|j|☆mgmasm
|j|☆ZhuaZi
|t:|1743918789
|gametype|singles
|player|p1|mgmasm|1|1106
|player|p2|ZhuaZi|266|1134
|teamsize|p1|6
|teamsize|p2|6
|gen|9
|tier|[Gen 9] OU
|rated|
|rule|HP Percentage Mod: HP is shown in percentages
|rule|Endless Battle Clause: Forcing endless battles is banned
|rule|Species Clause: Limit one of each Pokémon
|rule|OHKO Clause: OHKO moves are banned
|rule|Evasion Items Clause: Evasion items are banned
|rule|Evasion Moves Clause: Evasion moves are banned
|rule|Sleep Moves Clause: Sleep-inducing moves are banned
|clearpoke
|poke|p1|Registeel|
|poke|p1|Regirock|
|poke|p1|Regice|
|poke|p1|Zoroark-Hisui, M|
|poke|p1|Dragapult, M|
|poke|p1|Great Tusk|
|poke|p2|Dragapult, F|
|poke|p2|Gholdengo|
|poke|p2|Zamazenta-*|
|poke|p2|Skarmory, F|
|poke|p2|Chansey, F|
|poke|p2|Landorus-Therian, M|
|teampreview
|
|t:|1743918799
|start
|switch|p1a: Great Tusk|Great Tusk|100/100
|switch|p2a: Landorus|Landorus-Therian, M|100/100
|-ability|p2a: Landorus|Intimidate|boost
|-unboost|p1a: Great Tusk|atk|1
|turn|1
|
|t:|1743918811
|move|p1a: Great Tusk|Shadow Ball|p2a: Landorus
|-damage|p2a: Landorus|53/100
|move|p2a: Landorus|U-turn|p1a: Great Tusk
|-resisted|p1a: Great Tusk
|-damage|p1a: Great Tusk|70/100
|replace|p1a: Zoroark|Zoroark-Hisui, M
|-end|p1a: Zoroark|Illusion
|
|t:|1743918824
|switch|p2a: Chansey|Chansey, F|100/100|[from] U-turn
|
|upkeep
|turn|2
|
|t:|1743918832
|switch|p1a: Regirock|Regirock|100/100
|move|p2a: Chansey|Shadow Ball|p1a: Regirock
|-damage|p1a: Regirock|93/100
|
|upkeep
|turn|3
|
|t:|1743918841
|switch|p2a: Zamazenta|Zamazenta|100/100
|-ability|p2a: Zamazenta|Dauntless Shield|boost
|-boost|p2a: Zamazenta|def|1
|move|p1a: Regirock|Body Press|p2a: Zamazenta
|-damage|p2a: Zamazenta|82/100
|
|-heal|p2a: Zamazenta|88/100|[from] item: Leftovers
|upkeep
|turn|4
|
|t:|1743918863
|switch|p1a: Dragapult|Dragapult, M|100/100
|move|p2a: Zamazenta|Body Press|p1a: Dragapult
|-immune|p1a: Dragapult
|
|-heal|p2a: Zamazenta|94/100|[from] item: Leftovers
|upkeep
|turn|5
|
|t:|1743918890
|switch|p2a: Chansey|Chansey, F|100/100
|move|p1a: Dragapult|Draco Meteor|p2a: Chansey
|-damage|p2a: Chansey|81/100
|-unboost|p1a: Dragapult|spa|2
|
|upkeep
|turn|6
|
|t:|1743918906
|switch|p1a: Great Tusk|Great Tusk|100/100
|-enditem|p1a: Great Tusk|Booster Energy
|-activate|p1a: Great Tusk|ability: Protosynthesis|[fromitem]
|-start|p1a: Great Tusk|protosynthesisdef
|move|p2a: Chansey|Stealth Rock|p1a: Great Tusk
|-sidestart|p1: mgmasm|move: Stealth Rock
|
|upkeep
|turn|7
|
|t:|1743918915
|switch|p2a: Zamazenta|Zamazenta|94/100
|move|p1a: Great Tusk|Knock Off|p2a: Zamazenta
|-resisted|p2a: Zamazenta
|-damage|p2a: Zamazenta|85/100
|-enditem|p2a: Zamazenta|Leftovers|[from] move: Knock Off|[of] p1a: Great Tusk
|
|upkeep
|turn|8
|
|t:|1743918936
|switch|p2a: Gholdengo|Gholdengo|100/100
|-item|p2a: Gholdengo|Air Balloon
|move|p1a: Great Tusk|Rapid Spin|p2a: Gholdengo
|-immune|p2a: Gholdengo
|
|upkeep
|turn|9
|
|t:|1743918945
|move|p1a: Great Tusk|Knock Off|p2a: Gholdengo
|-supereffective|p2a: Gholdengo
|-damage|p2a: Gholdengo|40/100
|-enditem|p2a: Gholdengo|Air Balloon
|move|p2a: Gholdengo|Thunder Wave|p1a: Great Tusk
|-immune|p1a: Great Tusk
|
|upkeep
|turn|10
|
|t:|1743918954
|switch|p2a: Skarmory|Skarmory, F|100/100
|move|p1a: Great Tusk|Earthquake|p2a: Skarmory
|-immune|p2a: Skarmory
|
|upkeep
|turn|11
|
|t:|1743918972
|switch|p2a: Dragapult|Dragapult, F|100/100
|move|p1a: Great Tusk|Rapid Spin|p2a: Dragapult
|-immune|p2a: Dragapult
|
|upkeep
|turn|12
|
|t:|1743918983
|-terastallize|p1a: Great Tusk|Water
|move|p2a: Dragapult|Shadow Ball|p1a: Great Tusk
|-damage|p1a: Great Tusk|36/100
|-unboost|p1a: Great Tusk|spd|1
|move|p1a: Great Tusk|Knock Off|p2a: Dragapult
|-supereffective|p2a: Dragapult
|-damage|p2a: Dragapult|15/100
|-enditem|p2a: Dragapult|Choice Specs|[from] move: Knock Off|[of] p1a: Great Tusk
|
|upkeep
|turn|13
|
|t:|1743918997
|-end|p1a: Great Tusk|Protosynthesis|[silent]
|switch|p1a: Registeel|Registeel|100/100
|-damage|p1a: Registeel|94/100|[from] Stealth Rock
|move|p2a: Dragapult|Shadow Ball|p1a: Registeel
|-damage|p1a: Registeel|76/100
|
|-heal|p1a: Registeel|82/100|[from] item: Leftovers
|upkeep
|turn|14
|
|t:|1743919013
|switch|p2a: Zamazenta|Zamazenta|85/100
|move|p1a: Registeel|Stealth Rock|p2a: Zamazenta
|-sidestart|p2: ZhuaZi|move: Stealth Rock
|
|-heal|p1a: Registeel|88/100|[from] item: Leftovers
|upkeep
|turn|15
|
|t:|1743919020
|move|p1a: Registeel|Protect|p1a: Registeel
|-singleturn|p1a: Registeel|Protect
|move|p2a: Zamazenta|Crunch|p1a: Registeel
|-activate|p1a: Registeel|move: Protect
|
|-heal|p1a: Registeel|94/100|[from] item: Leftovers
|upkeep
|turn|16
|
|t:|1743919032
|switch|p2a: Dragapult|Dragapult, F|15/100
|-damage|p2a: Dragapult|3/100|[from] Stealth Rock
|move|p1a: Registeel|Thunder Wave|p2a: Dragapult
|-status|p2a: Dragapult|par
|
|-heal|p1a: Registeel|99/100|[from] item: Leftovers
|upkeep
|turn|17
|
|t:|1743919041
|cant|p2a: Dragapult|par
|move|p1a: Registeel|Iron Head|p2a: Dragapult
|-damage|p2a: Dragapult|0 fnt
|faint|p2a: Dragapult
|
|-heal|p1a: Registeel|100/100|[from] item: Leftovers
|upkeep
|
|t:|1743919049
|switch|p2a: Landorus|Landorus-Therian, M|53/100
|-damage|p2a: Landorus|40/100|[from] Stealth Rock
|-ability|p2a: Landorus|Intimidate|boost
|-fail|p1a: Registeel|unboost|[from] ability: Clear Body|[of] p1a: Registeel
|turn|18
|
|t:|1743919059
|move|p1a: Registeel|Protect|p1a: Registeel
|-singleturn|p1a: Registeel|Protect
|move|p2a: Landorus|Earthquake|p1a: Registeel
|-activate|p1a: Registeel|move: Protect
|
|upkeep
|turn|19
|
|t:|1743919066
|switch|p1a: Great Tusk|Great Tusk, tera:Water|36/100
|-damage|p1a: Great Tusk|23/100|[from] Stealth Rock
|move|p2a: Landorus|Earthquake|p1a: Great Tusk
|-damage|p1a: Great Tusk|0 fnt
|faint|p1a: Great Tusk
|-end|p1a: Great Tusk|Protosynthesis|[silent]
|
|upkeep
|
|t:|1743919074
|switch|p1a: Regice|Regice|100/100
|-damage|p1a: Regice|75/100|[from] Stealth Rock
|turn|20
|
|t:|1743919085
|switch|p2a: Chansey|Chansey, F|81/100
|-damage|p2a: Chansey|68/100|[from] Stealth Rock
|move|p1a: Regice|Ice Beam|p2a: Chansey
|-damage|p2a: Chansey|59/100
|-status|p2a: Chansey|frz
|
|upkeep
|turn|21
|
|t:|1743919096
|switch|p1a: Regirock|Regirock|93/100
|-damage|p1a: Regirock|80/100|[from] Stealth Rock
|cant|p2a: Chansey|frz
|
|upkeep
|turn|22
|
|t:|1743919110
|-curestatus|p2a: Chansey|frz|[from] ability: Natural Cure
|switch|p2a: Skarmory|Skarmory, F|100/100
|-damage|p2a: Skarmory|88/100|[from] Stealth Rock
|move|p1a: Regirock|Body Press|p2a: Skarmory
|-damage|p2a: Skarmory|65/100
|-damage|p1a: Regirock|64/100|[from] item: Rocky Helmet|[of] p2a: Skarmory
|
|upkeep
|turn|23
|
|t:|1743919120
|move|p2a: Skarmory|Spikes|p1a: Regirock
|-sidestart|p1: mgmasm|Spikes
|move|p1a: Regirock|Thunder Wave|p2a: Skarmory
|-status|p2a: Skarmory|par
|
|upkeep
|turn|24
|
|t:|1743919129
|move|p1a: Regirock|Earthquake|p2a: Skarmory
|-immune|p2a: Skarmory
|move|p2a: Skarmory|Roost|p2a: Skarmory
|-heal|p2a: Skarmory|100/100 par
|-singleturn|p2a: Skarmory|move: Roost
|
|upkeep
|turn|25
|
|t:|1743919136
|move|p1a: Regirock|Earthquake|p2a: Skarmory
|-immune|p2a: Skarmory
|cant|p2a: Skarmory|par
|
|upkeep
|turn|26
|
|t:|1743919145
|switch|p1a: Dragapult|Dragapult, M|100/100
|-damage|p1a: Dragapult|88/100|[from] Stealth Rock
|-damage|p1a: Dragapult|76/100|[from] Spikes
|move|p2a: Skarmory|Spikes|p1a: Dragapult
|-sidestart|p1: mgmasm|Spikes
|
|upkeep
|turn|27
|
|t:|1743919157
|switch|p2a: Zamazenta|Zamazenta|85/100
|-damage|p2a: Zamazenta|78/100|[from] Stealth Rock
|move|p1a: Dragapult|Shadow Ball|p2a: Zamazenta
|-damage|p2a: Zamazenta|32/100
|
|upkeep
|turn|28
|
|t:|1743919165
|switch|p2a: Chansey|Chansey, F|59/100
|-damage|p2a: Chansey|47/100|[from] Stealth Rock
|move|p1a: Dragapult|Shadow Ball|p2a: Chansey
|-immune|p2a: Chansey
|
|upkeep
|turn|29
|
|t:|1743919174
|switch|p1a: Registeel|Registeel|100/100
|-damage|p1a: Registeel|94/100|[from] Stealth Rock
|-damage|p1a: Registeel|78/100|[from] Spikes
|move|p2a: Chansey|Soft-Boiled|p2a: Chansey
|-heal|p2a: Chansey|97/100
|
|-heal|p1a: Registeel|84/100|[from] item: Leftovers
|upkeep
|turn|30
|
|t:|1743919192
|switch|p1a: Regirock|Regirock|70/100
|-damage|p1a: Regirock|58/100|[from] Stealth Rock
|-damage|p1a: Regirock|42/100|[from] Spikes
|move|p2a: Chansey|Seismic Toss|p1a: Regirock
|-immune|p1a: Regirock
|
|upkeep
|turn|31
|
|t:|1743919214
|switch|p2a: Skarmory|Skarmory, F|100/100 par
|-damage|p2a: Skarmory|88/100 par|[from] Stealth Rock
|move|p1a: Regirock|Flamethrower|p2a: Skarmory
|-supereffective|p2a: Skarmory
|-damage|p2a: Skarmory|4/100 par
|
|upkeep
|turn|32
|
|t:|1743919223
|move|p1a: Regirock|Flamethrower|p2a: Skarmory
|-supereffective|p2a: Skarmory
|-damage|p2a: Skarmory|0 fnt
|faint|p2a: Skarmory
|
|upkeep
|
|t:|1743919232
|switch|p2a: Zamazenta|Zamazenta|32/100
|-damage|p2a: Zamazenta|26/100|[from] Stealth Rock
|turn|33
|
|t:|1743919237
|move|p1a: Regirock|Flamethrower|p2a: Zamazenta
|-damage|p2a: Zamazenta|0 fnt
|faint|p2a: Zamazenta
|
|upkeep
|
|t:|1743919244
|switch|p2a: Landorus|Landorus-Therian, M|40/100
|-damage|p2a: Landorus|28/100|[from] Stealth Rock
|-ability|p2a: Landorus|Intimidate|boost
|-unboost|p1a: Regirock|atk|1
|turn|34
|
|t:|1743919258
|move|p1a: Regirock|Flamethrower|p2a: Landorus
|-damage|p2a: Landorus|0 fnt
|faint|p2a: Landorus
|
|upkeep
|
|t:|1743919265
|switch|p2a: Gholdengo|Gholdengo|40/100
|-damage|p2a: Gholdengo|34/100|[from] Stealth Rock
|turn|35
|
|t:|1743919272
|move|p1a: Regirock|Flamethrower|p2a: Gholdengo
|-supereffective|p2a: Gholdengo
|-damage|p2a: Gholdengo|0 fnt
|faint|p2a: Gholdengo
|
|upkeep
|
|t:|1743919278
|switch|p2a: Chansey|Chansey, F|97/100
|-damage|p2a: Chansey|84/100|[from] Stealth Rock
|turn|36
|
|t:|1743919282
|move|p1a: Regirock|Flamethrower|p2a: Chansey
|-damage|p2a: Chansey|78/100
|move|p2a: Chansey|Seismic Toss|p1a: Regirock
|-immune|p1a: Regirock
|
|upkeep
|turn|37
|
|t:|1743919318
|move|p1a: Regirock|Flamethrower|p2a: Chansey
|-crit|p2a: Chansey
|-damage|p2a: Chansey|68/100
|move|p2a: Chansey|Shadow Ball|p1a: Regirock
|-immune|p1a: Regirock
|
|upkeep
|turn|38
|c|☆ZhuaZi|?
|c|☆ZhuaZi|?
|c|☆ZhuaZi|why
|
|t:|1743919345
|move|p1a: Regirock|Flamethrower|p2a: Chansey
|-damage|p2a: Chansey|61/100
|move|p2a: Chansey|Seismic Toss|p1a: Regirock
|-immune|p1a: Regirock
|
|upkeep
|turn|39
|
|t:|1743919379
|-terastallize|p2a: Chansey|Normal
|move|p1a: Regirock|Flamethrower|p2a: Chansey
|-damage|p2a: Chansey|54/100
|move|p2a: Chansey|Seismic Toss|p1a: Regirock
|-immune|p1a: Regirock
|
|upkeep
|turn|40
|-message|ZhuaZi forfeited.
|
|win|mgmasm
|raw|mgmasm's rating: 1106 &rarr; <strong>1133</strong><br />(+27 for winning)
|raw|ZhuaZi's rating: 1134 &rarr; <strong>1107</strong><br />(-27 for losing)
|l|☆ZhuaZi
|player|p2|
|l|☆mgmasm
|player|p1|
