|j|☆Jerry Guapo
|j|☆Zachimations
|t:|1743933202
|gametype|singles
|player|p1|Jerry Guapo|170|1203
|player|p2|Zachimations|sordward|1238
|teamsize|p1|6
|teamsize|p2|6
|gen|9
|tier|[Gen 9] OU
|rated|
|rule|HP Percentage Mod: HP is shown in percentages
|rule|Endless Battle Clause: Forcing endless battles is banned
|rule|Species Clause: Limit one of each Pokémon
|rule|OHKO Clause: OHKO moves are banned
|rule|Evasion Items Clause: Evasion items are banned
|rule|Evasion Moves Clause: Evasion moves are banned
|rule|Sleep Moves Clause: Sleep-inducing moves are banned
|clearpoke
|poke|p1|Moltres|
|poke|p1|Clefable, M|
|poke|p1|Gliscor, M|
|poke|p1|Darkrai|
|poke|p1|Dragapult, F|
|poke|p1|Kingambit, F|
|poke|p2|Landorus-Therian, M|
|poke|p2|Dragapult, M|
|poke|p2|Ogerpon-Wellspring, F|
|poke|p2|Slowking-Galar, M|
|poke|p2|Kingambit, M|
|poke|p2|Raging Bolt|
|teampreview
|inactive|Battle timer is ON: inactive players will automatically lose when time's up. (requested by Zachimations)
|
|t:|1743933216
|start
|switch|p1a: Darkrai|Darkrai|100/100
|switch|p2a: Landoruchi Bonucci|Landorus-Therian, M|100/100
|-ability|p2a: Landoruchi Bonucci|Intimidate|boost
|-unboost|p1a: Darkrai|atk|1
|turn|1
|inactive|Zachimations has 120 seconds left.
|
|t:|1743933260
|switch|p2a: PawnHub Premium|Kingambit, M, shiny|100/100
|move|p1a: Darkrai|Ice Beam|p2a: PawnHub Premium
|-resisted|p2a: PawnHub Premium
|-damage|p2a: PawnHub Premium|84/100
|
|-heal|p2a: PawnHub Premium|90/100|[from] item: Leftovers
|upkeep
|turn|2
|
|t:|1743933267
|move|p1a: Darkrai|Will-O-Wisp|p2a: PawnHub Premium
|-status|p2a: PawnHub Premium|brn
|move|p2a: PawnHub Premium|Iron Head|p1a: Darkrai
|-crit|p1a: Darkrai
|-damage|p1a: Darkrai|52/100
|
|-heal|p2a: PawnHub Premium|96/100 brn|[from] item: Leftovers
|-damage|p2a: PawnHub Premium|90/100 brn|[from] brn
|upkeep
|turn|3
|inactive|Zachimations has 120 seconds left.
|
|t:|1743933276
|switch|p1a: Moltres|Moltres|100/100
|move|p2a: PawnHub Premium|Swords Dance|p2a: PawnHub Premium
|-boost|p2a: PawnHub Premium|atk|2
|
|-heal|p2a: PawnHub Premium|96/100 brn|[from] item: Leftovers
|-damage|p2a: PawnHub Premium|90/100 brn|[from] brn
|upkeep
|turn|4
|
|t:|1743933281
|move|p2a: PawnHub Premium|Sucker Punch||[still]
|-fail|p2a: PawnHub Premium
|move|p1a: Moltres|Roar|p2a: PawnHub Premium
|-end|p2a: PawnHub Premium|fallenundefined|[silent]
|drag|p2a: Hippolini Meeni|Slowking-Galar, M|100/100
|
|upkeep
|turn|5
|
|t:|1743933289
|move|p1a: Moltres|U-turn|p2a: Hippolini Meeni
|-damage|p2a: Hippolini Meeni|85/100
|
|t:|1743933301
|switch|p1a: Kingambit|Kingambit, F|100/100|[from] U-turn
|move|p2a: Hippolini Meeni|Future Sight|p1a: Kingambit
|-start|p2a: Hippolini Meeni|move: Future Sight
|
|upkeep
|turn|6
|
|t:|1743933323
|-end|p1a: Kingambit|fallenundefined|[silent]
|switch|p1a: Darkrai|Darkrai|52/100
|switch|p2a: Landoruchi Bonucci|Landorus-Therian, M|100/100
|-ability|p2a: Landoruchi Bonucci|Intimidate|boost
|-unboost|p1a: Darkrai|atk|1
|
|upkeep
|turn|7
|
|t:|1743933337
|switch|p2a: PawnHub Premium|Kingambit, M, shiny|90/100 brn
|move|p1a: Darkrai|Ice Beam|p2a: PawnHub Premium
|-resisted|p2a: PawnHub Premium
|-damage|p2a: PawnHub Premium|73/100 brn
|
|-end|p1a: Darkrai|move: Future Sight
|-immune|p1a: Darkrai
|-heal|p2a: PawnHub Premium|79/100 brn|[from] item: Leftovers
|-damage|p2a: PawnHub Premium|73/100 brn|[from] brn
|upkeep
|turn|8
|
|t:|1743933346
|switch|p1a: Moltres|Moltres|100/100
|-end|p2a: PawnHub Premium|fallenundefined|[silent]
|switch|p2a: Ogerponi Bastoni|Ogerpon-Wellspring, F|100/100
|
|upkeep
|turn|9
|
|t:|1743933357
|switch|p1a: Clefable|Clefable, M|100/100
|move|p2a: Ogerponi Bastoni|Ivy Cudgel|p1a: Clefable|[anim] Ivy Cudgel Water
|-crit|p1a: Clefable
|-damage|p1a: Clefable|29/100
|
|-heal|p1a: Clefable|36/100|[from] item: Leftovers
|upkeep
|turn|10
|
|t:|1743933367
|switch|p1a: Dragapult|Dragapult, F|100/100
|move|p2a: Ogerponi Bastoni|Ivy Cudgel|p1a: Dragapult|[anim] Ivy Cudgel Water
|-resisted|p1a: Dragapult
|-damage|p1a: Dragapult|62/100
|
|upkeep
|turn|11
|
|t:|1743933377
|switch|p2a: PawnHub Premium|Kingambit, M, shiny|73/100 brn
|move|p1a: Dragapult|Will-O-Wisp|p2a: PawnHub Premium
|-fail|p2a: PawnHub Premium|brn
|
|-heal|p2a: PawnHub Premium|79/100 brn|[from] item: Leftovers
|-damage|p2a: PawnHub Premium|73/100 brn|[from] brn
|upkeep
|turn|12
|
|t:|1743933390
|switch|p1a: Gliscor|Gliscor, M|100/100
|move|p2a: PawnHub Premium|Kowtow Cleave|p1a: Gliscor
|-damage|p1a: Gliscor|79/100
|
|-heal|p2a: PawnHub Premium|79/100 brn|[from] item: Leftovers
|-damage|p2a: PawnHub Premium|73/100 brn|[from] brn
|-status|p1a: Gliscor|tox|[from] item: Toxic Orb
|upkeep
|turn|13
|
|t:|1743933402
|-end|p2a: PawnHub Premium|fallenundefined|[silent]
|switch|p2a: Landoruchi Bonucci|Landorus-Therian, M|100/100
|-ability|p2a: Landoruchi Bonucci|Intimidate|boost
|-unboost|p1a: Gliscor|atk|1
|move|p1a: Gliscor|Knock Off|p2a: Landoruchi Bonucci
|-damage|p2a: Landoruchi Bonucci|84/100
|-damage|p1a: Gliscor|63/100 tox|[from] item: Rocky Helmet|[of] p2a: Landoruchi Bonucci
|-enditem|p2a: Landoruchi Bonucci|Rocky Helmet|[from] move: Knock Off|[of] p1a: Gliscor
|
|-heal|p1a: Gliscor|75/100 tox|[from] ability: Poison Heal
|upkeep
|turn|14
|
|t:|1743933412
|move|p2a: Landoruchi Bonucci|Stealth Rock|p1a: Gliscor
|-sidestart|p1: Jerry Guapo|move: Stealth Rock
|move|p1a: Gliscor|Spikes|p2a: Landoruchi Bonucci
|-sidestart|p2: Zachimations|Spikes
|
|-heal|p1a: Gliscor|88/100 tox|[from] ability: Poison Heal
|upkeep
|turn|15
|
|t:|1743933418
|move|p2a: Landoruchi Bonucci|Taunt|p1a: Gliscor
|-start|p1a: Gliscor|move: Taunt
|cant|p1a: Gliscor|move: Taunt|Spikes
|
|-heal|p1a: Gliscor|99/100 tox|[from] ability: Poison Heal
|upkeep
|turn|16
|
|t:|1743933423
|move|p2a: Landoruchi Bonucci|U-turn|p1a: Gliscor
|-resisted|p1a: Gliscor
|-damage|p1a: Gliscor|90/100 tox
|
|t:|1743933430
|switch|p2a: Ogerponi Bastoni|Ogerpon-Wellspring, F|100/100|[from] U-turn
|-damage|p2a: Ogerponi Bastoni|88/100|[from] Spikes
|move|p1a: Gliscor|Knock Off|p2a: Ogerponi Bastoni
|-damage|p2a: Ogerponi Bastoni|75/100
|
|-heal|p1a: Gliscor|100/100 tox|[from] ability: Poison Heal
|upkeep
|turn|17
|
|t:|1743933438
|switch|p1a: Clefable|Clefable, M|36/100
|move|p2a: Ogerponi Bastoni|Ivy Cudgel|p1a: Clefable|[anim] Ivy Cudgel Water
|-crit|p1a: Clefable
|-damage|p1a: Clefable|0 fnt
|faint|p1a: Clefable
|
|upkeep
|
|t:|1743933447
|switch|p1a: Darkrai|Darkrai|52/100
|turn|18
|
|t:|1743933466
|switch|p1a: Moltres|Moltres|100/100
|switch|p2a: PawnHub Premium|Kingambit, M, shiny|73/100 brn
|-damage|p2a: PawnHub Premium|60/100 brn|[from] Spikes
|
|-heal|p2a: PawnHub Premium|66/100 brn|[from] item: Leftovers
|-damage|p2a: PawnHub Premium|60/100 brn|[from] brn
|upkeep
|turn|19
|
|t:|1743933477
|-end|p2a: PawnHub Premium|fallenundefined|[silent]
|switch|p2a: Landoruchi Bonucci|Landorus-Therian, M|84/100
|-ability|p2a: Landoruchi Bonucci|Intimidate|boost
|-unboost|p1a: Moltres|atk|1
|move|p1a: Moltres|Flamethrower|p2a: Landoruchi Bonucci
|-damage|p2a: Landoruchi Bonucci|34/100
|
|upkeep
|turn|20
|
|t:|1743933487
|move|p2a: Landoruchi Bonucci|U-turn|p1a: Moltres
|-resisted|p1a: Moltres
|-damage|p1a: Moltres|94/100
|-status|p2a: Landoruchi Bonucci|brn|[from] ability: Flame Body|[of] p1a: Moltres
|
|t:|1743933493
|switch|p2a: Ogerponi Bastoni|Ogerpon-Wellspring, F|75/100|[from] U-turn
|-damage|p2a: Ogerponi Bastoni|62/100|[from] Spikes
|move|p1a: Moltres|Flamethrower|p2a: Ogerponi Bastoni
|-damage|p2a: Ogerponi Bastoni|19/100
|
|upkeep
|turn|21
|
|t:|1743933508
|-terastallize|p1a: Moltres|Fairy
|move|p2a: Ogerponi Bastoni|Knock Off|p1a: Moltres
|-resisted|p1a: Moltres
|-damage|p1a: Moltres|75/100
|-enditem|p1a: Moltres|Heavy-Duty Boots|[from] move: Knock Off|[of] p2a: Ogerponi Bastoni
|move|p1a: Moltres|U-turn|p2a: Ogerponi Bastoni
|-supereffective|p2a: Ogerponi Bastoni
|-damage|p2a: Ogerponi Bastoni|0 fnt
|faint|p2a: Ogerponi Bastoni
|inactive|Jerry Guapo has 120 seconds left.
|
|t:|1743933534
|switch|p1a: Gliscor|Gliscor, M|100/100 tox|[from] U-turn
|-damage|p1a: Gliscor|88/100 tox|[from] Stealth Rock
|
|-heal|p1a: Gliscor|100/100 tox|[from] ability: Poison Heal
|upkeep
|
|t:|1743933544
|switch|p2a: Imagine Dragon|Dragapult, M|100/100
|-damage|p2a: Imagine Dragon|88/100|[from] Spikes
|turn|22
|
|t:|1743933550
|move|p2a: Imagine Dragon|U-turn|p1a: Gliscor
|-resisted|p1a: Gliscor
|-damage|p1a: Gliscor|94/100 tox
|
|t:|1743933555
|switch|p2a: Hippolini Meeni|Slowking-Galar, M|100/100|[from] U-turn
|move|p1a: Gliscor|Toxic|p2a: Hippolini Meeni
|-immune|p2a: Hippolini Meeni
|
|-heal|p1a: Gliscor|100/100 tox|[from] ability: Poison Heal
|upkeep
|turn|23
|
|t:|1743933558
|move|p1a: Gliscor|Knock Off|p2a: Hippolini Meeni
|-supereffective|p2a: Hippolini Meeni
|-damage|p2a: Hippolini Meeni|59/100
|-enditem|p2a: Hippolini Meeni|Heavy-Duty Boots|[from] move: Knock Off|[of] p1a: Gliscor
|move|p2a: Hippolini Meeni|Future Sight|p1a: Gliscor
|-start|p2a: Hippolini Meeni|move: Future Sight
|
|upkeep
|turn|24
|
|t:|1743933565
|move|p1a: Gliscor|Spikes|p2a: Hippolini Meeni
|-sidestart|p2: Zachimations|Spikes
|-prepare|p2a: Hippolini Meeni|Chilly Reception|[premajor]
|move|p2a: Hippolini Meeni|Chilly Reception|p2a: Hippolini Meeni
|-weather|Snowscape
|
|t:|1743933574
|switch|p2a: Imagine Dragon|Dragapult, M|88/100|[from] Chilly Reception
|-damage|p2a: Imagine Dragon|72/100|[from] Spikes
|
|-weather|Snowscape|[upkeep]
|upkeep
|turn|25
|
|t:|1743933587
|switch|p1a: Kingambit|Kingambit, F|100/100
|-damage|p1a: Kingambit|94/100|[from] Stealth Rock
|-activate|p1a: Kingambit|ability: Supreme Overlord
|-start|p1a: Kingambit|fallen1|[silent]
|move|p2a: Imagine Dragon|Shadow Ball|p1a: Kingambit
|-resisted|p1a: Kingambit
|-damage|p1a: Kingambit|64/100
|
|-weather|Snowscape|[upkeep]
|-end|p1a: Kingambit|move: Future Sight
|-immune|p1a: Kingambit
|-heal|p1a: Kingambit|71/100|[from] item: Leftovers
|upkeep
|turn|26
|
|t:|1743933603
|switch|p2a: Landoruchi Bonucci|Landorus-Therian, M|34/100 brn
|-ability|p2a: Landoruchi Bonucci|Intimidate|boost
|-unboost|p1a: Kingambit|atk|1
|move|p1a: Kingambit|Kowtow Cleave|p2a: Landoruchi Bonucci
|-damage|p2a: Landoruchi Bonucci|0 fnt
|faint|p2a: Landoruchi Bonucci
|
|-weather|Snowscape|[upkeep]
|-heal|p1a: Kingambit|77/100|[from] item: Leftovers
|upkeep
|
|t:|1743933611
|switch|p2a: Imagine Dragon|Dragapult, M|72/100
|-damage|p2a: Imagine Dragon|55/100|[from] Spikes
|turn|27
|
|t:|1743933614
|move|p1a: Kingambit|Sucker Punch|p2a: Imagine Dragon
|-supereffective|p2a: Imagine Dragon
|-damage|p2a: Imagine Dragon|0 fnt
|faint|p2a: Imagine Dragon
|
|-weather|Snowscape|[upkeep]
|-heal|p1a: Kingambit|83/100|[from] item: Leftovers
|upkeep
|-message|Zachimations forfeited.
|
|win|Jerry Guapo
|raw|Jerry Guapo's rating: 1203 &rarr; <strong>1231</strong><br />(+28 for winning)
|raw|Zachimations's rating: 1238 &rarr; <strong>1210</strong><br />(-28 for losing)
|l|☆Zachimations
|player|p2|
