|j|☆GOAT im_M0rtal.
|j|☆a very bad gamer
|t:|1743928181
|gametype|singles
|player|p1|GOAT im_M0rtal.|nate-pokestar3|1563
|player|p2|a very bad gamer|170|1578
|teamsize|p1|6
|teamsize|p2|6
|gen|9
|tier|[Gen 9] OU
|rated|
|rule|HP Percentage Mod: HP is shown in percentages
|rule|Endless Battle Clause: Forcing endless battles is banned
|rule|Species Clause: Limit one of each Pokémon
|rule|OHKO Clause: OHKO moves are banned
|rule|Evasion Items Clause: Evasion items are banned
|rule|Evasion Moves Clause: Evasion moves are banned
|rule|Sleep Moves Clause: Sleep-inducing moves are banned
|clearpoke
|poke|p1|Glimmora, M|
|poke|p1|Dragapult, M|
|poke|p1|Kingambit, M|
|poke|p1|Ogerpon-Wellspring, F|
|poke|p1|Great Tusk|
|poke|p1|Enamorus, F|
|poke|p2|Great Tusk|
|poke|p2|Zapdos|
|poke|p2|Meowscarada, F|
|poke|p2|Kingambit, F|
|poke|p2|Dragapult, F|
|poke|p2|Clefable, F|
|teampreview
|inactive|Battle timer is ON: inactive players will automatically lose when time's up. (requested by a very bad gamer)
|
|t:|1743928187
|start
|switch|p1a: Glimmora|Glimmora, M|100/100
|switch|p2a: Meowscarada|Meowscarada, F|100/100
|turn|1
|
|t:|1743928200
|move|p2a: Meowscarada|Triple Axel|p1a: Glimmora|[miss]
|-start|p2a: Meowscarada|typechange|Ice|[from] ability: Protean
|-miss|p2a: Meowscarada|p1a: Glimmora
|move|p1a: Glimmora|Stealth Rock|p2a: Meowscarada
|-sidestart|p2: a very bad gamer|move: Stealth Rock
|
|upkeep
|turn|2
|
|t:|1743928203
|move|p2a: Meowscarada|Triple Axel|p1a: Glimmora
|-damage|p1a: Glimmora|83/100
|-activate|p1a: Glimmora|ability: Toxic Debris
|-sidestart|p2: a very bad gamer|move: Toxic Spikes
|-damage|p1a: Glimmora|49/100
|-activate|p1a: Glimmora|ability: Toxic Debris
|-sidestart|p2: a very bad gamer|move: Toxic Spikes
|-damage|p1a: Glimmora|0 fnt
|faint|p1a: Glimmora
|-hitcount|p1: Glimmora|3
|
|upkeep
|
|t:|1743928224
|switch|p1a: Ogerpon|Ogerpon-Wellspring, F|100/100
|turn|3
|
|t:|1743928247
|switch|p1a: Kingambit|Kingambit, M|100/100
|-activate|p1a: Kingambit|ability: Supreme Overlord
|-start|p1a: Kingambit|fallen1|[silent]
|move|p2a: Meowscarada|Triple Axel|p1a: Kingambit|[miss]
|-miss|p2a: Meowscarada|p1a: Kingambit
|
|upkeep
|turn|4
|inactive|a very bad gamer has 120 seconds left.
|inactive|a very bad gamer has 90 seconds left.
|
|t:|1743928298
|switch|p2a: Great Tusk|Great Tusk|100/100
|-end|p1a: Kingambit|fallen1|[silent]
|switch|p1a: Ogerpon|Ogerpon-Wellspring, F|100/100
|
|upkeep
|turn|5
|inactive|a very bad gamer has 90 seconds left.
|
|t:|1743928310
|-end|p2a: Great Tusk|Protosynthesis|[silent]
|switch|p2a: Zapdos|Zapdos|100/100
|move|p1a: Ogerpon|Power Whip|p2a: Zapdos
|-resisted|p2a: Zapdos
|-damage|p2a: Zapdos|67/100
|
|upkeep
|turn|6
|
|t:|1743928319
|move|p1a: Ogerpon|Swords Dance|p1a: Ogerpon
|-boost|p1a: Ogerpon|atk|2
|move|p2a: Zapdos|Hurricane|p1a: Ogerpon
|-supereffective|p1a: Ogerpon
|-damage|p1a: Ogerpon|0 fnt
|faint|p1a: Ogerpon
|
|upkeep
|
|t:|1743928329
|switch|p1a: Dragapult|Dragapult, M|100/100
|turn|7
|
|t:|1743928334
|switch|p2a: Clefable|Clefable, F|100/100
|-status|p2a: Clefable|tox
|move|p1a: Dragapult|Dragon Dance|p1a: Dragapult
|-boost|p1a: Dragapult|atk|1
|-boost|p1a: Dragapult|spe|1
|
|upkeep
|turn|8
|
|t:|1743928340
|move|p1a: Dragapult|Phantom Force||[still]
|-prepare|p1a: Dragapult|Phantom Force
|move|p2a: Clefable|Moonblast|p1a: Dragapult|[miss]
|-miss|p2a: Clefable|p1a: Dragapult
|
|upkeep
|turn|9
|
|t:|1743928349
|move|p1a: Dragapult|Phantom Force|p2a: Clefable|[from] lockedmove
|-damage|p2a: Clefable|29/100 tox
|move|p2a: Clefable|Stealth Rock|p1a: Dragapult
|-sidestart|p1: GOAT im_M0rtal.|move: Stealth Rock
|
|-heal|p2a: Clefable|36/100 tox|[from] item: Leftovers
|upkeep
|turn|10
|
|t:|1743928357
|move|p1a: Dragapult|Phantom Force||[still]
|-prepare|p1a: Dragapult|Phantom Force
|move|p2a: Clefable|Moonblast|p1a: Dragapult|[miss]
|-miss|p2a: Clefable|p1a: Dragapult
|
|-heal|p2a: Clefable|42/100 tox|[from] item: Leftovers
|upkeep
|turn|11
|
|t:|1743928361
|move|p1a: Dragapult|Phantom Force|p2a: Clefable|[from] lockedmove
|-damage|p2a: Clefable|0 fnt
|faint|p2a: Clefable
|
|upkeep
|
|t:|1743928367
|switch|p2a: Kingambit|Kingambit, F|100/100
|-damage|p2a: Kingambit|94/100|[from] Stealth Rock
|-activate|p2a: Kingambit|ability: Supreme Overlord
|-start|p2a: Kingambit|fallen1|[silent]
|-item|p2a: Kingambit|Air Balloon
|turn|12
|
|t:|1743928372
|-terastallize|p1a: Dragapult|Fighting
|move|p1a: Dragapult|Tera Blast|p2a: Kingambit|[anim] Tera Blast Fighting
|-supereffective|p2a: Kingambit
|-damage|p2a: Kingambit|0 fnt
|-enditem|p2a: Kingambit|Air Balloon
|faint|p2a: Kingambit
|-end|p2a: Kingambit|fallen1|[silent]
|
|upkeep
|
|t:|1743928379
|switch|p2a: Great Tusk|Great Tusk|100/100
|turn|13
|
|t:|1743928383
|move|p1a: Dragapult|Dragon Darts|p2a: Great Tusk
|-damage|p2a: Great Tusk|70/100
|-anim|p1a: Dragapult|Dragon Darts|p2a: Great Tusk
|-damage|p2a: Great Tusk|39/100
|move|p2a: Great Tusk|Headlong Rush|p1a: Dragapult
|-damage|p1a: Dragapult|14/100
|-unboost|p2a: Great Tusk|def|1
|-unboost|p2a: Great Tusk|spd|1
|
|upkeep
|turn|14
|
|t:|1743928390
|move|p1a: Dragapult|Dragon Darts|p2a: Great Tusk
|-damage|p2a: Great Tusk|0 fnt
|faint|p2a: Great Tusk
|-end|p2a: Great Tusk|Protosynthesis|[silent]
|
|upkeep
|
|t:|1743928393
|switch|p2a: Zapdos|Zapdos|67/100
|turn|15
|
|t:|1743928395
|move|p1a: Dragapult|Dragon Darts|p2a: Zapdos
|-damage|p2a: Zapdos|27/100
|-anim|p1a: Dragapult|Dragon Darts|p2a: Zapdos
|-damage|p2a: Zapdos|0 fnt
|faint|p2a: Zapdos
|
|upkeep
|-message|a very bad gamer forfeited.
|
|win|GOAT im_M0rtal.
|raw|GOAT im_M0rtal.'s rating: 1563 &rarr; <strong>1584</strong><br />(+21 for winning)
|raw|a very bad gamer's rating: 1578 &rarr; <strong>1557</strong><br />(-21 for losing)
|c|☆GOAT im_M0rtal.|gg
|l|☆a very bad gamer
|player|p2|
|l|☆GOAT im_M0rtal.
|player|p1|
