|j|☆kikyuu0800
|j|☆dxiong
|t:|1743926949
|gametype|singles
|player|p1|kikyuu0800|skyla|1232
|player|p2|dxiong|cynthia-gen4|1264
|teamsize|p1|6
|teamsize|p2|6
|gen|9
|tier|[Gen 9] OU
|rated|
|rule|HP Percentage Mod: HP is shown in percentages
|rule|Endless Battle Clause: Forcing endless battles is banned
|rule|Species Clause: Limit one of each Pokémon
|rule|OHKO Clause: OHKO moves are banned
|rule|Evasion Items Clause: Evasion items are banned
|rule|Evasion Moves Clause: Evasion moves are banned
|rule|Sleep Moves Clause: Sleep-inducing moves are banned
|clearpoke
|poke|p1|Breloom, F|
|poke|p1|Ribombee, F|
|poke|p1|Ogerpon, F|
|poke|p1|Gholdengo|
|poke|p1|Great Tusk|
|poke|p1|Raging Bolt|
|poke|p2|Ogerpon-Wellspring, F|
|poke|p2|Landorus-Therian, M|
|poke|p2|Ceruledge, M|
|poke|p2|Raging Bolt|
|poke|p2|Torkoal, F|
|poke|p2|Maushold|
|teampreview
|inactive|Battle timer is ON: inactive players will automatically lose when time's up. (requested by kikyuu0800)
|
|t:|1743926955
|start
|switch|p1a: Breloom|Breloom, F|100/100
|switch|p2a: Maushold|Maushold|100/100
|turn|1
|
|t:|1743926973
|move|p2a: Maushold|Taunt|p1a: Breloom
|-start|p1a: Breloom|move: Taunt
|cant|p1a: Breloom|move: Taunt|Swords Dance
|
|upkeep
|turn|2
|
|t:|1743926983
|move|p1a: Breloom|Mach Punch|p2a: Maushold
|-supereffective|p2a: Maushold
|-damage|p2a: Maushold|1/100
|move|p2a: Maushold|Thunder Wave|p1a: Breloom
|-status|p1a: Breloom|par
|
|upkeep
|turn|3
|
|t:|1743926992
|move|p1a: Breloom|Mach Punch|p2a: Maushold
|-supereffective|p2a: Maushold
|-damage|p2a: Maushold|0 fnt
|faint|p2a: Maushold
|
|-end|p1a: Breloom|move: Taunt
|upkeep
|
|t:|1743926994
|switch|p2a: Ceruledge|Ceruledge, M|100/100
|turn|4
|
|t:|1743927005
|switch|p1a: Raging Bolt|Raging Bolt|100/100
|-enditem|p1a: Raging Bolt|Booster Energy
|-activate|p1a: Raging Bolt|ability: Protosynthesis|[fromitem]
|-start|p1a: Raging Bolt|protosynthesisspa
|move|p2a: Ceruledge|Swords Dance|p2a: Ceruledge
|-boost|p2a: Ceruledge|atk|2
|
|upkeep
|turn|5
|
|t:|1743927017
|move|p2a: Ceruledge|Poltergeist||[still]
|-fail|p2a: Ceruledge
|move|p1a: Raging Bolt|Thunderbolt|p2a: Ceruledge
|-damage|p2a: Ceruledge|19/100
|
|upkeep
|turn|6
|
|t:|1743927027
|move|p2a: Ceruledge|Bitter Blade|p1a: Raging Bolt
|-resisted|p1a: Raging Bolt
|-damage|p1a: Raging Bolt|53/100
|-heal|p2a: Ceruledge|56/100|[from] drain|[of] p1a: Raging Bolt
|-damage|p2a: Ceruledge|46/100|[from] item: Life Orb
|move|p1a: Raging Bolt|Tera Blast|p2a: Ceruledge
|-immune|p2a: Ceruledge
|
|upkeep
|turn|7
|
|t:|1743927040
|move|p2a: Ceruledge|Shadow Sneak|p1a: Raging Bolt
|-damage|p1a: Raging Bolt|7/100
|-damage|p2a: Ceruledge|36/100|[from] item: Life Orb
|move|p1a: Raging Bolt|Thunderclap||[still]
|-fail|p1a: Raging Bolt
|
|upkeep
|turn|8
|-message|kikyuu0800 forfeited.
|
|win|dxiong
|raw|kikyuu0800's rating: 1232 &rarr; <strong>1209</strong><br />(-23 for losing)
|raw|dxiong's rating: 1264 &rarr; <strong>1287</strong><br />(+23 for winning)
|l|☆kikyuu0800
|player|p1|
|l|☆dxiong
|player|p2|
