|j|☆moi23
|j|☆abgtpp
|t:|1743929318
|gametype|singles
|player|p1|moi23|winona|1094
|player|p2|abgtpp|1|1118
|teamsize|p1|6
|teamsize|p2|6
|gen|9
|tier|[Gen 9] OU
|rated|
|rule|HP Percentage Mod: HP is shown in percentages
|rule|Endless Battle Clause: Forcing endless battles is banned
|rule|Species Clause: Limit one of each Pokémon
|rule|OHKO Clause: OHKO moves are banned
|rule|Evasion Items Clause: Evasion items are banned
|rule|Evasion Moves Clause: Evasion moves are banned
|rule|Sleep Moves Clause: Sleep-inducing moves are banned
|clearpoke
|poke|p1|Slowking-Galar, F|
|poke|p1|Heatran, M|
|poke|p1|Clodsire, M|
|poke|p1|Pelipper, M|
|poke|p1|Mismagius, F|
|poke|p1|Meowscarada, F|
|poke|p2|Enamorus, F|
|poke|p2|Ninetales-Alola, M|
|poke|p2|Maushold-Four|
|poke|p2|Gholdengo|
|poke|p2|Weezing-Galar, M|
|poke|p2|Clodsire, F|
|teampreview
|
|t:|1743929330
|start
|switch|p1a: Heatran|Heatran, M|100/100
|switch|p2a: Ninetales|Ninetales-Alola, M|100/100
|-weather|Snowscape|[from] ability: Snow Warning|[of] p2a: Ninetales
|turn|1
|
|t:|1743929342
|switch|p2a: Clodsire|Clodsire, F|100/100
|-item|p2a: Clodsire|Air Balloon
|move|p1a: Heatran|Flash Cannon|p2a: Clodsire
|-damage|p2a: Clodsire|77/100
|-enditem|p2a: Clodsire|Air Balloon
|
|-weather|Snowscape|[upkeep]
|upkeep
|turn|2
|
|t:|1743929358
|switch|p1a: Pelipper|Pelipper, M|100/100
|-weather|RainDance|[from] ability: Drizzle|[of] p1a: Pelipper
|move|p2a: Clodsire|Protect||[still]
|-fail|p2a: Clodsire
|
|-weather|RainDance|[upkeep]
|upkeep
|turn|3
|
|t:|1743929366
|switch|p2a: Ninetales|Ninetales-Alola, M|100/100
|-weather|Snowscape|[from] ability: Snow Warning|[of] p2a: Ninetales
|move|p1a: Pelipper|Weather Ball|p2a: Ninetales
|-resisted|p2a: Ninetales
|-damage|p2a: Ninetales|87/100
|
|-weather|Snowscape|[upkeep]
|upkeep
|turn|4
|
|t:|1743929379
|move|p2a: Ninetales|Freeze-Dry|p1a: Pelipper
|-supereffective|p1a: Pelipper
|-damage|p1a: Pelipper|0 fnt
|faint|p1a: Pelipper
|
|-weather|Snowscape|[upkeep]
|upkeep
|
|t:|1743929385
|switch|p1a: Heatran|Heatran, M|100/100
|turn|5
|
|t:|1743929394
|switch|p2a: Clodsire|Clodsire, F|77/100
|move|p1a: Heatran|Flash Cannon|p2a: Clodsire
|-damage|p2a: Clodsire|53/100
|
|-weather|Snowscape|[upkeep]
|upkeep
|turn|6
|
|t:|1743929416
|switch|p1a: Mismagius|Mismagius, F|100/100
|move|p2a: Clodsire|Earthquake|p1a: Mismagius
|-immune|p1a: Mismagius|[from] ability: Levitate
|
|-weather|Snowscape|[upkeep]
|upkeep
|turn|7
|
|t:|1743929430
|move|p1a: Mismagius|Psychic|p2a: Clodsire
|-supereffective|p2a: Clodsire
|-damage|p2a: Clodsire|0 fnt
|faint|p2a: Clodsire
|
|-weather|none
|upkeep
|
|t:|1743929439
|switch|p2a: Gholdengo|Gholdengo|100/100
|turn|8
|
|t:|1743929447
|switch|p1a: Heatran|Heatran, M|100/100
|move|p2a: Gholdengo|Hex|p1a: Heatran
|-damage|p1a: Heatran|75/100
|
|-heal|p1a: Heatran|82/100|[from] item: Leftovers
|upkeep
|turn|9
|
|t:|1743929470
|switch|p2a: Ninetales|Ninetales-Alola, M|87/100
|-weather|Snowscape|[from] ability: Snow Warning|[of] p2a: Ninetales
|move|p1a: Heatran|Lava Plume|p2a: Ninetales
|-supereffective|p2a: Ninetales
|-damage|p2a: Ninetales|0 fnt
|faint|p2a: Ninetales
|
|-weather|Snowscape|[upkeep]
|-heal|p1a: Heatran|88/100|[from] item: Leftovers
|upkeep
|
|t:|1743929482
|switch|p2a: 粉红推土机|Enamorus, F, shiny|100/100
|turn|10
|
|t:|1743929488
|-terastallize|p2a: 粉红推土机|Stellar
|move|p2a: 粉红推土机|Earth Power|p1a: Heatran
|-supereffective|p1a: Heatran
|-damage|p1a: Heatran|0 fnt
|faint|p1a: Heatran
|
|-weather|Snowscape|[upkeep]
|upkeep
|
|t:|1743929501
|switch|p1a: Slowking|Slowking-Galar, F|100/100
|turn|11
|
|t:|1743929513
|-terastallize|p1a: Slowking|Flying
|move|p2a: 粉红推土机|Tera Blast|p1a: Slowking|[anim] Tera Blast Stellar
|-supereffective|p1a: Slowking
|-damage|p1a: Slowking|46/100
|-boost|p2a: 粉红推土机|atk|1
|-boost|p2a: 粉红推土机|spa|1
|move|p1a: Slowking|Future Sight|p2a: 粉红推土机
|-start|p1a: Slowking|move: Future Sight
|
|-weather|Snowscape|[upkeep]
|upkeep
|turn|12
|
|t:|1743929532
|switch|p1a: Clodsire|Clodsire, M|100/100
|move|p2a: 粉红推土机|Tera Blast|p1a: Clodsire|[anim] Tera Blast Stellar
|-damage|p1a: Clodsire|70/100
|-boost|p2a: 粉红推土机|atk|1
|-boost|p2a: 粉红推土机|spa|1
|
|-weather|Snowscape|[upkeep]
|-heal|p1a: Clodsire|77/100|[from] item: Leftovers
|upkeep
|turn|13
|
|t:|1743929545
|move|p2a: 粉红推土机|Earth Power|p1a: Clodsire
|-supereffective|p1a: Clodsire
|-damage|p1a: Clodsire|4/100
|move|p1a: Clodsire|Toxic|p2a: 粉红推土机
|-status|p2a: 粉红推土机|tox
|
|-weather|none
|-end|p2a: 粉红推土机|move: Future Sight
|-damage|p2a: 粉红推土机|7/100 tox
|-heal|p1a: Clodsire|10/100|[from] item: Leftovers
|-damage|p2a: 粉红推土机|1/100 tox|[from] psn
|upkeep
|turn|14
|
|t:|1743929558
|move|p1a: Clodsire|Protect|p1a: Clodsire
|-singleturn|p1a: Clodsire|Protect
|move|p2a: 粉红推土机|Tera Blast|p1a: Clodsire|[anim] Tera Blast Stellar
|-activate|p1a: Clodsire|move: Protect
|
|-heal|p1a: Clodsire|16/100|[from] item: Leftovers
|-damage|p2a: 粉红推土机|0 fnt|[from] psn
|faint|p2a: 粉红推土机
|upkeep
|
|t:|1743929581
|switch|p2a: Gholdengo|Gholdengo|100/100
|turn|15
|
|t:|1743929587
|move|p2a: Gholdengo|Hex|p1a: Clodsire
|-damage|p1a: Clodsire|0 fnt
|faint|p1a: Clodsire
|
|upkeep
|
|t:|1743929593
|switch|p1a: Meowscarada|Meowscarada, F|100/100
|turn|16
|
|t:|1743929599
|move|p1a: Meowscarada|Knock Off|p2a: Gholdengo
|-start|p1a: Meowscarada|typechange|Dark|[from] ability: Protean
|-supereffective|p2a: Gholdengo
|-damage|p2a: Gholdengo|0 fnt
|-enditem|p2a: Gholdengo|White Herb|[from] move: Knock Off|[of] p1a: Meowscarada
|faint|p2a: Gholdengo
|
|upkeep
|-message|abgtpp forfeited.
|
|win|moi23
|raw|moi23's rating: 1094 &rarr; <strong>1122</strong><br />(+28 for winning)
|raw|abgtpp's rating: 1118 &rarr; <strong>1091</strong><br />(-27 for losing)
|l|☆abgtpp
|player|p2|
|l|☆moi23
|player|p1|
