|j|☆chaheed
|j|☆cococrispies
|t:|1743919047
|gametype|singles
|player|p1|chaheed|ninjaboy|1707
|player|p2|cococrispies|n|1674
|teamsize|p1|6
|teamsize|p2|6
|gen|9
|tier|[Gen 9] OU
|rated|
|rule|HP Percentage Mod: HP is shown in percentages
|rule|Endless Battle Clause: Forcing endless battles is banned
|rule|Species Clause: Limit one of each Pokémon
|rule|OHKO Clause: OHKO moves are banned
|rule|Evasion Items Clause: Evasion items are banned
|rule|Evasion Moves Clause: Evasion moves are banned
|rule|Sleep Moves Clause: Sleep-inducing moves are banned
|clearpoke
|poke|p1|Dragonite, F|
|poke|p1|Dragapult, F|
|poke|p1|Iron Moth|
|poke|p1|Greninja-*, M|
|poke|p1|Serperior, M|
|poke|p1|Iron Treads|
|poke|p2|Zamazenta-*|
|poke|p2|Great Tusk|
|poke|p2|Moltres|
|poke|p2|Kyurem|
|poke|p2|Iron Valiant|
|poke|p2|Alomomola, F|
|teampreview
|inactive|Battle timer is ON: inactive players will automatically lose when time's up. (requested by chaheed)
|
|t:|1743919063
|start
|switch|p1a: Dragapult|Dragapult, F|100/100
|switch|p2a: Alomomola|Alomomola, F|100/100
|turn|1
|inactive|cococrispies has 120 seconds left.
|
|t:|1743919094
|move|p1a: Dragapult|Will-O-Wisp|p2a: Alomomola
|-status|p2a: Alomomola|brn
|move|p2a: Alomomola|Flip Turn|p1a: Dragapult
|-resisted|p1a: Dragapult
|-damage|p1a: Dragapult|95/100
|inactive|cococrispies has 120 seconds left.
|
|t:|1743919100
|switch|p2a: Moltres|Moltres|100/100|[from] Flip Turn
|
|upkeep
|turn|2
|
|t:|1743919103
|move|p1a: Dragapult|Hydro Pump|p2a: Moltres
|-supereffective|p2a: Moltres
|-damage|p2a: Moltres|43/100
|move|p2a: Moltres|Will-O-Wisp|p1a: Dragapult
|-status|p1a: Dragapult|brn
|
|-damage|p1a: Dragapult|89/100 brn|[from] brn
|upkeep
|turn|3
|
|t:|1743919112
|switch|p2a: Alomomola|Alomomola, F|100/100 brn
|move|p1a: Dragapult|Hex|p2a: Alomomola
|-damage|p2a: Alomomola|71/100 brn
|
|-damage|p1a: Dragapult|83/100 brn|[from] brn
|-damage|p2a: Alomomola|65/100 brn|[from] brn
|upkeep
|turn|4
|
|t:|1743919119
|move|p1a: Dragapult|Hex|p2a: Alomomola
|-damage|p2a: Alomomola|35/100 brn
|move|p2a: Alomomola|Mirror Coat|p1a: Dragapult
|-damage|p1a: Dragapult|0 fnt
|faint|p1a: Dragapult
|
|-damage|p2a: Alomomola|29/100 brn|[from] brn
|upkeep
|inactive|chaheed has 120 seconds left.
|
|t:|1743919154
|switch|p1a: Iron Moth|Iron Moth|100/100
|-enditem|p1a: Iron Moth|Booster Energy
|-activate|p1a: Iron Moth|ability: Quark Drive|[fromitem]
|-start|p1a: Iron Moth|quarkdrivespe
|turn|5
|
|t:|1743919171
|switch|p2a: Zamazenta|Zamazenta|100/100
|-ability|p2a: Zamazenta|Dauntless Shield|boost
|-boost|p2a: Zamazenta|def|1
|move|p1a: Iron Moth|Sludge Wave|p2a: Zamazenta
|-damage|p2a: Zamazenta|62/100
|
|-heal|p2a: Zamazenta|68/100|[from] item: Leftovers
|upkeep
|turn|6
|j| iamfrhaan007
|
|t:|1743919180
|move|p1a: Iron Moth|Fiery Dance|p2a: Zamazenta
|-damage|p2a: Zamazenta|35/100
|move|p2a: Zamazenta|Stone Edge|p1a: Iron Moth
|-supereffective|p1a: Iron Moth
|-damage|p1a: Iron Moth|17/100
|
|-heal|p2a: Zamazenta|41/100|[from] item: Leftovers
|upkeep
|turn|7
|
|t:|1743919187
|move|p1a: Iron Moth|Sludge Wave|p2a: Zamazenta
|-damage|p2a: Zamazenta|6/100
|move|p2a: Zamazenta|Body Press|p1a: Iron Moth
|-resisted|p1a: Iron Moth
|-damage|p1a: Iron Moth|0 fnt
|faint|p1a: Iron Moth
|-end|p1a: Iron Moth|Quark Drive|[silent]
|
|-heal|p2a: Zamazenta|12/100|[from] item: Leftovers
|upkeep
|
|t:|1743919208
|switch|p1a: Greninja|Greninja, M|100/100
|turn|8
|
|t:|1743919218
|switch|p2a: Alomomola|Alomomola, F|62/100 brn
|move|p1a: Greninja|Water Shuriken|p2a: Alomomola
|-resisted|p2a: Alomomola
|-damage|p2a: Alomomola|60/100 brn
|-resisted|p2a: Alomomola
|-damage|p2a: Alomomola|57/100 brn
|-resisted|p2a: Alomomola
|-damage|p2a: Alomomola|55/100 brn
|-resisted|p2a: Alomomola
|-damage|p2a: Alomomola|52/100 brn
|-resisted|p2a: Alomomola
|-damage|p2a: Alomomola|50/100 brn
|-hitcount|p2a: Alomomola|5
|-damage|p1a: Greninja|91/100|[from] item: Life Orb
|
|-damage|p2a: Alomomola|44/100 brn|[from] brn
|upkeep
|turn|9
|j| drednawthegreatest
|j| SillyOne12345
|
|t:|1743919234
|move|p1a: Greninja|Dark Pulse|p2a: Alomomola
|-crit|p2a: Alomomola
|-damage|p2a: Alomomola|5/100 brn
|-damage|p1a: Greninja|81/100|[from] item: Life Orb
|move|p2a: Alomomola|Flip Turn|p1a: Greninja
|-resisted|p1a: Greninja
|-damage|p1a: Greninja|74/100
|l| drednawthegreatest
|
|t:|1743919245
|switch|p2a: Kyurem|Kyurem|100/100|[from] Flip Turn
|-ability|p2a: Kyurem|Pressure
|
|upkeep
|turn|10
|
|t:|1743919250
|move|p1a: Greninja|Dark Pulse|p2a: Kyurem
|-damage|p2a: Kyurem|54/100
|-damage|p1a: Greninja|64/100|[from] item: Life Orb
|move|p2a: Kyurem|Freeze-Dry|p1a: Greninja
|-supereffective|p1a: Greninja
|-damage|p1a: Greninja|0 fnt
|faint|p1a: Greninja
|
|upkeep
|
|t:|1743919260
|switch|p1a: Iron Treads|Iron Treads|100/100
|-enditem|p1a: Iron Treads|Booster Energy
|-activate|p1a: Iron Treads|ability: Quark Drive|[fromitem]
|-start|p1a: Iron Treads|quarkdrivespe
|turn|11
|
|t:|1743919272
|switch|p2a: Great Tusk|Great Tusk|100/100
|move|p1a: Iron Treads|Ice Spinner|p2a: Great Tusk
|-supereffective|p2a: Great Tusk
|-damage|p2a: Great Tusk|69/100
|
|-heal|p2a: Great Tusk|75/100|[from] item: Leftovers
|upkeep
|turn|12
|j| poli sci
|
|t:|1743919281
|move|p1a: Iron Treads|Ice Spinner|p2a: Great Tusk
|-supereffective|p2a: Great Tusk
|-damage|p2a: Great Tusk|45/100
|move|p2a: Great Tusk|Ice Spinner|p1a: Iron Treads
|-damage|p1a: Iron Treads|80/100
|
|-heal|p2a: Great Tusk|51/100|[from] item: Leftovers
|upkeep
|turn|13
|
|t:|1743919287
|move|p1a: Iron Treads|Ice Spinner|p2a: Great Tusk
|-supereffective|p2a: Great Tusk
|-damage|p2a: Great Tusk|21/100
|move|p2a: Great Tusk|Headlong Rush|p1a: Iron Treads
|-supereffective|p1a: Iron Treads
|-damage|p1a: Iron Treads|0 fnt
|-unboost|p2a: Great Tusk|def|1
|-unboost|p2a: Great Tusk|spd|1
|faint|p1a: Iron Treads
|-end|p1a: Iron Treads|Quark Drive|[silent]
|
|-heal|p2a: Great Tusk|27/100|[from] item: Leftovers
|upkeep
|
|t:|1743919297
|switch|p1a: Serperior|Serperior, M|100/100
|turn|14
|
|t:|1743919301
|move|p1a: Serperior|Leaf Storm|p2a: Great Tusk|[miss]
|-miss|p1a: Serperior|p2a: Great Tusk
|move|p2a: Great Tusk|Ice Spinner|p1a: Serperior
|-supereffective|p1a: Serperior
|-damage|p1a: Serperior|45/100
|
|-heal|p2a: Great Tusk|33/100|[from] item: Leftovers
|upkeep
|turn|15
|
|t:|1743919308
|move|p1a: Serperior|Leaf Storm|p2a: Great Tusk
|-supereffective|p2a: Great Tusk
|-damage|p2a: Great Tusk|0 fnt
|-boost|p1a: Serperior|spa|2
|faint|p2a: Great Tusk
|-end|p2a: Great Tusk|Protosynthesis|[silent]
|
|upkeep
|
|t:|1743919310
|switch|p2a: Moltres|Moltres|43/100
|turn|16
|
|t:|1743919315
|move|p1a: Serperior|Dragon Pulse|p2a: Moltres
|-damage|p2a: Moltres|3/100
|move|p2a: Moltres|Flamethrower|p1a: Serperior
|-supereffective|p1a: Serperior
|-damage|p1a: Serperior|0 fnt
|faint|p1a: Serperior
|
|upkeep
|
|t:|1743919322
|switch|p1a: Dragonite|Dragonite, F|100/100
|turn|17
|
|t:|1743919326
|-terastallize|p1a: Dragonite|Fire
|move|p1a: Dragonite|Dragon Dance|p1a: Dragonite
|-boost|p1a: Dragonite|atk|1
|-boost|p1a: Dragonite|spe|1
|move|p2a: Moltres|Will-O-Wisp|p1a: Dragonite|[miss]
|-miss|p2a: Moltres|p1a: Dragonite
|
|upkeep
|turn|18
|
|t:|1743919332
|move|p1a: Dragonite|Encore|p2a: Moltres
|-start|p2a: Moltres|Encore
|move|p2a: Moltres|Will-O-Wisp|p1a: Dragonite
|-immune|p1a: Dragonite
|
|upkeep
|turn|19
|
|t:|1743919342
|switch|p2a: Zamazenta|Zamazenta|12/100
|move|p1a: Dragonite|Dragon Dance|p1a: Dragonite
|-boost|p1a: Dragonite|atk|1
|-boost|p1a: Dragonite|spe|1
|
|-heal|p2a: Zamazenta|18/100|[from] item: Leftovers
|upkeep
|turn|20
|
|t:|1743919350
|move|p1a: Dragonite|Scale Shot|p2a: Zamazenta
|-damage|p2a: Zamazenta|0 fnt
|faint|p2a: Zamazenta
|-hitcount|p2: Zamazenta|1
|-unboost|p1a: Dragonite|def|1
|-boost|p1a: Dragonite|spe|1
|
|upkeep
|
|t:|1743919358
|switch|p2a: Kyurem|Kyurem|54/100
|-ability|p2a: Kyurem|Pressure
|turn|21
|
|t:|1743919364
|move|p1a: Dragonite|Fire Punch|p2a: Kyurem
|-crit|p2a: Kyurem
|-damage|p2a: Kyurem|0 fnt
|faint|p2a: Kyurem
|
|upkeep
|
|t:|1743919367
|switch|p2a: Iron Valiant|Iron Valiant|100/100
|-enditem|p2a: Iron Valiant|Booster Energy
|-activate|p2a: Iron Valiant|ability: Quark Drive|[fromitem]
|-start|p2a: Iron Valiant|quarkdrivespe
|turn|22
|
|t:|1743919375
|move|p1a: Dragonite|Fire Punch|p2a: Iron Valiant
|-damage|p2a: Iron Valiant|0 fnt
|faint|p2a: Iron Valiant
|-end|p2a: Iron Valiant|Quark Drive|[silent]
|
|upkeep
|c|☆cococrispies|gg
|
|t:|1743919380
|switch|p2a: Moltres|Moltres|3/100
|turn|23
|
|t:|1743919383
|move|p1a: Dragonite|Fire Punch|p2a: Moltres
|-resisted|p2a: Moltres
|-damage|p2a: Moltres|0 fnt
|faint|p2a: Moltres
|
|upkeep
|l| SillyOne12345
|
|t:|1743919385
|switch|p2a: Alomomola|Alomomola, F|39/100 brn
|turn|24
|
|t:|1743919392
|move|p1a: Dragonite|Fire Punch|p2a: Alomomola
|-resisted|p2a: Alomomola
|-damage|p2a: Alomomola|10/100 brn
|move|p2a: Alomomola|Scald|p1a: Dragonite
|-supereffective|p1a: Dragonite
|-damage|p1a: Dragonite|85/100
|
|-damage|p2a: Alomomola|4/100 brn|[from] brn
|upkeep
|turn|25
|
|t:|1743919399
|move|p1a: Dragonite|Fire Punch|p2a: Alomomola
|-resisted|p2a: Alomomola
|-damage|p2a: Alomomola|0 fnt
|faint|p2a: Alomomola
|
|win|chaheed
|raw|chaheed's rating: 1707 &rarr; <strong>1725</strong><br />(+18 for winning)
|raw|cococrispies's rating: 1674 &rarr; <strong>1656</strong><br />(-18 for losing)
|l|☆cococrispies
|player|p2|
|c|☆chaheed|gg
|l|☆chaheed
|player|p1|
|l| poli sci
