|j|☆blueflea.n
|j|☆above average o
|t:|1743927474
|gametype|singles
|player|p1|blueflea.n|n|1175
|player|p2|above average o|266|1146
|teamsize|p1|6
|teamsize|p2|6
|gen|9
|tier|[Gen 9] OU
|rated|
|rule|HP Percentage Mod: HP is shown in percentages
|rule|Endless Battle Clause: Forcing endless battles is banned
|rule|Species Clause: Limit one of each Pokémon
|rule|OHKO Clause: OHKO moves are banned
|rule|Evasion Items Clause: Evasion items are banned
|rule|Evasion Moves Clause: Evasion moves are banned
|rule|Sleep Moves Clause: Sleep-inducing moves are banned
|clearpoke
|poke|p1|Luxray, M|
|poke|p1|Araquanid, M|
|poke|p1|Iron Moth|
|poke|p1|Kingambit, M|
|poke|p1|Dragonite, M|
|poke|p1|Ogerpon-Wellspring, F|
|poke|p2|Iron Treads|
|poke|p2|Primarina, M|
|poke|p2|Ogerpon-Wellspring, F|
|poke|p2|Landorus-Therian, M|
|poke|p2|Pecharunt|
|poke|p2|Cinderace, F|
|teampreview
|inactive|Battle timer is ON: inactive players will automatically lose when time's up. (requested by above average o)
|inactive|blueflea.n also wants the timer to be on.
|
|t:|1743927502
|start
|switch|p1a: Ogerpon|Ogerpon-Wellspring, F|100/100
|switch|p2a: Primarina|Primarina, M|100/100
|turn|1
|
|t:|1743927516
|switch|p1a: Kingambit|Kingambit, M|100/100
|switch|p2a: Pecharunt|Pecharunt|100/100
|
|upkeep
|turn|2
|
|t:|1743927524
|move|p1a: Kingambit|Swords Dance|p1a: Kingambit
|-boost|p1a: Kingambit|atk|2
|move|p2a: Pecharunt|Parting Shot|p1a: Kingambit
|-unboost|p1a: Kingambit|atk|1
|-unboost|p1a: Kingambit|spa|1
|
|t:|1743927531
|switch|p2a: Cinderace|Cinderace, F|100/100|[from] Parting Shot
|
|upkeep
|turn|3
|
|t:|1743927542
|-end|p1a: Kingambit|fallenundefined|[silent]
|switch|p1a: Dragonite|Dragonite, M|100/100
|move|p2a: Cinderace|Pyro Ball|p1a: Dragonite
|-resisted|p1a: Dragonite
|-damage|p1a: Dragonite|83/100
|-status|p1a: Dragonite|brn
|
|-damage|p1a: Dragonite|76/100 brn|[from] brn
|upkeep
|turn|4
|
|t:|1743927555
|move|p2a: Cinderace|U-turn|p1a: Dragonite
|-start|p2a: Cinderace|typechange|Bug|[from] ability: Libero
|-resisted|p1a: Dragonite
|-damage|p1a: Dragonite|56/100 brn
|
|t:|1743927559
|switch|p2a: Landorus|Landorus-Therian, M|100/100|[from] U-turn
|-ability|p2a: Landorus|Intimidate|boost
|-unboost|p1a: Dragonite|atk|1
|move|p1a: Dragonite|Dragon Dance|p1a: Dragonite
|-boost|p1a: Dragonite|atk|1
|-boost|p1a: Dragonite|spe|1
|
|-damage|p1a: Dragonite|50/100 brn|[from] brn
|upkeep
|turn|5
|
|t:|1743927574
|move|p1a: Dragonite|Ice Spinner|p2a: Landorus
|-supereffective|p2a: Landorus
|-damage|p2a: Landorus|35/100
|-damage|p1a: Dragonite|34/100 brn|[from] item: Rocky Helmet|[of] p2a: Landorus
|move|p2a: Landorus|Stealth Rock|p1a: Dragonite
|-sidestart|p1: blueflea.n|move: Stealth Rock
|
|-damage|p1a: Dragonite|27/100 brn|[from] brn
|upkeep
|turn|6
|
|t:|1743927597
|switch|p2a: Cinderace|Cinderace, F|100/100
|move|p1a: Dragonite|Dragon Dance|p1a: Dragonite
|-boost|p1a: Dragonite|atk|1
|-boost|p1a: Dragonite|spe|1
|
|-damage|p1a: Dragonite|21/100 brn|[from] brn
|upkeep
|turn|7
|
|t:|1743927610
|move|p1a: Dragonite|Earthquake|p2a: Cinderace
|-supereffective|p2a: Cinderace
|-damage|p2a: Cinderace|11/100
|move|p2a: Cinderace|Pyro Ball|p1a: Dragonite
|-resisted|p1a: Dragonite
|-damage|p1a: Dragonite|0 fnt
|faint|p1a: Dragonite
|
|upkeep
|
|t:|1743927625
|switch|p1a: Iron Moth|Iron Moth|100/100
|-damage|p1a: Iron Moth|76/100|[from] Stealth Rock
|-enditem|p1a: Iron Moth|Booster Energy
|-activate|p1a: Iron Moth|ability: Quark Drive|[fromitem]
|-start|p1a: Iron Moth|quarkdrivespa
|turn|8
|
|t:|1743927634
|move|p1a: Iron Moth|Substitute|p1a: Iron Moth
|-start|p1a: Iron Moth|Substitute
|-damage|p1a: Iron Moth|51/100
|move|p2a: Cinderace|Zen Headbutt|p1a: Iron Moth
|-start|p2a: Cinderace|typechange|Psychic|[from] ability: Libero
|-supereffective|p1a: Iron Moth
|-end|p1a: Iron Moth|Substitute
|
|upkeep
|turn|9
|
|t:|1743927648
|move|p1a: Iron Moth|Sludge Wave|p2a: Cinderace
|-damage|p2a: Cinderace|0 fnt
|faint|p2a: Cinderace
|
|upkeep
|
|t:|1743927670
|switch|p2a: Primarina|Primarina, M|100/100
|turn|10
|
|t:|1743927675
|-terastallize|p2a: Primarina|Psychic
|move|p1a: Iron Moth|Sludge Wave|p2a: Primarina
|-damage|p2a: Primarina|41/100
|move|p2a: Primarina|Psychic|p1a: Iron Moth
|-supereffective|p1a: Iron Moth
|-damage|p1a: Iron Moth|0 fnt
|faint|p1a: Iron Moth
|-end|p1a: Iron Moth|Quark Drive|[silent]
|
|-heal|p2a: Primarina|47/100|[from] item: Leftovers
|upkeep
|
|t:|1743927692
|switch|p1a: Araquanid|Araquanid, M|100/100
|-damage|p1a: Araquanid|76/100|[from] Stealth Rock
|turn|11
|
|t:|1743927698
|move|p2a: Primarina|Moonblast|p1a: Araquanid
|-damage|p1a: Araquanid|43/100
|-unboost|p1a: Araquanid|spa|1
|move|p1a: Araquanid|Sticky Web|p2a: Primarina
|-sidestart|p2: above average o|move: Sticky Web
|
|-heal|p2a: Primarina|53/100|[from] item: Leftovers
|upkeep
|turn|12
|
|t:|1743927708
|move|p2a: Primarina|Moonblast|p1a: Araquanid
|-damage|p1a: Araquanid|11/100
|-unboost|p1a: Araquanid|spa|1
|move|p1a: Araquanid|Leech Life|p2a: Primarina
|-supereffective|p2a: Primarina
|-damage|p2a: Primarina|7/100
|-heal|p1a: Araquanid|36/100|[from] drain|[of] p2a: Primarina
|
|-heal|p2a: Primarina|13/100|[from] item: Leftovers
|upkeep
|turn|13
|
|t:|1743927721
|move|p2a: Primarina|Moonblast|p1a: Araquanid
|-damage|p1a: Araquanid|0 fnt
|faint|p1a: Araquanid
|
|-heal|p2a: Primarina|19/100|[from] item: Leftovers
|upkeep
|
|t:|1743927728
|switch|p1a: Luxray|Luxray, M|100/100
|-damage|p1a: Luxray|88/100|[from] Stealth Rock
|turn|14
|
|t:|1743927733
|move|p1a: Luxray|Facade|p2a: Primarina
|-damage|p2a: Primarina|0 fnt
|faint|p2a: Primarina
|
|-status|p1a: Luxray|brn|[from] item: Flame Orb
|upkeep
|
|t:|1743927741
|switch|p2a: Pecharunt|Pecharunt|100/100
|-activate|p2a: Pecharunt|move: Sticky Web
|-unboost|p2a: Pecharunt|spe|1
|turn|15
|
|t:|1743927748
|move|p1a: Luxray|Supercell Slam|p2a: Pecharunt
|-damage|p2a: Pecharunt|68/100
|move|p2a: Pecharunt|Malignant Chain|p1a: Luxray
|-damage|p1a: Luxray|48/100 brn
|
|-heal|p2a: Pecharunt|74/100|[from] item: Leftovers
|-damage|p1a: Luxray|42/100 brn|[from] brn
|upkeep
|turn|16
|
|t:|1743927759
|switch|p1a: Kingambit|Kingambit, M|100/100
|-damage|p1a: Kingambit|94/100|[from] Stealth Rock
|-activate|p1a: Kingambit|ability: Supreme Overlord
|-start|p1a: Kingambit|fallen3|[silent]
|move|p2a: Pecharunt|Parting Shot|p1a: Kingambit
|-unboost|p1a: Kingambit|atk|1
|-unboost|p1a: Kingambit|spa|1
|
|t:|1743927768
|switch|p2a: Ogerpon|Ogerpon-Wellspring, F|100/100|[from] Parting Shot
|-activate|p2a: Ogerpon|move: Sticky Web
|-unboost|p2a: Ogerpon|spe|1
|
|upkeep
|turn|17
|
|t:|1743927776
|move|p1a: Kingambit|Swords Dance|p1a: Kingambit
|-boost|p1a: Kingambit|atk|2
|move|p2a: Ogerpon|Brick Break|p1a: Kingambit
|-supereffective|p1a: Kingambit
|-damage|p1a: Kingambit|0 fnt
|faint|p1a: Kingambit
|-end|p1a: Kingambit|fallen3|[silent]
|
|upkeep
|
|t:|1743927786
|switch|p1a: Ogerpon|Ogerpon-Wellspring, F|100/100
|-damage|p1a: Ogerpon|88/100|[from] Stealth Rock
|turn|18
|
|t:|1743927790
|move|p1a: Ogerpon|Power Whip|p2a: Ogerpon|[miss]
|-miss|p1a: Ogerpon|p2a: Ogerpon
|move|p2a: Ogerpon|Horn Leech|p1a: Ogerpon
|-damage|p1a: Ogerpon|23/100
|
|upkeep
|turn|19
|
|t:|1743927799
|move|p1a: Ogerpon|Power Whip|p2a: Ogerpon
|-damage|p2a: Ogerpon|27/100
|move|p2a: Ogerpon|Horn Leech|p1a: Ogerpon
|-damage|p1a: Ogerpon|0 fnt
|-heal|p2a: Ogerpon|36/100|[from] drain|[of] p1a: Ogerpon
|faint|p1a: Ogerpon
|
|upkeep
|
|t:|1743927805
|switch|p1a: Luxray|Luxray, M|42/100 brn
|-damage|p1a: Luxray|30/100 brn|[from] Stealth Rock
|turn|20
|
|t:|1743927812
|move|p1a: Luxray|Supercell Slam|p2a: Ogerpon
|-damage|p2a: Ogerpon|0 fnt
|faint|p2a: Ogerpon
|
|-damage|p1a: Luxray|24/100 brn|[from] brn
|upkeep
|
|t:|1743927824
|switch|p2a: Landorus|Landorus-Therian, M|35/100
|-ability|p2a: Landorus|Intimidate|boost
|-unboost|p1a: Luxray|atk|1
|turn|21
|
|t:|1743927829
|move|p1a: Luxray|Facade|p2a: Landorus
|-damage|p2a: Landorus|0 fnt
|-damage|p1a: Luxray|7/100 brn|[from] item: Rocky Helmet|[of] p2a: Landorus
|faint|p2a: Landorus
|
|-damage|p1a: Luxray|1/100 brn|[from] brn
|upkeep
|
|t:|1743927838
|switch|p2a: Pecharunt|Pecharunt|74/100
|-activate|p2a: Pecharunt|move: Sticky Web
|-unboost|p2a: Pecharunt|spe|1
|turn|22
|
|t:|1743927844
|move|p1a: Luxray|Supercell Slam|p2a: Pecharunt
|-damage|p2a: Pecharunt|52/100
|move|p2a: Pecharunt|Hex|p1a: Luxray
|-damage|p1a: Luxray|0 fnt
|faint|p1a: Luxray
|
|win|above average o
|raw|blueflea.n's rating: 1175 &rarr; <strong>1148</strong><br />(-27 for losing)
|raw|above average o's rating: 1146 &rarr; <strong>1173</strong><br />(+27 for winning)
|l|☆blueflea.n
|player|p1|
|l|☆above average o
|player|p2|
