|j|☆Giratina13luck
|j|☆pellagius the wise
|t:|1743930162
|gametype|singles
|player|p1|Giratina13luck|tate|1162
|player|p2|pellagius the wise|ghetsis|1177
|teamsize|p1|6
|teamsize|p2|6
|gen|9
|tier|[Gen 9] OU
|rated|
|rule|HP Percentage Mod: HP is shown in percentages
|rule|Endless Battle Clause: Forcing endless battles is banned
|rule|Species Clause: Limit one of each Pokémon
|rule|OHKO Clause: OHKO moves are banned
|rule|Evasion Items Clause: Evasion items are banned
|rule|Evasion Moves Clause: Evasion moves are banned
|rule|Sleep Moves Clause: Sleep-inducing moves are banned
|clearpoke
|poke|p1|Grafaiai, M|
|poke|p1|Inteleon, M|
|poke|p1|Ninetales-Alola, F|
|poke|p1|Goodra-Hisui, M|
|poke|p1|Ceruledge, M|
|poke|p1|Pawmot, M|
|poke|p2|Typhlosion-Hisui, M|
|poke|p2|Weavile, M|
|poke|p2|Quaquaval, M|
|poke|p2|Ribombee, M|
|poke|p2|Dragalge, M|
|poke|p2|Corviknight, M|
|teampreview
|inactive|Battle timer is ON: inactive players will automatically lose when time's up. (requested by Giratina13luck)
|
|t:|1743930178
|start
|switch|p1a: Aqua|Inteleon, M|100/100
|switch|p2a: Dragalge|Dragalge, M|100/100
|turn|1
|
|t:|1743930196
|move|p1a: Aqua|Ice Beam|p2a: Dragalge
|-supereffective|p2a: Dragalge
|-damage|p2a: Dragalge|64/100
|move|p2a: Dragalge|Toxic Spikes|p1a: Aqua
|-sidestart|p1: Giratina13luck|move: Toxic Spikes
|
|-heal|p2a: Dragalge|70/100|[from] item: Black Sludge
|upkeep
|turn|2
|
|t:|1743930206
|move|p1a: Aqua|Taunt|p2a: Dragalge
|-start|p2a: Dragalge|move: Taunt
|move|p2a: Dragalge|Thunderbolt|p1a: Aqua
|-supereffective|p1a: Aqua
|-damage|p1a: Aqua|32/100
|
|-heal|p2a: Dragalge|76/100|[from] item: Black Sludge
|upkeep
|turn|3
|inactive|Giratina13luck has 120 seconds left.
|
|t:|1743930247
|switch|p1a: L'escargot|Goodra-Hisui, M|100/100
|move|p2a: Dragalge|Thunderbolt|p1a: L'escargot
|-resisted|p1a: L'escargot
|-damage|p1a: L'escargot|96/100
|
|-heal|p2a: Dragalge|82/100|[from] item: Black Sludge
|upkeep
|turn|4
|c|☆Giratina13luck|i like your team btw
|
|t:|1743930261
|switch|p2a: Quaquaval|Quaquaval, M, shiny|100/100
|move|p1a: L'escargot|Earthquake|p2a: Quaquaval
|-damage|p2a: Quaquaval|62/100
|
|upkeep
|turn|5
|inactive|Giratina13luck has 120 seconds left.
|inactive|Giratina13luck has 90 seconds left.
|
|t:|1743930309
|move|p2a: Quaquaval|Close Combat|p1a: L'escargot
|-supereffective|p1a: L'escargot
|-damage|p1a: L'escargot|0 fnt
|-unboost|p2a: Quaquaval|def|1
|-unboost|p2a: Quaquaval|spd|1
|-ability|p1a: L'escargot|Gooey
|-unboost|p2a: Quaquaval|spe|1
|faint|p1a: L'escargot
|-ability|p2a: Quaquaval|Moxie|boost
|-boost|p2a: Quaquaval|atk|1
|
|upkeep
|c|☆pellagius the wise|Thank u
|
|t:|1743930322
|switch|p1a: Pawmot|Pawmot, M|100/100
|-item|p1a: Pawmot|Air Balloon
|turn|6
|inactive|pellagius the wise has 120 seconds left.
|
|t:|1743930354
|switch|p2a: Corviknight|Corviknight, M, shiny|100/100
|move|p1a: Pawmot|Nuzzle|p2a: Corviknight
|-supereffective|p2a: Corviknight
|-damage|p2a: Corviknight|91/100
|-status|p2a: Corviknight|par
|-damage|p1a: Pawmot|84/100|[from] item: Rocky Helmet|[of] p2a: Corviknight
|
|upkeep
|turn|7
|inactive|Giratina13luck has 90 seconds left.
|inactive|pellagius the wise has 120 seconds left.
|
|t:|1743930364
|move|p1a: Pawmot|Revival Blessing|p1a: Pawmot
|inactive|Giratina13luck has 90 seconds left.
|
|t:|1743930371
|-heal|p1: L'escargot|50/100|[from] move: Revival Blessing
|cant|p2a: Corviknight|par
|
|upkeep
|turn|8
|inactive|Giratina13luck has 90 seconds left.
|
|t:|1743930385
|switch|p1a: L'escargot|Goodra-Hisui, M|50/100
|move|p2a: Corviknight|Iron Head|p1a: L'escargot
|-resisted|p1a: L'escargot
|-damage|p1a: L'escargot|41/100
|-ability|p1a: L'escargot|Gooey
|-ability|p2a: Corviknight|Mirror Armor
|-unboost|p1a: L'escargot|spe|1
|
|upkeep
|turn|9
|inactive|Giratina13luck has 90 seconds left.
|
|t:|1743930397
|switch|p1a: Ruu|Ceruledge, M|100/100
|move|p2a: Corviknight|Body Press|p1a: Ruu
|-immune|p1a: Ruu
|
|upkeep
|turn|10
|
|t:|1743930413
|switch|p2a: Quaquaval|Quaquaval, M, shiny|62/100
|move|p1a: Ruu|Swords Dance|p1a: Ruu
|-boost|p1a: Ruu|atk|2
|
|upkeep
|turn|11
|
|t:|1743930422
|-terastallize|p1a: Ruu|Fighting
|move|p2a: Quaquaval|Aqua Step|p1a: Ruu
|-damage|p1a: Ruu|57/100
|-boost|p2a: Quaquaval|spe|1
|-ability|p1a: Ruu|Weak Armor|boost
|-unboost|p1a: Ruu|def|1
|-boost|p1a: Ruu|spe|2
|move|p1a: Ruu|Bitter Blade|p2a: Quaquaval
|-resisted|p2a: Quaquaval
|-damage|p2a: Quaquaval|4/100
|-heal|p1a: Ruu|86/100|[from] drain|[of] p2a: Quaquaval
|
|upkeep
|turn|12
|
|t:|1743930438
|move|p1a: Ruu|Shadow Sneak|p2a: Quaquaval
|-damage|p2a: Quaquaval|0 fnt
|faint|p2a: Quaquaval
|
|upkeep
|
|t:|1743930448
|switch|p2a: Ribombee|Ribombee, M, shiny|100/100
|turn|13
|
|t:|1743930452
|move|p1a: Ruu|Bitter Blade|p2a: Ribombee
|-supereffective|p2a: Ribombee
|-enditem|p2a: Ribombee|Focus Sash
|-damage|p2a: Ribombee|1/100
|-heal|p1a: Ruu|100/100|[from] drain|[of] p2a: Ribombee
|move|p2a: Ribombee|Moonblast|p1a: Ruu
|-supereffective|p1a: Ruu
|-damage|p1a: Ruu|13/100
|
|upkeep
|turn|14
|inactive|Giratina13luck has 120 seconds left.
|
|t:|1743930463
|move|p1a: Ruu|Bitter Blade|p2a: Ribombee
|-supereffective|p2a: Ribombee
|-damage|p2a: Ribombee|0 fnt
|-heal|p1a: Ruu|14/100|[from] drain|[of] p2a: Ribombee
|faint|p2a: Ribombee
|
|upkeep
|
|t:|1743930469
|switch|p2a: Weavile|Weavile, M|100/100
|-ability|p2a: Weavile|Pressure
|turn|15
|
|t:|1743930481
|switch|p1a: Ahri|Ninetales-Alola, F, shiny|100/100
|-weather|Snowscape|[from] ability: Snow Warning|[of] p1a: Ahri
|move|p2a: Weavile|Fake Out|p1a: Ahri
|-damage|p1a: Ahri|86/100
|
|-weather|Snowscape|[upkeep]
|upkeep
|turn|16
|
|t:|1743930491
|switch|p2a: Typhlosion|Typhlosion-Hisui, M|100/100
|-item|p1a: Ahri|Heavy-Duty Boots|[from] ability: Frisk|[of] p2a: Typhlosion
|move|p1a: Ahri|Aurora Veil|p1a: Ahri
|-sidestart|p1: Giratina13luck|move: Aurora Veil
|
|-weather|Snowscape|[upkeep]
|upkeep
|turn|17
|
|t:|1743930501
|switch|p1a: Julian|Grafaiai, M, shiny|100/100
|-item|p1a: Julian|Air Balloon
|move|p2a: Typhlosion|Eruption|p1a: Julian
|-damage|p1a: Julian|29/100
|-enditem|p1a: Julian|Air Balloon
|
|-weather|Snowscape|[upkeep]
|upkeep
|turn|18
|
|t:|1743930511
|move|p2a: Typhlosion|Eruption|p1a: Julian
|-damage|p1a: Julian|0 fnt
|faint|p1a: Julian
|
|-weather|Snowscape|[upkeep]
|upkeep
|
|t:|1743930520
|switch|p1a: L'escargot|Goodra-Hisui, M|41/100
|turn|19
|
|t:|1743930524
|move|p2a: Typhlosion|Eruption|p1a: L'escargot
|-damage|p1a: L'escargot|24/100
|move|p1a: L'escargot|Draco Meteor|p2a: Typhlosion
|-damage|p2a: Typhlosion|32/100
|-unboost|p1a: L'escargot|spa|2
|
|-weather|none
|upkeep
|turn|20
|
|t:|1743930538
|switch|p2a: Weavile|Weavile, M|100/100
|-ability|p2a: Weavile|Pressure
|move|p1a: L'escargot|Earthquake|p2a: Weavile
|-damage|p2a: Weavile|50/100
|
|-sideend|p1: Giratina13luck|move: Aurora Veil
|upkeep
|turn|21
|
|t:|1743930551
|move|p2a: Weavile|Fake Out|p1a: L'escargot
|-resisted|p1a: L'escargot
|-damage|p1a: L'escargot|18/100
|-ability|p1a: L'escargot|Gooey
|-unboost|p2a: Weavile|spe|1
|cant|p1a: L'escargot|flinch
|
|upkeep
|turn|22
|
|t:|1743930559
|switch|p1a: Ahri|Ninetales-Alola, F, shiny|86/100
|-weather|Snowscape|[from] ability: Snow Warning|[of] p1a: Ahri
|move|p2a: Weavile|Triple Axel|p1a: Ahri
|-resisted|p1a: Ahri
|-damage|p1a: Ahri|81/100
|-resisted|p1a: Ahri
|-damage|p1a: Ahri|72/100
|-resisted|p1a: Ahri
|-damage|p1a: Ahri|56/100
|-hitcount|p1a: Ahri|3
|
|-weather|Snowscape|[upkeep]
|upkeep
|turn|23
|
|t:|1743930572
|switch|p2a: Dragalge|Dragalge, M|82/100
|move|p1a: Ahri|Aurora Veil|p1a: Ahri
|-sidestart|p1: Giratina13luck|move: Aurora Veil
|
|-weather|Snowscape|[upkeep]
|-heal|p2a: Dragalge|88/100|[from] item: Black Sludge
|upkeep
|turn|24
|
|t:|1743930580
|switch|p1a: L'escargot|Goodra-Hisui, M|18/100
|move|p2a: Dragalge|Sludge Wave|p1a: L'escargot
|-immune|p1a: L'escargot
|
|-weather|Snowscape|[upkeep]
|-heal|p2a: Dragalge|94/100|[from] item: Black Sludge
|upkeep
|turn|25
|
|t:|1743930588
|move|p1a: L'escargot|Earthquake|p2a: Dragalge
|-supereffective|p2a: Dragalge
|-damage|p2a: Dragalge|36/100
|move|p2a: Dragalge|Draco Meteor|p1a: L'escargot
|-damage|p1a: L'escargot|5/100
|-unboost|p2a: Dragalge|spa|2
|
|-weather|Snowscape|[upkeep]
|-heal|p2a: Dragalge|42/100|[from] item: Black Sludge
|upkeep
|turn|26
|
|t:|1743930598
|switch|p2a: Corviknight|Corviknight, M, shiny|91/100 par
|move|p1a: L'escargot|Draco Meteor|p2a: Corviknight
|-resisted|p2a: Corviknight
|-damage|p2a: Corviknight|67/100 par
|-unboost|p1a: L'escargot|spa|2
|
|-weather|none
|upkeep
|turn|27
|
|t:|1743930610
|switch|p1a: Pawmot|Pawmot, M|84/100
|-item|p1a: Pawmot|Air Balloon
|move|p2a: Corviknight|Iron Defense|p2a: Corviknight
|-boost|p2a: Corviknight|def|2
|
|-sideend|p1: Giratina13luck|move: Aurora Veil
|upkeep
|turn|28
|
|t:|1743930622
|move|p1a: Pawmot|Double Shock|p2a: Corviknight
|-supereffective|p2a: Corviknight
|-damage|p2a: Corviknight|38/100 par
|-start|p1a: Pawmot|typechange|???/Fighting|[from] move: Double Shock
|-damage|p1a: Pawmot|67/100|[from] item: Rocky Helmet|[of] p2a: Corviknight
|move|p2a: Corviknight|Body Press|p1a: Pawmot
|-damage|p1a: Pawmot|15/100
|-enditem|p1a: Pawmot|Air Balloon
|
|upkeep
|turn|29
|
|t:|1743930633
|move|p1a: Pawmot|Brick Break|p2a: Corviknight
|-damage|p2a: Corviknight|29/100 par
|-damage|p1a: Pawmot|0 fnt|[from] item: Rocky Helmet|[of] p2a: Corviknight
|faint|p1a: Pawmot
|move|p2a: Corviknight|Roost|p2a: Corviknight
|-heal|p2a: Corviknight|79/100 par
|-singleturn|p2a: Corviknight|move: Roost
|
|upkeep
|
|t:|1743930649
|switch|p1a: L'escargot|Goodra-Hisui, M|5/100
|turn|30
|
|t:|1743930652
|move|p1a: L'escargot|Thunder|p2a: Corviknight|[miss]
|-miss|p1a: L'escargot|p2a: Corviknight
|move|p2a: Corviknight|Body Press|p1a: L'escargot
|-supereffective|p1a: L'escargot
|-damage|p1a: L'escargot|0 fnt
|-ability|p1a: L'escargot|Gooey
|faint|p1a: L'escargot
|
|upkeep
|
|t:|1743930661
|switch|p1a: Ruu|Ceruledge, M, tera:Fighting|14/100
|turn|31
|
|t:|1743930668
|-terastallize|p2a: Corviknight|Fighting
|move|p1a: Ruu|Bitter Blade|p2a: Corviknight
|-damage|p2a: Corviknight|66/100 par
|-heal|p1a: Ruu|22/100|[from] drain|[of] p2a: Corviknight
|-damage|p1a: Ruu|5/100|[from] item: Rocky Helmet|[of] p2a: Corviknight
|move|p2a: Corviknight|Body Press|p1a: Ruu
|-damage|p1a: Ruu|0 fnt
|faint|p1a: Ruu
|
|upkeep
|
|t:|1743930678
|switch|p1a: Ahri|Ninetales-Alola, F, shiny|56/100
|-weather|Snowscape|[from] ability: Snow Warning|[of] p1a: Ahri
|turn|32
|
|t:|1743930683
|move|p1a: Ahri|Moonblast|p2a: Corviknight
|-supereffective|p2a: Corviknight
|-damage|p2a: Corviknight|6/100 par
|move|p2a: Corviknight|Iron Head|p1a: Ahri
|-supereffective|p1a: Ahri
|-damage|p1a: Ahri|0 fnt
|faint|p1a: Ahri
|
|-weather|Snowscape|[upkeep]
|upkeep
|
|t:|1743930691
|switch|p1a: Aqua|Inteleon, M|32/100
|-status|p1a: Aqua|psn
|turn|33
|
|t:|1743930696
|move|p1a: Aqua|Snipe Shot|p2a: Corviknight
|-crit|p2a: Corviknight
|-damage|p2a: Corviknight|0 fnt
|faint|p2a: Corviknight
|
|-weather|Snowscape|[upkeep]
|-damage|p1a: Aqua|19/100 psn|[from] psn
|upkeep
|
|t:|1743930704
|switch|p2a: Dragalge|Dragalge, M|42/100
|turn|34
|
|t:|1743930707
|move|p1a: Aqua|Ice Beam|p2a: Dragalge
|-supereffective|p2a: Dragalge
|-damage|p2a: Dragalge|2/100
|move|p2a: Dragalge|Thunderbolt|p1a: Aqua
|-supereffective|p1a: Aqua
|-damage|p1a: Aqua|0 fnt
|faint|p1a: Aqua
|
|win|pellagius the wise
|raw|Giratina13luck's rating: 1162 &rarr; <strong>1138</strong><br />(-24 for losing)
|raw|pellagius the wise's rating: 1177 &rarr; <strong>1201</strong><br />(+24 for winning)
|c|☆Giratina13luck|gg
|c|☆pellagius the wise|Gg
|l|☆Giratina13luck
|player|p1|
|l|☆pellagius the wise
|player|p2|
