|j|☆jpapaio
|j|☆Golisopod Enjoyer
|t:|1743934206
|gametype|singles
|player|p1|jpapaio|psychic-gen2|1718
|player|p2|Golisopod Enjoyer|2|1734
|teamsize|p1|6
|teamsize|p2|6
|gen|9
|tier|[Gen 9] OU
|rated|
|rule|HP Percentage Mod: HP is shown in percentages
|rule|Endless Battle Clause: Forcing endless battles is banned
|rule|Species Clause: Limit one of each Pokémon
|rule|OHKO Clause: OHKO moves are banned
|rule|Evasion Items Clause: Evasion items are banned
|rule|Evasion Moves Clause: Evasion moves are banned
|rule|Sleep Moves Clause: Sleep-inducing moves are banned
|clearpoke
|poke|p1|Garchomp, M|
|poke|p1|Slowking-Galar, M|
|poke|p1|Gholdengo|
|poke|p1|Moltres|
|poke|p1|Iron Valiant|
|poke|p1|Kingambit, F|
|poke|p2|Iron Crown|
|poke|p2|Samurott-Hisui, M|
|poke|p2|Moltres|
|poke|p2|Scizor, F|
|poke|p2|Great Tusk|
|poke|p2|Pecharunt|
|teampreview
|inactive|Battle timer is ON: inactive players will automatically lose when time's up. (requested by jpapaio)
|j| union boss
|
|t:|1743934244
|start
|switch|p1a: Iron Valiant|Iron Valiant|100/100
|switch|p2a: Samurott|Samurott-Hisui, M|100/100
|turn|1
|
|t:|1743934252
|switch|p2a: Pecharunt|Pecharunt|100/100
|move|p1a: Iron Valiant|Close Combat|p2a: Pecharunt
|-immune|p2a: Pecharunt
|
|upkeep
|turn|2
|
|t:|1743934259
|-end|p1a: Iron Valiant|Quark Drive|[silent]
|switch|p1a: Slowking|Slowking-Galar, M|100/100
|move|p2a: Pecharunt|Parting Shot|p1a: Slowking
|-unboost|p1a: Slowking|atk|1
|-unboost|p1a: Slowking|spa|1
|
|t:|1743934265
|switch|p2a: Samurott|Samurott-Hisui, M|100/100|[from] Parting Shot
|
|upkeep
|turn|3
|
|t:|1743934271
|switch|p1a: Garchomp|Garchomp, M|100/100
|move|p2a: Samurott|Ceaseless Edge|p1a: Garchomp
|-damage|p1a: Garchomp|77/100
|-damage|p2a: Samurott|88/100|[from] ability: Rough Skin|[of] p1a: Garchomp
|-damage|p2a: Samurott|72/100|[from] item: Rocky Helmet|[of] p1a: Garchomp
|-sidestart|p1: jpapaio|Spikes
|
|upkeep
|turn|4
|
|t:|1743934280
|switch|p2a: Great Tusk|Great Tusk|100/100
|move|p1a: Garchomp|Stealth Rock|p2a: Great Tusk
|-sidestart|p2: Golisopod Enjoyer|move: Stealth Rock
|
|upkeep
|turn|5
|
|t:|1743934286
|switch|p1a: Moltres|Moltres|100/100
|move|p2a: Great Tusk|Rapid Spin|p1a: Moltres
|-damage|p1a: Moltres|85/100
|-boost|p2a: Great Tusk|spe|1
|-sideend|p2: Golisopod Enjoyer|Stealth Rock|[from] move: Rapid Spin|[of] p2a: Great Tusk
|
|upkeep
|turn|6
|
|t:|1743934292
|-end|p2a: Great Tusk|Protosynthesis|[silent]
|switch|p2a: Pecharunt|Pecharunt|100/100
|move|p1a: Moltres|Flamethrower|p2a: Pecharunt
|-crit|p2a: Pecharunt
|-damage|p2a: Pecharunt|60/100
|
|upkeep
|turn|7
|
|t:|1743934302
|move|p2a: Pecharunt|Parting Shot|p1a: Moltres
|-unboost|p1a: Moltres|atk|1
|-unboost|p1a: Moltres|spa|1
|
|t:|1743934310
|switch|p2a: Moltres|Moltres|100/100|[from] Parting Shot
|move|p1a: Moltres|U-turn|p2a: Moltres
|-resisted|p2a: Moltres
|-damage|p2a: Moltres|99/100
|
|t:|1743934321
|switch|p1a: Slowking|Slowking-Galar, M|100/100|[from] U-turn
|
|upkeep
|turn|8
|
|t:|1743934347
|move|p2a: Moltres|Brave Bird|p1a: Slowking
|-damage|p1a: Slowking|57/100
|-damage|p2a: Moltres|84/100|[from] Recoil
|-prepare|p1a: Slowking|Chilly Reception|[premajor]
|move|p1a: Slowking|Chilly Reception|p1a: Slowking
|-weather|Snowscape
|
|t:|1743934370
|switch|p1a: Garchomp|Garchomp, M|77/100|[from] Chilly Reception
|-damage|p1a: Garchomp|65/100|[from] Spikes
|
|-weather|Snowscape|[upkeep]
|upkeep
|turn|9
|
|t:|1743934374
|move|p1a: Garchomp|Stealth Rock|p2a: Moltres
|-sidestart|p2: Golisopod Enjoyer|move: Stealth Rock
|move|p2a: Moltres|Flamethrower|p1a: Garchomp
|-resisted|p1a: Garchomp
|-damage|p1a: Garchomp|48/100
|
|-weather|Snowscape|[upkeep]
|upkeep
|turn|10
|
|t:|1743934381
|move|p1a: Garchomp|Spikes|p2a: Moltres
|-sidestart|p2: Golisopod Enjoyer|Spikes
|move|p2a: Moltres|Flamethrower|p1a: Garchomp
|-resisted|p1a: Garchomp
|-damage|p1a: Garchomp|31/100
|
|-weather|Snowscape|[upkeep]
|upkeep
|turn|11
|
|t:|1743934390
|switch|p1a: Slowking|Slowking-Galar, M|90/100
|move|p2a: Moltres|U-turn|p1a: Slowking
|-damage|p1a: Slowking|74/100
|
|t:|1743934395
|switch|p2a: Scizor|Scizor, F|100/100|[from] U-turn
|-damage|p2a: Scizor|88/100|[from] Stealth Rock
|-damage|p2a: Scizor|76/100|[from] Spikes
|
|-weather|Snowscape|[upkeep]
|upkeep
|turn|12
|inactive|jpapaio has 120 seconds left.
|
|t:|1743934431
|switch|p1a: Moltres|Moltres|85/100
|move|p2a: Scizor|U-turn|p1a: Moltres
|-resisted|p1a: Moltres
|-damage|p1a: Moltres|70/100
|
|t:|1743934438
|switch|p2a: Pecharunt|Pecharunt|60/100|[from] U-turn
|
|-weather|none
|upkeep
|turn|13
|
|t:|1743934443
|switch|p1a: Slowking|Slowking-Galar, M|100/100
|move|p2a: Pecharunt|Malignant Chain|p1a: Slowking
|-resisted|p1a: Slowking
|-damage|p1a: Slowking|92/100
|
|upkeep
|turn|14
|
|t:|1743934451
|move|p2a: Pecharunt|Recover|p2a: Pecharunt
|-heal|p2a: Pecharunt|100/100
|move|p1a: Slowking|Psychic Noise|p2a: Pecharunt
|-supereffective|p2a: Pecharunt
|-damage|p2a: Pecharunt|61/100
|-start|p2a: Pecharunt|move: Heal Block
|
|upkeep
|turn|15
|
|t:|1743934455
|move|p2a: Pecharunt|Parting Shot|p1a: Slowking
|-unboost|p1a: Slowking|atk|1
|-unboost|p1a: Slowking|spa|1
|
|t:|1743934457
|switch|p2a: Samurott|Samurott-Hisui, M|72/100|[from] Parting Shot
|-damage|p2a: Samurott|60/100|[from] Stealth Rock
|-damage|p2a: Samurott|47/100|[from] Spikes
|-prepare|p1a: Slowking|Chilly Reception|[premajor]
|move|p1a: Slowking|Chilly Reception|p1a: Slowking
|-weather|Snowscape
|
|t:|1743934464
|switch|p1a: Iron Valiant|Iron Valiant|100/100|[from] Chilly Reception
|
|-weather|Snowscape|[upkeep]
|upkeep
|turn|16
|
|t:|1743934469
|switch|p2a: Pecharunt|Pecharunt|61/100
|move|p1a: Iron Valiant|Moonblast|p2a: Pecharunt
|-resisted|p2a: Pecharunt
|-damage|p2a: Pecharunt|46/100
|
|-weather|Snowscape|[upkeep]
|upkeep
|turn|17
|
|t:|1743934476
|-terastallize|p1a: Iron Valiant|Dark
|move|p1a: Iron Valiant|Knock Off|p2a: Pecharunt
|-supereffective|p2a: Pecharunt
|-damage|p2a: Pecharunt|0 fnt
|-enditem|p2a: Pecharunt|Heavy-Duty Boots|[from] move: Knock Off|[of] p1a: Iron Valiant
|faint|p2a: Pecharunt
|
|-weather|Snowscape|[upkeep]
|upkeep
|j| MY爱莉希雅SAMA
|
|t:|1743934487
|switch|p2a: Moltres|Moltres|84/100
|turn|18
|l| MY爱莉希雅SAMA
|
|t:|1743934494
|move|p1a: Iron Valiant|Knock Off|p2a: Moltres
|-damage|p2a: Moltres|47/100
|-enditem|p2a: Moltres|Heavy-Duty Boots|[from] move: Knock Off|[of] p1a: Iron Valiant
|move|p2a: Moltres|Flamethrower|p1a: Iron Valiant
|-damage|p1a: Iron Valiant|26/100
|
|-weather|Snowscape|[upkeep]
|upkeep
|turn|19
|
|t:|1743934502
|-end|p1a: Iron Valiant|Quark Drive|[silent]
|switch|p1a: Slowking|Slowking-Galar, M|100/100
|move|p2a: Moltres|U-turn|p1a: Slowking
|-damage|p1a: Slowking|83/100
|
|t:|1743934505
|switch|p2a: Great Tusk|Great Tusk|100/100|[from] U-turn
|
|-weather|none
|upkeep
|turn|20
|
|t:|1743934509
|move|p2a: Great Tusk|Ice Spinner|p1a: Slowking
|-damage|p1a: Slowking|56/100
|move|p1a: Slowking|Psychic Noise|p2a: Great Tusk
|-supereffective|p2a: Great Tusk
|-damage|p2a: Great Tusk|24/100
|-start|p2a: Great Tusk|move: Heal Block
|
|upkeep
|turn|21
|
|t:|1743934513
|switch|p1a: Garchomp|Garchomp, M|31/100
|-damage|p1a: Garchomp|19/100|[from] Spikes
|move|p2a: Great Tusk|Ice Spinner|p1a: Garchomp
|-supereffective|p1a: Garchomp
|-damage|p1a: Garchomp|0 fnt
|-damage|p2a: Great Tusk|12/100|[from] ability: Rough Skin|[of] p1a: Garchomp
|-damage|p2a: Great Tusk|0 fnt|[from] item: Rocky Helmet|[of] p1a: Garchomp
|faint|p1a: Garchomp
|faint|p2a: Great Tusk
|-end|p2a: Great Tusk|Protosynthesis|[silent]
|
|upkeep
|
|t:|1743934529
|switch|p2a: Scizor|Scizor, F|76/100
|switch|p1a: Slowking|Slowking-Galar, M|90/100
|-damage|p2a: Scizor|64/100|[from] Stealth Rock
|-damage|p2a: Scizor|52/100|[from] Spikes
|turn|22
|
|t:|1743934535
|move|p2a: Scizor|Knock Off|p1a: Slowking
|-supereffective|p1a: Slowking
|-damage|p1a: Slowking|0 fnt
|-enditem|p1a: Slowking|Heavy-Duty Boots|[from] move: Knock Off|[of] p2a: Scizor
|faint|p1a: Slowking
|
|upkeep
|
|t:|1743934541
|switch|p1a: Moltres|Moltres|70/100
|turn|23
|
|t:|1743934546
|switch|p2a: Moltres|Moltres|47/100
|-damage|p2a: Moltres|0 fnt|[from] Stealth Rock
|faint|p2a: Moltres
|move|p1a: Moltres|Flamethrower|p2: Moltres|[notarget]
|-fail|p1a: Moltres
|
|upkeep
|
|t:|1743934549
|switch|p2a: Samurott|Samurott-Hisui, M|47/100
|-damage|p2a: Samurott|35/100|[from] Stealth Rock
|-damage|p2a: Samurott|23/100|[from] Spikes
|turn|24
|
|t:|1743934555
|switch|p1a: Kingambit|Kingambit, F|100/100
|-activate|p1a: Kingambit|ability: Supreme Overlord
|-start|p1a: Kingambit|fallen2|[silent]
|move|p2a: Samurott|Razor Shell|p1a: Kingambit
|-damage|p1a: Kingambit|63/100
|
|upkeep
|turn|25
|
|t:|1743934564
|move|p2a: Samurott|Razor Shell|p1a: Kingambit
|-damage|p1a: Kingambit|26/100
|move|p1a: Kingambit|Kowtow Cleave|p2a: Samurott
|-resisted|p2a: Samurott
|-damage|p2a: Samurott|0 fnt
|faint|p2a: Samurott
|
|upkeep
|
|t:|1743934568
|switch|p2a: Iron Crown|Iron Crown|100/100
|-damage|p2a: Iron Crown|94/100|[from] Stealth Rock
|-damage|p2a: Iron Crown|82/100|[from] Spikes
|-enditem|p2a: Iron Crown|Booster Energy
|-activate|p2a: Iron Crown|ability: Quark Drive|[fromitem]
|-start|p2a: Iron Crown|quarkdrivespe
|turn|26
|
|t:|1743934577
|-terastallize|p2a: Iron Crown|Fighting
|move|p1a: Kingambit|Sucker Punch||[still]
|-fail|p1a: Kingambit
|move|p2a: Iron Crown|Calm Mind|p2a: Iron Crown
|-boost|p2a: Iron Crown|spa|1
|-boost|p2a: Iron Crown|spd|1
|
|upkeep
|turn|27
|
|t:|1743934582
|move|p2a: Iron Crown|Tachyon Cutter|p1a: Kingambit
|-resisted|p1a: Kingambit
|-damage|p1a: Kingambit|7/100
|-resisted|p1a: Kingambit
|-damage|p1a: Kingambit|0 fnt
|faint|p1a: Kingambit
|-end|p1a: Kingambit|fallen2|[silent]
|-hitcount|p1: Kingambit|2
|
|upkeep
|
|t:|1743934589
|switch|p1a: Gholdengo|Gholdengo|100/100
|turn|28
|
|t:|1743934595
|move|p2a: Iron Crown|Tachyon Cutter|p1a: Gholdengo
|-resisted|p1a: Gholdengo
|-damage|p1a: Gholdengo|85/100
|-resisted|p1a: Gholdengo
|-damage|p1a: Gholdengo|66/100
|-hitcount|p1a: Gholdengo|2
|move|p1a: Gholdengo|Thunder Wave|p2a: Iron Crown
|-status|p2a: Iron Crown|par
|
|upkeep
|turn|29
|
|t:|1743934598
|move|p2a: Iron Crown|Psychic Noise|p1a: Gholdengo
|-resisted|p1a: Gholdengo
|-damage|p1a: Gholdengo|43/100
|-start|p1a: Gholdengo|move: Heal Block
|move|p1a: Gholdengo|Hex|p2a: Iron Crown
|-damage|p2a: Iron Crown|46/100 par
|
|upkeep
|turn|30
|
|t:|1743934601
|move|p2a: Iron Crown|Tachyon Cutter|p1a: Gholdengo
|-resisted|p1a: Gholdengo
|-damage|p1a: Gholdengo|24/100
|-resisted|p1a: Gholdengo
|-damage|p1a: Gholdengo|8/100
|-hitcount|p1a: Gholdengo|2
|move|p1a: Gholdengo|Hex|p2a: Iron Crown
|-damage|p2a: Iron Crown|13/100 par
|
|-end|p1a: Gholdengo|move: Heal Block
|upkeep
|turn|31
|
|t:|1743934606
|move|p2a: Iron Crown|Tachyon Cutter|p1a: Gholdengo
|-resisted|p1a: Gholdengo
|-damage|p1a: Gholdengo|0 fnt
|faint|p1a: Gholdengo
|-hitcount|p1: Gholdengo|1
|
|upkeep
|
|t:|1743934609
|switch|p1a: Iron Valiant|Iron Valiant, tera:Dark|26/100
|turn|32
|
|t:|1743934612
|move|p1a: Iron Valiant|Moonblast|p2a: Iron Crown
|-supereffective|p2a: Iron Crown
|-damage|p2a: Iron Crown|0 fnt
|faint|p2a: Iron Crown
|-end|p2a: Iron Crown|Quark Drive|[silent]
|
|upkeep
|
|t:|1743934613
|switch|p2a: Scizor|Scizor, F|52/100
|-damage|p2a: Scizor|39/100|[from] Stealth Rock
|-damage|p2a: Scizor|27/100|[from] Spikes
|turn|33
|
|t:|1743934617
|move|p2a: Scizor|Bullet Punch|p1a: Iron Valiant
|-damage|p1a: Iron Valiant|0 fnt
|faint|p1a: Iron Valiant
|-end|p1a: Iron Valiant|Quark Drive|[silent]
|
|upkeep
|
|t:|1743934619
|switch|p1a: Moltres|Moltres|70/100
|turn|34
|
|t:|1743934621
|move|p2a: Scizor|Bullet Punch|p1a: Moltres
|-resisted|p1a: Moltres
|-damage|p1a: Moltres|44/100
|move|p1a: Moltres|Flamethrower|p2a: Scizor
|-supereffective|p2a: Scizor
|-damage|p2a: Scizor|0 fnt
|faint|p2a: Scizor
|
|win|jpapaio
|raw|jpapaio's rating: 1718 &rarr; <strong>1739</strong><br />(+21 for winning)
|raw|Golisopod Enjoyer's rating: 1734 &rarr; <strong>1713</strong><br />(-21 for losing)
|c|☆jpapaio|gg
|c|☆Golisopod Enjoyer|Gg
|l|☆Golisopod Enjoyer
|player|p2|
|l|☆jpapaio
|player|p1|
