|j|☆Jamesinator
|j|☆Olaf Grossebaf
|t:|1743933858
|gametype|singles
|player|p1|Jamesinator|1|1363
|player|p2|Olaf Grossebaf|rood|1419
|teamsize|p1|6
|teamsize|p2|6
|gen|9
|tier|[Gen 9] OU
|rated|
|rule|HP Percentage Mod: HP is shown in percentages
|rule|Endless Battle Clause: Forcing endless battles is banned
|rule|Species Clause: Limit one of each Pokémon
|rule|OHKO Clause: OHKO moves are banned
|rule|Evasion Items Clause: Evasion items are banned
|rule|Evasion Moves Clause: Evasion moves are banned
|rule|Sleep Moves Clause: Sleep-inducing moves are banned
|clearpoke
|poke|p1|Kingambit, M|
|poke|p1|Conkeldurr, F|
|poke|p1|Gholdengo|
|poke|p1|Zapdos|
|poke|p1|Rillaboom, M|
|poke|p1|Tentacruel, F|
|poke|p2|Clodsire, M|
|poke|p2|Cinderace, F|
|poke|p2|Mew|
|poke|p2|Meowscarada, M|
|poke|p2|Heatran, F|
|poke|p2|Corviknight, M|
|teampreview
|inactive|Battle timer is ON: inactive players will automatically lose when time's up. (requested by Olaf Grossebaf)
|
|t:|1743933875
|start
|switch|p1a: Rainnicane|Zapdos|100/100
|switch|p2a: Mew|Mew|100/100
|turn|1
|
|t:|1743933883
|move|p2a: Mew|Nasty Plot|p2a: Mew
|-boost|p2a: Mew|spa|2
|move|p1a: Rainnicane|Volt Switch|p2a: Mew
|-damage|p2a: Mew|63/100
|
|t:|1743933889
|switch|p1a: I dropped my vest|Rillaboom, M|100/100|[from] Volt Switch
|-fieldstart|move: Grassy Terrain|[from] ability: Grassy Surge|[of] p1a: I dropped my vest
|
|-heal|p2a: Mew|69/100|[from] Grassy Terrain
|upkeep
|turn|2
|
|t:|1743933897
|move|p1a: I dropped my vest|Grassy Glide|p2a: Mew
|-damage|p2a: Mew|13/100
|move|p2a: Mew|Ice Beam|p1a: I dropped my vest
|-supereffective|p1a: I dropped my vest
|-damage|p1a: I dropped my vest|0 fnt
|faint|p1a: I dropped my vest
|
|-heal|p2a: Mew|19/100|[from] Grassy Terrain
|upkeep
|
|t:|1743933905
|switch|p1a: Chople Mcphee|Kingambit, M|100/100
|-activate|p1a: Chople Mcphee|ability: Supreme Overlord
|-start|p1a: Chople Mcphee|fallen1|[silent]
|turn|3
|
|t:|1743933921
|switch|p2a: Corviknight|Corviknight, M|100/100
|-ability|p2a: Corviknight|Pressure
|move|p1a: Chople Mcphee|Sucker Punch||[still]
|-fail|p1a: Chople Mcphee
|
|upkeep
|turn|4
|
|t:|1743933931
|-end|p1a: Chople Mcphee|fallen1|[silent]
|switch|p1a: Rainnicane|Zapdos|100/100
|move|p2a: Corviknight|Iron Defense|p2a: Corviknight
|-boost|p2a: Corviknight|def|2
|
|upkeep
|turn|5
|
|t:|1743933938
|switch|p2a: Clodsire|Clodsire, M|100/100
|move|p1a: Rainnicane|Thunder Wave|p2a: Clodsire
|-immune|p2a: Clodsire
|
|-fieldend|move: Grassy Terrain
|upkeep
|turn|6
|
|t:|1743933948
|switch|p1a: Jerry|Conkeldurr, F|100/100
|move|p2a: Clodsire|Earthquake|p1a: Jerry
|-damage|p1a: Jerry|76/100
|
|-status|p1a: Jerry|brn|[from] item: Flame Orb
|upkeep
|turn|7
|
|t:|1743933957
|switch|p2a: Corviknight|Corviknight, M|100/100
|-ability|p2a: Corviknight|Pressure
|move|p1a: Jerry|Knock Off|p2a: Corviknight
|-damage|p2a: Corviknight|64/100
|-damage|p1a: Jerry|59/100 brn|[from] item: Rocky Helmet|[of] p2a: Corviknight
|-enditem|p2a: Corviknight|Rocky Helmet|[from] move: Knock Off|[of] p1a: Jerry
|
|-damage|p1a: Jerry|53/100 brn|[from] brn
|upkeep
|turn|8
|
|t:|1743933968
|move|p2a: Corviknight|Roost|p2a: Corviknight
|-heal|p2a: Corviknight|100/100
|-singleturn|p2a: Corviknight|move: Roost
|move|p1a: Jerry|Drain Punch|p2a: Corviknight
|-supereffective|p2a: Corviknight
|-damage|p2a: Corviknight|15/100
|-heal|p1a: Jerry|95/100 brn|[from] drain|[of] p2a: Corviknight
|
|-damage|p1a: Jerry|89/100 brn|[from] brn
|upkeep
|turn|9
|
|t:|1743933990
|move|p2a: Corviknight|Iron Defense|p2a: Corviknight
|-boost|p2a: Corviknight|def|2
|move|p1a: Jerry|Drain Punch|p2a: Corviknight
|-crit|p2a: Corviknight
|-damage|p2a: Corviknight|0 fnt
|-heal|p1a: Jerry|96/100 brn|[from] drain|[of] p2a: Corviknight
|faint|p2a: Corviknight
|
|-damage|p1a: Jerry|90/100 brn|[from] brn
|upkeep
|
|t:|1743934000
|switch|p2a: Mew|Mew|19/100
|turn|10
|
|t:|1743934007
|move|p1a: Jerry|Mach Punch|p2a: Mew
|-resisted|p2a: Mew
|-damage|p2a: Mew|1/100
|move|p2a: Mew|Psychic|p1a: Jerry
|-supereffective|p1a: Jerry
|-damage|p1a: Jerry|0 fnt
|faint|p1a: Jerry
|
|upkeep
|
|t:|1743934018
|switch|p1a: Chople Mcphee|Kingambit, M|100/100
|-activate|p1a: Chople Mcphee|ability: Supreme Overlord
|-start|p1a: Chople Mcphee|fallen2|[silent]
|turn|11
|
|t:|1743934026
|switch|p2a: Heatran|Heatran, F|100/100
|-item|p2a: Heatran|Air Balloon
|move|p1a: Chople Mcphee|Sucker Punch||[still]
|-fail|p1a: Chople Mcphee
|
|upkeep
|turn|12
|
|t:|1743934034
|-end|p1a: Chople Mcphee|fallen2|[silent]
|switch|p1a: Tentacruel|Tentacruel, F|100/100
|move|p2a: Heatran|Will-O-Wisp|p1a: Tentacruel
|-status|p1a: Tentacruel|brn
|
|-damage|p1a: Tentacruel|94/100 brn|[from] brn
|upkeep
|turn|13
|
|t:|1743934043
|switch|p2a: Clodsire|Clodsire, M|100/100
|move|p1a: Tentacruel|Surf|p2a: Clodsire
|-immune|p2a: Clodsire|[from] ability: Water Absorb
|
|-damage|p1a: Tentacruel|88/100 brn|[from] brn
|upkeep
|turn|14
|
|t:|1743934058
|switch|p1a: A Tough Choice|Gholdengo|100/100
|move|p2a: Clodsire|Toxic|p1a: A Tough Choice
|-immune|p1a: A Tough Choice|[from] ability: Good as Gold
|
|upkeep
|turn|15
|
|t:|1743934065
|-terastallize|p1a: A Tough Choice|Flying
|move|p1a: A Tough Choice|Nasty Plot|p1a: A Tough Choice
|-boost|p1a: A Tough Choice|spa|2
|move|p2a: Clodsire|Earthquake|p1a: A Tough Choice
|-immune|p1a: A Tough Choice
|
|upkeep
|turn|16
|
|t:|1743934079
|move|p2a: Clodsire|Protect|p2a: Clodsire
|-singleturn|p2a: Clodsire|Protect
|move|p1a: A Tough Choice|Shadow Ball|p2a: Clodsire
|-activate|p2a: Clodsire|move: Protect
|
|upkeep
|turn|17
|
|t:|1743934102
|switch|p2a: Meowscarada|Meowscarada, M|100/100
|move|p1a: A Tough Choice|Make It Rain|p2a: Meowscarada
|-damage|p2a: Meowscarada|0 fnt
|-unboost|p1a: A Tough Choice|spa|1
|faint|p2a: Meowscarada
|
|upkeep
|
|t:|1743934114
|switch|p2a: Mew|Mew|1/100
|turn|18
|
|t:|1743934124
|switch|p1a: Chople Mcphee|Kingambit, M|100/100
|-activate|p1a: Chople Mcphee|ability: Supreme Overlord
|-start|p1a: Chople Mcphee|fallen2|[silent]
|move|p2a: Mew|Volt Switch|p1a: Chople Mcphee
|-damage|p1a: Chople Mcphee|87/100
|
|t:|1743934132
|switch|p2a: Heatran|Heatran, F|100/100|[from] Volt Switch
|-item|p2a: Heatran|Air Balloon
|
|upkeep
|turn|19
|
|t:|1743934138
|-end|p1a: Chople Mcphee|fallen2|[silent]
|switch|p1a: Tentacruel|Tentacruel, F|88/100 brn
|move|p2a: Heatran|Magma Storm|p1a: Tentacruel|[miss]
|-miss|p2a: Heatran|p1a: Tentacruel
|
|-damage|p1a: Tentacruel|82/100 brn|[from] brn
|upkeep
|turn|20
|
|t:|1743934148
|switch|p2a: Clodsire|Clodsire, M|100/100
|move|p1a: Tentacruel|Surf|p2a: Clodsire
|-immune|p2a: Clodsire|[from] ability: Water Absorb
|
|-damage|p1a: Tentacruel|76/100 brn|[from] brn
|upkeep
|turn|21
|
|t:|1743934158
|switch|p1a: A Tough Choice|Gholdengo, tera:Flying|100/100
|switch|p2a: Mew|Mew|1/100
|
|upkeep
|turn|22
|
|t:|1743934168
|move|p2a: Mew|Volt Switch|p1a: A Tough Choice
|-supereffective|p1a: A Tough Choice
|-damage|p1a: A Tough Choice|57/100
|
|t:|1743934182
|switch|p2a: Cinderace|Cinderace, F|100/100|[from] Volt Switch
|move|p1a: A Tough Choice|Shadow Ball|p2a: Cinderace
|-damage|p2a: Cinderace|34/100
|
|-heal|p1a: A Tough Choice|63/100|[from] item: Leftovers
|upkeep
|turn|23
|
|t:|1743934192
|switch|p1a: Tentacruel|Tentacruel, F|76/100 brn
|move|p2a: Cinderace|Pyro Ball|p1a: Tentacruel
|-resisted|p1a: Tentacruel
|-damage|p1a: Tentacruel|46/100 brn
|
|-damage|p1a: Tentacruel|40/100 brn|[from] brn
|upkeep
|turn|24
|
|t:|1743934202
|move|p2a: Cinderace|Pyro Ball|p1a: Tentacruel
|-resisted|p1a: Tentacruel
|-damage|p1a: Tentacruel|10/100 brn
|move|p1a: Tentacruel|Sludge Bomb|p2a: Cinderace
|-crit|p2a: Cinderace
|-damage|p2a: Cinderace|0 fnt
|faint|p2a: Cinderace
|
|-damage|p1a: Tentacruel|4/100 brn|[from] brn
|upkeep
|
|t:|1743934211
|switch|p2a: Mew|Mew|1/100
|turn|25
|
|t:|1743934214
|move|p2a: Mew|Volt Switch|p1a: Tentacruel
|-supereffective|p1a: Tentacruel
|-damage|p1a: Tentacruel|0 fnt
|faint|p1a: Tentacruel
|
|t:|1743934220
|switch|p2a: Heatran|Heatran, F|100/100|[from] Volt Switch
|-item|p2a: Heatran|Air Balloon
|
|upkeep
|
|t:|1743934224
|switch|p1a: Rainnicane|Zapdos|100/100
|turn|26
|
|t:|1743934236
|move|p2a: Heatran|Magma Storm|p1a: Rainnicane
|-damage|p1a: Rainnicane|49/100
|-activate|p1a: Rainnicane|move: Magma Storm|[of] p2a: Heatran
|move|p1a: Rainnicane|Volt Switch|p2a: Heatran
|-damage|p2a: Heatran|63/100
|-enditem|p2a: Heatran|Air Balloon
|
|t:|1743934245
|switch|p1a: Chople Mcphee|Kingambit, M|87/100|[from] Volt Switch
|-activate|p1a: Chople Mcphee|ability: Supreme Overlord
|-start|p1a: Chople Mcphee|fallen3|[silent]
|
|upkeep
|turn|27
|
|t:|1743934256
|move|p1a: Chople Mcphee|Sucker Punch||[still]
|-fail|p1a: Chople Mcphee
|move|p2a: Heatran|Will-O-Wisp|p1a: Chople Mcphee
|-status|p1a: Chople Mcphee|brn
|
|-damage|p1a: Chople Mcphee|81/100 brn|[from] brn
|upkeep
|turn|28
|
|t:|1743934264
|move|p2a: Heatran|Magma Storm|p1a: Chople Mcphee
|-supereffective|p1a: Chople Mcphee
|-damage|p1a: Chople Mcphee|8/100 brn
|-activate|p1a: Chople Mcphee|move: Magma Storm|[of] p2a: Heatran
|move|p1a: Chople Mcphee|Low Kick|p2a: Heatran
|-supereffective|p2a: Heatran
|-damage|p2a: Heatran|0 fnt
|faint|p2a: Heatran
|
|-damage|p1a: Chople Mcphee|1/100 brn|[from] brn
|-end|p1a: Chople Mcphee|Magma Storm|[partiallytrapped]|[silent]
|upkeep
|
|t:|1743934279
|switch|p2a: Clodsire|Clodsire, M|100/100
|turn|29
|
|t:|1743934286
|-end|p1a: Chople Mcphee|fallen3|[silent]
|switch|p1a: Rainnicane|Zapdos|49/100
|move|p2a: Clodsire|Protect||[still]
|-fail|p2a: Clodsire
|
|upkeep
|turn|30
|
|t:|1743934292
|move|p1a: Rainnicane|Roost|p1a: Rainnicane
|-heal|p1a: Rainnicane|99/100
|-singleturn|p1a: Rainnicane|move: Roost
|move|p2a: Clodsire|Toxic|p1a: Rainnicane
|-status|p1a: Rainnicane|tox
|
|-damage|p1a: Rainnicane|93/100 tox|[from] psn
|upkeep
|turn|31
|
|t:|1743934306
|switch|p1a: A Tough Choice|Gholdengo, tera:Flying|63/100
|switch|p2a: Mew|Mew|1/100
|
|-heal|p1a: A Tough Choice|69/100|[from] item: Leftovers
|upkeep
|turn|32
|l|☆Olaf Grossebaf
|inactive|Olaf Grossebaf disconnected and has a minute to reconnect!
|player|p2|
|j|☆Olaf Grossebaf
|inactive|Olaf Grossebaf reconnected and has 130 seconds left.
|player|p2|Olaf Grossebaf|rood|
|inactive|Olaf Grossebaf has 120 seconds left.
|
|t:|1743934341
|move|p2a: Mew|Volt Switch|p1a: A Tough Choice
|-supereffective|p1a: A Tough Choice
|-damage|p1a: A Tough Choice|21/100
|
|t:|1743934344
|switch|p2a: Clodsire|Clodsire, M|100/100|[from] Volt Switch
|move|p1a: A Tough Choice|Recover|p1a: A Tough Choice
|-heal|p1a: A Tough Choice|71/100
|
|-heal|p1a: A Tough Choice|77/100|[from] item: Leftovers
|upkeep
|turn|33
|inactive|Olaf Grossebaf has 120 seconds left.
|
|t:|1743934376
|move|p1a: A Tough Choice|Nasty Plot|p1a: A Tough Choice
|-boost|p1a: A Tough Choice|spa|2
|move|p2a: Clodsire|Recover||[still]
|-fail|p2a: Clodsire|heal
|
|-heal|p1a: A Tough Choice|83/100|[from] item: Leftovers
|upkeep
|turn|34
|
|t:|1743934387
|switch|p2a: Mew|Mew|1/100
|move|p1a: A Tough Choice|Shadow Ball|p2a: Mew
|-supereffective|p2a: Mew
|-damage|p2a: Mew|0 fnt
|faint|p2a: Mew
|
|-heal|p1a: A Tough Choice|89/100|[from] item: Leftovers
|upkeep
|-message|Olaf Grossebaf forfeited.
|
|win|Jamesinator
|raw|Jamesinator's rating: 1363 &rarr; <strong>1386</strong><br />(+23 for winning)
|raw|Olaf Grossebaf's rating: 1419 &rarr; <strong>1396</strong><br />(-23 for losing)
|l|☆Olaf Grossebaf
|player|p2|
|l|☆Jamesinator
|player|p1|
