|j|☆OuClimberOfficial
|j|☆HelloHiHowAreYou
|t:|1743923362
|gametype|singles
|player|p1|OuClimberOfficial|bugsy|1147
|player|p2|HelloHiHowAreYou|fantina|1254
|teamsize|p1|6
|teamsize|p2|6
|gen|9
|tier|[Gen 9] OU
|rated|
|rule|HP Percentage Mod: HP is shown in percentages
|rule|Endless Battle Clause: Forcing endless battles is banned
|rule|Species Clause: Limit one of each Pokémon
|rule|OHKO Clause: OHKO moves are banned
|rule|Evasion Items Clause: Evasion items are banned
|rule|Evasion Moves Clause: Evasion moves are banned
|rule|Sleep Moves Clause: Sleep-inducing moves are banned
|clearpoke
|poke|p1|Mabosstiff, F|
|poke|p1|Ribombee, M|
|poke|p1|Dondozo, F|
|poke|p1|Tsareena, F|
|poke|p1|Ambipom, F|
|poke|p1|Heatran, F|
|poke|p2|Greninja-*, F|
|poke|p2|Cinderace, M|
|poke|p2|Moltres-Galar|
|poke|p2|Slowking-Galar, F|
|poke|p2|Gliscor, F|
|poke|p2|Iron Valiant|
|teampreview
|inactive|Battle timer is ON: inactive players will automatically lose when time's up. (requested by HelloHiHowAreYou)
|
|t:|1743923368
|start
|switch|p1a: Ribombee|Ribombee, M, shiny|100/100
|switch|p2a: Greninja|Greninja, F|100/100
|turn|1
|
|t:|1743923380
|move|p1a: Ribombee|Stun Spore|p2a: Greninja
|-status|p2a: Greninja|par
|move|p2a: Greninja|Sludge Wave|p1a: Ribombee
|-start|p2a: Greninja|typechange|Poison|[from] ability: Protean
|-supereffective|p1a: Ribombee
|-enditem|p1a: Ribombee|Focus Sash
|-damage|p1a: Ribombee|1/100
|
|upkeep
|turn|2
|
|t:|1743923390
|move|p1a: Ribombee|Sticky Web|p2a: Greninja
|-sidestart|p2: HelloHiHowAreYou|move: Sticky Web
|move|p2a: Greninja|Dark Pulse|p1a: Ribombee
|-resisted|p1a: Ribombee
|-damage|p1a: Ribombee|0 fnt
|faint|p1a: Ribombee
|
|upkeep
|
|t:|1743923401
|switch|p1a: Ambipom|Ambipom, F|100/100
|turn|3
|
|t:|1743923407
|move|p1a: Ambipom|Fake Out|p2a: Greninja
|-damage|p2a: Greninja|44/100 par
|-damage|p1a: Ambipom|91/100|[from] item: Life Orb
|cant|p2a: Greninja|flinch
|
|-heal|p2a: Greninja|50/100 par|[from] item: Black Sludge
|upkeep
|turn|4
|
|t:|1743923415
|move|p1a: Ambipom|Last Resort|p2a: Greninja
|-damage|p2a: Greninja|0 fnt
|faint|p2a: Greninja
|-damage|p1a: Ambipom|81/100|[from] item: Life Orb
|
|upkeep
|
|t:|1743923427
|switch|p2a: Gliscor|Gliscor, F|100/100
|turn|5
|
|t:|1743923430
|move|p1a: Ambipom|Last Resort|p2a: Gliscor
|-damage|p2a: Gliscor|35/100
|-damage|p1a: Ambipom|71/100|[from] item: Life Orb
|move|p2a: Gliscor|Knock Off|p1a: Ambipom
|-damage|p1a: Ambipom|19/100
|-enditem|p1a: Ambipom|Life Orb|[from] move: Knock Off|[of] p2a: Gliscor
|
|-status|p2a: Gliscor|tox|[from] item: Toxic Orb
|upkeep
|turn|6
|
|t:|1743923440
|move|p2a: Gliscor|Protect|p2a: Gliscor
|-singleturn|p2a: Gliscor|Protect
|move|p1a: Ambipom|Last Resort|p2a: Gliscor
|-activate|p2a: Gliscor|move: Protect
|
|-heal|p2a: Gliscor|47/100 tox|[from] ability: Poison Heal
|upkeep
|turn|7
|
|t:|1743923464
|switch|p2a: Slowking|Slowking-Galar, F, shiny|100/100
|-activate|p2a: Slowking|move: Sticky Web
|-unboost|p2a: Slowking|spe|1
|move|p1a: Ambipom|Last Resort|p2a: Slowking
|-damage|p2a: Slowking|42/100
|
|-heal|p2a: Slowking|48/100|[from] item: Leftovers
|upkeep
|turn|8
|
|t:|1743923476
|move|p1a: Ambipom|Last Resort|p2a: Slowking
|-damage|p2a: Slowking|0 fnt
|faint|p2a: Slowking
|
|upkeep
|
|t:|1743923483
|switch|p2a: Moltres|Moltres-Galar|100/100
|turn|9
|
|t:|1743923493
|move|p1a: Ambipom|Last Resort|p2a: Moltres
|-damage|p2a: Moltres|32/100
|-ability|p2a: Moltres|Berserk|boost
|-boost|p2a: Moltres|spa|1
|move|p2a: Moltres|Agility|p2a: Moltres
|-boost|p2a: Moltres|spe|2
|
|-heal|p2a: Moltres|38/100|[from] item: Leftovers
|upkeep
|turn|10
|
|t:|1743923503
|switch|p1a: Dondozo|Dondozo, F|100/100
|move|p2a: Moltres|Protect||[still]
|-fail|p2a: Moltres
|
|-heal|p2a: Moltres|44/100|[from] item: Leftovers
|upkeep
|turn|11
|
|t:|1743923511
|move|p2a: Moltres|Fiery Wrath|p1a: Dondozo
|-damage|p1a: Dondozo|60/100
|move|p1a: Dondozo|Waterfall|p2a: Moltres
|-damage|p2a: Moltres|15/100
|
|-heal|p2a: Moltres|21/100|[from] item: Leftovers
|upkeep
|turn|12
|-message|HelloHiHowAreYou forfeited.
|
|win|OuClimberOfficial
|raw|OuClimberOfficial's rating: 1147 &rarr; <strong>1179</strong><br />(+32 for winning)
|raw|HelloHiHowAreYou's rating: 1254 &rarr; <strong>1222</strong><br />(-32 for losing)
|l|☆HelloHiHowAreYou
|player|p2|
|l|☆OuClimberOfficial
|player|p1|
