|badge|p2|silver|gen9ou|30-5
|uhtml|medal-msg|<div class="broadcast-blue">Curious what those medals under the avatar are? PS now has Ladder Seasons! For more information, check out the <a href="https://www.smogon.com/forums/threads/3740067/">thread on Smogon.</a></div>
|j|☆guesyo
|j|☆Sanesa8724
|t:|1743935426
|gametype|singles
|player|p1|guesyo|unknownf|1623
|player|p2|Sanesa8724|buck|1921
|teamsize|p1|6
|teamsize|p2|6
|gen|9
|tier|[Gen 9] OU
|rated|
|rule|HP Percentage Mod: HP is shown in percentages
|rule|Endless Battle Clause: Forcing endless battles is banned
|rule|Species Clause: Limit one of each Pokémon
|rule|OHKO Clause: OHKO moves are banned
|rule|Evasion Items Clause: Evasion items are banned
|rule|Evasion Moves Clause: Evasion moves are banned
|rule|Sleep Moves Clause: Sleep-inducing moves are banned
|clearpoke
|poke|p1|Zamazenta-*|
|poke|p1|Ogerpon-Wellspring, F|
|poke|p1|Slowking-Galar, F|
|poke|p1|Great Tusk|
|poke|p1|Kingambit, F|
|poke|p1|Zapdos|
|poke|p2|Orthworm, F|
|poke|p2|Clodsire, F|
|poke|p2|Pecharunt|
|poke|p2|Great Tusk|
|poke|p2|Slowking, M|
|poke|p2|Weavile, F|
|teampreview
|
|t:|1743935474
|start
|switch|p1a: Ogerpon|Ogerpon-Wellspring, F|100/100
|switch|p2a: Pecha rating|Pecharunt|100/100
|turn|1
|
|t:|1743935479
|move|p1a: Ogerpon|U-turn|p2a: Pecha rating
|-resisted|p2a: Pecha rating
|-damage|p2a: Pecha rating|97/100
|
|t:|1743935481
|switch|p1a: Slowking|Slowking-Galar, F|100/100|[from] U-turn
|move|p2a: Pecha rating|Parting Shot|p1a: Slowking
|-unboost|p1a: Slowking|atk|1
|-unboost|p1a: Slowking|spa|1
|
|t:|1743935490
|switch|p2a: 72 9% my ass|Weavile, F, shiny|100/100|[from] Parting Shot
|-ability|p2a: 72 9% my ass|Pressure
|
|upkeep
|turn|2
|
|t:|1743935499
|switch|p1a: Zapdos|Zapdos|100/100
|move|p2a: 72 9% my ass|Knock Off|p1a: Zapdos
|-damage|p1a: Zapdos|64/100
|-enditem|p1a: Zapdos|Heavy-Duty Boots|[from] move: Knock Off|[of] p2a: 72 9% my ass
|
|upkeep
|turn|3
|
|t:|1743935516
|move|p2a: 72 9% my ass|Triple Axel|p1a: Zapdos
|-supereffective|p1a: Zapdos
|-damage|p1a: Zapdos|49/100
|-supereffective|p1a: Zapdos
|-damage|p1a: Zapdos|17/100
|-supereffective|p1a: Zapdos
|-damage|p1a: Zapdos|0 fnt
|faint|p1a: Zapdos
|-hitcount|p1: Zapdos|3
|
|upkeep
|c|☆Sanesa8724|mb
|c|☆guesyo|that's life
|c|☆guesyo|prolly should have went zam anyway
|
|t:|1743935540
|switch|p1a: Zamazenta|Zamazenta|100/100
|-ability|p1a: Zamazenta|Dauntless Shield|boost
|-boost|p1a: Zamazenta|def|1
|turn|4
|c|☆Sanesa8724|Yeah#
|
|t:|1743935547
|switch|p2a: Pecha rating|Pecharunt|97/100
|move|p1a: Zamazenta|Stone Edge|p2a: Pecha rating|[miss]
|-miss|p1a: Zamazenta|p2a: Pecha rating
|
|upkeep
|turn|5
|
|t:|1743935555
|switch|p1a: Slowking|Slowking-Galar, F|100/100
|move|p2a: Pecha rating|Malignant Chain|p1a: Slowking
|-resisted|p1a: Slowking
|-damage|p1a: Slowking|92/100
|
|upkeep
|turn|6
|
|t:|1743935561
|move|p2a: Pecha rating|Parting Shot|p1a: Slowking
|-unboost|p1a: Slowking|atk|1
|-unboost|p1a: Slowking|spa|1
|
|t:|1743935565
|switch|p2a: Headache = Genius?|Slowking, M, shiny|100/100|[from] Parting Shot
|move|p1a: Slowking|Psyshock|p2a: Headache = Genius?
|-resisted|p2a: Headache = Genius?
|-damage|p2a: Headache = Genius?|88/100
|
|upkeep
|turn|7
|
|t:|1743935573
|switch|p1a: Ogerpon|Ogerpon-Wellspring, F|100/100
|move|p2a: Headache = Genius?|Future Sight|p1a: Ogerpon
|-start|p2a: Headache = Genius?|move: Future Sight
|
|upkeep
|turn|8
|
|t:|1743935579
|switch|p2a: Pecha rating|Pecharunt|97/100
|move|p1a: Ogerpon|Knock Off|p2a: Pecha rating
|-supereffective|p2a: Pecha rating
|-damage|p2a: Pecha rating|59/100
|-enditem|p2a: Pecha rating|Heavy-Duty Boots|[from] move: Knock Off|[of] p1a: Ogerpon
|
|upkeep
|turn|9
|
|t:|1743935585
|move|p1a: Ogerpon|U-turn|p2a: Pecha rating
|-resisted|p2a: Pecha rating
|-damage|p2a: Pecha rating|56/100
|
|t:|1743935588
|switch|p1a: Kingambit|Kingambit, F|100/100|[from] U-turn
|-activate|p1a: Kingambit|ability: Supreme Overlord
|-start|p1a: Kingambit|fallen1|[silent]
|move|p2a: Pecha rating|Parting Shot|p1a: Kingambit
|-unboost|p1a: Kingambit|atk|1
|-unboost|p1a: Kingambit|spa|1
|
|t:|1743935591
|switch|p2a: Fantastic Tusk|Great Tusk, shiny|100/100|[from] Parting Shot
|
|-end|p1a: Kingambit|move: Future Sight
|-immune|p1a: Kingambit
|upkeep
|turn|10
|
|t:|1743935601
|-end|p1a: Kingambit|fallen1|[silent]
|switch|p1a: Zamazenta|Zamazenta|100/100
|move|p2a: Fantastic Tusk|Headlong Rush|p1a: Zamazenta
|-damage|p1a: Zamazenta|37/100
|-unboost|p2a: Fantastic Tusk|def|1
|-unboost|p2a: Fantastic Tusk|spd|1
|
|upkeep
|turn|11
|
|t:|1743935614
|move|p1a: Zamazenta|Ice Fang|p2a: Fantastic Tusk
|-supereffective|p2a: Fantastic Tusk
|-damage|p2a: Fantastic Tusk|44/100
|move|p2a: Fantastic Tusk|Headlong Rush|p1a: Zamazenta
|-damage|p1a: Zamazenta|0 fnt
|-unboost|p2a: Fantastic Tusk|def|1
|-unboost|p2a: Fantastic Tusk|spd|1
|faint|p1a: Zamazenta
|
|upkeep
|
|t:|1743935618
|switch|p1a: Ogerpon|Ogerpon-Wellspring, F|100/100
|turn|12
|
|t:|1743935660
|-end|p2a: Fantastic Tusk|Protosynthesis|[silent]
|switch|p2a: Pecha rating|Pecharunt|56/100
|move|p1a: Ogerpon|Ivy Cudgel|p2a: Pecha rating|[anim] Ivy Cudgel Water
|-damage|p2a: Pecha rating|28/100
|
|upkeep
|turn|13
|
|t:|1743935672
|-terastallize|p2a: Pecha rating|Grass
|move|p1a: Ogerpon|Ivy Cudgel|p2a: Pecha rating|[anim] Ivy Cudgel Water
|-resisted|p2a: Pecha rating
|-damage|p2a: Pecha rating|14/100
|move|p2a: Pecha rating|Recover|p2a: Pecha rating
|-heal|p2a: Pecha rating|64/100
|
|upkeep
|turn|14
|
|t:|1743935677
|move|p1a: Ogerpon|U-turn|p2a: Pecha rating
|-supereffective|p2a: Pecha rating
|-damage|p2a: Pecha rating|38/100
|
|t:|1743935685
|switch|p1a: Kingambit|Kingambit, F|100/100|[from] U-turn
|-activate|p1a: Kingambit|ability: Supreme Overlord
|-start|p1a: Kingambit|fallen2|[silent]
|move|p2a: Pecha rating|Recover|p2a: Pecha rating
|-heal|p2a: Pecha rating|88/100
|
|upkeep
|turn|15
|
|t:|1743935697
|move|p2a: Pecha rating|Parting Shot|p1a: Kingambit
|-unboost|p1a: Kingambit|atk|1
|-unboost|p1a: Kingambit|spa|1
|
|t:|1743935701
|switch|p2a: G.O.A.T.|Orthworm, F, shiny|100/100|[from] Parting Shot
|move|p1a: Kingambit|Swords Dance|p1a: Kingambit
|-boost|p1a: Kingambit|atk|2
|
|upkeep
|turn|16
|
|t:|1743935714
|-end|p1a: Kingambit|fallen2|[silent]
|switch|p1a: Slowking|Slowking-Galar, F|100/100
|move|p2a: G.O.A.T.|Iron Defense|p2a: G.O.A.T.
|-boost|p2a: G.O.A.T.|def|2
|
|upkeep
|turn|17
|
|t:|1743935722
|switch|p2a: Headache = Genius?|Slowking, M, shiny|100/100
|move|p1a: Slowking|Flamethrower|p2a: Headache = Genius?
|-resisted|p2a: Headache = Genius?
|-damage|p2a: Headache = Genius?|92/100
|
|upkeep
|turn|18
|
|t:|1743935728
|switch|p1a: Ogerpon|Ogerpon-Wellspring, F|100/100
|-prepare|p2a: Headache = Genius?|Chilly Reception|[premajor]
|move|p2a: Headache = Genius?|Chilly Reception|p2a: Headache = Genius?
|-weather|Snowscape
|
|t:|1743935736
|switch|p2a: Pecha rating|Pecharunt, tera:Grass|88/100|[from] Chilly Reception
|
|-weather|Snowscape|[upkeep]
|upkeep
|turn|19
|
|t:|1743935739
|move|p1a: Ogerpon|U-turn|p2a: Pecha rating
|-supereffective|p2a: Pecha rating
|-damage|p2a: Pecha rating|61/100
|
|t:|1743935741
|switch|p1a: Great Tusk|Great Tusk, shiny|100/100|[from] U-turn
|move|p2a: Pecha rating|Parting Shot|p1a: Great Tusk
|-unboost|p1a: Great Tusk|atk|1
|-unboost|p1a: Great Tusk|spa|1
|inactive|Battle timer is ON: inactive players will automatically lose when time's up. (requested by guesyo)
|
|t:|1743935781
|switch|p2a: G.O.A.T.|Orthworm, F, shiny|100/100|[from] Parting Shot
|
|-weather|Snowscape|[upkeep]
|upkeep
|turn|20
|
|t:|1743935786
|move|p1a: Great Tusk|Stealth Rock|p2a: G.O.A.T.
|-sidestart|p2: Sanesa8724|move: Stealth Rock
|move|p2a: G.O.A.T.|Spikes|p1a: Great Tusk
|-sidestart|p1: guesyo|Spikes
|
|-weather|Snowscape|[upkeep]
|upkeep
|turn|21
|
|t:|1743935791
|-end|p1a: Great Tusk|Protosynthesis|[silent]
|switch|p1a: Slowking|Slowking-Galar, F|100/100
|-damage|p1a: Slowking|88/100|[from] Spikes
|move|p2a: G.O.A.T.|Spikes|p1a: Slowking
|-sidestart|p1: guesyo|Spikes
|
|-weather|Snowscape|[upkeep]
|upkeep
|turn|22
|
|t:|1743935794
|switch|p2a: Headache = Genius?|Slowking, M, shiny|100/100
|move|p1a: Slowking|Flamethrower|p2a: Headache = Genius?
|-resisted|p2a: Headache = Genius?
|-damage|p2a: Headache = Genius?|91/100
|
|-weather|none
|upkeep
|turn|23
|
|t:|1743935798
|move|p1a: Slowking|Sludge Bomb|p2a: Headache = Genius?
|-damage|p2a: Headache = Genius?|65/100
|-prepare|p2a: Headache = Genius?|Chilly Reception|[premajor]
|move|p2a: Headache = Genius?|Chilly Reception|p2a: Headache = Genius?
|-weather|Snowscape
|
|t:|1743935804
|switch|p2a: 72 9% my ass|Weavile, F, shiny|100/100|[from] Chilly Reception
|-ability|p2a: 72 9% my ass|Pressure
|
|-weather|Snowscape|[upkeep]
|upkeep
|turn|24
|
|t:|1743935811
|switch|p1a: Kingambit|Kingambit, F|100/100
|-damage|p1a: Kingambit|84/100|[from] Spikes
|-activate|p1a: Kingambit|ability: Supreme Overlord
|-start|p1a: Kingambit|fallen2|[silent]
|move|p2a: 72 9% my ass|Knock Off|p1a: Kingambit
|-resisted|p1a: Kingambit
|-damage|p1a: Kingambit|67/100
|-enditem|p1a: Kingambit|Leftovers|[from] move: Knock Off|[of] p2a: 72 9% my ass
|
|-weather|Snowscape|[upkeep]
|upkeep
|turn|25
|
|t:|1743935838
|switch|p2a: Metaking|Clodsire, F, shiny|100/100
|-damage|p2a: Metaking|94/100|[from] Stealth Rock
|move|p1a: Kingambit|Swords Dance|p1a: Kingambit
|-boost|p1a: Kingambit|atk|2
|
|-weather|Snowscape|[upkeep]
|-heal|p2a: Metaking|100/100|[from] item: Leftovers
|upkeep
|turn|26
|
|t:|1743935853
|move|p1a: Kingambit|Kowtow Cleave|p2a: Metaking
|-damage|p2a: Metaking|28/100
|move|p2a: Metaking|Earthquake|p1a: Kingambit
|-supereffective|p1a: Kingambit
|-damage|p1a: Kingambit|24/100
|
|-weather|Snowscape|[upkeep]
|-heal|p2a: Metaking|34/100|[from] item: Leftovers
|upkeep
|turn|27
|j| hbaichi
|
|t:|1743935858
|switch|p2a: G.O.A.T.|Orthworm, F, shiny|100/100
|-damage|p2a: G.O.A.T.|94/100|[from] Stealth Rock
|move|p1a: Kingambit|Kowtow Cleave|p2a: G.O.A.T.
|-damage|p2a: G.O.A.T.|26/100
|-damage|p1a: Kingambit|8/100|[from] item: Rocky Helmet|[of] p2a: G.O.A.T.
|
|-weather|none
|upkeep
|turn|28
|l| hbaichi
|
|t:|1743935870
|move|p2a: G.O.A.T.|Body Press|p1a: Kingambit
|-supereffective|p1a: Kingambit
|-damage|p1a: Kingambit|0 fnt
|faint|p1a: Kingambit
|-end|p1a: Kingambit|fallen2|[silent]
|
|upkeep
|
|t:|1743935878
|switch|p1a: Ogerpon|Ogerpon-Wellspring, F|100/100
|-damage|p1a: Ogerpon|84/100|[from] Spikes
|turn|29
|
|t:|1743935886
|switch|p2a: Metaking|Clodsire, F, shiny|34/100
|-damage|p2a: Metaking|28/100|[from] Stealth Rock
|move|p1a: Ogerpon|Ivy Cudgel|p2a: Metaking|[anim] Ivy Cudgel Water
|-supereffective|p2a: Metaking
|-damage|p2a: Metaking|0 fnt
|faint|p2a: Metaking
|
|upkeep
|
|t:|1743935889
|switch|p2a: Pecha rating|Pecharunt, tera:Grass|61/100
|-damage|p2a: Pecha rating|48/100|[from] Stealth Rock
|turn|30
|
|t:|1743935898
|move|p1a: Ogerpon|U-turn|p2a: Pecha rating
|-supereffective|p2a: Pecha rating
|-damage|p2a: Pecha rating|20/100
|
|t:|1743935899
|switch|p1a: Great Tusk|Great Tusk, shiny|100/100|[from] U-turn
|move|p2a: Pecha rating|Recover|p2a: Pecha rating
|-heal|p2a: Pecha rating|70/100
|
|upkeep
|turn|31
|
|t:|1743935906
|move|p1a: Great Tusk|Rapid Spin|p2a: Pecha rating
|-damage|p2a: Pecha rating|62/100
|-boost|p1a: Great Tusk|spe|1
|-sideend|p1: guesyo|Spikes|[from] move: Rapid Spin|[of] p1a: Great Tusk
|move|p2a: Pecha rating|Malignant Chain|p1a: Great Tusk
|-resisted|p1a: Great Tusk
|-crit|p1a: Great Tusk
|-damage|p1a: Great Tusk|63/100
|-status|p1a: Great Tusk|tox
|-start|p1a: Great Tusk|confusion|[from] ability: Poison Puppeteer|[of] p2a: Pecha rating
|
|-damage|p1a: Great Tusk|57/100 tox|[from] psn
|upkeep
|turn|32
|
|t:|1743935910
|-activate|p1a: Great Tusk|confusion
|-damage|p1a: Great Tusk|47/100 tox|[from] confusion
|move|p2a: Pecha rating|Recover|p2a: Pecha rating
|-heal|p2a: Pecha rating|100/100
|
|-damage|p1a: Great Tusk|35/100 tox|[from] psn
|upkeep
|turn|33
|
|t:|1743935916
|switch|p2a: G.O.A.T.|Orthworm, F, shiny|26/100
|-damage|p2a: G.O.A.T.|20/100|[from] Stealth Rock
|-activate|p1a: Great Tusk|confusion
|move|p1a: Great Tusk|Ice Spinner|p2a: G.O.A.T.
|-resisted|p2a: G.O.A.T.
|-crit|p2a: G.O.A.T.
|-damage|p2a: G.O.A.T.|8/100
|-damage|p1a: Great Tusk|19/100 tox|[from] item: Rocky Helmet|[of] p2a: G.O.A.T.
|
|-damage|p1a: Great Tusk|0 fnt|[from] psn
|faint|p1a: Great Tusk
|-end|p1a: Great Tusk|Protosynthesis|[silent]
|upkeep
|
|t:|1743935920
|switch|p1a: Ogerpon|Ogerpon-Wellspring, F|84/100
|turn|34
|
|t:|1743935927
|move|p1a: Ogerpon|Ivy Cudgel|p2a: G.O.A.T.|[anim] Ivy Cudgel Water
|-crit|p2a: G.O.A.T.
|-damage|p2a: G.O.A.T.|0 fnt
|faint|p2a: G.O.A.T.
|
|upkeep
|
|t:|1743935930
|switch|p2a: Pecha rating|Pecharunt, tera:Grass|100/100
|-damage|p2a: Pecha rating|88/100|[from] Stealth Rock
|turn|35
|
|t:|1743935933
|move|p1a: Ogerpon|U-turn|p2a: Pecha rating
|-supereffective|p2a: Pecha rating
|-damage|p2a: Pecha rating|61/100
|
|t:|1743935935
|switch|p1a: Slowking|Slowking-Galar, F|100/100|[from] U-turn
|move|p2a: Pecha rating|Malignant Chain|p1a: Slowking
|-resisted|p1a: Slowking
|-damage|p1a: Slowking|92/100
|
|upkeep
|turn|36
|
|t:|1743935939
|move|p2a: Pecha rating|Parting Shot|p1a: Slowking
|-unboost|p1a: Slowking|atk|1
|-unboost|p1a: Slowking|spa|1
|
|t:|1743935944
|switch|p2a: 72 9% my ass|Weavile, F, shiny|100/100|[from] Parting Shot
|-ability|p2a: 72 9% my ass|Pressure
|move|p1a: Slowking|Sludge Bomb|p2a: 72 9% my ass
|-damage|p2a: 72 9% my ass|58/100
|-status|p2a: 72 9% my ass|psn
|
|-damage|p2a: 72 9% my ass|45/100 psn|[from] psn
|upkeep
|turn|37
|
|t:|1743935961
|-terastallize|p1a: Slowking|Water
|move|p2a: 72 9% my ass|Knock Off|p1a: Slowking
|-damage|p1a: Slowking|44/100
|-enditem|p1a: Slowking|Assault Vest|[from] move: Knock Off|[of] p2a: 72 9% my ass
|move|p1a: Slowking|Flamethrower|p2a: 72 9% my ass
|-supereffective|p2a: 72 9% my ass
|-damage|p2a: 72 9% my ass|0 fnt
|faint|p2a: 72 9% my ass
|
|upkeep
|
|t:|1743935983
|switch|p2a: Headache = Genius?|Slowking, M, shiny|98/100
|turn|38
|
|t:|1743935986
|switch|p1a: Ogerpon|Ogerpon-Wellspring, F|84/100
|move|p2a: Headache = Genius?|Future Sight|p1a: Ogerpon
|-start|p2a: Headache = Genius?|move: Future Sight
|
|upkeep
|turn|39
|
|t:|1743935996
|move|p1a: Ogerpon|Power Whip|p2a: Headache = Genius?|[miss]
|-miss|p1a: Ogerpon|p2a: Headache = Genius?
|-prepare|p2a: Headache = Genius?|Chilly Reception|[premajor]
|move|p2a: Headache = Genius?|Chilly Reception|p2a: Headache = Genius?
|-weather|Snowscape
|
|t:|1743935999
|switch|p2a: Pecha rating|Pecharunt, tera:Grass|61/100|[from] Chilly Reception
|-damage|p2a: Pecha rating|49/100|[from] Stealth Rock
|
|-weather|Snowscape|[upkeep]
|upkeep
|turn|40
|
|t:|1743936009
|move|p1a: Ogerpon|U-turn|p2a: Pecha rating
|-supereffective|p2a: Pecha rating
|-damage|p2a: Pecha rating|22/100
|
|t:|1743936010
|switch|p1a: Slowking|Slowking-Galar, F, tera:Water|77/100|[from] U-turn
|move|p2a: Pecha rating|Malignant Chain|p1a: Slowking
|-damage|p1a: Slowking|51/100
|
|-weather|Snowscape|[upkeep]
|-end|p1a: Slowking|move: Future Sight
|-damage|p1a: Slowking|20/100
|upkeep
|turn|41
|
|t:|1743936014
|switch|p1a: Ogerpon|Ogerpon-Wellspring, F|84/100
|move|p2a: Pecha rating|Malignant Chain|p1a: Ogerpon
|-supereffective|p1a: Ogerpon
|-damage|p1a: Ogerpon|8/100
|-status|p1a: Ogerpon|tox
|-start|p1a: Ogerpon|confusion|[from] ability: Poison Puppeteer|[of] p2a: Pecha rating
|
|-weather|Snowscape|[upkeep]
|-damage|p1a: Ogerpon|2/100 tox|[from] psn
|upkeep
|turn|42
|
|t:|1743936024
|switch|p2a: Fantastic Tusk|Great Tusk, shiny|44/100
|-activate|p1a: Ogerpon|confusion
|move|p1a: Ogerpon|U-turn|p2a: Fantastic Tusk
|-resisted|p2a: Fantastic Tusk
|-damage|p2a: Fantastic Tusk|34/100
|
|t:|1743936027
|switch|p1a: Slowking|Slowking-Galar, F, tera:Water|53/100|[from] U-turn
|
|-weather|Snowscape|[upkeep]
|upkeep
|turn|43
|
|t:|1743936030
|move|p2a: Fantastic Tusk|Headlong Rush|p1a: Slowking
|-damage|p1a: Slowking|0 fnt
|-unboost|p2a: Fantastic Tusk|def|1
|-unboost|p2a: Fantastic Tusk|spd|1
|faint|p1a: Slowking
|
|-weather|none
|upkeep
|c|☆guesyo|gg
|c|☆Sanesa8724|gg
|
|t:|1743936034
|switch|p1a: Ogerpon|Ogerpon-Wellspring, F|2/100 tox
|turn|44
|
|t:|1743936037
|move|p1a: Ogerpon|Ivy Cudgel|p2a: Fantastic Tusk|[anim] Ivy Cudgel Water
|-supereffective|p2a: Fantastic Tusk
|-damage|p2a: Fantastic Tusk|0 fnt
|faint|p2a: Fantastic Tusk
|-end|p2a: Fantastic Tusk|Protosynthesis|[silent]
|
|-damage|p1a: Ogerpon|0 fnt|[from] psn
|faint|p1a: Ogerpon
|
|win|Sanesa8724
|raw|guesyo's rating: 1623 &rarr; <strong>1617</strong><br />(-6 for losing)
|raw|Sanesa8724's rating: 1921 &rarr; <strong>1927</strong><br />(+6 for winning)
|l|☆guesyo
|player|p1|
|l|☆Sanesa8724
|player|p2|
