|j|☆rt cuivjhm 2
|j|☆BruceXavier
|t:|1743919128
|gametype|singles
|player|p1|rt cuivjhm 2|acetrainerf-gen4dp|1309
|player|p2|BruceXavier|scientist-gen4dp|1314
|teamsize|p1|6
|teamsize|p2|6
|gen|9
|tier|[Gen 9] OU
|rated|
|rule|HP Percentage Mod: HP is shown in percentages
|rule|Endless Battle Clause: Forcing endless battles is banned
|rule|Species Clause: Limit one of each Pokémon
|rule|OHKO Clause: OHKO moves are banned
|rule|Evasion Items Clause: Evasion items are banned
|rule|Evasion Moves Clause: Evasion moves are banned
|rule|Sleep Moves Clause: Sleep-inducing moves are banned
|clearpoke
|poke|p1|Ogerpon-Wellspring, F|
|poke|p1|Weavile, F|
|poke|p1|Dragapult, F|
|poke|p1|Slowking-Galar, F|
|poke|p1|Great Tusk|
|poke|p1|Scizor, F|
|poke|p2|Kingambit, M|
|poke|p2|Zamazenta-*|
|poke|p2|Dragapult, F|
|poke|p2|Darkrai|
|poke|p2|Ogerpon-Wellspring, F|
|poke|p2|Iron Moth|
|teampreview
|inactive|Battle timer is ON: inactive players will automatically lose when time's up. (requested by BruceXavier)
|
|t:|1743919156
|start
|switch|p1a: Weavile|Weavile, F|100/100
|switch|p2a: Dragapult|Dragapult, F|100/100
|-ability|p1a: Weavile|Pressure
|turn|1
|
|t:|1743919164
|move|p1a: Weavile|Ice Shard|p2a: Dragapult
|-supereffective|p2a: Dragapult
|-damage|p2a: Dragapult|48/100
|move|p2a: Dragapult|Will-O-Wisp|p1a: Weavile
|-status|p1a: Weavile|brn
|
|-damage|p1a: Weavile|94/100 brn|[from] brn
|upkeep
|turn|2
|
|t:|1743919170
|move|p2a: Dragapult|U-turn|p1a: Weavile
|-supereffective|p1a: Weavile
|-damage|p1a: Weavile|23/100 brn
|
|t:|1743919174
|switch|p2a: Zamazenta|Zamazenta|100/100|[from] U-turn
|-ability|p2a: Zamazenta|Dauntless Shield|boost
|-boost|p2a: Zamazenta|def|1
|move|p1a: Weavile|Swords Dance|p1a: Weavile
|-boost|p1a: Weavile|atk|2
|
|-damage|p1a: Weavile|17/100 brn|[from] brn
|upkeep
|turn|3
|
|t:|1743919178
|move|p2a: Zamazenta|Iron Defense|p2a: Zamazenta
|-boost|p2a: Zamazenta|def|2
|move|p1a: Weavile|Knock Off|p2a: Zamazenta
|-resisted|p2a: Zamazenta
|-damage|p2a: Zamazenta|94/100
|-enditem|p2a: Zamazenta|Leftovers|[from] move: Knock Off|[of] p1a: Weavile
|
|-damage|p1a: Weavile|11/100 brn|[from] brn
|upkeep
|turn|4
|
|t:|1743919186
|move|p2a: Zamazenta|Iron Defense|p2a: Zamazenta
|-boost|p2a: Zamazenta|def|2
|move|p1a: Weavile|Triple Axel|p2a: Zamazenta
|-damage|p2a: Zamazenta|91/100
|-damage|p2a: Zamazenta|88/100
|-damage|p2a: Zamazenta|81/100
|-hitcount|p2a: Zamazenta|3
|
|-damage|p1a: Weavile|5/100 brn|[from] brn
|upkeep
|turn|5
|
|t:|1743919193
|move|p1a: Weavile|Ice Shard|p2a: Zamazenta
|-damage|p2a: Zamazenta|77/100
|move|p2a: Zamazenta|Iron Defense|p2a: Zamazenta
|-boost|p2a: Zamazenta|def|1
|
|-damage|p1a: Weavile|0 fnt|[from] brn
|faint|p1a: Weavile
|upkeep
|
|t:|1743919196
|switch|p1a: Dragapult|Dragapult, F|100/100
|turn|6
|
|t:|1743919199
|move|p1a: Dragapult|Draco Meteor|p2a: Zamazenta
|-damage|p2a: Zamazenta|15/100
|-unboost|p1a: Dragapult|spa|2
|move|p2a: Zamazenta|Heavy Slam|p1a: Dragapult
|-damage|p1a: Dragapult|66/100
|
|upkeep
|turn|7
|
|t:|1743919206
|move|p1a: Dragapult|Draco Meteor|p2a: Zamazenta
|-damage|p2a: Zamazenta|0 fnt
|-unboost|p1a: Dragapult|spa|2
|faint|p2a: Zamazenta
|
|upkeep
|
|t:|1743919209
|switch|p2a: Dragapult|Dragapult, F|48/100
|turn|8
|
|t:|1743919218
|switch|p1a: Scizor|Scizor, F|100/100
|move|p2a: Dragapult|Dragon Darts|p1a: Scizor
|-resisted|p1a: Scizor
|-damage|p1a: Scizor|88/100
|-anim|p2a: Dragapult|Dragon Darts|p1a: Scizor
|-resisted|p1a: Scizor
|-damage|p1a: Scizor|76/100
|
|upkeep
|turn|9
|
|t:|1743919224
|move|p1a: Scizor|Bullet Punch|p2a: Dragapult
|-damage|p2a: Dragapult|0 fnt
|faint|p2a: Dragapult
|
|upkeep
|
|t:|1743919230
|switch|p2a: Iron Moth|Iron Moth|100/100
|-enditem|p2a: Iron Moth|Booster Energy
|-activate|p2a: Iron Moth|ability: Quark Drive|[fromitem]
|-start|p2a: Iron Moth|quarkdrivespe
|turn|10
|
|t:|1743919234
|switch|p1a: Slowking|Slowking-Galar, F|100/100
|move|p2a: Iron Moth|Fiery Dance|p1a: Slowking
|-damage|p1a: Slowking|77/100
|
|upkeep
|turn|11
|
|t:|1743919239
|move|p2a: Iron Moth|Substitute|p2a: Iron Moth
|-start|p2a: Iron Moth|Substitute
|-damage|p2a: Iron Moth|76/100
|move|p1a: Slowking|Future Sight|p2a: Iron Moth
|-start|p1a: Slowking|move: Future Sight
|
|upkeep
|turn|12
|
|t:|1743919245
|move|p2a: Iron Moth|Fiery Dance|p1a: Slowking
|-damage|p1a: Slowking|52/100
|move|p1a: Slowking|Sludge Bomb|p2a: Iron Moth
|-resisted|p2a: Iron Moth
|-activate|p2a: Iron Moth|move: Substitute|[damage]
|
|upkeep
|turn|13
|
|t:|1743919253
|move|p2a: Iron Moth|Fiery Dance|p1a: Slowking
|-damage|p1a: Slowking|27/100
|move|p1a: Slowking|Sludge Bomb|p2a: Iron Moth
|-resisted|p2a: Iron Moth
|-end|p2a: Iron Moth|Substitute
|
|-end|p2a: Iron Moth|move: Future Sight
|-supereffective|p2a: Iron Moth
|-damage|p2a: Iron Moth|0 fnt
|faint|p2a: Iron Moth
|-end|p2a: Iron Moth|Quark Drive|[silent]
|upkeep
|
|t:|1743919260
|switch|p2a: Kingambit|Kingambit, M|100/100
|-activate|p2a: Kingambit|ability: Supreme Overlord
|-start|p2a: Kingambit|fallen3|[silent]
|turn|14
|
|t:|1743919268
|switch|p1a: Great Tusk|Great Tusk|100/100
|move|p2a: Kingambit|Swords Dance|p2a: Kingambit
|-boost|p2a: Kingambit|atk|2
|
|upkeep
|turn|15
|
|t:|1743919273
|move|p1a: Great Tusk|Headlong Rush|p2a: Kingambit
|-supereffective|p2a: Kingambit
|-damage|p2a: Kingambit|9/100
|-unboost|p1a: Great Tusk|def|1
|-unboost|p1a: Great Tusk|spd|1
|move|p2a: Kingambit|Iron Head|p1a: Great Tusk
|-damage|p1a: Great Tusk|0 fnt
|faint|p1a: Great Tusk
|-end|p1a: Great Tusk|Protosynthesis|[silent]
|
|-heal|p2a: Kingambit|15/100|[from] item: Leftovers
|upkeep
|
|t:|1743919285
|switch|p1a: Scizor|Scizor, F|76/100
|turn|16
|
|t:|1743919288
|move|p1a: Scizor|Bullet Punch|p2a: Kingambit
|-resisted|p2a: Kingambit
|-damage|p2a: Kingambit|0 fnt
|faint|p2a: Kingambit
|-end|p2a: Kingambit|fallen3|[silent]
|
|upkeep
|
|t:|1743919291
|switch|p2a: Ogerpon|Ogerpon-Wellspring, F|100/100
|turn|17
|
|t:|1743919302
|switch|p1a: Slowking|Slowking-Galar, F|60/100
|move|p2a: Ogerpon|Ivy Cudgel|p1a: Slowking|[anim] Ivy Cudgel Water
|-damage|p1a: Slowking|2/100
|
|upkeep
|turn|18
|
|t:|1743919308
|move|p2a: Ogerpon|Ivy Cudgel|p1a: Slowking|[anim] Ivy Cudgel Water
|-damage|p1a: Slowking|0 fnt
|faint|p1a: Slowking
|
|upkeep
|
|t:|1743919310
|switch|p1a: Ogerpon|Ogerpon-Wellspring, F|100/100
|turn|19
|
|t:|1743919317
|move|p2a: Ogerpon|Horn Leech|p1a: Ogerpon
|-damage|p1a: Ogerpon|42/100
|move|p1a: Ogerpon|U-turn|p2a: Ogerpon
|-supereffective|p2a: Ogerpon
|-damage|p2a: Ogerpon|27/100
|
|t:|1743919325
|switch|p1a: Dragapult|Dragapult, F|66/100|[from] U-turn
|
|upkeep
|turn|20
|
|t:|1743919331
|move|p1a: Dragapult|U-turn|p2a: Ogerpon
|-supereffective|p2a: Ogerpon
|-damage|p2a: Ogerpon|0 fnt
|faint|p2a: Ogerpon
|
|t:|1743919333
|switch|p1a: Scizor|Scizor, F|76/100|[from] U-turn
|
|upkeep
|
|t:|1743919335
|switch|p2a: Darkrai|Darkrai|100/100
|turn|21
|
|t:|1743919339
|-terastallize|p1a: Scizor|Steel
|move|p1a: Scizor|Bullet Punch|p2a: Darkrai
|-damage|p2a: Darkrai|15/100
|move|p2a: Darkrai|Dark Pulse|p1a: Scizor
|-damage|p1a: Scizor|22/100
|
|upkeep
|turn|22
|-message|BruceXavier forfeited.
|
|win|rt cuivjhm 2
|raw|rt cuivjhm 2's rating: 1309 &rarr; <strong>1329</strong><br />(+20 for winning)
|raw|BruceXavier's rating: 1314 &rarr; <strong>1294</strong><br />(-20 for losing)
|l|☆BruceXavier
|player|p2|
