|j|☆timcheesejohnpork
|j|☆After_Sh0ck
|t:|1743928402
|gametype|singles
|player|p1|timcheesejohnpork|102|1249
|player|p2|After_Sh0ck|gentleman-gen4|1346
|teamsize|p1|6
|teamsize|p2|6
|gen|9
|tier|[Gen 9] OU
|rated|
|rule|HP Percentage Mod: HP is shown in percentages
|rule|Endless Battle Clause: Forcing endless battles is banned
|rule|Species Clause: Limit one of each Pokémon
|rule|OHKO Clause: OHKO moves are banned
|rule|Evasion Items Clause: Evasion items are banned
|rule|Evasion Moves Clause: Evasion moves are banned
|rule|Sleep Moves Clause: Sleep-inducing moves are banned
|clearpoke
|poke|p1|Darkrai|
|poke|p1|Hawlucha, F|
|poke|p1|Gholdengo|
|poke|p1|Glimmora, F|
|poke|p1|Rotom-Heat|
|poke|p1|Ogerpon-Wellspring, F|
|poke|p2|Pelipper, M|
|poke|p2|Barraskewda, F|
|poke|p2|Kilowattrel, M|
|poke|p2|Corviknight, M|
|poke|p2|Overqwil, M|
|poke|p2|Krookodile, M|
|teampreview
|inactive|Battle timer is ON: inactive players will automatically lose when time's up. (requested by After_Sh0ck)
|
|t:|1743928425
|start
|switch|p1a: Rotom|Rotom-Heat|100/100
|switch|p2a: Kilowattrel|Kilowattrel, M|100/100
|turn|1
|
|t:|1743928446
|move|p2a: Kilowattrel|Volt Switch|p1a: Rotom
|-resisted|p1a: Rotom
|-damage|p1a: Rotom|64/100
|
|t:|1743928450
|switch|p2a: Pelipper|Pelipper, M|100/100|[from] Volt Switch
|-weather|RainDance|[from] ability: Drizzle|[of] p2a: Pelipper
|move|p1a: Rotom|Overheat|p2a: Pelipper
|-resisted|p2a: Pelipper
|-damage|p2a: Pelipper|80/100
|-unboost|p1a: Rotom|spa|2
|
|-weather|RainDance|[upkeep]
|-heal|p1a: Rotom|70/100|[from] item: Leftovers
|upkeep
|turn|2
|
|t:|1743928461
|switch|p2a: Kilowattrel|Kilowattrel, M|100/100
|move|p1a: Rotom|Thunderbolt|p2a: Kilowattrel
|-immune|p2a: Kilowattrel|[from] ability: Volt Absorb
|
|-weather|RainDance|[upkeep]
|-heal|p1a: Rotom|77/100|[from] item: Leftovers
|upkeep
|turn|3
|
|t:|1743928471
|move|p2a: Kilowattrel|Weather Ball|p1a: Rotom
|-supereffective|p1a: Rotom
|-damage|p1a: Rotom|0 fnt
|faint|p1a: Rotom
|
|-weather|RainDance|[upkeep]
|upkeep
|
|t:|1743928486
|switch|p1a: Darkrai|Darkrai|100/100
|turn|4
|
|t:|1743928498
|-terastallize|p2a: Kilowattrel|Fairy
|move|p1a: Darkrai|Ice Beam|p2a: Kilowattrel
|-damage|p2a: Kilowattrel|36/100
|move|p2a: Kilowattrel|Weather Ball|p1a: Darkrai
|-damage|p1a: Darkrai|0 fnt
|faint|p1a: Darkrai
|
|-weather|RainDance|[upkeep]
|upkeep
|
|t:|1743928517
|switch|p1a: Gholdengo|Gholdengo|100/100
|turn|5
|
|t:|1743928534
|switch|p2a: Overqwil|Overqwil, M|100/100
|-ability|p2a: Overqwil|Intimidate|boost
|-unboost|p1a: Gholdengo|atk|1
|move|p1a: Gholdengo|Make It Rain|p2a: Overqwil
|-damage|p2a: Overqwil|0 fnt
|-unboost|p1a: Gholdengo|spa|1
|faint|p2a: Overqwil
|-damage|p1a: Gholdengo|91/100|[from] item: Life Orb
|
|-weather|none
|upkeep
|inactive|After_Sh0ck has 120 seconds left.
|inactive|After_Sh0ck has 90 seconds left.
|
|t:|1743928588
|switch|p2a: Pelipper|Pelipper, M|80/100
|-weather|RainDance|[from] ability: Drizzle|[of] p2a: Pelipper
|turn|6
|
|t:|1743928594
|move|p1a: Gholdengo|Shadow Ball|p2a: Pelipper
|-damage|p2a: Pelipper|23/100
|-damage|p1a: Gholdengo|81/100|[from] item: Life Orb
|move|p2a: Pelipper|U-turn|p1a: Gholdengo
|-resisted|p1a: Gholdengo
|-crit|p1a: Gholdengo
|-damage|p1a: Gholdengo|77/100
|inactive|After_Sh0ck has 90 seconds left.
|
|t:|1743928613
|switch|p2a: Barraskewda|Barraskewda, F|100/100|[from] U-turn
|
|-weather|RainDance|[upkeep]
|upkeep
|turn|7
|inactive|After_Sh0ck has 90 seconds left.
|
|t:|1743928626
|switch|p1a: Ogerpon|Ogerpon-Wellspring, F|100/100
|move|p2a: Barraskewda|Crunch|p1a: Ogerpon
|-damage|p1a: Ogerpon|46/100
|
|-weather|RainDance|[upkeep]
|upkeep
|turn|8
|inactive|After_Sh0ck has 90 seconds left.
|
|t:|1743928636
|switch|p1a: Glimmora|Glimmora, F|100/100
|move|p2a: Barraskewda|Crunch|p1a: Glimmora
|-damage|p1a: Glimmora|48/100
|-activate|p1a: Glimmora|ability: Toxic Debris
|-sidestart|p2: After_Sh0ck|move: Toxic Spikes
|
|-weather|RainDance|[upkeep]
|upkeep
|turn|9
|
|t:|1743928651
|move|p2a: Barraskewda|Crunch|p1a: Glimmora
|-damage|p1a: Glimmora|0 fnt
|-activate|p1a: Glimmora|ability: Toxic Debris
|-sidestart|p2: After_Sh0ck|move: Toxic Spikes
|faint|p1a: Glimmora
|
|-weather|RainDance|[upkeep]
|upkeep
|
|t:|1743928670
|switch|p1a: Hawlucha|Hawlucha, F|100/100
|turn|10
|
|t:|1743928683
|switch|p2a: Kilowattrel|Kilowattrel, M, tera:Fairy|36/100
|-status|p2a: Kilowattrel|tox
|move|p1a: Hawlucha|Trailblaze|p2a: Kilowattrel
|-damage|p2a: Kilowattrel|9/100 tox
|-boost|p1a: Hawlucha|spe|1
|
|-weather|none
|-damage|p2a: Kilowattrel|3/100 tox|[from] psn
|upkeep
|turn|11
|
|t:|1743928703
|move|p1a: Hawlucha|Trailblaze|p2a: Kilowattrel
|-damage|p2a: Kilowattrel|0 fnt
|-boost|p1a: Hawlucha|spe|1
|faint|p2a: Kilowattrel
|
|upkeep
|inactive|After_Sh0ck has 90 seconds left.
|
|t:|1743928721
|switch|p2a: Pelipper|Pelipper, M|23/100
|-weather|RainDance|[from] ability: Drizzle|[of] p2a: Pelipper
|turn|12
|
|t:|1743928728
|move|p1a: Hawlucha|Close Combat|p2a: Pelipper
|-resisted|p2a: Pelipper
|-damage|p2a: Pelipper|0 fnt
|-unboost|p1a: Hawlucha|def|1
|-unboost|p1a: Hawlucha|spd|1
|faint|p2a: Pelipper
|
|-weather|RainDance|[upkeep]
|upkeep
|
|t:|1743928733
|switch|p2a: Barraskewda|Barraskewda, F|100/100
|-status|p2a: Barraskewda|tox
|turn|13
|
|t:|1743928739
|move|p2a: Barraskewda|Liquidation|p1a: Hawlucha
|-damage|p1a: Hawlucha|0 fnt
|faint|p1a: Hawlucha
|
|-weather|RainDance|[upkeep]
|-damage|p2a: Barraskewda|94/100 tox|[from] psn
|upkeep
|
|t:|1743928753
|switch|p1a: Ogerpon|Ogerpon-Wellspring, F|46/100
|turn|14
|
|t:|1743928763
|switch|p2a: Corviknight|Corviknight, M|100/100
|-ability|p2a: Corviknight|Pressure
|move|p1a: Ogerpon|Power Whip|p2a: Corviknight
|-resisted|p2a: Corviknight
|-damage|p2a: Corviknight|90/100
|
|-weather|RainDance|[upkeep]
|-heal|p2a: Corviknight|97/100|[from] item: Leftovers
|upkeep
|turn|15
|inactive|After_Sh0ck has 120 seconds left.
|
|t:|1743928781
|move|p1a: Ogerpon|Ivy Cudgel|p2a: Corviknight|[anim] Ivy Cudgel Water
|-damage|p2a: Corviknight|46/100
|move|p2a: Corviknight|U-turn|p1a: Ogerpon
|-supereffective|p1a: Ogerpon
|-damage|p1a: Ogerpon|8/100
|inactive|After_Sh0ck has 120 seconds left.
|
|t:|1743928787
|switch|p2a: Barraskewda|Barraskewda, F|94/100 tox|[from] U-turn
|
|-weather|RainDance|[upkeep]
|-damage|p2a: Barraskewda|88/100 tox|[from] psn
|upkeep
|turn|16
|
|t:|1743928798
|move|p2a: Barraskewda|Crunch|p1a: Ogerpon
|-damage|p1a: Ogerpon|0 fnt
|faint|p1a: Ogerpon
|
|-weather|none
|-damage|p2a: Barraskewda|76/100 tox|[from] psn
|upkeep
|
|t:|1743928804
|switch|p1a: Gholdengo|Gholdengo|77/100
|turn|17
|
|t:|1743928831
|-terastallize|p1a: Gholdengo|Fairy
|move|p2a: Barraskewda|Crunch|p1a: Gholdengo
|-resisted|p1a: Gholdengo
|-damage|p1a: Gholdengo|52/100
|move|p1a: Gholdengo|Dazzling Gleam|p2a: Barraskewda
|-damage|p2a: Barraskewda|0 fnt
|faint|p2a: Barraskewda
|-damage|p1a: Gholdengo|42/100|[from] item: Life Orb
|
|upkeep
|
|t:|1743928846
|switch|p2a: Krookodile|Krookodile, M|100/100
|-status|p2a: Krookodile|tox
|turn|18
|
|t:|1743928850
|move|p2a: Krookodile|Earthquake|p1a: Gholdengo
|-damage|p1a: Gholdengo|0 fnt
|faint|p1a: Gholdengo
|
|win|After_Sh0ck
|raw|timcheesejohnpork's rating: 1249 &rarr; <strong>1231</strong><br />(-18 for losing)
|raw|After_Sh0ck's rating: 1346 &rarr; <strong>1361</strong><br />(+15 for winning)
|l|☆After_Sh0ck
|player|p2|
|l|☆timcheesejohnpork
|player|p1|
