|j|☆GrandFatherPurp
|j|☆Marvelia
|t:|1743923614
|gametype|singles
|player|p1|GrandFatherPurp|265|1108
|player|p2|Marvelia|265|1128
|teamsize|p1|6
|teamsize|p2|6
|gen|9
|tier|[Gen 9] OU
|rated|
|rule|HP Percentage Mod: HP is shown in percentages
|rule|Endless Battle Clause: Forcing endless battles is banned
|rule|Species Clause: Limit one of each Pokémon
|rule|OHKO Clause: OHKO moves are banned
|rule|Evasion Items Clause: Evasion items are banned
|rule|Evasion Moves Clause: Evasion moves are banned
|rule|Sleep Moves Clause: Sleep-inducing moves are banned
|clearpoke
|poke|p1|Dragonite, F|
|poke|p1|Kingambit, F|
|poke|p1|Iron Moth|
|poke|p1|Samurott-Hisui, F|
|poke|p1|Iron Valiant|
|poke|p1|Moltres-Galar|
|poke|p2|Cinderace, F|
|poke|p2|Gyarados, F|
|poke|p2|Jolteon, M|
|poke|p2|Zoroark-Hisui, M|
|poke|p2|Scizor, F|
|poke|p2|Dragonite, F|
|teampreview
|inactive|Battle timer is ON: inactive players will automatically lose when time's up. (requested by Marvelia)
|
|t:|1743923636
|start
|switch|p1a: Dragonite|Dragonite, F|100/100
|switch|p2a: Jolteon|Jolteon, M|100/100
|turn|1
|
|t:|1743923649
|-terastallize|p1a: Dragonite|Normal
|move|p2a: Jolteon|Volt Switch|p1a: Dragonite
|-damage|p1a: Dragonite|81/100
|
|t:|1743923672
|switch|p2a: Gyarados|Gyarados, F, shiny|100/100|[from] Volt Switch
|-ability|p2a: Gyarados|Intimidate|boost
|-unboost|p1a: Dragonite|atk|1
|move|p1a: Dragonite|Dragon Dance|p1a: Dragonite
|-boost|p1a: Dragonite|atk|1
|-boost|p1a: Dragonite|spe|1
|
|upkeep
|turn|2
|inactive|Marvelia has 120 seconds left.
|
|t:|1743923702
|move|p1a: Dragonite|Extreme Speed|p2a: Gyarados
|-damage|p2a: Gyarados|47/100
|-damage|p1a: Dragonite|65/100|[from] item: Rocky Helmet|[of] p2a: Gyarados
|move|p2a: Gyarados|Waterfall|p1a: Dragonite
|-damage|p1a: Dragonite|19/100
|
|upkeep
|turn|3
|inactive|Marvelia has 120 seconds left.
|
|t:|1743923729
|switch|p2a: Scizor|Scizor, F|100/100
|move|p1a: Dragonite|Extreme Speed|p2a: Scizor
|-resisted|p2a: Scizor
|-damage|p2a: Scizor|77/100
|
|upkeep
|turn|4
|
|t:|1743923742
|move|p1a: Dragonite|Earthquake|p2a: Scizor
|-damage|p2a: Scizor|41/100
|move|p2a: Scizor|Knock Off|p1a: Dragonite
|-damage|p1a: Dragonite|0 fnt
|-enditem|p1a: Dragonite|Heavy-Duty Boots|[from] move: Knock Off|[of] p2a: Scizor
|faint|p1a: Dragonite
|-damage|p2a: Scizor|31/100|[from] item: Life Orb
|
|upkeep
|
|t:|1743923760
|switch|p1a: Iron Moth|Iron Moth|100/100
|-enditem|p1a: Iron Moth|Booster Energy
|-activate|p1a: Iron Moth|ability: Quark Drive|[fromitem]
|-start|p1a: Iron Moth|quarkdrivespe
|turn|5
|inactive|Marvelia has 90 seconds left.
|
|t:|1743923791
|move|p1a: Iron Moth|Fiery Dance|p2a: Scizor
|-supereffective|p2a: Scizor
|-damage|p2a: Scizor|0 fnt
|faint|p2a: Scizor
|
|upkeep
|inactive|Marvelia has 90 seconds left.
|
|t:|1743923798
|switch|p2a: Cinderace|Cinderace, F|100/100
|turn|6
|inactive|Marvelia has 90 seconds left.
|
|t:|1743923811
|move|p1a: Iron Moth|Sludge Wave|p2a: Cinderace
|-resisted|p2a: Cinderace
|-damage|p2a: Cinderace|50/100
|-status|p2a: Cinderace|psn
|replace|p2a: Zoroark|Zoroark-Hisui, M
|-end|p2a: Zoroark|Illusion
|move|p2a: Zoroark|Bitter Malice|p1a: Iron Moth
|-damage|p1a: Iron Moth|54/100
|-unboost|p1a: Iron Moth|atk|1
|
|-damage|p2a: Zoroark|38/100 psn|[from] psn
|upkeep
|turn|7
|inactive|Marvelia has 90 seconds left.
|
|t:|1743923829
|move|p1a: Iron Moth|Fiery Dance|p2a: Zoroark
|-damage|p2a: Zoroark|0 fnt
|-boost|p1a: Iron Moth|spa|1
|faint|p2a: Zoroark
|
|upkeep
|
|t:|1743923831
|switch|p2a: Dragonite|Dragonite, F|100/100
|turn|8
|inactive|Marvelia has 90 seconds left.
|
|t:|1743923844
|-terastallize|p2a: Dragonite|Normal
|move|p2a: Dragonite|Extreme Speed|p1a: Iron Moth
|-damage|p1a: Iron Moth|0 fnt
|faint|p1a: Iron Moth
|-end|p1a: Iron Moth|Quark Drive|[silent]
|
|upkeep
|
|t:|1743923860
|switch|p1a: Iron Valiant|Iron Valiant|100/100
|-enditem|p1a: Iron Valiant|Booster Energy
|-activate|p1a: Iron Valiant|ability: Quark Drive|[fromitem]
|-start|p1a: Iron Valiant|quarkdrivespe
|turn|9
|
|t:|1743923871
|move|p2a: Dragonite|Extreme Speed|p1a: Iron Valiant
|-damage|p1a: Iron Valiant|37/100
|move|p1a: Iron Valiant|Close Combat|p2a: Dragonite
|-supereffective|p2a: Dragonite
|-damage|p2a: Dragonite|37/100
|-unboost|p1a: Iron Valiant|def|1
|-unboost|p1a: Iron Valiant|spd|1
|
|upkeep
|turn|10
|
|t:|1743923881
|move|p2a: Dragonite|Extreme Speed|p1a: Iron Valiant
|-damage|p1a: Iron Valiant|0 fnt
|faint|p1a: Iron Valiant
|-end|p1a: Iron Valiant|Quark Drive|[silent]
|
|upkeep
|
|t:|1743923889
|switch|p1a: Samurott|Samurott-Hisui, F|100/100
|turn|11
|
|t:|1743923895
|move|p2a: Dragonite|Extreme Speed|p1a: Samurott
|-damage|p1a: Samurott|35/100
|move|p1a: Samurott|Sucker Punch||[still]
|-fail|p1a: Samurott
|
|upkeep
|turn|12
|
|t:|1743923900
|move|p2a: Dragonite|Extreme Speed|p1a: Samurott
|-damage|p1a: Samurott|0 fnt
|faint|p1a: Samurott
|
|upkeep
|
|t:|1743923905
|switch|p1a: Moltres|Moltres-Galar|100/100
|turn|13
|
|t:|1743923910
|move|p1a: Moltres|Fiery Wrath|p2a: Dragonite
|-damage|p2a: Dragonite|0 fnt
|faint|p2a: Dragonite
|
|upkeep
|
|t:|1743923930
|switch|p2a: Cinderace|Cinderace, F|100/100
|turn|14
|
|t:|1743923935
|move|p2a: Cinderace|High Jump Kick|p1a: Moltres
|-start|p2a: Cinderace|typechange|Fighting|[from] ability: Libero
|-damage|p1a: Moltres|22/100
|-ability|p1a: Moltres|Berserk|boost
|-boost|p1a: Moltres|spa|1
|-enditem|p1a: Moltres|Sitrus Berry|[eat]
|-heal|p1a: Moltres|47/100|[from] item: Sitrus Berry
|move|p1a: Moltres|Fiery Wrath|p2a: Cinderace
|-resisted|p2a: Cinderace
|-damage|p2a: Cinderace|56/100
|
|upkeep
|turn|15
|
|t:|1743923951
|move|p2a: Cinderace|High Jump Kick|p1a: Moltres
|-damage|p1a: Moltres|0 fnt
|faint|p1a: Moltres
|
|upkeep
|
|t:|1743923955
|switch|p1a: Kingambit|Kingambit, F|100/100
|-activate|p1a: Kingambit|ability: Supreme Overlord
|-start|p1a: Kingambit|fallen5|[silent]
|-item|p1a: Kingambit|Air Balloon
|turn|16
|
|t:|1743923961
|switch|p2a: Gyarados|Gyarados, F, shiny|47/100
|-ability|p2a: Gyarados|Intimidate|boost
|-unboost|p1a: Kingambit|atk|1
|move|p1a: Kingambit|Sucker Punch||[still]
|-fail|p1a: Kingambit
|
|upkeep
|turn|17
|
|t:|1743923970
|move|p2a: Gyarados|Earthquake|p1a: Kingambit
|-immune|p1a: Kingambit
|move|p1a: Kingambit|Iron Head|p2a: Gyarados
|-resisted|p2a: Gyarados
|-damage|p2a: Gyarados|18/100
|-damage|p1a: Kingambit|84/100|[from] item: Rocky Helmet|[of] p2a: Gyarados
|
|upkeep
|turn|18
|
|t:|1743923980
|switch|p2a: Jolteon|Jolteon, M|100/100
|move|p1a: Kingambit|Iron Head|p2a: Jolteon
|-resisted|p2a: Jolteon
|-damage|p2a: Jolteon|54/100
|
|-status|p2a: Jolteon|brn|[from] item: Flame Orb
|upkeep
|turn|19
|
|t:|1743923992
|move|p2a: Jolteon|Volt Switch|p1a: Kingambit
|-damage|p1a: Kingambit|50/100
|-enditem|p1a: Kingambit|Air Balloon
|
|t:|1743923998
|switch|p2a: Gyarados|Gyarados, F, shiny|18/100|[from] Volt Switch
|-ability|p2a: Gyarados|Intimidate|boost
|-unboost|p1a: Kingambit|atk|1
|move|p1a: Kingambit|Iron Head|p2a: Gyarados
|-resisted|p2a: Gyarados
|-damage|p2a: Gyarados|0 fnt
|-damage|p1a: Kingambit|34/100|[from] item: Rocky Helmet|[of] p2a: Gyarados
|faint|p2a: Gyarados
|
|upkeep
|
|t:|1743924007
|switch|p2a: Cinderace|Cinderace, F|56/100
|turn|20
|
|t:|1743924033
|move|p1a: Kingambit|Sucker Punch|p2a: Cinderace
|-damage|p2a: Cinderace|9/100
|move|p2a: Cinderace|Pyro Ball|p1a: Kingambit
|-supereffective|p1a: Kingambit
|-damage|p1a: Kingambit|0 fnt
|faint|p1a: Kingambit
|-end|p1a: Kingambit|fallen5|[silent]
|
|win|Marvelia
|raw|GrandFatherPurp's rating: 1108 &rarr; <strong>1084</strong><br />(-24 for losing)
|raw|Marvelia's rating: 1128 &rarr; <strong>1152</strong><br />(+24 for winning)
|l|☆Marvelia
|player|p2|
|l|☆GrandFatherPurp
|player|p1|
