|j|☆Js974
|j|☆OnigiriDesu
|t:|1743929011
|gametype|singles
|player|p1|Js974|cyrus|1117
|player|p2|OnigiriDesu|unknown|1118
|teamsize|p1|6
|teamsize|p2|6
|gen|9
|tier|[Gen 9] OU
|rated|
|rule|HP Percentage Mod: HP is shown in percentages
|rule|Endless Battle Clause: Forcing endless battles is banned
|rule|Species Clause: Limit one of each Pokémon
|rule|OHKO Clause: OHKO moves are banned
|rule|Evasion Items Clause: Evasion items are banned
|rule|Evasion Moves Clause: Evasion moves are banned
|rule|Sleep Moves Clause: Sleep-inducing moves are banned
|clearpoke
|poke|p1|Toxicroak, F|
|poke|p1|Fezandipiti, M|
|poke|p1|Gliscor, M|
|poke|p1|Dondozo, M|
|poke|p1|Meowscarada, F|
|poke|p1|Moltres|
|poke|p2|Skarmory, F|
|poke|p2|Minior|
|poke|p2|Electivire, M|
|poke|p2|Blastoise, M|
|poke|p2|Kingambit, F|
|poke|p2|Toxapex, F|
|teampreview
|
|t:|1743929023
|start
|switch|p1a: Gliscor|Gliscor, M|100/100
|switch|p2a: Skarmory|Skarmory, F|100/100
|turn|1
|
|t:|1743929039
|move|p1a: Gliscor|Spikes|p2a: Skarmory
|-sidestart|p2: OnigiriDesu|Spikes
|move|p2a: Skarmory|Stealth Rock|p1a: Gliscor
|-sidestart|p1: Js974|move: Stealth Rock
|
|-status|p1a: Gliscor|tox|[from] item: Toxic Orb
|upkeep
|turn|2
|
|t:|1743929048
|move|p1a: Gliscor|Spikes|p2a: Skarmory
|-sidestart|p2: OnigiriDesu|Spikes
|move|p2a: Skarmory|Iron Defense|p2a: Skarmory
|-boost|p2a: Skarmory|def|2
|
|upkeep
|turn|3
|
|t:|1743929057
|switch|p1a: Moltres|Moltres|100/100
|move|p2a: Skarmory|Iron Defense|p2a: Skarmory
|-boost|p2a: Skarmory|def|2
|
|upkeep
|turn|4
|
|t:|1743929064
|move|p1a: Moltres|Flamethrower|p2a: Skarmory
|-supereffective|p2a: Skarmory
|-ability|p2a: Skarmory|Sturdy
|-damage|p2a: Skarmory|1/100
|move|p2a: Skarmory|Body Press|p1a: Moltres
|-resisted|p1a: Moltres
|-damage|p1a: Moltres|66/100
|
|upkeep
|turn|5
|
|t:|1743929078
|move|p1a: Moltres|U-turn|p2a: Skarmory
|-resisted|p2a: Skarmory
|-damage|p2a: Skarmory|0 fnt
|-damage|p1a: Moltres|49/100|[from] item: Rocky Helmet|[of] p2a: Skarmory
|faint|p2a: Skarmory
|
|t:|1743929085
|switch|p1a: Dondozo|Dondozo, M|100/100|[from] U-turn
|
|upkeep
|
|t:|1743929091
|switch|p2a: Minior|Minior|100/100
|-formechange|p2a: Minior|Minior-Meteor||[from] ability: Shields Down
|turn|6
|
|t:|1743929098
|move|p2a: Minior|Shell Smash|p2a: Minior
|-unboost|p2a: Minior|def|1
|-unboost|p2a: Minior|spd|1
|-boost|p2a: Minior|atk|2
|-boost|p2a: Minior|spa|2
|-boost|p2a: Minior|spe|2
|-enditem|p2a: Minior|White Herb
|-clearnegativeboost|p2a: Minior|[silent]
|move|p1a: Dondozo|Waterfall|p2a: Minior
|-supereffective|p2a: Minior
|-damage|p2a: Minior|33/100
|
|-formechange|p2a: Minior|Minior||[from] ability: Shields Down
|upkeep
|turn|7
|
|t:|1743929113
|-terastallize|p2a: Minior|Flying
|move|p2a: Minior|Acrobatics|p1a: Dondozo
|-crit|p1a: Dondozo
|-damage|p1a: Dondozo|55/100
|move|p1a: Dondozo|Curse|p1a: Dondozo
|-unboost|p1a: Dondozo|spe|1
|-boost|p1a: Dondozo|atk|1
|-boost|p1a: Dondozo|def|1
|
|upkeep
|turn|8
|
|t:|1743929124
|move|p2a: Minior|Acrobatics|p1a: Dondozo
|-damage|p1a: Dondozo|33/100
|move|p1a: Dondozo|Rest|p1a: Dondozo
|-status|p1a: Dondozo|slp|[from] move: Rest
|-heal|p1a: Dondozo|100/100 slp|[silent]
|
|upkeep
|turn|9
|c|☆OnigiriDesu|walled
|
|t:|1743929139
|move|p2a: Minior|Shell Smash|p2a: Minior
|-unboost|p2a: Minior|def|1
|-unboost|p2a: Minior|spd|1
|-boost|p2a: Minior|atk|2
|-boost|p2a: Minior|spa|2
|-boost|p2a: Minior|spe|2
|cant|p1a: Dondozo|slp
|move|p1a: Dondozo|Sleep Talk|p1a: Dondozo
|move|p1a: Dondozo|Curse|p1a: Dondozo|[from] move: Sleep Talk
|-unboost|p1a: Dondozo|spe|1
|-boost|p1a: Dondozo|atk|1
|-boost|p1a: Dondozo|def|1
|
|upkeep
|turn|10
|
|t:|1743929153
|move|p2a: Minior|Shell Smash|p2a: Minior
|-unboost|p2a: Minior|def|1
|-unboost|p2a: Minior|spd|1
|-boost|p2a: Minior|atk|2
|-boost|p2a: Minior|spa|2
|-boost|p2a: Minior|spe|2
|cant|p1a: Dondozo|slp
|
|upkeep
|turn|11
|
|t:|1743929163
|move|p2a: Minior|Acrobatics|p1a: Dondozo
|-damage|p1a: Dondozo|85/100 slp
|-curestatus|p1a: Dondozo|slp|[msg]
|move|p1a: Dondozo|Waterfall|p2a: Minior
|-damage|p2a: Minior|0 fnt
|faint|p2a: Minior
|
|upkeep
|
|t:|1743929171
|switch|p2a: Toxapex|Toxapex, F|100/100
|-damage|p2a: Toxapex|84/100|[from] Spikes
|turn|12
|
|t:|1743929189
|switch|p2a: Electivire|Electivire, M|100/100
|-item|p2a: Electivire|Air Balloon
|move|p1a: Dondozo|Curse|p1a: Dondozo
|-unboost|p1a: Dondozo|spe|1
|-boost|p1a: Dondozo|atk|1
|-boost|p1a: Dondozo|def|1
|
|upkeep
|turn|13
|
|t:|1743929205
|move|p2a: Electivire|Bulk Up|p2a: Electivire
|-boost|p2a: Electivire|atk|1
|-boost|p2a: Electivire|def|1
|move|p1a: Dondozo|Waterfall|p2a: Electivire
|-damage|p2a: Electivire|0 fnt
|-enditem|p2a: Electivire|Air Balloon
|faint|p2a: Electivire
|
|upkeep
|-message|OnigiriDesu forfeited.
|
|win|Js974
|raw|Js974's rating: 1117 &rarr; <strong>1142</strong><br />(+25 for winning)
|raw|OnigiriDesu's rating: 1118 &rarr; <strong>1093</strong><br />(-25 for losing)
|l|☆OnigiriDesu
|player|p2|
|l|☆Js974
|player|p1|
