|j|☆Coochigrip34
|j|☆foxxzer
|t:|1743921732
|gametype|singles
|player|p1|Coochigrip34|benga|1080
|player|p2|foxxzer|dawn|1096
|teamsize|p1|6
|teamsize|p2|6
|gen|9
|tier|[Gen 9] OU
|rated|
|rule|HP Percentage Mod: HP is shown in percentages
|rule|Endless Battle Clause: Forcing endless battles is banned
|rule|Species Clause: Limit one of each Pokémon
|rule|OHKO Clause: OHKO moves are banned
|rule|Evasion Items Clause: Evasion items are banned
|rule|Evasion Moves Clause: Evasion moves are banned
|rule|Sleep Moves Clause: Sleep-inducing moves are banned
|clearpoke
|poke|p1|Incineroar, M|
|poke|p1|Dragonite, F|
|poke|p1|Gholdengo|
|poke|p1|Ogerpon-Wellspring, F|
|poke|p1|Snorlax, F|
|poke|p1|Sandaconda, M|
|poke|p2|Meloetta|
|poke|p2|Ogerpon-Wellspring, F|
|poke|p2|Blaziken, F|
|poke|p2|Galvantula, M|
|poke|p2|Corviknight, F|
|poke|p2|Yanmega, M|
|teampreview
|
|t:|1743921738
|start
|switch|p1a: Sandaconda|Sandaconda, M, shiny|100/100
|switch|p2a: Galvantula|Galvantula, M|100/100
|-item|p2a: Galvantula|Air Balloon
|turn|1
|
|t:|1743921748
|move|p2a: Galvantula|Sticky Web|p1a: Sandaconda
|-sidestart|p1: Coochigrip34|move: Sticky Web
|move|p1a: Sandaconda|Stealth Rock|p2a: Galvantula
|-sidestart|p2: foxxzer|move: Stealth Rock
|
|upkeep
|turn|2
|
|t:|1743921753
|move|p2a: Galvantula|Energy Ball|p1a: Sandaconda
|-supereffective|p1a: Sandaconda
|-damage|p1a: Sandaconda|37/100
|move|p1a: Sandaconda|Rock Blast|p2a: Galvantula
|-supereffective|p2a: Galvantula
|-damage|p2a: Galvantula|82/100
|-enditem|p2a: Galvantula|Air Balloon
|-supereffective|p2a: Galvantula
|-damage|p2a: Galvantula|62/100
|-supereffective|p2a: Galvantula
|-damage|p2a: Galvantula|44/100
|-hitcount|p2a: Galvantula|3
|
|upkeep
|turn|3
|
|t:|1743921764
|move|p2a: Galvantula|Energy Ball|p1a: Sandaconda
|-supereffective|p1a: Sandaconda
|-damage|p1a: Sandaconda|0 fnt
|faint|p1a: Sandaconda
|
|upkeep
|
|t:|1743921771
|switch|p1a: Snorlax|Snorlax, F, shiny|100/100
|-activate|p1a: Snorlax|move: Sticky Web
|-unboost|p1a: Snorlax|spe|1
|turn|4
|
|t:|1743921776
|move|p2a: Galvantula|Thunderbolt|p1a: Snorlax
|-damage|p1a: Snorlax|86/100
|move|p1a: Snorlax|Curse|p1a: Snorlax
|-unboost|p1a: Snorlax|spe|1
|-boost|p1a: Snorlax|atk|1
|-boost|p1a: Snorlax|def|1
|
|-heal|p1a: Snorlax|92/100|[from] item: Leftovers
|upkeep
|turn|5
|
|t:|1743921786
|move|p2a: Galvantula|Volt Switch|p1a: Snorlax
|-damage|p1a: Snorlax|80/100
|
|t:|1743921794
|switch|p2a: Blaziken|Blaziken, F|100/100|[from] Volt Switch
|-damage|p2a: Blaziken|88/100|[from] Stealth Rock
|move|p1a: Snorlax|Curse|p1a: Snorlax
|-unboost|p1a: Snorlax|spe|1
|-boost|p1a: Snorlax|atk|1
|-boost|p1a: Snorlax|def|1
|
|-heal|p1a: Snorlax|87/100|[from] item: Leftovers
|upkeep
|turn|6
|
|t:|1743921822
|-terastallize|p1a: Snorlax|Fairy
|move|p2a: Blaziken|Aura Sphere|p1a: Snorlax
|-resisted|p1a: Snorlax
|-damage|p1a: Snorlax|79/100
|move|p1a: Snorlax|Body Slam|p2a: Blaziken
|-damage|p2a: Blaziken|12/100
|-status|p2a: Blaziken|par
|
|-heal|p1a: Snorlax|85/100|[from] item: Leftovers
|-ability|p2a: Blaziken|Speed Boost|boost
|-boost|p2a: Blaziken|spe|1
|upkeep
|turn|7
|inactive|Battle timer is ON: inactive players will automatically lose when time's up. (requested by foxxzer)
|
|t:|1743921839
|move|p2a: Blaziken|Acrobatics|p1a: Snorlax
|-damage|p1a: Snorlax|69/100
|move|p1a: Snorlax|Heat Crash|p2a: Blaziken
|-resisted|p2a: Blaziken
|-damage|p2a: Blaziken|0 fnt
|faint|p2a: Blaziken
|
|-heal|p1a: Snorlax|75/100|[from] item: Leftovers
|upkeep
|inactive|foxxzer has 120 seconds left.
|
|t:|1743921873
|switch|p2a: Corviknight|Corviknight, F|100/100
|-damage|p2a: Corviknight|88/100|[from] Stealth Rock
|turn|8
|
|t:|1743921882
|move|p2a: Corviknight|Hone Claws|p2a: Corviknight
|-boost|p2a: Corviknight|atk|1
|-boost|p2a: Corviknight|accuracy|1
|move|p1a: Snorlax|Curse|p1a: Snorlax
|-unboost|p1a: Snorlax|spe|1
|-boost|p1a: Snorlax|atk|1
|-boost|p1a: Snorlax|def|1
|
|-heal|p1a: Snorlax|81/100|[from] item: Leftovers
|upkeep
|turn|9
|
|t:|1743921892
|move|p2a: Corviknight|Hone Claws|p2a: Corviknight
|-boost|p2a: Corviknight|atk|1
|-boost|p2a: Corviknight|accuracy|1
|move|p1a: Snorlax|Heat Crash|p2a: Corviknight
|-supereffective|p2a: Corviknight
|-damage|p2a: Corviknight|0 fnt
|-damage|p1a: Snorlax|65/100|[from] item: Rocky Helmet|[of] p2a: Corviknight
|faint|p2a: Corviknight
|
|-heal|p1a: Snorlax|71/100|[from] item: Leftovers
|upkeep
|inactive|foxxzer has 120 seconds left.
|
|t:|1743921908
|switch|p2a: Meloetta|Meloetta, shiny|100/100
|-damage|p2a: Meloetta|88/100|[from] Stealth Rock
|turn|10
|
|t:|1743921919
|move|p2a: Meloetta|Relic Song|p1a: Snorlax
|-damage|p1a: Snorlax|56/100
|-formechange|p2a: Meloetta|Meloetta-Pirouette|[msg]
|move|p1a: Snorlax|Body Slam|p2a: Meloetta
|-damage|p2a: Meloetta|8/100
|
|-heal|p2a: Meloetta|14/100|[from] item: Leftovers
|-heal|p1a: Snorlax|63/100|[from] item: Leftovers
|upkeep
|turn|11
|
|t:|1743921933
|move|p2a: Meloetta|Relic Song|p1a: Snorlax
|-damage|p1a: Snorlax|52/100
|-formechange|p2a: Meloetta|Meloetta|[msg]
|move|p1a: Snorlax|Body Slam|p2a: Meloetta
|-damage|p2a: Meloetta|0 fnt
|faint|p2a: Meloetta
|
|-heal|p1a: Snorlax|58/100|[from] item: Leftovers
|upkeep
|
|t:|1743921942
|switch|p2a: Ogerpon|Ogerpon-Wellspring, F|100/100
|-damage|p2a: Ogerpon|88/100|[from] Stealth Rock
|turn|12
|
|t:|1743921952
|-terastallize|p2a: Ogerpon|Water
|detailschange|p2a: Ogerpon|Ogerpon-Wellspring-Tera, F, tera:Water
|-ability|p2a: Ogerpon|Embody Aspect (Wellspring)|boost
|-boost|p2a: Ogerpon|spd|1
|move|p2a: Ogerpon|Ivy Cudgel|p1a: Snorlax|[anim] Ivy Cudgel Water
|-damage|p1a: Snorlax|30/100
|move|p1a: Snorlax|Body Slam|p2a: Ogerpon
|-damage|p2a: Ogerpon|4/100
|
|-heal|p1a: Snorlax|36/100|[from] item: Leftovers
|upkeep
|turn|13
|
|t:|1743921965
|move|p2a: Ogerpon|Ivy Cudgel|p1a: Snorlax|[anim] Ivy Cudgel Water
|-damage|p1a: Snorlax|6/100
|move|p1a: Snorlax|Body Slam|p2a: Ogerpon
|-damage|p2a: Ogerpon|0 fnt
|faint|p2a: Ogerpon
|
|-heal|p1a: Snorlax|12/100|[from] item: Leftovers
|upkeep
|
|t:|1743921974
|switch|p2a: Yanmega|Yanmega, M|100/100
|turn|14
|
|t:|1743921981
|move|p2a: Yanmega|Lunge|p1a: Snorlax
|-resisted|p1a: Snorlax
|-damage|p1a: Snorlax|8/100
|-unboost|p1a: Snorlax|atk|1
|move|p1a: Snorlax|Rest|p1a: Snorlax
|-status|p1a: Snorlax|slp|[from] move: Rest
|-heal|p1a: Snorlax|100/100 slp|[silent]
|
|-ability|p2a: Yanmega|Speed Boost|boost
|-boost|p2a: Yanmega|spe|1
|upkeep
|turn|15
|
|t:|1743922001
|move|p2a: Yanmega|Lunge|p1a: Snorlax
|-resisted|p1a: Snorlax
|-damage|p1a: Snorlax|96/100 slp
|-unboost|p1a: Snorlax|atk|1
|cant|p1a: Snorlax|slp
|
|-heal|p1a: Snorlax|100/100 slp|[from] item: Leftovers
|-ability|p2a: Yanmega|Speed Boost|boost
|-boost|p2a: Yanmega|spe|1
|upkeep
|turn|16
|
|t:|1743922011
|move|p2a: Yanmega|Lunge|p1a: Snorlax
|-resisted|p1a: Snorlax
|-damage|p1a: Snorlax|97/100 slp
|-unboost|p1a: Snorlax|atk|1
|cant|p1a: Snorlax|slp
|
|-heal|p1a: Snorlax|100/100 slp|[from] item: Leftovers
|-ability|p2a: Yanmega|Speed Boost|boost
|-boost|p2a: Yanmega|spe|1
|upkeep
|turn|17
|
|t:|1743922024
|move|p2a: Yanmega|Ancient Power|p1a: Snorlax
|-damage|p1a: Snorlax|91/100 slp
|-curestatus|p1a: Snorlax|slp|[msg]
|move|p1a: Snorlax|Body Slam|p2a: Yanmega
|-damage|p2a: Yanmega|68/100
|-status|p2a: Yanmega|par
|
|-heal|p1a: Snorlax|97/100|[from] item: Leftovers
|-ability|p2a: Yanmega|Speed Boost|boost
|-boost|p2a: Yanmega|spe|1
|upkeep
|turn|18
|
|t:|1743922041
|move|p2a: Yanmega|Ancient Power|p1a: Snorlax
|-damage|p1a: Snorlax|88/100
|move|p1a: Snorlax|Heat Crash|p2a: Yanmega
|-supereffective|p2a: Yanmega
|-damage|p2a: Yanmega|5/100 par
|
|-heal|p1a: Snorlax|94/100|[from] item: Leftovers
|-ability|p2a: Yanmega|Speed Boost|boost
|-boost|p2a: Yanmega|spe|1
|upkeep
|turn|19
|
|t:|1743922051
|cant|p2a: Yanmega|par
|move|p1a: Snorlax|Body Slam|p2a: Yanmega
|-damage|p2a: Yanmega|0 fnt
|faint|p2a: Yanmega
|
|-heal|p1a: Snorlax|99/100|[from] item: Leftovers
|upkeep
|-message|foxxzer forfeited.
|
|win|Coochigrip34
|raw|Coochigrip34's rating: 1080 &rarr; <strong>1109</strong><br />(+29 for winning)
|raw|foxxzer's rating: 1096 &rarr; <strong>1070</strong><br />(-26 for losing)
|l|☆foxxzer
|player|p2|
|l|☆Coochigrip34
|player|p1|
