|j|☆chaheed
|j|☆rock$tar made
|t:|1743920844
|gametype|singles
|player|p1|chaheed|ninjaboy|1725
|player|p2|rock$tar made|furisodegirl-black|1755
|teamsize|p1|6
|teamsize|p2|6
|gen|9
|tier|[Gen 9] OU
|rated|
|rule|HP Percentage Mod: HP is shown in percentages
|rule|Endless Battle Clause: Forcing endless battles is banned
|rule|Species Clause: Limit one of each Pokémon
|rule|OHKO Clause: OHKO moves are banned
|rule|Evasion Items Clause: Evasion items are banned
|rule|Evasion Moves Clause: Evasion moves are banned
|rule|Sleep Moves Clause: Sleep-inducing moves are banned
|clearpoke
|poke|p1|Dragonite, M|
|poke|p1|Dragapult, M|
|poke|p1|Iron Moth|
|poke|p1|Greninja-*, M|
|poke|p1|Serperior, F|
|poke|p1|Iron Treads|
|poke|p2|Weezing-Galar, F|
|poke|p2|Alomomola, F|
|poke|p2|Enamorus, F|
|poke|p2|Iron Treads|
|poke|p2|Dragapult, M|
|poke|p2|Zamazenta-*|
|teampreview
|inactive|Battle timer is ON: inactive players will automatically lose when time's up. (requested by rock$tar made)
|
|t:|1743920862
|start
|switch|p1a: Dragapult|Dragapult, M|100/100
|switch|p2a: Dragapult|Dragapult, M|100/100
|turn|1
|
|t:|1743920867
|move|p1a: Dragapult|Will-O-Wisp|p2a: Dragapult|[miss]
|-miss|p1a: Dragapult|p2a: Dragapult
|move|p2a: Dragapult|Dragon Darts|p1a: Dragapult
|-supereffective|p1a: Dragapult
|-enditem|p1a: Dragapult|Focus Sash
|-damage|p1a: Dragapult|1/100
|-anim|p2a: Dragapult|Dragon Darts|p1a: Dragapult
|-supereffective|p1a: Dragapult
|-damage|p1a: Dragapult|0 fnt
|faint|p1a: Dragapult
|
|upkeep
|
|t:|1743920881
|switch|p1a: Iron Treads|Iron Treads|100/100
|-enditem|p1a: Iron Treads|Booster Energy
|-activate|p1a: Iron Treads|ability: Quark Drive|[fromitem]
|-start|p1a: Iron Treads|quarkdrivespe
|turn|2
|
|t:|1743920890
|switch|p2a: Alomomola|Alomomola, F|100/100
|move|p1a: Iron Treads|Earthquake|p2a: Alomomola
|-damage|p2a: Alomomola|72/100
|
|upkeep
|turn|3
|
|t:|1743920896
|move|p1a: Iron Treads|Earthquake|p2a: Alomomola
|-damage|p2a: Alomomola|43/100
|move|p2a: Alomomola|Flip Turn|p1a: Iron Treads
|-supereffective|p1a: Iron Treads
|-damage|p1a: Iron Treads|70/100
|
|t:|1743920902
|switch|p2a: Zamazenta|Zamazenta|100/100|[from] Flip Turn
|-ability|p2a: Zamazenta|Dauntless Shield|boost
|-boost|p2a: Zamazenta|def|1
|
|upkeep
|turn|4
|
|t:|1743920909
|-end|p1a: Iron Treads|Quark Drive|[silent]
|switch|p1a: Iron Moth|Iron Moth|100/100
|-enditem|p1a: Iron Moth|Booster Energy
|-activate|p1a: Iron Moth|ability: Quark Drive|[fromitem]
|-start|p1a: Iron Moth|quarkdrivespe
|move|p2a: Zamazenta|Close Combat|p1a: Iron Moth
|-resisted|p1a: Iron Moth
|-damage|p1a: Iron Moth|39/100
|-unboost|p2a: Zamazenta|def|1
|-unboost|p2a: Zamazenta|spd|1
|-damage|p2a: Zamazenta|91/100|[from] item: Life Orb
|
|upkeep
|turn|5
|
|t:|1743920920
|switch|p2a: Alomomola|Alomomola, F|76/100
|move|p1a: Iron Moth|Fiery Dance|p2a: Alomomola
|-resisted|p2a: Alomomola
|-damage|p2a: Alomomola|64/100
|
|upkeep
|turn|6
|
|t:|1743920933
|move|p1a: Iron Moth|Energy Ball|p2a: Alomomola
|-supereffective|p2a: Alomomola
|-damage|p2a: Alomomola|34/100
|move|p2a: Alomomola|Flip Turn|p1a: Iron Moth
|-supereffective|p1a: Iron Moth
|-damage|p1a: Iron Moth|0 fnt
|faint|p1a: Iron Moth
|-end|p1a: Iron Moth|Quark Drive|[silent]
|c|☆chaheed|gg
|
|t:|1743920953
|switch|p2a: Dragapult|Dragapult, M|100/100|[from] Flip Turn
|
|upkeep
|
|t:|1743920957
|switch|p1a: Iron Treads|Iron Treads|70/100
|turn|7
|
|t:|1743920962
|move|p2a: Dragapult|U-turn|p1a: Iron Treads
|-resisted|p1a: Iron Treads
|-damage|p1a: Iron Treads|54/100
|
|t:|1743920964
|switch|p2a: Zamazenta|Zamazenta|91/100|[from] U-turn
|move|p1a: Iron Treads|Ice Spinner|p2a: Zamazenta
|-damage|p2a: Zamazenta|68/100
|
|upkeep
|turn|8
|
|t:|1743920969
|move|p2a: Zamazenta|Close Combat|p1a: Iron Treads
|-supereffective|p1a: Iron Treads
|-damage|p1a: Iron Treads|0 fnt
|-unboost|p2a: Zamazenta|def|1
|-unboost|p2a: Zamazenta|spd|1
|faint|p1a: Iron Treads
|-end|p1a: Iron Treads|Quark Drive|[silent]
|-damage|p2a: Zamazenta|58/100|[from] item: Life Orb
|
|upkeep
|
|t:|1743920981
|switch|p1a: Dragonite|Dragonite, M|100/100
|turn|9
|
|t:|1743920984
|move|p2a: Zamazenta|Stone Edge|p1a: Dragonite
|-supereffective|p1a: Dragonite
|-damage|p1a: Dragonite|54/100
|-damage|p2a: Zamazenta|48/100|[from] item: Life Orb
|move|p1a: Dragonite|Dragon Dance|p1a: Dragonite
|-boost|p1a: Dragonite|atk|1
|-boost|p1a: Dragonite|spe|1
|
|upkeep
|turn|10
|
|t:|1743920991
|switch|p2a: Enamorus|Enamorus, F|100/100
|move|p1a: Dragonite|Scale Shot|p2a: Enamorus
|-immune|p2a: Enamorus
|
|upkeep
|turn|11
|
|t:|1743920998
|-terastallize|p1a: Dragonite|Fire
|move|p1a: Dragonite|Dragon Dance|p1a: Dragonite
|-boost|p1a: Dragonite|atk|1
|-boost|p1a: Dragonite|spe|1
|move|p2a: Enamorus|Moonblast|p1a: Dragonite
|-resisted|p1a: Dragonite
|-damage|p1a: Dragonite|9/100
|
|upkeep
|turn|12
|
|t:|1743921005
|move|p1a: Dragonite|Fire Punch|p2a: Enamorus
|-damage|p2a: Enamorus|0 fnt
|faint|p2a: Enamorus
|
|upkeep
|
|t:|1743921007
|switch|p2a: Dragapult|Dragapult, M|100/100
|turn|13
|
|t:|1743921013
|move|p2a: Dragapult|Quick Attack|p1a: Dragonite
|-damage|p1a: Dragonite|0 fnt
|faint|p1a: Dragonite
|
|upkeep
|
|t:|1743921024
|switch|p1a: Greninja|Greninja, M|100/100
|turn|14
|
|t:|1743921032
|-terastallize|p2a: Dragapult|Dragon
|move|p2a: Dragapult|Quick Attack|p1a: Greninja
|-damage|p1a: Greninja|70/100
|move|p1a: Greninja|Surf|p2a: Dragapult
|-resisted|p2a: Dragapult
|-damage|p2a: Dragapult|65/100
|-damage|p1a: Greninja|60/100|[from] item: Life Orb
|
|upkeep
|turn|15
|
|t:|1743921042
|switch|p2a: Weezing|Weezing-Galar, F|100/100
|-ability|p2a: Weezing|Neutralizing Gas
|move|p1a: Greninja|Dark Pulse|p2a: Weezing
|-resisted|p2a: Weezing
|-damage|p2a: Weezing|69/100
|-damage|p1a: Greninja|50/100|[from] item: Life Orb
|
|-heal|p2a: Weezing|75/100|[from] item: Leftovers
|upkeep
|turn|16
|
|t:|1743921053
|-end|p2a: Weezing|ability: Neutralizing Gas
|switch|p2a: Alomomola|Alomomola, F|67/100
|move|p1a: Greninja|Surf|p2a: Alomomola
|-resisted|p2a: Alomomola
|-damage|p2a: Alomomola|53/100
|-damage|p1a: Greninja|40/100|[from] item: Life Orb
|
|upkeep
|turn|17
|
|t:|1743921061
|move|p1a: Greninja|Dark Pulse|p2a: Alomomola
|-damage|p2a: Alomomola|26/100
|-damage|p1a: Greninja|31/100|[from] item: Life Orb
|move|p2a: Alomomola|Flip Turn|p1a: Greninja
|-resisted|p1a: Greninja
|-damage|p1a: Greninja|18/100
|
|t:|1743921065
|switch|p2a: Zamazenta|Zamazenta|48/100|[from] Flip Turn
|
|upkeep
|turn|18
|
|t:|1743921069
|move|p1a: Greninja|Water Shuriken|p2a: Zamazenta
|-damage|p2a: Zamazenta|39/100
|-damage|p2a: Zamazenta|32/100
|-damage|p2a: Zamazenta|23/100
|-damage|p2a: Zamazenta|14/100
|-damage|p2a: Zamazenta|5/100
|-hitcount|p2a: Zamazenta|5
|-damage|p1a: Greninja|8/100|[from] item: Life Orb
|move|p2a: Zamazenta|Close Combat|p1a: Greninja
|-supereffective|p1a: Greninja
|-damage|p1a: Greninja|0 fnt
|-unboost|p2a: Zamazenta|def|1
|-unboost|p2a: Zamazenta|spd|1
|faint|p1a: Greninja
|-damage|p2a: Zamazenta|0 fnt|[from] item: Life Orb
|faint|p2a: Zamazenta
|
|upkeep
|
|t:|1743921087
|switch|p2a: Weezing|Weezing-Galar, F|75/100
|switch|p1a: Serperior|Serperior, F|100/100
|-ability|p2a: Weezing|Neutralizing Gas
|turn|19
|
|t:|1743921092
|move|p1a: Serperior|Tera Blast|p2a: Weezing
|-damage|p2a: Weezing|47/100
|move|p2a: Weezing|Strange Steam|p1a: Serperior
|-damage|p1a: Serperior|65/100
|
|-heal|p2a: Weezing|53/100|[from] item: Leftovers
|upkeep
|turn|20
|
|t:|1743921099
|move|p1a: Serperior|Tera Blast|p2a: Weezing
|-damage|p2a: Weezing|26/100
|move|p2a: Weezing|Strange Steam|p1a: Serperior
|-damage|p1a: Serperior|34/100
|
|-heal|p2a: Weezing|32/100|[from] item: Leftovers
|upkeep
|turn|21
|
|t:|1743921116
|move|p1a: Serperior|Leaf Storm|p2a: Weezing
|-resisted|p2a: Weezing
|-damage|p2a: Weezing|0 fnt
|-unboost|p1a: Serperior|spa|2
|faint|p2a: Weezing
|-end|p2a: Weezing|ability: Neutralizing Gas
|
|upkeep
|
|t:|1743921119
|switch|p2a: Dragapult|Dragapult, M, tera:Dragon|65/100
|turn|22
|
|t:|1743921123
|move|p1a: Serperior|Endure|p1a: Serperior
|-singleturn|p1a: Serperior|move: Endure
|move|p2a: Dragapult|U-turn|p1a: Serperior
|-supereffective|p1a: Serperior
|-activate|p1a: Serperior|move: Endure
|-damage|p1a: Serperior|1/100
|
|t:|1743921126
|switch|p2a: Alomomola|Alomomola, F|59/100|[from] U-turn
|
|upkeep
|turn|23
|-enditem|p1a: Serperior|Custap Berry|[eat]
|-activate|p1a: Serperior|item: Custap Berry|[consumed]
|
|t:|1743921131
|move|p1a: Serperior|Leaf Storm|p2a: Alomomola
|-supereffective|p2a: Alomomola
|-damage|p2a: Alomomola|35/100
|-boost|p1a: Serperior|spa|2
|move|p2a: Alomomola|Mirror Coat|p1a: Serperior
|-damage|p1a: Serperior|0 fnt
|faint|p1a: Serperior
|
|win|rock$tar made
|raw|chaheed's rating: 1725 &rarr; <strong>1707</strong><br />(-18 for losing)
|raw|rock$tar made's rating: 1755 &rarr; <strong>1773</strong><br />(+18 for winning)
|l|☆rock$tar made
|player|p2|
|l|☆chaheed
|player|p1|
