|j|☆Reynart
|j|‽theWZAoff.
|t:|1743928042
|gametype|singles
|player|p1|Reynart|pilot|1627
|player|p2|theWZAoff.|giovanni|1579
|teamsize|p1|6
|teamsize|p2|6
|gen|9
|tier|[Gen 9] OU
|rated|
|rule|HP Percentage Mod: HP is shown in percentages
|rule|Endless Battle Clause: Forcing endless battles is banned
|rule|Species Clause: Limit one of each Pokémon
|rule|OHKO Clause: OHKO moves are banned
|rule|Evasion Items Clause: Evasion items are banned
|rule|Evasion Moves Clause: Evasion moves are banned
|rule|Sleep Moves Clause: Sleep-inducing moves are banned
|clearpoke
|poke|p1|Torkoal, M|
|poke|p1|Walking Wake|
|poke|p1|Great Tusk|
|poke|p1|Meowscarada, M|
|poke|p1|Corviknight, M|
|poke|p1|Skeledirge, M|
|poke|p2|Dondozo, F|
|poke|p2|Clodsire, F|
|poke|p2|Gliscor, M|
|poke|p2|Skeledirge, F|
|poke|p2|Heatran, F|
|poke|p2|Great Tusk|
|teampreview
|j| LoodewhX
|
|t:|1743928059
|start
|switch|p1a: Walking Wake|Walking Wake|100/100
|switch|p2a: Clodsire|Clodsire, F|100/100
|turn|1
|inactive|Battle timer is ON: inactive players will automatically lose when time's up. (requested by theWZAoff.)
|
|t:|1743928067
|move|p1a: Walking Wake|Draco Meteor|p2a: Clodsire
|-damage|p2a: Clodsire|49/100
|-unboost|p1a: Walking Wake|spa|2
|move|p2a: Clodsire|Toxic|p1a: Walking Wake
|-status|p1a: Walking Wake|tox
|
|-heal|p2a: Clodsire|55/100|[from] item: Black Sludge
|-damage|p1a: Walking Wake|94/100 tox|[from] psn
|upkeep
|turn|2
|
|t:|1743928078
|-end|p1a: Walking Wake|Protosynthesis|[silent]
|switch|p1a: Great Tusk|Great Tusk|100/100
|move|p2a: Clodsire|Recover|p2a: Clodsire
|-heal|p2a: Clodsire|100/100
|
|upkeep
|turn|3
|
|t:|1743928086
|switch|p2a: Dondozo|Dondozo, F|100/100
|move|p1a: Great Tusk|Knock Off|p2a: Dondozo
|-crit|p2a: Dondozo
|-damage|p2a: Dondozo|68/100
|-enditem|p2a: Dondozo|Leftovers|[from] move: Knock Off|[of] p1a: Great Tusk
|
|upkeep
|turn|4
|
|t:|1743928103
|-end|p1a: Great Tusk|Protosynthesis|[silent]
|switch|p1a: Corviknight|Corviknight, M, shiny|100/100
|-ability|p1a: Corviknight|Pressure
|switch|p2a: Gliscor|Gliscor, M|100/100
|
|-status|p2a: Gliscor|tox|[from] item: Toxic Orb
|upkeep
|turn|5
|
|t:|1743928113
|move|p2a: Gliscor|Knock Off|p1a: Corviknight
|-damage|p1a: Corviknight|87/100
|-damage|p2a: Gliscor|84/100 tox|[from] item: Rocky Helmet|[of] p1a: Corviknight
|-enditem|p1a: Corviknight|Rocky Helmet|[from] move: Knock Off|[of] p2a: Gliscor
|move|p1a: Corviknight|U-turn|p2a: Gliscor
|-resisted|p2a: Gliscor
|-damage|p2a: Gliscor|80/100 tox
|j| majorrelic
|
|t:|1743928121
|switch|p1a: Great Tusk|Great Tusk|100/100|[from] U-turn
|
|-heal|p2a: Gliscor|92/100 tox|[from] ability: Poison Heal
|upkeep
|turn|6
|
|t:|1743928129
|move|p1a: Great Tusk|Rapid Spin|p2a: Gliscor
|-damage|p2a: Gliscor|81/100 tox
|-boost|p1a: Great Tusk|spe|1
|move|p2a: Gliscor|Toxic|p1a: Great Tusk
|-status|p1a: Great Tusk|tox
|
|-damage|p1a: Great Tusk|94/100 tox|[from] psn
|-heal|p2a: Gliscor|94/100 tox|[from] ability: Poison Heal
|upkeep
|turn|7
|
|t:|1743928140
|move|p1a: Great Tusk|Ice Spinner|p2a: Gliscor
|-supereffective|p2a: Gliscor
|-crit|p2a: Gliscor
|-damage|p2a: Gliscor|0 fnt
|faint|p2a: Gliscor
|
|-damage|p1a: Great Tusk|82/100 tox|[from] psn
|upkeep
|
|t:|1743928144
|switch|p2a: Dondozo|Dondozo, F|68/100
|turn|8
|
|t:|1743928161
|-end|p1a: Great Tusk|Protosynthesis|[silent]
|switch|p1a: Corviknight|Corviknight, M, shiny|87/100
|-ability|p1a: Corviknight|Pressure
|move|p2a: Dondozo|Curse|p2a: Dondozo
|-unboost|p2a: Dondozo|spe|1
|-boost|p2a: Dondozo|atk|1
|-boost|p2a: Dondozo|def|1
|
|upkeep
|turn|9
|
|t:|1743928173
|move|p1a: Corviknight|U-turn|p2a: Dondozo
|-damage|p2a: Dondozo|62/100
|
|t:|1743928177
|switch|p1a: Meowscarada|Meowscarada, M, shiny|100/100|[from] U-turn
|move|p2a: Dondozo|Rest|p2a: Dondozo
|-status|p2a: Dondozo|slp|[from] move: Rest
|-heal|p2a: Dondozo|100/100 slp|[silent]
|
|upkeep
|turn|10
|inactive|theWZAoff. has 120 seconds left.
|
|t:|1743928209
|switch|p2a: Heatran|Heatran, F|100/100
|move|p1a: Meowscarada|Flower Trick|p2a: Heatran
|-start|p1a: Meowscarada|typechange|Grass|[from] ability: Protean
|-resisted|p2a: Heatran
|-crit|p2a: Heatran
|-damage|p2a: Heatran|90/100
|
|-heal|p2a: Heatran|97/100|[from] item: Leftovers
|upkeep
|turn|11
|
|t:|1743928221
|switch|p1a: Walking Wake|Walking Wake|94/100 tox
|move|p2a: Heatran|Stealth Rock|p1a: Walking Wake
|-sidestart|p1: Reynart|move: Stealth Rock
|
|-heal|p2a: Heatran|100/100|[from] item: Leftovers
|-damage|p1a: Walking Wake|88/100 tox|[from] psn
|upkeep
|turn|12
|
|t:|1743928244
|-end|p1a: Walking Wake|Protosynthesis|[silent]
|switch|p1a: Great Tusk|Great Tusk|82/100 tox
|move|p2a: Heatran|Protect||[still]
|-fail|p2a: Heatran
|
|-damage|p1a: Great Tusk|76/100 tox|[from] psn
|upkeep
|turn|13
|
|t:|1743928254
|move|p2a: Heatran|Protect|p2a: Heatran
|-singleturn|p2a: Heatran|Protect
|move|p1a: Great Tusk|Rapid Spin|p2a: Heatran
|-activate|p2a: Heatran|move: Protect
|
|-damage|p1a: Great Tusk|63/100 tox|[from] psn
|upkeep
|turn|14
|
|t:|1743928263
|switch|p2a: Dondozo|Dondozo, F|100/100 slp
|move|p1a: Great Tusk|Headlong Rush|p2a: Dondozo
|-damage|p2a: Dondozo|62/100 slp
|-unboost|p1a: Great Tusk|def|1
|-unboost|p1a: Great Tusk|spd|1
|
|-damage|p1a: Great Tusk|45/100 tox|[from] psn
|upkeep
|turn|15
|
|t:|1743928275
|move|p1a: Great Tusk|Rapid Spin|p2a: Dondozo
|-damage|p2a: Dondozo|52/100 slp
|-boost|p1a: Great Tusk|spe|1
|-sideend|p1: Reynart|Stealth Rock|[from] move: Rapid Spin|[of] p1a: Great Tusk
|cant|p2a: Dondozo|slp
|move|p2a: Dondozo|Sleep Talk|p2a: Dondozo
|move|p2a: Dondozo|Rest||[from] move: Sleep Talk|[still]
|-fail|p2a: Dondozo
|
|-damage|p1a: Great Tusk|20/100 tox|[from] psn
|upkeep
|turn|16
|
|t:|1743928289
|-end|p1a: Great Tusk|Protosynthesis|[silent]
|switch|p1a: Torkoal|Torkoal, M|100/100
|-weather|SunnyDay|[from] ability: Drought|[of] p1a: Torkoal
|cant|p2a: Dondozo|slp
|move|p2a: Dondozo|Sleep Talk|p2a: Dondozo
|move|p2a: Dondozo|Curse|p2a: Dondozo|[from] move: Sleep Talk
|-unboost|p2a: Dondozo|spe|1
|-boost|p2a: Dondozo|atk|1
|-boost|p2a: Dondozo|def|1
|
|-weather|SunnyDay|[upkeep]
|upkeep
|turn|17
|
|t:|1743928303
|-curestatus|p2a: Dondozo|slp|[msg]
|move|p2a: Dondozo|Rest|p2a: Dondozo
|-status|p2a: Dondozo|slp|[from] move: Rest
|-heal|p2a: Dondozo|100/100 slp|[silent]
|move|p1a: Torkoal|Stealth Rock|p2a: Dondozo
|-sidestart|p2: theWZAoff.|move: Stealth Rock
|
|-weather|SunnyDay|[upkeep]
|upkeep
|turn|18
|
|t:|1743928314
|switch|p1a: Skeledirge|Skeledirge, M, shiny|100/100
|cant|p2a: Dondozo|slp
|move|p2a: Dondozo|Sleep Talk|p2a: Dondozo
|move|p2a: Dondozo|Rest||[from] move: Sleep Talk|[still]
|-fail|p2a: Dondozo
|
|-weather|SunnyDay|[upkeep]
|upkeep
|turn|19
|
|t:|1743928324
|switch|p2a: Clodsire|Clodsire, F|100/100
|-damage|p2a: Clodsire|94/100|[from] Stealth Rock
|move|p1a: Skeledirge|Solar Beam||[still]
|-prepare|p1a: Skeledirge|Solar Beam
|-anim|p1a: Skeledirge|Solar Beam|p2a: Clodsire
|-damage|p2a: Clodsire|79/100
|
|-weather|SunnyDay|[upkeep]
|-heal|p2a: Clodsire|85/100|[from] item: Black Sludge
|upkeep
|turn|20
|
|t:|1743928342
|switch|p1a: Great Tusk|Great Tusk|20/100 tox
|-activate|p1a: Great Tusk|ability: Protosynthesis
|-start|p1a: Great Tusk|protosynthesisatk
|move|p2a: Clodsire|Toxic|p1a: Great Tusk
|-fail|p1a: Great Tusk|tox
|
|-weather|SunnyDay|[upkeep]
|-heal|p2a: Clodsire|91/100|[from] item: Black Sludge
|-damage|p1a: Great Tusk|14/100 tox|[from] psn
|upkeep
|turn|21
|
|t:|1743928356
|switch|p2a: Great Tusk|Great Tusk|100/100
|-damage|p2a: Great Tusk|98/100|[from] Stealth Rock
|-activate|p2a: Great Tusk|ability: Protosynthesis
|-start|p2a: Great Tusk|protosynthesisdef
|move|p1a: Great Tusk|Headlong Rush|p2a: Great Tusk
|-damage|p2a: Great Tusk|70/100
|-unboost|p1a: Great Tusk|def|1
|-unboost|p1a: Great Tusk|spd|1
|
|-weather|SunnyDay|[upkeep]
|-heal|p2a: Great Tusk|76/100|[from] item: Leftovers
|-damage|p1a: Great Tusk|1/100 tox|[from] psn
|upkeep
|turn|22
|inactive|Reynart has 120 seconds left.
|
|t:|1743928381
|move|p1a: Great Tusk|Ice Spinner|p2a: Great Tusk
|-supereffective|p2a: Great Tusk
|-damage|p2a: Great Tusk|47/100
|move|p2a: Great Tusk|Rapid Spin|p1a: Great Tusk
|-damage|p1a: Great Tusk|0 fnt
|-boost|p2a: Great Tusk|spe|1
|-sideend|p2: theWZAoff.|Stealth Rock|[from] move: Rapid Spin|[of] p2a: Great Tusk
|faint|p1a: Great Tusk
|-end|p1a: Great Tusk|Protosynthesis|[silent]
|
|-weather|SunnyDay|[upkeep]
|-heal|p2a: Great Tusk|53/100|[from] item: Leftovers
|upkeep
|inactive|Reynart has 120 seconds left.
|
|t:|1743928395
|switch|p1a: Walking Wake|Walking Wake|88/100 tox
|-activate|p1a: Walking Wake|ability: Protosynthesis
|-start|p1a: Walking Wake|protosynthesisspa
|turn|23
|inactive|Reynart has 120 seconds left.
|
|t:|1743928402
|-end|p2a: Great Tusk|Protosynthesis|[silent]
|switch|p2a: Clodsire|Clodsire, F|91/100
|move|p1a: Walking Wake|Draco Meteor|p2a: Clodsire
|-damage|p2a: Clodsire|27/100
|-unboost|p1a: Walking Wake|spa|2
|
|-weather|none
|-end|p1a: Walking Wake|Protosynthesis
|-heal|p2a: Clodsire|33/100|[from] item: Black Sludge
|-damage|p1a: Walking Wake|82/100 tox|[from] psn
|upkeep
|turn|24
|inactive|Reynart has 120 seconds left.
|
|t:|1743928414
|move|p1a: Walking Wake|Draco Meteor|p2a: Clodsire
|-damage|p2a: Clodsire|6/100
|-unboost|p1a: Walking Wake|spa|2
|move|p2a: Clodsire|Recover|p2a: Clodsire
|-heal|p2a: Clodsire|56/100
|
|-heal|p2a: Clodsire|63/100|[from] item: Black Sludge
|-damage|p1a: Walking Wake|70/100 tox|[from] psn
|upkeep
|turn|25
|l| majorrelic
|inactive|Reynart has 120 seconds left.
|
|t:|1743928426
|-end|p1a: Walking Wake|Protosynthesis|[silent]
|switch|p1a: Torkoal|Torkoal, M|100/100
|-weather|SunnyDay|[from] ability: Drought|[of] p1a: Torkoal
|move|p2a: Clodsire|Spikes|p1a: Torkoal
|-sidestart|p1: Reynart|Spikes
|
|-weather|SunnyDay|[upkeep]
|-heal|p2a: Clodsire|69/100|[from] item: Black Sludge
|upkeep
|turn|26
|inactive|Reynart has 120 seconds left.
|
|t:|1743928438
|move|p2a: Clodsire|Toxic|p1a: Torkoal
|-status|p1a: Torkoal|tox
|move|p1a: Torkoal|Will-O-Wisp|p2a: Clodsire|[miss]
|-miss|p1a: Torkoal|p2a: Clodsire
|
|-weather|SunnyDay|[upkeep]
|-heal|p2a: Clodsire|75/100|[from] item: Black Sludge
|-damage|p1a: Torkoal|95/100 tox|[from] psn
|upkeep
|turn|27
|
|t:|1743928448
|switch|p2a: Heatran|Heatran, F|100/100
|move|p1a: Torkoal|Stealth Rock|p2a: Heatran
|-sidestart|p2: theWZAoff.|move: Stealth Rock
|
|-weather|SunnyDay|[upkeep]
|-damage|p1a: Torkoal|83/100 tox|[from] psn
|upkeep
|turn|28
|
|t:|1743928460
|move|p2a: Heatran|Stealth Rock|p1a: Torkoal
|-sidestart|p1: Reynart|move: Stealth Rock
|move|p1a: Torkoal|Body Press|p2a: Heatran
|-supereffective|p2a: Heatran
|-damage|p2a: Heatran|49/100
|
|-weather|SunnyDay|[upkeep]
|-heal|p2a: Heatran|55/100|[from] item: Leftovers
|-damage|p1a: Torkoal|65/100 tox|[from] psn
|upkeep
|turn|29
|inactive|Reynart has 120 seconds left.
|
|t:|1743928477
|switch|p1a: Skeledirge|Skeledirge, M, shiny|100/100
|move|p2a: Heatran|Protect||[still]
|-fail|p2a: Heatran
|
|-weather|SunnyDay|[upkeep]
|-heal|p2a: Heatran|62/100|[from] item: Leftovers
|upkeep
|turn|30
|
|t:|1743928485
|move|p2a: Heatran|Earth Power|p1a: Skeledirge
|-supereffective|p1a: Skeledirge
|-damage|p1a: Skeledirge|65/100
|move|p1a: Skeledirge|Earth Power|p2a: Heatran
|-supereffective|p2a: Heatran
|-damage|p2a: Heatran|9/100
|
|-weather|SunnyDay|[upkeep]
|-heal|p2a: Heatran|15/100|[from] item: Leftovers
|upkeep
|turn|31
|j| MY爱莉希雅SAMA
|
|t:|1743928497
|move|p2a: Heatran|Protect|p2a: Heatran
|-singleturn|p2a: Heatran|Protect
|move|p1a: Skeledirge|Earth Power|p2a: Heatran
|-activate|p2a: Heatran|move: Protect
|
|-weather|SunnyDay|[upkeep]
|-heal|p2a: Heatran|21/100|[from] item: Leftovers
|upkeep
|turn|32
|l| MY爱莉希雅SAMA
|
|t:|1743928508
|switch|p2a: Dondozo|Dondozo, F|100/100 slp
|-damage|p2a: Dondozo|88/100 slp|[from] Stealth Rock
|move|p1a: Skeledirge|Earth Power|p2a: Dondozo
|-damage|p2a: Dondozo|73/100 slp
|
|-weather|none
|upkeep
|turn|33
|l| LoodewhX
|
|t:|1743928521
|switch|p1a: Meowscarada|Meowscarada, M, shiny|100/100
|-damage|p1a: Meowscarada|88/100|[from] Spikes
|-damage|p1a: Meowscarada|76/100|[from] Stealth Rock
|cant|p2a: Dondozo|slp
|move|p2a: Dondozo|Sleep Talk|p2a: Dondozo
|move|p2a: Dondozo|Rest||[from] move: Sleep Talk|[still]
|-fail|p2a: Dondozo
|
|upkeep
|turn|34
|
|t:|1743928534
|switch|p2a: Skeledirge|Skeledirge, F|100/100
|move|p1a: Meowscarada|Flower Trick|p2a: Skeledirge
|-start|p1a: Meowscarada|typechange|Grass|[from] ability: Protean
|-resisted|p2a: Skeledirge
|-crit|p2a: Skeledirge
|-damage|p2a: Skeledirge|86/100
|
|upkeep
|turn|35
|
|t:|1743928545
|switch|p1a: Skeledirge|Skeledirge, M, shiny|65/100
|move|p2a: Skeledirge|Torch Song|p1a: Skeledirge
|-resisted|p1a: Skeledirge
|-damage|p1a: Skeledirge|54/100
|-boost|p2a: Skeledirge|spa|1
|
|upkeep
|turn|36
|inactive|Reynart has 120 seconds left.
|
|t:|1743928564
|switch|p1a: Walking Wake|Walking Wake|70/100 tox
|-damage|p1a: Walking Wake|57/100 tox|[from] Spikes
|-damage|p1a: Walking Wake|45/100 tox|[from] Stealth Rock
|move|p2a: Skeledirge|Shadow Ball|p1a: Walking Wake
|-damage|p1a: Walking Wake|0 fnt
|faint|p1a: Walking Wake
|-end|p1a: Walking Wake|Protosynthesis|[silent]
|
|upkeep
|inactive|Reynart has 120 seconds left.
|
|t:|1743928575
|switch|p1a: Meowscarada|Meowscarada, M, shiny|76/100
|-damage|p1a: Meowscarada|64/100|[from] Spikes
|-damage|p1a: Meowscarada|51/100|[from] Stealth Rock
|turn|37
|inactive|Reynart has 120 seconds left.
|
|t:|1743928587
|switch|p2a: Great Tusk|Great Tusk|53/100
|-damage|p2a: Great Tusk|50/100|[from] Stealth Rock
|move|p1a: Meowscarada|Knock Off|p2a: Great Tusk
|-start|p1a: Meowscarada|typechange|Dark|[from] ability: Protean
|-resisted|p2a: Great Tusk
|-damage|p2a: Great Tusk|39/100
|-enditem|p2a: Great Tusk|Leftovers|[from] move: Knock Off|[of] p1a: Meowscarada
|
|upkeep
|turn|38
|inactive|Reynart has 120 seconds left.
|
|t:|1743928604
|switch|p1a: Skeledirge|Skeledirge, M, shiny|54/100
|move|p2a: Great Tusk|Knock Off|p1a: Skeledirge
|-supereffective|p1a: Skeledirge
|-damage|p1a: Skeledirge|4/100
|-enditem|p1a: Skeledirge|Heavy-Duty Boots|[from] move: Knock Off|[of] p2a: Great Tusk
|
|upkeep
|turn|39
|inactive|Reynart has 120 seconds left.
|
|t:|1743928613
|move|p2a: Great Tusk|Earthquake|p1a: Skeledirge
|-supereffective|p1a: Skeledirge
|-damage|p1a: Skeledirge|0 fnt
|faint|p1a: Skeledirge
|
|upkeep
|inactive|Reynart has 120 seconds left.
|
|t:|1743928619
|switch|p1a: Meowscarada|Meowscarada, M, shiny|51/100
|-damage|p1a: Meowscarada|39/100|[from] Spikes
|-damage|p1a: Meowscarada|27/100|[from] Stealth Rock
|turn|40
|
|t:|1743928626
|move|p1a: Meowscarada|Flower Trick|p2a: Great Tusk
|-start|p1a: Meowscarada|typechange|Grass|[from] ability: Protean
|-supereffective|p2a: Great Tusk
|-crit|p2a: Great Tusk
|-damage|p2a: Great Tusk|0 fnt
|faint|p2a: Great Tusk
|-end|p2a: Great Tusk|Protosynthesis|[silent]
|
|upkeep
|
|t:|1743928630
|switch|p2a: Heatran|Heatran, F|21/100
|-damage|p2a: Heatran|9/100|[from] Stealth Rock
|turn|41
|
|t:|1743928638
|move|p1a: Meowscarada|Flower Trick|p2a: Heatran
|-resisted|p2a: Heatran
|-crit|p2a: Heatran
|-damage|p2a: Heatran|0 fnt
|faint|p2a: Heatran
|
|upkeep
|
|t:|1743928646
|switch|p2a: Skeledirge|Skeledirge, F|86/100
|turn|42
|
|t:|1743928656
|switch|p1a: Torkoal|Torkoal, M|65/100 tox
|-damage|p1a: Torkoal|52/100 tox|[from] Spikes
|-damage|p1a: Torkoal|27/100 tox|[from] Stealth Rock
|-weather|SunnyDay|[from] ability: Drought|[of] p1a: Torkoal
|move|p2a: Skeledirge|Torch Song|p1a: Torkoal
|-resisted|p1a: Torkoal
|-damage|p1a: Torkoal|0 fnt
|-boost|p2a: Skeledirge|spa|1
|faint|p1a: Torkoal
|
|-weather|SunnyDay|[upkeep]
|upkeep
|
|t:|1743928670
|switch|p1a: Meowscarada|Meowscarada, M, shiny|27/100
|-damage|p1a: Meowscarada|14/100|[from] Spikes
|-damage|p1a: Meowscarada|2/100|[from] Stealth Rock
|turn|43
|
|t:|1743928684
|switch|p2a: Clodsire|Clodsire, F|75/100
|-damage|p2a: Clodsire|69/100|[from] Stealth Rock
|move|p1a: Meowscarada|Knock Off|p2a: Clodsire
|-start|p1a: Meowscarada|typechange|Dark|[from] ability: Protean
|-damage|p2a: Clodsire|15/100
|-enditem|p2a: Clodsire|Black Sludge|[from] move: Knock Off|[of] p1a: Meowscarada
|
|-weather|SunnyDay|[upkeep]
|upkeep
|turn|44
|
|t:|1743928696
|move|p1a: Meowscarada|Knock Off|p2a: Clodsire
|-damage|p2a: Clodsire|0 fnt
|faint|p2a: Clodsire
|
|-weather|SunnyDay|[upkeep]
|upkeep
|
|t:|1743928699
|switch|p2a: Dondozo|Dondozo, F|73/100 slp
|-damage|p2a: Dondozo|61/100 slp|[from] Stealth Rock
|turn|45
|
|t:|1743928706
|move|p1a: Meowscarada|Knock Off|p2a: Dondozo
|-crit|p2a: Dondozo
|-damage|p2a: Dondozo|31/100 slp
|-curestatus|p2a: Dondozo|slp|[msg]
|move|p2a: Dondozo|Liquidation|p1a: Meowscarada
|-damage|p1a: Meowscarada|0 fnt
|faint|p1a: Meowscarada
|
|-weather|SunnyDay|[upkeep]
|upkeep
|
|t:|1743928716
|switch|p1a: Corviknight|Corviknight, M, shiny|87/100
|-damage|p1a: Corviknight|75/100|[from] Stealth Rock
|-ability|p1a: Corviknight|Pressure
|turn|46
|
|t:|1743928724
|move|p1a: Corviknight|Body Press|p2a: Dondozo
|-damage|p2a: Dondozo|14/100
|move|p2a: Dondozo|Rest|p2a: Dondozo
|-status|p2a: Dondozo|slp|[from] move: Rest
|-heal|p2a: Dondozo|100/100 slp|[silent]
|
|-weather|SunnyDay|[upkeep]
|upkeep
|turn|47
|
|t:|1743928734
|move|p1a: Corviknight|Roost|p1a: Corviknight
|-heal|p1a: Corviknight|100/100
|-singleturn|p1a: Corviknight|move: Roost
|cant|p2a: Dondozo|slp
|move|p2a: Dondozo|Sleep Talk|p2a: Dondozo
|move|p2a: Dondozo|Rest||[from] move: Sleep Talk|[still]
|-fail|p2a: Dondozo
|
|-weather|SunnyDay|[upkeep]
|upkeep
|turn|48
|
|t:|1743928745
|move|p1a: Corviknight|Body Press|p2a: Dondozo
|-damage|p2a: Dondozo|84/100 slp
|cant|p2a: Dondozo|slp
|move|p2a: Dondozo|Sleep Talk|p2a: Dondozo
|move|p2a: Dondozo|Liquidation|p1a: Corviknight|[from] move: Sleep Talk
|-damage|p1a: Corviknight|91/100
|
|-weather|SunnyDay|[upkeep]
|upkeep
|turn|49
|
|t:|1743928760
|move|p1a: Corviknight|Body Press|p2a: Dondozo
|-crit|p2a: Dondozo
|-damage|p2a: Dondozo|59/100 slp
|-curestatus|p2a: Dondozo|slp|[msg]
|move|p2a: Dondozo|Curse|p2a: Dondozo
|-unboost|p2a: Dondozo|spe|1
|-boost|p2a: Dondozo|atk|1
|-boost|p2a: Dondozo|def|1
|
|-weather|none
|upkeep
|turn|50
|
|t:|1743928771
|move|p1a: Corviknight|Body Press|p2a: Dondozo
|-damage|p2a: Dondozo|48/100
|move|p2a: Dondozo|Curse|p2a: Dondozo
|-unboost|p2a: Dondozo|spe|1
|-boost|p2a: Dondozo|atk|1
|-boost|p2a: Dondozo|def|1
|
|upkeep
|turn|51
|
|t:|1743928779
|move|p1a: Corviknight|Body Press|p2a: Dondozo
|-damage|p2a: Dondozo|41/100
|move|p2a: Dondozo|Curse|p2a: Dondozo
|-unboost|p2a: Dondozo|spe|1
|-boost|p2a: Dondozo|atk|1
|-boost|p2a: Dondozo|def|1
|
|upkeep
|turn|52
|-message|Reynart forfeited.
|
|win|theWZAoff.
|raw|Reynart's rating: 1627 &rarr; <strong>1604</strong><br />(-23 for losing)
|raw|theWZAoff.'s rating: 1579 &rarr; <strong>1602</strong><br />(+23 for winning)
|l|☆Reynart
|player|p1|
|l|‽theWZAoff.
|player|p2|
