|j|☆ImmaBoyKisser
|j|☆hugobui0105
|t:|1743919651
|gametype|singles
|player|p1|ImmaBoyKisser|grimsley|1576
|player|p2|hugobui0105|scientist-gen4dp|1615
|teamsize|p1|6
|teamsize|p2|6
|gen|9
|tier|[Gen 9] OU
|rated|
|rule|HP Percentage Mod: HP is shown in percentages
|rule|Endless Battle Clause: Forcing endless battles is banned
|rule|Species Clause: Limit one of each Pokémon
|rule|OHKO Clause: OHKO moves are banned
|rule|Evasion Items Clause: Evasion items are banned
|rule|Evasion Moves Clause: Evasion moves are banned
|rule|Sleep Moves Clause: Sleep-inducing moves are banned
|clearpoke
|poke|p1|Rillaboom, M|
|poke|p1|Ting-Lu|
|poke|p1|Zamazenta-*|
|poke|p1|Iron Crown|
|poke|p1|Hatterene, F|
|poke|p1|Raging Bolt|
|poke|p2|Pincurchin, F|
|poke|p2|Iron Valiant|
|poke|p2|Iron Crown|
|poke|p2|Iron Treads|
|poke|p2|Raging Bolt|
|poke|p2|Hawlucha, F|
|teampreview
|
|t:|1743919674
|start
|switch|p1a: Ting-Lu|Ting-Lu|100/100
|switch|p2a: Executioner|Iron Valiant, shiny|100/100
|-ability|p1a: Ting-Lu|Vessel of Ruin
|turn|1
|inactive|Battle timer is ON: inactive players will automatically lose when time's up. (requested by hugobui0105)
|
|t:|1743919684
|switch|p1a: Hatterene|Hatterene, F, shiny|100/100
|move|p2a: Executioner|Close Combat|p1a: Hatterene
|-resisted|p1a: Hatterene
|-damage|p1a: Hatterene|83/100
|-unboost|p2a: Executioner|def|1
|-unboost|p2a: Executioner|spd|1
|
|upkeep
|turn|2
|
|t:|1743919697
|-end|p2a: Executioner|Quark Drive|[silent]
|switch|p2a: SpongeShock|Pincurchin, F|100/100
|-fieldstart|move: Electric Terrain|[from] ability: Electric Surge|[of] p2a: SpongeShock
|move|p1a: Hatterene|Psychic Noise|p2a: SpongeShock
|-damage|p2a: SpongeShock|69/100
|-start|p2a: SpongeShock|move: Heal Block
|
|upkeep
|turn|3
|
|t:|1743919713
|switch|p1a: Rillaboom|Rillaboom, M, shiny|100/100
|-fieldstart|move: Grassy Terrain|[from] ability: Grassy Surge|[of] p1a: Rillaboom
|switch|p2a: Ronda|Hawlucha, F|100/100
|
|upkeep
|turn|4
|
|t:|1743919731
|switch|p1a: Hatterene|Hatterene, F, shiny|83/100
|move|p2a: Ronda|Acrobatics|p1a: Hatterene
|-crit|p1a: Hatterene
|-damage|p1a: Hatterene|45/100
|
|-heal|p1a: Hatterene|51/100|[from] Grassy Terrain
|upkeep
|turn|5
|
|t:|1743919741
|switch|p2a: TASER|Iron Crown|100/100
|move|p1a: Hatterene|Draining Kiss|p2a: TASER
|-resisted|p2a: TASER
|-damage|p2a: TASER|88/100
|-heal|p1a: Hatterene|60/100|[from] drain|[of] p2a: TASER
|
|-heal|p2a: TASER|95/100|[from] Grassy Terrain
|-heal|p1a: Hatterene|66/100|[from] Grassy Terrain
|upkeep
|turn|6
|
|t:|1743919754
|switch|p1a: Ting-Lu|Ting-Lu|100/100
|-ability|p1a: Ting-Lu|Vessel of Ruin
|move|p2a: TASER|Tachyon Cutter|p1a: Ting-Lu
|-damage|p1a: Ting-Lu|85/100
|-damage|p1a: Ting-Lu|69/100
|-hitcount|p1a: Ting-Lu|2
|
|-heal|p2a: TASER|100/100|[from] Grassy Terrain
|-heal|p1a: Ting-Lu|75/100|[from] Grassy Terrain
|upkeep
|turn|7
|
|t:|1743919760
|-end|p2a: TASER|Quark Drive|[silent]
|switch|p2a: Ronda|Hawlucha, F|100/100
|move|p1a: Ting-Lu|Stealth Rock|p2a: Ronda
|-sidestart|p2: hugobui0105|move: Stealth Rock
|
|-heal|p1a: Ting-Lu|81/100|[from] Grassy Terrain
|-fieldend|move: Grassy Terrain
|upkeep
|turn|8
|inactive|ImmaBoyKisser has 120 seconds left.
|
|t:|1743919794
|switch|p1a: Raging Bolt|Raging Bolt|100/100
|move|p2a: Ronda|Swords Dance|p2a: Ronda
|-boost|p2a: Ronda|atk|2
|
|upkeep
|turn|9
|inactive|ImmaBoyKisser has 120 seconds left.
|
|t:|1743919819
|switch|p2a: Dumbo|Iron Treads|100/100
|-damage|p2a: Dumbo|97/100|[from] Stealth Rock
|-item|p2a: Dumbo|Air Balloon
|-terastallize|p1a: Raging Bolt|Bug
|move|p1a: Raging Bolt|Thunderbolt|p2a: Dumbo
|-immune|p2a: Dumbo
|
|upkeep
|turn|10
|
|t:|1743919827
|-end|p1a: Raging Bolt|Protosynthesis|[silent]
|switch|p1a: Ting-Lu|Ting-Lu|81/100
|-ability|p1a: Ting-Lu|Vessel of Ruin
|move|p2a: Dumbo|Stealth Rock|p1a: Ting-Lu
|-sidestart|p1: ImmaBoyKisser|move: Stealth Rock
|
|upkeep
|turn|11
|
|t:|1743919833
|move|p2a: Dumbo|Knock Off|p1a: Ting-Lu
|-resisted|p1a: Ting-Lu
|-damage|p1a: Ting-Lu|74/100
|-damage|p2a: Dumbo|81/100|[from] item: Rocky Helmet|[of] p1a: Ting-Lu
|-enditem|p1a: Ting-Lu|Rocky Helmet|[from] move: Knock Off|[of] p2a: Dumbo
|move|p1a: Ting-Lu|Ruination|p2a: Dumbo
|-damage|p2a: Dumbo|41/100
|-enditem|p2a: Dumbo|Air Balloon
|
|upkeep
|turn|12
|
|t:|1743919839
|-end|p2a: Dumbo|Quark Drive|[silent]
|switch|p2a: Ronda|Hawlucha, F|100/100
|-damage|p2a: Ronda|88/100|[from] Stealth Rock
|move|p1a: Ting-Lu|Earthquake|p2a: Ronda
|-immune|p2a: Ronda
|
|upkeep
|turn|13
|
|t:|1743919845
|move|p2a: Ronda|Encore|p1a: Ting-Lu
|-start|p1a: Ting-Lu|Encore
|move|p1a: Ting-Lu|Earthquake|p2a: Ronda
|-immune|p2a: Ronda
|
|upkeep
|turn|14
|
|t:|1743919855
|switch|p1a: Iron Crown|Iron Crown|100/100
|-damage|p1a: Iron Crown|94/100|[from] Stealth Rock
|move|p2a: Ronda|Acrobatics|p1a: Iron Crown
|-resisted|p1a: Iron Crown
|-damage|p1a: Iron Crown|82/100
|
|upkeep
|turn|15
|
|t:|1743919874
|switch|p2a: TASER|Iron Crown|100/100
|-damage|p2a: TASER|94/100|[from] Stealth Rock
|move|p1a: Iron Crown|Volt Switch|p2a: TASER
|-damage|p2a: TASER|60/100
|
|t:|1743919884
|-end|p1a: Iron Crown|Quark Drive|[silent]
|switch|p1a: Zamazenta|Zamazenta|100/100|[from] Volt Switch
|-damage|p1a: Zamazenta|94/100|[from] Stealth Rock
|-ability|p1a: Zamazenta|Dauntless Shield|boost
|-boost|p1a: Zamazenta|def|1
|
|upkeep
|turn|16
|
|t:|1743919901
|move|p1a: Zamazenta|Close Combat|p2a: TASER
|-damage|p2a: TASER|0 fnt
|-unboost|p1a: Zamazenta|def|1
|-unboost|p1a: Zamazenta|spd|1
|faint|p2a: TASER
|-end|p2a: TASER|Quark Drive|[silent]
|-damage|p1a: Zamazenta|84/100|[from] item: Life Orb
|
|upkeep
|-message|hugobui0105 forfeited.
|
|win|ImmaBoyKisser
|raw|ImmaBoyKisser's rating: 1576 &rarr; <strong>1598</strong><br />(+22 for winning)
|raw|hugobui0105's rating: 1615 &rarr; <strong>1593</strong><br />(-22 for losing)
|l|☆hugobui0105
|player|p2|
|l|☆ImmaBoyKisser
|player|p1|
