|j|☆zhiyongyici
|j|☆Morvana
|t:|1743930968
|gametype|singles
|player|p1|zhiyongyici|pokekid|1323
|player|p2|Morvana|169|1252
|teamsize|p1|6
|teamsize|p2|6
|gen|9
|tier|[Gen 9] OU
|rated|
|rule|HP Percentage Mod: HP is shown in percentages
|rule|Endless Battle Clause: Forcing endless battles is banned
|rule|Species Clause: Limit one of each Pokémon
|rule|OHKO Clause: OHKO moves are banned
|rule|Evasion Items Clause: Evasion items are banned
|rule|Evasion Moves Clause: Evasion moves are banned
|rule|Sleep Moves Clause: Sleep-inducing moves are banned
|clearpoke
|poke|p1|Samurott-Hisui, M|
|poke|p1|Gholdengo|
|poke|p1|Rillaboom, F|
|poke|p1|Walking Wake|
|poke|p1|Zapdos|
|poke|p1|Iron Treads|
|poke|p2|Serperior, M|
|poke|p2|Dragonite, M|
|poke|p2|Primarina, M|
|poke|p2|Samurott-Hisui, F|
|poke|p2|Blaziken, F|
|poke|p2|Quaquaval, F|
|teampreview
|inactive|Battle timer is ON: inactive players will automatically lose when time's up. (requested by Morvana)
|
|t:|1743930999
|start
|switch|p1a: Zapdos|Zapdos|100/100
|switch|p2a: Serperior|Serperior, M|100/100
|turn|1
|
|t:|1743931025
|move|p2a: Serperior|Glare|p1a: Zapdos
|-immune|p1a: Zapdos
|move|p1a: Zapdos|Hurricane|p2a: Serperior|[miss]
|-miss|p1a: Zapdos|p2a: Serperior
|
|upkeep
|turn|2
|
|t:|1743931048
|move|p2a: Serperior|Substitute|p2a: Serperior
|-start|p2a: Serperior|Substitute
|-damage|p2a: Serperior|76/100
|move|p1a: Zapdos|Volt Switch|p2a: Serperior
|-resisted|p2a: Serperior
|-activate|p2a: Serperior|move: Substitute|[damage]
|inactive|zhiyongyici has 120 seconds left.
|
|t:|1743931059
|switch|p1a: Rillaboom|Rillaboom, F|100/100|[from] Volt Switch
|-fieldstart|move: Grassy Terrain|[from] ability: Grassy Surge|[of] p1a: Rillaboom
|
|-heal|p2a: Serperior|82/100|[from] Grassy Terrain
|-heal|p2a: Serperior|88/100|[from] item: Leftovers
|upkeep
|turn|3
|
|t:|1743931070
|switch|p1a: Zapdos|Zapdos|100/100
|move|p2a: Serperior|Leaf Storm|p1a: Zapdos
|-resisted|p1a: Zapdos
|-damage|p1a: Zapdos|69/100
|-boost|p2a: Serperior|spa|2
|
|-heal|p2a: Serperior|94/100|[from] Grassy Terrain
|-heal|p2a: Serperior|100/100|[from] item: Leftovers
|upkeep
|turn|4
|
|t:|1743931083
|move|p2a: Serperior|Leaf Storm|p1a: Zapdos
|-resisted|p1a: Zapdos
|-damage|p1a: Zapdos|10/100
|-boost|p2a: Serperior|spa|2
|move|p1a: Zapdos|Hurricane|p2a: Serperior|[miss]
|-miss|p1a: Zapdos|p2a: Serperior
|
|upkeep
|turn|5
|inactive|Morvana has 120 seconds left.
|c|☆Morvana|lol, not a good day for hurricane
|inactive|zhiyongyici has 120 seconds left.
|
|t:|1743931121
|switch|p1a: Rillaboom|Rillaboom, F|100/100
|move|p2a: Serperior|Tera Blast|p1a: Rillaboom
|-damage|p1a: Rillaboom|61/100
|
|-heal|p1a: Rillaboom|67/100|[from] Grassy Terrain
|upkeep
|turn|6
|inactive|zhiyongyici has 120 seconds left.
|
|t:|1743931134
|move|p2a: Serperior|Leaf Storm|p1a: Rillaboom
|-resisted|p1a: Rillaboom
|-damage|p1a: Rillaboom|0 fnt
|-boost|p2a: Serperior|spa|2
|faint|p1a: Rillaboom
|
|-fieldend|move: Grassy Terrain
|upkeep
|inactive|zhiyongyici has 120 seconds left.
|
|t:|1743931163
|switch|p1a: Gholdengo|Gholdengo|100/100
|-item|p1a: Gholdengo|Air Balloon
|turn|7
|inactive|Morvana has 120 seconds left.
|inactive|Morvana has 90 seconds left.
|
|t:|1743931199
|-terastallize|p2a: Serperior|Stellar
|move|p2a: Serperior|Tera Blast|p1a: Gholdengo|[anim] Tera Blast Stellar
|-damage|p1a: Gholdengo|0 fnt
|-boost|p2a: Serperior|atk|1
|-enditem|p1a: Gholdengo|Air Balloon
|faint|p1a: Gholdengo
|
|upkeep
|
|t:|1743931209
|switch|p1a: Samurott|Samurott-Hisui, M|100/100
|turn|8
|inactive|Morvana has 90 seconds left.
|
|t:|1743931252
|move|p1a: Samurott|Flip Turn|p2a: Serperior
|-resisted|p2a: Serperior
|-end|p2a: Serperior|Substitute
|
|t:|1743931258
|switch|p1a: Zapdos|Zapdos|10/100|[from] Flip Turn
|move|p2a: Serperior|Tera Blast|p1a: Zapdos|[anim] Tera Blast Stellar
|-damage|p1a: Zapdos|0 fnt
|-boost|p2a: Serperior|atk|1
|faint|p1a: Zapdos
|
|upkeep
|
|t:|1743931270
|switch|p1a: Walking Wake|Walking Wake|100/100
|turn|9
|
|t:|1743931278
|move|p2a: Serperior|Tera Blast|p1a: Walking Wake|[anim] Tera Blast Stellar
|-damage|p1a: Walking Wake|0 fnt
|-boost|p2a: Serperior|atk|1
|faint|p1a: Walking Wake
|-end|p1a: Walking Wake|Protosynthesis|[silent]
|
|upkeep
|
|t:|1743931282
|switch|p1a: Samurott|Samurott-Hisui, M|100/100
|turn|10
|
|t:|1743931289
|-terastallize|p1a: Samurott|Dark
|move|p1a: Samurott|Ceaseless Edge|p2a: Serperior
|-damage|p2a: Serperior|26/100
|-sidestart|p2: Morvana|Spikes
|move|p2a: Serperior|Tera Blast|p1a: Samurott|[anim] Tera Blast Stellar
|-supereffective|p1a: Samurott
|-damage|p1a: Samurott|0 fnt
|-boost|p2a: Serperior|atk|1
|faint|p1a: Samurott
|
|-heal|p2a: Serperior|32/100|[from] item: Leftovers
|upkeep
|
|t:|1743931296
|switch|p1a: Iron Treads|Iron Treads|100/100
|-item|p1a: Iron Treads|Air Balloon
|turn|11
|
|t:|1743931307
|move|p2a: Serperior|Tera Blast|p1a: Iron Treads|[anim] Tera Blast Stellar
|-damage|p1a: Iron Treads|0 fnt
|-boost|p2a: Serperior|atk|1
|-enditem|p1a: Iron Treads|Air Balloon
|faint|p1a: Iron Treads
|-end|p1a: Iron Treads|Quark Drive|[silent]
|
|win|Morvana
|raw|zhiyongyici's rating: 1323 &rarr; <strong>1299</strong><br />(-24 for losing)
|raw|Morvana's rating: 1252 &rarr; <strong>1282</strong><br />(+30 for winning)
