|j|☆azunarill
|j|☆Cynthia Blueheart
|t:|1743929969
|gametype|singles
|player|p1|azunarill|102|1461
|player|p2|Cynthia Blueheart|acetrainerf|1445
|teamsize|p1|6
|teamsize|p2|6
|gen|9
|tier|[Gen 9] OU
|rated|
|rule|HP Percentage Mod: HP is shown in percentages
|rule|Endless Battle Clause: Forcing endless battles is banned
|rule|Species Clause: Limit one of each Pokémon
|rule|OHKO Clause: OHKO moves are banned
|rule|Evasion Items Clause: Evasion items are banned
|rule|Evasion Moves Clause: Evasion moves are banned
|rule|Sleep Moves Clause: Sleep-inducing moves are banned
|clearpoke
|poke|p1|Meowscarada, M|
|poke|p1|Kyurem|
|poke|p1|Slowking-Galar, F|
|poke|p1|Dragapult, M|
|poke|p1|Great Tusk|
|poke|p1|Garganacl, F|
|poke|p2|Dragapult, M|
|poke|p2|Gholdengo|
|poke|p2|Ting-Lu|
|poke|p2|Quaquaval, F|
|poke|p2|Alomomola, M|
|poke|p2|Iron Valiant|
|teampreview
|inactive|Battle timer is ON: inactive players will automatically lose when time's up. (requested by Cynthia Blueheart)
|
|t:|1743929979
|start
|switch|p1a: Meowscarada|Meowscarada, M|100/100
|switch|p2a: Dragapult|Dragapult, M|100/100
|turn|1
|
|t:|1743929982
|switch|p2a: Alomomola|Alomomola, M|100/100
|move|p1a: Meowscarada|Sucker Punch||[still]
|-fail|p1a: Meowscarada
|
|upkeep
|turn|2
|
|t:|1743929985
|switch|p1a: Slowking|Slowking-Galar, F|100/100
|move|p2a: Alomomola|Flip Turn|p1a: Slowking
|-damage|p1a: Slowking|85/100
|
|t:|1743929987
|switch|p2a: Dragapult|Dragapult, M|100/100|[from] Flip Turn
|
|upkeep
|turn|3
|
|t:|1743929991
|switch|p1a: Garganacl|Garganacl, F|100/100
|-terastallize|p2a: Dragapult|Ghost
|move|p2a: Dragapult|Tera Blast|p1a: Garganacl|[anim] Tera Blast Ghost
|-damage|p1a: Garganacl|77/100
|
|upkeep
|turn|4
|
|t:|1743929999
|switch|p2a: Alomomola|Alomomola, M|100/100
|move|p1a: Garganacl|Stealth Rock|p2a: Alomomola
|-sidestart|p2: Cynthia Blueheart|move: Stealth Rock
|
|upkeep
|turn|5
|
|t:|1743930012
|move|p2a: Alomomola|Flip Turn|p1a: Garganacl
|-supereffective|p1a: Garganacl
|-damage|p1a: Garganacl|56/100
|
|t:|1743930015
|switch|p2a: Quaquaval|Quaquaval, F|100/100|[from] Flip Turn
|move|p1a: Garganacl|Recover|p1a: Garganacl
|-heal|p1a: Garganacl|100/100
|
|upkeep
|turn|6
|inactive|azunarill has 120 seconds left.
|
|t:|1743930048
|-terastallize|p1a: Garganacl|Water
|move|p2a: Quaquaval|Rapid Spin|p1a: Garganacl
|-damage|p1a: Garganacl|91/100
|-boost|p2a: Quaquaval|spe|1
|-sideend|p2: Cynthia Blueheart|Stealth Rock|[from] move: Rapid Spin|[of] p2a: Quaquaval
|move|p1a: Garganacl|Salt Cure|p2a: Quaquaval
|-resisted|p2a: Quaquaval
|-crit|p2a: Quaquaval
|-damage|p2a: Quaquaval|90/100
|-start|p2a: Quaquaval|Salt Cure
|
|-damage|p2a: Quaquaval|65/100|[from] Salt Cure
|upkeep
|turn|7
|
|t:|1743930055
|move|p2a: Quaquaval|Close Combat|p1a: Garganacl
|-crit|p1a: Garganacl
|-damage|p1a: Garganacl|47/100
|-unboost|p2a: Quaquaval|def|1
|-unboost|p2a: Quaquaval|spd|1
|move|p1a: Garganacl|Stealth Rock|p2a: Quaquaval
|-sidestart|p2: Cynthia Blueheart|move: Stealth Rock
|
|-damage|p2a: Quaquaval|40/100|[from] Salt Cure
|upkeep
|turn|8
|
|t:|1743930059
|move|p2a: Quaquaval|Rapid Spin|p1a: Garganacl
|-damage|p1a: Garganacl|38/100
|-boost|p2a: Quaquaval|spe|1
|-sideend|p2: Cynthia Blueheart|Stealth Rock|[from] move: Rapid Spin|[of] p2a: Quaquaval
|move|p1a: Garganacl|Recover|p1a: Garganacl
|-heal|p1a: Garganacl|88/100
|
|-damage|p2a: Quaquaval|15/100|[from] Salt Cure
|upkeep
|turn|9
|
|t:|1743930063
|move|p2a: Quaquaval|Roost|p2a: Quaquaval
|-heal|p2a: Quaquaval|65/100
|-singleturn|p2a: Quaquaval|move: Roost
|move|p1a: Garganacl|Recover|p1a: Garganacl
|-heal|p1a: Garganacl|100/100
|
|-damage|p2a: Quaquaval|41/100|[from] Salt Cure
|upkeep
|turn|10
|
|t:|1743930066
|move|p2a: Quaquaval|Roost|p2a: Quaquaval
|-heal|p2a: Quaquaval|91/100
|-singleturn|p2a: Quaquaval|move: Roost
|move|p1a: Garganacl|Stealth Rock|p2a: Quaquaval
|-sidestart|p2: Cynthia Blueheart|move: Stealth Rock
|
|-damage|p2a: Quaquaval|66/100|[from] Salt Cure
|upkeep
|turn|11
|
|t:|1743930069
|move|p2a: Quaquaval|Rapid Spin|p1a: Garganacl
|-damage|p1a: Garganacl|91/100
|-boost|p2a: Quaquaval|spe|1
|-sideend|p2: Cynthia Blueheart|Stealth Rock|[from] move: Rapid Spin|[of] p2a: Quaquaval
|move|p1a: Garganacl|Salt Cure|p2a: Quaquaval
|-resisted|p2a: Quaquaval
|-damage|p2a: Quaquaval|55/100
|
|-damage|p2a: Quaquaval|31/100|[from] Salt Cure
|upkeep
|turn|12
|
|t:|1743930071
|move|p2a: Quaquaval|Roost|p2a: Quaquaval
|-heal|p2a: Quaquaval|81/100
|-singleturn|p2a: Quaquaval|move: Roost
|move|p1a: Garganacl|Salt Cure|p2a: Quaquaval
|-resisted|p2a: Quaquaval
|-damage|p2a: Quaquaval|72/100
|
|-damage|p2a: Quaquaval|47/100|[from] Salt Cure
|upkeep
|turn|13
|
|t:|1743930075
|switch|p2a: Alomomola|Alomomola, M|100/100
|move|p1a: Garganacl|Stealth Rock|p2a: Alomomola
|-sidestart|p2: Cynthia Blueheart|move: Stealth Rock
|
|upkeep
|turn|14
|
|t:|1743930079
|move|p2a: Alomomola|Wish|p2a: Alomomola
|move|p1a: Garganacl|Salt Cure|p2a: Alomomola
|-damage|p2a: Alomomola|92/100
|-start|p2a: Alomomola|Salt Cure
|
|-damage|p2a: Alomomola|67/100|[from] Salt Cure
|upkeep
|turn|15
|
|t:|1743930083
|move|p2a: Alomomola|Flip Turn|p1a: Garganacl
|-resisted|p1a: Garganacl
|-damage|p1a: Garganacl|85/100
|
|t:|1743930085
|switch|p2a: Quaquaval|Quaquaval, F|47/100|[from] Flip Turn
|move|p1a: Garganacl|Salt Cure|p2a: Quaquaval
|-resisted|p2a: Quaquaval
|-damage|p2a: Quaquaval|40/100
|-start|p2a: Quaquaval|Salt Cure
|
|-heal|p2a: Quaquaval|100/100|[from] move: Wish|[wisher] Alomomola
|-damage|p2a: Quaquaval|76/100|[from] Salt Cure
|upkeep
|turn|16
|
|t:|1743930092
|move|p2a: Quaquaval|Rapid Spin|p1a: Garganacl
|-damage|p1a: Garganacl|76/100
|-boost|p2a: Quaquaval|spe|1
|-sideend|p2: Cynthia Blueheart|Stealth Rock|[from] move: Rapid Spin|[of] p2a: Quaquaval
|move|p1a: Garganacl|Stealth Rock|p2a: Quaquaval
|-sidestart|p2: Cynthia Blueheart|move: Stealth Rock
|
|-damage|p2a: Quaquaval|51/100|[from] Salt Cure
|upkeep
|turn|17
|
|t:|1743930094
|move|p2a: Quaquaval|Close Combat|p1a: Garganacl
|-damage|p1a: Garganacl|42/100
|-unboost|p2a: Quaquaval|def|1
|-unboost|p2a: Quaquaval|spd|1
|move|p1a: Garganacl|Stealth Rock||[still]
|-fail|p1a: Garganacl
|
|-damage|p2a: Quaquaval|26/100|[from] Salt Cure
|upkeep
|turn|18
|
|t:|1743930098
|move|p2a: Quaquaval|Roost|p2a: Quaquaval
|-heal|p2a: Quaquaval|76/100
|-singleturn|p2a: Quaquaval|move: Roost
|move|p1a: Garganacl|Recover|p1a: Garganacl
|-heal|p1a: Garganacl|92/100
|
|-damage|p2a: Quaquaval|52/100|[from] Salt Cure
|upkeep
|turn|19
|
|t:|1743930105
|switch|p2a: Alomomola|Alomomola, M|99/100
|-damage|p2a: Alomomola|88/100|[from] Stealth Rock
|move|p1a: Garganacl|Ice Punch|p2a: Alomomola
|-resisted|p2a: Alomomola
|-damage|p2a: Alomomola|82/100
|-damage|p1a: Garganacl|75/100|[from] item: Rocky Helmet|[of] p2a: Alomomola
|
|upkeep
|turn|20
|
|t:|1743930109
|move|p2a: Alomomola|Wish|p2a: Alomomola
|move|p1a: Garganacl|Salt Cure|p2a: Alomomola
|-damage|p2a: Alomomola|73/100
|-start|p2a: Alomomola|Salt Cure
|
|-damage|p2a: Alomomola|48/100|[from] Salt Cure
|upkeep
|turn|21
|
|t:|1743930111
|move|p2a: Alomomola|Flip Turn|p1a: Garganacl
|-resisted|p1a: Garganacl
|-damage|p1a: Garganacl|70/100
|
|t:|1743930114
|switch|p2a: Quaquaval|Quaquaval, F|52/100|[from] Flip Turn
|move|p1a: Garganacl|Salt Cure|p2a: Quaquaval
|-resisted|p2a: Quaquaval
|-damage|p2a: Quaquaval|45/100
|-start|p2a: Quaquaval|Salt Cure
|
|-heal|p2a: Quaquaval|100/100|[from] move: Wish|[wisher] Alomomola
|-damage|p2a: Quaquaval|76/100|[from] Salt Cure
|upkeep
|turn|22
|
|t:|1743930121
|move|p2a: Quaquaval|Rapid Spin|p1a: Garganacl
|-damage|p1a: Garganacl|62/100
|-boost|p2a: Quaquaval|spe|1
|-sideend|p2: Cynthia Blueheart|Stealth Rock|[from] move: Rapid Spin|[of] p2a: Quaquaval
|move|p1a: Garganacl|Recover|p1a: Garganacl
|-heal|p1a: Garganacl|100/100
|
|-damage|p2a: Quaquaval|51/100|[from] Salt Cure
|upkeep
|turn|23
|
|t:|1743930125
|switch|p2a: Alomomola|Alomomola, M|81/100
|move|p1a: Garganacl|Stealth Rock|p2a: Alomomola
|-sidestart|p2: Cynthia Blueheart|move: Stealth Rock
|
|upkeep
|turn|24
|
|t:|1743930128
|move|p2a: Alomomola|Protect|p2a: Alomomola
|-singleturn|p2a: Alomomola|Protect
|move|p1a: Garganacl|Salt Cure|p2a: Alomomola
|-activate|p2a: Alomomola|move: Protect
|
|upkeep
|turn|25
|
|t:|1743930131
|move|p2a: Alomomola|Wish|p2a: Alomomola
|move|p1a: Garganacl|Salt Cure|p2a: Alomomola
|-damage|p2a: Alomomola|73/100
|-start|p2a: Alomomola|Salt Cure
|
|-damage|p2a: Alomomola|48/100|[from] Salt Cure
|upkeep
|turn|26
|
|t:|1743930134
|move|p2a: Alomomola|Flip Turn|p1a: Garganacl
|-resisted|p1a: Garganacl
|-damage|p1a: Garganacl|96/100
|
|t:|1743930136
|switch|p2a: Quaquaval|Quaquaval, F|51/100|[from] Flip Turn
|move|p1a: Garganacl|Salt Cure|p2a: Quaquaval
|-resisted|p2a: Quaquaval
|-damage|p2a: Quaquaval|44/100
|-start|p2a: Quaquaval|Salt Cure
|
|-heal|p2a: Quaquaval|100/100|[from] move: Wish|[wisher] Alomomola
|-damage|p2a: Quaquaval|76/100|[from] Salt Cure
|upkeep
|turn|27
|
|t:|1743930144
|switch|p1a: Dragapult|Dragapult, M|100/100
|move|p2a: Quaquaval|Close Combat|p1a: Dragapult
|-immune|p1a: Dragapult
|
|-damage|p2a: Quaquaval|51/100|[from] Salt Cure
|upkeep
|turn|28
|
|t:|1743930152
|switch|p2a: Ting-Lu|Ting-Lu|100/100
|-damage|p2a: Ting-Lu|94/100|[from] Stealth Rock
|-ability|p2a: Ting-Lu|Vessel of Ruin
|move|p1a: Dragapult|Dragon Dance|p1a: Dragapult
|-boost|p1a: Dragapult|atk|1
|-boost|p1a: Dragapult|spe|1
|
|-heal|p2a: Ting-Lu|100/100|[from] item: Leftovers
|upkeep
|turn|29
|
|t:|1743930159
|move|p1a: Dragapult|Dragon Darts|p2a: Ting-Lu
|-damage|p2a: Ting-Lu|81/100
|-anim|p1a: Dragapult|Dragon Darts|p2a: Ting-Lu
|-damage|p2a: Ting-Lu|62/100
|move|p2a: Ting-Lu|Throat Chop|p1a: Dragapult
|-supereffective|p1a: Dragapult
|-damage|p1a: Dragapult|17/100
|-start|p1a: Dragapult|Throat Chop|[silent]
|
|-heal|p2a: Ting-Lu|68/100|[from] item: Leftovers
|upkeep
|turn|30
|
|t:|1743930172
|switch|p1a: Great Tusk|Great Tusk|100/100
|move|p2a: Ting-Lu|Earthquake|p1a: Great Tusk
|-damage|p1a: Great Tusk|73/100
|
|-heal|p2a: Ting-Lu|74/100|[from] item: Leftovers
|upkeep
|turn|31
|
|t:|1743930177
|switch|p2a: Alomomola|Alomomola, M|81/100
|-damage|p2a: Alomomola|69/100|[from] Stealth Rock
|move|p1a: Great Tusk|Knock Off|p2a: Alomomola
|-damage|p2a: Alomomola|49/100
|-damage|p1a: Great Tusk|56/100|[from] item: Rocky Helmet|[of] p2a: Alomomola
|-enditem|p2a: Alomomola|Rocky Helmet|[from] move: Knock Off|[of] p1a: Great Tusk
|
|upkeep
|turn|32
|
|t:|1743930182
|-end|p1a: Great Tusk|Protosynthesis|[silent]
|switch|p1a: Garganacl|Garganacl, F, tera:Water|96/100
|move|p2a: Alomomola|Wish|p2a: Alomomola
|
|upkeep
|turn|33
|
|t:|1743930186
|move|p2a: Alomomola|Flip Turn|p1a: Garganacl
|-resisted|p1a: Garganacl
|-damage|p1a: Garganacl|90/100
|
|t:|1743930188
|switch|p2a: Quaquaval|Quaquaval, F|51/100|[from] Flip Turn
|move|p1a: Garganacl|Salt Cure|p2a: Quaquaval
|-resisted|p2a: Quaquaval
|-damage|p2a: Quaquaval|44/100
|-start|p2a: Quaquaval|Salt Cure
|
|-heal|p2a: Quaquaval|100/100|[from] move: Wish|[wisher] Alomomola
|-damage|p2a: Quaquaval|76/100|[from] Salt Cure
|upkeep
|turn|34
|
|t:|1743930197
|move|p2a: Quaquaval|Aqua Step|p1a: Garganacl
|-resisted|p1a: Garganacl
|-damage|p1a: Garganacl|79/100
|-boost|p2a: Quaquaval|spe|1
|move|p1a: Garganacl|Stealth Rock||[still]
|-fail|p1a: Garganacl
|
|-damage|p2a: Quaquaval|51/100|[from] Salt Cure
|upkeep
|turn|35
|
|t:|1743930207
|move|p2a: Quaquaval|Close Combat|p1a: Garganacl
|-damage|p1a: Garganacl|48/100
|-unboost|p2a: Quaquaval|def|1
|-unboost|p2a: Quaquaval|spd|1
|move|p1a: Garganacl|Salt Cure|p2a: Quaquaval
|-resisted|p2a: Quaquaval
|-damage|p2a: Quaquaval|41/100
|
|-damage|p2a: Quaquaval|17/100|[from] Salt Cure
|upkeep
|turn|36
|
|t:|1743930213
|move|p2a: Quaquaval|Roost|p2a: Quaquaval
|-heal|p2a: Quaquaval|67/100
|-singleturn|p2a: Quaquaval|move: Roost
|move|p1a: Garganacl|Recover|p1a: Garganacl
|-heal|p1a: Garganacl|98/100
|
|-damage|p2a: Quaquaval|42/100|[from] Salt Cure
|upkeep
|turn|37
|
|t:|1743930217
|move|p2a: Quaquaval|Roost|p2a: Quaquaval
|-heal|p2a: Quaquaval|92/100
|-singleturn|p2a: Quaquaval|move: Roost
|move|p1a: Garganacl|Salt Cure|p2a: Quaquaval
|-resisted|p2a: Quaquaval
|-damage|p2a: Quaquaval|82/100
|
|-damage|p2a: Quaquaval|58/100|[from] Salt Cure
|upkeep
|turn|38
|
|t:|1743930221
|move|p2a: Quaquaval|Rapid Spin|p1a: Garganacl
|-damage|p1a: Garganacl|89/100
|-boost|p2a: Quaquaval|spe|1
|-sideend|p2: Cynthia Blueheart|Stealth Rock|[from] move: Rapid Spin|[of] p2a: Quaquaval
|move|p1a: Garganacl|Stealth Rock|p2a: Quaquaval
|-sidestart|p2: Cynthia Blueheart|move: Stealth Rock
|
|-damage|p2a: Quaquaval|33/100|[from] Salt Cure
|upkeep
|turn|39
|
|t:|1743930224
|move|p2a: Quaquaval|Roost|p2a: Quaquaval
|-heal|p2a: Quaquaval|83/100
|-singleturn|p2a: Quaquaval|move: Roost
|move|p1a: Garganacl|Ice Punch|p2a: Quaquaval
|-resisted|p2a: Quaquaval
|-damage|p2a: Quaquaval|71/100
|
|-damage|p2a: Quaquaval|46/100|[from] Salt Cure
|upkeep
|turn|40
|
|t:|1743930227
|switch|p2a: Alomomola|Alomomola, M|83/100
|-damage|p2a: Alomomola|70/100|[from] Stealth Rock
|move|p1a: Garganacl|Ice Punch|p2a: Alomomola
|-resisted|p2a: Alomomola
|-damage|p2a: Alomomola|65/100
|
|upkeep
|turn|41
|
|t:|1743930229
|move|p2a: Alomomola|Wish|p2a: Alomomola
|move|p1a: Garganacl|Salt Cure|p2a: Alomomola
|-damage|p2a: Alomomola|57/100
|-start|p2a: Alomomola|Salt Cure
|
|-damage|p2a: Alomomola|32/100|[from] Salt Cure
|upkeep
|turn|42
|
|t:|1743930232
|move|p2a: Alomomola|Scald|p1a: Garganacl
|-resisted|p1a: Garganacl
|-damage|p1a: Garganacl|85/100
|move|p1a: Garganacl|Salt Cure|p2a: Alomomola
|-damage|p2a: Alomomola|23/100
|
|-heal|p2a: Alomomola|73/100|[from] move: Wish|[wisher] Alomomola
|-damage|p2a: Alomomola|48/100|[from] Salt Cure
|upkeep
|turn|43
|
|t:|1743930242
|switch|p2a: Gholdengo|Gholdengo|100/100
|-damage|p2a: Gholdengo|94/100|[from] Stealth Rock
|move|p1a: Garganacl|Salt Cure|p2a: Gholdengo
|-resisted|p2a: Gholdengo
|-damage|p2a: Gholdengo|86/100
|-start|p2a: Gholdengo|Salt Cure
|
|-damage|p2a: Gholdengo|61/100|[from] Salt Cure
|upkeep
|turn|44
|
|t:|1743930251
|move|p2a: Gholdengo|Trick|p1a: Garganacl
|-activate|p2a: Gholdengo|move: Trick|[of] p1a: Garganacl
|-item|p1a: Garganacl|Choice Scarf|[from] move: Trick
|-item|p2a: Gholdengo|Heavy-Duty Boots|[from] move: Trick
|move|p1a: Garganacl|Salt Cure|p2a: Gholdengo
|-resisted|p2a: Gholdengo
|-damage|p2a: Gholdengo|53/100
|
|-damage|p2a: Gholdengo|28/100|[from] Salt Cure
|upkeep
|turn|45
|
|t:|1743930256
|switch|p2a: Alomomola|Alomomola, M|82/100
|-damage|p2a: Alomomola|69/100|[from] Stealth Rock
|move|p1a: Garganacl|Salt Cure|p2a: Alomomola
|-damage|p2a: Alomomola|60/100
|-start|p2a: Alomomola|Salt Cure
|
|-damage|p2a: Alomomola|35/100|[from] Salt Cure
|upkeep
|turn|46
|
|t:|1743930261
|switch|p1a: Meowscarada|Meowscarada, M|100/100
|move|p2a: Alomomola|Flip Turn|p1a: Meowscarada
|-resisted|p1a: Meowscarada
|-damage|p1a: Meowscarada|87/100
|
|t:|1743930270
|switch|p2a: Ting-Lu|Ting-Lu|74/100|[from] Flip Turn
|-damage|p2a: Ting-Lu|68/100|[from] Stealth Rock
|-ability|p2a: Ting-Lu|Vessel of Ruin
|
|-heal|p2a: Ting-Lu|74/100|[from] item: Leftovers
|upkeep
|turn|47
|
|t:|1743930279
|switch|p2a: Quaquaval|Quaquaval, F|46/100
|move|p1a: Meowscarada|Flower Trick|p2a: Quaquaval
|-start|p1a: Meowscarada|typechange|Grass|[from] ability: Protean
|-supereffective|p2a: Quaquaval
|-crit|p2a: Quaquaval
|-damage|p2a: Quaquaval|0 fnt
|faint|p2a: Quaquaval
|
|upkeep
|
|t:|1743930285
|switch|p2a: Dragapult|Dragapult, M, tera:Ghost|100/100
|-damage|p2a: Dragapult|88/100|[from] Stealth Rock
|turn|48
|
|t:|1743930293
|switch|p1a: Garganacl|Garganacl, F, tera:Water|85/100
|move|p2a: Dragapult|Dragon Darts|p1a: Garganacl
|-damage|p1a: Garganacl|61/100
|-anim|p2a: Dragapult|Dragon Darts|p1a: Garganacl
|-damage|p1a: Garganacl|35/100
|
|upkeep
|turn|49
|
|t:|1743930322
|move|p2a: Dragapult|Dragon Darts|p1a: Garganacl
|-damage|p1a: Garganacl|13/100
|-anim|p2a: Dragapult|Dragon Darts|p1a: Garganacl
|-damage|p1a: Garganacl|0 fnt
|faint|p1a: Garganacl
|
|upkeep
|
|t:|1743930330
|switch|p1a: Meowscarada|Meowscarada, M|87/100
|turn|50
|
|t:|1743930335
|switch|p2a: Gholdengo|Gholdengo|28/100
|move|p1a: Meowscarada|U-turn|p2a: Gholdengo
|-start|p1a: Meowscarada|typechange|Bug|[from] ability: Protean
|-resisted|p2a: Gholdengo
|-damage|p2a: Gholdengo|15/100
|
|t:|1743930348
|switch|p1a: Great Tusk|Great Tusk|56/100|[from] U-turn
|
|upkeep
|turn|51
|
|t:|1743930352
|switch|p2a: Alomomola|Alomomola, M|68/100
|-damage|p2a: Alomomola|56/100|[from] Stealth Rock
|move|p1a: Great Tusk|Knock Off|p2a: Alomomola
|-damage|p2a: Alomomola|42/100
|
|upkeep
|turn|52
|
|t:|1743930355
|move|p1a: Great Tusk|Headlong Rush|p2a: Alomomola
|-crit|p2a: Alomomola
|-damage|p2a: Alomomola|0 fnt
|-unboost|p1a: Great Tusk|def|1
|-unboost|p1a: Great Tusk|spd|1
|faint|p2a: Alomomola
|
|upkeep
|
|t:|1743930359
|switch|p2a: Dragapult|Dragapult, M, tera:Ghost|88/100
|-damage|p2a: Dragapult|76/100|[from] Stealth Rock
|turn|53
|
|t:|1743930366
|move|p2a: Dragapult|Dragon Darts|p1a: Great Tusk
|-damage|p1a: Great Tusk|16/100
|-anim|p2a: Dragapult|Dragon Darts|p1a: Great Tusk
|-damage|p1a: Great Tusk|0 fnt
|faint|p1a: Great Tusk
|-end|p1a: Great Tusk|Protosynthesis|[silent]
|
|upkeep
|
|t:|1743930380
|switch|p1a: Meowscarada|Meowscarada, M|87/100
|turn|54
|
|t:|1743930387
|switch|p2a: Gholdengo|Gholdengo|15/100
|move|p1a: Meowscarada|Flower Trick|p2a: Gholdengo
|-start|p1a: Meowscarada|typechange|Grass|[from] ability: Protean
|-resisted|p2a: Gholdengo
|-crit|p2a: Gholdengo
|-damage|p2a: Gholdengo|0 fnt
|faint|p2a: Gholdengo
|
|upkeep
|
|t:|1743930392
|switch|p2a: Dragapult|Dragapult, M, tera:Ghost|76/100
|-damage|p2a: Dragapult|64/100|[from] Stealth Rock
|turn|55
|
|t:|1743930404
|switch|p1a: Kyurem|Kyurem|100/100
|-ability|p1a: Kyurem|Pressure
|move|p2a: Dragapult|Dragon Darts|p1a: Kyurem
|-supereffective|p1a: Kyurem
|-damage|p1a: Kyurem|36/100
|-anim|p2a: Dragapult|Dragon Darts|p1a: Kyurem
|-supereffective|p1a: Kyurem
|-damage|p1a: Kyurem|0 fnt
|faint|p1a: Kyurem
|
|upkeep
|
|t:|1743930423
|switch|p1a: Dragapult|Dragapult, M|17/100
|turn|56
|
|t:|1743930426
|switch|p2a: Ting-Lu|Ting-Lu|74/100
|-damage|p2a: Ting-Lu|68/100|[from] Stealth Rock
|-ability|p2a: Ting-Lu|Vessel of Ruin
|move|p1a: Dragapult|Sucker Punch||[still]
|-fail|p1a: Dragapult
|
|-heal|p2a: Ting-Lu|74/100|[from] item: Leftovers
|upkeep
|turn|57
|
|t:|1743930432
|switch|p1a: Meowscarada|Meowscarada, M|87/100
|move|p2a: Ting-Lu|Spikes|p1a: Meowscarada
|-sidestart|p1: azunarill|Spikes
|
|-heal|p2a: Ting-Lu|80/100|[from] item: Leftovers
|upkeep
|turn|58
|
|t:|1743930434
|move|p1a: Meowscarada|Flower Trick|p2a: Ting-Lu
|-start|p1a: Meowscarada|typechange|Grass|[from] ability: Protean
|-supereffective|p2a: Ting-Lu
|-crit|p2a: Ting-Lu
|-damage|p2a: Ting-Lu|6/100
|move|p2a: Ting-Lu|Stealth Rock|p1a: Meowscarada
|-sidestart|p1: azunarill|move: Stealth Rock
|
|-heal|p2a: Ting-Lu|12/100|[from] item: Leftovers
|upkeep
|turn|59
|
|t:|1743930439
|move|p1a: Meowscarada|Flower Trick|p2a: Ting-Lu
|-supereffective|p2a: Ting-Lu
|-crit|p2a: Ting-Lu
|-damage|p2a: Ting-Lu|0 fnt
|faint|p2a: Ting-Lu
|
|upkeep
|
|t:|1743930441
|switch|p2a: Dragapult|Dragapult, M, tera:Ghost|64/100
|-damage|p2a: Dragapult|51/100|[from] Stealth Rock
|turn|60
|
|t:|1743930457
|switch|p1a: Dragapult|Dragapult, M|17/100
|move|p2a: Dragapult|Dragon Darts|p1a: Dragapult
|-supereffective|p1a: Dragapult
|-damage|p1a: Dragapult|0 fnt
|faint|p1a: Dragapult
|
|upkeep
|
|t:|1743930460
|switch|p1a: Meowscarada|Meowscarada, M|87/100
|-damage|p1a: Meowscarada|75/100|[from] Spikes
|-damage|p1a: Meowscarada|63/100|[from] Stealth Rock
|turn|61
|
|t:|1743930463
|switch|p2a: Iron Valiant|Iron Valiant|100/100
|-damage|p2a: Iron Valiant|94/100|[from] Stealth Rock
|move|p1a: Meowscarada|U-turn|p2a: Iron Valiant
|-start|p1a: Meowscarada|typechange|Bug|[from] ability: Protean
|-resisted|p2a: Iron Valiant
|-damage|p2a: Iron Valiant|79/100
|
|t:|1743930465
|switch|p1a: Slowking|Slowking-Galar, F|100/100|[from] U-turn
|
|upkeep
|turn|62
|
|t:|1743930471
|-end|p2a: Iron Valiant|Quark Drive|[silent]
|switch|p2a: Dragapult|Dragapult, M, tera:Ghost|51/100
|-damage|p2a: Dragapult|39/100|[from] Stealth Rock
|move|p1a: Slowking|Psychic Noise|p2a: Dragapult
|-damage|p2a: Dragapult|2/100
|-start|p2a: Dragapult|move: Heal Block
|
|upkeep
|turn|63
|
|t:|1743930486
|move|p2a: Dragapult|Tera Blast|p1a: Slowking|[anim] Tera Blast Ghost
|-supereffective|p1a: Slowking
|-damage|p1a: Slowking|0 fnt
|faint|p1a: Slowking
|
|-end|p2a: Dragapult|move: Heal Block
|upkeep
|
|t:|1743930489
|switch|p1a: Meowscarada|Meowscarada, M|63/100
|-damage|p1a: Meowscarada|50/100|[from] Spikes
|-damage|p1a: Meowscarada|38/100|[from] Stealth Rock
|turn|64
|
|t:|1743930498
|move|p2a: Dragapult|Tera Blast|p1a: Meowscarada|[anim] Tera Blast Ghost
|-resisted|p1a: Meowscarada
|-damage|p1a: Meowscarada|0 fnt
|faint|p1a: Meowscarada
|
|win|Cynthia Blueheart
|raw|azunarill's rating: 1461 &rarr; <strong>1440</strong><br />(-21 for losing)
|raw|Cynthia Blueheart's rating: 1445 &rarr; <strong>1466</strong><br />(+21 for winning)
|l|☆azunarill
|player|p1|
|l|☆Cynthia Blueheart
|player|p2|
|j|☆Cynthia Blueheart
|player|p2|Cynthia Blueheart|acetrainerf|
