|j|☆Musssab
|j|☆currieman69
|t:|1743931183
|gametype|singles
|player|p1|Musssab|psychic-gen4|1142
|player|p2|currieman69|marlon|1165
|teamsize|p1|6
|teamsize|p2|6
|gen|9
|tier|[Gen 9] OU
|rated|
|rule|HP Percentage Mod: HP is shown in percentages
|rule|Endless Battle Clause: Forcing endless battles is banned
|rule|Species Clause: Limit one of each Pokémon
|rule|OHKO Clause: OHKO moves are banned
|rule|Evasion Items Clause: Evasion items are banned
|rule|Evasion Moves Clause: Evasion moves are banned
|rule|Sleep Moves Clause: Sleep-inducing moves are banned
|clearpoke
|poke|p1|Lycanroc-Dusk, M|
|poke|p1|Gyarados, M|
|poke|p1|Hatterene, F|
|poke|p1|Decidueye-Hisui, M|
|poke|p1|Infernape, F|
|poke|p1|Hydreigon, M|
|poke|p2|Frosmoth, M|
|poke|p2|Cinccino, M|
|poke|p2|Incineroar, F|
|poke|p2|Weezing-Galar, M|
|poke|p2|Sinistcha-Masterpiece|
|poke|p2|Alomomola, F|
|teampreview
|inactive|Battle timer is ON: inactive players will automatically lose when time's up. (requested by Musssab)
|
|t:|1743931210
|start
|switch|p1a: Canic|Lycanroc-Dusk, M, shiny|100/100
|switch|p2a: Sinistcha|Sinistcha-Masterpiece|100/100
|turn|1
|
|t:|1743931222
|move|p1a: Canic|Outrage|p2a: Sinistcha
|-damage|p2a: Sinistcha|67/100
|move|p2a: Sinistcha|Matcha Gotcha|p1a: Canic
|-supereffective|p1a: Canic
|-enditem|p1a: Canic|Focus Sash
|-damage|p1a: Canic|1/100
|-heal|p2a: Sinistcha|100/100|[from] drain|[of] p1a: Canic
|-status|p1a: Canic|brn
|
|-damage|p1a: Canic|0 fnt|[from] brn
|faint|p1a: Canic
|upkeep
|inactive|Musssab has 120 seconds left.
|
|t:|1743931258
|switch|p1a: Azula|Infernape, F|100/100
|turn|2
|
|t:|1743931271
|switch|p2a: Alomomola|Alomomola, F|100/100
|move|p1a: Azula|Overheat|p2a: Alomomola
|-resisted|p2a: Alomomola
|-damage|p2a: Alomomola|74/100
|-unboost|p1a: Azula|spa|2
|
|upkeep
|turn|3
|inactive|Musssab has 120 seconds left.
|
|t:|1743931283
|switch|p1a: Mannequin|Hydreigon, M|100/100
|move|p2a: Alomomola|Flip Turn|p1a: Mannequin
|-resisted|p1a: Mannequin
|-damage|p1a: Mannequin|90/100
|
|t:|1743931290
|switch|p2a: Weezing|Weezing-Galar, M, shiny|100/100|[from] Flip Turn
|-ability|p2a: Weezing|Neutralizing Gas
|
|upkeep
|turn|4
|inactive|Musssab has 120 seconds left.
|
|t:|1743931313
|-terastallize|p1a: Mannequin|Poison
|move|p1a: Mannequin|Earth Power|p2a: Weezing
|-supereffective|p2a: Weezing
|-enditem|p2a: Weezing|Shuca Berry|[eat]
|-enditem|p2a: Weezing|Shuca Berry|[weaken]
|-damage|p2a: Weezing|61/100
|move|p2a: Weezing|Toxic|p1a: Mannequin
|-immune|p1a: Mannequin
|
|upkeep
|turn|5
|inactive|Musssab has 120 seconds left.
|
|t:|1743931327
|-end|p2a: Weezing|ability: Neutralizing Gas
|switch|p2a: Alomomola|Alomomola, F|100/100
|move|p1a: Mannequin|Earth Power|p2a: Alomomola
|-damage|p2a: Alomomola|71/100
|
|upkeep
|turn|6
|inactive|Musssab has 120 seconds left.
|
|t:|1743931340
|switch|p1a: Hooters|Decidueye-Hisui, M|100/100
|move|p2a: Alomomola|Mirror Coat||[still]
|-fail|p2a: Alomomola
|
|upkeep
|turn|7
|
|t:|1743931359
|switch|p2a: Weezing|Weezing-Galar, M, shiny|61/100
|-ability|p2a: Weezing|Neutralizing Gas
|move|p1a: Hooters|Leaf Blade|p2a: Weezing
|-resisted|p2a: Weezing
|-damage|p2a: Weezing|50/100
|
|upkeep
|turn|8
|
|t:|1743931374
|switch|p1a: Mannequin|Hydreigon, M, tera:Poison|90/100
|move|p2a: Weezing|Pain Split|p1a: Mannequin
|-sethp|p1a: Mannequin|71/100|[from] move: Pain Split|[silent]
|-sethp|p2a: Weezing|69/100|[from] move: Pain Split
|
|upkeep
|turn|9
|
|t:|1743931393
|-end|p2a: Weezing|ability: Neutralizing Gas
|switch|p2a: Frosmoth|Frosmoth, M, shiny|100/100
|move|p1a: Mannequin|Dark Pulse|p2a: Frosmoth
|-damage|p2a: Frosmoth|85/100
|
|-heal|p2a: Frosmoth|91/100|[from] item: Leftovers
|upkeep
|turn|10
|
|t:|1743931406
|switch|p1a: Azula|Infernape, F|100/100
|move|p2a: Frosmoth|Quiver Dance|p2a: Frosmoth
|-boost|p2a: Frosmoth|spa|1
|-boost|p2a: Frosmoth|spd|1
|-boost|p2a: Frosmoth|spe|1
|
|-heal|p2a: Frosmoth|97/100|[from] item: Leftovers
|upkeep
|turn|11
|
|t:|1743931417
|-terastallize|p2a: Frosmoth|Electric
|move|p1a: Azula|Overheat|p2a: Frosmoth|[miss]
|-miss|p1a: Azula|p2a: Frosmoth
|move|p2a: Frosmoth|Quiver Dance|p2a: Frosmoth
|-boost|p2a: Frosmoth|spa|1
|-boost|p2a: Frosmoth|spd|1
|-boost|p2a: Frosmoth|spe|1
|
|-heal|p2a: Frosmoth|100/100|[from] item: Leftovers
|upkeep
|turn|12
|
|t:|1743931428
|switch|p1a: Temper|Gyarados, M|100/100
|move|p2a: Frosmoth|Quiver Dance|p2a: Frosmoth
|-boost|p2a: Frosmoth|spa|1
|-boost|p2a: Frosmoth|spd|1
|-boost|p2a: Frosmoth|spe|1
|
|upkeep
|turn|13
|
|t:|1743931437
|move|p2a: Frosmoth|Tera Blast|p1a: Temper|[anim] Tera Blast Electric
|-supereffective|p1a: Temper
|-damage|p1a: Temper|0 fnt
|faint|p1a: Temper
|
|upkeep
|
|t:|1743931442
|switch|p1a: Mannequin|Hydreigon, M, tera:Poison|71/100
|turn|14
|
|t:|1743931451
|move|p1a: Mannequin|Earth Power|p2a: Frosmoth
|-supereffective|p2a: Frosmoth
|-damage|p2a: Frosmoth|91/100
|move|p2a: Frosmoth|Ice Beam|p1a: Mannequin
|-damage|p1a: Mannequin|0 fnt
|faint|p1a: Mannequin
|
|-heal|p2a: Frosmoth|97/100|[from] item: Leftovers
|upkeep
|-message|Musssab forfeited.
|
|win|currieman69
|raw|Musssab's rating: 1142 &rarr; <strong>1119</strong><br />(-23 for losing)
|raw|currieman69's rating: 1165 &rarr; <strong>1188</strong><br />(+23 for winning)
|l|☆Musssab
|player|p1|
|l|☆currieman69
|player|p2|
