|j|☆xiaob
|j|☆don'tmindme009
|t:|1743928316
|gametype|singles
|player|p1|xiaob|n|1231
|player|p2|don'tmindme009|cynthia|1293
|teamsize|p1|6
|teamsize|p2|6
|gen|9
|tier|[Gen 9] OU
|rated|
|rule|HP Percentage Mod: HP is shown in percentages
|rule|Endless Battle Clause: Forcing endless battles is banned
|rule|Species Clause: Limit one of each Pokémon
|rule|OHKO Clause: OHKO moves are banned
|rule|Evasion Items Clause: Evasion items are banned
|rule|Evasion Moves Clause: Evasion moves are banned
|rule|Sleep Moves Clause: Sleep-inducing moves are banned
|clearpoke
|poke|p1|Weavile, F|
|poke|p1|Kyurem|
|poke|p1|Pecharunt|
|poke|p1|Iron Treads|
|poke|p1|Dragonite, M|
|poke|p1|Iron Valiant|
|poke|p2|Scizor, M|
|poke|p2|Mimikyu, F|
|poke|p2|Toxapex, F|
|poke|p2|Goodra-Hisui, M|
|poke|p2|Articuno-Galar|
|poke|p2|Araquanid, F|
|teampreview
|inactive|Battle timer is ON: inactive players will automatically lose when time's up. (requested by xiaob)
|inactive|don'tmindme009 also wants the timer to be on.
|j| jiegebushiajie
|inactive|don'tmindme009 has 120 seconds left.
|
|t:|1743928374
|start
|switch|p1a: Kyotaro|Kyurem, shiny|100/100
|switch|p2a: Araquanid|Araquanid, F|100/100
|-ability|p1a: Kyotaro|Pressure
|turn|1
|l|☆xiaob
|inactive|xiaob disconnected and has a minute to reconnect!
|player|p1|
|c| jiegebushiajie|冷冻干燥？
|c| jiegebushiajie|带了吗？
|j|☆xiaob
|inactive|xiaob reconnected and has 125 seconds left.
|player|p1|xiaob|n|
|
|t:|1743928403
|move|p1a: Kyotaro|Freeze-Dry|p2a: Araquanid
|-supereffective|p2a: Araquanid
|-crit|p2a: Araquanid
|-damage|p2a: Araquanid|13/100
|-status|p2a: Araquanid|frz
|-curestatus|p2a: Araquanid|frz|[msg]
|move|p2a: Araquanid|Sticky Web|p1a: Kyotaro
|-sidestart|p1: xiaob|move: Sticky Web
|
|upkeep
|turn|2
|c| jiegebushiajie|牛逼啊
|inactive|xiaob has 120 seconds left.
|l| jiegebushiajie
|
|t:|1743928426
|switch|p1a: Pecharunt|Pecharunt|100/100
|switch|p2a: Goodra|Goodra-Hisui, M|100/100
|
|upkeep
|turn|3
|inactive|xiaob has 120 seconds left.
|
|t:|1743928443
|move|p1a: Pecharunt|Parting Shot|p2a: Goodra
|-unboost|p2a: Goodra|atk|1
|-unboost|p2a: Goodra|spa|1
|
|t:|1743928447
|switch|p1a: Iron Treads|Iron Treads|100/100|[from] Parting Shot
|-item|p1a: Iron Treads|Air Balloon
|move|p2a: Goodra|Flash Cannon|p1a: Iron Treads
|-resisted|p1a: Iron Treads
|-damage|p1a: Iron Treads|83/100
|-enditem|p1a: Iron Treads|Air Balloon
|
|upkeep
|turn|4
|inactive|xiaob has 120 seconds left.
|inactive|don'tmindme009 has 120 seconds left.
|
|t:|1743928479
|switch|p2a: Toxapex|Toxapex, F|100/100
|move|p1a: Iron Treads|Earthquake|p2a: Toxapex
|-supereffective|p2a: Toxapex
|-damage|p2a: Toxapex|13/100
|
|upkeep
|turn|5
|
|t:|1743928485
|move|p2a: Toxapex|Baneful Bunker|p2a: Toxapex
|-singleturn|p2a: Toxapex|move: Protect
|move|p1a: Iron Treads|Rapid Spin|p2a: Toxapex
|-activate|p2a: Toxapex|move: Protect
|
|upkeep
|turn|6
|inactive|don'tmindme009 has 120 seconds left.
|inactive|don'tmindme009 has 90 seconds left.
|
|t:|1743928539
|switch|p2a: Scizor|Scizor, M, shiny|100/100
|move|p1a: Iron Treads|Earthquake|p2a: Scizor
|-damage|p2a: Scizor|54/100
|
|upkeep
|turn|7
|
|t:|1743928554
|move|p1a: Iron Treads|Rapid Spin|p2a: Scizor
|-resisted|p2a: Scizor
|-damage|p2a: Scizor|46/100
|-boost|p1a: Iron Treads|spe|1
|-sideend|p1: xiaob|Sticky Web|[from] move: Rapid Spin|[of] p1a: Iron Treads
|move|p2a: Scizor|Bug Bite|p1a: Iron Treads
|-resisted|p1a: Iron Treads
|-damage|p1a: Iron Treads|53/100
|-damage|p2a: Scizor|36/100|[from] item: Life Orb
|
|upkeep
|turn|8
|
|t:|1743928561
|move|p2a: Scizor|Bullet Punch|p1a: Iron Treads
|-resisted|p1a: Iron Treads
|-damage|p1a: Iron Treads|33/100
|-damage|p2a: Scizor|26/100|[from] item: Life Orb
|move|p1a: Iron Treads|Earthquake|p2a: Scizor
|-damage|p2a: Scizor|0 fnt
|faint|p2a: Scizor
|
|upkeep
|
|t:|1743928568
|switch|p2a: Toxapex|Toxapex, F|47/100
|turn|9
|
|t:|1743928582
|switch|p2a: Araquanid|Araquanid, F|13/100
|move|p1a: Iron Treads|Earthquake|p2a: Araquanid
|-resisted|p2a: Araquanid
|-damage|p2a: Araquanid|0 fnt
|faint|p2a: Araquanid
|
|upkeep
|inactive|don'tmindme009 has 90 seconds left.
|
|t:|1743928593
|switch|p2a: Goodra|Goodra-Hisui, M|100/100
|turn|10
|
|t:|1743928597
|move|p1a: Iron Treads|Earthquake|p2a: Goodra
|-supereffective|p2a: Goodra
|-damage|p2a: Goodra|8/100
|move|p2a: Goodra|Surf|p1a: Iron Treads
|-supereffective|p1a: Iron Treads
|-damage|p1a: Iron Treads|0 fnt
|faint|p1a: Iron Treads
|-end|p1a: Iron Treads|Quark Drive|[silent]
|
|upkeep
|
|t:|1743928606
|switch|p1a: Kyotaro|Kyurem, shiny|100/100
|-ability|p1a: Kyotaro|Pressure
|turn|11
|
|t:|1743928611
|move|p1a: Kyotaro|Earth Power|p2a: Goodra
|-supereffective|p2a: Goodra
|-damage|p2a: Goodra|0 fnt
|faint|p2a: Goodra
|
|upkeep
|
|t:|1743928617
|switch|p2a: Articuno|Articuno-Galar, shiny|100/100
|turn|12
|
|t:|1743928647
|-terastallize|p2a: Articuno|Fairy
|move|p1a: Kyotaro|Freeze-Dry|p2a: Articuno
|-damage|p2a: Articuno|69/100
|move|p2a: Articuno|Calm Mind|p2a: Articuno
|-boost|p2a: Articuno|spa|1
|-boost|p2a: Articuno|spd|1
|
|-heal|p2a: Articuno|75/100|[from] item: Leftovers
|upkeep
|turn|13
|inactive|xiaob has 120 seconds left.
|inactive|don'tmindme009 has 120 seconds left.
|
|t:|1743928663
|switch|p1a: Pecharunt|Pecharunt|100/100
|move|p2a: Articuno|Freezing Glare|p1a: Pecharunt
|-supereffective|p1a: Pecharunt
|-damage|p1a: Pecharunt|0 fnt
|faint|p1a: Pecharunt
|
|-heal|p2a: Articuno|81/100|[from] item: Leftovers
|upkeep
|inactive|xiaob has 120 seconds left.
|
|t:|1743928674
|switch|p1a: Kyotaro|Kyurem, shiny|100/100
|-ability|p1a: Kyotaro|Pressure
|turn|14
|
|t:|1743928680
|move|p1a: Kyotaro|Freeze-Dry|p2a: Articuno
|-damage|p2a: Articuno|61/100
|move|p2a: Articuno|Freezing Glare|p1a: Kyotaro
|-damage|p1a: Kyotaro|43/100
|
|-heal|p1a: Kyotaro|50/100|[from] item: Leftovers
|-heal|p2a: Articuno|67/100|[from] item: Leftovers
|upkeep
|turn|15
|
|t:|1743928690
|move|p1a: Kyotaro|Freeze-Dry|p2a: Articuno
|-damage|p2a: Articuno|46/100
|move|p2a: Articuno|Recover|p2a: Articuno
|-heal|p2a: Articuno|96/100
|
|-heal|p1a: Kyotaro|56/100|[from] item: Leftovers
|-heal|p2a: Articuno|100/100|[from] item: Leftovers
|upkeep
|turn|16
|
|t:|1743928703
|move|p1a: Kyotaro|Freeze-Dry|p2a: Articuno
|-damage|p2a: Articuno|79/100
|move|p2a: Articuno|Freezing Glare|p1a: Kyotaro
|-damage|p1a: Kyotaro|0 fnt
|faint|p1a: Kyotaro
|
|-heal|p2a: Articuno|85/100|[from] item: Leftovers
|upkeep
|inactive|xiaob has 120 seconds left.
|
|t:|1743928729
|switch|p1a: Dragonite|Dragonite, M|100/100
|turn|17
|
|t:|1743928740
|-terastallize|p1a: Dragonite|Normal
|move|p1a: Dragonite|Extreme Speed|p2a: Articuno
|-damage|p2a: Articuno|32/100
|move|p2a: Articuno|Freezing Glare|p1a: Dragonite
|-damage|p1a: Dragonite|69/100
|
|-heal|p2a: Articuno|38/100|[from] item: Leftovers
|upkeep
|turn|18
|inactive|xiaob has 120 seconds left.
|
|t:|1743928775
|switch|p2a: Toxapex|Toxapex, F|80/100
|move|p1a: Dragonite|Extreme Speed|p2a: Toxapex
|-damage|p2a: Toxapex|42/100
|-damage|p1a: Dragonite|53/100|[from] item: Rocky Helmet|[of] p2a: Toxapex
|
|upkeep
|turn|19
|
|t:|1743928780
|move|p2a: Toxapex|Baneful Bunker|p2a: Toxapex
|-singleturn|p2a: Toxapex|move: Protect
|move|p1a: Dragonite|Dragon Dance|p1a: Dragonite
|-boost|p1a: Dragonite|atk|1
|-boost|p1a: Dragonite|spe|1
|
|upkeep
|turn|20
|
|t:|1743928788
|move|p1a: Dragonite|Dragon Dance|p1a: Dragonite
|-boost|p1a: Dragonite|atk|1
|-boost|p1a: Dragonite|spe|1
|move|p2a: Toxapex|Toxic|p1a: Dragonite
|-status|p1a: Dragonite|tox
|
|-damage|p1a: Dragonite|46/100 tox|[from] psn
|upkeep
|turn|21
|
|t:|1743928797
|switch|p2a: Mimikyu|Mimikyu, F, shiny|100/100
|move|p1a: Dragonite|Dragon Dance|p1a: Dragonite
|-boost|p1a: Dragonite|atk|1
|-boost|p1a: Dragonite|spe|1
|
|-damage|p1a: Dragonite|34/100 tox|[from] psn
|upkeep
|turn|22
|
|t:|1743928805
|move|p1a: Dragonite|Ice Spinner|p2a: Mimikyu
|-activate|p2a: Mimikyu|ability: Disguise
|-damage|p2a: Mimikyu|100/100
|detailschange|p2a: Mimikyu|Mimikyu-Busted, F, shiny
|-damage|p2a: Mimikyu|88/100|[from] pokemon: Mimikyu-Busted
|-enditem|p2a: Mimikyu|Red Card|[of] p1a: Dragonite
|drag|p1a: Iron Valiant|Iron Valiant|100/100
|-enditem|p1a: Iron Valiant|Booster Energy
|-activate|p1a: Iron Valiant|ability: Quark Drive|[fromitem]
|-start|p1a: Iron Valiant|quarkdrivespe
|move|p2a: Mimikyu|Trailblaze|p1a: Iron Valiant
|-damage|p1a: Iron Valiant|83/100
|-boost|p2a: Mimikyu|spe|1
|
|upkeep
|turn|23
|
|t:|1743928823
|move|p2a: Mimikyu|Shadow Sneak|p1a: Iron Valiant
|-damage|p1a: Iron Valiant|61/100
|move|p1a: Iron Valiant|Knock Off|p2a: Mimikyu
|-damage|p2a: Mimikyu|57/100
|
|upkeep
|turn|24
|
|t:|1743928835
|move|p1a: Iron Valiant|Knock Off|p2a: Mimikyu
|-damage|p2a: Mimikyu|28/100
|move|p2a: Mimikyu|Destiny Bond|p2a: Mimikyu
|-singlemove|p2a: Mimikyu|Destiny Bond
|
|upkeep
|turn|25
|
|t:|1743928842
|move|p1a: Iron Valiant|Knock Off|p2a: Mimikyu
|-damage|p2a: Mimikyu|0 fnt
|faint|p2a: Mimikyu
|-activate|p2a: Mimikyu|move: Destiny Bond
|faint|p1a: Iron Valiant
|-end|p1a: Iron Valiant|Quark Drive|[silent]
|
|upkeep
|
|t:|1743928854
|switch|p1a: Dragonite|Dragonite, M, tera:Normal|34/100 tox
|switch|p2a: Toxapex|Toxapex, F|75/100
|turn|26
|
|t:|1743928859
|move|p1a: Dragonite|Dragon Dance|p1a: Dragonite
|-boost|p1a: Dragonite|atk|1
|-boost|p1a: Dragonite|spe|1
|move|p2a: Toxapex|Venoshock|p1a: Dragonite
|-damage|p1a: Dragonite|0 fnt
|faint|p1a: Dragonite
|
|upkeep
|
|t:|1743928864
|switch|p1a: Weavile|Weavile, F|100/100
|turn|27
|inactive|don'tmindme009 has 120 seconds left.
|
|t:|1743928896
|move|p1a: Weavile|Swords Dance|p1a: Weavile
|-boost|p1a: Weavile|atk|2
|move|p2a: Toxapex|Toxic|p1a: Weavile
|-status|p1a: Weavile|tox
|
|-damage|p1a: Weavile|94/100 tox|[from] psn
|upkeep
|turn|28
|inactive|don'tmindme009 has 120 seconds left.
|
|t:|1743928917
|move|p1a: Weavile|Knock Off|p2a: Toxapex
|-damage|p2a: Toxapex|0 fnt
|-damage|p1a: Weavile|78/100 tox|[from] item: Rocky Helmet|[of] p2a: Toxapex
|-enditem|p2a: Toxapex|Rocky Helmet|[from] move: Knock Off|[of] p1a: Weavile
|faint|p2a: Toxapex
|-damage|p1a: Weavile|68/100 tox|[from] item: Life Orb
|
|-damage|p1a: Weavile|56/100 tox|[from] psn
|upkeep
|l|☆xiaob
|inactive|xiaob disconnected and has a minute to reconnect!
|player|p1|
|inactive|don'tmindme009 has 90 seconds left.
|
|t:|1743928956
|switch|p2a: Articuno|Articuno-Galar, shiny, tera:Fairy|38/100
|turn|29
|inactive|xiaob has 30 seconds to reconnect!
|inactive|xiaob has 20 seconds to reconnect!
|j|☆xiaob
|inactive|xiaob reconnected and has 110 seconds left.
|player|p1|xiaob|n|
|
|t:|1743929001
|move|p1a: Weavile|Triple Axel|p2a: Articuno
|-damage|p2a: Articuno|13/100
|-hitcount|p2a: Articuno|1
|-damage|p1a: Weavile|46/100 tox|[from] item: Life Orb
|move|p2a: Articuno|Air Slash|p1a: Weavile
|-damage|p1a: Weavile|4/100 tox
|
|-heal|p2a: Articuno|19/100|[from] item: Leftovers
|-damage|p1a: Weavile|0 fnt|[from] psn
|faint|p1a: Weavile
|
|win|don'tmindme009
|raw|xiaob's rating: 1231 &rarr; <strong>1210</strong><br />(-21 for losing)
|raw|don&apos;tmindme009's rating: 1293 &rarr; <strong>1314</strong><br />(+21 for winning)
|l|☆xiaob
|player|p1|
|j|☆xiaob
|player|p1|xiaob|n|
|l|☆xiaob
|player|p1|
