|j|☆vonia
|j|☆uniandes5
|t:|1743920808
|gametype|singles
|player|p1|vonia|candice|1421
|player|p2|uniandes5|1|1393
|teamsize|p1|6
|teamsize|p2|6
|gen|9
|tier|[Gen 9] OU
|rated|
|rule|HP Percentage Mod: HP is shown in percentages
|rule|Endless Battle Clause: Forcing endless battles is banned
|rule|Species Clause: Limit one of each Pokémon
|rule|OHKO Clause: OHKO moves are banned
|rule|Evasion Items Clause: Evasion items are banned
|rule|Evasion Moves Clause: Evasion moves are banned
|rule|Sleep Moves Clause: Sleep-inducing moves are banned
|clearpoke
|poke|p1|Incineroar, M|
|poke|p1|Gyarados, M|
|poke|p1|Corviknight, M|
|poke|p1|Umbreon, M|
|poke|p1|Clodsire, M|
|poke|p1|Hatterene, F|
|poke|p2|Torkoal, M|
|poke|p2|Hatterene, F|
|poke|p2|Walking Wake|
|poke|p2|Great Tusk|
|poke|p2|Charizard, F|
|poke|p2|Diancie|
|teampreview
|
|t:|1743920816
|start
|switch|p1a: Incineroar|Incineroar, M|100/100
|switch|p2a: Torkoal|Torkoal, M|100/100
|-ability|p1a: Incineroar|Intimidate|boost
|-unboost|p2a: Torkoal|atk|1
|-weather|SunnyDay|[from] ability: Drought|[of] p2a: Torkoal
|turn|1
|inactive|Battle timer is ON: inactive players will automatically lose when time's up. (requested by vonia)
|
|t:|1743920827
|switch|p2a: Great Tusk|Great Tusk|100/100
|-activate|p2a: Great Tusk|ability: Protosynthesis
|-start|p2a: Great Tusk|protosynthesisatk
|move|p1a: Incineroar|Knock Off|p2a: Great Tusk
|-resisted|p2a: Great Tusk
|-damage|p2a: Great Tusk|88/100
|-enditem|p2a: Great Tusk|Eject Pack|[from] move: Knock Off|[of] p1a: Incineroar
|
|-weather|SunnyDay|[upkeep]
|upkeep
|turn|2
|
|t:|1743920836
|switch|p1a: Hatterene|Hatterene, F, shiny|100/100
|move|p2a: Great Tusk|Knock Off|p1a: Hatterene
|-damage|p1a: Hatterene|64/100
|-enditem|p1a: Hatterene|Leftovers|[from] move: Knock Off|[of] p2a: Great Tusk
|
|-weather|SunnyDay|[upkeep]
|upkeep
|turn|3
|
|t:|1743920842
|switch|p1a: Gyarados|Gyarados, M, shiny|100/100
|-ability|p1a: Gyarados|Intimidate|boost
|-unboost|p2a: Great Tusk|atk|1
|move|p2a: Great Tusk|Headlong Rush|p1a: Gyarados
|-immune|p1a: Gyarados
|
|-weather|SunnyDay|[upkeep]
|upkeep
|turn|4
|
|t:|1743920849
|-end|p2a: Great Tusk|Protosynthesis|[silent]
|switch|p2a: Walking Wake|Walking Wake|100/100
|-activate|p2a: Walking Wake|ability: Protosynthesis
|-start|p2a: Walking Wake|protosynthesisspe
|switch|p1a: Hatterene|Hatterene, F, shiny|64/100
|
|-weather|SunnyDay|[upkeep]
|upkeep
|turn|5
|
|t:|1743920855
|switch|p1a: Clodsire|Clodsire, M, shiny|100/100
|move|p2a: Walking Wake|Hydro Steam|p1a: Clodsire
|-immune|p1a: Clodsire|[from] ability: Water Absorb
|
|-weather|SunnyDay|[upkeep]
|upkeep
|turn|6
|
|t:|1743920863
|move|p2a: Walking Wake|Knock Off|p1a: Clodsire
|-damage|p1a: Clodsire|87/100
|-enditem|p1a: Clodsire|Leftovers|[from] move: Knock Off|[of] p2a: Walking Wake
|move|p1a: Clodsire|Poison Jab|p2a: Walking Wake
|-damage|p2a: Walking Wake|76/100
|
|-weather|SunnyDay|[upkeep]
|upkeep
|turn|7
|
|t:|1743920875
|-end|p2a: Walking Wake|Protosynthesis|[silent]
|switch|p2a: Great Tusk|Great Tusk|88/100
|-activate|p2a: Great Tusk|ability: Protosynthesis
|-start|p2a: Great Tusk|protosynthesisatk
|move|p1a: Clodsire|Poison Jab|p2a: Great Tusk
|-resisted|p2a: Great Tusk
|-damage|p2a: Great Tusk|80/100
|
|-weather|SunnyDay|[upkeep]
|upkeep
|turn|8
|
|t:|1743920883
|switch|p1a: Gyarados|Gyarados, M, shiny|100/100
|-ability|p1a: Gyarados|Intimidate|boost
|-unboost|p2a: Great Tusk|atk|1
|move|p2a: Great Tusk|Knock Off|p1a: Gyarados
|-damage|p1a: Gyarados|80/100
|-enditem|p1a: Gyarados|Leftovers|[from] move: Knock Off|[of] p2a: Great Tusk
|
|-weather|none
|-end|p2a: Great Tusk|Protosynthesis
|upkeep
|turn|9
|
|t:|1743920892
|-end|p2a: Great Tusk|Protosynthesis|[silent]
|switch|p2a: Torkoal|Torkoal, M|100/100
|-weather|SunnyDay|[from] ability: Drought|[of] p2a: Torkoal
|switch|p1a: Hatterene|Hatterene, F, shiny|64/100
|
|-weather|SunnyDay|[upkeep]
|upkeep
|turn|10
|
|t:|1743920899
|switch|p2a: Hatterene|Hatterene, F|100/100
|move|p1a: Hatterene|Mystical Fire|p2a: Hatterene
|-damage|p2a: Hatterene|68/100
|-unboost|p2a: Hatterene|spa|1
|-enditem|p2a: Hatterene|Eject Button
|
|t:|1743920904
|switch|p2a: StallMelter9000|Charizard, F|100/100
|
|-weather|SunnyDay|[upkeep]
|-damage|p2a: StallMelter9000|88/100|[from] ability: Solar Power|[of] p2a: StallMelter9000
|upkeep
|turn|11
|
|t:|1743920906
|move|p2a: StallMelter9000|Overheat|p1a: Hatterene
|-damage|p1a: Hatterene|0 fnt
|-unboost|p2a: StallMelter9000|spa|2
|faint|p1a: Hatterene
|
|-weather|SunnyDay|[upkeep]
|-damage|p2a: StallMelter9000|76/100|[from] ability: Solar Power|[of] p2a: StallMelter9000
|upkeep
|
|t:|1743920911
|switch|p1a: Umbreon|Umbreon, M|100/100
|turn|12
|
|t:|1743920915
|switch|p2a: Walking Wake|Walking Wake|76/100
|-activate|p2a: Walking Wake|ability: Protosynthesis
|-start|p2a: Walking Wake|protosynthesisspe
|move|p1a: Umbreon|Toxic|p2a: Walking Wake
|-status|p2a: Walking Wake|tox
|
|-weather|SunnyDay|[upkeep]
|-damage|p2a: Walking Wake|69/100 tox|[from] psn
|upkeep
|turn|13
|
|t:|1743920923
|-end|p2a: Walking Wake|Protosynthesis|[silent]
|switch|p2a: Great Tusk|Great Tusk|80/100
|-activate|p2a: Great Tusk|ability: Protosynthesis
|-start|p2a: Great Tusk|protosynthesisatk
|move|p1a: Umbreon|Wish|p1a: Umbreon
|
|-weather|SunnyDay|[upkeep]
|upkeep
|turn|14
|
|t:|1743920928
|move|p2a: Great Tusk|Knock Off|p1a: Umbreon
|-resisted|p1a: Umbreon
|-damage|p1a: Umbreon|87/100
|-enditem|p1a: Umbreon|Leftovers|[from] move: Knock Off|[of] p2a: Great Tusk
|move|p1a: Umbreon|Toxic|p2a: Great Tusk
|-status|p2a: Great Tusk|tox
|
|-weather|SunnyDay|[upkeep]
|-heal|p1a: Umbreon|100/100|[from] move: Wish|[wisher] Umbreon
|-damage|p2a: Great Tusk|74/100 tox|[from] psn
|upkeep
|turn|15
|
|t:|1743920943
|-end|p2a: Great Tusk|Protosynthesis|[silent]
|switch|p2a: Torkoal|Torkoal, M|100/100
|switch|p1a: Corviknight|Corviknight, M|100/100
|-ability|p1a: Corviknight|Pressure
|
|-weather|SunnyDay|[upkeep]
|upkeep
|turn|16
|
|t:|1743920948
|switch|p1a: Umbreon|Umbreon, M|100/100
|move|p2a: Torkoal|Stealth Rock|p1a: Umbreon
|-sidestart|p1: vonia|move: Stealth Rock
|
|-weather|none
|upkeep
|turn|17
|
|t:|1743920956
|move|p1a: Umbreon|Wish|p1a: Umbreon
|move|p2a: Torkoal|Will-O-Wisp|p1a: Umbreon
|-status|p1a: Umbreon|brn
|-activate|p1a: Umbreon|ability: Synchronize
|-immune|p2a: Torkoal
|
|-damage|p1a: Umbreon|94/100 brn|[from] brn
|upkeep
|turn|18
|
|t:|1743920960
|switch|p2a: Hatterene|Hatterene, F|68/100
|move|p1a: Umbreon|Toxic|p2a: Hatterene
|move|p2a: Hatterene|Toxic||[from] ability: Magic Bounce|[still]
|-fail|p2a: Hatterene
|
|-heal|p1a: Umbreon|100/100 brn|[from] move: Wish|[wisher] Umbreon
|-damage|p1a: Umbreon|94/100 brn|[from] brn
|upkeep
|turn|19
|
|t:|1743920970
|switch|p1a: Corviknight|Corviknight, M|100/100
|-damage|p1a: Corviknight|88/100|[from] Stealth Rock
|-ability|p1a: Corviknight|Pressure
|switch|p2a: Torkoal|Torkoal, M|100/100
|-weather|SunnyDay|[from] ability: Drought|[of] p2a: Torkoal
|
|-weather|SunnyDay|[upkeep]
|-heal|p1a: Corviknight|94/100|[from] item: Leftovers
|upkeep
|turn|20
|
|t:|1743920981
|switch|p1a: Umbreon|Umbreon, M|94/100 brn
|-damage|p1a: Umbreon|82/100 brn|[from] Stealth Rock
|move|p2a: Torkoal|Will-O-Wisp|p1a: Umbreon|[miss]
|-miss|p2a: Torkoal|p1a: Umbreon
|
|-weather|SunnyDay|[upkeep]
|-damage|p1a: Umbreon|76/100 brn|[from] brn
|upkeep
|turn|21
|
|t:|1743920989
|switch|p2a: Hatterene|Hatterene, F|68/100
|move|p1a: Umbreon|Wish|p1a: Umbreon
|
|-weather|SunnyDay|[upkeep]
|-damage|p1a: Umbreon|70/100 brn|[from] brn
|upkeep
|turn|22
|
|t:|1743920994
|switch|p1a: Corviknight|Corviknight, M|94/100
|-damage|p1a: Corviknight|82/100|[from] Stealth Rock
|-ability|p1a: Corviknight|Pressure
|move|p2a: Hatterene|Dazzling Gleam|p1a: Corviknight
|-resisted|p1a: Corviknight
|-damage|p1a: Corviknight|63/100
|
|-weather|SunnyDay|[upkeep]
|-heal|p1a: Corviknight|100/100|[from] move: Wish|[wisher] Umbreon
|upkeep
|turn|23
|
|t:|1743921000
|move|p1a: Corviknight|Defog|p2a: Hatterene
|move|p2a: Hatterene|Defog|p1a: Corviknight|[from] ability: Magic Bounce
|-unboost|p1a: Corviknight|evasion|1
|-sideend|p1: vonia|Stealth Rock|[from] move: Defog|[of] p2a: Hatterene
|move|p2a: Hatterene|Nuzzle|p1a: Corviknight
|-supereffective|p1a: Corviknight
|-damage|p1a: Corviknight|95/100
|-status|p1a: Corviknight|par
|
|-weather|SunnyDay|[upkeep]
|-heal|p1a: Corviknight|100/100 par|[from] item: Leftovers
|upkeep
|turn|24
|
|t:|1743921008
|switch|p2a: Torkoal|Torkoal, M|100/100
|switch|p1a: Umbreon|Umbreon, M|70/100 brn
|
|-weather|SunnyDay|[upkeep]
|-damage|p1a: Umbreon|64/100 brn|[from] brn
|upkeep
|turn|25
|
|t:|1743921013
|move|p1a: Umbreon|Toxic|p2a: Torkoal|[miss]
|-miss|p1a: Umbreon|p2a: Torkoal
|move|p2a: Torkoal|Stealth Rock|p1a: Umbreon
|-sidestart|p1: vonia|move: Stealth Rock
|
|-weather|SunnyDay|[upkeep]
|-damage|p1a: Umbreon|58/100 brn|[from] brn
|upkeep
|turn|26
|
|t:|1743921017
|switch|p2a: Hatterene|Hatterene, F|68/100
|move|p1a: Umbreon|Wish|p1a: Umbreon
|
|-weather|none
|-damage|p1a: Umbreon|52/100 brn|[from] brn
|upkeep
|turn|27
|
|t:|1743921024
|switch|p1a: Corviknight|Corviknight, M|100/100 par
|-damage|p1a: Corviknight|88/100 par|[from] Stealth Rock
|-ability|p1a: Corviknight|Pressure
|move|p2a: Hatterene|Dazzling Gleam|p1a: Corviknight
|-resisted|p1a: Corviknight
|-damage|p1a: Corviknight|71/100 par
|
|-heal|p1a: Corviknight|100/100 par|[from] move: Wish|[wisher] Umbreon
|upkeep
|turn|28
|
|t:|1743921033
|switch|p2a: Torkoal|Torkoal, M|100/100
|-weather|SunnyDay|[from] ability: Drought|[of] p2a: Torkoal
|cant|p1a: Corviknight|par
|
|-weather|SunnyDay|[upkeep]
|upkeep
|turn|29
|
|t:|1743921041
|switch|p1a: Umbreon|Umbreon, M|52/100 brn
|-damage|p1a: Umbreon|39/100 brn|[from] Stealth Rock
|switch|p2a: StallMelter9000|Charizard, F|76/100
|
|-weather|SunnyDay|[upkeep]
|-damage|p2a: StallMelter9000|63/100|[from] ability: Solar Power|[of] p2a: StallMelter9000
|-damage|p1a: Umbreon|33/100 brn|[from] brn
|upkeep
|turn|30
|
|t:|1743921052
|switch|p1a: Incineroar|Incineroar, M|100/100
|-ability|p1a: Incineroar|Intimidate|boost
|-unboost|p2a: StallMelter9000|atk|1
|move|p2a: StallMelter9000|Flamethrower|p1a: Incineroar
|-resisted|p1a: Incineroar
|-damage|p1a: Incineroar|31/100
|
|-weather|SunnyDay|[upkeep]
|-damage|p2a: StallMelter9000|51/100|[from] ability: Solar Power|[of] p2a: StallMelter9000
|upkeep
|turn|31
|
|t:|1743921063
|switch|p1a: Gyarados|Gyarados, M, shiny|80/100
|-damage|p1a: Gyarados|55/100|[from] Stealth Rock
|-ability|p1a: Gyarados|Intimidate|boost
|-unboost|p2a: StallMelter9000|atk|1
|move|p2a: StallMelter9000|Flamethrower|p1a: Gyarados
|-resisted|p1a: Gyarados
|-damage|p1a: Gyarados|0 fnt
|faint|p1a: Gyarados
|
|-weather|SunnyDay|[upkeep]
|-damage|p2a: StallMelter9000|38/100|[from] ability: Solar Power|[of] p2a: StallMelter9000
|upkeep
|-message|vonia forfeited.
|
|win|uniandes5
|raw|vonia's rating: 1421 &rarr; <strong>1399</strong><br />(-22 for losing)
|raw|uniandes5's rating: 1393 &rarr; <strong>1415</strong><br />(+22 for winning)
|l|☆vonia
|player|p1|
|l|☆uniandes5
|player|p2|
