|j|☆gregegeg
|j|☆Toby PKT
|t:|1743929007
|gametype|singles
|player|p1|gregegeg|169|1107
|player|p2|Toby PKT|buck|1063
|teamsize|p1|6
|teamsize|p2|6
|gen|9
|tier|[Gen 9] OU
|rated|
|rule|HP Percentage Mod: HP is shown in percentages
|rule|Endless Battle Clause: Forcing endless battles is banned
|rule|Species Clause: Limit one of each Pokémon
|rule|OHKO Clause: OHKO moves are banned
|rule|Evasion Items Clause: Evasion items are banned
|rule|Evasion Moves Clause: Evasion moves are banned
|rule|Sleep Moves Clause: Sleep-inducing moves are banned
|clearpoke
|poke|p1|Blaziken, M|
|poke|p1|Ludicolo, M|
|poke|p1|Gyarados, M|
|poke|p1|Darkrai|
|poke|p1|Corviknight, F|
|poke|p1|Clodsire, M|
|poke|p2|Garchomp, F|
|poke|p2|Rillaboom, M|
|poke|p2|Umbreon, M|
|poke|p2|Heatran, M|
|poke|p2|Dondozo, M|
|poke|p2|Cryogonal|
|teampreview
|inactive|Battle timer is ON: inactive players will automatically lose when time's up. (requested by Toby PKT)
|inactive|Toby PKT has 120 seconds left.
|
|t:|1743929057
|start
|switch|p1a: Clodsire|Clodsire, M|100/100
|switch|p2a: Nero|Umbreon, M|100/100
|turn|1
|
|t:|1743929070
|switch|p2a: Te calienta|Heatran, M|100/100
|-item|p2a: Te calienta|Air Balloon
|move|p1a: Clodsire|Toxic|p2a: Te calienta
|-immune|p2a: Te calienta
|
|upkeep
|turn|2
|
|t:|1743929080
|switch|p1a: Gyarados|Gyarados, M, shiny|100/100
|-ability|p1a: Gyarados|Intimidate|boost
|-unboost|p2a: Te calienta|atk|1
|move|p2a: Te calienta|Magma Storm|p1a: Gyarados
|-resisted|p1a: Gyarados
|-damage|p1a: Gyarados|70/100
|-activate|p1a: Gyarados|move: Magma Storm|[of] p2a: Te calienta
|
|-heal|p1a: Gyarados|76/100|[from] item: Leftovers
|-damage|p1a: Gyarados|64/100|[from] move: Magma Storm|[partiallytrapped]
|upkeep
|turn|3
|
|t:|1743929093
|switch|p2a: Gordo|Dondozo, M|100/100
|move|p1a: Gyarados|Waterfall|p2a: Gordo
|-resisted|p2a: Gordo
|-damage|p2a: Gordo|90/100
|
|-heal|p1a: Gyarados|70/100|[from] item: Leftovers
|-end|p1a: Gyarados|Magma Storm|[partiallytrapped]|[silent]
|upkeep
|turn|4
|
|t:|1743929106
|switch|p1a: Clodsire|Clodsire, M|100/100
|move|p2a: Gordo|Curse|p2a: Gordo
|-unboost|p2a: Gordo|spe|1
|-boost|p2a: Gordo|atk|1
|-boost|p2a: Gordo|def|1
|
|upkeep
|turn|5
|
|t:|1743929115
|switch|p2a: Te calienta|Heatran, M|100/100
|-item|p2a: Te calienta|Air Balloon
|move|p1a: Clodsire|Toxic|p2a: Te calienta
|-immune|p2a: Te calienta
|
|upkeep
|turn|6
|
|t:|1743929128
|switch|p1a: Blaziken|Blaziken, M|100/100
|move|p2a: Te calienta|Magma Storm|p1a: Blaziken
|-resisted|p1a: Blaziken
|-damage|p1a: Blaziken|60/100
|-activate|p1a: Blaziken|move: Magma Storm|[of] p2a: Te calienta
|
|-heal|p1a: Blaziken|66/100|[from] item: Leftovers
|-damage|p1a: Blaziken|53/100|[from] move: Magma Storm|[partiallytrapped]
|upkeep
|turn|7
|
|t:|1743929139
|switch|p2a: Gordo|Dondozo, M|90/100
|move|p1a: Blaziken|Brick Break|p2a: Gordo
|-damage|p2a: Gordo|73/100
|
|-heal|p1a: Blaziken|59/100|[from] item: Leftovers
|-end|p1a: Blaziken|Magma Storm|[partiallytrapped]|[silent]
|-ability|p1a: Blaziken|Speed Boost|boost
|-boost|p1a: Blaziken|spe|1
|upkeep
|turn|8
|
|t:|1743929159
|switch|p1a: Ludicolo|Ludicolo, M, shiny|100/100
|switch|p2a: Volus|Garchomp, F|100/100
|
|upkeep
|turn|9
|
|t:|1743929169
|move|p1a: Ludicolo|Leech Seed|p2a: Volus
|-start|p2a: Volus|move: Leech Seed
|move|p2a: Volus|Dragon Tail|p1a: Ludicolo
|-damage|p1a: Ludicolo|62/100
|drag|p1a: Corviknight|Corviknight, F|100/100
|-ability|p1a: Corviknight|Pressure
|
|-damage|p2a: Volus|88/100|[from] Leech Seed|[of] p1a: Corviknight
|upkeep
|turn|10
|
|t:|1743929190
|switch|p2a: Gordo|Dondozo, M|73/100
|move|p1a: Corviknight|Iron Head|p2a: Gordo
|-resisted|p2a: Gordo
|-damage|p2a: Gordo|65/100
|
|upkeep
|turn|11
|
|t:|1743929199
|switch|p1a: Ludicolo|Ludicolo, M, shiny|62/100
|move|p2a: Gordo|Curse|p2a: Gordo
|-unboost|p2a: Gordo|spe|1
|-boost|p2a: Gordo|atk|1
|-boost|p2a: Gordo|def|1
|
|-heal|p1a: Ludicolo|68/100|[from] item: Leftovers
|upkeep
|turn|12
|
|t:|1743929213
|switch|p2a: Blasto|Rillaboom, M|100/100
|-fieldstart|move: Grassy Terrain|[from] ability: Grassy Surge|[of] p2a: Blasto
|move|p1a: Ludicolo|Leech Seed|p2a: Blasto
|-immune|p2a: Blasto
|
|-heal|p1a: Ludicolo|74/100|[from] Grassy Terrain
|-heal|p1a: Ludicolo|80/100|[from] item: Leftovers
|upkeep
|turn|13
|
|t:|1743929228
|switch|p1a: Gyarados|Gyarados, M, shiny|70/100
|-ability|p1a: Gyarados|Intimidate|boost
|-unboost|p2a: Blasto|atk|1
|move|p2a: Blasto|U-turn|p1a: Gyarados
|-resisted|p1a: Gyarados
|-damage|p1a: Gyarados|53/100
|
|t:|1743929236
|switch|p2a: Te la enfria|Cryogonal|100/100|[from] U-turn
|
|-heal|p1a: Gyarados|59/100|[from] item: Leftovers
|upkeep
|turn|14
|
|t:|1743929246
|switch|p1a: Blaziken|Blaziken, M|59/100
|move|p2a: Te la enfria|Freeze-Dry|p1a: Blaziken
|-resisted|p1a: Blaziken
|-crit|p1a: Blaziken
|-damage|p1a: Blaziken|31/100
|
|-heal|p1a: Blaziken|37/100|[from] Grassy Terrain
|-heal|p1a: Blaziken|43/100|[from] item: Leftovers
|upkeep
|turn|15
|
|t:|1743929257
|switch|p2a: Gordo|Dondozo, M|65/100
|move|p1a: Blaziken|Brick Break|p2a: Gordo
|-damage|p2a: Gordo|46/100
|
|-heal|p1a: Blaziken|49/100|[from] Grassy Terrain
|-heal|p1a: Blaziken|55/100|[from] item: Leftovers
|-heal|p2a: Gordo|52/100|[from] Grassy Terrain
|-ability|p1a: Blaziken|Speed Boost|boost
|-boost|p1a: Blaziken|spe|1
|upkeep
|turn|16
|
|t:|1743929281
|switch|p1a: Gyarados|Gyarados, M, shiny|59/100
|-ability|p1a: Gyarados|Intimidate|boost
|-unboost|p2a: Gordo|atk|1
|move|p2a: Gordo|Curse|p2a: Gordo
|-unboost|p2a: Gordo|spe|1
|-boost|p2a: Gordo|atk|1
|-boost|p2a: Gordo|def|1
|
|-heal|p1a: Gyarados|65/100|[from] item: Leftovers
|-heal|p2a: Gordo|58/100|[from] Grassy Terrain
|-fieldend|move: Grassy Terrain
|upkeep
|turn|17
|
|t:|1743929296
|switch|p1a: Ludicolo|Ludicolo, M, shiny|80/100
|move|p2a: Gordo|Curse|p2a: Gordo
|-unboost|p2a: Gordo|spe|1
|-boost|p2a: Gordo|atk|1
|-boost|p2a: Gordo|def|1
|
|-heal|p1a: Ludicolo|86/100|[from] item: Leftovers
|upkeep
|turn|18
|
|t:|1743929308
|switch|p2a: Blasto|Rillaboom, M|100/100
|-fieldstart|move: Grassy Terrain|[from] ability: Grassy Surge|[of] p2a: Blasto
|move|p1a: Ludicolo|Giga Drain|p2a: Blasto
|-resisted|p2a: Blasto
|-damage|p2a: Blasto|80/100
|-heal|p1a: Ludicolo|96/100|[from] drain|[of] p2a: Blasto
|
|-heal|p2a: Blasto|86/100|[from] Grassy Terrain
|-heal|p1a: Ludicolo|100/100|[from] Grassy Terrain
|upkeep
|turn|19
|c|☆gregegeg|is this hell
|
|t:|1743929327
|move|p2a: Blasto|Knock Off|p1a: Ludicolo
|-damage|p1a: Ludicolo|31/100
|-enditem|p1a: Ludicolo|Leftovers|[from] move: Knock Off|[of] p2a: Blasto
|move|p1a: Ludicolo|Leech Seed|p2a: Blasto
|-immune|p2a: Blasto
|
|-heal|p2a: Blasto|93/100|[from] Grassy Terrain
|-heal|p1a: Ludicolo|37/100|[from] Grassy Terrain
|upkeep
|turn|20
|inactive|gregegeg has 120 seconds left.
|
|t:|1743929343
|switch|p1a: Blaziken|Blaziken, M|55/100
|move|p2a: Blasto|Knock Off|p1a: Blaziken
|-resisted|p1a: Blaziken
|-damage|p1a: Blaziken|15/100
|-enditem|p1a: Blaziken|Leftovers|[from] move: Knock Off|[of] p2a: Blasto
|
|-heal|p2a: Blasto|99/100|[from] Grassy Terrain
|-heal|p1a: Blaziken|21/100|[from] Grassy Terrain
|upkeep
|turn|21
|inactive|gregegeg has 120 seconds left.
|
|t:|1743929355
|switch|p2a: Gordo|Dondozo, M|58/100
|move|p1a: Blaziken|Fire Punch|p2a: Gordo
|-resisted|p2a: Gordo
|-damage|p2a: Gordo|48/100
|
|-heal|p1a: Blaziken|27/100|[from] Grassy Terrain
|-heal|p2a: Gordo|54/100|[from] Grassy Terrain
|-ability|p1a: Blaziken|Speed Boost|boost
|-boost|p1a: Blaziken|spe|1
|upkeep
|turn|22
|
|t:|1743929366
|move|p1a: Blaziken|Brick Break|p2a: Gordo
|-damage|p2a: Gordo|35/100
|move|p2a: Gordo|Rest|p2a: Gordo
|-status|p2a: Gordo|slp|[from] move: Rest
|-heal|p2a: Gordo|100/100 slp|[silent]
|
|-heal|p1a: Blaziken|33/100|[from] Grassy Terrain
|-fieldend|move: Grassy Terrain
|-ability|p1a: Blaziken|Speed Boost|boost
|-boost|p1a: Blaziken|spe|1
|upkeep
|turn|23
|c|☆gregegeg|oh it is hell
|inactive|gregegeg has 120 seconds left.
|inactive|Toby PKT has 120 seconds left.
|
|t:|1743929390
|move|p1a: Blaziken|Bulk Up|p1a: Blaziken
|-boost|p1a: Blaziken|atk|1
|-boost|p1a: Blaziken|def|1
|cant|p2a: Gordo|slp
|move|p2a: Gordo|Sleep Talk|p2a: Gordo
|move|p2a: Gordo|Curse|p2a: Gordo|[from] move: Sleep Talk
|-unboost|p2a: Gordo|spe|1
|-boost|p2a: Gordo|atk|1
|-boost|p2a: Gordo|def|1
|
|-ability|p1a: Blaziken|Speed Boost|boost
|-boost|p1a: Blaziken|spe|1
|upkeep
|turn|24
|inactive|gregegeg has 120 seconds left.
|inactive|Toby PKT has 120 seconds left.
|
|t:|1743929409
|switch|p1a: Gyarados|Gyarados, M, shiny|65/100
|-ability|p1a: Gyarados|Intimidate|boost
|-unboost|p2a: Gordo|atk|1
|cant|p2a: Gordo|slp
|
|-heal|p1a: Gyarados|71/100|[from] item: Leftovers
|upkeep
|turn|25
|inactive|Toby PKT has 120 seconds left.
|
|t:|1743929421
|move|p1a: Gyarados|Crunch|p2a: Gordo
|-damage|p2a: Gordo|92/100 slp
|-curestatus|p2a: Gordo|slp|[msg]
|move|p2a: Gordo|Curse|p2a: Gordo
|-unboost|p2a: Gordo|spe|1
|-boost|p2a: Gordo|atk|1
|-boost|p2a: Gordo|def|1
|
|-heal|p1a: Gyarados|78/100|[from] item: Leftovers
|upkeep
|turn|26
|inactive|Toby PKT has 120 seconds left.
|
|t:|1743929437
|switch|p1a: Ludicolo|Ludicolo, M, shiny|37/100
|move|p2a: Gordo|Waterfall|p1a: Ludicolo
|-resisted|p1a: Ludicolo
|-damage|p1a: Ludicolo|24/100
|
|upkeep
|turn|27
|
|t:|1743929449
|switch|p2a: Blasto|Rillaboom, M|99/100
|-fieldstart|move: Grassy Terrain|[from] ability: Grassy Surge|[of] p2a: Blasto
|move|p1a: Ludicolo|Giga Drain|p2a: Blasto
|-resisted|p2a: Blasto
|-damage|p2a: Blasto|78/100
|-heal|p1a: Ludicolo|34/100|[from] drain|[of] p2a: Blasto
|
|-heal|p2a: Blasto|84/100|[from] Grassy Terrain
|-heal|p1a: Ludicolo|40/100|[from] Grassy Terrain
|upkeep
|turn|28
|inactive|Toby PKT has 120 seconds left.
|
|t:|1743929464
|switch|p1a: Gyarados|Gyarados, M, shiny|78/100
|-ability|p1a: Gyarados|Intimidate|boost
|-unboost|p2a: Blasto|atk|1
|move|p2a: Blasto|U-turn|p1a: Gyarados
|-resisted|p1a: Gyarados
|-damage|p1a: Gyarados|63/100
|inactive|Toby PKT has 120 seconds left.
|
|t:|1743929472
|switch|p2a: Te la enfria|Cryogonal|100/100|[from] U-turn
|
|-heal|p1a: Gyarados|69/100|[from] item: Leftovers
|upkeep
|turn|29
|inactive|gregegeg has 90 seconds left.
|
|t:|1743929506
|switch|p1a: Blaziken|Blaziken, M|33/100
|move|p2a: Te la enfria|Freeze-Dry|p1a: Blaziken
|-resisted|p1a: Blaziken
|-damage|p1a: Blaziken|16/100
|
|-heal|p1a: Blaziken|22/100|[from] Grassy Terrain
|upkeep
|turn|30
|inactive|gregegeg has 90 seconds left.
|
|t:|1743929516
|move|p2a: Te la enfria|Freeze-Dry|p1a: Blaziken
|-resisted|p1a: Blaziken
|-damage|p1a: Blaziken|5/100
|move|p1a: Blaziken|Brick Break|p2a: Te la enfria
|-supereffective|p2a: Te la enfria
|-damage|p2a: Te la enfria|0 fnt
|faint|p2a: Te la enfria
|
|-heal|p1a: Blaziken|11/100|[from] Grassy Terrain
|-ability|p1a: Blaziken|Speed Boost|boost
|-boost|p1a: Blaziken|spe|1
|upkeep
|inactive|Toby PKT has 120 seconds left.
|
|t:|1743929531
|switch|p2a: Gordo|Dondozo, M|92/100
|turn|31
|
|t:|1743929539
|switch|p1a: Ludicolo|Ludicolo, M, shiny|40/100
|move|p2a: Gordo|Curse|p2a: Gordo
|-unboost|p2a: Gordo|spe|1
|-boost|p2a: Gordo|atk|1
|-boost|p2a: Gordo|def|1
|
|-heal|p1a: Ludicolo|46/100|[from] Grassy Terrain
|-heal|p2a: Gordo|98/100|[from] Grassy Terrain
|-fieldend|move: Grassy Terrain
|upkeep
|turn|32
|
|t:|1743929550
|switch|p2a: Blasto|Rillaboom, M|84/100
|-fieldstart|move: Grassy Terrain|[from] ability: Grassy Surge|[of] p2a: Blasto
|move|p1a: Ludicolo|Giga Drain|p2a: Blasto
|-resisted|p2a: Blasto
|-damage|p2a: Blasto|62/100
|-heal|p1a: Ludicolo|57/100|[from] drain|[of] p2a: Blasto
|
|-heal|p2a: Blasto|69/100|[from] Grassy Terrain
|-heal|p1a: Ludicolo|63/100|[from] Grassy Terrain
|upkeep
|turn|33
|
|t:|1743929564
|switch|p1a: Gyarados|Gyarados, M, shiny|69/100
|-ability|p1a: Gyarados|Intimidate|boost
|-unboost|p2a: Blasto|atk|1
|move|p2a: Blasto|Wood Hammer|p1a: Gyarados
|-damage|p1a: Gyarados|0 fnt
|faint|p1a: Gyarados
|-damage|p2a: Blasto|47/100|[from] Recoil
|
|-heal|p2a: Blasto|53/100|[from] Grassy Terrain
|upkeep
|
|t:|1743929576
|switch|p1a: Darkrai|Darkrai|100/100
|turn|34
|
|t:|1743929585
|switch|p2a: Te calienta|Heatran, M|100/100
|-item|p2a: Te calienta|Air Balloon
|move|p1a: Darkrai|Ice Beam|p2a: Te calienta
|-resisted|p2a: Te calienta
|-damage|p2a: Te calienta|92/100
|-enditem|p2a: Te calienta|Air Balloon
|
|-heal|p2a: Te calienta|98/100|[from] Grassy Terrain
|upkeep
|turn|35
|
|t:|1743929597
|move|p1a: Darkrai|Thunder Wave|p2a: Te calienta
|-status|p2a: Te calienta|par
|move|p2a: Te calienta|Magma Storm|p1a: Darkrai|[miss]
|-miss|p2a: Te calienta|p1a: Darkrai
|
|-heal|p2a: Te calienta|100/100 par|[from] Grassy Terrain
|upkeep
|turn|36
|
|t:|1743929617
|move|p1a: Darkrai|Nasty Plot|p1a: Darkrai
|-boost|p1a: Darkrai|spa|2
|move|p2a: Te calienta|Magma Storm|p1a: Darkrai
|-damage|p1a: Darkrai|29/100
|-activate|p1a: Darkrai|move: Magma Storm|[of] p2a: Te calienta
|
|-heal|p1a: Darkrai|35/100|[from] Grassy Terrain
|-damage|p1a: Darkrai|22/100|[from] move: Magma Storm|[partiallytrapped]
|-fieldend|move: Grassy Terrain
|upkeep
|turn|37
|
|t:|1743929631
|switch|p2a: Gordo|Dondozo, M|98/100
|move|p1a: Darkrai|Dark Pulse|p2a: Gordo
|-damage|p2a: Gordo|61/100
|
|-end|p1a: Darkrai|Magma Storm|[partiallytrapped]|[silent]
|upkeep
|turn|38
|
|t:|1743929641
|move|p1a: Darkrai|Dark Pulse|p2a: Gordo
|-damage|p2a: Gordo|21/100
|move|p2a: Gordo|Waterfall|p1a: Darkrai
|-damage|p1a: Darkrai|0 fnt
|faint|p1a: Darkrai
|
|upkeep
|inactive|gregegeg has 90 seconds left.
|
|t:|1743929666
|switch|p1a: Blaziken|Blaziken, M|11/100
|turn|39
|
|t:|1743929681
|move|p1a: Blaziken|Brick Break|p2a: Gordo
|-damage|p2a: Gordo|1/100
|move|p2a: Gordo|Rest|p2a: Gordo
|-status|p2a: Gordo|slp|[from] move: Rest
|-heal|p2a: Gordo|100/100 slp|[silent]
|
|-ability|p1a: Blaziken|Speed Boost|boost
|-boost|p1a: Blaziken|spe|1
|upkeep
|turn|40
|
|t:|1743929691
|switch|p1a: Ludicolo|Ludicolo, M, shiny|63/100
|cant|p2a: Gordo|slp
|move|p2a: Gordo|Sleep Talk|p2a: Gordo
|move|p2a: Gordo|Rest||[from] move: Sleep Talk|[still]
|-fail|p2a: Gordo
|
|upkeep
|turn|41
|
|t:|1743929701
|switch|p2a: Nero|Umbreon, M|100/100
|move|p1a: Ludicolo|Giga Drain|p2a: Nero
|-damage|p2a: Nero|89/100
|-heal|p1a: Ludicolo|69/100|[from] drain|[of] p2a: Nero
|
|-heal|p2a: Nero|95/100|[from] item: Leftovers
|upkeep
|turn|42
|inactive|gregegeg has 90 seconds left.
|
|t:|1743929711
|move|p1a: Ludicolo|Leech Seed|p2a: Nero
|-start|p2a: Nero|move: Leech Seed
|move|p2a: Nero|Toxic|p1a: Ludicolo
|-status|p1a: Ludicolo|tox
|
|-heal|p2a: Nero|100/100|[from] item: Leftovers
|-damage|p2a: Nero|88/100|[from] Leech Seed|[of] p1a: Ludicolo
|-heal|p1a: Ludicolo|82/100 tox|[silent]
|-damage|p1a: Ludicolo|76/100 tox|[from] psn
|upkeep
|turn|43
|inactive|gregegeg has 90 seconds left.
|
|t:|1743929728
|switch|p1a: Corviknight|Corviknight, F|100/100
|-ability|p1a: Corviknight|Pressure
|move|p2a: Nero|Wish|p2a: Nero
|
|-heal|p2a: Nero|94/100|[from] item: Leftovers
|-damage|p2a: Nero|82/100|[from] Leech Seed|[of] p1a: Corviknight
|upkeep
|turn|44
|inactive|gregegeg has 90 seconds left.
|
|t:|1743929740
|switch|p2a: Blasto|Rillaboom, M|53/100
|-fieldstart|move: Grassy Terrain|[from] ability: Grassy Surge|[of] p2a: Blasto
|move|p1a: Corviknight|Iron Defense|p1a: Corviknight
|-boost|p1a: Corviknight|def|2
|
|-heal|p2a: Blasto|100/100|[from] move: Wish|[wisher] Nero
|upkeep
|turn|45
|
|t:|1743929751
|switch|p2a: Gordo|Dondozo, M|100/100 slp
|move|p1a: Corviknight|Brave Bird|p2a: Gordo
|-damage|p2a: Gordo|77/100 slp
|-damage|p1a: Corviknight|91/100|[from] Recoil
|
|-heal|p2a: Gordo|83/100 slp|[from] Grassy Terrain
|upkeep
|turn|46
|
|t:|1743929762
|move|p1a: Corviknight|Iron Defense|p1a: Corviknight
|-boost|p1a: Corviknight|def|2
|cant|p2a: Gordo|slp
|move|p2a: Gordo|Sleep Talk|p2a: Gordo
|move|p2a: Gordo|Rest||[from] move: Sleep Talk|[still]
|-fail|p2a: Gordo
|
|-heal|p2a: Gordo|89/100 slp|[from] Grassy Terrain
|upkeep
|turn|47
|
|t:|1743929773
|move|p1a: Corviknight|Body Press|p2a: Gordo
|-damage|p2a: Gordo|81/100 slp
|-curestatus|p2a: Gordo|slp|[msg]
|move|p2a: Gordo|Sleep Talk||[still]
|-fail|p2a: Gordo
|
|-heal|p2a: Gordo|88/100|[from] Grassy Terrain
|upkeep
|turn|48
|
|t:|1743929783
|switch|p1a: Ludicolo|Ludicolo, M, shiny|76/100 tox
|move|p2a: Gordo|Curse|p2a: Gordo
|-unboost|p2a: Gordo|spe|1
|-boost|p2a: Gordo|atk|1
|-boost|p2a: Gordo|def|1
|
|-heal|p1a: Ludicolo|82/100 tox|[from] Grassy Terrain
|-heal|p2a: Gordo|94/100|[from] Grassy Terrain
|-damage|p1a: Ludicolo|76/100 tox|[from] psn
|-fieldend|move: Grassy Terrain
|upkeep
|turn|49
|
|t:|1743929796
|switch|p2a: Blasto|Rillaboom, M|100/100
|-fieldstart|move: Grassy Terrain|[from] ability: Grassy Surge|[of] p2a: Blasto
|move|p1a: Ludicolo|Leech Seed|p2a: Blasto
|-immune|p2a: Blasto
|
|-heal|p1a: Ludicolo|82/100 tox|[from] Grassy Terrain
|-damage|p1a: Ludicolo|70/100 tox|[from] psn
|upkeep
|turn|50
|
|t:|1743929811
|switch|p1a: Clodsire|Clodsire, M|100/100
|move|p2a: Blasto|U-turn|p1a: Clodsire
|-resisted|p1a: Clodsire
|-damage|p1a: Clodsire|78/100
|
|t:|1743929816
|switch|p2a: Volus|Garchomp, F|88/100|[from] U-turn
|
|-heal|p2a: Volus|94/100|[from] Grassy Terrain
|-heal|p1a: Clodsire|84/100|[from] Grassy Terrain
|-heal|p1a: Clodsire|90/100|[from] item: Leftovers
|upkeep
|turn|51
|
|t:|1743929826
|move|p2a: Volus|Scale Shot|p1a: Clodsire
|-damage|p1a: Clodsire|75/100
|-damage|p1a: Clodsire|61/100
|-damage|p1a: Clodsire|48/100
|-damage|p1a: Clodsire|32/100
|-damage|p1a: Clodsire|19/100
|-hitcount|p1a: Clodsire|5
|-unboost|p2a: Volus|def|1
|-boost|p2a: Volus|spe|1
|move|p1a: Clodsire|Toxic|p2a: Volus
|-status|p2a: Volus|tox
|
|-heal|p2a: Volus|100/100 tox|[from] Grassy Terrain
|-heal|p1a: Clodsire|25/100|[from] Grassy Terrain
|-heal|p1a: Clodsire|31/100|[from] item: Leftovers
|-damage|p2a: Volus|94/100 tox|[from] psn
|upkeep
|turn|52
|
|t:|1743929844
|move|p1a: Clodsire|Protect|p1a: Clodsire
|-singleturn|p1a: Clodsire|Protect
|move|p2a: Volus|Earthquake|p1a: Clodsire
|-activate|p1a: Clodsire|move: Protect
|
|-heal|p2a: Volus|100/100 tox|[from] Grassy Terrain
|-heal|p1a: Clodsire|37/100|[from] Grassy Terrain
|-heal|p1a: Clodsire|43/100|[from] item: Leftovers
|-damage|p2a: Volus|88/100 tox|[from] psn
|upkeep
|turn|53
|
|t:|1743929856
|switch|p1a: Corviknight|Corviknight, F|91/100
|-ability|p1a: Corviknight|Pressure
|move|p2a: Volus|Scale Shot|p1a: Corviknight
|-resisted|p1a: Corviknight
|-damage|p1a: Corviknight|85/100
|-resisted|p1a: Corviknight
|-damage|p1a: Corviknight|80/100
|-resisted|p1a: Corviknight
|-damage|p1a: Corviknight|74/100
|-resisted|p1a: Corviknight
|-damage|p1a: Corviknight|69/100
|-resisted|p1a: Corviknight
|-damage|p1a: Corviknight|63/100
|-hitcount|p1a: Corviknight|5
|-unboost|p2a: Volus|def|1
|-boost|p2a: Volus|spe|1
|
|-heal|p2a: Volus|94/100 tox|[from] Grassy Terrain
|-damage|p2a: Volus|76/100 tox|[from] psn
|-fieldend|move: Grassy Terrain
|upkeep
|turn|54
|
|t:|1743929879
|switch|p2a: Gordo|Dondozo, M|94/100
|move|p1a: Corviknight|Brave Bird|p2a: Gordo
|-damage|p2a: Gordo|72/100
|-damage|p1a: Corviknight|54/100|[from] Recoil
|
|upkeep
|turn|55
|
|t:|1743929894
|switch|p1a: Ludicolo|Ludicolo, M, shiny|70/100 tox
|switch|p2a: Nero|Umbreon, M|82/100
|
|-heal|p2a: Nero|88/100|[from] item: Leftovers
|-damage|p1a: Ludicolo|64/100 tox|[from] psn
|upkeep
|turn|56
|
|t:|1743929907
|switch|p1a: Blaziken|Blaziken, M|11/100
|move|p2a: Nero|Foul Play|p1a: Blaziken
|-resisted|p1a: Blaziken
|-damage|p1a: Blaziken|0 fnt
|faint|p1a: Blaziken
|
|-heal|p2a: Nero|94/100|[from] item: Leftovers
|upkeep
|
|t:|1743929918
|switch|p1a: Clodsire|Clodsire, M|43/100
|turn|57
|
|t:|1743929931
|-terastallize|p2a: Nero|Poison
|move|p2a: Nero|Foul Play|p1a: Clodsire
|-damage|p1a: Clodsire|20/100
|move|p1a: Clodsire|Toxic|p2a: Nero
|-immune|p2a: Nero
|
|-heal|p2a: Nero|99/100|[from] item: Leftovers
|-heal|p1a: Clodsire|26/100|[from] item: Leftovers
|upkeep
|turn|58
|inactive|gregegeg has 120 seconds left.
|
|t:|1743929942
|switch|p1a: Corviknight|Corviknight, F|54/100
|-ability|p1a: Corviknight|Pressure
|move|p2a: Nero|Foul Play|p1a: Corviknight
|-damage|p1a: Corviknight|22/100
|-damage|p2a: Nero|83/100|[from] item: Rocky Helmet|[of] p1a: Corviknight
|
|-heal|p2a: Nero|90/100|[from] item: Leftovers
|upkeep
|turn|59
|inactive|gregegeg has 120 seconds left.
|
|t:|1743929954
|move|p1a: Corviknight|Iron Head|p2a: Nero
|-damage|p2a: Nero|63/100
|move|p2a: Nero|Foul Play|p1a: Corviknight
|-damage|p1a: Corviknight|0 fnt
|-damage|p2a: Nero|46/100|[from] item: Rocky Helmet|[of] p1a: Corviknight
|faint|p1a: Corviknight
|
|-heal|p2a: Nero|53/100|[from] item: Leftovers
|upkeep
|-message|gregegeg forfeited.
|
|win|Toby PKT
|raw|gregegeg's rating: 1107 &rarr; <strong>1079</strong><br />(-28 for losing)
|raw|Toby PKT's rating: 1063 &rarr; <strong>1097</strong><br />(+34 for winning)
|l|☆gregegeg
|player|p1|
|l|☆Toby PKT
|player|p2|
