|j|☆Clemeeeeeeet
|j|☆uniandes5
|t:|1743924384
|gametype|singles
|player|p1|Clemeeeeeeet|pokemaniac|1414
|player|p2|uniandes5|1|1488
|teamsize|p1|6
|teamsize|p2|6
|gen|9
|tier|[Gen 9] OU
|rated|
|rule|HP Percentage Mod: HP is shown in percentages
|rule|Endless Battle Clause: Forcing endless battles is banned
|rule|Species Clause: Limit one of each Pokémon
|rule|OHKO Clause: OHKO moves are banned
|rule|Evasion Items Clause: Evasion items are banned
|rule|Evasion Moves Clause: Evasion moves are banned
|rule|Sleep Moves Clause: Sleep-inducing moves are banned
|clearpoke
|poke|p1|Kingambit, M|
|poke|p1|Iron Moth|
|poke|p1|Iron Valiant|
|poke|p1|Zamazenta-*|
|poke|p1|Landorus-Therian, M|
|poke|p1|Samurott-Hisui, M|
|poke|p2|Torkoal, F|
|poke|p2|Hatterene, F|
|poke|p2|Walking Wake|
|poke|p2|Great Tusk|
|poke|p2|Charizard, F|
|poke|p2|Diancie|
|teampreview
|inactive|Battle timer is ON: inactive players will automatically lose when time's up. (requested by Clemeeeeeeet)
|
|t:|1743924388
|start
|switch|p1a: Samurott|Samurott-Hisui, M|100/100
|switch|p2a: Torkoal|Torkoal, F|100/100
|-weather|SunnyDay|[from] ability: Drought|[of] p2a: Torkoal
|turn|1
|
|t:|1743924399
|move|p1a: Samurott|Ceaseless Edge|p2a: Torkoal
|-damage|p2a: Torkoal|76/100
|-sidestart|p2: uniandes5|Spikes
|move|p2a: Torkoal|Will-O-Wisp|p1a: Samurott
|-status|p1a: Samurott|brn
|
|-weather|SunnyDay|[upkeep]
|-damage|p1a: Samurott|94/100 brn|[from] brn
|upkeep
|turn|2
|
|t:|1743924405
|move|p1a: Samurott|Ceaseless Edge|p2a: Torkoal
|-damage|p2a: Torkoal|63/100
|-sidestart|p2: uniandes5|Spikes
|move|p2a: Torkoal|Rapid Spin|p1a: Samurott
|-damage|p1a: Samurott|82/100 brn
|-boost|p2a: Torkoal|spe|1
|-sideend|p2: uniandes5|Spikes|[from] move: Rapid Spin|[of] p2a: Torkoal
|
|-weather|SunnyDay|[upkeep]
|-damage|p1a: Samurott|76/100 brn|[from] brn
|upkeep
|turn|3
|
|t:|1743924411
|switch|p1a: Landorus|Landorus-Therian, M|100/100
|-ability|p1a: Landorus|Intimidate|boost
|-unboost|p2a: Torkoal|atk|1
|move|p2a: Torkoal|Stealth Rock|p1a: Landorus
|-sidestart|p1: Clemeeeeeeet|move: Stealth Rock
|
|-weather|SunnyDay|[upkeep]
|upkeep
|turn|4
|
|t:|1743924415
|switch|p2a: Hatterene|Hatterene, F|100/100
|move|p1a: Landorus|Stealth Rock|p2a: Hatterene
|move|p2a: Hatterene|Stealth Rock||[from] ability: Magic Bounce|[still]
|-fail|p2a: Hatterene
|
|-weather|SunnyDay|[upkeep]
|upkeep
|turn|5
|
|t:|1743924422
|move|p1a: Landorus|Earthquake|p2a: Hatterene
|-damage|p2a: Hatterene|59/100
|-enditem|p2a: Hatterene|Eject Button
|
|t:|1743924426
|switch|p2a: StallMelter9000|Charizard, F|100/100
|
|-weather|SunnyDay|[upkeep]
|-damage|p2a: StallMelter9000|88/100|[from] ability: Solar Power|[of] p2a: StallMelter9000
|upkeep
|turn|6
|
|t:|1743924434
|switch|p1a: Samurott|Samurott-Hisui, M|76/100 brn
|-damage|p1a: Samurott|64/100 brn|[from] Stealth Rock
|move|p2a: StallMelter9000|Flamethrower|p1a: Samurott
|-resisted|p1a: Samurott
|-damage|p1a: Samurott|0 fnt
|faint|p1a: Samurott
|
|-weather|SunnyDay|[upkeep]
|-damage|p2a: StallMelter9000|76/100|[from] ability: Solar Power|[of] p2a: StallMelter9000
|upkeep
|
|t:|1743924443
|switch|p1a: Iron Moth|Iron Moth|100/100
|-damage|p1a: Iron Moth|76/100|[from] Stealth Rock
|-enditem|p1a: Iron Moth|Booster Energy
|-activate|p1a: Iron Moth|ability: Quark Drive|[fromitem]
|-start|p1a: Iron Moth|quarkdrivespe
|turn|7
|j| victini05
|
|t:|1743924447
|switch|p2a: Walking Wake|Walking Wake|100/100
|-activate|p2a: Walking Wake|ability: Protosynthesis
|-start|p2a: Walking Wake|protosynthesisspe
|move|p1a: Iron Moth|Sludge Wave|p2a: Walking Wake
|-damage|p2a: Walking Wake|62/100
|
|-weather|SunnyDay|[upkeep]
|upkeep
|turn|8
|
|t:|1743924466
|-end|p1a: Iron Moth|Quark Drive|[silent]
|switch|p1a: Landorus|Landorus-Therian, M|100/100
|-damage|p1a: Landorus|88/100|[from] Stealth Rock
|-ability|p1a: Landorus|Intimidate|boost
|-unboost|p2a: Walking Wake|atk|1
|move|p2a: Walking Wake|Hydro Steam|p1a: Landorus
|-supereffective|p1a: Landorus
|-damage|p1a: Landorus|0 fnt
|faint|p1a: Landorus
|
|-weather|none
|-end|p2a: Walking Wake|Protosynthesis
|upkeep
|
|t:|1743924479
|switch|p1a: Zamazenta|Zamazenta|100/100
|-damage|p1a: Zamazenta|94/100|[from] Stealth Rock
|-ability|p1a: Zamazenta|Dauntless Shield|boost
|-boost|p1a: Zamazenta|def|1
|turn|9
|
|t:|1743924483
|-end|p2a: Walking Wake|Protosynthesis|[silent]
|switch|p2a: Torkoal|Torkoal, F|63/100
|-weather|SunnyDay|[from] ability: Drought|[of] p2a: Torkoal
|move|p1a: Zamazenta|Iron Defense|p1a: Zamazenta
|-boost|p1a: Zamazenta|def|2
|
|-weather|SunnyDay|[upkeep]
|-heal|p1a: Zamazenta|100/100|[from] item: Leftovers
|upkeep
|turn|10
|
|t:|1743924492
|move|p1a: Zamazenta|Iron Defense|p1a: Zamazenta
|-boost|p1a: Zamazenta|def|2
|move|p2a: Torkoal|Will-O-Wisp|p1a: Zamazenta
|-status|p1a: Zamazenta|brn
|
|-weather|SunnyDay|[upkeep]
|-damage|p1a: Zamazenta|94/100 brn|[from] brn
|upkeep
|turn|11
|
|t:|1743924496
|move|p1a: Zamazenta|Body Press|p2a: Torkoal
|-damage|p2a: Torkoal|32/100
|move|p2a: Torkoal|Clear Smog|p1a: Zamazenta
|-damage|p1a: Zamazenta|86/100 brn
|-clearboost|p1a: Zamazenta
|
|-weather|SunnyDay|[upkeep]
|-heal|p1a: Zamazenta|92/100 brn|[from] item: Leftovers
|-damage|p1a: Zamazenta|86/100 brn|[from] brn
|upkeep
|turn|12
|l|☆Clemeeeeeeet
|inactive|Clemeeeeeeet disconnected and has a minute to reconnect!
|player|p1|
|inactive|Clemeeeeeeet has 30 seconds to reconnect!
|inactive|Clemeeeeeeet has 20 seconds to reconnect!
|inactive|Clemeeeeeeet has 15 seconds to reconnect!
|inactive|Clemeeeeeeet has 10 seconds to reconnect!
|inactive|Clemeeeeeeet has 5 seconds to reconnect!
|-message|Clemeeeeeeet lost due to inactivity.
|
|win|uniandes5
|raw|Clemeeeeeeet's rating: 1414 &rarr; <strong>1398</strong><br />(-16 for losing)
|raw|uniandes5's rating: 1488 &rarr; <strong>1504</strong><br />(+16 for winning)
|l|☆uniandes5
|player|p2|
