|j|☆Cthuluhoop1738
|j|☆MXR050203
|t:|1743927705
|gametype|singles
|player|p1|Cthuluhoop1738|ethan|1176
|player|p2|MXR050203|flint|1202
|teamsize|p1|6
|teamsize|p2|6
|gen|9
|tier|[Gen 9] OU
|rated|
|rule|HP Percentage Mod: HP is shown in percentages
|rule|Endless Battle Clause: Forcing endless battles is banned
|rule|Species Clause: Limit one of each Pokémon
|rule|OHKO Clause: OHKO moves are banned
|rule|Evasion Items Clause: Evasion items are banned
|rule|Evasion Moves Clause: Evasion moves are banned
|rule|Sleep Moves Clause: Sleep-inducing moves are banned
|clearpoke
|poke|p1|Maushold|
|poke|p1|Pecharunt|
|poke|p1|Dragapult, F|
|poke|p1|Ceruledge, M|
|poke|p1|Tinkaton, F|
|poke|p1|Iron Moth|
|poke|p2|Gliscor, M|
|poke|p2|Kingambit, M|
|poke|p2|Veluza, F|
|poke|p2|Clodsire, F|
|poke|p2|Blaziken, M|
|poke|p2|Walking Wake|
|teampreview
|inactive|Battle timer is ON: inactive players will automatically lose when time's up. (requested by Cthuluhoop1738)
|
|t:|1743927709
|start
|switch|p1a: Tinkaton|Tinkaton, F|100/100
|switch|p2a: Blaziken|Blaziken, M, shiny|100/100
|-item|p1a: Tinkaton|Air Balloon
|turn|1
|
|t:|1743927719
|move|p1a: Tinkaton|Thunder Wave|p2a: Blaziken
|-status|p2a: Blaziken|par
|move|p2a: Blaziken|Swords Dance|p2a: Blaziken
|-boost|p2a: Blaziken|atk|2
|
|-ability|p2a: Blaziken|Speed Boost|boost
|-boost|p2a: Blaziken|spe|1
|upkeep
|turn|2
|
|t:|1743927733
|switch|p1a: Dragapult|Dragapult, F|100/100
|cant|p2a: Blaziken|par
|
|-ability|p2a: Blaziken|Speed Boost|boost
|-boost|p2a: Blaziken|spe|1
|upkeep
|turn|3
|
|t:|1743927740
|move|p1a: Dragapult|Dragon Darts|p2a: Blaziken
|-damage|p2a: Blaziken|58/100 par
|-anim|p1a: Dragapult|Dragon Darts|p2a: Blaziken
|-damage|p2a: Blaziken|16/100 par
|move|p2a: Blaziken|Swords Dance|p2a: Blaziken
|-boost|p2a: Blaziken|atk|2
|
|-ability|p2a: Blaziken|Speed Boost|boost
|-boost|p2a: Blaziken|spe|1
|upkeep
|turn|4
|
|t:|1743927751
|move|p1a: Dragapult|Dragon Darts|p2a: Blaziken
|-damage|p2a: Blaziken|0 fnt
|faint|p2a: Blaziken
|
|upkeep
|
|t:|1743927754
|switch|p2a: Kingambit|Kingambit, M, shiny|100/100
|-activate|p2a: Kingambit|ability: Supreme Overlord
|-start|p2a: Kingambit|fallen1|[silent]
|turn|5
|
|t:|1743927761
|switch|p1a: Tinkaton|Tinkaton, F|100/100
|-item|p1a: Tinkaton|Air Balloon
|move|p2a: Kingambit|Iron Head|p1a: Tinkaton
|-damage|p1a: Tinkaton|15/100
|-enditem|p1a: Tinkaton|Air Balloon
|-enditem|p2a: Kingambit|Life Orb|[silent]|[from] ability: Pickpocket|[of] p2a: Kingambit
|-item|p1a: Tinkaton|Life Orb|[from] ability: Pickpocket|[of] p2a: Kingambit
|
|upkeep
|turn|6
|
|t:|1743927768
|-end|p2a: Kingambit|fallen1|[silent]
|switch|p2a: Gliscor|Gliscor, M|100/100
|move|p1a: Tinkaton|Thunder Wave|p2a: Gliscor
|-immune|p2a: Gliscor
|
|-status|p2a: Gliscor|tox|[from] item: Toxic Orb
|upkeep
|turn|7
|
|t:|1743927774
|move|p1a: Tinkaton|Stealth Rock|p2a: Gliscor
|-sidestart|p2: MXR050203|move: Stealth Rock
|move|p2a: Gliscor|Knock Off|p1a: Tinkaton
|-resisted|p1a: Tinkaton
|-damage|p1a: Tinkaton|0 fnt
|-enditem|p1a: Tinkaton|Life Orb|[from] move: Knock Off|[of] p2a: Gliscor
|faint|p1a: Tinkaton
|
|upkeep
|
|t:|1743927779
|switch|p1a: Maushold|Maushold|100/100
|turn|8
|
|t:|1743927783
|move|p1a: Maushold|Population Bomb|p2a: Gliscor
|-damage|p2a: Gliscor|93/100 tox
|-damage|p2a: Gliscor|87/100 tox
|-damage|p2a: Gliscor|80/100 tox
|-damage|p2a: Gliscor|73/100 tox
|-damage|p2a: Gliscor|66/100 tox
|-damage|p2a: Gliscor|59/100 tox
|-damage|p2a: Gliscor|52/100 tox
|-damage|p2a: Gliscor|44/100 tox
|-damage|p2a: Gliscor|38/100 tox
|-damage|p2a: Gliscor|31/100 tox
|-hitcount|p2a: Gliscor|10
|move|p2a: Gliscor|Toxic|p1a: Maushold
|-status|p1a: Maushold|tox
|
|-damage|p1a: Maushold|94/100 tox|[from] psn
|-heal|p2a: Gliscor|44/100 tox|[from] ability: Poison Heal
|upkeep
|turn|9
|
|t:|1743927795
|move|p1a: Maushold|Population Bomb|p2a: Gliscor
|-damage|p2a: Gliscor|37/100 tox
|-damage|p2a: Gliscor|30/100 tox
|-damage|p2a: Gliscor|23/100 tox
|-damage|p2a: Gliscor|16/100 tox
|-damage|p2a: Gliscor|9/100 tox
|-damage|p2a: Gliscor|3/100 tox
|-damage|p2a: Gliscor|0 fnt
|faint|p2a: Gliscor
|-hitcount|p2: Gliscor|7
|
|-damage|p1a: Maushold|82/100 tox|[from] psn
|upkeep
|
|t:|1743927807
|switch|p2a: Kingambit|Kingambit, M, shiny|100/100
|-damage|p2a: Kingambit|94/100|[from] Stealth Rock
|-activate|p2a: Kingambit|ability: Supreme Overlord
|-start|p2a: Kingambit|fallen2|[silent]
|turn|10
|
|t:|1743927810
|move|p2a: Kingambit|Sucker Punch|p1a: Maushold
|-damage|p1a: Maushold|0 fnt
|faint|p1a: Maushold
|
|upkeep
|
|t:|1743927818
|switch|p1a: Iron Moth|Iron Moth|100/100
|-enditem|p1a: Iron Moth|Booster Energy
|-activate|p1a: Iron Moth|ability: Quark Drive|[fromitem]
|-start|p1a: Iron Moth|quarkdrivespe
|turn|11
|
|t:|1743927824
|-terastallize|p2a: Kingambit|Poison
|move|p1a: Iron Moth|Fiery Dance|p2a: Kingambit
|-damage|p2a: Kingambit|50/100
|-boost|p1a: Iron Moth|spa|1
|move|p2a: Kingambit|Poison Jab|p1a: Iron Moth
|-resisted|p1a: Iron Moth
|-damage|p1a: Iron Moth|56/100
|
|upkeep
|turn|12
|
|t:|1743927832
|move|p2a: Kingambit|Sucker Punch|p1a: Iron Moth
|-damage|p1a: Iron Moth|0 fnt
|faint|p1a: Iron Moth
|-end|p1a: Iron Moth|Quark Drive|[silent]
|
|upkeep
|
|t:|1743927836
|switch|p1a: Ceruledge|Ceruledge, M|100/100
|turn|13
|
|t:|1743927842
|move|p1a: Ceruledge|Endure|p1a: Ceruledge
|-singleturn|p1a: Ceruledge|move: Endure
|move|p2a: Kingambit|Sucker Punch||[still]
|-fail|p2a: Kingambit
|
|upkeep
|turn|14
|
|t:|1743927846
|move|p1a: Ceruledge|Shadow Sneak|p2a: Kingambit
|-damage|p2a: Kingambit|33/100
|move|p2a: Kingambit|Poison Jab|p1a: Ceruledge
|-resisted|p1a: Ceruledge
|-damage|p1a: Ceruledge|63/100
|-ability|p1a: Ceruledge|Weak Armor|boost
|-unboost|p1a: Ceruledge|def|1
|-boost|p1a: Ceruledge|spe|2
|
|upkeep
|turn|15
|
|t:|1743927853
|move|p1a: Ceruledge|Shadow Sneak|p2a: Kingambit
|-damage|p2a: Kingambit|13/100
|move|p2a: Kingambit|Sucker Punch||[still]
|-fail|p2a: Kingambit
|
|upkeep
|turn|16
|
|t:|1743927857
|move|p1a: Ceruledge|Shadow Sneak|p2a: Kingambit
|-damage|p2a: Kingambit|0 fnt
|faint|p2a: Kingambit
|-end|p2a: Kingambit|fallen2|[silent]
|
|upkeep
|
|t:|1743927859
|switch|p2a: Clodsire|Clodsire, F|100/100
|-damage|p2a: Clodsire|94/100|[from] Stealth Rock
|turn|17
|
|t:|1743927863
|move|p1a: Ceruledge|Poltergeist|p2a: Clodsire
|-activate|p2a: Clodsire|move: Poltergeist|Leftovers
|-damage|p2a: Clodsire|21/100
|move|p2a: Clodsire|Earthquake|p1a: Ceruledge
|-supereffective|p1a: Ceruledge
|-damage|p1a: Ceruledge|0 fnt
|faint|p1a: Ceruledge
|
|-heal|p2a: Clodsire|27/100|[from] item: Leftovers
|upkeep
|
|t:|1743927867
|switch|p1a: Dragapult|Dragapult, F|100/100
|turn|18
|
|t:|1743927875
|move|p1a: Dragapult|Dragon Dance|p1a: Dragapult
|-boost|p1a: Dragapult|atk|1
|-boost|p1a: Dragapult|spe|1
|move|p2a: Clodsire|Toxic|p1a: Dragapult
|-status|p1a: Dragapult|tox
|
|-heal|p2a: Clodsire|33/100|[from] item: Leftovers
|-damage|p1a: Dragapult|95/100 tox|[from] psn
|upkeep
|turn|19
|
|t:|1743927899
|move|p1a: Dragapult|Dragon Darts|p2a: Clodsire
|-damage|p2a: Clodsire|0 fnt
|faint|p2a: Clodsire
|
|-damage|p1a: Dragapult|83/100 tox|[from] psn
|upkeep
|
|t:|1743927908
|switch|p2a: Veluza|Veluza, F|100/100
|-damage|p2a: Veluza|88/100|[from] Stealth Rock
|turn|20
|
|t:|1743927921
|move|p1a: Dragapult|Dragon Darts|p2a: Veluza
|-damage|p2a: Veluza|26/100
|-anim|p1a: Dragapult|Dragon Darts|p2a: Veluza
|-damage|p2a: Veluza|0 fnt
|faint|p2a: Veluza
|
|-damage|p1a: Dragapult|65/100 tox|[from] psn
|upkeep
|
|t:|1743927924
|switch|p2a: Walking Wake|Walking Wake|100/100
|-damage|p2a: Walking Wake|88/100|[from] Stealth Rock
|turn|21
|
|t:|1743927933
|move|p1a: Dragapult|Dragon Darts|p2a: Walking Wake
|-supereffective|p2a: Walking Wake
|-damage|p2a: Walking Wake|0 fnt
|faint|p2a: Walking Wake
|-end|p2a: Walking Wake|Protosynthesis|[silent]
|
|win|Cthuluhoop1738
|raw|Cthuluhoop1738's rating: 1176 &rarr; <strong>1203</strong><br />(+27 for winning)
|raw|MXR050203's rating: 1202 &rarr; <strong>1175</strong><br />(-27 for losing)
|l|☆MXR050203
|player|p2|
|l|☆Cthuluhoop1738
|player|p1|
