|j|☆BenjiKong14
|j|☆OnigiriDesu
|t:|1743933937
|gametype|singles
|player|p1|BenjiKong14|dancer|1075
|player|p2|OnigiriDesu|hilbert|1060
|teamsize|p1|6
|teamsize|p2|6
|gen|9
|tier|[Gen 9] OU
|rated|
|rule|HP Percentage Mod: HP is shown in percentages
|rule|Endless Battle Clause: Forcing endless battles is banned
|rule|Species Clause: Limit one of each Pokémon
|rule|OHKO Clause: OHKO moves are banned
|rule|Evasion Items Clause: Evasion items are banned
|rule|Evasion Moves Clause: Evasion moves are banned
|rule|Sleep Moves Clause: Sleep-inducing moves are banned
|clearpoke
|poke|p1|Avalugg-Hisui, F|
|poke|p1|Tatsugiri-Droopy, F|
|poke|p1|Weezing-Galar, M|
|poke|p1|Metagross|
|poke|p1|Tauros-Paldea-Blaze, M|
|poke|p1|Arboliva, F|
|poke|p2|Skarmory, F|
|poke|p2|Minior|
|poke|p2|Electivire, M|
|poke|p2|Blastoise, M|
|poke|p2|Kingambit, F|
|poke|p2|Toxapex, M|
|teampreview
|inactive|Battle timer is ON: inactive players will automatically lose when time's up. (requested by OnigiriDesu)
|
|t:|1743934003
|start
|switch|p1a: Jawbreaker|Avalugg-Hisui, F|100/100
|switch|p2a: Skarmory|Skarmory, F|100/100
|turn|1
|
|t:|1743934030
|move|p2a: Skarmory|Stealth Rock|p1a: Jawbreaker
|-sidestart|p1: BenjiKong14|move: Stealth Rock
|move|p1a: Jawbreaker|Stealth Rock|p2a: Skarmory
|-sidestart|p2: OnigiriDesu|move: Stealth Rock
|
|upkeep
|turn|2
|inactive|BenjiKong14 has 120 seconds left.
|
|t:|1743934047
|move|p2a: Skarmory|Iron Defense|p2a: Skarmory
|-boost|p2a: Skarmory|def|2
|move|p1a: Jawbreaker|Mountain Gale|p2a: Skarmory
|-damage|p2a: Skarmory|86/100
|
|upkeep
|turn|3
|inactive|BenjiKong14 has 120 seconds left.
|
|t:|1743934059
|switch|p1a: Steaming|Weezing-Galar, M|100/100
|-damage|p1a: Steaming|88/100|[from] Stealth Rock
|move|p2a: Skarmory|Iron Defense|p2a: Skarmory
|-boost|p2a: Skarmory|def|2
|
|upkeep
|turn|4
|
|t:|1743934067
|move|p2a: Skarmory|Body Press|p1a: Steaming
|-resisted|p1a: Steaming
|-damage|p1a: Steaming|67/100
|move|p1a: Steaming|Will-O-Wisp|p2a: Skarmory
|-status|p2a: Skarmory|brn
|
|-damage|p2a: Skarmory|80/100 brn|[from] brn
|upkeep
|turn|5
|
|t:|1743934081
|move|p2a: Skarmory|Iron Defense|p2a: Skarmory
|-boost|p2a: Skarmory|def|2
|move|p1a: Steaming|Fire Blast|p2a: Skarmory
|-supereffective|p2a: Skarmory
|-damage|p2a: Skarmory|15/100 brn
|
|-damage|p2a: Skarmory|9/100 brn|[from] brn
|upkeep
|turn|6
|
|t:|1743934095
|move|p2a: Skarmory|Body Press|p1a: Steaming
|-resisted|p1a: Steaming
|-damage|p1a: Steaming|53/100
|move|p1a: Steaming|Strange Steam|p2a: Skarmory
|-resisted|p2a: Skarmory
|-damage|p2a: Skarmory|0 fnt
|faint|p2a: Skarmory
|
|upkeep
|
|t:|1743934103
|switch|p2a: Minior|Minior|100/100
|-damage|p2a: Minior|76/100|[from] Stealth Rock
|-formechange|p2a: Minior|Minior-Meteor||[from] ability: Shields Down
|turn|7
|
|t:|1743934117
|move|p2a: Minior|Shell Smash|p2a: Minior
|-unboost|p2a: Minior|def|1
|-unboost|p2a: Minior|spd|1
|-boost|p2a: Minior|atk|2
|-boost|p2a: Minior|spa|2
|-boost|p2a: Minior|spe|2
|-enditem|p2a: Minior|White Herb
|-clearnegativeboost|p2a: Minior|[silent]
|move|p1a: Steaming|Defog|p2a: Minior
|-unboost|p2a: Minior|evasion|1
|-sideend|p2: OnigiriDesu|Stealth Rock|[from] move: Defog|[of] p1a: Steaming
|-sideend|p1: BenjiKong14|Stealth Rock|[from] move: Defog|[of] p1a: Steaming
|
|upkeep
|turn|8
|inactive|BenjiKong14 has 120 seconds left.
|
|t:|1743934142
|move|p2a: Minior|Acrobatics|p1a: Steaming
|-damage|p1a: Steaming|0 fnt
|faint|p1a: Steaming
|
|upkeep
|
|t:|1743934158
|switch|p1a: Tauros|Tauros-Paldea-Blaze, M|100/100
|-ability|p1a: Tauros|Intimidate|boost
|-unboost|p2a: Minior|atk|1
|turn|9
|
|t:|1743934167
|switch|p1a: Jawbreaker|Avalugg-Hisui, F|100/100
|-terastallize|p2a: Minior|Flying
|move|p2a: Minior|Acrobatics|p1a: Jawbreaker
|-resisted|p1a: Jawbreaker
|-damage|p1a: Jawbreaker|83/100
|
|upkeep
|turn|10
|
|t:|1743934181
|move|p2a: Minior|Earthquake|p1a: Jawbreaker
|-supereffective|p1a: Jawbreaker
|-damage|p1a: Jawbreaker|53/100
|move|p1a: Jawbreaker|Mountain Gale|p2a: Minior
|-supereffective|p2a: Minior
|-damage|p2a: Minior|0 fnt
|faint|p2a: Minior
|
|upkeep
|
|t:|1743934185
|switch|p2a: Electivire|Electivire, M|100/100
|-item|p2a: Electivire|Air Balloon
|turn|11
|inactive|BenjiKong14 has 120 seconds left.
|inactive|BenjiKong14 has 90 seconds left.
|
|t:|1743934243
|move|p2a: Electivire|Trailblaze|p1a: Jawbreaker
|-supereffective|p1a: Jawbreaker
|-damage|p1a: Jawbreaker|36/100
|-boost|p2a: Electivire|spe|1
|move|p1a: Jawbreaker|Mountain Gale|p2a: Electivire
|-damage|p2a: Electivire|22/100
|-enditem|p2a: Electivire|Air Balloon
|
|upkeep
|turn|12
|
|t:|1743934254
|move|p2a: Electivire|Earthquake|p1a: Jawbreaker
|-supereffective|p1a: Jawbreaker
|-damage|p1a: Jawbreaker|1/100
|move|p1a: Jawbreaker|Stealth Rock|p2a: Electivire
|-sidestart|p2: OnigiriDesu|move: Stealth Rock
|
|upkeep
|turn|13
|-enditem|p1a: Jawbreaker|Custap Berry|[eat]
|-activate|p1a: Jawbreaker|item: Custap Berry|[consumed]
|
|t:|1743934263
|move|p1a: Jawbreaker|Body Press|p2a: Electivire
|-damage|p2a: Electivire|0 fnt
|faint|p2a: Electivire
|
|upkeep
|
|t:|1743934270
|switch|p2a: Blastoise|Blastoise, M|100/100
|-damage|p2a: Blastoise|88/100|[from] Stealth Rock
|turn|14
|
|t:|1743934285
|switch|p1a: Arboliva|Arboliva, F|100/100
|move|p2a: Blastoise|Shell Smash|p2a: Blastoise
|-unboost|p2a: Blastoise|def|1
|-unboost|p2a: Blastoise|spd|1
|-boost|p2a: Blastoise|atk|2
|-boost|p2a: Blastoise|spa|2
|-boost|p2a: Blastoise|spe|2
|-enditem|p2a: Blastoise|White Herb
|-clearnegativeboost|p2a: Blastoise|[silent]
|
|upkeep
|turn|15
|
|t:|1743934305
|move|p2a: Blastoise|Rapid Spin|p1a: Arboliva
|-damage|p1a: Arboliva|79/100
|-boost|p2a: Blastoise|spe|1
|-damage|p2a: Blastoise|72/100|[from] item: Rocky Helmet|[of] p1a: Arboliva
|-fieldstart|move: Grassy Terrain|[from] ability: Seed Sower|[of] p1a: Arboliva
|-sideend|p2: OnigiriDesu|Stealth Rock|[from] move: Rapid Spin|[of] p2a: Blastoise
|move|p1a: Arboliva|Giga Drain|p2a: Blastoise
|-supereffective|p2a: Blastoise
|-damage|p2a: Blastoise|0 fnt
|-heal|p1a: Arboliva|100/100|[from] drain|[of] p2a: Blastoise
|faint|p2a: Blastoise
|
|upkeep
|-message|OnigiriDesu forfeited.
|
|win|BenjiKong14
|raw|BenjiKong14's rating: 1075 &rarr; <strong>1103</strong><br />(+28 for winning)
|raw|OnigiriDesu's rating: 1060 &rarr; <strong>1042</strong><br />(-18 for losing)
|l|☆OnigiriDesu
|player|p2|
|l|☆BenjiKong14
|player|p1|
