|j|☆Mussolenin
|j|☆xiaoxixiaoxi
|t:|1743930943
|gametype|singles
|player|p1|Mussolenin|102|1201
|player|p2|xiaoxixiaoxi|170|1142
|teamsize|p1|6
|teamsize|p2|6
|gen|9
|tier|[Gen 9] OU
|rated|
|rule|HP Percentage Mod: HP is shown in percentages
|rule|Endless Battle Clause: Forcing endless battles is banned
|rule|Species Clause: Limit one of each Pokémon
|rule|OHKO Clause: OHKO moves are banned
|rule|Evasion Items Clause: Evasion items are banned
|rule|Evasion Moves Clause: Evasion moves are banned
|rule|Sleep Moves Clause: Sleep-inducing moves are banned
|clearpoke
|poke|p1|Landorus-Therian, M|
|poke|p1|Gyarados, M|
|poke|p1|Hatterene, F|
|poke|p1|Kingambit, F|
|poke|p1|Porygon-Z|
|poke|p1|Kommo-o, M|
|poke|p2|Serperior, F|
|poke|p2|Armarouge, M|
|poke|p2|Salamence, M|
|poke|p2|Ninetales-Alola, F|
|poke|p2|Metagross|
|poke|p2|Trevenant, F|
|teampreview
|inactive|Battle timer is ON: inactive players will automatically lose when time's up. (requested by Mussolenin)
|
|t:|1743930950
|start
|switch|p1a: Landorus|Landorus-Therian, M|100/100
|switch|p2a: Ninetales|Ninetales-Alola, F|100/100
|-weather|Snowscape|[from] ability: Snow Warning|[of] p2a: Ninetales
|-ability|p1a: Landorus|Intimidate|boost
|-unboost|p2a: Ninetales|atk|1
|turn|1
|
|t:|1743930970
|-terastallize|p1a: Landorus|Ground
|move|p2a: Ninetales|Blizzard|p1a: Landorus
|-supereffective|p1a: Landorus
|-damage|p1a: Landorus|15/100
|move|p1a: Landorus|Earthquake|p2a: Ninetales
|-damage|p2a: Ninetales|38/100
|
|-weather|Snowscape|[upkeep]
|upkeep
|turn|2
|
|t:|1743930986
|move|p2a: Ninetales|Dazzling Gleam|p1a: Landorus
|-damage|p1a: Landorus|0 fnt
|faint|p1a: Landorus
|
|-weather|Snowscape|[upkeep]
|upkeep
|
|t:|1743930995
|switch|p1a: Kingambit|Kingambit, F|100/100
|-activate|p1a: Kingambit|ability: Supreme Overlord
|-start|p1a: Kingambit|fallen1|[silent]
|turn|3
|
|t:|1743931002
|move|p2a: Ninetales|Aurora Veil|p2a: Ninetales
|-sidestart|p2: xiaoxixiaoxi|move: Aurora Veil
|move|p1a: Kingambit|Iron Head|p2a: Ninetales
|-supereffective|p2a: Ninetales
|-damage|p2a: Ninetales|0 fnt
|faint|p2a: Ninetales
|
|-weather|Snowscape|[upkeep]
|upkeep
|
|t:|1743931012
|switch|p2a: Metagross|Metagross|100/100
|turn|4
|
|t:|1743931019
|move|p1a: Kingambit|Kowtow Cleave|p2a: Metagross
|-supereffective|p2a: Metagross
|-damage|p2a: Metagross|54/100
|move|p2a: Metagross|Hammer Arm|p1a: Kingambit|[miss]
|-miss|p2a: Metagross|p1a: Kingambit
|
|-weather|Snowscape|[upkeep]
|upkeep
|turn|5
|
|t:|1743931029
|-end|p1a: Kingambit|fallen1|[silent]
|switch|p1a: Gyarados|Gyarados, M|100/100
|move|p2a: Metagross|Hammer Arm|p1a: Gyarados
|-resisted|p1a: Gyarados
|-damage|p1a: Gyarados|77/100
|-unboost|p2a: Metagross|spe|1
|
|-weather|none
|upkeep
|turn|6
|
|t:|1743931037
|switch|p2a: Trevenant|Trevenant, F|100/100
|move|p1a: Gyarados|Dragon Dance|p1a: Gyarados
|-boost|p1a: Gyarados|atk|1
|-boost|p1a: Gyarados|spe|1
|
|upkeep
|turn|7
|
|t:|1743931048
|move|p1a: Gyarados|Stone Edge|p2a: Trevenant
|-damage|p2a: Trevenant|74/100
|move|p2a: Trevenant|Toxic|p1a: Gyarados
|-status|p1a: Gyarados|tox
|
|-damage|p1a: Gyarados|71/100 tox|[from] psn
|upkeep
|turn|8
|
|t:|1743931066
|switch|p1a: Kingambit|Kingambit, F|100/100
|-activate|p1a: Kingambit|ability: Supreme Overlord
|-start|p1a: Kingambit|fallen1|[silent]
|move|p2a: Trevenant|Leech Seed|p1a: Kingambit
|-start|p1a: Kingambit|move: Leech Seed
|
|-damage|p1a: Kingambit|88/100|[from] Leech Seed|[of] p2a: Trevenant
|-heal|p2a: Trevenant|85/100|[silent]
|upkeep
|turn|9
|
|t:|1743931089
|-end|p1a: Kingambit|fallen1|[silent]
|switch|p1a: Porygon-Z|Porygon-Z|100/100
|switch|p2a: Armarouge|Armarouge, M|100/100
|
|upkeep
|turn|10
|
|t:|1743931098
|move|p1a: Porygon-Z|Tri Attack|p2a: Armarouge
|-damage|p2a: Armarouge|52/100
|move|p2a: Armarouge|Aura Sphere|p1a: Porygon-Z
|-supereffective|p1a: Porygon-Z
|-damage|p1a: Porygon-Z|15/100
|
|-sideend|p2: xiaoxixiaoxi|move: Aurora Veil
|upkeep
|turn|11
|
|t:|1743931116
|move|p1a: Porygon-Z|Tri Attack|p2a: Armarouge
|-damage|p2a: Armarouge|0 fnt
|faint|p2a: Armarouge
|
|upkeep
|
|t:|1743931126
|switch|p2a: Metagross|Metagross|54/100
|turn|12
|
|t:|1743931134
|switch|p1a: Hatterene|Hatterene, F|100/100
|move|p2a: Metagross|Bullet Punch|p1a: Hatterene
|-supereffective|p1a: Hatterene
|-damage|p1a: Hatterene|57/100
|-enditem|p1a: Hatterene|Eject Button
|
|t:|1743931140
|switch|p1a: Gyarados|Gyarados, M|71/100 tox
|
|-damage|p1a: Gyarados|65/100 tox|[from] psn
|upkeep
|turn|13
|
|t:|1743931158
|switch|p2a: Trevenant|Trevenant, F|85/100
|move|p1a: Gyarados|Dragon Dance|p1a: Gyarados
|-boost|p1a: Gyarados|atk|1
|-boost|p1a: Gyarados|spe|1
|
|-damage|p1a: Gyarados|52/100 tox|[from] psn
|upkeep
|turn|14
|
|t:|1743931178
|move|p1a: Gyarados|Stone Edge|p2a: Trevenant
|-damage|p2a: Trevenant|32/100
|-enditem|p2a: Trevenant|Sitrus Berry|[eat]
|-heal|p2a: Trevenant|57/100|[from] item: Sitrus Berry
|move|p2a: Trevenant|Leech Seed|p1a: Gyarados
|-start|p1a: Gyarados|move: Leech Seed
|
|-damage|p1a: Gyarados|40/100 tox|[from] Leech Seed|[of] p2a: Trevenant
|-heal|p2a: Trevenant|68/100|[silent]
|-damage|p1a: Gyarados|22/100 tox|[from] psn
|-item|p2a: Trevenant|Sitrus Berry|[from] ability: Harvest
|upkeep
|turn|15
|
|t:|1743931191
|move|p1a: Gyarados|Stone Edge|p2a: Trevenant
|-damage|p2a: Trevenant|12/100
|-enditem|p2a: Trevenant|Sitrus Berry|[eat]
|-heal|p2a: Trevenant|37/100|[from] item: Sitrus Berry
|move|p2a: Trevenant|Substitute|p2a: Trevenant
|-start|p2a: Trevenant|Substitute
|-damage|p2a: Trevenant|12/100
|
|-damage|p1a: Gyarados|10/100 tox|[from] Leech Seed|[of] p2a: Trevenant
|-heal|p2a: Trevenant|23/100|[silent]
|-damage|p1a: Gyarados|0 fnt|[from] psn
|faint|p1a: Gyarados
|-item|p2a: Trevenant|Sitrus Berry|[from] ability: Harvest
|upkeep
|-enditem|p2a: Trevenant|Sitrus Berry|[eat]
|-heal|p2a: Trevenant|48/100|[from] item: Sitrus Berry
|inactive|Mussolenin has 120 seconds left.
|
|t:|1743931208
|switch|p1a: Kingambit|Kingambit, F|88/100
|-activate|p1a: Kingambit|ability: Supreme Overlord
|-start|p1a: Kingambit|fallen2|[silent]
|turn|16
|
|t:|1743931214
|move|p1a: Kingambit|Kowtow Cleave|p2a: Trevenant
|-supereffective|p2a: Trevenant
|-end|p2a: Trevenant|Substitute
|move|p2a: Trevenant|Leech Seed|p1a: Kingambit
|-start|p1a: Kingambit|move: Leech Seed
|
|-heal|p1a: Kingambit|94/100|[from] item: Leftovers
|-damage|p1a: Kingambit|82/100|[from] Leech Seed|[of] p2a: Trevenant
|-heal|p2a: Trevenant|59/100|[silent]
|upkeep
|turn|17
|
|t:|1743931225
|move|p2a: Trevenant|Protect|p2a: Trevenant
|-singleturn|p2a: Trevenant|Protect
|move|p1a: Kingambit|Kowtow Cleave|p2a: Trevenant
|-activate|p2a: Trevenant|move: Protect
|
|-heal|p1a: Kingambit|88/100|[from] item: Leftovers
|-damage|p1a: Kingambit|76/100|[from] Leech Seed|[of] p2a: Trevenant
|-heal|p2a: Trevenant|70/100|[silent]
|upkeep
|turn|18
|
|t:|1743931250
|-terastallize|p2a: Trevenant|Water
|move|p1a: Kingambit|Kowtow Cleave|p2a: Trevenant
|-damage|p2a: Trevenant|8/100
|move|p2a: Trevenant|Substitute|p2a: Trevenant
|-fail|p2a: Trevenant|move: Substitute|[weak]
|
|-heal|p1a: Kingambit|82/100|[from] item: Leftovers
|-damage|p1a: Kingambit|70/100|[from] Leech Seed|[of] p2a: Trevenant
|-heal|p2a: Trevenant|19/100|[silent]
|upkeep
|turn|19
|
|t:|1743931262
|move|p2a: Trevenant|Protect|p2a: Trevenant
|-singleturn|p2a: Trevenant|Protect
|move|p1a: Kingambit|Swords Dance|p1a: Kingambit
|-boost|p1a: Kingambit|atk|2
|
|-heal|p1a: Kingambit|76/100|[from] item: Leftovers
|-damage|p1a: Kingambit|64/100|[from] Leech Seed|[of] p2a: Trevenant
|-heal|p2a: Trevenant|31/100|[silent]
|upkeep
|turn|20
|
|t:|1743931273
|switch|p2a: Serperior|Serperior, F|100/100
|move|p1a: Kingambit|Kowtow Cleave|p2a: Serperior
|-enditem|p2a: Serperior|Focus Sash
|-damage|p2a: Serperior|1/100
|
|-heal|p1a: Kingambit|70/100|[from] item: Leftovers
|-damage|p1a: Kingambit|57/100|[from] Leech Seed|[of] p2a: Serperior
|-heal|p2a: Serperior|15/100|[silent]
|upkeep
|turn|21
|inactive|xiaoxixiaoxi has 120 seconds left.
|
|t:|1743931289
|move|p2a: Serperior|Leaf Storm|p1a: Kingambit
|-resisted|p1a: Kingambit
|-damage|p1a: Kingambit|28/100
|-boost|p2a: Serperior|spa|2
|move|p1a: Kingambit|Kowtow Cleave|p2a: Serperior
|-damage|p2a: Serperior|0 fnt
|faint|p2a: Serperior
|
|-heal|p1a: Kingambit|35/100|[from] item: Leftovers
|upkeep
|inactive|xiaoxixiaoxi has 120 seconds left.
|
|t:|1743931302
|switch|p2a: Salamence|Salamence, M|100/100
|turn|22
|inactive|xiaoxixiaoxi has 120 seconds left.
|
|t:|1743931309
|move|p2a: Salamence|Earthquake|p1a: Kingambit
|-supereffective|p1a: Kingambit
|-damage|p1a: Kingambit|0 fnt
|faint|p1a: Kingambit
|-end|p1a: Kingambit|fallen2|[silent]
|-ability|p2a: Salamence|Moxie|boost
|-boost|p2a: Salamence|atk|1
|-damage|p2a: Salamence|91/100|[from] item: Life Orb
|
|upkeep
|
|t:|1743931330
|switch|p1a: Kommo-o|Kommo-o, M|100/100
|turn|23
|inactive|xiaoxixiaoxi has 120 seconds left.
|
|t:|1743931347
|move|p2a: Salamence|Outrage|p1a: Kommo-o
|-supereffective|p1a: Kommo-o
|-damage|p1a: Kommo-o|0 fnt
|faint|p1a: Kommo-o
|-ability|p2a: Salamence|Moxie|boost
|-boost|p2a: Salamence|atk|1
|-damage|p2a: Salamence|81/100|[from] item: Life Orb
|
|upkeep
|
|t:|1743931354
|switch|p1a: Hatterene|Hatterene, F|57/100
|turn|24
|
|t:|1743931360
|move|p2a: Salamence|Outrage|p1a: Hatterene|[from] lockedmove
|-immune|p1a: Hatterene
|-start|p2a: Salamence|confusion|[fatigue]
|move|p1a: Hatterene|Dazzling Gleam|p2a: Salamence
|-supereffective|p2a: Salamence
|-damage|p2a: Salamence|0 fnt
|faint|p2a: Salamence
|
|upkeep
|
|t:|1743931367
|switch|p2a: Metagross|Metagross|54/100
|turn|25
|
|t:|1743931376
|move|p2a: Metagross|Bullet Punch|p1a: Hatterene
|-supereffective|p1a: Hatterene
|-damage|p1a: Hatterene|11/100
|move|p1a: Hatterene|Healing Wish|p1a: Hatterene
|faint|p1a: Hatterene
|
|upkeep
|
|t:|1743931381
|switch|p1a: Porygon-Z|Porygon-Z|15/100
|-heal|p1a: Porygon-Z|100/100|[from] move: Healing Wish
|turn|26
|
|t:|1743931393
|move|p1a: Porygon-Z|Ice Beam|p2a: Metagross
|-resisted|p2a: Metagross
|-damage|p2a: Metagross|38/100
|move|p2a: Metagross|Hammer Arm|p1a: Porygon-Z|[miss]
|-miss|p2a: Metagross|p1a: Porygon-Z
|
|upkeep
|turn|27
|
|t:|1743931401
|move|p1a: Porygon-Z|Ice Beam|p2a: Metagross
|-resisted|p2a: Metagross
|-damage|p2a: Metagross|23/100
|move|p2a: Metagross|Hammer Arm|p1a: Porygon-Z
|-supereffective|p1a: Porygon-Z
|-damage|p1a: Porygon-Z|0 fnt
|-unboost|p2a: Metagross|spe|1
|faint|p1a: Porygon-Z
|
|win|xiaoxixiaoxi
|raw|Mussolenin's rating: 1201 &rarr; <strong>1172</strong><br />(-29 for losing)
|raw|xiaoxixiaoxi's rating: 1142 &rarr; <strong>1171</strong><br />(+29 for winning)
|l|☆xiaoxixiaoxi
|player|p2|
|l|☆Mussolenin
|player|p1|
