|j|☆jay258
|j|☆goobler34
|t:|1743922438
|gametype|singles
|player|p1|jay258|169|1250
|player|p2|goobler34|petrel|1202
|teamsize|p1|6
|teamsize|p2|6
|gen|9
|tier|[Gen 9] OU
|rated|
|rule|HP Percentage Mod: HP is shown in percentages
|rule|Endless Battle Clause: Forcing endless battles is banned
|rule|Species Clause: Limit one of each Pokémon
|rule|OHKO Clause: OHKO moves are banned
|rule|Evasion Items Clause: Evasion items are banned
|rule|Evasion Moves Clause: Evasion moves are banned
|rule|Sleep Moves Clause: Sleep-inducing moves are banned
|clearpoke
|poke|p1|Dragonite, F|
|poke|p1|Great Tusk|
|poke|p1|Iron Moth|
|poke|p1|Kingambit, M|
|poke|p1|Gliscor, F|
|poke|p1|Kyurem|
|poke|p2|Ninetales, F|
|poke|p2|Garganacl, M|
|poke|p2|Walking Wake|
|poke|p2|Heracross, F|
|poke|p2|Munkidori, M|
|poke|p2|Incineroar, M|
|teampreview
|inactive|Battle timer is ON: inactive players will automatically lose when time's up. (requested by jay258)
|
|t:|1743922466
|start
|switch|p1a: Great Tusk|Great Tusk|100/100
|switch|p2a: Ninetales|Ninetales, F|100/100
|-weather|SunnyDay|[from] ability: Drought|[of] p2a: Ninetales
|-activate|p1a: Great Tusk|ability: Protosynthesis
|-start|p1a: Great Tusk|protosynthesisatk
|turn|1
|
|t:|1743922481
|move|p2a: Ninetales|Overheat|p1a: Great Tusk
|-damage|p1a: Great Tusk|0 fnt
|-unboost|p2a: Ninetales|spa|2
|-enditem|p2a: Ninetales|Eject Pack
|faint|p1a: Great Tusk
|-end|p1a: Great Tusk|Protosynthesis|[silent]
|
|t:|1743922490
|switch|p2a: Walking Wake|Walking Wake|100/100
|-activate|p2a: Walking Wake|ability: Protosynthesis
|-start|p2a: Walking Wake|protosynthesisspe
|
|-weather|SunnyDay|[upkeep]
|upkeep
|
|t:|1743922510
|switch|p1a: Kyurem|Kyurem|100/100
|-ability|p1a: Kyurem|Pressure
|turn|2
|
|t:|1743922517
|move|p2a: Walking Wake|Draco Meteor|p1a: Kyurem
|-supereffective|p1a: Kyurem
|-damage|p1a: Kyurem|0 fnt
|-unboost|p2a: Walking Wake|spa|2
|faint|p1a: Kyurem
|
|-weather|SunnyDay|[upkeep]
|upkeep
|
|t:|1743922526
|switch|p1a: Dragonite|Dragonite, F|100/100
|turn|3
|
|t:|1743922532
|move|p2a: Walking Wake|Flip Turn|p1a: Dragonite
|-resisted|p1a: Dragonite
|-crit|p1a: Dragonite
|-damage|p1a: Dragonite|96/100
|
|t:|1743922534
|-end|p2a: Walking Wake|Protosynthesis|[silent]
|switch|p2a: Garganacl|Garganacl, M|100/100|[from] Flip Turn
|move|p1a: Dragonite|Outrage|p2a: Garganacl
|-damage|p2a: Garganacl|38/100
|
|-weather|SunnyDay|[upkeep]
|-heal|p2a: Garganacl|44/100|[from] item: Leftovers
|upkeep
|turn|4
|
|t:|1743922538
|switch|p2a: Incineroar|Incineroar, M|100/100
|-ability|p2a: Incineroar|Intimidate|boost
|-unboost|p1a: Dragonite|atk|1
|move|p1a: Dragonite|Outrage|p2a: Incineroar|[from] lockedmove
|-damage|p2a: Incineroar|45/100
|-start|p1a: Dragonite|confusion|[fatigue]
|
|-weather|SunnyDay|[upkeep]
|upkeep
|turn|5
|
|t:|1743922563
|switch|p1a: Gliscor|Gliscor, F|100/100
|move|p2a: Incineroar|Knock Off|p1a: Gliscor
|-damage|p1a: Gliscor|51/100
|-enditem|p1a: Gliscor|Toxic Orb|[from] move: Knock Off|[of] p2a: Incineroar
|
|-weather|none
|upkeep
|turn|6
|inactive|jay258 has 120 seconds left.
|
|t:|1743922589
|switch|p2a: Munkidori|Munkidori, M|100/100
|move|p1a: Gliscor|Stealth Rock|p2a: Munkidori
|-sidestart|p2: goobler34|move: Stealth Rock
|
|upkeep
|turn|7
|
|t:|1743922598
|move|p2a: Munkidori|Psychic Noise|p1a: Gliscor
|-damage|p1a: Gliscor|0 fnt
|faint|p1a: Gliscor
|
|upkeep
|-message|jay258 forfeited.
|
|win|goobler34
|raw|jay258's rating: 1250 &rarr; <strong>1222</strong><br />(-28 for losing)
|raw|goobler34's rating: 1202 &rarr; <strong>1230</strong><br />(+28 for winning)
|l|☆jay258
|player|p1|
|l|☆goobler34
|player|p2|
