|j|☆NickyTheNick
|j|☆haricane
|t:|1743919994
|gametype|singles
|player|p1|NickyTheNick|lass|1132
|player|p2|haricane|hilbert|1186
|teamsize|p1|6
|teamsize|p2|6
|gen|9
|tier|[Gen 9] OU
|rated|
|rule|HP Percentage Mod: HP is shown in percentages
|rule|Endless Battle Clause: Forcing endless battles is banned
|rule|Species Clause: Limit one of each Pokémon
|rule|OHKO Clause: OHKO moves are banned
|rule|Evasion Items Clause: Evasion items are banned
|rule|Evasion Moves Clause: Evasion moves are banned
|rule|Sleep Moves Clause: Sleep-inducing moves are banned
|clearpoke
|poke|p1|Gliscor, M|
|poke|p1|Moltres-Galar|
|poke|p1|Maushold-Four|
|poke|p1|Clefable, M|
|poke|p1|Ceruledge, M|
|poke|p1|Deoxys-Speed|
|poke|p2|Iron Thorns|
|poke|p2|Dragapult, M|
|poke|p2|Pawmot, M|
|poke|p2|Cinderace, M|
|poke|p2|Dragonite, M|
|poke|p2|Armarouge, M|
|teampreview
|inactive|Battle timer is ON: inactive players will automatically lose when time's up. (requested by haricane)
|
|t:|1743920006
|start
|switch|p1a: orbulon|Deoxys-Speed|100/100
|switch|p2a: Dragonite|Dragonite, M|100/100
|-ability|p1a: orbulon|Pressure
|turn|1
|
|t:|1743920016
|move|p1a: orbulon|Thunder Wave|p2a: Dragonite
|-status|p2a: Dragonite|par
|move|p2a: Dragonite|Earthquake|p1a: orbulon
|-damage|p1a: orbulon|45/100
|
|upkeep
|turn|2
|
|t:|1743920026
|move|p1a: orbulon|Night Shade|p2a: Dragonite
|-damage|p2a: Dragonite|70/100 par
|move|p2a: Dragonite|Ice Spinner|p1a: orbulon
|-damage|p1a: orbulon|0 fnt
|faint|p1a: orbulon
|
|upkeep
|
|t:|1743920041
|switch|p1a: eu e voce|Maushold-Four|100/100
|turn|3
|
|t:|1743920046
|move|p2a: Dragonite|Extreme Speed|p1a: eu e voce
|-damage|p1a: eu e voce|49/100
|move|p1a: eu e voce|Population Bomb|p2a: Dragonite
|-damage|p2a: Dragonite|57/100 par
|-damage|p2a: Dragonite|44/100 par
|-damage|p2a: Dragonite|33/100 par
|-damage|p2a: Dragonite|21/100 par
|-damage|p2a: Dragonite|9/100 par
|-damage|p2a: Dragonite|0 fnt
|faint|p2a: Dragonite
|-hitcount|p2: Dragonite|6
|
|upkeep
|
|t:|1743920058
|switch|p2a: Armarouge|Armarouge, M|100/100
|turn|4
|
|t:|1743920064
|move|p2a: Armarouge|Endure|p2a: Armarouge
|-singleturn|p2a: Armarouge|move: Endure
|move|p1a: eu e voce|Population Bomb|p2a: Armarouge
|-damage|p2a: Armarouge|90/100
|-ability|p2a: Armarouge|Weak Armor|boost
|-unboost|p2a: Armarouge|def|1
|-boost|p2a: Armarouge|spe|2
|-damage|p2a: Armarouge|76/100
|-ability|p2a: Armarouge|Weak Armor|boost
|-unboost|p2a: Armarouge|def|1
|-boost|p2a: Armarouge|spe|2
|-damage|p2a: Armarouge|57/100
|-ability|p2a: Armarouge|Weak Armor|boost
|-unboost|p2a: Armarouge|def|1
|-boost|p2a: Armarouge|spe|2
|-damage|p2a: Armarouge|32/100
|-ability|p2a: Armarouge|Weak Armor|boost
|-unboost|p2a: Armarouge|def|1
|-activate|p2a: Armarouge|move: Endure
|-damage|p2a: Armarouge|1/100
|-ability|p2a: Armarouge|Weak Armor|boost
|-unboost|p2a: Armarouge|def|1
|-activate|p2a: Armarouge|move: Endure
|-damage|p2a: Armarouge|1/100
|-ability|p2a: Armarouge|Weak Armor|boost
|-unboost|p2a: Armarouge|def|1
|-activate|p2a: Armarouge|move: Endure
|-damage|p2a: Armarouge|1/100
|-activate|p2a: Armarouge|move: Endure
|-damage|p2a: Armarouge|1/100
|-activate|p2a: Armarouge|move: Endure
|-damage|p2a: Armarouge|1/100
|-activate|p2a: Armarouge|move: Endure
|-damage|p2a: Armarouge|1/100
|-hitcount|p2a: Armarouge|10
|
|upkeep
|turn|5
|-enditem|p2a: Armarouge|Custap Berry|[eat]
|-activate|p2a: Armarouge|item: Custap Berry|[consumed]
|
|t:|1743920093
|move|p2a: Armarouge|Stored Power|p1a: eu e voce
|-damage|p1a: eu e voce|0 fnt
|faint|p1a: eu e voce
|
|upkeep
|inactive|NickyTheNick has 120 seconds left.
|
|t:|1743920130
|switch|p1a: machiavelli|Moltres-Galar|100/100
|turn|6
|
|t:|1743920143
|move|p2a: Armarouge|Destiny Bond|p2a: Armarouge
|-singlemove|p2a: Armarouge|Destiny Bond
|move|p1a: machiavelli|Fiery Wrath|p2a: Armarouge
|-supereffective|p2a: Armarouge
|-damage|p2a: Armarouge|0 fnt
|faint|p2a: Armarouge
|-activate|p2a: Armarouge|move: Destiny Bond
|faint|p1a: machiavelli
|
|upkeep
|
|t:|1743920158
|switch|p1a: scarmiglione|Ceruledge, M|100/100
|switch|p2a: Iron Thorns|Iron Thorns, shiny|100/100
|-enditem|p2a: Iron Thorns|Booster Energy
|-activate|p2a: Iron Thorns|ability: Quark Drive|[fromitem]
|-start|p2a: Iron Thorns|quarkdriveatk
|turn|7
|
|t:|1743920164
|move|p1a: scarmiglione|Swords Dance|p1a: scarmiglione
|-boost|p1a: scarmiglione|atk|2
|move|p2a: Iron Thorns|Dragon Dance|p2a: Iron Thorns
|-boost|p2a: Iron Thorns|atk|1
|-boost|p2a: Iron Thorns|spe|1
|
|upkeep
|turn|8
|
|t:|1743920173
|move|p2a: Iron Thorns|Stone Edge|p1a: scarmiglione
|-supereffective|p1a: scarmiglione
|-crit|p1a: scarmiglione
|-enditem|p1a: scarmiglione|Focus Sash
|-damage|p1a: scarmiglione|1/100
|-ability|p1a: scarmiglione|Weak Armor|boost
|-unboost|p1a: scarmiglione|def|1
|-boost|p1a: scarmiglione|spe|2
|move|p1a: scarmiglione|Swords Dance|p1a: scarmiglione
|-boost|p1a: scarmiglione|atk|2
|
|upkeep
|turn|9
|
|t:|1743920184
|move|p1a: scarmiglione|Poltergeist||[still]
|-fail|p1a: scarmiglione
|move|p2a: Iron Thorns|Iron Head|p1a: scarmiglione
|-resisted|p1a: scarmiglione
|-damage|p1a: scarmiglione|0 fnt
|faint|p1a: scarmiglione
|
|upkeep
|
|t:|1743920204
|switch|p1a: count rapula|Gliscor, M|100/100
|turn|10
|
|t:|1743920207
|move|p2a: Iron Thorns|Stone Edge|p1a: count rapula
|-damage|p1a: count rapula|13/100
|move|p1a: count rapula|Earthquake|p2a: Iron Thorns
|-supereffective|p2a: Iron Thorns
|-damage|p2a: Iron Thorns|0 fnt
|faint|p2a: Iron Thorns
|-end|p2a: Iron Thorns|Quark Drive|[silent]
|
|-status|p1a: count rapula|tox|[from] item: Toxic Orb
|upkeep
|
|t:|1743920216
|switch|p2a: Pawmot|Pawmot, M|100/100
|turn|11
|
|t:|1743920228
|move|p1a: count rapula|Protect|p1a: count rapula
|-singleturn|p1a: count rapula|Protect
|move|p2a: Pawmot|Ice Punch|p1a: count rapula
|-activate|p1a: count rapula|move: Protect
|
|-heal|p1a: count rapula|26/100 tox|[from] ability: Poison Heal
|upkeep
|turn|12
|
|t:|1743920239
|switch|p2a: Cinderace|Cinderace, M|100/100
|-terastallize|p1a: count rapula|Water
|move|p1a: count rapula|Earthquake|p2a: Cinderace
|-supereffective|p2a: Cinderace
|-damage|p2a: Cinderace|9/100
|
|-heal|p1a: count rapula|38/100 tox|[from] ability: Poison Heal
|upkeep
|turn|13
|
|t:|1743920249
|switch|p2a: Dragapult|Dragapult, M|100/100
|move|p1a: count rapula|Earthquake|p2a: Dragapult
|-damage|p2a: Dragapult|57/100
|-enditem|p2a: Dragapult|Red Card|[of] p1a: count rapula
|drag|p1a: queen|Clefable, M|100/100
|
|upkeep
|turn|14
|
|t:|1743920257
|move|p2a: Dragapult|Dragon Dance|p2a: Dragapult
|-boost|p2a: Dragapult|atk|1
|-boost|p2a: Dragapult|spe|1
|move|p1a: queen|Moonblast|p2a: Dragapult
|-supereffective|p2a: Dragapult
|-damage|p2a: Dragapult|0 fnt
|faint|p2a: Dragapult
|
|upkeep
|
|t:|1743920265
|switch|p2a: Cinderace|Cinderace, M|9/100
|turn|15
|
|t:|1743920287
|move|p2a: Cinderace|Gunk Shot|p1a: queen
|-start|p2a: Cinderace|typechange|Poison|[from] ability: Libero
|-supereffective|p1a: queen
|-damage|p1a: queen|0 fnt
|faint|p1a: queen
|
|upkeep
|
|t:|1743920291
|switch|p1a: count rapula|Gliscor, M, tera:Water|38/100 tox
|turn|16
|
|t:|1743920299
|move|p1a: count rapula|Protect|p1a: count rapula
|-singleturn|p1a: count rapula|Protect
|move|p2a: Cinderace|Gunk Shot|p1a: count rapula
|-activate|p1a: count rapula|move: Protect
|
|-heal|p1a: count rapula|50/100 tox|[from] ability: Poison Heal
|upkeep
|turn|17
|
|t:|1743920307
|move|p2a: Cinderace|Gunk Shot|p1a: count rapula
|-damage|p1a: count rapula|9/100 tox
|move|p1a: count rapula|Earthquake|p2a: Cinderace
|-supereffective|p2a: Cinderace
|-damage|p2a: Cinderace|0 fnt
|faint|p2a: Cinderace
|
|-heal|p1a: count rapula|21/100 tox|[from] ability: Poison Heal
|upkeep
|
|t:|1743920315
|switch|p2a: Pawmot|Pawmot, M|100/100
|turn|18
|-message|NickyTheNick forfeited.
|
|win|haricane
|raw|NickyTheNick's rating: 1132 &rarr; <strong>1111</strong><br />(-21 for losing)
|raw|haricane's rating: 1186 &rarr; <strong>1207</strong><br />(+21 for winning)
|l|☆NickyTheNick
|player|p1|
|l|☆haricane
|player|p2|
