|j|☆Ran Paul
|j|☆pokefanfdj
|t:|1743934328
|gametype|singles
|player|p1|Ran Paul|drayden|1074
|player|p2|pokefanfdj|bugcatcher-gen4dp|1126
|teamsize|p1|6
|teamsize|p2|6
|gen|9
|tier|[Gen 9] OU
|rated|
|rule|HP Percentage Mod: HP is shown in percentages
|rule|Endless Battle Clause: Forcing endless battles is banned
|rule|Species Clause: Limit one of each Pokémon
|rule|OHKO Clause: OHKO moves are banned
|rule|Evasion Items Clause: Evasion items are banned
|rule|Evasion Moves Clause: Evasion moves are banned
|rule|Sleep Moves Clause: Sleep-inducing moves are banned
|clearpoke
|poke|p1|Delibird, M|
|poke|p1|Orthworm, F|
|poke|p1|Ceruledge, F|
|poke|p1|Cresselia, F|
|poke|p1|Umbreon, M|
|poke|p1|Morpeko, M|
|poke|p2|Iron Valiant|
|poke|p2|Chansey, F|
|poke|p2|Serperior, M|
|poke|p2|Gliscor, M|
|poke|p2|Dondozo, M|
|poke|p2|Ting-Lu|
|teampreview
|
|t:|1743934334
|start
|switch|p1a: Iron-Bundle|Delibird, M|100/100
|switch|p2a: Serperior|Serperior, M|100/100
|turn|1
|inactive|Battle timer is ON: inactive players will automatically lose when time's up. (requested by Ran Paul)
|
|t:|1743934345
|-terastallize|p1a: Iron-Bundle|Normal
|move|p1a: Iron-Bundle|Fake Out|p2a: Serperior
|-enditem|p1a: Iron-Bundle|Normal Gem|[from] gem
|-damage|p2a: Serperior|72/100
|cant|p2a: Serperior|flinch
|
|-heal|p2a: Serperior|78/100|[from] item: Leftovers
|upkeep
|turn|2
|
|t:|1743934355
|move|p2a: Serperior|Glare|p1a: Iron-Bundle
|-status|p1a: Iron-Bundle|par
|move|p1a: Iron-Bundle|Acrobatics|p2a: Serperior
|-supereffective|p2a: Serperior
|-damage|p2a: Serperior|0 fnt
|faint|p2a: Serperior
|
|upkeep
|
|t:|1743934364
|switch|p2a: Iron Valiant|Iron Valiant|100/100
|-enditem|p2a: Iron Valiant|Booster Energy
|-activate|p2a: Iron Valiant|ability: Quark Drive|[fromitem]
|-start|p2a: Iron Valiant|quarkdrivespe
|turn|3
|c|☆Ran Paul|Iron bundle at it again
|
|t:|1743934388
|switch|p1a: Watereon|Umbreon, M, shiny|100/100
|move|p2a: Iron Valiant|Close Combat|p1a: Watereon
|-supereffective|p1a: Watereon
|-damage|p1a: Watereon|12/100
|-unboost|p2a: Iron Valiant|def|1
|-unboost|p2a: Iron Valiant|spd|1
|
|-heal|p1a: Watereon|18/100|[from] item: Leftovers
|upkeep
|turn|4
|
|t:|1743934399
|move|p1a: Watereon|Protect|p1a: Watereon
|-singleturn|p1a: Watereon|Protect
|move|p2a: Iron Valiant|Close Combat|p1a: Watereon
|-activate|p1a: Watereon|move: Protect
|
|-heal|p1a: Watereon|24/100|[from] item: Leftovers
|upkeep
|turn|5
|
|t:|1743934413
|switch|p1a: Kirito|Ceruledge, F|100/100
|move|p2a: Iron Valiant|Knock Off|p1a: Kirito
|-supereffective|p1a: Kirito
|-damage|p1a: Kirito|29/100
|-enditem|p1a: Kirito|Assault Vest|[from] move: Knock Off|[of] p2a: Iron Valiant
|
|upkeep
|turn|6
|
|t:|1743934425
|move|p2a: Iron Valiant|Knock Off|p1a: Kirito
|-supereffective|p1a: Kirito
|-damage|p1a: Kirito|0 fnt
|faint|p1a: Kirito
|
|upkeep
|
|t:|1743934434
|switch|p1a: Suckle|Orthworm, F|100/100
|turn|7
|l|☆pokefanfdj
|inactive|pokefanfdj disconnected and has a minute to reconnect!
|player|p2|
|j|☆pokefanfdj
|inactive|pokefanfdj reconnected and has 130 seconds left.
|player|p2|pokefanfdj|bugcatcher-gen4dp|
|inactive|pokefanfdj has 120 seconds left.
|
|t:|1743934465
|-end|p2a: Iron Valiant|Quark Drive|[silent]
|switch|p2a: Ting-Lu|Ting-Lu|100/100
|-ability|p2a: Ting-Lu|Vessel of Ruin
|move|p1a: Suckle|Body Press|p2a: Ting-Lu
|-supereffective|p2a: Ting-Lu
|-damage|p2a: Ting-Lu|73/100
|
|-heal|p2a: Ting-Lu|79/100|[from] item: Leftovers
|upkeep
|turn|8
|inactive|pokefanfdj has 120 seconds left.
|
|t:|1743934486
|move|p2a: Ting-Lu|Ruination|p1a: Suckle
|-damage|p1a: Suckle|50/100
|move|p1a: Suckle|Coil|p1a: Suckle
|-boost|p1a: Suckle|atk|1
|-boost|p1a: Suckle|def|1
|-boost|p1a: Suckle|accuracy|1
|
|-heal|p2a: Ting-Lu|85/100|[from] item: Leftovers
|-heal|p1a: Suckle|57/100|[from] item: Leftovers
|upkeep
|turn|9
|
|t:|1743934497
|move|p2a: Ting-Lu|Ruination|p1a: Suckle
|-damage|p1a: Suckle|29/100
|move|p1a: Suckle|Coil|p1a: Suckle
|-boost|p1a: Suckle|atk|1
|-boost|p1a: Suckle|def|1
|-boost|p1a: Suckle|accuracy|1
|
|-heal|p2a: Ting-Lu|92/100|[from] item: Leftovers
|-heal|p1a: Suckle|35/100|[from] item: Leftovers
|upkeep
|turn|10
|
|t:|1743934508
|move|p2a: Ting-Lu|Body Press|p1a: Suckle
|-supereffective|p1a: Suckle
|-damage|p1a: Suckle|20/100
|move|p1a: Suckle|Coil|p1a: Suckle
|-boost|p1a: Suckle|atk|1
|-boost|p1a: Suckle|def|1
|-boost|p1a: Suckle|accuracy|1
|
|-heal|p2a: Ting-Lu|98/100|[from] item: Leftovers
|-heal|p1a: Suckle|26/100|[from] item: Leftovers
|upkeep
|turn|11
|
|t:|1743934519
|move|p2a: Ting-Lu|Body Press|p1a: Suckle
|-supereffective|p1a: Suckle
|-damage|p1a: Suckle|15/100
|move|p1a: Suckle|Body Press|p2a: Ting-Lu
|-supereffective|p2a: Ting-Lu
|-damage|p2a: Ting-Lu|24/100
|
|-heal|p2a: Ting-Lu|30/100|[from] item: Leftovers
|-heal|p1a: Suckle|21/100|[from] item: Leftovers
|upkeep
|turn|12
|
|t:|1743934536
|move|p2a: Ting-Lu|Stealth Rock|p1a: Suckle
|-sidestart|p1: Ran Paul|move: Stealth Rock
|move|p1a: Suckle|Body Press|p2a: Ting-Lu
|-supereffective|p2a: Ting-Lu
|-damage|p2a: Ting-Lu|0 fnt
|faint|p2a: Ting-Lu
|
|-heal|p1a: Suckle|27/100|[from] item: Leftovers
|upkeep
|
|t:|1743934548
|switch|p2a: Iron Valiant|Iron Valiant|100/100
|turn|13
|
|t:|1743934554
|move|p2a: Iron Valiant|Thunderbolt|p1a: Suckle
|-damage|p1a: Suckle|0 fnt
|faint|p1a: Suckle
|
|upkeep
|
|t:|1743934561
|switch|p1a: Iron-Bundle|Delibird, M, tera:Normal|100/100 par
|-damage|p1a: Iron-Bundle|88/100 par|[from] Stealth Rock
|turn|14
|
|t:|1743934569
|move|p1a: Iron-Bundle|Fake Out|p2a: Iron Valiant
|-damage|p2a: Iron Valiant|77/100
|cant|p2a: Iron Valiant|flinch
|
|upkeep
|turn|15
|
|t:|1743934580
|move|p2a: Iron Valiant|Knock Off|p1a: Iron-Bundle
|-damage|p1a: Iron-Bundle|33/100 par
|move|p1a: Iron-Bundle|Acrobatics|p2a: Iron Valiant
|-supereffective|p2a: Iron Valiant
|-damage|p2a: Iron Valiant|0 fnt
|faint|p2a: Iron Valiant
|-end|p2a: Iron Valiant|Quark Drive|[silent]
|
|upkeep
|
|t:|1743934589
|switch|p2a: Dondozo|Dondozo, M|100/100
|turn|16
|c|☆Ran Paul|OH SHIT
|c|☆Ran Paul|IRON BUNDLE
|c|☆Ran Paul|BRO
|c|☆Ran Paul|RESPOND
|inactive|Ran Paul has 120 seconds left.
|
|t:|1743934624
|move|p1a: Iron-Bundle|Tailwind|p1a: Iron-Bundle
|-sidestart|p1: Ran Paul|move: Tailwind
|move|p2a: Dondozo|Body Press|p1a: Iron-Bundle
|-supereffective|p1a: Iron-Bundle
|-damage|p1a: Iron-Bundle|0 fnt
|faint|p1a: Iron-Bundle
|
|upkeep
|inactive|Ran Paul has 120 seconds left.
|
|t:|1743934635
|switch|p1a: Watereon|Umbreon, M, shiny|24/100
|-damage|p1a: Watereon|12/100|[from] Stealth Rock
|turn|17
|
|t:|1743934642
|move|p1a: Watereon|Protect|p1a: Watereon
|-singleturn|p1a: Watereon|Protect
|move|p2a: Dondozo|Body Press|p1a: Watereon
|-activate|p1a: Watereon|move: Protect
|
|-heal|p1a: Watereon|18/100|[from] item: Leftovers
|upkeep
|turn|18
|
|t:|1743934650
|move|p1a: Watereon|Wish|p1a: Watereon
|move|p2a: Dondozo|Body Press|p1a: Watereon
|-supereffective|p1a: Watereon
|-damage|p1a: Watereon|0 fnt
|faint|p1a: Watereon
|
|upkeep
|
|t:|1743934660
|switch|p1a: No fun|Cresselia, F|100/100
|-damage|p1a: No fun|88/100|[from] Stealth Rock
|turn|19
|
|t:|1743934667
|switch|p2a: Chansey|Chansey, F|100/100
|move|p1a: No fun|Thunderbolt|p2a: Chansey
|-crit|p2a: Chansey
|-damage|p2a: Chansey|93/100
|
|-heal|p1a: No fun|100/100|[from] move: Wish|[wisher] Watereon
|-sideend|p1: Ran Paul|move: Tailwind
|upkeep
|turn|20
|
|t:|1743934677
|move|p1a: No fun|Psyshock|p2a: Chansey
|-damage|p2a: Chansey|78/100
|move|p2a: Chansey|Seismic Toss|p1a: No fun
|-damage|p1a: No fun|78/100
|
|upkeep
|turn|21
|
|t:|1743934685
|switch|p1a: PikaToo|Morpeko, M|100/100
|move|p2a: Chansey|Seismic Toss|p1a: PikaToo
|-damage|p1a: PikaToo|62/100
|
|-formechange|p1a: PikaToo|Morpeko-Hangry||[from] ability: Hunger Switch
|upkeep
|turn|22
|
|t:|1743934694
|switch|p2a: Gliscor|Gliscor, M|100/100
|move|p1a: PikaToo|Knock Off|p2a: Gliscor
|-damage|p2a: Gliscor|74/100
|-enditem|p2a: Gliscor|Toxic Orb|[from] move: Knock Off|[of] p1a: PikaToo
|
|-formechange|p1a: PikaToo|Morpeko||[from] ability: Hunger Switch
|upkeep
|turn|23
|l|☆pokefanfdj
|inactive|pokefanfdj disconnected and has a minute to reconnect!
|player|p2|
|j|☆pokefanfdj
|inactive|pokefanfdj reconnected and has 115 seconds left.
|player|p2|pokefanfdj|bugcatcher-gen4dp|
|
|t:|1743934739
|-terastallize|p2a: Gliscor|Ground
|move|p1a: PikaToo|Parting Shot|p2a: Gliscor
|-unboost|p2a: Gliscor|atk|1
|-unboost|p2a: Gliscor|spa|1
|
|t:|1743934744
|switch|p1a: No fun|Cresselia, F|78/100|[from] Parting Shot
|-damage|p1a: No fun|66/100|[from] Stealth Rock
|move|p2a: Gliscor|Earthquake|p1a: No fun
|-immune|p1a: No fun|[from] ability: Levitate
|
|upkeep
|turn|24
|inactive|pokefanfdj has 120 seconds left.
|
|t:|1743934757
|switch|p2a: Chansey|Chansey, F|78/100
|move|p1a: No fun|Icy Wind|p2a: Chansey
|-damage|p2a: Chansey|75/100
|-unboost|p2a: Chansey|spe|1
|
|upkeep
|turn|25
|inactive|pokefanfdj has 120 seconds left.
|
|t:|1743934766
|switch|p1a: PikaToo|Morpeko, M|62/100
|move|p2a: Chansey|Seismic Toss|p1a: PikaToo
|-damage|p1a: PikaToo|23/100
|
|-formechange|p1a: PikaToo|Morpeko-Hangry||[from] ability: Hunger Switch
|upkeep
|turn|26
|
|t:|1743934775
|switch|p2a: Gliscor|Gliscor, M, tera:Ground|74/100
|move|p1a: PikaToo|Knock Off|p2a: Gliscor
|-damage|p2a: Gliscor|56/100
|
|-formechange|p1a: PikaToo|Morpeko||[from] ability: Hunger Switch
|upkeep
|turn|27
|
|t:|1743934786
|move|p1a: PikaToo|Rapid Spin|p2a: Gliscor
|-damage|p2a: Gliscor|47/100
|-boost|p1a: PikaToo|spe|1
|-sideend|p1: Ran Paul|Stealth Rock|[from] move: Rapid Spin|[of] p1a: PikaToo
|move|p2a: Gliscor|Knock Off|p1a: PikaToo
|-resisted|p1a: PikaToo
|-damage|p1a: PikaToo|0 fnt
|-enditem|p1a: PikaToo|Heavy-Duty Boots|[from] move: Knock Off|[of] p2a: Gliscor
|faint|p1a: PikaToo
|
|upkeep
|
|t:|1743934793
|switch|p1a: No fun|Cresselia, F|66/100
|turn|28
|
|t:|1743934802
|switch|p2a: Chansey|Chansey, F|75/100
|move|p1a: No fun|Icy Wind|p2a: Chansey
|-damage|p2a: Chansey|71/100
|-unboost|p2a: Chansey|spe|1
|
|upkeep
|turn|29
|
|t:|1743934810
|move|p1a: No fun|Psyshock|p2a: Chansey
|-damage|p2a: Chansey|57/100
|move|p2a: Chansey|Seismic Toss|p1a: No fun
|-damage|p1a: No fun|43/100
|
|upkeep
|turn|30
|inactive|Ran Paul has 120 seconds left.
|
|t:|1743934845
|move|p1a: No fun|Psyshock|p2a: Chansey
|-damage|p2a: Chansey|42/100
|move|p2a: Chansey|Seismic Toss|p1a: No fun
|-damage|p1a: No fun|21/100
|
|upkeep
|turn|31
|inactive|Ran Paul has 120 seconds left.
|
|t:|1743934853
|move|p1a: No fun|Psyshock|p2a: Chansey
|-damage|p2a: Chansey|28/100
|move|p2a: Chansey|Seismic Toss|p1a: No fun
|-damage|p1a: No fun|0 fnt
|faint|p1a: No fun
|
|win|pokefanfdj
|raw|Ran Paul's rating: 1074 &rarr; <strong>1056</strong><br />(-18 for losing)
|raw|pokefanfdj's rating: 1126 &rarr; <strong>1147</strong><br />(+21 for winning)
|l|☆Ran Paul
|player|p1|
|l|☆pokefanfdj
|player|p2|
