|j|☆NeverStandard
|j|☆6f_neon
|t:|1743921700
|gametype|singles
|player|p1|NeverStandard|266|1290
|player|p2|6f_neon|elesa|1256
|teamsize|p1|6
|teamsize|p2|6
|gen|9
|tier|[Gen 9] OU
|rated|
|rule|HP Percentage Mod: HP is shown in percentages
|rule|Endless Battle Clause: Forcing endless battles is banned
|rule|Species Clause: Limit one of each Pokémon
|rule|OHKO Clause: OHKO moves are banned
|rule|Evasion Items Clause: Evasion items are banned
|rule|Evasion Moves Clause: Evasion moves are banned
|rule|Sleep Moves Clause: Sleep-inducing moves are banned
|clearpoke
|poke|p1|Azumarill, F|
|poke|p1|Gholdengo|
|poke|p1|Garchomp, F|
|poke|p1|Slowking-Galar, F|
|poke|p1|Arcanine-Hisui, M|
|poke|p1|Raikou|
|poke|p2|Garganacl, M|
|poke|p2|Weezing-Galar, F|
|poke|p2|Corviknight, M|
|poke|p2|Dragapult, M|
|poke|p2|Slowking-Galar, M|
|poke|p2|Samurott-Hisui, F|
|teampreview
|inactive|Battle timer is ON: inactive players will automatically lose when time's up. (requested by 6f_neon)
|
|t:|1743921716
|start
|switch|p1a: Garchomp|Garchomp, F|100/100
|switch|p2a: Dr. Garg|Garganacl, M|100/100
|turn|1
|
|t:|1743921726
|-terastallize|p2a: Dr. Garg|Grass
|move|p1a: Garchomp|Stealth Rock|p2a: Dr. Garg
|-sidestart|p2: 6f_neon|move: Stealth Rock
|move|p2a: Dr. Garg|Salt Cure|p1a: Garchomp
|-resisted|p1a: Garchomp
|-damage|p1a: Garchomp|96/100
|-start|p1a: Garchomp|Salt Cure
|
|-damage|p1a: Garchomp|84/100|[from] Salt Cure
|upkeep
|turn|2
|
|t:|1743921736
|move|p1a: Garchomp|Spikes|p2a: Dr. Garg
|-sidestart|p2: 6f_neon|Spikes
|move|p2a: Dr. Garg|Stealth Rock|p1a: Garchomp
|-sidestart|p1: NeverStandard|move: Stealth Rock
|
|-damage|p1a: Garchomp|72/100|[from] Salt Cure
|upkeep
|turn|3
|
|t:|1743921744
|move|p2a: Dr. Garg|Salt Cure|p1a: Garchomp
|-resisted|p1a: Garchomp
|-damage|p1a: Garchomp|68/100
|move|p1a: Garchomp|Dragon Tail|p2a: Dr. Garg
|-damage|p2a: Dr. Garg|88/100
|drag|p2a: Trudeau-king|Slowking-Galar, M|100/100
|-damage|p2a: Trudeau-king|88/100|[from] Stealth Rock
|-damage|p2a: Trudeau-king|76/100|[from] Spikes
|
|-damage|p1a: Garchomp|56/100|[from] Salt Cure
|upkeep
|turn|4
|
|t:|1743921757
|move|p2a: Trudeau-king|Future Sight|p1a: Garchomp
|-start|p2a: Trudeau-king|move: Future Sight
|move|p1a: Garchomp|Dragon Tail|p2a: Trudeau-king
|-damage|p2a: Trudeau-king|41/100
|drag|p2a: Specialist|Dragapult, M|100/100
|
|-damage|p1a: Garchomp|43/100|[from] Salt Cure
|upkeep
|turn|5
|
|t:|1743921767
|move|p2a: Specialist|Dragon Darts|p1a: Garchomp
|-supereffective|p1a: Garchomp
|-damage|p1a: Garchomp|15/100
|-anim|p2a: Specialist|Dragon Darts|p1a: Garchomp
|-supereffective|p1a: Garchomp
|-crit|p1a: Garchomp
|-damage|p1a: Garchomp|0 fnt
|faint|p1a: Garchomp
|
|upkeep
|
|t:|1743921793
|switch|p1a: Gholdengo|Gholdengo|100/100
|-damage|p1a: Gholdengo|94/100|[from] Stealth Rock
|turn|6
|
|t:|1743921804
|move|p2a: Specialist|Hex|p1a: Gholdengo
|-supereffective|p1a: Gholdengo
|-damage|p1a: Gholdengo|41/100
|move|p1a: Gholdengo|Shadow Ball|p2a: Specialist
|-supereffective|p2a: Specialist
|-damage|p2a: Specialist|0 fnt
|faint|p2a: Specialist
|
|-end|p1a: Gholdengo|move: Future Sight
|-resisted|p1a: Gholdengo
|-crit|p1a: Gholdengo
|-damage|p1a: Gholdengo|6/100
|upkeep
|
|t:|1743921818
|switch|p2a: Nurse|Weezing-Galar, F|100/100
|-ability|p2a: Nurse|Neutralizing Gas
|-damage|p2a: Nurse|88/100|[from] Stealth Rock
|-damage|p2a: Nurse|76/100|[from] Spikes
|turn|7
|
|t:|1743921825
|move|p1a: Gholdengo|Shadow Ball|p2a: Nurse
|-damage|p2a: Nurse|0 fnt
|faint|p2a: Nurse
|-end|p2a: Nurse|ability: Neutralizing Gas
|
|upkeep
|
|t:|1743921829
|switch|p2a: Plague Doctor|Corviknight, M|100/100
|-damage|p2a: Plague Doctor|88/100|[from] Stealth Rock
|-ability|p2a: Plague Doctor|Pressure
|turn|8
|
|t:|1743921836
|move|p1a: Gholdengo|Shadow Ball|p2a: Plague Doctor
|-damage|p2a: Plague Doctor|26/100
|move|p2a: Plague Doctor|Brave Bird|p1a: Gholdengo
|-resisted|p1a: Gholdengo
|-damage|p1a: Gholdengo|0 fnt
|faint|p1a: Gholdengo
|-damage|p2a: Plague Doctor|25/100|[from] Recoil
|
|upkeep
|
|t:|1743921854
|switch|p1a: Arcanine|Arcanine-Hisui, M|100/100
|-damage|p1a: Arcanine|76/100|[from] Stealth Rock
|turn|9
|
|t:|1743921861
|-terastallize|p1a: Arcanine|Fire
|move|p1a: Arcanine|Flare Blitz|p2a: Plague Doctor
|-supereffective|p2a: Plague Doctor
|-damage|p2a: Plague Doctor|0 fnt
|-damage|p1a: Arcanine|59/100|[from] item: Rocky Helmet|[of] p2a: Plague Doctor
|faint|p2a: Plague Doctor
|
|upkeep
|
|t:|1743921869
|switch|p2a: Acupuncturist|Samurott-Hisui, F|100/100
|-damage|p2a: Acupuncturist|88/100|[from] Stealth Rock
|-damage|p2a: Acupuncturist|76/100|[from] Spikes
|turn|10
|
|t:|1743921879
|switch|p1a: Azumarill|Azumarill, F|100/100
|-damage|p1a: Azumarill|88/100|[from] Stealth Rock
|move|p2a: Acupuncturist|Razor Shell|p1a: Azumarill
|-resisted|p1a: Azumarill
|-damage|p1a: Azumarill|64/100
|
|upkeep
|turn|11
|
|t:|1743921892
|switch|p2a: Trudeau-king|Slowking-Galar, M|74/100
|-damage|p2a: Trudeau-king|62/100|[from] Stealth Rock
|-damage|p2a: Trudeau-king|49/100|[from] Spikes
|move|p1a: Azumarill|Play Rough|p2a: Trudeau-king
|-resisted|p2a: Trudeau-king
|-damage|p2a: Trudeau-king|15/100
|
|upkeep
|turn|12
|
|t:|1743921902
|move|p2a: Trudeau-king|Sludge Bomb|p1a: Azumarill
|-supereffective|p1a: Azumarill
|-damage|p1a: Azumarill|21/100
|move|p1a: Azumarill|Knock Off|p2a: Trudeau-king
|-supereffective|p2a: Trudeau-king
|-damage|p2a: Trudeau-king|0 fnt
|-enditem|p2a: Trudeau-king|Assault Vest|[from] move: Knock Off|[of] p1a: Azumarill
|faint|p2a: Trudeau-king
|
|upkeep
|
|t:|1743921907
|switch|p2a: Acupuncturist|Samurott-Hisui, F|76/100
|-damage|p2a: Acupuncturist|63/100|[from] Stealth Rock
|-damage|p2a: Acupuncturist|51/100|[from] Spikes
|turn|13
|
|t:|1743921916
|move|p2a: Acupuncturist|Ceaseless Edge|p1a: Azumarill
|-resisted|p1a: Azumarill
|-damage|p1a: Azumarill|0 fnt
|-sidestart|p1: NeverStandard|Spikes
|faint|p1a: Azumarill
|
|upkeep
|
|t:|1743921927
|switch|p1a: Raikou|Raikou|100/100
|-damage|p1a: Raikou|88/100|[from] Stealth Rock
|-damage|p1a: Raikou|76/100|[from] Spikes
|turn|14
|
|t:|1743921953
|move|p2a: Acupuncturist|Ceaseless Edge|p1a: Raikou
|-crit|p1a: Raikou
|-damage|p1a: Raikou|0 fnt
|-sidestart|p1: NeverStandard|Spikes
|faint|p1a: Raikou
|
|upkeep
|
|t:|1743921972
|switch|p1a: Arcanine|Arcanine-Hisui, M, tera:Fire|59/100
|-damage|p1a: Arcanine|34/100|[from] Stealth Rock
|-damage|p1a: Arcanine|18/100|[from] Spikes
|turn|15
|
|t:|1743921977
|move|p1a: Arcanine|Close Combat|p2a: Acupuncturist
|-supereffective|p2a: Acupuncturist
|-damage|p2a: Acupuncturist|0 fnt
|-unboost|p1a: Arcanine|def|1
|-unboost|p1a: Arcanine|spd|1
|faint|p2a: Acupuncturist
|
|upkeep
|
|t:|1743921980
|switch|p2a: Dr. Garg|Garganacl, M, tera:Grass|88/100
|-damage|p2a: Dr. Garg|75/100|[from] Stealth Rock
|-damage|p2a: Dr. Garg|63/100|[from] Spikes
|turn|16
|
|t:|1743921994
|switch|p1a: Slowking|Slowking-Galar, F|100/100
|-damage|p1a: Slowking|88/100|[from] Stealth Rock
|-damage|p1a: Slowking|71/100|[from] Spikes
|move|p2a: Dr. Garg|Salt Cure|p1a: Slowking
|-damage|p1a: Slowking|59/100
|-start|p1a: Slowking|Salt Cure
|
|-heal|p2a: Dr. Garg|69/100|[from] item: Leftovers
|-heal|p1a: Slowking|65/100|[from] item: Black Sludge
|-damage|p1a: Slowking|53/100|[from] Salt Cure
|upkeep
|turn|17
|
|t:|1743922005
|move|p2a: Dr. Garg|Protect|p2a: Dr. Garg
|-singleturn|p2a: Dr. Garg|Protect
|move|p1a: Slowking|Sludge Bomb|p2a: Dr. Garg
|-activate|p2a: Dr. Garg|move: Protect
|
|-heal|p2a: Dr. Garg|75/100|[from] item: Leftovers
|-heal|p1a: Slowking|59/100|[from] item: Black Sludge
|-damage|p1a: Slowking|46/100|[from] Salt Cure
|upkeep
|turn|18
|
|t:|1743922014
|move|p2a: Dr. Garg|Recover|p2a: Dr. Garg
|-heal|p2a: Dr. Garg|100/100
|move|p1a: Slowking|Sludge Bomb|p2a: Dr. Garg
|-supereffective|p2a: Dr. Garg
|-damage|p2a: Dr. Garg|35/100
|
|-heal|p2a: Dr. Garg|41/100|[from] item: Leftovers
|-heal|p1a: Slowking|52/100|[from] item: Black Sludge
|-damage|p1a: Slowking|40/100|[from] Salt Cure
|upkeep
|turn|19
|
|t:|1743922025
|move|p2a: Dr. Garg|Protect|p2a: Dr. Garg
|-singleturn|p2a: Dr. Garg|Protect
|move|p1a: Slowking|Trick Room|p1a: Slowking
|-fieldstart|move: Trick Room|[of] p1a: Slowking
|
|-heal|p1a: Slowking|46/100|[from] item: Black Sludge
|-heal|p2a: Dr. Garg|47/100|[from] item: Leftovers
|-damage|p1a: Slowking|34/100|[from] Salt Cure
|upkeep
|turn|20
|
|t:|1743922034
|move|p1a: Slowking|Sludge Bomb|p2a: Dr. Garg
|-supereffective|p2a: Dr. Garg
|-damage|p2a: Dr. Garg|0 fnt
|faint|p2a: Dr. Garg
|
|win|NeverStandard
|raw|NeverStandard's rating: 1290 &rarr; <strong>1313</strong><br />(+23 for winning)
|raw|6f_neon's rating: 1256 &rarr; <strong>1233</strong><br />(-23 for losing)
|l|☆6f_neon
|player|p2|
|l|☆NeverStandard
|player|p1|
