|j|☆Wrenellen
|j|☆Elcon123_
|t:|1743926411
|gametype|singles
|player|p1|Wrenellen|grimsley|1591
|player|p2|Elcon123_|swimmerf-gen4|1652
|teamsize|p1|6
|teamsize|p2|6
|gen|9
|tier|[Gen 9] OU
|rated|
|rule|HP Percentage Mod: HP is shown in percentages
|rule|Endless Battle Clause: Forcing endless battles is banned
|rule|Species Clause: Limit one of each Pokémon
|rule|OHKO Clause: OHKO moves are banned
|rule|Evasion Items Clause: Evasion items are banned
|rule|Evasion Moves Clause: Evasion moves are banned
|rule|Sleep Moves Clause: Sleep-inducing moves are banned
|clearpoke
|poke|p1|Slither Wing|
|poke|p1|Araquanid, M|
|poke|p1|Iron Moth|
|poke|p1|Ceruledge, M|
|poke|p1|Iron Treads|
|poke|p1|Ogerpon-Cornerstone, F|
|poke|p2|Hoopa-Unbound|
|poke|p2|Ogerpon-Wellspring, F|
|poke|p2|Cinderace, F|
|poke|p2|Primarina, F|
|poke|p2|Corviknight, F|
|poke|p2|Landorus-Therian, M|
|teampreview
|inactive|Battle timer is ON: inactive players will automatically lose when time's up. (requested by Elcon123_)
|
|t:|1743926436
|start
|switch|p1a: Ogerpon|Ogerpon-Cornerstone, F|100/100
|switch|p2a: Landorus|Landorus-Therian, M|100/100
|-ability|p2a: Landorus|Intimidate|boost
|-unboost|p1a: Ogerpon|atk|1
|turn|1
|
|t:|1743926440
|switch|p1a: Araquanid|Araquanid, M|100/100
|move|p2a: Landorus|U-turn|p1a: Araquanid
|-damage|p1a: Araquanid|73/100
|inactive|Elcon123_ has 120 seconds left.
|
|t:|1743926483
|switch|p2a: Corviknight|Corviknight, F|100/100|[from] U-turn
|-ability|p2a: Corviknight|Pressure
|
|upkeep
|turn|2
|
|t:|1743926489
|move|p2a: Corviknight|U-turn|p1a: Araquanid
|-damage|p1a: Araquanid|58/100
|
|t:|1743926498
|switch|p2a: Ogerpon|Ogerpon-Wellspring, F|100/100|[from] U-turn
|move|p1a: Araquanid|Surf|p2a: Ogerpon
|-immune|p2a: Ogerpon|[from] ability: Water Absorb
|
|upkeep
|turn|3
|inactive|Elcon123_ has 120 seconds left.
|
|t:|1743926512
|move|p2a: Ogerpon|Power Whip|p1a: Araquanid
|-damage|p1a: Araquanid|0 fnt
|faint|p1a: Araquanid
|
|upkeep
|
|t:|1743926520
|switch|p1a: Slitheryn Moon|Slither Wing|100/100
|-enditem|p1a: Slitheryn Moon|Booster Energy
|-activate|p1a: Slitheryn Moon|ability: Protosynthesis|[fromitem]
|-start|p1a: Slitheryn Moon|protosynthesisatk
|turn|4
|inactive|Elcon123_ has 120 seconds left.
|
|t:|1743926536
|switch|p2a: Corviknight|Corviknight, F|100/100
|-ability|p2a: Corviknight|Pressure
|move|p1a: Slitheryn Moon|Bulk Up|p1a: Slitheryn Moon
|-boost|p1a: Slitheryn Moon|atk|1
|-boost|p1a: Slitheryn Moon|def|1
|
|upkeep
|turn|5
|inactive|Elcon123_ has 120 seconds left.
|
|t:|1743926543
|move|p1a: Slitheryn Moon|Flame Charge|p2a: Corviknight
|-supereffective|p2a: Corviknight
|-damage|p2a: Corviknight|55/100
|-boost|p1a: Slitheryn Moon|spe|1
|-damage|p1a: Slitheryn Moon|84/100|[from] item: Rocky Helmet|[of] p2a: Corviknight
|move|p2a: Corviknight|Iron Defense|p2a: Corviknight
|-boost|p2a: Corviknight|def|2
|
|upkeep
|turn|6
|inactive|Elcon123_ has 120 seconds left.
|
|t:|1743926560
|move|p1a: Slitheryn Moon|Bulk Up|p1a: Slitheryn Moon
|-boost|p1a: Slitheryn Moon|atk|1
|-boost|p1a: Slitheryn Moon|def|1
|move|p2a: Corviknight|Roost|p2a: Corviknight
|-heal|p2a: Corviknight|100/100
|-singleturn|p2a: Corviknight|move: Roost
|
|upkeep
|turn|7
|
|t:|1743926583
|move|p1a: Slitheryn Moon|Bulk Up|p1a: Slitheryn Moon
|-boost|p1a: Slitheryn Moon|atk|1
|-boost|p1a: Slitheryn Moon|def|1
|move|p2a: Corviknight|Iron Defense|p2a: Corviknight
|-boost|p2a: Corviknight|def|2
|
|upkeep
|turn|8
|
|t:|1743926589
|move|p1a: Slitheryn Moon|Bulk Up|p1a: Slitheryn Moon
|-boost|p1a: Slitheryn Moon|atk|1
|-boost|p1a: Slitheryn Moon|def|1
|move|p2a: Corviknight|Iron Defense|p2a: Corviknight
|-boost|p2a: Corviknight|def|2
|
|upkeep
|turn|9
|
|t:|1743926592
|move|p1a: Slitheryn Moon|Bulk Up|p1a: Slitheryn Moon
|-boost|p1a: Slitheryn Moon|atk|1
|-boost|p1a: Slitheryn Moon|def|1
|move|p2a: Corviknight|Body Press|p1a: Slitheryn Moon
|-resisted|p1a: Slitheryn Moon
|-damage|p1a: Slitheryn Moon|64/100
|
|upkeep
|turn|10
|
|t:|1743926596
|move|p1a: Slitheryn Moon|Bulk Up|p1a: Slitheryn Moon
|-boost|p1a: Slitheryn Moon|atk|1
|-boost|p1a: Slitheryn Moon|def|1
|move|p2a: Corviknight|Body Press|p1a: Slitheryn Moon
|-resisted|p1a: Slitheryn Moon
|-damage|p1a: Slitheryn Moon|46/100
|
|upkeep
|turn|11
|
|t:|1743926601
|move|p1a: Slitheryn Moon|Morning Sun|p1a: Slitheryn Moon
|-heal|p1a: Slitheryn Moon|96/100
|move|p2a: Corviknight|Roost||[still]
|-fail|p2a: Corviknight|heal
|
|upkeep
|turn|12
|
|t:|1743926607
|move|p1a: Slitheryn Moon|Bulk Up|p1a: Slitheryn Moon
|-boost|p1a: Slitheryn Moon|atk|0
|-boost|p1a: Slitheryn Moon|def|0
|move|p2a: Corviknight|Body Press|p1a: Slitheryn Moon
|-resisted|p1a: Slitheryn Moon
|-damage|p1a: Slitheryn Moon|78/100
|
|upkeep
|turn|13
|
|t:|1743926614
|move|p1a: Slitheryn Moon|Flame Charge|p2a: Corviknight
|-supereffective|p2a: Corviknight
|-damage|p2a: Corviknight|70/100
|-boost|p1a: Slitheryn Moon|spe|1
|-damage|p1a: Slitheryn Moon|62/100|[from] item: Rocky Helmet|[of] p2a: Corviknight
|move|p2a: Corviknight|Body Press|p1a: Slitheryn Moon
|-resisted|p1a: Slitheryn Moon
|-damage|p1a: Slitheryn Moon|44/100
|
|upkeep
|turn|14
|
|t:|1743926623
|move|p1a: Slitheryn Moon|Morning Sun|p1a: Slitheryn Moon
|-heal|p1a: Slitheryn Moon|94/100
|move|p2a: Corviknight|Body Press|p1a: Slitheryn Moon
|-resisted|p1a: Slitheryn Moon
|-damage|p1a: Slitheryn Moon|75/100
|
|upkeep
|turn|15
|
|t:|1743926630
|move|p1a: Slitheryn Moon|Bulk Up|p1a: Slitheryn Moon
|-boost|p1a: Slitheryn Moon|atk|0
|-boost|p1a: Slitheryn Moon|def|0
|move|p2a: Corviknight|Body Press|p1a: Slitheryn Moon
|-resisted|p1a: Slitheryn Moon
|-damage|p1a: Slitheryn Moon|59/100
|
|upkeep
|turn|16
|
|t:|1743926637
|move|p1a: Slitheryn Moon|Bulk Up|p1a: Slitheryn Moon
|-boost|p1a: Slitheryn Moon|atk|0
|-boost|p1a: Slitheryn Moon|def|0
|move|p2a: Corviknight|Body Press|p1a: Slitheryn Moon
|-resisted|p1a: Slitheryn Moon
|-damage|p1a: Slitheryn Moon|41/100
|
|upkeep
|turn|17
|
|t:|1743926644
|move|p1a: Slitheryn Moon|Morning Sun|p1a: Slitheryn Moon
|-heal|p1a: Slitheryn Moon|91/100
|move|p2a: Corviknight|Body Press|p1a: Slitheryn Moon
|-resisted|p1a: Slitheryn Moon
|-damage|p1a: Slitheryn Moon|73/100
|
|upkeep
|turn|18
|
|t:|1743926651
|move|p1a: Slitheryn Moon|Bulk Up|p1a: Slitheryn Moon
|-boost|p1a: Slitheryn Moon|atk|0
|-boost|p1a: Slitheryn Moon|def|0
|move|p2a: Corviknight|Body Press|p1a: Slitheryn Moon
|-resisted|p1a: Slitheryn Moon
|-damage|p1a: Slitheryn Moon|54/100
|
|upkeep
|turn|19
|
|t:|1743926657
|move|p1a: Slitheryn Moon|Bulk Up|p1a: Slitheryn Moon
|-boost|p1a: Slitheryn Moon|atk|0
|-boost|p1a: Slitheryn Moon|def|0
|move|p2a: Corviknight|Body Press|p1a: Slitheryn Moon
|-resisted|p1a: Slitheryn Moon
|-damage|p1a: Slitheryn Moon|37/100
|
|upkeep
|turn|20
|
|t:|1743926662
|move|p1a: Slitheryn Moon|Morning Sun|p1a: Slitheryn Moon
|-heal|p1a: Slitheryn Moon|87/100
|move|p2a: Corviknight|Body Press|p1a: Slitheryn Moon
|-resisted|p1a: Slitheryn Moon
|-damage|p1a: Slitheryn Moon|69/100
|
|upkeep
|turn|21
|
|t:|1743926666
|move|p1a: Slitheryn Moon|Bulk Up|p1a: Slitheryn Moon
|-boost|p1a: Slitheryn Moon|atk|0
|-boost|p1a: Slitheryn Moon|def|0
|move|p2a: Corviknight|Body Press|p1a: Slitheryn Moon
|-resisted|p1a: Slitheryn Moon
|-damage|p1a: Slitheryn Moon|51/100
|
|upkeep
|turn|22
|
|t:|1743926673
|move|p1a: Slitheryn Moon|Bulk Up|p1a: Slitheryn Moon
|-boost|p1a: Slitheryn Moon|atk|0
|-boost|p1a: Slitheryn Moon|def|0
|move|p2a: Corviknight|Body Press|p1a: Slitheryn Moon
|-resisted|p1a: Slitheryn Moon
|-damage|p1a: Slitheryn Moon|35/100
|
|upkeep
|turn|23
|
|t:|1743926678
|move|p1a: Slitheryn Moon|Morning Sun|p1a: Slitheryn Moon
|-heal|p1a: Slitheryn Moon|85/100
|move|p2a: Corviknight|Body Press|p1a: Slitheryn Moon
|-resisted|p1a: Slitheryn Moon
|-damage|p1a: Slitheryn Moon|67/100
|
|upkeep
|turn|24
|j| LoodewhX
|inactive|Wrenellen has 120 seconds left.
|
|t:|1743926710
|move|p1a: Slitheryn Moon|Bulk Up|p1a: Slitheryn Moon
|-boost|p1a: Slitheryn Moon|atk|0
|-boost|p1a: Slitheryn Moon|def|0
|move|p2a: Corviknight|Body Press|p1a: Slitheryn Moon
|-resisted|p1a: Slitheryn Moon
|-damage|p1a: Slitheryn Moon|51/100
|
|upkeep
|turn|25
|
|t:|1743926715
|move|p1a: Slitheryn Moon|Morning Sun|p1a: Slitheryn Moon
|-heal|p1a: Slitheryn Moon|100/100
|move|p2a: Corviknight|Body Press|p1a: Slitheryn Moon
|-resisted|p1a: Slitheryn Moon
|-damage|p1a: Slitheryn Moon|82/100
|
|upkeep
|turn|26
|
|t:|1743926720
|move|p1a: Slitheryn Moon|Flame Charge|p2a: Corviknight
|-supereffective|p2a: Corviknight
|-damage|p2a: Corviknight|37/100
|-boost|p1a: Slitheryn Moon|spe|1
|-damage|p1a: Slitheryn Moon|66/100|[from] item: Rocky Helmet|[of] p2a: Corviknight
|move|p2a: Corviknight|Iron Defense|p2a: Corviknight
|-boost|p2a: Corviknight|def|0
|
|upkeep
|turn|27
|l| LoodewhX
|
|t:|1743926729
|move|p1a: Slitheryn Moon|Bulk Up|p1a: Slitheryn Moon
|-boost|p1a: Slitheryn Moon|atk|0
|-boost|p1a: Slitheryn Moon|def|0
|move|p2a: Corviknight|Roost|p2a: Corviknight
|-heal|p2a: Corviknight|87/100
|-singleturn|p2a: Corviknight|move: Roost
|
|upkeep
|turn|28
|
|t:|1743926737
|move|p1a: Slitheryn Moon|Flame Charge|p2a: Corviknight
|-supereffective|p2a: Corviknight
|-damage|p2a: Corviknight|58/100
|-boost|p1a: Slitheryn Moon|spe|1
|-damage|p1a: Slitheryn Moon|50/100|[from] item: Rocky Helmet|[of] p2a: Corviknight
|move|p2a: Corviknight|Iron Defense|p2a: Corviknight
|-boost|p2a: Corviknight|def|0
|
|upkeep
|turn|29
|
|t:|1743926754
|move|p1a: Slitheryn Moon|Bulk Up|p1a: Slitheryn Moon
|-boost|p1a: Slitheryn Moon|atk|0
|-boost|p1a: Slitheryn Moon|def|0
|move|p2a: Corviknight|Iron Defense|p2a: Corviknight
|-boost|p2a: Corviknight|def|0
|
|upkeep
|turn|30
|
|t:|1743926761
|move|p1a: Slitheryn Moon|Bulk Up|p1a: Slitheryn Moon
|-boost|p1a: Slitheryn Moon|atk|0
|-boost|p1a: Slitheryn Moon|def|0
|move|p2a: Corviknight|Iron Defense|p2a: Corviknight
|-boost|p2a: Corviknight|def|0
|
|upkeep
|turn|31
|
|t:|1743926770
|move|p1a: Slitheryn Moon|Bulk Up|p1a: Slitheryn Moon
|-boost|p1a: Slitheryn Moon|atk|0
|-boost|p1a: Slitheryn Moon|def|0
|move|p2a: Corviknight|Roost|p2a: Corviknight
|-heal|p2a: Corviknight|100/100
|-singleturn|p2a: Corviknight|move: Roost
|
|upkeep
|turn|32
|
|t:|1743926775
|move|p1a: Slitheryn Moon|Flame Charge|p2a: Corviknight
|-supereffective|p2a: Corviknight
|-damage|p2a: Corviknight|72/100
|-boost|p1a: Slitheryn Moon|spe|1
|-damage|p1a: Slitheryn Moon|33/100|[from] item: Rocky Helmet|[of] p2a: Corviknight
|move|p2a: Corviknight|Iron Defense|p2a: Corviknight
|-boost|p2a: Corviknight|def|0
|
|upkeep
|turn|33
|j| kill thiel
|
|t:|1743926782
|move|p1a: Slitheryn Moon|Morning Sun|p1a: Slitheryn Moon
|-heal|p1a: Slitheryn Moon|83/100
|move|p2a: Corviknight|Iron Defense|p2a: Corviknight
|-boost|p2a: Corviknight|def|0
|
|upkeep
|turn|34
|
|t:|1743926786
|move|p1a: Slitheryn Moon|Bulk Up|p1a: Slitheryn Moon
|-boost|p1a: Slitheryn Moon|atk|0
|-boost|p1a: Slitheryn Moon|def|0
|move|p2a: Corviknight|Iron Defense|p2a: Corviknight
|-boost|p2a: Corviknight|def|0
|
|upkeep
|turn|35
|
|t:|1743926789
|move|p1a: Slitheryn Moon|Bulk Up|p1a: Slitheryn Moon
|-boost|p1a: Slitheryn Moon|atk|0
|-boost|p1a: Slitheryn Moon|def|0
|move|p2a: Corviknight|Iron Defense|p2a: Corviknight
|-boost|p2a: Corviknight|def|0
|
|upkeep
|turn|36
|
|t:|1743926792
|move|p1a: Slitheryn Moon|Bulk Up|p1a: Slitheryn Moon
|-boost|p1a: Slitheryn Moon|atk|0
|-boost|p1a: Slitheryn Moon|def|0
|move|p2a: Corviknight|Iron Defense|p2a: Corviknight
|-boost|p2a: Corviknight|def|0
|
|upkeep
|turn|37
|
|t:|1743926796
|move|p1a: Slitheryn Moon|Bulk Up|p1a: Slitheryn Moon
|-boost|p1a: Slitheryn Moon|atk|0
|-boost|p1a: Slitheryn Moon|def|0
|move|p2a: Corviknight|Iron Defense|p2a: Corviknight
|-boost|p2a: Corviknight|def|0
|
|upkeep
|turn|38
|
|t:|1743926802
|move|p1a: Slitheryn Moon|Bulk Up|p1a: Slitheryn Moon
|-boost|p1a: Slitheryn Moon|atk|0
|-boost|p1a: Slitheryn Moon|def|0
|move|p2a: Corviknight|Iron Defense|p2a: Corviknight
|-boost|p2a: Corviknight|def|0
|
|upkeep
|turn|39
|
|t:|1743926805
|move|p1a: Slitheryn Moon|Bulk Up|p1a: Slitheryn Moon
|-boost|p1a: Slitheryn Moon|atk|0
|-boost|p1a: Slitheryn Moon|def|0
|move|p2a: Corviknight|Iron Defense|p2a: Corviknight
|-boost|p2a: Corviknight|def|0
|
|upkeep
|turn|40
|
|t:|1743926809
|move|p1a: Slitheryn Moon|Bulk Up|p1a: Slitheryn Moon
|-boost|p1a: Slitheryn Moon|atk|0
|-boost|p1a: Slitheryn Moon|def|0
|move|p2a: Corviknight|Iron Defense|p2a: Corviknight
|-boost|p2a: Corviknight|def|0
|
|upkeep
|turn|41
|
|t:|1743926817
|move|p1a: Slitheryn Moon|Bulk Up|p1a: Slitheryn Moon
|-boost|p1a: Slitheryn Moon|atk|0
|-boost|p1a: Slitheryn Moon|def|0
|move|p2a: Corviknight|Iron Defense|p2a: Corviknight
|-boost|p2a: Corviknight|def|0
|
|upkeep
|turn|42
|
|t:|1743926819
|move|p1a: Slitheryn Moon|Bulk Up|p1a: Slitheryn Moon
|-boost|p1a: Slitheryn Moon|atk|0
|-boost|p1a: Slitheryn Moon|def|0
|move|p2a: Corviknight|Iron Defense|p2a: Corviknight
|-boost|p2a: Corviknight|def|0
|
|upkeep
|turn|43
|
|t:|1743926823
|move|p1a: Slitheryn Moon|Bulk Up|p1a: Slitheryn Moon
|-boost|p1a: Slitheryn Moon|atk|0
|-boost|p1a: Slitheryn Moon|def|0
|move|p2a: Corviknight|Iron Defense|p2a: Corviknight
|-boost|p2a: Corviknight|def|0
|
|upkeep
|turn|44
|
|t:|1743926826
|move|p1a: Slitheryn Moon|Bulk Up|p1a: Slitheryn Moon
|-boost|p1a: Slitheryn Moon|atk|0
|-boost|p1a: Slitheryn Moon|def|0
|move|p2a: Corviknight|Iron Defense|p2a: Corviknight
|-boost|p2a: Corviknight|def|0
|
|upkeep
|turn|45
|
|t:|1743926831
|move|p1a: Slitheryn Moon|Bulk Up|p1a: Slitheryn Moon
|-boost|p1a: Slitheryn Moon|atk|0
|-boost|p1a: Slitheryn Moon|def|0
|move|p2a: Corviknight|Iron Defense|p2a: Corviknight
|-boost|p2a: Corviknight|def|0
|
|upkeep
|turn|46
|
|t:|1743926834
|move|p1a: Slitheryn Moon|Bulk Up|p1a: Slitheryn Moon
|-boost|p1a: Slitheryn Moon|atk|0
|-boost|p1a: Slitheryn Moon|def|0
|move|p2a: Corviknight|Iron Defense|p2a: Corviknight
|-boost|p2a: Corviknight|def|0
|
|upkeep
|turn|47
|
|t:|1743926838
|move|p1a: Slitheryn Moon|Bulk Up|p1a: Slitheryn Moon
|-boost|p1a: Slitheryn Moon|atk|0
|-boost|p1a: Slitheryn Moon|def|0
|move|p2a: Corviknight|Iron Defense|p2a: Corviknight
|-boost|p2a: Corviknight|def|0
|
|upkeep
|turn|48
|
|t:|1743926842
|move|p1a: Slitheryn Moon|Flame Charge|p2a: Corviknight
|-supereffective|p2a: Corviknight
|-damage|p2a: Corviknight|44/100
|-boost|p1a: Slitheryn Moon|spe|1
|-damage|p1a: Slitheryn Moon|67/100|[from] item: Rocky Helmet|[of] p2a: Corviknight
|move|p2a: Corviknight|Iron Defense|p2a: Corviknight
|-boost|p2a: Corviknight|def|0
|
|upkeep
|turn|49
|
|t:|1743926850
|move|p1a: Slitheryn Moon|Flame Charge|p2a: Corviknight
|-supereffective|p2a: Corviknight
|-crit|p2a: Corviknight
|-damage|p2a: Corviknight|0 fnt
|-damage|p1a: Slitheryn Moon|50/100|[from] item: Rocky Helmet|[of] p2a: Corviknight
|faint|p2a: Corviknight
|
|upkeep
|c| kill thiel|noo
|c| kill thiel|b
|l| kill thiel
|inactive|Elcon123_ has 120 seconds left.
|
|t:|1743926883
|switch|p2a: Hoopa|Hoopa-Unbound|100/100
|turn|50
|inactive|Elcon123_ has 120 seconds left.
|
|t:|1743926894
|-terastallize|p2a: Hoopa|Fairy
|move|p1a: Slitheryn Moon|Acrobatics|p2a: Hoopa
|-damage|p2a: Hoopa|0 fnt
|faint|p2a: Hoopa
|
|upkeep
|inactive|Elcon123_ has 120 seconds left.
|l|☆Elcon123_
|inactive|Elcon123_ disconnected and has a minute to reconnect!
|player|p2|
|j| kill thiel
|inactive|Elcon123_ has 30 seconds to reconnect!
|c| kill thiel|that guy is a noob
|l| kill thiel
|inactive|Elcon123_ has 20 seconds to reconnect!
|inactive|Elcon123_ has 15 seconds to reconnect!
|inactive|Elcon123_ has 10 seconds to reconnect!
|inactive|Elcon123_ has 5 seconds to reconnect!
|-message|Elcon123_ lost due to inactivity.
|
|win|Wrenellen
|raw|Wrenellen's rating: 1591 &rarr; <strong>1614</strong><br />(+23 for winning)
|raw|Elcon123_'s rating: 1652 &rarr; <strong>1629</strong><br />(-23 for losing)
