|j|☆Karivaar
|j|☆vific
|t:|1743928201
|gametype|singles
|player|p1|Karivaar|blackbelt|1207
|player|p2|vific|clown|1277
|teamsize|p1|6
|teamsize|p2|6
|gen|9
|tier|[Gen 9] OU
|rated|
|rule|HP Percentage Mod: HP is shown in percentages
|rule|Endless Battle Clause: Forcing endless battles is banned
|rule|Species Clause: Limit one of each Pokémon
|rule|OHKO Clause: OHKO moves are banned
|rule|Evasion Items Clause: Evasion items are banned
|rule|Evasion Moves Clause: Evasion moves are banned
|rule|Sleep Moves Clause: Sleep-inducing moves are banned
|clearpoke
|poke|p1|Pelipper, M|
|poke|p1|Basculegion-F, F|
|poke|p1|Zapdos|
|poke|p1|Barraskewda, F|
|poke|p1|Great Tusk|
|poke|p1|Rillaboom, M|
|poke|p2|Mienshao, M|
|poke|p2|Slowking-Galar, M|
|poke|p2|Lapras, M|
|poke|p2|Landorus-Therian, M|
|poke|p2|Heatran, M|
|poke|p2|Darkrai|
|teampreview
|inactive|Battle timer is ON: inactive players will automatically lose when time's up. (requested by vific)
|inactive|Karivaar also wants the timer to be on.
|
|t:|1743928217
|start
|switch|p1a: Le LAITIER|Pelipper, M|100/100
|switch|p2a: Lapras|Lapras, M|100/100
|-weather|RainDance|[from] ability: Drizzle|[of] p1a: Le LAITIER
|turn|1
|
|t:|1743928223
|move|p1a: Le LAITIER|U-turn|p2a: Lapras
|-damage|p2a: Lapras|92/100
|
|t:|1743928233
|switch|p1a: SINJ|Rillaboom, M|100/100|[from] U-turn
|move|p2a: Lapras|Freeze-Dry|p1a: SINJ
|-supereffective|p1a: SINJ
|-damage|p1a: SINJ|10/100
|
|-weather|RainDance|[upkeep]
|upkeep
|turn|2
|
|t:|1743928257
|move|p2a: Lapras|Ice Shard|p1a: SINJ
|-supereffective|p1a: SINJ
|-damage|p1a: SINJ|0 fnt
|faint|p1a: SINJ
|
|-weather|RainDance|[upkeep]
|upkeep
|
|t:|1743928266
|switch|p1a: TRALALELO TRALALA|Zapdos|100/100
|turn|3
|
|t:|1743928283
|switch|p2a: Landorus|Landorus-Therian, M|100/100
|-ability|p2a: Landorus|Intimidate|boost
|-unboost|p1a: TRALALELO TRALALA|atk|1
|move|p1a: TRALALELO TRALALA|Thunder|p2a: Landorus
|-immune|p2a: Landorus
|
|-weather|RainDance|[upkeep]
|upkeep
|turn|4
|
|t:|1743928292
|move|p2a: Landorus|Stealth Rock|p1a: TRALALELO TRALALA
|-sidestart|p1: Karivaar|move: Stealth Rock
|move|p1a: TRALALELO TRALALA|Hurricane|p2a: Landorus
|-damage|p2a: Landorus|45/100
|-start|p2a: Landorus|confusion
|
|-weather|RainDance|[upkeep]
|upkeep
|turn|5
|
|t:|1743928299
|switch|p2a: Slowking|Slowking-Galar, M|100/100
|move|p1a: TRALALELO TRALALA|Hurricane|p2a: Slowking
|-damage|p2a: Slowking|69/100
|
|-weather|RainDance|[upkeep]
|upkeep
|turn|6
|
|t:|1743928307
|move|p1a: TRALALELO TRALALA|Volt Switch|p2a: Slowking
|-damage|p2a: Slowking|47/100
|
|t:|1743928312
|switch|p1a: JOHN CENA|Great Tusk|100/100|[from] Volt Switch
|-prepare|p2a: Slowking|Chilly Reception|[premajor]
|move|p2a: Slowking|Chilly Reception|p2a: Slowking
|-weather|Snowscape
|
|t:|1743928321
|switch|p2a: Heatran|Heatran, M|100/100|[from] Chilly Reception
|-item|p2a: Heatran|Air Balloon
|
|-weather|Snowscape|[upkeep]
|upkeep
|turn|7
|
|t:|1743928329
|-terastallize|p2a: Heatran|Ghost
|move|p1a: JOHN CENA|Close Combat|p2a: Heatran
|-immune|p2a: Heatran
|move|p2a: Heatran|Earth Power|p1a: JOHN CENA
|-damage|p1a: JOHN CENA|44/100
|
|-weather|Snowscape|[upkeep]
|upkeep
|turn|8
|
|t:|1743928333
|move|p1a: JOHN CENA|Rapid Spin|p2a: Heatran
|-immune|p2a: Heatran
|move|p2a: Heatran|Magma Storm|p1a: JOHN CENA
|-damage|p1a: JOHN CENA|0 fnt
|faint|p1a: JOHN CENA
|-end|p1a: JOHN CENA|Protosynthesis|[silent]
|
|-weather|Snowscape|[upkeep]
|upkeep
|
|t:|1743928345
|switch|p1a: Le LAITIER|Pelipper, M|100/100
|-damage|p1a: Le LAITIER|75/100|[from] Stealth Rock
|-weather|RainDance|[from] ability: Drizzle|[of] p1a: Le LAITIER
|turn|9
|
|t:|1743928353
|switch|p2a: Landorus|Landorus-Therian, M|45/100
|-ability|p2a: Landorus|Intimidate|boost
|-unboost|p1a: Le LAITIER|atk|1
|move|p1a: Le LAITIER|Hurricane|p2a: Landorus
|-crit|p2a: Landorus
|-damage|p2a: Landorus|0 fnt
|faint|p2a: Landorus
|
|-weather|RainDance|[upkeep]
|upkeep
|
|t:|1743928355
|switch|p2a: Lapras|Lapras, M|92/100
|turn|10
|
|t:|1743928358
|move|p1a: Le LAITIER|Hurricane|p2a: Lapras
|-damage|p2a: Lapras|62/100
|move|p2a: Lapras|Freeze-Dry|p1a: Le LAITIER
|-supereffective|p1a: Le LAITIER
|-damage|p1a: Le LAITIER|0 fnt
|faint|p1a: Le LAITIER
|
|-weather|RainDance|[upkeep]
|upkeep
|
|t:|1743928366
|switch|p1a: TRALALELO TRALALA|Zapdos|100/100
|turn|11
|
|t:|1743928371
|switch|p2a: Slowking|Slowking-Galar, M|80/100
|move|p1a: TRALALELO TRALALA|Thunder|p2a: Slowking
|-damage|p2a: Slowking|46/100
|
|-weather|RainDance|[upkeep]
|upkeep
|turn|12
|
|t:|1743928384
|move|p1a: TRALALELO TRALALA|Thunder|p2a: Slowking
|-damage|p2a: Slowking|11/100
|-prepare|p2a: Slowking|Chilly Reception|[premajor]
|move|p2a: Slowking|Chilly Reception|p2a: Slowking
|-weather|Snowscape
|
|t:|1743928396
|switch|p2a: Mienshao|Mienshao, M|100/100|[from] Chilly Reception
|
|-weather|Snowscape|[upkeep]
|upkeep
|turn|13
|
|t:|1743928409
|move|p2a: Mienshao|Stone Edge|p1a: TRALALELO TRALALA
|-supereffective|p1a: TRALALELO TRALALA
|-damage|p1a: TRALALELO TRALALA|26/100
|move|p1a: TRALALELO TRALALA|Hurricane|p2a: Mienshao|[miss]
|-miss|p1a: TRALALELO TRALALA|p2a: Mienshao
|
|-weather|Snowscape|[upkeep]
|upkeep
|turn|14
|
|t:|1743928429
|-terastallize|p1a: TRALALELO TRALALA|Steel
|move|p2a: Mienshao|Stone Edge|p1a: TRALALELO TRALALA
|-resisted|p1a: TRALALELO TRALALA
|-damage|p1a: TRALALELO TRALALA|9/100
|move|p1a: TRALALELO TRALALA|Roost|p1a: TRALALELO TRALALA
|-heal|p1a: TRALALELO TRALALA|59/100
|
|-weather|Snowscape|[upkeep]
|upkeep
|turn|15
|
|t:|1743928441
|switch|p2a: Slowking|Slowking-Galar, M|45/100
|switch|p1a: DEJA-VU|Basculegion-F, F|100/100
|-damage|p1a: DEJA-VU|88/100|[from] Stealth Rock
|
|-weather|Snowscape|[upkeep]
|upkeep
|turn|16
|
|t:|1743928449
|move|p1a: DEJA-VU|Shadow Ball|p2a: Slowking
|-supereffective|p2a: Slowking
|-crit|p2a: Slowking
|-damage|p2a: Slowking|0 fnt
|faint|p2a: Slowking
|
|-weather|none
|upkeep
|
|t:|1743928454
|switch|p2a: Darkrai|Darkrai|100/100
|turn|17
|
|t:|1743928459
|switch|p1a: TRALALELO TRALALA|Zapdos, tera:Steel|59/100
|move|p2a: Darkrai|Dark Pulse|p1a: TRALALELO TRALALA
|-damage|p1a: TRALALELO TRALALA|7/100
|
|upkeep
|turn|18
|
|t:|1743928468
|move|p2a: Darkrai|Dark Pulse|p1a: TRALALELO TRALALA
|-crit|p1a: TRALALELO TRALALA
|-damage|p1a: TRALALELO TRALALA|0 fnt
|faint|p1a: TRALALELO TRALALA
|
|upkeep
|
|t:|1743928471
|switch|p1a: Im fast as f Boiii|Barraskewda, F|100/100
|-damage|p1a: Im fast as f Boiii|88/100|[from] Stealth Rock
|turn|19
|
|t:|1743928485
|switch|p2a: Lapras|Lapras, M|62/100
|move|p1a: Im fast as f Boiii|Close Combat|p2a: Lapras
|-supereffective|p2a: Lapras
|-damage|p2a: Lapras|0 fnt
|-unboost|p1a: Im fast as f Boiii|def|1
|-unboost|p1a: Im fast as f Boiii|spd|1
|faint|p2a: Lapras
|
|upkeep
|
|t:|1743928507
|switch|p2a: Mienshao|Mienshao, M|100/100
|turn|20
|
|t:|1743928511
|switch|p1a: DEJA-VU|Basculegion-F, F|88/100
|-damage|p1a: DEJA-VU|76/100|[from] Stealth Rock
|move|p2a: Mienshao|Close Combat|p1a: DEJA-VU
|-immune|p1a: DEJA-VU
|
|upkeep
|turn|21
|
|t:|1743928530
|move|p2a: Mienshao|Close Combat|p1a: DEJA-VU
|-immune|p1a: DEJA-VU
|move|p1a: DEJA-VU|Surf|p2a: Mienshao
|-damage|p2a: Mienshao|0 fnt
|faint|p2a: Mienshao
|
|upkeep
|
|t:|1743928532
|switch|p2a: Darkrai|Darkrai|100/100
|turn|22
|
|t:|1743928542
|move|p2a: Darkrai|Dark Pulse|p1a: DEJA-VU
|-supereffective|p1a: DEJA-VU
|-damage|p1a: DEJA-VU|0 fnt
|faint|p1a: DEJA-VU
|
|upkeep
|
|t:|1743928545
|switch|p1a: Im fast as f Boiii|Barraskewda, F|88/100
|-damage|p1a: Im fast as f Boiii|76/100|[from] Stealth Rock
|turn|23
|
|t:|1743928550
|move|p2a: Darkrai|Dark Pulse|p1a: Im fast as f Boiii
|-damage|p1a: Im fast as f Boiii|0 fnt
|faint|p1a: Im fast as f Boiii
|
|win|vific
|raw|Karivaar's rating: 1207 &rarr; <strong>1187</strong><br />(-20 for losing)
|raw|vific's rating: 1277 &rarr; <strong>1297</strong><br />(+20 for winning)
|l|☆Karivaar
|player|p1|
|l|☆vific
|player|p2|
