|j|☆LadyGuuji_Yae
|j|☆abgtpp
|t:|1743932375
|gametype|singles
|player|p1|LadyGuuji_Yae|265|1050
|player|p2|abgtpp|1|1043
|teamsize|p1|6
|teamsize|p2|6
|gen|9
|tier|[Gen 9] OU
|rated|
|rule|HP Percentage Mod: HP is shown in percentages
|rule|Endless Battle Clause: Forcing endless battles is banned
|rule|Species Clause: Limit one of each Pokémon
|rule|OHKO Clause: OHKO moves are banned
|rule|Evasion Items Clause: Evasion items are banned
|rule|Evasion Moves Clause: Evasion moves are banned
|rule|Sleep Moves Clause: Sleep-inducing moves are banned
|clearpoke
|poke|p1|Cinccino, M|
|poke|p1|Cloyster, M|
|poke|p1|Hatterene, F|
|poke|p1|Milotic, F|
|poke|p1|Glimmora, F|
|poke|p1|Toxapex, M|
|poke|p2|Enamorus, F|
|poke|p2|Ninetales-Alola, M|
|poke|p2|Maushold-Four|
|poke|p2|Gholdengo|
|poke|p2|Weezing-Galar, F|
|poke|p2|Clodsire, F|
|teampreview
|
|t:|1743932383
|start
|switch|p1a: Cinccino|Cinccino, M, shiny|100/100
|switch|p2a: Ninetales|Ninetales-Alola, M|100/100
|-weather|Snowscape|[from] ability: Snow Warning|[of] p2a: Ninetales
|turn|1
|
|t:|1743932400
|move|p1a: Cinccino|Tidy Up|p1a: Cinccino
|-boost|p1a: Cinccino|atk|1
|-boost|p1a: Cinccino|spe|1
|move|p2a: Ninetales|Aurora Veil|p2a: Ninetales
|-sidestart|p2: abgtpp|move: Aurora Veil
|
|-weather|Snowscape|[upkeep]
|upkeep
|turn|2
|
|t:|1743932410
|switch|p2a: Weezing|Weezing-Galar, F|100/100
|move|p1a: Cinccino|Encore||[still]
|-fail|p1a: Cinccino
|
|-weather|Snowscape|[upkeep]
|upkeep
|turn|3
|
|t:|1743932419
|switch|p1a: Hatterene|Hatterene, F, shiny|100/100
|move|p2a: Weezing|Clear Smog|p1a: Hatterene
|-supereffective|p1a: Hatterene
|-damage|p1a: Hatterene|70/100
|-clearboost|p1a: Hatterene
|
|-weather|Snowscape|[upkeep]
|upkeep
|turn|4
|
|t:|1743932431
|move|p2a: Weezing|Gunk Shot|p1a: Hatterene|[miss]
|-miss|p2a: Weezing|p1a: Hatterene
|move|p1a: Hatterene|Trick Room|p1a: Hatterene
|-fieldstart|move: Trick Room|[of] p1a: Hatterene
|
|-weather|Snowscape|[upkeep]
|upkeep
|turn|5
|
|t:|1743932438
|switch|p1a: Toxapex|Toxapex, M, shiny|100/100
|move|p2a: Weezing|Gunk Shot|p1a: Toxapex|[miss]
|-miss|p2a: Weezing|p1a: Toxapex
|
|-weather|none
|-sideend|p2: abgtpp|move: Aurora Veil
|upkeep
|turn|6
|
|t:|1743932448
|switch|p2a: Clodsire|Clodsire, F|100/100
|-item|p2a: Clodsire|Air Balloon
|move|p1a: Toxapex|Infestation|p2a: Clodsire
|-resisted|p2a: Clodsire
|-damage|p2a: Clodsire|99/100
|-activate|p2a: Clodsire|move: Infestation|[of] p1a: Toxapex
|-enditem|p2a: Clodsire|Air Balloon
|
|-damage|p2a: Clodsire|87/100|[from] move: Infestation|[partiallytrapped]
|upkeep
|turn|7
|
|t:|1743932500
|switch|p1a: Hatterene|Hatterene, F, shiny|70/100
|move|p2a: Clodsire|Earthquake|p1a: Hatterene
|-damage|p1a: Hatterene|41/100
|
|-end|p2a: Clodsire|Infestation|[partiallytrapped]|[silent]
|upkeep
|turn|8
|
|t:|1743932511
|move|p2a: Clodsire|Gunk Shot|p1a: Hatterene
|-supereffective|p1a: Hatterene
|-damage|p1a: Hatterene|0 fnt
|faint|p1a: Hatterene
|
|-fieldend|move: Trick Room
|upkeep
|
|t:|1743932516
|switch|p1a: Cinccino|Cinccino, M, shiny|100/100
|turn|9
|
|t:|1743932532
|switch|p2a: Gholdengo|Gholdengo|100/100
|move|p1a: Cinccino|Tidy Up|p1a: Cinccino
|-boost|p1a: Cinccino|atk|1
|-boost|p1a: Cinccino|spe|1
|
|upkeep
|turn|10
|
|t:|1743932543
|move|p1a: Cinccino|Tidy Up|p1a: Cinccino
|-boost|p1a: Cinccino|atk|1
|-boost|p1a: Cinccino|spe|1
|move|p2a: Gholdengo|Make It Rain|p1a: Cinccino
|-damage|p1a: Cinccino|0 fnt
|-unboost|p2a: Gholdengo|spa|1
|-enditem|p2a: Gholdengo|White Herb
|-clearnegativeboost|p2a: Gholdengo|[silent]
|faint|p1a: Cinccino
|
|upkeep
|
|t:|1743932552
|switch|p1a: Glimmora|Glimmora, F, shiny|100/100
|turn|11
|
|t:|1743932567
|move|p1a: Glimmora|Meteor Beam||[still]
|-prepare|p1a: Glimmora|Meteor Beam
|-boost|p1a: Glimmora|spa|1
|-enditem|p1a: Glimmora|Power Herb
|-anim|p1a: Glimmora|Meteor Beam|p2a: Gholdengo
|-resisted|p2a: Gholdengo
|-damage|p2a: Gholdengo|49/100
|move|p2a: Gholdengo|Make It Rain|p1a: Glimmora
|-supereffective|p1a: Glimmora
|-damage|p1a: Glimmora|0 fnt
|-unboost|p2a: Gholdengo|spa|1
|faint|p1a: Glimmora
|
|upkeep
|
|t:|1743932572
|switch|p1a: Cloyster|Cloyster, M, shiny|100/100
|turn|12
|
|t:|1743932597
|switch|p2a: Maushold|Maushold-Four, shiny|100/100
|move|p1a: Cloyster|Shell Smash|p1a: Cloyster
|-unboost|p1a: Cloyster|def|1
|-unboost|p1a: Cloyster|spd|1
|-boost|p1a: Cloyster|atk|2
|-boost|p1a: Cloyster|spa|2
|-boost|p1a: Cloyster|spe|2
|
|upkeep
|turn|13
|
|t:|1743932607
|move|p2a: Maushold|Population Bomb|p1a: Cloyster
|-damage|p1a: Cloyster|84/100
|-damage|p1a: Cloyster|68/100
|-damage|p1a: Cloyster|51/100
|-crit|p1a: Cloyster
|-damage|p1a: Cloyster|27/100
|-damage|p1a: Cloyster|9/100
|-damage|p1a: Cloyster|0 fnt
|faint|p1a: Cloyster
|-hitcount|p1: Cloyster|6
|
|upkeep
|
|t:|1743932613
|switch|p1a: Toxapex|Toxapex, M, shiny|100/100
|turn|14
|
|t:|1743932623
|move|p1a: Toxapex|Baneful Bunker|p1a: Toxapex
|-singleturn|p1a: Toxapex|move: Protect
|move|p2a: Maushold|Population Bomb|p1a: Toxapex
|-activate|p1a: Toxapex|move: Protect
|-status|p2a: Maushold|psn
|
|-damage|p2a: Maushold|88/100 psn|[from] psn
|upkeep
|turn|15
|
|t:|1743932634
|move|p2a: Maushold|Population Bomb|p1a: Toxapex
|-damage|p1a: Toxapex|92/100
|-damage|p1a: Toxapex|85/100
|-damage|p1a: Toxapex|78/100
|-damage|p1a: Toxapex|70/100
|-hitcount|p1a: Toxapex|4
|move|p1a: Toxapex|Infestation|p2a: Maushold
|-damage|p2a: Maushold|84/100 psn
|-activate|p2a: Maushold|move: Infestation|[of] p1a: Toxapex
|
|-heal|p1a: Toxapex|76/100|[from] item: Black Sludge
|-damage|p2a: Maushold|72/100 psn|[from] psn
|-damage|p2a: Maushold|59/100 psn|[from] move: Infestation|[partiallytrapped]
|upkeep
|turn|16
|
|t:|1743932649
|move|p1a: Toxapex|Baneful Bunker|p1a: Toxapex
|-singleturn|p1a: Toxapex|move: Protect
|move|p2a: Maushold|Population Bomb|p1a: Toxapex
|-activate|p1a: Toxapex|move: Protect
|
|-heal|p1a: Toxapex|83/100|[from] item: Black Sludge
|-damage|p2a: Maushold|47/100 psn|[from] psn
|-damage|p2a: Maushold|34/100 psn|[from] move: Infestation|[partiallytrapped]
|upkeep
|turn|17
|
|t:|1743932666
|move|p2a: Maushold|Population Bomb|p1a: Toxapex
|-damage|p1a: Toxapex|75/100
|-damage|p1a: Toxapex|68/100
|-damage|p1a: Toxapex|60/100
|-hitcount|p1a: Toxapex|3
|move|p1a: Toxapex|Toxic||[still]
|-fail|p1a: Toxapex
|
|-heal|p1a: Toxapex|67/100|[from] item: Black Sludge
|-damage|p2a: Maushold|22/100 psn|[from] psn
|-damage|p2a: Maushold|9/100 psn|[from] move: Infestation|[partiallytrapped]
|upkeep
|turn|18
|
|t:|1743932680
|move|p2a: Maushold|Population Bomb|p1a: Toxapex
|-damage|p1a: Toxapex|58/100
|-damage|p1a: Toxapex|51/100
|-damage|p1a: Toxapex|43/100
|-damage|p1a: Toxapex|35/100
|-damage|p1a: Toxapex|28/100
|-damage|p1a: Toxapex|21/100
|-damage|p1a: Toxapex|13/100
|-damage|p1a: Toxapex|6/100
|-damage|p1a: Toxapex|0 fnt
|faint|p1a: Toxapex
|-hitcount|p1: Toxapex|9
|
|-damage|p2a: Maushold|0 fnt|[from] psn
|faint|p2a: Maushold
|upkeep
|
|t:|1743932698
|switch|p2a: 粉红推土机|Enamorus, F, shiny|100/100
|switch|p1a: Milotic|Milotic, F, shiny|100/100
|turn|19
|
|t:|1743932707
|-terastallize|p2a: 粉红推土机|Stellar
|move|p2a: 粉红推土机|Tera Blast|p1a: Milotic|[anim] Tera Blast Stellar
|-damage|p1a: Milotic|67/100
|-boost|p2a: 粉红推土机|atk|1
|-boost|p2a: 粉红推土机|spa|1
|move|p1a: Milotic|Mirror Coat|p2a: 粉红推土机
|-damage|p2a: 粉红推土机|9/100
|
|-heal|p1a: Milotic|73/100|[from] item: Leftovers
|upkeep
|turn|20
|
|t:|1743932721
|move|p2a: 粉红推土机|Moonblast|p1a: Milotic
|-damage|p1a: Milotic|0 fnt
|faint|p1a: Milotic
|
|win|abgtpp
|raw|LadyGuuji_Yae's rating: 1050 &rarr; <strong>1032</strong><br />(-18 for losing)
|raw|abgtpp's rating: 1043 &rarr; <strong>1077</strong><br />(+34 for winning)
