|j|☆edible eevee 333
|j|☆soomby
|t:|1743918541
|gametype|singles
|player|p1|edible eevee 333|266|1184
|player|p2|soomby|cheren-gen5bw2|1138
|teamsize|p1|6
|teamsize|p2|6
|gen|9
|tier|[Gen 9] OU
|rated|
|rule|HP Percentage Mod: HP is shown in percentages
|rule|Endless Battle Clause: Forcing endless battles is banned
|rule|Species Clause: Limit one of each Pokémon
|rule|OHKO Clause: OHKO moves are banned
|rule|Evasion Items Clause: Evasion items are banned
|rule|Evasion Moves Clause: Evasion moves are banned
|rule|Sleep Moves Clause: Sleep-inducing moves are banned
|clearpoke
|poke|p1|Brambleghast, M|
|poke|p1|Zapdos|
|poke|p1|Scream Tail|
|poke|p1|Iron Moth|
|poke|p1|Landorus-Therian, M|
|poke|p1|Gholdengo|
|poke|p2|Weavile, M|
|poke|p2|Kyurem|
|poke|p2|Great Tusk|
|poke|p2|Corviknight, F|
|poke|p2|Clefable, M|
|poke|p2|Iron Moth|
|teampreview
|inactive|Battle timer is ON: inactive players will automatically lose when time's up. (requested by edible eevee 333)
|
|t:|1743918571
|start
|switch|p1a: Scream Tail|Scream Tail|100/100
|switch|p2a: Big Guy|Great Tusk|100/100
|-enditem|p1a: Scream Tail|Booster Energy
|-activate|p1a: Scream Tail|ability: Protosynthesis|[fromitem]
|-start|p1a: Scream Tail|protosynthesisspe
|turn|1
|
|t:|1743918583
|-end|p2a: Big Guy|Protosynthesis|[silent]
|switch|p2a: bird flu|Corviknight, F|100/100
|move|p1a: Scream Tail|Stealth Rock|p2a: bird flu
|-sidestart|p2: soomby|move: Stealth Rock
|
|upkeep
|turn|2
|
|t:|1743918596
|move|p1a: Scream Tail|Thunder Wave|p2a: bird flu
|-status|p2a: bird flu|par
|move|p2a: bird flu|Brave Bird|p1a: Scream Tail
|-damage|p1a: Scream Tail|69/100
|-damage|p2a: bird flu|89/100 par|[from] Recoil
|
|upkeep
|turn|3
|
|t:|1743918605
|move|p1a: Scream Tail|Psychic Noise|p2a: bird flu
|-resisted|p2a: bird flu
|-damage|p2a: bird flu|80/100 par
|-start|p2a: bird flu|move: Heal Block
|move|p2a: bird flu|Iron Defense|p2a: bird flu
|-boost|p2a: bird flu|def|2
|
|upkeep
|turn|4
|
|t:|1743918618
|move|p1a: Scream Tail|Psychic Noise|p2a: bird flu
|-resisted|p2a: bird flu
|-damage|p2a: bird flu|71/100 par
|cant|p2a: bird flu|par
|
|-end|p2a: bird flu|move: Heal Block
|upkeep
|turn|5
|
|t:|1743918629
|move|p1a: Scream Tail|Psychic Noise|p2a: bird flu
|-resisted|p2a: bird flu
|-damage|p2a: bird flu|63/100 par
|-start|p2a: bird flu|move: Heal Block
|cant|p2a: bird flu|par
|
|upkeep
|turn|6
|
|t:|1743918647
|move|p1a: Scream Tail|Psychic Noise|p2a: bird flu
|-resisted|p2a: bird flu
|-damage|p2a: bird flu|54/100 par
|move|p2a: bird flu|Body Press|p1a: Scream Tail
|-resisted|p1a: Scream Tail
|-damage|p1a: Scream Tail|58/100
|
|-end|p2a: bird flu|move: Heal Block
|upkeep
|turn|7
|
|t:|1743918657
|switch|p2a: Penile|Weavile, M|100/100
|move|p1a: Scream Tail|Psychic Noise|p2a: Penile
|-immune|p2a: Penile
|
|upkeep
|turn|8
|
|t:|1743918664
|switch|p2a: dumb moth|Iron Moth|100/100
|-damage|p2a: dumb moth|76/100|[from] Stealth Rock
|-enditem|p2a: dumb moth|Booster Energy
|-activate|p2a: dumb moth|ability: Quark Drive|[fromitem]
|-start|p2a: dumb moth|quarkdrivespe
|move|p1a: Scream Tail|Misty Explosion|p2a: dumb moth
|-resisted|p2a: dumb moth
|-damage|p2a: dumb moth|69/100
|faint|p1a: Scream Tail
|-end|p1a: Scream Tail|Protosynthesis|[silent]
|
|upkeep
|
|t:|1743918679
|switch|p1a: Iron Moth|Iron Moth|100/100
|turn|9
|
|t:|1743918687
|-terastallize|p2a: dumb moth|Ground
|-terastallize|p1a: Iron Moth|Ground
|move|p2a: dumb moth|Tera Blast|p1a: Iron Moth|[anim] Tera Blast Ground
|-damage|p1a: Iron Moth|56/100
|move|p1a: Iron Moth|Tera Blast|p2a: dumb moth|[anim] Tera Blast Ground
|-damage|p2a: dumb moth|22/100
|
|upkeep
|turn|10
|c|☆soomby|lol
|c|☆edible eevee 333|lol
|
|t:|1743918713
|-end|p2a: dumb moth|Quark Drive|[silent]
|switch|p2a: bird flu|Corviknight, F|54/100 par
|-damage|p2a: bird flu|42/100 par|[from] Stealth Rock
|move|p1a: Iron Moth|Flamethrower|p2a: bird flu
|-supereffective|p2a: bird flu
|-damage|p2a: bird flu|0 fnt
|faint|p2a: bird flu
|
|upkeep
|
|t:|1743918720
|switch|p2a: Big Guy|Great Tusk|100/100
|-damage|p2a: Big Guy|98/100|[from] Stealth Rock
|turn|11
|
|t:|1743918726
|move|p1a: Iron Moth|Energy Ball|p2a: Big Guy
|-supereffective|p2a: Big Guy
|-damage|p2a: Big Guy|4/100
|move|p2a: Big Guy|Rapid Spin|p1a: Iron Moth
|-damage|p1a: Iron Moth|32/100
|-boost|p2a: Big Guy|spe|1
|-sideend|p2: soomby|Stealth Rock|[from] move: Rapid Spin|[of] p2a: Big Guy
|
|-heal|p2a: Big Guy|10/100|[from] item: Leftovers
|upkeep
|turn|12
|
|t:|1743918737
|-end|p1a: Iron Moth|Quark Drive|[silent]
|switch|p1a: Landorus|Landorus-Therian, M|100/100
|-ability|p1a: Landorus|Intimidate|boost
|-unboost|p2a: Big Guy|atk|1
|move|p2a: Big Guy|Ice Spinner|p1a: Landorus
|-supereffective|p1a: Landorus
|-damage|p1a: Landorus|54/100
|-damage|p2a: Big Guy|0 fnt|[from] item: Rocky Helmet|[of] p1a: Landorus
|faint|p2a: Big Guy
|-end|p2a: Big Guy|Protosynthesis|[silent]
|
|upkeep
|
|t:|1743918744
|switch|p2a: Penile|Weavile, M|100/100
|turn|13
|
|t:|1743918755
|switch|p1a: Zapdos|Zapdos|100/100
|move|p2a: Penile|Swords Dance|p2a: Penile
|-boost|p2a: Penile|atk|2
|
|upkeep
|turn|14
|
|t:|1743918769
|move|p2a: Penile|Triple Axel|p1a: Zapdos
|-supereffective|p1a: Zapdos
|-damage|p1a: Zapdos|64/100
|-damage|p2a: Penile|84/100|[from] item: Rocky Helmet|[of] p1a: Zapdos
|-supereffective|p1a: Zapdos
|-damage|p1a: Zapdos|0 fnt
|-damage|p2a: Penile|68/100|[from] item: Rocky Helmet|[of] p1a: Zapdos
|-status|p2a: Penile|par|[from] ability: Static|[of] p1a: Zapdos
|faint|p1a: Zapdos
|-hitcount|p1: Zapdos|2
|
|upkeep
|inactive|edible eevee 333 has 120 seconds left.
|
|t:|1743918795
|switch|p1a: Iron Moth|Iron Moth, tera:Ground|32/100
|turn|15
|
|t:|1743918804
|move|p2a: Penile|Ice Shard|p1a: Iron Moth
|-supereffective|p1a: Iron Moth
|-damage|p1a: Iron Moth|0 fnt
|faint|p1a: Iron Moth
|-end|p1a: Iron Moth|Quark Drive|[silent]
|
|upkeep
|
|t:|1743918809
|switch|p1a: Landorus|Landorus-Therian, M|54/100
|-ability|p1a: Landorus|Intimidate|boost
|-unboost|p2a: Penile|atk|1
|turn|16
|
|t:|1743918817
|switch|p1a: Gholdengo|Gholdengo|100/100
|move|p2a: Penile|Ice Shard|p1a: Gholdengo
|-resisted|p1a: Gholdengo
|-damage|p1a: Gholdengo|91/100
|
|-heal|p1a: Gholdengo|97/100|[from] item: Leftovers
|upkeep
|turn|17
|
|t:|1743918839
|switch|p1a: Landorus|Landorus-Therian, M|54/100
|-ability|p1a: Landorus|Intimidate|boost
|-unboost|p2a: Penile|atk|1
|move|p2a: Penile|Knock Off|p1a: Landorus
|-damage|p1a: Landorus|18/100
|-damage|p2a: Penile|51/100 par|[from] item: Rocky Helmet|[of] p1a: Landorus
|-enditem|p1a: Landorus|Rocky Helmet|[from] move: Knock Off|[of] p2a: Penile
|
|upkeep
|turn|18
|
|t:|1743918851
|move|p1a: Landorus|U-turn|p2a: Penile
|-supereffective|p2a: Penile
|-damage|p2a: Penile|0 fnt
|faint|p2a: Penile
|c|☆edible eevee 333|yesss
|
|t:|1743918859
|switch|p1a: Gholdengo|Gholdengo|97/100|[from] U-turn
|
|-heal|p1a: Gholdengo|100/100|[from] item: Leftovers
|upkeep
|
|t:|1743918864
|switch|p2a: fatass|Clefable, M|100/100
|turn|19
|c|☆soomby|i clicked on the wrong mon lol
|c|☆edible eevee 333|hmm
|c|☆edible eevee 333|hmmm
|inactive|edible eevee 333 has 120 seconds left.
|c|☆edible eevee 333|hmmmmmmmmmmmmmmmmmmmmmmmmmmmm
|
|t:|1743918894
|move|p1a: Gholdengo|Make It Rain|p2a: fatass
|-supereffective|p2a: fatass
|-damage|p2a: fatass|25/100
|-unboost|p1a: Gholdengo|spa|1
|move|p2a: fatass|Knock Off|p1a: Gholdengo
|-supereffective|p1a: Gholdengo
|-damage|p1a: Gholdengo|80/100
|-enditem|p1a: Gholdengo|Leftovers|[from] move: Knock Off|[of] p2a: fatass
|
|-heal|p2a: fatass|31/100|[from] item: Leftovers
|upkeep
|turn|20
|inactive|edible eevee 333 has 120 seconds left.
|
|t:|1743918910
|switch|p2a: ugly|Kyurem|100/100
|-ability|p2a: ugly|Pressure
|move|p1a: Gholdengo|Make It Rain|p2a: ugly
|-supereffective|p2a: ugly
|-damage|p2a: ugly|39/100
|-unboost|p1a: Gholdengo|spa|1
|
|upkeep
|turn|21
|
|t:|1743918928
|switch|p1a: Landorus|Landorus-Therian, M|18/100
|-ability|p1a: Landorus|Intimidate|boost
|-unboost|p2a: ugly|atk|1
|move|p2a: ugly|Earth Power|p1a: Landorus
|-immune|p1a: Landorus
|
|upkeep
|turn|22
|
|t:|1743918940
|move|p2a: ugly|Ice Beam|p1a: Landorus
|-supereffective|p1a: Landorus
|-damage|p1a: Landorus|0 fnt
|faint|p1a: Landorus
|
|upkeep
|
|t:|1743918949
|switch|p1a: Gholdengo|Gholdengo|80/100
|turn|23
|inactive|edible eevee 333 has 90 seconds left.
|
|t:|1743918984
|switch|p2a: fatass|Clefable, M|31/100
|move|p1a: Gholdengo|Make It Rain|p2a: fatass
|-supereffective|p2a: fatass
|-damage|p2a: fatass|0 fnt
|-unboost|p1a: Gholdengo|spa|1
|faint|p2a: fatass
|
|upkeep
|
|t:|1743918988
|switch|p2a: dumb moth|Iron Moth, tera:Ground|22/100
|turn|24
|
|t:|1743918992
|switch|p1a: why|Brambleghast, M|100/100
|move|p2a: dumb moth|Fiery Dance|p1a: why
|-supereffective|p1a: why
|-damage|p1a: why|0 fnt
|faint|p1a: why
|
|upkeep
|
|t:|1743918994
|switch|p1a: Gholdengo|Gholdengo|80/100
|turn|25
|c|☆edible eevee 333|gg i think
|c|☆soomby|gg
|
|t:|1743919009
|move|p2a: dumb moth|Fiery Dance|p1a: Gholdengo
|-supereffective|p1a: Gholdengo
|-crit|p1a: Gholdengo
|-damage|p1a: Gholdengo|0 fnt
|-boost|p2a: dumb moth|spa|1
|faint|p1a: Gholdengo
|
|win|soomby
|raw|edible eevee 333's rating: 1184 &rarr; <strong>1156</strong><br />(-28 for losing)
|raw|soomby's rating: 1138 &rarr; <strong>1166</strong><br />(+28 for winning)
|l|☆edible eevee 333
|player|p1|
|l|☆soomby
|player|p2|
