|j|☆ARV66
|j|☆djays4
|t:|1743919939
|gametype|singles
|player|p1|ARV66|chuck|1123
|player|p2|djays4|2|1172
|teamsize|p1|6
|teamsize|p2|6
|gen|9
|tier|[Gen 9] OU
|rated|
|rule|HP Percentage Mod: HP is shown in percentages
|rule|Endless Battle Clause: Forcing endless battles is banned
|rule|Species Clause: Limit one of each Pokémon
|rule|OHKO Clause: OHKO moves are banned
|rule|Evasion Items Clause: Evasion items are banned
|rule|Evasion Moves Clause: Evasion moves are banned
|rule|Sleep Moves Clause: Sleep-inducing moves are banned
|clearpoke
|poke|p1|Ogerpon-Cornerstone, F|
|poke|p1|Mimikyu, F|
|poke|p1|Garganacl, M|
|poke|p1|Glimmora, M|
|poke|p1|Maushold|
|poke|p1|Farigiraf, M|
|poke|p2|Glimmora, M|
|poke|p2|Zamazenta-*|
|poke|p2|Latias, F|
|poke|p2|Gholdengo|
|poke|p2|Dragonite, F|
|poke|p2|Iron Valiant|
|teampreview
|
|t:|1743919955
|start
|switch|p1a: Glimmora|Glimmora, M, shiny|100/100
|switch|p2a: Glimmora|Glimmora, M, shiny|100/100
|turn|1
|
|t:|1743919966
|move|p1a: Glimmora|Earth Power|p2a: Glimmora
|-supereffective|p2a: Glimmora
|-damage|p2a: Glimmora|0 fnt
|faint|p2a: Glimmora
|
|upkeep
|
|t:|1743919976
|switch|p2a: Latias|Latias, F, shiny|100/100
|turn|2
|
|t:|1743919997
|switch|p1a: Garganacl|Garganacl, M, shiny|100/100
|move|p2a: Latias|Calm Mind|p2a: Latias
|-boost|p2a: Latias|spa|1
|-boost|p2a: Latias|spd|1
|
|upkeep
|turn|3
|
|t:|1743920006
|move|p2a: Latias|Calm Mind|p2a: Latias
|-boost|p2a: Latias|spa|1
|-boost|p2a: Latias|spd|1
|move|p1a: Garganacl|Salt Cure|p2a: Latias
|-damage|p2a: Latias|87/100
|-start|p2a: Latias|Salt Cure
|
|-damage|p2a: Latias|74/100|[from] Salt Cure
|upkeep
|turn|4
|
|t:|1743920022
|move|p2a: Latias|Stored Power|p1a: Garganacl
|-damage|p1a: Garganacl|49/100
|move|p1a: Garganacl|Salt Cure|p2a: Latias
|-damage|p2a: Latias|61/100
|
|-heal|p1a: Garganacl|55/100|[from] item: Leftovers
|-damage|p2a: Latias|48/100|[from] Salt Cure
|upkeep
|-enditem|p2a: Latias|Sitrus Berry|[eat]
|-heal|p2a: Latias|73/100|[from] item: Sitrus Berry
|turn|5
|
|t:|1743920034
|move|p2a: Latias|Agility|p2a: Latias
|-boost|p2a: Latias|spe|2
|move|p1a: Garganacl|Recover|p1a: Garganacl
|-heal|p1a: Garganacl|100/100
|
|-damage|p2a: Latias|61/100|[from] Salt Cure
|upkeep
|turn|6
|
|t:|1743920045
|move|p2a: Latias|Stored Power|p1a: Garganacl
|-damage|p1a: Garganacl|30/100
|move|p1a: Garganacl|Salt Cure|p2a: Latias
|-damage|p2a: Latias|48/100
|
|-heal|p1a: Garganacl|37/100|[from] item: Leftovers
|-damage|p2a: Latias|35/100|[from] Salt Cure
|upkeep
|turn|7
|
|t:|1743920055
|move|p2a: Latias|Stored Power|p1a: Garganacl
|-damage|p1a: Garganacl|0 fnt
|faint|p1a: Garganacl
|
|-damage|p2a: Latias|23/100|[from] Salt Cure
|upkeep
|
|t:|1743920066
|switch|p1a: Mimikyu|Mimikyu, F, shiny|100/100
|turn|8
|
|t:|1743920072
|move|p2a: Latias|Draining Kiss|p1a: Mimikyu
|-activate|p1a: Mimikyu|ability: Disguise
|-damage|p1a: Mimikyu|100/100
|detailschange|p1a: Mimikyu|Mimikyu-Busted, F, shiny
|-damage|p1a: Mimikyu|88/100|[from] pokemon: Mimikyu-Busted
|move|p1a: Mimikyu|Swords Dance|p1a: Mimikyu
|-boost|p1a: Mimikyu|atk|2
|
|-damage|p2a: Latias|10/100|[from] Salt Cure
|upkeep
|turn|9
|
|t:|1743920084
|move|p1a: Mimikyu|Shadow Sneak|p2a: Latias
|-supereffective|p2a: Latias
|-damage|p2a: Latias|0 fnt
|faint|p2a: Latias
|-damage|p1a: Mimikyu|78/100|[from] item: Life Orb
|
|upkeep
|
|t:|1743920095
|switch|p2a: Iron Valiant|Iron Valiant|100/100
|-enditem|p2a: Iron Valiant|Booster Energy
|-activate|p2a: Iron Valiant|ability: Quark Drive|[fromitem]
|-start|p2a: Iron Valiant|quarkdrivespe
|turn|10
|
|t:|1743920112
|-terastallize|p2a: Iron Valiant|Steel
|move|p1a: Mimikyu|Shadow Sneak|p2a: Iron Valiant
|-damage|p2a: Iron Valiant|43/100
|-damage|p1a: Mimikyu|68/100|[from] item: Life Orb
|move|p2a: Iron Valiant|Spirit Break|p1a: Mimikyu
|-damage|p1a: Mimikyu|1/100
|-unboost|p1a: Mimikyu|spa|1
|
|upkeep
|turn|11
|
|t:|1743920124
|move|p1a: Mimikyu|Shadow Sneak|p2a: Iron Valiant
|-damage|p2a: Iron Valiant|0 fnt
|faint|p2a: Iron Valiant
|-end|p2a: Iron Valiant|Quark Drive|[silent]
|-damage|p1a: Mimikyu|0 fnt|[from] item: Life Orb
|faint|p1a: Mimikyu
|
|upkeep
|
|t:|1743920157
|switch|p2a: Zamazenta|Zamazenta|100/100
|switch|p1a: Farigiraf|Farigiraf, M, shiny|100/100
|-ability|p2a: Zamazenta|Dauntless Shield|boost
|-boost|p2a: Zamazenta|def|1
|turn|12
|
|t:|1743920165
|move|p2a: Zamazenta|Body Press|p1a: Farigiraf
|-damage|p1a: Farigiraf|46/100
|move|p1a: Farigiraf|Agility|p1a: Farigiraf
|-boost|p1a: Farigiraf|spe|2
|
|upkeep
|turn|13
|
|t:|1743920177
|move|p1a: Farigiraf|Stored Power|p2a: Zamazenta
|-supereffective|p2a: Zamazenta
|-damage|p2a: Zamazenta|63/100
|move|p2a: Zamazenta|Body Press|p1a: Farigiraf
|-damage|p1a: Farigiraf|0 fnt
|faint|p1a: Farigiraf
|
|-heal|p2a: Zamazenta|69/100|[from] item: Leftovers
|upkeep
|
|t:|1743920193
|switch|p1a: Glimmora|Glimmora, M, shiny|100/100
|turn|14
|
|t:|1743920200
|move|p2a: Zamazenta|Body Press|p1a: Glimmora
|-damage|p1a: Glimmora|40/100
|-activate|p1a: Glimmora|ability: Toxic Debris
|-sidestart|p2: djays4|move: Toxic Spikes
|move|p1a: Glimmora|Earth Power|p2a: Zamazenta
|-crit|p2a: Zamazenta
|-damage|p2a: Zamazenta|5/100
|
|-heal|p2a: Zamazenta|11/100|[from] item: Leftovers
|upkeep
|turn|15
|
|t:|1743920211
|move|p2a: Zamazenta|Body Press|p1a: Glimmora
|-damage|p1a: Glimmora|0 fnt
|-activate|p1a: Glimmora|ability: Toxic Debris
|-sidestart|p2: djays4|move: Toxic Spikes
|faint|p1a: Glimmora
|
|-heal|p2a: Zamazenta|17/100|[from] item: Leftovers
|upkeep
|
|t:|1743920220
|switch|p1a: Ogerpon|Ogerpon-Cornerstone, F|100/100
|turn|16
|
|t:|1743920226
|move|p2a: Zamazenta|Body Press|p1a: Ogerpon
|-supereffective|p1a: Ogerpon
|-ability|p1a: Ogerpon|Sturdy
|-damage|p1a: Ogerpon|1/100
|move|p1a: Ogerpon|Ivy Cudgel|p2a: Zamazenta|[anim] Ivy Cudgel Rock
|-resisted|p2a: Zamazenta
|-damage|p2a: Zamazenta|1/100
|
|-heal|p2a: Zamazenta|7/100|[from] item: Leftovers
|upkeep
|turn|17
|
|t:|1743920238
|move|p2a: Zamazenta|Body Press|p1a: Ogerpon
|-supereffective|p1a: Ogerpon
|-damage|p1a: Ogerpon|0 fnt
|faint|p1a: Ogerpon
|
|-heal|p2a: Zamazenta|13/100|[from] item: Leftovers
|upkeep
|
|t:|1743920246
|switch|p1a: Maushold|Maushold, shiny|100/100
|turn|18
|
|t:|1743920264
|-terastallize|p1a: Maushold|Normal
|move|p2a: Zamazenta|Body Press|p1a: Maushold
|-supereffective|p1a: Maushold
|-damage|p1a: Maushold|0 fnt
|faint|p1a: Maushold
|
|win|djays4
|raw|ARV66's rating: 1123 &rarr; <strong>1102</strong><br />(-21 for losing)
|raw|djays4's rating: 1172 &rarr; <strong>1193</strong><br />(+21 for winning)
|l|☆djays4
|player|p2|
|l|☆ARV66
|player|p1|
