|j|☆beeboobaa
|j|☆ETRace
|t:|1743928722
|gametype|singles
|player|p1|beeboobaa|169|1069
|player|p2|ETRace|hoopster|1092
|teamsize|p1|6
|teamsize|p2|6
|gen|9
|tier|[Gen 9] OU
|rated|
|rule|HP Percentage Mod: HP is shown in percentages
|rule|Endless Battle Clause: Forcing endless battles is banned
|rule|Species Clause: Limit one of each Pokémon
|rule|OHKO Clause: OHKO moves are banned
|rule|Evasion Items Clause: Evasion items are banned
|rule|Evasion Moves Clause: Evasion moves are banned
|rule|Sleep Moves Clause: Sleep-inducing moves are banned
|clearpoke
|poke|p1|Dragonite, M|
|poke|p1|Gyarados, F|
|poke|p1|Blastoise, M|
|poke|p1|Gengar, M|
|poke|p1|Weezing, M|
|poke|p1|Clefable, F|
|poke|p2|Dragapult, M|
|poke|p2|Kingdra, M|
|poke|p2|Blaziken, M|
|poke|p2|Enamorus, F|
|poke|p2|Garganacl, F|
|poke|p2|Zamazenta-*|
|teampreview
|
|t:|1743928726
|start
|switch|p1a: Dragonite|Dragonite, M|100/100
|switch|p2a: Kingdra|Kingdra, M, shiny|100/100
|turn|1
|
|t:|1743928735
|-terastallize|p2a: Kingdra|Water
|-terastallize|p1a: Dragonite|Normal
|move|p2a: Kingdra|Focus Energy|p2a: Kingdra
|-start|p2a: Kingdra|move: Focus Energy
|move|p1a: Dragonite|Dragon Dance|p1a: Dragonite
|-boost|p1a: Dragonite|atk|1
|-boost|p1a: Dragonite|spe|1
|
|upkeep
|turn|2
|
|t:|1743928752
|move|p1a: Dragonite|Extreme Speed|p2a: Kingdra
|-damage|p2a: Kingdra|22/100
|move|p2a: Kingdra|Surf|p1a: Dragonite
|-crit|p1a: Dragonite
|-damage|p1a: Dragonite|44/100
|
|upkeep
|turn|3
|
|t:|1743928760
|move|p1a: Dragonite|Extreme Speed|p2a: Kingdra
|-damage|p2a: Kingdra|0 fnt
|faint|p2a: Kingdra
|
|upkeep
|
|t:|1743928767
|switch|p2a: Blaziken|Blaziken, M, shiny|100/100
|turn|4
|
|t:|1743928776
|move|p1a: Dragonite|Earthquake|p2a: Blaziken
|-supereffective|p2a: Blaziken
|-damage|p2a: Blaziken|0 fnt
|faint|p2a: Blaziken
|
|upkeep
|
|t:|1743928781
|switch|p2a: Zamazenta|Zamazenta|100/100
|-ability|p2a: Zamazenta|Dauntless Shield|boost
|-boost|p2a: Zamazenta|def|1
|turn|5
|
|t:|1743928790
|move|p1a: Dragonite|Extreme Speed|p2a: Zamazenta
|-damage|p2a: Zamazenta|49/100
|move|p2a: Zamazenta|Body Press|p1a: Dragonite
|-supereffective|p1a: Dragonite
|-damage|p1a: Dragonite|0 fnt
|-damage|p2a: Zamazenta|33/100|[from] item: Rocky Helmet|[of] p1a: Dragonite
|faint|p1a: Dragonite
|
|upkeep
|
|t:|1743928806
|switch|p1a: Gyarados|Gyarados, F|100/100
|-ability|p1a: Gyarados|Intimidate|boost
|-unboost|p2a: Zamazenta|atk|1
|turn|6
|
|t:|1743928811
|move|p2a: Zamazenta|Body Press|p1a: Gyarados
|-resisted|p1a: Gyarados
|-damage|p1a: Gyarados|69/100
|-damage|p2a: Zamazenta|16/100|[from] item: Rocky Helmet|[of] p1a: Gyarados
|move|p1a: Gyarados|Dragon Dance|p1a: Gyarados
|-boost|p1a: Gyarados|atk|1
|-boost|p1a: Gyarados|spe|1
|
|upkeep
|turn|7
|
|t:|1743928820
|move|p2a: Zamazenta|Body Press|p1a: Gyarados
|-resisted|p1a: Gyarados
|-damage|p1a: Gyarados|39/100
|-damage|p2a: Zamazenta|0 fnt|[from] item: Rocky Helmet|[of] p1a: Gyarados
|faint|p2a: Zamazenta
|move|p1a: Gyarados|Dragon Dance|p1a: Gyarados
|-boost|p1a: Gyarados|atk|1
|-boost|p1a: Gyarados|spe|1
|
|upkeep
|
|t:|1743928832
|switch|p2a: Enamorus|Enamorus, F|100/100
|turn|8
|
|t:|1743928846
|move|p1a: Gyarados|Aqua Tail|p2a: Enamorus
|-damage|p2a: Enamorus|0 fnt
|faint|p2a: Enamorus
|
|upkeep
|
|t:|1743928851
|switch|p2a: Dragapult|Dragapult, M, shiny|100/100
|turn|9
|inactive|Battle timer is ON: inactive players will automatically lose when time's up. (requested by ETRace)
|
|t:|1743928872
|move|p1a: Gyarados|Aqua Tail|p2a: Dragapult
|-resisted|p2a: Dragapult
|-damage|p2a: Dragapult|19/100
|move|p2a: Dragapult|Shadow Ball|p1a: Gyarados
|-damage|p1a: Gyarados|8/100
|
|upkeep
|turn|10
|
|t:|1743928880
|move|p1a: Gyarados|Aqua Tail|p2a: Dragapult|[miss]
|-miss|p1a: Gyarados|p2a: Dragapult
|move|p2a: Dragapult|Dragon Darts|p1a: Gyarados
|-damage|p1a: Gyarados|0 fnt
|faint|p1a: Gyarados
|
|upkeep
|
|t:|1743928898
|switch|p1a: Weezing|Weezing, M|100/100
|turn|11
|inactive|beeboobaa has 120 seconds left.
|
|t:|1743928933
|move|p2a: Dragapult|Shadow Ball|p1a: Weezing
|-damage|p1a: Weezing|73/100
|move|p1a: Weezing|Thunderbolt|p2a: Dragapult
|-resisted|p2a: Dragapult
|-crit|p2a: Dragapult
|-damage|p2a: Dragapult|0 fnt
|faint|p2a: Dragapult
|
|upkeep
|
|t:|1743928941
|switch|p2a: Garganacl|Garganacl, F, shiny|100/100
|turn|12
|inactive|beeboobaa has 120 seconds left.
|
|t:|1743928952
|move|p1a: Weezing|Will-O-Wisp|p2a: Garganacl
|-immune|p2a: Garganacl|[from] ability: Purifying Salt
|move|p2a: Garganacl|Earthquake|p1a: Weezing
|-immune|p1a: Weezing|[from] ability: Levitate
|
|upkeep
|turn|13
|
|t:|1743928960
|move|p1a: Weezing|Acid Spray|p2a: Garganacl
|-resisted|p2a: Garganacl
|-crit|p2a: Garganacl
|-damage|p2a: Garganacl|95/100
|-unboost|p2a: Garganacl|spd|2
|move|p2a: Garganacl|Salt Cure|p1a: Weezing
|-damage|p1a: Weezing|58/100
|-start|p1a: Weezing|Salt Cure
|
|-damage|p1a: Weezing|46/100|[from] Salt Cure
|upkeep
|turn|14
|
|t:|1743928976
|move|p1a: Weezing|Acid Spray|p2a: Garganacl
|-resisted|p2a: Garganacl
|-damage|p2a: Garganacl|88/100
|-unboost|p2a: Garganacl|spd|2
|move|p2a: Garganacl|Salt Cure|p1a: Weezing
|-damage|p1a: Weezing|29/100
|
|-damage|p1a: Weezing|17/100|[from] Salt Cure
|upkeep
|turn|15
|
|t:|1743928986
|move|p1a: Weezing|Thunderbolt|p2a: Garganacl
|-damage|p2a: Garganacl|57/100
|move|p2a: Garganacl|Salt Cure|p1a: Weezing
|-damage|p1a: Weezing|1/100
|
|-damage|p1a: Weezing|0 fnt|[from] Salt Cure
|faint|p1a: Weezing
|upkeep
|inactive|beeboobaa has 120 seconds left.
|
|t:|1743929010
|switch|p1a: Blastoise|Blastoise, M|100/100
|turn|16
|
|t:|1743929016
|move|p1a: Blastoise|Shell Smash|p1a: Blastoise
|-unboost|p1a: Blastoise|def|1
|-unboost|p1a: Blastoise|spd|1
|-boost|p1a: Blastoise|atk|2
|-boost|p1a: Blastoise|spa|2
|-boost|p1a: Blastoise|spe|2
|-enditem|p1a: Blastoise|White Herb
|-clearnegativeboost|p1a: Blastoise|[silent]
|move|p2a: Garganacl|Explosion|p1a: Blastoise
|-damage|p1a: Blastoise|16/100
|faint|p2a: Garganacl
|
|win|beeboobaa
|raw|beeboobaa's rating: 1069 &rarr; <strong>1101</strong><br />(+32 for winning)
|raw|ETRace's rating: 1092 &rarr; <strong>1067</strong><br />(-25 for losing)
|l|☆ETRace
|player|p2|
|c|☆beeboobaa|gg
|l|☆beeboobaa
|player|p1|
