|j|☆Ghostrunner103
|j|☆cacaculococo
|t:|1743929036
|gametype|singles
|player|p1|Ghostrunner103|preschooler|1143
|player|p2|cacaculococo|elesa|1172
|teamsize|p1|6
|teamsize|p2|6
|gen|9
|tier|[Gen 9] OU
|rated|
|rule|HP Percentage Mod: HP is shown in percentages
|rule|Endless Battle Clause: Forcing endless battles is banned
|rule|Species Clause: Limit one of each Pokémon
|rule|OHKO Clause: OHKO moves are banned
|rule|Evasion Items Clause: Evasion items are banned
|rule|Evasion Moves Clause: Evasion moves are banned
|rule|Sleep Moves Clause: Sleep-inducing moves are banned
|clearpoke
|poke|p1|Haxorus, F|
|poke|p1|Darkrai|
|poke|p1|Primarina, M|
|poke|p1|Corviknight, F|
|poke|p1|Ursaluna, M|
|poke|p1|Deoxys-Speed|
|poke|p2|Avalugg-Hisui, F|
|poke|p2|Chansey, F|
|poke|p2|Noctowl, M|
|poke|p2|Toxapex, M|
|poke|p2|Darkrai|
|poke|p2|Blaziken, F|
|teampreview
|
|t:|1743929042
|start
|switch|p1a: Ursaluna|Ursaluna, M|100/100
|switch|p2a: effrey Jepstein|Noctowl, M, shiny|100/100
|turn|1
|
|t:|1743929046
|move|p1a: Ursaluna|Swords Dance|p1a: Ursaluna
|-boost|p1a: Ursaluna|atk|2
|move|p2a: effrey Jepstein|Hurricane|p1a: Ursaluna
|-damage|p1a: Ursaluna|27/100
|
|-status|p1a: Ursaluna|brn|[from] item: Flame Orb
|upkeep
|turn|2
|
|t:|1743929054
|switch|p2a: bill cosby|Avalugg-Hisui, F|100/100
|move|p1a: Ursaluna|Facade|p2a: bill cosby
|-resisted|p2a: bill cosby
|-damage|p2a: bill cosby|48/100
|
|-damage|p1a: Ursaluna|21/100 brn|[from] brn
|upkeep
|turn|3
|
|t:|1743929063
|-terastallize|p2a: bill cosby|Ghost
|move|p1a: Ursaluna|Facade|p2a: bill cosby
|-immune|p2a: bill cosby
|move|p2a: bill cosby|Recover|p2a: bill cosby
|-heal|p2a: bill cosby|98/100
|
|-damage|p1a: Ursaluna|14/100 brn|[from] brn
|upkeep
|turn|4
|inactive|Battle timer is ON: inactive players will automatically lose when time's up. (requested by Ghostrunner103)
|
|t:|1743929079
|move|p1a: Ursaluna|Headlong Rush|p2a: bill cosby
|-damage|p2a: bill cosby|17/100
|-unboost|p1a: Ursaluna|def|1
|-unboost|p1a: Ursaluna|spd|1
|move|p2a: bill cosby|Iron Defense|p2a: bill cosby
|-boost|p2a: bill cosby|def|2
|
|-damage|p1a: Ursaluna|8/100 brn|[from] brn
|upkeep
|turn|5
|
|t:|1743929091
|switch|p2a: muhammad|Blaziken, F|100/100
|-item|p2a: muhammad|Air Balloon
|move|p1a: Ursaluna|Fire Punch|p2a: muhammad
|-resisted|p2a: muhammad
|-damage|p2a: muhammad|37/100
|-enditem|p2a: muhammad|Air Balloon
|
|-damage|p1a: Ursaluna|2/100 brn|[from] brn
|upkeep
|turn|6
|
|t:|1743929101
|move|p2a: muhammad|Protect|p2a: muhammad
|-singleturn|p2a: muhammad|Protect
|move|p1a: Ursaluna|Headlong Rush|p2a: muhammad
|-activate|p2a: muhammad|move: Protect
|
|-damage|p1a: Ursaluna|0 fnt|[from] brn
|faint|p1a: Ursaluna
|-ability|p2a: muhammad|Speed Boost|boost
|-boost|p2a: muhammad|spe|1
|upkeep
|
|t:|1743929104
|switch|p1a: Deoxys|Deoxys-Speed|100/100
|-ability|p1a: Deoxys|Pressure
|turn|7
|
|t:|1743929121
|move|p1a: Deoxys|Superpower|p2a: muhammad
|-damage|p2a: muhammad|0 fnt
|-unboost|p1a: Deoxys|atk|1
|-unboost|p1a: Deoxys|def|1
|faint|p2a: muhammad
|-damage|p1a: Deoxys|91/100|[from] item: Life Orb
|
|upkeep
|
|t:|1743929127
|switch|p2a: bill clinton|Toxapex, M|100/100
|turn|8
|
|t:|1743929133
|move|p2a: bill clinton|Baneful Bunker|p2a: bill clinton
|-singleturn|p2a: bill clinton|move: Protect
|move|p1a: Deoxys|Psycho Boost|p2a: bill clinton
|-activate|p2a: bill clinton|move: Protect
|
|upkeep
|turn|9
|
|t:|1743929142
|switch|p2a: harvey weintein|Chansey, F|100/100
|move|p1a: Deoxys|Stealth Rock|p2a: harvey weintein
|-sidestart|p2: cacaculococo|move: Stealth Rock
|
|upkeep
|turn|10
|
|t:|1743929149
|switch|p1a: Corviknight|Corviknight, F|100/100
|-ability|p1a: Corviknight|Pressure
|switch|p2a: bill clinton|Toxapex, M|100/100
|-damage|p2a: bill clinton|88/100|[from] Stealth Rock
|
|-heal|p2a: bill clinton|94/100|[from] item: Leftovers
|upkeep
|turn|11
|-message|cacaculococo forfeited.
|
|win|Ghostrunner103
|raw|Ghostrunner103's rating: 1143 &rarr; <strong>1170</strong><br />(+27 for winning)
|raw|cacaculococo's rating: 1172 &rarr; <strong>1145</strong><br />(-27 for losing)
|l|☆cacaculococo
|player|p2|
|l|☆Ghostrunner103
|player|p1|
