|j|☆zhiyongyici
|j|☆hollow 497
|t:|1743931537
|gametype|singles
|player|p1|zhiyongyici|pokekid|1324
|player|p2|hollow 497|ingo|1242
|teamsize|p1|6
|teamsize|p2|6
|gen|9
|tier|[Gen 9] OU
|rated|
|rule|HP Percentage Mod: HP is shown in percentages
|rule|Endless Battle Clause: Forcing endless battles is banned
|rule|Species Clause: Limit one of each Pokémon
|rule|OHKO Clause: OHKO moves are banned
|rule|Evasion Items Clause: Evasion items are banned
|rule|Evasion Moves Clause: Evasion moves are banned
|rule|Sleep Moves Clause: Sleep-inducing moves are banned
|clearpoke
|poke|p1|Samurott-Hisui, F|
|poke|p1|Gholdengo|
|poke|p1|Rillaboom, M|
|poke|p1|Walking Wake|
|poke|p1|Zapdos|
|poke|p1|Iron Treads|
|poke|p2|Rillaboom, F|
|poke|p2|Weavile, F|
|poke|p2|Slowking-Galar, F|
|poke|p2|Great Tusk|
|poke|p2|Zamazenta-*|
|poke|p2|Raging Bolt|
|teampreview
|inactive|Battle timer is ON: inactive players will automatically lose when time's up. (requested by hollow 497)
|inactive|zhiyongyici has 120 seconds left.
|inactive|hollow 497 has 120 seconds left.
|
|t:|1743931575
|start
|switch|p1a: Walking Wake|Walking Wake|100/100
|switch|p2a: Rillaboom|Rillaboom, F|100/100
|-fieldstart|move: Grassy Terrain|[from] ability: Grassy Surge|[of] p2a: Rillaboom
|turn|1
|inactive|hollow 497 has 120 seconds left.
|
|t:|1743931625
|switch|p2a: Raging Bolt|Raging Bolt|100/100
|-enditem|p2a: Raging Bolt|Booster Energy
|-activate|p2a: Raging Bolt|ability: Protosynthesis|[fromitem]
|-start|p2a: Raging Bolt|protosynthesisspa
|move|p1a: Walking Wake|Flamethrower|p2a: Raging Bolt
|-resisted|p2a: Raging Bolt
|-damage|p2a: Raging Bolt|81/100
|
|-heal|p2a: Raging Bolt|87/100|[from] Grassy Terrain
|upkeep
|turn|2
|
|t:|1743931645
|-end|p1a: Walking Wake|Protosynthesis|[silent]
|switch|p1a: Iron Treads|Iron Treads|100/100
|-item|p1a: Iron Treads|Air Balloon
|move|p2a: Raging Bolt|Calm Mind|p2a: Raging Bolt
|-boost|p2a: Raging Bolt|spa|1
|-boost|p2a: Raging Bolt|spd|1
|
|-heal|p2a: Raging Bolt|93/100|[from] Grassy Terrain
|upkeep
|turn|3
|
|t:|1743931655
|move|p1a: Iron Treads|Stealth Rock|p2a: Raging Bolt
|-sidestart|p2: hollow 497|move: Stealth Rock
|move|p2a: Raging Bolt|Draco Meteor|p1a: Iron Treads
|-resisted|p1a: Iron Treads
|-damage|p1a: Iron Treads|0 fnt
|-unboost|p2a: Raging Bolt|spa|2
|-enditem|p1a: Iron Treads|Air Balloon
|faint|p1a: Iron Treads
|-end|p1a: Iron Treads|Quark Drive|[silent]
|
|-heal|p2a: Raging Bolt|99/100|[from] Grassy Terrain
|upkeep
|
|t:|1743931668
|switch|p1a: Walking Wake|Walking Wake|100/100
|turn|4
|
|t:|1743931682
|-terastallize|p2a: Raging Bolt|Fairy
|move|p1a: Walking Wake|Flip Turn|p2a: Raging Bolt
|-damage|p2a: Raging Bolt|87/100
|
|t:|1743931687
|-end|p1a: Walking Wake|Protosynthesis|[silent]
|switch|p1a: Gholdengo|Gholdengo|100/100|[from] Flip Turn
|-item|p1a: Gholdengo|Air Balloon
|move|p2a: Raging Bolt|Draco Meteor|p1a: Gholdengo
|-resisted|p1a: Gholdengo
|-damage|p1a: Gholdengo|60/100
|-unboost|p2a: Raging Bolt|spa|2
|-enditem|p1a: Gholdengo|Air Balloon
|
|-heal|p1a: Gholdengo|66/100|[from] Grassy Terrain
|-heal|p2a: Raging Bolt|93/100|[from] Grassy Terrain
|upkeep
|turn|5
|
|t:|1743931712
|-end|p2a: Raging Bolt|Protosynthesis|[silent]
|switch|p2a: Zamazenta|Zamazenta|100/100
|-damage|p2a: Zamazenta|94/100|[from] Stealth Rock
|-ability|p2a: Zamazenta|Dauntless Shield|boost
|-boost|p2a: Zamazenta|def|1
|move|p1a: Gholdengo|Thunder Wave|p2a: Zamazenta
|-status|p2a: Zamazenta|par
|
|-heal|p1a: Gholdengo|72/100|[from] Grassy Terrain
|-heal|p2a: Zamazenta|100/100 par|[from] Grassy Terrain
|upkeep
|turn|6
|
|t:|1743931725
|move|p1a: Gholdengo|Hex|p2a: Zamazenta
|-damage|p2a: Zamazenta|45/100 par
|move|p2a: Zamazenta|Crunch|p1a: Gholdengo
|-supereffective|p1a: Gholdengo
|-damage|p1a: Gholdengo|23/100
|
|-heal|p1a: Gholdengo|29/100|[from] Grassy Terrain
|-heal|p2a: Zamazenta|51/100 par|[from] Grassy Terrain
|-heal|p2a: Zamazenta|57/100 par|[from] item: Leftovers
|upkeep
|turn|7
|
|t:|1743931739
|switch|p1a: Samurott|Samurott-Hisui, F|100/100
|switch|p2a: Whipslash|Weavile, F|100/100
|-ability|p2a: Whipslash|Pressure
|
|upkeep
|turn|8
|inactive|hollow 497 has 90 seconds left.
|
|t:|1743931757
|move|p1a: Samurott|Sacred Sword|p2a: Whipslash
|-supereffective|p2a: Whipslash
|-damage|p2a: Whipslash|0 fnt
|faint|p2a: Whipslash
|
|-fieldend|move: Grassy Terrain
|upkeep
|inactive|hollow 497 has 90 seconds left.
|
|t:|1743931769
|switch|p2a: Great Tusk|Great Tusk|100/100
|turn|9
|inactive|hollow 497 has 90 seconds left.
|
|t:|1743931775
|switch|p1a: Zapdos|Zapdos|100/100
|move|p2a: Great Tusk|Temper Flare|p1a: Zapdos
|-damage|p1a: Zapdos|80/100
|
|upkeep
|turn|10
|inactive|hollow 497 has 90 seconds left.
|
|t:|1743931787
|move|p2a: Great Tusk|Rapid Spin|p1a: Zapdos
|-damage|p1a: Zapdos|66/100
|-boost|p2a: Great Tusk|spe|1
|-sideend|p2: hollow 497|Stealth Rock|[from] move: Rapid Spin|[of] p2a: Great Tusk
|move|p1a: Zapdos|Hurricane|p2a: Great Tusk
|-supereffective|p2a: Great Tusk
|-damage|p2a: Great Tusk|0 fnt
|faint|p2a: Great Tusk
|-end|p2a: Great Tusk|Protosynthesis|[silent]
|
|upkeep
|inactive|hollow 497 has 90 seconds left.
|
|t:|1743931799
|switch|p2a: Raging Bolt|Raging Bolt, tera:Fairy|93/100
|turn|11
|inactive|hollow 497 has 90 seconds left.
|
|t:|1743931824
|move|p1a: Zapdos|Volt Switch|p2a: Raging Bolt
|-damage|p2a: Raging Bolt|62/100
|
|t:|1743931827
|switch|p1a: Rillaboom|Rillaboom, M|100/100|[from] Volt Switch
|-fieldstart|move: Grassy Terrain|[from] ability: Grassy Surge|[of] p1a: Rillaboom
|move|p2a: Raging Bolt|Calm Mind|p2a: Raging Bolt
|-boost|p2a: Raging Bolt|spa|1
|-boost|p2a: Raging Bolt|spd|1
|
|-heal|p2a: Raging Bolt|68/100|[from] Grassy Terrain
|upkeep
|turn|12
|inactive|hollow 497 has 90 seconds left.
|
|t:|1743931841
|move|p1a: Rillaboom|Drum Beating|p2a: Raging Bolt
|-damage|p2a: Raging Bolt|17/100
|-unboost|p2a: Raging Bolt|spe|1
|move|p2a: Raging Bolt|Draco Meteor|p1a: Rillaboom
|-damage|p1a: Rillaboom|17/100
|-unboost|p2a: Raging Bolt|spa|2
|
|-heal|p1a: Rillaboom|23/100|[from] Grassy Terrain
|-heal|p2a: Raging Bolt|24/100|[from] Grassy Terrain
|upkeep
|turn|13
|inactive|hollow 497 has 90 seconds left.
|
|t:|1743931854
|move|p2a: Raging Bolt|Thunderclap|p1a: Rillaboom
|-resisted|p1a: Rillaboom
|-damage|p1a: Rillaboom|13/100
|move|p1a: Rillaboom|Drum Beating|p2a: Raging Bolt
|-damage|p2a: Raging Bolt|0 fnt
|faint|p2a: Raging Bolt
|-end|p2a: Raging Bolt|Protosynthesis|[silent]
|
|-heal|p1a: Rillaboom|20/100|[from] Grassy Terrain
|upkeep
|inactive|hollow 497 has 90 seconds left.
|
|t:|1743931871
|switch|p2a: Rillaboom|Rillaboom, F|100/100
|turn|14
|
|t:|1743931876
|move|p2a: Rillaboom|Knock Off|p1a: Rillaboom
|-damage|p1a: Rillaboom|0 fnt
|-enditem|p1a: Rillaboom|Assault Vest|[from] move: Knock Off|[of] p2a: Rillaboom
|faint|p1a: Rillaboom
|
|upkeep
|
|t:|1743931893
|switch|p1a: Zapdos|Zapdos|66/100
|turn|15
|
|t:|1743931900
|move|p1a: Zapdos|Hurricane|p2a: Rillaboom
|-supereffective|p2a: Rillaboom
|-damage|p2a: Rillaboom|0 fnt
|faint|p2a: Rillaboom
|
|-fieldend|move: Grassy Terrain
|upkeep
|l|☆hollow 497
|inactive|hollow 497 disconnected and has a minute to reconnect!
|player|p2|
|inactive|hollow 497 has 30 seconds to reconnect!
|inactive|hollow 497 has 20 seconds to reconnect!
|inactive|hollow 497 has 15 seconds to reconnect!
|inactive|hollow 497 has 10 seconds to reconnect!
|inactive|hollow 497 has 5 seconds to reconnect!
|-message|hollow 497 lost due to inactivity.
|
|win|zhiyongyici
|raw|zhiyongyici's rating: 1324 &rarr; <strong>1339</strong><br />(+15 for winning)
|raw|hollow 497's rating: 1242 &rarr; <strong>1223</strong><br />(-19 for losing)
