|j|☆weepingbell456
|j|☆vapeaureon
|t:|1743932305
|gametype|singles
|player|p1|weepingbell456|1|1103
|player|p2|vapeaureon|winona|1088
|teamsize|p1|6
|teamsize|p2|6
|gen|9
|tier|[Gen 9] OU
|rated|
|rule|HP Percentage Mod: HP is shown in percentages
|rule|Endless Battle Clause: Forcing endless battles is banned
|rule|Species Clause: Limit one of each Pokémon
|rule|OHKO Clause: OHKO moves are banned
|rule|Evasion Items Clause: Evasion items are banned
|rule|Evasion Moves Clause: Evasion moves are banned
|rule|Sleep Moves Clause: Sleep-inducing moves are banned
|clearpoke
|poke|p1|Jolteon, F|
|poke|p1|Ninetales-Alola, F|
|poke|p1|Slowking-Galar, M|
|poke|p1|Great Tusk|
|poke|p1|Gliscor, F|
|poke|p1|Goodra-Hisui, F|
|poke|p2|Bombirdier, F|
|poke|p2|Dragapult, M|
|poke|p2|Whiscash, F|
|poke|p2|Hitmontop, M|
|poke|p2|Tinkaton, F|
|poke|p2|Electrode-Hisui|
|teampreview
|
|t:|1743932321
|start
|switch|p1a: Ninetales|Ninetales-Alola, F|100/100
|switch|p2a: Dragapult|Dragapult, M|100/100
|-weather|Snowscape|[from] ability: Snow Warning|[of] p1a: Ninetales
|turn|1
|
|t:|1743932335
|switch|p2a: Tinkaton|Tinkaton, F|100/100
|-ability|p2a: Tinkaton|Mold Breaker
|-item|p2a: Tinkaton|Air Balloon
|move|p1a: Ninetales|Aurora Veil|p1a: Ninetales
|-sidestart|p1: weepingbell456|move: Aurora Veil
|
|-weather|Snowscape|[upkeep]
|upkeep
|turn|2
|
|t:|1743932350
|switch|p1a: Gliscor|Gliscor, F|100/100
|move|p2a: Tinkaton|Encore||[still]
|-fail|p2a: Tinkaton
|
|-weather|Snowscape|[upkeep]
|-status|p1a: Gliscor|tox|[from] item: Toxic Orb
|upkeep
|turn|3
|inactive|Battle timer is ON: inactive players will automatically lose when time's up. (requested by vapeaureon)
|
|t:|1743932388
|switch|p2a: Whiscash|Whiscash, F|100/100
|move|p1a: Gliscor|Stealth Rock|p2a: Whiscash
|-sidestart|p2: vapeaureon|move: Stealth Rock
|
|-weather|Snowscape|[upkeep]
|upkeep
|turn|4
|
|t:|1743932395
|move|p1a: Gliscor|Spikes|p2a: Whiscash
|-sidestart|p2: vapeaureon|Spikes
|move|p2a: Whiscash|Whirlpool|p1a: Gliscor
|-supereffective|p1a: Gliscor
|-damage|p1a: Gliscor|91/100 tox
|-activate|p1a: Gliscor|move: Whirlpool|[of] p2a: Whiscash
|
|-weather|Snowscape|[upkeep]
|-heal|p1a: Gliscor|100/100 tox|[from] ability: Poison Heal
|-damage|p1a: Gliscor|88/100 tox|[from] move: Whirlpool|[partiallytrapped]
|upkeep
|turn|5
|
|t:|1743932403
|move|p1a: Gliscor|Spikes|p2a: Whiscash
|-sidestart|p2: vapeaureon|Spikes
|move|p2a: Whiscash|Stealth Rock|p1a: Gliscor
|-sidestart|p1: weepingbell456|move: Stealth Rock
|
|-weather|none
|-heal|p1a: Gliscor|100/100 tox|[from] ability: Poison Heal
|-damage|p1a: Gliscor|88/100 tox|[from] move: Whirlpool|[partiallytrapped]
|upkeep
|turn|6
|
|t:|1743932410
|move|p1a: Gliscor|Spikes|p2a: Whiscash
|-sidestart|p2: vapeaureon|Spikes
|move|p2a: Whiscash|Spikes|p1a: Gliscor
|-sidestart|p1: weepingbell456|Spikes
|
|-heal|p1a: Gliscor|100/100 tox|[from] ability: Poison Heal
|-damage|p1a: Gliscor|88/100 tox|[from] move: Whirlpool|[partiallytrapped]
|upkeep
|turn|7
|
|t:|1743932428
|move|p1a: Gliscor|U-turn|p2a: Whiscash
|-damage|p2a: Whiscash|85/100
|
|t:|1743932432
|switch|p1a: Great Tusk|Great Tusk|100/100|[from] U-turn
|-damage|p1a: Great Tusk|98/100|[from] Stealth Rock
|-damage|p1a: Great Tusk|85/100|[from] Spikes
|move|p2a: Whiscash|Spikes|p1a: Great Tusk
|-sidestart|p1: weepingbell456|Spikes
|
|upkeep
|turn|8
|
|t:|1743932440
|switch|p2a: Dragapult|Dragapult, M|100/100
|-damage|p2a: Dragapult|88/100|[from] Stealth Rock
|-damage|p2a: Dragapult|63/100|[from] Spikes
|move|p1a: Great Tusk|Rapid Spin|p2a: Dragapult
|-immune|p2a: Dragapult
|
|-sideend|p1: weepingbell456|move: Aurora Veil
|upkeep
|turn|9
|
|t:|1743932452
|-terastallize|p2a: Dragapult|Dragon
|move|p2a: Dragapult|Draco Meteor|p1a: Great Tusk
|-damage|p1a: Great Tusk|19/100
|-unboost|p2a: Dragapult|spa|2
|-damage|p2a: Dragapult|53/100|[from] item: Life Orb
|move|p1a: Great Tusk|Knock Off|p2a: Dragapult
|-damage|p2a: Dragapult|16/100
|-enditem|p2a: Dragapult|Life Orb|[from] move: Knock Off|[of] p1a: Great Tusk
|
|upkeep
|turn|10
|inactive|weepingbell456 has 120 seconds left.
|
|t:|1743932502
|move|p2a: Dragapult|Surf|p1a: Great Tusk
|-supereffective|p1a: Great Tusk
|-damage|p1a: Great Tusk|1/100
|move|p1a: Great Tusk|Rapid Spin|p2a: Dragapult
|-damage|p2a: Dragapult|0 fnt
|-boost|p1a: Great Tusk|spe|1
|-sideend|p1: weepingbell456|Spikes|[from] move: Rapid Spin|[of] p1a: Great Tusk
|-sideend|p1: weepingbell456|Stealth Rock|[from] move: Rapid Spin|[of] p1a: Great Tusk
|faint|p2a: Dragapult
|
|upkeep
|
|t:|1743932513
|switch|p2a: Hitmontop|Hitmontop, M|100/100
|-damage|p2a: Hitmontop|94/100|[from] Stealth Rock
|-damage|p2a: Hitmontop|69/100|[from] Spikes
|-ability|p2a: Hitmontop|Intimidate|boost
|-unboost|p1a: Great Tusk|atk|1
|turn|11
|
|t:|1743932524
|-end|p1a: Great Tusk|Protosynthesis|[silent]
|switch|p1a: Ninetales|Ninetales-Alola, F|100/100
|-weather|Snowscape|[from] ability: Snow Warning|[of] p1a: Ninetales
|move|p2a: Hitmontop|Rapid Spin|p1a: Ninetales
|-damage|p1a: Ninetales|89/100
|-boost|p2a: Hitmontop|spe|1
|-sideend|p2: vapeaureon|Spikes|[from] move: Rapid Spin|[of] p2a: Hitmontop
|-sideend|p2: vapeaureon|Stealth Rock|[from] move: Rapid Spin|[of] p2a: Hitmontop
|
|-weather|Snowscape|[upkeep]
|-heal|p2a: Hitmontop|75/100|[from] item: Leftovers
|upkeep
|turn|12
|c|☆vapeaureon|hes so fat thats amazing i love him
|
|t:|1743932536
|move|p2a: Hitmontop|Close Combat|p1a: Ninetales
|-damage|p1a: Ninetales|50/100
|-unboost|p2a: Hitmontop|def|1
|-unboost|p2a: Hitmontop|spd|1
|move|p1a: Ninetales|Aurora Veil|p1a: Ninetales
|-sidestart|p1: weepingbell456|move: Aurora Veil
|
|-weather|Snowscape|[upkeep]
|-heal|p2a: Hitmontop|82/100|[from] item: Leftovers
|upkeep
|turn|13
|
|t:|1743932544
|switch|p2a: Tinkaton|Tinkaton, F|100/100
|-ability|p2a: Tinkaton|Mold Breaker
|-item|p2a: Tinkaton|Air Balloon
|move|p1a: Ninetales|Moonblast|p2a: Tinkaton
|-resisted|p2a: Tinkaton
|-damage|p2a: Tinkaton|82/100
|-enditem|p2a: Tinkaton|Air Balloon
|
|-weather|Snowscape|[upkeep]
|upkeep
|turn|14
|
|t:|1743932556
|switch|p1a: Gliscor|Gliscor, F|88/100 tox
|move|p2a: Tinkaton|Gigaton Hammer|p1a: Gliscor
|-damage|p1a: Gliscor|60/100 tox
|
|-weather|Snowscape|[upkeep]
|-heal|p1a: Gliscor|73/100 tox|[from] ability: Poison Heal
|upkeep
|turn|15
|
|t:|1743932569
|switch|p2a: Electrode|Electrode-Hisui|100/100
|move|p1a: Gliscor|Stealth Rock|p2a: Electrode
|-sidestart|p2: vapeaureon|move: Stealth Rock
|
|-weather|none
|-heal|p1a: Gliscor|85/100 tox|[from] ability: Poison Heal
|upkeep
|turn|16
|inactive|weepingbell456 has 120 seconds left.
|
|t:|1743932591
|move|p2a: Electrode|Leech Seed|p1a: Gliscor
|-start|p1a: Gliscor|move: Leech Seed
|move|p1a: Gliscor|Spikes|p2a: Electrode
|-sidestart|p2: vapeaureon|Spikes
|
|-damage|p1a: Gliscor|73/100 tox|[from] Leech Seed|[of] p2a: Electrode
|-heal|p1a: Gliscor|85/100 tox|[from] ability: Poison Heal
|upkeep
|turn|17
|
|t:|1743932597
|move|p2a: Electrode|Chloroblast|p1a: Gliscor
|-damage|p1a: Gliscor|54/100 tox
|-damage|p2a: Electrode|50/100|[from] Recoil
|move|p1a: Gliscor|Spikes|p2a: Electrode
|-sidestart|p2: vapeaureon|Spikes
|
|-damage|p1a: Gliscor|42/100 tox|[from] Leech Seed|[of] p2a: Electrode
|-heal|p2a: Electrode|64/100|[silent]
|-heal|p1a: Gliscor|54/100 tox|[from] ability: Poison Heal
|upkeep
|turn|18
|
|t:|1743932611
|move|p2a: Electrode|Chloroblast|p1a: Gliscor
|-crit|p1a: Gliscor
|-damage|p1a: Gliscor|0 fnt
|faint|p1a: Gliscor
|-damage|p2a: Electrode|14/100|[from] Recoil
|
|upkeep
|
|t:|1743932618
|switch|p1a: Ninetales|Ninetales-Alola, F|50/100
|-weather|Snowscape|[from] ability: Snow Warning|[of] p1a: Ninetales
|turn|19
|
|t:|1743932624
|move|p2a: Electrode|Chloroblast|p1a: Ninetales
|-damage|p1a: Ninetales|17/100
|-damage|p2a: Electrode|0 fnt|[from] Recoil
|faint|p2a: Electrode
|move|p1a: Ninetales|Freeze-Dry|p2: Electrode|[notarget]
|-fail|p1a: Ninetales
|
|-weather|Snowscape|[upkeep]
|-sideend|p1: weepingbell456|move: Aurora Veil
|upkeep
|
|t:|1743932639
|switch|p2a: Hitmontop|Hitmontop, M|82/100
|-damage|p2a: Hitmontop|75/100|[from] Stealth Rock
|-damage|p2a: Hitmontop|59/100|[from] Spikes
|-ability|p2a: Hitmontop|Intimidate|boost
|-unboost|p1a: Ninetales|atk|1
|turn|20
|
|t:|1743932647
|move|p2a: Hitmontop|Mach Punch|p1a: Ninetales
|-damage|p1a: Ninetales|5/100
|move|p1a: Ninetales|Aurora Veil|p1a: Ninetales
|-sidestart|p1: weepingbell456|move: Aurora Veil
|
|-weather|Snowscape|[upkeep]
|-heal|p2a: Hitmontop|65/100|[from] item: Leftovers
|upkeep
|turn|21
|
|t:|1743932658
|switch|p1a: Slowking|Slowking-Galar, M|100/100
|move|p2a: Hitmontop|Rapid Spin|p1a: Slowking
|-damage|p1a: Slowking|96/100
|-boost|p2a: Hitmontop|spe|1
|-sideend|p2: vapeaureon|Spikes|[from] move: Rapid Spin|[of] p2a: Hitmontop
|-sideend|p2: vapeaureon|Stealth Rock|[from] move: Rapid Spin|[of] p2a: Hitmontop
|
|-weather|Snowscape|[upkeep]
|-heal|p2a: Hitmontop|72/100|[from] item: Leftovers
|upkeep
|turn|22
|inactive|weepingbell456 has 120 seconds left.
|
|t:|1743932695
|switch|p2a: Whiscash|Whiscash, F|85/100
|move|p1a: Slowking|Future Sight|p2a: Whiscash
|-start|p1a: Slowking|move: Future Sight
|
|-weather|Snowscape|[upkeep]
|upkeep
|turn|23
|inactive|weepingbell456 has 120 seconds left.
|
|t:|1743932702
|move|p2a: Whiscash|Stealth Rock|p1a: Slowking
|-sidestart|p1: weepingbell456|move: Stealth Rock
|-prepare|p1a: Slowking|Chilly Reception|[premajor]
|move|p1a: Slowking|Chilly Reception|p1a: Slowking
|inactive|weepingbell456 has 120 seconds left.
|
|t:|1743932712
|switch|p1a: Goodra|Goodra-Hisui, F|100/100|[from] Chilly Reception
|-damage|p1a: Goodra|94/100|[from] Stealth Rock
|
|-weather|none
|-heal|p1a: Goodra|100/100|[from] item: Leftovers
|upkeep
|turn|24
|
|t:|1743932719
|move|p2a: Whiscash|Whirlpool|p1a: Goodra
|-resisted|p1a: Goodra
|-damage|p1a: Goodra|99/100
|-activate|p1a: Goodra|move: Whirlpool|[of] p2a: Whiscash
|move|p1a: Goodra|Acid Armor|p1a: Goodra
|-boost|p1a: Goodra|def|2
|
|-end|p2a: Whiscash|move: Future Sight
|-damage|p2a: Whiscash|37/100
|-heal|p1a: Goodra|100/100|[from] item: Leftovers
|-damage|p1a: Goodra|88/100|[from] move: Whirlpool|[partiallytrapped]
|upkeep
|turn|25
|
|t:|1743932729
|move|p1a: Goodra|Acid Armor|p1a: Goodra
|-boost|p1a: Goodra|def|2
|move|p2a: Whiscash|Spikes|p1a: Goodra
|-sidestart|p1: weepingbell456|Spikes
|
|-heal|p1a: Goodra|94/100|[from] item: Leftovers
|-damage|p1a: Goodra|82/100|[from] move: Whirlpool|[partiallytrapped]
|upkeep
|turn|26
|
|t:|1743932735
|switch|p2a: Tinkaton|Tinkaton, F|82/100
|-ability|p2a: Tinkaton|Mold Breaker
|move|p1a: Goodra|Acid Armor|p1a: Goodra
|-boost|p1a: Goodra|def|2
|
|-heal|p1a: Goodra|88/100|[from] item: Leftovers
|-end|p1a: Goodra|Whirlpool|[partiallytrapped]|[silent]
|upkeep
|turn|27
|
|t:|1743932744
|move|p2a: Tinkaton|Encore|p1a: Goodra
|-start|p1a: Goodra|Encore
|move|p1a: Goodra|Acid Armor|p1a: Goodra
|-boost|p1a: Goodra|def|0
|
|-heal|p1a: Goodra|94/100|[from] item: Leftovers
|-sideend|p1: weepingbell456|move: Aurora Veil
|upkeep
|turn|28
|
|t:|1743932753
|switch|p1a: Jolteon|Jolteon, F|100/100
|-damage|p1a: Jolteon|88/100|[from] Stealth Rock
|-damage|p1a: Jolteon|76/100|[from] Spikes
|move|p2a: Tinkaton|Knock Off|p1a: Jolteon
|-damage|p1a: Jolteon|50/100
|-enditem|p1a: Jolteon|Flame Orb|[from] move: Knock Off|[of] p2a: Tinkaton
|
|upkeep
|turn|29
|
|t:|1743932763
|move|p1a: Jolteon|Calm Mind|p1a: Jolteon
|-boost|p1a: Jolteon|spa|1
|-boost|p1a: Jolteon|spd|1
|move|p2a: Tinkaton|Play Rough|p1a: Jolteon
|-damage|p1a: Jolteon|13/100
|
|upkeep
|turn|30
|
|t:|1743932774
|move|p1a: Jolteon|Thunderbolt|p2a: Tinkaton
|-damage|p2a: Tinkaton|27/100
|move|p2a: Tinkaton|Knock Off|p1a: Jolteon
|-damage|p1a: Jolteon|0 fnt
|faint|p1a: Jolteon
|
|upkeep
|-message|weepingbell456 forfeited.
|
|win|vapeaureon
|raw|weepingbell456's rating: 1103 &rarr; <strong>1077</strong><br />(-26 for losing)
|raw|vapeaureon's rating: 1088 &rarr; <strong>1116</strong><br />(+28 for winning)
|l|☆weepingbell456
|player|p1|
|l|☆vapeaureon
|player|p2|
