|j|☆New Alt 123456789
|j|☆Wrenellen
|t:|1743927309
|gametype|singles
|player|p1|New Alt 123456789|2|1512
|player|p2|Wrenellen|grimsley|1614
|teamsize|p1|6
|teamsize|p2|6
|gen|9
|tier|[Gen 9] OU
|rated|
|rule|HP Percentage Mod: HP is shown in percentages
|rule|Endless Battle Clause: Forcing endless battles is banned
|rule|Species Clause: Limit one of each Pokémon
|rule|OHKO Clause: OHKO moves are banned
|rule|Evasion Items Clause: Evasion items are banned
|rule|Evasion Moves Clause: Evasion moves are banned
|rule|Sleep Moves Clause: Sleep-inducing moves are banned
|clearpoke
|poke|p1|Tyranitar, F|
|poke|p1|Excadrill, M|
|poke|p1|Ogerpon-Cornerstone, F|
|poke|p1|Dragapult, F|
|poke|p1|Moltres|
|poke|p1|Corviknight, M|
|poke|p2|Slither Wing|
|poke|p2|Araquanid, M|
|poke|p2|Iron Moth|
|poke|p2|Ceruledge, M|
|poke|p2|Iron Treads|
|poke|p2|Ogerpon-Cornerstone, F|
|teampreview
|j| kill thiel
|
|t:|1743927341
|start
|switch|p1a: Corviknight|Corviknight, M|100/100
|switch|p2a: Ogerpon|Ogerpon-Cornerstone, F|100/100
|-ability|p1a: Corviknight|Pressure
|turn|1
|
|t:|1743927356
|move|p2a: Ogerpon|Swords Dance|p2a: Ogerpon
|-boost|p2a: Ogerpon|atk|2
|move|p1a: Corviknight|U-turn|p2a: Ogerpon
|-supereffective|p2a: Ogerpon
|-damage|p2a: Ogerpon|65/100
|
|t:|1743927363
|switch|p1a: Dragapult|Dragapult, F|100/100|[from] U-turn
|
|upkeep
|turn|2
|
|t:|1743927375
|switch|p2a: Ceruledge|Ceruledge, M|100/100
|move|p1a: Dragapult|Draco Meteor|p2a: Ceruledge
|-damage|p2a: Ceruledge|5/100
|-unboost|p1a: Dragapult|spa|2
|
|upkeep
|turn|3
|
|t:|1743927392
|switch|p1a: Moltres|Moltres|100/100
|move|p2a: Ceruledge|Poltergeist|p1a: Moltres
|-activate|p1a: Moltres|move: Poltergeist|Heavy-Duty Boots
|-damage|p1a: Moltres|61/100
|
|upkeep
|turn|4
|
|t:|1743927407
|move|p2a: Ceruledge|Bitter Blade|p1a: Moltres
|-resisted|p1a: Moltres
|-damage|p1a: Moltres|46/100
|-heal|p2a: Ceruledge|15/100|[from] drain|[of] p1a: Moltres
|move|p1a: Moltres|U-turn|p2a: Ceruledge
|-resisted|p2a: Ceruledge
|-damage|p2a: Ceruledge|10/100
|-ability|p2a: Ceruledge|Weak Armor|boost
|-unboost|p2a: Ceruledge|def|1
|-boost|p2a: Ceruledge|spe|2
|
|t:|1743927422
|switch|p1a: Tyranitar|Tyranitar, F|100/100|[from] U-turn
|-weather|Sandstorm|[from] ability: Sand Stream|[of] p1a: Tyranitar
|
|-weather|Sandstorm|[upkeep]
|-damage|p2a: Ceruledge|4/100|[from] Sandstorm
|upkeep
|turn|5
|
|t:|1743927430
|move|p2a: Ceruledge|Close Combat|p1a: Tyranitar
|-supereffective|p1a: Tyranitar
|-damage|p1a: Tyranitar|0 fnt
|-unboost|p2a: Ceruledge|def|1
|-unboost|p2a: Ceruledge|spd|1
|faint|p1a: Tyranitar
|
|-weather|Sandstorm|[upkeep]
|-damage|p2a: Ceruledge|0 fnt|[from] Sandstorm
|faint|p2a: Ceruledge
|upkeep
|
|t:|1743927446
|switch|p2a: Araquanid|Araquanid, M|100/100
|switch|p1a: Excadrill|Excadrill, M|100/100
|turn|6
|
|t:|1743927456
|switch|p1a: Corviknight|Corviknight, M|100/100
|-ability|p1a: Corviknight|Pressure
|move|p2a: Araquanid|Surf|p1a: Corviknight
|-damage|p1a: Corviknight|60/100
|
|-weather|Sandstorm|[upkeep]
|-damage|p2a: Araquanid|94/100|[from] Sandstorm
|-heal|p1a: Corviknight|66/100|[from] item: Leftovers
|upkeep
|turn|7
|
|t:|1743927466
|move|p1a: Corviknight|Brave Bird|p2a: Araquanid
|-supereffective|p2a: Araquanid
|-damage|p2a: Araquanid|15/100
|-damage|p1a: Corviknight|43/100|[from] Recoil
|move|p2a: Araquanid|Surf|p1a: Corviknight
|-damage|p1a: Corviknight|3/100
|
|-weather|Sandstorm|[upkeep]
|-damage|p2a: Araquanid|9/100|[from] Sandstorm
|-heal|p1a: Corviknight|9/100|[from] item: Leftovers
|upkeep
|turn|8
|-enditem|p2a: Araquanid|Custap Berry|[eat]
|-activate|p2a: Araquanid|item: Custap Berry|[consumed]
|
|t:|1743927486
|move|p2a: Araquanid|Sticky Web|p1a: Corviknight
|-sidestart|p1: New Alt 123456789|move: Sticky Web
|move|p1a: Corviknight|Roost|p1a: Corviknight
|-heal|p1a: Corviknight|59/100
|-singleturn|p1a: Corviknight|move: Roost
|
|-weather|Sandstorm|[upkeep]
|-damage|p2a: Araquanid|3/100|[from] Sandstorm
|-heal|p1a: Corviknight|65/100|[from] item: Leftovers
|upkeep
|turn|9
|
|t:|1743927497
|move|p1a: Corviknight|Defog|p2a: Araquanid
|-unboost|p2a: Araquanid|evasion|1
|-sideend|p1: New Alt 123456789|Sticky Web|[from] move: Defog|[of] p1a: Corviknight
|move|p2a: Araquanid|Surf|p1a: Corviknight
|-damage|p1a: Corviknight|22/100
|
|-weather|Sandstorm|[upkeep]
|-damage|p2a: Araquanid|0 fnt|[from] Sandstorm
|faint|p2a: Araquanid
|-heal|p1a: Corviknight|28/100|[from] item: Leftovers
|upkeep
|
|t:|1743927501
|switch|p2a: Iron Moth|Iron Moth|100/100
|-enditem|p2a: Iron Moth|Booster Energy
|-activate|p2a: Iron Moth|ability: Quark Drive|[fromitem]
|-start|p2a: Iron Moth|quarkdrivespa
|turn|10
|
|t:|1743927526
|move|p2a: Iron Moth|Agility|p2a: Iron Moth
|-boost|p2a: Iron Moth|spe|2
|move|p1a: Corviknight|U-turn|p2a: Iron Moth
|-resisted|p2a: Iron Moth
|-damage|p2a: Iron Moth|94/100
|
|t:|1743927581
|switch|p1a: Ogerpon|Ogerpon-Cornerstone, F|100/100|[from] U-turn
|
|-weather|Sandstorm|[upkeep]
|-damage|p2a: Iron Moth|88/100|[from] Sandstorm
|upkeep
|turn|11
|
|t:|1743927592
|move|p2a: Iron Moth|Fiery Dance|p1a: Ogerpon
|-damage|p1a: Ogerpon|52/100
|move|p1a: Ogerpon|Ivy Cudgel|p2a: Iron Moth|[anim] Ivy Cudgel Rock
|-supereffective|p2a: Iron Moth
|-damage|p2a: Iron Moth|0 fnt
|faint|p2a: Iron Moth
|-end|p2a: Iron Moth|Quark Drive|[silent]
|
|-weather|none
|upkeep
|
|t:|1743927598
|switch|p2a: Iron Treads|Iron Treads|100/100
|-enditem|p2a: Iron Treads|Booster Energy
|-activate|p2a: Iron Treads|ability: Quark Drive|[fromitem]
|-start|p2a: Iron Treads|quarkdrivespe
|turn|12
|
|t:|1743927618
|switch|p1a: Corviknight|Corviknight, M|28/100
|-ability|p1a: Corviknight|Pressure
|move|p2a: Iron Treads|Stealth Rock|p1a: Corviknight
|-sidestart|p1: New Alt 123456789|move: Stealth Rock
|
|-heal|p1a: Corviknight|34/100|[from] item: Leftovers
|upkeep
|turn|13
|
|t:|1743927629
|move|p2a: Iron Treads|Steel Beam|p1a: Corviknight
|-resisted|p1a: Corviknight
|-damage|p1a: Corviknight|15/100
|-damage|p2a: Iron Treads|50/100|[from] steelbeam
|move|p1a: Corviknight|Roost|p1a: Corviknight
|-heal|p1a: Corviknight|65/100
|-singleturn|p1a: Corviknight|move: Roost
|
|-heal|p1a: Corviknight|71/100|[from] item: Leftovers
|upkeep
|turn|14
|
|t:|1743927639
|move|p2a: Iron Treads|Steel Beam|p1a: Corviknight
|-resisted|p1a: Corviknight
|-damage|p1a: Corviknight|51/100
|-damage|p2a: Iron Treads|0 fnt|[from] steelbeam
|faint|p2a: Iron Treads
|-end|p2a: Iron Treads|Quark Drive|[silent]
|move|p1a: Corviknight|Defog|p2: Iron Treads|[notarget]
|-fail|p1a: Corviknight
|
|-heal|p1a: Corviknight|57/100|[from] item: Leftovers
|upkeep
|
|t:|1743927644
|switch|p2a: Slitheryn Moon|Slither Wing|100/100
|-enditem|p2a: Slitheryn Moon|Booster Energy
|-activate|p2a: Slitheryn Moon|ability: Protosynthesis|[fromitem]
|-start|p2a: Slitheryn Moon|protosynthesisatk
|turn|15
|
|t:|1743927653
|-terastallize|p2a: Slitheryn Moon|Flying
|move|p2a: Slitheryn Moon|Flame Charge|p1a: Corviknight
|-supereffective|p1a: Corviknight
|-damage|p1a: Corviknight|19/100
|-boost|p2a: Slitheryn Moon|spe|1
|move|p1a: Corviknight|Brave Bird|p2a: Slitheryn Moon
|-damage|p2a: Slitheryn Moon|51/100
|-damage|p1a: Corviknight|6/100|[from] Recoil
|
|-heal|p1a: Corviknight|12/100|[from] item: Leftovers
|upkeep
|turn|16
|
|t:|1743927667
|move|p2a: Slitheryn Moon|Bulk Up|p2a: Slitheryn Moon
|-boost|p2a: Slitheryn Moon|atk|1
|-boost|p2a: Slitheryn Moon|def|1
|move|p1a: Corviknight|Roost|p1a: Corviknight
|-heal|p1a: Corviknight|62/100
|-singleturn|p1a: Corviknight|move: Roost
|
|-heal|p1a: Corviknight|68/100|[from] item: Leftovers
|upkeep
|turn|17
|
|t:|1743927683
|move|p2a: Slitheryn Moon|Flame Charge|p1a: Corviknight
|-supereffective|p1a: Corviknight
|-damage|p1a: Corviknight|12/100
|-boost|p2a: Slitheryn Moon|spe|1
|move|p1a: Corviknight|Brave Bird|p2a: Slitheryn Moon
|-damage|p2a: Slitheryn Moon|20/100
|-damage|p1a: Corviknight|4/100|[from] Recoil
|
|-heal|p1a: Corviknight|10/100|[from] item: Leftovers
|upkeep
|turn|18
|
|t:|1743927693
|move|p2a: Slitheryn Moon|Morning Sun|p2a: Slitheryn Moon
|-heal|p2a: Slitheryn Moon|70/100
|move|p1a: Corviknight|Brave Bird|p2a: Slitheryn Moon
|-damage|p2a: Slitheryn Moon|38/100
|-damage|p1a: Corviknight|2/100|[from] Recoil
|
|-heal|p1a: Corviknight|8/100|[from] item: Leftovers
|upkeep
|turn|19
|
|t:|1743927702
|move|p2a: Slitheryn Moon|Morning Sun|p2a: Slitheryn Moon
|-heal|p2a: Slitheryn Moon|88/100
|move|p1a: Corviknight|Brave Bird|p2a: Slitheryn Moon
|-damage|p2a: Slitheryn Moon|52/100
|-damage|p1a: Corviknight|0 fnt|[from] Recoil
|faint|p1a: Corviknight
|
|upkeep
|
|t:|1743927725
|switch|p1a: Dragapult|Dragapult, F|100/100
|-damage|p1a: Dragapult|88/100|[from] Stealth Rock
|turn|20
|
|t:|1743927730
|move|p2a: Slitheryn Moon|Acrobatics|p1a: Dragapult
|-damage|p1a: Dragapult|0 fnt
|faint|p1a: Dragapult
|
|upkeep
|
|t:|1743927740
|switch|p1a: Moltres|Moltres|46/100
|turn|21
|
|t:|1743927743
|move|p2a: Slitheryn Moon|Acrobatics|p1a: Moltres
|-damage|p1a: Moltres|0 fnt
|faint|p1a: Moltres
|
|upkeep
|
|t:|1743927748
|switch|p1a: Excadrill|Excadrill, M|100/100
|-damage|p1a: Excadrill|97/100|[from] Stealth Rock
|turn|22
|
|t:|1743927754
|move|p2a: Slitheryn Moon|Flame Charge|p1a: Excadrill
|-supereffective|p1a: Excadrill
|-crit|p1a: Excadrill
|-damage|p1a: Excadrill|0 fnt
|-boost|p2a: Slitheryn Moon|spe|1
|faint|p1a: Excadrill
|
|upkeep
|-message|New Alt 123456789 forfeited.
|
|win|Wrenellen
|raw|New Alt 123456789's rating: 1512 &rarr; <strong>1498</strong><br />(-14 for losing)
|raw|Wrenellen's rating: 1614 &rarr; <strong>1628</strong><br />(+14 for winning)
|l|☆New Alt 123456789
|player|p1|
|c|☆Wrenellen|gg
|l|☆Wrenellen
|player|p2|
|l| kill thiel
