|j|☆superawsmlandot
|j|☆Cynthia Blueheart
|t:|1743926588
|gametype|singles
|player|p1|superawsmlandot|leaf-masters|1448
|player|p2|Cynthia Blueheart|acetrainerf|1492
|teamsize|p1|6
|teamsize|p2|6
|gen|9
|tier|[Gen 9] OU
|rated|
|rule|HP Percentage Mod: HP is shown in percentages
|rule|Endless Battle Clause: Forcing endless battles is banned
|rule|Species Clause: Limit one of each Pokémon
|rule|OHKO Clause: OHKO moves are banned
|rule|Evasion Items Clause: Evasion items are banned
|rule|Evasion Moves Clause: Evasion moves are banned
|rule|Sleep Moves Clause: Sleep-inducing moves are banned
|clearpoke
|poke|p1|Ting-Lu|
|poke|p1|Sinistcha|
|poke|p1|Keldeo|
|poke|p1|Tinkaton, F|
|poke|p1|Dragonite, F|
|poke|p1|Landorus-Therian, M|
|poke|p2|Dragapult, M|
|poke|p2|Gholdengo|
|poke|p2|Ting-Lu|
|poke|p2|Quaquaval, M|
|poke|p2|Alomomola, F|
|poke|p2|Iron Valiant|
|teampreview
|inactive|Battle timer is ON: inactive players will automatically lose when time's up. (requested by Cynthia Blueheart)
|inactive|superawsmlandot also wants the timer to be on.
|
|t:|1743926602
|start
|switch|p1a: Landorus|Landorus-Therian, M|100/100
|switch|p2a: Dragapult|Dragapult, M|100/100
|-ability|p1a: Landorus|Intimidate|boost
|-fail|p2a: Dragapult|unboost|[from] ability: Clear Body|[of] p2a: Dragapult
|turn|1
|
|t:|1743926610
|switch|p1a: Tinkaton|Tinkaton, F|100/100
|-item|p1a: Tinkaton|Air Balloon
|switch|p2a: Alomomola|Alomomola, F|100/100
|
|upkeep
|turn|2
|
|t:|1743926617
|move|p1a: Tinkaton|Stealth Rock|p2a: Alomomola
|-sidestart|p2: Cynthia Blueheart|move: Stealth Rock
|move|p2a: Alomomola|Scald|p1a: Tinkaton
|-damage|p1a: Tinkaton|90/100
|-enditem|p1a: Tinkaton|Air Balloon
|
|upkeep
|turn|3
|
|t:|1743926623
|move|p1a: Tinkaton|Thunder Wave|p2a: Alomomola
|-status|p2a: Alomomola|par
|move|p2a: Alomomola|Scald|p1a: Tinkaton
|-damage|p1a: Tinkaton|79/100
|
|upkeep
|turn|4
|
|t:|1743926629
|move|p1a: Tinkaton|Knock Off|p2a: Alomomola
|-damage|p2a: Alomomola|89/100 par
|-damage|p1a: Tinkaton|62/100|[from] item: Rocky Helmet|[of] p2a: Alomomola
|-enditem|p2a: Alomomola|Rocky Helmet|[from] move: Knock Off|[of] p1a: Tinkaton
|move|p2a: Alomomola|Scald|p1a: Tinkaton
|-damage|p1a: Tinkaton|50/100
|
|upkeep
|turn|5
|
|t:|1743926640
|switch|p1a: Sinistcha|Sinistcha|100/100
|move|p2a: Alomomola|Flip Turn|p1a: Sinistcha
|-resisted|p1a: Sinistcha
|-damage|p1a: Sinistcha|95/100
|
|t:|1743926645
|switch|p2a: Dragapult|Dragapult, M|100/100|[from] Flip Turn
|-damage|p2a: Dragapult|88/100|[from] Stealth Rock
|
|upkeep
|turn|6
|
|t:|1743926651
|switch|p1a: Tinkaton|Tinkaton, F|50/100
|-terastallize|p2a: Dragapult|Ghost
|move|p2a: Dragapult|Tera Blast|p1a: Tinkaton|[anim] Tera Blast Ghost
|-damage|p1a: Tinkaton|0 fnt
|faint|p1a: Tinkaton
|
|upkeep
|
|t:|1743926670
|switch|p1a: Landorus|Landorus-Therian, M|100/100
|-ability|p1a: Landorus|Intimidate|boost
|-fail|p2a: Dragapult|unboost|[from] ability: Clear Body|[of] p2a: Dragapult
|turn|7
|
|t:|1743926674
|switch|p2a: Alomomola|Alomomola, F|100/100 par
|-damage|p2a: Alomomola|88/100 par|[from] Stealth Rock
|-terastallize|p1a: Landorus|Flying
|move|p1a: Landorus|Tera Blast|p2a: Alomomola|[anim] Tera Blast Flying
|-damage|p2a: Alomomola|50/100 par
|
|upkeep
|turn|8
|
|t:|1743926682
|move|p1a: Landorus|Tera Blast|p2a: Alomomola|[anim] Tera Blast Flying
|-damage|p2a: Alomomola|11/100 par
|move|p2a: Alomomola|Flip Turn|p1a: Landorus
|-damage|p1a: Landorus|80/100
|
|t:|1743926688
|switch|p2a: Gholdengo|Gholdengo|100/100|[from] Flip Turn
|-damage|p2a: Gholdengo|94/100|[from] Stealth Rock
|
|upkeep
|turn|9
|
|t:|1743926692
|switch|p1a: Ting-Lu|Ting-Lu|100/100
|-ability|p1a: Ting-Lu|Vessel of Ruin
|move|p2a: Gholdengo|Trick|p1a: Ting-Lu
|-activate|p2a: Gholdengo|move: Trick|[of] p1a: Ting-Lu
|-item|p1a: Ting-Lu|Choice Scarf|[from] move: Trick
|-item|p2a: Gholdengo|Leftovers|[from] move: Trick
|
|-heal|p2a: Gholdengo|100/100|[from] item: Leftovers
|upkeep
|turn|10
|
|t:|1743926699
|move|p2a: Gholdengo|Make It Rain|p1a: Ting-Lu
|-damage|p1a: Ting-Lu|72/100
|-unboost|p2a: Gholdengo|spa|1
|move|p1a: Ting-Lu|Spikes|p2a: Gholdengo
|-sidestart|p2: Cynthia Blueheart|Spikes
|
|upkeep
|turn|11
|
|t:|1743926707
|switch|p2a: Quaquaval|Quaquaval, M|100/100
|switch|p1a: Keldeo|Keldeo|100/100
|
|upkeep
|turn|12
|
|t:|1743926712
|switch|p1a: Sinistcha|Sinistcha|95/100
|move|p2a: Quaquaval|Rapid Spin|p1a: Sinistcha
|-immune|p1a: Sinistcha
|
|upkeep
|turn|13
|
|t:|1743926719
|switch|p2a: Gholdengo|Gholdengo|100/100
|-damage|p2a: Gholdengo|94/100|[from] Stealth Rock
|-damage|p2a: Gholdengo|82/100|[from] Spikes
|switch|p1a: Landorus|Landorus-Therian, M, tera:Flying|80/100
|-ability|p1a: Landorus|Intimidate|boost
|-unboost|p2a: Gholdengo|atk|1
|
|-heal|p2a: Gholdengo|88/100|[from] item: Leftovers
|upkeep
|turn|14
|
|t:|1743926726
|move|p1a: Landorus|Earthquake|p2a: Gholdengo
|-supereffective|p2a: Gholdengo
|-damage|p2a: Gholdengo|0 fnt
|faint|p2a: Gholdengo
|
|upkeep
|j| kill thiel
|
|t:|1743926731
|switch|p2a: Dragapult|Dragapult, M, tera:Ghost|88/100
|-damage|p2a: Dragapult|76/100|[from] Stealth Rock
|-damage|p2a: Dragapult|64/100|[from] Spikes
|turn|15
|
|t:|1743926736
|move|p1a: Landorus|Earthquake|p2a: Dragapult
|-damage|p2a: Dragapult|0 fnt
|faint|p2a: Dragapult
|
|upkeep
|-message|Cynthia Blueheart forfeited.
|
|win|superawsmlandot
|raw|superawsmlandot's rating: 1448 &rarr; <strong>1471</strong><br />(+23 for winning)
|raw|Cynthia Blueheart's rating: 1492 &rarr; <strong>1469</strong><br />(-23 for losing)
|l|☆Cynthia Blueheart
|player|p2|
|l| kill thiel
|l|☆superawsmlandot
|player|p1|
