|j|☆Vieilbisail
|j|☆Javi1410
|t:|1743924315
|gametype|singles
|player|p1|Vieilbisail|rood|1081
|player|p2|Javi1410|169|1123
|teamsize|p1|6
|teamsize|p2|6
|gen|9
|tier|[Gen 9] OU
|rated|
|rule|HP Percentage Mod: HP is shown in percentages
|rule|Endless Battle Clause: Forcing endless battles is banned
|rule|Species Clause: Limit one of each Pokémon
|rule|OHKO Clause: OHKO moves are banned
|rule|Evasion Items Clause: Evasion items are banned
|rule|Evasion Moves Clause: Evasion moves are banned
|rule|Sleep Moves Clause: Sleep-inducing moves are banned
|clearpoke
|poke|p1|Zoroark-Hisui, F|
|poke|p1|Pecharunt|
|poke|p1|Iron Valiant|
|poke|p1|Dragonite, M|
|poke|p1|Great Tusk|
|poke|p1|Glimmora, F|
|poke|p2|Moltres-Galar|
|poke|p2|Zoroark-Hisui, F|
|poke|p2|Vileplume, F|
|poke|p2|Garganacl, F|
|poke|p2|Iron Treads|
|poke|p2|Okidogi, M|
|teampreview
|inactive|Battle timer is ON: inactive players will automatically lose when time's up. (requested by Vieilbisail)
|inactive|Vieilbisail has 120 seconds left.
|inactive|Javi1410 has 120 seconds left.
|inactive|Javi1410 has 90 seconds left.
|
|t:|1743924393
|start
|switch|p1a: Samwell|Dragonite, M|100/100
|switch|p2a: Okidogi|Okidogi, M|100/100
|turn|1
|
|t:|1743924410
|-terastallize|p1a: Samwell|Normal
|move|p1a: Samwell|Extreme Speed|p2a: Okidogi
|-damage|p2a: Okidogi|63/100
|move|p2a: Okidogi|Poison Jab|p1a: Samwell
|-damage|p1a: Samwell|80/100
|-status|p1a: Samwell|psn
|
|-heal|p2a: Okidogi|69/100|[from] item: Leftovers
|-damage|p1a: Samwell|67/100 psn|[from] psn
|upkeep
|turn|2
|
|t:|1743924423
|move|p1a: Samwell|Extreme Speed|p2a: Okidogi
|-damage|p2a: Okidogi|32/100
|move|p2a: Okidogi|Drain Punch|p1a: Samwell
|-supereffective|p1a: Samwell
|-damage|p1a: Samwell|0 fnt
|-heal|p2a: Okidogi|65/100|[from] drain|[of] p1a: Samwell
|faint|p1a: Samwell
|
|-heal|p2a: Okidogi|72/100|[from] item: Leftovers
|upkeep
|
|t:|1743924433
|switch|p1a: Arkh|Great Tusk, shiny|100/100
|turn|3
|
|t:|1743924443
|switch|p2a: Vileplume|Vileplume, F|100/100
|move|p1a: Arkh|Extrasensory|p2a: Vileplume
|-supereffective|p2a: Vileplume
|-damage|p2a: Vileplume|59/100
|
|upkeep
|turn|4
|
|t:|1743924453
|move|p1a: Arkh|Flamethrower|p2a: Vileplume
|-supereffective|p2a: Vileplume
|-damage|p2a: Vileplume|10/100
|move|p2a: Vileplume|Strength Sap|p1a: Arkh
|-unboost|p1a: Arkh|atk|1
|-heal|p2a: Vileplume|76/100
|
|upkeep
|turn|5
|
|t:|1743924461
|move|p1a: Arkh|Flamethrower|p2a: Vileplume
|-supereffective|p2a: Vileplume
|-damage|p2a: Vileplume|31/100
|move|p2a: Vileplume|Leech Seed|p1a: Arkh
|-start|p1a: Arkh|move: Leech Seed
|
|-damage|p1a: Arkh|88/100|[from] Leech Seed|[of] p2a: Vileplume
|-heal|p2a: Vileplume|40/100|[silent]
|upkeep
|turn|6
|
|t:|1743924469
|move|p1a: Arkh|Flamethrower|p2a: Vileplume
|-supereffective|p2a: Vileplume
|-crit|p2a: Vileplume
|-damage|p2a: Vileplume|0 fnt
|faint|p2a: Vileplume
|
|upkeep
|
|t:|1743924480
|switch|p2a: Moltres|Moltres-Galar|100/100
|turn|7
|
|t:|1743924494
|switch|p1a: Zaxesic|Glimmora, F, shiny|100/100
|move|p2a: Moltres|Agility|p2a: Moltres
|-boost|p2a: Moltres|spe|2
|
|upkeep
|turn|8
|
|t:|1743924504
|move|p2a: Moltres|Nasty Plot|p2a: Moltres
|-boost|p2a: Moltres|spa|2
|move|p1a: Zaxesic|Spikes|p2a: Moltres
|-sidestart|p2: Javi1410|Spikes
|
|upkeep
|turn|9
|
|t:|1743924517
|move|p2a: Moltres|Nasty Plot|p2a: Moltres
|-boost|p2a: Moltres|spa|2
|move|p1a: Zaxesic|Smack Down|p2a: Moltres
|-supereffective|p2a: Moltres
|-damage|p2a: Moltres|76/100
|-start|p2a: Moltres|Smack Down
|
|upkeep
|turn|10
|
|t:|1743924532
|move|p2a: Moltres|Fiery Wrath|p1a: Zaxesic
|-damage|p1a: Zaxesic|0 fnt
|faint|p1a: Zaxesic
|
|upkeep
|
|t:|1743924538
|switch|p1a: Arkh|Great Tusk, shiny|88/100
|turn|11
|
|t:|1743924550
|move|p2a: Moltres|Fiery Wrath|p1a: Arkh
|-supereffective|p1a: Arkh
|-damage|p1a: Arkh|0 fnt
|replace|p1a: Daedre|Zoroark-Hisui, F, shiny
|-end|p1a: Daedre|Illusion
|faint|p1a: Daedre
|
|upkeep
|
|t:|1743924559
|switch|p1a: Arkh|Great Tusk, shiny|100/100
|turn|12
|
|t:|1743924564
|move|p2a: Moltres|Fiery Wrath|p1a: Arkh
|-resisted|p1a: Arkh
|-damage|p1a: Arkh|29/100
|move|p1a: Arkh|Supercell Slam|p2a: Moltres
|-supereffective|p2a: Moltres
|-damage|p2a: Moltres|6/100
|-ability|p2a: Moltres|Berserk|boost
|-boost|p2a: Moltres|spa|1
|-enditem|p2a: Moltres|Sitrus Berry|[eat]
|-heal|p2a: Moltres|31/100|[from] item: Sitrus Berry
|
|upkeep
|turn|13
|
|t:|1743924575
|move|p2a: Moltres|Fiery Wrath|p1a: Arkh
|-resisted|p1a: Arkh
|-damage|p1a: Arkh|0 fnt
|faint|p1a: Arkh
|-end|p1a: Arkh|Protosynthesis|[silent]
|
|upkeep
|
|t:|1743924579
|switch|p1a: Fyulapp|Iron Valiant|100/100
|turn|14
|
|t:|1743924584
|move|p2a: Moltres|Fiery Wrath|p1a: Fyulapp
|-resisted|p1a: Fyulapp
|-damage|p1a: Fyulapp|38/100
|cant|p1a: Fyulapp|flinch
|
|upkeep
|turn|15
|
|t:|1743924590
|move|p2a: Moltres|Fiery Wrath|p1a: Fyulapp
|-resisted|p1a: Fyulapp
|-damage|p1a: Fyulapp|0 fnt
|faint|p1a: Fyulapp
|-end|p1a: Fyulapp|Quark Drive|[silent]
|
|upkeep
|
|t:|1743924594
|switch|p1a: Delivulg|Pecharunt|100/100
|turn|16
|c|☆Vieilbisail|gg
|
|t:|1743924598
|move|p2a: Moltres|Fiery Wrath|p1a: Delivulg
|-supereffective|p1a: Delivulg
|-damage|p1a: Delivulg|0 fnt
|faint|p1a: Delivulg
|
|win|Javi1410
|raw|Vieilbisail's rating: 1081 &rarr; <strong>1062</strong><br />(-19 for losing)
|raw|Javi1410's rating: 1123 &rarr; <strong>1145</strong><br />(+22 for winning)
|l|☆Vieilbisail
|player|p1|
|l|☆Javi1410
|player|p2|
