|badge|p1|bronze|gen9ou|100-5
|uhtml|medal-msg|<div class="broadcast-blue">Curious what those medals under the avatar are? PS now has Ladder Seasons! For more information, check out the <a href="https://www.smogon.com/forums/threads/3740067/">thread on Smogon.</a></div>
|j|☆BlackStar150520
|j|☆2(H2O)-Alt
|t:|1743934352
|gametype|singles
|player|p1|BlackStar150520|unknown|1767
|player|p2|2(H2O)-Alt|chase|1799
|teamsize|p1|6
|teamsize|p2|6
|gen|9
|tier|[Gen 9] OU
|rated|
|rule|HP Percentage Mod: HP is shown in percentages
|rule|Endless Battle Clause: Forcing endless battles is banned
|rule|Species Clause: Limit one of each Pokémon
|rule|OHKO Clause: OHKO moves are banned
|rule|Evasion Items Clause: Evasion items are banned
|rule|Evasion Moves Clause: Evasion moves are banned
|rule|Sleep Moves Clause: Sleep-inducing moves are banned
|clearpoke
|poke|p1|Landorus-Therian, M|
|poke|p1|Dragonite, M|
|poke|p1|Scizor, F|
|poke|p1|Alomomola, F|
|poke|p1|Latios, M|
|poke|p1|Darkrai|
|poke|p2|Cinderace, M|
|poke|p2|Kingambit, M|
|poke|p2|Darkrai|
|poke|p2|Alomomola, M|
|poke|p2|Iron Moth|
|poke|p2|Kyurem|
|teampreview
|inactive|Battle timer is ON: inactive players will automatically lose when time's up. (requested by BlackStar150520)
|c|☆2(H2O)-Alt|Hf big bro
|
|t:|1743934368
|start
|switch|p1a: Momo|Alomomola, F|100/100
|switch|p2a: Cinderace|Cinderace, M|100/100
|turn|1
|
|t:|1743934373
|move|p2a: Cinderace|Will-O-Wisp|p1a: Momo
|-status|p1a: Momo|brn
|move|p1a: Momo|Flip Turn|p2a: Cinderace
|-supereffective|p2a: Cinderace
|-damage|p2a: Cinderace|79/100
|
|t:|1743934379
|switch|p1a: 🦁|Landorus-Therian, M|100/100|[from] Flip Turn
|-ability|p1a: 🦁|Intimidate|boost
|-unboost|p2a: Cinderace|atk|1
|
|upkeep
|turn|2
|
|t:|1743934384
|switch|p2a: Alomomola|Alomomola, M|100/100
|switch|p1a: Momo|Alomomola, F|100/100 brn
|
|-damage|p1a: Momo|94/100 brn|[from] brn
|upkeep
|turn|3
|
|t:|1743934389
|move|p2a: Alomomola|Flip Turn|p1a: Momo
|-resisted|p1a: Momo
|-damage|p1a: Momo|88/100 brn
|
|t:|1743934404
|switch|p2a: Darkrai|Darkrai|100/100|[from] Flip Turn
|move|p1a: Momo|Flip Turn|p2a: Darkrai
|-damage|p2a: Darkrai|91/100
|j| pargelXD4
|
|t:|1743934408
|switch|p1a: Red Lightning|Scizor, F|100/100|[from] Flip Turn
|
|upkeep
|turn|4
|
|t:|1743934414
|switch|p2a: Alomomola|Alomomola, M|100/100
|move|p1a: Red Lightning|U-turn|p2a: Alomomola
|-damage|p2a: Alomomola|58/100
|
|t:|1743934419
|switch|p1a: Rimiru|Latios, M|100/100|[from] U-turn
|
|upkeep
|turn|5
|
|t:|1743934427
|move|p1a: Rimiru|Psychic Noise|p2a: Alomomola
|-damage|p2a: Alomomola|32/100
|-start|p2a: Alomomola|move: Heal Block
|move|p2a: Alomomola|Flip Turn|p1a: Rimiru
|-resisted|p1a: Rimiru
|-damage|p1a: Rimiru|89/100
|
|t:|1743934430
|switch|p2a: Darkrai|Darkrai|91/100|[from] Flip Turn
|
|upkeep
|turn|6
|
|t:|1743934435
|switch|p1a: Phantom Beast|Darkrai|100/100
|move|p2a: Darkrai|Dark Pulse|p1a: Phantom Beast
|-resisted|p1a: Phantom Beast
|-damage|p1a: Phantom Beast|61/100
|
|upkeep
|turn|7
|
|t:|1743934441
|switch|p1a: Red Lightning|Scizor, F|100/100
|move|p2a: Darkrai|Dark Pulse|p1a: Red Lightning
|-damage|p1a: Red Lightning|5/100
|
|upkeep
|turn|8
|
|t:|1743934448
|switch|p2a: Alomomola|Alomomola, M|65/100
|move|p1a: Red Lightning|Bullet Punch|p2a: Alomomola
|-resisted|p2a: Alomomola
|-damage|p2a: Alomomola|48/100
|
|upkeep
|turn|9
|
|t:|1743934453
|switch|p1a: Momo|Alomomola, F|100/100 brn
|move|p2a: Alomomola|Flip Turn|p1a: Momo
|-resisted|p1a: Momo
|-damage|p1a: Momo|94/100 brn
|
|t:|1743934457
|switch|p2a: Kyurem|Kyurem|100/100|[from] Flip Turn
|-ability|p2a: Kyurem|Pressure
|
|-damage|p1a: Momo|88/100 brn|[from] brn
|upkeep
|turn|10
|
|t:|1743934465
|move|p2a: Kyurem|Icicle Spear|p1a: Momo
|-resisted|p1a: Momo
|-damage|p1a: Momo|83/100 brn
|-resisted|p1a: Momo
|-damage|p1a: Momo|77/100 brn
|-resisted|p1a: Momo
|-damage|p1a: Momo|71/100 brn
|-resisted|p1a: Momo
|-damage|p1a: Momo|65/100 brn
|-resisted|p1a: Momo
|-damage|p1a: Momo|59/100 brn
|-hitcount|p1a: Momo|5
|move|p1a: Momo|Wish|p1a: Momo
|
|-damage|p1a: Momo|53/100 brn|[from] brn
|upkeep
|turn|11
|
|t:|1743934474
|switch|p2a: Alomomola|Alomomola, M|81/100
|move|p1a: Momo|Flip Turn|p2a: Alomomola
|-resisted|p2a: Alomomola
|-damage|p2a: Alomomola|78/100
|
|t:|1743934476
|switch|p1a: Red Lightning|Scizor, F|5/100|[from] Flip Turn
|
|-heal|p1a: Red Lightning|99/100|[from] move: Wish|[wisher] Momo
|upkeep
|turn|12
|
|t:|1743934481
|move|p1a: Red Lightning|U-turn|p2a: Alomomola
|-crit|p2a: Alomomola
|-damage|p2a: Alomomola|17/100
|
|t:|1743934486
|switch|p1a: 🦁|Landorus-Therian, M|100/100|[from] U-turn
|-ability|p1a: 🦁|Intimidate|boost
|-unboost|p2a: Alomomola|atk|1
|move|p2a: Alomomola|Flip Turn|p1a: 🦁
|-supereffective|p1a: 🦁
|-damage|p1a: 🦁|77/100
|-damage|p2a: Alomomola|0 fnt|[from] item: Rocky Helmet|[of] p1a: 🦁
|faint|p2a: Alomomola
|
|upkeep
|
|t:|1743934490
|switch|p2a: Kyurem|Kyurem|100/100
|-ability|p2a: Kyurem|Pressure
|turn|13
|
|t:|1743934494
|switch|p1a: Red Lightning|Scizor, F|99/100
|switch|p2a: Cinderace|Cinderace, M|79/100
|
|upkeep
|turn|14
|
|t:|1743934497
|switch|p1a: Momo|Alomomola, F|86/100 brn
|move|p2a: Cinderace|U-turn|p1a: Momo
|-damage|p1a: Momo|69/100 brn
|
|t:|1743934498
|switch|p2a: Darkrai|Darkrai|91/100|[from] U-turn
|
|-damage|p1a: Momo|63/100 brn|[from] brn
|upkeep
|turn|15
|
|t:|1743934502
|move|p2a: Darkrai|Dark Pulse|p1a: Momo
|-damage|p1a: Momo|20/100 brn
|move|p1a: Momo|Flip Turn|p2a: Darkrai
|-damage|p2a: Darkrai|80/100
|l| pargelXD4
|
|t:|1743934507
|switch|p1a: Phantom Beast|Darkrai|61/100|[from] Flip Turn
|
|upkeep
|turn|16
|
|t:|1743934509
|move|p2a: Darkrai|Dark Pulse|p1a: Phantom Beast
|-resisted|p1a: Phantom Beast
|-damage|p1a: Phantom Beast|21/100
|move|p1a: Phantom Beast|Sludge Bomb|p2a: Darkrai
|-damage|p2a: Darkrai|38/100
|
|upkeep
|turn|17
|
|t:|1743934514
|move|p1a: Phantom Beast|Sludge Bomb|p2a: Darkrai
|-damage|p2a: Darkrai|0 fnt
|faint|p2a: Darkrai
|
|upkeep
|
|t:|1743934518
|switch|p2a: Iron Moth|Iron Moth|100/100
|-enditem|p2a: Iron Moth|Booster Energy
|-activate|p2a: Iron Moth|ability: Quark Drive|[fromitem]
|-start|p2a: Iron Moth|quarkdrivespe
|turn|18
|
|t:|1743934521
|move|p2a: Iron Moth|Fiery Dance|p1a: Phantom Beast
|-damage|p1a: Phantom Beast|0 fnt
|-boost|p2a: Iron Moth|spa|1
|faint|p1a: Phantom Beast
|
|upkeep
|
|t:|1743934529
|switch|p1a: 🦁|Landorus-Therian, M|77/100
|-ability|p1a: 🦁|Intimidate|boost
|-unboost|p2a: Iron Moth|atk|1
|turn|19
|
|t:|1743934534
|move|p2a: Iron Moth|Fiery Dance|p1a: 🦁
|-damage|p1a: 🦁|0 fnt
|-boost|p2a: Iron Moth|spa|1
|faint|p1a: 🦁
|
|upkeep
|
|t:|1743934541
|switch|p1a: OG👑|Dragonite, M|100/100
|turn|20
|
|t:|1743934549
|switch|p1a: Momo|Alomomola, F|53/100 brn
|move|p2a: Iron Moth|Dazzling Gleam|p1a: Momo
|-damage|p1a: Momo|16/100 brn
|
|-damage|p1a: Momo|10/100 brn|[from] brn
|upkeep
|turn|21
|
|t:|1743934555
|move|p2a: Iron Moth|Fiery Dance|p1a: Momo
|-resisted|p1a: Momo
|-damage|p1a: Momo|0 fnt
|-boost|p2a: Iron Moth|spa|1
|faint|p1a: Momo
|
|upkeep
|
|t:|1743934561
|switch|p1a: OG👑|Dragonite, M|100/100
|turn|22
|
|t:|1743934564
|move|p2a: Iron Moth|Dazzling Gleam|p1a: OG👑
|-supereffective|p1a: OG👑
|-damage|p1a: OG👑|35/100
|move|p1a: OG👑|Earthquake|p2a: Iron Moth
|-supereffective|p2a: Iron Moth
|-damage|p2a: Iron Moth|0 fnt
|faint|p2a: Iron Moth
|-end|p2a: Iron Moth|Quark Drive|[silent]
|
|upkeep
|
|t:|1743934571
|switch|p2a: Kyurem|Kyurem|100/100
|-ability|p2a: Kyurem|Pressure
|turn|23
|
|t:|1743934575
|switch|p2a: Cinderace|Cinderace, M|79/100
|switch|p1a: Red Lightning|Scizor, F|99/100
|
|upkeep
|turn|24
|
|t:|1743934579
|switch|p1a: OG👑|Dragonite, M|35/100
|move|p2a: Cinderace|Pyro Ball|p1a: OG👑
|-resisted|p1a: OG👑
|-damage|p1a: OG👑|3/100
|
|upkeep
|turn|25
|
|t:|1743934584
|move|p1a: OG👑|Extreme Speed|p2a: Cinderace
|-damage|p2a: Cinderace|37/100
|move|p2a: Cinderace|U-turn|p1a: OG👑
|-resisted|p1a: OG👑
|-damage|p1a: OG👑|0 fnt
|faint|p1a: OG👑
|
|t:|1743934588
|switch|p2a: Kingambit|Kingambit, M|100/100|[from] U-turn
|-activate|p2a: Kingambit|ability: Supreme Overlord
|-start|p2a: Kingambit|fallen3|[silent]
|
|upkeep
|
|t:|1743934593
|switch|p1a: Red Lightning|Scizor, F|99/100
|turn|26
|
|t:|1743934598
|-end|p2a: Kingambit|fallen3|[silent]
|switch|p2a: Kyurem|Kyurem|100/100
|-ability|p2a: Kyurem|Pressure
|move|p1a: Red Lightning|Close Combat|p2a: Kyurem
|-supereffective|p2a: Kyurem
|-damage|p2a: Kyurem|0 fnt
|-unboost|p1a: Red Lightning|def|1
|-unboost|p1a: Red Lightning|spd|1
|faint|p2a: Kyurem
|
|upkeep
|
|t:|1743934600
|switch|p2a: Cinderace|Cinderace, M|37/100
|turn|27
|
|t:|1743934603
|move|p2a: Cinderace|U-turn|p1a: Red Lightning
|-resisted|p1a: Red Lightning
|-damage|p1a: Red Lightning|80/100
|
|t:|1743934606
|switch|p2a: Kingambit|Kingambit, M|100/100|[from] U-turn
|-activate|p2a: Kingambit|ability: Supreme Overlord
|-start|p2a: Kingambit|fallen4|[silent]
|move|p1a: Red Lightning|Close Combat|p2a: Kingambit
|-supereffective|p2a: Kingambit
|-damage|p2a: Kingambit|0 fnt
|-unboost|p1a: Red Lightning|def|1
|-unboost|p1a: Red Lightning|spd|1
|faint|p2a: Kingambit
|-end|p2a: Kingambit|fallen4|[silent]
|
|upkeep
|
|t:|1743934607
|switch|p2a: Cinderace|Cinderace, M|37/100
|turn|28
|
|t:|1743934614
|move|p2a: Cinderace|Pyro Ball|p1a: Red Lightning
|-supereffective|p1a: Red Lightning
|-crit|p1a: Red Lightning
|-damage|p1a: Red Lightning|0 fnt
|faint|p1a: Red Lightning
|
|upkeep
|
|t:|1743934615
|switch|p1a: Rimiru|Latios, M|89/100
|turn|29
|
|t:|1743934621
|-terastallize|p1a: Rimiru|Fairy
|move|p2a: Cinderace|U-turn|p1a: Rimiru
|-resisted|p1a: Rimiru
|-damage|p1a: Rimiru|73/100
|move|p1a: Rimiru|Draco Meteor|p2a: Cinderace
|-damage|p2a: Cinderace|0 fnt
|-unboost|p1a: Rimiru|spa|2
|faint|p2a: Cinderace
|
|win|BlackStar150520
|raw|BlackStar150520's rating: 1767 &rarr; <strong>1789</strong><br />(+22 for winning)
|raw|2(H2O)-Alt's rating: 1799 &rarr; <strong>1777</strong><br />(-22 for losing)
|c|☆BlackStar150520|Ggs
|c|☆2(H2O)-Alt|gg
|l|☆BlackStar150520
|player|p1|
