|j|☆MY爱莉希雅SAMA
|j|☆BBT94
|t:|1743933854
|gametype|singles
|player|p1|MY爱莉希雅SAMA|lacey|1639
|player|p2|BBT94|2|1673
|teamsize|p1|6
|teamsize|p2|6
|gen|9
|tier|[Gen 9] OU
|rated|
|rule|HP Percentage Mod: HP is shown in percentages
|rule|Endless Battle Clause: Forcing endless battles is banned
|rule|Species Clause: Limit one of each Pokémon
|rule|OHKO Clause: OHKO moves are banned
|rule|Evasion Items Clause: Evasion items are banned
|rule|Evasion Moves Clause: Evasion moves are banned
|rule|Sleep Moves Clause: Sleep-inducing moves are banned
|clearpoke
|poke|p1|Glimmora, F|
|poke|p1|Zamazenta-*|
|poke|p1|Latias, F|
|poke|p1|Gholdengo|
|poke|p1|Dragonite, F|
|poke|p1|Weavile, M|
|poke|p2|Goodra-Hisui, F|
|poke|p2|Chesnaught, F|
|poke|p2|Mamoswine, M|
|poke|p2|Moltres|
|poke|p2|Slowking, F|
|poke|p2|Pecharunt|
|teampreview
|inactive|Battle timer is ON: inactive players will automatically lose when time's up. (requested by MY爱莉希雅SAMA)
|
|t:|1743933874
|start
|switch|p1a: Weavile|Weavile, M|100/100
|switch|p2a: Slowking|Slowking, F|100/100
|turn|1
|
|t:|1743933878
|switch|p2a: Moltres|Moltres|100/100
|move|p1a: Weavile|Knock Off|p2a: Moltres
|-damage|p2a: Moltres|34/100
|-enditem|p2a: Moltres|Heavy-Duty Boots|[from] move: Knock Off|[of] p1a: Weavile
|
|upkeep
|turn|2
|
|t:|1743933888
|switch|p1a: Glimmora|Glimmora, F|100/100
|move|p2a: Moltres|Roost|p2a: Moltres
|-heal|p2a: Moltres|84/100
|-singleturn|p2a: Moltres|move: Roost
|
|upkeep
|turn|3
|
|t:|1743933893
|switch|p2a: Slowking|Slowking, F|100/100
|move|p1a: Glimmora|Stealth Rock|p2a: Slowking
|-sidestart|p2: BBT94|move: Stealth Rock
|
|upkeep
|turn|4
|
|t:|1743933900
|switch|p1a: Weavile|Weavile, M|100/100
|move|p2a: Slowking|Scald|p1a: Weavile
|-damage|p1a: Weavile|61/100
|
|upkeep
|turn|5
|
|t:|1743933909
|switch|p1a: Glimmora|Glimmora, F|100/100
|switch|p2a: Moltres|Moltres|84/100
|-damage|p2a: Moltres|34/100|[from] Stealth Rock
|
|upkeep
|turn|6
|
|t:|1743933914
|move|p1a: Glimmora|Mortal Spin|p2a: Moltres
|-damage|p2a: Moltres|29/100
|-status|p2a: Moltres|psn
|move|p2a: Moltres|Roost|p2a: Moltres
|-heal|p2a: Moltres|79/100 psn
|-singleturn|p2a: Moltres|move: Roost
|
|-damage|p2a: Moltres|66/100 psn|[from] psn
|upkeep
|turn|7
|
|t:|1743933920
|switch|p2a: Slowking|Slowking, F|100/100
|move|p1a: Glimmora|Power Gem|p2a: Slowking
|-damage|p2a: Slowking|80/100
|
|upkeep
|turn|8
|
|t:|1743933924
|move|p1a: Glimmora|Mortal Spin|p2a: Slowking
|-damage|p2a: Slowking|74/100
|-status|p2a: Slowking|psn
|move|p2a: Slowking|Scald|p1a: Glimmora
|-supereffective|p1a: Glimmora
|-damage|p1a: Glimmora|51/100
|-status|p1a: Glimmora|brn
|-enditem|p1a: Glimmora|Red Card|[of] p2a: Slowking
|drag|p2a: Pecharunt|Pecharunt|100/100
|-damage|p2a: Pecharunt|88/100|[from] Stealth Rock
|
|-damage|p1a: Glimmora|45/100 brn|[from] brn
|upkeep
|turn|9
|
|t:|1743933929
|switch|p2a: Slowking|Slowking, F|100/100 psn
|move|p1a: Glimmora|Earth Power|p2a: Slowking
|-damage|p2a: Slowking|85/100 psn
|
|-damage|p2a: Slowking|73/100 psn|[from] psn
|-damage|p1a: Glimmora|39/100 brn|[from] brn
|upkeep
|turn|10
|
|t:|1743933934
|move|p1a: Glimmora|Power Gem|p2a: Slowking
|-damage|p2a: Slowking|52/100 psn
|move|p2a: Slowking|Scald|p1a: Glimmora
|-supereffective|p1a: Glimmora
|-crit|p1a: Glimmora
|-damage|p1a: Glimmora|0 fnt
|faint|p1a: Glimmora
|
|-damage|p2a: Slowking|39/100 psn|[from] psn
|upkeep
|
|t:|1743933942
|switch|p1a: Gholdengo|Gholdengo|100/100
|turn|11
|
|t:|1743933946
|switch|p2a: Goodra|Goodra-Hisui, F|100/100
|-damage|p2a: Goodra|94/100|[from] Stealth Rock
|move|p1a: Gholdengo|Shadow Ball|p2a: Goodra
|-damage|p2a: Goodra|79/100
|-unboost|p2a: Goodra|spd|1
|
|upkeep
|turn|12
|
|t:|1743933955
|move|p1a: Gholdengo|Nasty Plot|p1a: Gholdengo
|-boost|p1a: Gholdengo|spa|2
|move|p2a: Goodra|Fire Blast|p1a: Gholdengo
|-supereffective|p1a: Gholdengo
|-damage|p1a: Gholdengo|31/100
|
|upkeep
|turn|13
|
|t:|1743933960
|move|p1a: Gholdengo|Shadow Ball|p2a: Goodra
|-damage|p2a: Goodra|30/100
|-unboost|p2a: Goodra|spd|1
|move|p2a: Goodra|Fire Blast|p1a: Gholdengo
|-supereffective|p1a: Gholdengo
|-crit|p1a: Gholdengo
|-damage|p1a: Gholdengo|0 fnt
|faint|p1a: Gholdengo
|
|upkeep
|
|t:|1743933974
|switch|p1a: Weavile|Weavile, M|61/100
|turn|14
|
|t:|1743933977
|switch|p2a: Moltres|Moltres|66/100 psn
|-damage|p2a: Moltres|16/100 psn|[from] Stealth Rock
|move|p1a: Weavile|Triple Axel|p2a: Moltres
|-damage|p2a: Moltres|3/100 psn
|-hitcount|p2a: Moltres|1
|
|-damage|p2a: Moltres|0 fnt|[from] psn
|faint|p2a: Moltres
|upkeep
|
|t:|1743933980
|switch|p2a: Slowking|Slowking, F|72/100 psn
|turn|15
|
|t:|1743933989
|switch|p1a: Latias|Latias, F|100/100
|-prepare|p2a: Slowking|Chilly Reception|[premajor]
|move|p2a: Slowking|Chilly Reception|p2a: Slowking
|-weather|Snowscape
|
|t:|1743933992
|switch|p2a: Mamoswine|Mamoswine, M|100/100|[from] Chilly Reception
|
|-weather|Snowscape|[upkeep]
|upkeep
|turn|16
|inactive|MY爱莉希雅SAMA has 120 seconds left.
|
|t:|1743934033
|-terastallize|p1a: Latias|Fairy
|move|p1a: Latias|Calm Mind|p1a: Latias
|-boost|p1a: Latias|spa|1
|-boost|p1a: Latias|spd|1
|move|p2a: Mamoswine|Stealth Rock|p1a: Latias
|-sidestart|p1: MY爱莉希雅SAMA|move: Stealth Rock
|
|-weather|Snowscape|[upkeep]
|upkeep
|turn|17
|
|t:|1743934040
|switch|p2a: Pecharunt|Pecharunt|88/100
|-damage|p2a: Pecharunt|76/100|[from] Stealth Rock
|move|p1a: Latias|Agility|p1a: Latias
|-boost|p1a: Latias|spe|2
|
|-weather|Snowscape|[upkeep]
|upkeep
|turn|18
|
|t:|1743934044
|-terastallize|p2a: Pecharunt|Fairy
|move|p1a: Latias|Stored Power|p2a: Pecharunt
|-damage|p2a: Pecharunt|16/100
|-enditem|p2a: Pecharunt|Red Card|[of] p1a: Latias
|drag|p1a: Weavile|Weavile, M|61/100
|-damage|p1a: Weavile|36/100|[from] Stealth Rock
|move|p2a: Pecharunt|Malignant Chain|p1a: Weavile
|-damage|p1a: Weavile|0 fnt
|faint|p1a: Weavile
|
|-weather|Snowscape|[upkeep]
|upkeep
|
|t:|1743934053
|switch|p1a: Dragonite|Dragonite, F|100/100
|turn|19
|
|t:|1743934059
|switch|p2a: Mamoswine|Mamoswine, M|100/100
|move|p1a: Dragonite|Dragon Dance|p1a: Dragonite
|-boost|p1a: Dragonite|atk|1
|-boost|p1a: Dragonite|spe|1
|
|-weather|none
|upkeep
|turn|20
|
|t:|1743934065
|move|p1a: Dragonite|Dragon Dance|p1a: Dragonite
|-boost|p1a: Dragonite|atk|1
|-boost|p1a: Dragonite|spe|1
|move|p2a: Mamoswine|Icicle Crash|p1a: Dragonite
|-supereffective|p1a: Dragonite
|-damage|p1a: Dragonite|0 fnt
|faint|p1a: Dragonite
|
|upkeep
|
|t:|1743934072
|switch|p1a: Latias|Latias, F, tera:Fairy|100/100
|-damage|p1a: Latias|88/100|[from] Stealth Rock
|turn|21
|
|t:|1743934075
|move|p1a: Latias|Calm Mind|p1a: Latias
|-boost|p1a: Latias|spa|1
|-boost|p1a: Latias|spd|1
|move|p2a: Mamoswine|Icicle Crash|p1a: Latias
|-crit|p1a: Latias
|-damage|p1a: Latias|18/100
|
|-heal|p1a: Latias|24/100|[from] item: Leftovers
|upkeep
|turn|22
|
|t:|1743934081
|move|p2a: Mamoswine|Ice Shard|p1a: Latias
|-damage|p1a: Latias|2/100
|move|p1a: Latias|Draining Kiss|p2a: Mamoswine
|-damage|p2a: Mamoswine|50/100
|-heal|p1a: Latias|41/100|[from] drain|[of] p2a: Mamoswine
|
|-heal|p1a: Latias|48/100|[from] item: Leftovers
|upkeep
|turn|23
|
|t:|1743934088
|move|p1a: Latias|Draining Kiss|p2a: Mamoswine
|-damage|p2a: Mamoswine|0 fnt
|-heal|p1a: Latias|85/100|[from] drain|[of] p2a: Mamoswine
|faint|p2a: Mamoswine
|
|-heal|p1a: Latias|91/100|[from] item: Leftovers
|upkeep
|
|t:|1743934090
|switch|p2a: Slowking|Slowking, F|100/100 psn
|turn|24
|
|t:|1743934096
|move|p1a: Latias|Calm Mind|p1a: Latias
|-boost|p1a: Latias|spa|1
|-boost|p1a: Latias|spd|1
|move|p2a: Slowking|Rock Tomb|p1a: Latias
|-damage|p1a: Latias|82/100
|-unboost|p1a: Latias|spe|1
|
|-heal|p1a: Latias|88/100|[from] item: Leftovers
|-damage|p2a: Slowking|88/100 psn|[from] psn
|upkeep
|turn|25
|
|t:|1743934101
|move|p1a: Latias|Agility|p1a: Latias
|-boost|p1a: Latias|spe|2
|move|p2a: Slowking|Rock Tomb|p1a: Latias
|-damage|p1a: Latias|78/100
|-unboost|p1a: Latias|spe|1
|
|-heal|p1a: Latias|85/100|[from] item: Leftovers
|-damage|p2a: Slowking|76/100 psn|[from] psn
|upkeep
|turn|26
|-message|BBT94 forfeited.
|
|win|MY爱莉希雅SAMA
|raw|MY爱莉希雅SAMA's rating: 1639 &rarr; <strong>1661</strong><br />(+22 for winning)
|raw|BBT94's rating: 1673 &rarr; <strong>1651</strong><br />(-22 for losing)
|l|☆BBT94
|player|p2|
|l|☆MY爱莉希雅SAMA
|player|p1|
