|j|☆hachan247
|j|☆fenghongyi幽魂
|t:|1743931504
|gametype|singles
|player|p1|hachan247|265|1144
|player|p2|fenghongyi幽魂|dawn|1138
|teamsize|p1|6
|teamsize|p2|6
|gen|9
|tier|[Gen 9] OU
|rated|
|rule|HP Percentage Mod: HP is shown in percentages
|rule|Endless Battle Clause: Forcing endless battles is banned
|rule|Species Clause: Limit one of each Pokémon
|rule|OHKO Clause: OHKO moves are banned
|rule|Evasion Items Clause: Evasion items are banned
|rule|Evasion Moves Clause: Evasion moves are banned
|rule|Sleep Moves Clause: Sleep-inducing moves are banned
|clearpoke
|poke|p1|Walking Wake|
|poke|p1|Meowscarada, F|
|poke|p1|Landorus-Therian, M|
|poke|p1|Hitmonlee, M|
|poke|p1|Slowking-Galar, M|
|poke|p1|Cinderace, M|
|poke|p2|Dondozo, F|
|poke|p2|Blissey, F|
|poke|p2|Corviknight, F|
|poke|p2|Clodsire, F|
|poke|p2|Gliscor, M|
|poke|p2|Toxapex, F|
|teampreview
|inactive|Battle timer is ON: inactive players will automatically lose when time's up. (requested by hachan247)
|
|t:|1743931518
|start
|switch|p1a: Walking Wake|Walking Wake|100/100
|switch|p2a: Gliscor|Gliscor, M|100/100
|turn|1
|
|t:|1743931525
|switch|p2a: Blissey|Blissey, F|100/100
|move|p1a: Walking Wake|Draco Meteor|p2a: Blissey
|-damage|p2a: Blissey|67/100
|-unboost|p1a: Walking Wake|spa|2
|
|upkeep
|turn|2
|
|t:|1743931534
|-end|p1a: Walking Wake|Protosynthesis|[silent]
|switch|p1a: Slowking|Slowking-Galar, M|100/100
|move|p2a: Blissey|Stealth Rock|p1a: Slowking
|-sidestart|p1: hachan247|move: Stealth Rock
|
|upkeep
|turn|3
|
|t:|1743931543
|switch|p2a: Gliscor|Gliscor, M|100/100
|-prepare|p1a: Slowking|Chilly Reception|[premajor]
|move|p1a: Slowking|Chilly Reception|p1a: Slowking
|-weather|Snowscape
|
|t:|1743931549
|switch|p1a: Meowscarada|Meowscarada, F, shiny|100/100|[from] Chilly Reception
|-damage|p1a: Meowscarada|88/100|[from] Stealth Rock
|
|-weather|Snowscape|[upkeep]
|-status|p2a: Gliscor|tox|[from] item: Toxic Orb
|upkeep
|turn|4
|
|t:|1743931559
|switch|p2a: Corviknight|Corviknight, F|100/100
|-ability|p2a: Corviknight|Pressure
|move|p1a: Meowscarada|Triple Axel|p2a: Corviknight
|-start|p1a: Meowscarada|typechange|Ice|[from] ability: Protean
|-damage|p2a: Corviknight|95/100
|-damage|p1a: Meowscarada|72/100|[from] item: Rocky Helmet|[of] p2a: Corviknight
|-damage|p2a: Corviknight|84/100
|-damage|p1a: Meowscarada|55/100|[from] item: Rocky Helmet|[of] p2a: Corviknight
|-damage|p2a: Corviknight|66/100
|-damage|p1a: Meowscarada|39/100|[from] item: Rocky Helmet|[of] p2a: Corviknight
|-hitcount|p2a: Corviknight|3
|
|-weather|Snowscape|[upkeep]
|upkeep
|turn|5
|
|t:|1743931581
|switch|p1a: Landorus|Landorus-Therian, M|100/100
|-damage|p1a: Landorus|88/100|[from] Stealth Rock
|-ability|p1a: Landorus|Intimidate|boost
|-unboost|p2a: Corviknight|atk|1
|move|p2a: Corviknight|Body Press|p1a: Landorus
|-resisted|p1a: Landorus
|-damage|p1a: Landorus|80/100
|-damage|p2a: Corviknight|50/100|[from] item: Rocky Helmet|[of] p1a: Landorus
|
|-weather|Snowscape|[upkeep]
|upkeep
|turn|6
|
|t:|1743931593
|switch|p2a: Dondozo|Dondozo, F|100/100
|move|p1a: Landorus|Stealth Rock|p2a: Dondozo
|-sidestart|p2: fenghongyi幽魂|move: Stealth Rock
|
|-weather|Snowscape|[upkeep]
|upkeep
|turn|7
|
|t:|1743931604
|switch|p1a: Slowking|Slowking-Galar, M|100/100
|move|p2a: Dondozo|Curse|p2a: Dondozo
|-unboost|p2a: Dondozo|spe|1
|-boost|p2a: Dondozo|atk|1
|-boost|p2a: Dondozo|def|1
|
|-weather|none
|upkeep
|turn|8
|
|t:|1743931614
|move|p2a: Dondozo|Waterfall|p1a: Slowking
|-damage|p1a: Slowking|61/100
|move|p1a: Slowking|Future Sight|p2a: Dondozo
|-start|p1a: Slowking|move: Future Sight
|
|upkeep
|turn|9
|
|t:|1743931619
|move|p2a: Dondozo|Waterfall|p1a: Slowking
|-damage|p1a: Slowking|19/100
|move|p1a: Slowking|Sludge Bomb|p2a: Dondozo
|-damage|p2a: Dondozo|68/100
|
|upkeep
|turn|10
|
|t:|1743931631
|switch|p2a: Gliscor|Gliscor, M|100/100 tox
|-damage|p2a: Gliscor|88/100 tox|[from] Stealth Rock
|switch|p1a: Walking Wake|Walking Wake|100/100
|-damage|p1a: Walking Wake|88/100|[from] Stealth Rock
|
|-end|p2a: Gliscor|move: Future Sight
|-damage|p2a: Gliscor|52/100 tox
|-heal|p2a: Gliscor|64/100 tox|[from] ability: Poison Heal
|upkeep
|turn|11
|
|t:|1743931641
|switch|p2a: Blissey|Blissey, F|67/100
|-terastallize|p1a: Walking Wake|Water
|move|p1a: Walking Wake|Hydro Pump|p2a: Blissey|[miss]
|-miss|p1a: Walking Wake|p2a: Blissey
|
|upkeep
|turn|12
|
|t:|1743931651
|-terastallize|p2a: Blissey|Water
|move|p1a: Walking Wake|Hydro Pump|p2a: Blissey
|-resisted|p2a: Blissey
|-damage|p2a: Blissey|49/100
|move|p2a: Blissey|Soft-Boiled|p2a: Blissey
|-heal|p2a: Blissey|99/100
|
|upkeep
|turn|13
|
|t:|1743931661
|-end|p1a: Walking Wake|Protosynthesis|[silent]
|switch|p1a: Slowking|Slowking-Galar, M|52/100
|move|p2a: Blissey|Stealth Rock||[still]
|-fail|p2a: Blissey
|
|upkeep
|turn|14
|
|t:|1743931672
|switch|p2a: Dondozo|Dondozo, F|68/100
|-prepare|p1a: Slowking|Chilly Reception|[premajor]
|move|p1a: Slowking|Chilly Reception|p1a: Slowking
|-weather|Snowscape
|
|t:|1743931681
|switch|p1a: Meowscarada|Meowscarada, F, shiny|39/100|[from] Chilly Reception
|-damage|p1a: Meowscarada|27/100|[from] Stealth Rock
|
|-weather|Snowscape|[upkeep]
|upkeep
|turn|15
|
|t:|1743931686
|switch|p2a: Corviknight|Corviknight, F|50/100
|-damage|p2a: Corviknight|37/100|[from] Stealth Rock
|-ability|p2a: Corviknight|Pressure
|move|p1a: Meowscarada|Knock Off|p2a: Corviknight
|-start|p1a: Meowscarada|typechange|Dark|[from] ability: Protean
|-damage|p2a: Corviknight|12/100
|-damage|p1a: Meowscarada|10/100|[from] item: Rocky Helmet|[of] p2a: Corviknight
|-enditem|p2a: Corviknight|Rocky Helmet|[from] move: Knock Off|[of] p1a: Meowscarada
|
|-weather|Snowscape|[upkeep]
|upkeep
|turn|16
|
|t:|1743931702
|move|p1a: Meowscarada|Knock Off|p2a: Corviknight
|-crit|p2a: Corviknight
|-damage|p2a: Corviknight|0 fnt
|faint|p2a: Corviknight
|
|-weather|Snowscape|[upkeep]
|upkeep
|
|t:|1743931710
|switch|p2a: Gliscor|Gliscor, M|64/100 tox
|-damage|p2a: Gliscor|52/100 tox|[from] Stealth Rock
|turn|17
|
|t:|1743931716
|move|p1a: Meowscarada|Knock Off|p2a: Gliscor
|-damage|p2a: Gliscor|14/100 tox
|-enditem|p2a: Gliscor|Toxic Orb|[from] move: Knock Off|[of] p1a: Meowscarada
|move|p2a: Gliscor|Facade|p1a: Meowscarada
|-damage|p1a: Meowscarada|0 fnt
|faint|p1a: Meowscarada
|
|-weather|Snowscape|[upkeep]
|-heal|p2a: Gliscor|27/100 tox|[from] ability: Poison Heal
|upkeep
|
|t:|1743931740
|switch|p1a: Leeman|Hitmonlee, M|100/100
|-damage|p1a: Leeman|94/100|[from] Stealth Rock
|turn|18
|
|t:|1743931750
|switch|p2a: Toxapex|Toxapex, F|100/100
|move|p1a: Leeman|High Jump Kick|p2a: Toxapex|[miss]
|-miss|p1a: Leeman|p2a: Toxapex
|-damage|p1a: Leeman|44/100|[from] highjumpkick
|
|-weather|none
|upkeep
|turn|19
|
|t:|1743931765
|switch|p1a: Slowking|Slowking-Galar, M|85/100
|move|p2a: Toxapex|Infestation|p1a: Slowking
|-damage|p1a: Slowking|83/100
|-activate|p1a: Slowking|move: Infestation|[of] p2a: Toxapex
|
|-damage|p1a: Slowking|71/100|[from] move: Infestation|[partiallytrapped]
|upkeep
|turn|20
|
|t:|1743931782
|move|p2a: Toxapex|Toxic|p1a: Slowking
|-immune|p1a: Slowking
|-prepare|p1a: Slowking|Chilly Reception|[premajor]
|move|p1a: Slowking|Chilly Reception|p1a: Slowking
|-weather|Snowscape
|
|t:|1743931790
|switch|p1a: Landorus|Landorus-Therian, M|80/100|[from] Chilly Reception
|-damage|p1a: Landorus|68/100|[from] Stealth Rock
|-ability|p1a: Landorus|Intimidate|boost
|-unboost|p2a: Toxapex|atk|1
|
|-weather|Snowscape|[upkeep]
|upkeep
|turn|21
|
|t:|1743931815
|switch|p2a: Gliscor|Gliscor, M|27/100 tox
|-damage|p2a: Gliscor|14/100 tox|[from] Stealth Rock
|move|p1a: Landorus|Earth Power|p2a: Gliscor
|-immune|p2a: Gliscor
|
|-weather|Snowscape|[upkeep]
|-heal|p2a: Gliscor|27/100 tox|[from] ability: Poison Heal
|upkeep
|turn|22
|
|t:|1743931825
|move|p2a: Gliscor|Protect|p2a: Gliscor
|-singleturn|p2a: Gliscor|Protect
|move|p1a: Landorus|Stone Edge|p2a: Gliscor
|-activate|p2a: Gliscor|move: Protect
|
|-weather|Snowscape|[upkeep]
|-heal|p2a: Gliscor|39/100 tox|[from] ability: Poison Heal
|upkeep
|turn|23
|
|t:|1743931839
|move|p2a: Gliscor|Knock Off|p1a: Landorus
|-damage|p1a: Landorus|53/100
|-damage|p2a: Gliscor|23/100 tox|[from] item: Rocky Helmet|[of] p1a: Landorus
|-enditem|p1a: Landorus|Rocky Helmet|[from] move: Knock Off|[of] p2a: Gliscor
|move|p1a: Landorus|Stone Edge|p2a: Gliscor
|-damage|p2a: Gliscor|0 fnt
|faint|p2a: Gliscor
|
|-weather|Snowscape|[upkeep]
|upkeep
|-message|fenghongyi幽魂 forfeited.
|
|win|hachan247
|raw|hachan247's rating: 1144 &rarr; <strong>1169</strong><br />(+25 for winning)
|raw|fenghongyi幽魂's rating: 1138 &rarr; <strong>1113</strong><br />(-25 for losing)
|l|☆fenghongyi幽魂
|player|p2|
|l|☆hachan247
|player|p1|
