|j|☆AlphaOnDc
|j|☆Flo03041992
|t:|1743919420
|gametype|singles
|player|p1|AlphaOnDc|dawn|1112
|player|p2|Flo03041992|101|1132
|teamsize|p1|6
|teamsize|p2|6
|gen|9
|tier|[Gen 9] OU
|rated|
|rule|HP Percentage Mod: HP is shown in percentages
|rule|Endless Battle Clause: Forcing endless battles is banned
|rule|Species Clause: Limit one of each Pokémon
|rule|OHKO Clause: OHKO moves are banned
|rule|Evasion Items Clause: Evasion items are banned
|rule|Evasion Moves Clause: Evasion moves are banned
|rule|Sleep Moves Clause: Sleep-inducing moves are banned
|clearpoke
|poke|p1|Quaquaval, F|
|poke|p1|Clodsire, M|
|poke|p1|Great Tusk|
|poke|p1|Iron Valiant|
|poke|p1|Zapdos|
|poke|p1|Garganacl, M|
|poke|p2|Ribombee, M|
|poke|p2|Cinderace, M|
|poke|p2|Serperior, M|
|poke|p2|Mimikyu, F|
|poke|p2|Dragapult, M|
|poke|p2|Bisharp, F|
|teampreview
|
|t:|1743919429
|start
|switch|p1a: Quaquaval|Quaquaval, F|100/100
|switch|p2a: Ribombee|Ribombee, M|100/100
|-item|p1a: Quaquaval|Air Balloon
|turn|1
|
|t:|1743919442
|-terastallize|p1a: Quaquaval|Steel
|move|p2a: Ribombee|Sticky Web|p1a: Quaquaval
|-sidestart|p1: AlphaOnDc|move: Sticky Web
|move|p1a: Quaquaval|Aqua Step|p2a: Ribombee
|-damage|p2a: Ribombee|18/100
|-boost|p1a: Quaquaval|spe|1
|
|upkeep
|turn|2
|
|t:|1743919457
|switch|p2a: Mimikyu|Mimikyu, F|100/100
|move|p1a: Quaquaval|Aqua Step|p2a: Mimikyu
|-activate|p2a: Mimikyu|ability: Disguise
|-damage|p2a: Mimikyu|100/100
|-boost|p1a: Quaquaval|spe|1
|detailschange|p2a: Mimikyu|Mimikyu-Busted, F
|-damage|p2a: Mimikyu|88/100|[from] pokemon: Mimikyu-Busted
|-enditem|p2a: Mimikyu|Red Card|[of] p1a: Quaquaval
|drag|p1a: Clodsire|Clodsire, M, shiny|100/100
|-activate|p1a: Clodsire|move: Sticky Web
|-unboost|p1a: Clodsire|spe|1
|
|upkeep
|turn|3
|
|t:|1743919471
|move|p2a: Mimikyu|Will-O-Wisp|p1a: Clodsire
|-status|p1a: Clodsire|brn
|move|p1a: Clodsire|Toxic|p2a: Mimikyu
|-status|p2a: Mimikyu|tox
|
|-damage|p2a: Mimikyu|82/100 tox|[from] psn
|-damage|p1a: Clodsire|94/100 brn|[from] brn
|upkeep
|turn|4
|
|t:|1743919482
|move|p2a: Mimikyu|Shadow Claw|p1a: Clodsire
|-damage|p1a: Clodsire|71/100 brn
|move|p1a: Clodsire|Toxic Spikes|p2a: Mimikyu
|-sidestart|p2: Flo03041992|move: Toxic Spikes
|
|-heal|p1a: Clodsire|77/100 brn|[from] item: Leftovers
|-damage|p2a: Mimikyu|70/100 tox|[from] psn
|-damage|p1a: Clodsire|71/100 brn|[from] brn
|upkeep
|turn|5
|
|t:|1743919492
|move|p2a: Mimikyu|Shadow Claw|p1a: Clodsire
|-damage|p1a: Clodsire|47/100 brn
|move|p1a: Clodsire|Toxic Spikes|p2a: Mimikyu
|-sidestart|p2: Flo03041992|move: Toxic Spikes
|
|-heal|p1a: Clodsire|54/100 brn|[from] item: Leftovers
|-damage|p2a: Mimikyu|52/100 tox|[from] psn
|-damage|p1a: Clodsire|47/100 brn|[from] brn
|upkeep
|turn|6
|
|t:|1743919503
|move|p2a: Mimikyu|Shadow Claw|p1a: Clodsire
|-crit|p1a: Clodsire
|-damage|p1a: Clodsire|9/100 brn
|move|p1a: Clodsire|Recover|p1a: Clodsire
|-heal|p1a: Clodsire|59/100 brn
|
|-heal|p1a: Clodsire|66/100 brn|[from] item: Leftovers
|-damage|p2a: Mimikyu|28/100 tox|[from] psn
|-damage|p1a: Clodsire|59/100 brn|[from] brn
|upkeep
|turn|7
|
|t:|1743919516
|move|p2a: Mimikyu|Shadow Claw|p1a: Clodsire
|-damage|p1a: Clodsire|35/100 brn
|move|p1a: Clodsire|Recover|p1a: Clodsire
|-heal|p1a: Clodsire|85/100 brn
|
|-heal|p1a: Clodsire|92/100 brn|[from] item: Leftovers
|-damage|p2a: Mimikyu|0 fnt|[from] psn
|faint|p2a: Mimikyu
|-damage|p1a: Clodsire|85/100 brn|[from] brn
|upkeep
|
|t:|1743919528
|switch|p2a: Cinderace|Cinderace, M|100/100
|turn|8
|
|t:|1743919532
|move|p2a: Cinderace|Court Change|p2a: Cinderace
|-swapsideconditions
|-activate|p2a: Cinderace|move: Court Change
|move|p1a: Clodsire|Toxic|p2a: Cinderace
|-status|p2a: Cinderace|tox
|
|-heal|p1a: Clodsire|92/100 brn|[from] item: Leftovers
|-damage|p2a: Cinderace|95/100 tox|[from] psn
|-damage|p1a: Clodsire|85/100 brn|[from] brn
|upkeep
|turn|9
|
|t:|1743919559
|move|p2a: Cinderace|U-turn|p1a: Clodsire
|-resisted|p1a: Clodsire
|-damage|p1a: Clodsire|76/100 brn
|
|t:|1743919562
|switch|p2a: Serperior|Serperior, M|100/100|[from] U-turn
|-activate|p2a: Serperior|move: Sticky Web
|-boost|p2a: Serperior|spe|1
|move|p1a: Clodsire|Toxic Spikes|p2a: Serperior
|-sidestart|p2: Flo03041992|move: Toxic Spikes
|
|-heal|p1a: Clodsire|82/100 brn|[from] item: Leftovers
|-damage|p1a: Clodsire|76/100 brn|[from] brn
|upkeep
|turn|10
|c|☆AlphaOnDc|Nice court change
|
|t:|1743919574
|move|p2a: Serperior|Substitute|p2a: Serperior
|-start|p2a: Serperior|Substitute
|-damage|p2a: Serperior|76/100
|move|p1a: Clodsire|Toxic||[still]
|-fail|p1a: Clodsire
|
|-heal|p2a: Serperior|82/100|[from] item: Leftovers
|-heal|p1a: Clodsire|82/100 brn|[from] item: Leftovers
|-damage|p1a: Clodsire|76/100 brn|[from] brn
|upkeep
|turn|11
|c|☆AlphaOnDc|OHHHHH
|c|☆AlphaOnDc|niceeeee
|
|t:|1743919600
|switch|p1a: Zapdos|Zapdos|100/100
|move|p2a: Serperior|Leech Seed|p1a: Zapdos
|-start|p1a: Zapdos|move: Leech Seed
|
|-heal|p2a: Serperior|88/100|[from] item: Leftovers
|-damage|p1a: Zapdos|88/100|[from] Leech Seed|[of] p2a: Serperior
|-heal|p2a: Serperior|100/100|[silent]
|upkeep
|turn|12
|
|t:|1743919611
|move|p2a: Serperior|Leaf Storm|p1a: Zapdos
|-resisted|p1a: Zapdos
|-damage|p1a: Zapdos|63/100
|-boost|p2a: Serperior|spa|2
|move|p1a: Zapdos|Volt Switch|p2a: Serperior
|-resisted|p2a: Serperior
|-crit|p2a: Serperior
|-end|p2a: Serperior|Substitute
|
|t:|1743919621
|switch|p1a: Quaquaval|Quaquaval, F, tera:Steel|100/100|[from] Volt Switch
|-item|p1a: Quaquaval|Air Balloon
|
|upkeep
|turn|13
|
|t:|1743919630
|move|p2a: Serperior|Leech Seed|p1a: Quaquaval
|-start|p1a: Quaquaval|move: Leech Seed
|move|p1a: Quaquaval|Aqua Step|p2a: Serperior
|-resisted|p2a: Serperior
|-damage|p2a: Serperior|73/100
|-boost|p1a: Quaquaval|spe|1
|
|-heal|p2a: Serperior|80/100|[from] item: Leftovers
|-damage|p1a: Quaquaval|88/100|[from] Leech Seed|[of] p2a: Serperior
|-heal|p2a: Serperior|93/100|[silent]
|upkeep
|turn|14
|
|t:|1743919641
|-terastallize|p2a: Serperior|Stellar
|move|p2a: Serperior|Tera Blast|p1a: Quaquaval|[anim] Tera Blast Stellar
|-supereffective|p1a: Quaquaval
|-damage|p1a: Quaquaval|0 fnt
|-boost|p2a: Serperior|atk|1
|-boost|p2a: Serperior|spa|1
|-enditem|p1a: Quaquaval|Air Balloon
|faint|p1a: Quaquaval
|
|-heal|p2a: Serperior|99/100|[from] item: Leftovers
|upkeep
|c|☆AlphaOnDc|Damnnnn now it's a problem nice comp
|
|t:|1743919683
|switch|p1a: Zapdos|Zapdos|63/100
|turn|15
|
|t:|1743919687
|move|p2a: Serperior|Tera Blast|p1a: Zapdos|[anim] Tera Blast Stellar
|-damage|p1a: Zapdos|0 fnt
|-boost|p2a: Serperior|atk|1
|-boost|p2a: Serperior|spa|1
|faint|p1a: Zapdos
|
|-heal|p2a: Serperior|100/100|[from] item: Leftovers
|upkeep
|
|t:|1743919696
|switch|p1a: Clodsire|Clodsire, M, shiny|76/100 brn
|-sideend|p1: AlphaOnDc|move: Toxic Spikes|[of] p1a: Clodsire
|turn|16
|
|t:|1743919700
|move|p2a: Serperior|Leaf Storm|p1a: Clodsire
|-damage|p1a: Clodsire|36/100 brn
|-boost|p2a: Serperior|spa|2
|move|p1a: Clodsire|Toxic|p2a: Serperior
|-status|p2a: Serperior|tox
|
|-heal|p1a: Clodsire|42/100 brn|[from] item: Leftovers
|-damage|p2a: Serperior|94/100 tox|[from] psn
|-damage|p1a: Clodsire|36/100 brn|[from] brn
|upkeep
|turn|17
|
|t:|1743919711
|move|p2a: Serperior|Tera Blast|p1a: Clodsire|[anim] Tera Blast Stellar
|-damage|p1a: Clodsire|20/100 brn
|-boost|p2a: Serperior|atk|1
|move|p1a: Clodsire|Recover|p1a: Clodsire
|-heal|p1a: Clodsire|70/100 brn
|
|-heal|p2a: Serperior|100/100 tox|[from] item: Leftovers
|-heal|p1a: Clodsire|77/100 brn|[from] item: Leftovers
|-damage|p2a: Serperior|88/100 tox|[from] psn
|-damage|p1a: Clodsire|70/100 brn|[from] brn
|upkeep
|turn|18
|
|t:|1743919725
|move|p2a: Serperior|Leech Seed|p1a: Clodsire
|-start|p1a: Clodsire|move: Leech Seed
|move|p1a: Clodsire|Toxic Spikes|p2a: Serperior
|-sidestart|p2: Flo03041992|move: Toxic Spikes
|
|-heal|p2a: Serperior|94/100 tox|[from] item: Leftovers
|-heal|p1a: Clodsire|77/100 brn|[from] item: Leftovers
|-damage|p1a: Clodsire|64/100 brn|[from] Leech Seed|[of] p2a: Serperior
|-heal|p2a: Serperior|100/100 tox|[silent]
|-damage|p2a: Serperior|82/100 tox|[from] psn
|-damage|p1a: Clodsire|58/100 brn|[from] brn
|upkeep
|turn|19
|
|t:|1743919738
|switch|p1a: Great Tusk|Great Tusk|100/100
|move|p2a: Serperior|Leaf Storm|p1a: Great Tusk
|-supereffective|p1a: Great Tusk
|-damage|p1a: Great Tusk|0 fnt
|faint|p1a: Great Tusk
|-end|p1a: Great Tusk|Protosynthesis|[silent]
|
|-heal|p2a: Serperior|88/100 tox|[from] item: Leftovers
|-damage|p2a: Serperior|63/100 tox|[from] psn
|upkeep
|
|t:|1743919764
|switch|p1a: Iron Valiant|Iron Valiant|100/100
|-enditem|p1a: Iron Valiant|Booster Energy
|-activate|p1a: Iron Valiant|ability: Quark Drive|[fromitem]
|-start|p1a: Iron Valiant|quarkdrivespe
|turn|20
|
|t:|1743919774
|-end|p1a: Iron Valiant|Quark Drive|[silent]
|switch|p1a: Clodsire|Clodsire, M, shiny|58/100 brn
|move|p2a: Serperior|Leaf Storm|p1a: Clodsire
|-damage|p1a: Clodsire|24/100 brn
|
|-heal|p2a: Serperior|70/100 tox|[from] item: Leftovers
|-heal|p1a: Clodsire|30/100 brn|[from] item: Leftovers
|-damage|p2a: Serperior|39/100 tox|[from] psn
|-damage|p1a: Clodsire|24/100 brn|[from] brn
|upkeep
|turn|21
|
|t:|1743919787
|move|p1a: Clodsire|Protect|p1a: Clodsire
|-singleturn|p1a: Clodsire|Protect
|move|p2a: Serperior|Leech Seed|p1a: Clodsire
|-activate|p1a: Clodsire|move: Protect
|
|-heal|p2a: Serperior|45/100 tox|[from] item: Leftovers
|-heal|p1a: Clodsire|30/100 brn|[from] item: Leftovers
|-damage|p2a: Serperior|8/100 tox|[from] psn
|-damage|p1a: Clodsire|24/100 brn|[from] brn
|upkeep
|turn|22
|
|t:|1743919799
|move|p2a: Serperior|Leech Seed|p1a: Clodsire
|-start|p1a: Clodsire|move: Leech Seed
|move|p1a: Clodsire|Recover|p1a: Clodsire
|-heal|p1a: Clodsire|74/100 brn
|
|-heal|p2a: Serperior|14/100 tox|[from] item: Leftovers
|-heal|p1a: Clodsire|80/100 brn|[from] item: Leftovers
|-damage|p1a: Clodsire|68/100 brn|[from] Leech Seed|[of] p2a: Serperior
|-heal|p2a: Serperior|34/100 tox|[silent]
|-damage|p2a: Serperior|0 fnt|[from] psn
|faint|p2a: Serperior
|-damage|p1a: Clodsire|62/100 brn|[from] brn
|upkeep
|
|t:|1743919822
|switch|p2a: Ribombee|Ribombee, M|18/100
|-activate|p2a: Ribombee|move: Sticky Web
|-unboost|p2a: Ribombee|spe|1
|-status|p2a: Ribombee|tox
|turn|23
|
|t:|1743919830
|switch|p1a: Iron Valiant|Iron Valiant|100/100
|move|p2a: Ribombee|Psychic Noise|p1a: Iron Valiant
|-supereffective|p1a: Iron Valiant
|-damage|p1a: Iron Valiant|21/100
|-start|p1a: Iron Valiant|move: Heal Block
|
|-damage|p2a: Ribombee|12/100 tox|[from] psn
|upkeep
|turn|24
|
|t:|1743919842
|move|p1a: Iron Valiant|Moonblast|p2a: Ribombee
|-damage|p2a: Ribombee|0 fnt
|faint|p2a: Ribombee
|
|-end|p1a: Iron Valiant|move: Heal Block
|upkeep
|
|t:|1743919852
|switch|p2a: Dragapult|Dragapult, M|100/100
|-activate|p2a: Dragapult|move: Sticky Web
|-fail|p2a: Dragapult|unboost|[from] ability: Clear Body|[of] p2a: Dragapult
|-status|p2a: Dragapult|tox
|turn|25
|
|t:|1743919865
|move|p2a: Dragapult|Hydro Pump|p1a: Iron Valiant
|-damage|p1a: Iron Valiant|0 fnt
|faint|p1a: Iron Valiant
|-end|p1a: Iron Valiant|Quark Drive|[silent]
|-damage|p2a: Dragapult|91/100 tox|[from] item: Life Orb
|
|-damage|p2a: Dragapult|85/100 tox|[from] psn
|upkeep
|
|t:|1743919877
|switch|p1a: Garganacl|Garganacl, M|100/100
|turn|26
|
|t:|1743919883
|move|p2a: Dragapult|Hydro Pump|p1a: Garganacl
|-supereffective|p1a: Garganacl
|-damage|p1a: Garganacl|28/100
|-damage|p2a: Dragapult|75/100 tox|[from] item: Life Orb
|move|p1a: Garganacl|Salt Cure|p2a: Dragapult
|-damage|p2a: Dragapult|54/100 tox
|-start|p2a: Dragapult|Salt Cure
|
|-heal|p1a: Garganacl|35/100|[from] item: Leftovers
|-damage|p2a: Dragapult|42/100 tox|[from] psn
|-damage|p2a: Dragapult|30/100 tox|[from] Salt Cure
|upkeep
|turn|27
|
|t:|1743919896
|move|p2a: Dragapult|Hydro Pump|p1a: Garganacl|[miss]
|-miss|p2a: Dragapult|p1a: Garganacl
|move|p1a: Garganacl|Recover|p1a: Garganacl
|-heal|p1a: Garganacl|85/100
|
|-heal|p1a: Garganacl|91/100|[from] item: Leftovers
|-damage|p2a: Dragapult|12/100 tox|[from] psn
|-damage|p2a: Dragapult|0 fnt|[from] Salt Cure
|faint|p2a: Dragapult
|upkeep
|
|t:|1743919911
|switch|p2a: Cinderace|Cinderace, M|95/100 tox
|turn|28
|
|t:|1743919919
|move|p2a: Cinderace|Pyro Ball|p1a: Garganacl
|-resisted|p1a: Garganacl
|-damage|p1a: Garganacl|77/100
|move|p1a: Garganacl|Salt Cure|p2a: Cinderace
|-supereffective|p2a: Cinderace
|-damage|p2a: Cinderace|58/100 tox
|-start|p2a: Cinderace|Salt Cure
|
|-heal|p1a: Garganacl|83/100|[from] item: Leftovers
|-damage|p2a: Cinderace|52/100 tox|[from] psn
|-damage|p2a: Cinderace|40/100 tox|[from] Salt Cure
|upkeep
|turn|29
|
|t:|1743919936
|move|p1a: Garganacl|Protect|p1a: Garganacl
|-singleturn|p1a: Garganacl|Protect
|move|p2a: Cinderace|Pyro Ball|p1a: Garganacl
|-activate|p1a: Garganacl|move: Protect
|
|-heal|p1a: Garganacl|89/100|[from] item: Leftovers
|-damage|p2a: Cinderace|28/100 tox|[from] psn
|-damage|p2a: Cinderace|15/100 tox|[from] Salt Cure
|upkeep
|turn|30
|
|t:|1743919949
|move|p2a: Cinderace|U-turn|p1a: Garganacl
|-damage|p1a: Garganacl|78/100
|
|t:|1743919952
|switch|p2a: Bisharp|Bisharp, F|100/100|[from] U-turn
|-activate|p2a: Bisharp|move: Sticky Web
|-unboost|p2a: Bisharp|spe|1
|-ability|p2a: Bisharp|Defiant|boost
|-boost|p2a: Bisharp|atk|2
|move|p1a: Garganacl|Salt Cure|p2a: Bisharp
|-resisted|p2a: Bisharp
|-damage|p2a: Bisharp|95/100
|-start|p2a: Bisharp|Salt Cure
|
|-heal|p1a: Garganacl|84/100|[from] item: Leftovers
|-damage|p2a: Bisharp|70/100|[from] Salt Cure
|upkeep
|turn|31
|
|t:|1743919967
|move|p1a: Garganacl|Protect|p1a: Garganacl
|-singleturn|p1a: Garganacl|Protect
|move|p2a: Bisharp|Swords Dance|p2a: Bisharp
|-boost|p2a: Bisharp|atk|2
|
|-heal|p1a: Garganacl|90/100|[from] item: Leftovers
|-damage|p2a: Bisharp|46/100|[from] Salt Cure
|upkeep
|turn|32
|
|t:|1743919977
|move|p2a: Bisharp|Iron Head|p1a: Garganacl
|-supereffective|p1a: Garganacl
|-damage|p1a: Garganacl|0 fnt
|faint|p1a: Garganacl
|
|-damage|p2a: Bisharp|21/100|[from] Salt Cure
|upkeep
|
|t:|1743919984
|switch|p1a: Clodsire|Clodsire, M, shiny|62/100 brn
|turn|33
|
|t:|1743919991
|move|p1a: Clodsire|Protect|p1a: Clodsire
|-singleturn|p1a: Clodsire|Protect
|move|p2a: Bisharp|Iron Head|p1a: Clodsire
|-activate|p1a: Clodsire|move: Protect
|
|-heal|p1a: Clodsire|68/100 brn|[from] item: Leftovers
|-damage|p1a: Clodsire|62/100 brn|[from] brn
|-damage|p2a: Bisharp|0 fnt|[from] Salt Cure
|faint|p2a: Bisharp
|upkeep
|
|t:|1743920002
|switch|p2a: Cinderace|Cinderace, M|15/100 tox
|turn|34
|
|t:|1743920007
|move|p2a: Cinderace|Pyro Ball|p1a: Clodsire
|-crit|p1a: Clodsire
|-damage|p1a: Clodsire|0 fnt
|faint|p1a: Clodsire
|
|win|Flo03041992
|raw|AlphaOnDc's rating: 1112 &rarr; <strong>1088</strong><br />(-24 for losing)
|raw|Flo03041992's rating: 1132 &rarr; <strong>1156</strong><br />(+24 for winning)
|c|☆AlphaOnDc|HAHAHAAHAHA
|c|☆AlphaOnDc|🤣🤣🤣
|l|☆Flo03041992
|player|p2|
|c|☆AlphaOnDc|GGS
|l|☆AlphaOnDc
|player|p1|
