|j|☆Barronmaster
|j|☆uniandes5
|t:|1743921369
|gametype|singles
|player|p1|Barronmaster|1|1423
|player|p2|uniandes5|1|1437
|teamsize|p1|6
|teamsize|p2|6
|gen|9
|tier|[Gen 9] OU
|rated|
|rule|HP Percentage Mod: HP is shown in percentages
|rule|Endless Battle Clause: Forcing endless battles is banned
|rule|Species Clause: Limit one of each Pokémon
|rule|OHKO Clause: OHKO moves are banned
|rule|Evasion Items Clause: Evasion items are banned
|rule|Evasion Moves Clause: Evasion moves are banned
|rule|Sleep Moves Clause: Sleep-inducing moves are banned
|clearpoke
|poke|p1|Hoopa-Unbound|
|poke|p1|Ninetales-Alola, M|
|poke|p1|Slowking-Galar, M|
|poke|p1|Cloyster, F|
|poke|p1|Zoroark, F|
|poke|p1|Indeedee, M|
|poke|p2|Torkoal, M|
|poke|p2|Hatterene, F|
|poke|p2|Walking Wake|
|poke|p2|Great Tusk|
|poke|p2|Charizard, F|
|poke|p2|Diancie|
|teampreview
|
|t:|1743921386
|start
|switch|p1a: Slowking|Slowking-Galar, M|100/100
|switch|p2a: Torkoal|Torkoal, M|100/100
|-weather|SunnyDay|[from] ability: Drought|[of] p2a: Torkoal
|turn|1
|
|t:|1743921390
|move|p1a: Slowking|Nasty Plot|p1a: Slowking
|-boost|p1a: Slowking|spa|2
|move|p2a: Torkoal|Stealth Rock|p1a: Slowking
|-sidestart|p1: Barronmaster|move: Stealth Rock
|
|-weather|SunnyDay|[upkeep]
|upkeep
|turn|2
|
|t:|1743921396
|switch|p2a: Walking Wake|Walking Wake|100/100
|-activate|p2a: Walking Wake|ability: Protosynthesis
|-start|p2a: Walking Wake|protosynthesisspe
|move|p1a: Slowking|Psychic Noise|p2a: Walking Wake
|-damage|p2a: Walking Wake|43/100
|-start|p2a: Walking Wake|move: Heal Block
|
|-weather|SunnyDay|[upkeep]
|upkeep
|turn|3
|
|t:|1743921402
|move|p2a: Walking Wake|Knock Off|p1a: Slowking
|-supereffective|p1a: Slowking
|-damage|p1a: Slowking|62/100
|-enditem|p1a: Slowking|Leftovers|[from] move: Knock Off|[of] p2a: Walking Wake
|move|p1a: Slowking|Trick Room|p1a: Slowking
|-fieldstart|move: Trick Room|[of] p1a: Slowking
|
|-weather|SunnyDay|[upkeep]
|-end|p2a: Walking Wake|move: Heal Block
|upkeep
|turn|4
|
|t:|1743921409
|-end|p2a: Walking Wake|Protosynthesis|[silent]
|switch|p2a: Hatterene|Hatterene, F|100/100
|move|p1a: Slowking|Psychic Noise|p2a: Hatterene
|-resisted|p2a: Hatterene
|-damage|p2a: Hatterene|63/100
|-start|p2a: Hatterene|move: Heal Block
|-enditem|p2a: Hatterene|Eject Button
|
|t:|1743921421
|switch|p2a: Diancie|Diancie|100/100
|
|-weather|SunnyDay|[upkeep]
|upkeep
|turn|5
|
|t:|1743921426
|move|p1a: Slowking|Psychic Noise|p2a: Diancie
|-damage|p2a: Diancie|26/100
|-start|p2a: Diancie|move: Heal Block
|move|p2a: Diancie|Psyshock|p1a: Slowking
|-damage|p1a: Slowking|26/100
|-damage|p2a: Diancie|16/100|[from] item: Life Orb
|
|-weather|SunnyDay|[upkeep]
|upkeep
|turn|6
|
|t:|1743921439
|switch|p2a: Hatterene|Hatterene, F|63/100
|move|p1a: Slowking|Psychic Noise|p2a: Hatterene
|-resisted|p2a: Hatterene
|-damage|p2a: Hatterene|25/100
|-start|p2a: Hatterene|move: Heal Block
|
|-weather|SunnyDay|[upkeep]
|upkeep
|turn|7
|
|t:|1743921463
|switch|p1a: Ninetales|Ninetales-Alola, M|100/100
|-damage|p1a: Ninetales|88/100|[from] Stealth Rock
|move|p2a: Hatterene|Nuzzle|p1a: Ninetales
|-damage|p1a: Ninetales|81/100
|-status|p1a: Ninetales|par
|replace|p1a: Zoroark|Zoroark, F
|-end|p1a: Zoroark|Illusion
|
|-weather|SunnyDay|[upkeep]
|-end|p2a: Hatterene|move: Heal Block
|-fieldend|move: Trick Room
|upkeep
|turn|8
|
|t:|1743921473
|switch|p2a: Great Tusk|Great Tusk|100/100
|-activate|p2a: Great Tusk|ability: Protosynthesis
|-start|p2a: Great Tusk|protosynthesisatk
|move|p1a: Zoroark|Flamethrower|p2a: Great Tusk
|-damage|p2a: Great Tusk|27/100
|-damage|p1a: Zoroark|71/100 par|[from] item: Life Orb
|
|-weather|none
|-end|p2a: Great Tusk|Protosynthesis
|upkeep
|turn|9
|
|t:|1743921485
|move|p1a: Zoroark|Sucker Punch|p2a: Great Tusk
|-resisted|p2a: Great Tusk
|-damage|p2a: Great Tusk|9/100
|-damage|p1a: Zoroark|61/100 par|[from] item: Life Orb
|move|p2a: Great Tusk|Headlong Rush|p1a: Zoroark
|-damage|p1a: Zoroark|0 fnt
|-unboost|p2a: Great Tusk|def|1
|-unboost|p2a: Great Tusk|spd|1
|-enditem|p2a: Great Tusk|Eject Pack
|faint|p1a: Zoroark
|
|t:|1743921494
|-end|p2a: Great Tusk|Protosynthesis|[silent]
|switch|p2a: StallMelter9000|Charizard, F|100/100
|
|upkeep
|
|t:|1743921504
|switch|p1a: Ninetales|Ninetales-Alola, M|100/100
|-damage|p1a: Ninetales|75/100|[from] Stealth Rock
|-weather|Snowscape|[from] ability: Snow Warning|[of] p1a: Ninetales
|turn|10
|
|t:|1743921514
|switch|p1a: Indeedee|Indeedee, M|100/100
|-damage|p1a: Indeedee|88/100|[from] Stealth Rock
|-fieldstart|move: Psychic Terrain|[from] ability: Psychic Surge|[of] p1a: Indeedee
|move|p2a: StallMelter9000|Overheat|p1a: Indeedee
|-damage|p1a: Indeedee|0 fnt
|-unboost|p2a: StallMelter9000|spa|2
|faint|p1a: Indeedee
|
|-weather|Snowscape|[upkeep]
|upkeep
|
|t:|1743921520
|switch|p1a: Slowking|Slowking-Galar, M|59/100
|-damage|p1a: Slowking|47/100|[from] Stealth Rock
|turn|11
|
|t:|1743921527
|move|p2a: StallMelter9000|Overheat|p1a: Slowking
|-damage|p1a: Slowking|10/100
|-unboost|p2a: StallMelter9000|spa|2
|move|p1a: Slowking|Psychic Noise|p2a: StallMelter9000
|-damage|p2a: StallMelter9000|38/100
|-start|p2a: StallMelter9000|move: Heal Block
|
|-weather|Snowscape|[upkeep]
|upkeep
|turn|12
|
|t:|1743921535
|switch|p2a: Torkoal|Torkoal, M|100/100
|-weather|SunnyDay|[from] ability: Drought|[of] p2a: Torkoal
|switch|p1a: Hoopa|Hoopa-Unbound|100/100
|-damage|p1a: Hoopa|88/100|[from] Stealth Rock
|
|-weather|SunnyDay|[upkeep]
|-heal|p1a: Hoopa|94/100|[from] item: Leftovers
|upkeep
|turn|13
|
|t:|1743921555
|move|p1a: Hoopa|Psychic Noise|p2a: Torkoal
|-damage|p2a: Torkoal|19/100
|-start|p2a: Torkoal|move: Heal Block
|move|p2a: Torkoal|Will-O-Wisp|p1a: Hoopa
|-status|p1a: Hoopa|brn
|
|-weather|SunnyDay|[upkeep]
|-heal|p1a: Hoopa|99/100 brn|[from] item: Leftovers
|-damage|p1a: Hoopa|94/100 brn|[from] brn
|upkeep
|turn|14
|
|t:|1743921569
|move|p1a: Hoopa|Thunderbolt|p2a: Torkoal
|-damage|p2a: Torkoal|0 fnt
|faint|p2a: Torkoal
|
|-weather|SunnyDay|[upkeep]
|-heal|p1a: Hoopa|99/100 brn|[from] item: Leftovers
|-damage|p1a: Hoopa|94/100 brn|[from] brn
|-fieldend|move: Psychic Terrain
|upkeep
|
|t:|1743921572
|switch|p2a: StallMelter9000|Charizard, F|38/100
|turn|15
|
|t:|1743921581
|move|p2a: StallMelter9000|Overheat|p1a: Hoopa
|-damage|p1a: Hoopa|0 fnt
|-unboost|p2a: StallMelter9000|spa|2
|faint|p1a: Hoopa
|
|-weather|SunnyDay|[upkeep]
|-damage|p2a: StallMelter9000|25/100|[from] ability: Solar Power|[of] p2a: StallMelter9000
|upkeep
|
|t:|1743921586
|switch|p1a: Ninetales|Ninetales-Alola, M|75/100
|-damage|p1a: Ninetales|50/100|[from] Stealth Rock
|-weather|Snowscape|[from] ability: Snow Warning|[of] p1a: Ninetales
|turn|16
|
|t:|1743921589
|move|p1a: Ninetales|Aurora Veil|p1a: Ninetales
|-sidestart|p1: Barronmaster|move: Aurora Veil
|move|p2a: StallMelter9000|Overheat|p1a: Ninetales
|-supereffective|p1a: Ninetales
|-damage|p1a: Ninetales|0 fnt
|-unboost|p2a: StallMelter9000|spa|2
|faint|p1a: Ninetales
|
|-weather|Snowscape|[upkeep]
|upkeep
|
|t:|1743921596
|switch|p1a: Slowking|Slowking-Galar, M|43/100
|-damage|p1a: Slowking|30/100|[from] Stealth Rock
|turn|17
|
|t:|1743921606
|switch|p2a: Great Tusk|Great Tusk|9/100
|move|p1a: Slowking|Psychic Noise|p2a: Great Tusk
|-supereffective|p2a: Great Tusk
|-damage|p2a: Great Tusk|0 fnt
|faint|p2a: Great Tusk
|-end|p2a: Great Tusk|Protosynthesis|[silent]
|
|-weather|Snowscape|[upkeep]
|upkeep
|
|t:|1743921614
|switch|p2a: Hatterene|Hatterene, F|25/100
|turn|18
|
|t:|1743921627
|-terastallize|p2a: Hatterene|Dark
|move|p2a: Hatterene|Healing Wish|p2a: Hatterene
|faint|p2a: Hatterene
|move|p1a: Slowking|Flamethrower|p2: Hatterene|[notarget]
|-fail|p1a: Slowking
|
|-weather|Snowscape|[upkeep]
|upkeep
|
|t:|1743921642
|switch|p2a: StallMelter9000|Charizard, F|25/100
|-heal|p2a: StallMelter9000|100/100|[from] move: Healing Wish
|turn|19
|
|t:|1743921664
|move|p2a: StallMelter9000|Flamethrower|p1a: Slowking
|-damage|p1a: Slowking|7/100
|move|p1a: Slowking|Trick Room|p1a: Slowking
|-fieldstart|move: Trick Room|[of] p1a: Slowking
|
|-weather|Snowscape|[upkeep]
|upkeep
|turn|20
|
|t:|1743921670
|switch|p2a: Diancie|Diancie|16/100
|move|p1a: Slowking|Psychic Noise|p2a: Diancie
|-damage|p2a: Diancie|0 fnt
|faint|p2a: Diancie
|
|-weather|none
|upkeep
|
|t:|1743921679
|switch|p2a: StallMelter9000|Charizard, F|100/100
|turn|21
|
|t:|1743921685
|switch|p2a: Walking Wake|Walking Wake|43/100
|move|p1a: Slowking|Psychic Noise|p2a: Walking Wake
|-damage|p2a: Walking Wake|14/100
|-start|p2a: Walking Wake|move: Heal Block
|
|upkeep
|turn|22
|
|t:|1743921692
|move|p1a: Slowking|Psychic Noise|p2a: Walking Wake
|-damage|p2a: Walking Wake|0 fnt
|faint|p2a: Walking Wake
|-end|p2a: Walking Wake|Protosynthesis|[silent]
|
|upkeep
|
|t:|1743921697
|switch|p2a: StallMelter9000|Charizard, F|100/100
|turn|23
|
|t:|1743921703
|move|p1a: Slowking|Psychic Noise|p2a: StallMelter9000
|-damage|p2a: StallMelter9000|50/100
|-start|p2a: StallMelter9000|move: Heal Block
|move|p2a: StallMelter9000|Flamethrower|p1a: Slowking
|-damage|p1a: Slowking|0 fnt
|faint|p1a: Slowking
|
|-sideend|p1: Barronmaster|move: Aurora Veil
|-fieldend|move: Trick Room
|upkeep
|
|t:|1743921705
|switch|p1a: Cloyster|Cloyster, F|100/100
|turn|24
|
|t:|1743921712
|-terastallize|p1a: Cloyster|Dragon
|move|p2a: StallMelter9000|Flamethrower|p1a: Cloyster
|-resisted|p1a: Cloyster
|-damage|p1a: Cloyster|25/100
|move|p1a: Cloyster|Icicle Spear|p2a: StallMelter9000
|-damage|p2a: StallMelter9000|33/100
|-damage|p2a: StallMelter9000|17/100
|-damage|p2a: StallMelter9000|1/100
|-damage|p2a: StallMelter9000|0 fnt
|faint|p2a: StallMelter9000
|-hitcount|p2: StallMelter9000|4
|
|win|Barronmaster
|raw|Barronmaster's rating: 1423 &rarr; <strong>1444</strong><br />(+21 for winning)
|raw|uniandes5's rating: 1437 &rarr; <strong>1416</strong><br />(-21 for losing)
|l|☆uniandes5
|player|p2|
|l|☆Barronmaster
|player|p1|
