|j|‽Eddy_izy
|j|☆GoombaJuiced
|t:|1743922164
|gametype|singles
|player|p1|Eddy_izy|shadowtriad|1077
|player|p2|GoombaJuiced|170|1118
|teamsize|p1|6
|teamsize|p2|6
|gen|9
|tier|[Gen 9] OU
|rated|
|rule|HP Percentage Mod: HP is shown in percentages
|rule|Endless Battle Clause: Forcing endless battles is banned
|rule|Species Clause: Limit one of each Pokémon
|rule|OHKO Clause: OHKO moves are banned
|rule|Evasion Items Clause: Evasion items are banned
|rule|Evasion Moves Clause: Evasion moves are banned
|rule|Sleep Moves Clause: Sleep-inducing moves are banned
|clearpoke
|poke|p1|Volcanion|
|poke|p1|Ludicolo, M|
|poke|p1|Mimikyu, M|
|poke|p1|Vileplume, M|
|poke|p1|Cinderace, M|
|poke|p1|Gliscor, M|
|poke|p2|Cresselia, F|
|poke|p2|Rotom-Heat|
|poke|p2|Scizor, M|
|poke|p2|Falinks|
|poke|p2|Dondozo, F|
|poke|p2|Tsareena, F|
|teampreview
|
|t:|1743922178
|start
|switch|p1a: Ludicolo|Ludicolo, M, shiny|100/100
|switch|p2a: Cresselia|Cresselia, F|100/100
|turn|1
|
|t:|1743922186
|move|p2a: Cresselia|Calm Mind|p2a: Cresselia
|-boost|p2a: Cresselia|spa|1
|-boost|p2a: Cresselia|spd|1
|move|p1a: Ludicolo|Leech Seed|p2a: Cresselia
|-start|p2a: Cresselia|move: Leech Seed
|
|-damage|p2a: Cresselia|88/100|[from] Leech Seed|[of] p1a: Ludicolo
|upkeep
|turn|2
|
|t:|1743922194
|move|p2a: Cresselia|Thunderbolt|p1a: Ludicolo
|-damage|p1a: Ludicolo|66/100
|move|p1a: Ludicolo|Rain Dance|p1a: Ludicolo
|-weather|RainDance
|
|-weather|RainDance|[upkeep]
|-heal|p1a: Ludicolo|72/100|[from] ability: Rain Dish
|-heal|p2a: Cresselia|94/100|[from] item: Leftovers
|-heal|p1a: Ludicolo|78/100|[from] item: Leftovers
|-damage|p2a: Cresselia|82/100|[from] Leech Seed|[of] p1a: Ludicolo
|-heal|p1a: Ludicolo|93/100|[silent]
|upkeep
|turn|3
|
|t:|1743922208
|move|p2a: Cresselia|Ice Beam|p1a: Ludicolo
|-damage|p1a: Ludicolo|57/100
|move|p1a: Ludicolo|Thunder Punch|p2a: Cresselia
|-damage|p2a: Cresselia|72/100
|
|-weather|RainDance|[upkeep]
|-heal|p1a: Ludicolo|63/100|[from] ability: Rain Dish
|-heal|p2a: Cresselia|78/100|[from] item: Leftovers
|-heal|p1a: Ludicolo|70/100|[from] item: Leftovers
|-damage|p2a: Cresselia|66/100|[from] Leech Seed|[of] p1a: Ludicolo
|-heal|p1a: Ludicolo|85/100|[silent]
|upkeep
|turn|4
|inactive|Battle timer is ON: inactive players will automatically lose when time's up. (requested by Eddy_izy)
|
|t:|1743922239
|switch|p2a: Scizor|Scizor, M|100/100
|move|p1a: Ludicolo|Hydro Pump|p2a: Scizor
|-damage|p2a: Scizor|30/100
|
|-weather|RainDance|[upkeep]
|-heal|p1a: Ludicolo|91/100|[from] ability: Rain Dish
|-heal|p1a: Ludicolo|97/100|[from] item: Leftovers
|upkeep
|turn|5
|
|t:|1743922249
|move|p2a: Scizor|U-turn|p1a: Ludicolo
|-supereffective|p1a: Ludicolo
|-damage|p1a: Ludicolo|0 fnt
|faint|p1a: Ludicolo
|
|t:|1743922261
|switch|p2a: Falinks|Falinks|100/100|[from] U-turn
|
|-weather|RainDance|[upkeep]
|upkeep
|
|t:|1743922269
|switch|p1a: Mimikyu|Mimikyu, M, shiny|100/100
|turn|6
|
|t:|1743922276
|move|p2a: Falinks|Iron Head|p1a: Mimikyu
|-activate|p1a: Mimikyu|ability: Disguise
|-damage|p1a: Mimikyu|100/100
|detailschange|p1a: Mimikyu|Mimikyu-Busted, M, shiny
|-damage|p1a: Mimikyu|88/100|[from] pokemon: Mimikyu-Busted
|move|p1a: Mimikyu|Psychic|p2a: Falinks
|-supereffective|p2a: Falinks
|-damage|p2a: Falinks|56/100
|
|-weather|none
|-heal|p2a: Falinks|62/100|[from] item: Leftovers
|upkeep
|turn|7
|
|t:|1743922289
|move|p2a: Falinks|No Retreat|p2a: Falinks
|-boost|p2a: Falinks|atk|1
|-boost|p2a: Falinks|def|1
|-boost|p2a: Falinks|spa|1
|-boost|p2a: Falinks|spd|1
|-boost|p2a: Falinks|spe|1
|-start|p2a: Falinks|move: No Retreat
|move|p1a: Mimikyu|Draining Kiss|p2a: Falinks
|-supereffective|p2a: Falinks
|-damage|p2a: Falinks|39/100
|-heal|p1a: Mimikyu|100/100|[from] drain|[of] p2a: Falinks
|
|-heal|p2a: Falinks|46/100|[from] item: Leftovers
|upkeep
|turn|8
|
|t:|1743922306
|move|p2a: Falinks|Iron Head|p1a: Mimikyu
|-supereffective|p1a: Mimikyu
|-damage|p1a: Mimikyu|21/100
|cant|p1a: Mimikyu|flinch
|
|-heal|p2a: Falinks|52/100|[from] item: Leftovers
|upkeep
|turn|9
|
|t:|1743922313
|move|p2a: Falinks|Iron Head|p1a: Mimikyu
|-supereffective|p1a: Mimikyu
|-damage|p1a: Mimikyu|0 fnt
|faint|p1a: Mimikyu
|
|-heal|p2a: Falinks|58/100|[from] item: Leftovers
|upkeep
|
|t:|1743922328
|switch|p1a: Cinderace|Cinderace, M, shiny|100/100
|turn|10
|
|t:|1743922332
|move|p2a: Falinks|High Horsepower|p1a: Cinderace
|-supereffective|p1a: Cinderace
|-damage|p1a: Cinderace|14/100
|move|p1a: Cinderace|Bounce||[still]
|-prepare|p1a: Cinderace|Bounce
|-start|p1a: Cinderace|typechange|Flying|[from] ability: Libero
|
|-heal|p2a: Falinks|64/100|[from] item: Leftovers
|upkeep
|turn|11
|
|t:|1743922344
|move|p2a: Falinks|Iron Head|p1a: Cinderace|[miss]
|-miss|p2a: Falinks|p1a: Cinderace
|move|p1a: Cinderace|Bounce|p2a: Falinks|[from] lockedmove
|-supereffective|p2a: Falinks
|-damage|p2a: Falinks|12/100
|-status|p2a: Falinks|par
|
|-heal|p2a: Falinks|18/100 par|[from] item: Leftovers
|upkeep
|turn|12
|
|t:|1743922357
|move|p1a: Cinderace|Bounce||[still]
|-prepare|p1a: Cinderace|Bounce
|move|p2a: Falinks|Iron Head|p1a: Cinderace|[miss]
|-miss|p2a: Falinks|p1a: Cinderace
|
|-heal|p2a: Falinks|24/100 par|[from] item: Leftovers
|upkeep
|turn|13
|
|t:|1743922364
|move|p1a: Cinderace|Bounce|p2a: Falinks|[from] lockedmove
|-supereffective|p2a: Falinks
|-damage|p2a: Falinks|0 fnt
|faint|p2a: Falinks
|
|upkeep
|
|t:|1743922372
|switch|p2a: Scizor|Scizor, M|30/100
|turn|14
|
|t:|1743922377
|move|p2a: Scizor|Bullet Punch|p1a: Cinderace
|-damage|p1a: Cinderace|0 fnt
|faint|p1a: Cinderace
|
|upkeep
|
|t:|1743922386
|switch|p1a: Volcanion|Volcanion|100/100
|turn|15
|
|t:|1743922393
|switch|p2a: Dondozo|Dondozo, F|100/100
|move|p1a: Volcanion|Fire Blast|p2a: Dondozo
|-resisted|p2a: Dondozo
|-damage|p2a: Dondozo|81/100
|
|upkeep
|turn|16
|
|t:|1743922422
|switch|p1a: Vileplume|Vileplume, M, shiny|100/100
|move|p2a: Dondozo|Avalanche|p1a: Vileplume
|-supereffective|p1a: Vileplume
|-damage|p1a: Vileplume|67/100
|-status|p2a: Dondozo|slp|[from] ability: Effect Spore|[of] p1a: Vileplume
|
|upkeep
|turn|17
|
|t:|1743922433
|move|p1a: Vileplume|Sludge Bomb|p2a: Dondozo
|-damage|p2a: Dondozo|64/100 slp
|cant|p2a: Dondozo|slp
|
|upkeep
|turn|18
|
|t:|1743922442
|move|p1a: Vileplume|Energy Ball|p2a: Dondozo
|-supereffective|p2a: Dondozo
|-damage|p2a: Dondozo|25/100 slp
|cant|p2a: Dondozo|slp
|
|upkeep
|turn|19
|
|t:|1743922448
|move|p1a: Vileplume|Energy Ball|p2a: Dondozo
|-supereffective|p2a: Dondozo
|-damage|p2a: Dondozo|0 fnt
|faint|p2a: Dondozo
|
|upkeep
|
|t:|1743922458
|switch|p2a: Tsareena|Tsareena, F|100/100
|turn|20
|
|t:|1743922464
|move|p2a: Tsareena|Rapid Spin|p1a: Vileplume
|-damage|p1a: Vileplume|46/100
|-boost|p2a: Tsareena|spe|1
|move|p1a: Vileplume|Sludge Bomb|p2a: Tsareena
|-supereffective|p2a: Tsareena
|-damage|p2a: Tsareena|12/100
|
|upkeep
|turn|21
|
|t:|1743922473
|move|p2a: Tsareena|Triple Axel|p1a: Vileplume
|-supereffective|p1a: Vileplume
|-damage|p1a: Vileplume|31/100
|-supereffective|p1a: Vileplume
|-damage|p1a: Vileplume|0 fnt
|faint|p1a: Vileplume
|-hitcount|p1: Vileplume|2
|
|upkeep
|
|t:|1743922483
|switch|p1a: Gliscor|Gliscor, M, shiny|100/100
|turn|22
|
|t:|1743922487
|move|p2a: Tsareena|Triple Axel|p1a: Gliscor
|-supereffective|p1a: Gliscor
|-damage|p1a: Gliscor|75/100
|-supereffective|p1a: Gliscor
|-damage|p1a: Gliscor|27/100
|-supereffective|p1a: Gliscor
|-damage|p1a: Gliscor|0 fnt
|faint|p1a: Gliscor
|-hitcount|p1: Gliscor|3
|
|upkeep
|
|t:|1743922496
|switch|p1a: Volcanion|Volcanion|100/100
|turn|23
|
|t:|1743922500
|move|p2a: Tsareena|Power Whip|p1a: Volcanion
|-damage|p1a: Volcanion|40/100
|move|p1a: Volcanion|Fire Blast|p2a: Tsareena
|-supereffective|p2a: Tsareena
|-damage|p2a: Tsareena|0 fnt
|faint|p2a: Tsareena
|
|upkeep
|
|t:|1743922509
|switch|p2a: Scizor|Scizor, M|30/100
|turn|24
|
|t:|1743922514
|move|p2a: Scizor|Bullet Punch|p1a: Volcanion
|-resisted|p1a: Volcanion
|-damage|p1a: Volcanion|30/100
|move|p1a: Volcanion|Fire Blast|p2a: Scizor
|-supereffective|p2a: Scizor
|-damage|p2a: Scizor|0 fnt
|faint|p2a: Scizor
|
|upkeep
|
|t:|1743922520
|switch|p2a: Rotom|Rotom-Heat|100/100
|turn|25
|
|t:|1743922527
|-terastallize|p2a: Rotom|Electric
|move|p2a: Rotom|Thunderbolt|p1a: Volcanion
|-supereffective|p1a: Volcanion
|-damage|p1a: Volcanion|0 fnt
|faint|p1a: Volcanion
|
|win|GoombaJuiced
|raw|Eddy_izy's rating: 1099 &rarr; <strong>1076</strong><br />(-23 for losing)
|raw|GoombaJuiced's rating: 1118 &rarr; <strong>1142</strong><br />(+24 for winning)
|l|☆GoombaJuiced
|player|p2|
|l|‽Eddy_izy
|player|p1|
