|j|☆weepingbell456
|j|☆OnigiriDesu
|t:|1743933296
|gametype|singles
|player|p1|weepingbell456|1|1077
|player|p2|OnigiriDesu|hilbert|1064
|teamsize|p1|6
|teamsize|p2|6
|gen|9
|tier|[Gen 9] OU
|rated|
|rule|HP Percentage Mod: HP is shown in percentages
|rule|Endless Battle Clause: Forcing endless battles is banned
|rule|Species Clause: Limit one of each Pokémon
|rule|OHKO Clause: OHKO moves are banned
|rule|Evasion Items Clause: Evasion items are banned
|rule|Evasion Moves Clause: Evasion moves are banned
|rule|Sleep Moves Clause: Sleep-inducing moves are banned
|clearpoke
|poke|p1|Jolteon, F|
|poke|p1|Ninetales-Alola, M|
|poke|p1|Slowking-Galar, F|
|poke|p1|Gliscor, M|
|poke|p1|Cyclizar, M|
|poke|p1|Illumise, F|
|poke|p2|Skarmory, M|
|poke|p2|Minior|
|poke|p2|Electivire, F|
|poke|p2|Blastoise, M|
|poke|p2|Kingambit, F|
|poke|p2|Toxapex, M|
|teampreview
|
|t:|1743933321
|start
|switch|p1a: Illumise|Illumise, F|100/100
|switch|p2a: Skarmory|Skarmory, M|100/100
|turn|1
|
|t:|1743933327
|move|p1a: Illumise|Thunder Wave|p2a: Skarmory
|-status|p2a: Skarmory|par
|cant|p2a: Skarmory|par
|
|upkeep
|turn|2
|
|t:|1743933332
|move|p1a: Illumise|U-turn|p2a: Skarmory
|-resisted|p2a: Skarmory
|-damage|p2a: Skarmory|98/100 par
|-damage|p1a: Illumise|84/100|[from] item: Rocky Helmet|[of] p2a: Skarmory
|
|t:|1743933337
|switch|p1a: Gliscor|Gliscor, M|100/100|[from] U-turn
|move|p2a: Skarmory|Stealth Rock|p1a: Gliscor
|-sidestart|p1: weepingbell456|move: Stealth Rock
|
|-status|p1a: Gliscor|tox|[from] item: Toxic Orb
|upkeep
|turn|3
|
|t:|1743933345
|move|p1a: Gliscor|Stealth Rock|p2a: Skarmory
|-sidestart|p2: OnigiriDesu|move: Stealth Rock
|move|p2a: Skarmory|Iron Defense|p2a: Skarmory
|-boost|p2a: Skarmory|def|2
|
|upkeep
|turn|4
|
|t:|1743933352
|move|p1a: Gliscor|Spikes|p2a: Skarmory
|-sidestart|p2: OnigiriDesu|Spikes
|cant|p2a: Skarmory|par
|
|upkeep
|turn|5
|
|t:|1743933356
|move|p1a: Gliscor|Spikes|p2a: Skarmory
|-sidestart|p2: OnigiriDesu|Spikes
|cant|p2a: Skarmory|par
|
|upkeep
|turn|6
|
|t:|1743933359
|move|p1a: Gliscor|Spikes|p2a: Skarmory
|-sidestart|p2: OnigiriDesu|Spikes
|move|p2a: Skarmory|Iron Defense|p2a: Skarmory
|-boost|p2a: Skarmory|def|2
|
|upkeep
|turn|7
|
|t:|1743933365
|move|p1a: Gliscor|U-turn|p2a: Skarmory
|-resisted|p2a: Skarmory
|-damage|p2a: Skarmory|98/100 par
|-damage|p1a: Gliscor|84/100 tox|[from] item: Rocky Helmet|[of] p2a: Skarmory
|
|t:|1743933370
|switch|p1a: Jolteon|Jolteon, F|100/100|[from] U-turn
|-damage|p1a: Jolteon|88/100|[from] Stealth Rock
|cant|p2a: Skarmory|par
|
|-status|p1a: Jolteon|brn|[from] item: Flame Orb
|upkeep
|turn|8
|
|t:|1743933379
|move|p1a: Jolteon|Thunderbolt|p2a: Skarmory
|-supereffective|p2a: Skarmory
|-damage|p2a: Skarmory|0 fnt
|faint|p2a: Skarmory
|
|-damage|p1a: Jolteon|82/100 brn|[from] brn
|upkeep
|
|t:|1743933382
|switch|p2a: Minior|Minior|100/100
|-damage|p2a: Minior|76/100|[from] Stealth Rock
|-formechange|p2a: Minior|Minior-Meteor||[from] ability: Shields Down
|turn|9
|
|t:|1743933390
|switch|p2a: Electivire|Electivire, F|100/100
|-damage|p2a: Electivire|88/100|[from] Stealth Rock
|-item|p2a: Electivire|Air Balloon
|move|p1a: Jolteon|Thunderbolt|p2a: Electivire
|-ability|p2a: Electivire|Motor Drive|boost
|-boost|p2a: Electivire|spe|1
|
|-damage|p1a: Jolteon|77/100 brn|[from] brn
|upkeep
|turn|10
|
|t:|1743933400
|switch|p1a: Slowking|Slowking-Galar, F|100/100
|-damage|p1a: Slowking|88/100|[from] Stealth Rock
|move|p2a: Electivire|Bulk Up|p2a: Electivire
|-boost|p2a: Electivire|atk|1
|-boost|p2a: Electivire|def|1
|
|upkeep
|turn|11
|
|t:|1743933407
|move|p2a: Electivire|Earthquake|p1a: Slowking
|-supereffective|p1a: Slowking
|-damage|p1a: Slowking|5/100
|move|p1a: Slowking|Future Sight|p2a: Electivire
|-start|p1a: Slowking|move: Future Sight
|
|upkeep
|turn|12
|
|t:|1743933421
|switch|p1a: Gliscor|Gliscor, M|84/100 tox
|-damage|p1a: Gliscor|72/100 tox|[from] Stealth Rock
|move|p2a: Electivire|Trailblaze|p1a: Gliscor
|-damage|p1a: Gliscor|45/100 tox
|-boost|p2a: Electivire|spe|1
|
|-heal|p1a: Gliscor|57/100 tox|[from] ability: Poison Heal
|upkeep
|turn|13
|
|t:|1743933431
|move|p2a: Electivire|Supercell Slam|p1a: Gliscor
|-immune|p1a: Gliscor
|-damage|p2a: Electivire|38/100|[from] supercellslam
|move|p1a: Gliscor|U-turn|p2a: Electivire
|-damage|p2a: Electivire|17/100
|-enditem|p2a: Electivire|Air Balloon
|
|t:|1743933438
|switch|p1a: Cyclizar|Cyclizar, M|100/100|[from] U-turn
|-damage|p1a: Cyclizar|88/100|[from] Stealth Rock
|
|-end|p2a: Electivire|move: Future Sight
|-damage|p2a: Electivire|0 fnt
|faint|p2a: Electivire
|-heal|p1a: Cyclizar|94/100|[from] item: Leftovers
|upkeep
|
|t:|1743933449
|switch|p2a: Toxapex|Toxapex, M|100/100
|-damage|p2a: Toxapex|88/100|[from] Stealth Rock
|-damage|p2a: Toxapex|63/100|[from] Spikes
|turn|14
|
|t:|1743933454
|switch|p2a: Blastoise|Blastoise, M|100/100
|-damage|p2a: Blastoise|88/100|[from] Stealth Rock
|-damage|p2a: Blastoise|63/100|[from] Spikes
|move|p1a: Cyclizar|Knock Off|p2a: Blastoise
|-damage|p2a: Blastoise|29/100
|-enditem|p2a: Blastoise|White Herb|[from] move: Knock Off|[of] p1a: Cyclizar
|
|-heal|p1a: Cyclizar|99/100|[from] item: Leftovers
|upkeep
|turn|15
|-message|OnigiriDesu forfeited.
|
|win|weepingbell456
|raw|weepingbell456's rating: 1077 &rarr; <strong>1104</strong><br />(+27 for winning)
|raw|OnigiriDesu's rating: 1064 &rarr; <strong>1045</strong><br />(-19 for losing)
|l|☆OnigiriDesu
|player|p2|
|l|☆weepingbell456
|player|p1|
