|j|☆Ragonsaurus
|j|☆stallkiller393
|t:|1743927938
|gametype|singles
|player|p1|Ragonsaurus|veteran|1209
|player|p2|stallkiller393|rocketgrunt|1261
|teamsize|p1|6
|teamsize|p2|6
|gen|9
|tier|[Gen 9] OU
|rated|
|rule|HP Percentage Mod: HP is shown in percentages
|rule|Endless Battle Clause: Forcing endless battles is banned
|rule|Species Clause: Limit one of each Pokémon
|rule|OHKO Clause: OHKO moves are banned
|rule|Evasion Items Clause: Evasion items are banned
|rule|Evasion Moves Clause: Evasion moves are banned
|rule|Sleep Moves Clause: Sleep-inducing moves are banned
|clearpoke
|poke|p1|Glimmora, F|
|poke|p1|Zamazenta-*|
|poke|p1|Latias, F|
|poke|p1|Dragonite, F|
|poke|p1|Zapdos|
|poke|p1|Skeledirge, F|
|poke|p2|Zapdos-Galar|
|poke|p2|Ambipom, M|
|poke|p2|Rillaboom, F|
|poke|p2|Iron Hands|
|poke|p2|Indeedee, M|
|poke|p2|Pecharunt|
|teampreview
|inactive|Battle timer is ON: inactive players will automatically lose when time's up. (requested by Ragonsaurus)
|inactive|stallkiller393 has 120 seconds left.
|
|t:|1743927990
|start
|switch|p1a: Glimmora|Glimmora, F|100/100
|switch|p2a: Indeedee|Indeedee, M|100/100
|-fieldstart|move: Psychic Terrain|[from] ability: Psychic Surge|[of] p2a: Indeedee
|turn|1
|
|t:|1743928011
|switch|p1a: Skeledirge|Skeledirge, F|100/100
|move|p2a: Indeedee|Expanding Force|p1a: Skeledirge
|-crit|p1a: Skeledirge
|-damage|p1a: Skeledirge|0 fnt
|faint|p1a: Skeledirge
|
|upkeep
|c|☆stallkiller393|oof
|
|t:|1743928019
|switch|p1a: Zapdos|Zapdos|100/100
|turn|2
|c|☆Ragonsaurus|holy shit that scared me
|inactive|stallkiller393 has 120 seconds left.
|
|t:|1743928057
|switch|p2a: Iron Hands|Iron Hands|100/100
|-enditem|p2a: Iron Hands|Booster Energy
|-activate|p2a: Iron Hands|ability: Quark Drive|[fromitem]
|-start|p2a: Iron Hands|quarkdrivedef
|move|p1a: Zapdos|Thunder Wave|p2a: Iron Hands
|-immune|p2a: Iron Hands
|
|upkeep
|turn|3
|inactive|stallkiller393 has 120 seconds left.
|c|☆stallkiller393|my first game of the day
|c|☆stallkiller393|and crit is nasty ngl
|
|t:|1743928078
|move|p1a: Zapdos|Hurricane|p2a: Iron Hands|[miss]
|-miss|p1a: Zapdos|p2a: Iron Hands
|move|p2a: Iron Hands|Swords Dance|p2a: Iron Hands
|-boost|p2a: Iron Hands|atk|2
|
|upkeep
|turn|4
|
|t:|1743928087
|switch|p1a: Dragonite|Dragonite, F|100/100
|move|p2a: Iron Hands|Ice Punch|p1a: Dragonite
|-supereffective|p1a: Dragonite
|-damage|p1a: Dragonite|0 fnt
|faint|p1a: Dragonite
|
|upkeep
|
|t:|1743928097
|switch|p1a: Zamazenta|Zamazenta|100/100
|-ability|p1a: Zamazenta|Dauntless Shield|boost
|-boost|p1a: Zamazenta|def|1
|turn|5
|c|☆stallkiller393|I built this team last night
|inactive|stallkiller393 has 120 seconds left.
|
|t:|1743928117
|move|p1a: Zamazenta|Iron Defense|p1a: Zamazenta
|-boost|p1a: Zamazenta|def|2
|move|p2a: Iron Hands|Drain Punch|p1a: Zamazenta
|-damage|p1a: Zamazenta|81/100
|
|-heal|p1a: Zamazenta|87/100|[from] item: Leftovers
|-fieldend|move: Psychic Terrain
|upkeep
|turn|6
|c|☆Ragonsaurus|I built this from a forum then modified it with chatgpt haha
|c|☆stallkiller393|haha nice
|
|t:|1743928130
|-end|p2a: Iron Hands|Quark Drive|[silent]
|switch|p2a: Indeedee|Indeedee, M|100/100
|-fieldstart|move: Psychic Terrain|[from] ability: Psychic Surge|[of] p2a: Indeedee
|move|p1a: Zamazenta|Substitute|p1a: Zamazenta
|-start|p1a: Zamazenta|Substitute
|-damage|p1a: Zamazenta|62/100
|
|-heal|p1a: Zamazenta|68/100|[from] item: Leftovers
|upkeep
|turn|7
|c|☆stallkiller393|I couldn't sleep so built this
|c|☆stallkiller393|then fell asleep
|
|t:|1743928141
|move|p1a: Zamazenta|Crunch|p2a: Indeedee
|-supereffective|p2a: Indeedee
|-damage|p2a: Indeedee|37/100
|-unboost|p2a: Indeedee|def|1
|move|p2a: Indeedee|Psychic Noise|p1a: Zamazenta
|-supereffective|p1a: Zamazenta
|-damage|p1a: Zamazenta|0 fnt
|faint|p1a: Zamazenta
|
|upkeep
|c|☆Ragonsaurus|at 4am or something
|c|☆Ragonsaurus|?
|c|☆stallkiller393|yeah lmao how you know
|
|t:|1743928155
|switch|p1a: Latias|Latias, F|100/100
|turn|8
|c|☆stallkiller393|wtf haha
|inactive|stallkiller393 has 120 seconds left.
|c|☆Ragonsaurus|I have insomnia too
|
|t:|1743928174
|move|p1a: Latias|Calm Mind|p1a: Latias
|-boost|p1a: Latias|spa|1
|-boost|p1a: Latias|spd|1
|move|p2a: Indeedee|Dazzling Gleam|p1a: Latias
|-supereffective|p1a: Latias
|-damage|p1a: Latias|72/100
|
|-heal|p1a: Latias|78/100|[from] item: Leftovers
|upkeep
|turn|9
|c|☆stallkiller393|well I used to have insomnia but
|inactive|stallkiller393 has 120 seconds left.
|c|☆stallkiller393|I take these tablets now and
|c|☆stallkiller393|sometimes they make me stay up late asf
|
|t:|1743928198
|switch|p2a: Zapdos|Zapdos-Galar|100/100
|-enditem|p2a: Zapdos|Psychic Seed
|-boost|p2a: Zapdos|spd|1|[from] item: Psychic Seed
|-terastallize|p1a: Latias|Fairy
|move|p1a: Latias|Calm Mind|p1a: Latias
|-boost|p1a: Latias|spa|1
|-boost|p1a: Latias|spd|1
|
|-heal|p1a: Latias|84/100|[from] item: Leftovers
|upkeep
|turn|10
|c|☆Ragonsaurus|tablets?
|c|☆Ragonsaurus|xannies?
|
|t:|1743928220
|-terastallize|p2a: Zapdos|Steel
|move|p2a: Zapdos|Acrobatics|p1a: Latias
|-damage|p1a: Latias|32/100
|move|p1a: Latias|Agility|p1a: Latias
|-boost|p1a: Latias|spe|2
|
|-heal|p1a: Latias|38/100|[from] item: Leftovers
|-fieldend|move: Psychic Terrain
|upkeep
|turn|11
|c|☆stallkiller393|man I wish
|
|t:|1743928232
|move|p1a: Latias|Draining Kiss|p2a: Zapdos
|-resisted|p2a: Zapdos
|-damage|p2a: Zapdos|82/100
|-heal|p1a: Latias|51/100|[from] drain|[of] p2a: Zapdos
|move|p2a: Zapdos|Acrobatics|p1a: Latias
|-damage|p1a: Latias|1/100
|
|-heal|p1a: Latias|7/100|[from] item: Leftovers
|upkeep
|turn|12
|inactive|stallkiller393 has 90 seconds left.
|
|t:|1743928248
|move|p1a: Latias|Stored Power|p2a: Zapdos
|-resisted|p2a: Zapdos
|-damage|p2a: Zapdos|36/100
|move|p2a: Zapdos|Acrobatics|p1a: Latias
|-damage|p1a: Latias|0 fnt
|faint|p1a: Latias
|
|upkeep
|c|☆stallkiller393|no psychic move?
|
|t:|1743928255
|switch|p1a: Glimmora|Glimmora, F|100/100
|turn|13
|c|☆Ragonsaurus|no holy crap
|inactive|stallkiller393 has 90 seconds left.
|c|☆stallkiller393|im telling you bro
|c|☆stallkiller393|I had a vision
|c|☆stallkiller393|this team is nuts
|
|t:|1743928283
|move|p2a: Zapdos|Thunderous Kick|p1a: Glimmora
|-damage|p1a: Glimmora|47/100
|-unboost|p1a: Glimmora|def|1
|-activate|p1a: Glimmora|ability: Toxic Debris
|-sidestart|p2: stallkiller393|move: Toxic Spikes
|move|p1a: Glimmora|Earth Power|p2a: Zapdos
|-supereffective|p2a: Zapdos
|-damage|p2a: Zapdos|0 fnt
|faint|p2a: Zapdos
|
|upkeep
|c|☆stallkiller393|this thing has bulk up too
|c|☆Ragonsaurus|*takes notes*
|inactive|stallkiller393 has 60 seconds left.
|
|t:|1743928308
|switch|p2a: Rillaboom|Rillaboom, F|100/100
|-status|p2a: Rillaboom|psn
|-fieldstart|move: Grassy Terrain|[from] ability: Grassy Surge|[of] p2a: Rillaboom
|turn|14
|
|t:|1743928317
|move|p2a: Rillaboom|Wood Hammer|p1a: Glimmora
|-damage|p1a: Glimmora|0 fnt
|-activate|p1a: Glimmora|ability: Toxic Debris
|-sidestart|p2: stallkiller393|move: Toxic Spikes
|faint|p1a: Glimmora
|-damage|p2a: Rillaboom|87/100 psn|[from] Recoil
|
|-heal|p2a: Rillaboom|93/100 psn|[from] Grassy Terrain
|-damage|p2a: Rillaboom|81/100 psn|[from] psn
|upkeep
|
|t:|1743928326
|switch|p1a: Zapdos|Zapdos|100/100
|turn|15
|c|☆stallkiller393|i can send you it if you want
|
|t:|1743928335
|move|p2a: Rillaboom|Wood Hammer|p1a: Zapdos
|-resisted|p1a: Zapdos
|-damage|p1a: Zapdos|70/100
|-damage|p2a: Rillaboom|69/100 psn|[from] Recoil
|move|p1a: Zapdos|Hurricane|p2a: Rillaboom
|-supereffective|p2a: Rillaboom
|-damage|p2a: Rillaboom|0 fnt
|faint|p2a: Rillaboom
|
|upkeep
|c|☆Ragonsaurus|sure through what?
|
|t:|1743928351
|switch|p2a: Pecharunt|Pecharunt|100/100
|-item|p2a: Pecharunt|Air Balloon
|turn|16
|c|☆Ragonsaurus|like email?
|c|☆stallkiller393|nah nah
|c|☆stallkiller393|it's called pastebin
|c|☆stallkiller393|i just copy and paste the team in there
|inactive|stallkiller393 has 60 seconds left.
|c|☆stallkiller393|then send link
|c|☆stallkiller393|add me ill do it later gonna shower after this game
|
|t:|1743928377
|move|p2a: Pecharunt|Malignant Chain|p1a: Zapdos
|-damage|p1a: Zapdos|32/100
|move|p1a: Zapdos|Thunder Wave|p2a: Pecharunt
|-status|p2a: Pecharunt|par
|
|upkeep
|turn|17
|c|☆Ragonsaurus|ooh gotcha pls cause im kinda new
|c|☆stallkiller393|np bro
|
|t:|1743928390
|move|p1a: Zapdos|Roost|p1a: Zapdos
|-heal|p1a: Zapdos|82/100
|-singleturn|p1a: Zapdos|move: Roost
|move|p2a: Pecharunt|Malignant Chain|p1a: Zapdos
|-damage|p1a: Zapdos|43/100
|
|-heal|p1a: Zapdos|49/100|[from] Grassy Terrain
|upkeep
|turn|18
|
|t:|1743928411
|move|p1a: Zapdos|Roost|p1a: Zapdos
|-heal|p1a: Zapdos|99/100
|-singleturn|p1a: Zapdos|move: Roost
|move|p2a: Pecharunt|Malignant Chain|p1a: Zapdos
|-damage|p1a: Zapdos|60/100
|
|-heal|p1a: Zapdos|66/100|[from] Grassy Terrain
|-fieldend|move: Grassy Terrain
|upkeep
|turn|19
|c|☆stallkiller393|this things ability is crazy
|inactive|Ragonsaurus has 120 seconds left.
|
|t:|1743928435
|move|p1a: Zapdos|Hurricane|p2a: Pecharunt
|-crit|p2a: Pecharunt
|-damage|p2a: Pecharunt|17/100 par
|-enditem|p2a: Pecharunt|Air Balloon
|cant|p2a: Pecharunt|par
|
|upkeep
|turn|20
|c|☆Ragonsaurus|yeah Pecharunt is annoying
|
|t:|1743928443
|move|p1a: Zapdos|Hurricane|p2a: Pecharunt
|-damage|p2a: Pecharunt|0 fnt
|faint|p2a: Pecharunt
|
|upkeep
|
|t:|1743928451
|switch|p2a: Iron Hands|Iron Hands|100/100
|-status|p2a: Iron Hands|tox
|turn|21
|
|t:|1743928456
|move|p1a: Zapdos|Hurricane|p2a: Iron Hands
|-damage|p2a: Iron Hands|68/100 tox
|move|p2a: Iron Hands|Ice Punch|p1a: Zapdos
|-supereffective|p1a: Zapdos
|-damage|p1a: Zapdos|33/100
|
|-damage|p2a: Iron Hands|62/100 tox|[from] psn
|upkeep
|turn|22
|
|t:|1743928464
|move|p1a: Zapdos|Roost|p1a: Zapdos
|-heal|p1a: Zapdos|83/100
|-singleturn|p1a: Zapdos|move: Roost
|move|p2a: Iron Hands|Swords Dance|p2a: Iron Hands
|-boost|p2a: Iron Hands|atk|2
|
|-damage|p2a: Iron Hands|50/100 tox|[from] psn
|upkeep
|turn|23
|c|☆Ragonsaurus|zapdos is holding me down
|
|t:|1743928474
|move|p1a: Zapdos|Hurricane|p2a: Iron Hands|[miss]
|-miss|p1a: Zapdos|p2a: Iron Hands
|move|p2a: Iron Hands|Ice Punch|p1a: Zapdos
|-supereffective|p1a: Zapdos
|-damage|p1a: Zapdos|21/100
|
|-damage|p2a: Iron Hands|32/100 tox|[from] psn
|upkeep
|turn|24
|
|t:|1743928494
|move|p1a: Zapdos|Hurricane|p2a: Iron Hands
|-damage|p2a: Iron Hands|0 fnt
|faint|p2a: Iron Hands
|-end|p2a: Iron Hands|Quark Drive|[silent]
|
|upkeep
|
|t:|1743928501
|switch|p2a: Ambipom|Ambipom, M|100/100
|-status|p2a: Ambipom|tox
|turn|25
|
|t:|1743928505
|move|p2a: Ambipom|Fake Out|p1a: Zapdos
|-damage|p1a: Zapdos|0 fnt
|faint|p1a: Zapdos
|
|win|stallkiller393
|raw|Ragonsaurus's rating: 1209 &rarr; <strong>1188</strong><br />(-21 for losing)
|raw|stallkiller393's rating: 1261 &rarr; <strong>1282</strong><br />(+21 for winning)
|c|☆Ragonsaurus|fuuuck
|c|☆Ragonsaurus|gg
|c|☆stallkiller393|lol
|c|☆stallkiller393|gg
|c|☆stallkiller393|brb
|c|☆Ragonsaurus|sure
|c|☆Ragonsaurus|sent a friend request
|c|☆stallkiller393|added u
|c|☆stallkiller393|sent a couple teams
|l|☆stallkiller393
|player|p2|
