|j|☆metakill4r
|j|☆mala☆huju
|t:|1743923101
|gametype|singles
|player|p1|metakill4r|boarder|1600
|player|p2|mala☆huju|steven|1521
|teamsize|p1|6
|teamsize|p2|6
|gen|9
|tier|[Gen 9] OU
|rated|
|rule|HP Percentage Mod: HP is shown in percentages
|rule|Endless Battle Clause: Forcing endless battles is banned
|rule|Species Clause: Limit one of each Pokémon
|rule|OHKO Clause: OHKO moves are banned
|rule|Evasion Items Clause: Evasion items are banned
|rule|Evasion Moves Clause: Evasion moves are banned
|rule|Sleep Moves Clause: Sleep-inducing moves are banned
|clearpoke
|poke|p1|Landorus-Therian, M|
|poke|p1|Talonflame, F|
|poke|p1|Crawdaunt, F|
|poke|p1|Hatterene, F|
|poke|p1|Kyurem|
|poke|p1|Gholdengo|
|poke|p2|Kyurem|
|poke|p2|Corviknight, M|
|poke|p2|Slowking-Galar, M|
|poke|p2|Samurott-Hisui, M|
|poke|p2|Great Tusk|
|poke|p2|Sinistcha|
|teampreview
|c|☆mala☆huju|hf
|c|☆metakill4r|u2
|j| CloudyEJ
|inactive|Battle timer is ON: inactive players will automatically lose when time's up. (requested by metakill4r)
|
|t:|1743923171
|start
|switch|p1a: Landorus|Landorus-Therian, M|100/100
|switch|p2a: Samurott|Samurott-Hisui, M|100/100
|-ability|p1a: Landorus|Intimidate|boost
|-unboost|p2a: Samurott|atk|1
|turn|1
|
|t:|1743923183
|switch|p2a: Great Tusk|Great Tusk|100/100
|move|p1a: Landorus|Stealth Rock|p2a: Great Tusk
|-sidestart|p2: mala☆huju|move: Stealth Rock
|
|upkeep
|turn|2
|
|t:|1743923192
|move|p1a: Landorus|U-turn|p2a: Great Tusk
|-resisted|p2a: Great Tusk
|-damage|p2a: Great Tusk|94/100
|-damage|p1a: Landorus|84/100|[from] item: Rocky Helmet|[of] p2a: Great Tusk
|
|t:|1743923200
|switch|p1a: Talonflame|Talonflame, F|100/100|[from] U-turn
|move|p2a: Great Tusk|Rapid Spin|p1a: Talonflame
|-damage|p1a: Talonflame|85/100
|-boost|p2a: Great Tusk|spe|1
|-sideend|p2: mala☆huju|Stealth Rock|[from] move: Rapid Spin|[of] p2a: Great Tusk
|
|upkeep
|turn|3
|
|t:|1743923208
|-end|p2a: Great Tusk|Protosynthesis|[silent]
|switch|p2a: Slowking|Slowking-Galar, M|100/100
|move|p1a: Talonflame|Will-O-Wisp|p2a: Slowking
|-status|p2a: Slowking|brn
|
|-damage|p2a: Slowking|94/100 brn|[from] brn
|upkeep
|turn|4
|
|t:|1743923228
|switch|p1a: Gholdengo|Gholdengo|100/100
|-prepare|p2a: Slowking|Chilly Reception|[premajor]
|move|p2a: Slowking|Chilly Reception|p2a: Slowking
|-weather|Snowscape
|
|t:|1743923235
|switch|p2a: Samurott|Samurott-Hisui, M|100/100|[from] Chilly Reception
|
|-weather|Snowscape|[upkeep]
|upkeep
|turn|5
|
|t:|1743923240
|switch|p1a: Landorus|Landorus-Therian, M|84/100
|-ability|p1a: Landorus|Intimidate|boost
|-unboost|p2a: Samurott|atk|1
|move|p2a: Samurott|Ceaseless Edge|p1a: Landorus
|-damage|p1a: Landorus|59/100
|-damage|p2a: Samurott|84/100|[from] item: Rocky Helmet|[of] p1a: Landorus
|-sidestart|p1: metakill4r|Spikes
|
|-weather|Snowscape|[upkeep]
|upkeep
|turn|6
|
|t:|1743923260
|switch|p2a: Great Tusk|Great Tusk|94/100
|move|p1a: Landorus|U-turn|p2a: Great Tusk
|-resisted|p2a: Great Tusk
|-damage|p2a: Great Tusk|86/100
|-damage|p1a: Landorus|42/100|[from] item: Rocky Helmet|[of] p2a: Great Tusk
|
|t:|1743923270
|switch|p1a: Talonflame|Talonflame, F|85/100|[from] U-turn
|
|-weather|Snowscape|[upkeep]
|upkeep
|turn|7
|
|t:|1743923274
|-end|p2a: Great Tusk|Protosynthesis|[silent]
|switch|p2a: Slowking|Slowking-Galar, M|100/100 brn
|move|p1a: Talonflame|Defog|p2a: Slowking
|-unboost|p2a: Slowking|evasion|1
|-sideend|p1: metakill4r|Spikes|[from] move: Defog|[of] p1a: Talonflame
|
|-weather|Snowscape|[upkeep]
|-damage|p2a: Slowking|94/100 brn|[from] brn
|upkeep
|turn|8
|
|t:|1743923292
|move|p1a: Talonflame|Roost|p1a: Talonflame
|-heal|p1a: Talonflame|100/100
|-singleturn|p1a: Talonflame|move: Roost
|move|p2a: Slowking|Future Sight|p1a: Talonflame
|-start|p2a: Slowking|move: Future Sight
|
|-weather|none
|-damage|p2a: Slowking|88/100 brn|[from] brn
|upkeep
|turn|9
|
|t:|1743923299
|switch|p1a: Knock Em Off|Crawdaunt, F|100/100
|-prepare|p2a: Slowking|Chilly Reception|[premajor]
|move|p2a: Slowking|Chilly Reception|p2a: Slowking
|-weather|Snowscape
|
|t:|1743923305
|switch|p2a: Kyurem|Kyurem|100/100|[from] Chilly Reception
|-ability|p2a: Kyurem|Pressure
|
|-weather|Snowscape|[upkeep]
|upkeep
|turn|10
|
|t:|1743923327
|switch|p1a: Hatterene|Hatterene, F|100/100
|move|p2a: Kyurem|Freeze-Dry|p1a: Hatterene
|-damage|p1a: Hatterene|77/100
|
|-weather|Snowscape|[upkeep]
|-end|p1a: Hatterene|move: Future Sight
|-resisted|p1a: Hatterene
|-damage|p1a: Hatterene|62/100
|upkeep
|turn|11
|
|t:|1743923335
|move|p2a: Kyurem|Substitute|p2a: Kyurem
|-start|p2a: Kyurem|Substitute
|-damage|p2a: Kyurem|75/100
|move|p1a: Hatterene|Draining Kiss|p2a: Kyurem
|-supereffective|p2a: Kyurem
|-end|p2a: Kyurem|Substitute
|-heal|p1a: Hatterene|86/100|[from] drain|[of] p2a: Kyurem
|
|-weather|Snowscape|[upkeep]
|-heal|p2a: Kyurem|82/100|[from] item: Leftovers
|upkeep
|turn|12
|
|t:|1743923344
|move|p2a: Kyurem|Protect|p2a: Kyurem
|-singleturn|p2a: Kyurem|Protect
|move|p1a: Hatterene|Nuzzle|p2a: Kyurem
|-activate|p2a: Kyurem|move: Protect
|
|-weather|Snowscape|[upkeep]
|-heal|p2a: Kyurem|88/100|[from] item: Leftovers
|upkeep
|turn|13
|
|t:|1743923352
|switch|p2a: Slowking|Slowking-Galar, M|100/100 brn
|move|p1a: Hatterene|Draining Kiss|p2a: Slowking
|-resisted|p2a: Slowking
|-damage|p2a: Slowking|93/100 brn
|-heal|p1a: Hatterene|93/100|[from] drain|[of] p2a: Slowking
|
|-weather|none
|-damage|p2a: Slowking|87/100 brn|[from] brn
|upkeep
|turn|14
|
|t:|1743923359
|switch|p1a: Knock Em Off|Crawdaunt, F|100/100
|move|p2a: Slowking|Sludge Bomb|p1a: Knock Em Off
|-damage|p1a: Knock Em Off|25/100
|-status|p1a: Knock Em Off|psn
|
|-damage|p1a: Knock Em Off|13/100 psn|[from] psn
|-damage|p2a: Slowking|81/100 brn|[from] brn
|upkeep
|turn|15
|
|t:|1743923370
|switch|p2a: Samurott|Samurott-Hisui, M|84/100
|move|p1a: Knock Em Off|Knock Off|p2a: Samurott
|-resisted|p2a: Samurott
|-damage|p2a: Samurott|28/100
|-enditem|p2a: Samurott|Assault Vest|[from] move: Knock Off|[of] p1a: Knock Em Off
|
|-damage|p1a: Knock Em Off|1/100 psn|[from] psn
|upkeep
|turn|16
|
|t:|1743923379
|move|p2a: Samurott|Ceaseless Edge|p1a: Knock Em Off
|-resisted|p1a: Knock Em Off
|-damage|p1a: Knock Em Off|0 fnt
|-sidestart|p1: metakill4r|Spikes
|faint|p1a: Knock Em Off
|
|upkeep
|
|t:|1743923382
|switch|p1a: Talonflame|Talonflame, F|100/100
|turn|17
|
|t:|1743923385
|switch|p1a: Gholdengo|Gholdengo|100/100
|-damage|p1a: Gholdengo|88/100|[from] Spikes
|move|p2a: Samurott|Razor Shell|p1a: Gholdengo
|-damage|p1a: Gholdengo|34/100
|
|upkeep
|turn|18
|
|t:|1743923392
|move|p1a: Gholdengo|Dazzling Gleam|p2a: Samurott
|-supereffective|p2a: Samurott
|-damage|p2a: Samurott|0 fnt
|faint|p2a: Samurott
|
|upkeep
|
|t:|1743923400
|switch|p2a: Slowking|Slowking-Galar, M|100/100 brn
|turn|19
|
|t:|1743923417
|switch|p1a: Talonflame|Talonflame, F|100/100
|move|p2a: Slowking|Future Sight|p1a: Talonflame
|-start|p2a: Slowking|move: Future Sight
|
|-damage|p2a: Slowking|94/100 brn|[from] brn
|upkeep
|turn|20
|
|t:|1743923428
|move|p1a: Talonflame|Defog|p2a: Slowking
|-unboost|p2a: Slowking|evasion|1
|-sideend|p1: metakill4r|Spikes|[from] move: Defog|[of] p1a: Talonflame
|-prepare|p2a: Slowking|Chilly Reception|[premajor]
|move|p2a: Slowking|Chilly Reception|p2a: Slowking
|-weather|Snowscape
|j| gimmicks strategy
|
|t:|1743923443
|switch|p2a: Kyurem|Kyurem|88/100|[from] Chilly Reception
|-ability|p2a: Kyurem|Pressure
|
|-weather|Snowscape|[upkeep]
|-heal|p2a: Kyurem|94/100|[from] item: Leftovers
|upkeep
|turn|21
|
|t:|1743923456
|move|p2a: Kyurem|Protect|p2a: Kyurem
|-singleturn|p2a: Kyurem|Protect
|move|p1a: Talonflame|Will-O-Wisp|p2a: Kyurem
|-activate|p2a: Kyurem|move: Protect
|
|-weather|Snowscape|[upkeep]
|-end|p1a: Talonflame|move: Future Sight
|-damage|p1a: Talonflame|39/100
|-heal|p2a: Kyurem|99/100|[from] item: Leftovers
|upkeep
|turn|22
|
|t:|1743923481
|switch|p1a: Hatterene|Hatterene, F|93/100
|move|p2a: Kyurem|Earth Power|p1a: Hatterene
|-damage|p1a: Hatterene|75/100
|
|-weather|Snowscape|[upkeep]
|-heal|p2a: Kyurem|100/100|[from] item: Leftovers
|upkeep
|turn|23
|l| gimmicks strategy
|
|t:|1743923490
|switch|p2a: Slowking|Slowking-Galar, M|100/100 brn
|move|p1a: Hatterene|Draining Kiss|p2a: Slowking
|-resisted|p2a: Slowking
|-damage|p2a: Slowking|93/100 brn
|-heal|p1a: Hatterene|82/100|[from] drain|[of] p2a: Slowking
|
|-weather|Snowscape|[upkeep]
|-damage|p2a: Slowking|87/100 brn|[from] brn
|upkeep
|turn|24
|
|t:|1743923493
|move|p1a: Hatterene|Psyshock|p2a: Slowking
|-damage|p2a: Slowking|43/100 brn
|move|p2a: Slowking|Future Sight|p1a: Hatterene
|-start|p2a: Slowking|move: Future Sight
|
|-weather|none
|-damage|p2a: Slowking|37/100 brn|[from] brn
|upkeep
|turn|25
|
|t:|1743923508
|switch|p2a: Corviknight|Corviknight, M|100/100
|-ability|p2a: Corviknight|Pressure
|move|p1a: Hatterene|Nuzzle|p2a: Corviknight
|-supereffective|p2a: Corviknight
|-damage|p2a: Corviknight|96/100
|
|upkeep
|turn|26
|
|t:|1743923519
|switch|p1a: Talonflame|Talonflame, F|39/100
|move|p2a: Corviknight|Iron Defense|p2a: Corviknight
|-boost|p2a: Corviknight|def|2
|
|-end|p1a: Talonflame|move: Future Sight
|-damage|p1a: Talonflame|0 fnt
|faint|p1a: Talonflame
|upkeep
|c|☆mala☆huju|:)
|
|t:|1743923526
|switch|p1a: Hatterene|Hatterene, F|82/100
|turn|27
|
|t:|1743923531
|move|p2a: Corviknight|Brave Bird|p1a: Hatterene
|-damage|p1a: Hatterene|38/100
|-damage|p2a: Corviknight|85/100|[from] Recoil
|move|p1a: Hatterene|Mystical Fire|p2a: Corviknight
|-supereffective|p2a: Corviknight
|-damage|p2a: Corviknight|36/100
|
|upkeep
|turn|28
|
|t:|1743923539
|switch|p1a: Landorus|Landorus-Therian, M|42/100
|-ability|p1a: Landorus|Intimidate|boost
|-unboost|p2a: Corviknight|atk|1
|move|p2a: Corviknight|Brave Bird|p1a: Landorus
|-damage|p1a: Landorus|19/100
|-damage|p2a: Corviknight|19/100|[from] item: Rocky Helmet|[of] p1a: Landorus
|-damage|p2a: Corviknight|12/100|[from] Recoil
|
|upkeep
|turn|29
|
|t:|1743923554
|move|p1a: Landorus|Stealth Rock|p2a: Corviknight
|-sidestart|p2: mala☆huju|move: Stealth Rock
|move|p2a: Corviknight|Roost|p2a: Corviknight
|-heal|p2a: Corviknight|62/100
|-singleturn|p2a: Corviknight|move: Roost
|
|upkeep
|turn|30
|
|t:|1743923564
|move|p1a: Landorus|Stone Edge|p2a: Corviknight|[miss]
|-miss|p1a: Landorus|p2a: Corviknight
|move|p2a: Corviknight|Roost|p2a: Corviknight
|-heal|p2a: Corviknight|100/100
|-singleturn|p2a: Corviknight|move: Roost
|
|upkeep
|turn|31
|
|t:|1743923568
|move|p1a: Landorus|Stone Edge|p2a: Corviknight
|-damage|p2a: Corviknight|90/100
|move|p2a: Corviknight|Iron Defense|p2a: Corviknight
|-boost|p2a: Corviknight|def|2
|
|upkeep
|turn|32
|
|t:|1743923576
|move|p1a: Landorus|Stone Edge|p2a: Corviknight|[miss]
|-miss|p1a: Landorus|p2a: Corviknight
|move|p2a: Corviknight|Iron Defense|p2a: Corviknight
|-boost|p2a: Corviknight|def|2
|
|upkeep
|turn|33
|
|t:|1743923597
|move|p1a: Landorus|Stone Edge|p2a: Corviknight
|-damage|p2a: Corviknight|85/100
|move|p2a: Corviknight|Body Press|p1a: Landorus
|-resisted|p1a: Landorus
|-damage|p1a: Landorus|0 fnt
|-damage|p2a: Corviknight|69/100|[from] item: Rocky Helmet|[of] p1a: Landorus
|faint|p1a: Landorus
|
|upkeep
|inactive|metakill4r has 120 seconds left.
|
|t:|1743923629
|switch|p1a: Gholdengo|Gholdengo|34/100
|turn|34
|
|t:|1743923645
|switch|p2a: Sinistcha|Sinistcha|100/100
|move|p1a: Gholdengo|Trick|p2a: Sinistcha
|-activate|p1a: Gholdengo|move: Trick|[of] p2a: Sinistcha
|-item|p2a: Sinistcha|Choice Scarf|[from] move: Trick
|-item|p1a: Gholdengo|Heavy-Duty Boots|[from] move: Trick
|
|upkeep
|turn|35
|j| EndlessDark9
|l| EndlessDark9
|inactive|metakill4r has 120 seconds left.
|
|t:|1743923669
|move|p2a: Sinistcha|Shadow Ball|p1a: Gholdengo
|-supereffective|p1a: Gholdengo
|-damage|p1a: Gholdengo|0 fnt
|faint|p1a: Gholdengo
|
|upkeep
|inactive|metakill4r has 120 seconds left.
|
|t:|1743923678
|switch|p1a: Gucci Mane|Kyurem|100/100
|-ability|p1a: Gucci Mane|Pressure
|turn|36
|
|t:|1743923691
|move|p1a: Gucci Mane|Dragon Dance|p1a: Gucci Mane
|-boost|p1a: Gucci Mane|atk|1
|-boost|p1a: Gucci Mane|spe|1
|move|p2a: Sinistcha|Shadow Ball|p1a: Gucci Mane
|-damage|p1a: Gucci Mane|70/100
|
|upkeep
|turn|37
|
|t:|1743923700
|move|p1a: Gucci Mane|Dragon Dance|p1a: Gucci Mane
|-boost|p1a: Gucci Mane|atk|1
|-boost|p1a: Gucci Mane|spe|1
|move|p2a: Sinistcha|Shadow Ball|p1a: Gucci Mane
|-damage|p1a: Gucci Mane|38/100
|
|upkeep
|turn|38
|
|t:|1743923707
|-terastallize|p1a: Gucci Mane|Ice
|move|p1a: Gucci Mane|Icicle Spear|p2a: Sinistcha
|-supereffective|p2a: Sinistcha
|-damage|p2a: Sinistcha|52/100
|-supereffective|p2a: Sinistcha
|-damage|p2a: Sinistcha|2/100
|-supereffective|p2a: Sinistcha
|-crit|p2a: Sinistcha
|-damage|p2a: Sinistcha|0 fnt
|faint|p2a: Sinistcha
|-hitcount|p2: Sinistcha|3
|
|upkeep
|inactive|mala☆huju has 120 seconds left.
|l| CloudyEJ
|
|t:|1743923749
|switch|p2a: Great Tusk|Great Tusk|86/100
|-damage|p2a: Great Tusk|83/100|[from] Stealth Rock
|turn|39
|c|☆metakill4r|:)
|c|☆mala☆huju|:)
|c|☆metakill4r|what's the tera
|inactive|metakill4r has 120 seconds left.
|inactive|mala☆huju has 90 seconds left.
|
|t:|1743923807
|-terastallize|p2a: Great Tusk|Steel
|move|p1a: Gucci Mane|Icicle Spear|p2a: Great Tusk
|-resisted|p2a: Great Tusk
|-damage|p2a: Great Tusk|73/100
|-resisted|p2a: Great Tusk
|-damage|p2a: Great Tusk|63/100
|-resisted|p2a: Great Tusk
|-damage|p2a: Great Tusk|53/100
|-resisted|p2a: Great Tusk
|-damage|p2a: Great Tusk|43/100
|-hitcount|p2a: Great Tusk|4
|move|p2a: Great Tusk|Headlong Rush|p1a: Gucci Mane
|-damage|p1a: Gucci Mane|0 fnt
|-unboost|p2a: Great Tusk|def|1
|-unboost|p2a: Great Tusk|spd|1
|faint|p1a: Gucci Mane
|
|upkeep
|
|t:|1743923821
|switch|p1a: Hatterene|Hatterene, F|38/100
|turn|40
|c|☆metakill4r|gg
|c|☆mala☆huju|gg
|
|t:|1743923829
|-end|p2a: Great Tusk|Protosynthesis|[silent]
|switch|p2a: Slowking|Slowking-Galar, M|70/100 brn
|move|p1a: Hatterene|Draining Kiss|p2a: Slowking
|-resisted|p2a: Slowking
|-damage|p2a: Slowking|62/100 brn
|-heal|p1a: Hatterene|45/100|[from] drain|[of] p2a: Slowking
|
|-damage|p2a: Slowking|56/100 brn|[from] brn
|upkeep
|turn|41
|
|t:|1743923837
|move|p1a: Hatterene|Psyshock|p2a: Slowking
|-damage|p2a: Slowking|11/100 brn
|move|p2a: Slowking|Sludge Bomb|p1a: Hatterene
|-supereffective|p1a: Hatterene
|-damage|p1a: Hatterene|2/100
|
|-damage|p2a: Slowking|5/100 brn|[from] brn
|upkeep
|turn|42
|inactive|mala☆huju has 90 seconds left.
|
|t:|1743923870
|move|p1a: Hatterene|Draining Kiss|p2a: Slowking
|-resisted|p2a: Slowking
|-damage|p2a: Slowking|0 fnt
|-heal|p1a: Hatterene|6/100|[from] drain|[of] p2a: Slowking
|faint|p2a: Slowking
|
|upkeep
|
|t:|1743923873
|switch|p2a: Great Tusk|Great Tusk, tera:Steel|43/100
|-damage|p2a: Great Tusk|37/100|[from] Stealth Rock
|turn|43
|
|t:|1743923878
|move|p2a: Great Tusk|Headlong Rush|p1a: Hatterene
|-damage|p1a: Hatterene|0 fnt
|-unboost|p2a: Great Tusk|def|1
|-unboost|p2a: Great Tusk|spd|1
|faint|p1a: Hatterene
|
|win|mala☆huju
|raw|metakill4r's rating: 1600 &rarr; <strong>1576</strong><br />(-24 for losing)
|raw|mala☆huju's rating: 1521 &rarr; <strong>1545</strong><br />(+24 for winning)
|l|☆metakill4r
|player|p1|
|l|☆mala☆huju
|player|p2|
