|j|☆Squige137
|j|☆Ragonsaurus
|t:|1743926289
|gametype|singles
|player|p1|Squige137|infielder|1177
|player|p2|Ragonsaurus|veteran|1306
|teamsize|p1|6
|teamsize|p2|6
|gen|9
|tier|[Gen 9] OU
|rated|
|rule|HP Percentage Mod: HP is shown in percentages
|rule|Endless Battle Clause: Forcing endless battles is banned
|rule|Species Clause: Limit one of each Pokémon
|rule|OHKO Clause: OHKO moves are banned
|rule|Evasion Items Clause: Evasion items are banned
|rule|Evasion Moves Clause: Evasion moves are banned
|rule|Sleep Moves Clause: Sleep-inducing moves are banned
|clearpoke
|poke|p1|Muk-Alola, M|
|poke|p1|Vileplume, M|
|poke|p1|Politoed, M|
|poke|p1|Zapdos-Galar|
|poke|p1|Klefki, M|
|poke|p1|Donphan, M|
|poke|p2|Glimmora, M|
|poke|p2|Zamazenta-*|
|poke|p2|Latias, F|
|poke|p2|Dragonite, M|
|poke|p2|Zapdos|
|poke|p2|Skeledirge, F|
|teampreview
|inactive|Battle timer is ON: inactive players will automatically lose when time's up. (requested by Ragonsaurus)
|inactive|Squige137 also wants the timer to be on.
|c|☆Squige137|glhf
|
|t:|1743926316
|start
|switch|p1a: Klefki|Klefki, M|100/100
|switch|p2a: Zapdos|Zapdos|100/100
|-ability|p2a: Zapdos|Pressure
|turn|1
|c|☆Ragonsaurus|you too
|
|t:|1743926330
|move|p1a: Klefki|Spikes|p2a: Zapdos
|-sidestart|p2: Ragonsaurus|Spikes
|move|p2a: Zapdos|Thunder Wave|p1a: Klefki
|-status|p1a: Klefki|par
|
|upkeep
|turn|2
|
|t:|1743926337
|move|p1a: Klefki|Reflect|p1a: Klefki
|-sidestart|p1: Squige137|Reflect
|move|p2a: Zapdos|Volt Switch|p1a: Klefki
|-damage|p1a: Klefki|67/100 par
|
|t:|1743926348
|switch|p2a: Glimmora|Glimmora, M|100/100|[from] Volt Switch
|-damage|p2a: Glimmora|88/100|[from] Spikes
|
|upkeep
|turn|3
|
|t:|1743926358
|move|p2a: Glimmora|Stealth Rock|p1a: Klefki
|-sidestart|p1: Squige137|move: Stealth Rock
|cant|p1a: Klefki|par
|
|upkeep
|turn|4
|
|t:|1743926363
|move|p2a: Glimmora|Earth Power|p1a: Klefki
|-supereffective|p1a: Klefki
|-damage|p1a: Klefki|0 fnt
|faint|p1a: Klefki
|
|upkeep
|
|t:|1743926371
|switch|p1a: Politoed|Politoed, M|100/100
|-damage|p1a: Politoed|88/100|[from] Stealth Rock
|-weather|RainDance|[from] ability: Drizzle|[of] p1a: Politoed
|turn|5
|
|t:|1743926379
|move|p2a: Glimmora|Mortal Spin|p1a: Politoed
|-damage|p1a: Politoed|85/100
|-status|p1a: Politoed|psn
|-sideend|p2: Ragonsaurus|Spikes|[from] move: Mortal Spin|[of] p2a: Glimmora
|move|p1a: Politoed|Weather Ball|p2a: Glimmora
|-supereffective|p2a: Glimmora
|-damage|p2a: Glimmora|0 fnt
|faint|p2a: Glimmora
|
|-weather|RainDance|[upkeep]
|-damage|p1a: Politoed|73/100 psn|[from] psn
|upkeep
|
|t:|1743926391
|switch|p2a: Zapdos|Zapdos|100/100
|-ability|p2a: Zapdos|Pressure
|turn|6
|
|t:|1743926397
|move|p2a: Zapdos|Thunder Wave||[still]
|-fail|p2a: Zapdos
|move|p1a: Politoed|Weather Ball|p2a: Zapdos
|-damage|p2a: Zapdos|35/100
|
|-weather|RainDance|[upkeep]
|-damage|p1a: Politoed|60/100 psn|[from] psn
|-sideend|p1: Squige137|Reflect
|upkeep
|turn|7
|
|t:|1743926405
|switch|p1a: Donphan|Donphan, M|100/100
|-damage|p1a: Donphan|94/100|[from] Stealth Rock
|move|p2a: Zapdos|Volt Switch|p1a: Donphan
|-immune|p1a: Donphan
|
|-weather|RainDance|[upkeep]
|-heal|p1a: Donphan|100/100|[from] item: Leftovers
|upkeep
|turn|8
|
|t:|1743926419
|switch|p2a: Zamazenta|Zamazenta|100/100
|-ability|p2a: Zamazenta|Dauntless Shield|boost
|-boost|p2a: Zamazenta|def|1
|move|p1a: Donphan|Stealth Rock|p2a: Zamazenta
|-sidestart|p2: Ragonsaurus|move: Stealth Rock
|
|-weather|RainDance|[upkeep]
|upkeep
|turn|9
|
|t:|1743926429
|switch|p1a: Vileplume|Vileplume, M|100/100
|-damage|p1a: Vileplume|88/100|[from] Stealth Rock
|move|p2a: Zamazenta|Substitute|p2a: Zamazenta
|-start|p2a: Zamazenta|Substitute
|-damage|p2a: Zamazenta|76/100
|
|-weather|RainDance|[upkeep]
|-heal|p2a: Zamazenta|82/100|[from] item: Leftovers
|upkeep
|turn|10
|
|t:|1743926439
|move|p2a: Zamazenta|Iron Defense|p2a: Zamazenta
|-boost|p2a: Zamazenta|def|2
|move|p1a: Vileplume|Sludge Wave|p2a: Zamazenta
|-end|p2a: Zamazenta|Substitute
|
|-weather|RainDance|[upkeep]
|-heal|p2a: Zamazenta|88/100|[from] item: Leftovers
|upkeep
|turn|11
|
|t:|1743926447
|move|p2a: Zamazenta|Crunch|p1a: Vileplume
|-damage|p1a: Vileplume|69/100
|-unboost|p1a: Vileplume|def|1
|-damage|p2a: Zamazenta|72/100|[from] item: Rocky Helmet|[of] p1a: Vileplume
|-status|p2a: Zamazenta|psn|[from] ability: Effect Spore|[of] p1a: Vileplume
|move|p1a: Vileplume|Leech Seed|p2a: Zamazenta
|-start|p2a: Zamazenta|move: Leech Seed
|
|-weather|RainDance|[upkeep]
|-heal|p2a: Zamazenta|78/100 psn|[from] item: Leftovers
|-damage|p2a: Zamazenta|65/100 psn|[from] Leech Seed|[of] p1a: Vileplume
|-heal|p1a: Vileplume|82/100|[silent]
|-damage|p2a: Zamazenta|53/100 psn|[from] psn
|upkeep
|turn|12
|
|t:|1743926464
|move|p2a: Zamazenta|Body Press|p1a: Vileplume
|-resisted|p1a: Vileplume
|-damage|p1a: Vileplume|28/100
|-damage|p2a: Zamazenta|36/100 psn|[from] item: Rocky Helmet|[of] p1a: Vileplume
|move|p1a: Vileplume|Strength Sap|p2a: Zamazenta
|-unboost|p2a: Zamazenta|atk|1
|-heal|p1a: Vileplume|100/100
|
|-weather|none
|-heal|p2a: Zamazenta|43/100 psn|[from] item: Leftovers
|-damage|p2a: Zamazenta|30/100 psn|[from] Leech Seed|[of] p1a: Vileplume
|-damage|p2a: Zamazenta|18/100 psn|[from] psn
|upkeep
|turn|13
|
|t:|1743926480
|move|p2a: Zamazenta|Body Press|p1a: Vileplume
|-resisted|p1a: Vileplume
|-damage|p1a: Vileplume|45/100
|-damage|p2a: Zamazenta|1/100 psn|[from] item: Rocky Helmet|[of] p1a: Vileplume
|move|p1a: Vileplume|Strength Sap|p2a: Zamazenta
|-unboost|p2a: Zamazenta|atk|1
|-heal|p1a: Vileplume|98/100
|
|-heal|p2a: Zamazenta|8/100 psn|[from] item: Leftovers
|-damage|p2a: Zamazenta|0 fnt|[from] Leech Seed|[of] p1a: Vileplume
|-heal|p1a: Vileplume|100/100|[silent]
|faint|p2a: Zamazenta
|upkeep
|
|t:|1743926492
|switch|p2a: Skeledirge|Skeledirge, F|100/100
|turn|14
|
|t:|1743926503
|switch|p1a: Muk|Muk-Alola, M|100/100
|-damage|p1a: Muk|88/100|[from] Stealth Rock
|move|p2a: Skeledirge|Torch Song|p1a: Muk
|-damage|p1a: Muk|72/100
|-boost|p2a: Skeledirge|spa|1
|
|upkeep
|turn|15
|
|t:|1743926530
|-terastallize|p2a: Skeledirge|Water
|move|p2a: Skeledirge|Will-O-Wisp|p1a: Muk
|-status|p1a: Muk|brn
|move|p1a: Muk|Knock Off|p2a: Skeledirge
|-damage|p2a: Skeledirge|85/100
|-status|p2a: Skeledirge|psn|[from] ability: Poison Touch|[of] p1a: Muk
|-enditem|p2a: Skeledirge|Heavy-Duty Boots|[from] move: Knock Off|[of] p1a: Muk
|
|-damage|p2a: Skeledirge|73/100 psn|[from] psn
|-damage|p1a: Muk|66/100 brn|[from] brn
|upkeep
|turn|16
|
|t:|1743926545
|move|p2a: Skeledirge|Hex|p1a: Muk
|-resisted|p1a: Muk
|-damage|p1a: Muk|48/100 brn
|move|p1a: Muk|Drain Punch|p2a: Skeledirge
|-damage|p2a: Skeledirge|65/100 psn
|-heal|p1a: Muk|51/100 brn|[from] drain|[of] p2a: Skeledirge
|
|-damage|p2a: Skeledirge|53/100 psn|[from] psn
|-damage|p1a: Muk|45/100 brn|[from] brn
|upkeep
|turn|17
|
|t:|1743926565
|move|p2a: Skeledirge|Torch Song|p1a: Muk
|-damage|p1a: Muk|20/100 brn
|-boost|p2a: Skeledirge|spa|1
|move|p1a: Muk|Poison Jab|p2a: Skeledirge
|-damage|p2a: Skeledirge|40/100 psn
|
|-damage|p2a: Skeledirge|28/100 psn|[from] psn
|-damage|p1a: Muk|14/100 brn|[from] brn
|upkeep
|turn|18
|
|t:|1743926575
|move|p1a: Muk|Shadow Sneak|p2a: Skeledirge
|-damage|p2a: Skeledirge|24/100 psn
|move|p2a: Skeledirge|Torch Song|p1a: Muk
|-damage|p1a: Muk|0 fnt
|-boost|p2a: Skeledirge|spa|1
|faint|p1a: Muk
|
|-damage|p2a: Skeledirge|12/100 psn|[from] psn
|upkeep
|
|t:|1743926584
|switch|p1a: Zapdos|Zapdos-Galar|100/100
|-damage|p1a: Zapdos|88/100|[from] Stealth Rock
|turn|19
|
|t:|1743926588
|move|p1a: Zapdos|U-turn|p2a: Skeledirge
|-damage|p2a: Skeledirge|0 fnt
|faint|p2a: Skeledirge
|
|t:|1743926596
|switch|p1a: Donphan|Donphan, M|100/100|[from] U-turn
|-damage|p1a: Donphan|94/100|[from] Stealth Rock
|
|-heal|p1a: Donphan|100/100|[from] item: Leftovers
|upkeep
|
|t:|1743926604
|switch|p2a: Dragonite|Dragonite, M|100/100
|turn|20
|
|t:|1743926608
|move|p2a: Dragonite|Dragon Dance|p2a: Dragonite
|-boost|p2a: Dragonite|atk|1
|-boost|p2a: Dragonite|spe|1
|move|p1a: Donphan|Rapid Spin|p2a: Dragonite
|-damage|p2a: Dragonite|90/100
|-boost|p1a: Donphan|spe|1
|-sideend|p1: Squige137|Stealth Rock|[from] move: Rapid Spin|[of] p1a: Donphan
|
|upkeep
|turn|21
|
|t:|1743926617
|move|p2a: Dragonite|Dragon Dance|p2a: Dragonite
|-boost|p2a: Dragonite|atk|1
|-boost|p2a: Dragonite|spe|1
|move|p1a: Donphan|Ice Spinner|p2a: Dragonite
|-supereffective|p2a: Dragonite
|-damage|p2a: Dragonite|0 fnt
|faint|p2a: Dragonite
|
|upkeep
|
|t:|1743926624
|switch|p2a: Latias|Latias, F|100/100
|-damage|p2a: Latias|88/100|[from] Stealth Rock
|turn|22
|
|t:|1743926634
|move|p2a: Latias|Calm Mind|p2a: Latias
|-boost|p2a: Latias|spa|1
|-boost|p2a: Latias|spd|1
|move|p1a: Donphan|Ice Spinner|p2a: Latias
|-supereffective|p2a: Latias
|-damage|p2a: Latias|37/100
|
|-heal|p2a: Latias|43/100|[from] item: Leftovers
|upkeep
|turn|23
|
|t:|1743926643
|move|p2a: Latias|Draining Kiss|p1a: Donphan
|-crit|p1a: Donphan
|-damage|p1a: Donphan|58/100
|-heal|p2a: Latias|78/100|[from] drain|[of] p1a: Donphan
|move|p1a: Donphan|Ice Spinner|p2a: Latias
|-supereffective|p2a: Latias
|-damage|p2a: Latias|27/100
|
|-heal|p2a: Latias|33/100|[from] item: Leftovers
|-heal|p1a: Donphan|64/100|[from] item: Leftovers
|upkeep
|turn|24
|
|t:|1743926656
|move|p2a: Latias|Draining Kiss|p1a: Donphan
|-damage|p1a: Donphan|38/100
|-heal|p2a: Latias|55/100|[from] drain|[of] p1a: Donphan
|move|p1a: Donphan|Rapid Spin|p2a: Latias
|-damage|p2a: Latias|40/100
|-boost|p1a: Donphan|spe|1
|
|-heal|p2a: Latias|46/100|[from] item: Leftovers
|-heal|p1a: Donphan|44/100|[from] item: Leftovers
|upkeep
|turn|25
|
|t:|1743926667
|move|p2a: Latias|Agility|p2a: Latias
|-boost|p2a: Latias|spe|2
|move|p1a: Donphan|Ice Spinner|p2a: Latias
|-supereffective|p2a: Latias
|-damage|p2a: Latias|0 fnt
|faint|p2a: Latias
|
|-heal|p1a: Donphan|50/100|[from] item: Leftovers
|upkeep
|
|t:|1743926675
|switch|p2a: Zapdos|Zapdos|35/100
|-ability|p2a: Zapdos|Pressure
|turn|26
|
|t:|1743926680
|move|p1a: Donphan|Ice Spinner|p2a: Zapdos
|-supereffective|p2a: Zapdos
|-damage|p2a: Zapdos|0 fnt
|faint|p2a: Zapdos
|
|win|Squige137
|raw|Squige137's rating: 1177 &rarr; <strong>1211</strong><br />(+34 for winning)
|raw|Ragonsaurus's rating: 1306 &rarr; <strong>1279</strong><br />(-27 for losing)
|c|☆Squige137|gg wp
|c|☆Ragonsaurus|gg
|l|☆Ragonsaurus
|player|p2|
|l|☆Squige137
|player|p1|
