|j|☆BelkacemNesli
|j|☆caijin
|t:|1743930756
|gametype|singles
|player|p1|BelkacemNesli|266|1035
|player|p2|caijin|bianca|1056
|teamsize|p1|6
|teamsize|p2|6
|gen|9
|tier|[Gen 9] OU
|rated|
|rule|HP Percentage Mod: HP is shown in percentages
|rule|Endless Battle Clause: Forcing endless battles is banned
|rule|Species Clause: Limit one of each Pokémon
|rule|OHKO Clause: OHKO moves are banned
|rule|Evasion Items Clause: Evasion items are banned
|rule|Evasion Moves Clause: Evasion moves are banned
|rule|Sleep Moves Clause: Sleep-inducing moves are banned
|clearpoke
|poke|p1|Dragapult, M|
|poke|p1|Ting-Lu|
|poke|p1|Darkrai|
|poke|p1|Enamorus, F|
|poke|p1|Glimmora, M|
|poke|p1|Pecharunt|
|poke|p2|Serperior, F|
|poke|p2|Meowstic, M|
|poke|p2|Alcremie-Lemon-Cream, F|
|poke|p2|Cinccino, F|
|poke|p2|Chandelure, M|
|poke|p2|Umbreon, F|
|teampreview
|inactive|Battle timer is ON: inactive players will automatically lose when time's up. (requested by caijin)
|
|t:|1743930762
|start
|switch|p1a: Ting-Lu|Ting-Lu|100/100
|switch|p2a: Meowstic|Meowstic, M|100/100
|-ability|p1a: Ting-Lu|Vessel of Ruin
|turn|1
|
|t:|1743930777
|move|p2a: Meowstic|Reflect|p2a: Meowstic
|-sidestart|p2: caijin|Reflect
|move|p1a: Ting-Lu|Ruination|p2a: Meowstic
|-damage|p2a: Meowstic|50/100
|
|upkeep
|turn|2
|
|t:|1743930790
|move|p2a: Meowstic|Light Screen|p2a: Meowstic
|-sidestart|p2: caijin|move: Light Screen
|move|p1a: Ting-Lu|Rock Slide|p2a: Meowstic
|-damage|p2a: Meowstic|39/100
|
|upkeep
|turn|3
|
|t:|1743930799
|switch|p2a: Serperior|Serperior, F|100/100
|move|p1a: Ting-Lu|Ruination|p2a: Serperior
|-damage|p2a: Serperior|51/100
|
|upkeep
|turn|4
|
|t:|1743930812
|-terastallize|p1a: Ting-Lu|Dark
|move|p2a: Serperior|Leech Seed|p1a: Ting-Lu
|-start|p1a: Ting-Lu|move: Leech Seed
|move|p1a: Ting-Lu|Ruination|p2a: Serperior
|-damage|p2a: Serperior|26/100
|
|-damage|p1a: Ting-Lu|88/100|[from] Leech Seed|[of] p2a: Serperior
|-heal|p2a: Serperior|48/100|[silent]
|upkeep
|turn|5
|
|t:|1743930828
|switch|p1a: Pecharunt|Pecharunt|100/100
|move|p2a: Serperior|Giga Drain|p1a: Pecharunt
|-resisted|p1a: Pecharunt
|-damage|p1a: Pecharunt|84/100
|-heal|p2a: Serperior|58/100|[from] drain|[of] p1a: Pecharunt
|
|upkeep
|turn|6
|inactive|BelkacemNesli has 120 seconds left.
|
|t:|1743930855
|move|p2a: Serperior|Glare|p1a: Pecharunt
|-status|p1a: Pecharunt|par
|move|p1a: Pecharunt|Hex|p2a: Serperior
|-damage|p2a: Serperior|47/100
|
|upkeep
|turn|7
|
|t:|1743930863
|move|p2a: Serperior|Leech Seed|p1a: Pecharunt
|-start|p1a: Pecharunt|move: Leech Seed
|move|p1a: Pecharunt|Gunk Shot|p2a: Serperior
|-supereffective|p2a: Serperior
|-damage|p2a: Serperior|0 fnt
|faint|p2a: Serperior
|
|upkeep
|
|t:|1743930872
|switch|p2a: Cinccino|Cinccino, F|100/100
|turn|8
|
|t:|1743930884
|move|p2a: Cinccino|Tidy Up|p2a: Cinccino
|-boost|p2a: Cinccino|atk|1
|-boost|p2a: Cinccino|spe|1
|move|p1a: Pecharunt|Curse|p2a: Cinccino
|-start|p2a: Cinccino|Curse|[of] p1a: Pecharunt
|-damage|p1a: Pecharunt|34/100 par
|-enditem|p1a: Pecharunt|Sitrus Berry|[eat]
|-heal|p1a: Pecharunt|59/100 par|[from] item: Sitrus Berry
|
|-damage|p1a: Pecharunt|47/100 par|[from] Leech Seed|[of] p2a: Cinccino
|-damage|p2a: Cinccino|76/100|[from] Curse
|-sideend|p2: caijin|Reflect
|upkeep
|turn|9
|inactive|BelkacemNesli has 120 seconds left.
|
|t:|1743930909
|switch|p1a: Glimmora|Glimmora, M|100/100
|move|p2a: Cinccino|Knock Off|p1a: Glimmora
|-damage|p1a: Glimmora|55/100
|-activate|p1a: Glimmora|ability: Toxic Debris
|-sidestart|p2: caijin|move: Toxic Spikes
|-enditem|p1a: Glimmora|Poison Barb|[from] move: Knock Off|[of] p2a: Cinccino
|
|-damage|p2a: Cinccino|51/100|[from] Curse
|-sideend|p2: caijin|move: Light Screen
|upkeep
|turn|10
|inactive|BelkacemNesli has 120 seconds left.
|l|☆caijin
|inactive|caijin disconnected and has a minute to reconnect!
|player|p2|
|j|☆caijin
|inactive|caijin reconnected and has 110 seconds left.
|player|p2|caijin|bianca|
|
|t:|1743930949
|move|p2a: Cinccino|Tidy Up|p2a: Cinccino
|-sideend|p2: caijin|Toxic Spikes
|-activate|p2a: Cinccino|move: Tidy Up
|-boost|p2a: Cinccino|atk|1
|-boost|p2a: Cinccino|spe|1
|move|p1a: Glimmora|Acid Armor|p1a: Glimmora
|-boost|p1a: Glimmora|def|2
|
|-damage|p2a: Cinccino|26/100|[from] Curse
|upkeep
|turn|11
|inactive|BelkacemNesli has 120 seconds left.
|
|t:|1743930961
|move|p2a: Cinccino|Triple Axel|p1a: Glimmora
|-damage|p1a: Glimmora|47/100
|-activate|p1a: Glimmora|ability: Toxic Debris
|-sidestart|p2: caijin|move: Toxic Spikes
|-damage|p1a: Glimmora|32/100
|-activate|p1a: Glimmora|ability: Toxic Debris
|-sidestart|p2: caijin|move: Toxic Spikes
|-damage|p1a: Glimmora|11/100
|-hitcount|p1a: Glimmora|3
|move|p1a: Glimmora|Acid Armor|p1a: Glimmora
|-boost|p1a: Glimmora|def|2
|
|-damage|p2a: Cinccino|2/100|[from] Curse
|upkeep
|turn|12
|inactive|BelkacemNesli has 120 seconds left.
|inactive|caijin has 90 seconds left.
|
|t:|1743930989
|switch|p1a: Pecharunt|Pecharunt|47/100 par
|move|p2a: Cinccino|Tidy Up|p2a: Cinccino
|-sideend|p2: caijin|Toxic Spikes
|-activate|p2a: Cinccino|move: Tidy Up
|-boost|p2a: Cinccino|atk|1
|-boost|p2a: Cinccino|spe|1
|
|-damage|p2a: Cinccino|0 fnt|[from] Curse
|faint|p2a: Cinccino
|upkeep
|inactive|caijin has 90 seconds left.
|
|t:|1743931000
|switch|p2a: Umbreon|Umbreon, F|100/100
|turn|13
|
|t:|1743931007
|move|p2a: Umbreon|Foul Play|p1a: Pecharunt
|-supereffective|p1a: Pecharunt
|-damage|p1a: Pecharunt|21/100 par
|cant|p1a: Pecharunt|par
|
|upkeep
|turn|14
|
|t:|1743931022
|switch|p1a: Ting-Lu|Ting-Lu, tera:Dark|88/100
|-ability|p1a: Ting-Lu|Vessel of Ruin
|move|p2a: Umbreon|Foul Play|p1a: Ting-Lu
|-resisted|p1a: Ting-Lu
|-damage|p1a: Ting-Lu|80/100
|-damage|p2a: Umbreon|84/100|[from] item: Rocky Helmet|[of] p1a: Ting-Lu
|
|upkeep
|turn|15
|
|t:|1743931035
|move|p2a: Umbreon|Toxic|p1a: Ting-Lu
|-status|p1a: Ting-Lu|tox
|move|p1a: Ting-Lu|Rock Slide|p2a: Umbreon|[miss]
|-miss|p1a: Ting-Lu|p2a: Umbreon
|
|-damage|p1a: Ting-Lu|74/100 tox|[from] psn
|upkeep
|turn|16
|
|t:|1743931045
|move|p2a: Umbreon|Wish|p2a: Umbreon
|move|p1a: Ting-Lu|Ruination|p2a: Umbreon
|-damage|p2a: Umbreon|42/100
|-enditem|p2a: Umbreon|Sitrus Berry|[eat]
|-heal|p2a: Umbreon|67/100|[from] item: Sitrus Berry
|
|-damage|p1a: Ting-Lu|62/100 tox|[from] psn
|upkeep
|turn|17
|inactive|BelkacemNesli has 120 seconds left.
|
|t:|1743931055
|move|p2a: Umbreon|Protect|p2a: Umbreon
|-singleturn|p2a: Umbreon|Protect
|move|p1a: Ting-Lu|Rock Slide|p2a: Umbreon
|-activate|p2a: Umbreon|move: Protect
|
|-heal|p2a: Umbreon|100/100|[from] move: Wish|[wisher] Umbreon
|-damage|p1a: Ting-Lu|43/100 tox|[from] psn
|upkeep
|turn|18
|inactive|caijin has 120 seconds left.
|inactive|BelkacemNesli has 120 seconds left.
|
|t:|1743931068
|move|p2a: Umbreon|Wish|p2a: Umbreon
|move|p1a: Ting-Lu|Rock Slide|p2a: Umbreon
|-damage|p2a: Umbreon|89/100
|
|-damage|p1a: Ting-Lu|18/100 tox|[from] psn
|upkeep
|turn|19
|inactive|caijin has 120 seconds left.
|inactive|BelkacemNesli has 120 seconds left.
|
|t:|1743931100
|move|p2a: Umbreon|Wish||[still]
|-fail|p2a: Umbreon
|move|p1a: Ting-Lu|Ruination|p2a: Umbreon
|-damage|p2a: Umbreon|45/100
|
|-heal|p2a: Umbreon|95/100|[from] move: Wish|[wisher] Umbreon
|-damage|p1a: Ting-Lu|0 fnt|[from] psn
|faint|p1a: Ting-Lu
|upkeep
|inactive|BelkacemNesli has 90 seconds left.
|
|t:|1743931115
|switch|p1a: Enamorus|Enamorus, F|100/100
|turn|20
|inactive|BelkacemNesli has 90 seconds left.
|
|t:|1743931127
|move|p1a: Enamorus|Healing Wish|p1a: Enamorus
|faint|p1a: Enamorus
|move|p2a: Umbreon|Toxic|p1: Enamorus|[notarget]
|-fail|p2a: Umbreon
|
|upkeep
|inactive|BelkacemNesli has 90 seconds left.
|
|t:|1743931135
|switch|p1a: Pecharunt|Pecharunt|21/100 par
|-heal|p1a: Pecharunt|100/100|[from] move: Healing Wish
|turn|21
|
|t:|1743931144
|switch|p1a: Glimmora|Glimmora, M|11/100
|-terastallize|p2a: Umbreon|Poison
|move|p2a: Umbreon|Foul Play|p1a: Glimmora
|-damage|p1a: Glimmora|0 fnt
|-activate|p1a: Glimmora|ability: Toxic Debris
|-sidestart|p2: caijin|move: Toxic Spikes
|faint|p1a: Glimmora
|
|upkeep
|inactive|BelkacemNesli has 90 seconds left.
|
|t:|1743931157
|switch|p1a: Darkrai|Darkrai|100/100
|-item|p1a: Darkrai|Air Balloon
|turn|22
|inactive|BelkacemNesli has 90 seconds left.
|
|t:|1743931168
|move|p1a: Darkrai|Disable|p2a: Umbreon
|-start|p2a: Umbreon|Disable|Foul Play
|move|p2a: Umbreon|Toxic|p1a: Darkrai
|-status|p1a: Darkrai|tox
|
|-damage|p1a: Darkrai|94/100 tox|[from] psn
|upkeep
|turn|23
|inactive|BelkacemNesli has 90 seconds left.
|
|t:|1743931188
|move|p2a: Umbreon|Protect|p2a: Umbreon
|-singleturn|p2a: Umbreon|Protect
|move|p1a: Darkrai|Calm Mind|p1a: Darkrai
|-boost|p1a: Darkrai|spa|1
|-boost|p1a: Darkrai|spd|1
|
|-damage|p1a: Darkrai|82/100 tox|[from] psn
|upkeep
|turn|24
|
|t:|1743931203
|move|p1a: Darkrai|Curse|p1a: Darkrai
|-unboost|p1a: Darkrai|spe|1
|-boost|p1a: Darkrai|atk|1
|-boost|p1a: Darkrai|def|1
|move|p2a: Umbreon|Wish|p2a: Umbreon
|
|-damage|p1a: Darkrai|64/100 tox|[from] psn
|upkeep
|turn|25
|inactive|BelkacemNesli has 90 seconds left.
|
|t:|1743931215
|move|p2a: Umbreon|Protect|p2a: Umbreon
|-singleturn|p2a: Umbreon|Protect
|move|p1a: Darkrai|Drain Punch|p2a: Umbreon
|-activate|p2a: Umbreon|move: Protect
|
|-heal|p2a: Umbreon|100/100|[from] move: Wish|[wisher] Umbreon
|-damage|p1a: Darkrai|39/100 tox|[from] psn
|-end|p2a: Umbreon|Disable
|upkeep
|turn|26
|inactive|BelkacemNesli has 90 seconds left.
|
|t:|1743931227
|move|p1a: Darkrai|Disable|p2a: Umbreon
|-start|p2a: Umbreon|Disable|Protect
|move|p2a: Umbreon|Foul Play|p1a: Darkrai
|-resisted|p1a: Darkrai
|-damage|p1a: Darkrai|24/100 tox
|-enditem|p1a: Darkrai|Air Balloon
|
|-damage|p1a: Darkrai|0 fnt|[from] psn
|faint|p1a: Darkrai
|upkeep
|
|t:|1743931238
|switch|p1a: Pecharunt|Pecharunt|100/100
|turn|27
|
|t:|1743931246
|move|p1a: Pecharunt|Curse|p2a: Umbreon
|-start|p2a: Umbreon|Curse|[of] p1a: Pecharunt
|-damage|p1a: Pecharunt|50/100
|move|p2a: Umbreon|Foul Play|p1a: Pecharunt
|-supereffective|p1a: Pecharunt
|-damage|p1a: Pecharunt|23/100
|
|-damage|p2a: Umbreon|76/100|[from] Curse
|upkeep
|turn|28
|inactive|BelkacemNesli has 90 seconds left.
|
|t:|1743931258
|move|p1a: Pecharunt|Destiny Bond|p1a: Pecharunt
|-singlemove|p1a: Pecharunt|Destiny Bond
|move|p2a: Umbreon|Foul Play|p1a: Pecharunt
|-supereffective|p1a: Pecharunt
|-damage|p1a: Pecharunt|0 fnt
|faint|p1a: Pecharunt
|-activate|p1a: Pecharunt|move: Destiny Bond
|faint|p2a: Umbreon
|
|upkeep
|inactive|BelkacemNesli has 90 seconds left.
|
|t:|1743931270
|switch|p1a: Dragapult|Dragapult, M|100/100
|switch|p2a: Meowstic|Meowstic, M|39/100
|-status|p2a: Meowstic|psn
|turn|29
|inactive|BelkacemNesli has 90 seconds left.
|
|t:|1743931284
|move|p2a: Meowstic|Thunder Wave|p1a: Dragapult
|-status|p1a: Dragapult|par
|move|p1a: Dragapult|Dragon Tail|p2a: Meowstic
|-damage|p2a: Meowstic|1/100 psn
|drag|p2a: Alcremie|Alcremie-Lemon-Cream, F|100/100
|-status|p2a: Alcremie|psn
|
|-damage|p2a: Alcremie|88/100 psn|[from] psn
|upkeep
|turn|30
|inactive|BelkacemNesli has 90 seconds left.
|
|t:|1743931305
|move|p1a: Dragapult|Reflect|p1a: Dragapult
|-sidestart|p1: BelkacemNesli|Reflect
|move|p2a: Alcremie|Acid Armor|p2a: Alcremie
|-boost|p2a: Alcremie|def|2
|
|-heal|p2a: Alcremie|94/100 psn|[from] item: Leftovers
|-damage|p2a: Alcremie|82/100 psn|[from] psn
|upkeep
|turn|31
|
|t:|1743931313
|move|p2a: Alcremie|Draining Kiss|p1a: Dragapult
|-supereffective|p1a: Dragapult
|-damage|p1a: Dragapult|51/100 par
|-heal|p2a: Alcremie|100/100 psn|[from] drain|[of] p1a: Dragapult
|move|p1a: Dragapult|Dragon Tail|p2a: Alcremie
|-immune|p2a: Alcremie
|
|-heal|p1a: Dragapult|57/100 par|[from] item: Leftovers
|-damage|p2a: Alcremie|88/100 psn|[from] psn
|upkeep
|turn|32
|
|t:|1743931325
|cant|p1a: Dragapult|par
|move|p2a: Alcremie|Draining Kiss|p1a: Dragapult
|-supereffective|p1a: Dragapult
|-damage|p1a: Dragapult|1/100 par
|-heal|p2a: Alcremie|100/100 psn|[from] drain|[of] p1a: Dragapult
|
|-heal|p1a: Dragapult|7/100 par|[from] item: Leftovers
|-damage|p2a: Alcremie|88/100 psn|[from] psn
|upkeep
|turn|33
|-message|BelkacemNesli forfeited.
|
|win|caijin
|raw|BelkacemNesli's rating: 1035 &rarr; <strong>1021</strong><br />(-14 for losing)
|raw|caijin's rating: 1056 &rarr; <strong>1086</strong><br />(+30 for winning)
|l|☆BelkacemNesli
|player|p1|
