|j|☆SlingShotWright
|j|☆Team10thPlanett
|t:|1743918706
|gametype|singles
|player|p1|SlingShotWright|1|1539
|player|p2|Team10thPlanett|alder|1611
|teamsize|p1|6
|teamsize|p2|6
|gen|9
|tier|[Gen 9] OU
|rated|
|rule|HP Percentage Mod: HP is shown in percentages
|rule|Endless Battle Clause: Forcing endless battles is banned
|rule|Species Clause: Limit one of each Pokémon
|rule|OHKO Clause: OHKO moves are banned
|rule|Evasion Items Clause: Evasion items are banned
|rule|Evasion Moves Clause: Evasion moves are banned
|rule|Sleep Moves Clause: Sleep-inducing moves are banned
|clearpoke
|poke|p1|Blissey, F|
|poke|p1|Clodsire, M|
|poke|p1|Gliscor, F|
|poke|p1|Corviknight, F|
|poke|p1|Toxapex, F|
|poke|p1|Dondozo, M|
|poke|p2|Dragonite, M|
|poke|p2|Zamazenta-*|
|poke|p2|Araquanid, F|
|poke|p2|Zapdos|
|poke|p2|Slowking-Galar, M|
|poke|p2|Ogerpon-Wellspring, F|
|teampreview
|j| hodiondo
|inactive|Battle timer is ON: inactive players will automatically lose when time's up. (requested by SlingShotWright)
|
|t:|1743918732
|start
|switch|p1a: Toxapex|Toxapex, F|100/100
|switch|p2a: Slowking|Slowking-Galar, M|100/100
|turn|1
|
|t:|1743918739
|move|p1a: Toxapex|Infestation|p2a: Slowking
|-damage|p2a: Slowking|99/100
|-activate|p2a: Slowking|move: Infestation|[of] p1a: Toxapex
|move|p2a: Slowking|Psychic|p1a: Toxapex
|-supereffective|p1a: Toxapex
|-damage|p1a: Toxapex|29/100
|
|-damage|p2a: Slowking|87/100|[from] move: Infestation|[partiallytrapped]
|upkeep
|turn|2
|
|t:|1743918752
|switch|p1a: Blissey|Blissey, F|100/100
|move|p2a: Slowking|Psychic|p1a: Blissey
|-damage|p1a: Blissey|86/100
|
|-end|p2a: Slowking|Infestation|[partiallytrapped]|[silent]
|upkeep
|turn|3
|
|t:|1743918769
|move|p1a: Blissey|Stealth Rock|p2a: Slowking
|-sidestart|p2: Team10thPlanett|move: Stealth Rock
|move|p2a: Slowking|Psychic|p1a: Blissey
|-damage|p1a: Blissey|71/100
|
|upkeep
|turn|4
|inactive|Team10thPlanett has 120 seconds left.
|
|t:|1743918808
|switch|p2a: Ogerpon|Ogerpon-Wellspring, F|100/100
|-damage|p2a: Ogerpon|88/100|[from] Stealth Rock
|move|p1a: Blissey|Thunder Wave|p2a: Ogerpon
|-status|p2a: Ogerpon|par
|
|upkeep
|turn|5
|
|t:|1743918819
|switch|p1a: Toxapex|Toxapex, F|63/100
|cant|p2a: Ogerpon|par
|
|upkeep
|turn|6
|
|t:|1743918829
|switch|p2a: Slowking|Slowking-Galar, M|100/100
|-damage|p2a: Slowking|88/100|[from] Stealth Rock
|move|p1a: Toxapex|Infestation|p2a: Slowking
|-damage|p2a: Slowking|87/100
|-activate|p2a: Slowking|move: Infestation|[of] p1a: Toxapex
|
|-damage|p2a: Slowking|74/100|[from] move: Infestation|[partiallytrapped]
|upkeep
|turn|7
|inactive|Team10thPlanett has 120 seconds left.
|
|t:|1743918839
|switch|p1a: Gliscor|Gliscor, F|100/100
|move|p2a: Slowking|Psychic|p1a: Gliscor
|-damage|p1a: Gliscor|67/100
|-unboost|p1a: Gliscor|spd|1
|
|-end|p2a: Slowking|Infestation|[partiallytrapped]|[silent]
|-status|p1a: Gliscor|tox|[from] item: Toxic Orb
|upkeep
|turn|8
|inactive|Team10thPlanett has 120 seconds left.
|
|t:|1743918854
|switch|p1a: Blissey|Blissey, F|71/100
|move|p2a: Slowking|Psychic|p1a: Blissey
|-damage|p1a: Blissey|56/100
|
|upkeep
|turn|9
|inactive|Team10thPlanett has 120 seconds left.
|
|t:|1743918866
|switch|p2a: Ogerpon|Ogerpon-Wellspring, F|88/100 par
|-damage|p2a: Ogerpon|76/100 par|[from] Stealth Rock
|move|p1a: Blissey|Shadow Ball|p2a: Ogerpon
|-damage|p2a: Ogerpon|57/100 par
|
|upkeep
|turn|10
|inactive|Team10thPlanett has 120 seconds left.
|
|t:|1743918879
|switch|p1a: Corviknight|Corviknight, F|100/100
|-ability|p1a: Corviknight|Pressure
|move|p2a: Ogerpon|Ivy Cudgel|p1a: Corviknight|[anim] Ivy Cudgel Water
|-damage|p1a: Corviknight|64/100
|
|upkeep
|turn|11
|inactive|Team10thPlanett has 120 seconds left.
|
|t:|1743918894
|switch|p2a: Slowking|Slowking-Galar, M|100/100
|-damage|p2a: Slowking|88/100|[from] Stealth Rock
|move|p1a: Corviknight|Roost|p1a: Corviknight
|-heal|p1a: Corviknight|100/100
|-singleturn|p1a: Corviknight|move: Roost
|
|upkeep
|turn|12
|
|t:|1743918903
|move|p1a: Corviknight|U-turn|p2a: Slowking
|-damage|p2a: Slowking|74/100
|
|t:|1743918907
|switch|p1a: Blissey|Blissey, F|56/100|[from] U-turn
|move|p2a: Slowking|Flamethrower|p1a: Blissey
|-damage|p1a: Blissey|46/100
|
|upkeep
|turn|13
|
|t:|1743918916
|switch|p2a: Ogerpon|Ogerpon-Wellspring, F|57/100 par
|-damage|p2a: Ogerpon|45/100 par|[from] Stealth Rock
|move|p1a: Blissey|Soft-Boiled|p1a: Blissey
|-heal|p1a: Blissey|96/100
|
|upkeep
|turn|14
|
|t:|1743918926
|switch|p1a: Toxapex|Toxapex, F|96/100
|move|p2a: Ogerpon|Knock Off|p1a: Toxapex
|-crit|p1a: Toxapex
|-damage|p1a: Toxapex|60/100
|-damage|p2a: Ogerpon|29/100 par|[from] item: Rocky Helmet|[of] p1a: Toxapex
|-enditem|p1a: Toxapex|Rocky Helmet|[from] move: Knock Off|[of] p2a: Ogerpon
|
|upkeep
|turn|15
|
|t:|1743918944
|move|p2a: Ogerpon|Horn Leech|p1a: Toxapex
|-damage|p1a: Toxapex|33/100
|-heal|p2a: Ogerpon|42/100 par|[from] drain|[of] p1a: Toxapex
|move|p1a: Toxapex|Infestation|p2a: Ogerpon
|-supereffective|p2a: Ogerpon
|-damage|p2a: Ogerpon|35/100 par
|-activate|p2a: Ogerpon|move: Infestation|[of] p1a: Toxapex
|
|-damage|p2a: Ogerpon|23/100 par|[from] move: Infestation|[partiallytrapped]
|upkeep
|turn|16
|l| hodiondo
|
|t:|1743918966
|cant|p2a: Ogerpon|par
|move|p1a: Toxapex|Recover|p1a: Toxapex
|-heal|p1a: Toxapex|83/100
|
|-damage|p2a: Ogerpon|10/100 par|[from] move: Infestation|[partiallytrapped]
|upkeep
|turn|17
|
|t:|1743918979
|move|p2a: Ogerpon|Ivy Cudgel|p1a: Toxapex|[anim] Ivy Cudgel Water
|-resisted|p1a: Toxapex
|-damage|p1a: Toxapex|65/100
|move|p1a: Toxapex|Infestation|p2a: Ogerpon
|-supereffective|p2a: Ogerpon
|-damage|p2a: Ogerpon|3/100 par
|
|-damage|p2a: Ogerpon|0 fnt|[from] move: Infestation|[partiallytrapped]
|faint|p2a: Ogerpon
|upkeep
|inactive|Team10thPlanett has 120 seconds left.
|
|t:|1743918995
|switch|p2a: Dragonite|Dragonite, M, shiny|100/100
|-damage|p2a: Dragonite|76/100|[from] Stealth Rock
|turn|18
|
|t:|1743919000
|move|p2a: Dragonite|Earthquake|p1a: Toxapex
|-supereffective|p1a: Toxapex
|-damage|p1a: Toxapex|0 fnt
|faint|p1a: Toxapex
|
|upkeep
|
|t:|1743919020
|switch|p1a: Dondozo|Dondozo, M|100/100
|turn|19
|
|t:|1743919028
|switch|p2a: Zapdos|Zapdos|100/100
|move|p1a: Dondozo|Liquidation|p2a: Zapdos
|-damage|p2a: Zapdos|76/100
|
|upkeep
|turn|20
|
|t:|1743919041
|switch|p1a: Clodsire|Clodsire, M, shiny|100/100
|move|p2a: Zapdos|Thunder Wave|p1a: Clodsire
|-immune|p1a: Clodsire
|
|upkeep
|turn|21
|
|t:|1743919050
|switch|p2a: Slowking|Slowking-Galar, M|100/100
|-damage|p2a: Slowking|88/100|[from] Stealth Rock
|move|p1a: Clodsire|Spikes|p2a: Slowking
|-sidestart|p2: Team10thPlanett|Spikes
|
|upkeep
|turn|22
|
|t:|1743919058
|move|p2a: Slowking|Psychic|p1a: Clodsire
|-supereffective|p1a: Clodsire
|-damage|p1a: Clodsire|56/100
|move|p1a: Clodsire|Spikes|p2a: Slowking
|-sidestart|p2: Team10thPlanett|Spikes
|
|upkeep
|turn|23
|
|t:|1743919064
|move|p2a: Slowking|Psychic|p1a: Clodsire
|-supereffective|p1a: Clodsire
|-damage|p1a: Clodsire|12/100
|-unboost|p1a: Clodsire|spd|1
|move|p1a: Clodsire|Recover|p1a: Clodsire
|-heal|p1a: Clodsire|62/100
|
|upkeep
|turn|24
|
|t:|1743919072
|switch|p1a: Blissey|Blissey, F|96/100
|move|p2a: Slowking|Psychic|p1a: Blissey
|-damage|p1a: Blissey|81/100
|
|upkeep
|turn|25
|
|t:|1743919088
|switch|p2a: Araquanid|Araquanid, F|100/100
|-damage|p2a: Araquanid|75/100|[from] Stealth Rock
|-damage|p2a: Araquanid|59/100|[from] Spikes
|move|p1a: Blissey|Shadow Ball|p2a: Araquanid
|-damage|p2a: Araquanid|47/100
|
|upkeep
|turn|26
|
|t:|1743919097
|switch|p1a: Corviknight|Corviknight, F|100/100
|-ability|p1a: Corviknight|Pressure
|move|p2a: Araquanid|Endeavor|p1a: Corviknight
|-damage|p1a: Corviknight|40/100
|-damage|p2a: Araquanid|30/100|[from] item: Rocky Helmet|[of] p1a: Corviknight
|
|upkeep
|turn|27
|
|t:|1743919108
|move|p1a: Corviknight|Roost|p1a: Corviknight
|-heal|p1a: Corviknight|90/100
|-singleturn|p1a: Corviknight|move: Roost
|move|p2a: Araquanid|Surf|p1a: Corviknight
|-damage|p1a: Corviknight|37/100
|
|upkeep
|turn|28
|
|t:|1743919121
|move|p2a: Araquanid|Endure|p2a: Araquanid
|-singleturn|p2a: Araquanid|move: Endure
|move|p1a: Corviknight|Brave Bird|p2a: Araquanid
|-supereffective|p2a: Araquanid
|-crit|p2a: Araquanid
|-activate|p2a: Araquanid|move: Endure
|-damage|p2a: Araquanid|1/100
|-damage|p1a: Corviknight|28/100|[from] Recoil
|
|upkeep
|turn|29
|-enditem|p2a: Araquanid|Custap Berry|[eat]
|-activate|p2a: Araquanid|item: Custap Berry|[consumed]
|
|t:|1743919140
|move|p2a: Araquanid|Endeavor|p1a: Corviknight
|-damage|p1a: Corviknight|1/100
|-damage|p2a: Araquanid|0 fnt|[from] item: Rocky Helmet|[of] p1a: Corviknight
|faint|p2a: Araquanid
|move|p1a: Corviknight|Roost|p1a: Corviknight
|-heal|p1a: Corviknight|51/100
|-singleturn|p1a: Corviknight|move: Roost
|
|upkeep
|
|t:|1743919155
|switch|p2a: Dragonite|Dragonite, M, shiny|76/100
|-damage|p2a: Dragonite|51/100|[from] Stealth Rock
|turn|30
|
|t:|1743919162
|move|p2a: Dragonite|Fire Punch|p1a: Corviknight
|-supereffective|p1a: Corviknight
|-damage|p1a: Corviknight|0 fnt
|-damage|p2a: Dragonite|34/100|[from] item: Rocky Helmet|[of] p1a: Corviknight
|faint|p1a: Corviknight
|
|upkeep
|
|t:|1743919170
|switch|p1a: Gliscor|Gliscor, F|67/100 tox
|turn|31
|
|t:|1743919179
|switch|p2a: Slowking|Slowking-Galar, M|100/100
|-damage|p2a: Slowking|88/100|[from] Stealth Rock
|-damage|p2a: Slowking|72/100|[from] Spikes
|move|p1a: Gliscor|Swords Dance|p1a: Gliscor
|-boost|p1a: Gliscor|atk|2
|
|-heal|p1a: Gliscor|79/100 tox|[from] ability: Poison Heal
|upkeep
|turn|32
|
|t:|1743919194
|move|p1a: Gliscor|Earthquake|p2a: Slowking
|-supereffective|p2a: Slowking
|-damage|p2a: Slowking|0 fnt
|faint|p2a: Slowking
|
|-heal|p1a: Gliscor|92/100 tox|[from] ability: Poison Heal
|upkeep
|
|t:|1743919203
|switch|p2a: Zapdos|Zapdos|76/100
|turn|33
|
|t:|1743919207
|move|p2a: Zapdos|Hurricane|p1a: Gliscor|[miss]
|-miss|p2a: Zapdos|p1a: Gliscor
|move|p1a: Gliscor|Swords Dance|p1a: Gliscor
|-boost|p1a: Gliscor|atk|2
|
|-heal|p1a: Gliscor|100/100 tox|[from] ability: Poison Heal
|upkeep
|turn|34
|
|t:|1743919218
|move|p2a: Zapdos|Hurricane|p1a: Gliscor
|-damage|p1a: Gliscor|60/100 tox
|move|p1a: Gliscor|Facade|p2a: Zapdos
|-damage|p2a: Zapdos|0 fnt
|faint|p2a: Zapdos
|
|-heal|p1a: Gliscor|73/100 tox|[from] ability: Poison Heal
|upkeep
|-message|Team10thPlanett forfeited.
|
|win|SlingShotWright
|raw|SlingShotWright's rating: 1539 &rarr; <strong>1563</strong><br />(+24 for winning)
|raw|Team10thPlanett's rating: 1611 &rarr; <strong>1587</strong><br />(-24 for losing)
|l|☆SlingShotWright
|player|p1|
