|j|‽Spidermanboss
|j|☆Paindeathsad
|t:|1743932401
|gametype|singles
|player|p1|Spidermanboss|169|1299
|player|p2|Paindeathsad|101|1321
|teamsize|p1|6
|teamsize|p2|6
|gen|9
|tier|[Gen 9] OU
|rated|
|rule|HP Percentage Mod: HP is shown in percentages
|rule|Endless Battle Clause: Forcing endless battles is banned
|rule|Species Clause: Limit one of each Pokémon
|rule|OHKO Clause: OHKO moves are banned
|rule|Evasion Items Clause: Evasion items are banned
|rule|Evasion Moves Clause: Evasion moves are banned
|rule|Sleep Moves Clause: Sleep-inducing moves are banned
|clearpoke
|poke|p1|Dragonite, F|
|poke|p1|Garchomp, F|
|poke|p1|Iron Valiant|
|poke|p1|Greninja-*, M|
|poke|p1|Iron Moth|
|poke|p1|Araquanid, M|
|poke|p2|Glastrier|
|poke|p2|Ninetales-Alola, F|
|poke|p2|Manaphy|
|poke|p2|Great Tusk|
|poke|p2|Kingambit, M|
|poke|p2|Dragapult, F|
|teampreview
|inactive|Battle timer is ON: inactive players will automatically lose when time's up. (requested by Spidermanboss)
|
|t:|1743932406
|start
|switch|p1a: Araquanid|Araquanid, M|100/100
|switch|p2a: Ninetales|Ninetales-Alola, F|100/100
|-weather|Snowscape|[from] ability: Snow Warning|[of] p2a: Ninetales
|turn|1
|
|t:|1743932413
|move|p2a: Ninetales|Aurora Veil|p2a: Ninetales
|-sidestart|p2: Paindeathsad|move: Aurora Veil
|move|p1a: Araquanid|Sticky Web|p2a: Ninetales
|-sidestart|p2: Paindeathsad|move: Sticky Web
|
|-weather|Snowscape|[upkeep]
|upkeep
|turn|2
|
|t:|1743932423
|move|p2a: Ninetales|Freeze-Dry|p1a: Araquanid
|-supereffective|p1a: Araquanid
|-damage|p1a: Araquanid|67/100
|move|p1a: Araquanid|Liquidation|p2a: Ninetales
|-damage|p2a: Ninetales|73/100
|
|-weather|Snowscape|[upkeep]
|-heal|p1a: Araquanid|74/100|[from] item: Leftovers
|upkeep
|turn|3
|
|t:|1743932432
|move|p2a: Ninetales|Encore|p1a: Araquanid
|-start|p1a: Araquanid|Encore
|move|p1a: Araquanid|Liquidation|p2a: Ninetales
|-damage|p2a: Ninetales|46/100
|
|-weather|Snowscape|[upkeep]
|-heal|p1a: Araquanid|80/100|[from] item: Leftovers
|upkeep
|turn|4
|
|t:|1743932440
|switch|p2a: Manaphy|Manaphy|100/100
|-activate|p2a: Manaphy|move: Sticky Web
|-unboost|p2a: Manaphy|spe|1
|move|p1a: Araquanid|Liquidation|p2a: Manaphy
|-resisted|p2a: Manaphy
|-damage|p2a: Manaphy|88/100
|
|-weather|Snowscape|[upkeep]
|-heal|p2a: Manaphy|94/100|[from] item: Leftovers
|-heal|p1a: Araquanid|86/100|[from] item: Leftovers
|upkeep
|turn|5
|
|t:|1743932456
|move|p2a: Manaphy|Acid Armor|p2a: Manaphy
|-boost|p2a: Manaphy|def|2
|move|p1a: Araquanid|Liquidation|p2a: Manaphy
|-resisted|p2a: Manaphy
|-damage|p2a: Manaphy|88/100
|
|-weather|none
|-heal|p2a: Manaphy|94/100|[from] item: Leftovers
|-heal|p1a: Araquanid|92/100|[from] item: Leftovers
|-end|p1a: Araquanid|Encore
|upkeep
|turn|6
|
|t:|1743932475
|switch|p1a: Iron Valiant|Iron Valiant|100/100
|-enditem|p1a: Iron Valiant|Booster Energy
|-activate|p1a: Iron Valiant|ability: Quark Drive|[fromitem]
|-start|p1a: Iron Valiant|quarkdrivespe
|move|p2a: Manaphy|Take Heart|p2a: Manaphy
|-boost|p2a: Manaphy|spa|1
|-boost|p2a: Manaphy|spd|1
|
|-heal|p2a: Manaphy|99/100|[from] item: Leftovers
|upkeep
|turn|7
|
|t:|1743932486
|move|p1a: Iron Valiant|Calm Mind|p1a: Iron Valiant
|-boost|p1a: Iron Valiant|spa|1
|-boost|p1a: Iron Valiant|spd|1
|move|p2a: Manaphy|Stored Power|p1a: Iron Valiant
|-supereffective|p1a: Iron Valiant
|-damage|p1a: Iron Valiant|17/100
|
|-heal|p2a: Manaphy|100/100|[from] item: Leftovers
|upkeep
|turn|8
|
|t:|1743932494
|move|p1a: Iron Valiant|Thunderbolt|p2a: Manaphy
|-supereffective|p2a: Manaphy
|-damage|p2a: Manaphy|74/100
|move|p2a: Manaphy|Stored Power|p1a: Iron Valiant
|-supereffective|p1a: Iron Valiant
|-damage|p1a: Iron Valiant|0 fnt
|faint|p1a: Iron Valiant
|-end|p1a: Iron Valiant|Quark Drive|[silent]
|
|-heal|p2a: Manaphy|80/100|[from] item: Leftovers
|-sideend|p2: Paindeathsad|move: Aurora Veil
|upkeep
|inactive|Spidermanboss has 120 seconds left.
|
|t:|1743932515
|switch|p1a: Greninja|Greninja, M|100/100
|turn|9
|
|t:|1743932543
|move|p1a: Greninja|Sludge Wave|p2a: Manaphy
|-damage|p2a: Manaphy|58/100
|-damage|p1a: Greninja|91/100|[from] item: Life Orb
|move|p2a: Manaphy|Take Heart|p2a: Manaphy
|-boost|p2a: Manaphy|spa|1
|-boost|p2a: Manaphy|spd|1
|
|-heal|p2a: Manaphy|65/100|[from] item: Leftovers
|upkeep
|turn|10
|
|t:|1743932555
|move|p1a: Greninja|Sludge Wave|p2a: Manaphy
|-damage|p2a: Manaphy|49/100
|-damage|p1a: Greninja|81/100|[from] item: Life Orb
|move|p2a: Manaphy|Take Heart|p2a: Manaphy
|-boost|p2a: Manaphy|spa|1
|-boost|p2a: Manaphy|spd|1
|
|-heal|p2a: Manaphy|55/100|[from] item: Leftovers
|upkeep
|turn|11
|inactive|Paindeathsad has 120 seconds left.
|
|t:|1743932589
|move|p1a: Greninja|Sludge Wave|p2a: Manaphy
|-damage|p2a: Manaphy|42/100
|-damage|p1a: Greninja|71/100|[from] item: Life Orb
|move|p2a: Manaphy|Take Heart|p2a: Manaphy
|-boost|p2a: Manaphy|spa|1
|-boost|p2a: Manaphy|spd|1
|
|-heal|p2a: Manaphy|49/100|[from] item: Leftovers
|upkeep
|turn|12
|
|t:|1743932598
|move|p1a: Greninja|Sludge Wave|p2a: Manaphy
|-crit|p2a: Manaphy
|-damage|p2a: Manaphy|5/100
|-damage|p1a: Greninja|61/100|[from] item: Life Orb
|move|p2a: Manaphy|Scald|p1a: Greninja
|-resisted|p1a: Greninja
|-damage|p1a: Greninja|0 fnt
|faint|p1a: Greninja
|
|-heal|p2a: Manaphy|11/100|[from] item: Leftovers
|upkeep
|
|t:|1743932609
|switch|p1a: Iron Moth|Iron Moth|100/100
|-enditem|p1a: Iron Moth|Booster Energy
|-activate|p1a: Iron Moth|ability: Quark Drive|[fromitem]
|-start|p1a: Iron Moth|quarkdrivespe
|turn|13
|
|t:|1743932618
|move|p1a: Iron Moth|Energy Ball|p2a: Manaphy
|-supereffective|p2a: Manaphy
|-damage|p2a: Manaphy|0 fnt
|faint|p2a: Manaphy
|
|upkeep
|inactive|Paindeathsad has 120 seconds left.
|inactive|Paindeathsad has 90 seconds left.
|
|t:|1743932681
|switch|p2a: Ninetales|Ninetales-Alola, F|46/100
|-activate|p2a: Ninetales|move: Sticky Web
|-unboost|p2a: Ninetales|spe|1
|-weather|Snowscape|[from] ability: Snow Warning|[of] p2a: Ninetales
|turn|14
|
|t:|1743932689
|move|p1a: Iron Moth|Fiery Dance|p2a: Ninetales
|-supereffective|p2a: Ninetales
|-damage|p2a: Ninetales|0 fnt
|-boost|p1a: Iron Moth|spa|1
|faint|p2a: Ninetales
|
|-weather|Snowscape|[upkeep]
|upkeep
|
|t:|1743932710
|switch|p2a: Glastrier|Glastrier|100/100
|turn|15
|
|t:|1743932716
|move|p1a: Iron Moth|Fiery Dance|p2a: Glastrier
|-supereffective|p2a: Glastrier
|-damage|p2a: Glastrier|2/100
|move|p2a: Glastrier|High Horsepower|p1a: Iron Moth
|-supereffective|p1a: Iron Moth
|-damage|p1a: Iron Moth|0 fnt
|faint|p1a: Iron Moth
|-end|p1a: Iron Moth|Quark Drive|[silent]
|-ability|p2a: Glastrier|Chilling Neigh|boost
|-boost|p2a: Glastrier|atk|1
|
|-weather|Snowscape|[upkeep]
|upkeep
|
|t:|1743932733
|switch|p1a: Garchomp|Garchomp, F|100/100
|turn|16
|inactive|Paindeathsad has 90 seconds left.
|
|t:|1743932743
|move|p1a: Garchomp|Fire Fang|p2a: Glastrier
|-supereffective|p2a: Glastrier
|-crit|p2a: Glastrier
|-damage|p2a: Glastrier|0 fnt
|faint|p2a: Glastrier
|
|-weather|Snowscape|[upkeep]
|upkeep
|inactive|Paindeathsad has 90 seconds left.
|
|t:|1743932750
|switch|p2a: Great Tusk|Great Tusk|100/100
|-activate|p2a: Great Tusk|move: Sticky Web
|-unboost|p2a: Great Tusk|spe|1
|-enditem|p2a: Great Tusk|Booster Energy
|-activate|p2a: Great Tusk|ability: Protosynthesis|[fromitem]
|-start|p2a: Great Tusk|protosynthesisatk
|turn|17
|
|t:|1743932769
|move|p1a: Garchomp|Earthquake|p2a: Great Tusk
|-damage|p2a: Great Tusk|70/100
|move|p2a: Great Tusk|Ice Spinner|p1a: Garchomp
|-supereffective|p1a: Garchomp
|-damage|p1a: Garchomp|0 fnt
|-damage|p2a: Great Tusk|57/100|[from] ability: Rough Skin|[of] p1a: Garchomp
|faint|p1a: Garchomp
|
|-weather|Snowscape|[upkeep]
|upkeep
|
|t:|1743932780
|switch|p1a: Araquanid|Araquanid, M|92/100
|turn|18
|
|t:|1743932785
|move|p2a: Great Tusk|Rapid Spin|p1a: Araquanid
|-damage|p1a: Araquanid|67/100
|-boost|p2a: Great Tusk|spe|1
|-sideend|p2: Paindeathsad|Sticky Web|[from] move: Rapid Spin|[of] p2a: Great Tusk
|move|p1a: Araquanid|Liquidation|p2a: Great Tusk
|-supereffective|p2a: Great Tusk
|-damage|p2a: Great Tusk|0 fnt
|faint|p2a: Great Tusk
|-end|p2a: Great Tusk|Protosynthesis|[silent]
|
|-weather|none
|-heal|p1a: Araquanid|73/100|[from] item: Leftovers
|upkeep
|
|t:|1743932797
|switch|p2a: Kingambit|Kingambit, M|100/100
|-activate|p2a: Kingambit|ability: Supreme Overlord
|-start|p2a: Kingambit|fallen4|[silent]
|turn|19
|
|t:|1743932811
|move|p2a: Kingambit|Kowtow Cleave|p1a: Araquanid
|-damage|p1a: Araquanid|0 fnt
|faint|p1a: Araquanid
|
|upkeep
|
|t:|1743932816
|switch|p1a: Dragonite|Dragonite, F|100/100
|turn|20
|inactive|Paindeathsad has 120 seconds left.
|
|t:|1743932830
|-terastallize|p2a: Kingambit|Ghost
|move|p1a: Dragonite|Dragon Dance|p1a: Dragonite
|-boost|p1a: Dragonite|atk|1
|-boost|p1a: Dragonite|spe|1
|move|p2a: Kingambit|Kowtow Cleave|p1a: Dragonite
|-damage|p1a: Dragonite|59/100
|
|upkeep
|turn|21
|inactive|Paindeathsad has 120 seconds left.
|
|t:|1743932844
|move|p2a: Kingambit|Sucker Punch|p1a: Dragonite
|-damage|p1a: Dragonite|0 fnt
|faint|p1a: Dragonite
|
|win|Paindeathsad
|raw|Spidermanboss's rating: 1299 &rarr; <strong>1276</strong><br />(-23 for losing)
|raw|Paindeathsad's rating: 1321 &rarr; <strong>1340</strong><br />(+19 for winning)
|l|☆Paindeathsad
|player|p2|
|l|‽Spidermanboss
|player|p1|
