|j|☆Gil_Kenobi
|j|☆Dinorex007
|t:|1743919465
|gametype|singles
|player|p1|Gil_Kenobi|101|1211
|player|p2|Dinorex007|nate|1250
|teamsize|p1|6
|teamsize|p2|6
|gen|9
|tier|[Gen 9] OU
|rated|
|rule|HP Percentage Mod: HP is shown in percentages
|rule|Endless Battle Clause: Forcing endless battles is banned
|rule|Species Clause: Limit one of each Pokémon
|rule|OHKO Clause: OHKO moves are banned
|rule|Evasion Items Clause: Evasion items are banned
|rule|Evasion Moves Clause: Evasion moves are banned
|rule|Sleep Moves Clause: Sleep-inducing moves are banned
|clearpoke
|poke|p1|Torkoal, M|
|poke|p1|Leavanny, M|
|poke|p1|Victreebel, M|
|poke|p1|Samurott-Hisui, M|
|poke|p1|Hatterene, F|
|poke|p1|Arboliva, M|
|poke|p2|Landorus-Therian, M|
|poke|p2|Darkrai|
|poke|p2|Ribombee, F|
|poke|p2|Gholdengo|
|poke|p2|Blaziken, F|
|poke|p2|Ogerpon-Wellspring, F|
|teampreview
|inactive|Battle timer is ON: inactive players will automatically lose when time's up. (requested by Gil_Kenobi)
|
|t:|1743919492
|start
|switch|p1a: Samurott|Samurott-Hisui, M|100/100
|switch|p2a: Blaziken|Blaziken, F|100/100
|turn|1
|
|t:|1743919506
|switch|p1a: Hatterene|Hatterene, F, shiny|100/100
|move|p2a: Blaziken|Swords Dance|p2a: Blaziken
|-boost|p2a: Blaziken|atk|2
|
|-ability|p2a: Blaziken|Speed Boost|boost
|-boost|p2a: Blaziken|spe|1
|upkeep
|turn|2
|
|t:|1743919514
|-terastallize|p1a: Hatterene|Fire
|move|p2a: Blaziken|Flare Blitz|p1a: Hatterene
|-resisted|p1a: Hatterene
|-damage|p1a: Hatterene|11/100
|-damage|p2a: Blaziken|70/100|[from] Recoil
|-damage|p2a: Blaziken|60/100|[from] item: Life Orb
|move|p1a: Hatterene|Trick Room|p1a: Hatterene
|-fieldstart|move: Trick Room|[of] p1a: Hatterene
|
|-heal|p1a: Hatterene|17/100|[from] item: Leftovers
|-ability|p2a: Blaziken|Speed Boost|boost
|-boost|p2a: Blaziken|spe|1
|upkeep
|turn|3
|
|t:|1743919527
|move|p2a: Blaziken|Protect|p2a: Blaziken
|-singleturn|p2a: Blaziken|Protect
|move|p1a: Hatterene|Psyshock|p2a: Blaziken
|-activate|p2a: Blaziken|move: Protect
|
|-heal|p1a: Hatterene|23/100|[from] item: Leftovers
|-ability|p2a: Blaziken|Speed Boost|boost
|-boost|p2a: Blaziken|spe|1
|upkeep
|turn|4
|
|t:|1743919537
|move|p2a: Blaziken|Protect||[still]
|-fail|p2a: Blaziken
|move|p1a: Hatterene|Draining Kiss|p2a: Blaziken
|-damage|p2a: Blaziken|18/100
|-heal|p1a: Hatterene|54/100|[from] drain|[of] p2a: Blaziken
|
|-heal|p1a: Hatterene|60/100|[from] item: Leftovers
|-ability|p2a: Blaziken|Speed Boost|boost
|-boost|p2a: Blaziken|spe|1
|upkeep
|turn|5
|
|t:|1743919547
|move|p2a: Blaziken|Protect|p2a: Blaziken
|-singleturn|p2a: Blaziken|Protect
|move|p1a: Hatterene|Draining Kiss|p2a: Blaziken
|-activate|p2a: Blaziken|move: Protect
|
|-heal|p1a: Hatterene|66/100|[from] item: Leftovers
|-ability|p2a: Blaziken|Speed Boost|boost
|-boost|p2a: Blaziken|spe|1
|upkeep
|turn|6
|
|t:|1743919556
|move|p2a: Blaziken|Protect||[still]
|-fail|p2a: Blaziken
|move|p1a: Hatterene|Draining Kiss|p2a: Blaziken
|-damage|p2a: Blaziken|0 fnt
|-heal|p1a: Hatterene|78/100|[from] drain|[of] p2a: Blaziken
|faint|p2a: Blaziken
|
|-heal|p1a: Hatterene|85/100|[from] item: Leftovers
|-fieldend|move: Trick Room
|upkeep
|
|t:|1743919566
|switch|p2a: Ogerpon|Ogerpon-Wellspring, F|100/100
|turn|7
|
|t:|1743919570
|switch|p1a: Arboliva|Arboliva, M|100/100
|move|p2a: Ogerpon|Swords Dance|p2a: Ogerpon
|-boost|p2a: Ogerpon|atk|2
|
|upkeep
|turn|8
|
|t:|1743919576
|move|p2a: Ogerpon|Focus Energy|p2a: Ogerpon
|-start|p2a: Ogerpon|move: Focus Energy
|move|p1a: Arboliva|Alluring Voice|p2a: Ogerpon
|-damage|p2a: Ogerpon|69/100
|
|upkeep
|turn|9
|
|t:|1743919584
|move|p2a: Ogerpon|Horn Leech|p1a: Arboliva
|-resisted|p1a: Arboliva
|-crit|p1a: Arboliva
|-damage|p1a: Arboliva|34/100
|-heal|p2a: Ogerpon|100/100|[from] drain|[of] p1a: Arboliva
|-fieldstart|move: Grassy Terrain|[from] ability: Seed Sower|[of] p1a: Arboliva
|move|p1a: Arboliva|Giga Drain|p2a: Ogerpon
|-damage|p2a: Ogerpon|40/100
|-heal|p1a: Arboliva|60/100|[from] drain|[of] p2a: Ogerpon
|
|-heal|p2a: Ogerpon|46/100|[from] Grassy Terrain
|-heal|p1a: Arboliva|67/100|[from] Grassy Terrain
|upkeep
|turn|10
|
|t:|1743919596
|move|p2a: Ogerpon|Ivy Cudgel|p1a: Arboliva|[anim] Ivy Cudgel Water
|-resisted|p1a: Arboliva
|-crit|p1a: Arboliva
|-damage|p1a: Arboliva|0 fnt
|faint|p1a: Arboliva
|
|-heal|p2a: Ogerpon|52/100|[from] Grassy Terrain
|upkeep
|
|t:|1743919607
|switch|p1a: Leavanny|Leavanny, M|100/100
|turn|11
|
|t:|1743919614
|move|p2a: Ogerpon|Ivy Cudgel|p1a: Leavanny|[anim] Ivy Cudgel Water
|-resisted|p1a: Leavanny
|-crit|p1a: Leavanny
|-enditem|p1a: Leavanny|Focus Sash
|-damage|p1a: Leavanny|1/100
|move|p1a: Leavanny|Leaf Blade|p2a: Ogerpon
|-damage|p2a: Ogerpon|0 fnt
|faint|p2a: Ogerpon
|
|-heal|p1a: Leavanny|7/100|[from] Grassy Terrain
|upkeep
|
|t:|1743919628
|switch|p2a: Darkrai|Darkrai|100/100
|turn|12
|
|t:|1743919634
|switch|p1a: Torkoal|Torkoal, M|100/100
|-weather|SunnyDay|[from] ability: Drought|[of] p1a: Torkoal
|-terastallize|p2a: Darkrai|Poison
|move|p2a: Darkrai|Nasty Plot|p2a: Darkrai
|-boost|p2a: Darkrai|spa|2
|
|-weather|SunnyDay|[upkeep]
|upkeep
|turn|13
|
|t:|1743919644
|move|p2a: Darkrai|Dark Pulse|p1a: Torkoal
|-damage|p1a: Torkoal|0 fnt
|faint|p1a: Torkoal
|
|-weather|SunnyDay|[upkeep]
|-fieldend|move: Grassy Terrain
|upkeep
|
|t:|1743919656
|switch|p1a: Leavanny|Leavanny, M|7/100
|turn|14
|
|t:|1743919677
|move|p1a: Leavanny|Knock Off|p2a: Darkrai
|-damage|p2a: Darkrai|58/100
|-enditem|p2a: Darkrai|Leftovers|[from] move: Knock Off|[of] p1a: Leavanny
|move|p2a: Darkrai|Sludge Bomb|p1a: Leavanny
|-supereffective|p1a: Leavanny
|-damage|p1a: Leavanny|0 fnt
|faint|p1a: Leavanny
|
|-weather|SunnyDay|[upkeep]
|upkeep
|
|t:|1743919684
|switch|p1a: Victreebel|Victreebel, M|100/100
|turn|15
|
|t:|1743919693
|move|p1a: Victreebel|Swords Dance|p1a: Victreebel
|-boost|p1a: Victreebel|atk|2
|move|p2a: Darkrai|Ice Beam|p1a: Victreebel
|-supereffective|p1a: Victreebel
|-damage|p1a: Victreebel|0 fnt
|faint|p1a: Victreebel
|
|-weather|SunnyDay|[upkeep]
|upkeep
|-message|Gil_Kenobi forfeited.
|
|win|Dinorex007
|raw|Gil_Kenobi's rating: 1211 &rarr; <strong>1189</strong><br />(-22 for losing)
|raw|Dinorex007's rating: 1250 &rarr; <strong>1272</strong><br />(+22 for winning)
|l|☆Gil_Kenobi
|player|p1|
|l|☆Dinorex007
|player|p2|
