|j|☆rekka auto
|j|☆staaarz
|t:|1743933184
|gametype|singles
|player|p1|rekka auto|drayden|1398
|player|p2|staaarz|petrel|1465
|teamsize|p1|6
|teamsize|p2|6
|gen|9
|tier|[Gen 9] OU
|rated|
|rule|HP Percentage Mod: HP is shown in percentages
|rule|Endless Battle Clause: Forcing endless battles is banned
|rule|Species Clause: Limit one of each Pokémon
|rule|OHKO Clause: OHKO moves are banned
|rule|Evasion Items Clause: Evasion items are banned
|rule|Evasion Moves Clause: Evasion moves are banned
|rule|Sleep Moves Clause: Sleep-inducing moves are banned
|clearpoke
|poke|p1|Rotom-Wash|
|poke|p1|Meowscarada, F|
|poke|p1|Great Tusk|
|poke|p1|Garchomp, M|
|poke|p1|Gholdengo|
|poke|p1|Kyurem|
|poke|p2|Weezing-Galar, M|
|poke|p2|Dondozo, M|
|poke|p2|Toxapex, F|
|poke|p2|Gliscor, M|
|poke|p2|Talonflame, M|
|poke|p2|Blissey, F|
|teampreview
|inactive|Battle timer is ON: inactive players will automatically lose when time's up. (requested by rekka auto)
|
|t:|1743933206
|start
|switch|p1a: Garchomp|Garchomp, M|100/100
|switch|p2a: Talonflame|Talonflame, M|100/100
|turn|1
|
|t:|1743933234
|move|p2a: Talonflame|Will-O-Wisp|p1a: Garchomp|[miss]
|-miss|p2a: Talonflame|p1a: Garchomp
|move|p1a: Garchomp|Stealth Rock|p2a: Talonflame
|-sidestart|p2: staaarz|move: Stealth Rock
|
|upkeep
|turn|2
|
|t:|1743933240
|switch|p1a: Rotom|Rotom-Wash|100/100
|move|p2a: Talonflame|Defog|p1a: Rotom
|-unboost|p1a: Rotom|evasion|1
|-sideend|p2: staaarz|Stealth Rock|[from] move: Defog|[of] p2a: Talonflame
|
|upkeep
|turn|3
|inactive|staaarz has 120 seconds left.
|
|t:|1743933295
|switch|p2a: Toxapex|Toxapex, F|100/100
|move|p1a: Rotom|Will-O-Wisp|p2a: Toxapex
|-status|p2a: Toxapex|brn
|
|-damage|p2a: Toxapex|94/100 brn|[from] brn
|upkeep
|turn|4
|
|t:|1743933303
|move|p1a: Rotom|Will-O-Wisp|p2a: Toxapex
|-fail|p2a: Toxapex|brn
|move|p2a: Toxapex|Toxic|p1a: Rotom
|-status|p1a: Rotom|tox
|
|-heal|p2a: Toxapex|100/100 brn|[from] item: Leftovers
|-damage|p1a: Rotom|94/100 tox|[from] psn
|-damage|p2a: Toxapex|94/100 brn|[from] brn
|upkeep
|turn|5
|
|t:|1743933316
|move|p2a: Toxapex|Baneful Bunker|p2a: Toxapex
|-singleturn|p2a: Toxapex|move: Protect
|move|p1a: Rotom|Will-O-Wisp|p2a: Toxapex
|-activate|p2a: Toxapex|move: Protect
|
|-heal|p2a: Toxapex|100/100 brn|[from] item: Leftovers
|-damage|p1a: Rotom|82/100 tox|[from] psn
|-damage|p2a: Toxapex|94/100 brn|[from] brn
|upkeep
|turn|6
|
|t:|1743933321
|move|p2a: Toxapex|Baneful Bunker||[still]
|-fail|p2a: Toxapex
|move|p1a: Rotom|Volt Switch|p2a: Toxapex
|-supereffective|p2a: Toxapex
|-damage|p2a: Toxapex|48/100 brn
|
|t:|1743933329
|switch|p1a: Kyurem|Kyurem|100/100|[from] Volt Switch
|-ability|p1a: Kyurem|Pressure
|
|-heal|p2a: Toxapex|54/100 brn|[from] item: Leftovers
|-damage|p2a: Toxapex|48/100 brn|[from] brn
|upkeep
|turn|7
|inactive|staaarz has 120 seconds left.
|
|t:|1743933337
|switch|p2a: Blissey|Blissey, F|100/100
|move|p1a: Kyurem|Freeze-Dry|p2a: Blissey
|-damage|p2a: Blissey|89/100
|
|-heal|p2a: Blissey|95/100|[from] item: Leftovers
|upkeep
|turn|8
|
|t:|1743933340
|move|p1a: Kyurem|Dragon Dance|p1a: Kyurem
|-boost|p1a: Kyurem|atk|1
|-boost|p1a: Kyurem|spe|1
|move|p2a: Blissey|Stealth Rock|p1a: Kyurem
|-sidestart|p1: rekka auto|move: Stealth Rock
|
|-heal|p2a: Blissey|100/100|[from] item: Leftovers
|upkeep
|turn|9
|inactive|staaarz has 120 seconds left.
|
|t:|1743933381
|switch|p2a: Weezing|Weezing-Galar, M|100/100
|-ability|p2a: Weezing|Neutralizing Gas
|move|p1a: Kyurem|Icicle Spear|p2a: Weezing
|-damage|p2a: Weezing|84/100
|-crit|p2a: Weezing
|-damage|p2a: Weezing|64/100
|-damage|p2a: Weezing|49/100
|-hitcount|p2a: Weezing|3
|
|upkeep
|turn|10
|inactive|staaarz has 90 seconds left.
|
|t:|1743933407
|-end|p2a: Weezing|ability: Neutralizing Gas
|-ability|p1a: Kyurem|Pressure
|switch|p2a: Toxapex|Toxapex, F|81/100 brn
|move|p1a: Kyurem|Icicle Spear|p2a: Toxapex
|-resisted|p2a: Toxapex
|-damage|p2a: Toxapex|75/100 brn
|-resisted|p2a: Toxapex
|-damage|p2a: Toxapex|69/100 brn
|-hitcount|p2a: Toxapex|2
|
|-heal|p2a: Toxapex|75/100 brn|[from] item: Leftovers
|-damage|p2a: Toxapex|69/100 brn|[from] brn
|upkeep
|turn|11
|inactive|staaarz has 90 seconds left.
|
|t:|1743933423
|switch|p1a: Gholdengo|Gholdengo|100/100
|-damage|p1a: Gholdengo|94/100|[from] Stealth Rock
|move|p2a: Toxapex|Baneful Bunker||[still]
|-fail|p2a: Toxapex
|
|-heal|p2a: Toxapex|75/100 brn|[from] item: Leftovers
|-damage|p2a: Toxapex|69/100 brn|[from] brn
|upkeep
|turn|12
|inactive|staaarz has 90 seconds left.
|
|t:|1743933433
|switch|p2a: Blissey|Blissey, F|100/100
|move|p1a: Gholdengo|Nasty Plot|p1a: Gholdengo
|-boost|p1a: Gholdengo|spa|2
|
|upkeep
|turn|13
|inactive|staaarz has 90 seconds left.
|
|t:|1743933456
|move|p1a: Gholdengo|Nasty Plot|p1a: Gholdengo
|-boost|p1a: Gholdengo|spa|2
|move|p2a: Blissey|Calm Mind|p2a: Blissey
|-boost|p2a: Blissey|spa|1
|-boost|p2a: Blissey|spd|1
|
|upkeep
|turn|14
|
|t:|1743933461
|switch|p1a: Rotom|Rotom-Wash|82/100 tox
|-damage|p1a: Rotom|69/100 tox|[from] Stealth Rock
|move|p2a: Blissey|Calm Mind|p2a: Blissey
|-boost|p2a: Blissey|spa|1
|-boost|p2a: Blissey|spd|1
|
|-damage|p1a: Rotom|63/100 tox|[from] psn
|upkeep
|turn|15
|inactive|staaarz has 90 seconds left.
|
|t:|1743933476
|switch|p2a: Toxapex|Toxapex, F|100/100 brn
|move|p1a: Rotom|Will-O-Wisp|p2a: Toxapex
|-fail|p2a: Toxapex|brn
|
|-damage|p1a: Rotom|50/100 tox|[from] psn
|-damage|p2a: Toxapex|94/100 brn|[from] brn
|upkeep
|turn|16
|
|t:|1743933483
|move|p1a: Rotom|Pain Split|p2a: Toxapex
|-sethp|p2a: Toxapex|72/100 brn|[from] move: Pain Split|[silent]
|-sethp|p1a: Rotom|72/100 tox|[from] move: Pain Split
|move|p2a: Toxapex|Toxic|p1a: Rotom
|-fail|p1a: Rotom|tox
|
|-heal|p2a: Toxapex|78/100 brn|[from] item: Leftovers
|-damage|p1a: Rotom|53/100 tox|[from] psn
|-damage|p2a: Toxapex|72/100 brn|[from] brn
|upkeep
|turn|17
|inactive|staaarz has 90 seconds left.
|
|t:|1743933489
|move|p1a: Rotom|Volt Switch|p2a: Toxapex
|-supereffective|p2a: Toxapex
|-damage|p2a: Toxapex|31/100 brn
|
|t:|1743933492
|switch|p1a: Gholdengo|Gholdengo|94/100|[from] Volt Switch
|-damage|p1a: Gholdengo|88/100|[from] Stealth Rock
|move|p2a: Toxapex|Toxic|p1a: Gholdengo
|-immune|p1a: Gholdengo|[from] ability: Good as Gold
|
|-heal|p2a: Toxapex|37/100 brn|[from] item: Leftovers
|-damage|p2a: Toxapex|31/100 brn|[from] brn
|upkeep
|turn|18
|
|t:|1743933499
|switch|p1a: Meowscarada|Meowscarada, F|100/100
|-damage|p1a: Meowscarada|88/100|[from] Stealth Rock
|switch|p2a: Blissey|Blissey, F|100/100
|
|upkeep
|turn|19
|
|t:|1743933510
|switch|p2a: Talonflame|Talonflame, M|100/100
|move|p1a: Meowscarada|Knock Off|p2a: Talonflame
|-start|p1a: Meowscarada|typechange|Dark|[from] ability: Protean
|-damage|p2a: Talonflame|63/100
|-status|p1a: Meowscarada|brn|[from] ability: Flame Body|[of] p2a: Talonflame
|-enditem|p2a: Talonflame|Heavy-Duty Boots|[from] move: Knock Off|[of] p1a: Meowscarada
|
|-damage|p1a: Meowscarada|82/100 brn|[from] brn
|upkeep
|turn|20
|
|t:|1743933517
|switch|p1a: Garchomp|Garchomp, M|100/100
|-damage|p1a: Garchomp|94/100|[from] Stealth Rock
|move|p2a: Talonflame|Flamethrower|p1a: Garchomp
|-resisted|p1a: Garchomp
|-damage|p1a: Garchomp|83/100
|
|upkeep
|turn|21
|
|t:|1743933522
|move|p2a: Talonflame|Will-O-Wisp|p1a: Garchomp
|-status|p1a: Garchomp|brn
|move|p1a: Garchomp|Stealth Rock|p2a: Talonflame
|-sidestart|p2: staaarz|move: Stealth Rock
|
|-damage|p1a: Garchomp|77/100 brn|[from] brn
|upkeep
|turn|22
|
|t:|1743933528
|move|p2a: Talonflame|Defog|p1a: Garchomp
|-unboost|p1a: Garchomp|evasion|1
|-sideend|p1: rekka auto|Stealth Rock|[from] move: Defog|[of] p2a: Talonflame
|-sideend|p2: staaarz|Stealth Rock|[from] move: Defog|[of] p2a: Talonflame
|move|p1a: Garchomp|Dragon Tail|p2a: Talonflame
|-damage|p2a: Talonflame|51/100
|drag|p2a: Blissey|Blissey, F|100/100
|
|-damage|p1a: Garchomp|71/100 brn|[from] brn
|upkeep
|turn|23
|
|t:|1743933532
|switch|p2a: Gliscor|Gliscor, M|100/100
|move|p1a: Garchomp|Stealth Rock|p2a: Gliscor
|-sidestart|p2: staaarz|move: Stealth Rock
|
|-damage|p1a: Garchomp|65/100 brn|[from] brn
|-status|p2a: Gliscor|tox|[from] item: Toxic Orb
|upkeep
|turn|24
|
|t:|1743933539
|switch|p1a: Gholdengo|Gholdengo|88/100
|move|p2a: Gliscor|Knock Off|p1a: Gholdengo
|-supereffective|p1a: Gholdengo
|-damage|p1a: Gholdengo|58/100
|-enditem|p1a: Gholdengo|Covert Cloak|[from] move: Knock Off|[of] p2a: Gliscor
|
|upkeep
|turn|25
|
|t:|1743933545
|move|p2a: Gliscor|Earthquake|p1a: Gholdengo
|-supereffective|p1a: Gholdengo
|-damage|p1a: Gholdengo|9/100
|move|p1a: Gholdengo|Recover|p1a: Gholdengo
|-heal|p1a: Gholdengo|59/100
|
|upkeep
|turn|26
|
|t:|1743933569
|switch|p1a: Rotom|Rotom-Wash|53/100 tox
|move|p2a: Gliscor|Swords Dance|p2a: Gliscor
|-boost|p2a: Gliscor|atk|2
|
|-damage|p1a: Rotom|47/100 tox|[from] psn
|upkeep
|turn|27
|
|t:|1743933582
|move|p2a: Gliscor|Protect|p2a: Gliscor
|-singleturn|p2a: Gliscor|Protect
|move|p1a: Rotom|Pain Split|p2a: Gliscor
|-activate|p2a: Gliscor|move: Protect
|
|-damage|p1a: Rotom|35/100 tox|[from] psn
|upkeep
|turn|28
|
|t:|1743933588
|move|p2a: Gliscor|Knock Off|p1a: Rotom
|-damage|p1a: Rotom|0 fnt
|-damage|p2a: Gliscor|84/100 tox|[from] item: Rocky Helmet|[of] p1a: Rotom
|-enditem|p1a: Rotom|Rocky Helmet|[from] move: Knock Off|[of] p2a: Gliscor
|faint|p1a: Rotom
|
|-heal|p2a: Gliscor|97/100 tox|[from] ability: Poison Heal
|upkeep
|
|t:|1743933593
|switch|p1a: Kyurem|Kyurem|100/100
|-ability|p1a: Kyurem|Pressure
|turn|29
|
|t:|1743933608
|switch|p2a: Toxapex|Toxapex, F|64/100 brn
|-damage|p2a: Toxapex|51/100 brn|[from] Stealth Rock
|move|p1a: Kyurem|Dragon Dance|p1a: Kyurem
|-boost|p1a: Kyurem|atk|1
|-boost|p1a: Kyurem|spe|1
|
|-heal|p2a: Toxapex|58/100 brn|[from] item: Leftovers
|-damage|p2a: Toxapex|51/100 brn|[from] brn
|upkeep
|turn|30
|
|t:|1743933617
|move|p1a: Kyurem|Freeze-Dry|p2a: Toxapex
|-supereffective|p2a: Toxapex
|-damage|p2a: Toxapex|0 fnt
|faint|p2a: Toxapex
|
|upkeep
|inactive|staaarz has 120 seconds left.
|
|t:|1743933644
|switch|p2a: Talonflame|Talonflame, M|51/100
|-damage|p2a: Talonflame|1/100|[from] Stealth Rock
|turn|31
|
|t:|1743933649
|move|p1a: Kyurem|Freeze-Dry|p2a: Talonflame
|-damage|p2a: Talonflame|0 fnt
|faint|p2a: Talonflame
|
|upkeep
|
|t:|1743933655
|switch|p2a: Weezing|Weezing-Galar, M|49/100
|-ability|p2a: Weezing|Neutralizing Gas
|turn|32
|
|t:|1743933661
|move|p1a: Kyurem|Earth Power|p2a: Weezing
|-supereffective|p2a: Weezing
|-damage|p2a: Weezing|0 fnt
|faint|p2a: Weezing
|-end|p2a: Weezing|ability: Neutralizing Gas
|-ability|p1a: Kyurem|Pressure
|
|upkeep
|
|t:|1743933664
|switch|p2a: Gliscor|Gliscor, M|97/100 tox
|-damage|p2a: Gliscor|84/100 tox|[from] Stealth Rock
|turn|33
|
|t:|1743933670
|-terastallize|p1a: Kyurem|Ice
|move|p1a: Kyurem|Icicle Spear|p2a: Gliscor
|-supereffective|p2a: Gliscor
|-damage|p2a: Gliscor|0 fnt
|faint|p2a: Gliscor
|-hitcount|p2: Gliscor|1
|
|upkeep
|
|t:|1743933673
|switch|p2a: Dondozo|Dondozo, M|100/100
|-damage|p2a: Dondozo|88/100|[from] Stealth Rock
|turn|34
|
|t:|1743933675
|move|p1a: Kyurem|Freeze-Dry|p2a: Dondozo
|-supereffective|p2a: Dondozo
|-damage|p2a: Dondozo|23/100
|move|p2a: Dondozo|Curse|p2a: Dondozo
|-unboost|p2a: Dondozo|spe|1
|-boost|p2a: Dondozo|atk|1
|-boost|p2a: Dondozo|def|1
|
|-heal|p2a: Dondozo|29/100|[from] item: Leftovers
|upkeep
|turn|35
|
|t:|1743933678
|move|p1a: Kyurem|Freeze-Dry|p2a: Dondozo
|-supereffective|p2a: Dondozo
|-damage|p2a: Dondozo|0 fnt
|faint|p2a: Dondozo
|
|upkeep
|
|t:|1743933680
|switch|p2a: Blissey|Blissey, F|100/100
|-damage|p2a: Blissey|88/100|[from] Stealth Rock
|turn|36
|
|t:|1743933682
|move|p1a: Kyurem|Icicle Spear|p2a: Blissey
|-damage|p2a: Blissey|56/100
|-damage|p2a: Blissey|28/100
|-damage|p2a: Blissey|0 fnt
|faint|p2a: Blissey
|-hitcount|p2: Blissey|3
|
|win|rekka auto
|raw|rekka auto's rating: 1398 &rarr; <strong>1422</strong><br />(+24 for winning)
|raw|staaarz's rating: 1465 &rarr; <strong>1441</strong><br />(-24 for losing)
|l|☆rekka auto
|player|p1|
