|j|☆that suck
|j|☆Ursussylittlebaka
|t:|1743919600
|gametype|singles
|player|p1|that suck|102|1160
|player|p2|Ursussylittlebaka|ethan|1141
|teamsize|p1|6
|teamsize|p2|6
|gen|9
|tier|[Gen 9] OU
|rated|
|rule|HP Percentage Mod: HP is shown in percentages
|rule|Endless Battle Clause: Forcing endless battles is banned
|rule|Species Clause: Limit one of each Pokémon
|rule|OHKO Clause: OHKO moves are banned
|rule|Evasion Items Clause: Evasion items are banned
|rule|Evasion Moves Clause: Evasion moves are banned
|rule|Sleep Moves Clause: Sleep-inducing moves are banned
|clearpoke
|poke|p1|Zamazenta-*|
|poke|p1|Kyurem|
|poke|p1|Sableye, M|
|poke|p1|Araquanid, M|
|poke|p1|Landorus-Therian, M|
|poke|p1|Dondozo, M|
|poke|p2|Ogerpon-Wellspring, F|
|poke|p2|Moltres|
|poke|p2|Scizor, M|
|poke|p2|Gholdengo|
|poke|p2|Ursaluna, F|
|poke|p2|Clodsire, F|
|teampreview
|inactive|Battle timer is ON: inactive players will automatically lose when time's up. (requested by Ursussylittlebaka)
|
|t:|1743919618
|start
|switch|p1a: Landorus|Landorus-Therian, M, shiny|100/100
|switch|p2a: Ogerpon|Ogerpon-Wellspring, F|100/100
|-ability|p1a: Landorus|Intimidate|boost
|-unboost|p2a: Ogerpon|atk|1
|turn|1
|
|t:|1743919633
|move|p2a: Ogerpon|Ivy Cudgel|p1a: Landorus|[anim] Ivy Cudgel Water
|-supereffective|p1a: Landorus
|-damage|p1a: Landorus|13/100
|move|p1a: Landorus|Outrage|p2a: Ogerpon
|-damage|p2a: Ogerpon|8/100
|
|upkeep
|turn|2
|
|t:|1743919640
|move|p2a: Ogerpon|Knock Off|p1a: Landorus
|-damage|p1a: Landorus|0 fnt
|-enditem|p1a: Landorus|Choice Band|[from] move: Knock Off|[of] p2a: Ogerpon
|faint|p1a: Landorus
|
|upkeep
|
|t:|1743919648
|switch|p1a: Zamazenta|Zamazenta, shiny|100/100
|-ability|p1a: Zamazenta|Dauntless Shield|boost
|-boost|p1a: Zamazenta|def|1
|turn|3
|
|t:|1743919652
|switch|p2a: Moltres|Moltres|100/100
|move|p1a: Zamazenta|Body Press|p2a: Moltres
|-resisted|p2a: Moltres
|-damage|p2a: Moltres|63/100
|
|upkeep
|turn|4
|
|t:|1743919660
|move|p1a: Zamazenta|Body Press|p2a: Moltres
|-resisted|p2a: Moltres
|-damage|p2a: Moltres|27/100
|move|p2a: Moltres|Roost|p2a: Moltres
|-heal|p2a: Moltres|77/100
|-singleturn|p2a: Moltres|move: Roost
|
|upkeep
|turn|5
|
|t:|1743919665
|move|p1a: Zamazenta|Body Press|p2a: Moltres
|-resisted|p2a: Moltres
|-damage|p2a: Moltres|40/100
|move|p2a: Moltres|Roost|p2a: Moltres
|-heal|p2a: Moltres|91/100
|-singleturn|p2a: Moltres|move: Roost
|
|upkeep
|turn|6
|
|t:|1743919686
|switch|p1a: Dondozo|Dondozo, M, shiny|100/100
|move|p2a: Moltres|Will-O-Wisp|p1a: Dondozo|[miss]
|-miss|p2a: Moltres|p1a: Dondozo
|
|upkeep
|turn|7
|
|t:|1743919693
|move|p2a: Moltres|U-turn|p1a: Dondozo
|-damage|p1a: Dondozo|90/100
|
|t:|1743919695
|switch|p2a: Gholdengo|Gholdengo|100/100|[from] U-turn
|move|p1a: Dondozo|Wave Crash|p2a: Gholdengo
|-damage|p2a: Gholdengo|2/100
|-damage|p1a: Dondozo|70/100|[from] Recoil
|
|upkeep
|turn|8
|
|t:|1743919702
|move|p2a: Gholdengo|Thunderbolt|p1a: Dondozo
|-supereffective|p1a: Dondozo
|-damage|p1a: Dondozo|6/100
|move|p1a: Dondozo|Wave Crash|p2a: Gholdengo
|-damage|p2a: Gholdengo|0 fnt
|faint|p2a: Gholdengo
|-damage|p1a: Dondozo|5/100|[from] Recoil
|
|upkeep
|
|t:|1743919706
|switch|p2a: Ursaluna|Ursaluna, F|100/100
|turn|9
|
|t:|1743919710
|move|p2a: Ursaluna|Headlong Rush|p1a: Dondozo
|-damage|p1a: Dondozo|0 fnt
|-unboost|p2a: Ursaluna|def|1
|-unboost|p2a: Ursaluna|spd|1
|faint|p1a: Dondozo
|
|-status|p2a: Ursaluna|brn|[from] item: Flame Orb
|upkeep
|
|t:|1743919715
|switch|p1a: Kyurem|Kyurem, shiny|100/100
|-ability|p1a: Kyurem|Pressure
|turn|10
|
|t:|1743919719
|switch|p2a: Ogerpon|Ogerpon-Wellspring, F|8/100
|move|p1a: Kyurem|Glaciate|p2a: Ogerpon
|-damage|p2a: Ogerpon|0 fnt
|faint|p2a: Ogerpon
|
|upkeep
|
|t:|1743919722
|switch|p2a: Scizor|Scizor, M|100/100
|turn|11
|
|t:|1743919728
|switch|p1a: Sableye|Sableye, M, shiny|100/100
|move|p2a: Scizor|Swords Dance|p2a: Scizor
|-boost|p2a: Scizor|atk|2
|
|upkeep
|turn|12
|
|t:|1743919732
|move|p1a: Sableye|Encore|p2a: Scizor
|-start|p2a: Scizor|Encore
|move|p2a: Scizor|Swords Dance|p2a: Scizor
|-boost|p2a: Scizor|atk|2
|
|upkeep
|turn|13
|
|t:|1743919735
|move|p1a: Sableye|Will-O-Wisp|p2a: Scizor
|-status|p2a: Scizor|brn
|move|p2a: Scizor|Swords Dance|p2a: Scizor
|-boost|p2a: Scizor|atk|2
|
|-damage|p2a: Scizor|94/100 brn|[from] brn
|upkeep
|turn|14
|
|t:|1743919751
|switch|p1a: Araquanid|Araquanid, M, shiny|100/100
|move|p2a: Scizor|Swords Dance|p2a: Scizor
|-boost|p2a: Scizor|atk|0
|
|-damage|p2a: Scizor|88/100 brn|[from] brn
|-end|p2a: Scizor|Encore
|upkeep
|turn|15
|
|t:|1743919756
|move|p2a: Scizor|Bullet Punch|p1a: Araquanid
|-resisted|p1a: Araquanid
|-damage|p1a: Araquanid|55/100
|move|p1a: Araquanid|Liquidation|p2a: Scizor
|-damage|p2a: Scizor|26/100 brn
|-unboost|p2a: Scizor|def|1
|
|-damage|p2a: Scizor|20/100 brn|[from] brn
|upkeep
|turn|16
|
|t:|1743919763
|move|p2a: Scizor|Bullet Punch|p1a: Araquanid
|-resisted|p1a: Araquanid
|-damage|p1a: Araquanid|9/100
|move|p1a: Araquanid|Liquidation|p2a: Scizor
|-damage|p2a: Scizor|0 fnt
|faint|p2a: Scizor
|
|upkeep
|
|t:|1743919767
|switch|p2a: Ursaluna|Ursaluna, F|100/100 brn
|turn|17
|
|t:|1743919775
|move|p2a: Ursaluna|Headlong Rush|p1a: Araquanid
|-resisted|p1a: Araquanid
|-damage|p1a: Araquanid|0 fnt
|-unboost|p2a: Ursaluna|def|1
|-unboost|p2a: Ursaluna|spd|1
|faint|p1a: Araquanid
|
|-damage|p2a: Ursaluna|94/100 brn|[from] brn
|upkeep
|
|t:|1743919781
|switch|p1a: Zamazenta|Zamazenta, shiny|100/100
|turn|18
|
|t:|1743919783
|switch|p2a: Moltres|Moltres|91/100
|move|p1a: Zamazenta|Body Press|p2a: Moltres
|-resisted|p2a: Moltres
|-damage|p2a: Moltres|63/100
|
|upkeep
|turn|19
|
|t:|1743919789
|switch|p1a: Sableye|Sableye, M, shiny|100/100
|move|p2a: Moltres|Tailwind|p2a: Moltres
|-sidestart|p2: Ursussylittlebaka|move: Tailwind
|
|upkeep
|turn|20
|
|t:|1743919797
|switch|p2a: Ursaluna|Ursaluna, F|94/100 brn
|move|p1a: Sableye|Encore||[still]
|-fail|p1a: Sableye
|
|-damage|p2a: Ursaluna|88/100 brn|[from] brn
|upkeep
|turn|21
|
|t:|1743919801
|move|p2a: Ursaluna|Headlong Rush|p1a: Sableye
|-damage|p1a: Sableye|0 fnt
|-unboost|p2a: Ursaluna|def|1
|-unboost|p2a: Ursaluna|spd|1
|faint|p1a: Sableye
|
|-damage|p2a: Ursaluna|82/100 brn|[from] brn
|upkeep
|
|t:|1743919804
|switch|p1a: Kyurem|Kyurem, shiny|100/100
|-ability|p1a: Kyurem|Pressure
|turn|22
|
|t:|1743919814
|-terastallize|p1a: Kyurem|Ground
|move|p2a: Ursaluna|Facade|p1a: Kyurem
|-damage|p1a: Kyurem|0 fnt
|faint|p1a: Kyurem
|
|-damage|p2a: Ursaluna|75/100 brn|[from] brn
|-sideend|p2: Ursussylittlebaka|move: Tailwind
|upkeep
|
|t:|1743919819
|switch|p1a: Zamazenta|Zamazenta, shiny|100/100
|turn|23
|
|t:|1743919825
|switch|p2a: Clodsire|Clodsire, F|100/100
|move|p1a: Zamazenta|Body Press|p2a: Clodsire
|-resisted|p2a: Clodsire
|-damage|p2a: Clodsire|71/100
|
|-heal|p2a: Clodsire|77/100|[from] item: Leftovers
|upkeep
|turn|24
|
|t:|1743919827
|move|p1a: Zamazenta|Body Press|p2a: Clodsire
|-resisted|p2a: Clodsire
|-damage|p2a: Clodsire|46/100
|move|p2a: Clodsire|Toxic|p1a: Zamazenta
|-status|p1a: Zamazenta|tox
|
|-heal|p2a: Clodsire|52/100|[from] item: Leftovers
|-damage|p1a: Zamazenta|94/100 tox|[from] psn
|upkeep
|turn|25
|
|t:|1743919832
|move|p2a: Clodsire|Protect|p2a: Clodsire
|-singleturn|p2a: Clodsire|Protect
|move|p1a: Zamazenta|Body Press|p2a: Clodsire
|-activate|p2a: Clodsire|move: Protect
|
|-heal|p2a: Clodsire|59/100|[from] item: Leftovers
|-damage|p1a: Zamazenta|82/100 tox|[from] psn
|upkeep
|turn|26
|-message|that suck forfeited.
|
|win|Ursussylittlebaka
|raw|that suck's rating: 1160 &rarr; <strong>1134</strong><br />(-26 for losing)
|raw|Ursussylittlebaka's rating: 1141 &rarr; <strong>1167</strong><br />(+26 for winning)
|l|☆that suck
|player|p1|
|l|☆Ursussylittlebaka
|player|p2|
