|j|☆miguelghh1303
|j|☆banded struggle
|t:|1743929032
|gametype|singles
|player|p1|miguelghh1303|169|1472
|player|p2|banded struggle|hau|1458
|teamsize|p1|6
|teamsize|p2|6
|gen|9
|tier|[Gen 9] OU
|rated|
|rule|HP Percentage Mod: HP is shown in percentages
|rule|Endless Battle Clause: Forcing endless battles is banned
|rule|Species Clause: Limit one of each Pokémon
|rule|OHKO Clause: OHKO moves are banned
|rule|Evasion Items Clause: Evasion items are banned
|rule|Evasion Moves Clause: Evasion moves are banned
|rule|Sleep Moves Clause: Sleep-inducing moves are banned
|clearpoke
|poke|p1|Dragonite, M|
|poke|p1|Ting-Lu|
|poke|p1|Iron Moth|
|poke|p1|Iron Valiant|
|poke|p1|Kyurem|
|poke|p1|Gholdengo|
|poke|p2|Breloom, M|
|poke|p2|Rotom-Heat|
|poke|p2|Clodsire, M|
|poke|p2|Darkrai|
|poke|p2|Primarina, M|
|poke|p2|Corviknight, F|
|teampreview
|inactive|Battle timer is ON: inactive players will automatically lose when time's up. (requested by banded struggle)
|c|☆banded struggle|Hf
|
|t:|1743929045
|start
|switch|p1a: Ting-Lu|Ting-Lu|100/100
|switch|p2a: Rotom|Rotom-Heat|100/100
|-ability|p1a: Ting-Lu|Vessel of Ruin
|turn|1
|
|t:|1743929051
|move|p2a: Rotom|Will-O-Wisp|p1a: Ting-Lu
|-status|p1a: Ting-Lu|brn
|move|p1a: Ting-Lu|Stealth Rock|p2a: Rotom
|-sidestart|p2: banded struggle|move: Stealth Rock
|
|-damage|p1a: Ting-Lu|94/100 brn|[from] brn
|upkeep
|turn|2
|
|t:|1743929066
|move|p2a: Rotom|Overheat|p1a: Ting-Lu
|-damage|p1a: Ting-Lu|66/100 brn
|-unboost|p2a: Rotom|spa|2
|move|p1a: Ting-Lu|Ruination|p2a: Rotom
|-damage|p2a: Rotom|50/100
|
|-damage|p1a: Ting-Lu|59/100 brn|[from] brn
|upkeep
|turn|3
|
|t:|1743929075
|move|p2a: Rotom|Pain Split|p1a: Ting-Lu
|-sethp|p1a: Ting-Lu|45/100 brn|[from] move: Pain Split|[silent]
|-sethp|p2a: Rotom|74/100|[from] move: Pain Split
|move|p1a: Ting-Lu|Ruination|p2a: Rotom
|-damage|p2a: Rotom|37/100
|
|-damage|p1a: Ting-Lu|39/100 brn|[from] brn
|upkeep
|turn|4
|
|t:|1743929082
|move|p2a: Rotom|Pain Split|p1a: Ting-Lu
|-sethp|p1a: Ting-Lu|31/100 brn|[from] move: Pain Split|[silent]
|-sethp|p2a: Rotom|50/100|[from] move: Pain Split
|move|p1a: Ting-Lu|Taunt|p2a: Rotom
|-start|p2a: Rotom|move: Taunt
|
|-damage|p1a: Ting-Lu|25/100 brn|[from] brn
|upkeep
|turn|5
|
|t:|1743929088
|move|p2a: Rotom|Overheat|p1a: Ting-Lu|[miss]
|-miss|p2a: Rotom|p1a: Ting-Lu
|move|p1a: Ting-Lu|Ruination|p2a: Rotom
|-damage|p2a: Rotom|25/100
|
|-damage|p1a: Ting-Lu|18/100 brn|[from] brn
|upkeep
|turn|6
|
|t:|1743929097
|move|p2a: Rotom|Overheat|p1a: Ting-Lu
|-damage|p1a: Ting-Lu|4/100 brn
|-unboost|p2a: Rotom|spa|2
|move|p1a: Ting-Lu|Ruination|p2a: Rotom
|-damage|p2a: Rotom|13/100
|
|-damage|p1a: Ting-Lu|0 fnt|[from] brn
|faint|p1a: Ting-Lu
|upkeep
|
|t:|1743929107
|switch|p1a: Kyurem|Kyurem|100/100
|-ability|p1a: Kyurem|Pressure
|turn|7
|
|t:|1743929111
|-terastallize|p1a: Kyurem|Fire
|move|p1a: Kyurem|Dragon Dance|p1a: Kyurem
|-boost|p1a: Kyurem|atk|1
|-boost|p1a: Kyurem|spe|1
|move|p2a: Rotom|Volt Switch|p1a: Kyurem
|-damage|p1a: Kyurem|92/100
|
|t:|1743929128
|switch|p2a: Primarina|Primarina, M|100/100|[from] Volt Switch
|-damage|p2a: Primarina|88/100|[from] Stealth Rock
|
|upkeep
|turn|8
|
|t:|1743929133
|switch|p1a: Gholdengo|Gholdengo|100/100
|move|p2a: Primarina|Flip Turn|p1a: Gholdengo
|-damage|p1a: Gholdengo|84/100
|
|t:|1743929141
|switch|p2a: Darkrai|Darkrai|100/100|[from] Flip Turn
|-damage|p2a: Darkrai|88/100|[from] Stealth Rock
|
|upkeep
|turn|9
|
|t:|1743929144
|move|p2a: Darkrai|Dark Pulse|p1a: Gholdengo
|-supereffective|p1a: Gholdengo
|-damage|p1a: Gholdengo|0 fnt
|faint|p1a: Gholdengo
|
|upkeep
|
|t:|1743929149
|switch|p1a: Iron Valiant|Iron Valiant|100/100
|-enditem|p1a: Iron Valiant|Booster Energy
|-activate|p1a: Iron Valiant|ability: Quark Drive|[fromitem]
|-start|p1a: Iron Valiant|quarkdrivespe
|turn|10
|
|t:|1743929155
|switch|p2a: Clodsire|Clodsire, M|100/100
|-damage|p2a: Clodsire|94/100|[from] Stealth Rock
|move|p1a: Iron Valiant|Knock Off|p2a: Clodsire
|-damage|p2a: Clodsire|59/100
|-enditem|p2a: Clodsire|Leftovers|[from] move: Knock Off|[of] p1a: Iron Valiant
|
|upkeep
|turn|11
|
|t:|1743929164
|-end|p1a: Iron Valiant|Quark Drive|[silent]
|switch|p1a: Dragonite|Dragonite, M|100/100
|move|p2a: Clodsire|Toxic|p1a: Dragonite
|-status|p1a: Dragonite|tox
|
|-damage|p1a: Dragonite|94/100 tox|[from] psn
|upkeep
|turn|12
|
|t:|1743929170
|switch|p2a: Corviknight|Corviknight, F|100/100
|-damage|p2a: Corviknight|88/100|[from] Stealth Rock
|-ability|p2a: Corviknight|Pressure
|move|p1a: Dragonite|Earthquake|p2a: Corviknight
|-immune|p2a: Corviknight
|
|-heal|p2a: Corviknight|94/100|[from] item: Leftovers
|-damage|p1a: Dragonite|82/100 tox|[from] psn
|upkeep
|turn|13
|
|t:|1743929178
|switch|p1a: Iron Moth|Iron Moth|100/100
|-enditem|p1a: Iron Moth|Booster Energy
|-activate|p1a: Iron Moth|ability: Quark Drive|[fromitem]
|-start|p1a: Iron Moth|quarkdrivespe
|move|p2a: Corviknight|U-turn|p1a: Iron Moth
|-resisted|p1a: Iron Moth
|-damage|p1a: Iron Moth|96/100
|
|t:|1743929184
|switch|p2a: Primarina|Primarina, M|88/100|[from] U-turn
|-damage|p2a: Primarina|76/100|[from] Stealth Rock
|
|upkeep
|turn|14
|
|t:|1743929188
|move|p1a: Iron Moth|Sludge Wave|p2a: Primarina
|-supereffective|p2a: Primarina
|-damage|p2a: Primarina|17/100
|move|p2a: Primarina|Surf|p1a: Iron Moth
|-supereffective|p1a: Iron Moth
|-crit|p1a: Iron Moth
|-damage|p1a: Iron Moth|0 fnt
|faint|p1a: Iron Moth
|-end|p1a: Iron Moth|Quark Drive|[silent]
|
|upkeep
|
|t:|1743929197
|switch|p1a: Kyurem|Kyurem, tera:Fire|92/100
|-ability|p1a: Kyurem|Pressure
|turn|15
|
|t:|1743929200
|move|p1a: Kyurem|Dragon Dance|p1a: Kyurem
|-boost|p1a: Kyurem|atk|1
|-boost|p1a: Kyurem|spe|1
|move|p2a: Primarina|Surf|p1a: Kyurem
|-supereffective|p1a: Kyurem
|-crit|p1a: Kyurem
|-damage|p1a: Kyurem|0 fnt
|faint|p1a: Kyurem
|
|upkeep
|-message|miguelghh1303 forfeited.
|
|win|banded struggle
|raw|miguelghh1303's rating: 1472 &rarr; <strong>1451</strong><br />(-21 for losing)
|raw|banded struggle's rating: 1458 &rarr; <strong>1479</strong><br />(+21 for winning)
|l|☆miguelghh1303
|player|p1|
