|j|☆sebastian.gough
|j|☆BTDFTCMZUTM
|t:|1743924551
|gametype|singles
|player|p1|sebastian.gough|benga|1117
|player|p2|BTDFTCMZUTM|iris-gen5bw2|1193
|teamsize|p1|6
|teamsize|p2|6
|gen|9
|tier|[Gen 9] OU
|rated|
|rule|HP Percentage Mod: HP is shown in percentages
|rule|Endless Battle Clause: Forcing endless battles is banned
|rule|Species Clause: Limit one of each Pokémon
|rule|OHKO Clause: OHKO moves are banned
|rule|Evasion Items Clause: Evasion items are banned
|rule|Evasion Moves Clause: Evasion moves are banned
|rule|Sleep Moves Clause: Sleep-inducing moves are banned
|clearpoke
|poke|p1|Pelipper, M|
|poke|p1|Barraskewda, M|
|poke|p1|Lanturn, M|
|poke|p1|Quagsire, F|
|poke|p1|Goodra-Hisui, M|
|poke|p1|Avalugg-Hisui, M|
|poke|p2|Landorus-Therian, M|
|poke|p2|Dragapult, M|
|poke|p2|Primarina, F|
|poke|p2|Ogerpon-Wellspring, F|
|poke|p2|Raging Bolt|
|poke|p2|Kingambit, M|
|teampreview
|inactive|Battle timer is ON: inactive players will automatically lose when time's up. (requested by sebastian.gough)
|
|t:|1743924583
|start
|switch|p1a: Pelipper|Pelipper, M|100/100
|switch|p2a: Dragapult|Dragapult, M|100/100
|-weather|RainDance|[from] ability: Drizzle|[of] p1a: Pelipper
|turn|1
|c|☆sebastian.gough|Good luck
|
|t:|1743924596
|move|p2a: Dragapult|Draco Meteor|p1a: Pelipper
|-damage|p1a: Pelipper|0 fnt
|-unboost|p2a: Dragapult|spa|2
|faint|p1a: Pelipper
|
|-weather|RainDance|[upkeep]
|upkeep
|
|t:|1743924610
|switch|p1a: Goodra|Goodra-Hisui, M|100/100
|turn|2
|
|t:|1743924624
|switch|p2a: Primarina|Primarina, F|100/100
|-terastallize|p1a: Goodra|Fairy
|move|p1a: Goodra|Draco Meteor|p2a: Primarina
|-immune|p2a: Primarina
|
|-weather|RainDance|[upkeep]
|upkeep
|turn|3
|
|t:|1743924635
|move|p2a: Primarina|Calm Mind|p2a: Primarina
|-boost|p2a: Primarina|spa|1
|-boost|p2a: Primarina|spd|1
|move|p1a: Goodra|Flash Cannon|p2a: Primarina
|-damage|p2a: Primarina|75/100
|
|-weather|RainDance|[upkeep]
|-heal|p2a: Primarina|81/100|[from] item: Leftovers
|upkeep
|turn|4
|
|t:|1743924645
|move|p2a: Primarina|Surf|p1a: Goodra
|-damage|p1a: Goodra|24/100
|move|p1a: Goodra|Thunderbolt|p2a: Primarina
|-supereffective|p2a: Primarina
|-damage|p2a: Primarina|45/100
|
|-weather|RainDance|[upkeep]
|-heal|p2a: Primarina|51/100|[from] item: Leftovers
|upkeep
|turn|5
|
|t:|1743924655
|switch|p1a: Quagsire|Quagsire, F|100/100
|move|p2a: Primarina|Moonblast|p1a: Quagsire
|-damage|p1a: Quagsire|0 fnt
|faint|p1a: Quagsire
|
|-weather|RainDance|[upkeep]
|-heal|p2a: Primarina|58/100|[from] item: Leftovers
|upkeep
|
|t:|1743924667
|switch|p1a: Lanturn|Lanturn, M|100/100
|turn|6
|
|t:|1743924680
|switch|p2a: Landorus|Landorus-Therian, M|100/100
|-ability|p2a: Landorus|Intimidate|boost
|-unboost|p1a: Lanturn|atk|1
|move|p1a: Lanturn|Thunder|p2a: Landorus
|-immune|p2a: Landorus
|
|-weather|RainDance|[upkeep]
|upkeep
|turn|7
|
|t:|1743924697
|move|p2a: Landorus|Stealth Rock|p1a: Lanturn
|-sidestart|p1: sebastian.gough|move: Stealth Rock
|move|p1a: Lanturn|Ice Beam|p2a: Landorus
|-supereffective|p2a: Landorus
|-damage|p2a: Landorus|1/100
|
|-weather|RainDance|[upkeep]
|upkeep
|turn|8
|
|t:|1743924705
|move|p2a: Landorus|Earth Power|p1a: Lanturn
|-supereffective|p1a: Lanturn
|-damage|p1a: Lanturn|37/100
|move|p1a: Lanturn|Ice Beam|p2a: Landorus
|-supereffective|p2a: Landorus
|-damage|p2a: Landorus|0 fnt
|faint|p2a: Landorus
|
|-weather|none
|upkeep
|
|t:|1743924732
|switch|p2a: Dragapult|Dragapult, M|100/100
|turn|9
|
|t:|1743924741
|move|p2a: Dragapult|Shadow Ball|p1a: Lanturn
|-damage|p1a: Lanturn|0 fnt
|faint|p1a: Lanturn
|
|upkeep
|
|t:|1743924748
|switch|p1a: Avalugg|Avalugg-Hisui, M|100/100
|-damage|p1a: Avalugg|75/100|[from] Stealth Rock
|turn|10
|
|t:|1743924753
|move|p2a: Dragapult|Shadow Ball|p1a: Avalugg
|-damage|p1a: Avalugg|18/100
|move|p1a: Avalugg|Earthquake|p2a: Dragapult
|-damage|p2a: Dragapult|59/100
|
|upkeep
|turn|11
|
|t:|1743924761
|move|p2a: Dragapult|Shadow Ball|p1a: Avalugg
|-damage|p1a: Avalugg|0 fnt
|faint|p1a: Avalugg
|
|upkeep
|
|t:|1743924767
|switch|p1a: Goodra|Goodra-Hisui, M, tera:Fairy|24/100
|turn|12
|
|t:|1743924774
|move|p2a: Dragapult|Shadow Ball|p1a: Goodra
|-damage|p1a: Goodra|0 fnt
|faint|p1a: Goodra
|
|upkeep
|
|t:|1743924779
|switch|p1a: Barraskewda|Barraskewda, M|100/100
|-damage|p1a: Barraskewda|88/100|[from] Stealth Rock
|turn|13
|
|t:|1743924787
|move|p1a: Barraskewda|Aqua Jet|p2a: Dragapult
|-resisted|p2a: Dragapult
|-crit|p2a: Dragapult
|-damage|p2a: Dragapult|36/100
|move|p2a: Dragapult|Shadow Ball|p1a: Barraskewda
|-crit|p1a: Barraskewda
|-damage|p1a: Barraskewda|0 fnt
|faint|p1a: Barraskewda
|
|win|BTDFTCMZUTM
|raw|sebastian.gough's rating: 1117 &rarr; <strong>1097</strong><br />(-20 for losing)
|raw|BTDFTCMZUTM's rating: 1193 &rarr; <strong>1213</strong><br />(+20 for winning)
|l|☆sebastian.gough
|player|p1|
|l|☆BTDFTCMZUTM
|player|p2|
