|j|☆dannyboi77
|j|☆owdof
|t:|1743924341
|gametype|singles
|player|p1|dannyboi77|1|1082
|player|p2|owdof|lady|1108
|teamsize|p1|6
|teamsize|p2|6
|gen|9
|tier|[Gen 9] OU
|rated|
|rule|HP Percentage Mod: HP is shown in percentages
|rule|Endless Battle Clause: Forcing endless battles is banned
|rule|Species Clause: Limit one of each Pokémon
|rule|OHKO Clause: OHKO moves are banned
|rule|Evasion Items Clause: Evasion items are banned
|rule|Evasion Moves Clause: Evasion moves are banned
|rule|Sleep Moves Clause: Sleep-inducing moves are banned
|clearpoke
|poke|p1|Clodsire, F|
|poke|p1|Cresselia, F|
|poke|p1|Articuno-Galar|
|poke|p1|Zapdos-Galar|
|poke|p1|Cyclizar, M|
|poke|p1|Slowking, M|
|poke|p2|Zoroark, M|
|poke|p2|Galvantula, M|
|poke|p2|Great Tusk|
|poke|p2|Heatran, F|
|poke|p2|Ogerpon-Wellspring, F|
|poke|p2|Zapdos-Galar|
|teampreview
|inactive|Battle timer is ON: inactive players will automatically lose when time's up. (requested by owdof)
|
|t:|1743924349
|start
|switch|p1a: Clodsire|Clodsire, F, shiny|100/100
|switch|p2a: Galvantula|Galvantula, M|100/100
|turn|1
|
|t:|1743924358
|move|p2a: Galvantula|Sticky Web|p1a: Clodsire
|-sidestart|p1: dannyboi77|move: Sticky Web
|move|p1a: Clodsire|Stealth Rock|p2a: Galvantula
|-sidestart|p2: owdof|move: Stealth Rock
|
|upkeep
|turn|2
|
|t:|1743924363
|move|p2a: Galvantula|Bug Buzz|p1a: Clodsire
|-resisted|p1a: Clodsire
|-damage|p1a: Clodsire|91/100
|move|p1a: Clodsire|Toxic|p2a: Galvantula
|-status|p2a: Galvantula|tox
|
|-damage|p2a: Galvantula|94/100 tox|[from] psn
|upkeep
|turn|3
|
|t:|1743924373
|switch|p1a: Cyclizar|Cyclizar, M|100/100
|move|p2a: Galvantula|Bug Buzz|p1a: Cyclizar
|-damage|p1a: Cyclizar|31/100
|
|-damage|p2a: Galvantula|82/100 tox|[from] psn
|upkeep
|turn|4
|
|t:|1743924382
|move|p1a: Cyclizar|Rapid Spin|p2a: Galvantula
|-damage|p2a: Galvantula|47/100 tox
|-boost|p1a: Cyclizar|spe|1
|-sideend|p1: dannyboi77|Sticky Web|[from] move: Rapid Spin|[of] p1a: Cyclizar
|move|p2a: Galvantula|Thunder|p1a: Cyclizar
|-resisted|p1a: Cyclizar
|-damage|p1a: Cyclizar|0 fnt
|faint|p1a: Cyclizar
|
|-damage|p2a: Galvantula|29/100 tox|[from] psn
|upkeep
|
|t:|1743924392
|switch|p1a: Zapdos|Zapdos-Galar, shiny|100/100
|turn|5
|
|t:|1743924396
|move|p1a: Zapdos|U-turn|p2a: Galvantula
|-damage|p2a: Galvantula|0 fnt
|faint|p2a: Galvantula
|
|t:|1743924407
|switch|p1a: Cresselia|Cresselia, F, shiny|100/100|[from] U-turn
|
|upkeep
|
|t:|1743924422
|switch|p2a: Great Tusk|Great Tusk|100/100
|-damage|p2a: Great Tusk|88/100|[from] Stealth Rock
|turn|6
|
|t:|1743924431
|-terastallize|p1a: Cresselia|Electric
|move|p2a: Great Tusk|Nasty Plot|p2a: Great Tusk
|-boost|p2a: Great Tusk|spa|2
|move|p1a: Cresselia|Calm Mind|p1a: Cresselia
|-boost|p1a: Cresselia|spa|1
|-boost|p1a: Cresselia|spd|1
|
|upkeep
|turn|7
|
|t:|1743924439
|move|p2a: Great Tusk|Dark Pulse|p1a: Cresselia
|-damage|p1a: Cresselia|60/100
|move|p1a: Cresselia|Calm Mind|p1a: Cresselia
|-boost|p1a: Cresselia|spa|1
|-boost|p1a: Cresselia|spd|1
|
|-heal|p1a: Cresselia|66/100|[from] item: Leftovers
|upkeep
|turn|8
|
|t:|1743924449
|move|p2a: Great Tusk|Dark Pulse|p1a: Cresselia
|-damage|p1a: Cresselia|37/100
|move|p1a: Cresselia|Calm Mind|p1a: Cresselia
|-boost|p1a: Cresselia|spa|1
|-boost|p1a: Cresselia|spd|1
|
|-heal|p1a: Cresselia|43/100|[from] item: Leftovers
|upkeep
|turn|9
|
|t:|1743924454
|move|p2a: Great Tusk|Dark Pulse|p1a: Cresselia
|-damage|p1a: Cresselia|18/100
|move|p1a: Cresselia|Lunar Blessing|p1a: Cresselia
|-heal|p1a: Cresselia|43/100
|
|-heal|p1a: Cresselia|50/100|[from] item: Leftovers
|upkeep
|turn|10
|
|t:|1743924460
|move|p2a: Great Tusk|Nasty Plot|p2a: Great Tusk
|-boost|p2a: Great Tusk|spa|2
|move|p1a: Cresselia|Moonblast|p2a: Great Tusk
|-supereffective|p2a: Great Tusk
|-damage|p2a: Great Tusk|0 fnt
|replace|p2a: Zoroark|Zoroark, M
|-end|p2a: Zoroark|Illusion
|faint|p2a: Zoroark
|
|-heal|p1a: Cresselia|56/100|[from] item: Leftovers
|upkeep
|
|t:|1743924465
|switch|p2a: Zapdos|Zapdos-Galar|100/100
|-damage|p2a: Zapdos|88/100|[from] Stealth Rock
|turn|11
|
|t:|1743924472
|move|p2a: Zapdos|Thunderous Kick|p1a: Cresselia
|-damage|p1a: Cresselia|5/100
|-unboost|p1a: Cresselia|def|1
|move|p1a: Cresselia|Moonblast|p2a: Zapdos
|-supereffective|p2a: Zapdos
|-damage|p2a: Zapdos|0 fnt
|faint|p2a: Zapdos
|
|-heal|p1a: Cresselia|11/100|[from] item: Leftovers
|upkeep
|
|t:|1743924489
|switch|p2a: Ogerpon|Ogerpon-Wellspring, F|100/100
|-damage|p2a: Ogerpon|88/100|[from] Stealth Rock
|turn|12
|
|t:|1743924498
|move|p2a: Ogerpon|Horn Leech|p1a: Cresselia
|-damage|p1a: Cresselia|0 fnt
|-heal|p2a: Ogerpon|96/100|[from] drain|[of] p1a: Cresselia
|faint|p1a: Cresselia
|
|upkeep
|
|t:|1743924503
|switch|p1a: Clodsire|Clodsire, F, shiny|91/100
|turn|13
|
|t:|1743924511
|switch|p2a: Heatran|Heatran, F|100/100
|-damage|p2a: Heatran|88/100|[from] Stealth Rock
|-item|p2a: Heatran|Air Balloon
|move|p1a: Clodsire|Toxic|p2a: Heatran
|-immune|p2a: Heatran
|
|upkeep
|turn|14
|
|t:|1743924516
|move|p2a: Heatran|Stealth Rock|p1a: Clodsire
|-sidestart|p1: dannyboi77|move: Stealth Rock
|move|p1a: Clodsire|Counter||[still]
|-fail|p1a: Clodsire
|
|upkeep
|turn|15
|
|t:|1743924522
|move|p2a: Heatran|Magma Storm|p1a: Clodsire
|-damage|p1a: Clodsire|63/100
|-activate|p1a: Clodsire|move: Magma Storm|[of] p2a: Heatran
|move|p1a: Clodsire|Counter||[still]
|-fail|p1a: Clodsire
|
|-damage|p1a: Clodsire|51/100|[from] move: Magma Storm|[partiallytrapped]
|upkeep
|turn|16
|
|t:|1743924528
|move|p2a: Heatran|Earth Power|p1a: Clodsire
|-supereffective|p1a: Clodsire
|-damage|p1a: Clodsire|14/100
|move|p1a: Clodsire|Recover|p1a: Clodsire
|-heal|p1a: Clodsire|64/100
|
|-damage|p1a: Clodsire|52/100|[from] move: Magma Storm|[partiallytrapped]
|upkeep
|turn|17
|
|t:|1743924543
|move|p2a: Heatran|Magma Storm|p1a: Clodsire
|-damage|p1a: Clodsire|24/100
|move|p1a: Clodsire|Recover|p1a: Clodsire
|-heal|p1a: Clodsire|74/100
|
|-damage|p1a: Clodsire|62/100|[from] move: Magma Storm|[partiallytrapped]
|upkeep
|turn|18
|
|t:|1743924547
|move|p2a: Heatran|Earth Power|p1a: Clodsire
|-supereffective|p1a: Clodsire
|-damage|p1a: Clodsire|25/100
|move|p1a: Clodsire|Recover|p1a: Clodsire
|-heal|p1a: Clodsire|75/100
|
|-damage|p1a: Clodsire|63/100|[from] move: Magma Storm|[partiallytrapped]
|upkeep
|turn|19
|
|t:|1743924552
|move|p2a: Heatran|Earth Power|p1a: Clodsire
|-supereffective|p1a: Clodsire
|-damage|p1a: Clodsire|28/100
|move|p1a: Clodsire|Recover|p1a: Clodsire
|-heal|p1a: Clodsire|78/100
|
|-damage|p1a: Clodsire|66/100|[from] move: Magma Storm|[partiallytrapped]
|upkeep
|turn|20
|
|t:|1743924560
|move|p2a: Heatran|Earth Power|p1a: Clodsire
|-supereffective|p1a: Clodsire
|-damage|p1a: Clodsire|32/100
|-unboost|p1a: Clodsire|spd|1
|move|p1a: Clodsire|Recover|p1a: Clodsire
|-heal|p1a: Clodsire|82/100
|
|-end|p1a: Clodsire|Magma Storm|[partiallytrapped]
|upkeep
|turn|21
|
|t:|1743924562
|move|p2a: Heatran|Magma Storm|p1a: Clodsire|[miss]
|-miss|p2a: Heatran|p1a: Clodsire
|move|p1a: Clodsire|Recover|p1a: Clodsire
|-heal|p1a: Clodsire|100/100
|
|upkeep
|turn|22
|
|t:|1743924575
|switch|p1a: Slowking|Slowking, M, shiny|100/100
|move|p2a: Heatran|Magma Storm|p1a: Slowking
|-resisted|p1a: Slowking
|-damage|p1a: Slowking|83/100
|-activate|p1a: Slowking|move: Magma Storm|[of] p2a: Heatran
|
|-damage|p1a: Slowking|70/100|[from] move: Magma Storm|[partiallytrapped]
|upkeep
|turn|23
|
|t:|1743924592
|move|p2a: Heatran|Flash Cannon|p1a: Slowking
|-resisted|p1a: Slowking
|-damage|p1a: Slowking|57/100
|-prepare|p1a: Slowking|Chilly Reception|[premajor]
|move|p1a: Slowking|Chilly Reception|p1a: Slowking
|-weather|Snowscape
|
|t:|1743924598
|switch|p1a: Zapdos|Zapdos-Galar, shiny|100/100|[from] Chilly Reception
|-damage|p1a: Zapdos|88/100|[from] Stealth Rock
|
|-weather|Snowscape|[upkeep]
|upkeep
|turn|24
|
|t:|1743924610
|-terastallize|p2a: Heatran|Grass
|move|p1a: Zapdos|Close Combat|p2a: Heatran
|-damage|p2a: Heatran|31/100
|-unboost|p1a: Zapdos|def|1
|-unboost|p1a: Zapdos|spd|1
|-enditem|p2a: Heatran|Air Balloon
|move|p2a: Heatran|Magma Storm|p1a: Zapdos|[miss]
|-miss|p2a: Heatran|p1a: Zapdos
|
|-weather|Snowscape|[upkeep]
|upkeep
|turn|25
|
|t:|1743924622
|move|p1a: Zapdos|Close Combat|p2a: Heatran
|-damage|p2a: Heatran|0 fnt
|-unboost|p1a: Zapdos|def|1
|-unboost|p1a: Zapdos|spd|1
|faint|p2a: Heatran
|
|-weather|Snowscape|[upkeep]
|upkeep
|
|t:|1743924629
|switch|p2a: Ogerpon|Ogerpon-Wellspring, F|96/100
|-damage|p2a: Ogerpon|83/100|[from] Stealth Rock
|turn|26
|
|t:|1743924637
|switch|p1a: Clodsire|Clodsire, F, shiny|100/100
|-damage|p1a: Clodsire|94/100|[from] Stealth Rock
|move|p2a: Ogerpon|Ivy Cudgel|p1a: Clodsire|[anim] Ivy Cudgel Water
|-supereffective|p1a: Clodsire
|-damage|p1a: Clodsire|0 fnt
|faint|p1a: Clodsire
|
|-weather|Snowscape|[upkeep]
|upkeep
|
|t:|1743924642
|switch|p1a: Zapdos|Zapdos-Galar, shiny|88/100
|-damage|p1a: Zapdos|76/100|[from] Stealth Rock
|turn|27
|
|t:|1743924647
|move|p1a: Zapdos|Brave Bird|p2a: Ogerpon
|-supereffective|p2a: Ogerpon
|-damage|p2a: Ogerpon|0 fnt
|faint|p2a: Ogerpon
|-damage|p1a: Zapdos|54/100|[from] Recoil
|
|-weather|none
|upkeep
|
|t:|1743924649
|switch|p2a: Great Tusk|Great Tusk|100/100
|turn|28
|
|t:|1743924653
|move|p1a: Zapdos|Brave Bird|p2a: Great Tusk
|-supereffective|p2a: Great Tusk
|-damage|p2a: Great Tusk|11/100
|-damage|p1a: Zapdos|24/100|[from] Recoil
|move|p2a: Great Tusk|Ice Spinner|p1a: Zapdos
|-supereffective|p1a: Zapdos
|-crit|p1a: Zapdos
|-damage|p1a: Zapdos|0 fnt
|faint|p1a: Zapdos
|
|upkeep
|
|t:|1743924659
|switch|p1a: Slowking|Slowking, M, shiny|90/100
|turn|29
|
|t:|1743924664
|move|p2a: Great Tusk|Headlong Rush|p1a: Slowking
|-damage|p1a: Slowking|29/100
|-unboost|p2a: Great Tusk|def|1
|-unboost|p2a: Great Tusk|spd|1
|move|p1a: Slowking|Body Slam|p2a: Great Tusk
|-crit|p2a: Great Tusk
|-damage|p2a: Great Tusk|0 fnt
|faint|p2a: Great Tusk
|-end|p2a: Great Tusk|Protosynthesis|[silent]
|
|win|dannyboi77
|raw|dannyboi77's rating: 1082 &rarr; <strong>1112</strong><br />(+30 for winning)
|raw|owdof's rating: 1108 &rarr; <strong>1081</strong><br />(-27 for losing)
|l|☆dannyboi77
|player|p1|
|l|☆owdof
|player|p2|
