|j|☆luluicer
|j|☆mod5
|t:|1743921241
|gametype|singles
|player|p1|luluicer|2|1266
|player|p2|mod5|elesa|1362
|teamsize|p1|6
|teamsize|p2|6
|gen|9
|tier|[Gen 9] OU
|rated|
|rule|HP Percentage Mod: HP is shown in percentages
|rule|Endless Battle Clause: Forcing endless battles is banned
|rule|Species Clause: Limit one of each Pokémon
|rule|OHKO Clause: OHKO moves are banned
|rule|Evasion Items Clause: Evasion items are banned
|rule|Evasion Moves Clause: Evasion moves are banned
|rule|Sleep Moves Clause: Sleep-inducing moves are banned
|clearpoke
|poke|p1|Gholdengo|
|poke|p1|Grimmsnarl, M|
|poke|p1|Ninetales-Alola, F|
|poke|p1|Sandslash-Alola, F|
|poke|p1|Kyurem|
|poke|p1|Ceruledge, M|
|poke|p2|Okidogi, M|
|poke|p2|Tinkaton, F|
|poke|p2|Cinderace, M|
|poke|p2|Landorus-Therian, M|
|poke|p2|Kyurem|
|poke|p2|Gholdengo|
|teampreview
|inactive|Battle timer is ON: inactive players will automatically lose when time's up. (requested by mod5)
|
|t:|1743921257
|start
|switch|p1a: Sandslash|Sandslash-Alola, F|100/100
|switch|p2a: Gholdengo|Gholdengo|100/100
|turn|1
|
|t:|1743921274
|move|p2a: Gholdengo|Trick|p1a: Sandslash
|-activate|p2a: Gholdengo|move: Trick|[of] p1a: Sandslash
|-item|p1a: Sandslash|Choice Scarf|[from] move: Trick
|-item|p2a: Gholdengo|Focus Sash|[from] move: Trick
|move|p1a: Sandslash|Stealth Rock|p2a: Gholdengo
|-sidestart|p2: mod5|move: Stealth Rock
|
|upkeep
|turn|2
|
|t:|1743921284
|switch|p1a: Ninetales|Ninetales-Alola, F|100/100
|-weather|Snowscape|[from] ability: Snow Warning|[of] p1a: Ninetales
|move|p2a: Gholdengo|Shadow Ball|p1a: Ninetales
|-damage|p1a: Ninetales|44/100
|
|-weather|Snowscape|[upkeep]
|upkeep
|turn|3
|
|t:|1743921304
|switch|p1a: Grimmsnarl|Grimmsnarl, M, shiny|100/100
|switch|p2a: Cinderace|Cinderace, M, shiny|100/100
|
|-weather|Snowscape|[upkeep]
|upkeep
|turn|4
|
|t:|1743921312
|move|p1a: Grimmsnarl|Swagger|p2a: Cinderace
|-boost|p2a: Cinderace|atk|2
|-start|p2a: Cinderace|confusion
|-enditem|p1a: Grimmsnarl|Mirror Herb
|-boost|p1a: Grimmsnarl|atk|2|[from] item: Mirror Herb
|-activate|p2a: Cinderace|confusion
|move|p2a: Cinderace|Court Change|p2a: Cinderace
|-start|p2a: Cinderace|typechange|Normal|[from] ability: Libero
|-swapsideconditions
|-activate|p2a: Cinderace|move: Court Change
|
|-weather|Snowscape|[upkeep]
|upkeep
|turn|5
|
|t:|1743921343
|-activate|p2a: Cinderace|confusion
|move|p2a: Cinderace|U-turn|p1a: Grimmsnarl
|-damage|p1a: Grimmsnarl|42/100
|
|t:|1743921350
|switch|p2a: Tinkaton|Tinkaton, F, shiny|100/100|[from] U-turn
|-item|p2a: Tinkaton|Air Balloon
|move|p1a: Grimmsnarl|Play Rough|p2a: Tinkaton|[miss]
|-miss|p1a: Grimmsnarl|p2a: Tinkaton
|
|-weather|Snowscape|[upkeep]
|upkeep
|turn|6
|
|t:|1743921358
|move|p2a: Tinkaton|Gigaton Hammer|p1a: Grimmsnarl
|-supereffective|p1a: Grimmsnarl
|-damage|p1a: Grimmsnarl|0 fnt
|faint|p1a: Grimmsnarl
|
|-weather|none
|upkeep
|
|t:|1743921366
|switch|p1a: Sandslash|Sandslash-Alola, F|100/100
|-damage|p1a: Sandslash|88/100|[from] Stealth Rock
|turn|7
|
|t:|1743921376
|move|p1a: Sandslash|Stealth Rock|p2a: Tinkaton
|-sidestart|p2: mod5|move: Stealth Rock
|move|p2a: Tinkaton|Thunder Wave|p1a: Sandslash
|-status|p1a: Sandslash|par
|
|upkeep
|turn|8
|
|t:|1743921384
|switch|p1a: Gholdengo|Gholdengo|100/100
|-damage|p1a: Gholdengo|94/100|[from] Stealth Rock
|move|p2a: Tinkaton|Gigaton Hammer|p1a: Gholdengo
|-resisted|p1a: Gholdengo
|-damage|p1a: Gholdengo|80/100
|
|upkeep
|turn|9
|
|t:|1743921406
|switch|p2a: Kyurem|Kyurem|100/100
|-damage|p2a: Kyurem|75/100|[from] Stealth Rock
|-ability|p2a: Kyurem|Pressure
|move|p1a: Gholdengo|Hex|p2a: Kyurem
|-damage|p2a: Kyurem|48/100
|
|upkeep
|turn|10
|
|t:|1743921415
|switch|p1a: Sandslash|Sandslash-Alola, F|88/100 par
|-damage|p1a: Sandslash|76/100 par|[from] Stealth Rock
|move|p2a: Kyurem|Earth Power|p1a: Sandslash
|-supereffective|p1a: Sandslash
|-damage|p1a: Sandslash|0 fnt
|faint|p1a: Sandslash
|
|upkeep
|
|t:|1743921419
|switch|p1a: Ninetales|Ninetales-Alola, F|44/100
|-damage|p1a: Ninetales|19/100|[from] Stealth Rock
|-weather|Snowscape|[from] ability: Snow Warning|[of] p1a: Ninetales
|turn|11
|
|t:|1743921429
|move|p2a: Kyurem|Earth Power|p1a: Ninetales
|-damage|p1a: Ninetales|0 fnt
|faint|p1a: Ninetales
|
|-weather|Snowscape|[upkeep]
|upkeep
|
|t:|1743921437
|switch|p1a: Kyurem|Kyurem|100/100
|-damage|p1a: Kyurem|76/100|[from] Stealth Rock
|-ability|p1a: Kyurem|Pressure
|turn|12
|
|t:|1743921443
|switch|p2a: Tinkaton|Tinkaton, F, shiny|100/100
|-damage|p2a: Tinkaton|94/100|[from] Stealth Rock
|-item|p2a: Tinkaton|Air Balloon
|move|p1a: Kyurem|Dragon Dance|p1a: Kyurem
|-boost|p1a: Kyurem|atk|1
|-boost|p1a: Kyurem|spe|1
|
|-weather|Snowscape|[upkeep]
|upkeep
|turn|13
|
|t:|1743921450
|move|p1a: Kyurem|Icicle Spear|p2a: Tinkaton
|-resisted|p2a: Tinkaton
|-damage|p2a: Tinkaton|83/100
|-enditem|p2a: Tinkaton|Air Balloon
|-resisted|p2a: Tinkaton
|-damage|p2a: Tinkaton|73/100
|-resisted|p2a: Tinkaton
|-damage|p2a: Tinkaton|63/100
|-resisted|p2a: Tinkaton
|-damage|p2a: Tinkaton|53/100
|-hitcount|p2a: Tinkaton|4
|move|p2a: Tinkaton|Thunder Wave|p1a: Kyurem
|-status|p1a: Kyurem|par
|
|-weather|Snowscape|[upkeep]
|upkeep
|turn|14
|
|t:|1743921458
|move|p2a: Tinkaton|Gigaton Hammer|p1a: Kyurem
|-supereffective|p1a: Kyurem
|-damage|p1a: Kyurem|21/100 par
|move|p1a: Kyurem|Earth Power|p2a: Tinkaton
|-supereffective|p2a: Tinkaton
|-damage|p2a: Tinkaton|0 fnt
|faint|p2a: Tinkaton
|
|-weather|Snowscape|[upkeep]
|upkeep
|
|t:|1743921469
|switch|p2a: Gholdengo|Gholdengo|100/100
|-damage|p2a: Gholdengo|94/100|[from] Stealth Rock
|turn|15
|
|t:|1743921474
|move|p2a: Gholdengo|Shadow Ball|p1a: Kyurem
|-damage|p1a: Kyurem|0 fnt
|faint|p1a: Kyurem
|
|-weather|none
|upkeep
|
|t:|1743921485
|switch|p1a: Ceruledge|Ceruledge, M|100/100
|-damage|p1a: Ceruledge|76/100|[from] Stealth Rock
|turn|16
|
|t:|1743921491
|-terastallize|p2a: Gholdengo|Normal
|-terastallize|p1a: Ceruledge|Bug
|move|p2a: Gholdengo|Shadow Ball|p1a: Ceruledge
|-damage|p1a: Ceruledge|40/100
|move|p1a: Ceruledge|Bulk Up|p1a: Ceruledge
|-boost|p1a: Ceruledge|atk|1
|-boost|p1a: Ceruledge|def|1
|
|-heal|p1a: Ceruledge|46/100|[from] item: Leftovers
|upkeep
|turn|17
|
|t:|1743921510
|move|p2a: Gholdengo|Shadow Ball|p1a: Ceruledge
|-damage|p1a: Ceruledge|15/100
|move|p1a: Ceruledge|Bitter Blade|p2a: Gholdengo
|-damage|p2a: Gholdengo|29/100
|-heal|p1a: Ceruledge|45/100|[from] drain|[of] p2a: Gholdengo
|
|-heal|p1a: Ceruledge|51/100|[from] item: Leftovers
|upkeep
|turn|18
|
|t:|1743921519
|move|p2a: Gholdengo|Make It Rain|p1a: Ceruledge
|-damage|p1a: Ceruledge|0 fnt
|-unboost|p2a: Gholdengo|spa|1
|faint|p1a: Ceruledge
|
|upkeep
|-message|luluicer forfeited.
|
|win|mod5
|raw|luluicer's rating: 1266 &rarr; <strong>1248</strong><br />(-18 for losing)
|raw|mod5's rating: 1362 &rarr; <strong>1377</strong><br />(+15 for winning)
|l|☆luluicer
|player|p1|
|l|☆mod5
|player|p2|
