|j|☆Slymemold
|j|☆srinandhakishore06
|t:|1743928888
|gametype|singles
|player|p1|Slymemold|pokemaniac|1162
|player|p2|srinandhakishore06|265|1107
|teamsize|p1|6
|teamsize|p2|6
|gen|9
|tier|[Gen 9] OU
|rated|
|rule|HP Percentage Mod: HP is shown in percentages
|rule|Endless Battle Clause: Forcing endless battles is banned
|rule|Species Clause: Limit one of each Pokémon
|rule|OHKO Clause: OHKO moves are banned
|rule|Evasion Items Clause: Evasion items are banned
|rule|Evasion Moves Clause: Evasion moves are banned
|rule|Sleep Moves Clause: Sleep-inducing moves are banned
|clearpoke
|poke|p1|Slowking-Galar, F|
|poke|p1|Kyurem|
|poke|p1|Weavile, F|
|poke|p1|Iron Valiant|
|poke|p1|Landorus-Therian, M|
|poke|p1|Raging Bolt|
|poke|p2|Glimmora, M|
|poke|p2|Hatterene, F|
|poke|p2|Honchkrow, M|
|poke|p2|Alomomola, M|
|poke|p2|Salazzle, F|
|poke|p2|Metagross|
|teampreview
|inactive|Battle timer is ON: inactive players will automatically lose when time's up. (requested by Slymemold)
|
|t:|1743928900
|start
|switch|p1a: Landorus|Landorus-Therian, M|100/100
|switch|p2a: Glimmora|Glimmora, M|100/100
|-ability|p1a: Landorus|Intimidate|boost
|-unboost|p2a: Glimmora|atk|1
|turn|1
|
|t:|1743928913
|move|p1a: Landorus|Earth Power|p2a: Glimmora
|-supereffective|p2a: Glimmora
|-enditem|p2a: Glimmora|Focus Sash
|-damage|p2a: Glimmora|1/100
|move|p2a: Glimmora|Stealth Rock|p1a: Landorus
|-sidestart|p1: Slymemold|move: Stealth Rock
|
|upkeep
|turn|2
|
|t:|1743928923
|move|p1a: Landorus|Stealth Rock|p2a: Glimmora
|-sidestart|p2: srinandhakishore06|move: Stealth Rock
|move|p2a: Glimmora|Power Gem|p1a: Landorus
|-damage|p1a: Landorus|48/100
|
|upkeep
|turn|3
|
|t:|1743928929
|move|p1a: Landorus|U-turn|p2a: Glimmora
|-resisted|p2a: Glimmora
|-damage|p2a: Glimmora|0 fnt
|-activate|p2a: Glimmora|ability: Toxic Debris
|-sidestart|p1: Slymemold|move: Toxic Spikes
|faint|p2a: Glimmora
|
|t:|1743928938
|switch|p1a: Slowking|Slowking-Galar, F|100/100|[from] U-turn
|-sideend|p1: Slymemold|move: Toxic Spikes|[of] p1a: Slowking
|
|upkeep
|
|t:|1743928951
|switch|p2a: Iron spider|Metagross|100/100
|-damage|p2a: Iron spider|94/100|[from] Stealth Rock
|turn|4
|
|t:|1743928966
|switch|p1a: Landorus|Landorus-Therian, M|48/100
|-damage|p1a: Landorus|35/100|[from] Stealth Rock
|-ability|p1a: Landorus|Intimidate|boost
|-fail|p2a: Iron spider|unboost|[from] ability: Clear Body|[of] p2a: Iron spider
|move|p2a: Iron spider|Earthquake|p1a: Landorus
|-immune|p1a: Landorus
|
|upkeep
|turn|5
|
|t:|1743928979
|move|p1a: Landorus|Earth Power|p2a: Iron spider
|-supereffective|p2a: Iron spider
|-damage|p2a: Iron spider|38/100
|move|p2a: Iron spider|Meteor Mash|p1a: Landorus
|-damage|p1a: Landorus|0 fnt
|-damage|p2a: Iron spider|22/100|[from] item: Rocky Helmet|[of] p1a: Landorus
|faint|p1a: Landorus
|
|upkeep
|
|t:|1743928990
|switch|p1a: Weavile|Weavile, F|100/100
|-ability|p1a: Weavile|Pressure
|turn|6
|
|t:|1743928995
|move|p2a: Iron spider|Bullet Punch|p1a: Weavile
|-supereffective|p1a: Weavile
|-damage|p1a: Weavile|17/100
|move|p1a: Weavile|Knock Off|p2a: Iron spider
|-supereffective|p2a: Iron spider
|-damage|p2a: Iron spider|0 fnt
|-enditem|p2a: Iron spider|Muscle Band|[from] move: Knock Off|[of] p1a: Weavile
|faint|p2a: Iron spider
|
|upkeep
|
|t:|1743929007
|switch|p2a: Alomomola|Alomomola, M|100/100
|-damage|p2a: Alomomola|88/100|[from] Stealth Rock
|turn|7
|
|t:|1743929024
|move|p1a: Weavile|Swords Dance|p1a: Weavile
|-boost|p1a: Weavile|atk|2
|move|p2a: Alomomola|Wish|p2a: Alomomola
|
|upkeep
|turn|8
|
|t:|1743929034
|move|p1a: Weavile|Triple Axel|p2a: Alomomola
|-resisted|p2a: Alomomola
|-damage|p2a: Alomomola|82/100
|-damage|p1a: Weavile|0 fnt|[from] item: Rocky Helmet|[of] p2a: Alomomola
|faint|p1a: Weavile
|-hitcount|p2a: Alomomola|1
|move|p2a: Alomomola|Scald|p1: Weavile|[notarget]
|-fail|p2a: Alomomola
|
|-heal|p2a: Alomomola|100/100|[from] move: Wish|[wisher] Alomomola
|upkeep
|
|t:|1743929047
|switch|p1a: Slowking|Slowking-Galar, F|100/100
|turn|9
|
|t:|1743929052
|move|p1a: Slowking|Future Sight|p2a: Alomomola
|-start|p1a: Slowking|move: Future Sight
|move|p2a: Alomomola|Mirror Coat||[still]
|-fail|p2a: Alomomola
|
|upkeep
|turn|10
|
|t:|1743929057
|-prepare|p1a: Slowking|Chilly Reception|[premajor]
|move|p1a: Slowking|Chilly Reception|p1a: Slowking
|-weather|Snowscape
|
|t:|1743929062
|switch|p1a: Kyurem|Kyurem, shiny|100/100|[from] Chilly Reception
|-damage|p1a: Kyurem|76/100|[from] Stealth Rock
|-ability|p1a: Kyurem|Pressure
|move|p2a: Alomomola|Mirror Coat||[still]
|-fail|p2a: Alomomola
|
|-weather|Snowscape|[upkeep]
|upkeep
|turn|11
|
|t:|1743929076
|move|p1a: Kyurem|Freeze-Dry|p2a: Alomomola
|-supereffective|p2a: Alomomola
|-damage|p2a: Alomomola|0 fnt
|faint|p2a: Alomomola
|
|-weather|Snowscape|[upkeep]
|-hint|Future Sight did not hit because the target is fainted.
|upkeep
|
|t:|1743929089
|switch|p2a: Bride|Hatterene, F|100/100
|-damage|p2a: Bride|88/100|[from] Stealth Rock
|turn|12
|
|t:|1743929096
|-terastallize|p1a: Kyurem|Ice
|move|p1a: Kyurem|Freeze-Dry|p2a: Bride
|-damage|p2a: Bride|4/100
|move|p2a: Bride|Trick Room|p2a: Bride
|-fieldstart|move: Trick Room|[of] p2a: Bride
|
|-weather|Snowscape|[upkeep]
|upkeep
|turn|13
|
|t:|1743929105
|move|p2a: Bride|Misty Explosion|p1a: Kyurem
|-damage|p1a: Kyurem|27/100
|faint|p2a: Bride
|move|p1a: Kyurem|Freeze-Dry|p2: Bride|[notarget]
|-fail|p1a: Kyurem
|
|-weather|Snowscape|[upkeep]
|upkeep
|
|t:|1743929112
|switch|p2a: Omnivoracious|Honchkrow, M|100/100
|-damage|p2a: Omnivoracious|76/100|[from] Stealth Rock
|-enditem|p2a: Omnivoracious|Room Service
|-unboost|p2a: Omnivoracious|spe|1|[from] item: Room Service
|turn|14
|
|t:|1743929119
|move|p2a: Omnivoracious|Acrobatics|p1a: Kyurem
|-damage|p1a: Kyurem|0 fnt
|faint|p1a: Kyurem
|-ability|p2a: Omnivoracious|Moxie|boost
|-boost|p2a: Omnivoracious|atk|1
|
|-weather|none
|upkeep
|
|t:|1743929124
|switch|p1a: Slowking|Slowking-Galar, F|100/100
|turn|15
|
|t:|1743929152
|-terastallize|p2a: Omnivoracious|Ground
|move|p1a: Slowking|Thunder Wave|p2a: Omnivoracious
|-immune|p2a: Omnivoracious
|move|p2a: Omnivoracious|Tera Blast|p1a: Slowking|[anim] Tera Blast Ground
|-supereffective|p1a: Slowking
|-damage|p1a: Slowking|0 fnt
|faint|p1a: Slowking
|-ability|p2a: Omnivoracious|Moxie|boost
|-boost|p2a: Omnivoracious|atk|1
|
|upkeep
|inactive|Slymemold has 120 seconds left.
|
|t:|1743929164
|switch|p1a: Iron Valiant|Iron Valiant, shiny|100/100
|-damage|p1a: Iron Valiant|94/100|[from] Stealth Rock
|-enditem|p1a: Iron Valiant|Booster Energy
|-activate|p1a: Iron Valiant|ability: Quark Drive|[fromitem]
|-start|p1a: Iron Valiant|quarkdrivespe
|turn|16
|inactive|Slymemold has 120 seconds left.
|
|t:|1743929178
|move|p2a: Omnivoracious|Acrobatics|p1a: Iron Valiant
|-supereffective|p1a: Iron Valiant
|-damage|p1a: Iron Valiant|0 fnt
|faint|p1a: Iron Valiant
|-end|p1a: Iron Valiant|Quark Drive|[silent]
|-ability|p2a: Omnivoracious|Moxie|boost
|-boost|p2a: Omnivoracious|atk|1
|
|-fieldend|move: Trick Room
|upkeep
|
|t:|1743929182
|switch|p1a: Raging Bolt|Raging Bolt|100/100
|-damage|p1a: Raging Bolt|88/100|[from] Stealth Rock
|-enditem|p1a: Raging Bolt|Booster Energy
|-activate|p1a: Raging Bolt|ability: Protosynthesis|[fromitem]
|-start|p1a: Raging Bolt|protosynthesisspa
|turn|17
|
|t:|1743929192
|move|p1a: Raging Bolt|Calm Mind|p1a: Raging Bolt
|-boost|p1a: Raging Bolt|spa|1
|-boost|p1a: Raging Bolt|spd|1
|move|p2a: Omnivoracious|Tera Blast|p1a: Raging Bolt|[anim] Tera Blast Ground
|-supereffective|p1a: Raging Bolt
|-damage|p1a: Raging Bolt|0 fnt
|faint|p1a: Raging Bolt
|-end|p1a: Raging Bolt|Protosynthesis|[silent]
|
|win|srinandhakishore06
|raw|Slymemold's rating: 1162 &rarr; <strong>1133</strong><br />(-29 for losing)
|raw|srinandhakishore06's rating: 1107 &rarr; <strong>1136</strong><br />(+29 for winning)
|l|☆Slymemold
|player|p1|
