|j|☆rubbydubbyjunior
|j|☆Shilkypoo
|t:|1743933821
|gametype|singles
|player|p1|rubbydubbyjunior|hilbert|1060
|player|p2|Shilkypoo|cynthia|1041
|teamsize|p1|6
|teamsize|p2|6
|gen|9
|tier|[Gen 9] OU
|rated|
|rule|HP Percentage Mod: HP is shown in percentages
|rule|Endless Battle Clause: Forcing endless battles is banned
|rule|Species Clause: Limit one of each Pokémon
|rule|OHKO Clause: OHKO moves are banned
|rule|Evasion Items Clause: Evasion items are banned
|rule|Evasion Moves Clause: Evasion moves are banned
|rule|Sleep Moves Clause: Sleep-inducing moves are banned
|clearpoke
|poke|p1|Meowscarada, F|
|poke|p1|Cinderace, F|
|poke|p1|Porygon-Z|
|poke|p1|Hatterene, F|
|poke|p1|Iron Treads|
|poke|p1|Salamence, F|
|poke|p2|Iron Valiant|
|poke|p2|Rotom-Wash|
|poke|p2|Latios, M|
|poke|p2|Ting-Lu|
|poke|p2|Hydreigon, M|
|poke|p2|Gholdengo|
|teampreview
|inactive|Battle timer is ON: inactive players will automatically lose when time's up. (requested by Shilkypoo)
|inactive|rubbydubbyjunior has 120 seconds left.
|inactive|Shilkypoo has 120 seconds left.
|
|t:|1743933869
|start
|switch|p1a: Cinderace|Cinderace, F|100/100
|switch|p2a: Ting-Lu|Ting-Lu|100/100
|-ability|p2a: Ting-Lu|Vessel of Ruin
|turn|1
|
|t:|1743933890
|move|p1a: Cinderace|U-turn|p2a: Ting-Lu
|-start|p1a: Cinderace|typechange|Bug|[from] ability: Libero
|-supereffective|p2a: Ting-Lu
|-crit|p2a: Ting-Lu
|-damage|p2a: Ting-Lu|45/100
|
|t:|1743933895
|switch|p1a: Hatterene|Hatterene, F, shiny|100/100|[from] U-turn
|move|p2a: Ting-Lu|Earthquake|p1a: Hatterene
|-damage|p1a: Hatterene|61/100
|
|-heal|p2a: Ting-Lu|51/100|[from] item: Leftovers
|upkeep
|turn|2
|
|t:|1743933903
|switch|p2a: Rotom|Rotom-Wash|100/100
|move|p1a: Hatterene|Draining Kiss|p2a: Rotom
|-damage|p2a: Rotom|74/100
|-heal|p1a: Hatterene|80/100|[from] drain|[of] p2a: Rotom
|
|-heal|p2a: Rotom|80/100|[from] item: Leftovers
|upkeep
|turn|3
|
|t:|1743933918
|switch|p1a: Cinderace|Cinderace, F|100/100
|move|p2a: Rotom|Hydro Pump|p1a: Cinderace|[miss]
|-miss|p2a: Rotom|p1a: Cinderace
|
|-heal|p2a: Rotom|86/100|[from] item: Leftovers
|upkeep
|turn|4
|
|t:|1743933927
|move|p1a: Cinderace|U-turn|p2a: Rotom
|-start|p1a: Cinderace|typechange|Bug|[from] ability: Libero
|-damage|p2a: Rotom|57/100
|
|t:|1743933932
|switch|p1a: Hatterene|Hatterene, F, shiny|80/100|[from] U-turn
|move|p2a: Rotom|Volt Switch|p1a: Hatterene
|-damage|p1a: Hatterene|63/100
|
|t:|1743933944
|switch|p2a: Gholdengo|Gholdengo|100/100|[from] Volt Switch
|-item|p2a: Gholdengo|Air Balloon
|
|upkeep
|turn|5
|
|t:|1743933952
|move|p2a: Gholdengo|Make It Rain|p1a: Hatterene
|-supereffective|p1a: Hatterene
|-damage|p1a: Hatterene|0 fnt
|-unboost|p2a: Gholdengo|spa|1
|faint|p1a: Hatterene
|
|upkeep
|
|t:|1743933959
|switch|p1a: Iron Treads|Iron Treads|100/100
|turn|6
|
|t:|1743933966
|switch|p2a: Rotom|Rotom-Wash|57/100
|move|p1a: Iron Treads|Knock Off|p2a: Rotom
|-damage|p2a: Rotom|36/100
|-enditem|p2a: Rotom|Leftovers|[from] move: Knock Off|[of] p1a: Iron Treads
|
|upkeep
|turn|7
|
|t:|1743933976
|move|p1a: Iron Treads|Volt Switch|p2a: Rotom
|-damage|p2a: Rotom|24/100
|
|t:|1743933982
|-end|p1a: Iron Treads|Quark Drive|[silent]
|switch|p1a: Meowscarada|Meowscarada, F|100/100|[from] Volt Switch
|move|p2a: Rotom|Pain Split|p1a: Meowscarada
|-sethp|p1a: Meowscarada|62/100|[from] move: Pain Split|[silent]
|-sethp|p2a: Rotom|60/100|[from] move: Pain Split
|
|upkeep
|turn|8
|
|t:|1743933989
|move|p1a: Meowscarada|U-turn|p2a: Rotom
|-start|p1a: Meowscarada|typechange|Bug|[from] ability: Protean
|-damage|p2a: Rotom|36/100
|
|t:|1743933995
|switch|p1a: Cinderace|Cinderace, F|100/100|[from] U-turn
|move|p2a: Rotom|Will-O-Wisp|p1a: Cinderace|[miss]
|-miss|p2a: Rotom|p1a: Cinderace
|
|upkeep
|turn|9
|
|t:|1743934004
|move|p1a: Cinderace|U-turn|p2a: Rotom
|-start|p1a: Cinderace|typechange|Bug|[from] ability: Libero
|-damage|p2a: Rotom|11/100
|
|t:|1743934009
|switch|p1a: Porygon-Z|Porygon-Z|100/100|[from] U-turn
|-ability|p1a: Porygon-Z|Download|boost
|-boost|p1a: Porygon-Z|spa|1
|move|p2a: Rotom|Pain Split|p1a: Porygon-Z
|-sethp|p1a: Porygon-Z|55/100|[from] move: Pain Split|[silent]
|-sethp|p2a: Rotom|67/100|[from] move: Pain Split
|
|upkeep
|turn|10
|
|t:|1743934020
|switch|p2a: Gholdengo|Gholdengo|100/100
|-item|p2a: Gholdengo|Air Balloon
|-terastallize|p1a: Porygon-Z|Ghost
|move|p1a: Porygon-Z|Tera Blast|p2a: Gholdengo|[anim] Tera Blast Ghost
|-supereffective|p2a: Gholdengo
|-damage|p2a: Gholdengo|0 fnt
|-enditem|p2a: Gholdengo|Air Balloon
|faint|p2a: Gholdengo
|
|upkeep
|
|t:|1743934025
|switch|p2a: Latios|Latios, M|100/100
|turn|11
|
|t:|1743934032
|move|p2a: Latios|Flip Turn|p1a: Porygon-Z
|-damage|p1a: Porygon-Z|41/100
|
|t:|1743934035
|switch|p2a: Ting-Lu|Ting-Lu|51/100|[from] Flip Turn
|-ability|p2a: Ting-Lu|Vessel of Ruin
|move|p1a: Porygon-Z|Tera Blast|p2a: Ting-Lu|[anim] Tera Blast Ghost
|-resisted|p2a: Ting-Lu
|-damage|p2a: Ting-Lu|29/100
|
|-heal|p2a: Ting-Lu|35/100|[from] item: Leftovers
|upkeep
|turn|12
|
|t:|1743934044
|switch|p1a: Guffawing Moon|Salamence, F|100/100
|move|p2a: Ting-Lu|Stealth Rock|p1a: Guffawing Moon
|-sidestart|p1: rubbydubbyjunior|move: Stealth Rock
|
|-heal|p2a: Ting-Lu|41/100|[from] item: Leftovers
|upkeep
|turn|13
|
|t:|1743934052
|move|p1a: Guffawing Moon|Dual Wingbeat|p2a: Ting-Lu
|-damage|p2a: Ting-Lu|29/100
|-damage|p2a: Ting-Lu|17/100
|-hitcount|p2a: Ting-Lu|2
|move|p2a: Ting-Lu|Whirlwind|p1a: Guffawing Moon
|drag|p1a: Porygon-Z|Porygon-Z, tera:Ghost|41/100
|-damage|p1a: Porygon-Z|29/100|[from] Stealth Rock
|-ability|p1a: Porygon-Z|Download|boost
|-boost|p1a: Porygon-Z|spa|1
|
|-heal|p2a: Ting-Lu|23/100|[from] item: Leftovers
|upkeep
|turn|14
|
|t:|1743934063
|move|p1a: Porygon-Z|Ice Beam|p2a: Ting-Lu
|-supereffective|p2a: Ting-Lu
|-damage|p2a: Ting-Lu|0 fnt
|faint|p2a: Ting-Lu
|
|upkeep
|
|t:|1743934075
|switch|p2a: Latios|Latios, M|100/100
|turn|15
|
|t:|1743934082
|move|p2a: Latios|Draco Meteor|p1a: Porygon-Z
|-damage|p1a: Porygon-Z|0 fnt
|-unboost|p2a: Latios|spa|2
|faint|p1a: Porygon-Z
|
|upkeep
|
|t:|1743934088
|switch|p1a: Cinderace|Cinderace, F|100/100
|turn|16
|
|t:|1743934092
|switch|p2a: Rotom|Rotom-Wash|67/100
|move|p1a: Cinderace|Court Change|p1a: Cinderace
|-start|p1a: Cinderace|typechange|Normal|[from] ability: Libero
|-swapsideconditions
|-activate|p1a: Cinderace|move: Court Change
|
|upkeep
|turn|17
|
|t:|1743934103
|move|p1a: Cinderace|U-turn|p2a: Rotom
|-damage|p2a: Rotom|50/100
|
|t:|1743934106
|switch|p1a: Iron Treads|Iron Treads|100/100|[from] U-turn
|move|p2a: Rotom|Will-O-Wisp|p1a: Iron Treads
|-status|p1a: Iron Treads|brn
|
|-damage|p1a: Iron Treads|94/100 brn|[from] brn
|upkeep
|turn|18
|
|t:|1743934117
|move|p1a: Iron Treads|Rapid Spin|p2a: Rotom
|-damage|p2a: Rotom|46/100
|-boost|p1a: Iron Treads|spe|1
|move|p2a: Rotom|Hydro Pump|p1a: Iron Treads|[miss]
|-miss|p2a: Rotom|p1a: Iron Treads
|
|-heal|p1a: Iron Treads|100/100 brn|[from] item: Leftovers
|-damage|p1a: Iron Treads|94/100 brn|[from] brn
|upkeep
|turn|19
|
|t:|1743934126
|move|p1a: Iron Treads|Volt Switch|p2a: Rotom
|-crit|p2a: Rotom
|-damage|p2a: Rotom|26/100
|
|t:|1743934132
|-end|p1a: Iron Treads|Quark Drive|[silent]
|switch|p1a: Cinderace|Cinderace, F|100/100|[from] Volt Switch
|move|p2a: Rotom|Hydro Pump|p1a: Cinderace
|-supereffective|p1a: Cinderace
|-damage|p1a: Cinderace|0 fnt
|faint|p1a: Cinderace
|
|upkeep
|
|t:|1743934141
|switch|p1a: Guffawing Moon|Salamence, F|100/100
|turn|20
|
|t:|1743934144
|move|p1a: Guffawing Moon|Dual Wingbeat|p2a: Rotom
|-resisted|p2a: Rotom
|-damage|p2a: Rotom|19/100
|-resisted|p2a: Rotom
|-damage|p2a: Rotom|10/100
|-hitcount|p2a: Rotom|2
|move|p2a: Rotom|Will-O-Wisp|p1a: Guffawing Moon
|-status|p1a: Guffawing Moon|brn
|
|-damage|p1a: Guffawing Moon|94/100 brn|[from] brn
|upkeep
|turn|21
|-message|rubbydubbyjunior forfeited.
|
|win|Shilkypoo
|raw|rubbydubbyjunior's rating: 1060 &rarr; <strong>1040</strong><br />(-20 for losing)
|raw|Shilkypoo's rating: 1041 &rarr; <strong>1077</strong><br />(+36 for winning)
|l|☆rubbydubbyjunior
|player|p1|
