|j|☆Project-LOL
|j|☆mobius dongle
|t:|1743933016
|gametype|singles
|player|p1|Project-LOL|volkner|1469
|player|p2|mobius dongle|cynthia|1428
|teamsize|p1|6
|teamsize|p2|6
|gen|9
|tier|[Gen 9] OU
|rated|
|rule|HP Percentage Mod: HP is shown in percentages
|rule|Endless Battle Clause: Forcing endless battles is banned
|rule|Species Clause: Limit one of each Pokémon
|rule|OHKO Clause: OHKO moves are banned
|rule|Evasion Items Clause: Evasion items are banned
|rule|Evasion Moves Clause: Evasion moves are banned
|rule|Sleep Moves Clause: Sleep-inducing moves are banned
|clearpoke
|poke|p1|Blaziken, F|
|poke|p1|Slowking-Galar, M|
|poke|p1|Kingambit, F|
|poke|p1|Zapdos|
|poke|p1|Dragapult, M|
|poke|p1|Great Tusk|
|poke|p2|Bellibolt, F|
|poke|p2|Basculegion, M|
|poke|p2|Dragonite, F|
|poke|p2|Iron Treads|
|poke|p2|Barraskewda, M|
|poke|p2|Pelipper, F|
|teampreview
|inactive|Battle timer is ON: inactive players will automatically lose when time's up. (requested by mobius dongle)
|
|t:|1743933029
|start
|switch|p1a: Zapdos|Zapdos|100/100
|switch|p2a: NIGEL|Pelipper, F|100/100
|-weather|RainDance|[from] ability: Drizzle|[of] p2a: NIGEL
|turn|1
|
|t:|1743933045
|switch|p2a: ELON TUSK|Iron Treads|100/100
|move|p1a: Zapdos|Hurricane|p2a: ELON TUSK
|-resisted|p2a: ELON TUSK
|-damage|p2a: ELON TUSK|73/100
|-enditem|p2a: ELON TUSK|Eject Button
|
|t:|1743933056
|-end|p2a: ELON TUSK|Quark Drive|[silent]
|switch|p2a: RICK ROSS (HUH)|Bellibolt, F|100/100
|
|-weather|RainDance|[upkeep]
|upkeep
|turn|2
|
|t:|1743933069
|switch|p1a: Slowking|Slowking-Galar, M|100/100
|move|p2a: RICK ROSS (HUH)|Weather Ball|p1a: Slowking
|-damage|p1a: Slowking|73/100
|
|-weather|RainDance|[upkeep]
|upkeep
|turn|3
|
|t:|1743933079
|move|p2a: RICK ROSS (HUH)|Thunder|p1a: Slowking
|-damage|p1a: Slowking|43/100
|-status|p1a: Slowking|par
|-prepare|p1a: Slowking|Chilly Reception|[premajor]
|cant|p1a: Slowking|par
|
|-weather|RainDance|[upkeep]
|upkeep
|turn|4
|
|t:|1743933087
|switch|p1a: Great Tusk|Great Tusk|100/100
|move|p2a: RICK ROSS (HUH)|Weather Ball|p1a: Great Tusk
|-supereffective|p1a: Great Tusk
|-damage|p1a: Great Tusk|0 fnt
|faint|p1a: Great Tusk
|-end|p1a: Great Tusk|Protosynthesis|[silent]
|
|-weather|RainDance|[upkeep]
|upkeep
|
|t:|1743933099
|switch|p1a: Dragapult|Dragapult, M|100/100
|turn|5
|
|t:|1743933105
|-terastallize|p1a: Dragapult|Dragon
|move|p1a: Dragapult|Draco Meteor|p2a: RICK ROSS (HUH)
|-damage|p2a: RICK ROSS (HUH)|34/100
|-unboost|p1a: Dragapult|spa|2
|-start|p2a: RICK ROSS (HUH)|Charge|Draco Meteor|[from] ability: Electromorphosis
|move|p2a: RICK ROSS (HUH)|Thunder|p1a: Dragapult
|-resisted|p1a: Dragapult
|-damage|p1a: Dragapult|32/100
|-status|p1a: Dragapult|par
|-end|p2a: RICK ROSS (HUH)|Charge|[silent]
|
|-weather|RainDance|[upkeep]
|upkeep
|turn|6
|c|☆Project-LOL|take a lottery
|
|t:|1743933129
|switch|p1a: Slowking|Slowking-Galar, M|77/100 par
|switch|p2a: ELON TUSK|Iron Treads|73/100
|
|-weather|RainDance|[upkeep]
|upkeep
|turn|7
|
|t:|1743933138
|switch|p1a: Zapdos|Zapdos|100/100
|move|p2a: ELON TUSK|Stealth Rock|p1a: Zapdos
|-sidestart|p1: Project-LOL|move: Stealth Rock
|
|-weather|RainDance|[upkeep]
|upkeep
|turn|8
|
|t:|1743933149
|move|p2a: ELON TUSK|Volt Switch|p1a: Zapdos
|-damage|p1a: Zapdos|87/100
|
|t:|1743933157
|-end|p2a: ELON TUSK|Quark Drive|[silent]
|switch|p2a: RICK ROSS (HUH)|Bellibolt, F|34/100|[from] Volt Switch
|move|p1a: Zapdos|Weather Ball|p2a: RICK ROSS (HUH)
|-damage|p2a: RICK ROSS (HUH)|8/100
|-start|p2a: RICK ROSS (HUH)|Charge|Weather Ball|[from] ability: Electromorphosis
|
|-weather|none
|upkeep
|turn|9
|
|t:|1743933164
|move|p1a: Zapdos|Volt Switch|p2a: RICK ROSS (HUH)
|-resisted|p2a: RICK ROSS (HUH)
|-damage|p2a: RICK ROSS (HUH)|0 fnt
|faint|p2a: RICK ROSS (HUH)
|
|t:|1743933168
|switch|p1a: Blaziken|Blaziken, F|100/100|[from] Volt Switch
|-damage|p1a: Blaziken|88/100|[from] Stealth Rock
|
|upkeep
|
|t:|1743933175
|switch|p2a: NIGEL|Pelipper, F|100/100
|-weather|RainDance|[from] ability: Drizzle|[of] p2a: NIGEL
|turn|10
|
|t:|1743933191
|move|p1a: Blaziken|Swords Dance|p1a: Blaziken
|-boost|p1a: Blaziken|atk|2
|move|p2a: NIGEL|Surf|p1a: Blaziken
|-supereffective|p1a: Blaziken
|-damage|p1a: Blaziken|0 fnt
|faint|p1a: Blaziken
|
|-weather|RainDance|[upkeep]
|upkeep
|-message|Project-LOL forfeited.
|
|win|mobius dongle
|raw|Project-LOL's rating: 1469 &rarr; <strong>1447</strong><br />(-22 for losing)
|raw|mobius dongle's rating: 1428 &rarr; <strong>1450</strong><br />(+22 for winning)
|l|☆Project-LOL
|player|p1|
