|j|☆Oceanic Maniac
|j|☆gatorskk
|t:|1743928996
|gametype|singles
|player|p1|Oceanic Maniac|burglar|1372
|player|p2|gatorskk|battlegirl-gen4|1443
|teamsize|p1|6
|teamsize|p2|6
|gen|9
|tier|[Gen 9] OU
|rated|
|rule|HP Percentage Mod: HP is shown in percentages
|rule|Endless Battle Clause: Forcing endless battles is banned
|rule|Species Clause: Limit one of each Pokémon
|rule|OHKO Clause: OHKO moves are banned
|rule|Evasion Items Clause: Evasion items are banned
|rule|Evasion Moves Clause: Evasion moves are banned
|rule|Sleep Moves Clause: Sleep-inducing moves are banned
|clearpoke
|poke|p1|Scizor, F|
|poke|p1|Hatterene, F|
|poke|p1|Kyurem|
|poke|p1|Kingambit, F|
|poke|p1|Great Tusk|
|poke|p1|Armarouge, M|
|poke|p2|Kyurem|
|poke|p2|Weavile, M|
|poke|p2|Skarmory, M|
|poke|p2|Ting-Lu|
|poke|p2|Pecharunt|
|poke|p2|Primarina, M|
|teampreview
|inactive|Battle timer is ON: inactive players will automatically lose when time's up. (requested by gatorskk)
|inactive|gatorskk has 120 seconds left.
|
|t:|1743929030
|start
|switch|p1a: Scizor|Scizor, F|100/100
|switch|p2a: Primarina|Primarina, M|100/100
|turn|1
|
|t:|1743929050
|switch|p2a: Skarmory|Skarmory, M|100/100
|move|p1a: Scizor|U-turn|p2a: Skarmory
|-resisted|p2a: Skarmory
|-damage|p2a: Skarmory|92/100
|-damage|p1a: Scizor|84/100|[from] item: Rocky Helmet|[of] p2a: Skarmory
|
|t:|1743929054
|switch|p1a: Armarouge|Armarouge, M|100/100|[from] U-turn
|
|upkeep
|turn|2
|
|t:|1743929064
|switch|p2a: Ting-Lu|Ting-Lu|100/100
|-ability|p2a: Ting-Lu|Vessel of Ruin
|move|p1a: Armarouge|Calm Mind|p1a: Armarouge
|-boost|p1a: Armarouge|spa|1
|-boost|p1a: Armarouge|spd|1
|
|upkeep
|turn|3
|inactive|Oceanic Maniac has 120 seconds left.
|
|t:|1743929101
|move|p1a: Armarouge|Armor Cannon|p2a: Ting-Lu
|-damage|p2a: Ting-Lu|58/100
|-unboost|p1a: Armarouge|def|1
|-unboost|p1a: Armarouge|spd|1
|move|p2a: Ting-Lu|Ruination|p1a: Armarouge|[miss]
|-miss|p2a: Ting-Lu|p1a: Armarouge
|
|-heal|p2a: Ting-Lu|65/100|[from] item: Leftovers
|upkeep
|turn|4
|inactive|Oceanic Maniac has 120 seconds left.
|
|t:|1743929113
|move|p1a: Armarouge|Armor Cannon|p2a: Ting-Lu
|-damage|p2a: Ting-Lu|19/100
|-unboost|p1a: Armarouge|def|1
|-unboost|p1a: Armarouge|spd|1
|move|p2a: Ting-Lu|Earthquake|p1a: Armarouge
|-supereffective|p1a: Armarouge
|-damage|p1a: Armarouge|0 fnt
|faint|p1a: Armarouge
|
|-heal|p2a: Ting-Lu|25/100|[from] item: Leftovers
|upkeep
|inactive|Oceanic Maniac has 120 seconds left.
|
|t:|1743929118
|switch|p1a: Scizor|Scizor, F|84/100
|turn|5
|
|t:|1743929128
|switch|p2a: Skarmory|Skarmory, M|92/100
|move|p1a: Scizor|U-turn|p2a: Skarmory
|-resisted|p2a: Skarmory
|-crit|p2a: Skarmory
|-damage|p2a: Skarmory|79/100
|-damage|p1a: Scizor|67/100|[from] item: Rocky Helmet|[of] p2a: Skarmory
|
|t:|1743929133
|switch|p1a: Kyurem|Kyurem|100/100|[from] U-turn
|-ability|p1a: Kyurem|Pressure
|
|upkeep
|turn|6
|
|t:|1743929148
|switch|p2a: Primarina|Primarina, M|100/100
|move|p1a: Kyurem|Ice Beam|p2a: Primarina
|-resisted|p2a: Primarina
|-damage|p2a: Primarina|84/100
|
|upkeep
|turn|7
|inactive|Oceanic Maniac has 120 seconds left.
|
|t:|1743929191
|-terastallize|p1a: Kyurem|Ice
|move|p1a: Kyurem|Freeze-Dry|p2a: Primarina
|-supereffective|p2a: Primarina
|-damage|p2a: Primarina|12/100
|move|p2a: Primarina|Moonblast|p1a: Kyurem
|-damage|p1a: Kyurem|47/100
|-unboost|p1a: Kyurem|spa|1
|
|upkeep
|turn|8
|inactive|gatorskk has 120 seconds left.
|
|t:|1743929231
|move|p1a: Kyurem|Freeze-Dry|p2a: Primarina
|-supereffective|p2a: Primarina
|-damage|p2a: Primarina|0 fnt
|faint|p2a: Primarina
|
|upkeep
|
|t:|1743929247
|switch|p2a: Weavile|Weavile, M|100/100
|-ability|p2a: Weavile|Pressure
|turn|9
|
|t:|1743929259
|switch|p1a: Hatterene|Hatterene, F|100/100
|move|p2a: Weavile|Low Kick|p1a: Hatterene
|-resisted|p1a: Hatterene
|-damage|p1a: Hatterene|99/100
|
|-heal|p1a: Hatterene|100/100|[from] item: Leftovers
|upkeep
|turn|10
|
|t:|1743929277
|switch|p2a: Pecharunt|Pecharunt|100/100
|-item|p2a: Pecharunt|Air Balloon
|move|p1a: Hatterene|Nuzzle|p2a: Pecharunt
|-damage|p2a: Pecharunt|98/100
|-status|p2a: Pecharunt|par
|-enditem|p2a: Pecharunt|Air Balloon
|
|upkeep
|turn|11
|
|t:|1743929288
|switch|p1a: Scizor|Scizor, F|67/100
|move|p2a: Pecharunt|Parting Shot|p1a: Scizor
|-unboost|p1a: Scizor|atk|1
|-unboost|p1a: Scizor|spa|1
|
|t:|1743929301
|switch|p2a: Skarmory|Skarmory, M|79/100|[from] Parting Shot
|
|upkeep
|turn|12
|
|t:|1743929310
|move|p1a: Scizor|Knock Off|p2a: Skarmory
|-damage|p2a: Skarmory|54/100
|-damage|p1a: Scizor|51/100|[from] item: Rocky Helmet|[of] p2a: Skarmory
|-enditem|p2a: Skarmory|Rocky Helmet|[from] move: Knock Off|[of] p1a: Scizor
|move|p2a: Skarmory|Whirlwind|p1a: Scizor
|drag|p1a: Great Tusk|Great Tusk|100/100
|
|upkeep
|turn|13
|
|t:|1743929316
|move|p1a: Great Tusk|Close Combat|p2a: Skarmory
|-damage|p2a: Skarmory|15/100
|-unboost|p1a: Great Tusk|def|1
|-unboost|p1a: Great Tusk|spd|1
|move|p2a: Skarmory|Roost|p2a: Skarmory
|-heal|p2a: Skarmory|65/100
|-singleturn|p2a: Skarmory|move: Roost
|
|upkeep
|turn|14
|
|t:|1743929332
|move|p1a: Great Tusk|Ice Spinner|p2a: Skarmory
|-damage|p2a: Skarmory|49/100
|move|p2a: Skarmory|Roost|p2a: Skarmory
|-heal|p2a: Skarmory|99/100
|-singleturn|p2a: Skarmory|move: Roost
|
|upkeep
|turn|15
|inactive|gatorskk has 120 seconds left.
|
|t:|1743929349
|-end|p1a: Great Tusk|Protosynthesis|[silent]
|switch|p1a: Kingambit|Kingambit, F|100/100
|-activate|p1a: Kingambit|ability: Supreme Overlord
|-start|p1a: Kingambit|fallen1|[silent]
|move|p2a: Skarmory|Whirlwind|p1a: Kingambit
|-end|p1a: Kingambit|fallen1|[silent]
|drag|p1a: Scizor|Scizor, F|51/100
|
|upkeep
|turn|16
|
|t:|1743929358
|move|p2a: Skarmory|Body Press|p1a: Scizor
|-damage|p1a: Scizor|19/100
|move|p1a: Scizor|Close Combat|p2a: Skarmory
|-damage|p2a: Skarmory|55/100
|-unboost|p1a: Scizor|def|1
|-unboost|p1a: Scizor|spd|1
|
|upkeep
|turn|17
|
|t:|1743929371
|switch|p1a: Hatterene|Hatterene, F|100/100
|move|p2a: Skarmory|Body Press|p1a: Hatterene
|-resisted|p1a: Hatterene
|-damage|p1a: Hatterene|95/100
|
|-heal|p1a: Hatterene|100/100|[from] item: Leftovers
|upkeep
|turn|18
|inactive|gatorskk has 120 seconds left.
|
|t:|1743929399
|switch|p2a: Pecharunt|Pecharunt|98/100 par
|move|p1a: Hatterene|Nuzzle|p2a: Pecharunt
|-damage|p2a: Pecharunt|95/100 par
|
|upkeep
|turn|19
|inactive|gatorskk has 120 seconds left.
|
|t:|1743929410
|cant|p2a: Pecharunt|par
|move|p1a: Hatterene|Psyshock|p2a: Pecharunt
|-supereffective|p2a: Pecharunt
|-damage|p2a: Pecharunt|51/100 par
|
|upkeep
|turn|20
|inactive|gatorskk has 120 seconds left.
|
|t:|1743929418
|switch|p1a: Kingambit|Kingambit, F|100/100
|-activate|p1a: Kingambit|ability: Supreme Overlord
|-start|p1a: Kingambit|fallen1|[silent]
|move|p2a: Pecharunt|Malignant Chain|p1a: Kingambit
|-immune|p1a: Kingambit
|
|upkeep
|turn|21
|
|t:|1743929427
|move|p2a: Pecharunt|Parting Shot|p1a: Kingambit
|-unboost|p1a: Kingambit|atk|1
|-unboost|p1a: Kingambit|spa|1
|
|t:|1743929433
|switch|p2a: Skarmory|Skarmory, M|55/100|[from] Parting Shot
|move|p1a: Kingambit|Swords Dance|p1a: Kingambit
|-boost|p1a: Kingambit|atk|2
|
|upkeep
|turn|22
|
|t:|1743929443
|move|p2a: Skarmory|Roost|p2a: Skarmory
|-heal|p2a: Skarmory|100/100
|-singleturn|p2a: Skarmory|move: Roost
|move|p1a: Kingambit|Kowtow Cleave|p2a: Skarmory
|-damage|p2a: Skarmory|41/100
|
|upkeep
|turn|23
|
|t:|1743929448
|move|p2a: Skarmory|Roost|p2a: Skarmory
|-heal|p2a: Skarmory|91/100
|-singleturn|p2a: Skarmory|move: Roost
|move|p1a: Kingambit|Kowtow Cleave|p2a: Skarmory
|-damage|p2a: Skarmory|31/100
|
|upkeep
|turn|24
|
|t:|1743929452
|move|p2a: Skarmory|Body Press|p1a: Kingambit
|-supereffective|p1a: Kingambit
|-damage|p1a: Kingambit|9/100
|move|p1a: Kingambit|Kowtow Cleave|p2a: Skarmory
|-damage|p2a: Skarmory|0 fnt
|faint|p2a: Skarmory
|
|upkeep
|
|t:|1743929478
|switch|p2a: Weavile|Weavile, M|100/100
|-ability|p2a: Weavile|Pressure
|turn|25
|inactive|gatorskk has 120 seconds left.
|
|t:|1743929496
|-end|p1a: Kingambit|fallen1|[silent]
|switch|p1a: Hatterene|Hatterene, F|100/100
|move|p2a: Weavile|Knock Off|p1a: Hatterene
|-damage|p1a: Hatterene|64/100
|-enditem|p1a: Hatterene|Leftovers|[from] move: Knock Off|[of] p2a: Weavile
|
|upkeep
|turn|26
|
|t:|1743929509
|-terastallize|p2a: Weavile|Ice
|move|p2a: Weavile|Triple Axel|p1a: Hatterene
|-damage|p1a: Hatterene|54/100
|-damage|p1a: Hatterene|32/100
|-damage|p1a: Hatterene|0 fnt
|faint|p1a: Hatterene
|-hitcount|p1: Hatterene|3
|
|upkeep
|
|t:|1743929516
|switch|p1a: Scizor|Scizor, F|19/100
|turn|27
|
|t:|1743929532
|switch|p2a: Ting-Lu|Ting-Lu|25/100
|-ability|p2a: Ting-Lu|Vessel of Ruin
|move|p1a: Scizor|Bullet Punch|p2a: Ting-Lu
|-damage|p2a: Ting-Lu|0 fnt
|faint|p2a: Ting-Lu
|
|upkeep
|
|t:|1743929535
|switch|p2a: Pecharunt|Pecharunt|51/100 par
|turn|28
|
|t:|1743929548
|switch|p1a: Great Tusk|Great Tusk|100/100
|move|p2a: Pecharunt|Recover|p2a: Pecharunt
|-heal|p2a: Pecharunt|100/100 par
|
|upkeep
|turn|29
|
|t:|1743929555
|move|p1a: Great Tusk|Headlong Rush|p2a: Pecharunt
|-supereffective|p2a: Pecharunt
|-damage|p2a: Pecharunt|29/100 par
|-unboost|p1a: Great Tusk|def|1
|-unboost|p1a: Great Tusk|spd|1
|cant|p2a: Pecharunt|par
|
|upkeep
|turn|30
|inactive|gatorskk has 120 seconds left.
|
|t:|1743929585
|move|p1a: Great Tusk|Headlong Rush|p2a: Pecharunt
|-supereffective|p2a: Pecharunt
|-damage|p2a: Pecharunt|0 fnt
|-unboost|p1a: Great Tusk|def|1
|-unboost|p1a: Great Tusk|spd|1
|faint|p2a: Pecharunt
|
|upkeep
|inactive|gatorskk has 120 seconds left.
|
|t:|1743929599
|switch|p2a: Kyurem|Kyurem|100/100
|-ability|p2a: Kyurem|Pressure
|turn|31
|inactive|gatorskk has 120 seconds left.
|
|t:|1743929605
|move|p2a: Kyurem|Ice Beam|p1a: Great Tusk
|-supereffective|p1a: Great Tusk
|-damage|p1a: Great Tusk|0 fnt
|faint|p1a: Great Tusk
|-end|p1a: Great Tusk|Protosynthesis|[silent]
|
|upkeep
|
|t:|1743929613
|switch|p1a: Scizor|Scizor, F|19/100
|turn|32
|
|t:|1743929623
|move|p1a: Scizor|Bullet Punch|p2a: Kyurem
|-supereffective|p2a: Kyurem
|-crit|p2a: Kyurem
|-damage|p2a: Kyurem|0 fnt
|faint|p2a: Kyurem
|
|upkeep
|
|t:|1743929627
|switch|p2a: Weavile|Weavile, M, tera:Ice|100/100
|-ability|p2a: Weavile|Pressure
|turn|33
|
|t:|1743929641
|move|p2a: Weavile|Ice Shard|p1a: Scizor
|-resisted|p1a: Scizor
|-damage|p1a: Scizor|5/100
|move|p1a: Scizor|Bullet Punch|p2a: Weavile
|-supereffective|p2a: Weavile
|-damage|p2a: Weavile|0 fnt
|faint|p2a: Weavile
|
|win|Oceanic Maniac
|raw|Oceanic Maniac's rating: 1372 &rarr; <strong>1396</strong><br />(+24 for winning)
|raw|gatorskk's rating: 1443 &rarr; <strong>1419</strong><br />(-24 for losing)
|l|☆gatorskk
|player|p2|
