|j|☆maybeshinkuu
|j|☆WalkFr
|t:|1743931457
|gametype|singles
|player|p1|maybeshinkuu|gentleman-gen4|1238
|player|p2|WalkFr|li|1297
|teamsize|p1|6
|teamsize|p2|6
|gen|9
|tier|[Gen 9] OU
|rated|
|rule|HP Percentage Mod: HP is shown in percentages
|rule|Endless Battle Clause: Forcing endless battles is banned
|rule|Species Clause: Limit one of each Pokémon
|rule|OHKO Clause: OHKO moves are banned
|rule|Evasion Items Clause: Evasion items are banned
|rule|Evasion Moves Clause: Evasion moves are banned
|rule|Sleep Moves Clause: Sleep-inducing moves are banned
|clearpoke
|poke|p1|Darkrai|
|poke|p1|Great Tusk|
|poke|p1|Ogerpon-Wellspring, F|
|poke|p1|Gholdengo|
|poke|p1|Dragonite, M|
|poke|p1|Ting-Lu|
|poke|p2|Sableye, M|
|poke|p2|Dragonite, F|
|poke|p2|Ting-Lu|
|poke|p2|Manaphy|
|poke|p2|Clefable, F|
|poke|p2|Corviknight, F|
|teampreview
|inactive|Battle timer is ON: inactive players will automatically lose when time's up. (requested by WalkFr)
|inactive|maybeshinkuu also wants the timer to be on.
|
|t:|1743931466
|start
|switch|p1a: Ting-Lu|Ting-Lu|100/100
|switch|p2a: Clefable|Clefable, F|100/100
|-ability|p1a: Ting-Lu|Vessel of Ruin
|turn|1
|
|t:|1743931469
|move|p2a: Clefable|Moonblast|p1a: Ting-Lu
|-supereffective|p1a: Ting-Lu
|-damage|p1a: Ting-Lu|54/100
|move|p1a: Ting-Lu|Spikes|p2a: Clefable
|-sidestart|p2: WalkFr|Spikes
|
|-heal|p1a: Ting-Lu|60/100|[from] item: Leftovers
|upkeep
|turn|2
|
|t:|1743931473
|switch|p1a: Gholdengo|Gholdengo|100/100
|-item|p1a: Gholdengo|Air Balloon
|move|p2a: Clefable|Moonblast|p1a: Gholdengo
|-resisted|p1a: Gholdengo
|-damage|p1a: Gholdengo|78/100
|-unboost|p1a: Gholdengo|spa|1
|-enditem|p1a: Gholdengo|Air Balloon
|
|upkeep
|turn|3
|
|t:|1743931500
|move|p1a: Gholdengo|Shadow Ball|p2a: Clefable
|-damage|p2a: Clefable|65/100
|-unboost|p2a: Clefable|spd|1
|move|p2a: Clefable|Flamethrower|p1a: Gholdengo
|-supereffective|p1a: Gholdengo
|-damage|p1a: Gholdengo|13/100
|
|upkeep
|turn|4
|
|t:|1743931506
|move|p1a: Gholdengo|Recover|p1a: Gholdengo
|-heal|p1a: Gholdengo|63/100
|move|p2a: Clefable|Moonblast|p1a: Gholdengo
|-resisted|p1a: Gholdengo
|-damage|p1a: Gholdengo|41/100
|
|upkeep
|turn|5
|
|t:|1743931510
|move|p1a: Gholdengo|Shadow Ball|p2a: Clefable
|-damage|p2a: Clefable|13/100
|move|p2a: Clefable|Flamethrower|p1a: Gholdengo
|-supereffective|p1a: Gholdengo
|-damage|p1a: Gholdengo|0 fnt
|faint|p1a: Gholdengo
|
|upkeep
|
|t:|1743931520
|switch|p1a: Ogerpon|Ogerpon-Wellspring, F|100/100
|turn|6
|
|t:|1743931524
|move|p1a: Ogerpon|Knock Off|p2a: Clefable
|-resisted|p2a: Clefable
|-damage|p2a: Clefable|0 fnt
|-enditem|p2a: Clefable|Expert Belt|[from] move: Knock Off|[of] p1a: Ogerpon
|faint|p2a: Clefable
|
|upkeep
|
|t:|1743931529
|switch|p2a: Corviknight|Corviknight, F|100/100
|turn|7
|
|t:|1743931541
|move|p1a: Ogerpon|Knock Off|p2a: Corviknight
|-damage|p2a: Corviknight|71/100
|-enditem|p2a: Corviknight|Leftovers|[from] move: Knock Off|[of] p1a: Ogerpon
|move|p2a: Corviknight|Bulk Up|p2a: Corviknight
|-boost|p2a: Corviknight|atk|1
|-boost|p2a: Corviknight|def|1
|
|upkeep
|turn|8
|
|t:|1743931546
|move|p1a: Ogerpon|U-turn|p2a: Corviknight
|-resisted|p2a: Corviknight
|-damage|p2a: Corviknight|68/100
|
|t:|1743931547
|switch|p1a: Dragonite|Dragonite, M|100/100|[from] U-turn
|move|p2a: Corviknight|Bulk Up|p2a: Corviknight
|-boost|p2a: Corviknight|atk|1
|-boost|p2a: Corviknight|def|1
|
|upkeep
|turn|9
|
|t:|1743931550
|move|p2a: Corviknight|Brave Bird|p1a: Dragonite
|-damage|p1a: Dragonite|69/100
|-damage|p2a: Corviknight|58/100|[from] Recoil
|move|p1a: Dragonite|Dragon Tail|p2a: Corviknight|[miss]
|-miss|p1a: Dragonite|p2a: Corviknight
|
|upkeep
|turn|10
|
|t:|1743931560
|move|p2a: Corviknight|Brave Bird|p1a: Dragonite
|-damage|p1a: Dragonite|0 fnt
|faint|p1a: Dragonite
|-damage|p2a: Corviknight|36/100|[from] Recoil
|
|upkeep
|
|t:|1743931566
|switch|p1a: Darkrai|Darkrai|100/100
|turn|11
|
|t:|1743931570
|move|p1a: Darkrai|Dark Pulse|p2a: Corviknight
|-damage|p2a: Corviknight|11/100
|move|p2a: Corviknight|Body Press|p1a: Darkrai
|-supereffective|p1a: Darkrai
|-damage|p1a: Darkrai|22/100
|
|-heal|p1a: Darkrai|28/100|[from] item: Leftovers
|upkeep
|turn|12
|
|t:|1743931581
|move|p1a: Darkrai|Dark Pulse|p2a: Corviknight
|-damage|p2a: Corviknight|0 fnt
|faint|p2a: Corviknight
|
|-heal|p1a: Darkrai|35/100|[from] item: Leftovers
|upkeep
|
|t:|1743931597
|switch|p2a: Manaphy|Manaphy|100/100
|-damage|p2a: Manaphy|88/100|[from] Spikes
|turn|13
|
|t:|1743931605
|switch|p1a: Ogerpon|Ogerpon-Wellspring, F|100/100
|move|p2a: Manaphy|Energy Ball|p1a: Ogerpon
|-damage|p1a: Ogerpon|69/100
|
|-heal|p2a: Manaphy|94/100|[from] item: Leftovers
|upkeep
|turn|14
|
|t:|1743931611
|move|p1a: Ogerpon|Power Whip|p2a: Manaphy
|-supereffective|p2a: Manaphy
|-damage|p2a: Manaphy|0 fnt
|faint|p2a: Manaphy
|
|upkeep
|
|t:|1743931615
|switch|p2a: Sableye|Sableye, M|100/100
|-damage|p2a: Sableye|88/100|[from] Spikes
|turn|15
|
|t:|1743931618
|switch|p1a: Ting-Lu|Ting-Lu|60/100
|-ability|p1a: Ting-Lu|Vessel of Ruin
|move|p2a: Sableye|Night Shade|p1a: Ting-Lu
|-damage|p1a: Ting-Lu|41/100
|
|-heal|p2a: Sableye|94/100|[from] item: Leftovers
|-heal|p1a: Ting-Lu|47/100|[from] item: Leftovers
|upkeep
|turn|16
|
|t:|1743931623
|switch|p2a: Ting-Lu|Ting-Lu|100/100
|-damage|p2a: Ting-Lu|88/100|[from] Spikes
|-ability|p2a: Ting-Lu|Vessel of Ruin
|move|p1a: Ting-Lu|Ruination|p2a: Ting-Lu
|-damage|p2a: Ting-Lu|44/100
|
|-heal|p1a: Ting-Lu|53/100|[from] item: Leftovers
|-heal|p2a: Ting-Lu|50/100|[from] item: Leftovers
|upkeep
|turn|17
|
|t:|1743931630
|move|p1a: Ting-Lu|Earthquake|p2a: Ting-Lu
|-damage|p2a: Ting-Lu|28/100
|move|p2a: Ting-Lu|Earthquake|p1a: Ting-Lu
|-damage|p1a: Ting-Lu|26/100
|
|-heal|p1a: Ting-Lu|32/100|[from] item: Leftovers
|-heal|p2a: Ting-Lu|35/100|[from] item: Leftovers
|upkeep
|turn|18
|
|t:|1743931634
|move|p1a: Ting-Lu|Earthquake|p2a: Ting-Lu
|-damage|p2a: Ting-Lu|13/100
|move|p2a: Ting-Lu|Earthquake|p1a: Ting-Lu
|-damage|p1a: Ting-Lu|4/100
|
|-heal|p1a: Ting-Lu|11/100|[from] item: Leftovers
|-heal|p2a: Ting-Lu|19/100|[from] item: Leftovers
|upkeep
|turn|19
|
|t:|1743931638
|move|p1a: Ting-Lu|Earthquake|p2a: Ting-Lu
|-damage|p2a: Ting-Lu|0 fnt
|faint|p2a: Ting-Lu
|
|-heal|p1a: Ting-Lu|17/100|[from] item: Leftovers
|upkeep
|
|t:|1743931641
|switch|p2a: Dragonite|Dragonite, F|100/100
|turn|20
|
|t:|1743931651
|-terastallize|p2a: Dragonite|Normal
|move|p2a: Dragonite|Extreme Speed|p1a: Ting-Lu
|-damage|p1a: Ting-Lu|0 fnt
|faint|p1a: Ting-Lu
|
|upkeep
|
|t:|1743931657
|switch|p1a: Great Tusk|Great Tusk|100/100
|turn|21
|
|t:|1743931661
|switch|p2a: Sableye|Sableye, M|94/100
|-damage|p2a: Sableye|82/100|[from] Spikes
|move|p1a: Great Tusk|Rapid Spin|p2a: Sableye
|-immune|p2a: Sableye
|
|-heal|p2a: Sableye|88/100|[from] item: Leftovers
|upkeep
|turn|22
|
|t:|1743931669
|-end|p1a: Great Tusk|Protosynthesis|[silent]
|switch|p1a: Darkrai|Darkrai|35/100
|move|p2a: Sableye|Will-O-Wisp|p1a: Darkrai
|-hint|Since gen 7, Dark is immune to Prankster moves.
|-immune|p1a: Darkrai
|
|-heal|p1a: Darkrai|41/100|[from] item: Leftovers
|-heal|p2a: Sableye|94/100|[from] item: Leftovers
|upkeep
|turn|23
|
|t:|1743931674
|move|p1a: Darkrai|Dark Pulse|p2a: Sableye
|-damage|p2a: Sableye|41/100
|move|p2a: Sableye|Night Shade|p1a: Darkrai
|-damage|p1a: Darkrai|12/100
|
|-heal|p1a: Darkrai|18/100|[from] item: Leftovers
|-heal|p2a: Sableye|47/100|[from] item: Leftovers
|upkeep
|turn|24
|
|t:|1743931678
|move|p2a: Sableye|Recover|p2a: Sableye
|-heal|p2a: Sableye|97/100
|move|p1a: Darkrai|Dark Pulse|p2a: Sableye
|-damage|p2a: Sableye|45/100
|
|-heal|p1a: Darkrai|24/100|[from] item: Leftovers
|-heal|p2a: Sableye|51/100|[from] item: Leftovers
|upkeep
|turn|25
|
|t:|1743931681
|move|p2a: Sableye|Recover|p2a: Sableye
|-heal|p2a: Sableye|100/100
|move|p1a: Darkrai|Nasty Plot|p1a: Darkrai
|-boost|p1a: Darkrai|spa|2
|
|-heal|p1a: Darkrai|30/100|[from] item: Leftovers
|upkeep
|turn|26
|
|t:|1743931684
|move|p1a: Darkrai|Dark Pulse|p2a: Sableye
|-damage|p2a: Sableye|0 fnt
|faint|p2a: Sableye
|
|-heal|p1a: Darkrai|36/100|[from] item: Leftovers
|upkeep
|
|t:|1743931686
|switch|p2a: Dragonite|Dragonite, F, tera:Normal|100/100
|turn|27
|
|t:|1743931691
|move|p2a: Dragonite|Extreme Speed|p1a: Darkrai
|-damage|p1a: Darkrai|0 fnt
|faint|p1a: Darkrai
|
|upkeep
|
|t:|1743931697
|switch|p1a: Ogerpon|Ogerpon-Wellspring, F|69/100
|turn|28
|
|t:|1743931703
|move|p1a: Ogerpon|Ivy Cudgel|p2a: Dragonite|[anim] Ivy Cudgel Water
|-damage|p2a: Dragonite|66/100
|move|p2a: Dragonite|Dragon Dance|p2a: Dragonite
|-boost|p2a: Dragonite|atk|1
|-boost|p2a: Dragonite|spe|1
|
|upkeep
|turn|29
|
|t:|1743931708
|move|p2a: Dragonite|Extreme Speed|p1a: Ogerpon
|-damage|p1a: Ogerpon|0 fnt
|faint|p1a: Ogerpon
|
|upkeep
|
|t:|1743931711
|switch|p1a: Great Tusk|Great Tusk|100/100
|turn|30
|
|t:|1743931715
|move|p2a: Dragonite|Dragon Claw|p1a: Great Tusk
|-damage|p1a: Great Tusk|48/100
|move|p1a: Great Tusk|Headlong Rush|p2a: Dragonite
|-damage|p2a: Dragonite|0 fnt
|-unboost|p1a: Great Tusk|def|1
|-unboost|p1a: Great Tusk|spd|1
|faint|p2a: Dragonite
|
|win|maybeshinkuu
|raw|maybeshinkuu's rating: 1238 &rarr; <strong>1267</strong><br />(+29 for winning)
|raw|WalkFr's rating: 1297 &rarr; <strong>1268</strong><br />(-29 for losing)
|l|☆WalkFr
|player|p2|
|c|☆maybeshinkuu|gg
|l|☆maybeshinkuu
|player|p1|
