|j|☆1against1
|j|☆above average o
|t:|1743927861
|gametype|singles
|player|p1|1against1|red-lgpe|1127
|player|p2|above average o|266|1173
|teamsize|p1|6
|teamsize|p2|6
|gen|9
|tier|[Gen 9] OU
|rated|
|rule|HP Percentage Mod: HP is shown in percentages
|rule|Endless Battle Clause: Forcing endless battles is banned
|rule|Species Clause: Limit one of each Pokémon
|rule|OHKO Clause: OHKO moves are banned
|rule|Evasion Items Clause: Evasion items are banned
|rule|Evasion Moves Clause: Evasion moves are banned
|rule|Sleep Moves Clause: Sleep-inducing moves are banned
|clearpoke
|poke|p1|Feraligatr, F|
|poke|p1|Weavile, F|
|poke|p1|Chandelure, F|
|poke|p1|Sableye, M|
|poke|p1|Mandibuzz, F|
|poke|p1|Jolteon, M|
|poke|p2|Iron Treads|
|poke|p2|Primarina, F|
|poke|p2|Ogerpon-Wellspring, F|
|poke|p2|Landorus-Therian, M|
|poke|p2|Pecharunt|
|poke|p2|Cinderace, M|
|teampreview
|inactive|Battle timer is ON: inactive players will automatically lose when time's up. (requested by above average o)
|inactive|1against1 has 120 seconds left.
|
|t:|1743927893
|start
|switch|p1a: Sableye|Sableye, M, shiny|100/100
|switch|p2a: Pecharunt|Pecharunt|100/100
|turn|1
|
|t:|1743927901
|move|p1a: Sableye|Thunder Wave|p2a: Pecharunt
|-status|p2a: Pecharunt|par
|move|p2a: Pecharunt|Malignant Chain|p1a: Sableye
|-resisted|p1a: Sableye
|-damage|p1a: Sableye|85/100
|
|-heal|p1a: Sableye|91/100|[from] item: Leftovers
|upkeep
|turn|2
|
|t:|1743927912
|move|p1a: Sableye|Knock Off|p2a: Pecharunt
|-supereffective|p2a: Pecharunt
|-damage|p2a: Pecharunt|79/100 par
|-enditem|p2a: Pecharunt|Leftovers|[from] move: Knock Off|[of] p1a: Sableye
|move|p2a: Pecharunt|Night Shade|p1a: Sableye
|-damage|p1a: Sableye|58/100
|
|-heal|p1a: Sableye|65/100|[from] item: Leftovers
|upkeep
|turn|3
|
|t:|1743927924
|-terastallize|p1a: Sableye|Steel
|move|p1a: Sableye|Knock Off|p2a: Pecharunt
|-supereffective|p2a: Pecharunt
|-damage|p2a: Pecharunt|64/100 par
|move|p2a: Pecharunt|Malignant Chain|p1a: Sableye
|-immune|p1a: Sableye
|
|-heal|p1a: Sableye|71/100|[from] item: Leftovers
|upkeep
|turn|4
|
|t:|1743927935
|move|p1a: Sableye|Knock Off|p2a: Pecharunt
|-supereffective|p2a: Pecharunt
|-damage|p2a: Pecharunt|49/100 par
|move|p2a: Pecharunt|Night Shade|p1a: Sableye
|-damage|p1a: Sableye|38/100
|
|-heal|p1a: Sableye|44/100|[from] item: Leftovers
|upkeep
|turn|5
|
|t:|1743927944
|move|p1a: Sableye|Recover|p1a: Sableye
|-heal|p1a: Sableye|94/100
|cant|p2a: Pecharunt|par
|
|-heal|p1a: Sableye|100/100|[from] item: Leftovers
|upkeep
|turn|6
|
|t:|1743927952
|move|p1a: Sableye|Knock Off|p2a: Pecharunt
|-supereffective|p2a: Pecharunt
|-damage|p2a: Pecharunt|35/100 par
|move|p2a: Pecharunt|Parting Shot|p1a: Sableye
|-unboost|p1a: Sableye|atk|1
|-unboost|p1a: Sableye|spa|1
|
|t:|1743927960
|switch|p2a: Cinderace|Cinderace, M|100/100|[from] Parting Shot
|
|upkeep
|turn|7
|
|t:|1743927967
|switch|p1a: Chandelure|Chandelure, F, shiny|100/100
|move|p2a: Cinderace|Pyro Ball|p1a: Chandelure
|-start|p1a: Chandelure|ability: Flash Fire
|
|upkeep
|turn|8
|
|t:|1743927976
|move|p2a: Cinderace|U-turn|p1a: Chandelure
|-start|p2a: Cinderace|typechange|Bug|[from] ability: Libero
|-resisted|p1a: Chandelure
|-damage|p1a: Chandelure|87/100
|
|t:|1743927984
|switch|p2a: Primarina|Primarina, F|100/100|[from] U-turn
|move|p1a: Chandelure|Flamethrower|p2a: Primarina
|-resisted|p2a: Primarina
|-damage|p2a: Primarina|57/100
|
|-heal|p2a: Primarina|63/100|[from] item: Leftovers
|upkeep
|turn|9
|
|t:|1743927999
|-end|p1a: Chandelure|ability: Flash Fire|[silent]
|switch|p1a: Sableye|Sableye, M, shiny, tera:Steel|100/100
|move|p2a: Primarina|Surf|p1a: Sableye
|-damage|p1a: Sableye|45/100
|
|-heal|p2a: Primarina|69/100|[from] item: Leftovers
|-heal|p1a: Sableye|51/100|[from] item: Leftovers
|upkeep
|turn|10
|
|t:|1743928011
|switch|p1a: Mandibuzz|Mandibuzz, F, shiny|100/100
|move|p2a: Primarina|Surf|p1a: Mandibuzz
|-damage|p1a: Mandibuzz|60/100
|
|-heal|p2a: Primarina|75/100|[from] item: Leftovers
|upkeep
|turn|11
|
|t:|1743928019
|move|p1a: Mandibuzz|Toxic|p2a: Primarina
|-status|p2a: Primarina|tox
|move|p2a: Primarina|Ice Beam|p1a: Mandibuzz
|-supereffective|p1a: Mandibuzz
|-damage|p1a: Mandibuzz|5/100
|
|-heal|p2a: Primarina|81/100 tox|[from] item: Leftovers
|-damage|p2a: Primarina|75/100 tox|[from] psn
|upkeep
|turn|12
|
|t:|1743928030
|move|p1a: Mandibuzz|Roost|p1a: Mandibuzz
|-heal|p1a: Mandibuzz|55/100
|-singleturn|p1a: Mandibuzz|move: Roost
|move|p2a: Primarina|Surf|p1a: Mandibuzz
|-damage|p1a: Mandibuzz|9/100
|
|-heal|p2a: Primarina|81/100 tox|[from] item: Leftovers
|-damage|p2a: Primarina|69/100 tox|[from] psn
|upkeep
|turn|13
|
|t:|1743928040
|move|p1a: Mandibuzz|Roost|p1a: Mandibuzz
|-heal|p1a: Mandibuzz|59/100
|-singleturn|p1a: Mandibuzz|move: Roost
|move|p2a: Primarina|Moonblast|p1a: Mandibuzz
|-supereffective|p1a: Mandibuzz
|-damage|p1a: Mandibuzz|0 fnt
|faint|p1a: Mandibuzz
|
|-heal|p2a: Primarina|75/100 tox|[from] item: Leftovers
|-damage|p2a: Primarina|57/100 tox|[from] psn
|upkeep
|
|t:|1743928055
|switch|p1a: Weavile|Weavile, F, shiny|100/100
|turn|14
|
|t:|1743928059
|move|p1a: Weavile|Fake Out|p2a: Primarina
|-damage|p2a: Primarina|42/100 tox
|cant|p2a: Primarina|flinch
|
|-heal|p2a: Primarina|48/100 tox|[from] item: Leftovers
|-damage|p2a: Primarina|24/100 tox|[from] psn
|upkeep
|turn|15
|
|t:|1743928071
|move|p1a: Weavile|Icicle Spear|p2a: Primarina
|-resisted|p2a: Primarina
|-damage|p2a: Primarina|16/100 tox
|-resisted|p2a: Primarina
|-damage|p2a: Primarina|8/100 tox
|-resisted|p2a: Primarina
|-damage|p2a: Primarina|0 fnt
|faint|p2a: Primarina
|-hitcount|p2: Primarina|3
|
|upkeep
|
|t:|1743928080
|switch|p2a: Ogerpon|Ogerpon-Wellspring, F|100/100
|turn|16
|
|t:|1743928095
|switch|p1a: Jolteon|Jolteon, M, shiny|100/100
|move|p2a: Ogerpon|Brick Break|p1a: Jolteon
|-damage|p1a: Jolteon|38/100
|
|upkeep
|turn|17
|
|t:|1743928102
|move|p1a: Jolteon|Discharge|p2a: Ogerpon
|-damage|p2a: Ogerpon|64/100
|move|p2a: Ogerpon|Horn Leech|p1a: Jolteon
|-crit|p1a: Jolteon
|-damage|p1a: Jolteon|0 fnt
|-heal|p2a: Ogerpon|78/100|[from] drain|[of] p1a: Jolteon
|faint|p1a: Jolteon
|
|upkeep
|
|t:|1743928112
|switch|p1a: Sableye|Sableye, M, shiny, tera:Steel|51/100
|turn|18
|
|t:|1743928117
|move|p1a: Sableye|Will-O-Wisp|p2a: Ogerpon
|-status|p2a: Ogerpon|brn
|move|p2a: Ogerpon|Brick Break|p1a: Sableye
|-supereffective|p1a: Sableye
|-damage|p1a: Sableye|1/100
|
|-heal|p1a: Sableye|7/100|[from] item: Leftovers
|-damage|p2a: Ogerpon|72/100 brn|[from] brn
|upkeep
|turn|19
|
|t:|1743928128
|switch|p1a: Chandelure|Chandelure, F, shiny|87/100
|move|p2a: Ogerpon|Brick Break|p1a: Chandelure
|-immune|p1a: Chandelure
|
|-damage|p2a: Ogerpon|66/100 brn|[from] brn
|upkeep
|turn|20
|
|t:|1743928140
|move|p1a: Chandelure|Flamethrower|p2a: Ogerpon
|-damage|p2a: Ogerpon|0 fnt
|faint|p2a: Ogerpon
|
|upkeep
|
|t:|1743928150
|switch|p2a: Landorus|Landorus-Therian, M|100/100
|-ability|p2a: Landorus|Intimidate|boost
|-unboost|p1a: Chandelure|atk|1
|turn|21
|
|t:|1743928156
|move|p1a: Chandelure|Flamethrower|p2a: Landorus
|-damage|p2a: Landorus|14/100
|move|p2a: Landorus|Stealth Rock|p1a: Chandelure
|-sidestart|p1: 1against1|move: Stealth Rock
|
|upkeep
|turn|22
|
|t:|1743928164
|move|p1a: Chandelure|Flamethrower|p2a: Landorus
|-damage|p2a: Landorus|0 fnt
|faint|p2a: Landorus
|
|upkeep
|
|t:|1743928169
|switch|p2a: Iron Treads|Iron Treads|100/100
|-item|p2a: Iron Treads|Air Balloon
|turn|23
|
|t:|1743928175
|-terastallize|p2a: Iron Treads|Flying
|move|p1a: Chandelure|Flamethrower|p2a: Iron Treads
|-damage|p2a: Iron Treads|4/100
|-enditem|p2a: Iron Treads|Air Balloon
|move|p2a: Iron Treads|Earthquake|p1a: Chandelure
|-supereffective|p1a: Chandelure
|-damage|p1a: Chandelure|0 fnt
|faint|p1a: Chandelure
|
|upkeep
|
|t:|1743928186
|switch|p1a: Weavile|Weavile, F, shiny|100/100
|-damage|p1a: Weavile|76/100|[from] Stealth Rock
|turn|24
|
|t:|1743928191
|-end|p2a: Iron Treads|Quark Drive|[silent]
|switch|p2a: Pecharunt|Pecharunt|35/100 par
|move|p1a: Weavile|Fake Out|p2a: Pecharunt
|-immune|p2a: Pecharunt
|
|upkeep
|turn|25
|
|t:|1743928201
|move|p1a: Weavile|Knock Off|p2a: Pecharunt
|-supereffective|p2a: Pecharunt
|-damage|p2a: Pecharunt|3/100 par
|move|p2a: Pecharunt|Night Shade|p1a: Weavile
|-damage|p1a: Weavile|40/100
|
|upkeep
|turn|26
|
|t:|1743928210
|move|p1a: Weavile|Ice Shard|p2a: Pecharunt
|-damage|p2a: Pecharunt|0 fnt
|faint|p2a: Pecharunt
|
|upkeep
|
|t:|1743928215
|switch|p2a: Cinderace|Cinderace, M|100/100
|turn|27
|
|t:|1743928219
|move|p1a: Weavile|Knock Off|p2a: Cinderace
|-damage|p2a: Cinderace|29/100
|-enditem|p2a: Cinderace|Wide Lens|[from] move: Knock Off|[of] p1a: Weavile
|move|p2a: Cinderace|Pyro Ball|p1a: Weavile
|-supereffective|p1a: Weavile
|-damage|p1a: Weavile|0 fnt
|faint|p1a: Weavile
|
|upkeep
|
|t:|1743928225
|switch|p1a: Feraligatr|Feraligatr, F, shiny|100/100
|-damage|p1a: Feraligatr|88/100|[from] Stealth Rock
|turn|28
|
|t:|1743928231
|move|p1a: Feraligatr|Aqua Jet|p2a: Cinderace
|-supereffective|p2a: Cinderace
|-damage|p2a: Cinderace|0 fnt
|faint|p2a: Cinderace
|-damage|p1a: Feraligatr|78/100|[from] item: Life Orb
|
|upkeep
|-message|above average o forfeited.
|
|win|1against1
|raw|1against1's rating: 1127 &rarr; <strong>1155</strong><br />(+28 for winning)
|raw|above average o's rating: 1173 &rarr; <strong>1145</strong><br />(-28 for losing)
|l|☆above average o
|player|p2|
|l|☆1against1
|player|p1|
