|j|☆Joan_BP
|j|☆akiral13
|t:|1743932403
|gametype|singles
|player|p1|Joan_BP|n|1212
|player|p2|akiral13|n-masters|1245
|teamsize|p1|6
|teamsize|p2|6
|gen|9
|tier|[Gen 9] OU
|rated|
|rule|HP Percentage Mod: HP is shown in percentages
|rule|Endless Battle Clause: Forcing endless battles is banned
|rule|Species Clause: Limit one of each Pokémon
|rule|OHKO Clause: OHKO moves are banned
|rule|Evasion Items Clause: Evasion items are banned
|rule|Evasion Moves Clause: Evasion moves are banned
|rule|Sleep Moves Clause: Sleep-inducing moves are banned
|clearpoke
|poke|p1|Garganacl, F|
|poke|p1|Kingambit, M|
|poke|p1|Landorus-Therian, M|
|poke|p1|Toxapex, M|
|poke|p1|Quaquaval, M|
|poke|p1|Kommo-o, F|
|poke|p2|Altaria, F|
|poke|p2|Iron Treads|
|poke|p2|Toxapex, F|
|poke|p2|Ogerpon-Cornerstone, F|
|poke|p2|Clodsire, M|
|poke|p2|Iron Moth|
|teampreview
|c|☆akiral13|nice avatar
|
|t:|1743932437
|start
|switch|p1a: Landorus|Landorus-Therian, M|100/100
|switch|p2a: Altaria|Altaria, F|100/100
|-ability|p1a: Landorus|Intimidate|boost
|-unboost|p2a: Altaria|atk|1
|turn|1
|inactive|Battle timer is ON: inactive players will automatically lose when time's up. (requested by akiral13)
|
|t:|1743932443
|move|p1a: Landorus|Stone Edge|p2a: Altaria
|-supereffective|p2a: Altaria
|-damage|p2a: Altaria|26/100
|move|p2a: Altaria|Will-O-Wisp|p1a: Landorus
|-status|p1a: Landorus|brn
|
|-damage|p1a: Landorus|95/100 brn|[from] brn
|upkeep
|turn|2
|
|t:|1743932471
|switch|p2a: Ogerpon|Ogerpon-Cornerstone, F|100/100
|move|p1a: Landorus|Stone Edge|p2a: Ogerpon
|-damage|p2a: Ogerpon|74/100
|
|-damage|p1a: Landorus|89/100 brn|[from] brn
|upkeep
|turn|3
|inactive|Joan_BP has 120 seconds left.
|
|t:|1743932506
|switch|p1a: Kommo-o|Kommo-o, F|100/100
|move|p2a: Ogerpon|Knock Off|p1a: Kommo-o
|-resisted|p1a: Kommo-o
|-damage|p1a: Kommo-o|81/100
|-enditem|p1a: Kommo-o|Chesto Berry|[from] move: Knock Off|[of] p2a: Ogerpon
|
|upkeep
|turn|4
|
|t:|1743932513
|switch|p2a: Toxapex|Toxapex, F|100/100
|move|p1a: Kommo-o|Drain Punch|p2a: Toxapex
|-resisted|p2a: Toxapex
|-damage|p2a: Toxapex|88/100
|-heal|p1a: Kommo-o|88/100|[from] drain|[of] p2a: Toxapex
|
|upkeep
|turn|5
|inactive|Joan_BP has 120 seconds left.
|
|t:|1743932532
|switch|p1a: Landorus|Landorus-Therian, M|89/100 brn
|-ability|p1a: Landorus|Intimidate|boost
|-unboost|p2a: Toxapex|atk|1
|move|p2a: Toxapex|Infestation|p1a: Landorus
|-resisted|p1a: Landorus
|-damage|p1a: Landorus|87/100 brn
|-activate|p1a: Landorus|move: Infestation|[of] p2a: Toxapex
|-damage|p2a: Toxapex|71/100|[from] item: Rocky Helmet|[of] p1a: Landorus
|
|-damage|p1a: Landorus|81/100 brn|[from] brn
|-damage|p1a: Landorus|69/100 brn|[from] move: Infestation|[partiallytrapped]
|upkeep
|turn|6
|inactive|Joan_BP has 120 seconds left.
|
|t:|1743932559
|switch|p2a: Ogerpon|Ogerpon-Cornerstone, F|74/100
|move|p1a: Landorus|Earthquake|p2a: Ogerpon
|-damage|p2a: Ogerpon|38/100
|
|-damage|p1a: Landorus|63/100 brn|[from] brn
|-end|p1a: Landorus|Infestation|[partiallytrapped]|[silent]
|upkeep
|turn|7
|
|t:|1743932566
|move|p2a: Ogerpon|Horn Leech|p1a: Landorus
|-damage|p1a: Landorus|15/100 brn
|-heal|p2a: Ogerpon|64/100|[from] drain|[of] p1a: Landorus
|-damage|p2a: Ogerpon|47/100|[from] item: Rocky Helmet|[of] p1a: Landorus
|move|p1a: Landorus|Earthquake|p2a: Ogerpon
|-damage|p2a: Ogerpon|12/100
|
|-damage|p1a: Landorus|9/100 brn|[from] brn
|upkeep
|turn|8
|inactive|Joan_BP has 120 seconds left.
|
|t:|1743932583
|switch|p2a: Altaria|Altaria, F|26/100
|switch|p1a: Kingambit|Kingambit, M, shiny|100/100
|
|upkeep
|turn|9
|
|t:|1743932590
|move|p1a: Kingambit|Sucker Punch||[still]
|-fail|p1a: Kingambit
|move|p2a: Altaria|Roost|p2a: Altaria
|-heal|p2a: Altaria|76/100
|-singleturn|p2a: Altaria|move: Roost
|
|upkeep
|turn|10
|
|t:|1743932603
|-terastallize|p1a: Kingambit|Fairy
|move|p2a: Altaria|Will-O-Wisp|p1a: Kingambit
|-status|p1a: Kingambit|brn
|-enditem|p1a: Kingambit|Lum Berry|[eat]
|-curestatus|p1a: Kingambit|brn|[msg]
|move|p1a: Kingambit|Tera Blast|p2a: Altaria|[anim] Tera Blast Fairy
|-supereffective|p2a: Altaria
|-damage|p2a: Altaria|0 fnt
|faint|p2a: Altaria
|
|upkeep
|
|t:|1743932616
|switch|p2a: Iron Moth|Iron Moth|100/100
|turn|11
|inactive|Joan_BP has 120 seconds left.
|
|t:|1743932638
|-end|p1a: Kingambit|fallenundefined|[silent]
|switch|p1a: Garganacl|Garganacl, F, shiny|100/100
|move|p2a: Iron Moth|Overheat|p1a: Garganacl
|-resisted|p1a: Garganacl
|-damage|p1a: Garganacl|54/100
|-unboost|p2a: Iron Moth|spa|2
|
|upkeep
|turn|12
|-message|akiral13 forfeited.
|
|win|Joan_BP
|raw|Joan_BP's rating: 1212 &rarr; <strong>1239</strong><br />(+27 for winning)
|raw|akiral13's rating: 1245 &rarr; <strong>1218</strong><br />(-27 for losing)
|l|☆akiral13
|player|p2|
|l|☆Joan_BP
|player|p1|
