|j|☆goluckypig
|j|☆Harabon
|t:|1743930130
|gametype|singles
|player|p1|goluckypig|swimmer|1243
|player|p2|Harabon|170|1224
|teamsize|p1|6
|teamsize|p2|6
|gen|9
|tier|[Gen 9] OU
|rated|
|rule|HP Percentage Mod: HP is shown in percentages
|rule|Endless Battle Clause: Forcing endless battles is banned
|rule|Species Clause: Limit one of each Pokémon
|rule|OHKO Clause: OHKO moves are banned
|rule|Evasion Items Clause: Evasion items are banned
|rule|Evasion Moves Clause: Evasion moves are banned
|rule|Sleep Moves Clause: Sleep-inducing moves are banned
|clearpoke
|poke|p1|Tinkaton, F|
|poke|p1|Great Tusk|
|poke|p1|Ninetales-Alola, M|
|poke|p1|Dragapult, F|
|poke|p1|Incineroar, M|
|poke|p1|Articuno-Galar|
|poke|p2|Barraskewda, M|
|poke|p2|Overqwil, M|
|poke|p2|Pelipper, M|
|poke|p2|Tornadus-Therian, M|
|poke|p2|Raging Bolt|
|poke|p2|Iron Treads|
|teampreview
|inactive|Battle timer is ON: inactive players will automatically lose when time's up. (requested by Harabon)
|
|t:|1743930142
|start
|switch|p1a: Tinkaton|Tinkaton, F|100/100
|switch|p2a: Iron Treads|Iron Treads|100/100
|turn|1
|
|t:|1743930151
|switch|p1a: Incineroar|Incineroar, M|100/100
|-ability|p1a: Incineroar|Intimidate|boost
|-unboost|p2a: Iron Treads|atk|1
|move|p2a: Iron Treads|Stealth Rock|p1a: Incineroar
|-sidestart|p1: goluckypig|move: Stealth Rock
|
|upkeep
|turn|2
|
|t:|1743930161
|-end|p2a: Iron Treads|Quark Drive|[silent]
|switch|p2a: Pelipper|Pelipper, M|100/100
|-weather|RainDance|[from] ability: Drizzle|[of] p2a: Pelipper
|move|p1a: Incineroar|Bulk Up|p1a: Incineroar
|-boost|p1a: Incineroar|atk|1
|-boost|p1a: Incineroar|def|1
|
|-weather|RainDance|[upkeep]
|upkeep
|turn|3
|
|t:|1743930181
|switch|p1a: Ninetales|Ninetales-Alola, M|100/100
|-damage|p1a: Ninetales|76/100|[from] Stealth Rock
|-weather|Snowscape|[from] ability: Snow Warning|[of] p1a: Ninetales
|switch|p2a: Iron Treads|Iron Treads|100/100
|
|-weather|Snowscape|[upkeep]
|upkeep
|turn|4
|
|t:|1743930192
|move|p1a: Ninetales|Aurora Veil|p1a: Ninetales
|-sidestart|p1: goluckypig|move: Aurora Veil
|move|p2a: Iron Treads|Earthquake|p1a: Ninetales
|-damage|p1a: Ninetales|55/100
|
|-weather|Snowscape|[upkeep]
|upkeep
|turn|5
|
|t:|1743930207
|move|p1a: Ninetales|Encore|p2a: Iron Treads
|-start|p2a: Iron Treads|Encore
|move|p2a: Iron Treads|Earthquake|p1a: Ninetales
|-damage|p1a: Ninetales|34/100
|
|-weather|Snowscape|[upkeep]
|upkeep
|turn|6
|
|t:|1743930212
|switch|p1a: Articuno|Articuno-Galar|100/100
|-damage|p1a: Articuno|76/100|[from] Stealth Rock
|move|p2a: Iron Treads|Earthquake|p1a: Articuno
|-immune|p1a: Articuno
|
|-weather|Snowscape|[upkeep]
|upkeep
|turn|7
|
|t:|1743930220
|-end|p2a: Iron Treads|Quark Drive|[silent]
|switch|p2a: Pelipper|Pelipper, M|100/100
|-weather|RainDance|[from] ability: Drizzle|[of] p2a: Pelipper
|move|p1a: Articuno|Calm Mind|p1a: Articuno
|-boost|p1a: Articuno|spa|1
|-boost|p1a: Articuno|spd|1
|
|-weather|RainDance|[upkeep]
|upkeep
|turn|8
|
|t:|1743930245
|switch|p2a: Overqwil|Overqwil, M|100/100
|move|p1a: Articuno|Calm Mind|p1a: Articuno
|-boost|p1a: Articuno|spa|1
|-boost|p1a: Articuno|spd|1
|
|-weather|RainDance|[upkeep]
|upkeep
|turn|9
|
|t:|1743930252
|-terastallize|p1a: Articuno|Fighting
|move|p2a: Overqwil|Crunch|p1a: Articuno
|-resisted|p1a: Articuno
|-damage|p1a: Articuno|62/100
|-damage|p2a: Overqwil|91/100|[from] item: Life Orb
|move|p1a: Articuno|Tera Blast|p2a: Overqwil|[anim] Tera Blast Fighting
|-damage|p2a: Overqwil|0 fnt
|faint|p2a: Overqwil
|
|-weather|RainDance|[upkeep]
|upkeep
|
|t:|1743930256
|switch|p2a: Barraskewda|Barraskewda, M|100/100
|turn|10
|
|t:|1743930263
|move|p2a: Barraskewda|Flip Turn|p1a: Articuno
|-damage|p1a: Articuno|26/100
|
|t:|1743930267
|switch|p2a: Iron Treads|Iron Treads|100/100|[from] Flip Turn
|move|p1a: Articuno|Stored Power|p2a: Iron Treads
|-resisted|p2a: Iron Treads
|-damage|p2a: Iron Treads|45/100
|-enditem|p2a: Iron Treads|Eject Button
|
|t:|1743930275
|-end|p2a: Iron Treads|Quark Drive|[silent]
|switch|p2a: Barraskewda|Barraskewda, M|100/100
|
|-weather|RainDance|[upkeep]
|upkeep
|turn|11
|
|t:|1743930279
|move|p2a: Barraskewda|Flip Turn|p1a: Articuno
|-damage|p1a: Articuno|0 fnt
|faint|p1a: Articuno
|
|t:|1743930295
|switch|p2a: Iron Treads|Iron Treads|45/100|[from] Flip Turn
|
|-weather|RainDance|[upkeep]
|-sideend|p1: goluckypig|move: Aurora Veil
|upkeep
|
|t:|1743930311
|switch|p1a: Great Tusk|Great Tusk|100/100
|-damage|p1a: Great Tusk|98/100|[from] Stealth Rock
|-enditem|p1a: Great Tusk|Booster Energy
|-activate|p1a: Great Tusk|ability: Protosynthesis|[fromitem]
|-start|p1a: Great Tusk|protosynthesisspe
|turn|12
|
|t:|1743930317
|-end|p2a: Iron Treads|Quark Drive|[silent]
|switch|p2a: Tornadus|Tornadus-Therian, M|100/100
|move|p1a: Great Tusk|Rapid Spin|p2a: Tornadus
|-damage|p2a: Tornadus|82/100
|-boost|p1a: Great Tusk|spe|1
|-sideend|p1: goluckypig|Stealth Rock|[from] move: Rapid Spin|[of] p1a: Great Tusk
|
|-weather|RainDance|[upkeep]
|upkeep
|turn|13
|
|t:|1743930322
|move|p1a: Great Tusk|Ice Spinner|p2a: Tornadus
|-supereffective|p2a: Tornadus
|-damage|p2a: Tornadus|22/100
|move|p2a: Tornadus|Hurricane|p1a: Great Tusk
|-supereffective|p1a: Great Tusk
|-damage|p1a: Great Tusk|0 fnt
|faint|p1a: Great Tusk
|-end|p1a: Great Tusk|Protosynthesis|[silent]
|
|-weather|RainDance|[upkeep]
|upkeep
|
|t:|1743930326
|switch|p1a: Ninetales|Ninetales-Alola, M|34/100
|-weather|Snowscape|[from] ability: Snow Warning|[of] p1a: Ninetales
|turn|14
|
|t:|1743930335
|switch|p2a: Pelipper|Pelipper, M|100/100
|-weather|RainDance|[from] ability: Drizzle|[of] p2a: Pelipper
|move|p1a: Ninetales|Freeze-Dry|p2a: Pelipper
|-supereffective|p2a: Pelipper
|-damage|p2a: Pelipper|0 fnt
|faint|p2a: Pelipper
|
|-weather|RainDance|[upkeep]
|upkeep
|
|t:|1743930340
|switch|p2a: Barraskewda|Barraskewda, M|100/100
|turn|15
|
|t:|1743930356
|switch|p1a: Tinkaton|Tinkaton, F|100/100
|move|p2a: Barraskewda|Liquidation|p1a: Tinkaton
|-damage|p1a: Tinkaton|0 fnt
|faint|p1a: Tinkaton
|
|-weather|RainDance|[upkeep]
|upkeep
|
|t:|1743930364
|switch|p1a: Ninetales|Ninetales-Alola, M|34/100
|-weather|Snowscape|[from] ability: Snow Warning|[of] p1a: Ninetales
|turn|16
|
|t:|1743930368
|move|p2a: Barraskewda|Liquidation|p1a: Ninetales
|-damage|p1a: Ninetales|0 fnt
|faint|p1a: Ninetales
|
|-weather|Snowscape|[upkeep]
|upkeep
|
|t:|1743930372
|switch|p1a: Dragapult|Dragapult, F|100/100
|turn|17
|
|t:|1743930379
|switch|p2a: Iron Treads|Iron Treads|45/100
|move|p1a: Dragapult|U-turn|p2a: Iron Treads
|-resisted|p2a: Iron Treads
|-damage|p2a: Iron Treads|30/100
|
|t:|1743930385
|switch|p1a: Incineroar|Incineroar, M|100/100|[from] U-turn
|-ability|p1a: Incineroar|Intimidate|boost
|-unboost|p2a: Iron Treads|atk|1
|
|-weather|Snowscape|[upkeep]
|upkeep
|turn|18
|
|t:|1743930394
|move|p2a: Iron Treads|Earthquake|p1a: Incineroar
|-supereffective|p1a: Incineroar
|-damage|p1a: Incineroar|32/100
|-enditem|p1a: Incineroar|Weakness Policy
|-boost|p1a: Incineroar|atk|2|[from] item: Weakness Policy
|-boost|p1a: Incineroar|spa|2|[from] item: Weakness Policy
|move|p1a: Incineroar|Bulk Up|p1a: Incineroar
|-boost|p1a: Incineroar|atk|1
|-boost|p1a: Incineroar|def|1
|
|-weather|Snowscape|[upkeep]
|upkeep
|turn|19
|
|t:|1743930398
|move|p2a: Iron Treads|Earthquake|p1a: Incineroar
|-supereffective|p1a: Incineroar
|-damage|p1a: Incineroar|0 fnt
|faint|p1a: Incineroar
|
|-weather|Snowscape|[upkeep]
|upkeep
|
|t:|1743930400
|switch|p1a: Dragapult|Dragapult, F|100/100
|turn|20
|
|t:|1743930406
|move|p1a: Dragapult|Dragon Darts|p2a: Iron Treads
|-resisted|p2a: Iron Treads
|-crit|p2a: Iron Treads
|-damage|p2a: Iron Treads|4/100
|-anim|p1a: Dragapult|Dragon Darts|p2a: Iron Treads
|-resisted|p2a: Iron Treads
|-damage|p2a: Iron Treads|0 fnt
|faint|p2a: Iron Treads
|-end|p2a: Iron Treads|Quark Drive|[silent]
|
|-weather|none
|upkeep
|
|t:|1743930410
|switch|p2a: Tornadus|Tornadus-Therian, M|55/100
|turn|21
|
|t:|1743930416
|move|p1a: Dragapult|Dragon Darts|p2a: Tornadus
|-damage|p2a: Tornadus|7/100
|-anim|p1a: Dragapult|Dragon Darts|p2a: Tornadus
|-damage|p2a: Tornadus|0 fnt
|faint|p2a: Tornadus
|
|upkeep
|
|t:|1743930421
|switch|p2a: Barraskewda|Barraskewda, M|100/100
|turn|22
|
|t:|1743930424
|move|p1a: Dragapult|Dragon Darts|p2a: Barraskewda
|-crit|p2a: Barraskewda
|-damage|p2a: Barraskewda|0 fnt
|faint|p2a: Barraskewda
|
|upkeep
|
|t:|1743930427
|switch|p2a: Raging Bolt|Raging Bolt|100/100
|turn|23
|
|t:|1743930430
|-terastallize|p2a: Raging Bolt|Fairy
|move|p1a: Dragapult|Dragon Darts|p2a: Raging Bolt
|-immune|p2a: Raging Bolt
|move|p2a: Raging Bolt|Dragon Pulse|p1a: Dragapult
|-supereffective|p1a: Dragapult
|-damage|p1a: Dragapult|0 fnt
|faint|p1a: Dragapult
|
|win|Harabon
|raw|goluckypig's rating: 1243 &rarr; <strong>1217</strong><br />(-26 for losing)
|raw|Harabon's rating: 1224 &rarr; <strong>1250</strong><br />(+26 for winning)
|l|☆goluckypig
|player|p1|
|l|☆Harabon
|player|p2|
