|j|☆rderor19
|j|☆ShawnHim
|t:|1743919209
|gametype|singles
|player|p1|rderor19|ninjaboy|1230
|player|p2|ShawnHim|giovanni|1252
|teamsize|p1|6
|teamsize|p2|6
|gen|9
|tier|[Gen 9] OU
|rated|
|rule|HP Percentage Mod: HP is shown in percentages
|rule|Endless Battle Clause: Forcing endless battles is banned
|rule|Species Clause: Limit one of each Pokémon
|rule|OHKO Clause: OHKO moves are banned
|rule|Evasion Items Clause: Evasion items are banned
|rule|Evasion Moves Clause: Evasion moves are banned
|rule|Sleep Moves Clause: Sleep-inducing moves are banned
|clearpoke
|poke|p1|Incineroar, M|
|poke|p1|Excadrill, M|
|poke|p1|Pelipper, M|
|poke|p1|Kilowattrel, M|
|poke|p1|Tyranitar, M|
|poke|p1|Moltres-Galar|
|poke|p2|Milotic, M|
|poke|p2|Gliscor, M|
|poke|p2|Blaziken, M|
|poke|p2|Gengar, M|
|poke|p2|Meowscarada, M|
|poke|p2|Chansey, F|
|teampreview
|inactive|Battle timer is ON: inactive players will automatically lose when time's up. (requested by ShawnHim)
|
|t:|1743919219
|start
|switch|p1a: Gala|Moltres-Galar, shiny|100/100
|switch|p2a: Chansey|Chansey, F|100/100
|turn|1
|
|t:|1743919227
|move|p1a: Gala|Agility|p1a: Gala
|-boost|p1a: Gala|spe|2
|move|p2a: Chansey|Stealth Rock|p1a: Gala
|-sidestart|p1: rderor19|move: Stealth Rock
|
|upkeep
|turn|2
|
|t:|1743919229
|move|p1a: Gala|Nasty Plot|p1a: Gala
|-boost|p1a: Gala|spa|2
|move|p2a: Chansey|Thunder Wave|p1a: Gala
|-status|p1a: Gala|par
|
|upkeep
|turn|3
|
|t:|1743919234
|move|p1a: Gala|Agility|p1a: Gala
|-boost|p1a: Gala|spe|2
|move|p2a: Chansey|Seismic Toss|p1a: Gala
|-damage|p1a: Gala|69/100 par
|
|upkeep
|turn|4
|
|t:|1743919237
|move|p1a: Gala|Agility|p1a: Gala
|-boost|p1a: Gala|spe|2
|move|p2a: Chansey|Seismic Toss|p1a: Gala
|-damage|p1a: Gala|38/100 par
|-ability|p1a: Gala|Berserk|boost
|-boost|p1a: Gala|spa|1
|-enditem|p1a: Gala|Sitrus Berry|[eat]
|-heal|p1a: Gala|63/100 par|[from] item: Sitrus Berry
|
|upkeep
|turn|5
|
|t:|1743919251
|cant|p1a: Gala|par
|move|p2a: Chansey|Seismic Toss|p1a: Gala
|-damage|p1a: Gala|32/100 par
|-ability|p1a: Gala|Berserk|boost
|-boost|p1a: Gala|spa|1
|
|upkeep
|turn|6
|
|t:|1743919255
|cant|p1a: Gala|par
|move|p2a: Chansey|Seismic Toss|p1a: Gala
|-damage|p1a: Gala|1/100 par
|
|upkeep
|turn|7
|
|t:|1743919259
|move|p1a: Gala|Fiery Wrath|p2a: Chansey
|-damage|p2a: Chansey|58/100
|move|p2a: Chansey|Seismic Toss|p1a: Gala
|-damage|p1a: Gala|0 fnt
|faint|p1a: Gala
|
|upkeep
|
|t:|1743919264
|switch|p1a: Toño|Incineroar, M, shiny|100/100
|-ability|p1a: Toño|Intimidate|boost
|-unboost|p2a: Chansey|atk|1
|turn|8
|
|t:|1743919282
|switch|p2a: Milotic|Milotic, M|100/100
|move|p1a: Toño|Knock Off|p2a: Milotic
|-damage|p2a: Milotic|62/100
|-enditem|p2a: Milotic|Leftovers|[from] move: Knock Off|[of] p1a: Toño
|
|upkeep
|turn|9
|
|t:|1743919296
|move|p1a: Toño|U-turn|p2a: Milotic
|-damage|p2a: Milotic|46/100
|
|t:|1743919299
|switch|p1a: Trueno|Kilowattrel, M, shiny|100/100|[from] U-turn
|-damage|p1a: Trueno|76/100|[from] Stealth Rock
|move|p2a: Milotic|Scald|p1a: Trueno
|-damage|p1a: Trueno|26/100
|
|upkeep
|turn|10
|
|t:|1743919313
|switch|p2a: Gliscor|Gliscor, M|100/100
|move|p1a: Trueno|Volt Switch|p2a: Gliscor
|-immune|p2a: Gliscor
|
|-status|p2a: Gliscor|tox|[from] item: Toxic Orb
|upkeep
|turn|11
|
|t:|1743919318
|switch|p1a: Chancho|Tyranitar, M, shiny|100/100
|-damage|p1a: Chancho|88/100|[from] Stealth Rock
|-weather|Sandstorm|[from] ability: Sand Stream|[of] p1a: Chancho
|move|p2a: Gliscor|Facade|p1a: Chancho
|-resisted|p1a: Chancho
|-damage|p1a: Chancho|75/100
|
|-weather|Sandstorm|[upkeep]
|upkeep
|turn|12
|
|t:|1743919325
|move|p2a: Gliscor|Toxic|p1a: Chancho
|-status|p1a: Chancho|tox
|move|p1a: Chancho|Ice Punch|p2a: Gliscor
|-supereffective|p2a: Gliscor
|-damage|p2a: Gliscor|21/100 tox
|
|-weather|Sandstorm|[upkeep]
|-heal|p2a: Gliscor|34/100 tox|[from] ability: Poison Heal
|-damage|p1a: Chancho|69/100 tox|[from] psn
|upkeep
|turn|13
|
|t:|1743919331
|move|p2a: Gliscor|Protect|p2a: Gliscor
|-singleturn|p2a: Gliscor|Protect
|move|p1a: Chancho|Ice Punch|p2a: Gliscor
|-activate|p2a: Gliscor|move: Protect
|
|-weather|Sandstorm|[upkeep]
|-heal|p2a: Gliscor|46/100 tox|[from] ability: Poison Heal
|-damage|p1a: Chancho|57/100 tox|[from] psn
|upkeep
|turn|14
|
|t:|1743919344
|switch|p2a: Milotic|Milotic, M|46/100
|move|p1a: Chancho|Ice Punch|p2a: Milotic
|-resisted|p2a: Milotic
|-damage|p2a: Milotic|36/100
|
|-weather|Sandstorm|[upkeep]
|-damage|p2a: Milotic|30/100|[from] Sandstorm
|-damage|p1a: Chancho|38/100 tox|[from] psn
|upkeep
|turn|15
|
|t:|1743919360
|move|p2a: Milotic|Recover|p2a: Milotic
|-heal|p2a: Milotic|80/100
|move|p1a: Chancho|Knock Off|p2a: Milotic
|-damage|p2a: Milotic|49/100
|
|-weather|none
|-damage|p1a: Chancho|13/100 tox|[from] psn
|upkeep
|turn|16
|
|t:|1743919391
|move|p2a: Milotic|Recover|p2a: Milotic
|-heal|p2a: Milotic|99/100
|move|p1a: Chancho|Knock Off|p2a: Milotic
|-damage|p2a: Milotic|71/100
|
|-damage|p1a: Chancho|0 fnt|[from] psn
|faint|p1a: Chancho
|upkeep
|
|t:|1743919396
|switch|p1a: Escombro|Excadrill, M, shiny|100/100
|-damage|p1a: Escombro|97/100|[from] Stealth Rock
|-item|p1a: Escombro|Air Balloon
|turn|17
|
|t:|1743919411
|move|p1a: Escombro|Rapid Spin|p2a: Milotic
|-damage|p2a: Milotic|57/100
|-boost|p1a: Escombro|spe|1
|-sideend|p1: rderor19|Stealth Rock|[from] move: Rapid Spin|[of] p1a: Escombro
|move|p2a: Milotic|Scald|p1a: Escombro
|-supereffective|p1a: Escombro
|-damage|p1a: Escombro|22/100
|-enditem|p1a: Escombro|Air Balloon
|
|upkeep
|turn|18
|
|t:|1743919423
|move|p1a: Escombro|Iron Head|p2a: Milotic
|-resisted|p2a: Milotic
|-damage|p2a: Milotic|42/100
|move|p2a: Milotic|Scald|p1a: Escombro
|-supereffective|p1a: Escombro
|-damage|p1a: Escombro|0 fnt
|faint|p1a: Escombro
|
|upkeep
|
|t:|1743919427
|switch|p1a: Trueno|Kilowattrel, M, shiny|26/100
|turn|19
|
|t:|1743919434
|switch|p2a: Meowscarada|Meowscarada, M|100/100
|move|p1a: Trueno|Volt Switch|p2a: Meowscarada
|-resisted|p2a: Meowscarada
|-damage|p2a: Meowscarada|67/100
|
|t:|1743919439
|switch|p1a: Patricio|Pelipper, M, shiny|100/100|[from] Volt Switch
|-weather|RainDance|[from] ability: Drizzle|[of] p1a: Patricio
|
|-weather|RainDance|[upkeep]
|upkeep
|turn|20
|
|t:|1743919451
|move|p2a: Meowscarada|Knock Off|p1a: Patricio
|-start|p2a: Meowscarada|typechange|Dark|[from] ability: Protean
|-damage|p1a: Patricio|54/100
|-enditem|p1a: Patricio|Damp Rock|[from] move: Knock Off|[of] p2a: Meowscarada
|move|p1a: Patricio|Tailwind|p1a: Patricio
|-sidestart|p1: rderor19|move: Tailwind
|
|-weather|RainDance|[upkeep]
|upkeep
|turn|21
|
|t:|1743919462
|move|p2a: Meowscarada|Flower Trick|p1a: Patricio
|-crit|p1a: Patricio
|-damage|p1a: Patricio|21/100
|move|p1a: Patricio|Hydro Pump|p2a: Meowscarada
|-damage|p2a: Meowscarada|0 fnt
|faint|p2a: Meowscarada
|
|-weather|RainDance|[upkeep]
|upkeep
|
|t:|1743919472
|switch|p2a: Gengar|Gengar, M|100/100
|turn|22
|
|t:|1743919476
|move|p2a: Gengar|Sludge Wave|p1a: Patricio
|-damage|p1a: Patricio|0 fnt
|faint|p1a: Patricio
|-damage|p2a: Gengar|91/100|[from] item: Life Orb
|
|-weather|RainDance|[upkeep]
|upkeep
|
|t:|1743919480
|switch|p1a: Trueno|Kilowattrel, M, shiny|26/100
|turn|23
|
|t:|1743919489
|move|p1a: Trueno|Hurricane|p2a: Gengar
|-damage|p2a: Gengar|0 fnt
|-start|p1a: Trueno|Disable|Hurricane|[from] ability: Cursed Body|[of] p2a: Gengar
|faint|p2a: Gengar
|
|-weather|RainDance|[upkeep]
|-sideend|p1: rderor19|move: Tailwind
|upkeep
|
|t:|1743919499
|switch|p2a: Chansey|Chansey, F|58/100
|turn|24
|
|t:|1743919502
|switch|p1a: Toño|Incineroar, M, shiny|100/100
|-ability|p1a: Toño|Intimidate|boost
|-unboost|p2a: Chansey|atk|1
|move|p2a: Chansey|Seismic Toss|p1a: Toño
|-damage|p1a: Toño|70/100
|
|-weather|RainDance|[upkeep]
|upkeep
|turn|25
|inactive|ShawnHim has 120 seconds left.
|
|t:|1743919541
|switch|p2a: Blaziken|Blaziken, M|100/100
|move|p1a: Toño|Swords Dance|p1a: Toño
|-boost|p1a: Toño|atk|2
|
|-weather|RainDance|[upkeep]
|upkeep
|turn|26
|inactive|ShawnHim has 120 seconds left.
|-message|ShawnHim forfeited.
|
|win|rderor19
|raw|rderor19's rating: 1230 &rarr; <strong>1254</strong><br />(+24 for winning)
|raw|ShawnHim's rating: 1222 &rarr; <strong>1198</strong><br />(-24 for losing)
|l|☆ShawnHim
|player|p2|
|l|☆rderor19
|player|p1|
