|j|☆ClimberSam
|j|☆ChilemRaen
|t:|1743924286
|gametype|singles
|player|p1|ClimberSam|candice|1144
|player|p2|ChilemRaen|170|1204
|teamsize|p1|6
|teamsize|p2|6
|gen|9
|tier|[Gen 9] OU
|rated|
|rule|HP Percentage Mod: HP is shown in percentages
|rule|Endless Battle Clause: Forcing endless battles is banned
|rule|Species Clause: Limit one of each Pokémon
|rule|OHKO Clause: OHKO moves are banned
|rule|Evasion Items Clause: Evasion items are banned
|rule|Evasion Moves Clause: Evasion moves are banned
|rule|Sleep Moves Clause: Sleep-inducing moves are banned
|clearpoke
|poke|p1|Magnezone|
|poke|p1|Sinistcha|
|poke|p1|Ursaluna, F|
|poke|p1|Primarina, M|
|poke|p1|Darkrai|
|poke|p1|Zamazenta-*|
|poke|p2|Decidueye, M|
|poke|p2|Dragapult, M|
|poke|p2|Dragonite, F|
|poke|p2|Iron Valiant|
|poke|p2|Landorus-Therian, M|
|poke|p2|Kingambit, M|
|teampreview
|inactive|Battle timer is ON: inactive players will automatically lose when time's up. (requested by ClimberSam)
|
|t:|1743924307
|start
|switch|p1a: Darkrai|Darkrai|100/100
|switch|p2a: Landorus|Landorus-Therian, M|100/100
|-ability|p2a: Landorus|Intimidate|boost
|-unboost|p1a: Darkrai|atk|1
|turn|1
|
|t:|1743924312
|move|p1a: Darkrai|Ice Beam|p2a: Landorus
|-supereffective|p2a: Landorus
|-damage|p2a: Landorus|0 fnt
|faint|p2a: Landorus
|
|upkeep
|
|t:|1743924319
|switch|p2a: Dragapult|Dragapult, M|100/100
|turn|2
|
|t:|1743924346
|switch|p1a: Primarina|Primarina, M|100/100
|move|p2a: Dragapult|U-turn|p1a: Primarina
|-resisted|p1a: Primarina
|-damage|p1a: Primarina|81/100
|
|t:|1743924353
|switch|p2a: Decidueye|Decidueye, M|100/100|[from] U-turn
|
|upkeep
|turn|3
|
|t:|1743924355
|switch|p1a: Darkrai|Darkrai|100/100
|move|p2a: Decidueye|Spirit Shackle|p1a: Darkrai
|-resisted|p1a: Darkrai
|-damage|p1a: Darkrai|80/100
|-activate|p1a: Darkrai|trapped
|
|upkeep
|turn|4
|
|t:|1743924363
|move|p1a: Darkrai|Dark Pulse|p2a: Decidueye
|-supereffective|p2a: Decidueye
|-damage|p2a: Decidueye|24/100
|move|p2a: Decidueye|Knock Off|p1a: Darkrai
|-resisted|p1a: Darkrai
|-crit|p1a: Darkrai
|-damage|p1a: Darkrai|55/100
|-enditem|p1a: Darkrai|Expert Belt|[from] move: Knock Off|[of] p2a: Decidueye
|
|-heal|p2a: Decidueye|30/100|[from] item: Leftovers
|upkeep
|turn|5
|
|t:|1743924374
|move|p1a: Darkrai|Ice Beam|p2a: Decidueye
|-supereffective|p2a: Decidueye
|-damage|p2a: Decidueye|0 fnt
|faint|p2a: Decidueye
|
|upkeep
|
|t:|1743924377
|switch|p2a: Dragapult|Dragapult, M|100/100
|turn|6
|
|t:|1743924379
|switch|p1a: Primarina|Primarina, M|81/100
|move|p2a: Dragapult|U-turn|p1a: Primarina
|-resisted|p1a: Primarina
|-damage|p1a: Primarina|59/100
|
|t:|1743924385
|switch|p2a: Iron Valiant|Iron Valiant|100/100|[from] U-turn
|-enditem|p2a: Iron Valiant|Booster Energy
|-activate|p2a: Iron Valiant|ability: Quark Drive|[fromitem]
|-start|p2a: Iron Valiant|quarkdrivespe
|
|upkeep
|turn|7
|
|t:|1743924410
|switch|p1a: Sinistcha|Sinistcha|100/100
|move|p2a: Iron Valiant|Calm Mind|p2a: Iron Valiant
|-boost|p2a: Iron Valiant|spa|1
|-boost|p2a: Iron Valiant|spd|1
|
|upkeep
|turn|8
|
|t:|1743924416
|move|p2a: Iron Valiant|Moonblast|p1a: Sinistcha
|-damage|p1a: Sinistcha|13/100
|-unboost|p1a: Sinistcha|spa|1
|move|p1a: Sinistcha|Trick Room|p1a: Sinistcha
|-fieldstart|move: Trick Room|[of] p1a: Sinistcha
|
|upkeep
|turn|9
|
|t:|1743924424
|move|p1a: Sinistcha|Matcha Gotcha|p2a: Iron Valiant
|-damage|p2a: Iron Valiant|73/100
|-heal|p1a: Sinistcha|24/100|[from] drain|[of] p2a: Iron Valiant
|move|p2a: Iron Valiant|Moonblast|p1a: Sinistcha
|-damage|p1a: Sinistcha|0 fnt
|faint|p1a: Sinistcha
|
|upkeep
|
|t:|1743924437
|switch|p1a: Ursaluna|Ursaluna, F|100/100
|turn|10
|
|t:|1743924442
|move|p1a: Ursaluna|Headlong Rush|p2a: Iron Valiant
|-damage|p2a: Iron Valiant|0 fnt
|-unboost|p1a: Ursaluna|def|1
|-unboost|p1a: Ursaluna|spd|1
|faint|p2a: Iron Valiant
|-end|p2a: Iron Valiant|Quark Drive|[silent]
|
|-status|p1a: Ursaluna|brn|[from] item: Flame Orb
|upkeep
|
|t:|1743924447
|switch|p2a: Dragonite|Dragonite, F|100/100
|turn|11
|
|t:|1743924451
|switch|p2a: Dragapult|Dragapult, M|100/100
|move|p1a: Ursaluna|Ice Punch|p2a: Dragapult
|-supereffective|p2a: Dragapult
|-damage|p2a: Dragapult|0 fnt
|faint|p2a: Dragapult
|
|-damage|p1a: Ursaluna|94/100 brn|[from] brn
|upkeep
|
|t:|1743924461
|switch|p2a: Dragonite|Dragonite, F|100/100
|turn|12
|
|t:|1743924467
|-terastallize|p2a: Dragonite|Normal
|move|p1a: Ursaluna|Facade|p2a: Dragonite
|-damage|p2a: Dragonite|34/100
|move|p2a: Dragonite|Dragon Dance|p2a: Dragonite
|-boost|p2a: Dragonite|atk|1
|-boost|p2a: Dragonite|spe|1
|
|-damage|p1a: Ursaluna|88/100 brn|[from] brn
|-fieldend|move: Trick Room
|upkeep
|turn|13
|
|t:|1743924481
|move|p2a: Dragonite|Extreme Speed|p1a: Ursaluna
|-damage|p1a: Ursaluna|13/100 brn
|move|p1a: Ursaluna|Facade|p2a: Dragonite
|-damage|p2a: Dragonite|0 fnt
|faint|p2a: Dragonite
|
|-damage|p1a: Ursaluna|7/100 brn|[from] brn
|upkeep
|
|t:|1743924509
|switch|p2a: Kingambit|Kingambit, M|100/100
|-activate|p2a: Kingambit|ability: Supreme Overlord
|-start|p2a: Kingambit|fallen5|[silent]
|turn|14
|
|t:|1743924519
|move|p2a: Kingambit|Swords Dance|p2a: Kingambit
|-boost|p2a: Kingambit|atk|2
|move|p1a: Ursaluna|Headlong Rush|p2a: Kingambit
|-supereffective|p2a: Kingambit
|-damage|p2a: Kingambit|0 fnt
|-unboost|p1a: Ursaluna|def|1
|-unboost|p1a: Ursaluna|spd|1
|faint|p2a: Kingambit
|-end|p2a: Kingambit|fallen5|[silent]
|
|win|ClimberSam
|raw|ClimberSam's rating: 1144 &rarr; <strong>1173</strong><br />(+29 for winning)
|raw|ChilemRaen's rating: 1204 &rarr; <strong>1175</strong><br />(-29 for losing)
|c|☆ChilemRaen|Gg
|l|☆ChilemRaen
|player|p2|
|c|☆ClimberSam|gg
|l|☆ClimberSam
|player|p1|
