|j|☆LaffiDragon
|j|☆vipquangtri
|t:|1743920336
|gametype|singles
|player|p1|LaffiDragon|169|1165
|player|p2|vipquangtri|plasmagrunt|1193
|teamsize|p1|6
|teamsize|p2|6
|gen|9
|tier|[Gen 9] OU
|rated|
|rule|HP Percentage Mod: HP is shown in percentages
|rule|Endless Battle Clause: Forcing endless battles is banned
|rule|Species Clause: Limit one of each Pokémon
|rule|OHKO Clause: OHKO moves are banned
|rule|Evasion Items Clause: Evasion items are banned
|rule|Evasion Moves Clause: Evasion moves are banned
|rule|Sleep Moves Clause: Sleep-inducing moves are banned
|clearpoke
|poke|p1|Glimmora, F|
|poke|p1|Zamazenta-*|
|poke|p1|Latias, F|
|poke|p1|Gholdengo|
|poke|p1|Dragonite, M|
|poke|p1|Weavile, F|
|poke|p2|Iron Leaves|
|poke|p2|Glimmora, M|
|poke|p2|Iron Valiant|
|poke|p2|Garganacl, M|
|poke|p2|Hatterene, F|
|poke|p2|Registeel|
|teampreview
|inactive|Battle timer is ON: inactive players will automatically lose when time's up. (requested by vipquangtri)
|
|t:|1743920346
|start
|switch|p1a: Glimmora|Glimmora, F|100/100
|switch|p2a: Garganacl|Garganacl, M|100/100
|turn|1
|
|t:|1743920357
|move|p1a: Glimmora|Spikes|p2a: Garganacl
|-sidestart|p2: vipquangtri|Spikes
|move|p2a: Garganacl|Earthquake|p1a: Glimmora
|-supereffective|p1a: Glimmora
|-damage|p1a: Glimmora|0 fnt
|-activate|p1a: Glimmora|ability: Toxic Debris
|-sidestart|p2: vipquangtri|move: Toxic Spikes
|faint|p1a: Glimmora
|
|upkeep
|
|t:|1743920365
|switch|p1a: Zamazenta|Zamazenta|100/100
|-ability|p1a: Zamazenta|Dauntless Shield|boost
|-boost|p1a: Zamazenta|def|1
|turn|2
|
|t:|1743920372
|switch|p2a: Glimmora|Glimmora, M|100/100
|-damage|p2a: Glimmora|88/100|[from] Spikes
|-sideend|p2: vipquangtri|move: Toxic Spikes|[of] p2a: Glimmora
|move|p1a: Zamazenta|Iron Defense|p1a: Zamazenta
|-boost|p1a: Zamazenta|def|2
|
|upkeep
|turn|3
|
|t:|1743920386
|move|p1a: Zamazenta|Body Press|p2a: Glimmora
|-damage|p2a: Glimmora|0 fnt
|-activate|p2a: Glimmora|ability: Toxic Debris
|-sidestart|p1: LaffiDragon|move: Toxic Spikes
|faint|p2a: Glimmora
|
|upkeep
|
|t:|1743920396
|switch|p2a: Hatterene|Hatterene, F|100/100
|-damage|p2a: Hatterene|88/100|[from] Spikes
|turn|4
|
|t:|1743920405
|-terastallize|p1a: Zamazenta|Fire
|move|p1a: Zamazenta|Iron Defense|p1a: Zamazenta
|-boost|p1a: Zamazenta|def|2
|move|p2a: Hatterene|Nuzzle|p1a: Zamazenta
|-damage|p1a: Zamazenta|99/100
|-status|p1a: Zamazenta|par
|
|-heal|p1a: Zamazenta|100/100 par|[from] item: Leftovers
|upkeep
|turn|5
|
|t:|1743920422
|move|p1a: Zamazenta|Body Press|p2a: Hatterene
|-resisted|p2a: Hatterene
|-damage|p2a: Hatterene|61/100
|move|p2a: Hatterene|Psychic Noise|p1a: Zamazenta
|-damage|p1a: Zamazenta|66/100 par
|-start|p1a: Zamazenta|move: Heal Block
|
|upkeep
|turn|6
|
|t:|1743920439
|cant|p1a: Zamazenta|par
|move|p2a: Hatterene|Psychic Noise|p1a: Zamazenta
|-damage|p1a: Zamazenta|32/100 par
|
|-end|p1a: Zamazenta|move: Heal Block
|upkeep
|turn|7
|
|t:|1743920447
|move|p1a: Zamazenta|Crunch|p2a: Hatterene
|-damage|p2a: Hatterene|39/100
|move|p2a: Hatterene|Psychic Noise|p1a: Zamazenta
|-damage|p1a: Zamazenta|2/100 par
|-start|p1a: Zamazenta|move: Heal Block
|
|upkeep
|turn|8
|
|t:|1743920457
|move|p1a: Zamazenta|Substitute|p1a: Zamazenta
|-fail|p1a: Zamazenta|move: Substitute|[weak]
|move|p2a: Hatterene|Draining Kiss|p1a: Zamazenta
|-resisted|p1a: Zamazenta
|-damage|p1a: Zamazenta|0 fnt
|-heal|p2a: Hatterene|40/100|[from] drain|[of] p1a: Zamazenta
|faint|p1a: Zamazenta
|
|upkeep
|
|t:|1743920464
|switch|p1a: Gholdengo|Gholdengo|100/100
|turn|9
|
|t:|1743920473
|switch|p2a: Registeel|Registeel|100/100
|-damage|p2a: Registeel|88/100|[from] Spikes
|move|p1a: Gholdengo|Nasty Plot|p1a: Gholdengo
|-boost|p1a: Gholdengo|spa|2
|
|-heal|p2a: Registeel|94/100|[from] item: Leftovers
|upkeep
|turn|10
|
|t:|1743920498
|move|p1a: Gholdengo|Shadow Ball|p2a: Registeel
|-damage|p2a: Registeel|51/100
|move|p2a: Registeel|Flash Cannon|p1a: Gholdengo
|-resisted|p1a: Gholdengo
|-damage|p1a: Gholdengo|88/100
|
|-heal|p2a: Registeel|57/100|[from] item: Leftovers
|upkeep
|turn|11
|
|t:|1743920508
|switch|p2a: Hatterene|Hatterene, F|40/100
|-damage|p2a: Hatterene|28/100|[from] Spikes
|move|p1a: Gholdengo|Shadow Ball|p2a: Hatterene
|-supereffective|p2a: Hatterene
|-damage|p2a: Hatterene|0 fnt
|faint|p2a: Hatterene
|
|upkeep
|
|t:|1743920520
|switch|p2a: Garganacl|Garganacl, M|100/100
|-damage|p2a: Garganacl|88/100|[from] Spikes
|turn|12
|
|t:|1743920534
|-terastallize|p2a: Garganacl|Ghost
|move|p1a: Gholdengo|Shadow Ball|p2a: Garganacl
|-supereffective|p2a: Garganacl
|-damage|p2a: Garganacl|39/100
|move|p2a: Garganacl|Earthquake|p1a: Gholdengo
|-supereffective|p1a: Gholdengo
|-damage|p1a: Gholdengo|29/100
|
|upkeep
|turn|13
|
|t:|1743920546
|switch|p2a: Registeel|Registeel|57/100
|-damage|p2a: Registeel|45/100|[from] Spikes
|move|p1a: Gholdengo|Shadow Ball|p2a: Registeel
|-damage|p2a: Registeel|0 fnt
|faint|p2a: Registeel
|
|upkeep
|inactive|vipquangtri has 120 seconds left.
|
|t:|1743920557
|switch|p2a: Iron Leaves|Iron Leaves|100/100
|-damage|p2a: Iron Leaves|88/100|[from] Spikes
|-enditem|p2a: Iron Leaves|Booster Energy
|-activate|p2a: Iron Leaves|ability: Quark Drive|[fromitem]
|-start|p2a: Iron Leaves|quarkdrivespe
|turn|14
|inactive|vipquangtri has 120 seconds left.
|
|t:|1743920578
|move|p2a: Iron Leaves|Psyblade|p1a: Gholdengo
|-resisted|p1a: Gholdengo
|-damage|p1a: Gholdengo|9/100
|move|p1a: Gholdengo|Shadow Ball|p2a: Iron Leaves
|-supereffective|p2a: Iron Leaves
|-crit|p2a: Iron Leaves
|-damage|p2a: Iron Leaves|0 fnt
|faint|p2a: Iron Leaves
|-end|p2a: Iron Leaves|Quark Drive|[silent]
|
|upkeep
|
|t:|1743920587
|switch|p2a: Iron Valiant|Iron Valiant|100/100
|-damage|p2a: Iron Valiant|88/100|[from] Spikes
|-enditem|p2a: Iron Valiant|Booster Energy
|-activate|p2a: Iron Valiant|ability: Quark Drive|[fromitem]
|-start|p2a: Iron Valiant|quarkdrivespe
|turn|15
|
|t:|1743920604
|move|p2a: Iron Valiant|Moonblast|p1a: Gholdengo
|-resisted|p1a: Gholdengo
|-damage|p1a: Gholdengo|0 fnt
|faint|p1a: Gholdengo
|
|upkeep
|
|t:|1743920607
|switch|p1a: Weavile|Weavile, F|100/100
|-status|p1a: Weavile|psn
|turn|16
|inactive|vipquangtri has 120 seconds left.
|
|t:|1743920618
|move|p1a: Weavile|Ice Shard|p2a: Iron Valiant
|-damage|p2a: Iron Valiant|52/100
|-damage|p1a: Weavile|91/100 psn|[from] item: Life Orb
|move|p2a: Iron Valiant|Aura Sphere|p1a: Weavile
|-supereffective|p1a: Weavile
|-damage|p1a: Weavile|0 fnt
|faint|p1a: Weavile
|
|upkeep
|
|t:|1743920626
|switch|p1a: Dragonite|Dragonite, M|100/100
|turn|17
|
|t:|1743920631
|move|p1a: Dragonite|Extreme Speed|p2a: Iron Valiant
|-damage|p2a: Iron Valiant|15/100
|move|p2a: Iron Valiant|Moonblast|p1a: Dragonite
|-supereffective|p1a: Dragonite
|-damage|p1a: Dragonite|47/100
|
|upkeep
|turn|18
|
|t:|1743920641
|move|p1a: Dragonite|Extreme Speed|p2a: Iron Valiant
|-damage|p2a: Iron Valiant|0 fnt
|faint|p2a: Iron Valiant
|-end|p2a: Iron Valiant|Quark Drive|[silent]
|
|upkeep
|
|t:|1743920647
|switch|p2a: Garganacl|Garganacl, M, tera:Ghost|39/100
|-damage|p2a: Garganacl|27/100|[from] Spikes
|turn|19
|
|t:|1743920653
|move|p1a: Dragonite|Ice Spinner|p2a: Garganacl
|-damage|p2a: Garganacl|3/100
|move|p2a: Garganacl|Avalanche|p1a: Dragonite
|-supereffective|p1a: Dragonite
|-damage|p1a: Dragonite|0 fnt
|faint|p1a: Dragonite
|
|upkeep
|
|t:|1743920658
|switch|p1a: Latias|Latias, F|100/100
|turn|20
|
|t:|1743920665
|move|p1a: Latias|Draining Kiss|p2a: Garganacl
|-damage|p2a: Garganacl|0 fnt
|faint|p2a: Garganacl
|
|win|LaffiDragon
|raw|LaffiDragon's rating: 1165 &rarr; <strong>1192</strong><br />(+27 for winning)
|raw|vipquangtri's rating: 1193 &rarr; <strong>1166</strong><br />(-27 for losing)
|l|☆vipquangtri
|player|p2|
|l|☆LaffiDragon
|player|p1|
