|j|☆jjjjffiii
|j|☆Makiler
|t:|1743920116
|gametype|singles
|player|p1|jjjjffiii|pokekid|1448
|player|p2|Makiler|2|1520
|teamsize|p1|6
|teamsize|p2|6
|gen|9
|tier|[Gen 9] OU
|rated|
|rule|HP Percentage Mod: HP is shown in percentages
|rule|Endless Battle Clause: Forcing endless battles is banned
|rule|Species Clause: Limit one of each Pokémon
|rule|OHKO Clause: OHKO moves are banned
|rule|Evasion Items Clause: Evasion items are banned
|rule|Evasion Moves Clause: Evasion moves are banned
|rule|Sleep Moves Clause: Sleep-inducing moves are banned
|clearpoke
|poke|p1|Salazzle, F|
|poke|p1|Ting-Lu|
|poke|p1|Slowking-Galar, M|
|poke|p1|Zamazenta-*|
|poke|p1|Corviknight, M|
|poke|p1|Mew|
|poke|p2|Ting-Lu|
|poke|p2|Gliscor, M|
|poke|p2|Sinistcha|
|poke|p2|Keldeo|
|poke|p2|Tinkaton, F|
|poke|p2|Dragonite, F|
|teampreview
|j| sgsge
|
|t:|1743920141
|start
|switch|p1a: Corviknight|Corviknight, M|100/100
|switch|p2a: Tinkki Minaj|Tinkaton, F|100/100
|-ability|p2a: Tinkki Minaj|Mold Breaker
|-item|p2a: Tinkki Minaj|Air Balloon
|-ability|p1a: Corviknight|Pressure
|turn|1
|
|t:|1743920145
|move|p2a: Tinkki Minaj|Stealth Rock|p1a: Corviknight
|-sidestart|p1: jjjjffiii|move: Stealth Rock
|move|p1a: Corviknight|U-turn|p2a: Tinkki Minaj
|-resisted|p2a: Tinkki Minaj
|-damage|p2a: Tinkki Minaj|97/100
|-enditem|p2a: Tinkki Minaj|Air Balloon
|
|t:|1743920166
|switch|p1a: Mew|Mew|100/100|[from] U-turn
|-damage|p1a: Mew|88/100|[from] Stealth Rock
|
|upkeep
|turn|2
|
|t:|1743920172
|switch|p1a: Ting-Lu|Ting-Lu|100/100
|-damage|p1a: Ting-Lu|94/100|[from] Stealth Rock
|-ability|p1a: Ting-Lu|Vessel of Ruin
|move|p2a: Tinkki Minaj|Thunder Wave|p1a: Ting-Lu
|-immune|p1a: Ting-Lu
|
|upkeep
|turn|3
|
|t:|1743920177
|move|p2a: Tinkki Minaj|Gigaton Hammer|p1a: Ting-Lu
|-damage|p1a: Ting-Lu|70/100
|move|p1a: Ting-Lu|Stealth Rock|p2a: Tinkki Minaj
|-sidestart|p2: Makiler|move: Stealth Rock
|
|upkeep
|turn|4
|
|t:|1743920181
|move|p2a: Tinkki Minaj|Encore|p1a: Ting-Lu
|-start|p1a: Ting-Lu|Encore
|move|p1a: Ting-Lu|Stealth Rock||[still]
|-fail|p1a: Ting-Lu
|
|upkeep
|turn|5
|
|t:|1743920186
|move|p2a: Tinkki Minaj|Gigaton Hammer|p1a: Ting-Lu
|-damage|p1a: Ting-Lu|48/100
|move|p1a: Ting-Lu|Stealth Rock||[still]
|-fail|p1a: Ting-Lu
|
|upkeep
|turn|6
|
|t:|1743920191
|move|p2a: Tinkki Minaj|Thunder Wave|p1a: Ting-Lu
|-immune|p1a: Ting-Lu
|move|p1a: Ting-Lu|Stealth Rock||[still]
|-fail|p1a: Ting-Lu
|
|-end|p1a: Ting-Lu|Encore
|upkeep
|turn|7
|l| sgsge
|
|t:|1743920194
|switch|p1a: Corviknight|Corviknight, M|100/100
|-damage|p1a: Corviknight|88/100|[from] Stealth Rock
|-ability|p1a: Corviknight|Pressure
|move|p2a: Tinkki Minaj|Encore||[still]
|-fail|p2a: Tinkki Minaj
|
|upkeep
|turn|8
|
|t:|1743920197
|switch|p1a: Ting-Lu|Ting-Lu|48/100
|-damage|p1a: Ting-Lu|41/100|[from] Stealth Rock
|-ability|p1a: Ting-Lu|Vessel of Ruin
|move|p2a: Tinkki Minaj|Thunder Wave|p1a: Ting-Lu
|-immune|p1a: Ting-Lu
|
|upkeep
|turn|9
|
|t:|1743920199
|move|p2a: Tinkki Minaj|Gigaton Hammer|p1a: Ting-Lu
|-damage|p1a: Ting-Lu|16/100
|move|p1a: Ting-Lu|Earthquake|p2a: Tinkki Minaj
|-supereffective|p2a: Tinkki Minaj
|-damage|p2a: Tinkki Minaj|13/100
|
|upkeep
|turn|10
|
|t:|1743920205
|move|p2a: Tinkki Minaj|Encore|p1a: Ting-Lu
|-start|p1a: Ting-Lu|Encore
|move|p1a: Ting-Lu|Earthquake|p2a: Tinkki Minaj
|-supereffective|p2a: Tinkki Minaj
|-damage|p2a: Tinkki Minaj|0 fnt
|faint|p2a: Tinkki Minaj
|
|upkeep
|
|t:|1743920213
|switch|p2a: Cuphead|Ting-Lu|100/100
|-damage|p2a: Cuphead|94/100|[from] Stealth Rock
|-ability|p2a: Cuphead|Vessel of Ruin
|turn|11
|
|t:|1743920222
|switch|p1a: Corviknight|Corviknight, M|88/100
|-damage|p1a: Corviknight|76/100|[from] Stealth Rock
|-ability|p1a: Corviknight|Pressure
|move|p2a: Cuphead|Spikes|p1a: Corviknight
|-sidestart|p1: jjjjffiii|Spikes
|
|-heal|p2a: Cuphead|100/100|[from] item: Leftovers
|upkeep
|turn|12
|
|t:|1743920226
|move|p1a: Corviknight|U-turn|p2a: Cuphead
|-supereffective|p2a: Cuphead
|-damage|p2a: Cuphead|84/100
|
|t:|1743920228
|switch|p1a: Ting-Lu|Ting-Lu|16/100|[from] U-turn
|-damage|p1a: Ting-Lu|10/100|[from] Stealth Rock
|-damage|p1a: Ting-Lu|0 fnt|[from] Spikes
|faint|p1a: Ting-Lu
|move|p2a: Cuphead|Ruination|p1: Ting-Lu|[notarget]
|-fail|p2a: Cuphead
|
|-heal|p2a: Cuphead|90/100|[from] item: Leftovers
|upkeep
|
|t:|1743920235
|switch|p1a: Mew|Mew|88/100
|-damage|p1a: Mew|76/100|[from] Stealth Rock
|-damage|p1a: Mew|64/100|[from] Spikes
|turn|13
|
|t:|1743920239
|move|p1a: Mew|Encore|p2a: Cuphead
|-start|p2a: Cuphead|Encore
|move|p2a: Cuphead|Ruination|p1a: Mew
|-damage|p1a: Mew|32/100
|
|-heal|p2a: Cuphead|96/100|[from] item: Leftovers
|upkeep
|turn|14
|
|t:|1743920244
|switch|p2a: Secret Service|Dragonite, F|100/100
|move|p1a: Mew|Dragon Dance|p1a: Mew
|-boost|p1a: Mew|atk|1
|-boost|p1a: Mew|spe|1
|
|upkeep
|turn|15
|
|t:|1743920251
|move|p1a: Mew|Psychic Fangs|p2a: Secret Service
|-damage|p2a: Secret Service|75/100
|move|p2a: Secret Service|Dragon Tail|p1a: Mew
|-damage|p1a: Mew|0 fnt
|faint|p1a: Mew
|
|upkeep
|
|t:|1743920254
|switch|p1a: Corviknight|Corviknight, M|76/100
|-damage|p1a: Corviknight|64/100|[from] Stealth Rock
|-ability|p1a: Corviknight|Pressure
|turn|16
|
|t:|1743920257
|move|p1a: Corviknight|U-turn|p2a: Secret Service
|-resisted|p2a: Secret Service
|-damage|p2a: Secret Service|68/100
|
|t:|1743920260
|switch|p1a: Zamazenta|Zamazenta|100/100|[from] U-turn
|-damage|p1a: Zamazenta|94/100|[from] Stealth Rock
|-damage|p1a: Zamazenta|82/100|[from] Spikes
|-ability|p1a: Zamazenta|Dauntless Shield|boost
|-boost|p1a: Zamazenta|def|1
|move|p2a: Secret Service|Dragon Tail|p1a: Zamazenta
|-crit|p1a: Zamazenta
|-damage|p1a: Zamazenta|39/100
|drag|p1a: Slowking|Slowking-Galar, M|100/100
|
|upkeep
|turn|17
|
|t:|1743920264
|move|p1a: Slowking|Thunder Wave|p2a: Secret Service
|-status|p2a: Secret Service|par
|move|p2a: Secret Service|Dragon Tail|p1a: Slowking
|-damage|p1a: Slowking|65/100
|drag|p1a: Zamazenta|Zamazenta|39/100
|-damage|p1a: Zamazenta|33/100|[from] Stealth Rock
|-damage|p1a: Zamazenta|21/100|[from] Spikes
|
|-heal|p1a: Zamazenta|27/100|[from] item: Leftovers
|upkeep
|turn|18
|
|t:|1743920270
|move|p2a: Secret Service|Extreme Speed|p1a: Zamazenta
|-damage|p1a: Zamazenta|2/100
|move|p1a: Zamazenta|Iron Defense|p1a: Zamazenta
|-boost|p1a: Zamazenta|def|2
|
|-heal|p1a: Zamazenta|8/100|[from] item: Leftovers
|upkeep
|turn|19
|
|t:|1743920276
|move|p2a: Secret Service|Extreme Speed|p1a: Zamazenta
|-damage|p1a: Zamazenta|0 fnt
|faint|p1a: Zamazenta
|
|upkeep
|
|t:|1743920279
|switch|p1a: Corviknight|Corviknight, M|64/100
|-damage|p1a: Corviknight|51/100|[from] Stealth Rock
|-ability|p1a: Corviknight|Pressure
|turn|20
|c|☆Makiler|???
|
|t:|1743920287
|move|p1a: Corviknight|Roost|p1a: Corviknight
|-heal|p1a: Corviknight|100/100
|-singleturn|p1a: Corviknight|move: Roost
|move|p2a: Secret Service|Dragon Tail|p1a: Corviknight
|-resisted|p1a: Corviknight
|-damage|p1a: Corviknight|86/100
|-damage|p2a: Secret Service|51/100 par|[from] item: Rocky Helmet|[of] p1a: Corviknight
|drag|p1a: Slowking|Slowking-Galar, M|98/100
|
|upkeep
|turn|21
|
|t:|1743920301
|move|p2a: Secret Service|Earthquake|p1a: Slowking
|-supereffective|p1a: Slowking
|-damage|p1a: Slowking|11/100
|move|p1a: Slowking|Future Sight|p2a: Secret Service
|-start|p1a: Slowking|move: Future Sight
|
|upkeep
|turn|22
|
|t:|1743920307
|switch|p1a: Corviknight|Corviknight, M|86/100
|-damage|p1a: Corviknight|74/100|[from] Stealth Rock
|-ability|p1a: Corviknight|Pressure
|move|p2a: Secret Service|Dragon Tail|p1a: Corviknight
|-resisted|p1a: Corviknight
|-damage|p1a: Corviknight|60/100
|-damage|p2a: Secret Service|35/100 par|[from] item: Rocky Helmet|[of] p1a: Corviknight
|drag|p1a: Salazzle|Salazzle, F|100/100
|-damage|p1a: Salazzle|76/100|[from] Stealth Rock
|-damage|p1a: Salazzle|63/100|[from] Spikes
|
|-heal|p1a: Salazzle|69/100|[from] item: Leftovers
|upkeep
|turn|23
|
|t:|1743920329
|move|p1a: Salazzle|Protect|p1a: Salazzle
|-singleturn|p1a: Salazzle|Protect
|move|p2a: Secret Service|Dragon Tail|p1a: Salazzle
|-activate|p1a: Salazzle|move: Protect
|
|-end|p2a: Secret Service|move: Future Sight
|-damage|p2a: Secret Service|0 fnt
|faint|p2a: Secret Service
|-heal|p1a: Salazzle|76/100|[from] item: Leftovers
|upkeep
|
|t:|1743920333
|switch|p2a: My Little Pwny|Keldeo|100/100
|turn|24
|
|t:|1743920340
|switch|p1a: Slowking|Slowking-Galar, M|44/100
|-terastallize|p2a: My Little Pwny|Water
|move|p2a: My Little Pwny|Surf|p1a: Slowking
|-damage|p1a: Slowking|4/100
|
|upkeep
|turn|25
|
|t:|1743920345
|switch|p1a: Corviknight|Corviknight, M|60/100
|-damage|p1a: Corviknight|47/100|[from] Stealth Rock
|-ability|p1a: Corviknight|Pressure
|move|p2a: My Little Pwny|Surf|p1a: Corviknight
|-damage|p1a: Corviknight|4/100
|
|upkeep
|turn|26
|
|t:|1743920348
|move|p2a: My Little Pwny|Surf|p1a: Corviknight
|-damage|p1a: Corviknight|0 fnt
|faint|p1a: Corviknight
|
|upkeep
|
|t:|1743920364
|switch|p1a: Slowking|Slowking-Galar, M|38/100
|turn|27
|
|t:|1743920368
|move|p2a: My Little Pwny|Surf|p1a: Slowking
|-damage|p1a: Slowking|0 fnt
|faint|p1a: Slowking
|
|upkeep
|
|t:|1743920369
|switch|p1a: Salazzle|Salazzle, F|76/100
|-damage|p1a: Salazzle|51/100|[from] Stealth Rock
|-damage|p1a: Salazzle|38/100|[from] Spikes
|turn|28
|
|t:|1743920372
|move|p1a: Salazzle|Toxic|p2a: My Little Pwny
|-status|p2a: My Little Pwny|tox
|move|p2a: My Little Pwny|Surf|p1a: Salazzle
|-supereffective|p1a: Salazzle
|-damage|p1a: Salazzle|0 fnt
|faint|p1a: Salazzle
|
|win|Makiler
|raw|jjjjffiii's rating: 1448 &rarr; <strong>1432</strong><br />(-16 for losing)
|raw|Makiler's rating: 1520 &rarr; <strong>1536</strong><br />(+16 for winning)
|l|☆Makiler
|player|p2|
