|j|☆pleiades_nuts79
|j|☆gou2
|t:|1743922025
|gametype|singles
|player|p1|pleiades_nuts79|lucas-gen4pt|1172
|player|p2|gou2|brawly|1151
|teamsize|p1|6
|teamsize|p2|6
|gen|9
|tier|[Gen 9] OU
|rated|
|rule|HP Percentage Mod: HP is shown in percentages
|rule|Endless Battle Clause: Forcing endless battles is banned
|rule|Species Clause: Limit one of each Pokémon
|rule|OHKO Clause: OHKO moves are banned
|rule|Evasion Items Clause: Evasion items are banned
|rule|Evasion Moves Clause: Evasion moves are banned
|rule|Sleep Moves Clause: Sleep-inducing moves are banned
|clearpoke
|poke|p1|Emboar, M|
|poke|p1|Raichu, M|
|poke|p1|Kingambit, M|
|poke|p1|Gliscor, F|
|poke|p1|Blastoise, M|
|poke|p1|Dragapult, F|
|poke|p2|Samurott-Hisui, F|
|poke|p2|Gliscor, M|
|poke|p2|Great Tusk|
|poke|p2|Tinkaton, F|
|poke|p2|Dragapult, M|
|poke|p2|Garganacl, M|
|teampreview
|inactive|Battle timer is ON: inactive players will automatically lose when time's up. (requested by gou2)
|
|t:|1743922031
|start
|switch|p1a: Gliscor|Gliscor, F|100/100
|switch|p2a: Tinkaton|Tinkaton, F, shiny|100/100
|-item|p2a: Tinkaton|Air Balloon
|turn|1
|
|t:|1743922040
|move|p1a: Gliscor|Protect|p1a: Gliscor
|-singleturn|p1a: Gliscor|Protect
|move|p2a: Tinkaton|Stealth Rock|p1a: Gliscor
|-sidestart|p1: pleiades_nuts79|move: Stealth Rock
|
|-status|p1a: Gliscor|tox|[from] item: Toxic Orb
|upkeep
|turn|2
|
|t:|1743922056
|switch|p2a: Vichy|Samurott-Hisui, F, shiny|100/100
|move|p1a: Gliscor|Knock Off|p2a: Vichy
|-resisted|p2a: Vichy
|-damage|p2a: Vichy|85/100
|-enditem|p2a: Vichy|Heavy-Duty Boots|[from] move: Knock Off|[of] p1a: Gliscor
|
|upkeep
|turn|3
|
|t:|1743922068
|switch|p1a: Blastoise|Blastoise, M|100/100
|move|p2a: Vichy|Aqua Cutter|p1a: Blastoise
|-resisted|p1a: Blastoise
|-damage|p1a: Blastoise|71/100
|
|upkeep
|turn|4
|
|t:|1743922076
|move|p1a: Blastoise|Rapid Spin|p2a: Vichy
|-damage|p2a: Vichy|74/100
|-boost|p1a: Blastoise|spe|1
|-sideend|p1: pleiades_nuts79|Stealth Rock|[from] move: Rapid Spin|[of] p1a: Blastoise
|move|p2a: Vichy|Knock Off|p1a: Blastoise
|-damage|p1a: Blastoise|20/100
|-enditem|p1a: Blastoise|Heavy-Duty Boots|[from] move: Knock Off|[of] p2a: Vichy
|
|upkeep
|turn|5
|
|t:|1743922085
|move|p1a: Blastoise|Aura Sphere|p2a: Vichy
|-supereffective|p2a: Vichy
|-damage|p2a: Vichy|11/100
|move|p2a: Vichy|Ceaseless Edge|p1a: Blastoise
|-damage|p1a: Blastoise|0 fnt
|-sidestart|p1: pleiades_nuts79|Spikes
|faint|p1a: Blastoise
|
|upkeep
|
|t:|1743922097
|switch|p1a: Dragapult|Dragapult, F|100/100
|-damage|p1a: Dragapult|88/100|[from] Spikes
|turn|6
|
|t:|1743922105
|move|p2a: Vichy|Sucker Punch|p1a: Dragapult
|-supereffective|p1a: Dragapult
|-damage|p1a: Dragapult|0 fnt
|faint|p1a: Dragapult
|
|upkeep
|
|t:|1743922110
|switch|p1a: Raichu|Raichu, M|100/100
|-damage|p1a: Raichu|88/100|[from] Spikes
|turn|7
|
|t:|1743922115
|move|p1a: Raichu|Fake Out|p2a: Vichy
|-damage|p2a: Vichy|0 fnt
|faint|p2a: Vichy
|
|upkeep
|
|t:|1743922125
|switch|p2a: Yamcha|Gliscor, M|100/100
|turn|8
|
|t:|1743922136
|-terastallize|p1a: Raichu|Flying
|move|p1a: Raichu|Surf|p2a: Yamcha
|-supereffective|p2a: Yamcha
|-damage|p2a: Yamcha|63/100
|move|p2a: Yamcha|U-turn|p1a: Raichu
|-resisted|p1a: Raichu
|-damage|p1a: Raichu|71/100
|
|t:|1743922146
|switch|p2a: Garganacl|Garganacl, M, shiny|100/100|[from] U-turn
|
|upkeep
|turn|9
|
|t:|1743922159
|switch|p1a: Gliscor|Gliscor, F|100/100 tox
|move|p2a: Garganacl|Salt Cure|p1a: Gliscor
|-damage|p1a: Gliscor|86/100 tox
|-start|p1a: Gliscor|Salt Cure
|
|-heal|p1a: Gliscor|98/100 tox|[from] ability: Poison Heal
|-damage|p1a: Gliscor|86/100 tox|[from] Salt Cure
|upkeep
|turn|10
|
|t:|1743922178
|switch|p2a: Great Tusk|Great Tusk|100/100
|move|p1a: Gliscor|Knock Off|p2a: Great Tusk
|-resisted|p2a: Great Tusk
|-damage|p2a: Great Tusk|92/100
|-damage|p1a: Gliscor|70/100 tox|[from] item: Rocky Helmet|[of] p2a: Great Tusk
|-enditem|p2a: Great Tusk|Rocky Helmet|[from] move: Knock Off|[of] p1a: Gliscor
|
|-heal|p1a: Gliscor|82/100 tox|[from] ability: Poison Heal
|-damage|p1a: Gliscor|70/100 tox|[from] Salt Cure
|upkeep
|turn|11
|
|t:|1743922191
|move|p1a: Gliscor|Toxic|p2a: Great Tusk|[miss]
|-miss|p1a: Gliscor|p2a: Great Tusk
|move|p2a: Great Tusk|Ice Spinner|p1a: Gliscor
|-supereffective|p1a: Gliscor
|-damage|p1a: Gliscor|0 fnt
|faint|p1a: Gliscor
|
|upkeep
|
|t:|1743922207
|switch|p1a: Raichu|Raichu, M, tera:Flying|71/100
|turn|12
|
|t:|1743922212
|-end|p2a: Great Tusk|Protosynthesis|[silent]
|switch|p2a: Garganacl|Garganacl, M, shiny|100/100
|move|p1a: Raichu|Fake Out|p2a: Garganacl
|-resisted|p2a: Garganacl
|-damage|p2a: Garganacl|97/100
|
|-heal|p2a: Garganacl|100/100|[from] item: Leftovers
|upkeep
|turn|13
|
|t:|1743922224
|switch|p1a: Kingambit|Kingambit, M|100/100
|-damage|p1a: Kingambit|88/100|[from] Spikes
|-activate|p1a: Kingambit|ability: Supreme Overlord
|-start|p1a: Kingambit|fallen3|[silent]
|move|p2a: Garganacl|Salt Cure|p1a: Kingambit
|-resisted|p1a: Kingambit
|-damage|p1a: Kingambit|83/100
|-start|p1a: Kingambit|Salt Cure
|
|-heal|p1a: Kingambit|89/100|[from] item: Leftovers
|-damage|p1a: Kingambit|64/100|[from] Salt Cure
|upkeep
|turn|14
|
|t:|1743922237
|switch|p2a: Great Tusk|Great Tusk|92/100
|move|p1a: Kingambit|Iron Head|p2a: Great Tusk
|-damage|p2a: Great Tusk|54/100
|
|-heal|p1a: Kingambit|70/100|[from] item: Leftovers
|-damage|p1a: Kingambit|45/100|[from] Salt Cure
|upkeep
|turn|15
|
|t:|1743922254
|move|p2a: Great Tusk|Ice Spinner|p1a: Kingambit
|-resisted|p1a: Kingambit
|-damage|p1a: Kingambit|36/100
|move|p1a: Kingambit|Swords Dance|p1a: Kingambit
|-boost|p1a: Kingambit|atk|2
|
|-heal|p1a: Kingambit|42/100|[from] item: Leftovers
|-damage|p1a: Kingambit|17/100|[from] Salt Cure
|upkeep
|turn|16
|
|t:|1743922270
|-end|p2a: Great Tusk|Protosynthesis|[silent]
|switch|p2a: Yamcha|Gliscor, M|63/100
|move|p1a: Kingambit|Sucker Punch||[still]
|-fail|p1a: Kingambit
|
|-heal|p1a: Kingambit|24/100|[from] item: Leftovers
|-damage|p1a: Kingambit|0 fnt|[from] Salt Cure
|faint|p1a: Kingambit
|-end|p1a: Kingambit|fallen3|[silent]
|-status|p2a: Yamcha|tox|[from] item: Toxic Orb
|upkeep
|
|t:|1743922281
|switch|p1a: Emboar|Emboar, M|100/100
|-damage|p1a: Emboar|88/100|[from] Spikes
|turn|17
|
|t:|1743922286
|move|p2a: Yamcha|Earthquake|p1a: Emboar
|-supereffective|p1a: Emboar
|-damage|p1a: Emboar|19/100
|-enditem|p1a: Emboar|Weakness Policy
|-boost|p1a: Emboar|atk|2|[from] item: Weakness Policy
|-boost|p1a: Emboar|spa|2|[from] item: Weakness Policy
|move|p1a: Emboar|Trailblaze|p2a: Yamcha
|-damage|p2a: Yamcha|35/100 tox
|-boost|p1a: Emboar|spe|1
|
|-heal|p2a: Yamcha|48/100 tox|[from] ability: Poison Heal
|upkeep
|turn|18
|
|t:|1743922299
|move|p1a: Emboar|Flare Blitz|p2a: Yamcha
|-damage|p2a: Yamcha|0 fnt
|faint|p2a: Yamcha
|-damage|p1a: Emboar|6/100|[from] Recoil
|
|upkeep
|
|t:|1743922306
|switch|p2a: Great Tusk|Great Tusk|54/100
|turn|19
|
|t:|1743922310
|move|p2a: Great Tusk|Rapid Spin|p1a: Emboar
|-damage|p1a: Emboar|0 fnt
|-boost|p2a: Great Tusk|spe|1
|faint|p1a: Emboar
|
|upkeep
|-message|pleiades_nuts79 forfeited.
|
|win|gou2
|raw|pleiades_nuts79's rating: 1172 &rarr; <strong>1145</strong><br />(-27 for losing)
|raw|gou2's rating: 1151 &rarr; <strong>1178</strong><br />(+27 for winning)
|l|☆pleiades_nuts79
|player|p1|
|l|☆gou2
|player|p2|
