|j|☆Mayeda
|j|☆AstroMelon
|t:|1743922299
|gametype|singles
|player|p1|Mayeda|pokemonbreederf-gen4|1090
|player|p2|AstroMelon|170|1045
|teamsize|p1|6
|teamsize|p2|6
|gen|9
|tier|[Gen 9] OU
|rated|
|rule|HP Percentage Mod: HP is shown in percentages
|rule|Endless Battle Clause: Forcing endless battles is banned
|rule|Species Clause: Limit one of each Pokémon
|rule|OHKO Clause: OHKO moves are banned
|rule|Evasion Items Clause: Evasion items are banned
|rule|Evasion Moves Clause: Evasion moves are banned
|rule|Sleep Moves Clause: Sleep-inducing moves are banned
|clearpoke
|poke|p1|Wo-Chien|
|poke|p1|Iron Hands|
|poke|p1|Okidogi, M|
|poke|p1|Kilowattrel, M|
|poke|p1|Brambleghast, F|
|poke|p1|Toxtricity-Low-Key, F|
|poke|p2|Ting-Lu|
|poke|p2|Pecharunt|
|poke|p2|Iron Valiant|
|poke|p2|Garganacl, F|
|poke|p2|Lokix, F|
|poke|p2|Hydrapple, F|
|teampreview
|inactive|Battle timer is ON: inactive players will automatically lose when time's up. (requested by AstroMelon)
|
|t:|1743922322
|start
|switch|p1a: Zaptrecuno|Kilowattrel, M, shiny|100/100
|switch|p2a: Garganacl|Garganacl, F|100/100
|turn|1
|
|t:|1743922341
|switch|p2a: Ting-Lu|Ting-Lu|100/100
|-ability|p2a: Ting-Lu|Vessel of Ruin
|move|p1a: Zaptrecuno|Hurricane|p2a: Ting-Lu
|-damage|p2a: Ting-Lu|81/100
|
|-heal|p2a: Ting-Lu|87/100|[from] item: Leftovers
|upkeep
|turn|2
|
|t:|1743922361
|move|p1a: Zaptrecuno|Tailwind|p1a: Zaptrecuno
|-sidestart|p1: Mayeda|move: Tailwind
|-start|p1a: Zaptrecuno|Charge|Tailwind|[from] ability: Wind Power
|move|p2a: Ting-Lu|Ruination|p1a: Zaptrecuno
|-damage|p1a: Zaptrecuno|50/100
|
|-heal|p2a: Ting-Lu|93/100|[from] item: Leftovers
|upkeep
|turn|3
|
|t:|1743922369
|switch|p1a: Brambleghast|Brambleghast, F|100/100
|-ability|p1a: Brambleghast|Wind Rider|boost
|-boost|p1a: Brambleghast|atk|1
|move|p2a: Ting-Lu|Whirlwind|p1a: Brambleghast
|-ability|p1a: Brambleghast|Wind Rider|boost
|-boost|p1a: Brambleghast|atk|1
|
|-heal|p2a: Ting-Lu|99/100|[from] item: Leftovers
|upkeep
|turn|4
|
|t:|1743922391
|move|p1a: Brambleghast|Power Whip|p2a: Ting-Lu
|-supereffective|p2a: Ting-Lu
|-damage|p2a: Ting-Lu|0 fnt
|faint|p2a: Ting-Lu
|
|upkeep
|
|t:|1743922396
|switch|p2a: Pecharunt|Pecharunt|100/100
|turn|5
|
|t:|1743922401
|move|p1a: Brambleghast|Poltergeist|p2a: Pecharunt
|-activate|p2a: Pecharunt|move: Poltergeist|Heavy-Duty Boots
|-supereffective|p2a: Pecharunt
|-damage|p2a: Pecharunt|0 fnt
|faint|p2a: Pecharunt
|
|-sideend|p1: Mayeda|move: Tailwind
|upkeep
|
|t:|1743922411
|switch|p2a: Iron Valiant|Iron Valiant|100/100
|turn|6
|
|t:|1743922417
|move|p1a: Brambleghast|Shadow Sneak|p2a: Iron Valiant
|-damage|p2a: Iron Valiant|43/100
|move|p2a: Iron Valiant|Knock Off|p1a: Brambleghast
|-supereffective|p1a: Brambleghast
|-damage|p1a: Brambleghast|0 fnt
|-enditem|p1a: Brambleghast|Expert Belt|[from] move: Knock Off|[of] p2a: Iron Valiant
|faint|p1a: Brambleghast
|
|upkeep
|
|t:|1743922428
|switch|p1a: Zaptrecuno|Kilowattrel, M, shiny|50/100
|turn|7
|
|t:|1743922438
|-end|p2a: Iron Valiant|Quark Drive|[silent]
|switch|p2a: Garganacl|Garganacl, F|100/100
|move|p1a: Zaptrecuno|Hurricane|p2a: Garganacl|[miss]
|-miss|p1a: Zaptrecuno|p2a: Garganacl
|
|upkeep
|turn|8
|
|t:|1743922446
|move|p1a: Zaptrecuno|Hurricane|p2a: Garganacl
|-resisted|p2a: Garganacl
|-damage|p2a: Garganacl|84/100
|move|p2a: Garganacl|Salt Cure|p1a: Zaptrecuno
|-supereffective|p1a: Zaptrecuno
|-damage|p1a: Zaptrecuno|0 fnt
|faint|p1a: Zaptrecuno
|
|upkeep
|
|t:|1743922460
|switch|p1a: Wo-Chien|Wo-Chien|100/100
|-ability|p1a: Wo-Chien|Tablets of Ruin
|turn|9
|
|t:|1743922479
|switch|p2a: Lokix|Lokix, F|100/100
|move|p1a: Wo-Chien|Mean Look|p2a: Lokix
|-activate|p2a: Lokix|trapped
|
|upkeep
|turn|10
|
|t:|1743922490
|-terastallize|p1a: Wo-Chien|Electric
|move|p2a: Lokix|First Impression|p1a: Wo-Chien
|-damage|p1a: Wo-Chien|77/100
|move|p1a: Wo-Chien|Leech Seed|p2a: Lokix
|-start|p2a: Lokix|move: Leech Seed
|
|-damage|p2a: Lokix|88/100|[from] Leech Seed|[of] p1a: Wo-Chien
|-heal|p1a: Wo-Chien|90/100|[silent]
|upkeep
|turn|11
|
|t:|1743922498
|move|p2a: Lokix|U-turn|p1a: Wo-Chien
|-damage|p1a: Wo-Chien|69/100
|
|t:|1743922503
|switch|p2a: Hydrapple|Hydrapple, F|100/100|[from] U-turn
|move|p1a: Wo-Chien|Ingrain|p1a: Wo-Chien
|-start|p1a: Wo-Chien|move: Ingrain
|
|-heal|p1a: Wo-Chien|78/100|[from] Ingrain
|upkeep
|turn|12
|
|t:|1743922516
|move|p1a: Wo-Chien|Ruination|p2a: Hydrapple
|-damage|p2a: Hydrapple|50/100
|move|p2a: Hydrapple|Nasty Plot|p2a: Hydrapple
|-boost|p2a: Hydrapple|spa|2
|
|-heal|p1a: Wo-Chien|86/100|[from] Ingrain
|upkeep
|turn|13
|
|t:|1743922522
|move|p1a: Wo-Chien|Ruination|p2a: Hydrapple
|-damage|p2a: Hydrapple|26/100
|move|p2a: Hydrapple|Draco Meteor|p1a: Wo-Chien
|-damage|p1a: Wo-Chien|22/100
|-unboost|p2a: Hydrapple|spa|2
|
|-heal|p1a: Wo-Chien|30/100|[from] Ingrain
|upkeep
|turn|14
|
|t:|1743922536
|move|p1a: Wo-Chien|Ruination|p2a: Hydrapple
|-damage|p2a: Hydrapple|13/100
|move|p2a: Hydrapple|Draco Meteor|p1a: Wo-Chien
|-damage|p1a: Wo-Chien|0 fnt
|-unboost|p2a: Hydrapple|spa|2
|faint|p1a: Wo-Chien
|
|upkeep
|
|t:|1743922545
|switch|p1a: Toxtricity|Toxtricity-Low-Key, F|100/100
|turn|15
|
|t:|1743922554
|move|p1a: Toxtricity|Volt Switch|p2a: Hydrapple
|-resisted|p2a: Hydrapple
|-damage|p2a: Hydrapple|0 fnt
|faint|p2a: Hydrapple
|
|t:|1743922580
|switch|p1a: Iron Hands|Iron Hands|100/100|[from] Volt Switch
|
|upkeep
|
|t:|1743922589
|switch|p2a: Iron Valiant|Iron Valiant|43/100
|turn|16
|
|t:|1743922598
|move|p2a: Iron Valiant|Moonblast|p1a: Iron Hands
|-supereffective|p1a: Iron Hands
|-damage|p1a: Iron Hands|16/100
|move|p1a: Iron Hands|Supercell Slam|p2a: Iron Valiant
|-damage|p2a: Iron Valiant|0 fnt
|faint|p2a: Iron Valiant
|-end|p2a: Iron Valiant|Quark Drive|[silent]
|
|upkeep
|
|t:|1743922608
|switch|p2a: Lokix|Lokix, F|88/100
|turn|17
|
|t:|1743922616
|move|p2a: Lokix|First Impression|p1a: Iron Hands
|-resisted|p1a: Iron Hands
|-damage|p1a: Iron Hands|0 fnt
|faint|p1a: Iron Hands
|-end|p1a: Iron Hands|Quark Drive|[silent]
|
|upkeep
|
|t:|1743922625
|switch|p1a: Okidogi|Okidogi, M|100/100
|turn|18
|
|t:|1743922646
|move|p2a: Lokix|Knock Off|p1a: Okidogi
|-resisted|p1a: Okidogi
|-damage|p1a: Okidogi|64/100
|-enditem|p1a: Okidogi|Quick Claw|[from] move: Knock Off|[of] p2a: Lokix
|move|p1a: Okidogi|Bulk Up|p1a: Okidogi
|-boost|p1a: Okidogi|atk|1
|-boost|p1a: Okidogi|def|1
|
|upkeep
|turn|19
|
|t:|1743922658
|move|p2a: Lokix|Sucker Punch||[still]
|-fail|p2a: Lokix
|move|p1a: Okidogi|Bulk Up|p1a: Okidogi
|-boost|p1a: Okidogi|atk|1
|-boost|p1a: Okidogi|def|1
|
|upkeep
|turn|20
|
|t:|1743922665
|move|p2a: Lokix|Knock Off|p1a: Okidogi
|-resisted|p1a: Okidogi
|-damage|p1a: Okidogi|52/100
|move|p1a: Okidogi|Bulk Up|p1a: Okidogi
|-boost|p1a: Okidogi|atk|1
|-boost|p1a: Okidogi|def|1
|
|upkeep
|turn|21
|
|t:|1743922673
|switch|p2a: Garganacl|Garganacl, F|84/100
|move|p1a: Okidogi|Bulk Up|p1a: Okidogi
|-boost|p1a: Okidogi|atk|1
|-boost|p1a: Okidogi|def|1
|
|upkeep
|turn|22
|
|t:|1743922681
|-terastallize|p2a: Garganacl|Water
|move|p1a: Okidogi|Drain Punch|p2a: Garganacl
|-damage|p2a: Garganacl|18/100
|-heal|p1a: Okidogi|87/100|[from] drain|[of] p2a: Garganacl
|move|p2a: Garganacl|Salt Cure|p1a: Okidogi
|-resisted|p1a: Okidogi
|-damage|p1a: Okidogi|85/100
|-start|p1a: Okidogi|Salt Cure
|
|-damage|p1a: Okidogi|72/100|[from] Salt Cure
|upkeep
|turn|23
|
|t:|1743922693
|move|p1a: Okidogi|Drain Punch|p2a: Garganacl
|-damage|p2a: Garganacl|0 fnt
|-heal|p1a: Okidogi|82/100|[from] drain|[of] p2a: Garganacl
|faint|p2a: Garganacl
|
|-damage|p1a: Okidogi|69/100|[from] Salt Cure
|upkeep
|-message|AstroMelon forfeited.
|
|win|Mayeda
|raw|Mayeda's rating: 1090 &rarr; <strong>1113</strong><br />(+23 for winning)
|raw|AstroMelon's rating: 1045 &rarr; <strong>1030</strong><br />(-15 for losing)
|l|☆AstroMelon
|player|p2|
