|j|☆DEF a mEta gUy
|j|☆Jagger is a boss
|t:|1743922250
|gametype|singles
|player|p1|DEF a mEta gUy|2|1143
|player|p2|Jagger is a boss|pokekid|1105
|teamsize|p1|6
|teamsize|p2|6
|gen|9
|tier|[Gen 9] OU
|rated|
|rule|HP Percentage Mod: HP is shown in percentages
|rule|Endless Battle Clause: Forcing endless battles is banned
|rule|Species Clause: Limit one of each Pokémon
|rule|OHKO Clause: OHKO moves are banned
|rule|Evasion Items Clause: Evasion items are banned
|rule|Evasion Moves Clause: Evasion moves are banned
|rule|Sleep Moves Clause: Sleep-inducing moves are banned
|clearpoke
|poke|p1|Primarina, M|
|poke|p1|Clodsire, M|
|poke|p1|Gholdengo|
|poke|p1|Darkrai|
|poke|p1|Great Tusk|
|poke|p1|Sinistcha-Masterpiece|
|poke|p2|Decidueye-Hisui, M|
|poke|p2|Whimsicott, M|
|poke|p2|Blaziken, M|
|poke|p2|Toedscruel, F|
|poke|p2|Vaporeon, F|
|poke|p2|Tinkaton, F|
|teampreview
|
|t:|1743922261
|start
|switch|p1a: Clodsire|Clodsire, M|100/100
|switch|p2a: Whimsicott|Whimsicott, M|100/100
|turn|1
|
|t:|1743922274
|move|p2a: Whimsicott|Stun Spore|p1a: Clodsire
|-status|p1a: Clodsire|par
|cant|p1a: Clodsire|par
|
|upkeep
|turn|2
|
|t:|1743922280
|move|p2a: Whimsicott|Substitute|p2a: Whimsicott
|-start|p2a: Whimsicott|Substitute
|-damage|p2a: Whimsicott|76/100
|cant|p1a: Clodsire|par
|
|upkeep
|turn|3
|
|t:|1743922286
|move|p2a: Whimsicott|Leech Seed|p1a: Clodsire
|-start|p1a: Clodsire|move: Leech Seed
|move|p1a: Clodsire|Stealth Rock|p2a: Whimsicott
|-sidestart|p2: Jagger is a boss|move: Stealth Rock
|
|-damage|p1a: Clodsire|88/100 par|[from] Leech Seed|[of] p2a: Whimsicott
|-heal|p2a: Whimsicott|97/100|[silent]
|upkeep
|turn|4
|
|t:|1743922296
|switch|p1a: Primarina|Primarina, M|100/100
|move|p2a: Whimsicott|Moonblast|p1a: Primarina
|-damage|p1a: Primarina|85/100
|
|upkeep
|turn|5
|
|t:|1743922301
|move|p2a: Whimsicott|Leech Seed|p1a: Primarina
|-start|p1a: Primarina|move: Leech Seed
|move|p1a: Primarina|Psychic Noise|p2a: Whimsicott
|-damage|p2a: Whimsicott|60/100
|-start|p2a: Whimsicott|move: Heal Block
|
|-damage|p1a: Primarina|73/100|[from] Leech Seed|[of] p2a: Whimsicott
|upkeep
|turn|6
|
|t:|1743922313
|switch|p2a: Tinkaton|Tinkaton, F|100/100
|-damage|p2a: Tinkaton|94/100|[from] Stealth Rock
|-ability|p2a: Tinkaton|Mold Breaker
|move|p1a: Primarina|Flip Turn|p2a: Tinkaton
|-damage|p2a: Tinkaton|81/100
|
|t:|1743922326
|switch|p1a: Clodsire|Clodsire, M|88/100 par|[from] Flip Turn
|
|-heal|p2a: Tinkaton|87/100|[from] item: Leftovers
|upkeep
|turn|7
|
|t:|1743922334
|move|p2a: Tinkaton|Stealth Rock|p1a: Clodsire
|-sidestart|p1: DEF a mEta gUy|move: Stealth Rock
|move|p1a: Clodsire|Earthquake|p2a: Tinkaton
|-supereffective|p2a: Tinkaton
|-damage|p2a: Tinkaton|44/100
|
|-heal|p2a: Tinkaton|50/100|[from] item: Leftovers
|upkeep
|turn|8
|
|t:|1743922348
|switch|p1a: Great Tusk|Great Tusk|100/100
|-damage|p1a: Great Tusk|98/100|[from] Stealth Rock
|move|p2a: Tinkaton|Protect||[still]
|-fail|p2a: Tinkaton
|
|-heal|p2a: Tinkaton|56/100|[from] item: Leftovers
|upkeep
|turn|9
|
|t:|1743922355
|switch|p2a: Toedscruel|Toedscruel, F|100/100
|-damage|p2a: Toedscruel|95/100|[from] Stealth Rock
|move|p1a: Great Tusk|Knock Off|p2a: Toedscruel
|-damage|p2a: Toedscruel|56/100
|-enditem|p2a: Toedscruel|Assault Vest|[from] move: Knock Off|[of] p1a: Great Tusk
|
|upkeep
|turn|10
|
|t:|1743922363
|move|p1a: Great Tusk|Rapid Spin|p2a: Toedscruel
|-damage|p2a: Toedscruel|35/100
|-boost|p1a: Great Tusk|spe|1
|-sideend|p1: DEF a mEta gUy|Stealth Rock|[from] move: Rapid Spin|[of] p1a: Great Tusk
|move|p2a: Toedscruel|Giga Drain|p1a: Great Tusk
|-supereffective|p1a: Great Tusk
|-damage|p1a: Great Tusk|0 fnt
|-heal|p2a: Toedscruel|95/100|[from] drain|[of] p1a: Great Tusk
|faint|p1a: Great Tusk
|-end|p1a: Great Tusk|Protosynthesis|[silent]
|
|upkeep
|
|t:|1743922372
|switch|p1a: Darkrai|Darkrai|100/100
|turn|11
|
|t:|1743922375
|move|p1a: Darkrai|Ice Beam|p2a: Toedscruel
|-supereffective|p2a: Toedscruel
|-damage|p2a: Toedscruel|0 fnt
|faint|p2a: Toedscruel
|
|upkeep
|
|t:|1743922379
|switch|p2a: Blaziken|Blaziken, M|100/100
|-damage|p2a: Blaziken|88/100|[from] Stealth Rock
|turn|12
|
|t:|1743922384
|switch|p1a: Clodsire|Clodsire, M|88/100 par
|move|p2a: Blaziken|Protect||[still]
|-fail|p2a: Blaziken
|
|-ability|p2a: Blaziken|Speed Boost|boost
|-boost|p2a: Blaziken|spe|1
|upkeep
|turn|13
|
|t:|1743922389
|switch|p2a: Tinkaton|Tinkaton, F|56/100
|-damage|p2a: Tinkaton|50/100|[from] Stealth Rock
|-ability|p2a: Tinkaton|Mold Breaker
|move|p1a: Clodsire|Toxic|p2a: Tinkaton
|-immune|p2a: Tinkaton
|
|-heal|p2a: Tinkaton|56/100|[from] item: Leftovers
|upkeep
|turn|14
|
|t:|1743922391
|move|p2a: Tinkaton|Stealth Rock|p1a: Clodsire
|-sidestart|p1: DEF a mEta gUy|move: Stealth Rock
|move|p1a: Clodsire|Earthquake|p2a: Tinkaton
|-supereffective|p2a: Tinkaton
|-damage|p2a: Tinkaton|13/100
|
|-heal|p2a: Tinkaton|19/100|[from] item: Leftovers
|upkeep
|turn|15
|
|t:|1743922397
|move|p2a: Tinkaton|Protect|p2a: Tinkaton
|-singleturn|p2a: Tinkaton|Protect
|move|p1a: Clodsire|Recover|p1a: Clodsire
|-heal|p1a: Clodsire|100/100 par
|
|-heal|p2a: Tinkaton|25/100|[from] item: Leftovers
|upkeep
|turn|16
|
|t:|1743922401
|switch|p2a: Whimsicott|Whimsicott, M|60/100
|-damage|p2a: Whimsicott|48/100|[from] Stealth Rock
|move|p1a: Clodsire|Earthquake|p2a: Whimsicott
|-resisted|p2a: Whimsicott
|-crit|p2a: Whimsicott
|-damage|p2a: Whimsicott|23/100
|
|upkeep
|turn|17
|
|t:|1743922407
|move|p2a: Whimsicott|Substitute|p2a: Whimsicott
|-fail|p2a: Whimsicott|move: Substitute|[weak]
|move|p1a: Clodsire|Toxic|p2a: Whimsicott
|-status|p2a: Whimsicott|tox
|
|-damage|p2a: Whimsicott|17/100 tox|[from] psn
|upkeep
|turn|18
|
|t:|1743922418
|switch|p1a: Gholdengo|Gholdengo|100/100
|-damage|p1a: Gholdengo|94/100|[from] Stealth Rock
|-item|p1a: Gholdengo|Air Balloon
|move|p2a: Whimsicott|Leech Seed|p1a: Gholdengo
|-immune|p1a: Gholdengo|[from] ability: Good as Gold
|
|-damage|p2a: Whimsicott|4/100 tox|[from] psn
|upkeep
|turn|19
|
|t:|1743922429
|move|p2a: Whimsicott|Moonblast|p1a: Gholdengo
|-resisted|p1a: Gholdengo
|-damage|p1a: Gholdengo|82/100
|-enditem|p1a: Gholdengo|Air Balloon
|move|p1a: Gholdengo|Nasty Plot|p1a: Gholdengo
|-boost|p1a: Gholdengo|spa|2
|
|-damage|p2a: Whimsicott|0 fnt|[from] psn
|faint|p2a: Whimsicott
|upkeep
|
|t:|1743922435
|switch|p2a: Decidueye|Decidueye-Hisui, M|100/100
|-damage|p2a: Decidueye|95/100|[from] Stealth Rock
|turn|20
|
|t:|1743922450
|move|p2a: Decidueye|Triple Arrows|p1a: Gholdengo
|-supereffective|p1a: Gholdengo
|-crit|p1a: Gholdengo
|-damage|p1a: Gholdengo|0 fnt
|faint|p1a: Gholdengo
|
|upkeep
|
|t:|1743922459
|switch|p1a: Darkrai|Darkrai|100/100
|-damage|p1a: Darkrai|88/100|[from] Stealth Rock
|turn|21
|
|t:|1743922462
|move|p1a: Darkrai|Ice Beam|p2a: Decidueye
|-supereffective|p2a: Decidueye
|-damage|p2a: Decidueye|24/100
|move|p2a: Decidueye|Triple Arrows|p1a: Darkrai
|-supereffective|p1a: Darkrai
|-damage|p1a: Darkrai|0 fnt
|faint|p1a: Darkrai
|
|upkeep
|
|t:|1743922468
|switch|p1a: Primarina|Primarina, M|73/100
|-damage|p1a: Primarina|60/100|[from] Stealth Rock
|turn|22
|
|t:|1743922473
|move|p2a: Decidueye|Triple Arrows|p1a: Primarina
|-resisted|p1a: Primarina
|-damage|p1a: Primarina|29/100
|move|p1a: Primarina|Moonblast|p2a: Decidueye
|-supereffective|p2a: Decidueye
|-damage|p2a: Decidueye|0 fnt
|faint|p2a: Decidueye
|
|upkeep
|
|t:|1743922477
|switch|p2a: Tinkaton|Tinkaton, F|25/100
|-damage|p2a: Tinkaton|19/100|[from] Stealth Rock
|-ability|p2a: Tinkaton|Mold Breaker
|turn|23
|
|t:|1743922485
|move|p2a: Tinkaton|Thunder Wave|p1a: Primarina
|-status|p1a: Primarina|par
|cant|p1a: Primarina|par
|
|-heal|p2a: Tinkaton|25/100|[from] item: Leftovers
|upkeep
|turn|24
|
|t:|1743922494
|-terastallize|p1a: Primarina|Fairy
|move|p2a: Tinkaton|Gigaton Hammer|p1a: Primarina
|-supereffective|p1a: Primarina
|-damage|p1a: Primarina|0 fnt
|faint|p1a: Primarina
|
|-heal|p2a: Tinkaton|32/100|[from] item: Leftovers
|upkeep
|
|t:|1743922499
|switch|p1a: Clodsire|Clodsire, M|100/100 par
|turn|25
|
|t:|1743922502
|move|p2a: Tinkaton|Protect|p2a: Tinkaton
|-singleturn|p2a: Tinkaton|Protect
|cant|p1a: Clodsire|par
|
|-heal|p2a: Tinkaton|38/100|[from] item: Leftovers
|upkeep
|turn|26
|
|t:|1743922513
|move|p2a: Tinkaton|Gigaton Hammer|p1a: Clodsire
|-damage|p1a: Clodsire|56/100 par
|move|p1a: Clodsire|Toxic|p2a: Tinkaton
|-immune|p2a: Tinkaton
|
|-heal|p2a: Tinkaton|44/100|[from] item: Leftovers
|upkeep
|turn|27
|
|t:|1743922516
|move|p2a: Tinkaton|Protect|p2a: Tinkaton
|-singleturn|p2a: Tinkaton|Protect
|move|p1a: Clodsire|Earthquake|p2a: Tinkaton
|-activate|p2a: Tinkaton|move: Protect
|
|-heal|p2a: Tinkaton|50/100|[from] item: Leftovers
|upkeep
|turn|28
|
|t:|1743922518
|move|p2a: Tinkaton|Gigaton Hammer|p1a: Clodsire
|-damage|p1a: Clodsire|5/100 par
|cant|p1a: Clodsire|par
|
|-heal|p2a: Tinkaton|56/100|[from] item: Leftovers
|upkeep
|turn|29
|
|t:|1743922524
|move|p2a: Tinkaton|Protect|p2a: Tinkaton
|-singleturn|p2a: Tinkaton|Protect
|cant|p1a: Clodsire|par
|
|-heal|p2a: Tinkaton|62/100|[from] item: Leftovers
|upkeep
|turn|30
|
|t:|1743922528
|move|p2a: Tinkaton|Gigaton Hammer|p1a: Clodsire
|-damage|p1a: Clodsire|0 fnt
|faint|p1a: Clodsire
|
|-heal|p2a: Tinkaton|68/100|[from] item: Leftovers
|upkeep
|
|t:|1743922530
|switch|p1a: Sinistcha|Sinistcha-Masterpiece, shiny|100/100
|-damage|p1a: Sinistcha|88/100|[from] Stealth Rock
|turn|31
|
|t:|1743922534
|move|p2a: Tinkaton|Thunder Wave|p1a: Sinistcha
|-status|p1a: Sinistcha|par
|move|p1a: Sinistcha|Calm Mind|p1a: Sinistcha
|-boost|p1a: Sinistcha|spa|1
|-boost|p1a: Sinistcha|spd|1
|
|-heal|p2a: Tinkaton|75/100|[from] item: Leftovers
|-heal|p1a: Sinistcha|94/100 par|[from] item: Leftovers
|upkeep
|turn|32
|
|t:|1743922543
|move|p2a: Tinkaton|Gigaton Hammer|p1a: Sinistcha
|-damage|p1a: Sinistcha|64/100 par
|move|p1a: Sinistcha|Calm Mind|p1a: Sinistcha
|-boost|p1a: Sinistcha|spa|1
|-boost|p1a: Sinistcha|spd|1
|
|-heal|p2a: Tinkaton|81/100|[from] item: Leftovers
|-heal|p1a: Sinistcha|70/100 par|[from] item: Leftovers
|upkeep
|turn|33
|
|t:|1743922546
|move|p2a: Tinkaton|Protect|p2a: Tinkaton
|-singleturn|p2a: Tinkaton|Protect
|move|p1a: Sinistcha|Strength Sap|p2a: Tinkaton
|-activate|p2a: Tinkaton|move: Protect
|
|-heal|p2a: Tinkaton|87/100|[from] item: Leftovers
|-heal|p1a: Sinistcha|77/100 par|[from] item: Leftovers
|upkeep
|turn|34
|
|t:|1743922548
|move|p2a: Tinkaton|Gigaton Hammer|p1a: Sinistcha
|-damage|p1a: Sinistcha|45/100 par
|move|p1a: Sinistcha|Strength Sap|p2a: Tinkaton
|-unboost|p2a: Tinkaton|atk|1
|-heal|p1a: Sinistcha|99/100 par
|
|-heal|p2a: Tinkaton|93/100|[from] item: Leftovers
|-heal|p1a: Sinistcha|100/100 par|[from] item: Leftovers
|upkeep
|turn|35
|
|t:|1743922557
|switch|p2a: Vaporeon|Vaporeon, F|100/100
|-damage|p2a: Vaporeon|88/100|[from] Stealth Rock
|move|p1a: Sinistcha|Calm Mind|p1a: Sinistcha
|-boost|p1a: Sinistcha|spa|1
|-boost|p1a: Sinistcha|spd|1
|
|-heal|p2a: Vaporeon|94/100|[from] item: Leftovers
|upkeep
|turn|36
|
|t:|1743922560
|-terastallize|p2a: Vaporeon|Fire
|move|p2a: Vaporeon|Calm Mind|p2a: Vaporeon
|-boost|p2a: Vaporeon|spa|1
|-boost|p2a: Vaporeon|spd|1
|move|p1a: Sinistcha|Matcha Gotcha|p2a: Vaporeon|[miss]
|-miss|p1a: Sinistcha|p2a: Vaporeon
|
|-heal|p2a: Vaporeon|100/100|[from] item: Leftovers
|upkeep
|turn|37
|
|t:|1743922567
|move|p2a: Vaporeon|Calm Mind|p2a: Vaporeon
|-boost|p2a: Vaporeon|spa|1
|-boost|p2a: Vaporeon|spd|1
|move|p1a: Sinistcha|Shadow Ball|p2a: Vaporeon
|-damage|p2a: Vaporeon|74/100
|
|-heal|p2a: Vaporeon|81/100|[from] item: Leftovers
|upkeep
|turn|38
|
|t:|1743922575
|move|p2a: Vaporeon|Calm Mind|p2a: Vaporeon
|-boost|p2a: Vaporeon|spa|1
|-boost|p2a: Vaporeon|spd|1
|move|p1a: Sinistcha|Matcha Gotcha|p2a: Vaporeon
|-resisted|p2a: Vaporeon
|-damage|p2a: Vaporeon|70/100
|
|-heal|p2a: Vaporeon|76/100|[from] item: Leftovers
|upkeep
|turn|39
|
|t:|1743922582
|move|p2a: Vaporeon|Calm Mind|p2a: Vaporeon
|-boost|p2a: Vaporeon|spa|1
|-boost|p2a: Vaporeon|spd|1
|move|p1a: Sinistcha|Calm Mind|p1a: Sinistcha
|-boost|p1a: Sinistcha|spa|1
|-boost|p1a: Sinistcha|spd|1
|
|-heal|p2a: Vaporeon|82/100|[from] item: Leftovers
|upkeep
|turn|40
|
|t:|1743922592
|move|p2a: Vaporeon|Calm Mind|p2a: Vaporeon
|-boost|p2a: Vaporeon|spa|1
|-boost|p2a: Vaporeon|spd|1
|move|p1a: Sinistcha|Shadow Ball|p2a: Vaporeon
|-damage|p2a: Vaporeon|63/100
|-unboost|p2a: Vaporeon|spd|1
|
|-heal|p2a: Vaporeon|69/100|[from] item: Leftovers
|upkeep
|turn|41
|
|t:|1743922600
|move|p2a: Vaporeon|Acid Armor|p2a: Vaporeon
|-boost|p2a: Vaporeon|def|2
|cant|p1a: Sinistcha|par
|
|-heal|p2a: Vaporeon|75/100|[from] item: Leftovers
|upkeep
|turn|42
|
|t:|1743922605
|move|p2a: Vaporeon|Stored Power|p1a: Sinistcha
|-damage|p1a: Sinistcha|14/100 par
|move|p1a: Sinistcha|Shadow Ball|p2a: Vaporeon
|-damage|p2a: Vaporeon|50/100
|
|-heal|p2a: Vaporeon|57/100|[from] item: Leftovers
|-heal|p1a: Sinistcha|20/100 par|[from] item: Leftovers
|upkeep
|turn|43
|
|t:|1743922614
|move|p2a: Vaporeon|Stored Power|p1a: Sinistcha
|-crit|p1a: Sinistcha
|-damage|p1a: Sinistcha|0 fnt
|faint|p1a: Sinistcha
|
|win|Jagger is a boss
|raw|DEF a mEta gUy's rating: 1143 &rarr; <strong>1115</strong><br />(-28 for losing)
|raw|Jagger is a boss's rating: 1105 &rarr; <strong>1133</strong><br />(+28 for winning)
|l|☆Jagger is a boss
|player|p2|
|j|☆Jagger is a boss
|player|p2|Jagger is a boss|pokekid|
|l|☆Jagger is a boss
|player|p2|
