|j|☆vific
|j|☆Weather One Trick
|t:|1743930196
|gametype|singles
|player|p1|vific|clown|1272
|player|p2|Weather One Trick|burglar|1247
|teamsize|p1|6
|teamsize|p2|6
|gen|9
|tier|[Gen 9] OU
|rated|
|rule|HP Percentage Mod: HP is shown in percentages
|rule|Endless Battle Clause: Forcing endless battles is banned
|rule|Species Clause: Limit one of each Pokémon
|rule|OHKO Clause: OHKO moves are banned
|rule|Evasion Items Clause: Evasion items are banned
|rule|Evasion Moves Clause: Evasion moves are banned
|rule|Sleep Moves Clause: Sleep-inducing moves are banned
|clearpoke
|poke|p1|Mienshao, M|
|poke|p1|Slowking-Galar, M|
|poke|p1|Lapras, F|
|poke|p1|Landorus-Therian, M|
|poke|p1|Heatran, M|
|poke|p1|Darkrai|
|poke|p2|Venusaur, M|
|poke|p2|Torkoal, F|
|poke|p2|Walking Wake|
|poke|p2|Iron Moth|
|poke|p2|Great Tusk|
|poke|p2|Hatterene, F|
|teampreview
|inactive|Battle timer is ON: inactive players will automatically lose when time's up. (requested by vific)
|
|t:|1743930204
|start
|switch|p1a: Landorus|Landorus-Therian, M|100/100
|switch|p2a: Great Tusk|Great Tusk|100/100
|-ability|p1a: Landorus|Intimidate|boost
|-unboost|p2a: Great Tusk|atk|1
|turn|1
|
|t:|1743930211
|-end|p2a: Great Tusk|Protosynthesis|[silent]
|switch|p2a: Hatterene|Hatterene, F|100/100
|move|p1a: Landorus|U-turn|p2a: Hatterene
|-damage|p2a: Hatterene|85/100
|-enditem|p2a: Hatterene|Eject Button
|
|t:|1743930216
|switch|p2a: Walking Wake|Walking Wake|100/100
|
|upkeep
|turn|2
|
|t:|1743930219
|switch|p1a: Lapras|Lapras, F|100/100
|move|p2a: Walking Wake|Flip Turn|p1a: Lapras
|-immune|p1a: Lapras|[from] ability: Water Absorb
|
|upkeep
|turn|3
|c|☆Weather One Trick|wow
|c|☆Weather One Trick|thats thing is good into my whole team
|inactive|Weather One Trick has 120 seconds left.
|
|t:|1743930252
|-end|p2a: Walking Wake|Protosynthesis|[silent]
|switch|p2a: Hatterene|Hatterene, F|85/100
|move|p1a: Lapras|Freeze-Dry|p2a: Hatterene
|-damage|p2a: Hatterene|53/100
|
|upkeep
|turn|4
|c|☆vific|chadpras
|
|t:|1743930261
|switch|p1a: Slowking|Slowking-Galar, M|100/100
|move|p2a: Hatterene|Nuzzle|p1a: Slowking
|-damage|p1a: Slowking|96/100
|-status|p1a: Slowking|par
|
|upkeep
|turn|5
|
|t:|1743930278
|switch|p2a: Great Tusk|Great Tusk|100/100
|move|p1a: Slowking|Sludge Bomb|p2a: Great Tusk
|-resisted|p2a: Great Tusk
|-damage|p2a: Great Tusk|80/100
|
|upkeep
|turn|6
|
|t:|1743930286
|switch|p1a: Landorus|Landorus-Therian, M|100/100
|-ability|p1a: Landorus|Intimidate|boost
|-unboost|p2a: Great Tusk|atk|1
|move|p2a: Great Tusk|Bulk Up|p2a: Great Tusk
|-boost|p2a: Great Tusk|atk|1
|-boost|p2a: Great Tusk|def|1
|
|upkeep
|turn|7
|
|t:|1743930295
|-terastallize|p1a: Landorus|Ghost
|move|p1a: Landorus|Earth Power|p2a: Great Tusk
|-damage|p2a: Great Tusk|36/100
|move|p2a: Great Tusk|Ice Spinner|p1a: Landorus
|-damage|p1a: Landorus|79/100
|-damage|p2a: Great Tusk|19/100|[from] item: Rocky Helmet|[of] p1a: Landorus
|
|upkeep
|turn|8
|
|t:|1743930316
|-end|p2a: Great Tusk|Protosynthesis|[silent]
|switch|p2a: Hatterene|Hatterene, F|53/100
|move|p1a: Landorus|Earth Power|p2a: Hatterene
|-damage|p2a: Hatterene|22/100
|
|upkeep
|turn|9
|
|t:|1743930322
|move|p1a: Landorus|Earth Power|p2a: Hatterene
|-damage|p2a: Hatterene|0 fnt
|faint|p2a: Hatterene
|
|upkeep
|inactive|Weather One Trick has 120 seconds left.
|
|t:|1743930349
|switch|p2a: Walking Wake|Walking Wake|100/100
|turn|10
|
|t:|1743930354
|move|p2a: Walking Wake|Draco Meteor|p1a: Landorus
|-damage|p1a: Landorus|0 fnt
|-unboost|p2a: Walking Wake|spa|2
|faint|p1a: Landorus
|
|upkeep
|
|t:|1743930360
|switch|p1a: Lapras|Lapras, F|100/100
|turn|11
|
|t:|1743930370
|-end|p2a: Walking Wake|Protosynthesis|[silent]
|switch|p2a: Torkoal|Torkoal, F|100/100
|-weather|SunnyDay|[from] ability: Drought|[of] p2a: Torkoal
|move|p1a: Lapras|Freeze-Dry|p2a: Torkoal
|-resisted|p2a: Torkoal
|-crit|p2a: Torkoal
|-damage|p2a: Torkoal|68/100
|
|-weather|SunnyDay|[upkeep]
|upkeep
|turn|12
|
|t:|1743930379
|move|p1a: Lapras|Hydro Pump|p2a: Torkoal
|-supereffective|p2a: Torkoal
|-damage|p2a: Torkoal|0 fnt
|faint|p2a: Torkoal
|
|-weather|SunnyDay|[upkeep]
|upkeep
|
|t:|1743930404
|switch|p2a: Venusaur|Venusaur, M|100/100
|turn|13
|
|t:|1743930414
|switch|p1a: Heatran|Heatran, M|100/100
|-item|p1a: Heatran|Air Balloon
|move|p2a: Venusaur|Solar Beam||[still]
|-prepare|p2a: Venusaur|Solar Beam
|-anim|p2a: Venusaur|Solar Beam|p1a: Heatran
|-resisted|p1a: Heatran
|-damage|p1a: Heatran|87/100
|-enditem|p1a: Heatran|Air Balloon
|-damage|p2a: Venusaur|91/100|[from] item: Life Orb
|
|-weather|SunnyDay|[upkeep]
|upkeep
|turn|14
|
|t:|1743930424
|switch|p2a: Walking Wake|Walking Wake|100/100
|-activate|p2a: Walking Wake|ability: Protosynthesis
|-start|p2a: Walking Wake|protosynthesisspe
|move|p1a: Heatran|Magma Storm|p2a: Walking Wake
|-resisted|p2a: Walking Wake
|-damage|p2a: Walking Wake|76/100
|-activate|p2a: Walking Wake|move: Magma Storm|[of] p1a: Heatran
|
|-weather|SunnyDay|[upkeep]
|-damage|p2a: Walking Wake|63/100|[from] move: Magma Storm|[partiallytrapped]
|upkeep
|turn|15
|
|t:|1743930436
|switch|p1a: Slowking|Slowking-Galar, M|100/100 par
|move|p2a: Walking Wake|Draco Meteor|p1a: Slowking
|-damage|p1a: Slowking|48/100 par
|-unboost|p2a: Walking Wake|spa|2
|
|-weather|SunnyDay|[upkeep]
|-end|p2a: Walking Wake|Magma Storm|[partiallytrapped]|[silent]
|upkeep
|turn|16
|
|t:|1743930445
|-end|p2a: Walking Wake|Protosynthesis|[silent]
|switch|p2a: Great Tusk|Great Tusk|19/100
|-activate|p2a: Great Tusk|ability: Protosynthesis
|-start|p2a: Great Tusk|protosynthesisspe
|-prepare|p1a: Slowking|Chilly Reception|[premajor]
|cant|p1a: Slowking|par
|
|-weather|SunnyDay|[upkeep]
|upkeep
|turn|17
|
|t:|1743930458
|switch|p1a: Mienshao|Mienshao, M|100/100
|move|p2a: Great Tusk|Headlong Rush|p1a: Mienshao
|-damage|p1a: Mienshao|0 fnt
|-unboost|p2a: Great Tusk|def|1
|-unboost|p2a: Great Tusk|spd|1
|faint|p1a: Mienshao
|
|-weather|SunnyDay|[upkeep]
|upkeep
|
|t:|1743930462
|switch|p1a: Darkrai|Darkrai|100/100
|turn|18
|
|t:|1743930479
|-end|p2a: Great Tusk|Protosynthesis|[silent]
|switch|p2a: Iron Moth|Iron Moth|100/100
|-enditem|p2a: Iron Moth|Booster Energy
|-activate|p2a: Iron Moth|ability: Quark Drive|[fromitem]
|-start|p2a: Iron Moth|quarkdrivespe
|move|p1a: Darkrai|Sludge Bomb|p2a: Iron Moth
|-resisted|p2a: Iron Moth
|-damage|p2a: Iron Moth|85/100
|
|-weather|none
|upkeep
|turn|19
|
|t:|1743930492
|switch|p1a: Slowking|Slowking-Galar, M|81/100 par
|move|p2a: Iron Moth|Dazzling Gleam|p1a: Slowking
|-resisted|p1a: Slowking
|-damage|p1a: Slowking|73/100 par
|
|upkeep
|turn|20
|
|t:|1743930496
|move|p2a: Iron Moth|Fiery Dance|p1a: Slowking
|-damage|p1a: Slowking|49/100 par
|-boost|p2a: Iron Moth|spa|1
|move|p1a: Slowking|Thunder Wave|p2a: Iron Moth
|-status|p2a: Iron Moth|par
|
|upkeep
|turn|21
|
|t:|1743930502
|cant|p2a: Iron Moth|par
|move|p1a: Slowking|Flamethrower|p2a: Iron Moth
|-resisted|p2a: Iron Moth
|-damage|p2a: Iron Moth|75/100 par
|
|upkeep
|turn|22
|
|t:|1743930505
|move|p2a: Iron Moth|Fiery Dance|p1a: Slowking
|-damage|p1a: Slowking|10/100 par
|-prepare|p1a: Slowking|Chilly Reception|[premajor]
|move|p1a: Slowking|Chilly Reception|p1a: Slowking
|-weather|Snowscape
|
|t:|1743930509
|switch|p1a: Lapras|Lapras, F|100/100|[from] Chilly Reception
|
|-weather|Snowscape|[upkeep]
|upkeep
|turn|23
|
|t:|1743930521
|move|p2a: Iron Moth|Fiery Dance|p1a: Lapras
|-damage|p1a: Lapras|55/100
|-boost|p2a: Iron Moth|spa|1
|move|p1a: Lapras|Hydro Pump|p2a: Iron Moth
|-supereffective|p2a: Iron Moth
|-damage|p2a: Iron Moth|0 fnt
|faint|p2a: Iron Moth
|-end|p2a: Iron Moth|Quark Drive|[silent]
|
|-weather|Snowscape|[upkeep]
|upkeep
|
|t:|1743930534
|switch|p2a: Walking Wake|Walking Wake|63/100
|turn|24
|
|t:|1743930539
|switch|p1a: Slowking|Slowking-Galar, M|43/100 par
|move|p2a: Walking Wake|Draco Meteor|p1a: Slowking
|-damage|p1a: Slowking|0 fnt
|-unboost|p2a: Walking Wake|spa|2
|faint|p1a: Slowking
|
|-weather|Snowscape|[upkeep]
|upkeep
|
|t:|1743930541
|switch|p1a: Lapras|Lapras, F|55/100
|turn|25
|
|t:|1743930553
|-end|p2a: Walking Wake|Protosynthesis|[silent]
|switch|p2a: Great Tusk|Great Tusk|19/100
|move|p1a: Lapras|Freeze-Dry|p2a: Great Tusk
|-supereffective|p2a: Great Tusk
|-damage|p2a: Great Tusk|0 fnt
|faint|p2a: Great Tusk
|-end|p2a: Great Tusk|Protosynthesis|[silent]
|
|-weather|Snowscape|[upkeep]
|upkeep
|
|t:|1743930554
|switch|p2a: Walking Wake|Walking Wake|63/100
|turn|26
|
|t:|1743930559
|switch|p1a: Darkrai|Darkrai|100/100
|move|p2a: Walking Wake|Hydro Steam|p1a: Darkrai
|-crit|p1a: Darkrai
|-damage|p1a: Darkrai|0 fnt
|faint|p1a: Darkrai
|
|-weather|none
|upkeep
|
|t:|1743930563
|switch|p1a: Heatran|Heatran, M|87/100
|turn|27
|
|t:|1743930566
|move|p2a: Walking Wake|Hydro Steam|p1a: Heatran
|-supereffective|p1a: Heatran
|-damage|p1a: Heatran|0 fnt
|faint|p1a: Heatran
|
|upkeep
|
|t:|1743930568
|switch|p1a: Lapras|Lapras, F|55/100
|turn|28
|
|t:|1743930571
|-end|p2a: Walking Wake|Protosynthesis|[silent]
|switch|p2a: Venusaur|Venusaur, M|91/100
|move|p1a: Lapras|Freeze-Dry|p2a: Venusaur
|-supereffective|p2a: Venusaur
|-damage|p2a: Venusaur|11/100
|
|upkeep
|turn|29
|
|t:|1743930575
|move|p1a: Lapras|Ice Shard|p2a: Venusaur
|-supereffective|p2a: Venusaur
|-damage|p2a: Venusaur|0 fnt
|faint|p2a: Venusaur
|
|upkeep
|
|t:|1743930576
|switch|p2a: Walking Wake|Walking Wake|63/100
|turn|30
|c|☆vific|miss
|
|t:|1743930580
|-terastallize|p2a: Walking Wake|Fairy
|move|p2a: Walking Wake|Draco Meteor|p1a: Lapras|[miss]
|-miss|p2a: Walking Wake|p1a: Lapras
|move|p1a: Lapras|Freeze-Dry|p2a: Walking Wake
|-damage|p2a: Walking Wake|29/100
|
|upkeep
|turn|31
|c|☆Weather One Trick|wow
|
|t:|1743930585
|move|p2a: Walking Wake|Draco Meteor|p1a: Lapras
|-damage|p1a: Lapras|0 fnt
|-unboost|p2a: Walking Wake|spa|2
|faint|p1a: Lapras
|
|win|Weather One Trick
|raw|vific's rating: 1272 &rarr; <strong>1245</strong><br />(-27 for losing)
|raw|Weather One Trick's rating: 1247 &rarr; <strong>1274</strong><br />(+27 for winning)
|c|☆vific|aaaaah
|l|☆Weather One Trick
|player|p2|
|c|☆vific|gg
|l|☆vific
|player|p1|
