|j|☆zzzzzzzzz432
|j|☆Ry Izzle
|t:|1743918839
|gametype|singles
|player|p1|zzzzzzzzz432|camper|1300
|player|p2|Ry Izzle|musician|1358
|teamsize|p1|6
|teamsize|p2|6
|gen|9
|tier|[Gen 9] OU
|rated|
|rule|HP Percentage Mod: HP is shown in percentages
|rule|Endless Battle Clause: Forcing endless battles is banned
|rule|Species Clause: Limit one of each Pokémon
|rule|OHKO Clause: OHKO moves are banned
|rule|Evasion Items Clause: Evasion items are banned
|rule|Evasion Moves Clause: Evasion moves are banned
|rule|Sleep Moves Clause: Sleep-inducing moves are banned
|clearpoke
|poke|p1|Espeon, M|
|poke|p1|Primarina, F|
|poke|p1|Dragapult, F|
|poke|p1|Great Tusk|
|poke|p1|Scizor, M|
|poke|p1|Iron Valiant|
|poke|p2|Samurott-Hisui, M|
|poke|p2|Gliscor, M|
|poke|p2|Great Tusk|
|poke|p2|Tinkaton, F|
|poke|p2|Dragapult, F|
|poke|p2|Garganacl, F|
|teampreview
|inactive|Battle timer is ON: inactive players will automatically lose when time's up. (requested by Ry Izzle)
|
|t:|1743918845
|start
|switch|p1a: Dragapult|Dragapult, F|100/100
|switch|p2a: Tinkaton|Tinkaton, F|100/100
|-item|p2a: Tinkaton|Air Balloon
|turn|1
|
|t:|1743918854
|move|p1a: Dragapult|U-turn|p2a: Tinkaton
|-resisted|p2a: Tinkaton
|-damage|p2a: Tinkaton|90/100
|-enditem|p2a: Tinkaton|Air Balloon
|-enditem|p1a: Dragapult|Choice Band|[silent]|[from] ability: Pickpocket|[of] p1a: Dragapult
|-item|p2a: Tinkaton|Choice Band|[from] ability: Pickpocket|[of] p1a: Dragapult
|
|t:|1743918862
|switch|p1a: Great Tusk|Great Tusk|100/100|[from] U-turn
|move|p2a: Tinkaton|Knock Off|p1a: Great Tusk
|-resisted|p1a: Great Tusk
|-damage|p1a: Great Tusk|91/100
|-enditem|p1a: Great Tusk|Assault Vest|[from] move: Knock Off|[of] p2a: Tinkaton
|
|upkeep
|turn|2
|
|t:|1743918873
|switch|p2a: Great Tusk|Great Tusk|100/100
|move|p1a: Great Tusk|Ice Spinner|p2a: Great Tusk
|-supereffective|p2a: Great Tusk
|-damage|p2a: Great Tusk|63/100
|-damage|p1a: Great Tusk|75/100|[from] item: Rocky Helmet|[of] p2a: Great Tusk
|
|upkeep
|turn|3
|
|t:|1743918884
|-end|p1a: Great Tusk|Protosynthesis|[silent]
|switch|p1a: Scizor|Scizor, M|100/100
|move|p2a: Great Tusk|Rapid Spin|p1a: Scizor
|-resisted|p1a: Scizor
|-damage|p1a: Scizor|93/100
|-boost|p2a: Great Tusk|spe|1
|-damage|p2a: Great Tusk|47/100|[from] item: Rocky Helmet|[of] p1a: Scizor
|
|upkeep
|turn|4
|
|t:|1743918893
|-end|p2a: Great Tusk|Protosynthesis|[silent]
|switch|p2a: Gliscor|Gliscor, M|100/100
|move|p1a: Scizor|U-turn|p2a: Gliscor
|-resisted|p2a: Gliscor
|-damage|p2a: Gliscor|87/100
|
|t:|1743918903
|switch|p1a: Espeon|Espeon, M|100/100|[from] U-turn
|
|-status|p2a: Gliscor|tox|[from] item: Toxic Orb
|upkeep
|turn|5
|
|t:|1743918910
|move|p1a: Espeon|Trick|p2a: Gliscor
|-activate|p1a: Espeon|move: Trick|[of] p2a: Gliscor
|-item|p2a: Gliscor|Choice Scarf|[from] move: Trick
|-item|p1a: Espeon|Toxic Orb|[from] move: Trick
|move|p2a: Gliscor|U-turn|p1a: Espeon
|-supereffective|p1a: Espeon
|-damage|p1a: Espeon|45/100
|
|t:|1743918916
|switch|p2a: Dragapult|Dragapult, F|100/100|[from] U-turn
|
|-status|p1a: Espeon|tox|[from] item: Toxic Orb
|upkeep
|turn|6
|
|t:|1743918935
|switch|p1a: Primarina|Primarina, F|100/100
|move|p2a: Dragapult|U-turn|p1a: Primarina
|-resisted|p1a: Primarina
|-damage|p1a: Primarina|91/100
|
|t:|1743918941
|switch|p2a: Garganacl|Garganacl, F|100/100|[from] U-turn
|
|upkeep
|turn|7
|
|t:|1743918948
|switch|p1a: Espeon|Espeon, M|45/100 tox
|-terastallize|p2a: Garganacl|Water
|move|p2a: Garganacl|Curse|p2a: Garganacl
|-unboost|p2a: Garganacl|spe|1
|-boost|p2a: Garganacl|atk|1
|-boost|p2a: Garganacl|def|1
|
|-damage|p1a: Espeon|39/100 tox|[from] psn
|upkeep
|turn|8
|
|t:|1743918962
|move|p1a: Espeon|Psychic|p2a: Garganacl
|-damage|p2a: Garganacl|69/100
|move|p2a: Garganacl|Earthquake|p1a: Espeon
|-damage|p1a: Espeon|0 fnt
|faint|p1a: Espeon
|
|-heal|p2a: Garganacl|75/100|[from] item: Leftovers
|upkeep
|
|t:|1743918973
|switch|p1a: Iron Valiant|Iron Valiant|100/100
|-enditem|p1a: Iron Valiant|Booster Energy
|-activate|p1a: Iron Valiant|ability: Quark Drive|[fromitem]
|-start|p1a: Iron Valiant|quarkdrivespe
|turn|9
|
|t:|1743918979
|-terastallize|p1a: Iron Valiant|Electric
|move|p1a: Iron Valiant|Thunderbolt|p2a: Garganacl
|-supereffective|p2a: Garganacl
|-damage|p2a: Garganacl|15/100
|move|p2a: Garganacl|Salt Cure|p1a: Iron Valiant
|-damage|p1a: Iron Valiant|74/100
|-start|p1a: Iron Valiant|Salt Cure
|
|-heal|p2a: Garganacl|21/100|[from] item: Leftovers
|-damage|p1a: Iron Valiant|61/100|[from] Salt Cure
|upkeep
|turn|10
|
|t:|1743918991
|switch|p2a: Gliscor|Gliscor, M|87/100 tox
|move|p1a: Iron Valiant|Moonblast|p2a: Gliscor
|-damage|p2a: Gliscor|44/100 tox
|
|-heal|p2a: Gliscor|57/100 tox|[from] ability: Poison Heal
|-damage|p1a: Iron Valiant|49/100|[from] Salt Cure
|upkeep
|turn|11
|
|t:|1743919001
|move|p2a: Gliscor|Protect|p2a: Gliscor
|-singleturn|p2a: Gliscor|Protect
|move|p1a: Iron Valiant|Moonblast|p2a: Gliscor
|-activate|p2a: Gliscor|move: Protect
|
|-heal|p2a: Gliscor|69/100 tox|[from] ability: Poison Heal
|-damage|p1a: Iron Valiant|36/100|[from] Salt Cure
|upkeep
|turn|12
|
|t:|1743919012
|switch|p2a: Tinkaton|Tinkaton, F|90/100
|move|p1a: Iron Valiant|Moonblast|p2a: Tinkaton
|-resisted|p2a: Tinkaton
|-damage|p2a: Tinkaton|71/100
|
|-damage|p1a: Iron Valiant|24/100|[from] Salt Cure
|upkeep
|turn|13
|
|t:|1743919021
|switch|p2a: Gliscor|Gliscor, M|69/100 tox
|move|p1a: Iron Valiant|Moonblast|p2a: Gliscor
|-damage|p2a: Gliscor|28/100 tox
|
|-heal|p2a: Gliscor|41/100 tox|[from] ability: Poison Heal
|-damage|p1a: Iron Valiant|11/100|[from] Salt Cure
|upkeep
|turn|14
|
|t:|1743919031
|-end|p1a: Iron Valiant|Quark Drive|[silent]
|switch|p1a: Great Tusk|Great Tusk|75/100
|move|p2a: Gliscor|Protect||[still]
|-fail|p2a: Gliscor
|
|-heal|p2a: Gliscor|53/100 tox|[from] ability: Poison Heal
|upkeep
|turn|15
|
|t:|1743919039
|move|p2a: Gliscor|Protect|p2a: Gliscor
|-singleturn|p2a: Gliscor|Protect
|move|p1a: Great Tusk|Earthquake|p2a: Gliscor
|-activate|p2a: Gliscor|move: Protect
|
|-heal|p2a: Gliscor|66/100 tox|[from] ability: Poison Heal
|upkeep
|turn|16
|
|t:|1743919056
|switch|p2a: Great Tusk|Great Tusk|47/100
|move|p1a: Great Tusk|Earthquake|p2a: Great Tusk
|-damage|p2a: Great Tusk|11/100
|
|upkeep
|turn|17
|
|t:|1743919062
|move|p2a: Great Tusk|Headlong Rush|p1a: Great Tusk
|-damage|p1a: Great Tusk|32/100
|-unboost|p2a: Great Tusk|def|1
|-unboost|p2a: Great Tusk|spd|1
|move|p1a: Great Tusk|Earthquake|p2a: Great Tusk
|-damage|p2a: Great Tusk|0 fnt
|faint|p2a: Great Tusk
|-end|p2a: Great Tusk|Protosynthesis|[silent]
|
|upkeep
|
|t:|1743919078
|switch|p2a: Dragapult|Dragapult, F|100/100
|turn|18
|
|t:|1743919082
|-end|p1a: Great Tusk|Protosynthesis|[silent]
|switch|p1a: Primarina|Primarina, F|91/100
|move|p2a: Dragapult|Hex|p1a: Primarina
|-damage|p1a: Primarina|77/100
|
|upkeep
|turn|19
|
|t:|1743919093
|switch|p2a: Tinkaton|Tinkaton, F|71/100
|move|p1a: Primarina|Moonblast|p2a: Tinkaton
|-resisted|p2a: Tinkaton
|-damage|p2a: Tinkaton|49/100
|
|upkeep
|turn|20
|
|t:|1743919100
|switch|p1a: Scizor|Scizor, M|93/100
|move|p2a: Tinkaton|Gigaton Hammer|p1a: Scizor
|-resisted|p1a: Scizor
|-damage|p1a: Scizor|64/100
|
|upkeep
|turn|21
|
|t:|1743919107
|switch|p2a: Dragapult|Dragapult, F|100/100
|move|p1a: Scizor|U-turn|p2a: Dragapult
|-resisted|p2a: Dragapult
|-damage|p2a: Dragapult|77/100
|
|t:|1743919114
|switch|p1a: Primarina|Primarina, F|77/100|[from] U-turn
|
|upkeep
|turn|22
|
|t:|1743919119
|move|p2a: Dragapult|U-turn|p1a: Primarina
|-resisted|p1a: Primarina
|-damage|p1a: Primarina|67/100
|
|t:|1743919121
|switch|p2a: Tinkaton|Tinkaton, F|49/100|[from] U-turn
|move|p1a: Primarina|Moonblast|p2a: Tinkaton
|-resisted|p2a: Tinkaton
|-damage|p2a: Tinkaton|25/100
|
|upkeep
|turn|23
|
|t:|1743919129
|switch|p1a: Scizor|Scizor, M|64/100
|move|p2a: Tinkaton|Gigaton Hammer|p1a: Scizor
|-resisted|p1a: Scizor
|-damage|p1a: Scizor|36/100
|
|upkeep
|turn|24
|
|t:|1743919136
|switch|p2a: Dragapult|Dragapult, F|77/100
|move|p1a: Scizor|Bullet Punch|p2a: Dragapult
|-damage|p2a: Dragapult|35/100
|
|upkeep
|turn|25
|
|t:|1743919143
|switch|p2a: Gliscor|Gliscor, M|66/100 tox
|move|p1a: Scizor|U-turn|p2a: Gliscor
|-resisted|p2a: Gliscor
|-damage|p2a: Gliscor|51/100 tox
|
|t:|1743919149
|switch|p1a: Primarina|Primarina, F|67/100|[from] U-turn
|
|-heal|p2a: Gliscor|64/100 tox|[from] ability: Poison Heal
|upkeep
|turn|26
|
|t:|1743919157
|move|p2a: Gliscor|Earthquake|p1a: Primarina
|-crit|p1a: Primarina
|-damage|p1a: Primarina|8/100
|move|p1a: Primarina|Sparkling Aria|p2a: Gliscor
|-supereffective|p2a: Gliscor
|-damage|p2a: Gliscor|0 fnt
|faint|p2a: Gliscor
|
|upkeep
|
|t:|1743919168
|switch|p2a: Samurott|Samurott-Hisui, M|100/100
|turn|27
|c|☆zzzzzzzzz432|Finally
|c|☆zzzzzzzzz432|I fucking hate gliscor
|
|t:|1743919185
|move|p2a: Samurott|Ceaseless Edge|p1a: Primarina
|-resisted|p1a: Primarina
|-damage|p1a: Primarina|0 fnt
|-sidestart|p1: zzzzzzzzz432|Spikes
|faint|p1a: Primarina
|
|upkeep
|
|t:|1743919193
|switch|p1a: Great Tusk|Great Tusk|32/100
|-damage|p1a: Great Tusk|20/100|[from] Spikes
|turn|28
|
|t:|1743919199
|switch|p2a: Dragapult|Dragapult, F|35/100
|move|p1a: Great Tusk|Earthquake|p2a: Dragapult
|-damage|p2a: Dragapult|0 fnt
|faint|p2a: Dragapult
|
|upkeep
|
|t:|1743919202
|switch|p2a: Tinkaton|Tinkaton, F|25/100
|turn|29
|
|t:|1743919209
|-end|p1a: Great Tusk|Protosynthesis|[silent]
|switch|p1a: Iron Valiant|Iron Valiant, tera:Electric|11/100
|-damage|p1a: Iron Valiant|0 fnt|[from] Spikes
|faint|p1a: Iron Valiant
|-end|p1a: Iron Valiant|Quark Drive|[silent]
|move|p2a: Tinkaton|Gigaton Hammer|p1: Iron Valiant|[notarget]
|-fail|p2a: Tinkaton
|
|upkeep
|
|t:|1743919221
|switch|p1a: Great Tusk|Great Tusk|20/100
|-damage|p1a: Great Tusk|7/100|[from] Spikes
|turn|30
|
|t:|1743919228
|-activate|p2a: Tinkaton|move: Struggle
|move|p2a: Tinkaton|Struggle|p1a: Great Tusk
|-damage|p1a: Great Tusk|0 fnt
|faint|p1a: Great Tusk
|-end|p1a: Great Tusk|Protosynthesis|[silent]
|-damage|p2a: Tinkaton|0 fnt|[from] recoil
|faint|p2a: Tinkaton
|
|upkeep
|
|t:|1743919239
|switch|p2a: Samurott|Samurott-Hisui, M|100/100
|switch|p1a: Dragapult|Dragapult, F|100/100
|-damage|p1a: Dragapult|88/100|[from] Spikes
|turn|31
|
|t:|1743919245
|move|p2a: Samurott|Sucker Punch|p1a: Dragapult
|-supereffective|p1a: Dragapult
|-damage|p1a: Dragapult|0 fnt
|faint|p1a: Dragapult
|
|upkeep
|-message|zzzzzzzzz432 forfeited.
|
|win|Ry Izzle
|raw|zzzzzzzzz432's rating: 1300 &rarr; <strong>1279</strong><br />(-21 for losing)
|raw|Ry Izzle's rating: 1358 &rarr; <strong>1375</strong><br />(+17 for winning)
|l|☆zzzzzzzzz432
|player|p1|
