|j|☆ascet0
|j|☆littlewhitedog
|t:|1743934066
|gametype|singles
|player|p1|ascet0|170|1095
|player|p2|littlewhitedog|266|1136
|teamsize|p1|6
|teamsize|p2|6
|gen|9
|tier|[Gen 9] OU
|rated|
|rule|HP Percentage Mod: HP is shown in percentages
|rule|Endless Battle Clause: Forcing endless battles is banned
|rule|Species Clause: Limit one of each Pokémon
|rule|OHKO Clause: OHKO moves are banned
|rule|Evasion Items Clause: Evasion items are banned
|rule|Evasion Moves Clause: Evasion moves are banned
|rule|Sleep Moves Clause: Sleep-inducing moves are banned
|clearpoke
|poke|p1|Serperior, F|
|poke|p1|Skarmory, F|
|poke|p1|Araquanid, F|
|poke|p1|Sandslash, M|
|poke|p1|Skeledirge, M|
|poke|p1|Tyranitar, F|
|poke|p2|Ting-Lu|
|poke|p2|Beartic, M|
|poke|p2|Ogerpon-Cornerstone, F|
|poke|p2|Corviknight, M|
|poke|p2|Slowking-Galar, M|
|poke|p2|Alomomola, F|
|teampreview
|
|t:|1743934078
|start
|switch|p1a: Araquanid|Araquanid, F|100/100
|switch|p2a: Pong|Ogerpon-Cornerstone, F|100/100
|turn|1
|
|t:|1743934090
|move|p2a: Pong|Ivy Cudgel|p1a: Araquanid|[anim] Ivy Cudgel Rock
|-supereffective|p1a: Araquanid
|-damage|p1a: Araquanid|0 fnt
|faint|p1a: Araquanid
|
|upkeep
|
|t:|1743934096
|switch|p1a: Serperior|Serperior, F|100/100
|turn|2
|
|t:|1743934104
|switch|p2a: Glow Up|Slowking-Galar, M|100/100
|move|p1a: Serperior|Coil|p1a: Serperior
|-boost|p1a: Serperior|atk|1
|-boost|p1a: Serperior|def|1
|-boost|p1a: Serperior|accuracy|1
|
|upkeep
|turn|3
|
|t:|1743934119
|-terastallize|p1a: Serperior|Ground
|move|p1a: Serperior|Coil|p1a: Serperior
|-boost|p1a: Serperior|atk|1
|-boost|p1a: Serperior|def|1
|-boost|p1a: Serperior|accuracy|1
|move|p2a: Glow Up|Sludge Bomb|p1a: Serperior
|-resisted|p1a: Serperior
|-damage|p1a: Serperior|81/100
|-status|p1a: Serperior|psn
|
|-heal|p1a: Serperior|87/100 psn|[from] item: Leftovers
|-damage|p1a: Serperior|75/100 psn|[from] psn
|upkeep
|turn|4
|
|t:|1743934125
|move|p1a: Serperior|Tera Blast|p2a: Glow Up|[anim] Tera Blast Ground
|-supereffective|p2a: Glow Up
|-damage|p2a: Glow Up|0 fnt
|faint|p2a: Glow Up
|
|-heal|p1a: Serperior|81/100 psn|[from] item: Leftovers
|-damage|p1a: Serperior|69/100 psn|[from] psn
|upkeep
|
|t:|1743934139
|switch|p2a: Mecha Sonic|Corviknight, M|100/100
|-ability|p2a: Mecha Sonic|Pressure
|turn|5
|
|t:|1743934143
|move|p1a: Serperior|Iron Tail|p2a: Mecha Sonic
|-resisted|p2a: Mecha Sonic
|-damage|p2a: Mecha Sonic|84/100
|-damage|p1a: Serperior|52/100 psn|[from] item: Rocky Helmet|[of] p2a: Mecha Sonic
|move|p2a: Mecha Sonic|Iron Defense|p2a: Mecha Sonic
|-boost|p2a: Mecha Sonic|def|2
|
|-heal|p1a: Serperior|59/100 psn|[from] item: Leftovers
|-damage|p1a: Serperior|46/100 psn|[from] psn
|upkeep
|turn|6
|
|t:|1743934149
|move|p1a: Serperior|Trailblaze|p2a: Mecha Sonic
|-resisted|p2a: Mecha Sonic
|-damage|p2a: Mecha Sonic|81/100
|-boost|p1a: Serperior|spe|1
|-damage|p1a: Serperior|30/100 psn|[from] item: Rocky Helmet|[of] p2a: Mecha Sonic
|move|p2a: Mecha Sonic|Roost|p2a: Mecha Sonic
|-heal|p2a: Mecha Sonic|100/100
|-singleturn|p2a: Mecha Sonic|move: Roost
|
|-heal|p1a: Serperior|36/100 psn|[from] item: Leftovers
|-damage|p1a: Serperior|23/100 psn|[from] psn
|upkeep
|turn|7
|
|t:|1743934155
|switch|p1a: Skeledirge|Skeledirge, M|100/100
|move|p2a: Mecha Sonic|Iron Defense|p2a: Mecha Sonic
|-boost|p2a: Mecha Sonic|def|2
|
|upkeep
|turn|8
|
|t:|1743934158
|switch|p2a: Pyramid Head|Ting-Lu|100/100
|-ability|p2a: Pyramid Head|Vessel of Ruin
|move|p1a: Skeledirge|Torch Song|p2a: Pyramid Head
|-damage|p2a: Pyramid Head|82/100
|-boost|p1a: Skeledirge|spa|1
|
|-heal|p2a: Pyramid Head|89/100|[from] item: Leftovers
|upkeep
|turn|9
|
|t:|1743934165
|move|p1a: Skeledirge|Will-O-Wisp|p2a: Pyramid Head
|-status|p2a: Pyramid Head|brn
|move|p2a: Pyramid Head|Earthquake|p1a: Skeledirge
|-supereffective|p1a: Skeledirge
|-damage|p1a: Skeledirge|68/100
|
|-heal|p1a: Skeledirge|75/100|[from] item: Leftovers
|-heal|p2a: Pyramid Head|95/100 brn|[from] item: Leftovers
|-damage|p2a: Pyramid Head|89/100 brn|[from] brn
|upkeep
|turn|10
|
|t:|1743934173
|move|p1a: Skeledirge|Torch Song|p2a: Pyramid Head
|-damage|p2a: Pyramid Head|64/100 brn
|-boost|p1a: Skeledirge|spa|1
|move|p2a: Pyramid Head|Rest|p2a: Pyramid Head
|-status|p2a: Pyramid Head|slp|[from] move: Rest
|-heal|p2a: Pyramid Head|100/100 slp|[silent]
|
|-heal|p1a: Skeledirge|81/100|[from] item: Leftovers
|upkeep
|turn|11
|
|t:|1743934179
|move|p1a: Skeledirge|Hex|p2a: Pyramid Head
|-resisted|p2a: Pyramid Head
|-damage|p2a: Pyramid Head|72/100 slp
|cant|p2a: Pyramid Head|slp
|move|p2a: Pyramid Head|Sleep Talk|p2a: Pyramid Head
|move|p2a: Pyramid Head|Earthquake|p1a: Skeledirge|[from] move: Sleep Talk
|-supereffective|p1a: Skeledirge
|-damage|p1a: Skeledirge|22/100
|
|-heal|p1a: Skeledirge|28/100|[from] item: Leftovers
|-heal|p2a: Pyramid Head|79/100 slp|[from] item: Leftovers
|upkeep
|turn|12
|
|t:|1743934185
|move|p1a: Skeledirge|Slack Off|p1a: Skeledirge
|-heal|p1a: Skeledirge|78/100
|cant|p2a: Pyramid Head|slp
|move|p2a: Pyramid Head|Sleep Talk|p2a: Pyramid Head
|move|p2a: Pyramid Head|Payback|p1a: Skeledirge|[from] move: Sleep Talk
|-supereffective|p1a: Skeledirge
|-damage|p1a: Skeledirge|17/100
|
|-heal|p1a: Skeledirge|23/100|[from] item: Leftovers
|-heal|p2a: Pyramid Head|85/100 slp|[from] item: Leftovers
|upkeep
|turn|13
|
|t:|1743934191
|switch|p1a: Serperior|Serperior, F, tera:Ground|23/100 psn
|-curestatus|p2a: Pyramid Head|slp|[msg]
|move|p2a: Pyramid Head|Earthquake|p1a: Serperior
|-damage|p1a: Serperior|0 fnt
|faint|p1a: Serperior
|
|-heal|p2a: Pyramid Head|91/100|[from] item: Leftovers
|upkeep
|
|t:|1743934193
|switch|p1a: Skarmory|Skarmory, F|100/100
|turn|14
|
|t:|1743934203
|switch|p2a: Hello my honey|Alomomola, F, shiny|100/100
|move|p1a: Skarmory|Body Press|p2a: Hello my honey
|-damage|p2a: Hello my honey|81/100
|
|upkeep
|turn|15
|
|t:|1743934211
|switch|p1a: Tyranitar|Tyranitar, F|100/100
|-weather|Sandstorm|[from] ability: Sand Stream|[of] p1a: Tyranitar
|move|p2a: Hello my honey|Wish|p2a: Hello my honey
|
|-weather|Sandstorm|[upkeep]
|-damage|p2a: Hello my honey|75/100|[from] Sandstorm
|upkeep
|turn|16
|
|t:|1743934215
|move|p1a: Tyranitar|Thunder Punch|p2a: Hello my honey
|-supereffective|p2a: Hello my honey
|-damage|p2a: Hello my honey|37/100
|move|p2a: Hello my honey|Flip Turn|p1a: Tyranitar
|-supereffective|p1a: Tyranitar
|-damage|p1a: Tyranitar|76/100
|
|t:|1743934228
|switch|p2a: Mecha Sonic|Corviknight, M|100/100|[from] Flip Turn
|-ability|p2a: Mecha Sonic|Pressure
|
|-weather|Sandstorm|[upkeep]
|upkeep
|turn|17
|
|t:|1743934232
|move|p2a: Mecha Sonic|Body Press|p1a: Tyranitar
|-supereffective|p1a: Tyranitar
|-damage|p1a: Tyranitar|1/100
|move|p1a: Tyranitar|Thunder Punch|p2a: Mecha Sonic
|-supereffective|p2a: Mecha Sonic
|-damage|p2a: Mecha Sonic|67/100
|-damage|p1a: Tyranitar|0 fnt|[from] item: Rocky Helmet|[of] p2a: Mecha Sonic
|faint|p1a: Tyranitar
|
|-weather|Sandstorm|[upkeep]
|upkeep
|
|t:|1743934235
|switch|p1a: Sandslash|Sandslash, M|100/100
|turn|18
|
|t:|1743934243
|switch|p2a: Ice King|Beartic, M|100/100
|move|p1a: Sandslash|Swords Dance|p1a: Sandslash
|-boost|p1a: Sandslash|atk|2
|
|-weather|Sandstorm|[upkeep]
|-damage|p2a: Ice King|94/100|[from] Sandstorm
|upkeep
|turn|19
|
|t:|1743934248
|move|p1a: Sandslash|Stone Edge|p2a: Ice King
|-supereffective|p2a: Ice King
|-damage|p2a: Ice King|0 fnt
|faint|p2a: Ice King
|
|-weather|none
|upkeep
|
|t:|1743934255
|switch|p2a: Pong|Ogerpon-Cornerstone, F|100/100
|turn|20
|
|t:|1743934258
|switch|p1a: Skarmory|Skarmory, F|100/100
|move|p2a: Pong|Horn Leech|p1a: Skarmory
|-resisted|p1a: Skarmory
|-damage|p1a: Skarmory|94/100
|-damage|p2a: Pong|84/100|[from] item: Rocky Helmet|[of] p1a: Skarmory
|
|upkeep
|turn|21
|
|t:|1743934267
|switch|p2a: Mecha Sonic|Corviknight, M|67/100
|-ability|p2a: Mecha Sonic|Pressure
|move|p1a: Skarmory|Body Press|p2a: Mecha Sonic
|-damage|p2a: Mecha Sonic|49/100
|-damage|p1a: Skarmory|77/100|[from] item: Rocky Helmet|[of] p2a: Mecha Sonic
|
|upkeep
|turn|22
|
|t:|1743934275
|move|p1a: Skarmory|Roost|p1a: Skarmory
|-heal|p1a: Skarmory|100/100
|-singleturn|p1a: Skarmory|move: Roost
|move|p2a: Mecha Sonic|Roost|p2a: Mecha Sonic
|-heal|p2a: Mecha Sonic|99/100
|-singleturn|p2a: Mecha Sonic|move: Roost
|
|upkeep
|turn|23
|
|t:|1743934280
|move|p1a: Skarmory|Iron Head|p2a: Mecha Sonic
|-resisted|p2a: Mecha Sonic
|-damage|p2a: Mecha Sonic|92/100
|-damage|p1a: Skarmory|84/100|[from] item: Rocky Helmet|[of] p2a: Mecha Sonic
|move|p2a: Mecha Sonic|Iron Defense|p2a: Mecha Sonic
|-boost|p2a: Mecha Sonic|def|2
|
|upkeep
|turn|24
|
|t:|1743934285
|move|p1a: Skarmory|Body Press|p2a: Mecha Sonic
|-damage|p2a: Mecha Sonic|82/100
|-damage|p1a: Skarmory|68/100|[from] item: Rocky Helmet|[of] p2a: Mecha Sonic
|move|p2a: Mecha Sonic|Body Press|p1a: Skarmory
|-damage|p1a: Skarmory|35/100
|-damage|p2a: Mecha Sonic|66/100|[from] item: Rocky Helmet|[of] p1a: Skarmory
|
|upkeep
|turn|25
|
|t:|1743934289
|switch|p1a: Skeledirge|Skeledirge, M|23/100
|move|p2a: Mecha Sonic|Roost|p2a: Mecha Sonic
|-heal|p2a: Mecha Sonic|100/100
|-singleturn|p2a: Mecha Sonic|move: Roost
|
|-heal|p1a: Skeledirge|29/100|[from] item: Leftovers
|upkeep
|turn|26
|
|t:|1743934295
|switch|p2a: Pong|Ogerpon-Cornerstone, F|84/100
|move|p1a: Skeledirge|Slack Off|p1a: Skeledirge
|-heal|p1a: Skeledirge|79/100
|
|-heal|p1a: Skeledirge|85/100|[from] item: Leftovers
|upkeep
|turn|27
|
|t:|1743934305
|-terastallize|p2a: Pong|Rock
|detailschange|p2a: Pong|Ogerpon-Cornerstone-Tera, F, tera:Rock
|-ability|p2a: Pong|Embody Aspect (Cornerstone)|boost
|-boost|p2a: Pong|def|1
|move|p2a: Pong|Ivy Cudgel|p1a: Skeledirge|[anim] Ivy Cudgel Rock
|-supereffective|p1a: Skeledirge
|-crit|p1a: Skeledirge
|-damage|p1a: Skeledirge|0 fnt
|faint|p1a: Skeledirge
|
|upkeep
|
|t:|1743934312
|switch|p1a: Skarmory|Skarmory, F|35/100
|turn|28
|
|t:|1743934316
|move|p2a: Pong|Ivy Cudgel|p1a: Skarmory|[anim] Ivy Cudgel Rock
|-damage|p1a: Skarmory|0 fnt
|faint|p1a: Skarmory
|
|upkeep
|
|t:|1743934318
|switch|p1a: Sandslash|Sandslash, M|100/100
|turn|29
|
|t:|1743934321
|move|p2a: Pong|Horn Leech|p1a: Sandslash
|-supereffective|p1a: Sandslash
|-damage|p1a: Sandslash|11/100
|-heal|p2a: Pong|100/100|[from] drain|[of] p1a: Sandslash
|move|p1a: Sandslash|Swords Dance|p1a: Sandslash
|-boost|p1a: Sandslash|atk|2
|
|upkeep
|turn|30
|
|t:|1743934327
|move|p2a: Pong|Horn Leech|p1a: Sandslash
|-supereffective|p1a: Sandslash
|-damage|p1a: Sandslash|0 fnt
|faint|p1a: Sandslash
|
|win|littlewhitedog
|raw|ascet0's rating: 1095 &rarr; <strong>1074</strong><br />(-21 for losing)
|raw|littlewhitedog's rating: 1136 &rarr; <strong>1158</strong><br />(+22 for winning)
|l|☆ascet0
|player|p1|
|l|☆littlewhitedog
|player|p2|
