|j|☆IconicWrecker
|j|☆Purple Mamba
|t:|1743927537
|gametype|singles
|player|p1|IconicWrecker|red|1212
|player|p2|Purple Mamba|1|1300
|teamsize|p1|6
|teamsize|p2|6
|gen|9
|tier|[Gen 9] OU
|rated|
|rule|HP Percentage Mod: HP is shown in percentages
|rule|Endless Battle Clause: Forcing endless battles is banned
|rule|Species Clause: Limit one of each Pokémon
|rule|OHKO Clause: OHKO moves are banned
|rule|Evasion Items Clause: Evasion items are banned
|rule|Evasion Moves Clause: Evasion moves are banned
|rule|Sleep Moves Clause: Sleep-inducing moves are banned
|clearpoke
|poke|p1|Garchomp, M|
|poke|p1|Skeledirge, M|
|poke|p1|Scizor, M|
|poke|p1|Volcanion|
|poke|p1|Latias, F|
|poke|p1|Armarouge, M|
|poke|p2|Krookodile, M|
|poke|p2|Torkoal, F|
|poke|p2|Iron Moth|
|poke|p2|Scizor, F|
|poke|p2|Iron Valiant|
|poke|p2|Walking Wake|
|teampreview
|inactive|Battle timer is ON: inactive players will automatically lose when time's up. (requested by IconicWrecker)
|
|t:|1743927554
|start
|switch|p1a: Garchomp|Garchomp, M|100/100
|switch|p2a: Krookodile|Krookodile, M|100/100
|-ability|p2a: Krookodile|Intimidate|boost
|-unboost|p1a: Garchomp|atk|1
|turn|1
|
|t:|1743927566
|switch|p2a: Iron Valiant|Iron Valiant|100/100
|-enditem|p2a: Iron Valiant|Booster Energy
|-activate|p2a: Iron Valiant|ability: Quark Drive|[fromitem]
|-start|p2a: Iron Valiant|quarkdrivespe
|move|p1a: Garchomp|Swords Dance|p1a: Garchomp
|-boost|p1a: Garchomp|atk|2
|
|upkeep
|turn|2
|
|t:|1743927580
|-terastallize|p1a: Garchomp|Fire
|move|p2a: Iron Valiant|Swords Dance|p2a: Iron Valiant
|-boost|p2a: Iron Valiant|atk|2
|move|p1a: Garchomp|Earthquake|p2a: Iron Valiant
|-damage|p2a: Iron Valiant|5/100
|
|upkeep
|turn|3
|
|t:|1743927594
|move|p2a: Iron Valiant|Knock Off|p1a: Garchomp
|-damage|p1a: Garchomp|37/100
|-damage|p2a: Iron Valiant|0 fnt|[from] ability: Rough Skin|[of] p1a: Garchomp
|faint|p2a: Iron Valiant
|-end|p2a: Iron Valiant|Quark Drive|[silent]
|move|p1a: Garchomp|Fire Fang|p2: Iron Valiant|[notarget]
|-fail|p1a: Garchomp
|
|upkeep
|
|t:|1743927603
|switch|p2a: Krookodile|Krookodile, M|100/100
|-ability|p2a: Krookodile|Intimidate|boost
|-unboost|p1a: Garchomp|atk|1
|turn|4
|
|t:|1743927617
|move|p1a: Garchomp|Scale Shot|p2a: Krookodile
|-damage|p2a: Krookodile|83/100
|-damage|p2a: Krookodile|67/100
|-damage|p2a: Krookodile|49/100
|-damage|p2a: Krookodile|34/100
|-hitcount|p2a: Krookodile|4
|-unboost|p1a: Garchomp|def|1
|-boost|p1a: Garchomp|spe|1
|move|p2a: Krookodile|Stealth Rock|p1a: Garchomp
|-sidestart|p1: IconicWrecker|move: Stealth Rock
|
|upkeep
|turn|5
|
|t:|1743927638
|switch|p2a: Torkoal|Torkoal, F|100/100
|-weather|SunnyDay|[from] ability: Drought|[of] p2a: Torkoal
|move|p1a: Garchomp|Scale Shot|p2a: Torkoal
|-damage|p2a: Torkoal|93/100
|-damage|p2a: Torkoal|85/100
|-damage|p2a: Torkoal|77/100
|-damage|p2a: Torkoal|70/100
|-crit|p2a: Torkoal
|-damage|p2a: Torkoal|57/100
|-hitcount|p2a: Torkoal|5
|-unboost|p1a: Garchomp|def|1
|-boost|p1a: Garchomp|spe|1
|
|-weather|SunnyDay|[upkeep]
|upkeep
|turn|6
|
|t:|1743927654
|switch|p2a: Krookodile|Krookodile, M|34/100
|-ability|p2a: Krookodile|Intimidate|boost
|-unboost|p1a: Garchomp|atk|1
|move|p1a: Garchomp|Earthquake|p2a: Krookodile
|-damage|p2a: Krookodile|0 fnt
|faint|p2a: Krookodile
|
|-weather|SunnyDay|[upkeep]
|upkeep
|
|t:|1743927665
|switch|p2a: Iron Moth|Iron Moth|100/100
|-enditem|p2a: Iron Moth|Booster Energy
|-activate|p2a: Iron Moth|ability: Quark Drive|[fromitem]
|-start|p2a: Iron Moth|quarkdrivespa
|turn|7
|
|t:|1743927673
|move|p1a: Garchomp|Earthquake|p2a: Iron Moth
|-supereffective|p2a: Iron Moth
|-damage|p2a: Iron Moth|0 fnt
|faint|p2a: Iron Moth
|-end|p2a: Iron Moth|Quark Drive|[silent]
|
|-weather|SunnyDay|[upkeep]
|upkeep
|l|☆Purple Mamba
|inactive|Purple Mamba disconnected and has a minute to reconnect!
|player|p2|
|inactive|Purple Mamba has 30 seconds to reconnect!
|inactive|Purple Mamba has 20 seconds to reconnect!
|inactive|Purple Mamba has 15 seconds to reconnect!
|inactive|Purple Mamba has 10 seconds to reconnect!
|inactive|Purple Mamba has 5 seconds to reconnect!
|-message|Purple Mamba lost due to inactivity.
|
|win|IconicWrecker
|raw|IconicWrecker's rating: 1212 &rarr; <strong>1243</strong><br />(+31 for winning)
|raw|Purple Mamba's rating: 1300 &rarr; <strong>1269</strong><br />(-31 for losing)
|l|☆IconicWrecker
|player|p1|
