|j|☆kalen80
|j|☆glubbles
|t:|1743931279
|gametype|singles
|player|p1|kalen80|burglar|1192
|player|p2|glubbles|beauty|1206
|teamsize|p1|6
|teamsize|p2|6
|gen|9
|tier|[Gen 9] OU
|rated|
|rule|HP Percentage Mod: HP is shown in percentages
|rule|Endless Battle Clause: Forcing endless battles is banned
|rule|Species Clause: Limit one of each Pokémon
|rule|OHKO Clause: OHKO moves are banned
|rule|Evasion Items Clause: Evasion items are banned
|rule|Evasion Moves Clause: Evasion moves are banned
|rule|Sleep Moves Clause: Sleep-inducing moves are banned
|clearpoke
|poke|p1|Toxtricity, M|
|poke|p1|Armarouge, F|
|poke|p1|Bisharp, M|
|poke|p1|Dudunsparce-*, F|
|poke|p1|Tropius, F|
|poke|p1|Mandibuzz, F|
|poke|p2|Tinkaton, F|
|poke|p2|Alomomola, F|
|poke|p2|Slowking-Galar, F|
|poke|p2|Dragapult, F|
|poke|p2|Gyarados, M|
|poke|p2|Goodra-Hisui, F|
|teampreview
|
|t:|1743931288
|start
|switch|p1a: Armarouge|Armarouge, F|100/100
|switch|p2a: Dragapult|Dragapult, F|100/100
|turn|1
|
|t:|1743931294
|move|p2a: Dragapult|Dragon Darts|p1a: Armarouge
|-damage|p1a: Armarouge|59/100
|-ability|p1a: Armarouge|Weak Armor|boost
|-unboost|p1a: Armarouge|def|1
|-boost|p1a: Armarouge|spe|2
|-anim|p2a: Dragapult|Dragon Darts|p1a: Armarouge
|-damage|p1a: Armarouge|3/100
|-ability|p1a: Armarouge|Weak Armor|boost
|-unboost|p1a: Armarouge|def|1
|-boost|p1a: Armarouge|spe|2
|move|p1a: Armarouge|Destiny Bond|p1a: Armarouge
|-singlemove|p1a: Armarouge|Destiny Bond
|
|upkeep
|turn|2
|
|t:|1743931304
|switch|p2a: Goodra|Goodra-Hisui, F|100/100
|move|p1a: Armarouge|Psyshock|p2a: Goodra
|-resisted|p2a: Goodra
|-damage|p2a: Goodra|79/100
|
|upkeep
|turn|3
|
|t:|1743931311
|move|p1a: Armarouge|Destiny Bond|p1a: Armarouge
|-singlemove|p1a: Armarouge|Destiny Bond
|move|p2a: Goodra|Heavy Slam|p1a: Armarouge
|-resisted|p1a: Armarouge
|-damage|p1a: Armarouge|0 fnt
|faint|p1a: Armarouge
|-activate|p1a: Armarouge|move: Destiny Bond
|faint|p2a: Goodra
|
|upkeep
|
|t:|1743931320
|switch|p1a: Toxtricity|Toxtricity, M|100/100
|switch|p2a: Tinkaton|Tinkaton, F|100/100
|-item|p2a: Tinkaton|Air Balloon
|turn|4
|
|t:|1743931325
|move|p2a: Tinkaton|Fake Out|p1a: Toxtricity
|-damage|p1a: Toxtricity|83/100
|cant|p1a: Toxtricity|flinch
|
|upkeep
|turn|5
|
|t:|1743931330
|move|p2a: Tinkaton|Stealth Rock|p1a: Toxtricity
|-sidestart|p1: kalen80|move: Stealth Rock
|move|p1a: Toxtricity|Shift Gear|p1a: Toxtricity
|-boost|p1a: Toxtricity|spe|2
|-boost|p1a: Toxtricity|atk|1
|
|upkeep
|turn|6
|
|t:|1743931335
|move|p1a: Toxtricity|Overdrive|p2a: Tinkaton
|-damage|p2a: Tinkaton|40/100
|-enditem|p2a: Tinkaton|Air Balloon
|-enditem|p1a: Toxtricity|Throat Spray
|-boost|p1a: Toxtricity|spa|1|[from] item: Throat Spray
|move|p2a: Tinkaton|Gigaton Hammer|p1a: Toxtricity
|-resisted|p1a: Toxtricity
|-damage|p1a: Toxtricity|35/100
|
|upkeep
|turn|7
|
|t:|1743931347
|move|p2a: Tinkaton|Fake Out||[still]
|-hint|Fake Out only works on your first turn out.
|-fail|p2a: Tinkaton
|move|p1a: Toxtricity|Overdrive|p2a: Tinkaton
|-damage|p2a: Tinkaton|0 fnt
|faint|p2a: Tinkaton
|
|upkeep
|
|t:|1743931353
|switch|p2a: Slowking|Slowking-Galar, F|100/100
|turn|8
|
|t:|1743931361
|move|p1a: Toxtricity|Overdrive|p2a: Slowking
|-damage|p2a: Slowking|37/100
|move|p2a: Slowking|Flamethrower|p1a: Toxtricity
|-damage|p1a: Toxtricity|0 fnt
|faint|p1a: Toxtricity
|-damage|p2a: Slowking|27/100|[from] item: Life Orb
|
|upkeep
|
|t:|1743931365
|switch|p1a: Mandibuzz|Mandibuzz, F|100/100
|turn|9
|
|t:|1743931369
|switch|p2a: Alomomola|Alomomola, F|100/100
|move|p1a: Mandibuzz|Defog|p2a: Alomomola
|-unboost|p2a: Alomomola|evasion|1
|-sideend|p1: kalen80|Stealth Rock|[from] move: Defog|[of] p1a: Mandibuzz
|
|upkeep
|turn|10
|
|t:|1743931375
|move|p1a: Mandibuzz|Toxic|p2a: Alomomola
|-status|p2a: Alomomola|tox
|move|p2a: Alomomola|Wish|p2a: Alomomola
|
|-damage|p2a: Alomomola|94/100 tox|[from] psn
|upkeep
|turn|11
|
|t:|1743931380
|switch|p1a: Tropius|Tropius, F|100/100
|move|p2a: Alomomola|Flip Turn|p1a: Tropius
|-resisted|p1a: Tropius
|-damage|p1a: Tropius|95/100
|
|t:|1743931383
|switch|p2a: Gyarados|Gyarados, M|100/100|[from] Flip Turn
|-ability|p2a: Gyarados|Intimidate|boost
|-unboost|p1a: Tropius|atk|1
|
|upkeep
|turn|12
|
|t:|1743931386
|move|p2a: Gyarados|Ice Fang|p1a: Tropius
|-supereffective|p1a: Tropius
|-damage|p1a: Tropius|13/100
|-enditem|p1a: Tropius|Aguav Berry|[eat]
|-heal|p1a: Tropius|47/100|[from] item: Aguav Berry
|move|p1a: Tropius|Substitute|p1a: Tropius
|-start|p1a: Tropius|Substitute
|-damage|p1a: Tropius|22/100
|
|upkeep
|turn|13
|
|t:|1743931391
|switch|p2a: Alomomola|Alomomola, F|100/100 tox
|move|p1a: Tropius|Leech Seed|p2a: Alomomola
|-start|p2a: Alomomola|move: Leech Seed
|
|-damage|p2a: Alomomola|88/100 tox|[from] Leech Seed|[of] p1a: Tropius
|-heal|p1a: Tropius|40/100|[silent]
|-damage|p2a: Alomomola|82/100 tox|[from] psn
|upkeep
|turn|14
|
|t:|1743931398
|move|p2a: Alomomola|Flip Turn|p1a: Tropius
|-resisted|p1a: Tropius
|-activate|p1a: Tropius|move: Substitute|[damage]
|
|t:|1743931400
|switch|p2a: Slowking|Slowking-Galar, F|60/100|[from] Flip Turn
|move|p1a: Tropius|Air Slash|p2a: Slowking
|-damage|p2a: Slowking|44/100
|
|-item|p1a: Tropius|Aguav Berry|[from] ability: Harvest
|upkeep
|turn|15
|
|t:|1743931406
|move|p1a: Tropius|Leech Seed|p2a: Slowking
|-start|p2a: Slowking|move: Leech Seed
|-prepare|p2a: Slowking|Chilly Reception|[premajor]
|move|p2a: Slowking|Chilly Reception|p2a: Slowking
|-weather|Snowscape
|
|t:|1743931409
|switch|p2a: Dragapult|Dragapult, F|100/100|[from] Chilly Reception
|
|-weather|Snowscape|[upkeep]
|upkeep
|turn|16
|
|t:|1743931412
|move|p2a: Dragapult|Dragon Darts|p1a: Tropius
|-end|p1a: Tropius|Substitute
|-anim|p2a: Dragapult|Dragon Darts|p1a: Tropius
|-damage|p1a: Tropius|8/100
|-enditem|p1a: Tropius|Aguav Berry|[eat]
|-heal|p1a: Tropius|42/100|[from] item: Aguav Berry
|move|p1a: Tropius|Leech Seed|p2a: Dragapult
|-start|p2a: Dragapult|move: Leech Seed
|
|-weather|Snowscape|[upkeep]
|-damage|p2a: Dragapult|88/100|[from] Leech Seed|[of] p1a: Tropius
|-heal|p1a: Tropius|53/100|[silent]
|upkeep
|turn|17
|
|t:|1743931421
|switch|p2a: Slowking|Slowking-Galar, F|77/100
|move|p1a: Tropius|Protect||[still]
|-fail|p1a: Tropius
|
|-weather|Snowscape|[upkeep]
|upkeep
|turn|18
|
|t:|1743931426
|-terastallize|p1a: Tropius|Steel
|move|p1a: Tropius|Substitute|p1a: Tropius
|-start|p1a: Tropius|Substitute
|-damage|p1a: Tropius|28/100
|move|p2a: Slowking|Sludge Bomb|p1a: Tropius
|-immune|p1a: Tropius
|
|-weather|Snowscape|[upkeep]
|-item|p1a: Tropius|Aguav Berry|[from] ability: Harvest
|upkeep
|turn|19
|
|t:|1743931433
|move|p1a: Tropius|Leech Seed|p2a: Slowking
|-start|p2a: Slowking|move: Leech Seed
|move|p2a: Slowking|Flamethrower|p1a: Tropius
|-supereffective|p1a: Tropius
|-end|p1a: Tropius|Substitute
|-damage|p2a: Slowking|68/100|[from] item: Life Orb
|
|-weather|none
|-damage|p2a: Slowking|55/100|[from] Leech Seed|[of] p1a: Tropius
|-heal|p1a: Tropius|42/100|[silent]
|upkeep
|turn|20
|
|t:|1743931442
|switch|p2a: Dragapult|Dragapult, F|88/100
|move|p1a: Tropius|Protect||[still]
|-fail|p1a: Tropius
|
|upkeep
|turn|21
|
|t:|1743931446
|move|p1a: Tropius|Protect|p1a: Tropius
|-singleturn|p1a: Tropius|Protect
|move|p2a: Dragapult|Dragon Darts|p1a: Tropius
|-activate|p1a: Tropius|move: Protect
|
|upkeep
|turn|22
|
|t:|1743931451
|move|p2a: Dragapult|Dragon Darts|p1a: Tropius
|-resisted|p1a: Tropius
|-damage|p1a: Tropius|27/100
|-anim|p2a: Dragapult|Dragon Darts|p1a: Tropius
|-resisted|p1a: Tropius
|-damage|p1a: Tropius|13/100
|-enditem|p1a: Tropius|Aguav Berry|[eat]
|-heal|p1a: Tropius|46/100|[from] item: Aguav Berry
|move|p1a: Tropius|Leech Seed|p2a: Dragapult
|-start|p2a: Dragapult|move: Leech Seed
|
|-damage|p2a: Dragapult|76/100|[from] Leech Seed|[of] p1a: Tropius
|-heal|p1a: Tropius|57/100|[silent]
|upkeep
|turn|23
|
|t:|1743931461
|switch|p2a: Slowking|Slowking-Galar, F|88/100
|move|p1a: Tropius|Substitute|p1a: Tropius
|-start|p1a: Tropius|Substitute
|-damage|p1a: Tropius|33/100
|
|-item|p1a: Tropius|Aguav Berry|[from] ability: Harvest
|upkeep
|turn|24
|
|t:|1743931465
|move|p1a: Tropius|Leech Seed|p2a: Slowking
|-start|p2a: Slowking|move: Leech Seed
|-prepare|p2a: Slowking|Chilly Reception|[premajor]
|move|p2a: Slowking|Chilly Reception|p2a: Slowking
|-weather|Snowscape
|
|t:|1743931467
|switch|p2a: Dragapult|Dragapult, F|76/100|[from] Chilly Reception
|
|-weather|Snowscape|[upkeep]
|upkeep
|turn|25
|
|t:|1743931471
|move|p2a: Dragapult|Phantom Force||[still]
|-prepare|p2a: Dragapult|Phantom Force
|move|p1a: Tropius|Leech Seed|p2a: Dragapult|[miss]
|-miss|p1a: Tropius|p2a: Dragapult
|
|-weather|Snowscape|[upkeep]
|upkeep
|turn|26
|
|t:|1743931478
|move|p1a: Tropius|Protect|p1a: Tropius
|-singleturn|p1a: Tropius|Protect
|move|p2a: Dragapult|Phantom Force|p1a: Tropius|[from] lockedmove
|-activate|p1a: Tropius|move: Phantom Force|[broken]
|-end|p1a: Tropius|Substitute
|
|-weather|Snowscape|[upkeep]
|upkeep
|turn|27
|
|t:|1743931485
|move|p2a: Dragapult|Phantom Force||[still]
|-prepare|p2a: Dragapult|Phantom Force
|move|p1a: Tropius|Substitute|p1a: Tropius
|-start|p1a: Tropius|Substitute
|-damage|p1a: Tropius|8/100
|-enditem|p1a: Tropius|Aguav Berry|[eat]
|-heal|p1a: Tropius|41/100|[from] item: Aguav Berry
|
|-weather|Snowscape|[upkeep]
|-item|p1a: Tropius|Aguav Berry|[from] ability: Harvest
|upkeep
|turn|28
|
|t:|1743931490
|move|p2a: Dragapult|Phantom Force|p1a: Tropius|[from] lockedmove
|-end|p1a: Tropius|Substitute
|move|p1a: Tropius|Leech Seed|p2a: Dragapult
|-start|p2a: Dragapult|move: Leech Seed
|
|-weather|none
|-damage|p2a: Dragapult|64/100|[from] Leech Seed|[of] p1a: Tropius
|-heal|p1a: Tropius|52/100|[silent]
|upkeep
|turn|29
|
|t:|1743931497
|switch|p2a: Slowking|Slowking-Galar, F|100/100
|move|p1a: Tropius|Leech Seed|p2a: Slowking
|-start|p2a: Slowking|move: Leech Seed
|
|-damage|p2a: Slowking|88/100|[from] Leech Seed|[of] p1a: Tropius
|-heal|p1a: Tropius|66/100|[silent]
|upkeep
|turn|30
|
|t:|1743931501
|switch|p1a: Bisharp|Bisharp, M|100/100
|move|p2a: Slowking|Flamethrower|p1a: Bisharp
|-supereffective|p1a: Bisharp
|-damage|p1a: Bisharp|48/100
|-status|p1a: Bisharp|brn
|-damage|p2a: Slowking|78/100|[from] item: Life Orb
|
|-damage|p2a: Slowking|66/100|[from] Leech Seed|[of] p1a: Bisharp
|-heal|p1a: Bisharp|64/100 brn|[silent]
|-damage|p1a: Bisharp|58/100 brn|[from] brn
|upkeep
|turn|31
|
|t:|1743931505
|move|p1a: Bisharp|Swords Dance|p1a: Bisharp
|-boost|p1a: Bisharp|atk|2
|move|p2a: Slowking|Flamethrower|p1a: Bisharp
|-supereffective|p1a: Bisharp
|-damage|p1a: Bisharp|2/100 brn
|-damage|p2a: Slowking|56/100|[from] item: Life Orb
|
|-damage|p2a: Slowking|43/100|[from] Leech Seed|[of] p1a: Bisharp
|-heal|p1a: Bisharp|18/100 brn|[silent]
|-damage|p1a: Bisharp|12/100 brn|[from] brn
|upkeep
|turn|32
|
|t:|1743931507
|switch|p2a: Alomomola|Alomomola, F|100/100 tox
|move|p1a: Bisharp|Night Slash|p2a: Alomomola
|-damage|p2a: Alomomola|86/100 tox
|-damage|p1a: Bisharp|0 fnt|[from] item: Rocky Helmet|[of] p2a: Alomomola
|faint|p1a: Bisharp
|
|-damage|p2a: Alomomola|80/100 tox|[from] psn
|upkeep
|
|t:|1743931510
|switch|p1a: Dudunsparce|Dudunsparce, F|100/100
|turn|33
|
|t:|1743931514
|move|p1a: Dudunsparce|Boomburst|p2a: Alomomola
|-damage|p2a: Alomomola|5/100 tox
|-enditem|p1a: Dudunsparce|Throat Spray
|-boost|p1a: Dudunsparce|spa|1|[from] item: Throat Spray
|move|p2a: Alomomola|Alluring Voice|p1a: Dudunsparce
|-damage|p1a: Dudunsparce|89/100
|-start|p1a: Dudunsparce|confusion
|
|-damage|p2a: Alomomola|0 fnt|[from] psn
|faint|p2a: Alomomola
|upkeep
|
|t:|1743931518
|switch|p2a: Dragapult|Dragapult, F|64/100
|turn|34
|
|t:|1743931528
|move|p2a: Dragapult|Dragon Darts|p1a: Dudunsparce
|-damage|p1a: Dudunsparce|59/100
|-anim|p2a: Dragapult|Dragon Darts|p1a: Dudunsparce
|-damage|p1a: Dudunsparce|24/100
|-activate|p1a: Dudunsparce|confusion
|move|p1a: Dudunsparce|Shadow Ball|p2a: Dragapult
|-supereffective|p2a: Dragapult
|-damage|p2a: Dragapult|0 fnt
|faint|p2a: Dragapult
|
|upkeep
|
|t:|1743931540
|switch|p2a: Gyarados|Gyarados, M|100/100
|-ability|p2a: Gyarados|Intimidate|boost
|-unboost|p1a: Dudunsparce|atk|1
|-ability|p1a: Dudunsparce|Rattled|boost
|-boost|p1a: Dudunsparce|spe|1
|turn|35
|
|t:|1743931543
|-activate|p1a: Dudunsparce|confusion
|move|p1a: Dudunsparce|Boomburst|p2a: Gyarados
|-damage|p2a: Gyarados|10/100
|move|p2a: Gyarados|Waterfall|p1a: Dudunsparce
|-damage|p1a: Dudunsparce|0 fnt
|faint|p1a: Dudunsparce
|
|upkeep
|
|t:|1743931547
|switch|p1a: Mandibuzz|Mandibuzz, F|100/100
|turn|36
|
|t:|1743931553
|move|p2a: Gyarados|Ice Fang|p1a: Mandibuzz
|-supereffective|p1a: Mandibuzz
|-damage|p1a: Mandibuzz|64/100
|move|p1a: Mandibuzz|Foul Play|p2a: Gyarados
|-damage|p2a: Gyarados|0 fnt
|faint|p2a: Gyarados
|
|upkeep
|
|t:|1743931556
|switch|p2a: Slowking|Slowking-Galar, F|77/100
|turn|37
|
|t:|1743931563
|-terastallize|p2a: Slowking|Grass
|move|p1a: Mandibuzz|Foul Play|p2a: Slowking
|-damage|p2a: Slowking|60/100
|move|p2a: Slowking|Flamethrower|p1a: Mandibuzz
|-damage|p1a: Mandibuzz|33/100
|-damage|p2a: Slowking|50/100|[from] item: Life Orb
|
|upkeep
|turn|38
|
|t:|1743931568
|move|p1a: Mandibuzz|Toxic|p2a: Slowking
|-status|p2a: Slowking|tox
|move|p2a: Slowking|Flamethrower|p1a: Mandibuzz
|-damage|p1a: Mandibuzz|4/100
|-damage|p2a: Slowking|41/100 tox|[from] item: Life Orb
|
|-damage|p2a: Slowking|35/100 tox|[from] psn
|upkeep
|turn|39
|
|t:|1743931571
|move|p1a: Mandibuzz|Roost|p1a: Mandibuzz
|-heal|p1a: Mandibuzz|54/100
|-singleturn|p1a: Mandibuzz|move: Roost
|move|p2a: Slowking|Flamethrower|p1a: Mandibuzz
|-damage|p1a: Mandibuzz|23/100
|-damage|p2a: Slowking|25/100 tox|[from] item: Life Orb
|
|-damage|p2a: Slowking|12/100 tox|[from] psn
|upkeep
|turn|40
|-message|glubbles forfeited.
|
|win|kalen80
|raw|kalen80's rating: 1192 &rarr; <strong>1218</strong><br />(+26 for winning)
|raw|glubbles's rating: 1206 &rarr; <strong>1180</strong><br />(-26 for losing)
|l|☆glubbles
|player|p2|
|l|☆kalen80
|player|p1|
