|j|☆Ghostrunner103
|j|☆doodoogirl69
|t:|1743928045
|gametype|singles
|player|p1|Ghostrunner103|preschooler|1116
|player|p2|doodoogirl69|1|1100
|teamsize|p1|6
|teamsize|p2|6
|gen|9
|tier|[Gen 9] OU
|rated|
|rule|HP Percentage Mod: HP is shown in percentages
|rule|Endless Battle Clause: Forcing endless battles is banned
|rule|Species Clause: Limit one of each Pokémon
|rule|OHKO Clause: OHKO moves are banned
|rule|Evasion Items Clause: Evasion items are banned
|rule|Evasion Moves Clause: Evasion moves are banned
|rule|Sleep Moves Clause: Sleep-inducing moves are banned
|clearpoke
|poke|p1|Haxorus, F|
|poke|p1|Darkrai|
|poke|p1|Primarina, M|
|poke|p1|Corviknight, M|
|poke|p1|Ursaluna, F|
|poke|p1|Deoxys-Speed|
|poke|p2|Tyranitar, M|
|poke|p2|Pelipper, F|
|poke|p2|Ninetales, F|
|poke|p2|Scovillain, F|
|poke|p2|Barraskewda, F|
|poke|p2|Excadrill, M|
|teampreview
|inactive|Battle timer is ON: inactive players will automatically lose when time's up. (requested by doodoogirl69)
|
|t:|1743928067
|start
|switch|p1a: Darkrai|Darkrai|100/100
|switch|p2a: Pelipper|Pelipper, F|100/100
|-weather|RainDance|[from] ability: Drizzle|[of] p2a: Pelipper
|turn|1
|
|t:|1743928087
|switch|p1a: Primarina|Primarina, M|100/100
|move|p2a: Pelipper|U-turn|p1a: Primarina
|-resisted|p1a: Primarina
|-damage|p1a: Primarina|94/100
|
|t:|1743928096
|switch|p2a: Ninetales|Ninetales, F|100/100|[from] U-turn
|-weather|SunnyDay|[from] ability: Drought|[of] p2a: Ninetales
|
|-weather|SunnyDay|[upkeep]
|upkeep
|turn|2
|
|t:|1743928102
|move|p2a: Ninetales|Memento|p1a: Primarina
|-unboost|p1a: Primarina|atk|2
|-unboost|p1a: Primarina|spa|2
|faint|p2a: Ninetales
|move|p1a: Primarina|Surf|p2: Ninetales|[notarget]
|-fail|p1a: Primarina
|
|-weather|SunnyDay|[upkeep]
|upkeep
|
|t:|1743928109
|switch|p2a: Scovillain|Scovillain, F|100/100
|turn|3
|
|t:|1743928114
|switch|p1a: Corviknight|Corviknight, M|100/100
|-ability|p1a: Corviknight|Pressure
|move|p2a: Scovillain|Leech Seed|p1a: Corviknight
|-start|p1a: Corviknight|move: Leech Seed
|
|-weather|SunnyDay|[upkeep]
|-damage|p1a: Corviknight|88/100|[from] Leech Seed|[of] p2a: Scovillain
|upkeep
|turn|4
|
|t:|1743928122
|switch|p2a: Tyranitar|Tyranitar, M|100/100
|-weather|Sandstorm|[from] ability: Sand Stream|[of] p2a: Tyranitar
|switch|p1a: Primarina|Primarina, M|94/100
|
|-weather|Sandstorm|[upkeep]
|-damage|p1a: Primarina|88/100|[from] Sandstorm
|upkeep
|turn|5
|
|t:|1743928132
|move|p1a: Primarina|Surf|p2a: Tyranitar
|-supereffective|p2a: Tyranitar
|-damage|p2a: Tyranitar|49/100
|move|p2a: Tyranitar|Thunder Wave|p1a: Primarina
|-status|p1a: Primarina|par
|
|-weather|Sandstorm|[upkeep]
|-damage|p1a: Primarina|81/100 par|[from] Sandstorm
|upkeep
|turn|6
|
|t:|1743928145
|move|p2a: Tyranitar|Stealth Rock|p1a: Primarina
|-sidestart|p1: Ghostrunner103|move: Stealth Rock
|move|p1a: Primarina|Surf|p2a: Tyranitar
|-supereffective|p2a: Tyranitar
|-damage|p2a: Tyranitar|0 fnt
|faint|p2a: Tyranitar
|
|-weather|Sandstorm|[upkeep]
|-damage|p1a: Primarina|75/100 par|[from] Sandstorm
|upkeep
|
|t:|1743928153
|switch|p2a: Excadrill|Excadrill, M|100/100
|turn|7
|
|t:|1743928165
|switch|p1a: Corviknight|Corviknight, M|88/100
|-damage|p1a: Corviknight|76/100|[from] Stealth Rock
|-ability|p1a: Corviknight|Pressure
|move|p2a: Excadrill|Iron Head|p1a: Corviknight
|-resisted|p1a: Corviknight
|-damage|p1a: Corviknight|63/100
|-damage|p2a: Excadrill|84/100|[from] item: Rocky Helmet|[of] p1a: Corviknight
|
|-weather|Sandstorm|[upkeep]
|upkeep
|turn|8
|
|t:|1743928175
|move|p2a: Excadrill|Rapid Spin|p1a: Corviknight
|-resisted|p1a: Corviknight
|-damage|p1a: Corviknight|58/100
|-boost|p2a: Excadrill|spe|1
|-damage|p2a: Excadrill|67/100|[from] item: Rocky Helmet|[of] p1a: Corviknight
|move|p1a: Corviknight|Defog|p2a: Excadrill
|-unboost|p2a: Excadrill|evasion|1
|-sideend|p1: Ghostrunner103|Stealth Rock|[from] move: Defog|[of] p1a: Corviknight
|
|-weather|Sandstorm|[upkeep]
|upkeep
|turn|9
|
|t:|1743928184
|move|p2a: Excadrill|Rapid Spin|p1a: Corviknight
|-resisted|p1a: Corviknight
|-damage|p1a: Corviknight|52/100
|-boost|p2a: Excadrill|spe|1
|-damage|p2a: Excadrill|51/100|[from] item: Rocky Helmet|[of] p1a: Corviknight
|move|p1a: Corviknight|Roost|p1a: Corviknight
|-heal|p1a: Corviknight|100/100
|-singleturn|p1a: Corviknight|move: Roost
|
|-weather|Sandstorm|[upkeep]
|upkeep
|turn|10
|
|t:|1743928195
|move|p2a: Excadrill|Earthquake|p1a: Corviknight
|-immune|p1a: Corviknight
|move|p1a: Corviknight|Brave Bird|p2a: Excadrill
|-resisted|p2a: Excadrill
|-damage|p2a: Excadrill|23/100
|-enditem|p2a: Excadrill|Liechi Berry|[eat]
|-boost|p2a: Excadrill|atk|1|[from] item: Liechi Berry
|-damage|p1a: Corviknight|92/100|[from] Recoil
|
|-weather|Sandstorm|[upkeep]
|upkeep
|turn|11
|
|t:|1743928205
|move|p2a: Excadrill|Iron Head|p1a: Corviknight
|-resisted|p1a: Corviknight
|-damage|p1a: Corviknight|72/100
|-damage|p2a: Excadrill|7/100|[from] item: Rocky Helmet|[of] p1a: Corviknight
|cant|p1a: Corviknight|flinch
|
|-weather|none
|upkeep
|turn|12
|c|☆Ghostrunner103|why are you doodoo
|
|t:|1743928215
|move|p2a: Excadrill|Iron Head|p1a: Corviknight
|-resisted|p1a: Corviknight
|-damage|p1a: Corviknight|52/100
|-damage|p2a: Excadrill|0 fnt|[from] item: Rocky Helmet|[of] p1a: Corviknight
|faint|p2a: Excadrill
|move|p1a: Corviknight|Roost|p1a: Corviknight
|-heal|p1a: Corviknight|100/100
|-singleturn|p1a: Corviknight|move: Roost
|
|upkeep
|n|!doodoogirl69|doodoogirl69
|inactive|doodoogirl69 has 120 seconds left.
|-message|doodoogirl69 forfeited.
|
|win|Ghostrunner103
