|j|‽fenrril8201
|j|☆Dreballin3x
|t:|1743919107
|gametype|singles
|player|p1|fenrril8201|169|1161
|player|p2|Dreballin3x|marshal|1163
|teamsize|p1|6
|teamsize|p2|6
|gen|9
|tier|[Gen 9] OU
|rated|
|rule|HP Percentage Mod: HP is shown in percentages
|rule|Endless Battle Clause: Forcing endless battles is banned
|rule|Species Clause: Limit one of each Pokémon
|rule|OHKO Clause: OHKO moves are banned
|rule|Evasion Items Clause: Evasion items are banned
|rule|Evasion Moves Clause: Evasion moves are banned
|rule|Sleep Moves Clause: Sleep-inducing moves are banned
|clearpoke
|poke|p1|Gliscor, M|
|poke|p1|Clefable, M|
|poke|p1|Iron Treads|
|poke|p1|Meowscarada, M|
|poke|p1|Greninja-*, M|
|poke|p1|Dragapult, M|
|poke|p2|Rillaboom, M|
|poke|p2|Talonflame, F|
|poke|p2|Umbreon, M|
|poke|p2|Dragonite, F|
|poke|p2|Heatran, M|
|poke|p2|Gastrodon-East, M|
|teampreview
|inactive|Battle timer is ON: inactive players will automatically lose when time's up. (requested by fenrril8201)
|
|t:|1743919120
|start
|switch|p1a: Meowscarada|Meowscarada, M, shiny|100/100
|switch|p2a: Talonflame|Talonflame, F|100/100
|turn|1
|
|t:|1743919128
|switch|p1a: Gliscor|Gliscor, M, shiny|100/100
|move|p2a: Talonflame|U-turn|p1a: Gliscor
|-resisted|p1a: Gliscor
|-damage|p1a: Gliscor|94/100
|
|t:|1743919136
|switch|p2a: Gastrodon|Gastrodon-East, M, shiny|100/100|[from] U-turn
|
|-status|p1a: Gliscor|tox|[from] item: Toxic Orb
|upkeep
|turn|2
|
|t:|1743919153
|switch|p1a: Clefable|Clefable, M, shiny|100/100
|move|p2a: Gastrodon|Ice Beam|p1a: Clefable
|-damage|p1a: Clefable|82/100
|
|-heal|p1a: Clefable|88/100|[from] item: Leftovers
|upkeep
|turn|3
|
|t:|1743919162
|move|p1a: Clefable|Wish|p1a: Clefable
|move|p2a: Gastrodon|Sludge Bomb|p1a: Clefable
|-supereffective|p1a: Clefable
|-damage|p1a: Clefable|48/100
|
|-heal|p1a: Clefable|55/100|[from] item: Leftovers
|upkeep
|turn|4
|
|t:|1743919170
|move|p1a: Clefable|Calm Mind|p1a: Clefable
|-boost|p1a: Clefable|spa|1
|-boost|p1a: Clefable|spd|1
|move|p2a: Gastrodon|Sludge Bomb|p1a: Clefable
|-supereffective|p1a: Clefable
|-damage|p1a: Clefable|30/100
|
|-heal|p1a: Clefable|80/100|[from] move: Wish|[wisher] Clefable
|-heal|p1a: Clefable|86/100|[from] item: Leftovers
|upkeep
|turn|5
|
|t:|1743919176
|switch|p2a: Your Forger|Heatran, M, shiny|100/100
|move|p1a: Clefable|Calm Mind|p1a: Clefable
|-boost|p1a: Clefable|spa|1
|-boost|p1a: Clefable|spd|1
|
|-heal|p1a: Clefable|92/100|[from] item: Leftovers
|upkeep
|turn|6
|
|t:|1743919182
|move|p2a: Your Forger|Magma Storm|p1a: Clefable
|-damage|p1a: Clefable|71/100
|-activate|p1a: Clefable|move: Magma Storm|[of] p2a: Your Forger
|move|p1a: Clefable|Wish|p1a: Clefable
|
|-heal|p1a: Clefable|77/100|[from] item: Leftovers
|-damage|p1a: Clefable|65/100|[from] move: Magma Storm|[partiallytrapped]
|upkeep
|turn|7
|
|t:|1743919195
|move|p2a: Your Forger|Earth Power|p1a: Clefable
|-crit|p1a: Clefable
|-damage|p1a: Clefable|26/100
|move|p1a: Clefable|Calm Mind|p1a: Clefable
|-boost|p1a: Clefable|spa|1
|-boost|p1a: Clefable|spd|1
|
|-heal|p1a: Clefable|76/100|[from] move: Wish|[wisher] Clefable
|-heal|p1a: Clefable|82/100|[from] item: Leftovers
|-damage|p1a: Clefable|70/100|[from] move: Magma Storm|[partiallytrapped]
|upkeep
|turn|8
|
|t:|1743919201
|move|p2a: Your Forger|Magma Storm|p1a: Clefable
|-damage|p1a: Clefable|53/100
|move|p1a: Clefable|Wish|p1a: Clefable
|
|-heal|p1a: Clefable|59/100|[from] item: Leftovers
|-damage|p1a: Clefable|47/100|[from] move: Magma Storm|[partiallytrapped]
|upkeep
|turn|9
|
|t:|1743919214
|switch|p2a: Regulation Band|Rillaboom, M|100/100
|-fieldstart|move: Grassy Terrain|[from] ability: Grassy Surge|[of] p2a: Regulation Band
|move|p1a: Clefable|Calm Mind|p1a: Clefable
|-boost|p1a: Clefable|spa|1
|-boost|p1a: Clefable|spd|1
|
|-heal|p1a: Clefable|97/100|[from] move: Wish|[wisher] Clefable
|-heal|p1a: Clefable|100/100|[from] Grassy Terrain
|-end|p1a: Clefable|Magma Storm|[partiallytrapped]|[silent]
|upkeep
|turn|10
|
|t:|1743919221
|-terastallize|p2a: Regulation Band|Grass
|move|p2a: Regulation Band|Grassy Glide|p1a: Clefable
|-damage|p1a: Clefable|22/100
|move|p1a: Clefable|Fire Blast|p2a: Regulation Band
|-supereffective|p2a: Regulation Band
|-damage|p2a: Regulation Band|0 fnt
|faint|p2a: Regulation Band
|
|-heal|p1a: Clefable|28/100|[from] Grassy Terrain
|-heal|p1a: Clefable|34/100|[from] item: Leftovers
|upkeep
|
|t:|1743919229
|switch|p2a: DracoIsUnbreakable|Dragonite, F|100/100
|turn|11
|
|t:|1743919234
|move|p2a: DracoIsUnbreakable|Iron Head|p1a: Clefable
|-supereffective|p1a: Clefable
|-damage|p1a: Clefable|0 fnt
|faint|p1a: Clefable
|
|upkeep
|
|t:|1743919242
|switch|p1a: Meowscarada|Meowscarada, M, shiny|100/100
|turn|12
|
|t:|1743919247
|switch|p2a: Your Forger|Heatran, M, shiny|100/100
|move|p1a: Meowscarada|Triple Axel|p2a: Your Forger
|-start|p1a: Meowscarada|typechange|Ice|[from] ability: Protean
|-resisted|p2a: Your Forger
|-damage|p2a: Your Forger|99/100
|-resisted|p2a: Your Forger
|-damage|p2a: Your Forger|95/100
|-resisted|p2a: Your Forger
|-damage|p2a: Your Forger|89/100
|-hitcount|p2a: Your Forger|3
|
|-heal|p2a: Your Forger|95/100|[from] Grassy Terrain
|-heal|p2a: Your Forger|100/100|[from] item: Leftovers
|upkeep
|turn|13
|
|t:|1743919267
|switch|p1a: Greninja|Greninja, M|100/100
|move|p2a: Your Forger|Magma Storm|p1a: Greninja|[miss]
|-miss|p2a: Your Forger|p1a: Greninja
|
|-fieldend|move: Grassy Terrain
|upkeep
|turn|14
|
|t:|1743919276
|switch|p2a: Gastrodon|Gastrodon-East, M, shiny|100/100
|move|p1a: Greninja|Dark Pulse|p2a: Gastrodon
|-start|p1a: Greninja|typechange|Dark|[from] ability: Protean
|-damage|p2a: Gastrodon|38/100
|
|-heal|p2a: Gastrodon|45/100|[from] item: Leftovers
|upkeep
|turn|15
|
|t:|1743919285
|switch|p2a: Umbreon|Umbreon, M|100/100
|move|p1a: Greninja|Dark Pulse|p2a: Umbreon
|-resisted|p2a: Umbreon
|-damage|p2a: Umbreon|87/100
|
|-heal|p2a: Umbreon|93/100|[from] item: Leftovers
|upkeep
|turn|16
|
|t:|1743919297
|move|p1a: Greninja|Dark Pulse|p2a: Umbreon
|-resisted|p2a: Umbreon
|-damage|p2a: Umbreon|80/100
|move|p2a: Umbreon|Wish|p2a: Umbreon
|
|-heal|p2a: Umbreon|86/100|[from] item: Leftovers
|upkeep
|turn|17
|
|t:|1743919310
|switch|p1a: Iron Treads|Iron Treads|100/100
|move|p2a: Umbreon|Toxic|p1a: Iron Treads
|-immune|p1a: Iron Treads
|
|-heal|p2a: Umbreon|100/100|[from] move: Wish|[wisher] Umbreon
|upkeep
|turn|18
|
|t:|1743919314
|move|p1a: Iron Treads|Rapid Spin|p2a: Umbreon
|-damage|p2a: Umbreon|85/100
|-boost|p1a: Iron Treads|spe|1
|-damage|p1a: Iron Treads|91/100|[from] item: Life Orb
|move|p2a: Umbreon|Foul Play|p1a: Iron Treads
|-damage|p1a: Iron Treads|47/100
|
|-heal|p2a: Umbreon|91/100|[from] item: Leftovers
|upkeep
|turn|19
|
|t:|1743919320
|move|p1a: Iron Treads|Iron Head|p2a: Umbreon
|-damage|p2a: Umbreon|54/100
|-damage|p1a: Iron Treads|37/100|[from] item: Life Orb
|cant|p2a: Umbreon|flinch
|
|-heal|p2a: Umbreon|60/100|[from] item: Leftovers
|upkeep
|turn|20
|
|t:|1743919329
|move|p1a: Iron Treads|Earthquake|p2a: Umbreon
|-damage|p2a: Umbreon|13/100
|-damage|p1a: Iron Treads|27/100|[from] item: Life Orb
|move|p2a: Umbreon|Wish|p2a: Umbreon
|
|-heal|p2a: Umbreon|19/100|[from] item: Leftovers
|upkeep
|turn|21
|
|t:|1743919337
|move|p2a: Umbreon|Protect|p2a: Umbreon
|-singleturn|p2a: Umbreon|Protect
|move|p1a: Iron Treads|Iron Head|p2a: Umbreon
|-activate|p2a: Umbreon|move: Protect
|
|-heal|p2a: Umbreon|69/100|[from] move: Wish|[wisher] Umbreon
|-heal|p2a: Umbreon|75/100|[from] item: Leftovers
|upkeep
|turn|22
|
|t:|1743919347
|move|p1a: Iron Treads|Earthquake|p2a: Umbreon
|-damage|p2a: Umbreon|30/100
|-damage|p1a: Iron Treads|17/100|[from] item: Life Orb
|move|p2a: Umbreon|Wish|p2a: Umbreon
|
|-heal|p2a: Umbreon|37/100|[from] item: Leftovers
|upkeep
|turn|23
|
|t:|1743919353
|-end|p1a: Iron Treads|Quark Drive|[silent]
|switch|p1a: Meowscarada|Meowscarada, M, shiny|100/100
|move|p2a: Umbreon|Protect||[still]
|-fail|p2a: Umbreon
|
|-heal|p2a: Umbreon|87/100|[from] move: Wish|[wisher] Umbreon
|-heal|p2a: Umbreon|93/100|[from] item: Leftovers
|upkeep
|turn|24
|
|t:|1743919358
|move|p1a: Meowscarada|Play Rough|p2a: Umbreon
|-start|p1a: Meowscarada|typechange|Fairy|[from] ability: Protean
|-supereffective|p2a: Umbreon
|-damage|p2a: Umbreon|21/100
|move|p2a: Umbreon|Foul Play|p1a: Meowscarada
|-resisted|p1a: Meowscarada
|-damage|p1a: Meowscarada|66/100
|
|-heal|p2a: Umbreon|27/100|[from] item: Leftovers
|upkeep
|turn|25
|
|t:|1743919370
|move|p2a: Umbreon|Protect|p2a: Umbreon
|-singleturn|p2a: Umbreon|Protect
|move|p1a: Meowscarada|Triple Axel|p2a: Umbreon
|-activate|p2a: Umbreon|move: Protect
|
|-heal|p2a: Umbreon|33/100|[from] item: Leftovers
|upkeep
|turn|26
|
|t:|1743919378
|switch|p2a: Talonflame|Talonflame, F|100/100
|move|p1a: Meowscarada|Play Rough|p2a: Talonflame
|-resisted|p2a: Talonflame
|-damage|p2a: Talonflame|67/100
|
|upkeep
|turn|27
|
|t:|1743919399
|move|p2a: Talonflame|U-turn|p1a: Meowscarada
|-resisted|p1a: Meowscarada
|-damage|p1a: Meowscarada|53/100
|
|t:|1743919404
|switch|p2a: Your Forger|Heatran, M, shiny|100/100|[from] U-turn
|move|p1a: Meowscarada|Triple Axel|p2a: Your Forger
|-resisted|p2a: Your Forger
|-damage|p2a: Your Forger|99/100
|-resisted|p2a: Your Forger
|-damage|p2a: Your Forger|97/100
|-resisted|p2a: Your Forger
|-damage|p2a: Your Forger|93/100
|-hitcount|p2a: Your Forger|3
|
|-heal|p2a: Your Forger|99/100|[from] item: Leftovers
|upkeep
|turn|28
|
|t:|1743919417
|move|p1a: Meowscarada|Sucker Punch|p2a: Your Forger
|-damage|p2a: Your Forger|82/100
|move|p2a: Your Forger|Magma Storm|p1a: Meowscarada
|-damage|p1a: Meowscarada|0 fnt
|faint|p1a: Meowscarada
|
|-heal|p2a: Your Forger|88/100|[from] item: Leftovers
|upkeep
|
|t:|1743919431
|switch|p1a: Gliscor|Gliscor, M, shiny|94/100 tox
|turn|29
|
|t:|1743919437
|switch|p2a: Talonflame|Talonflame, F|67/100
|move|p1a: Gliscor|Toxic|p2a: Talonflame
|-status|p2a: Talonflame|tox
|
|-damage|p2a: Talonflame|61/100 tox|[from] psn
|-heal|p1a: Gliscor|100/100 tox|[from] ability: Poison Heal
|upkeep
|turn|30
|
|t:|1743919443
|move|p1a: Gliscor|Protect|p1a: Gliscor
|-singleturn|p1a: Gliscor|Protect
|move|p2a: Talonflame|U-turn|p1a: Gliscor
|-activate|p1a: Gliscor|move: Protect
|
|-damage|p2a: Talonflame|49/100 tox|[from] psn
|upkeep
|turn|31
|
|t:|1743919450
|move|p2a: Talonflame|Brave Bird|p1a: Gliscor
|-damage|p1a: Gliscor|71/100 tox
|-damage|p2a: Talonflame|38/100 tox|[from] Recoil
|move|p1a: Gliscor|Toxic|p2a: Talonflame
|-fail|p2a: Talonflame|tox
|
|-damage|p2a: Talonflame|20/100 tox|[from] psn
|-heal|p1a: Gliscor|83/100 tox|[from] ability: Poison Heal
|upkeep
|turn|32
|
|t:|1743919457
|switch|p2a: Gastrodon|Gastrodon-East, M, shiny|45/100
|move|p1a: Gliscor|Substitute|p1a: Gliscor
|-start|p1a: Gliscor|Substitute
|-damage|p1a: Gliscor|58/100 tox
|
|-heal|p2a: Gastrodon|51/100|[from] item: Leftovers
|-heal|p1a: Gliscor|71/100 tox|[from] ability: Poison Heal
|upkeep
|turn|33
|
|t:|1743919461
|move|p1a: Gliscor|Earthquake|p2a: Gastrodon
|-damage|p2a: Gastrodon|17/100
|move|p2a: Gastrodon|Recover|p2a: Gastrodon
|-heal|p2a: Gastrodon|67/100
|
|-heal|p2a: Gastrodon|73/100|[from] item: Leftovers
|-heal|p1a: Gliscor|83/100 tox|[from] ability: Poison Heal
|upkeep
|turn|34
|
|t:|1743919465
|move|p1a: Gliscor|Toxic|p2a: Gastrodon
|-status|p2a: Gastrodon|tox
|move|p2a: Gastrodon|Ice Beam|p1a: Gliscor
|-supereffective|p1a: Gliscor
|-end|p1a: Gliscor|Substitute
|
|-heal|p2a: Gastrodon|79/100 tox|[from] item: Leftovers
|-heal|p1a: Gliscor|96/100 tox|[from] ability: Poison Heal
|-damage|p2a: Gastrodon|73/100 tox|[from] psn
|upkeep
|turn|35
|
|t:|1743919469
|move|p1a: Gliscor|Protect|p1a: Gliscor
|-singleturn|p1a: Gliscor|Protect
|move|p2a: Gastrodon|Ice Beam|p1a: Gliscor
|-activate|p1a: Gliscor|move: Protect
|
|-heal|p2a: Gastrodon|79/100 tox|[from] item: Leftovers
|-heal|p1a: Gliscor|100/100 tox|[from] ability: Poison Heal
|-damage|p2a: Gastrodon|67/100 tox|[from] psn
|upkeep
|turn|36
|
|t:|1743919474
|move|p1a: Gliscor|Substitute|p1a: Gliscor
|-start|p1a: Gliscor|Substitute
|-damage|p1a: Gliscor|75/100 tox
|move|p2a: Gastrodon|Recover|p2a: Gastrodon
|-heal|p2a: Gastrodon|100/100 tox
|
|-heal|p1a: Gliscor|88/100 tox|[from] ability: Poison Heal
|-damage|p2a: Gastrodon|82/100 tox|[from] psn
|upkeep
|turn|37
|
|t:|1743919479
|move|p1a: Gliscor|Protect|p1a: Gliscor
|-singleturn|p1a: Gliscor|Protect
|move|p2a: Gastrodon|Ice Beam|p1a: Gliscor
|-activate|p1a: Gliscor|move: Protect
|
|-heal|p2a: Gastrodon|88/100 tox|[from] item: Leftovers
|-heal|p1a: Gliscor|100/100 tox|[from] ability: Poison Heal
|-damage|p2a: Gastrodon|63/100 tox|[from] psn
|upkeep
|turn|38
|
|t:|1743919489
|switch|p2a: Talonflame|Talonflame, F|20/100 tox
|move|p1a: Gliscor|Earthquake|p2a: Talonflame
|-immune|p2a: Talonflame
|
|-damage|p2a: Talonflame|14/100 tox|[from] psn
|upkeep
|turn|39
|
|t:|1743919493
|move|p1a: Gliscor|Protect|p1a: Gliscor
|-singleturn|p1a: Gliscor|Protect
|move|p2a: Talonflame|Brave Bird|p1a: Gliscor
|-activate|p1a: Gliscor|move: Protect
|
|-damage|p2a: Talonflame|2/100 tox|[from] psn
|upkeep
|turn|40
|
|t:|1743919502
|move|p2a: Talonflame|Brave Bird|p1a: Gliscor
|-end|p1a: Gliscor|Substitute
|-damage|p2a: Talonflame|0 fnt|[from] Recoil|[of] p1a: Gliscor
|faint|p2a: Talonflame
|move|p1a: Gliscor|Substitute|p1a: Gliscor
|-start|p1a: Gliscor|Substitute
|-damage|p1a: Gliscor|75/100 tox
|
|-heal|p1a: Gliscor|88/100 tox|[from] ability: Poison Heal
|upkeep
|
|t:|1743919515
|switch|p2a: Gastrodon|Gastrodon-East, M, shiny|63/100 tox
|turn|41
|
|t:|1743919522
|move|p1a: Gliscor|Earthquake|p2a: Gastrodon
|-damage|p2a: Gastrodon|28/100 tox
|move|p2a: Gastrodon|Ice Beam|p1a: Gliscor
|-supereffective|p1a: Gliscor
|-end|p1a: Gliscor|Substitute
|
|-heal|p2a: Gastrodon|34/100 tox|[from] item: Leftovers
|-heal|p1a: Gliscor|100/100 tox|[from] ability: Poison Heal
|-damage|p2a: Gastrodon|28/100 tox|[from] psn
|upkeep
|turn|42
|
|t:|1743919532
|-terastallize|p1a: Gliscor|Water
|move|p1a: Gliscor|Earthquake|p2a: Gastrodon
|-damage|p2a: Gastrodon|0 fnt
|faint|p2a: Gastrodon
|
|upkeep
|
|t:|1743919541
|switch|p2a: DracoIsUnbreakable|Dragonite, F|100/100
|turn|43
|
|t:|1743919547
|move|p2a: DracoIsUnbreakable|Dragon Dance|p2a: DracoIsUnbreakable
|-boost|p2a: DracoIsUnbreakable|atk|1
|-boost|p2a: DracoIsUnbreakable|spe|1
|move|p1a: Gliscor|Toxic|p2a: DracoIsUnbreakable
|-status|p2a: DracoIsUnbreakable|tox
|
|-damage|p2a: DracoIsUnbreakable|94/100 tox|[from] psn
|upkeep
|turn|44
|
|t:|1743919551
|move|p2a: DracoIsUnbreakable|Earthquake|p1a: Gliscor
|-damage|p1a: Gliscor|68/100 tox
|move|p1a: Gliscor|Substitute|p1a: Gliscor
|-start|p1a: Gliscor|Substitute
|-damage|p1a: Gliscor|43/100 tox
|
|-heal|p2a: DracoIsUnbreakable|100/100 tox|[from] item: Leftovers
|-damage|p2a: DracoIsUnbreakable|88/100 tox|[from] psn
|-heal|p1a: Gliscor|56/100 tox|[from] ability: Poison Heal
|upkeep
|turn|45
|
|t:|1743919557
|move|p1a: Gliscor|Protect|p1a: Gliscor
|-singleturn|p1a: Gliscor|Protect
|move|p2a: DracoIsUnbreakable|Dragon Dance|p2a: DracoIsUnbreakable
|-boost|p2a: DracoIsUnbreakable|atk|1
|-boost|p2a: DracoIsUnbreakable|spe|1
|
|-heal|p2a: DracoIsUnbreakable|94/100 tox|[from] item: Leftovers
|-damage|p2a: DracoIsUnbreakable|76/100 tox|[from] psn
|-heal|p1a: Gliscor|68/100 tox|[from] ability: Poison Heal
|upkeep
|turn|46
|
|t:|1743919566
|move|p2a: DracoIsUnbreakable|Earthquake|p1a: Gliscor
|-end|p1a: Gliscor|Substitute
|move|p1a: Gliscor|Substitute|p1a: Gliscor
|-start|p1a: Gliscor|Substitute
|-damage|p1a: Gliscor|43/100 tox
|
|-heal|p2a: DracoIsUnbreakable|82/100 tox|[from] item: Leftovers
|-damage|p2a: DracoIsUnbreakable|57/100 tox|[from] psn
|-heal|p1a: Gliscor|56/100 tox|[from] ability: Poison Heal
|upkeep
|turn|47
|
|t:|1743919576
|move|p1a: Gliscor|Protect|p1a: Gliscor
|-singleturn|p1a: Gliscor|Protect
|move|p2a: DracoIsUnbreakable|Dragon Dance|p2a: DracoIsUnbreakable
|-boost|p2a: DracoIsUnbreakable|atk|1
|-boost|p2a: DracoIsUnbreakable|spe|1
|
|-heal|p2a: DracoIsUnbreakable|63/100 tox|[from] item: Leftovers
|-damage|p2a: DracoIsUnbreakable|32/100 tox|[from] psn
|-heal|p1a: Gliscor|68/100 tox|[from] ability: Poison Heal
|upkeep
|turn|48
|
|t:|1743919581
|move|p2a: DracoIsUnbreakable|Earthquake|p1a: Gliscor
|-end|p1a: Gliscor|Substitute
|move|p1a: Gliscor|Substitute|p1a: Gliscor
|-start|p1a: Gliscor|Substitute
|-damage|p1a: Gliscor|43/100 tox
|
|-heal|p2a: DracoIsUnbreakable|39/100 tox|[from] item: Leftovers
|-damage|p2a: DracoIsUnbreakable|1/100 tox|[from] psn
|-heal|p1a: Gliscor|56/100 tox|[from] ability: Poison Heal
|upkeep
|turn|49
|
|t:|1743919589
|move|p1a: Gliscor|Protect|p1a: Gliscor
|-singleturn|p1a: Gliscor|Protect
|move|p2a: DracoIsUnbreakable|Earthquake|p1a: Gliscor
|-activate|p1a: Gliscor|move: Protect
|
|-heal|p2a: DracoIsUnbreakable|8/100 tox|[from] item: Leftovers
|-damage|p2a: DracoIsUnbreakable|0 fnt|[from] psn
|faint|p2a: DracoIsUnbreakable
|-heal|p1a: Gliscor|68/100 tox|[from] ability: Poison Heal
|upkeep
|
|t:|1743919593
|switch|p2a: Your Forger|Heatran, M, shiny|88/100
|turn|50
|
|t:|1743919599
|move|p1a: Gliscor|Earthquake|p2a: Your Forger
|-supereffective|p2a: Your Forger
|-damage|p2a: Your Forger|0 fnt
|faint|p2a: Your Forger
|
|-heal|p1a: Gliscor|81/100 tox|[from] ability: Poison Heal
|upkeep
|
|t:|1743919602
|switch|p2a: Umbreon|Umbreon, M|33/100
|turn|51
|
|t:|1743919604
|move|p1a: Gliscor|Toxic|p2a: Umbreon
|-status|p2a: Umbreon|tox
|-activate|p2a: Umbreon|ability: Synchronize
|-fail|p1a: Gliscor|tox
|move|p2a: Umbreon|Wish|p2a: Umbreon
|
|-heal|p2a: Umbreon|39/100 tox|[from] item: Leftovers
|-heal|p1a: Gliscor|93/100 tox|[from] ability: Poison Heal
|-damage|p2a: Umbreon|33/100 tox|[from] psn
|upkeep
|turn|52
|
|t:|1743919615
|move|p1a: Gliscor|Earthquake|p2a: Umbreon
|-damage|p2a: Umbreon|5/100 tox
|move|p2a: Umbreon|Foul Play|p1a: Gliscor
|-activate|p1a: Gliscor|move: Substitute|[damage]
|
|-heal|p2a: Umbreon|55/100 tox|[from] move: Wish|[wisher] Umbreon
|-heal|p2a: Umbreon|61/100 tox|[from] item: Leftovers
|-heal|p1a: Gliscor|100/100 tox|[from] ability: Poison Heal
|-damage|p2a: Umbreon|49/100 tox|[from] psn
|upkeep
|turn|53
|c|☆Dreballin3x|Gg
|
|t:|1743919624
|move|p1a: Gliscor|Protect|p1a: Gliscor
|-singleturn|p1a: Gliscor|Protect
|move|p2a: Umbreon|Foul Play|p1a: Gliscor
|-activate|p1a: Gliscor|move: Protect
|
|-heal|p2a: Umbreon|55/100 tox|[from] item: Leftovers
|-damage|p2a: Umbreon|37/100 tox|[from] psn
|upkeep
|turn|54
|
|t:|1743919633
|move|p1a: Gliscor|Earthquake|p2a: Umbreon
|-damage|p2a: Umbreon|10/100 tox
|move|p2a: Umbreon|Foul Play|p1a: Gliscor
|-end|p1a: Gliscor|Substitute
|
|-heal|p2a: Umbreon|16/100 tox|[from] item: Leftovers
|-damage|p2a: Umbreon|0 fnt|[from] psn
|faint|p2a: Umbreon
|
|win|fenrril8201
|raw|fenrril8201's rating: 1161 &rarr; <strong>1186</strong><br />(+25 for winning)
|raw|Dreballin3x's rating: 1163 &rarr; <strong>1138</strong><br />(-25 for losing)
|l|☆Dreballin3x
|player|p2|
|l|‽fenrril8201
|player|p1|
