|j|☆Sleepy7634
|j|☆skeli_687
|t:|1743929897
|gametype|singles
|player|p1|Sleepy7634|koga|1197
|player|p2|skeli_687|blue-masters2|1202
|teamsize|p1|6
|teamsize|p2|6
|gen|9
|tier|[Gen 9] OU
|rated|
|rule|HP Percentage Mod: HP is shown in percentages
|rule|Endless Battle Clause: Forcing endless battles is banned
|rule|Species Clause: Limit one of each Pokémon
|rule|OHKO Clause: OHKO moves are banned
|rule|Evasion Items Clause: Evasion items are banned
|rule|Evasion Moves Clause: Evasion moves are banned
|rule|Sleep Moves Clause: Sleep-inducing moves are banned
|clearpoke
|poke|p1|Garchomp, M|
|poke|p1|Rillaboom, M|
|poke|p1|Primarina, F|
|poke|p1|Dragapult, M|
|poke|p1|Weavile, M|
|poke|p1|Iron Crown|
|poke|p2|Thundurus-Therian, M|
|poke|p2|Zoroark-Hisui, F|
|poke|p2|Heatran, M|
|poke|p2|Araquanid, F|
|poke|p2|Zamazenta-*|
|poke|p2|Shiftry, M|
|teampreview
|inactive|Battle timer is ON: inactive players will automatically lose when time's up. (requested by skeli_687)
|
|t:|1743929920
|start
|switch|p1a: Questlove|Rillaboom, M, shiny|100/100
|switch|p2a: Araquanid|Araquanid, F|100/100
|-fieldstart|move: Grassy Terrain|[from] ability: Grassy Surge|[of] p1a: Questlove
|turn|1
|
|t:|1743929928
|move|p1a: Questlove|Wood Hammer|p2a: Araquanid
|-damage|p2a: Araquanid|0 fnt
|-damage|p1a: Questlove|84/100|[from] item: Rocky Helmet|[of] p2a: Araquanid
|faint|p2a: Araquanid
|-damage|p1a: Questlove|51/100|[from] Recoil
|
|-heal|p1a: Questlove|57/100|[from] Grassy Terrain
|upkeep
|inactive|skeli_687 has 120 seconds left.
|
|t:|1743929962
|switch|p2a: Heatran|Heatran, M|100/100
|turn|2
|
|t:|1743929972
|switch|p1a: Hannah Montana|Primarina, F, shiny|100/100
|move|p2a: Heatran|Flash Cannon|p1a: Hannah Montana
|-damage|p1a: Hannah Montana|71/100
|
|-heal|p1a: Hannah Montana|77/100|[from] Grassy Terrain
|upkeep
|turn|3
|
|t:|1743929988
|switch|p2a: Thundurus|Thundurus-Therian, M|100/100
|move|p1a: Hannah Montana|Flip Turn|p2a: Thundurus
|-damage|p2a: Thundurus|76/100
|
|t:|1743930001
|switch|p1a: Weavile|Weavile, M|100/100|[from] Flip Turn
|-ability|p1a: Weavile|Pressure
|
|upkeep
|turn|4
|inactive|skeli_687 has 120 seconds left.
|
|t:|1743930025
|switch|p2a: Heatran|Heatran, M|100/100
|move|p1a: Weavile|Knock Off|p2a: Heatran
|-damage|p2a: Heatran|60/100
|-enditem|p2a: Heatran|Leftovers|[from] move: Knock Off|[of] p1a: Weavile
|
|-heal|p2a: Heatran|66/100|[from] Grassy Terrain
|upkeep
|turn|5
|
|t:|1743930042
|switch|p1a: Hannah Montana|Primarina, F, shiny|77/100
|switch|p2a: Thundurus|Thundurus-Therian, M|76/100
|
|-heal|p1a: Hannah Montana|83/100|[from] Grassy Terrain
|-fieldend|move: Grassy Terrain
|upkeep
|turn|6
|
|t:|1743930057
|switch|p1a: Garchomp|Garchomp, M, shiny|100/100
|move|p2a: Thundurus|Volt Switch|p1a: Garchomp
|-immune|p1a: Garchomp
|
|upkeep
|turn|7
|
|t:|1743930066
|switch|p2a: Heatran|Heatran, M|66/100
|move|p1a: Garchomp|Stealth Rock|p2a: Heatran
|-sidestart|p2: skeli_687|move: Stealth Rock
|
|upkeep
|turn|8
|
|t:|1743930079
|move|p1a: Garchomp|Earthquake|p2a: Heatran
|-supereffective|p2a: Heatran
|-damage|p2a: Heatran|0 fnt
|faint|p2a: Heatran
|
|upkeep
|
|t:|1743930092
|switch|p2a: Shiftry|Shiftry, M|100/100
|-damage|p2a: Shiftry|88/100|[from] Stealth Rock
|turn|9
|
|t:|1743930118
|move|p2a: Shiftry|Dark Pulse|p1a: Garchomp
|-damage|p1a: Garchomp|62/100
|move|p1a: Garchomp|Dragon Tail|p2a: Shiftry
|-damage|p2a: Shiftry|35/100
|replace|p2a: Zoroark|Zoroark-Hisui, F
|-end|p2a: Zoroark|Illusion
|drag|p2a: Shiftry|Shiftry, M|100/100
|
|upkeep
|turn|10
|inactive|Sleepy7634 has 120 seconds left.
|-message|skeli_687 forfeited.
|
|win|Sleepy7634
|raw|Sleepy7634's rating: 1197 &rarr; <strong>1222</strong><br />(+25 for winning)
|raw|skeli_687's rating: 1202 &rarr; <strong>1177</strong><br />(-25 for losing)
|l|☆skeli_687
|player|p2|
|l|☆Sleepy7634
|player|p1|
