|j|☆nicolasgimenez
|j|☆D3metCalf
|t:|1743921970
|gametype|singles
|player|p1|nicolasgimenez|giovanni|1055
|player|p2|D3metCalf|hilbert|1091
|teamsize|p1|6
|teamsize|p2|6
|gen|9
|tier|[Gen 9] OU
|rated|
|rule|HP Percentage Mod: HP is shown in percentages
|rule|Endless Battle Clause: Forcing endless battles is banned
|rule|Species Clause: Limit one of each Pokémon
|rule|OHKO Clause: OHKO moves are banned
|rule|Evasion Items Clause: Evasion items are banned
|rule|Evasion Moves Clause: Evasion moves are banned
|rule|Sleep Moves Clause: Sleep-inducing moves are banned
|clearpoke
|poke|p1|Goodra-Hisui, M|
|poke|p1|Moltres|
|poke|p1|Salazzle, F|
|poke|p1|Glaceon, M|
|poke|p1|Decidueye, M|
|poke|p1|Garchomp, M|
|poke|p2|Dragapult, F|
|poke|p2|Iron Valiant|
|poke|p2|Great Tusk|
|poke|p2|Gholdengo|
|poke|p2|Heatran, M|
|poke|p2|Rillaboom, F|
|teampreview
|
|t:|1743921975
|start
|switch|p1a: Garchomp|Garchomp, M|100/100
|switch|p2a: Great Tusk|Great Tusk|100/100
|turn|1
|
|t:|1743921986
|move|p1a: Garchomp|Spikes|p2a: Great Tusk
|-sidestart|p2: D3metCalf|Spikes
|move|p2a: Great Tusk|Knock Off|p1a: Garchomp
|-damage|p1a: Garchomp|83/100
|-damage|p2a: Great Tusk|88/100|[from] ability: Rough Skin|[of] p1a: Garchomp
|-damage|p2a: Great Tusk|71/100|[from] item: Rocky Helmet|[of] p1a: Garchomp
|-enditem|p1a: Garchomp|Rocky Helmet|[from] move: Knock Off|[of] p2a: Great Tusk
|
|-heal|p2a: Great Tusk|78/100|[from] item: Leftovers
|upkeep
|turn|2
|
|t:|1743921998
|move|p1a: Garchomp|Spikes|p2a: Great Tusk
|-sidestart|p2: D3metCalf|Spikes
|move|p2a: Great Tusk|Earthquake|p1a: Garchomp
|-damage|p1a: Garchomp|54/100
|
|-heal|p2a: Great Tusk|84/100|[from] item: Leftovers
|upkeep
|turn|3
|
|t:|1743922010
|move|p1a: Garchomp|Spikes|p2a: Great Tusk
|-sidestart|p2: D3metCalf|Spikes
|move|p2a: Great Tusk|Stealth Rock|p1a: Garchomp
|-sidestart|p1: nicolasgimenez|move: Stealth Rock
|
|-heal|p2a: Great Tusk|90/100|[from] item: Leftovers
|upkeep
|turn|4
|inactive|Battle timer is ON: inactive players will automatically lose when time's up. (requested by D3metCalf)
|
|t:|1743922017
|move|p2a: Great Tusk|Rapid Spin|p1a: Garchomp
|-damage|p1a: Garchomp|46/100
|-boost|p2a: Great Tusk|spe|1
|-damage|p2a: Great Tusk|78/100|[from] ability: Rough Skin|[of] p1a: Garchomp
|-sideend|p2: D3metCalf|Spikes|[from] move: Rapid Spin|[of] p2a: Great Tusk
|move|p1a: Garchomp|Dragon Tail|p2a: Great Tusk|[miss]
|-miss|p1a: Garchomp|p2a: Great Tusk
|
|-heal|p2a: Great Tusk|84/100|[from] item: Leftovers
|upkeep
|turn|5
|
|t:|1743922029
|move|p2a: Great Tusk|Earthquake|p1a: Garchomp
|-damage|p1a: Garchomp|18/100
|move|p1a: Garchomp|Earthquake|p2a: Great Tusk
|-damage|p2a: Great Tusk|63/100
|
|-heal|p2a: Great Tusk|69/100|[from] item: Leftovers
|upkeep
|turn|6
|
|t:|1743922039
|move|p2a: Great Tusk|Stealth Rock||[still]
|-fail|p2a: Great Tusk
|move|p1a: Garchomp|Spikes|p2a: Great Tusk
|-sidestart|p2: D3metCalf|Spikes
|
|-heal|p2a: Great Tusk|75/100|[from] item: Leftovers
|upkeep
|turn|7
|
|t:|1743922046
|move|p2a: Great Tusk|Earthquake|p1a: Garchomp
|-damage|p1a: Garchomp|0 fnt
|faint|p1a: Garchomp
|
|-heal|p2a: Great Tusk|82/100|[from] item: Leftovers
|upkeep
|
|t:|1743922056
|switch|p1a: Moltres|Moltres|100/100
|turn|8
|
|t:|1743922067
|move|p2a: Great Tusk|Knock Off|p1a: Moltres
|-damage|p1a: Moltres|81/100
|-enditem|p1a: Moltres|Heavy-Duty Boots|[from] move: Knock Off|[of] p2a: Great Tusk
|move|p1a: Moltres|Will-O-Wisp|p2a: Great Tusk
|-status|p2a: Great Tusk|brn
|
|-heal|p2a: Great Tusk|88/100 brn|[from] item: Leftovers
|-damage|p2a: Great Tusk|82/100 brn|[from] brn
|upkeep
|turn|9
|
|t:|1743922080
|move|p2a: Great Tusk|Earthquake|p1a: Moltres
|-immune|p1a: Moltres
|move|p1a: Moltres|Flamethrower|p2a: Great Tusk
|-damage|p2a: Great Tusk|37/100 brn
|
|-heal|p2a: Great Tusk|43/100 brn|[from] item: Leftovers
|-damage|p2a: Great Tusk|37/100 brn|[from] brn
|upkeep
|turn|10
|
|t:|1743922092
|move|p2a: Great Tusk|Rapid Spin|p1a: Moltres
|-damage|p1a: Moltres|76/100
|-boost|p2a: Great Tusk|spe|1
|-sideend|p2: D3metCalf|Spikes|[from] move: Rapid Spin|[of] p2a: Great Tusk
|move|p1a: Moltres|Flamethrower|p2a: Great Tusk
|-damage|p2a: Great Tusk|0 fnt
|faint|p2a: Great Tusk
|-end|p2a: Great Tusk|Protosynthesis|[silent]
|
|upkeep
|
|t:|1743922107
|switch|p2a: Iron Valiant|Iron Valiant|100/100
|-enditem|p2a: Iron Valiant|Booster Energy
|-activate|p2a: Iron Valiant|ability: Quark Drive|[fromitem]
|-start|p2a: Iron Valiant|quarkdrivespe
|turn|11
|
|t:|1743922116
|move|p2a: Iron Valiant|Close Combat|p1a: Moltres
|-resisted|p1a: Moltres
|-damage|p1a: Moltres|56/100
|-unboost|p2a: Iron Valiant|def|1
|-unboost|p2a: Iron Valiant|spd|1
|move|p1a: Moltres|Tailwind|p1a: Moltres
|-sidestart|p1: nicolasgimenez|move: Tailwind
|
|upkeep
|turn|12
|
|t:|1743922124
|move|p2a: Iron Valiant|Swords Dance|p2a: Iron Valiant
|-boost|p2a: Iron Valiant|atk|2
|move|p1a: Moltres|Will-O-Wisp|p2a: Iron Valiant
|-status|p2a: Iron Valiant|brn
|
|-damage|p2a: Iron Valiant|94/100 brn|[from] brn
|upkeep
|turn|13
|
|t:|1743922133
|switch|p1a: Decidueye|Decidueye, M|100/100
|-damage|p1a: Decidueye|88/100|[from] Stealth Rock
|move|p2a: Iron Valiant|Thunderbolt|p1a: Decidueye
|-resisted|p1a: Decidueye
|-damage|p1a: Decidueye|76/100
|-status|p1a: Decidueye|par
|
|-heal|p1a: Decidueye|82/100 par|[from] item: Leftovers
|-damage|p2a: Iron Valiant|88/100 brn|[from] brn
|upkeep
|turn|14
|
|t:|1743922146
|-end|p2a: Iron Valiant|Quark Drive|[silent]
|switch|p2a: Rillaboom|Rillaboom, F|100/100
|move|p1a: Decidueye|Defog|p2a: Rillaboom
|-unboost|p2a: Rillaboom|evasion|1
|-sideend|p1: nicolasgimenez|Stealth Rock|[from] move: Defog|[of] p1a: Decidueye
|
|-heal|p1a: Decidueye|89/100 par|[from] item: Leftovers
|-sideend|p1: nicolasgimenez|move: Tailwind
|upkeep
|turn|15
|
|t:|1743922156
|switch|p1a: Moltres|Moltres|56/100
|move|p2a: Rillaboom|Knock Off|p1a: Moltres
|-damage|p1a: Moltres|32/100
|
|upkeep
|turn|16
|
|t:|1743922162
|move|p2a: Rillaboom|Knock Off|p1a: Moltres
|-damage|p1a: Moltres|6/100
|move|p1a: Moltres|Roost|p1a: Moltres
|-heal|p1a: Moltres|56/100
|-singleturn|p1a: Moltres|move: Roost
|
|upkeep
|turn|17
|
|t:|1743922170
|move|p2a: Rillaboom|Knock Off|p1a: Moltres
|-damage|p1a: Moltres|30/100
|move|p1a: Moltres|Will-O-Wisp|p2a: Rillaboom
|-status|p2a: Rillaboom|brn
|
|-damage|p2a: Rillaboom|94/100 brn|[from] brn
|upkeep
|turn|18
|
|t:|1743922179
|move|p2a: Rillaboom|Knock Off|p1a: Moltres
|-damage|p1a: Moltres|17/100
|move|p1a: Moltres|Roost|p1a: Moltres
|-heal|p1a: Moltres|67/100
|-singleturn|p1a: Moltres|move: Roost
|
|-damage|p2a: Rillaboom|88/100 brn|[from] brn
|upkeep
|turn|19
|
|t:|1743922188
|move|p2a: Rillaboom|Knock Off|p1a: Moltres
|-damage|p1a: Moltres|55/100
|move|p1a: Moltres|Roost|p1a: Moltres
|-heal|p1a: Moltres|100/100
|-singleturn|p1a: Moltres|move: Roost
|
|-damage|p2a: Rillaboom|82/100 brn|[from] brn
|upkeep
|turn|20
|
|t:|1743922199
|move|p2a: Rillaboom|Knock Off|p1a: Moltres
|-damage|p1a: Moltres|88/100
|move|p1a: Moltres|Flamethrower|p2a: Rillaboom
|-supereffective|p2a: Rillaboom
|-damage|p2a: Rillaboom|0 fnt
|faint|p2a: Rillaboom
|
|upkeep
|
|t:|1743922208
|switch|p2a: Iron Valiant|Iron Valiant|88/100 brn
|turn|21
|
|t:|1743922214
|move|p2a: Iron Valiant|Thunderbolt|p1a: Moltres
|-supereffective|p1a: Moltres
|-damage|p1a: Moltres|38/100
|move|p1a: Moltres|Flamethrower|p2a: Iron Valiant
|-damage|p2a: Iron Valiant|18/100 brn
|
|-damage|p2a: Iron Valiant|12/100 brn|[from] brn
|upkeep
|turn|22
|
|t:|1743922226
|switch|p1a: Decidueye|Decidueye, M|89/100 par
|move|p2a: Iron Valiant|Thunderbolt|p1a: Decidueye
|-resisted|p1a: Decidueye
|-damage|p1a: Decidueye|77/100 par
|
|-heal|p1a: Decidueye|83/100 par|[from] item: Leftovers
|-damage|p2a: Iron Valiant|6/100 brn|[from] brn
|upkeep
|turn|23
|
|t:|1743922242
|move|p2a: Iron Valiant|Knock Off|p1a: Decidueye
|-supereffective|p1a: Decidueye
|-damage|p1a: Decidueye|40/100 par
|-enditem|p1a: Decidueye|Leftovers|[from] move: Knock Off|[of] p2a: Iron Valiant
|move|p1a: Decidueye|Knock Off|p2a: Iron Valiant
|-resisted|p2a: Iron Valiant
|-crit|p2a: Iron Valiant
|-damage|p2a: Iron Valiant|0 fnt
|faint|p2a: Iron Valiant
|-end|p2a: Iron Valiant|Quark Drive|[silent]
|
|upkeep
|
|t:|1743922251
|switch|p2a: Dragapult|Dragapult, F|100/100
|turn|24
|
|t:|1743922255
|move|p1a: Decidueye|Shadow Sneak|p2a: Dragapult
|-supereffective|p2a: Dragapult
|-damage|p2a: Dragapult|49/100
|move|p2a: Dragapult|Shadow Ball|p1a: Decidueye
|-supereffective|p1a: Decidueye
|-damage|p1a: Decidueye|0 fnt
|faint|p1a: Decidueye
|
|upkeep
|
|t:|1743922264
|switch|p1a: Goodra|Goodra-Hisui, M|100/100
|turn|25
|
|t:|1743922269
|switch|p2a: Heatran|Heatran, M|100/100
|move|p1a: Goodra|Flash Cannon|p2a: Heatran
|-resisted|p2a: Heatran
|-damage|p2a: Heatran|92/100
|
|-heal|p2a: Heatran|98/100|[from] item: Leftovers
|upkeep
|turn|26
|
|t:|1743922282
|switch|p1a: Salazzle|Salazzle, F|100/100
|move|p2a: Heatran|Protect||[still]
|-fail|p2a: Heatran
|
|-heal|p2a: Heatran|100/100|[from] item: Leftovers
|upkeep
|turn|27
|
|t:|1743922291
|move|p1a: Salazzle|Substitute|p1a: Salazzle
|-start|p1a: Salazzle|Substitute
|-damage|p1a: Salazzle|75/100
|move|p2a: Heatran|Earth Power|p1a: Salazzle
|-supereffective|p1a: Salazzle
|-end|p1a: Salazzle|Substitute
|
|-heal|p1a: Salazzle|82/100|[from] item: Black Sludge
|upkeep
|turn|28
|
|t:|1743922300
|move|p1a: Salazzle|Disable|p2a: Heatran
|-start|p2a: Heatran|Disable|Earth Power
|cant|p2a: Heatran|Disable|Earth Power
|
|-heal|p1a: Salazzle|88/100|[from] item: Black Sludge
|upkeep
|turn|29
|
|t:|1743922307
|move|p1a: Salazzle|Toxic|p2a: Heatran
|-status|p2a: Heatran|tox
|move|p2a: Heatran|Magma Storm|p1a: Salazzle|[miss]
|-miss|p2a: Heatran|p1a: Salazzle
|
|-heal|p1a: Salazzle|94/100|[from] item: Black Sludge
|-damage|p2a: Heatran|94/100 tox|[from] psn
|upkeep
|turn|30
|
|t:|1743922320
|switch|p1a: Moltres|Moltres|38/100
|move|p2a: Heatran|Taunt|p1a: Moltres
|-start|p1a: Moltres|move: Taunt
|
|-heal|p2a: Heatran|100/100 tox|[from] item: Leftovers
|-damage|p2a: Heatran|88/100 tox|[from] psn
|upkeep
|turn|31
|
|t:|1743922330
|switch|p1a: Goodra|Goodra-Hisui, M|100/100
|move|p2a: Heatran|Protect||[still]
|-fail|p2a: Heatran
|
|-heal|p2a: Heatran|94/100 tox|[from] item: Leftovers
|-damage|p2a: Heatran|76/100 tox|[from] psn
|-end|p2a: Heatran|Disable
|upkeep
|turn|32
|
|t:|1743922342
|switch|p1a: Glaceon|Glaceon, M|100/100
|move|p2a: Heatran|Magma Storm|p1a: Glaceon|[miss]
|-miss|p2a: Heatran|p1a: Glaceon
|
|-heal|p2a: Heatran|82/100 tox|[from] item: Leftovers
|-damage|p2a: Heatran|57/100 tox|[from] psn
|upkeep
|turn|33
|
|t:|1743922352
|-terastallize|p1a: Glaceon|Water
|move|p1a: Glaceon|Tera Blast|p2a: Heatran|[anim] Tera Blast Water
|-supereffective|p2a: Heatran
|-damage|p2a: Heatran|0 fnt
|faint|p2a: Heatran
|
|upkeep
|
|t:|1743922358
|switch|p2a: Dragapult|Dragapult, F|49/100
|turn|34
|
|t:|1743922363
|switch|p1a: Moltres|Moltres|38/100
|move|p2a: Dragapult|Draco Meteor|p1a: Moltres
|-damage|p1a: Moltres|0 fnt
|-unboost|p2a: Dragapult|spa|2
|faint|p1a: Moltres
|
|upkeep
|
|t:|1743922373
|switch|p1a: Glaceon|Glaceon, M, tera:Water|100/100
|turn|35
|
|t:|1743922379
|move|p2a: Dragapult|Draco Meteor|p1a: Glaceon
|-damage|p1a: Glaceon|49/100
|-unboost|p2a: Dragapult|spa|2
|move|p1a: Glaceon|Freeze-Dry|p2a: Dragapult
|-supereffective|p2a: Dragapult
|-damage|p2a: Dragapult|0 fnt
|faint|p2a: Dragapult
|
|upkeep
|
|t:|1743922387
|switch|p2a: Gholdengo|Gholdengo|100/100
|turn|36
|
|t:|1743922392
|switch|p1a: Goodra|Goodra-Hisui, M|100/100
|-terastallize|p2a: Gholdengo|Water
|move|p2a: Gholdengo|Shadow Ball|p1a: Goodra
|-crit|p1a: Goodra
|-damage|p1a: Goodra|76/100
|
|upkeep
|turn|37
|
|t:|1743922406
|move|p2a: Gholdengo|Nasty Plot|p2a: Gholdengo
|-boost|p2a: Gholdengo|spa|2
|move|p1a: Goodra|Flash Cannon|p2a: Gholdengo
|-resisted|p2a: Gholdengo
|-damage|p2a: Gholdengo|87/100
|
|-heal|p2a: Gholdengo|93/100|[from] item: Leftovers
|upkeep
|turn|38
|
|t:|1743922416
|move|p2a: Gholdengo|Shadow Ball|p1a: Goodra
|-damage|p1a: Goodra|45/100
|move|p1a: Goodra|Flamethrower|p2a: Gholdengo
|-resisted|p2a: Gholdengo
|-damage|p2a: Gholdengo|83/100
|-status|p2a: Gholdengo|brn
|
|-heal|p2a: Gholdengo|89/100 brn|[from] item: Leftovers
|-damage|p2a: Gholdengo|83/100 brn|[from] brn
|upkeep
|turn|39
|
|t:|1743922428
|move|p2a: Gholdengo|Shadow Ball|p1a: Goodra
|-damage|p1a: Goodra|16/100
|move|p1a: Goodra|Ice Beam|p2a: Gholdengo
|-resisted|p2a: Gholdengo
|-damage|p2a: Gholdengo|73/100 brn
|
|-heal|p2a: Gholdengo|79/100 brn|[from] item: Leftovers
|-damage|p2a: Gholdengo|73/100 brn|[from] brn
|upkeep
|turn|40
|
|t:|1743922438
|move|p2a: Gholdengo|Shadow Ball|p1a: Goodra
|-damage|p1a: Goodra|0 fnt
|faint|p1a: Goodra
|
|-heal|p2a: Gholdengo|79/100 brn|[from] item: Leftovers
|-damage|p2a: Gholdengo|73/100 brn|[from] brn
|upkeep
|
|t:|1743922447
|switch|p1a: Salazzle|Salazzle, F|94/100
|turn|41
|
|t:|1743922464
|move|p1a: Salazzle|Venoshock|p2a: Gholdengo
|-damage|p2a: Gholdengo|57/100 brn
|move|p2a: Gholdengo|Shadow Ball|p1a: Salazzle
|-damage|p1a: Salazzle|0 fnt
|faint|p1a: Salazzle
|
|-heal|p2a: Gholdengo|63/100 brn|[from] item: Leftovers
|-damage|p2a: Gholdengo|57/100 brn|[from] brn
|upkeep
|
|t:|1743922475
|switch|p1a: Glaceon|Glaceon, M, tera:Water|49/100
|turn|42
|
|t:|1743922479
|move|p1a: Glaceon|Freeze-Dry|p2a: Gholdengo
|-supereffective|p2a: Gholdengo
|-damage|p2a: Gholdengo|3/100 brn
|move|p2a: Gholdengo|Shadow Ball|p1a: Glaceon
|-damage|p1a: Glaceon|0 fnt
|faint|p1a: Glaceon
|
|win|D3metCalf
|raw|nicolasgimenez's rating: 1055 &rarr; <strong>1039</strong><br />(-16 for losing)
|raw|D3metCalf's rating: 1091 &rarr; <strong>1115</strong><br />(+24 for winning)
|l|☆nicolasgimenez
|player|p1|
|l|☆D3metCalf
|player|p2|
