|j|☆shalazizi
|j|☆Jwzlll
|t:|1743923508
|gametype|singles
|player|p1|shalazizi|n|1282
|player|p2|Jwzlll|2|1254
|teamsize|p1|6
|teamsize|p2|6
|gen|9
|tier|[Gen 9] OU
|rated|
|rule|HP Percentage Mod: HP is shown in percentages
|rule|Endless Battle Clause: Forcing endless battles is banned
|rule|Species Clause: Limit one of each Pokémon
|rule|OHKO Clause: OHKO moves are banned
|rule|Evasion Items Clause: Evasion items are banned
|rule|Evasion Moves Clause: Evasion moves are banned
|rule|Sleep Moves Clause: Sleep-inducing moves are banned
|clearpoke
|poke|p1|Pecharunt|
|poke|p1|Latias, F|
|poke|p1|Tyranitar, M|
|poke|p1|Goodra-Hisui, M|
|poke|p1|Ting-Lu|
|poke|p1|Rillaboom, F|
|poke|p2|Toxapex, F|
|poke|p2|Amoonguss, F|
|poke|p2|Chansey, F|
|poke|p2|Avalugg, F|
|poke|p2|Clodsire, M|
|poke|p2|Gliscor, M|
|teampreview
|inactive|Battle timer is ON: inactive players will automatically lose when time's up. (requested by shalazizi)
|
|t:|1743923535
|start
|switch|p1a: Ting-Lu|Ting-Lu|100/100
|switch|p2a: Gliscor|Gliscor, M, shiny|100/100
|-ability|p1a: Ting-Lu|Vessel of Ruin
|turn|1
|
|t:|1743923546
|move|p2a: Gliscor|Toxic|p1a: Ting-Lu
|-status|p1a: Ting-Lu|tox
|move|p1a: Ting-Lu|Stealth Rock|p2a: Gliscor
|-sidestart|p2: Jwzlll|move: Stealth Rock
|
|-damage|p1a: Ting-Lu|94/100 tox|[from] psn
|-status|p2a: Gliscor|tox|[from] item: Toxic Orb
|upkeep
|turn|2
|
|t:|1743923553
|move|p2a: Gliscor|Substitute|p2a: Gliscor
|-start|p2a: Gliscor|Substitute
|-damage|p2a: Gliscor|75/100 tox
|move|p1a: Ting-Lu|Spikes|p2a: Gliscor
|-sidestart|p2: Jwzlll|Spikes
|
|-heal|p1a: Ting-Lu|100/100 tox|[from] item: Leftovers
|-heal|p2a: Gliscor|88/100 tox|[from] ability: Poison Heal
|-damage|p1a: Ting-Lu|88/100 tox|[from] psn
|upkeep
|turn|3
|
|t:|1743923565
|move|p2a: Gliscor|Earthquake|p1a: Ting-Lu
|-damage|p1a: Ting-Lu|72/100 tox
|move|p1a: Ting-Lu|Spikes|p2a: Gliscor
|-sidestart|p2: Jwzlll|Spikes
|
|-heal|p1a: Ting-Lu|78/100 tox|[from] item: Leftovers
|-heal|p2a: Gliscor|99/100 tox|[from] ability: Poison Heal
|-damage|p1a: Ting-Lu|60/100 tox|[from] psn
|upkeep
|turn|4
|
|t:|1743923587
|switch|p2a: Avalugg|Avalugg, F, shiny|100/100
|move|p1a: Ting-Lu|Whirlwind|p2a: Avalugg
|drag|p2a: Amoonguss|Amoonguss, F, shiny|100/100
|-damage|p2a: Amoonguss|88/100|[from] Stealth Rock
|-damage|p2a: Amoonguss|71/100|[from] Spikes
|
|-heal|p1a: Ting-Lu|66/100 tox|[from] item: Leftovers
|-damage|p1a: Ting-Lu|41/100 tox|[from] psn
|upkeep
|turn|5
|
|t:|1743923599
|switch|p1a: Rillaboom|Rillaboom, F|100/100
|-fieldstart|move: Grassy Terrain|[from] ability: Grassy Surge|[of] p1a: Rillaboom
|move|p2a: Amoonguss|Giga Drain|p1a: Rillaboom
|-resisted|p1a: Rillaboom
|-damage|p1a: Rillaboom|84/100
|-heal|p2a: Amoonguss|80/100|[from] drain|[of] p1a: Rillaboom
|
|-heal|p1a: Rillaboom|90/100|[from] Grassy Terrain
|-heal|p2a: Amoonguss|86/100|[from] Grassy Terrain
|upkeep
|turn|6
|
|t:|1743923611
|move|p1a: Rillaboom|Knock Off|p2a: Amoonguss
|-damage|p2a: Amoonguss|50/100
|-enditem|p2a: Amoonguss|Assault Vest|[from] move: Knock Off|[of] p1a: Rillaboom
|move|p2a: Amoonguss|Sludge Bomb|p1a: Rillaboom
|-supereffective|p1a: Rillaboom
|-damage|p1a: Rillaboom|27/100
|
|-heal|p1a: Rillaboom|33/100|[from] Grassy Terrain
|-heal|p2a: Amoonguss|56/100|[from] Grassy Terrain
|upkeep
|turn|7
|
|t:|1743923621
|switch|p1a: Goodra|Goodra-Hisui, M|100/100
|move|p2a: Amoonguss|Sludge Bomb|p1a: Goodra
|-immune|p1a: Goodra
|
|-heal|p2a: Amoonguss|62/100|[from] Grassy Terrain
|upkeep
|turn|8
|
|t:|1743923635
|move|p1a: Goodra|Dragon Pulse|p2a: Amoonguss
|-damage|p2a: Amoonguss|32/100
|move|p2a: Amoonguss|Stomping Tantrum|p1a: Goodra
|-supereffective|p1a: Goodra
|-damage|p1a: Goodra|34/100
|
|-heal|p1a: Goodra|40/100|[from] Grassy Terrain
|-heal|p2a: Amoonguss|39/100|[from] Grassy Terrain
|upkeep
|turn|9
|
|t:|1743923646
|move|p1a: Goodra|Flamethrower|p2a: Amoonguss
|-supereffective|p2a: Amoonguss
|-damage|p2a: Amoonguss|0 fnt
|faint|p2a: Amoonguss
|
|-heal|p1a: Goodra|47/100|[from] Grassy Terrain
|-fieldend|move: Grassy Terrain
|upkeep
|
|t:|1743923653
|switch|p2a: Gliscor|Gliscor, M, shiny|99/100 tox
|-damage|p2a: Gliscor|88/100 tox|[from] Stealth Rock
|turn|10
|
|t:|1743923659
|switch|p1a: Rillaboom|Rillaboom, F|33/100
|-fieldstart|move: Grassy Terrain|[from] ability: Grassy Surge|[of] p1a: Rillaboom
|move|p2a: Gliscor|Earthquake|p1a: Rillaboom
|-resisted|p1a: Rillaboom
|-damage|p1a: Rillaboom|27/100
|
|-heal|p1a: Rillaboom|33/100|[from] Grassy Terrain
|-heal|p2a: Gliscor|99/100 tox|[from] ability: Poison Heal
|upkeep
|turn|11
|
|t:|1743923676
|move|p2a: Gliscor|Toxic|p1a: Rillaboom
|-status|p1a: Rillaboom|tox
|move|p1a: Rillaboom|U-turn|p2a: Gliscor
|-resisted|p2a: Gliscor
|-damage|p2a: Gliscor|93/100 tox
|
|t:|1743923686
|switch|p1a: Latias|Latias, F|100/100|[from] U-turn
|
|-heal|p2a: Gliscor|100/100 tox|[from] ability: Poison Heal
|upkeep
|turn|12
|
|t:|1743923694
|move|p1a: Latias|Ice Beam|p2a: Gliscor
|-supereffective|p2a: Gliscor
|-damage|p2a: Gliscor|0 fnt
|faint|p2a: Gliscor
|
|upkeep
|
|t:|1743923703
|switch|p2a: Avalugg|Avalugg, F, shiny|100/100
|turn|13
|
|t:|1743923712
|switch|p1a: Ting-Lu|Ting-Lu|41/100 tox
|-ability|p1a: Ting-Lu|Vessel of Ruin
|move|p2a: Avalugg|Icicle Crash|p1a: Ting-Lu
|-supereffective|p1a: Ting-Lu
|-damage|p1a: Ting-Lu|3/100 tox
|
|-heal|p1a: Ting-Lu|10/100 tox|[from] Grassy Terrain
|-heal|p1a: Ting-Lu|16/100 tox|[from] item: Leftovers
|-damage|p1a: Ting-Lu|10/100 tox|[from] psn
|upkeep
|turn|14
|
|t:|1743923726
|move|p1a: Ting-Lu|Ruination|p2a: Avalugg|[miss]
|-miss|p1a: Ting-Lu|p2a: Avalugg
|move|p2a: Avalugg|Body Press|p1a: Ting-Lu
|-supereffective|p1a: Ting-Lu
|-damage|p1a: Ting-Lu|0 fnt
|faint|p1a: Ting-Lu
|
|-fieldend|move: Grassy Terrain
|upkeep
|
|t:|1743923742
|switch|p1a: Rillaboom|Rillaboom, F|33/100 tox
|-fieldstart|move: Grassy Terrain|[from] ability: Grassy Surge|[of] p1a: Rillaboom
|turn|15
|
|t:|1743923751
|move|p1a: Rillaboom|Knock Off|p2a: Avalugg
|-damage|p2a: Avalugg|89/100
|-enditem|p2a: Avalugg|Heavy-Duty Boots|[from] move: Knock Off|[of] p1a: Rillaboom
|move|p2a: Avalugg|Body Press|p1a: Rillaboom
|-damage|p1a: Rillaboom|3/100 tox
|-damage|p2a: Avalugg|73/100|[from] item: Rocky Helmet|[of] p1a: Rillaboom
|
|-heal|p1a: Rillaboom|10/100 tox|[from] Grassy Terrain
|-heal|p2a: Avalugg|79/100|[from] Grassy Terrain
|-damage|p1a: Rillaboom|3/100 tox|[from] psn
|upkeep
|turn|16
|
|t:|1743923764
|switch|p1a: Pecharunt|Pecharunt|100/100
|-item|p1a: Pecharunt|Air Balloon
|move|p2a: Avalugg|Iron Defense|p2a: Avalugg
|-boost|p2a: Avalugg|def|2
|
|-heal|p2a: Avalugg|85/100|[from] Grassy Terrain
|upkeep
|turn|17
|
|t:|1743923774
|move|p1a: Pecharunt|Toxic|p2a: Avalugg
|-status|p2a: Avalugg|tox
|-start|p2a: Avalugg|confusion|[from] ability: Poison Puppeteer|[of] p1a: Pecharunt
|-activate|p2a: Avalugg|confusion
|move|p2a: Avalugg|Icicle Crash|p1a: Pecharunt|[miss]
|-miss|p2a: Avalugg|p1a: Pecharunt
|
|-heal|p2a: Avalugg|91/100 tox|[from] Grassy Terrain
|-damage|p2a: Avalugg|85/100 tox|[from] psn
|upkeep
|turn|18
|
|t:|1743923785
|switch|p2a: Toxapex|Toxapex, F, shiny|100/100
|-damage|p2a: Toxapex|88/100|[from] Stealth Rock
|-damage|p2a: Toxapex|72/100|[from] Spikes
|move|p1a: Pecharunt|Night Shade|p2a: Toxapex
|-damage|p2a: Toxapex|39/100
|
|-heal|p2a: Toxapex|45/100|[from] Grassy Terrain
|upkeep
|turn|19
|
|t:|1743923798
|switch|p1a: Latias|Latias, F|100/100
|move|p2a: Toxapex|Recover|p2a: Toxapex
|-heal|p2a: Toxapex|95/100
|
|-heal|p2a: Toxapex|100/100|[from] Grassy Terrain
|-fieldend|move: Grassy Terrain
|upkeep
|turn|20
|
|t:|1743923807
|move|p1a: Latias|Mist Ball|p2a: Toxapex
|-supereffective|p2a: Toxapex
|-damage|p2a: Toxapex|21/100
|move|p2a: Toxapex|Toxic|p1a: Latias
|-status|p1a: Latias|tox
|
|-damage|p1a: Latias|94/100 tox|[from] psn
|upkeep
|turn|21
|
|t:|1743923822
|switch|p2a: Chansey|Chansey, F, shiny|100/100
|-damage|p2a: Chansey|88/100|[from] Stealth Rock
|-damage|p2a: Chansey|71/100|[from] Spikes
|move|p1a: Latias|Mist Ball|p2a: Chansey
|-damage|p2a: Chansey|60/100
|
|-damage|p1a: Latias|82/100 tox|[from] psn
|upkeep
|turn|22
|
|t:|1743923833
|switch|p1a: Pecharunt|Pecharunt|100/100
|-item|p1a: Pecharunt|Air Balloon
|move|p2a: Chansey|Soft-Boiled|p2a: Chansey
|-heal|p2a: Chansey|100/100
|
|upkeep
|turn|23
|
|t:|1743923843
|move|p1a: Pecharunt|Night Shade|p2a: Chansey
|-immune|p2a: Chansey
|move|p2a: Chansey|Stealth Rock|p1a: Pecharunt
|-sidestart|p1: shalazizi|move: Stealth Rock
|
|upkeep
|turn|24
|
|t:|1743923853
|switch|p1a: Tyranitar|Tyranitar, M|100/100
|-damage|p1a: Tyranitar|88/100|[from] Stealth Rock
|-weather|Sandstorm|[from] ability: Sand Stream|[of] p1a: Tyranitar
|switch|p2a: Clodsire|Clodsire, M, shiny|100/100
|-damage|p2a: Clodsire|94/100|[from] Stealth Rock
|-damage|p2a: Clodsire|78/100|[from] Spikes
|
|-weather|Sandstorm|[upkeep]
|-heal|p2a: Clodsire|84/100|[from] item: Black Sludge
|upkeep
|turn|25
|
|t:|1743923870
|switch|p2a: Toxapex|Toxapex, F, shiny|54/100
|-damage|p2a: Toxapex|42/100|[from] Stealth Rock
|-damage|p2a: Toxapex|25/100|[from] Spikes
|-terastallize|p1a: Tyranitar|Ground
|move|p1a: Tyranitar|High Horsepower|p2a: Toxapex
|-supereffective|p2a: Toxapex
|-damage|p2a: Toxapex|0 fnt
|faint|p2a: Toxapex
|
|-weather|Sandstorm|[upkeep]
|upkeep
|
|t:|1743923881
|switch|p2a: Avalugg|Avalugg, F, shiny|85/100 tox
|-damage|p2a: Avalugg|60/100 tox|[from] Stealth Rock
|-damage|p2a: Avalugg|44/100 tox|[from] Spikes
|turn|26
|
|t:|1743923888
|switch|p1a: Pecharunt|Pecharunt|100/100
|-damage|p1a: Pecharunt|88/100|[from] Stealth Rock
|-item|p1a: Pecharunt|Air Balloon
|-terastallize|p2a: Avalugg|Fighting
|move|p2a: Avalugg|Icicle Crash|p1a: Pecharunt
|-damage|p1a: Pecharunt|71/100
|-enditem|p1a: Pecharunt|Air Balloon
|
|-weather|Sandstorm|[upkeep]
|-damage|p1a: Pecharunt|65/100|[from] Sandstorm
|-damage|p2a: Avalugg|38/100 tox|[from] Sandstorm
|-damage|p2a: Avalugg|31/100 tox|[from] psn
|upkeep
|turn|27
|
|t:|1743923904
|switch|p2a: Chansey|Chansey, F, shiny|100/100
|-damage|p2a: Chansey|88/100|[from] Stealth Rock
|-damage|p2a: Chansey|71/100|[from] Spikes
|move|p1a: Pecharunt|Night Shade|p2a: Chansey
|-immune|p2a: Chansey
|
|-weather|Sandstorm|[upkeep]
|-damage|p1a: Pecharunt|59/100|[from] Sandstorm
|-damage|p2a: Chansey|65/100|[from] Sandstorm
|upkeep
|turn|28
|
|t:|1743923914
|move|p1a: Pecharunt|Toxic|p2a: Chansey
|-status|p2a: Chansey|tox
|-start|p2a: Chansey|confusion|[from] ability: Poison Puppeteer|[of] p1a: Pecharunt
|-activate|p2a: Chansey|confusion
|-damage|p2a: Chansey|63/100 tox|[from] confusion
|
|-weather|none
|-damage|p2a: Chansey|57/100 tox|[from] psn
|upkeep
|turn|29
|
|t:|1743923924
|switch|p1a: Tyranitar|Tyranitar, M, tera:Ground|88/100
|-damage|p1a: Tyranitar|82/100|[from] Stealth Rock
|-weather|Sandstorm|[from] ability: Sand Stream|[of] p1a: Tyranitar
|-curestatus|p2a: Chansey|tox|[from] ability: Natural Cure
|switch|p2a: Clodsire|Clodsire, M, shiny|84/100
|-damage|p2a: Clodsire|78/100|[from] Stealth Rock
|-damage|p2a: Clodsire|61/100|[from] Spikes
|
|-weather|Sandstorm|[upkeep]
|-heal|p2a: Clodsire|67/100|[from] item: Black Sludge
|upkeep
|turn|30
|
|t:|1743923940
|switch|p2a: Avalugg|Avalugg, F, shiny, tera:Fighting|31/100 tox
|-damage|p2a: Avalugg|25/100 tox|[from] Stealth Rock
|-damage|p2a: Avalugg|9/100 tox|[from] Spikes
|move|p1a: Tyranitar|High Horsepower|p2a: Avalugg
|-damage|p2a: Avalugg|0 fnt
|faint|p2a: Avalugg
|
|-weather|Sandstorm|[upkeep]
|upkeep
|-message|Jwzlll forfeited.
|
|win|shalazizi
|raw|shalazizi's rating: 1282 &rarr; <strong>1305</strong><br />(+23 for winning)
|raw|Jwzlll's rating: 1254 &rarr; <strong>1231</strong><br />(-23 for losing)
|l|☆Jwzlll
|player|p2|
|c|☆shalazizi|gg
