|j|☆Nchch
|j|☆hachan247
|t:|1743929346
|gametype|singles
|player|p1|Nchch|265|1112
|player|p2|hachan247|265|1166
|teamsize|p1|6
|teamsize|p2|6
|gen|9
|tier|[Gen 9] OU
|rated|
|rule|HP Percentage Mod: HP is shown in percentages
|rule|Endless Battle Clause: Forcing endless battles is banned
|rule|Species Clause: Limit one of each Pokémon
|rule|OHKO Clause: OHKO moves are banned
|rule|Evasion Items Clause: Evasion items are banned
|rule|Evasion Moves Clause: Evasion moves are banned
|rule|Sleep Moves Clause: Sleep-inducing moves are banned
|clearpoke
|poke|p1|Sceptile, M|
|poke|p1|Blaziken, M|
|poke|p1|Serperior, F|
|poke|p1|Cinderace, M|
|poke|p1|Inteleon, F|
|poke|p1|Meowscarada, F|
|poke|p2|Walking Wake|
|poke|p2|Meowscarada, M|
|poke|p2|Landorus-Therian, M|
|poke|p2|Hitmonlee, M|
|poke|p2|Slowking-Galar, F|
|poke|p2|Cinderace, F|
|teampreview
|inactive|Battle timer is ON: inactive players will automatically lose when time's up. (requested by hachan247)
|
|t:|1743929355
|start
|switch|p1a: Sceptile|Sceptile, M|100/100
|switch|p2a: Walking Wake|Walking Wake|100/100
|turn|1
|
|t:|1743929370
|move|p2a: Walking Wake|Draco Meteor|p1a: Sceptile
|-crit|p1a: Sceptile
|-damage|p1a: Sceptile|0 fnt
|-unboost|p2a: Walking Wake|spa|2
|faint|p1a: Sceptile
|
|upkeep
|
|t:|1743929381
|switch|p1a: Meowscarada|Meowscarada, F, shiny|100/100
|turn|2
|
|t:|1743929387
|-end|p2a: Walking Wake|Protosynthesis|[silent]
|switch|p2a: Slowking|Slowking-Galar, F|100/100
|move|p1a: Meowscarada|Play Rough|p2a: Slowking
|-start|p1a: Meowscarada|typechange|Fairy|[from] ability: Protean
|-resisted|p2a: Slowking
|-damage|p2a: Slowking|80/100
|
|upkeep
|turn|3
|
|t:|1743929401
|switch|p1a: Inteleon|Inteleon, F|100/100
|move|p2a: Slowking|Sludge Bomb|p1a: Inteleon
|-damage|p1a: Inteleon|38/100
|
|upkeep
|turn|4
|
|t:|1743929407
|move|p1a: Inteleon|Dark Pulse|p2a: Slowking
|-supereffective|p2a: Slowking
|-damage|p2a: Slowking|46/100
|move|p2a: Slowking|Sludge Bomb|p1a: Inteleon
|-damage|p1a: Inteleon|0 fnt
|faint|p1a: Inteleon
|
|upkeep
|
|t:|1743929418
|switch|p1a: Meowscarada|Meowscarada, F, shiny|100/100
|turn|5
|
|t:|1743929429
|switch|p2a: Cinderace|Cinderace, F|100/100
|move|p1a: Meowscarada|Sucker Punch||[still]
|-fail|p1a: Meowscarada
|
|upkeep
|turn|6
|
|t:|1743929443
|move|p1a: Meowscarada|Sucker Punch|p2a: Cinderace
|-start|p1a: Meowscarada|typechange|Dark|[from] ability: Protean
|-damage|p2a: Cinderace|64/100
|move|p2a: Cinderace|U-turn|p1a: Meowscarada
|-supereffective|p1a: Meowscarada
|-damage|p1a: Meowscarada|45/100
|
|t:|1743929447
|switch|p2a: Landorus|Landorus-Therian, M|100/100|[from] U-turn
|-ability|p2a: Landorus|Intimidate|boost
|-unboost|p1a: Meowscarada|atk|1
|
|upkeep
|turn|7
|
|t:|1743929451
|move|p1a: Meowscarada|Triple Axel|p2a: Landorus
|-supereffective|p2a: Landorus
|-damage|p2a: Landorus|87/100
|-damage|p1a: Meowscarada|28/100|[from] item: Rocky Helmet|[of] p2a: Landorus
|-supereffective|p2a: Landorus
|-damage|p2a: Landorus|62/100
|-damage|p1a: Meowscarada|11/100|[from] item: Rocky Helmet|[of] p2a: Landorus
|-supereffective|p2a: Landorus
|-damage|p2a: Landorus|25/100
|-damage|p1a: Meowscarada|0 fnt|[from] item: Rocky Helmet|[of] p2a: Landorus
|faint|p1a: Meowscarada
|-hitcount|p2a: Landorus|3
|move|p2a: Landorus|Stealth Rock|p1: Meowscarada
|-sidestart|p1: Nchch|move: Stealth Rock
|
|upkeep
|
|t:|1743929460
|switch|p1a: Blaziken|Blaziken, M, shiny|100/100
|-damage|p1a: Blaziken|88/100|[from] Stealth Rock
|turn|8
|
|t:|1743929465
|move|p1a: Blaziken|Flamethrower|p2a: Landorus
|-damage|p2a: Landorus|0 fnt
|faint|p2a: Landorus
|-damage|p1a: Blaziken|78/100|[from] item: Life Orb
|
|-ability|p1a: Blaziken|Speed Boost|boost
|-boost|p1a: Blaziken|spe|1
|upkeep
|
|t:|1743929471
|switch|p2a: Walking Wake|Walking Wake|100/100
|turn|9
|
|t:|1743929479
|move|p1a: Blaziken|Protect|p1a: Blaziken
|-singleturn|p1a: Blaziken|Protect
|move|p2a: Walking Wake|Flip Turn|p1a: Blaziken
|-activate|p1a: Blaziken|move: Protect
|
|-ability|p1a: Blaziken|Speed Boost|boost
|-boost|p1a: Blaziken|spe|1
|upkeep
|turn|10
|
|t:|1743929485
|move|p1a: Blaziken|Aura Sphere|p2a: Walking Wake
|-damage|p2a: Walking Wake|43/100
|-damage|p1a: Blaziken|68/100|[from] item: Life Orb
|move|p2a: Walking Wake|Flip Turn|p1a: Blaziken
|-supereffective|p1a: Blaziken
|-damage|p1a: Blaziken|17/100
|
|t:|1743929489
|-end|p2a: Walking Wake|Protosynthesis|[silent]
|switch|p2a: Leeman|Hitmonlee, M|100/100|[from] Flip Turn
|
|-ability|p1a: Blaziken|Speed Boost|boost
|-boost|p1a: Blaziken|spe|1
|upkeep
|turn|11
|
|t:|1743929494
|move|p2a: Leeman|Mach Punch|p1a: Blaziken
|-damage|p1a: Blaziken|0 fnt
|faint|p1a: Blaziken
|
|upkeep
|
|t:|1743929499
|switch|p1a: Cinderace|Cinderace, M|100/100
|-damage|p1a: Cinderace|76/100|[from] Stealth Rock
|turn|12
|
|t:|1743929506
|switch|p2a: Slowking|Slowking-Galar, F|80/100
|move|p1a: Cinderace|Pyro Ball|p2a: Slowking
|-damage|p2a: Slowking|24/100
|
|upkeep
|turn|13
|
|t:|1743929512
|move|p1a: Cinderace|Pyro Ball|p2a: Slowking
|-damage|p2a: Slowking|0 fnt
|faint|p2a: Slowking
|
|upkeep
|
|t:|1743929523
|switch|p2a: Walking Wake|Walking Wake|43/100
|turn|14
|
|t:|1743929527
|move|p1a: Cinderace|High Jump Kick|p2a: Walking Wake
|-start|p1a: Cinderace|typechange|Fighting|[from] ability: Libero
|-crit|p2a: Walking Wake
|-damage|p2a: Walking Wake|0 fnt
|faint|p2a: Walking Wake
|-end|p2a: Walking Wake|Protosynthesis|[silent]
|
|upkeep
|
|t:|1743929532
|switch|p2a: Meowscarada|Meowscarada, M, shiny|100/100
|turn|15
|
|t:|1743929547
|move|p2a: Meowscarada|Flower Trick|p1a: Cinderace
|-start|p2a: Meowscarada|typechange|Grass|[from] ability: Protean
|-crit|p1a: Cinderace
|-damage|p1a: Cinderace|0 fnt
|faint|p1a: Cinderace
|
|upkeep
|
|t:|1743929553
|switch|p1a: Serperior|Serperior, F|100/100
|-damage|p1a: Serperior|88/100|[from] Stealth Rock
|turn|16
|
|t:|1743929556
|switch|p2a: Cinderace|Cinderace, F|64/100
|move|p1a: Serperior|Glare|p2a: Cinderace
|-status|p2a: Cinderace|par
|
|upkeep
|turn|17
|
|t:|1743929562
|-terastallize|p1a: Serperior|Grass
|move|p1a: Serperior|Leaf Storm|p2a: Cinderace
|-resisted|p2a: Cinderace
|-damage|p2a: Cinderace|26/100 par
|-boost|p1a: Serperior|spa|2
|move|p2a: Cinderace|Pyro Ball|p1a: Serperior
|-supereffective|p1a: Serperior
|-damage|p1a: Serperior|0 fnt
|faint|p1a: Serperior
|
|win|hachan247
|raw|Nchch's rating: 1112 &rarr; <strong>1091</strong><br />(-21 for losing)
|raw|hachan247's rating: 1166 &rarr; <strong>1187</strong><br />(+21 for winning)
|l|☆Nchch
|player|p1|
|l|☆hachan247
|player|p2|
