|j|☆skeli_687
|j|☆Coochigrip34
|t:|1743921388
|gametype|singles
|player|p1|skeli_687|blue-masters2|1161
|player|p2|Coochigrip34|benga|1101
|teamsize|p1|6
|teamsize|p2|6
|gen|9
|tier|[Gen 9] OU
|rated|
|rule|HP Percentage Mod: HP is shown in percentages
|rule|Endless Battle Clause: Forcing endless battles is banned
|rule|Species Clause: Limit one of each Pokémon
|rule|OHKO Clause: OHKO moves are banned
|rule|Evasion Items Clause: Evasion items are banned
|rule|Evasion Moves Clause: Evasion moves are banned
|rule|Sleep Moves Clause: Sleep-inducing moves are banned
|clearpoke
|poke|p1|Thundurus-Therian, M|
|poke|p1|Zoroark-Hisui, M|
|poke|p1|Heatran, F|
|poke|p1|Araquanid, F|
|poke|p1|Zamazenta-*|
|poke|p1|Shiftry, F|
|poke|p2|Incineroar, M|
|poke|p2|Dragonite, F|
|poke|p2|Gholdengo|
|poke|p2|Ogerpon-Wellspring, F|
|poke|p2|Snorlax, F|
|poke|p2|Sandaconda, M|
|teampreview
|inactive|Battle timer is ON: inactive players will automatically lose when time's up. (requested by skeli_687)
|
|t:|1743921399
|start
|switch|p1a: Zamazenta|Zamazenta|100/100
|switch|p2a: Dragonite|Dragonite, F, shiny|100/100
|-ability|p1a: Zamazenta|Dauntless Shield|boost
|-boost|p1a: Zamazenta|def|1
|turn|1
|
|t:|1743921407
|move|p1a: Zamazenta|Ice Fang|p2a: Dragonite
|-supereffective|p2a: Dragonite
|-damage|p2a: Dragonite|49/100
|move|p2a: Dragonite|Dragon Dance|p2a: Dragonite
|-boost|p2a: Dragonite|atk|1
|-boost|p2a: Dragonite|spe|1
|
|upkeep
|turn|2
|
|t:|1743921426
|move|p2a: Dragonite|Dragon Claw|p1a: Zamazenta
|-damage|p1a: Zamazenta|62/100
|move|p1a: Zamazenta|Ice Fang|p2a: Dragonite
|-supereffective|p2a: Dragonite
|-damage|p2a: Dragonite|0 fnt
|faint|p2a: Dragonite
|
|upkeep
|
|t:|1743921444
|switch|p2a: Gholdengo|Gholdengo|100/100
|turn|3
|
|t:|1743921449
|move|p1a: Zamazenta|Crunch|p2a: Gholdengo
|-supereffective|p2a: Gholdengo
|-damage|p2a: Gholdengo|36/100
|move|p2a: Gholdengo|Nasty Plot|p2a: Gholdengo
|-boost|p2a: Gholdengo|spa|2
|
|upkeep
|turn|4
|
|t:|1743921457
|move|p1a: Zamazenta|Crunch|p2a: Gholdengo
|-supereffective|p2a: Gholdengo
|-damage|p2a: Gholdengo|0 fnt
|faint|p2a: Gholdengo
|
|upkeep
|
|t:|1743921468
|switch|p2a: Sandaconda|Sandaconda, M, shiny|100/100
|turn|5
|
|t:|1743921486
|switch|p1a: Araquanid|Araquanid, F|100/100
|move|p2a: Sandaconda|Earthquake|p1a: Araquanid
|-resisted|p1a: Araquanid
|-damage|p1a: Araquanid|81/100
|
|upkeep
|turn|6
|
|t:|1743921494
|move|p2a: Sandaconda|Stealth Rock|p1a: Araquanid
|-sidestart|p1: skeli_687|move: Stealth Rock
|move|p1a: Araquanid|Sticky Web|p2a: Sandaconda
|-sidestart|p2: Coochigrip34|move: Sticky Web
|
|upkeep
|turn|7
|
|t:|1743921511
|move|p2a: Sandaconda|Stealth Rock||[still]
|-fail|p2a: Sandaconda
|move|p1a: Araquanid|Liquidation|p2a: Sandaconda
|-supereffective|p2a: Sandaconda
|-damage|p2a: Sandaconda|64/100
|-damage|p1a: Araquanid|65/100|[from] item: Rocky Helmet|[of] p2a: Sandaconda
|
|upkeep
|turn|8
|
|t:|1743921532
|move|p2a: Sandaconda|Rock Blast|p1a: Araquanid
|-supereffective|p1a: Araquanid
|-damage|p1a: Araquanid|52/100
|-supereffective|p1a: Araquanid
|-damage|p1a: Araquanid|38/100
|-hitcount|p1a: Araquanid|2
|move|p1a: Araquanid|Liquidation|p2a: Sandaconda
|-supereffective|p2a: Sandaconda
|-damage|p2a: Sandaconda|22/100
|-damage|p1a: Araquanid|21/100|[from] item: Rocky Helmet|[of] p2a: Sandaconda
|
|upkeep
|turn|9
|
|t:|1743921544
|move|p2a: Sandaconda|Rest|p2a: Sandaconda
|-status|p2a: Sandaconda|slp|[from] move: Rest
|-heal|p2a: Sandaconda|100/100 slp|[silent]
|move|p1a: Araquanid|X-Scissor|p2a: Sandaconda
|-damage|p2a: Sandaconda|81/100 slp
|-damage|p1a: Araquanid|5/100|[from] item: Rocky Helmet|[of] p2a: Sandaconda
|
|-activate|p2a: Sandaconda|ability: Shed Skin
|-curestatus|p2a: Sandaconda|slp|[msg]
|upkeep
|turn|10
|
|t:|1743921568
|move|p2a: Sandaconda|Rock Blast|p1a: Araquanid
|-supereffective|p1a: Araquanid
|-damage|p1a: Araquanid|0 fnt
|faint|p1a: Araquanid
|-hitcount|p1: Araquanid|1
|
|upkeep
|
|t:|1743921574
|switch|p1a: Shiftry|Shiftry, F|100/100
|turn|11
|
|t:|1743921588
|-terastallize|p2a: Sandaconda|Poison
|move|p1a: Shiftry|Fake Out|p2a: Sandaconda
|-damage|p2a: Sandaconda|75/100
|-damage|p1a: Shiftry|84/100|[from] item: Rocky Helmet|[of] p2a: Sandaconda
|cant|p2a: Sandaconda|flinch
|
|upkeep
|turn|12
|
|t:|1743921597
|switch|p1a: Heatran|Heatran, F|100/100
|-damage|p1a: Heatran|88/100|[from] Stealth Rock
|move|p2a: Sandaconda|Earthquake|p1a: Heatran
|-supereffective|p1a: Heatran
|-damage|p1a: Heatran|0 fnt
|faint|p1a: Heatran
|
|upkeep
|
|t:|1743921612
|switch|p1a: Thundurus|Thundurus-Therian, M|100/100
|-damage|p1a: Thundurus|76/100|[from] Stealth Rock
|turn|13
|
|t:|1743921622
|move|p1a: Thundurus|Psychic|p2a: Sandaconda
|-supereffective|p2a: Sandaconda
|-damage|p2a: Sandaconda|0 fnt
|faint|p2a: Sandaconda
|-damage|p1a: Thundurus|66/100|[from] item: Life Orb
|
|upkeep
|
|t:|1743921630
|switch|p2a: Incineroar|Incineroar, M|100/100
|-activate|p2a: Incineroar|move: Sticky Web
|-unboost|p2a: Incineroar|spe|1
|-ability|p2a: Incineroar|Intimidate|boost
|-unboost|p1a: Thundurus|atk|1
|turn|14
|
|t:|1743921638
|move|p2a: Incineroar|Fake Out|p1a: Thundurus
|-damage|p1a: Thundurus|48/100
|cant|p1a: Thundurus|flinch
|
|upkeep
|turn|15
|
|t:|1743921648
|move|p1a: Thundurus|Focus Blast|p2a: Incineroar
|-supereffective|p2a: Incineroar
|-damage|p2a: Incineroar|20/100
|-damage|p1a: Thundurus|38/100|[from] item: Life Orb
|move|p2a: Incineroar|Knock Off|p1a: Thundurus
|-damage|p1a: Thundurus|0 fnt
|-enditem|p1a: Thundurus|Life Orb|[from] move: Knock Off|[of] p2a: Incineroar
|faint|p1a: Thundurus
|
|upkeep
|
|t:|1743921656
|switch|p1a: Zamazenta|Zamazenta|62/100
|-damage|p1a: Zamazenta|56/100|[from] Stealth Rock
|turn|16
|
|t:|1743921665
|move|p1a: Zamazenta|Close Combat|p2a: Incineroar
|-supereffective|p2a: Incineroar
|-damage|p2a: Incineroar|0 fnt
|-unboost|p1a: Zamazenta|def|1
|-unboost|p1a: Zamazenta|spd|1
|faint|p2a: Incineroar
|
|upkeep
|
|t:|1743921675
|switch|p2a: Ogerpon|Ogerpon-Wellspring, F|100/100
|-activate|p2a: Ogerpon|move: Sticky Web
|-unboost|p2a: Ogerpon|spe|1
|turn|17
|
|t:|1743921683
|move|p1a: Zamazenta|Close Combat|p2a: Ogerpon
|-damage|p2a: Ogerpon|19/100
|-unboost|p1a: Zamazenta|def|1
|-unboost|p1a: Zamazenta|spd|1
|move|p2a: Ogerpon|Swords Dance|p2a: Ogerpon
|-boost|p2a: Ogerpon|atk|2
|
|upkeep
|turn|18
|
|t:|1743921695
|move|p1a: Zamazenta|Close Combat|p2a: Ogerpon
|-damage|p2a: Ogerpon|0 fnt
|-unboost|p1a: Zamazenta|def|1
|-unboost|p1a: Zamazenta|spd|1
|faint|p2a: Ogerpon
|
|upkeep
|
|t:|1743921702
|switch|p2a: Snorlax|Snorlax, F, shiny|100/100
|-activate|p2a: Snorlax|move: Sticky Web
|-unboost|p2a: Snorlax|spe|1
|turn|19
|
|t:|1743921712
|-terastallize|p1a: Zamazenta|Fighting
|move|p1a: Zamazenta|Close Combat|p2a: Snorlax
|-supereffective|p2a: Snorlax
|-damage|p2a: Snorlax|0 fnt
|-unboost|p1a: Zamazenta|def|1
|-unboost|p1a: Zamazenta|spd|1
|faint|p2a: Snorlax
|
|win|skeli_687
|raw|skeli_687's rating: 1161 &rarr; <strong>1182</strong><br />(+21 for winning)
|raw|Coochigrip34's rating: 1101 &rarr; <strong>1080</strong><br />(-21 for losing)
|l|☆skeli_687
|player|p1|
|l|☆Coochigrip34
|player|p2|
