|j|☆that suck
|j|☆GoombaJuiced
|t:|1743920601
|gametype|singles
|player|p1|that suck|102|1133
|player|p2|GoombaJuiced|170|1101
|teamsize|p1|6
|teamsize|p2|6
|gen|9
|tier|[Gen 9] OU
|rated|
|rule|HP Percentage Mod: HP is shown in percentages
|rule|Endless Battle Clause: Forcing endless battles is banned
|rule|Species Clause: Limit one of each Pokémon
|rule|OHKO Clause: OHKO moves are banned
|rule|Evasion Items Clause: Evasion items are banned
|rule|Evasion Moves Clause: Evasion moves are banned
|rule|Sleep Moves Clause: Sleep-inducing moves are banned
|clearpoke
|poke|p1|Zamazenta-*|
|poke|p1|Kyurem|
|poke|p1|Araquanid, M|
|poke|p1|Landorus-Therian, M|
|poke|p1|Dondozo, M|
|poke|p1|Raging Bolt|
|poke|p2|Indeedee, M|
|poke|p2|Rampardos, M|
|poke|p2|Scizor, M|
|poke|p2|Garchomp, F|
|poke|p2|Cinccino, M|
|poke|p2|Goodra-Hisui, M|
|teampreview
|inactive|Battle timer is ON: inactive players will automatically lose when time's up. (requested by that suck)
|
|t:|1743920622
|start
|switch|p1a: Landorus|Landorus-Therian, M, shiny|100/100
|switch|p2a: Cinccino|Cinccino, M, shiny|100/100
|-ability|p1a: Landorus|Intimidate|boost
|-unboost|p2a: Cinccino|atk|1
|turn|1
|
|t:|1743920636
|switch|p2a: Garchomp|Garchomp, F|100/100
|move|p1a: Landorus|Rock Tomb|p2a: Garchomp
|-resisted|p2a: Garchomp
|-damage|p2a: Garchomp|93/100
|-unboost|p2a: Garchomp|spe|1
|
|upkeep
|turn|2
|
|t:|1743920645
|move|p1a: Landorus|Outrage|p2a: Garchomp
|-supereffective|p2a: Garchomp
|-damage|p2a: Garchomp|37/100
|-damage|p1a: Landorus|88/100|[from] ability: Rough Skin|[of] p2a: Garchomp
|-damage|p1a: Landorus|72/100|[from] item: Rocky Helmet|[of] p2a: Garchomp
|move|p2a: Garchomp|Stealth Rock|p1a: Landorus
|-sidestart|p1: that suck|move: Stealth Rock
|
|upkeep
|turn|3
|
|t:|1743920660
|switch|p2a: Scizor|Scizor, M|100/100
|move|p1a: Landorus|Outrage|p2a: Scizor|[from] lockedmove
|-resisted|p2a: Scizor
|-damage|p2a: Scizor|74/100
|
|upkeep
|turn|4
|
|t:|1743920667
|move|p1a: Landorus|Outrage|p2a: Scizor|[from] lockedmove
|-resisted|p2a: Scizor
|-damage|p2a: Scizor|51/100
|-start|p1a: Landorus|confusion|[fatigue]
|move|p2a: Scizor|Tailwind|p2a: Scizor
|-sidestart|p2: GoombaJuiced|move: Tailwind
|
|upkeep
|turn|5
|
|t:|1743920676
|move|p2a: Scizor|U-turn|p1a: Landorus
|-resisted|p1a: Landorus
|-damage|p1a: Landorus|48/100
|
|t:|1743920683
|switch|p2a: Rampardos|Rampardos, M|100/100|[from] U-turn
|-activate|p1a: Landorus|confusion
|-damage|p1a: Landorus|32/100|[from] confusion
|
|upkeep
|turn|6
|
|t:|1743920692
|move|p2a: Rampardos|Trailblaze|p1a: Landorus
|-damage|p1a: Landorus|0 fnt
|faint|p1a: Landorus
|
|upkeep
|
|t:|1743920703
|switch|p1a: Dondozo|Dondozo, M, shiny|100/100
|-damage|p1a: Dondozo|88/100|[from] Stealth Rock
|turn|7
|
|t:|1743920708
|move|p2a: Rampardos|Thunder Punch|p1a: Dondozo
|-supereffective|p1a: Dondozo
|-damage|p1a: Dondozo|23/100
|move|p1a: Dondozo|Wave Crash|p2a: Rampardos
|-supereffective|p2a: Rampardos
|-damage|p2a: Rampardos|0 fnt
|faint|p2a: Rampardos
|-damage|p1a: Dondozo|0 fnt|[from] Recoil
|faint|p1a: Dondozo
|
|-sideend|p2: GoombaJuiced|move: Tailwind
|upkeep
|
|t:|1743920720
|switch|p2a: Scizor|Scizor, M|51/100
|switch|p1a: Kyurem|Kyurem, shiny|100/100
|-damage|p1a: Kyurem|76/100|[from] Stealth Rock
|-ability|p1a: Kyurem|Pressure
|turn|8
|
|t:|1743920731
|move|p1a: Kyurem|Focus Blast|p2a: Scizor
|-damage|p2a: Scizor|5/100
|move|p2a: Scizor|Tailwind|p2a: Scizor
|-sidestart|p2: GoombaJuiced|move: Tailwind
|
|-heal|p1a: Kyurem|82/100|[from] item: Leftovers
|upkeep
|turn|9
|
|t:|1743920740
|move|p2a: Scizor|Bullet Punch|p1a: Kyurem
|-supereffective|p1a: Kyurem
|-damage|p1a: Kyurem|33/100
|move|p1a: Kyurem|Glaciate|p2a: Scizor
|-resisted|p2a: Scizor
|-crit|p2a: Scizor
|-damage|p2a: Scizor|0 fnt
|faint|p2a: Scizor
|
|-heal|p1a: Kyurem|39/100|[from] item: Leftovers
|upkeep
|
|t:|1743920750
|switch|p2a: Indeedee|Indeedee, M|100/100
|-fieldstart|move: Psychic Terrain|[from] ability: Psychic Surge|[of] p2a: Indeedee
|turn|10
|
|t:|1743920756
|move|p2a: Indeedee|Expanding Force|p1a: Kyurem
|-damage|p1a: Kyurem|0 fnt
|faint|p1a: Kyurem
|
|upkeep
|
|t:|1743920765
|switch|p1a: Araquanid|Araquanid, M, shiny|100/100
|-damage|p1a: Araquanid|76/100|[from] Stealth Rock
|turn|11
|
|t:|1743920770
|move|p2a: Indeedee|Expanding Force|p1a: Araquanid
|-damage|p1a: Araquanid|13/100
|move|p1a: Araquanid|Liquidation|p2a: Indeedee
|-damage|p2a: Indeedee|0 fnt
|faint|p2a: Indeedee
|
|-sideend|p2: GoombaJuiced|move: Tailwind
|upkeep
|
|t:|1743920786
|switch|p2a: Cinccino|Cinccino, M, shiny|100/100
|turn|12
|
|t:|1743920793
|move|p2a: Cinccino|Tidy Up|p2a: Cinccino
|-sideend|p1: that suck|Stealth Rock
|-activate|p2a: Cinccino|move: Tidy Up
|-boost|p2a: Cinccino|atk|1
|-boost|p2a: Cinccino|spe|1
|move|p1a: Araquanid|Liquidation|p2a: Cinccino
|-damage|p2a: Cinccino|12/100
|
|upkeep
|turn|13
|
|t:|1743920806
|move|p2a: Cinccino|Tail Slap|p1a: Araquanid
|-damage|p1a: Araquanid|0 fnt
|faint|p1a: Araquanid
|-hitcount|p1: Araquanid|1
|
|upkeep
|
|t:|1743920808
|switch|p1a: Raging Bolt|Raging Bolt|100/100
|-enditem|p1a: Raging Bolt|Booster Energy
|-activate|p1a: Raging Bolt|ability: Protosynthesis|[fromitem]
|-start|p1a: Raging Bolt|protosynthesisspa
|turn|14
|
|t:|1743920818
|-terastallize|p2a: Cinccino|Normal
|move|p1a: Raging Bolt|Thunderclap|p2a: Cinccino
|-activate|p2a: Cinccino|move: Psychic Terrain
|move|p2a: Cinccino|Tail Slap|p1a: Raging Bolt
|-damage|p1a: Raging Bolt|72/100
|-damage|p1a: Raging Bolt|42/100
|-damage|p1a: Raging Bolt|15/100
|-damage|p1a: Raging Bolt|0 fnt
|faint|p1a: Raging Bolt
|-end|p1a: Raging Bolt|Protosynthesis|[silent]
|-hitcount|p1: Raging Bolt|4
|
|-fieldend|move: Psychic Terrain
|upkeep
|
|t:|1743920826
|switch|p1a: Zamazenta|Zamazenta, shiny|100/100
|-ability|p1a: Zamazenta|Dauntless Shield|boost
|-boost|p1a: Zamazenta|def|1
|turn|15
|
|t:|1743920835
|-terastallize|p1a: Zamazenta|Fairy
|move|p1a: Zamazenta|Body Press|p2a: Cinccino
|-supereffective|p2a: Cinccino
|-damage|p2a: Cinccino|0 fnt
|faint|p2a: Cinccino
|
|upkeep
|
|t:|1743920844
|switch|p2a: Garchomp|Garchomp, F|37/100
|turn|16
|
|t:|1743920848
|move|p1a: Zamazenta|Body Press|p2a: Garchomp
|-damage|p2a: Garchomp|0 fnt
|-damage|p1a: Zamazenta|88/100|[from] ability: Rough Skin|[of] p2a: Garchomp
|-damage|p1a: Zamazenta|72/100|[from] item: Rocky Helmet|[of] p2a: Garchomp
|faint|p2a: Garchomp
|
|upkeep
|
|t:|1743920855
|switch|p2a: Goodra|Goodra-Hisui, M|100/100
|turn|17
|
|t:|1743920861
|move|p1a: Zamazenta|Body Press|p2a: Goodra
|-supereffective|p2a: Goodra
|-damage|p2a: Goodra|0 fnt
|-ability|p2a: Goodra|Gooey
|-unboost|p1a: Zamazenta|spe|1
|faint|p2a: Goodra
|
|win|that suck
|raw|that suck's rating: 1133 &rarr; <strong>1156</strong><br />(+23 for winning)
|raw|GoombaJuiced's rating: 1101 &rarr; <strong>1078</strong><br />(-23 for losing)
|l|☆GoombaJuiced
|player|p2|
|l|☆that suck
|player|p1|
