|j|☆Dinorex007
|j|☆ddthejj-test
|t:|1743919008
|gametype|singles
|player|p1|Dinorex007|nate|1250
|player|p2|ddthejj-test|hiker-gen4|1189
|teamsize|p1|6
|teamsize|p2|6
|gen|9
|tier|[Gen 9] OU
|rated|
|rule|HP Percentage Mod: HP is shown in percentages
|rule|Endless Battle Clause: Forcing endless battles is banned
|rule|Species Clause: Limit one of each Pokémon
|rule|OHKO Clause: OHKO moves are banned
|rule|Evasion Items Clause: Evasion items are banned
|rule|Evasion Moves Clause: Evasion moves are banned
|rule|Sleep Moves Clause: Sleep-inducing moves are banned
|clearpoke
|poke|p1|Landorus-Therian, M|
|poke|p1|Darkrai|
|poke|p1|Ribombee, M|
|poke|p1|Gholdengo|
|poke|p1|Blaziken, F|
|poke|p1|Ogerpon-Wellspring, F|
|poke|p2|Revavroom, F|
|poke|p2|Galvantula, M|
|poke|p2|Great Tusk|
|poke|p2|Probopass, F|
|poke|p2|Iron Moth|
|poke|p2|Ogerpon-Wellspring, F|
|teampreview
|inactive|Battle timer is ON: inactive players will automatically lose when time's up. (requested by ddthejj-test)
|
|t:|1743919018
|start
|switch|p1a: Blaziken|Blaziken, F|100/100
|switch|p2a: Galvantula|Galvantula, M|100/100
|turn|1
|
|t:|1743919024
|move|p2a: Galvantula|Sticky Web|p1a: Blaziken
|-sidestart|p1: Dinorex007|move: Sticky Web
|move|p1a: Blaziken|Swords Dance|p1a: Blaziken
|-boost|p1a: Blaziken|atk|2
|
|-ability|p1a: Blaziken|Speed Boost|boost
|-boost|p1a: Blaziken|spe|1
|upkeep
|turn|2
|
|t:|1743919036
|move|p1a: Blaziken|Flare Blitz|p2a: Galvantula
|-supereffective|p2a: Galvantula
|-enditem|p2a: Galvantula|Focus Sash
|-damage|p2a: Galvantula|1/100
|-damage|p1a: Blaziken|70/100|[from] Recoil
|-damage|p1a: Blaziken|60/100|[from] item: Life Orb
|move|p2a: Galvantula|Volt Switch|p1a: Blaziken
|-damage|p1a: Blaziken|12/100
|
|t:|1743919048
|switch|p2a: Revavroom|Revavroom, F|100/100|[from] Volt Switch
|
|-ability|p1a: Blaziken|Speed Boost|boost
|-boost|p1a: Blaziken|spe|1
|upkeep
|turn|3
|
|t:|1743919054
|move|p1a: Blaziken|Close Combat|p2a: Revavroom
|-enditem|p2a: Revavroom|Focus Sash
|-damage|p2a: Revavroom|1/100
|-unboost|p1a: Blaziken|def|1
|-unboost|p1a: Blaziken|spd|1
|-damage|p1a: Blaziken|2/100|[from] item: Life Orb
|move|p2a: Revavroom|Shift Gear|p2a: Revavroom
|-boost|p2a: Revavroom|spe|2
|-boost|p2a: Revavroom|atk|1
|
|-ability|p1a: Blaziken|Speed Boost|boost
|-boost|p1a: Blaziken|spe|1
|upkeep
|turn|4
|
|t:|1743919066
|move|p1a: Blaziken|Close Combat|p2a: Revavroom
|-damage|p2a: Revavroom|0 fnt
|-unboost|p1a: Blaziken|def|1
|-unboost|p1a: Blaziken|spd|1
|faint|p2a: Revavroom
|-damage|p1a: Blaziken|0 fnt|[from] item: Life Orb
|faint|p1a: Blaziken
|
|upkeep
|
|t:|1743919074
|switch|p2a: Galvantula|Galvantula, M|1/100
|switch|p1a: Ribombee|Ribombee, M|100/100
|-activate|p1a: Ribombee|move: Sticky Web
|-unboost|p1a: Ribombee|spe|1
|turn|5
|
|t:|1743919080
|move|p2a: Galvantula|Volt Switch|p1a: Ribombee
|-damage|p1a: Ribombee|50/100
|
|t:|1743919089
|switch|p2a: Ogerpon|Ogerpon-Wellspring, F|100/100|[from] Volt Switch
|move|p1a: Ribombee|Sticky Web|p2a: Ogerpon
|-sidestart|p2: ddthejj-test|move: Sticky Web
|
|upkeep
|turn|6
|
|t:|1743919096
|switch|p1a: Ogerpon|Ogerpon-Wellspring, F|100/100
|-activate|p1a: Ogerpon|move: Sticky Web
|-unboost|p1a: Ogerpon|spe|1
|move|p2a: Ogerpon|Ivy Cudgel|p1a: Ogerpon|[anim] Ivy Cudgel Water
|-immune|p1a: Ogerpon|[from] ability: Water Absorb
|
|upkeep
|turn|7
|
|t:|1743919106
|-terastallize|p1a: Ogerpon|Water
|detailschange|p1a: Ogerpon|Ogerpon-Wellspring-Tera, F, tera:Water
|-ability|p1a: Ogerpon|Embody Aspect (Wellspring)|boost
|-boost|p1a: Ogerpon|spd|1
|move|p2a: Ogerpon|U-turn|p1a: Ogerpon
|-damage|p1a: Ogerpon|65/100
|
|t:|1743919113
|switch|p2a: Galvantula|Galvantula, M|1/100|[from] U-turn
|-activate|p2a: Galvantula|move: Sticky Web
|-unboost|p2a: Galvantula|spe|1
|move|p1a: Ogerpon|Swords Dance|p1a: Ogerpon
|-boost|p1a: Ogerpon|atk|2
|
|upkeep
|turn|8
|
|t:|1743919121
|move|p1a: Ogerpon|Horn Leech|p2a: Galvantula
|-resisted|p2a: Galvantula
|-damage|p2a: Galvantula|0 fnt
|-heal|p1a: Ogerpon|65/100|[from] drain|[of] p2a: Galvantula
|faint|p2a: Galvantula
|
|upkeep
|
|t:|1743919124
|switch|p2a: Ogerpon|Ogerpon-Wellspring, F|100/100
|-activate|p2a: Ogerpon|move: Sticky Web
|-unboost|p2a: Ogerpon|spe|1
|turn|9
|
|t:|1743919130
|move|p2a: Ogerpon|Horn Leech|p1a: Ogerpon
|-supereffective|p1a: Ogerpon
|-damage|p1a: Ogerpon|0 fnt
|faint|p1a: Ogerpon
|
|upkeep
|
|t:|1743919142
|switch|p1a: Landorus|Landorus-Therian, M|100/100
|-ability|p1a: Landorus|Intimidate|boost
|-unboost|p2a: Ogerpon|atk|1
|turn|10
|
|t:|1743919146
|move|p1a: Landorus|U-turn|p2a: Ogerpon
|-supereffective|p2a: Ogerpon
|-damage|p2a: Ogerpon|27/100
|
|t:|1743919150
|switch|p1a: Gholdengo|Gholdengo|100/100|[from] U-turn
|-item|p1a: Gholdengo|Air Balloon
|move|p2a: Ogerpon|Ivy Cudgel|p1a: Gholdengo|[anim] Ivy Cudgel Water
|-crit|p1a: Gholdengo
|-damage|p1a: Gholdengo|2/100
|-enditem|p1a: Gholdengo|Air Balloon
|
|upkeep
|turn|11
|
|t:|1743919159
|move|p1a: Gholdengo|Shadow Ball|p2a: Ogerpon
|-damage|p2a: Ogerpon|0 fnt
|faint|p2a: Ogerpon
|
|upkeep
|
|t:|1743919163
|switch|p2a: Probopass|Probopass, F|100/100
|-activate|p2a: Probopass|move: Sticky Web
|-unboost|p2a: Probopass|spe|1
|turn|12
|
|t:|1743919170
|move|p1a: Gholdengo|Make It Rain|p2a: Probopass
|-damage|p2a: Probopass|68/100
|-unboost|p1a: Gholdengo|spa|1
|move|p2a: Probopass|Power Gem|p1a: Gholdengo
|-resisted|p1a: Gholdengo
|-damage|p1a: Gholdengo|0 fnt
|faint|p1a: Gholdengo
|
|upkeep
|
|t:|1743919184
|switch|p1a: Landorus|Landorus-Therian, M|100/100
|-ability|p1a: Landorus|Intimidate|boost
|-unboost|p2a: Probopass|atk|1
|turn|13
|
|t:|1743919191
|move|p1a: Landorus|Earthquake|p2a: Probopass
|-supereffective|p2a: Probopass
|-damage|p2a: Probopass|0 fnt
|faint|p2a: Probopass
|
|upkeep
|
|t:|1743919194
|switch|p2a: Great Tusk|Great Tusk|100/100
|-activate|p2a: Great Tusk|move: Sticky Web
|-unboost|p2a: Great Tusk|spe|1
|turn|14
|
|t:|1743919199
|switch|p1a: Darkrai|Darkrai|100/100
|-activate|p1a: Darkrai|move: Sticky Web
|-unboost|p1a: Darkrai|spe|1
|move|p2a: Great Tusk|Rapid Spin|p1a: Darkrai
|-damage|p1a: Darkrai|82/100
|-boost|p2a: Great Tusk|spe|1
|-sideend|p2: ddthejj-test|Sticky Web|[from] move: Rapid Spin|[of] p2a: Great Tusk
|
|-heal|p1a: Darkrai|88/100|[from] item: Leftovers
|upkeep
|turn|15
|
|t:|1743919209
|move|p2a: Great Tusk|Close Combat|p1a: Darkrai
|-supereffective|p1a: Darkrai
|-damage|p1a: Darkrai|0 fnt
|-unboost|p2a: Great Tusk|def|1
|-unboost|p2a: Great Tusk|spd|1
|faint|p1a: Darkrai
|
|upkeep
|
|t:|1743919215
|switch|p1a: Ribombee|Ribombee, M|50/100
|-activate|p1a: Ribombee|move: Sticky Web
|-unboost|p1a: Ribombee|spe|1
|turn|16
|
|t:|1743919223
|move|p2a: Great Tusk|Headlong Rush|p1a: Ribombee
|-resisted|p1a: Ribombee
|-damage|p1a: Ribombee|0 fnt
|-unboost|p2a: Great Tusk|def|1
|-unboost|p2a: Great Tusk|spd|1
|faint|p1a: Ribombee
|
|upkeep
|
|t:|1743919229
|switch|p1a: Landorus|Landorus-Therian, M|100/100
|-ability|p1a: Landorus|Intimidate|boost
|-unboost|p2a: Great Tusk|atk|1
|turn|17
|
|t:|1743919235
|-end|p2a: Great Tusk|Protosynthesis|[silent]
|switch|p2a: Iron Moth|Iron Moth|100/100
|-enditem|p2a: Iron Moth|Booster Energy
|-activate|p2a: Iron Moth|ability: Quark Drive|[fromitem]
|-start|p2a: Iron Moth|quarkdrivespa
|move|p1a: Landorus|Earthquake|p2a: Iron Moth
|-supereffective|p2a: Iron Moth
|-damage|p2a: Iron Moth|0 fnt
|faint|p2a: Iron Moth
|-end|p2a: Iron Moth|Quark Drive|[silent]
|
|upkeep
|
|t:|1743919237
|switch|p2a: Great Tusk|Great Tusk|100/100
|turn|18
|
|t:|1743919245
|-terastallize|p2a: Great Tusk|Water
|move|p1a: Landorus|Earthquake|p2a: Great Tusk
|-damage|p2a: Great Tusk|63/100
|move|p2a: Great Tusk|Ice Spinner|p1a: Landorus
|-supereffective|p1a: Landorus
|-damage|p1a: Landorus|0 fnt
|faint|p1a: Landorus
|
|win|ddthejj-test
|raw|Dinorex007's rating: 1250 &rarr; <strong>1221</strong><br />(-29 for losing)
|raw|ddthejj-test's rating: 1189 &rarr; <strong>1218</strong><br />(+29 for winning)
|l|☆Dinorex007
|player|p1|
|l|☆ddthejj-test
|player|p2|
