|j|‽blifasblna
|j|☆jrjrsr
|t:|1743922161
|gametype|singles
|player|p1|blifasblna|101|1000
|player|p2|jrjrsr|265|1015
|teamsize|p1|6
|teamsize|p2|6
|gen|9
|tier|[Gen 9] OU
|rated|
|rule|HP Percentage Mod: HP is shown in percentages
|rule|Endless Battle Clause: Forcing endless battles is banned
|rule|Species Clause: Limit one of each Pokémon
|rule|OHKO Clause: OHKO moves are banned
|rule|Evasion Items Clause: Evasion items are banned
|rule|Evasion Moves Clause: Evasion moves are banned
|rule|Sleep Moves Clause: Sleep-inducing moves are banned
|clearpoke
|poke|p1|Pecharunt|
|poke|p1|Slowking-Galar, M|
|poke|p1|Revavroom, F|
|poke|p1|Toxapex, M|
|poke|p1|Gengar, M|
|poke|p1|Weezing-Galar, M|
|poke|p2|Feraligatr, F|
|poke|p2|Iron Valiant|
|poke|p2|Pecharunt|
|poke|p2|Clefable, F|
|poke|p2|Cramorant, F|
|poke|p2|Kyurem|
|teampreview
|inactive|Battle timer is ON: inactive players will automatically lose when time's up. (requested by jrjrsr)
|inactive|blifasblna also wants the timer to be on.
|
|t:|1743922180
|start
|switch|p1a: Pecharunt|Pecharunt|100/100
|switch|p2a: Cramorant|Cramorant, F|100/100
|turn|1
|
|t:|1743922185
|move|p2a: Cramorant|Surf|p1a: Pecharunt
|-formechange|p2a: Cramorant|Cramorant-Gulping|
|-damage|p1a: Pecharunt|61/100
|move|p1a: Pecharunt|Malignant Chain|p2a: Cramorant
|-damage|p2a: Cramorant|57/100
|-damage|p1a: Pecharunt|36/100|[from] ability: Gulp Missile|[of] p2a: Cramorant
|-unboost|p1a: Pecharunt|def|1
|-formechange|p2a: Cramorant|Cramorant|
|
|upkeep
|turn|2
|
|t:|1743922196
|switch|p1a: Toxapex|Toxapex, M, shiny|100/100
|move|p2a: Cramorant|Surf|p1a: Toxapex
|-formechange|p2a: Cramorant|Cramorant-Gulping|
|-resisted|p1a: Toxapex
|-damage|p1a: Toxapex|92/100
|
|upkeep
|turn|3
|
|t:|1743922217
|move|p2a: Cramorant|Roost|p2a: Cramorant
|-heal|p2a: Cramorant|100/100
|-singleturn|p2a: Cramorant|move: Roost
|move|p1a: Toxapex|Body Slam|p2a: Cramorant
|-damage|p2a: Cramorant|71/100
|-damage|p1a: Toxapex|68/100|[from] ability: Gulp Missile|[of] p2a: Cramorant
|-unboost|p1a: Toxapex|def|1
|-formechange|p2a: Cramorant|Cramorant|
|
|upkeep
|turn|4
|
|t:|1743922230
|switch|p2a: Clefable|Clefable, F|100/100
|switch|p1a: Slowking|Slowking-Galar, M, shiny|100/100
|
|upkeep
|turn|5
|
|t:|1743922240
|move|p2a: Clefable|Stealth Rock|p1a: Slowking
|-sidestart|p1: blifasblna|move: Stealth Rock
|move|p1a: Slowking|Sludge Bomb|p2a: Clefable
|-supereffective|p2a: Clefable
|-damage|p2a: Clefable|53/100
|
|-heal|p2a: Clefable|59/100|[from] item: Leftovers
|upkeep
|turn|6
|
|t:|1743922260
|switch|p2a: Cramorant|Cramorant, F|71/100
|-prepare|p1a: Slowking|Chilly Reception|[premajor]
|move|p1a: Slowking|Chilly Reception|p1a: Slowking
|-weather|Snowscape
|
|t:|1743922272
|switch|p1a: Gengar|Gengar, M|100/100|[from] Chilly Reception
|-damage|p1a: Gengar|88/100|[from] Stealth Rock
|
|-weather|Snowscape|[upkeep]
|upkeep
|turn|7
|
|t:|1743922280
|move|p1a: Gengar|Sludge Wave|p2a: Cramorant
|-damage|p2a: Cramorant|16/100
|move|p2a: Cramorant|Surf|p1a: Gengar
|-formechange|p2a: Cramorant|Cramorant-Gorging|
|-damage|p1a: Gengar|28/100
|
|-weather|Snowscape|[upkeep]
|upkeep
|turn|8
|
|t:|1743922288
|move|p1a: Gengar|Sludge Wave|p2a: Cramorant
|-damage|p2a: Cramorant|0 fnt
|-damage|p1a: Gengar|4/100|[from] ability: Gulp Missile|[of] p2a: Cramorant
|-status|p1a: Gengar|par
|-formechange|p2a: Cramorant|Cramorant|
|faint|p2a: Cramorant
|
|-weather|Snowscape|[upkeep]
|upkeep
|
|t:|1743922296
|switch|p2a: Clefable|Clefable, F|59/100
|turn|9
|
|t:|1743922319
|-terastallize|p2a: Clefable|Steel
|move|p1a: Gengar|Sludge Wave|p2a: Clefable
|-immune|p2a: Clefable
|move|p2a: Clefable|Knock Off|p1a: Gengar
|-supereffective|p1a: Gengar
|-damage|p1a: Gengar|0 fnt
|-enditem|p1a: Gengar|Choice Scarf|[from] move: Knock Off|[of] p2a: Clefable
|faint|p1a: Gengar
|
|-weather|Snowscape|[upkeep]
|-heal|p2a: Clefable|65/100|[from] item: Leftovers
|upkeep
|
|t:|1743922330
|switch|p1a: Weezing|Weezing-Galar, M, shiny|100/100
|-damage|p1a: Weezing|88/100|[from] Stealth Rock
|turn|10
|
|t:|1743922335
|switch|p2a: Pecharunt|Pecharunt|100/100
|move|p1a: Weezing|Overheat|p2a: Pecharunt
|-damage|p2a: Pecharunt|30/100
|-unboost|p1a: Weezing|spa|2
|
|-weather|none
|-heal|p2a: Pecharunt|36/100|[from] item: Leftovers
|upkeep
|turn|11
|
|t:|1743922345
|switch|p1a: Toxapex|Toxapex, M, shiny|100/100
|-damage|p1a: Toxapex|88/100|[from] Stealth Rock
|move|p2a: Pecharunt|Parting Shot|p1a: Toxapex
|-unboost|p1a: Toxapex|atk|1
|-unboost|p1a: Toxapex|spa|1
|
|t:|1743922351
|switch|p2a: Kyurem|Kyurem|100/100|[from] Parting Shot
|-ability|p2a: Kyurem|Pressure
|
|upkeep
|turn|12
|
|t:|1743922364
|move|p2a: Kyurem|Freeze-Dry|p1a: Toxapex
|-supereffective|p1a: Toxapex
|-damage|p1a: Toxapex|39/100
|-status|p1a: Toxapex|frz
|cant|p1a: Toxapex|frz
|
|upkeep
|turn|13
|
|t:|1743922372
|switch|p1a: Slowking|Slowking-Galar, M, shiny|100/100
|-damage|p1a: Slowking|88/100|[from] Stealth Rock
|move|p2a: Kyurem|Freeze-Dry|p1a: Slowking
|-damage|p1a: Slowking|48/100
|
|-heal|p1a: Slowking|54/100|[from] item: Leftovers
|upkeep
|turn|14
|
|t:|1743922381
|switch|p2a: Clefable|Clefable, F, tera:Steel|65/100
|switch|p1a: Weezing|Weezing-Galar, M, shiny|88/100
|-damage|p1a: Weezing|76/100|[from] Stealth Rock
|
|-heal|p2a: Clefable|72/100|[from] item: Leftovers
|upkeep
|turn|15
|
|t:|1743922397
|switch|p2a: Feraligatr|Feraligatr, F|100/100
|move|p1a: Weezing|Overheat|p2a: Feraligatr
|-resisted|p2a: Feraligatr
|-damage|p2a: Feraligatr|65/100
|-unboost|p1a: Weezing|spa|2
|
|upkeep
|turn|16
|
|t:|1743922408
|switch|p1a: Pecharunt|Pecharunt|36/100
|-damage|p1a: Pecharunt|23/100|[from] Stealth Rock
|move|p2a: Feraligatr|Dragon Dance|p2a: Feraligatr
|-boost|p2a: Feraligatr|atk|1
|-boost|p2a: Feraligatr|spe|1
|
|upkeep
|turn|17
|
|t:|1743922413
|move|p2a: Feraligatr|Waterfall|p1a: Pecharunt
|-damage|p1a: Pecharunt|0 fnt
|-damage|p2a: Feraligatr|49/100|[from] item: Rocky Helmet|[of] p1a: Pecharunt
|faint|p1a: Pecharunt
|
|upkeep
|
|t:|1743922417
|switch|p1a: Revavroom|Revavroom, F|100/100
|-damage|p1a: Revavroom|95/100|[from] Stealth Rock
|turn|18
|
|t:|1743922424
|move|p2a: Feraligatr|Earthquake|p1a: Revavroom
|-supereffective|p1a: Revavroom
|-damage|p1a: Revavroom|0 fnt
|faint|p1a: Revavroom
|-damage|p2a: Feraligatr|39/100|[from] item: Life Orb
|
|upkeep
|-message|blifasblna forfeited.
|
|win|jrjrsr
|raw|blifasblna's rating: 1000 &rarr; <strong>1000</strong><br />(+0 for losing)
|raw|jrjrsr's rating: 1015 &rarr; <strong>1051</strong><br />(+36 for winning)
|l|‽blifasblna
|player|p1|
