|j|‽Brockyroad13
|j|☆w444
|t:|1743920131
|gametype|singles
|player|p1|Brockyroad13|byron|1055
|player|p2|w444|dawn|1107
|teamsize|p1|6
|teamsize|p2|6
|gen|9
|tier|[Gen 9] OU
|rated|
|rule|HP Percentage Mod: HP is shown in percentages
|rule|Endless Battle Clause: Forcing endless battles is banned
|rule|Species Clause: Limit one of each Pokémon
|rule|OHKO Clause: OHKO moves are banned
|rule|Evasion Items Clause: Evasion items are banned
|rule|Evasion Moves Clause: Evasion moves are banned
|rule|Sleep Moves Clause: Sleep-inducing moves are banned
|clearpoke
|poke|p1|Lurantis, M|
|poke|p1|Grimmsnarl, M|
|poke|p1|Slowking-Galar, M|
|poke|p1|Dragapult, F|
|poke|p1|Weavile, F|
|poke|p1|Hatterene, F|
|poke|p2|Garganacl, M|
|poke|p2|Weezing-Galar, F|
|poke|p2|Corviknight, M|
|poke|p2|Dragapult, M|
|poke|p2|Slowking-Galar, F|
|poke|p2|Samurott-Hisui, F|
|teampreview
|inactive|Battle timer is ON: inactive players will automatically lose when time's up. (requested by Brockyroad13)
|
|t:|1743920148
|start
|switch|p1a: Grimmsnarl|Grimmsnarl, M|100/100
|switch|p2a: Garganacl|Garganacl, M|100/100
|turn|1
|
|t:|1743920155
|move|p1a: Grimmsnarl|Reflect|p1a: Grimmsnarl
|-sidestart|p1: Brockyroad13|Reflect
|move|p2a: Garganacl|Stealth Rock|p1a: Grimmsnarl
|-sidestart|p1: Brockyroad13|move: Stealth Rock
|
|upkeep
|turn|2
|
|t:|1743920158
|move|p1a: Grimmsnarl|Light Screen|p1a: Grimmsnarl
|-sidestart|p1: Brockyroad13|move: Light Screen
|move|p2a: Garganacl|Salt Cure|p1a: Grimmsnarl
|-crit|p1a: Grimmsnarl
|-damage|p1a: Grimmsnarl|77/100
|-start|p1a: Grimmsnarl|Salt Cure
|
|-damage|p1a: Grimmsnarl|64/100|[from] Salt Cure
|upkeep
|turn|3
|
|t:|1743920164
|move|p1a: Grimmsnarl|Parting Shot|p2a: Garganacl
|-unboost|p2a: Garganacl|atk|1
|-unboost|p2a: Garganacl|spa|1
|
|t:|1743920168
|switch|p1a: Lurantis|Lurantis, M|100/100|[from] Parting Shot
|-damage|p1a: Lurantis|88/100|[from] Stealth Rock
|move|p2a: Garganacl|Salt Cure|p1a: Lurantis
|-damage|p1a: Lurantis|83/100
|
|upkeep
|turn|4
|
|t:|1743920177
|switch|p2a: Corviknight|Corviknight, M|100/100
|-ability|p2a: Corviknight|Pressure
|move|p1a: Lurantis|Leaf Storm|p2a: Corviknight
|-resisted|p2a: Corviknight
|-damage|p2a: Corviknight|90/100
|-boost|p1a: Lurantis|spa|2
|
|upkeep
|turn|5
|
|t:|1743920188
|move|p2a: Corviknight|Iron Defense|p2a: Corviknight
|-boost|p2a: Corviknight|def|2
|move|p1a: Lurantis|Leech Life|p2a: Corviknight
|-resisted|p2a: Corviknight
|-damage|p2a: Corviknight|88/100
|-heal|p1a: Lurantis|84/100|[from] drain|[of] p2a: Corviknight
|-damage|p1a: Lurantis|67/100|[from] item: Rocky Helmet|[of] p2a: Corviknight
|
|upkeep
|turn|6
|
|t:|1743920194
|move|p2a: Corviknight|Iron Defense|p2a: Corviknight
|-boost|p2a: Corviknight|def|2
|move|p1a: Lurantis|Superpower|p2a: Corviknight
|-damage|p2a: Corviknight|83/100
|-boost|p1a: Lurantis|atk|1
|-boost|p1a: Lurantis|def|1
|-damage|p1a: Lurantis|50/100|[from] item: Rocky Helmet|[of] p2a: Corviknight
|
|upkeep
|turn|7
|
|t:|1743920203
|move|p2a: Corviknight|Iron Defense|p2a: Corviknight
|-boost|p2a: Corviknight|def|2
|move|p1a: Lurantis|Superpower|p2a: Corviknight
|-damage|p2a: Corviknight|76/100
|-boost|p1a: Lurantis|atk|1
|-boost|p1a: Lurantis|def|1
|-damage|p1a: Lurantis|34/100|[from] item: Rocky Helmet|[of] p2a: Corviknight
|
|upkeep
|turn|8
|
|t:|1743920211
|move|p2a: Corviknight|Body Press|p1a: Lurantis
|-damage|p1a: Lurantis|4/100
|move|p1a: Lurantis|Substitute|p1a: Lurantis
|-fail|p1a: Lurantis|move: Substitute|[weak]
|
|-sideend|p1: Brockyroad13|Reflect
|upkeep
|turn|9
|
|t:|1743920233
|switch|p1a: Hatterene|Hatterene, F|100/100
|-damage|p1a: Hatterene|88/100|[from] Stealth Rock
|move|p2a: Corviknight|Body Press|p1a: Hatterene
|-resisted|p1a: Hatterene
|-damage|p1a: Hatterene|58/100
|
|-heal|p1a: Hatterene|64/100|[from] item: Leftovers
|-sideend|p1: Brockyroad13|move: Light Screen
|upkeep
|turn|10
|
|t:|1743920244
|move|p2a: Corviknight|Brave Bird|p1a: Hatterene
|-damage|p1a: Hatterene|23/100
|-damage|p2a: Corviknight|65/100|[from] Recoil
|move|p1a: Hatterene|Calm Mind|p1a: Hatterene
|-boost|p1a: Hatterene|spa|1
|-boost|p1a: Hatterene|spd|1
|
|-heal|p1a: Hatterene|29/100|[from] item: Leftovers
|upkeep
|turn|11
|
|t:|1743920249
|move|p2a: Corviknight|Brave Bird|p1a: Hatterene
|-damage|p1a: Hatterene|0 fnt
|faint|p1a: Hatterene
|-damage|p2a: Corviknight|58/100|[from] Recoil
|
|upkeep
|
|t:|1743920253
|switch|p1a: Grimmsnarl|Grimmsnarl, M|64/100
|-damage|p1a: Grimmsnarl|52/100|[from] Stealth Rock
|turn|12
|
|t:|1743920258
|move|p1a: Grimmsnarl|Reflect|p1a: Grimmsnarl
|-sidestart|p1: Brockyroad13|Reflect
|move|p2a: Corviknight|Roost|p2a: Corviknight
|-heal|p2a: Corviknight|100/100
|-singleturn|p2a: Corviknight|move: Roost
|
|upkeep
|turn|13
|
|t:|1743920266
|move|p1a: Grimmsnarl|Parting Shot|p2a: Corviknight
|-unboost|p2a: Corviknight|atk|1
|-unboost|p2a: Corviknight|spa|1
|
|t:|1743920273
|switch|p1a: Slowking|Slowking-Galar, M|100/100|[from] Parting Shot
|-damage|p1a: Slowking|88/100|[from] Stealth Rock
|move|p2a: Corviknight|Body Press|p1a: Slowking
|-resisted|p1a: Slowking
|-damage|p1a: Slowking|73/100
|
|upkeep
|turn|14
|
|t:|1743920284
|move|p2a: Corviknight|Body Press|p1a: Slowking
|-resisted|p1a: Slowking
|-damage|p1a: Slowking|61/100
|move|p1a: Slowking|Flamethrower|p2a: Corviknight
|-supereffective|p2a: Corviknight
|-damage|p2a: Corviknight|45/100
|
|upkeep
|turn|15
|
|t:|1743920295
|switch|p2a: Garganacl|Garganacl, M|100/100
|move|p1a: Slowking|Flamethrower|p2a: Garganacl
|-resisted|p2a: Garganacl
|-damage|p2a: Garganacl|89/100
|
|-heal|p2a: Garganacl|96/100|[from] item: Leftovers
|upkeep
|turn|16
|
|t:|1743920302
|move|p2a: Garganacl|Salt Cure|p1a: Slowking
|-crit|p1a: Slowking
|-damage|p1a: Slowking|40/100
|-start|p1a: Slowking|Salt Cure
|move|p1a: Slowking|Eerie Spell|p2a: Garganacl
|-damage|p2a: Garganacl|67/100
|-activate|p2a: Garganacl|move: Eerie Spell|Salt Cure|3
|
|-heal|p2a: Garganacl|73/100|[from] item: Leftovers
|-damage|p1a: Slowking|28/100|[from] Salt Cure
|upkeep
|turn|17
|
|t:|1743920311
|switch|p1a: Grimmsnarl|Grimmsnarl, M|52/100
|-damage|p1a: Grimmsnarl|39/100|[from] Stealth Rock
|move|p2a: Garganacl|Recover|p2a: Garganacl
|-heal|p2a: Garganacl|100/100
|
|upkeep
|turn|18
|
|t:|1743920325
|move|p1a: Grimmsnarl|Dazzling Gleam|p2a: Garganacl
|-damage|p2a: Garganacl|83/100
|move|p2a: Garganacl|Salt Cure|p1a: Grimmsnarl
|-damage|p1a: Grimmsnarl|31/100
|-start|p1a: Grimmsnarl|Salt Cure
|
|-heal|p2a: Garganacl|90/100|[from] item: Leftovers
|-damage|p1a: Grimmsnarl|19/100|[from] Salt Cure
|upkeep
|turn|19
|
|t:|1743920336
|switch|p2a: Slowking|Slowking-Galar, F|100/100
|move|p1a: Grimmsnarl|Parting Shot|p2a: Slowking
|-unboost|p2a: Slowking|atk|1
|-unboost|p2a: Slowking|spa|1
|
|t:|1743920343
|switch|p1a: Dragapult|Dragapult, F|100/100|[from] Parting Shot
|
|-sideend|p1: Brockyroad13|Reflect
|upkeep
|turn|20
|
|t:|1743920350
|switch|p2a: Weezing|Weezing-Galar, F|100/100
|-ability|p2a: Weezing|Neutralizing Gas
|move|p1a: Dragapult|Dragon Dance|p1a: Dragapult
|-boost|p1a: Dragapult|atk|1
|-boost|p1a: Dragapult|spe|1
|
|upkeep
|turn|21
|
|t:|1743920360
|-terastallize|p1a: Dragapult|Fairy
|move|p1a: Dragapult|Dragon Dance|p1a: Dragapult
|-boost|p1a: Dragapult|atk|1
|-boost|p1a: Dragapult|spe|1
|move|p2a: Weezing|Will-O-Wisp|p1a: Dragapult
|-status|p1a: Dragapult|brn
|
|-damage|p1a: Dragapult|95/100 brn|[from] brn
|upkeep
|turn|22
|
|t:|1743920370
|-end|p2a: Weezing|ability: Neutralizing Gas
|switch|p2a: Slowking|Slowking-Galar, F|100/100
|move|p1a: Dragapult|Shadow Ball|p2a: Slowking
|-supereffective|p2a: Slowking
|-damage|p2a: Slowking|75/100
|
|-damage|p1a: Dragapult|89/100 brn|[from] brn
|upkeep
|turn|23
|
|t:|1743920382
|move|p1a: Dragapult|Dragon Darts|p2a: Slowking
|-damage|p2a: Slowking|47/100
|-anim|p1a: Dragapult|Dragon Darts|p2a: Slowking
|-damage|p2a: Slowking|20/100
|move|p2a: Slowking|Sludge Bomb|p1a: Dragapult
|-supereffective|p1a: Dragapult
|-crit|p1a: Dragapult
|-damage|p1a: Dragapult|0 fnt
|faint|p1a: Dragapult
|
|upkeep
|-message|Brockyroad13 forfeited.
|
|win|w444
|raw|Brockyroad13's rating: 1055 &rarr; <strong>1039</strong><br />(-16 for losing)
|raw|w444's rating: 1107 &rarr; <strong>1128</strong><br />(+21 for winning)
|l|‽Brockyroad13
|player|p1|
|l|☆w444
|player|p2|
