|j|☆Jamesinator
|j|☆IDKwht
|t:|1743931574
|gametype|singles
|player|p1|Jamesinator|1|1320
|player|p2|IDKwht|schoolkid|1354
|teamsize|p1|6
|teamsize|p2|6
|gen|9
|tier|[Gen 9] OU
|rated|
|rule|HP Percentage Mod: HP is shown in percentages
|rule|Endless Battle Clause: Forcing endless battles is banned
|rule|Species Clause: Limit one of each Pokémon
|rule|OHKO Clause: OHKO moves are banned
|rule|Evasion Items Clause: Evasion items are banned
|rule|Evasion Moves Clause: Evasion moves are banned
|rule|Sleep Moves Clause: Sleep-inducing moves are banned
|clearpoke
|poke|p1|Kingambit, F|
|poke|p1|Conkeldurr, F|
|poke|p1|Gholdengo|
|poke|p1|Blastoise, M|
|poke|p1|Zapdos|
|poke|p1|Rillaboom, M|
|poke|p2|Ogerpon-Wellspring, F|
|poke|p2|Iron Moth|
|poke|p2|Gholdengo|
|poke|p2|Kingambit, F|
|poke|p2|Great Tusk|
|poke|p2|Zapdos|
|teampreview
|inactive|Battle timer is ON: inactive players will automatically lose when time's up. (requested by IDKwht)
|
|t:|1743931581
|start
|switch|p1a: Rainnicane|Zapdos|100/100
|switch|p2a: Zapdos|Zapdos, shiny|100/100
|turn|1
|
|t:|1743931588
|move|p2a: Zapdos|Discharge|p1a: Rainnicane
|-damage|p1a: Rainnicane|61/100
|move|p1a: Rainnicane|Heat Wave|p2a: Zapdos
|-damage|p2a: Zapdos|58/100
|
|upkeep
|turn|2
|
|t:|1743931594
|move|p2a: Zapdos|Volt Switch|p1a: Rainnicane
|-damage|p1a: Rainnicane|25/100
|
|t:|1743931598
|switch|p2a: Ogerpon|Ogerpon-Wellspring, F|100/100|[from] Volt Switch
|move|p1a: Rainnicane|Roost|p1a: Rainnicane
|-heal|p1a: Rainnicane|75/100
|-singleturn|p1a: Rainnicane|move: Roost
|
|upkeep
|turn|3
|
|t:|1743931607
|move|p2a: Ogerpon|Ivy Cudgel|p1a: Rainnicane|[anim] Ivy Cudgel Water
|-damage|p1a: Rainnicane|14/100
|move|p1a: Rainnicane|Volt Switch|p2a: Ogerpon
|-damage|p2a: Ogerpon|52/100
|
|t:|1743931613
|switch|p1a: I dropped my vest|Rillaboom, M|100/100|[from] Volt Switch
|-fieldstart|move: Grassy Terrain|[from] ability: Grassy Surge|[of] p1a: I dropped my vest
|
|-heal|p2a: Ogerpon|58/100|[from] Grassy Terrain
|upkeep
|turn|4
|
|t:|1743931622
|switch|p2a: Zapdos|Zapdos, shiny|58/100
|move|p1a: I dropped my vest|U-turn|p2a: Zapdos
|-resisted|p2a: Zapdos
|-damage|p2a: Zapdos|37/100
|-status|p1a: I dropped my vest|par|[from] ability: Static|[of] p2a: Zapdos
|
|t:|1743931631
|switch|p1a: Vesto Chesto|Blastoise, M|100/100|[from] U-turn
|
|upkeep
|turn|5
|
|t:|1743931635
|move|p1a: Vesto Chesto|Ice Beam|p2a: Zapdos
|-supereffective|p2a: Zapdos
|-damage|p2a: Zapdos|0 fnt
|faint|p2a: Zapdos
|
|upkeep
|
|t:|1743931643
|switch|p2a: Gholdengo|Gholdengo, shiny|100/100
|turn|6
|
|t:|1743931647
|switch|p1a: Jerry|Conkeldurr, F|100/100
|move|p2a: Gholdengo|Shadow Ball|p1a: Jerry
|-damage|p1a: Jerry|52/100
|
|-heal|p1a: Jerry|58/100|[from] Grassy Terrain
|-status|p1a: Jerry|brn|[from] item: Flame Orb
|upkeep
|turn|7
|
|t:|1743931655
|switch|p2a: Great Tusk|Great Tusk, shiny|100/100
|move|p1a: Jerry|Knock Off|p2a: Great Tusk
|-resisted|p2a: Great Tusk
|-damage|p2a: Great Tusk|81/100
|-enditem|p2a: Great Tusk|Assault Vest|[from] move: Knock Off|[of] p1a: Jerry
|
|-heal|p2a: Great Tusk|87/100|[from] Grassy Terrain
|-heal|p1a: Jerry|64/100 brn|[from] Grassy Terrain
|-damage|p1a: Jerry|58/100 brn|[from] brn
|-fieldend|move: Grassy Terrain
|upkeep
|turn|8
|
|t:|1743931665
|move|p2a: Great Tusk|Close Combat|p1a: Jerry
|-damage|p1a: Jerry|1/100 brn
|-unboost|p2a: Great Tusk|def|1
|-unboost|p2a: Great Tusk|spd|1
|move|p1a: Jerry|Drain Punch|p2a: Great Tusk
|-damage|p2a: Great Tusk|26/100
|-heal|p1a: Jerry|33/100 brn|[from] drain|[of] p2a: Great Tusk
|
|-damage|p1a: Jerry|27/100 brn|[from] brn
|upkeep
|turn|9
|
|t:|1743931675
|move|p2a: Great Tusk|Close Combat|p1a: Jerry
|-damage|p1a: Jerry|0 fnt
|-unboost|p2a: Great Tusk|def|1
|-unboost|p2a: Great Tusk|spd|1
|faint|p1a: Jerry
|
|upkeep
|
|t:|1743931683
|switch|p1a: Vesto Chesto|Blastoise, M|100/100
|turn|10
|
|t:|1743931689
|move|p1a: Vesto Chesto|Water Spout|p2a: Great Tusk
|-supereffective|p2a: Great Tusk
|-crit|p2a: Great Tusk
|-damage|p2a: Great Tusk|0 fnt
|faint|p2a: Great Tusk
|-end|p2a: Great Tusk|Protosynthesis|[silent]
|
|upkeep
|
|t:|1743931692
|switch|p2a: Ogerpon|Ogerpon-Wellspring, F|58/100
|turn|11
|
|t:|1743931698
|switch|p1a: I dropped my vest|Rillaboom, M|100/100 par
|-fieldstart|move: Grassy Terrain|[from] ability: Grassy Surge|[of] p1a: I dropped my vest
|move|p2a: Ogerpon|U-turn|p1a: I dropped my vest
|-supereffective|p1a: I dropped my vest
|-damage|p1a: I dropped my vest|42/100 par
|
|t:|1743931701
|switch|p2a: Iron Moth|Iron Moth|100/100|[from] U-turn
|-enditem|p2a: Iron Moth|Booster Energy
|-activate|p2a: Iron Moth|ability: Quark Drive|[fromitem]
|-start|p2a: Iron Moth|quarkdrivespa
|
|-heal|p1a: I dropped my vest|48/100 par|[from] Grassy Terrain
|upkeep
|turn|12
|
|t:|1743931712
|move|p2a: Iron Moth|Fiery Dance|p1a: I dropped my vest
|-supereffective|p1a: I dropped my vest
|-damage|p1a: I dropped my vest|0 fnt
|faint|p1a: I dropped my vest
|
|upkeep
|
|t:|1743931717
|switch|p1a: Vesto Chesto|Blastoise, M|100/100
|turn|13
|
|t:|1743931723
|switch|p1a: A Tough Choice|Gholdengo|100/100
|-terastallize|p2a: Iron Moth|Grass
|move|p2a: Iron Moth|Energy Ball|p1a: A Tough Choice
|-resisted|p1a: A Tough Choice
|-damage|p1a: A Tough Choice|61/100
|
|-heal|p1a: A Tough Choice|67/100|[from] Grassy Terrain
|-heal|p1a: A Tough Choice|74/100|[from] item: Leftovers
|upkeep
|turn|14
|
|t:|1743931747
|-terastallize|p1a: A Tough Choice|Flying
|move|p2a: Iron Moth|Agility|p2a: Iron Moth
|-boost|p2a: Iron Moth|spe|2
|move|p1a: A Tough Choice|Recover|p1a: A Tough Choice
|-heal|p1a: A Tough Choice|100/100
|
|upkeep
|turn|15
|
|t:|1743931756
|move|p2a: Iron Moth|Sludge Wave|p1a: A Tough Choice
|-damage|p1a: A Tough Choice|39/100
|move|p1a: A Tough Choice|Make It Rain|p2a: Iron Moth
|-damage|p2a: Iron Moth|25/100
|-unboost|p1a: A Tough Choice|spa|1
|
|-heal|p2a: Iron Moth|31/100|[from] Grassy Terrain
|-heal|p1a: A Tough Choice|45/100|[from] item: Leftovers
|-fieldend|move: Grassy Terrain
|upkeep
|turn|16
|
|t:|1743931771
|switch|p1a: Rainnicane|Zapdos|14/100
|move|p2a: Iron Moth|Fiery Dance|p1a: Rainnicane
|-damage|p1a: Rainnicane|0 fnt
|faint|p1a: Rainnicane
|
|upkeep
|
|t:|1743931778
|switch|p1a: Chople Mcphee|Kingambit, F|100/100
|-activate|p1a: Chople Mcphee|ability: Supreme Overlord
|-start|p1a: Chople Mcphee|fallen3|[silent]
|turn|17
|
|t:|1743931782
|move|p1a: Chople Mcphee|Sucker Punch|p2a: Iron Moth
|-damage|p2a: Iron Moth|0 fnt
|faint|p2a: Iron Moth
|-end|p2a: Iron Moth|Quark Drive|[silent]
|
|upkeep
|
|t:|1743931786
|switch|p2a: Kingambit|Kingambit, F|100/100
|-activate|p2a: Kingambit|ability: Supreme Overlord
|-start|p2a: Kingambit|fallen3|[silent]
|-item|p2a: Kingambit|Air Balloon
|turn|18
|
|t:|1743931791
|move|p1a: Chople Mcphee|Low Kick|p2a: Kingambit
|-supereffective|p2a: Kingambit
|-damage|p2a: Kingambit|0 fnt
|-enditem|p2a: Kingambit|Air Balloon
|faint|p2a: Kingambit
|-end|p2a: Kingambit|fallen3|[silent]
|
|upkeep
|
|t:|1743931795
|switch|p2a: Ogerpon|Ogerpon-Wellspring, F|58/100
|turn|19
|
|t:|1743931798
|move|p2a: Ogerpon|Ivy Cudgel|p1a: Chople Mcphee|[anim] Ivy Cudgel Water
|-damage|p1a: Chople Mcphee|55/100
|move|p1a: Chople Mcphee|Kowtow Cleave|p2a: Ogerpon
|-damage|p2a: Ogerpon|0 fnt
|faint|p2a: Ogerpon
|
|upkeep
|
|t:|1743931801
|switch|p2a: Gholdengo|Gholdengo, shiny|100/100
|turn|20
|-message|IDKwht forfeited.
|
|win|Jamesinator
|raw|Jamesinator's rating: 1320 &rarr; <strong>1342</strong><br />(+22 for winning)
|raw|IDKwht's rating: 1354 &rarr; <strong>1332</strong><br />(-22 for losing)
|l|☆IDKwht
|player|p2|
|l|☆Jamesinator
|player|p1|
