|j|☆sapgotti
|j|☆Minecraft Nether
|t:|1743923721
|gametype|singles
|player|p1|sapgotti|266|1175
|player|p2|Minecraft Nether|nate|1151
|teamsize|p1|6
|teamsize|p2|6
|gen|9
|tier|[Gen 9] OU
|rated|
|rule|HP Percentage Mod: HP is shown in percentages
|rule|Endless Battle Clause: Forcing endless battles is banned
|rule|Species Clause: Limit one of each Pokémon
|rule|OHKO Clause: OHKO moves are banned
|rule|Evasion Items Clause: Evasion items are banned
|rule|Evasion Moves Clause: Evasion moves are banned
|rule|Sleep Moves Clause: Sleep-inducing moves are banned
|clearpoke
|poke|p1|Dragapult, F|
|poke|p1|Kleavor, M|
|poke|p1|Virizion|
|poke|p1|Meloetta|
|poke|p1|Gardevoir, F|
|poke|p1|Zapdos-Galar|
|poke|p2|Zamazenta-*|
|poke|p2|Kingambit, M|
|poke|p2|Samurott-Hisui, F|
|poke|p2|Landorus-Therian, M|
|poke|p2|Iron Valiant|
|poke|p2|Iron Moth|
|teampreview
|
|t:|1743923734
|start
|switch|p1a: Kleavor|Kleavor, M|100/100
|switch|p2a: Samurott|Samurott-Hisui, F|100/100
|turn|1
|
|t:|1743923739
|move|p1a: Kleavor|U-turn|p2a: Samurott
|-supereffective|p2a: Samurott
|-damage|p2a: Samurott|1/100
|
|t:|1743923747
|switch|p1a: Virizion|Virizion|100/100|[from] U-turn
|move|p2a: Samurott|Ceaseless Edge|p1a: Virizion
|-resisted|p1a: Virizion
|-damage|p1a: Virizion|74/100
|-ability|p1a: Virizion|Justified|boost
|-boost|p1a: Virizion|atk|1
|-sidestart|p1: sapgotti|Spikes
|
|upkeep
|turn|2
|
|t:|1743923762
|move|p2a: Samurott|Razor Shell|p1a: Virizion
|-resisted|p1a: Virizion
|-damage|p1a: Virizion|40/100
|move|p1a: Virizion|Leaf Blade|p2a: Samurott
|-supereffective|p2a: Samurott
|-damage|p2a: Samurott|0 fnt
|faint|p2a: Samurott
|
|upkeep
|
|t:|1743923774
|switch|p2a: Iron Moth|Iron Moth|100/100
|-enditem|p2a: Iron Moth|Booster Energy
|-activate|p2a: Iron Moth|ability: Quark Drive|[fromitem]
|-start|p2a: Iron Moth|quarkdrivespe
|turn|3
|
|t:|1743923780
|move|p2a: Iron Moth|Sludge Wave|p1a: Virizion
|-supereffective|p1a: Virizion
|-damage|p1a: Virizion|0 fnt
|faint|p1a: Virizion
|
|upkeep
|
|t:|1743923784
|switch|p1a: Meloetta|Meloetta|100/100
|-damage|p1a: Meloetta|88/100|[from] Spikes
|turn|4
|
|t:|1743923799
|-end|p2a: Iron Moth|Quark Drive|[silent]
|switch|p2a: Landorus|Landorus-Therian, M|100/100
|-ability|p2a: Landorus|Intimidate|boost
|-unboost|p1a: Meloetta|atk|1
|move|p1a: Meloetta|Psychic|p2a: Landorus
|-damage|p2a: Landorus|58/100
|
|upkeep
|turn|5
|
|t:|1743923808
|switch|p1a: Zapdos|Zapdos-Galar|100/100
|move|p2a: Landorus|Stealth Rock|p1a: Zapdos
|-sidestart|p1: sapgotti|move: Stealth Rock
|
|upkeep
|turn|6
|
|t:|1743923816
|move|p1a: Zapdos|Substitute|p1a: Zapdos
|-start|p1a: Zapdos|Substitute
|-damage|p1a: Zapdos|76/100
|move|p2a: Landorus|U-turn|p1a: Zapdos
|-resisted|p1a: Zapdos
|-activate|p1a: Zapdos|move: Substitute|[damage]
|
|t:|1743923826
|switch|p2a: Iron Valiant|Iron Valiant|100/100|[from] U-turn
|-enditem|p2a: Iron Valiant|Booster Energy
|-activate|p2a: Iron Valiant|ability: Quark Drive|[fromitem]
|-start|p2a: Iron Valiant|quarkdrivespe
|
|-heal|p1a: Zapdos|82/100|[from] item: Leftovers
|upkeep
|turn|7
|
|t:|1743923831
|move|p2a: Iron Valiant|Calm Mind|p2a: Iron Valiant
|-boost|p2a: Iron Valiant|spa|1
|-boost|p2a: Iron Valiant|spd|1
|move|p1a: Zapdos|Thunderous Kick|p2a: Iron Valiant
|-resisted|p2a: Iron Valiant
|-damage|p2a: Iron Valiant|70/100
|-unboost|p2a: Iron Valiant|def|1
|
|-heal|p1a: Zapdos|88/100|[from] item: Leftovers
|upkeep
|turn|8
|
|t:|1743923843
|move|p2a: Iron Valiant|Calm Mind|p2a: Iron Valiant
|-boost|p2a: Iron Valiant|spa|1
|-boost|p2a: Iron Valiant|spd|1
|move|p1a: Zapdos|Thunderous Kick|p2a: Iron Valiant
|-resisted|p2a: Iron Valiant
|-damage|p2a: Iron Valiant|24/100
|-unboost|p2a: Iron Valiant|def|1
|
|-heal|p1a: Zapdos|94/100|[from] item: Leftovers
|upkeep
|turn|9
|
|t:|1743923861
|move|p2a: Iron Valiant|Moonblast|p1a: Zapdos
|-supereffective|p1a: Zapdos
|-end|p1a: Zapdos|Substitute
|move|p1a: Zapdos|Thunderous Kick|p2a: Iron Valiant
|-resisted|p2a: Iron Valiant
|-damage|p2a: Iron Valiant|0 fnt
|faint|p2a: Iron Valiant
|-end|p2a: Iron Valiant|Quark Drive|[silent]
|
|-heal|p1a: Zapdos|100/100|[from] item: Leftovers
|upkeep
|
|t:|1743923869
|switch|p2a: Iron Moth|Iron Moth|100/100
|turn|10
|
|t:|1743923874
|switch|p1a: Meloetta|Meloetta|88/100
|-damage|p1a: Meloetta|76/100|[from] Spikes
|-damage|p1a: Meloetta|63/100|[from] Stealth Rock
|move|p2a: Iron Moth|Fiery Dance|p1a: Meloetta
|-damage|p1a: Meloetta|50/100
|
|upkeep
|turn|11
|
|t:|1743923901
|move|p2a: Iron Moth|Fiery Dance|p1a: Meloetta
|-damage|p1a: Meloetta|36/100
|move|p1a: Meloetta|Psychic|p2a: Iron Moth
|-supereffective|p2a: Iron Moth
|-damage|p2a: Iron Moth|15/100
|
|upkeep
|turn|12
|
|t:|1743923909
|-end|p2a: Iron Moth|Quark Drive|[silent]
|switch|p2a: Kingambit|Kingambit, M|100/100
|-activate|p2a: Kingambit|ability: Supreme Overlord
|-start|p2a: Kingambit|fallen2|[silent]
|move|p1a: Meloetta|Relic Song|p2a: Kingambit
|-resisted|p2a: Kingambit
|-damage|p2a: Kingambit|85/100
|-formechange|p1a: Meloetta|Meloetta-Pirouette|[msg]
|
|-heal|p2a: Kingambit|92/100|[from] item: Leftovers
|upkeep
|turn|13
|
|t:|1743923927
|move|p1a: Meloetta|Relic Song|p2a: Kingambit
|-resisted|p2a: Kingambit
|-damage|p2a: Kingambit|82/100
|-formechange|p1a: Meloetta|Meloetta|[msg]
|move|p2a: Kingambit|Iron Head|p1a: Meloetta
|-damage|p1a: Meloetta|0 fnt
|faint|p1a: Meloetta
|
|-heal|p2a: Kingambit|88/100|[from] item: Leftovers
|upkeep
|
|t:|1743923936
|switch|p1a: Zapdos|Zapdos-Galar|100/100
|-damage|p1a: Zapdos|88/100|[from] Stealth Rock
|turn|14
|
|t:|1743923945
|-end|p2a: Kingambit|fallen2|[silent]
|switch|p2a: Zamazenta|Zamazenta|100/100
|-ability|p2a: Zamazenta|Dauntless Shield|boost
|-boost|p2a: Zamazenta|def|1
|move|p1a: Zapdos|Substitute|p1a: Zapdos
|-start|p1a: Zapdos|Substitute
|-damage|p1a: Zapdos|63/100
|
|-heal|p1a: Zapdos|69/100|[from] item: Leftovers
|upkeep
|turn|15
|
|t:|1743923950
|move|p2a: Zamazenta|Iron Defense|p2a: Zamazenta
|-boost|p2a: Zamazenta|def|2
|move|p1a: Zapdos|Knock Off|p2a: Zamazenta
|-resisted|p2a: Zamazenta
|-damage|p2a: Zamazenta|96/100
|-enditem|p2a: Zamazenta|Leftovers|[from] move: Knock Off|[of] p1a: Zapdos
|
|-heal|p1a: Zapdos|76/100|[from] item: Leftovers
|upkeep
|turn|16
|
|t:|1743923956
|move|p1a: Zapdos|Thunderous Kick|p2a: Zamazenta
|-damage|p2a: Zamazenta|82/100
|-unboost|p2a: Zamazenta|def|1
|move|p2a: Zamazenta|Roar|p1a: Zapdos
|drag|p1a: Gardevoir|Gardevoir, F|100/100
|-ability|p1a: Gardevoir|Dauntless Shield|boost
|-boost|p1a: Gardevoir|def|1
|-ability|p1a: Gardevoir|Dauntless Shield|[from] ability: Trace|[of] p2a: Zamazenta
|
|upkeep
|turn|17
|
|t:|1743923963
|move|p2a: Zamazenta|Crunch|p1a: Gardevoir
|-damage|p1a: Gardevoir|87/100
|move|p1a: Gardevoir|Moonblast|p2a: Zamazenta
|-supereffective|p2a: Zamazenta
|-damage|p2a: Zamazenta|22/100
|
|upkeep
|turn|18
|
|t:|1743923990
|move|p2a: Zamazenta|Crunch|p1a: Gardevoir
|-damage|p1a: Gardevoir|73/100
|move|p1a: Gardevoir|Moonblast|p2a: Zamazenta
|-supereffective|p2a: Zamazenta
|-crit|p2a: Zamazenta
|-damage|p2a: Zamazenta|0 fnt
|faint|p2a: Zamazenta
|
|upkeep
|
|t:|1743923997
|switch|p2a: Iron Moth|Iron Moth|15/100
|turn|19
|
|t:|1743924008
|-terastallize|p1a: Gardevoir|Psychic
|move|p2a: Iron Moth|Sludge Wave|p1a: Gardevoir
|-damage|p1a: Gardevoir|30/100
|-status|p1a: Gardevoir|psn
|move|p1a: Gardevoir|Moonblast|p2a: Iron Moth
|-resisted|p2a: Iron Moth
|-damage|p2a: Iron Moth|4/100
|
|-damage|p1a: Gardevoir|18/100 psn|[from] psn
|upkeep
|turn|20
|
|t:|1743924020
|move|p2a: Iron Moth|Psychic|p1a: Gardevoir
|-resisted|p1a: Gardevoir
|-damage|p1a: Gardevoir|4/100 psn
|move|p1a: Gardevoir|Healing Wish|p1a: Gardevoir
|faint|p1a: Gardevoir
|
|upkeep
|
|t:|1743924030
|switch|p1a: Dragapult|Dragapult, F|100/100
|-damage|p1a: Dragapult|88/100|[from] Spikes
|-damage|p1a: Dragapult|76/100|[from] Stealth Rock
|turn|21
|
|t:|1743924040
|move|p1a: Dragapult|Infestation|p2a: Iron Moth
|-resisted|p2a: Iron Moth
|-damage|p2a: Iron Moth|3/100
|-activate|p2a: Iron Moth|move: Infestation|[of] p1a: Dragapult
|move|p2a: Iron Moth|Psychic|p1a: Dragapult
|-damage|p1a: Dragapult|43/100
|
|-damage|p2a: Iron Moth|0 fnt|[from] move: Infestation|[partiallytrapped]
|faint|p2a: Iron Moth
|-end|p2a: Iron Moth|Quark Drive|[silent]
|upkeep
|
|t:|1743924047
|switch|p2a: Landorus|Landorus-Therian, M|58/100
|-ability|p2a: Landorus|Intimidate|boost
|-unboost|p1a: Dragapult|atk|1
|turn|22
|
|t:|1743924054
|move|p1a: Dragapult|Protect|p1a: Dragapult
|-singleturn|p1a: Dragapult|Protect
|move|p2a: Landorus|U-turn|p1a: Dragapult
|-activate|p1a: Dragapult|move: Protect
|
|upkeep
|turn|23
|
|t:|1743924057
|move|p1a: Dragapult|Disable|p2a: Landorus
|-start|p2a: Landorus|Disable|U-turn
|cant|p2a: Landorus|Disable|U-turn
|
|upkeep
|turn|24
|
|t:|1743924061
|move|p1a: Dragapult|Will-O-Wisp|p2a: Landorus
|-status|p2a: Landorus|brn
|move|p2a: Landorus|Earthquake|p1a: Dragapult
|-damage|p1a: Dragapult|18/100
|
|-damage|p2a: Landorus|52/100 brn|[from] brn
|upkeep
|turn|25
|
|t:|1743924070
|move|p1a: Dragapult|Protect|p1a: Dragapult
|-singleturn|p1a: Dragapult|Protect
|move|p2a: Landorus|Earthquake|p1a: Dragapult
|-activate|p1a: Dragapult|move: Protect
|
|-damage|p2a: Landorus|46/100 brn|[from] brn
|upkeep
|turn|26
|
|t:|1743924081
|move|p1a: Dragapult|Infestation|p2a: Landorus
|-resisted|p2a: Landorus
|-damage|p2a: Landorus|43/100 brn
|-activate|p2a: Landorus|move: Infestation|[of] p1a: Dragapult
|-damage|p1a: Dragapult|1/100|[from] item: Rocky Helmet|[of] p2a: Landorus
|move|p2a: Landorus|Earthquake|p1a: Dragapult
|-damage|p1a: Dragapult|0 fnt
|faint|p1a: Dragapult
|
|-damage|p2a: Landorus|37/100 brn|[from] brn
|-end|p2a: Landorus|Infestation|[partiallytrapped]|[silent]
|-end|p2a: Landorus|Disable
|upkeep
|
|t:|1743924088
|switch|p1a: Kleavor|Kleavor, M|100/100
|turn|27
|
|t:|1743924097
|move|p2a: Landorus|Earthquake|p1a: Kleavor
|-damage|p1a: Kleavor|70/100
|move|p1a: Kleavor|Stone Axe|p2a: Landorus|[miss]
|-miss|p1a: Kleavor|p2a: Landorus
|
|-damage|p2a: Landorus|31/100 brn|[from] brn
|upkeep
|turn|28
|
|t:|1743924107
|move|p2a: Landorus|Taunt|p1a: Kleavor
|-start|p1a: Kleavor|move: Taunt
|cant|p1a: Kleavor|move: Taunt|Swords Dance
|
|-damage|p2a: Landorus|25/100 brn|[from] brn
|upkeep
|turn|29
|
|t:|1743924110
|move|p2a: Landorus|Earthquake|p1a: Kleavor
|-damage|p1a: Kleavor|41/100
|move|p1a: Kleavor|Stone Axe|p2a: Landorus
|-damage|p2a: Landorus|0 fnt
|-damage|p1a: Kleavor|25/100|[from] item: Rocky Helmet|[of] p2a: Landorus
|-sidestart|p2: Minecraft Nether|move: Stealth Rock
|faint|p2a: Landorus
|
|upkeep
|
|t:|1743924122
|switch|p2a: Kingambit|Kingambit, M|88/100
|-damage|p2a: Kingambit|82/100|[from] Stealth Rock
|-activate|p2a: Kingambit|ability: Supreme Overlord
|-start|p2a: Kingambit|fallen5|[silent]
|turn|30
|
|t:|1743924130
|move|p1a: Kleavor|Stone Axe|p2a: Kingambit
|-resisted|p2a: Kingambit
|-damage|p2a: Kingambit|62/100
|move|p2a: Kingambit|Iron Head|p1a: Kleavor
|-supereffective|p1a: Kleavor
|-damage|p1a: Kleavor|0 fnt
|faint|p1a: Kleavor
|
|-heal|p2a: Kingambit|68/100|[from] item: Leftovers
|upkeep
|
|t:|1743924136
|switch|p1a: Zapdos|Zapdos-Galar|76/100
|-heal|p1a: Zapdos|100/100|[from] move: Healing Wish
|-damage|p1a: Zapdos|88/100|[from] Stealth Rock
|turn|31
|
|t:|1743924147
|move|p1a: Zapdos|Substitute|p1a: Zapdos
|-start|p1a: Zapdos|Substitute
|-damage|p1a: Zapdos|63/100
|move|p2a: Kingambit|Iron Head|p1a: Zapdos
|-end|p1a: Zapdos|Substitute
|
|-heal|p1a: Zapdos|69/100|[from] item: Leftovers
|-heal|p2a: Kingambit|75/100|[from] item: Leftovers
|upkeep
|turn|32
|
|t:|1743924153
|-terastallize|p2a: Kingambit|Ghost
|move|p1a: Zapdos|Thunderous Kick|p2a: Kingambit
|-immune|p2a: Kingambit
|move|p2a: Kingambit|Iron Head|p1a: Zapdos
|-damage|p1a: Zapdos|0 fnt
|faint|p1a: Zapdos
|
|win|Minecraft Nether
|raw|sapgotti's rating: 1175 &rarr; <strong>1148</strong><br />(-27 for losing)
|raw|Minecraft Nether's rating: 1151 &rarr; <strong>1178</strong><br />(+27 for winning)
|l|☆sapgotti
|player|p1|
|l|☆Minecraft Nether
|player|p2|
