|j|☆metakill4r
|j|☆BanTwave77
|t:|1743924023
|gametype|singles
|player|p1|metakill4r|boarder|1576
|player|p2|BanTwave77|grimsley|1600
|teamsize|p1|6
|teamsize|p2|6
|gen|9
|tier|[Gen 9] OU
|rated|
|rule|HP Percentage Mod: HP is shown in percentages
|rule|Endless Battle Clause: Forcing endless battles is banned
|rule|Species Clause: Limit one of each Pokémon
|rule|OHKO Clause: OHKO moves are banned
|rule|Evasion Items Clause: Evasion items are banned
|rule|Evasion Moves Clause: Evasion moves are banned
|rule|Sleep Moves Clause: Sleep-inducing moves are banned
|clearpoke
|poke|p1|Landorus-Therian, M|
|poke|p1|Talonflame, F|
|poke|p1|Crawdaunt, F|
|poke|p1|Hatterene, F|
|poke|p1|Kyurem|
|poke|p1|Gholdengo|
|poke|p2|Ogerpon-Wellspring, F|
|poke|p2|Rillaboom, F|
|poke|p2|Iron Moth|
|poke|p2|Hawlucha, F|
|poke|p2|Raging Bolt|
|poke|p2|Iron Treads|
|teampreview
|inactive|Battle timer is ON: inactive players will automatically lose when time's up. (requested by metakill4r)
|
|t:|1743924066
|start
|switch|p1a: Gucci Mane|Kyurem|100/100
|switch|p2a: Iron Treads|Iron Treads|100/100
|-ability|p1a: Gucci Mane|Pressure
|-enditem|p2a: Iron Treads|Booster Energy
|-activate|p2a: Iron Treads|ability: Quark Drive|[fromitem]
|-start|p2a: Iron Treads|quarkdrivespe
|turn|1
|
|t:|1743924079
|switch|p1a: Talonflame|Talonflame, F|100/100
|move|p2a: Iron Treads|Earth Power|p1a: Talonflame
|-immune|p1a: Talonflame
|
|upkeep
|turn|2
|
|t:|1743924088
|move|p2a: Iron Treads|Stealth Rock|p1a: Talonflame
|-sidestart|p1: metakill4r|move: Stealth Rock
|move|p1a: Talonflame|Flamethrower|p2a: Iron Treads
|-supereffective|p2a: Iron Treads
|-damage|p2a: Iron Treads|45/100
|
|upkeep
|turn|3
|
|t:|1743924093
|-end|p2a: Iron Treads|Quark Drive|[silent]
|switch|p2a: Raging Bolt|Raging Bolt|100/100
|-enditem|p2a: Raging Bolt|Booster Energy
|-activate|p2a: Raging Bolt|ability: Protosynthesis|[fromitem]
|-start|p2a: Raging Bolt|protosynthesisspa
|move|p1a: Talonflame|Defog|p2a: Raging Bolt
|-unboost|p2a: Raging Bolt|evasion|1
|-sideend|p1: metakill4r|Stealth Rock|[from] move: Defog|[of] p1a: Talonflame
|
|upkeep
|turn|4
|
|t:|1743924102
|switch|p1a: Hatterene|Hatterene, F|100/100
|move|p2a: Raging Bolt|Calm Mind|p2a: Raging Bolt
|-boost|p2a: Raging Bolt|spa|1
|-boost|p2a: Raging Bolt|spd|1
|
|upkeep
|turn|5
|inactive|BanTwave77 has 120 seconds left.
|
|t:|1743924138
|move|p2a: Raging Bolt|Thunderbolt|p1a: Hatterene
|-damage|p1a: Hatterene|38/100
|move|p1a: Hatterene|Draining Kiss|p2a: Raging Bolt
|-supereffective|p2a: Raging Bolt
|-damage|p2a: Raging Bolt|65/100
|-heal|p1a: Hatterene|71/100|[from] drain|[of] p2a: Raging Bolt
|
|upkeep
|turn|6
|
|t:|1743924145
|move|p2a: Raging Bolt|Thunderbolt|p1a: Hatterene
|-damage|p1a: Hatterene|14/100
|move|p1a: Hatterene|Draining Kiss|p2a: Raging Bolt
|-supereffective|p2a: Raging Bolt
|-damage|p2a: Raging Bolt|28/100
|-heal|p1a: Hatterene|48/100|[from] drain|[of] p2a: Raging Bolt
|
|upkeep
|turn|7
|
|t:|1743924152
|switch|p1a: Landorus|Landorus-Therian, M|100/100
|-ability|p1a: Landorus|Intimidate|boost
|-unboost|p2a: Raging Bolt|atk|1
|move|p2a: Raging Bolt|Thunderbolt|p1a: Landorus
|-immune|p1a: Landorus
|
|upkeep
|turn|8
|
|t:|1743924161
|-end|p2a: Raging Bolt|Protosynthesis|[silent]
|switch|p2a: Rillaboom|Rillaboom, F|100/100
|-fieldstart|move: Grassy Terrain|[from] ability: Grassy Surge|[of] p2a: Rillaboom
|move|p1a: Landorus|Earth Power|p2a: Rillaboom
|-resisted|p2a: Rillaboom
|-damage|p2a: Rillaboom|81/100
|
|-heal|p2a: Rillaboom|87/100|[from] Grassy Terrain
|upkeep
|turn|9
|
|t:|1743924170
|move|p1a: Landorus|Stealth Rock|p2a: Rillaboom
|-sidestart|p2: BanTwave77|move: Stealth Rock
|move|p2a: Rillaboom|Knock Off|p1a: Landorus
|-damage|p1a: Landorus|64/100
|-damage|p2a: Rillaboom|70/100|[from] item: Rocky Helmet|[of] p1a: Landorus
|-enditem|p1a: Landorus|Rocky Helmet|[from] move: Knock Off|[of] p2a: Rillaboom
|
|-heal|p2a: Rillaboom|76/100|[from] Grassy Terrain
|upkeep
|turn|10
|
|t:|1743924181
|switch|p2a: Iron Treads|Iron Treads|45/100
|-damage|p2a: Iron Treads|42/100|[from] Stealth Rock
|move|p1a: Landorus|U-turn|p2a: Iron Treads
|-resisted|p2a: Iron Treads
|-damage|p2a: Iron Treads|34/100
|
|t:|1743924201
|switch|p1a: Talonflame|Talonflame, F|100/100|[from] U-turn
|
|-heal|p2a: Iron Treads|40/100|[from] Grassy Terrain
|upkeep
|turn|11
|
|t:|1743924214
|-end|p2a: Iron Treads|Quark Drive|[silent]
|switch|p2a: Iron Moth|Iron Moth|100/100
|-damage|p2a: Iron Moth|76/100|[from] Stealth Rock
|-enditem|p2a: Iron Moth|Booster Energy
|-activate|p2a: Iron Moth|ability: Quark Drive|[fromitem]
|-start|p2a: Iron Moth|quarkdrivespe
|move|p1a: Talonflame|Flamethrower|p2a: Iron Moth
|-resisted|p2a: Iron Moth
|-damage|p2a: Iron Moth|62/100
|
|-heal|p2a: Iron Moth|68/100|[from] Grassy Terrain
|upkeep
|turn|12
|
|t:|1743924242
|switch|p1a: Hatterene|Hatterene, F|48/100
|move|p2a: Iron Moth|Fiery Dance|p1a: Hatterene
|-damage|p1a: Hatterene|21/100
|
|-heal|p2a: Iron Moth|74/100|[from] Grassy Terrain
|-heal|p1a: Hatterene|27/100|[from] Grassy Terrain
|upkeep
|turn|13
|inactive|metakill4r has 120 seconds left.
|
|t:|1743924259
|move|p2a: Iron Moth|Fiery Dance|p1a: Hatterene
|-damage|p1a: Hatterene|0 fnt
|-boost|p2a: Iron Moth|spa|1
|faint|p1a: Hatterene
|
|-heal|p2a: Iron Moth|80/100|[from] Grassy Terrain
|upkeep
|
|t:|1743924264
|switch|p1a: Knock Em Off|Crawdaunt, F|100/100
|turn|14
|
|t:|1743924268
|-terastallize|p2a: Iron Moth|Grass
|move|p1a: Knock Em Off|Aqua Jet|p2a: Iron Moth
|-resisted|p2a: Iron Moth
|-damage|p2a: Iron Moth|47/100
|move|p2a: Iron Moth|Energy Ball|p1a: Knock Em Off
|-supereffective|p1a: Knock Em Off
|-damage|p1a: Knock Em Off|0 fnt
|faint|p1a: Knock Em Off
|
|-heal|p2a: Iron Moth|53/100|[from] Grassy Terrain
|upkeep
|inactive|metakill4r has 120 seconds left.
|
|t:|1743924293
|switch|p1a: Gucci Mane|Kyurem|100/100
|-ability|p1a: Gucci Mane|Pressure
|turn|15
|
|t:|1743924304
|move|p2a: Iron Moth|Sludge Wave|p1a: Gucci Mane
|-damage|p1a: Gucci Mane|26/100
|move|p1a: Gucci Mane|Icicle Spear|p2a: Iron Moth
|-supereffective|p2a: Iron Moth
|-damage|p2a: Iron Moth|16/100
|-supereffective|p2a: Iron Moth
|-damage|p2a: Iron Moth|0 fnt
|faint|p2a: Iron Moth
|-end|p2a: Iron Moth|Quark Drive|[silent]
|-hitcount|p2: Iron Moth|2
|
|-heal|p1a: Gucci Mane|32/100|[from] Grassy Terrain
|-fieldend|move: Grassy Terrain
|upkeep
|
|t:|1743924308
|switch|p2a: Iron Treads|Iron Treads|40/100
|-damage|p2a: Iron Treads|37/100|[from] Stealth Rock
|turn|16
|
|t:|1743924317
|switch|p1a: Landorus|Landorus-Therian, M|64/100
|-ability|p1a: Landorus|Intimidate|boost
|-unboost|p2a: Iron Treads|atk|1
|move|p2a: Iron Treads|Rapid Spin|p1a: Landorus
|-damage|p1a: Landorus|56/100
|-boost|p2a: Iron Treads|spe|1
|-sideend|p2: BanTwave77|Stealth Rock|[from] move: Rapid Spin|[of] p2a: Iron Treads
|
|upkeep
|turn|17
|
|t:|1743924329
|move|p2a: Iron Treads|Steel Beam|p1a: Landorus
|-damage|p1a: Landorus|15/100
|-damage|p2a: Iron Treads|0 fnt|[from] steelbeam
|faint|p2a: Iron Treads
|-end|p2a: Iron Treads|Quark Drive|[silent]
|move|p1a: Landorus|Stealth Rock|p2: Iron Treads
|-sidestart|p2: BanTwave77|move: Stealth Rock
|
|upkeep
|
|t:|1743924334
|switch|p2a: Rillaboom|Rillaboom, F|76/100
|-damage|p2a: Rillaboom|64/100|[from] Stealth Rock
|-fieldstart|move: Grassy Terrain|[from] ability: Grassy Surge|[of] p2a: Rillaboom
|turn|18
|
|t:|1743924337
|move|p2a: Rillaboom|Grassy Glide|p1a: Landorus
|-damage|p1a: Landorus|0 fnt
|faint|p1a: Landorus
|
|-heal|p2a: Rillaboom|70/100|[from] Grassy Terrain
|upkeep
|
|t:|1743924341
|switch|p1a: Talonflame|Talonflame, F|100/100
|turn|19
|
|t:|1743924345
|move|p1a: Talonflame|Will-O-Wisp|p2a: Rillaboom
|-status|p2a: Rillaboom|brn
|move|p2a: Rillaboom|Knock Off|p1a: Talonflame
|-crit|p1a: Talonflame
|-damage|p1a: Talonflame|75/100
|-enditem|p1a: Talonflame|Heavy-Duty Boots|[from] move: Knock Off|[of] p2a: Rillaboom
|
|-heal|p2a: Rillaboom|76/100 brn|[from] Grassy Terrain
|-damage|p2a: Rillaboom|70/100 brn|[from] brn
|upkeep
|turn|20
|
|t:|1743924352
|move|p1a: Talonflame|Flamethrower|p2a: Rillaboom
|-supereffective|p2a: Rillaboom
|-damage|p2a: Rillaboom|7/100 brn
|move|p2a: Rillaboom|Wood Hammer|p1a: Talonflame
|-resisted|p1a: Talonflame
|-damage|p1a: Talonflame|66/100
|-damage|p2a: Rillaboom|4/100 brn|[from] Recoil
|
|-heal|p2a: Rillaboom|10/100 brn|[from] Grassy Terrain
|-damage|p2a: Rillaboom|4/100 brn|[from] brn
|upkeep
|turn|21
|
|t:|1743924373
|move|p1a: Talonflame|Roost|p1a: Talonflame
|-heal|p1a: Talonflame|100/100
|-singleturn|p1a: Talonflame|move: Roost
|move|p2a: Rillaboom|Wood Hammer|p1a: Talonflame
|-resisted|p1a: Talonflame
|-damage|p1a: Talonflame|82/100
|-damage|p2a: Rillaboom|0 fnt|[from] Recoil
|faint|p2a: Rillaboom
|
|-heal|p1a: Talonflame|88/100|[from] Grassy Terrain
|upkeep
|
|t:|1743924384
|switch|p2a: Hawlucha|Hawlucha, F|100/100
|-damage|p2a: Hawlucha|88/100|[from] Stealth Rock
|-enditem|p2a: Hawlucha|Grassy Seed
|-boost|p2a: Hawlucha|def|1|[from] item: Grassy Seed
|turn|22
|
|t:|1743924392
|move|p2a: Hawlucha|Encore|p1a: Talonflame
|-start|p1a: Talonflame|Encore
|move|p1a: Talonflame|Roost|p1a: Talonflame
|-heal|p1a: Talonflame|100/100
|-singleturn|p1a: Talonflame|move: Roost
|
|upkeep
|turn|23
|
|t:|1743924402
|move|p2a: Hawlucha|Swords Dance|p2a: Hawlucha
|-boost|p2a: Hawlucha|atk|2
|move|p1a: Talonflame|Roost||[still]
|-fail|p1a: Talonflame|heal
|
|upkeep
|turn|24
|
|t:|1743924406
|move|p2a: Hawlucha|Swords Dance|p2a: Hawlucha
|-boost|p2a: Hawlucha|atk|2
|move|p1a: Talonflame|Roost||[still]
|-fail|p1a: Talonflame|heal
|
|-end|p1a: Talonflame|Encore
|upkeep
|turn|25
|j| iamfrhaan007
|
|t:|1743924410
|move|p2a: Hawlucha|Encore|p1a: Talonflame
|-start|p1a: Talonflame|Encore
|move|p1a: Talonflame|Roost||[still]
|-fail|p1a: Talonflame|heal
|
|-fieldend|move: Grassy Terrain
|upkeep
|turn|26
|
|t:|1743924414
|switch|p1a: Gucci Mane|Kyurem|32/100
|-ability|p1a: Gucci Mane|Pressure
|move|p2a: Hawlucha|Swords Dance|p2a: Hawlucha
|-boost|p2a: Hawlucha|atk|2
|
|upkeep
|turn|27
|
|t:|1743924420
|move|p2a: Hawlucha|Acrobatics|p1a: Gucci Mane
|-damage|p1a: Gucci Mane|0 fnt
|faint|p1a: Gucci Mane
|
|upkeep
|
|t:|1743924424
|switch|p1a: Talonflame|Talonflame, F|100/100
|turn|28
|
|t:|1743924428
|move|p2a: Hawlucha|Acrobatics|p1a: Talonflame
|-damage|p1a: Talonflame|0 fnt
|-status|p2a: Hawlucha|brn|[from] ability: Flame Body|[of] p1a: Talonflame
|faint|p1a: Talonflame
|
|-damage|p2a: Hawlucha|82/100 brn|[from] brn
|upkeep
|j| victini05
|
|t:|1743924432
|switch|p1a: Gholdengo|Gholdengo|100/100
|turn|29
|
|t:|1743924436
|-terastallize|p1a: Gholdengo|Fairy
|move|p2a: Hawlucha|Acrobatics|p1a: Gholdengo
|-damage|p1a: Gholdengo|0 fnt
|faint|p1a: Gholdengo
|
|win|BanTwave77
|raw|metakill4r's rating: 1576 &rarr; <strong>1555</strong><br />(-21 for losing)
|raw|BanTwave77's rating: 1561 &rarr; <strong>1582</strong><br />(+21 for winning)
|l|☆BanTwave77
|player|p2|
|l|☆metakill4r
|player|p1|
|l| iamfrhaan007
|l| victini05
