|j|☆kadichowl
|j|☆WalkEmDownNTera
|t:|1743926557
|gametype|singles
|player|p1|kadichowl|170|1135
|player|p2|WalkEmDownNTera|pokekid|1213
|teamsize|p1|6
|teamsize|p2|6
|gen|9
|tier|[Gen 9] OU
|rated|
|rule|HP Percentage Mod: HP is shown in percentages
|rule|Endless Battle Clause: Forcing endless battles is banned
|rule|Species Clause: Limit one of each Pokémon
|rule|OHKO Clause: OHKO moves are banned
|rule|Evasion Items Clause: Evasion items are banned
|rule|Evasion Moves Clause: Evasion moves are banned
|rule|Sleep Moves Clause: Sleep-inducing moves are banned
|clearpoke
|poke|p1|Grafaiai, F|
|poke|p1|Mandibuzz, F|
|poke|p1|Slowbro-Galar, F|
|poke|p1|Serperior, M|
|poke|p1|Deoxys-Speed|
|poke|p1|Greninja-*, M|
|poke|p2|Hatterene, F|
|poke|p2|Iron Valiant|
|poke|p2|Landorus-Therian, M|
|poke|p2|Dragonite, F|
|poke|p2|Darkrai|
|poke|p2|Pecharunt|
|teampreview
|
|t:|1743926566
|start
|switch|p1a: Greninja|Greninja, M|100/100
|switch|p2a: Landorus|Landorus-Therian, M|100/100
|-ability|p2a: Landorus|Intimidate|boost
|-unboost|p1a: Greninja|atk|1
|turn|1
|
|t:|1743926574
|move|p1a: Greninja|Ice Beam|p2a: Landorus
|-supereffective|p2a: Landorus
|-damage|p2a: Landorus|0 fnt
|faint|p2a: Landorus
|-ability|p1a: Greninja|Battle Bond|boost
|-boost|p1a: Greninja|atk|1
|-boost|p1a: Greninja|spa|1
|-boost|p1a: Greninja|spe|1
|-activate|p1a: Greninja|ability: Battle Bond
|-damage|p1a: Greninja|91/100|[from] item: Life Orb
|
|upkeep
|
|t:|1743926578
|switch|p2a: Hatterene|Hatterene, F, shiny|100/100
|turn|2
|
|t:|1743926588
|-terastallize|p1a: Greninja|Ghost
|move|p1a: Greninja|Surf|p2a: Hatterene
|-damage|p2a: Hatterene|43/100
|-damage|p1a: Greninja|81/100|[from] item: Life Orb
|move|p2a: Hatterene|Draining Kiss|p1a: Greninja
|-damage|p1a: Greninja|35/100
|-heal|p2a: Hatterene|75/100|[from] drain|[of] p1a: Greninja
|
|upkeep
|turn|3
|
|t:|1743926601
|move|p1a: Greninja|Dark Pulse|p2a: Hatterene
|-damage|p2a: Hatterene|23/100
|-damage|p1a: Greninja|26/100|[from] item: Life Orb
|move|p2a: Hatterene|Draining Kiss|p1a: Greninja
|-damage|p1a: Greninja|0 fnt
|-heal|p2a: Hatterene|41/100|[from] drain|[of] p1a: Greninja
|faint|p1a: Greninja
|
|upkeep
|
|t:|1743926612
|switch|p1a: Slowbro|Slowbro-Galar, F|100/100
|turn|4
|
|t:|1743926623
|switch|p2a: Pecharunt|Pecharunt|100/100
|-item|p2a: Pecharunt|Air Balloon
|move|p1a: Slowbro|Shell Side Arm|p2a: Pecharunt|[anim] Shell Side Arm Special
|-resisted|p2a: Pecharunt
|-damage|p2a: Pecharunt|92/100
|-hint|Special Shell Side Arm
|-enditem|p2a: Pecharunt|Air Balloon
|
|upkeep
|turn|5
|
|t:|1743926631
|move|p2a: Pecharunt|Parting Shot|p1a: Slowbro
|-unboost|p1a: Slowbro|atk|1
|-unboost|p1a: Slowbro|spa|1
|inactive|Battle timer is ON: inactive players will automatically lose when time's up. (requested by WalkEmDownNTera)
|
|t:|1743926642
|switch|p2a: Darkrai|Darkrai|100/100|[from] Parting Shot
|move|p1a: Slowbro|Earthquake|p2a: Darkrai
|-damage|p2a: Darkrai|75/100
|
|upkeep
|turn|6
|inactive|kadichowl has 120 seconds left.
|
|t:|1743926675
|move|p2a: Darkrai|Nasty Plot|p2a: Darkrai
|-boost|p2a: Darkrai|spa|2
|move|p1a: Slowbro|Trick|p2a: Darkrai
|-activate|p1a: Slowbro|move: Trick|[of] p2a: Darkrai
|-item|p2a: Darkrai|Black Sludge|[from] move: Trick
|-item|p1a: Slowbro|Heavy-Duty Boots|[from] move: Trick
|
|-damage|p2a: Darkrai|62/100|[from] item: Black Sludge
|upkeep
|turn|7
|
|t:|1743926683
|switch|p1a: Deoxys|Deoxys-Speed|100/100
|-ability|p1a: Deoxys|Pressure
|move|p2a: Darkrai|Dark Pulse|p1a: Deoxys
|-supereffective|p1a: Deoxys
|-enditem|p1a: Deoxys|Focus Sash
|-damage|p1a: Deoxys|1/100
|
|-damage|p2a: Darkrai|50/100|[from] item: Black Sludge
|upkeep
|turn|8
|
|t:|1743926693
|switch|p2a: Hatterene|Hatterene, F, shiny|41/100
|move|p1a: Deoxys|Light Screen|p1a: Deoxys
|-sidestart|p1: kadichowl|move: Light Screen
|
|upkeep
|turn|9
|
|t:|1743926698
|move|p1a: Deoxys|Knock Off|p2a: Hatterene
|-damage|p2a: Hatterene|8/100
|-enditem|p2a: Hatterene|Assault Vest|[from] move: Knock Off|[of] p1a: Deoxys
|move|p2a: Hatterene|Draining Kiss|p1a: Deoxys
|-damage|p1a: Deoxys|0 fnt
|-heal|p2a: Hatterene|8/100|[from] drain|[of] p1a: Deoxys
|faint|p1a: Deoxys
|
|upkeep
|
|t:|1743926705
|switch|p1a: Serperior|Serperior, M|100/100
|turn|10
|
|t:|1743926709
|move|p1a: Serperior|Leaf Storm|p2a: Hatterene
|-damage|p2a: Hatterene|0 fnt
|-boost|p1a: Serperior|spa|2
|faint|p2a: Hatterene
|
|upkeep
|
|t:|1743926716
|switch|p2a: Pecharunt|Pecharunt|92/100
|turn|11
|inactive|kadichowl has 120 seconds left.
|inactive|kadichowl has 90 seconds left.
|
|t:|1743926780
|move|p1a: Serperior|Leaf Storm|p2a: Pecharunt
|-resisted|p2a: Pecharunt
|-damage|p2a: Pecharunt|53/100
|-boost|p1a: Serperior|spa|2
|move|p2a: Pecharunt|Malignant Chain|p1a: Serperior
|-supereffective|p1a: Serperior
|-damage|p1a: Serperior|65/100
|
|-heal|p1a: Serperior|71/100|[from] item: Leftovers
|upkeep
|turn|12
|inactive|kadichowl has 90 seconds left.
|
|t:|1743926796
|move|p1a: Serperior|Leaf Storm|p2a: Pecharunt
|-resisted|p2a: Pecharunt
|-damage|p2a: Pecharunt|0 fnt
|-boost|p1a: Serperior|spa|2
|faint|p2a: Pecharunt
|
|-heal|p1a: Serperior|77/100|[from] item: Leftovers
|-sideend|p1: kadichowl|move: Light Screen
|upkeep
|
|t:|1743926804
|switch|p2a: Iron Valiant|Iron Valiant|100/100
|-enditem|p2a: Iron Valiant|Booster Energy
|-activate|p2a: Iron Valiant|ability: Quark Drive|[fromitem]
|-start|p2a: Iron Valiant|quarkdrivespe
|turn|13
|
|t:|1743926817
|move|p2a: Iron Valiant|Encore|p1a: Serperior
|-start|p1a: Serperior|Encore
|move|p1a: Serperior|Leaf Storm|p2a: Iron Valiant
|-damage|p2a: Iron Valiant|0 fnt
|faint|p2a: Iron Valiant
|-end|p2a: Iron Valiant|Quark Drive|[silent]
|
|-heal|p1a: Serperior|83/100|[from] item: Leftovers
|upkeep
|
|t:|1743926820
|switch|p2a: Dragonite|Dragonite, F|100/100
|turn|14
|
|t:|1743926826
|move|p1a: Serperior|Leaf Storm|p2a: Dragonite
|-resisted|p2a: Dragonite
|-damage|p2a: Dragonite|80/100
|move|p2a: Dragonite|Dragon Dance|p2a: Dragonite
|-boost|p2a: Dragonite|atk|1
|-boost|p2a: Dragonite|spe|1
|
|-heal|p1a: Serperior|89/100|[from] item: Leftovers
|upkeep
|turn|15
|
|t:|1743926843
|move|p2a: Dragonite|Dragon Dance|p2a: Dragonite
|-boost|p2a: Dragonite|atk|1
|-boost|p2a: Dragonite|spe|1
|move|p1a: Serperior|Leaf Storm|p2a: Dragonite|[miss]
|-miss|p1a: Serperior|p2a: Dragonite
|
|-heal|p1a: Serperior|95/100|[from] item: Leftovers
|-end|p1a: Serperior|Encore
|upkeep
|turn|16
|
|t:|1743926851
|move|p2a: Dragonite|Ice Spinner|p1a: Serperior
|-supereffective|p1a: Serperior
|-damage|p1a: Serperior|0 fnt
|faint|p1a: Serperior
|
|upkeep
|
|t:|1743926856
|switch|p1a: Mandibuzz|Mandibuzz, F|100/100
|turn|17
|
|t:|1743926869
|move|p2a: Dragonite|Ice Spinner|p1a: Mandibuzz
|-supereffective|p1a: Mandibuzz
|-damage|p1a: Mandibuzz|8/100
|move|p1a: Mandibuzz|Toxic|p2a: Dragonite
|-status|p2a: Dragonite|tox
|
|-damage|p2a: Dragonite|74/100 tox|[from] psn
|upkeep
|turn|18
|
|t:|1743926877
|move|p2a: Dragonite|Ice Spinner|p1a: Mandibuzz
|-supereffective|p1a: Mandibuzz
|-damage|p1a: Mandibuzz|0 fnt
|faint|p1a: Mandibuzz
|
|-damage|p2a: Dragonite|62/100 tox|[from] psn
|upkeep
|
|t:|1743926883
|switch|p1a: Slowbro|Slowbro-Galar, F|100/100
|turn|19
|
|t:|1743926889
|move|p2a: Dragonite|Earthquake|p1a: Slowbro
|-supereffective|p1a: Slowbro
|-damage|p1a: Slowbro|0 fnt
|faint|p1a: Slowbro
|
|-damage|p2a: Dragonite|43/100 tox|[from] psn
|upkeep
|-message|kadichowl forfeited.
|
|win|WalkEmDownNTera
|raw|kadichowl's rating: 1135 &rarr; <strong>1116</strong><br />(-19 for losing)
|raw|WalkEmDownNTera's rating: 1213 &rarr; <strong>1232</strong><br />(+19 for winning)
|l|☆kadichowl
|player|p1|
