|j|☆frog221
|j|☆MrQuag2277
|t:|1743918704
|gametype|singles
|player|p1|frog221|psychicf-gen3rs|1256
|player|p2|MrQuag2277|102|1298
|teamsize|p1|6
|teamsize|p2|6
|gen|9
|tier|[Gen 9] OU
|rated|
|rule|HP Percentage Mod: HP is shown in percentages
|rule|Endless Battle Clause: Forcing endless battles is banned
|rule|Species Clause: Limit one of each Pokémon
|rule|OHKO Clause: OHKO moves are banned
|rule|Evasion Items Clause: Evasion items are banned
|rule|Evasion Moves Clause: Evasion moves are banned
|rule|Sleep Moves Clause: Sleep-inducing moves are banned
|clearpoke
|poke|p1|Jirachi|
|poke|p1|Raging Bolt|
|poke|p1|Ogerpon-Wellspring, F|
|poke|p1|Darkrai|
|poke|p1|Great Tusk|
|poke|p1|Iron Moth|
|poke|p2|Garganacl, F|
|poke|p2|Flapple, F|
|poke|p2|Clefable, F|
|poke|p2|Tyranitar, F|
|poke|p2|Excadrill, M|
|poke|p2|Iron Crown|
|teampreview
|inactive|Battle timer is ON: inactive players will automatically lose when time's up. (requested by MrQuag2277)
|
|t:|1743918735
|start
|switch|p1a: Great Tusk|Great Tusk|100/100
|switch|p2a: Garganacl|Garganacl, F|100/100
|turn|1
|
|t:|1743918746
|move|p1a: Great Tusk|Earthquake|p2a: Garganacl
|-supereffective|p2a: Garganacl
|-damage|p2a: Garganacl|43/100
|move|p2a: Garganacl|Salt Cure|p1a: Great Tusk
|-resisted|p1a: Great Tusk
|-damage|p1a: Great Tusk|99/100
|-start|p1a: Great Tusk|Salt Cure
|
|-heal|p2a: Garganacl|49/100|[from] item: Leftovers
|-damage|p1a: Great Tusk|86/100|[from] Salt Cure
|upkeep
|turn|2
|
|t:|1743918758
|move|p2a: Garganacl|Protect|p2a: Garganacl
|-singleturn|p2a: Garganacl|Protect
|move|p1a: Great Tusk|Earthquake|p2a: Garganacl
|-activate|p2a: Garganacl|move: Protect
|
|-heal|p2a: Garganacl|55/100|[from] item: Leftovers
|-damage|p1a: Great Tusk|74/100|[from] Salt Cure
|upkeep
|turn|3
|
|t:|1743918770
|-terastallize|p2a: Garganacl|Fairy
|move|p1a: Great Tusk|Close Combat|p2a: Garganacl
|-resisted|p2a: Garganacl
|-crit|p2a: Garganacl
|-damage|p2a: Garganacl|29/100
|-unboost|p1a: Great Tusk|def|1
|-unboost|p1a: Great Tusk|spd|1
|move|p2a: Garganacl|Recover|p2a: Garganacl
|-heal|p2a: Garganacl|79/100
|
|-heal|p2a: Garganacl|85/100|[from] item: Leftovers
|-damage|p1a: Great Tusk|61/100|[from] Salt Cure
|upkeep
|turn|4
|
|t:|1743918801
|-end|p1a: Great Tusk|Protosynthesis|[silent]
|switch|p1a: Darkrai|Darkrai, shiny|100/100
|switch|p2a: Iron Crown|Iron Crown|100/100
|
|upkeep
|turn|5
|
|t:|1743918808
|-end|p2a: Iron Crown|Quark Drive|[silent]
|switch|p2a: Tyranitar|Tyranitar, F|100/100
|-weather|Sandstorm|[from] ability: Sand Stream|[of] p2a: Tyranitar
|move|p1a: Darkrai|Dark Pulse|p2a: Tyranitar
|-resisted|p2a: Tyranitar
|-damage|p2a: Tyranitar|87/100
|
|-weather|Sandstorm|[upkeep]
|-damage|p1a: Darkrai|94/100|[from] Sandstorm
|upkeep
|turn|6
|
|t:|1743918821
|switch|p1a: Great Tusk|Great Tusk|61/100
|move|p2a: Tyranitar|Stealth Rock|p1a: Great Tusk
|-sidestart|p1: frog221|move: Stealth Rock
|
|-weather|Sandstorm|[upkeep]
|upkeep
|turn|7
|
|t:|1743918843
|move|p1a: Great Tusk|Rapid Spin|p2a: Tyranitar
|-resisted|p2a: Tyranitar
|-damage|p2a: Tyranitar|81/100
|-boost|p1a: Great Tusk|spe|1
|-sideend|p1: frog221|Stealth Rock|[from] move: Rapid Spin|[of] p1a: Great Tusk
|move|p2a: Tyranitar|Knock Off|p1a: Great Tusk
|-resisted|p1a: Great Tusk
|-damage|p1a: Great Tusk|47/100
|-enditem|p1a: Great Tusk|Heavy-Duty Boots|[from] move: Knock Off|[of] p2a: Tyranitar
|
|-weather|Sandstorm|[upkeep]
|upkeep
|turn|8
|inactive|MrQuag2277 has 120 seconds left.
|
|t:|1743918859
|switch|p2a: Garganacl|Garganacl, F, tera:Fairy|85/100
|move|p1a: Great Tusk|Earthquake|p2a: Garganacl
|-crit|p2a: Garganacl
|-damage|p2a: Garganacl|45/100
|
|-weather|Sandstorm|[upkeep]
|-damage|p2a: Garganacl|39/100|[from] Sandstorm
|-heal|p2a: Garganacl|45/100|[from] item: Leftovers
|upkeep
|turn|9
|
|t:|1743918867
|-end|p1a: Great Tusk|Protosynthesis|[silent]
|switch|p1a: Darkrai|Darkrai, shiny|94/100
|move|p2a: Garganacl|Recover|p2a: Garganacl
|-heal|p2a: Garganacl|95/100
|
|-weather|Sandstorm|[upkeep]
|-damage|p1a: Darkrai|88/100|[from] Sandstorm
|-damage|p2a: Garganacl|89/100|[from] Sandstorm
|-heal|p2a: Garganacl|95/100|[from] item: Leftovers
|upkeep
|turn|10
|
|t:|1743918887
|switch|p1a: Great Tusk|Great Tusk|47/100
|move|p2a: Garganacl|Salt Cure|p1a: Great Tusk
|-resisted|p1a: Great Tusk
|-damage|p1a: Great Tusk|44/100
|-start|p1a: Great Tusk|Salt Cure
|
|-weather|Sandstorm|[upkeep]
|-damage|p2a: Garganacl|89/100|[from] Sandstorm
|-heal|p2a: Garganacl|95/100|[from] item: Leftovers
|-damage|p1a: Great Tusk|32/100|[from] Salt Cure
|upkeep
|turn|11
|inactive|MrQuag2277 has 120 seconds left.
|
|t:|1743918903
|-end|p1a: Great Tusk|Protosynthesis|[silent]
|switch|p1a: Darkrai|Darkrai, shiny|88/100
|move|p2a: Garganacl|Salt Cure|p1a: Darkrai
|-damage|p1a: Darkrai|69/100
|-start|p1a: Darkrai|Salt Cure
|
|-weather|Sandstorm|[upkeep]
|-damage|p1a: Darkrai|63/100|[from] Sandstorm
|-damage|p2a: Garganacl|89/100|[from] Sandstorm
|-heal|p2a: Garganacl|95/100|[from] item: Leftovers
|-damage|p1a: Darkrai|50/100|[from] Salt Cure
|upkeep
|turn|12
|inactive|MrQuag2277 has 120 seconds left.
|
|t:|1743918923
|-terastallize|p1a: Darkrai|Poison
|move|p1a: Darkrai|Sludge Bomb|p2a: Garganacl
|-supereffective|p2a: Garganacl
|-damage|p2a: Garganacl|3/100
|move|p2a: Garganacl|Salt Cure|p1a: Darkrai
|-damage|p1a: Darkrai|32/100
|
|-weather|none
|-heal|p2a: Garganacl|9/100|[from] item: Leftovers
|-damage|p1a: Darkrai|19/100|[from] Salt Cure
|upkeep
|turn|13
|inactive|MrQuag2277 has 120 seconds left.
|
|t:|1743918934
|move|p2a: Garganacl|Protect|p2a: Garganacl
|-singleturn|p2a: Garganacl|Protect
|move|p1a: Darkrai|Sludge Bomb|p2a: Garganacl
|-activate|p2a: Garganacl|move: Protect
|
|-heal|p2a: Garganacl|15/100|[from] item: Leftovers
|-damage|p1a: Darkrai|7/100|[from] Salt Cure
|upkeep
|turn|14
|
|t:|1743918943
|switch|p2a: Tyranitar|Tyranitar, F|81/100
|-weather|Sandstorm|[from] ability: Sand Stream|[of] p2a: Tyranitar
|move|p1a: Darkrai|Sludge Bomb|p2a: Tyranitar
|-resisted|p2a: Tyranitar
|-damage|p2a: Tyranitar|67/100
|-status|p2a: Tyranitar|psn
|
|-weather|Sandstorm|[upkeep]
|-damage|p1a: Darkrai|1/100|[from] Sandstorm
|-damage|p2a: Tyranitar|55/100 psn|[from] psn
|-damage|p1a: Darkrai|0 fnt|[from] Salt Cure
|faint|p1a: Darkrai
|upkeep
|
|t:|1743918952
|switch|p1a: Great Tusk|Great Tusk|32/100
|turn|15
|
|t:|1743918969
|move|p1a: Great Tusk|Earthquake|p2a: Tyranitar
|-supereffective|p2a: Tyranitar
|-damage|p2a: Tyranitar|0 fnt
|faint|p2a: Tyranitar
|
|-weather|Sandstorm|[upkeep]
|upkeep
|
|t:|1743918974
|switch|p2a: Excadrill|Excadrill, M|100/100
|turn|16
|
|t:|1743918986
|move|p2a: Excadrill|Iron Head|p1a: Great Tusk
|-damage|p1a: Great Tusk|0 fnt
|faint|p1a: Great Tusk
|-end|p1a: Great Tusk|Protosynthesis|[silent]
|
|-weather|Sandstorm|[upkeep]
|upkeep
|
|t:|1743918990
|switch|p1a: Ogerpon|Ogerpon-Wellspring, F|100/100
|turn|17
|
|t:|1743918999
|switch|p2a: Flapple|Flapple, F|100/100
|move|p1a: Ogerpon|Ivy Cudgel|p2a: Flapple|[anim] Ivy Cudgel Water
|-resisted|p2a: Flapple
|-damage|p2a: Flapple|80/100
|
|-weather|Sandstorm|[upkeep]
|-damage|p1a: Ogerpon|95/100|[from] Sandstorm
|-damage|p2a: Flapple|74/100|[from] Sandstorm
|upkeep
|turn|18
|
|t:|1743919008
|switch|p1a: Jirachi|Jirachi|100/100
|move|p2a: Flapple|Dragon Dance|p2a: Flapple
|-boost|p2a: Flapple|atk|1
|-boost|p2a: Flapple|spe|1
|
|-weather|Sandstorm|[upkeep]
|-damage|p2a: Flapple|68/100|[from] Sandstorm
|upkeep
|turn|19
|
|t:|1743919024
|move|p2a: Flapple|Grav Apple|p1a: Jirachi
|-resisted|p1a: Jirachi
|-crit|p1a: Jirachi
|-damage|p1a: Jirachi|32/100
|-unboost|p1a: Jirachi|def|1
|-damage|p2a: Flapple|58/100|[from] item: Life Orb
|move|p1a: Jirachi|Body Slam|p2a: Flapple
|-damage|p2a: Flapple|15/100
|-status|p2a: Flapple|par
|
|-weather|Sandstorm|[upkeep]
|-damage|p2a: Flapple|9/100 par|[from] Sandstorm
|upkeep
|turn|20
|inactive|frog221 has 120 seconds left.
|
|t:|1743919057
|move|p2a: Flapple|Grav Apple|p1a: Jirachi
|-resisted|p1a: Jirachi
|-damage|p1a: Jirachi|0 fnt
|faint|p1a: Jirachi
|-damage|p2a: Flapple|0 fnt|[from] item: Life Orb
|faint|p2a: Flapple
|
|-weather|Sandstorm|[upkeep]
|upkeep
|inactive|frog221 has 120 seconds left.
|
|t:|1743919076
|switch|p2a: Iron Crown|Iron Crown|100/100
|switch|p1a: Ogerpon|Ogerpon-Wellspring, F|95/100
|turn|21
|inactive|MrQuag2277 has 120 seconds left.
|
|t:|1743919097
|move|p1a: Ogerpon|Knock Off|p2a: Iron Crown
|-supereffective|p2a: Iron Crown
|-damage|p2a: Iron Crown|24/100
|-enditem|p2a: Iron Crown|Choice Specs|[from] move: Knock Off|[of] p1a: Ogerpon
|move|p2a: Iron Crown|Tachyon Cutter|p1a: Ogerpon
|-resisted|p1a: Ogerpon
|-damage|p1a: Ogerpon|80/100
|-resisted|p1a: Ogerpon
|-damage|p1a: Ogerpon|65/100
|-hitcount|p1a: Ogerpon|2
|
|-weather|none
|upkeep
|turn|22
|inactive|MrQuag2277 has 120 seconds left.
|-message|MrQuag2277 forfeited.
|
|win|frog221
|raw|frog221's rating: 1256 &rarr; <strong>1284</strong><br />(+28 for winning)
|raw|MrQuag2277's rating: 1298 &rarr; <strong>1270</strong><br />(-28 for losing)
|l|☆MrQuag2277
|player|p2|
