|j|☆ketter
|j|☆Acting Male
|t:|1743920946
|gametype|singles
|player|p1|ketter|170|1482
|player|p2|Acting Male|darach-caitlin|1511
|teamsize|p1|6
|teamsize|p2|6
|gen|9
|tier|[Gen 9] OU
|rated|
|rule|HP Percentage Mod: HP is shown in percentages
|rule|Endless Battle Clause: Forcing endless battles is banned
|rule|Species Clause: Limit one of each Pokémon
|rule|OHKO Clause: OHKO moves are banned
|rule|Evasion Items Clause: Evasion items are banned
|rule|Evasion Moves Clause: Evasion moves are banned
|rule|Sleep Moves Clause: Sleep-inducing moves are banned
|clearpoke
|poke|p1|Dragonite, M|
|poke|p1|Raging Bolt|
|poke|p1|Moltres|
|poke|p1|Samurott-Hisui, F|
|poke|p1|Iron Treads|
|poke|p1|Iron Valiant|
|poke|p2|Iron Crown|
|poke|p2|Iron Hands|
|poke|p2|Grimmsnarl, M|
|poke|p2|Great Tusk|
|poke|p2|Dragonite, M|
|poke|p2|Glimmora, M|
|teampreview
|inactive|Battle timer is ON: inactive players will automatically lose when time's up. (requested by ketter)
|
|t:|1743920968
|start
|switch|p1a: Iron Treads|Iron Treads|100/100
|switch|p2a: Dragonite|Dragonite, M|100/100
|turn|1
|
|t:|1743920977
|move|p1a: Iron Treads|Knock Off|p2a: Dragonite
|-damage|p2a: Dragonite|84/100
|-enditem|p2a: Dragonite|Loaded Dice|[from] move: Knock Off|[of] p1a: Iron Treads
|move|p2a: Dragonite|Dragon Dance|p2a: Dragonite
|-boost|p2a: Dragonite|atk|1
|-boost|p2a: Dragonite|spe|1
|
|upkeep
|turn|2
|
|t:|1743920996
|-end|p1a: Iron Treads|Quark Drive|[silent]
|switch|p1a: Moltres|Moltres|100/100
|move|p2a: Dragonite|Dragon Dance|p2a: Dragonite
|-boost|p2a: Dragonite|atk|1
|-boost|p2a: Dragonite|spe|1
|
|upkeep
|turn|3
|
|t:|1743921003
|-terastallize|p2a: Dragonite|Fire
|move|p2a: Dragonite|Dragon Dance|p2a: Dragonite
|-boost|p2a: Dragonite|atk|1
|-boost|p2a: Dragonite|spe|1
|move|p1a: Moltres|Hurricane|p2a: Dragonite|[miss]
|-miss|p1a: Moltres|p2a: Dragonite
|
|upkeep
|turn|4
|
|t:|1743921009
|move|p2a: Dragonite|Scale Shot|p1a: Moltres
|-damage|p1a: Moltres|73/100
|-damage|p1a: Moltres|49/100
|-damage|p1a: Moltres|23/100
|-hitcount|p1a: Moltres|3
|-unboost|p2a: Dragonite|def|1
|-boost|p2a: Dragonite|spe|1
|move|p1a: Moltres|Hurricane|p2a: Dragonite
|-damage|p2a: Dragonite|34/100
|-start|p2a: Dragonite|confusion
|
|upkeep
|turn|5
|inactive|ketter has 120 seconds left.
|
|t:|1743921045
|switch|p1a: Dragonite|Dragonite, M|100/100
|-activate|p2a: Dragonite|confusion
|move|p2a: Dragonite|Fire Punch|p1a: Dragonite
|-resisted|p1a: Dragonite
|-crit|p1a: Dragonite
|-damage|p1a: Dragonite|57/100
|
|upkeep
|turn|6
|inactive|ketter has 120 seconds left.
|
|t:|1743921060
|move|p1a: Dragonite|Extreme Speed|p2a: Dragonite
|-damage|p2a: Dragonite|0 fnt
|faint|p2a: Dragonite
|
|upkeep
|
|t:|1743921067
|switch|p2a: Great Tusk|Great Tusk|100/100
|-enditem|p2a: Great Tusk|Booster Energy
|-activate|p2a: Great Tusk|ability: Protosynthesis|[fromitem]
|-start|p2a: Great Tusk|protosynthesisspe
|turn|7
|inactive|ketter has 120 seconds left.
|
|t:|1743921087
|switch|p1a: Iron Valiant|Iron Valiant|100/100
|-enditem|p1a: Iron Valiant|Booster Energy
|-activate|p1a: Iron Valiant|ability: Quark Drive|[fromitem]
|-start|p1a: Iron Valiant|quarkdrivespe
|move|p2a: Great Tusk|Bulk Up|p2a: Great Tusk
|-boost|p2a: Great Tusk|atk|1
|-boost|p2a: Great Tusk|def|1
|
|upkeep
|turn|8
|
|t:|1743921099
|move|p1a: Iron Valiant|Moonblast|p2a: Great Tusk
|-supereffective|p2a: Great Tusk
|-damage|p2a: Great Tusk|0 fnt
|faint|p2a: Great Tusk
|-end|p2a: Great Tusk|Protosynthesis|[silent]
|
|upkeep
|
|t:|1743921101
|switch|p2a: Grimmsnarl|Grimmsnarl, M, shiny|100/100
|turn|9
|
|t:|1743921108
|move|p2a: Grimmsnarl|Light Screen|p2a: Grimmsnarl
|-sidestart|p2: Acting Male|move: Light Screen
|move|p1a: Iron Valiant|Knock Off|p2a: Grimmsnarl
|-resisted|p2a: Grimmsnarl
|-damage|p2a: Grimmsnarl|94/100
|-enditem|p2a: Grimmsnarl|Light Clay|[from] move: Knock Off|[of] p1a: Iron Valiant
|
|upkeep
|turn|10
|
|t:|1743921116
|move|p1a: Iron Valiant|Moonblast|p2a: Grimmsnarl
|-supereffective|p2a: Grimmsnarl
|-damage|p2a: Grimmsnarl|49/100
|move|p2a: Grimmsnarl|Spirit Break|p1a: Iron Valiant
|-supereffective|p1a: Iron Valiant
|-damage|p1a: Iron Valiant|28/100
|-unboost|p1a: Iron Valiant|spa|1
|
|upkeep
|turn|11
|
|t:|1743921121
|move|p2a: Grimmsnarl|Parting Shot|p1a: Iron Valiant
|-unboost|p1a: Iron Valiant|atk|1
|-unboost|p1a: Iron Valiant|spa|1
|
|t:|1743921124
|switch|p2a: Iron Crown|Iron Crown|100/100|[from] Parting Shot
|move|p1a: Iron Valiant|Close Combat|p2a: Iron Crown
|-damage|p2a: Iron Crown|67/100
|-unboost|p1a: Iron Valiant|def|1
|-unboost|p1a: Iron Valiant|spd|1
|
|upkeep
|turn|12
|
|t:|1743921139
|move|p1a: Iron Valiant|Knock Off|p2a: Iron Crown
|-supereffective|p2a: Iron Crown
|-damage|p2a: Iron Crown|29/100
|-enditem|p2a: Iron Crown|Weakness Policy
|-boost|p2a: Iron Crown|atk|2|[from] item: Weakness Policy
|-boost|p2a: Iron Crown|spa|2|[from] item: Weakness Policy
|move|p2a: Iron Crown|Agility|p2a: Iron Crown
|-boost|p2a: Iron Crown|spe|2
|
|upkeep
|turn|13
|
|t:|1743921159
|-end|p1a: Iron Valiant|Quark Drive|[silent]
|switch|p1a: Iron Treads|Iron Treads|100/100
|move|p2a: Iron Crown|Tachyon Cutter|p1a: Iron Treads
|-resisted|p1a: Iron Treads
|-damage|p1a: Iron Treads|64/100
|-resisted|p1a: Iron Treads
|-damage|p1a: Iron Treads|29/100
|-hitcount|p1a: Iron Treads|2
|
|-heal|p1a: Iron Treads|35/100|[from] item: Leftovers
|upkeep
|turn|14
|
|t:|1743921167
|-end|p1a: Iron Treads|Quark Drive|[silent]
|switch|p1a: Dragonite|Dragonite, M|57/100
|move|p2a: Iron Crown|Tachyon Cutter|p1a: Dragonite
|-damage|p1a: Dragonite|4/100
|-damage|p1a: Dragonite|0 fnt
|faint|p1a: Dragonite
|-hitcount|p1: Dragonite|2
|
|upkeep
|
|t:|1743921178
|switch|p1a: Samurott|Samurott-Hisui, F|100/100
|turn|15
|
|t:|1743921185
|move|p2a: Iron Crown|Tachyon Cutter|p1a: Samurott
|-resisted|p1a: Samurott
|-damage|p1a: Samurott|77/100
|-resisted|p1a: Samurott
|-damage|p1a: Samurott|55/100
|-hitcount|p1a: Samurott|2
|move|p1a: Samurott|Ceaseless Edge|p2a: Iron Crown
|-supereffective|p2a: Iron Crown
|-damage|p2a: Iron Crown|0 fnt
|-sidestart|p2: Acting Male|Spikes
|faint|p2a: Iron Crown
|-end|p2a: Iron Crown|Quark Drive|[silent]
|
|upkeep
|
|t:|1743921196
|switch|p2a: Grimmsnarl|Grimmsnarl, M, shiny|49/100
|-damage|p2a: Grimmsnarl|37/100|[from] Spikes
|turn|16
|
|t:|1743921202
|move|p2a: Grimmsnarl|Reflect|p2a: Grimmsnarl
|-sidestart|p2: Acting Male|Reflect
|move|p1a: Samurott|Razor Shell|p2a: Grimmsnarl
|-damage|p2a: Grimmsnarl|11/100
|
|-sideend|p2: Acting Male|move: Light Screen
|upkeep
|turn|17
|
|t:|1743921207
|move|p1a: Samurott|Aqua Jet|p2a: Grimmsnarl
|-damage|p2a: Grimmsnarl|1/100
|move|p2a: Grimmsnarl|Light Screen|p2a: Grimmsnarl
|-sidestart|p2: Acting Male|move: Light Screen
|
|upkeep
|turn|18
|
|t:|1743921211
|move|p1a: Samurott|Aqua Jet|p2a: Grimmsnarl
|-damage|p2a: Grimmsnarl|0 fnt
|faint|p2a: Grimmsnarl
|
|upkeep
|
|t:|1743921218
|switch|p2a: Iron Hands|Iron Hands|100/100
|-damage|p2a: Iron Hands|88/100|[from] Spikes
|turn|19
|
|t:|1743921223
|move|p1a: Samurott|Razor Shell|p2a: Iron Hands
|-damage|p2a: Iron Hands|70/100
|move|p2a: Iron Hands|Drain Punch|p1a: Samurott
|-supereffective|p1a: Samurott
|-damage|p1a: Samurott|0 fnt
|-heal|p2a: Iron Hands|90/100|[from] drain|[of] p1a: Samurott
|faint|p1a: Samurott
|
|-heal|p2a: Iron Hands|96/100|[from] item: Leftovers
|upkeep
|
|t:|1743921244
|switch|p1a: Raging Bolt|Raging Bolt|100/100
|turn|20
|
|t:|1743921250
|move|p1a: Raging Bolt|Taunt|p2a: Iron Hands
|-start|p2a: Iron Hands|move: Taunt
|cant|p2a: Iron Hands|move: Taunt|Swords Dance
|
|-heal|p2a: Iron Hands|100/100|[from] item: Leftovers
|-sideend|p2: Acting Male|Reflect
|upkeep
|turn|21
|
|t:|1743921265
|move|p1a: Raging Bolt|Volt Switch|p2a: Iron Hands
|-resisted|p2a: Iron Hands
|-crit|p2a: Iron Hands
|-damage|p2a: Iron Hands|76/100
|
|t:|1743921267
|-end|p1a: Raging Bolt|Protosynthesis|[silent]
|switch|p1a: Moltres|Moltres|23/100|[from] Volt Switch
|move|p2a: Iron Hands|Ice Punch|p1a: Moltres
|-crit|p1a: Moltres
|-damage|p1a: Moltres|0 fnt
|-status|p2a: Iron Hands|brn|[from] ability: Flame Body|[of] p1a: Moltres
|faint|p1a: Moltres
|
|-heal|p2a: Iron Hands|82/100 brn|[from] item: Leftovers
|-damage|p2a: Iron Hands|76/100 brn|[from] brn
|-sideend|p2: Acting Male|move: Light Screen
|upkeep
|
|t:|1743921274
|switch|p1a: Iron Valiant|Iron Valiant|28/100
|turn|22
|
|t:|1743921277
|move|p1a: Iron Valiant|Moonblast|p2a: Iron Hands
|-supereffective|p2a: Iron Hands
|-damage|p2a: Iron Hands|7/100 brn
|move|p2a: Iron Hands|Thunder Punch|p1a: Iron Valiant
|-damage|p1a: Iron Valiant|1/100
|
|-heal|p2a: Iron Hands|13/100 brn|[from] item: Leftovers
|-damage|p2a: Iron Hands|7/100 brn|[from] brn
|-end|p2a: Iron Hands|move: Taunt
|upkeep
|turn|23
|
|t:|1743921280
|move|p1a: Iron Valiant|Moonblast|p2a: Iron Hands
|-supereffective|p2a: Iron Hands
|-damage|p2a: Iron Hands|0 fnt
|faint|p2a: Iron Hands
|-end|p2a: Iron Hands|Quark Drive|[silent]
|
|upkeep
|
|t:|1743921282
|switch|p2a: Glimmora|Glimmora, M|100/100
|-damage|p2a: Glimmora|88/100|[from] Spikes
|turn|24
|
|t:|1743921290
|move|p1a: Iron Valiant|Moonblast|p2a: Glimmora
|-resisted|p2a: Glimmora
|-damage|p2a: Glimmora|58/100
|-unboost|p2a: Glimmora|spa|1
|move|p2a: Glimmora|Rock Polish|p2a: Glimmora
|-boost|p2a: Glimmora|spe|2
|
|upkeep
|turn|25
|
|t:|1743921298
|move|p2a: Glimmora|Meteor Beam||[still]
|-prepare|p2a: Glimmora|Meteor Beam
|-boost|p2a: Glimmora|spa|1
|-enditem|p2a: Glimmora|Power Herb
|-anim|p2a: Glimmora|Meteor Beam|p1a: Iron Valiant
|-resisted|p1a: Iron Valiant
|-damage|p1a: Iron Valiant|0 fnt
|faint|p1a: Iron Valiant
|-end|p1a: Iron Valiant|Quark Drive|[silent]
|
|upkeep
|
|t:|1743921309
|switch|p1a: Raging Bolt|Raging Bolt|100/100
|turn|26
|
|t:|1743921315
|-terastallize|p1a: Raging Bolt|Fairy
|move|p2a: Glimmora|Earth Power|p1a: Raging Bolt
|-damage|p1a: Raging Bolt|66/100
|-unboost|p1a: Raging Bolt|spd|1
|move|p1a: Raging Bolt|Dragon Pulse|p2a: Glimmora
|-damage|p2a: Glimmora|0 fnt
|faint|p2a: Glimmora
|
|win|ketter
|raw|ketter's rating: 1482 &rarr; <strong>1504</strong><br />(+22 for winning)
|raw|Acting Male's rating: 1511 &rarr; <strong>1489</strong><br />(-22 for losing)
|l|☆Acting Male
|player|p2|
|l|☆ketter
|player|p1|
