|j|☆010p1p1pqowmsnbdu
|j|☆AZZBoi
|t:|1743921211
|gametype|singles
|player|p1|010p1p1pqowmsnbdu|170|1054
|player|p2|AZZBoi|2|1051
|teamsize|p1|6
|teamsize|p2|6
|gen|9
|tier|[Gen 9] OU
|rated|
|rule|HP Percentage Mod: HP is shown in percentages
|rule|Endless Battle Clause: Forcing endless battles is banned
|rule|Species Clause: Limit one of each Pokémon
|rule|OHKO Clause: OHKO moves are banned
|rule|Evasion Items Clause: Evasion items are banned
|rule|Evasion Moves Clause: Evasion moves are banned
|rule|Sleep Moves Clause: Sleep-inducing moves are banned
|clearpoke
|poke|p1|Infernape, M|
|poke|p1|Rotom-Wash|
|poke|p1|Corviknight, M|
|poke|p1|Tornadus, M|
|poke|p1|Blissey, F|
|poke|p1|Araquanid, F|
|poke|p2|Gyarados, M|
|poke|p2|Dragonite, F|
|poke|p2|Incineroar, F|
|poke|p2|Landorus-Therian, M|
|poke|p2|Iron Valiant|
|poke|p2|Zapdos|
|teampreview
|
|t:|1743921230
|start
|switch|p1a: Araquanid|Araquanid, F|100/100
|switch|p2a: Landorus|Landorus-Therian, M|100/100
|-ability|p2a: Landorus|Intimidate|boost
|-unboost|p1a: Araquanid|atk|1
|turn|1
|
|t:|1743921260
|switch|p2a: Iron Valiant|Iron Valiant|100/100
|-enditem|p2a: Iron Valiant|Booster Energy
|-activate|p2a: Iron Valiant|ability: Quark Drive|[fromitem]
|-start|p2a: Iron Valiant|quarkdrivespe
|move|p1a: Araquanid|Sticky Web|p2a: Iron Valiant
|-sidestart|p2: AZZBoi|move: Sticky Web
|
|upkeep
|turn|2
|
|t:|1743921268
|move|p2a: Iron Valiant|Thunderbolt|p1a: Araquanid
|-supereffective|p1a: Araquanid
|-damage|p1a: Araquanid|63/100
|move|p1a: Araquanid|Reflect|p1a: Araquanid
|-sidestart|p1: 010p1p1pqowmsnbdu|Reflect
|
|upkeep
|turn|3
|
|t:|1743921274
|move|p2a: Iron Valiant|Calm Mind|p2a: Iron Valiant
|-boost|p2a: Iron Valiant|spa|1
|-boost|p2a: Iron Valiant|spd|1
|move|p1a: Araquanid|Liquidation|p2a: Iron Valiant
|-damage|p2a: Iron Valiant|64/100
|
|upkeep
|turn|4
|
|t:|1743921281
|switch|p1a: Infernape|Infernape, M, shiny|100/100
|move|p2a: Iron Valiant|Calm Mind|p2a: Iron Valiant
|-boost|p2a: Iron Valiant|spa|1
|-boost|p2a: Iron Valiant|spd|1
|
|upkeep
|turn|5
|
|t:|1743921301
|-terastallize|p1a: Infernape|Fire
|move|p2a: Iron Valiant|Moonblast|p1a: Infernape
|-resisted|p1a: Infernape
|-damage|p1a: Infernape|31/100
|-unboost|p1a: Infernape|spa|1
|move|p1a: Infernape|Raging Fury|p2a: Iron Valiant
|-damage|p2a: Iron Valiant|0 fnt
|faint|p2a: Iron Valiant
|-end|p2a: Iron Valiant|Quark Drive|[silent]
|
|upkeep
|
|t:|1743921320
|switch|p2a: Landorus|Landorus-Therian, M|100/100
|-ability|p2a: Landorus|Intimidate|boost
|-unboost|p1a: Infernape|atk|1
|turn|6
|
|t:|1743921324
|move|p1a: Infernape|Raging Fury|p2a: Landorus|[from] lockedmove
|-damage|p2a: Landorus|20/100
|move|p2a: Landorus|Stealth Rock|p1a: Infernape
|-sidestart|p1: 010p1p1pqowmsnbdu|move: Stealth Rock
|
|-sideend|p1: 010p1p1pqowmsnbdu|Reflect
|upkeep
|turn|7
|
|t:|1743921340
|switch|p2a: Gyarados|Gyarados, M|100/100
|move|p1a: Infernape|Raging Fury|p2a: Gyarados|[from] lockedmove
|-resisted|p2a: Gyarados
|-damage|p2a: Gyarados|23/100
|-start|p1a: Infernape|confusion|[fatigue]
|
|-heal|p2a: Gyarados|29/100|[from] item: Leftovers
|upkeep
|turn|8
|
|t:|1743921352
|-activate|p1a: Infernape|confusion
|move|p1a: Infernape|Raging Fury|p2a: Gyarados
|-resisted|p2a: Gyarados
|-damage|p2a: Gyarados|0 fnt
|faint|p2a: Gyarados
|
|upkeep
|
|t:|1743921359
|switch|p2a: Dragonite|Dragonite, F|100/100
|turn|9
|
|t:|1743921367
|-activate|p1a: Infernape|confusion
|move|p1a: Infernape|Raging Fury|p2a: Dragonite|[from] lockedmove
|-resisted|p2a: Dragonite
|-damage|p2a: Dragonite|77/100
|move|p2a: Dragonite|Earthquake|p1a: Infernape
|-supereffective|p1a: Infernape
|-damage|p1a: Infernape|0 fnt
|faint|p1a: Infernape
|
|upkeep
|
|t:|1743921372
|switch|p1a: Blissey|Blissey, F|100/100
|turn|10
|
|t:|1743921392
|-terastallize|p2a: Dragonite|Normal
|move|p2a: Dragonite|Extreme Speed|p1a: Blissey
|-damage|p1a: Blissey|60/100
|move|p1a: Blissey|Stealth Rock|p2a: Dragonite
|-sidestart|p2: AZZBoi|move: Stealth Rock
|
|upkeep
|turn|11
|
|t:|1743921401
|move|p2a: Dragonite|Dragon Dance|p2a: Dragonite
|-boost|p2a: Dragonite|atk|1
|-boost|p2a: Dragonite|spe|1
|move|p1a: Blissey|Soft-Boiled|p1a: Blissey
|-heal|p1a: Blissey|100/100
|
|upkeep
|turn|12
|
|t:|1743921407
|move|p2a: Dragonite|Dragon Dance|p2a: Dragonite
|-boost|p2a: Dragonite|atk|1
|-boost|p2a: Dragonite|spe|1
|move|p1a: Blissey|Seismic Toss|p2a: Dragonite
|-damage|p2a: Dragonite|46/100
|
|upkeep
|turn|13
|
|t:|1743921414
|move|p2a: Dragonite|Extreme Speed|p1a: Blissey
|-damage|p1a: Blissey|22/100
|move|p1a: Blissey|Seismic Toss|p2a: Dragonite
|-damage|p2a: Dragonite|16/100
|
|upkeep
|turn|14
|
|t:|1743921420
|switch|p1a: Corviknight|Corviknight, M|100/100
|-damage|p1a: Corviknight|88/100|[from] Stealth Rock
|-ability|p1a: Corviknight|Pressure
|move|p2a: Dragonite|Extreme Speed|p1a: Corviknight
|-resisted|p1a: Corviknight
|-damage|p1a: Corviknight|59/100
|
|-heal|p1a: Corviknight|66/100|[from] item: Leftovers
|upkeep
|turn|15
|
|t:|1743921431
|move|p2a: Dragonite|Fire Punch|p1a: Corviknight
|-supereffective|p1a: Corviknight
|-damage|p1a: Corviknight|0 fnt
|faint|p1a: Corviknight
|
|upkeep
|
|t:|1743921438
|switch|p1a: Rotom|Rotom-Wash|100/100
|-damage|p1a: Rotom|88/100|[from] Stealth Rock
|turn|16
|
|t:|1743921477
|move|p2a: Dragonite|Extreme Speed|p1a: Rotom
|-damage|p1a: Rotom|7/100
|move|p1a: Rotom|Hydro Pump|p2a: Dragonite
|-damage|p2a: Dragonite|0 fnt
|faint|p2a: Dragonite
|
|-heal|p1a: Rotom|13/100|[from] item: Leftovers
|upkeep
|
|t:|1743921490
|switch|p2a: Zapdos|Zapdos|100/100
|turn|17
|
|t:|1743921496
|move|p2a: Zapdos|Volt Switch|p1a: Rotom
|-damage|p1a: Rotom|0 fnt
|faint|p1a: Rotom
|
|t:|1743921510
|switch|p2a: Landorus|Landorus-Therian, M|20/100|[from] Volt Switch
|-damage|p2a: Landorus|8/100|[from] Stealth Rock
|
|upkeep
|
|t:|1743921515
|switch|p1a: Tornadus|Tornadus, M|100/100
|turn|18
|
|t:|1743921519
|move|p1a: Tornadus|Bleakwind Storm|p2a: Landorus|[miss]
|-miss|p1a: Tornadus|p2a: Landorus
|move|p2a: Landorus|Stone Edge|p1a: Tornadus
|-supereffective|p1a: Tornadus
|-crit|p1a: Tornadus
|-damage|p1a: Tornadus|0 fnt
|faint|p1a: Tornadus
|
|upkeep
|
|t:|1743921528
|switch|p1a: Blissey|Blissey, F|22/100
|turn|19
|
|t:|1743921539
|switch|p1a: Araquanid|Araquanid, F|63/100
|-damage|p1a: Araquanid|39/100|[from] Stealth Rock
|move|p2a: Landorus|Earthquake|p1a: Araquanid
|-resisted|p1a: Araquanid
|-damage|p1a: Araquanid|14/100
|
|upkeep
|turn|20
|
|t:|1743921550
|switch|p2a: Zapdos|Zapdos|100/100
|move|p1a: Araquanid|Reflect|p1a: Araquanid
|-sidestart|p1: 010p1p1pqowmsnbdu|Reflect
|
|upkeep
|turn|21
|
|t:|1743921558
|move|p2a: Zapdos|Discharge|p1a: Araquanid
|-supereffective|p1a: Araquanid
|-damage|p1a: Araquanid|0 fnt
|faint|p1a: Araquanid
|
|upkeep
|
|t:|1743921561
|switch|p1a: Blissey|Blissey, F|22/100
|turn|22
|
|t:|1743921567
|move|p2a: Zapdos|Volt Switch|p1a: Blissey
|-damage|p1a: Blissey|11/100
|
|t:|1743921570
|switch|p2a: Incineroar|Incineroar, F|100/100|[from] Volt Switch
|-activate|p2a: Incineroar|move: Sticky Web
|-unboost|p2a: Incineroar|spe|1
|-damage|p2a: Incineroar|76/100|[from] Stealth Rock
|-ability|p2a: Incineroar|Intimidate|boost
|-unboost|p1a: Blissey|atk|1
|move|p1a: Blissey|Soft-Boiled|p1a: Blissey
|-heal|p1a: Blissey|61/100
|
|upkeep
|turn|23
|
|t:|1743921582
|move|p1a: Blissey|Soft-Boiled|p1a: Blissey
|-heal|p1a: Blissey|100/100
|move|p2a: Incineroar|Cross Chop|p1a: Blissey
|-supereffective|p1a: Blissey
|-damage|p1a: Blissey|67/100
|-damage|p2a: Incineroar|66/100|[from] item: Life Orb
|
|upkeep
|turn|24
|
|t:|1743921590
|move|p1a: Blissey|Seismic Toss|p2a: Incineroar
|-damage|p2a: Incineroar|36/100
|move|p2a: Incineroar|Cross Chop|p1a: Blissey|[miss]
|-miss|p2a: Incineroar|p1a: Blissey
|
|-sideend|p1: 010p1p1pqowmsnbdu|Reflect
|upkeep
|turn|25
|
|t:|1743921598
|move|p1a: Blissey|Seismic Toss|p2a: Incineroar
|-damage|p2a: Incineroar|5/100
|move|p2a: Incineroar|Cross Chop|p1a: Blissey
|-supereffective|p1a: Blissey
|-damage|p1a: Blissey|0 fnt
|faint|p1a: Blissey
|-damage|p2a: Incineroar|0 fnt|[from] item: Life Orb
|faint|p2a: Incineroar
|
|win|AZZBoi
|raw|010p1p1pqowmsnbdu's rating: 1018 &rarr; <strong>1007</strong><br />(-11 for losing)
|raw|AZZBoi's rating: 1051 &rarr; <strong>1080</strong><br />(+29 for winning)
|l|☆010p1p1pqowmsnbdu
|player|p1|
|l|☆AZZBoi
|player|p2|
