|j|☆nicolasgimenez
|j|☆tonerbonee
|t:|1743919867
|gametype|singles
|player|p1|nicolasgimenez|giovanni|1053
|player|p2|tonerbonee|265|1050
|teamsize|p1|6
|teamsize|p2|6
|gen|9
|tier|[Gen 9] OU
|rated|
|rule|HP Percentage Mod: HP is shown in percentages
|rule|Endless Battle Clause: Forcing endless battles is banned
|rule|Species Clause: Limit one of each Pokémon
|rule|OHKO Clause: OHKO moves are banned
|rule|Evasion Items Clause: Evasion items are banned
|rule|Evasion Moves Clause: Evasion moves are banned
|rule|Sleep Moves Clause: Sleep-inducing moves are banned
|clearpoke
|poke|p1|Goodra-Hisui, F|
|poke|p1|Moltres|
|poke|p1|Salazzle, F|
|poke|p1|Glaceon, M|
|poke|p1|Flygon, M|
|poke|p1|Decidueye, M|
|poke|p2|Polteageist|
|poke|p2|Metagross|
|poke|p2|Indeedee-F, F|
|poke|p2|Hydrapple, M|
|poke|p2|Rotom-Wash|
|poke|p2|Great Tusk|
|teampreview
|inactive|Battle timer is ON: inactive players will automatically lose when time's up. (requested by tonerbonee)
|
|t:|1743919884
|start
|switch|p1a: Salazzle|Salazzle, F|100/100
|switch|p2a: Metagross|Metagross|100/100
|turn|1
|
|t:|1743919891
|-terastallize|p2a: Metagross|Water
|move|p1a: Salazzle|Toxic|p2a: Metagross
|-status|p2a: Metagross|tox
|move|p2a: Metagross|Stealth Rock|p1a: Salazzle
|-sidestart|p1: nicolasgimenez|move: Stealth Rock
|
|-damage|p2a: Metagross|94/100 tox|[from] psn
|upkeep
|turn|2
|
|t:|1743919904
|switch|p1a: Decidueye|Decidueye, M|100/100
|-damage|p1a: Decidueye|88/100|[from] Stealth Rock
|move|p2a: Metagross|Psychic Fangs|p1a: Decidueye
|-damage|p1a: Decidueye|27/100
|
|-heal|p1a: Decidueye|33/100|[from] item: Leftovers
|-heal|p2a: Metagross|100/100 tox|[from] item: Leftovers
|-damage|p2a: Metagross|88/100 tox|[from] psn
|upkeep
|turn|3
|
|t:|1743919917
|move|p1a: Decidueye|Defog|p2a: Metagross
|-fail|p2a: Metagross|unboost|[from] ability: Clear Body|[of] p2a: Metagross
|-sideend|p1: nicolasgimenez|Stealth Rock|[from] move: Defog|[of] p1a: Decidueye
|move|p2a: Metagross|Knock Off|p1a: Decidueye
|-supereffective|p1a: Decidueye
|-damage|p1a: Decidueye|0 fnt
|-enditem|p1a: Decidueye|Leftovers|[from] move: Knock Off|[of] p2a: Metagross
|faint|p1a: Decidueye
|
|-heal|p2a: Metagross|94/100 tox|[from] item: Leftovers
|-damage|p2a: Metagross|76/100 tox|[from] psn
|upkeep
|
|t:|1743919932
|switch|p1a: Flygon|Flygon, M|100/100
|turn|4
|
|t:|1743919936
|move|p1a: Flygon|Dragon Dance|p1a: Flygon
|-boost|p1a: Flygon|atk|1
|-boost|p1a: Flygon|spe|1
|move|p2a: Metagross|Stealth Rock|p1a: Flygon
|-sidestart|p1: nicolasgimenez|move: Stealth Rock
|
|-heal|p2a: Metagross|82/100 tox|[from] item: Leftovers
|-damage|p2a: Metagross|58/100 tox|[from] psn
|upkeep
|turn|5
|
|t:|1743919946
|move|p1a: Flygon|Dragon Dance|p1a: Flygon
|-boost|p1a: Flygon|atk|1
|-boost|p1a: Flygon|spe|1
|move|p2a: Metagross|Heavy Slam|p1a: Flygon
|-damage|p1a: Flygon|0 fnt
|faint|p1a: Flygon
|
|-heal|p2a: Metagross|64/100 tox|[from] item: Leftovers
|-damage|p2a: Metagross|34/100 tox|[from] psn
|upkeep
|-message|nicolasgimenez forfeited.
|
|win|tonerbonee
|raw|nicolasgimenez's rating: 1053 &rarr; <strong>1035</strong><br />(-18 for losing)
|raw|tonerbonee's rating: 1050 &rarr; <strong>1083</strong><br />(+33 for winning)
|l|☆nicolasgimenez
|player|p1|
|l|☆tonerbonee
|player|p2|
