|j|☆p3rb
|j|☆Jerry Guapo
|t:|1743934168
|gametype|singles
|player|p1|p3rb|102|1287
|player|p2|Jerry Guapo|170|1261
|teamsize|p1|6
|teamsize|p2|6
|gen|9
|tier|[Gen 9] OU
|rated|
|rule|HP Percentage Mod: HP is shown in percentages
|rule|Endless Battle Clause: Forcing endless battles is banned
|rule|Species Clause: Limit one of each Pokémon
|rule|OHKO Clause: OHKO moves are banned
|rule|Evasion Items Clause: Evasion items are banned
|rule|Evasion Moves Clause: Evasion moves are banned
|rule|Sleep Moves Clause: Sleep-inducing moves are banned
|clearpoke
|poke|p1|Ting-Lu|
|poke|p1|Skarmory, M|
|poke|p1|Great Tusk|
|poke|p1|Greninja-*, M|
|poke|p1|Kingambit, F|
|poke|p1|Sinistcha|
|poke|p2|Moltres|
|poke|p2|Clefable, F|
|poke|p2|Gliscor, F|
|poke|p2|Darkrai|
|poke|p2|Dragapult, M|
|poke|p2|Kingambit, F|
|teampreview
|
|t:|1743934188
|start
|switch|p1a: Ting-Lu|Ting-Lu|100/100
|switch|p2a: Clefable|Clefable, F|100/100
|-ability|p1a: Ting-Lu|Vessel of Ruin
|turn|1
|
|t:|1743934197
|move|p2a: Clefable|Stealth Rock|p1a: Ting-Lu
|-sidestart|p1: p3rb|move: Stealth Rock
|move|p1a: Ting-Lu|Whirlwind|p2a: Clefable
|drag|p2a: Moltres|Moltres|100/100
|
|upkeep
|turn|2
|
|t:|1743934206
|move|p1a: Ting-Lu|Spikes|p2a: Moltres
|-sidestart|p2: Jerry Guapo|Spikes
|move|p2a: Moltres|Roar|p1a: Ting-Lu
|drag|p1a: Skarmory|Skarmory, M|100/100
|-damage|p1a: Skarmory|88/100|[from] Stealth Rock
|
|upkeep
|turn|3
|
|t:|1743934218
|switch|p1a: Ting-Lu|Ting-Lu|100/100
|-damage|p1a: Ting-Lu|94/100|[from] Stealth Rock
|-ability|p1a: Ting-Lu|Vessel of Ruin
|move|p2a: Moltres|Flamethrower|p1a: Ting-Lu
|-damage|p1a: Ting-Lu|77/100
|
|-heal|p1a: Ting-Lu|83/100|[from] item: Leftovers
|upkeep
|turn|4
|
|t:|1743934222
|move|p2a: Moltres|U-turn|p1a: Ting-Lu
|-supereffective|p1a: Ting-Lu
|-damage|p1a: Ting-Lu|70/100
|
|t:|1743934226
|switch|p2a: Gliscor|Gliscor, F|100/100|[from] U-turn
|move|p1a: Ting-Lu|Ruination|p2a: Gliscor
|-damage|p2a: Gliscor|50/100
|
|-heal|p1a: Ting-Lu|76/100|[from] item: Leftovers
|-status|p2a: Gliscor|tox|[from] item: Toxic Orb
|upkeep
|turn|5
|
|t:|1743934233
|switch|p1a: Great Tusk|Great Tusk|100/100
|move|p2a: Gliscor|Spikes|p1a: Great Tusk
|-sidestart|p1: p3rb|Spikes
|
|-heal|p2a: Gliscor|63/100 tox|[from] ability: Poison Heal
|upkeep
|turn|6
|
|t:|1743934247
|switch|p2a: Clefable|Clefable, F|100/100
|move|p1a: Great Tusk|Ice Spinner|p2a: Clefable
|-damage|p2a: Clefable|81/100
|
|-heal|p2a: Clefable|87/100|[from] item: Leftovers
|upkeep
|turn|7
|
|t:|1743934255
|-end|p1a: Great Tusk|Protosynthesis|[silent]
|switch|p1a: Skarmory|Skarmory, M|88/100
|-damage|p1a: Skarmory|76/100|[from] Stealth Rock
|move|p2a: Clefable|Moonblast|p1a: Skarmory
|-resisted|p1a: Skarmory
|-damage|p1a: Skarmory|53/100
|-unboost|p1a: Skarmory|spa|1
|
|-heal|p2a: Clefable|93/100|[from] item: Leftovers
|upkeep
|turn|8
|
|t:|1743934262
|switch|p2a: Moltres|Moltres|100/100
|move|p1a: Skarmory|Roost|p1a: Skarmory
|-heal|p1a: Skarmory|100/100
|-singleturn|p1a: Skarmory|move: Roost
|
|upkeep
|turn|9
|
|t:|1743934271
|move|p2a: Moltres|Flamethrower|p1a: Skarmory
|-supereffective|p1a: Skarmory
|-damage|p1a: Skarmory|6/100
|move|p1a: Skarmory|Roar|p2a: Moltres
|drag|p2a: Kingambit|Kingambit, F|100/100
|-damage|p2a: Kingambit|88/100|[from] Spikes
|
|-heal|p2a: Kingambit|94/100|[from] item: Leftovers
|upkeep
|turn|10
|
|t:|1743934285
|-end|p2a: Kingambit|fallenundefined|[silent]
|switch|p2a: Dragapult|Dragapult, M|100/100
|move|p1a: Skarmory|Stealth Rock|p2a: Dragapult
|-sidestart|p2: Jerry Guapo|move: Stealth Rock
|
|upkeep
|turn|11
|
|t:|1743934297
|move|p2a: Dragapult|Dragon Darts|p1a: Skarmory
|-resisted|p1a: Skarmory
|-damage|p1a: Skarmory|0 fnt
|faint|p1a: Skarmory
|
|upkeep
|
|t:|1743934302
|switch|p1a: Ting-Lu|Ting-Lu|76/100
|-damage|p1a: Ting-Lu|70/100|[from] Stealth Rock
|-damage|p1a: Ting-Lu|57/100|[from] Spikes
|-ability|p1a: Ting-Lu|Vessel of Ruin
|turn|12
|
|t:|1743934316
|move|p2a: Dragapult|U-turn|p1a: Ting-Lu
|-supereffective|p1a: Ting-Lu
|-damage|p1a: Ting-Lu|40/100
|
|t:|1743934319
|switch|p2a: Gliscor|Gliscor, F|63/100 tox|[from] U-turn
|-damage|p2a: Gliscor|50/100 tox|[from] Stealth Rock
|move|p1a: Ting-Lu|Ruination|p2a: Gliscor
|-damage|p2a: Gliscor|25/100 tox
|
|-heal|p1a: Ting-Lu|46/100|[from] item: Leftovers
|-heal|p2a: Gliscor|38/100 tox|[from] ability: Poison Heal
|upkeep
|turn|13
|
|t:|1743934329
|switch|p1a: Great Tusk|Great Tusk|100/100
|move|p2a: Gliscor|Knock Off|p1a: Great Tusk
|-resisted|p1a: Great Tusk
|-damage|p1a: Great Tusk|93/100
|-enditem|p1a: Great Tusk|Heavy-Duty Boots|[from] move: Knock Off|[of] p2a: Gliscor
|
|-heal|p2a: Gliscor|50/100 tox|[from] ability: Poison Heal
|upkeep
|turn|14
|
|t:|1743934332
|move|p2a: Gliscor|Protect|p2a: Gliscor
|-singleturn|p2a: Gliscor|Protect
|move|p1a: Great Tusk|Rapid Spin|p2a: Gliscor
|-activate|p2a: Gliscor|move: Protect
|
|-heal|p2a: Gliscor|63/100 tox|[from] ability: Poison Heal
|upkeep
|turn|15
|
|t:|1743934337
|switch|p2a: Moltres|Moltres|100/100
|move|p1a: Great Tusk|Rapid Spin|p2a: Moltres
|-damage|p2a: Moltres|85/100
|-boost|p1a: Great Tusk|spe|1
|-sideend|p1: p3rb|Spikes|[from] move: Rapid Spin|[of] p1a: Great Tusk
|-sideend|p1: p3rb|Stealth Rock|[from] move: Rapid Spin|[of] p1a: Great Tusk
|
|upkeep
|turn|16
|
|t:|1743934349
|move|p1a: Great Tusk|Knock Off|p2a: Moltres
|-damage|p2a: Moltres|54/100
|-enditem|p2a: Moltres|Heavy-Duty Boots|[from] move: Knock Off|[of] p1a: Great Tusk
|move|p2a: Moltres|U-turn|p1a: Great Tusk
|-resisted|p1a: Great Tusk
|-damage|p1a: Great Tusk|88/100
|
|t:|1743934355
|switch|p2a: Clefable|Clefable, F|93/100|[from] U-turn
|
|-heal|p2a: Clefable|99/100|[from] item: Leftovers
|upkeep
|turn|17
|
|t:|1743934371
|-end|p1a: Great Tusk|Protosynthesis|[silent]
|switch|p1a: Ting-Lu|Ting-Lu|46/100
|-ability|p1a: Ting-Lu|Vessel of Ruin
|move|p2a: Clefable|Moonblast|p1a: Ting-Lu
|-supereffective|p1a: Ting-Lu
|-damage|p1a: Ting-Lu|13/100
|
|-heal|p2a: Clefable|100/100|[from] item: Leftovers
|-heal|p1a: Ting-Lu|20/100|[from] item: Leftovers
|upkeep
|turn|18
|
|t:|1743934377
|move|p2a: Clefable|Moonblast|p1a: Ting-Lu
|-supereffective|p1a: Ting-Lu
|-damage|p1a: Ting-Lu|0 fnt
|faint|p1a: Ting-Lu
|
|upkeep
|
|t:|1743934380
|switch|p1a: Greninja|Greninja, M|100/100
|turn|19
|
|t:|1743934396
|move|p1a: Greninja|Sludge Wave|p2a: Clefable
|-start|p1a: Greninja|typechange|Poison|[from] ability: Protean
|-supereffective|p2a: Clefable
|-damage|p2a: Clefable|0 fnt
|faint|p2a: Clefable
|
|upkeep
|
|t:|1743934425
|switch|p2a: Dragapult|Dragapult, M|100/100
|turn|20
|
|t:|1743934440
|switch|p1a: Sinistcha|Sinistcha|100/100
|move|p2a: Dragapult|Will-O-Wisp|p1a: Sinistcha
|-status|p1a: Sinistcha|brn
|
|-damage|p1a: Sinistcha|98/100 brn|[from] brn
|upkeep
|turn|21
|
|t:|1743934450
|-terastallize|p1a: Sinistcha|Steel
|move|p2a: Dragapult|Hex|p1a: Sinistcha
|-damage|p1a: Sinistcha|36/100 brn
|move|p1a: Sinistcha|Calm Mind|p1a: Sinistcha
|-boost|p1a: Sinistcha|spa|1
|-boost|p1a: Sinistcha|spd|1
|
|-damage|p1a: Sinistcha|33/100 brn|[from] brn
|upkeep
|turn|22
|
|t:|1743934456
|move|p2a: Dragapult|Hex|p1a: Sinistcha
|-damage|p1a: Sinistcha|0 fnt
|faint|p1a: Sinistcha
|
|upkeep
|
|t:|1743934461
|switch|p1a: Kingambit|Kingambit, F|100/100
|-activate|p1a: Kingambit|ability: Supreme Overlord
|-start|p1a: Kingambit|fallen3|[silent]
|turn|23
|
|t:|1743934474
|move|p2a: Dragapult|Will-O-Wisp|p1a: Kingambit
|-status|p1a: Kingambit|brn
|move|p1a: Kingambit|Kowtow Cleave|p2a: Dragapult
|-supereffective|p2a: Dragapult
|-crit|p2a: Dragapult
|-damage|p2a: Dragapult|0 fnt
|faint|p2a: Dragapult
|
|-damage|p1a: Kingambit|94/100 brn|[from] brn
|upkeep
|
|t:|1743934511
|switch|p2a: Kingambit|Kingambit, F|94/100
|-damage|p2a: Kingambit|82/100|[from] Spikes
|-damage|p2a: Kingambit|76/100|[from] Stealth Rock
|-activate|p2a: Kingambit|ability: Supreme Overlord
|-start|p2a: Kingambit|fallen2|[silent]
|turn|24
|
|t:|1743934518
|move|p2a: Kingambit|Kowtow Cleave|p1a: Kingambit
|-resisted|p1a: Kingambit
|-damage|p1a: Kingambit|70/100 brn
|move|p1a: Kingambit|Low Kick|p2a: Kingambit
|-supereffective|p2a: Kingambit
|-damage|p2a: Kingambit|0 fnt
|faint|p2a: Kingambit
|-end|p2a: Kingambit|fallen2|[silent]
|
|-heal|p1a: Kingambit|76/100 brn|[from] item: Leftovers
|-damage|p1a: Kingambit|70/100 brn|[from] brn
|upkeep
|
|t:|1743934527
|switch|p2a: Darkrai|Darkrai|100/100
|turn|25
|
|t:|1743934539
|switch|p2a: Gliscor|Gliscor, F|63/100 tox
|-damage|p2a: Gliscor|50/100 tox|[from] Stealth Rock
|move|p1a: Kingambit|Low Kick|p2a: Gliscor
|-resisted|p2a: Gliscor
|-damage|p2a: Gliscor|45/100 tox
|
|-heal|p1a: Kingambit|76/100 brn|[from] item: Leftovers
|-heal|p2a: Gliscor|58/100 tox|[from] ability: Poison Heal
|-damage|p1a: Kingambit|70/100 brn|[from] brn
|upkeep
|turn|26
|
|t:|1743934548
|move|p2a: Gliscor|Knock Off|p1a: Kingambit
|-resisted|p1a: Kingambit
|-damage|p1a: Kingambit|63/100 brn
|-enditem|p1a: Kingambit|Leftovers|[from] move: Knock Off|[of] p2a: Gliscor
|move|p1a: Kingambit|Kowtow Cleave|p2a: Gliscor
|-damage|p2a: Gliscor|34/100 tox
|
|-heal|p2a: Gliscor|47/100 tox|[from] ability: Poison Heal
|-damage|p1a: Kingambit|57/100 brn|[from] brn
|upkeep
|turn|27
|
|t:|1743934560
|move|p2a: Gliscor|Spikes|p1a: Kingambit
|-sidestart|p1: p3rb|Spikes
|move|p1a: Kingambit|Swords Dance|p1a: Kingambit
|-boost|p1a: Kingambit|atk|2
|
|-heal|p2a: Gliscor|59/100 tox|[from] ability: Poison Heal
|-damage|p1a: Kingambit|51/100 brn|[from] brn
|upkeep
|turn|28
|
|t:|1743934565
|move|p2a: Gliscor|Spikes|p1a: Kingambit
|-sidestart|p1: p3rb|Spikes
|move|p1a: Kingambit|Swords Dance|p1a: Kingambit
|-boost|p1a: Kingambit|atk|2
|
|-heal|p2a: Gliscor|72/100 tox|[from] ability: Poison Heal
|-damage|p1a: Kingambit|45/100 brn|[from] brn
|upkeep
|turn|29
|
|t:|1743934574
|move|p2a: Gliscor|Knock Off|p1a: Kingambit
|-resisted|p1a: Kingambit
|-damage|p1a: Kingambit|40/100 brn
|move|p1a: Kingambit|Kowtow Cleave|p2a: Gliscor
|-damage|p2a: Gliscor|1/100 tox
|
|-heal|p2a: Gliscor|14/100 tox|[from] ability: Poison Heal
|-damage|p1a: Kingambit|33/100 brn|[from] brn
|upkeep
|turn|30
|
|t:|1743934585
|move|p2a: Gliscor|Protect|p2a: Gliscor
|-singleturn|p2a: Gliscor|Protect
|move|p1a: Kingambit|Swords Dance|p1a: Kingambit
|-boost|p1a: Kingambit|atk|2
|
|-heal|p2a: Gliscor|26/100 tox|[from] ability: Poison Heal
|-damage|p1a: Kingambit|27/100 brn|[from] brn
|upkeep
|turn|31
|
|t:|1743934589
|move|p2a: Gliscor|Protect||[still]
|-fail|p2a: Gliscor
|move|p1a: Kingambit|Kowtow Cleave|p2a: Gliscor
|-damage|p2a: Gliscor|0 fnt
|faint|p2a: Gliscor
|
|-damage|p1a: Kingambit|21/100 brn|[from] brn
|upkeep
|
|t:|1743934594
|switch|p2a: Moltres|Moltres|54/100
|-damage|p2a: Moltres|4/100|[from] Stealth Rock
|turn|32
|
|t:|1743934604
|move|p1a: Kingambit|Sucker Punch|p2a: Moltres
|-damage|p2a: Moltres|0 fnt
|faint|p2a: Moltres
|
|-damage|p1a: Kingambit|15/100 brn|[from] brn
|upkeep
|
|t:|1743934607
|switch|p2a: Darkrai|Darkrai|100/100
|turn|33
|
|t:|1743934613
|move|p1a: Kingambit|Sucker Punch||[still]
|-fail|p1a: Kingambit
|move|p2a: Darkrai|Will-O-Wisp|p1a: Kingambit|[miss]
|-miss|p2a: Darkrai|p1a: Kingambit
|
|-damage|p1a: Kingambit|9/100 brn|[from] brn
|upkeep
|turn|34
|
|t:|1743934619
|move|p2a: Darkrai|Dark Pulse|p1a: Kingambit
|-resisted|p1a: Kingambit
|-damage|p1a: Kingambit|0 fnt
|faint|p1a: Kingambit
|-end|p1a: Kingambit|fallen3|[silent]
|
|upkeep
|
|t:|1743934632
|switch|p1a: Great Tusk|Great Tusk|88/100
|-damage|p1a: Great Tusk|71/100|[from] Spikes
|turn|35
|
|t:|1743934634
|move|p2a: Darkrai|Ice Beam|p1a: Great Tusk
|-supereffective|p1a: Great Tusk
|-damage|p1a: Great Tusk|0 fnt
|faint|p1a: Great Tusk
|-end|p1a: Great Tusk|Protosynthesis|[silent]
|
|upkeep
|
|t:|1743934640
|switch|p1a: Greninja|Greninja, M|100/100
|-damage|p1a: Greninja|84/100|[from] Spikes
|turn|36
|
|t:|1743934651
|-terastallize|p2a: Darkrai|Poison
|move|p2a: Darkrai|Sludge Bomb|p1a: Greninja
|-damage|p1a: Greninja|6/100
|move|p1a: Greninja|Sludge Wave|p2a: Darkrai
|-start|p1a: Greninja|typechange|Poison|[from] ability: Protean
|-resisted|p2a: Darkrai
|-damage|p2a: Darkrai|56/100
|
|upkeep
|turn|37
|
|t:|1743934662
|move|p2a: Darkrai|Sludge Bomb|p1a: Greninja
|-resisted|p1a: Greninja
|-damage|p1a: Greninja|0 fnt
|faint|p1a: Greninja
|
|win|Jerry Guapo
|raw|p3rb's rating: 1287 &rarr; <strong>1260</strong><br />(-27 for losing)
|raw|Jerry Guapo's rating: 1261 &rarr; <strong>1288</strong><br />(+27 for winning)
|l|☆p3rb
|player|p1|
