|j|☆Teradark
|j|☆Gustave_0123
|t:|1743920620
|gametype|singles
|player|p1|Teradark|caitlin|1202
|player|p2|Gustave_0123|lucas|1264
|teamsize|p1|6
|teamsize|p2|6
|gen|9
|tier|[Gen 9] OU
|rated|
|rule|HP Percentage Mod: HP is shown in percentages
|rule|Endless Battle Clause: Forcing endless battles is banned
|rule|Species Clause: Limit one of each Pokémon
|rule|OHKO Clause: OHKO moves are banned
|rule|Evasion Items Clause: Evasion items are banned
|rule|Evasion Moves Clause: Evasion moves are banned
|rule|Sleep Moves Clause: Sleep-inducing moves are banned
|clearpoke
|poke|p1|Blissey, F|
|poke|p1|Clefable, F|
|poke|p1|Gliscor, F|
|poke|p1|Ting-Lu|
|poke|p1|Dondozo, F|
|poke|p1|Amoonguss, F|
|poke|p2|Great Tusk|
|poke|p2|Iron Valiant|
|poke|p2|Dragapult, M|
|poke|p2|Kingambit, M|
|poke|p2|Gholdengo|
|poke|p2|Zamazenta-*|
|teampreview
|
|t:|1743920645
|start
|switch|p1a: Berdly|Gliscor, F|100/100
|switch|p2a: Great Tusk|Great Tusk|100/100
|turn|1
|
|t:|1743920650
|move|p1a: Berdly|Protect|p1a: Berdly
|-singleturn|p1a: Berdly|Protect
|move|p2a: Great Tusk|Ice Spinner|p1a: Berdly
|-activate|p1a: Berdly|move: Protect
|
|-status|p1a: Berdly|tox|[from] item: Toxic Orb
|upkeep
|turn|2
|
|t:|1743920667
|switch|p1a: Lancer|Dondozo, F|100/100
|move|p2a: Great Tusk|Ice Spinner|p1a: Lancer
|-resisted|p1a: Lancer
|-damage|p1a: Lancer|94/100
|
|upkeep
|turn|3
|
|t:|1743920676
|-end|p2a: Great Tusk|Protosynthesis|[silent]
|switch|p2a: Iron Valiant|Iron Valiant|100/100
|-enditem|p2a: Iron Valiant|Booster Energy
|-activate|p2a: Iron Valiant|ability: Quark Drive|[fromitem]
|-start|p2a: Iron Valiant|quarkdrivespe
|move|p1a: Lancer|Waterfall|p2a: Iron Valiant
|-damage|p2a: Iron Valiant|68/100
|
|upkeep
|turn|4
|
|t:|1743920687
|switch|p1a: BurgerPants|Amoonguss, F|100/100
|move|p2a: Iron Valiant|Thunderbolt|p1a: BurgerPants
|-resisted|p1a: BurgerPants
|-damage|p1a: BurgerPants|86/100
|
|upkeep
|turn|5
|
|t:|1743920699
|move|p2a: Iron Valiant|Psyshock|p1a: BurgerPants
|-supereffective|p1a: BurgerPants
|-damage|p1a: BurgerPants|47/100
|move|p1a: BurgerPants|Toxic|p2a: Iron Valiant
|-status|p2a: Iron Valiant|tox
|
|-damage|p2a: Iron Valiant|62/100 tox|[from] psn
|upkeep
|turn|6
|
|t:|1743920717
|switch|p1a: Asgore|Ting-Lu|100/100
|-ability|p1a: Asgore|Vessel of Ruin
|move|p2a: Iron Valiant|Psyshock|p1a: Asgore
|-immune|p1a: Asgore
|
|-damage|p2a: Iron Valiant|49/100 tox|[from] psn
|upkeep
|turn|7
|
|t:|1743920729
|move|p2a: Iron Valiant|Close Combat|p1a: Asgore
|-supereffective|p1a: Asgore
|-damage|p1a: Asgore|42/100
|-unboost|p2a: Iron Valiant|def|1
|-unboost|p2a: Iron Valiant|spd|1
|move|p1a: Asgore|Earthquake|p2a: Iron Valiant
|-damage|p2a: Iron Valiant|0 fnt
|faint|p2a: Iron Valiant
|-end|p2a: Iron Valiant|Quark Drive|[silent]
|
|upkeep
|
|t:|1743920752
|switch|p2a: Dragapult|Dragapult, M|100/100
|turn|8
|
|t:|1743920760
|move|p1a: Asgore|Protect|p1a: Asgore
|-singleturn|p1a: Asgore|Protect
|move|p2a: Dragapult|U-turn|p1a: Asgore
|-activate|p1a: Asgore|move: Protect
|
|upkeep
|turn|9
|
|t:|1743920768
|move|p2a: Dragapult|U-turn|p1a: Asgore
|-supereffective|p1a: Asgore
|-crit|p1a: Asgore
|-damage|p1a: Asgore|13/100
|
|t:|1743920781
|switch|p2a: Zamazenta|Zamazenta|100/100|[from] U-turn
|-ability|p2a: Zamazenta|Dauntless Shield|boost
|-boost|p2a: Zamazenta|def|1
|move|p1a: Asgore|Rest|p1a: Asgore
|-status|p1a: Asgore|slp|[from] move: Rest
|-heal|p1a: Asgore|100/100 slp|[silent]
|
|upkeep
|turn|10
|
|t:|1743920793
|switch|p1a: Lancer|Dondozo, F|94/100
|move|p2a: Zamazenta|Close Combat|p1a: Lancer
|-damage|p1a: Lancer|58/100
|-unboost|p2a: Zamazenta|def|1
|-unboost|p2a: Zamazenta|spd|1
|
|upkeep
|turn|11
|
|t:|1743920806
|switch|p2a: Dragapult|Dragapult, M|100/100
|move|p1a: Lancer|Curse|p1a: Lancer
|-unboost|p1a: Lancer|spe|1
|-boost|p1a: Lancer|atk|1
|-boost|p1a: Lancer|def|1
|
|upkeep
|turn|12
|
|t:|1743920823
|switch|p1a: Mettaton|Clefable, F|100/100
|move|p2a: Dragapult|Draco Meteor|p1a: Mettaton
|-immune|p1a: Mettaton
|
|upkeep
|turn|13
|
|t:|1743920837
|switch|p2a: Gholdengo|Gholdengo|100/100
|-item|p2a: Gholdengo|Air Balloon
|move|p1a: Mettaton|Knock Off|p2a: Gholdengo
|-supereffective|p2a: Gholdengo
|-damage|p2a: Gholdengo|67/100
|-enditem|p2a: Gholdengo|Air Balloon
|
|upkeep
|turn|14
|
|t:|1743920850
|switch|p1a: Temmie|Blissey, F|100/100
|move|p2a: Gholdengo|Make It Rain|p1a: Temmie
|-damage|p1a: Temmie|82/100
|-unboost|p2a: Gholdengo|spa|1
|
|upkeep
|turn|15
|
|t:|1743920868
|switch|p2a: Zamazenta|Zamazenta|100/100
|move|p1a: Temmie|Flamethrower|p2a: Zamazenta
|-damage|p2a: Zamazenta|85/100
|
|upkeep
|turn|16
|
|t:|1743920876
|switch|p1a: Lancer|Dondozo, F|58/100
|move|p2a: Zamazenta|Close Combat|p1a: Lancer
|-damage|p1a: Lancer|18/100
|-unboost|p2a: Zamazenta|def|1
|-unboost|p2a: Zamazenta|spd|1
|
|upkeep
|turn|17
|
|t:|1743920883
|switch|p1a: Mettaton|Clefable, F|100/100
|move|p2a: Zamazenta|Close Combat|p1a: Mettaton
|-resisted|p1a: Mettaton
|-damage|p1a: Mettaton|65/100
|-unboost|p2a: Zamazenta|def|1
|-unboost|p2a: Zamazenta|spd|1
|
|upkeep
|turn|18
|
|t:|1743920893
|switch|p2a: Gholdengo|Gholdengo|67/100
|move|p1a: Mettaton|Wish|p1a: Mettaton
|
|upkeep
|turn|19
|
|t:|1743920901
|switch|p1a: Lancer|Dondozo, F|18/100
|move|p2a: Gholdengo|Make It Rain|p1a: Lancer
|-resisted|p1a: Lancer
|-damage|p1a: Lancer|0 fnt
|-unboost|p2a: Gholdengo|spa|1
|faint|p1a: Lancer
|
|upkeep
|
|t:|1743920913
|switch|p1a: Berdly|Gliscor, F|100/100 tox
|turn|20
|
|t:|1743920923
|switch|p2a: Great Tusk|Great Tusk|100/100
|move|p1a: Berdly|Knock Off|p2a: Great Tusk
|-resisted|p2a: Great Tusk
|-damage|p2a: Great Tusk|93/100
|-enditem|p2a: Great Tusk|Leftovers|[from] move: Knock Off|[of] p1a: Berdly
|
|upkeep
|turn|21
|
|t:|1743920930
|move|p1a: Berdly|Protect|p1a: Berdly
|-singleturn|p1a: Berdly|Protect
|move|p2a: Great Tusk|Ice Spinner|p1a: Berdly
|-activate|p1a: Berdly|move: Protect
|
|upkeep
|turn|22
|
|t:|1743920939
|switch|p1a: Mettaton|Clefable, F|65/100
|move|p2a: Great Tusk|Ice Spinner|p1a: Mettaton
|-damage|p1a: Mettaton|42/100
|
|-damage|p2a: Great Tusk|81/100|[from] item: Sticky Barb
|upkeep
|turn|23
|
|t:|1743920946
|-end|p2a: Great Tusk|Protosynthesis|[silent]
|switch|p2a: Kingambit|Kingambit, M|100/100
|-activate|p2a: Kingambit|ability: Supreme Overlord
|-start|p2a: Kingambit|fallen1|[silent]
|move|p1a: Mettaton|Moonlight|p1a: Mettaton
|-heal|p1a: Mettaton|92/100
|
|upkeep
|turn|24
|
|t:|1743920961
|switch|p1a: Berdly|Gliscor, F|100/100 tox
|move|p2a: Kingambit|Iron Head|p1a: Berdly
|-damage|p1a: Berdly|70/100 tox
|
|-heal|p1a: Berdly|83/100 tox|[from] ability: Poison Heal
|upkeep
|turn|25
|
|t:|1743920973
|-end|p2a: Kingambit|fallen1|[silent]
|switch|p2a: Great Tusk|Great Tusk|81/100
|move|p1a: Berdly|Spikes|p2a: Great Tusk
|-sidestart|p2: Gustave_0123|Spikes
|
|-heal|p1a: Berdly|95/100 tox|[from] ability: Poison Heal
|-damage|p2a: Great Tusk|68/100|[from] item: Sticky Barb
|upkeep
|turn|26
|
|t:|1743920983
|move|p1a: Berdly|Protect|p1a: Berdly
|-singleturn|p1a: Berdly|Protect
|move|p2a: Great Tusk|Ice Spinner|p1a: Berdly
|-activate|p1a: Berdly|move: Protect
|
|-heal|p1a: Berdly|100/100 tox|[from] ability: Poison Heal
|-damage|p2a: Great Tusk|56/100|[from] item: Sticky Barb
|upkeep
|turn|27
|
|t:|1743921001
|switch|p1a: Mettaton|Clefable, F|92/100
|move|p2a: Great Tusk|Rapid Spin|p1a: Mettaton
|-damage|p1a: Mettaton|78/100
|-boost|p2a: Great Tusk|spe|1
|-sideend|p2: Gustave_0123|Spikes|[from] move: Rapid Spin|[of] p2a: Great Tusk
|
|-damage|p2a: Great Tusk|44/100|[from] item: Sticky Barb
|upkeep
|turn|28
|
|t:|1743921017
|-end|p2a: Great Tusk|Protosynthesis|[silent]
|switch|p2a: Kingambit|Kingambit, M|100/100
|-activate|p2a: Kingambit|ability: Supreme Overlord
|-start|p2a: Kingambit|fallen1|[silent]
|switch|p1a: Asgore|Ting-Lu|100/100 slp
|-ability|p1a: Asgore|Vessel of Ruin
|
|upkeep
|turn|29
|
|t:|1743921033
|-end|p2a: Kingambit|fallen1|[silent]
|switch|p2a: Zamazenta|Zamazenta|85/100
|cant|p1a: Asgore|slp
|
|upkeep
|turn|30
|
|t:|1743921055
|-terastallize|p1a: Asgore|Ghost
|cant|p1a: Asgore|slp
|move|p2a: Zamazenta|Ice Fang|p1a: Asgore
|-damage|p1a: Asgore|83/100 slp
|
|upkeep
|turn|31
|
|t:|1743921065
|switch|p2a: Dragapult|Dragapult, M|100/100
|-curestatus|p1a: Asgore|slp|[msg]
|move|p1a: Asgore|Stealth Rock|p2a: Dragapult
|-sidestart|p2: Gustave_0123|move: Stealth Rock
|
|upkeep
|turn|32
|
|t:|1743921085
|switch|p1a: Temmie|Blissey, F|82/100
|move|p2a: Dragapult|Shadow Ball|p1a: Temmie
|-immune|p1a: Temmie
|
|upkeep
|turn|33
|
|t:|1743921102
|switch|p2a: Zamazenta|Zamazenta|85/100
|-damage|p2a: Zamazenta|79/100|[from] Stealth Rock
|move|p1a: Temmie|Flamethrower|p2a: Zamazenta
|-damage|p2a: Zamazenta|65/100
|
|upkeep
|turn|34
|
|t:|1743921118
|switch|p1a: Asgore|Ting-Lu, tera:Ghost|83/100
|-ability|p1a: Asgore|Vessel of Ruin
|move|p2a: Zamazenta|Close Combat|p1a: Asgore
|-immune|p1a: Asgore
|
|upkeep
|turn|35
|
|t:|1743921129
|switch|p2a: Kingambit|Kingambit, M|100/100
|-damage|p2a: Kingambit|94/100|[from] Stealth Rock
|-activate|p2a: Kingambit|ability: Supreme Overlord
|-start|p2a: Kingambit|fallen1|[silent]
|move|p1a: Asgore|Earthquake|p2a: Kingambit
|-supereffective|p2a: Kingambit
|-damage|p2a: Kingambit|36/100
|
|upkeep
|turn|36
|
|t:|1743921146
|switch|p1a: Mettaton|Clefable, F|78/100
|move|p2a: Kingambit|Kowtow Cleave|p1a: Mettaton
|-resisted|p1a: Mettaton
|-damage|p1a: Mettaton|54/100
|
|upkeep
|turn|37
|
|t:|1743921157
|switch|p1a: Berdly|Gliscor, F|100/100 tox
|move|p2a: Kingambit|Iron Head|p1a: Berdly
|-damage|p1a: Berdly|68/100 tox
|
|-heal|p1a: Berdly|81/100 tox|[from] ability: Poison Heal
|upkeep
|turn|38
|
|t:|1743921167
|move|p1a: Berdly|Toxic|p2a: Kingambit
|-immune|p2a: Kingambit
|move|p2a: Kingambit|Swords Dance|p2a: Kingambit
|-boost|p2a: Kingambit|atk|2
|
|-heal|p1a: Berdly|93/100 tox|[from] ability: Poison Heal
|upkeep
|turn|39
|
|t:|1743921192
|move|p1a: Berdly|Knock Off|p2a: Kingambit
|-resisted|p2a: Kingambit
|-damage|p2a: Kingambit|27/100
|-enditem|p2a: Kingambit|Black Glasses|[from] move: Knock Off|[of] p1a: Berdly
|move|p2a: Kingambit|Swords Dance|p2a: Kingambit
|-boost|p2a: Kingambit|atk|2
|
|-heal|p1a: Berdly|100/100 tox|[from] ability: Poison Heal
|upkeep
|turn|40
|
|t:|1743921207
|move|p1a: Berdly|Spikes|p2a: Kingambit
|-sidestart|p2: Gustave_0123|Spikes
|move|p2a: Kingambit|Kowtow Cleave|p1a: Berdly
|-damage|p1a: Berdly|0 fnt
|faint|p1a: Berdly
|
|upkeep
|
|t:|1743921215
|switch|p1a: BurgerPants|Amoonguss, F|80/100
|turn|41
|
|t:|1743921221
|move|p2a: Kingambit|Kowtow Cleave|p1a: BurgerPants
|-damage|p1a: BurgerPants|0 fnt
|faint|p1a: BurgerPants
|
|upkeep
|
|t:|1743921230
|switch|p1a: Mettaton|Clefable, F|54/100
|turn|42
|
|t:|1743921233
|move|p2a: Kingambit|Iron Head|p1a: Mettaton
|-supereffective|p1a: Mettaton
|-damage|p1a: Mettaton|0 fnt
|faint|p1a: Mettaton
|
|upkeep
|
|t:|1743921240
|switch|p1a: Asgore|Ting-Lu, tera:Ghost|83/100
|-ability|p1a: Asgore|Vessel of Ruin
|turn|43
|
|t:|1743921255
|move|p2a: Kingambit|Kowtow Cleave|p1a: Asgore
|-supereffective|p1a: Asgore
|-damage|p1a: Asgore|0 fnt
|faint|p1a: Asgore
|
|upkeep
|-message|Teradark forfeited.
|
|win|Gustave_0123
|raw|Teradark's rating: 1202 &rarr; <strong>1181</strong><br />(-21 for losing)
|raw|Gustave_0123's rating: 1264 &rarr; <strong>1285</strong><br />(+21 for winning)
|l|☆Teradark
|player|p1|
|l|☆Gustave_0123
|player|p2|
