|j|☆Team10thPlanett
|j|☆zooties
|t:|1743920686
|gametype|singles
|player|p1|Team10thPlanett|alder|1506
|player|p2|zooties|cynthia-gen4|1558
|teamsize|p1|6
|teamsize|p2|6
|gen|9
|tier|[Gen 9] OU
|rated|
|rule|HP Percentage Mod: HP is shown in percentages
|rule|Endless Battle Clause: Forcing endless battles is banned
|rule|Species Clause: Limit one of each Pokémon
|rule|OHKO Clause: OHKO moves are banned
|rule|Evasion Items Clause: Evasion items are banned
|rule|Evasion Moves Clause: Evasion moves are banned
|rule|Sleep Moves Clause: Sleep-inducing moves are banned
|clearpoke
|poke|p1|Dragonite, F|
|poke|p1|Zamazenta-*|
|poke|p1|Araquanid, M|
|poke|p1|Zapdos|
|poke|p1|Slowking-Galar, F|
|poke|p1|Ogerpon-Wellspring, F|
|poke|p2|Thundurus, M|
|poke|p2|Slowking-Galar, M|
|poke|p2|Great Tusk|
|poke|p2|Zamazenta-*|
|poke|p2|Kyurem|
|poke|p2|Samurott-Hisui, M|
|teampreview
|inactive|Battle timer is ON: inactive players will automatically lose when time's up. (requested by zooties)
|
|t:|1743920710
|start
|switch|p1a: Ogerpon|Ogerpon-Wellspring, F|100/100
|switch|p2a: Thundurus|Thundurus, M|100/100
|turn|1
|
|t:|1743920724
|move|p2a: Thundurus|Volt Switch|p1a: Ogerpon
|-damage|p1a: Ogerpon|55/100
|
|t:|1743920734
|switch|p2a: Slowking|Slowking-Galar, M|100/100|[from] Volt Switch
|move|p1a: Ogerpon|Ivy Cudgel|p2a: Slowking|[anim] Ivy Cudgel Water
|-damage|p2a: Slowking|29/100
|
|upkeep
|turn|2
|
|t:|1743920743
|switch|p2a: Kyurem|Kyurem|100/100
|-ability|p2a: Kyurem|Pressure
|move|p1a: Ogerpon|Knock Off|p2a: Kyurem
|-damage|p2a: Kyurem|60/100
|-enditem|p2a: Kyurem|Choice Specs|[from] move: Knock Off|[of] p1a: Ogerpon
|
|upkeep
|turn|3
|
|t:|1743920751
|move|p1a: Ogerpon|Play Rough|p2a: Kyurem
|-supereffective|p2a: Kyurem
|-damage|p2a: Kyurem|0 fnt
|faint|p2a: Kyurem
|
|upkeep
|
|t:|1743920755
|switch|p2a: Thundurus|Thundurus, M|100/100
|turn|4
|
|t:|1743920761
|switch|p1a: Slowking|Slowking-Galar, F|100/100
|move|p2a: Thundurus|Thunderbolt|p1a: Slowking
|-damage|p1a: Slowking|80/100
|
|upkeep
|turn|5
|
|t:|1743920770
|move|p2a: Thundurus|Volt Switch|p1a: Slowking
|-damage|p1a: Slowking|62/100
|
|t:|1743920772
|switch|p2a: Samurott|Samurott-Hisui, M|100/100|[from] Volt Switch
|move|p1a: Slowking|Ice Beam|p2a: Samurott
|-resisted|p2a: Samurott
|-damage|p2a: Samurott|88/100
|
|upkeep
|turn|6
|
|t:|1743920783
|switch|p1a: Zapdos|Zapdos|100/100
|move|p2a: Samurott|Ceaseless Edge|p1a: Zapdos
|-damage|p1a: Zapdos|61/100
|-sidestart|p1: Team10thPlanett|Spikes
|
|upkeep
|turn|7
|
|t:|1743920796
|switch|p2a: Slowking|Slowking-Galar, M|63/100
|move|p1a: Zapdos|Thunderbolt|p2a: Slowking
|-damage|p2a: Slowking|41/100
|-status|p2a: Slowking|par
|
|upkeep
|turn|8
|
|t:|1743920809
|move|p1a: Zapdos|Hurricane|p2a: Slowking|[miss]
|-miss|p1a: Zapdos|p2a: Slowking
|-prepare|p2a: Slowking|Chilly Reception|[premajor]
|move|p2a: Slowking|Chilly Reception|p2a: Slowking
|-weather|Snowscape
|
|t:|1743920815
|switch|p2a: Thundurus|Thundurus, M|100/100|[from] Chilly Reception
|
|-weather|Snowscape|[upkeep]
|upkeep
|turn|9
|
|t:|1743920823
|switch|p1a: Slowking|Slowking-Galar, F|95/100
|-damage|p1a: Slowking|83/100|[from] Spikes
|move|p2a: Thundurus|Weather Ball|p1a: Slowking
|-damage|p1a: Slowking|68/100
|
|-weather|Snowscape|[upkeep]
|upkeep
|turn|10
|
|t:|1743920833
|move|p2a: Thundurus|Volt Switch|p1a: Slowking
|-damage|p1a: Slowking|49/100
|
|t:|1743920838
|switch|p2a: Slowking|Slowking-Galar, M|75/100 par|[from] Volt Switch
|move|p1a: Slowking|Sludge Bomb|p2a: Slowking
|-resisted|p2a: Slowking
|-damage|p2a: Slowking|62/100 par
|
|-weather|Snowscape|[upkeep]
|upkeep
|turn|11
|
|t:|1743920848
|move|p1a: Slowking|Psychic|p2a: Slowking
|-crit|p2a: Slowking
|-damage|p2a: Slowking|23/100 par
|move|p2a: Slowking|Future Sight|p1a: Slowking
|-start|p2a: Slowking|move: Future Sight
|
|-weather|Snowscape|[upkeep]
|upkeep
|turn|12
|
|t:|1743920856
|switch|p2a: Samurott|Samurott-Hisui, M|88/100
|move|p1a: Slowking|Psychic|p2a: Samurott
|-immune|p2a: Samurott
|
|-weather|none
|upkeep
|turn|13
|
|t:|1743920864
|switch|p1a: Araquanid|Araquanid, M|100/100
|-damage|p1a: Araquanid|88/100|[from] Spikes
|move|p2a: Samurott|Aqua Cutter|p1a: Araquanid
|-resisted|p1a: Araquanid
|-damage|p1a: Araquanid|62/100
|
|-end|p1a: Araquanid|move: Future Sight
|-damage|p1a: Araquanid|24/100
|upkeep
|turn|14
|-enditem|p1a: Araquanid|Custap Berry|[eat]
|-activate|p1a: Araquanid|item: Custap Berry|[consumed]
|
|t:|1743920880
|move|p2a: Samurott|Sucker Punch|p1a: Araquanid
|-damage|p1a: Araquanid|0 fnt
|faint|p1a: Araquanid
|
|upkeep
|
|t:|1743920893
|switch|p1a: Dragonite|Dragonite, F, shiny|100/100
|turn|15
|
|t:|1743920898
|move|p2a: Samurott|Ceaseless Edge|p1a: Dragonite
|-damage|p1a: Dragonite|80/100
|-sidestart|p1: Team10thPlanett|Spikes
|move|p1a: Dragonite|Outrage|p2a: Samurott
|-damage|p2a: Samurott|0 fnt
|faint|p2a: Samurott
|
|upkeep
|
|t:|1743920906
|switch|p2a: Zamazenta|Zamazenta|100/100
|-ability|p2a: Zamazenta|Dauntless Shield|boost
|-boost|p2a: Zamazenta|def|1
|turn|16
|
|t:|1743920910
|move|p2a: Zamazenta|Stone Edge|p1a: Dragonite
|-supereffective|p1a: Dragonite
|-damage|p1a: Dragonite|2/100
|-damage|p2a: Zamazenta|91/100|[from] item: Life Orb
|move|p1a: Dragonite|Outrage|p2a: Zamazenta|[from] lockedmove
|-damage|p2a: Zamazenta|22/100
|-start|p1a: Dragonite|confusion|[fatigue]
|
|upkeep
|turn|17
|
|t:|1743920922
|switch|p1a: Slowking|Slowking-Galar, F|82/100
|-damage|p1a: Slowking|66/100|[from] Spikes
|move|p2a: Zamazenta|Crunch|p1a: Slowking
|-supereffective|p1a: Slowking
|-damage|p1a: Slowking|0 fnt
|faint|p1a: Slowking
|-damage|p2a: Zamazenta|12/100|[from] item: Life Orb
|
|upkeep
|
|t:|1743920934
|switch|p1a: Dragonite|Dragonite, F, shiny|2/100
|turn|18
|
|t:|1743920941
|switch|p2a: Great Tusk|Great Tusk|100/100
|move|p1a: Dragonite|Extreme Speed|p2a: Great Tusk
|-damage|p2a: Great Tusk|69/100
|
|upkeep
|turn|19
|
|t:|1743920950
|switch|p1a: Zapdos|Zapdos|61/100
|move|p2a: Great Tusk|Rapid Spin|p1a: Zapdos
|-damage|p1a: Zapdos|48/100
|-boost|p2a: Great Tusk|spe|1
|
|upkeep
|turn|20
|
|t:|1743920972
|move|p2a: Great Tusk|Stealth Rock|p1a: Zapdos
|-sidestart|p1: Team10thPlanett|move: Stealth Rock
|move|p1a: Zapdos|Hurricane|p2a: Great Tusk|[miss]
|-miss|p1a: Zapdos|p2a: Great Tusk
|
|upkeep
|turn|21
|
|t:|1743920980
|move|p2a: Great Tusk|Ice Spinner|p1a: Zapdos
|-supereffective|p1a: Zapdos
|-damage|p1a: Zapdos|5/100
|move|p1a: Zapdos|Hurricane|p2a: Great Tusk
|-supereffective|p2a: Great Tusk
|-damage|p2a: Great Tusk|0 fnt
|faint|p2a: Great Tusk
|-end|p2a: Great Tusk|Protosynthesis|[silent]
|
|upkeep
|
|t:|1743920986
|switch|p2a: Thundurus|Thundurus, M|100/100
|turn|22
|
|t:|1743920994
|move|p2a: Thundurus|Thunderbolt|p1a: Zapdos
|-damage|p1a: Zapdos|0 fnt
|faint|p1a: Zapdos
|
|upkeep
|
|t:|1743921015
|switch|p1a: Zamazenta|Zamazenta|100/100
|-damage|p1a: Zamazenta|84/100|[from] Spikes
|-damage|p1a: Zamazenta|78/100|[from] Stealth Rock
|-ability|p1a: Zamazenta|Dauntless Shield|boost
|-boost|p1a: Zamazenta|def|1
|turn|23
|
|t:|1743921022
|move|p2a: Thundurus|Thunder Wave|p1a: Zamazenta
|-status|p1a: Zamazenta|par
|move|p1a: Zamazenta|Stone Edge|p2a: Thundurus
|-supereffective|p2a: Thundurus
|-damage|p2a: Thundurus|0 fnt
|faint|p2a: Thundurus
|
|upkeep
|
|t:|1743921031
|switch|p2a: Slowking|Slowking-Galar, M|56/100 par
|turn|24
|
|t:|1743921044
|switch|p1a: Ogerpon|Ogerpon-Wellspring, F|55/100
|-damage|p1a: Ogerpon|39/100|[from] Spikes
|-damage|p1a: Ogerpon|27/100|[from] Stealth Rock
|-terastallize|p2a: Slowking|Water
|cant|p2a: Slowking|par
|
|upkeep
|turn|25
|
|t:|1743921055
|move|p1a: Ogerpon|Horn Leech|p2a: Slowking
|-supereffective|p2a: Slowking
|-damage|p2a: Slowking|0 fnt
|-heal|p1a: Ogerpon|63/100|[from] drain|[of] p2a: Slowking
|faint|p2a: Slowking
|
|upkeep
|
|t:|1743921057
|switch|p2a: Zamazenta|Zamazenta|12/100
|turn|26
|
|t:|1743921065
|move|p2a: Zamazenta|Close Combat|p1a: Ogerpon
|-damage|p1a: Ogerpon|0 fnt
|-unboost|p2a: Zamazenta|def|1
|-unboost|p2a: Zamazenta|spd|1
|faint|p1a: Ogerpon
|-damage|p2a: Zamazenta|2/100|[from] item: Life Orb
|
|upkeep
|
|t:|1743921074
|switch|p1a: Zamazenta|Zamazenta|78/100 par
|-damage|p1a: Zamazenta|61/100 par|[from] Spikes
|-damage|p1a: Zamazenta|55/100 par|[from] Stealth Rock
|turn|27
|
|t:|1743921083
|move|p2a: Zamazenta|Close Combat|p1a: Zamazenta
|-damage|p1a: Zamazenta|0 fnt
|-unboost|p2a: Zamazenta|def|1
|-unboost|p2a: Zamazenta|spd|1
|faint|p1a: Zamazenta
|-damage|p2a: Zamazenta|0 fnt|[from] item: Life Orb
|faint|p2a: Zamazenta
|
|win|Team10thPlanett
|raw|Team10thPlanett's rating: 1506 &rarr; <strong>1529</strong><br />(+23 for winning)
|raw|zooties's rating: 1558 &rarr; <strong>1535</strong><br />(-23 for losing)
|l|☆zooties
|player|p2|
