|j|☆nobody2712
|j|☆kalen80
|t:|1743931880
|gametype|singles
|player|p1|nobody2712|elesa|1199
|player|p2|kalen80|burglar|1243
|teamsize|p1|6
|teamsize|p2|6
|gen|9
|tier|[Gen 9] OU
|rated|
|rule|HP Percentage Mod: HP is shown in percentages
|rule|Endless Battle Clause: Forcing endless battles is banned
|rule|Species Clause: Limit one of each Pokémon
|rule|OHKO Clause: OHKO moves are banned
|rule|Evasion Items Clause: Evasion items are banned
|rule|Evasion Moves Clause: Evasion moves are banned
|rule|Sleep Moves Clause: Sleep-inducing moves are banned
|clearpoke
|poke|p1|Kingambit, M|
|poke|p1|Great Tusk|
|poke|p1|Dragapult, F|
|poke|p1|Primarina, M|
|poke|p1|Gholdengo|
|poke|p1|Weavile, M|
|poke|p2|Toxtricity, M|
|poke|p2|Armarouge, M|
|poke|p2|Bisharp, F|
|poke|p2|Dudunsparce-*, F|
|poke|p2|Tropius, F|
|poke|p2|Mandibuzz, F|
|teampreview
|inactive|Battle timer is ON: inactive players will automatically lose when time's up. (requested by nobody2712)
|
|t:|1743931891
|start
|switch|p1a: Dragapult|Dragapult, F, shiny|100/100
|switch|p2a: Dudunsparce|Dudunsparce, F|100/100
|turn|1
|
|t:|1743931897
|move|p1a: Dragapult|Dragon Darts|p2a: Dudunsparce
|-damage|p2a: Dudunsparce|77/100
|-anim|p1a: Dragapult|Dragon Darts|p2a: Dudunsparce
|-damage|p2a: Dudunsparce|55/100
|move|p2a: Dudunsparce|Calm Mind|p2a: Dudunsparce
|-boost|p2a: Dudunsparce|spa|1
|-boost|p2a: Dudunsparce|spd|1
|
|upkeep
|turn|2
|
|t:|1743931907
|move|p1a: Dragapult|Dragon Darts|p2a: Dudunsparce
|-damage|p2a: Dudunsparce|35/100
|-anim|p1a: Dragapult|Dragon Darts|p2a: Dudunsparce
|-damage|p2a: Dudunsparce|13/100
|move|p2a: Dudunsparce|Shadow Ball|p1a: Dragapult
|-supereffective|p1a: Dragapult
|-damage|p1a: Dragapult|6/100
|
|upkeep
|turn|3
|
|t:|1743931917
|switch|p2a: Bisharp|Bisharp, F|100/100
|move|p1a: Dragapult|Dragon Darts|p2a: Bisharp
|-resisted|p2a: Bisharp
|-damage|p2a: Bisharp|93/100
|-anim|p1a: Dragapult|Dragon Darts|p2a: Bisharp
|-resisted|p2a: Bisharp
|-damage|p2a: Bisharp|84/100
|
|upkeep
|turn|4
|
|t:|1743931933
|move|p1a: Dragapult|Sucker Punch|p2a: Bisharp
|-resisted|p2a: Bisharp
|-damage|p2a: Bisharp|77/100
|move|p2a: Bisharp|Iron Head|p1a: Dragapult
|-damage|p1a: Dragapult|0 fnt
|faint|p1a: Dragapult
|
|upkeep
|
|t:|1743931941
|switch|p1a: Great Tusk|Great Tusk|100/100
|turn|5
|
|t:|1743931945
|switch|p2a: Mandibuzz|Mandibuzz, F|100/100
|move|p1a: Great Tusk|Earthquake|p2a: Mandibuzz
|-immune|p2a: Mandibuzz
|
|upkeep
|turn|6
|
|t:|1743931949
|move|p1a: Great Tusk|Play Rough|p2a: Mandibuzz
|-supereffective|p2a: Mandibuzz
|-damage|p2a: Mandibuzz|48/100
|move|p2a: Mandibuzz|Toxic|p1a: Great Tusk|[miss]
|-miss|p2a: Mandibuzz|p1a: Great Tusk
|
|upkeep
|turn|7
|
|t:|1743931956
|switch|p2a: Armarouge|Armarouge, M|100/100
|move|p1a: Great Tusk|Play Rough|p2a: Armarouge
|-resisted|p2a: Armarouge
|-damage|p2a: Armarouge|80/100
|-ability|p2a: Armarouge|Weak Armor|boost
|-unboost|p2a: Armarouge|def|1
|-boost|p2a: Armarouge|spe|2
|
|upkeep
|turn|8
|
|t:|1743931959
|move|p2a: Armarouge|Destiny Bond|p2a: Armarouge
|-singlemove|p2a: Armarouge|Destiny Bond
|move|p1a: Great Tusk|Earthquake|p2a: Armarouge
|-supereffective|p2a: Armarouge
|-damage|p2a: Armarouge|0 fnt
|faint|p2a: Armarouge
|-activate|p2a: Armarouge|move: Destiny Bond
|faint|p1a: Great Tusk
|-end|p1a: Great Tusk|Protosynthesis|[silent]
|
|upkeep
|
|t:|1743931967
|switch|p2a: Toxtricity|Toxtricity, M|100/100
|switch|p1a: Gholdengo|Gholdengo|100/100
|turn|9
|
|t:|1743931975
|move|p1a: Gholdengo|Nasty Plot|p1a: Gholdengo
|-boost|p1a: Gholdengo|spa|2
|move|p2a: Toxtricity|Overdrive|p1a: Gholdengo
|-damage|p1a: Gholdengo|32/100
|-enditem|p2a: Toxtricity|Throat Spray
|-boost|p2a: Toxtricity|spa|1|[from] item: Throat Spray
|
|upkeep
|turn|10
|
|t:|1743931986
|switch|p2a: Bisharp|Bisharp, F|77/100
|move|p1a: Gholdengo|Make It Rain|p2a: Bisharp
|-resisted|p2a: Bisharp
|-damage|p2a: Bisharp|37/100
|-unboost|p1a: Gholdengo|spa|1
|
|upkeep
|turn|11
|
|t:|1743932006
|move|p1a: Gholdengo|Make It Rain|p2a: Bisharp
|-resisted|p2a: Bisharp
|-damage|p2a: Bisharp|4/100
|-unboost|p1a: Gholdengo|spa|1
|move|p2a: Bisharp|Night Slash|p1a: Gholdengo
|-supereffective|p1a: Gholdengo
|-damage|p1a: Gholdengo|0 fnt
|faint|p1a: Gholdengo
|
|upkeep
|
|t:|1743932011
|switch|p1a: Weavile|Weavile, M|100/100
|turn|12
|
|t:|1743932015
|move|p1a: Weavile|Ice Shard|p2a: Bisharp
|-resisted|p2a: Bisharp
|-damage|p2a: Bisharp|0 fnt
|faint|p2a: Bisharp
|
|upkeep
|
|t:|1743932020
|switch|p2a: Toxtricity|Toxtricity, M|100/100
|turn|13
|
|t:|1743932027
|move|p1a: Weavile|Icicle Crash|p2a: Toxtricity
|-damage|p2a: Toxtricity|30/100
|move|p2a: Toxtricity|Shift Gear|p2a: Toxtricity
|-boost|p2a: Toxtricity|spe|2
|-boost|p2a: Toxtricity|atk|1
|
|upkeep
|turn|14
|
|t:|1743932034
|move|p1a: Weavile|Ice Shard|p2a: Toxtricity
|-damage|p2a: Toxtricity|0 fnt
|faint|p2a: Toxtricity
|
|upkeep
|
|t:|1743932037
|switch|p2a: Tropius|Tropius, F|100/100
|turn|15
|
|t:|1743932041
|-terastallize|p2a: Tropius|Steel
|move|p1a: Weavile|Ice Shard|p2a: Tropius
|-resisted|p2a: Tropius
|-damage|p2a: Tropius|93/100
|move|p2a: Tropius|Leech Seed|p1a: Weavile
|-start|p1a: Weavile|move: Leech Seed
|
|-damage|p1a: Weavile|88/100|[from] Leech Seed|[of] p2a: Tropius
|-heal|p2a: Tropius|100/100|[silent]
|upkeep
|turn|16
|
|t:|1743932048
|move|p1a: Weavile|Knock Off|p2a: Tropius
|-damage|p2a: Tropius|63/100
|-enditem|p2a: Tropius|Aguav Berry|[from] move: Knock Off|[of] p1a: Weavile
|move|p2a: Tropius|Substitute|p2a: Tropius
|-start|p2a: Tropius|Substitute
|-damage|p2a: Tropius|38/100
|
|-damage|p1a: Weavile|76/100|[from] Leech Seed|[of] p2a: Tropius
|-heal|p2a: Tropius|48/100|[silent]
|upkeep
|turn|17
|
|t:|1743932061
|move|p1a: Weavile|Icicle Crash|p2a: Tropius|[miss]
|-miss|p1a: Weavile|p2a: Tropius
|move|p2a: Tropius|Leech Seed||[still]
|-fail|p2a: Tropius
|
|-damage|p1a: Weavile|63/100|[from] Leech Seed|[of] p2a: Tropius
|-heal|p2a: Tropius|58/100|[silent]
|upkeep
|turn|18
|
|t:|1743932065
|move|p2a: Tropius|Protect|p2a: Tropius
|-singleturn|p2a: Tropius|Protect
|move|p1a: Weavile|Icicle Crash|p2a: Tropius
|-activate|p2a: Tropius|move: Protect
|
|-damage|p1a: Weavile|51/100|[from] Leech Seed|[of] p2a: Tropius
|-heal|p2a: Tropius|68/100|[silent]
|upkeep
|turn|19
|
|t:|1743932072
|move|p1a: Weavile|Icicle Crash|p2a: Tropius
|-resisted|p2a: Tropius
|-activate|p2a: Tropius|move: Substitute|[damage]
|move|p2a: Tropius|Air Slash|p1a: Weavile
|-damage|p1a: Weavile|26/100
|
|-damage|p1a: Weavile|13/100|[from] Leech Seed|[of] p2a: Tropius
|-heal|p2a: Tropius|78/100|[silent]
|upkeep
|turn|20
|
|t:|1743932081
|move|p2a: Tropius|Protect|p2a: Tropius
|-singleturn|p2a: Tropius|Protect
|move|p1a: Weavile|Ice Shard|p2a: Tropius
|-activate|p2a: Tropius|move: Protect
|
|-damage|p1a: Weavile|1/100|[from] Leech Seed|[of] p2a: Tropius
|-heal|p2a: Tropius|88/100|[silent]
|upkeep
|turn|21
|
|t:|1743932083
|move|p1a: Weavile|Ice Shard|p2a: Tropius
|-resisted|p2a: Tropius
|-end|p2a: Tropius|Substitute
|move|p2a: Tropius|Substitute|p2a: Tropius
|-start|p2a: Tropius|Substitute
|-damage|p2a: Tropius|63/100
|
|-damage|p1a: Weavile|0 fnt|[from] Leech Seed|[of] p2a: Tropius
|-heal|p2a: Tropius|63/100|[silent]
|faint|p1a: Weavile
|upkeep
|
|t:|1743932092
|switch|p1a: Primarina|Primarina, M|100/100
|turn|22
|
|t:|1743932097
|move|p1a: Primarina|Alluring Voice|p2a: Tropius
|-damage|p2a: Tropius|26/100
|move|p2a: Tropius|Leech Seed|p1a: Primarina
|-start|p1a: Primarina|move: Leech Seed
|
|-damage|p1a: Primarina|88/100|[from] Leech Seed|[of] p2a: Tropius
|-heal|p2a: Tropius|39/100|[silent]
|upkeep
|turn|23
|
|t:|1743932103
|move|p2a: Tropius|Protect|p2a: Tropius
|-singleturn|p2a: Tropius|Protect
|move|p1a: Primarina|Alluring Voice|p2a: Tropius
|-activate|p2a: Tropius|move: Protect
|
|-heal|p1a: Primarina|94/100|[from] item: Leftovers
|-damage|p1a: Primarina|82/100|[from] Leech Seed|[of] p2a: Tropius
|-heal|p2a: Tropius|51/100|[silent]
|upkeep
|turn|24
|
|t:|1743932110
|move|p1a: Primarina|Alluring Voice|p2a: Tropius
|-damage|p2a: Tropius|12/100
|move|p2a: Tropius|Air Slash|p1a: Primarina
|-damage|p1a: Primarina|64/100
|
|-heal|p1a: Primarina|70/100|[from] item: Leftovers
|-damage|p1a: Primarina|58/100|[from] Leech Seed|[of] p2a: Tropius
|-heal|p2a: Tropius|25/100|[silent]
|upkeep
|turn|25
|
|t:|1743932117
|move|p2a: Tropius|Protect|p2a: Tropius
|-singleturn|p2a: Tropius|Protect
|move|p1a: Primarina|Calm Mind|p1a: Primarina
|-boost|p1a: Primarina|spa|1
|-boost|p1a: Primarina|spd|1
|
|-heal|p1a: Primarina|64/100|[from] item: Leftovers
|-damage|p1a: Primarina|52/100|[from] Leech Seed|[of] p2a: Tropius
|-heal|p2a: Tropius|37/100|[silent]
|upkeep
|turn|26
|
|t:|1743932132
|switch|p2a: Dudunsparce|Dudunsparce, F|13/100
|move|p1a: Primarina|Alluring Voice|p2a: Dudunsparce
|-damage|p2a: Dudunsparce|0 fnt
|faint|p2a: Dudunsparce
|
|-heal|p1a: Primarina|58/100|[from] item: Leftovers
|upkeep
|
|t:|1743932135
|switch|p2a: Tropius|Tropius, F, tera:Steel|37/100
|turn|27
|
|t:|1743932142
|move|p1a: Primarina|Alluring Voice|p2a: Tropius
|-damage|p2a: Tropius|0 fnt
|faint|p2a: Tropius
|
|-heal|p1a: Primarina|64/100|[from] item: Leftovers
|upkeep
|
|t:|1743932145
|switch|p2a: Mandibuzz|Mandibuzz, F|48/100
|turn|28
|c|☆nobody2712|gg
|
|t:|1743932154
|move|p2a: Mandibuzz|Toxic|p1a: Primarina
|-status|p1a: Primarina|tox
|move|p1a: Primarina|Moonblast|p2a: Mandibuzz
|-supereffective|p2a: Mandibuzz
|-damage|p2a: Mandibuzz|0 fnt
|faint|p2a: Mandibuzz
|
|win|nobody2712
|raw|nobody2712's rating: 1199 &rarr; <strong>1227</strong><br />(+28 for winning)
|raw|kalen80's rating: 1243 &rarr; <strong>1215</strong><br />(-28 for losing)
|l|☆kalen80
|player|p2|
|l|☆nobody2712
|player|p1|
