|j|☆nobody2712
|j|☆ez shiny
|t:|1743920449
|gametype|singles
|player|p1|nobody2712|elesa|1169
|player|p2|ez shiny|265|1205
|teamsize|p1|6
|teamsize|p2|6
|gen|9
|tier|[Gen 9] OU
|rated|
|rule|HP Percentage Mod: HP is shown in percentages
|rule|Endless Battle Clause: Forcing endless battles is banned
|rule|Species Clause: Limit one of each Pokémon
|rule|OHKO Clause: OHKO moves are banned
|rule|Evasion Items Clause: Evasion items are banned
|rule|Evasion Moves Clause: Evasion moves are banned
|rule|Sleep Moves Clause: Sleep-inducing moves are banned
|clearpoke
|poke|p1|Kingambit, M|
|poke|p1|Samurott-Hisui, M|
|poke|p1|Great Tusk|
|poke|p1|Dragapult, M|
|poke|p1|Primarina, M|
|poke|p1|Iron Valiant|
|poke|p2|Deoxys-Speed|
|poke|p2|Kingambit, F|
|poke|p2|Iron Valiant|
|poke|p2|Samurott-Hisui, F|
|poke|p2|Iron Moth|
|poke|p2|Ogerpon-Wellspring, F|
|teampreview
|inactive|Battle timer is ON: inactive players will automatically lose when time's up. (requested by nobody2712)
|
|t:|1743920456
|start
|switch|p1a: Samurott|Samurott-Hisui, M, shiny|100/100
|switch|p2a: DNA.|Deoxys-Speed, shiny|100/100
|-ability|p2a: DNA.|Pressure
|turn|1
|
|t:|1743920463
|move|p2a: DNA.|Stealth Rock|p1a: Samurott
|-sidestart|p1: nobody2712|move: Stealth Rock
|move|p1a: Samurott|Ceaseless Edge|p2a: DNA.
|-supereffective|p2a: DNA.
|-enditem|p2a: DNA.|Focus Sash
|-damage|p2a: DNA.|1/100
|-sidestart|p2: ez shiny|Spikes
|
|upkeep
|turn|2
|
|t:|1743920470
|move|p2a: DNA.|Spikes|p1a: Samurott
|-sidestart|p1: nobody2712|Spikes
|move|p1a: Samurott|Ceaseless Edge|p2a: DNA.
|-supereffective|p2a: DNA.
|-damage|p2a: DNA.|0 fnt
|-sidestart|p2: ez shiny|Spikes
|faint|p2a: DNA.
|
|upkeep
|
|t:|1743920478
|switch|p2a: BLOOD.|Samurott-Hisui, F, shiny|100/100
|-damage|p2a: BLOOD.|84/100|[from] Spikes
|turn|3
|
|t:|1743920484
|move|p2a: BLOOD.|Sacred Sword|p1a: Samurott
|-supereffective|p1a: Samurott
|-damage|p1a: Samurott|2/100
|move|p1a: Samurott|Ceaseless Edge|p2a: BLOOD.
|-resisted|p2a: BLOOD.
|-damage|p2a: BLOOD.|55/100
|-sidestart|p2: ez shiny|Spikes
|
|upkeep
|turn|4
|
|t:|1743920490
|move|p2a: BLOOD.|Sacred Sword|p1a: Samurott
|-supereffective|p1a: Samurott
|-damage|p1a: Samurott|0 fnt
|faint|p1a: Samurott
|
|upkeep
|
|t:|1743920503
|switch|p1a: Iron Valiant|Iron Valiant|100/100
|-damage|p1a: Iron Valiant|94/100|[from] Stealth Rock
|-damage|p1a: Iron Valiant|82/100|[from] Spikes
|turn|5
|
|t:|1743920525
|switch|p2a: FEAR.|Iron Moth, shiny|100/100
|-damage|p2a: FEAR.|76/100|[from] Spikes
|-enditem|p2a: FEAR.|Booster Energy
|-activate|p2a: FEAR.|ability: Quark Drive|[fromitem]
|-start|p2a: FEAR.|quarkdrivespa
|move|p1a: Iron Valiant|Swords Dance|p1a: Iron Valiant
|-boost|p1a: Iron Valiant|atk|2
|
|upkeep
|turn|6
|
|t:|1743920541
|move|p1a: Iron Valiant|Shadow Sneak|p2a: FEAR.
|-damage|p2a: FEAR.|27/100
|move|p2a: FEAR.|Sludge Wave|p1a: Iron Valiant
|-supereffective|p1a: Iron Valiant
|-damage|p1a: Iron Valiant|0 fnt
|faint|p1a: Iron Valiant
|-end|p1a: Iron Valiant|Quark Drive|[silent]
|
|upkeep
|
|t:|1743920546
|switch|p1a: Dragapult|Dragapult, M, shiny|100/100
|turn|7
|
|t:|1743920557
|move|p1a: Dragapult|Dragon Darts|p2a: FEAR.
|-damage|p2a: FEAR.|0 fnt
|faint|p2a: FEAR.
|-end|p2a: FEAR.|Quark Drive|[silent]
|
|upkeep
|
|t:|1743920565
|switch|p2a: BLOOD.|Samurott-Hisui, F, shiny|55/100
|-damage|p2a: BLOOD.|30/100|[from] Spikes
|turn|8
|
|t:|1743920581
|move|p1a: Dragapult|Sucker Punch|p2a: BLOOD.
|-resisted|p2a: BLOOD.
|-damage|p2a: BLOOD.|15/100
|move|p2a: BLOOD.|Ceaseless Edge|p1a: Dragapult
|-supereffective|p1a: Dragapult
|-damage|p1a: Dragapult|0 fnt
|-sidestart|p1: nobody2712|Spikes
|faint|p1a: Dragapult
|
|upkeep
|
|t:|1743920589
|switch|p1a: Primarina|Primarina, M|100/100
|-damage|p1a: Primarina|88/100|[from] Stealth Rock
|-damage|p1a: Primarina|72/100|[from] Spikes
|turn|9
|
|t:|1743920593
|move|p2a: BLOOD.|Ceaseless Edge|p1a: Primarina
|-resisted|p1a: Primarina
|-damage|p1a: Primarina|47/100
|-sidestart|p1: nobody2712|Spikes
|move|p1a: Primarina|Draining Kiss|p2a: BLOOD.
|-supereffective|p2a: BLOOD.
|-damage|p2a: BLOOD.|0 fnt
|-heal|p1a: Primarina|56/100|[from] drain|[of] p2a: BLOOD.
|faint|p2a: BLOOD.
|
|-heal|p1a: Primarina|62/100|[from] item: Leftovers
|upkeep
|
|t:|1743920594
|switch|p2a: PRIDE.|Kingambit, F, shiny|100/100
|-damage|p2a: PRIDE.|76/100|[from] Spikes
|-activate|p2a: PRIDE.|ability: Supreme Overlord
|-start|p2a: PRIDE.|fallen3|[silent]
|turn|10
|
|t:|1743920602
|move|p2a: PRIDE.|Iron Head|p1a: Primarina
|-damage|p1a: Primarina|0 fnt
|faint|p1a: Primarina
|
|upkeep
|
|t:|1743920606
|switch|p1a: Great Tusk|Great Tusk|100/100
|-damage|p1a: Great Tusk|98/100|[from] Stealth Rock
|-damage|p1a: Great Tusk|73/100|[from] Spikes
|turn|11
|
|t:|1743920614
|-end|p2a: PRIDE.|fallen3|[silent]
|switch|p2a: ELEMENT.|Iron Valiant, shiny|100/100
|-damage|p2a: ELEMENT.|76/100|[from] Spikes
|-enditem|p2a: ELEMENT.|Booster Energy
|-activate|p2a: ELEMENT.|ability: Quark Drive|[fromitem]
|-start|p2a: ELEMENT.|quarkdrivespe
|move|p1a: Great Tusk|Rapid Spin|p2a: ELEMENT.
|-damage|p2a: ELEMENT.|49/100
|-boost|p1a: Great Tusk|spe|1
|-sideend|p1: nobody2712|Spikes|[from] move: Rapid Spin|[of] p1a: Great Tusk
|-sideend|p1: nobody2712|Stealth Rock|[from] move: Rapid Spin|[of] p1a: Great Tusk
|
|upkeep
|turn|12
|
|t:|1743920632
|move|p2a: ELEMENT.|Moonblast|p1a: Great Tusk
|-supereffective|p1a: Great Tusk
|-damage|p1a: Great Tusk|0 fnt
|faint|p1a: Great Tusk
|-end|p1a: Great Tusk|Protosynthesis|[silent]
|
|upkeep
|
|t:|1743920636
|switch|p1a: Kingambit|Kingambit, M|100/100
|-activate|p1a: Kingambit|ability: Supreme Overlord
|-start|p1a: Kingambit|fallen5|[silent]
|turn|13
|inactive|nobody2712 has 120 seconds left.
|
|t:|1743920693
|-terastallize|p1a: Kingambit|Ghost
|move|p2a: ELEMENT.|Moonblast|p1a: Kingambit
|-crit|p1a: Kingambit
|-damage|p1a: Kingambit|28/100
|-unboost|p1a: Kingambit|spa|1
|move|p1a: Kingambit|Swords Dance|p1a: Kingambit
|-boost|p1a: Kingambit|atk|2
|
|-heal|p1a: Kingambit|35/100|[from] item: Leftovers
|upkeep
|turn|14
|
|t:|1743920701
|move|p1a: Kingambit|Sucker Punch|p2a: ELEMENT.
|-resisted|p2a: ELEMENT.
|-damage|p2a: ELEMENT.|7/100
|move|p2a: ELEMENT.|Shadow Ball|p1a: Kingambit
|-supereffective|p1a: Kingambit
|-damage|p1a: Kingambit|0 fnt
|faint|p1a: Kingambit
|-end|p1a: Kingambit|fallen5|[silent]
|
|win|ez shiny
|raw|nobody2712's rating: 1169 &rarr; <strong>1147</strong><br />(-22 for losing)
|raw|ez shiny's rating: 1205 &rarr; <strong>1227</strong><br />(+22 for winning)
