|j|☆Axelmania316
|j|☆Mayeda
|t:|1743921333
|gametype|singles
|player|p1|Axelmania316|roxie|1086
|player|p2|Mayeda|pokemonbreederf-gen4|1051
|teamsize|p1|6
|teamsize|p2|6
|gen|9
|tier|[Gen 9] OU
|rated|
|rule|HP Percentage Mod: HP is shown in percentages
|rule|Endless Battle Clause: Forcing endless battles is banned
|rule|Species Clause: Limit one of each Pokémon
|rule|OHKO Clause: OHKO moves are banned
|rule|Evasion Items Clause: Evasion items are banned
|rule|Evasion Moves Clause: Evasion moves are banned
|rule|Sleep Moves Clause: Sleep-inducing moves are banned
|clearpoke
|poke|p1|Krookodile, M|
|poke|p1|Rillaboom, F|
|poke|p1|Garganacl, F|
|poke|p1|Iron Valiant|
|poke|p1|Moltres|
|poke|p1|Feraligatr, M|
|poke|p2|Gogoat, M|
|poke|p2|Iron Hands|
|poke|p2|Okidogi, M|
|poke|p2|Kilowattrel, M|
|poke|p2|Brambleghast, M|
|poke|p2|Toxtricity-Low-Key, M|
|teampreview
|
|t:|1743921342
|start
|switch|p1a: Krookodile|Krookodile, M|100/100
|switch|p2a: Zaptrecuno|Kilowattrel, M, shiny|100/100
|-ability|p1a: Krookodile|Intimidate|boost
|-unboost|p2a: Zaptrecuno|atk|1
|turn|1
|
|t:|1743921354
|move|p2a: Zaptrecuno|Hurricane|p1a: Krookodile
|-damage|p1a: Krookodile|35/100
|-start|p1a: Krookodile|confusion
|-activate|p1a: Krookodile|confusion
|move|p1a: Krookodile|Knock Off|p2a: Zaptrecuno
|-damage|p2a: Zaptrecuno|17/100
|-enditem|p2a: Zaptrecuno|Focus Band|[from] move: Knock Off|[of] p1a: Krookodile
|
|-heal|p1a: Krookodile|41/100|[from] item: Leftovers
|upkeep
|turn|2
|
|t:|1743921368
|move|p2a: Zaptrecuno|Hurricane|p1a: Krookodile
|-damage|p1a: Krookodile|0 fnt
|faint|p1a: Krookodile
|
|upkeep
|
|t:|1743921373
|switch|p1a: Garganacl|Garganacl, F|100/100
|turn|3
|
|t:|1743921378
|move|p2a: Zaptrecuno|Endeavor|p1a: Garganacl
|-damage|p1a: Garganacl|12/100
|move|p1a: Garganacl|Salt Cure|p2a: Zaptrecuno
|-supereffective|p2a: Zaptrecuno
|-damage|p2a: Zaptrecuno|0 fnt
|faint|p2a: Zaptrecuno
|
|-heal|p1a: Garganacl|18/100|[from] item: Leftovers
|upkeep
|
|t:|1743921389
|switch|p2a: Brambleghast|Brambleghast, M|100/100
|turn|4
|
|t:|1743921396
|move|p2a: Brambleghast|Poltergeist|p1a: Garganacl
|-activate|p1a: Garganacl|move: Poltergeist|Leftovers
|-damage|p1a: Garganacl|0 fnt
|faint|p1a: Garganacl
|
|upkeep
|
|t:|1743921400
|switch|p1a: Moltres|Moltres|100/100
|turn|5
|
|t:|1743921411
|-terastallize|p2a: Brambleghast|Water
|move|p2a: Brambleghast|Tera Blast|p1a: Moltres|[anim] Tera Blast Water
|-supereffective|p1a: Moltres
|-damage|p1a: Moltres|27/100
|move|p1a: Moltres|Flamethrower|p2a: Brambleghast
|-resisted|p2a: Brambleghast
|-damage|p2a: Brambleghast|65/100
|
|upkeep
|turn|6
|
|t:|1743921419
|switch|p1a: Rillaboom|Rillaboom, F|100/100
|-fieldstart|move: Grassy Terrain|[from] ability: Grassy Surge|[of] p1a: Rillaboom
|move|p2a: Brambleghast|Shadow Sneak|p1a: Rillaboom
|-damage|p1a: Rillaboom|82/100
|
|-heal|p2a: Brambleghast|71/100|[from] Grassy Terrain
|-heal|p1a: Rillaboom|88/100|[from] Grassy Terrain
|upkeep
|turn|7
|
|t:|1743921424
|switch|p2a: Gogoat|Gogoat, M|100/100
|move|p1a: Rillaboom|Fake Out|p2a: Gogoat
|-damage|p2a: Gogoat|86/100
|
|-heal|p1a: Rillaboom|94/100|[from] Grassy Terrain
|-heal|p2a: Gogoat|92/100|[from] Grassy Terrain
|upkeep
|turn|8
|
|t:|1743921429
|move|p1a: Rillaboom|U-turn|p2a: Gogoat
|-supereffective|p2a: Gogoat
|-damage|p2a: Gogoat|46/100
|
|t:|1743921433
|switch|p1a: Moltres|Moltres|27/100|[from] U-turn
|move|p2a: Gogoat|Defense Curl|p2a: Gogoat
|-boost|p2a: Gogoat|def|1
|
|-heal|p2a: Gogoat|52/100|[from] Grassy Terrain
|upkeep
|turn|9
|
|t:|1743921438
|move|p1a: Moltres|Roost|p1a: Moltres
|-heal|p1a: Moltres|77/100
|-singleturn|p1a: Moltres|move: Roost
|move|p2a: Gogoat|Rollout|p1a: Moltres
|-supereffective|p1a: Moltres
|-damage|p1a: Moltres|56/100
|
|-heal|p1a: Moltres|62/100|[from] Grassy Terrain
|-heal|p2a: Gogoat|58/100|[from] Grassy Terrain
|upkeep
|turn|10
|
|t:|1743921444
|move|p1a: Moltres|Flamethrower|p2a: Gogoat
|-supereffective|p2a: Gogoat
|-damage|p2a: Gogoat|1/100
|move|p2a: Gogoat|Rollout|p1a: Moltres|[from] lockedmove
|-supereffective|p1a: Moltres
|-damage|p1a: Moltres|0 fnt
|faint|p1a: Moltres
|
|-heal|p2a: Gogoat|7/100|[from] Grassy Terrain
|-fieldend|move: Grassy Terrain
|upkeep
|
|t:|1743921450
|switch|p1a: Rillaboom|Rillaboom, F|94/100
|-fieldstart|move: Grassy Terrain|[from] ability: Grassy Surge|[of] p1a: Rillaboom
|turn|11
|
|t:|1743921453
|move|p1a: Rillaboom|Fake Out|p2a: Gogoat
|-damage|p2a: Gogoat|0 fnt
|faint|p2a: Gogoat
|
|-heal|p1a: Rillaboom|99/100|[from] Grassy Terrain
|upkeep
|
|t:|1743921463
|switch|p2a: Toxtricity|Toxtricity-Low-Key, M|100/100
|turn|12
|
|t:|1743921466
|move|p1a: Rillaboom|U-turn|p2a: Toxtricity
|-resisted|p2a: Toxtricity
|-damage|p2a: Toxtricity|84/100
|
|t:|1743921469
|switch|p1a: Iron Valiant|Iron Valiant|100/100|[from] U-turn
|move|p2a: Toxtricity|Sludge Bomb|p1a: Iron Valiant
|-supereffective|p1a: Iron Valiant
|-damage|p1a: Iron Valiant|0 fnt
|faint|p1a: Iron Valiant
|-end|p1a: Iron Valiant|Quark Drive|[silent]
|
|-heal|p2a: Toxtricity|90/100|[from] Grassy Terrain
|upkeep
|
|t:|1743921471
|switch|p1a: Feraligatr|Feraligatr, M|100/100
|turn|13
|
|t:|1743921487
|switch|p2a: Brambleghast|Brambleghast, M, tera:Water|71/100
|move|p1a: Feraligatr|Dragon Dance|p1a: Feraligatr
|-boost|p1a: Feraligatr|atk|1
|-boost|p1a: Feraligatr|spe|1
|
|-heal|p2a: Brambleghast|77/100|[from] Grassy Terrain
|upkeep
|turn|14
|
|t:|1743921491
|move|p1a: Feraligatr|Ice Punch|p2a: Brambleghast
|-resisted|p2a: Brambleghast
|-damage|p2a: Brambleghast|20/100
|move|p2a: Brambleghast|Power Whip|p1a: Feraligatr
|-supereffective|p1a: Feraligatr
|-damage|p1a: Feraligatr|0 fnt
|faint|p1a: Feraligatr
|
|-heal|p2a: Brambleghast|25/100|[from] Grassy Terrain
|upkeep
|
|t:|1743921497
|switch|p1a: Rillaboom|Rillaboom, F|99/100
|turn|15
|
|t:|1743921499
|move|p2a: Brambleghast|Shadow Sneak|p1a: Rillaboom
|-damage|p1a: Rillaboom|81/100
|move|p1a: Rillaboom|Grassy Glide|p2a: Brambleghast
|-supereffective|p2a: Brambleghast
|-damage|p2a: Brambleghast|0 fnt
|faint|p2a: Brambleghast
|
|-heal|p1a: Rillaboom|88/100|[from] Grassy Terrain
|-fieldend|move: Grassy Terrain
|upkeep
|
|t:|1743921505
|switch|p2a: Toxtricity|Toxtricity-Low-Key, M|90/100
|turn|16
|
|t:|1743921510
|move|p1a: Rillaboom|Drum Beating|p2a: Toxtricity
|-resisted|p2a: Toxtricity
|-damage|p2a: Toxtricity|62/100
|-unboost|p2a: Toxtricity|spe|1
|move|p2a: Toxtricity|Sludge Bomb|p1a: Rillaboom
|-supereffective|p1a: Rillaboom
|-damage|p1a: Rillaboom|0 fnt
|faint|p1a: Rillaboom
|
|win|Mayeda
|raw|Axelmania316's rating: 1086 &rarr; <strong>1061</strong><br />(-25 for losing)
|raw|Mayeda's rating: 1051 &rarr; <strong>1087</strong><br />(+36 for winning)
|l|☆Axelmania316
|player|p1|
|l|☆Mayeda
|player|p2|
