|j|☆bliggangu
|j|☆pokepunchbattlesv3
|t:|1743926055
|gametype|singles
|player|p1|bliggangu|jogger|1223
|player|p2|pokepunchbattlesv3|winona|1241
|teamsize|p1|6
|teamsize|p2|6
|gen|9
|tier|[Gen 9] OU
|rated|
|rule|HP Percentage Mod: HP is shown in percentages
|rule|Endless Battle Clause: Forcing endless battles is banned
|rule|Species Clause: Limit one of each Pokémon
|rule|OHKO Clause: OHKO moves are banned
|rule|Evasion Items Clause: Evasion items are banned
|rule|Evasion Moves Clause: Evasion moves are banned
|rule|Sleep Moves Clause: Sleep-inducing moves are banned
|clearpoke
|poke|p1|Corviknight, M|
|poke|p1|Clefable, F|
|poke|p1|Keldeo-Resolute|
|poke|p1|Garganacl, F|
|poke|p1|Ting-Lu|
|poke|p1|Deoxys-Speed|
|poke|p2|Tsareena, F|
|poke|p2|Alomomola, F|
|poke|p2|Great Tusk|
|poke|p2|Kingambit, M|
|poke|p2|Moltres|
|poke|p2|Slowking-Galar, M|
|teampreview
|inactive|Battle timer is ON: inactive players will automatically lose when time's up. (requested by bliggangu)
|inactive|pokepunchbattlesv3 has 120 seconds left.
|
|t:|1743926103
|start
|switch|p1a: Deoxys|Deoxys-Speed|100/100
|switch|p2a: Kingambit|Kingambit, M|100/100
|-ability|p1a: Deoxys|Pressure
|turn|1
|
|t:|1743926115
|switch|p1a: Keldeo|Keldeo-Resolute|100/100
|move|p2a: Kingambit|Kowtow Cleave|p1a: Keldeo
|-resisted|p1a: Keldeo
|-damage|p1a: Keldeo|71/100
|-ability|p1a: Keldeo|Justified|boost
|-boost|p1a: Keldeo|atk|1
|
|upkeep
|turn|2
|
|t:|1743926131
|-end|p2a: Kingambit|fallenundefined|[silent]
|switch|p2a: Tsareena|Tsareena, F|100/100
|move|p1a: Keldeo|Flip Turn|p2a: Tsareena
|-resisted|p2a: Tsareena
|-damage|p2a: Tsareena|92/100
|
|t:|1743926138
|switch|p1a: Corviknight|Corviknight, M|100/100|[from] Flip Turn
|-ability|p1a: Corviknight|Pressure
|
|upkeep
|turn|3
|
|t:|1743926149
|switch|p2a: Moltres|Moltres|100/100
|move|p1a: Corviknight|U-turn|p2a: Moltres
|-resisted|p2a: Moltres
|-damage|p2a: Moltres|98/100
|
|t:|1743926155
|switch|p1a: Keldeo|Keldeo-Resolute|71/100|[from] U-turn
|
|upkeep
|turn|4
|
|t:|1743926177
|switch|p2a: Tsareena|Tsareena, F|92/100
|move|p1a: Keldeo|Flip Turn|p2a: Tsareena
|-resisted|p2a: Tsareena
|-damage|p2a: Tsareena|86/100
|
|t:|1743926182
|switch|p1a: Corviknight|Corviknight, M|100/100|[from] Flip Turn
|-ability|p1a: Corviknight|Pressure
|
|upkeep
|turn|5
|
|t:|1743926191
|switch|p2a: Moltres|Moltres|98/100
|move|p1a: Corviknight|Roost||[still]
|-fail|p1a: Corviknight|heal
|
|upkeep
|turn|6
|
|t:|1743926212
|switch|p1a: Garganacl|Garganacl, F|100/100
|move|p2a: Moltres|Flamethrower|p1a: Garganacl
|-resisted|p1a: Garganacl
|-damage|p1a: Garganacl|87/100
|
|-heal|p1a: Garganacl|93/100|[from] item: Leftovers
|upkeep
|turn|7
|
|t:|1743926219
|move|p2a: Moltres|U-turn|p1a: Garganacl
|-damage|p1a: Garganacl|84/100
|
|t:|1743926222
|switch|p2a: Great Tusk|Great Tusk|100/100|[from] U-turn
|move|p1a: Garganacl|Salt Cure|p2a: Great Tusk
|-resisted|p2a: Great Tusk
|-damage|p2a: Great Tusk|98/100
|-start|p2a: Great Tusk|Salt Cure
|
|-heal|p1a: Garganacl|90/100|[from] item: Leftovers
|-damage|p2a: Great Tusk|86/100|[from] Salt Cure
|upkeep
|turn|8
|
|t:|1743926238
|switch|p1a: Corviknight|Corviknight, M|100/100
|-ability|p1a: Corviknight|Pressure
|move|p2a: Great Tusk|Earthquake|p1a: Corviknight
|-immune|p1a: Corviknight
|
|-damage|p2a: Great Tusk|74/100|[from] Salt Cure
|upkeep
|turn|9
|
|t:|1743926247
|-end|p2a: Great Tusk|Protosynthesis|[silent]
|switch|p2a: Slowking|Slowking-Galar, M|100/100
|move|p1a: Corviknight|U-turn|p2a: Slowking
|-damage|p2a: Slowking|84/100
|
|t:|1743926257
|switch|p1a: Garganacl|Garganacl, F|90/100|[from] U-turn
|
|-heal|p1a: Garganacl|96/100|[from] item: Leftovers
|-heal|p2a: Slowking|90/100|[from] item: Leftovers
|upkeep
|turn|10
|
|t:|1743926266
|move|p1a: Garganacl|Salt Cure|p2a: Slowking
|-damage|p2a: Slowking|74/100
|-start|p2a: Slowking|Salt Cure
|move|p2a: Slowking|Future Sight|p1a: Garganacl
|-start|p2a: Slowking|move: Future Sight
|
|-heal|p1a: Garganacl|100/100|[from] item: Leftovers
|-heal|p2a: Slowking|80/100|[from] item: Leftovers
|-damage|p2a: Slowking|68/100|[from] Salt Cure
|upkeep
|turn|11
|
|t:|1743926276
|move|p1a: Garganacl|Salt Cure|p2a: Slowking
|-damage|p2a: Slowking|53/100
|move|p2a: Slowking|Sludge Bomb|p1a: Garganacl
|-resisted|p1a: Garganacl
|-damage|p1a: Garganacl|89/100
|
|-heal|p1a: Garganacl|96/100|[from] item: Leftovers
|-heal|p2a: Slowking|59/100|[from] item: Leftovers
|-damage|p2a: Slowking|46/100|[from] Salt Cure
|upkeep
|turn|12
|
|t:|1743926291
|switch|p1a: Ting-Lu|Ting-Lu|100/100
|-ability|p1a: Ting-Lu|Vessel of Ruin
|switch|p2a: Moltres|Moltres|98/100
|
|-end|p1a: Ting-Lu|move: Future Sight
|-immune|p1a: Ting-Lu
|upkeep
|turn|13
|
|t:|1743926311
|move|p2a: Moltres|U-turn|p1a: Ting-Lu
|-supereffective|p1a: Ting-Lu
|-crit|p1a: Ting-Lu
|-damage|p1a: Ting-Lu|76/100
|inactive|pokepunchbattlesv3 has 120 seconds left.
|
|t:|1743926330
|switch|p2a: Great Tusk|Great Tusk|74/100|[from] U-turn
|move|p1a: Ting-Lu|Stealth Rock|p2a: Great Tusk
|-sidestart|p2: pokepunchbattlesv3|move: Stealth Rock
|
|-heal|p1a: Ting-Lu|82/100|[from] item: Leftovers
|upkeep
|turn|14
|
|t:|1743926340
|switch|p1a: Corviknight|Corviknight, M|100/100
|-ability|p1a: Corviknight|Pressure
|move|p2a: Great Tusk|Knock Off|p1a: Corviknight
|-damage|p1a: Corviknight|84/100
|-damage|p2a: Great Tusk|57/100|[from] item: Rocky Helmet|[of] p1a: Corviknight
|-enditem|p1a: Corviknight|Rocky Helmet|[from] move: Knock Off|[of] p2a: Great Tusk
|
|upkeep
|turn|15
|
|t:|1743926353
|move|p2a: Great Tusk|Rapid Spin|p1a: Corviknight
|-resisted|p1a: Corviknight
|-damage|p1a: Corviknight|79/100
|-boost|p2a: Great Tusk|spe|1
|-sideend|p2: pokepunchbattlesv3|Stealth Rock|[from] move: Rapid Spin|[of] p2a: Great Tusk
|move|p1a: Corviknight|Roost|p1a: Corviknight
|-heal|p1a: Corviknight|100/100
|-singleturn|p1a: Corviknight|move: Roost
|
|upkeep
|turn|16
|
|t:|1743926361
|-end|p2a: Great Tusk|Protosynthesis|[silent]
|switch|p2a: Alomomola|Alomomola, F|100/100
|move|p1a: Corviknight|U-turn|p2a: Alomomola
|-damage|p2a: Alomomola|92/100
|
|t:|1743926370
|switch|p1a: Clefable|Clefable, F|100/100|[from] U-turn
|
|upkeep
|turn|17
|
|t:|1743926375
|move|p1a: Clefable|Moonblast|p2a: Alomomola
|-damage|p2a: Alomomola|31/100
|move|p2a: Alomomola|Wish|p2a: Alomomola
|
|upkeep
|turn|18
|
|t:|1743926389
|switch|p2a: Great Tusk|Great Tusk|57/100
|move|p1a: Clefable|Moonblast|p2a: Great Tusk
|-supereffective|p2a: Great Tusk
|-damage|p2a: Great Tusk|0 fnt
|faint|p2a: Great Tusk
|-end|p2a: Great Tusk|Protosynthesis|[silent]
|
|upkeep
|
|t:|1743926397
|switch|p2a: Kingambit|Kingambit, M|100/100
|-activate|p2a: Kingambit|ability: Supreme Overlord
|-start|p2a: Kingambit|fallen1|[silent]
|turn|19
|
|t:|1743926407
|switch|p1a: Corviknight|Corviknight, M|100/100
|-ability|p1a: Corviknight|Pressure
|move|p2a: Kingambit|Iron Head|p1a: Corviknight
|-resisted|p1a: Corviknight
|-damage|p1a: Corviknight|84/100
|
|upkeep
|turn|20
|
|t:|1743926418
|move|p1a: Corviknight|U-turn|p2a: Kingambit
|-damage|p2a: Kingambit|90/100
|
|t:|1743926424
|switch|p1a: Ting-Lu|Ting-Lu|82/100|[from] U-turn
|-ability|p1a: Ting-Lu|Vessel of Ruin
|move|p2a: Kingambit|Low Kick|p1a: Ting-Lu
|-supereffective|p1a: Ting-Lu
|-damage|p1a: Ting-Lu|33/100
|
|-heal|p1a: Ting-Lu|39/100|[from] item: Leftovers
|upkeep
|turn|21
|
|t:|1743926439
|switch|p1a: Corviknight|Corviknight, M|84/100
|-ability|p1a: Corviknight|Pressure
|move|p2a: Kingambit|Low Kick|p1a: Corviknight
|-damage|p1a: Corviknight|61/100
|
|upkeep
|turn|22
|inactive|pokepunchbattlesv3 has 120 seconds left.
|
|t:|1743926475
|move|p1a: Corviknight|Roost|p1a: Corviknight
|-heal|p1a: Corviknight|100/100
|-singleturn|p1a: Corviknight|move: Roost
|move|p2a: Kingambit|Low Kick|p1a: Corviknight
|-supereffective|p1a: Corviknight
|-damage|p1a: Corviknight|57/100
|
|upkeep
|turn|23
|
|t:|1743926486
|switch|p1a: Keldeo|Keldeo-Resolute|71/100
|move|p2a: Kingambit|Low Kick|p1a: Keldeo
|-damage|p1a: Keldeo|39/100
|
|upkeep
|turn|24
|
|t:|1743926494
|-end|p2a: Kingambit|fallen1|[silent]
|switch|p2a: Slowking|Slowking-Galar, M|79/100
|move|p1a: Keldeo|Secret Sword|p2a: Slowking
|-resisted|p2a: Slowking
|-damage|p2a: Slowking|67/100
|
|-heal|p2a: Slowking|73/100|[from] item: Leftovers
|upkeep
|turn|25
|
|t:|1743926508
|move|p1a: Keldeo|Hydro Pump|p2a: Slowking
|-damage|p2a: Slowking|35/100
|move|p2a: Slowking|Future Sight|p1a: Keldeo
|-start|p2a: Slowking|move: Future Sight
|
|-heal|p2a: Slowking|41/100|[from] item: Leftovers
|upkeep
|turn|26
|
|t:|1743926513
|move|p1a: Keldeo|Hydro Pump|p2a: Slowking
|-damage|p2a: Slowking|5/100
|move|p2a: Slowking|Slack Off|p2a: Slowking
|-heal|p2a: Slowking|55/100
|
|-heal|p2a: Slowking|61/100|[from] item: Leftovers
|upkeep
|turn|27
|
|t:|1743926521
|move|p1a: Keldeo|Flip Turn|p2a: Slowking
|-damage|p2a: Slowking|45/100
|
|t:|1743926526
|switch|p1a: Ting-Lu|Ting-Lu|39/100|[from] Flip Turn
|-ability|p1a: Ting-Lu|Vessel of Ruin
|move|p2a: Slowking|Sludge Bomb|p1a: Ting-Lu
|-resisted|p1a: Ting-Lu
|-damage|p1a: Ting-Lu|32/100
|-status|p1a: Ting-Lu|psn
|
|-end|p1a: Ting-Lu|move: Future Sight
|-immune|p1a: Ting-Lu
|-heal|p1a: Ting-Lu|38/100 psn|[from] item: Leftovers
|-heal|p2a: Slowking|51/100|[from] item: Leftovers
|-damage|p1a: Ting-Lu|26/100 psn|[from] psn
|upkeep
|turn|28
|
|t:|1743926545
|move|p1a: Ting-Lu|Stealth Rock|p2a: Slowking
|-sidestart|p2: pokepunchbattlesv3|move: Stealth Rock
|move|p2a: Slowking|Sludge Bomb|p1a: Ting-Lu
|-resisted|p1a: Ting-Lu
|-damage|p1a: Ting-Lu|18/100 psn
|
|-heal|p1a: Ting-Lu|24/100 psn|[from] item: Leftovers
|-heal|p2a: Slowking|57/100|[from] item: Leftovers
|-damage|p1a: Ting-Lu|12/100 psn|[from] psn
|upkeep
|turn|29
|
|t:|1743926554
|move|p1a: Ting-Lu|Earthquake|p2a: Slowking
|-supereffective|p2a: Slowking
|-damage|p2a: Slowking|0 fnt
|faint|p2a: Slowking
|
|-heal|p1a: Ting-Lu|18/100 psn|[from] item: Leftovers
|-damage|p1a: Ting-Lu|6/100 psn|[from] psn
|upkeep
|
|t:|1743926566
|switch|p2a: Alomomola|Alomomola, F|64/100
|turn|30
|
|t:|1743926572
|move|p2a: Alomomola|Flip Turn|p1a: Ting-Lu
|-supereffective|p1a: Ting-Lu
|-damage|p1a: Ting-Lu|0 fnt
|faint|p1a: Ting-Lu
|
|t:|1743926579
|switch|p2a: Moltres|Moltres|98/100|[from] Flip Turn
|
|upkeep
|
|t:|1743926584
|switch|p1a: Deoxys|Deoxys-Speed|100/100
|-ability|p1a: Deoxys|Pressure
|turn|31
|
|t:|1743926610
|move|p1a: Deoxys|Knock Off|p2a: Moltres
|-damage|p2a: Moltres|80/100
|-status|p1a: Deoxys|brn|[from] ability: Flame Body|[of] p2a: Moltres
|-enditem|p2a: Moltres|Heavy-Duty Boots|[from] move: Knock Off|[of] p1a: Deoxys
|-damage|p1a: Deoxys|91/100 brn|[from] item: Life Orb
|move|p2a: Moltres|U-turn|p1a: Deoxys
|-supereffective|p1a: Deoxys
|-damage|p1a: Deoxys|50/100 brn
|
|t:|1743926618
|switch|p2a: Tsareena|Tsareena, F|86/100|[from] U-turn
|-damage|p2a: Tsareena|74/100|[from] Stealth Rock
|
|-damage|p1a: Deoxys|44/100 brn|[from] brn
|upkeep
|turn|32
|
|t:|1743926625
|move|p1a: Deoxys|Psycho Boost|p2a: Tsareena
|-damage|p2a: Tsareena|24/100
|-unboost|p1a: Deoxys|spa|2
|-damage|p1a: Deoxys|34/100 brn|[from] item: Life Orb
|move|p2a: Tsareena|Rapid Spin|p1a: Deoxys
|-damage|p1a: Deoxys|13/100 brn
|-boost|p2a: Tsareena|spe|1
|-sideend|p2: pokepunchbattlesv3|Stealth Rock|[from] move: Rapid Spin|[of] p2a: Tsareena
|
|-damage|p1a: Deoxys|7/100 brn|[from] brn
|upkeep
|turn|33
|inactive|pokepunchbattlesv3 has 120 seconds left.
|
|t:|1743926664
|switch|p2a: Alomomola|Alomomola, F|98/100
|move|p1a: Deoxys|Psycho Boost|p2a: Alomomola
|-damage|p2a: Alomomola|50/100
|-unboost|p1a: Deoxys|spa|2
|-damage|p1a: Deoxys|0 fnt|[from] item: Life Orb
|faint|p1a: Deoxys
|
|upkeep
|
|t:|1743926676
|switch|p1a: Garganacl|Garganacl, F|96/100
|turn|34
|inactive|pokepunchbattlesv3 has 120 seconds left.
|
|t:|1743926682
|move|p2a: Alomomola|Wish|p2a: Alomomola
|move|p1a: Garganacl|Iron Defense|p1a: Garganacl
|-boost|p1a: Garganacl|def|2
|
|-heal|p1a: Garganacl|100/100|[from] item: Leftovers
|upkeep
|turn|35
|
|t:|1743926687
|move|p2a: Alomomola|Flip Turn|p1a: Garganacl
|-supereffective|p1a: Garganacl
|-damage|p1a: Garganacl|90/100
|
|t:|1743926689
|switch|p2a: Tsareena|Tsareena, F|24/100|[from] Flip Turn
|move|p1a: Garganacl|Salt Cure|p2a: Tsareena
|-damage|p2a: Tsareena|10/100
|-start|p2a: Tsareena|Salt Cure
|
|-heal|p2a: Tsareena|92/100|[from] move: Wish|[wisher] Alomomola
|-heal|p1a: Garganacl|96/100|[from] item: Leftovers
|-damage|p2a: Tsareena|79/100|[from] Salt Cure
|upkeep
|turn|36
|
|t:|1743926695
|move|p2a: Tsareena|Power Whip|p1a: Garganacl|[miss]
|-miss|p2a: Tsareena|p1a: Garganacl
|move|p1a: Garganacl|Recover|p1a: Garganacl
|-heal|p1a: Garganacl|100/100
|
|-damage|p2a: Tsareena|67/100|[from] Salt Cure
|upkeep
|turn|37
|
|t:|1743926699
|switch|p2a: Kingambit|Kingambit, M|90/100
|-activate|p2a: Kingambit|ability: Supreme Overlord
|-start|p2a: Kingambit|fallen2|[silent]
|move|p1a: Garganacl|Iron Defense|p1a: Garganacl
|-boost|p1a: Garganacl|def|2
|
|upkeep
|turn|38
|
|t:|1743926705
|move|p2a: Kingambit|Iron Head|p1a: Garganacl
|-supereffective|p1a: Garganacl
|-damage|p1a: Garganacl|76/100
|move|p1a: Garganacl|Salt Cure|p2a: Kingambit
|-resisted|p2a: Kingambit
|-damage|p2a: Kingambit|85/100
|-start|p2a: Kingambit|Salt Cure
|
|-heal|p1a: Garganacl|82/100|[from] item: Leftovers
|-damage|p2a: Kingambit|60/100|[from] Salt Cure
|upkeep
|turn|39
|-message|pokepunchbattlesv3 forfeited.
|
|win|bliggangu
|raw|bliggangu's rating: 1223 &rarr; <strong>1249</strong><br />(+26 for winning)
|raw|pokepunchbattlesv3's rating: 1241 &rarr; <strong>1215</strong><br />(-26 for losing)
|l|☆pokepunchbattlesv3
|player|p2|
|l|☆bliggangu
|player|p1|
