|j|☆Metalhead56
|j|☆Scara.ExE
|t:|1743930330
|gametype|singles
|player|p1|Metalhead56|marlon|1126
|player|p2|Scara.ExE|steven|1123
|teamsize|p1|6
|teamsize|p2|6
|gen|9
|tier|[Gen 9] OU
|rated|
|rule|HP Percentage Mod: HP is shown in percentages
|rule|Endless Battle Clause: Forcing endless battles is banned
|rule|Species Clause: Limit one of each Pokémon
|rule|OHKO Clause: OHKO moves are banned
|rule|Evasion Items Clause: Evasion items are banned
|rule|Evasion Moves Clause: Evasion moves are banned
|rule|Sleep Moves Clause: Sleep-inducing moves are banned
|clearpoke
|poke|p1|Samurott, M|
|poke|p1|Ribombee, F|
|poke|p1|Great Tusk|
|poke|p1|Arcanine-Hisui, M|
|poke|p1|Rotom-Wash|
|poke|p1|Clefable, F|
|poke|p2|Blaziken, M|
|poke|p2|Corviknight, M|
|poke|p2|Alomomola, F|
|poke|p2|Dragapult, M|
|poke|p2|Toxapex, M|
|poke|p2|Thundurus-Therian, M|
|teampreview
|inactive|Battle timer is ON: inactive players will automatically lose when time's up. (requested by Scara.ExE)
|inactive|Metalhead56 also wants the timer to be on.
|
|t:|1743930355
|start
|switch|p1a: Rotom|Rotom-Wash|100/100
|switch|p2a: Blaziken|Blaziken, M|100/100
|turn|1
|
|t:|1743930361
|move|p2a: Blaziken|Protect|p2a: Blaziken
|-singleturn|p2a: Blaziken|Protect
|move|p1a: Rotom|Trick|p2a: Blaziken
|-activate|p2a: Blaziken|move: Protect
|
|-ability|p2a: Blaziken|Speed Boost|boost
|-boost|p2a: Blaziken|spe|1
|upkeep
|turn|2
|
|t:|1743930370
|move|p2a: Blaziken|Swords Dance|p2a: Blaziken
|-boost|p2a: Blaziken|atk|2
|move|p1a: Rotom|Trick|p2a: Blaziken
|-activate|p1a: Rotom|move: Trick|[of] p2a: Blaziken
|-item|p2a: Blaziken|Choice Scarf|[from] move: Trick
|-item|p1a: Rotom|Focus Sash|[from] move: Trick
|
|-ability|p2a: Blaziken|Speed Boost|boost
|-boost|p2a: Blaziken|spe|1
|upkeep
|turn|3
|
|t:|1743930383
|move|p2a: Blaziken|Close Combat|p1a: Rotom
|-enditem|p1a: Rotom|Focus Sash
|-damage|p1a: Rotom|1/100
|-unboost|p2a: Blaziken|def|1
|-unboost|p2a: Blaziken|spd|1
|move|p1a: Rotom|Will-O-Wisp|p2a: Blaziken|[miss]
|-miss|p1a: Rotom|p2a: Blaziken
|
|-ability|p2a: Blaziken|Speed Boost|boost
|-boost|p2a: Blaziken|spe|1
|upkeep
|turn|4
|
|t:|1743930398
|move|p2a: Blaziken|Close Combat|p1a: Rotom
|-damage|p1a: Rotom|0 fnt
|-unboost|p2a: Blaziken|def|1
|-unboost|p2a: Blaziken|spd|1
|faint|p1a: Rotom
|
|-ability|p2a: Blaziken|Speed Boost|boost
|-boost|p2a: Blaziken|spe|1
|upkeep
|
|t:|1743930411
|switch|p1a: Ribombee|Ribombee, F|100/100
|turn|5
|
|t:|1743930417
|move|p2a: Blaziken|Close Combat|p1a: Ribombee
|-resisted|p1a: Ribombee
|-damage|p1a: Ribombee|34/100
|-unboost|p2a: Blaziken|def|1
|-unboost|p2a: Blaziken|spd|1
|move|p1a: Ribombee|Sticky Web|p2a: Blaziken
|-sidestart|p2: Scara.ExE|move: Sticky Web
|
|-ability|p2a: Blaziken|Speed Boost|boost
|-boost|p2a: Blaziken|spe|1
|upkeep
|turn|6
|
|t:|1743930426
|move|p2a: Blaziken|Close Combat|p1a: Ribombee
|-resisted|p1a: Ribombee
|-damage|p1a: Ribombee|0 fnt
|-unboost|p2a: Blaziken|def|1
|-unboost|p2a: Blaziken|spd|1
|faint|p1a: Ribombee
|
|-ability|p2a: Blaziken|Speed Boost|boost
|-boost|p2a: Blaziken|spe|1
|upkeep
|
|t:|1743930434
|switch|p1a: Great Tusk|Great Tusk|100/100
|-enditem|p1a: Great Tusk|Booster Energy
|-activate|p1a: Great Tusk|ability: Protosynthesis|[fromitem]
|-start|p1a: Great Tusk|protosynthesisdef
|turn|7
|
|t:|1743930440
|move|p2a: Blaziken|Close Combat|p1a: Great Tusk
|-damage|p1a: Great Tusk|49/100
|-unboost|p2a: Blaziken|def|1
|-unboost|p2a: Blaziken|spd|1
|move|p1a: Great Tusk|Earthquake|p2a: Blaziken
|-supereffective|p2a: Blaziken
|-damage|p2a: Blaziken|0 fnt
|faint|p2a: Blaziken
|
|upkeep
|
|t:|1743930455
|switch|p2a: Thundurus|Thundurus-Therian, M|100/100
|turn|8
|
|t:|1743930464
|move|p2a: Thundurus|Nasty Plot|p2a: Thundurus
|-boost|p2a: Thundurus|spa|2
|move|p1a: Great Tusk|Body Press|p2a: Thundurus
|-resisted|p2a: Thundurus
|-damage|p2a: Thundurus|65/100
|-damage|p1a: Great Tusk|33/100|[from] item: Rocky Helmet|[of] p2a: Thundurus
|
|upkeep
|turn|9
|
|t:|1743930477
|move|p2a: Thundurus|Sludge Wave|p1a: Great Tusk
|-resisted|p1a: Great Tusk
|-damage|p1a: Great Tusk|0 fnt
|faint|p1a: Great Tusk
|-end|p1a: Great Tusk|Protosynthesis|[silent]
|
|upkeep
|
|t:|1743930482
|switch|p1a: Arcanine|Arcanine-Hisui, M|100/100
|turn|10
|
|t:|1743930490
|move|p1a: Arcanine|Head Smash|p2a: Thundurus|[miss]
|-miss|p1a: Arcanine|p2a: Thundurus
|move|p2a: Thundurus|Thunderbolt|p1a: Arcanine
|-crit|p1a: Arcanine
|-damage|p1a: Arcanine|0 fnt
|faint|p1a: Arcanine
|
|upkeep
|
|t:|1743930497
|switch|p1a: Clefable|Clefable, F|100/100
|turn|11
|
|t:|1743930501
|move|p2a: Thundurus|Sludge Wave|p1a: Clefable
|-supereffective|p1a: Clefable
|-damage|p1a: Clefable|0 fnt
|faint|p1a: Clefable
|
|upkeep
|
|t:|1743930505
|switch|p1a: Samurott|Samurott, M|100/100
|turn|12
|
|t:|1743930512
|-terastallize|p2a: Thundurus|Electric
|-terastallize|p1a: Samurott|Ground
|move|p2a: Thundurus|Thunderbolt|p1a: Samurott
|-immune|p1a: Samurott
|move|p1a: Samurott|Ice Beam|p2a: Thundurus
|-damage|p2a: Thundurus|30/100
|
|upkeep
|turn|13
|
|t:|1743930521
|move|p2a: Thundurus|Sludge Wave|p1a: Samurott
|-resisted|p1a: Samurott
|-damage|p1a: Samurott|69/100
|move|p1a: Samurott|Tera Blast|p2a: Thundurus|[anim] Tera Blast Ground
|-supereffective|p2a: Thundurus
|-damage|p2a: Thundurus|0 fnt
|faint|p2a: Thundurus
|
|upkeep
|
|t:|1743930529
|switch|p2a: Toxapex|Toxapex, M|100/100
|-activate|p2a: Toxapex|move: Sticky Web
|-unboost|p2a: Toxapex|spe|1
|turn|14
|
|t:|1743930538
|move|p2a: Toxapex|Baneful Bunker|p2a: Toxapex
|-singleturn|p2a: Toxapex|move: Protect
|move|p1a: Samurott|Tera Blast|p2a: Toxapex|[anim] Tera Blast Ground
|-activate|p2a: Toxapex|move: Protect
|
|upkeep
|turn|15
|
|t:|1743930548
|switch|p2a: Corviknight|Corviknight, M, shiny|100/100
|-ability|p2a: Corviknight|Pressure
|move|p1a: Samurott|Tera Blast|p2a: Corviknight|[anim] Tera Blast Ground
|-immune|p2a: Corviknight
|
|upkeep
|turn|16
|
|t:|1743930556
|move|p1a: Samurott|Surf|p2a: Corviknight
|-damage|p2a: Corviknight|58/100
|move|p2a: Corviknight|Defog|p1a: Samurott
|-unboost|p1a: Samurott|evasion|1
|-sideend|p2: Scara.ExE|Sticky Web|[from] move: Defog|[of] p2a: Corviknight
|
|upkeep
|turn|17
|
|t:|1743930564
|move|p1a: Samurott|Surf|p2a: Corviknight
|-damage|p2a: Corviknight|18/100
|move|p2a: Corviknight|Roost|p2a: Corviknight
|-heal|p2a: Corviknight|68/100
|-singleturn|p2a: Corviknight|move: Roost
|
|upkeep
|turn|18
|
|t:|1743930576
|move|p1a: Samurott|Surf|p2a: Corviknight
|-damage|p2a: Corviknight|32/100
|move|p2a: Corviknight|Roost|p2a: Corviknight
|-heal|p2a: Corviknight|82/100
|-singleturn|p2a: Corviknight|move: Roost
|
|upkeep
|turn|19
|
|t:|1743930582
|move|p1a: Samurott|Surf|p2a: Corviknight
|-damage|p2a: Corviknight|44/100
|move|p2a: Corviknight|Roost|p2a: Corviknight
|-heal|p2a: Corviknight|94/100
|-singleturn|p2a: Corviknight|move: Roost
|
|upkeep
|turn|20
|
|t:|1743930590
|move|p1a: Samurott|Surf|p2a: Corviknight
|-damage|p2a: Corviknight|56/100
|move|p2a: Corviknight|U-turn|p1a: Samurott
|-damage|p1a: Samurott|54/100
|
|t:|1743930598
|switch|p2a: Dragapult|Dragapult, M|100/100|[from] U-turn
|
|upkeep
|turn|21
|
|t:|1743930604
|move|p2a: Dragapult|Phantom Force||[still]
|-prepare|p2a: Dragapult|Phantom Force
|move|p1a: Samurott|Ice Beam|p2a: Dragapult|[miss]
|-miss|p1a: Samurott|p2a: Dragapult
|
|upkeep
|turn|22
|
|t:|1743930610
|move|p2a: Dragapult|Phantom Force|p1a: Samurott|[from] lockedmove
|-damage|p1a: Samurott|0 fnt
|faint|p1a: Samurott
|
|win|Scara.ExE
|raw|Metalhead56's rating: 1126 &rarr; <strong>1101</strong><br />(-25 for losing)
|raw|Scara.ExE's rating: 1123 &rarr; <strong>1148</strong><br />(+25 for winning)
|l|☆Metalhead56
|player|p1|
|c|☆Scara.ExE|gg
|l|☆Scara.ExE
|player|p2|
