|j|☆vapeaureon
|j|‽dnfosa
|t:|1743931933
|gametype|singles
|player|p1|vapeaureon|winona|1116
|player|p2|dnfosa|101|1081
|teamsize|p1|6
|teamsize|p2|6
|gen|9
|tier|[Gen 9] OU
|rated|
|rule|HP Percentage Mod: HP is shown in percentages
|rule|Endless Battle Clause: Forcing endless battles is banned
|rule|Species Clause: Limit one of each Pokémon
|rule|OHKO Clause: OHKO moves are banned
|rule|Evasion Items Clause: Evasion items are banned
|rule|Evasion Moves Clause: Evasion moves are banned
|rule|Sleep Moves Clause: Sleep-inducing moves are banned
|clearpoke
|poke|p1|Bombirdier, M|
|poke|p1|Dragapult, M|
|poke|p1|Whiscash, F|
|poke|p1|Hitmontop, M|
|poke|p1|Tinkaton, F|
|poke|p1|Electrode-Hisui|
|poke|p2|Kyurem|
|poke|p2|Ting-Lu|
|poke|p2|Corviknight, M|
|poke|p2|Weezing-Galar, M|
|poke|p2|Zamazenta-*|
|poke|p2|Toxapex, M|
|teampreview
|inactive|Battle timer is ON: inactive players will automatically lose when time's up. (requested by dnfosa)
|
|t:|1743931940
|start
|switch|p1a: Whiscash|Whiscash, F|100/100
|switch|p2a: Weezing|Weezing-Galar, M, shiny|100/100
|-ability|p2a: Weezing|Neutralizing Gas
|turn|1
|
|t:|1743931945
|move|p1a: Whiscash|Whirlpool|p2a: Weezing
|-damage|p2a: Weezing|89/100
|-activate|p2a: Weezing|move: Whirlpool|[of] p1a: Whiscash
|move|p2a: Weezing|Will-O-Wisp|p1a: Whiscash
|-status|p1a: Whiscash|brn
|
|-damage|p1a: Whiscash|94/100 brn|[from] brn
|-damage|p2a: Weezing|76/100|[from] move: Whirlpool|[partiallytrapped]
|upkeep
|turn|2
|
|t:|1743931954
|move|p1a: Whiscash|Stealth Rock|p2a: Weezing
|-sidestart|p2: dnfosa|move: Stealth Rock
|move|p2a: Weezing|Strange Steam|p1a: Whiscash
|-damage|p1a: Whiscash|63/100 brn
|
|-damage|p1a: Whiscash|57/100 brn|[from] brn
|-damage|p2a: Weezing|64/100|[from] move: Whirlpool|[partiallytrapped]
|upkeep
|turn|3
|
|t:|1743931958
|move|p1a: Whiscash|Spikes|p2a: Weezing
|-sidestart|p2: dnfosa|Spikes
|move|p2a: Weezing|Defog|p1a: Whiscash
|-unboost|p1a: Whiscash|evasion|1
|-sideend|p2: dnfosa|Spikes|[from] move: Defog|[of] p2a: Weezing
|-sideend|p2: dnfosa|Stealth Rock|[from] move: Defog|[of] p2a: Weezing
|
|-damage|p1a: Whiscash|51/100 brn|[from] brn
|-damage|p2a: Weezing|52/100|[from] move: Whirlpool|[partiallytrapped]
|upkeep
|turn|4
|
|t:|1743931971
|move|p2a: Weezing|Pain Split|p1a: Whiscash
|-sethp|p1a: Whiscash|46/100 brn|[from] move: Pain Split|[silent]
|-sethp|p2a: Weezing|58/100|[from] move: Pain Split
|move|p1a: Whiscash|Whirlpool|p2a: Weezing
|-damage|p2a: Weezing|47/100
|
|-damage|p1a: Whiscash|40/100 brn|[from] brn
|-damage|p2a: Weezing|35/100|[from] move: Whirlpool|[partiallytrapped]
|upkeep
|turn|5
|
|t:|1743931987
|move|p2a: Weezing|Pain Split|p1a: Whiscash
|-sethp|p1a: Whiscash|33/100 brn|[from] move: Pain Split|[silent]
|-sethp|p2a: Weezing|42/100|[from] move: Pain Split
|move|p1a: Whiscash|Stealth Rock|p2a: Weezing
|-sidestart|p2: dnfosa|move: Stealth Rock
|
|-damage|p1a: Whiscash|27/100 brn|[from] brn
|-damage|p2a: Weezing|30/100|[from] move: Whirlpool|[partiallytrapped]
|upkeep
|turn|6
|
|t:|1743932009
|switch|p1a: Tinkaton|Tinkaton, F|100/100
|-item|p1a: Tinkaton|Air Balloon
|move|p2a: Weezing|Defog|p1a: Tinkaton
|-unboost|p1a: Tinkaton|evasion|1
|-sideend|p2: dnfosa|Stealth Rock|[from] move: Defog|[of] p2a: Weezing
|
|-end|p2a: Weezing|Whirlpool|[partiallytrapped]
|upkeep
|turn|7
|
|t:|1743932025
|-end|p2a: Weezing|ability: Neutralizing Gas
|-ability|p1a: Tinkaton|Mold Breaker
|switch|p2a: Corviknight|Corviknight, M, shiny|100/100
|-ability|p2a: Corviknight|Pressure
|move|p1a: Tinkaton|Gigaton Hammer|p2a: Corviknight
|-resisted|p2a: Corviknight
|-damage|p2a: Corviknight|85/100
|
|upkeep
|turn|8
|
|t:|1743932037
|move|p1a: Tinkaton|Knock Off|p2a: Corviknight
|-damage|p2a: Corviknight|72/100
|-damage|p1a: Tinkaton|84/100|[from] item: Rocky Helmet|[of] p2a: Corviknight
|-enditem|p2a: Corviknight|Rocky Helmet|[from] move: Knock Off|[of] p1a: Tinkaton
|move|p2a: Corviknight|U-turn|p1a: Tinkaton
|-resisted|p1a: Tinkaton
|-damage|p1a: Tinkaton|79/100
|-enditem|p1a: Tinkaton|Air Balloon
|
|t:|1743932046
|switch|p2a: Kyurem|Kyurem, shiny|100/100|[from] U-turn
|-ability|p2a: Kyurem|Pressure
|
|upkeep
|turn|9
|
|t:|1743932051
|move|p2a: Kyurem|Substitute|p2a: Kyurem
|-start|p2a: Kyurem|Substitute
|-damage|p2a: Kyurem|76/100
|move|p1a: Tinkaton|Gigaton Hammer|p2a: Kyurem
|-supereffective|p2a: Kyurem
|-end|p2a: Kyurem|Substitute
|
|-heal|p2a: Kyurem|82/100|[from] item: Leftovers
|upkeep
|turn|10
|
|t:|1743932063
|move|p2a: Kyurem|Protect|p2a: Kyurem
|-singleturn|p2a: Kyurem|Protect
|move|p1a: Tinkaton|Encore|p2a: Kyurem
|-activate|p2a: Kyurem|move: Protect
|
|-heal|p2a: Kyurem|88/100|[from] item: Leftovers
|upkeep
|turn|11
|
|t:|1743932073
|move|p2a: Kyurem|Substitute|p2a: Kyurem
|-start|p2a: Kyurem|Substitute
|-damage|p2a: Kyurem|63/100
|move|p1a: Tinkaton|Gigaton Hammer|p2a: Kyurem
|-supereffective|p2a: Kyurem
|-end|p2a: Kyurem|Substitute
|
|-heal|p2a: Kyurem|69/100|[from] item: Leftovers
|upkeep
|turn|12
|
|t:|1743932078
|move|p2a: Kyurem|Protect|p2a: Kyurem
|-singleturn|p2a: Kyurem|Protect
|move|p1a: Tinkaton|Encore|p2a: Kyurem
|-activate|p2a: Kyurem|move: Protect
|
|-heal|p2a: Kyurem|75/100|[from] item: Leftovers
|upkeep
|turn|13
|
|t:|1743932085
|move|p2a: Kyurem|Earth Power|p1a: Tinkaton
|-supereffective|p1a: Tinkaton
|-damage|p1a: Tinkaton|16/100
|move|p1a: Tinkaton|Encore|p2a: Kyurem
|-start|p2a: Kyurem|Encore
|
|-heal|p2a: Kyurem|81/100|[from] item: Leftovers
|upkeep
|turn|14
|
|t:|1743932091
|switch|p1a: Bombirdier|Bombirdier, M|100/100
|move|p2a: Kyurem|Earth Power|p1a: Bombirdier
|-immune|p1a: Bombirdier
|
|-heal|p2a: Kyurem|88/100|[from] item: Leftovers
|upkeep
|turn|15
|
|t:|1743932102
|switch|p2a: Corviknight|Corviknight, M, shiny|72/100
|-ability|p2a: Corviknight|Pressure
|move|p1a: Bombirdier|Stone Edge|p2a: Corviknight
|-damage|p2a: Corviknight|44/100
|
|upkeep
|turn|16
|
|t:|1743932116
|move|p1a: Bombirdier|Stone Edge|p2a: Corviknight
|-damage|p2a: Corviknight|15/100
|move|p2a: Corviknight|Roost|p2a: Corviknight
|-heal|p2a: Corviknight|65/100
|-singleturn|p2a: Corviknight|move: Roost
|
|upkeep
|turn|17
|
|t:|1743932125
|switch|p1a: Dragapult|Dragapult, M|100/100
|move|p2a: Corviknight|Roost|p2a: Corviknight
|-heal|p2a: Corviknight|100/100
|-singleturn|p2a: Corviknight|move: Roost
|
|upkeep
|turn|18
|
|t:|1743932133
|switch|p2a: Ting-Lu|Ting-Lu|100/100
|-ability|p2a: Ting-Lu|Vessel of Ruin
|move|p1a: Dragapult|Fire Blast|p2a: Ting-Lu|[miss]
|-miss|p1a: Dragapult|p2a: Ting-Lu
|
|upkeep
|turn|19
|
|t:|1743932140
|switch|p1a: Whiscash|Whiscash, F|27/100 brn
|move|p2a: Ting-Lu|Stealth Rock|p1a: Whiscash
|-sidestart|p1: vapeaureon|move: Stealth Rock
|
|-damage|p1a: Whiscash|21/100 brn|[from] brn
|upkeep
|-enditem|p1a: Whiscash|Aguav Berry|[eat]
|-heal|p1a: Whiscash|54/100 brn|[from] item: Aguav Berry
|turn|20
|
|t:|1743932157
|switch|p2a: Weezing|Weezing-Galar, M, shiny|30/100
|-ability|p2a: Weezing|Neutralizing Gas
|move|p1a: Whiscash|Stealth Rock|p2a: Weezing
|-sidestart|p2: dnfosa|move: Stealth Rock
|
|-damage|p1a: Whiscash|48/100 brn|[from] brn
|upkeep
|turn|21
|
|t:|1743932168
|switch|p1a: Tinkaton|Tinkaton, F|16/100
|-damage|p1a: Tinkaton|10/100|[from] Stealth Rock
|move|p2a: Weezing|Defog|p1a: Tinkaton
|-unboost|p1a: Tinkaton|evasion|1
|-sideend|p1: vapeaureon|Stealth Rock|[from] move: Defog|[of] p2a: Weezing
|-sideend|p2: dnfosa|Stealth Rock|[from] move: Defog|[of] p2a: Weezing
|
|upkeep
|turn|22
|
|t:|1743932180
|switch|p1a: Electrode|Electrode-Hisui|100/100
|-end|p2a: Weezing|ability: Neutralizing Gas
|switch|p2a: Corviknight|Corviknight, M, shiny|100/100
|-ability|p2a: Corviknight|Pressure
|
|upkeep
|turn|23
|
|t:|1743932188
|move|p1a: Electrode|Leech Seed|p2a: Corviknight|[miss]
|-miss|p1a: Electrode|p2a: Corviknight
|move|p2a: Corviknight|U-turn|p1a: Electrode
|-supereffective|p1a: Electrode
|-damage|p1a: Electrode|51/100
|
|t:|1743932194
|switch|p2a: Zamazenta|Zamazenta, shiny|100/100|[from] U-turn
|-ability|p2a: Zamazenta|Dauntless Shield|boost
|-boost|p2a: Zamazenta|def|1
|
|upkeep
|turn|24
|
|t:|1743932201
|move|p1a: Electrode|Volt Switch|p2a: Zamazenta
|-damage|p2a: Zamazenta|75/100
|
|t:|1743932212
|switch|p1a: Dragapult|Dragapult, M|100/100|[from] Volt Switch
|move|p2a: Zamazenta|Close Combat|p1a: Dragapult
|-immune|p1a: Dragapult
|
|upkeep
|turn|25
|
|t:|1743932221
|switch|p2a: Toxapex|Toxapex, M, shiny|100/100
|move|p1a: Dragapult|Shadow Ball|p2a: Toxapex
|-damage|p2a: Toxapex|77/100
|-damage|p1a: Dragapult|91/100|[from] item: Life Orb
|
|upkeep
|turn|26
|
|t:|1743932231
|switch|p1a: Tinkaton|Tinkaton, F|10/100
|-ability|p1a: Tinkaton|Mold Breaker
|move|p2a: Toxapex|Acid Spray|p1a: Tinkaton
|-immune|p1a: Tinkaton
|
|upkeep
|turn|27
|
|t:|1743932244
|switch|p2a: Corviknight|Corviknight, M, shiny|100/100
|-ability|p2a: Corviknight|Pressure
|move|p1a: Tinkaton|Encore||[still]
|-fail|p1a: Tinkaton
|
|upkeep
|turn|28
|
|t:|1743932257
|switch|p1a: Dragapult|Dragapult, M|91/100
|move|p2a: Corviknight|Brave Bird|p1a: Dragapult
|-damage|p1a: Dragapult|37/100
|-damage|p2a: Corviknight|86/100|[from] Recoil
|
|upkeep
|turn|29
|
|t:|1743932264
|switch|p1a: Electrode|Electrode-Hisui|51/100
|switch|p2a: Toxapex|Toxapex, M, shiny|100/100
|
|upkeep
|turn|30
|
|t:|1743932271
|move|p1a: Electrode|Thunderbolt|p2a: Toxapex
|-supereffective|p2a: Toxapex
|-damage|p2a: Toxapex|60/100
|move|p2a: Toxapex|Sludge Bomb|p1a: Electrode
|-supereffective|p1a: Electrode
|-damage|p1a: Electrode|0 fnt
|faint|p1a: Electrode
|
|upkeep
|
|t:|1743932278
|switch|p1a: Bombirdier|Bombirdier, M|100/100
|turn|31
|
|t:|1743932285
|move|p1a: Bombirdier|Brave Bird|p2a: Toxapex
|-damage|p2a: Toxapex|17/100
|-damage|p1a: Bombirdier|85/100|[from] Recoil
|move|p2a: Toxapex|Ice Beam|p1a: Bombirdier
|-supereffective|p1a: Bombirdier
|-damage|p1a: Bombirdier|34/100
|
|upkeep
|turn|32
|-message|vapeaureon forfeited.
|
|win|dnfosa
|raw|vapeaureon's rating: 1116 &rarr; <strong>1088</strong><br />(-28 for losing)
|raw|dnfosa's rating: 1081 &rarr; <strong>1112</strong><br />(+31 for winning)
|l|☆vapeaureon
|player|p1|
|l|‽dnfosa
|player|p2|
