|j|☆Lex Talion
|j|☆GibbyJrSonSr
|t:|1743921824
|gametype|singles
|player|p1|Lex Talion|266|1109
|player|p2|GibbyJrSonSr|clown|1068
|teamsize|p1|6
|teamsize|p2|6
|gen|9
|tier|[Gen 9] OU
|rated|
|rule|HP Percentage Mod: HP is shown in percentages
|rule|Endless Battle Clause: Forcing endless battles is banned
|rule|Species Clause: Limit one of each Pokémon
|rule|OHKO Clause: OHKO moves are banned
|rule|Evasion Items Clause: Evasion items are banned
|rule|Evasion Moves Clause: Evasion moves are banned
|rule|Sleep Moves Clause: Sleep-inducing moves are banned
|clearpoke
|poke|p1|Dragonite, M|
|poke|p1|Gholdengo|
|poke|p1|Galvantula, F|
|poke|p1|Glimmora, F|
|poke|p1|Weavile, F|
|poke|p1|Kingambit, F|
|poke|p2|Houndoom, F|
|poke|p2|Torkoal, M|
|poke|p2|Leafeon, M|
|poke|p2|Suicune|
|poke|p2|Honchkrow, M|
|poke|p2|Weezing-Galar, M|
|teampreview
|inactive|Battle timer is ON: inactive players will automatically lose when time's up. (requested by Lex Talion)
|
|t:|1743921834
|start
|switch|p1a: Glimmora|Glimmora, F, shiny|100/100
|switch|p2a: Torkoal|Torkoal, M|100/100
|-weather|SunnyDay|[from] ability: Drought|[of] p2a: Torkoal
|turn|1
|
|t:|1743921845
|move|p1a: Glimmora|Toxic|p2a: Torkoal
|-status|p2a: Torkoal|tox
|move|p2a: Torkoal|Scorching Sands|p1a: Glimmora
|-supereffective|p1a: Glimmora
|-damage|p1a: Glimmora|8/100
|
|-weather|SunnyDay|[upkeep]
|-damage|p2a: Torkoal|94/100 tox|[from] psn
|upkeep
|turn|2
|
|t:|1743921861
|move|p1a: Glimmora|Stealth Rock|p2a: Torkoal
|-sidestart|p2: GibbyJrSonSr|move: Stealth Rock
|move|p2a: Torkoal|Lava Plume|p1a: Glimmora
|-resisted|p1a: Glimmora
|-damage|p1a: Glimmora|0 fnt
|faint|p1a: Glimmora
|
|-weather|SunnyDay|[upkeep]
|-damage|p2a: Torkoal|82/100 tox|[from] psn
|upkeep
|
|t:|1743921873
|switch|p1a: Galvantula|Galvantula, F, shiny|100/100
|turn|3
|
|t:|1743921881
|move|p1a: Galvantula|Sticky Web|p2a: Torkoal
|-sidestart|p2: GibbyJrSonSr|move: Sticky Web
|move|p2a: Torkoal|Rapid Spin|p1a: Galvantula
|-damage|p1a: Galvantula|83/100
|-boost|p2a: Torkoal|spe|1
|-sideend|p2: GibbyJrSonSr|Stealth Rock|[from] move: Rapid Spin|[of] p2a: Torkoal
|-sideend|p2: GibbyJrSonSr|Sticky Web|[from] move: Rapid Spin|[of] p2a: Torkoal
|
|-weather|SunnyDay|[upkeep]
|-damage|p2a: Torkoal|64/100 tox|[from] psn
|upkeep
|turn|4
|
|t:|1743921891
|move|p1a: Galvantula|Thunder|p2a: Torkoal
|-crit|p2a: Torkoal
|-damage|p2a: Torkoal|0 fnt
|faint|p2a: Torkoal
|
|-weather|SunnyDay|[upkeep]
|upkeep
|
|t:|1743921902
|switch|p2a: Houndoom|Houndoom, F|100/100
|turn|5
|
|t:|1743921907
|move|p1a: Galvantula|Light Screen|p1a: Galvantula
|-sidestart|p1: Lex Talion|move: Light Screen
|move|p2a: Houndoom|Flamethrower|p1a: Galvantula
|-supereffective|p1a: Galvantula
|-damage|p1a: Galvantula|0 fnt
|faint|p1a: Galvantula
|
|-weather|SunnyDay|[upkeep]
|upkeep
|
|t:|1743921920
|switch|p1a: Dragonite|Dragonite, M|100/100
|turn|6
|
|t:|1743921941
|switch|p2a: Weezing|Weezing-Galar, M|100/100
|-fieldstart|move: Misty Terrain|[from] ability: Misty Surge|[of] p2a: Weezing
|-item|p2a: Weezing|Air Balloon
|move|p1a: Dragonite|Dragon Dance|p1a: Dragonite
|-boost|p1a: Dragonite|atk|1
|-boost|p1a: Dragonite|spe|1
|
|-weather|SunnyDay|[upkeep]
|upkeep
|turn|7
|
|t:|1743921962
|move|p1a: Dragonite|Extreme Speed|p2a: Weezing
|-damage|p2a: Weezing|60/100
|-enditem|p2a: Weezing|Air Balloon
|move|p2a: Weezing|Clear Smog|p1a: Dragonite
|-damage|p1a: Dragonite|95/100
|-clearboost|p1a: Dragonite
|
|-weather|SunnyDay|[upkeep]
|upkeep
|turn|8
|
|t:|1743921979
|move|p1a: Dragonite|Earthquake|p2a: Weezing
|-supereffective|p2a: Weezing
|-damage|p2a: Weezing|0 fnt
|faint|p2a: Weezing
|
|-weather|none
|upkeep
|
|t:|1743921982
|switch|p2a: Honchkrow|Honchkrow, M|100/100
|-enditem|p2a: Honchkrow|Misty Seed
|-boost|p2a: Honchkrow|spd|1|[from] item: Misty Seed
|turn|9
|
|t:|1743921990
|move|p1a: Dragonite|Dragon Dance|p1a: Dragonite
|-boost|p1a: Dragonite|atk|1
|-boost|p1a: Dragonite|spe|1
|move|p2a: Honchkrow|Acrobatics|p1a: Dragonite
|-damage|p1a: Dragonite|27/100
|
|-sideend|p1: Lex Talion|move: Light Screen
|upkeep
|turn|10
|
|t:|1743922005
|move|p1a: Dragonite|Extreme Speed|p2a: Honchkrow
|-crit|p2a: Honchkrow
|-damage|p2a: Honchkrow|0 fnt
|faint|p2a: Honchkrow
|
|-fieldend|Misty Terrain
|upkeep
|
|t:|1743922010
|switch|p2a: Suicune|Suicune|100/100
|-ability|p2a: Suicune|Pressure
|turn|11
|
|t:|1743922016
|move|p1a: Dragonite|Extreme Speed|p2a: Suicune
|-damage|p2a: Suicune|63/100
|move|p2a: Suicune|Scald|p1a: Dragonite
|-resisted|p1a: Dragonite
|-damage|p1a: Dragonite|8/100
|-status|p1a: Dragonite|brn
|
|-damage|p1a: Dragonite|2/100 brn|[from] brn
|upkeep
|turn|12
|
|t:|1743922034
|move|p1a: Dragonite|Extreme Speed|p2a: Suicune
|-damage|p2a: Suicune|47/100
|move|p2a: Suicune|Calm Mind|p2a: Suicune
|-boost|p2a: Suicune|spa|1
|-boost|p2a: Suicune|spd|1
|
|-damage|p1a: Dragonite|0 fnt|[from] brn
|faint|p1a: Dragonite
|upkeep
|
|t:|1743922051
|switch|p1a: Gholdengo|Gholdengo|100/100
|turn|13
|inactive|GibbyJrSonSr has 120 seconds left.
|
|t:|1743922103
|-terastallize|p1a: Gholdengo|Steel
|move|p1a: Gholdengo|Nasty Plot|p1a: Gholdengo
|-boost|p1a: Gholdengo|spa|2
|move|p2a: Suicune|Calm Mind|p2a: Suicune
|-boost|p2a: Suicune|spa|1
|-boost|p2a: Suicune|spd|1
|
|upkeep
|turn|14
|
|t:|1743922113
|move|p1a: Gholdengo|Thunderbolt|p2a: Suicune
|-supereffective|p2a: Suicune
|-damage|p2a: Suicune|0 fnt
|faint|p2a: Suicune
|
|upkeep
|
|t:|1743922117
|switch|p2a: Leafeon|Leafeon, M|100/100
|turn|15
|
|t:|1743922121
|-terastallize|p2a: Leafeon|Ground
|move|p1a: Gholdengo|Shadow Ball|p2a: Leafeon
|-damage|p2a: Leafeon|0 fnt
|faint|p2a: Leafeon
|
|upkeep
|inactive|GibbyJrSonSr has 120 seconds left.
|-message|GibbyJrSonSr forfeited.
|
|win|Lex Talion
|raw|Lex Talion's rating: 1109 &rarr; <strong>1131</strong><br />(+22 for winning)
|raw|GibbyJrSonSr's rating: 1068 &rarr; <strong>1050</strong><br />(-18 for losing)
|l|☆GibbyJrSonSr
|player|p2|
|l|☆Lex Talion
|player|p1|
