|j|☆Harabon
|j|☆cornelius III
|t:|1743930440
|gametype|singles
|player|p1|Harabon|170|1250
|player|p2|cornelius III|clerk|1257
|teamsize|p1|6
|teamsize|p2|6
|gen|9
|tier|[Gen 9] OU
|rated|
|rule|HP Percentage Mod: HP is shown in percentages
|rule|Endless Battle Clause: Forcing endless battles is banned
|rule|Species Clause: Limit one of each Pokémon
|rule|OHKO Clause: OHKO moves are banned
|rule|Evasion Items Clause: Evasion items are banned
|rule|Evasion Moves Clause: Evasion moves are banned
|rule|Sleep Moves Clause: Sleep-inducing moves are banned
|clearpoke
|poke|p1|Barraskewda, M|
|poke|p1|Overqwil, M|
|poke|p1|Pelipper, M|
|poke|p1|Tornadus-Therian, M|
|poke|p1|Raging Bolt|
|poke|p1|Iron Treads|
|poke|p2|Kyurem|
|poke|p2|Slowking-Galar, F|
|poke|p2|Samurott-Hisui, F|
|poke|p2|Ogerpon-Wellspring, F|
|poke|p2|Conkeldurr, F|
|poke|p2|Rotom-Wash|
|teampreview
|inactive|Battle timer is ON: inactive players will automatically lose when time's up. (requested by cornelius III)
|inactive|Harabon also wants the timer to be on.
|inactive|cornelius III has 120 seconds left.
|
|t:|1743930476
|start
|switch|p1a: Raging Bolt|Raging Bolt|100/100
|switch|p2a: Kyurem|Kyurem|100/100
|-ability|p2a: Kyurem|Pressure
|turn|1
|
|t:|1743930487
|-end|p1a: Raging Bolt|Protosynthesis|[silent]
|switch|p1a: Iron Treads|Iron Treads|100/100
|move|p2a: Kyurem|Earth Power|p1a: Iron Treads
|-supereffective|p1a: Iron Treads
|-damage|p1a: Iron Treads|0 fnt
|faint|p1a: Iron Treads
|-end|p1a: Iron Treads|Quark Drive|[silent]
|
|upkeep
|
|t:|1743930493
|switch|p1a: Pelipper|Pelipper, M|100/100
|-weather|RainDance|[from] ability: Drizzle|[of] p1a: Pelipper
|turn|2
|
|t:|1743930499
|switch|p2a: Rotom|Rotom-Wash|100/100
|move|p1a: Pelipper|U-turn|p2a: Rotom
|-damage|p2a: Rotom|88/100
|
|t:|1743930515
|switch|p1a: Raging Bolt|Raging Bolt|100/100|[from] U-turn
|
|-weather|RainDance|[upkeep]
|upkeep
|turn|3
|
|t:|1743930520
|move|p2a: Rotom|Volt Switch|p1a: Raging Bolt
|-resisted|p1a: Raging Bolt
|-damage|p1a: Raging Bolt|93/100
|
|t:|1743930525
|switch|p2a: Slowking|Slowking-Galar, F|100/100|[from] Volt Switch
|move|p1a: Raging Bolt|Dragon Pulse|p2a: Slowking
|-damage|p2a: Slowking|74/100
|
|-weather|RainDance|[upkeep]
|-heal|p1a: Raging Bolt|99/100|[from] item: Leftovers
|upkeep
|turn|4
|
|t:|1743930536
|move|p1a: Raging Bolt|Calm Mind|p1a: Raging Bolt
|-boost|p1a: Raging Bolt|spa|1
|-boost|p1a: Raging Bolt|spd|1
|-prepare|p2a: Slowking|Chilly Reception|[premajor]
|move|p2a: Slowking|Chilly Reception|p2a: Slowking
|-weather|Snowscape
|
|t:|1743930545
|switch|p2a: Samurott|Samurott-Hisui, F|100/100|[from] Chilly Reception
|
|-weather|Snowscape|[upkeep]
|-heal|p1a: Raging Bolt|100/100|[from] item: Leftovers
|upkeep
|turn|5
|
|t:|1743930548
|move|p2a: Samurott|Ceaseless Edge|p1a: Raging Bolt
|-damage|p1a: Raging Bolt|60/100
|-sidestart|p1: Harabon|Spikes
|move|p1a: Raging Bolt|Thunderbolt|p2a: Samurott
|-supereffective|p2a: Samurott
|-enditem|p2a: Samurott|Focus Sash
|-damage|p2a: Samurott|1/100
|
|-weather|Snowscape|[upkeep]
|-heal|p1a: Raging Bolt|66/100|[from] item: Leftovers
|upkeep
|turn|6
|
|t:|1743930555
|move|p2a: Samurott|Sucker Punch|p1a: Raging Bolt
|-damage|p1a: Raging Bolt|37/100
|move|p1a: Raging Bolt|Thunderbolt|p2a: Samurott
|-supereffective|p2a: Samurott
|-damage|p2a: Samurott|0 fnt
|faint|p2a: Samurott
|
|-weather|Snowscape|[upkeep]
|-heal|p1a: Raging Bolt|43/100|[from] item: Leftovers
|upkeep
|
|t:|1743930575
|switch|p2a: Kyurem|Kyurem|100/100
|-ability|p2a: Kyurem|Pressure
|turn|7
|
|t:|1743930591
|move|p1a: Raging Bolt|Thunderclap|p2a: Kyurem
|-resisted|p2a: Kyurem
|-damage|p2a: Kyurem|74/100
|move|p2a: Kyurem|Weather Ball|p1a: Raging Bolt
|-supereffective|p1a: Raging Bolt
|-damage|p1a: Raging Bolt|0 fnt
|faint|p1a: Raging Bolt
|-end|p1a: Raging Bolt|Protosynthesis|[silent]
|
|-weather|Snowscape|[upkeep]
|upkeep
|
|t:|1743930600
|switch|p1a: Pelipper|Pelipper, M|100/100
|-weather|RainDance|[from] ability: Drizzle|[of] p1a: Pelipper
|turn|8
|
|t:|1743930606
|switch|p2a: Slowking|Slowking-Galar, F|100/100
|move|p1a: Pelipper|U-turn|p2a: Slowking
|-damage|p2a: Slowking|92/100
|
|t:|1743930610
|switch|p1a: Overqwil|Overqwil, M|100/100|[from] U-turn
|-damage|p1a: Overqwil|88/100|[from] Spikes
|
|-weather|RainDance|[upkeep]
|upkeep
|turn|9
|
|t:|1743930619
|switch|p2a: Rotom|Rotom-Wash|88/100
|move|p1a: Overqwil|Swords Dance|p1a: Overqwil
|-boost|p1a: Overqwil|atk|2
|
|-weather|RainDance|[upkeep]
|upkeep
|turn|10
|
|t:|1743930625
|move|p1a: Overqwil|Crunch|p2a: Rotom
|-damage|p2a: Rotom|0 fnt
|faint|p2a: Rotom
|-damage|p1a: Overqwil|78/100|[from] item: Life Orb
|
|-weather|RainDance|[upkeep]
|upkeep
|
|t:|1743930632
|switch|p2a: Slowking|Slowking-Galar, F|100/100
|turn|11
|
|t:|1743930645
|-terastallize|p2a: Slowking|Water
|move|p1a: Overqwil|Gunk Shot|p2a: Slowking
|-damage|p2a: Slowking|0 fnt
|faint|p2a: Slowking
|-damage|p1a: Overqwil|68/100|[from] item: Life Orb
|
|-weather|RainDance|[upkeep]
|upkeep
|
|t:|1743930655
|switch|p2a: Ogerpon|Ogerpon-Wellspring, F|100/100
|turn|12
|
|t:|1743930660
|move|p1a: Overqwil|Gunk Shot|p2a: Ogerpon|[miss]
|-miss|p1a: Overqwil|p2a: Ogerpon
|move|p2a: Ogerpon|Ivy Cudgel|p1a: Overqwil|[anim] Ivy Cudgel Water
|-damage|p1a: Overqwil|0 fnt
|faint|p1a: Overqwil
|
|-weather|RainDance|[upkeep]
|upkeep
|
|t:|1743930667
|switch|p1a: Pelipper|Pelipper, M|100/100
|turn|13
|
|t:|1743930674
|move|p2a: Ogerpon|U-turn|p1a: Pelipper
|-resisted|p1a: Pelipper
|-damage|p1a: Pelipper|89/100
|
|t:|1743930679
|switch|p2a: Kyurem|Kyurem|74/100|[from] U-turn
|-ability|p2a: Kyurem|Pressure
|move|p1a: Pelipper|Hurricane|p2a: Kyurem
|-damage|p2a: Kyurem|42/100
|
|-weather|RainDance|[upkeep]
|upkeep
|turn|14
|
|t:|1743930690
|-terastallize|p1a: Pelipper|Poison
|move|p2a: Kyurem|Freeze-Dry|p1a: Pelipper
|-damage|p1a: Pelipper|14/100
|move|p1a: Pelipper|U-turn|p2a: Kyurem
|-crit|p2a: Kyurem
|-damage|p2a: Kyurem|30/100
|
|t:|1743930700
|switch|p1a: Barraskewda|Barraskewda, M|100/100|[from] U-turn
|-damage|p1a: Barraskewda|88/100|[from] Spikes
|
|-weather|RainDance|[upkeep]
|upkeep
|turn|15
|
|t:|1743930719
|switch|p2a: Conkeldurr|Conkeldurr, F|100/100
|move|p1a: Barraskewda|Close Combat|p2a: Conkeldurr
|-damage|p2a: Conkeldurr|49/100
|-unboost|p1a: Barraskewda|def|1
|-unboost|p1a: Barraskewda|spd|1
|
|-weather|none
|-status|p2a: Conkeldurr|brn|[from] item: Flame Orb
|upkeep
|turn|16
|
|t:|1743930732
|switch|p1a: Pelipper|Pelipper, M, tera:Poison|14/100
|-damage|p1a: Pelipper|2/100|[from] Spikes
|-weather|RainDance|[from] ability: Drizzle|[of] p1a: Pelipper
|move|p2a: Conkeldurr|Mach Punch|p1a: Pelipper
|-resisted|p1a: Pelipper
|-damage|p1a: Pelipper|0 fnt
|faint|p1a: Pelipper
|
|-weather|RainDance|[upkeep]
|-damage|p2a: Conkeldurr|43/100 brn|[from] brn
|upkeep
|
|t:|1743930741
|switch|p1a: Tornadus|Tornadus-Therian, M|100/100
|turn|17
|
|t:|1743930752
|switch|p2a: Kyurem|Kyurem|30/100
|-ability|p2a: Kyurem|Pressure
|move|p1a: Tornadus|Hurricane|p2a: Kyurem
|-damage|p2a: Kyurem|0 fnt
|faint|p2a: Kyurem
|
|-weather|RainDance|[upkeep]
|upkeep
|
|t:|1743930758
|switch|p2a: Ogerpon|Ogerpon-Wellspring, F|100/100
|turn|18
|
|t:|1743930761
|move|p2a: Ogerpon|Ivy Cudgel|p1a: Tornadus|[anim] Ivy Cudgel Water
|-crit|p1a: Tornadus
|-damage|p1a: Tornadus|0 fnt
|faint|p1a: Tornadus
|
|-weather|RainDance|[upkeep]
|upkeep
|
|t:|1743930765
|switch|p1a: Barraskewda|Barraskewda, M|88/100
|-damage|p1a: Barraskewda|76/100|[from] Spikes
|turn|19
|
|t:|1743930769
|move|p1a: Barraskewda|Close Combat|p2a: Ogerpon
|-damage|p2a: Ogerpon|12/100
|-unboost|p1a: Barraskewda|def|1
|-unboost|p1a: Barraskewda|spd|1
|move|p2a: Ogerpon|Power Whip|p1a: Barraskewda
|-supereffective|p1a: Barraskewda
|-damage|p1a: Barraskewda|0 fnt
|faint|p1a: Barraskewda
|
|win|cornelius III
|raw|Harabon's rating: 1250 &rarr; <strong>1226</strong><br />(-24 for losing)
|raw|cornelius III's rating: 1257 &rarr; <strong>1281</strong><br />(+24 for winning)
|l|☆Harabon
|player|p1|
|l|☆cornelius III
|player|p2|
