|j|☆asw990117
|j|☆notmeezo
|t:|1743928325
|gametype|singles
|player|p1|asw990117|265|1118
|player|p2|notmeezo|lucas|1121
|teamsize|p1|6
|teamsize|p2|6
|gen|9
|tier|[Gen 9] OU
|rated|
|rule|HP Percentage Mod: HP is shown in percentages
|rule|Endless Battle Clause: Forcing endless battles is banned
|rule|Species Clause: Limit one of each Pokémon
|rule|OHKO Clause: OHKO moves are banned
|rule|Evasion Items Clause: Evasion items are banned
|rule|Evasion Moves Clause: Evasion moves are banned
|rule|Sleep Moves Clause: Sleep-inducing moves are banned
|clearpoke
|poke|p1|Breloom, F|
|poke|p1|Corviknight, M|
|poke|p1|Raging Bolt|
|poke|p1|Swampert, F|
|poke|p1|Blaziken, M|
|poke|p1|Dragonite, M|
|poke|p2|Quaquaval, M|
|poke|p2|Serperior, F|
|poke|p2|Whimsicott, M|
|poke|p2|Indeedee, M|
|poke|p2|Corviknight, F|
|poke|p2|Rotom-Heat|
|teampreview
|inactive|Battle timer is ON: inactive players will automatically lose when time's up. (requested by notmeezo)
|c|☆notmeezo|gl hf
|
|t:|1743928346
|start
|switch|p1a: Blaziken|Blaziken, M|100/100
|switch|p2a: Indeedee|Indeedee, M|100/100
|-fieldstart|move: Psychic Terrain|[from] ability: Psychic Surge|[of] p2a: Indeedee
|turn|1
|
|t:|1743928356
|move|p2a: Indeedee|Expanding Force|p1a: Blaziken
|-supereffective|p1a: Blaziken
|-enditem|p1a: Blaziken|Focus Sash
|-damage|p1a: Blaziken|1/100
|move|p1a: Blaziken|Brick Break|p2a: Indeedee
|-damage|p2a: Indeedee|13/100
|
|-ability|p1a: Blaziken|Speed Boost|boost
|-boost|p1a: Blaziken|spe|1
|upkeep
|turn|2
|
|t:|1743928364
|switch|p2a: Corviknight|Corviknight, F|100/100
|move|p1a: Blaziken|Brick Break|p2a: Corviknight
|-damage|p2a: Corviknight|75/100
|-damage|p1a: Blaziken|0 fnt|[from] item: Rocky Helmet|[of] p2a: Corviknight
|faint|p1a: Blaziken
|
|upkeep
|
|t:|1743928375
|switch|p1a: Raging Bolt|Raging Bolt|100/100
|-enditem|p1a: Raging Bolt|Booster Energy
|-activate|p1a: Raging Bolt|ability: Protosynthesis|[fromitem]
|-start|p1a: Raging Bolt|protosynthesisspa
|turn|3
|
|t:|1743928382
|switch|p2a: Rotom|Rotom-Heat|100/100
|move|p1a: Raging Bolt|Thunderbolt|p2a: Rotom
|-resisted|p2a: Rotom
|-crit|p2a: Rotom
|-damage|p2a: Rotom|32/100
|
|upkeep
|turn|4
|
|t:|1743928392
|move|p2a: Rotom|Trick|p1a: Raging Bolt
|-activate|p2a: Rotom|move: Trick|[of] p1a: Raging Bolt
|-item|p1a: Raging Bolt|Choice Scarf|[from] move: Trick
|-enditem|p2a: Rotom|Choice Scarf|[silent]|[from] move: Trick
|move|p1a: Raging Bolt|Ancient Power|p2a: Rotom
|-supereffective|p2a: Rotom
|-damage|p2a: Rotom|0 fnt
|faint|p2a: Rotom
|
|upkeep
|
|t:|1743928404
|switch|p2a: Whimsicott|Whimsicott, M|100/100
|turn|5
|
|t:|1743928409
|-end|p1a: Raging Bolt|Protosynthesis|[silent]
|switch|p1a: Corviknight|Corviknight, M|100/100
|move|p2a: Whimsicott|Substitute|p2a: Whimsicott
|-start|p2a: Whimsicott|Substitute
|-damage|p2a: Whimsicott|75/100
|
|-fieldend|move: Psychic Terrain
|upkeep
|turn|6
|
|t:|1743928417
|move|p2a: Whimsicott|Leech Seed|p1a: Corviknight
|-start|p1a: Corviknight|move: Leech Seed
|move|p1a: Corviknight|Brave Bird|p2a: Whimsicott
|-supereffective|p2a: Whimsicott
|-end|p2a: Whimsicott|Substitute
|-damage|p1a: Corviknight|93/100|[from] Recoil|[of] p2a: Whimsicott
|
|-heal|p1a: Corviknight|99/100|[from] item: Leftovers
|-damage|p1a: Corviknight|87/100|[from] Leech Seed|[of] p2a: Whimsicott
|-heal|p2a: Whimsicott|89/100|[silent]
|upkeep
|turn|7
|
|t:|1743928429
|switch|p2a: Corviknight|Corviknight, F|75/100
|switch|p1a: Dragonite|Dragonite, M|100/100
|
|upkeep
|turn|8
|
|t:|1743928442
|move|p1a: Dragonite|Ice Spinner|p2a: Corviknight
|-damage|p2a: Corviknight|57/100
|-damage|p1a: Dragonite|84/100|[from] item: Rocky Helmet|[of] p2a: Corviknight
|move|p2a: Corviknight|Iron Defense|p2a: Corviknight
|-boost|p2a: Corviknight|def|2
|
|-heal|p1a: Dragonite|90/100|[from] item: Leftovers
|upkeep
|turn|9
|
|t:|1743928450
|switch|p1a: Raging Bolt|Raging Bolt|100/100
|move|p2a: Corviknight|Roost|p2a: Corviknight
|-heal|p2a: Corviknight|100/100
|-singleturn|p2a: Corviknight|move: Roost
|
|upkeep
|turn|10
|
|t:|1743928461
|move|p1a: Raging Bolt|Volt Switch|p2a: Corviknight
|-supereffective|p2a: Corviknight
|-damage|p2a: Corviknight|19/100
|
|t:|1743928466
|-end|p1a: Raging Bolt|Protosynthesis|[silent]
|switch|p1a: Swampert|Swampert, F|100/100|[from] Volt Switch
|move|p2a: Corviknight|Iron Defense|p2a: Corviknight
|-boost|p2a: Corviknight|def|2
|
|upkeep
|turn|11
|
|t:|1743928472
|move|p1a: Swampert|Ice Punch|p2a: Corviknight
|-damage|p2a: Corviknight|15/100
|-damage|p1a: Swampert|84/100|[from] item: Rocky Helmet|[of] p2a: Corviknight
|move|p2a: Corviknight|Body Press|p1a: Swampert
|-damage|p1a: Swampert|10/100
|
|-heal|p1a: Swampert|16/100|[from] item: Leftovers
|upkeep
|turn|12
|
|t:|1743928483
|switch|p1a: Raging Bolt|Raging Bolt|100/100
|move|p2a: Corviknight|Roost|p2a: Corviknight
|-heal|p2a: Corviknight|65/100
|-singleturn|p2a: Corviknight|move: Roost
|
|upkeep
|turn|13
|
|t:|1743928490
|switch|p2a: Whimsicott|Whimsicott, M|89/100
|move|p1a: Raging Bolt|Thunderbolt|p2a: Whimsicott
|-resisted|p2a: Whimsicott
|-damage|p2a: Whimsicott|59/100
|
|upkeep
|turn|14
|
|t:|1743928498
|-end|p1a: Raging Bolt|Protosynthesis|[silent]
|switch|p1a: Corviknight|Corviknight, M|87/100
|move|p2a: Whimsicott|Substitute|p2a: Whimsicott
|-start|p2a: Whimsicott|Substitute
|-damage|p2a: Whimsicott|34/100
|
|-heal|p1a: Corviknight|93/100|[from] item: Leftovers
|upkeep
|turn|15
|
|t:|1743928511
|switch|p1a: Raging Bolt|Raging Bolt|100/100
|move|p2a: Whimsicott|Leech Seed|p1a: Raging Bolt
|-start|p1a: Raging Bolt|move: Leech Seed
|
|-damage|p1a: Raging Bolt|88/100|[from] Leech Seed|[of] p2a: Whimsicott
|-heal|p2a: Whimsicott|49/100|[silent]
|upkeep
|turn|16
|
|t:|1743928519
|move|p2a: Whimsicott|Leech Seed||[still]
|-fail|p2a: Whimsicott
|move|p1a: Raging Bolt|Volt Switch|p2a: Whimsicott
|-resisted|p2a: Whimsicott
|-activate|p2a: Whimsicott|move: Substitute|[damage]
|
|t:|1743928530
|-end|p1a: Raging Bolt|Protosynthesis|[silent]
|switch|p1a: Corviknight|Corviknight, M|93/100|[from] Volt Switch
|
|-heal|p1a: Corviknight|99/100|[from] item: Leftovers
|upkeep
|turn|17
|
|t:|1743928536
|move|p2a: Whimsicott|Leech Seed|p1a: Corviknight
|-start|p1a: Corviknight|move: Leech Seed
|move|p1a: Corviknight|Brave Bird|p2a: Whimsicott
|-supereffective|p2a: Whimsicott
|-crit|p2a: Whimsicott
|-end|p2a: Whimsicott|Substitute
|-damage|p1a: Corviknight|98/100|[from] Recoil|[of] p2a: Whimsicott
|
|-heal|p1a: Corviknight|100/100|[from] item: Leftovers
|-damage|p1a: Corviknight|88/100|[from] Leech Seed|[of] p2a: Whimsicott
|-heal|p2a: Whimsicott|63/100|[silent]
|upkeep
|turn|18
|
|t:|1743928546
|switch|p1a: Breloom|Breloom, F|100/100
|move|p2a: Whimsicott|Substitute|p2a: Whimsicott
|-start|p2a: Whimsicott|Substitute
|-damage|p2a: Whimsicott|38/100
|
|upkeep
|turn|19
|
|t:|1743928559
|move|p1a: Breloom|Mach Punch|p2a: Whimsicott
|-resisted|p2a: Whimsicott
|-activate|p2a: Whimsicott|move: Substitute|[damage]
|move|p2a: Whimsicott|Moonblast|p1a: Breloom
|-supereffective|p1a: Breloom
|-enditem|p1a: Breloom|Focus Sash
|-damage|p1a: Breloom|1/100
|-unboost|p1a: Breloom|spa|1
|
|upkeep
|turn|20
|
|t:|1743928567
|move|p2a: Whimsicott|Moonblast|p1a: Breloom
|-supereffective|p1a: Breloom
|-damage|p1a: Breloom|0 fnt
|faint|p1a: Breloom
|
|upkeep
|
|t:|1743928575
|switch|p1a: Corviknight|Corviknight, M|88/100
|turn|21
|
|t:|1743928578
|move|p2a: Whimsicott|Leech Seed|p1a: Corviknight
|-start|p1a: Corviknight|move: Leech Seed
|move|p1a: Corviknight|Brave Bird|p2a: Whimsicott
|-supereffective|p2a: Whimsicott
|-end|p2a: Whimsicott|Substitute
|-damage|p1a: Corviknight|86/100|[from] Recoil|[of] p2a: Whimsicott
|
|-heal|p1a: Corviknight|93/100|[from] item: Leftovers
|-damage|p1a: Corviknight|80/100|[from] Leech Seed|[of] p2a: Whimsicott
|-heal|p2a: Whimsicott|51/100|[silent]
|upkeep
|turn|22
|
|t:|1743928591
|switch|p1a: Dragonite|Dragonite, M|90/100
|move|p2a: Whimsicott|Substitute|p2a: Whimsicott
|-start|p2a: Whimsicott|Substitute
|-damage|p2a: Whimsicott|26/100
|
|-heal|p1a: Dragonite|96/100|[from] item: Leftovers
|upkeep
|turn|23
|
|t:|1743928599
|-terastallize|p1a: Dragonite|Normal
|move|p2a: Whimsicott|Moonblast|p1a: Dragonite
|-damage|p1a: Dragonite|69/100
|move|p1a: Dragonite|Ice Spinner|p2a: Whimsicott
|-supereffective|p2a: Whimsicott
|-end|p2a: Whimsicott|Substitute
|
|-heal|p1a: Dragonite|75/100|[from] item: Leftovers
|upkeep
|turn|24
|
|t:|1743928609
|switch|p2a: Corviknight|Corviknight, F|65/100
|switch|p1a: Raging Bolt|Raging Bolt|88/100
|
|upkeep
|turn|25
|
|t:|1743928619
|move|p1a: Raging Bolt|Ancient Power|p2a: Corviknight
|-damage|p2a: Corviknight|43/100
|move|p2a: Corviknight|Roost|p2a: Corviknight
|-heal|p2a: Corviknight|93/100
|-singleturn|p2a: Corviknight|move: Roost
|
|upkeep
|turn|26
|
|t:|1743928628
|-end|p1a: Raging Bolt|Protosynthesis|[silent]
|switch|p1a: Dragonite|Dragonite, M, tera:Normal|75/100
|move|p2a: Corviknight|Iron Defense|p2a: Corviknight
|-boost|p2a: Corviknight|def|2
|
|-heal|p1a: Dragonite|81/100|[from] item: Leftovers
|upkeep
|turn|27
|
|t:|1743928635
|switch|p1a: Raging Bolt|Raging Bolt|88/100
|move|p2a: Corviknight|Body Press|p1a: Raging Bolt
|-damage|p1a: Raging Bolt|41/100
|
|upkeep
|turn|28
|
|t:|1743928644
|move|p1a: Raging Bolt|Thunderbolt|p2a: Corviknight
|-supereffective|p2a: Corviknight
|-damage|p2a: Corviknight|1/100
|move|p2a: Corviknight|Body Press|p1a: Raging Bolt
|-damage|p1a: Raging Bolt|0 fnt
|faint|p1a: Raging Bolt
|-end|p1a: Raging Bolt|Protosynthesis|[silent]
|
|upkeep
|
|t:|1743928651
|switch|p1a: Dragonite|Dragonite, M, tera:Normal|81/100
|turn|29
|
|t:|1743928658
|move|p1a: Dragonite|Extreme Speed|p2a: Corviknight
|-resisted|p2a: Corviknight
|-damage|p2a: Corviknight|0 fnt
|-damage|p1a: Dragonite|65/100|[from] item: Rocky Helmet|[of] p2a: Corviknight
|faint|p2a: Corviknight
|
|-heal|p1a: Dragonite|71/100|[from] item: Leftovers
|upkeep
|
|t:|1743928666
|switch|p2a: Serperior|Serperior, F|100/100
|turn|30
|
|t:|1743928671
|move|p2a: Serperior|Substitute|p2a: Serperior
|-start|p2a: Serperior|Substitute
|-damage|p2a: Serperior|75/100
|move|p1a: Dragonite|Ice Spinner|p2a: Serperior
|-supereffective|p2a: Serperior
|-end|p2a: Serperior|Substitute
|
|-heal|p2a: Serperior|81/100|[from] item: Leftovers
|-heal|p1a: Dragonite|77/100|[from] item: Leftovers
|upkeep
|turn|31
|
|t:|1743928680
|-terastallize|p2a: Serperior|Electric
|move|p2a: Serperior|Glare|p1a: Dragonite
|-status|p1a: Dragonite|par
|cant|p1a: Dragonite|par
|
|-heal|p2a: Serperior|87/100|[from] item: Leftovers
|-heal|p1a: Dragonite|83/100 par|[from] item: Leftovers
|upkeep
|turn|32
|
|t:|1743928689
|move|p2a: Serperior|Substitute|p2a: Serperior
|-start|p2a: Serperior|Substitute
|-damage|p2a: Serperior|62/100
|move|p1a: Dragonite|Earthquake|p2a: Serperior
|-supereffective|p2a: Serperior
|-end|p2a: Serperior|Substitute
|
|-heal|p2a: Serperior|68/100|[from] item: Leftovers
|-heal|p1a: Dragonite|89/100 par|[from] item: Leftovers
|upkeep
|turn|33
|
|t:|1743928697
|move|p2a: Serperior|Tera Blast|p1a: Dragonite|[anim] Tera Blast Electric
|-damage|p1a: Dragonite|60/100 par
|cant|p1a: Dragonite|par
|
|-heal|p2a: Serperior|74/100|[from] item: Leftovers
|-heal|p1a: Dragonite|66/100 par|[from] item: Leftovers
|upkeep
|turn|34
|
|t:|1743928705
|move|p2a: Serperior|Substitute|p2a: Serperior
|-start|p2a: Serperior|Substitute
|-damage|p2a: Serperior|49/100
|move|p1a: Dragonite|Earthquake|p2a: Serperior
|-supereffective|p2a: Serperior
|-end|p2a: Serperior|Substitute
|
|-heal|p2a: Serperior|56/100|[from] item: Leftovers
|-heal|p1a: Dragonite|72/100 par|[from] item: Leftovers
|upkeep
|turn|35
|
|t:|1743928714
|move|p2a: Serperior|Substitute|p2a: Serperior
|-start|p2a: Serperior|Substitute
|-damage|p2a: Serperior|30/100
|move|p1a: Dragonite|Earthquake|p2a: Serperior
|-supereffective|p2a: Serperior
|-end|p2a: Serperior|Substitute
|
|-heal|p2a: Serperior|36/100|[from] item: Leftovers
|-heal|p1a: Dragonite|78/100 par|[from] item: Leftovers
|upkeep
|turn|36
|
|t:|1743928725
|move|p2a: Serperior|Substitute|p2a: Serperior
|-start|p2a: Serperior|Substitute
|-damage|p2a: Serperior|11/100
|move|p1a: Dragonite|Earthquake|p2a: Serperior
|-supereffective|p2a: Serperior
|-end|p2a: Serperior|Substitute
|
|-heal|p2a: Serperior|17/100|[from] item: Leftovers
|-heal|p1a: Dragonite|84/100 par|[from] item: Leftovers
|upkeep
|turn|37
|
|t:|1743928733
|switch|p2a: Quaquaval|Quaquaval, M|100/100
|move|p1a: Dragonite|Extreme Speed|p2a: Quaquaval
|-damage|p2a: Quaquaval|52/100
|
|-heal|p1a: Dragonite|91/100 par|[from] item: Leftovers
|upkeep
|turn|38
|
|t:|1743928742
|switch|p1a: Corviknight|Corviknight, M|80/100
|move|p2a: Quaquaval|Close Combat|p1a: Corviknight
|-damage|p1a: Corviknight|12/100
|-unboost|p2a: Quaquaval|def|1
|-unboost|p2a: Quaquaval|spd|1
|-damage|p2a: Quaquaval|42/100|[from] item: Life Orb
|
|-heal|p1a: Corviknight|18/100|[from] item: Leftovers
|upkeep
|turn|39
|
|t:|1743928752
|move|p2a: Quaquaval|Close Combat|p1a: Corviknight
|-damage|p1a: Corviknight|0 fnt
|-unboost|p2a: Quaquaval|def|1
|-unboost|p2a: Quaquaval|spd|1
|faint|p1a: Corviknight
|-ability|p2a: Quaquaval|Moxie|boost
|-boost|p2a: Quaquaval|atk|1
|-damage|p2a: Quaquaval|32/100|[from] item: Life Orb
|
|upkeep
|
|t:|1743928761
|switch|p1a: Dragonite|Dragonite, M, tera:Normal|91/100 par
|turn|40
|
|t:|1743928764
|move|p2a: Quaquaval|Aqua Jet|p1a: Dragonite
|-damage|p1a: Dragonite|51/100 par
|-damage|p2a: Quaquaval|23/100|[from] item: Life Orb
|move|p1a: Dragonite|Ice Spinner|p2a: Quaquaval
|-resisted|p2a: Quaquaval
|-damage|p2a: Quaquaval|0 fnt
|faint|p2a: Quaquaval
|
|-heal|p1a: Dragonite|57/100 par|[from] item: Leftovers
|upkeep
|
|t:|1743928770
|switch|p2a: Indeedee|Indeedee, M|13/100
|-fieldstart|move: Psychic Terrain|[from] ability: Psychic Surge|[of] p2a: Indeedee
|turn|41
|
|t:|1743928776
|move|p1a: Dragonite|Extreme Speed|p2a: Indeedee
|-activate|p2a: Indeedee|move: Psychic Terrain
|move|p2a: Indeedee|Healing Wish|p2a: Indeedee
|faint|p2a: Indeedee
|
|-heal|p1a: Dragonite|63/100 par|[from] item: Leftovers
|upkeep
|
|t:|1743928788
|switch|p2a: Serperior|Serperior, F, tera:Electric|17/100
|-heal|p2a: Serperior|100/100|[from] move: Healing Wish
|turn|42
|
|t:|1743928793
|move|p2a: Serperior|Leaf Storm|p1a: Dragonite
|-damage|p1a: Dragonite|21/100 par
|-boost|p2a: Serperior|spa|2
|move|p1a: Dragonite|Earthquake|p2a: Serperior
|-supereffective|p2a: Serperior
|-damage|p2a: Serperior|15/100
|
|-heal|p2a: Serperior|21/100|[from] item: Leftovers
|-heal|p1a: Dragonite|27/100 par|[from] item: Leftovers
|upkeep
|turn|43
|
|t:|1743928803
|move|p1a: Dragonite|Extreme Speed|p2a: Serperior
|-activate|p2a: Serperior|move: Psychic Terrain
|move|p2a: Serperior|Tera Blast|p1a: Dragonite|[anim] Tera Blast Electric
|-damage|p1a: Dragonite|0 fnt
|faint|p1a: Dragonite
|
|-heal|p2a: Serperior|27/100|[from] item: Leftovers
|upkeep
|
|t:|1743928810
|switch|p1a: Swampert|Swampert, F|16/100
|turn|44
|
|t:|1743928813
|move|p2a: Serperior|Leaf Storm|p1a: Swampert
|-supereffective|p1a: Swampert
|-damage|p1a: Swampert|0 fnt
|-boost|p2a: Serperior|spa|2
|faint|p1a: Swampert
|
|win|notmeezo
|raw|asw990117's rating: 1118 &rarr; <strong>1093</strong><br />(-25 for losing)
|raw|notmeezo's rating: 1121 &rarr; <strong>1146</strong><br />(+25 for winning)
|l|☆asw990117
|player|p1|
|l|☆notmeezo
|player|p2|
