|j|☆NatsuNoYutsu
|j|‽norebuhl
|t:|1743924361
|gametype|singles
|player|p1|NatsuNoYutsu|preschooler|1335
|player|p2|norebuhl|101|1429
|teamsize|p1|6
|teamsize|p2|6
|gen|9
|tier|[Gen 9] OU
|rated|
|rule|HP Percentage Mod: HP is shown in percentages
|rule|Endless Battle Clause: Forcing endless battles is banned
|rule|Species Clause: Limit one of each Pokémon
|rule|OHKO Clause: OHKO moves are banned
|rule|Evasion Items Clause: Evasion items are banned
|rule|Evasion Moves Clause: Evasion moves are banned
|rule|Sleep Moves Clause: Sleep-inducing moves are banned
|clearpoke
|poke|p1|Darkrai|
|poke|p1|Ceruledge, M|
|poke|p1|Garchomp, M|
|poke|p1|Ogerpon-Wellspring, F|
|poke|p1|Gholdengo|
|poke|p1|Weezing-Galar, F|
|poke|p2|Dragapult, M|
|poke|p2|Pecharunt|
|poke|p2|Mimikyu, M|
|poke|p2|Gholdengo|
|poke|p2|Ceruledge, M|
|poke|p2|Polteageist|
|teampreview
|inactive|Battle timer is ON: inactive players will automatically lose when time's up. (requested by NatsuNoYutsu)
|j| flatziswashed ⚝彡
|inactive|norebuhl has 120 seconds left.
|
|t:|1743924397
|start
|switch|p1a: Ogerpon|Ogerpon-Wellspring, F|100/100
|switch|p2a: Dragapult|Dragapult, M|100/100
|turn|1
|
|t:|1743924404
|switch|p1a: Garchomp|Garchomp, M|100/100
|move|p2a: Dragapult|Will-O-Wisp|p1a: Garchomp
|-status|p1a: Garchomp|brn
|
|-damage|p1a: Garchomp|94/100 brn|[from] brn
|upkeep
|turn|2
|
|t:|1743924414
|switch|p1a: Weezing|Weezing-Galar, F|100/100
|move|p2a: Dragapult|Hex|p1a: Weezing
|-damage|p1a: Weezing|65/100
|
|-heal|p1a: Weezing|71/100|[from] item: Leftovers
|upkeep
|turn|3
|
|t:|1743924424
|switch|p1a: Gholdengo|Gholdengo|100/100
|move|p2a: Dragapult|U-turn|p1a: Gholdengo
|-resisted|p1a: Gholdengo
|-damage|p1a: Gholdengo|96/100
|j| victini05
|
|t:|1743924447
|switch|p2a: Polteageist|Polteageist|100/100|[from] U-turn
|
|-heal|p1a: Gholdengo|100/100|[from] item: Leftovers
|upkeep
|turn|4
|inactive|norebuhl has 120 seconds left.
|
|t:|1743924462
|move|p2a: Polteageist|Shell Smash|p2a: Polteageist
|-unboost|p2a: Polteageist|def|1
|-unboost|p2a: Polteageist|spd|1
|-boost|p2a: Polteageist|atk|2
|-boost|p2a: Polteageist|spa|2
|-boost|p2a: Polteageist|spe|2
|move|p1a: Gholdengo|Nasty Plot|p1a: Gholdengo
|-boost|p1a: Gholdengo|spa|2
|
|upkeep
|turn|5
|inactive|norebuhl has 120 seconds left.
|
|t:|1743924472
|move|p2a: Polteageist|Shadow Ball|p1a: Gholdengo
|-supereffective|p1a: Gholdengo
|-damage|p1a: Gholdengo|0 fnt
|faint|p1a: Gholdengo
|
|upkeep
|
|t:|1743924482
|switch|p1a: Darkrai|Darkrai, shiny|100/100
|turn|6
|
|t:|1743924487
|-terastallize|p2a: Polteageist|Fighting
|move|p2a: Polteageist|Tera Blast|p1a: Darkrai|[anim] Tera Blast Fighting
|-supereffective|p1a: Darkrai
|-damage|p1a: Darkrai|0 fnt
|faint|p1a: Darkrai
|
|upkeep
|
|t:|1743924499
|switch|p1a: Ceruledge|Ceruledge, M|100/100
|turn|7
|
|t:|1743924509
|-terastallize|p1a: Ceruledge|Fighting
|move|p2a: Polteageist|Stored Power|p1a: Ceruledge
|-supereffective|p1a: Ceruledge
|-damage|p1a: Ceruledge|0 fnt
|faint|p1a: Ceruledge
|
|upkeep
|-message|NatsuNoYutsu forfeited.
|
|win|norebuhl
|raw|NatsuNoYutsu's rating: 1335 &rarr; <strong>1320</strong><br />(-15 for losing)
|raw|norebuhl's rating: 1429 &rarr; <strong>1444</strong><br />(+15 for winning)
|l|☆NatsuNoYutsu
|player|p1|
|l|‽norebuhl
|player|p2|
|l| flatziswashed ⚝彡
