|j|☆shuita.otter
|j|☆adiiiie
|t:|1743927788
|gametype|singles
|player|p1|shuita.otter|serena-anime|1206
|player|p2|adiiiie|102|1165
|teamsize|p1|6
|teamsize|p2|6
|gen|9
|tier|[Gen 9] OU
|rated|
|rule|HP Percentage Mod: HP is shown in percentages
|rule|Endless Battle Clause: Forcing endless battles is banned
|rule|Species Clause: Limit one of each Pokémon
|rule|OHKO Clause: OHKO moves are banned
|rule|Evasion Items Clause: Evasion items are banned
|rule|Evasion Moves Clause: Evasion moves are banned
|rule|Sleep Moves Clause: Sleep-inducing moves are banned
|clearpoke
|poke|p1|Ninetales-Alola, M|
|poke|p1|Kyurem|
|poke|p1|Ting-Lu|
|poke|p1|Great Tusk|
|poke|p1|Zamazenta-*|
|poke|p1|Hatterene, F|
|poke|p2|Blaziken, M|
|poke|p2|Galvantula, M|
|poke|p2|Clodsire, M|
|poke|p2|Hatterene, F|
|poke|p2|Brambleghast, M|
|poke|p2|Crawdaunt, M|
|teampreview
|
|t:|1743927798
|start
|switch|p1a: Kyurem|Kyurem, shiny|100/100
|switch|p2a: Blaziken|Blaziken, M|100/100
|-ability|p1a: Kyurem|Pressure
|turn|1
|
|t:|1743927806
|move|p1a: Kyurem|Dragon Dance|p1a: Kyurem
|-boost|p1a: Kyurem|atk|1
|-boost|p1a: Kyurem|spe|1
|move|p2a: Blaziken|Focus Energy|p2a: Blaziken
|-start|p2a: Blaziken|move: Focus Energy
|
|-ability|p2a: Blaziken|Speed Boost|boost
|-boost|p2a: Blaziken|spe|1
|upkeep
|turn|2
|
|t:|1743927815
|move|p1a: Kyurem|Dragon Dance|p1a: Kyurem
|-boost|p1a: Kyurem|atk|1
|-boost|p1a: Kyurem|spe|1
|move|p2a: Blaziken|Overheat|p1a: Kyurem
|-crit|p1a: Kyurem
|-damage|p1a: Kyurem|13/100
|-unboost|p2a: Blaziken|spa|2
|
|-ability|p2a: Blaziken|Speed Boost|boost
|-boost|p2a: Blaziken|spe|1
|upkeep
|turn|3
|
|t:|1743927829
|move|p1a: Kyurem|Dragon Claw|p2a: Blaziken
|-damage|p2a: Blaziken|0 fnt
|faint|p2a: Blaziken
|
|upkeep
|
|t:|1743927837
|switch|p2a: Crawdaunt|Crawdaunt, M|100/100
|turn|4
|
|t:|1743927843
|move|p2a: Crawdaunt|Aqua Jet|p1a: Kyurem
|-resisted|p1a: Kyurem
|-damage|p1a: Kyurem|0 fnt
|faint|p1a: Kyurem
|
|upkeep
|
|t:|1743927848
|switch|p1a: Zamazenta|Zamazenta|100/100
|-ability|p1a: Zamazenta|Dauntless Shield|boost
|-boost|p1a: Zamazenta|def|1
|turn|5
|
|t:|1743927861
|switch|p2a: Hatterene|Hatterene, F|100/100
|move|p1a: Zamazenta|Iron Defense|p1a: Zamazenta
|-boost|p1a: Zamazenta|def|2
|
|upkeep
|turn|6
|
|t:|1743927879
|move|p1a: Zamazenta|Body Press|p2a: Hatterene
|-resisted|p2a: Hatterene
|-damage|p2a: Hatterene|77/100
|move|p2a: Hatterene|Draining Kiss|p1a: Zamazenta
|-supereffective|p1a: Zamazenta
|-damage|p1a: Zamazenta|41/100
|-heal|p2a: Hatterene|100/100|[from] drain|[of] p1a: Zamazenta
|
|-heal|p1a: Zamazenta|48/100|[from] item: Leftovers
|upkeep
|turn|7
|
|t:|1743927892
|switch|p1a: Ninetales|Ninetales-Alola, M, shiny|100/100
|-weather|Snowscape|[from] ability: Snow Warning|[of] p1a: Ninetales
|move|p2a: Hatterene|Calm Mind|p2a: Hatterene
|-boost|p2a: Hatterene|spa|1
|-boost|p2a: Hatterene|spd|1
|
|-weather|Snowscape|[upkeep]
|upkeep
|turn|8
|
|t:|1743927903
|move|p1a: Ninetales|Freeze-Dry|p2a: Hatterene
|-damage|p2a: Hatterene|83/100
|move|p2a: Hatterene|Calm Mind|p2a: Hatterene
|-boost|p2a: Hatterene|spa|1
|-boost|p2a: Hatterene|spd|1
|
|-weather|Snowscape|[upkeep]
|-heal|p2a: Hatterene|89/100|[from] item: Leftovers
|upkeep
|turn|9
|
|t:|1743927918
|move|p1a: Ninetales|Dazzling Gleam|p2a: Hatterene
|-damage|p2a: Hatterene|71/100
|move|p2a: Hatterene|Mystical Fire|p1a: Ninetales
|-supereffective|p1a: Ninetales
|-enditem|p1a: Ninetales|Focus Sash
|-damage|p1a: Ninetales|1/100
|-unboost|p1a: Ninetales|spa|1
|
|-weather|Snowscape|[upkeep]
|-heal|p2a: Hatterene|77/100|[from] item: Leftovers
|upkeep
|turn|10
|
|t:|1743927932
|move|p1a: Ninetales|Aurora Veil|p1a: Ninetales
|-sidestart|p1: shuita.otter|move: Aurora Veil
|move|p2a: Hatterene|Calm Mind|p2a: Hatterene
|-boost|p2a: Hatterene|spa|1
|-boost|p2a: Hatterene|spd|1
|
|-weather|Snowscape|[upkeep]
|-heal|p2a: Hatterene|83/100|[from] item: Leftovers
|upkeep
|turn|11
|
|t:|1743927942
|move|p1a: Ninetales|Dazzling Gleam|p2a: Hatterene
|-damage|p2a: Hatterene|75/100
|move|p2a: Hatterene|Draining Kiss|p1a: Ninetales
|-damage|p1a: Ninetales|0 fnt
|-heal|p2a: Hatterene|76/100|[from] drain|[of] p1a: Ninetales
|faint|p1a: Ninetales
|
|-weather|none
|-heal|p2a: Hatterene|82/100|[from] item: Leftovers
|upkeep
|
|t:|1743927956
|switch|p1a: Great Tusk|Great Tusk|100/100
|-enditem|p1a: Great Tusk|Booster Energy
|-activate|p1a: Great Tusk|ability: Protosynthesis|[fromitem]
|-start|p1a: Great Tusk|protosynthesisatk
|turn|12
|
|t:|1743927964
|move|p1a: Great Tusk|Headlong Rush|p2a: Hatterene
|-damage|p2a: Hatterene|4/100
|-unboost|p1a: Great Tusk|def|1
|-unboost|p1a: Great Tusk|spd|1
|move|p2a: Hatterene|Draining Kiss|p1a: Great Tusk
|-supereffective|p1a: Great Tusk
|-damage|p1a: Great Tusk|0 fnt
|-heal|p2a: Hatterene|95/100|[from] drain|[of] p1a: Great Tusk
|faint|p1a: Great Tusk
|-end|p1a: Great Tusk|Protosynthesis|[silent]
|
|-heal|p2a: Hatterene|100/100|[from] item: Leftovers
|upkeep
|-message|shuita.otter forfeited.
|
|win|adiiiie
|raw|shuita.otter's rating: 1206 &rarr; <strong>1178</strong><br />(-28 for losing)
|raw|adiiiie's rating: 1165 &rarr; <strong>1193</strong><br />(+28 for winning)
|l|☆shuita.otter
|player|p1|
|l|☆adiiiie
|player|p2|
