|j|☆pryac3628
|j|☆Gidz8
|t:|1743933179
|gametype|singles
|player|p1|pryac3628|170|1116
|player|p2|Gidz8|1|1053
|teamsize|p1|6
|teamsize|p2|6
|gen|9
|tier|[Gen 9] OU
|rated|
|rule|HP Percentage Mod: HP is shown in percentages
|rule|Endless Battle Clause: Forcing endless battles is banned
|rule|Species Clause: Limit one of each Pokémon
|rule|OHKO Clause: OHKO moves are banned
|rule|Evasion Items Clause: Evasion items are banned
|rule|Evasion Moves Clause: Evasion moves are banned
|rule|Sleep Moves Clause: Sleep-inducing moves are banned
|clearpoke
|poke|p1|Moltres-Galar|
|poke|p1|Tinkaton, F|
|poke|p1|Iron Boulder|
|poke|p1|Kyurem|
|poke|p1|Serperior, M|
|poke|p1|Zapdos|
|poke|p2|Mew|
|poke|p2|Shaymin|
|poke|p2|Gliscor, F|
|poke|p2|Azumarill, M|
|poke|p2|Garganacl, M|
|poke|p2|Dusclops, M|
|teampreview
|inactive|Battle timer is ON: inactive players will automatically lose when time's up. (requested by pryac3628)
|
|t:|1743933185
|start
|switch|p1a: Serperior|Serperior, M, shiny|100/100
|switch|p2a: Gliscor|Gliscor, F|100/100
|turn|1
|
|t:|1743933196
|move|p1a: Serperior|Leaf Storm|p2a: Gliscor
|-damage|p2a: Gliscor|47/100
|-boost|p1a: Serperior|spa|2
|move|p2a: Gliscor|Stealth Rock|p1a: Serperior
|-sidestart|p1: pryac3628|move: Stealth Rock
|
|-status|p2a: Gliscor|tox|[from] item: Toxic Orb
|upkeep
|turn|2
|
|t:|1743933206
|move|p2a: Gliscor|Protect|p2a: Gliscor
|-singleturn|p2a: Gliscor|Protect
|move|p1a: Serperior|Leaf Storm|p2a: Gliscor
|-activate|p2a: Gliscor|move: Protect
|
|-heal|p2a: Gliscor|59/100 tox|[from] ability: Poison Heal
|upkeep
|turn|3
|
|t:|1743933218
|switch|p2a: Shaymin|Shaymin|100/100
|move|p1a: Serperior|Leaf Storm|p2a: Shaymin
|-resisted|p2a: Shaymin
|-damage|p2a: Shaymin|74/100
|-boost|p1a: Serperior|spa|2
|
|-heal|p2a: Shaymin|80/100|[from] item: Leftovers
|upkeep
|turn|4
|
|t:|1743933239
|switch|p1a: Moltres|Moltres-Galar|100/100
|move|p2a: Shaymin|Seed Flare|p1a: Moltres
|-resisted|p1a: Moltres
|-damage|p1a: Moltres|82/100
|
|-heal|p2a: Shaymin|86/100|[from] item: Leftovers
|upkeep
|turn|5
|
|t:|1743933247
|move|p2a: Shaymin|Protect|p2a: Shaymin
|-singleturn|p2a: Shaymin|Protect
|move|p1a: Moltres|Nasty Plot|p1a: Moltres
|-boost|p1a: Moltres|spa|2
|
|-heal|p2a: Shaymin|93/100|[from] item: Leftovers
|upkeep
|turn|6
|
|t:|1743933253
|move|p1a: Moltres|Agility|p1a: Moltres
|-boost|p1a: Moltres|spe|2
|move|p2a: Shaymin|Leech Seed|p1a: Moltres
|-start|p1a: Moltres|move: Leech Seed
|
|-heal|p2a: Shaymin|99/100|[from] item: Leftovers
|-damage|p1a: Moltres|70/100|[from] Leech Seed|[of] p2a: Shaymin
|-heal|p2a: Shaymin|100/100|[silent]
|upkeep
|turn|7
|
|t:|1743933258
|-terastallize|p1a: Moltres|Dark
|move|p1a: Moltres|Fiery Wrath|p2a: Shaymin
|-damage|p2a: Shaymin|35/100
|move|p2a: Shaymin|Seed Flare|p1a: Moltres
|-damage|p1a: Moltres|36/100
|-ability|p1a: Moltres|Berserk|boost
|-boost|p1a: Moltres|spa|1
|
|-heal|p2a: Shaymin|41/100|[from] item: Leftovers
|-damage|p1a: Moltres|23/100|[from] Leech Seed|[of] p2a: Shaymin
|-heal|p2a: Shaymin|51/100|[silent]
|upkeep
|turn|8
|
|t:|1743933269
|move|p2a: Shaymin|Protect|p2a: Shaymin
|-singleturn|p2a: Shaymin|Protect
|move|p1a: Moltres|Fiery Wrath|p2a: Shaymin
|-activate|p2a: Shaymin|move: Protect
|
|-heal|p2a: Shaymin|57/100|[from] item: Leftovers
|-damage|p1a: Moltres|11/100|[from] Leech Seed|[of] p2a: Shaymin
|-heal|p2a: Shaymin|67/100|[silent]
|upkeep
|turn|9
|
|t:|1743933285
|switch|p2a: Gliscor|Gliscor, F|59/100 tox
|move|p1a: Moltres|Fiery Wrath|p2a: Gliscor
|-damage|p2a: Gliscor|0 fnt
|faint|p2a: Gliscor
|
|upkeep
|
|t:|1743933291
|switch|p2a: Shaymin|Shaymin|67/100
|turn|10
|
|t:|1743933313
|switch|p1a: Kyurem|Kyurem, shiny|100/100
|-damage|p1a: Kyurem|76/100|[from] Stealth Rock
|-ability|p1a: Kyurem|Pressure
|move|p2a: Shaymin|Leech Seed|p1a: Kyurem
|-start|p1a: Kyurem|move: Leech Seed
|
|-heal|p1a: Kyurem|82/100|[from] item: Leftovers
|-heal|p2a: Shaymin|73/100|[from] item: Leftovers
|-damage|p1a: Kyurem|70/100|[from] Leech Seed|[of] p2a: Shaymin
|-heal|p2a: Shaymin|85/100|[silent]
|upkeep
|turn|11
|
|t:|1743933324
|move|p2a: Shaymin|Protect|p2a: Shaymin
|-singleturn|p2a: Shaymin|Protect
|move|p1a: Kyurem|Icicle Spear|p2a: Shaymin
|-activate|p2a: Shaymin|move: Protect
|
|-heal|p1a: Kyurem|76/100|[from] item: Leftovers
|-heal|p2a: Shaymin|91/100|[from] item: Leftovers
|-damage|p1a: Kyurem|63/100|[from] Leech Seed|[of] p2a: Shaymin
|-heal|p2a: Shaymin|100/100|[silent]
|upkeep
|turn|12
|
|t:|1743933333
|move|p1a: Kyurem|Icicle Spear|p2a: Shaymin
|-supereffective|p2a: Shaymin
|-damage|p2a: Shaymin|75/100
|-supereffective|p2a: Shaymin
|-damage|p2a: Shaymin|50/100
|-hitcount|p2a: Shaymin|2
|move|p2a: Shaymin|Seed Flare|p1a: Kyurem
|-resisted|p1a: Kyurem
|-damage|p1a: Kyurem|45/100
|
|-heal|p1a: Kyurem|51/100|[from] item: Leftovers
|-heal|p2a: Shaymin|56/100|[from] item: Leftovers
|-damage|p1a: Kyurem|39/100|[from] Leech Seed|[of] p2a: Shaymin
|-heal|p2a: Shaymin|68/100|[silent]
|upkeep
|turn|13
|
|t:|1743933356
|move|p1a: Kyurem|Dragon Dance|p1a: Kyurem
|-boost|p1a: Kyurem|atk|1
|-boost|p1a: Kyurem|spe|1
|move|p2a: Shaymin|Seed Flare|p1a: Kyurem
|-resisted|p1a: Kyurem
|-damage|p1a: Kyurem|18/100
|-unboost|p1a: Kyurem|spd|2
|
|-heal|p1a: Kyurem|24/100|[from] item: Leftovers
|-heal|p2a: Shaymin|74/100|[from] item: Leftovers
|-damage|p1a: Kyurem|11/100|[from] Leech Seed|[of] p2a: Shaymin
|-heal|p2a: Shaymin|86/100|[silent]
|upkeep
|turn|14
|
|t:|1743933369
|move|p2a: Shaymin|Protect|p2a: Shaymin
|-singleturn|p2a: Shaymin|Protect
|move|p1a: Kyurem|Icicle Spear|p2a: Shaymin
|-activate|p2a: Shaymin|move: Protect
|
|-heal|p1a: Kyurem|18/100|[from] item: Leftovers
|-heal|p2a: Shaymin|92/100|[from] item: Leftovers
|-damage|p1a: Kyurem|5/100|[from] Leech Seed|[of] p2a: Shaymin
|-heal|p2a: Shaymin|100/100|[silent]
|upkeep
|turn|15
|
|t:|1743933390
|switch|p2a: Azumarill|Azumarill, M|100/100
|move|p1a: Kyurem|Icicle Spear|p2a: Azumarill
|-resisted|p2a: Azumarill
|-crit|p2a: Azumarill
|-damage|p2a: Azumarill|92/100
|-resisted|p2a: Azumarill
|-crit|p2a: Azumarill
|-damage|p2a: Azumarill|83/100
|-resisted|p2a: Azumarill
|-damage|p2a: Azumarill|77/100
|-resisted|p2a: Azumarill
|-damage|p2a: Azumarill|72/100
|-resisted|p2a: Azumarill
|-damage|p2a: Azumarill|66/100
|-hitcount|p2a: Azumarill|5
|
|-heal|p1a: Kyurem|11/100|[from] item: Leftovers
|-damage|p1a: Kyurem|0 fnt|[from] Leech Seed|[of] p2a: Azumarill
|-heal|p2a: Azumarill|77/100|[silent]
|faint|p1a: Kyurem
|upkeep
|
|t:|1743933394
|switch|p1a: Zapdos|Zapdos|100/100
|turn|16
|
|t:|1743933408
|move|p1a: Zapdos|Volt Switch|p2a: Azumarill
|-supereffective|p2a: Azumarill
|-damage|p2a: Azumarill|24/100
|inactive|pryac3628 has 120 seconds left.
|
|t:|1743933447
|switch|p1a: Moltres|Moltres-Galar, tera:Dark|11/100|[from] Volt Switch
|move|p2a: Azumarill|Amnesia|p2a: Azumarill
|-boost|p2a: Azumarill|spd|2
|
|upkeep
|turn|17
|
|t:|1743933459
|move|p1a: Moltres|Fiery Wrath|p2a: Azumarill
|-resisted|p2a: Azumarill
|-damage|p2a: Azumarill|13/100
|cant|p2a: Azumarill|flinch
|
|upkeep
|turn|18
|
|t:|1743933474
|move|p1a: Moltres|Air Slash|p2a: Azumarill
|-damage|p2a: Azumarill|0 fnt
|faint|p2a: Azumarill
|
|upkeep
|
|t:|1743933481
|switch|p2a: Shaymin|Shaymin|100/100
|turn|19
|
|t:|1743933495
|move|p1a: Moltres|Air Slash|p2a: Shaymin
|-supereffective|p2a: Shaymin
|-damage|p2a: Shaymin|60/100
|move|p2a: Shaymin|Leech Seed|p1a: Moltres
|-start|p1a: Moltres|move: Leech Seed
|
|-heal|p2a: Shaymin|66/100|[from] item: Leftovers
|-damage|p1a: Moltres|0 fnt|[from] Leech Seed|[of] p2a: Shaymin
|-heal|p2a: Shaymin|74/100|[silent]
|faint|p1a: Moltres
|upkeep
|
|t:|1743933500
|switch|p1a: Tinkaton|Tinkaton, F|100/100
|-damage|p1a: Tinkaton|94/100|[from] Stealth Rock
|-ability|p1a: Tinkaton|Mold Breaker
|turn|20
|
|t:|1743933508
|move|p2a: Shaymin|Leech Seed|p1a: Tinkaton
|-start|p1a: Tinkaton|move: Leech Seed
|move|p1a: Tinkaton|Thunder Wave|p2a: Shaymin
|-status|p2a: Shaymin|par
|
|-heal|p2a: Shaymin|80/100 par|[from] item: Leftovers
|-damage|p1a: Tinkaton|82/100|[from] Leech Seed|[of] p2a: Shaymin
|-heal|p2a: Shaymin|92/100 par|[silent]
|upkeep
|turn|21
|inactive|pryac3628 has 120 seconds left.
|
|t:|1743933550
|move|p1a: Tinkaton|Encore|p2a: Shaymin
|-start|p2a: Shaymin|Encore
|move|p2a: Shaymin|Leech Seed||[still]
|-fail|p2a: Shaymin
|
|-heal|p2a: Shaymin|98/100 par|[from] item: Leftovers
|-damage|p1a: Tinkaton|70/100|[from] Leech Seed|[of] p2a: Shaymin
|-heal|p2a: Shaymin|100/100 par|[silent]
|upkeep
|turn|22
|
|t:|1743933558
|-curestatus|p2a: Shaymin|par|[from] ability: Natural Cure
|switch|p2a: Garganacl|Garganacl, M, shiny|100/100
|-item|p2a: Garganacl|Air Balloon
|move|p1a: Tinkaton|Knock Off|p2a: Garganacl
|-damage|p2a: Garganacl|92/100
|-enditem|p2a: Garganacl|Air Balloon
|
|-damage|p1a: Tinkaton|57/100|[from] Leech Seed|[of] p2a: Garganacl
|-heal|p2a: Garganacl|100/100|[silent]
|upkeep
|turn|23
|
|t:|1743933567
|switch|p1a: Zapdos|Zapdos|100/100
|-terastallize|p2a: Garganacl|Ghost
|move|p2a: Garganacl|Salt Cure|p1a: Zapdos
|-supereffective|p1a: Zapdos
|-damage|p1a: Zapdos|74/100
|-start|p1a: Zapdos|Salt Cure
|
|-damage|p1a: Zapdos|62/100|[from] Salt Cure
|upkeep
|turn|24
|
|t:|1743933584
|move|p2a: Garganacl|Protect|p2a: Garganacl
|-singleturn|p2a: Garganacl|Protect
|move|p1a: Zapdos|Hurricane|p2a: Garganacl
|-activate|p2a: Garganacl|move: Protect
|
|-damage|p1a: Zapdos|49/100|[from] Salt Cure
|upkeep
|turn|25
|
|t:|1743933606
|move|p1a: Zapdos|Hurricane|p2a: Garganacl|[miss]
|-miss|p1a: Zapdos|p2a: Garganacl
|move|p2a: Garganacl|Curse|p1a: Zapdos
|-start|p1a: Zapdos|Curse|[of] p2a: Garganacl
|-damage|p2a: Garganacl|50/100
|
|-damage|p1a: Zapdos|25/100|[from] Curse
|-damage|p1a: Zapdos|12/100|[from] Salt Cure
|upkeep
|turn|26
|
|t:|1743933621
|move|p1a: Zapdos|Roost|p1a: Zapdos
|-heal|p1a: Zapdos|62/100
|-singleturn|p1a: Zapdos|move: Roost
|move|p2a: Garganacl|Curse||[still]
|-fail|p2a: Garganacl
|
|-damage|p1a: Zapdos|38/100|[from] Curse
|-damage|p1a: Zapdos|25/100|[from] Salt Cure
|upkeep
|turn|27
|
|t:|1743933627
|move|p1a: Zapdos|Roost|p1a: Zapdos
|-heal|p1a: Zapdos|75/100
|-singleturn|p1a: Zapdos|move: Roost
|move|p2a: Garganacl|Salt Cure|p1a: Zapdos
|-damage|p1a: Zapdos|62/100
|
|-damage|p1a: Zapdos|37/100|[from] Curse
|-damage|p1a: Zapdos|25/100|[from] Salt Cure
|upkeep
|turn|28
|
|t:|1743933630
|move|p1a: Zapdos|Roost|p1a: Zapdos
|-heal|p1a: Zapdos|75/100
|-singleturn|p1a: Zapdos|move: Roost
|move|p2a: Garganacl|Salt Cure|p1a: Zapdos
|-damage|p1a: Zapdos|62/100
|
|-damage|p1a: Zapdos|37/100|[from] Curse
|-damage|p1a: Zapdos|25/100|[from] Salt Cure
|upkeep
|turn|29
|
|t:|1743933641
|move|p1a: Zapdos|Roost|p1a: Zapdos
|-heal|p1a: Zapdos|75/100
|-singleturn|p1a: Zapdos|move: Roost
|move|p2a: Garganacl|Salt Cure|p1a: Zapdos
|-damage|p1a: Zapdos|59/100
|
|-damage|p1a: Zapdos|34/100|[from] Curse
|-damage|p1a: Zapdos|22/100|[from] Salt Cure
|upkeep
|turn|30
|
|t:|1743933651
|move|p1a: Zapdos|Volt Switch|p2a: Garganacl
|-damage|p2a: Garganacl|14/100
|
|t:|1743933666
|switch|p1a: Tinkaton|Tinkaton, F|57/100|[from] Volt Switch
|-damage|p1a: Tinkaton|51/100|[from] Stealth Rock
|-ability|p1a: Tinkaton|Mold Breaker
|move|p2a: Garganacl|Salt Cure|p1a: Tinkaton
|-resisted|p1a: Tinkaton
|-damage|p1a: Tinkaton|43/100
|-start|p1a: Tinkaton|Salt Cure
|
|-damage|p1a: Tinkaton|18/100|[from] Salt Cure
|upkeep
|turn|31
|
|t:|1743933678
|move|p2a: Garganacl|Protect|p2a: Garganacl
|-singleturn|p2a: Garganacl|Protect
|move|p1a: Tinkaton|Knock Off|p2a: Garganacl
|-activate|p2a: Garganacl|move: Protect
|
|-damage|p1a: Tinkaton|0 fnt|[from] Salt Cure
|faint|p1a: Tinkaton
|upkeep
|
|t:|1743933686
|switch|p1a: Serperior|Serperior, M, shiny|100/100
|-damage|p1a: Serperior|88/100|[from] Stealth Rock
|turn|32
|
|t:|1743933700
|move|p1a: Serperior|Leaf Storm|p2a: Garganacl|[miss]
|-miss|p1a: Serperior|p2a: Garganacl
|move|p2a: Garganacl|Curse|p1a: Serperior
|-start|p1a: Serperior|Curse|[of] p2a: Garganacl
|-damage|p2a: Garganacl|0 fnt
|faint|p2a: Garganacl
|
|-damage|p1a: Serperior|63/100|[from] Curse
|upkeep
|
|t:|1743933710
|switch|p2a: Dusclops|Dusclops, M|100/100
|-item|p1a: Serperior|Choice Scarf|[from] ability: Frisk|[of] p2a: Dusclops
|turn|33
|
|t:|1743933714
|move|p2a: Dusclops|Protect|p2a: Dusclops
|-singleturn|p2a: Dusclops|Protect
|move|p1a: Serperior|Leaf Storm|p2a: Dusclops
|-activate|p2a: Dusclops|move: Protect
|
|-damage|p1a: Serperior|39/100|[from] Curse
|upkeep
|turn|34
|
|t:|1743933725
|move|p1a: Serperior|Leaf Storm|p2a: Dusclops
|-damage|p2a: Dusclops|78/100
|-boost|p1a: Serperior|spa|2
|move|p2a: Dusclops|Mean Look|p1a: Serperior
|-activate|p1a: Serperior|trapped
|
|-damage|p1a: Serperior|14/100|[from] Curse
|upkeep
|turn|35
|
|t:|1743933734
|move|p2a: Dusclops|Protect|p2a: Dusclops
|-singleturn|p2a: Dusclops|Protect
|move|p1a: Serperior|Leaf Storm|p2a: Dusclops
|-activate|p2a: Dusclops|move: Protect
|
|-damage|p1a: Serperior|0 fnt|[from] Curse
|faint|p1a: Serperior
|upkeep
|
|t:|1743933744
|switch|p1a: Iron Boulder|Iron Boulder|100/100
|-damage|p1a: Iron Boulder|88/100|[from] Stealth Rock
|-enditem|p1a: Iron Boulder|Booster Energy
|-activate|p1a: Iron Boulder|ability: Quark Drive|[fromitem]
|-start|p1a: Iron Boulder|quarkdrivespe
|turn|36
|
|t:|1743933748
|move|p1a: Iron Boulder|Sacred Sword|p2a: Dusclops
|-immune|p2a: Dusclops
|move|p2a: Dusclops|Curse|p1a: Iron Boulder
|-start|p1a: Iron Boulder|Curse|[of] p2a: Dusclops
|-damage|p2a: Dusclops|28/100
|
|-damage|p1a: Iron Boulder|63/100|[from] Curse
|upkeep
|turn|37
|
|t:|1743933754
|move|p1a: Iron Boulder|Psycho Cut|p2a: Dusclops
|-damage|p2a: Dusclops|5/100
|move|p2a: Dusclops|Pain Split|p1a: Iron Boulder
|-sethp|p1a: Iron Boulder|34/100|[from] move: Pain Split|[silent]
|-sethp|p2a: Dusclops|38/100|[from] move: Pain Split
|
|-damage|p1a: Iron Boulder|9/100|[from] Curse
|upkeep
|turn|38
|
|t:|1743933777
|move|p2a: Dusclops|Protect|p2a: Dusclops
|-singleturn|p2a: Dusclops|Protect
|move|p1a: Iron Boulder|Psycho Cut|p2a: Dusclops
|-activate|p2a: Dusclops|move: Protect
|
|-damage|p1a: Iron Boulder|0 fnt|[from] Curse
|faint|p1a: Iron Boulder
|-end|p1a: Iron Boulder|Quark Drive|[silent]
|upkeep
|c|☆pryac3628|cringz
|
|t:|1743933785
|switch|p1a: Zapdos|Zapdos|22/100
|turn|39
|
|t:|1743933791
|move|p1a: Zapdos|Volt Switch|p2a: Dusclops
|-damage|p2a: Dusclops|18/100
|move|p2a: Dusclops|Pain Split|p1a: Zapdos
|-sethp|p1a: Zapdos|18/100|[from] move: Pain Split|[silent]
|-sethp|p2a: Dusclops|24/100|[from] move: Pain Split
|
|upkeep
|turn|40
|
|t:|1743933799
|move|p1a: Zapdos|Hurricane|p2a: Dusclops
|-damage|p2a: Dusclops|0 fnt
|faint|p2a: Dusclops
|
|upkeep
|
|t:|1743933802
|switch|p2a: Mew|Mew|100/100
|turn|41
|
|t:|1743933820
|move|p2a: Mew|Imprison|p2a: Mew
|-start|p2a: Mew|move: Imprison
|move|p1a: Zapdos|Hurricane|p2a: Mew
|-damage|p2a: Mew|47/100
|-start|p2a: Mew|confusion
|
|-heal|p2a: Mew|53/100|[from] item: Leftovers
|upkeep
|turn|42
|
|t:|1743933826
|-activate|p2a: Mew|confusion
|-damage|p2a: Mew|46/100|[from] confusion
|move|p1a: Zapdos|Roost|p1a: Zapdos
|-heal|p1a: Zapdos|68/100
|-singleturn|p1a: Zapdos|move: Roost
|
|-heal|p2a: Mew|52/100|[from] item: Leftovers
|upkeep
|turn|43
|
|t:|1743933849
|-end|p2a: Mew|confusion
|move|p2a: Mew|Transform|p1a: Zapdos
|-transform|p2a: Mew|p1a: Zapdos
|cant|p1a: Zapdos|move: Imprison|Roost
|
|-heal|p2a: Mew|58/100|[from] item: Leftovers
|upkeep
|turn|44
|
|t:|1743933858
|move|p2a: Mew|Roost|p2a: Mew
|-heal|p2a: Mew|100/100
|-singleturn|p2a: Mew|move: Roost
|-activate|p1a: Zapdos|move: Struggle
|move|p1a: Zapdos|Struggle|p2a: Mew
|-damage|p2a: Mew|93/100
|-damage|p1a: Zapdos|43/100|[from] recoil
|
|-heal|p2a: Mew|99/100|[from] item: Leftovers
|upkeep
|turn|45
|
|t:|1743933865
|move|p2a: Mew|Heat Wave|p1a: Zapdos
|-damage|p1a: Zapdos|7/100
|-status|p1a: Zapdos|brn
|-activate|p1a: Zapdos|move: Struggle
|move|p1a: Zapdos|Struggle|p2a: Mew
|-damage|p2a: Mew|96/100
|-damage|p1a: Zapdos|0 fnt|[from] recoil
|faint|p1a: Zapdos
|
|win|Gidz8
|raw|pryac3628's rating: 1123 &rarr; <strong>1093</strong><br />(-30 for losing)
|raw|Gidz8's rating: 1053 &rarr; <strong>1091</strong><br />(+38 for winning)
|c|☆Gidz8|Gg
|c|☆pryac3628|xd
|c|☆Gidz8|Hope you had fun
|c|☆pryac3628|toxic player
|l|☆Gidz8
|player|p2|
|l|☆pryac3628
|player|p1|
