|j|☆MXR050203
|j|☆OnigiriDesu
|t:|1743927939
|gametype|singles
|player|p1|MXR050203|flint|1175
|player|p2|OnigiriDesu|unknown|1083
|teamsize|p1|6
|teamsize|p2|6
|gen|9
|tier|[Gen 9] OU
|rated|
|rule|HP Percentage Mod: HP is shown in percentages
|rule|Endless Battle Clause: Forcing endless battles is banned
|rule|Species Clause: Limit one of each Pokémon
|rule|OHKO Clause: OHKO moves are banned
|rule|Evasion Items Clause: Evasion items are banned
|rule|Evasion Moves Clause: Evasion moves are banned
|rule|Sleep Moves Clause: Sleep-inducing moves are banned
|clearpoke
|poke|p1|Gliscor, M|
|poke|p1|Kingambit, M|
|poke|p1|Veluza, M|
|poke|p1|Clodsire, M|
|poke|p1|Blaziken, M|
|poke|p1|Walking Wake|
|poke|p2|Skarmory, M|
|poke|p2|Minior|
|poke|p2|Electivire, M|
|poke|p2|Blastoise, M|
|poke|p2|Kingambit, F|
|poke|p2|Toxapex, M|
|teampreview
|inactive|Battle timer is ON: inactive players will automatically lose when time's up. (requested by MXR050203)
|
|t:|1743927943
|start
|switch|p1a: Blaziken|Blaziken, M, shiny|100/100
|switch|p2a: Skarmory|Skarmory, M|100/100
|turn|1
|
|t:|1743927947
|move|p1a: Blaziken|Swords Dance|p1a: Blaziken
|-boost|p1a: Blaziken|atk|2
|move|p2a: Skarmory|Stealth Rock|p1a: Blaziken
|-sidestart|p1: MXR050203|move: Stealth Rock
|
|-ability|p1a: Blaziken|Speed Boost|boost
|-boost|p1a: Blaziken|spe|1
|upkeep
|turn|2
|
|t:|1743927958
|move|p1a: Blaziken|Swords Dance|p1a: Blaziken
|-boost|p1a: Blaziken|atk|2
|move|p2a: Skarmory|Iron Defense|p2a: Skarmory
|-boost|p2a: Skarmory|def|2
|
|-ability|p1a: Blaziken|Speed Boost|boost
|-boost|p1a: Blaziken|spe|1
|upkeep
|turn|3
|
|t:|1743927968
|move|p1a: Blaziken|Swords Dance|p1a: Blaziken
|-boost|p1a: Blaziken|atk|2
|move|p2a: Skarmory|Iron Defense|p2a: Skarmory
|-boost|p2a: Skarmory|def|2
|
|-ability|p1a: Blaziken|Speed Boost|boost
|-boost|p1a: Blaziken|spe|1
|upkeep
|turn|4
|
|t:|1743927974
|move|p1a: Blaziken|Reversal|p2a: Skarmory
|-damage|p2a: Skarmory|91/100
|-damage|p1a: Blaziken|84/100|[from] item: Rocky Helmet|[of] p2a: Skarmory
|move|p2a: Skarmory|Iron Defense|p2a: Skarmory
|-boost|p2a: Skarmory|def|2
|
|-ability|p1a: Blaziken|Speed Boost|boost
|-boost|p1a: Blaziken|spe|1
|upkeep
|turn|5
|
|t:|1743927983
|move|p1a: Blaziken|Reversal|p2a: Skarmory
|-damage|p2a: Skarmory|84/100
|-damage|p1a: Blaziken|67/100|[from] item: Rocky Helmet|[of] p2a: Skarmory
|move|p2a: Skarmory|Body Press|p1a: Blaziken
|-damage|p1a: Blaziken|0 fnt
|faint|p1a: Blaziken
|
|upkeep
|
|t:|1743927989
|switch|p1a: Walking Wake|Walking Wake|100/100
|-damage|p1a: Walking Wake|88/100|[from] Stealth Rock
|turn|6
|
|t:|1743927993
|move|p1a: Walking Wake|Flamethrower|p2a: Skarmory
|-supereffective|p2a: Skarmory
|-damage|p2a: Skarmory|0 fnt
|faint|p2a: Skarmory
|-damage|p1a: Walking Wake|78/100|[from] item: Life Orb
|
|upkeep
|
|t:|1743927999
|switch|p2a: Minior|Minior|100/100
|-formechange|p2a: Minior|Minior-Meteor||[from] ability: Shields Down
|turn|7
|inactive|MXR050203 has 120 seconds left.
|
|t:|1743928032
|move|p1a: Walking Wake|Sunny Day|p1a: Walking Wake
|-weather|SunnyDay
|-activate|p1a: Walking Wake|ability: Protosynthesis
|-start|p1a: Walking Wake|protosynthesisspa
|move|p2a: Minior|Shell Smash|p2a: Minior
|-unboost|p2a: Minior|def|1
|-unboost|p2a: Minior|spd|1
|-boost|p2a: Minior|atk|2
|-boost|p2a: Minior|spa|2
|-boost|p2a: Minior|spe|2
|-enditem|p2a: Minior|White Herb
|-clearnegativeboost|p2a: Minior|[silent]
|
|-weather|SunnyDay|[upkeep]
|upkeep
|turn|8
|
|t:|1743928043
|move|p2a: Minior|Acrobatics|p1a: Walking Wake
|-damage|p1a: Walking Wake|0 fnt
|faint|p1a: Walking Wake
|-end|p1a: Walking Wake|Protosynthesis|[silent]
|
|-weather|SunnyDay|[upkeep]
|upkeep
|
|t:|1743928047
|switch|p1a: Clodsire|Clodsire, M|100/100
|-damage|p1a: Clodsire|94/100|[from] Stealth Rock
|turn|9
|
|t:|1743928052
|move|p2a: Minior|Acrobatics|p1a: Clodsire
|-damage|p1a: Clodsire|55/100
|move|p1a: Clodsire|Toxic|p2a: Minior
|-immune|p2a: Minior|[from] ability: Shields Down
|
|-weather|SunnyDay|[upkeep]
|-heal|p1a: Clodsire|61/100|[from] item: Leftovers
|upkeep
|turn|10
|
|t:|1743928060
|move|p2a: Minior|Acrobatics|p1a: Clodsire
|-damage|p1a: Clodsire|22/100
|move|p1a: Clodsire|Toxic Spikes|p2a: Minior
|-sidestart|p2: OnigiriDesu|move: Toxic Spikes
|
|-weather|SunnyDay|[upkeep]
|-heal|p1a: Clodsire|28/100|[from] item: Leftovers
|upkeep
|turn|11
|
|t:|1743928066
|move|p2a: Minior|Acrobatics|p1a: Clodsire
|-damage|p1a: Clodsire|0 fnt
|faint|p1a: Clodsire
|
|-weather|none
|upkeep
|
|t:|1743928069
|switch|p1a: Gliscor|Gliscor, M|100/100
|-damage|p1a: Gliscor|88/100|[from] Stealth Rock
|turn|12
|
|t:|1743928074
|move|p2a: Minior|Stone Edge|p1a: Gliscor
|-damage|p1a: Gliscor|44/100
|move|p1a: Gliscor|Knock Off|p2a: Minior
|-damage|p2a: Minior|81/100
|
|-status|p1a: Gliscor|tox|[from] item: Toxic Orb
|upkeep
|turn|13
|
|t:|1743928083
|move|p2a: Minior|Stone Edge|p1a: Gliscor
|-damage|p1a: Gliscor|0 fnt
|faint|p1a: Gliscor
|
|upkeep
|
|t:|1743928086
|switch|p1a: Veluza|Veluza, M|100/100
|-damage|p1a: Veluza|88/100|[from] Stealth Rock
|turn|14
|
|t:|1743928090
|move|p2a: Minior|Acrobatics|p1a: Veluza
|-damage|p1a: Veluza|0 fnt
|faint|p1a: Veluza
|
|upkeep
|
|t:|1743928092
|switch|p1a: Kingambit|Kingambit, M, shiny|100/100
|-damage|p1a: Kingambit|94/100|[from] Stealth Rock
|-activate|p1a: Kingambit|ability: Supreme Overlord
|-start|p1a: Kingambit|fallen5|[silent]
|turn|15
|
|t:|1743928099
|move|p1a: Kingambit|Sucker Punch||[still]
|-fail|p1a: Kingambit
|move|p2a: Minior|Shell Smash|p2a: Minior
|-unboost|p2a: Minior|def|1
|-unboost|p2a: Minior|spd|1
|-boost|p2a: Minior|atk|2
|-boost|p2a: Minior|spa|2
|-boost|p2a: Minior|spe|2
|
|upkeep
|turn|16
|
|t:|1743928107
|move|p2a: Minior|Shell Smash|p2a: Minior
|-unboost|p2a: Minior|def|1
|-unboost|p2a: Minior|spd|1
|-boost|p2a: Minior|atk|2
|-boost|p2a: Minior|spa|2
|-boost|p2a: Minior|spe|2
|move|p1a: Kingambit|Swords Dance|p1a: Kingambit
|-boost|p1a: Kingambit|atk|2
|
|upkeep
|turn|17
|
|t:|1743928116
|move|p1a: Kingambit|Sucker Punch|p2a: Minior
|-damage|p2a: Minior|0 fnt
|faint|p2a: Minior
|-damage|p1a: Kingambit|84/100|[from] item: Life Orb
|
|upkeep
|
|t:|1743928125
|switch|p2a: Electivire|Electivire, M|100/100
|-item|p2a: Electivire|Air Balloon
|turn|18
|
|t:|1743928131
|move|p1a: Kingambit|Sucker Punch||[still]
|-fail|p1a: Kingambit
|move|p2a: Electivire|Bulk Up|p2a: Electivire
|-boost|p2a: Electivire|atk|1
|-boost|p2a: Electivire|def|1
|
|upkeep
|turn|19
|
|t:|1743928138
|-terastallize|p1a: Kingambit|Poison
|move|p2a: Electivire|Bulk Up|p2a: Electivire
|-boost|p2a: Electivire|atk|1
|-boost|p2a: Electivire|def|1
|move|p1a: Kingambit|Poison Jab|p2a: Electivire
|-damage|p2a: Electivire|0 fnt
|-enditem|p2a: Electivire|Air Balloon
|faint|p2a: Electivire
|-damage|p1a: Kingambit|74/100|[from] item: Life Orb
|
|upkeep
|
|t:|1743928149
|switch|p2a: Toxapex|Toxapex, M|100/100
|-sideend|p2: OnigiriDesu|move: Toxic Spikes|[of] p2a: Toxapex
|turn|20
|
|t:|1743928155
|move|p2a: Toxapex|Baneful Bunker|p2a: Toxapex
|-singleturn|p2a: Toxapex|move: Protect
|move|p1a: Kingambit|Iron Head|p2a: Toxapex
|-activate|p2a: Toxapex|move: Protect
|
|upkeep
|turn|21
|
|t:|1743928163
|move|p1a: Kingambit|Iron Head|p2a: Toxapex
|-resisted|p2a: Toxapex
|-damage|p2a: Toxapex|49/100
|-damage|p1a: Kingambit|65/100|[from] item: Life Orb
|move|p2a: Toxapex|Toxic|p1a: Kingambit
|-immune|p1a: Kingambit
|
|-heal|p2a: Toxapex|55/100|[from] item: Black Sludge
|upkeep
|turn|22
|
|t:|1743928171
|move|p2a: Toxapex|Baneful Bunker|p2a: Toxapex
|-singleturn|p2a: Toxapex|move: Protect
|move|p1a: Kingambit|Iron Head|p2a: Toxapex
|-activate|p2a: Toxapex|move: Protect
|
|-heal|p2a: Toxapex|62/100|[from] item: Black Sludge
|upkeep
|turn|23
|
|t:|1743928179
|move|p1a: Kingambit|Iron Head|p2a: Toxapex
|-resisted|p2a: Toxapex
|-damage|p2a: Toxapex|6/100
|-damage|p1a: Kingambit|55/100|[from] item: Life Orb
|move|p2a: Toxapex|Toxic|p1a: Kingambit
|-immune|p1a: Kingambit
|
|-heal|p2a: Toxapex|12/100|[from] item: Black Sludge
|upkeep
|turn|24
|
|t:|1743928186
|move|p2a: Toxapex|Baneful Bunker|p2a: Toxapex
|-singleturn|p2a: Toxapex|move: Protect
|move|p1a: Kingambit|Iron Head|p2a: Toxapex
|-activate|p2a: Toxapex|move: Protect
|
|-heal|p2a: Toxapex|19/100|[from] item: Black Sludge
|upkeep
|turn|25
|
|t:|1743928193
|move|p1a: Kingambit|Iron Head|p2a: Toxapex
|-resisted|p2a: Toxapex
|-damage|p2a: Toxapex|0 fnt
|faint|p2a: Toxapex
|-damage|p1a: Kingambit|45/100|[from] item: Life Orb
|
|upkeep
|
|t:|1743928199
|switch|p2a: Blastoise|Blastoise, M|100/100
|turn|26
|
|t:|1743928205
|move|p2a: Blastoise|Shell Smash|p2a: Blastoise
|-unboost|p2a: Blastoise|def|1
|-unboost|p2a: Blastoise|spd|1
|-boost|p2a: Blastoise|atk|2
|-boost|p2a: Blastoise|spa|2
|-boost|p2a: Blastoise|spe|2
|-enditem|p2a: Blastoise|White Herb
|-clearnegativeboost|p2a: Blastoise|[silent]
|move|p1a: Kingambit|Poison Jab|p2a: Blastoise
|-damage|p2a: Blastoise|0 fnt
|faint|p2a: Blastoise
|-damage|p1a: Kingambit|35/100|[from] item: Life Orb
|
|upkeep
|
|t:|1743928215
|switch|p2a: Kingambit|Kingambit, F|100/100
|turn|27
|
|t:|1743928221
|move|p2a: Kingambit|Sucker Punch|p1a: Kingambit
|-damage|p1a: Kingambit|0 fnt
|faint|p1a: Kingambit
|-end|p1a: Kingambit|fallen5|[silent]
|
|win|OnigiriDesu
|raw|MXR050203's rating: 1175 &rarr; <strong>1144</strong><br />(-31 for losing)
|raw|OnigiriDesu's rating: 1083 &rarr; <strong>1118</strong><br />(+35 for winning)
|l|☆MXR050203
|player|p1|
