|j|☆TheLaggyOwl
|j|☆zuoxi
|t:|1743927009
|gametype|singles
|player|p1|TheLaggyOwl|veteran|1219
|player|p2|zuoxi|policeman-gen4|1156
|teamsize|p1|6
|teamsize|p2|6
|gen|9
|tier|[Gen 9] OU
|rated|
|rule|HP Percentage Mod: HP is shown in percentages
|rule|Endless Battle Clause: Forcing endless battles is banned
|rule|Species Clause: Limit one of each Pokémon
|rule|OHKO Clause: OHKO moves are banned
|rule|Evasion Items Clause: Evasion items are banned
|rule|Evasion Moves Clause: Evasion moves are banned
|rule|Sleep Moves Clause: Sleep-inducing moves are banned
|clearpoke
|poke|p1|Haxorus, M|
|poke|p1|Dusclops, M|
|poke|p1|Chesnaught, M|
|poke|p1|Weavile, F|
|poke|p1|Cinccino, F|
|poke|p1|Latias, F|
|poke|p2|Torkoal, F|
|poke|p2|Walking Wake|
|poke|p2|Chansey, F|
|poke|p2|Charizard, M|
|poke|p2|Lilligant-Hisui, F|
|poke|p2|Landorus-Therian, M|
|teampreview
|
|t:|1743927019
|start
|switch|p1a: Weavile|Weavile, F|100/100
|switch|p2a: Landorus|Landorus-Therian, M|100/100
|-ability|p1a: Weavile|Pressure
|-ability|p2a: Landorus|Intimidate|boost
|-unboost|p1a: Weavile|atk|1
|turn|1
|
|t:|1743927033
|switch|p2a: Torkoal|Torkoal, F|100/100
|-weather|SunnyDay|[from] ability: Drought|[of] p2a: Torkoal
|move|p1a: Weavile|Hone Claws|p1a: Weavile
|-boost|p1a: Weavile|atk|1
|-boost|p1a: Weavile|accuracy|1
|
|-weather|SunnyDay|[upkeep]
|upkeep
|turn|2
|
|t:|1743927038
|move|p1a: Weavile|Knock Off|p2a: Torkoal
|-damage|p2a: Torkoal|75/100
|-enditem|p2a: Torkoal|Heat Rock|[from] move: Knock Off|[of] p1a: Weavile
|move|p2a: Torkoal|Flamethrower|p1a: Weavile
|-supereffective|p1a: Weavile
|-enditem|p1a: Weavile|Focus Sash
|-damage|p1a: Weavile|1/100
|
|-weather|SunnyDay|[upkeep]
|upkeep
|turn|3
|
|t:|1743927046
|move|p1a: Weavile|Triple Axel|p2a: Torkoal
|-resisted|p2a: Torkoal
|-damage|p2a: Torkoal|72/100
|-resisted|p2a: Torkoal
|-damage|p2a: Torkoal|67/100
|-resisted|p2a: Torkoal
|-crit|p2a: Torkoal
|-damage|p2a: Torkoal|54/100
|-hitcount|p2a: Torkoal|3
|move|p2a: Torkoal|Stealth Rock|p1a: Weavile
|-sidestart|p1: TheLaggyOwl|move: Stealth Rock
|
|-weather|SunnyDay|[upkeep]
|upkeep
|turn|4
|
|t:|1743927057
|move|p1a: Weavile|Triple Axel|p2a: Torkoal
|-resisted|p2a: Torkoal
|-damage|p2a: Torkoal|51/100
|-resisted|p2a: Torkoal
|-damage|p2a: Torkoal|46/100
|-resisted|p2a: Torkoal
|-damage|p2a: Torkoal|38/100
|-hitcount|p2a: Torkoal|3
|move|p2a: Torkoal|Flamethrower|p1a: Weavile
|-supereffective|p1a: Weavile
|-crit|p1a: Weavile
|-damage|p1a: Weavile|0 fnt
|faint|p1a: Weavile
|
|-weather|SunnyDay|[upkeep]
|upkeep
|
|t:|1743927073
|switch|p1a: Cinccino|Cinccino, F|100/100
|-damage|p1a: Cinccino|88/100|[from] Stealth Rock
|turn|5
|
|t:|1743927084
|switch|p2a: Landorus|Landorus-Therian, M|100/100
|-ability|p2a: Landorus|Intimidate|boost
|-unboost|p1a: Cinccino|atk|1
|move|p1a: Cinccino|Tidy Up|p1a: Cinccino
|-sideend|p1: TheLaggyOwl|Stealth Rock
|-activate|p1a: Cinccino|move: Tidy Up
|-boost|p1a: Cinccino|atk|1
|-boost|p1a: Cinccino|spe|1
|
|-weather|SunnyDay|[upkeep]
|upkeep
|turn|6
|
|t:|1743927093
|switch|p1a: Dusclops|Dusclops, M|100/100
|-item|p2a: Landorus|Rocky Helmet|[from] ability: Frisk|[of] p1a: Dusclops
|move|p2a: Landorus|Earthquake|p1a: Dusclops
|-damage|p1a: Dusclops|63/100
|
|-weather|SunnyDay|[upkeep]
|upkeep
|turn|7
|
|t:|1743927098
|move|p2a: Landorus|Taunt|p1a: Dusclops
|-start|p1a: Dusclops|move: Taunt
|cant|p1a: Dusclops|move: Taunt|Pain Split
|
|-weather|SunnyDay|[upkeep]
|upkeep
|turn|8
|
|t:|1743927102
|move|p2a: Landorus|Earthquake|p1a: Dusclops
|-damage|p1a: Dusclops|28/100
|move|p1a: Dusclops|Night Shade|p2a: Landorus
|-damage|p2a: Landorus|74/100
|
|-weather|none
|upkeep
|turn|9
|
|t:|1743927109
|switch|p1a: Chesnaught|Chesnaught, M, shiny|100/100
|move|p2a: Landorus|Earthquake|p1a: Chesnaught
|-resisted|p1a: Chesnaught
|-damage|p1a: Chesnaught|87/100
|
|-heal|p1a: Chesnaught|93/100|[from] item: Leftovers
|upkeep
|turn|10
|
|t:|1743927113
|move|p2a: Landorus|Taunt|p1a: Chesnaught
|-start|p1a: Chesnaught|move: Taunt
|cant|p1a: Chesnaught|move: Taunt|Leech Seed
|
|-heal|p1a: Chesnaught|99/100|[from] item: Leftovers
|upkeep
|turn|11
|
|t:|1743927120
|move|p2a: Landorus|Stealth Rock|p1a: Chesnaught
|-sidestart|p1: TheLaggyOwl|move: Stealth Rock
|move|p1a: Chesnaught|Drain Punch|p2a: Landorus
|-resisted|p2a: Landorus
|-damage|p2a: Landorus|64/100
|-heal|p1a: Chesnaught|100/100|[from] drain|[of] p2a: Landorus
|-damage|p1a: Chesnaught|84/100|[from] item: Rocky Helmet|[of] p2a: Landorus
|
|-heal|p1a: Chesnaught|90/100|[from] item: Leftovers
|upkeep
|turn|12
|
|t:|1743927129
|move|p2a: Landorus|U-turn|p1a: Chesnaught
|-damage|p1a: Chesnaught|78/100
|
|t:|1743927133
|switch|p2a: Charizard|Charizard, M|100/100|[from] U-turn
|move|p1a: Chesnaught|Drain Punch|p2a: Charizard
|-resisted|p2a: Charizard
|-damage|p2a: Charizard|81/100
|-heal|p1a: Chesnaught|86/100|[from] drain|[of] p2a: Charizard
|
|-heal|p1a: Chesnaught|92/100|[from] item: Leftovers
|-end|p1a: Chesnaught|move: Taunt
|upkeep
|turn|13
|
|t:|1743927143
|move|p1a: Chesnaught|Spiky Shield|p1a: Chesnaught
|-singleturn|p1a: Chesnaught|move: Protect
|move|p2a: Charizard|Overheat|p1a: Chesnaught
|-activate|p1a: Chesnaught|move: Protect
|
|-heal|p1a: Chesnaught|98/100|[from] item: Leftovers
|upkeep
|turn|14
|
|t:|1743927152
|switch|p2a: Torkoal|Torkoal, F|38/100
|-weather|SunnyDay|[from] ability: Drought|[of] p2a: Torkoal
|switch|p1a: Latias|Latias, F|100/100
|-damage|p1a: Latias|88/100|[from] Stealth Rock
|
|-weather|SunnyDay|[upkeep]
|-heal|p1a: Latias|94/100|[from] item: Leftovers
|upkeep
|turn|15
|
|t:|1743927158
|switch|p2a: Chansey|Chansey, F|100/100
|move|p1a: Latias|Future Sight|p2a: Chansey
|-start|p1a: Latias|move: Future Sight
|
|-weather|SunnyDay|[upkeep]
|-heal|p1a: Latias|99/100|[from] item: Leftovers
|upkeep
|turn|16
|
|t:|1743927163
|switch|p1a: Dusclops|Dusclops, M|28/100
|-damage|p1a: Dusclops|15/100|[from] Stealth Rock
|-item|p2a: Chansey|Eviolite|[from] ability: Frisk|[of] p1a: Dusclops
|move|p2a: Chansey|Thunder Wave|p1a: Dusclops
|-status|p1a: Dusclops|par
|
|-weather|SunnyDay|[upkeep]
|upkeep
|turn|17
|
|t:|1743927175
|switch|p2a: Torkoal|Torkoal, F|38/100
|move|p1a: Dusclops|Pain Split|p2a: Torkoal
|-sethp|p2a: Torkoal|23/100|[from] move: Pain Split|[silent]
|-sethp|p1a: Dusclops|40/100 par|[from] move: Pain Split
|
|-weather|SunnyDay|[upkeep]
|-end|p2a: Torkoal|move: Future Sight
|-damage|p2a: Torkoal|0 fnt
|faint|p2a: Torkoal
|upkeep
|
|t:|1743927184
|switch|p2a: Walking Wake|Walking Wake|100/100
|-activate|p2a: Walking Wake|ability: Protosynthesis
|-start|p2a: Walking Wake|protosynthesisspe
|turn|18
|
|t:|1743927188
|move|p2a: Walking Wake|Draco Meteor|p1a: Dusclops
|-damage|p1a: Dusclops|0 fnt
|-unboost|p2a: Walking Wake|spa|2
|faint|p1a: Dusclops
|
|-weather|none
|-end|p2a: Walking Wake|Protosynthesis
|upkeep
|
|t:|1743927205
|switch|p1a: Latias|Latias, F|99/100
|-damage|p1a: Latias|88/100|[from] Stealth Rock
|turn|19
|
|t:|1743927211
|-end|p2a: Walking Wake|Protosynthesis|[silent]
|switch|p2a: Chansey|Chansey, F|100/100
|-terastallize|p1a: Latias|Fairy
|move|p1a: Latias|Calm Mind|p1a: Latias
|-boost|p1a: Latias|spa|1
|-boost|p1a: Latias|spd|1
|
|-heal|p1a: Latias|94/100|[from] item: Leftovers
|upkeep
|turn|20
|
|t:|1743927216
|move|p1a: Latias|Future Sight|p2a: Chansey
|-start|p1a: Latias|move: Future Sight
|move|p2a: Chansey|Thunder Wave|p1a: Latias
|-status|p1a: Latias|par
|
|-heal|p1a: Latias|99/100 par|[from] item: Leftovers
|upkeep
|turn|21
|
|t:|1743927224
|move|p1a: Latias|Calm Mind|p1a: Latias
|-boost|p1a: Latias|spa|1
|-boost|p1a: Latias|spd|1
|move|p2a: Chansey|Seismic Toss|p1a: Latias
|-damage|p1a: Latias|67/100 par
|
|-heal|p1a: Latias|73/100 par|[from] item: Leftovers
|upkeep
|turn|22
|
|t:|1743927229
|cant|p1a: Latias|par
|move|p2a: Chansey|Calm Mind|p2a: Chansey
|-boost|p2a: Chansey|spa|1
|-boost|p2a: Chansey|spd|1
|
|-end|p2a: Chansey|move: Future Sight
|-damage|p2a: Chansey|83/100
|-heal|p1a: Latias|79/100 par|[from] item: Leftovers
|upkeep
|turn|23
|
|t:|1743927237
|move|p1a: Latias|Future Sight|p2a: Chansey
|-start|p1a: Latias|move: Future Sight
|move|p2a: Chansey|Seismic Toss|p1a: Latias
|-damage|p1a: Latias|45/100 par
|
|-heal|p1a: Latias|51/100 par|[from] item: Leftovers
|upkeep
|turn|24
|
|t:|1743927243
|move|p1a: Latias|Recover|p1a: Latias
|-heal|p1a: Latias|100/100 par
|move|p2a: Chansey|Calm Mind|p2a: Chansey
|-boost|p2a: Chansey|spa|1
|-boost|p2a: Chansey|spd|1
|
|upkeep
|turn|25
|
|t:|1743927246
|switch|p1a: Chesnaught|Chesnaught, M, shiny|98/100
|-damage|p1a: Chesnaught|92/100|[from] Stealth Rock
|move|p2a: Chansey|Calm Mind|p2a: Chansey
|-boost|p2a: Chansey|spa|1
|-boost|p2a: Chansey|spd|1
|
|-end|p2a: Chansey|move: Future Sight
|-damage|p2a: Chansey|77/100
|-heal|p1a: Chesnaught|98/100|[from] item: Leftovers
|upkeep
|turn|26
|
|t:|1743927251
|switch|p2a: Lilligant|Lilligant-Hisui, F|100/100
|move|p1a: Chesnaught|Leech Seed|p2a: Lilligant
|-immune|p2a: Lilligant
|
|-heal|p1a: Chesnaught|100/100|[from] item: Leftovers
|upkeep
|turn|27
|
|t:|1743927256
|move|p2a: Lilligant|Triple Axel|p1a: Chesnaught
|-supereffective|p1a: Chesnaught
|-damage|p1a: Chesnaught|91/100
|-supereffective|p1a: Chesnaught
|-damage|p1a: Chesnaught|73/100
|-supereffective|p1a: Chesnaught
|-damage|p1a: Chesnaught|44/100
|-hitcount|p1a: Chesnaught|3
|-damage|p2a: Lilligant|91/100|[from] item: Life Orb
|move|p1a: Chesnaught|Drain Punch|p2a: Lilligant
|-damage|p2a: Lilligant|51/100
|-heal|p1a: Chesnaught|59/100|[from] drain|[of] p2a: Lilligant
|
|-heal|p1a: Chesnaught|65/100|[from] item: Leftovers
|upkeep
|turn|28
|
|t:|1743927275
|switch|p2a: Landorus|Landorus-Therian, M|64/100
|-ability|p2a: Landorus|Intimidate|boost
|-unboost|p1a: Chesnaught|atk|1
|move|p1a: Chesnaught|Leech Seed|p2a: Landorus
|-start|p2a: Landorus|move: Leech Seed
|
|-heal|p1a: Chesnaught|71/100|[from] item: Leftovers
|-damage|p2a: Landorus|52/100|[from] Leech Seed|[of] p1a: Chesnaught
|-heal|p1a: Chesnaught|83/100|[silent]
|upkeep
|turn|29
|
|t:|1743927278
|switch|p2a: Lilligant|Lilligant-Hisui, F|51/100
|move|p1a: Chesnaught|Spiky Shield||[still]
|-fail|p1a: Chesnaught
|
|-heal|p1a: Chesnaught|89/100|[from] item: Leftovers
|upkeep
|turn|30
|
|t:|1743927285
|switch|p2a: Charizard|Charizard, M|81/100
|move|p1a: Chesnaught|Drain Punch|p2a: Charizard
|-resisted|p2a: Charizard
|-damage|p2a: Charizard|67/100
|-heal|p1a: Chesnaught|95/100|[from] drain|[of] p2a: Charizard
|
|-heal|p1a: Chesnaught|100/100|[from] item: Leftovers
|upkeep
|turn|31
|
|t:|1743927292
|move|p1a: Chesnaught|Spiky Shield|p1a: Chesnaught
|-singleturn|p1a: Chesnaught|move: Protect
|move|p2a: Charizard|Overheat|p1a: Chesnaught
|-activate|p1a: Chesnaught|move: Protect
|
|upkeep
|turn|32
|
|t:|1743927300
|switch|p1a: Latias|Latias, F, tera:Fairy|100/100 par
|-damage|p1a: Latias|88/100 par|[from] Stealth Rock
|move|p2a: Charizard|Overheat|p1a: Latias
|-damage|p1a: Latias|41/100 par
|-unboost|p2a: Charizard|spa|2
|
|-heal|p1a: Latias|47/100 par|[from] item: Leftovers
|upkeep
|turn|33
|
|t:|1743927307
|switch|p2a: Chansey|Chansey, F|77/100
|cant|p1a: Latias|par
|
|-heal|p1a: Latias|53/100 par|[from] item: Leftovers
|upkeep
|turn|34
|
|t:|1743927312
|move|p1a: Latias|Future Sight|p2a: Chansey
|-start|p1a: Latias|move: Future Sight
|move|p2a: Chansey|Seismic Toss|p1a: Latias
|-damage|p1a: Latias|20/100 par
|
|-heal|p1a: Latias|26/100 par|[from] item: Leftovers
|upkeep
|turn|35
|
|t:|1743927316
|move|p1a: Latias|Recover|p1a: Latias
|-heal|p1a: Latias|76/100 par
|move|p2a: Chansey|Seismic Toss|p1a: Latias
|-damage|p1a: Latias|43/100 par
|
|-heal|p1a: Latias|49/100 par|[from] item: Leftovers
|upkeep
|turn|36
|
|t:|1743927319
|switch|p1a: Chesnaught|Chesnaught, M, shiny|100/100
|-damage|p1a: Chesnaught|94/100|[from] Stealth Rock
|move|p2a: Chansey|Seismic Toss|p1a: Chesnaught
|-damage|p1a: Chesnaught|68/100
|
|-end|p2a: Chansey|move: Future Sight
|-damage|p2a: Chansey|64/100
|-heal|p1a: Chesnaught|74/100|[from] item: Leftovers
|upkeep
|turn|37
|
|t:|1743927325
|switch|p2a: Lilligant|Lilligant-Hisui, F|51/100
|move|p1a: Chesnaught|Leech Seed|p2a: Lilligant
|-immune|p2a: Lilligant
|
|-heal|p1a: Chesnaught|80/100|[from] item: Leftovers
|upkeep
|turn|38
|
|t:|1743927330
|move|p2a: Lilligant|Triple Axel|p1a: Chesnaught
|-supereffective|p1a: Chesnaught
|-damage|p1a: Chesnaught|70/100
|-supereffective|p1a: Chesnaught
|-damage|p1a: Chesnaught|50/100
|-supereffective|p1a: Chesnaught
|-damage|p1a: Chesnaught|21/100
|-hitcount|p1a: Chesnaught|3
|-damage|p2a: Lilligant|41/100|[from] item: Life Orb
|move|p1a: Chesnaught|Drain Punch|p2a: Lilligant
|-damage|p2a: Lilligant|2/100
|-heal|p1a: Chesnaught|35/100|[from] drain|[of] p2a: Lilligant
|
|-heal|p1a: Chesnaught|41/100|[from] item: Leftovers
|upkeep
|turn|39
|
|t:|1743927336
|move|p2a: Lilligant|Triple Axel|p1a: Chesnaught
|-supereffective|p1a: Chesnaught
|-damage|p1a: Chesnaught|31/100
|-supereffective|p1a: Chesnaught
|-damage|p1a: Chesnaught|9/100
|-supereffective|p1a: Chesnaught
|-damage|p1a: Chesnaught|0 fnt
|faint|p1a: Chesnaught
|-hitcount|p1: Chesnaught|3
|-damage|p2a: Lilligant|0 fnt|[from] item: Life Orb
|faint|p2a: Lilligant
|
|upkeep
|
|t:|1743927344
|switch|p2a: Landorus|Landorus-Therian, M|52/100
|switch|p1a: Cinccino|Cinccino, F|88/100
|-damage|p1a: Cinccino|76/100|[from] Stealth Rock
|-ability|p2a: Landorus|Intimidate|boost
|-unboost|p1a: Cinccino|atk|1
|turn|40
|
|t:|1743927351
|move|p1a: Cinccino|Tidy Up|p1a: Cinccino
|-sideend|p1: TheLaggyOwl|Stealth Rock
|-activate|p1a: Cinccino|move: Tidy Up
|-boost|p1a: Cinccino|atk|1
|-boost|p1a: Cinccino|spe|1
|move|p2a: Landorus|Earthquake|p1a: Cinccino
|-damage|p1a: Cinccino|0 fnt
|faint|p1a: Cinccino
|
|upkeep
|
|t:|1743927354
|switch|p1a: Haxorus|Haxorus, M, shiny|100/100
|-ability|p1a: Haxorus|Mold Breaker
|turn|41
|
|t:|1743927362
|move|p1a: Haxorus|Dragon Dance|p1a: Haxorus
|-boost|p1a: Haxorus|atk|1
|-boost|p1a: Haxorus|spe|1
|move|p2a: Landorus|U-turn|p1a: Haxorus
|-damage|p1a: Haxorus|70/100
|
|t:|1743927367
|switch|p2a: Charizard|Charizard, M|67/100|[from] U-turn
|
|upkeep
|turn|42
|
|t:|1743927370
|move|p2a: Charizard|Dragon Pulse|p1a: Haxorus
|-supereffective|p1a: Haxorus
|-damage|p1a: Haxorus|0 fnt
|faint|p1a: Haxorus
|
|upkeep
|
|t:|1743927373
|switch|p1a: Latias|Latias, F, tera:Fairy|49/100 par
|turn|43
|
|t:|1743927378
|switch|p2a: Chansey|Chansey, F|64/100
|move|p1a: Latias|Calm Mind|p1a: Latias
|-boost|p1a: Latias|spa|1
|-boost|p1a: Latias|spd|1
|
|-heal|p1a: Latias|55/100 par|[from] item: Leftovers
|upkeep
|turn|44
|-message|TheLaggyOwl forfeited.
|
|win|zuoxi
|raw|TheLaggyOwl's rating: 1219 &rarr; <strong>1190</strong><br />(-29 for losing)
|raw|zuoxi's rating: 1156 &rarr; <strong>1185</strong><br />(+29 for winning)
|l|☆TheLaggyOwl
|player|p1|
|l|☆zuoxi
|player|p2|
