|j|☆WangLinWL
|j|☆BlackStar150520
|t:|1743933296
|gametype|singles
|player|p1|WangLinWL|lucas|1794
|player|p2|BlackStar150520|unknown|1853
|teamsize|p1|6
|teamsize|p2|6
|gen|9
|tier|[Gen 9] OU
|rated|
|rule|HP Percentage Mod: HP is shown in percentages
|rule|Endless Battle Clause: Forcing endless battles is banned
|rule|Species Clause: Limit one of each Pokémon
|rule|OHKO Clause: OHKO moves are banned
|rule|Evasion Items Clause: Evasion items are banned
|rule|Evasion Moves Clause: Evasion moves are banned
|rule|Sleep Moves Clause: Sleep-inducing moves are banned
|clearpoke
|poke|p1|Blissey, F|
|poke|p1|Clefable, F|
|poke|p1|Gliscor, F|
|poke|p1|Ting-Lu|
|poke|p1|Dondozo, F|
|poke|p1|Amoonguss, F|
|poke|p2|Landorus-Therian, M|
|poke|p2|Dragonite, M|
|poke|p2|Scizor, F|
|poke|p2|Alomomola, F|
|poke|p2|Latios, M|
|poke|p2|Darkrai|
|teampreview
|inactive|Battle timer is ON: inactive players will automatically lose when time's up. (requested by BlackStar150520)
|inactive|WangLinWL also wants the timer to be on.
|
|t:|1743933305
|start
|switch|p1a: Gliscor|Gliscor, F|100/100
|switch|p2a: Red Lightning|Scizor, F|100/100
|turn|1
|
|t:|1743933311
|move|p1a: Gliscor|Protect|p1a: Gliscor
|-singleturn|p1a: Gliscor|Protect
|move|p2a: Red Lightning|Knock Off|p1a: Gliscor
|-activate|p1a: Gliscor|move: Protect
|
|-status|p1a: Gliscor|tox|[from] item: Toxic Orb
|upkeep
|turn|2
|
|t:|1743933314
|switch|p2a: Phantom Beast|Darkrai|100/100
|move|p1a: Gliscor|Knock Off|p2a: Phantom Beast
|-resisted|p2a: Phantom Beast
|-damage|p2a: Phantom Beast|85/100
|-enditem|p2a: Phantom Beast|Heavy-Duty Boots|[from] move: Knock Off|[of] p1a: Gliscor
|
|upkeep
|turn|3
|j| OneHitKoAlways
|
|t:|1743933319
|switch|p1a: Ting-Lu|Ting-Lu|100/100
|-ability|p1a: Ting-Lu|Vessel of Ruin
|move|p2a: Phantom Beast|Nasty Plot|p2a: Phantom Beast
|-boost|p2a: Phantom Beast|spa|2
|
|upkeep
|turn|4
|
|t:|1743933322
|move|p2a: Phantom Beast|Ice Beam|p1a: Ting-Lu
|-supereffective|p1a: Ting-Lu
|-damage|p1a: Ting-Lu|44/100
|move|p1a: Ting-Lu|Earthquake|p2a: Phantom Beast
|-damage|p2a: Phantom Beast|33/100
|
|upkeep
|turn|5
|
|t:|1743933327
|switch|p1a: Blissey|Blissey, F|100/100
|move|p2a: Phantom Beast|Ice Beam|p1a: Blissey
|-damage|p1a: Blissey|80/100
|
|upkeep
|turn|6
|
|t:|1743933333
|switch|p2a: 🦁|Landorus-Therian, M|100/100
|-ability|p2a: 🦁|Intimidate|boost
|-unboost|p1a: Blissey|atk|1
|move|p1a: Blissey|Seismic Toss|p2a: 🦁
|-damage|p2a: 🦁|69/100
|-damage|p1a: Blissey|63/100|[from] item: Rocky Helmet|[of] p2a: 🦁
|
|upkeep
|turn|7
|
|t:|1743933336
|switch|p1a: Gliscor|Gliscor, F|100/100 tox
|move|p2a: 🦁|Taunt|p1a: Gliscor
|-start|p1a: Gliscor|move: Taunt
|
|upkeep
|turn|8
|
|t:|1743933341
|move|p2a: 🦁|U-turn|p1a: Gliscor
|-resisted|p1a: Gliscor
|-damage|p1a: Gliscor|93/100 tox
|
|t:|1743933343
|switch|p2a: Phantom Beast|Darkrai|33/100|[from] U-turn
|move|p1a: Gliscor|Knock Off|p2a: Phantom Beast
|-resisted|p2a: Phantom Beast
|-damage|p2a: Phantom Beast|24/100
|
|-heal|p1a: Gliscor|100/100 tox|[from] ability: Poison Heal
|upkeep
|turn|9
|
|t:|1743933348
|switch|p2a: 🦁|Landorus-Therian, M|69/100
|-ability|p2a: 🦁|Intimidate|boost
|-unboost|p1a: Gliscor|atk|1
|switch|p1a: Blissey|Blissey, F|63/100
|
|upkeep
|turn|10
|
|t:|1743933354
|move|p2a: 🦁|U-turn|p1a: Blissey
|-damage|p1a: Blissey|36/100
|
|t:|1743933357
|switch|p2a: Red Lightning|Scizor, F|100/100|[from] U-turn
|move|p1a: Blissey|Soft-Boiled|p1a: Blissey
|-heal|p1a: Blissey|86/100
|
|upkeep
|turn|11
|
|t:|1743933361
|switch|p1a: Gliscor|Gliscor, F|100/100 tox
|move|p2a: Red Lightning|U-turn|p1a: Gliscor
|-resisted|p1a: Gliscor
|-damage|p1a: Gliscor|84/100 tox
|
|t:|1743933363
|switch|p2a: Rimiru|Latios, M|100/100|[from] U-turn
|
|-heal|p1a: Gliscor|96/100 tox|[from] ability: Poison Heal
|upkeep
|turn|12
|
|t:|1743933366
|move|p1a: Gliscor|Protect|p1a: Gliscor
|-singleturn|p1a: Gliscor|Protect
|move|p2a: Rimiru|Calm Mind|p2a: Rimiru
|-boost|p2a: Rimiru|spa|1
|-boost|p2a: Rimiru|spd|1
|
|-heal|p1a: Gliscor|100/100 tox|[from] ability: Poison Heal
|upkeep
|turn|13
|
|t:|1743933370
|move|p2a: Rimiru|Psychic Noise|p1a: Gliscor
|-damage|p1a: Gliscor|16/100 tox
|-start|p1a: Gliscor|move: Heal Block
|move|p1a: Gliscor|Toxic|p2a: Rimiru
|-status|p2a: Rimiru|tox
|
|-damage|p2a: Rimiru|95/100 tox|[from] psn
|upkeep
|turn|14
|j| iamfrhaan007
|
|t:|1743933375
|switch|p1a: Blissey|Blissey, F|86/100
|move|p2a: Rimiru|Calm Mind|p2a: Rimiru
|-boost|p2a: Rimiru|spa|1
|-boost|p2a: Rimiru|spd|1
|
|-damage|p2a: Rimiru|83/100 tox|[from] psn
|upkeep
|turn|15
|l| iamfrhaan007
|
|t:|1743933379
|move|p2a: Rimiru|Aura Sphere|p1a: Blissey
|-supereffective|p1a: Blissey
|-damage|p1a: Blissey|50/100
|move|p1a: Blissey|Calm Mind|p1a: Blissey
|-boost|p1a: Blissey|spa|1
|-boost|p1a: Blissey|spd|1
|
|-damage|p2a: Rimiru|65/100 tox|[from] psn
|upkeep
|turn|16
|j| union boss
|
|t:|1743933393
|-terastallize|p1a: Blissey|Dark
|move|p2a: Rimiru|Psychic Noise|p1a: Blissey
|-immune|p1a: Blissey
|move|p1a: Blissey|Soft-Boiled|p1a: Blissey
|-heal|p1a: Blissey|99/100
|
|-damage|p2a: Rimiru|41/100 tox|[from] psn
|upkeep
|turn|17
|
|t:|1743933397
|switch|p2a: Red Lightning|Scizor, F|100/100
|switch|p1a: Clefable|Clefable, F|100/100
|
|upkeep
|turn|18
|
|t:|1743933402
|move|p2a: Red Lightning|U-turn|p1a: Clefable
|-resisted|p1a: Clefable
|-damage|p1a: Clefable|78/100
|
|t:|1743933405
|switch|p2a: Momo|Alomomola, F|100/100|[from] U-turn
|move|p1a: Clefable|Knock Off|p2a: Momo
|-damage|p2a: Momo|89/100
|-enditem|p2a: Momo|Heavy-Duty Boots|[from] move: Knock Off|[of] p1a: Clefable
|
|upkeep
|turn|19
|
|t:|1743933410
|switch|p1a: Gliscor|Gliscor, F|16/100 tox
|move|p2a: Momo|Wish|p2a: Momo
|
|-heal|p1a: Gliscor|28/100 tox|[from] ability: Poison Heal
|upkeep
|turn|20
|
|t:|1743933413
|switch|p2a: Phantom Beast|Darkrai|24/100
|move|p1a: Gliscor|Protect||[still]
|-fail|p1a: Gliscor
|
|-heal|p2a: Phantom Beast|100/100|[from] move: Wish|[wisher] Momo
|-heal|p1a: Gliscor|41/100 tox|[from] ability: Poison Heal
|upkeep
|turn|21
|
|t:|1743933416
|move|p1a: Gliscor|Protect|p1a: Gliscor
|-singleturn|p1a: Gliscor|Protect
|move|p2a: Phantom Beast|Ice Beam|p1a: Gliscor
|-activate|p1a: Gliscor|move: Protect
|
|-heal|p1a: Gliscor|53/100 tox|[from] ability: Poison Heal
|upkeep
|turn|22
|
|t:|1743933421
|switch|p2a: Red Lightning|Scizor, F|100/100
|switch|p1a: Blissey|Blissey, F, tera:Dark|99/100
|
|upkeep
|turn|23
|
|t:|1743933424
|switch|p1a: Gliscor|Gliscor, F|53/100 tox
|move|p2a: Red Lightning|U-turn|p1a: Gliscor
|-resisted|p1a: Gliscor
|-damage|p1a: Gliscor|35/100 tox
|
|t:|1743933429
|switch|p2a: 🦁|Landorus-Therian, M|69/100|[from] U-turn
|-ability|p2a: 🦁|Intimidate|boost
|-unboost|p1a: Gliscor|atk|1
|
|-heal|p1a: Gliscor|48/100 tox|[from] ability: Poison Heal
|upkeep
|turn|24
|
|t:|1743933434
|move|p1a: Gliscor|Protect|p1a: Gliscor
|-singleturn|p1a: Gliscor|Protect
|move|p2a: 🦁|Taunt|p1a: Gliscor
|-activate|p1a: Gliscor|move: Protect
|
|-heal|p1a: Gliscor|60/100 tox|[from] ability: Poison Heal
|upkeep
|turn|25
|l| OneHitKoAlways
|
|t:|1743933438
|move|p2a: 🦁|Stealth Rock|p1a: Gliscor
|-sidestart|p1: WangLinWL|move: Stealth Rock
|move|p1a: Gliscor|Knock Off|p2a: 🦁
|-damage|p2a: 🦁|53/100
|-damage|p1a: Gliscor|44/100 tox|[from] item: Rocky Helmet|[of] p2a: 🦁
|-enditem|p2a: 🦁|Rocky Helmet|[from] move: Knock Off|[of] p1a: Gliscor
|
|-heal|p1a: Gliscor|56/100 tox|[from] ability: Poison Heal
|upkeep
|turn|26
|
|t:|1743933442
|move|p1a: Gliscor|Protect|p1a: Gliscor
|-singleturn|p1a: Gliscor|Protect
|move|p2a: 🦁|Taunt|p1a: Gliscor
|-activate|p1a: Gliscor|move: Protect
|
|-heal|p1a: Gliscor|69/100 tox|[from] ability: Poison Heal
|upkeep
|turn|27
|
|t:|1743933444
|move|p2a: 🦁|Taunt|p1a: Gliscor
|-start|p1a: Gliscor|move: Taunt
|cant|p1a: Gliscor|move: Taunt|Spikes
|
|-heal|p1a: Gliscor|81/100 tox|[from] ability: Poison Heal
|upkeep
|turn|28
|
|t:|1743933448
|move|p2a: 🦁|U-turn|p1a: Gliscor
|-resisted|p1a: Gliscor
|-damage|p1a: Gliscor|74/100 tox
|
|t:|1743933452
|switch|p2a: Phantom Beast|Darkrai|100/100|[from] U-turn
|move|p1a: Gliscor|Knock Off|p2a: Phantom Beast
|-resisted|p2a: Phantom Beast
|-damage|p2a: Phantom Beast|94/100
|
|-heal|p1a: Gliscor|86/100 tox|[from] ability: Poison Heal
|upkeep
|turn|29
|
|t:|1743933458
|switch|p1a: Blissey|Blissey, F, tera:Dark|99/100
|move|p2a: Phantom Beast|Nasty Plot|p2a: Phantom Beast
|-boost|p2a: Phantom Beast|spa|2
|
|upkeep
|turn|30
|
|t:|1743933463
|move|p2a: Phantom Beast|Sludge Bomb|p1a: Blissey
|-damage|p1a: Blissey|79/100
|move|p1a: Blissey|Calm Mind|p1a: Blissey
|-boost|p1a: Blissey|spa|1
|-boost|p1a: Blissey|spd|1
|
|upkeep
|turn|31
|
|t:|1743933467
|move|p2a: Phantom Beast|Sludge Bomb|p1a: Blissey
|-damage|p1a: Blissey|66/100
|-status|p1a: Blissey|psn
|move|p1a: Blissey|Seismic Toss|p2a: Phantom Beast
|-damage|p2a: Phantom Beast|59/100
|
|-damage|p1a: Blissey|53/100 psn|[from] psn
|upkeep
|turn|32
|
|t:|1743933472
|move|p2a: Phantom Beast|Nasty Plot|p2a: Phantom Beast
|-boost|p2a: Phantom Beast|spa|2
|move|p1a: Blissey|Soft-Boiled|p1a: Blissey
|-heal|p1a: Blissey|100/100 psn
|
|-damage|p1a: Blissey|88/100 psn|[from] psn
|upkeep
|turn|33
|
|t:|1743933478
|move|p2a: Phantom Beast|Ice Beam|p1a: Blissey
|-damage|p1a: Blissey|68/100 psn
|move|p1a: Blissey|Calm Mind|p1a: Blissey
|-boost|p1a: Blissey|spa|1
|-boost|p1a: Blissey|spd|1
|
|-damage|p1a: Blissey|56/100 psn|[from] psn
|upkeep
|turn|34
|
|t:|1743933485
|move|p2a: Phantom Beast|Nasty Plot|p2a: Phantom Beast
|-boost|p2a: Phantom Beast|spa|2
|move|p1a: Blissey|Soft-Boiled|p1a: Blissey
|-heal|p1a: Blissey|100/100 psn
|
|-damage|p1a: Blissey|88/100 psn|[from] psn
|upkeep
|turn|35
|
|t:|1743933487
|move|p2a: Phantom Beast|Ice Beam|p1a: Blissey
|-damage|p1a: Blissey|67/100 psn
|move|p1a: Blissey|Seismic Toss|p2a: Phantom Beast
|-damage|p2a: Phantom Beast|23/100
|
|-damage|p1a: Blissey|54/100 psn|[from] psn
|upkeep
|turn|36
|
|t:|1743933493
|switch|p2a: Momo|Alomomola, F|100/100
|move|p1a: Blissey|Soft-Boiled|p1a: Blissey
|-heal|p1a: Blissey|100/100 psn
|
|-damage|p1a: Blissey|88/100 psn|[from] psn
|upkeep
|turn|37
|
|t:|1743933496
|-curestatus|p1a: Blissey|psn|[from] ability: Natural Cure
|switch|p1a: Ting-Lu|Ting-Lu|44/100
|-ability|p1a: Ting-Lu|Vessel of Ruin
|move|p2a: Momo|Wish|p2a: Momo
|
|upkeep
|turn|38
|
|t:|1743933500
|move|p1a: Ting-Lu|Stealth Rock|p2a: Momo
|-sidestart|p2: BlackStar150520|move: Stealth Rock
|move|p2a: Momo|Flip Turn|p1a: Ting-Lu
|-supereffective|p1a: Ting-Lu
|-damage|p1a: Ting-Lu|26/100
|
|t:|1743933502
|switch|p2a: Phantom Beast|Darkrai|23/100|[from] Flip Turn
|-damage|p2a: Phantom Beast|11/100|[from] Stealth Rock
|
|-heal|p2a: Phantom Beast|100/100|[from] move: Wish|[wisher] Momo
|upkeep
|turn|39
|
|t:|1743933506
|switch|p1a: Blissey|Blissey, F, tera:Dark|88/100
|move|p2a: Phantom Beast|Ice Beam|p1a: Blissey
|-damage|p1a: Blissey|77/100
|
|upkeep
|turn|40
|
|t:|1743933509
|switch|p2a: Momo|Alomomola, F|100/100
|-damage|p2a: Momo|88/100|[from] Stealth Rock
|move|p1a: Blissey|Calm Mind|p1a: Blissey
|-boost|p1a: Blissey|spa|1
|-boost|p1a: Blissey|spd|1
|
|upkeep
|turn|41
|
|t:|1743933513
|switch|p1a: Gliscor|Gliscor, F|86/100 tox
|-damage|p1a: Gliscor|74/100 tox|[from] Stealth Rock
|move|p2a: Momo|Wish|p2a: Momo
|
|-heal|p1a: Gliscor|86/100 tox|[from] ability: Poison Heal
|upkeep
|turn|42
|
|t:|1743933515
|switch|p2a: Rimiru|Latios, M|41/100 tox
|-damage|p2a: Rimiru|28/100 tox|[from] Stealth Rock
|move|p1a: Gliscor|Spikes|p2a: Rimiru
|-sidestart|p2: BlackStar150520|Spikes
|
|-heal|p2a: Rimiru|100/100 tox|[from] move: Wish|[wisher] Momo
|-damage|p2a: Rimiru|95/100 tox|[from] psn
|-heal|p1a: Gliscor|99/100 tox|[from] ability: Poison Heal
|upkeep
|turn|43
|
|t:|1743933522
|move|p2a: Rimiru|Psychic Noise|p1a: Gliscor
|-damage|p1a: Gliscor|42/100 tox
|-start|p1a: Gliscor|move: Heal Block
|move|p1a: Gliscor|Spikes|p2a: Rimiru
|-sidestart|p2: BlackStar150520|Spikes
|
|-damage|p2a: Rimiru|83/100 tox|[from] psn
|upkeep
|turn|44
|
|t:|1743933525
|move|p1a: Gliscor|Protect|p1a: Gliscor
|-singleturn|p1a: Gliscor|Protect
|move|p2a: Rimiru|Calm Mind|p2a: Rimiru
|-boost|p2a: Rimiru|spa|1
|-boost|p2a: Rimiru|spd|1
|
|-damage|p2a: Rimiru|65/100 tox|[from] psn
|-end|p1a: Gliscor|move: Heal Block
|upkeep
|turn|45
|
|t:|1743933529
|switch|p1a: Blissey|Blissey, F, tera:Dark|77/100
|move|p2a: Rimiru|Draco Meteor|p1a: Blissey
|-damage|p1a: Blissey|42/100
|-unboost|p2a: Rimiru|spa|2
|
|-damage|p2a: Rimiru|41/100 tox|[from] psn
|upkeep
|turn|46
|
|t:|1743933537
|switch|p2a: Red Lightning|Scizor, F|100/100
|-damage|p2a: Red Lightning|88/100|[from] Stealth Rock
|-damage|p2a: Red Lightning|72/100|[from] Spikes
|move|p1a: Blissey|Soft-Boiled|p1a: Blissey
|-heal|p1a: Blissey|92/100
|
|upkeep
|turn|47
|
|t:|1743933544
|switch|p1a: Amoonguss|Amoonguss, F|100/100
|move|p2a: Red Lightning|Bullet Punch|p1a: Amoonguss
|-damage|p1a: Amoonguss|66/100
|
|upkeep
|turn|48
|
|t:|1743933549
|switch|p1a: Gliscor|Gliscor, F|42/100 tox
|-damage|p1a: Gliscor|29/100 tox|[from] Stealth Rock
|move|p2a: Red Lightning|Bullet Punch|p1a: Gliscor
|-damage|p1a: Gliscor|0 fnt
|faint|p1a: Gliscor
|
|upkeep
|
|t:|1743933552
|switch|p1a: Amoonguss|Amoonguss, F|99/100
|turn|49
|
|t:|1743933562
|switch|p2a: Momo|Alomomola, F|100/100
|-damage|p2a: Momo|88/100|[from] Stealth Rock
|-damage|p2a: Momo|71/100|[from] Spikes
|move|p1a: Amoonguss|Seed Bomb|p2a: Momo
|-supereffective|p2a: Momo
|-damage|p2a: Momo|37/100
|
|upkeep
|turn|50
|
|t:|1743933569
|switch|p2a: Red Lightning|Scizor, F|72/100
|-damage|p2a: Red Lightning|59/100|[from] Stealth Rock
|-damage|p2a: Red Lightning|43/100|[from] Spikes
|move|p1a: Amoonguss|Toxic|p2a: Red Lightning
|-immune|p2a: Red Lightning
|
|upkeep
|turn|51
|
|t:|1743933575
|move|p2a: Red Lightning|Knock Off|p1a: Amoonguss
|-damage|p1a: Amoonguss|62/100
|-enditem|p1a: Amoonguss|Heavy-Duty Boots|[from] move: Knock Off|[of] p2a: Red Lightning
|move|p1a: Amoonguss|Foul Play|p2a: Red Lightning
|-damage|p2a: Red Lightning|1/100
|
|upkeep
|turn|52
|
|t:|1743933581
|move|p2a: Red Lightning|Knock Off|p1a: Amoonguss
|-damage|p1a: Amoonguss|36/100
|move|p1a: Amoonguss|Synthesis|p1a: Amoonguss
|-heal|p1a: Amoonguss|86/100
|
|upkeep
|turn|53
|
|t:|1743933584
|move|p2a: Red Lightning|Knock Off|p1a: Amoonguss
|-damage|p1a: Amoonguss|61/100
|move|p1a: Amoonguss|Foul Play|p2a: Red Lightning
|-damage|p2a: Red Lightning|0 fnt
|faint|p2a: Red Lightning
|
|upkeep
|
|t:|1743933597
|switch|p2a: 🦁|Landorus-Therian, M|53/100
|-damage|p2a: 🦁|41/100|[from] Stealth Rock
|-ability|p2a: 🦁|Intimidate|boost
|-unboost|p1a: Amoonguss|atk|1
|turn|54
|
|t:|1743933603
|switch|p1a: Clefable|Clefable, F|78/100
|move|p2a: 🦁|Taunt|p1a: Clefable
|-start|p1a: Clefable|move: Taunt
|
|upkeep
|turn|55
|
|t:|1743933606
|move|p2a: 🦁|Earthquake|p1a: Clefable
|-damage|p1a: Clefable|34/100
|move|p1a: Clefable|Moonblast|p2a: 🦁
|-damage|p2a: 🦁|0 fnt
|faint|p2a: 🦁
|
|upkeep
|
|t:|1743933621
|switch|p2a: Phantom Beast|Darkrai|100/100
|-damage|p2a: Phantom Beast|88/100|[from] Stealth Rock
|-damage|p2a: Phantom Beast|72/100|[from] Spikes
|turn|56
|
|t:|1743933627
|switch|p1a: Blissey|Blissey, F, tera:Dark|92/100
|move|p2a: Phantom Beast|Sludge Bomb|p1a: Blissey
|-damage|p1a: Blissey|83/100
|-status|p1a: Blissey|psn
|
|-damage|p1a: Blissey|70/100 psn|[from] psn
|upkeep
|turn|57
|
|t:|1743933633
|-curestatus|p1a: Blissey|psn|[from] ability: Natural Cure
|switch|p1a: Amoonguss|Amoonguss, F|95/100
|-damage|p1a: Amoonguss|82/100|[from] Stealth Rock
|move|p2a: Phantom Beast|Nasty Plot|p2a: Phantom Beast
|-boost|p2a: Phantom Beast|spa|2
|
|upkeep
|turn|58
|
|t:|1743933638
|move|p2a: Phantom Beast|Ice Beam|p1a: Amoonguss
|-supereffective|p1a: Amoonguss
|-damage|p1a: Amoonguss|0 fnt
|faint|p1a: Amoonguss
|
|upkeep
|
|t:|1743933641
|switch|p1a: Blissey|Blissey, F, tera:Dark|70/100
|turn|59
|
|t:|1743933644
|move|p2a: Phantom Beast|Sludge Bomb|p1a: Blissey
|-damage|p1a: Blissey|50/100
|-status|p1a: Blissey|psn
|move|p1a: Blissey|Calm Mind|p1a: Blissey
|-boost|p1a: Blissey|spa|1
|-boost|p1a: Blissey|spd|1
|
|-damage|p1a: Blissey|37/100 psn|[from] psn
|upkeep
|turn|60
|
|t:|1743933647
|move|p2a: Phantom Beast|Nasty Plot|p2a: Phantom Beast
|-boost|p2a: Phantom Beast|spa|2
|move|p1a: Blissey|Soft-Boiled|p1a: Blissey
|-heal|p1a: Blissey|87/100 psn
|
|-damage|p1a: Blissey|75/100 psn|[from] psn
|upkeep
|turn|61
|
|t:|1743933649
|move|p2a: Phantom Beast|Ice Beam|p1a: Blissey
|-damage|p1a: Blissey|56/100 psn
|move|p1a: Blissey|Calm Mind|p1a: Blissey
|-boost|p1a: Blissey|spa|1
|-boost|p1a: Blissey|spd|1
|
|-damage|p1a: Blissey|44/100 psn|[from] psn
|upkeep
|turn|62
|
|t:|1743933652
|move|p2a: Phantom Beast|Nasty Plot|p2a: Phantom Beast
|-boost|p2a: Phantom Beast|spa|2
|move|p1a: Blissey|Soft-Boiled|p1a: Blissey
|-heal|p1a: Blissey|94/100 psn
|
|-damage|p1a: Blissey|82/100 psn|[from] psn
|upkeep
|turn|63
|
|t:|1743933654
|move|p2a: Phantom Beast|Ice Beam|p1a: Blissey
|-damage|p1a: Blissey|63/100 psn
|move|p1a: Blissey|Flamethrower|p2a: Phantom Beast
|-damage|p2a: Phantom Beast|32/100
|
|-damage|p1a: Blissey|51/100 psn|[from] psn
|upkeep
|turn|64
|
|t:|1743933664
|move|p2a: Phantom Beast|Ice Beam|p1a: Blissey
|-damage|p1a: Blissey|31/100 psn
|move|p1a: Blissey|Seismic Toss|p2a: Phantom Beast
|-damage|p2a: Phantom Beast|0 fnt
|faint|p2a: Phantom Beast
|
|-damage|p1a: Blissey|19/100 psn|[from] psn
|upkeep
|
|t:|1743933673
|switch|p2a: OG👑|Dragonite, M|100/100
|turn|65
|
|t:|1743933677
|-curestatus|p1a: Blissey|psn|[from] ability: Natural Cure
|switch|p1a: Dondozo|Dondozo, F|100/100
|move|p2a: OG👑|Earthquake|p1a: Dondozo
|-damage|p1a: Dondozo|84/100
|
|upkeep
|turn|66
|
|t:|1743933682
|switch|p2a: Momo|Alomomola, F|70/100
|-damage|p2a: Momo|58/100|[from] Stealth Rock
|-damage|p2a: Momo|41/100|[from] Spikes
|move|p1a: Dondozo|Curse|p1a: Dondozo
|-unboost|p1a: Dondozo|spe|1
|-boost|p1a: Dondozo|atk|1
|-boost|p1a: Dondozo|def|1
|
|upkeep
|turn|67
|
|t:|1743933686
|move|p2a: Momo|Wish|p2a: Momo
|move|p1a: Dondozo|Curse|p1a: Dondozo
|-unboost|p1a: Dondozo|spe|1
|-boost|p1a: Dondozo|atk|1
|-boost|p1a: Dondozo|def|1
|
|upkeep
|turn|68
|
|t:|1743933689
|move|p2a: Momo|Flip Turn|p1a: Dondozo
|-resisted|p1a: Dondozo
|-damage|p1a: Dondozo|82/100
|
|t:|1743933691
|switch|p2a: Rimiru|Latios, M|41/100 tox|[from] Flip Turn
|-damage|p2a: Rimiru|28/100 tox|[from] Stealth Rock
|move|p1a: Dondozo|Waterfall|p2a: Rimiru
|-resisted|p2a: Rimiru
|-damage|p2a: Rimiru|0 fnt
|faint|p2a: Rimiru
|
|upkeep
|-message|BlackStar150520 forfeited.
|
|win|WangLinWL
|raw|WangLinWL's rating: 1794 &rarr; <strong>1817</strong><br />(+23 for winning)
|raw|BlackStar150520's rating: 1853 &rarr; <strong>1830</strong><br />(-23 for losing)
|l|☆BlackStar150520
|player|p2|
|l|☆WangLinWL
|player|p1|
|j|☆WangLinWL
|player|p1|WangLinWL|lucas|
|l|☆WangLinWL
|player|p1|
