|j|☆pipitonga
|j|☆Zachimations
|t:|1743929940
|gametype|singles
|player|p1|pipitonga|169|1298
|player|p2|Zachimations|sordward|1316
|teamsize|p1|6
|teamsize|p2|6
|gen|9
|tier|[Gen 9] OU
|rated|
|rule|HP Percentage Mod: HP is shown in percentages
|rule|Endless Battle Clause: Forcing endless battles is banned
|rule|Species Clause: Limit one of each Pokémon
|rule|OHKO Clause: OHKO moves are banned
|rule|Evasion Items Clause: Evasion items are banned
|rule|Evasion Moves Clause: Evasion moves are banned
|rule|Sleep Moves Clause: Sleep-inducing moves are banned
|clearpoke
|poke|p1|Kingambit, M|
|poke|p1|Ogerpon-Wellspring, F|
|poke|p1|Dragapult, F|
|poke|p1|Raging Bolt|
|poke|p1|Corviknight, F|
|poke|p1|Landorus-Therian, M|
|poke|p2|Landorus-Therian, M|
|poke|p2|Dragapult, M|
|poke|p2|Ogerpon-Wellspring, F|
|poke|p2|Slowking-Galar, M|
|poke|p2|Kingambit, M|
|poke|p2|Raging Bolt|
|teampreview
|inactive|Battle timer is ON: inactive players will automatically lose when time's up. (requested by Zachimations)
|
|t:|1743929951
|start
|switch|p1a: Landorus|Landorus-Therian, M|100/100
|switch|p2a: Landoruchi Bonucci|Landorus-Therian, M|100/100
|-ability|p2a: Landoruchi Bonucci|Intimidate|boost
|-unboost|p1a: Landorus|atk|1
|-ability|p1a: Landorus|Intimidate|boost
|-unboost|p2a: Landoruchi Bonucci|atk|1
|turn|1
|
|t:|1743929965
|move|p1a: Landorus|Stealth Rock|p2a: Landoruchi Bonucci
|-sidestart|p2: Zachimations|move: Stealth Rock
|move|p2a: Landoruchi Bonucci|Taunt|p1a: Landorus
|-start|p1a: Landorus|move: Taunt
|
|upkeep
|turn|2
|
|t:|1743929972
|move|p2a: Landoruchi Bonucci|Stealth Rock|p1a: Landorus
|-sidestart|p1: pipitonga|move: Stealth Rock
|move|p1a: Landorus|Earthquake|p2a: Landoruchi Bonucci
|-immune|p2a: Landoruchi Bonucci
|
|upkeep
|turn|3
|
|t:|1743929983
|move|p1a: Landorus|Earthquake|p2a: Landoruchi Bonucci
|-immune|p2a: Landoruchi Bonucci
|move|p2a: Landoruchi Bonucci|U-turn|p1a: Landorus
|-resisted|p1a: Landorus
|-damage|p1a: Landorus|90/100
|
|t:|1743929997
|switch|p2a: Ogerponi Bastoni|Ogerpon-Wellspring, F|100/100|[from] U-turn
|-damage|p2a: Ogerponi Bastoni|88/100|[from] Stealth Rock
|
|upkeep
|turn|4
|
|t:|1743930008
|switch|p1a: Corviknight|Corviknight, F|100/100
|-damage|p1a: Corviknight|88/100|[from] Stealth Rock
|-ability|p1a: Corviknight|Pressure
|move|p2a: Ogerponi Bastoni|U-turn|p1a: Corviknight
|-resisted|p1a: Corviknight
|-damage|p1a: Corviknight|84/100
|
|t:|1743930026
|switch|p2a: Imagine Dragon|Dragapult, M|100/100|[from] U-turn
|-damage|p2a: Imagine Dragon|88/100|[from] Stealth Rock
|
|-heal|p1a: Corviknight|90/100|[from] item: Leftovers
|upkeep
|turn|5
|inactive|pipitonga has 120 seconds left.
|
|t:|1743930066
|move|p2a: Imagine Dragon|Flamethrower|p1a: Corviknight
|-supereffective|p1a: Corviknight
|-crit|p1a: Corviknight
|-damage|p1a: Corviknight|0 fnt
|faint|p1a: Corviknight
|
|upkeep
|inactive|pipitonga has 90 seconds left.
|inactive|pipitonga has 60 seconds left.
|
|t:|1743930125
|switch|p1a: Raging Bolt|Raging Bolt|100/100
|-damage|p1a: Raging Bolt|88/100|[from] Stealth Rock
|-enditem|p1a: Raging Bolt|Booster Energy
|-activate|p1a: Raging Bolt|ability: Protosynthesis|[fromitem]
|-start|p1a: Raging Bolt|protosynthesisspa
|turn|6
|
|t:|1743930134
|switch|p2a: Landoruchi Bonucci|Landorus-Therian, M|100/100
|-damage|p2a: Landoruchi Bonucci|88/100|[from] Stealth Rock
|-ability|p2a: Landoruchi Bonucci|Intimidate|boost
|-unboost|p1a: Raging Bolt|atk|1
|move|p1a: Raging Bolt|Calm Mind|p1a: Raging Bolt
|-boost|p1a: Raging Bolt|spa|1
|-boost|p1a: Raging Bolt|spd|1
|
|upkeep
|turn|7
|inactive|pipitonga has 60 seconds left.
|
|t:|1743930154
|-terastallize|p1a: Raging Bolt|Fairy
|move|p2a: Landoruchi Bonucci|Earthquake|p1a: Raging Bolt
|-damage|p1a: Raging Bolt|33/100
|move|p1a: Raging Bolt|Dragon Pulse|p2a: Landoruchi Bonucci
|-damage|p2a: Landoruchi Bonucci|0 fnt
|faint|p2a: Landoruchi Bonucci
|
|upkeep
|
|t:|1743930176
|switch|p2a: Lalesa|Raging Bolt|100/100
|-damage|p2a: Lalesa|88/100|[from] Stealth Rock
|-enditem|p2a: Lalesa|Booster Energy
|-activate|p2a: Lalesa|ability: Protosynthesis|[fromitem]
|-start|p2a: Lalesa|protosynthesisspa
|turn|8
|inactive|pipitonga has 60 seconds left.
|
|t:|1743930195
|-terastallize|p2a: Lalesa|Fairy
|move|p1a: Raging Bolt|Dragon Pulse|p2a: Lalesa
|-immune|p2a: Lalesa
|move|p2a: Lalesa|Calm Mind|p2a: Lalesa
|-boost|p2a: Lalesa|spa|1
|-boost|p2a: Lalesa|spd|1
|
|upkeep
|turn|9
|inactive|pipitonga has 60 seconds left.
|
|t:|1743930215
|move|p2a: Lalesa|Thunderclap|p1a: Raging Bolt
|-damage|p1a: Raging Bolt|0 fnt
|faint|p1a: Raging Bolt
|-end|p1a: Raging Bolt|Protosynthesis|[silent]
|
|upkeep
|
|t:|1743930220
|switch|p1a: Landorus|Landorus-Therian, M|90/100
|-damage|p1a: Landorus|77/100|[from] Stealth Rock
|-ability|p1a: Landorus|Intimidate|boost
|-unboost|p2a: Lalesa|atk|1
|turn|10
|
|t:|1743930225
|move|p1a: Landorus|Earthquake|p2a: Lalesa
|-damage|p2a: Lalesa|23/100
|move|p2a: Lalesa|Dragon Pulse|p1a: Landorus
|-damage|p1a: Landorus|0 fnt
|faint|p1a: Landorus
|
|upkeep
|inactive|pipitonga has 60 seconds left.
|
|t:|1743930233
|switch|p1a: Dragapult|Dragapult, F|100/100
|-damage|p1a: Dragapult|88/100|[from] Stealth Rock
|turn|11
|
|t:|1743930239
|move|p2a: Lalesa|Thunderclap|p1a: Dragapult
|-resisted|p1a: Dragapult
|-damage|p1a: Dragapult|32/100
|move|p1a: Dragapult|Shadow Ball|p2a: Lalesa
|-damage|p2a: Lalesa|0 fnt
|faint|p2a: Lalesa
|-end|p2a: Lalesa|Protosynthesis|[silent]
|
|upkeep
|
|t:|1743930244
|switch|p2a: PawnHub Premium|Kingambit, M, shiny|100/100
|-damage|p2a: PawnHub Premium|94/100|[from] Stealth Rock
|-activate|p2a: PawnHub Premium|ability: Supreme Overlord
|-start|p2a: PawnHub Premium|fallen2|[silent]
|turn|12
|
|t:|1743930261
|switch|p1a: Ogerpon|Ogerpon-Wellspring, F|100/100
|-damage|p1a: Ogerpon|88/100|[from] Stealth Rock
|move|p2a: PawnHub Premium|Sucker Punch||[still]
|-fail|p2a: PawnHub Premium
|
|-heal|p2a: PawnHub Premium|100/100|[from] item: Leftovers
|upkeep
|turn|13
|
|t:|1743930268
|-end|p2a: PawnHub Premium|fallen2|[silent]
|switch|p2a: Hippolini Meeni|Slowking-Galar, M|100/100
|move|p1a: Ogerpon|Swords Dance|p1a: Ogerpon
|-boost|p1a: Ogerpon|atk|2
|
|upkeep
|turn|14
|
|t:|1743930275
|move|p1a: Ogerpon|Ivy Cudgel|p2a: Hippolini Meeni|[anim] Ivy Cudgel Water
|-damage|p2a: Hippolini Meeni|0 fnt
|faint|p2a: Hippolini Meeni
|
|upkeep
|
|t:|1743930283
|switch|p2a: Imagine Dragon|Dragapult, M|88/100
|-damage|p2a: Imagine Dragon|76/100|[from] Stealth Rock
|turn|15
|
|t:|1743930307
|move|p2a: Imagine Dragon|Draco Meteor|p1a: Ogerpon
|-damage|p1a: Ogerpon|0 fnt
|-unboost|p2a: Imagine Dragon|spa|2
|faint|p1a: Ogerpon
|
|upkeep
|
|t:|1743930314
|switch|p1a: Kingambit|Kingambit, M|100/100
|-damage|p1a: Kingambit|94/100|[from] Stealth Rock
|-activate|p1a: Kingambit|ability: Supreme Overlord
|-start|p1a: Kingambit|fallen4|[silent]
|turn|16
|
|t:|1743930320
|switch|p2a: PawnHub Premium|Kingambit, M, shiny|100/100
|-damage|p2a: PawnHub Premium|94/100|[from] Stealth Rock
|-activate|p2a: PawnHub Premium|ability: Supreme Overlord
|-start|p2a: PawnHub Premium|fallen3|[silent]
|move|p1a: Kingambit|Swords Dance|p1a: Kingambit
|-boost|p1a: Kingambit|atk|2
|
|-heal|p2a: PawnHub Premium|100/100|[from] item: Leftovers
|-heal|p1a: Kingambit|100/100|[from] item: Leftovers
|upkeep
|turn|17
|inactive|pipitonga has 90 seconds left.
|
|t:|1743930333
|move|p2a: PawnHub Premium|Iron Head|p1a: Kingambit
|-resisted|p1a: Kingambit
|-crit|p1a: Kingambit
|-damage|p1a: Kingambit|64/100
|cant|p1a: Kingambit|flinch
|
|-heal|p1a: Kingambit|71/100|[from] item: Leftovers
|upkeep
|turn|18
|inactive|pipitonga has 90 seconds left.
|
|t:|1743930348
|move|p2a: PawnHub Premium|Iron Head|p1a: Kingambit
|-resisted|p1a: Kingambit
|-damage|p1a: Kingambit|48/100
|move|p1a: Kingambit|Swords Dance|p1a: Kingambit
|-boost|p1a: Kingambit|atk|2
|
|-heal|p1a: Kingambit|54/100|[from] item: Leftovers
|upkeep
|turn|19
|inactive|pipitonga has 90 seconds left.
|
|t:|1743930361
|move|p2a: PawnHub Premium|Iron Head|p1a: Kingambit
|-resisted|p1a: Kingambit
|-damage|p1a: Kingambit|32/100
|cant|p1a: Kingambit|flinch
|
|-heal|p1a: Kingambit|38/100|[from] item: Leftovers
|upkeep
|turn|20
|inactive|pipitonga has 90 seconds left.
|
|t:|1743930387
|move|p2a: PawnHub Premium|Iron Head|p1a: Kingambit
|-resisted|p1a: Kingambit
|-damage|p1a: Kingambit|14/100
|move|p1a: Kingambit|Kowtow Cleave|p2a: PawnHub Premium
|-resisted|p2a: PawnHub Premium
|-damage|p2a: PawnHub Premium|3/100
|
|-heal|p2a: PawnHub Premium|10/100|[from] item: Leftovers
|-heal|p1a: Kingambit|20/100|[from] item: Leftovers
|upkeep
|turn|21
|
|t:|1743930396
|move|p2a: PawnHub Premium|Sucker Punch|p1a: Kingambit
|-resisted|p1a: Kingambit
|-damage|p1a: Kingambit|0 fnt
|faint|p1a: Kingambit
|-end|p1a: Kingambit|fallen4|[silent]
|
|-heal|p2a: PawnHub Premium|16/100|[from] item: Leftovers
|upkeep
|
|t:|1743930402
|switch|p1a: Dragapult|Dragapult, F|32/100
|-damage|p1a: Dragapult|20/100|[from] Stealth Rock
|turn|22
|
|t:|1743930407
|move|p2a: PawnHub Premium|Sucker Punch|p1a: Dragapult
|-supereffective|p1a: Dragapult
|-damage|p1a: Dragapult|0 fnt
|faint|p1a: Dragapult
|
|win|Zachimations
|raw|pipitonga's rating: 1298 &rarr; <strong>1274</strong><br />(-24 for losing)
|raw|Zachimations's rating: 1316 &rarr; <strong>1335</strong><br />(+19 for winning)
|l|☆pipitonga
|player|p1|
