|j|☆Thai Ladyboi
|j|☆jaaziah27911
|t:|1743922385
|gametype|singles
|player|p1|Thai Ladyboi|2|1176
|player|p2|jaaziah27911|red|1123
|teamsize|p1|6
|teamsize|p2|6
|gen|9
|tier|[Gen 9] OU
|rated|
|rule|HP Percentage Mod: HP is shown in percentages
|rule|Endless Battle Clause: Forcing endless battles is banned
|rule|Species Clause: Limit one of each Pokémon
|rule|OHKO Clause: OHKO moves are banned
|rule|Evasion Items Clause: Evasion items are banned
|rule|Evasion Moves Clause: Evasion moves are banned
|rule|Sleep Moves Clause: Sleep-inducing moves are banned
|clearpoke
|poke|p1|Kyurem|
|poke|p1|Slowking-Galar, F|
|poke|p1|Okidogi, M|
|poke|p1|Sinistcha|
|poke|p1|Rillaboom, M|
|poke|p1|Cinderace, F|
|poke|p2|Toxicroak, M|
|poke|p2|Politoed, M|
|poke|p2|Barraskewda, M|
|poke|p2|Landorus-Therian, M|
|poke|p2|Zarude|
|poke|p2|Iron Valiant|
|teampreview
|
|t:|1743922394
|start
|switch|p1a: Okidogi|Okidogi, M|100/100
|switch|p2a: Landorus|Landorus-Therian, M|100/100
|-ability|p2a: Landorus|Intimidate|boost
|-ability|p1a: Okidogi|Guard Dog|boost
|-boost|p1a: Okidogi|atk|1
|turn|1
|inactive|Battle timer is ON: inactive players will automatically lose when time's up. (requested by jaaziah27911)
|
|t:|1743922405
|move|p2a: Landorus|Earthquake|p1a: Okidogi
|-supereffective|p1a: Okidogi
|-damage|p1a: Okidogi|28/100
|move|p1a: Okidogi|Ice Punch|p2a: Landorus
|-supereffective|p2a: Landorus
|-damage|p2a: Landorus|0 fnt
|faint|p2a: Landorus
|
|upkeep
|
|t:|1743922412
|switch|p2a: Politoed|Politoed, M|100/100
|-weather|RainDance|[from] ability: Drizzle|[of] p2a: Politoed
|turn|2
|
|t:|1743922419
|move|p1a: Okidogi|Thunder Punch|p2a: Politoed
|-supereffective|p2a: Politoed
|-damage|p2a: Politoed|0 fnt
|faint|p2a: Politoed
|
|-weather|RainDance|[upkeep]
|upkeep
|
|t:|1743922441
|switch|p2a: Toxicroak|Toxicroak, M, shiny|100/100
|turn|3
|
|t:|1743922459
|move|p2a: Toxicroak|Swords Dance|p2a: Toxicroak
|-boost|p2a: Toxicroak|atk|2
|move|p1a: Okidogi|Bulk Up|p1a: Okidogi
|-boost|p1a: Okidogi|atk|1
|-boost|p1a: Okidogi|def|1
|
|-weather|RainDance|[upkeep]
|upkeep
|turn|4
|inactive|jaaziah27911 has 120 seconds left.
|
|t:|1743922502
|move|p2a: Toxicroak|Drain Punch|p1a: Okidogi
|-resisted|p1a: Okidogi
|-damage|p1a: Okidogi|10/100
|move|p1a: Okidogi|Thunder Punch|p2a: Toxicroak
|-damage|p2a: Toxicroak|2/100
|
|-weather|RainDance|[upkeep]
|-heal|p2a: Toxicroak|15/100|[from] ability: Dry Skin
|-heal|p2a: Toxicroak|21/100|[from] item: Leftovers
|upkeep
|turn|5
|
|t:|1743922513
|switch|p1a: Sinistcha|Sinistcha|100/100
|move|p2a: Toxicroak|Drain Punch|p1a: Sinistcha
|-immune|p1a: Sinistcha
|
|-weather|RainDance|[upkeep]
|-heal|p2a: Toxicroak|33/100|[from] ability: Dry Skin
|-heal|p2a: Toxicroak|39/100|[from] item: Leftovers
|upkeep
|turn|6
|
|t:|1743922524
|move|p2a: Toxicroak|Poison Jab|p1a: Sinistcha
|-damage|p1a: Sinistcha|52/100
|-status|p1a: Sinistcha|psn
|-damage|p2a: Toxicroak|23/100|[from] item: Rocky Helmet|[of] p1a: Sinistcha
|move|p1a: Sinistcha|Strength Sap|p2a: Toxicroak
|-unboost|p2a: Toxicroak|atk|1
|-heal|p1a: Sinistcha|100/100 psn
|
|-weather|RainDance|[upkeep]
|-heal|p2a: Toxicroak|35/100|[from] ability: Dry Skin
|-heal|p2a: Toxicroak|41/100|[from] item: Leftovers
|-damage|p1a: Sinistcha|88/100 psn|[from] psn
|upkeep
|turn|7
|
|t:|1743922538
|move|p2a: Toxicroak|Poison Jab|p1a: Sinistcha
|-damage|p1a: Sinistcha|50/100 psn
|-damage|p2a: Toxicroak|25/100|[from] item: Rocky Helmet|[of] p1a: Sinistcha
|move|p1a: Sinistcha|Strength Sap|p2a: Toxicroak
|-unboost|p2a: Toxicroak|atk|1
|-heal|p1a: Sinistcha|100/100 psn
|
|-weather|RainDance|[upkeep]
|-heal|p2a: Toxicroak|37/100|[from] ability: Dry Skin
|-heal|p2a: Toxicroak|43/100|[from] item: Leftovers
|-damage|p1a: Sinistcha|88/100 psn|[from] psn
|upkeep
|turn|8
|
|t:|1743922552
|move|p2a: Toxicroak|Swords Dance|p2a: Toxicroak
|-boost|p2a: Toxicroak|atk|2
|move|p1a: Sinistcha|Strength Sap|p2a: Toxicroak
|-unboost|p2a: Toxicroak|atk|1
|-heal|p1a: Sinistcha|100/100 psn
|
|-weather|RainDance|[upkeep]
|-heal|p2a: Toxicroak|56/100|[from] ability: Dry Skin
|-heal|p2a: Toxicroak|62/100|[from] item: Leftovers
|-damage|p1a: Sinistcha|88/100 psn|[from] psn
|upkeep
|turn|9
|
|t:|1743922566
|move|p2a: Toxicroak|Sucker Punch||[still]
|-fail|p2a: Toxicroak
|move|p1a: Sinistcha|Strength Sap|p2a: Toxicroak
|-unboost|p2a: Toxicroak|atk|1
|-heal|p1a: Sinistcha|100/100 psn
|
|-weather|none
|-heal|p2a: Toxicroak|68/100|[from] item: Leftovers
|-damage|p1a: Sinistcha|88/100 psn|[from] psn
|upkeep
|turn|10
|
|t:|1743922587
|switch|p2a: Zarude|Zarude|100/100
|move|p1a: Sinistcha|Calm Mind|p1a: Sinistcha
|-boost|p1a: Sinistcha|spa|1
|-boost|p1a: Sinistcha|spd|1
|
|-damage|p1a: Sinistcha|76/100 psn|[from] psn
|upkeep
|turn|11
|
|t:|1743922597
|switch|p1a: Okidogi|Okidogi, M|10/100
|move|p2a: Zarude|Knock Off|p1a: Okidogi
|-resisted|p1a: Okidogi
|-damage|p1a: Okidogi|0 fnt
|-enditem|p1a: Okidogi|Punching Glove|[from] move: Knock Off|[of] p2a: Zarude
|faint|p1a: Okidogi
|
|upkeep
|
|t:|1743922606
|switch|p1a: Cinderace|Cinderace, F|100/100
|turn|12
|
|t:|1743922622
|move|p2a: Zarude|Knock Off|p1a: Cinderace
|-damage|p1a: Cinderace|24/100
|-enditem|p1a: Cinderace|Heavy-Duty Boots|[from] move: Knock Off|[of] p2a: Zarude
|move|p1a: Cinderace|Pyro Ball|p2a: Zarude
|-supereffective|p2a: Zarude
|-damage|p2a: Zarude|0 fnt
|faint|p2a: Zarude
|
|upkeep
|
|t:|1743922629
|switch|p2a: Barraskewda|Barraskewda, M, shiny|100/100
|turn|13
|
|t:|1743922635
|move|p1a: Cinderace|Sucker Punch|p2a: Barraskewda
|-start|p1a: Cinderace|typechange|Dark|[from] ability: Libero
|-damage|p2a: Barraskewda|33/100
|move|p2a: Barraskewda|Flip Turn|p1a: Cinderace
|-damage|p1a: Cinderace|0 fnt
|faint|p1a: Cinderace
|
|t:|1743922645
|switch|p2a: Toxicroak|Toxicroak, M, shiny|68/100|[from] Flip Turn
|
|-heal|p2a: Toxicroak|74/100|[from] item: Leftovers
|upkeep
|
|t:|1743922651
|switch|p1a: Slowking|Slowking-Galar, F|100/100
|turn|14
|
|t:|1743922661
|-terastallize|p1a: Slowking|Water
|move|p2a: Toxicroak|Swords Dance|p2a: Toxicroak
|-boost|p2a: Toxicroak|atk|2
|move|p1a: Slowking|Future Sight|p2a: Toxicroak
|-start|p1a: Slowking|move: Future Sight
|
|-heal|p2a: Toxicroak|80/100|[from] item: Leftovers
|upkeep
|turn|15
|
|t:|1743922674
|-terastallize|p2a: Toxicroak|Dark
|move|p2a: Toxicroak|Swords Dance|p2a: Toxicroak
|-boost|p2a: Toxicroak|atk|2
|move|p1a: Slowking|Thunder Wave|p2a: Toxicroak|[miss]
|-miss|p1a: Slowking|p2a: Toxicroak
|
|-heal|p2a: Toxicroak|86/100|[from] item: Leftovers
|upkeep
|turn|16
|
|t:|1743922688
|move|p2a: Toxicroak|Poison Jab|p1a: Slowking
|-crit|p1a: Slowking
|-damage|p1a: Slowking|0 fnt
|faint|p1a: Slowking
|
|-end|p2a: Toxicroak|move: Future Sight
|-immune|p2a: Toxicroak
|-heal|p2a: Toxicroak|93/100|[from] item: Leftovers
|upkeep
|
|t:|1743922698
|switch|p1a: Kyurem|Kyurem|100/100
|-ability|p1a: Kyurem|Pressure
|turn|17
|
|t:|1743922705
|move|p1a: Kyurem|Draco Meteor|p2a: Toxicroak
|-damage|p2a: Toxicroak|0 fnt
|-unboost|p1a: Kyurem|spa|2
|faint|p2a: Toxicroak
|
|upkeep
|
|t:|1743922712
|switch|p2a: Iron Valiant|Iron Valiant|100/100
|-enditem|p2a: Iron Valiant|Booster Energy
|-activate|p2a: Iron Valiant|ability: Quark Drive|[fromitem]
|-start|p2a: Iron Valiant|quarkdrivespe
|turn|18
|
|t:|1743922717
|switch|p1a: Rillaboom|Rillaboom, M|100/100
|-fieldstart|move: Grassy Terrain|[from] ability: Grassy Surge|[of] p1a: Rillaboom
|move|p2a: Iron Valiant|Encore||[still]
|-fail|p2a: Iron Valiant
|
|upkeep
|turn|19
|
|t:|1743922734
|move|p1a: Rillaboom|Grassy Glide|p2a: Iron Valiant
|-damage|p2a: Iron Valiant|48/100
|move|p2a: Iron Valiant|Calm Mind|p2a: Iron Valiant
|-boost|p2a: Iron Valiant|spa|1
|-boost|p2a: Iron Valiant|spd|1
|
|-heal|p2a: Iron Valiant|54/100|[from] Grassy Terrain
|upkeep
|turn|20
|
|t:|1743922746
|move|p2a: Iron Valiant|Moonblast|p1a: Rillaboom
|-damage|p1a: Rillaboom|50/100
|-unboost|p1a: Rillaboom|spa|1
|move|p1a: Rillaboom|Wood Hammer|p2a: Iron Valiant
|-damage|p2a: Iron Valiant|0 fnt
|faint|p2a: Iron Valiant
|-end|p2a: Iron Valiant|Quark Drive|[silent]
|-damage|p1a: Rillaboom|37/100|[from] Recoil
|
|-heal|p1a: Rillaboom|43/100|[from] Grassy Terrain
|upkeep
|
|t:|1743922750
|switch|p2a: Barraskewda|Barraskewda, M, shiny|33/100
|turn|21
|
|t:|1743922760
|move|p1a: Rillaboom|Grassy Glide|p2a: Barraskewda
|-supereffective|p2a: Barraskewda
|-damage|p2a: Barraskewda|0 fnt
|faint|p2a: Barraskewda
|
|win|Thai Ladyboi
|raw|Thai Ladyboi's rating: 1176 &rarr; <strong>1197</strong><br />(+21 for winning)
|raw|jaaziah27911's rating: 1123 &rarr; <strong>1102</strong><br />(-21 for losing)
|l|☆jaaziah27911
|player|p2|
|l|☆Thai Ladyboi
|player|p1|
