|j|☆luguodedyj
|j|☆Xibeixyz
|t:|1743920098
|gametype|singles
|player|p1|luguodedyj|psychicf-gen4|
|player|p2|Xibeixyz|cynthia-gen4|
|teamsize|p1|6
|teamsize|p2|6
|gen|9
|tier|[Gen 9] OU
|rule|HP Percentage Mod: HP is shown in percentages
|rule|Endless Battle Clause: Forcing endless battles is banned
|rule|Species Clause: Limit one of each Pokémon
|rule|OHKO Clause: OHKO moves are banned
|rule|Evasion Items Clause: Evasion items are banned
|rule|Evasion Moves Clause: Evasion moves are banned
|rule|Sleep Moves Clause: Sleep-inducing moves are banned
|clearpoke
|poke|p1|Azumarill, F|
|poke|p1|Iron Hands|
|poke|p1|Electabuzz, M|
|poke|p1|Golem-Alola, M|
|poke|p1|Blissey, F|
|poke|p1|Clefable, M|
|poke|p2|Clefable, M|
|poke|p2|Dragonite, F|
|poke|p2|Hatterene, F|
|poke|p2|Ursaluna, F|
|poke|p2|Iron Valiant|
|poke|p2|Gengar, M|
|teampreview
|
|t:|1743920107
|start
|switch|p1a: Golem|Golem-Alola, M|100/100
|switch|p2a: Clefable|Clefable, M|100/100
|turn|1
|
|t:|1743920114
|move|p2a: Clefable|Metronome|p2a: Clefable
|move|p2a: Clefable|Ice Hammer|p1a: Golem|[from] move: Metronome
|-damage|p1a: Golem|84/100
|-unboost|p2a: Clefable|spe|1
|move|p1a: Golem|Metronome|p1a: Golem
|move|p1a: Golem|Energy Ball|p2a: Clefable|[from] move: Metronome
|-damage|p2a: Clefable|89/100
|
|upkeep
|turn|2
|
|t:|1743920126
|move|p2a: Clefable|Metronome|p2a: Clefable
|move|p2a: Clefable|Magic Room|p2a: Clefable|[from] move: Metronome
|-fieldstart|move: Magic Room|[of] p2a: Clefable
|move|p1a: Golem|Metronome|p1a: Golem
|move|p1a: Golem|Wonder Room|p1a: Golem|[from] move: Metronome
|-fieldstart|move: Wonder Room|[of] p1a: Golem
|
|upkeep
|turn|3
|
|t:|1743920143
|move|p2a: Clefable|Metronome|p2a: Clefable
|move|p2a: Clefable|Thunderbolt|p1a: Golem|[from] move: Metronome
|-resisted|p1a: Golem
|-damage|p1a: Golem|74/100
|move|p1a: Golem|Metronome|p1a: Golem
|move|p1a: Golem|Water Shuriken|p2a: Clefable|[from] move: Metronome
|-damage|p2a: Clefable|86/100
|-damage|p2a: Clefable|83/100
|-damage|p2a: Clefable|81/100
|-hitcount|p2a: Clefable|3
|
|upkeep
|turn|4
|
|t:|1743920159
|move|p2a: Clefable|Metronome|p2a: Clefable
|move|p2a: Clefable|Round|p1a: Golem|[from] move: Metronome
|-resisted|p1a: Golem
|-damage|p1a: Golem|68/100
|move|p1a: Golem|Metronome|p1a: Golem
|move|p1a: Golem|Dragon Claw|p2a: Clefable|[from] move: Metronome
|-immune|p2a: Clefable
|
|upkeep
|turn|5
|
|t:|1743920169
|move|p2a: Clefable|Metronome|p2a: Clefable
|move|p2a: Clefable|Fusion Flare|p1a: Golem|[from] move: Metronome
|-resisted|p1a: Golem
|-damage|p1a: Golem|56/100
|move|p1a: Golem|Metronome|p1a: Golem
|move|p1a: Golem|Horn Leech|p2a: Clefable|[from] move: Metronome
|-damage|p2a: Clefable|57/100
|-heal|p1a: Golem|69/100|[from] drain|[of] p2a: Clefable
|
|upkeep
|turn|6
|
|t:|1743920180
|move|p2a: Clefable|Metronome|p2a: Clefable
|move|p2a: Clefable|Heat Crash|p1a: Golem|[from] move: Metronome
|-resisted|p1a: Golem
|-damage|p1a: Golem|65/100
|move|p1a: Golem|Metronome|p1a: Golem
|move|p1a: Golem|Spacial Rend|p2a: Clefable|[from] move: Metronome
|-immune|p2a: Clefable
|
|-fieldend|move: Wonder Room
|-fieldend|move: Magic Room|[of] p2a: Clefable
|upkeep
|turn|7
|
|t:|1743920194
|move|p2a: Clefable|Metronome|p2a: Clefable
|move|p2a: Clefable|Lava Plume|p1a: Golem|[from] move: Metronome
|-resisted|p1a: Golem
|-damage|p1a: Golem|43/100
|move|p1a: Golem|Metronome|p1a: Golem
|move|p1a: Golem|Minimize|p1a: Golem|[from] move: Metronome
|-boost|p1a: Golem|evasion|2
|
|upkeep
|turn|8
|
|t:|1743920204
|move|p2a: Clefable|Metronome|p2a: Clefable
|move|p2a: Clefable|Take Down|p1a: Golem|[from] move: Metronome|[miss]
|-miss|p2a: Clefable|p1a: Golem
|move|p1a: Golem|Metronome|p1a: Golem
|move|p1a: Golem|Eerie Spell|p2a: Clefable|[from] move: Metronome
|-damage|p2a: Clefable|46/100
|-activate|p2a: Clefable|move: Eerie Spell|Metronome|3
|
|upkeep
|turn|9
|
|t:|1743920214
|move|p2a: Clefable|Metronome|p2a: Clefable
|move|p2a: Clefable|Seed Flare|p1a: Golem|[from] move: Metronome|[miss]
|-miss|p2a: Clefable|p1a: Golem
|move|p1a: Golem|Metronome|p1a: Golem
|move|p1a: Golem|Charm|p2a: Clefable|[from] move: Metronome
|-unboost|p2a: Clefable|atk|2
|
|upkeep
|turn|10
|
|t:|1743920224
|move|p2a: Clefable|Metronome|p2a: Clefable
|move|p2a: Clefable|Energy Ball|p1a: Golem|[from] move: Metronome|[miss]
|-miss|p2a: Clefable|p1a: Golem
|move|p1a: Golem|Metronome|p1a: Golem
|move|p1a: Golem|Earth Power|p2a: Clefable|[from] move: Metronome
|-damage|p2a: Clefable|34/100
|
|upkeep
|turn|11
|
|t:|1743920235
|move|p2a: Clefable|Metronome|p2a: Clefable
|move|p2a: Clefable|Shadow Sneak|p1a: Golem|[from] move: Metronome
|-damage|p1a: Golem|39/100
|move|p1a: Golem|Metronome|p1a: Golem
|move|p1a: Golem|Thunder Shock|p2a: Clefable|[from] move: Metronome
|-damage|p2a: Clefable|26/100
|
|upkeep
|turn|12
|
|t:|1743920245
|move|p2a: Clefable|Metronome|p2a: Clefable
|move|p2a: Clefable|Alluring Voice|p1a: Golem|[from] move: Metronome
|-damage|p1a: Golem|0 fnt
|faint|p1a: Golem
|
|upkeep
|
|t:|1743920253
|switch|p1a: Electabuzz|Electabuzz, M|100/100
|turn|13
|
|t:|1743920260
|move|p1a: Electabuzz|Metronome|p1a: Electabuzz
|move|p1a: Electabuzz|Giga Drain|p2a: Clefable|[from] move: Metronome
|-damage|p2a: Clefable|4/100
|move|p2a: Clefable|Metronome|p2a: Clefable
|move|p2a: Clefable|Lava Plume|p1a: Electabuzz|[from] move: Metronome
|-damage|p1a: Electabuzz|54/100
|
|upkeep
|turn|14
|
|t:|1743920286
|move|p1a: Electabuzz|Metronome|p1a: Electabuzz
|move|p1a: Electabuzz|Poison Fang|p2a: Clefable|[from] move: Metronome
|-supereffective|p2a: Clefable
|-damage|p2a: Clefable|0 fnt
|faint|p2a: Clefable
|
|upkeep
|
|t:|1743920309
|switch|p2a: Ursaluna|Ursaluna, F|100/100
|turn|15
|
|t:|1743920313
|move|p1a: Electabuzz|Metronome|p1a: Electabuzz
|move|p1a: Electabuzz|Poison Fang|p2a: Ursaluna|[from] move: Metronome
|-resisted|p2a: Ursaluna
|-damage|p2a: Ursaluna|98/100
|-status|p2a: Ursaluna|tox
|move|p2a: Ursaluna|Metronome|p2a: Ursaluna
|move|p2a: Ursaluna|Seed Flare|p1a: Electabuzz|[from] move: Metronome
|-damage|p1a: Electabuzz|36/100
|
|-damage|p2a: Ursaluna|92/100 tox|[from] psn
|upkeep
|turn|16
|
|t:|1743920326
|move|p1a: Electabuzz|Metronome|p1a: Electabuzz
|move|p1a: Electabuzz|Fairy Wind|p2a: Ursaluna|[from] move: Metronome
|-damage|p2a: Ursaluna|82/100 tox
|move|p2a: Ursaluna|Metronome|p2a: Ursaluna
|move|p2a: Ursaluna|Wonder Room|p2a: Ursaluna|[from] move: Metronome
|-fieldstart|move: Wonder Room|[of] p2a: Ursaluna
|
|-damage|p2a: Ursaluna|70/100 tox|[from] psn
|upkeep
|turn|17
|
|t:|1743920337
|move|p1a: Electabuzz|Metronome|p1a: Electabuzz
|move|p1a: Electabuzz|Simple Beam|p2a: Ursaluna|[from] move: Metronome
|-endability|p2a: Ursaluna|Guts|[from] move: Simple Beam
|-ability|p2a: Ursaluna|Simple|[from] move: Simple Beam
|move|p2a: Ursaluna|Metronome|p2a: Ursaluna
|move|p2a: Ursaluna|Flare Blitz|p1a: Electabuzz|[from] move: Metronome
|-damage|p1a: Electabuzz|0 fnt
|faint|p1a: Electabuzz
|-damage|p2a: Ursaluna|63/100 tox|[from] Recoil
|
|-damage|p2a: Ursaluna|45/100 tox|[from] psn
|upkeep
|
|t:|1743920367
|switch|p1a: Clefable|Clefable, M|100/100
|turn|18
|
|t:|1743920378
|move|p1a: Clefable|Metronome|p1a: Clefable
|move|p1a: Clefable|Strength Sap|p2a: Ursaluna|[from] move: Metronome
|-unboost|p2a: Ursaluna|atk|2
|move|p2a: Ursaluna|Metronome|p2a: Ursaluna
|move|p2a: Ursaluna|Hydro Cannon|p1a: Clefable|[from] move: Metronome
|-damage|p1a: Clefable|80/100
|-mustrecharge|p2a: Ursaluna
|
|-heal|p1a: Clefable|87/100|[from] item: Leftovers
|-damage|p2a: Ursaluna|21/100 tox|[from] psn
|upkeep
|turn|19
|
|t:|1743920393
|move|p1a: Clefable|Metronome|p1a: Clefable
|move|p1a: Clefable|Psyshock|p2a: Ursaluna|[from] move: Metronome
|-damage|p2a: Ursaluna|0 fnt
|faint|p2a: Ursaluna
|
|-heal|p1a: Clefable|93/100|[from] item: Leftovers
|upkeep
|
|t:|1743920403
|switch|p2a: Gengar|Gengar, M, shiny|100/100
|turn|20
|
|t:|1743920412
|move|p2a: Gengar|Metronome|p2a: Gengar
|move|p2a: Gengar|Corrosive Gas|p1a: Clefable|[from] move: Metronome
|-enditem|p1a: Clefable|Leftovers|[from] move: Corrosive Gas|[of] p2a: Gengar
|move|p1a: Clefable|Metronome|p1a: Clefable
|move|p1a: Clefable|Fire Punch|p2a: Gengar|[from] move: Metronome
|-damage|p2a: Gengar|80/100
|
|-fieldend|move: Wonder Room
|upkeep
|turn|21
|
|t:|1743920424
|move|p2a: Gengar|Metronome|p2a: Gengar
|move|p2a: Gengar|Bone Rush|p1a: Clefable|[from] move: Metronome
|-damage|p1a: Clefable|87/100
|-damage|p1a: Clefable|81/100
|-hitcount|p1a: Clefable|2
|move|p1a: Clefable|Metronome|p1a: Clefable
|move|p1a: Clefable|Weather Ball|p2a: Gengar|[from] move: Metronome
|-immune|p2a: Gengar
|
|upkeep
|turn|22
|
|t:|1743920436
|move|p2a: Gengar|Metronome|p2a: Gengar
|move|p2a: Gengar|Aqua Ring|p2a: Gengar|[from] move: Metronome
|-start|p2a: Gengar|Aqua Ring
|move|p1a: Clefable|Metronome|p1a: Clefable
|move|p1a: Clefable|Bulldoze|p2a: Gengar|[from] move: Metronome
|-supereffective|p2a: Gengar
|-damage|p2a: Gengar|37/100
|-unboost|p2a: Gengar|spe|1
|-start|p1a: Clefable|Disable|Metronome|[from] ability: Cursed Body|[of] p2a: Gengar
|
|-heal|p2a: Gengar|43/100|[from] Aqua Ring
|upkeep
|turn|23
|
|t:|1743920479
|move|p2a: Gengar|Metronome|p2a: Gengar
|move|p2a: Gengar|Flare Blitz|p1a: Clefable|[from] move: Metronome
|-damage|p1a: Clefable|56/100
|-damage|p2a: Gengar|30/100|[from] Recoil
|move|p1a: Clefable|Encore||[still]
|-fail|p1a: Clefable
|
|-heal|p2a: Gengar|37/100|[from] Aqua Ring
|upkeep
|turn|24
|
|t:|1743920490
|move|p2a: Gengar|Metronome|p2a: Gengar
|move|p2a: Gengar|Charge Beam|p1a: Clefable|[from] move: Metronome
|-damage|p1a: Clefable|41/100
|-boost|p2a: Gengar|spa|1
|move|p1a: Clefable|Encore||[still]
|-fail|p1a: Clefable
|
|-heal|p2a: Gengar|43/100|[from] Aqua Ring
|upkeep
|turn|25
|
|t:|1743920502
|move|p2a: Gengar|Metronome|p2a: Gengar
|move|p2a: Gengar|Psyshield Bash|p1a: Clefable|[from] move: Metronome
|-damage|p1a: Clefable|26/100
|-boost|p2a: Gengar|def|1
|move|p1a: Clefable|Encore||[still]
|-fail|p1a: Clefable
|
|-heal|p2a: Gengar|49/100|[from] Aqua Ring
|-end|p1a: Clefable|Disable
|upkeep
|turn|26
|
|t:|1743920514
|move|p2a: Gengar|Metronome|p2a: Gengar
|move|p2a: Gengar|Seed Bomb|p1a: Clefable|[from] move: Metronome
|-damage|p1a: Clefable|8/100
|move|p1a: Clefable|Metronome|p1a: Clefable
|move|p1a: Clefable|Hold Back|p2a: Gengar|[from] move: Metronome
|-immune|p2a: Gengar
|
|-heal|p2a: Gengar|55/100|[from] Aqua Ring
|upkeep
|turn|27
|
|t:|1743920533
|move|p2a: Gengar|Metronome|p2a: Gengar
|move|p2a: Gengar|Endeavor|p1a: Clefable|[from] move: Metronome
|-immune|p1a: Clefable
|move|p1a: Clefable|Metronome|p1a: Clefable
|move|p1a: Clefable|Simple Beam|p2a: Gengar|[from] move: Metronome
|-endability|p2a: Gengar|Cursed Body|[from] move: Simple Beam
|-ability|p2a: Gengar|Simple|[from] move: Simple Beam
|
|-heal|p2a: Gengar|61/100|[from] Aqua Ring
|upkeep
|turn|28
|
|t:|1743920546
|move|p2a: Gengar|Metronome|p2a: Gengar
|move|p2a: Gengar|Seed Flare|p1a: Clefable|[from] move: Metronome
|-damage|p1a: Clefable|0 fnt
|faint|p1a: Clefable
|
|-heal|p2a: Gengar|67/100|[from] Aqua Ring
|upkeep
|
|t:|1743920566
|switch|p1a: Iron Hands|Iron Hands|100/100
|turn|29
|
|t:|1743920573
|move|p2a: Gengar|Metronome|p2a: Gengar
|move|p2a: Gengar|Magical Leaf|p1a: Iron Hands|[from] move: Metronome
|-damage|p1a: Iron Hands|77/100
|move|p1a: Iron Hands|Metronome|p1a: Iron Hands
|move|p1a: Iron Hands|Lick|p2a: Gengar|[from] move: Metronome
|-supereffective|p2a: Gengar
|-damage|p2a: Gengar|17/100
|-status|p2a: Gengar|par
|
|-heal|p2a: Gengar|23/100 par|[from] Aqua Ring
|upkeep
|turn|30
|
|t:|1743920586
|move|p2a: Gengar|Metronome|p2a: Gengar
|move|p2a: Gengar|Dragon Breath|p1a: Iron Hands|[from] move: Metronome
|-damage|p1a: Iron Hands|53/100
|move|p1a: Iron Hands|Metronome|p1a: Iron Hands
|move|p1a: Iron Hands|Swagger|p2a: Gengar|[from] move: Metronome|[miss]
|-miss|p1a: Iron Hands|p2a: Gengar
|
|-heal|p2a: Gengar|30/100 par|[from] Aqua Ring
|upkeep
|turn|31
|
|t:|1743920597
|move|p2a: Gengar|Metronome|p2a: Gengar
|move|p2a: Gengar|Scald|p1a: Iron Hands|[from] move: Metronome
|-damage|p1a: Iron Hands|16/100
|move|p1a: Iron Hands|Metronome|p1a: Iron Hands
|move|p1a: Iron Hands|Stomping Tantrum|p2a: Gengar|[from] move: Metronome
|-supereffective|p2a: Gengar
|-damage|p2a: Gengar|0 fnt
|faint|p2a: Gengar
|
|upkeep
|
|t:|1743920609
|switch|p2a: Iron Valiant|Iron Valiant|100/100
|-enditem|p2a: Iron Valiant|Booster Energy
|-activate|p2a: Iron Valiant|ability: Quark Drive|[fromitem]
|-start|p2a: Iron Valiant|quarkdriveatk
|turn|32
|
|t:|1743920615
|move|p2a: Iron Valiant|Metronome|p2a: Iron Valiant
|move|p2a: Iron Valiant|Sky Attack||[from] move: Metronome|[still]
|-prepare|p2a: Iron Valiant|Sky Attack
|move|p1a: Iron Hands|Metronome|p1a: Iron Hands
|move|p1a: Iron Hands|Mountain Gale|p2a: Iron Valiant|[from] move: Metronome
|-damage|p2a: Iron Valiant|20/100
|
|upkeep
|turn|33
|
|t:|1743920628
|move|p2a: Iron Valiant|Sky Attack|p1a: Iron Hands|[from] lockedmove|[miss]
|-miss|p2a: Iron Valiant|p1a: Iron Hands
|move|p1a: Iron Hands|Metronome|p1a: Iron Hands
|move|p1a: Iron Hands|Icy Wind|p2a: Iron Valiant|[from] move: Metronome
|-damage|p2a: Iron Valiant|8/100
|-unboost|p2a: Iron Valiant|spe|1
|
|upkeep
|turn|34
|
|t:|1743920638
|move|p2a: Iron Valiant|Metronome|p2a: Iron Valiant
|move|p2a: Iron Valiant|Fire Pledge|p1a: Iron Hands|[from] move: Metronome
|-damage|p1a: Iron Hands|0 fnt
|faint|p1a: Iron Hands
|-end|p1a: Iron Hands|Quark Drive|[silent]
|
|upkeep
|
|t:|1743920647
|switch|p1a: Blissey|Blissey, F|100/100
|turn|35
|
|t:|1743920650
|move|p2a: Iron Valiant|Metronome|p2a: Iron Valiant
|move|p2a: Iron Valiant|Dream Eater|p1a: Blissey|[from] move: Metronome
|-immune|p1a: Blissey
|move|p1a: Blissey|Metronome|p1a: Blissey
|move|p1a: Blissey|Aurora Beam|p2a: Iron Valiant|[from] move: Metronome
|-damage|p2a: Iron Valiant|0 fnt
|faint|p2a: Iron Valiant
|-end|p2a: Iron Valiant|Quark Drive|[silent]
|
|upkeep
|
|t:|1743920664
|switch|p2a: Hatterene|Hatterene, F|100/100
|turn|36
|
|t:|1743920669
|move|p1a: Blissey|Metronome|p1a: Blissey
|move|p1a: Blissey|Sacred Fire|p2a: Hatterene|[from] move: Metronome
|-damage|p2a: Hatterene|95/100
|-status|p2a: Hatterene|brn
|move|p2a: Hatterene|Metronome|p2a: Hatterene
|move|p2a: Hatterene|Skill Swap|p1a: Blissey|[from] move: Metronome
|-activate|p2a: Hatterene|move: Skill Swap|Serene Grace|Magic Bounce|[of] p1a: Blissey
|
|-damage|p2a: Hatterene|89/100 brn|[from] brn
|upkeep
|turn|37
|
|t:|1743920685
|move|p1a: Blissey|Metronome|p1a: Blissey
|move|p1a: Blissey|Double Team|p1a: Blissey|[from] move: Metronome
|-boost|p1a: Blissey|evasion|1
|move|p2a: Hatterene|Metronome|p2a: Hatterene
|move|p2a: Hatterene|Gigaton Hammer|p1a: Blissey|[from] move: Metronome
|-damage|p1a: Blissey|85/100
|
|-damage|p2a: Hatterene|83/100 brn|[from] brn
|upkeep
|turn|38
|
|t:|1743920701
|move|p1a: Blissey|Metronome|p1a: Blissey
|move|p1a: Blissey|Recover|p1a: Blissey|[from] move: Metronome
|-heal|p1a: Blissey|100/100
|move|p2a: Hatterene|Metronome|p2a: Hatterene
|move|p2a: Hatterene|Psycho Cut|p1a: Blissey|[from] move: Metronome
|-damage|p1a: Blissey|90/100
|
|-damage|p2a: Hatterene|77/100 brn|[from] brn
|upkeep
|turn|39
|
|t:|1743920713
|move|p1a: Blissey|Metronome|p1a: Blissey
|move|p1a: Blissey|Fury Swipes|p2a: Hatterene|[from] move: Metronome|[miss]
|-miss|p1a: Blissey|p2a: Hatterene
|move|p2a: Hatterene|Metronome|p2a: Hatterene
|move|p2a: Hatterene|Rising Voltage|p1a: Blissey|[from] move: Metronome|[miss]
|-miss|p2a: Hatterene|p1a: Blissey
|
|-damage|p2a: Hatterene|71/100 brn|[from] brn
|upkeep
|turn|40
|
|t:|1743920741
|move|p1a: Blissey|Metronome|p1a: Blissey
|move|p1a: Blissey|Substitute|p1a: Blissey|[from] move: Metronome
|-start|p1a: Blissey|Substitute
|-damage|p1a: Blissey|65/100
|move|p2a: Hatterene|Metronome|p2a: Hatterene
|move|p2a: Hatterene|Prismatic Laser|p1a: Blissey|[from] move: Metronome
|-end|p1a: Blissey|Substitute
|-mustrecharge|p2a: Hatterene
|
|-damage|p2a: Hatterene|65/100 brn|[from] brn
|upkeep
|turn|41
|
|t:|1743920753
|move|p1a: Blissey|Metronome|p1a: Blissey
|move|p1a: Blissey|Water Shuriken|p2a: Hatterene|[from] move: Metronome
|-damage|p2a: Hatterene|62/100 brn
|-damage|p2a: Hatterene|59/100 brn
|-damage|p2a: Hatterene|56/100 brn
|-hitcount|p2a: Hatterene|3
|cant|p2a: Hatterene|recharge
|
|-damage|p2a: Hatterene|50/100 brn|[from] brn
|upkeep
|turn|42
|
|t:|1743920767
|move|p1a: Blissey|Metronome|p1a: Blissey
|move|p1a: Blissey|Lick|p2a: Hatterene|[from] move: Metronome
|-supereffective|p2a: Hatterene
|-damage|p2a: Hatterene|45/100 brn
|move|p2a: Hatterene|Metronome|p2a: Hatterene
|move|p2a: Hatterene|Hammer Arm|p1a: Blissey|[from] move: Metronome
|-supereffective|p1a: Blissey
|-damage|p1a: Blissey|46/100
|-unboost|p2a: Hatterene|spe|1
|-damage|p2a: Hatterene|28/100 brn|[from] item: Rocky Helmet|[of] p1a: Blissey
|
|-damage|p2a: Hatterene|22/100 brn|[from] brn
|upkeep
|turn|43
|
|t:|1743920791
|move|p1a: Blissey|Metronome|p1a: Blissey
|move|p1a: Blissey|Tail Glow|p1a: Blissey|[from] move: Metronome
|-boost|p1a: Blissey|spa|3
|move|p2a: Hatterene|Metronome|p2a: Hatterene
|move|p2a: Hatterene|Cut|p1a: Blissey|[from] move: Metronome
|-damage|p1a: Blissey|42/100
|-damage|p2a: Hatterene|6/100 brn|[from] item: Rocky Helmet|[of] p1a: Blissey
|
|-damage|p2a: Hatterene|0 fnt|[from] brn
|faint|p2a: Hatterene
|upkeep
|
|t:|1743920805
|switch|p2a: Dragonite|Dragonite, F, shiny|100/100
|turn|44
|
|t:|1743920810
|move|p2a: Dragonite|Metronome|p2a: Dragonite
|move|p2a: Dragonite|Growl|p1a: Blissey|[from] move: Metronome
|move|p1a: Blissey|Growl|p2a: Dragonite|[from] ability: Magic Bounce
|-unboost|p2a: Dragonite|atk|1
|move|p1a: Blissey|Metronome|p1a: Blissey
|move|p1a: Blissey|Spin Out|p2a: Dragonite|[from] move: Metronome
|-damage|p2a: Dragonite|98/100
|-unboost|p1a: Blissey|spe|2
|
|-heal|p2a: Dragonite|100/100|[from] item: Leftovers
|upkeep
|turn|45
|
|t:|1743920825
|move|p2a: Dragonite|Metronome|p2a: Dragonite
|move|p2a: Dragonite|Accelerock|p1a: Blissey|[from] move: Metronome
|-damage|p1a: Blissey|34/100
|-damage|p2a: Dragonite|84/100|[from] item: Rocky Helmet|[of] p1a: Blissey
|move|p1a: Blissey|Metronome|p1a: Blissey
|move|p1a: Blissey|Coaching|null|[from] move: Metronome|[notarget]
|-fail|p1a: Blissey
|
|-heal|p2a: Dragonite|90/100|[from] item: Leftovers
|upkeep
|turn|46
|
|t:|1743920837
|move|p2a: Dragonite|Metronome|p2a: Dragonite
|move|p2a: Dragonite|Double Hit|p1a: Blissey|[from] move: Metronome
|-damage|p1a: Blissey|28/100
|-damage|p2a: Dragonite|74/100|[from] item: Rocky Helmet|[of] p1a: Blissey
|-damage|p1a: Blissey|22/100
|-damage|p2a: Dragonite|57/100|[from] item: Rocky Helmet|[of] p1a: Blissey
|-hitcount|p1a: Blissey|2
|move|p1a: Blissey|Metronome|p1a: Blissey
|move|p1a: Blissey|Ancient Power|p2a: Dragonite|[from] move: Metronome
|-supereffective|p2a: Dragonite
|-damage|p2a: Dragonite|8/100
|
|-heal|p2a: Dragonite|14/100|[from] item: Leftovers
|upkeep
|turn|47
|
|t:|1743920854
|switch|p1a: Azumarill|Azumarill, F, shiny|100/100
|move|p2a: Dragonite|Metronome|p2a: Dragonite
|move|p2a: Dragonite|Throat Chop|p1a: Azumarill|[from] move: Metronome
|-resisted|p1a: Azumarill
|-damage|p1a: Azumarill|92/100
|-start|p1a: Azumarill|Throat Chop|[silent]
|-damage|p2a: Dragonite|0 fnt|[from] item: Rocky Helmet|[of] p1a: Azumarill
|faint|p2a: Dragonite
|
|win|luguodedyj
|l|☆Xibeixyz
|player|p2|
