|j|☆mio3777
|j|☆sorrybutimoutside
|t:|1743928771
|gametype|singles
|player|p1|mio3777|102|1474
|player|p2|sorrybutimoutside|n-masters|1435
|teamsize|p1|6
|teamsize|p2|6
|gen|9
|tier|[Gen 9] OU
|rated|
|rule|HP Percentage Mod: HP is shown in percentages
|rule|Endless Battle Clause: Forcing endless battles is banned
|rule|Species Clause: Limit one of each Pokémon
|rule|OHKO Clause: OHKO moves are banned
|rule|Evasion Items Clause: Evasion items are banned
|rule|Evasion Moves Clause: Evasion moves are banned
|rule|Sleep Moves Clause: Sleep-inducing moves are banned
|clearpoke
|poke|p1|Glimmora, M|
|poke|p1|Gholdengo|
|poke|p1|Dondozo, F|
|poke|p1|Blissey, F|
|poke|p1|Rotom-Heat|
|poke|p1|Hoopa-Unbound|
|poke|p2|Kyurem|
|poke|p2|Iron Moth|
|poke|p2|Iron Valiant|
|poke|p2|Landorus-Therian, M|
|poke|p2|Kingambit, F|
|poke|p2|Samurott-Hisui, M|
|teampreview
|
|t:|1743928779
|start
|switch|p1a: Rotom|Rotom-Heat|100/100
|switch|p2a: Landorus|Landorus-Therian, M|100/100
|-ability|p2a: Landorus|Intimidate|boost
|-unboost|p1a: Rotom|atk|1
|turn|1
|
|t:|1743928785
|move|p1a: Rotom|Trick|p2a: Landorus
|-activate|p1a: Rotom|move: Trick|[of] p2a: Landorus
|-item|p2a: Landorus|Choice Scarf|[from] move: Trick
|-item|p1a: Rotom|Rocky Helmet|[from] move: Trick
|move|p2a: Landorus|Taunt|p1a: Rotom
|-start|p1a: Rotom|move: Taunt
|
|upkeep
|turn|2
|inactive|Battle timer is ON: inactive players will automatically lose when time's up. (requested by mio3777)
|
|t:|1743928797
|move|p2a: Landorus|Taunt||[still]
|-fail|p2a: Landorus
|move|p1a: Rotom|Overheat|p2a: Landorus
|-damage|p2a: Landorus|21/100
|-unboost|p1a: Rotom|spa|2
|
|upkeep
|turn|3
|
|t:|1743928808
|switch|p2a: Kyurem|Kyurem, shiny|100/100
|-ability|p2a: Kyurem|Pressure
|move|p1a: Rotom|Volt Switch|p2a: Kyurem
|-resisted|p2a: Kyurem
|-damage|p2a: Kyurem|91/100
|
|t:|1743928815
|switch|p1a: Gholdengo|Gholdengo|100/100|[from] Volt Switch
|
|upkeep
|turn|4
|
|t:|1743928819
|switch|p2a: Samurott|Samurott-Hisui, M|100/100
|move|p1a: Gholdengo|Make It Rain|p2a: Samurott
|-resisted|p2a: Samurott
|-damage|p2a: Samurott|53/100
|-unboost|p1a: Gholdengo|spa|1
|
|upkeep
|turn|5
|
|t:|1743928841
|switch|p1a: Dondozo|Dondozo, F|100/100
|move|p2a: Samurott|Ceaseless Edge|p1a: Dondozo
|-damage|p1a: Dondozo|75/100
|-damage|p2a: Samurott|37/100|[from] item: Rocky Helmet|[of] p1a: Dondozo
|-sidestart|p1: mio3777|Spikes
|
|upkeep
|turn|6
|
|t:|1743928851
|move|p2a: Samurott|Knock Off|p1a: Dondozo
|-damage|p1a: Dondozo|49/100
|-damage|p2a: Samurott|20/100|[from] item: Rocky Helmet|[of] p1a: Dondozo
|-enditem|p1a: Dondozo|Rocky Helmet|[from] move: Knock Off|[of] p2a: Samurott
|move|p1a: Dondozo|Curse|p1a: Dondozo
|-unboost|p1a: Dondozo|spe|1
|-boost|p1a: Dondozo|atk|1
|-boost|p1a: Dondozo|def|1
|
|upkeep
|turn|7
|
|t:|1743928860
|switch|p2a: Kyurem|Kyurem, shiny|91/100
|-ability|p2a: Kyurem|Pressure
|move|p1a: Dondozo|Liquidation|p2a: Kyurem
|-resisted|p2a: Kyurem
|-damage|p2a: Kyurem|60/100
|
|upkeep
|turn|8
|
|t:|1743928869
|move|p2a: Kyurem|Freeze-Dry|p1a: Dondozo
|-supereffective|p1a: Dondozo
|-damage|p1a: Dondozo|0 fnt
|faint|p1a: Dondozo
|
|upkeep
|
|t:|1743928878
|switch|p1a: Glimmora|Glimmora, M|100/100
|-damage|p1a: Glimmora|88/100|[from] Spikes
|turn|9
|
|t:|1743928884
|switch|p2a: Kingambit|Kingambit, F|100/100
|move|p1a: Glimmora|Stealth Rock|p2a: Kingambit
|-sidestart|p2: sorrybutimoutside|move: Stealth Rock
|
|upkeep
|turn|10
|
|t:|1743928894
|move|p1a: Glimmora|Spikes|p2a: Kingambit
|-sidestart|p2: sorrybutimoutside|Spikes
|move|p2a: Kingambit|Iron Head|p1a: Glimmora
|-supereffective|p1a: Glimmora
|-damage|p1a: Glimmora|0 fnt
|-activate|p1a: Glimmora|ability: Toxic Debris
|-sidestart|p2: sorrybutimoutside|move: Toxic Spikes
|faint|p1a: Glimmora
|
|upkeep
|
|t:|1743928905
|switch|p1a: Rotom|Rotom-Heat|100/100
|turn|11
|
|t:|1743928913
|-end|p2a: Kingambit|fallenundefined|[silent]
|switch|p2a: Iron Moth|Iron Moth|100/100
|-damage|p2a: Iron Moth|76/100|[from] Stealth Rock
|-damage|p2a: Iron Moth|63/100|[from] Spikes
|-sideend|p2: sorrybutimoutside|move: Toxic Spikes|[of] p2a: Iron Moth
|-enditem|p2a: Iron Moth|Booster Energy
|-activate|p2a: Iron Moth|ability: Quark Drive|[fromitem]
|-start|p2a: Iron Moth|quarkdrivespe
|move|p1a: Rotom|Overheat|p2a: Iron Moth
|-resisted|p2a: Iron Moth
|-damage|p2a: Iron Moth|31/100
|-unboost|p1a: Rotom|spa|2
|
|upkeep
|turn|12
|
|t:|1743928926
|switch|p1a: Blissey|Blissey, F|100/100
|-damage|p1a: Blissey|88/100|[from] Spikes
|move|p2a: Iron Moth|Sludge Wave|p1a: Blissey
|-crit|p1a: Blissey
|-damage|p1a: Blissey|66/100
|
|upkeep
|turn|13
|
|t:|1743928933
|move|p2a: Iron Moth|Fiery Dance|p1a: Blissey
|-damage|p1a: Blissey|53/100
|-boost|p2a: Iron Moth|spa|1
|move|p1a: Blissey|Trick|p2a: Iron Moth
|-activate|p1a: Blissey|move: Trick|[of] p2a: Iron Moth
|-item|p2a: Iron Moth|Choice Specs|[from] move: Trick
|-enditem|p1a: Blissey|Choice Specs|[silent]|[from] move: Trick
|
|upkeep
|turn|14
|
|t:|1743928941
|move|p2a: Iron Moth|Fiery Dance|p1a: Blissey
|-damage|p1a: Blissey|22/100
|-boost|p2a: Iron Moth|spa|1
|move|p1a: Blissey|Soft-Boiled|p1a: Blissey
|-heal|p1a: Blissey|72/100
|
|upkeep
|turn|15
|
|t:|1743928948
|move|p2a: Iron Moth|Fiery Dance|p1a: Blissey
|-damage|p1a: Blissey|33/100
|-boost|p2a: Iron Moth|spa|1
|move|p1a: Blissey|Soft-Boiled|p1a: Blissey
|-heal|p1a: Blissey|83/100
|
|upkeep
|turn|16
|
|t:|1743928957
|move|p2a: Iron Moth|Fiery Dance|p1a: Blissey
|-damage|p1a: Blissey|40/100
|-boost|p2a: Iron Moth|spa|1
|move|p1a: Blissey|Calm Mind|p1a: Blissey
|-boost|p1a: Blissey|spa|1
|-boost|p1a: Blissey|spd|1
|
|upkeep
|turn|17
|
|t:|1743928964
|move|p2a: Iron Moth|Fiery Dance|p1a: Blissey
|-damage|p1a: Blissey|5/100
|-boost|p2a: Iron Moth|spa|1
|move|p1a: Blissey|Soft-Boiled|p1a: Blissey
|-heal|p1a: Blissey|55/100
|
|upkeep
|turn|18
|
|t:|1743928971
|move|p2a: Iron Moth|Fiery Dance|p1a: Blissey
|-damage|p1a: Blissey|9/100
|move|p1a: Blissey|Soft-Boiled|p1a: Blissey
|-heal|p1a: Blissey|59/100
|
|upkeep
|turn|19
|
|t:|1743928977
|move|p2a: Iron Moth|Fiery Dance|p1a: Blissey
|-damage|p1a: Blissey|13/100
|move|p1a: Blissey|Soft-Boiled|p1a: Blissey
|-heal|p1a: Blissey|63/100
|
|upkeep
|turn|20
|
|t:|1743928982
|move|p2a: Iron Moth|Fiery Dance|p1a: Blissey
|-damage|p1a: Blissey|22/100
|move|p1a: Blissey|Soft-Boiled|p1a: Blissey
|-heal|p1a: Blissey|72/100
|
|upkeep
|turn|21
|
|t:|1743928990
|move|p2a: Iron Moth|Fiery Dance|p1a: Blissey
|-damage|p1a: Blissey|29/100
|move|p1a: Blissey|Soft-Boiled|p1a: Blissey
|-heal|p1a: Blissey|79/100
|
|upkeep
|turn|22
|
|t:|1743928997
|move|p2a: Iron Moth|Fiery Dance|p1a: Blissey
|-damage|p1a: Blissey|38/100
|move|p1a: Blissey|Calm Mind|p1a: Blissey
|-boost|p1a: Blissey|spa|1
|-boost|p1a: Blissey|spd|1
|
|upkeep
|turn|23
|
|t:|1743929003
|move|p2a: Iron Moth|Fiery Dance|p1a: Blissey
|-damage|p1a: Blissey|6/100
|move|p1a: Blissey|Soft-Boiled|p1a: Blissey
|-heal|p1a: Blissey|56/100
|
|upkeep
|turn|24
|
|t:|1743929010
|move|p2a: Iron Moth|Fiery Dance|p1a: Blissey
|-damage|p1a: Blissey|24/100
|-boost|p2a: Iron Moth|spa|1
|move|p1a: Blissey|Ice Beam|p2a: Iron Moth
|-resisted|p2a: Iron Moth
|-damage|p2a: Iron Moth|6/100
|
|upkeep
|turn|25
|
|t:|1743929017
|move|p2a: Iron Moth|Fiery Dance|p1a: Blissey
|-damage|p1a: Blissey|0 fnt
|faint|p1a: Blissey
|
|upkeep
|-message|mio3777 forfeited.
|
|win|sorrybutimoutside
|raw|mio3777's rating: 1474 &rarr; <strong>1452</strong><br />(-22 for losing)
|raw|sorrybutimoutside's rating: 1435 &rarr; <strong>1457</strong><br />(+22 for winning)
|l|☆mio3777
|player|p1|
