|j|☆Shadow4cTest3r
|j|☆Edge Seven
|t:|1743920738
|gametype|singles
|player|p1|Shadow4cTest3r|169|1518
|player|p2|Edge Seven|maid|1579
|teamsize|p1|6
|teamsize|p2|6
|gen|9
|tier|[Gen 9] OU
|rated|
|rule|HP Percentage Mod: HP is shown in percentages
|rule|Endless Battle Clause: Forcing endless battles is banned
|rule|Species Clause: Limit one of each Pokémon
|rule|OHKO Clause: OHKO moves are banned
|rule|Evasion Items Clause: Evasion items are banned
|rule|Evasion Moves Clause: Evasion moves are banned
|rule|Sleep Moves Clause: Sleep-inducing moves are banned
|clearpoke
|poke|p1|Garganacl, M|
|poke|p1|Hydrapple, M|
|poke|p1|Gholdengo|
|poke|p1|Ting-Lu|
|poke|p1|Moltres|
|poke|p1|Dragonite, F|
|poke|p2|Zapdos|
|poke|p2|Iron Valiant|
|poke|p2|Ogerpon-Wellspring, F|
|poke|p2|Hatterene, F|
|poke|p2|Ting-Lu|
|poke|p2|Kingambit, M|
|teampreview
|inactive|Battle timer is ON: inactive players will automatically lose when time's up. (requested by Edge Seven)
|inactive|Edge Seven has 120 seconds left.
|inactive|Edge Seven has 90 seconds left.
|inactive|Edge Seven has 60 seconds left.
|
|t:|1743920838
|start
|switch|p1a: Garganacl|Garganacl, M, shiny|100/100
|switch|p2a: Ting-Lu|Ting-Lu|100/100
|-ability|p2a: Ting-Lu|Vessel of Ruin
|turn|1
|inactive|Shadow4cTest3r has 120 seconds left.
|
|t:|1743920869
|switch|p2a: Hatterene|Hatterene, F|100/100
|switch|p1a: Moltres|Moltres|100/100
|
|upkeep
|turn|2
|
|t:|1743920879
|move|p1a: Moltres|U-turn|p2a: Hatterene
|-damage|p2a: Hatterene|88/100
|
|t:|1743920881
|switch|p1a: Garganacl|Garganacl, M, shiny|100/100|[from] U-turn
|move|p2a: Hatterene|Mystical Fire|p1a: Garganacl
|-resisted|p1a: Garganacl
|-crit|p1a: Garganacl
|-damage|p1a: Garganacl|89/100
|-unboost|p1a: Garganacl|spa|1
|
|-heal|p2a: Hatterene|94/100|[from] item: Leftovers
|-heal|p1a: Garganacl|95/100|[from] item: Leftovers
|upkeep
|turn|3
|
|t:|1743920888
|move|p2a: Hatterene|Psychic Noise|p1a: Garganacl
|-damage|p1a: Garganacl|71/100
|-start|p1a: Garganacl|move: Heal Block
|move|p1a: Garganacl|Salt Cure|p2a: Hatterene
|-damage|p2a: Hatterene|83/100
|-start|p2a: Hatterene|Salt Cure
|
|-heal|p2a: Hatterene|89/100|[from] item: Leftovers
|-damage|p2a: Hatterene|76/100|[from] Salt Cure
|upkeep
|turn|4
|
|t:|1743920896
|switch|p1a: Ting-Lu|Ting-Lu|100/100
|-ability|p1a: Ting-Lu|Vessel of Ruin
|move|p2a: Hatterene|Draining Kiss|p1a: Ting-Lu
|-supereffective|p1a: Ting-Lu
|-damage|p1a: Ting-Lu|83/100
|-heal|p2a: Hatterene|98/100|[from] drain|[of] p1a: Ting-Lu
|
|-heal|p1a: Ting-Lu|89/100|[from] item: Leftovers
|-heal|p2a: Hatterene|100/100|[from] item: Leftovers
|-damage|p2a: Hatterene|88/100|[from] Salt Cure
|upkeep
|turn|5
|
|t:|1743920908
|move|p1a: Ting-Lu|Ruination|p2a: Hatterene
|-damage|p2a: Hatterene|44/100
|move|p2a: Hatterene|Draining Kiss|p1a: Ting-Lu
|-supereffective|p1a: Ting-Lu
|-damage|p1a: Ting-Lu|71/100
|-heal|p2a: Hatterene|66/100|[from] drain|[of] p1a: Ting-Lu
|
|-heal|p1a: Ting-Lu|77/100|[from] item: Leftovers
|-heal|p2a: Hatterene|72/100|[from] item: Leftovers
|-damage|p2a: Hatterene|60/100|[from] Salt Cure
|upkeep
|turn|6
|
|t:|1743920920
|move|p1a: Ting-Lu|Earthquake|p2a: Hatterene
|-damage|p2a: Hatterene|27/100
|move|p2a: Hatterene|Draining Kiss|p1a: Ting-Lu
|-supereffective|p1a: Ting-Lu
|-crit|p1a: Ting-Lu
|-damage|p1a: Ting-Lu|46/100
|-heal|p2a: Hatterene|64/100|[from] drain|[of] p1a: Ting-Lu
|
|-heal|p1a: Ting-Lu|53/100|[from] item: Leftovers
|-heal|p2a: Hatterene|70/100|[from] item: Leftovers
|-damage|p2a: Hatterene|58/100|[from] Salt Cure
|upkeep
|turn|7
|
|t:|1743920925
|move|p1a: Ting-Lu|Earthquake|p2a: Hatterene
|-damage|p2a: Hatterene|24/100
|move|p2a: Hatterene|Draining Kiss|p1a: Ting-Lu
|-supereffective|p1a: Ting-Lu
|-damage|p1a: Ting-Lu|34/100
|-heal|p2a: Hatterene|47/100|[from] drain|[of] p1a: Ting-Lu
|
|-heal|p1a: Ting-Lu|40/100|[from] item: Leftovers
|-heal|p2a: Hatterene|53/100|[from] item: Leftovers
|-damage|p2a: Hatterene|41/100|[from] Salt Cure
|upkeep
|turn|8
|
|t:|1743920932
|switch|p2a: Zapdos|Zapdos|100/100
|move|p1a: Ting-Lu|Earthquake|p2a: Zapdos
|-immune|p2a: Zapdos
|
|-heal|p1a: Ting-Lu|46/100|[from] item: Leftovers
|upkeep
|turn|9
|
|t:|1743920937
|switch|p2a: Hatterene|Hatterene, F|41/100
|move|p1a: Ting-Lu|Ruination|p2a: Hatterene
|-damage|p2a: Hatterene|21/100
|
|-heal|p1a: Ting-Lu|52/100|[from] item: Leftovers
|-heal|p2a: Hatterene|27/100|[from] item: Leftovers
|upkeep
|turn|10
|
|t:|1743920944
|switch|p2a: Ogerpon|Ogerpon-Wellspring, F|100/100
|move|p1a: Ting-Lu|Earthquake|p2a: Ogerpon
|-resisted|p2a: Ogerpon
|-damage|p2a: Ogerpon|77/100
|
|-heal|p1a: Ting-Lu|58/100|[from] item: Leftovers
|upkeep
|turn|11
|
|t:|1743920948
|switch|p1a: Hydrapple|Hydrapple, M, shiny|100/100
|move|p2a: Ogerpon|Knock Off|p1a: Hydrapple
|-damage|p1a: Hydrapple|79/100
|-enditem|p1a: Hydrapple|Heavy-Duty Boots|[from] move: Knock Off|[of] p2a: Ogerpon
|
|upkeep
|turn|12
|
|t:|1743920956
|switch|p2a: Zapdos|Zapdos|100/100
|move|p1a: Hydrapple|Giga Drain|p2a: Zapdos
|-resisted|p2a: Zapdos
|-damage|p2a: Zapdos|86/100
|-heal|p1a: Hydrapple|85/100|[from] drain|[of] p2a: Zapdos
|
|upkeep
|turn|13
|
|t:|1743920964
|switch|p2a: Ogerpon|Ogerpon-Wellspring, F|77/100
|switch|p1a: Ting-Lu|Ting-Lu|58/100
|-ability|p1a: Ting-Lu|Vessel of Ruin
|
|-heal|p1a: Ting-Lu|65/100|[from] item: Leftovers
|upkeep
|turn|14
|
|t:|1743920970
|switch|p1a: Hydrapple|Hydrapple, M, shiny|100/100
|move|p2a: Ogerpon|Ivy Cudgel|p1a: Hydrapple|[anim] Ivy Cudgel Water
|-resisted|p1a: Hydrapple
|-damage|p1a: Hydrapple|92/100
|
|upkeep
|turn|15
|
|t:|1743920998
|switch|p2a: Zapdos|Zapdos|86/100
|move|p1a: Hydrapple|Giga Drain|p2a: Zapdos
|-resisted|p2a: Zapdos
|-damage|p2a: Zapdos|71/100
|-heal|p1a: Hydrapple|99/100|[from] drain|[of] p2a: Zapdos
|
|upkeep
|turn|16
|
|t:|1743921002
|switch|p2a: Hatterene|Hatterene, F|27/100
|switch|p1a: Ting-Lu|Ting-Lu|65/100
|-ability|p1a: Ting-Lu|Vessel of Ruin
|
|-heal|p1a: Ting-Lu|71/100|[from] item: Leftovers
|-heal|p2a: Hatterene|33/100|[from] item: Leftovers
|upkeep
|turn|17
|
|t:|1743921008
|move|p1a: Ting-Lu|Earthquake|p2a: Hatterene
|-damage|p2a: Hatterene|0 fnt
|faint|p2a: Hatterene
|
|-heal|p1a: Ting-Lu|77/100|[from] item: Leftovers
|upkeep
|
|t:|1743921017
|switch|p2a: Ogerpon|Ogerpon-Wellspring, F|77/100
|turn|18
|
|t:|1743921020
|switch|p1a: Hydrapple|Hydrapple, M, shiny|100/100
|move|p2a: Ogerpon|Ivy Cudgel|p1a: Hydrapple|[anim] Ivy Cudgel Water
|-resisted|p1a: Hydrapple
|-damage|p1a: Hydrapple|93/100
|
|upkeep
|turn|19
|
|t:|1743921026
|move|p2a: Ogerpon|Ivy Cudgel|p1a: Hydrapple|[anim] Ivy Cudgel Water
|-resisted|p1a: Hydrapple
|-damage|p1a: Hydrapple|85/100
|move|p1a: Hydrapple|Draco Meteor|p2a: Ogerpon
|-damage|p2a: Ogerpon|19/100
|-unboost|p1a: Hydrapple|spa|2
|
|upkeep
|turn|20
|
|t:|1743921034
|switch|p2a: Iron Valiant|Iron Valiant|100/100
|-enditem|p2a: Iron Valiant|Booster Energy
|-activate|p2a: Iron Valiant|ability: Quark Drive|[fromitem]
|-start|p2a: Iron Valiant|quarkdrivespe
|move|p1a: Hydrapple|Earth Power|p2a: Iron Valiant
|-damage|p2a: Iron Valiant|78/100
|
|upkeep
|turn|21
|
|t:|1743921053
|switch|p1a: Moltres|Moltres|100/100
|move|p2a: Iron Valiant|Knock Off|p1a: Moltres
|-damage|p1a: Moltres|80/100
|-status|p2a: Iron Valiant|brn|[from] ability: Flame Body|[of] p1a: Moltres
|-enditem|p1a: Moltres|Heavy-Duty Boots|[from] move: Knock Off|[of] p2a: Iron Valiant
|
|-damage|p2a: Iron Valiant|71/100 brn|[from] brn
|upkeep
|turn|22
|
|t:|1743921062
|-end|p2a: Iron Valiant|Quark Drive|[silent]
|switch|p2a: Ting-Lu|Ting-Lu|100/100
|-ability|p2a: Ting-Lu|Vessel of Ruin
|move|p1a: Moltres|U-turn|p2a: Ting-Lu
|-supereffective|p2a: Ting-Lu
|-damage|p2a: Ting-Lu|85/100
|
|t:|1743921067
|switch|p1a: Hydrapple|Hydrapple, M, shiny|100/100|[from] U-turn
|
|-heal|p2a: Ting-Lu|91/100|[from] item: Leftovers
|upkeep
|turn|23
|
|t:|1743921070
|move|p1a: Hydrapple|Nasty Plot|p1a: Hydrapple
|-boost|p1a: Hydrapple|spa|2
|move|p2a: Ting-Lu|Spikes|p1a: Hydrapple
|-sidestart|p1: Shadow4cTest3r|Spikes
|
|-heal|p2a: Ting-Lu|97/100|[from] item: Leftovers
|upkeep
|turn|24
|
|t:|1743921073
|move|p1a: Hydrapple|Giga Drain|p2a: Ting-Lu
|-supereffective|p2a: Ting-Lu
|-damage|p2a: Ting-Lu|47/100
|move|p2a: Ting-Lu|Whirlwind|p1a: Hydrapple
|drag|p1a: Dragonite|Dragonite, F, shiny|100/100
|
|-heal|p2a: Ting-Lu|54/100|[from] item: Leftovers
|upkeep
|turn|25
|
|t:|1743921078
|move|p1a: Dragonite|Dragon Dance|p1a: Dragonite
|-boost|p1a: Dragonite|atk|1
|-boost|p1a: Dragonite|spe|1
|move|p2a: Ting-Lu|Spikes|p1a: Dragonite
|-sidestart|p1: Shadow4cTest3r|Spikes
|
|-heal|p2a: Ting-Lu|60/100|[from] item: Leftovers
|upkeep
|turn|26
|
|t:|1743921081
|move|p1a: Dragonite|Ice Spinner|p2a: Ting-Lu
|-supereffective|p2a: Ting-Lu
|-damage|p2a: Ting-Lu|12/100
|move|p2a: Ting-Lu|Whirlwind|p1a: Dragonite
|drag|p1a: Ting-Lu|Ting-Lu|77/100
|-damage|p1a: Ting-Lu|61/100|[from] Spikes
|-ability|p1a: Ting-Lu|Vessel of Ruin
|
|-heal|p1a: Ting-Lu|67/100|[from] item: Leftovers
|-heal|p2a: Ting-Lu|19/100|[from] item: Leftovers
|upkeep
|turn|27
|
|t:|1743921087
|switch|p2a: Zapdos|Zapdos|71/100
|move|p1a: Ting-Lu|Stealth Rock|p2a: Zapdos
|-sidestart|p2: Edge Seven|move: Stealth Rock
|
|-heal|p1a: Ting-Lu|73/100|[from] item: Leftovers
|upkeep
|turn|28
|
|t:|1743921090
|move|p2a: Zapdos|Hurricane|p1a: Ting-Lu
|-damage|p1a: Ting-Lu|54/100
|move|p1a: Ting-Lu|Ruination|p2a: Zapdos
|-damage|p2a: Zapdos|36/100
|
|-heal|p1a: Ting-Lu|60/100|[from] item: Leftovers
|upkeep
|turn|29
|
|t:|1743921099
|switch|p1a: Garganacl|Garganacl, M, shiny|71/100
|-damage|p1a: Garganacl|54/100|[from] Spikes
|move|p2a: Zapdos|Roost|p2a: Zapdos
|-heal|p2a: Zapdos|86/100
|-singleturn|p2a: Zapdos|move: Roost
|
|-heal|p1a: Garganacl|60/100|[from] item: Leftovers
|upkeep
|turn|30
|
|t:|1743921103
|move|p2a: Zapdos|Volt Switch|p1a: Garganacl
|-damage|p1a: Garganacl|40/100
|
|t:|1743921107
|switch|p2a: Iron Valiant|Iron Valiant|71/100 brn|[from] Volt Switch
|-damage|p2a: Iron Valiant|65/100 brn|[from] Stealth Rock
|move|p1a: Garganacl|Salt Cure|p2a: Iron Valiant
|-resisted|p2a: Iron Valiant
|-damage|p2a: Iron Valiant|56/100 brn
|-start|p2a: Iron Valiant|Salt Cure
|
|-heal|p1a: Garganacl|47/100|[from] item: Leftovers
|-damage|p2a: Iron Valiant|49/100 brn|[from] brn
|-damage|p2a: Iron Valiant|37/100 brn|[from] Salt Cure
|upkeep
|turn|31
|
|t:|1743921112
|-end|p2a: Iron Valiant|Quark Drive|[silent]
|switch|p2a: Zapdos|Zapdos|86/100
|move|p1a: Garganacl|Recover|p1a: Garganacl
|-heal|p1a: Garganacl|97/100
|
|-heal|p1a: Garganacl|100/100|[from] item: Leftovers
|upkeep
|turn|32
|
|t:|1743921119
|move|p2a: Zapdos|Volt Switch|p1a: Garganacl
|-damage|p1a: Garganacl|79/100
|
|t:|1743921123
|switch|p2a: Kingambit|Kingambit, M|100/100|[from] Volt Switch
|-damage|p2a: Kingambit|94/100|[from] Stealth Rock
|-activate|p2a: Kingambit|ability: Supreme Overlord
|-start|p2a: Kingambit|fallen1|[silent]
|move|p1a: Garganacl|Salt Cure|p2a: Kingambit
|-resisted|p2a: Kingambit
|-damage|p2a: Kingambit|89/100
|-start|p2a: Kingambit|Salt Cure
|
|-heal|p2a: Kingambit|96/100|[from] item: Leftovers
|-heal|p1a: Garganacl|85/100|[from] item: Leftovers
|-damage|p2a: Kingambit|71/100|[from] Salt Cure
|upkeep
|turn|33
|
|t:|1743921127
|-terastallize|p1a: Garganacl|Water
|move|p2a: Kingambit|Swords Dance|p2a: Kingambit
|-boost|p2a: Kingambit|atk|2
|move|p1a: Garganacl|Curse|p1a: Garganacl
|-unboost|p1a: Garganacl|spe|1
|-boost|p1a: Garganacl|atk|1
|-boost|p1a: Garganacl|def|1
|
|-heal|p2a: Kingambit|77/100|[from] item: Leftovers
|-heal|p1a: Garganacl|91/100|[from] item: Leftovers
|-damage|p2a: Kingambit|52/100|[from] Salt Cure
|upkeep
|turn|34
|
|t:|1743921133
|move|p2a: Kingambit|Swords Dance|p2a: Kingambit
|-boost|p2a: Kingambit|atk|2
|move|p1a: Garganacl|Salt Cure|p2a: Kingambit
|-resisted|p2a: Kingambit
|-damage|p2a: Kingambit|45/100
|
|-heal|p2a: Kingambit|51/100|[from] item: Leftovers
|-heal|p1a: Garganacl|98/100|[from] item: Leftovers
|-damage|p2a: Kingambit|27/100|[from] Salt Cure
|upkeep
|turn|35
|
|t:|1743921136
|-terastallize|p2a: Kingambit|Ghost
|move|p2a: Kingambit|Kowtow Cleave|p1a: Garganacl
|-damage|p1a: Garganacl|28/100
|move|p1a: Garganacl|Salt Cure|p2a: Kingambit
|-damage|p2a: Kingambit|12/100
|
|-heal|p2a: Kingambit|18/100|[from] item: Leftovers
|-heal|p1a: Garganacl|34/100|[from] item: Leftovers
|-damage|p2a: Kingambit|5/100|[from] Salt Cure
|upkeep
|turn|36
|
|t:|1743921142
|move|p2a: Kingambit|Sucker Punch||[still]
|-fail|p2a: Kingambit
|move|p1a: Garganacl|Recover|p1a: Garganacl
|-heal|p1a: Garganacl|84/100
|
|-heal|p2a: Kingambit|12/100|[from] item: Leftovers
|-heal|p1a: Garganacl|90/100|[from] item: Leftovers
|-damage|p2a: Kingambit|0 fnt|[from] Salt Cure
|faint|p2a: Kingambit
|-end|p2a: Kingambit|fallen1|[silent]
|upkeep
|-message|Edge Seven forfeited.
|
|win|Shadow4cTest3r
|raw|Shadow4cTest3r's rating: 1518 &rarr; <strong>1541</strong><br />(+23 for winning)
|raw|Edge Seven's rating: 1579 &rarr; <strong>1556</strong><br />(-23 for losing)
|l|☆Edge Seven
|player|p2|
|l|☆Shadow4cTest3r
|player|p1|
