|j|☆lupiit
|j|☆jrandallzzz
|t:|1743924505
|gametype|singles
|player|p1|lupiit|dragontamer|1466
|player|p2|jrandallzzz|cynthia-gen4|1494
|teamsize|p1|6
|teamsize|p2|6
|gen|9
|tier|[Gen 9] OU
|rated|
|rule|HP Percentage Mod: HP is shown in percentages
|rule|Endless Battle Clause: Forcing endless battles is banned
|rule|Species Clause: Limit one of each Pokémon
|rule|OHKO Clause: OHKO moves are banned
|rule|Evasion Items Clause: Evasion items are banned
|rule|Evasion Moves Clause: Evasion moves are banned
|rule|Sleep Moves Clause: Sleep-inducing moves are banned
|clearpoke
|poke|p1|Hoopa-Unbound|
|poke|p1|Ninetales-Alola, M|
|poke|p1|Incineroar, F|
|poke|p1|Kingambit, F|
|poke|p1|Dragapult, M|
|poke|p1|Mew|
|poke|p2|Garganacl, F|
|poke|p2|Sinistcha-Masterpiece|
|poke|p2|Clodsire, F|
|poke|p2|Moltres|
|poke|p2|Weavile, F|
|poke|p2|Samurott-Hisui, F|
|teampreview
|inactive|Battle timer is ON: inactive players will automatically lose when time's up. (requested by lupiit)
|
|t:|1743924529
|start
|switch|p1a: Mew|Mew|100/100
|switch|p2a: Clodsire|Clodsire, F|100/100
|turn|1
|
|t:|1743924535
|move|p1a: Mew|Spikes|p2a: Clodsire
|-sidestart|p2: jrandallzzz|Spikes
|move|p2a: Clodsire|Toxic|p1a: Mew
|-status|p1a: Mew|tox
|-activate|p1a: Mew|ability: Synchronize
|-immune|p2a: Clodsire
|
|-damage|p1a: Mew|94/100 tox|[from] psn
|upkeep
|turn|2
|
|t:|1743924539
|move|p1a: Mew|Stealth Rock|p2a: Clodsire
|-sidestart|p2: jrandallzzz|move: Stealth Rock
|move|p2a: Clodsire|Stealth Rock|p1a: Mew
|-sidestart|p1: lupiit|move: Stealth Rock
|
|-heal|p1a: Mew|100/100 tox|[from] item: Leftovers
|-damage|p1a: Mew|88/100 tox|[from] psn
|upkeep
|turn|3
|
|t:|1743924549
|switch|p2a: Samurott|Samurott-Hisui, F|100/100
|-damage|p2a: Samurott|88/100|[from] Spikes
|-damage|p2a: Samurott|76/100|[from] Stealth Rock
|move|p1a: Mew|Super Fang|p2a: Samurott
|-damage|p2a: Samurott|38/100
|
|-heal|p1a: Mew|94/100 tox|[from] item: Leftovers
|-damage|p1a: Mew|76/100 tox|[from] psn
|upkeep
|turn|4
|
|t:|1743924557
|move|p2a: Samurott|Ceaseless Edge|p1a: Mew
|-supereffective|p1a: Mew
|-damage|p1a: Mew|0 fnt
|-sidestart|p1: lupiit|Spikes
|faint|p1a: Mew
|
|upkeep
|
|t:|1743924568
|switch|p1a: Ninetales|Ninetales-Alola, M|100/100
|-damage|p1a: Ninetales|76/100|[from] Stealth Rock
|-damage|p1a: Ninetales|64/100|[from] Spikes
|-weather|Snowscape|[from] ability: Snow Warning|[of] p1a: Ninetales
|turn|5
|c|☆lupiit|gg\
|
|t:|1743924574
|move|p2a: Samurott|Ceaseless Edge|p1a: Ninetales
|-resisted|p1a: Ninetales
|-crit|p1a: Ninetales
|-damage|p1a: Ninetales|32/100
|-sidestart|p1: lupiit|Spikes
|move|p1a: Ninetales|Aurora Veil|p1a: Ninetales
|-sidestart|p1: lupiit|move: Aurora Veil
|
|-weather|Snowscape|[upkeep]
|upkeep
|turn|6
|
|t:|1743924580
|move|p2a: Samurott|Ceaseless Edge|p1a: Ninetales
|-resisted|p1a: Ninetales
|-damage|p1a: Ninetales|20/100
|-sidestart|p1: lupiit|Spikes
|move|p1a: Ninetales|Freeze-Dry|p2a: Samurott
|-supereffective|p2a: Samurott
|-damage|p2a: Samurott|0 fnt
|faint|p2a: Samurott
|
|-weather|Snowscape|[upkeep]
|upkeep
|
|t:|1743924603
|switch|p2a: Garganacl|Garganacl, F|100/100
|-damage|p2a: Garganacl|88/100|[from] Spikes
|-damage|p2a: Garganacl|76/100|[from] Stealth Rock
|turn|7
|
|t:|1743924616
|move|p1a: Ninetales|Blizzard|p2a: Garganacl
|-damage|p2a: Garganacl|49/100
|move|p2a: Garganacl|Curse|p2a: Garganacl
|-unboost|p2a: Garganacl|spe|1
|-boost|p2a: Garganacl|atk|1
|-boost|p2a: Garganacl|def|1
|
|-weather|Snowscape|[upkeep]
|-heal|p2a: Garganacl|56/100|[from] item: Leftovers
|upkeep
|turn|8
|
|t:|1743924635
|switch|p1a: Hoopa|Hoopa-Unbound|100/100
|-damage|p1a: Hoopa|88/100|[from] Stealth Rock
|-damage|p1a: Hoopa|63/100|[from] Spikes
|switch|p2a: Weavile|Weavile, F|100/100
|
|-weather|Snowscape|[upkeep]
|-heal|p1a: Hoopa|69/100|[from] item: Leftovers
|upkeep
|turn|9
|
|t:|1743924646
|switch|p2a: Moltres|Moltres|100/100
|switch|p1a: Ninetales|Ninetales-Alola, M|20/100
|-damage|p1a: Ninetales|0 fnt|[from] Stealth Rock
|faint|p1a: Ninetales
|
|-weather|none
|upkeep
|
|t:|1743924653
|switch|p1a: Dragapult|Dragapult, M|100/100
|-damage|p1a: Dragapult|88/100|[from] Stealth Rock
|-damage|p1a: Dragapult|63/100|[from] Spikes
|turn|10
|
|t:|1743924663
|-terastallize|p1a: Dragapult|Fire
|move|p1a: Dragapult|Dragon Dance|p1a: Dragapult
|-boost|p1a: Dragapult|atk|1
|-boost|p1a: Dragapult|spe|1
|move|p2a: Moltres|Roar|p1a: Dragapult
|drag|p1a: Incineroar|Incineroar, F|100/100
|-ability|p1a: Incineroar|Intimidate|boost
|-unboost|p2a: Moltres|atk|1
|
|upkeep
|turn|11
|
|t:|1743924682
|switch|p2a: Garganacl|Garganacl, F|56/100
|-damage|p2a: Garganacl|43/100|[from] Spikes
|-damage|p2a: Garganacl|31/100|[from] Stealth Rock
|move|p1a: Incineroar|Knock Off|p2a: Garganacl
|-damage|p2a: Garganacl|5/100
|-enditem|p2a: Garganacl|Leftovers|[from] move: Knock Off|[of] p1a: Incineroar
|
|upkeep
|turn|12
|
|t:|1743924690
|move|p1a: Incineroar|Knock Off|p2a: Garganacl
|-crit|p2a: Garganacl
|-damage|p2a: Garganacl|0 fnt
|faint|p2a: Garganacl
|
|-sideend|p1: lupiit|move: Aurora Veil
|upkeep
|
|t:|1743924694
|switch|p2a: Clodsire|Clodsire, F|100/100
|turn|13
|
|t:|1743924701
|move|p1a: Incineroar|Parting Shot|p2a: Clodsire
|-unboost|p2a: Clodsire|atk|1
|-unboost|p2a: Clodsire|spa|1
|
|t:|1743924702
|switch|p1a: Dragapult|Dragapult, M, tera:Fire|63/100|[from] Parting Shot
|-damage|p1a: Dragapult|38/100|[from] Stealth Rock
|-damage|p1a: Dragapult|13/100|[from] Spikes
|move|p2a: Clodsire|Earthquake|p1a: Dragapult
|-supereffective|p1a: Dragapult
|-damage|p1a: Dragapult|0 fnt
|faint|p1a: Dragapult
|
|upkeep
|
|t:|1743924704
|switch|p1a: Hoopa|Hoopa-Unbound|69/100
|-damage|p1a: Hoopa|57/100|[from] Stealth Rock
|-damage|p1a: Hoopa|32/100|[from] Spikes
|turn|14
|
|t:|1743924726
|switch|p2a: Moltres|Moltres|100/100
|move|p1a: Hoopa|Psyshock|p2a: Moltres
|-damage|p2a: Moltres|60/100
|
|-heal|p1a: Hoopa|38/100|[from] item: Leftovers
|upkeep
|turn|15
|
|t:|1743924736
|move|p1a: Hoopa|Dark Pulse|p2a: Moltres
|-damage|p2a: Moltres|3/100
|move|p2a: Moltres|Flamethrower|p1a: Hoopa
|-damage|p1a: Hoopa|1/100
|
|-heal|p1a: Hoopa|7/100|[from] item: Leftovers
|upkeep
|turn|16
|
|t:|1743924752
|switch|p2a: Clodsire|Clodsire, F|100/100
|move|p1a: Hoopa|Dark Pulse|p2a: Clodsire
|-damage|p2a: Clodsire|69/100
|
|-heal|p1a: Hoopa|13/100|[from] item: Leftovers
|upkeep
|turn|17
|
|t:|1743924764
|-terastallize|p2a: Clodsire|Dark
|move|p1a: Hoopa|Dark Pulse|p2a: Clodsire
|-resisted|p2a: Clodsire
|-damage|p2a: Clodsire|55/100
|cant|p2a: Clodsire|flinch
|
|-heal|p1a: Hoopa|19/100|[from] item: Leftovers
|upkeep
|turn|18
|
|t:|1743924771
|move|p1a: Hoopa|Calm Mind|p1a: Hoopa
|-boost|p1a: Hoopa|spa|1
|-boost|p1a: Hoopa|spd|1
|move|p2a: Clodsire|Earthquake|p1a: Hoopa
|-damage|p1a: Hoopa|0 fnt
|faint|p1a: Hoopa
|
|upkeep
|
|t:|1743924785
|switch|p1a: Kingambit|Kingambit, F|100/100
|-damage|p1a: Kingambit|94/100|[from] Stealth Rock
|-damage|p1a: Kingambit|69/100|[from] Spikes
|-activate|p1a: Kingambit|ability: Supreme Overlord
|-start|p1a: Kingambit|fallen4|[silent]
|turn|19
|
|t:|1743924788
|move|p1a: Kingambit|Iron Head|p2a: Clodsire
|-damage|p2a: Clodsire|0 fnt
|faint|p2a: Clodsire
|
|-heal|p1a: Kingambit|76/100|[from] item: Leftovers
|upkeep
|
|t:|1743924795
|switch|p2a: Moltres|Moltres|3/100
|turn|20
|
|t:|1743924799
|move|p2a: Moltres|Will-O-Wisp|p1a: Kingambit
|-status|p1a: Kingambit|brn
|move|p1a: Kingambit|Kowtow Cleave|p2a: Moltres
|-damage|p2a: Moltres|0 fnt
|faint|p2a: Moltres
|
|-heal|p1a: Kingambit|82/100 brn|[from] item: Leftovers
|-damage|p1a: Kingambit|76/100 brn|[from] brn
|upkeep
|
|t:|1743924808
|switch|p2a: Weavile|Weavile, F|100/100
|turn|21
|
|t:|1743924811
|move|p2a: Weavile|Low Kick|p1a: Kingambit
|-supereffective|p1a: Kingambit
|-damage|p1a: Kingambit|0 fnt
|faint|p1a: Kingambit
|-end|p1a: Kingambit|fallen4|[silent]
|
|upkeep
|
|t:|1743924813
|switch|p1a: Incineroar|Incineroar, F|100/100
|-ability|p1a: Incineroar|Intimidate|boost
|-unboost|p2a: Weavile|atk|1
|turn|22
|
|t:|1743924820
|switch|p2a: Sinistcha|Sinistcha-Masterpiece|100/100
|move|p1a: Incineroar|Fake Out|p2a: Sinistcha
|-immune|p2a: Sinistcha
|
|upkeep
|turn|23
|
|t:|1743924827
|move|p2a: Sinistcha|Strength Sap|p1a: Incineroar
|-unboost|p1a: Incineroar|atk|1
|move|p1a: Incineroar|Knock Off|p2a: Sinistcha
|-supereffective|p2a: Sinistcha
|-damage|p2a: Sinistcha|67/100
|-enditem|p2a: Sinistcha|Heavy-Duty Boots|[from] move: Knock Off|[of] p1a: Incineroar
|
|upkeep
|turn|24
|-message|lupiit forfeited.
|
|win|jrandallzzz
|raw|lupiit's rating: 1466 &rarr; <strong>1448</strong><br />(-18 for losing)
|raw|jrandallzzz's rating: 1494 &rarr; <strong>1512</strong><br />(+18 for winning)
|l|☆lupiit
|player|p1|
|l|☆jrandallzzz
|player|p2|
