|j|☆romandG
|j|☆etude_suzuki
|t:|1743930965
|gametype|singles
|player|p1|romandG|1|1124
|player|p2|etude_suzuki|266|1094
|teamsize|p1|6
|teamsize|p2|6
|gen|9
|tier|[Gen 9] OU
|rated|
|rule|HP Percentage Mod: HP is shown in percentages
|rule|Endless Battle Clause: Forcing endless battles is banned
|rule|Species Clause: Limit one of each Pokémon
|rule|OHKO Clause: OHKO moves are banned
|rule|Evasion Items Clause: Evasion items are banned
|rule|Evasion Moves Clause: Evasion moves are banned
|rule|Sleep Moves Clause: Sleep-inducing moves are banned
|clearpoke
|poke|p1|Typhlosion-Hisui, M|
|poke|p1|Ninetales, F|
|poke|p1|Comfey, F|
|poke|p1|Clodsire, M|
|poke|p1|Sceptile, M|
|poke|p1|Avalugg-Hisui, M|
|poke|p2|Pikachu, M|
|poke|p2|Lucario, M|
|poke|p2|Zoroark, M|
|poke|p2|Gardevoir, F|
|poke|p2|Lapras, F|
|poke|p2|Charizard, M|
|teampreview
|inactive|Battle timer is ON: inactive players will automatically lose when time's up. (requested by romandG)
|
|t:|1743930994
|start
|switch|p1a: Clodsire|Clodsire, M|100/100
|switch|p2a: Gardevoir|Gardevoir, F|100/100
|-ability|p2a: Gardevoir|Unaware|[from] ability: Trace|[of] p1a: Clodsire
|turn|1
|
|t:|1743931014
|move|p2a: Gardevoir|Calm Mind|p2a: Gardevoir
|-boost|p2a: Gardevoir|spa|1
|-boost|p2a: Gardevoir|spd|1
|move|p1a: Clodsire|Stealth Rock|p2a: Gardevoir
|-sidestart|p2: etude_suzuki|move: Stealth Rock
|
|upkeep
|turn|2
|
|t:|1743931024
|move|p2a: Gardevoir|Psyshock|p1a: Clodsire
|-supereffective|p1a: Clodsire
|-damage|p1a: Clodsire|9/100
|move|p1a: Clodsire|Earthquake|p2a: Gardevoir
|-damage|p2a: Gardevoir|41/100
|
|-heal|p2a: Gardevoir|47/100|[from] item: Leftovers
|-heal|p1a: Clodsire|15/100|[from] item: Leftovers
|upkeep
|turn|3
|
|t:|1743931037
|move|p2a: Gardevoir|Psyshock|p1a: Clodsire
|-supereffective|p1a: Clodsire
|-damage|p1a: Clodsire|0 fnt
|faint|p1a: Clodsire
|
|-heal|p2a: Gardevoir|53/100|[from] item: Leftovers
|upkeep
|
|t:|1743931044
|switch|p1a: Avalugg|Avalugg-Hisui, M|100/100
|turn|4
|inactive|etude_suzuki has 120 seconds left.
|
|t:|1743931079
|move|p2a: Gardevoir|Moonblast|p1a: Avalugg
|-ability|p1a: Avalugg|Sturdy
|-damage|p1a: Avalugg|1/100
|move|p1a: Avalugg|Mountain Gale|p2a: Gardevoir
|-damage|p2a: Gardevoir|0 fnt
|faint|p2a: Gardevoir
|
|upkeep
|inactive|etude_suzuki has 120 seconds left.
|
|t:|1743931093
|switch|p2a: Pikachu|Pikachu, M|100/100
|-damage|p2a: Pikachu|88/100|[from] Stealth Rock
|turn|5
|-enditem|p1a: Avalugg|Custap Berry|[eat]
|-activate|p1a: Avalugg|item: Custap Berry|[consumed]
|
|t:|1743931098
|move|p2a: Pikachu|Quick Attack|p1a: Avalugg
|-resisted|p1a: Avalugg
|-damage|p1a: Avalugg|0 fnt
|faint|p1a: Avalugg
|
|upkeep
|
|t:|1743931104
|switch|p1a: Ninetales|Ninetales, F|100/100
|-weather|SunnyDay|[from] ability: Drought|[of] p1a: Ninetales
|turn|6
|
|t:|1743931114
|move|p1a: Ninetales|Fire Blast|p2a: Pikachu
|-damage|p2a: Pikachu|0 fnt
|faint|p2a: Pikachu
|
|-weather|SunnyDay|[upkeep]
|upkeep
|
|t:|1743931123
|switch|p2a: Charizard|Charizard, M|100/100
|turn|7
|
|t:|1743931150
|switch|p1a: Typhlosion|Typhlosion-Hisui, M|100/100
|-item|p2a: Charizard|Heavy-Duty Boots|[from] ability: Frisk|[of] p1a: Typhlosion
|move|p2a: Charizard|Ancient Power|p1a: Typhlosion
|-supereffective|p1a: Typhlosion
|-damage|p1a: Typhlosion|52/100
|
|-weather|SunnyDay|[upkeep]
|upkeep
|turn|8
|
|t:|1743931178
|move|p1a: Typhlosion|Infernal Parade|p2a: Charizard
|-damage|p2a: Charizard|61/100
|move|p2a: Charizard|Ancient Power|p1a: Typhlosion
|-supereffective|p1a: Typhlosion
|-damage|p1a: Typhlosion|0 fnt
|faint|p1a: Typhlosion
|
|-weather|SunnyDay|[upkeep]
|upkeep
|inactive|romandG has 120 seconds left.
|
|t:|1743931201
|switch|p1a: Sceptile|Sceptile, M|100/100
|turn|9
|inactive|romandG has 120 seconds left.
|-message|romandG forfeited.
|
|win|etude_suzuki
|raw|romandG's rating: 1124 &rarr; <strong>1097</strong><br />(-27 for losing)
|raw|etude_suzuki's rating: 1094 &rarr; <strong>1122</strong><br />(+28 for winning)
|l|☆romandG
|player|p1|
|l|☆etude_suzuki
|player|p2|
