|j|☆Team10thPlanett
|j|☆Snackiesss
|t:|1743919493
|gametype|singles
|player|p1|Team10thPlanett|alder|1570
|player|p2|Snackiesss|bede-masters|1555
|teamsize|p1|6
|teamsize|p2|6
|gen|9
|tier|[Gen 9] OU
|rated|
|rule|HP Percentage Mod: HP is shown in percentages
|rule|Endless Battle Clause: Forcing endless battles is banned
|rule|Species Clause: Limit one of each Pokémon
|rule|OHKO Clause: OHKO moves are banned
|rule|Evasion Items Clause: Evasion items are banned
|rule|Evasion Moves Clause: Evasion moves are banned
|rule|Sleep Moves Clause: Sleep-inducing moves are banned
|clearpoke
|poke|p1|Dragonite, M|
|poke|p1|Zamazenta-*|
|poke|p1|Araquanid, F|
|poke|p1|Zapdos|
|poke|p1|Slowking-Galar, M|
|poke|p1|Ogerpon-Wellspring, F|
|poke|p2|Cinderace, M|
|poke|p2|Slowking-Galar, F|
|poke|p2|Raging Bolt|
|poke|p2|Great Tusk|
|poke|p2|Meowscarada, M|
|poke|p2|Corviknight, M|
|teampreview
|inactive|Battle timer is ON: inactive players will automatically lose when time's up. (requested by Snackiesss)
|
|t:|1743919510
|start
|switch|p1a: Slowking|Slowking-Galar, M|100/100
|switch|p2a: Raging Bolt|Raging Bolt|100/100
|turn|1
|
|t:|1743919517
|move|p2a: Raging Bolt|Volt Switch|p1a: Slowking
|-damage|p1a: Slowking|71/100
|
|t:|1743919527
|-end|p2a: Raging Bolt|Protosynthesis|[silent]
|switch|p2a: Cinderace|Cinderace, M|100/100|[from] Volt Switch
|move|p1a: Slowking|Ice Beam|p2a: Cinderace
|-resisted|p2a: Cinderace
|-damage|p2a: Cinderace|82/100
|-status|p2a: Cinderace|frz
|
|upkeep
|turn|2
|j| nesnot
|
|t:|1743919549
|cant|p2a: Cinderace|frz
|move|p1a: Slowking|Sludge Bomb|p2a: Cinderace
|-damage|p2a: Cinderace|26/100 frz
|
|upkeep
|turn|3
|
|t:|1743919562
|cant|p2a: Cinderace|frz
|move|p1a: Slowking|Sludge Bomb|p2a: Cinderace
|-damage|p2a: Cinderace|0 fnt
|faint|p2a: Cinderace
|
|upkeep
|
|t:|1743919565
|switch|p2a: Great Tusk|Great Tusk|100/100
|turn|4
|
|t:|1743919571
|switch|p1a: Araquanid|Araquanid, F|100/100
|move|p2a: Great Tusk|Stealth Rock|p1a: Araquanid
|-sidestart|p1: Team10thPlanett|move: Stealth Rock
|
|upkeep
|turn|5
|
|t:|1743919580
|-end|p2a: Great Tusk|Protosynthesis|[silent]
|switch|p2a: Raging Bolt|Raging Bolt|100/100
|move|p1a: Araquanid|Sticky Web|p2a: Raging Bolt
|-sidestart|p2: Snackiesss|move: Sticky Web
|
|upkeep
|turn|6
|
|t:|1743919597
|move|p2a: Raging Bolt|Volt Switch|p1a: Araquanid
|-supereffective|p1a: Araquanid
|-damage|p1a: Araquanid|9/100
|
|t:|1743919599
|-end|p2a: Raging Bolt|Protosynthesis|[silent]
|switch|p2a: Corviknight|Corviknight, M|100/100|[from] Volt Switch
|-ability|p2a: Corviknight|Pressure
|move|p1a: Araquanid|Endeavor|p2a: Corviknight
|-damage|p2a: Corviknight|8/100
|-damage|p1a: Araquanid|0 fnt|[from] item: Rocky Helmet|[of] p2a: Corviknight
|faint|p1a: Araquanid
|
|upkeep
|
|t:|1743919620
|switch|p1a: Zapdos|Zapdos|100/100
|turn|7
|
|t:|1743919626
|switch|p2a: Raging Bolt|Raging Bolt|100/100
|-activate|p2a: Raging Bolt|move: Sticky Web
|-unboost|p2a: Raging Bolt|spe|1
|move|p1a: Zapdos|Thunderbolt|p2a: Raging Bolt
|-resisted|p2a: Raging Bolt
|-crit|p2a: Raging Bolt
|-damage|p2a: Raging Bolt|87/100
|
|upkeep
|turn|8
|
|t:|1743919638
|switch|p1a: Slowking|Slowking-Galar, M|100/100
|-damage|p1a: Slowking|88/100|[from] Stealth Rock
|move|p2a: Raging Bolt|Volt Switch|p1a: Slowking
|-damage|p1a: Slowking|57/100
|
|t:|1743919653
|-end|p2a: Raging Bolt|Protosynthesis|[silent]
|switch|p2a: Meowscarada|Meowscarada, M|100/100|[from] Volt Switch
|-activate|p2a: Meowscarada|move: Sticky Web
|-unboost|p2a: Meowscarada|spe|1
|
|upkeep
|turn|9
|
|t:|1743919665
|move|p2a: Meowscarada|Knock Off|p1a: Slowking
|-start|p2a: Meowscarada|typechange|Dark|[from] ability: Protean
|-supereffective|p1a: Slowking
|-damage|p1a: Slowking|0 fnt
|-enditem|p1a: Slowking|Assault Vest|[from] move: Knock Off|[of] p2a: Meowscarada
|faint|p1a: Slowking
|
|upkeep
|
|t:|1743919683
|switch|p1a: Dragonite|Dragonite, M, shiny|100/100
|-damage|p1a: Dragonite|76/100|[from] Stealth Rock
|turn|10
|
|t:|1743919707
|switch|p2a: Great Tusk|Great Tusk|100/100
|-activate|p2a: Great Tusk|move: Sticky Web
|-unboost|p2a: Great Tusk|spe|1
|-terastallize|p1a: Dragonite|Normal
|move|p1a: Dragonite|Extreme Speed|p2a: Great Tusk
|-damage|p2a: Great Tusk|50/100
|-damage|p1a: Dragonite|59/100|[from] item: Rocky Helmet|[of] p2a: Great Tusk
|
|upkeep
|turn|11
|
|t:|1743919722
|move|p1a: Dragonite|Extreme Speed|p2a: Great Tusk
|-damage|p2a: Great Tusk|0 fnt
|-damage|p1a: Dragonite|42/100|[from] item: Rocky Helmet|[of] p2a: Great Tusk
|faint|p2a: Great Tusk
|-end|p2a: Great Tusk|Protosynthesis|[silent]
|
|upkeep
|
|t:|1743919726
|switch|p2a: Corviknight|Corviknight, M|8/100
|-ability|p2a: Corviknight|Pressure
|turn|12
|
|t:|1743919732
|-terastallize|p2a: Corviknight|Ghost
|move|p1a: Dragonite|Extreme Speed|p2a: Corviknight
|-immune|p2a: Corviknight
|move|p2a: Corviknight|Roost|p2a: Corviknight
|-heal|p2a: Corviknight|58/100
|
|upkeep
|turn|13
|
|t:|1743919743
|switch|p1a: Zapdos|Zapdos|100/100
|move|p2a: Corviknight|Roost|p2a: Corviknight
|-heal|p2a: Corviknight|100/100
|
|upkeep
|turn|14
|
|t:|1743919751
|switch|p2a: Slowking|Slowking-Galar, F|100/100
|-activate|p2a: Slowking|move: Sticky Web
|-unboost|p2a: Slowking|spe|1
|move|p1a: Zapdos|Hurricane|p2a: Slowking
|-damage|p2a: Slowking|79/100
|
|upkeep
|turn|15
|
|t:|1743919764
|switch|p1a: Ogerpon|Ogerpon-Wellspring, F|100/100
|-damage|p1a: Ogerpon|88/100|[from] Stealth Rock
|move|p2a: Slowking|Sludge Bomb|p1a: Ogerpon
|-supereffective|p1a: Ogerpon
|-damage|p1a: Ogerpon|0 fnt
|faint|p1a: Ogerpon
|
|upkeep
|
|t:|1743919781
|switch|p1a: Zamazenta|Zamazenta|100/100
|-damage|p1a: Zamazenta|94/100|[from] Stealth Rock
|-ability|p1a: Zamazenta|Dauntless Shield|boost
|-boost|p1a: Zamazenta|def|1
|turn|16
|
|t:|1743919788
|move|p1a: Zamazenta|Crunch|p2a: Slowking
|-supereffective|p2a: Slowking
|-damage|p2a: Slowking|25/100
|move|p2a: Slowking|Sludge Bomb|p1a: Zamazenta
|-damage|p1a: Zamazenta|65/100
|
|upkeep
|turn|17
|
|t:|1743919803
|switch|p2a: Meowscarada|Meowscarada, M|100/100
|-activate|p2a: Meowscarada|move: Sticky Web
|-unboost|p2a: Meowscarada|spe|1
|move|p1a: Zamazenta|Crunch|p2a: Meowscarada
|-resisted|p2a: Meowscarada
|-damage|p2a: Meowscarada|79/100
|
|upkeep
|turn|18
|
|t:|1743919816
|switch|p2a: Corviknight|Corviknight, M, tera:Ghost|100/100
|-activate|p2a: Corviknight|move: Sticky Web
|-unboost|p2a: Corviknight|spe|1
|-ability|p2a: Corviknight|Pressure
|move|p1a: Zamazenta|Close Combat|p2a: Corviknight
|-immune|p2a: Corviknight
|
|upkeep
|turn|19
|
|t:|1743919827
|move|p1a: Zamazenta|Crunch|p2a: Corviknight
|-supereffective|p2a: Corviknight
|-damage|p2a: Corviknight|66/100
|-damage|p1a: Zamazenta|48/100|[from] item: Rocky Helmet|[of] p2a: Corviknight
|move|p2a: Corviknight|Iron Defense|p2a: Corviknight
|-boost|p2a: Corviknight|def|2
|
|upkeep
|turn|20
|
|t:|1743919836
|switch|p1a: Zapdos|Zapdos|100/100
|move|p2a: Corviknight|Roost|p2a: Corviknight
|-heal|p2a: Corviknight|100/100
|
|upkeep
|turn|21
|
|t:|1743919846
|switch|p2a: Slowking|Slowking-Galar, F|58/100
|-activate|p2a: Slowking|move: Sticky Web
|-unboost|p2a: Slowking|spe|1
|move|p1a: Zapdos|Thunder Wave|p2a: Slowking
|-status|p2a: Slowking|par
|
|upkeep
|turn|22
|
|t:|1743919854
|move|p1a: Zapdos|Thunderbolt|p2a: Slowking
|-damage|p2a: Slowking|41/100 par
|move|p2a: Slowking|Sludge Bomb|p1a: Zapdos
|-damage|p1a: Zapdos|61/100
|-status|p1a: Zapdos|psn
|
|-damage|p1a: Zapdos|48/100 psn|[from] psn
|upkeep
|turn|23
|
|t:|1743919864
|switch|p2a: Raging Bolt|Raging Bolt|87/100
|-activate|p2a: Raging Bolt|move: Sticky Web
|-unboost|p2a: Raging Bolt|spe|1
|move|p1a: Zapdos|Roost|p1a: Zapdos
|-heal|p1a: Zapdos|98/100 psn
|-singleturn|p1a: Zapdos|move: Roost
|
|-damage|p1a: Zapdos|86/100 psn|[from] psn
|upkeep
|turn|24
|
|t:|1743919878
|switch|p1a: Dragonite|Dragonite, M, shiny, tera:Normal|42/100
|-damage|p1a: Dragonite|30/100|[from] Stealth Rock
|move|p2a: Raging Bolt|Volt Switch|p1a: Dragonite
|-damage|p1a: Dragonite|0 fnt
|faint|p1a: Dragonite
|
|t:|1743919892
|-end|p2a: Raging Bolt|Protosynthesis|[silent]
|switch|p2a: Corviknight|Corviknight, M, tera:Ghost|100/100|[from] Volt Switch
|-activate|p2a: Corviknight|move: Sticky Web
|-unboost|p2a: Corviknight|spe|1
|-ability|p2a: Corviknight|Pressure
|
|upkeep
|
|t:|1743919901
|switch|p1a: Zapdos|Zapdos|86/100 psn
|turn|25
|
|t:|1743919907
|switch|p2a: Slowking|Slowking-Galar, F|74/100 par
|-activate|p2a: Slowking|move: Sticky Web
|-unboost|p2a: Slowking|spe|1
|move|p1a: Zapdos|Thunder Wave|p2a: Slowking
|-fail|p2a: Slowking|par
|
|-damage|p1a: Zapdos|73/100 psn|[from] psn
|upkeep
|turn|26
|-message|Team10thPlanett forfeited.
|
|win|Snackiesss
|raw|Team10thPlanett's rating: 1570 &rarr; <strong>1549</strong><br />(-21 for losing)
|raw|Snackiesss's rating: 1555 &rarr; <strong>1576</strong><br />(+21 for winning)
|l|☆Snackiesss
|player|p2|
