|j|☆dct_spite
|j|☆Plogop
|t:|1743919306
|gametype|singles
|player|p1|dct_spite|janitor|1619
|player|p2|Plogop|erika|1561
|teamsize|p1|6
|teamsize|p2|6
|gen|9
|tier|[Gen 9] OU
|rated|
|rule|HP Percentage Mod: HP is shown in percentages
|rule|Endless Battle Clause: Forcing endless battles is banned
|rule|Species Clause: Limit one of each Pokémon
|rule|OHKO Clause: OHKO moves are banned
|rule|Evasion Items Clause: Evasion items are banned
|rule|Evasion Moves Clause: Evasion moves are banned
|rule|Sleep Moves Clause: Sleep-inducing moves are banned
|clearpoke
|poke|p1|Deoxys-Speed|
|poke|p1|Iron Moth|
|poke|p1|Iron Valiant|
|poke|p1|Landorus-Therian, M|
|poke|p1|Zamazenta-*|
|poke|p1|Ogerpon-Wellspring, F|
|poke|p2|Ninetales-Alola, F|
|poke|p2|Great Tusk|
|poke|p2|Dragonite, F|
|poke|p2|Iron Crown|
|poke|p2|Kyurem|
|poke|p2|Cetitan, M|
|teampreview
|
|t:|1743919326
|start
|switch|p1a: Deoxys|Deoxys-Speed|100/100
|switch|p2a: Ninetales|Ninetales-Alola, F|100/100
|-ability|p1a: Deoxys|Pressure
|-weather|Snowscape|[from] ability: Snow Warning|[of] p2a: Ninetales
|turn|1
|inactive|Battle timer is ON: inactive players will automatically lose when time's up. (requested by dct_spite)
|
|t:|1743919334
|move|p1a: Deoxys|Taunt|p2a: Ninetales
|-start|p2a: Ninetales|move: Taunt
|cant|p2a: Ninetales|move: Taunt|Aurora Veil
|
|-weather|Snowscape|[upkeep]
|upkeep
|turn|2
|
|t:|1743919341
|move|p1a: Deoxys|Stealth Rock|p2a: Ninetales
|-sidestart|p2: Plogop|move: Stealth Rock
|move|p2a: Ninetales|Moonblast|p1a: Deoxys
|-damage|p1a: Deoxys|69/100
|
|-weather|Snowscape|[upkeep]
|upkeep
|turn|3
|
|t:|1743919346
|move|p1a: Deoxys|Spikes|p2a: Ninetales
|-sidestart|p2: Plogop|Spikes
|move|p2a: Ninetales|Moonblast|p1a: Deoxys
|-damage|p1a: Deoxys|37/100
|
|-weather|Snowscape|[upkeep]
|-end|p2a: Ninetales|move: Taunt
|upkeep
|turn|4
|
|t:|1743919354
|move|p1a: Deoxys|Taunt|p2a: Ninetales
|-start|p2a: Ninetales|move: Taunt
|cant|p2a: Ninetales|move: Taunt|Aurora Veil
|
|-weather|Snowscape|[upkeep]
|upkeep
|turn|5
|
|t:|1743919364
|move|p1a: Deoxys|Psycho Boost|p2a: Ninetales
|-damage|p2a: Ninetales|58/100
|-unboost|p1a: Deoxys|spa|2
|move|p2a: Ninetales|Moonblast|p1a: Deoxys
|-damage|p1a: Deoxys|5/100
|
|-weather|none
|upkeep
|turn|6
|
|t:|1743919377
|switch|p2a: Great Tusk|Great Tusk|100/100
|-damage|p2a: Great Tusk|98/100|[from] Stealth Rock
|-damage|p2a: Great Tusk|85/100|[from] Spikes
|move|p1a: Deoxys|Psycho Boost|p2a: Great Tusk
|-supereffective|p2a: Great Tusk
|-damage|p2a: Great Tusk|18/100
|-unboost|p1a: Deoxys|spa|2
|-enditem|p2a: Great Tusk|Weakness Policy
|-boost|p2a: Great Tusk|atk|2|[from] item: Weakness Policy
|-boost|p2a: Great Tusk|spa|2|[from] item: Weakness Policy
|
|upkeep
|turn|7
|c|☆Plogop|that did way more than i hoped
|
|t:|1743919401
|move|p1a: Deoxys|Psycho Boost|p2a: Great Tusk
|-supereffective|p2a: Great Tusk
|-damage|p2a: Great Tusk|0 fnt
|-unboost|p1a: Deoxys|spa|2
|faint|p2a: Great Tusk
|-end|p2a: Great Tusk|Protosynthesis|[silent]
|
|upkeep
|
|t:|1743919408
|switch|p2a: Iron Crown|Iron Crown|100/100
|-damage|p2a: Iron Crown|94/100|[from] Stealth Rock
|-damage|p2a: Iron Crown|82/100|[from] Spikes
|-enditem|p2a: Iron Crown|Booster Energy
|-activate|p2a: Iron Crown|ability: Quark Drive|[fromitem]
|-start|p2a: Iron Crown|quarkdrivespe
|turn|8
|c|☆Plogop|oh well
|
|t:|1743919413
|move|p1a: Deoxys|Taunt|p2a: Iron Crown
|-start|p2a: Iron Crown|move: Taunt
|cant|p2a: Iron Crown|move: Taunt|Calm Mind
|
|upkeep
|turn|9
|
|t:|1743919418
|move|p1a: Deoxys|Spikes|p2a: Iron Crown
|-sidestart|p2: Plogop|Spikes
|move|p2a: Iron Crown|Tachyon Cutter|p1a: Deoxys
|-damage|p1a: Deoxys|0 fnt
|faint|p1a: Deoxys
|-hitcount|p1: Deoxys|1
|
|upkeep
|
|t:|1743919431
|switch|p1a: Iron Moth|Iron Moth|100/100
|-enditem|p1a: Iron Moth|Booster Energy
|-activate|p1a: Iron Moth|ability: Quark Drive|[fromitem]
|-start|p1a: Iron Moth|quarkdrivespe
|turn|10
|
|t:|1743919445
|-end|p2a: Iron Crown|Quark Drive|[silent]
|switch|p2a: Ninetales|Ninetales-Alola, F|58/100
|-damage|p2a: Ninetales|33/100|[from] Stealth Rock
|-damage|p2a: Ninetales|17/100|[from] Spikes
|-weather|Snowscape|[from] ability: Snow Warning|[of] p2a: Ninetales
|move|p1a: Iron Moth|Fiery Dance|p2a: Ninetales
|-supereffective|p2a: Ninetales
|-damage|p2a: Ninetales|0 fnt
|-boost|p1a: Iron Moth|spa|1
|faint|p2a: Ninetales
|
|-weather|Snowscape|[upkeep]
|upkeep
|
|t:|1743919453
|switch|p2a: Cetitan|Cetitan, M|100/100
|-damage|p2a: Cetitan|76/100|[from] Stealth Rock
|-damage|p2a: Cetitan|59/100|[from] Spikes
|turn|11
|
|t:|1743919463
|move|p2a: Cetitan|Earthquake|p1a: Iron Moth
|-supereffective|p1a: Iron Moth
|-damage|p1a: Iron Moth|0 fnt
|faint|p1a: Iron Moth
|-end|p1a: Iron Moth|Quark Drive|[silent]
|
|-weather|Snowscape|[upkeep]
|upkeep
|
|t:|1743919471
|switch|p1a: Zamazenta|Zamazenta|100/100
|-ability|p1a: Zamazenta|Dauntless Shield|boost
|-boost|p1a: Zamazenta|def|1
|turn|12
|j| poli sci
|
|t:|1743919485
|move|p2a: Cetitan|Ice Spinner|p1a: Zamazenta
|-damage|p1a: Zamazenta|82/100
|move|p1a: Zamazenta|Iron Defense|p1a: Zamazenta
|-boost|p1a: Zamazenta|def|2
|
|-weather|Snowscape|[upkeep]
|-heal|p1a: Zamazenta|88/100|[from] item: Leftovers
|upkeep
|turn|13
|
|t:|1743919496
|move|p2a: Cetitan|Belly Drum|p2a: Cetitan
|-damage|p2a: Cetitan|9/100
|-setboost|p2a: Cetitan|atk|6|[from] move: Belly Drum
|-enditem|p2a: Cetitan|Sitrus Berry|[eat]
|-heal|p2a: Cetitan|34/100|[from] item: Sitrus Berry
|move|p1a: Zamazenta|Iron Defense|p1a: Zamazenta
|-boost|p1a: Zamazenta|def|2
|
|-weather|Snowscape|[upkeep]
|-heal|p1a: Zamazenta|94/100|[from] item: Leftovers
|upkeep
|turn|14
|
|t:|1743919508
|move|p2a: Cetitan|Ice Spinner|p1a: Zamazenta
|-damage|p1a: Zamazenta|62/100
|move|p1a: Zamazenta|Body Press|p2a: Cetitan
|-supereffective|p2a: Cetitan
|-crit|p2a: Cetitan
|-damage|p2a: Cetitan|0 fnt
|faint|p2a: Cetitan
|
|-weather|none
|-heal|p1a: Zamazenta|68/100|[from] item: Leftovers
|upkeep
|
|t:|1743919520
|switch|p2a: Dragonite|Dragonite, F|100/100
|-damage|p2a: Dragonite|76/100|[from] Stealth Rock
|turn|15
|
|t:|1743919528
|move|p1a: Zamazenta|Body Press|p2a: Dragonite
|-resisted|p2a: Dragonite
|-damage|p2a: Dragonite|21/100
|move|p2a: Dragonite|Dragon Dance|p2a: Dragonite
|-boost|p2a: Dragonite|atk|1
|-boost|p2a: Dragonite|spe|1
|
|-heal|p1a: Zamazenta|74/100|[from] item: Leftovers
|upkeep
|turn|16
|
|t:|1743919533
|-terastallize|p2a: Dragonite|Dragon
|move|p1a: Zamazenta|Body Press|p2a: Dragonite
|-damage|p2a: Dragonite|0 fnt
|faint|p2a: Dragonite
|
|-heal|p1a: Zamazenta|80/100|[from] item: Leftovers
|upkeep
|c|☆Plogop|gg
|-message|Plogop forfeited.
|
|win|dct_spite
|raw|dct_spite's rating: 1619 &rarr; <strong>1636</strong><br />(+17 for winning)
|raw|Plogop's rating: 1561 &rarr; <strong>1544</strong><br />(-17 for losing)
|l|☆Plogop
|player|p2|
|l| poli sci
|l|☆dct_spite
|player|p1|
