|j|☆nobody2712
|j|☆Thermoximus
|t:|1743922611
|gametype|singles
|player|p1|nobody2712|elesa|1147
|player|p2|Thermoximus|swimmerf|1157
|teamsize|p1|6
|teamsize|p2|6
|gen|9
|tier|[Gen 9] OU
|rated|
|rule|HP Percentage Mod: HP is shown in percentages
|rule|Endless Battle Clause: Forcing endless battles is banned
|rule|Species Clause: Limit one of each Pokémon
|rule|OHKO Clause: OHKO moves are banned
|rule|Evasion Items Clause: Evasion items are banned
|rule|Evasion Moves Clause: Evasion moves are banned
|rule|Sleep Moves Clause: Sleep-inducing moves are banned
|clearpoke
|poke|p1|Kingambit, M|
|poke|p1|Samurott-Hisui, M|
|poke|p1|Great Tusk|
|poke|p1|Dragapult, F|
|poke|p1|Primarina, F|
|poke|p1|Iron Valiant|
|poke|p2|Noivern, M|
|poke|p2|Scizor, F|
|poke|p2|Blastoise, M|
|poke|p2|Toxtricity, M|
|poke|p2|Arcanine-Hisui, F|
|poke|p2|Hitmonlee, M|
|teampreview
|inactive|Battle timer is ON: inactive players will automatically lose when time's up. (requested by Thermoximus)
|inactive|nobody2712 also wants the timer to be on.
|
|t:|1743922618
|start
|switch|p1a: Samurott|Samurott-Hisui, M, shiny|100/100
|switch|p2a: Scizor|Scizor, F|100/100
|turn|1
|
|t:|1743922626
|move|p1a: Samurott|Ceaseless Edge|p2a: Scizor
|-damage|p2a: Scizor|52/100
|-sidestart|p2: Thermoximus|Spikes
|move|p2a: Scizor|U-turn|p1a: Samurott
|-supereffective|p1a: Samurott
|-damage|p1a: Samurott|3/100
|
|t:|1743922636
|switch|p2a: Arcanine|Arcanine-Hisui, F|100/100|[from] U-turn
|
|upkeep
|turn|2
|
|t:|1743922642
|move|p2a: Arcanine|Extreme Speed|p1a: Samurott
|-damage|p1a: Samurott|0 fnt
|faint|p1a: Samurott
|
|upkeep
|
|t:|1743922647
|switch|p1a: Primarina|Primarina, F|100/100
|turn|3
|
|t:|1743922655
|switch|p2a: Blastoise|Blastoise, M|100/100
|-damage|p2a: Blastoise|88/100|[from] Spikes
|move|p1a: Primarina|Calm Mind|p1a: Primarina
|-boost|p1a: Primarina|spa|1
|-boost|p1a: Primarina|spd|1
|
|upkeep
|turn|4
|
|t:|1743922665
|move|p2a: Blastoise|Rapid Spin|p1a: Primarina
|-damage|p1a: Primarina|89/100
|-boost|p2a: Blastoise|spe|1
|-sideend|p2: Thermoximus|Spikes|[from] move: Rapid Spin|[of] p2a: Blastoise
|move|p1a: Primarina|Alluring Voice|p2a: Blastoise
|-resisted|p2a: Blastoise
|-damage|p2a: Blastoise|68/100
|-start|p2a: Blastoise|confusion
|
|-heal|p1a: Primarina|95/100|[from] item: Leftovers
|upkeep
|turn|5
|
|t:|1743922677
|-activate|p2a: Blastoise|confusion
|-damage|p2a: Blastoise|60/100|[from] confusion
|move|p1a: Primarina|Calm Mind|p1a: Primarina
|-boost|p1a: Primarina|spa|1
|-boost|p1a: Primarina|spd|1
|
|-heal|p1a: Primarina|100/100|[from] item: Leftovers
|upkeep
|turn|6
|
|t:|1743922683
|-activate|p2a: Blastoise|confusion
|-damage|p2a: Blastoise|54/100|[from] confusion
|move|p1a: Primarina|Calm Mind|p1a: Primarina
|-boost|p1a: Primarina|spa|1
|-boost|p1a: Primarina|spd|1
|
|upkeep
|turn|7
|
|t:|1743922688
|-activate|p2a: Blastoise|confusion
|move|p2a: Blastoise|Flip Turn|p1a: Primarina
|-resisted|p1a: Primarina
|-damage|p1a: Primarina|91/100
|
|t:|1743922699
|switch|p2a: Hitmonlee|Hitmonlee, M|100/100|[from] Flip Turn
|move|p1a: Primarina|Moonblast|p2a: Hitmonlee
|-supereffective|p2a: Hitmonlee
|-damage|p2a: Hitmonlee|0 fnt
|faint|p2a: Hitmonlee
|
|-heal|p1a: Primarina|97/100|[from] item: Leftovers
|upkeep
|
|t:|1743922707
|switch|p2a: Noivern|Noivern, M|100/100
|turn|8
|
|t:|1743922720
|move|p2a: Noivern|Boomburst|p1a: Primarina
|-damage|p1a: Primarina|82/100
|move|p1a: Primarina|Moonblast|p2a: Noivern
|-supereffective|p2a: Noivern
|-damage|p2a: Noivern|0 fnt
|faint|p2a: Noivern
|
|-heal|p1a: Primarina|88/100|[from] item: Leftovers
|upkeep
|
|t:|1743922741
|switch|p2a: Toxtricity|Toxtricity, M|100/100
|turn|9
|
|t:|1743922747
|move|p2a: Toxtricity|Shift Gear|p2a: Toxtricity
|-boost|p2a: Toxtricity|spe|2
|-boost|p2a: Toxtricity|atk|1
|move|p1a: Primarina|Moonblast|p2a: Toxtricity
|-resisted|p2a: Toxtricity
|-damage|p2a: Toxtricity|14/100
|
|-heal|p2a: Toxtricity|20/100|[from] item: Black Sludge
|-heal|p1a: Primarina|94/100|[from] item: Leftovers
|upkeep
|turn|10
|
|t:|1743922753
|move|p2a: Toxtricity|Volt Switch|p1a: Primarina
|-supereffective|p1a: Primarina
|-damage|p1a: Primarina|69/100
|
|t:|1743922758
|switch|p2a: Blastoise|Blastoise, M|54/100|[from] Volt Switch
|move|p1a: Primarina|Moonblast|p2a: Blastoise
|-damage|p2a: Blastoise|0 fnt
|faint|p2a: Blastoise
|
|-heal|p1a: Primarina|75/100|[from] item: Leftovers
|upkeep
|
|t:|1743922767
|switch|p2a: Scizor|Scizor, F|52/100
|turn|11
|
|t:|1743922782
|move|p2a: Scizor|Swords Dance|p2a: Scizor
|-boost|p2a: Scizor|atk|2
|move|p1a: Primarina|Moonblast|p2a: Scizor
|-resisted|p2a: Scizor
|-damage|p2a: Scizor|0 fnt
|faint|p2a: Scizor
|
|-heal|p1a: Primarina|81/100|[from] item: Leftovers
|upkeep
|
|t:|1743922789
|switch|p2a: Toxtricity|Toxtricity, M|20/100
|turn|12
|c|☆nobody2712|gg
|
|t:|1743922797
|move|p2a: Toxtricity|Overdrive|p1a: Primarina
|-supereffective|p1a: Primarina
|-damage|p1a: Primarina|47/100
|move|p1a: Primarina|Draining Kiss|p2a: Toxtricity
|-resisted|p2a: Toxtricity
|-damage|p2a: Toxtricity|0 fnt
|-heal|p1a: Primarina|62/100|[from] drain|[of] p2a: Toxtricity
|faint|p2a: Toxtricity
|
|-heal|p1a: Primarina|68/100|[from] item: Leftovers
|upkeep
|
|t:|1743922801
|switch|p2a: Arcanine|Arcanine-Hisui, F|100/100
|turn|13
|
|t:|1743922806
|-terastallize|p2a: Arcanine|Rock
|move|p2a: Arcanine|Head Smash|p1a: Primarina
|-damage|p1a: Primarina|0 fnt
|faint|p1a: Primarina
|
|upkeep
|
|t:|1743922812
|switch|p1a: Dragapult|Dragapult, F, shiny|100/100
|turn|14
|
|t:|1743922816
|move|p1a: Dragapult|Dragon Darts|p2a: Arcanine
|-damage|p2a: Arcanine|72/100
|-anim|p1a: Dragapult|Dragon Darts|p2a: Arcanine
|-damage|p2a: Arcanine|43/100
|move|p2a: Arcanine|Head Smash|p1a: Dragapult|[miss]
|-miss|p2a: Arcanine|p1a: Dragapult
|
|upkeep
|turn|15
|
|t:|1743922824
|move|p1a: Dragapult|Dragon Darts|p2a: Arcanine
|-damage|p2a: Arcanine|15/100
|-anim|p1a: Dragapult|Dragon Darts|p2a: Arcanine
|-damage|p2a: Arcanine|0 fnt
|faint|p2a: Arcanine
|
|win|nobody2712
|raw|nobody2712's rating: 1147 &rarr; <strong>1173</strong><br />(+26 for winning)
|raw|Thermoximus's rating: 1157 &rarr; <strong>1131</strong><br />(-26 for losing)
|l|☆nobody2712
|player|p1|
