|j|☆goobler34
|j|☆maxpluh
|t:|1743921680
|gametype|singles
|player|p1|goobler34|petrel|1218
|player|p2|maxpluh|flannery|1251
|teamsize|p1|6
|teamsize|p2|6
|gen|9
|tier|[Gen 9] OU
|rated|
|rule|HP Percentage Mod: HP is shown in percentages
|rule|Endless Battle Clause: Forcing endless battles is banned
|rule|Species Clause: Limit one of each Pokémon
|rule|OHKO Clause: OHKO moves are banned
|rule|Evasion Items Clause: Evasion items are banned
|rule|Evasion Moves Clause: Evasion moves are banned
|rule|Sleep Moves Clause: Sleep-inducing moves are banned
|clearpoke
|poke|p1|Ninetales, F|
|poke|p1|Garganacl, M|
|poke|p1|Walking Wake|
|poke|p1|Heracross, M|
|poke|p1|Altaria, M|
|poke|p1|Munkidori, M|
|poke|p2|Zamazenta-*|
|poke|p2|Blaziken, M|
|poke|p2|Great Tusk|
|poke|p2|Enamorus, F|
|poke|p2|Kingambit, F|
|poke|p2|Weavile, F|
|teampreview
|
|t:|1743921685
|start
|switch|p1a: Ninetales|Ninetales, F|100/100
|switch|p2a: Zamazenta|Zamazenta|100/100
|-ability|p2a: Zamazenta|Dauntless Shield|boost
|-boost|p2a: Zamazenta|def|1
|-weather|SunnyDay|[from] ability: Drought|[of] p1a: Ninetales
|turn|1
|
|t:|1743921690
|move|p2a: Zamazenta|Light Screen|p2a: Zamazenta
|-sidestart|p2: maxpluh|move: Light Screen
|move|p1a: Ninetales|Overheat|p2a: Zamazenta
|-damage|p2a: Zamazenta|73/100
|-unboost|p1a: Ninetales|spa|2
|-enditem|p1a: Ninetales|Eject Pack
|
|t:|1743921699
|switch|p1a: Altaria|Altaria, M|100/100
|
|-weather|SunnyDay|[upkeep]
|upkeep
|turn|2
|inactive|Battle timer is ON: inactive players will automatically lose when time's up. (requested by maxpluh)
|
|t:|1743921706
|move|p2a: Zamazenta|Reflect|p2a: Zamazenta
|-sidestart|p2: maxpluh|Reflect
|move|p1a: Altaria|Will-O-Wisp|p2a: Zamazenta
|-status|p2a: Zamazenta|brn
|
|-weather|SunnyDay|[upkeep]
|-damage|p2a: Zamazenta|67/100 brn|[from] brn
|upkeep
|turn|3
|
|t:|1743921714
|switch|p2a: Enamorus|Enamorus, F|100/100
|move|p1a: Altaria|Defog|p2a: Enamorus
|-boost|p2a: Enamorus|evasion|1
|-sideend|p2: maxpluh|Reflect
|-sideend|p2: maxpluh|move: Light Screen
|
|-weather|SunnyDay|[upkeep]
|upkeep
|turn|4
|
|t:|1743921724
|switch|p1a: Garganacl|Garganacl, M|100/100
|move|p2a: Enamorus|Moonblast|p1a: Garganacl
|-damage|p1a: Garganacl|58/100
|-unboost|p1a: Garganacl|spa|1
|-damage|p2a: Enamorus|91/100|[from] item: Life Orb
|
|-weather|SunnyDay|[upkeep]
|-heal|p1a: Garganacl|64/100|[from] item: Leftovers
|upkeep
|turn|5
|
|t:|1743921734
|move|p2a: Enamorus|Earth Power|p1a: Garganacl
|-supereffective|p1a: Garganacl
|-damage|p1a: Garganacl|11/100
|-damage|p2a: Enamorus|81/100|[from] item: Life Orb
|move|p1a: Garganacl|Salt Cure|p2a: Enamorus|[miss]
|-miss|p1a: Garganacl|p2a: Enamorus
|
|-weather|none
|-heal|p1a: Garganacl|17/100|[from] item: Leftovers
|upkeep
|turn|6
|
|t:|1743921742
|move|p2a: Enamorus|Superpower|p1a: Garganacl
|-supereffective|p1a: Garganacl
|-damage|p1a: Garganacl|0 fnt
|-boost|p2a: Enamorus|atk|1
|-boost|p2a: Enamorus|def|1
|faint|p1a: Garganacl
|-damage|p2a: Enamorus|71/100|[from] item: Life Orb
|
|upkeep
|
|t:|1743921746
|switch|p1a: Munkidori|Munkidori, M|100/100
|turn|7
|
|t:|1743921758
|move|p1a: Munkidori|Sludge Bomb|p2a: Enamorus|[miss]
|-miss|p1a: Munkidori|p2a: Enamorus
|move|p2a: Enamorus|Earth Power|p1a: Munkidori
|-supereffective|p1a: Munkidori
|-damage|p1a: Munkidori|0 fnt
|faint|p1a: Munkidori
|-damage|p2a: Enamorus|62/100|[from] item: Life Orb
|
|upkeep
|-message|goobler34 forfeited.
|
|win|maxpluh
|raw|goobler34's rating: 1218 &rarr; <strong>1195</strong><br />(-23 for losing)
|raw|maxpluh's rating: 1251 &rarr; <strong>1274</strong><br />(+23 for winning)
|l|☆goobler34
|player|p1|
|l|☆maxpluh
|player|p2|
