|j|☆Savushkin Trois
|j|☆haricane
|t:|1743919521
|gametype|singles
|player|p1|Savushkin Trois|medium|1153
|player|p2|haricane|hilbert|1215
|teamsize|p1|6
|teamsize|p2|6
|gen|9
|tier|[Gen 9] OU
|rated|
|rule|HP Percentage Mod: HP is shown in percentages
|rule|Endless Battle Clause: Forcing endless battles is banned
|rule|Species Clause: Limit one of each Pokémon
|rule|OHKO Clause: OHKO moves are banned
|rule|Evasion Items Clause: Evasion items are banned
|rule|Evasion Moves Clause: Evasion moves are banned
|rule|Sleep Moves Clause: Sleep-inducing moves are banned
|clearpoke
|poke|p1|Decidueye-Hisui, M|
|poke|p1|Zapdos-Galar|
|poke|p1|Yanmega, M|
|poke|p1|Braviary-Hisui, M|
|poke|p1|Oricorio-Pom-Pom, F|
|poke|p1|Honchkrow, M|
|poke|p2|Iron Thorns|
|poke|p2|Dragapult, M|
|poke|p2|Pawmot, F|
|poke|p2|Cinderace, M|
|poke|p2|Dragonite, M|
|poke|p2|Armarouge, F|
|teampreview
|inactive|Battle timer is ON: inactive players will automatically lose when time's up. (requested by Savushkin Trois)
|
|t:|1743919548
|start
|switch|p1a: Yanmega|Yanmega, M|100/100
|switch|p2a: Dragonite|Dragonite, M|100/100
|turn|1
|
|t:|1743919556
|move|p1a: Yanmega|Bug Buzz|p2a: Dragonite
|-resisted|p2a: Dragonite
|-damage|p2a: Dragonite|89/100
|-enditem|p1a: Yanmega|Throat Spray
|-boost|p1a: Yanmega|spa|1|[from] item: Throat Spray
|move|p2a: Dragonite|Dragon Dance|p2a: Dragonite
|-boost|p2a: Dragonite|atk|1
|-boost|p2a: Dragonite|spe|1
|
|-ability|p1a: Yanmega|Speed Boost|boost
|-boost|p1a: Yanmega|spe|1
|upkeep
|turn|2
|
|t:|1743919571
|-terastallize|p1a: Yanmega|Rock
|move|p1a: Yanmega|Ancient Power|p2a: Dragonite
|-supereffective|p2a: Dragonite
|-damage|p2a: Dragonite|0 fnt
|faint|p2a: Dragonite
|
|-ability|p1a: Yanmega|Speed Boost|boost
|-boost|p1a: Yanmega|spe|1
|upkeep
|
|t:|1743919582
|switch|p2a: Armarouge|Armarouge, F|100/100
|turn|3
|inactive|Savushkin Trois has 120 seconds left.
|
|t:|1743919619
|move|p2a: Armarouge|Endure|p2a: Armarouge
|-singleturn|p2a: Armarouge|move: Endure
|move|p1a: Yanmega|Air Slash|p2a: Armarouge
|-damage|p2a: Armarouge|32/100
|
|-ability|p1a: Yanmega|Speed Boost|boost
|-boost|p1a: Yanmega|spe|1
|upkeep
|turn|4
|inactive|Savushkin Trois has 120 seconds left.
|
|t:|1743919644
|move|p1a: Yanmega|Ancient Power|p2a: Armarouge
|-supereffective|p2a: Armarouge
|-damage|p2a: Armarouge|0 fnt
|faint|p2a: Armarouge
|
|-ability|p1a: Yanmega|Speed Boost|boost
|-boost|p1a: Yanmega|spe|1
|upkeep
|inactive|haricane has 120 seconds left.
|
|t:|1743919662
|switch|p2a: Dragapult|Dragapult, M|100/100
|turn|5
|inactive|haricane has 120 seconds left.
|inactive|Savushkin Trois has 120 seconds left.
|
|t:|1743919689
|move|p1a: Yanmega|Ancient Power|p2a: Dragapult
|-damage|p2a: Dragapult|34/100
|-boost|p1a: Yanmega|atk|1
|-boost|p1a: Yanmega|def|1
|-boost|p1a: Yanmega|spa|1
|-boost|p1a: Yanmega|spd|1
|-boost|p1a: Yanmega|spe|1
|-enditem|p2a: Dragapult|Red Card|[of] p1a: Yanmega
|drag|p1a: Oricorio|Oricorio-Pom-Pom, F|100/100
|move|p2a: Dragapult|Dragon Dance|p2a: Dragapult
|-boost|p2a: Dragapult|atk|1
|-boost|p2a: Dragapult|spe|1
|-activate|p1a: Oricorio|ability: Dancer
|move|p1a: Oricorio|Dragon Dance|p1a: Oricorio|[from] ability: Dancer
|-boost|p1a: Oricorio|atk|1
|-boost|p1a: Oricorio|spe|1
|
|upkeep
|turn|6
|inactive|haricane has 120 seconds left.
|c|☆Savushkin Trois|That was like a stab in the heart lmao, good move
|inactive|Savushkin Trois has 90 seconds left.
|
|t:|1743919728
|move|p2a: Dragapult|Dragon Darts|p1a: Oricorio
|-damage|p1a: Oricorio|31/100
|-anim|p2a: Dragapult|Dragon Darts|p1a: Oricorio
|-crit|p1a: Oricorio
|-damage|p1a: Oricorio|0 fnt
|faint|p1a: Oricorio
|
|upkeep
|
|t:|1743919739
|switch|p1a: Decidueye|Decidueye-Hisui, M|100/100
|turn|7
|inactive|haricane has 120 seconds left.
|inactive|haricane has 90 seconds left.
|
|t:|1743919792
|move|p1a: Decidueye|Sucker Punch|p2a: Dragapult
|-supereffective|p2a: Dragapult
|-damage|p2a: Dragapult|0 fnt
|faint|p2a: Dragapult
|
|upkeep
|
|t:|1743919805
|switch|p2a: Cinderace|Cinderace, M|100/100
|turn|8
|inactive|Savushkin Trois has 90 seconds left.
|
|t:|1743919834
|switch|p2a: Pawmot|Pawmot, F|100/100
|switch|p1a: Yanmega|Yanmega, M, tera:Rock|100/100
|
|upkeep
|turn|9
|inactive|haricane has 90 seconds left.
|
|t:|1743919848
|move|p2a: Pawmot|Revival Blessing|p2a: Pawmot
|-enditem|p2a: Pawmot|Leppa Berry|[eat]
|-activate|p2a: Pawmot|item: Leppa Berry|Revival Blessing|[consumed]
|
|t:|1743919852
|-heal|p2: Armarouge|50/100|[from] move: Revival Blessing
|move|p1a: Yanmega|Air Slash|p2a: Pawmot
|-damage|p2a: Pawmot|23/100
|
|-ability|p1a: Yanmega|Speed Boost|boost
|-boost|p1a: Yanmega|spe|1
|upkeep
|turn|10
|inactive|Savushkin Trois has 90 seconds left.
|
|t:|1743919862
|move|p2a: Pawmot|Mach Punch|p1a: Yanmega
|-supereffective|p1a: Yanmega
|-damage|p1a: Yanmega|46/100
|move|p1a: Yanmega|Ancient Power|p2a: Pawmot
|-resisted|p2a: Pawmot
|-damage|p2a: Pawmot|0 fnt
|-boost|p1a: Yanmega|atk|1
|-boost|p1a: Yanmega|def|1
|-boost|p1a: Yanmega|spa|1
|-boost|p1a: Yanmega|spd|1
|-boost|p1a: Yanmega|spe|1
|faint|p2a: Pawmot
|
|-ability|p1a: Yanmega|Speed Boost|boost
|-boost|p1a: Yanmega|spe|1
|upkeep
|c|☆Savushkin Trois|Holy shit lmao
|inactive|haricane has 90 seconds left.
|
|t:|1743919889
|switch|p2a: Armarouge|Armarouge, F|50/100
|turn|11
|
|t:|1743919894
|move|p2a: Armarouge|Endure|p2a: Armarouge
|-singleturn|p2a: Armarouge|move: Endure
|move|p1a: Yanmega|Ancient Power|p2a: Armarouge
|-supereffective|p2a: Armarouge
|-activate|p2a: Armarouge|move: Endure
|-damage|p2a: Armarouge|1/100
|
|-ability|p1a: Yanmega|Speed Boost|boost
|-boost|p1a: Yanmega|spe|1
|upkeep
|turn|12
|-enditem|p2a: Armarouge|Custap Berry|[eat]
|-activate|p2a: Armarouge|item: Custap Berry|[consumed]
|
|t:|1743919908
|move|p2a: Armarouge|Destiny Bond|p2a: Armarouge
|-singlemove|p2a: Armarouge|Destiny Bond
|move|p1a: Yanmega|Giga Drain|p2a: Armarouge
|-resisted|p2a: Armarouge
|-damage|p2a: Armarouge|0 fnt
|-heal|p1a: Yanmega|46/100|[from] drain|[of] p2a: Armarouge
|faint|p2a: Armarouge
|-activate|p2a: Armarouge|move: Destiny Bond
|faint|p1a: Yanmega
|
|upkeep
|inactive|Savushkin Trois has 90 seconds left.
|inactive|haricane has 90 seconds left.
|
|t:|1743919931
|switch|p1a: Braviary|Braviary-Hisui, M|100/100
|switch|p2a: Cinderace|Cinderace, M|100/100
|turn|13
|inactive|haricane has 90 seconds left.
|inactive|Savushkin Trois has 90 seconds left.
|
|t:|1743919941
|move|p2a: Cinderace|Pyro Ball|p1a: Braviary
|-damage|p1a: Braviary|32/100
|move|p1a: Braviary|Agility|p1a: Braviary
|-boost|p1a: Braviary|spe|2
|
|upkeep
|turn|14
|
|t:|1743919948
|move|p1a: Braviary|Psychic|p2a: Cinderace
|-damage|p2a: Cinderace|0 fnt
|faint|p2a: Cinderace
|
|upkeep
|
|t:|1743919952
|switch|p2a: Iron Thorns|Iron Thorns, shiny|100/100
|-enditem|p2a: Iron Thorns|Booster Energy
|-activate|p2a: Iron Thorns|ability: Quark Drive|[fromitem]
|-start|p2a: Iron Thorns|quarkdriveatk
|turn|15
|
|t:|1743919959
|move|p1a: Braviary|Psychic|p2a: Iron Thorns
|-damage|p2a: Iron Thorns|10/100
|move|p2a: Iron Thorns|Dragon Dance|p2a: Iron Thorns
|-boost|p2a: Iron Thorns|atk|1
|-boost|p2a: Iron Thorns|spe|1
|
|upkeep
|turn|16
|
|t:|1743919968
|move|p1a: Braviary|Psychic|p2a: Iron Thorns
|-damage|p2a: Iron Thorns|0 fnt
|faint|p2a: Iron Thorns
|-end|p2a: Iron Thorns|Quark Drive|[silent]
|
|win|Savushkin Trois
|raw|Savushkin Trois's rating: 1153 &rarr; <strong>1182</strong><br />(+29 for winning)
|raw|haricane's rating: 1215 &rarr; <strong>1186</strong><br />(-29 for losing)
|l|☆haricane
|player|p2|
|c|☆Savushkin Trois|Gg!
|l|☆Savushkin Trois
|player|p1|
