|j|☆Flo03041992
|j|☆technogiri
|t:|1743919162
|gametype|singles
|player|p1|Flo03041992|101|1153
|player|p2|technogiri|marshal|1216
|teamsize|p1|6
|teamsize|p2|6
|gen|9
|tier|[Gen 9] OU
|rated|
|rule|HP Percentage Mod: HP is shown in percentages
|rule|Endless Battle Clause: Forcing endless battles is banned
|rule|Species Clause: Limit one of each Pokémon
|rule|OHKO Clause: OHKO moves are banned
|rule|Evasion Items Clause: Evasion items are banned
|rule|Evasion Moves Clause: Evasion moves are banned
|rule|Sleep Moves Clause: Sleep-inducing moves are banned
|clearpoke
|poke|p1|Ribombee, F|
|poke|p1|Cinderace, M|
|poke|p1|Serperior, F|
|poke|p1|Mimikyu, M|
|poke|p1|Dragapult, F|
|poke|p1|Bisharp, M|
|poke|p2|Ogerpon, F|
|poke|p2|Greninja-*, M|
|poke|p2|Forretress, M|
|poke|p2|Goodra-Hisui, M|
|poke|p2|Thundurus-Therian, M|
|poke|p2|Revavroom, F|
|teampreview
|inactive|Battle timer is ON: inactive players will automatically lose when time's up. (requested by technogiri)
|
|t:|1743919168
|start
|switch|p1a: Ribombee|Ribombee, F|100/100
|switch|p2a: Thundurus|Thundurus-Therian, M|100/100
|turn|1
|
|t:|1743919175
|move|p2a: Thundurus|Thunderbolt|p1a: Ribombee
|-damage|p1a: Ribombee|4/100
|move|p1a: Ribombee|Moonblast|p2a: Thundurus
|-damage|p2a: Thundurus|43/100
|-unboost|p2a: Thundurus|spa|1
|
|upkeep
|turn|2
|
|t:|1743919189
|switch|p1a: Dragapult|Dragapult, F|100/100
|move|p2a: Thundurus|Thunderbolt|p1a: Dragapult
|-resisted|p1a: Dragapult
|-damage|p1a: Dragapult|71/100
|
|upkeep
|turn|3
|
|t:|1743919199
|switch|p2a: Forretress|Forretress, M|100/100
|move|p1a: Dragapult|Dragon Darts|p2a: Forretress
|-resisted|p2a: Forretress
|-damage|p2a: Forretress|93/100
|-anim|p1a: Dragapult|Dragon Darts|p2a: Forretress
|-resisted|p2a: Forretress
|-damage|p2a: Forretress|86/100
|-damage|p1a: Dragapult|61/100|[from] item: Life Orb
|
|upkeep
|turn|4
|
|t:|1743919208
|move|p1a: Dragapult|Flamethrower|p2a: Forretress
|-supereffective|p2a: Forretress
|-damage|p2a: Forretress|0 fnt
|faint|p2a: Forretress
|-damage|p1a: Dragapult|51/100|[from] item: Life Orb
|
|upkeep
|
|t:|1743919213
|switch|p2a: Thundurus|Thundurus-Therian, M|43/100
|turn|5
|
|t:|1743919217
|move|p2a: Thundurus|Dark Pulse|p1a: Dragapult
|-supereffective|p1a: Dragapult
|-damage|p1a: Dragapult|0 fnt
|faint|p1a: Dragapult
|
|upkeep
|
|t:|1743919227
|switch|p1a: Bisharp|Bisharp, M|100/100
|turn|6
|
|t:|1743919233
|switch|p2a: Revavroom|Revavroom, F|100/100
|-item|p2a: Revavroom|Air Balloon
|switch|p1a: Serperior|Serperior, F|100/100
|
|upkeep
|turn|7
|
|t:|1743919243
|switch|p1a: Bisharp|Bisharp, M|100/100
|move|p2a: Revavroom|Shift Gear|p2a: Revavroom
|-boost|p2a: Revavroom|spe|2
|-boost|p2a: Revavroom|atk|1
|
|upkeep
|turn|8
|
|t:|1743919252
|move|p2a: Revavroom|High Horsepower|p1a: Bisharp
|-supereffective|p1a: Bisharp
|-damage|p1a: Bisharp|22/100
|move|p1a: Bisharp|Swords Dance|p1a: Bisharp
|-boost|p1a: Bisharp|atk|2
|
|upkeep
|turn|9
|
|t:|1743919259
|move|p1a: Bisharp|Sucker Punch|p2a: Revavroom
|-damage|p2a: Revavroom|4/100
|-enditem|p2a: Revavroom|Air Balloon
|move|p2a: Revavroom|High Horsepower|p1a: Bisharp
|-supereffective|p1a: Bisharp
|-damage|p1a: Bisharp|0 fnt
|faint|p1a: Bisharp
|
|upkeep
|
|t:|1743919269
|switch|p1a: Mimikyu|Mimikyu, M|100/100
|turn|10
|
|t:|1743919272
|move|p2a: Revavroom|Iron Head|p1a: Mimikyu
|-activate|p1a: Mimikyu|ability: Disguise
|-damage|p1a: Mimikyu|100/100
|detailschange|p1a: Mimikyu|Mimikyu-Busted, M
|-damage|p1a: Mimikyu|88/100|[from] pokemon: Mimikyu-Busted
|-enditem|p1a: Mimikyu|Red Card|[of] p2a: Revavroom
|drag|p2a: Thundurus|Thundurus-Therian, M|43/100
|cant|p1a: Mimikyu|flinch
|
|upkeep
|turn|11
|
|t:|1743919283
|move|p2a: Thundurus|Dark Pulse|p1a: Mimikyu
|-damage|p1a: Mimikyu|43/100
|move|p1a: Mimikyu|Play Rough|p2a: Thundurus
|-damage|p2a: Thundurus|0 fnt
|faint|p2a: Thundurus
|
|upkeep
|
|t:|1743919296
|switch|p2a: Greninja|Greninja, M|100/100
|turn|12
|
|t:|1743919301
|move|p2a: Greninja|Sludge Wave|p1a: Mimikyu
|-start|p2a: Greninja|typechange|Poison|[from] ability: Protean
|-damage|p1a: Mimikyu|0 fnt
|faint|p1a: Mimikyu
|
|upkeep
|
|t:|1743919316
|switch|p1a: Ribombee|Ribombee, F|4/100
|turn|13
|
|t:|1743919321
|move|p1a: Ribombee|Sticky Web|p2a: Greninja
|-sidestart|p2: technogiri|move: Sticky Web
|move|p2a: Greninja|Sludge Wave|p1a: Ribombee
|-supereffective|p1a: Ribombee
|-damage|p1a: Ribombee|0 fnt
|faint|p1a: Ribombee
|
|upkeep
|
|t:|1743919328
|switch|p1a: Cinderace|Cinderace, M|100/100
|turn|14
|
|t:|1743919332
|move|p2a: Greninja|Sludge Wave|p1a: Cinderace
|-damage|p1a: Cinderace|7/100
|move|p1a: Cinderace|Pyro Ball|p2a: Greninja
|-damage|p2a: Greninja|0 fnt
|faint|p2a: Greninja
|
|upkeep
|
|t:|1743919346
|switch|p2a: Goodra|Goodra-Hisui, M|100/100
|-activate|p2a: Goodra|move: Sticky Web
|-unboost|p2a: Goodra|spe|1
|turn|15
|
|t:|1743919356
|move|p1a: Cinderace|Will-O-Wisp|p2a: Goodra
|-status|p2a: Goodra|brn
|move|p2a: Goodra|Dragon Tail|p1a: Cinderace
|-damage|p1a: Cinderace|0 fnt
|faint|p1a: Cinderace
|
|-damage|p2a: Goodra|94/100 brn|[from] brn
|upkeep
|
|t:|1743919366
|switch|p1a: Serperior|Serperior, F|100/100
|turn|16
|
|t:|1743919369
|move|p1a: Serperior|Substitute|p1a: Serperior
|-start|p1a: Serperior|Substitute
|-damage|p1a: Serperior|76/100
|move|p2a: Goodra|Acid Spray|p1a: Serperior
|-supereffective|p1a: Serperior
|-end|p1a: Serperior|Substitute
|
|-heal|p1a: Serperior|82/100|[from] item: Leftovers
|-damage|p2a: Goodra|88/100 brn|[from] brn
|upkeep
|turn|17
|
|t:|1743919379
|move|p1a: Serperior|Leech Seed|p2a: Goodra|[miss]
|-miss|p1a: Serperior|p2a: Goodra
|move|p2a: Goodra|Acid Spray|p1a: Serperior
|-supereffective|p1a: Serperior
|-damage|p1a: Serperior|50/100
|-boost|p1a: Serperior|spd|2
|
|-heal|p1a: Serperior|57/100|[from] item: Leftovers
|-damage|p2a: Goodra|82/100 brn|[from] brn
|upkeep
|turn|18
|
|t:|1743919389
|switch|p2a: Revavroom|Revavroom, F|4/100
|-activate|p2a: Revavroom|move: Sticky Web
|-unboost|p2a: Revavroom|spe|1
|move|p1a: Serperior|Leech Seed|p2a: Revavroom
|-start|p2a: Revavroom|move: Leech Seed
|
|-heal|p1a: Serperior|63/100|[from] item: Leftovers
|-damage|p2a: Revavroom|0 fnt|[from] Leech Seed|[of] p1a: Serperior
|-heal|p1a: Serperior|67/100|[silent]
|faint|p2a: Revavroom
|upkeep
|
|t:|1743919392
|switch|p2a: Ogerpon|Ogerpon, F|100/100
|-activate|p2a: Ogerpon|move: Sticky Web
|-unboost|p2a: Ogerpon|spe|1
|-ability|p2a: Ogerpon|Defiant|boost
|-boost|p2a: Ogerpon|atk|2
|turn|19
|
|t:|1743919407
|-terastallize|p1a: Serperior|Stellar
|move|p1a: Serperior|Tera Blast|p2a: Ogerpon|[anim] Tera Blast Stellar
|-damage|p2a: Ogerpon|63/100
|-boost|p1a: Serperior|atk|1
|-boost|p1a: Serperior|spa|1
|move|p2a: Ogerpon|U-turn|p1a: Serperior
|-supereffective|p1a: Serperior
|-damage|p1a: Serperior|0 fnt
|faint|p1a: Serperior
|
|win|technogiri
|raw|Flo03041992's rating: 1153 &rarr; <strong>1132</strong><br />(-21 for losing)
|raw|technogiri's rating: 1216 &rarr; <strong>1237</strong><br />(+21 for winning)
|l|☆Flo03041992
|player|p1|
|l|☆technogiri
|player|p2|
