|j|☆Yonkomaster712
|j|☆Thermoximus
|t:|1743924359
|gametype|singles
|player|p1|Yonkomaster712|blackbelt|1073
|player|p2|Thermoximus|swimmerf|1061
|teamsize|p1|6
|teamsize|p2|6
|gen|9
|tier|[Gen 9] OU
|rated|
|rule|HP Percentage Mod: HP is shown in percentages
|rule|Endless Battle Clause: Forcing endless battles is banned
|rule|Species Clause: Limit one of each Pokémon
|rule|OHKO Clause: OHKO moves are banned
|rule|Evasion Items Clause: Evasion items are banned
|rule|Evasion Moves Clause: Evasion moves are banned
|rule|Sleep Moves Clause: Sleep-inducing moves are banned
|clearpoke
|poke|p1|Landorus-Therian, M|
|poke|p1|Kommo-o, F|
|poke|p1|Raikou|
|poke|p1|Greninja-*, M|
|poke|p1|Metagross|
|poke|p1|Golurk|
|poke|p2|Noivern, M|
|poke|p2|Scizor, M|
|poke|p2|Blastoise, M|
|poke|p2|Toxtricity, F|
|poke|p2|Arcanine-Hisui, F|
|poke|p2|Hitmonlee, M|
|teampreview
|inactive|Battle timer is ON: inactive players will automatically lose when time's up. (requested by Thermoximus)
|
|t:|1743924367
|start
|switch|p1a: Raikou|Raikou|100/100
|switch|p2a: Scizor|Scizor, M|100/100
|-ability|p1a: Raikou|Pressure
|-item|p1a: Raikou|Air Balloon
|turn|1
|
|t:|1743924378
|move|p1a: Raikou|Scald|p2a: Scizor
|-damage|p2a: Scizor|77/100
|move|p2a: Scizor|U-turn|p1a: Raikou
|-crit|p1a: Raikou
|-damage|p1a: Raikou|42/100
|-enditem|p1a: Raikou|Air Balloon
|
|t:|1743924390
|switch|p2a: Noivern|Noivern, M|100/100|[from] U-turn
|
|upkeep
|turn|2
|
|t:|1743924400
|move|p2a: Noivern|Boomburst|p1a: Raikou
|-damage|p1a: Raikou|2/100
|move|p1a: Raikou|Discharge|p2a: Noivern
|-damage|p2a: Noivern|58/100
|-enditem|p2a: Noivern|Eject Button
|
|t:|1743924410
|switch|p2a: Arcanine|Arcanine-Hisui, F|100/100
|
|upkeep
|turn|3
|
|t:|1743924418
|move|p2a: Arcanine|Extreme Speed|p1a: Raikou
|-damage|p1a: Raikou|0 fnt
|faint|p1a: Raikou
|
|upkeep
|
|t:|1743924427
|switch|p1a: Kommo-o|Kommo-o, F|100/100
|turn|4
|
|t:|1743924448
|move|p2a: Arcanine|Wild Charge|p1a: Kommo-o
|-resisted|p1a: Kommo-o
|-damage|p1a: Kommo-o|90/100
|move|p1a: Kommo-o|Bulk Up|p1a: Kommo-o
|-boost|p1a: Kommo-o|atk|1
|-boost|p1a: Kommo-o|def|1
|
|upkeep
|turn|5
|
|t:|1743924454
|move|p2a: Arcanine|Flare Blitz|p1a: Kommo-o
|-resisted|p1a: Kommo-o
|-damage|p1a: Kommo-o|73/100
|move|p1a: Kommo-o|Counter|p2a: Arcanine
|-damage|p2a: Arcanine|67/100
|
|upkeep
|turn|6
|
|t:|1743924467
|switch|p2a: Blastoise|Blastoise, M|100/100
|move|p1a: Kommo-o|Body Press|p2a: Blastoise
|-damage|p2a: Blastoise|42/100
|
|upkeep
|turn|7
|
|t:|1743924485
|move|p2a: Blastoise|Flip Turn|p1a: Kommo-o
|-resisted|p1a: Kommo-o
|-damage|p1a: Kommo-o|69/100
|
|t:|1743924491
|switch|p2a: Hitmonlee|Hitmonlee, M|100/100|[from] Flip Turn
|move|p1a: Kommo-o|Counter|p2a: Hitmonlee
|-damage|p2a: Hitmonlee|87/100
|
|upkeep
|turn|8
|
|t:|1743924501
|switch|p1a: Golurk|Golurk, shiny|100/100
|move|p2a: Hitmonlee|Endure||[still]
|-fail|p2a: Hitmonlee
|
|upkeep
|turn|9
|
|t:|1743924511
|move|p2a: Hitmonlee|Body Slam|p1a: Golurk
|-immune|p1a: Golurk
|move|p1a: Golurk|Stealth Rock|p2a: Hitmonlee
|-sidestart|p2: Thermoximus|move: Stealth Rock
|
|upkeep
|turn|10
|
|t:|1743924530
|switch|p2a: Arcanine|Arcanine-Hisui, F|67/100
|move|p1a: Golurk|Phantom Force||[still]
|-prepare|p1a: Golurk|Phantom Force
|
|upkeep
|turn|11
|
|t:|1743924542
|-terastallize|p2a: Arcanine|Rock
|move|p2a: Arcanine|Head Smash|p1a: Golurk|[miss]
|-miss|p2a: Arcanine|p1a: Golurk
|move|p1a: Golurk|Phantom Force|p2a: Arcanine|[from] lockedmove
|-damage|p2a: Arcanine|27/100
|
|upkeep
|turn|12
|
|t:|1743924551
|move|p2a: Arcanine|Head Smash|p1a: Golurk
|-resisted|p1a: Golurk
|-damage|p1a: Golurk|44/100
|move|p1a: Golurk|Earth Power|p2a: Arcanine
|-supereffective|p2a: Arcanine
|-damage|p2a: Arcanine|0 fnt
|faint|p2a: Arcanine
|
|upkeep
|
|t:|1743924556
|switch|p2a: Scizor|Scizor, M|77/100
|-damage|p2a: Scizor|65/100|[from] Stealth Rock
|turn|13
|
|t:|1743924572
|move|p1a: Golurk|Drain Punch|p2a: Scizor
|-damage|p2a: Scizor|40/100
|-heal|p1a: Golurk|57/100|[from] drain|[of] p2a: Scizor
|move|p2a: Scizor|Swords Dance|p2a: Scizor
|-boost|p2a: Scizor|atk|2
|
|upkeep
|turn|14
|
|t:|1743924582
|move|p1a: Golurk|Earth Power|p2a: Scizor
|-damage|p2a: Scizor|7/100
|move|p2a: Scizor|Aerial Ace|p1a: Golurk
|-damage|p1a: Golurk|0 fnt
|faint|p1a: Golurk
|
|upkeep
|
|t:|1743924592
|switch|p1a: Kommo-o|Kommo-o, F|69/100
|turn|15
|
|t:|1743924604
|move|p1a: Kommo-o|Body Press|p2a: Scizor
|-damage|p2a: Scizor|0 fnt
|faint|p2a: Scizor
|
|upkeep
|
|t:|1743924610
|switch|p2a: Hitmonlee|Hitmonlee, M|87/100
|-damage|p2a: Hitmonlee|81/100|[from] Stealth Rock
|turn|16
|
|t:|1743924619
|move|p2a: Hitmonlee|Endure|p2a: Hitmonlee
|-singleturn|p2a: Hitmonlee|move: Endure
|move|p1a: Kommo-o|Counter||[still]
|-fail|p1a: Kommo-o
|
|upkeep
|turn|17
|
|t:|1743924625
|move|p2a: Hitmonlee|Endure||[still]
|-fail|p2a: Hitmonlee
|move|p1a: Kommo-o|Bulk Up|p1a: Kommo-o
|-boost|p1a: Kommo-o|atk|1
|-boost|p1a: Kommo-o|def|1
|
|upkeep
|turn|18
|
|t:|1743924634
|move|p2a: Hitmonlee|Endure|p2a: Hitmonlee
|-singleturn|p2a: Hitmonlee|move: Endure
|move|p1a: Kommo-o|Counter||[still]
|-fail|p1a: Kommo-o
|
|upkeep
|turn|19
|
|t:|1743924651
|move|p2a: Hitmonlee|Endure|p2a: Hitmonlee
|-singleturn|p2a: Hitmonlee|move: Endure
|move|p1a: Kommo-o|Bulk Up|p1a: Kommo-o
|-boost|p1a: Kommo-o|atk|1
|-boost|p1a: Kommo-o|def|1
|
|upkeep
|turn|20
|
|t:|1743924658
|move|p2a: Hitmonlee|Endure||[still]
|-fail|p2a: Hitmonlee
|move|p1a: Kommo-o|Bulk Up|p1a: Kommo-o
|-boost|p1a: Kommo-o|atk|1
|-boost|p1a: Kommo-o|def|1
|
|upkeep
|turn|21
|
|t:|1743924664
|move|p2a: Hitmonlee|Endure|p2a: Hitmonlee
|-singleturn|p2a: Hitmonlee|move: Endure
|move|p1a: Kommo-o|Bulk Up|p1a: Kommo-o
|-boost|p1a: Kommo-o|atk|1
|-boost|p1a: Kommo-o|def|1
|
|upkeep
|turn|22
|
|t:|1743924676
|switch|p2a: Blastoise|Blastoise, M|42/100
|-damage|p2a: Blastoise|29/100|[from] Stealth Rock
|move|p1a: Kommo-o|Bulk Up|p1a: Kommo-o
|-boost|p1a: Kommo-o|atk|1
|-boost|p1a: Kommo-o|def|1
|
|upkeep
|turn|23
|inactive|Thermoximus has 120 seconds left.
|c|☆Yonkomaster712|bro......
|
|t:|1743924726
|move|p1a: Kommo-o|Body Press|p2a: Blastoise
|-damage|p2a: Blastoise|0 fnt
|faint|p2a: Blastoise
|
|upkeep
|inactive|Thermoximus has 90 seconds left.
|
|t:|1743924750
|switch|p2a: Hitmonlee|Hitmonlee, M|81/100
|-damage|p2a: Hitmonlee|75/100|[from] Stealth Rock
|turn|24
|
|t:|1743924755
|move|p2a: Hitmonlee|Endure|p2a: Hitmonlee
|-singleturn|p2a: Hitmonlee|move: Endure
|move|p1a: Kommo-o|Bulk Up|p1a: Kommo-o
|-boost|p1a: Kommo-o|atk|1
|-boost|p1a: Kommo-o|def|1
|
|upkeep
|turn|25
|
|t:|1743924769
|switch|p2a: Noivern|Noivern, M|58/100
|-damage|p2a: Noivern|33/100|[from] Stealth Rock
|-item|p1a: Kommo-o|Black Belt|[from] ability: Frisk|[of] p2a: Noivern
|move|p1a: Kommo-o|Body Press|p2a: Noivern
|-resisted|p2a: Noivern
|-damage|p2a: Noivern|0 fnt
|faint|p2a: Noivern
|
|upkeep
|
|t:|1743924781
|switch|p2a: Toxtricity|Toxtricity, F|100/100
|-damage|p2a: Toxtricity|88/100|[from] Stealth Rock
|turn|26
|
|t:|1743924787
|move|p1a: Kommo-o|Clanging Scales|p2a: Toxtricity
|-crit|p2a: Toxtricity
|-damage|p2a: Toxtricity|54/100
|-unboost|p1a: Kommo-o|def|1
|move|p2a: Toxtricity|Shift Gear|p2a: Toxtricity
|-boost|p2a: Toxtricity|spe|2
|-boost|p2a: Toxtricity|atk|1
|
|-heal|p2a: Toxtricity|60/100|[from] item: Black Sludge
|upkeep
|turn|27
|
|t:|1743924805
|move|p2a: Toxtricity|Boomburst|p1a: Kommo-o
|-crit|p1a: Kommo-o
|-damage|p1a: Kommo-o|0 fnt
|faint|p1a: Kommo-o
|
|-heal|p2a: Toxtricity|66/100|[from] item: Black Sludge
|upkeep
|
|t:|1743924812
|switch|p1a: Landorus|Landorus-Therian, M, shiny|100/100
|-ability|p1a: Landorus|Intimidate|boost
|-unboost|p2a: Toxtricity|atk|1
|turn|28
|
|t:|1743924825
|move|p2a: Toxtricity|Boomburst|p1a: Landorus
|-damage|p1a: Landorus|41/100
|move|p1a: Landorus|Earth Power|p2a: Toxtricity
|-supereffective|p2a: Toxtricity
|-crit|p2a: Toxtricity
|-damage|p2a: Toxtricity|0 fnt
|faint|p2a: Toxtricity
|
|-heal|p1a: Landorus|48/100|[from] item: Leftovers
|upkeep
|
|t:|1743924832
|switch|p2a: Hitmonlee|Hitmonlee, M|75/100
|-damage|p2a: Hitmonlee|69/100|[from] Stealth Rock
|turn|29
|
|t:|1743924837
|move|p2a: Hitmonlee|Endure|p2a: Hitmonlee
|-singleturn|p2a: Hitmonlee|move: Endure
|move|p1a: Landorus|Fly||[still]
|-prepare|p1a: Landorus|Fly
|
|-heal|p1a: Landorus|54/100|[from] item: Leftovers
|upkeep
|turn|30
|
|t:|1743924846
|move|p2a: Hitmonlee|Endure||[still]
|-fail|p2a: Hitmonlee
|move|p1a: Landorus|Fly|p2a: Hitmonlee|[from] lockedmove|[miss]
|-miss|p1a: Landorus|p2a: Hitmonlee
|
|-heal|p1a: Landorus|60/100|[from] item: Leftovers
|upkeep
|turn|31
|
|t:|1743924855
|switch|p1a: Metagross|Metagross, shiny|100/100
|move|p2a: Hitmonlee|Endure||[still]
|-fail|p2a: Hitmonlee
|
|upkeep
|turn|32
|
|t:|1743924864
|move|p2a: Hitmonlee|Body Slam|p1a: Metagross
|-resisted|p1a: Metagross
|-damage|p1a: Metagross|88/100
|-status|p1a: Metagross|par
|move|p1a: Metagross|Expanding Force|p2a: Hitmonlee
|-supereffective|p2a: Hitmonlee
|-damage|p2a: Hitmonlee|1/100
|-enditem|p2a: Hitmonlee|Liechi Berry|[eat]
|-boost|p2a: Hitmonlee|atk|1|[from] item: Liechi Berry
|
|upkeep
|turn|33
|
|t:|1743924875
|move|p2a: Hitmonlee|Reversal|p1a: Metagross
|-damage|p1a: Metagross|0 fnt
|faint|p1a: Metagross
|
|upkeep
|
|t:|1743924880
|switch|p1a: Greninja|Greninja, M|100/100
|turn|34
|
|t:|1743924886
|move|p2a: Hitmonlee|Reversal|p1a: Greninja
|-supereffective|p1a: Greninja
|-damage|p1a: Greninja|0 fnt
|faint|p1a: Greninja
|
|upkeep
|
|t:|1743924890
|switch|p1a: Landorus|Landorus-Therian, M, shiny|60/100
|-ability|p1a: Landorus|Intimidate|boost
|-unboost|p2a: Hitmonlee|atk|1
|turn|35
|
|t:|1743924896
|move|p2a: Hitmonlee|Reversal|p1a: Landorus
|-resisted|p1a: Landorus
|-damage|p1a: Landorus|11/100
|move|p1a: Landorus|Fly||[still]
|-prepare|p1a: Landorus|Fly
|
|-heal|p1a: Landorus|17/100|[from] item: Leftovers
|upkeep
|turn|36
|
|t:|1743924902
|move|p2a: Hitmonlee|Reversal|p1a: Landorus|[miss]
|-miss|p2a: Hitmonlee|p1a: Landorus
|move|p1a: Landorus|Fly|p2a: Hitmonlee|[from] lockedmove
|-supereffective|p2a: Hitmonlee
|-damage|p2a: Hitmonlee|0 fnt
|faint|p2a: Hitmonlee
|
|win|Yonkomaster712
|raw|Yonkomaster712's rating: 1073 &rarr; <strong>1101</strong><br />(+28 for winning)
|raw|Thermoximus's rating: 1061 &rarr; <strong>1043</strong><br />(-18 for losing)
|c|☆Yonkomaster712|L
|l|☆Yonkomaster712
|player|p1|
