|j|☆OfficialdcjensenYT
|j|☆Salmon<3
|t:|1743927152
|gametype|singles
|player|p1|OfficialdcjensenYT|koga|1077
|player|p2|Salmon<3|ingo|1107
|teamsize|p1|6
|teamsize|p2|6
|gen|9
|tier|[Gen 9] OU
|rated|
|rule|HP Percentage Mod: HP is shown in percentages
|rule|Endless Battle Clause: Forcing endless battles is banned
|rule|Species Clause: Limit one of each Pokémon
|rule|OHKO Clause: OHKO moves are banned
|rule|Evasion Items Clause: Evasion items are banned
|rule|Evasion Moves Clause: Evasion moves are banned
|rule|Sleep Moves Clause: Sleep-inducing moves are banned
|clearpoke
|poke|p1|Clefable, M|
|poke|p1|Glimmora, F|
|poke|p1|Dragapult, F|
|poke|p1|Vikavolt, M|
|poke|p1|Vaporeon, F|
|poke|p1|Tyranitar, F|
|poke|p2|Jirachi|
|poke|p2|Grimmsnarl, M|
|poke|p2|Great Tusk|
|poke|p2|Corviknight, F|
|poke|p2|Raging Bolt|
|poke|p2|Weavile, F|
|teampreview
|
|t:|1743927158
|start
|switch|p1a: Vikavolt|Vikavolt, M, shiny|100/100
|switch|p2a: Great Tusk|Great Tusk|100/100
|turn|1
|
|t:|1743927166
|-end|p2a: Great Tusk|Protosynthesis|[silent]
|switch|p2a: Raging Bolt|Raging Bolt|100/100
|move|p1a: Vikavolt|Sticky Web|p2a: Raging Bolt
|-sidestart|p2: Salmon<3|move: Sticky Web
|
|upkeep
|turn|2
|
|t:|1743927171
|-terastallize|p1a: Vikavolt|Steel
|move|p2a: Raging Bolt|Volt Switch|p1a: Vikavolt
|-damage|p1a: Vikavolt|60/100
|
|t:|1743927176
|-end|p2a: Raging Bolt|Protosynthesis|[silent]
|switch|p2a: Corviknight|Corviknight, F, shiny|100/100|[from] Volt Switch
|move|p1a: Vikavolt|Bulldoze|p2a: Corviknight
|-immune|p2a: Corviknight
|
|upkeep
|turn|3
|
|t:|1743927181
|move|p2a: Corviknight|Defog|p1a: Vikavolt
|-unboost|p1a: Vikavolt|evasion|1
|-sideend|p2: Salmon<3|Sticky Web|[from] move: Defog|[of] p2a: Corviknight
|move|p1a: Vikavolt|Discharge|p2a: Corviknight
|-supereffective|p2a: Corviknight
|-damage|p2a: Corviknight|31/100
|-status|p2a: Corviknight|par
|
|upkeep
|turn|4
|
|t:|1743927190
|switch|p2a: Great Tusk|Great Tusk|100/100
|move|p1a: Vikavolt|Sticky Web|p2a: Great Tusk
|-sidestart|p2: Salmon<3|move: Sticky Web
|
|upkeep
|turn|5
|
|t:|1743927194
|move|p2a: Great Tusk|Rapid Spin|p1a: Vikavolt
|-resisted|p1a: Vikavolt
|-damage|p1a: Vikavolt|53/100
|-boost|p2a: Great Tusk|spe|1
|-damage|p2a: Great Tusk|84/100|[from] item: Rocky Helmet|[of] p1a: Vikavolt
|-sideend|p2: Salmon<3|Sticky Web|[from] move: Rapid Spin|[of] p2a: Great Tusk
|move|p1a: Vikavolt|Lunge|p2a: Great Tusk
|-resisted|p2a: Great Tusk
|-damage|p2a: Great Tusk|79/100
|-unboost|p2a: Great Tusk|atk|1
|
|-heal|p2a: Great Tusk|85/100|[from] item: Leftovers
|upkeep
|turn|6
|
|t:|1743927206
|move|p2a: Great Tusk|Earthquake|p1a: Vikavolt
|-immune|p1a: Vikavolt|[from] ability: Levitate
|move|p1a: Vikavolt|Sticky Web|p2a: Great Tusk
|-sidestart|p2: Salmon<3|move: Sticky Web
|
|-heal|p2a: Great Tusk|91/100|[from] item: Leftovers
|upkeep
|turn|7
|
|t:|1743927213
|switch|p1a: Dragapult|Dragapult, F|100/100
|move|p2a: Great Tusk|Knock Off|p1a: Dragapult
|-supereffective|p1a: Dragapult
|-damage|p1a: Dragapult|65/100
|-enditem|p1a: Dragapult|Dragon Fang|[from] move: Knock Off|[of] p2a: Great Tusk
|
|-heal|p2a: Great Tusk|98/100|[from] item: Leftovers
|upkeep
|turn|8
|
|t:|1743927218
|-terastallize|p2a: Great Tusk|Ground
|move|p1a: Dragapult|Will-O-Wisp|p2a: Great Tusk
|-status|p2a: Great Tusk|brn
|move|p2a: Great Tusk|Earthquake|p1a: Dragapult
|-crit|p1a: Dragapult
|-damage|p1a: Dragapult|22/100
|
|-heal|p2a: Great Tusk|100/100 brn|[from] item: Leftovers
|-damage|p2a: Great Tusk|94/100 brn|[from] brn
|upkeep
|turn|9
|
|t:|1743927228
|switch|p1a: Vaporeon|Vaporeon, F|100/100
|move|p2a: Great Tusk|Knock Off|p1a: Vaporeon
|-damage|p1a: Vaporeon|92/100
|-enditem|p1a: Vaporeon|Leftovers|[from] move: Knock Off|[of] p2a: Great Tusk
|
|-heal|p2a: Great Tusk|100/100 brn|[from] item: Leftovers
|-damage|p2a: Great Tusk|94/100 brn|[from] brn
|upkeep
|turn|10
|
|t:|1743927234
|move|p2a: Great Tusk|Rapid Spin|p1a: Vaporeon
|-damage|p1a: Vaporeon|88/100
|-boost|p2a: Great Tusk|spe|1
|-sideend|p2: Salmon<3|Sticky Web|[from] move: Rapid Spin|[of] p2a: Great Tusk
|move|p1a: Vaporeon|Calm Mind|p1a: Vaporeon
|-boost|p1a: Vaporeon|spa|1
|-boost|p1a: Vaporeon|spd|1
|
|-heal|p2a: Great Tusk|100/100 brn|[from] item: Leftovers
|-damage|p2a: Great Tusk|94/100 brn|[from] brn
|upkeep
|turn|11
|
|t:|1743927239
|-end|p2a: Great Tusk|Protosynthesis|[silent]
|switch|p2a: Raging Bolt|Raging Bolt|100/100
|move|p1a: Vaporeon|Calm Mind|p1a: Vaporeon
|-boost|p1a: Vaporeon|spa|1
|-boost|p1a: Vaporeon|spd|1
|
|upkeep
|turn|12
|
|t:|1743927241
|move|p2a: Raging Bolt|Thunderbolt|p1a: Vaporeon
|-supereffective|p1a: Vaporeon
|-damage|p1a: Vaporeon|55/100
|move|p1a: Vaporeon|Calm Mind|p1a: Vaporeon
|-boost|p1a: Vaporeon|spa|1
|-boost|p1a: Vaporeon|spd|1
|
|upkeep
|turn|13
|
|t:|1743927246
|move|p1a: Vaporeon|Protect|p1a: Vaporeon
|-singleturn|p1a: Vaporeon|Protect
|move|p2a: Raging Bolt|Thunderbolt|p1a: Vaporeon
|-activate|p1a: Vaporeon|move: Protect
|
|upkeep
|turn|14
|
|t:|1743927248
|move|p2a: Raging Bolt|Thunderbolt|p1a: Vaporeon
|-supereffective|p1a: Vaporeon
|-damage|p1a: Vaporeon|28/100
|move|p1a: Vaporeon|Wish|p1a: Vaporeon
|
|upkeep
|turn|15
|
|t:|1743927252
|move|p1a: Vaporeon|Protect|p1a: Vaporeon
|-singleturn|p1a: Vaporeon|Protect
|move|p2a: Raging Bolt|Volt Switch|p1a: Vaporeon
|-activate|p1a: Vaporeon|move: Protect
|
|-heal|p1a: Vaporeon|78/100|[from] move: Wish|[wisher] Vaporeon
|upkeep
|turn|16
|
|t:|1743927258
|move|p2a: Raging Bolt|Thunderbolt|p1a: Vaporeon
|-supereffective|p1a: Vaporeon
|-damage|p1a: Vaporeon|50/100
|move|p1a: Vaporeon|Muddy Water|p2a: Raging Bolt
|-resisted|p2a: Raging Bolt
|-damage|p2a: Raging Bolt|79/100
|
|upkeep
|turn|17
|
|t:|1743927265
|move|p1a: Vaporeon|Protect|p1a: Vaporeon
|-singleturn|p1a: Vaporeon|Protect
|move|p2a: Raging Bolt|Volt Switch|p1a: Vaporeon
|-activate|p1a: Vaporeon|move: Protect
|
|upkeep
|turn|18
|
|t:|1743927271
|move|p2a: Raging Bolt|Volt Switch|p1a: Vaporeon
|-supereffective|p1a: Vaporeon
|-damage|p1a: Vaporeon|31/100
|
|t:|1743927275
|-end|p2a: Raging Bolt|Protosynthesis|[silent]
|switch|p2a: Corviknight|Corviknight, F, shiny|31/100 par|[from] Volt Switch
|move|p1a: Vaporeon|Wish|p1a: Vaporeon
|
|upkeep
|turn|19
|
|t:|1743927279
|move|p1a: Vaporeon|Muddy Water|p2a: Corviknight
|-damage|p2a: Corviknight|0 fnt
|faint|p2a: Corviknight
|
|-heal|p1a: Vaporeon|81/100|[from] move: Wish|[wisher] Vaporeon
|upkeep
|
|t:|1743927281
|switch|p2a: Weavile|Weavile, F|100/100
|-ability|p2a: Weavile|Pressure
|turn|20
|
|t:|1743927288
|move|p2a: Weavile|Swords Dance|p2a: Weavile
|-boost|p2a: Weavile|atk|2
|move|p1a: Vaporeon|Muddy Water|p2a: Weavile|[miss]
|-miss|p1a: Vaporeon|p2a: Weavile
|
|upkeep
|turn|21
|
|t:|1743927293
|move|p2a: Weavile|Knock Off|p1a: Vaporeon
|-damage|p1a: Vaporeon|26/100
|move|p1a: Vaporeon|Muddy Water|p2a: Weavile
|-damage|p2a: Weavile|0 fnt
|faint|p2a: Weavile
|
|upkeep
|inactive|Battle timer is ON: inactive players will automatically lose when time's up. (requested by OfficialdcjensenYT)
|inactive|Salmon<3 has 120 seconds left.
|inactive|Salmon<3 has 90 seconds left.
|inactive|Salmon<3 has 60 seconds left.
|inactive|Salmon<3 has 30 seconds left.
|inactive|Salmon<3 has 20 seconds left.
|inactive|Salmon<3 has 15 seconds left.
|inactive|Salmon<3 has 10 seconds left.
|inactive|Salmon<3 has 5 seconds left.
|-message|Salmon<3 lost due to inactivity.
|
|win|OfficialdcjensenYT
|raw|OfficialdcjensenYT's rating: 1077 &rarr; <strong>1108</strong><br />(+31 for winning)
|raw|Salmon&lt;3's rating: 1107 &rarr; <strong>1080</strong><br />(-27 for losing)
|l|☆Salmon<3
|player|p2|
