|j|☆sarl7
|j|☆randomblabla
|t:|1743929171
|gametype|singles
|player|p1|sarl7|saturn|1251
|player|p2|randomblabla|265|1217
|teamsize|p1|6
|teamsize|p2|6
|gen|9
|tier|[Gen 9] OU
|rated|
|rule|HP Percentage Mod: HP is shown in percentages
|rule|Endless Battle Clause: Forcing endless battles is banned
|rule|Species Clause: Limit one of each Pokémon
|rule|OHKO Clause: OHKO moves are banned
|rule|Evasion Items Clause: Evasion items are banned
|rule|Evasion Moves Clause: Evasion moves are banned
|rule|Sleep Moves Clause: Sleep-inducing moves are banned
|clearpoke
|poke|p1|Samurott-Hisui, F|
|poke|p1|Zapdos|
|poke|p1|Meowscarada, M|
|poke|p1|Ting-Lu|
|poke|p1|Glimmora, F|
|poke|p1|Cinderace, M|
|poke|p2|Ribombee, F|
|poke|p2|Great Tusk|
|poke|p2|Blaziken, M|
|poke|p2|Serperior, M|
|poke|p2|Darkrai|
|poke|p2|Dugtrio, M|
|teampreview
|
|t:|1743929188
|start
|switch|p1a: Meowscarada|Meowscarada, M|100/100
|switch|p2a: Serperior|Serperior, M|100/100
|turn|1
|
|t:|1743929200
|move|p1a: Meowscarada|Triple Axel|p2a: Serperior
|-start|p1a: Meowscarada|typechange|Ice|[from] ability: Protean
|-supereffective|p2a: Serperior
|-damage|p2a: Serperior|68/100
|-hitcount|p2a: Serperior|1
|move|p2a: Serperior|Glare|p1a: Meowscarada
|-status|p1a: Meowscarada|par
|
|upkeep
|turn|2
|
|t:|1743929210
|switch|p2a: Blaziken|Blaziken, M|100/100
|move|p1a: Meowscarada|Triple Axel|p2a: Blaziken
|-resisted|p2a: Blaziken
|-damage|p2a: Blaziken|91/100
|-resisted|p2a: Blaziken
|-damage|p2a: Blaziken|70/100
|-resisted|p2a: Blaziken
|-damage|p2a: Blaziken|40/100
|-hitcount|p2a: Blaziken|3
|
|upkeep
|turn|3
|
|t:|1743929227
|switch|p1a: Zapdos|Zapdos|100/100
|move|p2a: Blaziken|Close Combat|p1a: Zapdos
|-resisted|p1a: Zapdos
|-damage|p1a: Zapdos|60/100
|-unboost|p2a: Blaziken|def|1
|-unboost|p2a: Blaziken|spd|1
|-damage|p2a: Blaziken|30/100|[from] item: Life Orb
|
|-ability|p2a: Blaziken|Speed Boost|boost
|-boost|p2a: Blaziken|spe|1
|upkeep
|turn|4
|
|t:|1743929242
|move|p2a: Blaziken|Flare Blitz|p1a: Zapdos
|-damage|p1a: Zapdos|0 fnt
|faint|p1a: Zapdos
|-damage|p2a: Blaziken|9/100|[from] Recoil
|-damage|p2a: Blaziken|0 fnt|[from] item: Life Orb
|faint|p2a: Blaziken
|
|upkeep
|
|t:|1743929248
|switch|p1a: Samurott|Samurott-Hisui, F, shiny|100/100
|switch|p2a: Dugtrio|Dugtrio, M|100/100
|turn|5
|
|t:|1743929257
|move|p2a: Dugtrio|Memento|p1a: Samurott
|-unboost|p1a: Samurott|atk|2
|-unboost|p1a: Samurott|spa|2
|faint|p2a: Dugtrio
|move|p1a: Samurott|Flip Turn|p2: Dugtrio|[notarget]
|-fail|p1a: Samurott
|
|upkeep
|
|t:|1743929268
|switch|p2a: Serperior|Serperior, M|68/100
|turn|6
|
|t:|1743929275
|switch|p1a: Meowscarada|Meowscarada, M|100/100 par
|move|p2a: Serperior|Leaf Storm|p1a: Meowscarada
|-resisted|p1a: Meowscarada
|-damage|p1a: Meowscarada|61/100 par
|-boost|p2a: Serperior|spa|2
|
|upkeep
|turn|7
|
|t:|1743929283
|move|p2a: Serperior|Leaf Storm|p1a: Meowscarada
|-resisted|p1a: Meowscarada
|-damage|p1a: Meowscarada|0 fnt
|-boost|p2a: Serperior|spa|2
|faint|p1a: Meowscarada
|
|upkeep
|
|t:|1743929293
|switch|p1a: Cinderace|Cinderace, M|100/100
|turn|8
|
|t:|1743929298
|-terastallize|p2a: Serperior|Ground
|move|p1a: Cinderace|Pyro Ball|p2a: Serperior
|-damage|p2a: Serperior|0 fnt
|faint|p2a: Serperior
|
|upkeep
|
|t:|1743929308
|switch|p2a: Great Tusk|Great Tusk|100/100
|-enditem|p2a: Great Tusk|Booster Energy
|-activate|p2a: Great Tusk|ability: Protosynthesis|[fromitem]
|-start|p2a: Great Tusk|protosynthesisspe
|turn|9
|
|t:|1743929324
|switch|p1a: Ting-Lu|Ting-Lu|100/100
|-ability|p1a: Ting-Lu|Vessel of Ruin
|move|p2a: Great Tusk|Headlong Rush|p1a: Ting-Lu
|-damage|p1a: Ting-Lu|73/100
|-unboost|p2a: Great Tusk|def|1
|-unboost|p2a: Great Tusk|spd|1
|
|-heal|p1a: Ting-Lu|80/100|[from] item: Leftovers
|upkeep
|turn|10
|
|t:|1743929337
|move|p2a: Great Tusk|Close Combat|p1a: Ting-Lu
|-supereffective|p1a: Ting-Lu
|-crit|p1a: Ting-Lu
|-damage|p1a: Ting-Lu|0 fnt
|-unboost|p2a: Great Tusk|def|1
|-unboost|p2a: Great Tusk|spd|1
|faint|p1a: Ting-Lu
|
|upkeep
|
|t:|1743929340
|switch|p1a: Glimmora|Glimmora, F|100/100
|turn|11
|
|t:|1743929346
|-end|p2a: Great Tusk|Protosynthesis|[silent]
|switch|p2a: Darkrai|Darkrai|100/100
|move|p1a: Glimmora|Energy Ball|p2a: Darkrai
|-damage|p2a: Darkrai|58/100
|
|upkeep
|turn|12
|
|t:|1743929359
|move|p2a: Darkrai|Trick|p1a: Glimmora
|-activate|p2a: Darkrai|move: Trick|[of] p1a: Glimmora
|-item|p1a: Glimmora|Choice Scarf|[from] move: Trick
|-item|p2a: Darkrai|Focus Sash|[from] move: Trick
|move|p1a: Glimmora|Mortal Spin|p2a: Darkrai
|-damage|p2a: Darkrai|50/100
|-status|p2a: Darkrai|psn
|
|-damage|p2a: Darkrai|37/100 psn|[from] psn
|upkeep
|turn|13
|inactive|Battle timer is ON: inactive players will automatically lose when time's up. (requested by randomblabla)
|inactive|sarl7 has 120 seconds left.
|inactive|sarl7 has 90 seconds left.
|inactive|sarl7 has 60 seconds left.
|inactive|sarl7 has 30 seconds left.
|inactive|sarl7 has 20 seconds left.
|inactive|sarl7 has 15 seconds left.
|inactive|sarl7 has 10 seconds left.
|inactive|sarl7 has 5 seconds left.
|-message|sarl7 lost due to inactivity.
|
|win|randomblabla
|raw|sarl7's rating: 1251 &rarr; <strong>1224</strong><br />(-27 for losing)
|raw|randomblabla's rating: 1217 &rarr; <strong>1244</strong><br />(+27 for winning)
|l|☆randomblabla
|player|p2|
