|j|☆goobler34
|j|☆luluicer
|t:|1743922104
|gametype|singles
|player|p1|goobler34|petrel|1198
|player|p2|luluicer|2|1250
|teamsize|p1|6
|teamsize|p2|6
|gen|9
|tier|[Gen 9] OU
|rated|
|rule|HP Percentage Mod: HP is shown in percentages
|rule|Endless Battle Clause: Forcing endless battles is banned
|rule|Species Clause: Limit one of each Pokémon
|rule|OHKO Clause: OHKO moves are banned
|rule|Evasion Items Clause: Evasion items are banned
|rule|Evasion Moves Clause: Evasion moves are banned
|rule|Sleep Moves Clause: Sleep-inducing moves are banned
|clearpoke
|poke|p1|Ninetales, F|
|poke|p1|Garganacl, M|
|poke|p1|Walking Wake|
|poke|p1|Heracross, M|
|poke|p1|Altaria, F|
|poke|p1|Munkidori, M|
|poke|p2|Gholdengo|
|poke|p2|Grimmsnarl, M|
|poke|p2|Ninetales-Alola, F|
|poke|p2|Sandslash-Alola, M|
|poke|p2|Kyurem|
|poke|p2|Ceruledge, M|
|teampreview
|
|t:|1743922115
|start
|switch|p1a: Garganacl|Garganacl, M|100/100
|switch|p2a: Sandslash|Sandslash-Alola, M|100/100
|turn|1
|inactive|Battle timer is ON: inactive players will automatically lose when time's up. (requested by luluicer)
|
|t:|1743922128
|move|p2a: Sandslash|Stealth Rock|p1a: Garganacl
|-sidestart|p1: goobler34|move: Stealth Rock
|move|p1a: Garganacl|Salt Cure|p2a: Sandslash
|-damage|p2a: Sandslash|88/100
|-start|p2a: Sandslash|Salt Cure
|
|-damage|p2a: Sandslash|63/100|[from] Salt Cure
|upkeep
|turn|2
|
|t:|1743922134
|move|p2a: Sandslash|Spikes|p1a: Garganacl
|-sidestart|p1: goobler34|Spikes
|move|p1a: Garganacl|Stealth Rock|p2a: Sandslash
|-sidestart|p2: luluicer|move: Stealth Rock
|
|-damage|p2a: Sandslash|39/100|[from] Salt Cure
|upkeep
|turn|3
|
|t:|1743922138
|switch|p1a: Altaria|Altaria, F|100/100
|move|p2a: Sandslash|Rapid Spin|p1a: Altaria
|-damage|p1a: Altaria|92/100
|-boost|p2a: Sandslash|spe|1
|-sideend|p2: luluicer|Stealth Rock|[from] move: Rapid Spin|[of] p2a: Sandslash
|
|-damage|p2a: Sandslash|14/100|[from] Salt Cure
|upkeep
|turn|4
|
|t:|1743922143
|switch|p2a: Gholdengo|Gholdengo|100/100
|-terastallize|p1a: Altaria|Fairy
|move|p1a: Altaria|Defog|p2a: Gholdengo
|-immune|p2a: Gholdengo|[from] ability: Good as Gold
|
|upkeep
|turn|5
|
|t:|1743922157
|switch|p1a: Ninetales|Ninetales, F|100/100
|-damage|p1a: Ninetales|76/100|[from] Stealth Rock
|-damage|p1a: Ninetales|64/100|[from] Spikes
|-weather|SunnyDay|[from] ability: Drought|[of] p1a: Ninetales
|move|p2a: Gholdengo|Thunder Wave|p1a: Ninetales
|-status|p1a: Ninetales|par
|
|-weather|SunnyDay|[upkeep]
|upkeep
|turn|6
|
|t:|1743922165
|switch|p2a: Ceruledge|Ceruledge, M|100/100
|move|p1a: Ninetales|Overheat|p2a: Ceruledge
|-start|p2a: Ceruledge|ability: Flash Fire
|
|-weather|SunnyDay|[upkeep]
|upkeep
|turn|7
|-message|goobler34 forfeited.
|
|win|luluicer
|raw|goobler34's rating: 1198 &rarr; <strong>1177</strong><br />(-21 for losing)
|raw|luluicer's rating: 1250 &rarr; <strong>1271</strong><br />(+21 for winning)
|l|☆goobler34
|player|p1|
|l|☆luluicer
|player|p2|
