|j|☆Gikkak
|j|☆circus abuser
|t:|1743932719
|gametype|singles
|player|p1|Gikkak|2|1434
|player|p2|circus abuser|fisherman-gen4|1453
|teamsize|p1|6
|teamsize|p2|6
|gen|9
|tier|[Gen 9] OU
|rated|
|rule|HP Percentage Mod: HP is shown in percentages
|rule|Endless Battle Clause: Forcing endless battles is banned
|rule|Species Clause: Limit one of each Pokémon
|rule|OHKO Clause: OHKO moves are banned
|rule|Evasion Items Clause: Evasion items are banned
|rule|Evasion Moves Clause: Evasion moves are banned
|rule|Sleep Moves Clause: Sleep-inducing moves are banned
|clearpoke
|poke|p1|Great Tusk|
|poke|p1|Gholdengo|
|poke|p1|Iron Valiant|
|poke|p1|Kingambit, F|
|poke|p1|Raging Bolt|
|poke|p1|Ogerpon-Wellspring, F|
|poke|p2|Kingambit, M|
|poke|p2|Garchomp, M|
|poke|p2|Pecharunt|
|poke|p2|Darkrai|
|poke|p2|Kyurem|
|poke|p2|Zapdos-Galar|
|teampreview
|inactive|Battle timer is ON: inactive players will automatically lose when time's up. (requested by circus abuser)
|
|t:|1743932759
|start
|switch|p1a: Ciao|Ogerpon-Wellspring, F|100/100
|switch|p2a: Garchomp|Garchomp, M|100/100
|turn|1
|
|t:|1743932777
|move|p1a: Ciao|Swords Dance|p1a: Ciao
|-boost|p1a: Ciao|atk|2
|move|p2a: Garchomp|Draco Meteor|p1a: Ciao
|-damage|p1a: Ciao|29/100
|-unboost|p2a: Garchomp|spa|2
|-damage|p2a: Garchomp|91/100|[from] item: Life Orb
|
|upkeep
|turn|2
|
|t:|1743932786
|move|p1a: Ciao|Horn Leech|p2a: Garchomp
|-damage|p2a: Garchomp|6/100
|-heal|p1a: Ciao|79/100|[from] drain|[of] p2a: Garchomp
|-damage|p1a: Ciao|67/100|[from] ability: Rough Skin|[of] p2a: Garchomp
|move|p2a: Garchomp|Stealth Rock|p1a: Ciao
|-sidestart|p1: Gikkak|move: Stealth Rock
|
|upkeep
|turn|3
|
|t:|1743932797
|move|p1a: Ciao|Encore|p2a: Garchomp
|-start|p2a: Garchomp|Encore
|move|p2a: Garchomp|Stealth Rock||[still]
|-fail|p2a: Garchomp
|
|upkeep
|turn|4
|
|t:|1743932805
|move|p1a: Ciao|Horn Leech|p2a: Garchomp
|-damage|p2a: Garchomp|0 fnt
|-heal|p1a: Ciao|70/100|[from] drain|[of] p2a: Garchomp
|-damage|p1a: Ciao|58/100|[from] ability: Rough Skin|[of] p2a: Garchomp
|faint|p2a: Garchomp
|
|upkeep
|
|t:|1743932810
|switch|p2a: Zapdos|Zapdos-Galar|100/100
|turn|5
|
|t:|1743932818
|switch|p1a: Au Revoir|Great Tusk|100/100
|-damage|p1a: Au Revoir|98/100|[from] Stealth Rock
|move|p2a: Zapdos|Brave Bird|p1a: Au Revoir
|-supereffective|p1a: Au Revoir
|-crit|p1a: Au Revoir
|-damage|p1a: Au Revoir|0 fnt
|-damage|p2a: Zapdos|84/100|[from] item: Rocky Helmet|[of] p1a: Au Revoir
|faint|p1a: Au Revoir
|-end|p1a: Au Revoir|Protosynthesis|[silent]
|-damage|p2a: Zapdos|47/100|[from] Recoil
|
|upkeep
|
|t:|1743932838
|switch|p1a: Good Bye|Gholdengo|100/100
|-damage|p1a: Good Bye|94/100|[from] Stealth Rock
|turn|6
|
|t:|1743932847
|switch|p2a: Kingambit|Kingambit, M|100/100
|-activate|p2a: Kingambit|ability: Supreme Overlord
|-start|p2a: Kingambit|fallen1|[silent]
|move|p1a: Good Bye|Focus Blast|p2a: Kingambit|[miss]
|-miss|p1a: Good Bye|p2a: Kingambit
|
|upkeep
|turn|7
|
|t:|1743932865
|switch|p1a: Sayonara|Kingambit, F|100/100
|-damage|p1a: Sayonara|94/100|[from] Stealth Rock
|-activate|p1a: Sayonara|ability: Supreme Overlord
|-start|p1a: Sayonara|fallen1|[silent]
|move|p2a: Kingambit|Kowtow Cleave|p1a: Sayonara
|-resisted|p1a: Sayonara
|-damage|p1a: Sayonara|64/100
|
|-heal|p1a: Sayonara|71/100|[from] item: Leftovers
|upkeep
|turn|8
|
|t:|1743932879
|move|p2a: Kingambit|Swords Dance|p2a: Kingambit
|-boost|p2a: Kingambit|atk|2
|move|p1a: Sayonara|Low Kick|p2a: Kingambit
|-supereffective|p2a: Kingambit
|-damage|p2a: Kingambit|0 fnt
|faint|p2a: Kingambit
|-end|p2a: Kingambit|fallen1|[silent]
|
|-heal|p1a: Sayonara|77/100|[from] item: Leftovers
|upkeep
|
|t:|1743932883
|switch|p2a: Zapdos|Zapdos-Galar|47/100
|turn|9
|
|t:|1743932905
|-end|p1a: Sayonara|fallen1|[silent]
|switch|p1a: Good Bye|Gholdengo|94/100
|-damage|p1a: Good Bye|88/100|[from] Stealth Rock
|move|p2a: Zapdos|U-turn|p1a: Good Bye
|-resisted|p1a: Good Bye
|-damage|p1a: Good Bye|81/100
|
|t:|1743932909
|switch|p2a: Darkrai|Darkrai|100/100|[from] U-turn
|
|upkeep
|turn|10
|
|t:|1743932915
|move|p1a: Good Bye|Focus Blast|p2a: Darkrai
|-supereffective|p2a: Darkrai
|-crit|p2a: Darkrai
|-damage|p2a: Darkrai|0 fnt
|faint|p2a: Darkrai
|
|upkeep
|
|t:|1743932919
|switch|p2a: Kyurem|Kyurem|100/100
|-ability|p2a: Kyurem|Pressure
|turn|11
|
|t:|1743932932
|switch|p1a: Hasta Luego|Iron Valiant|100/100
|-damage|p1a: Hasta Luego|94/100|[from] Stealth Rock
|-enditem|p1a: Hasta Luego|Booster Energy
|-activate|p1a: Hasta Luego|ability: Quark Drive|[fromitem]
|-start|p1a: Hasta Luego|quarkdrivespe
|-terastallize|p2a: Kyurem|Ground
|move|p2a: Kyurem|Dragon Dance|p2a: Kyurem
|-boost|p2a: Kyurem|atk|1
|-boost|p2a: Kyurem|spe|1
|
|upkeep
|turn|12
|
|t:|1743932947
|move|p1a: Hasta Luego|Moonblast|p2a: Kyurem
|-damage|p2a: Kyurem|53/100
|move|p2a: Kyurem|Dragon Dance|p2a: Kyurem
|-boost|p2a: Kyurem|atk|1
|-boost|p2a: Kyurem|spe|1
|
|upkeep
|turn|13
|
|t:|1743932964
|-terastallize|p1a: Hasta Luego|Steel
|move|p2a: Kyurem|Tera Blast|p1a: Hasta Luego|[anim] Tera Blast Ground
|-supereffective|p1a: Hasta Luego
|-damage|p1a: Hasta Luego|0 fnt
|faint|p1a: Hasta Luego
|-end|p1a: Hasta Luego|Quark Drive|[silent]
|
|upkeep
|c|☆circus abuser|?
|inactive|Gikkak has 120 seconds left.
|
|t:|1743932985
|switch|p1a: Ciao|Ogerpon-Wellspring, F|58/100
|-damage|p1a: Ciao|46/100|[from] Stealth Rock
|turn|14
|
|t:|1743932989
|move|p2a: Kyurem|Icicle Spear|p1a: Ciao
|-damage|p1a: Ciao|6/100
|-damage|p1a: Ciao|0 fnt
|faint|p1a: Ciao
|-hitcount|p1: Ciao|2
|
|upkeep
|
|t:|1743933004
|switch|p1a: Tschüss|Raging Bolt|100/100
|-damage|p1a: Tschüss|88/100|[from] Stealth Rock
|-enditem|p1a: Tschüss|Booster Energy
|-activate|p1a: Tschüss|ability: Protosynthesis|[fromitem]
|-start|p1a: Tschüss|protosynthesisspa
|turn|15
|
|t:|1743933009
|move|p2a: Kyurem|Icicle Spear|p1a: Tschüss
|-supereffective|p1a: Tschüss
|-damage|p1a: Tschüss|29/100
|-supereffective|p1a: Tschüss
|-damage|p1a: Tschüss|0 fnt
|faint|p1a: Tschüss
|-end|p1a: Tschüss|Protosynthesis|[silent]
|-hitcount|p1: Tschüss|2
|
|upkeep
|
|t:|1743933014
|switch|p1a: Sayonara|Kingambit, F|77/100
|-damage|p1a: Sayonara|71/100|[from] Stealth Rock
|-activate|p1a: Sayonara|ability: Supreme Overlord
|-start|p1a: Sayonara|fallen4|[silent]
|turn|16
|
|t:|1743933021
|move|p2a: Kyurem|Tera Blast|p1a: Sayonara|[anim] Tera Blast Ground
|-supereffective|p1a: Sayonara
|-damage|p1a: Sayonara|0 fnt
|faint|p1a: Sayonara
|-end|p1a: Sayonara|fallen4|[silent]
|
|upkeep
|
|t:|1743933028
|switch|p1a: Good Bye|Gholdengo|81/100
|-damage|p1a: Good Bye|75/100|[from] Stealth Rock
|turn|17
|
|t:|1743933032
|move|p2a: Kyurem|Tera Blast|p1a: Good Bye|[anim] Tera Blast Ground
|-supereffective|p1a: Good Bye
|-damage|p1a: Good Bye|0 fnt
|faint|p1a: Good Bye
|
|win|circus abuser
|raw|Gikkak's rating: 1434 &rarr; <strong>1415</strong><br />(-19 for losing)
|raw|circus abuser's rating: 1453 &rarr; <strong>1472</strong><br />(+19 for winning)
