|j|☆Nchch
|j|☆vitamin-w
|t:|1743935302
|gametype|singles
|player|p1|Nchch|169|1123
|player|p2|vitamin-w|169|1183
|teamsize|p1|6
|teamsize|p2|6
|gen|9
|tier|[Gen 9] OU
|rated|
|rule|HP Percentage Mod: HP is shown in percentages
|rule|Endless Battle Clause: Forcing endless battles is banned
|rule|Species Clause: Limit one of each Pokémon
|rule|OHKO Clause: OHKO moves are banned
|rule|Evasion Items Clause: Evasion items are banned
|rule|Evasion Moves Clause: Evasion moves are banned
|rule|Sleep Moves Clause: Sleep-inducing moves are banned
|clearpoke
|poke|p1|Sceptile, M|
|poke|p1|Blaziken, M|
|poke|p1|Serperior, F|
|poke|p1|Cinderace, M|
|poke|p1|Inteleon, M|
|poke|p1|Meowscarada, F|
|poke|p2|Garganacl, M|
|poke|p2|Weezing-Galar, F|
|poke|p2|Corviknight, M|
|poke|p2|Dragapult, M|
|poke|p2|Slowking-Galar, F|
|poke|p2|Samurott-Hisui, F|
|teampreview
|inactive|Battle timer is ON: inactive players will automatically lose when time's up. (requested by Nchch)
|
|t:|1743935310
|start
|switch|p1a: Sceptile|Sceptile, M|100/100
|switch|p2a: Samurott|Samurott-Hisui, F|100/100
|turn|1
|
|t:|1743935319
|move|p2a: Samurott|Flip Turn|p1a: Sceptile
|-resisted|p1a: Sceptile
|-damage|p1a: Sceptile|83/100
|
|t:|1743935327
|switch|p2a: Corviknight|Corviknight, M|100/100|[from] Flip Turn
|-ability|p2a: Corviknight|Pressure
|move|p1a: Sceptile|Fling|p2a: Corviknight
|-damage|p2a: Corviknight|77/100
|-enditem|p1a: Sceptile|Big Nugget|[from] move: Fling
|
|upkeep
|turn|2
|
|t:|1743935348
|switch|p1a: Cinderace|Cinderace, M|100/100
|move|p2a: Corviknight|Brave Bird|p1a: Cinderace
|-damage|p1a: Cinderace|50/100
|-damage|p2a: Corviknight|64/100|[from] Recoil
|
|upkeep
|turn|3
|
|t:|1743935358
|switch|p2a: Samurott|Samurott-Hisui, F|100/100
|move|p1a: Cinderace|Pyro Ball|p2a: Samurott
|-resisted|p2a: Samurott
|-damage|p2a: Samurott|66/100
|
|upkeep
|turn|4
|
|t:|1743935367
|switch|p1a: Sceptile|Sceptile, M|83/100
|move|p2a: Samurott|Ceaseless Edge|p1a: Sceptile
|-damage|p1a: Sceptile|22/100
|-sidestart|p1: Nchch|Spikes
|
|upkeep
|turn|5
|
|t:|1743935372
|move|p2a: Samurott|Ceaseless Edge|p1a: Sceptile
|-damage|p1a: Sceptile|0 fnt
|-sidestart|p1: Nchch|Spikes
|faint|p1a: Sceptile
|
|upkeep
|
|t:|1743935376
|switch|p1a: Serperior|Serperior, F|100/100
|-damage|p1a: Serperior|84/100|[from] Spikes
|turn|6
|
|t:|1743935383
|switch|p2a: Slowking|Slowking-Galar, F|100/100
|move|p1a: Serperior|Leaf Storm|p2a: Slowking
|-resisted|p2a: Slowking
|-damage|p2a: Slowking|91/100
|-boost|p1a: Serperior|spa|2
|
|upkeep
|turn|7
|
|t:|1743935388
|move|p1a: Serperior|Leech Seed|p2a: Slowking
|-start|p2a: Slowking|move: Leech Seed
|move|p2a: Slowking|Sludge Bomb|p1a: Serperior
|-supereffective|p1a: Serperior
|-damage|p1a: Serperior|0 fnt
|faint|p1a: Serperior
|
|upkeep
|
|t:|1743935396
|switch|p1a: Inteleon|Inteleon, M|100/100
|-damage|p1a: Inteleon|84/100|[from] Spikes
|turn|8
|
|t:|1743935418
|move|p1a: Inteleon|Dark Pulse|p2a: Slowking
|-supereffective|p2a: Slowking
|-damage|p2a: Slowking|69/100
|move|p2a: Slowking|Future Sight|p1a: Inteleon
|-start|p2a: Slowking|move: Future Sight
|
|-damage|p2a: Slowking|57/100|[from] Leech Seed|[of] p1a: Inteleon
|-heal|p1a: Inteleon|100/100|[silent]
|upkeep
|turn|9
|
|t:|1743935431
|move|p1a: Inteleon|Snipe Shot|p2a: Slowking
|-damage|p2a: Slowking|39/100
|move|p2a: Slowking|Sludge Bomb|p1a: Inteleon
|-damage|p1a: Inteleon|33/100
|
|-damage|p2a: Slowking|26/100|[from] Leech Seed|[of] p1a: Inteleon
|-heal|p1a: Inteleon|51/100|[silent]
|upkeep
|turn|10
|
|t:|1743935446
|switch|p1a: Meowscarada|Meowscarada, F, shiny|100/100
|-damage|p1a: Meowscarada|84/100|[from] Spikes
|switch|p2a: Samurott|Samurott-Hisui, F|66/100
|
|-end|p1a: Meowscarada|move: Future Sight
|-immune|p1a: Meowscarada
|upkeep
|turn|11
|
|t:|1743935458
|move|p2a: Samurott|Flip Turn|p1a: Meowscarada
|-resisted|p1a: Meowscarada
|-damage|p1a: Meowscarada|64/100
|
|t:|1743935470
|switch|p2a: Corviknight|Corviknight, M|64/100|[from] Flip Turn
|-ability|p2a: Corviknight|Pressure
|move|p1a: Meowscarada|Flower Trick|p2a: Corviknight
|-start|p1a: Meowscarada|typechange|Grass|[from] ability: Protean
|-resisted|p2a: Corviknight
|-crit|p2a: Corviknight
|-damage|p2a: Corviknight|58/100
|
|upkeep
|turn|12
|
|t:|1743935479
|switch|p1a: Cinderace|Cinderace, M|50/100
|-damage|p1a: Cinderace|33/100|[from] Spikes
|move|p2a: Corviknight|Roost|p2a: Corviknight
|-heal|p2a: Corviknight|100/100
|-singleturn|p2a: Corviknight|move: Roost
|
|upkeep
|turn|13
|
|t:|1743935486
|switch|p2a: Dragapult|Dragapult, M|100/100
|move|p1a: Cinderace|Pyro Ball|p2a: Dragapult
|-resisted|p2a: Dragapult
|-damage|p2a: Dragapult|63/100
|
|upkeep
|turn|14
|
|t:|1743935492
|move|p1a: Cinderace|Sucker Punch|p2a: Dragapult
|-start|p1a: Cinderace|typechange|Dark|[from] ability: Libero
|-supereffective|p2a: Dragapult
|-damage|p2a: Dragapult|0 fnt
|faint|p2a: Dragapult
|
|upkeep
|
|t:|1743935499
|switch|p2a: Samurott|Samurott-Hisui, F|66/100
|turn|15
|
|t:|1743935503
|move|p2a: Samurott|Ceaseless Edge|p1a: Cinderace
|-resisted|p1a: Cinderace
|-damage|p1a: Cinderace|1/100
|-sidestart|p1: Nchch|Spikes
|move|p1a: Cinderace|High Jump Kick|p2a: Samurott
|-supereffective|p2a: Samurott
|-damage|p2a: Samurott|0 fnt
|faint|p2a: Samurott
|
|upkeep
|
|t:|1743935513
|switch|p2a: Weezing|Weezing-Galar, F|100/100
|-ability|p2a: Weezing|Neutralizing Gas
|turn|16
|
|t:|1743935524
|move|p1a: Cinderace|Pyro Ball|p2a: Weezing
|-damage|p2a: Weezing|77/100
|move|p2a: Weezing|Strange Steam|p1a: Cinderace
|-supereffective|p1a: Cinderace
|-damage|p1a: Cinderace|0 fnt
|faint|p1a: Cinderace
|
|upkeep
|
|t:|1743935538
|switch|p1a: Inteleon|Inteleon, M|51/100
|-damage|p1a: Inteleon|26/100|[from] Spikes
|turn|17
|
|t:|1743935566
|move|p1a: Inteleon|Snipe Shot|p2a: Weezing
|-damage|p2a: Weezing|25/100
|move|p2a: Weezing|Strange Steam|p1a: Inteleon
|-damage|p1a: Inteleon|0 fnt
|faint|p1a: Inteleon
|
|upkeep
|
|t:|1743935574
|switch|p1a: Blaziken|Blaziken, M, shiny|100/100
|-damage|p1a: Blaziken|76/100|[from] Spikes
|turn|18
|
|t:|1743935578
|-terastallize|p1a: Blaziken|Fire
|move|p1a: Blaziken|Flamethrower|p2a: Weezing
|-damage|p2a: Weezing|0 fnt
|faint|p2a: Weezing
|-end|p2a: Weezing|ability: Neutralizing Gas
|-damage|p1a: Blaziken|66/100|[from] item: Life Orb
|
|-ability|p1a: Blaziken|Speed Boost|boost
|-boost|p1a: Blaziken|spe|1
|upkeep
|
|t:|1743935585
|switch|p2a: Slowking|Slowking-Galar, F|60/100
|turn|19
|
|t:|1743935588
|move|p1a: Blaziken|Flamethrower|p2a: Slowking
|-damage|p2a: Slowking|26/100
|-damage|p1a: Blaziken|56/100|[from] item: Life Orb
|move|p2a: Slowking|Sludge Bomb|p1a: Blaziken
|-damage|p1a: Blaziken|0 fnt
|faint|p1a: Blaziken
|
|upkeep
|
|t:|1743935592
|switch|p1a: Meowscarada|Meowscarada, F, shiny|64/100
|-damage|p1a: Meowscarada|39/100|[from] Spikes
|turn|20
|
|t:|1743935601
|move|p1a: Meowscarada|Sucker Punch|p2a: Slowking
|-start|p1a: Meowscarada|typechange|Dark|[from] ability: Protean
|-supereffective|p2a: Slowking
|-damage|p2a: Slowking|0 fnt
|faint|p2a: Slowking
|
|upkeep
|
|t:|1743935607
|switch|p2a: Garganacl|Garganacl, M|100/100
|turn|21
|
|t:|1743935613
|-terastallize|p2a: Garganacl|Fairy
|move|p1a: Meowscarada|Flower Trick|p2a: Garganacl
|-crit|p2a: Garganacl
|-damage|p2a: Garganacl|78/100
|move|p2a: Garganacl|Salt Cure|p1a: Meowscarada
|-damage|p1a: Meowscarada|16/100
|-start|p1a: Meowscarada|Salt Cure
|
|-heal|p2a: Garganacl|84/100|[from] item: Leftovers
|-damage|p1a: Meowscarada|4/100|[from] Salt Cure
|upkeep
|turn|22
|-message|Nchch forfeited.
|
|win|vitamin-w
|raw|Nchch's rating: 1123 &rarr; <strong>1102</strong><br />(-21 for losing)
|raw|vitamin-w's rating: 1183 &rarr; <strong>1204</strong><br />(+21 for winning)
|l|☆Nchch
|player|p1|
|l|☆vitamin-w
|player|p2|
