|j|☆Dinorex007
|j|☆Roaring_Riku
|t:|1743918786
|gametype|singles
|player|p1|Dinorex007|nate|1217
|player|p2|Roaring_Riku|steven|1325
|teamsize|p1|6
|teamsize|p2|6
|gen|9
|tier|[Gen 9] OU
|rated|
|rule|HP Percentage Mod: HP is shown in percentages
|rule|Endless Battle Clause: Forcing endless battles is banned
|rule|Species Clause: Limit one of each Pokémon
|rule|OHKO Clause: OHKO moves are banned
|rule|Evasion Items Clause: Evasion items are banned
|rule|Evasion Moves Clause: Evasion moves are banned
|rule|Sleep Moves Clause: Sleep-inducing moves are banned
|clearpoke
|poke|p1|Landorus-Therian, M|
|poke|p1|Darkrai|
|poke|p1|Ribombee, M|
|poke|p1|Gholdengo|
|poke|p1|Blaziken, M|
|poke|p1|Ogerpon-Wellspring, F|
|poke|p2|Iron Crown|
|poke|p2|Samurott-Hisui, M|
|poke|p2|Darkrai|
|poke|p2|Dragapult, F|
|poke|p2|Quaquaval, M|
|poke|p2|Iron Valiant|
|teampreview
|inactive|Battle timer is ON: inactive players will automatically lose when time's up. (requested by Roaring_Riku)
|
|t:|1743918796
|start
|switch|p1a: Blaziken|Blaziken, M|100/100
|switch|p2a: Iron Crown|Iron Crown|100/100
|turn|1
|
|t:|1743918804
|-end|p2a: Iron Crown|Quark Drive|[silent]
|switch|p2a: Samurott|Samurott-Hisui, M|100/100
|move|p1a: Blaziken|Flare Blitz|p2a: Samurott
|-resisted|p2a: Samurott
|-damage|p2a: Samurott|48/100
|-damage|p1a: Blaziken|82/100|[from] Recoil
|-damage|p1a: Blaziken|72/100|[from] item: Life Orb
|
|-ability|p1a: Blaziken|Speed Boost|boost
|-boost|p1a: Blaziken|spe|1
|upkeep
|turn|2
|
|t:|1743918813
|move|p2a: Samurott|Ceaseless Edge|p1a: Blaziken
|-resisted|p1a: Blaziken
|-damage|p1a: Blaziken|37/100
|-sidestart|p1: Dinorex007|Spikes
|move|p1a: Blaziken|Swords Dance|p1a: Blaziken
|-boost|p1a: Blaziken|atk|2
|
|-ability|p1a: Blaziken|Speed Boost|boost
|-boost|p1a: Blaziken|spe|1
|upkeep
|turn|3
|
|t:|1743918822
|move|p1a: Blaziken|Protect|p1a: Blaziken
|-singleturn|p1a: Blaziken|Protect
|move|p2a: Samurott|Ceaseless Edge|p1a: Blaziken
|-activate|p1a: Blaziken|move: Protect
|
|-ability|p1a: Blaziken|Speed Boost|boost
|-boost|p1a: Blaziken|spe|1
|upkeep
|turn|4
|
|t:|1743918830
|move|p1a: Blaziken|Close Combat|p2a: Samurott
|-supereffective|p2a: Samurott
|-crit|p2a: Samurott
|-damage|p2a: Samurott|0 fnt
|-unboost|p1a: Blaziken|def|1
|-unboost|p1a: Blaziken|spd|1
|faint|p2a: Samurott
|-damage|p1a: Blaziken|27/100|[from] item: Life Orb
|
|-ability|p1a: Blaziken|Speed Boost|boost
|-boost|p1a: Blaziken|spe|1
|upkeep
|inactive|Roaring_Riku has 120 seconds left.
|
|t:|1743918861
|switch|p2a: Darkrai|Darkrai|100/100
|turn|5
|
|t:|1743918866
|switch|p2a: Dragapult|Dragapult, F|100/100
|move|p1a: Blaziken|Close Combat|p2a: Dragapult
|-immune|p2a: Dragapult
|
|-ability|p1a: Blaziken|Speed Boost|boost
|-boost|p1a: Blaziken|spe|1
|upkeep
|turn|6
|
|t:|1743918885
|move|p1a: Blaziken|Flare Blitz|p2a: Dragapult
|-resisted|p2a: Dragapult
|-damage|p2a: Dragapult|0 fnt
|faint|p2a: Dragapult
|-damage|p1a: Blaziken|0 fnt|[from] Recoil
|faint|p1a: Blaziken
|
|upkeep
|
|t:|1743918895
|switch|p2a: Darkrai|Darkrai|100/100
|switch|p1a: Landorus|Landorus-Therian, M|100/100
|-ability|p1a: Landorus|Intimidate|boost
|-unboost|p2a: Darkrai|atk|1
|turn|7
|
|t:|1743918901
|move|p1a: Landorus|U-turn|p2a: Darkrai
|-supereffective|p2a: Darkrai
|-damage|p2a: Darkrai|27/100
|
|t:|1743918904
|switch|p1a: Ribombee|Ribombee, M|100/100|[from] U-turn
|-damage|p1a: Ribombee|88/100|[from] Spikes
|move|p2a: Darkrai|Ice Beam|p1a: Ribombee
|-damage|p1a: Ribombee|37/100
|
|upkeep
|turn|8
|
|t:|1743918913
|move|p2a: Darkrai|Sludge Bomb|p1a: Ribombee
|-supereffective|p1a: Ribombee
|-damage|p1a: Ribombee|0 fnt
|faint|p1a: Ribombee
|
|upkeep
|
|t:|1743918919
|switch|p1a: Landorus|Landorus-Therian, M|100/100
|-ability|p1a: Landorus|Intimidate|boost
|-unboost|p2a: Darkrai|atk|1
|turn|9
|
|t:|1743918923
|switch|p2a: Quaquaval|Quaquaval, M|100/100
|move|p1a: Landorus|U-turn|p2a: Quaquaval
|-resisted|p2a: Quaquaval
|-damage|p2a: Quaquaval|83/100
|
|t:|1743918928
|switch|p1a: Ogerpon|Ogerpon-Wellspring, F|100/100|[from] U-turn
|-damage|p1a: Ogerpon|88/100|[from] Spikes
|
|upkeep
|turn|10
|
|t:|1743918936
|-terastallize|p1a: Ogerpon|Water
|detailschange|p1a: Ogerpon|Ogerpon-Wellspring-Tera, F, tera:Water
|-ability|p1a: Ogerpon|Embody Aspect (Wellspring)|boost
|-boost|p1a: Ogerpon|spd|1
|-terastallize|p2a: Quaquaval|Fighting
|move|p1a: Ogerpon|Focus Energy|p1a: Ogerpon
|-start|p1a: Ogerpon|move: Focus Energy
|move|p2a: Quaquaval|Close Combat|p1a: Ogerpon
|-damage|p1a: Ogerpon|0 fnt
|-unboost|p2a: Quaquaval|def|1
|-unboost|p2a: Quaquaval|spd|1
|faint|p1a: Ogerpon
|-ability|p2a: Quaquaval|Moxie|boost
|-boost|p2a: Quaquaval|atk|1
|
|upkeep
|
|t:|1743918950
|switch|p1a: Landorus|Landorus-Therian, M|100/100
|-ability|p1a: Landorus|Intimidate|boost
|-unboost|p2a: Quaquaval|atk|1
|turn|11
|
|t:|1743918955
|move|p1a: Landorus|Earthquake|p2a: Quaquaval
|-damage|p2a: Quaquaval|0 fnt
|faint|p2a: Quaquaval
|
|upkeep
|
|t:|1743918958
|switch|p2a: Iron Valiant|Iron Valiant|100/100
|-enditem|p2a: Iron Valiant|Booster Energy
|-activate|p2a: Iron Valiant|ability: Quark Drive|[fromitem]
|-start|p2a: Iron Valiant|quarkdrivespe
|turn|12
|
|t:|1743918965
|switch|p1a: Gholdengo|Gholdengo|100/100
|-item|p1a: Gholdengo|Air Balloon
|move|p2a: Iron Valiant|Moonblast|p1a: Gholdengo
|-resisted|p1a: Gholdengo
|-damage|p1a: Gholdengo|79/100
|-enditem|p1a: Gholdengo|Air Balloon
|
|upkeep
|turn|13
|
|t:|1743918973
|move|p2a: Iron Valiant|Knock Off|p1a: Gholdengo
|-supereffective|p1a: Gholdengo
|-damage|p1a: Gholdengo|23/100
|move|p1a: Gholdengo|Make It Rain|p2a: Iron Valiant
|-supereffective|p2a: Iron Valiant
|-damage|p2a: Iron Valiant|0 fnt
|-unboost|p1a: Gholdengo|spa|1
|faint|p2a: Iron Valiant
|-end|p2a: Iron Valiant|Quark Drive|[silent]
|
|upkeep
|
|t:|1743918978
|switch|p2a: Iron Crown|Iron Crown|100/100
|turn|14
|
|t:|1743918986
|move|p2a: Iron Crown|Tachyon Cutter|p1a: Gholdengo
|-resisted|p1a: Gholdengo
|-damage|p1a: Gholdengo|3/100
|-resisted|p1a: Gholdengo
|-damage|p1a: Gholdengo|0 fnt
|faint|p1a: Gholdengo
|-hitcount|p1: Gholdengo|2
|
|upkeep
|
|t:|1743918993
|switch|p1a: Landorus|Landorus-Therian, M|100/100
|-ability|p1a: Landorus|Intimidate|boost
|-unboost|p2a: Iron Crown|atk|1
|turn|15
|
|t:|1743918997
|move|p1a: Landorus|Earthquake|p2a: Iron Crown
|-supereffective|p2a: Iron Crown
|-damage|p2a: Iron Crown|0 fnt
|faint|p2a: Iron Crown
|-end|p2a: Iron Crown|Quark Drive|[silent]
|
|upkeep
|
|t:|1743918998
|switch|p2a: Darkrai|Darkrai|27/100
|turn|16
|-message|Roaring_Riku forfeited.
|
|win|Dinorex007
|raw|Dinorex007's rating: 1217 &rarr; <strong>1250</strong><br />(+33 for winning)
|raw|Roaring_Riku's rating: 1325 &rarr; <strong>1299</strong><br />(-26 for losing)
|l|☆Roaring_Riku
|player|p2|
|l|☆Dinorex007
|player|p1|
