|j|☆nobody2712
|j|☆ChilemRaen
|t:|1743924543
|gametype|singles
|player|p1|nobody2712|elesa|1175
|player|p2|ChilemRaen|170|1175
|teamsize|p1|6
|teamsize|p2|6
|gen|9
|tier|[Gen 9] OU
|rated|
|rule|HP Percentage Mod: HP is shown in percentages
|rule|Endless Battle Clause: Forcing endless battles is banned
|rule|Species Clause: Limit one of each Pokémon
|rule|OHKO Clause: OHKO moves are banned
|rule|Evasion Items Clause: Evasion items are banned
|rule|Evasion Moves Clause: Evasion moves are banned
|rule|Sleep Moves Clause: Sleep-inducing moves are banned
|clearpoke
|poke|p1|Kingambit, M|
|poke|p1|Great Tusk|
|poke|p1|Dragapult, M|
|poke|p1|Primarina, F|
|poke|p1|Iron Valiant|
|poke|p1|Gholdengo|
|poke|p2|Decidueye, M|
|poke|p2|Dragapult, M|
|poke|p2|Dragonite, M|
|poke|p2|Iron Valiant|
|poke|p2|Landorus-Therian, M|
|poke|p2|Kingambit, M|
|teampreview
|inactive|Battle timer is ON: inactive players will automatically lose when time's up. (requested by nobody2712)
|
|t:|1743924558
|start
|switch|p1a: Iron Valiant|Iron Valiant|100/100
|switch|p2a: Landorus|Landorus-Therian, M|100/100
|-ability|p2a: Landorus|Intimidate|boost
|-unboost|p1a: Iron Valiant|atk|1
|turn|1
|
|t:|1743924565
|move|p1a: Iron Valiant|Swords Dance|p1a: Iron Valiant
|-boost|p1a: Iron Valiant|atk|2
|move|p2a: Landorus|Stealth Rock|p1a: Iron Valiant
|-sidestart|p1: nobody2712|move: Stealth Rock
|
|upkeep
|turn|2
|
|t:|1743924571
|move|p1a: Iron Valiant|Swords Dance|p1a: Iron Valiant
|-boost|p1a: Iron Valiant|atk|2
|move|p2a: Landorus|Earthquake|p1a: Iron Valiant
|-crit|p1a: Iron Valiant
|-damage|p1a: Iron Valiant|0 fnt
|faint|p1a: Iron Valiant
|-end|p1a: Iron Valiant|Quark Drive|[silent]
|
|upkeep
|
|t:|1743924583
|switch|p1a: Dragapult|Dragapult, M, shiny|100/100
|turn|3
|
|t:|1743924589
|move|p1a: Dragapult|Dragon Darts|p2a: Landorus
|-damage|p2a: Landorus|77/100
|-anim|p1a: Dragapult|Dragon Darts|p2a: Landorus
|-damage|p2a: Landorus|55/100
|move|p2a: Landorus|Earthquake|p1a: Dragapult
|-damage|p1a: Dragapult|20/100
|
|upkeep
|turn|4
|
|t:|1743924597
|switch|p1a: Great Tusk|Great Tusk|100/100
|-damage|p1a: Great Tusk|98/100|[from] Stealth Rock
|move|p2a: Landorus|Earthquake|p1a: Great Tusk
|-damage|p1a: Great Tusk|61/100
|
|upkeep
|turn|5
|
|t:|1743924607
|move|p2a: Landorus|U-turn|p1a: Great Tusk
|-resisted|p1a: Great Tusk
|-damage|p1a: Great Tusk|51/100
|
|t:|1743924610
|switch|p2a: Dragapult|Dragapult, M|100/100|[from] U-turn
|move|p1a: Great Tusk|Rapid Spin|p2a: Dragapult
|-immune|p2a: Dragapult
|
|upkeep
|turn|6
|
|t:|1743924622
|move|p2a: Dragapult|Dragon Darts|p1a: Great Tusk
|-crit|p1a: Great Tusk
|-damage|p1a: Great Tusk|16/100
|-anim|p2a: Dragapult|Dragon Darts|p1a: Great Tusk
|-damage|p1a: Great Tusk|0 fnt
|faint|p1a: Great Tusk
|-end|p1a: Great Tusk|Protosynthesis|[silent]
|
|upkeep
|
|t:|1743924628
|switch|p1a: Dragapult|Dragapult, M, shiny|20/100
|turn|7
|
|t:|1743924632
|switch|p2a: Landorus|Landorus-Therian, M|55/100
|-ability|p2a: Landorus|Intimidate|boost
|-unboost|p1a: Dragapult|atk|1
|move|p1a: Dragapult|Sucker Punch||[still]
|-fail|p1a: Dragapult
|
|upkeep
|turn|8
|
|t:|1743924643
|move|p1a: Dragapult|U-turn|p2a: Landorus
|-resisted|p2a: Landorus
|-damage|p2a: Landorus|48/100
|-damage|p1a: Dragapult|4/100|[from] item: Rocky Helmet|[of] p2a: Landorus
|
|t:|1743924647
|switch|p1a: Primarina|Primarina, F|100/100|[from] U-turn
|-damage|p1a: Primarina|88/100|[from] Stealth Rock
|move|p2a: Landorus|Earthquake|p1a: Primarina
|-damage|p1a: Primarina|16/100
|
|-heal|p1a: Primarina|22/100|[from] item: Leftovers
|upkeep
|turn|9
|
|t:|1743924654
|move|p2a: Landorus|Earthquake|p1a: Primarina
|-damage|p1a: Primarina|0 fnt
|faint|p1a: Primarina
|
|upkeep
|
|t:|1743924658
|switch|p1a: Dragapult|Dragapult, M, shiny|4/100
|turn|10
|
|t:|1743924665
|move|p1a: Dragapult|Dragon Darts|p2a: Landorus
|-damage|p2a: Landorus|23/100
|-anim|p1a: Dragapult|Dragon Darts|p2a: Landorus
|-damage|p2a: Landorus|1/100
|move|p2a: Landorus|Earthquake|p1a: Dragapult
|-damage|p1a: Dragapult|0 fnt
|faint|p1a: Dragapult
|
|upkeep
|
|t:|1743924674
|switch|p1a: Gholdengo|Gholdengo|100/100
|-damage|p1a: Gholdengo|94/100|[from] Stealth Rock
|turn|11
|
|t:|1743924682
|move|p1a: Gholdengo|Shadow Ball|p2a: Landorus
|-damage|p2a: Landorus|0 fnt
|faint|p2a: Landorus
|
|upkeep
|
|t:|1743924686
|switch|p2a: Decidueye|Decidueye, M|100/100
|turn|12
|
|t:|1743924693
|move|p1a: Gholdengo|Shadow Ball|p2a: Decidueye
|-supereffective|p2a: Decidueye
|-damage|p2a: Decidueye|45/100
|move|p2a: Decidueye|Knock Off|p1a: Gholdengo
|-supereffective|p1a: Gholdengo
|-damage|p1a: Gholdengo|37/100
|-enditem|p1a: Gholdengo|Custap Berry|[from] move: Knock Off|[of] p2a: Decidueye
|
|-heal|p2a: Decidueye|51/100|[from] item: Leftovers
|upkeep
|turn|13
|
|t:|1743924702
|move|p1a: Gholdengo|Shadow Ball|p2a: Decidueye
|-supereffective|p2a: Decidueye
|-damage|p2a: Decidueye|0 fnt
|faint|p2a: Decidueye
|
|upkeep
|
|t:|1743924710
|switch|p2a: Dragonite|Dragonite, M|100/100
|turn|14
|
|t:|1743924715
|move|p1a: Gholdengo|Flash Cannon|p2a: Dragonite
|-damage|p2a: Dragonite|80/100
|move|p2a: Dragonite|Earthquake|p1a: Gholdengo
|-supereffective|p1a: Gholdengo
|-damage|p1a: Gholdengo|0 fnt
|faint|p1a: Gholdengo
|
|upkeep
|
|t:|1743924719
|switch|p1a: Kingambit|Kingambit, M|100/100
|-damage|p1a: Kingambit|94/100|[from] Stealth Rock
|-activate|p1a: Kingambit|ability: Supreme Overlord
|-start|p1a: Kingambit|fallen5|[silent]
|turn|15
|
|t:|1743924724
|-terastallize|p1a: Kingambit|Ghost
|move|p2a: Dragonite|Dragon Dance|p2a: Dragonite
|-boost|p2a: Dragonite|atk|1
|-boost|p2a: Dragonite|spe|1
|move|p1a: Kingambit|Swords Dance|p1a: Kingambit
|-boost|p1a: Kingambit|atk|2
|
|-heal|p1a: Kingambit|100/100|[from] item: Leftovers
|upkeep
|turn|16
|
|t:|1743924733
|move|p2a: Dragonite|Roost|p2a: Dragonite
|-heal|p2a: Dragonite|100/100
|-singleturn|p2a: Dragonite|move: Roost
|move|p1a: Kingambit|Swords Dance|p1a: Kingambit
|-boost|p1a: Kingambit|atk|2
|
|upkeep
|turn|17
|
|t:|1743924736
|move|p2a: Dragonite|Earthquake|p1a: Kingambit
|-damage|p1a: Kingambit|61/100
|move|p1a: Kingambit|Swords Dance|p1a: Kingambit
|-boost|p1a: Kingambit|atk|2
|
|-heal|p1a: Kingambit|67/100|[from] item: Leftovers
|upkeep
|turn|18
|
|t:|1743924742
|move|p1a: Kingambit|Sucker Punch|p2a: Dragonite
|-damage|p2a: Dragonite|0 fnt
|faint|p2a: Dragonite
|
|-heal|p1a: Kingambit|73/100|[from] item: Leftovers
|upkeep
|
|t:|1743924744
|switch|p2a: Iron Valiant|Iron Valiant|100/100
|-enditem|p2a: Iron Valiant|Booster Energy
|-activate|p2a: Iron Valiant|ability: Quark Drive|[fromitem]
|-start|p2a: Iron Valiant|quarkdrivespe
|turn|19
|inactive|nobody2712 has 120 seconds left.
|
|t:|1743924804
|move|p2a: Iron Valiant|Calm Mind|p2a: Iron Valiant
|-boost|p2a: Iron Valiant|spa|1
|-boost|p2a: Iron Valiant|spd|1
|move|p1a: Kingambit|Iron Head|p2a: Iron Valiant
|-supereffective|p2a: Iron Valiant
|-damage|p2a: Iron Valiant|0 fnt
|faint|p2a: Iron Valiant
|-end|p2a: Iron Valiant|Quark Drive|[silent]
|
|-heal|p1a: Kingambit|80/100|[from] item: Leftovers
|upkeep
|c|☆ChilemRaen|Gg
|-message|ChilemRaen forfeited.
|
|win|nobody2712
|raw|nobody2712's rating: 1175 &rarr; <strong>1200</strong><br />(+25 for winning)
|raw|ChilemRaen's rating: 1175 &rarr; <strong>1150</strong><br />(-25 for losing)
|l|☆ChilemRaen
|player|p2|
|c|☆nobody2712|gg
|l|☆nobody2712
|player|p1|
