|badge|p2|silver|gen9ou|30-5
|uhtml|medal-msg|<div class="broadcast-blue">Curious what those medals under the avatar are? PS now has Ladder Seasons! For more information, check out the <a href="https://www.smogon.com/forums/threads/3740067/">thread on Smogon.</a></div>
|j|☆Diopside Davis
|j|☆Trainer #39
|t:|1743930910
|gametype|singles
|player|p1|Diopside Davis|169|1713
|player|p2|Trainer #39|pokemonbreeder|1943
|teamsize|p1|6
|teamsize|p2|6
|gen|9
|tier|[Gen 9] OU
|rated|
|rule|HP Percentage Mod: HP is shown in percentages
|rule|Endless Battle Clause: Forcing endless battles is banned
|rule|Species Clause: Limit one of each Pokémon
|rule|OHKO Clause: OHKO moves are banned
|rule|Evasion Items Clause: Evasion items are banned
|rule|Evasion Moves Clause: Evasion moves are banned
|rule|Sleep Moves Clause: Sleep-inducing moves are banned
|clearpoke
|poke|p1|Dragapult, F|
|poke|p1|Meowscarada, F|
|poke|p1|Zamazenta-*|
|poke|p1|Great Tusk|
|poke|p1|Slowking-Galar, F|
|poke|p1|Iron Crown|
|poke|p2|Blissey, F|
|poke|p2|Corviknight, F|
|poke|p2|Dondozo, M|
|poke|p2|Gliscor, M|
|poke|p2|Clefable, M|
|poke|p2|Slowking-Galar, M|
|teampreview
|inactive|Battle timer is ON: inactive players will automatically lose when time's up. (requested by Diopside Davis)
|
|t:|1743930925
|start
|switch|p1a: Meowscarada|Meowscarada, F, shiny|100/100
|switch|p2a: 🇮🇱=ter*orists|Gliscor, M|100/100
|turn|1
|
|t:|1743930934
|move|p2a: 🇮🇱=ter*orists|Protect|p2a: 🇮🇱=ter*orists
|-singleturn|p2a: 🇮🇱=ter*orists|Protect
|move|p1a: Meowscarada|Triple Axel|p2a: 🇮🇱=ter*orists
|-start|p1a: Meowscarada|typechange|Ice|[from] ability: Protean
|-activate|p2a: 🇮🇱=ter*orists|move: Protect
|
|-status|p2a: 🇮🇱=ter*orists|tox|[from] item: Toxic Orb
|upkeep
|turn|2
|c|☆Diopside Davis|love it
|
|t:|1743930946
|switch|p1a: Slowking|Slowking-Galar, F|100/100
|switch|p2a: BIRDS OF A FEATHER|Corviknight, F|100/100
|-ability|p2a: BIRDS OF A FEATHER|Pressure
|
|upkeep
|turn|3
|
|t:|1743930949
|move|p2a: BIRDS OF A FEATHER|U-turn|p1a: Slowking
|-damage|p1a: Slowking|85/100
|
|t:|1743930951
|switch|p2a: Kanye|Slowking-Galar, M|100/100|[from] U-turn
|move|p1a: Slowking|Future Sight|p2a: Kanye
|-start|p1a: Slowking|move: Future Sight
|
|upkeep
|turn|4
|
|t:|1743930954
|move|p2a: Kanye|Thunder Wave|p1a: Slowking
|-status|p1a: Slowking|par
|move|p1a: Slowking|Thunder Wave|p2a: Kanye|[miss]
|-miss|p1a: Slowking|p2a: Kanye
|
|upkeep
|turn|5
|
|t:|1743930960
|switch|p2a: brat|Blissey, F|100/100
|-prepare|p1a: Slowking|Chilly Reception|[premajor]
|cant|p1a: Slowking|par
|
|-end|p2a: brat|move: Future Sight
|-damage|p2a: brat|84/100
|upkeep
|turn|6
|c|☆Diopside Davis|awesome start lol
|
|t:|1743930978
|move|p2a: brat|Stealth Rock|p1a: Slowking
|-sidestart|p1: Diopside Davis|move: Stealth Rock
|move|p1a: Slowking|Future Sight|p2a: brat
|-start|p1a: Slowking|move: Future Sight
|
|upkeep
|turn|7
|
|t:|1743930997
|switch|p2a: 🇮🇱=ter*orists|Gliscor, M|100/100 tox
|-prepare|p1a: Slowking|Chilly Reception|[premajor]
|move|p1a: Slowking|Chilly Reception|p1a: Slowking
|-weather|Snowscape
|
|t:|1743931002
|switch|p1a: Great Tusk|Great Tusk|100/100|[from] Chilly Reception
|
|-weather|Snowscape|[upkeep]
|upkeep
|turn|8
|
|t:|1743931006
|switch|p2a: BIRDS OF A FEATHER|Corviknight, F|100/100
|-ability|p2a: BIRDS OF A FEATHER|Pressure
|move|p1a: Great Tusk|Stealth Rock|p2a: BIRDS OF A FEATHER
|-sidestart|p2: Trainer #39|move: Stealth Rock
|
|-weather|Snowscape|[upkeep]
|-end|p2a: BIRDS OF A FEATHER|move: Future Sight
|-resisted|p2a: BIRDS OF A FEATHER
|-damage|p2a: BIRDS OF A FEATHER|77/100
|upkeep
|turn|9
|
|t:|1743931013
|move|p1a: Great Tusk|Rapid Spin|p2a: BIRDS OF A FEATHER
|-resisted|p2a: BIRDS OF A FEATHER
|-damage|p2a: BIRDS OF A FEATHER|72/100
|-boost|p1a: Great Tusk|spe|1
|-damage|p1a: Great Tusk|84/100|[from] item: Rocky Helmet|[of] p2a: BIRDS OF A FEATHER
|-sideend|p1: Diopside Davis|Stealth Rock|[from] move: Rapid Spin|[of] p1a: Great Tusk
|move|p2a: BIRDS OF A FEATHER|Defog|p1a: Great Tusk
|-unboost|p1a: Great Tusk|evasion|1
|-sideend|p2: Trainer #39|Stealth Rock|[from] move: Defog|[of] p2a: BIRDS OF A FEATHER
|
|-weather|Snowscape|[upkeep]
|upkeep
|turn|10
|
|t:|1743931018
|-end|p1a: Great Tusk|Protosynthesis|[silent]
|switch|p1a: Slowking|Slowking-Galar, F|100/100 par
|move|p2a: BIRDS OF A FEATHER|Brave Bird|p1a: Slowking
|-damage|p1a: Slowking|63/100 par
|-damage|p2a: BIRDS OF A FEATHER|60/100|[from] Recoil
|
|-weather|Snowscape|[upkeep]
|upkeep
|turn|11
|
|t:|1743931022
|move|p2a: BIRDS OF A FEATHER|U-turn|p1a: Slowking
|-damage|p1a: Slowking|48/100 par
|
|t:|1743931024
|switch|p2a: brat|Blissey, F|84/100|[from] U-turn
|move|p1a: Slowking|Thunder Wave|p2a: brat
|-status|p2a: brat|par
|
|-weather|none
|upkeep
|turn|12
|
|t:|1743931027
|-curestatus|p2a: brat|par|[from] ability: Natural Cure
|switch|p2a: 🇮🇱=ter*orists|Gliscor, M|100/100 tox
|-prepare|p1a: Slowking|Chilly Reception|[premajor]
|move|p1a: Slowking|Chilly Reception|p1a: Slowking
|-weather|Snowscape
|
|t:|1743931037
|switch|p1a: Meowscarada|Meowscarada, F, shiny|100/100|[from] Chilly Reception
|
|-weather|Snowscape|[upkeep]
|upkeep
|turn|13
|
|t:|1743931045
|move|p2a: 🇮🇱=ter*orists|Protect|p2a: 🇮🇱=ter*orists
|-singleturn|p2a: 🇮🇱=ter*orists|Protect
|move|p1a: Meowscarada|Triple Axel|p2a: 🇮🇱=ter*orists
|-start|p1a: Meowscarada|typechange|Ice|[from] ability: Protean
|-activate|p2a: 🇮🇱=ter*orists|move: Protect
|
|-weather|Snowscape|[upkeep]
|upkeep
|turn|14
|
|t:|1743931052
|switch|p1a: Slowking|Slowking-Galar, F|82/100 par
|switch|p2a: BIRDS OF A FEATHER|Corviknight, F|60/100
|-ability|p2a: BIRDS OF A FEATHER|Pressure
|
|-weather|Snowscape|[upkeep]
|upkeep
|turn|15
|
|t:|1743931055
|move|p2a: BIRDS OF A FEATHER|U-turn|p1a: Slowking
|-damage|p1a: Slowking|65/100 par
|
|t:|1743931057
|switch|p2a: brat|Blissey, F|84/100|[from] U-turn
|-prepare|p1a: Slowking|Chilly Reception|[premajor]
|move|p1a: Slowking|Chilly Reception|p1a: Slowking
|
|t:|1743931065
|switch|p1a: Dragapult|Dragapult, F|100/100|[from] Chilly Reception
|
|-weather|Snowscape|[upkeep]
|upkeep
|turn|16
|j| AKARANATA
|
|t:|1743931079
|switch|p2a: Charli xcx|Clefable, M|100/100
|-terastallize|p1a: Dragapult|Ghost
|move|p1a: Dragapult|Tera Blast|p2a: Charli xcx|[anim] Tera Blast Ghost
|-crit|p2a: Charli xcx
|-damage|p2a: Charli xcx|0 fnt
|faint|p2a: Charli xcx
|
|-weather|none
|upkeep
|
|t:|1743931082
|switch|p2a: brat|Blissey, F|84/100
|turn|17
|
|t:|1743931089
|switch|p1a: Slowking|Slowking-Galar, F|99/100 par
|move|p2a: brat|Stealth Rock|p1a: Slowking
|-sidestart|p1: Diopside Davis|move: Stealth Rock
|
|upkeep
|turn|18
|
|t:|1743931093
|switch|p2a: 🇮🇱=ter*orists|Gliscor, M|100/100 tox
|move|p1a: Slowking|Future Sight|p2a: 🇮🇱=ter*orists
|-start|p1a: Slowking|move: Future Sight
|
|upkeep
|turn|19
|
|t:|1743931097
|move|p2a: 🇮🇱=ter*orists|Substitute|p2a: 🇮🇱=ter*orists
|-start|p2a: 🇮🇱=ter*orists|Substitute
|-damage|p2a: 🇮🇱=ter*orists|76/100 tox
|-prepare|p1a: Slowking|Chilly Reception|[premajor]
|move|p1a: Slowking|Chilly Reception|p1a: Slowking
|-weather|Snowscape
|
|t:|1743931100
|switch|p1a: Meowscarada|Meowscarada, F, shiny|100/100|[from] Chilly Reception
|-damage|p1a: Meowscarada|88/100|[from] Stealth Rock
|
|-weather|Snowscape|[upkeep]
|-heal|p2a: 🇮🇱=ter*orists|88/100 tox|[from] ability: Poison Heal
|upkeep
|turn|20
|
|t:|1743931102
|move|p2a: 🇮🇱=ter*orists|Protect|p2a: 🇮🇱=ter*orists
|-singleturn|p2a: 🇮🇱=ter*orists|Protect
|move|p1a: Meowscarada|Triple Axel|p2a: 🇮🇱=ter*orists
|-start|p1a: Meowscarada|typechange|Ice|[from] ability: Protean
|-activate|p2a: 🇮🇱=ter*orists|move: Protect
|
|-weather|Snowscape|[upkeep]
|-end|p2a: 🇮🇱=ter*orists|move: Future Sight
|-crit|p2a: 🇮🇱=ter*orists
|-end|p2a: 🇮🇱=ter*orists|Substitute
|-heal|p2a: 🇮🇱=ter*orists|100/100 tox|[from] ability: Poison Heal
|upkeep
|turn|21
|
|t:|1743931106
|switch|p2a: BIRDS OF A FEATHER|Corviknight, F|60/100
|-ability|p2a: BIRDS OF A FEATHER|Pressure
|move|p1a: Meowscarada|Triple Axel|p2a: BIRDS OF A FEATHER
|-damage|p2a: BIRDS OF A FEATHER|54/100
|-damage|p1a: Meowscarada|72/100|[from] item: Rocky Helmet|[of] p2a: BIRDS OF A FEATHER
|-damage|p2a: BIRDS OF A FEATHER|43/100
|-damage|p1a: Meowscarada|55/100|[from] item: Rocky Helmet|[of] p2a: BIRDS OF A FEATHER
|-damage|p2a: BIRDS OF A FEATHER|26/100
|-damage|p1a: Meowscarada|39/100|[from] item: Rocky Helmet|[of] p2a: BIRDS OF A FEATHER
|-hitcount|p2a: BIRDS OF A FEATHER|3
|
|-weather|Snowscape|[upkeep]
|upkeep
|turn|22
|
|t:|1743931111
|switch|p2a: 808 and curses|Dondozo, M|100/100
|move|p1a: Meowscarada|Triple Axel|p2a: 808 and curses
|-resisted|p2a: 808 and curses
|-damage|p2a: 808 and curses|99/100
|-resisted|p2a: 808 and curses
|-damage|p2a: 808 and curses|95/100
|-resisted|p2a: 808 and curses
|-damage|p2a: 808 and curses|88/100
|-hitcount|p2a: 808 and curses|3
|
|-weather|Snowscape|[upkeep]
|-heal|p2a: 808 and curses|94/100|[from] item: Leftovers
|upkeep
|turn|23
|
|t:|1743931117
|switch|p1a: Slowking|Slowking-Galar, F|100/100 par
|switch|p2a: BIRDS OF A FEATHER|Corviknight, F|26/100
|-ability|p2a: BIRDS OF A FEATHER|Pressure
|
|-weather|none
|upkeep
|turn|24
|
|t:|1743931119
|move|p2a: BIRDS OF A FEATHER|Roost|p2a: BIRDS OF A FEATHER
|-heal|p2a: BIRDS OF A FEATHER|76/100
|-singleturn|p2a: BIRDS OF A FEATHER|move: Roost
|move|p1a: Slowking|Thunder Wave|p2a: BIRDS OF A FEATHER
|-status|p2a: BIRDS OF A FEATHER|par
|
|upkeep
|turn|25
|
|t:|1743931125
|switch|p2a: 🇮🇱=ter*orists|Gliscor, M|100/100 tox
|move|p1a: Slowking|Future Sight|p2a: 🇮🇱=ter*orists
|-start|p1a: Slowking|move: Future Sight
|
|upkeep
|turn|26
|
|t:|1743931128
|move|p2a: 🇮🇱=ter*orists|Substitute|p2a: 🇮🇱=ter*orists
|-start|p2a: 🇮🇱=ter*orists|Substitute
|-damage|p2a: 🇮🇱=ter*orists|76/100 tox
|-prepare|p1a: Slowking|Chilly Reception|[premajor]
|cant|p1a: Slowking|par
|
|-heal|p2a: 🇮🇱=ter*orists|88/100 tox|[from] ability: Poison Heal
|upkeep
|turn|27
|
|t:|1743931131
|switch|p1a: Great Tusk|Great Tusk|84/100
|move|p2a: 🇮🇱=ter*orists|Earthquake|p1a: Great Tusk
|-damage|p1a: Great Tusk|62/100
|
|-end|p2a: 🇮🇱=ter*orists|move: Future Sight
|-end|p2a: 🇮🇱=ter*orists|Substitute
|-heal|p2a: 🇮🇱=ter*orists|100/100 tox|[from] ability: Poison Heal
|upkeep
|turn|28
|
|t:|1743931134
|move|p1a: Great Tusk|Ice Spinner|p2a: 🇮🇱=ter*orists
|-supereffective|p2a: 🇮🇱=ter*orists
|-damage|p2a: 🇮🇱=ter*orists|34/100 tox
|move|p2a: 🇮🇱=ter*orists|Toxic|p1a: Great Tusk
|-status|p1a: Great Tusk|tox
|
|-damage|p1a: Great Tusk|56/100 tox|[from] psn
|-heal|p2a: 🇮🇱=ter*orists|46/100 tox|[from] ability: Poison Heal
|upkeep
|turn|29
|
|t:|1743931140
|switch|p2a: BIRDS OF A FEATHER|Corviknight, F|76/100 par
|-ability|p2a: BIRDS OF A FEATHER|Pressure
|move|p1a: Great Tusk|Stealth Rock|p2a: BIRDS OF A FEATHER
|-sidestart|p2: Trainer #39|move: Stealth Rock
|
|-damage|p1a: Great Tusk|43/100 tox|[from] psn
|upkeep
|turn|30
|
|t:|1743931142
|-end|p1a: Great Tusk|Protosynthesis|[silent]
|switch|p1a: Slowking|Slowking-Galar, F|100/100 par
|cant|p2a: BIRDS OF A FEATHER|par
|
|upkeep
|turn|31
|
|t:|1743931145
|cant|p2a: BIRDS OF A FEATHER|par
|move|p1a: Slowking|Future Sight|p2a: BIRDS OF A FEATHER
|-start|p1a: Slowking|move: Future Sight
|
|upkeep
|turn|32
|j| Miai64
|
|t:|1743931152
|move|p2a: BIRDS OF A FEATHER|Defog|p1a: Slowking
|-unboost|p1a: Slowking|evasion|1
|-sideend|p1: Diopside Davis|Stealth Rock|[from] move: Defog|[of] p2a: BIRDS OF A FEATHER
|-sideend|p2: Trainer #39|Stealth Rock|[from] move: Defog|[of] p2a: BIRDS OF A FEATHER
|-prepare|p1a: Slowking|Chilly Reception|[premajor]
|move|p1a: Slowking|Chilly Reception|p1a: Slowking
|-weather|Snowscape
|
|t:|1743931155
|switch|p1a: Iron Crown|Iron Crown|100/100|[from] Chilly Reception
|
|-weather|Snowscape|[upkeep]
|upkeep
|turn|33
|
|t:|1743931158
|switch|p2a: Kanye|Slowking-Galar, M|100/100
|move|p1a: Iron Crown|Psyshock|p2a: Kanye
|-damage|p2a: Kanye|28/100
|
|-weather|Snowscape|[upkeep]
|-end|p2a: Kanye|move: Future Sight
|-damage|p2a: Kanye|0 fnt
|faint|p2a: Kanye
|upkeep
|
|t:|1743931162
|switch|p2a: 🇮🇱=ter*orists|Gliscor, M|46/100 tox
|turn|34
|
|t:|1743931166
|move|p1a: Iron Crown|Psyshock|p2a: 🇮🇱=ter*orists
|-damage|p2a: 🇮🇱=ter*orists|6/100 tox
|move|p2a: 🇮🇱=ter*orists|Earthquake|p1a: Iron Crown
|-supereffective|p1a: Iron Crown
|-damage|p1a: Iron Crown|37/100
|
|-weather|Snowscape|[upkeep]
|-heal|p2a: 🇮🇱=ter*orists|18/100 tox|[from] ability: Poison Heal
|upkeep
|turn|35
|
|t:|1743931169
|move|p2a: 🇮🇱=ter*orists|Protect|p2a: 🇮🇱=ter*orists
|-singleturn|p2a: 🇮🇱=ter*orists|Protect
|move|p1a: Iron Crown|Psyshock|p2a: 🇮🇱=ter*orists
|-activate|p2a: 🇮🇱=ter*orists|move: Protect
|
|-weather|Snowscape|[upkeep]
|-heal|p2a: 🇮🇱=ter*orists|30/100 tox|[from] ability: Poison Heal
|upkeep
|turn|36
|
|t:|1743931171
|switch|p2a: BIRDS OF A FEATHER|Corviknight, F|76/100 par
|-ability|p2a: BIRDS OF A FEATHER|Pressure
|move|p1a: Iron Crown|Psyshock|p2a: BIRDS OF A FEATHER
|-resisted|p2a: BIRDS OF A FEATHER
|-crit|p2a: BIRDS OF A FEATHER
|-damage|p2a: BIRDS OF A FEATHER|49/100 par
|
|-weather|none
|upkeep
|turn|37
|j| Undenuen
|
|t:|1743931181
|-end|p1a: Iron Crown|Quark Drive|[silent]
|switch|p1a: Slowking|Slowking-Galar, F|100/100 par
|move|p2a: BIRDS OF A FEATHER|Roost|p2a: BIRDS OF A FEATHER
|-heal|p2a: BIRDS OF A FEATHER|99/100 par
|-singleturn|p2a: BIRDS OF A FEATHER|move: Roost
|
|upkeep
|turn|38
|
|t:|1743931183
|move|p2a: BIRDS OF A FEATHER|U-turn|p1a: Slowking
|-damage|p1a: Slowking|86/100 par
|
|t:|1743931185
|switch|p2a: 🇮🇱=ter*orists|Gliscor, M|30/100 tox|[from] U-turn
|cant|p1a: Slowking|par
|
|-heal|p2a: 🇮🇱=ter*orists|43/100 tox|[from] ability: Poison Heal
|upkeep
|turn|39
|
|t:|1743931193
|move|p2a: 🇮🇱=ter*orists|Substitute|p2a: 🇮🇱=ter*orists
|-start|p2a: 🇮🇱=ter*orists|Substitute
|-damage|p2a: 🇮🇱=ter*orists|18/100 tox
|-prepare|p1a: Slowking|Chilly Reception|[premajor]
|move|p1a: Slowking|Chilly Reception|p1a: Slowking
|-weather|Snowscape
|
|t:|1743931195
|switch|p1a: Meowscarada|Meowscarada, F, shiny|39/100|[from] Chilly Reception
|
|-weather|Snowscape|[upkeep]
|-heal|p2a: 🇮🇱=ter*orists|30/100 tox|[from] ability: Poison Heal
|upkeep
|turn|40
|
|t:|1743931197
|move|p2a: 🇮🇱=ter*orists|Protect|p2a: 🇮🇱=ter*orists
|-singleturn|p2a: 🇮🇱=ter*orists|Protect
|move|p1a: Meowscarada|Triple Axel|p2a: 🇮🇱=ter*orists
|-start|p1a: Meowscarada|typechange|Ice|[from] ability: Protean
|-activate|p2a: 🇮🇱=ter*orists|move: Protect
|
|-weather|Snowscape|[upkeep]
|-heal|p2a: 🇮🇱=ter*orists|43/100 tox|[from] ability: Poison Heal
|upkeep
|turn|41
|
|t:|1743931203
|switch|p2a: BIRDS OF A FEATHER|Corviknight, F|99/100 par
|-ability|p2a: BIRDS OF A FEATHER|Pressure
|move|p1a: Meowscarada|Triple Axel|p2a: BIRDS OF A FEATHER
|-damage|p2a: BIRDS OF A FEATHER|93/100 par
|-damage|p1a: Meowscarada|23/100|[from] item: Rocky Helmet|[of] p2a: BIRDS OF A FEATHER
|-damage|p2a: BIRDS OF A FEATHER|81/100 par
|-damage|p1a: Meowscarada|6/100|[from] item: Rocky Helmet|[of] p2a: BIRDS OF A FEATHER
|-damage|p2a: BIRDS OF A FEATHER|63/100 par
|-damage|p1a: Meowscarada|0 fnt|[from] item: Rocky Helmet|[of] p2a: BIRDS OF A FEATHER
|faint|p1a: Meowscarada
|-hitcount|p2a: BIRDS OF A FEATHER|3
|
|-weather|Snowscape|[upkeep]
|upkeep
|
|t:|1743931211
|switch|p1a: Dragapult|Dragapult, F, tera:Ghost|100/100
|turn|42
|
|t:|1743931214
|switch|p2a: 808 and curses|Dondozo, M|94/100
|move|p1a: Dragapult|Tera Blast|p2a: 808 and curses|[anim] Tera Blast Ghost
|-damage|p2a: 808 and curses|61/100
|
|-weather|Snowscape|[upkeep]
|-heal|p2a: 808 and curses|67/100|[from] item: Leftovers
|upkeep
|turn|43
|
|t:|1743931224
|move|p1a: Dragapult|Tera Blast|p2a: 808 and curses|[anim] Tera Blast Ghost
|-damage|p2a: 808 and curses|35/100
|move|p2a: 808 and curses|Waterfall|p1a: Dragapult
|-damage|p1a: Dragapult|58/100
|
|-weather|none
|-heal|p2a: 808 and curses|41/100|[from] item: Leftovers
|upkeep
|turn|44
|
|t:|1743931235
|switch|p1a: Slowking|Slowking-Galar, F|100/100 par
|move|p2a: 808 and curses|Rest|p2a: 808 and curses
|-status|p2a: 808 and curses|slp|[from] move: Rest
|-heal|p2a: 808 and curses|100/100 slp|[silent]
|
|upkeep
|turn|45
|
|t:|1743931245
|switch|p2a: 🇮🇱=ter*orists|Gliscor, M|43/100 tox
|move|p1a: Slowking|Future Sight|p2a: 🇮🇱=ter*orists
|-start|p1a: Slowking|move: Future Sight
|
|-heal|p2a: 🇮🇱=ter*orists|55/100 tox|[from] ability: Poison Heal
|upkeep
|turn|46
|j| mana gain
|
|t:|1743931252
|move|p2a: 🇮🇱=ter*orists|Substitute|p2a: 🇮🇱=ter*orists
|-start|p2a: 🇮🇱=ter*orists|Substitute
|-damage|p2a: 🇮🇱=ter*orists|30/100 tox
|-prepare|p1a: Slowking|Chilly Reception|[premajor]
|cant|p1a: Slowking|par
|
|-heal|p2a: 🇮🇱=ter*orists|43/100 tox|[from] ability: Poison Heal
|upkeep
|turn|47
|
|t:|1743931280
|move|p2a: 🇮🇱=ter*orists|Earthquake|p1a: Slowking
|-supereffective|p1a: Slowking
|-damage|p1a: Slowking|43/100 par
|-prepare|p1a: Slowking|Chilly Reception|[premajor]
|move|p1a: Slowking|Chilly Reception|p1a: Slowking
|-weather|Snowscape
|
|t:|1743931289
|switch|p1a: Iron Crown|Iron Crown|37/100|[from] Chilly Reception
|
|-weather|Snowscape|[upkeep]
|-end|p2a: 🇮🇱=ter*orists|move: Future Sight
|-end|p2a: 🇮🇱=ter*orists|Substitute
|-heal|p2a: 🇮🇱=ter*orists|55/100 tox|[from] ability: Poison Heal
|upkeep
|turn|48
|
|t:|1743931295
|move|p2a: 🇮🇱=ter*orists|Protect|p2a: 🇮🇱=ter*orists
|-singleturn|p2a: 🇮🇱=ter*orists|Protect
|move|p1a: Iron Crown|Psychic|p2a: 🇮🇱=ter*orists
|-activate|p2a: 🇮🇱=ter*orists|move: Protect
|
|-weather|Snowscape|[upkeep]
|-heal|p2a: 🇮🇱=ter*orists|68/100 tox|[from] ability: Poison Heal
|upkeep
|turn|49
|
|t:|1743931299
|-end|p1a: Iron Crown|Quark Drive|[silent]
|switch|p1a: Dragapult|Dragapult, F, tera:Ghost|58/100
|switch|p2a: brat|Blissey, F|84/100
|
|-weather|Snowscape|[upkeep]
|upkeep
|turn|50
|
|t:|1743931304
|switch|p2a: 808 and curses|Dondozo, M|100/100 slp
|move|p1a: Dragapult|Dragon Darts|p2a: 808 and curses
|-damage|p2a: 808 and curses|84/100 slp
|-anim|p1a: Dragapult|Dragon Darts|p2a: 808 and curses
|-damage|p2a: 808 and curses|68/100 slp
|
|-weather|Snowscape|[upkeep]
|-heal|p2a: 808 and curses|74/100 slp|[from] item: Leftovers
|upkeep
|turn|51
|
|t:|1743931308
|switch|p1a: Iron Crown|Iron Crown|37/100
|cant|p2a: 808 and curses|slp
|move|p2a: 808 and curses|Sleep Talk|p2a: 808 and curses
|move|p2a: 808 and curses|Waterfall|p1a: Iron Crown|[from] move: Sleep Talk
|-damage|p1a: Iron Crown|5/100
|
|-weather|none
|-heal|p2a: 808 and curses|80/100 slp|[from] item: Leftovers
|upkeep
|turn|52
|
|t:|1743931312
|switch|p2a: brat|Blissey, F|84/100
|move|p1a: Iron Crown|Volt Switch|p2a: brat
|-damage|p2a: brat|71/100
|
|t:|1743931316
|-end|p1a: Iron Crown|Quark Drive|[silent]
|switch|p1a: Dragapult|Dragapult, F, tera:Ghost|58/100|[from] Volt Switch
|
|upkeep
|turn|53
|
|t:|1743931323
|-terastallize|p2a: brat|Fairy
|move|p1a: Dragapult|U-turn|p2a: brat
|-resisted|p2a: brat
|-damage|p2a: brat|53/100
|
|t:|1743931327
|switch|p1a: Slowking|Slowking-Galar, F|76/100 par|[from] U-turn
|move|p2a: brat|Stealth Rock|p1a: Slowking
|-sidestart|p1: Diopside Davis|move: Stealth Rock
|
|upkeep
|turn|54
|
|t:|1743931335
|move|p2a: brat|Soft-Boiled|p2a: brat
|-heal|p2a: brat|100/100
|move|p1a: Slowking|Future Sight|p2a: brat
|-start|p1a: Slowking|move: Future Sight
|
|upkeep
|turn|55
|
|t:|1743931339
|switch|p2a: BIRDS OF A FEATHER|Corviknight, F|63/100 par
|-ability|p2a: BIRDS OF A FEATHER|Pressure
|-prepare|p1a: Slowking|Chilly Reception|[premajor]
|move|p1a: Slowking|Chilly Reception|p1a: Slowking
|-weather|Snowscape
|
|t:|1743931348
|switch|p1a: Dragapult|Dragapult, F, tera:Ghost|58/100|[from] Chilly Reception
|-damage|p1a: Dragapult|46/100|[from] Stealth Rock
|
|-weather|Snowscape|[upkeep]
|upkeep
|turn|56
|
|t:|1743931351
|move|p1a: Dragapult|Tera Blast|p2a: BIRDS OF A FEATHER|[anim] Tera Blast Ghost
|-damage|p2a: BIRDS OF A FEATHER|18/100 par
|move|p2a: BIRDS OF A FEATHER|Roost|p2a: BIRDS OF A FEATHER
|-heal|p2a: BIRDS OF A FEATHER|68/100 par
|-singleturn|p2a: BIRDS OF A FEATHER|move: Roost
|
|-weather|Snowscape|[upkeep]
|-end|p2a: BIRDS OF A FEATHER|move: Future Sight
|-resisted|p2a: BIRDS OF A FEATHER
|-damage|p2a: BIRDS OF A FEATHER|47/100 par
|upkeep
|turn|57
|
|t:|1743931358
|move|p1a: Dragapult|Tera Blast|p2a: BIRDS OF A FEATHER|[anim] Tera Blast Ghost
|-damage|p2a: BIRDS OF A FEATHER|0 fnt
|faint|p2a: BIRDS OF A FEATHER
|
|-weather|Snowscape|[upkeep]
|upkeep
|j| union boss
|
|t:|1743931362
|switch|p2a: 🇮🇱=ter*orists|Gliscor, M|68/100 tox
|turn|58
|
|t:|1743931365
|move|p2a: 🇮🇱=ter*orists|Protect|p2a: 🇮🇱=ter*orists
|-singleturn|p2a: 🇮🇱=ter*orists|Protect
|move|p1a: Dragapult|Tera Blast|p2a: 🇮🇱=ter*orists|[anim] Tera Blast Ghost
|-activate|p2a: 🇮🇱=ter*orists|move: Protect
|
|-weather|Snowscape|[upkeep]
|-heal|p2a: 🇮🇱=ter*orists|80/100 tox|[from] ability: Poison Heal
|upkeep
|turn|59
|
|t:|1743931367
|move|p1a: Dragapult|Tera Blast|p2a: 🇮🇱=ter*orists|[anim] Tera Blast Ghost
|-damage|p2a: 🇮🇱=ter*orists|32/100 tox
|move|p2a: 🇮🇱=ter*orists|Toxic|p1a: Dragapult
|-status|p1a: Dragapult|tox
|
|-weather|none
|-damage|p1a: Dragapult|40/100 tox|[from] psn
|-heal|p2a: 🇮🇱=ter*orists|45/100 tox|[from] ability: Poison Heal
|upkeep
|turn|60
|
|t:|1743931373
|move|p2a: 🇮🇱=ter*orists|Protect|p2a: 🇮🇱=ter*orists
|-singleturn|p2a: 🇮🇱=ter*orists|Protect
|move|p1a: Dragapult|Tera Blast|p2a: 🇮🇱=ter*orists|[anim] Tera Blast Ghost
|-activate|p2a: 🇮🇱=ter*orists|move: Protect
|
|-damage|p1a: Dragapult|28/100 tox|[from] psn
|-heal|p2a: 🇮🇱=ter*orists|57/100 tox|[from] ability: Poison Heal
|upkeep
|turn|61
|
|t:|1743931380
|switch|p2a: 808 and curses|Dondozo, M|80/100 slp
|move|p1a: Dragapult|Tera Blast|p2a: 808 and curses|[anim] Tera Blast Ghost
|-damage|p2a: 808 and curses|45/100 slp
|
|-heal|p2a: 808 and curses|51/100 slp|[from] item: Leftovers
|-damage|p1a: Dragapult|10/100 tox|[from] psn
|upkeep
|turn|62
|
|t:|1743931385
|move|p1a: Dragapult|Tera Blast|p2a: 808 and curses|[anim] Tera Blast Ghost
|-damage|p2a: 808 and curses|17/100 slp
|cant|p2a: 808 and curses|slp
|move|p2a: 808 and curses|Sleep Talk|p2a: 808 and curses
|move|p2a: 808 and curses|Rest||[from] move: Sleep Talk|[still]
|-fail|p2a: 808 and curses
|
|-heal|p2a: 808 and curses|23/100 slp|[from] item: Leftovers
|-damage|p1a: Dragapult|0 fnt|[from] psn
|faint|p1a: Dragapult
|upkeep
|inactive|Diopside Davis has 120 seconds left.
|inactive|Diopside Davis has 90 seconds left.
|
|t:|1743931461
|switch|p1a: Great Tusk|Great Tusk|43/100 tox
|turn|63
|
|t:|1743931465
|move|p1a: Great Tusk|Headlong Rush|p2a: 808 and curses
|-damage|p2a: 808 and curses|0 fnt
|-unboost|p1a: Great Tusk|def|1
|-unboost|p1a: Great Tusk|spd|1
|faint|p2a: 808 and curses
|
|-damage|p1a: Great Tusk|37/100 tox|[from] psn
|upkeep
|
|t:|1743931468
|switch|p2a: 🇮🇱=ter*orists|Gliscor, M|57/100 tox
|turn|64
|
|t:|1743931470
|move|p2a: 🇮🇱=ter*orists|Protect|p2a: 🇮🇱=ter*orists
|-singleturn|p2a: 🇮🇱=ter*orists|Protect
|move|p1a: Great Tusk|Ice Spinner|p2a: 🇮🇱=ter*orists
|-activate|p2a: 🇮🇱=ter*orists|move: Protect
|
|-damage|p1a: Great Tusk|25/100 tox|[from] psn
|-heal|p2a: 🇮🇱=ter*orists|69/100 tox|[from] ability: Poison Heal
|upkeep
|turn|65
|
|t:|1743931473
|switch|p2a: brat|Blissey, F, tera:Fairy|100/100
|move|p1a: Great Tusk|Ice Spinner|p2a: brat
|-damage|p2a: brat|70/100
|
|-damage|p1a: Great Tusk|6/100 tox|[from] psn
|upkeep
|turn|66
|
|t:|1743931477
|switch|p2a: 🇮🇱=ter*orists|Gliscor, M|69/100 tox
|move|p1a: Great Tusk|Rapid Spin|p2a: 🇮🇱=ter*orists
|-damage|p2a: 🇮🇱=ter*orists|58/100 tox
|-boost|p1a: Great Tusk|spe|1
|-sideend|p1: Diopside Davis|Stealth Rock|[from] move: Rapid Spin|[of] p1a: Great Tusk
|
|-damage|p1a: Great Tusk|0 fnt|[from] psn
|faint|p1a: Great Tusk
|-end|p1a: Great Tusk|Protosynthesis|[silent]
|-heal|p2a: 🇮🇱=ter*orists|70/100 tox|[from] ability: Poison Heal
|upkeep
|inactive|Diopside Davis has 120 seconds left.
|
|t:|1743931485
|switch|p1a: Slowking|Slowking-Galar, F|100/100 par
|turn|67
|
|t:|1743931487
|move|p2a: 🇮🇱=ter*orists|Substitute|p2a: 🇮🇱=ter*orists
|-start|p2a: 🇮🇱=ter*orists|Substitute
|-damage|p2a: 🇮🇱=ter*orists|45/100 tox
|move|p1a: Slowking|Future Sight|p2a: 🇮🇱=ter*orists
|-start|p1a: Slowking|move: Future Sight
|
|-heal|p2a: 🇮🇱=ter*orists|58/100 tox|[from] ability: Poison Heal
|upkeep
|turn|68
|j| iamfrhaan007
|
|t:|1743931492
|move|p2a: 🇮🇱=ter*orists|Earthquake|p1a: Slowking
|-supereffective|p1a: Slowking
|-damage|p1a: Slowking|42/100 par
|-prepare|p1a: Slowking|Chilly Reception|[premajor]
|cant|p1a: Slowking|par
|
|-heal|p2a: 🇮🇱=ter*orists|70/100 tox|[from] ability: Poison Heal
|upkeep
|turn|69
|
|t:|1743931500
|move|p2a: 🇮🇱=ter*orists|Protect|p2a: 🇮🇱=ter*orists
|-singleturn|p2a: 🇮🇱=ter*orists|Protect
|-prepare|p1a: Slowking|Chilly Reception|[premajor]
|move|p1a: Slowking|Chilly Reception|p1a: Slowking
|-weather|Snowscape
|
|t:|1743931517
|switch|p1a: Iron Crown|Iron Crown|5/100|[from] Chilly Reception
|
|-weather|Snowscape|[upkeep]
|-end|p2a: 🇮🇱=ter*orists|move: Future Sight
|-end|p2a: 🇮🇱=ter*orists|Substitute
|-heal|p2a: 🇮🇱=ter*orists|83/100 tox|[from] ability: Poison Heal
|upkeep
|turn|70
|
|t:|1743931524
|move|p1a: Iron Crown|Psychic|p2a: 🇮🇱=ter*orists
|-damage|p2a: 🇮🇱=ter*orists|1/100 tox
|move|p2a: 🇮🇱=ter*orists|Earthquake|p1a: Iron Crown
|-supereffective|p1a: Iron Crown
|-damage|p1a: Iron Crown|0 fnt
|faint|p1a: Iron Crown
|-end|p1a: Iron Crown|Quark Drive|[silent]
|
|-weather|Snowscape|[upkeep]
|-heal|p2a: 🇮🇱=ter*orists|13/100 tox|[from] ability: Poison Heal
|upkeep
|
|t:|1743931527
|switch|p1a: Zamazenta|Zamazenta, shiny|100/100
|-ability|p1a: Zamazenta|Dauntless Shield|boost
|-boost|p1a: Zamazenta|def|1
|turn|71
|l| mana gain
|
|t:|1743931529
|move|p2a: 🇮🇱=ter*orists|Protect|p2a: 🇮🇱=ter*orists
|-singleturn|p2a: 🇮🇱=ter*orists|Protect
|move|p1a: Zamazenta|Iron Defense|p1a: Zamazenta
|-boost|p1a: Zamazenta|def|2
|
|-weather|Snowscape|[upkeep]
|-heal|p2a: 🇮🇱=ter*orists|26/100 tox|[from] ability: Poison Heal
|upkeep
|turn|72
|
|t:|1743931532
|move|p1a: Zamazenta|Body Press|p2a: 🇮🇱=ter*orists
|-resisted|p2a: 🇮🇱=ter*orists
|-damage|p2a: 🇮🇱=ter*orists|0 fnt
|faint|p2a: 🇮🇱=ter*orists
|
|-weather|Snowscape|[upkeep]
|upkeep
|-message|Trainer #39 forfeited.
|
|win|Diopside Davis
|raw|Diopside Davis's rating: 1713 &rarr; <strong>1745</strong><br />(+32 for winning)
|raw|Trainer #39's rating: 1943 &rarr; <strong>1911</strong><br />(-32 for losing)
|l|☆Trainer #39
|player|p2|
|c|☆Diopside Davis|gg
|l| Undenuen
