|j|☆Danix507
|j|☆pengzhengzhe
|t:|1743923890
|gametype|singles
|player|p1|Danix507|hilbert-wonderlauncher|1214
|player|p2|pengzhengzhe|1|1235
|teamsize|p1|6
|teamsize|p2|6
|gen|9
|tier|[Gen 9] OU
|rated|
|rule|HP Percentage Mod: HP is shown in percentages
|rule|Endless Battle Clause: Forcing endless battles is banned
|rule|Species Clause: Limit one of each Pokémon
|rule|OHKO Clause: OHKO moves are banned
|rule|Evasion Items Clause: Evasion items are banned
|rule|Evasion Moves Clause: Evasion moves are banned
|rule|Sleep Moves Clause: Sleep-inducing moves are banned
|clearpoke
|poke|p1|Blissey, F|
|poke|p1|Amoonguss, M|
|poke|p1|Bronzong|
|poke|p1|Gliscor, M|
|poke|p1|Dondozo, M|
|poke|p1|Alomomola, F|
|poke|p2|Ceruledge, F|
|poke|p2|Glimmora, F|
|poke|p2|Kyurem|
|poke|p2|Kingambit, F|
|poke|p2|Iron Valiant|
|poke|p2|Gholdengo|
|teampreview
|c|☆pengzhengzhe|no
|
|t:|1743923916
|start
|switch|p1a: Gliscor|Gliscor, M, shiny|100/100
|switch|p2a: Glimmora|Glimmora, F|100/100
|turn|1
|
|t:|1743923923
|move|p2a: Glimmora|Stealth Rock|p1a: Gliscor
|-sidestart|p1: Danix507|move: Stealth Rock
|move|p1a: Gliscor|Spikes|p2a: Glimmora
|-sidestart|p2: pengzhengzhe|Spikes
|
|-status|p1a: Gliscor|tox|[from] item: Toxic Orb
|upkeep
|turn|2
|
|t:|1743923928
|move|p2a: Glimmora|Power Gem|p1a: Gliscor
|-damage|p1a: Gliscor|61/100 tox
|move|p1a: Gliscor|Spikes|p2a: Glimmora
|-sidestart|p2: pengzhengzhe|Spikes
|
|-heal|p1a: Gliscor|74/100 tox|[from] ability: Poison Heal
|upkeep
|turn|3
|
|t:|1743923933
|move|p1a: Gliscor|Protect|p1a: Gliscor
|-singleturn|p1a: Gliscor|Protect
|move|p2a: Glimmora|Power Gem|p1a: Gliscor
|-activate|p1a: Gliscor|move: Protect
|
|-heal|p1a: Gliscor|86/100 tox|[from] ability: Poison Heal
|upkeep
|turn|4
|
|t:|1743923938
|move|p2a: Glimmora|Power Gem|p1a: Gliscor
|-crit|p1a: Gliscor
|-damage|p1a: Gliscor|33/100 tox
|move|p1a: Gliscor|Earthquake|p2a: Glimmora
|-supereffective|p2a: Glimmora
|-enditem|p2a: Glimmora|Focus Sash
|-damage|p2a: Glimmora|1/100
|-activate|p2a: Glimmora|ability: Toxic Debris
|-sidestart|p1: Danix507|move: Toxic Spikes
|
|-heal|p1a: Gliscor|46/100 tox|[from] ability: Poison Heal
|upkeep
|turn|5
|
|t:|1743923947
|move|p1a: Gliscor|Protect|p1a: Gliscor
|-singleturn|p1a: Gliscor|Protect
|move|p2a: Glimmora|Power Gem|p1a: Gliscor
|-activate|p1a: Gliscor|move: Protect
|
|-heal|p1a: Gliscor|58/100 tox|[from] ability: Poison Heal
|upkeep
|turn|6
|
|t:|1743923957
|move|p2a: Glimmora|Mortal Spin|p1a: Gliscor
|-resisted|p1a: Gliscor
|-damage|p1a: Gliscor|56/100 tox
|-sideend|p2: pengzhengzhe|Spikes|[from] move: Mortal Spin|[of] p2a: Glimmora
|move|p1a: Gliscor|Knock Off|p2a: Glimmora
|-damage|p2a: Glimmora|0 fnt
|-activate|p2a: Glimmora|ability: Toxic Debris
|-sidestart|p1: Danix507|move: Toxic Spikes
|faint|p2a: Glimmora
|
|-heal|p1a: Gliscor|68/100 tox|[from] ability: Poison Heal
|upkeep
|
|t:|1743923972
|switch|p2a: Gholdengo|Gholdengo|100/100
|turn|7
|
|t:|1743923983
|move|p2a: Gholdengo|Make It Rain|p1a: Gliscor
|-damage|p1a: Gliscor|9/100 tox
|-unboost|p2a: Gholdengo|spa|1
|move|p1a: Gliscor|Spikes|p2a: Gholdengo
|-sidestart|p2: pengzhengzhe|Spikes
|
|-heal|p1a: Gliscor|22/100 tox|[from] ability: Poison Heal
|upkeep
|turn|8
|
|t:|1743923995
|move|p1a: Gliscor|Protect|p1a: Gliscor
|-singleturn|p1a: Gliscor|Protect
|move|p2a: Gholdengo|Make It Rain|p1a: Gliscor
|-activate|p1a: Gliscor|move: Protect
|
|-heal|p1a: Gliscor|34/100 tox|[from] ability: Poison Heal
|upkeep
|turn|9
|
|t:|1743924008
|switch|p1a: Blissey|Blissey, F, shiny|100/100
|move|p2a: Gholdengo|Make It Rain|p1a: Blissey
|-damage|p1a: Blissey|88/100
|-unboost|p2a: Gholdengo|spa|1
|
|upkeep
|turn|10
|
|t:|1743924023
|switch|p2a: Kyurem|Kyurem|100/100
|-damage|p2a: Kyurem|88/100|[from] Spikes
|-ability|p2a: Kyurem|Pressure
|move|p1a: Blissey|Flamethrower|p2a: Kyurem
|-damage|p2a: Kyurem|72/100
|
|upkeep
|turn|11
|
|t:|1743924039
|switch|p1a: Bronzong|Bronzong|100/100
|-damage|p1a: Bronzong|94/100|[from] Stealth Rock
|move|p2a: Kyurem|Icicle Spear|p1a: Bronzong
|-resisted|p1a: Bronzong
|-damage|p1a: Bronzong|89/100
|-resisted|p1a: Bronzong
|-damage|p1a: Bronzong|84/100
|-resisted|p1a: Bronzong
|-damage|p1a: Bronzong|78/100
|-resisted|p1a: Bronzong
|-damage|p1a: Bronzong|72/100
|-hitcount|p1a: Bronzong|4
|
|-heal|p1a: Bronzong|79/100|[from] item: Leftovers
|upkeep
|turn|12
|
|t:|1743924051
|switch|p2a: Kingambit|Kingambit, F, shiny|100/100
|-activate|p2a: Kingambit|ability: Supreme Overlord
|-start|p2a: Kingambit|fallen1|[silent]
|-item|p2a: Kingambit|Air Balloon
|move|p1a: Bronzong|Stealth Rock|p2a: Kingambit
|-sidestart|p2: pengzhengzhe|move: Stealth Rock
|
|-heal|p1a: Bronzong|85/100|[from] item: Leftovers
|upkeep
|turn|13
|
|t:|1743924057
|move|p1a: Bronzong|Protect|p1a: Bronzong
|-singleturn|p1a: Bronzong|Protect
|move|p2a: Kingambit|Kowtow Cleave|p1a: Bronzong
|-activate|p1a: Bronzong|move: Protect
|
|-heal|p1a: Bronzong|91/100|[from] item: Leftovers
|upkeep
|turn|14
|
|t:|1743924070
|switch|p1a: Alomomola|Alomomola, F, shiny|100/100
|move|p2a: Kingambit|Kowtow Cleave|p1a: Alomomola
|-damage|p1a: Alomomola|65/100
|
|upkeep
|turn|15
|
|t:|1743924080
|move|p2a: Kingambit|Kowtow Cleave|p1a: Alomomola
|-damage|p1a: Alomomola|33/100
|move|p1a: Alomomola|Flip Turn|p2a: Kingambit
|-damage|p2a: Kingambit|89/100
|-enditem|p2a: Kingambit|Air Balloon
|
|t:|1743924153
|switch|p1a: Dondozo|Dondozo, M|100/100|[from] Flip Turn
|
|upkeep
|turn|16
|
|t:|1743924167
|-end|p2a: Kingambit|fallen1|[silent]
|switch|p2a: Gholdengo|Gholdengo|100/100
|-damage|p2a: Gholdengo|88/100|[from] Spikes
|-damage|p2a: Gholdengo|82/100|[from] Stealth Rock
|move|p1a: Dondozo|Curse|p1a: Dondozo
|-unboost|p1a: Dondozo|spe|1
|-boost|p1a: Dondozo|atk|1
|-boost|p1a: Dondozo|def|1
|
|upkeep
|turn|17
|
|t:|1743924184
|switch|p1a: Blissey|Blissey, F, shiny|88/100
|move|p2a: Gholdengo|Trick|p1a: Blissey
|-activate|p2a: Gholdengo|move: Trick|[of] p1a: Blissey
|-item|p1a: Blissey|Choice Scarf|[from] move: Trick
|-item|p2a: Gholdengo|Heavy-Duty Boots|[from] move: Trick
|
|upkeep
|turn|18
|
|t:|1743924196
|switch|p2a: Kyurem|Kyurem|72/100
|-damage|p2a: Kyurem|59/100|[from] Spikes
|-damage|p2a: Kyurem|34/100|[from] Stealth Rock
|-ability|p2a: Kyurem|Pressure
|move|p1a: Blissey|Flamethrower|p2a: Kyurem
|-damage|p2a: Kyurem|18/100
|
|upkeep
|turn|19
|
|t:|1743924210
|switch|p1a: Bronzong|Bronzong|91/100
|-damage|p1a: Bronzong|85/100|[from] Stealth Rock
|move|p2a: Kyurem|Icicle Spear|p1a: Bronzong
|-resisted|p1a: Bronzong
|-damage|p1a: Bronzong|79/100
|-resisted|p1a: Bronzong
|-damage|p1a: Bronzong|72/100
|-resisted|p1a: Bronzong
|-damage|p1a: Bronzong|67/100
|-resisted|p1a: Bronzong
|-damage|p1a: Bronzong|61/100
|-hitcount|p1a: Bronzong|4
|
|-heal|p1a: Bronzong|68/100|[from] item: Leftovers
|upkeep
|turn|20
|
|t:|1743924265
|-terastallize|p2a: Kyurem|Fire
|move|p2a: Kyurem|Tera Blast|p1a: Bronzong|[anim] Tera Blast Fire
|-supereffective|p1a: Bronzong
|-damage|p1a: Bronzong|0 fnt
|faint|p1a: Bronzong
|
|upkeep
|
|t:|1743924270
|switch|p1a: Alomomola|Alomomola, F, shiny|67/100
|turn|21
|
|t:|1743924277
|move|p1a: Alomomola|Protect|p1a: Alomomola
|-singleturn|p1a: Alomomola|Protect
|move|p2a: Kyurem|Scale Shot|p1a: Alomomola
|-activate|p1a: Alomomola|move: Protect
|
|upkeep
|turn|22
|
|t:|1743924296
|move|p2a: Kyurem|Scale Shot|p1a: Alomomola|[miss]
|-miss|p2a: Kyurem|p1a: Alomomola
|move|p1a: Alomomola|Scald|p2a: Kyurem
|-supereffective|p2a: Kyurem
|-crit|p2a: Kyurem
|-damage|p2a: Kyurem|0 fnt
|faint|p2a: Kyurem
|
|upkeep
|
|t:|1743924304
|switch|p2a: Iron Valiant|Iron Valiant|100/100
|-damage|p2a: Iron Valiant|88/100|[from] Spikes
|-damage|p2a: Iron Valiant|82/100|[from] Stealth Rock
|-enditem|p2a: Iron Valiant|Booster Energy
|-activate|p2a: Iron Valiant|ability: Quark Drive|[fromitem]
|-start|p2a: Iron Valiant|quarkdrivespe
|turn|23
|inactive|Battle timer is ON: inactive players will automatically lose when time's up. (requested by pengzhengzhe)
|inactive|Danix507 has 120 seconds left.
|inactive|Danix507 has 90 seconds left.
|inactive|Danix507 has 60 seconds left.
|
|t:|1743924487
|switch|p1a: Blissey|Blissey, F, shiny|88/100
|-damage|p1a: Blissey|75/100|[from] Stealth Rock
|-status|p1a: Blissey|tox
|move|p2a: Iron Valiant|Calm Mind|p2a: Iron Valiant
|-boost|p2a: Iron Valiant|spa|1
|-boost|p2a: Iron Valiant|spd|1
|
|-damage|p1a: Blissey|69/100 tox|[from] psn
|upkeep
|turn|24
|inactive|Danix507 has 120 seconds left.
|
|t:|1743924515
|-curestatus|p1a: Blissey|tox|[from] ability: Natural Cure
|switch|p1a: Amoonguss|Amoonguss, M|100/100
|-sideend|p1: Danix507|move: Toxic Spikes|[of] p1a: Amoonguss
|move|p2a: Iron Valiant|Calm Mind|p2a: Iron Valiant
|-boost|p2a: Iron Valiant|spa|1
|-boost|p2a: Iron Valiant|spd|1
|
|upkeep
|turn|25
|
|t:|1743924530
|move|p2a: Iron Valiant|Shadow Ball|p1a: Amoonguss
|-damage|p1a: Amoonguss|51/100
|move|p1a: Amoonguss|Clear Smog|p2a: Iron Valiant
|-supereffective|p2a: Iron Valiant
|-damage|p2a: Iron Valiant|56/100
|-clearboost|p2a: Iron Valiant
|
|upkeep
|turn|26
|
|t:|1743924539
|move|p2a: Iron Valiant|Calm Mind|p2a: Iron Valiant
|-boost|p2a: Iron Valiant|spa|1
|-boost|p2a: Iron Valiant|spd|1
|move|p1a: Amoonguss|Toxic|p2a: Iron Valiant
|-status|p2a: Iron Valiant|tox
|
|-damage|p2a: Iron Valiant|50/100 tox|[from] psn
|upkeep
|turn|27
|
|t:|1743924543
|move|p2a: Iron Valiant|Shadow Ball|p1a: Amoonguss
|-damage|p1a: Amoonguss|13/100
|move|p1a: Amoonguss|Synthesis|p1a: Amoonguss
|-heal|p1a: Amoonguss|63/100
|
|-damage|p2a: Iron Valiant|38/100 tox|[from] psn
|upkeep
|turn|28
|inactive|Danix507 has 120 seconds left.
|
|t:|1743924548
|move|p2a: Iron Valiant|Shadow Ball|p1a: Amoonguss
|-damage|p1a: Amoonguss|25/100
|move|p1a: Amoonguss|Clear Smog|p2a: Iron Valiant
|-supereffective|p2a: Iron Valiant
|-damage|p2a: Iron Valiant|4/100 tox
|-clearboost|p2a: Iron Valiant
|
|-damage|p2a: Iron Valiant|0 fnt|[from] psn
|faint|p2a: Iron Valiant
|-end|p2a: Iron Valiant|Quark Drive|[silent]
|upkeep
|
|t:|1743924566
|switch|p2a: Gholdengo|Gholdengo|82/100
|turn|29
|
|t:|1743924575
|switch|p1a: Alomomola|Alomomola, F, shiny|99/100
|move|p2a: Gholdengo|Focus Blast|p1a: Alomomola|[miss]
|-miss|p2a: Gholdengo|p1a: Alomomola
|
|upkeep
|turn|30
|
|t:|1743924581
|move|p2a: Gholdengo|Shadow Ball|p1a: Alomomola
|-damage|p1a: Alomomola|62/100
|-unboost|p1a: Alomomola|spd|1
|move|p1a: Alomomola|Wish|p1a: Alomomola
|
|upkeep
|turn|31
|
|t:|1743924589
|switch|p1a: Blissey|Blissey, F, shiny|69/100
|-damage|p1a: Blissey|57/100|[from] Stealth Rock
|move|p2a: Gholdengo|Shadow Ball|p1a: Blissey
|-immune|p1a: Blissey
|
|-heal|p1a: Blissey|93/100|[from] move: Wish|[wisher] Alomomola
|upkeep
|turn|32
|
|t:|1743924600
|move|p2a: Gholdengo|Focus Blast|p1a: Blissey|[miss]
|-miss|p2a: Gholdengo|p1a: Blissey
|move|p1a: Blissey|Flamethrower|p2a: Gholdengo
|-supereffective|p2a: Gholdengo
|-damage|p2a: Gholdengo|45/100
|
|upkeep
|turn|33
|
|t:|1743924610
|move|p2a: Gholdengo|Focus Blast|p1a: Blissey
|-supereffective|p1a: Blissey
|-crit|p1a: Blissey
|-damage|p1a: Blissey|53/100
|move|p1a: Blissey|Flamethrower|p2a: Gholdengo
|-supereffective|p2a: Gholdengo
|-damage|p2a: Gholdengo|7/100
|
|upkeep
|turn|34
|
|t:|1743924620
|move|p2a: Gholdengo|Focus Blast|p1a: Blissey
|-supereffective|p1a: Blissey
|-damage|p1a: Blissey|26/100
|-unboost|p1a: Blissey|spd|1
|move|p1a: Blissey|Flamethrower|p2a: Gholdengo
|-supereffective|p2a: Gholdengo
|-damage|p2a: Gholdengo|0 fnt
|faint|p2a: Gholdengo
|
|upkeep
|
|t:|1743924625
|switch|p2a: Ceruledge|Ceruledge, F|100/100
|-damage|p2a: Ceruledge|88/100|[from] Spikes
|-damage|p2a: Ceruledge|63/100|[from] Stealth Rock
|turn|35
|
|t:|1743924638
|switch|p1a: Gliscor|Gliscor, M, shiny|34/100 tox
|-damage|p1a: Gliscor|22/100 tox|[from] Stealth Rock
|move|p2a: Ceruledge|Swords Dance|p2a: Ceruledge
|-boost|p2a: Ceruledge|atk|2
|
|-heal|p1a: Gliscor|34/100 tox|[from] ability: Poison Heal
|upkeep
|turn|36
|
|t:|1743924645
|move|p2a: Ceruledge|Bitter Blade|p1a: Gliscor
|-damage|p1a: Gliscor|0 fnt
|-heal|p2a: Ceruledge|84/100|[from] drain|[of] p1a: Gliscor
|faint|p1a: Gliscor
|
|upkeep
|
|t:|1743924661
|switch|p1a: Dondozo|Dondozo, M|100/100
|turn|37
|
|t:|1743924664
|move|p2a: Ceruledge|Poltergeist|p1a: Dondozo
|-activate|p1a: Dondozo|move: Poltergeist|Heavy-Duty Boots
|-damage|p1a: Dondozo|76/100
|move|p1a: Dondozo|Curse|p1a: Dondozo
|-unboost|p1a: Dondozo|spe|1
|-boost|p1a: Dondozo|atk|1
|-boost|p1a: Dondozo|def|1
|
|upkeep
|turn|38
|
|t:|1743924669
|move|p2a: Ceruledge|Poltergeist|p1a: Dondozo
|-activate|p1a: Dondozo|move: Poltergeist|Heavy-Duty Boots
|-damage|p1a: Dondozo|61/100
|move|p1a: Dondozo|Curse|p1a: Dondozo
|-unboost|p1a: Dondozo|spe|1
|-boost|p1a: Dondozo|atk|1
|-boost|p1a: Dondozo|def|1
|
|upkeep
|turn|39
|c|☆pengzhengzhe|gg
|
|t:|1743924677
|move|p2a: Ceruledge|Poltergeist|p1a: Dondozo
|-activate|p1a: Dondozo|move: Poltergeist|Heavy-Duty Boots
|-damage|p1a: Dondozo|48/100
|move|p1a: Dondozo|Curse|p1a: Dondozo
|-unboost|p1a: Dondozo|spe|1
|-boost|p1a: Dondozo|atk|1
|-boost|p1a: Dondozo|def|1
|
|upkeep
|turn|40
|c|☆Danix507|gg's
|
|t:|1743924686
|move|p2a: Ceruledge|Poltergeist|p1a: Dondozo
|-activate|p1a: Dondozo|move: Poltergeist|Heavy-Duty Boots
|-damage|p1a: Dondozo|39/100
|move|p1a: Dondozo|Curse|p1a: Dondozo
|-unboost|p1a: Dondozo|spe|1
|-boost|p1a: Dondozo|atk|1
|-boost|p1a: Dondozo|def|1
|
|upkeep
|turn|41
|
|t:|1743924692
|move|p2a: Ceruledge|Poltergeist|p1a: Dondozo
|-activate|p1a: Dondozo|move: Poltergeist|Heavy-Duty Boots
|-damage|p1a: Dondozo|29/100
|move|p1a: Dondozo|Rest|p1a: Dondozo
|-status|p1a: Dondozo|slp|[from] move: Rest
|-heal|p1a: Dondozo|100/100 slp|[silent]
|
|upkeep
|turn|42
|
|t:|1743924700
|move|p2a: Ceruledge|Poltergeist|p1a: Dondozo
|-activate|p1a: Dondozo|move: Poltergeist|Heavy-Duty Boots
|-damage|p1a: Dondozo|91/100 slp
|cant|p1a: Dondozo|slp
|move|p1a: Dondozo|Sleep Talk|p1a: Dondozo
|move|p1a: Dondozo|Wave Crash|p2a: Ceruledge|[from] move: Sleep Talk
|-supereffective|p2a: Ceruledge
|-damage|p2a: Ceruledge|0 fnt
|faint|p2a: Ceruledge
|-damage|p1a: Dondozo|75/100 slp|[from] Recoil
|
|upkeep
|
|t:|1743924704
|switch|p2a: Kingambit|Kingambit, F, shiny|89/100
|-damage|p2a: Kingambit|76/100|[from] Spikes
|-damage|p2a: Kingambit|70/100|[from] Stealth Rock
|-activate|p2a: Kingambit|ability: Supreme Overlord
|-start|p2a: Kingambit|fallen5|[silent]
|turn|43
|inactive|Danix507 has 120 seconds left.
|
|t:|1743924740
|-terastallize|p1a: Dondozo|Fighting
|move|p2a: Kingambit|Kowtow Cleave|p1a: Dondozo
|-resisted|p1a: Dondozo
|-crit|p1a: Dondozo
|-damage|p1a: Dondozo|52/100 slp
|cant|p1a: Dondozo|slp
|move|p1a: Dondozo|Sleep Talk|p1a: Dondozo
|move|p1a: Dondozo|Curse|p1a: Dondozo|[from] move: Sleep Talk
|-unboost|p1a: Dondozo|spe|1
|-boost|p1a: Dondozo|atk|1
|-boost|p1a: Dondozo|def|1
|
|upkeep
|turn|44
|inactive|Danix507 has 120 seconds left.
|
|t:|1743924749
|move|p2a: Kingambit|Iron Head|p1a: Dondozo
|-damage|p1a: Dondozo|44/100 slp
|-curestatus|p1a: Dondozo|slp|[msg]
|move|p1a: Dondozo|Sleep Talk||[still]
|-fail|p1a: Dondozo
|
|upkeep
|turn|45
|
|t:|1743924755
|move|p2a: Kingambit|Iron Head|p1a: Dondozo
|-damage|p1a: Dondozo|34/100
|move|p1a: Dondozo|Rest|p1a: Dondozo
|-status|p1a: Dondozo|slp|[from] move: Rest
|-heal|p1a: Dondozo|100/100 slp|[silent]
|
|upkeep
|turn|46
|
|t:|1743924761
|move|p2a: Kingambit|Iron Head|p1a: Dondozo
|-damage|p1a: Dondozo|91/100 slp
|cant|p1a: Dondozo|slp
|move|p1a: Dondozo|Sleep Talk|p1a: Dondozo
|move|p1a: Dondozo|Wave Crash|p2a: Kingambit|[from] move: Sleep Talk
|-damage|p2a: Kingambit|0 fnt
|faint|p2a: Kingambit
|-end|p2a: Kingambit|fallen5|[silent]
|-damage|p1a: Dondozo|74/100 slp|[from] Recoil
|
|win|Danix507
|raw|Danix507's rating: 1214 &rarr; <strong>1241</strong><br />(+27 for winning)
|raw|pengzhengzhe's rating: 1235 &rarr; <strong>1208</strong><br />(-27 for losing)
|l|☆pengzhengzhe
|player|p2|
|l|☆Danix507
|player|p1|
