|j|☆UnBooosted
|j|☆Force_ten
|t:|1743919748
|gametype|singles
|player|p1|UnBooosted|zinnia|1501
|player|p2|Force_ten|102|1422
|teamsize|p1|6
|teamsize|p2|6
|gen|9
|tier|[Gen 9] OU
|rated|
|rule|HP Percentage Mod: HP is shown in percentages
|rule|Endless Battle Clause: Forcing endless battles is banned
|rule|Species Clause: Limit one of each Pokémon
|rule|OHKO Clause: OHKO moves are banned
|rule|Evasion Items Clause: Evasion items are banned
|rule|Evasion Moves Clause: Evasion moves are banned
|rule|Sleep Moves Clause: Sleep-inducing moves are banned
|clearpoke
|poke|p1|Hydrapple, M|
|poke|p1|Tinkaton, F|
|poke|p1|Moltres|
|poke|p1|Rotom-Wash|
|poke|p1|Great Tusk|
|poke|p1|Darkrai|
|poke|p2|Great Tusk|
|poke|p2|Slowking-Galar, F|
|poke|p2|Corviknight, M|
|poke|p2|Iron Valiant|
|poke|p2|Dondozo, M|
|poke|p2|Dragapult, F|
|teampreview
|
|t:|1743919779
|start
|switch|p1a: Moltres|Moltres|100/100
|switch|p2a: Iron Valiant|Iron Valiant|100/100
|turn|1
|
|t:|1743919786
|move|p2a: Iron Valiant|Trick|p1a: Moltres
|-activate|p2a: Iron Valiant|move: Trick|[of] p1a: Moltres
|-item|p1a: Moltres|Choice Band|[from] move: Trick
|-item|p2a: Iron Valiant|Heavy-Duty Boots|[from] move: Trick
|move|p1a: Moltres|Flamethrower|p2a: Iron Valiant
|-damage|p2a: Iron Valiant|34/100
|
|upkeep
|turn|2
|
|t:|1743919810
|-end|p2a: Iron Valiant|Quark Drive|[silent]
|switch|p2a: Dondozo|Dondozo, M|100/100
|switch|p1a: Hydrapple|Hydrapple, M|100/100
|
|upkeep
|turn|3
|
|t:|1743919820
|switch|p1a: Rotom|Rotom-Wash|100/100
|switch|p2a: Slowking|Slowking-Galar, F|100/100
|
|upkeep
|turn|4
|
|t:|1743919825
|move|p1a: Rotom|Will-O-Wisp|p2a: Slowking
|-status|p2a: Slowking|brn
|move|p2a: Slowking|Sludge Bomb|p1a: Rotom
|-damage|p1a: Rotom|64/100
|-status|p1a: Rotom|psn
|
|-damage|p1a: Rotom|51/100 psn|[from] psn
|-damage|p2a: Slowking|94/100 brn|[from] brn
|upkeep
|turn|5
|
|t:|1743919834
|move|p1a: Rotom|Pain Split|p2a: Slowking
|-sethp|p2a: Slowking|67/100 brn|[from] move: Pain Split|[silent]
|-sethp|p1a: Rotom|87/100 psn|[from] move: Pain Split
|-prepare|p2a: Slowking|Chilly Reception|[premajor]
|move|p2a: Slowking|Chilly Reception|p2a: Slowking
|-weather|Snowscape
|
|t:|1743919839
|switch|p2a: Iron Valiant|Iron Valiant|34/100|[from] Chilly Reception
|
|-weather|Snowscape|[upkeep]
|-damage|p1a: Rotom|75/100 psn|[from] psn
|upkeep
|turn|6
|
|t:|1743919846
|-end|p2a: Iron Valiant|Quark Drive|[silent]
|switch|p2a: Slowking|Slowking-Galar, F|99/100 brn
|move|p1a: Rotom|Volt Switch|p2a: Slowking
|-damage|p2a: Slowking|86/100 brn
|
|t:|1743919855
|switch|p1a: Darkrai|Darkrai|100/100|[from] Volt Switch
|
|-weather|Snowscape|[upkeep]
|-damage|p2a: Slowking|79/100 brn|[from] brn
|upkeep
|turn|7
|
|t:|1743919865
|switch|p2a: Dondozo|Dondozo, M|100/100
|move|p1a: Darkrai|Dark Pulse|p2a: Dondozo
|-damage|p2a: Dondozo|72/100
|
|-weather|Snowscape|[upkeep]
|-heal|p2a: Dondozo|78/100|[from] item: Leftovers
|upkeep
|turn|8
|
|t:|1743919881
|switch|p1a: Rotom|Rotom-Wash|75/100 psn
|move|p2a: Dondozo|Liquidation|p1a: Rotom
|-resisted|p1a: Rotom
|-damage|p1a: Rotom|64/100 psn
|-damage|p2a: Dondozo|61/100|[from] item: Rocky Helmet|[of] p1a: Rotom
|
|-weather|Snowscape|[upkeep]
|-heal|p2a: Dondozo|68/100|[from] item: Leftovers
|-damage|p1a: Rotom|52/100 psn|[from] psn
|upkeep
|turn|9
|
|t:|1743919888
|switch|p2a: Slowking|Slowking-Galar, F|100/100 brn
|move|p1a: Rotom|Volt Switch|p2a: Slowking
|-damage|p2a: Slowking|85/100 brn
|
|t:|1743919894
|switch|p1a: Tinkaton|Tinkaton, F|100/100|[from] Volt Switch
|-ability|p1a: Tinkaton|Mold Breaker
|
|-weather|none
|-damage|p2a: Slowking|78/100 brn|[from] brn
|upkeep
|turn|10
|
|t:|1743919899
|move|p1a: Tinkaton|Stealth Rock|p2a: Slowking
|-sidestart|p2: Force_ten|move: Stealth Rock
|move|p2a: Slowking|Thunder Wave|p1a: Tinkaton
|-status|p1a: Tinkaton|par
|
|-damage|p2a: Slowking|72/100 brn|[from] brn
|upkeep
|turn|11
|
|t:|1743919903
|move|p1a: Tinkaton|Encore|p2a: Slowking
|-start|p2a: Slowking|Encore
|move|p2a: Slowking|Thunder Wave|p1a: Tinkaton
|-fail|p1a: Tinkaton|par
|
|-damage|p2a: Slowking|66/100 brn|[from] brn
|upkeep
|turn|12
|
|t:|1743919907
|switch|p2a: Great Tusk|Great Tusk|100/100
|-damage|p2a: Great Tusk|98/100|[from] Stealth Rock
|move|p1a: Tinkaton|Knock Off|p2a: Great Tusk
|-resisted|p2a: Great Tusk
|-damage|p2a: Great Tusk|91/100
|-enditem|p2a: Great Tusk|Assault Vest|[from] move: Knock Off|[of] p1a: Tinkaton
|
|upkeep
|turn|13
|
|t:|1743919911
|switch|p1a: Moltres|Moltres|100/100
|move|p2a: Great Tusk|Rapid Spin|p1a: Moltres
|-damage|p1a: Moltres|85/100
|-boost|p2a: Great Tusk|spe|1
|-sideend|p2: Force_ten|Stealth Rock|[from] move: Rapid Spin|[of] p2a: Great Tusk
|
|upkeep
|turn|14
|
|t:|1743919916
|move|p2a: Great Tusk|Head Smash|p1a: Moltres
|-supereffective|p1a: Moltres
|-damage|p1a: Moltres|0 fnt
|faint|p1a: Moltres
|-damage|p2a: Great Tusk|47/100|[from] Recoil
|
|upkeep
|
|t:|1743919925
|switch|p1a: Great Tusk|Great Tusk|100/100
|turn|15
|
|t:|1743919929
|move|p2a: Great Tusk|Headlong Rush|p1a: Great Tusk
|-damage|p1a: Great Tusk|57/100
|-unboost|p2a: Great Tusk|def|1
|-unboost|p2a: Great Tusk|spd|1
|move|p1a: Great Tusk|Ice Spinner|p2a: Great Tusk
|-supereffective|p2a: Great Tusk
|-damage|p2a: Great Tusk|0 fnt
|faint|p2a: Great Tusk
|-end|p2a: Great Tusk|Protosynthesis|[silent]
|
|upkeep
|
|t:|1743919937
|switch|p2a: Corviknight|Corviknight, M|100/100
|-ability|p2a: Corviknight|Pressure
|turn|16
|
|t:|1743919942
|-end|p1a: Great Tusk|Protosynthesis|[silent]
|switch|p1a: Tinkaton|Tinkaton, F|100/100 par
|-ability|p1a: Tinkaton|Mold Breaker
|move|p2a: Corviknight|Body Press|p1a: Tinkaton
|-damage|p1a: Tinkaton|73/100 par
|
|-heal|p1a: Tinkaton|79/100 par|[from] item: Leftovers
|upkeep
|turn|17
|
|t:|1743919948
|switch|p2a: Slowking|Slowking-Galar, F|99/100 brn
|cant|p1a: Tinkaton|par
|
|-heal|p1a: Tinkaton|85/100 par|[from] item: Leftovers
|-damage|p2a: Slowking|93/100 brn|[from] brn
|upkeep
|turn|18
|
|t:|1743919953
|move|p1a: Tinkaton|Stealth Rock|p2a: Slowking
|-sidestart|p2: Force_ten|move: Stealth Rock
|-prepare|p2a: Slowking|Chilly Reception|[premajor]
|move|p2a: Slowking|Chilly Reception|p2a: Slowking
|-weather|Snowscape
|
|t:|1743919956
|switch|p2a: Corviknight|Corviknight, M|100/100|[from] Chilly Reception
|-damage|p2a: Corviknight|88/100|[from] Stealth Rock
|-ability|p2a: Corviknight|Pressure
|
|-weather|Snowscape|[upkeep]
|-heal|p1a: Tinkaton|92/100 par|[from] item: Leftovers
|upkeep
|turn|19
|
|t:|1743919959
|move|p2a: Corviknight|Defog|p1a: Tinkaton
|-unboost|p1a: Tinkaton|evasion|1
|-sideend|p2: Force_ten|Stealth Rock|[from] move: Defog|[of] p2a: Corviknight
|cant|p1a: Tinkaton|par
|
|-weather|Snowscape|[upkeep]
|-heal|p1a: Tinkaton|98/100 par|[from] item: Leftovers
|upkeep
|turn|20
|
|t:|1743919964
|move|p2a: Corviknight|Body Press|p1a: Tinkaton
|-damage|p1a: Tinkaton|68/100 par
|cant|p1a: Tinkaton|par
|
|-weather|Snowscape|[upkeep]
|-heal|p1a: Tinkaton|74/100 par|[from] item: Leftovers
|upkeep
|turn|21
|
|t:|1743920009
|move|p2a: Corviknight|Iron Defense|p2a: Corviknight
|-boost|p2a: Corviknight|def|2
|cant|p1a: Tinkaton|par
|
|-weather|Snowscape|[upkeep]
|-heal|p1a: Tinkaton|80/100 par|[from] item: Leftovers
|upkeep
|turn|22
|inactive|Battle timer is ON: inactive players will automatically lose when time's up. (requested by Force_ten)
|c|☆UnBooosted|jfc
|l|☆Force_ten
|inactive|Force_ten disconnected and has a minute to reconnect!
|player|p2|
|j|☆Force_ten
|inactive|Force_ten reconnected.
|player|p2|Force_ten|102|
|
|t:|1743920040
|move|p2a: Corviknight|Body Press|p1a: Tinkaton
|-damage|p1a: Tinkaton|25/100 par
|move|p1a: Tinkaton|Encore|p2a: Corviknight
|-start|p2a: Corviknight|Encore
|
|-weather|none
|-heal|p1a: Tinkaton|31/100 par|[from] item: Leftovers
|upkeep
|turn|23
|
|t:|1743920065
|switch|p1a: Great Tusk|Great Tusk|57/100
|move|p2a: Corviknight|Body Press|p1a: Great Tusk
|-damage|p1a: Great Tusk|21/100
|
|upkeep
|turn|24
|
|t:|1743920070
|move|p1a: Great Tusk|Knock Off|p2a: Corviknight
|-damage|p2a: Corviknight|78/100
|-damage|p1a: Great Tusk|5/100|[from] item: Rocky Helmet|[of] p2a: Corviknight
|-enditem|p2a: Corviknight|Rocky Helmet|[from] move: Knock Off|[of] p1a: Great Tusk
|move|p2a: Corviknight|Body Press|p1a: Great Tusk
|-damage|p1a: Great Tusk|0 fnt
|faint|p1a: Great Tusk
|-end|p1a: Great Tusk|Protosynthesis|[silent]
|
|upkeep
|
|t:|1743920077
|switch|p1a: Rotom|Rotom-Wash|52/100 psn
|turn|25
|
|t:|1743920082
|switch|p2a: Slowking|Slowking-Galar, F|100/100 brn
|move|p1a: Rotom|Pain Split|p2a: Slowking
|-sethp|p2a: Slowking|70/100 brn|[from] move: Pain Split|[silent]
|-sethp|p1a: Rotom|91/100 psn|[from] move: Pain Split
|
|-damage|p1a: Rotom|79/100 psn|[from] psn
|-damage|p2a: Slowking|64/100 brn|[from] brn
|upkeep
|turn|26
|
|t:|1743920086
|move|p1a: Rotom|Volt Switch|p2a: Slowking
|-damage|p2a: Slowking|48/100 brn
|
|t:|1743920108
|switch|p1a: Tinkaton|Tinkaton, F|31/100 par|[from] Volt Switch
|-ability|p1a: Tinkaton|Mold Breaker
|move|p2a: Slowking|Future Sight|p1a: Tinkaton
|-start|p2a: Slowking|move: Future Sight
|
|-heal|p1a: Tinkaton|37/100 par|[from] item: Leftovers
|-damage|p2a: Slowking|42/100 brn|[from] brn
|upkeep
|turn|27
|
|t:|1743920119
|switch|p2a: Corviknight|Corviknight, M|78/100
|-ability|p2a: Corviknight|Pressure
|move|p1a: Tinkaton|Stealth Rock|p2a: Corviknight
|-sidestart|p2: Force_ten|move: Stealth Rock
|
|-heal|p1a: Tinkaton|43/100 par|[from] item: Leftovers
|upkeep
|turn|28
|
|t:|1743920124
|switch|p1a: Rotom|Rotom-Wash|79/100 psn
|move|p2a: Corviknight|Body Press|p1a: Rotom
|-damage|p1a: Rotom|56/100 psn
|-damage|p2a: Corviknight|62/100|[from] item: Rocky Helmet|[of] p1a: Rotom
|
|-end|p1a: Rotom|move: Future Sight
|-damage|p1a: Rotom|10/100 psn
|-damage|p1a: Rotom|0 fnt|[from] psn
|faint|p1a: Rotom
|upkeep
|
|t:|1743920130
|switch|p1a: Darkrai|Darkrai|100/100
|turn|29
|
|t:|1743920139
|move|p1a: Darkrai|Dark Pulse|p2a: Corviknight
|-damage|p2a: Corviknight|21/100
|move|p2a: Corviknight|Defog|p1a: Darkrai
|-unboost|p1a: Darkrai|evasion|1
|-sideend|p2: Force_ten|Stealth Rock|[from] move: Defog|[of] p2a: Corviknight
|
|upkeep
|turn|30
|
|t:|1743920147
|move|p1a: Darkrai|Dark Pulse|p2a: Corviknight
|-damage|p2a: Corviknight|0 fnt
|faint|p2a: Corviknight
|
|upkeep
|
|t:|1743920150
|switch|p2a: Iron Valiant|Iron Valiant|34/100
|turn|31
|
|t:|1743920156
|switch|p1a: Hydrapple|Hydrapple, M|100/100
|move|p2a: Iron Valiant|Close Combat|p1a: Hydrapple
|-damage|p1a: Hydrapple|48/100
|-unboost|p2a: Iron Valiant|def|1
|-unboost|p2a: Iron Valiant|spd|1
|
|upkeep
|turn|32
|
|t:|1743920170
|-terastallize|p1a: Hydrapple|Fairy
|move|p2a: Iron Valiant|Close Combat|p1a: Hydrapple
|-resisted|p1a: Hydrapple
|-damage|p1a: Hydrapple|26/100
|-unboost|p2a: Iron Valiant|def|1
|-unboost|p2a: Iron Valiant|spd|1
|move|p1a: Hydrapple|Earth Power|p2a: Iron Valiant
|-damage|p2a: Iron Valiant|0 fnt
|faint|p2a: Iron Valiant
|-end|p2a: Iron Valiant|Quark Drive|[silent]
|
|upkeep
|
|t:|1743920187
|switch|p2a: Dondozo|Dondozo, M|68/100
|turn|33
|
|t:|1743920193
|switch|p1a: Tinkaton|Tinkaton, F|43/100 par
|-ability|p1a: Tinkaton|Mold Breaker
|-terastallize|p2a: Dondozo|Dark
|move|p2a: Dondozo|Curse|p2a: Dondozo
|-unboost|p2a: Dondozo|spe|1
|-boost|p2a: Dondozo|atk|1
|-boost|p2a: Dondozo|def|1
|
|-heal|p1a: Tinkaton|50/100 par|[from] item: Leftovers
|-heal|p2a: Dondozo|74/100|[from] item: Leftovers
|upkeep
|turn|34
|
|t:|1743920207
|cant|p1a: Tinkaton|par
|move|p2a: Dondozo|Liquidation|p1a: Tinkaton
|-damage|p1a: Tinkaton|1/100 par
|
|-heal|p1a: Tinkaton|7/100 par|[from] item: Leftovers
|-heal|p2a: Dondozo|80/100|[from] item: Leftovers
|upkeep
|turn|35
|c|☆UnBooosted|oh my god
|c|☆UnBooosted|well gg
|
|t:|1743920237
|move|p1a: Tinkaton|Stealth Rock|p2a: Dondozo
|-sidestart|p2: Force_ten|move: Stealth Rock
|move|p2a: Dondozo|Liquidation|p1a: Tinkaton
|-damage|p1a: Tinkaton|0 fnt
|faint|p1a: Tinkaton
|
|-heal|p2a: Dondozo|86/100|[from] item: Leftovers
|upkeep
|
|t:|1743920240
|switch|p1a: Darkrai|Darkrai|100/100
|turn|36
|
|t:|1743920243
|move|p1a: Darkrai|Ice Beam|p2a: Dondozo
|-damage|p2a: Dondozo|65/100
|move|p2a: Dondozo|Liquidation|p1a: Darkrai
|-damage|p1a: Darkrai|42/100
|
|-heal|p1a: Darkrai|49/100|[from] item: Leftovers
|-heal|p2a: Dondozo|71/100|[from] item: Leftovers
|upkeep
|turn|37
|
|t:|1743920247
|move|p1a: Darkrai|Ice Beam|p2a: Dondozo
|-damage|p2a: Dondozo|52/100
|move|p2a: Dondozo|Liquidation|p1a: Darkrai
|-damage|p1a: Darkrai|0 fnt
|faint|p1a: Darkrai
|
|-heal|p2a: Dondozo|58/100|[from] item: Leftovers
|upkeep
|
|t:|1743920257
|switch|p1a: Hydrapple|Hydrapple, M, tera:Fairy|59/100
|turn|38
|
|t:|1743920263
|move|p1a: Hydrapple|Fickle Beam|p2a: Dondozo
|-crit|p2a: Dondozo
|-damage|p2a: Dondozo|18/100
|move|p2a: Dondozo|Liquidation|p1a: Hydrapple
|-damage|p1a: Hydrapple|26/100
|
|-heal|p2a: Dondozo|24/100|[from] item: Leftovers
|upkeep
|turn|39
|
|t:|1743920275
|move|p1a: Hydrapple|Fickle Beam|p2a: Dondozo
|-damage|p2a: Dondozo|0 fnt
|faint|p2a: Dondozo
|
|upkeep
|
|t:|1743920278
|switch|p2a: Slowking|Slowking-Galar, F|76/100 brn
|-damage|p2a: Slowking|63/100 brn|[from] Stealth Rock
|turn|40
|inactive|UnBooosted has 120 seconds left.
|inactive|UnBooosted has 90 seconds left.
|inactive|UnBooosted has 60 seconds left.
|inactive|UnBooosted has 30 seconds left.
|inactive|UnBooosted has 20 seconds left.
|inactive|UnBooosted has 15 seconds left.
|inactive|UnBooosted has 10 seconds left.
|inactive|UnBooosted has 5 seconds left.
|-message|UnBooosted lost due to inactivity.
|
|win|Force_ten
|raw|UnBooosted's rating: 1501 &rarr; <strong>1477</strong><br />(-24 for losing)
|raw|Force_ten's rating: 1422 &rarr; <strong>1446</strong><br />(+24 for winning)
|l|☆UnBooosted
|player|p1|
|l|☆Force_ten
|player|p2|
