|j|☆RAGGNNAR
|j|☆Youky.on
|t:|1743931980
|gametype|singles
|player|p1|RAGGNNAR|ruinmaniac|1150
|player|p2|Youky.on|1|1197
|teamsize|p1|6
|teamsize|p2|6
|gen|9
|tier|[Gen 9] OU
|rated|
|rule|HP Percentage Mod: HP is shown in percentages
|rule|Endless Battle Clause: Forcing endless battles is banned
|rule|Species Clause: Limit one of each Pokémon
|rule|OHKO Clause: OHKO moves are banned
|rule|Evasion Items Clause: Evasion items are banned
|rule|Evasion Moves Clause: Evasion moves are banned
|rule|Sleep Moves Clause: Sleep-inducing moves are banned
|clearpoke
|poke|p1|Armarouge, M|
|poke|p1|Umbreon, M|
|poke|p1|Torterra, M|
|poke|p1|Greedent, F|
|poke|p1|Alcremie, F|
|poke|p1|Salamence, M|
|poke|p2|Gliscor, M|
|poke|p2|Moltres|
|poke|p2|Great Tusk|
|poke|p2|Dragapult, M|
|poke|p2|Toxapex, F|
|poke|p2|Iron Moth|
|teampreview
|inactive|Battle timer is ON: inactive players will automatically lose when time's up. (requested by Youky.on)
|inactive|RAGGNNAR has 120 seconds left.
|
|t:|1743932015
|start
|switch|p1a: Alcremie|Alcremie, F, shiny|100/100
|switch|p2a: Gliscor|Gliscor, M|100/100
|turn|1
|
|t:|1743932021
|-terastallize|p1a: Alcremie|Water
|move|p2a: Gliscor|Protect|p2a: Gliscor
|-singleturn|p2a: Gliscor|Protect
|move|p1a: Alcremie|Tera Blast|p2a: Gliscor|[anim] Tera Blast Water
|-activate|p2a: Gliscor|move: Protect
|
|-status|p2a: Gliscor|tox|[from] item: Toxic Orb
|upkeep
|turn|2
|
|t:|1743932031
|switch|p2a: Toxapex|Toxapex, F|100/100
|move|p1a: Alcremie|Draining Kiss|p2a: Toxapex
|-resisted|p2a: Toxapex
|-crit|p2a: Toxapex
|-damage|p2a: Toxapex|86/100
|-damage|p1a: Alcremie|84/100|[from] item: Rocky Helmet|[of] p2a: Toxapex
|
|upkeep
|turn|3
|
|t:|1743932045
|move|p1a: Alcremie|Psyshock|p2a: Toxapex
|-supereffective|p2a: Toxapex
|-damage|p2a: Toxapex|53/100
|move|p2a: Toxapex|Toxic Spikes|p1a: Alcremie
|-sidestart|p1: RAGGNNAR|move: Toxic Spikes
|
|upkeep
|turn|4
|
|t:|1743932061
|move|p1a: Alcremie|Psyshock|p2a: Toxapex
|-supereffective|p2a: Toxapex
|-damage|p2a: Toxapex|23/100
|move|p2a: Toxapex|Toxic Spikes|p1a: Alcremie
|-sidestart|p1: RAGGNNAR|move: Toxic Spikes
|
|upkeep
|turn|5
|
|t:|1743932070
|switch|p2a: Gliscor|Gliscor, M|100/100 tox
|move|p1a: Alcremie|Psyshock|p2a: Gliscor
|-damage|p2a: Gliscor|84/100 tox
|
|-heal|p2a: Gliscor|96/100 tox|[from] ability: Poison Heal
|upkeep
|turn|6
|
|t:|1743932077
|switch|p2a: Toxapex|Toxapex, F|56/100
|move|p1a: Alcremie|Tera Blast|p2a: Toxapex|[anim] Tera Blast Water
|-resisted|p2a: Toxapex
|-damage|p2a: Toxapex|41/100
|
|upkeep
|turn|7
|
|t:|1743932083
|switch|p2a: Gliscor|Gliscor, M|96/100 tox
|move|p1a: Alcremie|Psyshock|p2a: Gliscor
|-damage|p2a: Gliscor|80/100 tox
|
|-heal|p2a: Gliscor|93/100 tox|[from] ability: Poison Heal
|upkeep
|turn|8
|
|t:|1743932091
|move|p2a: Gliscor|Spikes|p1a: Alcremie
|-sidestart|p1: RAGGNNAR|Spikes
|move|p1a: Alcremie|Psyshock|p2a: Gliscor
|-crit|p2a: Gliscor
|-damage|p2a: Gliscor|67/100 tox
|
|-heal|p2a: Gliscor|80/100 tox|[from] ability: Poison Heal
|upkeep
|turn|9
|
|t:|1743932097
|move|p2a: Gliscor|Spikes|p1a: Alcremie
|-sidestart|p1: RAGGNNAR|Spikes
|move|p1a: Alcremie|Psyshock|p2a: Gliscor
|-crit|p2a: Gliscor
|-damage|p2a: Gliscor|57/100 tox
|
|-heal|p2a: Gliscor|69/100 tox|[from] ability: Poison Heal
|upkeep
|turn|10
|
|t:|1743932104
|move|p2a: Gliscor|Toxic|p1a: Alcremie
|-status|p1a: Alcremie|tox
|move|p1a: Alcremie|Tera Blast|p2a: Gliscor|[anim] Tera Blast Water
|-supereffective|p2a: Gliscor
|-damage|p2a: Gliscor|0 fnt
|faint|p2a: Gliscor
|
|-damage|p1a: Alcremie|78/100 tox|[from] psn
|upkeep
|inactive|Youky.on has 120 seconds left.
|
|t:|1743932153
|switch|p2a: Toxapex|Toxapex, F|74/100
|turn|11
|
|t:|1743932158
|move|p1a: Alcremie|Psyshock|p2a: Toxapex
|-supereffective|p2a: Toxapex
|-damage|p2a: Toxapex|40/100
|move|p2a: Toxapex|Recover|p2a: Toxapex
|-heal|p2a: Toxapex|90/100
|
|-damage|p1a: Alcremie|66/100 tox|[from] psn
|upkeep
|turn|12
|inactive|Youky.on has 120 seconds left.
|
|t:|1743932168
|switch|p1a: Salamence|Salamence, M, shiny|100/100
|move|p2a: Toxapex|Chilling Water|p1a: Salamence
|-resisted|p1a: Salamence
|-damage|p1a: Salamence|95/100
|-unboost|p1a: Salamence|atk|1
|
|upkeep
|turn|13
|inactive|Youky.on has 120 seconds left.
|
|t:|1743932186
|switch|p1a: Alcremie|Alcremie, F, shiny, tera:Water|66/100 tox
|-damage|p1a: Alcremie|50/100 tox|[from] Spikes
|move|p2a: Toxapex|Toxic|p1a: Alcremie
|-fail|p1a: Alcremie|tox
|
|-damage|p1a: Alcremie|44/100 tox|[from] psn
|upkeep
|turn|14
|inactive|Youky.on has 120 seconds left.
|
|t:|1743932198
|switch|p2a: Moltres|Moltres|100/100
|move|p1a: Alcremie|Psyshock|p2a: Moltres
|-damage|p2a: Moltres|81/100
|
|-damage|p1a: Alcremie|32/100 tox|[from] psn
|upkeep
|turn|15
|inactive|Youky.on has 120 seconds left.
|
|t:|1743932209
|switch|p2a: Toxapex|Toxapex, F|100/100
|move|p1a: Alcremie|Tera Blast|p2a: Toxapex|[anim] Tera Blast Water
|-resisted|p2a: Toxapex
|-damage|p2a: Toxapex|85/100
|
|-damage|p1a: Alcremie|14/100 tox|[from] psn
|upkeep
|turn|16
|inactive|Youky.on has 120 seconds left.
|
|t:|1743932218
|move|p1a: Alcremie|Tera Blast|p2a: Toxapex|[anim] Tera Blast Water
|-resisted|p2a: Toxapex
|-damage|p2a: Toxapex|68/100
|move|p2a: Toxapex|Chilling Water|p1a: Alcremie
|-resisted|p1a: Alcremie
|-damage|p1a: Alcremie|9/100 tox
|-unboost|p1a: Alcremie|atk|1
|
|-damage|p1a: Alcremie|0 fnt|[from] psn
|faint|p1a: Alcremie
|upkeep
|
|t:|1743932229
|switch|p1a: Brian deth|Armarouge, M, shiny|100/100
|-status|p1a: Brian deth|tox
|-damage|p1a: Brian deth|84/100 tox|[from] Spikes
|turn|17
|
|t:|1743932242
|switch|p2a: Great Tusk|Great Tusk|100/100
|move|p1a: Brian deth|Energy Ball|p2a: Great Tusk
|-supereffective|p2a: Great Tusk
|-damage|p2a: Great Tusk|22/100
|
|-heal|p2a: Great Tusk|28/100|[from] item: Leftovers
|-damage|p1a: Brian deth|78/100 tox|[from] psn
|upkeep
|turn|18
|
|t:|1743932254
|move|p2a: Great Tusk|Stealth Rock|p1a: Brian deth
|-sidestart|p1: RAGGNNAR|move: Stealth Rock
|move|p1a: Brian deth|Energy Ball|p2a: Great Tusk
|-supereffective|p2a: Great Tusk
|-damage|p2a: Great Tusk|0 fnt
|faint|p2a: Great Tusk
|-end|p2a: Great Tusk|Protosynthesis|[silent]
|
|-damage|p1a: Brian deth|66/100 tox|[from] psn
|upkeep
|
|t:|1743932260
|switch|p2a: Moltres|Moltres|81/100
|turn|19
|
|t:|1743932265
|move|p1a: Brian deth|Armor Cannon|p2a: Moltres
|-resisted|p2a: Moltres
|-damage|p2a: Moltres|52/100
|-unboost|p1a: Brian deth|def|1
|-unboost|p1a: Brian deth|spd|1
|move|p2a: Moltres|Roar|p1a: Brian deth
|drag|p1a: Ragnar|Umbreon, M, shiny|100/100
|-status|p1a: Ragnar|tox
|-damage|p1a: Ragnar|84/100 tox|[from] Spikes
|-damage|p1a: Ragnar|72/100 tox|[from] Stealth Rock
|
|-heal|p1a: Ragnar|78/100 tox|[from] item: Leftovers
|-damage|p1a: Ragnar|72/100 tox|[from] psn
|upkeep
|turn|20
|
|t:|1743932283
|move|p1a: Ragnar|Toxic|p2a: Moltres
|-status|p2a: Moltres|tox
|move|p2a: Moltres|Roar|p1a: Ragnar
|drag|p1a: Brian deth|Armarouge, M, shiny|66/100 tox
|-damage|p1a: Brian deth|49/100 tox|[from] Spikes
|-damage|p1a: Brian deth|25/100 tox|[from] Stealth Rock
|
|-damage|p1a: Brian deth|19/100 tox|[from] psn
|-damage|p2a: Moltres|46/100 tox|[from] psn
|upkeep
|turn|21
|
|t:|1743932296
|move|p1a: Brian deth|Armor Cannon|p2a: Moltres
|-resisted|p2a: Moltres
|-damage|p2a: Moltres|16/100 tox
|-unboost|p1a: Brian deth|def|1
|-unboost|p1a: Brian deth|spd|1
|move|p2a: Moltres|Roost|p2a: Moltres
|-heal|p2a: Moltres|66/100 tox
|-singleturn|p2a: Moltres|move: Roost
|
|-damage|p1a: Brian deth|6/100 tox|[from] psn
|-damage|p2a: Moltres|54/100 tox|[from] psn
|upkeep
|turn|22
|
|t:|1743932306
|switch|p2a: Toxapex|Toxapex, F|100/100
|move|p1a: Brian deth|Armor Cannon|p2a: Toxapex
|-resisted|p2a: Toxapex
|-damage|p2a: Toxapex|77/100
|-unboost|p1a: Brian deth|def|1
|-unboost|p1a: Brian deth|spd|1
|
|-damage|p1a: Brian deth|0 fnt|[from] psn
|faint|p1a: Brian deth
|upkeep
|
|t:|1743932317
|switch|p1a: Torterra|Torterra, M, shiny|100/100
|-status|p1a: Torterra|tox
|-damage|p1a: Torterra|84/100 tox|[from] Spikes
|-damage|p1a: Torterra|78/100 tox|[from] Stealth Rock
|turn|23
|
|t:|1743932335
|switch|p2a: Moltres|Moltres|54/100 tox
|move|p1a: Torterra|Stealth Rock|p2a: Moltres
|-sidestart|p2: Youky.on|move: Stealth Rock
|
|-damage|p2a: Moltres|48/100 tox|[from] psn
|-damage|p1a: Torterra|72/100 tox|[from] psn
|upkeep
|turn|24
|
|t:|1743932341
|move|p1a: Torterra|Leech Seed|p2a: Moltres
|-start|p2a: Moltres|move: Leech Seed
|move|p2a: Moltres|Roar|p1a: Torterra
|drag|p1a: Salamence|Salamence, M, shiny|95/100
|-damage|p1a: Salamence|70/100|[from] Stealth Rock
|
|-damage|p2a: Moltres|36/100 tox|[from] Leech Seed|[of] p1a: Salamence
|-heal|p1a: Salamence|82/100|[silent]
|-damage|p2a: Moltres|24/100 tox|[from] psn
|upkeep
|turn|25
|
|t:|1743932352
|switch|p2a: Toxapex|Toxapex, F|100/100
|-damage|p2a: Toxapex|88/100|[from] Stealth Rock
|move|p1a: Salamence|Dragon Dance|p1a: Salamence
|-boost|p1a: Salamence|atk|1
|-boost|p1a: Salamence|spe|1
|
|upkeep
|turn|26
|
|t:|1743932362
|move|p1a: Salamence|Dragon Dance|p1a: Salamence
|-boost|p1a: Salamence|atk|1
|-boost|p1a: Salamence|spe|1
|move|p2a: Toxapex|Toxic|p1a: Salamence
|-status|p1a: Salamence|tox
|-enditem|p1a: Salamence|Lum Berry|[eat]
|-curestatus|p1a: Salamence|tox|[msg]
|
|upkeep
|turn|27
|
|t:|1743932371
|move|p1a: Salamence|Earthquake|p2a: Toxapex
|-supereffective|p2a: Toxapex
|-damage|p2a: Toxapex|22/100
|move|p2a: Toxapex|Toxic|p1a: Salamence
|-status|p1a: Salamence|tox
|
|-damage|p1a: Salamence|76/100 tox|[from] psn
|upkeep
|turn|28
|
|t:|1743932378
|switch|p2a: Moltres|Moltres|24/100 tox
|move|p1a: Salamence|Dual Wingbeat|p2a: Moltres
|-damage|p2a: Moltres|0 fnt
|faint|p2a: Moltres
|-ability|p1a: Salamence|Moxie|boost
|-boost|p1a: Salamence|atk|1
|-hitcount|p2: Moltres|1
|
|-damage|p1a: Salamence|64/100 tox|[from] psn
|upkeep
|
|t:|1743932388
|switch|p2a: Toxapex|Toxapex, F|55/100
|-damage|p2a: Toxapex|42/100|[from] Stealth Rock
|turn|29
|
|t:|1743932391
|move|p1a: Salamence|Earthquake|p2a: Toxapex
|-supereffective|p2a: Toxapex
|-damage|p2a: Toxapex|0 fnt
|faint|p2a: Toxapex
|-ability|p1a: Salamence|Moxie|boost
|-boost|p1a: Salamence|atk|1
|
|-damage|p1a: Salamence|46/100 tox|[from] psn
|upkeep
|
|t:|1743932413
|switch|p2a: Dragapult|Dragapult, M|100/100
|turn|30
|
|t:|1743932426
|move|p1a: Salamence|Dual Wingbeat|p2a: Dragapult
|-damage|p2a: Dragapult|28/100
|-damage|p2a: Dragapult|0 fnt
|faint|p2a: Dragapult
|-ability|p1a: Salamence|Moxie|boost
|-boost|p1a: Salamence|atk|1
|-hitcount|p2: Dragapult|2
|
|-damage|p1a: Salamence|21/100 tox|[from] psn
|upkeep
|
|t:|1743932430
|switch|p2a: Iron Moth|Iron Moth|100/100
|-damage|p2a: Iron Moth|76/100|[from] Stealth Rock
|-enditem|p2a: Iron Moth|Booster Energy
|-activate|p2a: Iron Moth|ability: Quark Drive|[fromitem]
|-start|p2a: Iron Moth|quarkdrivespe
|turn|31
|
|t:|1743932438
|-terastallize|p2a: Iron Moth|Fairy
|move|p1a: Salamence|Dual Wingbeat|p2a: Iron Moth
|-damage|p2a: Iron Moth|0 fnt
|faint|p2a: Iron Moth
|-end|p2a: Iron Moth|Quark Drive|[silent]
|-hitcount|p2: Iron Moth|1
|
|win|RAGGNNAR
|raw|RAGGNNAR's rating: 1150 &rarr; <strong>1178</strong><br />(+28 for winning)
|raw|Youky.on's rating: 1197 &rarr; <strong>1169</strong><br />(-28 for losing)
|l|☆Youky.on
|player|p2|
|l|☆RAGGNNAR
|player|p1|
