|j|☆Nchch
|j|☆asw990117
|t:|1743929741
|gametype|singles
|player|p1|Nchch|265|1095
|player|p2|asw990117|265|1113
|teamsize|p1|6
|teamsize|p2|6
|gen|9
|tier|[Gen 9] OU
|rated|
|rule|HP Percentage Mod: HP is shown in percentages
|rule|Endless Battle Clause: Forcing endless battles is banned
|rule|Species Clause: Limit one of each Pokémon
|rule|OHKO Clause: OHKO moves are banned
|rule|Evasion Items Clause: Evasion items are banned
|rule|Evasion Moves Clause: Evasion moves are banned
|rule|Sleep Moves Clause: Sleep-inducing moves are banned
|clearpoke
|poke|p1|Sceptile, M|
|poke|p1|Blaziken, M|
|poke|p1|Serperior, F|
|poke|p1|Cinderace, M|
|poke|p1|Inteleon, F|
|poke|p1|Meowscarada, F|
|poke|p2|Breloom, M|
|poke|p2|Corviknight, F|
|poke|p2|Raging Bolt|
|poke|p2|Swampert, F|
|poke|p2|Blaziken, M|
|poke|p2|Dragonite, M|
|teampreview
|inactive|Battle timer is ON: inactive players will automatically lose when time's up. (requested by Nchch)
|
|t:|1743929769
|start
|switch|p1a: Sceptile|Sceptile, M|100/100
|switch|p2a: Dragonite|Dragonite, M|100/100
|turn|1
|
|t:|1743929780
|-terastallize|p2a: Dragonite|Normal
|move|p1a: Sceptile|Fling|p2a: Dragonite
|-damage|p2a: Dragonite|82/100
|-enditem|p1a: Sceptile|Big Nugget|[from] move: Fling
|move|p2a: Dragonite|Ice Spinner|p1a: Sceptile
|-supereffective|p1a: Sceptile
|-damage|p1a: Sceptile|27/100
|
|-heal|p2a: Dragonite|88/100|[from] item: Leftovers
|upkeep
|turn|2
|
|t:|1743929789
|move|p2a: Dragonite|Extreme Speed|p1a: Sceptile
|-damage|p1a: Sceptile|0 fnt
|faint|p1a: Sceptile
|
|-heal|p2a: Dragonite|94/100|[from] item: Leftovers
|upkeep
|
|t:|1743929792
|switch|p1a: Blaziken|Blaziken, M, shiny|100/100
|turn|3
|
|t:|1743929803
|move|p1a: Blaziken|Aura Sphere|p2a: Dragonite
|-supereffective|p2a: Dragonite
|-damage|p2a: Dragonite|0 fnt
|faint|p2a: Dragonite
|-damage|p1a: Blaziken|91/100|[from] item: Life Orb
|
|-ability|p1a: Blaziken|Speed Boost|boost
|-boost|p1a: Blaziken|spe|1
|upkeep
|
|t:|1743929812
|switch|p2a: Swampert|Swampert, F|100/100
|turn|4
|
|t:|1743929824
|switch|p1a: Serperior|Serperior, F|100/100
|move|p2a: Swampert|Ice Punch|p1a: Serperior
|-supereffective|p1a: Serperior
|-damage|p1a: Serperior|44/100
|
|upkeep
|turn|5
|
|t:|1743929854
|switch|p2a: Blaziken|Blaziken, M|100/100
|move|p1a: Serperior|Leaf Storm|p2a: Blaziken
|-resisted|p2a: Blaziken
|-damage|p2a: Blaziken|71/100
|-boost|p1a: Serperior|spa|2
|
|upkeep
|turn|6
|
|t:|1743929863
|move|p1a: Serperior|Leaf Storm|p2a: Blaziken
|-resisted|p2a: Blaziken
|-damage|p2a: Blaziken|2/100
|-boost|p1a: Serperior|spa|2
|move|p2a: Blaziken|Brick Break|p1a: Serperior
|-damage|p1a: Serperior|0 fnt
|faint|p1a: Serperior
|
|-ability|p2a: Blaziken|Speed Boost|boost
|-boost|p2a: Blaziken|spe|1
|upkeep
|
|t:|1743929871
|switch|p1a: Blaziken|Blaziken, M, shiny|91/100
|turn|7
|
|t:|1743929876
|move|p1a: Blaziken|Vacuum Wave|p2a: Blaziken
|-damage|p2a: Blaziken|0 fnt
|faint|p2a: Blaziken
|-damage|p1a: Blaziken|81/100|[from] item: Life Orb
|
|-ability|p1a: Blaziken|Speed Boost|boost
|-boost|p1a: Blaziken|spe|1
|upkeep
|
|t:|1743929885
|switch|p2a: Swampert|Swampert, F|100/100
|turn|8
|
|t:|1743929897
|move|p1a: Blaziken|Aura Sphere|p2a: Swampert
|-damage|p2a: Swampert|56/100
|-damage|p1a: Blaziken|71/100|[from] item: Life Orb
|move|p2a: Swampert|Earthquake|p1a: Blaziken
|-supereffective|p1a: Blaziken
|-damage|p1a: Blaziken|0 fnt
|faint|p1a: Blaziken
|
|-heal|p2a: Swampert|62/100|[from] item: Leftovers
|upkeep
|
|t:|1743929907
|switch|p1a: Meowscarada|Meowscarada, F, shiny|100/100
|turn|9
|
|t:|1743929914
|switch|p2a: Corviknight|Corviknight, F|100/100
|move|p1a: Meowscarada|Triple Axel|p2a: Corviknight
|-start|p1a: Meowscarada|typechange|Ice|[from] ability: Protean
|-damage|p2a: Corviknight|93/100
|-damage|p2a: Corviknight|78/100
|-damage|p2a: Corviknight|58/100
|-hitcount|p2a: Corviknight|3
|
|-heal|p2a: Corviknight|65/100|[from] item: Leftovers
|upkeep
|turn|10
|
|t:|1743929928
|switch|p1a: Cinderace|Cinderace, M|100/100
|move|p2a: Corviknight|Body Press|p1a: Cinderace
|-damage|p1a: Cinderace|68/100
|
|-heal|p2a: Corviknight|71/100|[from] item: Leftovers
|upkeep
|turn|11
|
|t:|1743929937
|switch|p2a: Swampert|Swampert, F|62/100
|move|p1a: Cinderace|Pyro Ball|p2a: Swampert
|-resisted|p2a: Swampert
|-damage|p2a: Swampert|34/100
|
|-heal|p2a: Swampert|40/100|[from] item: Leftovers
|upkeep
|turn|12
|inactive|asw990117 has 120 seconds left.
|
|t:|1743929973
|move|p1a: Cinderace|High Jump Kick|p2a: Swampert
|-start|p1a: Cinderace|typechange|Fighting|[from] ability: Libero
|-damage|p2a: Swampert|0 fnt
|faint|p2a: Swampert
|
|upkeep
|
|t:|1743929979
|switch|p2a: Raging Bolt|Raging Bolt|100/100
|-enditem|p2a: Raging Bolt|Booster Energy
|-activate|p2a: Raging Bolt|ability: Protosynthesis|[fromitem]
|-start|p2a: Raging Bolt|protosynthesisspa
|turn|13
|
|t:|1743929990
|switch|p1a: Meowscarada|Meowscarada, F, shiny|100/100
|move|p2a: Raging Bolt|Dragon Pulse|p1a: Meowscarada
|-crit|p1a: Meowscarada
|-damage|p1a: Meowscarada|0 fnt
|faint|p1a: Meowscarada
|
|upkeep
|
|t:|1743929995
|switch|p1a: Inteleon|Inteleon, F|100/100
|turn|14
|
|t:|1743930000
|move|p1a: Inteleon|Ice Beam|p2a: Raging Bolt
|-supereffective|p2a: Raging Bolt
|-damage|p2a: Raging Bolt|44/100
|move|p2a: Raging Bolt|Thunderbolt|p1a: Inteleon
|-supereffective|p1a: Inteleon
|-damage|p1a: Inteleon|0 fnt
|faint|p1a: Inteleon
|
|upkeep
|
|t:|1743930005
|switch|p1a: Cinderace|Cinderace, M|68/100
|turn|15
|
|t:|1743930011
|move|p1a: Cinderace|High Jump Kick|p2a: Raging Bolt
|-start|p1a: Cinderace|typechange|Fighting|[from] ability: Libero
|-damage|p2a: Raging Bolt|0 fnt
|faint|p2a: Raging Bolt
|-end|p2a: Raging Bolt|Protosynthesis|[silent]
|
|upkeep
|
|t:|1743930025
|switch|p2a: Corviknight|Corviknight, F|71/100
|turn|16
|
|t:|1743930029
|-terastallize|p1a: Cinderace|Fire
|move|p1a: Cinderace|Pyro Ball|p2a: Corviknight
|-supereffective|p2a: Corviknight
|-damage|p2a: Corviknight|0 fnt
|faint|p2a: Corviknight
|
|upkeep
|
|t:|1743930035
|switch|p2a: Breloom|Breloom, M|100/100
|turn|17
|
|t:|1743930038
|move|p1a: Cinderace|Pyro Ball|p2a: Breloom
|-supereffective|p2a: Breloom
|-damage|p2a: Breloom|0 fnt
|faint|p2a: Breloom
|
|win|Nchch
|raw|Nchch's rating: 1095 &rarr; <strong>1122</strong><br />(+27 for winning)
|raw|asw990117's rating: 1113 &rarr; <strong>1087</strong><br />(-26 for losing)
|l|☆asw990117
|player|p2|
|l|☆Nchch
|player|p1|
