|j|☆Me? GongagaA
|j|☆rolendice
|t:|1743924337
|gametype|singles
|player|p1|Me? GongagaA|266|1225
|player|p2|rolendice|cynthia-gen4|1331
|teamsize|p1|6
|teamsize|p2|6
|gen|9
|tier|[Gen 9] OU
|rated|
|rule|HP Percentage Mod: HP is shown in percentages
|rule|Endless Battle Clause: Forcing endless battles is banned
|rule|Species Clause: Limit one of each Pokémon
|rule|OHKO Clause: OHKO moves are banned
|rule|Evasion Items Clause: Evasion items are banned
|rule|Evasion Moves Clause: Evasion moves are banned
|rule|Sleep Moves Clause: Sleep-inducing moves are banned
|clearpoke
|poke|p1|Darkrai|
|poke|p1|Manaphy|
|poke|p1|Landorus-Therian, M|
|poke|p1|Gholdengo|
|poke|p1|Raging Bolt|
|poke|p1|Iron Valiant|
|poke|p2|Ninetales, F|
|poke|p2|Leafeon, F|
|poke|p2|Manaphy|
|poke|p2|Mienshao, F|
|poke|p2|Umbreon, F|
|poke|p2|Espeon, F|
|teampreview
|inactive|Battle timer is ON: inactive players will automatically lose when time's up. (requested by rolendice)
|inactive|Me? GongagaA also wants the timer to be on.
|
|t:|1743924344
|start
|switch|p1a: Landorus|Landorus-Therian, M|100/100
|switch|p2a: Mienshao|Mienshao, F, shiny|100/100
|-ability|p1a: Landorus|Intimidate|boost
|-unboost|p2a: Mienshao|atk|1
|turn|1
|c|☆rolendice|take manaphy off that boring standard OU smogon team
|c|☆rolendice|disrespecting manaphy by putting her on a team with brain dead mons
|
|t:|1743924370
|move|p2a: Mienshao|U-turn|p1a: Landorus
|-resisted|p1a: Landorus
|-damage|p1a: Landorus|93/100
|-damage|p2a: Mienshao|84/100|[from] item: Rocky Helmet|[of] p1a: Landorus
|
|t:|1743924371
|switch|p2a: Espeon|Espeon, F, shiny|100/100|[from] U-turn
|move|p1a: Landorus|Taunt|p2a: Espeon
|move|p2a: Espeon|Taunt|p1a: Landorus|[from] ability: Magic Bounce
|-start|p1a: Landorus|move: Taunt
|
|upkeep
|turn|2
|
|t:|1743924384
|move|p2a: Espeon|Calm Mind|p2a: Espeon
|-boost|p2a: Espeon|spa|1
|-boost|p2a: Espeon|spd|1
|move|p1a: Landorus|U-turn|p2a: Espeon
|-supereffective|p2a: Espeon
|-damage|p2a: Espeon|27/100
|
|t:|1743924388
|switch|p1a: Darkrai|Darkrai|100/100|[from] U-turn
|
|upkeep
|turn|3
|
|t:|1743924390
|switch|p2a: Umbreon|Umbreon, F, shiny|100/100
|move|p1a: Darkrai|Dark Pulse|p2a: Umbreon
|-resisted|p2a: Umbreon
|-damage|p2a: Umbreon|87/100
|
|-heal|p2a: Umbreon|93/100|[from] item: Leftovers
|upkeep
|turn|4
|
|t:|1743924397
|move|p1a: Darkrai|Nasty Plot|p1a: Darkrai
|-boost|p1a: Darkrai|spa|2
|move|p2a: Umbreon|Thunder Wave|p1a: Darkrai
|-status|p1a: Darkrai|par
|
|-heal|p2a: Umbreon|99/100|[from] item: Leftovers
|upkeep
|turn|5
|
|t:|1743924401
|move|p1a: Darkrai|Focus Blast|p2a: Umbreon
|-supereffective|p2a: Umbreon
|-damage|p2a: Umbreon|0 fnt
|faint|p2a: Umbreon
|
|upkeep
|c|☆rolendice|yup
|c|☆rolendice|focus blast through para
|c|☆rolendice|makes sense
|
|t:|1743924415
|switch|p2a: Mienshao|Mienshao, F, shiny|84/100
|turn|6
|
|t:|1743924419
|switch|p1a: Landorus|Landorus-Therian, M|93/100
|-ability|p1a: Landorus|Intimidate|boost
|-unboost|p2a: Mienshao|atk|1
|move|p2a: Mienshao|U-turn|p1a: Landorus
|-resisted|p1a: Landorus
|-damage|p1a: Landorus|85/100
|-damage|p2a: Mienshao|67/100|[from] item: Rocky Helmet|[of] p1a: Landorus
|
|t:|1743924422
|switch|p2a: Manaphy|Manaphy, shiny|100/100|[from] U-turn
|
|upkeep
|turn|7
|
|t:|1743924428
|switch|p1a: Manaphy|Manaphy|100/100
|move|p2a: Manaphy|Ice Beam|p1a: Manaphy
|-resisted|p1a: Manaphy
|-damage|p1a: Manaphy|91/100
|
|upkeep
|turn|8
|
|t:|1743924432
|switch|p2a: Espeon|Espeon, F, shiny|27/100
|move|p1a: Manaphy|Energy Ball|p2a: Espeon
|-damage|p2a: Espeon|0 fnt
|faint|p2a: Espeon
|
|upkeep
|
|t:|1743924452
|switch|p2a: Ninetales|Ninetales, F, shiny|100/100
|-weather|SunnyDay|[from] ability: Drought|[of] p2a: Ninetales
|turn|9
|
|t:|1743924460
|move|p1a: Manaphy|Tail Glow|p1a: Manaphy
|-boost|p1a: Manaphy|spa|3
|move|p2a: Ninetales|Encore|p1a: Manaphy
|-start|p1a: Manaphy|Encore
|
|-weather|SunnyDay|[upkeep]
|upkeep
|turn|10
|
|t:|1743924467
|switch|p1a: Landorus|Landorus-Therian, M|85/100
|-ability|p1a: Landorus|Intimidate|boost
|-unboost|p2a: Ninetales|atk|1
|move|p2a: Ninetales|Solar Beam||[still]
|-prepare|p2a: Ninetales|Solar Beam
|-anim|p2a: Ninetales|Solar Beam|p1a: Landorus
|-damage|p1a: Landorus|52/100
|
|-weather|SunnyDay|[upkeep]
|upkeep
|turn|11
|
|t:|1743924472
|switch|p2a: Leafeon|Leafeon, F, shiny|100/100
|move|p1a: Landorus|Taunt|p2a: Leafeon
|-start|p2a: Leafeon|move: Taunt
|
|-weather|SunnyDay|[upkeep]
|upkeep
|turn|12
|
|t:|1743924485
|switch|p2a: Mienshao|Mienshao, F, shiny|67/100
|move|p1a: Landorus|Stealth Rock|p2a: Mienshao
|-sidestart|p2: rolendice|move: Stealth Rock
|
|-weather|SunnyDay|[upkeep]
|upkeep
|turn|13
|
|t:|1743924493
|move|p2a: Mienshao|Knock Off|p1a: Landorus
|-damage|p1a: Landorus|20/100
|-damage|p2a: Mienshao|51/100|[from] item: Rocky Helmet|[of] p1a: Landorus
|-enditem|p1a: Landorus|Rocky Helmet|[from] move: Knock Off|[of] p2a: Mienshao
|move|p1a: Landorus|Earth Power|p2a: Mienshao
|-damage|p2a: Mienshao|0 fnt
|faint|p2a: Mienshao
|
|-weather|SunnyDay|[upkeep]
|upkeep
|
|t:|1743924506
|switch|p2a: Manaphy|Manaphy, shiny|100/100
|-damage|p2a: Manaphy|88/100|[from] Stealth Rock
|turn|14
|
|t:|1743924509
|move|p1a: Landorus|Earth Power|p2a: Manaphy
|-damage|p2a: Manaphy|65/100
|move|p2a: Manaphy|Take Heart|p2a: Manaphy
|-boost|p2a: Manaphy|spa|1
|-boost|p2a: Manaphy|spd|1
|
|-weather|SunnyDay|[upkeep]
|-heal|p2a: Manaphy|71/100|[from] item: Leftovers
|upkeep
|turn|15
|
|t:|1743924514
|move|p1a: Landorus|Taunt|p2a: Manaphy
|-start|p2a: Manaphy|move: Taunt
|cant|p2a: Manaphy|move: Taunt|Take Heart
|
|-weather|SunnyDay|[upkeep]
|-heal|p2a: Manaphy|77/100|[from] item: Leftovers
|upkeep
|turn|16
|
|t:|1743924518
|move|p1a: Landorus|Earth Power|p2a: Manaphy
|-damage|p2a: Manaphy|61/100
|move|p2a: Manaphy|Ice Beam|p1a: Landorus
|-supereffective|p1a: Landorus
|-damage|p1a: Landorus|0 fnt
|faint|p1a: Landorus
|
|-weather|none
|-heal|p2a: Manaphy|67/100|[from] item: Leftovers
|upkeep
|
|t:|1743924540
|switch|p1a: Raging Bolt|Raging Bolt|100/100
|-enditem|p1a: Raging Bolt|Booster Energy
|-activate|p1a: Raging Bolt|ability: Protosynthesis|[fromitem]
|-start|p1a: Raging Bolt|protosynthesisspa
|turn|17
|
|t:|1743924544
|move|p2a: Manaphy|Ice Beam|p1a: Raging Bolt
|-supereffective|p1a: Raging Bolt
|-damage|p1a: Raging Bolt|49/100
|move|p1a: Raging Bolt|Thunderbolt|p2a: Manaphy
|-supereffective|p2a: Manaphy
|-damage|p2a: Manaphy|4/100
|
|-heal|p2a: Manaphy|10/100|[from] item: Leftovers
|-end|p2a: Manaphy|move: Taunt
|upkeep
|turn|18
|
|t:|1743924556
|move|p1a: Raging Bolt|Thunderclap||[still]
|-fail|p1a: Raging Bolt
|move|p2a: Manaphy|Take Heart|p2a: Manaphy
|-boost|p2a: Manaphy|spa|1
|-boost|p2a: Manaphy|spd|1
|
|-heal|p2a: Manaphy|17/100|[from] item: Leftovers
|upkeep
|turn|19
|
|t:|1743924559
|move|p1a: Raging Bolt|Thunderclap||[still]
|-fail|p1a: Raging Bolt
|move|p2a: Manaphy|Take Heart|p2a: Manaphy
|-boost|p2a: Manaphy|spa|1
|-boost|p2a: Manaphy|spd|1
|
|-heal|p2a: Manaphy|23/100|[from] item: Leftovers
|upkeep
|turn|20
|
|t:|1743924571
|move|p2a: Manaphy|Ice Beam|p1a: Raging Bolt
|-supereffective|p1a: Raging Bolt
|-damage|p1a: Raging Bolt|0 fnt
|faint|p1a: Raging Bolt
|-end|p1a: Raging Bolt|Protosynthesis|[silent]
|
|-heal|p2a: Manaphy|29/100|[from] item: Leftovers
|upkeep
|
|t:|1743924579
|switch|p1a: Gholdengo|Gholdengo|100/100
|-item|p1a: Gholdengo|Air Balloon
|turn|21
|c|☆rolendice|pls don’t lose to 6 zu mons and 3 eevees….
|
|t:|1743924592
|move|p1a: Gholdengo|Psyshock|p2a: Manaphy
|-damage|p2a: Manaphy|6/100
|move|p2a: Manaphy|Scald|p1a: Gholdengo
|-damage|p1a: Gholdengo|26/100
|-enditem|p1a: Gholdengo|Air Balloon
|
|-heal|p2a: Manaphy|12/100|[from] item: Leftovers
|upkeep
|turn|22
|
|t:|1743924596
|move|p1a: Gholdengo|Psyshock|p2a: Manaphy
|-damage|p2a: Manaphy|0 fnt
|faint|p2a: Manaphy
|
|upkeep
|
|t:|1743924598
|switch|p2a: Ninetales|Ninetales, F, shiny|100/100
|-damage|p2a: Ninetales|76/100|[from] Stealth Rock
|-weather|SunnyDay|[from] ability: Drought|[of] p2a: Ninetales
|turn|23
|
|t:|1743924601
|move|p2a: Ninetales|Flamethrower|p1a: Gholdengo
|-supereffective|p1a: Gholdengo
|-crit|p1a: Gholdengo
|-damage|p1a: Gholdengo|0 fnt
|faint|p1a: Gholdengo
|
|-weather|SunnyDay|[upkeep]
|upkeep
|
|t:|1743924613
|switch|p1a: Manaphy|Manaphy|91/100
|turn|24
|
|t:|1743924618
|move|p1a: Manaphy|Ice Beam|p2a: Ninetales
|-resisted|p2a: Ninetales
|-damage|p2a: Ninetales|60/100
|move|p2a: Ninetales|Solar Beam||[still]
|-prepare|p2a: Ninetales|Solar Beam
|-anim|p2a: Ninetales|Solar Beam|p1a: Manaphy
|-supereffective|p1a: Manaphy
|-damage|p1a: Manaphy|30/100
|
|-weather|SunnyDay|[upkeep]
|upkeep
|turn|25
|
|t:|1743924621
|move|p2a: Ninetales|Solar Beam||[still]
|-prepare|p2a: Ninetales|Solar Beam
|-anim|p2a: Ninetales|Solar Beam|p1a: Manaphy
|-supereffective|p1a: Manaphy
|-damage|p1a: Manaphy|0 fnt
|faint|p1a: Manaphy
|
|-weather|SunnyDay|[upkeep]
|upkeep
|c|☆rolendice|bro pls
|
|t:|1743924633
|switch|p1a: Iron Valiant|Iron Valiant|100/100
|-enditem|p1a: Iron Valiant|Booster Energy
|-activate|p1a: Iron Valiant|ability: Quark Drive|[fromitem]
|-start|p1a: Iron Valiant|quarkdrivespe
|turn|26
|
|t:|1743924639
|move|p1a: Iron Valiant|Close Combat|p2a: Ninetales
|-damage|p2a: Ninetales|0 fnt
|-unboost|p1a: Iron Valiant|def|1
|-unboost|p1a: Iron Valiant|spd|1
|faint|p2a: Ninetales
|
|-weather|SunnyDay|[upkeep]
|upkeep
|
|t:|1743924642
|switch|p2a: Leafeon|Leafeon, F, shiny|100/100
|-damage|p2a: Leafeon|88/100|[from] Stealth Rock
|turn|27
|
|t:|1743924649
|-terastallize|p2a: Leafeon|Fire
|move|p1a: Iron Valiant|Close Combat|p2a: Leafeon
|-damage|p2a: Leafeon|39/100
|-unboost|p1a: Iron Valiant|def|1
|-unboost|p1a: Iron Valiant|spd|1
|move|p2a: Leafeon|Tera Blast|p1a: Iron Valiant|[anim] Tera Blast Fire
|-damage|p1a: Iron Valiant|0 fnt
|faint|p1a: Iron Valiant
|-end|p1a: Iron Valiant|Quark Drive|[silent]
|
|-weather|SunnyDay|[upkeep]
|upkeep
|
|t:|1743924653
|switch|p1a: Darkrai|Darkrai|100/100 par
|turn|28
|
|t:|1743924655
|move|p2a: Leafeon|Tera Blast|p1a: Darkrai|[anim] Tera Blast Fire
|-damage|p1a: Darkrai|24/100 par
|move|p1a: Darkrai|Dark Pulse|p2a: Leafeon
|-damage|p2a: Leafeon|0 fnt
|faint|p2a: Leafeon
|
|win|Me? GongagaA
|raw|Me? GongagaA's rating: 1225 &rarr; <strong>1257</strong><br />(+32 for winning)
|raw|rolendice's rating: 1331 &rarr; <strong>1305</strong><br />(-26 for losing)
|c|☆rolendice|ofc luck wins u it
|c|☆rolendice|3/3 para turns
|c|☆rolendice|1/1 focus blast through para
|c|☆Me? GongagaA|Yes sir
|c|☆rolendice|take manaphy off that team
|c|☆rolendice|such a boring team
|c|☆Me? GongagaA|Why
|c|☆rolendice|u almost lost to 6 zu mons
|c|☆rolendice|3 eevees
|c|☆rolendice|with a standard brain dead ou team
|c|☆Me? GongagaA|This guy
|c|☆rolendice|with manaphy thrown on it
|c|☆Me? GongagaA|You lost lil bro
|c|☆rolendice|u barely squeezed out of that match with a win against 6 zu mons 😭
|c|☆rolendice|u copied ur team off smogon
|c|☆Me? GongagaA|Ok
|c|☆rolendice|and used all S tier ou mons
|c|☆rolendice|and barely won with 3/3 para breaks
|c|☆rolendice|so embarrassing
|c|☆Me? GongagaA|Still lost
|c|☆Me? GongagaA|Lmao
|c|☆rolendice|i hope i lose to that
|c|☆rolendice|im using a team that works in zu
|c|☆rolendice|4 tiers under this one
|c|☆Me? GongagaA|K
|c|☆rolendice|3 eevees
|c|☆Me? GongagaA|You mad bro
|c|☆Me? GongagaA|Smh
|c|☆rolendice|and u still barely squeezed a win using luck 😭
|c|☆rolendice|so embarrassing
|c|☆rolendice|how r u at this elo
|c|☆Me? GongagaA|I am goated
|c|☆rolendice|u copied ur team off smogon?
|c|☆rolendice|how r u such a low elo
|c|☆Me? GongagaA|Nah
|c|☆rolendice|ur team basically plays for u
|c|☆rolendice|smogon made u the team
|c|☆rolendice|the team plays for u
|c|☆Me? GongagaA|I had something different
|c|☆rolendice|why r u even playing
|c|☆rolendice|HAHAHAH
|c|☆rolendice|every single one of those builds was standard
|c|☆rolendice|stay at low elo using the best mons
|c|☆Me? GongagaA|Lil bro got whooped
|c|☆rolendice|stay losing to 3 eevees
|l|☆rolendice
|player|p2|
|c|☆Me? GongagaA|Taking you elo lil bro
