|j|☆Dribblz
|j|☆dj built different
|t:|1743926961
|gametype|singles
|player|p1|Dribblz|roxanne|1167
|player|p2|dj built different|170|1146
|teamsize|p1|6
|teamsize|p2|6
|gen|9
|tier|[Gen 9] OU
|rated|
|rule|HP Percentage Mod: HP is shown in percentages
|rule|Endless Battle Clause: Forcing endless battles is banned
|rule|Species Clause: Limit one of each Pokémon
|rule|OHKO Clause: OHKO moves are banned
|rule|Evasion Items Clause: Evasion items are banned
|rule|Evasion Moves Clause: Evasion moves are banned
|rule|Sleep Moves Clause: Sleep-inducing moves are banned
|clearpoke
|poke|p1|Toucannon, M|
|poke|p1|Gholdengo|
|poke|p1|Masquerain, F|
|poke|p1|Garganacl, M|
|poke|p1|Espeon, F|
|poke|p1|Kleavor, M|
|poke|p2|Araquanid, F|
|poke|p2|Great Tusk|
|poke|p2|Gholdengo|
|poke|p2|Clodsire, F|
|poke|p2|Kingambit, F|
|poke|p2|Kommo-o, M|
|teampreview
|
|t:|1743926977
|start
|switch|p1a: Masquerain|Masquerain, F|100/100
|switch|p2a: Araquanid|Araquanid, F|100/100
|-ability|p1a: Masquerain|Intimidate|boost
|-unboost|p2a: Araquanid|atk|1
|turn|1
|
|t:|1743926987
|switch|p1a: Toucey!|Toucannon, M|100/100
|move|p2a: Araquanid|Sticky Web|p1a: Toucey!
|-sidestart|p1: Dribblz|move: Sticky Web
|
|upkeep
|turn|2
|
|t:|1743926994
|move|p1a: Toucey!|Rock Blast|p2a: Araquanid
|-supereffective|p2a: Araquanid
|-damage|p2a: Araquanid|70/100
|-supereffective|p2a: Araquanid
|-damage|p2a: Araquanid|43/100
|-supereffective|p2a: Araquanid
|-damage|p2a: Araquanid|17/100
|-supereffective|p2a: Araquanid
|-damage|p2a: Araquanid|0 fnt
|faint|p2a: Araquanid
|-hitcount|p2: Araquanid|4
|
|upkeep
|
|t:|1743927006
|switch|p2a: Great Tusk|Great Tusk|100/100
|turn|3
|
|t:|1743927011
|switch|p1a: Espeon|Espeon, F|100/100
|-activate|p1a: Espeon|move: Sticky Web
|-unboost|p1a: Espeon|spe|1
|move|p2a: Great Tusk|Ice Spinner|p1a: Espeon
|-damage|p1a: Espeon|47/100
|
|upkeep
|turn|4
|
|t:|1743927021
|move|p2a: Great Tusk|Headlong Rush|p1a: Espeon
|-damage|p1a: Espeon|0 fnt
|-unboost|p2a: Great Tusk|def|1
|-unboost|p2a: Great Tusk|spd|1
|faint|p1a: Espeon
|
|upkeep
|
|t:|1743927028
|switch|p1a: Masquerain|Masquerain, F|100/100
|-ability|p1a: Masquerain|Intimidate|boost
|-unboost|p2a: Great Tusk|atk|1
|turn|5
|
|t:|1743927043
|-end|p2a: Great Tusk|Protosynthesis|[silent]
|switch|p2a: Clodsire|Clodsire, F|100/100
|move|p1a: Masquerain|Quiver Dance|p1a: Masquerain
|-boost|p1a: Masquerain|spa|1
|-boost|p1a: Masquerain|spd|1
|-boost|p1a: Masquerain|spe|1
|
|upkeep
|turn|6
|
|t:|1743927050
|move|p1a: Masquerain|Quiver Dance|p1a: Masquerain
|-boost|p1a: Masquerain|spa|1
|-boost|p1a: Masquerain|spd|1
|-boost|p1a: Masquerain|spe|1
|move|p2a: Clodsire|Toxic|p1a: Masquerain
|-status|p1a: Masquerain|tox
|
|-damage|p1a: Masquerain|94/100 tox|[from] psn
|upkeep
|turn|7
|
|t:|1743927065
|move|p1a: Masquerain|Ice Beam|p2a: Clodsire
|-supereffective|p2a: Clodsire
|-damage|p2a: Clodsire|55/100
|-status|p2a: Clodsire|frz
|-enditem|p2a: Clodsire|Red Card|[of] p1a: Masquerain
|drag|p1a: Gholdengo|Gholdengo|100/100
|-activate|p1a: Gholdengo|move: Sticky Web
|-unboost|p1a: Gholdengo|spe|1
|-curestatus|p2a: Clodsire|frz|[msg]
|move|p2a: Clodsire|Haze|p2a: Clodsire
|-clearallboost
|
|upkeep
|turn|8
|
|t:|1743927083
|move|p1a: Gholdengo|Make It Rain|p2a: Clodsire
|-damage|p2a: Clodsire|13/100
|-unboost|p1a: Gholdengo|spa|1
|move|p2a: Clodsire|Earthquake|p1a: Gholdengo
|-supereffective|p1a: Gholdengo
|-damage|p1a: Gholdengo|45/100
|
|-heal|p1a: Gholdengo|51/100|[from] item: Leftovers
|upkeep
|turn|9
|
|t:|1743927100
|switch|p2a: Kingambit|Kingambit, F|100/100
|-activate|p2a: Kingambit|ability: Supreme Overlord
|-start|p2a: Kingambit|fallen1|[silent]
|move|p1a: Gholdengo|Hex|p2a: Kingambit
|-resisted|p2a: Kingambit
|-damage|p2a: Kingambit|89/100
|
|-heal|p1a: Gholdengo|57/100|[from] item: Leftovers
|upkeep
|turn|10
|
|t:|1743927110
|move|p1a: Gholdengo|Thunder Wave|p2a: Kingambit
|-status|p2a: Kingambit|par
|-enditem|p2a: Kingambit|Lum Berry|[eat]
|-curestatus|p2a: Kingambit|par|[msg]
|move|p2a: Kingambit|Swords Dance|p2a: Kingambit
|-boost|p2a: Kingambit|atk|2
|
|-heal|p1a: Gholdengo|63/100|[from] item: Leftovers
|upkeep
|turn|11
|
|t:|1743927121
|move|p1a: Gholdengo|Thunder Wave|p2a: Kingambit
|-status|p2a: Kingambit|par
|cant|p2a: Kingambit|par
|
|-heal|p1a: Gholdengo|69/100|[from] item: Leftovers
|upkeep
|turn|12
|
|t:|1743927130
|switch|p1a: Garganacl|Garganacl, M|100/100
|-activate|p1a: Garganacl|move: Sticky Web
|-unboost|p1a: Garganacl|spe|1
|cant|p2a: Kingambit|par
|
|upkeep
|turn|13
|
|t:|1743927141
|-end|p2a: Kingambit|fallen1|[silent]
|switch|p2a: Great Tusk|Great Tusk|100/100
|move|p1a: Garganacl|Salt Cure|p2a: Great Tusk
|-resisted|p2a: Great Tusk
|-damage|p2a: Great Tusk|98/100
|-start|p2a: Great Tusk|Salt Cure
|
|-damage|p2a: Great Tusk|86/100|[from] Salt Cure
|upkeep
|turn|14
|
|t:|1743927152
|move|p1a: Garganacl|Protect|p1a: Garganacl
|-singleturn|p1a: Garganacl|Protect
|move|p2a: Great Tusk|Stealth Rock|p1a: Garganacl
|-sidestart|p1: Dribblz|move: Stealth Rock
|
|-damage|p2a: Great Tusk|73/100|[from] Salt Cure
|upkeep
|turn|15
|
|t:|1743927165
|move|p2a: Great Tusk|Headlong Rush|p1a: Garganacl
|-supereffective|p1a: Garganacl
|-damage|p1a: Garganacl|36/100
|-unboost|p2a: Great Tusk|def|1
|-unboost|p2a: Great Tusk|spd|1
|move|p1a: Garganacl|Iron Defense|p1a: Garganacl
|-boost|p1a: Garganacl|def|2
|
|-heal|p1a: Garganacl|42/100|[from] item: Leftovers
|-damage|p2a: Great Tusk|61/100|[from] Salt Cure
|upkeep
|turn|16
|
|t:|1743927192
|-end|p2a: Great Tusk|Protosynthesis|[silent]
|switch|p2a: Clodsire|Clodsire, F|13/100
|move|p1a: Garganacl|Recover|p1a: Garganacl
|-heal|p1a: Garganacl|92/100
|
|-heal|p1a: Garganacl|99/100|[from] item: Leftovers
|upkeep
|turn|17
|
|t:|1743927204
|move|p2a: Clodsire|Recover|p2a: Clodsire
|-heal|p2a: Clodsire|63/100
|move|p1a: Garganacl|Salt Cure|p2a: Clodsire
|-resisted|p2a: Clodsire
|-damage|p2a: Clodsire|58/100
|-start|p2a: Clodsire|Salt Cure
|
|-heal|p1a: Garganacl|100/100|[from] item: Leftovers
|-damage|p2a: Clodsire|45/100|[from] Salt Cure
|upkeep
|turn|18
|
|t:|1743927216
|move|p2a: Clodsire|Recover|p2a: Clodsire
|-heal|p2a: Clodsire|95/100
|move|p1a: Garganacl|Iron Defense|p1a: Garganacl
|-boost|p1a: Garganacl|def|2
|
|-damage|p2a: Clodsire|83/100|[from] Salt Cure
|upkeep
|turn|19
|
|t:|1743927227
|move|p2a: Clodsire|Haze|p2a: Clodsire
|-clearallboost
|move|p1a: Garganacl|Iron Defense|p1a: Garganacl
|-boost|p1a: Garganacl|def|2
|
|-damage|p2a: Clodsire|70/100|[from] Salt Cure
|upkeep
|turn|20
|-message|Dribblz forfeited.
|
|win|dj built different
|raw|Dribblz's rating: 1167 &rarr; <strong>1140</strong><br />(-27 for losing)
|raw|dj built different's rating: 1146 &rarr; <strong>1173</strong><br />(+27 for winning)
|l|☆Dribblz
|player|p1|
|l|☆dj built different
|player|p2|
