|j|☆banajjj
|j|☆Robson98
|t:|1743919495
|gametype|singles
|player|p1|banajjj|169|1157
|player|p2|Robson98|red|1134
|teamsize|p1|6
|teamsize|p2|6
|gen|9
|tier|[Gen 9] OU
|rated|
|rule|HP Percentage Mod: HP is shown in percentages
|rule|Endless Battle Clause: Forcing endless battles is banned
|rule|Species Clause: Limit one of each Pokémon
|rule|OHKO Clause: OHKO moves are banned
|rule|Evasion Items Clause: Evasion items are banned
|rule|Evasion Moves Clause: Evasion moves are banned
|rule|Sleep Moves Clause: Sleep-inducing moves are banned
|clearpoke
|poke|p1|Serperior, M|
|poke|p1|Scyther, M|
|poke|p1|Zapdos|
|poke|p1|Gholdengo|
|poke|p1|Dragonite, M|
|poke|p1|Great Tusk|
|poke|p2|Garganacl, M|
|poke|p2|Araquanid, M|
|poke|p2|Weavile, F|
|poke|p2|Iron Moth|
|poke|p2|Garchomp, F|
|poke|p2|Iron Valiant|
|teampreview
|inactive|Battle timer is ON: inactive players will automatically lose when time's up. (requested by banajjj)
|
|t:|1743919501
|start
|switch|p1a: Scyther|Scyther, M|100/100
|switch|p2a: Araquanid|Araquanid, M, shiny|100/100
|turn|1
|
|t:|1743919510
|move|p1a: Scyther|Dual Wingbeat|p2a: Araquanid
|-supereffective|p2a: Araquanid
|-damage|p2a: Araquanid|42/100
|-supereffective|p2a: Araquanid
|-damage|p2a: Araquanid|0 fnt
|faint|p2a: Araquanid
|-hitcount|p2: Araquanid|2
|
|upkeep
|
|t:|1743919516
|switch|p2a: Garganacl|Garganacl, M, shiny|100/100
|turn|2
|
|t:|1743919521
|switch|p1a: Gholdengo|Gholdengo|100/100
|move|p2a: Garganacl|Stealth Rock|p1a: Gholdengo
|-sidestart|p1: banajjj|move: Stealth Rock
|
|upkeep
|turn|3
|
|t:|1743919531
|move|p1a: Gholdengo|Shadow Ball|p2a: Garganacl
|-damage|p2a: Garganacl|73/100
|move|p2a: Garganacl|Salt Cure|p1a: Gholdengo
|-resisted|p1a: Gholdengo
|-damage|p1a: Gholdengo|93/100
|-start|p1a: Gholdengo|Salt Cure
|
|-heal|p2a: Garganacl|79/100|[from] item: Leftovers
|-damage|p1a: Gholdengo|68/100|[from] Salt Cure
|upkeep
|turn|4
|
|t:|1743919543
|switch|p1a: Serperior|Serperior, M|100/100
|-damage|p1a: Serperior|88/100|[from] Stealth Rock
|move|p2a: Garganacl|Recover|p2a: Garganacl
|-heal|p2a: Garganacl|100/100
|
|-heal|p1a: Serperior|94/100|[from] item: Leftovers
|upkeep
|turn|5
|
|t:|1743919552
|switch|p2a: Iron Moth|Iron Moth|100/100
|-enditem|p2a: Iron Moth|Booster Energy
|-activate|p2a: Iron Moth|ability: Quark Drive|[fromitem]
|-start|p2a: Iron Moth|quarkdrivespa
|move|p1a: Serperior|Leaf Storm|p2a: Iron Moth
|-resisted|p2a: Iron Moth
|-damage|p2a: Iron Moth|92/100
|-boost|p1a: Serperior|spa|2
|
|-heal|p1a: Serperior|100/100|[from] item: Leftovers
|upkeep
|turn|6
|
|t:|1743919573
|-terastallize|p1a: Serperior|Rock
|move|p1a: Serperior|Tera Blast|p2a: Iron Moth|[anim] Tera Blast Rock
|-supereffective|p2a: Iron Moth
|-damage|p2a: Iron Moth|2/100
|move|p2a: Iron Moth|Fiery Dance|p1a: Serperior
|-resisted|p1a: Serperior
|-damage|p1a: Serperior|70/100
|-boost|p2a: Iron Moth|spa|1
|
|-heal|p1a: Serperior|76/100|[from] item: Leftovers
|upkeep
|turn|7
|inactive|Robson98 has 120 seconds left.
|
|t:|1743919594
|move|p1a: Serperior|Leaf Storm|p2a: Iron Moth
|-resisted|p2a: Iron Moth
|-damage|p2a: Iron Moth|0 fnt
|-boost|p1a: Serperior|spa|2
|faint|p2a: Iron Moth
|-end|p2a: Iron Moth|Quark Drive|[silent]
|
|-heal|p1a: Serperior|82/100|[from] item: Leftovers
|upkeep
|inactive|Robson98 has 120 seconds left.
|
|t:|1743919611
|switch|p2a: Garchomp|Garchomp, F|100/100
|turn|8
|
|t:|1743919617
|move|p2a: Garchomp|Earthquake|p1a: Serperior
|-supereffective|p1a: Serperior
|-damage|p1a: Serperior|0 fnt
|faint|p1a: Serperior
|
|upkeep
|
|t:|1743919621
|switch|p1a: Great Tusk|Great Tusk|100/100
|-damage|p1a: Great Tusk|98/100|[from] Stealth Rock
|-enditem|p1a: Great Tusk|Booster Energy
|-activate|p1a: Great Tusk|ability: Protosynthesis|[fromitem]
|-start|p1a: Great Tusk|protosynthesisspe
|turn|9
|
|t:|1743919632
|switch|p2a: Garganacl|Garganacl, M, shiny|100/100
|move|p1a: Great Tusk|Bulk Up|p1a: Great Tusk
|-boost|p1a: Great Tusk|atk|1
|-boost|p1a: Great Tusk|def|1
|
|upkeep
|turn|10
|
|t:|1743919647
|move|p1a: Great Tusk|Earthquake|p2a: Garganacl
|-supereffective|p2a: Garganacl
|-damage|p2a: Garganacl|11/100
|move|p2a: Garganacl|Salt Cure|p1a: Great Tusk
|-resisted|p1a: Great Tusk
|-damage|p1a: Great Tusk|96/100
|-start|p1a: Great Tusk|Salt Cure
|
|-heal|p2a: Garganacl|18/100|[from] item: Leftovers
|-damage|p1a: Great Tusk|84/100|[from] Salt Cure
|upkeep
|turn|11
|
|t:|1743919663
|move|p2a: Garganacl|Protect|p2a: Garganacl
|-singleturn|p2a: Garganacl|Protect
|move|p1a: Great Tusk|Earthquake|p2a: Garganacl
|-activate|p2a: Garganacl|move: Protect
|
|-heal|p2a: Garganacl|24/100|[from] item: Leftovers
|-damage|p1a: Great Tusk|71/100|[from] Salt Cure
|upkeep
|turn|12
|
|t:|1743919672
|move|p1a: Great Tusk|Earthquake|p2a: Garganacl
|-supereffective|p2a: Garganacl
|-damage|p2a: Garganacl|0 fnt
|faint|p2a: Garganacl
|
|-damage|p1a: Great Tusk|59/100|[from] Salt Cure
|upkeep
|
|t:|1743919685
|switch|p2a: Iron Valiant|Iron Valiant|100/100
|-enditem|p2a: Iron Valiant|Booster Energy
|-activate|p2a: Iron Valiant|ability: Quark Drive|[fromitem]
|-start|p2a: Iron Valiant|quarkdrivespe
|turn|13
|
|t:|1743919698
|move|p2a: Iron Valiant|Psychic|p1a: Great Tusk
|-supereffective|p1a: Great Tusk
|-damage|p1a: Great Tusk|0 fnt
|faint|p1a: Great Tusk
|-end|p1a: Great Tusk|Protosynthesis|[silent]
|
|upkeep
|
|t:|1743919702
|switch|p1a: Zapdos|Zapdos|100/100
|-damage|p1a: Zapdos|76/100|[from] Stealth Rock
|turn|14
|
|t:|1743919715
|-end|p2a: Iron Valiant|Quark Drive|[silent]
|switch|p2a: Garchomp|Garchomp, F|100/100
|move|p1a: Zapdos|Hurricane|p2a: Garchomp|[miss]
|-miss|p1a: Zapdos|p2a: Garchomp
|
|upkeep
|turn|15
|
|t:|1743919731
|move|p2a: Garchomp|Outrage|p1a: Zapdos
|-damage|p1a: Zapdos|23/100
|-damage|p2a: Garchomp|84/100|[from] item: Rocky Helmet|[of] p1a: Zapdos
|-status|p2a: Garchomp|par|[from] ability: Static|[of] p1a: Zapdos
|move|p1a: Zapdos|Hurricane|p2a: Garchomp
|-damage|p2a: Garchomp|35/100 par
|
|upkeep
|turn|16
|
|t:|1743919739
|move|p2a: Garchomp|Outrage|p1a: Zapdos|[from] lockedmove
|-damage|p1a: Zapdos|0 fnt
|-damage|p2a: Garchomp|19/100 par|[from] item: Rocky Helmet|[of] p1a: Zapdos
|faint|p1a: Zapdos
|
|upkeep
|
|t:|1743919745
|switch|p1a: Gholdengo|Gholdengo|68/100
|-damage|p1a: Gholdengo|62/100|[from] Stealth Rock
|turn|17
|
|t:|1743919749
|move|p1a: Gholdengo|Dazzling Gleam|p2a: Garchomp
|-supereffective|p2a: Garchomp
|-damage|p2a: Garchomp|0 fnt
|faint|p2a: Garchomp
|
|upkeep
|
|t:|1743919767
|switch|p2a: Weavile|Weavile, F|100/100
|-ability|p2a: Weavile|Pressure
|turn|18
|
|t:|1743919775
|move|p1a: Gholdengo|Dazzling Gleam|p2a: Weavile
|-supereffective|p2a: Weavile
|-damage|p2a: Weavile|23/100
|move|p2a: Weavile|Knock Off|p1a: Gholdengo
|-supereffective|p1a: Gholdengo
|-damage|p1a: Gholdengo|0 fnt
|-enditem|p1a: Gholdengo|Choice Scarf|[from] move: Knock Off|[of] p2a: Weavile
|faint|p1a: Gholdengo
|
|upkeep
|
|t:|1743919781
|switch|p1a: Scyther|Scyther, M|100/100
|-damage|p1a: Scyther|51/100|[from] Stealth Rock
|turn|19
|
|t:|1743919786
|move|p1a: Scyther|Dual Wingbeat|p2a: Weavile
|-damage|p2a: Weavile|0 fnt
|faint|p2a: Weavile
|-hitcount|p2: Weavile|1
|
|upkeep
|
|t:|1743919798
|switch|p2a: Iron Valiant|Iron Valiant|100/100
|turn|20
|
|t:|1743919806
|-terastallize|p2a: Iron Valiant|Fairy
|move|p1a: Scyther|Dual Wingbeat|p2a: Iron Valiant
|-damage|p2a: Iron Valiant|64/100
|-damage|p2a: Iron Valiant|22/100
|-hitcount|p2a: Iron Valiant|2
|move|p2a: Iron Valiant|Moonblast|p1a: Scyther
|-damage|p1a: Scyther|0 fnt
|faint|p1a: Scyther
|
|upkeep
|
|t:|1743919815
|switch|p1a: Dragonite|Dragonite, M|100/100
|-damage|p1a: Dragonite|76/100|[from] Stealth Rock
|turn|21
|
|t:|1743919819
|move|p1a: Dragonite|Extreme Speed|p2a: Iron Valiant
|-damage|p2a: Iron Valiant|0 fnt
|faint|p2a: Iron Valiant
|-end|p2a: Iron Valiant|Quark Drive|[silent]
|
|win|banajjj
|raw|banajjj's rating: 1157 &rarr; <strong>1180</strong><br />(+23 for winning)
|raw|Robson98's rating: 1134 &rarr; <strong>1111</strong><br />(-23 for losing)
|l|☆Robson98
|player|p2|
|l|☆banajjj
|player|p1|
