|j|☆me destroy you 15
|j|☆ClimberSam
|t:|1743924034
|gametype|singles
|player|p1|me destroy you 15|flint|1105
|player|p2|ClimberSam|candice|1120
|teamsize|p1|6
|teamsize|p2|6
|gen|9
|tier|[Gen 9] OU
|rated|
|rule|HP Percentage Mod: HP is shown in percentages
|rule|Endless Battle Clause: Forcing endless battles is banned
|rule|Species Clause: Limit one of each Pokémon
|rule|OHKO Clause: OHKO moves are banned
|rule|Evasion Items Clause: Evasion items are banned
|rule|Evasion Moves Clause: Evasion moves are banned
|rule|Sleep Moves Clause: Sleep-inducing moves are banned
|clearpoke
|poke|p1|Blastoise, M|
|poke|p1|Charizard, M|
|poke|p1|Vileplume, F|
|poke|p1|Forretress, M|
|poke|p1|Gengar, F|
|poke|p1|Electivire, M|
|poke|p2|Magnezone|
|poke|p2|Sinistcha|
|poke|p2|Ursaluna, M|
|poke|p2|Primarina, M|
|poke|p2|Darkrai|
|poke|p2|Zamazenta-*|
|teampreview
|inactive|Battle timer is ON: inactive players will automatically lose when time's up. (requested by ClimberSam)
|
|t:|1743924041
|start
|switch|p1a: Electivire|Electivire, M|100/100
|switch|p2a: Magnezone|Magnezone|100/100
|-item|p2a: Magnezone|Air Balloon
|turn|1
|
|t:|1743924047
|switch|p2a: Zamazenta|Zamazenta|100/100
|-ability|p2a: Zamazenta|Dauntless Shield|boost
|-boost|p2a: Zamazenta|def|1
|move|p1a: Electivire|Fire Punch|p2a: Zamazenta
|-damage|p2a: Zamazenta|81/100
|-damage|p1a: Electivire|91/100|[from] item: Life Orb
|
|upkeep
|turn|2
|
|t:|1743924056
|switch|p1a: Vileplume|Vileplume, F|100/100
|move|p2a: Zamazenta|Body Press|p1a: Vileplume
|-resisted|p1a: Vileplume
|-damage|p1a: Vileplume|78/100
|
|-heal|p1a: Vileplume|84/100|[from] item: Leftovers
|upkeep
|turn|3
|
|t:|1743924066
|move|p2a: Zamazenta|Psychic Fangs|p1a: Vileplume
|-supereffective|p1a: Vileplume
|-damage|p1a: Vileplume|30/100
|move|p1a: Vileplume|Toxic|p2a: Zamazenta
|-status|p2a: Zamazenta|tox
|
|-heal|p1a: Vileplume|36/100|[from] item: Leftovers
|-damage|p2a: Zamazenta|75/100 tox|[from] psn
|upkeep
|turn|4
|
|t:|1743924076
|switch|p1a: Forretress|Forretress, M|100/100
|move|p2a: Zamazenta|Psychic Fangs|p1a: Forretress
|-resisted|p1a: Forretress
|-damage|p1a: Forretress|90/100
|
|-heal|p1a: Forretress|96/100|[from] item: Leftovers
|-damage|p2a: Zamazenta|62/100 tox|[from] psn
|upkeep
|turn|5
|
|t:|1743924085
|switch|p2a: Magnezone|Magnezone|100/100
|-item|p2a: Magnezone|Air Balloon
|move|p1a: Forretress|Toxic Spikes|p2a: Magnezone
|-sidestart|p2: ClimberSam|move: Toxic Spikes
|
|-heal|p1a: Forretress|100/100|[from] item: Leftovers
|upkeep
|turn|6
|
|t:|1743924093
|move|p2a: Magnezone|Thunderbolt|p1a: Forretress
|-damage|p1a: Forretress|58/100
|move|p1a: Forretress|Toxic Spikes|p2a: Magnezone
|-sidestart|p2: ClimberSam|move: Toxic Spikes
|
|-heal|p1a: Forretress|64/100|[from] item: Leftovers
|upkeep
|turn|7
|
|t:|1743924107
|move|p2a: Magnezone|Thunderbolt|p1a: Forretress
|-damage|p1a: Forretress|22/100
|move|p1a: Forretress|Lunge|p2a: Magnezone
|-resisted|p2a: Magnezone
|-damage|p2a: Magnezone|92/100
|-unboost|p2a: Magnezone|atk|1
|-enditem|p2a: Magnezone|Air Balloon
|
|-heal|p1a: Forretress|28/100|[from] item: Leftovers
|upkeep
|turn|8
|
|t:|1743924125
|move|p2a: Magnezone|Thunderbolt|p1a: Forretress
|-damage|p1a: Forretress|0 fnt
|faint|p1a: Forretress
|
|upkeep
|
|t:|1743924132
|switch|p1a: Electivire|Electivire, M|91/100
|turn|9
|
|t:|1743924137
|move|p1a: Electivire|Ice Punch|p2a: Magnezone
|-resisted|p2a: Magnezone
|-damage|p2a: Magnezone|81/100
|-damage|p1a: Electivire|81/100|[from] item: Life Orb
|move|p2a: Magnezone|Body Press|p1a: Electivire
|-damage|p1a: Electivire|37/100
|
|upkeep
|turn|10
|
|t:|1743924150
|switch|p2a: Zamazenta|Zamazenta|62/100 tox
|move|p1a: Electivire|Fire Punch|p2a: Zamazenta
|-damage|p2a: Zamazenta|33/100 tox
|-damage|p1a: Electivire|28/100|[from] item: Life Orb
|
|-damage|p2a: Zamazenta|27/100 tox|[from] psn
|upkeep
|turn|11
|
|t:|1743924159
|move|p2a: Zamazenta|Psychic Fangs|p1a: Electivire
|-damage|p1a: Electivire|0 fnt
|faint|p1a: Electivire
|
|-damage|p2a: Zamazenta|15/100 tox|[from] psn
|upkeep
|
|t:|1743924166
|switch|p1a: Charizard|Charizard, M|100/100
|turn|12
|
|t:|1743924170
|move|p2a: Zamazenta|Psychic Fangs|p1a: Charizard
|-damage|p1a: Charizard|58/100
|move|p1a: Charizard|Air Slash|p2a: Zamazenta
|-supereffective|p2a: Zamazenta
|-damage|p2a: Zamazenta|0 fnt
|faint|p2a: Zamazenta
|
|upkeep
|
|t:|1743924193
|switch|p2a: Darkrai|Darkrai|100/100
|-status|p2a: Darkrai|tox
|turn|13
|
|t:|1743924197
|move|p2a: Darkrai|Dark Pulse|p1a: Charizard
|-damage|p1a: Charizard|4/100
|move|p1a: Charizard|Focus Blast|p2a: Darkrai|[miss]
|-miss|p1a: Charizard|p2a: Darkrai
|
|-damage|p2a: Darkrai|94/100 tox|[from] psn
|upkeep
|turn|14
|
|t:|1743924205
|move|p2a: Darkrai|Dark Pulse|p1a: Charizard
|-damage|p1a: Charizard|0 fnt
|faint|p1a: Charizard
|
|-damage|p2a: Darkrai|82/100 tox|[from] psn
|upkeep
|
|t:|1743924212
|switch|p1a: Gengar|Gengar, F|100/100
|turn|15
|
|t:|1743924216
|move|p2a: Darkrai|Dark Pulse|p1a: Gengar
|-supereffective|p1a: Gengar
|-enditem|p1a: Gengar|Focus Sash
|-damage|p1a: Gengar|1/100
|-start|p2a: Darkrai|Disable|Dark Pulse|[from] ability: Cursed Body|[of] p1a: Gengar
|cant|p1a: Gengar|flinch
|
|-damage|p2a: Darkrai|64/100 tox|[from] psn
|upkeep
|turn|16
|
|t:|1743924226
|move|p2a: Darkrai|Sludge Bomb|p1a: Gengar
|-resisted|p1a: Gengar
|-damage|p1a: Gengar|0 fnt
|faint|p1a: Gengar
|
|-damage|p2a: Darkrai|40/100 tox|[from] psn
|upkeep
|
|t:|1743924234
|switch|p1a: Vileplume|Vileplume, F|36/100
|turn|17
|
|t:|1743924237
|move|p2a: Darkrai|Ice Beam|p1a: Vileplume
|-supereffective|p1a: Vileplume
|-damage|p1a: Vileplume|0 fnt
|faint|p1a: Vileplume
|
|-damage|p2a: Darkrai|10/100 tox|[from] psn
|upkeep
|
|t:|1743924245
|switch|p1a: Blastoise|Blastoise, M|100/100
|turn|18
|
|t:|1743924248
|move|p2a: Darkrai|Sludge Bomb|p1a: Blastoise
|-damage|p1a: Blastoise|76/100
|-status|p1a: Blastoise|psn
|move|p1a: Blastoise|Shell Smash|p1a: Blastoise
|-unboost|p1a: Blastoise|def|1
|-unboost|p1a: Blastoise|spd|1
|-boost|p1a: Blastoise|atk|2
|-boost|p1a: Blastoise|spa|2
|-boost|p1a: Blastoise|spe|2
|-enditem|p1a: Blastoise|White Herb
|-clearnegativeboost|p1a: Blastoise|[silent]
|
|-damage|p1a: Blastoise|63/100 psn|[from] psn
|-damage|p2a: Darkrai|0 fnt|[from] psn
|faint|p2a: Darkrai
|upkeep
|
|t:|1743924265
|switch|p2a: Sinistcha|Sinistcha|100/100
|turn|19
|
|t:|1743924270
|-terastallize|p2a: Sinistcha|Fairy
|move|p1a: Blastoise|Ice Beam|p2a: Sinistcha
|-damage|p2a: Sinistcha|51/100
|move|p2a: Sinistcha|Trick Room|p2a: Sinistcha
|-fieldstart|move: Trick Room|[of] p2a: Sinistcha
|
|-damage|p1a: Blastoise|51/100 psn|[from] psn
|upkeep
|turn|20
|
|t:|1743924279
|move|p2a: Sinistcha|Matcha Gotcha|p1a: Blastoise
|-supereffective|p1a: Blastoise
|-damage|p1a: Blastoise|0 fnt
|-heal|p2a: Sinistcha|77/100|[from] drain|[of] p1a: Blastoise
|faint|p1a: Blastoise
|
|win|ClimberSam
|raw|me destroy you 15's rating: 1105 &rarr; <strong>1081</strong><br />(-24 for losing)
|raw|ClimberSam's rating: 1120 &rarr; <strong>1144</strong><br />(+24 for winning)
|l|☆ClimberSam
|player|p2|
|l|☆me destroy you 15
|player|p1|
