|j|☆chemnuoc
|j|☆ez shiny
|t:|1743920113
|gametype|singles
|player|p1|chemnuoc|2|1230
|player|p2|ez shiny|265|1176
|teamsize|p1|6
|teamsize|p2|6
|gen|9
|tier|[Gen 9] OU
|rated|
|rule|HP Percentage Mod: HP is shown in percentages
|rule|Endless Battle Clause: Forcing endless battles is banned
|rule|Species Clause: Limit one of each Pokémon
|rule|OHKO Clause: OHKO moves are banned
|rule|Evasion Items Clause: Evasion items are banned
|rule|Evasion Moves Clause: Evasion moves are banned
|rule|Sleep Moves Clause: Sleep-inducing moves are banned
|clearpoke
|poke|p1|Hawlucha, M|
|poke|p1|Landorus-Therian, M|
|poke|p1|Rillaboom, M|
|poke|p1|Iron Moth|
|poke|p1|Hitmontop, M|
|poke|p1|Raging Bolt|
|poke|p2|Deoxys-Speed|
|poke|p2|Kingambit, F|
|poke|p2|Iron Valiant|
|poke|p2|Samurott-Hisui, F|
|poke|p2|Iron Moth|
|poke|p2|Ogerpon-Wellspring, F|
|teampreview
|inactive|Battle timer is ON: inactive players will automatically lose when time's up. (requested by chemnuoc)
|
|t:|1743920126
|start
|switch|p1a: Hitmontop|Hitmontop, M, shiny|100/100
|switch|p2a: DNA.|Deoxys-Speed, shiny|100/100
|-ability|p2a: DNA.|Pressure
|turn|1
|
|t:|1743920132
|move|p1a: Hitmontop|Fake Out|p2a: DNA.
|-crit|p2a: DNA.
|-damage|p2a: DNA.|57/100
|cant|p2a: DNA.|flinch
|
|upkeep
|turn|2
|
|t:|1743920136
|move|p1a: Hitmontop|Bullet Punch|p2a: DNA.
|-damage|p2a: DNA.|29/100
|move|p2a: DNA.|Psycho Boost|p1a: Hitmontop
|-supereffective|p1a: Hitmontop
|-damage|p1a: Hitmontop|0 fnt
|-unboost|p2a: DNA.|spa|2
|faint|p1a: Hitmontop
|
|upkeep
|c|☆chemnuoc|tf
|c|☆chemnuoc|I thought psychic take x2 from steel
|c|☆chemnuoc|they changed the shit
|
|t:|1743920162
|switch|p1a: Landorus|Landorus-Therian, M, shiny|100/100
|-ability|p1a: Landorus|Intimidate|boost
|-unboost|p2a: DNA.|atk|1
|turn|3
|
|t:|1743920171
|move|p2a: DNA.|Stealth Rock|p1a: Landorus
|-sidestart|p1: chemnuoc|move: Stealth Rock
|move|p1a: Landorus|U-turn|p2a: DNA.
|-supereffective|p2a: DNA.
|-damage|p2a: DNA.|0 fnt
|faint|p2a: DNA.
|
|t:|1743920175
|switch|p1a: Rillaboom|Rillaboom, M, shiny|100/100|[from] U-turn
|-damage|p1a: Rillaboom|88/100|[from] Stealth Rock
|-fieldstart|move: Grassy Terrain|[from] ability: Grassy Surge|[of] p1a: Rillaboom
|
|-heal|p1a: Rillaboom|94/100|[from] Grassy Terrain
|upkeep
|
|t:|1743920185
|switch|p2a: FEAR.|Iron Moth, shiny|100/100
|-enditem|p2a: FEAR.|Booster Energy
|-activate|p2a: FEAR.|ability: Quark Drive|[fromitem]
|-start|p2a: FEAR.|quarkdrivespa
|turn|4
|
|t:|1743920194
|switch|p1a: Landorus|Landorus-Therian, M, shiny|100/100
|-damage|p1a: Landorus|88/100|[from] Stealth Rock
|-ability|p1a: Landorus|Intimidate|boost
|-unboost|p2a: FEAR.|atk|1
|move|p2a: FEAR.|Substitute|p2a: FEAR.
|-start|p2a: FEAR.|Substitute
|-damage|p2a: FEAR.|76/100
|
|-heal|p2a: FEAR.|82/100|[from] Grassy Terrain
|upkeep
|turn|5
|
|t:|1743920207
|move|p1a: Landorus|Stone Edge|p2a: FEAR.|[miss]
|-miss|p1a: Landorus|p2a: FEAR.
|move|p2a: FEAR.|Fiery Dance|p1a: Landorus
|-damage|p1a: Landorus|10/100
|
|-heal|p2a: FEAR.|88/100|[from] Grassy Terrain
|upkeep
|turn|6
|
|t:|1743920215
|move|p1a: Landorus|Stone Edge|p2a: FEAR.|[miss]
|-miss|p1a: Landorus|p2a: FEAR.
|move|p2a: FEAR.|Fiery Dance|p1a: Landorus
|-damage|p1a: Landorus|0 fnt
|-boost|p2a: FEAR.|spa|1
|faint|p1a: Landorus
|
|-heal|p2a: FEAR.|94/100|[from] Grassy Terrain
|upkeep
|c|☆ez shiny|omg
|c|☆ez shiny|i feel so bad
|c|☆ez shiny|i done hit that ishowspeed face bro
|inactive|chemnuoc has 120 seconds left.
|c|☆chemnuoc|and I thought you put that shit flying terra
|c|☆chemnuoc|to avoid eq
|c|☆ez shiny|tera fire
|c|☆ez shiny|moth good 👍
|c|☆chemnuoc|1 hit from eq and you die
|inactive|chemnuoc has 90 seconds left.
|c|☆chemnuoc|I thought you put that shit flying terra
|c|☆ez shiny|valid tbh
|
|t:|1743920290
|switch|p1a: Iron Moth|Iron Moth, shiny|100/100
|-damage|p1a: Iron Moth|76/100|[from] Stealth Rock
|-enditem|p1a: Iron Moth|Booster Energy
|-activate|p1a: Iron Moth|ability: Quark Drive|[fromitem]
|-start|p1a: Iron Moth|quarkdrivespe
|turn|7
|c|☆ez shiny|nah you wont believe this tho
|
|t:|1743920307
|move|p1a: Iron Moth|Psychic|p2a: FEAR.
|-supereffective|p2a: FEAR.
|-end|p2a: FEAR.|Substitute
|move|p2a: FEAR.|Psychic|p1a: Iron Moth
|-supereffective|p1a: Iron Moth
|-damage|p1a: Iron Moth|0 fnt
|faint|p1a: Iron Moth
|-end|p1a: Iron Moth|Quark Drive|[silent]
|
|-heal|p2a: FEAR.|99/100|[from] Grassy Terrain
|-fieldend|move: Grassy Terrain
|upkeep
|inactive|chemnuoc has 90 seconds left.
|c|☆ez shiny|we had the same thought
|
|t:|1743920318
|switch|p1a: Raging Bolt|Raging Bolt|100/100
|-damage|p1a: Raging Bolt|88/100|[from] Stealth Rock
|-enditem|p1a: Raging Bolt|Booster Energy
|-activate|p1a: Raging Bolt|ability: Protosynthesis|[fromitem]
|-start|p1a: Raging Bolt|protosynthesisspa
|turn|8
|inactive|chemnuoc has 90 seconds left.
|
|t:|1743920325
|move|p1a: Raging Bolt|Thunderclap|p2a: FEAR.
|-damage|p2a: FEAR.|46/100
|move|p2a: FEAR.|Sludge Wave|p1a: Raging Bolt
|-damage|p1a: Raging Bolt|0 fnt
|faint|p1a: Raging Bolt
|-end|p1a: Raging Bolt|Protosynthesis|[silent]
|
|upkeep
|
|t:|1743920327
|switch|p1a: Rillaboom|Rillaboom, M, shiny|94/100
|-damage|p1a: Rillaboom|82/100|[from] Stealth Rock
|-fieldstart|move: Grassy Terrain|[from] ability: Grassy Surge|[of] p1a: Rillaboom
|turn|9
|
|t:|1743920339
|move|p2a: FEAR.|Sludge Wave|p1a: Rillaboom
|-supereffective|p1a: Rillaboom
|-damage|p1a: Rillaboom|0 fnt
|faint|p1a: Rillaboom
|
|-heal|p2a: FEAR.|52/100|[from] Grassy Terrain
|upkeep
|
|t:|1743920341
|switch|p1a: Hawlucha|Hawlucha, M, shiny|100/100
|-damage|p1a: Hawlucha|88/100|[from] Stealth Rock
|-enditem|p1a: Hawlucha|Grassy Seed
|-boost|p1a: Hawlucha|def|1|[from] item: Grassy Seed
|turn|10
|
|t:|1743920347
|-terastallize|p1a: Hawlucha|Electric
|move|p1a: Hawlucha|Swords Dance|p1a: Hawlucha
|-boost|p1a: Hawlucha|atk|2
|move|p2a: FEAR.|Psychic|p1a: Hawlucha
|-damage|p1a: Hawlucha|2/100
|-unboost|p1a: Hawlucha|spd|1
|
|-heal|p1a: Hawlucha|8/100|[from] Grassy Terrain
|-heal|p2a: FEAR.|58/100|[from] Grassy Terrain
|upkeep
|turn|11
|c|☆ez shiny|i might be cooked
|
|t:|1743920361
|move|p1a: Hawlucha|Acrobatics|p2a: FEAR.
|-damage|p2a: FEAR.|0 fnt
|faint|p2a: FEAR.
|-end|p2a: FEAR.|Quark Drive|[silent]
|
|-heal|p1a: Hawlucha|14/100|[from] Grassy Terrain
|upkeep
|c|☆chemnuoc|I think you are
|inactive|ez shiny has 120 seconds left.
|c|☆chemnuoc|1 shot everything, I got move that x2 everything
|c|☆ez shiny|i may or may not be fried
|
|t:|1743920402
|switch|p2a: BLOOD.|Samurott-Hisui, F, shiny|100/100
|turn|12
|
|t:|1743920407
|move|p1a: Hawlucha|Close Combat|p2a: BLOOD.
|-supereffective|p2a: BLOOD.
|-damage|p2a: BLOOD.|0 fnt
|-unboost|p1a: Hawlucha|def|1
|-unboost|p1a: Hawlucha|spd|1
|faint|p2a: BLOOD.
|
|-heal|p1a: Hawlucha|20/100|[from] Grassy Terrain
|upkeep
|
|t:|1743920414
|switch|p2a: ELEMENT.|Iron Valiant, shiny|100/100
|-enditem|p2a: ELEMENT.|Booster Energy
|-activate|p2a: ELEMENT.|ability: Quark Drive|[fromitem]
|-start|p2a: ELEMENT.|quarkdrivespe
|turn|13
|
|t:|1743920417
|move|p1a: Hawlucha|Acrobatics|p2a: ELEMENT.
|-supereffective|p2a: ELEMENT.
|-damage|p2a: ELEMENT.|0 fnt
|faint|p2a: ELEMENT.
|-end|p2a: ELEMENT.|Quark Drive|[silent]
|
|-heal|p1a: Hawlucha|26/100|[from] Grassy Terrain
|-fieldend|move: Grassy Terrain
|upkeep
|
|t:|1743920422
|switch|p2a: FEEL.|Ogerpon-Wellspring, F|100/100
|turn|14
|
|t:|1743920427
|move|p1a: Hawlucha|Acrobatics|p2a: FEEL.
|-supereffective|p2a: FEEL.
|-damage|p2a: FEEL.|0 fnt
|faint|p2a: FEEL.
|
|upkeep
|
|t:|1743920428
|switch|p2a: PRIDE.|Kingambit, F, shiny|100/100
|-activate|p2a: PRIDE.|ability: Supreme Overlord
|-start|p2a: PRIDE.|fallen5|[silent]
|turn|15
|
|t:|1743920430
|-terastallize|p2a: PRIDE.|Dark
|move|p2a: PRIDE.|Sucker Punch|p1a: Hawlucha
|-damage|p1a: Hawlucha|0 fnt
|faint|p1a: Hawlucha
|
|win|ez shiny
|raw|chemnuoc's rating: 1230 &rarr; <strong>1201</strong><br />(-29 for losing)
|raw|ez shiny's rating: 1176 &rarr; <strong>1205</strong><br />(+29 for winning)
|c|☆ez shiny|gg
|c|☆chemnuoc|you dog
