|j|☆MaIatia
|j|☆lyk394
|t:|1743923799
|gametype|singles
|player|p1|MaIatia|2|1121
|player|p2|lyk394|clown|1169
|teamsize|p1|6
|teamsize|p2|6
|gen|9
|tier|[Gen 9] OU
|rated|
|rule|HP Percentage Mod: HP is shown in percentages
|rule|Endless Battle Clause: Forcing endless battles is banned
|rule|Species Clause: Limit one of each Pokémon
|rule|OHKO Clause: OHKO moves are banned
|rule|Evasion Items Clause: Evasion items are banned
|rule|Evasion Moves Clause: Evasion moves are banned
|rule|Sleep Moves Clause: Sleep-inducing moves are banned
|clearpoke
|poke|p1|Gliscor, M|
|poke|p1|Empoleon, F|
|poke|p1|Dragapult, M|
|poke|p1|Great Tusk|
|poke|p1|Okidogi, M|
|poke|p1|Kingambit, M|
|poke|p2|Venomoth, F|
|poke|p2|Iron Treads|
|poke|p2|Alomomola, F|
|poke|p2|Salazzle, F|
|poke|p2|Dragonite, M|
|poke|p2|Abomasnow, F|
|teampreview
|
|t:|1743923814
|start
|switch|p1a: Gliscor|Gliscor, M|100/100
|switch|p2a: Abomasnow|Abomasnow, F|100/100
|-weather|Snowscape|[from] ability: Snow Warning|[of] p2a: Abomasnow
|turn|1
|
|t:|1743923823
|move|p1a: Gliscor|Spikes|p2a: Abomasnow
|-sidestart|p2: lyk394|Spikes
|move|p2a: Abomasnow|Aurora Veil|p2a: Abomasnow
|-sidestart|p2: lyk394|move: Aurora Veil
|
|-weather|Snowscape|[upkeep]
|-status|p1a: Gliscor|tox|[from] item: Toxic Orb
|upkeep
|turn|2
|
|t:|1743923837
|move|p1a: Gliscor|Spikes|p2a: Abomasnow
|-sidestart|p2: lyk394|Spikes
|move|p2a: Abomasnow|Blizzard|p1a: Gliscor
|-supereffective|p1a: Gliscor
|-damage|p1a: Gliscor|0 fnt
|faint|p1a: Gliscor
|
|-weather|Snowscape|[upkeep]
|upkeep
|
|t:|1743923850
|switch|p1a: Okidogi|Okidogi, M|100/100
|turn|3
|inactive|Battle timer is ON: inactive players will automatically lose when time's up. (requested by lyk394)
|
|t:|1743923859
|switch|p2a: Alomomola|Alomomola, F|100/100
|-damage|p2a: Alomomola|84/100|[from] Spikes
|move|p1a: Okidogi|Gunk Shot|p2a: Alomomola
|-damage|p2a: Alomomola|57/100
|
|-weather|Snowscape|[upkeep]
|upkeep
|turn|4
|
|t:|1743923872
|switch|p1a: Empoleon|Empoleon, F|100/100
|move|p2a: Alomomola|Wish|p2a: Alomomola
|
|-weather|Snowscape|[upkeep]
|upkeep
|turn|5
|
|t:|1743923878
|move|p1a: Empoleon|Stealth Rock|p2a: Alomomola
|-sidestart|p2: lyk394|move: Stealth Rock
|move|p2a: Alomomola|Flip Turn|p1a: Empoleon
|-resisted|p1a: Empoleon
|-damage|p1a: Empoleon|93/100
|
|t:|1743923889
|switch|p2a: Iron Treads|Iron Treads|100/100|[from] Flip Turn
|-damage|p2a: Iron Treads|84/100|[from] Spikes
|-damage|p2a: Iron Treads|81/100|[from] Stealth Rock
|-enditem|p2a: Iron Treads|Booster Energy
|-activate|p2a: Iron Treads|ability: Quark Drive|[fromitem]
|-start|p2a: Iron Treads|quarkdrivespe
|
|-weather|none
|-heal|p2a: Iron Treads|100/100|[from] move: Wish|[wisher] Alomomola
|-heal|p1a: Empoleon|99/100|[from] item: Leftovers
|upkeep
|turn|6
|
|t:|1743923905
|move|p2a: Iron Treads|Rapid Spin|p1a: Empoleon
|-resisted|p1a: Empoleon
|-damage|p1a: Empoleon|91/100
|-boost|p2a: Iron Treads|spe|1
|-sideend|p2: lyk394|Spikes|[from] move: Rapid Spin|[of] p2a: Iron Treads
|-sideend|p2: lyk394|Stealth Rock|[from] move: Rapid Spin|[of] p2a: Iron Treads
|move|p1a: Empoleon|Roar|p2a: Iron Treads
|-end|p2a: Iron Treads|Quark Drive|[silent]
|drag|p2a: Salazzle|Salazzle, F|100/100
|-item|p2a: Salazzle|Air Balloon
|
|-heal|p1a: Empoleon|97/100|[from] item: Leftovers
|upkeep
|turn|7
|inactive|lyk394 has 120 seconds left.
|
|t:|1743923950
|switch|p2a: Alomomola|Alomomola, F|91/100
|move|p1a: Empoleon|Surf|p2a: Alomomola
|-resisted|p2a: Alomomola
|-damage|p2a: Alomomola|81/100
|
|-heal|p1a: Empoleon|100/100|[from] item: Leftovers
|upkeep
|turn|8
|
|t:|1743923960
|move|p1a: Empoleon|Stealth Rock|p2a: Alomomola
|-sidestart|p2: lyk394|move: Stealth Rock
|move|p2a: Alomomola|Wish|p2a: Alomomola
|
|-sideend|p2: lyk394|move: Aurora Veil
|upkeep
|turn|9
|
|t:|1743923968
|switch|p1a: Dragapult|Dragapult, M|100/100
|move|p2a: Alomomola|Flip Turn|p1a: Dragapult
|-resisted|p1a: Dragapult
|-damage|p1a: Dragapult|90/100
|
|t:|1743923989
|switch|p2a: Iron Treads|Iron Treads|100/100|[from] Flip Turn
|-damage|p2a: Iron Treads|97/100|[from] Stealth Rock
|
|-heal|p2a: Iron Treads|100/100|[from] move: Wish|[wisher] Alomomola
|upkeep
|turn|10
|
|t:|1743924003
|-terastallize|p1a: Dragapult|Ghost
|move|p1a: Dragapult|Draco Meteor|p2a: Iron Treads
|-resisted|p2a: Iron Treads
|-damage|p2a: Iron Treads|36/100
|-unboost|p1a: Dragapult|spa|2
|move|p2a: Iron Treads|Ice Spinner|p1a: Dragapult
|-damage|p1a: Dragapult|53/100
|
|upkeep
|turn|11
|inactive|lyk394 has 90 seconds left.
|
|t:|1743924021
|switch|p1a: Empoleon|Empoleon, F|100/100
|-end|p2a: Iron Treads|Quark Drive|[silent]
|switch|p2a: Alomomola|Alomomola, F|100/100
|-damage|p2a: Alomomola|88/100|[from] Stealth Rock
|
|upkeep
|turn|12
|
|t:|1743924029
|move|p2a: Alomomola|Wish|p2a: Alomomola
|move|p1a: Empoleon|Roar|p2a: Alomomola
|drag|p2a: Salazzle|Salazzle, F|100/100
|-damage|p2a: Salazzle|76/100|[from] Stealth Rock
|-item|p2a: Salazzle|Air Balloon
|
|upkeep
|turn|13
|inactive|lyk394 has 90 seconds left.
|
|t:|1743924055
|switch|p2a: Abomasnow|Abomasnow, F|100/100
|-damage|p2a: Abomasnow|76/100|[from] Stealth Rock
|-weather|Snowscape|[from] ability: Snow Warning|[of] p2a: Abomasnow
|move|p1a: Empoleon|Surf|p2a: Abomasnow
|-resisted|p2a: Abomasnow
|-damage|p2a: Abomasnow|59/100
|
|-weather|Snowscape|[upkeep]
|-heal|p2a: Abomasnow|100/100|[from] move: Wish|[wisher] Alomomola
|upkeep
|turn|14
|
|t:|1743924075
|switch|p1a: Okidogi|Okidogi, M|100/100
|move|p2a: Abomasnow|Aurora Veil|p2a: Abomasnow
|-sidestart|p2: lyk394|move: Aurora Veil
|
|-weather|Snowscape|[upkeep]
|upkeep
|turn|15
|
|t:|1743924087
|switch|p2a: Alomomola|Alomomola, F|100/100
|-damage|p2a: Alomomola|88/100|[from] Stealth Rock
|move|p1a: Okidogi|Knock Off|p2a: Alomomola
|-damage|p2a: Alomomola|76/100
|-damage|p1a: Okidogi|84/100|[from] item: Rocky Helmet|[of] p2a: Alomomola
|-enditem|p2a: Alomomola|Rocky Helmet|[from] move: Knock Off|[of] p1a: Okidogi
|
|-weather|Snowscape|[upkeep]
|upkeep
|turn|16
|
|t:|1743924106
|switch|p1a: Empoleon|Empoleon, F|100/100
|move|p2a: Alomomola|Wish|p2a: Alomomola
|
|-weather|Snowscape|[upkeep]
|upkeep
|turn|17
|
|t:|1743924114
|move|p2a: Alomomola|Flip Turn|p1a: Empoleon
|-resisted|p1a: Empoleon
|-damage|p1a: Empoleon|93/100
|
|t:|1743924121
|switch|p2a: Dragonite|Dragonite, M|100/100|[from] Flip Turn
|-damage|p2a: Dragonite|76/100|[from] Stealth Rock
|move|p1a: Empoleon|Roar|p2a: Dragonite
|drag|p2a: Salazzle|Salazzle, F|76/100
|-damage|p2a: Salazzle|51/100|[from] Stealth Rock
|-item|p2a: Salazzle|Air Balloon
|
|-weather|none
|-heal|p2a: Salazzle|100/100|[from] move: Wish|[wisher] Alomomola
|-heal|p1a: Empoleon|99/100|[from] item: Leftovers
|upkeep
|turn|18
|-message|MaIatia forfeited.
|
|win|lyk394
|raw|MaIatia's rating: 1121 &rarr; <strong>1099</strong><br />(-22 for losing)
|raw|lyk394's rating: 1169 &rarr; <strong>1191</strong><br />(+22 for winning)
|l|☆lyk394
|player|p2|
