|j|☆BenjiKong14
|j|☆tarriff5
|t:|1743933531
|gametype|singles
|player|p1|BenjiKong14|dancer|1097
|player|p2|tarriff5|shadowtriad|1138
|teamsize|p1|6
|teamsize|p2|6
|gen|9
|tier|[Gen 9] OU
|rated|
|rule|HP Percentage Mod: HP is shown in percentages
|rule|Endless Battle Clause: Forcing endless battles is banned
|rule|Species Clause: Limit one of each Pokémon
|rule|OHKO Clause: OHKO moves are banned
|rule|Evasion Items Clause: Evasion items are banned
|rule|Evasion Moves Clause: Evasion moves are banned
|rule|Sleep Moves Clause: Sleep-inducing moves are banned
|clearpoke
|poke|p1|Avalugg-Hisui, M|
|poke|p1|Tatsugiri-Droopy, F|
|poke|p1|Weezing-Galar, M|
|poke|p1|Metagross|
|poke|p1|Tauros-Paldea-Blaze, M|
|poke|p1|Arboliva, M|
|poke|p2|Weezing-Galar, F|
|poke|p2|Corviknight, F|
|poke|p2|Alomomola, M|
|poke|p2|Gliscor, F|
|poke|p2|Weavile, F|
|poke|p2|Ditto|
|teampreview
|
|t:|1743933547
|start
|switch|p1a: Jawbreaker|Avalugg-Hisui, M|100/100
|switch|p2a: Weavile|Weavile, F|100/100
|-ability|p2a: Weavile|Pressure
|turn|1
|
|t:|1743933556
|switch|p2a: Corviknight|Corviknight, F, shiny|100/100
|-ability|p2a: Corviknight|Pressure
|move|p1a: Jawbreaker|Stealth Rock|p2a: Corviknight
|-sidestart|p2: tarriff5|move: Stealth Rock
|
|upkeep
|turn|2
|
|t:|1743933565
|move|p2a: Corviknight|Defog|p1a: Jawbreaker
|-unboost|p1a: Jawbreaker|evasion|1
|-sideend|p2: tarriff5|Stealth Rock|[from] move: Defog|[of] p2a: Corviknight
|move|p1a: Jawbreaker|Mountain Gale|p2a: Corviknight
|-damage|p2a: Corviknight|67/100
|
|upkeep
|turn|3
|
|t:|1743933574
|move|p2a: Corviknight|Iron Defense|p2a: Corviknight
|-boost|p2a: Corviknight|def|2
|move|p1a: Jawbreaker|Mountain Gale|p2a: Corviknight
|-damage|p2a: Corviknight|52/100
|
|upkeep
|turn|4
|
|t:|1743933583
|move|p2a: Corviknight|Roost|p2a: Corviknight
|-heal|p2a: Corviknight|100/100
|-singleturn|p2a: Corviknight|move: Roost
|move|p1a: Jawbreaker|Stone Edge|p2a: Corviknight|[miss]
|-miss|p1a: Jawbreaker|p2a: Corviknight
|
|upkeep
|turn|5
|
|t:|1743933590
|move|p2a: Corviknight|Brave Bird|p1a: Jawbreaker
|-resisted|p1a: Jawbreaker
|-damage|p1a: Jawbreaker|93/100
|-damage|p2a: Corviknight|98/100|[from] Recoil
|move|p1a: Jawbreaker|Mountain Gale|p2a: Corviknight
|-damage|p2a: Corviknight|81/100
|
|upkeep
|turn|6
|
|t:|1743933602
|switch|p2a: Alomomola|Alomomola, M|100/100
|move|p1a: Jawbreaker|Body Press|p2a: Alomomola
|-damage|p2a: Alomomola|74/100
|
|upkeep
|turn|7
|
|t:|1743933614
|switch|p1a: Arboliva|Arboliva, M|100/100
|move|p2a: Alomomola|Scald|p1a: Arboliva
|-resisted|p1a: Arboliva
|-damage|p1a: Arboliva|95/100
|-fieldstart|move: Grassy Terrain|[from] ability: Seed Sower|[of] p1a: Arboliva
|
|-heal|p2a: Alomomola|80/100|[from] Grassy Terrain
|-heal|p1a: Arboliva|100/100|[from] Grassy Terrain
|upkeep
|turn|8
|inactive|Battle timer is ON: inactive players will automatically lose when time's up. (requested by tarriff5)
|
|t:|1743933661
|move|p1a: Arboliva|Hyper Voice|p2a: Alomomola
|-damage|p2a: Alomomola|51/100
|move|p2a: Alomomola|Mirror Coat|p1a: Arboliva
|-damage|p1a: Arboliva|23/100
|
|-heal|p2a: Alomomola|57/100|[from] Grassy Terrain
|-heal|p1a: Arboliva|29/100|[from] Grassy Terrain
|upkeep
|turn|9
|
|t:|1743933670
|move|p2a: Alomomola|Flip Turn|p1a: Arboliva
|-resisted|p1a: Arboliva
|-damage|p1a: Arboliva|20/100
|-damage|p2a: Alomomola|41/100|[from] item: Rocky Helmet|[of] p1a: Arboliva
|
|t:|1743933677
|switch|p2a: Corviknight|Corviknight, F, shiny|81/100|[from] Flip Turn
|-ability|p2a: Corviknight|Pressure
|move|p1a: Arboliva|Giga Drain|p2a: Corviknight
|-resisted|p2a: Corviknight
|-damage|p2a: Corviknight|69/100
|-heal|p1a: Arboliva|27/100|[from] drain|[of] p2a: Corviknight
|
|-heal|p1a: Arboliva|33/100|[from] Grassy Terrain
|upkeep
|turn|10
|inactive|BenjiKong14 has 120 seconds left.
|
|t:|1743933721
|switch|p1a: Jawbreaker|Avalugg-Hisui, M|93/100
|move|p2a: Corviknight|Roost|p2a: Corviknight
|-heal|p2a: Corviknight|100/100
|-singleturn|p2a: Corviknight|move: Roost
|
|-heal|p1a: Jawbreaker|99/100|[from] Grassy Terrain
|upkeep
|turn|11
|
|t:|1743933744
|move|p2a: Corviknight|Iron Defense|p2a: Corviknight
|-boost|p2a: Corviknight|def|2
|move|p1a: Jawbreaker|Mountain Gale|p2a: Corviknight
|-damage|p2a: Corviknight|86/100
|
|-heal|p1a: Jawbreaker|100/100|[from] Grassy Terrain
|-fieldend|move: Grassy Terrain
|upkeep
|turn|12
|inactive|BenjiKong14 has 90 seconds left.
|inactive|BenjiKong14 has 60 seconds left.
|
|t:|1743933797
|switch|p2a: Weezing|Weezing-Galar, F|100/100
|-ability|p2a: Weezing|Neutralizing Gas
|switch|p1a: Makizushi|Tatsugiri-Droopy, F|100/100
|
|upkeep
|turn|13
|inactive|BenjiKong14 has 60 seconds left.
|inactive|BenjiKong14 has 30 seconds left.
|inactive|BenjiKong14 has 20 seconds left.
|inactive|BenjiKong14 has 15 seconds left.
|inactive|BenjiKong14 has 10 seconds left.
|
|t:|1743933858
|-end|p2a: Weezing|ability: Neutralizing Gas
|switch|p2a: Alomomola|Alomomola, M|74/100
|move|p1a: Makizushi|Surf|p2a: Alomomola
|-resisted|p2a: Alomomola
|-damage|p2a: Alomomola|62/100
|
|upkeep
|turn|14
|inactive|BenjiKong14 has 20 seconds left this turn.
|inactive|BenjiKong14 has 15 seconds left.
|
|t:|1743933869
|move|p1a: Makizushi|Dragon Pulse|p2a: Alomomola
|-damage|p2a: Alomomola|39/100
|move|p2a: Alomomola|Flip Turn|p1a: Makizushi
|-ability|p1a: Makizushi|Storm Drain|boost
|-boost|p1a: Makizushi|spa|1
|
|upkeep
|turn|15
|inactive|BenjiKong14 has 25 seconds left this turn.
|inactive|BenjiKong14 has 20 seconds left.
|
|t:|1743933877
|move|p1a: Makizushi|Tera Blast|p2a: Alomomola
|-damage|p2a: Alomomola|15/100
|move|p2a: Alomomola|Mirror Coat|p1a: Makizushi
|-damage|p1a: Makizushi|20/100
|
|upkeep
|turn|16
|inactive|BenjiKong14 has 30 seconds left this turn.
|inactive|BenjiKong14 has 20 seconds left.
|
|t:|1743933901
|switch|p2a: Ditto|Ditto, shiny|100/100
|-transform|p2a: Ditto|p1a: Makizushi|[from] ability: Imposter
|move|p1a: Makizushi|Rapid Spin|p2a: Ditto
|-damage|p2a: Ditto|90/100
|-boost|p1a: Makizushi|spe|1
|
|upkeep
|turn|17
|inactive|BenjiKong14 has 30 seconds left this turn.
|inactive|BenjiKong14 has 20 seconds left.
|inactive|BenjiKong14 has 15 seconds left.
|inactive|tarriff5 has 120 seconds left.
|inactive|BenjiKong14 has 10 seconds left.
|inactive|BenjiKong14 has 5 seconds left.
|-message|BenjiKong14 lost due to inactivity.
|
|win|tarriff5
|raw|BenjiKong14's rating: 1097 &rarr; <strong>1075</strong><br />(-22 for losing)
|raw|tarriff5's rating: 1138 &rarr; <strong>1160</strong><br />(+22 for winning)
|l|☆BenjiKong14
|player|p1|
|l|☆tarriff5
|player|p2|
