|j|☆mrrflowers
|j|☆ARV66
|t:|1743919298
|gametype|singles
|player|p1|mrrflowers|cynthia-gen4|1107
|player|p2|ARV66|chuck|1151
|teamsize|p1|6
|teamsize|p2|6
|gen|9
|tier|[Gen 9] OU
|rated|
|rule|HP Percentage Mod: HP is shown in percentages
|rule|Endless Battle Clause: Forcing endless battles is banned
|rule|Species Clause: Limit one of each Pokémon
|rule|OHKO Clause: OHKO moves are banned
|rule|Evasion Items Clause: Evasion items are banned
|rule|Evasion Moves Clause: Evasion moves are banned
|rule|Sleep Moves Clause: Sleep-inducing moves are banned
|clearpoke
|poke|p1|Gliscor, M|
|poke|p1|Toxapex, M|
|poke|p1|Clodsire, F|
|poke|p1|Kingambit, M|
|poke|p1|Meowscarada, M|
|poke|p1|Ting-Lu|
|poke|p2|Ogerpon-Cornerstone, F|
|poke|p2|Mimikyu, F|
|poke|p2|Garganacl, M|
|poke|p2|Glimmora, F|
|poke|p2|Munkidori, M|
|poke|p2|Maushold|
|teampreview
|
|t:|1743919306
|start
|switch|p1a: Clodsire|Clodsire, F|100/100
|switch|p2a: Glimmora|Glimmora, F, shiny|100/100
|turn|1
|
|t:|1743919321
|-terastallize|p2a: Glimmora|Flying
|move|p2a: Glimmora|Earth Power|p1a: Clodsire
|-supereffective|p1a: Clodsire
|-damage|p1a: Clodsire|50/100
|move|p1a: Clodsire|Earthquake|p2a: Glimmora
|-immune|p2a: Glimmora
|
|-heal|p1a: Clodsire|56/100|[from] item: Leftovers
|upkeep
|turn|2
|
|t:|1743919331
|move|p2a: Glimmora|Earth Power|p1a: Clodsire
|-supereffective|p1a: Clodsire
|-damage|p1a: Clodsire|5/100
|move|p1a: Clodsire|Toxic|p2a: Glimmora
|-status|p2a: Glimmora|tox
|
|-heal|p1a: Clodsire|11/100|[from] item: Leftovers
|-damage|p2a: Glimmora|94/100 tox|[from] psn
|upkeep
|turn|3
|
|t:|1743919341
|move|p2a: Glimmora|Earth Power|p1a: Clodsire
|-supereffective|p1a: Clodsire
|-damage|p1a: Clodsire|0 fnt
|faint|p1a: Clodsire
|
|-damage|p2a: Glimmora|82/100 tox|[from] psn
|upkeep
|
|t:|1743919367
|switch|p1a: Gliscor|Gliscor, M|100/100
|turn|4
|
|t:|1743919383
|switch|p2a: Maushold|Maushold, shiny|100/100
|move|p1a: Gliscor|Fling|p2a: Maushold
|-crit|p2a: Maushold
|-damage|p2a: Maushold|81/100
|-status|p2a: Maushold|tox
|-enditem|p1a: Gliscor|Toxic Orb|[from] move: Fling
|
|-damage|p2a: Maushold|75/100 tox|[from] psn
|upkeep
|turn|5
|
|t:|1743919398
|move|p2a: Maushold|Population Bomb|p1a: Gliscor
|-damage|p1a: Gliscor|90/100
|-damage|p1a: Gliscor|80/100
|-damage|p1a: Gliscor|69/100
|-damage|p1a: Gliscor|58/100
|-damage|p1a: Gliscor|48/100
|-crit|p1a: Gliscor
|-damage|p1a: Gliscor|32/100
|-damage|p1a: Gliscor|21/100
|-damage|p1a: Gliscor|10/100
|-damage|p1a: Gliscor|0 fnt
|faint|p1a: Gliscor
|-hitcount|p1: Gliscor|9
|
|-damage|p2a: Maushold|62/100 tox|[from] psn
|upkeep
|
|t:|1743919417
|switch|p1a: Ting-Lu|Ting-Lu|100/100
|-ability|p1a: Ting-Lu|Vessel of Ruin
|turn|6
|
|t:|1743919431
|move|p2a: Maushold|Low Kick|p1a: Ting-Lu
|-supereffective|p1a: Ting-Lu
|-damage|p1a: Ting-Lu|78/100
|move|p1a: Ting-Lu|Ruination|p2a: Maushold
|-damage|p2a: Maushold|31/100 tox
|
|-heal|p1a: Ting-Lu|84/100|[from] item: Leftovers
|-damage|p2a: Maushold|13/100 tox|[from] psn
|upkeep
|turn|7
|
|t:|1743919442
|move|p2a: Maushold|Population Bomb|p1a: Ting-Lu
|-damage|p1a: Ting-Lu|80/100
|-damage|p1a: Ting-Lu|75/100
|-damage|p1a: Ting-Lu|70/100
|-damage|p1a: Ting-Lu|65/100
|-crit|p1a: Ting-Lu
|-damage|p1a: Ting-Lu|58/100
|-damage|p1a: Ting-Lu|54/100
|-damage|p1a: Ting-Lu|49/100
|-damage|p1a: Ting-Lu|44/100
|-damage|p1a: Ting-Lu|39/100
|-damage|p1a: Ting-Lu|35/100
|-hitcount|p1a: Ting-Lu|10
|move|p1a: Ting-Lu|Spikes|p2a: Maushold
|-sidestart|p2: ARV66|Spikes
|
|-heal|p1a: Ting-Lu|41/100|[from] item: Leftovers
|-damage|p2a: Maushold|0 fnt|[from] psn
|faint|p2a: Maushold
|upkeep
|
|t:|1743919462
|switch|p2a: Munkidori|Munkidori, M|100/100
|turn|8
|
|t:|1743919469
|move|p2a: Munkidori|U-turn|p1a: Ting-Lu
|-supereffective|p1a: Ting-Lu
|-damage|p1a: Ting-Lu|30/100
|
|t:|1743919473
|switch|p2a: Mimikyu|Mimikyu, F, shiny|100/100|[from] U-turn
|-damage|p2a: Mimikyu|88/100|[from] Spikes
|move|p1a: Ting-Lu|Earthquake|p2a: Mimikyu
|-activate|p2a: Mimikyu|ability: Disguise
|-damage|p2a: Mimikyu|88/100
|detailschange|p2a: Mimikyu|Mimikyu-Busted, F, shiny
|-damage|p2a: Mimikyu|76/100|[from] pokemon: Mimikyu-Busted
|
|-heal|p1a: Ting-Lu|37/100|[from] item: Leftovers
|upkeep
|turn|9
|
|t:|1743919487
|move|p2a: Mimikyu|Play Rough|p1a: Ting-Lu
|-supereffective|p1a: Ting-Lu
|-damage|p1a: Ting-Lu|0 fnt
|faint|p1a: Ting-Lu
|-damage|p2a: Mimikyu|66/100|[from] item: Life Orb
|
|upkeep
|
|t:|1743919498
|switch|p1a: Meowscarada|Meowscarada, M|100/100
|turn|10
|
|t:|1743919522
|move|p1a: Meowscarada|Flower Trick|p2a: Mimikyu
|-crit|p2a: Mimikyu
|-damage|p2a: Mimikyu|2/100
|move|p2a: Mimikyu|Play Rough|p1a: Meowscarada
|-supereffective|p1a: Meowscarada
|-damage|p1a: Meowscarada|0 fnt
|faint|p1a: Meowscarada
|-damage|p2a: Mimikyu|0 fnt|[from] item: Life Orb
|faint|p2a: Mimikyu
|
|upkeep
|
|t:|1743919542
|switch|p1a: Kingambit|Kingambit, M|100/100
|switch|p2a: Munkidori|Munkidori, M|100/100
|-activate|p1a: Kingambit|ability: Supreme Overlord
|-start|p1a: Kingambit|fallen4|[silent]
|turn|11
|
|t:|1743919557
|move|p2a: Munkidori|U-turn|p1a: Kingambit
|-damage|p1a: Kingambit|92/100
|
|t:|1743919562
|switch|p2a: Glimmora|Glimmora, F, shiny, tera:Flying|82/100 tox|[from] U-turn
|move|p1a: Kingambit|Swords Dance|p1a: Kingambit
|-boost|p1a: Kingambit|atk|2
|
|-damage|p2a: Glimmora|76/100 tox|[from] psn
|upkeep
|turn|12
|
|t:|1743919594
|move|p1a: Kingambit|Sucker Punch|p2a: Glimmora
|-damage|p2a: Glimmora|0 fnt
|-activate|p2a: Glimmora|ability: Toxic Debris
|-sidestart|p1: mrrflowers|move: Toxic Spikes
|faint|p2a: Glimmora
|
|upkeep
|
|t:|1743919606
|switch|p2a: Garganacl|Garganacl, M, shiny|100/100
|-damage|p2a: Garganacl|88/100|[from] Spikes
|turn|13
|
|t:|1743919618
|move|p1a: Kingambit|Low Kick|p2a: Garganacl
|-supereffective|p2a: Garganacl
|-damage|p2a: Garganacl|0 fnt
|faint|p2a: Garganacl
|
|upkeep
|
|t:|1743919626
|switch|p2a: Ogerpon|Ogerpon-Cornerstone, F|100/100
|-damage|p2a: Ogerpon|88/100|[from] Spikes
|turn|14
|
|t:|1743919639
|move|p2a: Ogerpon|Horn Leech|p1a: Kingambit
|-resisted|p1a: Kingambit
|-damage|p1a: Kingambit|76/100
|-heal|p2a: Ogerpon|99/100|[from] drain|[of] p1a: Kingambit
|move|p1a: Kingambit|Iron Head|p2a: Ogerpon
|-supereffective|p2a: Ogerpon
|-damage|p2a: Ogerpon|0 fnt
|faint|p2a: Ogerpon
|
|upkeep
|-message|ARV66 forfeited.
|
|win|mrrflowers
|raw|mrrflowers's rating: 1107 &rarr; <strong>1135</strong><br />(+28 for winning)
|raw|ARV66's rating: 1151 &rarr; <strong>1123</strong><br />(-28 for losing)
|l|☆ARV66
|player|p2|
|l|☆mrrflowers
|player|p1|
