|j|☆idkman2233
|j|☆Dragoss07
|t:|1743919044
|gametype|singles
|player|p1|idkman2233|hilbert|1054
|player|p2|Dragoss07|clair|1087
|teamsize|p1|6
|teamsize|p2|6
|gen|9
|tier|[Gen 9] OU
|rated|
|rule|HP Percentage Mod: HP is shown in percentages
|rule|Endless Battle Clause: Forcing endless battles is banned
|rule|Species Clause: Limit one of each Pokémon
|rule|OHKO Clause: OHKO moves are banned
|rule|Evasion Items Clause: Evasion items are banned
|rule|Evasion Moves Clause: Evasion moves are banned
|rule|Sleep Moves Clause: Sleep-inducing moves are banned
|clearpoke
|poke|p1|Mimikyu, M|
|poke|p1|Cinderace, F|
|poke|p1|Dewott, M|
|poke|p1|Lucario, F|
|poke|p1|Glaceon, M|
|poke|p1|Raichu-Alola, F|
|poke|p2|Hawlucha, F|
|poke|p2|Gliscor, M|
|poke|p2|Gholdengo|
|poke|p2|Ribombee, F|
|poke|p2|Ursaluna, M|
|poke|p2|Corviknight, M|
|teampreview
|
|t:|1743919050
|start
|switch|p1a: Zara :3|Raichu-Alola, F|100/100
|switch|p2a: Ribombee|Ribombee, F|100/100
|turn|1
|
|t:|1743919060
|move|p1a: Zara :3|Volt Switch|p2a: Ribombee
|-damage|p2a: Ribombee|73/100
|
|t:|1743919067
|switch|p1a: Snowflake:3|Glaceon, M|100/100|[from] Volt Switch
|move|p2a: Ribombee|Quiver Dance|p2a: Ribombee
|-boost|p2a: Ribombee|spa|1
|-boost|p2a: Ribombee|spd|1
|-boost|p2a: Ribombee|spe|1
|
|upkeep
|turn|2
|
|t:|1743919076
|move|p1a: Snowflake:3|Ice Shard|p2a: Ribombee
|-damage|p2a: Ribombee|59/100
|move|p2a: Ribombee|Sticky Web|p1a: Snowflake:3
|-sidestart|p1: idkman2233|move: Sticky Web
|
|upkeep
|turn|3
|
|t:|1743919087
|move|p2a: Ribombee|Quiver Dance|p2a: Ribombee
|-boost|p2a: Ribombee|spa|1
|-boost|p2a: Ribombee|spd|1
|-boost|p2a: Ribombee|spe|1
|move|p1a: Snowflake:3|Shadow Ball|p2a: Ribombee
|-damage|p2a: Ribombee|46/100
|
|upkeep
|turn|4
|
|t:|1743919098
|move|p2a: Ribombee|Quiver Dance|p2a: Ribombee
|-boost|p2a: Ribombee|spa|1
|-boost|p2a: Ribombee|spd|1
|-boost|p2a: Ribombee|spe|1
|move|p1a: Snowflake:3|Haze|p1a: Snowflake:3
|-clearallboost
|
|upkeep
|turn|5
|
|t:|1743919108
|move|p2a: Ribombee|Quiver Dance|p2a: Ribombee
|-boost|p2a: Ribombee|spa|1
|-boost|p2a: Ribombee|spd|1
|-boost|p2a: Ribombee|spe|1
|move|p1a: Snowflake:3|Freeze-Dry|p2a: Ribombee
|-damage|p2a: Ribombee|22/100
|-enditem|p2a: Ribombee|Aguav Berry|[eat]
|-heal|p2a: Ribombee|55/100|[from] item: Aguav Berry
|
|upkeep
|turn|6
|
|t:|1743919119
|move|p2a: Ribombee|Alluring Voice|p1a: Snowflake:3
|-crit|p1a: Snowflake:3
|-damage|p1a: Snowflake:3|23/100
|move|p1a: Snowflake:3|Haze|p1a: Snowflake:3
|-clearallboost
|
|upkeep
|turn|7
|
|t:|1743919127
|move|p2a: Ribombee|Alluring Voice|p1a: Snowflake:3
|-damage|p1a: Snowflake:3|0 fnt
|faint|p1a: Snowflake:3
|
|upkeep
|
|t:|1743919134
|switch|p1a: Mini black hole:3|Mimikyu, M, shiny|100/100
|-activate|p1a: Mini black hole:3|move: Sticky Web
|-unboost|p1a: Mini black hole:3|spe|1
|turn|8
|
|t:|1743919141
|move|p2a: Ribombee|Quiver Dance|p2a: Ribombee
|-boost|p2a: Ribombee|spa|1
|-boost|p2a: Ribombee|spd|1
|-boost|p2a: Ribombee|spe|1
|move|p1a: Mini black hole:3|Swords Dance|p1a: Mini black hole:3
|-boost|p1a: Mini black hole:3|atk|2
|
|upkeep
|turn|9
|
|t:|1743919148
|move|p2a: Ribombee|Stored Power|p1a: Mini black hole:3
|-activate|p1a: Mini black hole:3|ability: Disguise
|-damage|p1a: Mini black hole:3|100/100
|detailschange|p1a: Mini black hole:3|Mimikyu-Busted, M, shiny
|-damage|p1a: Mini black hole:3|88/100|[from] pokemon: Mimikyu-Busted
|move|p1a: Mini black hole:3|Swords Dance|p1a: Mini black hole:3
|-boost|p1a: Mini black hole:3|atk|2
|
|upkeep
|turn|10
|
|t:|1743919156
|move|p1a: Mini black hole:3|Shadow Sneak|p2a: Ribombee
|-damage|p2a: Ribombee|0 fnt
|faint|p2a: Ribombee
|
|upkeep
|
|t:|1743919167
|switch|p2a: Ursaluna|Ursaluna, M|100/100
|turn|11
|
|t:|1743919179
|move|p1a: Mini black hole:3|Wood Hammer|p2a: Ursaluna
|-supereffective|p2a: Ursaluna
|-damage|p2a: Ursaluna|0 fnt
|faint|p2a: Ursaluna
|-damage|p1a: Mini black hole:3|27/100|[from] Recoil
|
|upkeep
|
|t:|1743919191
|switch|p2a: Hawlucha|Hawlucha, F|100/100
|turn|12
|
|t:|1743919199
|move|p2a: Hawlucha|Acrobatics|p1a: Mini black hole:3
|-damage|p1a: Mini black hole:3|0 fnt
|faint|p1a: Mini black hole:3
|
|upkeep
|
|t:|1743919206
|switch|p1a: Zara :3|Raichu-Alola, F|100/100
|-activate|p1a: Zara :3|move: Sticky Web
|-unboost|p1a: Zara :3|spe|1
|turn|13
|
|t:|1743919213
|switch|p2a: Gliscor|Gliscor, M|100/100
|move|p1a: Zara :3|Volt Switch|p2a: Gliscor
|-immune|p2a: Gliscor
|
|-status|p2a: Gliscor|tox|[from] item: Toxic Orb
|upkeep
|turn|14
|
|t:|1743919227
|switch|p1a: Dewott :3|Dewott, M|100/100
|-activate|p1a: Dewott :3|move: Sticky Web
|-unboost|p1a: Dewott :3|spe|1
|move|p2a: Gliscor|Toxic Spikes|p1a: Dewott :3
|-sidestart|p1: idkman2233|move: Toxic Spikes
|
|upkeep
|turn|15
|
|t:|1743919242
|-terastallize|p2a: Gliscor|Steel
|move|p1a: Dewott :3|Aqua Jet|p2a: Gliscor
|-damage|p2a: Gliscor|89/100 tox
|move|p2a: Gliscor|Stealth Rock|p1a: Dewott :3
|-sidestart|p1: idkman2233|move: Stealth Rock
|
|-heal|p2a: Gliscor|100/100 tox|[from] ability: Poison Heal
|upkeep
|turn|16
|
|t:|1743919257
|move|p2a: Gliscor|Toxic Spikes|p1a: Dewott :3
|-sidestart|p1: idkman2233|move: Toxic Spikes
|move|p1a: Dewott :3|X-Scissor|p2a: Gliscor
|-resisted|p2a: Gliscor
|-damage|p2a: Gliscor|93/100 tox
|
|-heal|p2a: Gliscor|100/100 tox|[from] ability: Poison Heal
|upkeep
|turn|17
|
|t:|1743919267
|move|p2a: Gliscor|Earthquake|p1a: Dewott :3
|-damage|p1a: Dewott :3|62/100
|move|p1a: Dewott :3|Swords Dance|p1a: Dewott :3
|-boost|p1a: Dewott :3|atk|2
|
|upkeep
|turn|18
|
|t:|1743919274
|move|p2a: Gliscor|Earthquake|p1a: Dewott :3
|-damage|p1a: Dewott :3|26/100
|move|p1a: Dewott :3|Avalanche|p2a: Gliscor
|-resisted|p2a: Gliscor
|-damage|p2a: Gliscor|81/100 tox
|
|-heal|p2a: Gliscor|93/100 tox|[from] ability: Poison Heal
|upkeep
|turn|19
|
|t:|1743919281
|move|p1a: Dewott :3|Aqua Jet|p2a: Gliscor
|-damage|p2a: Gliscor|61/100 tox
|move|p2a: Gliscor|Earthquake|p1a: Dewott :3
|-damage|p1a: Dewott :3|0 fnt
|faint|p1a: Dewott :3
|
|-heal|p2a: Gliscor|74/100 tox|[from] ability: Poison Heal
|upkeep
|
|t:|1743919283
|switch|p1a: Blaze :3|Cinderace, F|100/100
|-activate|p1a: Blaze :3|move: Sticky Web
|-unboost|p1a: Blaze :3|spe|1
|-status|p1a: Blaze :3|tox
|-damage|p1a: Blaze :3|75/100 tox|[from] Stealth Rock
|turn|20
|
|t:|1743919300
|move|p1a: Blaze :3|Court Change|p1a: Blaze :3
|-start|p1a: Blaze :3|typechange|Normal|[from] ability: Libero
|-swapsideconditions
|-activate|p1a: Blaze :3|move: Court Change
|move|p2a: Gliscor|Earthquake|p1a: Blaze :3
|-damage|p1a: Blaze :3|32/100 tox
|
|-heal|p1a: Blaze :3|38/100 tox|[from] item: Leftovers
|-damage|p1a: Blaze :3|32/100 tox|[from] psn
|-heal|p2a: Gliscor|86/100 tox|[from] ability: Poison Heal
|upkeep
|turn|21
|
|t:|1743919315
|move|p1a: Blaze :3|Pyro Ball|p2a: Gliscor
|-supereffective|p2a: Gliscor
|-damage|p2a: Gliscor|36/100 tox
|move|p2a: Gliscor|Earthquake|p1a: Blaze :3
|-damage|p1a: Blaze :3|0 fnt
|faint|p1a: Blaze :3
|
|-heal|p2a: Gliscor|49/100 tox|[from] ability: Poison Heal
|upkeep
|
|t:|1743919325
|switch|p1a: Zara :3|Raichu-Alola, F|100/100
|turn|22
|
|t:|1743919331
|move|p1a: Zara :3|Volt Switch|p2a: Gliscor
|-damage|p2a: Gliscor|13/100 tox
|
|t:|1743919334
|switch|p1a: Rouge :3|Lucario, F|100/100|[from] Volt Switch
|move|p2a: Gliscor|Earthquake|p1a: Rouge :3
|-supereffective|p1a: Rouge :3
|-damage|p1a: Rouge :3|0 fnt
|faint|p1a: Rouge :3
|
|-heal|p2a: Gliscor|26/100 tox|[from] ability: Poison Heal
|upkeep
|
|t:|1743919336
|switch|p1a: Zara :3|Raichu-Alola, F|100/100
|turn|23
|
|t:|1743919344
|move|p2a: Gliscor|Protect|p2a: Gliscor
|-singleturn|p2a: Gliscor|Protect
|move|p1a: Zara :3|Thunderbolt|p2a: Gliscor
|-activate|p2a: Gliscor|move: Protect
|
|-heal|p2a: Gliscor|38/100 tox|[from] ability: Poison Heal
|upkeep
|turn|24
|
|t:|1743919352
|move|p1a: Zara :3|Volt Switch|p2a: Gliscor
|-damage|p2a: Gliscor|2/100 tox
|move|p2a: Gliscor|Earthquake|p1a: Zara :3
|-supereffective|p1a: Zara :3
|-damage|p1a: Zara :3|0 fnt
|faint|p1a: Zara :3
|
|win|Dragoss07
|raw|idkman2233's rating: 1054 &rarr; <strong>1038</strong><br />(-16 for losing)
|raw|Dragoss07's rating: 1087 &rarr; <strong>1111</strong><br />(+24 for winning)
|l|☆idkman2233
|player|p1|
|l|☆Dragoss07
|player|p2|
