|j|☆shuppetLover
|j|☆yangde
|t:|1743922991
|gametype|singles
|player|p1|shuppetLover|scientist-gen4dp|1132
|player|p2|yangde|101|1206
|teamsize|p1|6
|teamsize|p2|6
|gen|9
|tier|[Gen 9] OU
|rated|
|rule|HP Percentage Mod: HP is shown in percentages
|rule|Endless Battle Clause: Forcing endless battles is banned
|rule|Species Clause: Limit one of each Pokémon
|rule|OHKO Clause: OHKO moves are banned
|rule|Evasion Items Clause: Evasion items are banned
|rule|Evasion Moves Clause: Evasion moves are banned
|rule|Sleep Moves Clause: Sleep-inducing moves are banned
|clearpoke
|poke|p1|Hatterene, F|
|poke|p1|Carbink|
|poke|p1|Honchkrow, M|
|poke|p1|Primarina, M|
|poke|p1|Enamorus, F|
|poke|p1|Iron Thorns|
|poke|p2|Ogerpon-Wellspring, F|
|poke|p2|Iron Moth|
|poke|p2|Iron Valiant|
|poke|p2|Raging Bolt|
|poke|p2|Kingambit, M|
|poke|p2|Landorus-Therian, M|
|teampreview
|
|t:|1743923011
|start
|switch|p1a: Carbink|Carbink|100/100
|switch|p2a: Landorus|Landorus-Therian, M|100/100
|-ability|p2a: Landorus|Intimidate|boost
|-unboost|p1a: Carbink|atk|1
|turn|1
|
|t:|1743923058
|move|p2a: Landorus|Earthquake|p1a: Carbink
|-supereffective|p1a: Carbink
|-damage|p1a: Carbink|33/100
|move|p1a: Carbink|Stealth Rock|p2a: Landorus
|-sidestart|p2: yangde|move: Stealth Rock
|
|upkeep
|turn|2
|
|t:|1743923085
|move|p2a: Landorus|Earthquake|p1a: Carbink
|-supereffective|p1a: Carbink
|-damage|p1a: Carbink|0 fnt
|faint|p1a: Carbink
|
|upkeep
|
|t:|1743923097
|switch|p1a: Primarina|Primarina, M|100/100
|turn|3
|
|t:|1743923105
|move|p2a: Landorus|Earthquake|p1a: Primarina
|-damage|p1a: Primarina|53/100
|move|p1a: Primarina|Calm Mind|p1a: Primarina
|-boost|p1a: Primarina|spa|1
|-boost|p1a: Primarina|spd|1
|
|upkeep
|turn|4
|
|t:|1743923110
|move|p2a: Landorus|Earthquake|p1a: Primarina
|-damage|p1a: Primarina|0 fnt
|faint|p1a: Primarina
|
|upkeep
|c|☆shuppetLover|Wow
|c|☆shuppetLover|These rolls
|
|t:|1743923124
|switch|p1a: Hatterene|Hatterene, F|100/100
|turn|5
|
|t:|1743923127
|move|p2a: Landorus|Earthquake|p1a: Hatterene
|-damage|p1a: Hatterene|22/100
|move|p1a: Hatterene|Trick Room|p1a: Hatterene
|-fieldstart|move: Trick Room|[of] p1a: Hatterene
|
|-heal|p1a: Hatterene|28/100|[from] item: Leftovers
|upkeep
|turn|6
|
|t:|1743923133
|move|p1a: Hatterene|Misty Explosion|p2a: Landorus
|-crit|p2a: Landorus
|-damage|p2a: Landorus|0 fnt
|faint|p1a: Hatterene
|faint|p2a: Landorus
|
|upkeep
|
|t:|1743923143
|switch|p1a: Honchkrow|Honchkrow, M|100/100
|switch|p2a: Kingambit|Kingambit, M|100/100
|-damage|p2a: Kingambit|94/100|[from] Stealth Rock
|-activate|p2a: Kingambit|ability: Supreme Overlord
|-start|p2a: Kingambit|fallen1|[silent]
|-enditem|p1a: Honchkrow|Room Service
|-unboost|p1a: Honchkrow|spe|1|[from] item: Room Service
|turn|7
|c|☆shuppetLover|No
|c|☆shuppetLover|No
|c|☆shuppetLover|Die
|c|☆shuppetLover|Dont use this
|
|t:|1743923169
|-terastallize|p1a: Honchkrow|Fighting
|move|p1a: Honchkrow|Tera Blast|p2a: Kingambit|[anim] Tera Blast Fighting
|-supereffective|p2a: Kingambit
|-damage|p2a: Kingambit|0 fnt
|faint|p2a: Kingambit
|-end|p2a: Kingambit|fallen1|[silent]
|-ability|p1a: Honchkrow|Moxie|boost
|-boost|p1a: Honchkrow|atk|1
|
|upkeep
|
|t:|1743923186
|switch|p2a: Raging Bolt|Raging Bolt|100/100
|-damage|p2a: Raging Bolt|88/100|[from] Stealth Rock
|-enditem|p2a: Raging Bolt|Booster Energy
|-activate|p2a: Raging Bolt|ability: Protosynthesis|[fromitem]
|-start|p2a: Raging Bolt|protosynthesisspa
|turn|8
|
|t:|1743923195
|move|p1a: Honchkrow|Sucker Punch|p2a: Raging Bolt
|-damage|p2a: Raging Bolt|30/100
|move|p2a: Raging Bolt|Thunderclap||[still]
|-fail|p2a: Raging Bolt
|
|upkeep
|turn|9
|
|t:|1743923218
|move|p1a: Honchkrow|Acrobatics|p2a: Raging Bolt
|-resisted|p2a: Raging Bolt
|-damage|p2a: Raging Bolt|0 fnt
|faint|p2a: Raging Bolt
|-end|p2a: Raging Bolt|Protosynthesis|[silent]
|-ability|p1a: Honchkrow|Moxie|boost
|-boost|p1a: Honchkrow|atk|1
|
|-fieldend|move: Trick Room
|upkeep
|
|t:|1743923231
|switch|p2a: Ogerpon|Ogerpon-Wellspring, F|100/100
|-damage|p2a: Ogerpon|88/100|[from] Stealth Rock
|turn|10
|
|t:|1743923242
|move|p1a: Honchkrow|Sucker Punch|p2a: Ogerpon
|-damage|p2a: Ogerpon|0 fnt
|faint|p2a: Ogerpon
|-ability|p1a: Honchkrow|Moxie|boost
|-boost|p1a: Honchkrow|atk|1
|
|upkeep
|c|☆shuppetLover|Now its over
|
|t:|1743923251
|switch|p2a: Iron Valiant|Iron Valiant|100/100
|-damage|p2a: Iron Valiant|94/100|[from] Stealth Rock
|-enditem|p2a: Iron Valiant|Booster Energy
|-activate|p2a: Iron Valiant|ability: Quark Drive|[fromitem]
|-start|p2a: Iron Valiant|quarkdrivespe
|turn|11
|c|☆shuppetLover|I got the crow
|c|☆shuppetLover|Oh?
|c|☆shuppetLover|4x reisist?
|
|t:|1743923266
|move|p1a: Honchkrow|Sucker Punch||[still]
|-fail|p1a: Honchkrow
|move|p2a: Iron Valiant|Encore|p1a: Honchkrow
|-start|p1a: Honchkrow|Encore
|
|upkeep
|turn|12
|
|t:|1743923273
|move|p1a: Honchkrow|Sucker Punch||[still]
|-fail|p1a: Honchkrow
|move|p2a: Iron Valiant|Calm Mind|p2a: Iron Valiant
|-boost|p2a: Iron Valiant|spa|1
|-boost|p2a: Iron Valiant|spd|1
|
|upkeep
|turn|13
|
|t:|1743923278
|move|p1a: Honchkrow|Sucker Punch||[still]
|-fail|p1a: Honchkrow
|move|p2a: Iron Valiant|Calm Mind|p2a: Iron Valiant
|-boost|p2a: Iron Valiant|spa|1
|-boost|p2a: Iron Valiant|spd|1
|
|upkeep
|turn|14
|
|t:|1743923289
|move|p1a: Honchkrow|Sucker Punch|p2a: Iron Valiant
|-resisted|p2a: Iron Valiant
|-damage|p2a: Iron Valiant|63/100
|move|p2a: Iron Valiant|Moonblast|p1a: Honchkrow
|-supereffective|p1a: Honchkrow
|-damage|p1a: Honchkrow|0 fnt
|faint|p1a: Honchkrow
|
|upkeep
|
|t:|1743923297
|switch|p1a: Enamorus|Enamorus, F|100/100
|turn|15
|inactive|Battle timer is ON: inactive players will automatically lose when time's up. (requested by shuppetLover)
|
|t:|1743923372
|move|p2a: Iron Valiant|Moonblast|p1a: Enamorus
|-damage|p1a: Enamorus|0 fnt
|faint|p1a: Enamorus
|
|upkeep
|
|t:|1743923376
|switch|p1a: Iron Thorns|Iron Thorns|100/100
|turn|16
|
|t:|1743923384
|move|p2a: Iron Valiant|Moonblast|p1a: Iron Thorns
|-damage|p1a: Iron Thorns|5/100
|move|p1a: Iron Thorns|Supercell Slam|p2a: Iron Valiant
|-damage|p2a: Iron Valiant|0 fnt
|faint|p2a: Iron Valiant
|-end|p2a: Iron Valiant|Quark Drive|[silent]
|
|upkeep
|c|☆shuppetLover|I am loser
|
|t:|1743923390
|switch|p2a: Iron Moth|Iron Moth|100/100
|-damage|p2a: Iron Moth|76/100|[from] Stealth Rock
|-enditem|p2a: Iron Moth|Booster Energy
|-activate|p2a: Iron Moth|ability: Quark Drive|[fromitem]
|-start|p2a: Iron Moth|quarkdrivespe
|turn|17
|
|t:|1743923420
|move|p2a: Iron Moth|Psychic|p1a: Iron Thorns
|-damage|p1a: Iron Thorns|0 fnt
|faint|p1a: Iron Thorns
|-end|p1a: Iron Thorns|Quark Drive|[silent]
|
|win|yangde
|raw|shuppetLover's rating: 1132 &rarr; <strong>1112</strong><br />(-20 for losing)
|raw|yangde's rating: 1206 &rarr; <strong>1226</strong><br />(+20 for winning)
|l|☆yangde
|player|p2|
|l|☆shuppetLover
|player|p1|
