|j|☆Sambebored
|j|☆GoombaJuiced
|t:|1743920891
|gametype|singles
|player|p1|Sambebored|266|1102
|player|p2|GoombaJuiced|170|1078
|teamsize|p1|6
|teamsize|p2|6
|gen|9
|tier|[Gen 9] OU
|rated|
|rule|HP Percentage Mod: HP is shown in percentages
|rule|Endless Battle Clause: Forcing endless battles is banned
|rule|Species Clause: Limit one of each Pokémon
|rule|OHKO Clause: OHKO moves are banned
|rule|Evasion Items Clause: Evasion items are banned
|rule|Evasion Moves Clause: Evasion moves are banned
|rule|Sleep Moves Clause: Sleep-inducing moves are banned
|clearpoke
|poke|p1|Blaziken, F|
|poke|p1|Blissey, F|
|poke|p1|Tropius, M|
|poke|p1|Toxapex, F|
|poke|p1|Hydrapple, M|
|poke|p1|Indeedee, M|
|poke|p2|Manaphy|
|poke|p2|Politoed, F|
|poke|p2|Pelipper, F|
|poke|p2|Zapdos|
|poke|p2|Tentacruel, F|
|poke|p2|Overqwil, F|
|teampreview
|
|t:|1743920903
|start
|switch|p1a: Tropius|Tropius, M|100/100
|switch|p2a: Pelipper|Pelipper, F, shiny|100/100
|-weather|RainDance|[from] ability: Drizzle|[of] p2a: Pelipper
|turn|1
|inactive|Battle timer is ON: inactive players will automatically lose when time's up. (requested by Sambebored)
|
|t:|1743920913
|move|p2a: Pelipper|Tailwind|p2a: Pelipper
|-sidestart|p2: GoombaJuiced|move: Tailwind
|move|p1a: Tropius|Leech Seed|p2a: Pelipper
|-start|p2a: Pelipper|move: Leech Seed
|
|-weather|RainDance|[upkeep]
|-damage|p2a: Pelipper|88/100|[from] Leech Seed|[of] p1a: Tropius
|upkeep
|turn|2
|
|t:|1743920918
|move|p1a: Tropius|Protect|p1a: Tropius
|-singleturn|p1a: Tropius|Protect
|move|p2a: Pelipper|Hurricane|p1a: Tropius
|-activate|p1a: Tropius|move: Protect
|
|-weather|RainDance|[upkeep]
|-damage|p2a: Pelipper|76/100|[from] Leech Seed|[of] p1a: Tropius
|upkeep
|turn|3
|
|t:|1743920923
|move|p2a: Pelipper|Hurricane|p1a: Tropius
|-supereffective|p1a: Tropius
|-damage|p1a: Tropius|31/100
|-start|p1a: Tropius|confusion
|-enditem|p1a: Tropius|Sitrus Berry|[eat]
|-heal|p1a: Tropius|56/100|[from] item: Sitrus Berry
|-activate|p1a: Tropius|confusion
|move|p1a: Tropius|Substitute|p1a: Tropius
|-start|p1a: Tropius|Substitute
|-damage|p1a: Tropius|31/100
|
|-weather|RainDance|[upkeep]
|-damage|p2a: Pelipper|64/100|[from] Leech Seed|[of] p1a: Tropius
|-heal|p1a: Tropius|39/100|[silent]
|upkeep
|turn|4
|
|t:|1743920951
|-end|p1a: Tropius|confusion
|move|p1a: Tropius|Protect|p1a: Tropius
|-singleturn|p1a: Tropius|Protect
|move|p2a: Pelipper|Hurricane|p1a: Tropius
|-activate|p1a: Tropius|move: Protect
|
|-weather|RainDance|[upkeep]
|-damage|p2a: Pelipper|51/100|[from] Leech Seed|[of] p1a: Tropius
|-heal|p1a: Tropius|47/100|[silent]
|-sideend|p2: GoombaJuiced|move: Tailwind
|-item|p1a: Tropius|Sitrus Berry|[from] ability: Harvest
|upkeep
|-enditem|p1a: Tropius|Sitrus Berry|[eat]
|-heal|p1a: Tropius|72/100|[from] item: Sitrus Berry
|turn|5
|-message|GoombaJuiced forfeited.
|
|win|Sambebored
|raw|Sambebored's rating: 1102 &rarr; <strong>1125</strong><br />(+23 for winning)
|raw|GoombaJuiced's rating: 1078 &rarr; <strong>1058</strong><br />(-20 for losing)
|l|☆GoombaJuiced
|player|p2|
|l|☆Sambebored
|player|p1|
