|j|☆Mage_Shroom
|j|☆Dianic
|t:|1743934555
|gametype|singles
|player|p1|Mage_Shroom|brycenman|1197
|player|p2|Dianic|169|1164
|teamsize|p1|6
|teamsize|p2|6
|gen|9
|tier|[Gen 9] OU
|rated|
|rule|HP Percentage Mod: HP is shown in percentages
|rule|Endless Battle Clause: Forcing endless battles is banned
|rule|Species Clause: Limit one of each Pokémon
|rule|OHKO Clause: OHKO moves are banned
|rule|Evasion Items Clause: Evasion items are banned
|rule|Evasion Moves Clause: Evasion moves are banned
|rule|Sleep Moves Clause: Sleep-inducing moves are banned
|clearpoke
|poke|p1|Zamazenta-*|
|poke|p1|Kingambit, F|
|poke|p1|Samurott-Hisui, F|
|poke|p1|Landorus-Therian, M|
|poke|p1|Iron Valiant|
|poke|p1|Iron Moth|
|poke|p2|Serperior, F|
|poke|p2|Kommo-o, M|
|poke|p2|Deoxys-Speed|
|poke|p2|Cinderace, F|
|poke|p2|Tinkaton, F|
|poke|p2|Hydreigon, M|
|teampreview
|
|t:|1743934573
|start
|switch|p1a: Samurott|Samurott-Hisui, F|100/100
|switch|p2a: Deoxys|Deoxys-Speed, shiny|100/100
|-ability|p2a: Deoxys|Pressure
|turn|1
|
|t:|1743934591
|move|p2a: Deoxys|Superpower|p1a: Samurott
|-supereffective|p1a: Samurott
|-damage|p1a: Samurott|16/100
|-unboost|p2a: Deoxys|atk|1
|-unboost|p2a: Deoxys|def|1
|move|p1a: Samurott|Ceaseless Edge|p2a: Deoxys
|-supereffective|p2a: Deoxys
|-enditem|p2a: Deoxys|Focus Sash
|-damage|p2a: Deoxys|1/100
|-sidestart|p2: Dianic|Spikes
|
|upkeep
|turn|2
|
|t:|1743934623
|switch|p1a: Iron Valiant|Iron Valiant|100/100
|-enditem|p1a: Iron Valiant|Booster Energy
|-activate|p1a: Iron Valiant|ability: Quark Drive|[fromitem]
|-start|p1a: Iron Valiant|quarkdrivespe
|move|p2a: Deoxys|Extreme Speed|p1a: Iron Valiant
|-damage|p1a: Iron Valiant|79/100
|
|upkeep
|turn|3
|
|t:|1743934658
|switch|p2a: Tinkaton|Tinkaton, F|100/100
|-damage|p2a: Tinkaton|88/100|[from] Spikes
|move|p1a: Iron Valiant|Thunderbolt|p2a: Tinkaton
|-damage|p2a: Tinkaton|64/100
|
|-heal|p2a: Tinkaton|70/100|[from] item: Leftovers
|upkeep
|turn|4
|
|t:|1743934691
|-end|p1a: Iron Valiant|Quark Drive|[silent]
|switch|p1a: Iron Moth|Iron Moth|100/100
|-enditem|p1a: Iron Moth|Booster Energy
|-activate|p1a: Iron Moth|ability: Quark Drive|[fromitem]
|-start|p1a: Iron Moth|quarkdrivespe
|move|p2a: Tinkaton|Thunder Wave|p1a: Iron Moth
|-status|p1a: Iron Moth|par
|
|-heal|p2a: Tinkaton|76/100|[from] item: Leftovers
|upkeep
|turn|5
|
|t:|1743934705
|move|p1a: Iron Moth|Fiery Dance|p2a: Tinkaton
|-supereffective|p2a: Tinkaton
|-damage|p2a: Tinkaton|18/100
|-boost|p1a: Iron Moth|spa|1
|move|p2a: Tinkaton|Knock Off|p1a: Iron Moth
|-damage|p1a: Iron Moth|78/100 par
|
|-heal|p2a: Tinkaton|24/100|[from] item: Leftovers
|upkeep
|turn|6
|
|t:|1743934719
|move|p1a: Iron Moth|Fiery Dance|p2a: Tinkaton
|-supereffective|p2a: Tinkaton
|-damage|p2a: Tinkaton|0 fnt
|faint|p2a: Tinkaton
|
|upkeep
|
|t:|1743934729
|switch|p2a: Hydreigon|Hydreigon, M|100/100
|turn|7
|
|t:|1743934759
|cant|p1a: Iron Moth|par
|move|p2a: Hydreigon|Earth Power|p1a: Iron Moth
|-supereffective|p1a: Iron Moth
|-damage|p1a: Iron Moth|0 fnt
|faint|p1a: Iron Moth
|-end|p1a: Iron Moth|Quark Drive|[silent]
|
|upkeep
|
|t:|1743934766
|switch|p1a: Iron Valiant|Iron Valiant|79/100
|turn|8
|
|t:|1743934780
|-terastallize|p2a: Hydreigon|Poison
|move|p1a: Iron Valiant|Moonblast|p2a: Hydreigon
|-resisted|p2a: Hydreigon
|-damage|p2a: Hydreigon|87/100
|move|p2a: Hydreigon|Tera Blast|p1a: Iron Valiant|[anim] Tera Blast Poison
|-supereffective|p1a: Iron Valiant
|-damage|p1a: Iron Valiant|0 fnt
|faint|p1a: Iron Valiant
|-end|p1a: Iron Valiant|Quark Drive|[silent]
|
|upkeep
|
|t:|1743934790
|switch|p1a: Landorus|Landorus-Therian, M|100/100
|-ability|p1a: Landorus|Intimidate|boost
|-unboost|p2a: Hydreigon|atk|1
|turn|9
|
|t:|1743934802
|move|p1a: Landorus|Stealth Rock|p2a: Hydreigon
|-sidestart|p2: Dianic|move: Stealth Rock
|move|p2a: Hydreigon|Dark Pulse|p1a: Landorus
|-crit|p1a: Landorus
|-damage|p1a: Landorus|26/100
|
|upkeep
|turn|10
|
|t:|1743934809
|switch|p1a: Zamazenta|Zamazenta|100/100
|-ability|p1a: Zamazenta|Dauntless Shield|boost
|-boost|p1a: Zamazenta|def|1
|move|p2a: Hydreigon|Dark Pulse|p1a: Zamazenta
|-resisted|p1a: Zamazenta
|-damage|p1a: Zamazenta|84/100
|
|-heal|p1a: Zamazenta|90/100|[from] item: Leftovers
|upkeep
|turn|11
|
|t:|1743934822
|move|p1a: Zamazenta|Iron Defense|p1a: Zamazenta
|-boost|p1a: Zamazenta|def|2
|move|p2a: Hydreigon|Tera Blast|p1a: Zamazenta|[anim] Tera Blast Poison
|-damage|p1a: Zamazenta|53/100
|
|-heal|p1a: Zamazenta|59/100|[from] item: Leftovers
|upkeep
|turn|12
|
|t:|1743934835
|move|p1a: Zamazenta|Body Press|p2a: Hydreigon
|-resisted|p2a: Hydreigon
|-damage|p2a: Hydreigon|42/100
|move|p2a: Hydreigon|Draco Meteor|p1a: Zamazenta
|-damage|p1a: Zamazenta|2/100
|-unboost|p2a: Hydreigon|spa|2
|
|-heal|p1a: Zamazenta|8/100|[from] item: Leftovers
|upkeep
|turn|13
|
|t:|1743934848
|move|p1a: Zamazenta|Body Press|p2a: Hydreigon
|-resisted|p2a: Hydreigon
|-damage|p2a: Hydreigon|0 fnt
|faint|p2a: Hydreigon
|
|-heal|p1a: Zamazenta|15/100|[from] item: Leftovers
|upkeep
|
|t:|1743934857
|switch|p2a: Kommo-o|Kommo-o, M|100/100
|-damage|p2a: Kommo-o|88/100|[from] Spikes
|-damage|p2a: Kommo-o|82/100|[from] Stealth Rock
|turn|14
|
|t:|1743934879
|move|p1a: Zamazenta|Body Press|p2a: Kommo-o
|-damage|p2a: Kommo-o|13/100
|-enditem|p2a: Kommo-o|Sitrus Berry|[eat]
|-heal|p2a: Kommo-o|38/100|[from] item: Sitrus Berry
|move|p2a: Kommo-o|Clanging Scales|p1a: Zamazenta
|-damage|p1a: Zamazenta|0 fnt
|faint|p1a: Zamazenta
|-unboost|p2a: Kommo-o|def|1
|
|upkeep
|
|t:|1743934893
|switch|p1a: Landorus|Landorus-Therian, M|26/100
|-ability|p1a: Landorus|Intimidate|boost
|-unboost|p2a: Kommo-o|atk|1
|turn|15
|
|t:|1743934907
|switch|p2a: Deoxys|Deoxys-Speed, shiny|1/100
|-damage|p2a: Deoxys|0 fnt|[from] Spikes
|faint|p2a: Deoxys
|move|p1a: Landorus|Earthquake|p2: Deoxys|[notarget]
|-fail|p1a: Landorus
|
|upkeep
|
|t:|1743934915
|switch|p2a: Serperior|Serperior, F, shiny|100/100
|-damage|p2a: Serperior|88/100|[from] Spikes
|-damage|p2a: Serperior|76/100|[from] Stealth Rock
|turn|16
|
|t:|1743934932
|move|p2a: Serperior|Leaf Storm|p1a: Landorus
|-damage|p1a: Landorus|0 fnt
|-boost|p2a: Serperior|spa|2
|faint|p1a: Landorus
|
|upkeep
|
|t:|1743934939
|switch|p1a: Kingambit|Kingambit, F|100/100
|-activate|p1a: Kingambit|ability: Supreme Overlord
|-start|p1a: Kingambit|fallen4|[silent]
|turn|17
|
|t:|1743934947
|move|p2a: Serperior|Leaf Storm|p1a: Kingambit
|-resisted|p1a: Kingambit
|-damage|p1a: Kingambit|50/100
|-boost|p2a: Serperior|spa|2
|move|p1a: Kingambit|Swords Dance|p1a: Kingambit
|-boost|p1a: Kingambit|atk|2
|
|-heal|p1a: Kingambit|56/100|[from] item: Leftovers
|upkeep
|turn|18
|
|t:|1743934967
|move|p2a: Serperior|Leaf Storm|p1a: Kingambit
|-resisted|p1a: Kingambit
|-damage|p1a: Kingambit|0 fnt
|-boost|p2a: Serperior|spa|2
|faint|p1a: Kingambit
|-end|p1a: Kingambit|fallen4|[silent]
|
|upkeep
|
|t:|1743934974
|switch|p1a: Samurott|Samurott-Hisui, F|16/100
|turn|19
|
|t:|1743934978
|move|p2a: Serperior|Giga Drain|p1a: Samurott
|-supereffective|p1a: Samurott
|-damage|p1a: Samurott|0 fnt
|-heal|p2a: Serperior|84/100|[from] drain|[of] p1a: Samurott
|faint|p1a: Samurott
|
|win|Dianic
|raw|Mage_Shroom's rating: 1197 &rarr; <strong>1170</strong><br />(-27 for losing)
|raw|Dianic's rating: 1164 &rarr; <strong>1191</strong><br />(+27 for winning)
|l|☆Mage_Shroom
|player|p1|
|l|☆Dianic
|player|p2|
