|j|☆barzar69
|j|☆davehu
|t:|1743931748
|gametype|singles
|player|p1|barzar69|265|1050
|player|p2|davehu|gambler|1054
|teamsize|p1|6
|teamsize|p2|6
|gen|9
|tier|[Gen 9] OU
|rated|
|rule|HP Percentage Mod: HP is shown in percentages
|rule|Endless Battle Clause: Forcing endless battles is banned
|rule|Species Clause: Limit one of each Pokémon
|rule|OHKO Clause: OHKO moves are banned
|rule|Evasion Items Clause: Evasion items are banned
|rule|Evasion Moves Clause: Evasion moves are banned
|rule|Sleep Moves Clause: Sleep-inducing moves are banned
|clearpoke
|poke|p1|Swampert, F|
|poke|p1|Metagross|
|poke|p1|Dragapult, F|
|poke|p1|Cinderace, F|
|poke|p1|Zapdos|
|poke|p1|Zarude|
|poke|p2|Iron Valiant|
|poke|p2|Iron Moth|
|poke|p2|Enamorus, F|
|poke|p2|Raging Bolt|
|poke|p2|Glimmora, M|
|poke|p2|Sinistcha-Masterpiece|
|teampreview
|inactive|Battle timer is ON: inactive players will automatically lose when time's up. (requested by davehu)
|
|t:|1743931754
|start
|switch|p1a: Swampert|Swampert, F|100/100
|switch|p2a: Glimmora|Glimmora, M|100/100
|turn|1
|
|t:|1743931763
|move|p2a: Glimmora|Stealth Rock|p1a: Swampert
|-sidestart|p1: barzar69|move: Stealth Rock
|move|p1a: Swampert|Stone Edge|p2a: Glimmora
|-damage|p2a: Glimmora|66/100
|-activate|p2a: Glimmora|ability: Toxic Debris
|-sidestart|p1: barzar69|move: Toxic Spikes
|
|upkeep
|turn|2
|
|t:|1743931777
|move|p2a: Glimmora|Spikes|p1a: Swampert
|-sidestart|p1: barzar69|Spikes
|move|p1a: Swampert|Hydro Cannon|p2a: Glimmora
|-supereffective|p2a: Glimmora
|-damage|p2a: Glimmora|0 fnt
|-mustrecharge|p1a: Swampert
|faint|p2a: Glimmora
|
|upkeep
|
|t:|1743931787
|switch|p2a: Sinistcha|Sinistcha-Masterpiece|100/100
|-item|p2a: Sinistcha|Air Balloon
|turn|3
|
|t:|1743931791
|move|p2a: Sinistcha|Matcha Gotcha|p1a: Swampert
|-supereffective|p1a: Swampert
|-damage|p1a: Swampert|0 fnt
|faint|p1a: Swampert
|
|upkeep
|
|t:|1743931800
|switch|p1a: Cinderace|Cinderace, F|100/100
|-damage|p1a: Cinderace|75/100|[from] Stealth Rock
|-status|p1a: Cinderace|psn
|-damage|p1a: Cinderace|63/100 psn|[from] Spikes
|turn|4
|
|t:|1743931807
|-terastallize|p2a: Sinistcha|Ground
|move|p1a: Cinderace|Fire Blast|p2a: Sinistcha
|-damage|p2a: Sinistcha|86/100
|-enditem|p2a: Sinistcha|Air Balloon
|move|p2a: Sinistcha|Tera Blast|p1a: Cinderace|[anim] Tera Blast Ground
|-supereffective|p1a: Cinderace
|-damage|p1a: Cinderace|0 fnt
|faint|p1a: Cinderace
|
|upkeep
|
|t:|1743931816
|switch|p1a: Zapdos|Zapdos|100/100
|-damage|p1a: Zapdos|76/100|[from] Stealth Rock
|turn|5
|
|t:|1743931825
|move|p1a: Zapdos|Hurricane|p2a: Sinistcha|[miss]
|-miss|p1a: Zapdos|p2a: Sinistcha
|move|p2a: Sinistcha|Calm Mind|p2a: Sinistcha
|-boost|p2a: Sinistcha|spa|1
|-boost|p2a: Sinistcha|spd|1
|
|-heal|p1a: Zapdos|82/100|[from] item: Leftovers
|upkeep
|turn|6
|
|t:|1743931836
|move|p1a: Zapdos|Drill Peck|p2a: Sinistcha
|-damage|p2a: Sinistcha|64/100
|move|p2a: Sinistcha|Calm Mind|p2a: Sinistcha
|-boost|p2a: Sinistcha|spa|1
|-boost|p2a: Sinistcha|spd|1
|
|-heal|p1a: Zapdos|88/100|[from] item: Leftovers
|upkeep
|turn|7
|
|t:|1743931846
|move|p1a: Zapdos|Discharge|p2a: Sinistcha
|-immune|p2a: Sinistcha
|move|p2a: Sinistcha|Shadow Ball|p1a: Zapdos
|-damage|p1a: Zapdos|0 fnt
|faint|p1a: Zapdos
|
|upkeep
|
|t:|1743931857
|switch|p1a: Metagross|Metagross, shiny|100/100
|-damage|p1a: Metagross|94/100|[from] Stealth Rock
|-damage|p1a: Metagross|82/100|[from] Spikes
|turn|8
|
|t:|1743931863
|move|p1a: Metagross|Iron Head|p2a: Sinistcha
|-damage|p2a: Sinistcha|20/100
|cant|p2a: Sinistcha|flinch
|
|upkeep
|turn|9
|
|t:|1743931871
|move|p2a: Sinistcha|Tera Blast|p1a: Metagross|[anim] Tera Blast Ground
|-supereffective|p1a: Metagross
|-damage|p1a: Metagross|0 fnt
|faint|p1a: Metagross
|
|upkeep
|
|t:|1743931876
|switch|p1a: Dragapult|Dragapult, F, shiny|100/100
|-damage|p1a: Dragapult|88/100|[from] Stealth Rock
|-status|p1a: Dragapult|psn
|-damage|p1a: Dragapult|76/100 psn|[from] Spikes
|turn|10
|
|t:|1743931883
|move|p1a: Dragapult|Dragon Darts|p2a: Sinistcha
|-damage|p2a: Sinistcha|0 fnt
|faint|p2a: Sinistcha
|
|-damage|p1a: Dragapult|64/100 psn|[from] psn
|upkeep
|
|t:|1743931894
|switch|p2a: Enamorus|Enamorus, F|100/100
|turn|11
|
|t:|1743931897
|move|p1a: Dragapult|Phantom Force||[still]
|-prepare|p1a: Dragapult|Phantom Force
|move|p2a: Enamorus|Tailwind|p2a: Enamorus
|-sidestart|p2: davehu|move: Tailwind
|
|-damage|p1a: Dragapult|51/100 psn|[from] psn
|upkeep
|turn|12
|
|t:|1743931903
|move|p2a: Enamorus|Earth Power|p1a: Dragapult|[miss]
|-miss|p2a: Enamorus|p1a: Dragapult
|move|p1a: Dragapult|Phantom Force|p2a: Enamorus|[from] lockedmove
|-damage|p2a: Enamorus|49/100
|
|-heal|p2a: Enamorus|55/100|[from] item: Leftovers
|-damage|p1a: Dragapult|39/100 psn|[from] psn
|upkeep
|turn|13
|
|t:|1743931917
|move|p2a: Enamorus|Earth Power|p1a: Dragapult
|-damage|p1a: Dragapult|0 fnt
|faint|p1a: Dragapult
|
|-heal|p2a: Enamorus|61/100|[from] item: Leftovers
|upkeep
|
|t:|1743931922
|switch|p1a: Zarude|Zarude|100/100
|-damage|p1a: Zarude|88/100|[from] Stealth Rock
|-status|p1a: Zarude|psn
|-damage|p1a: Zarude|76/100 psn|[from] Spikes
|turn|14
|
|t:|1743931940
|move|p2a: Enamorus|Focus Blast|p1a: Zarude
|-supereffective|p1a: Zarude
|-damage|p1a: Zarude|0 fnt
|faint|p1a: Zarude
|
|win|davehu
|raw|barzar69's rating: 1050 &rarr; <strong>1033</strong><br />(-17 for losing)
|raw|davehu's rating: 1054 &rarr; <strong>1086</strong><br />(+32 for winning)
