|j|☆Frostywingz
|j|☆DankErrl
|t:|1743919448
|gametype|singles
|player|p1|Frostywingz|sabrina|1211
|player|p2|DankErrl|dawn|1152
|teamsize|p1|6
|teamsize|p2|6
|gen|9
|tier|[Gen 9] OU
|rated|
|rule|HP Percentage Mod: HP is shown in percentages
|rule|Endless Battle Clause: Forcing endless battles is banned
|rule|Species Clause: Limit one of each Pokémon
|rule|OHKO Clause: OHKO moves are banned
|rule|Evasion Items Clause: Evasion items are banned
|rule|Evasion Moves Clause: Evasion moves are banned
|rule|Sleep Moves Clause: Sleep-inducing moves are banned
|clearpoke
|poke|p1|Dusclops, M|
|poke|p1|Articuno|
|poke|p1|Cinccino, M|
|poke|p1|Meowstic, M|
|poke|p1|Iron Valiant|
|poke|p1|Ribombee, M|
|poke|p2|Torkoal, M|
|poke|p2|Moltres|
|poke|p2|Scream Tail|
|poke|p2|Great Tusk|
|poke|p2|Walking Wake|
|poke|p2|Lilligant-Hisui, F|
|teampreview
|inactive|Battle timer is ON: inactive players will automatically lose when time's up. (requested by Frostywingz)
|
|t:|1743919465
|start
|switch|p1a: Articuno|Articuno|100/100
|switch|p2a: Torkoal|Torkoal, M, shiny|100/100
|-ability|p1a: Articuno|Pressure
|-weather|SunnyDay|[from] ability: Drought|[of] p2a: Torkoal
|turn|1
|
|t:|1743919473
|-terastallize|p1a: Articuno|Ground
|move|p1a: Articuno|Tera Blast|p2a: Torkoal|[anim] Tera Blast Ground
|-supereffective|p2a: Torkoal
|-damage|p2a: Torkoal|0 fnt
|faint|p2a: Torkoal
|
|-weather|SunnyDay|[upkeep]
|upkeep
|
|t:|1743919482
|switch|p2a: Walking Wake|Walking Wake|100/100
|-activate|p2a: Walking Wake|ability: Protosynthesis
|-start|p2a: Walking Wake|protosynthesisspe
|turn|2
|
|t:|1743919486
|switch|p1a: Meowstic|Meowstic, M|100/100
|-terastallize|p2a: Walking Wake|Water
|move|p2a: Walking Wake|Hydro Steam|p1a: Meowstic
|-damage|p1a: Meowstic|0 fnt
|faint|p1a: Meowstic
|
|-weather|SunnyDay|[upkeep]
|upkeep
|
|t:|1743919497
|switch|p1a: Articuno|Articuno, tera:Ground|100/100
|-ability|p1a: Articuno|Pressure
|turn|3
|
|t:|1743919502
|move|p2a: Walking Wake|Hydro Steam|p1a: Articuno
|-supereffective|p1a: Articuno
|-damage|p1a: Articuno|0 fnt
|faint|p1a: Articuno
|
|-weather|SunnyDay|[upkeep]
|upkeep
|
|t:|1743919505
|switch|p1a: Ribombee|Ribombee, M|100/100
|turn|4
|
|t:|1743919509
|move|p2a: Walking Wake|Hydro Steam|p1a: Ribombee
|-enditem|p1a: Ribombee|Focus Sash
|-damage|p1a: Ribombee|1/100
|move|p1a: Ribombee|Sticky Web|p2a: Walking Wake
|-sidestart|p2: DankErrl|move: Sticky Web
|
|-weather|SunnyDay|[upkeep]
|upkeep
|turn|5
|
|t:|1743919521
|move|p2a: Walking Wake|Hydro Steam|p1a: Ribombee
|-damage|p1a: Ribombee|0 fnt
|faint|p1a: Ribombee
|
|-weather|SunnyDay|[upkeep]
|upkeep
|
|t:|1743919525
|switch|p1a: Iron Valiant|Iron Valiant|100/100
|-enditem|p1a: Iron Valiant|Booster Energy
|-activate|p1a: Iron Valiant|ability: Quark Drive|[fromitem]
|-start|p1a: Iron Valiant|quarkdrivespe
|turn|6
|
|t:|1743919527
|move|p1a: Iron Valiant|Spirit Break|p2a: Walking Wake
|-crit|p2a: Walking Wake
|-damage|p2a: Walking Wake|33/100
|-unboost|p2a: Walking Wake|spa|1
|move|p2a: Walking Wake|Hydro Steam|p1a: Iron Valiant
|-damage|p1a: Iron Valiant|0 fnt
|faint|p1a: Iron Valiant
|-end|p1a: Iron Valiant|Quark Drive|[silent]
|
|-weather|SunnyDay|[upkeep]
|upkeep
|
|t:|1743919535
|switch|p1a: Dusclops|Dusclops, M|100/100
|-item|p2a: Walking Wake|Choice Specs|[from] ability: Frisk|[of] p1a: Dusclops
|turn|7
|
|t:|1743919540
|move|p2a: Walking Wake|Hydro Steam|p1a: Dusclops
|-damage|p1a: Dusclops|45/100
|move|p1a: Dusclops|Shadow Ball|p2a: Walking Wake
|-damage|p2a: Walking Wake|0 fnt
|faint|p2a: Walking Wake
|-end|p2a: Walking Wake|Protosynthesis|[silent]
|
|-weather|SunnyDay|[upkeep]
|upkeep
|
|t:|1743919548
|switch|p2a: Moltres|Moltres|100/100
|turn|8
|
|t:|1743919551
|move|p2a: Moltres|Flamethrower|p1a: Dusclops
|-damage|p1a: Dusclops|10/100
|move|p1a: Dusclops|Calm Mind|p1a: Dusclops
|-boost|p1a: Dusclops|spa|1
|-boost|p1a: Dusclops|spd|1
|
|-weather|none
|upkeep
|turn|9
|
|t:|1743919555
|move|p2a: Moltres|Flamethrower|p1a: Dusclops
|-damage|p1a: Dusclops|0 fnt
|faint|p1a: Dusclops
|
|upkeep
|
|t:|1743919556
|switch|p1a: Cinccino|Cinccino, M|100/100
|turn|10
|
|t:|1743919561
|move|p1a: Cinccino|Tidy Up|p1a: Cinccino
|-sideend|p2: DankErrl|Sticky Web
|-activate|p1a: Cinccino|move: Tidy Up
|-boost|p1a: Cinccino|atk|1
|-boost|p1a: Cinccino|spe|1
|move|p2a: Moltres|Flamethrower|p1a: Cinccino
|-damage|p1a: Cinccino|29/100
|
|upkeep
|turn|11
|
|t:|1743919567
|move|p1a: Cinccino|Tail Slap|p2a: Moltres
|-damage|p2a: Moltres|85/100
|-damage|p2a: Moltres|69/100
|-status|p1a: Cinccino|brn|[from] ability: Flame Body|[of] p2a: Moltres
|-damage|p2a: Moltres|61/100
|-damage|p2a: Moltres|54/100
|-hitcount|p2a: Moltres|4
|move|p2a: Moltres|Flamethrower|p1a: Cinccino
|-damage|p1a: Cinccino|0 fnt
|faint|p1a: Cinccino
|
|win|DankErrl
|raw|Frostywingz's rating: 1211 &rarr; <strong>1182</strong><br />(-29 for losing)
|raw|DankErrl's rating: 1152 &rarr; <strong>1181</strong><br />(+29 for winning)
|l|☆Frostywingz
|player|p1|
|l|☆DankErrl
|player|p2|
