|j|☆ShawnHim
|j|☆Gil_Kenobi
|t:|1743919130
|gametype|singles
|player|p1|ShawnHim|giovanni|1232
|player|p2|Gil_Kenobi|101|1181
|teamsize|p1|6
|teamsize|p2|6
|gen|9
|tier|[Gen 9] OU
|rated|
|rule|HP Percentage Mod: HP is shown in percentages
|rule|Endless Battle Clause: Forcing endless battles is banned
|rule|Species Clause: Limit one of each Pokémon
|rule|OHKO Clause: OHKO moves are banned
|rule|Evasion Items Clause: Evasion items are banned
|rule|Evasion Moves Clause: Evasion moves are banned
|rule|Sleep Moves Clause: Sleep-inducing moves are banned
|clearpoke
|poke|p1|Milotic, F|
|poke|p1|Gliscor, M|
|poke|p1|Blaziken, M|
|poke|p1|Gengar, F|
|poke|p1|Meowscarada, F|
|poke|p1|Chansey, F|
|poke|p2|Torkoal, M|
|poke|p2|Leavanny, M|
|poke|p2|Victreebel, M|
|poke|p2|Samurott-Hisui, M|
|poke|p2|Hatterene, F|
|poke|p2|Arboliva, F|
|teampreview
|inactive|Battle timer is ON: inactive players will automatically lose when time's up. (requested by ShawnHim)
|
|t:|1743919138
|start
|switch|p1a: Chansey|Chansey, F|100/100
|switch|p2a: Leavanny|Leavanny, M|100/100
|turn|1
|
|t:|1743919150
|move|p2a: Leavanny|Knock Off|p1a: Chansey
|-damage|p1a: Chansey|79/100
|-enditem|p1a: Chansey|Eviolite|[from] move: Knock Off|[of] p2a: Leavanny
|move|p1a: Chansey|Stealth Rock|p2a: Leavanny
|-sidestart|p2: Gil_Kenobi|move: Stealth Rock
|
|upkeep
|turn|2
|
|t:|1743919157
|move|p2a: Leavanny|Sticky Web|p1a: Chansey
|-sidestart|p1: ShawnHim|move: Sticky Web
|move|p1a: Chansey|Thunder Wave|p2a: Leavanny
|-status|p2a: Leavanny|par
|
|upkeep
|turn|3
|
|t:|1743919163
|switch|p1a: Gliscor|Gliscor, M|100/100
|move|p2a: Leavanny|Leaf Blade|p1a: Gliscor
|-damage|p1a: Gliscor|72/100
|
|-status|p1a: Gliscor|tox|[from] item: Toxic Orb
|upkeep
|turn|4
|
|t:|1743919173
|move|p1a: Gliscor|Facade|p2a: Leavanny
|-damage|p2a: Leavanny|61/100 par
|move|p2a: Leavanny|Triple Axel|p1a: Gliscor
|-supereffective|p1a: Gliscor
|-damage|p1a: Gliscor|55/100 tox
|-supereffective|p1a: Gliscor
|-damage|p1a: Gliscor|23/100 tox
|-supereffective|p1a: Gliscor
|-damage|p1a: Gliscor|0 fnt
|faint|p1a: Gliscor
|-hitcount|p1: Gliscor|3
|
|upkeep
|
|t:|1743919178
|switch|p1a: Gengar|Gengar, F|100/100
|-activate|p1a: Gengar|move: Sticky Web
|-unboost|p1a: Gengar|spe|1
|turn|5
|
|t:|1743919185
|move|p1a: Gengar|Sludge Wave|p2a: Leavanny
|-supereffective|p2a: Leavanny
|-damage|p2a: Leavanny|0 fnt
|faint|p2a: Leavanny
|-damage|p1a: Gengar|91/100|[from] item: Life Orb
|
|upkeep
|
|t:|1743919190
|switch|p2a: Samurott|Samurott-Hisui, M|100/100
|-damage|p2a: Samurott|88/100|[from] Stealth Rock
|turn|6
|
|t:|1743919195
|move|p2a: Samurott|Ceaseless Edge|p1a: Gengar
|-supereffective|p1a: Gengar
|-damage|p1a: Gengar|0 fnt
|-sidestart|p1: ShawnHim|Spikes
|faint|p1a: Gengar
|-damage|p2a: Samurott|78/100|[from] item: Life Orb
|
|upkeep
|
|t:|1743919198
|switch|p1a: Meowscarada|Meowscarada, F|100/100
|turn|7
|
|t:|1743919206
|-terastallize|p2a: Samurott|Fighting
|move|p1a: Meowscarada|Flower Trick|p2a: Samurott
|-start|p1a: Meowscarada|typechange|Grass|[from] ability: Protean
|-crit|p2a: Samurott
|-damage|p2a: Samurott|10/100
|move|p2a: Samurott|Sacred Sword|p1a: Meowscarada
|-damage|p1a: Meowscarada|0 fnt
|faint|p1a: Meowscarada
|-damage|p2a: Samurott|0 fnt|[from] item: Life Orb
|faint|p2a: Samurott
|
|upkeep
|
|t:|1743919221
|switch|p1a: Blaziken|Blaziken, M|100/100
|switch|p2a: Torkoal|Torkoal, M|100/100
|-activate|p1a: Blaziken|move: Sticky Web
|-unboost|p1a: Blaziken|spe|1
|-damage|p1a: Blaziken|88/100|[from] Spikes
|-damage|p2a: Torkoal|76/100|[from] Stealth Rock
|-weather|SunnyDay|[from] ability: Drought|[of] p2a: Torkoal
|turn|8
|
|t:|1743919225
|move|p1a: Blaziken|Swords Dance|p1a: Blaziken
|-boost|p1a: Blaziken|atk|2
|move|p2a: Torkoal|Rapid Spin|p1a: Blaziken
|-damage|p1a: Blaziken|73/100
|-boost|p2a: Torkoal|spe|1
|-sideend|p2: Gil_Kenobi|Stealth Rock|[from] move: Rapid Spin|[of] p2a: Torkoal
|
|-weather|SunnyDay|[upkeep]
|-ability|p1a: Blaziken|Speed Boost|boost
|-boost|p1a: Blaziken|spe|1
|upkeep
|turn|9
|
|t:|1743919245
|move|p1a: Blaziken|Swords Dance|p1a: Blaziken
|-boost|p1a: Blaziken|atk|2
|move|p2a: Torkoal|Body Press|p1a: Blaziken
|-crit|p1a: Blaziken
|-damage|p1a: Blaziken|12/100
|
|-weather|SunnyDay|[upkeep]
|-ability|p1a: Blaziken|Speed Boost|boost
|-boost|p1a: Blaziken|spe|1
|upkeep
|turn|10
|
|t:|1743919253
|move|p1a: Blaziken|Close Combat|p2a: Torkoal
|-damage|p2a: Torkoal|0 fnt
|-unboost|p1a: Blaziken|def|1
|-unboost|p1a: Blaziken|spd|1
|faint|p2a: Torkoal
|-damage|p1a: Blaziken|2/100|[from] item: Life Orb
|
|-weather|SunnyDay|[upkeep]
|-ability|p1a: Blaziken|Speed Boost|boost
|-boost|p1a: Blaziken|spe|1
|upkeep
|
|t:|1743919259
|switch|p2a: Victreebel|Victreebel, M|100/100
|turn|11
|
|t:|1743919270
|move|p1a: Blaziken|Protect|p1a: Blaziken
|-singleturn|p1a: Blaziken|Protect
|move|p2a: Victreebel|Sucker Punch||[still]
|-fail|p2a: Victreebel
|
|-weather|SunnyDay|[upkeep]
|-ability|p1a: Blaziken|Speed Boost|boost
|-boost|p1a: Blaziken|spe|1
|upkeep
|turn|12
|
|t:|1743919283
|move|p1a: Blaziken|Flare Blitz|p2a: Victreebel
|-supereffective|p2a: Victreebel
|-damage|p2a: Victreebel|0 fnt
|faint|p2a: Victreebel
|-damage|p1a: Blaziken|0 fnt|[from] Recoil
|faint|p1a: Blaziken
|
|-weather|SunnyDay|[upkeep]
|upkeep
|
|t:|1743919289
|switch|p1a: Chansey|Chansey, F|79/100
|switch|p2a: Hatterene|Hatterene, F, shiny|100/100
|-activate|p1a: Chansey|move: Sticky Web
|-unboost|p1a: Chansey|spe|1
|-damage|p1a: Chansey|67/100|[from] Spikes
|turn|13
|
|t:|1743919296
|move|p1a: Chansey|Soft-Boiled|p1a: Chansey
|-heal|p1a: Chansey|100/100
|move|p2a: Hatterene|Psyshock|p1a: Chansey
|-damage|p1a: Chansey|57/100
|
|-weather|SunnyDay|[upkeep]
|upkeep
|turn|14
|
|t:|1743919304
|switch|p1a: Milotic|Milotic, F|100/100
|-activate|p1a: Milotic|move: Sticky Web
|-unboost|p1a: Milotic|spe|1
|-ability|p1a: Milotic|Competitive|boost
|-boost|p1a: Milotic|spa|2
|-damage|p1a: Milotic|88/100|[from] Spikes
|move|p2a: Hatterene|Psyshock|p1a: Milotic
|-damage|p1a: Milotic|58/100
|
|-weather|SunnyDay|[upkeep]
|-heal|p1a: Milotic|64/100|[from] item: Leftovers
|upkeep
|turn|15
|
|t:|1743919314
|move|p1a: Milotic|Recover|p1a: Milotic
|-heal|p1a: Milotic|100/100
|move|p2a: Hatterene|Draining Kiss|p1a: Milotic
|-damage|p1a: Milotic|80/100
|
|-weather|none
|-heal|p1a: Milotic|86/100|[from] item: Leftovers
|upkeep
|turn|16
|
|t:|1743919328
|switch|p2a: Arboliva|Arboliva, F|100/100
|move|p1a: Milotic|Scald|p2a: Arboliva
|-resisted|p2a: Arboliva
|-damage|p2a: Arboliva|83/100
|-fieldstart|move: Grassy Terrain|[from] ability: Seed Sower|[of] p2a: Arboliva
|
|-heal|p1a: Milotic|92/100|[from] Grassy Terrain
|-heal|p1a: Milotic|98/100|[from] item: Leftovers
|-heal|p2a: Arboliva|89/100|[from] Grassy Terrain
|upkeep
|turn|17
|
|t:|1743919336
|switch|p1a: Chansey|Chansey, F|57/100
|-activate|p1a: Chansey|move: Sticky Web
|-unboost|p1a: Chansey|spe|1
|-damage|p1a: Chansey|44/100|[from] Spikes
|move|p2a: Arboliva|Giga Drain|p1a: Chansey
|-damage|p1a: Chansey|20/100
|-heal|p2a: Arboliva|100/100|[from] drain|[of] p1a: Chansey
|
|-heal|p1a: Chansey|26/100|[from] Grassy Terrain
|upkeep
|turn|18
|
|t:|1743919340
|move|p1a: Chansey|Soft-Boiled|p1a: Chansey
|-heal|p1a: Chansey|76/100
|move|p2a: Arboliva|Giga Drain|p1a: Chansey
|-damage|p1a: Chansey|52/100
|
|-heal|p1a: Chansey|58/100|[from] Grassy Terrain
|upkeep
|turn|19
|
|t:|1743919352
|switch|p2a: Hatterene|Hatterene, F, shiny|100/100
|move|p1a: Chansey|Thunder Wave|p2a: Hatterene
|move|p2a: Hatterene|Thunder Wave|p1a: Chansey|[from] ability: Magic Bounce
|-status|p1a: Chansey|par
|
|-heal|p1a: Chansey|64/100 par|[from] Grassy Terrain
|upkeep
|turn|20
|
|t:|1743919361
|switch|p2a: Arboliva|Arboliva, F|100/100
|move|p1a: Chansey|Soft-Boiled|p1a: Chansey
|-heal|p1a: Chansey|100/100 par
|
|-fieldend|move: Grassy Terrain
|upkeep
|turn|21
|
|t:|1743919368
|switch|p2a: Hatterene|Hatterene, F, shiny|100/100
|cant|p1a: Chansey|par
|
|upkeep
|turn|22
|
|t:|1743919372
|move|p2a: Hatterene|Psyshock|p1a: Chansey
|-damage|p1a: Chansey|62/100 par
|move|p1a: Chansey|Seismic Toss|p2a: Hatterene
|-damage|p2a: Hatterene|68/100
|
|-heal|p2a: Hatterene|74/100|[from] item: Leftovers
|upkeep
|turn|23
|
|t:|1743919379
|move|p1a: Chansey|Seismic Toss|p2a: Hatterene
|-damage|p2a: Hatterene|42/100
|move|p2a: Hatterene|Trick Room|p2a: Hatterene
|-fieldstart|move: Trick Room|[of] p2a: Hatterene
|
|-heal|p2a: Hatterene|48/100|[from] item: Leftovers
|upkeep
|turn|24
|
|t:|1743919382
|move|p1a: Chansey|Soft-Boiled|p1a: Chansey
|-heal|p1a: Chansey|100/100 par
|move|p2a: Hatterene|Psyshock|p1a: Chansey
|-damage|p1a: Chansey|56/100 par
|
|-heal|p2a: Hatterene|54/100|[from] item: Leftovers
|upkeep
|turn|25
|
|t:|1743919388
|move|p1a: Chansey|Seismic Toss|p2a: Hatterene
|-damage|p2a: Hatterene|22/100
|move|p2a: Hatterene|Psyshock|p1a: Chansey
|-damage|p1a: Chansey|14/100 par
|
|-heal|p2a: Hatterene|28/100|[from] item: Leftovers
|upkeep
|turn|26
|
|t:|1743919397
|move|p1a: Chansey|Soft-Boiled|p1a: Chansey
|-heal|p1a: Chansey|64/100 par
|move|p2a: Hatterene|Psyshock|p1a: Chansey
|-damage|p1a: Chansey|19/100 par
|
|-heal|p2a: Hatterene|34/100|[from] item: Leftovers
|upkeep
|turn|27
|
|t:|1743919406
|move|p1a: Chansey|Seismic Toss|p2a: Hatterene
|-damage|p2a: Hatterene|2/100
|move|p2a: Hatterene|Psyshock|p1a: Chansey
|-damage|p1a: Chansey|0 fnt
|faint|p1a: Chansey
|
|-heal|p2a: Hatterene|8/100|[from] item: Leftovers
|-fieldend|move: Trick Room
|upkeep
|
|t:|1743919415
|switch|p1a: Milotic|Milotic, F|98/100
|-activate|p1a: Milotic|move: Sticky Web
|-unboost|p1a: Milotic|spe|1
|-ability|p1a: Milotic|Competitive|boost
|-boost|p1a: Milotic|spa|2
|-damage|p1a: Milotic|86/100|[from] Spikes
|turn|28
|
|t:|1743919428
|move|p1a: Milotic|Ice Beam|p2a: Hatterene
|-damage|p2a: Hatterene|0 fnt
|faint|p2a: Hatterene
|
|-heal|p1a: Milotic|92/100|[from] item: Leftovers
|upkeep
|
|t:|1743919430
|switch|p2a: Arboliva|Arboliva, F|100/100
|turn|29
|
|t:|1743919440
|move|p1a: Milotic|Ice Beam|p2a: Arboliva
|-supereffective|p2a: Arboliva
|-damage|p2a: Arboliva|53/100
|-fieldstart|move: Grassy Terrain|[from] ability: Seed Sower|[of] p2a: Arboliva
|move|p2a: Arboliva|Giga Drain|p1a: Milotic
|-supereffective|p1a: Milotic
|-damage|p1a: Milotic|19/100
|-heal|p2a: Arboliva|94/100|[from] drain|[of] p1a: Milotic
|
|-heal|p1a: Milotic|25/100|[from] Grassy Terrain
|-heal|p1a: Milotic|31/100|[from] item: Leftovers
|-heal|p2a: Arboliva|99/100|[from] Grassy Terrain
|upkeep
|turn|30
|
|t:|1743919449
|move|p1a: Milotic|Protect|p1a: Milotic
|-singleturn|p1a: Milotic|Protect
|move|p2a: Arboliva|Giga Drain|p1a: Milotic
|-activate|p1a: Milotic|move: Protect
|
|-heal|p1a: Milotic|37/100|[from] Grassy Terrain
|-heal|p1a: Milotic|43/100|[from] item: Leftovers
|-heal|p2a: Arboliva|100/100|[from] Grassy Terrain
|upkeep
|turn|31
|
|t:|1743919453
|move|p1a: Milotic|Ice Beam|p2a: Arboliva
|-supereffective|p2a: Arboliva
|-damage|p2a: Arboliva|52/100
|move|p2a: Arboliva|Giga Drain|p1a: Milotic
|-supereffective|p1a: Milotic
|-damage|p1a: Milotic|0 fnt
|-heal|p2a: Arboliva|76/100|[from] drain|[of] p1a: Milotic
|faint|p1a: Milotic
|
|win|Gil_Kenobi
|raw|ShawnHim's rating: 1252 &rarr; <strong>1222</strong><br />(-30 for losing)
|raw|Gil_Kenobi's rating: 1181 &rarr; <strong>1211</strong><br />(+30 for winning)
|l|☆ShawnHim
|player|p1|
|l|☆Gil_Kenobi
|player|p2|
