|j|☆Moongoose Analogue
|j|☆timcheesejohnpork
|t:|1743929423
|gametype|singles
|player|p1|Moongoose Analogue|clay|1255
|player|p2|timcheesejohnpork|102|1234
|teamsize|p1|6
|teamsize|p2|6
|gen|9
|tier|[Gen 9] OU
|rated|
|rule|HP Percentage Mod: HP is shown in percentages
|rule|Endless Battle Clause: Forcing endless battles is banned
|rule|Species Clause: Limit one of each Pokémon
|rule|OHKO Clause: OHKO moves are banned
|rule|Evasion Items Clause: Evasion items are banned
|rule|Evasion Moves Clause: Evasion moves are banned
|rule|Sleep Moves Clause: Sleep-inducing moves are banned
|clearpoke
|poke|p1|Araquanid, M|
|poke|p1|Okidogi, M|
|poke|p1|Pecharunt|
|poke|p1|Zapdos|
|poke|p1|Slowking-Galar, F|
|poke|p1|Landorus-Therian, M|
|poke|p2|Darkrai|
|poke|p2|Hawlucha, M|
|poke|p2|Gholdengo|
|poke|p2|Glimmora, F|
|poke|p2|Rotom-Heat|
|poke|p2|Ogerpon-Wellspring, F|
|teampreview
|inactive|Battle timer is ON: inactive players will automatically lose when time's up. (requested by Moongoose Analogue)
|inactive|timcheesejohnpork has 120 seconds left.
|
|t:|1743929483
|start
|switch|p1a: Araquanid|Araquanid, M|100/100
|switch|p2a: Glimmora|Glimmora, F|100/100
|turn|1
|inactive|timcheesejohnpork has 120 seconds left.
|
|t:|1743929516
|move|p2a: Glimmora|Stealth Rock|p1a: Araquanid
|-sidestart|p1: Moongoose Analogue|move: Stealth Rock
|move|p1a: Araquanid|Surf|p2a: Glimmora
|-supereffective|p2a: Glimmora
|-enditem|p2a: Glimmora|Focus Sash
|-damage|p2a: Glimmora|1/100
|
|upkeep
|turn|2
|inactive|timcheesejohnpork has 120 seconds left.
|
|t:|1743929531
|move|p2a: Glimmora|Sludge Wave|p1a: Araquanid
|-damage|p1a: Araquanid|59/100
|move|p1a: Araquanid|Sticky Web|p2a: Glimmora
|-sidestart|p2: timcheesejohnpork|move: Sticky Web
|
|upkeep
|turn|3
|
|t:|1743929536
|move|p2a: Glimmora|Mortal Spin|p1a: Araquanid
|-damage|p1a: Araquanid|53/100
|-status|p1a: Araquanid|psn
|-sideend|p2: timcheesejohnpork|Sticky Web|[from] move: Mortal Spin|[of] p2a: Glimmora
|move|p1a: Araquanid|Surf|p2a: Glimmora
|-supereffective|p2a: Glimmora
|-damage|p2a: Glimmora|0 fnt
|faint|p2a: Glimmora
|
|-damage|p1a: Araquanid|40/100 psn|[from] psn
|upkeep
|inactive|timcheesejohnpork has 120 seconds left.
|
|t:|1743929551
|switch|p2a: Darkrai|Darkrai|100/100
|turn|4
|
|t:|1743929557
|move|p1a: Araquanid|Endure|p1a: Araquanid
|-singleturn|p1a: Araquanid|move: Endure
|move|p2a: Darkrai|Dark Pulse|p1a: Araquanid
|-damage|p1a: Araquanid|1/100 psn
|
|-damage|p1a: Araquanid|0 fnt|[from] psn
|faint|p1a: Araquanid
|upkeep
|
|t:|1743929570
|switch|p1a: Okidogi|Okidogi, M|100/100
|-damage|p1a: Okidogi|94/100|[from] Stealth Rock
|turn|5
|
|t:|1743929579
|-terastallize|p2a: Darkrai|Ghost
|move|p2a: Darkrai|Dark Pulse|p1a: Okidogi
|-resisted|p1a: Okidogi
|-damage|p1a: Okidogi|75/100
|move|p1a: Okidogi|Bulk Up|p1a: Okidogi
|-boost|p1a: Okidogi|atk|1
|-boost|p1a: Okidogi|def|1
|
|upkeep
|turn|6
|inactive|timcheesejohnpork has 120 seconds left.
|
|t:|1743929611
|switch|p2a: Hawlucha|Hawlucha, M|100/100
|move|p1a: Okidogi|Knock Off|p2a: Hawlucha
|-resisted|p2a: Hawlucha
|-damage|p2a: Hawlucha|74/100
|-enditem|p2a: Hawlucha|Salac Berry|[from] move: Knock Off|[of] p1a: Okidogi
|
|upkeep
|turn|7
|
|t:|1743929620
|switch|p1a: Zapdos|Zapdos|100/100
|move|p2a: Hawlucha|Acrobatics|p1a: Zapdos
|-resisted|p1a: Zapdos
|-damage|p1a: Zapdos|83/100
|-status|p2a: Hawlucha|par|[from] ability: Static|[of] p1a: Zapdos
|
|upkeep
|turn|8
|inactive|timcheesejohnpork has 120 seconds left.
|
|t:|1743929653
|switch|p2a: Rotom|Rotom-Heat|100/100
|move|p1a: Zapdos|Volt Switch|p2a: Rotom
|-resisted|p2a: Rotom
|-damage|p2a: Rotom|81/100
|
|t:|1743929661
|switch|p1a: Pecharunt|Pecharunt|100/100|[from] Volt Switch
|
|-heal|p2a: Rotom|87/100|[from] item: Leftovers
|upkeep
|turn|9
|
|t:|1743929674
|move|p1a: Pecharunt|Malignant Chain|p2a: Rotom
|-damage|p2a: Rotom|45/100
|move|p2a: Rotom|Overheat|p1a: Pecharunt
|-damage|p1a: Pecharunt|37/100
|-unboost|p2a: Rotom|spa|2
|
|-heal|p2a: Rotom|51/100|[from] item: Leftovers
|upkeep
|turn|10
|
|t:|1743929683
|move|p1a: Pecharunt|Parting Shot|p2a: Rotom
|-unboost|p2a: Rotom|atk|1
|-unboost|p2a: Rotom|spa|1
|
|t:|1743929688
|switch|p1a: Slowking|Slowking-Galar, F|100/100|[from] Parting Shot
|move|p2a: Rotom|Overheat|p1a: Slowking
|-damage|p1a: Slowking|87/100
|-unboost|p2a: Rotom|spa|2
|
|-heal|p2a: Rotom|57/100|[from] item: Leftovers
|upkeep
|turn|11
|inactive|timcheesejohnpork has 120 seconds left.
|
|t:|1743929710
|move|p2a: Rotom|Will-O-Wisp|p1a: Slowking
|-status|p1a: Slowking|brn
|move|p1a: Slowking|Future Sight|p2a: Rotom
|-start|p1a: Slowking|move: Future Sight
|
|-heal|p2a: Rotom|63/100|[from] item: Leftovers
|-damage|p1a: Slowking|81/100 brn|[from] brn
|upkeep
|turn|12
|inactive|timcheesejohnpork has 90 seconds left.
|
|t:|1743929744
|move|p2a: Rotom|Volt Switch|p1a: Slowking
|-damage|p1a: Slowking|76/100 brn
|
|t:|1743929747
|switch|p2a: Darkrai|Darkrai, tera:Ghost|100/100|[from] Volt Switch
|move|p1a: Slowking|Future Sight||[still]
|-fail|p1a: Slowking
|
|-damage|p1a: Slowking|70/100 brn|[from] brn
|upkeep
|turn|13
|
|t:|1743929754
|switch|p1a: Okidogi|Okidogi, M|75/100
|-damage|p1a: Okidogi|69/100|[from] Stealth Rock
|move|p2a: Darkrai|Dark Pulse|p1a: Okidogi
|-resisted|p1a: Okidogi
|-damage|p1a: Okidogi|52/100
|
|-end|p2a: Darkrai|move: Future Sight
|-damage|p2a: Darkrai|45/100
|upkeep
|turn|14
|inactive|timcheesejohnpork has 90 seconds left.
|c|☆timcheesejohnpork|How did future sight hit???
|inactive|timcheesejohnpork has 60 seconds left.
|c|☆timcheesejohnpork|Oh qait nvm
|c|☆Moongoose Analogue|its a two turn thing
|
|t:|1743929818
|switch|p2a: Gholdengo|Gholdengo|100/100
|move|p1a: Okidogi|Ice Punch|p2a: Gholdengo
|-resisted|p2a: Gholdengo
|-damage|p2a: Gholdengo|89/100
|
|upkeep
|turn|15
|c|☆Moongoose Analogue|think the game was bugging idk
|
|t:|1743929847
|switch|p1a: Landorus|Landorus-Therian, M|100/100
|-damage|p1a: Landorus|88/100|[from] Stealth Rock
|-ability|p1a: Landorus|Intimidate|boost
|-unboost|p2a: Gholdengo|atk|1
|move|p2a: Gholdengo|Dazzling Gleam|p1a: Landorus
|-damage|p1a: Landorus|42/100
|-damage|p2a: Gholdengo|79/100|[from] item: Life Orb
|
|upkeep
|turn|16
|
|t:|1743929858
|move|p1a: Landorus|Stealth Rock|p2a: Gholdengo
|-sidestart|p2: timcheesejohnpork|move: Stealth Rock
|move|p2a: Gholdengo|Dazzling Gleam|p1a: Landorus
|-damage|p1a: Landorus|0 fnt
|faint|p1a: Landorus
|-damage|p2a: Gholdengo|69/100|[from] item: Life Orb
|
|upkeep
|
|t:|1743929865
|switch|p1a: Pecharunt|Pecharunt|37/100
|turn|17
|inactive|timcheesejohnpork has 60 seconds left.
|inactive|timcheesejohnpork has 30 seconds left.
|inactive|timcheesejohnpork has 20 seconds left.
|inactive|timcheesejohnpork has 15 seconds left.
|inactive|timcheesejohnpork has 10 seconds left.
|inactive|timcheesejohnpork has 5 seconds left.
|
|t:|1743929926
|switch|p2a: Ogerpon|Ogerpon-Wellspring, F|100/100
|-damage|p2a: Ogerpon|88/100|[from] Stealth Rock
|move|p1a: Pecharunt|Parting Shot|p2a: Ogerpon
|-unboost|p2a: Ogerpon|atk|1
|-unboost|p2a: Ogerpon|spa|1
|inactive|timcheesejohnpork has 10 seconds left this turn.
|
|t:|1743929930
|switch|p1a: Okidogi|Okidogi, M|52/100|[from] Parting Shot
|-damage|p1a: Okidogi|46/100|[from] Stealth Rock
|
|upkeep
|turn|18
|inactive|timcheesejohnpork has 20 seconds left this turn.
|inactive|timcheesejohnpork has 15 seconds left.
|inactive|timcheesejohnpork has 10 seconds left.
|inactive|timcheesejohnpork has 5 seconds left.
|
|t:|1743929949
|move|p2a: Ogerpon|Ivy Cudgel|p1a: Okidogi|[anim] Ivy Cudgel Water
|-damage|p1a: Okidogi|14/100
|move|p1a: Okidogi|Bulk Up|p1a: Okidogi
|-boost|p1a: Okidogi|atk|1
|-boost|p1a: Okidogi|def|1
|
|upkeep
|turn|19
|inactive|timcheesejohnpork has 15 seconds left this turn.
|inactive|timcheesejohnpork has 10 seconds left.
|
|t:|1743929956
|move|p2a: Ogerpon|Ivy Cudgel|p1a: Okidogi|[anim] Ivy Cudgel Water
|-damage|p1a: Okidogi|0 fnt
|faint|p1a: Okidogi
|
|upkeep
|inactive|timcheesejohnpork has 15 seconds left this turn.
|
|t:|1743929960
|switch|p1a: Zapdos|Zapdos|83/100
|turn|20
|inactive|timcheesejohnpork has 25 seconds left this turn.
|inactive|timcheesejohnpork has 20 seconds left.
|
|t:|1743929969
|move|p2a: Ogerpon|Knock Off|p1a: Zapdos
|-damage|p1a: Zapdos|66/100
|-status|p2a: Ogerpon|par|[from] ability: Static|[of] p1a: Zapdos
|-enditem|p1a: Zapdos|Heavy-Duty Boots|[from] move: Knock Off|[of] p2a: Ogerpon
|move|p1a: Zapdos|Hurricane|p2a: Ogerpon
|-supereffective|p2a: Ogerpon
|-damage|p2a: Ogerpon|0 fnt
|faint|p2a: Ogerpon
|
|upkeep
|inactive|timcheesejohnpork has 25 seconds left this turn.
|inactive|timcheesejohnpork has 20 seconds left.
|inactive|timcheesejohnpork has 15 seconds left.
|inactive|timcheesejohnpork has 10 seconds left.
|
|t:|1743929988
|switch|p2a: Darkrai|Darkrai, tera:Ghost|45/100
|-damage|p2a: Darkrai|33/100|[from] Stealth Rock
|turn|21
|inactive|timcheesejohnpork has 20 seconds left this turn.
|
|t:|1743929993
|move|p2a: Darkrai|Ice Beam|p1a: Zapdos
|-supereffective|p1a: Zapdos
|-damage|p1a: Zapdos|2/100
|move|p1a: Zapdos|Volt Switch|p2a: Darkrai
|-damage|p2a: Darkrai|0 fnt
|faint|p2a: Darkrai
|inactive|timcheesejohnpork has 25 seconds left this turn.
|
|t:|1743929999
|switch|p1a: Pecharunt|Pecharunt|37/100|[from] Volt Switch
|
|upkeep
|inactive|timcheesejohnpork has 30 seconds left this turn.
|inactive|timcheesejohnpork has 20 seconds left.
|inactive|timcheesejohnpork has 15 seconds left.
|
|t:|1743930015
|switch|p2a: Gholdengo|Gholdengo|69/100
|-damage|p2a: Gholdengo|63/100|[from] Stealth Rock
|turn|22
|inactive|timcheesejohnpork has 25 seconds left this turn.
|inactive|timcheesejohnpork has 20 seconds left.
|inactive|timcheesejohnpork has 15 seconds left.
|
|t:|1743930029
|move|p1a: Pecharunt|Parting Shot|p2a: Gholdengo
|-immune|p2a: Gholdengo|[from] ability: Good as Gold
|move|p2a: Gholdengo|Shadow Ball|p1a: Pecharunt
|-supereffective|p1a: Pecharunt
|-damage|p1a: Pecharunt|0 fnt
|faint|p1a: Pecharunt
|-damage|p2a: Gholdengo|53/100|[from] item: Life Orb
|
|upkeep
|inactive|timcheesejohnpork has 20 seconds left this turn.
|inactive|Moongoose Analogue has 120 seconds left.
|c|☆Moongoose Analogue|but intimidate works?
|
|t:|1743930071
|switch|p1a: Slowking|Slowking-Galar, F|100/100 brn
|turn|23
|inactive|timcheesejohnpork has 30 seconds left this turn.
|
|t:|1743930077
|-terastallize|p1a: Slowking|Water
|move|p2a: Gholdengo|Shadow Ball|p1a: Slowking
|-damage|p1a: Slowking|71/100 brn
|-damage|p2a: Gholdengo|44/100|[from] item: Life Orb
|move|p1a: Slowking|Future Sight|p2a: Gholdengo
|-start|p1a: Slowking|move: Future Sight
|
|-damage|p1a: Slowking|64/100 brn|[from] brn
|upkeep
|turn|24
|inactive|timcheesejohnpork has 30 seconds left.
|
|t:|1743930092
|move|p2a: Gholdengo|Shadow Ball|p1a: Slowking
|-damage|p1a: Slowking|33/100 brn
|-damage|p2a: Gholdengo|34/100|[from] item: Life Orb
|-prepare|p1a: Slowking|Chilly Reception|[premajor]
|move|p1a: Slowking|Chilly Reception|p1a: Slowking
|-weather|Snowscape
|inactive|timcheesejohnpork has 30 seconds left this turn.
|
|t:|1743930097
|switch|p1a: Zapdos|Zapdos|2/100|[from] Chilly Reception
|-damage|p1a: Zapdos|0 fnt|[from] Stealth Rock
|faint|p1a: Zapdos
|
|-weather|Snowscape|[upkeep]
|upkeep
|
|t:|1743930098
|switch|p1a: Slowking|Slowking-Galar, F, tera:Water|67/100 brn
|turn|25
|
|t:|1743930105
|move|p2a: Gholdengo|Shadow Ball|p1a: Slowking
|-damage|p1a: Slowking|35/100 brn
|-damage|p2a: Gholdengo|24/100|[from] item: Life Orb
|move|p1a: Slowking|Thunder Wave|p2a: Gholdengo
|-immune|p2a: Gholdengo|[from] ability: Good as Gold
|
|-weather|Snowscape|[upkeep]
|-end|p2a: Gholdengo|move: Future Sight
|-resisted|p2a: Gholdengo
|-damage|p2a: Gholdengo|0 fnt
|faint|p2a: Gholdengo
|-damage|p1a: Slowking|29/100 brn|[from] brn
|upkeep
|c|☆Moongoose Analogue|gg
|-message|Moongoose Analogue forfeited.
|
|win|timcheesejohnpork
|raw|Moongoose Analogue's rating: 1255 &rarr; <strong>1228</strong><br />(-27 for losing)
|raw|timcheesejohnpork's rating: 1234 &rarr; <strong>1261</strong><br />(+27 for winning)
|l|☆Moongoose Analogue
|player|p1|
|c|☆timcheesejohnpork|G
|c|☆timcheesejohnpork|gg
|l|☆timcheesejohnpork
|player|p2|
