|j|☆Nettspinda
|j|☆jscuf97
|t:|1743922436
|gametype|singles
|player|p1|Nettspinda|265|1197
|player|p2|jscuf97|shadowtriad|1234
|teamsize|p1|6
|teamsize|p2|6
|gen|9
|tier|[Gen 9] OU
|rated|
|rule|HP Percentage Mod: HP is shown in percentages
|rule|Endless Battle Clause: Forcing endless battles is banned
|rule|Species Clause: Limit one of each Pokémon
|rule|OHKO Clause: OHKO moves are banned
|rule|Evasion Items Clause: Evasion items are banned
|rule|Evasion Moves Clause: Evasion moves are banned
|rule|Sleep Moves Clause: Sleep-inducing moves are banned
|clearpoke
|poke|p1|Weavile, M|
|poke|p1|Scizor, F|
|poke|p1|Slowking-Galar, M|
|poke|p1|Great Tusk|
|poke|p1|Iron Moth|
|poke|p1|Zapdos|
|poke|p2|Moltres|
|poke|p2|Samurott-Hisui, F|
|poke|p2|Sinistcha|
|poke|p2|Tinkaton, F|
|poke|p2|Latios, M|
|poke|p2|Landorus-Therian, M|
|teampreview
|
|t:|1743922445
|start
|switch|p1a: Great Tusk|Great Tusk|100/100
|switch|p2a: Landorus|Landorus-Therian, M, shiny|100/100
|-ability|p2a: Landorus|Intimidate|boost
|-unboost|p1a: Great Tusk|atk|1
|turn|1
|
|t:|1743922451
|move|p2a: Landorus|U-turn|p1a: Great Tusk
|-resisted|p1a: Great Tusk
|-damage|p1a: Great Tusk|91/100
|-damage|p2a: Landorus|84/100|[from] item: Rocky Helmet|[of] p1a: Great Tusk
|
|t:|1743922457
|switch|p2a: Tinkaton|Tinkaton, F|100/100|[from] U-turn
|-item|p2a: Tinkaton|Air Balloon
|move|p1a: Great Tusk|Stealth Rock|p2a: Tinkaton
|-sidestart|p2: jscuf97|move: Stealth Rock
|
|upkeep
|turn|2
|
|t:|1743922479
|move|p2a: Tinkaton|Stealth Rock|p1a: Great Tusk
|-sidestart|p1: Nettspinda|move: Stealth Rock
|move|p1a: Great Tusk|Ice Spinner|p2a: Tinkaton
|-resisted|p2a: Tinkaton
|-damage|p2a: Tinkaton|90/100
|-enditem|p2a: Tinkaton|Air Balloon
|-enditem|p1a: Great Tusk|Rocky Helmet|[silent]|[from] ability: Pickpocket|[of] p1a: Great Tusk
|-item|p2a: Tinkaton|Rocky Helmet|[from] ability: Pickpocket|[of] p1a: Great Tusk
|
|upkeep
|turn|3
|
|t:|1743922489
|move|p2a: Tinkaton|Encore|p1a: Great Tusk
|-start|p1a: Great Tusk|Encore
|move|p1a: Great Tusk|Ice Spinner|p2a: Tinkaton
|-resisted|p2a: Tinkaton
|-damage|p2a: Tinkaton|79/100
|-damage|p1a: Great Tusk|74/100|[from] item: Rocky Helmet|[of] p2a: Tinkaton
|
|upkeep
|turn|4
|
|t:|1743922516
|switch|p2a: Latios|Latios, M|100/100
|-damage|p2a: Latios|88/100|[from] Stealth Rock
|-end|p1a: Great Tusk|Protosynthesis|[silent]
|switch|p1a: Zapdos|Zapdos|100/100
|
|upkeep
|turn|5
|
|t:|1743922526
|move|p2a: Latios|Draco Meteor|p1a: Zapdos
|-damage|p1a: Zapdos|26/100
|-unboost|p2a: Latios|spa|2
|move|p1a: Zapdos|Volt Switch|p2a: Latios
|-resisted|p2a: Latios
|-damage|p2a: Latios|72/100
|
|t:|1743922536
|switch|p1a: Scizor|Scizor, F|100/100|[from] Volt Switch
|
|upkeep
|turn|6
|
|t:|1743922547
|switch|p2a: Tinkaton|Tinkaton, F|79/100
|-damage|p2a: Tinkaton|73/100|[from] Stealth Rock
|switch|p1a: Zapdos|Zapdos|26/100
|
|upkeep
|turn|7
|
|t:|1743922567
|switch|p2a: Latios|Latios, M|72/100
|-damage|p2a: Latios|59/100|[from] Stealth Rock
|move|p1a: Zapdos|Roost|p1a: Zapdos
|-heal|p1a: Zapdos|76/100
|-singleturn|p1a: Zapdos|move: Roost
|
|upkeep
|turn|8
|
|t:|1743922587
|switch|p1a: Slowking|Slowking-Galar, M|100/100
|move|p2a: Latios|Draco Meteor|p1a: Slowking|[miss]
|-miss|p2a: Latios|p1a: Slowking
|
|upkeep
|turn|9
|
|t:|1743922599
|move|p2a: Latios|Recover|p2a: Latios
|-heal|p2a: Latios|100/100
|move|p1a: Slowking|Thunder Wave|p2a: Latios|[miss]
|-miss|p1a: Slowking|p2a: Latios
|
|upkeep
|turn|10
|
|t:|1743922620
|switch|p2a: Landorus|Landorus-Therian, M, shiny|84/100
|-damage|p2a: Landorus|72/100|[from] Stealth Rock
|-ability|p2a: Landorus|Intimidate|boost
|-unboost|p1a: Slowking|atk|1
|-prepare|p1a: Slowking|Chilly Reception|[premajor]
|move|p1a: Slowking|Chilly Reception|p1a: Slowking
|-weather|Snowscape
|
|t:|1743922629
|switch|p1a: Weavile|Weavile, M|100/100|[from] Chilly Reception
|-ability|p1a: Weavile|Pressure
|
|-weather|Snowscape|[upkeep]
|upkeep
|turn|11
|
|t:|1743922652
|move|p2a: Landorus|U-turn|p1a: Weavile
|-supereffective|p1a: Weavile
|-damage|p1a: Weavile|38/100
|
|t:|1743922656
|switch|p2a: Tinkaton|Tinkaton, F|73/100|[from] U-turn
|-damage|p2a: Tinkaton|67/100|[from] Stealth Rock
|move|p1a: Weavile|Swords Dance|p1a: Weavile
|-boost|p1a: Weavile|atk|2
|
|-weather|Snowscape|[upkeep]
|upkeep
|turn|12
|
|t:|1743922669
|switch|p1a: Zapdos|Zapdos|76/100
|move|p2a: Tinkaton|Gigaton Hammer|p1a: Zapdos
|-resisted|p1a: Zapdos
|-damage|p1a: Zapdos|60/100
|
|-weather|Snowscape|[upkeep]
|upkeep
|turn|13
|inactive|Battle timer is ON: inactive players will automatically lose when time's up. (requested by Nettspinda)
|
|t:|1743922704
|move|p2a: Tinkaton|Thunder Wave|p1a: Zapdos
|-immune|p1a: Zapdos
|move|p1a: Zapdos|Thunder Wave|p2a: Tinkaton
|-status|p2a: Tinkaton|par
|
|-weather|Snowscape|[upkeep]
|upkeep
|turn|14
|
|t:|1743922715
|move|p1a: Zapdos|Roost|p1a: Zapdos
|-heal|p1a: Zapdos|100/100
|-singleturn|p1a: Zapdos|move: Roost
|cant|p2a: Tinkaton|par
|
|-weather|none
|upkeep
|turn|15
|
|t:|1743922724
|move|p1a: Zapdos|Volt Switch|p2a: Tinkaton
|-damage|p2a: Tinkaton|41/100 par
|
|t:|1743922735
|switch|p1a: Great Tusk|Great Tusk|74/100|[from] Volt Switch
|-damage|p1a: Great Tusk|71/100|[from] Stealth Rock
|move|p2a: Tinkaton|Thunder Wave|p1a: Great Tusk
|-immune|p1a: Great Tusk
|
|upkeep
|turn|16
|
|t:|1743922742
|switch|p2a: Sinistcha|Sinistcha|100/100
|move|p1a: Great Tusk|Rapid Spin|p2a: Sinistcha
|-immune|p2a: Sinistcha
|
|upkeep
|turn|17
|
|t:|1743922757
|-end|p1a: Great Tusk|Protosynthesis|[silent]
|switch|p1a: Iron Moth|Iron Moth|100/100
|move|p2a: Sinistcha|Calm Mind|p2a: Sinistcha
|-boost|p2a: Sinistcha|spa|1
|-boost|p2a: Sinistcha|spd|1
|
|upkeep
|turn|18
|l|☆jscuf97
|inactive|jscuf97 disconnected and has a minute to reconnect!
|player|p2|
|inactive|jscuf97 has 30 seconds to reconnect!
|inactive|jscuf97 has 20 seconds to reconnect!
|inactive|jscuf97 has 15 seconds to reconnect!
|inactive|jscuf97 has 10 seconds to reconnect!
|j|☆jscuf97
|inactive|jscuf97 reconnected and has 90 seconds left.
|player|p2|jscuf97|shadowtriad|
|
|t:|1743922830
|switch|p2a: Moltres|Moltres|100/100
|move|p1a: Iron Moth|Fiery Dance|p2a: Moltres
|-resisted|p2a: Moltres
|-damage|p2a: Moltres|83/100
|-boost|p1a: Iron Moth|spa|1
|
|upkeep
|turn|19
|
|t:|1743922838
|move|p1a: Iron Moth|Sludge Wave|p2a: Moltres
|-damage|p2a: Moltres|27/100
|move|p2a: Moltres|Roar|p1a: Iron Moth
|-end|p1a: Iron Moth|Quark Drive|[silent]
|drag|p1a: Great Tusk|Great Tusk|71/100
|-damage|p1a: Great Tusk|68/100|[from] Stealth Rock
|
|upkeep
|turn|20
|
|t:|1743922851
|-end|p1a: Great Tusk|Protosynthesis|[silent]
|switch|p1a: Iron Moth|Iron Moth|100/100
|move|p2a: Moltres|Roost|p2a: Moltres
|-heal|p2a: Moltres|77/100
|-singleturn|p2a: Moltres|move: Roost
|
|upkeep
|turn|21
|
|t:|1743922859
|move|p1a: Iron Moth|Sludge Wave|p2a: Moltres
|-crit|p2a: Moltres
|-damage|p2a: Moltres|24/100
|move|p2a: Moltres|Roar|p1a: Iron Moth
|-end|p1a: Iron Moth|Quark Drive|[silent]
|drag|p1a: Weavile|Weavile, M|38/100
|-ability|p1a: Weavile|Pressure
|
|upkeep
|turn|22
|
|t:|1743922868
|move|p1a: Weavile|Knock Off|p2a: Moltres
|-damage|p2a: Moltres|0 fnt
|-enditem|p2a: Moltres|Heavy-Duty Boots|[from] move: Knock Off|[of] p1a: Weavile
|faint|p2a: Moltres
|
|upkeep
|
|t:|1743922873
|switch|p2a: Samurott|Samurott-Hisui, F, shiny|100/100
|turn|23
|
|t:|1743922878
|switch|p1a: Zapdos|Zapdos|100/100
|move|p2a: Samurott|Ceaseless Edge|p1a: Zapdos
|-damage|p1a: Zapdos|68/100
|-sidestart|p1: Nettspinda|Spikes
|
|upkeep
|turn|24
|inactive|jscuf97 has 120 seconds left.
|
|t:|1743922890
|switch|p2a: Landorus|Landorus-Therian, M, shiny|72/100
|-damage|p2a: Landorus|59/100|[from] Stealth Rock
|-ability|p2a: Landorus|Intimidate|boost
|-unboost|p1a: Zapdos|atk|1
|move|p1a: Zapdos|Volt Switch|p2a: Landorus
|-immune|p2a: Landorus
|
|upkeep
|turn|25
|inactive|jscuf97 has 120 seconds left.
|
|t:|1743922929
|move|p2a: Landorus|Stone Edge|p1a: Zapdos
|-supereffective|p1a: Zapdos
|-damage|p1a: Zapdos|16/100
|move|p1a: Zapdos|Hurricane|p2a: Landorus
|-damage|p2a: Landorus|0 fnt
|faint|p2a: Landorus
|
|upkeep
|inactive|jscuf97 has 90 seconds left.
|
|t:|1743922953
|switch|p2a: Samurott|Samurott-Hisui, F, shiny|100/100
|turn|26
|
|t:|1743922957
|move|p2a: Samurott|Ceaseless Edge|p1a: Zapdos
|-damage|p1a: Zapdos|0 fnt
|-status|p2a: Samurott|par|[from] ability: Static|[of] p1a: Zapdos
|-sidestart|p1: Nettspinda|Spikes
|faint|p1a: Zapdos
|
|upkeep
|
|t:|1743922964
|switch|p1a: Great Tusk|Great Tusk|68/100
|-damage|p1a: Great Tusk|65/100|[from] Stealth Rock
|-damage|p1a: Great Tusk|49/100|[from] Spikes
|turn|27
|inactive|jscuf97 has 90 seconds left.
|
|t:|1743922979
|move|p1a: Great Tusk|Headlong Rush|p2a: Samurott
|-damage|p2a: Samurott|17/100 par
|-unboost|p1a: Great Tusk|def|1
|-unboost|p1a: Great Tusk|spd|1
|cant|p2a: Samurott|par
|
|upkeep
|turn|28
|
|t:|1743922987
|switch|p2a: Sinistcha|Sinistcha|100/100
|move|p1a: Great Tusk|Rapid Spin|p2a: Sinistcha
|-immune|p2a: Sinistcha
|
|upkeep
|turn|29
|
|t:|1743922995
|-end|p1a: Great Tusk|Protosynthesis|[silent]
|switch|p1a: Iron Moth|Iron Moth|100/100
|move|p2a: Sinistcha|Calm Mind|p2a: Sinistcha
|-boost|p2a: Sinistcha|spa|1
|-boost|p2a: Sinistcha|spd|1
|
|upkeep
|turn|30
|
|t:|1743923010
|move|p1a: Iron Moth|Fiery Dance|p2a: Sinistcha
|-supereffective|p2a: Sinistcha
|-crit|p2a: Sinistcha
|-damage|p2a: Sinistcha|23/100
|-boost|p1a: Iron Moth|spa|1
|move|p2a: Sinistcha|Calm Mind|p2a: Sinistcha
|-boost|p2a: Sinistcha|spa|1
|-boost|p2a: Sinistcha|spd|1
|
|upkeep
|turn|31
|inactive|jscuf97 has 90 seconds left.
|
|t:|1743923037
|-terastallize|p2a: Sinistcha|Poison
|move|p1a: Iron Moth|Sludge Wave|p2a: Sinistcha
|-resisted|p2a: Sinistcha
|-damage|p2a: Sinistcha|0 fnt
|faint|p2a: Sinistcha
|
|upkeep
|
|t:|1743923043
|switch|p2a: Latios|Latios, M|100/100
|-damage|p2a: Latios|88/100|[from] Stealth Rock
|turn|32
|
|t:|1743923049
|move|p1a: Iron Moth|Sludge Wave|p2a: Latios
|-damage|p2a: Latios|1/100
|move|p2a: Latios|Psychic Noise|p1a: Iron Moth
|-supereffective|p1a: Iron Moth
|-damage|p1a: Iron Moth|8/100
|-start|p1a: Iron Moth|move: Heal Block
|
|upkeep
|turn|33
|
|t:|1743923059
|move|p2a: Latios|Psychic Noise|p1a: Iron Moth
|-supereffective|p1a: Iron Moth
|-damage|p1a: Iron Moth|0 fnt
|faint|p1a: Iron Moth
|-end|p1a: Iron Moth|Quark Drive|[silent]
|
|upkeep
|
|t:|1743923067
|switch|p1a: Scizor|Scizor, F|100/100
|turn|34
|-message|jscuf97 forfeited.
|
|win|Nettspinda
|raw|Nettspinda's rating: 1197 &rarr; <strong>1225</strong><br />(+28 for winning)
|raw|jscuf97's rating: 1234 &rarr; <strong>1206</strong><br />(-28 for losing)
|l|☆jscuf97
|player|p2|
