|j|☆Jerry Guapo
|j|☆7everythingsergio7
|t:|1743931818
|gametype|singles
|player|p1|Jerry Guapo|170|1130
|player|p2|7everythingsergio7|2|1166
|teamsize|p1|6
|teamsize|p2|6
|gen|9
|tier|[Gen 9] OU
|rated|
|rule|HP Percentage Mod: HP is shown in percentages
|rule|Endless Battle Clause: Forcing endless battles is banned
|rule|Species Clause: Limit one of each Pokémon
|rule|OHKO Clause: OHKO moves are banned
|rule|Evasion Items Clause: Evasion items are banned
|rule|Evasion Moves Clause: Evasion moves are banned
|rule|Sleep Moves Clause: Sleep-inducing moves are banned
|clearpoke
|poke|p1|Moltres|
|poke|p1|Clefable, F|
|poke|p1|Gliscor, M|
|poke|p1|Darkrai|
|poke|p1|Dragapult, F|
|poke|p1|Kingambit, M|
|poke|p2|Ribombee, F|
|poke|p2|Landorus-Therian, M|
|poke|p2|Great Tusk|
|poke|p2|Gholdengo|
|poke|p2|Kingambit, M|
|poke|p2|Rampardos, F|
|teampreview
|inactive|Battle timer is ON: inactive players will automatically lose when time's up. (requested by 7everythingsergio7)
|
|t:|1743931846
|start
|switch|p1a: Clefable|Clefable, F|100/100
|switch|p2a: Ribombee|Ribombee, F|100/100
|turn|1
|
|t:|1743931851
|move|p2a: Ribombee|Sticky Web|p1a: Clefable
|-sidestart|p1: Jerry Guapo|move: Sticky Web
|move|p1a: Clefable|Stealth Rock|p2a: Ribombee
|-sidestart|p2: 7everythingsergio7|move: Stealth Rock
|
|upkeep
|turn|2
|
|t:|1743931853
|move|p2a: Ribombee|U-turn|p1a: Clefable
|-resisted|p1a: Clefable
|-damage|p1a: Clefable|95/100
|
|t:|1743931858
|switch|p2a: Great Tusk|Great Tusk|100/100|[from] U-turn
|move|p1a: Clefable|Thunder Wave|p2a: Great Tusk
|-immune|p2a: Great Tusk
|
|-heal|p1a: Clefable|100/100|[from] item: Leftovers
|upkeep
|turn|3
|
|t:|1743931873
|move|p2a: Great Tusk|Headlong Rush|p1a: Clefable
|-damage|p1a: Clefable|49/100
|-unboost|p2a: Great Tusk|def|1
|-unboost|p2a: Great Tusk|spd|1
|move|p1a: Clefable|Moonblast|p2a: Great Tusk
|-supereffective|p2a: Great Tusk
|-damage|p2a: Great Tusk|0 fnt
|faint|p2a: Great Tusk
|-end|p2a: Great Tusk|Protosynthesis|[silent]
|
|-heal|p1a: Clefable|55/100|[from] item: Leftovers
|upkeep
|
|t:|1743931881
|switch|p2a: Landorus|Landorus-Therian, M|100/100
|-damage|p2a: Landorus|88/100|[from] Stealth Rock
|-ability|p2a: Landorus|Intimidate|boost
|-unboost|p1a: Clefable|atk|1
|turn|4
|
|t:|1743931885
|move|p2a: Landorus|Earthquake|p1a: Clefable
|-damage|p1a: Clefable|10/100
|move|p1a: Clefable|Moonlight|p1a: Clefable
|-heal|p1a: Clefable|60/100
|
|-heal|p1a: Clefable|66/100|[from] item: Leftovers
|upkeep
|turn|5
|
|t:|1743931889
|switch|p1a: Gliscor|Gliscor, M|100/100
|move|p2a: Landorus|Earthquake|p1a: Gliscor
|-immune|p1a: Gliscor
|
|-status|p1a: Gliscor|tox|[from] item: Toxic Orb
|upkeep
|turn|6
|
|t:|1743931906
|move|p2a: Landorus|U-turn|p1a: Gliscor
|-resisted|p1a: Gliscor
|-damage|p1a: Gliscor|90/100 tox
|
|t:|1743931909
|switch|p2a: Kingambit|Kingambit, M|100/100|[from] U-turn
|-damage|p2a: Kingambit|94/100|[from] Stealth Rock
|-activate|p2a: Kingambit|ability: Supreme Overlord
|-start|p2a: Kingambit|fallen1|[silent]
|move|p1a: Gliscor|Spikes|p2a: Kingambit
|-sidestart|p2: 7everythingsergio7|Spikes
|
|-heal|p1a: Gliscor|100/100 tox|[from] ability: Poison Heal
|upkeep
|turn|7
|
|t:|1743931919
|switch|p1a: Moltres|Moltres|100/100
|move|p2a: Kingambit|Swords Dance|p2a: Kingambit
|-boost|p2a: Kingambit|atk|2
|
|upkeep
|turn|8
|
|t:|1743931924
|move|p2a: Kingambit|Sucker Punch||[still]
|-fail|p2a: Kingambit
|move|p1a: Moltres|Roar|p2a: Kingambit
|-end|p2a: Kingambit|fallen1|[silent]
|drag|p2a: Gholdengo|Gholdengo|100/100
|-damage|p2a: Gholdengo|94/100|[from] Stealth Rock
|-item|p2a: Gholdengo|Air Balloon
|
|upkeep
|turn|9
|
|t:|1743931932
|move|p2a: Gholdengo|Nasty Plot|p2a: Gholdengo
|-boost|p2a: Gholdengo|spa|2
|move|p1a: Moltres|Flamethrower|p2a: Gholdengo
|-supereffective|p2a: Gholdengo
|-damage|p2a: Gholdengo|1/100
|-enditem|p2a: Gholdengo|Air Balloon
|
|upkeep
|turn|10
|
|t:|1743931938
|move|p2a: Gholdengo|Thunderbolt|p1a: Moltres
|-supereffective|p1a: Moltres
|-damage|p1a: Moltres|0 fnt
|faint|p1a: Moltres
|
|upkeep
|
|t:|1743931945
|switch|p1a: Darkrai|Darkrai|100/100
|turn|11
|
|t:|1743931952
|move|p1a: Darkrai|Dark Pulse|p2a: Gholdengo
|-supereffective|p2a: Gholdengo
|-damage|p2a: Gholdengo|0 fnt
|faint|p2a: Gholdengo
|
|upkeep
|
|t:|1743931968
|switch|p2a: Rampardos|Rampardos, F|100/100
|-damage|p2a: Rampardos|88/100|[from] Stealth Rock
|-damage|p2a: Rampardos|76/100|[from] Spikes
|turn|12
|inactive|7everythingsergio7 has 120 seconds left.
|
|t:|1743932005
|move|p1a: Darkrai|Will-O-Wisp|p2a: Rampardos|[miss]
|-miss|p1a: Darkrai|p2a: Rampardos
|move|p2a: Rampardos|Rock Slide|p1a: Darkrai
|-damage|p1a: Darkrai|8/100
|
|upkeep
|turn|13
|-message|7everythingsergio7 forfeited.
|
|win|Jerry Guapo
|raw|Jerry Guapo's rating: 1130 &rarr; <strong>1158</strong><br />(+28 for winning)
|raw|7everythingsergio7's rating: 1166 &rarr; <strong>1138</strong><br />(-28 for losing)
|l|☆7everythingsergio7
|player|p2|
|l|☆Jerry Guapo
|player|p1|
