|j|☆joeritje
|j|☆Al3x20_99
|inactive|Battle timer is ON: inactive players will automatically lose when time's up.
|t:|1743932284
|gametype|singles
|player|p1|joeritje|benga|
|player|p2|Al3x20_99|blue-gen1two|
|teamsize|p1|5
|teamsize|p2|5
|gen|9
|tier|[Gen 9] OU
|rated|Tournament battle
|rule|HP Percentage Mod: HP is shown in percentages
|rule|Endless Battle Clause: Forcing endless battles is banned
|rule|Species Clause: Limit one of each Pokémon
|rule|OHKO Clause: OHKO moves are banned
|rule|Evasion Items Clause: Evasion items are banned
|rule|Evasion Moves Clause: Evasion moves are banned
|rule|Sleep Moves Clause: Sleep-inducing moves are banned
|clearpoke
|poke|p1|Sawsbuck-Autumn, M|
|poke|p1|Pelipper, F|
|poke|p1|Swanna, F|
|poke|p1|Toedscruel, M|
|poke|p1|Swadloon, M|
|poke|p2|Yanmega, F|
|poke|p2|Hariyama, F|
|poke|p2|Ludicolo, F|
|poke|p2|Meowth, F|
|poke|p2|Conkeldurr, M|
|teampreview
|j|*Lady Monita ❄
|inactive|Al3x20_99 also wants the timer to be on.
|
|t:|1743932297
|start
|switch|p1a: Swadloon|Swadloon, M|100/100
|switch|p2a: Yanmega|Yanmega, F|100/100
|turn|1
|c|☆joeritje|glhf
|
|t:|1743932307
|move|p2a: Yanmega|Bug Buzz|p1a: Swadloon
|-supereffective|p1a: Swadloon
|-damage|p1a: Swadloon|22/100
|-enditem|p2a: Yanmega|Throat Spray
|-boost|p2a: Yanmega|spa|1|[from] item: Throat Spray
|move|p1a: Swadloon|Sticky Web|p2a: Yanmega
|-sidestart|p2: Al3x20_99|move: Sticky Web
|
|-ability|p2a: Yanmega|Speed Boost|boost
|-boost|p2a: Yanmega|spe|1
|upkeep
|turn|2
|c|☆Al3x20_99|glhf
|
|t:|1743932319
|move|p2a: Yanmega|Bug Buzz|p1a: Swadloon
|-supereffective|p1a: Swadloon
|-damage|p1a: Swadloon|0 fnt
|faint|p1a: Swadloon
|
|-ability|p2a: Yanmega|Speed Boost|boost
|-boost|p2a: Yanmega|spe|1
|upkeep
|
|t:|1743932322
|switch|p1a: Pelipper|Pelipper, F|100/100
|-weather|RainDance|[from] ability: Drizzle|[of] p1a: Pelipper
|turn|3
|
|t:|1743932331
|move|p2a: Yanmega|Air Slash|p1a: Pelipper
|-damage|p1a: Pelipper|16/100
|move|p1a: Pelipper|Hurricane|p2a: Yanmega
|-supereffective|p2a: Yanmega
|-damage|p2a: Yanmega|0 fnt
|faint|p2a: Yanmega
|
|-weather|RainDance|[upkeep]
|upkeep
|
|t:|1743932341
|switch|p2a: Meowth|Meowth, F|100/100
|-activate|p2a: Meowth|move: Sticky Web
|-unboost|p2a: Meowth|spe|1
|turn|4
|
|t:|1743932346
|move|p2a: Meowth|Fake Out|p1a: Pelipper
|-damage|p1a: Pelipper|0 fnt
|faint|p1a: Pelipper
|
|-weather|RainDance|[upkeep]
|upkeep
|
|t:|1743932351
|switch|p1a: Swanna|Swanna, F|100/100
|turn|5
|
|t:|1743932360
|move|p1a: Swanna|Hurricane|p2a: Meowth
|-enditem|p2a: Meowth|Focus Sash
|-damage|p2a: Meowth|1/100
|-start|p2a: Meowth|confusion
|-damage|p1a: Swanna|91/100|[from] item: Life Orb
|-activate|p2a: Meowth|confusion
|move|p2a: Meowth|Thunder Wave|p1a: Swanna
|-status|p1a: Swanna|par
|
|-weather|RainDance|[upkeep]
|-activate|p1a: Swanna|ability: Hydration
|-curestatus|p1a: Swanna|par|[msg]
|upkeep
|turn|6
|
|t:|1743932378
|move|p1a: Swanna|Flip Turn|p2a: Meowth
|-crit|p2a: Meowth
|-damage|p2a: Meowth|0 fnt
|faint|p2a: Meowth
|-damage|p1a: Swanna|81/100|[from] item: Life Orb
|
|t:|1743932382
|switch|p1a: Sawsbuck|Sawsbuck-Autumn, M|100/100|[from] Flip Turn
|
|-weather|RainDance|[upkeep]
|upkeep
|
|t:|1743932411
|switch|p2a: Conkeldurr|Conkeldurr, M|100/100
|-activate|p2a: Conkeldurr|move: Sticky Web
|-unboost|p2a: Conkeldurr|spe|1
|turn|7
|
|t:|1743932419
|move|p1a: Sawsbuck|Body Slam|p2a: Conkeldurr
|-damage|p2a: Conkeldurr|76/100
|-status|p2a: Conkeldurr|par
|cant|p2a: Conkeldurr|par
|
|-weather|none
|upkeep
|turn|8
|
|t:|1743932425
|move|p1a: Sawsbuck|Headbutt|p2a: Conkeldurr
|-damage|p2a: Conkeldurr|54/100 par
|move|p2a: Conkeldurr|Close Combat|p1a: Sawsbuck
|-supereffective|p1a: Sawsbuck
|-damage|p1a: Sawsbuck|0 fnt
|-unboost|p2a: Conkeldurr|def|1
|-unboost|p2a: Conkeldurr|spd|1
|faint|p1a: Sawsbuck
|
|upkeep
|
|t:|1743932435
|switch|p1a: Swanna|Swanna, F|81/100
|turn|9
|
|t:|1743932455
|move|p2a: Conkeldurr|Mach Punch|p1a: Swanna
|-resisted|p1a: Swanna
|-damage|p1a: Swanna|52/100
|move|p1a: Swanna|Hurricane|p2a: Conkeldurr
|-supereffective|p2a: Conkeldurr
|-damage|p2a: Conkeldurr|0 fnt
|faint|p2a: Conkeldurr
|-damage|p1a: Swanna|42/100|[from] item: Life Orb
|
|upkeep
|
|t:|1743932462
|switch|p2a: Hariyama|Hariyama, F|100/100
|-activate|p2a: Hariyama|move: Sticky Web
|-unboost|p2a: Hariyama|spe|1
|turn|10
|
|t:|1743932467
|switch|p1a: Toedscruel|Toedscruel, M|100/100
|-terastallize|p2a: Hariyama|Steel
|move|p2a: Hariyama|Knock Off|p1a: Toedscruel
|-crit|p1a: Toedscruel
|-damage|p1a: Toedscruel|15/100
|-enditem|p1a: Toedscruel|Leftovers|[from] move: Knock Off|[of] p2a: Hariyama
|
|upkeep
|turn|11
|
|t:|1743932475
|move|p2a: Hariyama|Bullet Punch|p1a: Toedscruel
|-crit|p1a: Toedscruel
|-damage|p1a: Toedscruel|0 fnt
|faint|p1a: Toedscruel
|
|upkeep
|
|t:|1743932477
|switch|p1a: Swanna|Swanna, F|42/100
|turn|12
|
|t:|1743932488
|move|p1a: Swanna|Hurricane|p2a: Hariyama
|-resisted|p2a: Hariyama
|-damage|p2a: Hariyama|80/100
|-damage|p1a: Swanna|32/100|[from] item: Life Orb
|move|p2a: Hariyama|Knock Off|p1a: Swanna
|-damage|p1a: Swanna|0 fnt
|-enditem|p1a: Swanna|Life Orb|[from] move: Knock Off|[of] p2a: Hariyama
|faint|p1a: Swanna
|
|win|Al3x20_99
|n|☆joeritje|joeritje
|n|☆Al3x20_99|al3x2099
|n|*Lady Monita ❄|ladymonita
