|j|☆Seanboyq
|j|☆Peenix35
|t:|1743919773
|gametype|singles
|player|p1|Seanboyq|265|1095
|player|p2|Peenix35|170|1116
|teamsize|p1|6
|teamsize|p2|6
|gen|9
|tier|[Gen 9] OU
|rated|
|rule|HP Percentage Mod: HP is shown in percentages
|rule|Endless Battle Clause: Forcing endless battles is banned
|rule|Species Clause: Limit one of each Pokémon
|rule|OHKO Clause: OHKO moves are banned
|rule|Evasion Items Clause: Evasion items are banned
|rule|Evasion Moves Clause: Evasion moves are banned
|rule|Sleep Moves Clause: Sleep-inducing moves are banned
|clearpoke
|poke|p1|Ceruledge, M|
|poke|p1|Ninetales, F|
|poke|p1|Leavanny, M|
|poke|p1|Great Tusk|
|poke|p1|Walking Wake|
|poke|p1|Zarude|
|poke|p2|Garganacl, M|
|poke|p2|Weezing-Galar, F|
|poke|p2|Corviknight, M|
|poke|p2|Dragapult, M|
|poke|p2|Slowking-Galar, F|
|poke|p2|Great Tusk|
|teampreview
|
|t:|1743919798
|start
|switch|p1a: Ninetales|Ninetales, F|100/100
|switch|p2a: Weezing|Weezing-Galar, F|100/100
|-ability|p2a: Weezing|Neutralizing Gas
|turn|1
|
|t:|1743919813
|switch|p1a: Great Tusk|Great Tusk|100/100
|move|p2a: Weezing|Strange Steam|p1a: Great Tusk
|-supereffective|p1a: Great Tusk
|-damage|p1a: Great Tusk|26/100
|-start|p1a: Great Tusk|confusion
|
|upkeep
|turn|2
|
|t:|1743919822
|-activate|p1a: Great Tusk|confusion
|-damage|p1a: Great Tusk|16/100|[from] confusion
|move|p2a: Weezing|Strange Steam|p1a: Great Tusk
|-supereffective|p1a: Great Tusk
|-damage|p1a: Great Tusk|0 fnt
|faint|p1a: Great Tusk
|-end|p1a: Great Tusk|Protosynthesis|[silent]
|
|upkeep
|
|t:|1743919839
|switch|p1a: Ceruledge|Ceruledge, M|100/100
|turn|3
|
|t:|1743919849
|move|p1a: Ceruledge|Swords Dance|p1a: Ceruledge
|-boost|p1a: Ceruledge|atk|2
|move|p2a: Weezing|Strange Steam|p1a: Ceruledge
|-resisted|p1a: Ceruledge
|-damage|p1a: Ceruledge|85/100
|
|upkeep
|turn|4
|
|t:|1743919859
|-end|p2a: Weezing|ability: Neutralizing Gas
|switch|p2a: Garganacl|Garganacl, M|100/100
|move|p1a: Ceruledge|Swords Dance|p1a: Ceruledge
|-boost|p1a: Ceruledge|atk|2
|
|upkeep
|turn|5
|
|t:|1743919864
|-terastallize|p1a: Ceruledge|Grass
|move|p1a: Ceruledge|Solar Blade||[still]
|-prepare|p1a: Ceruledge|Solar Blade
|move|p2a: Garganacl|Salt Cure|p1a: Ceruledge
|-damage|p1a: Ceruledge|67/100
|-start|p1a: Ceruledge|Salt Cure
|-ability|p1a: Ceruledge|Weak Armor|boost
|-unboost|p1a: Ceruledge|def|1
|-boost|p1a: Ceruledge|spe|2
|
|-damage|p1a: Ceruledge|54/100|[from] Salt Cure
|upkeep
|turn|6
|
|t:|1743919876
|move|p2a: Garganacl|Protect|p2a: Garganacl
|-singleturn|p2a: Garganacl|Protect
|move|p1a: Ceruledge|Solar Blade|p2a: Garganacl|[from] lockedmove
|-activate|p2a: Garganacl|move: Protect
|
|-damage|p1a: Ceruledge|42/100|[from] Salt Cure
|upkeep
|turn|7
|
|t:|1743919885
|move|p1a: Ceruledge|Bitter Blade|p2a: Garganacl
|-resisted|p2a: Garganacl
|-damage|p2a: Garganacl|56/100
|-heal|p1a: Ceruledge|73/100|[from] drain|[of] p2a: Garganacl
|move|p2a: Garganacl|Stealth Rock|p1a: Ceruledge
|-sidestart|p1: Seanboyq|move: Stealth Rock
|
|-heal|p2a: Garganacl|62/100|[from] item: Leftovers
|-damage|p1a: Ceruledge|61/100|[from] Salt Cure
|upkeep
|turn|8
|
|t:|1743919897
|switch|p1a: Zarude|Zarude|100/100
|-damage|p1a: Zarude|88/100|[from] Stealth Rock
|move|p2a: Garganacl|Recover|p2a: Garganacl
|-heal|p2a: Garganacl|100/100
|
|upkeep
|turn|9
|
|t:|1743919908
|-terastallize|p2a: Garganacl|Fairy
|move|p1a: Zarude|Swords Dance|p1a: Zarude
|-boost|p1a: Zarude|atk|2
|move|p2a: Garganacl|Salt Cure|p1a: Zarude
|-crit|p1a: Zarude
|-damage|p1a: Zarude|72/100
|
|upkeep
|turn|10
|
|t:|1743919921
|move|p1a: Zarude|Swords Dance|p1a: Zarude
|-boost|p1a: Zarude|atk|2
|move|p2a: Garganacl|Salt Cure|p1a: Zarude
|-damage|p1a: Zarude|61/100
|
|upkeep
|turn|11
|
|t:|1743919944
|switch|p2a: Corviknight|Corviknight, M|100/100
|-ability|p2a: Corviknight|Pressure
|move|p1a: Zarude|Swords Dance|p1a: Zarude
|-boost|p1a: Zarude|atk|2
|
|upkeep
|turn|12
|
|t:|1743919948
|move|p1a: Zarude|Drain Punch|p2a: Corviknight
|-damage|p2a: Corviknight|53/100
|-heal|p1a: Zarude|88/100|[from] drain|[of] p2a: Corviknight
|-damage|p1a: Zarude|71/100|[from] item: Rocky Helmet|[of] p2a: Corviknight
|move|p2a: Corviknight|Iron Defense|p2a: Corviknight
|-boost|p2a: Corviknight|def|2
|
|upkeep
|turn|13
|
|t:|1743919955
|move|p1a: Zarude|Taunt|p2a: Corviknight
|-start|p2a: Corviknight|move: Taunt
|cant|p2a: Corviknight|move: Taunt|Roost
|
|upkeep
|turn|14
|
|t:|1743919959
|move|p1a: Zarude|Drain Punch|p2a: Corviknight
|-damage|p2a: Corviknight|29/100
|-heal|p1a: Zarude|85/100|[from] drain|[of] p2a: Corviknight
|-damage|p1a: Zarude|69/100|[from] item: Rocky Helmet|[of] p2a: Corviknight
|move|p2a: Corviknight|Brave Bird|p1a: Zarude
|-supereffective|p1a: Zarude
|-damage|p1a: Zarude|14/100
|-damage|p2a: Corviknight|13/100|[from] Recoil
|
|upkeep
|turn|15
|
|t:|1743919970
|move|p1a: Zarude|Drain Punch|p2a: Corviknight
|-damage|p2a: Corviknight|0 fnt
|-heal|p1a: Zarude|21/100|[from] drain|[of] p2a: Corviknight
|-damage|p1a: Zarude|4/100|[from] item: Rocky Helmet|[of] p2a: Corviknight
|faint|p2a: Corviknight
|
|upkeep
|
|t:|1743919975
|switch|p2a: Dragapult|Dragapult, M|100/100
|turn|16
|
|t:|1743919981
|move|p2a: Dragapult|Dragon Darts|p1a: Zarude
|-damage|p1a: Zarude|0 fnt
|faint|p1a: Zarude
|
|upkeep
|
|t:|1743919984
|switch|p1a: Ninetales|Ninetales, F|100/100
|-damage|p1a: Ninetales|76/100|[from] Stealth Rock
|-weather|SunnyDay|[from] ability: Drought|[of] p1a: Ninetales
|turn|17
|
|t:|1743919993
|move|p2a: Dragapult|Dragon Darts|p1a: Ninetales
|-damage|p1a: Ninetales|45/100
|-anim|p2a: Dragapult|Dragon Darts|p1a: Ninetales
|-damage|p1a: Ninetales|15/100
|move|p1a: Ninetales|Weather Ball|p2a: Dragapult
|-resisted|p2a: Dragapult
|-damage|p2a: Dragapult|65/100
|
|-weather|SunnyDay|[upkeep]
|upkeep
|turn|18
|
|t:|1743919999
|move|p2a: Dragapult|U-turn|p1a: Ninetales
|-resisted|p1a: Ninetales
|-damage|p1a: Ninetales|0 fnt
|faint|p1a: Ninetales
|
|t:|1743920005
|switch|p2a: Weezing|Weezing-Galar, F|100/100|[from] U-turn
|-ability|p2a: Weezing|Neutralizing Gas
|
|-weather|SunnyDay|[upkeep]
|upkeep
|
|t:|1743920013
|switch|p1a: Walking Wake|Walking Wake|100/100
|-damage|p1a: Walking Wake|88/100|[from] Stealth Rock
|turn|19
|
|t:|1743920019
|move|p1a: Walking Wake|Hydro Steam|p2a: Weezing
|-damage|p2a: Weezing|0 fnt
|faint|p2a: Weezing
|-end|p2a: Weezing|ability: Neutralizing Gas
|-activate|p1a: Walking Wake|ability: Protosynthesis
|-start|p1a: Walking Wake|protosynthesisspa
|
|-weather|SunnyDay|[upkeep]
|upkeep
|
|t:|1743920025
|switch|p2a: Garganacl|Garganacl, M, tera:Fairy|100/100
|turn|20
|
|t:|1743920027
|move|p1a: Walking Wake|Hydro Steam|p2a: Garganacl
|-damage|p2a: Garganacl|5/100
|move|p2a: Garganacl|Salt Cure|p1a: Walking Wake
|-damage|p1a: Walking Wake|73/100
|-start|p1a: Walking Wake|Salt Cure
|
|-weather|SunnyDay|[upkeep]
|-heal|p2a: Garganacl|12/100|[from] item: Leftovers
|-damage|p1a: Walking Wake|48/100|[from] Salt Cure
|upkeep
|turn|21
|
|t:|1743920034
|move|p2a: Garganacl|Protect|p2a: Garganacl
|-singleturn|p2a: Garganacl|Protect
|move|p1a: Walking Wake|Hydro Steam|p2a: Garganacl
|-activate|p2a: Garganacl|move: Protect
|
|-weather|SunnyDay|[upkeep]
|-heal|p2a: Garganacl|18/100|[from] item: Leftovers
|-damage|p1a: Walking Wake|24/100|[from] Salt Cure
|upkeep
|turn|22
|
|t:|1743920044
|switch|p2a: Slowking|Slowking-Galar, F|100/100
|move|p1a: Walking Wake|Hydro Steam|p2a: Slowking
|-damage|p2a: Slowking|42/100
|
|-weather|SunnyDay|[upkeep]
|-damage|p1a: Walking Wake|0 fnt|[from] Salt Cure
|faint|p1a: Walking Wake
|-end|p1a: Walking Wake|Protosynthesis|[silent]
|upkeep
|
|t:|1743920056
|switch|p1a: Ceruledge|Ceruledge, M, tera:Grass|61/100
|-damage|p1a: Ceruledge|48/100|[from] Stealth Rock
|turn|23
|
|t:|1743920066
|switch|p2a: Garganacl|Garganacl, M, tera:Fairy|18/100
|move|p1a: Ceruledge|Shadow Sneak|p2a: Garganacl
|-damage|p2a: Garganacl|10/100
|
|-weather|SunnyDay|[upkeep]
|-heal|p2a: Garganacl|17/100|[from] item: Leftovers
|upkeep
|turn|24
|
|t:|1743920075
|move|p2a: Garganacl|Protect|p2a: Garganacl
|-singleturn|p2a: Garganacl|Protect
|move|p1a: Ceruledge|Bitter Blade|p2a: Garganacl
|-activate|p2a: Garganacl|move: Protect
|
|-weather|none
|-heal|p2a: Garganacl|23/100|[from] item: Leftovers
|upkeep
|turn|25
|
|t:|1743920082
|move|p1a: Ceruledge|Swords Dance|p1a: Ceruledge
|-boost|p1a: Ceruledge|atk|2
|move|p2a: Garganacl|Recover|p2a: Garganacl
|-heal|p2a: Garganacl|73/100
|
|-heal|p2a: Garganacl|79/100|[from] item: Leftovers
|upkeep
|turn|26
|
|t:|1743920086
|move|p1a: Ceruledge|Bitter Blade|p2a: Garganacl
|-damage|p2a: Garganacl|16/100
|-heal|p1a: Ceruledge|92/100|[from] drain|[of] p2a: Garganacl
|move|p2a: Garganacl|Salt Cure|p1a: Ceruledge
|-damage|p1a: Ceruledge|73/100
|-start|p1a: Ceruledge|Salt Cure
|-ability|p1a: Ceruledge|Weak Armor|boost
|-unboost|p1a: Ceruledge|def|1
|-boost|p1a: Ceruledge|spe|2
|
|-heal|p2a: Garganacl|22/100|[from] item: Leftovers
|-damage|p1a: Ceruledge|61/100|[from] Salt Cure
|upkeep
|turn|27
|
|t:|1743920098
|move|p2a: Garganacl|Protect|p2a: Garganacl
|-singleturn|p2a: Garganacl|Protect
|move|p1a: Ceruledge|Swords Dance|p1a: Ceruledge
|-boost|p1a: Ceruledge|atk|2
|
|-heal|p2a: Garganacl|28/100|[from] item: Leftovers
|-damage|p1a: Ceruledge|49/100|[from] Salt Cure
|upkeep
|turn|28
|
|t:|1743920107
|move|p1a: Ceruledge|Bitter Blade|p2a: Garganacl
|-damage|p2a: Garganacl|0 fnt
|-heal|p1a: Ceruledge|68/100|[from] drain|[of] p2a: Garganacl
|faint|p2a: Garganacl
|
|-damage|p1a: Ceruledge|55/100|[from] Salt Cure
|upkeep
|
|t:|1743920110
|switch|p2a: Dragapult|Dragapult, M|65/100
|turn|29
|
|t:|1743920116
|move|p1a: Ceruledge|Shadow Sneak|p2a: Dragapult
|-supereffective|p2a: Dragapult
|-damage|p2a: Dragapult|0 fnt
|faint|p2a: Dragapult
|
|-damage|p1a: Ceruledge|43/100|[from] Salt Cure
|upkeep
|
|t:|1743920121
|switch|p2a: Slowking|Slowking-Galar, F|76/100
|turn|30
|
|t:|1743920125
|move|p1a: Ceruledge|Shadow Sneak|p2a: Slowking
|-supereffective|p2a: Slowking
|-damage|p2a: Slowking|0 fnt
|faint|p2a: Slowking
|
|-damage|p1a: Ceruledge|31/100|[from] Salt Cure
|upkeep
|
|t:|1743920127
|switch|p2a: Great Tusk|Great Tusk|100/100
|turn|31
|
|t:|1743920131
|move|p1a: Ceruledge|Bitter Blade|p2a: Great Tusk
|-damage|p2a: Great Tusk|0 fnt
|-heal|p1a: Ceruledge|95/100|[from] drain|[of] p2a: Great Tusk
|-damage|p1a: Ceruledge|78/100|[from] item: Rocky Helmet|[of] p2a: Great Tusk
|faint|p2a: Great Tusk
|-end|p2a: Great Tusk|Protosynthesis|[silent]
|
|win|Seanboyq
|raw|Seanboyq's rating: 1095 &rarr; <strong>1122</strong><br />(+27 for winning)
|raw|Peenix35's rating: 1116 &rarr; <strong>1089</strong><br />(-27 for losing)
|l|☆Peenix35
|player|p2|
|n|☆Seanboyq@!|seanboyq
|n|☆Seanboyq|seanboyq
