|j|☆Johnathan Parker
|j|☆BIG Ghettie
|t:|1743932845
|gametype|singles
|player|p1|Johnathan Parker|giovanni|1274
|player|p2|BIG Ghettie|ghetsis|1263
|teamsize|p1|6
|teamsize|p2|6
|gen|9
|tier|[Gen 9] OU
|rated|
|rule|HP Percentage Mod: HP is shown in percentages
|rule|Endless Battle Clause: Forcing endless battles is banned
|rule|Species Clause: Limit one of each Pokémon
|rule|OHKO Clause: OHKO moves are banned
|rule|Evasion Items Clause: Evasion items are banned
|rule|Evasion Moves Clause: Evasion moves are banned
|rule|Sleep Moves Clause: Sleep-inducing moves are banned
|clearpoke
|poke|p1|Vivillon-Pokeball, M|
|poke|p1|Blaziken, M|
|poke|p1|Rillaboom, M|
|poke|p1|Dragapult, F|
|poke|p1|Corviknight, F|
|poke|p1|Jolteon, M|
|poke|p2|Gengar, F|
|poke|p2|Arcanine-Hisui, F|
|poke|p2|Blastoise, F|
|poke|p2|Skarmory, F|
|poke|p2|Zamazenta-*|
|poke|p2|Metagross|
|teampreview
|inactive|Battle timer is ON: inactive players will automatically lose when time's up. (requested by Johnathan Parker)
|
|t:|1743932868
|start
|switch|p1a: Jolteon|Jolteon, M|100/100
|switch|p2a: Rocky|Arcanine-Hisui, F, shiny|100/100
|turn|1
|
|t:|1743932882
|move|p2a: Rocky|Head Smash|p1a: Jolteon
|-damage|p1a: Jolteon|0 fnt
|faint|p1a: Jolteon
|
|upkeep
|
|t:|1743932904
|switch|p1a: Blaziken|Blaziken, M|100/100
|turn|2
|
|t:|1743932916
|-terastallize|p2a: Rocky|Bug
|-terastallize|p1a: Blaziken|Water
|move|p2a: Rocky|Head Smash|p1a: Blaziken
|-damage|p1a: Blaziken|3/100
|move|p1a: Blaziken|Swords Dance|p1a: Blaziken
|-boost|p1a: Blaziken|atk|2
|
|-ability|p1a: Blaziken|Speed Boost|boost
|-boost|p1a: Blaziken|spe|1
|upkeep
|turn|3
|
|t:|1743932931
|move|p1a: Blaziken|Protect|p1a: Blaziken
|-singleturn|p1a: Blaziken|Protect
|move|p2a: Rocky|Head Smash|p1a: Blaziken
|-activate|p1a: Blaziken|move: Protect
|
|-ability|p1a: Blaziken|Speed Boost|boost
|-boost|p1a: Blaziken|spe|1
|upkeep
|turn|4
|
|t:|1743932960
|switch|p2a: Sky|Skarmory, F, shiny|100/100
|move|p1a: Blaziken|Flare Blitz|p2a: Sky
|-supereffective|p2a: Sky
|-ability|p2a: Sky|Sturdy
|-damage|p2a: Sky|1/100
|-damage|p1a: Blaziken|0 fnt|[from] item: Rocky Helmet|[of] p2a: Sky
|faint|p1a: Blaziken
|
|upkeep
|inactive|Johnathan Parker has 120 seconds left.
|
|t:|1743932986
|switch|p1a: Dragapult|Dragapult, F|100/100
|turn|5
|
|t:|1743932998
|move|p1a: Dragapult|U-turn|p2a: Sky
|-resisted|p2a: Sky
|-damage|p2a: Sky|0 fnt
|-damage|p1a: Dragapult|84/100|[from] item: Rocky Helmet|[of] p2a: Sky
|faint|p2a: Sky
|
|t:|1743933007
|switch|p1a: Rillaboom|Rillaboom, M|100/100|[from] U-turn
|-fieldstart|move: Grassy Terrain|[from] ability: Grassy Surge|[of] p1a: Rillaboom
|
|upkeep
|
|t:|1743933014
|switch|p2a: Rocky|Arcanine-Hisui, F, shiny, tera:Bug|100/100
|turn|6
|inactive|Johnathan Parker has 120 seconds left.
|
|t:|1743933050
|move|p2a: Rocky|Flare Blitz|p1a: Rillaboom
|-supereffective|p1a: Rillaboom
|-damage|p1a: Rillaboom|6/100
|move|p1a: Rillaboom|Knock Off|p2a: Rocky
|-damage|p2a: Rocky|58/100
|-enditem|p2a: Rocky|Choice Scarf|[from] move: Knock Off|[of] p1a: Rillaboom
|
|-heal|p2a: Rocky|64/100|[from] Grassy Terrain
|-heal|p1a: Rillaboom|12/100|[from] Grassy Terrain
|upkeep
|turn|7
|
|t:|1743933064
|move|p1a: Rillaboom|Grassy Glide|p2a: Rocky
|-resisted|p2a: Rocky
|-crit|p2a: Rocky
|-damage|p2a: Rocky|27/100
|move|p2a: Rocky|Flare Blitz|p1a: Rillaboom
|-supereffective|p1a: Rillaboom
|-damage|p1a: Rillaboom|0 fnt
|faint|p1a: Rillaboom
|
|-heal|p2a: Rocky|33/100|[from] Grassy Terrain
|upkeep
|
|t:|1743933073
|switch|p1a: Dragapult|Dragapult, F|84/100
|turn|8
|
|t:|1743933081
|move|p1a: Dragapult|Dragon Darts|p2a: Rocky
|-damage|p2a: Rocky|3/100
|-anim|p1a: Dragapult|Dragon Darts|p2a: Rocky
|-damage|p2a: Rocky|0 fnt
|faint|p2a: Rocky
|
|-heal|p1a: Dragapult|90/100|[from] Grassy Terrain
|upkeep
|
|t:|1743933087
|switch|p2a: Big Ghettie|Metagross, shiny|100/100
|turn|9
|inactive|Johnathan Parker has 120 seconds left.
|
|t:|1743933120
|switch|p1a: Corviknight|Corviknight, F|100/100
|move|p2a: Big Ghettie|Knock Off|p1a: Corviknight
|-damage|p1a: Corviknight|74/100
|-damage|p2a: Big Ghettie|84/100|[from] item: Rocky Helmet|[of] p1a: Corviknight
|-enditem|p1a: Corviknight|Rocky Helmet|[from] move: Knock Off|[of] p2a: Big Ghettie
|
|-heal|p2a: Big Ghettie|90/100|[from] Grassy Terrain
|-fieldend|move: Grassy Terrain
|upkeep
|turn|10
|
|t:|1743933148
|switch|p2a: Flow|Blastoise, F, shiny|100/100
|move|p1a: Corviknight|Body Press|p2a: Flow
|-damage|p2a: Flow|75/100
|
|upkeep
|turn|11
|
|t:|1743933161
|switch|p1a: Dragapult|Dragapult, F|90/100
|move|p2a: Flow|Shell Smash|p2a: Flow
|-unboost|p2a: Flow|def|1
|-unboost|p2a: Flow|spd|1
|-boost|p2a: Flow|atk|2
|-boost|p2a: Flow|spa|2
|-boost|p2a: Flow|spe|2
|-enditem|p2a: Flow|White Herb
|-clearnegativeboost|p2a: Flow|[silent]
|
|upkeep
|turn|12
|inactive|Johnathan Parker has 90 seconds left.
|
|t:|1743933177
|move|p2a: Flow|Ice Beam|p1a: Dragapult
|-supereffective|p1a: Dragapult
|-damage|p1a: Dragapult|0 fnt
|faint|p1a: Dragapult
|
|upkeep
|inactive|Johnathan Parker has 90 seconds left.
|
|t:|1743933184
|switch|p1a: Vivillon|Vivillon-Pokeball, M|100/100
|turn|13
|
|t:|1743933192
|move|p2a: Flow|Ice Beam|p1a: Vivillon
|-supereffective|p1a: Vivillon
|-enditem|p1a: Vivillon|Focus Sash
|-damage|p1a: Vivillon|1/100
|move|p1a: Vivillon|Giga Drain|p2a: Flow
|-supereffective|p2a: Flow
|-damage|p2a: Flow|23/100
|-heal|p1a: Vivillon|27/100|[from] drain|[of] p2a: Flow
|
|upkeep
|turn|14
|
|t:|1743933202
|move|p2a: Flow|Ice Beam|p1a: Vivillon
|-supereffective|p1a: Vivillon
|-damage|p1a: Vivillon|0 fnt
|faint|p1a: Vivillon
|
|upkeep
|-message|Johnathan Parker forfeited.
|
|win|BIG Ghettie
|raw|Johnathan Parker's rating: 1274 &rarr; <strong>1248</strong><br />(-26 for losing)
|raw|BIG Ghettie's rating: 1263 &rarr; <strong>1289</strong><br />(+26 for winning)
|l|☆Johnathan Parker
|player|p1|
|l|☆BIG Ghettie
|player|p2|
