|j|☆goobler34
|j|☆Gustave_0123
|t:|1743923896
|gametype|singles
|player|p1|goobler34|petrel|1199
|player|p2|Gustave_0123|lucas|1260
|teamsize|p1|6
|teamsize|p2|6
|gen|9
|tier|[Gen 9] OU
|rated|
|rule|HP Percentage Mod: HP is shown in percentages
|rule|Endless Battle Clause: Forcing endless battles is banned
|rule|Species Clause: Limit one of each Pokémon
|rule|OHKO Clause: OHKO moves are banned
|rule|Evasion Items Clause: Evasion items are banned
|rule|Evasion Moves Clause: Evasion moves are banned
|rule|Sleep Moves Clause: Sleep-inducing moves are banned
|clearpoke
|poke|p1|Torkoal, M|
|poke|p1|Walking Wake|
|poke|p1|Blaziken, M|
|poke|p1|Mudsdale, F|
|poke|p1|Armarouge, M|
|poke|p1|Bronzong|
|poke|p2|Great Tusk|
|poke|p2|Iron Valiant|
|poke|p2|Dragapult, M|
|poke|p2|Kingambit, M|
|poke|p2|Gholdengo|
|poke|p2|Zamazenta-*|
|teampreview
|
|t:|1743923904
|start
|switch|p1a: Torkoal|Torkoal, M|100/100
|switch|p2a: Great Tusk|Great Tusk|100/100
|-weather|SunnyDay|[from] ability: Drought|[of] p1a: Torkoal
|-activate|p2a: Great Tusk|ability: Protosynthesis
|-start|p2a: Great Tusk|protosynthesisatk
|turn|1
|
|t:|1743923912
|switch|p1a: Bronzong|Bronzong|100/100
|move|p2a: Great Tusk|Headlong Rush|p1a: Bronzong
|-immune|p1a: Bronzong|[from] ability: Levitate
|
|-weather|SunnyDay|[upkeep]
|upkeep
|turn|2
|
|t:|1743923921
|move|p2a: Great Tusk|Close Combat|p1a: Bronzong
|-damage|p1a: Bronzong|47/100
|-unboost|p2a: Great Tusk|def|1
|-unboost|p2a: Great Tusk|spd|1
|-damage|p2a: Great Tusk|84/100|[from] item: Rocky Helmet|[of] p1a: Bronzong
|move|p1a: Bronzong|Psychic Noise|p2a: Great Tusk
|-supereffective|p2a: Great Tusk
|-damage|p2a: Great Tusk|0 fnt
|faint|p2a: Great Tusk
|-end|p2a: Great Tusk|Protosynthesis|[silent]
|
|-weather|SunnyDay|[upkeep]
|upkeep
|
|t:|1743923937
|switch|p2a: Kingambit|Kingambit, M|100/100
|-activate|p2a: Kingambit|ability: Supreme Overlord
|-start|p2a: Kingambit|fallen1|[silent]
|turn|3
|
|t:|1743923943
|switch|p1a: Mudsdale|Mudsdale, F|100/100
|move|p2a: Kingambit|Kowtow Cleave|p1a: Mudsdale
|-damage|p1a: Mudsdale|45/100
|-ability|p1a: Mudsdale|Stamina|boost
|-boost|p1a: Mudsdale|def|1
|
|-weather|SunnyDay|[upkeep]
|upkeep
|turn|4
|
|t:|1743923951
|move|p2a: Kingambit|Kowtow Cleave|p1a: Mudsdale
|-damage|p1a: Mudsdale|7/100
|-ability|p1a: Mudsdale|Stamina|boost
|-boost|p1a: Mudsdale|def|1
|move|p1a: Mudsdale|Earthquake|p2a: Kingambit
|-supereffective|p2a: Kingambit
|-damage|p2a: Kingambit|19/100
|
|-weather|SunnyDay|[upkeep]
|upkeep
|turn|5
|
|t:|1743923959
|move|p2a: Kingambit|Kowtow Cleave|p1a: Mudsdale
|-damage|p1a: Mudsdale|0 fnt
|faint|p1a: Mudsdale
|
|-weather|none
|upkeep
|
|t:|1743923963
|switch|p1a: Blaziken|Blaziken, M|100/100
|turn|6
|
|t:|1743923983
|-end|p2a: Kingambit|fallen1|[silent]
|switch|p2a: Dragapult|Dragapult, M|100/100
|move|p1a: Blaziken|Swords Dance|p1a: Blaziken
|-boost|p1a: Blaziken|atk|2
|
|-ability|p1a: Blaziken|Speed Boost|boost
|-boost|p1a: Blaziken|spe|1
|upkeep
|turn|7
|
|t:|1743923991
|move|p1a: Blaziken|Protect|p1a: Blaziken
|-singleturn|p1a: Blaziken|Protect
|move|p2a: Dragapult|Draco Meteor|p1a: Blaziken
|-activate|p1a: Blaziken|move: Protect
|
|-ability|p1a: Blaziken|Speed Boost|boost
|-boost|p1a: Blaziken|spe|1
|upkeep
|turn|8
|
|t:|1743923999
|move|p1a: Blaziken|Flare Blitz|p2a: Dragapult
|-resisted|p2a: Dragapult
|-damage|p2a: Dragapult|10/100
|-damage|p1a: Blaziken|69/100|[from] Recoil
|move|p2a: Dragapult|Draco Meteor|p1a: Blaziken
|-damage|p1a: Blaziken|0 fnt
|-unboost|p2a: Dragapult|spa|2
|faint|p1a: Blaziken
|
|upkeep
|
|t:|1743924005
|switch|p1a: Torkoal|Torkoal, M|100/100
|-weather|SunnyDay|[from] ability: Drought|[of] p1a: Torkoal
|turn|9
|
|t:|1743924010
|move|p2a: Dragapult|Draco Meteor|p1a: Torkoal
|-damage|p1a: Torkoal|53/100
|-unboost|p2a: Dragapult|spa|2
|move|p1a: Torkoal|Stealth Rock|p2a: Dragapult
|-sidestart|p2: Gustave_0123|move: Stealth Rock
|
|-weather|SunnyDay|[upkeep]
|upkeep
|turn|10
|
|t:|1743924017
|move|p2a: Dragapult|Draco Meteor|p1a: Torkoal
|-damage|p1a: Torkoal|22/100
|-unboost|p2a: Dragapult|spa|2
|move|p1a: Torkoal|Lava Plume|p2a: Dragapult
|-resisted|p2a: Dragapult
|-damage|p2a: Dragapult|0 fnt
|faint|p2a: Dragapult
|
|-weather|SunnyDay|[upkeep]
|upkeep
|
|t:|1743924036
|switch|p2a: Iron Valiant|Iron Valiant|100/100
|-damage|p2a: Iron Valiant|94/100|[from] Stealth Rock
|-enditem|p2a: Iron Valiant|Booster Energy
|-activate|p2a: Iron Valiant|ability: Quark Drive|[fromitem]
|-start|p2a: Iron Valiant|quarkdrivespe
|turn|11
|
|t:|1743924042
|move|p2a: Iron Valiant|Close Combat|p1a: Torkoal
|-damage|p1a: Torkoal|0 fnt
|-unboost|p2a: Iron Valiant|def|1
|-unboost|p2a: Iron Valiant|spd|1
|faint|p1a: Torkoal
|
|-weather|SunnyDay|[upkeep]
|upkeep
|
|t:|1743924050
|switch|p1a: Armarouge|Armarouge, M|100/100
|turn|12
|
|t:|1743924081
|move|p2a: Iron Valiant|Thunderbolt|p1a: Armarouge
|-damage|p1a: Armarouge|64/100
|move|p1a: Armarouge|Armor Cannon|p2a: Iron Valiant
|-damage|p2a: Iron Valiant|0 fnt
|-unboost|p1a: Armarouge|def|1
|-unboost|p1a: Armarouge|spd|1
|faint|p2a: Iron Valiant
|-end|p2a: Iron Valiant|Quark Drive|[silent]
|
|-weather|SunnyDay|[upkeep]
|upkeep
|
|t:|1743924091
|switch|p2a: Gholdengo|Gholdengo|100/100
|-damage|p2a: Gholdengo|94/100|[from] Stealth Rock
|-item|p2a: Gholdengo|Air Balloon
|turn|13
|
|t:|1743924098
|move|p1a: Armarouge|Armor Cannon|p2a: Gholdengo
|-supereffective|p2a: Gholdengo
|-damage|p2a: Gholdengo|0 fnt
|-unboost|p1a: Armarouge|def|1
|-unboost|p1a: Armarouge|spd|1
|-enditem|p2a: Gholdengo|Air Balloon
|faint|p2a: Gholdengo
|
|-weather|none
|upkeep
|
|t:|1743924106
|switch|p2a: Zamazenta|Zamazenta|100/100
|-damage|p2a: Zamazenta|94/100|[from] Stealth Rock
|-ability|p2a: Zamazenta|Dauntless Shield|boost
|-boost|p2a: Zamazenta|def|1
|turn|14
|
|t:|1743924117
|switch|p1a: Bronzong|Bronzong|47/100
|move|p2a: Zamazenta|Crunch|p1a: Bronzong
|-supereffective|p1a: Bronzong
|-damage|p1a: Bronzong|0 fnt
|-damage|p2a: Zamazenta|78/100|[from] item: Rocky Helmet|[of] p1a: Bronzong
|faint|p1a: Bronzong
|
|upkeep
|
|t:|1743924130
|switch|p1a: Walking Wake|Walking Wake|100/100
|turn|15
|
|t:|1743924135
|switch|p2a: Kingambit|Kingambit, M|19/100
|-damage|p2a: Kingambit|12/100|[from] Stealth Rock
|-activate|p2a: Kingambit|ability: Supreme Overlord
|-start|p2a: Kingambit|fallen4|[silent]
|move|p1a: Walking Wake|Hydro Steam|p2a: Kingambit
|-damage|p2a: Kingambit|0 fnt
|faint|p2a: Kingambit
|-end|p2a: Kingambit|fallen4|[silent]
|
|upkeep
|
|t:|1743924144
|switch|p2a: Zamazenta|Zamazenta|78/100
|-damage|p2a: Zamazenta|72/100|[from] Stealth Rock
|turn|16
|
|t:|1743924158
|move|p2a: Zamazenta|Close Combat|p1a: Walking Wake
|-damage|p1a: Walking Wake|8/100
|-unboost|p2a: Zamazenta|def|1
|-unboost|p2a: Zamazenta|spd|1
|move|p1a: Walking Wake|Hydro Steam|p2a: Zamazenta
|-damage|p2a: Zamazenta|0 fnt
|faint|p2a: Zamazenta
|
|win|goobler34
|raw|goobler34's rating: 1199 &rarr; <strong>1228</strong><br />(+29 for winning)
|raw|Gustave_0123's rating: 1260 &rarr; <strong>1231</strong><br />(-29 for losing)
|l|☆goobler34
|player|p1|
|l|☆Gustave_0123
|player|p2|
