|j|☆beeboobaa
|j|☆KLAWMON
|t:|1743930678
|gametype|singles
|player|p1|beeboobaa|169|1109
|player|p2|KLAWMON|101|1103
|teamsize|p1|6
|teamsize|p2|6
|gen|9
|tier|[Gen 9] OU
|rated|
|rule|HP Percentage Mod: HP is shown in percentages
|rule|Endless Battle Clause: Forcing endless battles is banned
|rule|Species Clause: Limit one of each Pokémon
|rule|OHKO Clause: OHKO moves are banned
|rule|Evasion Items Clause: Evasion items are banned
|rule|Evasion Moves Clause: Evasion moves are banned
|rule|Sleep Moves Clause: Sleep-inducing moves are banned
|clearpoke
|poke|p1|Dragonite, M|
|poke|p1|Gyarados, F|
|poke|p1|Blastoise, M|
|poke|p1|Gengar, M|
|poke|p1|Weezing, F|
|poke|p1|Clefable, F|
|poke|p2|Weavile, M|
|poke|p2|Clodsire, M|
|poke|p2|Garchomp, M|
|poke|p2|Zoroark-Hisui, M|
|poke|p2|Rotom-Wash|
|poke|p2|Thundurus-Therian, M|
|teampreview
|
|t:|1743930687
|start
|switch|p1a: Gyarados|Gyarados, F|100/100
|switch|p2a: Weavile|Weavile, M|100/100
|-ability|p2a: Weavile|Pressure
|-ability|p1a: Gyarados|Intimidate|boost
|-unboost|p2a: Weavile|atk|1
|turn|1
|
|t:|1743930699
|switch|p2a: Thundurus|Thundurus-Therian, M|100/100
|move|p1a: Gyarados|Dragon Dance|p1a: Gyarados
|-boost|p1a: Gyarados|atk|1
|-boost|p1a: Gyarados|spe|1
|
|upkeep
|turn|2
|
|t:|1743930711
|move|p2a: Thundurus|Nasty Plot|p2a: Thundurus
|-boost|p2a: Thundurus|spa|2
|move|p1a: Gyarados|Stone Edge|p2a: Thundurus|[miss]
|-miss|p1a: Gyarados|p2a: Thundurus
|
|upkeep
|turn|3
|
|t:|1743930717
|move|p1a: Gyarados|Stone Edge|p2a: Thundurus
|-supereffective|p2a: Thundurus
|-damage|p2a: Thundurus|0 fnt
|faint|p2a: Thundurus
|
|upkeep
|
|t:|1743930722
|switch|p2a: Clodsire|Clodsire, M|100/100
|turn|4
|c|☆beeboobaa|both 331 speed
|
|t:|1743930740
|move|p1a: Gyarados|Aqua Tail|p2a: Clodsire
|-immune|p2a: Clodsire|[from] ability: Water Absorb
|move|p2a: Clodsire|Toxic|p1a: Gyarados
|-status|p1a: Gyarados|tox
|
|-damage|p1a: Gyarados|94/100 tox|[from] psn
|upkeep
|turn|5
|c|☆beeboobaa|oops
|
|t:|1743930759
|switch|p2a: Rotom|Rotom-Wash|100/100
|move|p1a: Gyarados|Earthquake|p2a: Rotom
|-immune|p2a: Rotom|[from] ability: Levitate
|
|-damage|p1a: Gyarados|82/100 tox|[from] psn
|upkeep
|turn|6
|c|☆beeboobaa|i always forget to check the ability
|
|t:|1743930768
|move|p1a: Gyarados|Stone Edge|p2a: Rotom
|-damage|p2a: Rotom|56/100
|move|p2a: Rotom|Volt Switch|p1a: Gyarados
|-supereffective|p1a: Gyarados
|-damage|p1a: Gyarados|0 fnt
|faint|p1a: Gyarados
|
|t:|1743930779
|switch|p2a: Weavile|Weavile, M|100/100|[from] Volt Switch
|
|upkeep
|inactive|Battle timer is ON: inactive players will automatically lose when time's up. (requested by KLAWMON)
|inactive|beeboobaa has 120 seconds left.
|
|t:|1743930844
|switch|p1a: Weezing|Weezing, F|100/100
|turn|7
|
|t:|1743930860
|move|p2a: Weavile|Nasty Plot|p2a: Weavile
|-boost|p2a: Weavile|spa|2
|move|p1a: Weezing|Acid Spray|p2a: Weavile
|-resisted|p2a: Weavile
|-damage|p2a: Weavile|89/100
|-unboost|p2a: Weavile|spd|2
|replace|p2a: Zoroark|Zoroark-Hisui, M
|-end|p2a: Zoroark|Illusion
|
|upkeep
|turn|8
|inactive|beeboobaa has 120 seconds left.
|
|t:|1743930905
|move|p2a: Zoroark|Hyper Voice|p1a: Weezing
|-damage|p1a: Weezing|23/100
|-enditem|p2a: Zoroark|Throat Spray
|-boost|p2a: Zoroark|spa|1|[from] item: Throat Spray
|move|p1a: Weezing|Thunderbolt|p2a: Zoroark
|-damage|p2a: Zoroark|19/100
|
|upkeep
|turn|9
|
|t:|1743930914
|move|p2a: Zoroark|Shadow Ball|p1a: Weezing
|-damage|p1a: Weezing|0 fnt
|faint|p1a: Weezing
|
|upkeep
|inactive|beeboobaa has 90 seconds left.
|
|t:|1743930949
|switch|p1a: Clefable|Clefable, F|100/100
|turn|10
|
|t:|1743930965
|move|p2a: Zoroark|Hyper Voice|p1a: Clefable
|-damage|p1a: Clefable|58/100
|move|p1a: Clefable|Calm Mind|p1a: Clefable
|-boost|p1a: Clefable|spa|1
|-boost|p1a: Clefable|spd|1
|
|-heal|p1a: Clefable|64/100|[from] item: Leftovers
|upkeep
|turn|11
|inactive|beeboobaa has 90 seconds left.
|
|t:|1743930981
|switch|p2a: Clodsire|Clodsire, M|100/100
|move|p1a: Clefable|Moonlight|p1a: Clefable
|-heal|p1a: Clefable|100/100
|
|upkeep
|turn|12
|inactive|beeboobaa has 90 seconds left.
|
|t:|1743931008
|move|p1a: Clefable|Calm Mind|p1a: Clefable
|-boost|p1a: Clefable|spa|1
|-boost|p1a: Clefable|spd|1
|move|p2a: Clodsire|Toxic|p1a: Clefable
|-status|p1a: Clefable|tox
|
|-damage|p1a: Clefable|94/100 tox|[from] psn
|upkeep
|turn|13
|
|t:|1743931018
|switch|p2a: Rotom|Rotom-Wash|56/100
|move|p1a: Clefable|Calm Mind|p1a: Clefable
|-boost|p1a: Clefable|spa|1
|-boost|p1a: Clefable|spd|1
|
|-heal|p2a: Rotom|63/100|[from] item: Leftovers
|-heal|p1a: Clefable|100/100 tox|[from] item: Leftovers
|-damage|p1a: Clefable|88/100 tox|[from] psn
|upkeep
|turn|14
|
|t:|1743931027
|move|p2a: Rotom|Pain Split|p1a: Clefable
|-sethp|p1a: Clefable|68/100 tox|[from] move: Pain Split|[silent]
|-sethp|p2a: Rotom|88/100|[from] move: Pain Split
|move|p1a: Clefable|Calm Mind|p1a: Clefable
|-boost|p1a: Clefable|spa|1
|-boost|p1a: Clefable|spd|1
|
|-heal|p2a: Rotom|95/100|[from] item: Leftovers
|-heal|p1a: Clefable|74/100 tox|[from] item: Leftovers
|-damage|p1a: Clefable|56/100 tox|[from] psn
|upkeep
|turn|15
|
|t:|1743931044
|move|p2a: Rotom|Hydro Pump|p1a: Clefable
|-damage|p1a: Clefable|44/100 tox
|move|p1a: Clefable|Moonblast|p2a: Rotom
|-damage|p2a: Rotom|0 fnt
|faint|p2a: Rotom
|
|-heal|p1a: Clefable|50/100 tox|[from] item: Leftovers
|-damage|p1a: Clefable|26/100 tox|[from] psn
|upkeep
|
|t:|1743931056
|switch|p2a: Clodsire|Clodsire, M|100/100
|turn|16
|
|t:|1743931067
|move|p1a: Clefable|Moonblast|p2a: Clodsire
|-resisted|p2a: Clodsire
|-damage|p2a: Clodsire|71/100
|move|p2a: Clodsire|Recover|p2a: Clodsire
|-heal|p2a: Clodsire|100/100
|
|-heal|p1a: Clefable|32/100 tox|[from] item: Leftovers
|-damage|p1a: Clefable|1/100 tox|[from] psn
|upkeep
|turn|17
|
|t:|1743931076
|move|p1a: Clefable|Moonblast|p2a: Clodsire
|-resisted|p2a: Clodsire
|-damage|p2a: Clodsire|66/100
|move|p2a: Clodsire|Earthquake|p1a: Clefable
|-damage|p1a: Clefable|0 fnt
|faint|p1a: Clefable
|
|upkeep
|
|t:|1743931090
|switch|p1a: Dragonite|Dragonite, M|100/100
|turn|18
|
|t:|1743931095
|-terastallize|p1a: Dragonite|Normal
|move|p1a: Dragonite|Dragon Dance|p1a: Dragonite
|-boost|p1a: Dragonite|atk|1
|-boost|p1a: Dragonite|spe|1
|move|p2a: Clodsire|Toxic|p1a: Dragonite
|-status|p1a: Dragonite|tox
|
|-damage|p1a: Dragonite|94/100 tox|[from] psn
|upkeep
|turn|19
|inactive|beeboobaa has 120 seconds left.
|
|t:|1743931107
|switch|p2a: Weavile|Weavile, M|100/100
|-ability|p2a: Weavile|Pressure
|move|p1a: Dragonite|Dragon Dance|p1a: Dragonite
|-boost|p1a: Dragonite|atk|1
|-boost|p1a: Dragonite|spe|1
|
|-damage|p1a: Dragonite|82/100 tox|[from] psn
|upkeep
|turn|20
|inactive|beeboobaa has 120 seconds left.
|
|t:|1743931120
|move|p1a: Dragonite|Extreme Speed|p2a: Weavile
|-damage|p2a: Weavile|0 fnt
|faint|p2a: Weavile
|
|-damage|p1a: Dragonite|63/100 tox|[from] psn
|upkeep
|
|t:|1743931131
|switch|p2a: Clodsire|Clodsire, M|19/100
|turn|21
|
|t:|1743931139
|move|p1a: Dragonite|Extreme Speed|p2a: Clodsire
|-immune|p2a: Clodsire
|move|p2a: Clodsire|Shadow Ball|p1a: Dragonite
|-immune|p1a: Dragonite
|
|-damage|p1a: Dragonite|39/100 tox|[from] psn
|upkeep
|turn|22
|inactive|beeboobaa has 120 seconds left.
|
|t:|1743931160
|move|p1a: Dragonite|Ice Spinner|p2a: Clodsire
|-damage|p2a: Clodsire|0 fnt
|replace|p2a: Zoroark|Zoroark-Hisui, M
|-end|p2a: Zoroark|Illusion
|faint|p2a: Zoroark
|
|-damage|p1a: Dragonite|8/100 tox|[from] psn
|upkeep
|
|t:|1743931166
|switch|p2a: Clodsire|Clodsire, M|66/100
|turn|23
|
|t:|1743931179
|move|p1a: Dragonite|Ice Spinner|p2a: Clodsire
|-supereffective|p2a: Clodsire
|-damage|p2a: Clodsire|0 fnt
|faint|p2a: Clodsire
|
|-damage|p1a: Dragonite|0 fnt|[from] psn
|faint|p1a: Dragonite
|upkeep
|inactive|beeboobaa has 120 seconds left.
|
|t:|1743931196
|switch|p1a: Blastoise|Blastoise, M|100/100
|switch|p2a: Garchomp|Garchomp, M|100/100
|turn|24
|
|t:|1743931205
|move|p2a: Garchomp|Swords Dance|p2a: Garchomp
|-boost|p2a: Garchomp|atk|2
|move|p1a: Blastoise|Ice Beam|p2a: Garchomp
|-supereffective|p2a: Garchomp
|-damage|p2a: Garchomp|0 fnt
|faint|p2a: Garchomp
|
|win|beeboobaa
|raw|beeboobaa's rating: 1109 &rarr; <strong>1134</strong><br />(+25 for winning)
|raw|KLAWMON's rating: 1103 &rarr; <strong>1078</strong><br />(-25 for losing)
|l|☆KLAWMON
|player|p2|
|l|☆beeboobaa
|player|p1|
