|j|☆bellingham is mine
|j|☆rderor19
|t:|1743919086
|gametype|singles
|player|p1|bellingham is mine|skier|1177
|player|p2|rderor19|ninjaboy|1207
|teamsize|p1|6
|teamsize|p2|6
|gen|9
|tier|[Gen 9] OU
|rated|
|rule|HP Percentage Mod: HP is shown in percentages
|rule|Endless Battle Clause: Forcing endless battles is banned
|rule|Species Clause: Limit one of each Pokémon
|rule|OHKO Clause: OHKO moves are banned
|rule|Evasion Items Clause: Evasion items are banned
|rule|Evasion Moves Clause: Evasion moves are banned
|rule|Sleep Moves Clause: Sleep-inducing moves are banned
|clearpoke
|poke|p1|Corviknight, F|
|poke|p1|Skeledirge, F|
|poke|p1|Latias, F|
|poke|p1|Ogerpon-Wellspring, F|
|poke|p1|Slowking-Galar, M|
|poke|p1|Mew|
|poke|p2|Incineroar, M|
|poke|p2|Excadrill, M|
|poke|p2|Pelipper, M|
|poke|p2|Kilowattrel, M|
|poke|p2|Tyranitar, M|
|poke|p2|Moltres-Galar|
|teampreview
|
|t:|1743919091
|start
|switch|p1a: Ogerpon|Ogerpon-Wellspring, F|100/100
|switch|p2a: Gala|Moltres-Galar, shiny|100/100
|turn|1
|
|t:|1743919096
|move|p1a: Ogerpon|Ivy Cudgel|p2a: Gala|[anim] Ivy Cudgel Water
|-damage|p2a: Gala|27/100
|-ability|p2a: Gala|Berserk|boost
|-boost|p2a: Gala|spa|1
|-enditem|p2a: Gala|Sitrus Berry|[eat]
|-heal|p2a: Gala|52/100|[from] item: Sitrus Berry
|move|p2a: Gala|Agility|p2a: Gala
|-boost|p2a: Gala|spe|2
|
|upkeep
|turn|2
|
|t:|1743919099
|move|p2a: Gala|Fiery Wrath|p1a: Ogerpon
|-damage|p1a: Ogerpon|30/100
|move|p1a: Ogerpon|Ivy Cudgel|p2a: Gala|[anim] Ivy Cudgel Water
|-damage|p2a: Gala|0 fnt
|faint|p2a: Gala
|
|upkeep
|inactive|Battle timer is ON: inactive players will automatically lose when time's up. (requested by bellingham is mine)
|
|t:|1743919104
|switch|p2a: Trueno|Kilowattrel, M, shiny|100/100
|turn|3
|
|t:|1743919111
|switch|p1a: Slowking|Slowking-Galar, M|100/100
|move|p2a: Trueno|Volt Switch|p1a: Slowking
|-damage|p1a: Slowking|71/100
|
|t:|1743919117
|switch|p2a: Toño|Incineroar, M, shiny|100/100|[from] Volt Switch
|-ability|p2a: Toño|Intimidate|boost
|-unboost|p1a: Slowking|atk|1
|
|upkeep
|turn|4
|
|t:|1743919124
|move|p2a: Toño|Swords Dance|p2a: Toño
|-boost|p2a: Toño|atk|2
|-prepare|p1a: Slowking|Chilly Reception|[premajor]
|move|p1a: Slowking|Chilly Reception|p1a: Slowking
|-weather|Snowscape
|
|t:|1743919128
|switch|p1a: Corviknight|Corviknight, F|100/100|[from] Chilly Reception
|-ability|p1a: Corviknight|Pressure
|
|-weather|Snowscape|[upkeep]
|upkeep
|turn|5
|
|t:|1743919133
|move|p2a: Toño|Flare Blitz|p1a: Corviknight
|-supereffective|p1a: Corviknight
|-damage|p1a: Corviknight|0 fnt
|-damage|p2a: Toño|84/100|[from] item: Rocky Helmet|[of] p1a: Corviknight
|faint|p1a: Corviknight
|-damage|p2a: Toño|44/100|[from] Recoil
|
|-weather|Snowscape|[upkeep]
|upkeep
|c|☆bellingham is mine|i speak spanish too
|
|t:|1743919140
|switch|p1a: Ogerpon|Ogerpon-Wellspring, F|30/100
|turn|6
|c|☆rderor19|jaja
|c|☆rderor19|okay
|
|t:|1743919154
|move|p1a: Ogerpon|Ivy Cudgel|p2a: Toño|[anim] Ivy Cudgel Water
|-supereffective|p2a: Toño
|-damage|p2a: Toño|0 fnt
|faint|p2a: Toño
|
|-weather|Snowscape|[upkeep]
|upkeep
|
|t:|1743919160
|switch|p2a: Trueno|Kilowattrel, M, shiny|100/100
|turn|7
|
|t:|1743919163
|switch|p1a: Slowking|Slowking-Galar, M|100/100
|move|p2a: Trueno|Volt Switch|p1a: Slowking
|-damage|p1a: Slowking|71/100
|
|t:|1743919168
|switch|p2a: Chancho|Tyranitar, M, shiny|100/100|[from] Volt Switch
|-weather|Sandstorm|[from] ability: Sand Stream|[of] p2a: Chancho
|
|-weather|Sandstorm|[upkeep]
|-damage|p1a: Slowking|65/100|[from] Sandstorm
|upkeep
|turn|8
|
|t:|1743919171
|move|p2a: Chancho|Knock Off|p1a: Slowking
|-supereffective|p1a: Slowking
|-damage|p1a: Slowking|0 fnt
|-enditem|p1a: Slowking|Heavy-Duty Boots|[from] move: Knock Off|[of] p2a: Chancho
|faint|p1a: Slowking
|
|-weather|Sandstorm|[upkeep]
|upkeep
|
|t:|1743919175
|switch|p1a: Ogerpon|Ogerpon-Wellspring, F|30/100
|turn|9
|
|t:|1743919179
|move|p1a: Ogerpon|Horn Leech|p2a: Chancho
|-supereffective|p2a: Chancho
|-damage|p2a: Chancho|25/100
|-heal|p1a: Ogerpon|81/100|[from] drain|[of] p2a: Chancho
|move|p2a: Chancho|Ice Punch|p1a: Ogerpon
|-damage|p1a: Ogerpon|41/100
|-status|p1a: Ogerpon|frz
|
|-weather|Sandstorm|[upkeep]
|-damage|p1a: Ogerpon|35/100 frz|[from] Sandstorm
|upkeep
|turn|10
|
|t:|1743919183
|cant|p1a: Ogerpon|frz
|move|p2a: Chancho|Knock Off|p1a: Ogerpon
|-damage|p1a: Ogerpon|0 fnt
|faint|p1a: Ogerpon
|
|-weather|Sandstorm|[upkeep]
|upkeep
|
|t:|1743919186
|switch|p1a: Latias|Latias, F|100/100
|turn|11
|
|t:|1743919188
|move|p1a: Latias|Agility|p1a: Latias
|-boost|p1a: Latias|spe|2
|move|p2a: Chancho|Knock Off|p1a: Latias
|-supereffective|p1a: Latias
|-damage|p1a: Latias|0 fnt
|-enditem|p1a: Latias|Weakness Policy|[from] move: Knock Off|[of] p2a: Chancho
|faint|p1a: Latias
|
|-weather|none
|upkeep
|-message|bellingham is mine forfeited.
|
|win|rderor19
|raw|bellingham is mine's rating: 1177 &rarr; <strong>1154</strong><br />(-23 for losing)
|raw|rderor19's rating: 1207 &rarr; <strong>1230</strong><br />(+23 for winning)
|l|☆bellingham is mine
|player|p1|
|c|☆rderor19|lol
|l|☆rderor19
|player|p2|
