|j|☆jay258
|j|☆Seanboyq
|t:|1743920380
|gametype|singles
|player|p1|jay258|169|1154
|player|p2|Seanboyq|265|1122
|teamsize|p1|6
|teamsize|p2|6
|gen|9
|tier|[Gen 9] OU
|rated|
|rule|HP Percentage Mod: HP is shown in percentages
|rule|Endless Battle Clause: Forcing endless battles is banned
|rule|Species Clause: Limit one of each Pokémon
|rule|OHKO Clause: OHKO moves are banned
|rule|Evasion Items Clause: Evasion items are banned
|rule|Evasion Moves Clause: Evasion moves are banned
|rule|Sleep Moves Clause: Sleep-inducing moves are banned
|clearpoke
|poke|p1|Dragonite, M|
|poke|p1|Great Tusk|
|poke|p1|Iron Moth|
|poke|p1|Kingambit, M|
|poke|p1|Gliscor, F|
|poke|p1|Kyurem|
|poke|p2|Ceruledge, M|
|poke|p2|Ninetales, F|
|poke|p2|Leavanny, F|
|poke|p2|Great Tusk|
|poke|p2|Walking Wake|
|poke|p2|Zarude|
|teampreview
|inactive|Battle timer is ON: inactive players will automatically lose when time's up. (requested by jay258)
|
|t:|1743920428
|start
|switch|p1a: Iron Moth|Iron Moth|100/100
|switch|p2a: Ninetales|Ninetales, F|100/100
|-weather|SunnyDay|[from] ability: Drought|[of] p2a: Ninetales
|-enditem|p1a: Iron Moth|Booster Energy
|-activate|p1a: Iron Moth|ability: Quark Drive|[fromitem]
|-start|p1a: Iron Moth|quarkdrivespa
|turn|1
|
|t:|1743920439
|-terastallize|p2a: Ninetales|Ground
|move|p1a: Iron Moth|Fire Blast|p2a: Ninetales
|-damage|p2a: Ninetales|0 fnt
|faint|p2a: Ninetales
|
|-weather|SunnyDay|[upkeep]
|upkeep
|
|t:|1743920454
|switch|p2a: Great Tusk|Great Tusk|100/100
|-activate|p2a: Great Tusk|ability: Protosynthesis
|-start|p2a: Great Tusk|protosynthesisatk
|turn|2
|
|t:|1743920463
|move|p1a: Iron Moth|Fire Blast|p2a: Great Tusk
|-damage|p2a: Great Tusk|0 fnt
|faint|p2a: Great Tusk
|-end|p2a: Great Tusk|Protosynthesis|[silent]
|
|-weather|SunnyDay|[upkeep]
|upkeep
|
|t:|1743920466
|switch|p2a: Walking Wake|Walking Wake|100/100
|-activate|p2a: Walking Wake|ability: Protosynthesis
|-start|p2a: Walking Wake|protosynthesisspa
|turn|3
|
|t:|1743920491
|move|p1a: Iron Moth|Toxic Spikes|p2a: Walking Wake
|-sidestart|p2: Seanboyq|move: Toxic Spikes
|move|p2a: Walking Wake|Hydro Steam|p1a: Iron Moth
|-supereffective|p1a: Iron Moth
|-damage|p1a: Iron Moth|0 fnt
|faint|p1a: Iron Moth
|-end|p1a: Iron Moth|Quark Drive|[silent]
|
|-weather|SunnyDay|[upkeep]
|upkeep
|
|t:|1743920499
|switch|p1a: Kyurem|Kyurem|100/100
|-ability|p1a: Kyurem|Pressure
|turn|4
|
|t:|1743920509
|move|p1a: Kyurem|Freeze-Dry|p2a: Walking Wake
|-supereffective|p2a: Walking Wake
|-damage|p2a: Walking Wake|0 fnt
|faint|p2a: Walking Wake
|-end|p2a: Walking Wake|Protosynthesis|[silent]
|
|-weather|SunnyDay|[upkeep]
|upkeep
|
|t:|1743920516
|switch|p2a: Ceruledge|Ceruledge, M|100/100
|-status|p2a: Ceruledge|psn
|turn|5
|
|t:|1743920524
|move|p1a: Kyurem|Earth Power|p2a: Ceruledge
|-supereffective|p2a: Ceruledge
|-damage|p2a: Ceruledge|30/100 psn
|move|p2a: Ceruledge|Swords Dance|p2a: Ceruledge
|-boost|p2a: Ceruledge|atk|2
|
|-weather|SunnyDay|[upkeep]
|-damage|p2a: Ceruledge|17/100 psn|[from] psn
|upkeep
|turn|6
|
|t:|1743920530
|move|p1a: Kyurem|Earth Power|p2a: Ceruledge
|-supereffective|p2a: Ceruledge
|-damage|p2a: Ceruledge|0 fnt
|faint|p2a: Ceruledge
|
|-weather|SunnyDay|[upkeep]
|upkeep
|-message|Seanboyq forfeited.
|
|win|jay258
|raw|jay258's rating: 1154 &rarr; <strong>1177</strong><br />(+23 for winning)
|raw|Seanboyq's rating: 1122 &rarr; <strong>1099</strong><br />(-23 for losing)
