|j|☆ShawnHim
|j|☆DankErrl
|t:|1743919597
|gametype|singles
|player|p1|ShawnHim|giovanni|1205
|player|p2|DankErrl|dawn|1181
|teamsize|p1|6
|teamsize|p2|6
|gen|9
|tier|[Gen 9] OU
|rated|
|rule|HP Percentage Mod: HP is shown in percentages
|rule|Endless Battle Clause: Forcing endless battles is banned
|rule|Species Clause: Limit one of each Pokémon
|rule|OHKO Clause: OHKO moves are banned
|rule|Evasion Items Clause: Evasion items are banned
|rule|Evasion Moves Clause: Evasion moves are banned
|rule|Sleep Moves Clause: Sleep-inducing moves are banned
|clearpoke
|poke|p1|Milotic, F|
|poke|p1|Gliscor, F|
|poke|p1|Blaziken, F|
|poke|p1|Gengar, F|
|poke|p1|Meowscarada, F|
|poke|p1|Chansey, F|
|poke|p2|Torkoal, F|
|poke|p2|Moltres|
|poke|p2|Scream Tail|
|poke|p2|Great Tusk|
|poke|p2|Walking Wake|
|poke|p2|Lilligant-Hisui, F|
|teampreview
|inactive|Battle timer is ON: inactive players will automatically lose when time's up. (requested by ShawnHim)
|
|t:|1743919618
|start
|switch|p1a: Chansey|Chansey, F|100/100
|switch|p2a: Lilligant|Lilligant-Hisui, F, shiny|100/100
|turn|1
|
|t:|1743919628
|switch|p1a: Gengar|Gengar, F|100/100
|move|p2a: Lilligant|Close Combat|p1a: Gengar
|-immune|p1a: Gengar
|
|upkeep
|turn|2
|
|t:|1743919637
|switch|p2a: Scream Tail|Scream Tail, shiny|100/100
|move|p1a: Gengar|Sludge Wave|p2a: Scream Tail
|-supereffective|p2a: Scream Tail
|-damage|p2a: Scream Tail|30/100
|-damage|p1a: Gengar|91/100|[from] item: Life Orb
|
|-heal|p2a: Scream Tail|37/100|[from] item: Leftovers
|upkeep
|turn|3
|
|t:|1743919651
|move|p2a: Scream Tail|Protect|p2a: Scream Tail
|-singleturn|p2a: Scream Tail|Protect
|move|p1a: Gengar|Sludge Wave|p2a: Scream Tail
|-activate|p2a: Scream Tail|move: Protect
|
|-heal|p2a: Scream Tail|43/100|[from] item: Leftovers
|upkeep
|turn|4
|
|t:|1743919665
|-end|p2a: Scream Tail|Protosynthesis|[silent]
|switch|p2a: Great Tusk|Great Tusk, shiny|100/100
|move|p1a: Gengar|Sludge Wave|p2a: Great Tusk
|-resisted|p2a: Great Tusk
|-crit|p2a: Great Tusk
|-damage|p2a: Great Tusk|21/100
|-damage|p1a: Gengar|81/100|[from] item: Life Orb
|
|-heal|p2a: Great Tusk|27/100|[from] item: Leftovers
|upkeep
|turn|5
|
|t:|1743919673
|move|p1a: Gengar|Shadow Ball|p2a: Great Tusk
|-damage|p2a: Great Tusk|0 fnt
|faint|p2a: Great Tusk
|-end|p2a: Great Tusk|Protosynthesis|[silent]
|-damage|p1a: Gengar|71/100|[from] item: Life Orb
|
|upkeep
|
|t:|1743919677
|switch|p2a: Torkoal|Torkoal, F, shiny|100/100
|-weather|SunnyDay|[from] ability: Drought|[of] p2a: Torkoal
|turn|6
|
|t:|1743919686
|switch|p1a: Milotic|Milotic, F|100/100
|switch|p2a: Scream Tail|Scream Tail, shiny|43/100
|-activate|p2a: Scream Tail|ability: Protosynthesis
|-start|p2a: Scream Tail|protosynthesisspd
|
|-weather|SunnyDay|[upkeep]
|-heal|p2a: Scream Tail|49/100|[from] item: Leftovers
|upkeep
|turn|7
|
|t:|1743919697
|-end|p2a: Scream Tail|Protosynthesis|[silent]
|switch|p2a: Lilligant|Lilligant-Hisui, F, shiny|100/100
|switch|p1a: Gengar|Gengar, F|71/100
|
|-weather|SunnyDay|[upkeep]
|upkeep
|turn|8
|
|t:|1743919707
|switch|p2a: Scream Tail|Scream Tail, shiny|49/100
|-activate|p2a: Scream Tail|ability: Protosynthesis
|-start|p2a: Scream Tail|protosynthesisspd
|move|p1a: Gengar|Sludge Wave|p2a: Scream Tail
|-supereffective|p2a: Scream Tail
|-damage|p2a: Scream Tail|0 fnt
|faint|p2a: Scream Tail
|-end|p2a: Scream Tail|Protosynthesis|[silent]
|-damage|p1a: Gengar|61/100|[from] item: Life Orb
|
|-weather|SunnyDay|[upkeep]
|upkeep
|-message|DankErrl forfeited.
|
|win|ShawnHim
|raw|ShawnHim's rating: 1205 &rarr; <strong>1228</strong><br />(+23 for winning)
|raw|DankErrl's rating: 1181 &rarr; <strong>1158</strong><br />(-23 for losing)
|l|☆DankErrl
|player|p2|
|l|☆ShawnHim
|player|p1|
