|j|☆Avoertioloko5
|j|☆vapeaureon
|t:|1743933303
|gametype|singles
|player|p1|Avoertioloko5|riley|1140
|player|p2|vapeaureon|winona|1117
|teamsize|p1|6
|teamsize|p2|6
|gen|9
|tier|[Gen 9] OU
|rated|
|rule|HP Percentage Mod: HP is shown in percentages
|rule|Endless Battle Clause: Forcing endless battles is banned
|rule|Species Clause: Limit one of each Pokémon
|rule|OHKO Clause: OHKO moves are banned
|rule|Evasion Items Clause: Evasion items are banned
|rule|Evasion Moves Clause: Evasion moves are banned
|rule|Sleep Moves Clause: Sleep-inducing moves are banned
|clearpoke
|poke|p1|Lucario, M|
|poke|p1|Kingambit, M|
|poke|p1|Tinkaton, F|
|poke|p1|Bronzong|
|poke|p1|Gholdengo|
|poke|p1|Corviknight, M|
|poke|p2|Bombirdier, M|
|poke|p2|Dragapult, M|
|poke|p2|Whiscash, F|
|poke|p2|Hitmontop, M|
|poke|p2|Tinkaton, F|
|poke|p2|Electrode-Hisui|
|teampreview
|
|t:|1743933312
|start
|switch|p1a: Tinkaton|Tinkaton, F|100/100
|switch|p2a: Electrode|Electrode-Hisui|100/100
|-ability|p1a: Tinkaton|Mold Breaker
|turn|1
|
|t:|1743933319
|move|p2a: Electrode|Thunderbolt|p1a: Tinkaton
|-damage|p1a: Tinkaton|76/100
|move|p1a: Tinkaton|Knock Off|p2a: Electrode
|-damage|p2a: Electrode|64/100
|-enditem|p2a: Electrode|Focus Sash|[from] move: Knock Off|[of] p1a: Tinkaton
|
|-heal|p1a: Tinkaton|83/100|[from] item: Leftovers
|upkeep
|turn|2
|
|t:|1743933326
|move|p2a: Electrode|Leech Seed|p1a: Tinkaton
|-start|p1a: Tinkaton|move: Leech Seed
|move|p1a: Tinkaton|Stealth Rock|p2a: Electrode
|-sidestart|p2: vapeaureon|move: Stealth Rock
|
|-heal|p1a: Tinkaton|89/100|[from] item: Leftovers
|-damage|p1a: Tinkaton|76/100|[from] Leech Seed|[of] p2a: Electrode
|-heal|p2a: Electrode|82/100|[silent]
|upkeep
|turn|3
|
|t:|1743933336
|switch|p1a: Corviknight|Corviknight, M, shiny|100/100
|-ability|p1a: Corviknight|Pressure
|move|p2a: Electrode|Thunderbolt|p1a: Corviknight
|-supereffective|p1a: Corviknight
|-damage|p1a: Corviknight|34/100
|
|upkeep
|turn|4
|
|t:|1743933354
|switch|p1a: Bronzong|Bronzong|100/100
|move|p2a: Electrode|Thunderbolt|p1a: Bronzong
|-damage|p1a: Bronzong|77/100
|
|upkeep
|turn|5
|
|t:|1743933359
|move|p2a: Electrode|Leech Seed|p1a: Bronzong
|-start|p1a: Bronzong|move: Leech Seed
|move|p1a: Bronzong|Light Screen|p1a: Bronzong
|-sidestart|p1: Avoertioloko5|move: Light Screen
|
|-damage|p1a: Bronzong|65/100|[from] Leech Seed|[of] p2a: Electrode
|-heal|p2a: Electrode|98/100|[silent]
|upkeep
|turn|6
|
|t:|1743933365
|move|p2a: Electrode|Volt Switch|p1a: Bronzong
|-damage|p1a: Bronzong|56/100
|
|t:|1743933370
|switch|p2a: Tinkaton|Tinkaton, F|100/100|[from] Volt Switch
|-damage|p2a: Tinkaton|94/100|[from] Stealth Rock
|-ability|p2a: Tinkaton|Mold Breaker
|-item|p2a: Tinkaton|Air Balloon
|move|p1a: Bronzong|Reflect|p1a: Bronzong
|-sidestart|p1: Avoertioloko5|Reflect
|
|-damage|p1a: Bronzong|43/100|[from] Leech Seed|[of] p2a: Tinkaton
|-heal|p2a: Tinkaton|100/100|[silent]
|upkeep
|turn|7
|
|t:|1743933379
|move|p2a: Tinkaton|Encore|p1a: Bronzong
|-start|p1a: Bronzong|Encore
|move|p1a: Bronzong|Reflect||[still]
|-fail|p1a: Bronzong
|
|-damage|p1a: Bronzong|31/100|[from] Leech Seed|[of] p2a: Tinkaton
|upkeep
|turn|8
|
|t:|1743933393
|switch|p1a: Corviknight|Corviknight, M, shiny|34/100
|-ability|p1a: Corviknight|Pressure
|move|p2a: Tinkaton|Knock Off|p1a: Corviknight
|-damage|p1a: Corviknight|27/100
|-damage|p2a: Tinkaton|84/100|[from] item: Rocky Helmet|[of] p1a: Corviknight
|-enditem|p1a: Corviknight|Rocky Helmet|[from] move: Knock Off|[of] p2a: Tinkaton
|
|upkeep
|turn|9
|
|t:|1743933405
|switch|p2a: Whiscash|Whiscash, F|100/100
|-damage|p2a: Whiscash|94/100|[from] Stealth Rock
|move|p1a: Corviknight|U-turn|p2a: Whiscash
|-damage|p2a: Whiscash|83/100
|
|t:|1743933423
|switch|p1a: Gholdengo|Gholdengo|100/100|[from] U-turn
|-item|p1a: Gholdengo|Air Balloon
|
|upkeep
|turn|10
|
|t:|1743933436
|move|p1a: Gholdengo|Shadow Ball|p2a: Whiscash
|-damage|p2a: Whiscash|39/100
|move|p2a: Whiscash|Stealth Rock|p1a: Gholdengo
|-sidestart|p1: Avoertioloko5|move: Stealth Rock
|
|upkeep
|turn|11
|
|t:|1743933444
|switch|p2a: Tinkaton|Tinkaton, F|84/100
|-damage|p2a: Tinkaton|78/100|[from] Stealth Rock
|-ability|p2a: Tinkaton|Mold Breaker
|-item|p2a: Tinkaton|Air Balloon
|move|p1a: Gholdengo|Shadow Ball|p2a: Tinkaton
|-damage|p2a: Tinkaton|36/100
|-enditem|p2a: Tinkaton|Air Balloon
|
|upkeep
|turn|12
|
|t:|1743933457
|switch|p1a: Corviknight|Corviknight, M, shiny|27/100
|-damage|p1a: Corviknight|15/100|[from] Stealth Rock
|-ability|p1a: Corviknight|Pressure
|move|p2a: Tinkaton|Knock Off|p1a: Corviknight
|-damage|p1a: Corviknight|11/100
|
|-sideend|p1: Avoertioloko5|move: Light Screen
|upkeep
|turn|13
|
|t:|1743933469
|move|p2a: Tinkaton|Gigaton Hammer|p1a: Corviknight
|-resisted|p1a: Corviknight
|-damage|p1a: Corviknight|4/100
|move|p1a: Corviknight|Roost|p1a: Corviknight
|-heal|p1a: Corviknight|54/100
|-singleturn|p1a: Corviknight|move: Roost
|
|-sideend|p1: Avoertioloko5|Reflect
|upkeep
|turn|14
|
|t:|1743933477
|move|p2a: Tinkaton|Encore|p1a: Corviknight
|-start|p1a: Corviknight|Encore
|move|p1a: Corviknight|Roost|p1a: Corviknight
|-heal|p1a: Corviknight|100/100
|-singleturn|p1a: Corviknight|move: Roost
|
|upkeep
|turn|15
|
|t:|1743933509
|switch|p2a: Dragapult|Dragapult, M|100/100
|-damage|p2a: Dragapult|88/100|[from] Stealth Rock
|switch|p1a: Tinkaton|Tinkaton, F|76/100
|-damage|p1a: Tinkaton|70/100|[from] Stealth Rock
|-ability|p1a: Tinkaton|Mold Breaker
|
|-heal|p1a: Tinkaton|76/100|[from] item: Leftovers
|upkeep
|turn|16
|
|t:|1743933526
|switch|p2a: Whiscash|Whiscash, F|39/100
|-damage|p2a: Whiscash|33/100|[from] Stealth Rock
|move|p1a: Tinkaton|Thunder Wave|p2a: Whiscash
|-immune|p2a: Whiscash
|
|-heal|p1a: Tinkaton|83/100|[from] item: Leftovers
|upkeep
|turn|17
|
|t:|1743933534
|move|p1a: Tinkaton|Knock Off|p2a: Whiscash
|-damage|p2a: Whiscash|18/100
|-enditem|p2a: Whiscash|Aguav Berry|[from] move: Knock Off|[of] p1a: Tinkaton
|move|p2a: Whiscash|Spikes|p1a: Tinkaton
|-sidestart|p1: Avoertioloko5|Spikes
|
|-heal|p1a: Tinkaton|89/100|[from] item: Leftovers
|upkeep
|turn|18
|
|t:|1743933540
|move|p1a: Tinkaton|Gigaton Hammer|p2a: Whiscash
|-resisted|p2a: Whiscash
|-damage|p2a: Whiscash|0 fnt
|faint|p2a: Whiscash
|
|-heal|p1a: Tinkaton|95/100|[from] item: Leftovers
|upkeep
|
|t:|1743933544
|switch|p2a: Electrode|Electrode-Hisui|98/100
|-damage|p2a: Electrode|86/100|[from] Stealth Rock
|turn|19
|
|t:|1743933578
|switch|p1a: Bronzong|Bronzong|31/100
|-damage|p1a: Bronzong|25/100|[from] Stealth Rock
|move|p2a: Electrode|Leech Seed|p1a: Bronzong
|-start|p1a: Bronzong|move: Leech Seed
|
|-damage|p1a: Bronzong|12/100|[from] Leech Seed|[of] p2a: Electrode
|-heal|p2a: Electrode|100/100|[silent]
|upkeep
|turn|20
|
|t:|1743933587
|move|p2a: Electrode|Thunderbolt|p1a: Bronzong
|-damage|p1a: Bronzong|0 fnt
|faint|p1a: Bronzong
|
|upkeep
|
|t:|1743933593
|switch|p1a: Lucario|Lucario, M|100/100
|-damage|p1a: Lucario|98/100|[from] Stealth Rock
|-damage|p1a: Lucario|85/100|[from] Spikes
|turn|21
|
|t:|1743933602
|-terastallize|p2a: Electrode|Electric
|move|p2a: Electrode|Thunderbolt|p1a: Lucario
|-damage|p1a: Lucario|10/100
|move|p1a: Lucario|Close Combat|p2a: Electrode
|-damage|p2a: Electrode|0 fnt
|-unboost|p1a: Lucario|def|1
|-unboost|p1a: Lucario|spd|1
|-damage|p1a: Lucario|0 fnt|[from] ability: Aftermath|[of] p2a: Electrode
|faint|p2a: Electrode
|faint|p1a: Lucario
|
|upkeep
|
|t:|1743933618
|switch|p2a: Hitmontop|Hitmontop, M|100/100
|switch|p1a: Tinkaton|Tinkaton, F|95/100
|-damage|p2a: Hitmontop|94/100|[from] Stealth Rock
|-ability|p2a: Hitmontop|Intimidate|boost
|-unboost|p1a: Tinkaton|atk|1
|-damage|p1a: Tinkaton|89/100|[from] Stealth Rock
|-damage|p1a: Tinkaton|76/100|[from] Spikes
|-ability|p1a: Tinkaton|Mold Breaker
|turn|22
|
|t:|1743933631
|move|p2a: Hitmontop|Rapid Spin|p1a: Tinkaton
|-resisted|p1a: Tinkaton
|-damage|p1a: Tinkaton|70/100
|-boost|p2a: Hitmontop|spe|1
|-sideend|p2: vapeaureon|Stealth Rock|[from] move: Rapid Spin|[of] p2a: Hitmontop
|move|p1a: Tinkaton|Thunder Wave|p2a: Hitmontop
|-status|p2a: Hitmontop|par
|
|-heal|p1a: Tinkaton|76/100|[from] item: Leftovers
|-heal|p2a: Hitmontop|100/100 par|[from] item: Leftovers
|upkeep
|turn|23
|
|t:|1743933641
|move|p1a: Tinkaton|Stealth Rock|p2a: Hitmontop
|-sidestart|p2: vapeaureon|move: Stealth Rock
|cant|p2a: Hitmontop|par
|
|-heal|p1a: Tinkaton|83/100|[from] item: Leftovers
|upkeep
|turn|24
|
|t:|1743933646
|move|p1a: Tinkaton|Knock Off|p2a: Hitmontop
|-resisted|p2a: Hitmontop
|-damage|p2a: Hitmontop|93/100 par
|-enditem|p2a: Hitmontop|Leftovers|[from] move: Knock Off|[of] p1a: Tinkaton
|move|p2a: Hitmontop|Earthquake|p1a: Tinkaton
|-supereffective|p1a: Tinkaton
|-damage|p1a: Tinkaton|28/100
|
|-heal|p1a: Tinkaton|34/100|[from] item: Leftovers
|upkeep
|turn|25
|
|t:|1743933654
|switch|p1a: Corviknight|Corviknight, M, shiny|100/100
|-damage|p1a: Corviknight|88/100|[from] Stealth Rock
|-ability|p1a: Corviknight|Pressure
|cant|p2a: Hitmontop|par
|
|upkeep
|turn|26
|
|t:|1743933662
|switch|p2a: Tinkaton|Tinkaton, F|36/100
|-damage|p2a: Tinkaton|30/100|[from] Stealth Rock
|-ability|p2a: Tinkaton|Mold Breaker
|move|p1a: Corviknight|U-turn|p2a: Tinkaton
|-resisted|p2a: Tinkaton
|-damage|p2a: Tinkaton|25/100
|
|t:|1743933676
|switch|p1a: Gholdengo|Gholdengo|100/100|[from] U-turn
|-damage|p1a: Gholdengo|94/100|[from] Stealth Rock
|-item|p1a: Gholdengo|Air Balloon
|
|upkeep
|turn|27
|
|t:|1743933682
|move|p2a: Tinkaton|Knock Off|p1a: Gholdengo
|-supereffective|p1a: Gholdengo
|-damage|p1a: Gholdengo|42/100
|-enditem|p1a: Gholdengo|Air Balloon
|move|p1a: Gholdengo|Shadow Ball|p2a: Tinkaton
|-damage|p2a: Tinkaton|0 fnt
|faint|p2a: Tinkaton
|
|upkeep
|
|t:|1743933697
|switch|p2a: Dragapult|Dragapult, M|88/100
|-damage|p2a: Dragapult|76/100|[from] Stealth Rock
|turn|28
|
|t:|1743933706
|switch|p1a: Tinkaton|Tinkaton, F|34/100
|-damage|p1a: Tinkaton|28/100|[from] Stealth Rock
|-damage|p1a: Tinkaton|16/100|[from] Spikes
|-ability|p1a: Tinkaton|Mold Breaker
|move|p2a: Dragapult|Shadow Ball|p1a: Tinkaton
|-damage|p1a: Tinkaton|0 fnt
|faint|p1a: Tinkaton
|-damage|p2a: Dragapult|66/100|[from] item: Life Orb
|
|upkeep
|
|t:|1743933718
|switch|p1a: Kingambit|Kingambit, M, shiny|100/100
|-damage|p1a: Kingambit|94/100|[from] Stealth Rock
|-damage|p1a: Kingambit|82/100|[from] Spikes
|-activate|p1a: Kingambit|ability: Supreme Overlord
|-start|p1a: Kingambit|fallen3|[silent]
|turn|29
|
|t:|1743933726
|switch|p2a: Hitmontop|Hitmontop, M|93/100 par
|-damage|p2a: Hitmontop|86/100 par|[from] Stealth Rock
|-ability|p2a: Hitmontop|Intimidate|boost
|-unboost|p1a: Kingambit|atk|1
|move|p1a: Kingambit|Kowtow Cleave|p2a: Hitmontop
|-resisted|p2a: Hitmontop
|-damage|p2a: Hitmontop|56/100 par
|
|upkeep
|turn|30
|
|t:|1743933739
|-end|p1a: Kingambit|fallen3|[silent]
|switch|p1a: Corviknight|Corviknight, M, shiny|88/100
|-damage|p1a: Corviknight|76/100|[from] Stealth Rock
|-ability|p1a: Corviknight|Pressure
|move|p2a: Hitmontop|Close Combat|p1a: Corviknight
|-damage|p1a: Corviknight|53/100
|-unboost|p2a: Hitmontop|def|1
|-unboost|p2a: Hitmontop|spd|1
|
|upkeep
|turn|31
|
|t:|1743933748
|switch|p2a: Dragapult|Dragapult, M|66/100
|-damage|p2a: Dragapult|54/100|[from] Stealth Rock
|move|p1a: Corviknight|Brave Bird|p2a: Dragapult
|-damage|p2a: Dragapult|4/100
|-damage|p1a: Corviknight|40/100|[from] Recoil
|
|upkeep
|turn|32
|
|t:|1743933757
|move|p2a: Dragapult|Fire Blast|p1a: Corviknight
|-supereffective|p1a: Corviknight
|-damage|p1a: Corviknight|0 fnt
|faint|p1a: Corviknight
|-damage|p2a: Dragapult|0 fnt|[from] item: Life Orb
|faint|p2a: Dragapult
|
|upkeep
|
|t:|1743933766
|switch|p2a: Bombirdier|Bombirdier, M|100/100
|switch|p1a: Gholdengo|Gholdengo|42/100
|-damage|p1a: Gholdengo|36/100|[from] Stealth Rock
|-damage|p1a: Gholdengo|23/100|[from] Spikes
|-damage|p2a: Bombirdier|76/100|[from] Stealth Rock
|turn|33
|
|t:|1743933777
|move|p2a: Bombirdier|Sucker Punch|p1a: Gholdengo
|-supereffective|p1a: Gholdengo
|-damage|p1a: Gholdengo|0 fnt
|faint|p1a: Gholdengo
|
|upkeep
|
|t:|1743933781
|switch|p1a: Kingambit|Kingambit, M, shiny|82/100
|-damage|p1a: Kingambit|76/100|[from] Stealth Rock
|-damage|p1a: Kingambit|63/100|[from] Spikes
|-activate|p1a: Kingambit|ability: Supreme Overlord
|-start|p1a: Kingambit|fallen5|[silent]
|turn|34
|
|t:|1743933787
|switch|p2a: Hitmontop|Hitmontop, M|56/100 par
|-damage|p2a: Hitmontop|50/100 par|[from] Stealth Rock
|-ability|p2a: Hitmontop|Intimidate|boost
|-unboost|p1a: Kingambit|atk|1
|move|p1a: Kingambit|Swords Dance|p1a: Kingambit
|-boost|p1a: Kingambit|atk|2
|
|upkeep
|turn|35
|
|t:|1743933803
|-terastallize|p1a: Kingambit|Dark
|move|p2a: Hitmontop|Mach Punch|p1a: Kingambit
|-supereffective|p1a: Kingambit
|-damage|p1a: Kingambit|44/100
|move|p1a: Kingambit|Kowtow Cleave|p2a: Hitmontop
|-resisted|p2a: Hitmontop
|-damage|p2a: Hitmontop|0 fnt
|faint|p2a: Hitmontop
|
|upkeep
|
|t:|1743933810
|switch|p2a: Bombirdier|Bombirdier, M|76/100
|-damage|p2a: Bombirdier|51/100|[from] Stealth Rock
|turn|36
|
|t:|1743933816
|move|p1a: Kingambit|Sucker Punch|p2a: Bombirdier
|-resisted|p2a: Bombirdier
|-damage|p2a: Bombirdier|0 fnt
|faint|p2a: Bombirdier
|
|win|Avoertioloko5
|raw|Avoertioloko5's rating: 1140 &rarr; <strong>1163</strong><br />(+23 for winning)
|raw|vapeaureon's rating: 1117 &rarr; <strong>1094</strong><br />(-23 for losing)
|l|☆vapeaureon
|player|p2|
|l|☆Avoertioloko5
|player|p1|
