|j|☆GoombaJuiced
|j|☆coconutwader
|t:|1743921688
|gametype|singles
|player|p1|GoombaJuiced|170|1123
|player|p2|coconutwader|blue|1074
|teamsize|p1|6
|teamsize|p2|6
|gen|9
|tier|[Gen 9] OU
|rated|
|rule|HP Percentage Mod: HP is shown in percentages
|rule|Endless Battle Clause: Forcing endless battles is banned
|rule|Species Clause: Limit one of each Pokémon
|rule|OHKO Clause: OHKO moves are banned
|rule|Evasion Items Clause: Evasion items are banned
|rule|Evasion Moves Clause: Evasion moves are banned
|rule|Sleep Moves Clause: Sleep-inducing moves are banned
|clearpoke
|poke|p1|Cresselia, F|
|poke|p1|Rotom-Heat|
|poke|p1|Dachsbun, M|
|poke|p1|Scizor, F|
|poke|p1|Falinks|
|poke|p1|Dondozo, F|
|poke|p2|Dragapult, M|
|poke|p2|Ninetales, F|
|poke|p2|Walking Wake|
|poke|p2|Great Tusk|
|poke|p2|Whimsicott, F|
|poke|p2|Iron Valiant|
|teampreview
|
|t:|1743921696
|start
|switch|p1a: Scizor|Scizor, F|100/100
|switch|p2a: Whimsicott|Whimsicott, F|100/100
|turn|1
|inactive|Battle timer is ON: inactive players will automatically lose when time's up. (requested by GoombaJuiced)
|
|t:|1743921715
|switch|p2a: Ninetales|Ninetales, F|100/100
|-weather|SunnyDay|[from] ability: Drought|[of] p2a: Ninetales
|move|p1a: Scizor|U-turn|p2a: Ninetales
|-resisted|p2a: Ninetales
|-damage|p2a: Ninetales|54/100
|
|t:|1743921722
|switch|p1a: Dachsbun|Dachsbun, M|100/100|[from] U-turn
|
|-weather|SunnyDay|[upkeep]
|upkeep
|turn|2
|
|t:|1743921731
|move|p2a: Ninetales|Solar Beam||[still]
|-prepare|p2a: Ninetales|Solar Beam
|-anim|p2a: Ninetales|Solar Beam|p1a: Dachsbun
|-damage|p1a: Dachsbun|67/100
|move|p1a: Dachsbun|Stomping Tantrum|p2a: Ninetales
|-supereffective|p2a: Ninetales
|-damage|p2a: Ninetales|0 fnt
|faint|p2a: Ninetales
|
|-weather|SunnyDay|[upkeep]
|upkeep
|
|t:|1743921742
|switch|p2a: Walking Wake|Walking Wake|100/100
|-activate|p2a: Walking Wake|ability: Protosynthesis
|-start|p2a: Walking Wake|protosynthesisspe
|turn|3
|
|t:|1743921759
|switch|p1a: Dondozo|Dondozo, F|100/100
|-terastallize|p2a: Walking Wake|Water
|move|p2a: Walking Wake|Hydro Steam|p1a: Dondozo
|-resisted|p1a: Dondozo
|-damage|p1a: Dondozo|67/100
|
|-weather|SunnyDay|[upkeep]
|upkeep
|turn|4
|
|t:|1743921776
|-end|p2a: Walking Wake|Protosynthesis|[silent]
|switch|p2a: Whimsicott|Whimsicott, F|100/100
|move|p1a: Dondozo|Body Press|p2a: Whimsicott
|-resisted|p2a: Whimsicott
|-damage|p2a: Whimsicott|86/100
|
|-weather|SunnyDay|[upkeep]
|upkeep
|turn|5
|
|t:|1743921786
|move|p2a: Whimsicott|Tailwind|p2a: Whimsicott
|-sidestart|p2: coconutwader|move: Tailwind
|move|p1a: Dondozo|Avalanche|p2a: Whimsicott
|-supereffective|p2a: Whimsicott
|-damage|p2a: Whimsicott|47/100
|
|-weather|SunnyDay|[upkeep]
|upkeep
|turn|6
|
|t:|1743921802
|switch|p2a: Dragapult|Dragapult, M|100/100
|move|p1a: Dondozo|Avalanche|p2a: Dragapult
|-supereffective|p2a: Dragapult
|-damage|p2a: Dragapult|57/100
|
|-weather|SunnyDay|[upkeep]
|upkeep
|turn|7
|
|t:|1743921816
|move|p2a: Dragapult|Dragon Darts|p1a: Dondozo
|-damage|p1a: Dondozo|46/100
|-anim|p2a: Dragapult|Dragon Darts|p1a: Dondozo
|-crit|p1a: Dondozo
|-damage|p1a: Dondozo|14/100
|move|p1a: Dondozo|Avalanche|p2a: Dragapult
|-supereffective|p2a: Dragapult
|-damage|p2a: Dragapult|0 fnt
|faint|p2a: Dragapult
|
|-weather|SunnyDay|[upkeep]
|upkeep
|-message|coconutwader forfeited.
|
|win|GoombaJuiced
|raw|GoombaJuiced's rating: 1123 &rarr; <strong>1144</strong><br />(+21 for winning)
|raw|coconutwader's rating: 1074 &rarr; <strong>1056</strong><br />(-18 for losing)
|l|☆coconutwader
|player|p2|
|l|☆GoombaJuiced
|player|p1|
