|j|☆asw990117
|j|☆SzympiwDarkmaster
|t:|1743928820
|gametype|singles
|player|p1|asw990117|265|1093
|player|p2|SzympiwDarkmaster|unknown|1060
|teamsize|p1|6
|teamsize|p2|6
|gen|9
|tier|[Gen 9] OU
|rated|
|rule|HP Percentage Mod: HP is shown in percentages
|rule|Endless Battle Clause: Forcing endless battles is banned
|rule|Species Clause: Limit one of each Pokémon
|rule|OHKO Clause: OHKO moves are banned
|rule|Evasion Items Clause: Evasion items are banned
|rule|Evasion Moves Clause: Evasion moves are banned
|rule|Sleep Moves Clause: Sleep-inducing moves are banned
|clearpoke
|poke|p1|Breloom, M|
|poke|p1|Corviknight, F|
|poke|p1|Raging Bolt|
|poke|p1|Swampert, M|
|poke|p1|Blaziken, M|
|poke|p1|Dragonite, M|
|poke|p2|Metagross|
|poke|p2|Falinks|
|poke|p2|Armarouge, M|
|poke|p2|Toxtricity, F|
|poke|p2|Decidueye, M|
|poke|p2|Gliscor, M|
|teampreview
|
|t:|1743928837
|start
|switch|p1a: Swampert|Swampert, M|100/100
|switch|p2a: Gliscor|Gliscor, M, shiny|100/100
|turn|1
|
|t:|1743928842
|move|p2a: Gliscor|Toxic Spikes|p1a: Swampert
|-sidestart|p1: asw990117|move: Toxic Spikes
|move|p1a: Swampert|Ice Punch|p2a: Gliscor
|-supereffective|p2a: Gliscor
|-damage|p2a: Gliscor|15/100
|
|-heal|p2a: Gliscor|21/100|[from] item: Leftovers
|upkeep
|turn|2
|
|t:|1743928852
|move|p2a: Gliscor|X-Scissor|p1a: Swampert
|-damage|p1a: Swampert|80/100
|move|p1a: Swampert|Liquidation|p2a: Gliscor
|-supereffective|p2a: Gliscor
|-damage|p2a: Gliscor|0 fnt
|faint|p2a: Gliscor
|
|-heal|p1a: Swampert|86/100|[from] item: Leftovers
|upkeep
|
|t:|1743928865
|switch|p2a: Decidueye|Decidueye, M, shiny|100/100
|turn|3
|
|t:|1743928874
|switch|p1a: Corviknight|Corviknight, F|100/100
|move|p2a: Decidueye|Energy Ball|p1a: Corviknight
|-resisted|p1a: Corviknight
|-damage|p1a: Corviknight|94/100
|
|-heal|p1a: Corviknight|99/100|[from] item: Leftovers
|upkeep
|turn|4
|
|t:|1743928884
|switch|p2a: Armarouge|Armarouge, M|100/100
|move|p1a: Corviknight|Brave Bird|p2a: Armarouge
|-damage|p2a: Armarouge|62/100
|-damage|p1a: Corviknight|86/100|[from] Recoil
|
|-heal|p1a: Corviknight|92/100|[from] item: Leftovers
|upkeep
|turn|5
|
|t:|1743928894
|move|p2a: Armarouge|Armor Cannon|p1a: Corviknight
|-supereffective|p1a: Corviknight
|-damage|p1a: Corviknight|0 fnt
|-unboost|p2a: Armarouge|def|1
|-unboost|p2a: Armarouge|spd|1
|faint|p1a: Corviknight
|
|upkeep
|
|t:|1743928905
|switch|p1a: Dragonite|Dragonite, M|100/100
|turn|6
|
|t:|1743928910
|move|p1a: Dragonite|Earthquake|p2a: Armarouge
|-supereffective|p2a: Armarouge
|-damage|p2a: Armarouge|0 fnt
|faint|p2a: Armarouge
|
|upkeep
|
|t:|1743928915
|switch|p2a: Falinks|Falinks|100/100
|turn|7
|
|t:|1743928919
|move|p1a: Dragonite|Dragon Claw|p2a: Falinks
|-damage|p2a: Falinks|61/100
|move|p2a: Falinks|Rock Slide|p1a: Dragonite
|-supereffective|p1a: Dragonite
|-damage|p1a: Dragonite|78/100
|
|-heal|p1a: Dragonite|84/100|[from] item: Leftovers
|upkeep
|turn|8
|
|t:|1743928927
|move|p1a: Dragonite|Earthquake|p2a: Falinks
|-damage|p2a: Falinks|24/100
|move|p2a: Falinks|Rock Slide|p1a: Dragonite
|-supereffective|p1a: Dragonite
|-damage|p1a: Dragonite|39/100
|
|-heal|p1a: Dragonite|45/100|[from] item: Leftovers
|upkeep
|turn|9
|
|t:|1743928936
|move|p1a: Dragonite|Earthquake|p2a: Falinks
|-damage|p2a: Falinks|0 fnt
|faint|p2a: Falinks
|
|-heal|p1a: Dragonite|52/100|[from] item: Leftovers
|upkeep
|
|t:|1743928942
|switch|p2a: Toxtricity|Toxtricity, F|100/100
|turn|10
|
|t:|1743928945
|move|p1a: Dragonite|Earthquake|p2a: Toxtricity
|-supereffective|p2a: Toxtricity
|-damage|p2a: Toxtricity|0 fnt
|faint|p2a: Toxtricity
|
|-heal|p1a: Dragonite|58/100|[from] item: Leftovers
|upkeep
|
|t:|1743928952
|switch|p2a: Metagross|Metagross|100/100
|turn|11
|
|t:|1743928955
|move|p1a: Dragonite|Earthquake|p2a: Metagross
|-supereffective|p2a: Metagross
|-damage|p2a: Metagross|49/100
|move|p2a: Metagross|Psychic|p1a: Dragonite
|-damage|p1a: Dragonite|23/100
|
|-heal|p1a: Dragonite|30/100|[from] item: Leftovers
|-heal|p2a: Metagross|55/100|[from] item: Leftovers
|upkeep
|turn|12
|
|t:|1743928967
|move|p1a: Dragonite|Earthquake|p2a: Metagross
|-supereffective|p2a: Metagross
|-damage|p2a: Metagross|1/100
|move|p2a: Metagross|Psychic|p1a: Dragonite
|-damage|p1a: Dragonite|0 fnt
|faint|p1a: Dragonite
|
|-heal|p2a: Metagross|7/100|[from] item: Leftovers
|upkeep
|
|t:|1743929007
|switch|p1a: Blaziken|Blaziken, M|100/100
|-status|p1a: Blaziken|psn
|turn|13
|inactive|Battle timer is ON: inactive players will automatically lose when time's up. (requested by asw990117)
|
|t:|1743929012
|move|p1a: Blaziken|Brick Break|p2a: Metagross
|-damage|p2a: Metagross|0 fnt
|faint|p2a: Metagross
|
|-damage|p1a: Blaziken|88/100 psn|[from] psn
|-ability|p1a: Blaziken|Speed Boost|boost
|-boost|p1a: Blaziken|spe|1
|upkeep
|
|t:|1743929019
|switch|p2a: Decidueye|Decidueye, M, shiny|100/100
|turn|14
|
|t:|1743929025
|-terastallize|p2a: Decidueye|Grass
|move|p1a: Blaziken|Brick Break|p2a: Decidueye
|-damage|p2a: Decidueye|55/100
|move|p2a: Decidueye|Air Slash|p1a: Blaziken
|-supereffective|p1a: Blaziken
|-damage|p1a: Blaziken|42/100 psn
|
|-heal|p2a: Decidueye|61/100|[from] item: Leftovers
|-damage|p1a: Blaziken|29/100 psn|[from] psn
|-ability|p1a: Blaziken|Speed Boost|boost
|-boost|p1a: Blaziken|spe|1
|upkeep
|turn|15
|
|t:|1743929036
|move|p1a: Blaziken|Brick Break|p2a: Decidueye
|-damage|p2a: Decidueye|14/100
|move|p2a: Decidueye|Air Slash|p1a: Blaziken
|-supereffective|p1a: Blaziken
|-damage|p1a: Blaziken|0 fnt
|faint|p1a: Blaziken
|
|-heal|p2a: Decidueye|20/100|[from] item: Leftovers
|upkeep
|
|t:|1743929045
|switch|p1a: Raging Bolt|Raging Bolt|100/100
|-status|p1a: Raging Bolt|psn
|-enditem|p1a: Raging Bolt|Booster Energy
|-activate|p1a: Raging Bolt|ability: Protosynthesis|[fromitem]
|-start|p1a: Raging Bolt|protosynthesisspa
|turn|16
|
|t:|1743929052
|move|p1a: Raging Bolt|Thunderbolt|p2a: Decidueye
|-resisted|p2a: Decidueye
|-damage|p2a: Decidueye|0 fnt
|faint|p2a: Decidueye
|
|win|asw990117
|raw|asw990117's rating: 1093 &rarr; <strong>1117</strong><br />(+24 for winning)
|raw|SzympiwDarkmaster's rating: 1060 &rarr; <strong>1043</strong><br />(-17 for losing)
|l|☆asw990117
|player|p1|
|l|☆SzympiwDarkmaster
|player|p2|
