|j|☆GibbyJrSonSr
|j|☆Dread shed
|t:|1743922130
|gametype|singles
|player|p1|GibbyJrSonSr|clown|1050
|player|p2|Dread shed|ghetsis-gen5bw|1124
|teamsize|p1|6
|teamsize|p2|6
|gen|9
|tier|[Gen 9] OU
|rated|
|rule|HP Percentage Mod: HP is shown in percentages
|rule|Endless Battle Clause: Forcing endless battles is banned
|rule|Species Clause: Limit one of each Pokémon
|rule|OHKO Clause: OHKO moves are banned
|rule|Evasion Items Clause: Evasion items are banned
|rule|Evasion Moves Clause: Evasion moves are banned
|rule|Sleep Moves Clause: Sleep-inducing moves are banned
|clearpoke
|poke|p1|Houndoom, F|
|poke|p1|Torkoal, M|
|poke|p1|Leafeon, F|
|poke|p1|Suicune|
|poke|p1|Honchkrow, M|
|poke|p1|Weezing-Galar, F|
|poke|p2|Grimmsnarl, M|
|poke|p2|Weavile, F|
|poke|p2|Dragonite, M|
|poke|p2|Corviknight, M|
|poke|p2|Ogerpon-Cornerstone, F|
|poke|p2|Greninja-*, M|
|teampreview
|
|t:|1743922141
|start
|switch|p1a: Torkoal|Torkoal, M|100/100
|switch|p2a: Dragonite|Dragonite, M|100/100
|-weather|SunnyDay|[from] ability: Drought|[of] p1a: Torkoal
|turn|1
|
|t:|1743922151
|move|p2a: Dragonite|Extreme Speed|p1a: Torkoal
|-damage|p1a: Torkoal|68/100
|move|p1a: Torkoal|Stealth Rock|p2a: Dragonite
|-sidestart|p2: Dread shed|move: Stealth Rock
|
|-weather|SunnyDay|[upkeep]
|upkeep
|turn|2
|
|t:|1743922161
|switch|p2a: Greninja|Greninja, M|100/100
|-damage|p2a: Greninja|88/100|[from] Stealth Rock
|move|p1a: Torkoal|Lava Plume|p2a: Greninja
|-resisted|p2a: Greninja
|-damage|p2a: Greninja|49/100
|-status|p2a: Greninja|brn
|
|-weather|SunnyDay|[upkeep]
|-damage|p2a: Greninja|43/100 brn|[from] brn
|upkeep
|turn|3
|
|t:|1743922173
|switch|p1a: Suicune|Suicune|100/100
|-ability|p1a: Suicune|Pressure
|move|p2a: Greninja|Sludge Wave|p1a: Suicune
|-damage|p1a: Suicune|72/100
|
|-weather|SunnyDay|[upkeep]
|-damage|p2a: Greninja|37/100 brn|[from] brn
|upkeep
|turn|4
|
|t:|1743922182
|move|p2a: Greninja|Sludge Wave|p1a: Suicune
|-damage|p1a: Suicune|44/100
|move|p1a: Suicune|Calm Mind|p1a: Suicune
|-boost|p1a: Suicune|spa|1
|-boost|p1a: Suicune|spd|1
|
|-weather|SunnyDay|[upkeep]
|-damage|p2a: Greninja|31/100 brn|[from] brn
|upkeep
|turn|5
|
|t:|1743922190
|switch|p2a: Ogerpon|Ogerpon-Cornerstone, F|100/100
|-damage|p2a: Ogerpon|88/100|[from] Stealth Rock
|move|p1a: Suicune|Rest|p1a: Suicune
|-status|p1a: Suicune|slp|[from] move: Rest
|-heal|p1a: Suicune|100/100 slp|[silent]
|
|-weather|SunnyDay|[upkeep]
|upkeep
|turn|6
|
|t:|1743922201
|switch|p1a: Torkoal|Torkoal, M|68/100
|move|p2a: Ogerpon|Play Rough|p1a: Torkoal
|-resisted|p1a: Torkoal
|-damage|p1a: Torkoal|54/100
|-unboost|p1a: Torkoal|atk|1
|
|-weather|SunnyDay|[upkeep]
|upkeep
|turn|7
|
|t:|1743922209
|move|p2a: Ogerpon|Ivy Cudgel|p1a: Torkoal|[anim] Ivy Cudgel Rock
|-supereffective|p1a: Torkoal
|-damage|p1a: Torkoal|0 fnt
|faint|p1a: Torkoal
|
|-weather|SunnyDay|[upkeep]
|upkeep
|
|t:|1743922211
|switch|p1a: Leafeon|Leafeon, F|100/100
|turn|8
|
|t:|1743922220
|move|p1a: Leafeon|Solar Blade||[still]
|-prepare|p1a: Leafeon|Solar Blade
|-anim|p1a: Leafeon|Solar Blade|p2a: Ogerpon
|-damage|p2a: Ogerpon|10/100
|move|p2a: Ogerpon|Swords Dance|p2a: Ogerpon
|-boost|p2a: Ogerpon|atk|2
|
|-weather|none
|upkeep
|turn|9
|
|t:|1743922229
|move|p2a: Ogerpon|Ivy Cudgel|p1a: Leafeon|[anim] Ivy Cudgel Rock
|-crit|p1a: Leafeon
|-damage|p1a: Leafeon|0 fnt
|faint|p1a: Leafeon
|
|upkeep
|
|t:|1743922232
|switch|p1a: Honchkrow|Honchkrow, M|100/100
|turn|10
|
|t:|1743922237
|move|p1a: Honchkrow|Sucker Punch|p2a: Ogerpon
|-damage|p2a: Ogerpon|0 fnt
|faint|p2a: Ogerpon
|-ability|p1a: Honchkrow|Moxie|boost
|-boost|p1a: Honchkrow|atk|1
|
|upkeep
|
|t:|1743922243
|switch|p2a: Weavile|Weavile, F|100/100
|-damage|p2a: Weavile|76/100|[from] Stealth Rock
|turn|11
|
|t:|1743922249
|switch|p1a: Suicune|Suicune|100/100 slp
|-ability|p1a: Suicune|Pressure
|move|p2a: Weavile|Fake Out|p1a: Suicune
|-damage|p1a: Suicune|90/100 slp
|
|upkeep
|turn|12
|
|t:|1743922259
|move|p2a: Weavile|Ice Spinner|p1a: Suicune
|-resisted|p1a: Suicune
|-damage|p1a: Suicune|75/100 slp
|cant|p1a: Suicune|slp
|
|upkeep
|turn|13
|
|t:|1743922264
|move|p2a: Weavile|Shadow Claw|p1a: Suicune
|-damage|p1a: Suicune|57/100 slp
|cant|p1a: Suicune|slp
|
|upkeep
|turn|14
|
|t:|1743922269
|move|p2a: Weavile|Shadow Claw|p1a: Suicune
|-damage|p1a: Suicune|40/100 slp
|-curestatus|p1a: Suicune|slp|[msg]
|move|p1a: Suicune|Calm Mind|p1a: Suicune
|-boost|p1a: Suicune|spa|1
|-boost|p1a: Suicune|spd|1
|
|upkeep
|turn|15
|
|t:|1743922281
|switch|p2a: Corviknight|Corviknight, M|100/100
|-damage|p2a: Corviknight|88/100|[from] Stealth Rock
|move|p1a: Suicune|Rest|p1a: Suicune
|-status|p1a: Suicune|slp|[from] move: Rest
|-heal|p1a: Suicune|100/100 slp|[silent]
|
|upkeep
|turn|16
|
|t:|1743922292
|cant|p1a: Suicune|slp
|move|p1a: Suicune|Sleep Talk|p1a: Suicune
|move|p1a: Suicune|Rest||[from] move: Sleep Talk|[still]
|-fail|p1a: Suicune
|move|p2a: Corviknight|Iron Defense|p2a: Corviknight
|-boost|p2a: Corviknight|def|2
|
|upkeep
|turn|17
|
|t:|1743922301
|cant|p1a: Suicune|slp
|move|p1a: Suicune|Sleep Talk|p1a: Suicune
|move|p1a: Suicune|Rest||[from] move: Sleep Talk|[still]
|-fail|p1a: Suicune
|move|p2a: Corviknight|Iron Head|p1a: Suicune
|-resisted|p1a: Suicune
|-crit|p1a: Suicune
|-damage|p1a: Suicune|85/100 slp
|
|upkeep
|turn|18
|
|t:|1743922308
|-curestatus|p1a: Suicune|slp|[msg]
|move|p1a: Suicune|Scald|p2a: Corviknight
|-damage|p2a: Corviknight|38/100
|move|p2a: Corviknight|Drill Peck|p1a: Suicune
|-damage|p1a: Suicune|64/100
|
|upkeep
|turn|19
|
|t:|1743922317
|move|p1a: Suicune|Scald|p2a: Corviknight
|-damage|p2a: Corviknight|0 fnt
|faint|p2a: Corviknight
|
|upkeep
|
|t:|1743922322
|switch|p2a: Dragonite|Dragonite, M|100/100
|-damage|p2a: Dragonite|76/100|[from] Stealth Rock
|turn|20
|
|t:|1743922330
|move|p1a: Suicune|Scald|p2a: Dragonite
|-resisted|p2a: Dragonite
|-damage|p2a: Dragonite|53/100
|move|p2a: Dragonite|Dragon Claw|p1a: Suicune
|-damage|p1a: Suicune|14/100
|
|upkeep
|turn|21
|
|t:|1743922340
|-terastallize|p1a: Suicune|Fairy
|move|p1a: Suicune|Rest|p1a: Suicune
|-status|p1a: Suicune|slp|[from] move: Rest
|-heal|p1a: Suicune|100/100 slp|[silent]
|move|p2a: Dragonite|Dragon Claw|p1a: Suicune
|-immune|p1a: Suicune
|
|upkeep
|turn|22
|
|t:|1743922349
|switch|p2a: Grimmsnarl|Grimmsnarl, M|100/100
|-damage|p2a: Grimmsnarl|88/100|[from] Stealth Rock
|-item|p1a: Suicune|Heavy-Duty Boots|[from] ability: Frisk|[of] p2a: Grimmsnarl
|cant|p1a: Suicune|slp
|move|p1a: Suicune|Sleep Talk|p1a: Suicune
|move|p1a: Suicune|Scald|p2a: Grimmsnarl|[from] move: Sleep Talk
|-damage|p2a: Grimmsnarl|27/100
|
|upkeep
|turn|23
|
|t:|1743922364
|cant|p1a: Suicune|slp
|move|p1a: Suicune|Sleep Talk|p1a: Suicune
|move|p1a: Suicune|Calm Mind|p1a: Suicune|[from] move: Sleep Talk
|-boost|p1a: Suicune|spa|1
|-boost|p1a: Suicune|spd|1
|move|p2a: Grimmsnarl|Spirit Break|p1a: Suicune
|-damage|p1a: Suicune|62/100 slp
|-unboost|p1a: Suicune|spa|1
|
|upkeep
|turn|24
|
|t:|1743922373
|-curestatus|p1a: Suicune|slp|[msg]
|move|p1a: Suicune|Scald|p2a: Grimmsnarl
|-damage|p2a: Grimmsnarl|0 fnt
|faint|p2a: Grimmsnarl
|
|upkeep
|
|t:|1743922379
|switch|p2a: Dragonite|Dragonite, M|53/100
|-damage|p2a: Dragonite|28/100|[from] Stealth Rock
|turn|25
|
|t:|1743922383
|move|p1a: Suicune|Scald|p2a: Dragonite
|-resisted|p2a: Dragonite
|-damage|p2a: Dragonite|5/100
|move|p2a: Dragonite|Body Slam|p1a: Suicune
|-damage|p1a: Suicune|26/100
|-status|p1a: Suicune|par
|
|upkeep
|turn|26
|
|t:|1743922390
|move|p2a: Dragonite|Body Slam|p1a: Suicune
|-damage|p1a: Suicune|0 fnt
|faint|p1a: Suicune
|
|upkeep
|
|t:|1743922392
|switch|p1a: Weezing|Weezing-Galar, F|100/100
|-fieldstart|move: Misty Terrain|[from] ability: Misty Surge|[of] p1a: Weezing
|-item|p1a: Weezing|Air Balloon
|turn|27
|
|t:|1743922398
|move|p2a: Dragonite|Body Slam|p1a: Weezing
|-damage|p1a: Weezing|56/100
|-status|p1a: Weezing|par
|-enditem|p1a: Weezing|Air Balloon
|move|p1a: Weezing|Strange Steam|p2a: Dragonite
|-supereffective|p2a: Dragonite
|-damage|p2a: Dragonite|0 fnt
|faint|p2a: Dragonite
|
|upkeep
|
|t:|1743922407
|switch|p2a: Weavile|Weavile, F|76/100
|-damage|p2a: Weavile|51/100|[from] Stealth Rock
|turn|28
|
|t:|1743922411
|move|p2a: Weavile|Fake Out|p1a: Weezing
|-damage|p1a: Weezing|44/100 par
|cant|p1a: Weezing|flinch
|
|upkeep
|turn|29
|
|t:|1743922421
|move|p2a: Weavile|Ice Spinner|p1a: Weezing
|-damage|p1a: Weezing|6/100 par
|-fieldend|Misty Terrain
|move|p1a: Weezing|Strange Steam|p2a: Weavile
|-supereffective|p2a: Weavile
|-damage|p2a: Weavile|0 fnt
|faint|p2a: Weavile
|
|upkeep
|
|t:|1743922428
|switch|p2a: Greninja|Greninja, M|31/100 brn
|-damage|p2a: Greninja|18/100 brn|[from] Stealth Rock
|turn|30
|
|t:|1743922432
|switch|p1a: Houndoom|Houndoom, F|100/100
|move|p2a: Greninja|Water Shuriken|p1a: Houndoom
|-supereffective|p1a: Houndoom
|-damage|p1a: Houndoom|72/100
|-supereffective|p1a: Houndoom
|-damage|p1a: Houndoom|45/100
|-hitcount|p1a: Houndoom|2
|
|-damage|p2a: Greninja|12/100 brn|[from] brn
|upkeep
|turn|31
|
|t:|1743922440
|move|p2a: Greninja|Water Shuriken|p1a: Houndoom
|-supereffective|p1a: Houndoom
|-damage|p1a: Houndoom|17/100
|-supereffective|p1a: Houndoom
|-damage|p1a: Houndoom|0 fnt
|faint|p1a: Houndoom
|-ability|p2a: Greninja|Battle Bond|boost
|-boost|p2a: Greninja|atk|1
|-boost|p2a: Greninja|spa|1
|-boost|p2a: Greninja|spe|1
|-activate|p2a: Greninja|ability: Battle Bond
|-hitcount|p1: Houndoom|2
|
|-damage|p2a: Greninja|6/100 brn|[from] brn
|upkeep
|
|t:|1743922442
|switch|p1a: Weezing|Weezing-Galar, F|6/100 par
|-fieldstart|move: Misty Terrain|[from] ability: Misty Surge|[of] p1a: Weezing
|turn|32
|
|t:|1743922453
|move|p2a: Greninja|Water Shuriken|p1a: Weezing
|-damage|p1a: Weezing|0 fnt
|faint|p1a: Weezing
|-hitcount|p1: Weezing|1
|
|-damage|p2a: Greninja|0 fnt|[from] brn
|faint|p2a: Greninja
|
|win|GibbyJrSonSr
|raw|GibbyJrSonSr's rating: 1050 &rarr; <strong>1089</strong><br />(+39 for winning)
|raw|Dread shed's rating: 1124 &rarr; <strong>1094</strong><br />(-30 for losing)
|l|☆GibbyJrSonSr
|player|p1|
|l|☆Dread shed
|player|p2|
