|j|☆udiswihwsu
|j|☆vapeaureon
|t:|1743933103
|gametype|singles
|player|p1|udiswihwsu|lady-gen4|1077
|player|p2|vapeaureon|winona|1092
|teamsize|p1|6
|teamsize|p2|6
|gen|9
|tier|[Gen 9] OU
|rated|
|rule|HP Percentage Mod: HP is shown in percentages
|rule|Endless Battle Clause: Forcing endless battles is banned
|rule|Species Clause: Limit one of each Pokémon
|rule|OHKO Clause: OHKO moves are banned
|rule|Evasion Items Clause: Evasion items are banned
|rule|Evasion Moves Clause: Evasion moves are banned
|rule|Sleep Moves Clause: Sleep-inducing moves are banned
|clearpoke
|poke|p1|Azelf|
|poke|p1|Garchomp, F|
|poke|p1|Polteageist|
|poke|p1|Arcanine-Hisui, M|
|poke|p1|Meowscarada, F|
|poke|p1|Dragonite, M|
|poke|p2|Bombirdier, M|
|poke|p2|Dragapult, M|
|poke|p2|Whiscash, F|
|poke|p2|Hitmontop, M|
|poke|p2|Tinkaton, F|
|poke|p2|Electrode-Hisui|
|teampreview
|inactive|Battle timer is ON: inactive players will automatically lose when time's up. (requested by udiswihwsu)
|
|t:|1743933116
|start
|switch|p1a: Azelf|Azelf|100/100
|switch|p2a: Dragapult|Dragapult, M|100/100
|turn|1
|
|t:|1743933120
|move|p2a: Dragapult|Shadow Ball|p1a: Azelf
|-supereffective|p1a: Azelf
|-enditem|p1a: Azelf|Focus Sash
|-damage|p1a: Azelf|1/100
|-damage|p2a: Dragapult|91/100|[from] item: Life Orb
|move|p1a: Azelf|Thunder Wave|p2a: Dragapult
|-status|p2a: Dragapult|par
|
|upkeep
|turn|2
|
|t:|1743933131
|move|p1a: Azelf|Stealth Rock|p2a: Dragapult
|-sidestart|p2: vapeaureon|move: Stealth Rock
|cant|p2a: Dragapult|par
|
|upkeep
|turn|3
|
|t:|1743933139
|move|p1a: Azelf|Taunt|p2a: Dragapult
|-start|p2a: Dragapult|move: Taunt
|move|p2a: Dragapult|Shadow Ball|p1a: Azelf
|-supereffective|p1a: Azelf
|-crit|p1a: Azelf
|-damage|p1a: Azelf|0 fnt
|faint|p1a: Azelf
|-damage|p2a: Dragapult|81/100 par|[from] item: Life Orb
|
|upkeep
|
|t:|1743933149
|switch|p1a: Polteageist|Polteageist|100/100
|turn|4
|
|t:|1743933155
|move|p1a: Polteageist|Shell Smash|p1a: Polteageist
|-unboost|p1a: Polteageist|def|1
|-unboost|p1a: Polteageist|spd|1
|-boost|p1a: Polteageist|atk|2
|-boost|p1a: Polteageist|spa|2
|-boost|p1a: Polteageist|spe|2
|move|p2a: Dragapult|Shadow Ball|p1a: Polteageist
|-supereffective|p1a: Polteageist
|-enditem|p1a: Polteageist|Focus Sash
|-damage|p1a: Polteageist|1/100
|-unboost|p1a: Polteageist|spd|1
|-damage|p2a: Dragapult|71/100 par|[from] item: Life Orb
|
|upkeep
|turn|5
|
|t:|1743933173
|move|p1a: Polteageist|Shadow Ball|p2a: Dragapult
|-supereffective|p2a: Dragapult
|-damage|p2a: Dragapult|0 fnt
|faint|p2a: Dragapult
|
|upkeep
|
|t:|1743933176
|switch|p2a: Bombirdier|Bombirdier, M|100/100
|-damage|p2a: Bombirdier|76/100|[from] Stealth Rock
|turn|6
|
|t:|1743933182
|move|p2a: Bombirdier|Sucker Punch|p1a: Polteageist
|-supereffective|p1a: Polteageist
|-damage|p1a: Polteageist|0 fnt
|faint|p1a: Polteageist
|
|upkeep
|
|t:|1743933186
|switch|p1a: Arcanine|Arcanine-Hisui, M|100/100
|turn|7
|
|t:|1743933190
|switch|p2a: Whiscash|Whiscash, F|100/100
|-damage|p2a: Whiscash|94/100|[from] Stealth Rock
|move|p1a: Arcanine|Flare Blitz|p2a: Whiscash
|-resisted|p2a: Whiscash
|-damage|p2a: Whiscash|73/100
|
|upkeep
|turn|8
|
|t:|1743933196
|move|p1a: Arcanine|Head Smash|p2a: Whiscash
|-resisted|p2a: Whiscash
|-damage|p2a: Whiscash|44/100
|move|p2a: Whiscash|Stealth Rock|p1a: Arcanine
|-sidestart|p1: udiswihwsu|move: Stealth Rock
|
|upkeep
|turn|9
|
|t:|1743933204
|move|p1a: Arcanine|Double-Edge|p2a: Whiscash
|-damage|p2a: Whiscash|16/100
|-enditem|p2a: Whiscash|Aguav Berry|[eat]
|-heal|p2a: Whiscash|49/100|[from] item: Aguav Berry
|move|p2a: Whiscash|Earthquake|p1a: Arcanine
|-supereffective|p1a: Arcanine
|-enditem|p1a: Arcanine|Focus Sash
|-damage|p1a: Arcanine|1/100
|
|upkeep
|turn|10
|
|t:|1743933217
|move|p1a: Arcanine|Double-Edge|p2a: Whiscash
|-damage|p2a: Whiscash|18/100
|move|p2a: Whiscash|Spikes|p1a: Arcanine
|-sidestart|p1: udiswihwsu|Spikes
|
|upkeep
|turn|11
|
|t:|1743933222
|move|p1a: Arcanine|Double-Edge|p2a: Whiscash
|-damage|p2a: Whiscash|0 fnt
|faint|p2a: Whiscash
|
|upkeep
|
|t:|1743933231
|switch|p2a: Hitmontop|Hitmontop, M|100/100
|-damage|p2a: Hitmontop|94/100|[from] Stealth Rock
|-ability|p2a: Hitmontop|Intimidate|boost
|-unboost|p1a: Arcanine|atk|1
|turn|12
|
|t:|1743933238
|move|p1a: Arcanine|Flare Blitz|p2a: Hitmontop
|-damage|p2a: Hitmontop|47/100
|move|p2a: Hitmontop|Rapid Spin|p1a: Arcanine
|-resisted|p1a: Arcanine
|-damage|p1a: Arcanine|0 fnt
|-boost|p2a: Hitmontop|spe|1
|-sideend|p2: vapeaureon|Stealth Rock|[from] move: Rapid Spin|[of] p2a: Hitmontop
|faint|p1a: Arcanine
|
|-heal|p2a: Hitmontop|53/100|[from] item: Leftovers
|upkeep
|
|t:|1743933245
|switch|p1a: Garchomp|Garchomp, F|100/100
|-damage|p1a: Garchomp|94/100|[from] Stealth Rock
|-damage|p1a: Garchomp|82/100|[from] Spikes
|turn|13
|
|t:|1743933260
|move|p2a: Hitmontop|Close Combat|p1a: Garchomp
|-crit|p1a: Garchomp
|-damage|p1a: Garchomp|19/100
|-unboost|p2a: Hitmontop|def|1
|-unboost|p2a: Hitmontop|spd|1
|-damage|p2a: Hitmontop|40/100|[from] ability: Rough Skin|[of] p1a: Garchomp
|move|p1a: Garchomp|Swords Dance|p1a: Garchomp
|-boost|p1a: Garchomp|atk|2
|
|-heal|p2a: Hitmontop|47/100|[from] item: Leftovers
|upkeep
|turn|14
|
|t:|1743933269
|move|p2a: Hitmontop|Close Combat|p1a: Garchomp
|-damage|p1a: Garchomp|0 fnt
|-unboost|p2a: Hitmontop|def|1
|-unboost|p2a: Hitmontop|spd|1
|-damage|p2a: Hitmontop|34/100|[from] ability: Rough Skin|[of] p1a: Garchomp
|faint|p1a: Garchomp
|
|-heal|p2a: Hitmontop|40/100|[from] item: Leftovers
|upkeep
|
|t:|1743933272
|switch|p1a: Dragonite|Dragonite, M|100/100
|turn|15
|
|t:|1743933282
|switch|p2a: Tinkaton|Tinkaton, F|100/100
|-ability|p2a: Tinkaton|Mold Breaker
|-item|p2a: Tinkaton|Air Balloon
|move|p1a: Dragonite|Dragon Dance|p1a: Dragonite
|-boost|p1a: Dragonite|atk|1
|-boost|p1a: Dragonite|spe|1
|
|upkeep
|turn|16
|
|t:|1743933287
|move|p1a: Dragonite|Earthquake|p2a: Tinkaton
|-immune|p2a: Tinkaton
|move|p2a: Tinkaton|Encore|p1a: Dragonite
|-start|p1a: Dragonite|Encore
|
|upkeep
|turn|17
|-message|udiswihwsu forfeited.
|
|win|vapeaureon
|raw|udiswihwsu's rating: 1077 &rarr; <strong>1056</strong><br />(-21 for losing)
|raw|vapeaureon's rating: 1092 &rarr; <strong>1117</strong><br />(+25 for winning)
|l|☆udiswihwsu
|player|p1|
|l|☆vapeaureon
|player|p2|
