|j|☆temp2783
|j|☆BishopDonCLoco
|t:|1743924441
|gametype|singles
|player|p1|temp2783|2|1260
|player|p2|BishopDonCLoco|2|1270
|teamsize|p1|6
|teamsize|p2|6
|gen|9
|tier|[Gen 9] OU
|rated|
|rule|HP Percentage Mod: HP is shown in percentages
|rule|Endless Battle Clause: Forcing endless battles is banned
|rule|Species Clause: Limit one of each Pokémon
|rule|OHKO Clause: OHKO moves are banned
|rule|Evasion Items Clause: Evasion items are banned
|rule|Evasion Moves Clause: Evasion moves are banned
|rule|Sleep Moves Clause: Sleep-inducing moves are banned
|clearpoke
|poke|p1|Zamazenta-*|
|poke|p1|Gholdengo|
|poke|p1|Rillaboom, F|
|poke|p1|Glimmora, M|
|poke|p1|Great Tusk|
|poke|p1|Kyurem|
|poke|p2|Crawdaunt, M|
|poke|p2|Slowking-Galar, M|
|poke|p2|Kyurem|
|poke|p2|Cinderace, M|
|poke|p2|Iron Treads|
|poke|p2|Zapdos|
|teampreview
|
|t:|1743924450
|start
|switch|p1a: Glimmora|Glimmora, M|100/100
|switch|p2a: Pollie|Iron Treads, shiny|100/100
|turn|1
|
|t:|1743924460
|move|p2a: Pollie|Earthquake|p1a: Glimmora
|-supereffective|p1a: Glimmora
|-enditem|p1a: Glimmora|Focus Sash
|-damage|p1a: Glimmora|1/100
|-activate|p1a: Glimmora|ability: Toxic Debris
|-sidestart|p2: BishopDonCLoco|move: Toxic Spikes
|move|p1a: Glimmora|Stealth Rock|p2a: Pollie
|-sidestart|p2: BishopDonCLoco|move: Stealth Rock
|
|upkeep
|turn|2
|
|t:|1743924470
|switch|p1a: Gholdengo|Gholdengo|100/100
|-item|p1a: Gholdengo|Air Balloon
|move|p2a: Pollie|Rapid Spin|p1a: Gholdengo
|-immune|p1a: Gholdengo
|
|upkeep
|turn|3
|inactive|Battle timer is ON: inactive players will automatically lose when time's up. (requested by BishopDonCLoco)
|
|t:|1743924488
|-end|p2a: Pollie|Quark Drive|[silent]
|switch|p2a: Bugs|Cinderace, M|100/100
|move|p1a: Gholdengo|Nasty Plot|p1a: Gholdengo
|-boost|p1a: Gholdengo|spa|2
|
|upkeep
|turn|4
|
|t:|1743924496
|move|p2a: Bugs|Pyro Ball|p1a: Gholdengo|[miss]
|-miss|p2a: Bugs|p1a: Gholdengo
|move|p1a: Gholdengo|Shadow Ball|p2a: Bugs
|-damage|p2a: Bugs|0 fnt
|faint|p2a: Bugs
|
|upkeep
|inactive|BishopDonCLoco has 120 seconds left.
|
|t:|1743924530
|switch|p2a: Amp|Zapdos, shiny|100/100
|turn|5
|
|t:|1743924548
|move|p1a: Gholdengo|Shadow Ball|p2a: Amp
|-damage|p2a: Amp|14/100
|-unboost|p2a: Amp|spd|1
|move|p2a: Amp|Discharge|p1a: Gholdengo
|-damage|p1a: Gholdengo|63/100
|-enditem|p1a: Gholdengo|Air Balloon
|
|upkeep
|turn|6
|
|t:|1743924564
|switch|p2a: Pollie|Iron Treads, shiny|100/100
|-damage|p2a: Pollie|98/100|[from] Stealth Rock
|move|p1a: Gholdengo|Shadow Ball|p2a: Pollie
|-damage|p2a: Pollie|35/100
|
|upkeep
|turn|7
|
|t:|1743924575
|move|p2a: Pollie|Earthquake|p1a: Gholdengo
|-supereffective|p1a: Gholdengo
|-damage|p1a: Gholdengo|0 fnt
|faint|p1a: Gholdengo
|
|upkeep
|
|t:|1743924598
|switch|p1a: sweeper|Zamazenta|100/100
|-ability|p1a: sweeper|Dauntless Shield|boost
|-boost|p1a: sweeper|def|1
|turn|8
|
|t:|1743924604
|move|p1a: sweeper|Close Combat|p2a: Pollie
|-supereffective|p2a: Pollie
|-damage|p2a: Pollie|0 fnt
|-unboost|p1a: sweeper|def|1
|-unboost|p1a: sweeper|spd|1
|faint|p2a: Pollie
|-end|p2a: Pollie|Quark Drive|[silent]
|
|upkeep
|
|t:|1743924609
|switch|p2a: Kodak|Slowking-Galar, M, shiny|100/100
|-sideend|p2: BishopDonCLoco|move: Toxic Spikes|[of] p2a: Kodak
|-damage|p2a: Kodak|88/100|[from] Stealth Rock
|turn|9
|
|t:|1743924638
|move|p1a: sweeper|Crunch|p2a: Kodak
|-supereffective|p2a: Kodak
|-enditem|p2a: Kodak|Colbur Berry|[eat]
|-enditem|p2a: Kodak|Colbur Berry|[weaken]
|-damage|p2a: Kodak|61/100
|move|p2a: Kodak|Thunder Wave|p1a: sweeper
|-status|p1a: sweeper|par
|
|upkeep
|turn|10
|
|t:|1743924648
|cant|p1a: sweeper|par
|move|p2a: Kodak|Future Sight|p1a: sweeper
|-start|p2a: Kodak|move: Future Sight
|
|upkeep
|turn|11
|
|t:|1743924654
|move|p1a: sweeper|Crunch|p2a: Kodak
|-supereffective|p2a: Kodak
|-damage|p2a: Kodak|8/100
|move|p2a: Kodak|Sludge Bomb|p1a: sweeper
|-damage|p1a: sweeper|51/100 par
|
|upkeep
|turn|12
|
|t:|1743924668
|switch|p2a: Amp|Zapdos, shiny|14/100
|move|p1a: sweeper|Close Combat|p2a: Amp
|-resisted|p2a: Amp
|-damage|p2a: Amp|0 fnt
|-unboost|p1a: sweeper|def|1
|-unboost|p1a: sweeper|spd|1
|faint|p2a: Amp
|
|-end|p1a: sweeper|move: Future Sight
|-supereffective|p1a: sweeper
|-damage|p1a: sweeper|0 fnt
|faint|p1a: sweeper
|upkeep
|
|t:|1743924685
|switch|p1a: Rillaboom|Rillaboom, F|100/100
|switch|p2a: Grigori|Kyurem, shiny|100/100
|-damage|p2a: Grigori|76/100|[from] Stealth Rock
|-ability|p2a: Grigori|Pressure
|-fieldstart|move: Grassy Terrain|[from] ability: Grassy Surge|[of] p1a: Rillaboom
|turn|13
|
|t:|1743924695
|switch|p1a: Glimmora|Glimmora, M|1/100
|move|p2a: Grigori|Freeze-Dry|p1a: Glimmora
|-damage|p1a: Glimmora|0 fnt
|faint|p1a: Glimmora
|
|-heal|p2a: Grigori|82/100|[from] Grassy Terrain
|upkeep
|
|t:|1743924718
|switch|p1a: Kyurem|Kyurem|100/100
|-ability|p1a: Kyurem|Pressure
|turn|14
|
|t:|1743924724
|switch|p2a: Kodak|Slowking-Galar, M, shiny|41/100
|-damage|p2a: Kodak|29/100|[from] Stealth Rock
|-terastallize|p1a: Kyurem|Fire
|move|p1a: Kyurem|Dragon Dance|p1a: Kyurem
|-boost|p1a: Kyurem|atk|1
|-boost|p1a: Kyurem|spe|1
|
|-heal|p2a: Kodak|35/100|[from] Grassy Terrain
|upkeep
|turn|15
|
|t:|1743924738
|move|p1a: Kyurem|Scale Shot|p2a: Kodak
|-damage|p2a: Kodak|15/100
|-damage|p2a: Kodak|0 fnt
|faint|p2a: Kodak
|-hitcount|p2: Kodak|2
|-unboost|p1a: Kyurem|def|1
|-boost|p1a: Kyurem|spe|1
|
|upkeep
|
|t:|1743924741
|switch|p2a: Eugene|Crawdaunt, M|100/100
|-damage|p2a: Eugene|88/100|[from] Stealth Rock
|turn|16
|
|t:|1743924749
|-terastallize|p2a: Eugene|Water
|move|p2a: Eugene|Aqua Jet|p1a: Kyurem
|-supereffective|p1a: Kyurem
|-damage|p1a: Kyurem|0 fnt
|faint|p1a: Kyurem
|
|-heal|p2a: Eugene|94/100|[from] Grassy Terrain
|upkeep
|
|t:|1743924754
|switch|p1a: Rillaboom|Rillaboom, F|100/100
|turn|17
|inactive|temp2783 has 120 seconds left.
|
|t:|1743924791
|switch|p2a: Grigori|Kyurem, shiny|82/100
|-damage|p2a: Grigori|57/100|[from] Stealth Rock
|-ability|p2a: Grigori|Pressure
|move|p1a: Rillaboom|Grassy Glide|p2a: Grigori
|-resisted|p2a: Grigori
|-damage|p2a: Grigori|30/100
|
|-heal|p2a: Grigori|36/100|[from] Grassy Terrain
|-fieldend|move: Grassy Terrain
|upkeep
|turn|18
|inactive|temp2783 has 120 seconds left.
|
|t:|1743924805
|move|p2a: Grigori|Blizzard|p1a: Rillaboom
|-supereffective|p1a: Rillaboom
|-damage|p1a: Rillaboom|0 fnt
|faint|p1a: Rillaboom
|
|upkeep
|inactive|temp2783 has 120 seconds left.
|
|t:|1743924813
|switch|p1a: Great Tusk|Great Tusk|100/100
|turn|19
|
|t:|1743924817
|move|p2a: Grigori|Blizzard|p1a: Great Tusk|[miss]
|-miss|p2a: Grigori|p1a: Great Tusk
|move|p1a: Great Tusk|Earthquake|p2a: Grigori
|-crit|p2a: Grigori
|-damage|p2a: Grigori|0 fnt
|faint|p2a: Grigori
|
|upkeep
|
|t:|1743924823
|switch|p2a: Eugene|Crawdaunt, M, tera:Water|94/100
|-damage|p2a: Eugene|82/100|[from] Stealth Rock
|turn|20
|
|t:|1743924828
|move|p2a: Eugene|Aqua Jet|p1a: Great Tusk
|-supereffective|p1a: Great Tusk
|-damage|p1a: Great Tusk|36/100
|move|p1a: Great Tusk|Earthquake|p2a: Eugene
|-damage|p2a: Eugene|15/100
|
|-heal|p1a: Great Tusk|43/100|[from] item: Leftovers
|upkeep
|turn|21
|
|t:|1743924834
|move|p2a: Eugene|Aqua Jet|p1a: Great Tusk
|-supereffective|p1a: Great Tusk
|-damage|p1a: Great Tusk|0 fnt
|faint|p1a: Great Tusk
|-end|p1a: Great Tusk|Protosynthesis|[silent]
|
|win|BishopDonCLoco
|raw|temp2783's rating: 1260 &rarr; <strong>1236</strong><br />(-24 for losing)
|raw|BishopDonCLoco's rating: 1270 &rarr; <strong>1294</strong><br />(+24 for winning)
|c|☆temp2783|gg
|c|☆BishopDonCLoco|Gg
|c|☆BishopDonCLoco|thought I was cooked
