|badge|p2|silver|gen9ou|30-5
|uhtml|medal-msg|<div class="broadcast-blue">Curious what those medals under the avatar are? PS now has Ladder Seasons! For more information, check out the <a href="https://www.smogon.com/forums/threads/3740067/">thread on Smogon.</a></div>
|j|☆WangLinWL
|j|☆Trainer #39
|t:|1743931749
|gametype|singles
|player|p1|WangLinWL|lucas|1771
|player|p2|Trainer #39|pokemonbreeder|1923
|teamsize|p1|6
|teamsize|p2|6
|gen|9
|tier|[Gen 9] OU
|rated|
|rule|HP Percentage Mod: HP is shown in percentages
|rule|Endless Battle Clause: Forcing endless battles is banned
|rule|Species Clause: Limit one of each Pokémon
|rule|OHKO Clause: OHKO moves are banned
|rule|Evasion Items Clause: Evasion items are banned
|rule|Evasion Moves Clause: Evasion moves are banned
|rule|Sleep Moves Clause: Sleep-inducing moves are banned
|clearpoke
|poke|p1|Blissey, F|
|poke|p1|Clefable, F|
|poke|p1|Gliscor, F|
|poke|p1|Ting-Lu|
|poke|p1|Dondozo, F|
|poke|p1|Amoonguss, F|
|poke|p2|Blissey, F|
|poke|p2|Corviknight, F|
|poke|p2|Dondozo, M|
|poke|p2|Gliscor, M|
|poke|p2|Clefable, M|
|poke|p2|Slowking-Galar, M|
|teampreview
|inactive|Battle timer is ON: inactive players will automatically lose when time's up. (requested by WangLinWL)
|
|t:|1743931757
|start
|switch|p1a: Gliscor|Gliscor, F|100/100
|switch|p2a: Kanye|Slowking-Galar, M|100/100
|turn|1
|
|t:|1743931764
|move|p1a: Gliscor|Protect|p1a: Gliscor
|-singleturn|p1a: Gliscor|Protect
|move|p2a: Kanye|Trick|p1a: Gliscor
|-activate|p1a: Gliscor|move: Protect
|
|-status|p1a: Gliscor|tox|[from] item: Toxic Orb
|upkeep
|turn|2
|
|t:|1743931771
|switch|p1a: Clefable|Clefable, F|100/100
|move|p2a: Kanye|Trick|p1a: Clefable
|-activate|p2a: Kanye|move: Trick|[of] p1a: Clefable
|-item|p1a: Clefable|Choice Scarf|[from] move: Trick
|-item|p2a: Kanye|Sticky Barb|[from] move: Trick
|
|-damage|p2a: Kanye|88/100|[from] item: Sticky Barb
|upkeep
|turn|3
|
|t:|1743931779
|switch|p1a: Ting-Lu|Ting-Lu|100/100
|-ability|p1a: Ting-Lu|Vessel of Ruin
|switch|p2a: BIRDS OF A FEATHER|Corviknight, F|100/100
|-ability|p2a: BIRDS OF A FEATHER|Pressure
|
|upkeep
|turn|4
|
|t:|1743931784
|move|p2a: BIRDS OF A FEATHER|U-turn|p1a: Ting-Lu
|-supereffective|p1a: Ting-Lu
|-damage|p1a: Ting-Lu|85/100
|
|t:|1743931786
|switch|p2a: 🇮🇱=ter*orists|Gliscor, M|100/100|[from] U-turn
|move|p1a: Ting-Lu|Stealth Rock|p2a: 🇮🇱=ter*orists
|-sidestart|p2: Trainer #39|move: Stealth Rock
|
|-status|p2a: 🇮🇱=ter*orists|tox|[from] item: Toxic Orb
|upkeep
|turn|5
|
|t:|1743931788
|switch|p1a: Gliscor|Gliscor, F|100/100 tox
|move|p2a: 🇮🇱=ter*orists|Toxic|p1a: Gliscor
|-fail|p1a: Gliscor|tox
|
|upkeep
|turn|6
|j| jsnsddk
|c| jsnsddk|Staaallll....
|
|t:|1743931810
|switch|p2a: BIRDS OF A FEATHER|Corviknight, F|100/100
|-damage|p2a: BIRDS OF A FEATHER|88/100|[from] Stealth Rock
|-ability|p2a: BIRDS OF A FEATHER|Pressure
|move|p1a: Gliscor|Spikes|p2a: BIRDS OF A FEATHER
|-sidestart|p2: Trainer #39|Spikes
|
|upkeep
|turn|7
|j| union boss
|
|t:|1743931817
|move|p1a: Gliscor|Knock Off|p2a: BIRDS OF A FEATHER
|-damage|p2a: BIRDS OF A FEATHER|74/100
|-damage|p1a: Gliscor|84/100 tox|[from] item: Rocky Helmet|[of] p2a: BIRDS OF A FEATHER
|-enditem|p2a: BIRDS OF A FEATHER|Rocky Helmet|[from] move: Knock Off|[of] p1a: Gliscor
|move|p2a: BIRDS OF A FEATHER|Defog|p1a: Gliscor
|-unboost|p1a: Gliscor|evasion|1
|-sideend|p2: Trainer #39|Spikes|[from] move: Defog|[of] p2a: BIRDS OF A FEATHER
|-sideend|p2: Trainer #39|Stealth Rock|[from] move: Defog|[of] p2a: BIRDS OF A FEATHER
|
|-heal|p1a: Gliscor|97/100 tox|[from] ability: Poison Heal
|upkeep
|turn|8
|
|t:|1743931822
|move|p1a: Gliscor|Spikes|p2a: BIRDS OF A FEATHER
|-sidestart|p2: Trainer #39|Spikes
|move|p2a: BIRDS OF A FEATHER|U-turn|p1a: Gliscor
|-resisted|p1a: Gliscor
|-damage|p1a: Gliscor|93/100 tox
|
|t:|1743931824
|switch|p2a: Kanye|Slowking-Galar, M|100/100|[from] U-turn
|-damage|p2a: Kanye|88/100|[from] Spikes
|
|-heal|p1a: Gliscor|100/100 tox|[from] ability: Poison Heal
|-damage|p2a: Kanye|76/100|[from] item: Sticky Barb
|upkeep
|turn|9
|
|t:|1743931829
|switch|p1a: Ting-Lu|Ting-Lu|85/100
|-ability|p1a: Ting-Lu|Vessel of Ruin
|switch|p2a: BIRDS OF A FEATHER|Corviknight, F|74/100
|-ability|p2a: BIRDS OF A FEATHER|Pressure
|
|upkeep
|turn|10
|
|t:|1743931833
|switch|p1a: Gliscor|Gliscor, F|100/100 tox
|move|p2a: BIRDS OF A FEATHER|Brave Bird|p1a: Gliscor
|-damage|p1a: Gliscor|80/100 tox
|-damage|p2a: BIRDS OF A FEATHER|68/100|[from] Recoil
|
|-heal|p1a: Gliscor|93/100 tox|[from] ability: Poison Heal
|upkeep
|turn|11
|
|t:|1743931837
|switch|p1a: Ting-Lu|Ting-Lu|85/100
|-ability|p1a: Ting-Lu|Vessel of Ruin
|move|p2a: BIRDS OF A FEATHER|U-turn|p1a: Ting-Lu
|-supereffective|p1a: Ting-Lu
|-damage|p1a: Ting-Lu|70/100
|
|t:|1743931848
|switch|p2a: brat|Blissey, F|100/100|[from] U-turn
|
|upkeep
|turn|12
|
|t:|1743931853
|move|p2a: brat|Stealth Rock|p1a: Ting-Lu
|-sidestart|p1: WangLinWL|move: Stealth Rock
|move|p1a: Ting-Lu|Stealth Rock|p2a: brat
|-sidestart|p2: Trainer #39|move: Stealth Rock
|
|upkeep
|turn|13
|l| jsnsddk
|
|t:|1743931858
|switch|p2a: 🇮🇱=ter*orists|Gliscor, M|100/100 tox
|-damage|p2a: 🇮🇱=ter*orists|88/100 tox|[from] Stealth Rock
|switch|p1a: Gliscor|Gliscor, F|93/100 tox
|-damage|p1a: Gliscor|80/100 tox|[from] Stealth Rock
|
|-heal|p2a: 🇮🇱=ter*orists|100/100 tox|[from] ability: Poison Heal
|-heal|p1a: Gliscor|93/100 tox|[from] ability: Poison Heal
|upkeep
|turn|14
|
|t:|1743931865
|switch|p2a: BIRDS OF A FEATHER|Corviknight, F|68/100
|-damage|p2a: BIRDS OF A FEATHER|56/100|[from] Stealth Rock
|-ability|p2a: BIRDS OF A FEATHER|Pressure
|move|p1a: Gliscor|Spikes|p2a: BIRDS OF A FEATHER
|-sidestart|p2: Trainer #39|Spikes
|
|-heal|p1a: Gliscor|100/100 tox|[from] ability: Poison Heal
|upkeep
|turn|15
|
|t:|1743931875
|switch|p1a: Amoonguss|Amoonguss, F|100/100
|move|p2a: BIRDS OF A FEATHER|Brave Bird|p1a: Amoonguss
|-supereffective|p1a: Amoonguss
|-damage|p1a: Amoonguss|50/100
|-damage|p2a: BIRDS OF A FEATHER|38/100|[from] Recoil
|
|upkeep
|turn|16
|
|t:|1743931879
|switch|p1a: Gliscor|Gliscor, F|100/100 tox
|-damage|p1a: Gliscor|88/100 tox|[from] Stealth Rock
|move|p2a: BIRDS OF A FEATHER|Roost|p2a: BIRDS OF A FEATHER
|-heal|p2a: BIRDS OF A FEATHER|88/100
|-singleturn|p2a: BIRDS OF A FEATHER|move: Roost
|
|-heal|p1a: Gliscor|100/100 tox|[from] ability: Poison Heal
|upkeep
|turn|17
|
|t:|1743931885
|switch|p1a: Amoonguss|Amoonguss, F|84/100
|move|p2a: BIRDS OF A FEATHER|Brave Bird|p1a: Amoonguss
|-supereffective|p1a: Amoonguss
|-damage|p1a: Amoonguss|31/100
|-damage|p2a: BIRDS OF A FEATHER|70/100|[from] Recoil
|
|upkeep
|turn|18
|
|t:|1743931889
|switch|p1a: Gliscor|Gliscor, F|100/100 tox
|-damage|p1a: Gliscor|88/100 tox|[from] Stealth Rock
|move|p2a: BIRDS OF A FEATHER|Brave Bird|p1a: Gliscor
|-damage|p1a: Gliscor|65/100 tox
|-damage|p2a: BIRDS OF A FEATHER|63/100|[from] Recoil
|
|-heal|p1a: Gliscor|77/100 tox|[from] ability: Poison Heal
|upkeep
|turn|19
|j| Undenuen
|
|t:|1743931894
|move|p1a: Gliscor|Protect|p1a: Gliscor
|-singleturn|p1a: Gliscor|Protect
|move|p2a: BIRDS OF A FEATHER|Brave Bird|p1a: Gliscor
|-activate|p1a: Gliscor|move: Protect
|
|-heal|p1a: Gliscor|90/100 tox|[from] ability: Poison Heal
|upkeep
|turn|20
|
|t:|1743931899
|switch|p1a: Amoonguss|Amoonguss, F|64/100
|move|p2a: BIRDS OF A FEATHER|Brave Bird|p1a: Amoonguss
|-supereffective|p1a: Amoonguss
|-damage|p1a: Amoonguss|15/100
|-damage|p2a: BIRDS OF A FEATHER|45/100|[from] Recoil
|
|upkeep
|turn|21
|
|t:|1743931901
|switch|p1a: Gliscor|Gliscor, F|90/100 tox
|-damage|p1a: Gliscor|77/100 tox|[from] Stealth Rock
|move|p2a: BIRDS OF A FEATHER|Brave Bird|p1a: Gliscor
|-damage|p1a: Gliscor|54/100 tox
|-damage|p2a: BIRDS OF A FEATHER|39/100|[from] Recoil
|
|-heal|p1a: Gliscor|66/100 tox|[from] ability: Poison Heal
|upkeep
|turn|22
|
|t:|1743931906
|switch|p1a: Amoonguss|Amoonguss, F|49/100
|move|p2a: BIRDS OF A FEATHER|Roost|p2a: BIRDS OF A FEATHER
|-heal|p2a: BIRDS OF A FEATHER|89/100
|-singleturn|p2a: BIRDS OF A FEATHER|move: Roost
|
|upkeep
|turn|23
|
|t:|1743931908
|switch|p1a: Gliscor|Gliscor, F|66/100 tox
|-damage|p1a: Gliscor|54/100 tox|[from] Stealth Rock
|move|p2a: BIRDS OF A FEATHER|Brave Bird|p1a: Gliscor
|-damage|p1a: Gliscor|32/100 tox
|-damage|p2a: BIRDS OF A FEATHER|82/100|[from] Recoil
|
|-heal|p1a: Gliscor|45/100 tox|[from] ability: Poison Heal
|upkeep
|turn|24
|
|t:|1743931910
|move|p1a: Gliscor|Protect|p1a: Gliscor
|-singleturn|p1a: Gliscor|Protect
|move|p2a: BIRDS OF A FEATHER|Brave Bird|p1a: Gliscor
|-activate|p1a: Gliscor|move: Protect
|
|-heal|p1a: Gliscor|57/100 tox|[from] ability: Poison Heal
|upkeep
|turn|25
|
|t:|1743931916
|switch|p1a: Clefable|Clefable, F|100/100
|move|p2a: BIRDS OF A FEATHER|Brave Bird|p1a: Clefable
|-damage|p1a: Clefable|71/100
|-damage|p2a: BIRDS OF A FEATHER|73/100|[from] Recoil
|
|upkeep
|turn|26
|
|t:|1743931919
|move|p1a: Clefable|Moonlight|p1a: Clefable
|-heal|p1a: Clefable|100/100
|move|p2a: BIRDS OF A FEATHER|Brave Bird|p1a: Clefable
|-damage|p1a: Clefable|74/100
|-damage|p2a: BIRDS OF A FEATHER|64/100|[from] Recoil
|
|upkeep
|turn|27
|
|t:|1743931923
|switch|p1a: Dondozo|Dondozo, F|100/100
|move|p2a: BIRDS OF A FEATHER|Brave Bird|p1a: Dondozo
|-damage|p1a: Dondozo|85/100
|-damage|p2a: BIRDS OF A FEATHER|58/100|[from] Recoil
|
|upkeep
|turn|28
|
|t:|1743931926
|switch|p1a: Gliscor|Gliscor, F|57/100 tox
|-damage|p1a: Gliscor|45/100 tox|[from] Stealth Rock
|move|p2a: BIRDS OF A FEATHER|Brave Bird|p1a: Gliscor
|-damage|p1a: Gliscor|24/100 tox
|-damage|p2a: BIRDS OF A FEATHER|52/100|[from] Recoil
|
|-heal|p1a: Gliscor|37/100 tox|[from] ability: Poison Heal
|upkeep
|turn|29
|
|t:|1743931928
|move|p1a: Gliscor|Protect|p1a: Gliscor
|-singleturn|p1a: Gliscor|Protect
|move|p2a: BIRDS OF A FEATHER|Roost|p2a: BIRDS OF A FEATHER
|-heal|p2a: BIRDS OF A FEATHER|100/100
|-singleturn|p2a: BIRDS OF A FEATHER|move: Roost
|
|-heal|p1a: Gliscor|49/100 tox|[from] ability: Poison Heal
|upkeep
|turn|30
|
|t:|1743931941
|move|p1a: Gliscor|Spikes|p2a: BIRDS OF A FEATHER
|-sidestart|p2: Trainer #39|Spikes
|move|p2a: BIRDS OF A FEATHER|Brave Bird|p1a: Gliscor
|-damage|p1a: Gliscor|26/100 tox
|-damage|p2a: BIRDS OF A FEATHER|94/100|[from] Recoil
|
|-heal|p1a: Gliscor|39/100 tox|[from] ability: Poison Heal
|upkeep
|turn|31
|
|t:|1743931943
|move|p1a: Gliscor|Protect|p1a: Gliscor
|-singleturn|p1a: Gliscor|Protect
|move|p2a: BIRDS OF A FEATHER|Brave Bird|p1a: Gliscor
|-activate|p1a: Gliscor|move: Protect
|
|-heal|p1a: Gliscor|51/100 tox|[from] ability: Poison Heal
|upkeep
|turn|32
|
|t:|1743931950
|move|p1a: Gliscor|Spikes||[still]
|-fail|p1a: Gliscor
|move|p2a: BIRDS OF A FEATHER|Brave Bird|p1a: Gliscor
|-damage|p1a: Gliscor|30/100 tox
|-damage|p2a: BIRDS OF A FEATHER|88/100|[from] Recoil
|
|-heal|p1a: Gliscor|43/100 tox|[from] ability: Poison Heal
|upkeep
|turn|33
|
|t:|1743931959
|move|p1a: Gliscor|Protect|p1a: Gliscor
|-singleturn|p1a: Gliscor|Protect
|move|p2a: BIRDS OF A FEATHER|Brave Bird|p1a: Gliscor
|-activate|p1a: Gliscor|move: Protect
|
|-heal|p1a: Gliscor|55/100 tox|[from] ability: Poison Heal
|upkeep
|turn|34
|
|t:|1743931967
|switch|p1a: Ting-Lu|Ting-Lu|70/100
|-ability|p1a: Ting-Lu|Vessel of Ruin
|move|p2a: BIRDS OF A FEATHER|Defog|p1a: Ting-Lu
|-unboost|p1a: Ting-Lu|evasion|1
|-sideend|p1: WangLinWL|Stealth Rock|[from] move: Defog|[of] p2a: BIRDS OF A FEATHER
|-sideend|p2: Trainer #39|Spikes|[from] move: Defog|[of] p2a: BIRDS OF A FEATHER
|-sideend|p2: Trainer #39|Stealth Rock|[from] move: Defog|[of] p2a: BIRDS OF A FEATHER
|
|upkeep
|turn|35
|
|t:|1743931970
|move|p2a: BIRDS OF A FEATHER|U-turn|p1a: Ting-Lu
|-supereffective|p1a: Ting-Lu
|-damage|p1a: Ting-Lu|53/100
|
|t:|1743931973
|switch|p2a: brat|Blissey, F|100/100|[from] U-turn
|move|p1a: Ting-Lu|Stealth Rock|p2a: brat
|-sidestart|p2: Trainer #39|move: Stealth Rock
|
|upkeep
|turn|36
|
|t:|1743931978
|move|p2a: brat|Stealth Rock|p1a: Ting-Lu
|-sidestart|p1: WangLinWL|move: Stealth Rock
|move|p1a: Ting-Lu|Earthquake|p2a: brat
|-damage|p2a: brat|64/100
|
|upkeep
|turn|37
|
|t:|1743931981
|switch|p2a: 🇮🇱=ter*orists|Gliscor, M|100/100 tox
|-damage|p2a: 🇮🇱=ter*orists|88/100 tox|[from] Stealth Rock
|switch|p1a: Gliscor|Gliscor, F|55/100 tox
|-damage|p1a: Gliscor|43/100 tox|[from] Stealth Rock
|
|-heal|p2a: 🇮🇱=ter*orists|100/100 tox|[from] ability: Poison Heal
|-heal|p1a: Gliscor|55/100 tox|[from] ability: Poison Heal
|upkeep
|turn|38
|
|t:|1743931986
|switch|p2a: BIRDS OF A FEATHER|Corviknight, F|88/100
|-damage|p2a: BIRDS OF A FEATHER|75/100|[from] Stealth Rock
|-ability|p2a: BIRDS OF A FEATHER|Pressure
|switch|p1a: Clefable|Clefable, F|74/100
|
|upkeep
|turn|39
|
|t:|1743931990
|switch|p2a: 🇮🇱=ter*orists|Gliscor, M|100/100 tox
|-damage|p2a: 🇮🇱=ter*orists|88/100 tox|[from] Stealth Rock
|move|p1a: Clefable|Wish|p1a: Clefable
|
|-heal|p2a: 🇮🇱=ter*orists|100/100 tox|[from] ability: Poison Heal
|upkeep
|turn|40
|j| iamfrhaan007
|
|t:|1743931994
|switch|p2a: Kanye|Slowking-Galar, M|100/100
|-damage|p2a: Kanye|88/100|[from] Stealth Rock
|switch|p1a: Gliscor|Gliscor, F|55/100 tox
|-damage|p1a: Gliscor|43/100 tox|[from] Stealth Rock
|
|-heal|p1a: Gliscor|99/100 tox|[from] move: Wish|[wisher] Clefable
|-heal|p1a: Gliscor|100/100 tox|[from] ability: Poison Heal
|-damage|p2a: Kanye|76/100|[from] item: Sticky Barb
|upkeep
|turn|41
|
|t:|1743931998
|switch|p1a: Clefable|Clefable, F|74/100
|switch|p2a: 🇮🇱=ter*orists|Gliscor, M|100/100 tox
|-damage|p2a: 🇮🇱=ter*orists|88/100 tox|[from] Stealth Rock
|
|-heal|p2a: 🇮🇱=ter*orists|100/100 tox|[from] ability: Poison Heal
|upkeep
|turn|42
|
|t:|1743932004
|switch|p1a: Gliscor|Gliscor, F|100/100 tox
|-damage|p1a: Gliscor|88/100 tox|[from] Stealth Rock
|move|p2a: 🇮🇱=ter*orists|Earthquake|p1a: Gliscor
|-immune|p1a: Gliscor
|
|-heal|p1a: Gliscor|100/100 tox|[from] ability: Poison Heal
|upkeep
|turn|43
|
|t:|1743932008
|switch|p2a: BIRDS OF A FEATHER|Corviknight, F|75/100
|-damage|p2a: BIRDS OF A FEATHER|63/100|[from] Stealth Rock
|-ability|p2a: BIRDS OF A FEATHER|Pressure
|switch|p1a: Clefable|Clefable, F|74/100
|
|upkeep
|turn|44
|j| OneHitKoAlways
|
|t:|1743932013
|move|p1a: Clefable|Moonlight|p1a: Clefable
|-heal|p1a: Clefable|100/100
|move|p2a: BIRDS OF A FEATHER|Brave Bird|p1a: Clefable
|-damage|p1a: Clefable|72/100
|-damage|p2a: BIRDS OF A FEATHER|54/100|[from] Recoil
|
|upkeep
|turn|45
|
|t:|1743932017
|move|p1a: Clefable|Moonlight|p1a: Clefable
|-heal|p1a: Clefable|100/100
|move|p2a: BIRDS OF A FEATHER|Brave Bird|p1a: Clefable
|-damage|p1a: Clefable|71/100
|-damage|p2a: BIRDS OF A FEATHER|44/100|[from] Recoil
|
|upkeep
|turn|46
|
|t:|1743932020
|move|p1a: Clefable|Moonlight|p1a: Clefable
|-heal|p1a: Clefable|100/100
|move|p2a: BIRDS OF A FEATHER|Roost|p2a: BIRDS OF A FEATHER
|-heal|p2a: BIRDS OF A FEATHER|94/100
|-singleturn|p2a: BIRDS OF A FEATHER|move: Roost
|
|upkeep
|turn|47
|
|t:|1743932023
|switch|p1a: Gliscor|Gliscor, F|100/100 tox
|-damage|p1a: Gliscor|88/100 tox|[from] Stealth Rock
|move|p2a: BIRDS OF A FEATHER|U-turn|p1a: Gliscor
|-resisted|p1a: Gliscor
|-damage|p1a: Gliscor|84/100 tox
|
|t:|1743932026
|switch|p2a: brat|Blissey, F|64/100|[from] U-turn
|
|-heal|p1a: Gliscor|97/100 tox|[from] ability: Poison Heal
|upkeep
|turn|48
|
|t:|1743932028
|switch|p2a: 🇮🇱=ter*orists|Gliscor, M|100/100 tox
|-damage|p2a: 🇮🇱=ter*orists|88/100 tox|[from] Stealth Rock
|move|p1a: Gliscor|Knock Off|p2a: 🇮🇱=ter*orists
|-damage|p2a: 🇮🇱=ter*orists|74/100 tox
|-enditem|p2a: 🇮🇱=ter*orists|Toxic Orb|[from] move: Knock Off|[of] p1a: Gliscor
|
|-heal|p2a: 🇮🇱=ter*orists|87/100 tox|[from] ability: Poison Heal
|-heal|p1a: Gliscor|100/100 tox|[from] ability: Poison Heal
|upkeep
|turn|49
|
|t:|1743932032
|switch|p2a: BIRDS OF A FEATHER|Corviknight, F|94/100
|-damage|p2a: BIRDS OF A FEATHER|82/100|[from] Stealth Rock
|-ability|p2a: BIRDS OF A FEATHER|Pressure
|move|p1a: Gliscor|Spikes|p2a: BIRDS OF A FEATHER
|-sidestart|p2: Trainer #39|Spikes
|
|upkeep
|turn|50
|
|t:|1743932034
|switch|p1a: Clefable|Clefable, F|100/100
|move|p2a: BIRDS OF A FEATHER|Brave Bird|p1a: Clefable
|-damage|p1a: Clefable|71/100
|-damage|p2a: BIRDS OF A FEATHER|72/100|[from] Recoil
|
|upkeep
|turn|51
|c| iamfrhaan007|This will take 200 turns at least
|
|t:|1743932037
|move|p1a: Clefable|Moonlight|p1a: Clefable
|-heal|p1a: Clefable|100/100
|move|p2a: BIRDS OF A FEATHER|U-turn|p1a: Clefable
|-resisted|p1a: Clefable
|-damage|p1a: Clefable|94/100
|l| iamfrhaan007
|
|t:|1743932042
|switch|p2a: Kanye|Slowking-Galar, M|100/100|[from] U-turn
|-damage|p2a: Kanye|88/100|[from] Stealth Rock
|-damage|p2a: Kanye|76/100|[from] Spikes
|
|-damage|p2a: Kanye|63/100|[from] item: Sticky Barb
|upkeep
|turn|52
|
|t:|1743932049
|move|p1a: Clefable|Moonlight|p1a: Clefable
|-heal|p1a: Clefable|100/100
|move|p2a: Kanye|Future Sight|p1a: Clefable
|-start|p2a: Kanye|move: Future Sight
|
|-damage|p2a: Kanye|51/100|[from] item: Sticky Barb
|upkeep
|turn|53
|
|t:|1743932053
|switch|p1a: Gliscor|Gliscor, F|100/100 tox
|-damage|p1a: Gliscor|88/100 tox|[from] Stealth Rock
|move|p2a: Kanye|Sludge Bomb|p1a: Gliscor
|-resisted|p1a: Gliscor
|-damage|p1a: Gliscor|68/100 tox
|
|-heal|p1a: Gliscor|81/100 tox|[from] ability: Poison Heal
|-damage|p2a: Kanye|39/100|[from] item: Sticky Barb
|upkeep
|turn|54
|
|t:|1743932057
|switch|p1a: Ting-Lu|Ting-Lu|53/100
|-ability|p1a: Ting-Lu|Vessel of Ruin
|switch|p2a: 🇮🇱=ter*orists|Gliscor, M|87/100 tox
|-damage|p2a: 🇮🇱=ter*orists|74/100 tox|[from] Stealth Rock
|
|-end|p1a: Ting-Lu|move: Future Sight
|-immune|p1a: Ting-Lu
|-heal|p2a: 🇮🇱=ter*orists|87/100 tox|[from] ability: Poison Heal
|upkeep
|turn|55
|j| Brutal Legend
|
|t:|1743932062
|switch|p1a: Clefable|Clefable, F|100/100
|move|p2a: 🇮🇱=ter*orists|Toxic|p1a: Clefable|[miss]
|-miss|p2a: 🇮🇱=ter*orists|p1a: Clefable
|
|-heal|p2a: 🇮🇱=ter*orists|99/100 tox|[from] ability: Poison Heal
|upkeep
|turn|56
|
|t:|1743932067
|switch|p1a: Gliscor|Gliscor, F|81/100 tox
|-damage|p1a: Gliscor|68/100 tox|[from] Stealth Rock
|move|p2a: 🇮🇱=ter*orists|Earthquake|p1a: Gliscor
|-immune|p1a: Gliscor
|
|-heal|p2a: 🇮🇱=ter*orists|100/100 tox|[from] ability: Poison Heal
|-heal|p1a: Gliscor|81/100 tox|[from] ability: Poison Heal
|upkeep
|turn|57
|
|t:|1743932071
|switch|p2a: BIRDS OF A FEATHER|Corviknight, F|72/100
|-damage|p2a: BIRDS OF A FEATHER|60/100|[from] Stealth Rock
|-ability|p2a: BIRDS OF A FEATHER|Pressure
|switch|p1a: Clefable|Clefable, F|100/100
|
|upkeep
|turn|58
|
|t:|1743932075
|move|p1a: Clefable|Moonblast|p2a: BIRDS OF A FEATHER
|-resisted|p2a: BIRDS OF A FEATHER
|-damage|p2a: BIRDS OF A FEATHER|45/100
|-unboost|p2a: BIRDS OF A FEATHER|spa|1
|move|p2a: BIRDS OF A FEATHER|Brave Bird|p1a: Clefable
|-damage|p1a: Clefable|72/100
|-damage|p2a: BIRDS OF A FEATHER|35/100|[from] Recoil
|
|upkeep
|turn|59
|
|t:|1743932082
|move|p1a: Clefable|Moonblast|p2a: BIRDS OF A FEATHER
|-resisted|p2a: BIRDS OF A FEATHER
|-damage|p2a: BIRDS OF A FEATHER|20/100
|move|p2a: BIRDS OF A FEATHER|Roost|p2a: BIRDS OF A FEATHER
|-heal|p2a: BIRDS OF A FEATHER|70/100
|-singleturn|p2a: BIRDS OF A FEATHER|move: Roost
|
|upkeep
|turn|60
|
|t:|1743932085
|switch|p1a: Gliscor|Gliscor, F|81/100 tox
|-damage|p1a: Gliscor|68/100 tox|[from] Stealth Rock
|move|p2a: BIRDS OF A FEATHER|U-turn|p1a: Gliscor
|-resisted|p1a: Gliscor
|-damage|p1a: Gliscor|64/100 tox
|
|t:|1743932088
|switch|p2a: 🇮🇱=ter*orists|Gliscor, M|100/100 tox|[from] U-turn
|-damage|p2a: 🇮🇱=ter*orists|88/100 tox|[from] Stealth Rock
|
|-heal|p2a: 🇮🇱=ter*orists|100/100 tox|[from] ability: Poison Heal
|-heal|p1a: Gliscor|77/100 tox|[from] ability: Poison Heal
|upkeep
|turn|61
|
|t:|1743932092
|switch|p2a: BIRDS OF A FEATHER|Corviknight, F|70/100
|-damage|p2a: BIRDS OF A FEATHER|58/100|[from] Stealth Rock
|-ability|p2a: BIRDS OF A FEATHER|Pressure
|switch|p1a: Clefable|Clefable, F|72/100
|
|upkeep
|turn|62
|
|t:|1743932096
|move|p1a: Clefable|Wish|p1a: Clefable
|move|p2a: BIRDS OF A FEATHER|Roost|p2a: BIRDS OF A FEATHER
|-heal|p2a: BIRDS OF A FEATHER|100/100
|-singleturn|p2a: BIRDS OF A FEATHER|move: Roost
|
|upkeep
|turn|63
|
|t:|1743932098
|move|p1a: Clefable|Wish||[still]
|-fail|p1a: Clefable
|move|p2a: BIRDS OF A FEATHER|U-turn|p1a: Clefable
|-resisted|p1a: Clefable
|-damage|p1a: Clefable|66/100
|
|t:|1743932100
|switch|p2a: Kanye|Slowking-Galar, M|72/100|[from] U-turn
|-damage|p2a: Kanye|59/100|[from] Stealth Rock
|-damage|p2a: Kanye|47/100|[from] Spikes
|
|-heal|p1a: Clefable|100/100|[from] move: Wish|[wisher] Clefable
|-damage|p2a: Kanye|35/100|[from] item: Sticky Barb
|upkeep
|turn|64
|
|t:|1743932104
|move|p1a: Clefable|Wish|p1a: Clefable
|move|p2a: Kanye|Sludge Bomb|p1a: Clefable
|-supereffective|p1a: Clefable
|-damage|p1a: Clefable|32/100
|
|-damage|p2a: Kanye|22/100|[from] item: Sticky Barb
|upkeep
|turn|65
|
|t:|1743932109
|switch|p2a: Charli xcx|Clefable, M|100/100
|move|p1a: Clefable|Wish||[still]
|-fail|p1a: Clefable
|
|-heal|p1a: Clefable|82/100|[from] move: Wish|[wisher] Clefable
|upkeep
|turn|66
|
|t:|1743932111
|switch|p1a: Gliscor|Gliscor, F|77/100 tox
|-damage|p1a: Gliscor|64/100 tox|[from] Stealth Rock
|move|p2a: Charli xcx|Wish|p2a: Charli xcx
|
|-heal|p1a: Gliscor|77/100 tox|[from] ability: Poison Heal
|upkeep
|turn|67
|
|t:|1743932118
|switch|p2a: BIRDS OF A FEATHER|Corviknight, F|100/100
|-damage|p2a: BIRDS OF A FEATHER|88/100|[from] Stealth Rock
|-ability|p2a: BIRDS OF A FEATHER|Pressure
|move|p1a: Gliscor|Protect||[still]
|-fail|p1a: Gliscor
|
|-heal|p2a: BIRDS OF A FEATHER|100/100|[from] move: Wish|[wisher] Charli xcx
|-heal|p1a: Gliscor|89/100 tox|[from] ability: Poison Heal
|upkeep
|turn|68
|
|t:|1743932123
|switch|p1a: Clefable|Clefable, F|82/100
|move|p2a: BIRDS OF A FEATHER|Defog|p1a: Clefable
|-unboost|p1a: Clefable|evasion|1
|-sideend|p1: WangLinWL|Stealth Rock|[from] move: Defog|[of] p2a: BIRDS OF A FEATHER
|-sideend|p2: Trainer #39|Spikes|[from] move: Defog|[of] p2a: BIRDS OF A FEATHER
|-sideend|p2: Trainer #39|Stealth Rock|[from] move: Defog|[of] p2a: BIRDS OF A FEATHER
|
|upkeep
|turn|69
|
|t:|1743932127
|switch|p1a: Ting-Lu|Ting-Lu|53/100
|-ability|p1a: Ting-Lu|Vessel of Ruin
|switch|p2a: brat|Blissey, F|64/100
|
|upkeep
|turn|70
|
|t:|1743932130
|move|p2a: brat|Stealth Rock|p1a: Ting-Lu
|-sidestart|p1: WangLinWL|move: Stealth Rock
|move|p1a: Ting-Lu|Stealth Rock|p2a: brat
|-sidestart|p2: Trainer #39|move: Stealth Rock
|
|upkeep
|turn|71
|
|t:|1743932135
|switch|p1a: Gliscor|Gliscor, F|89/100 tox
|-damage|p1a: Gliscor|77/100 tox|[from] Stealth Rock
|move|p2a: brat|Soft-Boiled|p2a: brat
|-heal|p2a: brat|100/100
|
|-heal|p1a: Gliscor|89/100 tox|[from] ability: Poison Heal
|upkeep
|turn|72
|
|t:|1743932138
|switch|p2a: 🇮🇱=ter*orists|Gliscor, M|100/100 tox
|-damage|p2a: 🇮🇱=ter*orists|88/100 tox|[from] Stealth Rock
|move|p1a: Gliscor|Spikes|p2a: 🇮🇱=ter*orists
|-sidestart|p2: Trainer #39|Spikes
|
|-heal|p2a: 🇮🇱=ter*orists|100/100 tox|[from] ability: Poison Heal
|-heal|p1a: Gliscor|100/100 tox|[from] ability: Poison Heal
|upkeep
|turn|73
|c| Brutal Legend|https://pokepast.es/05550cc491422776
|c|☆WangLinWL|no need
|inactive|WangLinWL has 120 seconds left.
|
|t:|1743932170
|switch|p2a: BIRDS OF A FEATHER|Corviknight, F|100/100
|-damage|p2a: BIRDS OF A FEATHER|88/100|[from] Stealth Rock
|-ability|p2a: BIRDS OF A FEATHER|Pressure
|switch|p1a: Amoonguss|Amoonguss, F|82/100
|
|upkeep
|turn|74
|
|t:|1743932178
|move|p2a: BIRDS OF A FEATHER|Brave Bird|p1a: Amoonguss
|-supereffective|p1a: Amoonguss
|-damage|p1a: Amoonguss|26/100
|-damage|p2a: BIRDS OF A FEATHER|68/100|[from] Recoil
|move|p1a: Amoonguss|Foul Play|p2a: BIRDS OF A FEATHER
|-damage|p2a: BIRDS OF A FEATHER|57/100
|
|upkeep
|turn|75
|
|t:|1743932184
|switch|p1a: Gliscor|Gliscor, F|100/100 tox
|-damage|p1a: Gliscor|88/100 tox|[from] Stealth Rock
|move|p2a: BIRDS OF A FEATHER|U-turn|p1a: Gliscor
|-resisted|p1a: Gliscor
|-damage|p1a: Gliscor|84/100 tox
|
|t:|1743932187
|switch|p2a: 🇮🇱=ter*orists|Gliscor, M|100/100 tox|[from] U-turn
|-damage|p2a: 🇮🇱=ter*orists|88/100 tox|[from] Stealth Rock
|
|-heal|p2a: 🇮🇱=ter*orists|100/100 tox|[from] ability: Poison Heal
|-heal|p1a: Gliscor|96/100 tox|[from] ability: Poison Heal
|upkeep
|turn|76
|
|t:|1743932194
|switch|p2a: BIRDS OF A FEATHER|Corviknight, F|57/100
|-damage|p2a: BIRDS OF A FEATHER|45/100|[from] Stealth Rock
|-ability|p2a: BIRDS OF A FEATHER|Pressure
|switch|p1a: Amoonguss|Amoonguss, F|60/100
|
|upkeep
|turn|77
|
|t:|1743932199
|switch|p1a: Gliscor|Gliscor, F|96/100 tox
|-damage|p1a: Gliscor|84/100 tox|[from] Stealth Rock
|move|p2a: BIRDS OF A FEATHER|Roost|p2a: BIRDS OF A FEATHER
|-heal|p2a: BIRDS OF A FEATHER|95/100
|-singleturn|p2a: BIRDS OF A FEATHER|move: Roost
|
|-heal|p1a: Gliscor|96/100 tox|[from] ability: Poison Heal
|upkeep
|turn|78
|
|t:|1743932206
|switch|p1a: Ting-Lu|Ting-Lu|53/100
|-ability|p1a: Ting-Lu|Vessel of Ruin
|move|p2a: BIRDS OF A FEATHER|Defog|p1a: Ting-Lu
|-unboost|p1a: Ting-Lu|evasion|1
|-sideend|p1: WangLinWL|Stealth Rock|[from] move: Defog|[of] p2a: BIRDS OF A FEATHER
|-sideend|p2: Trainer #39|Spikes|[from] move: Defog|[of] p2a: BIRDS OF A FEATHER
|-sideend|p2: Trainer #39|Stealth Rock|[from] move: Defog|[of] p2a: BIRDS OF A FEATHER
|
|upkeep
|turn|79
|
|t:|1743932211
|move|p2a: BIRDS OF A FEATHER|Brave Bird|p1a: Ting-Lu
|-damage|p1a: Ting-Lu|33/100
|-damage|p2a: BIRDS OF A FEATHER|86/100|[from] Recoil
|move|p1a: Ting-Lu|Stealth Rock|p2a: BIRDS OF A FEATHER
|-sidestart|p2: Trainer #39|move: Stealth Rock
|
|upkeep
|turn|80
|
|t:|1743932216
|move|p2a: BIRDS OF A FEATHER|Defog|p1a: Ting-Lu
|-unboost|p1a: Ting-Lu|evasion|1
|-sideend|p2: Trainer #39|Stealth Rock|[from] move: Defog|[of] p2a: BIRDS OF A FEATHER
|move|p1a: Ting-Lu|Rest|p1a: Ting-Lu
|-status|p1a: Ting-Lu|slp|[from] move: Rest
|-heal|p1a: Ting-Lu|100/100 slp|[silent]
|
|upkeep
|turn|81
|
|t:|1743932220
|switch|p1a: Gliscor|Gliscor, F|96/100 tox
|move|p2a: BIRDS OF A FEATHER|U-turn|p1a: Gliscor
|-resisted|p1a: Gliscor
|-damage|p1a: Gliscor|92/100 tox
|
|t:|1743932222
|switch|p2a: Kanye|Slowking-Galar, M|55/100|[from] U-turn
|
|-heal|p1a: Gliscor|100/100 tox|[from] ability: Poison Heal
|-damage|p2a: Kanye|43/100|[from] item: Sticky Barb
|upkeep
|turn|82
|
|t:|1743932225
|switch|p1a: Clefable|Clefable, F|82/100
|switch|p2a: BIRDS OF A FEATHER|Corviknight, F|86/100
|-ability|p2a: BIRDS OF A FEATHER|Pressure
|
|upkeep
|turn|83
|
|t:|1743932233
|move|p1a: Clefable|Wish|p1a: Clefable
|move|p2a: BIRDS OF A FEATHER|U-turn|p1a: Clefable
|-resisted|p1a: Clefable
|-damage|p1a: Clefable|77/100
|
|t:|1743932235
|switch|p2a: Kanye|Slowking-Galar, M|76/100|[from] U-turn
|
|-damage|p2a: Kanye|64/100|[from] item: Sticky Barb
|upkeep
|turn|84
|
|t:|1743932238
|switch|p1a: Ting-Lu|Ting-Lu|100/100 slp
|-ability|p1a: Ting-Lu|Vessel of Ruin
|move|p2a: Kanye|Trick|p1a: Ting-Lu
|-activate|p2a: Kanye|move: Trick|[of] p1a: Ting-Lu
|-item|p1a: Ting-Lu|Sticky Barb|[from] move: Trick
|-item|p2a: Kanye|Heavy-Duty Boots|[from] move: Trick
|
|-damage|p1a: Ting-Lu|88/100 slp|[from] item: Sticky Barb
|upkeep
|turn|85
|
|t:|1743932244
|switch|p2a: brat|Blissey, F|100/100
|cant|p1a: Ting-Lu|slp
|
|-damage|p1a: Ting-Lu|76/100 slp|[from] item: Sticky Barb
|upkeep
|turn|86
|
|t:|1743932247
|move|p2a: brat|Stealth Rock|p1a: Ting-Lu
|-sidestart|p1: WangLinWL|move: Stealth Rock
|cant|p1a: Ting-Lu|slp
|
|-damage|p1a: Ting-Lu|63/100 slp|[from] item: Sticky Barb
|upkeep
|turn|87
|
|t:|1743932250
|switch|p2a: BIRDS OF A FEATHER|Corviknight, F|86/100
|-ability|p2a: BIRDS OF A FEATHER|Pressure
|-curestatus|p1a: Ting-Lu|slp|[msg]
|move|p1a: Ting-Lu|Stealth Rock|p2a: BIRDS OF A FEATHER
|-sidestart|p2: Trainer #39|move: Stealth Rock
|
|-damage|p1a: Ting-Lu|51/100|[from] item: Sticky Barb
|upkeep
|turn|88
|
|t:|1743932252
|move|p2a: BIRDS OF A FEATHER|Defog|p1a: Ting-Lu
|-unboost|p1a: Ting-Lu|evasion|1
|-sideend|p1: WangLinWL|Stealth Rock|[from] move: Defog|[of] p2a: BIRDS OF A FEATHER
|-sideend|p2: Trainer #39|Stealth Rock|[from] move: Defog|[of] p2a: BIRDS OF A FEATHER
|move|p1a: Ting-Lu|Rest|p1a: Ting-Lu
|-status|p1a: Ting-Lu|slp|[from] move: Rest
|-heal|p1a: Ting-Lu|100/100 slp|[silent]
|
|-damage|p1a: Ting-Lu|88/100 slp|[from] item: Sticky Barb
|upkeep
|turn|89
|
|t:|1743932256
|switch|p2a: brat|Blissey, F|100/100
|switch|p1a: Gliscor|Gliscor, F|100/100 tox
|
|upkeep
|turn|90
|
|t:|1743932259
|switch|p2a: BIRDS OF A FEATHER|Corviknight, F|86/100
|-ability|p2a: BIRDS OF A FEATHER|Pressure
|move|p1a: Gliscor|Spikes|p2a: BIRDS OF A FEATHER
|-sidestart|p2: Trainer #39|Spikes
|
|upkeep
|turn|91
|
|t:|1743932269
|switch|p2a: 🇮🇱=ter*orists|Gliscor, M|100/100 tox
|move|p1a: Gliscor|Spikes|p2a: 🇮🇱=ter*orists
|-sidestart|p2: Trainer #39|Spikes
|
|upkeep
|turn|92
|
|t:|1743932274
|switch|p2a: BIRDS OF A FEATHER|Corviknight, F|86/100
|-ability|p2a: BIRDS OF A FEATHER|Pressure
|switch|p1a: Amoonguss|Amoonguss, F|93/100
|
|upkeep
|turn|93
|
|t:|1743932277
|switch|p2a: brat|Blissey, F|100/100
|move|p1a: Amoonguss|Foul Play|p2a: brat
|-damage|p2a: brat|98/100
|
|upkeep
|turn|94
|
|t:|1743932280
|move|p2a: brat|Stealth Rock|p1a: Amoonguss
|-sidestart|p1: WangLinWL|move: Stealth Rock
|move|p1a: Amoonguss|Toxic|p2a: brat
|-status|p2a: brat|tox
|
|-damage|p2a: brat|92/100 tox|[from] psn
|upkeep
|turn|95
|
|t:|1743932282
|-curestatus|p2a: brat|tox|[from] ability: Natural Cure
|switch|p2a: Kanye|Slowking-Galar, M|97/100
|move|p1a: Amoonguss|Foul Play|p2a: Kanye
|-supereffective|p2a: Kanye
|-damage|p2a: Kanye|67/100
|
|upkeep
|turn|96
|j| iamfrhaan007
|
|t:|1743932288
|move|p2a: Kanye|Future Sight|p1a: Amoonguss
|-start|p2a: Kanye|move: Future Sight
|move|p1a: Amoonguss|Foul Play|p2a: Kanye
|-supereffective|p2a: Kanye
|-damage|p2a: Kanye|40/100
|
|upkeep
|turn|97
|c|☆Trainer #39|it's joever
|
|t:|1743932297
|switch|p2a: 🇮🇱=ter*orists|Gliscor, M|100/100 tox
|move|p1a: Amoonguss|Foul Play|p2a: 🇮🇱=ter*orists
|-damage|p2a: 🇮🇱=ter*orists|89/100 tox
|
|-heal|p2a: 🇮🇱=ter*orists|100/100 tox|[from] ability: Poison Heal
|upkeep
|turn|98
|
|t:|1743932304
|switch|p2a: Kanye|Slowking-Galar, M|73/100
|switch|p1a: Ting-Lu|Ting-Lu|88/100 slp
|-damage|p1a: Ting-Lu|82/100 slp|[from] Stealth Rock
|-ability|p1a: Ting-Lu|Vessel of Ruin
|
|-end|p1a: Ting-Lu|move: Future Sight
|-immune|p1a: Ting-Lu
|-damage|p1a: Ting-Lu|69/100 slp|[from] item: Sticky Barb
|upkeep
|turn|99
|
|t:|1743932308
|switch|p2a: BIRDS OF A FEATHER|Corviknight, F|86/100
|-ability|p2a: BIRDS OF A FEATHER|Pressure
|switch|p1a: Amoonguss|Amoonguss, F|100/100
|
|upkeep
|turn|100
|
|t:|1743932314
|switch|p2a: Kanye|Slowking-Galar, M|100/100
|switch|p1a: Gliscor|Gliscor, F|100/100 tox
|-damage|p1a: Gliscor|88/100 tox|[from] Stealth Rock
|
|-heal|p1a: Gliscor|100/100 tox|[from] ability: Poison Heal
|upkeep
|turn|101
WangLinWL is offering a tie.
|c|☆Trainer #39|lol
|c|☆WangLinWL|lol
|l| Brutal Legend
|inactive|WangLinWL has 120 seconds left.
|
|t:|1743932365
|switch|p2a: BIRDS OF A FEATHER|Corviknight, F|86/100
|-ability|p2a: BIRDS OF A FEATHER|Pressure
|move|p1a: Gliscor|Knock Off|p2a: BIRDS OF A FEATHER
|-damage|p2a: BIRDS OF A FEATHER|77/100
|
|upkeep
|turn|102
|
|t:|1743932369
|switch|p2a: 🇮🇱=ter*orists|Gliscor, M|100/100 tox
|move|p1a: Gliscor|Spikes|p2a: 🇮🇱=ter*orists
|-sidestart|p2: Trainer #39|Spikes
|
|upkeep
|turn|103
|
|t:|1743932375
|switch|p2a: BIRDS OF A FEATHER|Corviknight, F|77/100
|-ability|p2a: BIRDS OF A FEATHER|Pressure
|switch|p1a: Ting-Lu|Ting-Lu|69/100 slp
|-damage|p1a: Ting-Lu|63/100 slp|[from] Stealth Rock
|-ability|p1a: Ting-Lu|Vessel of Ruin
|
|-damage|p1a: Ting-Lu|51/100 slp|[from] item: Sticky Barb
|upkeep
|turn|104
|
|t:|1743932385
|switch|p2a: Charli xcx|Clefable, M|100/100
|switch|p1a: Amoonguss|Amoonguss, F|100/100
|
|upkeep
|turn|105
|
|t:|1743932390
|switch|p2a: Kanye|Slowking-Galar, M|100/100
|switch|p1a: Clefable|Clefable, F|77/100
|
|upkeep
|turn|106
|
|t:|1743932394
|switch|p1a: Blissey|Blissey, F|100/100
|move|p2a: Kanye|Sludge Bomb|p1a: Blissey
|-damage|p1a: Blissey|91/100
|
|upkeep
|turn|107
|
|t:|1743932397
|move|p2a: Kanye|Future Sight|p1a: Blissey
|-start|p2a: Kanye|move: Future Sight
|move|p1a: Blissey|Seismic Toss|p2a: Kanye
|-damage|p2a: Kanye|72/100
|
|upkeep
|turn|108
|
|t:|1743932400
|move|p2a: Kanye|Sludge Bomb|p1a: Blissey
|-damage|p1a: Blissey|81/100
|move|p1a: Blissey|Seismic Toss|p2a: Kanye
|-damage|p2a: Kanye|43/100
|
|upkeep
|turn|109
|
|t:|1743932404
|move|p2a: Kanye|Sludge Bomb|p1a: Blissey
|-damage|p1a: Blissey|71/100
|move|p1a: Blissey|Seismic Toss|p2a: Kanye
|-damage|p2a: Kanye|14/100
|
|-end|p1a: Blissey|move: Future Sight
|-damage|p1a: Blissey|58/100
|upkeep
|turn|110
|
|t:|1743932408
|switch|p2a: 🇮🇱=ter*orists|Gliscor, M|100/100 tox
|move|p1a: Blissey|Soft-Boiled|p1a: Blissey
|-heal|p1a: Blissey|100/100
|
|upkeep
|turn|111
|
|t:|1743932411
|switch|p2a: Kanye|Slowking-Galar, M|47/100
|move|p1a: Blissey|Seismic Toss|p2a: Kanye
|-damage|p2a: Kanye|18/100
|
|upkeep
|turn|112
|
|t:|1743932418
|switch|p2a: 🇮🇱=ter*orists|Gliscor, M|100/100 tox
|switch|p1a: Gliscor|Gliscor, F|100/100 tox
|-damage|p1a: Gliscor|88/100 tox|[from] Stealth Rock
|
|-heal|p1a: Gliscor|100/100 tox|[from] ability: Poison Heal
|upkeep
|turn|113
|
|t:|1743932425
|switch|p2a: BIRDS OF A FEATHER|Corviknight, F|77/100
|-ability|p2a: BIRDS OF A FEATHER|Pressure
|switch|p1a: Ting-Lu|Ting-Lu|51/100 slp
|-damage|p1a: Ting-Lu|44/100 slp|[from] Stealth Rock
|-ability|p1a: Ting-Lu|Vessel of Ruin
|
|-damage|p1a: Ting-Lu|32/100 slp|[from] item: Sticky Barb
|upkeep
|turn|114
|
|t:|1743932429
|switch|p2a: 🇮🇱=ter*orists|Gliscor, M|100/100 tox
|switch|p1a: Clefable|Clefable, F|77/100
|
|upkeep
|turn|115
|
|t:|1743932433
|switch|p2a: BIRDS OF A FEATHER|Corviknight, F|77/100
|-ability|p2a: BIRDS OF A FEATHER|Pressure
|move|p1a: Clefable|Wish|p1a: Clefable
|
|upkeep
|turn|116
|
|t:|1743932436
|switch|p1a: Ting-Lu|Ting-Lu|32/100 slp
|-damage|p1a: Ting-Lu|26/100 slp|[from] Stealth Rock
|-ability|p1a: Ting-Lu|Vessel of Ruin
|switch|p2a: Kanye|Slowking-Galar, M|52/100
|
|-heal|p1a: Ting-Lu|64/100 slp|[from] move: Wish|[wisher] Clefable
|-damage|p1a: Ting-Lu|52/100 slp|[from] item: Sticky Barb
|upkeep
|turn|117
|
|t:|1743932439
|switch|p2a: BIRDS OF A FEATHER|Corviknight, F|77/100
|-ability|p2a: BIRDS OF A FEATHER|Pressure
|cant|p1a: Ting-Lu|slp
|
|-damage|p1a: Ting-Lu|39/100 slp|[from] item: Sticky Barb
|upkeep
|turn|118
|
|t:|1743932442
|switch|p2a: 🇮🇱=ter*orists|Gliscor, M|100/100 tox
|switch|p1a: Clefable|Clefable, F|77/100
|
|upkeep
|turn|119
|
|t:|1743932446
|switch|p2a: Kanye|Slowking-Galar, M|85/100
|move|p1a: Clefable|Wish|p1a: Clefable
|
|upkeep
|turn|120
|
|t:|1743932449
|switch|p1a: Ting-Lu|Ting-Lu|39/100 slp
|-damage|p1a: Ting-Lu|33/100 slp|[from] Stealth Rock
|-ability|p1a: Ting-Lu|Vessel of Ruin
|move|p2a: Kanye|Future Sight|p1a: Ting-Lu
|-start|p2a: Kanye|move: Future Sight
|
|-heal|p1a: Ting-Lu|71/100 slp|[from] move: Wish|[wisher] Clefable
|-damage|p1a: Ting-Lu|59/100 slp|[from] item: Sticky Barb
|upkeep
|turn|121
|
|t:|1743932455
|switch|p2a: BIRDS OF A FEATHER|Corviknight, F|77/100
|-ability|p2a: BIRDS OF A FEATHER|Pressure
|cant|p1a: Ting-Lu|slp
|
|-damage|p1a: Ting-Lu|46/100 slp|[from] item: Sticky Barb
|upkeep
|turn|122
|
|t:|1743932461
|move|p2a: BIRDS OF A FEATHER|Defog|p1a: Ting-Lu
|-unboost|p1a: Ting-Lu|evasion|1
|-sideend|p1: WangLinWL|Stealth Rock|[from] move: Defog|[of] p2a: BIRDS OF A FEATHER
|-sideend|p2: Trainer #39|Spikes|[from] move: Defog|[of] p2a: BIRDS OF A FEATHER
|-curestatus|p1a: Ting-Lu|slp|[msg]
|move|p1a: Ting-Lu|Rest|p1a: Ting-Lu
|-status|p1a: Ting-Lu|slp|[from] move: Rest
|-heal|p1a: Ting-Lu|100/100 slp|[silent]
|
|-end|p1a: Ting-Lu|move: Future Sight
|-immune|p1a: Ting-Lu
|-damage|p1a: Ting-Lu|88/100 slp|[from] item: Sticky Barb
|upkeep
|turn|123
|
|t:|1743932464
|switch|p2a: brat|Blissey, F|92/100
|switch|p1a: Gliscor|Gliscor, F|100/100 tox
|
|upkeep
|turn|124
|l| iamfrhaan007
|
|t:|1743932469
|switch|p2a: BIRDS OF A FEATHER|Corviknight, F|77/100
|-ability|p2a: BIRDS OF A FEATHER|Pressure
|move|p1a: Gliscor|Spikes|p2a: BIRDS OF A FEATHER
|-sidestart|p2: Trainer #39|Spikes
|
|upkeep
|turn|125
|
|t:|1743932477
|switch|p1a: Blissey|Blissey, F|100/100
|switch|p2a: 🇮🇱=ter*orists|Gliscor, M|100/100 tox
|
|upkeep
|turn|126
|
|t:|1743932480
|switch|p2a: brat|Blissey, F|92/100
|switch|p1a: Gliscor|Gliscor, F|100/100 tox
|
|upkeep
|turn|127
WangLinWL is offering a tie.
|inactive|Trainer #39 has 120 seconds left.
|c|☆WangLinWL|You know that
|j| Just-JayPe
|
|t:|1743932525
|switch|p1a: Blissey|Blissey, F|100/100
|switch|p2a: BIRDS OF A FEATHER|Corviknight, F|77/100
|-ability|p2a: BIRDS OF A FEATHER|Pressure
|
|upkeep
|turn|128
|l| Undenuen
|
|t:|1743932530
|switch|p2a: brat|Blissey, F|92/100
|switch|p1a: Gliscor|Gliscor, F|100/100 tox
|
|upkeep
|turn|129
|
|t:|1743932533
|switch|p1a: Blissey|Blissey, F|100/100
|switch|p2a: BIRDS OF A FEATHER|Corviknight, F|77/100
|-ability|p2a: BIRDS OF A FEATHER|Pressure
|
|upkeep
|turn|130
|
|t:|1743932537
|switch|p2a: brat|Blissey, F|92/100
|switch|p1a: Gliscor|Gliscor, F|100/100 tox
|
|upkeep
|turn|131
|
|t:|1743932539
|switch|p1a: Blissey|Blissey, F|100/100
|switch|p2a: BIRDS OF A FEATHER|Corviknight, F|77/100
|-ability|p2a: BIRDS OF A FEATHER|Pressure
|
|upkeep
|turn|132
|inactive|WangLinWL has 120 seconds left.
|
|t:|1743932590
|switch|p2a: brat|Blissey, F|92/100
|switch|p1a: Gliscor|Gliscor, F|100/100 tox
|
|upkeep
|turn|133
|l| Just-JayPe
|
|t:|1743932601
|switch|p1a: Blissey|Blissey, F|100/100
|switch|p2a: BIRDS OF A FEATHER|Corviknight, F|77/100
|-ability|p2a: BIRDS OF A FEATHER|Pressure
|
|upkeep
|turn|134
|
|t:|1743932604
|switch|p2a: brat|Blissey, F|92/100
|switch|p1a: Gliscor|Gliscor, F|100/100 tox
|
|upkeep
|turn|135
|inactive|WangLinWL has 90 seconds left.
|j| plaketdefrein
|inactive|WangLinWL has 60 seconds left.
|
|t:|1743932666
|switch|p2a: BIRDS OF A FEATHER|Corviknight, F|77/100
|-ability|p2a: BIRDS OF A FEATHER|Pressure
|move|p1a: Gliscor|Knock Off|p2a: BIRDS OF A FEATHER
|-damage|p2a: BIRDS OF A FEATHER|68/100
|
|upkeep
|turn|136
|
|t:|1743932671
|switch|p2a: 🇮🇱=ter*orists|Gliscor, M|100/100 tox
|move|p1a: Gliscor|Knock Off|p2a: 🇮🇱=ter*orists
|-damage|p2a: 🇮🇱=ter*orists|92/100 tox
|
|-heal|p2a: 🇮🇱=ter*orists|100/100 tox|[from] ability: Poison Heal
|upkeep
|turn|137
|
|t:|1743932673
|switch|p2a: BIRDS OF A FEATHER|Corviknight, F|68/100
|-ability|p2a: BIRDS OF A FEATHER|Pressure
|move|p1a: Gliscor|Spikes|p2a: BIRDS OF A FEATHER
|-sidestart|p2: Trainer #39|Spikes
|
|upkeep
|turn|138
|inactive|WangLinWL has 60 seconds left.
|l| plaketdefrein
|-message|WangLinWL forfeited.
|
|win|Trainer #39
|raw|WangLinWL's rating: 1771 &rarr; <strong>1759</strong><br />(-12 for losing)
|raw|Trainer #39's rating: 1923 &rarr; <strong>1935</strong><br />(+12 for winning)
|l|☆WangLinWL
|player|p1|
|l|☆Trainer #39
|player|p2|
