|j|☆KrimsonDaTyrant
|j|☆testaltlol
|t:|1743828256
|gametype|singles
|player|p1|KrimsonDaTyrant|2|1169
|player|p2|testaltlol|101|1194
|teamsize|p1|6
|teamsize|p2|6
|gen|9
|tier|[Gen 9] OU
|rated|
|rule|HP Percentage Mod: HP is shown in percentages
|rule|Endless Battle Clause: Forcing endless battles is banned
|rule|Species Clause: Limit one of each Pokémon
|rule|OHKO Clause: OHKO moves are banned
|rule|Evasion Items Clause: Evasion items are banned
|rule|Evasion Moves Clause: Evasion moves are banned
|rule|Sleep Moves Clause: Sleep-inducing moves are banned
|clearpoke
|poke|p1|Iron Crown|
|poke|p1|Iron Hands|
|poke|p1|Grimmsnarl, M|
|poke|p1|Great Tusk|
|poke|p1|Dragonite, F|
|poke|p1|Glimmora, M|
|poke|p2|Glimmora, M|
|poke|p2|Skeledirge, F|
|poke|p2|Landorus-Therian, M|
|poke|p2|Grimmsnarl, M|
|poke|p2|Bronzong|
|poke|p2|Kommo-o, M|
|teampreview
|inactive|Battle timer is ON: inactive players will automatically lose when time's up. (requested by KrimsonDaTyrant)
|inactive|testaltlol has 120 seconds left.
|
|t:|1743828335
|start
|switch|p1a: Grimmsnarl|Grimmsnarl, M, shiny|100/100
|switch|p2a: Landorus|Landorus-Therian, M|100/100
|-ability|p2a: Landorus|Intimidate|boost
|-unboost|p1a: Grimmsnarl|atk|1
|turn|1
|
|t:|1743828346
|move|p1a: Grimmsnarl|Reflect|p1a: Grimmsnarl
|-sidestart|p1: KrimsonDaTyrant|Reflect
|move|p2a: Landorus|Earthquake|p1a: Grimmsnarl
|-damage|p1a: Grimmsnarl|77/100
|
|upkeep
|turn|2
|
|t:|1743828352
|move|p1a: Grimmsnarl|Light Screen|p1a: Grimmsnarl
|-sidestart|p1: KrimsonDaTyrant|move: Light Screen
|move|p2a: Landorus|U-turn|p1a: Grimmsnarl
|-damage|p1a: Grimmsnarl|65/100
|
|t:|1743828360
|switch|p2a: Grimmsnarl|Grimmsnarl, M|100/100|[from] U-turn
|
|upkeep
|turn|3
|
|t:|1743828363
|move|p1a: Grimmsnarl|Parting Shot|p2a: Grimmsnarl
|-hint|Since gen 7, Dark is immune to Prankster moves.
|-immune|p2a: Grimmsnarl
|move|p2a: Grimmsnarl|Reflect|p2a: Grimmsnarl
|-sidestart|p2: testaltlol|Reflect
|
|upkeep
|turn|4
|
|t:|1743828382
|switch|p1a: Dragonite|Dragonite, F|100/100
|move|p2a: Grimmsnarl|Light Screen|p2a: Grimmsnarl
|-sidestart|p2: testaltlol|move: Light Screen
|
|upkeep
|turn|5
|
|t:|1743828385
|move|p2a: Grimmsnarl|Taunt|p1a: Dragonite
|-start|p1a: Dragonite|move: Taunt
|cant|p1a: Dragonite|move: Taunt|Encore
|
|upkeep
|turn|6
|c|☆KrimsonDaTyrant|nice
|
|t:|1743828401
|switch|p1a: Grimmsnarl|Grimmsnarl, M, shiny|65/100
|move|p2a: Grimmsnarl|Parting Shot|p1a: Grimmsnarl
|-hint|Since gen 7, Dark is immune to Prankster moves.
|-immune|p1a: Grimmsnarl
|
|upkeep
|turn|7
|
|t:|1743828419
|switch|p2a: Glimmora|Glimmora, M|100/100
|move|p1a: Grimmsnarl|Spirit Break|p2a: Glimmora
|-resisted|p2a: Glimmora
|-damage|p2a: Glimmora|91/100
|-unboost|p2a: Glimmora|spa|1
|-activate|p2a: Glimmora|ability: Toxic Debris
|-sidestart|p1: KrimsonDaTyrant|move: Toxic Spikes
|
|upkeep
|turn|8
|
|t:|1743828428
|move|p1a: Grimmsnarl|Parting Shot|p2a: Glimmora
|-unboost|p2a: Glimmora|atk|1
|-unboost|p2a: Glimmora|spa|1
|
|t:|1743828432
|switch|p1a: Glimmora|Glimmora, M|100/100|[from] Parting Shot
|-sideend|p1: KrimsonDaTyrant|move: Toxic Spikes|[of] p1a: Glimmora
|move|p2a: Glimmora|Sludge Bomb|p1a: Glimmora
|-resisted|p1a: Glimmora
|-damage|p1a: Glimmora|96/100
|-damage|p2a: Glimmora|81/100|[from] item: Life Orb
|
|-sideend|p1: KrimsonDaTyrant|Reflect
|upkeep
|turn|9
|
|t:|1743828454
|switch|p2a: Landorus|Landorus-Therian, M|100/100
|-ability|p2a: Landorus|Intimidate|boost
|-unboost|p1a: Glimmora|atk|1
|move|p1a: Glimmora|Rock Polish|p1a: Glimmora
|-boost|p1a: Glimmora|spe|2
|
|-sideend|p1: KrimsonDaTyrant|move: Light Screen
|upkeep
|turn|10
|inactive|testaltlol has 120 seconds left.
|
|t:|1743828488
|move|p1a: Glimmora|Meteor Beam||[still]
|-prepare|p1a: Glimmora|Meteor Beam
|-boost|p1a: Glimmora|spa|1
|-enditem|p1a: Glimmora|Power Herb
|-anim|p1a: Glimmora|Meteor Beam|p2a: Landorus
|-damage|p2a: Landorus|44/100
|move|p2a: Landorus|Earthquake|p1a: Glimmora
|-supereffective|p1a: Glimmora
|-damage|p1a: Glimmora|0 fnt
|-activate|p1a: Glimmora|ability: Toxic Debris
|-sidestart|p2: testaltlol|move: Toxic Spikes
|faint|p1a: Glimmora
|
|-sideend|p2: testaltlol|Reflect
|upkeep
|inactive|KrimsonDaTyrant has 120 seconds left.
|
|t:|1743828498
|switch|p1a: Grimmsnarl|Grimmsnarl, M, shiny|65/100
|turn|11
|
|t:|1743828511
|move|p1a: Grimmsnarl|Reflect|p1a: Grimmsnarl
|-sidestart|p1: KrimsonDaTyrant|Reflect
|move|p2a: Landorus|Earthquake|p1a: Grimmsnarl
|-damage|p1a: Grimmsnarl|43/100
|
|-sideend|p2: testaltlol|move: Light Screen
|upkeep
|turn|12
|
|t:|1743828524
|move|p1a: Grimmsnarl|Parting Shot|p2a: Landorus
|-unboost|p2a: Landorus|atk|1
|-unboost|p2a: Landorus|spa|1
|
|t:|1743828528
|switch|p1a: Dragonite|Dragonite, F|100/100|[from] Parting Shot
|move|p2a: Landorus|Stealth Rock|p1a: Dragonite
|-sidestart|p1: KrimsonDaTyrant|move: Stealth Rock
|
|upkeep
|turn|13
|
|t:|1743828534
|move|p2a: Landorus|U-turn|p1a: Dragonite
|-resisted|p1a: Dragonite
|-damage|p1a: Dragonite|99/100
|
|t:|1743828539
|switch|p2a: Glimmora|Glimmora, M|81/100|[from] U-turn
|-sideend|p2: testaltlol|move: Toxic Spikes|[of] p2a: Glimmora
|move|p1a: Dragonite|Encore||[still]
|-fail|p1a: Dragonite
|
|upkeep
|turn|14
|
|t:|1743828556
|switch|p1a: Great Tusk|Great Tusk|100/100
|-damage|p1a: Great Tusk|98/100|[from] Stealth Rock
|-enditem|p1a: Great Tusk|Booster Energy
|-activate|p1a: Great Tusk|ability: Protosynthesis|[fromitem]
|-start|p1a: Great Tusk|protosynthesisspe
|move|p2a: Glimmora|Power Gem|p1a: Great Tusk
|-resisted|p1a: Great Tusk
|-damage|p1a: Great Tusk|81/100
|-damage|p2a: Glimmora|71/100|[from] item: Life Orb
|
|upkeep
|turn|15
|
|t:|1743828559
|-terastallize|p2a: Glimmora|Grass
|move|p1a: Great Tusk|Headlong Rush|p2a: Glimmora
|-resisted|p2a: Glimmora
|-damage|p2a: Glimmora|39/100
|-unboost|p1a: Great Tusk|def|1
|-unboost|p1a: Great Tusk|spd|1
|-activate|p2a: Glimmora|ability: Toxic Debris
|-sidestart|p1: KrimsonDaTyrant|move: Toxic Spikes
|move|p2a: Glimmora|Energy Ball|p1a: Great Tusk
|-supereffective|p1a: Great Tusk
|-damage|p1a: Great Tusk|0 fnt
|faint|p1a: Great Tusk
|-end|p1a: Great Tusk|Protosynthesis|[silent]
|-damage|p2a: Glimmora|29/100|[from] item: Life Orb
|
|upkeep
|
|t:|1743828573
|switch|p1a: Dragonite|Dragonite, F|99/100
|-damage|p1a: Dragonite|74/100|[from] Stealth Rock
|turn|16
|
|t:|1743828582
|move|p2a: Glimmora|Power Gem|p1a: Dragonite
|-supereffective|p1a: Dragonite
|-damage|p1a: Dragonite|0 fnt
|faint|p1a: Dragonite
|-damage|p2a: Glimmora|19/100|[from] item: Life Orb
|
|upkeep
|
|t:|1743828589
|switch|p1a: Iron Crown|Iron Crown|100/100
|-damage|p1a: Iron Crown|94/100|[from] Stealth Rock
|-enditem|p1a: Iron Crown|Booster Energy
|-activate|p1a: Iron Crown|ability: Quark Drive|[fromitem]
|-start|p1a: Iron Crown|quarkdrivespe
|turn|17
|
|t:|1743828595
|move|p1a: Iron Crown|Stored Power|p2a: Glimmora
|-damage|p2a: Glimmora|6/100
|move|p2a: Glimmora|Earth Power|p1a: Iron Crown
|-supereffective|p1a: Iron Crown
|-damage|p1a: Iron Crown|17/100
|-damage|p2a: Glimmora|0 fnt|[from] item: Life Orb
|faint|p2a: Glimmora
|
|upkeep
|c|☆KrimsonDaTyrant|lol\
|
|t:|1743828610
|switch|p2a: Skeledirge|Skeledirge, F|100/100
|turn|18
|
|t:|1743828616
|move|p1a: Iron Crown|Focus Blast|p2a: Skeledirge
|-immune|p2a: Skeledirge
|move|p2a: Skeledirge|Torch Song|p1a: Iron Crown
|-supereffective|p1a: Iron Crown
|-damage|p1a: Iron Crown|0 fnt
|-boost|p2a: Skeledirge|spa|1
|faint|p1a: Iron Crown
|-end|p1a: Iron Crown|Quark Drive|[silent]
|
|-sideend|p1: KrimsonDaTyrant|Reflect
|upkeep
|-message|KrimsonDaTyrant forfeited.
|
|win|testaltlol
|raw|KrimsonDaTyrant's rating: 1169 &rarr; <strong>1146</strong><br />(-23 for losing)
|raw|testaltlol's rating: 1194 &rarr; <strong>1217</strong><br />(+23 for winning)
|l|☆KrimsonDaTyrant
|player|p1|
|l|☆testaltlol
|player|p2|
