|j|☆Im_totally_human
|j|☆aeyamq
|t:|1743783384
|gametype|singles
|player|p1|Im_totally_human|az|1433
|player|p2|aeyamq|266|1444
|teamsize|p1|6
|teamsize|p2|6
|gen|9
|tier|[Gen 9] OU
|rated|
|rule|HP Percentage Mod: HP is shown in percentages
|rule|Endless Battle Clause: Forcing endless battles is banned
|rule|Species Clause: Limit one of each Pokémon
|rule|OHKO Clause: OHKO moves are banned
|rule|Evasion Items Clause: Evasion items are banned
|rule|Evasion Moves Clause: Evasion moves are banned
|rule|Sleep Moves Clause: Sleep-inducing moves are banned
|clearpoke
|poke|p1|Walking Wake|
|poke|p1|Meowscarada, M|
|poke|p1|Landorus-Therian, M|
|poke|p1|Hitmonlee, M|
|poke|p1|Slowking-Galar, M|
|poke|p1|Cinderace, M|
|poke|p2|Dragonite, F|
|poke|p2|Pecharunt|
|poke|p2|Zamazenta-*|
|poke|p2|Darkrai|
|poke|p2|Ogerpon-Wellspring, F|
|poke|p2|Iron Crown|
|teampreview
|inactive|Battle timer is ON: inactive players will automatically lose when time's up. (requested by aeyamq)
|
|t:|1743783401
|start
|switch|p1a: Leeman|Hitmonlee, M|100/100
|switch|p2a: Pecharunt|Pecharunt|100/100
|turn|1
|
|t:|1743783408
|move|p1a: Leeman|Knock Off|p2a: Pecharunt
|-supereffective|p2a: Pecharunt
|-damage|p2a: Pecharunt|33/100
|-enditem|p2a: Pecharunt|Leftovers|[from] move: Knock Off|[of] p1a: Leeman
|move|p2a: Pecharunt|Parting Shot|p1a: Leeman
|-unboost|p1a: Leeman|atk|1
|-unboost|p1a: Leeman|spa|1
|
|t:|1743783422
|switch|p2a: Ogerpon|Ogerpon-Wellspring, F|100/100|[from] Parting Shot
|
|upkeep
|turn|2
|
|t:|1743783433
|switch|p1a: Meowscarada|Meowscarada, M, shiny|100/100
|move|p2a: Ogerpon|Knock Off|p1a: Meowscarada
|-resisted|p1a: Meowscarada
|-damage|p1a: Meowscarada|70/100
|-enditem|p1a: Meowscarada|Choice Scarf|[from] move: Knock Off|[of] p2a: Ogerpon
|
|upkeep
|turn|3
|
|t:|1743783450
|move|p1a: Meowscarada|U-turn|p2a: Ogerpon
|-start|p1a: Meowscarada|typechange|Bug|[from] ability: Protean
|-supereffective|p2a: Ogerpon
|-damage|p2a: Ogerpon|22/100
|
|t:|1743783458
|switch|p1a: Landorus|Landorus-Therian, M|100/100|[from] U-turn
|-ability|p1a: Landorus|Intimidate|boost
|-unboost|p2a: Ogerpon|atk|1
|move|p2a: Ogerpon|Play Rough|p1a: Landorus
|-damage|p1a: Landorus|82/100
|-damage|p2a: Ogerpon|5/100|[from] item: Rocky Helmet|[of] p1a: Landorus
|
|upkeep
|turn|4
|
|t:|1743783468
|switch|p1a: Meowscarada|Meowscarada, M, shiny|70/100
|move|p2a: Ogerpon|Ivy Cudgel|p1a: Meowscarada|[anim] Ivy Cudgel Water
|-resisted|p1a: Meowscarada
|-damage|p1a: Meowscarada|42/100
|
|upkeep
|turn|5
|
|t:|1743783487
|move|p1a: Meowscarada|U-turn|p2a: Ogerpon
|-start|p1a: Meowscarada|typechange|Bug|[from] ability: Protean
|-supereffective|p2a: Ogerpon
|-damage|p2a: Ogerpon|0 fnt
|faint|p2a: Ogerpon
|
|t:|1743783492
|switch|p1a: Leeman|Hitmonlee, M|100/100|[from] U-turn
|
|upkeep
|
|t:|1743783505
|switch|p2a: Iron Crown|Iron Crown|100/100
|turn|6
|
|t:|1743783520
|move|p2a: Iron Crown|Tachyon Cutter|p1a: Leeman
|-damage|p1a: Leeman|70/100
|-damage|p1a: Leeman|39/100
|-hitcount|p1a: Leeman|2
|move|p1a: Leeman|High Jump Kick|p2a: Iron Crown
|-crit|p2a: Iron Crown
|-damage|p2a: Iron Crown|0 fnt
|faint|p2a: Iron Crown
|-end|p2a: Iron Crown|Quark Drive|[silent]
|
|upkeep
|
|t:|1743783536
|switch|p2a: Pecharunt|Pecharunt|33/100
|turn|7
|
|t:|1743783547
|switch|p1a: Landorus|Landorus-Therian, M|82/100
|-ability|p1a: Landorus|Intimidate|boost
|-unboost|p2a: Pecharunt|atk|1
|move|p2a: Pecharunt|Malignant Chain|p1a: Landorus
|-resisted|p1a: Landorus
|-damage|p1a: Landorus|58/100
|
|upkeep
|turn|8
|
|t:|1743783558
|move|p1a: Landorus|Earth Power|p2a: Pecharunt
|-supereffective|p2a: Pecharunt
|-damage|p2a: Pecharunt|0 fnt
|faint|p2a: Pecharunt
|
|upkeep
|
|t:|1743783565
|switch|p2a: Dragonite|Dragonite, F|100/100
|turn|9
|
|t:|1743783593
|-terastallize|p2a: Dragonite|Normal
|move|p2a: Dragonite|Extreme Speed|p1a: Landorus
|-damage|p1a: Landorus|13/100
|-damage|p2a: Dragonite|84/100|[from] item: Rocky Helmet|[of] p1a: Landorus
|move|p1a: Landorus|U-turn|p2a: Dragonite
|-damage|p2a: Dragonite|63/100
|inactive|Im_totally_human has 120 seconds left.
|
|t:|1743783605
|switch|p1a: Walking Wake|Walking Wake|100/100|[from] U-turn
|
|upkeep
|turn|10
|
|t:|1743783609
|move|p2a: Dragonite|Extreme Speed|p1a: Walking Wake
|-damage|p1a: Walking Wake|27/100
|move|p1a: Walking Wake|Draco Meteor|p2a: Dragonite
|-damage|p2a: Dragonite|0 fnt
|-unboost|p1a: Walking Wake|spa|2
|faint|p2a: Dragonite
|
|upkeep
|
|t:|1743783624
|switch|p2a: Darkrai|Darkrai|100/100
|turn|11
|
|t:|1743783639
|-end|p1a: Walking Wake|Protosynthesis|[silent]
|switch|p1a: Leeman|Hitmonlee, M|39/100
|move|p2a: Darkrai|Dark Pulse|p1a: Leeman
|-resisted|p1a: Leeman
|-damage|p1a: Leeman|10/100
|
|upkeep
|turn|12
|
|t:|1743783645
|move|p1a: Leeman|Mach Punch|p2a: Darkrai
|-supereffective|p2a: Darkrai
|-damage|p2a: Darkrai|28/100
|move|p2a: Darkrai|Dark Pulse|p1a: Leeman
|-resisted|p1a: Leeman
|-crit|p1a: Leeman
|-damage|p1a: Leeman|0 fnt
|faint|p1a: Leeman
|
|upkeep
|
|t:|1743783657
|switch|p1a: Cinderace|Cinderace, M|100/100
|turn|13
|
|t:|1743783660
|move|p2a: Darkrai|Dark Pulse|p1a: Cinderace
|-damage|p1a: Cinderace|50/100
|move|p1a: Cinderace|Pyro Ball|p2a: Darkrai|[miss]
|-miss|p1a: Cinderace|p2a: Darkrai
|
|upkeep
|turn|14
|
|t:|1743783665
|move|p2a: Darkrai|Dark Pulse|p1a: Cinderace
|-damage|p1a: Cinderace|4/100
|move|p1a: Cinderace|U-turn|p2a: Darkrai
|-supereffective|p2a: Darkrai
|-damage|p2a: Darkrai|0 fnt
|faint|p2a: Darkrai
|
|t:|1743783670
|switch|p1a: Slowking|Slowking-Galar, M|100/100|[from] U-turn
|
|upkeep
|
|t:|1743783675
|switch|p2a: Zamazenta|Zamazenta|100/100
|-ability|p2a: Zamazenta|Dauntless Shield|boost
|-boost|p2a: Zamazenta|def|1
|turn|15
|
|t:|1743783705
|move|p2a: Zamazenta|Substitute|p2a: Zamazenta
|-start|p2a: Zamazenta|Substitute
|-damage|p2a: Zamazenta|76/100
|move|p1a: Slowking|Future Sight|p2a: Zamazenta
|-start|p1a: Slowking|move: Future Sight
|
|-heal|p2a: Zamazenta|82/100|[from] item: Leftovers
|upkeep
|turn|16
|
|t:|1743783716
|move|p2a: Zamazenta|Iron Defense|p2a: Zamazenta
|-boost|p2a: Zamazenta|def|2
|move|p1a: Slowking|Sludge Bomb|p2a: Zamazenta
|-end|p2a: Zamazenta|Substitute
|
|-heal|p2a: Zamazenta|88/100|[from] item: Leftovers
|upkeep
|turn|17
|
|t:|1743783730
|move|p2a: Zamazenta|Iron Defense|p2a: Zamazenta
|-boost|p2a: Zamazenta|def|2
|move|p1a: Slowking|Sludge Bomb|p2a: Zamazenta
|-damage|p2a: Zamazenta|62/100
|-status|p2a: Zamazenta|psn
|
|-end|p2a: Zamazenta|move: Future Sight
|-supereffective|p2a: Zamazenta
|-damage|p2a: Zamazenta|0 fnt
|faint|p2a: Zamazenta
|
|win|Im_totally_human
|raw|Im_totally_human's rating: 1433 &rarr; <strong>1454</strong><br />(+21 for winning)
|raw|aeyamq's rating: 1444 &rarr; <strong>1423</strong><br />(-21 for losing)
|l|☆aeyamq
|player|p2|
|l|☆Im_totally_human
|player|p1|
