|j|☆ss_shedinja
|j|☆HigherGrounded
|t:|1743833283
|gametype|singles
|player|p1|ss_shedinja|barry|1136
|player|p2|HigherGrounded|170|1084
|teamsize|p1|6
|teamsize|p2|6
|gen|9
|tier|[Gen 9] OU
|rated|
|rule|HP Percentage Mod: HP is shown in percentages
|rule|Endless Battle Clause: Forcing endless battles is banned
|rule|Species Clause: Limit one of each Pokémon
|rule|OHKO Clause: OHKO moves are banned
|rule|Evasion Items Clause: Evasion items are banned
|rule|Evasion Moves Clause: Evasion moves are banned
|rule|Sleep Moves Clause: Sleep-inducing moves are banned
|clearpoke
|poke|p1|Hydrapple, F|
|poke|p1|Landorus-Therian, M|
|poke|p1|Clodsire, F|
|poke|p1|Quagsire, M|
|poke|p1|Skeledirge, F|
|poke|p1|Hatterene, F|
|poke|p2|Hitmontop, M|
|poke|p2|Porygon2|
|poke|p2|Tinkaton, F|
|poke|p2|Hoopa|
|poke|p2|Alomomola, F|
|poke|p2|Garganacl, F|
|teampreview
|
|t:|1743833290
|start
|switch|p1a: Landorus|Landorus-Therian, M|100/100
|switch|p2a: Tinkaton|Tinkaton, F|100/100
|-ability|p1a: Landorus|Intimidate|boost
|-unboost|p2a: Tinkaton|atk|1
|turn|1
|
|t:|1743833295
|move|p2a: Tinkaton|Fake Out|p1a: Landorus
|-damage|p1a: Landorus|94/100
|-enditem|p1a: Landorus|Red Card|[of] p2a: Tinkaton
|drag|p2a: Hitmontop|Hitmontop, M|100/100
|cant|p1a: Landorus|flinch
|
|upkeep
|turn|2
|
|t:|1743833303
|move|p2a: Hitmontop|Fake Out|p1a: Landorus
|-damage|p1a: Landorus|74/100
|cant|p1a: Landorus|flinch
|
|upkeep
|turn|3
|
|t:|1743833307
|move|p1a: Landorus|U-turn|p2a: Hitmontop
|-resisted|p2a: Hitmontop
|-damage|p2a: Hitmontop|88/100
|
|t:|1743833311
|switch|p1a: Skeledirge|Skeledirge, F|100/100|[from] U-turn
|move|p2a: Hitmontop|Rapid Spin|p1a: Skeledirge
|-immune|p1a: Skeledirge
|
|upkeep
|turn|4
|
|t:|1743833318
|switch|p2a: Porygon2|Porygon2|100/100
|move|p1a: Skeledirge|Will-O-Wisp|p2a: Porygon2
|-status|p2a: Porygon2|brn
|
|-damage|p2a: Porygon2|94/100 brn|[from] brn
|upkeep
|turn|5
|
|t:|1743833325
|move|p1a: Skeledirge|Torch Song|p2a: Porygon2
|-damage|p2a: Porygon2|77/100 brn
|-boost|p1a: Skeledirge|spa|1
|move|p2a: Porygon2|Tri Attack|p1a: Skeledirge
|-immune|p1a: Skeledirge
|
|-damage|p2a: Porygon2|71/100 brn|[from] brn
|upkeep
|turn|6
|
|t:|1743833331
|move|p1a: Skeledirge|Torch Song|p2a: Porygon2
|-damage|p2a: Porygon2|46/100 brn
|-boost|p1a: Skeledirge|spa|1
|move|p2a: Porygon2|Foul Play|p1a: Skeledirge
|-supereffective|p1a: Skeledirge
|-damage|p1a: Skeledirge|86/100
|
|-damage|p2a: Porygon2|40/100 brn|[from] brn
|upkeep
|turn|7
|
|t:|1743833341
|switch|p2a: Alomomola|Alomomola, F|100/100
|move|p1a: Skeledirge|Torch Song|p2a: Alomomola
|-resisted|p2a: Alomomola
|-damage|p2a: Alomomola|68/100
|-boost|p1a: Skeledirge|spa|1
|
|-heal|p2a: Alomomola|74/100|[from] item: Leftovers
|upkeep
|turn|8
|
|t:|1743833352
|move|p2a: Alomomola|Aqua Ring|p2a: Alomomola
|-start|p2a: Alomomola|Aqua Ring
|move|p1a: Skeledirge|Will-O-Wisp|p2a: Alomomola|[miss]
|-miss|p1a: Skeledirge|p2a: Alomomola
|
|-heal|p2a: Alomomola|80/100|[from] item: Leftovers
|-heal|p2a: Alomomola|86/100|[from] Aqua Ring
|upkeep
|turn|9
|
|t:|1743833359
|move|p2a: Alomomola|Protect|p2a: Alomomola
|-singleturn|p2a: Alomomola|Protect
|move|p1a: Skeledirge|Will-O-Wisp|p2a: Alomomola
|-activate|p2a: Alomomola|move: Protect
|
|-heal|p2a: Alomomola|93/100|[from] item: Leftovers
|-heal|p2a: Alomomola|99/100|[from] Aqua Ring
|upkeep
|turn|10
|
|t:|1743833364
|move|p2a: Alomomola|Flip Turn|p1a: Skeledirge
|-supereffective|p1a: Skeledirge
|-crit|p1a: Skeledirge
|-damage|p1a: Skeledirge|52/100
|
|t:|1743833373
|switch|p2a: Garganacl|Garganacl, F|100/100|[from] Flip Turn
|move|p1a: Skeledirge|Will-O-Wisp|p2a: Garganacl
|-immune|p2a: Garganacl|[from] ability: Purifying Salt
|
|upkeep
|turn|11
|
|t:|1743833380
|move|p1a: Skeledirge|Slack Off|p1a: Skeledirge
|-heal|p1a: Skeledirge|100/100
|move|p2a: Garganacl|Salt Cure|p1a: Skeledirge
|-supereffective|p1a: Skeledirge
|-damage|p1a: Skeledirge|82/100
|-start|p1a: Skeledirge|Salt Cure
|
|-damage|p1a: Skeledirge|69/100|[from] Salt Cure
|upkeep
|turn|12
|
|t:|1743833387
|move|p2a: Garganacl|Protect|p2a: Garganacl
|-singleturn|p2a: Garganacl|Protect
|move|p1a: Skeledirge|Torch Song|p2a: Garganacl
|-activate|p2a: Garganacl|move: Protect
|
|-damage|p1a: Skeledirge|57/100|[from] Salt Cure
|upkeep
|turn|13
|
|t:|1743833394
|switch|p1a: Hydrapple|Hydrapple, F|100/100
|move|p2a: Garganacl|Recover||[still]
|-fail|p2a: Garganacl|heal
|
|upkeep
|turn|14
|
|t:|1743833400
|switch|p2a: Porygon2|Porygon2|40/100 brn
|move|p1a: Hydrapple|Leaf Storm|p2a: Porygon2|[miss]
|-miss|p1a: Hydrapple|p2a: Porygon2
|
|-damage|p2a: Porygon2|34/100 brn|[from] brn
|upkeep
|turn|15
|
|t:|1743833410
|switch|p1a: Skeledirge|Skeledirge, F|57/100
|move|p2a: Porygon2|Recover|p2a: Porygon2
|-heal|p2a: Porygon2|84/100 brn
|
|-damage|p2a: Porygon2|78/100 brn|[from] brn
|upkeep
|turn|16
|
|t:|1743833420
|switch|p2a: Alomomola|Alomomola, F|100/100
|move|p1a: Skeledirge|Slack Off|p1a: Skeledirge
|-heal|p1a: Skeledirge|100/100
|
|upkeep
|turn|17
|l|☆ss_shedinja
|player|p1|
|j|☆ss_shedinja
|player|p1|ss_shedinja|barry|
|
|t:|1743833438
|move|p2a: Alomomola|Wish|p2a: Alomomola
|move|p1a: Skeledirge|Torch Song|p2a: Alomomola
|-resisted|p2a: Alomomola
|-damage|p2a: Alomomola|82/100
|-boost|p1a: Skeledirge|spa|1
|
|-heal|p2a: Alomomola|88/100|[from] item: Leftovers
|upkeep
|turn|18
|
|t:|1743833451
|switch|p1a: Hatterene|Hatterene, F|100/100
|move|p2a: Alomomola|Flip Turn|p1a: Hatterene
|-damage|p1a: Hatterene|84/100
|
|t:|1743833457
|switch|p2a: Tinkaton|Tinkaton, F|100/100|[from] Flip Turn
|
|upkeep
|turn|19
|
|t:|1743833463
|switch|p1a: Quagsire|Quagsire, M|100/100
|move|p2a: Tinkaton|Fake Out|p1a: Quagsire
|-damage|p1a: Quagsire|94/100
|-damage|p2a: Tinkaton|84/100|[from] item: Rocky Helmet|[of] p1a: Quagsire
|
|upkeep
|turn|20
|
|t:|1743833468
|move|p2a: Tinkaton|Stealth Rock|p1a: Quagsire
|-sidestart|p1: ss_shedinja|move: Stealth Rock
|move|p1a: Quagsire|Earthquake|p2a: Tinkaton
|-supereffective|p2a: Tinkaton
|-damage|p2a: Tinkaton|0 fnt
|faint|p2a: Tinkaton
|
|upkeep
|
|t:|1743833482
|switch|p2a: Hitmontop|Hitmontop, M|88/100
|turn|21
|
|t:|1743833489
|move|p2a: Hitmontop|Fake Out|p1a: Quagsire
|-damage|p1a: Quagsire|81/100
|-damage|p2a: Hitmontop|71/100|[from] item: Rocky Helmet|[of] p1a: Quagsire
|cant|p1a: Quagsire|flinch
|
|upkeep
|turn|22
|
|t:|1743833494
|switch|p2a: Hoopa|Hoopa|100/100
|move|p1a: Quagsire|Toxic|p2a: Hoopa
|-status|p2a: Hoopa|tox
|
|-damage|p2a: Hoopa|95/100 tox|[from] psn
|upkeep
|turn|23
|
|t:|1743833503
|switch|p1a: Clodsire|Clodsire, F|100/100
|-damage|p1a: Clodsire|94/100|[from] Stealth Rock
|move|p2a: Hoopa|Shadow Ball|p1a: Clodsire
|-damage|p1a: Clodsire|66/100
|-unboost|p1a: Clodsire|spd|1
|
|-heal|p1a: Clodsire|72/100|[from] item: Black Sludge
|-damage|p2a: Hoopa|83/100 tox|[from] psn
|upkeep
|turn|24
|
|t:|1743833514
|move|p2a: Hoopa|Shadow Ball|p1a: Clodsire
|-damage|p1a: Clodsire|29/100
|move|p1a: Clodsire|Recover|p1a: Clodsire
|-heal|p1a: Clodsire|79/100
|
|-heal|p1a: Clodsire|86/100|[from] item: Black Sludge
|-damage|p2a: Hoopa|65/100 tox|[from] psn
|upkeep
|turn|25
|
|t:|1743833518
|move|p2a: Hoopa|Shadow Ball|p1a: Clodsire
|-damage|p1a: Clodsire|41/100
|-unboost|p1a: Clodsire|spd|1
|move|p1a: Clodsire|Recover|p1a: Clodsire
|-heal|p1a: Clodsire|91/100
|
|-heal|p1a: Clodsire|98/100|[from] item: Black Sludge
|-damage|p2a: Hoopa|41/100 tox|[from] psn
|upkeep
|turn|26
|
|t:|1743833529
|switch|p1a: Landorus|Landorus-Therian, M|74/100
|-damage|p1a: Landorus|62/100|[from] Stealth Rock
|-ability|p1a: Landorus|Intimidate|boost
|-unboost|p2a: Hoopa|atk|1
|move|p2a: Hoopa|Shadow Ball|p1a: Landorus
|-damage|p1a: Landorus|4/100
|-unboost|p1a: Landorus|spd|1
|
|-damage|p2a: Hoopa|11/100 tox|[from] psn
|upkeep
|turn|27
|
|t:|1743833536
|move|p2a: Hoopa|Shadow Ball|p1a: Landorus
|-damage|p1a: Landorus|0 fnt
|faint|p1a: Landorus
|
|-damage|p2a: Hoopa|0 fnt|[from] psn
|faint|p2a: Hoopa
|upkeep
|
|t:|1743833546
|switch|p1a: Hatterene|Hatterene, F|84/100
|switch|p2a: Garganacl|Garganacl, F|100/100
|-damage|p1a: Hatterene|72/100|[from] Stealth Rock
|turn|28
|
|t:|1743833553
|move|p2a: Garganacl|Salt Cure|p1a: Hatterene
|-damage|p1a: Hatterene|57/100
|-start|p1a: Hatterene|Salt Cure
|move|p1a: Hatterene|Calm Mind|p1a: Hatterene
|-boost|p1a: Hatterene|spa|1
|-boost|p1a: Hatterene|spd|1
|
|-damage|p1a: Hatterene|45/100|[from] Salt Cure
|upkeep
|-enditem|p1a: Hatterene|Sitrus Berry|[eat]
|-heal|p1a: Hatterene|69/100|[from] item: Sitrus Berry
|turn|29
|
|t:|1743833562
|move|p2a: Garganacl|Earthquake|p1a: Hatterene
|-damage|p1a: Hatterene|46/100
|move|p1a: Hatterene|Draining Kiss|p2a: Garganacl
|-damage|p2a: Garganacl|63/100
|-heal|p1a: Hatterene|82/100|[from] drain|[of] p2a: Garganacl
|
|-heal|p2a: Garganacl|69/100|[from] item: Leftovers
|-damage|p1a: Hatterene|70/100|[from] Salt Cure
|upkeep
|turn|30
|
|t:|1743833571
|switch|p1a: Hydrapple|Hydrapple, F|100/100
|-damage|p1a: Hydrapple|88/100|[from] Stealth Rock
|move|p2a: Garganacl|Protect||[still]
|-fail|p2a: Garganacl
|
|-heal|p2a: Garganacl|75/100|[from] item: Leftovers
|upkeep
|turn|31
|
|t:|1743833577
|move|p1a: Hydrapple|Leaf Storm|p2a: Garganacl
|-supereffective|p2a: Garganacl
|-damage|p2a: Garganacl|0 fnt
|-unboost|p1a: Hydrapple|spa|2
|faint|p2a: Garganacl
|
|upkeep
|
|t:|1743833581
|switch|p2a: Hitmontop|Hitmontop, M|71/100
|turn|32
|
|t:|1743833585
|switch|p1a: Quagsire|Quagsire, M|81/100
|-damage|p1a: Quagsire|75/100|[from] Stealth Rock
|move|p2a: Hitmontop|Fake Out|p1a: Quagsire
|-damage|p1a: Quagsire|63/100
|-damage|p2a: Hitmontop|55/100|[from] item: Rocky Helmet|[of] p1a: Quagsire
|
|upkeep
|turn|33
|
|t:|1743833592
|move|p2a: Hitmontop|Mach Punch|p1a: Quagsire
|-damage|p1a: Quagsire|43/100
|-damage|p2a: Hitmontop|38/100|[from] item: Rocky Helmet|[of] p1a: Quagsire
|move|p1a: Quagsire|Recover|p1a: Quagsire
|-heal|p1a: Quagsire|93/100
|
|upkeep
|turn|34
|-message|HigherGrounded forfeited.
|
|win|ss_shedinja
|raw|ss_shedinja's rating: 1136 &rarr; <strong>1157</strong><br />(+21 for winning)
|raw|HigherGrounded's rating: 1084 &rarr; <strong>1065</strong><br />(-19 for losing)
|l|☆HigherGrounded
|player|p2|
