|badge|p1|bronze|gen9ou|100-5
|uhtml|medal-msg|<div class="broadcast-blue">Curious what those medals under the avatar are? PS now has Ladder Seasons! For more information, check out the <a href="https://www.smogon.com/forums/threads/3740067/">thread on Smogon.</a></div>
|j|☆ollierob1
|j|☆DA Scizor Enjoyer
|t:|1743788125
|gametype|singles
|player|p1|ollierob1|hoopster|1873
|player|p2|DA Scizor Enjoyer|cheren-masters|1799
|teamsize|p1|6
|teamsize|p2|6
|gen|9
|tier|[Gen 9] OU
|rated|
|rule|HP Percentage Mod: HP is shown in percentages
|rule|Endless Battle Clause: Forcing endless battles is banned
|rule|Species Clause: Limit one of each Pokémon
|rule|OHKO Clause: OHKO moves are banned
|rule|Evasion Items Clause: Evasion items are banned
|rule|Evasion Moves Clause: Evasion moves are banned
|rule|Sleep Moves Clause: Sleep-inducing moves are banned
|clearpoke
|poke|p1|Kingambit, M|
|poke|p1|Great Tusk|
|poke|p1|Kyurem|
|poke|p1|Iron Crown|
|poke|p1|Enamorus, F|
|poke|p1|Raging Bolt|
|poke|p2|Scizor, F|
|poke|p2|Hoopa-Unbound|
|poke|p2|Primarina, F|
|poke|p2|Zapdos|
|poke|p2|Great Tusk|
|poke|p2|Dragapult, F|
|teampreview
|inactive|Battle timer is ON: inactive players will automatically lose when time's up. (requested by DA Scizor Enjoyer)
|inactive|DA Scizor Enjoyer has 120 seconds left.
|inactive|ollierob1 has 120 seconds left.
|
|t:|1743788178
|start
|switch|p1a: guhraffe|Raging Bolt|100/100
|switch|p2a: Ms.slick|Dragapult, F|100/100
|turn|1
|
|t:|1743788193
|move|p2a: Ms.slick|U-turn|p1a: guhraffe
|-damage|p1a: guhraffe|72/100
|
|t:|1743788199
|switch|p2a: Seal|Primarina, F|100/100|[from] U-turn
|move|p1a: guhraffe|Draco Meteor|p2a: Seal
|-immune|p2a: Seal
|
|upkeep
|turn|2
|
|t:|1743788210
|move|p1a: guhraffe|Volt Switch|p2a: Seal
|-supereffective|p2a: Seal
|-damage|p2a: Seal|51/100
|
|t:|1743788238
|-end|p1a: guhraffe|Protosynthesis|[silent]
|switch|p1a: Thanos|Iron Crown|100/100|[from] Volt Switch
|-enditem|p1a: Thanos|Booster Energy
|-activate|p1a: Thanos|ability: Quark Drive|[fromitem]
|-start|p1a: Thanos|quarkdrivespe
|move|p2a: Seal|Flip Turn|p1a: Thanos
|-damage|p1a: Thanos|86/100
|
|t:|1743788247
|switch|p2a: ima throw hands|Hoopa-Unbound|100/100|[from] Flip Turn
|
|upkeep
|turn|3
|
|t:|1743788254
|-end|p1a: Thanos|Quark Drive|[silent]
|switch|p1a: i eat rocks :)|Great Tusk|100/100
|move|p2a: ima throw hands|Hyperspace Fury|p1a: i eat rocks :)
|-resisted|p1a: i eat rocks :)
|-damage|p1a: i eat rocks :)|79/100
|-unboost|p2a: ima throw hands|def|1
|
|upkeep
|turn|4
|
|t:|1743788268
|switch|p2a: zippy|Zapdos|100/100
|move|p1a: i eat rocks :)|Ice Spinner|p2a: zippy
|-supereffective|p2a: zippy
|-damage|p2a: zippy|58/100
|
|upkeep
|turn|5
|
|t:|1743788275
|move|p1a: i eat rocks :)|Head Smash|p2a: zippy
|-supereffective|p2a: zippy
|-damage|p2a: zippy|0 fnt
|faint|p2a: zippy
|-damage|p1a: i eat rocks :)|50/100|[from] Recoil
|
|upkeep
|
|t:|1743788279
|switch|p2a: rockman|Great Tusk|100/100
|turn|6
|
|t:|1743788291
|move|p1a: i eat rocks :)|Ice Spinner|p2a: rockman
|-supereffective|p2a: rockman
|-damage|p2a: rockman|61/100
|move|p2a: rockman|Ice Spinner|p1a: i eat rocks :)
|-supereffective|p1a: i eat rocks :)
|-damage|p1a: i eat rocks :)|9/100
|-damage|p2a: rockman|44/100|[from] item: Rocky Helmet|[of] p1a: i eat rocks :)
|
|upkeep
|turn|7
|
|t:|1743788303
|move|p1a: i eat rocks :)|Headlong Rush|p2a: rockman
|-damage|p2a: rockman|0 fnt
|-unboost|p1a: i eat rocks :)|def|1
|-unboost|p1a: i eat rocks :)|spd|1
|faint|p2a: rockman
|-end|p2a: rockman|Protosynthesis|[silent]
|
|upkeep
|
|t:|1743788321
|switch|p2a: Ms.slick|Dragapult, F|100/100
|turn|8
|
|t:|1743788328
|-end|p1a: i eat rocks :)|Protosynthesis|[silent]
|switch|p1a: chicken jockey|Enamorus, F|100/100
|move|p2a: Ms.slick|U-turn|p1a: chicken jockey
|-resisted|p1a: chicken jockey
|-damage|p1a: chicken jockey|88/100
|
|t:|1743788331
|switch|p2a: Weaponized stapler|Scizor, F|100/100|[from] U-turn
|
|upkeep
|turn|9
|
|t:|1743788338
|switch|p1a: 3ft metal hammer|Kingambit, M|100/100
|move|p2a: Weaponized stapler|U-turn|p1a: 3ft metal hammer
|-damage|p1a: 3ft metal hammer|57/100
|j| LillieisLostAgain
|inactive|DA Scizor Enjoyer has 120 seconds left.
|
|t:|1743788373
|switch|p2a: ima throw hands|Hoopa-Unbound|100/100|[from] U-turn
|
|-heal|p1a: 3ft metal hammer|63/100|[from] item: Leftovers
|upkeep
|turn|10
|inactive|DA Scizor Enjoyer has 120 seconds left.
|
|t:|1743788388
|-end|p1a: 3ft metal hammer|fallenundefined|[silent]
|switch|p1a: chicken jockey|Enamorus, F|88/100
|move|p2a: ima throw hands|Drain Punch|p1a: chicken jockey
|-resisted|p1a: chicken jockey
|-damage|p1a: chicken jockey|77/100
|
|upkeep
|turn|11
|j| Undenuen
|
|t:|1743788401
|move|p1a: chicken jockey|Healing Wish|p1a: chicken jockey
|faint|p1a: chicken jockey
|move|p2a: ima throw hands|Thunderbolt|p1: chicken jockey|[notarget]
|-fail|p2a: ima throw hands
|
|upkeep
|inactive|ollierob1 has 120 seconds left.
|
|t:|1743788428
|switch|p1a: cupcake|Kyurem|100/100
|-ability|p1a: cupcake|Pressure
|turn|12
|
|t:|1743788432
|-terastallize|p2a: ima throw hands|Fighting
|move|p1a: cupcake|Icicle Spear|p2a: ima throw hands
|-damage|p2a: ima throw hands|71/100
|-damage|p2a: ima throw hands|43/100
|-damage|p2a: ima throw hands|15/100
|-hitcount|p2a: ima throw hands|3
|move|p2a: ima throw hands|Drain Punch|p1a: cupcake
|-supereffective|p1a: cupcake
|-damage|p1a: cupcake|10/100
|-heal|p2a: ima throw hands|74/100|[from] drain|[of] p1a: cupcake
|
|upkeep
|turn|13
|
|t:|1743788442
|switch|p2a: Weaponized stapler|Scizor, F|100/100
|move|p1a: cupcake|Icicle Spear|p2a: Weaponized stapler
|-resisted|p2a: Weaponized stapler
|-damage|p2a: Weaponized stapler|92/100
|-resisted|p2a: Weaponized stapler
|-crit|p2a: Weaponized stapler
|-damage|p2a: Weaponized stapler|77/100
|-resisted|p2a: Weaponized stapler
|-damage|p2a: Weaponized stapler|69/100
|-resisted|p2a: Weaponized stapler
|-damage|p2a: Weaponized stapler|60/100
|-resisted|p2a: Weaponized stapler
|-damage|p2a: Weaponized stapler|52/100
|-hitcount|p2a: Weaponized stapler|5
|
|upkeep
|turn|14
|
|t:|1743788449
|switch|p1a: i eat rocks :)|Great Tusk|9/100
|-heal|p1a: i eat rocks :)|100/100|[from] move: Healing Wish
|move|p2a: Weaponized stapler|U-turn|p1a: i eat rocks :)
|-resisted|p1a: i eat rocks :)
|-damage|p1a: i eat rocks :)|77/100
|-damage|p2a: Weaponized stapler|35/100|[from] item: Rocky Helmet|[of] p1a: i eat rocks :)
|
|t:|1743788454
|switch|p2a: Ms.slick|Dragapult, F|100/100|[from] U-turn
|
|upkeep
|turn|15
|
|t:|1743788468
|-end|p1a: i eat rocks :)|Protosynthesis|[silent]
|switch|p1a: 3ft metal hammer|Kingambit, M|63/100
|-activate|p1a: 3ft metal hammer|ability: Supreme Overlord
|-start|p1a: 3ft metal hammer|fallen1|[silent]
|move|p2a: Ms.slick|U-turn|p1a: 3ft metal hammer
|-damage|p1a: 3ft metal hammer|36/100
|
|t:|1743788477
|switch|p2a: ima throw hands|Hoopa-Unbound, tera:Fighting|74/100|[from] U-turn
|
|-heal|p1a: 3ft metal hammer|42/100|[from] item: Leftovers
|upkeep
|turn|16
|c|☆ollierob1|u turn u turn u turn
|inactive|DA Scizor Enjoyer has 120 seconds left.
|
|t:|1743788511
|-terastallize|p1a: 3ft metal hammer|Ghost
|move|p2a: ima throw hands|Psychic Noise|p1a: 3ft metal hammer
|-damage|p1a: 3ft metal hammer|0 fnt
|faint|p1a: 3ft metal hammer
|-end|p1a: 3ft metal hammer|fallen1|[silent]
|
|upkeep
|c|☆ollierob1|Crazy
|
|t:|1743788524
|switch|p1a: cupcake|Kyurem|10/100
|-ability|p1a: cupcake|Pressure
|turn|17
|c|☆DA Scizor Enjoyer|i was expectin like tusk or smthin
|c|☆DA Scizor Enjoyer|idk
|inactive|DA Scizor Enjoyer has 120 seconds left.
|c|☆DA Scizor Enjoyer|im kinda... idk waht to say
|j| union boss
|
|t:|1743788559
|switch|p2a: Seal|Primarina, F|51/100
|move|p1a: cupcake|Icicle Spear|p2a: Seal
|-resisted|p2a: Seal
|-damage|p2a: Seal|43/100
|-resisted|p2a: Seal
|-damage|p2a: Seal|34/100
|-resisted|p2a: Seal
|-crit|p2a: Seal
|-damage|p2a: Seal|21/100
|-resisted|p2a: Seal
|-damage|p2a: Seal|13/100
|-resisted|p2a: Seal
|-damage|p2a: Seal|5/100
|-hitcount|p2a: Seal|5
|
|upkeep
|turn|18
|
|t:|1743788563
|move|p1a: cupcake|Icicle Spear|p2a: Seal
|-resisted|p2a: Seal
|-damage|p2a: Seal|0 fnt
|faint|p2a: Seal
|-hitcount|p2: Seal|1
|
|upkeep
|
|t:|1743788568
|switch|p2a: Ms.slick|Dragapult, F|100/100
|turn|19
|
|t:|1743788582
|move|p2a: Ms.slick|Dragon Darts|p1a: cupcake
|-supereffective|p1a: cupcake
|-damage|p1a: cupcake|0 fnt
|faint|p1a: cupcake
|
|upkeep
|
|t:|1743788586
|switch|p1a: Thanos|Iron Crown|86/100
|turn|20
|j| Zuppalover04
|
|t:|1743788595
|move|p2a: Ms.slick|Dragon Darts|p1a: Thanos
|-resisted|p1a: Thanos
|-damage|p1a: Thanos|67/100
|-anim|p2a: Ms.slick|Dragon Darts|p1a: Thanos
|-resisted|p1a: Thanos
|-damage|p1a: Thanos|48/100
|move|p1a: Thanos|Calm Mind|p1a: Thanos
|-boost|p1a: Thanos|spa|1
|-boost|p1a: Thanos|spd|1
|
|upkeep
|turn|21
|
|t:|1743788606
|switch|p2a: ima throw hands|Hoopa-Unbound, tera:Fighting|74/100
|move|p1a: Thanos|Tachyon Cutter|p2a: ima throw hands
|-damage|p2a: ima throw hands|52/100
|-damage|p2a: ima throw hands|29/100
|-hitcount|p2a: ima throw hands|2
|
|upkeep
|turn|22
|
|t:|1743788609
|move|p1a: Thanos|Tachyon Cutter|p2a: ima throw hands
|-damage|p2a: ima throw hands|8/100
|-damage|p2a: ima throw hands|0 fnt
|faint|p2a: ima throw hands
|-hitcount|p2: ima throw hands|2
|
|upkeep
|
|t:|1743788613
|switch|p2a: Weaponized stapler|Scizor, F|35/100
|turn|23
|
|t:|1743788618
|move|p2a: Weaponized stapler|Bullet Punch|p1a: Thanos
|-resisted|p1a: Thanos
|-damage|p1a: Thanos|23/100
|move|p1a: Thanos|Tachyon Cutter|p2a: Weaponized stapler
|-resisted|p2a: Weaponized stapler
|-damage|p2a: Weaponized stapler|11/100
|-resisted|p2a: Weaponized stapler
|-damage|p2a: Weaponized stapler|0 fnt
|faint|p2a: Weaponized stapler
|-hitcount|p2: Weaponized stapler|2
|
|upkeep
|
|t:|1743788630
|switch|p2a: Ms.slick|Dragapult, F|100/100
|turn|24
|j| mrs.hellaurr
|
|t:|1743788635
|move|p2a: Ms.slick|Dragon Darts|p1a: Thanos
|-resisted|p1a: Thanos
|-damage|p1a: Thanos|3/100
|-anim|p2a: Ms.slick|Dragon Darts|p1a: Thanos
|-resisted|p1a: Thanos
|-damage|p1a: Thanos|0 fnt
|faint|p1a: Thanos
|-end|p1a: Thanos|Quark Drive|[silent]
|
|upkeep
|
|t:|1743788651
|switch|p1a: guhraffe|Raging Bolt|72/100
|turn|25
|
|t:|1743788654
|move|p1a: guhraffe|Thunderclap|p2a: Ms.slick
|-resisted|p2a: Ms.slick
|-damage|p2a: Ms.slick|72/100
|move|p2a: Ms.slick|Dragon Darts|p1a: guhraffe
|-supereffective|p1a: guhraffe
|-damage|p1a: guhraffe|13/100
|-anim|p2a: Ms.slick|Dragon Darts|p1a: guhraffe
|-supereffective|p1a: guhraffe
|-damage|p1a: guhraffe|0 fnt
|faint|p1a: guhraffe
|-end|p1a: guhraffe|Protosynthesis|[silent]
|
|upkeep
|c|☆DA Scizor Enjoyer|welp gg
|
|t:|1743788671
|switch|p1a: i eat rocks :)|Great Tusk|77/100
|turn|26
|j| vusty
|
|t:|1743788674
|move|p2a: Ms.slick|Dragon Darts|p1a: i eat rocks :)
|-damage|p1a: i eat rocks :)|51/100
|-anim|p2a: Ms.slick|Dragon Darts|p1a: i eat rocks :)
|-damage|p1a: i eat rocks :)|25/100
|move|p1a: i eat rocks :)|Headlong Rush|p2a: Ms.slick
|-damage|p2a: Ms.slick|0 fnt
|-unboost|p1a: i eat rocks :)|def|1
|-unboost|p1a: i eat rocks :)|spd|1
|faint|p2a: Ms.slick
|
|win|ollierob1
|raw|ollierob1's rating: 1873 &rarr; <strong>1889</strong><br />(+16 for winning)
|raw|DA Scizor Enjoyer's rating: 1799 &rarr; <strong>1783</strong><br />(-16 for losing)
|c|☆ollierob1|gg
|l| LillieisLostAgain
|l| Zuppalover04
|l|☆DA Scizor Enjoyer
|player|p2|
|l|☆ollierob1
|player|p1|
|l| vusty
|j| NotLookinForAName
|l| Undenuen
|l| NotLookinForAName
