|j|☆mexicanshyguy
|j|☆Mestregriffins
|t:|1743877274
|gametype|singles
|player|p1|mexicanshyguy|zinnia|1290
|player|p2|Mestregriffins|n|1207
|teamsize|p1|6
|teamsize|p2|6
|gen|9
|tier|[Gen 9] OU
|rated|
|rule|HP Percentage Mod: HP is shown in percentages
|rule|Endless Battle Clause: Forcing endless battles is banned
|rule|Species Clause: Limit one of each Pokémon
|rule|OHKO Clause: OHKO moves are banned
|rule|Evasion Items Clause: Evasion items are banned
|rule|Evasion Moves Clause: Evasion moves are banned
|rule|Sleep Moves Clause: Sleep-inducing moves are banned
|clearpoke
|poke|p1|Dragonite, M|
|poke|p1|Landorus-Therian, M|
|poke|p1|Scizor, F|
|poke|p1|Primarina, F|
|poke|p1|Raging Bolt|
|poke|p1|Pecharunt|
|poke|p2|Sandaconda, M|
|poke|p2|Excadrill, M|
|poke|p2|Tyranitar, F|
|poke|p2|Kommo-o, M|
|poke|p2|Quagsire, F|
|poke|p2|Enamorus-Therian, F|
|teampreview
|inactive|Battle timer is ON: inactive players will automatically lose when time's up. (requested by Mestregriffins)
|
|t:|1743877296
|start
|switch|p1a: Landorus|Landorus-Therian, M|100/100
|switch|p2a: Sandaconda|Sandaconda, M|100/100
|-ability|p1a: Landorus|Intimidate|boost
|-unboost|p2a: Sandaconda|atk|1
|turn|1
|
|t:|1743877320
|move|p1a: Landorus|Taunt|p2a: Sandaconda
|-start|p2a: Sandaconda|move: Taunt
|cant|p2a: Sandaconda|move: Taunt|Stealth Rock
|
|upkeep
|turn|2
|
|t:|1743877335
|move|p1a: Landorus|U-turn|p2a: Sandaconda
|-crit|p2a: Sandaconda
|-damage|p2a: Sandaconda|69/100
|-weather|Sandstorm|[from] ability: Sand Spit|[of] p2a: Sandaconda
|
|t:|1743877346
|switch|p1a: Pecharunt|Pecharunt|100/100|[from] U-turn
|move|p2a: Sandaconda|Stone Edge|p1a: Pecharunt|[miss]
|-miss|p2a: Sandaconda|p1a: Pecharunt
|
|-weather|Sandstorm|[upkeep]
|-damage|p1a: Pecharunt|94/100|[from] Sandstorm
|upkeep
|turn|3
|
|t:|1743877356
|move|p1a: Pecharunt|Malignant Chain|p2a: Sandaconda
|-resisted|p2a: Sandaconda
|-damage|p2a: Sandaconda|44/100
|-status|p2a: Sandaconda|tox
|-start|p2a: Sandaconda|confusion|[from] ability: Poison Puppeteer|[of] p1a: Pecharunt
|-activate|p2a: Sandaconda|confusion
|move|p2a: Sandaconda|Earthquake|p1a: Pecharunt
|-supereffective|p1a: Pecharunt
|-damage|p1a: Pecharunt|53/100
|
|-weather|Sandstorm|[upkeep]
|-damage|p1a: Pecharunt|47/100|[from] Sandstorm
|-damage|p2a: Sandaconda|38/100 tox|[from] psn
|-end|p2a: Sandaconda|move: Taunt
|upkeep
|turn|4
|
|t:|1743877372
|move|p1a: Pecharunt|Hex|p2a: Sandaconda
|-damage|p2a: Sandaconda|0 fnt
|faint|p2a: Sandaconda
|
|-weather|Sandstorm|[upkeep]
|-damage|p1a: Pecharunt|41/100|[from] Sandstorm
|upkeep
|
|t:|1743877387
|switch|p2a: Excadrill|Excadrill, M|100/100
|turn|5
|
|t:|1743877393
|switch|p1a: Landorus|Landorus-Therian, M|100/100
|-ability|p1a: Landorus|Intimidate|boost
|-unboost|p2a: Excadrill|atk|1
|move|p2a: Excadrill|Earthquake|p1a: Landorus
|-immune|p1a: Landorus
|
|-weather|Sandstorm|[upkeep]
|upkeep
|turn|6
|
|t:|1743877404
|switch|p2a: Quagsire|Quagsire, F|100/100
|move|p1a: Landorus|Earthquake|p2a: Quagsire
|-damage|p2a: Quagsire|65/100
|
|-weather|none
|upkeep
|turn|7
|
|t:|1743877421
|move|p1a: Landorus|Taunt|p2a: Quagsire
|-start|p2a: Quagsire|move: Taunt
|cant|p2a: Quagsire|move: Taunt|Toxic
|
|upkeep
|turn|8
|
|t:|1743877429
|switch|p2a: Enamorus|Enamorus-Therian, F|100/100
|move|p1a: Landorus|U-turn|p2a: Enamorus
|-resisted|p2a: Enamorus
|-damage|p2a: Enamorus|97/100
|
|t:|1743877433
|switch|p1a: Primarina|Primarina, F|100/100|[from] U-turn
|
|upkeep
|turn|9
|
|t:|1743877444
|-terastallize|p2a: Enamorus|Water
|move|p1a: Primarina|Flip Turn|p2a: Enamorus
|-resisted|p2a: Enamorus
|-damage|p2a: Enamorus|93/100
|
|t:|1743877450
|switch|p1a: Pecharunt|Pecharunt|41/100|[from] Flip Turn
|move|p2a: Enamorus|Calm Mind|p2a: Enamorus
|-boost|p2a: Enamorus|spa|1
|-boost|p2a: Enamorus|spd|1
|
|upkeep
|turn|10
|
|t:|1743877460
|move|p1a: Pecharunt|Parting Shot|p2a: Enamorus
|-unboost|p2a: Enamorus|atk|1
|-unboost|p2a: Enamorus|spa|1
|
|t:|1743877469
|switch|p1a: Raging Bolt|Raging Bolt|100/100|[from] Parting Shot
|-enditem|p1a: Raging Bolt|Booster Energy
|-activate|p1a: Raging Bolt|ability: Protosynthesis|[fromitem]
|-start|p1a: Raging Bolt|protosynthesisspa
|move|p2a: Enamorus|Earth Power|p1a: Raging Bolt
|-supereffective|p1a: Raging Bolt
|-damage|p1a: Raging Bolt|46/100
|
|upkeep
|turn|11
|
|t:|1743877480
|switch|p2a: Tyranitar|Tyranitar, F|100/100
|-weather|Sandstorm|[from] ability: Sand Stream|[of] p2a: Tyranitar
|-terastallize|p1a: Raging Bolt|Fairy
|move|p1a: Raging Bolt|Thunderbolt|p2a: Tyranitar
|-damage|p2a: Tyranitar|63/100
|
|-weather|Sandstorm|[upkeep]
|-damage|p1a: Raging Bolt|40/100|[from] Sandstorm
|upkeep
|turn|12
|
|t:|1743877498
|-end|p1a: Raging Bolt|Protosynthesis|[silent]
|switch|p1a: Landorus|Landorus-Therian, M|100/100
|-ability|p1a: Landorus|Intimidate|boost
|-unboost|p2a: Tyranitar|atk|1
|move|p2a: Tyranitar|Stealth Rock|p1a: Landorus
|-sidestart|p1: mexicanshyguy|move: Stealth Rock
|
|-weather|Sandstorm|[upkeep]
|upkeep
|turn|13
|
|t:|1743877508
|switch|p2a: Enamorus|Enamorus-Therian, F, tera:Water|93/100
|move|p1a: Landorus|Stealth Rock|p2a: Enamorus
|-sidestart|p2: Mestregriffins|move: Stealth Rock
|
|-weather|Sandstorm|[upkeep]
|upkeep
|turn|14
|
|t:|1743877520
|move|p1a: Landorus|U-turn|p2a: Enamorus
|-damage|p2a: Enamorus|77/100
|
|t:|1743877525
|switch|p1a: Raging Bolt|Raging Bolt, tera:Fairy|40/100|[from] U-turn
|-damage|p1a: Raging Bolt|28/100|[from] Stealth Rock
|move|p2a: Enamorus|Draining Kiss|p1a: Raging Bolt
|-damage|p1a: Raging Bolt|5/100
|-heal|p2a: Enamorus|97/100|[from] drain|[of] p1a: Raging Bolt
|
|-weather|Sandstorm|[upkeep]
|-damage|p1a: Raging Bolt|0 fnt|[from] Sandstorm
|faint|p1a: Raging Bolt
|-end|p1a: Raging Bolt|Protosynthesis|[silent]
|upkeep
|
|t:|1743877531
|switch|p1a: Primarina|Primarina, F|100/100
|-damage|p1a: Primarina|88/100|[from] Stealth Rock
|turn|15
|
|t:|1743877542
|move|p1a: Primarina|Moonblast|p2a: Enamorus
|-damage|p2a: Enamorus|49/100
|-unboost|p2a: Enamorus|spa|1
|move|p2a: Enamorus|Calm Mind|p2a: Enamorus
|-boost|p2a: Enamorus|spa|1
|-boost|p2a: Enamorus|spd|1
|
|-weather|Sandstorm|[upkeep]
|-damage|p1a: Primarina|82/100|[from] Sandstorm
|upkeep
|turn|16
|
|t:|1743877555
|move|p1a: Primarina|Moonblast|p2a: Enamorus
|-damage|p2a: Enamorus|16/100
|-unboost|p2a: Enamorus|spa|1
|move|p2a: Enamorus|Draining Kiss|p1a: Primarina
|-damage|p1a: Primarina|72/100
|-heal|p2a: Enamorus|23/100|[from] drain|[of] p1a: Primarina
|
|-weather|Sandstorm|[upkeep]
|-damage|p1a: Primarina|65/100|[from] Sandstorm
|upkeep
|turn|17
|
|t:|1743877568
|switch|p2a: Excadrill|Excadrill, M|100/100
|-damage|p2a: Excadrill|97/100|[from] Stealth Rock
|move|p1a: Primarina|Moonblast|p2a: Excadrill
|-resisted|p2a: Excadrill
|-damage|p2a: Excadrill|63/100
|
|-weather|Sandstorm|[upkeep]
|-damage|p1a: Primarina|59/100|[from] Sandstorm
|upkeep
|turn|18
|
|t:|1743877579
|switch|p1a: Landorus|Landorus-Therian, M|100/100
|-damage|p1a: Landorus|88/100|[from] Stealth Rock
|-ability|p1a: Landorus|Intimidate|boost
|-unboost|p2a: Excadrill|atk|1
|move|p2a: Excadrill|Rapid Spin|p1a: Landorus
|-damage|p1a: Landorus|72/100
|-boost|p2a: Excadrill|spe|1
|-damage|p2a: Excadrill|46/100|[from] item: Rocky Helmet|[of] p1a: Landorus
|-sideend|p2: Mestregriffins|Stealth Rock|[from] move: Rapid Spin|[of] p2a: Excadrill
|-damage|p2a: Excadrill|36/100|[from] item: Life Orb
|
|-weather|none
|upkeep
|turn|19
|
|t:|1743877594
|switch|p2a: Enamorus|Enamorus-Therian, F, tera:Water|23/100
|move|p1a: Landorus|Earthquake|p2a: Enamorus
|-damage|p2a: Enamorus|0 fnt
|faint|p2a: Enamorus
|
|upkeep
|
|t:|1743877606
|switch|p2a: Kommo-o|Kommo-o, M|100/100
|turn|20
|inactive|mexicanshyguy has 120 seconds left.
|
|t:|1743877639
|move|p1a: Landorus|Taunt|p2a: Kommo-o
|-start|p2a: Kommo-o|move: Taunt
|cant|p2a: Kommo-o|move: Taunt|Clangorous Soul
|
|upkeep
|turn|21
|
|t:|1743877649
|move|p1a: Landorus|Earthquake|p2a: Kommo-o
|-damage|p2a: Kommo-o|57/100
|move|p2a: Kommo-o|Boomburst|p1a: Landorus
|-damage|p1a: Landorus|27/100
|-enditem|p2a: Kommo-o|Throat Spray
|-boost|p2a: Kommo-o|spa|1|[from] item: Throat Spray
|
|upkeep
|turn|22
|
|t:|1743877659
|move|p1a: Landorus|Earthquake|p2a: Kommo-o
|-damage|p2a: Kommo-o|7/100
|move|p2a: Kommo-o|Boomburst|p1a: Landorus
|-damage|p1a: Landorus|0 fnt
|faint|p1a: Landorus
|
|-end|p2a: Kommo-o|move: Taunt
|upkeep
|
|t:|1743877664
|switch|p1a: Scizor|Scizor, F|100/100
|-damage|p1a: Scizor|88/100|[from] Stealth Rock
|turn|23
|
|t:|1743877673
|move|p1a: Scizor|Bullet Punch|p2a: Kommo-o
|-damage|p2a: Kommo-o|0 fnt
|faint|p2a: Kommo-o
|-damage|p1a: Scizor|78/100|[from] item: Life Orb
|
|upkeep
|
|t:|1743877681
|switch|p2a: Quagsire|Quagsire, F|65/100
|turn|24
|
|t:|1743877698
|move|p1a: Scizor|Knock Off|p2a: Quagsire
|-crit|p2a: Quagsire
|-damage|p2a: Quagsire|12/100
|-enditem|p2a: Quagsire|Heavy-Duty Boots|[from] move: Knock Off|[of] p1a: Scizor
|-damage|p1a: Scizor|68/100|[from] item: Life Orb
|move|p2a: Quagsire|Earthquake|p1a: Scizor
|-damage|p1a: Scizor|31/100
|
|upkeep
|turn|25
|
|t:|1743877708
|move|p1a: Scizor|Bullet Punch|p2a: Quagsire
|-resisted|p2a: Quagsire
|-damage|p2a: Quagsire|0 fnt
|faint|p2a: Quagsire
|-damage|p1a: Scizor|21/100|[from] item: Life Orb
|
|upkeep
|
|t:|1743877716
|switch|p2a: Tyranitar|Tyranitar, F|63/100
|-weather|Sandstorm|[from] ability: Sand Stream|[of] p2a: Tyranitar
|turn|26
|inactive|mexicanshyguy has 120 seconds left.
|inactive|mexicanshyguy has 90 seconds left.
|inactive|mexicanshyguy has 60 seconds left.
|inactive|mexicanshyguy has 30 seconds left.
|inactive|mexicanshyguy has 20 seconds left.
|inactive|mexicanshyguy has 15 seconds left.
|inactive|mexicanshyguy has 10 seconds left.
|inactive|mexicanshyguy has 5 seconds left.
|
|t:|1743877863
|move|p1a: Scizor|Bullet Punch|p2a: Tyranitar
|-supereffective|p2a: Tyranitar
|-damage|p2a: Tyranitar|0 fnt
|faint|p2a: Tyranitar
|-damage|p1a: Scizor|11/100|[from] item: Life Orb
|
|-weather|Sandstorm|[upkeep]
|upkeep
|inactive|mexicanshyguy has 10 seconds left this turn.
|inactive|Mestregriffins has 120 seconds left.
|inactive|Mestregriffins has 90 seconds left.
|inactive|Mestregriffins has 60 seconds left.
|inactive|Mestregriffins has 30 seconds left.
|inactive|Mestregriffins has 20 seconds left.
|inactive|Mestregriffins has 15 seconds left.
|inactive|Mestregriffins has 10 seconds left.
|inactive|Mestregriffins has 5 seconds left.
|-message|Mestregriffins lost due to inactivity.
|
|win|mexicanshyguy
|raw|mexicanshyguy's rating: 1290 &rarr; <strong>1309</strong><br />(+19 for winning)
|raw|Mestregriffins's rating: 1207 &rarr; <strong>1188</strong><br />(-19 for losing)
