|j|☆mio3777
|j|‽SkyN64
|t:|1743844292
|gametype|singles
|player|p1|mio3777|266|1392
|player|p2|SkyN64|1|1335
|teamsize|p1|6
|teamsize|p2|6
|gen|9
|tier|[Gen 9] OU
|rated|
|rule|HP Percentage Mod: HP is shown in percentages
|rule|Endless Battle Clause: Forcing endless battles is banned
|rule|Species Clause: Limit one of each Pokémon
|rule|OHKO Clause: OHKO moves are banned
|rule|Evasion Items Clause: Evasion items are banned
|rule|Evasion Moves Clause: Evasion moves are banned
|rule|Sleep Moves Clause: Sleep-inducing moves are banned
|clearpoke
|poke|p1|Glimmora, F|
|poke|p1|Gholdengo|
|poke|p1|Dondozo, F|
|poke|p1|Blissey, F|
|poke|p1|Rotom-Heat|
|poke|p1|Hoopa-Unbound|
|poke|p2|Hatterene, F|
|poke|p2|Meowscarada, M|
|poke|p2|Corviknight, F|
|poke|p2|Garchomp, F|
|poke|p2|Quaquaval, F|
|poke|p2|Toxtricity, M|
|teampreview
|inactive|Battle timer is ON: inactive players will automatically lose when time's up. (requested by mio3777)
|inactive|SkyN64 has 120 seconds left.
|
|t:|1743844346
|start
|switch|p1a: Rotom|Rotom-Heat|100/100
|switch|p2a: Meowscarada|Meowscarada, M|100/100
|turn|1
|
|t:|1743844352
|move|p1a: Rotom|Overheat|p2a: Meowscarada
|-supereffective|p2a: Meowscarada
|-damage|p2a: Meowscarada|0 fnt
|-unboost|p1a: Rotom|spa|2
|faint|p2a: Meowscarada
|
|upkeep
|
|t:|1743844368
|switch|p2a: Hatterene|Hatterene, F|100/100
|turn|2
|
|t:|1743844375
|switch|p1a: Blissey|Blissey, F|100/100
|move|p2a: Hatterene|Calm Mind|p2a: Hatterene
|-boost|p2a: Hatterene|spa|1
|-boost|p2a: Hatterene|spd|1
|
|upkeep
|turn|3
|
|t:|1743844382
|move|p1a: Blissey|Trick|p2a: Hatterene
|-activate|p1a: Blissey|move: Trick|[of] p2a: Hatterene
|-item|p2a: Hatterene|Choice Specs|[from] move: Trick
|-item|p1a: Blissey|Leftovers|[from] move: Trick
|move|p2a: Hatterene|Nuzzle|p1a: Blissey
|-damage|p1a: Blissey|92/100
|-status|p1a: Blissey|par
|
|-heal|p1a: Blissey|98/100 par|[from] item: Leftovers
|upkeep
|turn|4
|
|t:|1743844400
|switch|p2a: Corviknight|Corviknight, F|100/100
|-ability|p2a: Corviknight|Pressure
|cant|p1a: Blissey|par
|
|-heal|p1a: Blissey|100/100 par|[from] item: Leftovers
|upkeep
|turn|5
|
|t:|1743844411
|switch|p2a: Toxtricity|Toxtricity, M|100/100
|-curestatus|p1a: Blissey|par|[from] ability: Natural Cure
|switch|p1a: Glimmora|Glimmora, F|100/100
|
|upkeep
|turn|6
|
|t:|1743844419
|switch|p1a: Blissey|Blissey, F|100/100
|switch|p2a: Quaquaval|Quaquaval, F|100/100
|
|upkeep
|turn|7
|
|t:|1743844431
|switch|p1a: Glimmora|Glimmora, F|100/100
|move|p2a: Quaquaval|Aqua Step|p1a: Glimmora
|-supereffective|p1a: Glimmora
|-damage|p1a: Glimmora|12/100
|-boost|p2a: Quaquaval|spe|1
|-activate|p1a: Glimmora|ability: Toxic Debris
|-sidestart|p2: SkyN64|move: Toxic Spikes
|-enditem|p1a: Glimmora|Red Card|[of] p2a: Quaquaval
|drag|p2a: Corviknight|Corviknight, F|100/100
|-ability|p2a: Corviknight|Pressure
|
|upkeep
|turn|8
|
|t:|1743844444
|move|p1a: Glimmora|Stealth Rock|p2a: Corviknight
|-sidestart|p2: SkyN64|move: Stealth Rock
|move|p2a: Corviknight|Brave Bird|p1a: Glimmora
|-resisted|p1a: Glimmora
|-damage|p1a: Glimmora|0 fnt
|-activate|p1a: Glimmora|ability: Toxic Debris
|-sidestart|p2: SkyN64|move: Toxic Spikes
|faint|p1a: Glimmora
|-damage|p2a: Corviknight|97/100|[from] Recoil
|
|upkeep
|
|t:|1743844454
|switch|p1a: Rotom|Rotom-Heat|100/100
|turn|9
|
|t:|1743844474
|-terastallize|p2a: Corviknight|Dragon
|move|p1a: Rotom|Volt Switch|p2a: Corviknight
|-resisted|p2a: Corviknight
|-crit|p2a: Corviknight
|-damage|p2a: Corviknight|71/100
|
|t:|1743844479
|switch|p1a: Gholdengo|Gholdengo|100/100|[from] Volt Switch
|move|p2a: Corviknight|Defog|p1a: Gholdengo
|-immune|p1a: Gholdengo|[from] ability: Good as Gold
|
|upkeep
|turn|10
|
|t:|1743844490
|move|p1a: Gholdengo|Trick|p2a: Corviknight
|-activate|p1a: Gholdengo|move: Trick|[of] p2a: Corviknight
|-item|p2a: Corviknight|Choice Scarf|[from] move: Trick
|-item|p1a: Gholdengo|Rocky Helmet|[from] move: Trick
|move|p2a: Corviknight|Brave Bird|p1a: Gholdengo
|-resisted|p1a: Gholdengo
|-damage|p1a: Gholdengo|82/100
|-damage|p2a: Corviknight|55/100|[from] item: Rocky Helmet|[of] p1a: Gholdengo
|-damage|p2a: Corviknight|50/100|[from] Recoil
|
|upkeep
|turn|11
|
|t:|1743844500
|switch|p2a: Toxtricity|Toxtricity, M|100/100
|-sideend|p2: SkyN64|move: Toxic Spikes|[of] p2a: Toxtricity
|-damage|p2a: Toxtricity|88/100|[from] Stealth Rock
|move|p1a: Gholdengo|Shadow Ball|p2a: Toxtricity
|-damage|p2a: Toxtricity|26/100
|
|upkeep
|turn|12
|
|t:|1743844509
|move|p1a: Gholdengo|Shadow Ball|p2a: Toxtricity
|-damage|p2a: Toxtricity|0 fnt
|faint|p2a: Toxtricity
|
|upkeep
|-message|SkyN64 forfeited.
|
|win|mio3777
|raw|mio3777's rating: 1392 &rarr; <strong>1409</strong><br />(+17 for winning)
|raw|SkyN64's rating: 1335 &rarr; <strong>1318</strong><br />(-17 for losing)
|l|‽SkyN64
|player|p2|
|l|☆mio3777
|player|p1|
