|j|☆Impostorlol
|j|☆Levult
|t:|1743796304
|gametype|singles
|player|p1|Impostorlol|iono|1220
|player|p2|Levult|266|1245
|teamsize|p1|6
|teamsize|p2|6
|gen|9
|tier|[Gen 9] OU
|rated|
|rule|HP Percentage Mod: HP is shown in percentages
|rule|Endless Battle Clause: Forcing endless battles is banned
|rule|Species Clause: Limit one of each Pokémon
|rule|OHKO Clause: OHKO moves are banned
|rule|Evasion Items Clause: Evasion items are banned
|rule|Evasion Moves Clause: Evasion moves are banned
|rule|Sleep Moves Clause: Sleep-inducing moves are banned
|clearpoke
|poke|p1|Gliscor, F|
|poke|p1|Garganacl, F|
|poke|p1|Iron Treads|
|poke|p1|Raging Bolt|
|poke|p1|Blissey, F|
|poke|p1|Dragapult, F|
|poke|p2|Salamence, M|
|poke|p2|Cacturne, M|
|poke|p2|Cobalion|
|poke|p2|Quaquaval, F|
|poke|p2|Pecharunt|
|poke|p2|Alomomola, F|
|teampreview
|
|t:|1743796314
|start
|switch|p1a: anti british wall|Garganacl, F|100/100
|switch|p2a: Cacturne|Cacturne, M, shiny|100/100
|turn|1
|
|t:|1743796319
|move|p2a: Cacturne|Swords Dance|p2a: Cacturne
|-boost|p2a: Cacturne|atk|2
|move|p1a: anti british wall|Stealth Rock|p2a: Cacturne
|-sidestart|p2: Levult|move: Stealth Rock
|
|upkeep
|turn|2
|
|t:|1743796324
|switch|p1a: chud|Gliscor, F|100/100
|move|p2a: Cacturne|Knock Off|p1a: chud
|-damage|p1a: chud|25/100
|-enditem|p1a: chud|Toxic Orb|[from] move: Knock Off|[of] p2a: Cacturne
|-damage|p2a: Cacturne|91/100|[from] item: Life Orb
|
|upkeep
|turn|3
|
|t:|1743796330
|move|p1a: chud|Protect|p1a: chud
|-singleturn|p1a: chud|Protect
|move|p2a: Cacturne|Sucker Punch||[still]
|-fail|p2a: Cacturne
|
|upkeep
|turn|4
|
|t:|1743796337
|move|p1a: chud|Toxic|p2a: Cacturne
|-status|p2a: Cacturne|tox
|move|p2a: Cacturne|Knock Off|p1a: chud
|-damage|p1a: chud|0 fnt
|faint|p1a: chud
|-damage|p2a: Cacturne|81/100 tox|[from] item: Life Orb
|
|-damage|p2a: Cacturne|75/100 tox|[from] psn
|upkeep
|
|t:|1743796348
|switch|p1a: anti british wall|Garganacl, F|100/100
|turn|5
|
|t:|1743796355
|move|p1a: anti british wall|Protect|p1a: anti british wall
|-singleturn|p1a: anti british wall|Protect
|move|p2a: Cacturne|Swords Dance|p2a: Cacturne
|-boost|p2a: Cacturne|atk|2
|
|-damage|p2a: Cacturne|62/100 tox|[from] psn
|upkeep
|turn|6
|
|t:|1743796368
|switch|p1a: egg baby|Blissey, F|100/100
|move|p2a: Cacturne|Knock Off|p1a: egg baby
|-damage|p1a: egg baby|0 fnt
|-enditem|p1a: egg baby|Leftovers|[from] move: Knock Off|[of] p2a: Cacturne
|faint|p1a: egg baby
|-damage|p2a: Cacturne|52/100 tox|[from] item: Life Orb
|
|-damage|p2a: Cacturne|34/100 tox|[from] psn
|upkeep
|
|t:|1743796374
|switch|p1a: that bird tht i h8|Dragapult, F|100/100
|turn|7
|
|t:|1743796380
|move|p1a: that bird tht i h8|Will-O-Wisp||[still]
|-fail|p1a: that bird tht i h8
|move|p2a: Cacturne|Knock Off|p1a: that bird tht i h8
|-supereffective|p1a: that bird tht i h8
|-damage|p1a: that bird tht i h8|0 fnt
|-enditem|p1a: that bird tht i h8|Heavy-Duty Boots|[from] move: Knock Off|[of] p2a: Cacturne
|faint|p1a: that bird tht i h8
|-damage|p2a: Cacturne|24/100 tox|[from] item: Life Orb
|
|-damage|p2a: Cacturne|0 fnt|[from] psn
|faint|p2a: Cacturne
|upkeep
|
|t:|1743796410
|switch|p1a: big poo|Raging Bolt|100/100
|switch|p2a: Alomomola|Alomomola, F, shiny|100/100
|-damage|p2a: Alomomola|88/100|[from] Stealth Rock
|turn|8
|
|t:|1743796419
|-terastallize|p2a: Alomomola|Fairy
|move|p1a: big poo|Volt Switch|p2a: Alomomola
|-damage|p2a: Alomomola|63/100
|
|t:|1743796427
|-end|p1a: big poo|Protosynthesis|[silent]
|switch|p1a: ace eater|Iron Treads|100/100|[from] Volt Switch
|move|p2a: Alomomola|Play Rough|p1a: ace eater
|-resisted|p1a: ace eater
|-damage|p1a: ace eater|90/100
|
|-heal|p1a: ace eater|96/100|[from] item: Leftovers
|upkeep
|turn|9
|
|t:|1743796438
|switch|p2a: Quaquaval|Quaquaval, F, shiny|100/100
|-damage|p2a: Quaquaval|94/100|[from] Stealth Rock
|move|p1a: ace eater|Knock Off|p2a: Quaquaval
|-resisted|p2a: Quaquaval
|-damage|p2a: Quaquaval|73/100
|-enditem|p2a: Quaquaval|Assault Vest|[from] move: Knock Off|[of] p1a: ace eater
|
|-heal|p1a: ace eater|100/100|[from] item: Leftovers
|upkeep
|turn|10
|
|t:|1743796444
|move|p1a: ace eater|Volt Switch|p2a: Quaquaval
|-supereffective|p2a: Quaquaval
|-damage|p2a: Quaquaval|41/100
|
|t:|1743796449
|-end|p1a: ace eater|Quark Drive|[silent]
|switch|p1a: big poo|Raging Bolt|100/100|[from] Volt Switch
|move|p2a: Quaquaval|Rapid Spin|p1a: big poo
|-damage|p1a: big poo|86/100
|-boost|p2a: Quaquaval|spe|1
|-sideend|p2: Levult|Stealth Rock|[from] move: Rapid Spin|[of] p2a: Quaquaval
|
|upkeep
|turn|11
|
|t:|1743796454
|move|p2a: Quaquaval|Ice Spinner|p1a: big poo
|-supereffective|p1a: big poo
|-damage|p1a: big poo|35/100
|move|p1a: big poo|Volt Switch|p2a: Quaquaval
|-supereffective|p2a: Quaquaval
|-damage|p2a: Quaquaval|0 fnt
|faint|p2a: Quaquaval
|
|t:|1743796458
|-end|p1a: big poo|Protosynthesis|[silent]
|switch|p1a: anti british wall|Garganacl, F|100/100|[from] Volt Switch
|
|upkeep
|
|t:|1743796461
|switch|p2a: Cobalion|Cobalion, shiny|100/100
|turn|12
|
|t:|1743796465
|-terastallize|p1a: anti british wall|Fairy
|move|p2a: Cobalion|Iron Defense|p2a: Cobalion
|-boost|p2a: Cobalion|def|2
|move|p1a: anti british wall|Salt Cure|p2a: Cobalion
|-resisted|p2a: Cobalion
|-damage|p2a: Cobalion|99/100
|-start|p2a: Cobalion|Salt Cure
|
|-damage|p2a: Cobalion|74/100|[from] Salt Cure
|upkeep
|turn|13
|
|t:|1743796470
|switch|p2a: Pecharunt|Pecharunt|100/100
|move|p1a: anti british wall|Stealth Rock|p2a: Pecharunt
|-sidestart|p2: Levult|move: Stealth Rock
|
|upkeep
|turn|14
|
|t:|1743796473
|switch|p1a: ace eater|Iron Treads|100/100
|move|p2a: Pecharunt|Malignant Chain|p1a: ace eater
|-immune|p1a: ace eater
|
|upkeep
|turn|15
|
|t:|1743796477
|move|p1a: ace eater|Knock Off|p2a: Pecharunt
|-supereffective|p2a: Pecharunt
|-damage|p2a: Pecharunt|73/100
|-damage|p1a: ace eater|84/100|[from] item: Rocky Helmet|[of] p2a: Pecharunt
|-enditem|p2a: Pecharunt|Rocky Helmet|[from] move: Knock Off|[of] p1a: ace eater
|move|p2a: Pecharunt|Shadow Ball|p1a: ace eater
|-damage|p1a: ace eater|46/100
|-unboost|p1a: ace eater|spd|1
|
|-heal|p1a: ace eater|53/100|[from] item: Leftovers
|upkeep
|turn|16
|
|t:|1743796484
|move|p1a: ace eater|Earthquake|p2a: Pecharunt
|-supereffective|p2a: Pecharunt
|-damage|p2a: Pecharunt|30/100
|move|p2a: Pecharunt|Recover|p2a: Pecharunt
|-heal|p2a: Pecharunt|80/100
|
|-heal|p1a: ace eater|59/100|[from] item: Leftovers
|upkeep
|turn|17
|
|t:|1743796488
|switch|p2a: Salamence|Salamence, M, shiny|100/100
|-damage|p2a: Salamence|76/100|[from] Stealth Rock
|move|p1a: ace eater|Earthquake|p2a: Salamence
|-immune|p2a: Salamence
|
|-heal|p1a: ace eater|65/100|[from] item: Leftovers
|upkeep
|turn|18
|
|t:|1743796494
|move|p1a: ace eater|Knock Off|p2a: Salamence
|-damage|p2a: Salamence|36/100
|-enditem|p2a: Salamence|Expert Belt|[from] move: Knock Off|[of] p1a: ace eater
|move|p2a: Salamence|Dragon Dance|p2a: Salamence
|-boost|p2a: Salamence|atk|1
|-boost|p2a: Salamence|spe|1
|
|-heal|p1a: ace eater|71/100|[from] item: Leftovers
|upkeep
|turn|19
|
|t:|1743796500
|-end|p1a: ace eater|Quark Drive|[silent]
|switch|p1a: anti british wall|Garganacl, F, tera:Fairy|100/100
|move|p2a: Salamence|Earthquake|p1a: anti british wall
|-damage|p1a: anti british wall|71/100
|
|-heal|p1a: anti british wall|77/100|[from] item: Leftovers
|upkeep
|turn|20
|
|t:|1743796503
|move|p2a: Salamence|Hurricane|p1a: anti british wall
|-damage|p1a: anti british wall|41/100
|-start|p1a: anti british wall|confusion
|-activate|p1a: anti british wall|confusion
|-damage|p1a: anti british wall|36/100|[from] confusion
|
|-heal|p1a: anti british wall|42/100|[from] item: Leftovers
|upkeep
|turn|21
|
|t:|1743796508
|move|p2a: Salamence|Hurricane|p1a: anti british wall
|-damage|p1a: anti british wall|6/100
|-activate|p1a: anti british wall|confusion
|move|p1a: anti british wall|Recover|p1a: anti british wall
|-heal|p1a: anti british wall|56/100
|
|-heal|p1a: anti british wall|62/100|[from] item: Leftovers
|upkeep
|turn|22
|
|t:|1743796515
|switch|p1a: ace eater|Iron Treads|71/100
|move|p2a: Salamence|Hurricane|p1a: ace eater
|-resisted|p1a: ace eater
|-damage|p1a: ace eater|43/100
|
|-heal|p1a: ace eater|49/100|[from] item: Leftovers
|upkeep
|turn|23
|
|t:|1743796525
|move|p2a: Salamence|Earthquake|p1a: ace eater
|-supereffective|p1a: ace eater
|-damage|p1a: ace eater|0 fnt
|faint|p1a: ace eater
|-end|p1a: ace eater|Quark Drive|[silent]
|-ability|p2a: Salamence|Moxie|boost
|-boost|p2a: Salamence|atk|1
|
|upkeep
|
|t:|1743796529
|switch|p1a: big poo|Raging Bolt|35/100
|turn|24
|
|t:|1743796531
|move|p1a: big poo|Thunderclap||[still]
|-fail|p1a: big poo
|move|p2a: Salamence|Dragon Dance|p2a: Salamence
|-boost|p2a: Salamence|atk|1
|-boost|p2a: Salamence|spe|1
|
|upkeep
|turn|25
|
|t:|1743796536
|move|p1a: big poo|Thunderclap||[still]
|-fail|p1a: big poo
|move|p2a: Salamence|Dragon Dance|p2a: Salamence
|-boost|p2a: Salamence|atk|1
|-boost|p2a: Salamence|spe|1
|
|upkeep
|turn|26
|
|t:|1743796538
|move|p1a: big poo|Thunderclap||[still]
|-fail|p1a: big poo
|move|p2a: Salamence|Dragon Dance|p2a: Salamence
|-boost|p2a: Salamence|atk|1
|-boost|p2a: Salamence|spe|1
|
|upkeep
|turn|27
|
|t:|1743796540
|move|p1a: big poo|Thunderclap||[still]
|-fail|p1a: big poo
|move|p2a: Salamence|Dragon Dance|p2a: Salamence
|-boost|p2a: Salamence|atk|1
|-boost|p2a: Salamence|spe|1
|
|upkeep
|turn|28
|
|t:|1743796542
|move|p1a: big poo|Thunderclap||[still]
|-fail|p1a: big poo
|move|p2a: Salamence|Dragon Dance|p2a: Salamence
|-boost|p2a: Salamence|atk|0
|-boost|p2a: Salamence|spe|1
|
|upkeep
|turn|29
|
|t:|1743796544
|move|p1a: big poo|Thunderclap||[still]
|-fail|p1a: big poo
|move|p2a: Salamence|Dragon Dance|p2a: Salamence
|-boost|p2a: Salamence|atk|0
|-boost|p2a: Salamence|spe|0
|
|upkeep
|turn|30
|
|t:|1743796546
|move|p2a: Salamence|Dragon Dance|p2a: Salamence
|-boost|p2a: Salamence|atk|0
|-boost|p2a: Salamence|spe|0
|move|p1a: big poo|Volt Switch|p2a: Salamence
|-damage|p2a: Salamence|0 fnt
|faint|p2a: Salamence
|
|t:|1743796549
|-end|p1a: big poo|Protosynthesis|[silent]
|switch|p1a: anti british wall|Garganacl, F, tera:Fairy|62/100|[from] Volt Switch
|
|-heal|p1a: anti british wall|68/100|[from] item: Leftovers
|upkeep
|
|t:|1743796553
|switch|p2a: Pecharunt|Pecharunt|80/100
|-damage|p2a: Pecharunt|68/100|[from] Stealth Rock
|turn|31
|
|t:|1743796560
|move|p1a: anti british wall|Protect|p1a: anti british wall
|-singleturn|p1a: anti british wall|Protect
|move|p2a: Pecharunt|Malignant Chain|p1a: anti british wall
|-activate|p1a: anti british wall|move: Protect
|
|-heal|p1a: anti british wall|75/100|[from] item: Leftovers
|upkeep
|turn|32
|
|t:|1743796567
|switch|p1a: big poo|Raging Bolt|35/100
|move|p2a: Pecharunt|Malignant Chain|p1a: big poo
|-damage|p1a: big poo|7/100
|
|upkeep
|turn|33
|
|t:|1743796577
|switch|p2a: Alomomola|Alomomola, F, shiny, tera:Fairy|97/100
|-damage|p2a: Alomomola|84/100|[from] Stealth Rock
|move|p1a: big poo|Taunt|p2a: Alomomola
|-start|p2a: Alomomola|move: Taunt
|
|upkeep
|turn|34
|
|t:|1743796582
|move|p1a: big poo|Volt Switch|p2a: Alomomola
|-damage|p2a: Alomomola|61/100
|
|t:|1743796585
|-end|p1a: big poo|Protosynthesis|[silent]
|switch|p1a: anti british wall|Garganacl, F, tera:Fairy|75/100|[from] Volt Switch
|move|p2a: Alomomola|Mirror Coat|p1a: anti british wall
|-damage|p1a: anti british wall|21/100
|
|-heal|p1a: anti british wall|27/100|[from] item: Leftovers
|upkeep
|turn|35
|
|t:|1743796593
|move|p2a: Alomomola|Flip Turn|p1a: anti british wall
|-damage|p1a: anti british wall|19/100
|
|t:|1743796594
|switch|p2a: Cobalion|Cobalion, shiny|74/100|[from] Flip Turn
|-damage|p2a: Cobalion|71/100|[from] Stealth Rock
|move|p1a: anti british wall|Recover|p1a: anti british wall
|-heal|p1a: anti british wall|69/100
|
|-heal|p1a: anti british wall|75/100|[from] item: Leftovers
|upkeep
|turn|36
|
|t:|1743796599
|move|p2a: Cobalion|Iron Head|p1a: anti british wall
|-supereffective|p1a: anti british wall
|-damage|p1a: anti british wall|48/100
|move|p1a: anti british wall|Salt Cure|p2a: Cobalion
|-resisted|p2a: Cobalion
|-damage|p2a: Cobalion|69/100
|-start|p2a: Cobalion|Salt Cure
|
|-heal|p1a: anti british wall|54/100|[from] item: Leftovers
|-damage|p2a: Cobalion|44/100|[from] Salt Cure
|upkeep
|turn|37
|
|t:|1743796606
|switch|p2a: Pecharunt|Pecharunt|68/100
|-damage|p2a: Pecharunt|55/100|[from] Stealth Rock
|move|p1a: anti british wall|Salt Cure|p2a: Pecharunt
|-damage|p2a: Pecharunt|49/100
|-start|p2a: Pecharunt|Salt Cure
|
|-heal|p1a: anti british wall|60/100|[from] item: Leftovers
|-damage|p2a: Pecharunt|37/100|[from] Salt Cure
|upkeep
|turn|38
|
|t:|1743796611
|switch|p1a: big poo|Raging Bolt|7/100
|move|p2a: Pecharunt|Recover|p2a: Pecharunt
|-heal|p2a: Pecharunt|87/100
|
|-damage|p2a: Pecharunt|74/100|[from] Salt Cure
|upkeep
|turn|39
|
|t:|1743796614
|switch|p2a: Alomomola|Alomomola, F, shiny, tera:Fairy|94/100
|-damage|p2a: Alomomola|82/100|[from] Stealth Rock
|move|p1a: big poo|Taunt|p2a: Alomomola
|-start|p2a: Alomomola|move: Taunt
|
|upkeep
|turn|40
|
|t:|1743796618
|-end|p1a: big poo|Protosynthesis|[silent]
|switch|p1a: anti british wall|Garganacl, F, tera:Fairy|60/100
|move|p2a: Alomomola|Flip Turn|p1a: anti british wall
|-damage|p1a: anti british wall|51/100
|
|t:|1743796620
|switch|p2a: Pecharunt|Pecharunt|74/100|[from] Flip Turn
|-damage|p2a: Pecharunt|62/100|[from] Stealth Rock
|
|-heal|p1a: anti british wall|57/100|[from] item: Leftovers
|upkeep
|turn|41
|
|t:|1743796624
|move|p2a: Pecharunt|Malignant Chain|p1a: anti british wall
|-supereffective|p1a: anti british wall
|-damage|p1a: anti british wall|7/100
|move|p1a: anti british wall|Salt Cure|p2a: Pecharunt
|-damage|p2a: Pecharunt|56/100
|-start|p2a: Pecharunt|Salt Cure
|
|-heal|p1a: anti british wall|13/100|[from] item: Leftovers
|-damage|p2a: Pecharunt|43/100|[from] Salt Cure
|upkeep
|turn|42
|
|t:|1743796628
|move|p1a: anti british wall|Protect|p1a: anti british wall
|-singleturn|p1a: anti british wall|Protect
|move|p2a: Pecharunt|Malignant Chain|p1a: anti british wall
|-activate|p1a: anti british wall|move: Protect
|
|-heal|p1a: anti british wall|19/100|[from] item: Leftovers
|-damage|p2a: Pecharunt|31/100|[from] Salt Cure
|upkeep
|turn|43
|
|t:|1743796634
|move|p2a: Pecharunt|Malignant Chain|p1a: anti british wall
|-supereffective|p1a: anti british wall
|-damage|p1a: anti british wall|0 fnt
|faint|p1a: anti british wall
|
|-damage|p2a: Pecharunt|18/100|[from] Salt Cure
|upkeep
|
|t:|1743796636
|switch|p1a: big poo|Raging Bolt|7/100
|turn|44
|
|t:|1743796645
|move|p1a: big poo|Dragon Pulse|p2a: Pecharunt
|-damage|p2a: Pecharunt|0 fnt
|faint|p2a: Pecharunt
|
|upkeep
|
|t:|1743796648
|switch|p2a: Alomomola|Alomomola, F, shiny, tera:Fairy|100/100
|-damage|p2a: Alomomola|88/100|[from] Stealth Rock
|turn|45
|
|t:|1743796651
|move|p1a: big poo|Volt Switch|p2a: Alomomola
|-damage|p2a: Alomomola|65/100
|move|p2a: Alomomola|Mirror Coat|p1a: big poo
|-damage|p1a: big poo|0 fnt
|faint|p1a: big poo
|-end|p1a: big poo|Protosynthesis|[silent]
|
|win|Levult
|raw|Impostorlol's rating: 1220 &rarr; <strong>1197</strong><br />(-23 for losing)
|raw|Levult's rating: 1245 &rarr; <strong>1268</strong><br />(+23 for winning)
