|j|☆vacheron
|j|☆temporarylight
|t:|1743792106
|gametype|singles
|player|p1|vacheron|170|1724
|player|p2|temporarylight|265|1768
|teamsize|p1|6
|teamsize|p2|6
|gen|9
|tier|[Gen 9] OU
|rated|
|rule|HP Percentage Mod: HP is shown in percentages
|rule|Endless Battle Clause: Forcing endless battles is banned
|rule|Species Clause: Limit one of each Pokémon
|rule|OHKO Clause: OHKO moves are banned
|rule|Evasion Items Clause: Evasion items are banned
|rule|Evasion Moves Clause: Evasion moves are banned
|rule|Sleep Moves Clause: Sleep-inducing moves are banned
|clearpoke
|poke|p1|Samurott-Hisui, F|
|poke|p1|Iron Valiant|
|poke|p1|Pecharunt|
|poke|p1|Reuniclus, F|
|poke|p1|Darkrai|
|poke|p1|Kingambit, F|
|poke|p2|Arcanine-Hisui, M|
|poke|p2|Garchomp, M|
|poke|p2|Pecharunt|
|poke|p2|Tornadus-Therian, M|
|poke|p2|Dragonite, F|
|poke|p2|Clefable, M|
|teampreview
|inactive|Battle timer is ON: inactive players will automatically lose when time's up. (requested by vacheron)
|
|t:|1743792123
|start
|switch|p1a: Scarlet Devil|Darkrai|100/100
|switch|p2a: Clefable|Clefable, M|100/100
|turn|1
|
|t:|1743792129
|switch|p1a: Azathoth|Pecharunt|100/100
|move|p2a: Clefable|Thunder Wave|p1a: Azathoth
|-status|p1a: Azathoth|par
|
|upkeep
|turn|2
|
|t:|1743792133
|switch|p2a: Pecharunt|Pecharunt|100/100
|cant|p1a: Azathoth|par
|
|upkeep
|turn|3
|
|t:|1743792159
|switch|p1a: Scarlet Devil|Darkrai|100/100
|move|p2a: Pecharunt|Hex|p1a: Scarlet Devil
|-resisted|p1a: Scarlet Devil
|-damage|p1a: Scarlet Devil|85/100
|
|upkeep
|turn|4
|
|t:|1743792163
|switch|p2a: Tornadus|Tornadus-Therian, M|100/100
|move|p1a: Scarlet Devil|Knock Off|p2a: Tornadus
|-damage|p2a: Tornadus|50/100
|-enditem|p2a: Tornadus|Assault Vest|[from] move: Knock Off|[of] p1a: Scarlet Devil
|
|upkeep
|turn|5
|
|t:|1743792172
|move|p1a: Scarlet Devil|Ice Beam|p2a: Tornadus
|-supereffective|p2a: Tornadus
|-damage|p2a: Tornadus|0 fnt
|faint|p2a: Tornadus
|
|upkeep
|
|t:|1743792176
|switch|p2a: Arcanine|Arcanine-Hisui, M|100/100
|turn|6
|
|t:|1743792193
|switch|p1a: Azathoth|Pecharunt|100/100 par
|move|p2a: Arcanine|Head Smash|p1a: Azathoth
|-damage|p1a: Azathoth|46/100 par
|
|upkeep
|turn|7
|
|t:|1743792201
|-terastallize|p1a: Azathoth|Ground
|move|p2a: Arcanine|Head Smash|p1a: Azathoth
|-resisted|p1a: Azathoth
|-crit|p1a: Azathoth
|-damage|p1a: Azathoth|9/100 par
|move|p1a: Azathoth|Tera Blast|p2a: Arcanine|[anim] Tera Blast Ground
|-supereffective|p2a: Arcanine
|-damage|p2a: Arcanine|0 fnt
|faint|p2a: Arcanine
|
|upkeep
|
|t:|1743792206
|switch|p2a: Garchomp|Garchomp, M|100/100
|turn|8
|
|t:|1743792212
|switch|p1a: Mani Katti|Iron Valiant|100/100
|-enditem|p1a: Mani Katti|Booster Energy
|-activate|p1a: Mani Katti|ability: Quark Drive|[fromitem]
|-start|p1a: Mani Katti|quarkdrivespa
|move|p2a: Garchomp|Spikes|p1a: Mani Katti
|-sidestart|p1: vacheron|Spikes
|
|upkeep
|turn|9
|
|t:|1743792218
|switch|p2a: Pecharunt|Pecharunt|100/100
|move|p1a: Mani Katti|Moonblast|p2a: Pecharunt
|-resisted|p2a: Pecharunt
|-damage|p2a: Pecharunt|67/100
|-unboost|p2a: Pecharunt|spa|1
|
|upkeep
|turn|10
|
|t:|1743792221
|move|p1a: Mani Katti|Shadow Ball|p2a: Pecharunt
|-supereffective|p2a: Pecharunt
|-damage|p2a: Pecharunt|0 fnt
|faint|p2a: Pecharunt
|
|upkeep
|
|t:|1743792224
|switch|p2a: Clefable|Clefable, M|100/100
|turn|11
|
|t:|1743792238
|move|p1a: Mani Katti|Moonblast|p2a: Clefable
|-damage|p2a: Clefable|42/100
|-unboost|p2a: Clefable|spa|1
|move|p2a: Clefable|Moonblast|p1a: Mani Katti
|-supereffective|p1a: Mani Katti
|-damage|p1a: Mani Katti|33/100
|-unboost|p1a: Mani Katti|spa|1
|
|upkeep
|turn|12
|
|t:|1743792245
|move|p1a: Mani Katti|Moonblast|p2a: Clefable
|-damage|p2a: Clefable|1/100
|-unboost|p2a: Clefable|spa|1
|move|p2a: Clefable|Moonblast|p1a: Mani Katti
|-supereffective|p1a: Mani Katti
|-damage|p1a: Mani Katti|0 fnt
|faint|p1a: Mani Katti
|-end|p1a: Mani Katti|Quark Drive|[silent]
|
|upkeep
|
|t:|1743792255
|switch|p1a: Valediction|Samurott-Hisui, F|100/100
|-damage|p1a: Valediction|88/100|[from] Spikes
|turn|13
|
|t:|1743792258
|move|p1a: Valediction|Ceaseless Edge|p2a: Clefable|[miss]
|-miss|p1a: Valediction|p2a: Clefable
|move|p2a: Clefable|Moonblast|p1a: Valediction
|-supereffective|p1a: Valediction
|-damage|p1a: Valediction|41/100
|
|upkeep
|turn|14
|
|t:|1743792261
|move|p1a: Valediction|Ceaseless Edge|p2a: Clefable|[miss]
|-miss|p1a: Valediction|p2a: Clefable
|move|p2a: Clefable|Moonblast|p1a: Valediction
|-supereffective|p1a: Valediction
|-damage|p1a: Valediction|0 fnt
|faint|p1a: Valediction
|
|upkeep
|c|☆temporarylight|wow
|
|t:|1743792269
|switch|p1a: Scarlet Devil|Darkrai|85/100
|-damage|p1a: Scarlet Devil|72/100|[from] Spikes
|turn|15
|
|t:|1743792272
|move|p1a: Scarlet Devil|Dark Pulse|p2a: Clefable
|-resisted|p2a: Clefable
|-damage|p2a: Clefable|0 fnt
|faint|p2a: Clefable
|
|upkeep
|
|t:|1743792284
|switch|p2a: Dragonite|Dragonite, F|100/100
|turn|16
|
|t:|1743792304
|-terastallize|p2a: Dragonite|Normal
|move|p1a: Scarlet Devil|Ice Beam|p2a: Dragonite
|-damage|p2a: Dragonite|87/100
|move|p2a: Dragonite|Dragon Dance|p2a: Dragonite
|-boost|p2a: Dragonite|atk|1
|-boost|p2a: Dragonite|spe|1
|
|upkeep
|turn|17
|
|t:|1743792314
|move|p1a: Scarlet Devil|Dark Pulse|p2a: Dragonite
|-damage|p2a: Dragonite|41/100
|move|p2a: Dragonite|Dragon Dance|p2a: Dragonite
|-boost|p2a: Dragonite|atk|1
|-boost|p2a: Dragonite|spe|1
|
|upkeep
|turn|18
|
|t:|1743792322
|move|p2a: Dragonite|Extreme Speed|p1a: Scarlet Devil
|-damage|p1a: Scarlet Devil|0 fnt
|faint|p1a: Scarlet Devil
|
|upkeep
|
|t:|1743792324
|switch|p1a: Metastasis|Reuniclus, F|100/100
|turn|19
|
|t:|1743792327
|move|p2a: Dragonite|Extreme Speed|p1a: Metastasis
|-damage|p1a: Metastasis|6/100
|move|p1a: Metastasis|Trick Room|p1a: Metastasis
|-fieldstart|move: Trick Room|[of] p1a: Metastasis
|
|upkeep
|turn|20
|
|t:|1743792333
|move|p2a: Dragonite|Extreme Speed|p1a: Metastasis
|-damage|p1a: Metastasis|0 fnt
|faint|p1a: Metastasis
|
|upkeep
|
|t:|1743792335
|switch|p1a: Azathoth|Pecharunt, tera:Ground|9/100 par
|-damage|p1a: Azathoth|0 fnt|[from] Spikes
|faint|p1a: Azathoth
|
|t:|1743792337
|switch|p1a: Murasama|Kingambit, F|100/100
|-damage|p1a: Murasama|88/100|[from] Spikes
|-activate|p1a: Murasama|ability: Supreme Overlord
|-start|p1a: Murasama|fallen5|[silent]
|turn|21
|
|t:|1743792340
|move|p1a: Murasama|Kowtow Cleave|p2a: Dragonite
|-damage|p2a: Dragonite|0 fnt
|faint|p2a: Dragonite
|
|upkeep
|
|t:|1743792343
|switch|p2a: Garchomp|Garchomp, M|100/100
|turn|22
|
|t:|1743792347
|move|p1a: Murasama|Kowtow Cleave|p2a: Garchomp
|-damage|p2a: Garchomp|52/100
|-damage|p1a: Murasama|76/100|[from] ability: Rough Skin|[of] p2a: Garchomp
|-damage|p1a: Murasama|59/100|[from] item: Rocky Helmet|[of] p2a: Garchomp
|move|p2a: Garchomp|Earthquake|p1a: Murasama
|-supereffective|p1a: Murasama
|-damage|p1a: Murasama|0 fnt
|faint|p1a: Murasama
|-end|p1a: Murasama|fallen5|[silent]
|
|win|temporarylight
|raw|vacheron's rating: 1724 &rarr; <strong>1707</strong><br />(-17 for losing)
|raw|temporarylight's rating: 1768 &rarr; <strong>1785</strong><br />(+17 for winning)
|l|☆vacheron
|player|p1|
