|j|☆alolas 1 fan!
|j|☆weepingbell456
|t:|1743856660
|gametype|singles
|player|p1|alolas 1 fan!|lillie-masters|1140
|player|p2|weepingbell456|1|1136
|teamsize|p1|6
|teamsize|p2|6
|gen|9
|tier|[Gen 9] OU
|rated|
|rule|HP Percentage Mod: HP is shown in percentages
|rule|Endless Battle Clause: Forcing endless battles is banned
|rule|Species Clause: Limit one of each Pokémon
|rule|OHKO Clause: OHKO moves are banned
|rule|Evasion Items Clause: Evasion items are banned
|rule|Evasion Moves Clause: Evasion moves are banned
|rule|Sleep Moves Clause: Sleep-inducing moves are banned
|clearpoke
|poke|p1|Rotom-Wash|
|poke|p1|Tinkaton, F|
|poke|p1|Moltres|
|poke|p1|Darkrai|
|poke|p1|Great Tusk|
|poke|p1|Kyurem|
|poke|p2|Tyranitar, M|
|poke|p2|Houndstone, M|
|poke|p2|Quagsire, F|
|poke|p2|Klefki, F|
|poke|p2|Forretress, M|
|poke|p2|Gastrodon, M|
|teampreview
|inactive|Battle timer is ON: inactive players will automatically lose when time's up. (requested by alolas 1 fan!)
|
|t:|1743856671
|start
|switch|p1a: Darkrai|Darkrai|100/100
|switch|p2a: Klefki|Klefki, F|100/100
|turn|1
|
|t:|1743856681
|move|p1a: Darkrai|Dark Pulse|p2a: Klefki
|-resisted|p2a: Klefki
|-damage|p2a: Klefki|77/100
|-enditem|p2a: Klefki|Eject Button
|
|t:|1743856687
|switch|p2a: Tyranitar|Tyranitar, M|100/100
|-weather|Sandstorm|[from] ability: Sand Stream|[of] p2a: Tyranitar
|
|-weather|Sandstorm|[upkeep]
|-damage|p1a: Darkrai|94/100|[from] Sandstorm
|-heal|p1a: Darkrai|100/100|[from] item: Leftovers
|upkeep
|turn|2
|
|t:|1743856706
|move|p1a: Darkrai|Ice Beam|p2a: Tyranitar
|-damage|p2a: Tyranitar|88/100
|move|p2a: Tyranitar|Knock Off|p1a: Darkrai
|-resisted|p1a: Darkrai
|-damage|p1a: Darkrai|70/100
|-enditem|p1a: Darkrai|Leftovers|[from] move: Knock Off|[of] p2a: Tyranitar
|
|-weather|Sandstorm|[upkeep]
|-damage|p1a: Darkrai|64/100|[from] Sandstorm
|upkeep
|turn|3
|
|t:|1743856714
|switch|p2a: Gastrodon|Gastrodon, M|100/100
|move|p1a: Darkrai|Nasty Plot|p1a: Darkrai
|-boost|p1a: Darkrai|spa|2
|
|-weather|Sandstorm|[upkeep]
|-damage|p1a: Darkrai|58/100|[from] Sandstorm
|upkeep
|turn|4
|
|t:|1743856733
|move|p1a: Darkrai|Ice Beam|p2a: Gastrodon
|-damage|p2a: Gastrodon|42/100
|-status|p2a: Gastrodon|frz
|cant|p2a: Gastrodon|frz
|
|-weather|Sandstorm|[upkeep]
|-damage|p1a: Darkrai|52/100|[from] Sandstorm
|-heal|p2a: Gastrodon|48/100 frz|[from] item: Leftovers
|upkeep
|turn|5
|
|t:|1743856742
|switch|p2a: Quagsire|Quagsire, F|100/100
|move|p1a: Darkrai|Ice Beam|p2a: Quagsire
|-damage|p2a: Quagsire|68/100
|
|-weather|Sandstorm|[upkeep]
|-damage|p1a: Darkrai|46/100|[from] Sandstorm
|-heal|p2a: Quagsire|74/100|[from] item: Leftovers
|upkeep
|turn|6
|
|t:|1743856752
|move|p1a: Darkrai|Dark Pulse|p2a: Quagsire
|-damage|p2a: Quagsire|32/100
|cant|p2a: Quagsire|flinch
|
|-weather|Sandstorm|[upkeep]
|-damage|p1a: Darkrai|40/100|[from] Sandstorm
|-heal|p2a: Quagsire|38/100|[from] item: Leftovers
|upkeep
|turn|7
|
|t:|1743856759
|move|p2a: Quagsire|Protect|p2a: Quagsire
|-singleturn|p2a: Quagsire|Protect
|move|p1a: Darkrai|Dark Pulse|p2a: Quagsire
|-activate|p2a: Quagsire|move: Protect
|
|-weather|Sandstorm|[upkeep]
|-damage|p1a: Darkrai|34/100|[from] Sandstorm
|-heal|p2a: Quagsire|44/100|[from] item: Leftovers
|upkeep
|turn|8
|
|t:|1743856768
|move|p1a: Darkrai|Dark Pulse|p2a: Quagsire
|-damage|p2a: Quagsire|0 fnt
|faint|p2a: Quagsire
|
|-weather|none
|upkeep
|
|t:|1743856776
|switch|p2a: Tyranitar|Tyranitar, M|88/100
|-weather|Sandstorm|[from] ability: Sand Stream|[of] p2a: Tyranitar
|turn|9
|inactive|alolas 1 fan! has 120 seconds left.
|
|t:|1743856810
|move|p1a: Darkrai|Dark Pulse|p2a: Tyranitar
|-resisted|p2a: Tyranitar
|-damage|p2a: Tyranitar|70/100
|move|p2a: Tyranitar|Roar|p1a: Darkrai
|drag|p1a: Great Tusk|Great Tusk|100/100
|
|-weather|Sandstorm|[upkeep]
|upkeep
|turn|10
|inactive|alolas 1 fan! has 120 seconds left.
|
|t:|1743856838
|switch|p2a: Houndstone|Houndstone, M|100/100
|move|p1a: Great Tusk|Headlong Rush|p2a: Houndstone
|-damage|p2a: Houndstone|34/100
|-unboost|p1a: Great Tusk|def|1
|-unboost|p1a: Great Tusk|spd|1
|
|-weather|Sandstorm|[upkeep]
|upkeep
|turn|11
|
|t:|1743856849
|-end|p1a: Great Tusk|Protosynthesis|[silent]
|switch|p1a: Rotom|Rotom-Wash|100/100
|move|p2a: Houndstone|Poltergeist|p1a: Rotom|[miss]
|-miss|p2a: Houndstone|p1a: Rotom
|
|-weather|Sandstorm|[upkeep]
|-damage|p1a: Rotom|94/100|[from] Sandstorm
|-heal|p1a: Rotom|100/100|[from] item: Leftovers
|upkeep
|turn|12
|
|t:|1743856861
|move|p2a: Houndstone|Poltergeist|p1a: Rotom
|-activate|p1a: Rotom|move: Poltergeist|Leftovers
|-damage|p1a: Rotom|60/100
|move|p1a: Rotom|Volt Switch|p2a: Houndstone
|-damage|p2a: Houndstone|3/100
|
|t:|1743856870
|switch|p1a: Great Tusk|Great Tusk|100/100|[from] Volt Switch
|
|-weather|Sandstorm|[upkeep]
|upkeep
|turn|13
|inactive|alolas 1 fan! has 120 seconds left.
|
|t:|1743856879
|move|p2a: Houndstone|Destiny Bond|p2a: Houndstone
|-singlemove|p2a: Houndstone|Destiny Bond
|move|p1a: Great Tusk|Knock Off|p2a: Houndstone
|-supereffective|p2a: Houndstone
|-damage|p2a: Houndstone|0 fnt
|-enditem|p2a: Houndstone|Heavy-Duty Boots|[from] move: Knock Off|[of] p1a: Great Tusk
|faint|p2a: Houndstone
|-activate|p2a: Houndstone|move: Destiny Bond
|faint|p1a: Great Tusk
|-end|p1a: Great Tusk|Protosynthesis|[silent]
|
|-weather|Sandstorm|[upkeep]
|upkeep
|inactive|alolas 1 fan! has 120 seconds left.
|
|t:|1743856897
|switch|p1a: Moltres|Moltres|100/100
|switch|p2a: Klefki|Klefki, F|77/100
|turn|14
|
|t:|1743856915
|-terastallize|p2a: Klefki|Normal
|move|p1a: Moltres|Flamethrower|p2a: Klefki
|-damage|p2a: Klefki|30/100
|move|p2a: Klefki|Trick Room|p2a: Klefki
|-fieldstart|move: Trick Room|[of] p2a: Klefki
|
|-weather|Sandstorm|[upkeep]
|-damage|p2a: Klefki|24/100|[from] Sandstorm
|-damage|p1a: Moltres|94/100|[from] Sandstorm
|upkeep
|turn|15
|inactive|alolas 1 fan! has 120 seconds left.
|
|t:|1743856931
|move|p2a: Klefki|Thunder Wave|p1a: Moltres
|-status|p1a: Moltres|par
|move|p1a: Moltres|Flamethrower|p2a: Klefki
|-damage|p2a: Klefki|0 fnt
|faint|p2a: Klefki
|
|-weather|Sandstorm|[upkeep]
|-damage|p1a: Moltres|88/100 par|[from] Sandstorm
|upkeep
|
|t:|1743856939
|switch|p2a: Gastrodon|Gastrodon, M|48/100 frz
|turn|16
|inactive|alolas 1 fan! has 120 seconds left.
|
|t:|1743856956
|move|p1a: Moltres|U-turn|p2a: Gastrodon
|-damage|p2a: Gastrodon|34/100 frz
|inactive|alolas 1 fan! has 120 seconds left.
|
|t:|1743856962
|switch|p1a: Kyurem|Kyurem|100/100|[from] U-turn
|-ability|p1a: Kyurem|Pressure
|cant|p2a: Gastrodon|frz
|
|-weather|none
|-heal|p2a: Gastrodon|40/100 frz|[from] item: Leftovers
|upkeep
|turn|17
|
|t:|1743856970
|switch|p2a: Forretress|Forretress, M|100/100
|move|p1a: Kyurem|Freeze-Dry|p2a: Forretress
|-resisted|p2a: Forretress
|-damage|p2a: Forretress|81/100
|
|-heal|p2a: Forretress|87/100|[from] item: Leftovers
|upkeep
|turn|18
|inactive|alolas 1 fan! has 120 seconds left.
|inactive|alolas 1 fan! has 90 seconds left.
|
|t:|1743857031
|move|p2a: Forretress|Gyro Ball|p1a: Kyurem
|-supereffective|p1a: Kyurem
|-crit|p1a: Kyurem
|-damage|p1a: Kyurem|8/100
|move|p1a: Kyurem|Earth Power|p2a: Forretress
|-damage|p2a: Forretress|56/100
|
|-heal|p2a: Forretress|62/100|[from] item: Leftovers
|-heal|p1a: Kyurem|14/100|[from] item: Leftovers
|-fieldend|move: Trick Room
|upkeep
|turn|19
|
|t:|1743857041
|move|p1a: Kyurem|Earth Power|p2a: Forretress
|-damage|p2a: Forretress|30/100
|move|p2a: Forretress|Gyro Ball|p1a: Kyurem
|-supereffective|p1a: Kyurem
|-damage|p1a: Kyurem|0 fnt
|faint|p1a: Kyurem
|
|-heal|p2a: Forretress|37/100|[from] item: Leftovers
|upkeep
|
|t:|1743857043
|switch|p1a: Moltres|Moltres|88/100 par
|turn|20
|
|t:|1743857051
|switch|p2a: Gastrodon|Gastrodon, M|40/100 frz
|move|p1a: Moltres|Flamethrower|p2a: Gastrodon
|-resisted|p2a: Gastrodon
|-damage|p2a: Gastrodon|24/100 frz
|-curestatus|p2a: Gastrodon|frz|[msg]
|
|-heal|p2a: Gastrodon|30/100|[from] item: Leftovers
|upkeep
|turn|21
|
|t:|1743857060
|move|p2a: Gastrodon|Recover|p2a: Gastrodon
|-heal|p2a: Gastrodon|80/100
|move|p1a: Moltres|U-turn|p2a: Gastrodon
|-damage|p2a: Gastrodon|68/100
|
|t:|1743857065
|switch|p1a: Tinkaton|Tinkaton, F|100/100|[from] U-turn
|-ability|p1a: Tinkaton|Mold Breaker
|
|-heal|p2a: Gastrodon|74/100|[from] item: Leftovers
|upkeep
|turn|22
|
|t:|1743857073
|-terastallize|p1a: Tinkaton|Water
|move|p1a: Tinkaton|Gigaton Hammer|p2a: Gastrodon
|-resisted|p2a: Gastrodon
|-damage|p2a: Gastrodon|56/100
|move|p2a: Gastrodon|Stealth Rock|p1a: Tinkaton
|-sidestart|p1: alolas 1 fan!|move: Stealth Rock
|
|-heal|p2a: Gastrodon|62/100|[from] item: Leftovers
|upkeep
|turn|23
|inactive|alolas 1 fan! has 120 seconds left.
|
|t:|1743857081
|move|p1a: Tinkaton|Knock Off|p2a: Gastrodon
|-damage|p2a: Gastrodon|45/100
|-enditem|p2a: Gastrodon|Leftovers|[from] move: Knock Off|[of] p1a: Tinkaton
|move|p2a: Gastrodon|Spikes|p1a: Tinkaton
|-sidestart|p1: alolas 1 fan!|Spikes
|
|upkeep
|turn|24
|
|t:|1743857090
|move|p1a: Tinkaton|Encore|p2a: Gastrodon
|-start|p2a: Gastrodon|Encore
|move|p2a: Gastrodon|Spikes|p1a: Tinkaton
|-sidestart|p1: alolas 1 fan!|Spikes
|
|upkeep
|turn|25
|
|t:|1743857096
|move|p1a: Tinkaton|Knock Off|p2a: Gastrodon
|-damage|p2a: Gastrodon|34/100
|move|p2a: Gastrodon|Spikes|p1a: Tinkaton
|-sidestart|p1: alolas 1 fan!|Spikes
|
|upkeep
|turn|26
|
|t:|1743857105
|switch|p2a: Tyranitar|Tyranitar, M|70/100
|-weather|Sandstorm|[from] ability: Sand Stream|[of] p2a: Tyranitar
|move|p1a: Tinkaton|Gigaton Hammer|p2a: Tyranitar
|-supereffective|p2a: Tyranitar
|-damage|p2a: Tyranitar|0 fnt
|faint|p2a: Tyranitar
|
|-weather|Sandstorm|[upkeep]
|-damage|p1a: Tinkaton|94/100|[from] Sandstorm
|-heal|p1a: Tinkaton|100/100|[from] item: Leftovers
|upkeep
|
|t:|1743857116
|switch|p2a: Gastrodon|Gastrodon, M|34/100
|turn|27
|
|t:|1743857121
|move|p1a: Tinkaton|Encore||[still]
|-fail|p1a: Tinkaton
|move|p2a: Gastrodon|Recover|p2a: Gastrodon
|-heal|p2a: Gastrodon|85/100
|
|-weather|Sandstorm|[upkeep]
|-damage|p1a: Tinkaton|94/100|[from] Sandstorm
|-heal|p1a: Tinkaton|100/100|[from] item: Leftovers
|upkeep
|turn|28
|
|t:|1743857129
|switch|p2a: Forretress|Forretress, M|37/100
|move|p1a: Tinkaton|Encore||[still]
|-fail|p1a: Tinkaton
|
|-weather|Sandstorm|[upkeep]
|-damage|p1a: Tinkaton|94/100|[from] Sandstorm
|-heal|p1a: Tinkaton|100/100|[from] item: Leftovers
|-heal|p2a: Forretress|43/100|[from] item: Leftovers
|upkeep
|turn|29
|
|t:|1743857139
|move|p1a: Tinkaton|Gigaton Hammer|p2a: Forretress
|-resisted|p2a: Forretress
|-damage|p2a: Forretress|26/100
|move|p2a: Forretress|Volt Switch|p1a: Tinkaton
|-supereffective|p1a: Tinkaton
|-damage|p1a: Tinkaton|85/100
|
|t:|1743857145
|switch|p2a: Gastrodon|Gastrodon, M|85/100|[from] Volt Switch
|
|-weather|Sandstorm|[upkeep]
|-damage|p1a: Tinkaton|79/100|[from] Sandstorm
|-heal|p1a: Tinkaton|85/100|[from] item: Leftovers
|upkeep
|turn|30
|inactive|alolas 1 fan! has 120 seconds left.
|
|t:|1743857180
|switch|p1a: Moltres|Moltres|88/100 par
|move|p2a: Gastrodon|Sludge Wave|p1a: Moltres
|-damage|p1a: Moltres|74/100 par
|
|-weather|Sandstorm|[upkeep]
|-damage|p1a: Moltres|68/100 par|[from] Sandstorm
|upkeep
|turn|31
|inactive|alolas 1 fan! has 120 seconds left.
|
|t:|1743857187
|move|p2a: Gastrodon|Sludge Wave|p1a: Moltres
|-damage|p1a: Moltres|54/100 par
|cant|p1a: Moltres|par
|
|-weather|Sandstorm|[upkeep]
|-damage|p1a: Moltres|48/100 par|[from] Sandstorm
|upkeep
|turn|32
|-message|alolas 1 fan! forfeited.
|
|win|weepingbell456
|raw|alolas 1 fan!'s rating: 1140 &rarr; <strong>1115</strong><br />(-25 for losing)
|raw|weepingbell456's rating: 1136 &rarr; <strong>1161</strong><br />(+25 for winning)
|l|☆alolas 1 fan!
|player|p1|
|l|☆weepingbell456
|player|p2|
