|j|☆BlakeAshkore
|j|☆fgfccfgfgddjddddd
|t:|1743935203
|gametype|singles
|player|p1|BlakeAshkore|riley|1123
|player|p2|fgfccfgfgddjddddd|hugh|1091
|teamsize|p1|6
|teamsize|p2|6
|gen|9
|tier|[Gen 9] OU
|rated|
|rule|HP Percentage Mod: HP is shown in percentages
|rule|Endless Battle Clause: Forcing endless battles is banned
|rule|Species Clause: Limit one of each Pokémon
|rule|OHKO Clause: OHKO moves are banned
|rule|Evasion Items Clause: Evasion items are banned
|rule|Evasion Moves Clause: Evasion moves are banned
|rule|Sleep Moves Clause: Sleep-inducing moves are banned
|clearpoke
|poke|p1|Gardevoir, F|
|poke|p1|Spiritomb, F|
|poke|p1|Dondozo, M|
|poke|p1|Scream Tail|
|poke|p1|Lucario, M|
|poke|p1|Yanmega, F|
|poke|p2|Rotom-Wash|
|poke|p2|Pelipper, F|
|poke|p2|Kingdra, M|
|poke|p2|Ogerpon-Wellspring, F|
|poke|p2|Raikou|
|poke|p2|Kyurem|
|teampreview
|inactive|Battle timer is ON: inactive players will automatically lose when time's up. (requested by BlakeAshkore)
|
|t:|1743935209
|start
|switch|p1a: Yanmega|Yanmega, F|100/100
|switch|p2a: Pelipper|Pelipper, F|100/100
|-weather|RainDance|[from] ability: Drizzle|[of] p2a: Pelipper
|turn|1
|
|t:|1743935233
|switch|p2a: Raikou|Raikou|100/100
|move|p1a: Yanmega|Air Slash|p2a: Raikou
|-resisted|p2a: Raikou
|-crit|p2a: Raikou
|-damage|p2a: Raikou|61/100
|-damage|p1a: Yanmega|91/100|[from] item: Life Orb
|
|-weather|RainDance|[upkeep]
|-ability|p1a: Yanmega|Speed Boost|boost
|-boost|p1a: Yanmega|spe|1
|upkeep
|turn|2
|inactive|BlakeAshkore has 120 seconds left.
|
|t:|1743935269
|move|p1a: Yanmega|Bug Buzz|p2a: Raikou
|-damage|p2a: Raikou|0 fnt
|faint|p2a: Raikou
|-damage|p1a: Yanmega|81/100|[from] item: Life Orb
|
|-weather|RainDance|[upkeep]
|-ability|p1a: Yanmega|Speed Boost|boost
|-boost|p1a: Yanmega|spe|1
|upkeep
|
|t:|1743935282
|switch|p2a: Kyurem|Kyurem|100/100
|-ability|p2a: Kyurem|Pressure
|turn|3
|inactive|BlakeAshkore has 120 seconds left.
|
|t:|1743935296
|switch|p1a: Dondozo|Dondozo, M|100/100
|move|p2a: Kyurem|Ice Beam|p1a: Dondozo
|-resisted|p1a: Dondozo
|-damage|p1a: Dondozo|76/100
|
|-weather|RainDance|[upkeep]
|-heal|p1a: Dondozo|82/100|[from] item: Leftovers
|upkeep
|turn|4
|
|t:|1743935308
|move|p2a: Kyurem|Freeze-Dry|p1a: Dondozo
|-supereffective|p1a: Dondozo
|-damage|p1a: Dondozo|0 fnt
|faint|p1a: Dondozo
|
|-weather|RainDance|[upkeep]
|upkeep
|
|t:|1743935316
|switch|p1a: Spiritomb|Spiritomb, F|100/100
|turn|5
|
|t:|1743935327
|move|p2a: Kyurem|Ice Beam|p1a: Spiritomb
|-damage|p1a: Spiritomb|48/100
|move|p1a: Spiritomb|Will-O-Wisp|p2a: Kyurem|[miss]
|-miss|p1a: Spiritomb|p2a: Kyurem
|
|-weather|RainDance|[upkeep]
|-heal|p1a: Spiritomb|54/100|[from] item: Leftovers
|upkeep
|turn|6
|
|t:|1743935338
|move|p2a: Kyurem|Draco Meteor|p1a: Spiritomb
|-damage|p1a: Spiritomb|0 fnt
|-unboost|p2a: Kyurem|spa|2
|faint|p1a: Spiritomb
|
|-weather|RainDance|[upkeep]
|upkeep
|
|t:|1743935359
|switch|p1a: Scream Tail|Scream Tail|100/100
|-enditem|p1a: Scream Tail|Booster Energy
|-activate|p1a: Scream Tail|ability: Protosynthesis|[fromitem]
|-start|p1a: Scream Tail|protosynthesisspe
|turn|7
|
|t:|1743935377
|switch|p2a: Ogerpon|Ogerpon-Wellspring, F|100/100
|move|p1a: Scream Tail|Thunder Wave|p2a: Ogerpon
|-status|p2a: Ogerpon|par
|
|-weather|RainDance|[upkeep]
|upkeep
|turn|8
|
|t:|1743935390
|move|p1a: Scream Tail|Psychic|p2a: Ogerpon
|-damage|p2a: Ogerpon|60/100 par
|move|p2a: Ogerpon|Knock Off|p1a: Scream Tail
|-damage|p1a: Scream Tail|76/100
|
|-weather|none
|upkeep
|turn|9
|
|t:|1743935399
|move|p1a: Scream Tail|Psychic|p2a: Ogerpon
|-damage|p2a: Ogerpon|18/100 par
|-unboost|p2a: Ogerpon|spd|1
|cant|p2a: Ogerpon|par
|
|upkeep
|turn|10
|
|t:|1743935411
|move|p1a: Scream Tail|Psychic|p2a: Ogerpon
|-damage|p2a: Ogerpon|0 fnt
|faint|p2a: Ogerpon
|
|upkeep
|
|t:|1743935419
|switch|p2a: Pelipper|Pelipper, F|100/100
|-weather|RainDance|[from] ability: Drizzle|[of] p2a: Pelipper
|turn|11
|
|t:|1743935440
|move|p1a: Scream Tail|Thunder Wave|p2a: Pelipper|[miss]
|-miss|p1a: Scream Tail|p2a: Pelipper
|move|p2a: Pelipper|Hurricane|p1a: Scream Tail
|-damage|p1a: Scream Tail|41/100
|-start|p1a: Scream Tail|confusion
|
|-weather|RainDance|[upkeep]
|upkeep
|turn|12
|
|t:|1743935460
|switch|p2a: Kingdra|Kingdra, M|100/100
|-activate|p1a: Scream Tail|confusion
|move|p1a: Scream Tail|Thunder Wave|p2a: Kingdra
|-status|p2a: Kingdra|par
|
|-weather|RainDance|[upkeep]
|upkeep
|turn|13
|
|t:|1743935473
|-activate|p1a: Scream Tail|confusion
|move|p1a: Scream Tail|Dazzling Gleam|p2a: Kingdra
|-supereffective|p2a: Kingdra
|-damage|p2a: Kingdra|26/100 par
|move|p2a: Kingdra|Flash Cannon|p1a: Scream Tail
|-supereffective|p1a: Scream Tail
|-damage|p1a: Scream Tail|8/100
|
|-weather|RainDance|[upkeep]
|upkeep
|turn|14
|
|t:|1743935486
|-activate|p1a: Scream Tail|confusion
|-damage|p1a: Scream Tail|4/100|[from] confusion
|move|p2a: Kingdra|Flash Cannon|p1a: Scream Tail
|-supereffective|p1a: Scream Tail
|-damage|p1a: Scream Tail|0 fnt
|faint|p1a: Scream Tail
|-end|p1a: Scream Tail|Protosynthesis|[silent]
|
|-weather|RainDance|[upkeep]
|upkeep
|
|t:|1743935493
|switch|p1a: Yanmega|Yanmega, F|81/100
|turn|15
|
|t:|1743935498
|switch|p2a: Kyurem|Kyurem|100/100
|-ability|p2a: Kyurem|Pressure
|move|p1a: Yanmega|Giga Drain|p2a: Kyurem
|-resisted|p2a: Kyurem
|-damage|p2a: Kyurem|88/100
|-heal|p1a: Yanmega|90/100|[from] drain|[of] p2a: Kyurem
|-damage|p1a: Yanmega|80/100|[from] item: Life Orb
|
|-weather|RainDance|[upkeep]
|-ability|p1a: Yanmega|Speed Boost|boost
|-boost|p1a: Yanmega|spe|1
|upkeep
|turn|16
|
|t:|1743935521
|move|p1a: Yanmega|Bug Buzz|p2a: Kyurem
|-damage|p2a: Kyurem|41/100
|-damage|p1a: Yanmega|70/100|[from] item: Life Orb
|move|p2a: Kyurem|Ice Beam|p1a: Yanmega
|-supereffective|p1a: Yanmega
|-damage|p1a: Yanmega|0 fnt
|faint|p1a: Yanmega
|
|-weather|RainDance|[upkeep]
|upkeep
|
|t:|1743935527
|switch|p1a: Lucario|Lucario, M|100/100
|-item|p1a: Lucario|Air Balloon
|turn|17
|
|t:|1743935535
|switch|p2a: Rotom|Rotom-Wash|100/100
|move|p1a: Lucario|Aura Sphere|p2a: Rotom
|-damage|p2a: Rotom|64/100
|
|-weather|RainDance|[upkeep]
|upkeep
|turn|18
|
|t:|1743935545
|move|p1a: Lucario|Aura Sphere|p2a: Rotom
|-damage|p2a: Rotom|29/100
|move|p2a: Rotom|Will-O-Wisp|p1a: Lucario|[miss]
|-miss|p2a: Rotom|p1a: Lucario
|
|-weather|none
|upkeep
|turn|19
|
|t:|1743935554
|move|p1a: Lucario|Aura Sphere|p2a: Rotom
|-damage|p2a: Rotom|0 fnt
|faint|p2a: Rotom
|
|upkeep
|
|t:|1743935560
|switch|p2a: Pelipper|Pelipper, F|100/100
|-weather|RainDance|[from] ability: Drizzle|[of] p2a: Pelipper
|turn|20
|
|t:|1743935577
|switch|p1a: Gardevoir|Gardevoir, F|100/100
|move|p2a: Pelipper|Hurricane|p1a: Gardevoir
|-damage|p1a: Gardevoir|45/100
|
|-weather|RainDance|[upkeep]
|upkeep
|turn|21
|
|t:|1743935585
|move|p1a: Gardevoir|Thunderbolt|p2a: Pelipper
|-supereffective|p2a: Pelipper
|-damage|p2a: Pelipper|0 fnt
|faint|p2a: Pelipper
|-damage|p1a: Gardevoir|36/100|[from] item: Life Orb
|
|-weather|RainDance|[upkeep]
|upkeep
|
|t:|1743935594
|switch|p2a: Kyurem|Kyurem|41/100
|-ability|p2a: Kyurem|Pressure
|turn|22
|
|t:|1743935603
|-terastallize|p2a: Kyurem|Ice
|move|p1a: Gardevoir|Destiny Bond|p1a: Gardevoir
|-singlemove|p1a: Gardevoir|Destiny Bond
|move|p2a: Kyurem|Ice Beam|p1a: Gardevoir
|-damage|p1a: Gardevoir|0 fnt
|faint|p1a: Gardevoir
|-activate|p1a: Gardevoir|move: Destiny Bond
|faint|p2a: Kyurem
|
|-weather|RainDance|[upkeep]
|upkeep
|
|t:|1743935615
|switch|p1a: Lucario|Lucario, M|100/100
|switch|p2a: Kingdra|Kingdra, M|26/100 par
|-item|p1a: Lucario|Air Balloon
|turn|23
|
|t:|1743935645
|move|p1a: Lucario|Aura Sphere|p2a: Kingdra
|-damage|p2a: Kingdra|0 fnt
|faint|p2a: Kingdra
|
|win|BlakeAshkore
|raw|BlakeAshkore's rating: 1123 &rarr; <strong>1146</strong><br />(+23 for winning)
|raw|fgfccfgfgddjddddd's rating: 1091 &rarr; <strong>1070</strong><br />(-21 for losing)
|l|☆fgfccfgfgddjddddd
|player|p2|
|l|☆BlakeAshkore
|player|p1|
