|j|☆Aimeric
|j|☆5BIVsRZeGAIzcbig
|t:|1743789098
|gametype|singles
|player|p1|Aimeric|1|1056
|player|p2|5BIVsRZeGAIzcbig|170|1000
|teamsize|p1|6
|teamsize|p2|6
|gen|9
|tier|[Gen 9] OU
|rated|
|rule|HP Percentage Mod: HP is shown in percentages
|rule|Endless Battle Clause: Forcing endless battles is banned
|rule|Species Clause: Limit one of each Pokémon
|rule|OHKO Clause: OHKO moves are banned
|rule|Evasion Items Clause: Evasion items are banned
|rule|Evasion Moves Clause: Evasion moves are banned
|rule|Sleep Moves Clause: Sleep-inducing moves are banned
|clearpoke
|poke|p1|Slowking-Galar, M|
|poke|p1|Clefable, M|
|poke|p1|Corviknight, M|
|poke|p1|Araquanid, M|
|poke|p1|Landorus-Therian, M|
|poke|p1|Dragonite, M|
|poke|p2|Garganacl, M|
|poke|p2|Weezing-Galar, F|
|poke|p2|Corviknight, M|
|poke|p2|Dragapult, M|
|poke|p2|Slowking-Galar, M|
|poke|p2|Samurott-Hisui, F|
|teampreview
|inactive|Battle timer is ON: inactive players will automatically lose when time's up. (requested by 5BIVsRZeGAIzcbig)
|
|t:|1743789103
|start
|switch|p1a: Slowking|Slowking-Galar, M, shiny|100/100
|switch|p2a: Garganacl|Garganacl, M|100/100
|turn|1
|
|t:|1743789109
|move|p2a: Garganacl|Salt Cure|p1a: Slowking
|-damage|p1a: Slowking|87/100
|-start|p1a: Slowking|Salt Cure
|move|p1a: Slowking|Toxic|p2a: Garganacl
|-immune|p2a: Garganacl|[from] ability: Purifying Salt
|
|-damage|p1a: Slowking|74/100|[from] Salt Cure
|upkeep
|turn|2
|
|t:|1743789117
|move|p2a: Garganacl|Stealth Rock|p1a: Slowking
|-sidestart|p1: Aimeric|move: Stealth Rock
|move|p1a: Slowking|Surf|p2a: Garganacl
|-supereffective|p2a: Garganacl
|-damage|p2a: Garganacl|72/100
|
|-heal|p2a: Garganacl|78/100|[from] item: Leftovers
|-damage|p1a: Slowking|62/100|[from] Salt Cure
|upkeep
|turn|3
|
|t:|1743789127
|switch|p1a: Landorus|Landorus-Therian, M|100/100
|-damage|p1a: Landorus|88/100|[from] Stealth Rock
|-ability|p1a: Landorus|Intimidate|boost
|-unboost|p2a: Garganacl|atk|1
|move|p2a: Garganacl|Salt Cure|p1a: Landorus
|-damage|p1a: Landorus|78/100
|-start|p1a: Landorus|Salt Cure
|
|-heal|p2a: Garganacl|84/100|[from] item: Leftovers
|-damage|p1a: Landorus|65/100|[from] Salt Cure
|upkeep
|turn|4
|
|t:|1743789136
|switch|p2a: Corviknight|Corviknight, M|100/100
|-ability|p2a: Corviknight|Pressure
|move|p1a: Landorus|Taunt|p2a: Corviknight
|-start|p2a: Corviknight|move: Taunt
|
|-damage|p1a: Landorus|53/100|[from] Salt Cure
|upkeep
|turn|5
|
|t:|1743789143
|switch|p2a: Samurott|Samurott-Hisui, F|100/100
|move|p1a: Landorus|Stone Edge|p2a: Samurott
|-damage|p2a: Samurott|52/100
|
|-damage|p1a: Landorus|41/100|[from] Salt Cure
|upkeep
|turn|6
|
|t:|1743789147
|move|p2a: Samurott|Ceaseless Edge|p1a: Landorus
|-damage|p1a: Landorus|0 fnt
|-damage|p2a: Samurott|35/100|[from] item: Rocky Helmet|[of] p1a: Landorus
|-sidestart|p1: Aimeric|Spikes
|faint|p1a: Landorus
|
|upkeep
|
|t:|1743789155
|switch|p1a: Clefable|Clefable, M|100/100
|turn|7
|
|t:|1743789163
|switch|p2a: Garganacl|Garganacl, M|84/100
|move|p1a: Clefable|Moonblast|p2a: Garganacl
|-damage|p2a: Garganacl|65/100
|
|-heal|p2a: Garganacl|71/100|[from] item: Leftovers
|upkeep
|turn|8
|
|t:|1743789166
|move|p1a: Clefable|Calm Mind|p1a: Clefable
|-boost|p1a: Clefable|spa|1
|-boost|p1a: Clefable|spd|1
|move|p2a: Garganacl|Salt Cure|p1a: Clefable
|-damage|p1a: Clefable|90/100
|-start|p1a: Clefable|Salt Cure
|
|-heal|p1a: Clefable|96/100|[from] item: Leftovers
|-heal|p2a: Garganacl|77/100|[from] item: Leftovers
|upkeep
|turn|9
|
|t:|1743789178
|switch|p2a: Samurott|Samurott-Hisui, F|35/100
|move|p1a: Clefable|Calm Mind|p1a: Clefable
|-boost|p1a: Clefable|spa|1
|-boost|p1a: Clefable|spd|1
|
|-heal|p1a: Clefable|100/100|[from] item: Leftovers
|upkeep
|turn|10
|
|t:|1743789183
|move|p2a: Samurott|Knock Off|p1a: Clefable
|-resisted|p1a: Clefable
|-damage|p1a: Clefable|82/100
|-enditem|p1a: Clefable|Leftovers|[from] move: Knock Off|[of] p2a: Samurott
|move|p1a: Clefable|Moonblast|p2a: Samurott
|-supereffective|p2a: Samurott
|-damage|p2a: Samurott|0 fnt
|faint|p2a: Samurott
|
|upkeep
|
|t:|1743789194
|switch|p2a: Slowking|Slowking-Galar, M|100/100
|turn|11
|
|t:|1743789200
|switch|p1a: Slowking|Slowking-Galar, M, shiny|95/100
|-damage|p1a: Slowking|83/100|[from] Stealth Rock
|-damage|p1a: Slowking|70/100|[from] Spikes
|move|p2a: Slowking|Psychic Noise|p1a: Slowking
|-damage|p1a: Slowking|51/100
|-start|p1a: Slowking|move: Heal Block
|
|upkeep
|turn|12
|
|t:|1743789211
|move|p1a: Slowking|Surf|p2a: Slowking
|-damage|p2a: Slowking|91/100
|move|p2a: Slowking|Future Sight|p1a: Slowking
|-start|p2a: Slowking|move: Future Sight
|
|-end|p1a: Slowking|move: Heal Block
|upkeep
|turn|13
|
|t:|1743789216
|move|p2a: Slowking|Psychic Noise|p1a: Slowking
|-damage|p1a: Slowking|34/100
|-start|p1a: Slowking|move: Heal Block
|cant|p1a: Slowking|move: Heal Block|Rest
|
|upkeep
|turn|14
|
|t:|1743789222
|move|p2a: Slowking|Sludge Bomb|p1a: Slowking
|-resisted|p1a: Slowking
|-damage|p1a: Slowking|24/100
|move|p1a: Slowking|Psychic|p2a: Slowking
|-damage|p2a: Slowking|78/100
|
|-end|p1a: Slowking|move: Future Sight
|-crit|p1a: Slowking
|-damage|p1a: Slowking|0 fnt
|faint|p1a: Slowking
|upkeep
|
|t:|1743789228
|switch|p1a: Araquanid|Araquanid, M|100/100
|-damage|p1a: Araquanid|76/100|[from] Stealth Rock
|-damage|p1a: Araquanid|63/100|[from] Spikes
|turn|15
|
|t:|1743789232
|move|p1a: Araquanid|Sticky Web|p2a: Slowking
|-sidestart|p2: 5BIVsRZeGAIzcbig|move: Sticky Web
|move|p2a: Slowking|Future Sight|p1a: Araquanid
|-start|p2a: Slowking|move: Future Sight
|
|upkeep
|turn|16
|
|t:|1743789236
|move|p1a: Araquanid|Crunch|p2a: Slowking
|-supereffective|p2a: Slowking
|-damage|p2a: Slowking|24/100
|-damage|p1a: Araquanid|54/100|[from] item: Life Orb
|move|p2a: Slowking|Sludge Bomb|p1a: Araquanid
|-damage|p1a: Araquanid|27/100
|
|upkeep
|turn|17
|
|t:|1743789240
|switch|p2a: Corviknight|Corviknight, M|100/100
|-ability|p2a: Corviknight|Pressure
|move|p1a: Araquanid|Crunch|p2a: Corviknight
|-crit|p2a: Corviknight
|-damage|p2a: Corviknight|79/100
|-unboost|p2a: Corviknight|def|1
|-damage|p1a: Araquanid|10/100|[from] item: Rocky Helmet|[of] p2a: Corviknight
|-damage|p1a: Araquanid|0 fnt|[from] item: Life Orb
|faint|p1a: Araquanid
|
|-hint|Future Sight did not hit because the target is fainted.
|upkeep
|
|t:|1743789245
|switch|p1a: Dragonite|Dragonite, M|100/100
|-damage|p1a: Dragonite|76/100|[from] Stealth Rock
|turn|18
|
|t:|1743789248
|move|p1a: Dragonite|Dragon Dance|p1a: Dragonite
|-boost|p1a: Dragonite|atk|1
|-boost|p1a: Dragonite|spe|1
|move|p2a: Corviknight|Brave Bird|p1a: Dragonite
|-crit|p1a: Dragonite
|-damage|p1a: Dragonite|14/100
|-damage|p2a: Corviknight|62/100|[from] Recoil
|
|upkeep
|turn|19
|
|t:|1743789253
|move|p1a: Dragonite|Fire Punch|p2a: Corviknight
|-supereffective|p2a: Corviknight
|-damage|p2a: Corviknight|0 fnt
|-damage|p1a: Dragonite|0 fnt|[from] item: Rocky Helmet|[of] p2a: Corviknight
|faint|p2a: Corviknight
|faint|p1a: Dragonite
|
|upkeep
|
|t:|1743789258
|switch|p1a: Corviknight|Corviknight, M|100/100
|switch|p2a: Garganacl|Garganacl, M|77/100
|-damage|p1a: Corviknight|88/100|[from] Stealth Rock
|-ability|p1a: Corviknight|Pressure
|-activate|p2a: Garganacl|move: Sticky Web
|-unboost|p2a: Garganacl|spe|1
|turn|20
|
|t:|1743789264
|move|p1a: Corviknight|Defog|p2a: Garganacl
|-unboost|p2a: Garganacl|evasion|1
|-sideend|p2: 5BIVsRZeGAIzcbig|Sticky Web|[from] move: Defog|[of] p1a: Corviknight
|-sideend|p1: Aimeric|Spikes|[from] move: Defog|[of] p1a: Corviknight
|-sideend|p1: Aimeric|Stealth Rock|[from] move: Defog|[of] p1a: Corviknight
|move|p2a: Garganacl|Salt Cure|p1a: Corviknight
|-damage|p1a: Corviknight|80/100
|-start|p1a: Corviknight|Salt Cure
|
|-heal|p2a: Garganacl|83/100|[from] item: Leftovers
|-damage|p1a: Corviknight|56/100|[from] Salt Cure
|upkeep
|turn|21
|
|t:|1743789274
|move|p1a: Corviknight|Hurricane|p2a: Garganacl
|-resisted|p2a: Garganacl
|-damage|p2a: Garganacl|75/100
|-start|p2a: Garganacl|confusion
|-activate|p2a: Garganacl|confusion
|move|p2a: Garganacl|Stealth Rock|p1a: Corviknight
|-sidestart|p1: Aimeric|move: Stealth Rock
|
|-heal|p2a: Garganacl|81/100|[from] item: Leftovers
|-damage|p1a: Corviknight|31/100|[from] Salt Cure
|upkeep
|turn|22
|
|t:|1743789280
|switch|p2a: Dragapult|Dragapult, M|100/100
|move|p1a: Corviknight|Defog|p2a: Dragapult
|-unboost|p2a: Dragapult|evasion|1
|-sideend|p1: Aimeric|Stealth Rock|[from] move: Defog|[of] p1a: Corviknight
|
|-damage|p1a: Corviknight|6/100|[from] Salt Cure
|upkeep
|turn|23
|
|t:|1743789285
|move|p2a: Dragapult|Hex|p1a: Corviknight
|-damage|p1a: Corviknight|0 fnt
|faint|p1a: Corviknight
|
|upkeep
|
|t:|1743789287
|switch|p1a: Clefable|Clefable, M|82/100
|turn|24
|
|t:|1743789290
|move|p2a: Dragapult|Will-O-Wisp|p1a: Clefable
|-status|p1a: Clefable|brn
|move|p1a: Clefable|Moonblast|p2a: Dragapult
|-supereffective|p2a: Dragapult
|-damage|p2a: Dragapult|0 fnt
|faint|p2a: Dragapult
|
|upkeep
|
|t:|1743789293
|switch|p2a: Slowking|Slowking-Galar, M|57/100
|turn|25
|
|t:|1743789295
|move|p1a: Clefable|Wish|p1a: Clefable
|move|p2a: Slowking|Sludge Bomb|p1a: Clefable
|-supereffective|p1a: Clefable
|-damage|p1a: Clefable|14/100 brn
|
|upkeep
|turn|26
|
|t:|1743789299
|move|p1a: Clefable|Protect|p1a: Clefable
|-singleturn|p1a: Clefable|Protect
|move|p2a: Slowking|Psychic Noise|p1a: Clefable
|-activate|p1a: Clefable|move: Protect
|
|-heal|p1a: Clefable|64/100 brn|[from] move: Wish|[wisher] Clefable
|upkeep
|turn|27
|
|t:|1743789303
|move|p1a: Clefable|Moonblast|p2a: Slowking
|-resisted|p2a: Slowking
|-damage|p2a: Slowking|51/100
|move|p2a: Slowking|Sludge Bomb|p1a: Clefable
|-supereffective|p1a: Clefable
|-damage|p1a: Clefable|1/100 brn
|
|upkeep
|turn|28
|
|t:|1743789306
|move|p1a: Clefable|Moonblast|p2a: Slowking
|-resisted|p2a: Slowking
|-damage|p2a: Slowking|45/100
|move|p2a: Slowking|Sludge Bomb|p1a: Clefable
|-supereffective|p1a: Clefable
|-damage|p1a: Clefable|0 fnt
|faint|p1a: Clefable
|
|win|5BIVsRZeGAIzcbig
|raw|Aimeric's rating: 1056 &rarr; <strong>1035</strong><br />(-21 for losing)
|raw|5BIVsRZeGAIzcbig's rating: 1000 &rarr; <strong>1046</strong><br />(+46 for winning)
