|j|☆Yu-Gi-Oh-Oh-Ho!
|j|☆axelatle
|t:|1743787578
|gametype|singles
|player|p1|Yu-Gi-Oh-Oh-Ho!|alder|1000
|player|p2|axelatle|burglar|1000
|teamsize|p1|6
|teamsize|p2|6
|gen|9
|tier|[Gen 9] OU
|rated|
|rule|HP Percentage Mod: HP is shown in percentages
|rule|Endless Battle Clause: Forcing endless battles is banned
|rule|Species Clause: Limit one of each Pokémon
|rule|OHKO Clause: OHKO moves are banned
|rule|Evasion Items Clause: Evasion items are banned
|rule|Evasion Moves Clause: Evasion moves are banned
|rule|Sleep Moves Clause: Sleep-inducing moves are banned
|clearpoke
|poke|p1|Kingambit, M|
|poke|p1|Amoonguss, F|
|poke|p1|Slowking-Galar, F|
|poke|p1|Ditto|
|poke|p1|Hatterene, F|
|poke|p1|Gliscor, F|
|poke|p2|Metagross|
|poke|p2|Clefable, M|
|poke|p2|Dragapult, M|
|poke|p2|Altaria, F|
|poke|p2|Jolteon, M|
|poke|p2|Toxapex, M|
|teampreview
|
|t:|1743787586
|start
|switch|p1a: among us|Amoonguss, F|100/100
|switch|p2a: Metagross|Metagross, shiny|100/100
|turn|1
|
|t:|1743787592
|move|p2a: Metagross|Psychic Fangs|p1a: among us
|-supereffective|p1a: among us
|-damage|p1a: among us|30/100
|move|p1a: among us|Stun Spore|p2a: Metagross
|-status|p2a: Metagross|par
|
|upkeep
|turn|2
|
|t:|1743787599
|switch|p1a: your moves r mine|Ditto|100/100
|-transform|p1a: your moves r mine|p2a: Metagross|[from] ability: Imposter
|cant|p2a: Metagross|par
|
|upkeep
|turn|3
|
|t:|1743787616
|-singleturn|p1a: your moves r mine|move: Focus Punch
|move|p2a: Metagross|Earthquake|p1a: your moves r mine
|-supereffective|p1a: your moves r mine
|-damage|p1a: your moves r mine|36/100
|cant|p1a: your moves r mine|Focus Punch|Focus Punch
|
|upkeep
|turn|4
|
|t:|1743787629
|move|p1a: your moves r mine|Protect|p1a: your moves r mine
|-singleturn|p1a: your moves r mine|Protect
|move|p2a: Metagross|Earthquake|p1a: your moves r mine
|-activate|p1a: your moves r mine|move: Protect
|
|upkeep
|turn|5
|
|t:|1743787635
|move|p1a: your moves r mine|Earthquake|p2a: Metagross
|-supereffective|p2a: Metagross
|-damage|p2a: Metagross|52/100 par
|cant|p2a: Metagross|par
|
|upkeep
|turn|6
|
|t:|1743787643
|move|p1a: your moves r mine|Earthquake|p2a: Metagross
|-supereffective|p2a: Metagross
|-damage|p2a: Metagross|4/100 par
|move|p2a: Metagross|Psychic Fangs|p1a: your moves r mine
|-resisted|p1a: your moves r mine
|-damage|p1a: your moves r mine|26/100
|
|upkeep
|turn|7
|
|t:|1743787649
|move|p1a: your moves r mine|Earthquake|p2a: Metagross
|-supereffective|p2a: Metagross
|-damage|p2a: Metagross|0 fnt
|faint|p2a: Metagross
|
|upkeep
|
|t:|1743787653
|switch|p2a: Dragapult|Dragapult, M, shiny|100/100
|turn|8
|
|t:|1743787658
|switch|p1a: watch this x2|Hatterene, F|100/100
|move|p2a: Dragapult|Shadow Ball|p1a: watch this x2
|-supereffective|p1a: watch this x2
|-damage|p1a: watch this x2|32/100
|
|-heal|p1a: watch this x2|38/100|[from] item: Leftovers
|upkeep
|turn|9
|
|t:|1743787677
|move|p2a: Dragapult|Shadow Ball|p1a: watch this x2
|-supereffective|p1a: watch this x2
|-damage|p1a: watch this x2|0 fnt
|faint|p1a: watch this x2
|
|upkeep
|
|t:|1743787693
|switch|p1a: watch this|Slowking-Galar, F|100/100
|turn|10
|c|☆axelatle|first game
|
|t:|1743787719
|switch|p2a: Jolteon|Jolteon, M|100/100
|move|p1a: watch this|Ice Beam|p2a: Jolteon
|-damage|p2a: Jolteon|65/100
|
|upkeep
|turn|11
|c|☆Yu-Gi-Oh-Oh-Ho!|are u asking me
|
|t:|1743787727
|move|p2a: Jolteon|Sunny Day|p2a: Jolteon
|-weather|SunnyDay
|move|p1a: watch this|Future Sight|p2a: Jolteon
|-start|p1a: watch this|move: Future Sight
|
|-weather|SunnyDay|[upkeep]
|upkeep
|turn|12
|c|☆axelatle|no i'm telling you
|c|☆axelatle|kinda new at this
|
|t:|1743787758
|move|p2a: Jolteon|Volt Switch|p1a: watch this
|-damage|p1a: watch this|84/100
|
|t:|1743787761
|switch|p2a: Dragapult|Dragapult, M, shiny|100/100|[from] Volt Switch
|move|p1a: watch this|Ice Beam|p2a: Dragapult
|-supereffective|p2a: Dragapult
|-damage|p2a: Dragapult|29/100
|
|-weather|SunnyDay|[upkeep]
|upkeep
|turn|13
|
|t:|1743787777
|move|p2a: Dragapult|Solar Beam||[still]
|-prepare|p2a: Dragapult|Solar Beam
|-anim|p2a: Dragapult|Solar Beam|p1a: watch this
|-resisted|p1a: watch this
|-damage|p1a: watch this|77/100
|move|p1a: watch this|Ice Beam|p2a: Dragapult
|-supereffective|p2a: Dragapult
|-damage|p2a: Dragapult|0 fnt
|faint|p2a: Dragapult
|
|-weather|SunnyDay|[upkeep]
|-hint|Future Sight did not hit because the target is fainted.
|upkeep
|c|☆Yu-Gi-Oh-Oh-Ho!|its ok im bad too
|
|t:|1743787802
|switch|p2a: Jolteon|Jolteon, M|65/100
|turn|14
|-activate|p2a: Jolteon|item: Quick Claw
|
|t:|1743787807
|move|p2a: Jolteon|Thunder|p1a: watch this|[miss]
|-miss|p2a: Jolteon|p1a: watch this
|move|p1a: watch this|Ice Beam|p2a: Jolteon
|-damage|p2a: Jolteon|32/100
|
|-weather|SunnyDay|[upkeep]
|upkeep
|turn|15
|
|t:|1743787815
|move|p2a: Jolteon|Thunder|p1a: watch this
|-damage|p1a: watch this|53/100
|move|p1a: watch this|Future Sight|p2a: Jolteon
|-start|p1a: watch this|move: Future Sight
|
|-weather|none
|upkeep
|turn|16
|
|t:|1743787826
|move|p2a: Jolteon|Protect|p2a: Jolteon
|-singleturn|p2a: Jolteon|Protect
|move|p1a: watch this|Ice Beam|p2a: Jolteon
|-activate|p2a: Jolteon|move: Protect
|
|upkeep
|turn|17
|
|t:|1743787832
|move|p2a: Jolteon|Volt Switch|p1a: watch this
|-damage|p1a: watch this|37/100
|
|t:|1743787840
|switch|p2a: Toxapex|Toxapex, M, shiny|100/100|[from] Volt Switch
|move|p1a: watch this|Ice Beam|p2a: Toxapex
|-resisted|p2a: Toxapex
|-damage|p2a: Toxapex|90/100
|
|-end|p2a: Toxapex|move: Future Sight
|-supereffective|p2a: Toxapex
|-damage|p2a: Toxapex|8/100
|-heal|p2a: Toxapex|14/100|[from] item: Leftovers
|upkeep
|turn|18
|
|t:|1743787851
|switch|p1a: among us|Amoonguss, F|63/100
|move|p2a: Toxapex|Toxic Spikes|p1a: among us
|-sidestart|p1: Yu-Gi-Oh-Oh-Ho!|move: Toxic Spikes
|
|-heal|p2a: Toxapex|20/100|[from] item: Leftovers
|upkeep
|turn|19
|
|t:|1743787860
|move|p1a: among us|Giga Drain|p2a: Toxapex
|-damage|p2a: Toxapex|2/100
|-heal|p1a: among us|69/100|[from] drain|[of] p2a: Toxapex
|move|p2a: Toxapex|Ice Beam|p1a: among us
|-supereffective|p1a: among us
|-damage|p1a: among us|48/100
|
|-heal|p2a: Toxapex|8/100|[from] item: Leftovers
|upkeep
|turn|20
|
|t:|1743787878
|-terastallize|p2a: Toxapex|Steel
|move|p1a: among us|Giga Drain|p2a: Toxapex
|-resisted|p2a: Toxapex
|-damage|p2a: Toxapex|0 fnt
|-heal|p1a: among us|50/100|[from] drain|[of] p2a: Toxapex
|faint|p2a: Toxapex
|
|upkeep
|
|t:|1743787887
|switch|p2a: Altaria|Altaria, F|100/100
|turn|21
|
|t:|1743787892
|move|p2a: Altaria|Draco Meteor|p1a: among us
|-damage|p1a: among us|20/100
|-unboost|p2a: Altaria|spa|2
|move|p1a: among us|Sludge Bomb|p2a: Altaria
|-damage|p2a: Altaria|78/100
|-status|p2a: Altaria|psn
|
|-heal|p2a: Altaria|84/100 psn|[from] item: Leftovers
|-damage|p2a: Altaria|72/100 psn|[from] psn
|upkeep
|turn|22
|
|t:|1743787905
|switch|p1a: watch this|Slowking-Galar, F|70/100
|-sideend|p1: Yu-Gi-Oh-Oh-Ho!|move: Toxic Spikes|[of] p1a: watch this
|move|p2a: Altaria|Draco Meteor|p1a: watch this
|-damage|p1a: watch this|62/100
|-unboost|p2a: Altaria|spa|2
|
|-heal|p2a: Altaria|78/100 psn|[from] item: Leftovers
|-damage|p2a: Altaria|66/100 psn|[from] psn
|upkeep
|turn|23
|
|t:|1743787916
|move|p2a: Altaria|Ice Beam|p1a: watch this
|-damage|p1a: watch this|60/100
|move|p1a: watch this|Ice Beam|p2a: Altaria
|-supereffective|p2a: Altaria
|-damage|p2a: Altaria|0 fnt
|faint|p2a: Altaria
|
|upkeep
|
|t:|1743787918
|switch|p2a: Clefable|Clefable, M|100/100
|turn|24
|
|t:|1743787926
|move|p2a: Clefable|Blizzard|p1a: watch this
|-damage|p1a: watch this|50/100
|move|p1a: watch this|Future Sight|p2a: Clefable
|-start|p1a: watch this|move: Future Sight
|
|upkeep
|turn|25
|
|t:|1743787942
|switch|p1a: among us|Amoonguss, F|53/100
|move|p2a: Clefable|Blizzard|p1a: among us
|-supereffective|p1a: among us
|-damage|p1a: among us|15/100
|
|upkeep
|turn|26
|
|t:|1743787953
|move|p2a: Clefable|Blizzard|p1a: among us
|-supereffective|p1a: among us
|-damage|p1a: among us|0 fnt
|faint|p1a: among us
|
|-end|p2a: Clefable|move: Future Sight
|-damage|p2a: Clefable|65/100
|upkeep
|
|t:|1743787956
|switch|p1a: your moves r mine|Ditto|26/100
|-transform|p1a: your moves r mine|p2a: Clefable|[from] ability: Imposter
|turn|27
|
|t:|1743787962
|move|p2a: Clefable|Blizzard|p1a: your moves r mine
|-damage|p1a: your moves r mine|6/100
|-enditem|p1a: your moves r mine|Salac Berry|[eat]
|-boost|p1a: your moves r mine|spe|1|[from] item: Salac Berry
|move|p1a: your moves r mine|Heal Pulse|p2a: Clefable
|-heal|p2a: Clefable|100/100
|
|upkeep
|turn|28
|c|☆Yu-Gi-Oh-Oh-Ho!|wait
|
|t:|1743787978
|move|p1a: your moves r mine|Protect|p1a: your moves r mine
|-singleturn|p1a: your moves r mine|Protect
|move|p2a: Clefable|Blizzard|p1a: your moves r mine
|-activate|p1a: your moves r mine|move: Protect
|
|upkeep
|turn|29
|
|t:|1743787983
|move|p1a: your moves r mine|Blizzard|p2a: Clefable|[miss]
|-miss|p1a: your moves r mine|p2a: Clefable
|move|p2a: Clefable|Blizzard|p1a: your moves r mine|[miss]
|-miss|p2a: Clefable|p1a: your moves r mine
|
|upkeep
|turn|30
|
|t:|1743787990
|move|p1a: your moves r mine|Blizzard|p2a: Clefable
|-damage|p2a: Clefable|87/100
|move|p2a: Clefable|Blizzard|p1a: your moves r mine
|-damage|p1a: your moves r mine|0 fnt
|faint|p1a: your moves r mine
|
|upkeep
|
|t:|1743787994
|switch|p1a: watch this|Slowking-Galar, F|83/100
|turn|31
|
|t:|1743787999
|move|p2a: Clefable|Blizzard|p1a: watch this
|-damage|p1a: watch this|74/100
|move|p1a: watch this|Ice Beam|p2a: Clefable
|-crit|p2a: Clefable
|-damage|p2a: Clefable|63/100
|
|upkeep
|turn|32
|
|t:|1743788009
|move|p2a: Clefable|Protect|p2a: Clefable
|-singleturn|p2a: Clefable|Protect
|move|p1a: watch this|Future Sight|p2a: Clefable
|-start|p1a: watch this|move: Future Sight
|
|upkeep
|turn|33
|
|t:|1743788013
|move|p2a: Clefable|Calm Mind|p2a: Clefable
|-boost|p2a: Clefable|spa|1
|-boost|p2a: Clefable|spd|1
|move|p1a: watch this|Ice Beam|p2a: Clefable
|-damage|p2a: Clefable|52/100
|
|upkeep
|turn|34
|
|t:|1743788025
|move|p2a: Clefable|Protect|p2a: Clefable
|-singleturn|p2a: Clefable|Protect
|move|p1a: watch this|Flamethrower|p2a: Clefable
|-activate|p2a: Clefable|move: Protect
|
|-end|p2a: Clefable|move: Future Sight
|-damage|p2a: Clefable|29/100
|upkeep
|turn|35
|
|t:|1743788033
|move|p2a: Clefable|Calm Mind|p2a: Clefable
|-boost|p2a: Clefable|spa|1
|-boost|p2a: Clefable|spd|1
|move|p1a: watch this|Ice Beam|p2a: Clefable
|-damage|p2a: Clefable|20/100
|-enditem|p2a: Clefable|Apicot Berry|[eat]
|-boost|p2a: Clefable|spd|1|[from] item: Apicot Berry
|
|upkeep
|turn|36
|
|t:|1743788041
|move|p2a: Clefable|Calm Mind|p2a: Clefable
|-boost|p2a: Clefable|spa|1
|-boost|p2a: Clefable|spd|1
|move|p1a: watch this|Future Sight|p2a: Clefable
|-start|p1a: watch this|move: Future Sight
|
|upkeep
|turn|37
|
|t:|1743788046
|switch|p2a: Jolteon|Jolteon, M|32/100
|move|p1a: watch this|Ice Beam|p2a: Jolteon
|-damage|p2a: Jolteon|0 fnt
|faint|p2a: Jolteon
|
|upkeep
|
|t:|1743788052
|switch|p2a: Clefable|Clefable, M|20/100
|turn|38
|
|t:|1743788059
|move|p2a: Clefable|Heal Pulse|p1a: watch this
|-heal|p1a: watch this|100/100
|move|p1a: watch this|Ice Beam|p2a: Clefable
|-damage|p2a: Clefable|3/100
|-status|p2a: Clefable|frz
|
|-end|p2a: Clefable|move: Future Sight
|-damage|p2a: Clefable|0 fnt
|faint|p2a: Clefable
|
|win|Yu-Gi-Oh-Oh-Ho!
|raw|Yu-Gi-Oh-Oh-Ho!'s rating: 1000 &rarr; <strong>1040</strong><br />(+40 for winning)
|raw|axelatle's rating: 1000 &rarr; <strong>1000</strong><br />(+0 for losing)
|c|☆Yu-Gi-Oh-Oh-Ho!|dude u did it too LOL
|l|☆axelatle
|player|p2|
|c|☆Yu-Gi-Oh-Oh-Ho!|heal pulse heals the target
