|j|☆trg2011
|j|☆vedkcedocc
|t:|1743911838
|gametype|singles
|player|p1|trg2011|265|1147
|player|p2|vedkcedocc|psychic-gen4|1112
|teamsize|p1|6
|teamsize|p2|6
|gen|9
|tier|[Gen 9] OU
|rated|
|rule|HP Percentage Mod: HP is shown in percentages
|rule|Endless Battle Clause: Forcing endless battles is banned
|rule|Species Clause: Limit one of each Pokémon
|rule|OHKO Clause: OHKO moves are banned
|rule|Evasion Items Clause: Evasion items are banned
|rule|Evasion Moves Clause: Evasion moves are banned
|rule|Sleep Moves Clause: Sleep-inducing moves are banned
|clearpoke
|poke|p1|Blaziken, M|
|poke|p1|Dragapult, M|
|poke|p1|Gliscor, M|
|poke|p1|Araquanid, F|
|poke|p1|Zapdos|
|poke|p1|Glimmora, F|
|poke|p2|Electrode-Hisui|
|poke|p2|Drednaw, F|
|poke|p2|Regidrago|
|poke|p2|Blastoise, M|
|poke|p2|Iron Boulder|
|poke|p2|Gliscor, M|
|teampreview
|inactive|Battle timer is ON: inactive players will automatically lose when time's up. (requested by vedkcedocc)
|
|t:|1743911870
|start
|switch|p1a: Glimmora|Glimmora, F|100/100
|switch|p2a: Regidrago|Regidrago|100/100
|turn|1
|
|t:|1743911878
|move|p1a: Glimmora|Sludge Wave|p2a: Regidrago
|-damage|p2a: Regidrago|46/100
|move|p2a: Regidrago|Dragon Dance|p2a: Regidrago
|-boost|p2a: Regidrago|atk|1
|-boost|p2a: Regidrago|spe|1
|
|upkeep
|turn|2
|
|t:|1743911885
|move|p1a: Glimmora|Sludge Wave|p2a: Regidrago
|-damage|p2a: Regidrago|0 fnt
|faint|p2a: Regidrago
|
|upkeep
|
|t:|1743911891
|switch|p2a: Drednaw|Drednaw, F|100/100
|turn|3
|
|t:|1743911902
|switch|p1a: Zapdos|Zapdos|100/100
|move|p2a: Drednaw|Shell Smash|p2a: Drednaw
|-unboost|p2a: Drednaw|def|1
|-unboost|p2a: Drednaw|spd|1
|-boost|p2a: Drednaw|atk|2
|-boost|p2a: Drednaw|spa|2
|-boost|p2a: Drednaw|spe|2
|
|upkeep
|turn|4
|
|t:|1743911915
|move|p2a: Drednaw|Rock Blast|p1a: Zapdos
|-supereffective|p1a: Zapdos
|-damage|p1a: Zapdos|40/100
|-supereffective|p1a: Zapdos
|-damage|p1a: Zapdos|0 fnt
|faint|p1a: Zapdos
|-hitcount|p1: Zapdos|2
|
|upkeep
|
|t:|1743911930
|switch|p1a: Gliscor|Gliscor, M, shiny|100/100
|turn|5
|
|t:|1743911935
|move|p1a: Gliscor|Protect|p1a: Gliscor
|-singleturn|p1a: Gliscor|Protect
|move|p2a: Drednaw|Liquidation|p1a: Gliscor
|-activate|p1a: Gliscor|move: Protect
|
|-status|p1a: Gliscor|tox|[from] item: Toxic Orb
|upkeep
|turn|6
|
|t:|1743911938
|move|p2a: Drednaw|Liquidation|p1a: Gliscor
|-supereffective|p1a: Gliscor
|-damage|p1a: Gliscor|7/100 tox
|move|p1a: Gliscor|Earthquake|p2a: Drednaw
|-supereffective|p2a: Drednaw
|-crit|p2a: Drednaw
|-damage|p2a: Drednaw|0 fnt
|faint|p2a: Drednaw
|
|-heal|p1a: Gliscor|19/100 tox|[from] ability: Poison Heal
|upkeep
|
|t:|1743911954
|switch|p2a: Iron Boulder|Iron Boulder|100/100
|turn|7
|
|t:|1743911959
|move|p1a: Gliscor|Protect|p1a: Gliscor
|-singleturn|p1a: Gliscor|Protect
|move|p2a: Iron Boulder|Swords Dance|p2a: Iron Boulder
|-boost|p2a: Iron Boulder|atk|2
|
|-heal|p1a: Gliscor|32/100 tox|[from] ability: Poison Heal
|upkeep
|turn|8
|
|t:|1743911962
|move|p2a: Iron Boulder|Mighty Cleave|p1a: Gliscor
|-damage|p1a: Gliscor|0 fnt
|faint|p1a: Gliscor
|-damage|p2a: Iron Boulder|91/100|[from] item: Life Orb
|
|upkeep
|
|t:|1743911982
|switch|p1a: Glimmora|Glimmora, F|100/100
|turn|9
|
|t:|1743911990
|move|p1a: Glimmora|Earth Power|p2a: Iron Boulder
|-supereffective|p2a: Iron Boulder
|-damage|p2a: Iron Boulder|32/100
|move|p2a: Iron Boulder|Zen Headbutt|p1a: Glimmora
|-supereffective|p1a: Glimmora
|-damage|p1a: Glimmora|0 fnt
|-activate|p1a: Glimmora|ability: Toxic Debris
|-sidestart|p2: vedkcedocc|move: Toxic Spikes
|faint|p1a: Glimmora
|-damage|p2a: Iron Boulder|22/100|[from] item: Life Orb
|
|upkeep
|
|t:|1743911994
|switch|p1a: Crash Out|Blaziken, M, shiny|100/100
|turn|10
|
|t:|1743911998
|-end|p2a: Iron Boulder|Quark Drive|[silent]
|switch|p2a: Gliscor|Gliscor, M|100/100
|move|p1a: Crash Out|Protect||[still]
|-fail|p1a: Crash Out
|
|-status|p2a: Gliscor|tox|[from] item: Toxic Orb
|-ability|p1a: Crash Out|Speed Boost|boost
|-boost|p1a: Crash Out|spe|1
|upkeep
|turn|11
|
|t:|1743912013
|move|p1a: Crash Out|Flare Blitz|p2a: Gliscor
|-damage|p2a: Gliscor|35/100 tox
|-damage|p1a: Crash Out|75/100|[from] Recoil
|-damage|p1a: Crash Out|65/100|[from] item: Life Orb
|move|p2a: Gliscor|Earthquake|p1a: Crash Out
|-supereffective|p1a: Crash Out
|-damage|p1a: Crash Out|0 fnt
|faint|p1a: Crash Out
|
|-heal|p2a: Gliscor|48/100 tox|[from] ability: Poison Heal
|upkeep
|
|t:|1743912018
|switch|p1a: Araquanid|Araquanid, F, shiny|100/100
|turn|12
|
|t:|1743912027
|move|p2a: Gliscor|Protect|p2a: Gliscor
|-singleturn|p2a: Gliscor|Protect
|move|p1a: Araquanid|Liquidation|p2a: Gliscor
|-activate|p2a: Gliscor|move: Protect
|
|-heal|p2a: Gliscor|60/100 tox|[from] ability: Poison Heal
|upkeep
|turn|13
|
|t:|1743912044
|switch|p2a: Blastoise|Blastoise, M|100/100
|move|p1a: Araquanid|Liquidation|p2a: Blastoise
|-resisted|p2a: Blastoise
|-damage|p2a: Blastoise|81/100
|-unboost|p2a: Blastoise|def|1
|
|upkeep
|turn|14
|inactive|trg2011 has 120 seconds left.
|inactive|trg2011 has 90 seconds left.
|
|t:|1743912110
|move|p2a: Blastoise|Flip Turn|p1a: Araquanid
|-resisted|p1a: Araquanid
|-damage|p1a: Araquanid|90/100
|
|t:|1743912133
|switch|p2a: Electrode|Electrode-Hisui|100/100|[from] Flip Turn
|-status|p2a: Electrode|psn
|move|p1a: Araquanid|Liquidation|p2a: Electrode
|-resisted|p2a: Electrode
|-crit|p2a: Electrode
|-damage|p2a: Electrode|29/100 psn
|-unboost|p2a: Electrode|def|1
|
|-damage|p2a: Electrode|17/100 psn|[from] psn
|upkeep
|turn|15
|
|t:|1743912142
|switch|p2a: Blastoise|Blastoise, M|81/100
|move|p1a: Araquanid|Liquidation|p2a: Blastoise
|-resisted|p2a: Blastoise
|-damage|p2a: Blastoise|61/100
|-unboost|p2a: Blastoise|def|1
|
|upkeep
|turn|16
|c|☆vedkcedocc|???
|
|t:|1743912151
|move|p2a: Blastoise|Rapid Spin|p1a: Araquanid
|-damage|p1a: Araquanid|77/100
|-boost|p2a: Blastoise|spe|1
|-sideend|p2: vedkcedocc|Toxic Spikes|[from] move: Rapid Spin|[of] p2a: Blastoise
|move|p1a: Araquanid|Liquidation|p2a: Blastoise
|-resisted|p2a: Blastoise
|-damage|p2a: Blastoise|33/100
|
|upkeep
|turn|17
|
|t:|1743912159
|move|p2a: Blastoise|Rapid Spin|p1a: Araquanid
|-damage|p1a: Araquanid|65/100
|-boost|p2a: Blastoise|spe|1
|move|p1a: Araquanid|Liquidation|p2a: Blastoise
|-resisted|p2a: Blastoise
|-damage|p2a: Blastoise|3/100
|
|upkeep
|turn|18
|
|t:|1743912162
|move|p2a: Blastoise|Rapid Spin|p1a: Araquanid
|-damage|p1a: Araquanid|53/100
|-boost|p2a: Blastoise|spe|1
|move|p1a: Araquanid|Liquidation|p2a: Blastoise
|-resisted|p2a: Blastoise
|-damage|p2a: Blastoise|0 fnt
|faint|p2a: Blastoise
|
|upkeep
|
|t:|1743912165
|switch|p2a: Electrode|Electrode-Hisui|17/100 psn
|turn|19
|
|t:|1743912169
|move|p2a: Electrode|Volt Switch|p1a: Araquanid
|-supereffective|p1a: Araquanid
|-damage|p1a: Araquanid|21/100
|-damage|p2a: Electrode|7/100 psn|[from] item: Life Orb
|
|t:|1743912176
|switch|p2a: Iron Boulder|Iron Boulder|22/100|[from] Volt Switch
|move|p1a: Araquanid|Liquidation|p2a: Iron Boulder
|-supereffective|p2a: Iron Boulder
|-damage|p2a: Iron Boulder|0 fnt
|faint|p2a: Iron Boulder
|-end|p2a: Iron Boulder|Quark Drive|[silent]
|
|upkeep
|c|☆trg2011|risk taka
|
|t:|1743912189
|switch|p2a: Gliscor|Gliscor, M|60/100 tox
|turn|20
|
|t:|1743912197
|move|p2a: Gliscor|Facade|p1a: Araquanid
|-damage|p1a: Araquanid|0 fnt
|faint|p1a: Araquanid
|
|-heal|p2a: Gliscor|73/100 tox|[from] ability: Poison Heal
|upkeep
|
|t:|1743912202
|switch|p1a: Dragapult|Dragapult, M|100/100
|turn|21
|
|t:|1743912208
|move|p2a: Gliscor|Protect|p2a: Gliscor
|-singleturn|p2a: Gliscor|Protect
|move|p1a: Dragapult|Shadow Ball|p2a: Gliscor
|-activate|p2a: Gliscor|move: Protect
|
|-heal|p2a: Gliscor|85/100 tox|[from] ability: Poison Heal
|upkeep
|turn|22
|
|t:|1743912213
|-terastallize|p2a: Gliscor|Normal
|move|p1a: Dragapult|Shadow Ball|p2a: Gliscor
|-immune|p2a: Gliscor
|move|p2a: Gliscor|Swords Dance|p2a: Gliscor
|-boost|p2a: Gliscor|atk|2
|
|-heal|p2a: Gliscor|97/100 tox|[from] ability: Poison Heal
|upkeep
|turn|23
|
|t:|1743912218
|move|p1a: Dragapult|Dragon Darts|p2a: Gliscor
|-damage|p2a: Gliscor|80/100 tox
|-anim|p1a: Dragapult|Dragon Darts|p2a: Gliscor
|-damage|p2a: Gliscor|63/100 tox
|move|p2a: Gliscor|Earthquake|p1a: Dragapult
|-damage|p1a: Dragapult|5/100
|
|-heal|p2a: Gliscor|76/100 tox|[from] ability: Poison Heal
|upkeep
|turn|24
|-message|trg2011 forfeited.
|
|win|vedkcedocc
|raw|trg2011's rating: 1147 &rarr; <strong>1119</strong><br />(-28 for losing)
|raw|vedkcedocc's rating: 1112 &rarr; <strong>1140</strong><br />(+28 for winning)
|l|☆trg2011
|player|p1|
|l|☆vedkcedocc
|player|p2|
