|j|☆hawker_mk5
|j|☆goldceus
|t:|1743786957
|gametype|singles
|player|p1|hawker_mk5|volkner|1542
|player|p2|goldceus|lance|1483
|teamsize|p1|6
|teamsize|p2|6
|gen|9
|tier|[Gen 9] OU
|rated|
|rule|HP Percentage Mod: HP is shown in percentages
|rule|Endless Battle Clause: Forcing endless battles is banned
|rule|Species Clause: Limit one of each Pokémon
|rule|OHKO Clause: OHKO moves are banned
|rule|Evasion Items Clause: Evasion items are banned
|rule|Evasion Moves Clause: Evasion moves are banned
|rule|Sleep Moves Clause: Sleep-inducing moves are banned
|clearpoke
|poke|p1|Metagross|
|poke|p1|Rotom-Wash|
|poke|p1|Kyurem|
|poke|p1|Primarina, M|
|poke|p1|Cinderace, F|
|poke|p1|Gliscor, M|
|poke|p2|Gliscor, F|
|poke|p2|Blissey, F|
|poke|p2|Clefable, F|
|poke|p2|Toxapex, F|
|poke|p2|Dondozo, F|
|poke|p2|Corviknight, M|
|teampreview
|inactive|Battle timer is ON: inactive players will automatically lose when time's up. (requested by hawker_mk5)
|
|t:|1743786977
|start
|switch|p1a: Primarina|Primarina, M|100/100
|switch|p2a: Chef|Clefable, F|100/100
|turn|1
|
|t:|1743786985
|move|p1a: Primarina|Surf|p2a: Chef
|-damage|p2a: Chef|51/100
|move|p2a: Chef|Trick|p1a: Primarina
|-activate|p2a: Chef|move: Trick|[of] p1a: Primarina
|-item|p1a: Primarina|Sticky Barb|[from] move: Trick
|-item|p2a: Chef|Assault Vest|[from] move: Trick
|
|-damage|p1a: Primarina|88/100|[from] item: Sticky Barb
|upkeep
|turn|2
|
|t:|1743786993
|move|p1a: Primarina|Flip Turn|p2a: Chef
|-damage|p2a: Chef|41/100
|
|t:|1743786999
|switch|p1a: Cinderace|Cinderace, F|100/100|[from] Flip Turn
|move|p2a: Chef|Moonblast|p1a: Cinderace
|-resisted|p1a: Cinderace
|-damage|p1a: Cinderace|77/100
|
|upkeep
|turn|3
|
|t:|1743787007
|switch|p2a: Toxic|Toxapex, F, shiny|100/100
|move|p1a: Cinderace|U-turn|p2a: Toxic
|-start|p1a: Cinderace|typechange|Bug|[from] ability: Libero
|-resisted|p2a: Toxic
|-damage|p2a: Toxic|87/100
|inactive|hawker_mk5 has 120 seconds left.
|
|t:|1743787047
|switch|p1a: Kyurem|Kyurem|100/100|[from] U-turn
|-ability|p1a: Kyurem|Pressure
|
|upkeep
|turn|4
|
|t:|1743787056
|switch|p2a: Bliss|Blissey, F|100/100
|move|p1a: Kyurem|Draco Meteor|p2a: Bliss
|-damage|p2a: Bliss|69/100
|-unboost|p1a: Kyurem|spa|2
|
|upkeep
|turn|5
|
|t:|1743787067
|switch|p1a: Gliscor|Gliscor, M|100/100
|move|p2a: Bliss|Seismic Toss|p1a: Gliscor
|-damage|p1a: Gliscor|72/100
|
|-status|p1a: Gliscor|tox|[from] item: Toxic Orb
|upkeep
|turn|6
|
|t:|1743787077
|switch|p2a: Chef|Clefable, F|41/100
|move|p1a: Gliscor|Swords Dance|p1a: Gliscor
|-boost|p1a: Gliscor|atk|2
|
|-heal|p1a: Gliscor|85/100 tox|[from] ability: Poison Heal
|upkeep
|turn|7
|
|t:|1743787084
|move|p1a: Gliscor|Earthquake|p2a: Chef
|-damage|p2a: Chef|0 fnt
|faint|p2a: Chef
|
|-heal|p1a: Gliscor|97/100 tox|[from] ability: Poison Heal
|upkeep
|
|t:|1743787088
|switch|p2a: Don|Dondozo, F, shiny|100/100
|turn|8
|
|t:|1743787095
|-terastallize|p1a: Gliscor|Normal
|move|p1a: Gliscor|Facade|p2a: Don
|-damage|p2a: Don|80/100
|move|p2a: Don|Avalanche|p1a: Gliscor
|-damage|p1a: Gliscor|77/100 tox
|
|-heal|p1a: Gliscor|90/100 tox|[from] ability: Poison Heal
|upkeep
|turn|9
|
|t:|1743787104
|move|p1a: Gliscor|Facade|p2a: Don
|-damage|p2a: Don|58/100
|move|p2a: Don|Body Press|p1a: Gliscor
|-supereffective|p1a: Gliscor
|-damage|p1a: Gliscor|48/100 tox
|
|-heal|p1a: Gliscor|61/100 tox|[from] ability: Poison Heal
|upkeep
|turn|10
|
|t:|1743787114
|switch|p1a: Primarina|Primarina, M|88/100
|move|p2a: Don|Body Press|p1a: Primarina
|-resisted|p1a: Primarina
|-damage|p1a: Primarina|67/100
|
|-damage|p1a: Primarina|55/100|[from] item: Sticky Barb
|upkeep
|turn|11
|
|t:|1743787123
|switch|p2a: Toxic|Toxapex, F, shiny|100/100
|move|p1a: Primarina|Moonblast|p2a: Toxic
|-resisted|p2a: Toxic
|-damage|p2a: Toxic|83/100
|
|-damage|p1a: Primarina|43/100|[from] item: Sticky Barb
|upkeep
|turn|12
|
|t:|1743787127
|move|p1a: Primarina|Psychic Noise|p2a: Toxic
|-supereffective|p2a: Toxic
|-damage|p2a: Toxic|48/100
|-start|p2a: Toxic|move: Heal Block
|move|p2a: Toxic|Toxic|p1a: Primarina
|-status|p1a: Primarina|tox
|
|-damage|p1a: Primarina|36/100 tox|[from] psn
|-damage|p1a: Primarina|24/100 tox|[from] item: Sticky Barb
|upkeep
|turn|13
|
|t:|1743787134
|switch|p2a: Bliss|Blissey, F|69/100
|move|p1a: Primarina|Psychic Noise|p2a: Bliss
|-damage|p2a: Bliss|60/100
|-start|p2a: Bliss|move: Heal Block
|
|-damage|p1a: Primarina|11/100 tox|[from] psn
|-damage|p1a: Primarina|0 fnt|[from] item: Sticky Barb
|faint|p1a: Primarina
|upkeep
|inactive|hawker_mk5 has 120 seconds left.
|
|t:|1743787166
|switch|p1a: Kyurem|Kyurem|100/100
|-ability|p1a: Kyurem|Pressure
|turn|14
|
|t:|1743787173
|switch|p2a: Knight|Corviknight, M, shiny|100/100
|-ability|p2a: Knight|Pressure
|move|p1a: Kyurem|Ice Beam|p2a: Knight
|-damage|p2a: Knight|47/100
|
|-heal|p2a: Knight|53/100|[from] item: Leftovers
|upkeep
|turn|15
|
|t:|1743787188
|switch|p1a: Rotom|Rotom-Wash|100/100
|move|p2a: Knight|Protect||[still]
|-fail|p2a: Knight
|
|-heal|p2a: Knight|59/100|[from] item: Leftovers
|upkeep
|turn|16
|
|t:|1743787194
|switch|p2a: Bliss|Blissey, F|60/100
|move|p1a: Rotom|Volt Switch|p2a: Bliss
|-damage|p2a: Bliss|52/100
|
|t:|1743787201
|switch|p1a: Metagross|Metagross|100/100|[from] Volt Switch
|
|upkeep
|turn|17
|
|t:|1743787210
|switch|p2a: Knight|Corviknight, M, shiny|59/100
|-ability|p2a: Knight|Pressure
|move|p1a: Metagross|Heavy Slam|p2a: Knight
|-resisted|p2a: Knight
|-damage|p2a: Knight|14/100
|
|-heal|p2a: Knight|20/100|[from] item: Leftovers
|upkeep
|turn|18
|
|t:|1743787220
|move|p2a: Knight|Protect|p2a: Knight
|-singleturn|p2a: Knight|Protect
|move|p1a: Metagross|Heavy Slam|p2a: Knight
|-activate|p2a: Knight|move: Protect
|
|-heal|p2a: Knight|26/100|[from] item: Leftovers
|upkeep
|turn|19
|
|t:|1743787225
|switch|p2a: Scar|Gliscor, F|100/100
|move|p1a: Metagross|Heavy Slam|p2a: Scar
|-damage|p2a: Scar|41/100
|
|-status|p2a: Scar|tox|[from] item: Toxic Orb
|upkeep
|turn|20
|
|t:|1743787243
|move|p2a: Scar|Protect|p2a: Scar
|-singleturn|p2a: Scar|Protect
|move|p1a: Metagross|Heavy Slam|p2a: Scar
|-activate|p2a: Scar|move: Protect
|
|-heal|p2a: Scar|53/100 tox|[from] ability: Poison Heal
|upkeep
|turn|21
|
|t:|1743787248
|switch|p2a: Toxic|Toxapex, F, shiny|81/100
|move|p1a: Metagross|Heavy Slam|p2a: Toxic
|-resisted|p2a: Toxic
|-crit|p2a: Toxic
|-damage|p2a: Toxic|22/100
|
|upkeep
|turn|22
|
|t:|1743787255
|switch|p2a: Don|Dondozo, F, shiny|58/100
|move|p1a: Metagross|Heavy Slam|p2a: Don
|-resisted|p2a: Don
|-damage|p2a: Don|47/100
|
|upkeep
|turn|23
|
|t:|1743787276
|switch|p1a: Rotom|Rotom-Wash|100/100
|move|p2a: Don|Rest|p2a: Don
|-status|p2a: Don|slp|[from] move: Rest
|-heal|p2a: Don|100/100 slp|[silent]
|
|upkeep
|turn|24
|
|t:|1743787284
|switch|p2a: Bliss|Blissey, F|52/100
|move|p1a: Rotom|Volt Switch|p2a: Bliss
|-damage|p2a: Bliss|45/100
|
|t:|1743787293
|switch|p1a: Metagross|Metagross|100/100|[from] Volt Switch
|
|upkeep
|turn|25
|
|t:|1743787300
|switch|p2a: Don|Dondozo, F, shiny|100/100 slp
|move|p1a: Metagross|Psychic Fangs|p2a: Don
|-damage|p2a: Don|68/100 slp
|
|upkeep
|turn|26
|
|t:|1743787306
|move|p1a: Metagross|Psychic Fangs|p2a: Don
|-damage|p2a: Don|34/100 slp
|cant|p2a: Don|slp
|move|p2a: Don|Sleep Talk|p2a: Don
|move|p2a: Don|Rest||[from] move: Sleep Talk|[still]
|-fail|p2a: Don
|
|upkeep
|turn|27
|
|t:|1743787314
|move|p1a: Metagross|Psychic Fangs|p2a: Don
|-crit|p2a: Don
|-damage|p2a: Don|0 fnt
|faint|p2a: Don
|
|upkeep
|-message|goldceus forfeited.
|
|win|hawker_mk5
|raw|hawker_mk5's rating: 1542 &rarr; <strong>1559</strong><br />(+17 for winning)
|raw|goldceus's rating: 1483 &rarr; <strong>1466</strong><br />(-17 for losing)
|l|☆goldceus
|player|p2|
|l|☆hawker_mk5
|player|p1|
