|j|☆besudo
|j|☆Vince1314
|t:|1743790217
|gametype|singles
|player|p1|besudo|dancer|1622
|player|p2|Vince1314|1|1569
|teamsize|p1|6
|teamsize|p2|6
|gen|9
|tier|[Gen 9] OU
|rated|
|rule|HP Percentage Mod: HP is shown in percentages
|rule|Endless Battle Clause: Forcing endless battles is banned
|rule|Species Clause: Limit one of each Pokémon
|rule|OHKO Clause: OHKO moves are banned
|rule|Evasion Items Clause: Evasion items are banned
|rule|Evasion Moves Clause: Evasion moves are banned
|rule|Sleep Moves Clause: Sleep-inducing moves are banned
|clearpoke
|poke|p1|Chesnaught, M|
|poke|p1|Muk-Alola, F|
|poke|p1|Hatterene, F|
|poke|p1|Ogerpon-Cornerstone, F|
|poke|p1|Regidrago|
|poke|p1|Gholdengo|
|poke|p2|Darkrai|
|poke|p2|Ogerpon, F|
|poke|p2|Primarina, M|
|poke|p2|Great Tusk|
|poke|p2|Moltres|
|poke|p2|Slowking-Galar, M|
|teampreview
|inactive|Battle timer is ON: inactive players will automatically lose when time's up. (requested by Vince1314)
|
|t:|1743790230
|start
|switch|p1a: Him|Chesnaught, M|100/100
|switch|p2a: Ogerpon|Ogerpon, F|100/100
|turn|1
|
|t:|1743790237
|move|p2a: Ogerpon|U-turn|p1a: Him
|-damage|p1a: Him|87/100
|-damage|p2a: Ogerpon|84/100|[from] item: Rocky Helmet|[of] p1a: Him
|j| Dkrd
|
|t:|1743790242
|switch|p2a: Slowking|Slowking-Galar, M|100/100|[from] U-turn
|move|p1a: Him|Spikes|p2a: Slowking
|-sidestart|p2: Vince1314|Spikes
|
|upkeep
|turn|2
|
|t:|1743790247
|switch|p1a: AGent AGslash|Gholdengo, shiny|100/100
|move|p2a: Slowking|Future Sight|p1a: AGent AGslash
|-start|p2a: Slowking|move: Future Sight
|
|upkeep
|turn|3
|
|t:|1743790252
|move|p1a: AGent AGslash|Shadow Ball|p2a: Slowking
|-supereffective|p2a: Slowking
|-damage|p2a: Slowking|0 fnt
|faint|p2a: Slowking
|
|upkeep
|
|t:|1743790263
|switch|p2a: Great Tusk|Great Tusk|100/100
|turn|4
|
|t:|1743790267
|switch|p1a: Houdini|Hatterene, F, shiny|100/100
|move|p2a: Great Tusk|Headlong Rush|p1a: Houdini
|-damage|p1a: Houdini|54/100
|-unboost|p2a: Great Tusk|def|1
|-unboost|p2a: Great Tusk|spd|1
|
|-end|p1a: Houdini|move: Future Sight
|-resisted|p1a: Houdini
|-damage|p1a: Houdini|32/100
|upkeep
|turn|5
|
|t:|1743790277
|switch|p1a: Him|Chesnaught, M|87/100
|move|p2a: Great Tusk|Headlong Rush|p1a: Him
|-resisted|p1a: Him
|-damage|p1a: Him|72/100
|-unboost|p2a: Great Tusk|def|1
|-unboost|p2a: Great Tusk|spd|1
|-damage|p2a: Great Tusk|84/100|[from] item: Rocky Helmet|[of] p1a: Him
|
|upkeep
|turn|6
|
|t:|1743790285
|-end|p2a: Great Tusk|Protosynthesis|[silent]
|switch|p2a: Moltres|Moltres|100/100
|move|p1a: Him|Body Press|p2a: Moltres
|-resisted|p2a: Moltres
|-damage|p2a: Moltres|80/100
|
|upkeep
|turn|7
|j| FaronAan
|
|t:|1743790294
|switch|p1a: Buttons|Muk-Alola, F, shiny|100/100
|move|p2a: Moltres|Flamethrower|p1a: Buttons
|-damage|p1a: Buttons|82/100
|-status|p1a: Buttons|brn
|
|-damage|p1a: Buttons|76/100 brn|[from] brn
|upkeep
|turn|8
|
|t:|1743790303
|move|p2a: Moltres|Hurricane|p1a: Buttons
|-crit|p1a: Buttons
|-damage|p1a: Buttons|40/100 brn
|move|p1a: Buttons|Poison Jab|p2a: Moltres
|-damage|p2a: Moltres|64/100
|
|-damage|p1a: Buttons|34/100 brn|[from] brn
|upkeep
|turn|9
|
|t:|1743790324
|switch|p1a: NOH20|Ogerpon-Cornerstone, F|100/100
|move|p2a: Moltres|Flamethrower|p1a: NOH20
|-damage|p1a: NOH20|59/100
|
|upkeep
|turn|10
|
|t:|1743790332
|switch|p2a: Great Tusk|Great Tusk|84/100
|move|p1a: NOH20|Ivy Cudgel|p2a: Great Tusk|[anim] Ivy Cudgel Rock
|-resisted|p2a: Great Tusk
|-crit|p2a: Great Tusk
|-damage|p2a: Great Tusk|67/100
|
|upkeep
|turn|11
|
|t:|1743790340
|move|p1a: NOH20|Swords Dance|p1a: NOH20
|-boost|p1a: NOH20|atk|2
|move|p2a: Great Tusk|Close Combat|p1a: NOH20
|-supereffective|p1a: NOH20
|-damage|p1a: NOH20|0 fnt
|-unboost|p2a: Great Tusk|def|1
|-unboost|p2a: Great Tusk|spd|1
|faint|p1a: NOH20
|
|upkeep
|
|t:|1743790344
|switch|p1a: K. Jr|Regidrago, shiny|100/100
|turn|12
|
|t:|1743790351
|switch|p1a: AGent AGslash|Gholdengo, shiny|100/100
|-end|p2a: Great Tusk|Protosynthesis|[silent]
|switch|p2a: Primarina|Primarina, M|100/100
|
|upkeep
|turn|13
|
|t:|1743790370
|switch|p2a: Great Tusk|Great Tusk|67/100
|move|p1a: AGent AGslash|Make It Rain|p2a: Great Tusk
|-damage|p2a: Great Tusk|0 fnt
|-unboost|p1a: AGent AGslash|spa|1
|faint|p2a: Great Tusk
|-end|p2a: Great Tusk|Protosynthesis|[silent]
|
|upkeep
|
|t:|1743790379
|switch|p2a: Moltres|Moltres|64/100
|turn|14
|
|t:|1743790385
|switch|p1a: K. Jr|Regidrago, shiny|100/100
|move|p2a: Moltres|Flamethrower|p1a: K. Jr
|-resisted|p1a: K. Jr
|-damage|p1a: K. Jr|79/100
|
|upkeep
|turn|15
|
|t:|1743790391
|move|p1a: K. Jr|Draco Meteor|p2a: Moltres
|-damage|p2a: Moltres|1/100
|-unboost|p1a: K. Jr|spa|2
|move|p2a: Moltres|Roost|p2a: Moltres
|-heal|p2a: Moltres|51/100
|-singleturn|p2a: Moltres|move: Roost
|
|upkeep
|turn|16
|
|t:|1743790399
|switch|p1a: Houdini|Hatterene, F, shiny|32/100
|move|p2a: Moltres|Roost|p2a: Moltres
|-heal|p2a: Moltres|100/100
|-singleturn|p2a: Moltres|move: Roost
|
|upkeep
|turn|17
|
|t:|1743790406
|move|p1a: Houdini|Endure|p1a: Houdini
|-singleturn|p1a: Houdini|move: Endure
|move|p2a: Moltres|Flamethrower|p1a: Houdini
|-activate|p1a: Houdini|move: Endure
|-damage|p1a: Houdini|1/100
|
|upkeep
|turn|18
|-enditem|p1a: Houdini|Custap Berry|[eat]
|-activate|p1a: Houdini|item: Custap Berry|[consumed]
|
|t:|1743790415
|move|p1a: Houdini|Healing Wish|p1a: Houdini
|faint|p1a: Houdini
|move|p2a: Moltres|Flamethrower|p1: Houdini|[notarget]
|-fail|p2a: Moltres
|
|upkeep
|
|t:|1743790420
|switch|p1a: Buttons|Muk-Alola, F, shiny|34/100 brn
|-heal|p1a: Buttons|100/100|[from] move: Healing Wish
|turn|19
|
|t:|1743790426
|move|p2a: Moltres|Flamethrower|p1a: Buttons
|-damage|p1a: Buttons|81/100
|move|p1a: Buttons|Poison Jab|p2a: Moltres
|-damage|p2a: Moltres|65/100
|-status|p1a: Buttons|brn|[from] ability: Flame Body|[of] p2a: Moltres
|-status|p2a: Moltres|psn|[from] ability: Poison Touch|[of] p1a: Buttons
|
|-damage|p2a: Moltres|53/100 psn|[from] psn
|-damage|p1a: Buttons|75/100 brn|[from] brn
|upkeep
|turn|20
|
|t:|1743790443
|move|p2a: Moltres|Hurricane|p1a: Buttons
|-damage|p1a: Buttons|55/100 brn
|move|p1a: Buttons|Knock Off|p2a: Moltres
|-damage|p2a: Moltres|33/100 psn
|-enditem|p2a: Moltres|Heavy-Duty Boots|[from] move: Knock Off|[of] p1a: Buttons
|
|-damage|p2a: Moltres|20/100 psn|[from] psn
|-damage|p1a: Buttons|49/100 brn|[from] brn
|upkeep
|turn|21
|
|t:|1743790458
|switch|p1a: AGent AGslash|Gholdengo, shiny|100/100
|move|p2a: Moltres|Roost|p2a: Moltres
|-heal|p2a: Moltres|70/100 psn
|-singleturn|p2a: Moltres|move: Roost
|
|-damage|p2a: Moltres|58/100 psn|[from] psn
|upkeep
|turn|22
|
|t:|1743790467
|switch|p2a: Darkrai|Darkrai|100/100
|move|p1a: AGent AGslash|Shadow Ball|p2a: Darkrai
|-resisted|p2a: Darkrai
|-damage|p2a: Darkrai|56/100
|
|upkeep
|turn|23
|
|t:|1743790474
|switch|p1a: Buttons|Muk-Alola, F, shiny|49/100 brn
|move|p2a: Darkrai|Dark Pulse|p1a: Buttons
|-resisted|p1a: Buttons
|-damage|p1a: Buttons|38/100 brn
|
|-damage|p1a: Buttons|32/100 brn|[from] brn
|upkeep
|turn|24
|
|t:|1743790481
|move|p2a: Darkrai|Dark Pulse|p1a: Buttons
|-resisted|p1a: Buttons
|-damage|p1a: Buttons|22/100 brn
|move|p1a: Buttons|Drain Punch|p2a: Darkrai
|-supereffective|p2a: Darkrai
|-crit|p2a: Darkrai
|-damage|p2a: Darkrai|11/100
|-heal|p1a: Buttons|37/100 brn|[from] drain|[of] p2a: Darkrai
|
|-damage|p1a: Buttons|31/100 brn|[from] brn
|upkeep
|turn|25
|
|t:|1743790493
|switch|p2a: Moltres|Moltres|58/100 psn
|move|p1a: Buttons|Poison Jab|p2a: Moltres
|-damage|p2a: Moltres|41/100 psn
|
|-damage|p2a: Moltres|28/100 psn|[from] psn
|-damage|p1a: Buttons|25/100 brn|[from] brn
|upkeep
|turn|26
|
|t:|1743790508
|move|p2a: Moltres|Roost|p2a: Moltres
|-heal|p2a: Moltres|78/100 psn
|-singleturn|p2a: Moltres|move: Roost
|move|p1a: Buttons|Poison Jab|p2a: Moltres
|-damage|p2a: Moltres|62/100 psn
|
|-damage|p2a: Moltres|50/100 psn|[from] psn
|-damage|p1a: Buttons|19/100 brn|[from] brn
|upkeep
|turn|27
|
|t:|1743790517
|switch|p1a: K. Jr|Regidrago, shiny|79/100
|move|p2a: Moltres|Roost|p2a: Moltres
|-heal|p2a: Moltres|99/100 psn
|-singleturn|p2a: Moltres|move: Roost
|
|-damage|p2a: Moltres|87/100 psn|[from] psn
|upkeep
|turn|28
|
|t:|1743790525
|switch|p1a: AGent AGslash|Gholdengo, shiny|100/100
|switch|p2a: Primarina|Primarina, M|100/100
|
|upkeep
|turn|29
|
|t:|1743790540
|switch|p2a: Darkrai|Darkrai|11/100
|move|p1a: AGent AGslash|Shadow Ball|p2a: Darkrai
|-resisted|p2a: Darkrai
|-damage|p2a: Darkrai|0 fnt
|faint|p2a: Darkrai
|
|upkeep
|
|t:|1743790546
|switch|p2a: Ogerpon|Ogerpon, F|84/100
|turn|30
|
|t:|1743790549
|switch|p1a: Him|Chesnaught, M|72/100
|-terastallize|p2a: Ogerpon|Grass
|detailschange|p2a: Ogerpon|Ogerpon-Teal-Tera, F, tera:Grass
|-ability|p2a: Ogerpon|Embody Aspect (Teal)|boost
|-boost|p2a: Ogerpon|spe|1
|move|p2a: Ogerpon|Knock Off|p1a: Him
|-resisted|p1a: Him
|-damage|p1a: Him|64/100
|-damage|p2a: Ogerpon|67/100|[from] item: Rocky Helmet|[of] p1a: Him
|-enditem|p1a: Him|Rocky Helmet|[from] move: Knock Off|[of] p2a: Ogerpon
|
|upkeep
|turn|31
|
|t:|1743790561
|move|p2a: Ogerpon|U-turn|p1a: Him
|-damage|p1a: Him|50/100
|
|t:|1743790563
|switch|p2a: Moltres|Moltres|87/100 psn|[from] U-turn
|move|p1a: Him|Synthesis|p1a: Him
|-heal|p1a: Him|99/100
|
|-damage|p2a: Moltres|75/100 psn|[from] psn
|upkeep
|turn|32
|
|t:|1743790572
|switch|p1a: Buttons|Muk-Alola, F, shiny|19/100 brn
|move|p2a: Moltres|Flamethrower|p1a: Buttons
|-damage|p1a: Buttons|0 fnt
|faint|p1a: Buttons
|
|-damage|p2a: Moltres|62/100 psn|[from] psn
|upkeep
|
|t:|1743790575
|switch|p1a: AGent AGslash|Gholdengo, shiny|100/100
|turn|33
|
|t:|1743790584
|move|p1a: AGent AGslash|Shadow Ball|p2a: Moltres
|-damage|p2a: Moltres|16/100 psn
|move|p2a: Moltres|Flamethrower|p1a: AGent AGslash
|-supereffective|p1a: AGent AGslash
|-damage|p1a: AGent AGslash|32/100
|-status|p1a: AGent AGslash|brn
|
|-damage|p2a: Moltres|4/100 psn|[from] psn
|-damage|p1a: AGent AGslash|26/100 brn|[from] brn
|upkeep
|turn|34
|
|t:|1743790598
|switch|p2a: Ogerpon|Ogerpon-Teal-Tera, F, tera:Grass|67/100
|-ability|p2a: Ogerpon|Embody Aspect (Teal)|boost
|-boost|p2a: Ogerpon|spe|1
|move|p1a: AGent AGslash|Shadow Ball|p2a: Ogerpon
|-damage|p2a: Ogerpon|0 fnt
|faint|p2a: Ogerpon
|
|-damage|p1a: AGent AGslash|20/100 brn|[from] brn
|upkeep
|
|t:|1743790607
|switch|p2a: Primarina|Primarina, M|100/100
|turn|35
|
|t:|1743790622
|switch|p1a: Him|Chesnaught, M|99/100
|move|p2a: Primarina|Moonblast|p1a: Him
|-supereffective|p1a: Him
|-damage|p1a: Him|0 fnt
|faint|p1a: Him
|
|upkeep
|
|t:|1743790624
|switch|p1a: AGent AGslash|Gholdengo, shiny|20/100 brn
|turn|36
|
|t:|1743790633
|move|p1a: AGent AGslash|Make It Rain|p2a: Primarina
|-damage|p2a: Primarina|7/100
|-unboost|p1a: AGent AGslash|spa|1
|move|p2a: Primarina|Moonblast|p1a: AGent AGslash
|-resisted|p1a: AGent AGslash
|-damage|p1a: AGent AGslash|0 fnt
|faint|p1a: AGent AGslash
|
|upkeep
|
|t:|1743790635
|switch|p1a: K. Jr|Regidrago, shiny|79/100
|turn|37
|
|t:|1743790644
|move|p1a: K. Jr|Earth Power|p2a: Primarina
|-damage|p2a: Primarina|0 fnt
|faint|p2a: Primarina
|
|upkeep
|
|t:|1743790648
|switch|p2a: Moltres|Moltres|4/100 psn
|turn|38
|
|t:|1743790651
|move|p1a: K. Jr|Earth Power|p2a: Moltres
|-immune|p2a: Moltres
|move|p2a: Moltres|Roost|p2a: Moltres
|-heal|p2a: Moltres|54/100 psn
|-singleturn|p2a: Moltres|move: Roost
|
|-damage|p2a: Moltres|41/100 psn|[from] psn
|upkeep
|turn|39
|
|t:|1743790659
|move|p1a: K. Jr|Earth Power|p2a: Moltres
|-immune|p2a: Moltres
|move|p2a: Moltres|Roost|p2a: Moltres
|-heal|p2a: Moltres|91/100 psn
|-singleturn|p2a: Moltres|move: Roost
|
|-damage|p2a: Moltres|79/100 psn|[from] psn
|upkeep
|turn|40
|-message|besudo forfeited.
|
|win|Vince1314
|raw|besudo's rating: 1622 &rarr; <strong>1599</strong><br />(-23 for losing)
|raw|Vince1314's rating: 1569 &rarr; <strong>1592</strong><br />(+23 for winning)
|l|☆besudo
|player|p1|
|l| FaronAan
|l|☆Vince1314
|player|p2|
|l| Dkrd
