|j|☆rising skies
|j|☆ronnie07
|t:|1743913590
|gametype|singles
|player|p1|rising skies|2|1401
|player|p2|ronnie07|rocket-gen1rb|1517
|teamsize|p1|6
|teamsize|p2|6
|gen|9
|tier|[Gen 9] OU
|rated|
|rule|HP Percentage Mod: HP is shown in percentages
|rule|Endless Battle Clause: Forcing endless battles is banned
|rule|Species Clause: Limit one of each Pokémon
|rule|OHKO Clause: OHKO moves are banned
|rule|Evasion Items Clause: Evasion items are banned
|rule|Evasion Moves Clause: Evasion moves are banned
|rule|Sleep Moves Clause: Sleep-inducing moves are banned
|clearpoke
|poke|p1|Iron Crown|
|poke|p1|Great Tusk|
|poke|p1|Lokix, F|
|poke|p1|Ninetales-Alola, M|
|poke|p1|Thundurus, M|
|poke|p1|Infernape, M|
|poke|p2|Hatterene, F|
|poke|p2|Slowking-Galar, F|
|poke|p2|Kyurem|
|poke|p2|Thundurus-Therian, M|
|poke|p2|Garchomp, F|
|poke|p2|Gholdengo|
|teampreview
|inactive|Battle timer is ON: inactive players will automatically lose when time's up. (requested by rising skies)
|
|t:|1743913610
|start
|switch|p1a: Thundurus|Thundurus, M, shiny|100/100
|switch|p2a: Gholdengo|Gholdengo|100/100
|turn|1
|
|t:|1743913625
|move|p1a: Thundurus|Nasty Plot|p1a: Thundurus
|-boost|p1a: Thundurus|spa|2
|move|p2a: Gholdengo|Trick|p1a: Thundurus
|-activate|p2a: Gholdengo|move: Trick|[of] p1a: Thundurus
|-item|p1a: Thundurus|Choice Scarf|[from] move: Trick
|-item|p2a: Gholdengo|Focus Sash|[from] move: Trick
|
|upkeep
|turn|2
|
|t:|1743913633
|switch|p2a: Thundurus|Thundurus-Therian, M|100/100
|move|p1a: Thundurus|Grass Knot|p2a: Thundurus
|-resisted|p2a: Thundurus
|-damage|p2a: Thundurus|66/100
|
|upkeep
|turn|3
|
|t:|1743913640
|move|p1a: Thundurus|Grass Knot|p2a: Thundurus
|-resisted|p2a: Thundurus
|-damage|p2a: Thundurus|31/100
|move|p2a: Thundurus|Volt Switch|p1a: Thundurus
|-damage|p1a: Thundurus|16/100
|
|t:|1743913650
|switch|p2a: Slowking|Slowking-Galar, F|100/100|[from] Volt Switch
|
|upkeep
|turn|4
|
|t:|1743913658
|switch|p1a: Ninetales|Ninetales-Alola, M|100/100
|-weather|Snowscape|[from] ability: Snow Warning|[of] p1a: Ninetales
|-prepare|p2a: Slowking|Chilly Reception|[premajor]
|move|p2a: Slowking|Chilly Reception|p2a: Slowking
|
|t:|1743913663
|switch|p2a: Gholdengo|Gholdengo|100/100|[from] Chilly Reception
|
|-weather|Snowscape|[upkeep]
|upkeep
|turn|5
|
|t:|1743913669
|move|p1a: Ninetales|Aurora Veil|p1a: Ninetales
|-sidestart|p1: rising skies|move: Aurora Veil
|move|p2a: Gholdengo|Make It Rain|p1a: Ninetales
|-supereffective|p1a: Ninetales
|-damage|p1a: Ninetales|0 fnt
|-unboost|p2a: Gholdengo|spa|1
|faint|p1a: Ninetales
|
|-weather|Snowscape|[upkeep]
|upkeep
|
|t:|1743913679
|switch|p1a: Infernape|Infernape, M|100/100
|turn|6
|
|t:|1743913687
|switch|p2a: Garchomp|Garchomp, F|100/100
|move|p1a: Infernape|Swords Dance|p1a: Infernape
|-boost|p1a: Infernape|atk|2
|
|-weather|Snowscape|[upkeep]
|upkeep
|turn|7
|inactive|rising skies has 120 seconds left.
|inactive|rising skies has 90 seconds left.
|
|t:|1743913772
|move|p1a: Infernape|Swords Dance|p1a: Infernape
|-boost|p1a: Infernape|atk|2
|move|p2a: Garchomp|Stealth Rock|p1a: Infernape
|-sidestart|p1: rising skies|move: Stealth Rock
|
|-weather|Snowscape|[upkeep]
|upkeep
|turn|8
|inactive|rising skies has 60 seconds left.
|inactive|ronnie07 has 120 seconds left.
|
|t:|1743913816
|-terastallize|p2a: Garchomp|Ghost
|move|p1a: Infernape|Swords Dance|p1a: Infernape
|-boost|p1a: Infernape|atk|2
|move|p2a: Garchomp|Dragon Tail|p1a: Infernape
|-crit|p1a: Infernape
|-damage|p1a: Infernape|48/100
|drag|p1a: Iron Crown|Iron Crown|100/100
|-damage|p1a: Iron Crown|94/100|[from] Stealth Rock
|-enditem|p1a: Iron Crown|Booster Energy
|-activate|p1a: Iron Crown|ability: Quark Drive|[fromitem]
|-start|p1a: Iron Crown|quarkdrivespe
|
|-weather|none
|upkeep
|turn|9
|inactive|rising skies has 60 seconds left.
|inactive|ronnie07 has 120 seconds left.
|
|t:|1743913833
|move|p1a: Iron Crown|Calm Mind|p1a: Iron Crown
|-boost|p1a: Iron Crown|spa|1
|-boost|p1a: Iron Crown|spd|1
|move|p2a: Garchomp|Dragon Tail|p1a: Iron Crown
|-resisted|p1a: Iron Crown
|-crit|p1a: Iron Crown
|-damage|p1a: Iron Crown|76/100
|-end|p1a: Iron Crown|Quark Drive|[silent]
|drag|p1a: Great Tusk|Great Tusk|100/100
|-damage|p1a: Great Tusk|98/100|[from] Stealth Rock
|-enditem|p1a: Great Tusk|Booster Energy
|-activate|p1a: Great Tusk|ability: Protosynthesis|[fromitem]
|-start|p1a: Great Tusk|protosynthesisatk
|
|upkeep
|turn|10
|inactive|ronnie07 has 120 seconds left.
|
|t:|1743913845
|move|p1a: Great Tusk|Headlong Rush|p2a: Garchomp
|-damage|p2a: Garchomp|49/100
|-unboost|p1a: Great Tusk|def|1
|-unboost|p1a: Great Tusk|spd|1
|-damage|p1a: Great Tusk|85/100|[from] ability: Rough Skin|[of] p2a: Garchomp
|-damage|p1a: Great Tusk|69/100|[from] item: Rocky Helmet|[of] p2a: Garchomp
|move|p2a: Garchomp|Dragon Tail|p1a: Great Tusk
|-damage|p1a: Great Tusk|57/100
|-end|p1a: Great Tusk|Protosynthesis|[silent]
|drag|p1a: Iron Crown|Iron Crown|76/100
|-damage|p1a: Iron Crown|70/100|[from] Stealth Rock
|
|upkeep
|turn|11
|inactive|ronnie07 has 120 seconds left.
|
|t:|1743913860
|move|p1a: Iron Crown|Iron Defense|p1a: Iron Crown
|-boost|p1a: Iron Crown|def|2
|move|p2a: Garchomp|Spikes|p1a: Iron Crown
|-sidestart|p1: rising skies|Spikes
|
|upkeep
|turn|12
|
|t:|1743913865
|move|p1a: Iron Crown|Stored Power|p2a: Garchomp
|-damage|p2a: Garchomp|22/100
|move|p2a: Garchomp|Dragon Tail|p1a: Iron Crown
|-resisted|p1a: Iron Crown
|-damage|p1a: Iron Crown|67/100
|-end|p1a: Iron Crown|Quark Drive|[silent]
|drag|p1a: Thundurus|Thundurus, M, shiny|16/100
|-damage|p1a: Thundurus|0 fnt|[from] Stealth Rock
|faint|p1a: Thundurus
|
|-sideend|p1: rising skies|move: Aurora Veil
|upkeep
|
|t:|1743913877
|switch|p1a: Great Tusk|Great Tusk|57/100
|-damage|p1a: Great Tusk|54/100|[from] Stealth Rock
|-damage|p1a: Great Tusk|41/100|[from] Spikes
|turn|13
|
|t:|1743913884
|move|p1a: Great Tusk|Ice Spinner|p2a: Garchomp
|-damage|p2a: Garchomp|3/100
|-damage|p1a: Great Tusk|29/100|[from] ability: Rough Skin|[of] p2a: Garchomp
|-damage|p1a: Great Tusk|13/100|[from] item: Rocky Helmet|[of] p2a: Garchomp
|move|p2a: Garchomp|Earthquake|p1a: Great Tusk
|-damage|p1a: Great Tusk|0 fnt
|faint|p1a: Great Tusk
|-end|p1a: Great Tusk|Protosynthesis|[silent]
|
|upkeep
|-message|rising skies forfeited.
|
|win|ronnie07
|raw|rising skies's rating: 1401 &rarr; <strong>1387</strong><br />(-14 for losing)
|raw|ronnie07's rating: 1517 &rarr; <strong>1531</strong><br />(+14 for winning)
|l|☆rising skies
|player|p1|
|l|☆ronnie07
|player|p2|
