|j|☆CC.Zzz
|j|☆Shaymin34
|t:|1743831399
|gametype|singles
|player|p1|CC.Zzz|170|1141
|player|p2|Shaymin34|acetrainer-gen4dp|1179
|teamsize|p1|6
|teamsize|p2|6
|gen|9
|tier|[Gen 9] OU
|rated|
|rule|HP Percentage Mod: HP is shown in percentages
|rule|Endless Battle Clause: Forcing endless battles is banned
|rule|Species Clause: Limit one of each Pokémon
|rule|OHKO Clause: OHKO moves are banned
|rule|Evasion Items Clause: Evasion items are banned
|rule|Evasion Moves Clause: Evasion moves are banned
|rule|Sleep Moves Clause: Sleep-inducing moves are banned
|clearpoke
|poke|p1|Kingambit, F|
|poke|p1|Dragapult, M|
|poke|p1|Great Tusk|
|poke|p1|Blissey, F|
|poke|p1|Gholdengo|
|poke|p1|Iron Moth|
|poke|p2|Araquanid, F|
|poke|p2|Gholdengo|
|poke|p2|Staraptor, M|
|poke|p2|Rotom-Wash|
|poke|p2|Weavile, M|
|poke|p2|Alomomola, M|
|teampreview
|inactive|Battle timer is ON: inactive players will automatically lose when time's up. (requested by CC.Zzz)
|
|t:|1743831416
|start
|switch|p1a: Dragapult|Dragapult, M|100/100
|switch|p2a: Araquanid|Araquanid, F|100/100
|turn|1
|
|t:|1743831421
|move|p1a: Dragapult|Thunderbolt|p2a: Araquanid
|-supereffective|p2a: Araquanid
|-damage|p2a: Araquanid|43/100
|-damage|p1a: Dragapult|91/100|[from] item: Life Orb
|move|p2a: Araquanid|Sticky Web|p1a: Dragapult
|-sidestart|p1: CC.Zzz|move: Sticky Web
|
|upkeep
|turn|2
|
|t:|1743831433
|move|p2a: Araquanid|Endure|p2a: Araquanid
|-singleturn|p2a: Araquanid|move: Endure
|move|p1a: Dragapult|Thunderbolt|p2a: Araquanid
|-supereffective|p2a: Araquanid
|-activate|p2a: Araquanid|move: Endure
|-damage|p2a: Araquanid|1/100
|-damage|p1a: Dragapult|81/100|[from] item: Life Orb
|
|upkeep
|turn|3
|-enditem|p2a: Araquanid|Custap Berry|[eat]
|-activate|p2a: Araquanid|item: Custap Berry|[consumed]
|
|t:|1743831446
|move|p2a: Araquanid|Surf|p1a: Dragapult
|-resisted|p1a: Dragapult
|-damage|p1a: Dragapult|43/100
|move|p1a: Dragapult|Thunderbolt|p2a: Araquanid
|-supereffective|p2a: Araquanid
|-damage|p2a: Araquanid|0 fnt
|faint|p2a: Araquanid
|-damage|p1a: Dragapult|33/100|[from] item: Life Orb
|
|upkeep
|
|t:|1743831449
|switch|p2a: Weavile|Weavile, M|100/100
|-ability|p2a: Weavile|Pressure
|turn|4
|
|t:|1743831455
|-terastallize|p1a: Dragapult|Fire
|move|p2a: Weavile|Ice Shard|p1a: Dragapult
|-resisted|p1a: Dragapult
|-crit|p1a: Dragapult
|-damage|p1a: Dragapult|12/100
|move|p1a: Dragapult|Flamethrower|p2a: Weavile
|-supereffective|p2a: Weavile
|-damage|p2a: Weavile|0 fnt
|faint|p2a: Weavile
|-damage|p1a: Dragapult|3/100|[from] item: Life Orb
|
|upkeep
|
|t:|1743831460
|switch|p2a: Alomomola|Alomomola, M|100/100
|turn|5
|
|t:|1743831465
|move|p1a: Dragapult|Thunderbolt|p2a: Alomomola
|-supereffective|p2a: Alomomola
|-damage|p2a: Alomomola|63/100
|-damage|p1a: Dragapult|0 fnt|[from] item: Life Orb
|faint|p1a: Dragapult
|move|p2a: Alomomola|Flip Turn|p1: Dragapult|[notarget]
|-fail|p2a: Alomomola
|
|upkeep
|
|t:|1743831481
|switch|p1a: Blissey|Blissey, F, shiny|100/100
|-activate|p1a: Blissey|move: Sticky Web
|-unboost|p1a: Blissey|spe|1
|turn|6
|
|t:|1743831485
|move|p2a: Alomomola|Flip Turn|p1a: Blissey
|-damage|p1a: Blissey|85/100
|-damage|p2a: Alomomola|47/100|[from] item: Rocky Helmet|[of] p1a: Blissey
|
|t:|1743831488
|switch|p2a: Gholdengo|Gholdengo|100/100|[from] Flip Turn
|-item|p2a: Gholdengo|Air Balloon
|move|p1a: Blissey|Thunder Wave|p2a: Gholdengo
|-immune|p2a: Gholdengo|[from] ability: Good as Gold
|
|upkeep
|turn|7
|
|t:|1743831497
|switch|p2a: Staraptor|Staraptor, M|100/100
|move|p1a: Blissey|Stealth Rock|p2a: Staraptor
|-sidestart|p2: Shaymin34|move: Stealth Rock
|
|upkeep
|turn|8
|
|t:|1743831505
|switch|p1a: Gholdengo|Gholdengo|100/100
|-activate|p1a: Gholdengo|move: Sticky Web
|-unboost|p1a: Gholdengo|spe|1
|move|p2a: Staraptor|Brave Bird|p1a: Gholdengo
|-resisted|p1a: Gholdengo
|-damage|p1a: Gholdengo|36/100
|-damage|p2a: Staraptor|79/100|[from] Recoil
|
|upkeep
|turn|9
|inactive|CC.Zzz has 120 seconds left.
|
|t:|1743831537
|move|p2a: Staraptor|Brave Bird|p1a: Gholdengo
|-resisted|p1a: Gholdengo
|-damage|p1a: Gholdengo|0 fnt
|faint|p1a: Gholdengo
|-damage|p2a: Staraptor|67/100|[from] Recoil
|
|upkeep
|
|t:|1743831540
|switch|p1a: Blissey|Blissey, F, shiny|85/100
|-activate|p1a: Blissey|move: Sticky Web
|-unboost|p1a: Blissey|spe|1
|turn|10
|
|t:|1743831546
|move|p2a: Staraptor|Brave Bird|p1a: Blissey
|-damage|p1a: Blissey|0 fnt
|-damage|p2a: Staraptor|51/100|[from] item: Rocky Helmet|[of] p1a: Blissey
|faint|p1a: Blissey
|-damage|p2a: Staraptor|0 fnt|[from] Recoil
|faint|p2a: Staraptor
|
|upkeep
|inactive|CC.Zzz has 120 seconds left.
|
|t:|1743831569
|switch|p2a: Gholdengo|Gholdengo|100/100
|switch|p1a: Kingambit|Kingambit, F|100/100
|-damage|p2a: Gholdengo|94/100|[from] Stealth Rock
|-item|p2a: Gholdengo|Air Balloon
|-activate|p1a: Kingambit|move: Sticky Web
|-unboost|p1a: Kingambit|spe|1
|-activate|p1a: Kingambit|ability: Supreme Overlord
|-start|p1a: Kingambit|fallen3|[silent]
|turn|11
|inactive|CC.Zzz has 120 seconds left.
|
|t:|1743831584
|switch|p2a: Rotom|Rotom-Wash|100/100
|-damage|p2a: Rotom|88/100|[from] Stealth Rock
|move|p1a: Kingambit|Kowtow Cleave|p2a: Rotom
|-damage|p2a: Rotom|26/100
|
|-heal|p2a: Rotom|32/100|[from] item: Leftovers
|upkeep
|turn|12
|inactive|CC.Zzz has 120 seconds left.
|
|t:|1743831594
|move|p1a: Kingambit|Sucker Punch||[still]
|-fail|p1a: Kingambit
|move|p2a: Rotom|Will-O-Wisp|p1a: Kingambit
|-status|p1a: Kingambit|brn
|
|-heal|p2a: Rotom|38/100|[from] item: Leftovers
|-damage|p1a: Kingambit|94/100 brn|[from] brn
|upkeep
|turn|13
|inactive|CC.Zzz has 120 seconds left.
|
|t:|1743831606
|move|p2a: Rotom|Pain Split|p1a: Kingambit
|-sethp|p1a: Kingambit|62/100 brn|[from] move: Pain Split|[silent]
|-sethp|p2a: Rotom|82/100|[from] move: Pain Split
|move|p1a: Kingambit|Swords Dance|p1a: Kingambit
|-boost|p1a: Kingambit|atk|2
|
|-heal|p2a: Rotom|88/100|[from] item: Leftovers
|-damage|p1a: Kingambit|55/100 brn|[from] brn
|upkeep
|turn|14
|inactive|CC.Zzz has 120 seconds left.
|
|t:|1743831617
|move|p1a: Kingambit|Sucker Punch|p2a: Rotom
|-damage|p2a: Rotom|33/100
|move|p2a: Rotom|Hydro Pump|p1a: Kingambit
|-damage|p1a: Kingambit|19/100 brn
|
|-heal|p2a: Rotom|39/100|[from] item: Leftovers
|-damage|p1a: Kingambit|13/100 brn|[from] brn
|upkeep
|turn|15
|
|t:|1743831629
|switch|p2a: Alomomola|Alomomola, M|80/100
|-damage|p2a: Alomomola|68/100|[from] Stealth Rock
|move|p1a: Kingambit|Sucker Punch||[still]
|-fail|p1a: Kingambit
|
|-damage|p1a: Kingambit|7/100 brn|[from] brn
|upkeep
|turn|16
|
|t:|1743831638
|move|p2a: Alomomola|Flip Turn|p1a: Kingambit
|-damage|p1a: Kingambit|0 fnt
|faint|p1a: Kingambit
|-end|p1a: Kingambit|fallen3|[silent]
|
|t:|1743831641
|switch|p2a: Rotom|Rotom-Wash|39/100|[from] Flip Turn
|-damage|p2a: Rotom|26/100|[from] Stealth Rock
|
|-heal|p2a: Rotom|33/100|[from] item: Leftovers
|upkeep
|
|t:|1743831652
|switch|p1a: Iron Moth|Iron Moth|100/100
|-activate|p1a: Iron Moth|move: Sticky Web
|-unboost|p1a: Iron Moth|spe|1
|-enditem|p1a: Iron Moth|Booster Energy
|-activate|p1a: Iron Moth|ability: Quark Drive|[fromitem]
|-start|p1a: Iron Moth|quarkdrivespa
|turn|17
|inactive|CC.Zzz has 120 seconds left.
|
|t:|1743831674
|move|p1a: Iron Moth|Substitute|p1a: Iron Moth
|-start|p1a: Iron Moth|Substitute
|-damage|p1a: Iron Moth|76/100
|move|p2a: Rotom|Pain Split||[still]
|-fail|p2a: Rotom
|
|-heal|p2a: Rotom|39/100|[from] item: Leftovers
|upkeep
|turn|18
|inactive|CC.Zzz has 120 seconds left.
|
|t:|1743831687
|-terastallize|p2a: Rotom|Steel
|move|p1a: Iron Moth|Dazzling Gleam|p2a: Rotom
|-resisted|p2a: Rotom
|-damage|p2a: Rotom|20/100
|move|p2a: Rotom|Volt Switch|p1a: Iron Moth
|-crit|p1a: Iron Moth
|-end|p1a: Iron Moth|Substitute
|
|t:|1743831689
|switch|p2a: Alomomola|Alomomola, M|100/100|[from] Volt Switch
|-damage|p2a: Alomomola|88/100|[from] Stealth Rock
|
|upkeep
|turn|19
|
|t:|1743831704
|move|p1a: Iron Moth|Sludge Wave|p2a: Alomomola
|-damage|p2a: Alomomola|51/100
|move|p2a: Alomomola|Flip Turn|p1a: Iron Moth
|-supereffective|p1a: Iron Moth
|-damage|p1a: Iron Moth|27/100
|
|t:|1743831707
|switch|p2a: Rotom|Rotom-Wash, tera:Steel|20/100|[from] Flip Turn
|-damage|p2a: Rotom|14/100|[from] Stealth Rock
|
|-heal|p2a: Rotom|20/100|[from] item: Leftovers
|upkeep
|turn|20
|
|t:|1743831711
|move|p1a: Iron Moth|Fiery Dance|p2a: Rotom
|-supereffective|p2a: Rotom
|-damage|p2a: Rotom|0 fnt
|-boost|p1a: Iron Moth|spa|1
|faint|p2a: Rotom
|
|upkeep
|
|t:|1743831715
|switch|p2a: Alomomola|Alomomola, M|84/100
|-damage|p2a: Alomomola|72/100|[from] Stealth Rock
|turn|21
|
|t:|1743831721
|-end|p1a: Iron Moth|Quark Drive|[silent]
|switch|p1a: Great Tusk|Great Tusk|100/100
|move|p2a: Alomomola|Scald|p1a: Great Tusk
|-supereffective|p1a: Great Tusk
|-damage|p1a: Great Tusk|65/100
|-status|p1a: Great Tusk|brn
|
|-damage|p1a: Great Tusk|58/100 brn|[from] brn
|upkeep
|turn|22
|
|t:|1743831731
|switch|p2a: Gholdengo|Gholdengo|94/100
|-damage|p2a: Gholdengo|88/100|[from] Stealth Rock
|-item|p2a: Gholdengo|Air Balloon
|move|p1a: Great Tusk|Rapid Spin|p2a: Gholdengo
|-immune|p2a: Gholdengo
|
|-damage|p1a: Great Tusk|52/100 brn|[from] brn
|upkeep
|turn|23
|
|t:|1743831741
|move|p1a: Great Tusk|Ice Spinner|p2a: Gholdengo
|-resisted|p2a: Gholdengo
|-damage|p2a: Gholdengo|84/100
|-enditem|p2a: Gholdengo|Air Balloon
|move|p2a: Gholdengo|Make It Rain|p1a: Great Tusk
|-damage|p1a: Great Tusk|0 fnt
|-unboost|p2a: Gholdengo|spa|1
|faint|p1a: Great Tusk
|-end|p1a: Great Tusk|Protosynthesis|[silent]
|
|upkeep
|
|t:|1743831749
|switch|p1a: Iron Moth|Iron Moth|27/100
|-activate|p1a: Iron Moth|move: Sticky Web
|-unboost|p1a: Iron Moth|spe|1
|turn|24
|
|t:|1743831753
|switch|p2a: Alomomola|Alomomola, M|100/100
|-damage|p2a: Alomomola|88/100|[from] Stealth Rock
|move|p1a: Iron Moth|Substitute|p1a: Iron Moth
|-start|p1a: Iron Moth|Substitute
|-damage|p1a: Iron Moth|2/100
|
|upkeep
|turn|25
|
|t:|1743831762
|move|p1a: Iron Moth|Sludge Wave|p2a: Alomomola
|-damage|p2a: Alomomola|62/100
|move|p2a: Alomomola|Scald|p1a: Iron Moth
|-supereffective|p1a: Iron Moth
|-end|p1a: Iron Moth|Substitute
|
|upkeep
|turn|26
|-message|CC.Zzz forfeited.
|
|win|Shaymin34
|raw|CC.Zzz's rating: 1141 &rarr; <strong>1119</strong><br />(-22 for losing)
|raw|Shaymin34's rating: 1179 &rarr; <strong>1201</strong><br />(+22 for winning)
|l|☆CC.Zzz
|player|p1|
|l|☆Shaymin34
|player|p2|
