|j|☆DwarfyPig
|j|☆ChilemRaen
|t:|1743825783
|gametype|singles
|player|p1|DwarfyPig|iris-gen5bw2|1159
|player|p2|ChilemRaen|266|1209
|teamsize|p1|6
|teamsize|p2|6
|gen|9
|tier|[Gen 9] OU
|rated|
|rule|HP Percentage Mod: HP is shown in percentages
|rule|Endless Battle Clause: Forcing endless battles is banned
|rule|Species Clause: Limit one of each Pokémon
|rule|OHKO Clause: OHKO moves are banned
|rule|Evasion Items Clause: Evasion items are banned
|rule|Evasion Moves Clause: Evasion moves are banned
|rule|Sleep Moves Clause: Sleep-inducing moves are banned
|clearpoke
|poke|p1|Iron Moth|
|poke|p1|Kyurem|
|poke|p1|Landorus-Therian, M|
|poke|p1|Hatterene, F|
|poke|p1|Scizor, M|
|poke|p1|Darkrai|
|poke|p2|Ribombee, M|
|poke|p2|Gholdengo|
|poke|p2|Great Tusk|
|poke|p2|Iron Moth|
|poke|p2|Decidueye-Hisui, M|
|poke|p2|Kyurem|
|teampreview
|inactive|Battle timer is ON: inactive players will automatically lose when time's up. (requested by DwarfyPig)
|
|t:|1743825793
|start
|switch|p1a: Landorus|Landorus-Therian, M|100/100
|switch|p2a: Kyurem|Kyurem|100/100
|-ability|p2a: Kyurem|Pressure
|-ability|p1a: Landorus|Intimidate|boost
|-unboost|p2a: Kyurem|atk|1
|turn|1
|j| PoisonousPengu
|inactive|DwarfyPig has 120 seconds left.
|inactive|DwarfyPig has 90 seconds left.
|
|t:|1743825855
|switch|p1a: Hatterene|Hatterene, F|100/100
|move|p2a: Kyurem|Ice Beam|p1a: Hatterene
|-damage|p1a: Hatterene|51/100
|-status|p1a: Hatterene|frz
|
|upkeep
|turn|2
|inactive|DwarfyPig has 90 seconds left.
|
|t:|1743825876
|move|p2a: Kyurem|Ice Beam|p1a: Hatterene
|-damage|p1a: Hatterene|6/100 frz
|-curestatus|p1a: Hatterene|frz|[msg]
|move|p1a: Hatterene|Nuzzle|p2a: Kyurem
|-resisted|p2a: Kyurem
|-damage|p2a: Kyurem|99/100
|-status|p2a: Kyurem|par
|
|upkeep
|turn|3
|
|t:|1743825887
|cant|p2a: Kyurem|par
|move|p1a: Hatterene|Draining Kiss|p2a: Kyurem
|-supereffective|p2a: Kyurem
|-damage|p2a: Kyurem|48/100 par
|-heal|p1a: Hatterene|53/100|[from] drain|[of] p2a: Kyurem
|
|upkeep
|turn|4
|
|t:|1743825893
|move|p2a: Kyurem|Ice Beam|p1a: Hatterene
|-damage|p1a: Hatterene|9/100
|move|p1a: Hatterene|Draining Kiss|p2a: Kyurem
|-supereffective|p2a: Kyurem
|-damage|p2a: Kyurem|2/100 par
|-heal|p1a: Hatterene|51/100|[from] drain|[of] p2a: Kyurem
|
|upkeep
|turn|5
|inactive|DwarfyPig has 90 seconds left.
|
|t:|1743825899
|move|p2a: Kyurem|Ice Beam|p1a: Hatterene
|-damage|p1a: Hatterene|2/100
|-status|p1a: Hatterene|frz
|-curestatus|p1a: Hatterene|frz|[msg]
|move|p1a: Hatterene|Draining Kiss|p2a: Kyurem
|-supereffective|p2a: Kyurem
|-damage|p2a: Kyurem|0 fnt
|-heal|p1a: Hatterene|3/100|[from] drain|[of] p2a: Kyurem
|faint|p2a: Kyurem
|
|upkeep
|
|t:|1743825904
|switch|p2a: Great Tusk|Great Tusk|100/100
|turn|6
|inactive|DwarfyPig has 90 seconds left.
|
|t:|1743825940
|move|p2a: Great Tusk|Knock Off|p1a: Hatterene
|-damage|p1a: Hatterene|0 fnt
|-enditem|p1a: Hatterene|Assault Vest|[from] move: Knock Off|[of] p2a: Great Tusk
|faint|p1a: Hatterene
|
|upkeep
|inactive|DwarfyPig has 60 seconds left.
|
|t:|1743825970
|switch|p1a: Kyurem|Kyurem|100/100
|-ability|p1a: Kyurem|Pressure
|turn|7
|
|t:|1743825977
|move|p2a: Great Tusk|Close Combat|p1a: Kyurem
|-supereffective|p1a: Kyurem
|-damage|p1a: Kyurem|0 fnt
|-unboost|p2a: Great Tusk|def|1
|-unboost|p2a: Great Tusk|spd|1
|faint|p1a: Kyurem
|
|upkeep
|
|t:|1743825988
|switch|p1a: Darkrai|Darkrai|100/100
|turn|8
|
|t:|1743825992
|move|p1a: Darkrai|Focus Blast|p2a: Great Tusk|[miss]
|-miss|p1a: Darkrai|p2a: Great Tusk
|move|p2a: Great Tusk|Rapid Spin|p1a: Darkrai
|-damage|p1a: Darkrai|78/100
|-boost|p2a: Great Tusk|spe|1
|
|-heal|p1a: Darkrai|84/100|[from] item: Leftovers
|upkeep
|turn|9
|
|t:|1743826000
|move|p2a: Great Tusk|Close Combat|p1a: Darkrai
|-supereffective|p1a: Darkrai
|-damage|p1a: Darkrai|0 fnt
|-unboost|p2a: Great Tusk|def|1
|-unboost|p2a: Great Tusk|spd|1
|faint|p1a: Darkrai
|
|upkeep
|
|t:|1743826007
|switch|p1a: Iron Moth|Iron Moth|100/100
|-enditem|p1a: Iron Moth|Booster Energy
|-activate|p1a: Iron Moth|ability: Quark Drive|[fromitem]
|-start|p1a: Iron Moth|quarkdrivespe
|turn|10
|
|t:|1743826019
|move|p1a: Iron Moth|Psychic|p2a: Great Tusk
|-supereffective|p2a: Great Tusk
|-damage|p2a: Great Tusk|0 fnt
|faint|p2a: Great Tusk
|-end|p2a: Great Tusk|Protosynthesis|[silent]
|
|upkeep
|
|t:|1743826027
|switch|p2a: Ribombee|Ribombee, M|100/100
|turn|11
|
|t:|1743826037
|move|p1a: Iron Moth|Fiery Dance|p2a: Ribombee
|-supereffective|p2a: Ribombee
|-enditem|p2a: Ribombee|Focus Sash
|-damage|p2a: Ribombee|1/100
|move|p2a: Ribombee|Stun Spore|p1a: Iron Moth|[miss]
|-miss|p2a: Ribombee|p1a: Iron Moth
|
|upkeep
|turn|12
|
|t:|1743826046
|move|p1a: Iron Moth|Fiery Dance|p2a: Ribombee
|-supereffective|p2a: Ribombee
|-damage|p2a: Ribombee|0 fnt
|-boost|p1a: Iron Moth|spa|1
|faint|p2a: Ribombee
|
|upkeep
|
|t:|1743826050
|switch|p2a: Iron Moth|Iron Moth|100/100
|-enditem|p2a: Iron Moth|Booster Energy
|-activate|p2a: Iron Moth|ability: Quark Drive|[fromitem]
|-start|p2a: Iron Moth|quarkdrivespa
|turn|13
|
|t:|1743826063
|-terastallize|p1a: Iron Moth|Fairy
|-terastallize|p2a: Iron Moth|Ground
|move|p1a: Iron Moth|Sludge Wave|p2a: Iron Moth
|-resisted|p2a: Iron Moth
|-damage|p2a: Iron Moth|60/100
|move|p2a: Iron Moth|Tera Blast|p1a: Iron Moth|[anim] Tera Blast Ground
|-damage|p1a: Iron Moth|43/100
|
|upkeep
|turn|14
|
|t:|1743826074
|move|p1a: Iron Moth|Dazzling Gleam|p2a: Iron Moth
|-damage|p2a: Iron Moth|0 fnt
|faint|p2a: Iron Moth
|-end|p2a: Iron Moth|Quark Drive|[silent]
|
|upkeep
|c|☆ChilemRaen|Gg
|-message|ChilemRaen forfeited.
|
|win|DwarfyPig
|raw|DwarfyPig's rating: 1159 &rarr; <strong>1188</strong><br />(+29 for winning)
|raw|ChilemRaen's rating: 1209 &rarr; <strong>1180</strong><br />(-29 for losing)
|l|☆ChilemRaen
|player|p2|
|l| PoisonousPengu
|l|☆DwarfyPig
|player|p1|
