|j|☆charsiaa
|j|☆shalazizi
|t:|1743911850
|gametype|singles
|player|p1|charsiaa|lady-gen4|1103
|player|p2|shalazizi|n|1073
|teamsize|p1|6
|teamsize|p2|6
|gen|9
|tier|[Gen 9] OU
|rated|
|rule|HP Percentage Mod: HP is shown in percentages
|rule|Endless Battle Clause: Forcing endless battles is banned
|rule|Species Clause: Limit one of each Pokémon
|rule|OHKO Clause: OHKO moves are banned
|rule|Evasion Items Clause: Evasion items are banned
|rule|Evasion Moves Clause: Evasion moves are banned
|rule|Sleep Moves Clause: Sleep-inducing moves are banned
|clearpoke
|poke|p1|Araquanid, F|
|poke|p1|Great Tusk|
|poke|p1|Thundurus, M|
|poke|p1|Glimmora, M|
|poke|p1|Ogerpon-Wellspring, F|
|poke|p1|Tinkaton, F|
|poke|p2|Pecharunt|
|poke|p2|Latias, F|
|poke|p2|Tyranitar, M|
|poke|p2|Goodra-Hisui, M|
|poke|p2|Ting-Lu|
|poke|p2|Corviknight, F|
|teampreview
|inactive|Battle timer is ON: inactive players will automatically lose when time's up. (requested by shalazizi)
|inactive|charsiaa has 120 seconds left.
|
|t:|1743911902
|start
|switch|p1a: Night Night Hawk|Tinkaton, F|100/100
|switch|p2a: Ting-Lu|Ting-Lu|100/100
|-ability|p1a: Night Night Hawk|Mold Breaker
|-item|p1a: Night Night Hawk|Air Balloon
|-ability|p2a: Ting-Lu|Vessel of Ruin
|turn|1
|
|t:|1743911911
|move|p1a: Night Night Hawk|Stealth Rock|p2a: Ting-Lu
|-sidestart|p2: shalazizi|move: Stealth Rock
|move|p2a: Ting-Lu|Ruination|p1a: Night Night Hawk
|-damage|p1a: Night Night Hawk|51/100
|-enditem|p1a: Night Night Hawk|Air Balloon
|
|upkeep
|turn|2
|
|t:|1743911918
|move|p1a: Night Night Hawk|Play Rough|p2a: Ting-Lu
|-supereffective|p2a: Ting-Lu
|-damage|p2a: Ting-Lu|69/100
|move|p2a: Ting-Lu|Spikes|p1a: Night Night Hawk
|-sidestart|p1: charsiaa|Spikes
|
|-heal|p2a: Ting-Lu|75/100|[from] item: Leftovers
|upkeep
|turn|3
|
|t:|1743911936
|move|p1a: Night Night Hawk|Knock Off|p2a: Ting-Lu
|-resisted|p2a: Ting-Lu
|-damage|p2a: Ting-Lu|68/100
|-enditem|p2a: Ting-Lu|Leftovers|[from] move: Knock Off|[of] p1a: Night Night Hawk
|move|p2a: Ting-Lu|Ruination|p1a: Night Night Hawk
|-damage|p1a: Night Night Hawk|26/100
|
|upkeep
|turn|4
|
|t:|1743911945
|move|p1a: Night Night Hawk|Stealth Rock||[still]
|-fail|p1a: Night Night Hawk
|move|p2a: Ting-Lu|Earthquake|p1a: Night Night Hawk
|-supereffective|p1a: Night Night Hawk
|-damage|p1a: Night Night Hawk|0 fnt
|faint|p1a: Night Night Hawk
|
|upkeep
|c|☆charsiaa|That was a bit of a misclick
|inactive|charsiaa has 120 seconds left.
|
|t:|1743911972
|switch|p1a: Seems Legit|Great Tusk|100/100
|-damage|p1a: Seems Legit|88/100|[from] Spikes
|turn|5
|inactive|charsiaa has 120 seconds left.
|
|t:|1743912004
|switch|p2a: Corviknight|Corviknight, F|100/100
|-damage|p2a: Corviknight|88/100|[from] Stealth Rock
|move|p1a: Seems Legit|Rapid Spin|p2a: Corviknight
|-resisted|p2a: Corviknight
|-damage|p2a: Corviknight|84/100
|-boost|p1a: Seems Legit|spe|1
|-damage|p1a: Seems Legit|71/100|[from] item: Rocky Helmet|[of] p2a: Corviknight
|-sideend|p1: charsiaa|Spikes|[from] move: Rapid Spin|[of] p1a: Seems Legit
|
|upkeep
|turn|6
|inactive|charsiaa has 120 seconds left.
|
|t:|1743912018
|-end|p1a: Seems Legit|Protosynthesis|[silent]
|switch|p1a: Foolish I say!|Araquanid, F|100/100
|move|p2a: Corviknight|Brave Bird|p1a: Foolish I say!
|-supereffective|p1a: Foolish I say!
|-damage|p1a: Foolish I say!|22/100
|-damage|p2a: Corviknight|62/100|[from] Recoil
|
|upkeep
|turn|7
|inactive|charsiaa has 120 seconds left.
|-enditem|p1a: Foolish I say!|Custap Berry|[eat]
|-activate|p1a: Foolish I say!|item: Custap Berry|[consumed]
|
|t:|1743912031
|move|p1a: Foolish I say!|Sticky Web|p2a: Corviknight
|-sidestart|p2: shalazizi|move: Sticky Web
|move|p2a: Corviknight|Brave Bird|p1a: Foolish I say!
|-supereffective|p1a: Foolish I say!
|-damage|p1a: Foolish I say!|0 fnt
|faint|p1a: Foolish I say!
|-damage|p2a: Corviknight|56/100|[from] Recoil
|
|upkeep
|inactive|charsiaa has 90 seconds left.
|
|t:|1743912062
|switch|p1a: The Hunky U.F.O|Thundurus, M|100/100
|turn|8
|
|t:|1743912066
|switch|p2a: Ting-Lu|Ting-Lu|68/100
|-damage|p2a: Ting-Lu|62/100|[from] Stealth Rock
|-activate|p2a: Ting-Lu|move: Sticky Web
|-unboost|p2a: Ting-Lu|spe|1
|-ability|p2a: Ting-Lu|Vessel of Ruin
|move|p1a: The Hunky U.F.O|Bulk Up|p1a: The Hunky U.F.O
|-boost|p1a: The Hunky U.F.O|atk|1
|-boost|p1a: The Hunky U.F.O|def|1
|
|upkeep
|turn|9
|
|t:|1743912083
|move|p1a: The Hunky U.F.O|Acrobatics|p2a: Ting-Lu
|-damage|p2a: Ting-Lu|40/100
|move|p2a: Ting-Lu|Ruination|p1a: The Hunky U.F.O
|-damage|p1a: The Hunky U.F.O|51/100
|
|-heal|p1a: The Hunky U.F.O|57/100|[from] item: Leftovers
|upkeep
|turn|10
|
|t:|1743912091
|move|p1a: The Hunky U.F.O|Acrobatics|p2a: Ting-Lu
|-damage|p2a: Ting-Lu|16/100
|move|p2a: Ting-Lu|Stealth Rock|p1a: The Hunky U.F.O
|-sidestart|p1: charsiaa|move: Stealth Rock
|
|-heal|p1a: The Hunky U.F.O|63/100|[from] item: Leftovers
|upkeep
|turn|11
|
|t:|1743912101
|move|p1a: The Hunky U.F.O|Acrobatics|p2a: Ting-Lu
|-damage|p2a: Ting-Lu|0 fnt
|faint|p2a: Ting-Lu
|
|-heal|p1a: The Hunky U.F.O|69/100|[from] item: Leftovers
|upkeep
|
|t:|1743912123
|switch|p2a: Latias|Latias, F|100/100
|-damage|p2a: Latias|88/100|[from] Stealth Rock
|turn|12
|
|t:|1743912130
|move|p2a: Latias|Ice Beam|p1a: The Hunky U.F.O
|-supereffective|p1a: The Hunky U.F.O
|-damage|p1a: The Hunky U.F.O|0 fnt
|faint|p1a: The Hunky U.F.O
|
|upkeep
|
|t:|1743912146
|switch|p1a: Oderpon|Ogerpon-Wellspring, F|100/100
|-damage|p1a: Oderpon|88/100|[from] Stealth Rock
|turn|13
|inactive|charsiaa has 120 seconds left.
|inactive|shalazizi has 120 seconds left.
|
|t:|1743912185
|switch|p2a: Pecharunt|Pecharunt|100/100
|-damage|p2a: Pecharunt|88/100|[from] Stealth Rock
|-item|p2a: Pecharunt|Air Balloon
|move|p1a: Oderpon|Ivy Cudgel|p2a: Pecharunt|[anim] Ivy Cudgel Water
|-damage|p2a: Pecharunt|62/100
|-enditem|p2a: Pecharunt|Air Balloon
|
|upkeep
|turn|14
|inactive|charsiaa has 120 seconds left.
|inactive|shalazizi has 120 seconds left.
|
|t:|1743912211
|move|p1a: Oderpon|U-turn|p2a: Pecharunt
|-resisted|p2a: Pecharunt
|-damage|p2a: Pecharunt|59/100
|
|t:|1743912213
|switch|p1a: Seems Legit|Great Tusk|71/100|[from] U-turn
|-damage|p1a: Seems Legit|68/100|[from] Stealth Rock
|move|p2a: Pecharunt|Toxic|p1a: Seems Legit
|-status|p1a: Seems Legit|tox
|-start|p1a: Seems Legit|confusion|[from] ability: Poison Puppeteer|[of] p2a: Pecharunt
|
|-damage|p1a: Seems Legit|62/100 tox|[from] psn
|upkeep
|turn|15
|
|t:|1743912222
|-activate|p1a: Seems Legit|confusion
|-damage|p1a: Seems Legit|56/100 tox|[from] confusion
|move|p2a: Pecharunt|Recover|p2a: Pecharunt
|-heal|p2a: Pecharunt|100/100
|
|-damage|p1a: Seems Legit|43/100 tox|[from] psn
|upkeep
|turn|16
|
|t:|1743912233
|-activate|p1a: Seems Legit|confusion
|-damage|p1a: Seems Legit|36/100 tox|[from] confusion
|move|p2a: Pecharunt|Recover||[still]
|-fail|p2a: Pecharunt|heal
|
|-damage|p1a: Seems Legit|18/100 tox|[from] psn
|upkeep
|turn|17
|
|t:|1743912240
|-activate|p1a: Seems Legit|confusion
|move|p1a: Seems Legit|Headlong Rush|p2a: Pecharunt
|-supereffective|p2a: Pecharunt
|-damage|p2a: Pecharunt|52/100
|-unboost|p1a: Seems Legit|def|1
|-unboost|p1a: Seems Legit|spd|1
|move|p2a: Pecharunt|Recover|p2a: Pecharunt
|-heal|p2a: Pecharunt|100/100
|
|-damage|p1a: Seems Legit|0 fnt|[from] psn
|faint|p1a: Seems Legit
|-end|p1a: Seems Legit|Protosynthesis|[silent]
|upkeep
|
|t:|1743912245
|switch|p1a: Huggies :3|Glimmora, M|100/100
|-damage|p1a: Huggies :3|88/100|[from] Stealth Rock
|turn|18
|
|t:|1743912257
|switch|p2a: Goodra|Goodra-Hisui, M|100/100
|-damage|p2a: Goodra|94/100|[from] Stealth Rock
|-activate|p2a: Goodra|move: Sticky Web
|-unboost|p2a: Goodra|spe|1
|move|p1a: Huggies :3|Meteor Beam||[still]
|-prepare|p1a: Huggies :3|Meteor Beam
|-boost|p1a: Huggies :3|spa|1
|-enditem|p1a: Huggies :3|Power Herb
|-anim|p1a: Huggies :3|Meteor Beam|p2a: Goodra
|-resisted|p2a: Goodra
|-damage|p2a: Goodra|74/100
|
|upkeep
|turn|19
|
|t:|1743912274
|-terastallize|p1a: Huggies :3|Grass
|move|p1a: Huggies :3|Earth Power|p2a: Goodra
|-supereffective|p2a: Goodra
|-damage|p2a: Goodra|29/100
|move|p2a: Goodra|Flash Cannon|p1a: Huggies :3
|-damage|p1a: Huggies :3|38/100
|
|upkeep
|turn|20
|
|t:|1743912289
|move|p1a: Huggies :3|Earth Power|p2a: Goodra
|-supereffective|p2a: Goodra
|-crit|p2a: Goodra
|-damage|p2a: Goodra|0 fnt
|faint|p2a: Goodra
|
|upkeep
|
|t:|1743912295
|switch|p2a: Latias|Latias, F|88/100
|-damage|p2a: Latias|76/100|[from] Stealth Rock
|turn|21
|
|t:|1743912302
|move|p2a: Latias|Mist Ball|p1a: Huggies :3
|-damage|p1a: Huggies :3|0 fnt
|faint|p1a: Huggies :3
|
|upkeep
|
|t:|1743912305
|switch|p1a: Oderpon|Ogerpon-Wellspring, F|88/100
|-damage|p1a: Oderpon|76/100|[from] Stealth Rock
|turn|22
|
|t:|1743912311
|move|p2a: Latias|Mist Ball|p1a: Oderpon
|-damage|p1a: Oderpon|32/100
|-unboost|p1a: Oderpon|spa|1
|move|p1a: Oderpon|U-turn|p2a: Latias
|-supereffective|p2a: Latias
|-damage|p2a: Latias|19/100
|
|upkeep
|turn|23
|
|t:|1743912319
|move|p2a: Latias|Mist Ball|p1a: Oderpon
|-damage|p1a: Oderpon|0 fnt
|faint|p1a: Oderpon
|
|win|shalazizi
|raw|charsiaa's rating: 1103 &rarr; <strong>1076</strong><br />(-27 for losing)
|raw|shalazizi's rating: 1073 &rarr; <strong>1105</strong><br />(+32 for winning)
|c|☆charsiaa|GG
|n|☆shalazizi|shalazizi
|l|☆shalazizi
|player|p2|
|j|☆shalazizi
|player|p2|shalazizi|n|
|l|☆shalazizi
|player|p2|
|l|☆charsiaa
|player|p1|
