|j|☆lobotomiagames
|j|☆Snoring Goob
|t:|1743814569
|gametype|singles
|player|p1|lobotomiagames|harlequin|1241
|player|p2|Snoring Goob|gentleman-gen4|1288
|teamsize|p1|6
|teamsize|p2|6
|gen|9
|tier|[Gen 9] OU
|rated|
|rule|HP Percentage Mod: HP is shown in percentages
|rule|Endless Battle Clause: Forcing endless battles is banned
|rule|Species Clause: Limit one of each Pokémon
|rule|OHKO Clause: OHKO moves are banned
|rule|Evasion Items Clause: Evasion items are banned
|rule|Evasion Moves Clause: Evasion moves are banned
|rule|Sleep Moves Clause: Sleep-inducing moves are banned
|clearpoke
|poke|p1|Gliscor, M|
|poke|p1|Regidrago|
|poke|p1|Slowking-Galar, M|
|poke|p1|Araquanid, F|
|poke|p1|Gholdengo|
|poke|p1|Feraligatr, F|
|poke|p2|Samurott-Hisui, F|
|poke|p2|Iron Valiant|
|poke|p2|Pecharunt|
|poke|p2|Reuniclus, F|
|poke|p2|Darkrai|
|poke|p2|Kingambit, F|
|teampreview
|
|t:|1743814611
|start
|switch|p1a: Gliscor|Gliscor, M, shiny|100/100
|switch|p2a: Valediction|Samurott-Hisui, F|100/100
|turn|1
|
|t:|1743814618
|move|p1a: Gliscor|Protect|p1a: Gliscor
|-singleturn|p1a: Gliscor|Protect
|move|p2a: Valediction|Aqua Cutter|p1a: Gliscor
|-activate|p1a: Gliscor|move: Protect
|
|-status|p1a: Gliscor|tox|[from] item: Toxic Orb
|upkeep
|turn|2
|
|t:|1743814628
|switch|p1a: Feraligatr|Feraligatr, F, shiny|100/100
|move|p2a: Valediction|Ceaseless Edge|p1a: Feraligatr
|-damage|p1a: Feraligatr|50/100
|-sidestart|p1: lobotomiagames|Spikes
|
|upkeep
|turn|3
|
|t:|1743814634
|move|p2a: Valediction|Ceaseless Edge|p1a: Feraligatr
|-crit|p1a: Feraligatr
|-damage|p1a: Feraligatr|0 fnt
|-sidestart|p1: lobotomiagames|Spikes
|faint|p1a: Feraligatr
|
|upkeep
|
|t:|1743814640
|switch|p1a: Araquanid|Araquanid, F, shiny|100/100
|-damage|p1a: Araquanid|84/100|[from] Spikes
|turn|4
|
|t:|1743814644
|move|p2a: Valediction|Taunt|p1a: Araquanid
|-start|p1a: Araquanid|move: Taunt
|cant|p1a: Araquanid|move: Taunt|Sticky Web
|
|upkeep
|turn|5
|
|t:|1743814650
|move|p2a: Valediction|Ceaseless Edge|p1a: Araquanid
|-damage|p1a: Araquanid|42/100
|-sidestart|p1: lobotomiagames|Spikes
|move|p1a: Araquanid|Surf|p2a: Valediction
|-resisted|p2a: Valediction
|-damage|p2a: Valediction|62/100
|
|upkeep
|turn|6
|
|t:|1743814657
|move|p2a: Valediction|Ceaseless Edge|p1a: Araquanid
|-damage|p1a: Araquanid|0 fnt
|faint|p1a: Araquanid
|
|upkeep
|-message|lobotomiagames forfeited.
|
|win|Snoring Goob
|raw|lobotomiagames's rating: 1241 &rarr; <strong>1219</strong><br />(-22 for losing)
|raw|Snoring Goob's rating: 1288 &rarr; <strong>1310</strong><br />(+22 for winning)
|l|☆lobotomiagames
|player|p1|
|c|☆Snoring Goob|Holy
