|j|☆thaibadat2009
|j|☆thekingcamel
|t:|1743917237
|gametype|singles
|player|p1|thaibadat2009|caitlin|1201
|player|p2|thekingcamel|265|1154
|teamsize|p1|6
|teamsize|p2|6
|gen|9
|tier|[Gen 9] OU
|rated|
|rule|HP Percentage Mod: HP is shown in percentages
|rule|Endless Battle Clause: Forcing endless battles is banned
|rule|Species Clause: Limit one of each Pokémon
|rule|OHKO Clause: OHKO moves are banned
|rule|Evasion Items Clause: Evasion items are banned
|rule|Evasion Moves Clause: Evasion moves are banned
|rule|Sleep Moves Clause: Sleep-inducing moves are banned
|clearpoke
|poke|p1|Dragapult, F|
|poke|p1|Chesnaught, M|
|poke|p1|Azumarill, F|
|poke|p1|Arcanine-Hisui, F|
|poke|p1|Sandy Shocks|
|poke|p1|Clodsire, F|
|poke|p2|Kyurem|
|poke|p2|Ting-Lu|
|poke|p2|Corviknight, M|
|poke|p2|Weezing-Galar, M|
|poke|p2|Zamazenta-*|
|poke|p2|Toxapex, M|
|teampreview
|
|t:|1743917246
|start
|switch|p1a: Clođsire|Sandy Shocks|100/100
|switch|p2a: Ting-Lu|Ting-Lu|100/100
|-ability|p2a: Ting-Lu|Vessel of Ruin
|-enditem|p1a: Clođsire|Booster Energy
|-activate|p1a: Clođsire|ability: Protosynthesis|[fromitem]
|-start|p1a: Clođsire|protosynthesisspe
|turn|1
|
|t:|1743917256
|-terastallize|p1a: Clođsire|Ice
|move|p1a: Clođsire|Tera Blast|p2a: Ting-Lu|[anim] Tera Blast Ice
|-supereffective|p2a: Ting-Lu
|-damage|p2a: Ting-Lu|69/100
|move|p2a: Ting-Lu|Stealth Rock|p1a: Clođsire
|-sidestart|p1: thaibadat2009|move: Stealth Rock
|
|-heal|p2a: Ting-Lu|75/100|[from] item: Leftovers
|upkeep
|turn|2
|
|t:|1743917268
|move|p1a: Clođsire|Tera Blast|p2a: Ting-Lu|[anim] Tera Blast Ice
|-supereffective|p2a: Ting-Lu
|-damage|p2a: Ting-Lu|44/100
|move|p2a: Ting-Lu|Ruination|p1a: Clođsire
|-damage|p1a: Clođsire|50/100
|
|-heal|p2a: Ting-Lu|50/100|[from] item: Leftovers
|upkeep
|turn|3
|
|t:|1743917277
|move|p1a: Clođsire|Tera Blast|p2a: Ting-Lu|[anim] Tera Blast Ice
|-supereffective|p2a: Ting-Lu
|-damage|p2a: Ting-Lu|18/100
|move|p2a: Ting-Lu|Earthquake|p1a: Clođsire
|-damage|p1a: Clođsire|10/100
|
|-heal|p2a: Ting-Lu|24/100|[from] item: Leftovers
|upkeep
|turn|4
|
|t:|1743917286
|move|p1a: Clođsire|Tera Blast|p2a: Ting-Lu|[anim] Tera Blast Ice
|-supereffective|p2a: Ting-Lu
|-damage|p2a: Ting-Lu|0 fnt
|faint|p2a: Ting-Lu
|
|upkeep
|
|t:|1743917312
|switch|p2a: Toxapex|Toxapex, M, shiny|100/100
|turn|5
|
|t:|1743917351
|move|p1a: Clođsire|Earth Power|p2a: Toxapex
|-supereffective|p2a: Toxapex
|-damage|p2a: Toxapex|54/100
|move|p2a: Toxapex|Sludge Bomb|p1a: Clođsire
|-damage|p1a: Clođsire|0 fnt
|faint|p1a: Clođsire
|-end|p1a: Clođsire|Protosynthesis|[silent]
|
|upkeep
|
|t:|1743917362
|switch|p1a: Sandy Shock|Clodsire, F|100/100
|-damage|p1a: Sandy Shock|94/100|[from] Stealth Rock
|turn|6
|
|t:|1743917383
|move|p2a: Toxapex|Surf|p1a: Sandy Shock
|-heal|p1a: Sandy Shock|100/100|[from] ability: Water Absorb|[of] p2a: Toxapex
|move|p1a: Sandy Shock|Earthquake|p2a: Toxapex
|-supereffective|p2a: Toxapex
|-damage|p2a: Toxapex|0 fnt
|faint|p2a: Toxapex
|
|upkeep
|
|t:|1743917392
|switch|p2a: Kyurem|Kyurem, shiny|100/100
|-ability|p2a: Kyurem|Pressure
|turn|7
|
|t:|1743917441
|switch|p1a: AzumariII|Arcanine-Hisui, F|100/100
|-damage|p1a: AzumariII|76/100|[from] Stealth Rock
|-terastallize|p2a: Kyurem|Ground
|move|p2a: Kyurem|Earth Power|p1a: AzumariII
|-supereffective|p1a: AzumariII
|-damage|p1a: AzumariII|0 fnt
|faint|p1a: AzumariII
|
|upkeep
|inactive|Battle timer is ON: inactive players will automatically lose when time's up. (requested by thekingcamel)
|inactive|thaibadat2009 has 120 seconds left.
|inactive|thaibadat2009 has 90 seconds left.
|inactive|thaibadat2009 has 60 seconds left.
|inactive|thaibadat2009 has 30 seconds left.
|inactive|thaibadat2009 has 20 seconds left.
|inactive|thaibadat2009 has 15 seconds left.
|inactive|thaibadat2009 has 10 seconds left.
|inactive|thaibadat2009 has 5 seconds left.
|-message|thaibadat2009 lost due to inactivity.
|
|win|thekingcamel
|raw|thaibadat2009's rating: 1201 &rarr; <strong>1173</strong><br />(-28 for losing)
|raw|thekingcamel's rating: 1154 &rarr; <strong>1182</strong><br />(+28 for winning)
|l|☆thekingcamel
|player|p2|
|l|☆thaibadat2009
|player|p1|
