|j|☆Violet1994
|j|☆LiedGhostFox
|t:|1743917328
|gametype|singles
|player|p1|Violet1994|cheryl|1184
|player|p2|LiedGhostFox|ethan|1241
|teamsize|p1|6
|teamsize|p2|6
|gen|9
|tier|[Gen 9] OU
|rated|
|rule|HP Percentage Mod: HP is shown in percentages
|rule|Endless Battle Clause: Forcing endless battles is banned
|rule|Species Clause: Limit one of each Pokémon
|rule|OHKO Clause: OHKO moves are banned
|rule|Evasion Items Clause: Evasion items are banned
|rule|Evasion Moves Clause: Evasion moves are banned
|rule|Sleep Moves Clause: Sleep-inducing moves are banned
|clearpoke
|poke|p1|Meganium, F|
|poke|p1|Clefable, M|
|poke|p1|Gardevoir, F|
|poke|p1|Milotic, F|
|poke|p1|Chandelure, M|
|poke|p1|Dragonite, M|
|poke|p2|Raging Bolt|
|poke|p2|Corviknight, F|
|poke|p2|Dragapult, F|
|poke|p2|Meowscarada, M|
|poke|p2|Latios, M|
|poke|p2|Iron Moth|
|teampreview
|inactive|Battle timer is ON: inactive players will automatically lose when time's up. (requested by Violet1994)
|inactive|Violet1994 has 120 seconds left.
|
|t:|1743917367
|start
|switch|p1a: Chandelure|Chandelure, M, shiny|100/100
|switch|p2a: Iron Moth|Iron Moth|100/100
|turn|1
|
|t:|1743917388
|move|p2a: Iron Moth|Sludge Wave|p1a: Chandelure
|-resisted|p1a: Chandelure
|-damage|p1a: Chandelure|55/100
|move|p1a: Chandelure|Trick Room|p1a: Chandelure
|-fieldstart|move: Trick Room|[of] p1a: Chandelure
|
|upkeep
|turn|2
|
|t:|1743917395
|move|p1a: Chandelure|Shadow Ball|p2a: Iron Moth
|-damage|p2a: Iron Moth|57/100
|move|p2a: Iron Moth|Sludge Wave|p1a: Chandelure
|-resisted|p1a: Chandelure
|-damage|p1a: Chandelure|8/100
|
|upkeep
|turn|3
|
|t:|1743917400
|move|p1a: Chandelure|Shadow Ball|p2a: Iron Moth
|-damage|p2a: Iron Moth|14/100
|move|p2a: Iron Moth|Sludge Wave|p1a: Chandelure
|-resisted|p1a: Chandelure
|-damage|p1a: Chandelure|0 fnt
|faint|p1a: Chandelure
|
|upkeep
|inactive|Violet1994 has 120 seconds left.
|
|t:|1743917432
|switch|p1a: Gardevoir|Gardevoir, F, shiny|100/100
|turn|4
|
|t:|1743917435
|move|p1a: Gardevoir|Psychic|p2a: Iron Moth
|-supereffective|p2a: Iron Moth
|-damage|p2a: Iron Moth|0 fnt
|faint|p2a: Iron Moth
|-end|p2a: Iron Moth|Quark Drive|[silent]
|
|upkeep
|
|t:|1743917445
|switch|p2a: Latios|Latios, M, shiny|100/100
|-ability|p1a: Gardevoir|Levitate|[from] ability: Trace|[of] p2a: Latios
|turn|5
|
|t:|1743917450
|-terastallize|p2a: Latios|Steel
|move|p1a: Gardevoir|Moonblast|p2a: Latios
|-resisted|p2a: Latios
|-damage|p2a: Latios|71/100
|move|p2a: Latios|Calm Mind|p2a: Latios
|-boost|p2a: Latios|spa|1
|-boost|p2a: Latios|spd|1
|
|-fieldend|move: Trick Room
|upkeep
|turn|6
|
|t:|1743917458
|move|p2a: Latios|Calm Mind|p2a: Latios
|-boost|p2a: Latios|spa|1
|-boost|p2a: Latios|spd|1
|move|p1a: Gardevoir|Mystical Fire|p2a: Latios
|-supereffective|p2a: Latios
|-damage|p2a: Latios|39/100
|-unboost|p2a: Latios|spa|1
|
|upkeep
|turn|7
|
|t:|1743917465
|move|p2a: Latios|Recover|p2a: Latios
|-heal|p2a: Latios|89/100
|move|p1a: Gardevoir|Mystical Fire|p2a: Latios
|-supereffective|p2a: Latios
|-damage|p2a: Latios|59/100
|-unboost|p2a: Latios|spa|1
|
|upkeep
|turn|8
|
|t:|1743917472
|-terastallize|p1a: Gardevoir|Fire
|move|p2a: Latios|Luster Purge|p1a: Gardevoir
|-crit|p1a: Gardevoir
|-damage|p1a: Gardevoir|27/100
|move|p1a: Gardevoir|Mystical Fire|p2a: Latios
|-supereffective|p2a: Latios
|-damage|p2a: Latios|13/100
|-unboost|p2a: Latios|spa|1
|
|upkeep
|turn|9
|
|t:|1743917481
|move|p2a: Latios|Luster Purge|p1a: Gardevoir
|-damage|p1a: Gardevoir|0 fnt
|faint|p1a: Gardevoir
|
|upkeep
|
|t:|1743917491
|switch|p1a: Milotic|Milotic, F, shiny|100/100
|turn|10
|
|t:|1743917494
|move|p2a: Latios|Recover|p2a: Latios
|-heal|p2a: Latios|63/100
|move|p1a: Milotic|Scald|p2a: Latios
|-damage|p2a: Latios|49/100
|
|upkeep
|turn|11
|
|t:|1743917500
|move|p2a: Latios|Calm Mind|p2a: Latios
|-boost|p2a: Latios|spa|1
|-boost|p2a: Latios|spd|1
|move|p1a: Milotic|Scald|p2a: Latios
|-damage|p2a: Latios|38/100
|
|upkeep
|turn|12
|
|t:|1743917508
|move|p2a: Latios|Recover|p2a: Latios
|-heal|p2a: Latios|88/100
|move|p1a: Milotic|Haze|p1a: Milotic
|-clearallboost
|
|upkeep
|turn|13
|
|t:|1743917514
|move|p2a: Latios|Calm Mind|p2a: Latios
|-boost|p2a: Latios|spa|1
|-boost|p2a: Latios|spd|1
|move|p1a: Milotic|Scald|p2a: Latios
|-damage|p2a: Latios|67/100
|
|upkeep
|turn|14
|
|t:|1743917520
|move|p2a: Latios|Luster Purge|p1a: Milotic
|-damage|p1a: Milotic|41/100
|-unboost|p1a: Milotic|spd|1
|-ability|p1a: Milotic|Competitive|boost
|-boost|p1a: Milotic|spa|2
|move|p1a: Milotic|Scald|p2a: Latios
|-damage|p2a: Latios|27/100
|-status|p2a: Latios|brn
|
|-heal|p1a: Milotic|47/100|[from] item: Leftovers
|-damage|p2a: Latios|21/100 brn|[from] brn
|upkeep
|turn|15
|
|t:|1743917534
|move|p2a: Latios|Luster Purge|p1a: Milotic
|-damage|p1a: Milotic|0 fnt
|faint|p1a: Milotic
|
|-damage|p2a: Latios|15/100 brn|[from] brn
|upkeep
|
|t:|1743917539
|switch|p1a: Dragonite|Dragonite, M, shiny|100/100
|turn|16
|
|t:|1743917546
|move|p2a: Latios|Recover|p2a: Latios
|-heal|p2a: Latios|65/100 brn
|move|p1a: Dragonite|Dragon Claw|p2a: Latios
|-resisted|p2a: Latios
|-damage|p2a: Latios|13/100 brn
|
|-damage|p2a: Latios|7/100 brn|[from] brn
|upkeep
|turn|17
|
|t:|1743917553
|move|p2a: Latios|Luster Purge|p1a: Dragonite
|-damage|p1a: Dragonite|11/100
|-unboost|p1a: Dragonite|spd|1
|move|p1a: Dragonite|Dragon Claw|p2a: Latios
|-resisted|p2a: Latios
|-damage|p2a: Latios|0 fnt
|faint|p2a: Latios
|
|upkeep
|
|t:|1743917561
|switch|p2a: Dragapult|Dragapult, F|100/100
|turn|18
|
|t:|1743917564
|move|p2a: Dragapult|Sucker Punch|p1a: Dragonite
|-damage|p1a: Dragonite|0 fnt
|faint|p1a: Dragonite
|-damage|p2a: Dragapult|91/100|[from] item: Life Orb
|
|upkeep
|
|t:|1743917567
|switch|p1a: Clefable|Clefable, M, shiny|100/100
|turn|19
|
|t:|1743917572
|move|p2a: Dragapult|Phantom Force||[still]
|-prepare|p2a: Dragapult|Phantom Force
|move|p1a: Clefable|Thunder Wave|p2a: Dragapult|[miss]
|-miss|p1a: Clefable|p2a: Dragapult
|
|upkeep
|turn|20
|-message|Violet1994 forfeited.
|
|win|LiedGhostFox
|raw|Violet1994's rating: 1184 &rarr; <strong>1163</strong><br />(-21 for losing)
|raw|LiedGhostFox's rating: 1241 &rarr; <strong>1262</strong><br />(+21 for winning)
|l|☆Violet1994
|player|p1|
|l|☆LiedGhostFox
|player|p2|
