|j|☆Bfbdbshahahdh
|j|☆sdfgfsdfxvbfbd
|t:|1743827419
|gametype|singles
|player|p1|Bfbdbshahahdh|2|1103
|player|p2|sdfgfsdfxvbfbd|2|1139
|teamsize|p1|6
|teamsize|p2|6
|gen|9
|tier|[Gen 9] OU
|rated|
|rule|HP Percentage Mod: HP is shown in percentages
|rule|Endless Battle Clause: Forcing endless battles is banned
|rule|Species Clause: Limit one of each Pokémon
|rule|OHKO Clause: OHKO moves are banned
|rule|Evasion Items Clause: Evasion items are banned
|rule|Evasion Moves Clause: Evasion moves are banned
|rule|Sleep Moves Clause: Sleep-inducing moves are banned
|clearpoke
|poke|p1|Alomomola, M|
|poke|p1|Toxapex, F|
|poke|p1|Blissey, F|
|poke|p1|Forretress, M|
|poke|p1|Sableye, M|
|poke|p1|Clodsire, M|
|poke|p2|Cinderace, M|
|poke|p2|Garganacl, M|
|poke|p2|Great Tusk|
|poke|p2|Goodra-Hisui, M|
|poke|p2|Vikavolt, F|
|poke|p2|Espeon, M|
|teampreview
|inactive|Battle timer is ON: inactive players will automatically lose when time's up. (requested by sdfgfsdfxvbfbd)
|
|t:|1743827428
|start
|switch|p1a: Sableye|Sableye, M|100/100
|switch|p2a: Electro|Vikavolt, F|100/100
|turn|1
|
|t:|1743827450
|move|p1a: Sableye|Knock Off|p2a: Electro
|-damage|p2a: Electro|70/100
|-enditem|p2a: Electro|Heavy-Duty Boots|[from] move: Knock Off|[of] p1a: Sableye
|move|p2a: Electro|Sticky Web|p1a: Sableye
|-sidestart|p1: Bfbdbshahahdh|move: Sticky Web
|
|upkeep
|turn|2
|
|t:|1743827456
|move|p1a: Sableye|Encore|p2a: Electro
|-start|p2a: Electro|Encore
|move|p2a: Electro|Sticky Web||[still]
|-fail|p2a: Electro
|
|upkeep
|turn|3
|
|t:|1743827464
|switch|p2a: Mysterio|Espeon, M|100/100
|move|p1a: Sableye|Will-O-Wisp|p2a: Mysterio
|move|p2a: Mysterio|Will-O-Wisp|p1a: Sableye|[from] ability: Magic Bounce
|-status|p1a: Sableye|brn
|
|-damage|p1a: Sableye|95/100 brn|[from] brn
|upkeep
|turn|4
|inactive|sdfgfsdfxvbfbd has 120 seconds left.
|
|t:|1743827495
|switch|p2a: Electro|Vikavolt, F|70/100
|move|p1a: Sableye|Knock Off|p2a: Electro
|-damage|p2a: Electro|60/100
|
|-damage|p1a: Sableye|89/100 brn|[from] brn
|upkeep
|turn|5
|
|t:|1743827508
|move|p1a: Sableye|Will-O-Wisp|p2a: Electro
|-status|p2a: Electro|brn
|move|p2a: Electro|Bug Buzz|p1a: Sableye
|-damage|p1a: Sableye|25/100 brn
|
|-damage|p1a: Sableye|19/100 brn|[from] brn
|-damage|p2a: Electro|54/100 brn|[from] brn
|upkeep
|turn|6
|
|t:|1743827519
|switch|p1a: Blissey|Blissey, F|100/100
|move|p2a: Electro|Thunderbolt|p1a: Blissey
|-damage|p1a: Blissey|85/100
|
|-damage|p2a: Electro|48/100 brn|[from] brn
|upkeep
|turn|7
|
|t:|1743827535
|switch|p2a: Kraven|Great Tusk|100/100
|-enditem|p2a: Kraven|Booster Energy
|-activate|p2a: Kraven|ability: Protosynthesis|[fromitem]
|-start|p2a: Kraven|protosynthesisatk
|move|p1a: Blissey|Stealth Rock|p2a: Kraven
|-sidestart|p2: sdfgfsdfxvbfbd|move: Stealth Rock
|
|upkeep
|turn|8
|
|t:|1743827549
|switch|p1a: Alomomola|Alomomola, M|100/100
|move|p2a: Kraven|Rapid Spin|p1a: Alomomola
|-damage|p1a: Alomomola|88/100
|-boost|p2a: Kraven|spe|1
|-sideend|p2: sdfgfsdfxvbfbd|Stealth Rock|[from] move: Rapid Spin|[of] p2a: Kraven
|
|upkeep
|turn|9
|
|t:|1743827558
|-end|p2a: Kraven|Protosynthesis|[silent]
|switch|p2a: Electro|Vikavolt, F|48/100 brn
|move|p1a: Alomomola|Whirlpool|p2a: Electro
|-damage|p2a: Electro|40/100 brn
|-activate|p2a: Electro|move: Whirlpool|[of] p1a: Alomomola
|
|-damage|p2a: Electro|34/100 brn|[from] brn
|-damage|p2a: Electro|22/100 brn|[from] move: Whirlpool|[partiallytrapped]
|upkeep
|turn|10
|
|t:|1743827568
|move|p1a: Alomomola|Protect|p1a: Alomomola
|-singleturn|p1a: Alomomola|Protect
|move|p2a: Electro|Thunderbolt|p1a: Alomomola
|-activate|p1a: Alomomola|move: Protect
|
|-damage|p2a: Electro|16/100 brn|[from] brn
|-damage|p2a: Electro|4/100 brn|[from] move: Whirlpool|[partiallytrapped]
|upkeep
|turn|11
|
|t:|1743827578
|switch|p1a: Clodsire|Clodsire, M|100/100
|move|p2a: Electro|Thunderbolt|p1a: Clodsire
|-immune|p1a: Clodsire
|
|-damage|p2a: Electro|0 fnt|[from] brn
|faint|p2a: Electro
|upkeep
|
|t:|1743827585
|switch|p2a: Kraven|Great Tusk|100/100
|turn|12
|
|t:|1743827591
|switch|p1a: Alomomola|Alomomola, M|100/100
|move|p2a: Kraven|Headlong Rush|p1a: Alomomola
|-damage|p1a: Alomomola|61/100
|-unboost|p2a: Kraven|def|1
|-unboost|p2a: Kraven|spd|1
|
|upkeep
|turn|13
|
|t:|1743827607
|-end|p2a: Kraven|Protosynthesis|[silent]
|switch|p2a: Sandman|Garganacl, M|100/100
|move|p1a: Alomomola|Wish|p1a: Alomomola
|
|upkeep
|turn|14
|
|t:|1743827628
|move|p1a: Alomomola|Whirlpool|p2a: Sandman
|-supereffective|p2a: Sandman
|-damage|p2a: Sandman|90/100
|-activate|p2a: Sandman|move: Whirlpool|[of] p1a: Alomomola
|move|p2a: Sandman|Salt Cure|p1a: Alomomola
|-damage|p1a: Alomomola|54/100
|-start|p1a: Alomomola|Salt Cure
|
|-heal|p1a: Alomomola|100/100|[from] move: Wish|[wisher] Alomomola
|-heal|p2a: Sandman|96/100|[from] item: Leftovers
|-damage|p1a: Alomomola|76/100|[from] Salt Cure
|-damage|p2a: Sandman|83/100|[from] move: Whirlpool|[partiallytrapped]
|upkeep
|turn|15
|inactive|Bfbdbshahahdh has 120 seconds left.
|
|t:|1743827650
|switch|p1a: Forretress|Forretress, M|100/100
|move|p2a: Sandman|Recover|p2a: Sandman
|-heal|p2a: Sandman|100/100
|
|-end|p2a: Sandman|Whirlpool|[partiallytrapped]|[silent]
|upkeep
|turn|16
|
|t:|1743827659
|switch|p2a: Mysterio|Espeon, M|100/100
|move|p1a: Forretress|Stealth Rock|p2a: Mysterio
|move|p2a: Mysterio|Stealth Rock|p1a: Forretress|[from] ability: Magic Bounce
|-sidestart|p1: Bfbdbshahahdh|move: Stealth Rock
|
|upkeep
|turn|17
|inactive|Bfbdbshahahdh has 120 seconds left.
|
|t:|1743827679
|switch|p2a: Vulture|Cinderace, M|100/100
|switch|p1a: Sableye|Sableye, M|19/100 brn
|
|-damage|p1a: Sableye|13/100 brn|[from] brn
|upkeep
|turn|18
|inactive|Bfbdbshahahdh has 120 seconds left.
|
|t:|1743827689
|move|p1a: Sableye|Recover|p1a: Sableye
|-heal|p1a: Sableye|64/100 brn
|move|p2a: Vulture|U-turn|p1a: Sableye
|-start|p2a: Vulture|typechange|Bug|[from] ability: Libero
|-damage|p1a: Sableye|19/100 brn
|
|t:|1743827693
|switch|p2a: Mysterio|Espeon, M|100/100|[from] U-turn
|
|-damage|p1a: Sableye|13/100 brn|[from] brn
|upkeep
|turn|19
|
|t:|1743827704
|move|p1a: Sableye|Recover|p1a: Sableye
|-heal|p1a: Sableye|63/100 brn
|move|p2a: Mysterio|Alluring Voice|p1a: Sableye
|-supereffective|p1a: Sableye
|-damage|p1a: Sableye|0 fnt
|faint|p1a: Sableye
|
|upkeep
|inactive|Bfbdbshahahdh has 120 seconds left.
|
|t:|1743827720
|switch|p1a: Clodsire|Clodsire, M|100/100
|turn|20
|inactive|Bfbdbshahahdh has 120 seconds left.
|
|t:|1743827732
|move|p2a: Mysterio|Psychic|p1a: Clodsire
|-supereffective|p1a: Clodsire
|-damage|p1a: Clodsire|55/100
|move|p1a: Clodsire|Liquidation|p2a: Mysterio
|-damage|p2a: Mysterio|68/100
|-unboost|p2a: Mysterio|def|1
|
|upkeep
|turn|21
|inactive|Bfbdbshahahdh has 120 seconds left.
|
|t:|1743827747
|move|p2a: Mysterio|Psychic|p1a: Clodsire
|-supereffective|p1a: Clodsire
|-damage|p1a: Clodsire|1/100
|move|p1a: Clodsire|Recover|p1a: Clodsire
|-heal|p1a: Clodsire|51/100
|
|upkeep
|turn|22
|
|t:|1743827759
|switch|p1a: Blissey|Blissey, F|85/100
|move|p2a: Mysterio|Psychic|p1a: Blissey
|-damage|p1a: Blissey|71/100
|
|upkeep
|turn|23
|
|t:|1743827772
|switch|p2a: Kraven|Great Tusk|100/100
|move|p1a: Blissey|Seismic Toss|p2a: Kraven
|-damage|p2a: Kraven|74/100
|
|upkeep
|turn|24
|
|t:|1743827783
|switch|p1a: Alomomola|Alomomola, M|100/100
|move|p2a: Kraven|Close Combat|p1a: Alomomola
|-damage|p1a: Alomomola|62/100
|-unboost|p2a: Kraven|def|1
|-unboost|p2a: Kraven|spd|1
|
|upkeep
|turn|25
|
|t:|1743827793
|-end|p2a: Kraven|Protosynthesis|[silent]
|switch|p2a: Sandman|Garganacl, M|100/100
|move|p1a: Alomomola|Wish|p1a: Alomomola
|
|upkeep
|turn|26
|inactive|Bfbdbshahahdh has 120 seconds left.
|
|t:|1743827803
|switch|p1a: Forretress|Forretress, M|100/100
|move|p2a: Sandman|Salt Cure|p1a: Forretress
|-crit|p1a: Forretress
|-damage|p1a: Forretress|88/100
|-start|p1a: Forretress|Salt Cure
|
|-heal|p1a: Forretress|100/100|[from] move: Wish|[wisher] Alomomola
|-damage|p1a: Forretress|76/100|[from] Salt Cure
|upkeep
|turn|27
|inactive|Bfbdbshahahdh has 120 seconds left.
|
|t:|1743827817
|switch|p2a: Kraven|Great Tusk|74/100
|move|p1a: Forretress|Gyro Ball|p2a: Kraven
|-damage|p2a: Kraven|51/100
|
|-damage|p1a: Forretress|51/100|[from] Salt Cure
|upkeep
|turn|28
|
|t:|1743827827
|switch|p1a: Alomomola|Alomomola, M|95/100
|move|p2a: Kraven|Ice Spinner|p1a: Alomomola
|-resisted|p1a: Alomomola
|-damage|p1a: Alomomola|87/100
|
|upkeep
|turn|29
|inactive|Bfbdbshahahdh has 120 seconds left.
|
|t:|1743827845
|-end|p2a: Kraven|Protosynthesis|[silent]
|switch|p2a: Mysterio|Espeon, M|68/100
|move|p1a: Alomomola|Chilling Water|p2a: Mysterio
|-damage|p2a: Mysterio|57/100
|-unboost|p2a: Mysterio|atk|1
|
|upkeep
|turn|30
|
|t:|1743827854
|switch|p1a: Blissey|Blissey, F|71/100
|move|p2a: Mysterio|Grass Knot|p1a: Blissey
|-damage|p1a: Blissey|65/100
|
|upkeep
|turn|31
|
|t:|1743827866
|switch|p2a: Sandman|Garganacl, M|100/100
|move|p1a: Blissey|Seismic Toss|p2a: Sandman
|-damage|p2a: Sandman|76/100
|
|-heal|p2a: Sandman|82/100|[from] item: Leftovers
|upkeep
|turn|32
|inactive|Bfbdbshahahdh has 120 seconds left.
|
|t:|1743827882
|switch|p1a: Toxapex|Toxapex, F|100/100
|move|p2a: Sandman|Salt Cure|p1a: Toxapex
|-damage|p1a: Toxapex|91/100
|-start|p1a: Toxapex|Salt Cure
|
|-heal|p2a: Sandman|88/100|[from] item: Leftovers
|-damage|p1a: Toxapex|66/100|[from] Salt Cure
|upkeep
|turn|33
|inactive|Bfbdbshahahdh has 120 seconds left.
|
|t:|1743827895
|move|p1a: Toxapex|Recover|p1a: Toxapex
|-heal|p1a: Toxapex|100/100
|move|p2a: Sandman|Salt Cure|p1a: Toxapex
|-crit|p1a: Toxapex
|-damage|p1a: Toxapex|88/100
|
|-heal|p2a: Sandman|94/100|[from] item: Leftovers
|-damage|p1a: Toxapex|63/100|[from] Salt Cure
|upkeep
|turn|34
|inactive|Bfbdbshahahdh has 120 seconds left.
|
|t:|1743827906
|switch|p1a: Alomomola|Alomomola, M|100/100
|move|p2a: Sandman|Salt Cure|p1a: Alomomola
|-damage|p1a: Alomomola|93/100
|-start|p1a: Alomomola|Salt Cure
|
|-heal|p2a: Sandman|100/100|[from] item: Leftovers
|-damage|p1a: Alomomola|68/100|[from] Salt Cure
|upkeep
|turn|35
|inactive|Bfbdbshahahdh has 120 seconds left.
|
|t:|1743827923
|move|p1a: Alomomola|Wish|p1a: Alomomola
|move|p2a: Sandman|Salt Cure|p1a: Alomomola
|-damage|p1a: Alomomola|61/100
|
|-damage|p1a: Alomomola|36/100|[from] Salt Cure
|upkeep
|turn|36
|inactive|Bfbdbshahahdh has 120 seconds left.
|
|t:|1743827934
|switch|p1a: Clodsire|Clodsire, M|51/100
|move|p2a: Sandman|Salt Cure|p1a: Clodsire
|-resisted|p1a: Clodsire
|-damage|p1a: Clodsire|43/100
|-start|p1a: Clodsire|Salt Cure
|
|-heal|p1a: Clodsire|100/100|[from] move: Wish|[wisher] Alomomola
|-damage|p1a: Clodsire|88/100|[from] Salt Cure
|upkeep
|turn|37
|inactive|Bfbdbshahahdh has 120 seconds left.
|
|t:|1743827954
|move|p2a: Sandman|Protect|p2a: Sandman
|-singleturn|p2a: Sandman|Protect
|move|p1a: Clodsire|Earthquake|p2a: Sandman
|-activate|p2a: Sandman|move: Protect
|
|-damage|p1a: Clodsire|76/100|[from] Salt Cure
|upkeep
|turn|38
|
|t:|1743827971
|switch|p2a: Kraven|Great Tusk|51/100
|move|p1a: Clodsire|Earthquake|p2a: Kraven
|-damage|p2a: Kraven|31/100
|
|-damage|p1a: Clodsire|64/100|[from] Salt Cure
|upkeep
|turn|39
|
|t:|1743827985
|switch|p1a: Alomomola|Alomomola, M|70/100
|move|p2a: Kraven|Headlong Rush|p1a: Alomomola
|-damage|p1a: Alomomola|35/100
|-unboost|p2a: Kraven|def|1
|-unboost|p2a: Kraven|spd|1
|
|upkeep
|turn|40
|
|t:|1743827997
|switch|p1a: Toxapex|Toxapex, F|96/100
|move|p2a: Kraven|Close Combat|p1a: Toxapex
|-resisted|p1a: Toxapex
|-damage|p1a: Toxapex|75/100
|-unboost|p2a: Kraven|def|1
|-unboost|p2a: Kraven|spd|1
|
|upkeep
|turn|41
|
|t:|1743828012
|-end|p2a: Kraven|Protosynthesis|[silent]
|switch|p2a: Sandman|Garganacl, M|100/100
|move|p1a: Toxapex|Infestation|p2a: Sandman
|-damage|p2a: Sandman|98/100
|-activate|p2a: Sandman|move: Infestation|[of] p1a: Toxapex
|
|-heal|p2a: Sandman|100/100|[from] item: Leftovers
|-damage|p2a: Sandman|88/100|[from] move: Infestation|[partiallytrapped]
|upkeep
|turn|42
|
|t:|1743828030
|switch|p1a: Blissey|Blissey, F|65/100
|move|p2a: Sandman|Salt Cure|p1a: Blissey
|-damage|p1a: Blissey|40/100
|-start|p1a: Blissey|Salt Cure
|
|-heal|p2a: Sandman|94/100|[from] item: Leftovers
|-damage|p1a: Blissey|27/100|[from] Salt Cure
|-end|p2a: Sandman|Infestation|[partiallytrapped]|[silent]
|upkeep
|turn|43
|
|t:|1743828042
|move|p1a: Blissey|Soft-Boiled|p1a: Blissey
|-heal|p1a: Blissey|77/100
|move|p2a: Sandman|Salt Cure|p1a: Blissey
|-damage|p1a: Blissey|48/100
|
|-heal|p2a: Sandman|100/100|[from] item: Leftovers
|-damage|p1a: Blissey|36/100|[from] Salt Cure
|upkeep
|turn|44
|
|t:|1743828054
|switch|p2a: Kraven|Great Tusk|31/100
|move|p1a: Blissey|Soft-Boiled|p1a: Blissey
|-heal|p1a: Blissey|86/100
|
|-damage|p1a: Blissey|73/100|[from] Salt Cure
|upkeep
|turn|45
|
|t:|1743828065
|switch|p1a: Alomomola|Alomomola, M|68/100
|move|p2a: Kraven|Headlong Rush|p1a: Alomomola
|-damage|p1a: Alomomola|33/100
|-unboost|p2a: Kraven|def|1
|-unboost|p2a: Kraven|spd|1
|
|upkeep
|turn|46
|inactive|Bfbdbshahahdh has 90 seconds left.
|
|t:|1743828083
|move|p1a: Alomomola|Protect|p1a: Alomomola
|-singleturn|p1a: Alomomola|Protect
|move|p2a: Kraven|Headlong Rush|p1a: Alomomola
|-activate|p1a: Alomomola|move: Protect
|
|upkeep
|turn|47
|
|t:|1743828092
|switch|p1a: Forretress|Forretress, M|51/100
|move|p2a: Kraven|Headlong Rush|p1a: Forretress
|-damage|p1a: Forretress|13/100
|-unboost|p2a: Kraven|def|1
|-unboost|p2a: Kraven|spd|1
|
|upkeep
|turn|48
|inactive|Bfbdbshahahdh has 90 seconds left.
|
|t:|1743828111
|switch|p1a: Alomomola|Alomomola, M|66/100
|move|p2a: Kraven|Headlong Rush|p1a: Alomomola
|-damage|p1a: Alomomola|29/100
|-unboost|p2a: Kraven|def|1
|-unboost|p2a: Kraven|spd|1
|
|upkeep
|turn|49
|inactive|Bfbdbshahahdh has 90 seconds left.
|
|t:|1743828127
|switch|p1a: Forretress|Forretress, M|13/100
|move|p2a: Kraven|Close Combat|p1a: Forretress
|-damage|p1a: Forretress|0 fnt
|-unboost|p2a: Kraven|def|1
|-unboost|p2a: Kraven|spd|1
|faint|p1a: Forretress
|
|upkeep
|
|t:|1743828143
|switch|p1a: Toxapex|Toxapex, F|100/100
|turn|50
|
|t:|1743828156
|-end|p2a: Kraven|Protosynthesis|[silent]
|switch|p2a: Sandman|Garganacl, M|100/100
|move|p1a: Toxapex|Toxic|p2a: Sandman
|-immune|p2a: Sandman|[from] ability: Purifying Salt
|
|upkeep
|turn|51
|
|t:|1743828167
|switch|p1a: Clodsire|Clodsire, M|64/100
|move|p2a: Sandman|Salt Cure|p1a: Clodsire
|-resisted|p1a: Clodsire
|-damage|p1a: Clodsire|56/100
|-start|p1a: Clodsire|Salt Cure
|
|-damage|p1a: Clodsire|44/100|[from] Salt Cure
|upkeep
|turn|52
|
|t:|1743828177
|move|p2a: Sandman|Ice Punch|p1a: Clodsire
|-supereffective|p1a: Clodsire
|-damage|p1a: Clodsire|6/100
|move|p1a: Clodsire|Recover|p1a: Clodsire
|-heal|p1a: Clodsire|56/100
|
|-damage|p1a: Clodsire|44/100|[from] Salt Cure
|upkeep
|turn|53
|
|t:|1743828193
|move|p2a: Sandman|Ice Punch|p1a: Clodsire
|-supereffective|p1a: Clodsire
|-damage|p1a: Clodsire|6/100
|move|p1a: Clodsire|Recover|p1a: Clodsire
|-heal|p1a: Clodsire|56/100
|
|-damage|p1a: Clodsire|44/100|[from] Salt Cure
|upkeep
|turn|54
|
|t:|1743828203
|switch|p1a: Alomomola|Alomomola, M|62/100
|move|p2a: Sandman|Ice Punch|p1a: Alomomola
|-resisted|p1a: Alomomola
|-damage|p1a: Alomomola|57/100
|
|upkeep
|turn|55
|
|t:|1743828209
|move|p1a: Alomomola|Wish|p1a: Alomomola
|move|p2a: Sandman|Salt Cure|p1a: Alomomola
|-crit|p1a: Alomomola
|-damage|p1a: Alomomola|45/100
|-start|p1a: Alomomola|Salt Cure
|
|-damage|p1a: Alomomola|21/100|[from] Salt Cure
|upkeep
|turn|56
|inactive|Bfbdbshahahdh has 90 seconds left.
|
|t:|1743828220
|switch|p1a: Clodsire|Clodsire, M|44/100
|switch|p2a: Kraven|Great Tusk|31/100
|
|-heal|p1a: Clodsire|100/100|[from] move: Wish|[wisher] Alomomola
|upkeep
|turn|57
|inactive|Bfbdbshahahdh has 90 seconds left.
|
|t:|1743828237
|move|p2a: Kraven|Headlong Rush|p1a: Clodsire
|-supereffective|p1a: Clodsire
|-damage|p1a: Clodsire|0 fnt
|-unboost|p2a: Kraven|def|1
|-unboost|p2a: Kraven|spd|1
|faint|p1a: Clodsire
|
|upkeep
|-message|Bfbdbshahahdh forfeited.
|
|win|sdfgfsdfxvbfbd
|raw|Bfbdbshahahdh's rating: 1103 &rarr; <strong>1079</strong><br />(-24 for losing)
|raw|sdfgfsdfxvbfbd's rating: 1111 &rarr; <strong>1135</strong><br />(+24 for winning)
|l|☆Bfbdbshahahdh
|player|p1|
