|j|☆Bordercauley
|j|☆quetzuma
|t:|1743865726
|gametype|singles
|player|p1|Bordercauley|102|1432
|player|p2|quetzuma|swimmer-gen4dp|1431
|teamsize|p1|6
|teamsize|p2|6
|gen|9
|tier|[Gen 9] OU
|rated|
|rule|HP Percentage Mod: HP is shown in percentages
|rule|Endless Battle Clause: Forcing endless battles is banned
|rule|Species Clause: Limit one of each Pokémon
|rule|OHKO Clause: OHKO moves are banned
|rule|Evasion Items Clause: Evasion items are banned
|rule|Evasion Moves Clause: Evasion moves are banned
|rule|Sleep Moves Clause: Sleep-inducing moves are banned
|clearpoke
|poke|p1|Meowscarada, F|
|poke|p1|Pelipper, M|
|poke|p1|Floatzel, M|
|poke|p1|Quaquaval, M|
|poke|p1|Sinistcha|
|poke|p1|Kilowattrel, F|
|poke|p2|Quaquaval, M|
|poke|p2|Cinderace, M|
|poke|p2|Ting-Lu|
|poke|p2|Deoxys-Defense|
|poke|p2|Skarmory, M|
|poke|p2|Dragapult, F|
|teampreview
|inactive|Battle timer is ON: inactive players will automatically lose when time's up. (requested by quetzuma)
|
|t:|1743865750
|start
|switch|p1a: Cat|Meowscarada, F|100/100
|switch|p2a: Deoxys|Deoxys-Defense|100/100
|-ability|p2a: Deoxys|Pressure
|turn|1
|
|t:|1743865761
|switch|p2a: Skarmory|Skarmory, M|100/100
|move|p1a: Cat|Taunt|p2a: Skarmory
|-start|p2a: Skarmory|move: Taunt
|
|upkeep
|turn|2
|
|t:|1743865768
|switch|p2a: Deoxys|Deoxys-Defense|100/100
|-ability|p2a: Deoxys|Pressure
|move|p1a: Cat|Spikes|p2a: Deoxys
|-sidestart|p2: quetzuma|Spikes
|
|upkeep
|turn|3
|
|t:|1743865773
|move|p1a: Cat|Knock Off|p2a: Deoxys
|-supereffective|p2a: Deoxys
|-damage|p2a: Deoxys|43/100
|-enditem|p2a: Deoxys|Leftovers|[from] move: Knock Off|[of] p1a: Cat
|move|p2a: Deoxys|Night Shade|p1a: Cat
|-damage|p1a: Cat|66/100
|
|upkeep
|turn|4
|
|t:|1743865780
|move|p1a: Cat|Taunt|p2a: Deoxys
|-start|p2a: Deoxys|move: Taunt
|cant|p2a: Deoxys|move: Taunt|Recover
|
|upkeep
|turn|5
|
|t:|1743865788
|switch|p2a: Dragapult|Dragapult, F|100/100
|move|p1a: Cat|Knock Off|p2a: Dragapult
|-supereffective|p2a: Dragapult
|-damage|p2a: Dragapult|0 fnt
|-enditem|p2a: Dragapult|Heavy-Duty Boots|[from] move: Knock Off|[of] p1a: Cat
|faint|p2a: Dragapult
|
|upkeep
|
|t:|1743865790
|switch|p2a: Skarmory|Skarmory, M|100/100
|turn|6
|
|t:|1743865796
|move|p1a: Cat|Knock Off|p2a: Skarmory
|-damage|p2a: Skarmory|81/100
|-damage|p1a: Cat|50/100|[from] item: Rocky Helmet|[of] p2a: Skarmory
|-enditem|p2a: Skarmory|Rocky Helmet|[from] move: Knock Off|[of] p1a: Cat
|move|p2a: Skarmory|Body Press|p1a: Cat
|-supereffective|p1a: Cat
|-damage|p1a: Cat|0 fnt
|faint|p1a: Cat
|
|upkeep
|
|t:|1743865803
|switch|p1a: Bird|Pelipper, M|100/100
|-weather|RainDance|[from] ability: Drizzle|[of] p1a: Bird
|turn|7
|
|t:|1743865806
|move|p2a: Skarmory|Stealth Rock|p1a: Bird
|-sidestart|p1: Bordercauley|move: Stealth Rock
|move|p1a: Bird|U-turn|p2a: Skarmory
|-resisted|p2a: Skarmory
|-damage|p2a: Skarmory|79/100
|
|t:|1743865810
|switch|p1a: Bird2|Kilowattrel, F|100/100|[from] U-turn
|-damage|p1a: Bird2|76/100|[from] Stealth Rock
|
|-weather|RainDance|[upkeep]
|upkeep
|turn|8
|
|t:|1743865820
|switch|p2a: Ting-Lu|Ting-Lu|100/100
|-damage|p2a: Ting-Lu|88/100|[from] Spikes
|-ability|p2a: Ting-Lu|Vessel of Ruin
|move|p1a: Bird2|Weather Ball|p2a: Ting-Lu
|-supereffective|p2a: Ting-Lu
|-damage|p2a: Ting-Lu|9/100
|
|-weather|RainDance|[upkeep]
|-heal|p2a: Ting-Lu|16/100|[from] item: Leftovers
|upkeep
|turn|9
|
|t:|1743865827
|move|p1a: Bird2|Weather Ball|p2a: Ting-Lu
|-supereffective|p2a: Ting-Lu
|-damage|p2a: Ting-Lu|0 fnt
|faint|p2a: Ting-Lu
|
|-weather|RainDance|[upkeep]
|upkeep
|
|t:|1743865844
|switch|p2a: Deoxys|Deoxys-Defense|43/100
|-damage|p2a: Deoxys|31/100|[from] Spikes
|-ability|p2a: Deoxys|Pressure
|turn|10
|
|t:|1743865849
|move|p1a: Bird2|Weather Ball|p2a: Deoxys
|-damage|p2a: Deoxys|0 fnt
|faint|p2a: Deoxys
|
|-weather|RainDance|[upkeep]
|upkeep
|
|t:|1743865853
|switch|p2a: Quaquaval|Quaquaval, M|100/100
|-damage|p2a: Quaquaval|88/100|[from] Spikes
|turn|11
|
|t:|1743865858
|-terastallize|p1a: Bird2|Water
|move|p1a: Bird2|Weather Ball|p2a: Quaquaval
|-resisted|p2a: Quaquaval
|-damage|p2a: Quaquaval|28/100
|move|p2a: Quaquaval|Aqua Step|p1a: Bird2
|-resisted|p1a: Bird2
|-damage|p1a: Bird2|20/100
|-boost|p2a: Quaquaval|spe|1
|
|-weather|RainDance|[upkeep]
|upkeep
|turn|12
|
|t:|1743865876
|switch|p1a: Bird|Pelipper, M|100/100
|-damage|p1a: Bird|76/100|[from] Stealth Rock
|move|p2a: Quaquaval|Roost|p2a: Quaquaval
|-heal|p2a: Quaquaval|78/100
|-singleturn|p2a: Quaquaval|move: Roost
|
|-weather|RainDance|[upkeep]
|upkeep
|turn|13
|
|t:|1743865881
|-terastallize|p2a: Quaquaval|Dragon
|move|p2a: Quaquaval|Aqua Step|p1a: Bird
|-resisted|p1a: Bird
|-damage|p1a: Bird|53/100
|-boost|p2a: Quaquaval|spe|1
|move|p1a: Bird|Roost|p1a: Bird
|-heal|p1a: Bird|100/100
|-singleturn|p1a: Bird|move: Roost
|
|-weather|RainDance|[upkeep]
|upkeep
|turn|14
|
|t:|1743865886
|move|p2a: Quaquaval|Ice Spinner|p1a: Bird
|-damage|p1a: Bird|81/100
|move|p1a: Bird|Hurricane|p2a: Quaquaval
|-damage|p2a: Quaquaval|28/100
|
|-weather|none
|upkeep
|turn|15
|
|t:|1743865893
|move|p2a: Quaquaval|Roost|p2a: Quaquaval
|-heal|p2a: Quaquaval|79/100
|move|p1a: Bird|U-turn|p2a: Quaquaval
|-damage|p2a: Quaquaval|66/100
|
|t:|1743865898
|switch|p1a: Bird2|Kilowattrel, F, tera:Water|20/100|[from] U-turn
|-damage|p1a: Bird2|7/100|[from] Stealth Rock
|
|upkeep
|turn|16
|
|t:|1743865903
|switch|p1a: Bird|Pelipper, M|81/100
|-damage|p1a: Bird|56/100|[from] Stealth Rock
|-weather|RainDance|[from] ability: Drizzle|[of] p1a: Bird
|move|p2a: Quaquaval|Aqua Step|p1a: Bird
|-resisted|p1a: Bird
|-damage|p1a: Bird|35/100
|-boost|p2a: Quaquaval|spe|1
|
|-weather|RainDance|[upkeep]
|upkeep
|turn|17
|
|t:|1743865912
|move|p2a: Quaquaval|Roost|p2a: Quaquaval
|-heal|p2a: Quaquaval|100/100
|move|p1a: Bird|Roost|p1a: Bird
|-heal|p1a: Bird|85/100
|-singleturn|p1a: Bird|move: Roost
|
|-weather|RainDance|[upkeep]
|upkeep
|turn|18
|
|t:|1743865915
|switch|p2a: Skarmory|Skarmory, M|79/100
|move|p1a: Bird|Hurricane|p2a: Skarmory
|-resisted|p2a: Skarmory
|-damage|p2a: Skarmory|53/100
|
|-weather|RainDance|[upkeep]
|upkeep
|turn|19
|
|t:|1743865923
|move|p2a: Skarmory|Taunt|p1a: Bird
|-start|p1a: Bird|move: Taunt
|move|p1a: Bird|U-turn|p2a: Skarmory
|-resisted|p2a: Skarmory
|-damage|p2a: Skarmory|52/100
|
|t:|1743865928
|switch|p1a: Weasel|Floatzel, M|100/100|[from] U-turn
|-damage|p1a: Weasel|88/100|[from] Stealth Rock
|
|-weather|RainDance|[upkeep]
|upkeep
|turn|20
|
|t:|1743865931
|move|p1a: Weasel|Wave Crash|p2a: Skarmory
|-damage|p2a: Skarmory|0 fnt
|faint|p2a: Skarmory
|-damage|p1a: Weasel|70/100|[from] Recoil
|
|-weather|RainDance|[upkeep]
|upkeep
|
|t:|1743865933
|switch|p2a: Quaquaval|Quaquaval, M, tera:Dragon|100/100
|-damage|p2a: Quaquaval|88/100|[from] Spikes
|turn|21
|
|t:|1743865937
|move|p1a: Weasel|Wave Crash|p2a: Quaquaval
|-resisted|p2a: Quaquaval
|-damage|p2a: Quaquaval|2/100
|-damage|p1a: Weasel|42/100|[from] Recoil
|move|p2a: Quaquaval|Close Combat|p1a: Weasel
|-damage|p1a: Weasel|0 fnt
|-unboost|p2a: Quaquaval|def|1
|-unboost|p2a: Quaquaval|spd|1
|faint|p1a: Weasel
|-ability|p2a: Quaquaval|Moxie|boost
|-boost|p2a: Quaquaval|atk|1
|
|-weather|RainDance|[upkeep]
|upkeep
|
|t:|1743865942
|switch|p1a: Bird|Pelipper, M|85/100
|-damage|p1a: Bird|60/100|[from] Stealth Rock
|turn|22
|
|t:|1743865949
|move|p2a: Quaquaval|Close Combat|p1a: Bird
|-resisted|p1a: Bird
|-damage|p1a: Bird|27/100
|-unboost|p2a: Quaquaval|def|1
|-unboost|p2a: Quaquaval|spd|1
|move|p1a: Bird|Hurricane|p2a: Quaquaval
|-damage|p2a: Quaquaval|0 fnt
|faint|p2a: Quaquaval
|
|-weather|RainDance|[upkeep]
|upkeep
|
|t:|1743865952
|switch|p2a: Cinderace|Cinderace, M|100/100
|turn|23
|
|t:|1743865956
|switch|p1a: Bird2|Kilowattrel, F, tera:Water|7/100
|-damage|p1a: Bird2|0 fnt|[from] Stealth Rock
|faint|p1a: Bird2
|move|p2a: Cinderace|Tera Blast|p1: Bird2|[notarget]
|-fail|p2a: Cinderace
|
|-weather|none
|upkeep
|
|t:|1743865960
|switch|p1a: Bird|Pelipper, M|27/100
|-damage|p1a: Bird|2/100|[from] Stealth Rock
|-weather|RainDance|[from] ability: Drizzle|[of] p1a: Bird
|turn|24
|
|t:|1743865964
|move|p2a: Cinderace|Tera Blast|p1a: Bird
|-damage|p1a: Bird|0 fnt
|faint|p1a: Bird
|
|-weather|RainDance|[upkeep]
|upkeep
|
|t:|1743865966
|switch|p1a: Duck|Quaquaval, M|100/100
|-damage|p1a: Duck|94/100|[from] Stealth Rock
|turn|25
|
|t:|1743865970
|move|p2a: Cinderace|Pyro Ball|p1a: Duck
|-resisted|p1a: Duck
|-damage|p1a: Duck|75/100
|move|p1a: Duck|Aqua Step|p2a: Cinderace
|-supereffective|p2a: Cinderace
|-damage|p2a: Cinderace|0 fnt
|-boost|p1a: Duck|spe|1
|faint|p2a: Cinderace
|
|win|Bordercauley
|raw|Bordercauley's rating: 1432 &rarr; <strong>1452</strong><br />(+20 for winning)
|raw|quetzuma's rating: 1431 &rarr; <strong>1411</strong><br />(-20 for losing)
|c|☆Bordercauley|gg
|c|☆quetzuma|gg'
|l|☆quetzuma
|player|p2|
|l|☆Bordercauley
|player|p1|
