|j|☆Gen1elite
|j|☆N0AH__123__
|t:|1743846916
|gametype|singles
|player|p1|Gen1elite|red|1194
|player|p2|N0AH__123__|boarder|1267
|teamsize|p1|6
|teamsize|p2|6
|gen|9
|tier|[Gen 9] OU
|rated|
|rule|HP Percentage Mod: HP is shown in percentages
|rule|Endless Battle Clause: Forcing endless battles is banned
|rule|Species Clause: Limit one of each Pokémon
|rule|OHKO Clause: OHKO moves are banned
|rule|Evasion Items Clause: Evasion items are banned
|rule|Evasion Moves Clause: Evasion moves are banned
|rule|Sleep Moves Clause: Sleep-inducing moves are banned
|clearpoke
|poke|p1|Clefable, M|
|poke|p1|Exeggutor, M|
|poke|p1|Snorlax, F|
|poke|p1|Dugtrio, F|
|poke|p1|Dragonite, M|
|poke|p1|Tentacruel, F|
|poke|p2|Pelipper, M|
|poke|p2|Overqwil, F|
|poke|p2|Scizor, F|
|poke|p2|Landorus-Therian, M|
|poke|p2|Tornadus-Therian, M|
|poke|p2|Iron Treads|
|teampreview
|
|t:|1743846931
|start
|switch|p1a: Snorlax|Snorlax, F|100/100
|switch|p2a: Pelipper|Pelipper, M|100/100
|-weather|RainDance|[from] ability: Drizzle|[of] p2a: Pelipper
|turn|1
|
|t:|1743846941
|switch|p1a: Tentacruel|Tentacruel, F|100/100
|move|p2a: Pelipper|U-turn|p1a: Tentacruel
|-resisted|p1a: Tentacruel
|-damage|p1a: Tentacruel|94/100
|
|t:|1743846953
|switch|p2a: Iron Treads|Iron Treads|100/100|[from] U-turn
|-enditem|p2a: Iron Treads|Booster Energy
|-activate|p2a: Iron Treads|ability: Quark Drive|[fromitem]
|-start|p2a: Iron Treads|quarkdrivespe
|
|-weather|RainDance|[upkeep]
|-heal|p1a: Tentacruel|99/100|[from] item: Black Sludge
|upkeep
|turn|2
|
|t:|1743846971
|switch|p1a: Exeggutor|Exeggutor, M|100/100
|move|p2a: Iron Treads|Stealth Rock|p1a: Exeggutor
|-sidestart|p1: Gen1elite|move: Stealth Rock
|
|-weather|RainDance|[upkeep]
|upkeep
|turn|3
|
|t:|1743846982
|move|p2a: Iron Treads|Knock Off|p1a: Exeggutor
|-supereffective|p1a: Exeggutor
|-damage|p1a: Exeggutor|45/100
|-enditem|p1a: Exeggutor|Chesto Berry|[from] move: Knock Off|[of] p2a: Iron Treads
|move|p1a: Exeggutor|Calm Mind|p1a: Exeggutor
|-boost|p1a: Exeggutor|spa|1
|-boost|p1a: Exeggutor|spd|1
|
|-weather|RainDance|[upkeep]
|upkeep
|turn|4
|
|t:|1743846991
|move|p2a: Iron Treads|Knock Off|p1a: Exeggutor
|-supereffective|p1a: Exeggutor
|-damage|p1a: Exeggutor|11/100
|move|p1a: Exeggutor|Giga Drain|p2a: Iron Treads
|-damage|p2a: Iron Treads|14/100
|-heal|p1a: Exeggutor|47/100|[from] drain|[of] p2a: Iron Treads
|
|-weather|RainDance|[upkeep]
|upkeep
|turn|5
|
|t:|1743847000
|move|p2a: Iron Treads|Knock Off|p1a: Exeggutor
|-supereffective|p1a: Exeggutor
|-damage|p1a: Exeggutor|13/100
|move|p1a: Exeggutor|Giga Drain|p2a: Iron Treads
|-damage|p2a: Iron Treads|0 fnt
|-heal|p1a: Exeggutor|19/100|[from] drain|[of] p2a: Iron Treads
|faint|p2a: Iron Treads
|-end|p2a: Iron Treads|Quark Drive|[silent]
|
|-weather|RainDance|[upkeep]
|upkeep
|
|t:|1743847004
|switch|p2a: Overqwil|Overqwil, F|100/100
|turn|6
|
|t:|1743847014
|switch|p1a: Tentacruel|Tentacruel, F|99/100
|-damage|p1a: Tentacruel|88/100|[from] Stealth Rock
|move|p2a: Overqwil|Fell Stinger|p1a: Tentacruel
|-resisted|p1a: Tentacruel
|-damage|p1a: Tentacruel|74/100
|-damage|p2a: Overqwil|91/100|[from] item: Life Orb
|
|-weather|RainDance|[upkeep]
|-heal|p1a: Tentacruel|80/100|[from] item: Black Sludge
|upkeep
|turn|7
|
|t:|1743847027
|switch|p2a: Landorus|Landorus-Therian, M|100/100
|-ability|p2a: Landorus|Intimidate|boost
|-unboost|p1a: Tentacruel|atk|1
|move|p1a: Tentacruel|Rapid Spin|p2a: Landorus
|-crit|p2a: Landorus
|-damage|p2a: Landorus|86/100
|-boost|p1a: Tentacruel|spe|1
|-damage|p1a: Tentacruel|63/100|[from] item: Rocky Helmet|[of] p2a: Landorus
|-sideend|p1: Gen1elite|Stealth Rock|[from] move: Rapid Spin|[of] p1a: Tentacruel
|
|-weather|RainDance|[upkeep]
|-heal|p1a: Tentacruel|69/100|[from] item: Black Sludge
|upkeep
|turn|8
|
|t:|1743847039
|switch|p1a: Exeggutor|Exeggutor, M|19/100
|move|p2a: Landorus|U-turn|p1a: Exeggutor
|-supereffective|p1a: Exeggutor
|-damage|p1a: Exeggutor|0 fnt
|faint|p1a: Exeggutor
|
|t:|1743847045
|switch|p2a: Tornadus|Tornadus-Therian, M|100/100|[from] U-turn
|
|-weather|none
|upkeep
|
|t:|1743847051
|switch|p1a: Dugtrio|Dugtrio, F|100/100
|turn|9
|
|t:|1743847059
|move|p2a: Tornadus|U-turn|p1a: Dugtrio
|-damage|p1a: Dugtrio|55/100
|
|t:|1743847061
|switch|p2a: Pelipper|Pelipper, M|100/100|[from] U-turn
|-weather|RainDance|[from] ability: Drizzle|[of] p2a: Pelipper
|move|p1a: Dugtrio|Stealth Rock|p2a: Pelipper
|-sidestart|p2: N0AH__123__|move: Stealth Rock
|
|-weather|RainDance|[upkeep]
|upkeep
|turn|10
|
|t:|1743847070
|move|p1a: Dugtrio|Endeavor|p2a: Pelipper
|-damage|p2a: Pelipper|36/100
|move|p2a: Pelipper|U-turn|p1a: Dugtrio
|-damage|p1a: Dugtrio|29/100
|
|t:|1743847074
|switch|p2a: Overqwil|Overqwil, F|91/100|[from] U-turn
|-damage|p2a: Overqwil|78/100|[from] Stealth Rock
|
|-weather|RainDance|[upkeep]
|upkeep
|turn|11
|
|t:|1743847081
|move|p2a: Overqwil|Crunch|p1a: Dugtrio
|-damage|p1a: Dugtrio|0 fnt
|faint|p1a: Dugtrio
|-damage|p2a: Overqwil|68/100|[from] item: Life Orb
|
|-weather|RainDance|[upkeep]
|upkeep
|
|t:|1743847104
|switch|p1a: Dragonite|Dragonite, M|100/100
|turn|12
|
|t:|1743847111
|switch|p2a: Landorus|Landorus-Therian, M|86/100
|-damage|p2a: Landorus|74/100|[from] Stealth Rock
|-ability|p2a: Landorus|Intimidate|boost
|-unboost|p1a: Dragonite|atk|1
|move|p1a: Dragonite|Dragon Dance|p1a: Dragonite
|-boost|p1a: Dragonite|atk|1
|-boost|p1a: Dragonite|spe|1
|
|-weather|RainDance|[upkeep]
|upkeep
|turn|13
|
|t:|1743847121
|-terastallize|p2a: Landorus|Water
|move|p1a: Dragonite|Dragon Dance|p1a: Dragonite
|-boost|p1a: Dragonite|atk|1
|-boost|p1a: Dragonite|spe|1
|move|p2a: Landorus|U-turn|p1a: Dragonite
|-resisted|p1a: Dragonite
|-damage|p1a: Dragonite|96/100
|
|t:|1743847128
|switch|p2a: Tornadus|Tornadus-Therian, M|100/100|[from] U-turn
|-damage|p2a: Tornadus|76/100|[from] Stealth Rock
|
|-weather|RainDance|[upkeep]
|upkeep
|turn|14
|
|t:|1743847135
|move|p1a: Dragonite|Dragon Rush|p2a: Tornadus
|-damage|p2a: Tornadus|0 fnt
|-damage|p1a: Dragonite|79/100|[from] item: Rocky Helmet|[of] p2a: Tornadus
|faint|p2a: Tornadus
|
|-weather|RainDance|[upkeep]
|upkeep
|
|t:|1743847151
|switch|p2a: Scizor|Scizor, F|100/100
|-damage|p2a: Scizor|88/100|[from] Stealth Rock
|turn|15
|
|t:|1743847156
|move|p1a: Dragonite|Dragon Rush|p2a: Scizor
|-resisted|p2a: Scizor
|-damage|p2a: Scizor|43/100
|move|p2a: Scizor|Dual Wingbeat|p1a: Dragonite
|-damage|p1a: Dragonite|39/100
|-damage|p1a: Dragonite|0 fnt
|faint|p1a: Dragonite
|-hitcount|p1: Dragonite|2
|
|-weather|RainDance|[upkeep]
|upkeep
|
|t:|1743847169
|switch|p1a: Snorlax|Snorlax, F|100/100
|turn|16
|
|t:|1743847174
|move|p2a: Scizor|Dual Wingbeat|p1a: Snorlax
|-damage|p1a: Snorlax|68/100
|-damage|p1a: Snorlax|36/100
|-hitcount|p1a: Snorlax|2
|move|p1a: Snorlax|Fire Blast|p2a: Scizor
|-supereffective|p2a: Scizor
|-damage|p2a: Scizor|0 fnt
|faint|p2a: Scizor
|
|-weather|none
|upkeep
|
|t:|1743847179
|switch|p2a: Pelipper|Pelipper, M|36/100
|-damage|p2a: Pelipper|11/100|[from] Stealth Rock
|-weather|RainDance|[from] ability: Drizzle|[of] p2a: Pelipper
|turn|17
|
|t:|1743847191
|move|p2a: Pelipper|Roost|p2a: Pelipper
|-heal|p2a: Pelipper|61/100
|-singleturn|p2a: Pelipper|move: Roost
|move|p1a: Snorlax|Blizzard|p2a: Pelipper
|-resisted|p2a: Pelipper
|-damage|p2a: Pelipper|42/100
|
|-weather|RainDance|[upkeep]
|upkeep
|turn|18
|
|t:|1743847201
|move|p2a: Pelipper|Roost|p2a: Pelipper
|-heal|p2a: Pelipper|92/100
|-singleturn|p2a: Pelipper|move: Roost
|move|p1a: Snorlax|Gunk Shot|p2a: Pelipper
|-damage|p2a: Pelipper|68/100
|
|-weather|RainDance|[upkeep]
|upkeep
|turn|19
|
|t:|1743847210
|move|p2a: Pelipper|Weather Ball|p1a: Snorlax
|-damage|p1a: Snorlax|7/100
|move|p1a: Snorlax|Gunk Shot|p2a: Pelipper
|-damage|p2a: Pelipper|44/100
|-status|p2a: Pelipper|psn
|
|-weather|RainDance|[upkeep]
|-damage|p2a: Pelipper|31/100 psn|[from] psn
|upkeep
|turn|20
|
|t:|1743847221
|move|p2a: Pelipper|U-turn|p1a: Snorlax
|-damage|p1a: Snorlax|0 fnt
|faint|p1a: Snorlax
|
|t:|1743847226
|switch|p2a: Overqwil|Overqwil, F|68/100|[from] U-turn
|-damage|p2a: Overqwil|56/100|[from] Stealth Rock
|
|-weather|RainDance|[upkeep]
|upkeep
|
|t:|1743847232
|switch|p1a: Tentacruel|Tentacruel, F|69/100
|turn|21
|
|t:|1743847242
|switch|p2a: Landorus|Landorus-Therian, M, tera:Water|74/100
|-damage|p2a: Landorus|61/100|[from] Stealth Rock
|-ability|p2a: Landorus|Intimidate|boost
|-unboost|p1a: Tentacruel|atk|1
|move|p1a: Tentacruel|Toxic Spikes|p2a: Landorus
|-sidestart|p2: N0AH__123__|move: Toxic Spikes
|
|-weather|RainDance|[upkeep]
|-heal|p1a: Tentacruel|75/100|[from] item: Black Sludge
|upkeep
|turn|22
|
|t:|1743847253
|move|p2a: Landorus|Earth Power|p1a: Tentacruel
|-supereffective|p1a: Tentacruel
|-damage|p1a: Tentacruel|25/100
|move|p1a: Tentacruel|Rapid Spin|p2a: Landorus
|-damage|p2a: Landorus|55/100
|-boost|p1a: Tentacruel|spe|1
|-damage|p1a: Tentacruel|9/100|[from] item: Rocky Helmet|[of] p2a: Landorus
|
|-weather|RainDance|[upkeep]
|-heal|p1a: Tentacruel|15/100|[from] item: Black Sludge
|upkeep
|turn|23
|
|t:|1743847266
|move|p1a: Tentacruel|Water Pulse|p2a: Landorus
|-resisted|p2a: Landorus
|-crit|p2a: Landorus
|-damage|p2a: Landorus|32/100
|-start|p2a: Landorus|confusion
|-activate|p2a: Landorus|confusion
|-damage|p2a: Landorus|17/100|[from] confusion
|
|-weather|RainDance|[upkeep]
|-heal|p1a: Tentacruel|21/100|[from] item: Black Sludge
|upkeep
|turn|24
|
|t:|1743847276
|move|p1a: Tentacruel|Water Pulse|p2a: Landorus
|-resisted|p2a: Landorus
|-damage|p2a: Landorus|1/100
|-activate|p2a: Landorus|confusion
|-damage|p2a: Landorus|0 fnt|[from] confusion
|faint|p2a: Landorus
|
|-weather|none
|-heal|p1a: Tentacruel|27/100|[from] item: Black Sludge
|upkeep
|
|t:|1743847280
|switch|p2a: Pelipper|Pelipper, M|31/100 psn
|-damage|p2a: Pelipper|6/100 psn|[from] Stealth Rock
|-weather|RainDance|[from] ability: Drizzle|[of] p2a: Pelipper
|turn|25
|
|t:|1743847290
|move|p1a: Tentacruel|Water Pulse|p2a: Pelipper
|-resisted|p2a: Pelipper
|-crit|p2a: Pelipper
|-damage|p2a: Pelipper|0 fnt
|faint|p2a: Pelipper
|
|-weather|RainDance|[upkeep]
|-heal|p1a: Tentacruel|33/100|[from] item: Black Sludge
|upkeep
|
|t:|1743847294
|switch|p2a: Overqwil|Overqwil, F|56/100
|-damage|p2a: Overqwil|43/100|[from] Stealth Rock
|-sideend|p2: N0AH__123__|move: Toxic Spikes|[of] p2a: Overqwil
|turn|26
|
|t:|1743847301
|move|p2a: Overqwil|Crunch|p1a: Tentacruel
|-damage|p1a: Tentacruel|0 fnt
|faint|p1a: Tentacruel
|-damage|p2a: Overqwil|33/100|[from] item: Life Orb
|
|-weather|RainDance|[upkeep]
|upkeep
|
|t:|1743847308
|switch|p1a: Clefable|Clefable, M|100/100
|turn|27
|
|t:|1743847313
|move|p2a: Overqwil|Poison Jab|p1a: Clefable
|-supereffective|p1a: Clefable
|-damage|p1a: Clefable|13/100
|-damage|p2a: Overqwil|23/100|[from] item: Life Orb
|move|p1a: Clefable|Moonblast|p2a: Overqwil
|-damage|p2a: Overqwil|0 fnt
|faint|p2a: Overqwil
|
|win|Gen1elite
|raw|Gen1elite's rating: 1194 &rarr; <strong>1224</strong><br />(+30 for winning)
|raw|N0AH__123__'s rating: 1267 &rarr; <strong>1237</strong><br />(-30 for losing)
|l|☆N0AH__123__
|player|p2|
|l|☆Gen1elite
|player|p1|
