|j|☆ikthoizzykil
|j|☆uniandes5
|t:|1743904850
|gametype|singles
|player|p1|ikthoizzykil|101|1359
|player|p2|uniandes5|1|1441
|teamsize|p1|6
|teamsize|p2|6
|gen|9
|tier|[Gen 9] OU
|rated|
|rule|HP Percentage Mod: HP is shown in percentages
|rule|Endless Battle Clause: Forcing endless battles is banned
|rule|Species Clause: Limit one of each Pokémon
|rule|OHKO Clause: OHKO moves are banned
|rule|Evasion Items Clause: Evasion items are banned
|rule|Evasion Moves Clause: Evasion moves are banned
|rule|Sleep Moves Clause: Sleep-inducing moves are banned
|clearpoke
|poke|p1|Walking Wake|
|poke|p1|Zamazenta-*|
|poke|p1|Cinderace, F|
|poke|p1|Gliscor, M|
|poke|p1|Gholdengo|
|poke|p1|Darkrai|
|poke|p2|Torkoal, F|
|poke|p2|Hatterene, F|
|poke|p2|Walking Wake|
|poke|p2|Great Tusk|
|poke|p2|Charizard, M|
|poke|p2|Latias, F|
|teampreview
|inactive|Battle timer is ON: inactive players will automatically lose when time's up. (requested by ikthoizzykil)
|
|t:|1743904863
|start
|switch|p1a: Walking Wake|Walking Wake|100/100
|switch|p2a: Torkoal|Torkoal, F|100/100
|-weather|SunnyDay|[from] ability: Drought|[of] p2a: Torkoal
|-activate|p1a: Walking Wake|ability: Protosynthesis
|-start|p1a: Walking Wake|protosynthesisspa
|turn|1
|
|t:|1743904871
|switch|p2a: Hatterene|Hatterene, F|100/100
|move|p1a: Walking Wake|Agility|p1a: Walking Wake
|-boost|p1a: Walking Wake|spe|2
|
|-weather|SunnyDay|[upkeep]
|upkeep
|turn|2
|
|t:|1743904893
|move|p1a: Walking Wake|Flamethrower|p2a: Hatterene
|-damage|p2a: Hatterene|36/100
|-enditem|p2a: Hatterene|Eject Button
|
|t:|1743904899
|switch|p2a: Walking Wake|Walking Wake|100/100
|-activate|p2a: Walking Wake|ability: Protosynthesis
|-start|p2a: Walking Wake|protosynthesisspe
|
|-weather|SunnyDay|[upkeep]
|upkeep
|turn|3
|
|t:|1743904905
|-terastallize|p2a: Walking Wake|Water
|move|p1a: Walking Wake|Dragon Pulse|p2a: Walking Wake
|-damage|p2a: Walking Wake|52/100
|move|p2a: Walking Wake|Draco Meteor|p1a: Walking Wake
|-supereffective|p1a: Walking Wake
|-damage|p1a: Walking Wake|0 fnt
|-unboost|p2a: Walking Wake|spa|2
|faint|p1a: Walking Wake
|-end|p1a: Walking Wake|Protosynthesis|[silent]
|
|-weather|SunnyDay|[upkeep]
|upkeep
|
|t:|1743904922
|switch|p1a: Gliscor|Gliscor, M|100/100
|turn|4
|inactive|ikthoizzykil has 120 seconds left.
|
|t:|1743904945
|-end|p2a: Walking Wake|Protosynthesis|[silent]
|switch|p2a: StallMelter9000|Charizard, M|100/100
|move|p1a: Gliscor|Swords Dance|p1a: Gliscor
|-boost|p1a: Gliscor|atk|2
|
|-weather|SunnyDay|[upkeep]
|-damage|p2a: StallMelter9000|88/100|[from] ability: Solar Power|[of] p2a: StallMelter9000
|-status|p1a: Gliscor|tox|[from] item: Toxic Orb
|upkeep
|turn|5
|inactive|ikthoizzykil has 120 seconds left.
|
|t:|1743904961
|move|p1a: Gliscor|Protect|p1a: Gliscor
|-singleturn|p1a: Gliscor|Protect
|move|p2a: StallMelter9000|Overheat|p1a: Gliscor
|-activate|p1a: Gliscor|move: Protect
|
|-weather|SunnyDay|[upkeep]
|-damage|p2a: StallMelter9000|76/100|[from] ability: Solar Power|[of] p2a: StallMelter9000
|upkeep
|turn|6
|inactive|ikthoizzykil has 120 seconds left.
|inactive|ikthoizzykil has 90 seconds left.
|
|t:|1743904997
|move|p2a: StallMelter9000|Overheat|p1a: Gliscor
|-damage|p1a: Gliscor|0 fnt
|-unboost|p2a: StallMelter9000|spa|2
|faint|p1a: Gliscor
|
|-weather|SunnyDay|[upkeep]
|-damage|p2a: StallMelter9000|63/100|[from] ability: Solar Power|[of] p2a: StallMelter9000
|upkeep
|inactive|ikthoizzykil has 90 seconds left.
|
|t:|1743905009
|switch|p1a: Zamazenta|Zamazenta|100/100
|-ability|p1a: Zamazenta|Dauntless Shield|boost
|-boost|p1a: Zamazenta|def|1
|turn|7
|inactive|ikthoizzykil has 90 seconds left.
|
|t:|1743905020
|switch|p2a: Walking Wake|Walking Wake, tera:Water|52/100
|-activate|p2a: Walking Wake|ability: Protosynthesis
|-start|p2a: Walking Wake|protosynthesisspe
|move|p1a: Zamazenta|Close Combat|p2a: Walking Wake
|-damage|p2a: Walking Wake|0 fnt
|-unboost|p1a: Zamazenta|def|1
|-unboost|p1a: Zamazenta|spd|1
|faint|p2a: Walking Wake
|-end|p2a: Walking Wake|Protosynthesis|[silent]
|-damage|p1a: Zamazenta|91/100|[from] item: Life Orb
|
|-weather|SunnyDay|[upkeep]
|upkeep
|
|t:|1743905033
|switch|p2a: Latias|Latias, F|100/100
|turn|8
|
|t:|1743905041
|switch|p1a: Darkrai|Darkrai|100/100
|move|p2a: Latias|Agility|p2a: Latias
|-boost|p2a: Latias|spe|2
|
|-weather|none
|upkeep
|turn|9
|inactive|ikthoizzykil has 90 seconds left.
|
|t:|1743905059
|move|p2a: Latias|Calm Mind|p2a: Latias
|-boost|p2a: Latias|spa|1
|-boost|p2a: Latias|spd|1
|move|p1a: Darkrai|Nasty Plot|p1a: Darkrai
|-boost|p1a: Darkrai|spa|2
|
|upkeep
|turn|10
|
|t:|1743905066
|-terastallize|p1a: Darkrai|Poison
|move|p2a: Latias|Aura Sphere|p1a: Darkrai
|-resisted|p1a: Darkrai
|-crit|p1a: Darkrai
|-damage|p1a: Darkrai|78/100
|move|p1a: Darkrai|Dark Pulse|p2a: Latias
|-supereffective|p2a: Latias
|-damage|p2a: Latias|33/100
|
|-heal|p1a: Darkrai|84/100|[from] item: Leftovers
|upkeep
|turn|11
|inactive|ikthoizzykil has 90 seconds left.
|
|t:|1743905109
|switch|p1a: Cinderace|Cinderace, F|100/100
|move|p2a: Latias|Stored Power|p1a: Cinderace
|-damage|p1a: Cinderace|28/100
|
|upkeep
|turn|12
|
|t:|1743905115
|move|p2a: Latias|Stored Power|p1a: Cinderace
|-damage|p1a: Cinderace|0 fnt
|faint|p1a: Cinderace
|
|upkeep
|
|t:|1743905120
|switch|p1a: Gholdengo|Gholdengo|100/100
|turn|13
|
|t:|1743905123
|move|p2a: Latias|Stored Power|p1a: Gholdengo
|-resisted|p1a: Gholdengo
|-crit|p1a: Gholdengo
|-damage|p1a: Gholdengo|60/100
|move|p1a: Gholdengo|Thunder Wave|p2a: Latias
|-status|p2a: Latias|par
|-enditem|p2a: Latias|Lum Berry|[eat]
|-curestatus|p2a: Latias|par|[msg]
|
|upkeep
|turn|14
|inactive|ikthoizzykil has 90 seconds left.
|
|t:|1743905132
|move|p2a: Latias|Stored Power|p1a: Gholdengo
|-resisted|p1a: Gholdengo
|-damage|p1a: Gholdengo|31/100
|move|p1a: Gholdengo|Thunder Wave|p2a: Latias
|-status|p2a: Latias|par
|
|upkeep
|turn|15
|
|t:|1743905138
|move|p2a: Latias|Stored Power|p1a: Gholdengo
|-resisted|p1a: Gholdengo
|-damage|p1a: Gholdengo|1/100
|move|p1a: Gholdengo|Recover|p1a: Gholdengo
|-heal|p1a: Gholdengo|51/100
|
|upkeep
|turn|16
|
|t:|1743905144
|move|p2a: Latias|Calm Mind|p2a: Latias
|-boost|p2a: Latias|spa|1
|-boost|p2a: Latias|spd|1
|move|p1a: Gholdengo|Recover|p1a: Gholdengo
|-heal|p1a: Gholdengo|100/100
|
|upkeep
|turn|17
|
|t:|1743905149
|move|p2a: Latias|Stored Power|p1a: Gholdengo
|-resisted|p1a: Gholdengo
|-damage|p1a: Gholdengo|46/100
|move|p1a: Gholdengo|Hex|p2a: Latias
|-supereffective|p2a: Latias
|-damage|p2a: Latias|0 fnt
|faint|p2a: Latias
|
|upkeep
|
|t:|1743905155
|switch|p2a: StallMelter9000|Charizard, M|63/100
|turn|18
|
|t:|1743905168
|switch|p1a: Zamazenta|Zamazenta|91/100
|move|p2a: StallMelter9000|Flamethrower|p1a: Zamazenta
|-damage|p1a: Zamazenta|36/100
|
|upkeep
|turn|19
|
|t:|1743905178
|switch|p2a: Hatterene|Hatterene, F|36/100
|move|p1a: Zamazenta|Stone Edge|p2a: Hatterene|[miss]
|-miss|p1a: Zamazenta|p2a: Hatterene
|
|upkeep
|turn|20
|inactive|ikthoizzykil has 120 seconds left.
|
|t:|1743905187
|move|p1a: Zamazenta|Heavy Slam|p2a: Hatterene
|-supereffective|p2a: Hatterene
|-crit|p2a: Hatterene
|-damage|p2a: Hatterene|0 fnt
|faint|p2a: Hatterene
|-damage|p1a: Zamazenta|26/100|[from] item: Life Orb
|
|upkeep
|
|t:|1743905190
|switch|p2a: Torkoal|Torkoal, F|100/100
|-weather|SunnyDay|[from] ability: Drought|[of] p2a: Torkoal
|turn|21
|
|t:|1743905204
|switch|p1a: Gholdengo|Gholdengo|46/100
|move|p2a: Torkoal|Stealth Rock|p1a: Gholdengo
|-sidestart|p1: ikthoizzykil|move: Stealth Rock
|
|-weather|SunnyDay|[upkeep]
|upkeep
|turn|22
|
|t:|1743905213
|move|p1a: Gholdengo|Thunder Wave|p2a: Torkoal
|-status|p2a: Torkoal|par
|move|p2a: Torkoal|Clear Smog|p1a: Gholdengo
|-immune|p1a: Gholdengo
|
|-weather|SunnyDay|[upkeep]
|upkeep
|turn|23
|
|t:|1743905224
|switch|p2a: Great Tusk|Great Tusk|100/100
|-activate|p2a: Great Tusk|ability: Protosynthesis
|-start|p2a: Great Tusk|protosynthesisatk
|move|p1a: Gholdengo|Hex|p2a: Great Tusk
|-damage|p2a: Great Tusk|57/100
|
|-weather|SunnyDay|[upkeep]
|upkeep
|turn|24
|
|t:|1743905240
|move|p2a: Great Tusk|Headlong Rush|p1a: Gholdengo
|-supereffective|p1a: Gholdengo
|-damage|p1a: Gholdengo|0 fnt
|-unboost|p2a: Great Tusk|def|1
|-unboost|p2a: Great Tusk|spd|1
|-enditem|p2a: Great Tusk|Eject Pack
|faint|p1a: Gholdengo
|
|t:|1743905245
|-end|p2a: Great Tusk|Protosynthesis|[silent]
|switch|p2a: Torkoal|Torkoal, F|100/100 par
|
|-weather|SunnyDay|[upkeep]
|upkeep
|
|t:|1743905252
|switch|p1a: Darkrai|Darkrai, tera:Poison|84/100
|-damage|p1a: Darkrai|72/100|[from] Stealth Rock
|turn|25
|
|t:|1743905257
|move|p1a: Darkrai|Nasty Plot|p1a: Darkrai
|-boost|p1a: Darkrai|spa|2
|cant|p2a: Torkoal|par
|
|-weather|SunnyDay|[upkeep]
|-heal|p1a: Darkrai|78/100|[from] item: Leftovers
|upkeep
|turn|26
|
|t:|1743905267
|move|p1a: Darkrai|Sludge Bomb|p2a: Torkoal
|-damage|p2a: Torkoal|0 fnt
|faint|p2a: Torkoal
|
|-weather|SunnyDay|[upkeep]
|-heal|p1a: Darkrai|84/100|[from] item: Leftovers
|upkeep
|-message|uniandes5 forfeited.
|
|win|ikthoizzykil
|raw|ikthoizzykil's rating: 1359 &rarr; <strong>1384</strong><br />(+25 for winning)
|raw|uniandes5's rating: 1441 &rarr; <strong>1416</strong><br />(-25 for losing)
|l|☆uniandes5
|player|p2|
