|j|☆juicelightning
|j|☆toastyCaesar
|t:|1743799461
|gametype|singles
|player|p1|juicelightning|benga|1492
|player|p2|toastyCaesar|2|1471
|teamsize|p1|6
|teamsize|p2|6
|gen|9
|tier|[Gen 9] OU
|rated|
|rule|HP Percentage Mod: HP is shown in percentages
|rule|Endless Battle Clause: Forcing endless battles is banned
|rule|Species Clause: Limit one of each Pokémon
|rule|OHKO Clause: OHKO moves are banned
|rule|Evasion Items Clause: Evasion items are banned
|rule|Evasion Moves Clause: Evasion moves are banned
|rule|Sleep Moves Clause: Sleep-inducing moves are banned
|clearpoke
|poke|p1|Cinderace, M|
|poke|p1|Ogerpon, F|
|poke|p1|Kingambit, F|
|poke|p1|Empoleon, M|
|poke|p1|Rabsca, M|
|poke|p1|Ribombee, F|
|poke|p2|Tinkaton, F|
|poke|p2|Weavile, M|
|poke|p2|Great Tusk|
|poke|p2|Gholdengo|
|poke|p2|Slowking-Galar, F|
|poke|p2|Greninja-*, M|
|teampreview
|inactive|Battle timer is ON: inactive players will automatically lose when time's up. (requested by juicelightning)
|inactive|toastyCaesar also wants the timer to be on.
|
|t:|1743799479
|start
|switch|p1a: Ribombee|Ribombee, F|100/100
|switch|p2a: Tinkaton|Tinkaton, F|100/100
|-ability|p2a: Tinkaton|Mold Breaker
|-item|p2a: Tinkaton|Air Balloon
|turn|1
|
|t:|1743799489
|move|p1a: Ribombee|Sticky Web|p2a: Tinkaton
|-sidestart|p2: toastyCaesar|move: Sticky Web
|move|p2a: Tinkaton|Thunder Wave|p1a: Ribombee|[miss]
|-miss|p2a: Tinkaton|p1a: Ribombee
|
|upkeep
|turn|2
|
|t:|1743799495
|move|p1a: Ribombee|U-turn|p2a: Tinkaton
|-resisted|p2a: Tinkaton
|-damage|p2a: Tinkaton|97/100
|-enditem|p2a: Tinkaton|Air Balloon
|
|t:|1743799498
|switch|p1a: Cinderace|Cinderace, M|100/100|[from] U-turn
|move|p2a: Tinkaton|Stealth Rock|p1a: Cinderace
|-sidestart|p1: juicelightning|move: Stealth Rock
|
|upkeep
|turn|3
|
|t:|1743799507
|switch|p2a: Great Tusk|Great Tusk|100/100
|-activate|p2a: Great Tusk|move: Sticky Web
|-unboost|p2a: Great Tusk|spe|1
|move|p1a: Cinderace|Court Change|p1a: Cinderace
|-start|p1a: Cinderace|typechange|Normal|[from] ability: Libero
|-swapsideconditions
|-activate|p1a: Cinderace|move: Court Change
|
|upkeep
|turn|4
|
|t:|1743799515
|move|p1a: Cinderace|Zen Headbutt|p2a: Great Tusk
|-supereffective|p2a: Great Tusk
|-damage|p2a: Great Tusk|66/100
|-damage|p1a: Cinderace|84/100|[from] item: Rocky Helmet|[of] p2a: Great Tusk
|cant|p2a: Great Tusk|flinch
|
|upkeep
|turn|5
|
|t:|1743799522
|move|p1a: Cinderace|Zen Headbutt|p2a: Great Tusk
|-supereffective|p2a: Great Tusk
|-damage|p2a: Great Tusk|27/100
|-damage|p1a: Cinderace|67/100|[from] item: Rocky Helmet|[of] p2a: Great Tusk
|move|p2a: Great Tusk|Rapid Spin|p1a: Cinderace
|-damage|p1a: Cinderace|44/100
|-boost|p2a: Great Tusk|spe|1
|-sideend|p2: toastyCaesar|Stealth Rock|[from] move: Rapid Spin|[of] p2a: Great Tusk
|
|upkeep
|turn|6
|
|t:|1743799533
|move|p1a: Cinderace|Pyro Ball|p2a: Great Tusk
|-damage|p2a: Great Tusk|0 fnt
|faint|p2a: Great Tusk
|-end|p2a: Great Tusk|Protosynthesis|[silent]
|
|upkeep
|
|t:|1743799540
|switch|p2a: Greninja|Greninja, M|100/100
|turn|7
|
|t:|1743799543
|move|p2a: Greninja|Hydro Pump|p1a: Cinderace
|-damage|p1a: Cinderace|0 fnt
|faint|p1a: Cinderace
|-ability|p2a: Greninja|Battle Bond|boost
|-boost|p2a: Greninja|atk|1
|-boost|p2a: Greninja|spa|1
|-boost|p2a: Greninja|spe|1
|-activate|p2a: Greninja|ability: Battle Bond
|
|upkeep
|
|t:|1743799546
|switch|p1a: Ogerpon|Ogerpon, F|100/100
|-activate|p1a: Ogerpon|move: Sticky Web
|-unboost|p1a: Ogerpon|spe|1
|-ability|p1a: Ogerpon|Defiant|boost
|-boost|p1a: Ogerpon|atk|2
|turn|8
|
|t:|1743799550
|move|p2a: Greninja|Ice Beam|p1a: Ogerpon
|-supereffective|p1a: Ogerpon
|-damage|p1a: Ogerpon|0 fnt
|faint|p1a: Ogerpon
|
|upkeep
|
|t:|1743799554
|switch|p1a: Ribombee|Ribombee, F|100/100
|-activate|p1a: Ribombee|move: Sticky Web
|-unboost|p1a: Ribombee|spe|1
|turn|9
|
|t:|1743799559
|move|p2a: Greninja|Water Shuriken|p1a: Ribombee
|-damage|p1a: Ribombee|83/100
|-damage|p1a: Ribombee|66/100
|-hitcount|p1a: Ribombee|2
|move|p1a: Ribombee|Moonblast|p2a: Greninja
|-supereffective|p2a: Greninja
|-damage|p2a: Greninja|0 fnt
|faint|p2a: Greninja
|
|upkeep
|
|t:|1743799568
|switch|p2a: Tinkaton|Tinkaton, F|97/100
|-ability|p2a: Tinkaton|Mold Breaker
|turn|10
|
|t:|1743799576
|move|p2a: Tinkaton|Gigaton Hammer|p1a: Ribombee
|-supereffective|p1a: Ribombee
|-damage|p1a: Ribombee|0 fnt
|faint|p1a: Ribombee
|
|upkeep
|
|t:|1743799580
|switch|p1a: Rabsca|Rabsca, M|100/100
|-activate|p1a: Rabsca|move: Sticky Web
|-unboost|p1a: Rabsca|spe|1
|turn|11
|
|t:|1743799584
|move|p2a: Tinkaton|Thunder Wave|p1a: Rabsca
|-status|p1a: Rabsca|par
|-activate|p1a: Rabsca|ability: Synchronize
|-status|p2a: Tinkaton|par
|move|p1a: Rabsca|Trick Room|p1a: Rabsca
|-fieldstart|move: Trick Room|[of] p1a: Rabsca
|
|upkeep
|turn|12
|
|t:|1743799592
|move|p1a: Rabsca|Revival Blessing|p1a: Rabsca
|-enditem|p1a: Rabsca|Leppa Berry|[eat]
|-activate|p1a: Rabsca|item: Leppa Berry|Revival Blessing|[consumed]
|
|t:|1743799595
|-heal|p1: Ogerpon|50/100|[from] move: Revival Blessing
|move|p2a: Tinkaton|Encore|p1a: Rabsca
|-start|p1a: Rabsca|Encore
|
|upkeep
|turn|13
|
|t:|1743799603
|switch|p2a: Slowking|Slowking-Galar, F|100/100
|move|p1a: Rabsca|Revival Blessing|p1a: Rabsca
|
|t:|1743799605
|-heal|p1: Cinderace|50/100|[from] move: Revival Blessing
|
|-end|p1a: Rabsca|Encore
|upkeep
|turn|14
|
|t:|1743799616
|move|p1a: Rabsca|Memento|p2a: Slowking
|-unboost|p2a: Slowking|atk|2
|-unboost|p2a: Slowking|spa|2
|faint|p1a: Rabsca
|-prepare|p2a: Slowking|Chilly Reception|[premajor]
|move|p2a: Slowking|Chilly Reception|p2a: Slowking
|-weather|Snowscape
|
|t:|1743799624
|switch|p2a: Tinkaton|Tinkaton, F|97/100 par|[from] Chilly Reception
|-ability|p2a: Tinkaton|Mold Breaker
|
|-weather|Snowscape|[upkeep]
|upkeep
|
|t:|1743799628
|switch|p1a: Empoleon|Empoleon, M|100/100
|-activate|p1a: Empoleon|move: Sticky Web
|-unboost|p1a: Empoleon|spe|1
|-ability|p1a: Empoleon|Competitive|boost
|-boost|p1a: Empoleon|spa|2
|turn|15
|
|t:|1743799634
|move|p1a: Empoleon|Surf|p2a: Tinkaton
|-damage|p2a: Tinkaton|0 fnt
|faint|p2a: Tinkaton
|
|-weather|Snowscape|[upkeep]
|-fieldend|move: Trick Room
|upkeep
|
|t:|1743799647
|switch|p2a: Slowking|Slowking-Galar, F|100/100
|turn|16
|
|t:|1743799650
|move|p1a: Empoleon|Surf|p2a: Slowking
|-damage|p2a: Slowking|17/100
|move|p2a: Slowking|Thunder Wave|p1a: Empoleon
|-status|p1a: Empoleon|par
|
|-weather|Snowscape|[upkeep]
|upkeep
|turn|17
|
|t:|1743799675
|move|p2a: Slowking|Future Sight|p1a: Empoleon
|-start|p2a: Slowking|move: Future Sight
|move|p1a: Empoleon|Surf|p2a: Slowking
|-damage|p2a: Slowking|0 fnt
|faint|p2a: Slowking
|
|-weather|Snowscape|[upkeep]
|upkeep
|
|t:|1743799680
|switch|p2a: Weavile|Weavile, M|100/100
|-ability|p2a: Weavile|Pressure
|turn|18
|inactive|juicelightning has 120 seconds left.
|
|t:|1743799710
|-terastallize|p2a: Weavile|Ghost
|move|p2a: Weavile|Swords Dance|p2a: Weavile
|-boost|p2a: Weavile|atk|2
|move|p1a: Empoleon|Surf|p2a: Weavile
|-damage|p2a: Weavile|0 fnt
|faint|p2a: Weavile
|
|-weather|none
|upkeep
|-message|toastyCaesar forfeited.
|
|win|juicelightning
|raw|juicelightning's rating: 1492 &rarr; <strong>1511</strong><br />(+19 for winning)
|raw|toastyCaesar's rating: 1471 &rarr; <strong>1452</strong><br />(-19 for losing)
|l|☆toastyCaesar
|player|p2|
|l|☆juicelightning
|player|p1|
