|j|☆ikthoizzykil
|j|☆funfunmochibun
|t:|1743903808
|gametype|singles
|player|p1|ikthoizzykil|101|1341
|player|p2|funfunmochibun|skierf-gen4dp|1304
|teamsize|p1|6
|teamsize|p2|6
|gen|9
|tier|[Gen 9] OU
|rated|
|rule|HP Percentage Mod: HP is shown in percentages
|rule|Endless Battle Clause: Forcing endless battles is banned
|rule|Species Clause: Limit one of each Pokémon
|rule|OHKO Clause: OHKO moves are banned
|rule|Evasion Items Clause: Evasion items are banned
|rule|Evasion Moves Clause: Evasion moves are banned
|rule|Sleep Moves Clause: Sleep-inducing moves are banned
|clearpoke
|poke|p1|Ceruledge, F|
|poke|p1|Umbreon, M|
|poke|p1|Alomomola, M|
|poke|p1|Ogerpon-Wellspring, F|
|poke|p1|Iron Treads|
|poke|p1|Thundurus-Therian, M|
|poke|p2|Vileplume, M|
|poke|p2|Skarmory, F|
|poke|p2|Weavile, F|
|poke|p2|Armarouge, M|
|poke|p2|Samurott-Hisui, F|
|poke|p2|Great Tusk|
|teampreview
|inactive|Battle timer is ON: inactive players will automatically lose when time's up. (requested by ikthoizzykil)
|
|t:|1743903823
|start
|switch|p1a: Thundurus|Thundurus-Therian, M|100/100
|switch|p2a: Samurott|Samurott-Hisui, F|100/100
|turn|1
|
|t:|1743903834
|switch|p2a: Vileplume|Vileplume, M, shiny|100/100
|move|p1a: Thundurus|Volt Switch|p2a: Vileplume
|-resisted|p2a: Vileplume
|-damage|p2a: Vileplume|67/100
|
|t:|1743903843
|switch|p1a: Iron Treads|Iron Treads|100/100|[from] Volt Switch
|
|upkeep
|turn|2
|
|t:|1743903851
|move|p1a: Iron Treads|Stealth Rock|p2a: Vileplume
|-sidestart|p2: funfunmochibun|move: Stealth Rock
|move|p2a: Vileplume|Leech Seed|p1a: Iron Treads
|-start|p1a: Iron Treads|move: Leech Seed
|
|-damage|p1a: Iron Treads|88/100|[from] Leech Seed|[of] p2a: Vileplume
|-heal|p2a: Vileplume|80/100|[silent]
|upkeep
|turn|3
|
|t:|1743903864
|-end|p1a: Iron Treads|Quark Drive|[silent]
|switch|p1a: Thundurus|Thundurus-Therian, M|100/100
|move|p2a: Vileplume|Strength Sap|p1a: Thundurus
|-unboost|p1a: Thundurus|atk|1
|-heal|p2a: Vileplume|100/100
|
|upkeep
|turn|4
|
|t:|1743903873
|switch|p2a: Skarmory|Skarmory, F|100/100
|-damage|p2a: Skarmory|88/100|[from] Stealth Rock
|-terastallize|p1a: Thundurus|Flying
|move|p1a: Thundurus|Tera Blast|p2a: Skarmory|[anim] Tera Blast Flying
|-resisted|p2a: Skarmory
|-damage|p2a: Skarmory|39/100
|
|-heal|p2a: Skarmory|45/100|[from] item: Leftovers
|upkeep
|turn|5
|
|t:|1743903884
|move|p1a: Thundurus|Tera Blast|p2a: Skarmory|[anim] Tera Blast Flying
|-resisted|p2a: Skarmory
|-damage|p2a: Skarmory|0 fnt
|faint|p2a: Skarmory
|
|upkeep
|
|t:|1743903895
|switch|p2a: Weavile|Weavile, F|100/100
|turn|6
|
|t:|1743903899
|switch|p1a: Alomomola|Alomomola, M|100/100
|move|p2a: Weavile|Triple Axel|p1a: Alomomola
|-resisted|p1a: Alomomola
|-damage|p1a: Alomomola|98/100
|-hitcount|p1a: Alomomola|1
|
|upkeep
|turn|7
|
|t:|1743903909
|switch|p2a: Vileplume|Vileplume, M, shiny|100/100
|-damage|p2a: Vileplume|88/100|[from] Stealth Rock
|move|p1a: Alomomola|Play Rough|p2a: Vileplume
|-resisted|p2a: Vileplume
|-damage|p2a: Vileplume|82/100
|-damage|p1a: Alomomola|82/100|[from] item: Rocky Helmet|[of] p2a: Vileplume
|
|upkeep
|turn|8
|
|t:|1743903921
|switch|p1a: Thundurus|Thundurus-Therian, M, tera:Flying|100/100
|move|p2a: Vileplume|Leech Seed|p1a: Thundurus
|-start|p1a: Thundurus|move: Leech Seed
|
|-damage|p1a: Thundurus|88/100|[from] Leech Seed|[of] p2a: Vileplume
|-heal|p2a: Vileplume|93/100|[silent]
|upkeep
|turn|9
|inactive|funfunmochibun has 120 seconds left.
|
|t:|1743903952
|-terastallize|p2a: Vileplume|Water
|move|p1a: Thundurus|Tera Blast|p2a: Vileplume|[anim] Tera Blast Flying
|-damage|p2a: Vileplume|0 fnt
|faint|p2a: Vileplume
|
|upkeep
|
|t:|1743903956
|switch|p2a: Weavile|Weavile, F|100/100
|turn|10
|
|t:|1743903962
|switch|p1a: Alomomola|Alomomola, M|100/100
|move|p2a: Weavile|Swords Dance|p2a: Weavile
|-boost|p2a: Weavile|atk|2
|
|upkeep
|turn|11
|
|t:|1743903967
|move|p2a: Weavile|Knock Off|p1a: Alomomola
|-damage|p1a: Alomomola|45/100
|-enditem|p1a: Alomomola|Heavy-Duty Boots|[from] move: Knock Off|[of] p2a: Weavile
|move|p1a: Alomomola|Play Rough|p2a: Weavile
|-supereffective|p2a: Weavile
|-crit|p2a: Weavile
|-damage|p2a: Weavile|16/100
|
|upkeep
|turn|12
|
|t:|1743903981
|move|p2a: Weavile|Triple Axel|p1a: Alomomola
|-resisted|p1a: Alomomola
|-damage|p1a: Alomomola|40/100
|-resisted|p1a: Alomomola
|-damage|p1a: Alomomola|31/100
|-resisted|p1a: Alomomola
|-damage|p1a: Alomomola|16/100
|-hitcount|p1a: Alomomola|3
|move|p1a: Alomomola|Wish|p1a: Alomomola
|
|upkeep
|turn|13
|
|t:|1743903988
|move|p1a: Alomomola|Protect|p1a: Alomomola
|-singleturn|p1a: Alomomola|Protect
|move|p2a: Weavile|Swords Dance|p2a: Weavile
|-boost|p2a: Weavile|atk|2
|
|-heal|p1a: Alomomola|66/100|[from] move: Wish|[wisher] Alomomola
|upkeep
|turn|14
|
|t:|1743903997
|move|p2a: Weavile|Knock Off|p1a: Alomomola
|-damage|p1a: Alomomola|16/100
|move|p1a: Alomomola|Flip Turn|p2a: Weavile
|-damage|p2a: Weavile|0 fnt
|faint|p2a: Weavile
|
|t:|1743904008
|switch|p1a: Thundurus|Thundurus-Therian, M, tera:Flying|88/100|[from] Flip Turn
|
|upkeep
|
|t:|1743904012
|switch|p2a: Armarouge|Armarouge, M|100/100
|-damage|p2a: Armarouge|76/100|[from] Stealth Rock
|turn|15
|
|t:|1743904016
|move|p2a: Armarouge|Armor Cannon|p1a: Thundurus
|-damage|p1a: Thundurus|8/100
|-unboost|p2a: Armarouge|def|1
|-unboost|p2a: Armarouge|spd|1
|move|p1a: Thundurus|Tera Blast|p2a: Armarouge|[anim] Tera Blast Flying
|-damage|p2a: Armarouge|0 fnt
|faint|p2a: Armarouge
|
|upkeep
|
|t:|1743904020
|switch|p2a: Samurott|Samurott-Hisui, F|100/100
|-damage|p2a: Samurott|88/100|[from] Stealth Rock
|turn|16
|
|t:|1743904026
|move|p1a: Thundurus|Tera Blast|p2a: Samurott|[anim] Tera Blast Flying
|-damage|p2a: Samurott|5/100
|move|p2a: Samurott|Knock Off|p1a: Thundurus
|-damage|p1a: Thundurus|0 fnt
|-enditem|p1a: Thundurus|Choice Specs|[from] move: Knock Off|[of] p2a: Samurott
|faint|p1a: Thundurus
|
|upkeep
|-message|funfunmochibun forfeited.
|
|win|ikthoizzykil
|raw|ikthoizzykil's rating: 1341 &rarr; <strong>1359</strong><br />(+18 for winning)
|raw|funfunmochibun's rating: 1304 &rarr; <strong>1286</strong><br />(-18 for losing)
|l|☆funfunmochibun
|player|p2|
|l|☆ikthoizzykil
|player|p1|
