|j|☆Musssab
|j|☆tyvubin
|t:|1743898695
|gametype|singles
|player|p1|Musssab|roughneck-gen4|1136
|player|p2|tyvubin|169|1150
|teamsize|p1|6
|teamsize|p2|6
|gen|9
|tier|[Gen 9] OU
|rated|
|rule|HP Percentage Mod: HP is shown in percentages
|rule|Endless Battle Clause: Forcing endless battles is banned
|rule|Species Clause: Limit one of each Pokémon
|rule|OHKO Clause: OHKO moves are banned
|rule|Evasion Items Clause: Evasion items are banned
|rule|Evasion Moves Clause: Evasion moves are banned
|rule|Sleep Moves Clause: Sleep-inducing moves are banned
|clearpoke
|poke|p1|Lycanroc-Dusk, M|
|poke|p1|Gyarados, M|
|poke|p1|Hatterene, F|
|poke|p1|Decidueye-Hisui, M|
|poke|p1|Infernape, F|
|poke|p1|Hydreigon, M|
|poke|p2|Porygon2|
|poke|p2|Skuntank, F|
|poke|p2|Galvantula, F|
|poke|p2|Lilligant-Hisui, F|
|poke|p2|Copperajah, M|
|poke|p2|Cramorant, M|
|teampreview
|inactive|Battle timer is ON: inactive players will automatically lose when time's up. (requested by Musssab)
|
|t:|1743898716
|start
|switch|p1a: Canic|Lycanroc-Dusk, M, shiny|100/100
|switch|p2a: Galvantula|Galvantula, F|100/100
|turn|1
|
|t:|1743898734
|move|p1a: Canic|Accelerock|p2a: Galvantula
|-supereffective|p2a: Galvantula
|-damage|p2a: Galvantula|15/100
|move|p2a: Galvantula|Sticky Web|p1a: Canic
|-sidestart|p1: Musssab|move: Sticky Web
|
|upkeep
|turn|2
|
|t:|1743898740
|switch|p2a: Copperajah|Copperajah, M|100/100
|move|p1a: Canic|Accelerock|p2a: Copperajah
|-resisted|p2a: Copperajah
|-crit|p2a: Copperajah
|-damage|p2a: Copperajah|83/100
|-damage|p1a: Canic|84/100|[from] item: Rocky Helmet|[of] p2a: Copperajah
|
|upkeep
|turn|3
|
|t:|1743898750
|move|p1a: Canic|Close Combat|p2a: Copperajah
|-supereffective|p2a: Copperajah
|-damage|p2a: Copperajah|0 fnt
|-unboost|p1a: Canic|def|1
|-unboost|p1a: Canic|spd|1
|-damage|p1a: Canic|68/100|[from] item: Rocky Helmet|[of] p2a: Copperajah
|faint|p2a: Copperajah
|
|upkeep
|
|t:|1743898760
|switch|p2a: Lilligant|Lilligant-Hisui, F|100/100
|turn|4
|
|t:|1743898765
|move|p1a: Canic|Outrage|p2a: Lilligant
|-damage|p2a: Lilligant|25/100
|move|p2a: Lilligant|Petal Blizzard|p1a: Canic
|-supereffective|p1a: Canic
|-damage|p1a: Canic|0 fnt
|faint|p1a: Canic
|-damage|p2a: Lilligant|15/100|[from] item: Life Orb
|
|upkeep
|
|t:|1743898780
|switch|p1a: Temper|Gyarados, M|100/100
|turn|5
|
|t:|1743898797
|move|p2a: Lilligant|Petal Blizzard|p1a: Temper
|-damage|p1a: Temper|32/100
|-damage|p2a: Lilligant|5/100|[from] item: Life Orb
|move|p1a: Temper|Earthquake|p2a: Lilligant
|-resisted|p2a: Lilligant
|-damage|p2a: Lilligant|0 fnt
|faint|p2a: Lilligant
|-ability|p1a: Temper|Moxie|boost
|-boost|p1a: Temper|atk|1
|
|upkeep
|
|t:|1743898806
|switch|p2a: Galvantula|Galvantula, F|15/100
|turn|6
|
|t:|1743898817
|switch|p1a: Hooters|Decidueye-Hisui, M|100/100
|move|p2a: Galvantula|Energy Ball|p1a: Hooters
|-resisted|p1a: Hooters
|-damage|p1a: Hooters|91/100
|
|upkeep
|turn|7
|
|t:|1743898827
|move|p2a: Galvantula|Bug Buzz|p1a: Hooters
|-damage|p1a: Hooters|67/100
|-unboost|p1a: Hooters|spd|1
|move|p1a: Hooters|Leaf Blade|p2a: Galvantula
|-resisted|p2a: Galvantula
|-damage|p2a: Galvantula|0 fnt
|faint|p2a: Galvantula
|
|upkeep
|
|t:|1743898835
|switch|p2a: Cramorant|Cramorant, M|100/100
|turn|8
|
|t:|1743898848
|move|p2a: Cramorant|Air Slash|p1a: Hooters
|-supereffective|p1a: Hooters
|-damage|p1a: Hooters|0 fnt
|faint|p1a: Hooters
|
|upkeep
|
|t:|1743898872
|switch|p1a: Azula|Infernape, F|100/100
|-activate|p1a: Azula|move: Sticky Web
|-unboost|p1a: Azula|spe|1
|turn|9
|
|t:|1743898877
|move|p2a: Cramorant|Surf|p1a: Azula
|-formechange|p2a: Cramorant|Cramorant-Gulping|
|-supereffective|p1a: Azula
|-damage|p1a: Azula|0 fnt
|faint|p1a: Azula
|
|upkeep
|
|t:|1743898882
|switch|p1a: Mannequin|Hydreigon, M|100/100
|turn|10
|inactive|Musssab has 120 seconds left.
|
|t:|1743898915
|move|p1a: Mannequin|Draco Meteor|p2a: Cramorant
|-damage|p2a: Cramorant|17/100
|-unboost|p1a: Mannequin|spa|2
|-damage|p1a: Mannequin|76/100|[from] ability: Gulp Missile|[of] p2a: Cramorant
|-unboost|p1a: Mannequin|def|1
|-formechange|p2a: Cramorant|Cramorant|
|move|p2a: Cramorant|Air Slash|p1a: Mannequin
|-damage|p1a: Mannequin|42/100
|
|upkeep
|turn|11
|inactive|Musssab has 120 seconds left.
|
|t:|1743898929
|switch|p1a: Blair|Hatterene, F|100/100
|-activate|p1a: Blair|move: Sticky Web
|-unboost|p1a: Blair|spe|1
|move|p2a: Cramorant|Air Slash|p1a: Blair
|-damage|p1a: Blair|68/100
|
|-heal|p1a: Blair|74/100|[from] item: Leftovers
|upkeep
|turn|12
|inactive|Musssab has 120 seconds left.
|
|t:|1743898939
|move|p2a: Cramorant|Surf|p1a: Blair
|-formechange|p2a: Cramorant|Cramorant-Gorging|
|-damage|p1a: Blair|31/100
|move|p1a: Blair|Draining Kiss|p2a: Cramorant
|-damage|p2a: Cramorant|0 fnt
|-heal|p1a: Blair|43/100|[from] drain|[of] p2a: Cramorant
|-damage|p1a: Blair|18/100|[from] ability: Gulp Missile|[of] p2a: Cramorant
|-status|p1a: Blair|par
|-formechange|p2a: Cramorant|Cramorant|
|faint|p2a: Cramorant
|
|-heal|p1a: Blair|24/100 par|[from] item: Leftovers
|upkeep
|
|t:|1743898952
|switch|p2a: Skuntank|Skuntank, F|100/100
|turn|13
|inactive|Musssab has 120 seconds left.
|
|t:|1743898983
|-terastallize|p2a: Skuntank|Poison
|move|p2a: Skuntank|Gunk Shot|p1a: Blair
|-supereffective|p1a: Blair
|-damage|p1a: Blair|0 fnt
|faint|p1a: Blair
|
|upkeep
|
|t:|1743898990
|switch|p1a: Mannequin|Hydreigon, M|42/100
|turn|14
|
|t:|1743898996
|move|p1a: Mannequin|U-turn|p2a: Skuntank
|-resisted|p2a: Skuntank
|-damage|p2a: Skuntank|90/100
|
|t:|1743899000
|switch|p1a: Temper|Gyarados, M|32/100|[from] U-turn
|move|p2a: Skuntank|Gunk Shot|p1a: Temper|[miss]
|-miss|p2a: Skuntank|p1a: Temper
|
|upkeep
|turn|15
|
|t:|1743899011
|move|p1a: Temper|Earthquake|p2a: Skuntank
|-supereffective|p2a: Skuntank
|-damage|p2a: Skuntank|0 fnt
|faint|p2a: Skuntank
|-ability|p1a: Temper|Moxie|boost
|-boost|p1a: Temper|atk|1
|
|upkeep
|
|t:|1743899017
|switch|p2a: Porygon2|Porygon2|100/100
|-ability|p2a: Porygon2|Download|boost
|-boost|p2a: Porygon2|atk|1
|turn|16
|inactive|Musssab has 120 seconds left.
|inactive|Musssab has 90 seconds left.
|
|t:|1743899053
|move|p1a: Temper|Waterfall|p2a: Porygon2
|-damage|p2a: Porygon2|63/100
|move|p2a: Porygon2|Discharge|p1a: Temper
|-supereffective|p1a: Temper
|-damage|p1a: Temper|0 fnt
|faint|p1a: Temper
|
|upkeep
|inactive|Musssab has 90 seconds left.
|
|t:|1743899060
|switch|p1a: Mannequin|Hydreigon, M|42/100
|turn|17
|
|t:|1743899066
|move|p1a: Mannequin|Draco Meteor|p2a: Porygon2
|-damage|p2a: Porygon2|27/100
|-unboost|p1a: Mannequin|spa|2
|move|p2a: Porygon2|Ice Beam|p1a: Mannequin
|-supereffective|p1a: Mannequin
|-damage|p1a: Mannequin|0 fnt
|faint|p1a: Mannequin
|
|win|tyvubin
|raw|Musssab's rating: 1136 &rarr; <strong>1112</strong><br />(-24 for losing)
|raw|tyvubin's rating: 1150 &rarr; <strong>1174</strong><br />(+24 for winning)
|l|☆tyvubin
|player|p2|
|l|☆Musssab
|player|p1|
