|j|☆Johnnytravs1
|j|☆Nagato312
|t:|1743863289
|gametype|singles
|player|p1|Johnnytravs1|101|1230
|player|p2|Nagato312|emmet|1221
|teamsize|p1|6
|teamsize|p2|6
|gen|9
|tier|[Gen 9] OU
|rated|
|rule|HP Percentage Mod: HP is shown in percentages
|rule|Endless Battle Clause: Forcing endless battles is banned
|rule|Species Clause: Limit one of each Pokémon
|rule|OHKO Clause: OHKO moves are banned
|rule|Evasion Items Clause: Evasion items are banned
|rule|Evasion Moves Clause: Evasion moves are banned
|rule|Sleep Moves Clause: Sleep-inducing moves are banned
|clearpoke
|poke|p1|Misdreavus, M|
|poke|p1|Maushold|
|poke|p1|Primarina, M|
|poke|p1|Metagross|
|poke|p1|Weavile, M|
|poke|p1|Cinderace, F|
|poke|p2|Mew|
|poke|p2|Araquanid, M|
|poke|p2|Corviknight, F|
|poke|p2|Excadrill, M|
|poke|p2|Kommo-o, M|
|poke|p2|Ting-Lu|
|teampreview
|inactive|Battle timer is ON: inactive players will automatically lose when time's up. (requested by Johnnytravs1)
|
|t:|1743863297
|start
|switch|p1a: Weavile|Weavile, M|100/100
|switch|p2a: Mew|Mew|100/100
|-ability|p1a: Weavile|Pressure
|turn|1
|
|t:|1743863305
|move|p1a: Weavile|Knock Off|p2a: Mew
|-supereffective|p2a: Mew
|-damage|p2a: Mew|0 fnt
|-enditem|p2a: Mew|Leftovers|[from] move: Knock Off|[of] p1a: Weavile
|faint|p2a: Mew
|-damage|p1a: Weavile|91/100|[from] item: Life Orb
|
|upkeep
|
|t:|1743863313
|switch|p2a: Ting-Lu|Ting-Lu|100/100
|-ability|p2a: Ting-Lu|Vessel of Ruin
|turn|2
|
|t:|1743863320
|move|p1a: Weavile|Triple Axel|p2a: Ting-Lu
|-supereffective|p2a: Ting-Lu
|-damage|p2a: Ting-Lu|88/100
|-supereffective|p2a: Ting-Lu
|-damage|p2a: Ting-Lu|65/100
|-supereffective|p2a: Ting-Lu
|-damage|p2a: Ting-Lu|29/100
|-hitcount|p2a: Ting-Lu|3
|-damage|p1a: Weavile|81/100|[from] item: Life Orb
|move|p2a: Ting-Lu|Whirlwind|p1a: Weavile
|drag|p1a: Metagross|Metagross|100/100
|
|-heal|p2a: Ting-Lu|35/100|[from] item: Leftovers
|upkeep
|turn|3
|
|t:|1743863332
|move|p1a: Metagross|Agility|p1a: Metagross
|-boost|p1a: Metagross|spe|2
|move|p2a: Ting-Lu|Ruination|p1a: Metagross
|-damage|p1a: Metagross|51/100
|
|-heal|p2a: Ting-Lu|41/100|[from] item: Leftovers
|upkeep
|turn|4
|
|t:|1743863341
|move|p1a: Metagross|Earthquake|p2a: Ting-Lu
|-damage|p2a: Ting-Lu|27/100
|move|p2a: Ting-Lu|Whirlwind|p1a: Metagross
|drag|p1a: Primarina|Primarina, M|100/100
|
|-heal|p2a: Ting-Lu|33/100|[from] item: Leftovers
|upkeep
|turn|5
|
|t:|1743863350
|move|p1a: Primarina|Calm Mind|p1a: Primarina
|-boost|p1a: Primarina|spa|1
|-boost|p1a: Primarina|spd|1
|move|p2a: Ting-Lu|Throat Chop|p1a: Primarina
|-resisted|p1a: Primarina
|-damage|p1a: Primarina|80/100
|-start|p1a: Primarina|Throat Chop|[silent]
|
|-heal|p1a: Primarina|86/100|[from] item: Leftovers
|-heal|p2a: Ting-Lu|39/100|[from] item: Leftovers
|upkeep
|turn|6
|
|t:|1743863354
|move|p1a: Primarina|Draining Kiss|p2a: Ting-Lu
|-supereffective|p2a: Ting-Lu
|-damage|p2a: Ting-Lu|0 fnt
|-heal|p1a: Primarina|100/100|[from] drain|[of] p2a: Ting-Lu
|faint|p2a: Ting-Lu
|
|-end|p1a: Primarina|Throat Chop|[silent]
|upkeep
|
|t:|1743863359
|switch|p2a: Excadrill|Excadrill, M|100/100
|-ability|p2a: Excadrill|Mold Breaker
|turn|7
|
|t:|1743863363
|move|p2a: Excadrill|Swords Dance|p2a: Excadrill
|-boost|p2a: Excadrill|atk|2
|move|p1a: Primarina|Hyper Voice|p2a: Excadrill
|-supereffective|p2a: Excadrill
|-damage|p2a: Excadrill|0 fnt
|faint|p2a: Excadrill
|
|upkeep
|
|t:|1743863370
|switch|p2a: Kommo-o|Kommo-o, M|100/100
|turn|8
|
|t:|1743863376
|switch|p2a: Araquanid|Araquanid, M|100/100
|move|p1a: Primarina|Draining Kiss|p2a: Araquanid
|-damage|p2a: Araquanid|78/100
|
|upkeep
|turn|9
|
|t:|1743863384
|move|p1a: Primarina|Calm Mind|p1a: Primarina
|-boost|p1a: Primarina|spa|1
|-boost|p1a: Primarina|spd|1
|move|p2a: Araquanid|Mirror Coat||[still]
|-fail|p2a: Araquanid
|
|upkeep
|turn|10
|
|t:|1743863386
|move|p1a: Primarina|Draining Kiss|p2a: Araquanid
|-damage|p2a: Araquanid|48/100
|move|p2a: Araquanid|Mirror Coat|p1a: Primarina
|-damage|p1a: Primarina|32/100
|
|-heal|p1a: Primarina|38/100|[from] item: Leftovers
|upkeep
|turn|11
|
|t:|1743863396
|move|p1a: Primarina|Calm Mind|p1a: Primarina
|-boost|p1a: Primarina|spa|1
|-boost|p1a: Primarina|spd|1
|move|p2a: Araquanid|Leech Life|p1a: Primarina
|-resisted|p1a: Primarina
|-damage|p1a: Primarina|23/100
|-heal|p2a: Araquanid|54/100|[from] drain|[of] p1a: Primarina
|
|-heal|p1a: Primarina|29/100|[from] item: Leftovers
|upkeep
|turn|12
|
|t:|1743863402
|move|p1a: Primarina|Draining Kiss|p2a: Araquanid
|-damage|p2a: Araquanid|17/100
|-heal|p1a: Primarina|61/100|[from] drain|[of] p2a: Araquanid
|move|p2a: Araquanid|Mirror Coat|p1a: Primarina
|-damage|p1a: Primarina|0 fnt
|faint|p1a: Primarina
|
|upkeep
|
|t:|1743863405
|switch|p1a: Weavile|Weavile, M|81/100
|-ability|p1a: Weavile|Pressure
|turn|13
|-enditem|p2a: Araquanid|Custap Berry|[eat]
|-activate|p2a: Araquanid|item: Custap Berry|[consumed]
|
|t:|1743863408
|move|p1a: Weavile|Fake Out|p2a: Araquanid
|-crit|p2a: Araquanid
|-damage|p2a: Araquanid|0 fnt
|faint|p2a: Araquanid
|-damage|p1a: Weavile|71/100|[from] item: Life Orb
|
|upkeep
|
|t:|1743863415
|switch|p2a: Kommo-o|Kommo-o, M|100/100
|turn|14
|
|t:|1743863418
|move|p1a: Weavile|Triple Axel|p2a: Kommo-o
|-supereffective|p2a: Kommo-o
|-crit|p2a: Kommo-o
|-damage|p2a: Kommo-o|65/100
|-supereffective|p2a: Kommo-o
|-damage|p2a: Kommo-o|14/100
|-supereffective|p2a: Kommo-o
|-damage|p2a: Kommo-o|0 fnt
|faint|p2a: Kommo-o
|-hitcount|p2: Kommo-o|3
|-damage|p1a: Weavile|61/100|[from] item: Life Orb
|
|upkeep
|
|t:|1743863421
|switch|p2a: Corviknight|Corviknight, F|100/100
|-ability|p2a: Corviknight|Pressure
|turn|15
|
|t:|1743863424
|move|p1a: Weavile|Knock Off|p2a: Corviknight
|-damage|p2a: Corviknight|61/100
|-enditem|p2a: Corviknight|Leftovers|[from] move: Knock Off|[of] p1a: Weavile
|-damage|p1a: Weavile|51/100|[from] item: Life Orb
|move|p2a: Corviknight|Body Press|p1a: Weavile
|-supereffective|p1a: Weavile
|-damage|p1a: Weavile|0 fnt
|faint|p1a: Weavile
|
|upkeep
|
|t:|1743863428
|switch|p1a: Misdreavus|Misdreavus, M|100/100
|turn|16
|
|t:|1743863431
|move|p1a: Misdreavus|Will-O-Wisp|p2a: Corviknight
|-status|p2a: Corviknight|brn
|move|p2a: Corviknight|U-turn|p1a: Misdreavus
|-resisted|p1a: Misdreavus
|-crit|p1a: Misdreavus
|-damage|p1a: Misdreavus|94/100
|
|-damage|p2a: Corviknight|55/100 brn|[from] brn
|upkeep
|turn|17
|-message|Nagato312 forfeited.
|
|win|Johnnytravs1
|raw|Johnnytravs1's rating: 1230 &rarr; <strong>1254</strong><br />(+24 for winning)
|raw|Nagato312's rating: 1221 &rarr; <strong>1197</strong><br />(-24 for losing)
|l|☆Nagato312
|player|p2|
|l|☆Johnnytravs1
|player|p1|
