|j|☆AbyssalWerksHATER
|j|☆NickFrazer
|t:|1743858832
|gametype|singles
|player|p1|AbyssalWerksHATER|giovanni|1185
|player|p2|NickFrazer|pilot|1188
|teamsize|p1|6
|teamsize|p2|6
|gen|9
|tier|[Gen 9] OU
|rated|
|rule|HP Percentage Mod: HP is shown in percentages
|rule|Endless Battle Clause: Forcing endless battles is banned
|rule|Species Clause: Limit one of each Pokémon
|rule|OHKO Clause: OHKO moves are banned
|rule|Evasion Items Clause: Evasion items are banned
|rule|Evasion Moves Clause: Evasion moves are banned
|rule|Sleep Moves Clause: Sleep-inducing moves are banned
|clearpoke
|poke|p1|Azelf|
|poke|p1|Iron Valiant|
|poke|p1|Glimmora, F|
|poke|p1|Great Tusk|
|poke|p1|Kingambit, M|
|poke|p1|Dragonite, F|
|poke|p2|Garchomp, M|
|poke|p2|Arcanine-Hisui, F|
|poke|p2|Weezing-Galar, M|
|poke|p2|Araquanid, F|
|poke|p2|Polteageist-Antique|
|poke|p2|Krookodile, F|
|teampreview
|inactive|Battle timer is ON: inactive players will automatically lose when time's up. (requested by AbyssalWerksHATER)
|
|t:|1743858840
|start
|switch|p1a: My Main Goal...|Azelf|100/100
|switch|p2a: Garchomp|Garchomp, M|100/100
|turn|1
|
|t:|1743858843
|move|p1a: My Main Goal...|Taunt|p2a: Garchomp
|-start|p2a: Garchomp|move: Taunt
|cant|p2a: Garchomp|move: Taunt|Stealth Rock
|
|upkeep
|turn|2
|
|t:|1743858848
|move|p1a: My Main Goal...|Stealth Rock|p2a: Garchomp
|-sidestart|p2: NickFrazer|move: Stealth Rock
|move|p2a: Garchomp|Dragon Tail|p1a: My Main Goal...
|-damage|p1a: My Main Goal...|49/100
|drag|p1a: Its balanced trust|Kingambit, M|100/100
|
|upkeep
|turn|3
|
|t:|1743858853
|-end|p1a: Its balanced trust|fallenundefined|[silent]
|switch|p1a: My Main Goal...|Azelf|49/100
|move|p2a: Garchomp|Earthquake|p1a: My Main Goal...
|-immune|p1a: My Main Goal...|[from] ability: Levitate
|
|-end|p2a: Garchomp|move: Taunt
|upkeep
|turn|4
|
|t:|1743858857
|move|p1a: My Main Goal...|Taunt|p2a: Garchomp
|-start|p2a: Garchomp|move: Taunt
|move|p2a: Garchomp|Dragon Tail|p1a: My Main Goal...
|-damage|p1a: My Main Goal...|0 fnt
|faint|p1a: My Main Goal...
|
|upkeep
|
|t:|1743858874
|switch|p1a: 87 different sets|Iron Valiant|100/100
|-enditem|p1a: 87 different sets|Booster Energy
|-activate|p1a: 87 different sets|ability: Quark Drive|[fromitem]
|-start|p1a: 87 different sets|quarkdrivespe
|turn|5
|
|t:|1743858881
|switch|p2a: Weezing|Weezing-Galar, M|100/100
|-ability|p2a: Weezing|Neutralizing Gas
|-damage|p2a: Weezing|88/100|[from] Stealth Rock
|move|p1a: 87 different sets|Moonblast|p2a: Weezing
|-resisted|p2a: Weezing
|-damage|p2a: Weezing|48/100
|
|-heal|p2a: Weezing|54/100|[from] item: Black Sludge
|upkeep
|turn|6
|
|t:|1743858893
|move|p1a: 87 different sets|Calm Mind|p1a: 87 different sets
|-boost|p1a: 87 different sets|spa|1
|-boost|p1a: 87 different sets|spd|1
|move|p2a: Weezing|Pain Split|p1a: 87 different sets
|-sethp|p1a: 87 different sets|75/100|[from] move: Pain Split|[silent]
|-sethp|p2a: Weezing|80/100|[from] move: Pain Split
|
|-heal|p2a: Weezing|86/100|[from] item: Black Sludge
|upkeep
|turn|7
|
|t:|1743858898
|move|p1a: 87 different sets|Thunderbolt|p2a: Weezing
|-damage|p2a: Weezing|16/100
|move|p2a: Weezing|Strange Steam|p1a: 87 different sets
|-supereffective|p1a: 87 different sets
|-crit|p1a: 87 different sets
|-damage|p1a: 87 different sets|0 fnt
|faint|p1a: 87 different sets
|-end|p1a: 87 different sets|Quark Drive|[silent]
|
|-heal|p2a: Weezing|22/100|[from] item: Black Sludge
|upkeep
|c|☆AbyssalWerksHATER|THE CRIT
|
|t:|1743858909
|switch|p1a: Rocks aren't real|Dragonite, F|100/100
|turn|8
|
|t:|1743858913
|move|p1a: Rocks aren't real|Extreme Speed|p2a: Weezing
|-damage|p2a: Weezing|0 fnt
|faint|p2a: Weezing
|-end|p2a: Weezing|ability: Neutralizing Gas
|
|upkeep
|
|t:|1743858918
|switch|p2a: Garchomp|Garchomp, M|100/100
|-damage|p2a: Garchomp|94/100|[from] Stealth Rock
|turn|9
|
|t:|1743858923
|move|p1a: Rocks aren't real|Dragon Claw|p2a: Garchomp
|-supereffective|p2a: Garchomp
|-damage|p2a: Garchomp|24/100
|-damage|p1a: Rocks aren't real|88/100|[from] ability: Rough Skin|[of] p2a: Garchomp
|-damage|p1a: Rocks aren't real|72/100|[from] item: Rocky Helmet|[of] p2a: Garchomp
|move|p2a: Garchomp|Dragon Tail|p1a: Rocks aren't real
|-supereffective|p1a: Rocks aren't real
|-damage|p1a: Rocks aren't real|0 fnt
|faint|p1a: Rocks aren't real
|
|upkeep
|
|t:|1743858932
|switch|p1a: 87 hazards|Glimmora, F|100/100
|turn|10
|
|t:|1743858936
|move|p1a: 87 hazards|Energy Ball|p2a: Garchomp
|-damage|p2a: Garchomp|0 fnt
|faint|p2a: Garchomp
|
|upkeep
|
|t:|1743858944
|switch|p2a: Araquanid|Araquanid, F|100/100
|-damage|p2a: Araquanid|76/100|[from] Stealth Rock
|turn|11
|
|t:|1743858948
|move|p1a: 87 hazards|Meteor Beam||[still]
|-prepare|p1a: 87 hazards|Meteor Beam
|-boost|p1a: 87 hazards|spa|1
|-enditem|p1a: 87 hazards|Power Herb
|-anim|p1a: 87 hazards|Meteor Beam|p2a: Araquanid
|-supereffective|p2a: Araquanid
|-damage|p2a: Araquanid|0 fnt
|faint|p2a: Araquanid
|
|upkeep
|
|t:|1743858960
|switch|p2a: Arcanine|Arcanine-Hisui, F|100/100
|-damage|p2a: Arcanine|75/100|[from] Stealth Rock
|turn|12
|
|t:|1743858963
|move|p2a: Arcanine|Head Smash|p1a: 87 hazards
|-damage|p1a: 87 hazards|0 fnt
|-activate|p1a: 87 hazards|ability: Toxic Debris
|-sidestart|p2: NickFrazer|move: Toxic Spikes
|faint|p1a: 87 hazards
|
|upkeep
|
|t:|1743858966
|switch|p1a: Great Tusk|Great Tusk|100/100
|-enditem|p1a: Great Tusk|Booster Energy
|-activate|p1a: Great Tusk|ability: Protosynthesis|[fromitem]
|-start|p1a: Great Tusk|protosynthesisdef
|turn|13
|
|t:|1743858973
|move|p2a: Arcanine|Head Smash|p1a: Great Tusk
|-resisted|p1a: Great Tusk
|-damage|p1a: Great Tusk|93/100
|move|p1a: Great Tusk|Knock Off|p2a: Arcanine
|-damage|p2a: Arcanine|43/100
|-enditem|p2a: Arcanine|Choice Scarf|[from] move: Knock Off|[of] p1a: Great Tusk
|
|upkeep
|turn|14
|
|t:|1743858980
|move|p2a: Arcanine|Flare Blitz|p1a: Great Tusk
|-crit|p1a: Great Tusk
|-damage|p1a: Great Tusk|59/100
|move|p1a: Great Tusk|Rapid Spin|p2a: Arcanine
|-resisted|p2a: Arcanine
|-damage|p2a: Arcanine|33/100
|-boost|p1a: Great Tusk|spe|1
|
|upkeep
|turn|15
|
|t:|1743858988
|move|p1a: Great Tusk|Body Press|p2a: Arcanine
|-supereffective|p2a: Arcanine
|-damage|p2a: Arcanine|0 fnt
|faint|p2a: Arcanine
|
|upkeep
|
|t:|1743858994
|switch|p2a: Polteageist|Polteageist-Antique|100/100
|-damage|p2a: Polteageist|88/100|[from] Stealth Rock
|-status|p2a: Polteageist|psn
|turn|16
|
|t:|1743858998
|move|p1a: Great Tusk|Knock Off|p2a: Polteageist
|-supereffective|p2a: Polteageist
|-damage|p2a: Polteageist|0 fnt
|-enditem|p2a: Polteageist|Focus Sash|[from] move: Knock Off|[of] p1a: Great Tusk
|faint|p2a: Polteageist
|
|upkeep
|
|t:|1743859000
|switch|p2a: Krookodile|Krookodile, F|100/100
|-damage|p2a: Krookodile|94/100|[from] Stealth Rock
|-status|p2a: Krookodile|psn
|turn|17
|
|t:|1743859006
|-terastallize|p2a: Krookodile|Dragon
|move|p1a: Great Tusk|Body Press|p2a: Krookodile
|-damage|p2a: Krookodile|40/100 psn
|move|p2a: Krookodile|Hone Claws|p2a: Krookodile
|-boost|p2a: Krookodile|atk|1
|-boost|p2a: Krookodile|accuracy|1
|
|-damage|p2a: Krookodile|28/100 psn|[from] psn
|upkeep
|turn|18
|
|t:|1743859011
|move|p1a: Great Tusk|Body Press|p2a: Krookodile
|-damage|p2a: Krookodile|0 fnt
|faint|p2a: Krookodile
|
|win|AbyssalWerksHATER
|raw|AbyssalWerksHATER's rating: 1185 &rarr; <strong>1210</strong><br />(+25 for winning)
|raw|NickFrazer's rating: 1188 &rarr; <strong>1163</strong><br />(-25 for losing)
|c|☆AbyssalWerksHATER|gg
|l|☆NickFrazer
|player|p2|
