|j|☆MarMarteau
|j|☆nesnot
|t:|1743849576
|gametype|singles
|player|p1|MarMarteau|collector|1410
|player|p2|nesnot|266|1389
|teamsize|p1|6
|teamsize|p2|6
|gen|9
|tier|[Gen 9] OU
|rated|
|rule|HP Percentage Mod: HP is shown in percentages
|rule|Endless Battle Clause: Forcing endless battles is banned
|rule|Species Clause: Limit one of each Pokémon
|rule|OHKO Clause: OHKO moves are banned
|rule|Evasion Items Clause: Evasion items are banned
|rule|Evasion Moves Clause: Evasion moves are banned
|rule|Sleep Moves Clause: Sleep-inducing moves are banned
|clearpoke
|poke|p1|Okidogi, M|
|poke|p1|Ting-Lu|
|poke|p1|Corviknight, M|
|poke|p1|Dragapult, F|
|poke|p1|Iron Valiant|
|poke|p1|Ogerpon-Wellspring, F|
|poke|p2|Salamence, F|
|poke|p2|Gyarados, M|
|poke|p2|Great Tusk|
|poke|p2|Iron Treads|
|poke|p2|Amoonguss, F|
|poke|p2|Darkrai|
|teampreview
|inactive|Battle timer is ON: inactive players will automatically lose when time's up. (requested by nesnot)
|
|t:|1743849601
|start
|switch|p1a: Dragapult|Dragapult, F|100/100
|switch|p2a: Darkrai|Darkrai|100/100
|turn|1
|
|t:|1743849614
|switch|p2a: Amoonguss|Amoonguss, F|100/100
|move|p1a: Dragapult|U-turn|p2a: Amoonguss
|-damage|p2a: Amoonguss|88/100
|-damage|p1a: Dragapult|84/100|[from] item: Rocky Helmet|[of] p2a: Amoonguss
|
|t:|1743849630
|switch|p1a: Okidogi|Okidogi, M|100/100|[from] U-turn
|
|upkeep
|turn|2
|
|t:|1743849639
|move|p1a: Okidogi|Knock Off|p2a: Amoonguss
|-damage|p2a: Amoonguss|64/100
|-damage|p1a: Okidogi|84/100|[from] item: Rocky Helmet|[of] p2a: Amoonguss
|-enditem|p2a: Amoonguss|Rocky Helmet|[from] move: Knock Off|[of] p1a: Okidogi
|move|p2a: Amoonguss|Stun Spore|p1a: Okidogi
|-status|p1a: Okidogi|par
|
|upkeep
|turn|3
|
|t:|1743849657
|switch|p2a: Great Tusk|Great Tusk|100/100
|cant|p1a: Okidogi|par
|
|upkeep
|turn|4
|inactive|nesnot has 120 seconds left.
|
|t:|1743849695
|switch|p1a: Corviknight|Corviknight, M|100/100
|-ability|p1a: Corviknight|Pressure
|move|p2a: Great Tusk|Headlong Rush|p1a: Corviknight
|-immune|p1a: Corviknight
|
|upkeep
|turn|5
|
|t:|1743849704
|move|p2a: Great Tusk|Temper Flare|p1a: Corviknight
|-supereffective|p1a: Corviknight
|-damage|p1a: Corviknight|33/100
|move|p1a: Corviknight|Iron Defense|p1a: Corviknight
|-boost|p1a: Corviknight|def|2
|
|-heal|p1a: Corviknight|39/100|[from] item: Leftovers
|upkeep
|turn|6
|
|t:|1743849711
|-end|p2a: Great Tusk|Protosynthesis|[silent]
|switch|p2a: Darkrai|Darkrai|100/100
|-terastallize|p1a: Corviknight|Fighting
|move|p1a: Corviknight|Roost|p1a: Corviknight
|-heal|p1a: Corviknight|89/100
|
|-heal|p1a: Corviknight|95/100|[from] item: Leftovers
|upkeep
|turn|7
|
|t:|1743849716
|move|p2a: Darkrai|Will-O-Wisp|p1a: Corviknight|[miss]
|-miss|p2a: Darkrai|p1a: Corviknight
|move|p1a: Corviknight|Body Press|p2a: Darkrai
|-supereffective|p2a: Darkrai
|-damage|p2a: Darkrai|0 fnt
|faint|p2a: Darkrai
|
|-heal|p1a: Corviknight|100/100|[from] item: Leftovers
|upkeep
|inactive|nesnot has 120 seconds left.
|
|t:|1743849761
|switch|p2a: Amoonguss|Amoonguss, F|97/100
|turn|8
|
|t:|1743849765
|switch|p1a: Okidogi|Okidogi, M|84/100 par
|move|p2a: Amoonguss|Sludge Bomb|p1a: Okidogi
|-resisted|p1a: Okidogi
|-damage|p1a: Okidogi|75/100 par
|
|upkeep
|turn|9
|
|t:|1743849770
|switch|p2a: Great Tusk|Great Tusk|100/100
|move|p1a: Okidogi|Ice Punch|p2a: Great Tusk
|-supereffective|p2a: Great Tusk
|-damage|p2a: Great Tusk|56/100
|
|upkeep
|turn|10
|inactive|nesnot has 120 seconds left.
|
|t:|1743849798
|move|p2a: Great Tusk|Headlong Rush|p1a: Okidogi
|-supereffective|p1a: Okidogi
|-damage|p1a: Okidogi|0 fnt
|-unboost|p2a: Great Tusk|def|1
|-unboost|p2a: Great Tusk|spd|1
|faint|p1a: Okidogi
|
|upkeep
|
|t:|1743849816
|switch|p1a: Ogerpon|Ogerpon-Wellspring, F|100/100
|turn|11
|
|t:|1743849821
|-end|p2a: Great Tusk|Protosynthesis|[silent]
|switch|p2a: Amoonguss|Amoonguss, F|100/100
|move|p1a: Ogerpon|Swords Dance|p1a: Ogerpon
|-boost|p1a: Ogerpon|atk|2
|
|upkeep
|turn|12
|inactive|nesnot has 120 seconds left.
|
|t:|1743849834
|switch|p1a: Ting-Lu|Ting-Lu|100/100
|-ability|p1a: Ting-Lu|Vessel of Ruin
|move|p2a: Amoonguss|Foul Play|p1a: Ting-Lu
|-resisted|p1a: Ting-Lu
|-damage|p1a: Ting-Lu|94/100
|
|-heal|p1a: Ting-Lu|99/100|[from] item: Leftovers
|upkeep
|turn|13
|
|t:|1743849841
|move|p1a: Ting-Lu|Stealth Rock|p2a: Amoonguss
|-sidestart|p2: nesnot|move: Stealth Rock
|move|p2a: Amoonguss|Sludge Bomb|p1a: Ting-Lu
|-resisted|p1a: Ting-Lu
|-damage|p1a: Ting-Lu|95/100
|
|-heal|p1a: Ting-Lu|100/100|[from] item: Leftovers
|upkeep
|turn|14
|
|t:|1743849846
|move|p1a: Ting-Lu|Ruination|p2a: Amoonguss
|-damage|p2a: Amoonguss|50/100
|move|p2a: Amoonguss|Sludge Bomb|p1a: Ting-Lu
|-resisted|p1a: Ting-Lu
|-crit|p1a: Ting-Lu
|-damage|p1a: Ting-Lu|92/100
|
|-heal|p1a: Ting-Lu|98/100|[from] item: Leftovers
|upkeep
|turn|15
|inactive|nesnot has 120 seconds left.
|inactive|nesnot has 90 seconds left.
|inactive|nesnot has 60 seconds left.
|
|t:|1743849944
|move|p1a: Ting-Lu|Earthquake|p2a: Amoonguss
|-damage|p2a: Amoonguss|25/100
|move|p2a: Amoonguss|Stun Spore|p1a: Ting-Lu|[miss]
|-miss|p2a: Amoonguss|p1a: Ting-Lu
|
|-heal|p1a: Ting-Lu|100/100|[from] item: Leftovers
|upkeep
|turn|16
|inactive|MarMarteau has 120 seconds left.
|inactive|MarMarteau has 90 seconds left.
|inactive|MarMarteau has 60 seconds left.
|
|t:|1743850044
|switch|p2a: Great Tusk|Great Tusk|56/100
|move|p1a: Ting-Lu|Earthquake|p2a: Great Tusk
|-damage|p2a: Great Tusk|29/100
|
|upkeep
|turn|17
|inactive|MarMarteau has 60 seconds left.
|inactive|nesnot has 60 seconds left.
|
|t:|1743850060
|switch|p1a: Corviknight|Corviknight, M, tera:Fighting|100/100
|-ability|p1a: Corviknight|Pressure
|move|p2a: Great Tusk|Headlong Rush|p1a: Corviknight
|-damage|p1a: Corviknight|57/100
|-unboost|p2a: Great Tusk|def|1
|-unboost|p2a: Great Tusk|spd|1
|
|-heal|p1a: Corviknight|63/100|[from] item: Leftovers
|upkeep
|turn|18
|
|t:|1743850068
|-end|p2a: Great Tusk|Protosynthesis|[silent]
|switch|p2a: Amoonguss|Amoonguss, F|59/100
|-damage|p2a: Amoonguss|46/100|[from] Stealth Rock
|move|p1a: Corviknight|Iron Defense|p1a: Corviknight
|-boost|p1a: Corviknight|def|2
|
|-heal|p1a: Corviknight|69/100|[from] item: Leftovers
|upkeep
|turn|19
|inactive|nesnot has 60 seconds left.
|
|t:|1743850089
|switch|p1a: Ting-Lu|Ting-Lu|100/100
|-ability|p1a: Ting-Lu|Vessel of Ruin
|move|p2a: Amoonguss|Sludge Bomb|p1a: Ting-Lu
|-resisted|p1a: Ting-Lu
|-damage|p1a: Ting-Lu|95/100
|
|-heal|p1a: Ting-Lu|100/100|[from] item: Leftovers
|upkeep
|turn|20
|
|t:|1743850105
|move|p2a: Amoonguss|Sludge Bomb|p1a: Ting-Lu
|-resisted|p1a: Ting-Lu
|-damage|p1a: Ting-Lu|95/100
|move|p1a: Ting-Lu|Whirlwind|p2a: Amoonguss
|drag|p2a: Salamence|Salamence, F|100/100
|-damage|p2a: Salamence|76/100|[from] Stealth Rock
|
|-heal|p1a: Ting-Lu|100/100|[from] item: Leftovers
|upkeep
|turn|21
|inactive|nesnot has 60 seconds left.
|
|t:|1743850121
|switch|p2a: Amoonguss|Amoonguss, F|80/100
|-damage|p2a: Amoonguss|67/100|[from] Stealth Rock
|move|p1a: Ting-Lu|Ruination|p2a: Amoonguss
|-damage|p2a: Amoonguss|34/100
|
|upkeep
|turn|22
|c|☆nesnot|Of course
|c|☆nesnot|Like 30%
|
|t:|1743850134
|move|p2a: Amoonguss|Sludge Bomb|p1a: Ting-Lu
|-resisted|p1a: Ting-Lu
|-damage|p1a: Ting-Lu|95/100
|move|p1a: Ting-Lu|Whirlwind|p2a: Amoonguss
|drag|p2a: Salamence|Salamence, F|76/100
|-damage|p2a: Salamence|51/100|[from] Stealth Rock
|
|-heal|p1a: Ting-Lu|100/100|[from] item: Leftovers
|upkeep
|turn|23
|c|☆nesnot|Nah
|
|t:|1743850147
|move|p2a: Salamence|Dual Wingbeat|p1a: Ting-Lu
|-damage|p1a: Ting-Lu|85/100
|-damage|p1a: Ting-Lu|66/100
|-hitcount|p1a: Ting-Lu|2
|-damage|p2a: Salamence|41/100|[from] item: Life Orb
|move|p1a: Ting-Lu|Whirlwind|p2a: Salamence
|drag|p2a: Gyarados|Gyarados, M|100/100
|-damage|p2a: Gyarados|76/100|[from] Stealth Rock
|
|-heal|p2a: Gyarados|82/100|[from] item: Leftovers
|-heal|p1a: Ting-Lu|72/100|[from] item: Leftovers
|upkeep
|turn|24
|inactive|nesnot has 60 seconds left.
|
|t:|1743850162
|switch|p1a: Ogerpon|Ogerpon-Wellspring, F|100/100
|move|p2a: Gyarados|Dragon Dance|p2a: Gyarados
|-boost|p2a: Gyarados|atk|1
|-boost|p2a: Gyarados|spe|1
|
|-heal|p2a: Gyarados|88/100|[from] item: Leftovers
|upkeep
|turn|25
|inactive|MarMarteau has 90 seconds left.
|
|t:|1743850168
|-terastallize|p2a: Gyarados|Electric
|move|p2a: Gyarados|Tera Blast|p1a: Ogerpon|[anim] Tera Blast Electric
|-damage|p1a: Ogerpon|5/100
|move|p1a: Ogerpon|Encore|p2a: Gyarados
|-start|p2a: Gyarados|Encore
|
|-heal|p2a: Gyarados|94/100|[from] item: Leftovers
|upkeep
|turn|26
|
|t:|1743850174
|switch|p2a: Great Tusk|Great Tusk|29/100
|switch|p1a: Ting-Lu|Ting-Lu|72/100
|-ability|p1a: Ting-Lu|Vessel of Ruin
|
|-heal|p1a: Ting-Lu|78/100|[from] item: Leftovers
|upkeep
|turn|27
|
|t:|1743850180
|move|p2a: Great Tusk|Rapid Spin|p1a: Ting-Lu
|-damage|p1a: Ting-Lu|70/100
|-boost|p2a: Great Tusk|spe|1
|-sideend|p2: nesnot|Stealth Rock|[from] move: Rapid Spin|[of] p2a: Great Tusk
|move|p1a: Ting-Lu|Whirlwind|p2a: Great Tusk
|-end|p2a: Great Tusk|Protosynthesis|[silent]
|drag|p2a: Gyarados|Gyarados, M, tera:Electric|94/100
|
|-heal|p2a: Gyarados|99/100|[from] item: Leftovers
|-heal|p1a: Ting-Lu|76/100|[from] item: Leftovers
|upkeep
|turn|28
|inactive|nesnot has 90 seconds left.
|
|t:|1743850187
|switch|p2a: Salamence|Salamence, F|41/100
|move|p1a: Ting-Lu|Ruination|p2a: Salamence
|-damage|p2a: Salamence|21/100
|
|-heal|p1a: Ting-Lu|82/100|[from] item: Leftovers
|upkeep
|turn|29
|inactive|MarMarteau has 120 seconds left.
|
|t:|1743850196
|move|p2a: Salamence|Dual Wingbeat|p1a: Ting-Lu|[miss]
|-miss|p2a: Salamence|p1a: Ting-Lu
|move|p1a: Ting-Lu|Stealth Rock|p2a: Salamence
|-sidestart|p2: nesnot|move: Stealth Rock
|
|-heal|p1a: Ting-Lu|88/100|[from] item: Leftovers
|upkeep
|turn|30
|
|t:|1743850203
|move|p2a: Salamence|Dual Wingbeat|p1a: Ting-Lu
|-crit|p1a: Ting-Lu
|-damage|p1a: Ting-Lu|64/100
|-damage|p1a: Ting-Lu|47/100
|-hitcount|p1a: Ting-Lu|2
|-damage|p2a: Salamence|11/100|[from] item: Life Orb
|move|p1a: Ting-Lu|Whirlwind|p2a: Salamence
|drag|p2a: Great Tusk|Great Tusk|29/100
|
|-heal|p1a: Ting-Lu|54/100|[from] item: Leftovers
|upkeep
|turn|31
|
|t:|1743850213
|switch|p1a: Dragapult|Dragapult, F|84/100
|move|p2a: Great Tusk|Headlong Rush|p1a: Dragapult
|-damage|p1a: Dragapult|0 fnt
|-unboost|p2a: Great Tusk|def|1
|-unboost|p2a: Great Tusk|spd|1
|faint|p1a: Dragapult
|
|upkeep
|c|☆nesnot|PRINCESS
|
|t:|1743850218
|switch|p1a: Iron Valiant|Iron Valiant|100/100
|-enditem|p1a: Iron Valiant|Booster Energy
|-activate|p1a: Iron Valiant|ability: Quark Drive|[fromitem]
|-start|p1a: Iron Valiant|quarkdrivespe
|turn|32
|c|☆nesnot|youre so bad
|c|☆nesnot|Bjt your luck
|c|☆nesnot|Is so broekn
|
|t:|1743850228
|-end|p2a: Great Tusk|Protosynthesis|[silent]
|switch|p2a: Salamence|Salamence, F|11/100
|-damage|p2a: Salamence|0 fnt|[from] Stealth Rock
|faint|p2a: Salamence
|move|p1a: Iron Valiant|Moonblast|p2: Salamence|[notarget]
|-fail|p1a: Iron Valiant
|
|upkeep
|
|t:|1743850230
|switch|p2a: Amoonguss|Amoonguss, F|67/100
|-damage|p2a: Amoonguss|55/100|[from] Stealth Rock
|turn|33
|c|☆MarMarteau|LUCK ,
|c|☆MarMarteau|bad ?
|c|☆MarMarteau|lol
|
|t:|1743850248
|-end|p1a: Iron Valiant|Quark Drive|[silent]
|switch|p1a: Ting-Lu|Ting-Lu|54/100
|-ability|p1a: Ting-Lu|Vessel of Ruin
|move|p2a: Amoonguss|Sludge Bomb|p1a: Ting-Lu
|-resisted|p1a: Ting-Lu
|-damage|p1a: Ting-Lu|48/100
|
|-heal|p1a: Ting-Lu|54/100|[from] item: Leftovers
|upkeep
|turn|34
|
|t:|1743850255
|move|p2a: Amoonguss|Grass Knot|p1a: Ting-Lu
|-supereffective|p1a: Ting-Lu
|-damage|p1a: Ting-Lu|26/100
|move|p1a: Ting-Lu|Whirlwind|p2a: Amoonguss
|drag|p2a: Gyarados|Gyarados, M, tera:Electric|99/100
|-damage|p2a: Gyarados|88/100|[from] Stealth Rock
|
|-heal|p2a: Gyarados|94/100|[from] item: Leftovers
|-heal|p1a: Ting-Lu|32/100|[from] item: Leftovers
|upkeep
|turn|35
|
|t:|1743850265
|move|p2a: Gyarados|Tera Blast|p1a: Ting-Lu|[anim] Tera Blast Electric
|-immune|p1a: Ting-Lu
|move|p1a: Ting-Lu|Ruination|p2a: Gyarados
|-damage|p2a: Gyarados|47/100
|
|-heal|p2a: Gyarados|53/100|[from] item: Leftovers
|-heal|p1a: Ting-Lu|38/100|[from] item: Leftovers
|upkeep
|turn|36
|
|t:|1743850271
|switch|p1a: Ogerpon|Ogerpon-Wellspring, F|5/100
|move|p2a: Gyarados|Waterfall|p1a: Ogerpon
|-heal|p1a: Ogerpon|30/100|[from] ability: Water Absorb|[of] p2a: Gyarados
|
|-heal|p2a: Gyarados|59/100|[from] item: Leftovers
|upkeep
|turn|37
|
|t:|1743850279
|switch|p2a: Amoonguss|Amoonguss, F|88/100
|-damage|p2a: Amoonguss|75/100|[from] Stealth Rock
|move|p1a: Ogerpon|Ivy Cudgel|p2a: Amoonguss|[anim] Ivy Cudgel Water
|-resisted|p2a: Amoonguss
|-damage|p2a: Amoonguss|55/100
|
|upkeep
|turn|38
|
|t:|1743850291
|move|p1a: Ogerpon|Ivy Cudgel|p2a: Amoonguss|[anim] Ivy Cudgel Water
|-resisted|p2a: Amoonguss
|-damage|p2a: Amoonguss|35/100
|move|p2a: Amoonguss|Sludge Bomb|p1a: Ogerpon
|-supereffective|p1a: Ogerpon
|-damage|p1a: Ogerpon|0 fnt
|faint|p1a: Ogerpon
|
|upkeep
|
|t:|1743850301
|switch|p1a: Ting-Lu|Ting-Lu|38/100
|-ability|p1a: Ting-Lu|Vessel of Ruin
|turn|39
|
|t:|1743850320
|move|p1a: Ting-Lu|Earthquake|p2a: Amoonguss
|-damage|p2a: Amoonguss|7/100
|move|p2a: Amoonguss|Grass Knot|p1a: Ting-Lu
|-supereffective|p1a: Ting-Lu
|-crit|p1a: Ting-Lu
|-damage|p1a: Ting-Lu|0 fnt
|faint|p1a: Ting-Lu
|
|upkeep
|
|t:|1743850326
|switch|p1a: Iron Valiant|Iron Valiant|100/100
|turn|40
|
|t:|1743850347
|switch|p2a: Great Tusk|Great Tusk|29/100
|move|p1a: Iron Valiant|Moonblast|p2a: Great Tusk
|-supereffective|p2a: Great Tusk
|-damage|p2a: Great Tusk|0 fnt
|faint|p2a: Great Tusk
|-end|p2a: Great Tusk|Protosynthesis|[silent]
|
|upkeep
|
|t:|1743850349
|switch|p2a: Iron Treads|Iron Treads|100/100
|-damage|p2a: Iron Treads|97/100|[from] Stealth Rock
|turn|41
|
|t:|1743850358
|-end|p1a: Iron Valiant|Quark Drive|[silent]
|switch|p1a: Corviknight|Corviknight, M, tera:Fighting|69/100
|-ability|p1a: Corviknight|Pressure
|move|p2a: Iron Treads|Rapid Spin|p1a: Corviknight
|-damage|p1a: Corviknight|62/100
|-boost|p2a: Iron Treads|spe|1
|-sideend|p2: nesnot|Stealth Rock|[from] move: Rapid Spin|[of] p2a: Iron Treads
|
|-heal|p2a: Iron Treads|100/100|[from] item: Leftovers
|-heal|p1a: Corviknight|68/100|[from] item: Leftovers
|upkeep
|turn|42
|inactive|nesnot has 120 seconds left.
|
|t:|1743850391
|-end|p2a: Iron Treads|Quark Drive|[silent]
|switch|p2a: Amoonguss|Amoonguss, F|40/100
|move|p1a: Corviknight|Iron Defense|p1a: Corviknight
|-boost|p1a: Corviknight|def|2
|
|-heal|p1a: Corviknight|74/100|[from] item: Leftovers
|upkeep
|turn|43
|
|t:|1743850395
|move|p1a: Corviknight|Body Press|p2a: Amoonguss
|-resisted|p2a: Amoonguss
|-damage|p2a: Amoonguss|14/100
|move|p2a: Amoonguss|Sludge Bomb|p1a: Corviknight
|-damage|p1a: Corviknight|48/100
|
|-heal|p1a: Corviknight|54/100|[from] item: Leftovers
|upkeep
|turn|44
|
|t:|1743850398
|switch|p2a: Gyarados|Gyarados, M, tera:Electric|59/100
|move|p1a: Corviknight|Body Press|p2a: Gyarados
|-damage|p2a: Gyarados|0 fnt
|faint|p2a: Gyarados
|
|-heal|p1a: Corviknight|60/100|[from] item: Leftovers
|upkeep
|
|t:|1743850401
|switch|p2a: Amoonguss|Amoonguss, F|47/100
|turn|45
|
|t:|1743850404
|move|p1a: Corviknight|Body Press|p2a: Amoonguss
|-resisted|p2a: Amoonguss
|-damage|p2a: Amoonguss|24/100
|move|p2a: Amoonguss|Sludge Bomb|p1a: Corviknight
|-damage|p1a: Corviknight|34/100
|
|-heal|p1a: Corviknight|40/100|[from] item: Leftovers
|upkeep
|turn|46
|
|t:|1743850408
|move|p1a: Corviknight|Roost|p1a: Corviknight
|-heal|p1a: Corviknight|90/100
|move|p2a: Amoonguss|Sludge Bomb|p1a: Corviknight
|-damage|p1a: Corviknight|62/100
|-status|p1a: Corviknight|psn
|
|-heal|p1a: Corviknight|68/100 psn|[from] item: Leftovers
|-damage|p1a: Corviknight|56/100 psn|[from] psn
|upkeep
|turn|47
|
|t:|1743850411
|switch|p2a: Iron Treads|Iron Treads|100/100
|move|p1a: Corviknight|Body Press|p2a: Iron Treads
|-supereffective|p2a: Iron Treads
|-damage|p2a: Iron Treads|0 fnt
|faint|p2a: Iron Treads
|-end|p2a: Iron Treads|Quark Drive|[silent]
|
|-heal|p1a: Corviknight|62/100 psn|[from] item: Leftovers
|-damage|p1a: Corviknight|50/100 psn|[from] psn
|upkeep
|
|t:|1743850414
|switch|p2a: Amoonguss|Amoonguss, F|57/100
|turn|48
|c|☆nesnot|YOUR LUCK OS EVERYTHING
|c|☆MarMarteau|so bad ?
|c|☆MarMarteau|lol
|c|☆nesnot|KEEP IT CLOSE TO YOUR HEART
|c|☆MarMarteau|what luck
|c|☆MarMarteau|lol
|c|☆nesnot|ALL OF IT
|c|☆MarMarteau|go bed
|c|☆nesnot|TH ELACK OF POISOM
|c|☆nesnot|THE CRITS
|c|☆nesnot|My fuck
|inactive|nesnot has 120 seconds left.
|c|☆MarMarteau|u want to win with 30 % POISON LOL
|c|☆MarMarteau|go bed
|inactive|nesnot has 90 seconds left.
|c|☆nesnot|THE 15 PF THEM
|c|☆nesnot|LOOK UP
|c|☆nesnot|USE BRAIN
|c|☆nesnot|LOOK
|inactive|nesnot has 60 seconds left.
|c|☆MarMarteau|play
|c|☆nesnot|USING THIS CONCEPT CALLED EYES
|c|☆MarMarteau|so dumb
|inactive|nesnot has 30 seconds left.
|c|☆nesnot|HOW EZ
|c|☆nesnot|KT IS WHEN
|c|☆MarMarteau|like u are the poison of the poke community i swear
|inactive|nesnot has 20 seconds left.
|c|☆nesnot|LUCI OS YOUR DADDY
|inactive|nesnot has 15 seconds left.
|inactive|nesnot has 10 seconds left.
|c|☆nesnot|Wait are you actually thay delusional?
|c|☆MarMarteau|look at u
|inactive|nesnot has 5 seconds left.
|c|☆MarMarteau|are u happy in ur life ?
|-message|nesnot lost due to inactivity.
|
|win|MarMarteau
|raw|MarMarteau's rating: 1410 &rarr; <strong>1427</strong><br />(+17 for winning)
|raw|nesnot's rating: 1354 &rarr; <strong>1337</strong><br />(-17 for losing)
|l|☆MarMarteau
|player|p1|
