|j|☆nesnot
|j|☆RyanBSS
|t:|1743815930
|gametype|singles
|player|p1|nesnot|266|1339
|player|p2|RyanBSS|az|1274
|teamsize|p1|6
|teamsize|p2|6
|gen|9
|tier|[Gen 9] OU
|rated|
|rule|HP Percentage Mod: HP is shown in percentages
|rule|Endless Battle Clause: Forcing endless battles is banned
|rule|Species Clause: Limit one of each Pokémon
|rule|OHKO Clause: OHKO moves are banned
|rule|Evasion Items Clause: Evasion items are banned
|rule|Evasion Moves Clause: Evasion moves are banned
|rule|Sleep Moves Clause: Sleep-inducing moves are banned
|clearpoke
|poke|p1|Salamence, M|
|poke|p1|Gyarados, M|
|poke|p1|Great Tusk|
|poke|p1|Iron Treads|
|poke|p1|Amoonguss, F|
|poke|p1|Darkrai|
|poke|p2|Zamazenta-*|
|poke|p2|Kingambit, M|
|poke|p2|Samurott-Hisui, F|
|poke|p2|Landorus-Therian, M|
|poke|p2|Iron Valiant|
|poke|p2|Iron Moth|
|teampreview
|inactive|Battle timer is ON: inactive players will automatically lose when time's up. (requested by RyanBSS)
|inactive|nesnot also wants the timer to be on.
|
|t:|1743815945
|start
|switch|p1a: Amoonguss|Amoonguss, F|100/100
|switch|p2a: Samurott|Samurott-Hisui, F|100/100
|turn|1
|
|t:|1743815951
|move|p2a: Samurott|Ceaseless Edge|p1a: Amoonguss
|-damage|p1a: Amoonguss|63/100
|-damage|p2a: Samurott|84/100|[from] item: Rocky Helmet|[of] p1a: Amoonguss
|-sidestart|p1: nesnot|Spikes
|move|p1a: Amoonguss|Grass Knot|p2a: Samurott
|-supereffective|p2a: Samurott
|-damage|p2a: Samurott|10/100
|
|upkeep
|turn|2
|
|t:|1743815963
|move|p2a: Samurott|Ceaseless Edge|p1a: Amoonguss
|-damage|p1a: Amoonguss|25/100
|-damage|p2a: Samurott|0 fnt|[from] item: Rocky Helmet|[of] p1a: Amoonguss
|faint|p2a: Samurott
|move|p1a: Amoonguss|Stun Spore|p2: Samurott|[notarget]
|-fail|p1a: Amoonguss
|
|upkeep
|
|t:|1743815991
|switch|p2a: Landorus|Landorus-Therian, M|100/100
|-ability|p2a: Landorus|Intimidate|boost
|-unboost|p1a: Amoonguss|atk|1
|turn|3
|
|t:|1743816003
|switch|p1a: Great Tusk|Great Tusk|100/100
|move|p2a: Landorus|Stealth Rock|p1a: Great Tusk
|-sidestart|p1: nesnot|move: Stealth Rock
|
|upkeep
|turn|4
|
|t:|1743816011
|move|p2a: Landorus|Earthquake|p1a: Great Tusk
|-damage|p1a: Great Tusk|66/100
|move|p1a: Great Tusk|Rapid Spin|p2a: Landorus
|-damage|p2a: Landorus|84/100
|-boost|p1a: Great Tusk|spe|1
|-damage|p1a: Great Tusk|50/100|[from] item: Rocky Helmet|[of] p2a: Landorus
|-sideend|p1: nesnot|Spikes|[from] move: Rapid Spin|[of] p1a: Great Tusk
|-sideend|p1: nesnot|Stealth Rock|[from] move: Rapid Spin|[of] p1a: Great Tusk
|
|upkeep
|turn|5
|
|t:|1743816015
|move|p1a: Great Tusk|Ice Spinner|p2a: Landorus
|-supereffective|p2a: Landorus
|-damage|p2a: Landorus|0 fnt
|-damage|p1a: Great Tusk|33/100|[from] item: Rocky Helmet|[of] p2a: Landorus
|faint|p2a: Landorus
|
|upkeep
|
|t:|1743816019
|switch|p2a: Iron Valiant|Iron Valiant|100/100
|-enditem|p2a: Iron Valiant|Booster Energy
|-activate|p2a: Iron Valiant|ability: Quark Drive|[fromitem]
|-start|p2a: Iron Valiant|quarkdrivespe
|turn|6
|
|t:|1743816026
|-end|p1a: Great Tusk|Protosynthesis|[silent]
|switch|p1a: Amoonguss|Amoonguss, F|58/100
|move|p2a: Iron Valiant|Moonblast|p1a: Amoonguss
|-resisted|p1a: Amoonguss
|-damage|p1a: Amoonguss|35/100
|
|upkeep
|turn|7
|
|t:|1743816032
|move|p2a: Iron Valiant|Psyshock|p1a: Amoonguss
|-supereffective|p1a: Amoonguss
|-damage|p1a: Amoonguss|0 fnt
|faint|p1a: Amoonguss
|
|upkeep
|
|t:|1743816049
|switch|p1a: Iron Treads|Iron Treads|100/100
|turn|8
|
|t:|1743816054
|-end|p2a: Iron Valiant|Quark Drive|[silent]
|switch|p2a: Zamazenta|Zamazenta|100/100
|-ability|p2a: Zamazenta|Dauntless Shield|boost
|-boost|p2a: Zamazenta|def|1
|move|p1a: Iron Treads|Earthquake|p2a: Zamazenta
|-damage|p2a: Zamazenta|81/100
|
|-heal|p2a: Zamazenta|87/100|[from] item: Leftovers
|upkeep
|turn|9
|
|t:|1743816062
|-end|p1a: Iron Treads|Quark Drive|[silent]
|switch|p1a: Salamence|Salamence, M|100/100
|move|p2a: Zamazenta|Body Press|p1a: Salamence
|-resisted|p1a: Salamence
|-damage|p1a: Salamence|72/100
|
|-heal|p2a: Zamazenta|93/100|[from] item: Leftovers
|upkeep
|turn|10
|
|t:|1743816071
|move|p1a: Salamence|Dragon Dance|p1a: Salamence
|-boost|p1a: Salamence|atk|1
|-boost|p1a: Salamence|spe|1
|move|p2a: Zamazenta|Roar|p1a: Salamence
|drag|p1a: Great Tusk|Great Tusk|33/100
|
|-heal|p2a: Zamazenta|99/100|[from] item: Leftovers
|upkeep
|turn|11
|
|t:|1743816074
|move|p2a: Zamazenta|Iron Defense|p2a: Zamazenta
|-boost|p2a: Zamazenta|def|2
|move|p1a: Great Tusk|Headlong Rush|p2a: Zamazenta
|-damage|p2a: Zamazenta|82/100
|-unboost|p1a: Great Tusk|def|1
|-unboost|p1a: Great Tusk|spd|1
|
|-heal|p2a: Zamazenta|88/100|[from] item: Leftovers
|upkeep
|turn|12
|
|t:|1743816084
|-end|p1a: Great Tusk|Protosynthesis|[silent]
|switch|p1a: Salamence|Salamence, M|72/100
|move|p2a: Zamazenta|Iron Defense|p2a: Zamazenta
|-boost|p2a: Zamazenta|def|2
|
|-heal|p2a: Zamazenta|94/100|[from] item: Leftovers
|upkeep
|turn|13
|
|t:|1743816088
|move|p2a: Zamazenta|Body Press|p1a: Salamence
|-resisted|p1a: Salamence
|-damage|p1a: Salamence|1/100
|move|p1a: Salamence|Dual Wingbeat|p2a: Zamazenta
|-supereffective|p2a: Zamazenta
|-damage|p2a: Zamazenta|80/100
|-supereffective|p2a: Zamazenta
|-damage|p2a: Zamazenta|66/100
|-hitcount|p2a: Zamazenta|2
|-damage|p1a: Salamence|0 fnt|[from] item: Life Orb
|faint|p1a: Salamence
|
|-heal|p2a: Zamazenta|72/100|[from] item: Leftovers
|upkeep
|
|t:|1743816093
|switch|p1a: Darkrai|Darkrai|100/100
|turn|14
|
|t:|1743816095
|-terastallize|p1a: Darkrai|Poison
|move|p2a: Zamazenta|Body Press|p1a: Darkrai
|-resisted|p1a: Darkrai
|-damage|p1a: Darkrai|20/100
|move|p1a: Darkrai|Will-O-Wisp|p2a: Zamazenta|[miss]
|-miss|p1a: Darkrai|p2a: Zamazenta
|
|-heal|p2a: Zamazenta|78/100|[from] item: Leftovers
|upkeep
|turn|15
|inactive|nesnot has 120 seconds left.
|inactive|nesnot has 90 seconds left.
|inactive|nesnot has 60 seconds left.
|inactive|nesnot has 30 seconds left.
|inactive|nesnot has 20 seconds left.
|inactive|nesnot has 15 seconds left.
|inactive|nesnot has 10 seconds left.
|inactive|nesnot has 5 seconds left.
|-message|nesnot lost due to inactivity.
|
|win|RyanBSS
|raw|nesnot's rating: 1320 &rarr; <strong>1297</strong><br />(-23 for losing)
|raw|RyanBSS's rating: 1274 &rarr; <strong>1302</strong><br />(+28 for winning)
