|j|☆Bisharp6
|j|☆huanghunqingyue
|t:|1743834171
|gametype|singles
|player|p1|Bisharp6|blue|1265
|player|p2|huanghunqingyue|1|1245
|teamsize|p1|6
|teamsize|p2|6
|gen|9
|tier|[Gen 9] OU
|rated|
|rule|HP Percentage Mod: HP is shown in percentages
|rule|Endless Battle Clause: Forcing endless battles is banned
|rule|Species Clause: Limit one of each Pokémon
|rule|OHKO Clause: OHKO moves are banned
|rule|Evasion Items Clause: Evasion items are banned
|rule|Evasion Moves Clause: Evasion moves are banned
|rule|Sleep Moves Clause: Sleep-inducing moves are banned
|clearpoke
|poke|p1|Gliscor, M|
|poke|p1|Iron Treads|
|poke|p1|Zamazenta-*|
|poke|p1|Gholdengo|
|poke|p1|Manaphy|
|poke|p1|Dragapult, F|
|poke|p2|Gliscor, F|
|poke|p2|Toxapex, F|
|poke|p2|Great Tusk|
|poke|p2|Gholdengo|
|poke|p2|Dondozo, F|
|poke|p2|Chansey, F|
|teampreview
|inactive|Battle timer is ON: inactive players will automatically lose when time's up. (requested by Bisharp6)
|
|t:|1743834175
|start
|switch|p1a: Gliscor|Gliscor, M|100/100
|switch|p2a: Toxapex|Toxapex, F|100/100
|turn|1
|
|t:|1743834181
|move|p1a: Gliscor|Stealth Rock|p2a: Toxapex
|-sidestart|p2: huanghunqingyue|move: Stealth Rock
|move|p2a: Toxapex|Toxic Spikes|p1a: Gliscor
|-sidestart|p1: Bisharp6|move: Toxic Spikes
|
|-status|p1a: Gliscor|tox|[from] item: Toxic Orb
|upkeep
|turn|2
|
|t:|1743834186
|move|p1a: Gliscor|Earthquake|p2a: Toxapex
|-supereffective|p2a: Toxapex
|-damage|p2a: Toxapex|50/100
|move|p2a: Toxapex|Toxic Spikes|p1a: Gliscor
|-sidestart|p1: Bisharp6|move: Toxic Spikes
|
|-heal|p2a: Toxapex|57/100|[from] item: Leftovers
|upkeep
|turn|3
|
|t:|1743834189
|switch|p2a: Great Tusk|Great Tusk|100/100
|-damage|p2a: Great Tusk|98/100|[from] Stealth Rock
|move|p1a: Gliscor|Earthquake|p2a: Great Tusk
|-damage|p2a: Great Tusk|77/100
|
|-heal|p2a: Great Tusk|83/100|[from] item: Leftovers
|upkeep
|turn|4
|
|t:|1743834201
|-end|p2a: Great Tusk|Protosynthesis|[silent]
|switch|p2a: Gliscor|Gliscor, F|100/100
|-damage|p2a: Gliscor|88/100|[from] Stealth Rock
|move|p1a: Gliscor|Toxic|p2a: Gliscor
|-status|p2a: Gliscor|tox
|
|-heal|p2a: Gliscor|100/100 tox|[from] ability: Poison Heal
|upkeep
|turn|5
|
|t:|1743834209
|move|p2a: Gliscor|Spikes|p1a: Gliscor
|-sidestart|p1: Bisharp6|Spikes
|move|p1a: Gliscor|U-turn|p2a: Gliscor
|-resisted|p2a: Gliscor
|-damage|p2a: Gliscor|93/100 tox
|
|t:|1743834213
|switch|p1a: Iron Treads|Iron Treads|100/100|[from] U-turn
|
|-heal|p2a: Gliscor|100/100 tox|[from] ability: Poison Heal
|upkeep
|turn|6
|
|t:|1743834217
|switch|p2a: Gholdengo|Gholdengo|100/100
|-damage|p2a: Gholdengo|94/100|[from] Stealth Rock
|-item|p2a: Gholdengo|Air Balloon
|move|p1a: Iron Treads|Rapid Spin|p2a: Gholdengo
|-immune|p2a: Gholdengo
|
|upkeep
|turn|7
|
|t:|1743834224
|move|p1a: Iron Treads|Knock Off|p2a: Gholdengo
|-supereffective|p2a: Gholdengo
|-damage|p2a: Gholdengo|53/100
|-enditem|p2a: Gholdengo|Air Balloon
|move|p2a: Gholdengo|Reflect|p2a: Gholdengo
|-sidestart|p2: huanghunqingyue|Reflect
|
|upkeep
|turn|8
|
|t:|1743834228
|move|p1a: Iron Treads|Earthquake|p2a: Gholdengo
|-supereffective|p2a: Gholdengo
|-damage|p2a: Gholdengo|22/100
|move|p2a: Gholdengo|Thief|p1a: Iron Treads
|-damage|p1a: Iron Treads|91/100
|-enditem|p1a: Iron Treads|Heavy-Duty Boots|[silent]|[from] move: Thief|[of] p2a: Gholdengo
|-item|p2a: Gholdengo|Heavy-Duty Boots|[from] move: Thief|[of] p1a: Iron Treads
|
|upkeep
|turn|9
|
|t:|1743834231
|move|p1a: Iron Treads|Earthquake|p2a: Gholdengo
|-supereffective|p2a: Gholdengo
|-damage|p2a: Gholdengo|0 fnt
|faint|p2a: Gholdengo
|
|upkeep
|
|t:|1743834234
|switch|p2a: Great Tusk|Great Tusk|83/100
|-damage|p2a: Great Tusk|80/100|[from] Stealth Rock
|turn|10
|
|t:|1743834238
|-terastallize|p2a: Great Tusk|Ghost
|move|p1a: Iron Treads|Rapid Spin|p2a: Great Tusk
|-immune|p2a: Great Tusk
|move|p2a: Great Tusk|Rapid Spin|p1a: Iron Treads
|-resisted|p1a: Iron Treads
|-crit|p1a: Iron Treads
|-damage|p1a: Iron Treads|81/100
|-boost|p2a: Great Tusk|spe|1
|-sideend|p2: huanghunqingyue|Stealth Rock|[from] move: Rapid Spin|[of] p2a: Great Tusk
|
|-heal|p2a: Great Tusk|87/100|[from] item: Leftovers
|upkeep
|turn|11
|
|t:|1743834248
|move|p1a: Iron Treads|Knock Off|p2a: Great Tusk
|-supereffective|p2a: Great Tusk
|-damage|p2a: Great Tusk|74/100
|-enditem|p2a: Great Tusk|Leftovers|[from] move: Knock Off|[of] p1a: Iron Treads
|move|p2a: Great Tusk|Ice Spinner|p1a: Iron Treads
|-damage|p1a: Iron Treads|59/100
|
|-sideend|p2: huanghunqingyue|Reflect
|upkeep
|turn|12
|
|t:|1743834261
|-end|p1a: Iron Treads|Quark Drive|[silent]
|switch|p1a: Gliscor|Gliscor, M|100/100 tox
|move|p2a: Great Tusk|Knock Off|p1a: Gliscor
|-damage|p1a: Gliscor|71/100 tox
|-enditem|p1a: Gliscor|Toxic Orb|[from] move: Knock Off|[of] p2a: Great Tusk
|
|-heal|p1a: Gliscor|83/100 tox|[from] ability: Poison Heal
|upkeep
|turn|13
|
|t:|1743834265
|-end|p2a: Great Tusk|Protosynthesis|[silent]
|switch|p2a: Gliscor|Gliscor, F|100/100 tox
|move|p1a: Gliscor|Earthquake|p2a: Gliscor
|-immune|p2a: Gliscor
|
|-heal|p1a: Gliscor|96/100 tox|[from] ability: Poison Heal
|upkeep
|turn|14
|
|t:|1743834268
|move|p2a: Gliscor|Spikes|p1a: Gliscor
|-sidestart|p1: Bisharp6|Spikes
|move|p1a: Gliscor|U-turn|p2a: Gliscor
|-resisted|p2a: Gliscor
|-damage|p2a: Gliscor|92/100 tox
|
|t:|1743834276
|switch|p1a: Iron Treads|Iron Treads|59/100|[from] U-turn
|-damage|p1a: Iron Treads|43/100|[from] Spikes
|
|-heal|p2a: Gliscor|100/100 tox|[from] ability: Poison Heal
|upkeep
|turn|15
|
|t:|1743834283
|switch|p2a: Great Tusk|Great Tusk, tera:Ghost|74/100
|move|p1a: Iron Treads|Earthquake|p2a: Great Tusk
|-damage|p2a: Great Tusk|53/100
|
|upkeep
|turn|16
|
|t:|1743834291
|move|p1a: Iron Treads|Knock Off|p2a: Great Tusk
|-supereffective|p2a: Great Tusk
|-damage|p2a: Great Tusk|33/100
|move|p2a: Great Tusk|Ice Spinner|p1a: Iron Treads
|-damage|p1a: Iron Treads|22/100
|
|upkeep
|turn|17
|
|t:|1743834304
|move|p1a: Iron Treads|Earthquake|p2a: Great Tusk
|-damage|p2a: Great Tusk|12/100
|move|p2a: Great Tusk|Rest|p2a: Great Tusk
|-status|p2a: Great Tusk|slp|[from] move: Rest
|-heal|p2a: Great Tusk|100/100 slp|[silent]
|
|upkeep
|turn|18
|
|t:|1743834313
|-end|p1a: Iron Treads|Quark Drive|[silent]
|switch|p1a: Gholdengo|Gholdengo|100/100
|-item|p1a: Gholdengo|Air Balloon
|cant|p2a: Great Tusk|slp
|
|upkeep
|turn|19
|
|t:|1743834316
|-end|p2a: Great Tusk|Protosynthesis|[silent]
|switch|p2a: Chansey|Chansey, F|100/100
|move|p1a: Gholdengo|Nasty Plot|p1a: Gholdengo
|-boost|p1a: Gholdengo|spa|2
|
|upkeep
|turn|20
|
|t:|1743834323
|move|p1a: Gholdengo|Make It Rain|p2a: Chansey
|-damage|p2a: Chansey|72/100
|-unboost|p1a: Gholdengo|spa|1
|move|p2a: Chansey|Calm Mind|p2a: Chansey
|-boost|p2a: Chansey|spa|1
|-boost|p2a: Chansey|spd|1
|
|upkeep
|turn|21
|
|t:|1743834331
|move|p1a: Gholdengo|Nasty Plot|p1a: Gholdengo
|-boost|p1a: Gholdengo|spa|2
|move|p2a: Chansey|Stealth Rock|p1a: Gholdengo
|-sidestart|p1: Bisharp6|move: Stealth Rock
|
|upkeep
|turn|22
|
|t:|1743834338
|move|p1a: Gholdengo|Nasty Plot|p1a: Gholdengo
|-boost|p1a: Gholdengo|spa|2
|move|p2a: Chansey|Calm Mind|p2a: Chansey
|-boost|p2a: Chansey|spa|1
|-boost|p2a: Chansey|spd|1
|
|upkeep
|turn|23
|
|t:|1743834354
|move|p1a: Gholdengo|Make It Rain|p2a: Chansey
|-damage|p2a: Chansey|48/100
|-unboost|p1a: Gholdengo|spa|1
|move|p2a: Chansey|Calm Mind|p2a: Chansey
|-boost|p2a: Chansey|spa|1
|-boost|p2a: Chansey|spd|1
|
|upkeep
|turn|24
|
|t:|1743834366
|switch|p1a: Iron Treads|Iron Treads|22/100
|-damage|p1a: Iron Treads|6/100|[from] Spikes
|-damage|p1a: Iron Treads|3/100|[from] Stealth Rock
|move|p2a: Chansey|Soft-Boiled|p2a: Chansey
|-heal|p2a: Chansey|98/100
|
|upkeep
|turn|25
|
|t:|1743834378
|switch|p2a: Great Tusk|Great Tusk, tera:Ghost|100/100 slp
|move|p1a: Iron Treads|Earthquake|p2a: Great Tusk
|-damage|p2a: Great Tusk|77/100 slp
|
|upkeep
|turn|26
|
|t:|1743834387
|-end|p1a: Iron Treads|Quark Drive|[silent]
|switch|p1a: Gliscor|Gliscor, M|96/100 tox
|-damage|p1a: Gliscor|83/100 tox|[from] Stealth Rock
|cant|p2a: Great Tusk|slp
|
|-heal|p1a: Gliscor|96/100 tox|[from] ability: Poison Heal
|upkeep
|turn|27
|
|t:|1743834395
|move|p1a: Gliscor|Earthquake|p2a: Great Tusk
|-damage|p2a: Great Tusk|57/100 slp
|-curestatus|p2a: Great Tusk|slp|[msg]
|move|p2a: Great Tusk|Rapid Spin|p1a: Gliscor
|-damage|p1a: Gliscor|82/100 tox
|-boost|p2a: Great Tusk|spe|1
|
|-heal|p1a: Gliscor|94/100 tox|[from] ability: Poison Heal
|upkeep
|turn|28
|
|t:|1743834400
|-end|p2a: Great Tusk|Protosynthesis|[silent]
|switch|p2a: Gliscor|Gliscor, F|100/100 tox
|move|p1a: Gliscor|Toxic|p2a: Gliscor
|-fail|p2a: Gliscor|tox
|
|-heal|p1a: Gliscor|100/100 tox|[from] ability: Poison Heal
|upkeep
|turn|29
|
|t:|1743834405
|move|p2a: Gliscor|Spikes|p1a: Gliscor
|-sidestart|p1: Bisharp6|Spikes
|move|p1a: Gliscor|U-turn|p2a: Gliscor
|-resisted|p2a: Gliscor
|-damage|p2a: Gliscor|92/100 tox
|
|t:|1743834416
|switch|p1a: Manaphy|Manaphy|100/100|[from] U-turn
|-status|p1a: Manaphy|tox
|-damage|p1a: Manaphy|76/100 tox|[from] Spikes
|-damage|p1a: Manaphy|63/100 tox|[from] Stealth Rock
|
|-heal|p1a: Manaphy|69/100 tox|[from] item: Leftovers
|-damage|p1a: Manaphy|63/100 tox|[from] psn
|-heal|p2a: Gliscor|100/100 tox|[from] ability: Poison Heal
|upkeep
|turn|30
|
|t:|1743834423
|switch|p2a: Toxapex|Toxapex, F|90/100
|move|p1a: Manaphy|Ice Beam|p2a: Toxapex
|-resisted|p2a: Toxapex
|-damage|p2a: Toxapex|79/100
|
|-heal|p1a: Manaphy|69/100 tox|[from] item: Leftovers
|-heal|p2a: Toxapex|85/100|[from] item: Leftovers
|-damage|p1a: Manaphy|57/100 tox|[from] psn
|upkeep
|turn|31
|
|t:|1743834429
|move|p1a: Manaphy|Tail Glow|p1a: Manaphy
|-boost|p1a: Manaphy|spa|3
|move|p2a: Toxapex|Haze|p2a: Toxapex
|-clearallboost
|
|-heal|p1a: Manaphy|63/100 tox|[from] item: Leftovers
|-heal|p2a: Toxapex|92/100|[from] item: Leftovers
|-damage|p1a: Manaphy|45/100 tox|[from] psn
|upkeep
|turn|32
|
|t:|1743834433
|move|p1a: Manaphy|Energy Ball|p2a: Toxapex
|-damage|p2a: Toxapex|69/100
|move|p2a: Toxapex|Haze|p2a: Toxapex
|-clearallboost
|
|-heal|p1a: Manaphy|51/100 tox|[from] item: Leftovers
|-heal|p2a: Toxapex|75/100|[from] item: Leftovers
|-damage|p1a: Manaphy|26/100 tox|[from] psn
|upkeep
|turn|33
|
|t:|1743834440
|move|p2a: Toxapex|Baneful Bunker|p2a: Toxapex
|-singleturn|p2a: Toxapex|move: Protect
|move|p1a: Manaphy|Energy Ball|p2a: Toxapex
|-activate|p2a: Toxapex|move: Protect
|
|-heal|p1a: Manaphy|32/100 tox|[from] item: Leftovers
|-heal|p2a: Toxapex|82/100|[from] item: Leftovers
|-damage|p1a: Manaphy|2/100 tox|[from] psn
|upkeep
|turn|34
|
|t:|1743834448
|move|p1a: Manaphy|Energy Ball|p2a: Toxapex
|-damage|p2a: Toxapex|60/100
|move|p2a: Toxapex|Toxic Spikes||[still]
|-fail|p2a: Toxapex
|
|-heal|p1a: Manaphy|8/100 tox|[from] item: Leftovers
|-heal|p2a: Toxapex|67/100|[from] item: Leftovers
|-damage|p1a: Manaphy|0 fnt|[from] psn
|faint|p1a: Manaphy
|upkeep
|
|t:|1743834465
|switch|p1a: Zamazenta|Zamazenta|100/100
|-status|p1a: Zamazenta|tox
|-damage|p1a: Zamazenta|76/100 tox|[from] Spikes
|-damage|p1a: Zamazenta|69/100 tox|[from] Stealth Rock
|-ability|p1a: Zamazenta|Dauntless Shield|boost
|-boost|p1a: Zamazenta|def|1
|turn|35
|
|t:|1743834478
|move|p1a: Zamazenta|Thunder Fang|p2a: Toxapex
|-supereffective|p2a: Toxapex
|-damage|p2a: Toxapex|30/100
|move|p2a: Toxapex|Haze|p2a: Toxapex
|-clearallboost
|
|-heal|p2a: Toxapex|37/100|[from] item: Leftovers
|-damage|p1a: Zamazenta|63/100 tox|[from] psn
|upkeep
|turn|36
|
|t:|1743834493
|move|p2a: Toxapex|Baneful Bunker|p2a: Toxapex
|-singleturn|p2a: Toxapex|move: Protect
|move|p1a: Zamazenta|Thunder Fang|p2a: Toxapex
|-activate|p2a: Toxapex|move: Protect
|
|-heal|p2a: Toxapex|43/100|[from] item: Leftovers
|-damage|p1a: Zamazenta|51/100 tox|[from] psn
|upkeep
|turn|37
|
|t:|1743834504
|switch|p2a: Great Tusk|Great Tusk, tera:Ghost|57/100
|move|p1a: Zamazenta|Thunder Fang|p2a: Great Tusk
|-damage|p2a: Great Tusk|42/100
|
|-damage|p1a: Zamazenta|32/100 tox|[from] psn
|upkeep
|turn|38
|
|t:|1743834526
|switch|p1a: Gliscor|Gliscor, M|100/100 tox
|-damage|p1a: Gliscor|88/100 tox|[from] Stealth Rock
|move|p2a: Great Tusk|Rest|p2a: Great Tusk
|-status|p2a: Great Tusk|slp|[from] move: Rest
|-heal|p2a: Great Tusk|100/100 slp|[silent]
|
|-heal|p1a: Gliscor|100/100 tox|[from] ability: Poison Heal
|upkeep
|turn|39
|
|t:|1743834540
|switch|p1a: Dragapult|Dragapult, F|100/100
|-status|p1a: Dragapult|tox
|-damage|p1a: Dragapult|76/100 tox|[from] Spikes
|-damage|p1a: Dragapult|63/100 tox|[from] Stealth Rock
|-end|p2a: Great Tusk|Protosynthesis|[silent]
|switch|p2a: Gliscor|Gliscor, F|100/100 tox
|
|-damage|p1a: Dragapult|57/100 tox|[from] psn
|upkeep
|turn|40
|
|t:|1743834551
|move|p2a: Gliscor|Protect|p2a: Gliscor
|-singleturn|p2a: Gliscor|Protect
|move|p1a: Dragapult|Dragon Dance|p1a: Dragapult
|-boost|p1a: Dragapult|atk|1
|-boost|p1a: Dragapult|spe|1
|
|-damage|p1a: Dragapult|45/100 tox|[from] psn
|upkeep
|turn|41
|
|t:|1743834560
|switch|p2a: Dondozo|Dondozo, F|100/100
|move|p1a: Dragapult|Dragon Darts|p2a: Dondozo
|-damage|p2a: Dondozo|85/100
|-anim|p1a: Dragapult|Dragon Darts|p2a: Dondozo
|-damage|p2a: Dondozo|68/100
|-damage|p1a: Dragapult|36/100 tox|[from] item: Life Orb
|
|-heal|p2a: Dondozo|74/100|[from] item: Leftovers
|-damage|p1a: Dragapult|18/100 tox|[from] psn
|upkeep
|turn|42
|
|t:|1743834575
|move|p1a: Dragapult|Phantom Force||[still]
|-prepare|p1a: Dragapult|Phantom Force
|move|p2a: Dondozo|Rest|p2a: Dondozo
|-status|p2a: Dondozo|slp|[from] move: Rest
|-heal|p2a: Dondozo|100/100 slp|[silent]
|
|-damage|p1a: Dragapult|0 fnt|[from] psn
|faint|p1a: Dragapult
|upkeep
|
|t:|1743834595
|switch|p1a: Iron Treads|Iron Treads|3/100
|-damage|p1a: Iron Treads|0 fnt|[from] Spikes
|faint|p1a: Iron Treads
|-end|p1a: Iron Treads|Quark Drive|[silent]
|
|t:|1743834599
|switch|p1a: Zamazenta|Zamazenta|32/100 tox
|-damage|p1a: Zamazenta|8/100 tox|[from] Spikes
|-damage|p1a: Zamazenta|1/100 tox|[from] Stealth Rock
|turn|43
|
|t:|1743834603
|switch|p2a: Toxapex|Toxapex, F|76/100
|move|p1a: Zamazenta|Thunder Fang|p2a: Toxapex
|-supereffective|p2a: Toxapex
|-damage|p2a: Toxapex|36/100
|
|-heal|p2a: Toxapex|42/100|[from] item: Leftovers
|-damage|p1a: Zamazenta|0 fnt|[from] psn
|faint|p1a: Zamazenta
|upkeep
|
|t:|1743834608
|switch|p1a: Gholdengo|Gholdengo|100/100
|-damage|p1a: Gholdengo|94/100|[from] Stealth Rock
|-item|p1a: Gholdengo|Air Balloon
|turn|44
|
|t:|1743834625
|switch|p2a: Chansey|Chansey, F|98/100
|move|p1a: Gholdengo|Nasty Plot|p1a: Gholdengo
|-boost|p1a: Gholdengo|spa|2
|
|upkeep
|turn|45
|
|t:|1743834637
|move|p1a: Gholdengo|Nasty Plot|p1a: Gholdengo
|-boost|p1a: Gholdengo|spa|2
|move|p2a: Chansey|Calm Mind|p2a: Chansey
|-boost|p2a: Chansey|spa|1
|-boost|p2a: Chansey|spd|1
|
|upkeep
|turn|46
|
|t:|1743834650
|move|p1a: Gholdengo|Psychic|p2a: Chansey
|-damage|p2a: Chansey|84/100
|move|p2a: Chansey|Calm Mind|p2a: Chansey
|-boost|p2a: Chansey|spa|1
|-boost|p2a: Chansey|spd|1
|
|upkeep
|turn|47
|
|t:|1743834662
|move|p1a: Gholdengo|Psychic|p2a: Chansey
|-damage|p2a: Chansey|74/100
|move|p2a: Chansey|Calm Mind|p2a: Chansey
|-boost|p2a: Chansey|spa|1
|-boost|p2a: Chansey|spd|1
|
|upkeep
|turn|48
|
|t:|1743834669
|move|p1a: Gholdengo|Make It Rain|p2a: Chansey
|-damage|p2a: Chansey|57/100
|-unboost|p1a: Gholdengo|spa|1
|move|p2a: Chansey|Calm Mind|p2a: Chansey
|-boost|p2a: Chansey|spa|1
|-boost|p2a: Chansey|spd|1
|
|upkeep
|turn|49
|
|t:|1743834674
|move|p1a: Gholdengo|Psychic|p2a: Chansey
|-damage|p2a: Chansey|50/100
|-unboost|p2a: Chansey|spd|1
|move|p2a: Chansey|Soft-Boiled|p2a: Chansey
|-heal|p2a: Chansey|100/100
|
|upkeep
|turn|50
|
|t:|1743834691
|move|p1a: Gholdengo|Psychic|p2a: Chansey
|-crit|p2a: Chansey
|-damage|p2a: Chansey|74/100
|move|p2a: Chansey|Calm Mind|p2a: Chansey
|-boost|p2a: Chansey|spa|1
|-boost|p2a: Chansey|spd|1
|
|upkeep
|turn|51
|
|t:|1743834715
|move|p1a: Gholdengo|Make It Rain|p2a: Chansey
|-damage|p2a: Chansey|63/100
|-unboost|p1a: Gholdengo|spa|1
|move|p2a: Chansey|Calm Mind|p2a: Chansey
|-boost|p2a: Chansey|spa|1
|-boost|p2a: Chansey|spd|1
|
|upkeep
|turn|52
|
|t:|1743834726
|move|p1a: Gholdengo|Make It Rain|p2a: Chansey
|-damage|p2a: Chansey|54/100
|-unboost|p1a: Gholdengo|spa|1
|move|p2a: Chansey|Calm Mind|p2a: Chansey
|-boost|p2a: Chansey|spa|0
|-boost|p2a: Chansey|spd|1
|
|upkeep
|turn|53
|
|t:|1743834730
|move|p1a: Gholdengo|Make It Rain|p2a: Chansey
|-damage|p2a: Chansey|49/100
|-unboost|p1a: Gholdengo|spa|1
|move|p2a: Chansey|Soft-Boiled|p2a: Chansey
|-heal|p2a: Chansey|99/100
|
|upkeep
|turn|54
|
|t:|1743834736
|move|p1a: Gholdengo|Make It Rain|p2a: Chansey
|-damage|p2a: Chansey|95/100
|-unboost|p1a: Gholdengo|spa|1
|move|p2a: Chansey|Stealth Rock||[still]
|-fail|p2a: Chansey
|
|upkeep
|turn|55
|
|t:|1743834740
|move|p1a: Gholdengo|Nasty Plot|p1a: Gholdengo
|-boost|p1a: Gholdengo|spa|2
|move|p2a: Chansey|Calm Mind|p2a: Chansey
|-boost|p2a: Chansey|spa|0
|-boost|p2a: Chansey|spd|0
|
|upkeep
|turn|56
|
|t:|1743834747
|move|p1a: Gholdengo|Nasty Plot|p1a: Gholdengo
|-boost|p1a: Gholdengo|spa|2
|move|p2a: Chansey|Calm Mind|p2a: Chansey
|-boost|p2a: Chansey|spa|0
|-boost|p2a: Chansey|spd|0
|
|upkeep
|turn|57
|
|t:|1743834751
|move|p1a: Gholdengo|Nasty Plot|p1a: Gholdengo
|-boost|p1a: Gholdengo|spa|2
|move|p2a: Chansey|Stealth Rock||[still]
|-fail|p2a: Chansey
|
|upkeep
|turn|58
|
|t:|1743834759
|move|p1a: Gholdengo|Nasty Plot|p1a: Gholdengo
|-boost|p1a: Gholdengo|spa|1
|move|p2a: Chansey|Stealth Rock||[still]
|-fail|p2a: Chansey
|
|upkeep
|turn|59
|
|t:|1743834765
|move|p1a: Gholdengo|Psychic|p2a: Chansey
|-damage|p2a: Chansey|88/100
|move|p2a: Chansey|Stealth Rock||[still]
|-fail|p2a: Chansey
|
|upkeep
|turn|60
|
|t:|1743834777
|move|p1a: Gholdengo|Psychic|p2a: Chansey
|-damage|p2a: Chansey|80/100
|move|p2a: Chansey|Seismic Toss|p1a: Gholdengo
|-immune|p1a: Gholdengo
|
|upkeep
|turn|61
|
|t:|1743834785
|move|p1a: Gholdengo|Psychic|p2a: Chansey
|-damage|p2a: Chansey|73/100
|move|p2a: Chansey|Seismic Toss|p1a: Gholdengo
|-immune|p1a: Gholdengo
|
|upkeep
|turn|62
|
|t:|1743834794
|move|p1a: Gholdengo|Psychic|p2a: Chansey
|-damage|p2a: Chansey|65/100
|move|p2a: Chansey|Seismic Toss|p1a: Gholdengo
|-immune|p1a: Gholdengo
|
|upkeep
|turn|63
|
|t:|1743834803
|move|p1a: Gholdengo|Psychic|p2a: Chansey
|-damage|p2a: Chansey|57/100
|move|p2a: Chansey|Soft-Boiled|p2a: Chansey
|-heal|p2a: Chansey|100/100
|
|upkeep
|turn|64
|
|t:|1743834814
|move|p1a: Gholdengo|Psychic|p2a: Chansey
|-damage|p2a: Chansey|94/100
|-unboost|p2a: Chansey|spd|1
|move|p2a: Chansey|Stealth Rock||[still]
|-fail|p2a: Chansey
|
|upkeep
|turn|65
|
|t:|1743834821
|move|p1a: Gholdengo|Psychic|p2a: Chansey
|-crit|p2a: Chansey
|-damage|p2a: Chansey|48/100
|move|p2a: Chansey|Stealth Rock||[still]
|-fail|p2a: Chansey
|
|upkeep
|turn|66
|
|t:|1743834826
|move|p1a: Gholdengo|Make It Rain|p2a: Chansey
|-damage|p2a: Chansey|32/100
|-unboost|p1a: Gholdengo|spa|1
|move|p2a: Chansey|Soft-Boiled|p2a: Chansey
|-heal|p2a: Chansey|82/100
|
|upkeep
|turn|67
|c|☆Bisharp6|Please stop this
|
|t:|1743834844
|move|p1a: Gholdengo|Psychic|p2a: Chansey
|-damage|p2a: Chansey|76/100
|move|p2a: Chansey|Calm Mind|p2a: Chansey
|-boost|p2a: Chansey|spa|0
|-boost|p2a: Chansey|spd|1
|
|upkeep
|turn|68
|
|t:|1743834851
|move|p1a: Gholdengo|Psychic|p2a: Chansey
|-damage|p2a: Chansey|70/100
|move|p2a: Chansey|Stealth Rock||[still]
|-fail|p2a: Chansey
|
|upkeep
|turn|69
|
|t:|1743834856
|move|p1a: Gholdengo|Psychic|p2a: Chansey
|-damage|p2a: Chansey|64/100
|move|p2a: Chansey|Stealth Rock||[still]
|-fail|p2a: Chansey
|
|upkeep
|turn|70
|
|t:|1743834861
|move|p1a: Gholdengo|Psychic|p2a: Chansey
|-damage|p2a: Chansey|57/100
|move|p2a: Chansey|Stealth Rock||[still]
|-fail|p2a: Chansey
|
|upkeep
|turn|71
|
|t:|1743834868
|move|p1a: Gholdengo|Psychic|p2a: Chansey
|-damage|p2a: Chansey|50/100
|move|p2a: Chansey|Soft-Boiled|p2a: Chansey
|-heal|p2a: Chansey|99/100
|
|upkeep
|turn|72
|
|t:|1743834884
|switch|p1a: Gliscor|Gliscor, M|100/100 tox
|-damage|p1a: Gliscor|88/100 tox|[from] Stealth Rock
|move|p2a: Chansey|Seismic Toss|p1a: Gliscor
|-damage|p1a: Gliscor|54/100 tox
|
|-heal|p1a: Gliscor|66/100 tox|[from] ability: Poison Heal
|upkeep
|turn|73
|
|t:|1743834893
|switch|p2a: Gliscor|Gliscor, F|100/100 tox
|move|p1a: Gliscor|Toxic|p2a: Gliscor
|-fail|p2a: Gliscor|tox
|
|-heal|p1a: Gliscor|79/100 tox|[from] ability: Poison Heal
|upkeep
|turn|74
|
|t:|1743834899
|switch|p2a: Toxapex|Toxapex, F|75/100
|move|p1a: Gliscor|Stealth Rock|p2a: Toxapex
|-sidestart|p2: huanghunqingyue|move: Stealth Rock
|
|-heal|p2a: Toxapex|82/100|[from] item: Leftovers
|-heal|p1a: Gliscor|91/100 tox|[from] ability: Poison Heal
|upkeep
|turn|75
|
|t:|1743834912
|switch|p2a: Gliscor|Gliscor, F|100/100 tox
|-damage|p2a: Gliscor|88/100 tox|[from] Stealth Rock
|move|p1a: Gliscor|Earthquake|p2a: Gliscor
|-immune|p2a: Gliscor
|
|-heal|p1a: Gliscor|100/100 tox|[from] ability: Poison Heal
|-heal|p2a: Gliscor|100/100 tox|[from] ability: Poison Heal
|upkeep
|turn|76
|
|t:|1743834928
|move|p1a: Gliscor|U-turn|p2a: Gliscor
|-resisted|p2a: Gliscor
|-damage|p2a: Gliscor|92/100 tox
|
|t:|1743834939
|switch|p1a: Gholdengo|Gholdengo|94/100|[from] U-turn
|-damage|p1a: Gholdengo|88/100|[from] Stealth Rock
|-item|p1a: Gholdengo|Air Balloon
|move|p2a: Gliscor|Substitute|p2a: Gliscor
|-start|p2a: Gliscor|Substitute
|-damage|p2a: Gliscor|67/100 tox
|
|-heal|p2a: Gliscor|80/100 tox|[from] ability: Poison Heal
|upkeep
|turn|77
|
|t:|1743834948
|move|p2a: Gliscor|Knock Off|p1a: Gholdengo
|-supereffective|p1a: Gholdengo
|-damage|p1a: Gholdengo|41/100
|-enditem|p1a: Gholdengo|Air Balloon
|move|p1a: Gholdengo|Shadow Ball|p2a: Gliscor
|-end|p2a: Gliscor|Substitute
|
|-heal|p2a: Gliscor|92/100 tox|[from] ability: Poison Heal
|upkeep
|turn|78
|-message|Bisharp6 forfeited.
|
|win|huanghunqingyue
|raw|Bisharp6's rating: 1265 &rarr; <strong>1239</strong><br />(-26 for losing)
|raw|huanghunqingyue's rating: 1245 &rarr; <strong>1271</strong><br />(+26 for winning)
|l|☆Bisharp6
|player|p1|
|l|☆huanghunqingyue
|player|p2|
