|j|☆bade bunningham
|j|☆fasterfaster88
|t:|1743852021
|gametype|singles
|player|p1|bade bunningham|101|1691
|player|p2|fasterfaster88|1|1758
|teamsize|p1|6
|teamsize|p2|6
|gen|9
|tier|[Gen 9] OU
|rated|
|rule|HP Percentage Mod: HP is shown in percentages
|rule|Endless Battle Clause: Forcing endless battles is banned
|rule|Species Clause: Limit one of each Pokémon
|rule|OHKO Clause: OHKO moves are banned
|rule|Evasion Items Clause: Evasion items are banned
|rule|Evasion Moves Clause: Evasion moves are banned
|rule|Sleep Moves Clause: Sleep-inducing moves are banned
|clearpoke
|poke|p1|Zamazenta-*|
|poke|p1|Latias, F|
|poke|p1|Gholdengo|
|poke|p1|Dragonite, M|
|poke|p1|Glimmora, F|
|poke|p1|Weavile, F|
|poke|p2|Clefable, M|
|poke|p2|Incineroar, F|
|poke|p2|Clodsire, F|
|poke|p2|Zapdos-Galar|
|poke|p2|Gholdengo|
|poke|p2|Dragapult, F|
|teampreview
|inactive|Battle timer is ON: inactive players will automatically lose when time's up. (requested by fasterfaster88)
|
|t:|1743852046
|start
|switch|p1a: Glimmora|Glimmora, F|100/100
|switch|p2a: Zapdos|Zapdos-Galar, shiny|100/100
|turn|1
|
|t:|1743852050
|move|p2a: Zapdos|Thunderous Kick|p1a: Glimmora
|-damage|p1a: Glimmora|53/100
|-unboost|p1a: Glimmora|def|1
|-activate|p1a: Glimmora|ability: Toxic Debris
|-sidestart|p2: fasterfaster88|move: Toxic Spikes
|-enditem|p1a: Glimmora|Red Card|[of] p2a: Zapdos
|drag|p2a: Dragapult|Dragapult, F|100/100
|move|p1a: Glimmora|Stealth Rock|p2a: Dragapult
|-sidestart|p2: fasterfaster88|move: Stealth Rock
|
|upkeep
|turn|2
|
|t:|1743852062
|move|p2a: Dragapult|Dragon Darts|p1a: Glimmora
|-damage|p1a: Glimmora|20/100
|-activate|p1a: Glimmora|ability: Toxic Debris
|-sidestart|p2: fasterfaster88|move: Toxic Spikes
|-anim|p2a: Dragapult|Dragon Darts|p1a: Glimmora
|-damage|p1a: Glimmora|0 fnt
|faint|p1a: Glimmora
|
|upkeep
|inactive|bade bunningham has 120 seconds left.
|
|t:|1743852093
|switch|p1a: Gholdengo|Gholdengo|100/100
|turn|3
|
|t:|1743852100
|switch|p2a: Clodsire|Clodsire, F, shiny|100/100
|-sideend|p2: fasterfaster88|move: Toxic Spikes|[of] p2a: Clodsire
|-damage|p2a: Clodsire|94/100|[from] Stealth Rock
|move|p1a: Gholdengo|Shadow Ball|p2a: Clodsire
|-damage|p2a: Clodsire|73/100
|
|-heal|p2a: Clodsire|79/100|[from] item: Black Sludge
|upkeep
|turn|4
|
|t:|1743852105
|switch|p1a: Weavile|Weavile, F|100/100
|move|p2a: Clodsire|Stealth Rock|p1a: Weavile
|-sidestart|p1: bade bunningham|move: Stealth Rock
|
|-heal|p2a: Clodsire|85/100|[from] item: Black Sludge
|upkeep
|turn|5
|
|t:|1743852109
|switch|p2a: Incineroar|Incineroar, F, shiny|100/100
|-ability|p2a: Incineroar|Intimidate|boost
|-unboost|p1a: Weavile|atk|1
|move|p1a: Weavile|Swords Dance|p1a: Weavile
|-boost|p1a: Weavile|atk|2
|
|upkeep
|turn|6
|
|t:|1743852117
|move|p1a: Weavile|Knock Off|p2a: Incineroar
|-resisted|p2a: Incineroar
|-damage|p2a: Incineroar|53/100
|-enditem|p2a: Incineroar|Heavy-Duty Boots|[from] move: Knock Off|[of] p1a: Weavile
|-damage|p1a: Weavile|91/100|[from] item: Life Orb
|move|p2a: Incineroar|Flare Blitz|p1a: Weavile
|-supereffective|p1a: Weavile
|-damage|p1a: Weavile|0 fnt
|faint|p1a: Weavile
|-damage|p2a: Incineroar|32/100|[from] Recoil
|
|upkeep
|
|t:|1743852135
|switch|p1a: Dragonite|Dragonite, M|100/100
|turn|7
|
|t:|1743852145
|move|p1a: Dragonite|Earthquake|p2a: Incineroar
|-supereffective|p2a: Incineroar
|-damage|p2a: Incineroar|0 fnt
|faint|p2a: Incineroar
|
|upkeep
|
|t:|1743852163
|switch|p2a: Zapdos|Zapdos-Galar, shiny|100/100
|-damage|p2a: Zapdos|88/100|[from] Stealth Rock
|turn|8
|inactive|bade bunningham has 120 seconds left.
|inactive|bade bunningham has 90 seconds left.
|
|t:|1743852225
|move|p2a: Zapdos|Knock Off|p1a: Dragonite
|-crit|p1a: Dragonite
|-damage|p1a: Dragonite|75/100
|-enditem|p1a: Dragonite|Heavy-Duty Boots|[from] move: Knock Off|[of] p2a: Zapdos
|move|p1a: Dragonite|Ice Spinner|p2a: Zapdos
|-supereffective|p2a: Zapdos
|-damage|p2a: Zapdos|11/100
|
|upkeep
|turn|9
|inactive|bade bunningham has 90 seconds left.
|inactive|fasterfaster88 has 120 seconds left.
|
|t:|1743852267
|move|p1a: Dragonite|Extreme Speed|p2a: Zapdos
|-damage|p2a: Zapdos|0 fnt
|faint|p2a: Zapdos
|
|upkeep
|
|t:|1743852271
|switch|p2a: Dragapult|Dragapult, F|100/100
|turn|10
|
|t:|1743852285
|-terastallize|p1a: Dragonite|Normal
|move|p2a: Dragapult|Dragon Darts|p1a: Dragonite
|-damage|p1a: Dragonite|49/100
|-anim|p2a: Dragapult|Dragon Darts|p1a: Dragonite
|-damage|p1a: Dragonite|22/100
|move|p1a: Dragonite|Ice Spinner|p2a: Dragapult
|-supereffective|p2a: Dragapult
|-damage|p2a: Dragapult|13/100
|
|upkeep
|turn|11
|
|t:|1743852293
|move|p2a: Dragapult|Dragon Darts|p1a: Dragonite
|-damage|p1a: Dragonite|0 fnt
|faint|p1a: Dragonite
|
|upkeep
|
|t:|1743852298
|switch|p1a: Gholdengo|Gholdengo|100/100
|-damage|p1a: Gholdengo|94/100|[from] Stealth Rock
|turn|12
|
|t:|1743852312
|switch|p2a: Clodsire|Clodsire, F, shiny|85/100
|-damage|p2a: Clodsire|79/100|[from] Stealth Rock
|move|p1a: Gholdengo|Shadow Ball|p2a: Clodsire
|-damage|p2a: Clodsire|58/100
|
|-heal|p2a: Clodsire|65/100|[from] item: Black Sludge
|upkeep
|turn|13
|
|t:|1743852322
|switch|p1a: Latias|Latias, F|100/100
|-damage|p1a: Latias|88/100|[from] Stealth Rock
|move|p2a: Clodsire|Toxic|p1a: Latias
|-status|p1a: Latias|tox
|
|-heal|p1a: Latias|94/100 tox|[from] item: Leftovers
|-heal|p2a: Clodsire|71/100|[from] item: Black Sludge
|-damage|p1a: Latias|88/100 tox|[from] psn
|upkeep
|turn|14
|-message|bade bunningham forfeited.
|
|win|fasterfaster88
|raw|bade bunningham's rating: 1691 &rarr; <strong>1675</strong><br />(-16 for losing)
|raw|fasterfaster88's rating: 1758 &rarr; <strong>1774</strong><br />(+16 for winning)
|l|☆bade bunningham
|player|p1|
|l|☆fasterfaster88
|player|p2|
