|j|☆tigerisfizz45
|j|☆Kiwi Weewee
|t:|1743807668
|gametype|singles
|player|p1|tigerisfizz45|265|1200
|player|p2|Kiwi Weewee|2|1239
|teamsize|p1|6
|teamsize|p2|6
|gen|9
|tier|[Gen 9] OU
|rated|
|rule|HP Percentage Mod: HP is shown in percentages
|rule|Endless Battle Clause: Forcing endless battles is banned
|rule|Species Clause: Limit one of each Pokémon
|rule|OHKO Clause: OHKO moves are banned
|rule|Evasion Items Clause: Evasion items are banned
|rule|Evasion Moves Clause: Evasion moves are banned
|rule|Sleep Moves Clause: Sleep-inducing moves are banned
|clearpoke
|poke|p1|Corviknight, M|
|poke|p1|Rillaboom, F|
|poke|p1|Araquanid, M|
|poke|p1|Tyranitar, F|
|poke|p1|Gardevoir, M|
|poke|p1|Ting-Lu|
|poke|p2|Conkeldurr, F|
|poke|p2|Spidops, M|
|poke|p2|Greninja-*, F|
|poke|p2|Gardevoir, M|
|poke|p2|Tsareena, F|
|poke|p2|Pecharunt|
|teampreview
|inactive|Battle timer is ON: inactive players will automatically lose when time's up. (requested by tigerisfizz45)
|inactive|Kiwi Weewee has 120 seconds left.
|
|t:|1743807727
|start
|switch|p1a: Gardevoir|Gardevoir, M|100/100
|switch|p2a: Spidops|Spidops, M|100/100
|-ability|p1a: Gardevoir|Stakeout|[from] ability: Trace|[of] p2a: Spidops
|turn|1
|
|t:|1743807739
|move|p1a: Gardevoir|Trick|p2a: Spidops
|-activate|p1a: Gardevoir|move: Trick|[of] p2a: Spidops
|-item|p2a: Spidops|Choice Specs|[from] move: Trick
|-item|p1a: Gardevoir|Focus Sash|[from] move: Trick
|move|p2a: Spidops|Sticky Web|p1a: Gardevoir
|-sidestart|p1: tigerisfizz45|move: Sticky Web
|
|upkeep
|turn|2
|inactive|Kiwi Weewee has 120 seconds left.
|
|t:|1743807772
|switch|p2a: Tsareena|Tsareena, F|100/100
|move|p1a: Gardevoir|Moonblast|p2a: Tsareena
|-damage|p2a: Tsareena|0 fnt
|faint|p2a: Tsareena
|
|upkeep
|inactive|Kiwi Weewee has 120 seconds left.
|
|t:|1743807781
|switch|p2a: Pecharunt|Pecharunt|100/100
|turn|3
|
|t:|1743807786
|switch|p1a: Ting-Lu|Ting-Lu|100/100
|-activate|p1a: Ting-Lu|move: Sticky Web
|-unboost|p1a: Ting-Lu|spe|1
|-ability|p1a: Ting-Lu|Vessel of Ruin
|move|p2a: Pecharunt|Curse|p1a: Ting-Lu
|-start|p1a: Ting-Lu|Curse|[of] p2a: Pecharunt
|-damage|p2a: Pecharunt|50/100
|
|-damage|p1a: Ting-Lu|76/100|[from] Curse
|upkeep
|turn|4
|
|t:|1743807799
|move|p2a: Pecharunt|Recover|p2a: Pecharunt
|-heal|p2a: Pecharunt|100/100
|move|p1a: Ting-Lu|Stealth Rock|p2a: Pecharunt
|-sidestart|p2: Kiwi Weewee|move: Stealth Rock
|
|-heal|p1a: Ting-Lu|82/100|[from] item: Leftovers
|-damage|p1a: Ting-Lu|57/100|[from] Curse
|upkeep
|turn|5
|
|t:|1743807809
|move|p2a: Pecharunt|Malignant Chain|p1a: Ting-Lu
|-resisted|p1a: Ting-Lu
|-damage|p1a: Ting-Lu|50/100
|move|p1a: Ting-Lu|Earthquake|p2a: Pecharunt
|-supereffective|p2a: Pecharunt
|-damage|p2a: Pecharunt|57/100
|
|-heal|p1a: Ting-Lu|56/100|[from] item: Leftovers
|-damage|p1a: Ting-Lu|31/100|[from] Curse
|upkeep
|turn|6
|
|t:|1743807818
|move|p2a: Pecharunt|Recover|p2a: Pecharunt
|-heal|p2a: Pecharunt|100/100
|move|p1a: Ting-Lu|Earthquake|p2a: Pecharunt
|-supereffective|p2a: Pecharunt
|-damage|p2a: Pecharunt|57/100
|
|-heal|p1a: Ting-Lu|37/100|[from] item: Leftovers
|-damage|p1a: Ting-Lu|12/100|[from] Curse
|upkeep
|turn|7
|
|t:|1743807832
|move|p2a: Pecharunt|Recover|p2a: Pecharunt
|-heal|p2a: Pecharunt|100/100
|move|p1a: Ting-Lu|Earthquake|p2a: Pecharunt
|-supereffective|p2a: Pecharunt
|-damage|p2a: Pecharunt|59/100
|
|-heal|p1a: Ting-Lu|18/100|[from] item: Leftovers
|-damage|p1a: Ting-Lu|0 fnt|[from] Curse
|faint|p1a: Ting-Lu
|upkeep
|
|t:|1743807846
|switch|p1a: Araquanid|Araquanid, M|100/100
|-activate|p1a: Araquanid|move: Sticky Web
|-unboost|p1a: Araquanid|spe|1
|turn|8
|
|t:|1743807854
|move|p2a: Pecharunt|Malignant Chain|p1a: Araquanid
|-damage|p1a: Araquanid|80/100
|move|p1a: Araquanid|Sticky Web|p2a: Pecharunt
|-sidestart|p2: Kiwi Weewee|move: Sticky Web
|
|-heal|p1a: Araquanid|86/100|[from] item: Leftovers
|upkeep
|turn|9
|
|t:|1743807860
|move|p2a: Pecharunt|Malignant Chain|p1a: Araquanid
|-damage|p1a: Araquanid|64/100
|move|p1a: Araquanid|Liquidation|p2a: Pecharunt
|-damage|p2a: Pecharunt|31/100
|-damage|p1a: Araquanid|48/100|[from] item: Rocky Helmet|[of] p2a: Pecharunt
|
|-heal|p1a: Araquanid|54/100|[from] item: Leftovers
|upkeep
|turn|10
|
|t:|1743807868
|move|p2a: Pecharunt|Recover|p2a: Pecharunt
|-heal|p2a: Pecharunt|81/100
|move|p1a: Araquanid|Liquidation|p2a: Pecharunt
|-damage|p2a: Pecharunt|52/100
|-damage|p1a: Araquanid|38/100|[from] item: Rocky Helmet|[of] p2a: Pecharunt
|
|-heal|p1a: Araquanid|44/100|[from] item: Leftovers
|upkeep
|turn|11
|
|t:|1743807876
|move|p2a: Pecharunt|Malignant Chain|p1a: Araquanid
|-damage|p1a: Araquanid|25/100
|move|p1a: Araquanid|Infestation|p2a: Pecharunt
|-resisted|p2a: Pecharunt
|-damage|p2a: Pecharunt|52/100
|-activate|p2a: Pecharunt|move: Infestation|[of] p1a: Araquanid
|-damage|p1a: Araquanid|8/100|[from] item: Rocky Helmet|[of] p2a: Pecharunt
|
|-heal|p1a: Araquanid|15/100|[from] item: Leftovers
|-damage|p2a: Pecharunt|39/100|[from] move: Infestation|[partiallytrapped]
|upkeep
|turn|12
|
|t:|1743807887
|move|p2a: Pecharunt|Recover|p2a: Pecharunt
|-heal|p2a: Pecharunt|89/100
|move|p1a: Araquanid|Liquidation|p2a: Pecharunt
|-damage|p2a: Pecharunt|61/100
|-damage|p1a: Araquanid|0 fnt|[from] item: Rocky Helmet|[of] p2a: Pecharunt
|faint|p1a: Araquanid
|
|-end|p2a: Pecharunt|Infestation|[partiallytrapped]|[silent]
|upkeep
|
|t:|1743807894
|switch|p1a: Rillaboom|Rillaboom, F|100/100
|-activate|p1a: Rillaboom|move: Sticky Web
|-unboost|p1a: Rillaboom|spe|1
|-fieldstart|move: Grassy Terrain|[from] ability: Grassy Surge|[of] p1a: Rillaboom
|turn|13
|
|t:|1743807901
|move|p2a: Pecharunt|Malignant Chain|p1a: Rillaboom
|-supereffective|p1a: Rillaboom
|-damage|p1a: Rillaboom|14/100
|-status|p1a: Rillaboom|tox
|-start|p1a: Rillaboom|confusion|[from] ability: Poison Puppeteer|[of] p2a: Pecharunt
|-activate|p1a: Rillaboom|confusion
|move|p1a: Rillaboom|Knock Off|p2a: Pecharunt
|-supereffective|p2a: Pecharunt
|-damage|p2a: Pecharunt|14/100
|-damage|p1a: Rillaboom|0 fnt|[from] item: Rocky Helmet|[of] p2a: Pecharunt
|faint|p1a: Rillaboom
|
|-heal|p2a: Pecharunt|20/100|[from] Grassy Terrain
|upkeep
|
|t:|1743807918
|switch|p1a: Gardevoir|Gardevoir, M|100/100
|-activate|p1a: Gardevoir|move: Sticky Web
|-unboost|p1a: Gardevoir|spe|1
|turn|14
|
|t:|1743807927
|-terastallize|p2a: Pecharunt|Poison
|move|p2a: Pecharunt|Recover|p2a: Pecharunt
|-heal|p2a: Pecharunt|70/100
|move|p1a: Gardevoir|Psychic|p2a: Pecharunt
|-supereffective|p2a: Pecharunt
|-damage|p2a: Pecharunt|8/100
|
|-heal|p2a: Pecharunt|14/100|[from] Grassy Terrain
|upkeep
|turn|15
|
|t:|1743807949
|move|p2a: Pecharunt|Malignant Chain|p1a: Gardevoir
|-supereffective|p1a: Gardevoir
|-damage|p1a: Gardevoir|11/100
|-status|p1a: Gardevoir|tox
|-start|p1a: Gardevoir|confusion|[from] ability: Poison Puppeteer|[of] p2a: Pecharunt
|-activate|p1a: Gardevoir|confusion
|move|p1a: Gardevoir|Psychic|p2a: Pecharunt
|-supereffective|p2a: Pecharunt
|-damage|p2a: Pecharunt|0 fnt
|faint|p2a: Pecharunt
|
|-heal|p1a: Gardevoir|17/100 tox|[from] Grassy Terrain
|-damage|p1a: Gardevoir|11/100 tox|[from] psn
|upkeep
|inactive|Kiwi Weewee has 120 seconds left.
|
|t:|1743807980
|switch|p2a: Gardevoir|Gardevoir, M|100/100
|-damage|p2a: Gardevoir|88/100|[from] Stealth Rock
|-activate|p2a: Gardevoir|move: Sticky Web
|-unboost|p2a: Gardevoir|spe|1
|turn|16
|inactive|Kiwi Weewee has 120 seconds left.
|
|t:|1743807987
|-end|p1a: Gardevoir|confusion
|move|p1a: Gardevoir|Trick|p2a: Gardevoir
|-activate|p1a: Gardevoir|move: Trick|[of] p2a: Gardevoir
|-item|p2a: Gardevoir|Focus Sash|[from] move: Trick
|-item|p1a: Gardevoir|Leftovers|[from] move: Trick
|move|p2a: Gardevoir|Moonblast|p1a: Gardevoir
|-damage|p1a: Gardevoir|0 fnt
|faint|p1a: Gardevoir
|
|-heal|p2a: Gardevoir|94/100|[from] Grassy Terrain
|upkeep
|
|t:|1743807994
|switch|p1a: Corviknight|Corviknight, M|100/100
|-ability|p2a: Gardevoir|Unnerve
|-ability|p2a: Gardevoir|Unnerve|[from] ability: Trace|[of] p1a: Corviknight
|-ability|p1a: Corviknight|Unnerve
|turn|17
|
|t:|1743808001
|move|p1a: Corviknight|Brave Bird|p2a: Gardevoir
|-damage|p2a: Gardevoir|40/100
|-damage|p1a: Corviknight|85/100|[from] Recoil
|move|p2a: Gardevoir|Thunderbolt|p1a: Corviknight
|-supereffective|p1a: Corviknight
|-damage|p1a: Corviknight|30/100
|
|-heal|p2a: Gardevoir|47/100|[from] Grassy Terrain
|-fieldend|move: Grassy Terrain
|upkeep
|turn|18
|
|t:|1743808012
|move|p1a: Corviknight|Light Screen|p1a: Corviknight
|-sidestart|p1: tigerisfizz45|move: Light Screen
|move|p2a: Gardevoir|Thunderbolt|p1a: Corviknight
|-supereffective|p1a: Corviknight
|-damage|p1a: Corviknight|2/100
|
|upkeep
|turn|19
|
|t:|1743808017
|move|p1a: Corviknight|Brave Bird|p2a: Gardevoir
|-damage|p2a: Gardevoir|0 fnt
|faint|p2a: Gardevoir
|-damage|p1a: Corviknight|0 fnt|[from] Recoil
|faint|p1a: Corviknight
|
|upkeep
|
|t:|1743808025
|switch|p2a: Conkeldurr|Conkeldurr, F|100/100
|switch|p1a: Tyranitar|Tyranitar, F|100/100
|-activate|p1a: Tyranitar|move: Sticky Web
|-unboost|p1a: Tyranitar|spe|1
|-weather|Sandstorm|[from] ability: Sand Stream|[of] p1a: Tyranitar
|-damage|p2a: Conkeldurr|94/100|[from] Stealth Rock
|-activate|p2a: Conkeldurr|move: Sticky Web
|-unboost|p2a: Conkeldurr|spe|1
|turn|20
|
|t:|1743808035
|move|p1a: Tyranitar|Dragon Dance|p1a: Tyranitar
|-boost|p1a: Tyranitar|atk|1
|-boost|p1a: Tyranitar|spe|1
|move|p2a: Conkeldurr|Drain Punch|p1a: Tyranitar
|-supereffective|p1a: Tyranitar
|-damage|p1a: Tyranitar|0 fnt
|-heal|p2a: Conkeldurr|100/100|[from] drain|[of] p1a: Tyranitar
|-damage|p2a: Conkeldurr|84/100|[from] item: Rocky Helmet|[of] p1a: Tyranitar
|faint|p1a: Tyranitar
|
|win|Kiwi Weewee
|raw|tigerisfizz45's rating: 1200 &rarr; <strong>1178</strong><br />(-22 for losing)
|raw|Kiwi Weewee's rating: 1239 &rarr; <strong>1261</strong><br />(+22 for winning)
|l|☆Kiwi Weewee
|player|p2|
|l|☆tigerisfizz45
|player|p1|
