|j|☆lingeshushu
|j|☆uzumakiCharizard
|t:|1743824133
|gametype|singles
|player|p1|lingeshushu|pokekid|1340
|player|p2|uzumakiCharizard|lady|1263
|teamsize|p1|6
|teamsize|p2|6
|gen|9
|tier|[Gen 9] OU
|rated|
|rule|HP Percentage Mod: HP is shown in percentages
|rule|Endless Battle Clause: Forcing endless battles is banned
|rule|Species Clause: Limit one of each Pokémon
|rule|OHKO Clause: OHKO moves are banned
|rule|Evasion Items Clause: Evasion items are banned
|rule|Evasion Moves Clause: Evasion moves are banned
|rule|Sleep Moves Clause: Sleep-inducing moves are banned
|clearpoke
|poke|p1|Pelipper, M|
|poke|p1|Barraskewda, F|
|poke|p1|Zapdos|
|poke|p1|Corviknight, F|
|poke|p1|Clodsire, M|
|poke|p1|Incineroar, F|
|poke|p2|Skarmory, M|
|poke|p2|Heatran, M|
|poke|p2|Primarina, M|
|poke|p2|Great Tusk|
|poke|p2|Gholdengo|
|poke|p2|Hydrapple, F|
|teampreview
|inactive|Battle timer is ON: inactive players will automatically lose when time's up. (requested by uzumakiCharizard)
|
|t:|1743824151
|start
|switch|p1a: Zapdos|Zapdos, shiny|100/100
|switch|p2a: Skarmory|Skarmory, M|100/100
|turn|1
|
|t:|1743824156
|move|p1a: Zapdos|Volt Switch|p2a: Skarmory
|-supereffective|p2a: Skarmory
|-damage|p2a: Skarmory|12/100
|
|t:|1743824160
|switch|p1a: Corviknight|Corviknight, F, shiny|100/100|[from] Volt Switch
|-ability|p1a: Corviknight|Pressure
|move|p2a: Skarmory|Spikes|p1a: Corviknight
|-sidestart|p1: lingeshushu|Spikes
|
|upkeep
|turn|2
|
|t:|1743824168
|move|p2a: Skarmory|Spikes|p1a: Corviknight
|-sidestart|p1: lingeshushu|Spikes
|move|p1a: Corviknight|Defog|p2a: Skarmory
|-unboost|p2a: Skarmory|evasion|1
|-sideend|p1: lingeshushu|Spikes|[from] move: Defog|[of] p1a: Corviknight
|
|upkeep
|turn|3
|
|t:|1743824180
|move|p2a: Skarmory|Spikes|p1a: Corviknight
|-sidestart|p1: lingeshushu|Spikes
|move|p1a: Corviknight|Body Press|p2a: Skarmory
|-damage|p2a: Skarmory|0 fnt
|-damage|p1a: Corviknight|84/100|[from] item: Rocky Helmet|[of] p2a: Skarmory
|faint|p2a: Skarmory
|
|upkeep
|
|t:|1743824199
|switch|p2a: Heatran|Heatran, M, shiny|100/100
|turn|4
|
|t:|1743824208
|switch|p1a: Pelipper|Pelipper, M|100/100
|-weather|RainDance|[from] ability: Drizzle|[of] p1a: Pelipper
|move|p2a: Heatran|Magma Storm|p1a: Pelipper
|-resisted|p1a: Pelipper
|-damage|p1a: Pelipper|84/100
|-activate|p1a: Pelipper|move: Magma Storm|[of] p2a: Heatran
|
|-weather|RainDance|[upkeep]
|-damage|p1a: Pelipper|71/100|[from] move: Magma Storm|[partiallytrapped]
|upkeep
|turn|5
|
|t:|1743824226
|switch|p2a: Hydrapple|Hydrapple, F|100/100
|move|p1a: Pelipper|Weather Ball|p2a: Hydrapple
|-resisted|p2a: Hydrapple
|-damage|p2a: Hydrapple|87/100
|
|-weather|RainDance|[upkeep]
|-end|p1a: Pelipper|Magma Storm|[partiallytrapped]|[silent]
|upkeep
|turn|6
|
|t:|1743824236
|switch|p1a: Clodsire|Clodsire, M|100/100
|-damage|p1a: Clodsire|88/100|[from] Spikes
|move|p2a: Hydrapple|Fickle Beam|p1a: Clodsire
|-damage|p1a: Clodsire|66/100
|
|-weather|RainDance|[upkeep]
|-heal|p1a: Clodsire|73/100|[from] item: Leftovers
|upkeep
|turn|7
|
|t:|1743824243
|switch|p2a: Primarina|Primarina, M|100/100
|move|p1a: Clodsire|Stealth Rock|p2a: Primarina
|-sidestart|p2: uzumakiCharizard|move: Stealth Rock
|
|-weather|RainDance|[upkeep]
|-heal|p1a: Clodsire|79/100|[from] item: Leftovers
|upkeep
|turn|8
|
|t:|1743824253
|move|p2a: Primarina|Psychic Noise|p1a: Clodsire
|-supereffective|p1a: Clodsire
|-crit|p1a: Clodsire
|-damage|p1a: Clodsire|34/100
|-start|p1a: Clodsire|move: Heal Block
|move|p1a: Clodsire|Toxic|p2a: Primarina
|-status|p2a: Primarina|tox
|
|-weather|RainDance|[upkeep]
|-damage|p2a: Primarina|94/100 tox|[from] psn
|upkeep
|turn|9
|
|t:|1743824261
|switch|p1a: Corviknight|Corviknight, F, shiny|84/100
|-ability|p1a: Corviknight|Pressure
|move|p2a: Primarina|Sparkling Aria|p1a: Corviknight
|-damage|p1a: Corviknight|14/100
|
|-weather|RainDance|[upkeep]
|-damage|p2a: Primarina|82/100 tox|[from] psn
|upkeep
|turn|10
|
|t:|1743824283
|switch|p1a: Clodsire|Clodsire, M|34/100
|-damage|p1a: Clodsire|22/100|[from] Spikes
|move|p2a: Primarina|Sparkling Aria|p1a: Clodsire
|-heal|p1a: Clodsire|47/100|[from] ability: Water Absorb|[of] p2a: Primarina
|
|-weather|RainDance|[upkeep]
|-heal|p1a: Clodsire|53/100|[from] item: Leftovers
|-damage|p2a: Primarina|63/100 tox|[from] psn
|upkeep
|turn|11
|
|t:|1743824294
|switch|p1a: Incineroar|Incineroar, F, shiny|100/100
|-ability|p1a: Incineroar|Intimidate|boost
|-unboost|p2a: Primarina|atk|1
|move|p2a: Primarina|Psychic Noise|p1a: Incineroar
|-immune|p1a: Incineroar
|
|-weather|none
|-damage|p2a: Primarina|38/100 tox|[from] psn
|upkeep
|turn|12
|
|t:|1743824310
|move|p2a: Primarina|Psychic Noise|p1a: Incineroar
|-immune|p1a: Incineroar
|move|p1a: Incineroar|Parting Shot|p2a: Primarina
|-unboost|p2a: Primarina|atk|1
|-unboost|p2a: Primarina|spa|1
|inactive|lingeshushu has 120 seconds left.
|
|t:|1743824340
|switch|p1a: Zapdos|Zapdos, shiny|100/100|[from] Parting Shot
|
|-damage|p2a: Primarina|7/100 tox|[from] psn
|upkeep
|turn|13
|
|t:|1743824348
|move|p1a: Zapdos|Volt Switch|p2a: Primarina
|-supereffective|p2a: Primarina
|-damage|p2a: Primarina|0 fnt
|faint|p2a: Primarina
|
|t:|1743824352
|switch|p1a: Pelipper|Pelipper, M|71/100|[from] Volt Switch
|-weather|RainDance|[from] ability: Drizzle|[of] p1a: Pelipper
|
|-weather|RainDance|[upkeep]
|upkeep
|
|t:|1743824360
|switch|p2a: Gholdengo|Gholdengo|100/100
|-damage|p2a: Gholdengo|94/100|[from] Stealth Rock
|turn|14
|
|t:|1743824366
|switch|p1a: Corviknight|Corviknight, F, shiny|14/100
|-ability|p1a: Corviknight|Pressure
|move|p2a: Gholdengo|Shadow Ball|p1a: Corviknight
|-damage|p1a: Corviknight|0 fnt
|faint|p1a: Corviknight
|
|-weather|RainDance|[upkeep]
|upkeep
|
|t:|1743824381
|switch|p1a: Zapdos|Zapdos, shiny|100/100
|turn|15
|
|t:|1743824384
|move|p2a: Gholdengo|Shadow Ball|p1a: Zapdos
|-crit|p1a: Zapdos
|-damage|p1a: Zapdos|17/100
|-unboost|p1a: Zapdos|spd|1
|move|p1a: Zapdos|Thunder|p2a: Gholdengo
|-damage|p2a: Gholdengo|27/100
|
|-weather|RainDance|[upkeep]
|upkeep
|turn|16
|
|t:|1743824392
|switch|p1a: Incineroar|Incineroar, F, shiny|100/100
|-ability|p1a: Incineroar|Intimidate|boost
|-unboost|p2a: Gholdengo|atk|1
|move|p2a: Gholdengo|Shadow Ball|p1a: Incineroar
|-resisted|p1a: Incineroar
|-damage|p1a: Incineroar|78/100
|-unboost|p1a: Incineroar|spd|1
|
|-weather|RainDance|[upkeep]
|upkeep
|turn|17
|
|t:|1743824413
|switch|p2a: Heatran|Heatran, M, shiny|100/100
|-damage|p2a: Heatran|88/100|[from] Stealth Rock
|move|p1a: Incineroar|Parting Shot|p2a: Heatran
|-unboost|p2a: Heatran|atk|1
|-unboost|p2a: Heatran|spa|1
|
|t:|1743824422
|switch|p1a: Zapdos|Zapdos, shiny|17/100|[from] Parting Shot
|
|-weather|RainDance|[upkeep]
|-heal|p2a: Heatran|94/100|[from] item: Leftovers
|upkeep
|turn|18
|
|t:|1743824439
|move|p1a: Zapdos|Weather Ball|p2a: Heatran
|-supereffective|p2a: Heatran
|-damage|p2a: Heatran|12/100
|move|p2a: Heatran|Magma Storm|p1a: Zapdos|[miss]
|-miss|p2a: Heatran|p1a: Zapdos
|
|-weather|RainDance|[upkeep]
|-heal|p2a: Heatran|19/100|[from] item: Leftovers
|upkeep
|turn|19
|
|t:|1743824446
|move|p1a: Zapdos|Weather Ball|p2a: Heatran
|-supereffective|p2a: Heatran
|-damage|p2a: Heatran|0 fnt
|faint|p2a: Heatran
|
|-weather|RainDance|[upkeep]
|upkeep
|
|t:|1743824448
|switch|p2a: Hydrapple|Hydrapple, F|100/100
|turn|20
|
|t:|1743824453
|move|p1a: Zapdos|Hurricane|p2a: Hydrapple
|-supereffective|p2a: Hydrapple
|-damage|p2a: Hydrapple|0 fnt
|faint|p2a: Hydrapple
|
|-weather|none
|upkeep
|
|t:|1743824461
|switch|p2a: Gholdengo|Gholdengo|27/100
|-damage|p2a: Gholdengo|21/100|[from] Stealth Rock
|turn|21
|
|t:|1743824465
|switch|p1a: Incineroar|Incineroar, F, shiny|78/100
|-ability|p1a: Incineroar|Intimidate|boost
|-unboost|p2a: Gholdengo|atk|1
|move|p2a: Gholdengo|Focus Blast|p1a: Incineroar
|-supereffective|p1a: Incineroar
|-damage|p1a: Incineroar|0 fnt
|faint|p1a: Incineroar
|
|upkeep
|
|t:|1743824478
|switch|p1a: Pelipper|Pelipper, M|71/100
|-weather|RainDance|[from] ability: Drizzle|[of] p1a: Pelipper
|turn|22
|
|t:|1743824483
|move|p2a: Gholdengo|Focus Blast|p1a: Pelipper
|-resisted|p1a: Pelipper
|-damage|p1a: Pelipper|43/100
|move|p1a: Pelipper|Roost|p1a: Pelipper
|-heal|p1a: Pelipper|93/100
|-singleturn|p1a: Pelipper|move: Roost
|
|-weather|RainDance|[upkeep]
|upkeep
|turn|23
|
|t:|1743824487
|switch|p2a: Great Tusk|Great Tusk|100/100
|-damage|p2a: Great Tusk|98/100|[from] Stealth Rock
|move|p1a: Pelipper|Weather Ball|p2a: Great Tusk
|-supereffective|p2a: Great Tusk
|-damage|p2a: Great Tusk|0 fnt
|faint|p2a: Great Tusk
|-end|p2a: Great Tusk|Protosynthesis|[silent]
|
|-weather|RainDance|[upkeep]
|upkeep
|
|t:|1743824491
|switch|p2a: Gholdengo|Gholdengo|21/100
|-damage|p2a: Gholdengo|15/100|[from] Stealth Rock
|turn|24
|
|t:|1743824493
|move|p2a: Gholdengo|Shadow Ball|p1a: Pelipper
|-damage|p1a: Pelipper|27/100
|move|p1a: Pelipper|Weather Ball|p2a: Gholdengo
|-damage|p2a: Gholdengo|0 fnt
|faint|p2a: Gholdengo
|
|win|lingeshushu
|raw|lingeshushu's rating: 1340 &rarr; <strong>1356</strong><br />(+16 for winning)
|raw|uzumakiCharizard's rating: 1263 &rarr; <strong>1243</strong><br />(-20 for losing)
|l|☆uzumakiCharizard
|player|p2|
|l|☆lingeshushu
|player|p1|
|j|☆lingeshushu
|player|p1|lingeshushu|pokekid|
