|j|☆xxholderoftehhaxxx
|j|☆cbateadmira
|t:|1743904029
|gametype|singles
|player|p1|xxholderoftehhaxxx|harlequin|1497
|player|p2|cbateadmira|266|1494
|teamsize|p1|6
|teamsize|p2|6
|gen|9
|tier|[Gen 9] OU
|rated|
|rule|HP Percentage Mod: HP is shown in percentages
|rule|Endless Battle Clause: Forcing endless battles is banned
|rule|Species Clause: Limit one of each Pokémon
|rule|OHKO Clause: OHKO moves are banned
|rule|Evasion Items Clause: Evasion items are banned
|rule|Evasion Moves Clause: Evasion moves are banned
|rule|Sleep Moves Clause: Sleep-inducing moves are banned
|clearpoke
|poke|p1|Electrode-Hisui|
|poke|p1|Alomomola, F|
|poke|p1|Tornadus-Therian, M|
|poke|p1|Raging Bolt|
|poke|p1|Meowscarada, M|
|poke|p1|Cetitan, F|
|poke|p2|Ogerpon-Wellspring, F|
|poke|p2|Dragonite, M|
|poke|p2|Iron Valiant|
|poke|p2|Toxapex, F|
|poke|p2|Corviknight, F|
|poke|p2|Great Tusk|
|teampreview
|inactive|Battle timer is ON: inactive players will automatically lose when time's up. (requested by xxholderoftehhaxxx)
|
|t:|1743904042
|start
|switch|p1a: Electrode|Electrode-Hisui|100/100
|switch|p2a: Toxapex|Toxapex, F|100/100
|turn|1
|
|t:|1743904046
|move|p1a: Electrode|Taunt|p2a: Toxapex
|-start|p2a: Toxapex|move: Taunt
|move|p2a: Toxapex|Sludge Bomb|p1a: Electrode
|-supereffective|p1a: Electrode
|-damage|p1a: Electrode|0 fnt
|faint|p1a: Electrode
|
|upkeep
|
|t:|1743904049
|switch|p1a: Raging Bolt|Raging Bolt|100/100
|turn|2
|
|t:|1743904052
|move|p1a: Raging Bolt|Draco Meteor|p2a: Toxapex
|-damage|p2a: Toxapex|31/100
|-unboost|p1a: Raging Bolt|spa|2
|move|p2a: Toxapex|Sludge Bomb|p1a: Raging Bolt
|-damage|p1a: Raging Bolt|75/100
|-status|p1a: Raging Bolt|psn
|
|-damage|p1a: Raging Bolt|63/100 psn|[from] psn
|upkeep
|turn|3
|
|t:|1743904058
|switch|p2a: Iron Valiant|Iron Valiant|100/100
|move|p1a: Raging Bolt|Draco Meteor|p2a: Iron Valiant
|-immune|p2a: Iron Valiant
|
|-damage|p1a: Raging Bolt|51/100 psn|[from] psn
|upkeep
|turn|4
|
|t:|1743904062
|-end|p1a: Raging Bolt|Protosynthesis|[silent]
|switch|p1a: Tornadus|Tornadus-Therian, M|100/100
|move|p2a: Iron Valiant|Knock Off|p1a: Tornadus
|-damage|p1a: Tornadus|70/100
|-enditem|p1a: Tornadus|Heavy-Duty Boots|[from] move: Knock Off|[of] p2a: Iron Valiant
|
|upkeep
|turn|5
|
|t:|1743904068
|-end|p2a: Iron Valiant|Quark Drive|[silent]
|switch|p2a: Toxapex|Toxapex, F|65/100
|move|p1a: Tornadus|U-turn|p2a: Toxapex
|-resisted|p2a: Toxapex
|-damage|p2a: Toxapex|56/100
|
|t:|1743904070
|switch|p1a: Raging Bolt|Raging Bolt|51/100 psn|[from] U-turn
|
|-damage|p1a: Raging Bolt|38/100 psn|[from] psn
|upkeep
|turn|6
|
|t:|1743904094
|switch|p2a: Dragonite|Dragonite, M|100/100
|move|p1a: Raging Bolt|Volt Switch|p2a: Dragonite
|-damage|p2a: Dragonite|73/100
|
|t:|1743904101
|-end|p1a: Raging Bolt|Protosynthesis|[silent]
|switch|p1a: Cetitan|Cetitan, F|100/100|[from] Volt Switch
|
|upkeep
|turn|7
|
|t:|1743904114
|switch|p2a: Corviknight|Corviknight, F|100/100
|-ability|p2a: Corviknight|Pressure
|move|p1a: Cetitan|Avalanche|p2a: Corviknight
|-damage|p2a: Corviknight|82/100
|-damage|p1a: Cetitan|84/100|[from] item: Rocky Helmet|[of] p2a: Corviknight
|
|upkeep
|turn|8
|
|t:|1743904119
|switch|p1a: Alomomola|Alomomola, F|100/100
|move|p2a: Corviknight|Body Press|p1a: Alomomola
|-damage|p1a: Alomomola|84/100
|-damage|p2a: Corviknight|66/100|[from] item: Rocky Helmet|[of] p1a: Alomomola
|
|upkeep
|turn|9
|
|t:|1743904123
|switch|p2a: Ogerpon|Ogerpon-Wellspring, F|100/100
|move|p1a: Alomomola|Wish|p1a: Alomomola
|
|upkeep
|turn|10
|
|t:|1743904129
|switch|p1a: Raging Bolt|Raging Bolt|38/100 psn
|move|p2a: Ogerpon|Knock Off|p1a: Raging Bolt
|-damage|p1a: Raging Bolt|11/100 psn
|-enditem|p1a: Raging Bolt|Choice Specs|[from] move: Knock Off|[of] p2a: Ogerpon
|
|-heal|p1a: Raging Bolt|71/100 psn|[from] move: Wish|[wisher] Alomomola
|-damage|p1a: Raging Bolt|59/100 psn|[from] psn
|upkeep
|turn|11
|
|t:|1743904151
|switch|p2a: Dragonite|Dragonite, M|73/100
|move|p1a: Raging Bolt|Draco Meteor|p2a: Dragonite
|-supereffective|p2a: Dragonite
|-damage|p2a: Dragonite|0 fnt
|-unboost|p1a: Raging Bolt|spa|2
|faint|p2a: Dragonite
|
|-damage|p1a: Raging Bolt|46/100 psn|[from] psn
|upkeep
|
|t:|1743904154
|switch|p2a: Iron Valiant|Iron Valiant|100/100
|turn|12
|
|t:|1743904158
|-end|p1a: Raging Bolt|Protosynthesis|[silent]
|switch|p1a: Tornadus|Tornadus-Therian, M|100/100
|move|p2a: Iron Valiant|Moonblast|p1a: Tornadus
|-damage|p1a: Tornadus|8/100
|
|upkeep
|turn|13
|
|t:|1743904174
|-end|p2a: Iron Valiant|Quark Drive|[silent]
|switch|p2a: Toxapex|Toxapex, F|89/100
|move|p1a: Tornadus|Taunt|p2a: Toxapex
|-start|p2a: Toxapex|move: Taunt
|
|upkeep
|turn|14
|
|t:|1743904180
|switch|p1a: Alomomola|Alomomola, F|100/100
|move|p2a: Toxapex|Sludge Bomb|p1a: Alomomola
|-damage|p1a: Alomomola|74/100
|-status|p1a: Alomomola|psn
|
|-damage|p1a: Alomomola|62/100 psn|[from] psn
|upkeep
|turn|15
|
|t:|1743904184
|move|p1a: Alomomola|Wish|p1a: Alomomola
|move|p2a: Toxapex|Infestation|p1a: Alomomola
|-damage|p1a: Alomomola|58/100 psn
|-activate|p1a: Alomomola|move: Infestation|[of] p2a: Toxapex
|-damage|p2a: Toxapex|73/100|[from] item: Rocky Helmet|[of] p1a: Alomomola
|
|-damage|p1a: Alomomola|46/100 psn|[from] psn
|-damage|p1a: Alomomola|33/100 psn|[from] move: Infestation|[partiallytrapped]
|-end|p2a: Toxapex|move: Taunt
|upkeep
|turn|16
|
|t:|1743904189
|move|p1a: Alomomola|Flip Turn|p2a: Toxapex
|-resisted|p2a: Toxapex
|-damage|p2a: Toxapex|66/100
|
|t:|1743904191
|switch|p1a: Raging Bolt|Raging Bolt|46/100 psn|[from] Flip Turn
|move|p2a: Toxapex|Sludge Bomb|p1a: Raging Bolt
|-damage|p1a: Raging Bolt|22/100 psn
|
|-heal|p1a: Raging Bolt|82/100 psn|[from] move: Wish|[wisher] Alomomola
|-damage|p1a: Raging Bolt|70/100 psn|[from] psn
|upkeep
|turn|17
|
|t:|1743904216
|move|p1a: Raging Bolt|Draco Meteor|p2a: Toxapex
|-damage|p2a: Toxapex|23/100
|-unboost|p1a: Raging Bolt|spa|2
|move|p2a: Toxapex|Sludge Bomb|p1a: Raging Bolt
|-damage|p1a: Raging Bolt|42/100 psn
|
|-damage|p1a: Raging Bolt|30/100 psn|[from] psn
|upkeep
|turn|18
|
|t:|1743904220
|switch|p2a: Iron Valiant|Iron Valiant|100/100
|move|p1a: Raging Bolt|Volt Switch|p2a: Iron Valiant
|-damage|p2a: Iron Valiant|62/100
|
|t:|1743904226
|-end|p1a: Raging Bolt|Protosynthesis|[silent]
|switch|p1a: Cetitan|Cetitan, F|84/100|[from] Volt Switch
|
|upkeep
|turn|19
|
|t:|1743904233
|move|p2a: Iron Valiant|Aura Sphere|p1a: Cetitan
|-supereffective|p1a: Cetitan
|-damage|p1a: Cetitan|19/100
|move|p1a: Cetitan|Avalanche|p2a: Iron Valiant
|-damage|p2a: Iron Valiant|0 fnt
|faint|p2a: Iron Valiant
|-end|p2a: Iron Valiant|Quark Drive|[silent]
|
|upkeep
|
|t:|1743904244
|switch|p2a: Ogerpon|Ogerpon-Wellspring, F|100/100
|turn|20
|
|t:|1743904250
|move|p1a: Cetitan|Ice Shard|p2a: Ogerpon
|-damage|p2a: Ogerpon|72/100
|move|p2a: Ogerpon|Knock Off|p1a: Cetitan
|-damage|p1a: Cetitan|0 fnt
|-enditem|p1a: Cetitan|Assault Vest|[from] move: Knock Off|[of] p2a: Ogerpon
|faint|p1a: Cetitan
|
|upkeep
|
|t:|1743904254
|switch|p1a: Meowscarada|Meowscarada, M|100/100
|turn|21
|
|t:|1743904256
|switch|p2a: Corviknight|Corviknight, F|66/100
|-ability|p2a: Corviknight|Pressure
|move|p1a: Meowscarada|U-turn|p2a: Corviknight
|-start|p1a: Meowscarada|typechange|Bug|[from] ability: Protean
|-resisted|p2a: Corviknight
|-damage|p2a: Corviknight|61/100
|-damage|p1a: Meowscarada|84/100|[from] item: Rocky Helmet|[of] p2a: Corviknight
|
|t:|1743904259
|switch|p1a: Raging Bolt|Raging Bolt|30/100 psn|[from] U-turn
|
|-damage|p1a: Raging Bolt|17/100 psn|[from] psn
|upkeep
|turn|22
|
|t:|1743904273
|switch|p2a: Ogerpon|Ogerpon-Wellspring, F|72/100
|move|p1a: Raging Bolt|Thunderclap||[still]
|-fail|p1a: Raging Bolt
|
|-damage|p1a: Raging Bolt|5/100 psn|[from] psn
|upkeep
|turn|23
|
|t:|1743904278
|-end|p1a: Raging Bolt|Protosynthesis|[silent]
|switch|p1a: Alomomola|Alomomola, F|67/100 psn
|move|p2a: Ogerpon|Knock Off|p1a: Alomomola
|-damage|p1a: Alomomola|45/100 psn
|-damage|p2a: Ogerpon|56/100|[from] item: Rocky Helmet|[of] p1a: Alomomola
|-enditem|p1a: Alomomola|Rocky Helmet|[from] move: Knock Off|[of] p2a: Ogerpon
|
|-damage|p1a: Alomomola|32/100 psn|[from] psn
|upkeep
|turn|24
|
|t:|1743904283
|switch|p1a: Tornadus|Tornadus-Therian, M|41/100
|move|p2a: Ogerpon|Swords Dance|p2a: Ogerpon
|-boost|p2a: Ogerpon|atk|2
|
|upkeep
|turn|25
|
|t:|1743904296
|switch|p2a: Toxapex|Toxapex, F|56/100
|move|p1a: Tornadus|U-turn|p2a: Toxapex
|-resisted|p2a: Toxapex
|-damage|p2a: Toxapex|48/100
|
|t:|1743904299
|switch|p1a: Alomomola|Alomomola, F|66/100 psn|[from] U-turn
|
|-damage|p1a: Alomomola|53/100 psn|[from] psn
|upkeep
|turn|26
|
|t:|1743904305
|move|p1a: Alomomola|Wish|p1a: Alomomola
|move|p2a: Toxapex|Sludge Bomb|p1a: Alomomola
|-damage|p1a: Alomomola|29/100 psn
|
|-damage|p1a: Alomomola|16/100 psn|[from] psn
|upkeep
|turn|27
|
|t:|1743904319
|switch|p1a: Tornadus|Tornadus-Therian, M|74/100
|move|p2a: Toxapex|Sludge Bomb|p1a: Tornadus
|-damage|p1a: Tornadus|38/100
|-status|p1a: Tornadus|psn
|
|-heal|p1a: Tornadus|100/100 psn|[from] move: Wish|[wisher] Alomomola
|-damage|p1a: Tornadus|88/100 psn|[from] psn
|upkeep
|turn|28
|
|t:|1743904336
|move|p1a: Tornadus|Knock Off|p2a: Toxapex
|-damage|p2a: Toxapex|25/100
|-enditem|p2a: Toxapex|Assault Vest|[from] move: Knock Off|[of] p1a: Tornadus
|move|p2a: Toxapex|Sludge Bomb|p1a: Tornadus
|-damage|p1a: Tornadus|53/100 psn
|
|-damage|p1a: Tornadus|41/100 psn|[from] psn
|upkeep
|turn|29
|
|t:|1743904342
|move|p1a: Tornadus|Knock Off|p2a: Toxapex
|-crit|p2a: Toxapex
|-damage|p2a: Toxapex|2/100
|move|p2a: Toxapex|Sludge Bomb|p1a: Tornadus
|-damage|p1a: Tornadus|5/100 psn
|
|-damage|p1a: Tornadus|0 fnt|[from] psn
|faint|p1a: Tornadus
|upkeep
|
|t:|1743904347
|switch|p1a: Alomomola|Alomomola, F|50/100 psn
|turn|30
|
|t:|1743904352
|switch|p2a: Ogerpon|Ogerpon-Wellspring, F|56/100
|move|p1a: Alomomola|Flip Turn|p2a: Ogerpon
|-heal|p2a: Ogerpon|81/100|[from] ability: Water Absorb|[of] p1a: Alomomola
|
|-damage|p1a: Alomomola|37/100 psn|[from] psn
|upkeep
|turn|31
|
|t:|1743904355
|move|p2a: Ogerpon|Encore|p1a: Alomomola
|-start|p1a: Alomomola|Encore
|move|p1a: Alomomola|Flip Turn|p2a: Ogerpon
|-heal|p2a: Ogerpon|100/100|[from] ability: Water Absorb|[of] p1a: Alomomola
|
|-damage|p1a: Alomomola|25/100 psn|[from] psn
|upkeep
|turn|32
|
|t:|1743904359
|switch|p1a: Raging Bolt|Raging Bolt|5/100 psn
|move|p2a: Ogerpon|Knock Off|p1a: Raging Bolt
|-damage|p1a: Raging Bolt|0 fnt
|faint|p1a: Raging Bolt
|-end|p1a: Raging Bolt|Protosynthesis|[silent]
|
|upkeep
|
|t:|1743904361
|switch|p1a: Meowscarada|Meowscarada, M|84/100
|turn|33
|
|t:|1743904370
|move|p1a: Meowscarada|U-turn|p2a: Ogerpon
|-start|p1a: Meowscarada|typechange|Bug|[from] ability: Protean
|-supereffective|p2a: Ogerpon
|-damage|p2a: Ogerpon|22/100
|
|t:|1743904373
|switch|p1a: Alomomola|Alomomola, F|58/100 psn|[from] U-turn
|move|p2a: Ogerpon|Knock Off|p1a: Alomomola
|-damage|p1a: Alomomola|42/100 psn
|
|-damage|p1a: Alomomola|29/100 psn|[from] psn
|upkeep
|turn|34
|
|t:|1743904379
|move|p2a: Ogerpon|Swords Dance|p2a: Ogerpon
|-boost|p2a: Ogerpon|atk|2
|move|p1a: Alomomola|Alluring Voice|p2a: Ogerpon
|-damage|p2a: Ogerpon|11/100
|-start|p2a: Ogerpon|confusion
|
|-damage|p1a: Alomomola|17/100 psn|[from] psn
|upkeep
|turn|35
|
|t:|1743904383
|-activate|p2a: Ogerpon|confusion
|move|p2a: Ogerpon|Ivy Cudgel|p1a: Alomomola|[anim] Ivy Cudgel Water
|-resisted|p1a: Alomomola
|-damage|p1a: Alomomola|0 fnt
|faint|p1a: Alomomola
|
|upkeep
|
|t:|1743904386
|switch|p1a: Meowscarada|Meowscarada, M|84/100
|turn|36
|
|t:|1743904396
|move|p1a: Meowscarada|Triple Axel|p2a: Ogerpon
|-start|p1a: Meowscarada|typechange|Ice|[from] ability: Protean
|-damage|p2a: Ogerpon|0 fnt
|faint|p2a: Ogerpon
|-hitcount|p2: Ogerpon|1
|
|upkeep
|
|t:|1743904399
|switch|p2a: Great Tusk|Great Tusk|100/100
|-enditem|p2a: Great Tusk|Booster Energy
|-activate|p2a: Great Tusk|ability: Protosynthesis|[fromitem]
|-start|p2a: Great Tusk|protosynthesisspe
|turn|37
|
|t:|1743904402
|-terastallize|p1a: Meowscarada|Grass
|-terastallize|p2a: Great Tusk|Steel
|move|p1a: Meowscarada|Triple Axel|p2a: Great Tusk
|-resisted|p2a: Great Tusk
|-damage|p2a: Great Tusk|98/100
|-resisted|p2a: Great Tusk
|-damage|p2a: Great Tusk|92/100
|-resisted|p2a: Great Tusk
|-damage|p2a: Great Tusk|83/100
|-hitcount|p2a: Great Tusk|3
|move|p2a: Great Tusk|Rapid Spin|p1a: Meowscarada
|-damage|p1a: Meowscarada|62/100
|-boost|p2a: Great Tusk|spe|1
|
|upkeep
|turn|38
|-message|xxholderoftehhaxxx forfeited.
|
|win|cbateadmira
|raw|xxholderoftehhaxxx's rating: 1497 &rarr; <strong>1477</strong><br />(-20 for losing)
|raw|cbateadmira's rating: 1494 &rarr; <strong>1514</strong><br />(+20 for winning)
|l|☆xxholderoftehhaxxx
|player|p1|
|l|☆cbateadmira
|player|p2|
