|j|☆lebronthegoat23
|j|☆Gregguru
|t:|1743871454
|gametype|singles
|player|p1|lebronthegoat23|hilda|1439
|player|p2|Gregguru|red-masters3|1459
|teamsize|p1|6
|teamsize|p2|6
|gen|9
|tier|[Gen 9] OU
|rated|
|rule|HP Percentage Mod: HP is shown in percentages
|rule|Endless Battle Clause: Forcing endless battles is banned
|rule|Species Clause: Limit one of each Pokémon
|rule|OHKO Clause: OHKO moves are banned
|rule|Evasion Items Clause: Evasion items are banned
|rule|Evasion Moves Clause: Evasion moves are banned
|rule|Sleep Moves Clause: Sleep-inducing moves are banned
|clearpoke
|poke|p1|Glimmora, F|
|poke|p1|Iron Valiant|
|poke|p1|Ogerpon-Wellspring, F|
|poke|p1|Dragapult, F|
|poke|p1|Iron Moth|
|poke|p1|Great Tusk|
|poke|p2|Greninja-*, M|
|poke|p2|Cinderace, F|
|poke|p2|Meowscarada, F|
|poke|p2|Swampert, M|
|poke|p2|Skeledirge, F|
|poke|p2|Hoopa-Unbound|
|teampreview
|inactive|Battle timer is ON: inactive players will automatically lose when time's up. (requested by Gregguru)
|j| reset_scumpy
|
|t:|1743871473
|start
|switch|p1a: Glimmora|Glimmora, F|100/100
|switch|p2a: Hoopa|Hoopa-Unbound|100/100
|turn|1
|
|t:|1743871479
|move|p1a: Glimmora|Stealth Rock|p2a: Hoopa
|-sidestart|p2: Gregguru|move: Stealth Rock
|move|p2a: Hoopa|Psychic Noise|p1a: Glimmora
|-supereffective|p1a: Glimmora
|-enditem|p1a: Glimmora|Focus Sash
|-damage|p1a: Glimmora|1/100
|-start|p1a: Glimmora|move: Heal Block
|
|upkeep
|turn|2
|
|t:|1743871501
|switch|p2a: Swampert|Swampert, M|100/100
|-damage|p2a: Swampert|94/100|[from] Stealth Rock
|move|p1a: Glimmora|Spikes|p2a: Swampert
|-sidestart|p2: Gregguru|Spikes
|
|-heal|p2a: Swampert|100/100|[from] item: Leftovers
|-end|p1a: Glimmora|move: Heal Block
|upkeep
|turn|3
|
|t:|1743871506
|move|p1a: Glimmora|Spikes|p2a: Swampert
|-sidestart|p2: Gregguru|Spikes
|move|p2a: Swampert|Flip Turn|p1a: Glimmora
|-supereffective|p1a: Glimmora
|-damage|p1a: Glimmora|0 fnt
|-activate|p1a: Glimmora|ability: Toxic Debris
|-sidestart|p2: Gregguru|move: Toxic Spikes
|faint|p1a: Glimmora
|
|t:|1743871514
|switch|p2a: Cinderace|Cinderace, F|100/100|[from] Flip Turn
|
|upkeep
|
|t:|1743871529
|switch|p1a: Great Tusk|Great Tusk|100/100
|turn|4
|
|t:|1743871535
|move|p2a: Cinderace|Court Change|p2a: Cinderace
|-start|p2a: Cinderace|typechange|Normal|[from] ability: Libero
|-swapsideconditions
|-activate|p2a: Cinderace|move: Court Change
|move|p1a: Great Tusk|Rapid Spin|p2a: Cinderace
|-damage|p2a: Cinderace|77/100
|-boost|p1a: Great Tusk|spe|1
|-sideend|p1: lebronthegoat23|Spikes|[from] move: Rapid Spin|[of] p1a: Great Tusk
|-sideend|p1: lebronthegoat23|Toxic Spikes|[from] move: Rapid Spin|[of] p1a: Great Tusk
|-sideend|p1: lebronthegoat23|Stealth Rock|[from] move: Rapid Spin|[of] p1a: Great Tusk
|
|upkeep
|turn|5
|
|t:|1743871546
|switch|p2a: Swampert|Swampert, M|100/100
|move|p1a: Great Tusk|Close Combat|p2a: Swampert
|-damage|p2a: Swampert|59/100
|-unboost|p1a: Great Tusk|def|1
|-unboost|p1a: Great Tusk|spd|1
|
|-heal|p2a: Swampert|65/100|[from] item: Leftovers
|upkeep
|turn|6
|l| reset_scumpy
|
|t:|1743871565
|-end|p1a: Great Tusk|Protosynthesis|[silent]
|switch|p1a: Ogerpon|Ogerpon-Wellspring, F|100/100
|switch|p2a: Meowscarada|Meowscarada, F|100/100
|
|upkeep
|turn|7
|
|t:|1743871574
|switch|p1a: Great Tusk|Great Tusk|100/100
|move|p2a: Meowscarada|U-turn|p1a: Great Tusk
|-start|p2a: Meowscarada|typechange|Bug|[from] ability: Protean
|-resisted|p1a: Great Tusk
|-damage|p1a: Great Tusk|92/100
|
|t:|1743871582
|switch|p2a: Greninja|Greninja, M|100/100|[from] U-turn
|
|upkeep
|turn|8
|
|t:|1743871588
|move|p2a: Greninja|Ice Beam|p1a: Great Tusk
|-start|p2a: Greninja|typechange|Ice|[from] ability: Protean
|-supereffective|p1a: Great Tusk
|-damage|p1a: Great Tusk|0 fnt
|faint|p1a: Great Tusk
|-end|p1a: Great Tusk|Protosynthesis|[silent]
|
|upkeep
|
|t:|1743871592
|switch|p1a: Iron Moth|Iron Moth|100/100
|turn|9
|
|t:|1743871596
|switch|p2a: Hoopa|Hoopa-Unbound|100/100
|move|p1a: Iron Moth|Agility|p1a: Iron Moth
|-boost|p1a: Iron Moth|spe|2
|
|upkeep
|turn|10
|
|t:|1743871603
|-terastallize|p1a: Iron Moth|Grass
|move|p1a: Iron Moth|Fiery Dance|p2a: Hoopa
|-damage|p2a: Hoopa|76/100
|-boost|p1a: Iron Moth|spa|1
|move|p2a: Hoopa|Psychic Noise|p1a: Iron Moth
|-damage|p1a: Iron Moth|56/100
|-start|p1a: Iron Moth|move: Heal Block
|
|upkeep
|turn|11
|
|t:|1743871616
|move|p1a: Iron Moth|Fiery Dance|p2a: Hoopa
|-damage|p2a: Hoopa|38/100
|-boost|p1a: Iron Moth|spa|1
|move|p2a: Hoopa|Knock Off|p1a: Iron Moth
|-damage|p1a: Iron Moth|0 fnt
|-enditem|p1a: Iron Moth|Heavy-Duty Boots|[from] move: Knock Off|[of] p2a: Hoopa
|faint|p1a: Iron Moth
|-end|p1a: Iron Moth|Quark Drive|[silent]
|
|upkeep
|
|t:|1743871623
|switch|p1a: Ogerpon|Ogerpon-Wellspring, F|100/100
|turn|12
|
|t:|1743871633
|move|p1a: Ogerpon|Swords Dance|p1a: Ogerpon
|-boost|p1a: Ogerpon|atk|2
|move|p2a: Hoopa|Psychic Noise|p1a: Ogerpon
|-damage|p1a: Ogerpon|46/100
|-start|p1a: Ogerpon|move: Heal Block
|
|upkeep
|turn|13
|
|t:|1743871644
|switch|p2a: Skeledirge|Skeledirge, F|100/100
|move|p1a: Ogerpon|Ivy Cudgel|p2a: Skeledirge|[anim] Ivy Cudgel Water
|-supereffective|p2a: Skeledirge
|-crit|p2a: Skeledirge
|-damage|p2a: Skeledirge|0 fnt
|faint|p2a: Skeledirge
|
|-end|p1a: Ogerpon|move: Heal Block
|upkeep
|
|t:|1743871653
|switch|p2a: Meowscarada|Meowscarada, F|100/100
|turn|14
|
|t:|1743871660
|move|p2a: Meowscarada|U-turn|p1a: Ogerpon
|-start|p2a: Meowscarada|typechange|Bug|[from] ability: Protean
|-supereffective|p1a: Ogerpon
|-damage|p1a: Ogerpon|0 fnt
|faint|p1a: Ogerpon
|
|t:|1743871667
|switch|p2a: Swampert|Swampert, M|65/100|[from] U-turn
|
|-heal|p2a: Swampert|71/100|[from] item: Leftovers
|upkeep
|
|t:|1743871670
|switch|p1a: Iron Valiant|Iron Valiant|100/100
|-enditem|p1a: Iron Valiant|Booster Energy
|-activate|p1a: Iron Valiant|ability: Quark Drive|[fromitem]
|-start|p1a: Iron Valiant|quarkdrivespe
|turn|15
|
|t:|1743871675
|move|p1a: Iron Valiant|Calm Mind|p1a: Iron Valiant
|-boost|p1a: Iron Valiant|spa|1
|-boost|p1a: Iron Valiant|spd|1
|move|p2a: Swampert|Earthquake|p1a: Iron Valiant
|-damage|p1a: Iron Valiant|49/100
|
|-heal|p2a: Swampert|77/100|[from] item: Leftovers
|upkeep
|turn|16
|
|t:|1743871681
|move|p1a: Iron Valiant|Moonblast|p2a: Swampert
|-damage|p2a: Swampert|12/100
|move|p2a: Swampert|Earthquake|p1a: Iron Valiant
|-damage|p1a: Iron Valiant|5/100
|
|-heal|p2a: Swampert|18/100|[from] item: Leftovers
|upkeep
|turn|17
|
|t:|1743871687
|move|p1a: Iron Valiant|Moonblast|p2a: Swampert
|-damage|p2a: Swampert|0 fnt
|faint|p2a: Swampert
|
|upkeep
|
|t:|1743871690
|switch|p2a: Meowscarada|Meowscarada, F|100/100
|turn|18
|
|t:|1743871697
|move|p2a: Meowscarada|U-turn|p1a: Iron Valiant
|-start|p2a: Meowscarada|typechange|Bug|[from] ability: Protean
|-resisted|p1a: Iron Valiant
|-damage|p1a: Iron Valiant|0 fnt
|faint|p1a: Iron Valiant
|-end|p1a: Iron Valiant|Quark Drive|[silent]
|
|t:|1743871702
|switch|p2a: Greninja|Greninja, M|100/100|[from] U-turn
|
|upkeep
|
|t:|1743871705
|switch|p1a: Dragapult|Dragapult, F|100/100
|turn|19
|
|t:|1743871708
|move|p1a: Dragapult|Dragon Darts|p2a: Greninja
|-damage|p2a: Greninja|65/100
|-anim|p1a: Dragapult|Dragon Darts|p2a: Greninja
|-damage|p2a: Greninja|31/100
|move|p2a: Greninja|Ice Beam|p1a: Dragapult
|-start|p2a: Greninja|typechange|Ice|[from] ability: Protean
|-supereffective|p1a: Dragapult
|-damage|p1a: Dragapult|0 fnt
|faint|p1a: Dragapult
|
|win|Gregguru
|raw|lebronthegoat23's rating: 1421 &rarr; <strong>1403</strong><br />(-18 for losing)
|raw|Gregguru's rating: 1459 &rarr; <strong>1477</strong><br />(+18 for winning)
|l|☆lebronthegoat23
|player|p1|
|l|☆Gregguru
|player|p2|
