|j|☆chemnuoc
|j|‽Abstractness
|t:|1743916581
|gametype|singles
|player|p1|chemnuoc|2|1170
|player|p2|Abstractness|swimmerf|1185
|teamsize|p1|6
|teamsize|p2|6
|gen|9
|tier|[Gen 9] OU
|rated|
|rule|HP Percentage Mod: HP is shown in percentages
|rule|Endless Battle Clause: Forcing endless battles is banned
|rule|Species Clause: Limit one of each Pokémon
|rule|OHKO Clause: OHKO moves are banned
|rule|Evasion Items Clause: Evasion items are banned
|rule|Evasion Moves Clause: Evasion moves are banned
|rule|Sleep Moves Clause: Sleep-inducing moves are banned
|clearpoke
|poke|p1|Hawlucha, F|
|poke|p1|Porygon-Z|
|poke|p1|Landorus-Therian, M|
|poke|p1|Rillaboom, F|
|poke|p1|Iron Moth|
|poke|p1|Hitmontop, M|
|poke|p2|Kyurem|
|poke|p2|Ting-Lu|
|poke|p2|Corviknight, M|
|poke|p2|Weezing-Galar, M|
|poke|p2|Zamazenta-*|
|poke|p2|Toxapex, M|
|teampreview
|inactive|Battle timer is ON: inactive players will automatically lose when time's up. (requested by Abstractness)
|
|t:|1743916590
|start
|switch|p1a: Landorus|Landorus-Therian, M, shiny|100/100
|switch|p2a: Ting-Lu|Ting-Lu|100/100
|-ability|p1a: Landorus|Intimidate|boost
|-unboost|p2a: Ting-Lu|atk|1
|-ability|p2a: Ting-Lu|Vessel of Ruin
|turn|1
|
|t:|1743916598
|move|p1a: Landorus|Stealth Rock|p2a: Ting-Lu
|-sidestart|p2: Abstractness|move: Stealth Rock
|move|p2a: Ting-Lu|Stealth Rock|p1a: Landorus
|-sidestart|p1: chemnuoc|move: Stealth Rock
|
|upkeep
|turn|2
|
|t:|1743916607
|switch|p1a: Rillaboom|Rillaboom, F, shiny|100/100
|-damage|p1a: Rillaboom|88/100|[from] Stealth Rock
|-fieldstart|move: Grassy Terrain|[from] ability: Grassy Surge|[of] p1a: Rillaboom
|switch|p2a: Toxapex|Toxapex, M, shiny|100/100
|-damage|p2a: Toxapex|88/100|[from] Stealth Rock
|
|-heal|p1a: Rillaboom|94/100|[from] Grassy Terrain
|-heal|p2a: Toxapex|94/100|[from] Grassy Terrain
|upkeep
|turn|3
|
|t:|1743916621
|move|p1a: Rillaboom|U-turn|p2a: Toxapex
|-resisted|p2a: Toxapex
|-damage|p2a: Toxapex|80/100
|
|t:|1743916630
|switch|p1a: Iron Moth|Iron Moth, shiny|100/100|[from] U-turn
|-damage|p1a: Iron Moth|76/100|[from] Stealth Rock
|-enditem|p1a: Iron Moth|Booster Energy
|-activate|p1a: Iron Moth|ability: Quark Drive|[fromitem]
|-start|p1a: Iron Moth|quarkdrivespe
|move|p2a: Toxapex|Sludge Bomb|p1a: Iron Moth
|-resisted|p1a: Iron Moth
|-damage|p1a: Iron Moth|61/100
|
|-heal|p1a: Iron Moth|67/100|[from] Grassy Terrain
|-heal|p2a: Toxapex|86/100|[from] Grassy Terrain
|upkeep
|turn|4
|
|t:|1743916643
|move|p1a: Iron Moth|Substitute|p1a: Iron Moth
|-start|p1a: Iron Moth|Substitute
|-damage|p1a: Iron Moth|42/100
|move|p2a: Toxapex|Surf|p1a: Iron Moth
|-supereffective|p1a: Iron Moth
|-end|p1a: Iron Moth|Substitute
|
|-heal|p1a: Iron Moth|48/100|[from] Grassy Terrain
|-heal|p2a: Toxapex|92/100|[from] Grassy Terrain
|upkeep
|turn|5
|
|t:|1743916656
|move|p1a: Iron Moth|Psychic|p2a: Toxapex
|-supereffective|p2a: Toxapex
|-damage|p2a: Toxapex|55/100
|move|p2a: Toxapex|Surf|p1a: Iron Moth
|-supereffective|p1a: Iron Moth
|-damage|p1a: Iron Moth|0 fnt
|faint|p1a: Iron Moth
|-end|p1a: Iron Moth|Quark Drive|[silent]
|
|-heal|p2a: Toxapex|61/100|[from] Grassy Terrain
|upkeep
|
|t:|1743916678
|switch|p1a: Porygon-Z|Porygon-Z, shiny|100/100
|-damage|p1a: Porygon-Z|88/100|[from] Stealth Rock
|turn|6
|
|t:|1743916689
|switch|p2a: Zamazenta|Zamazenta, shiny|100/100
|-damage|p2a: Zamazenta|94/100|[from] Stealth Rock
|-ability|p2a: Zamazenta|Dauntless Shield|boost
|-boost|p2a: Zamazenta|def|1
|move|p1a: Porygon-Z|Tri Attack|p2a: Zamazenta
|-damage|p2a: Zamazenta|12/100
|
|-heal|p2a: Zamazenta|19/100|[from] Grassy Terrain
|-heal|p1a: Porygon-Z|94/100|[from] Grassy Terrain
|-fieldend|move: Grassy Terrain
|upkeep
|turn|7
|
|t:|1743916701
|-terastallize|p1a: Porygon-Z|Ghost
|move|p2a: Zamazenta|Close Combat|p1a: Porygon-Z
|-immune|p1a: Porygon-Z
|move|p1a: Porygon-Z|Tri Attack|p2a: Zamazenta
|-damage|p2a: Zamazenta|0 fnt
|faint|p2a: Zamazenta
|
|upkeep
|
|t:|1743916724
|switch|p2a: Ting-Lu|Ting-Lu|100/100
|-damage|p2a: Ting-Lu|94/100|[from] Stealth Rock
|-ability|p2a: Ting-Lu|Vessel of Ruin
|turn|8
|
|t:|1743916730
|switch|p1a: Landorus|Landorus-Therian, M, shiny|100/100
|-damage|p1a: Landorus|88/100|[from] Stealth Rock
|-ability|p1a: Landorus|Intimidate|boost
|-unboost|p2a: Ting-Lu|atk|1
|move|p2a: Ting-Lu|Ruination|p1a: Landorus
|-damage|p1a: Landorus|44/100
|
|-heal|p2a: Ting-Lu|100/100|[from] item: Leftovers
|upkeep
|turn|9
|
|t:|1743916745
|switch|p2a: Toxapex|Toxapex, M, shiny|95/100
|-damage|p2a: Toxapex|82/100|[from] Stealth Rock
|move|p1a: Landorus|Earthquake|p2a: Toxapex
|-supereffective|p2a: Toxapex
|-damage|p2a: Toxapex|0 fnt
|faint|p2a: Toxapex
|
|upkeep
|
|t:|1743916753
|switch|p2a: Kyurem|Kyurem, shiny|100/100
|-damage|p2a: Kyurem|76/100|[from] Stealth Rock
|-ability|p2a: Kyurem|Pressure
|turn|10
|
|t:|1743916766
|move|p1a: Landorus|Earthquake|p2a: Kyurem
|-damage|p2a: Kyurem|20/100
|move|p2a: Kyurem|Substitute|p2a: Kyurem
|-fail|p2a: Kyurem|move: Substitute|[weak]
|
|-heal|p2a: Kyurem|27/100|[from] item: Leftovers
|upkeep
|turn|11
|
|t:|1743916775
|move|p2a: Kyurem|Protect|p2a: Kyurem
|-singleturn|p2a: Kyurem|Protect
|move|p1a: Landorus|Earthquake|p2a: Kyurem
|-activate|p2a: Kyurem|move: Protect
|
|-heal|p2a: Kyurem|33/100|[from] item: Leftovers
|upkeep
|turn|12
|
|t:|1743916783
|switch|p2a: Corviknight|Corviknight, M, shiny|100/100
|-damage|p2a: Corviknight|88/100|[from] Stealth Rock
|-ability|p2a: Corviknight|Pressure
|move|p1a: Landorus|Earthquake|p2a: Corviknight
|-immune|p2a: Corviknight
|
|upkeep
|turn|13
|
|t:|1743916792
|switch|p1a: Porygon-Z|Porygon-Z, shiny, tera:Ghost|94/100
|-damage|p1a: Porygon-Z|82/100|[from] Stealth Rock
|move|p2a: Corviknight|Brave Bird|p1a: Porygon-Z
|-damage|p1a: Porygon-Z|27/100
|-damage|p2a: Corviknight|74/100|[from] Recoil
|
|upkeep
|turn|14
|
|t:|1743916804
|move|p1a: Porygon-Z|Trick|p2a: Corviknight
|-activate|p1a: Porygon-Z|move: Trick|[of] p2a: Corviknight
|-item|p2a: Corviknight|Choice Specs|[from] move: Trick
|-item|p1a: Porygon-Z|Rocky Helmet|[from] move: Trick
|move|p2a: Corviknight|Brave Bird|p1a: Porygon-Z
|-damage|p1a: Porygon-Z|0 fnt
|-damage|p2a: Corviknight|58/100|[from] item: Rocky Helmet|[of] p1a: Porygon-Z
|faint|p1a: Porygon-Z
|-damage|p2a: Corviknight|51/100|[from] Recoil
|
|upkeep
|
|t:|1743916813
|switch|p1a: Hitmontop|Hitmontop, M, shiny|100/100
|turn|15
|
|t:|1743916819
|switch|p2a: Weezing|Weezing-Galar, M, shiny|100/100
|-ability|p2a: Weezing|Neutralizing Gas
|move|p1a: Hitmontop|Fake Out|p2a: Weezing
|-damage|p2a: Weezing|93/100
|
|upkeep
|turn|16
|
|t:|1743916827
|move|p1a: Hitmontop|Bullet Punch|p2a: Weezing
|-supereffective|p2a: Weezing
|-damage|p2a: Weezing|77/100
|move|p2a: Weezing|Defog|p1a: Hitmontop
|-unboost|p1a: Hitmontop|evasion|1
|-sideend|p1: chemnuoc|Stealth Rock|[from] move: Defog|[of] p2a: Weezing
|-sideend|p2: Abstractness|Stealth Rock|[from] move: Defog|[of] p2a: Weezing
|
|upkeep
|turn|17
|
|t:|1743916857
|switch|p1a: Landorus|Landorus-Therian, M, shiny|44/100
|move|p2a: Weezing|Will-O-Wisp|p1a: Landorus
|-status|p1a: Landorus|brn
|
|-damage|p1a: Landorus|38/100 brn|[from] brn
|upkeep
|turn|18
|
|t:|1743916865
|-end|p2a: Weezing|ability: Neutralizing Gas
|-ability|p1a: Landorus|Intimidate|boost
|-unboost|p2a: Weezing|atk|1
|switch|p2a: Ting-Lu|Ting-Lu|100/100
|-ability|p2a: Ting-Lu|Vessel of Ruin
|move|p1a: Landorus|Stealth Rock|p2a: Ting-Lu
|-sidestart|p2: Abstractness|move: Stealth Rock
|
|-damage|p1a: Landorus|32/100 brn|[from] brn
|upkeep
|turn|19
|
|t:|1743916874
|switch|p1a: Rillaboom|Rillaboom, F, shiny|94/100
|-fieldstart|move: Grassy Terrain|[from] ability: Grassy Surge|[of] p1a: Rillaboom
|move|p2a: Ting-Lu|Stealth Rock|p1a: Rillaboom
|-sidestart|p1: chemnuoc|move: Stealth Rock
|
|-heal|p1a: Rillaboom|100/100|[from] Grassy Terrain
|upkeep
|turn|20
|
|t:|1743916890
|switch|p2a: Weezing|Weezing-Galar, M, shiny|77/100
|-ability|p2a: Weezing|Neutralizing Gas
|move|p1a: Rillaboom|Wood Hammer|p2a: Weezing
|-resisted|p2a: Weezing
|-damage|p2a: Weezing|38/100
|-damage|p1a: Rillaboom|88/100|[from] Recoil
|
|-heal|p1a: Rillaboom|94/100|[from] Grassy Terrain
|-heal|p2a: Weezing|44/100|[from] Grassy Terrain
|upkeep
|turn|21
|
|t:|1743916907
|switch|p1a: Landorus|Landorus-Therian, M, shiny|32/100 brn
|-damage|p1a: Landorus|20/100 brn|[from] Stealth Rock
|move|p2a: Weezing|Pain Split|p1a: Landorus
|-sethp|p1a: Landorus|33/100 brn|[from] move: Pain Split|[silent]
|-sethp|p2a: Weezing|31/100|[from] move: Pain Split
|
|-heal|p2a: Weezing|37/100|[from] Grassy Terrain
|-damage|p1a: Landorus|27/100 brn|[from] brn
|upkeep
|turn|22
|
|t:|1743916918
|-end|p2a: Weezing|ability: Neutralizing Gas
|-ability|p1a: Landorus|Intimidate|boost
|-unboost|p2a: Weezing|atk|1
|switch|p2a: Corviknight|Corviknight, M, shiny|51/100
|-damage|p2a: Corviknight|39/100|[from] Stealth Rock
|-ability|p2a: Corviknight|Pressure
|move|p1a: Landorus|U-turn|p2a: Corviknight
|-resisted|p2a: Corviknight
|-damage|p2a: Corviknight|37/100
|
|t:|1743916924
|switch|p1a: Hawlucha|Hawlucha, F, shiny|100/100|[from] U-turn
|-damage|p1a: Hawlucha|88/100|[from] Stealth Rock
|-enditem|p1a: Hawlucha|Grassy Seed
|-boost|p1a: Hawlucha|def|1|[from] item: Grassy Seed
|
|upkeep
|turn|23
|
|t:|1743916936
|move|p1a: Hawlucha|Close Combat|p2a: Corviknight
|-damage|p2a: Corviknight|6/100
|-unboost|p1a: Hawlucha|def|1
|-unboost|p1a: Hawlucha|spd|1
|move|p2a: Corviknight|Roost|p2a: Corviknight
|-heal|p2a: Corviknight|56/100
|-singleturn|p2a: Corviknight|move: Roost
|
|-heal|p2a: Corviknight|62/100|[from] Grassy Terrain
|-fieldend|move: Grassy Terrain
|upkeep
|turn|24
|
|t:|1743916957
|move|p1a: Hawlucha|Swords Dance|p1a: Hawlucha
|-boost|p1a: Hawlucha|atk|2
|move|p2a: Corviknight|Roost|p2a: Corviknight
|-heal|p2a: Corviknight|100/100
|-singleturn|p2a: Corviknight|move: Roost
|
|upkeep
|turn|25
|inactive|Abstractness has 120 seconds left.
|
|t:|1743916974
|switch|p2a: Weezing|Weezing-Galar, M, shiny|37/100
|-ability|p2a: Weezing|Neutralizing Gas
|move|p1a: Hawlucha|Swords Dance|p1a: Hawlucha
|-boost|p1a: Hawlucha|atk|2
|
|upkeep
|turn|26
|inactive|Abstractness has 120 seconds left.
|
|t:|1743916992
|-terastallize|p2a: Weezing|Fairy
|move|p1a: Hawlucha|Acrobatics|p2a: Weezing
|-damage|p2a: Weezing|0 fnt
|faint|p2a: Weezing
|-end|p2a: Weezing|ability: Neutralizing Gas
|
|upkeep
|inactive|Abstractness has 120 seconds left.
|
|t:|1743916999
|switch|p2a: Corviknight|Corviknight, M, shiny|100/100
|-damage|p2a: Corviknight|88/100|[from] Stealth Rock
|-ability|p2a: Corviknight|Pressure
|turn|27
|
|t:|1743917012
|move|p1a: Hawlucha|Acrobatics|p2a: Corviknight
|-resisted|p2a: Corviknight
|-damage|p2a: Corviknight|42/100
|move|p2a: Corviknight|Iron Defense|p2a: Corviknight
|-boost|p2a: Corviknight|def|2
|
|upkeep
|turn|28
|c|☆chemnuoc|choice scarf
|c|☆chemnuoc|idiot
|inactive|Abstractness has 120 seconds left.
|
|t:|1743917028
|switch|p2a: Ting-Lu|Ting-Lu|100/100
|-damage|p2a: Ting-Lu|94/100|[from] Stealth Rock
|-ability|p2a: Ting-Lu|Vessel of Ruin
|move|p1a: Hawlucha|Acrobatics|p2a: Ting-Lu
|-damage|p2a: Ting-Lu|14/100
|
|-heal|p2a: Ting-Lu|20/100|[from] item: Leftovers
|upkeep
|turn|29
|c|☆chemnuoc|it's over
|inactive|Abstractness has 120 seconds left.
|
|t:|1743917039
|switch|p2a: Kyurem|Kyurem, shiny|33/100
|-damage|p2a: Kyurem|8/100|[from] Stealth Rock
|-ability|p2a: Kyurem|Pressure
|move|p1a: Hawlucha|Acrobatics|p2a: Kyurem
|-damage|p2a: Kyurem|0 fnt
|faint|p2a: Kyurem
|
|upkeep
|inactive|Abstractness has 120 seconds left.
|-message|Abstractness forfeited.
|
|win|chemnuoc
|raw|chemnuoc's rating: 1170 &rarr; <strong>1196</strong><br />(+26 for winning)
|raw|Abstractness's rating: 1185 &rarr; <strong>1159</strong><br />(-26 for losing)
|l|‽Abstractness
|player|p2|
|l|☆chemnuoc
|player|p1|
