|j|☆maple_syrup689hoe
|j|‽GoobNUTglizz
|t:|1743938775
|gametype|singles
|player|p1|maple_syrup689hoe|rosa|1561
|player|p2|GoobNUTglizz|psychic-gen2|1482
|teamsize|p1|6
|teamsize|p2|6
|gen|9
|tier|[Gen 9] OU
|rated|
|rule|HP Percentage Mod: HP is shown in percentages
|rule|Endless Battle Clause: Forcing endless battles is banned
|rule|Species Clause: Limit one of each Pokémon
|rule|OHKO Clause: OHKO moves are banned
|rule|Evasion Items Clause: Evasion items are banned
|rule|Evasion Moves Clause: Evasion moves are banned
|rule|Sleep Moves Clause: Sleep-inducing moves are banned
|clearpoke
|poke|p1|Weavile, F|
|poke|p1|Hatterene, F|
|poke|p1|Oricorio-Pom-Pom, F|
|poke|p1|Araquanid, F|
|poke|p1|Dragonite, F|
|poke|p1|Gholdengo|
|poke|p2|Hydrapple, M|
|poke|p2|Tinkaton, F|
|poke|p2|Moltres|
|poke|p2|Rotom-Wash|
|poke|p2|Great Tusk|
|poke|p2|Darkrai|
|teampreview
|
|t:|1743938806
|start
|switch|p1a: Araquanid|Araquanid, F|100/100
|switch|p2a: Rotom|Rotom-Wash|100/100
|turn|1
|
|t:|1743938827
|move|p2a: Rotom|Will-O-Wisp|p1a: Araquanid
|-immune|p1a: Araquanid|[from] ability: Water Bubble
|move|p1a: Araquanid|Sticky Web|p2a: Rotom
|-sidestart|p2: GoobNUTglizz|move: Sticky Web
|
|upkeep
|turn|2
|inactive|Battle timer is ON: inactive players will automatically lose when time's up. (requested by maple_syrup689hoe)
|
|t:|1743938848
|move|p2a: Rotom|Volt Switch|p1a: Araquanid
|-supereffective|p1a: Araquanid
|-damage|p1a: Araquanid|63/100
|
|t:|1743938860
|switch|p2a: Hydrapple|Hydrapple, M|100/100|[from] Volt Switch
|-activate|p2a: Hydrapple|move: Sticky Web
|-unboost|p2a: Hydrapple|spe|1
|move|p1a: Araquanid|Surf|p2a: Hydrapple
|-resisted|p2a: Hydrapple
|-damage|p2a: Hydrapple|91/100
|
|upkeep
|turn|3
|
|t:|1743938868
|move|p1a: Araquanid|Endure|p1a: Araquanid
|-singleturn|p1a: Araquanid|move: Endure
|move|p2a: Hydrapple|Fickle Beam|p1a: Araquanid|[anim] Fickle Beam All Out
|-activate|p2a: Hydrapple|move: Fickle Beam
|-activate|p1a: Araquanid|move: Endure
|-damage|p1a: Araquanid|1/100
|
|upkeep
|turn|4
|-enditem|p1a: Araquanid|Custap Berry|[eat]
|-activate|p1a: Araquanid|item: Custap Berry|[consumed]
|
|t:|1743938876
|move|p1a: Araquanid|Endeavor|p2a: Hydrapple
|-damage|p2a: Hydrapple|1/100
|move|p2a: Hydrapple|Fickle Beam|p1a: Araquanid
|-damage|p1a: Araquanid|0 fnt
|faint|p1a: Araquanid
|
|upkeep
|
|t:|1743938889
|switch|p1a: Hatterene|Hatterene, F|100/100
|turn|5
|
|t:|1743938897
|switch|p2a: Tinkaton|Tinkaton, F|100/100
|-activate|p2a: Tinkaton|move: Sticky Web
|-unboost|p2a: Tinkaton|spe|1
|-ability|p2a: Tinkaton|Mold Breaker
|move|p1a: Hatterene|Calm Mind|p1a: Hatterene
|-boost|p1a: Hatterene|spa|1
|-boost|p1a: Hatterene|spd|1
|
|upkeep
|turn|6
|
|t:|1743938903
|switch|p1a: Gholdengo|Gholdengo|100/100
|move|p2a: Tinkaton|Gigaton Hammer|p1a: Gholdengo
|-resisted|p1a: Gholdengo
|-damage|p1a: Gholdengo|76/100
|
|upkeep
|turn|7
|
|t:|1743938911
|switch|p2a: Moltres|Moltres|100/100
|move|p1a: Gholdengo|Shadow Ball|p2a: Moltres
|-damage|p2a: Moltres|67/100
|-unboost|p2a: Moltres|spd|1
|
|upkeep
|turn|8
|
|t:|1743938918
|move|p1a: Gholdengo|Shadow Ball|p2a: Moltres
|-damage|p2a: Moltres|22/100
|-unboost|p2a: Moltres|spd|1
|move|p2a: Moltres|Flamethrower|p1a: Gholdengo
|-supereffective|p1a: Gholdengo
|-damage|p1a: Gholdengo|0 fnt
|faint|p1a: Gholdengo
|
|upkeep
|
|t:|1743938921
|switch|p1a: Weavile|Weavile, F|100/100
|-ability|p1a: Weavile|Pressure
|turn|9
|
|t:|1743938927
|switch|p2a: Rotom|Rotom-Wash|100/100
|move|p1a: Weavile|Knock Off|p2a: Rotom
|-damage|p2a: Rotom|63/100
|-damage|p1a: Weavile|84/100|[from] item: Rocky Helmet|[of] p2a: Rotom
|-enditem|p2a: Rotom|Rocky Helmet|[from] move: Knock Off|[of] p1a: Weavile
|
|upkeep
|turn|10
|
|t:|1743938932
|switch|p1a: Hatterene|Hatterene, F|100/100
|move|p2a: Rotom|Volt Switch|p1a: Hatterene
|-damage|p1a: Hatterene|74/100
|
|t:|1743938934
|switch|p2a: Tinkaton|Tinkaton, F|100/100|[from] Volt Switch
|-activate|p2a: Tinkaton|move: Sticky Web
|-unboost|p2a: Tinkaton|spe|1
|-ability|p2a: Tinkaton|Mold Breaker
|
|-heal|p1a: Hatterene|80/100|[from] item: Leftovers
|upkeep
|turn|11
|
|t:|1743938938
|move|p2a: Tinkaton|Gigaton Hammer|p1a: Hatterene
|-supereffective|p1a: Hatterene
|-damage|p1a: Hatterene|2/100
|move|p1a: Hatterene|Mystical Fire|p2a: Tinkaton
|-supereffective|p2a: Tinkaton
|-damage|p2a: Tinkaton|60/100
|-unboost|p2a: Tinkaton|spa|1
|
|-heal|p2a: Tinkaton|66/100|[from] item: Leftovers
|-heal|p1a: Hatterene|8/100|[from] item: Leftovers
|upkeep
|turn|12
|
|t:|1743938943
|move|p2a: Tinkaton|Knock Off|p1a: Hatterene
|-damage|p1a: Hatterene|0 fnt
|-enditem|p1a: Hatterene|Leftovers|[from] move: Knock Off|[of] p2a: Tinkaton
|faint|p1a: Hatterene
|
|-heal|p2a: Tinkaton|73/100|[from] item: Leftovers
|upkeep
|
|t:|1743938947
|switch|p1a: Dragonite|Dragonite, F|100/100
|turn|13
|
|t:|1743938951
|move|p1a: Dragonite|Earthquake|p2a: Tinkaton
|-supereffective|p2a: Tinkaton
|-damage|p2a: Tinkaton|0 fnt
|faint|p2a: Tinkaton
|
|upkeep
|
|t:|1743938955
|switch|p2a: Rotom|Rotom-Wash|63/100
|turn|14
|
|t:|1743938959
|move|p1a: Dragonite|Dragon Dance|p1a: Dragonite
|-boost|p1a: Dragonite|atk|1
|-boost|p1a: Dragonite|spe|1
|move|p2a: Rotom|Will-O-Wisp|p1a: Dragonite
|-status|p1a: Dragonite|brn
|
|-damage|p1a: Dragonite|94/100 brn|[from] brn
|upkeep
|turn|15
|
|t:|1743938964
|move|p1a: Dragonite|Dragon Dance|p1a: Dragonite
|-boost|p1a: Dragonite|atk|1
|-boost|p1a: Dragonite|spe|1
|move|p2a: Rotom|Volt Switch|p1a: Dragonite
|-damage|p1a: Dragonite|66/100 brn
|
|t:|1743938967
|switch|p2a: Great Tusk|Great Tusk|100/100|[from] Volt Switch
|
|-damage|p1a: Dragonite|60/100 brn|[from] brn
|upkeep
|turn|16
|
|t:|1743938970
|switch|p1a: Oricorio|Oricorio-Pom-Pom, F|100/100
|move|p2a: Great Tusk|Ice Spinner|p1a: Oricorio
|-supereffective|p1a: Oricorio
|-damage|p1a: Oricorio|52/100
|-enditem|p1a: Oricorio|Kee Berry|[eat]
|-boost|p1a: Oricorio|def|1|[from] item: Kee Berry
|
|upkeep
|turn|17
|
|t:|1743938978
|-end|p2a: Great Tusk|Protosynthesis|[silent]
|switch|p2a: Moltres|Moltres|22/100
|move|p1a: Oricorio|Quiver Dance|p1a: Oricorio
|-boost|p1a: Oricorio|spa|1
|-boost|p1a: Oricorio|spd|1
|-boost|p1a: Oricorio|spe|1
|
|upkeep
|turn|18
|
|t:|1743938981
|move|p1a: Oricorio|Revelation Dance|p2a: Moltres
|-supereffective|p2a: Moltres
|-damage|p2a: Moltres|0 fnt
|faint|p2a: Moltres
|
|upkeep
|
|t:|1743938984
|switch|p2a: Rotom|Rotom-Wash|63/100
|turn|19
|
|t:|1743938988
|move|p1a: Oricorio|Quiver Dance|p1a: Oricorio
|-boost|p1a: Oricorio|spa|1
|-boost|p1a: Oricorio|spd|1
|-boost|p1a: Oricorio|spe|1
|move|p2a: Rotom|Hydro Pump|p1a: Oricorio
|-damage|p1a: Oricorio|25/100
|
|upkeep
|turn|20
|
|t:|1743938993
|move|p1a: Oricorio|Roost|p1a: Oricorio
|-heal|p1a: Oricorio|75/100
|-singleturn|p1a: Oricorio|move: Roost
|move|p2a: Rotom|Volt Switch|p1a: Oricorio
|-resisted|p1a: Oricorio
|-damage|p1a: Oricorio|66/100
|
|t:|1743939000
|switch|p2a: Great Tusk|Great Tusk|100/100|[from] Volt Switch
|
|upkeep
|turn|21
|
|t:|1743939002
|-terastallize|p2a: Great Tusk|Fairy
|move|p1a: Oricorio|Hurricane|p2a: Great Tusk|[miss]
|-miss|p1a: Oricorio|p2a: Great Tusk
|move|p2a: Great Tusk|Ice Spinner|p1a: Oricorio
|-supereffective|p1a: Oricorio
|-damage|p1a: Oricorio|32/100
|
|upkeep
|turn|22
|
|t:|1743939010
|move|p1a: Oricorio|Revelation Dance|p2a: Great Tusk
|-damage|p2a: Great Tusk|6/100
|move|p2a: Great Tusk|Rapid Spin|p1a: Oricorio
|-damage|p1a: Oricorio|22/100
|-boost|p2a: Great Tusk|spe|1
|-sideend|p2: GoobNUTglizz|Sticky Web|[from] move: Rapid Spin|[of] p2a: Great Tusk
|
|upkeep
|turn|23
|
|t:|1743939017
|move|p2a: Great Tusk|Ice Spinner|p1a: Oricorio
|-supereffective|p1a: Oricorio
|-crit|p1a: Oricorio
|-damage|p1a: Oricorio|0 fnt
|faint|p1a: Oricorio
|
|upkeep
|
|t:|1743939020
|switch|p1a: Weavile|Weavile, F|84/100
|-ability|p1a: Weavile|Pressure
|turn|24
|
|t:|1743939029
|-end|p2a: Great Tusk|Protosynthesis|[silent]
|switch|p2a: Rotom|Rotom-Wash|63/100
|move|p1a: Weavile|Ice Shard|p2a: Rotom
|-resisted|p2a: Rotom
|-damage|p2a: Rotom|56/100
|
|upkeep
|turn|25
|
|t:|1743939035
|move|p1a: Weavile|Swords Dance|p1a: Weavile
|-boost|p1a: Weavile|atk|2
|move|p2a: Rotom|Volt Switch|p1a: Weavile
|-damage|p1a: Weavile|51/100
|
|t:|1743939040
|switch|p2a: Darkrai|Darkrai|100/100|[from] Volt Switch
|
|upkeep
|turn|26
|
|t:|1743939045
|-terastallize|p1a: Weavile|Ice
|move|p1a: Weavile|Ice Shard|p2a: Darkrai
|-damage|p2a: Darkrai|36/100
|move|p2a: Darkrai|Dark Pulse|p1a: Weavile
|-damage|p1a: Weavile|0 fnt
|faint|p1a: Weavile
|
|-heal|p2a: Darkrai|42/100|[from] item: Leftovers
|upkeep
|
|t:|1743939049
|switch|p1a: Dragonite|Dragonite, F|60/100 brn
|turn|27
|
|t:|1743939052
|move|p2a: Darkrai|Dark Pulse|p1a: Dragonite
|-damage|p1a: Dragonite|13/100 brn
|cant|p1a: Dragonite|flinch
|
|-heal|p2a: Darkrai|49/100|[from] item: Leftovers
|-damage|p1a: Dragonite|7/100 brn|[from] brn
|upkeep
|turn|28
|
|t:|1743939056
|move|p1a: Dragonite|Extreme Speed|p2a: Darkrai
|-damage|p2a: Darkrai|29/100
|move|p2a: Darkrai|Ice Beam|p1a: Dragonite
|-supereffective|p1a: Dragonite
|-damage|p1a: Dragonite|0 fnt
|faint|p1a: Dragonite
|
|win|GoobNUTglizz
|raw|maple_syrup689hoe's rating: 1561 &rarr; <strong>1537</strong><br />(-24 for losing)
|raw|GoobNUTglizz's rating: 1482 &rarr; <strong>1506</strong><br />(+24 for winning)
|l|☆maple_syrup689hoe
|player|p1|
|l|‽GoobNUTglizz
|player|p2|
