|j|☆Josephdawinner
|j|☆Imranthegoat
|t:|1743830803
|gametype|singles
|player|p1|Josephdawinner|101|1088
|player|p2|Imranthegoat|whitney|1066
|teamsize|p1|6
|teamsize|p2|6
|gen|9
|tier|[Gen 9] OU
|rated|
|rule|HP Percentage Mod: HP is shown in percentages
|rule|Endless Battle Clause: Forcing endless battles is banned
|rule|Species Clause: Limit one of each Pokémon
|rule|OHKO Clause: OHKO moves are banned
|rule|Evasion Items Clause: Evasion items are banned
|rule|Evasion Moves Clause: Evasion moves are banned
|rule|Sleep Moves Clause: Sleep-inducing moves are banned
|clearpoke
|poke|p1|Kingambit, M|
|poke|p1|Mimikyu, M|
|poke|p1|Maushold|
|poke|p1|Eelektross, F|
|poke|p1|Gengar, F|
|poke|p1|Blastoise, M|
|poke|p2|Torkoal, F|
|poke|p2|Scovillain, M|
|poke|p2|Chandelure, M|
|poke|p2|Rotom-Heat|
|poke|p2|Arcanine-Hisui, M|
|poke|p2|Blaziken, F|
|teampreview
|
|t:|1743830809
|start
|switch|p1a: Blastoise|Blastoise, M, shiny|100/100
|switch|p2a: Torkoal|Torkoal, F|100/100
|-weather|SunnyDay|[from] ability: Drought|[of] p2a: Torkoal
|turn|1
|
|t:|1743830818
|move|p1a: Blastoise|Shell Smash|p1a: Blastoise
|-unboost|p1a: Blastoise|def|1
|-unboost|p1a: Blastoise|spd|1
|-boost|p1a: Blastoise|atk|2
|-boost|p1a: Blastoise|spa|2
|-boost|p1a: Blastoise|spe|2
|-enditem|p1a: Blastoise|White Herb
|-clearnegativeboost|p1a: Blastoise|[silent]
|move|p2a: Torkoal|Stealth Rock|p1a: Blastoise
|-sidestart|p1: Josephdawinner|move: Stealth Rock
|
|-weather|SunnyDay|[upkeep]
|upkeep
|turn|2
|
|t:|1743830829
|move|p1a: Blastoise|Hydro Pump|p2a: Torkoal
|-supereffective|p2a: Torkoal
|-damage|p2a: Torkoal|0 fnt
|faint|p2a: Torkoal
|
|-weather|SunnyDay|[upkeep]
|upkeep
|
|t:|1743830835
|switch|p2a: Scovillain|Scovillain, M|100/100
|turn|3
|
|t:|1743830839
|move|p1a: Blastoise|Ice Beam|p2a: Scovillain
|-damage|p2a: Scovillain|46/100
|move|p2a: Scovillain|Solar Beam||[still]
|-prepare|p2a: Scovillain|Solar Beam
|-anim|p2a: Scovillain|Solar Beam|p1a: Blastoise
|-supereffective|p1a: Blastoise
|-damage|p1a: Blastoise|0 fnt
|faint|p1a: Blastoise
|-damage|p2a: Scovillain|36/100|[from] item: Life Orb
|
|-weather|SunnyDay|[upkeep]
|upkeep
|
|t:|1743830848
|switch|p1a: Maushold|Maushold, shiny|100/100
|-damage|p1a: Maushold|88/100|[from] Stealth Rock
|turn|4
|
|t:|1743830855
|move|p2a: Scovillain|Solar Beam||[still]
|-prepare|p2a: Scovillain|Solar Beam
|-anim|p2a: Scovillain|Solar Beam|p1a: Maushold
|-damage|p1a: Maushold|0 fnt
|faint|p1a: Maushold
|-damage|p2a: Scovillain|26/100|[from] item: Life Orb
|
|-weather|SunnyDay|[upkeep]
|upkeep
|
|t:|1743830860
|switch|p1a: Gengar|Gengar, F, shiny|100/100
|-damage|p1a: Gengar|88/100|[from] Stealth Rock
|turn|5
|
|t:|1743830868
|move|p2a: Scovillain|Stomping Tantrum|p1a: Gengar
|-supereffective|p1a: Gengar
|-damage|p1a: Gengar|32/100
|-start|p2a: Scovillain|Disable|Stomping Tantrum|[from] ability: Cursed Body|[of] p1a: Gengar
|-damage|p2a: Scovillain|16/100|[from] item: Life Orb
|move|p1a: Gengar|Nasty Plot|p1a: Gengar
|-boost|p1a: Gengar|spa|2
|
|-weather|SunnyDay|[upkeep]
|upkeep
|turn|6
|
|t:|1743830880
|move|p2a: Scovillain|Solar Beam||[still]
|-prepare|p2a: Scovillain|Solar Beam
|-anim|p2a: Scovillain|Solar Beam|p1a: Gengar
|-resisted|p1a: Gengar
|-damage|p1a: Gengar|0 fnt
|faint|p1a: Gengar
|-damage|p2a: Scovillain|6/100|[from] item: Life Orb
|
|-weather|SunnyDay|[upkeep]
|upkeep
|
|t:|1743830884
|switch|p1a: Mimikyu|Mimikyu, M, shiny|100/100
|-damage|p1a: Mimikyu|88/100|[from] Stealth Rock
|turn|7
|
|t:|1743830896
|move|p1a: Mimikyu|Shadow Sneak|p2a: Scovillain
|-damage|p2a: Scovillain|0 fnt
|faint|p2a: Scovillain
|
|-weather|SunnyDay|[upkeep]
|-heal|p1a: Mimikyu|94/100|[from] item: Leftovers
|upkeep
|
|t:|1743830911
|switch|p2a: Chandelure|Chandelure, M, shiny|100/100
|turn|8
|
|t:|1743830916
|move|p2a: Chandelure|Shadow Ball|p1a: Mimikyu
|-activate|p1a: Mimikyu|ability: Disguise
|-damage|p1a: Mimikyu|94/100
|-unboost|p1a: Mimikyu|spd|1
|detailschange|p1a: Mimikyu|Mimikyu-Busted, M, shiny
|-damage|p1a: Mimikyu|82/100|[from] pokemon: Mimikyu-Busted
|move|p1a: Mimikyu|Swords Dance|p1a: Mimikyu
|-boost|p1a: Mimikyu|atk|2
|
|-weather|none
|-heal|p1a: Mimikyu|88/100|[from] item: Leftovers
|upkeep
|turn|9
|
|t:|1743830930
|move|p1a: Mimikyu|Shadow Sneak|p2a: Chandelure
|-supereffective|p2a: Chandelure
|-damage|p2a: Chandelure|28/100
|-status|p1a: Mimikyu|brn|[from] ability: Flame Body|[of] p2a: Chandelure
|move|p2a: Chandelure|Shadow Ball|p1a: Mimikyu
|-supereffective|p1a: Mimikyu
|-damage|p1a: Mimikyu|0 fnt
|faint|p1a: Mimikyu
|
|upkeep
|
|t:|1743830934
|switch|p1a: Eelektross|Eelektross, F, shiny|100/100
|-damage|p1a: Eelektross|88/100|[from] Stealth Rock
|turn|10
|
|t:|1743830941
|move|p2a: Chandelure|Shadow Ball|p1a: Eelektross
|-damage|p1a: Eelektross|0 fnt
|faint|p1a: Eelektross
|
|upkeep
|
|t:|1743830944
|switch|p1a: Kingambit|Kingambit, M, shiny|100/100
|-damage|p1a: Kingambit|94/100|[from] Stealth Rock
|-activate|p1a: Kingambit|ability: Supreme Overlord
|-start|p1a: Kingambit|fallen5|[silent]
|turn|11
|
|t:|1743830950
|-terastallize|p1a: Kingambit|Dark
|move|p1a: Kingambit|Sucker Punch|p2a: Chandelure
|-supereffective|p2a: Chandelure
|-damage|p2a: Chandelure|0 fnt
|faint|p2a: Chandelure
|
|upkeep
|
|t:|1743830962
|switch|p2a: Rotom|Rotom-Heat|100/100
|turn|12
|
|t:|1743830966
|move|p2a: Rotom|Sunny Day|p2a: Rotom
|-weather|SunnyDay
|move|p1a: Kingambit|Swords Dance|p1a: Kingambit
|-boost|p1a: Kingambit|atk|2
|
|-weather|SunnyDay|[upkeep]
|upkeep
|turn|13
|
|t:|1743830973
|move|p1a: Kingambit|Sucker Punch||[still]
|-fail|p1a: Kingambit
|move|p2a: Rotom|Will-O-Wisp|p1a: Kingambit
|-status|p1a: Kingambit|brn
|
|-weather|SunnyDay|[upkeep]
|-damage|p1a: Kingambit|88/100 brn|[from] brn
|upkeep
|turn|14
|
|t:|1743830991
|move|p2a: Rotom|Overheat|p1a: Kingambit
|-damage|p1a: Kingambit|0 fnt
|-unboost|p2a: Rotom|spa|2
|faint|p1a: Kingambit
|-end|p1a: Kingambit|fallen5|[silent]
|
|win|Imranthegoat
|raw|Josephdawinner's rating: 1088 &rarr; <strong>1063</strong><br />(-25 for losing)
|raw|Imranthegoat's rating: 1066 &rarr; <strong>1098</strong><br />(+32 for winning)
|l|☆Imranthegoat
|player|p2|
|l|☆Josephdawinner
|player|p1|
