|j|☆TheLump
|j|☆Keanub
|t:|1743861801
|gametype|singles
|player|p1|TheLump|102|1070
|player|p2|Keanub|102|1053
|teamsize|p1|6
|teamsize|p2|6
|gen|9
|tier|[Gen 9] OU
|rated|
|rule|HP Percentage Mod: HP is shown in percentages
|rule|Endless Battle Clause: Forcing endless battles is banned
|rule|Species Clause: Limit one of each Pokémon
|rule|OHKO Clause: OHKO moves are banned
|rule|Evasion Items Clause: Evasion items are banned
|rule|Evasion Moves Clause: Evasion moves are banned
|rule|Sleep Moves Clause: Sleep-inducing moves are banned
|clearpoke
|poke|p1|Venomoth, M|
|poke|p1|Victreebel, M|
|poke|p1|Torkoal, M|
|poke|p1|Iron Moth|
|poke|p1|Revavroom, M|
|poke|p1|Swalot, M|
|poke|p2|Mudsdale, F|
|poke|p2|Hydrapple, M|
|poke|p2|Clefable, F|
|poke|p2|Pelipper, M|
|poke|p2|Basculegion-F, F|
|poke|p2|Iron Treads|
|teampreview
|
|t:|1743861827
|start
|switch|p1a: Torkoal|Torkoal, M, shiny|100/100
|switch|p2a: Aura|Mudsdale, F|100/100
|-weather|SunnyDay|[from] ability: Drought|[of] p1a: Torkoal
|turn|1
|
|t:|1743861846
|move|p2a: Aura|Earthquake|p1a: Torkoal
|-supereffective|p1a: Torkoal
|-damage|p1a: Torkoal|33/100
|move|p1a: Torkoal|Will-O-Wisp|p2a: Aura
|-status|p2a: Aura|brn
|
|-weather|SunnyDay|[upkeep]
|-damage|p2a: Aura|94/100 brn|[from] brn
|upkeep
|turn|2
|
|t:|1743861856
|switch|p1a: Lowi Trusmadi|Victreebel, M|100/100
|move|p2a: Aura|Earthquake|p1a: Lowi Trusmadi
|-damage|p1a: Lowi Trusmadi|53/100
|
|-weather|SunnyDay|[upkeep]
|-damage|p2a: Aura|88/100 brn|[from] brn
|upkeep
|turn|3
|
|t:|1743861878
|-terastallize|p2a: Aura|Fighting
|move|p1a: Lowi Trusmadi|Giga Drain|p2a: Aura
|-damage|p2a: Aura|69/100 brn
|-heal|p1a: Lowi Trusmadi|64/100|[from] drain|[of] p2a: Aura
|-ability|p2a: Aura|Stamina|boost
|-boost|p2a: Aura|def|1
|move|p2a: Aura|Body Press|p1a: Lowi Trusmadi
|-resisted|p1a: Lowi Trusmadi
|-crit|p1a: Lowi Trusmadi
|-damage|p1a: Lowi Trusmadi|40/100
|
|-weather|SunnyDay|[upkeep]
|-damage|p2a: Aura|63/100 brn|[from] brn
|upkeep
|turn|4
|
|t:|1743861917
|move|p1a: Lowi Trusmadi|Giga Drain|p2a: Aura
|-damage|p2a: Aura|44/100 brn
|-heal|p1a: Lowi Trusmadi|51/100|[from] drain|[of] p2a: Aura
|-ability|p2a: Aura|Stamina|boost
|-boost|p2a: Aura|def|1
|move|p2a: Aura|Earthquake|p1a: Lowi Trusmadi
|-damage|p1a: Lowi Trusmadi|4/100
|
|-weather|SunnyDay|[upkeep]
|-damage|p2a: Aura|38/100 brn|[from] brn
|upkeep
|turn|5
|
|t:|1743861927
|move|p1a: Lowi Trusmadi|Giga Drain|p2a: Aura
|-damage|p2a: Aura|20/100 brn
|-heal|p1a: Lowi Trusmadi|15/100|[from] drain|[of] p2a: Aura
|-ability|p2a: Aura|Stamina|boost
|-boost|p2a: Aura|def|1
|move|p2a: Aura|Earthquake|p1a: Lowi Trusmadi
|-damage|p1a: Lowi Trusmadi|0 fnt
|faint|p1a: Lowi Trusmadi
|
|-weather|SunnyDay|[upkeep]
|-damage|p2a: Aura|13/100 brn|[from] brn
|upkeep
|
|t:|1743861931
|switch|p1a: Iron Moth|Iron Moth|100/100
|-enditem|p1a: Iron Moth|Booster Energy
|-activate|p1a: Iron Moth|ability: Quark Drive|[fromitem]
|-start|p1a: Iron Moth|quarkdrivespe
|turn|6
|
|t:|1743861948
|move|p1a: Iron Moth|Fiery Dance|p2a: Aura
|-damage|p2a: Aura|0 fnt
|-boost|p1a: Iron Moth|spa|1
|faint|p2a: Aura
|
|-weather|SunnyDay|[upkeep]
|upkeep
|
|t:|1743861956
|switch|p2a: Pelipper|Pelipper, M|100/100
|-weather|RainDance|[from] ability: Drizzle|[of] p2a: Pelipper
|turn|7
|
|t:|1743861963
|move|p1a: Iron Moth|Sludge Wave|p2a: Pelipper
|-damage|p2a: Pelipper|0 fnt
|faint|p2a: Pelipper
|
|-weather|RainDance|[upkeep]
|upkeep
|
|t:|1743861968
|switch|p2a: Hydrapple|Hydrapple, M|100/100
|turn|8
|
|t:|1743861979
|switch|p2a: Iron Treads|Iron Treads|100/100
|-item|p2a: Iron Treads|Air Balloon
|move|p1a: Iron Moth|Sludge Wave|p2a: Iron Treads
|-immune|p2a: Iron Treads
|
|-weather|RainDance|[upkeep]
|upkeep
|turn|9
|
|t:|1743861991
|move|p1a: Iron Moth|Fiery Dance|p2a: Iron Treads
|-supereffective|p2a: Iron Treads
|-damage|p2a: Iron Treads|22/100
|-enditem|p2a: Iron Treads|Air Balloon
|move|p2a: Iron Treads|Earthquake|p1a: Iron Moth
|-supereffective|p1a: Iron Moth
|-damage|p1a: Iron Moth|0 fnt
|faint|p1a: Iron Moth
|-end|p1a: Iron Moth|Quark Drive|[silent]
|
|-weather|RainDance|[upkeep]
|upkeep
|
|t:|1743861995
|switch|p1a: Torkoal|Torkoal, M, shiny|33/100
|-weather|SunnyDay|[from] ability: Drought|[of] p1a: Torkoal
|turn|10
|
|t:|1743862003
|move|p2a: Iron Treads|Earthquake|p1a: Torkoal
|-supereffective|p1a: Torkoal
|-crit|p1a: Torkoal
|-damage|p1a: Torkoal|0 fnt
|faint|p1a: Torkoal
|
|-weather|SunnyDay|[upkeep]
|upkeep
|
|t:|1743862018
|switch|p1a: Revavroom|Revavroom, M|100/100
|turn|11
|
|t:|1743862031
|-terastallize|p1a: Revavroom|Flying
|move|p2a: Iron Treads|Earthquake|p1a: Revavroom
|-immune|p1a: Revavroom
|move|p1a: Revavroom|Shift Gear|p1a: Revavroom
|-boost|p1a: Revavroom|spe|2
|-boost|p1a: Revavroom|atk|1
|
|-weather|SunnyDay|[upkeep]
|upkeep
|turn|12
|
|t:|1743862044
|move|p1a: Revavroom|High Horsepower|p2a: Iron Treads
|-supereffective|p2a: Iron Treads
|-damage|p2a: Iron Treads|0 fnt
|faint|p2a: Iron Treads
|-end|p2a: Iron Treads|Quark Drive|[silent]
|
|-weather|SunnyDay|[upkeep]
|upkeep
|
|t:|1743862050
|switch|p2a: Basculegion|Basculegion-F, F|100/100
|turn|13
|
|t:|1743862067
|move|p1a: Revavroom|Shift Gear|p1a: Revavroom
|-boost|p1a: Revavroom|spe|2
|-boost|p1a: Revavroom|atk|1
|move|p2a: Basculegion|Icy Wind|p1a: Revavroom
|-supereffective|p1a: Revavroom
|-damage|p1a: Revavroom|20/100
|-unboost|p1a: Revavroom|spe|1
|
|-weather|SunnyDay|[upkeep]
|-heal|p1a: Revavroom|26/100|[from] item: Leftovers
|upkeep
|turn|14
|
|t:|1743862076
|move|p1a: Revavroom|Poison Jab|p2a: Basculegion
|-resisted|p2a: Basculegion
|-damage|p2a: Basculegion|42/100
|move|p2a: Basculegion|Icy Wind|p1a: Revavroom
|-supereffective|p1a: Revavroom
|-damage|p1a: Revavroom|0 fnt
|faint|p1a: Revavroom
|
|-weather|SunnyDay|[upkeep]
|upkeep
|
|t:|1743862082
|switch|p1a: Swalot|Swalot, M|100/100
|turn|15
|
|t:|1743862101
|switch|p2a: Hydrapple|Hydrapple, M|100/100
|move|p1a: Swalot|Toxic|p2a: Hydrapple
|-status|p2a: Hydrapple|tox
|
|-weather|SunnyDay|[upkeep]
|-damage|p2a: Hydrapple|94/100 tox|[from] psn
|upkeep
|turn|16
|
|t:|1743862145
|move|p1a: Swalot|Ice Beam|p2a: Hydrapple
|-supereffective|p2a: Hydrapple
|-damage|p2a: Hydrapple|61/100 tox
|move|p2a: Hydrapple|Earth Power|p1a: Swalot
|-supereffective|p1a: Swalot
|-damage|p1a: Swalot|64/100
|
|-weather|SunnyDay|[upkeep]
|-heal|p1a: Swalot|71/100|[from] item: Black Sludge
|-damage|p2a: Hydrapple|49/100 tox|[from] psn
|upkeep
|turn|17
|
|t:|1743862156
|move|p1a: Swalot|Ice Beam|p2a: Hydrapple
|-supereffective|p2a: Hydrapple
|-damage|p2a: Hydrapple|15/100 tox
|move|p2a: Hydrapple|Giga Drain|p1a: Swalot
|-resisted|p1a: Swalot
|-crit|p1a: Swalot
|-damage|p1a: Swalot|56/100
|-damage|p2a: Hydrapple|7/100 tox|[from] ability: Liquid Ooze|[of] p1a: Swalot
|
|-weather|none
|-heal|p1a: Swalot|62/100|[from] item: Black Sludge
|-damage|p2a: Hydrapple|0 fnt|[from] psn
|faint|p2a: Hydrapple
|upkeep
|
|t:|1743862168
|switch|p2a: Goddess|Clefable, F|100/100
|turn|18
|
|t:|1743862178
|move|p2a: Goddess|Light Screen|p2a: Goddess
|-sidestart|p2: Keanub|move: Light Screen
|move|p1a: Swalot|Toxic|p2a: Goddess
|-status|p2a: Goddess|tox
|
|-heal|p1a: Swalot|68/100|[from] item: Black Sludge
|upkeep
|turn|19
|
|t:|1743862199
|move|p2a: Goddess|Thunder|p1a: Swalot
|-damage|p1a: Swalot|37/100
|move|p1a: Swalot|Gastro Acid|p2a: Goddess
|-endability|p2a: Goddess
|
|-heal|p1a: Swalot|43/100|[from] item: Black Sludge
|-damage|p2a: Goddess|88/100 tox|[from] psn
|upkeep
|turn|20
|
|t:|1743862212
|move|p2a: Goddess|Moonblast|p1a: Swalot
|-resisted|p1a: Swalot
|-damage|p1a: Swalot|25/100
|-damage|p2a: Goddess|78/100 tox|[from] item: Life Orb
|move|p1a: Swalot|Toxic|p2a: Goddess
|-fail|p2a: Goddess|tox
|
|-heal|p1a: Swalot|31/100|[from] item: Black Sludge
|-damage|p2a: Goddess|60/100 tox|[from] psn
|upkeep
|turn|21
|
|t:|1743862222
|switch|p1a: Venomoth|Venomoth, M|100/100
|move|p2a: Goddess|Thunder|p1a: Venomoth
|-damage|p1a: Venomoth|28/100
|-damage|p2a: Goddess|50/100 tox|[from] item: Life Orb
|
|-heal|p1a: Venomoth|34/100|[from] item: Black Sludge
|-damage|p2a: Goddess|25/100 tox|[from] psn
|upkeep
|turn|22
|
|t:|1743862233
|move|p1a: Venomoth|Quiver Dance|p1a: Venomoth
|-boost|p1a: Venomoth|spa|1
|-boost|p1a: Venomoth|spd|1
|-boost|p1a: Venomoth|spe|1
|move|p2a: Goddess|Focus Blast|p1a: Venomoth|[miss]
|-miss|p2a: Goddess|p1a: Venomoth
|
|-heal|p1a: Venomoth|40/100|[from] item: Black Sludge
|-damage|p2a: Goddess|0 fnt|[from] psn
|faint|p2a: Goddess
|-sideend|p2: Keanub|move: Light Screen
|upkeep
|
|t:|1743862243
|switch|p2a: Basculegion|Basculegion-F, F|42/100
|turn|23
|
|t:|1743862252
|move|p1a: Venomoth|Sludge Bomb|p2a: Basculegion
|-resisted|p2a: Basculegion
|-damage|p2a: Basculegion|0 fnt
|faint|p2a: Basculegion
|
|win|TheLump
|raw|TheLump's rating: 1070 &rarr; <strong>1098</strong><br />(+28 for winning)
|raw|Keanub's rating: 1053 &rarr; <strong>1036</strong><br />(-17 for losing)
|l|☆TheLump
|player|p1|
