|j|☆psnewman
|j|☆Gimmitaiz
|t:|1743858815
|gametype|singles
|player|p1|psnewman|1|1300
|player|p2|Gimmitaiz|benga|1315
|teamsize|p1|6
|teamsize|p2|6
|gen|9
|tier|[Gen 9] OU
|rated|
|rule|HP Percentage Mod: HP is shown in percentages
|rule|Endless Battle Clause: Forcing endless battles is banned
|rule|Species Clause: Limit one of each Pokémon
|rule|OHKO Clause: OHKO moves are banned
|rule|Evasion Items Clause: Evasion items are banned
|rule|Evasion Moves Clause: Evasion moves are banned
|rule|Sleep Moves Clause: Sleep-inducing moves are banned
|clearpoke
|poke|p1|Pelipper, M|
|poke|p1|Kingdra, M|
|poke|p1|Thundurus-Therian, M|
|poke|p1|Ogerpon-Wellspring, F|
|poke|p1|Persian-Alola, F|
|poke|p1|Manaphy|
|poke|p2|Enamorus, F|
|poke|p2|Dragapult, F|
|poke|p2|Cinderace, M|
|poke|p2|Darkrai|
|poke|p2|Corviknight, M|
|poke|p2|Meowscarada, F|
|teampreview
|inactive|Battle timer is ON: inactive players will automatically lose when time's up. (requested by psnewman)
|inactive|Gimmitaiz has 120 seconds left.
|
|t:|1743858853
|start
|switch|p1a: 欧～|Pelipper, M|100/100
|switch|p2a: Meowscarada|Meowscarada, F|100/100
|-weather|RainDance|[from] ability: Drizzle|[of] p1a: 欧～
|turn|1
|
|t:|1743858860
|move|p2a: Meowscarada|U-turn|p1a: 欧～
|-start|p2a: Meowscarada|typechange|Bug|[from] ability: Protean
|-resisted|p1a: 欧～
|-crit|p1a: 欧～
|-damage|p1a: 欧～|63/100
|
|t:|1743858862
|switch|p2a: Corviknight|Corviknight, M|100/100|[from] U-turn
|-ability|p2a: Corviknight|Pressure
|move|p1a: 欧～|U-turn|p2a: Corviknight
|-resisted|p2a: Corviknight
|-crit|p2a: Corviknight
|-damage|p2a: Corviknight|98/100
|-damage|p1a: 欧～|47/100|[from] item: Rocky Helmet|[of] p2a: Corviknight
|
|t:|1743858869
|switch|p1a: 云|Thundurus-Therian, M|100/100|[from] U-turn
|
|-weather|RainDance|[upkeep]
|upkeep
|turn|2
|
|t:|1743858888
|switch|p2a: Meowscarada|Meowscarada, F|100/100
|move|p1a: 云|Thunder|p2a: Meowscarada
|-resisted|p2a: Meowscarada
|-damage|p2a: Meowscarada|41/100
|-status|p2a: Meowscarada|par
|-damage|p1a: 云|91/100|[from] item: Life Orb
|
|-weather|RainDance|[upkeep]
|upkeep
|turn|3
|
|t:|1743858894
|move|p1a: 云|Thunder|p2a: Meowscarada
|-resisted|p2a: Meowscarada
|-damage|p2a: Meowscarada|0 fnt
|faint|p2a: Meowscarada
|-damage|p1a: 云|81/100|[from] item: Life Orb
|
|-weather|RainDance|[upkeep]
|upkeep
|
|t:|1743858896
|switch|p2a: Dragapult|Dragapult, F|100/100
|turn|4
|
|t:|1743858904
|move|p2a: Dragapult|Dragon Darts|p1a: 云
|-damage|p1a: 云|36/100
|-anim|p2a: Dragapult|Dragon Darts|p1a: 云
|-damage|p1a: 云|0 fnt
|faint|p1a: 云
|-damage|p2a: Dragapult|91/100|[from] item: Life Orb
|
|-weather|RainDance|[upkeep]
|upkeep
|
|t:|1743858913
|switch|p1a: 椪椪|Ogerpon-Wellspring, F|100/100
|turn|5
|
|t:|1743858931
|switch|p1a: 坦克|Persian-Alola, F|100/100
|move|p2a: Dragapult|U-turn|p1a: 坦克
|-supereffective|p1a: 坦克
|-damage|p1a: 坦克|74/100
|-damage|p2a: Dragapult|81/100|[from] item: Life Orb
|
|t:|1743858935
|switch|p2a: Enamorus|Enamorus, F|100/100|[from] U-turn
|
|-weather|RainDance|[upkeep]
|upkeep
|turn|6
|
|t:|1743858937
|move|p1a: 坦克|Fake Out|p2a: Enamorus
|-damage|p2a: Enamorus|91/100
|cant|p2a: Enamorus|flinch
|
|-weather|RainDance|[upkeep]
|upkeep
|turn|7
|
|t:|1743858949
|switch|p1a: 椪椪|Ogerpon-Wellspring, F|100/100
|move|p2a: Enamorus|Moonblast|p1a: 椪椪
|-damage|p1a: 椪椪|10/100
|
|-weather|RainDance|[upkeep]
|upkeep
|turn|8
|
|t:|1743858958
|switch|p2a: Corviknight|Corviknight, M|98/100
|-ability|p2a: Corviknight|Pressure
|move|p1a: 椪椪|Ivy Cudgel|p2a: Corviknight|[anim] Ivy Cudgel Water
|-crit|p2a: Corviknight
|-damage|p2a: Corviknight|10/100
|
|-weather|none
|upkeep
|turn|9
|
|t:|1743858968
|move|p1a: 椪椪|Ivy Cudgel|p2a: Corviknight|[anim] Ivy Cudgel Water
|-damage|p2a: Corviknight|0 fnt
|faint|p2a: Corviknight
|
|upkeep
|
|t:|1743858972
|switch|p2a: Cinderace|Cinderace, M|100/100
|turn|10
|
|t:|1743858975
|move|p2a: Cinderace|U-turn|p1a: 椪椪
|-start|p2a: Cinderace|typechange|Bug|[from] ability: Libero
|-supereffective|p1a: 椪椪
|-damage|p1a: 椪椪|0 fnt
|faint|p1a: 椪椪
|
|t:|1743858981
|switch|p2a: Dragapult|Dragapult, F|81/100|[from] U-turn
|
|upkeep
|
|t:|1743858985
|switch|p1a: 坦克|Persian-Alola, F|74/100
|turn|11
|
|t:|1743858989
|move|p2a: Dragapult|U-turn|p1a: 坦克
|-supereffective|p1a: 坦克
|-damage|p1a: 坦克|46/100
|-damage|p2a: Dragapult|71/100|[from] item: Life Orb
|
|t:|1743858996
|switch|p2a: Darkrai|Darkrai|100/100|[from] U-turn
|move|p1a: 坦克|Rain Dance|p1a: 坦克
|-weather|RainDance
|
|-weather|RainDance|[upkeep]
|upkeep
|turn|12
|
|t:|1743859002
|move|p2a: Darkrai|Trick|p1a: 坦克
|-activate|p2a: Darkrai|move: Trick|[of] p1a: 坦克
|-item|p1a: 坦克|Choice Specs|[from] move: Trick
|-item|p2a: Darkrai|Damp Rock|[from] move: Trick
|move|p1a: 坦克|Parting Shot|p2a: Darkrai
|-unboost|p2a: Darkrai|atk|1
|-unboost|p2a: Darkrai|spa|1
|
|t:|1743859011
|switch|p1a: 玛娜菲|Manaphy|100/100|[from] Parting Shot
|
|-weather|RainDance|[upkeep]
|upkeep
|turn|13
|
|t:|1743859016
|move|p2a: Darkrai|Sludge Bomb|p1a: 玛娜菲
|-damage|p1a: 玛娜菲|81/100
|-status|p1a: 玛娜菲|psn
|move|p1a: 玛娜菲|Tail Glow|p1a: 玛娜菲
|-boost|p1a: 玛娜菲|spa|3
|
|-weather|RainDance|[upkeep]
|-activate|p1a: 玛娜菲|ability: Hydration
|-curestatus|p1a: 玛娜菲|psn|[msg]
|-heal|p1a: 玛娜菲|87/100|[from] item: Leftovers
|upkeep
|turn|14
|
|t:|1743859024
|move|p2a: Darkrai|Sludge Bomb|p1a: 玛娜菲
|-damage|p1a: 玛娜菲|68/100
|-status|p1a: 玛娜菲|psn
|move|p1a: 玛娜菲|Surf|p2a: Darkrai
|-damage|p2a: Darkrai|0 fnt
|faint|p2a: Darkrai
|
|-weather|RainDance|[upkeep]
|-activate|p1a: 玛娜菲|ability: Hydration
|-curestatus|p1a: 玛娜菲|psn|[msg]
|-heal|p1a: 玛娜菲|75/100|[from] item: Leftovers
|upkeep
|
|t:|1743859036
|switch|p2a: Dragapult|Dragapult, F|71/100
|turn|15
|
|t:|1743859039
|move|p2a: Dragapult|Dragon Darts|p1a: 玛娜菲
|-damage|p1a: 玛娜菲|49/100
|-anim|p2a: Dragapult|Dragon Darts|p1a: 玛娜菲
|-damage|p1a: 玛娜菲|23/100
|-damage|p2a: Dragapult|61/100|[from] item: Life Orb
|move|p1a: 玛娜菲|Ice Beam|p2a: Dragapult
|-supereffective|p2a: Dragapult
|-damage|p2a: Dragapult|0 fnt
|faint|p2a: Dragapult
|
|-weather|RainDance|[upkeep]
|-heal|p1a: 玛娜菲|29/100|[from] item: Leftovers
|upkeep
|
|t:|1743859042
|switch|p2a: Enamorus|Enamorus, F|91/100
|turn|16
|
|t:|1743859049
|move|p2a: Enamorus|Moonblast|p1a: 玛娜菲
|-damage|p1a: 玛娜菲|0 fnt
|faint|p1a: 玛娜菲
|
|-weather|RainDance|[upkeep]
|upkeep
|
|t:|1743859053
|switch|p1a: 龙王传说|Kingdra, M|100/100
|turn|17
|
|t:|1743859064
|-terastallize|p1a: 龙王传说|Water
|-terastallize|p2a: Enamorus|Stellar
|move|p1a: 龙王传说|Weather Ball|p2a: Enamorus
|-damage|p2a: Enamorus|0 fnt
|faint|p2a: Enamorus
|
|-weather|RainDance|[upkeep]
|upkeep
|
|t:|1743859069
|switch|p2a: Cinderace|Cinderace, M|100/100
|turn|18
|
|t:|1743859072
|move|p1a: 龙王传说|Weather Ball|p2a: Cinderace
|-supereffective|p2a: Cinderace
|-damage|p2a: Cinderace|0 fnt
|faint|p2a: Cinderace
|
|win|psnewman
|raw|psnewman's rating: 1300 &rarr; <strong>1326</strong><br />(+26 for winning)
|raw|Gimmitaiz's rating: 1315 &rarr; <strong>1294</strong><br />(-21 for losing)
|l|☆Gimmitaiz
|player|p2|
|l|☆psnewman
|player|p1|
