|j|☆mingkuo
|j|☆Monsieur Callisto
|t:|1743916450
|gametype|singles
|player|p1|mingkuo|cheryl|1159
|player|p2|Monsieur Callisto|gentleman-gen4|1141
|teamsize|p1|6
|teamsize|p2|6
|gen|9
|tier|[Gen 9] OU
|rated|
|rule|HP Percentage Mod: HP is shown in percentages
|rule|Endless Battle Clause: Forcing endless battles is banned
|rule|Species Clause: Limit one of each Pokémon
|rule|OHKO Clause: OHKO moves are banned
|rule|Evasion Items Clause: Evasion items are banned
|rule|Evasion Moves Clause: Evasion moves are banned
|rule|Sleep Moves Clause: Sleep-inducing moves are banned
|clearpoke
|poke|p1|Torkoal, M|
|poke|p1|Walking Wake|
|poke|p1|Blaziken, M|
|poke|p1|Serperior, M|
|poke|p1|Kingambit, F|
|poke|p1|Dragapult, M|
|poke|p2|Regirock|
|poke|p2|Regice|
|poke|p2|Registeel|
|poke|p2|Yanmega, M|
|poke|p2|Blastoise, M|
|poke|p2|Mamoswine, M|
|teampreview
|inactive|Battle timer is ON: inactive players will automatically lose when time's up. (requested by mingkuo)
|
|t:|1743916461
|start
|switch|p1a: Torkoal|Torkoal, M|100/100
|switch|p2a: Regirock|Regirock|100/100
|-weather|SunnyDay|[from] ability: Drought|[of] p1a: Torkoal
|turn|1
|
|t:|1743916469
|move|p2a: Regirock|Stone Edge|p1a: Torkoal
|-supereffective|p1a: Torkoal
|-damage|p1a: Torkoal|46/100
|move|p1a: Torkoal|Stealth Rock|p2a: Regirock
|-sidestart|p2: Monsieur Callisto|move: Stealth Rock
|
|-weather|SunnyDay|[upkeep]
|upkeep
|turn|2
|
|t:|1743916496
|move|p2a: Regirock|Stone Edge|p1a: Torkoal
|-supereffective|p1a: Torkoal
|-damage|p1a: Torkoal|0 fnt
|faint|p1a: Torkoal
|
|-weather|SunnyDay|[upkeep]
|upkeep
|
|t:|1743916498
|switch|p1a: Walking Wake|Walking Wake|100/100
|-activate|p1a: Walking Wake|ability: Protosynthesis
|-start|p1a: Walking Wake|protosynthesisspe
|turn|3
|
|t:|1743916507
|-terastallize|p1a: Walking Wake|Water
|move|p1a: Walking Wake|Hydro Steam|p2a: Regirock
|-supereffective|p2a: Regirock
|-ability|p2a: Regirock|Sturdy
|-damage|p2a: Regirock|1/100
|move|p2a: Regirock|Stealth Rock|p1a: Walking Wake
|-sidestart|p1: mingkuo|move: Stealth Rock
|
|-weather|SunnyDay|[upkeep]
|upkeep
|turn|4
|-enditem|p2a: Regirock|Custap Berry|[eat]
|-activate|p2a: Regirock|item: Custap Berry|[consumed]
|
|t:|1743916521
|move|p2a: Regirock|Thunder Wave|p1a: Walking Wake
|-status|p1a: Walking Wake|par
|move|p1a: Walking Wake|Hydro Steam|p2a: Regirock
|-supereffective|p2a: Regirock
|-damage|p2a: Regirock|0 fnt
|faint|p2a: Regirock
|
|-weather|SunnyDay|[upkeep]
|upkeep
|
|t:|1743916533
|switch|p2a: Blastoise|Blastoise, M|100/100
|-damage|p2a: Blastoise|88/100|[from] Stealth Rock
|turn|5
|
|t:|1743916538
|move|p1a: Walking Wake|Hydro Steam|p2a: Blastoise
|-resisted|p2a: Blastoise
|-damage|p2a: Blastoise|50/100
|move|p2a: Blastoise|Rapid Spin|p1a: Walking Wake
|-damage|p1a: Walking Wake|90/100 par
|-boost|p2a: Blastoise|spe|1
|-sideend|p2: Monsieur Callisto|Stealth Rock|[from] move: Rapid Spin|[of] p2a: Blastoise
|
|-weather|SunnyDay|[upkeep]
|upkeep
|turn|6
|
|t:|1743916553
|-terastallize|p2a: Blastoise|Grass
|move|p2a: Blastoise|Tera Blast|p1a: Walking Wake|[anim] Tera Blast Grass
|-supereffective|p1a: Walking Wake
|-damage|p1a: Walking Wake|26/100 par
|cant|p1a: Walking Wake|par
|
|-weather|SunnyDay|[upkeep]
|upkeep
|turn|7
|
|t:|1743916562
|move|p2a: Blastoise|Tera Blast|p1a: Walking Wake|[anim] Tera Blast Grass
|-supereffective|p1a: Walking Wake
|-damage|p1a: Walking Wake|0 fnt
|faint|p1a: Walking Wake
|-end|p1a: Walking Wake|Protosynthesis|[silent]
|
|-weather|SunnyDay|[upkeep]
|upkeep
|
|t:|1743916571
|switch|p1a: Serperior|Serperior, M|100/100
|-damage|p1a: Serperior|88/100|[from] Stealth Rock
|turn|8
|
|t:|1743916575
|move|p1a: Serperior|Leaf Storm|p2a: Blastoise
|-resisted|p2a: Blastoise
|-damage|p2a: Blastoise|36/100
|-boost|p1a: Serperior|spa|2
|move|p2a: Blastoise|Ice Beam|p1a: Serperior
|-supereffective|p1a: Serperior
|-damage|p1a: Serperior|44/100
|
|-weather|none
|-heal|p1a: Serperior|50/100|[from] item: Leftovers
|upkeep
|turn|9
|
|t:|1743916586
|move|p1a: Serperior|Synthesis|p1a: Serperior
|-heal|p1a: Serperior|99/100
|move|p2a: Blastoise|Ice Beam|p1a: Serperior
|-supereffective|p1a: Serperior
|-damage|p1a: Serperior|51/100
|
|-heal|p1a: Serperior|57/100|[from] item: Leftovers
|upkeep
|turn|10
|
|t:|1743916595
|move|p1a: Serperior|Synthesis|p1a: Serperior
|-heal|p1a: Serperior|100/100
|move|p2a: Blastoise|Ice Beam|p1a: Serperior
|-supereffective|p1a: Serperior
|-damage|p1a: Serperior|56/100
|-status|p1a: Serperior|frz
|
|-heal|p1a: Serperior|62/100 frz|[from] item: Leftovers
|upkeep
|turn|11
|
|t:|1743916606
|-curestatus|p1a: Serperior|frz|[msg]
|move|p1a: Serperior|Synthesis|p1a: Serperior
|-heal|p1a: Serperior|100/100
|move|p2a: Blastoise|Ice Beam|p1a: Serperior
|-supereffective|p1a: Serperior
|-damage|p1a: Serperior|53/100
|
|-heal|p1a: Serperior|59/100|[from] item: Leftovers
|upkeep
|turn|12
|
|t:|1743916618
|move|p1a: Serperior|Leaf Storm|p2a: Blastoise|[miss]
|-miss|p1a: Serperior|p2a: Blastoise
|move|p2a: Blastoise|Ice Beam|p1a: Serperior
|-supereffective|p1a: Serperior
|-damage|p1a: Serperior|8/100
|
|-heal|p1a: Serperior|15/100|[from] item: Leftovers
|upkeep
|turn|13
|inactive|mingkuo has 120 seconds left.
|
|t:|1743916663
|move|p1a: Serperior|Leaf Storm|p2a: Blastoise
|-resisted|p2a: Blastoise
|-damage|p2a: Blastoise|7/100
|-boost|p1a: Serperior|spa|2
|move|p2a: Blastoise|Ice Beam|p1a: Serperior
|-supereffective|p1a: Serperior
|-damage|p1a: Serperior|0 fnt
|faint|p1a: Serperior
|
|upkeep
|
|t:|1743916668
|switch|p1a: Blaziken|Blaziken, M|100/100
|-damage|p1a: Blaziken|88/100|[from] Stealth Rock
|turn|14
|
|t:|1743916676
|move|p1a: Blaziken|Protect|p1a: Blaziken
|-singleturn|p1a: Blaziken|Protect
|move|p2a: Blastoise|Surf|p1a: Blaziken
|-activate|p1a: Blaziken|move: Protect
|
|-ability|p1a: Blaziken|Speed Boost|boost
|-boost|p1a: Blaziken|spe|1
|upkeep
|turn|15
|
|t:|1743916686
|move|p1a: Blaziken|Flare Blitz|p2a: Blastoise
|-supereffective|p2a: Blastoise
|-damage|p2a: Blastoise|0 fnt
|faint|p2a: Blastoise
|-damage|p1a: Blaziken|86/100|[from] Recoil
|-damage|p1a: Blaziken|76/100|[from] item: Life Orb
|
|-ability|p1a: Blaziken|Speed Boost|boost
|-boost|p1a: Blaziken|spe|1
|upkeep
|
|t:|1743916697
|switch|p2a: Yanmega|Yanmega, M|100/100
|turn|16
|inactive|mingkuo has 120 seconds left.
|
|t:|1743916724
|move|p2a: Yanmega|Protect|p2a: Yanmega
|-singleturn|p2a: Yanmega|Protect
|move|p1a: Blaziken|Flare Blitz|p2a: Yanmega
|-activate|p2a: Yanmega|move: Protect
|
|-ability|p1a: Blaziken|Speed Boost|boost
|-boost|p1a: Blaziken|spe|1
|-ability|p2a: Yanmega|Speed Boost|boost
|-boost|p2a: Yanmega|spe|1
|upkeep
|turn|17
|
|t:|1743916736
|move|p1a: Blaziken|Flare Blitz|p2a: Yanmega
|-supereffective|p2a: Yanmega
|-enditem|p2a: Yanmega|Focus Sash
|-damage|p2a: Yanmega|1/100
|-damage|p1a: Blaziken|42/100|[from] Recoil
|-damage|p1a: Blaziken|32/100|[from] item: Life Orb
|move|p2a: Yanmega|Air Slash|p1a: Blaziken
|-supereffective|p1a: Blaziken
|-damage|p1a: Blaziken|0 fnt
|faint|p1a: Blaziken
|
|-ability|p2a: Yanmega|Speed Boost|boost
|-boost|p2a: Yanmega|spe|1
|upkeep
|inactive|mingkuo has 120 seconds left.
|
|t:|1743916761
|switch|p1a: Dragapult|Dragapult, M|100/100
|turn|18
|
|t:|1743916771
|move|p2a: Yanmega|Protect|p2a: Yanmega
|-singleturn|p2a: Yanmega|Protect
|move|p1a: Dragapult|Dragon Dance|p1a: Dragapult
|-boost|p1a: Dragapult|atk|1
|-boost|p1a: Dragapult|spe|1
|
|-ability|p2a: Yanmega|Speed Boost|boost
|-boost|p2a: Yanmega|spe|1
|upkeep
|turn|19
|inactive|mingkuo has 120 seconds left.
|
|t:|1743916782
|move|p2a: Yanmega|Air Slash|p1a: Dragapult
|-damage|p1a: Dragapult|48/100
|move|p1a: Dragapult|Dragon Dance|p1a: Dragapult
|-boost|p1a: Dragapult|atk|1
|-boost|p1a: Dragapult|spe|1
|
|-ability|p2a: Yanmega|Speed Boost|boost
|-boost|p2a: Yanmega|spe|1
|upkeep
|turn|20
|inactive|mingkuo has 120 seconds left.
|
|t:|1743916792
|move|p2a: Yanmega|Air Slash|p1a: Dragapult
|-damage|p1a: Dragapult|0 fnt
|faint|p1a: Dragapult
|
|-ability|p2a: Yanmega|Speed Boost|boost
|-boost|p2a: Yanmega|spe|1
|upkeep
|
|t:|1743916794
|switch|p1a: Kingambit|Kingambit, F|100/100
|-damage|p1a: Kingambit|94/100|[from] Stealth Rock
|-activate|p1a: Kingambit|ability: Supreme Overlord
|-start|p1a: Kingambit|fallen5|[silent]
|turn|21
|
|t:|1743916805
|move|p1a: Kingambit|Sucker Punch|p2a: Yanmega
|-damage|p2a: Yanmega|0 fnt
|faint|p2a: Yanmega
|
|upkeep
|
|t:|1743916811
|switch|p2a: Registeel|Registeel|100/100
|turn|22
|
|t:|1743916817
|move|p1a: Kingambit|Swords Dance|p1a: Kingambit
|-boost|p1a: Kingambit|atk|2
|move|p2a: Registeel|Curse|p2a: Registeel
|-unboost|p2a: Registeel|spe|1
|-boost|p2a: Registeel|atk|1
|-boost|p2a: Registeel|def|1
|
|upkeep
|turn|23
|
|t:|1743916844
|move|p1a: Kingambit|Swords Dance|p1a: Kingambit
|-boost|p1a: Kingambit|atk|2
|move|p2a: Registeel|Body Press|p1a: Kingambit
|-supereffective|p1a: Kingambit
|-damage|p1a: Kingambit|0 fnt
|faint|p1a: Kingambit
|-end|p1a: Kingambit|fallen5|[silent]
|
|win|Monsieur Callisto
|raw|mingkuo's rating: 1159 &rarr; <strong>1133</strong><br />(-26 for losing)
|raw|Monsieur Callisto's rating: 1141 &rarr; <strong>1167</strong><br />(+26 for winning)
|l|☆Monsieur Callisto
|player|p2|
|l|☆mingkuo
|player|p1|
