|j|☆4blam
|j|☆Kemekazee
|t:|1743832254
|gametype|singles
|player|p1|4blam|iris-gen5bw2|1051
|player|p2|Kemekazee|169|1058
|teamsize|p1|6
|teamsize|p2|6
|gen|9
|tier|[Gen 9] OU
|rated|
|rule|HP Percentage Mod: HP is shown in percentages
|rule|Endless Battle Clause: Forcing endless battles is banned
|rule|Species Clause: Limit one of each Pokémon
|rule|OHKO Clause: OHKO moves are banned
|rule|Evasion Items Clause: Evasion items are banned
|rule|Evasion Moves Clause: Evasion moves are banned
|rule|Sleep Moves Clause: Sleep-inducing moves are banned
|clearpoke
|poke|p1|Azumarill, M|
|poke|p1|Dragonite, F|
|poke|p1|Gengar, F|
|poke|p1|Latios, M|
|poke|p1|Rotom-Wash|
|poke|p1|Landorus-Therian, M|
|poke|p2|Revavroom, F|
|poke|p2|Palossand, M|
|poke|p2|Mienshao, M|
|poke|p2|Florges, F|
|poke|p2|Whimsicott, F|
|poke|p2|Sandy Shocks|
|teampreview
|
|t:|1743832265
|start
|switch|p1a: Landorus|Landorus-Therian, M|100/100
|switch|p2a: Whimsicott|Whimsicott, F|100/100
|-ability|p1a: Landorus|Intimidate|boost
|-unboost|p2a: Whimsicott|atk|1
|turn|1
|
|t:|1743832286
|switch|p1a: Dragonite|Dragonite, F|100/100
|move|p2a: Whimsicott|Substitute|p2a: Whimsicott
|-start|p2a: Whimsicott|Substitute
|-damage|p2a: Whimsicott|75/100
|
|-heal|p2a: Whimsicott|82/100|[from] item: Leftovers
|upkeep
|turn|2
|
|t:|1743832290
|move|p2a: Whimsicott|Stun Spore|p1a: Dragonite
|-status|p1a: Dragonite|par
|move|p1a: Dragonite|Iron Head|p2a: Whimsicott
|-supereffective|p2a: Whimsicott
|-end|p2a: Whimsicott|Substitute
|
|-heal|p2a: Whimsicott|88/100|[from] item: Leftovers
|upkeep
|turn|3
|
|t:|1743832295
|move|p2a: Whimsicott|Substitute|p2a: Whimsicott
|-start|p2a: Whimsicott|Substitute
|-damage|p2a: Whimsicott|63/100
|cant|p1a: Dragonite|par
|
|-heal|p2a: Whimsicott|69/100|[from] item: Leftovers
|upkeep
|turn|4
|
|t:|1743832299
|move|p2a: Whimsicott|Leech Seed|p1a: Dragonite
|-start|p1a: Dragonite|move: Leech Seed
|move|p1a: Dragonite|Iron Head|p2a: Whimsicott
|-supereffective|p2a: Whimsicott
|-end|p2a: Whimsicott|Substitute
|
|-heal|p2a: Whimsicott|75/100|[from] item: Leftovers
|-damage|p1a: Dragonite|88/100 par|[from] Leech Seed|[of] p2a: Whimsicott
|-heal|p2a: Whimsicott|88/100|[silent]
|upkeep
|turn|5
|
|t:|1743832305
|move|p2a: Whimsicott|Substitute|p2a: Whimsicott
|-start|p2a: Whimsicott|Substitute
|-damage|p2a: Whimsicott|63/100
|move|p1a: Dragonite|Iron Head|p2a: Whimsicott
|-supereffective|p2a: Whimsicott
|-end|p2a: Whimsicott|Substitute
|
|-heal|p2a: Whimsicott|69/100|[from] item: Leftovers
|-damage|p1a: Dragonite|76/100 par|[from] Leech Seed|[of] p2a: Whimsicott
|-heal|p2a: Whimsicott|81/100|[silent]
|upkeep
|turn|6
|
|t:|1743832311
|move|p2a: Whimsicott|Substitute|p2a: Whimsicott
|-start|p2a: Whimsicott|Substitute
|-damage|p2a: Whimsicott|56/100
|cant|p1a: Dragonite|par
|
|-heal|p2a: Whimsicott|62/100|[from] item: Leftovers
|-damage|p1a: Dragonite|63/100 par|[from] Leech Seed|[of] p2a: Whimsicott
|-heal|p2a: Whimsicott|75/100|[silent]
|upkeep
|turn|7
|
|t:|1743832315
|move|p2a: Whimsicott|Moonblast|p1a: Dragonite
|-supereffective|p1a: Dragonite
|-damage|p1a: Dragonite|4/100 par
|move|p1a: Dragonite|Iron Head|p2a: Whimsicott
|-supereffective|p2a: Whimsicott
|-end|p2a: Whimsicott|Substitute
|
|-heal|p2a: Whimsicott|81/100|[from] item: Leftovers
|-damage|p1a: Dragonite|0 fnt|[from] Leech Seed|[of] p2a: Whimsicott
|-heal|p2a: Whimsicott|84/100|[silent]
|faint|p1a: Dragonite
|upkeep
|
|t:|1743832331
|switch|p1a: Gengar|Gengar, F|100/100
|turn|8
|
|t:|1743832341
|switch|p2a: Revavroom|Revavroom, F|100/100
|-item|p2a: Revavroom|Air Balloon
|move|p1a: Gengar|Taunt|p2a: Revavroom
|-start|p2a: Revavroom|move: Taunt
|
|upkeep
|turn|9
|
|t:|1743832361
|switch|p1a: Landorus|Landorus-Therian, M|100/100
|-ability|p1a: Landorus|Intimidate|boost
|-unboost|p2a: Revavroom|atk|1
|move|p2a: Revavroom|Temper Flare|p1a: Landorus
|-damage|p1a: Landorus|89/100
|-damage|p2a: Revavroom|84/100|[from] item: Rocky Helmet|[of] p1a: Landorus
|
|upkeep
|turn|10
|
|t:|1743832383
|switch|p2a: Whimsicott|Whimsicott, F|84/100
|move|p1a: Landorus|Stone Edge|p2a: Whimsicott
|-crit|p2a: Whimsicott
|-damage|p2a: Whimsicott|44/100
|
|-heal|p2a: Whimsicott|50/100|[from] item: Leftovers
|upkeep
|turn|11
|
|t:|1743832394
|move|p2a: Whimsicott|Leech Seed|p1a: Landorus
|-start|p1a: Landorus|move: Leech Seed
|move|p1a: Landorus|U-turn|p2a: Whimsicott
|-damage|p2a: Whimsicott|31/100
|
|t:|1743832403
|switch|p1a: Gengar|Gengar, F|100/100|[from] U-turn
|
|-heal|p2a: Whimsicott|37/100|[from] item: Leftovers
|upkeep
|turn|12
|
|t:|1743832416
|switch|p2a: Sandy Shocks|Sandy Shocks|100/100
|-enditem|p2a: Sandy Shocks|Booster Energy
|-activate|p2a: Sandy Shocks|ability: Protosynthesis|[fromitem]
|-start|p2a: Sandy Shocks|protosynthesisspa
|move|p1a: Gengar|Taunt|p2a: Sandy Shocks
|-start|p2a: Sandy Shocks|move: Taunt
|
|upkeep
|turn|13
|
|t:|1743832425
|move|p1a: Gengar|Substitute|p1a: Gengar
|-start|p1a: Gengar|Substitute
|-damage|p1a: Gengar|76/100
|move|p2a: Sandy Shocks|Power Gem|p1a: Gengar
|-crit|p1a: Gengar
|-end|p1a: Gengar|Substitute
|
|-heal|p1a: Gengar|82/100|[from] item: Black Sludge
|upkeep
|turn|14
|
|t:|1743832440
|switch|p1a: Landorus|Landorus-Therian, M|89/100
|-ability|p1a: Landorus|Intimidate|boost
|-unboost|p2a: Sandy Shocks|atk|1
|move|p2a: Sandy Shocks|Power Gem|p1a: Landorus
|-damage|p1a: Landorus|50/100
|
|-end|p2a: Sandy Shocks|move: Taunt
|upkeep
|turn|15
|
|t:|1743832450
|-end|p2a: Sandy Shocks|Protosynthesis|[silent]
|switch|p2a: Mienshao|Mienshao, M|100/100
|move|p1a: Landorus|Earthquake|p2a: Mienshao
|-damage|p2a: Mienshao|8/100
|
|upkeep
|turn|16
|
|t:|1743832462
|move|p2a: Mienshao|Ice Spinner|p1a: Landorus
|-supereffective|p1a: Landorus
|-damage|p1a: Landorus|0 fnt
|-damage|p2a: Mienshao|0 fnt|[from] item: Rocky Helmet|[of] p1a: Landorus
|faint|p1a: Landorus
|faint|p2a: Mienshao
|
|upkeep
|
|t:|1743832468
|switch|p2a: Whimsicott|Whimsicott, F|37/100
|switch|p1a: Latios|Latios, M|100/100
|turn|17
|
|t:|1743832474
|move|p2a: Whimsicott|Stun Spore|p1a: Latios
|-status|p1a: Latios|par
|move|p1a: Latios|Psyshock|p2a: Whimsicott
|-damage|p2a: Whimsicott|0 fnt
|faint|p2a: Whimsicott
|
|upkeep
|
|t:|1743832485
|switch|p2a: Florges|Florges, F|100/100
|turn|18
|
|t:|1743832494
|switch|p1a: Rotom|Rotom-Wash|100/100
|move|p2a: Florges|Calm Mind|p2a: Florges
|-boost|p2a: Florges|spa|1
|-boost|p2a: Florges|spd|1
|
|upkeep
|turn|19
|
|t:|1743832505
|move|p1a: Rotom|Pain Split|p2a: Florges
|-sethp|p2a: Florges|93/100|[from] move: Pain Split|[silent]
|-sethp|p1a: Rotom|100/100|[from] move: Pain Split
|move|p2a: Florges|Giga Drain|p1a: Rotom
|-supereffective|p1a: Rotom
|-damage|p1a: Rotom|41/100
|-heal|p2a: Florges|100/100|[from] drain|[of] p1a: Rotom
|
|-heal|p1a: Rotom|48/100|[from] item: Leftovers
|upkeep
|turn|20
|
|t:|1743832528
|move|p1a: Rotom|Will-O-Wisp|p2a: Florges
|-status|p2a: Florges|brn
|move|p2a: Florges|Wish|p2a: Florges
|
|-heal|p1a: Rotom|54/100|[from] item: Leftovers
|-damage|p2a: Florges|94/100 brn|[from] brn
|upkeep
|turn|21
|
|t:|1743832545
|move|p1a: Rotom|Hydro Pump|p2a: Florges
|-damage|p2a: Florges|78/100 brn
|move|p2a: Florges|Calm Mind|p2a: Florges
|-boost|p2a: Florges|spa|1
|-boost|p2a: Florges|spd|1
|
|-heal|p2a: Florges|100/100 brn|[from] move: Wish|[wisher] Florges
|-heal|p1a: Rotom|60/100|[from] item: Leftovers
|-damage|p2a: Florges|94/100 brn|[from] brn
|upkeep
|turn|22
|
|t:|1743832551
|move|p1a: Rotom|Volt Switch|p2a: Florges
|-damage|p2a: Florges|85/100 brn
|
|t:|1743832558
|switch|p1a: Azumarill|Azumarill, M, shiny|100/100|[from] Volt Switch
|move|p2a: Florges|Giga Drain|p1a: Azumarill
|-supereffective|p1a: Azumarill
|-damage|p1a: Azumarill|50/100
|-heal|p2a: Florges|100/100 brn|[from] drain|[of] p1a: Azumarill
|
|-damage|p2a: Florges|94/100 brn|[from] brn
|upkeep
|turn|23
|
|t:|1743832569
|move|p2a: Florges|Calm Mind|p2a: Florges
|-boost|p2a: Florges|spa|1
|-boost|p2a: Florges|spd|1
|move|p1a: Azumarill|Liquidation|p2a: Florges
|-damage|p2a: Florges|51/100 brn
|
|-heal|p2a: Florges|57/100 brn|[from] item: Leftovers
|-damage|p2a: Florges|51/100 brn|[from] brn
|upkeep
|turn|24
|
|t:|1743832577
|move|p2a: Florges|Giga Drain|p1a: Azumarill
|-supereffective|p1a: Azumarill
|-damage|p1a: Azumarill|0 fnt
|-heal|p2a: Florges|79/100 brn|[from] drain|[of] p1a: Azumarill
|faint|p1a: Azumarill
|
|-heal|p2a: Florges|85/100 brn|[from] item: Leftovers
|-damage|p2a: Florges|79/100 brn|[from] brn
|upkeep
|
|t:|1743832583
|switch|p1a: Gengar|Gengar, F|82/100
|turn|25
|
|t:|1743832595
|move|p1a: Gengar|Taunt|p2a: Florges
|-start|p2a: Florges|move: Taunt
|cant|p2a: Florges|move: Taunt|Wish
|
|-heal|p1a: Gengar|88/100|[from] item: Black Sludge
|-heal|p2a: Florges|85/100 brn|[from] item: Leftovers
|-damage|p2a: Florges|79/100 brn|[from] brn
|upkeep
|turn|26
|
|t:|1743832610
|move|p1a: Gengar|Substitute|p1a: Gengar
|-start|p1a: Gengar|Substitute
|-damage|p1a: Gengar|63/100
|move|p2a: Florges|Alluring Voice|p1a: Gengar
|-resisted|p1a: Gengar
|-damage|p1a: Gengar|0 fnt
|faint|p1a: Gengar
|
|-heal|p2a: Florges|85/100 brn|[from] item: Leftovers
|-damage|p2a: Florges|79/100 brn|[from] brn
|upkeep
|-message|4blam forfeited.
|
|win|Kemekazee
|raw|4blam's rating: 1079 &rarr; <strong>1056</strong><br />(-23 for losing)
|raw|Kemekazee's rating: 1058 &rarr; <strong>1091</strong><br />(+33 for winning)
|l|☆4blam
|player|p1|
|l|☆Kemekazee
|player|p2|
