|j|☆Louhitar
|j|☆adiiiie
|t:|1743848770
|gametype|singles
|player|p1|Louhitar|jupiter|1169
|player|p2|adiiiie|266|1104
|teamsize|p1|6
|teamsize|p2|6
|gen|9
|tier|[Gen 9] OU
|rated|
|rule|HP Percentage Mod: HP is shown in percentages
|rule|Endless Battle Clause: Forcing endless battles is banned
|rule|Species Clause: Limit one of each Pokémon
|rule|OHKO Clause: OHKO moves are banned
|rule|Evasion Items Clause: Evasion items are banned
|rule|Evasion Moves Clause: Evasion moves are banned
|rule|Sleep Moves Clause: Sleep-inducing moves are banned
|clearpoke
|poke|p1|Ninetales-Alola, M|
|poke|p1|Kyurem|
|poke|p1|Great Tusk|
|poke|p1|Iron Moth|
|poke|p1|Manaphy|
|poke|p1|Rillaboom, M|
|poke|p2|Blaziken, M|
|poke|p2|Galvantula, M|
|poke|p2|Meowscarada, F|
|poke|p2|Clodsire, F|
|poke|p2|Hatterene, F|
|poke|p2|Lanturn, M|
|teampreview
|inactive|Battle timer is ON: inactive players will automatically lose when time's up. (requested by Louhitar)
|
|t:|1743848778
|start
|switch|p1a: Finn|Ninetales-Alola, M|100/100
|switch|p2a: Blaziken|Blaziken, M|100/100
|-weather|Snowscape|[from] ability: Snow Warning|[of] p1a: Finn
|turn|1
|
|t:|1743848786
|move|p1a: Finn|Aurora Veil|p1a: Finn
|-sidestart|p1: Louhitar|move: Aurora Veil
|move|p2a: Blaziken|Focus Energy|p2a: Blaziken
|-start|p2a: Blaziken|move: Focus Energy
|
|-weather|Snowscape|[upkeep]
|-ability|p2a: Blaziken|Speed Boost|boost
|-boost|p2a: Blaziken|spe|1
|upkeep
|turn|2
|
|t:|1743848795
|switch|p1a: Jenks|Great Tusk|100/100
|-enditem|p1a: Jenks|Booster Energy
|-activate|p1a: Jenks|ability: Protosynthesis|[fromitem]
|-start|p1a: Jenks|protosynthesisspe
|move|p2a: Blaziken|Overheat|p1a: Jenks
|-crit|p1a: Jenks
|-damage|p1a: Jenks|0 fnt
|-unboost|p2a: Blaziken|spa|2
|faint|p1a: Jenks
|-end|p1a: Jenks|Protosynthesis|[silent]
|
|-weather|Snowscape|[upkeep]
|-ability|p2a: Blaziken|Speed Boost|boost
|-boost|p2a: Blaziken|spe|1
|upkeep
|
|t:|1743848807
|switch|p1a: Rory|Rillaboom, M|100/100
|-fieldstart|move: Grassy Terrain|[from] ability: Grassy Surge|[of] p1a: Rory
|turn|3
|
|t:|1743848812
|move|p2a: Blaziken|Overheat|p1a: Rory
|-supereffective|p1a: Rory
|-crit|p1a: Rory
|-damage|p1a: Rory|0 fnt
|-unboost|p2a: Blaziken|spa|2
|faint|p1a: Rory
|
|-weather|Snowscape|[upkeep]
|-ability|p2a: Blaziken|Speed Boost|boost
|-boost|p2a: Blaziken|spe|1
|upkeep
|
|t:|1743848820
|switch|p1a: Manny|Manaphy|100/100
|turn|4
|
|t:|1743848824
|move|p2a: Blaziken|Overheat|p1a: Manny
|-resisted|p1a: Manny
|-crit|p1a: Manny
|-damage|p1a: Manny|52/100
|-unboost|p2a: Blaziken|spa|2
|move|p1a: Manny|Surf|p2a: Blaziken
|-supereffective|p2a: Blaziken
|-damage|p2a: Blaziken|0 fnt
|faint|p2a: Blaziken
|
|-weather|Snowscape|[upkeep]
|-heal|p1a: Manny|58/100|[from] Grassy Terrain
|-heal|p1a: Manny|64/100|[from] item: Leftovers
|upkeep
|
|t:|1743848838
|switch|p2a: Galvantula|Galvantula, M|100/100
|turn|5
|
|t:|1743848845
|move|p2a: Galvantula|Thunder Wave|p1a: Manny
|-status|p1a: Manny|par
|cant|p1a: Manny|par
|
|-weather|none
|-heal|p1a: Manny|70/100 par|[from] Grassy Terrain
|-heal|p1a: Manny|76/100 par|[from] item: Leftovers
|upkeep
|turn|6
|
|t:|1743848852
|move|p2a: Galvantula|Sticky Web|p1a: Manny
|-sidestart|p1: Louhitar|move: Sticky Web
|move|p1a: Manny|Tail Glow|p1a: Manny
|-boost|p1a: Manny|spa|3
|
|-heal|p1a: Manny|83/100 par|[from] Grassy Terrain
|-heal|p1a: Manny|89/100 par|[from] item: Leftovers
|upkeep
|turn|7
|inactive|Louhitar has 120 seconds left.
|
|t:|1743848897
|move|p2a: Galvantula|Thunder|p1a: Manny
|-supereffective|p1a: Manny
|-damage|p1a: Manny|44/100 par
|move|p1a: Manny|Surf|p2a: Galvantula
|-enditem|p2a: Galvantula|Focus Sash
|-damage|p2a: Galvantula|1/100
|
|-heal|p2a: Galvantula|7/100|[from] Grassy Terrain
|-heal|p1a: Manny|50/100 par|[from] Grassy Terrain
|-heal|p1a: Manny|56/100 par|[from] item: Leftovers
|-fieldend|move: Grassy Terrain
|upkeep
|turn|8
|
|t:|1743848911
|move|p2a: Galvantula|Thunder|p1a: Manny
|-supereffective|p1a: Manny
|-damage|p1a: Manny|10/100 par
|move|p1a: Manny|Surf|p2a: Galvantula
|-damage|p2a: Galvantula|0 fnt
|faint|p2a: Galvantula
|
|-heal|p1a: Manny|16/100 par|[from] item: Leftovers
|-sideend|p1: Louhitar|move: Aurora Veil
|upkeep
|
|t:|1743848931
|switch|p2a: Lanturn|Lanturn, M|100/100
|turn|9
|
|t:|1743848936
|move|p2a: Lanturn|Volt Switch|p1a: Manny
|-supereffective|p1a: Manny
|-damage|p1a: Manny|0 fnt
|faint|p1a: Manny
|
|t:|1743848941
|switch|p2a: Meowscarada|Meowscarada, F|100/100|[from] Volt Switch
|
|upkeep
|
|t:|1743848945
|switch|p1a: Finn|Ninetales-Alola, M|100/100
|-activate|p1a: Finn|move: Sticky Web
|-unboost|p1a: Finn|spe|1
|-weather|Snowscape|[from] ability: Snow Warning|[of] p1a: Finn
|turn|10
|
|t:|1743848951
|move|p2a: Meowscarada|Knock Off|p1a: Finn
|-start|p2a: Meowscarada|typechange|Dark|[from] ability: Protean
|-resisted|p1a: Finn
|-damage|p1a: Finn|74/100
|-enditem|p1a: Finn|Light Clay|[from] move: Knock Off|[of] p2a: Meowscarada
|move|p1a: Finn|Aurora Veil|p1a: Finn
|-sidestart|p1: Louhitar|move: Aurora Veil
|
|-weather|Snowscape|[upkeep]
|upkeep
|turn|11
|
|t:|1743848965
|switch|p2a: Lanturn|Lanturn, M|100/100
|move|p1a: Finn|Moonblast|p2a: Lanturn
|-damage|p2a: Lanturn|76/100
|
|-weather|Snowscape|[upkeep]
|-heal|p2a: Lanturn|83/100|[from] item: Leftovers
|upkeep
|turn|12
|
|t:|1743848975
|switch|p1a: Corey|Kyurem|100/100
|-activate|p1a: Corey|move: Sticky Web
|-unboost|p1a: Corey|spe|1
|-ability|p1a: Corey|Pressure
|move|p2a: Lanturn|Scald|p1a: Corey
|-resisted|p1a: Corey
|-damage|p1a: Corey|93/100
|
|-weather|Snowscape|[upkeep]
|-heal|p2a: Lanturn|89/100|[from] item: Leftovers
|upkeep
|turn|13
|
|t:|1743848988
|move|p1a: Corey|Dragon Dance|p1a: Corey
|-boost|p1a: Corey|atk|1
|-boost|p1a: Corey|spe|1
|move|p2a: Lanturn|Dazzling Gleam|p1a: Corey
|-supereffective|p1a: Corey
|-damage|p1a: Corey|73/100
|
|-weather|Snowscape|[upkeep]
|-heal|p2a: Lanturn|95/100|[from] item: Leftovers
|upkeep
|turn|14
|
|t:|1743848995
|move|p1a: Corey|Dragon Dance|p1a: Corey
|-boost|p1a: Corey|atk|1
|-boost|p1a: Corey|spe|1
|move|p2a: Lanturn|Scald|p1a: Corey
|-resisted|p1a: Corey
|-damage|p1a: Corey|65/100
|
|-weather|none
|-heal|p2a: Lanturn|100/100|[from] item: Leftovers
|-sideend|p1: Louhitar|move: Aurora Veil
|upkeep
|turn|15
|
|t:|1743849009
|move|p1a: Corey|Scale Shot|p2a: Lanturn
|-damage|p2a: Lanturn|69/100
|-damage|p2a: Lanturn|38/100
|-damage|p2a: Lanturn|8/100
|-damage|p2a: Lanturn|0 fnt
|faint|p2a: Lanturn
|-hitcount|p2: Lanturn|4
|-unboost|p1a: Corey|def|1
|-boost|p1a: Corey|spe|1
|
|upkeep
|
|t:|1743849021
|switch|p2a: Hatterene|Hatterene, F|100/100
|turn|16
|
|t:|1743849048
|-terastallize|p1a: Corey|Fire
|move|p1a: Corey|Icicle Spear|p2a: Hatterene
|-damage|p2a: Hatterene|73/100
|-damage|p2a: Hatterene|41/100
|-damage|p2a: Hatterene|12/100
|-damage|p2a: Hatterene|0 fnt
|faint|p2a: Hatterene
|-hitcount|p2: Hatterene|4
|
|upkeep
|
|t:|1743849061
|switch|p2a: Clodsire|Clodsire, F|100/100
|turn|17
|inactive|Louhitar has 120 seconds left.
|
|t:|1743849081
|-terastallize|p2a: Clodsire|Poison
|move|p1a: Corey|Icicle Spear|p2a: Clodsire
|-damage|p2a: Clodsire|69/100
|-damage|p2a: Clodsire|42/100
|-damage|p2a: Clodsire|14/100
|-damage|p2a: Clodsire|0 fnt
|faint|p2a: Clodsire
|-hitcount|p2: Clodsire|4
|
|upkeep
|
|t:|1743849089
|switch|p2a: Meowscarada|Meowscarada, F|100/100
|turn|18
|
|t:|1743849096
|move|p1a: Corey|Icicle Spear|p2a: Meowscarada
|-supereffective|p2a: Meowscarada
|-damage|p2a: Meowscarada|23/100
|-supereffective|p2a: Meowscarada
|-damage|p2a: Meowscarada|0 fnt
|faint|p2a: Meowscarada
|-hitcount|p2: Meowscarada|2
|
|win|Louhitar
|raw|Louhitar's rating: 1169 &rarr; <strong>1189</strong><br />(+20 for winning)
|raw|adiiiie's rating: 1104 &rarr; <strong>1084</strong><br />(-20 for losing)
|l|☆adiiiie
|player|p2|
|c|☆Louhitar|gg
|l|☆Louhitar
|player|p1|
