|badge|p1|silver|gen9ou|30-5
|uhtml|medal-msg|<div class="broadcast-blue">Curious what those medals under the avatar are? PS now has Ladder Seasons! For more information, check out the <a href="https://www.smogon.com/forums/threads/3740067/">thread on Smogon.</a></div>
|j|☆Johnny tots
|j|☆flyingtaco43
|t:|1743814202
|gametype|singles
|player|p1|Johnny tots|2|1830
|player|p2|flyingtaco43|elesa|1828
|teamsize|p1|6
|teamsize|p2|6
|gen|9
|tier|[Gen 9] OU
|rated|
|rule|HP Percentage Mod: HP is shown in percentages
|rule|Endless Battle Clause: Forcing endless battles is banned
|rule|Species Clause: Limit one of each Pokémon
|rule|OHKO Clause: OHKO moves are banned
|rule|Evasion Items Clause: Evasion items are banned
|rule|Evasion Moves Clause: Evasion moves are banned
|rule|Sleep Moves Clause: Sleep-inducing moves are banned
|clearpoke
|poke|p1|Clefable, M|
|poke|p1|Dragonite, M|
|poke|p1|Thundurus-Therian, M|
|poke|p1|Manaphy|
|poke|p1|Iron Valiant|
|poke|p1|Klefki, F|
|poke|p2|Ting-Lu|
|poke|p2|Corviknight, F|
|poke|p2|Darkrai|
|poke|p2|Cinderace, M|
|poke|p2|Kyurem|
|poke|p2|Slowking-Galar, F|
|teampreview
|inactive|Battle timer is ON: inactive players will automatically lose when time's up. (requested by flyingtaco43)
|
|t:|1743814217
|start
|switch|p1a: Thundurus|Thundurus-Therian, M|100/100
|switch|p2a: Headlock|Ting-Lu|100/100
|-ability|p2a: Headlock|Vessel of Ruin
|turn|1
|j| Ornaug
|
|t:|1743814221
|move|p1a: Thundurus|Nasty Plot|p1a: Thundurus
|-boost|p1a: Thundurus|spa|2
|move|p2a: Headlock|Ruination|p1a: Thundurus
|-damage|p1a: Thundurus|51/100
|
|upkeep
|turn|2
|
|t:|1743814226
|switch|p2a: Daylight Robbery|Cinderace, M|100/100
|move|p1a: Thundurus|Grass Knot|p2a: Daylight Robbery
|-resisted|p2a: Daylight Robbery
|-damage|p2a: Daylight Robbery|73/100
|
|upkeep
|turn|3
|
|t:|1743814229
|switch|p1a: Manaphy|Manaphy|100/100
|move|p2a: Daylight Robbery|Pyro Ball|p1a: Manaphy
|-resisted|p1a: Manaphy
|-damage|p1a: Manaphy|80/100
|
|-heal|p1a: Manaphy|86/100|[from] item: Leftovers
|upkeep
|turn|4
|
|t:|1743814233
|move|p2a: Daylight Robbery|U-turn|p1a: Manaphy
|-damage|p1a: Manaphy|69/100
|j| Duke Guy
|
|t:|1743814235
|switch|p2a: The Walk|Kyurem|100/100|[from] U-turn
|-ability|p2a: The Walk|Pressure
|move|p1a: Manaphy|Scald|p2a: The Walk
|-resisted|p2a: The Walk
|-damage|p2a: The Walk|83/100
|
|-heal|p1a: Manaphy|75/100|[from] item: Leftovers
|upkeep
|turn|5
|
|t:|1743814239
|switch|p1a: Klefki|Klefki, F|100/100
|move|p2a: The Walk|Freeze-Dry|p1a: Klefki
|-resisted|p1a: Klefki
|-damage|p1a: Klefki|67/100
|
|upkeep
|turn|6
|
|t:|1743814245
|switch|p2a: Headlock|Ting-Lu|100/100
|-ability|p2a: Headlock|Vessel of Ruin
|switch|p1a: Manaphy|Manaphy|75/100
|
|-heal|p1a: Manaphy|81/100|[from] item: Leftovers
|upkeep
|turn|7
|
|t:|1743814248
|switch|p2a: Hide and Seek|Slowking-Galar, F|100/100
|move|p1a: Manaphy|Scald|p2a: Hide and Seek
|-damage|p2a: Hide and Seek|77/100
|
|-heal|p1a: Manaphy|87/100|[from] item: Leftovers
|upkeep
|turn|8
|
|t:|1743814252
|move|p1a: Manaphy|Take Heart|p1a: Manaphy
|-boost|p1a: Manaphy|spa|1
|-boost|p1a: Manaphy|spd|1
|-prepare|p2a: Hide and Seek|Chilly Reception|[premajor]
|move|p2a: Hide and Seek|Chilly Reception|p2a: Hide and Seek
|-weather|Snowscape
|j| rippedpantsbob
|
|t:|1743814254
|switch|p2a: The Walk|Kyurem|83/100|[from] Chilly Reception
|-ability|p2a: The Walk|Pressure
|
|-weather|Snowscape|[upkeep]
|-heal|p1a: Manaphy|93/100|[from] item: Leftovers
|upkeep
|turn|9
|
|t:|1743814260
|switch|p1a: Klefki|Klefki, F|67/100
|move|p2a: The Walk|Freeze-Dry|p1a: Klefki
|-resisted|p1a: Klefki
|-damage|p1a: Klefki|35/100
|
|-weather|Snowscape|[upkeep]
|upkeep
|turn|10
|
|t:|1743814265
|switch|p2a: Headlock|Ting-Lu|100/100
|-ability|p2a: Headlock|Vessel of Ruin
|move|p1a: Klefki|Light Screen|p1a: Klefki
|-sidestart|p1: Johnny tots|move: Light Screen
|
|-weather|Snowscape|[upkeep]
|upkeep
|turn|11
|
|t:|1743814268
|move|p1a: Klefki|Reflect|p1a: Klefki
|-sidestart|p1: Johnny tots|Reflect
|move|p2a: Headlock|Stealth Rock|p1a: Klefki
|-sidestart|p1: Johnny tots|move: Stealth Rock
|
|-weather|Snowscape|[upkeep]
|upkeep
|turn|12
|
|t:|1743814271
|move|p1a: Klefki|Spikes|p2a: Headlock
|-sidestart|p2: flyingtaco43|Spikes
|move|p2a: Headlock|Whirlwind|p1a: Klefki
|drag|p1a: Thundurus|Thundurus-Therian, M|51/100
|
|-weather|none
|upkeep
|turn|13
|
|t:|1743814276
|move|p1a: Thundurus|Grass Knot|p2a: Headlock
|-supereffective|p2a: Headlock
|-damage|p2a: Headlock|60/100
|move|p2a: Headlock|Ruination|p1a: Thundurus
|-damage|p1a: Thundurus|26/100
|
|-heal|p2a: Headlock|66/100|[from] item: Leftovers
|upkeep
|turn|14
|
|t:|1743814284
|switch|p2a: Hide and Seek|Slowking-Galar, F|100/100
|move|p1a: Thundurus|Grass Knot|p2a: Hide and Seek
|-resisted|p2a: Hide and Seek
|-damage|p2a: Hide and Seek|90/100
|
|upkeep
|turn|15
|
|t:|1743814286
|move|p1a: Thundurus|Thunderbolt|p2a: Hide and Seek
|-damage|p2a: Hide and Seek|56/100
|-prepare|p2a: Hide and Seek|Chilly Reception|[premajor]
|move|p2a: Hide and Seek|Chilly Reception|p2a: Hide and Seek
|-weather|Snowscape
|
|t:|1743814290
|switch|p2a: Daylight Robbery|Cinderace, M|73/100|[from] Chilly Reception
|
|-weather|Snowscape|[upkeep]
|upkeep
|turn|16
|
|t:|1743814292
|move|p2a: Daylight Robbery|Pyro Ball|p1a: Thundurus
|-damage|p1a: Thundurus|0 fnt
|faint|p1a: Thundurus
|
|-weather|Snowscape|[upkeep]
|upkeep
|
|t:|1743814299
|switch|p1a: Iron Valiant|Iron Valiant|100/100
|-damage|p1a: Iron Valiant|94/100|[from] Stealth Rock
|-enditem|p1a: Iron Valiant|Booster Energy
|-activate|p1a: Iron Valiant|ability: Quark Drive|[fromitem]
|-start|p1a: Iron Valiant|quarkdrivespe
|turn|17
|
|t:|1743814303
|switch|p2a: Hide and Seek|Slowking-Galar, F|89/100
|move|p1a: Iron Valiant|Calm Mind|p1a: Iron Valiant
|-boost|p1a: Iron Valiant|spa|1
|-boost|p1a: Iron Valiant|spd|1
|
|-weather|Snowscape|[upkeep]
|-sideend|p1: Johnny tots|move: Light Screen
|upkeep
|turn|18
|
|t:|1743814313
|move|p1a: Iron Valiant|Shadow Ball|p2a: Hide and Seek
|-supereffective|p2a: Hide and Seek
|-damage|p2a: Hide and Seek|39/100
|move|p2a: Hide and Seek|Psyshock|p1a: Iron Valiant
|-supereffective|p1a: Iron Valiant
|-damage|p1a: Iron Valiant|15/100
|
|-weather|Snowscape|[upkeep]
|-sideend|p1: Johnny tots|Reflect
|upkeep
|turn|19
|
|t:|1743814321
|switch|p2a: Goodnight and Go|Darkrai|100/100
|-damage|p2a: Goodnight and Go|88/100|[from] Spikes
|move|p1a: Iron Valiant|Moonblast|p2a: Goodnight and Go
|-supereffective|p2a: Goodnight and Go
|-damage|p2a: Goodnight and Go|0 fnt
|faint|p2a: Goodnight and Go
|
|-weather|none
|upkeep
|
|t:|1743814324
|switch|p2a: Hide and Seek|Slowking-Galar, F|72/100
|turn|20
|
|t:|1743814327
|move|p1a: Iron Valiant|Shadow Ball|p2a: Hide and Seek
|-supereffective|p2a: Hide and Seek
|-damage|p2a: Hide and Seek|23/100
|move|p2a: Hide and Seek|Psyshock|p1a: Iron Valiant
|-supereffective|p1a: Iron Valiant
|-damage|p1a: Iron Valiant|0 fnt
|faint|p1a: Iron Valiant
|-end|p1a: Iron Valiant|Quark Drive|[silent]
|
|upkeep
|inactive|Johnny tots has 120 seconds left.
|j| turquoiselink
|
|t:|1743814378
|switch|p1a: Klefki|Klefki, F|35/100
|-damage|p1a: Klefki|29/100|[from] Stealth Rock
|turn|21
|
|t:|1743814382
|move|p1a: Klefki|Light Screen|p1a: Klefki
|-sidestart|p1: Johnny tots|move: Light Screen
|move|p2a: Hide and Seek|Psyshock|p1a: Klefki
|-resisted|p1a: Klefki
|-damage|p1a: Klefki|24/100
|
|upkeep
|turn|22
|
|t:|1743814385
|move|p1a: Klefki|Thunder Wave|p2a: Hide and Seek
|-status|p2a: Hide and Seek|par
|move|p2a: Hide and Seek|Psyshock|p1a: Klefki
|-resisted|p1a: Klefki
|-damage|p1a: Klefki|17/100
|
|upkeep
|turn|23
|
|t:|1743814391
|move|p1a: Klefki|Reflect|p1a: Klefki
|-sidestart|p1: Johnny tots|Reflect
|-prepare|p2a: Hide and Seek|Chilly Reception|[premajor]
|cant|p2a: Hide and Seek|par
|
|upkeep
|turn|24
|
|t:|1743814408
|switch|p1a: Manaphy|Manaphy|93/100
|-damage|p1a: Manaphy|81/100|[from] Stealth Rock
|-prepare|p2a: Hide and Seek|Chilly Reception|[premajor]
|cant|p2a: Hide and Seek|par
|
|-heal|p1a: Manaphy|87/100|[from] item: Leftovers
|upkeep
|turn|25
|
|t:|1743814412
|switch|p2a: The Walk|Kyurem|83/100
|-damage|p2a: The Walk|70/100|[from] Spikes
|-ability|p2a: The Walk|Pressure
|move|p1a: Manaphy|Take Heart|p1a: Manaphy
|-boost|p1a: Manaphy|spa|1
|-boost|p1a: Manaphy|spd|1
|
|-heal|p1a: Manaphy|93/100|[from] item: Leftovers
|upkeep
|turn|26
|
|t:|1743814415
|move|p2a: The Walk|Freeze-Dry|p1a: Manaphy
|-supereffective|p1a: Manaphy
|-damage|p1a: Manaphy|58/100
|move|p1a: Manaphy|Take Heart|p1a: Manaphy
|-boost|p1a: Manaphy|spa|1
|-boost|p1a: Manaphy|spd|1
|
|-heal|p1a: Manaphy|64/100|[from] item: Leftovers
|upkeep
|turn|27
|
|t:|1743814418
|move|p2a: The Walk|Freeze-Dry|p1a: Manaphy
|-supereffective|p1a: Manaphy
|-damage|p1a: Manaphy|39/100
|move|p1a: Manaphy|Take Heart|p1a: Manaphy
|-boost|p1a: Manaphy|spa|1
|-boost|p1a: Manaphy|spd|1
|
|-heal|p1a: Manaphy|45/100|[from] item: Leftovers
|upkeep
|turn|28
|
|t:|1743814421
|move|p2a: The Walk|Freeze-Dry|p1a: Manaphy
|-supereffective|p1a: Manaphy
|-damage|p1a: Manaphy|25/100
|move|p1a: Manaphy|Stored Power|p2a: The Walk
|-damage|p2a: The Walk|0 fnt
|faint|p2a: The Walk
|
|-heal|p1a: Manaphy|31/100|[from] item: Leftovers
|-sideend|p1: Johnny tots|move: Light Screen
|upkeep
|
|t:|1743814424
|switch|p2a: Daylight Robbery|Cinderace, M|73/100
|turn|29
|-message|flyingtaco43 forfeited.
|
|win|Johnny tots
|raw|Johnny tots's rating: 1830 &rarr; <strong>1850</strong><br />(+20 for winning)
|raw|flyingtaco43's rating: 1828 &rarr; <strong>1808</strong><br />(-20 for losing)
|l|☆flyingtaco43
|player|p2|
|l|☆Johnny tots
|player|p1|
|l| rippedpantsbob
