|j|☆kitsune rush
|j|☆whatthedawgsdoin
|t:|1743916568
|gametype|singles
|player|p1|kitsune rush|lady-gen4|1142
|player|p2|whatthedawgsdoin|101|1111
|teamsize|p1|6
|teamsize|p2|6
|gen|9
|tier|[Gen 9] OU
|rated|
|rule|HP Percentage Mod: HP is shown in percentages
|rule|Endless Battle Clause: Forcing endless battles is banned
|rule|Species Clause: Limit one of each Pokémon
|rule|OHKO Clause: OHKO moves are banned
|rule|Evasion Items Clause: Evasion items are banned
|rule|Evasion Moves Clause: Evasion moves are banned
|rule|Sleep Moves Clause: Sleep-inducing moves are banned
|clearpoke
|poke|p1|Phanpy, L1, F|
|poke|p1|Donphan, M|
|poke|p1|Great Tusk|
|poke|p1|Iron Treads|
|poke|p1|Cloyster, F|
|poke|p1|Alomomola, F|
|poke|p2|Mew|
|poke|p2|Suicune|
|poke|p2|Raikou|
|poke|p2|Entei|
|poke|p2|Dusknoir, M|
|poke|p2|Regirock|
|teampreview
|
|t:|1743916625
|start
|switch|p1a: baby tusk|Phanpy, L1, F|100/100
|switch|p2a: Suicune|Suicune|100/100
|-ability|p2a: Suicune|Pressure
|turn|1
|
|t:|1743916644
|move|p2a: Suicune|Calm Mind|p2a: Suicune
|-boost|p2a: Suicune|spa|1
|-boost|p2a: Suicune|spd|1
|move|p1a: baby tusk|Endeavor|p2a: Suicune
|-damage|p2a: Suicune|4/100
|
|upkeep
|turn|2
|
|t:|1743916662
|move|p2a: Suicune|Scald|p1a: baby tusk
|-supereffective|p1a: baby tusk
|-enditem|p1a: baby tusk|Focus Sash
|-damage|p1a: baby tusk|8/100
|move|p1a: baby tusk|Stealth Rock|p2a: Suicune
|-sidestart|p2: whatthedawgsdoin|move: Stealth Rock
|
|upkeep
|turn|3
|
|t:|1743916681
|move|p2a: Suicune|Scald|p1a: baby tusk
|-supereffective|p1a: baby tusk
|-damage|p1a: baby tusk|0 fnt
|faint|p1a: baby tusk
|
|upkeep
|
|t:|1743916689
|switch|p1a: Alomomola|Alomomola, F|100/100
|turn|4
|
|t:|1743916694
|move|p2a: Suicune|Scald|p1a: Alomomola
|-resisted|p1a: Alomomola
|-damage|p1a: Alomomola|85/100
|move|p1a: Alomomola|Flip Turn|p2a: Suicune
|-resisted|p2a: Suicune
|-damage|p2a: Suicune|0 fnt
|faint|p2a: Suicune
|
|t:|1743916698
|switch|p1a: average tusk|Donphan, M|100/100|[from] Flip Turn
|
|upkeep
|
|t:|1743916707
|switch|p2a: Regirock|Regirock|100/100
|-damage|p2a: Regirock|88/100|[from] Stealth Rock
|turn|5
|
|t:|1743916713
|-terastallize|p2a: Regirock|Fighting
|move|p1a: average tusk|Knock Off|p2a: Regirock
|-resisted|p2a: Regirock
|-damage|p2a: Regirock|82/100
|-enditem|p2a: Regirock|Black Belt|[from] move: Knock Off|[of] p1a: average tusk
|move|p2a: Regirock|Iron Defense|p2a: Regirock
|-boost|p2a: Regirock|def|2
|
|upkeep
|turn|6
|
|t:|1743916722
|move|p2a: Regirock|Body Press|p1a: average tusk
|-ability|p1a: average tusk|Sturdy
|-damage|p1a: average tusk|1/100
|move|p1a: average tusk|Counter|p2a: Regirock
|-damage|p2a: Regirock|0 fnt
|faint|p2a: Regirock
|
|upkeep
|
|t:|1743916735
|switch|p2a: Dusknoir|Dusknoir, M|100/100
|-damage|p2a: Dusknoir|88/100|[from] Stealth Rock
|-ability|p2a: Dusknoir|Pressure
|turn|7
|
|t:|1743916773
|switch|p1a: Great Tusk|Great Tusk|100/100
|move|p2a: Dusknoir|Shadow Sneak|p1a: Great Tusk
|-damage|p1a: Great Tusk|82/100
|
|-heal|p1a: Great Tusk|88/100|[from] item: Leftovers
|upkeep
|turn|8
|-message|whatthedawgsdoin forfeited.
|
|win|kitsune rush
|raw|kitsune rush's rating: 1142 &rarr; <strong>1165</strong><br />(+23 for winning)
|raw|whatthedawgsdoin's rating: 1111 &rarr; <strong>1088</strong><br />(-23 for losing)
|l|☆whatthedawgsdoin
|player|p2|
|l|☆kitsune rush
|player|p1|
