|j|☆LunaPhoebe
|j|☆eeekkkk
|t:|1743912987
|gametype|singles
|player|p1|LunaPhoebe|102|1083
|player|p2|eeekkkk|101|1069
|teamsize|p1|6
|teamsize|p2|6
|gen|9
|tier|[Gen 9] OU
|rated|
|rule|HP Percentage Mod: HP is shown in percentages
|rule|Endless Battle Clause: Forcing endless battles is banned
|rule|Species Clause: Limit one of each Pokémon
|rule|OHKO Clause: OHKO moves are banned
|rule|Evasion Items Clause: Evasion items are banned
|rule|Evasion Moves Clause: Evasion moves are banned
|rule|Sleep Moves Clause: Sleep-inducing moves are banned
|clearpoke
|poke|p1|Hydrapple, F|
|poke|p1|Tinkaton, F|
|poke|p1|Moltres|
|poke|p1|Rotom-Wash|
|poke|p1|Great Tusk|
|poke|p1|Darkrai|
|poke|p2|Quaquaval, M|
|poke|p2|Typhlosion-Hisui, M|
|poke|p2|Galvantula, M|
|poke|p2|Murkrow, F|
|poke|p2|Scizor, M|
|poke|p2|Enamorus-Therian, F|
|teampreview
|inactive|Battle timer is ON: inactive players will automatically lose when time's up. (requested by eeekkkk)
|
|t:|1743912998
|start
|switch|p1a: machine girl|Great Tusk|100/100
|switch|p2a: Typhlosion|Typhlosion-Hisui, M|100/100
|-item|p1a: machine girl|Heavy-Duty Boots|[from] ability: Frisk|[of] p2a: Typhlosion
|turn|1
|
|t:|1743913005
|switch|p2a: Murkrow|Murkrow, F|100/100
|move|p1a: machine girl|Knock Off|p2a: Murkrow
|-resisted|p2a: Murkrow
|-damage|p2a: Murkrow|67/100
|-enditem|p2a: Murkrow|Focus Sash|[from] move: Knock Off|[of] p1a: machine girl
|
|upkeep
|turn|2
|
|t:|1743913013
|move|p2a: Murkrow|Tailwind|p2a: Murkrow
|-sidestart|p2: eeekkkk|move: Tailwind
|move|p1a: machine girl|Ice Spinner|p2a: Murkrow
|-supereffective|p2a: Murkrow
|-damage|p2a: Murkrow|0 fnt
|faint|p2a: Murkrow
|
|upkeep
|
|t:|1743913019
|switch|p2a: Scizor|Scizor, M|100/100
|turn|3
|
|t:|1743913025
|-end|p1a: machine girl|Protosynthesis|[silent]
|switch|p1a: the paper chase|Rotom-Wash|100/100
|move|p2a: Scizor|Trailblaze|p1a: the paper chase
|-supereffective|p1a: the paper chase
|-damage|p1a: the paper chase|57/100
|-boost|p2a: Scizor|spe|1
|-damage|p2a: Scizor|84/100|[from] item: Rocky Helmet|[of] p1a: the paper chase
|
|upkeep
|turn|4
|
|t:|1743913038
|switch|p2a: Typhlosion|Typhlosion-Hisui, M|100/100
|-item|p1a: the paper chase|Rocky Helmet|[from] ability: Frisk|[of] p2a: Typhlosion
|move|p1a: the paper chase|Pain Split|p2a: Typhlosion
|-sethp|p2a: Typhlosion|80/100|[from] move: Pain Split|[silent]
|-sethp|p1a: the paper chase|76/100|[from] move: Pain Split
|
|upkeep
|turn|5
|
|t:|1743913048
|switch|p2a: Enamorus|Enamorus-Therian, F|100/100
|move|p1a: the paper chase|Volt Switch|p2a: Enamorus
|-supereffective|p2a: Enamorus
|-damage|p2a: Enamorus|44/100
|-message|eeekkkk forfeited.
|
|win|LunaPhoebe
|raw|LunaPhoebe's rating: 1083 &rarr; <strong>1109</strong><br />(+26 for winning)
|raw|eeekkkk's rating: 1069 &rarr; <strong>1049</strong><br />(-20 for losing)
|l|☆eeekkkk
|player|p2|
|l|☆LunaPhoebe
|player|p1|
