|j|☆Devrai
|j|☆torito25
|t:|1743793112
|gametype|singles
|player|p1|Devrai|zinnia|1435
|player|p2|torito25|170|1419
|teamsize|p1|6
|teamsize|p2|6
|gen|9
|tier|[Gen 9] OU
|rated|
|rule|HP Percentage Mod: HP is shown in percentages
|rule|Endless Battle Clause: Forcing endless battles is banned
|rule|Species Clause: Limit one of each Pokémon
|rule|OHKO Clause: OHKO moves are banned
|rule|Evasion Items Clause: Evasion items are banned
|rule|Evasion Moves Clause: Evasion moves are banned
|rule|Sleep Moves Clause: Sleep-inducing moves are banned
|clearpoke
|poke|p1|Gardevoir, F|
|poke|p1|Iron Treads|
|poke|p1|Araquanid, M|
|poke|p1|Skeledirge, F|
|poke|p1|Serperior, F|
|poke|p1|Raichu, F|
|poke|p2|Deoxys-Speed|
|poke|p2|Iron Valiant|
|poke|p2|Ogerpon-Wellspring, F|
|poke|p2|Gholdengo|
|poke|p2|Dragonite, F|
|poke|p2|Landorus-Therian, M|
|teampreview
|inactive|Battle timer is ON: inactive players will automatically lose when time's up. (requested by torito25)
|
|t:|1743793126
|start
|switch|p1a: Bubble Buddy|Araquanid, M, shiny|100/100
|switch|p2a: Ogerpon|Ogerpon-Wellspring, F|100/100
|turn|1
|
|t:|1743793138
|move|p2a: Ogerpon|Horn Leech|p1a: Bubble Buddy
|-damage|p1a: Bubble Buddy|64/100
|move|p1a: Bubble Buddy|Sticky Web|p2a: Ogerpon
|-sidestart|p2: torito25|move: Sticky Web
|
|-heal|p1a: Bubble Buddy|70/100|[from] item: Leftovers
|upkeep
|turn|2
|
|t:|1743793143
|move|p2a: Ogerpon|Encore|p1a: Bubble Buddy
|-start|p1a: Bubble Buddy|Encore
|move|p1a: Bubble Buddy|Sticky Web||[still]
|-fail|p1a: Bubble Buddy
|
|-heal|p1a: Bubble Buddy|77/100|[from] item: Leftovers
|upkeep
|turn|3
|
|t:|1743793152
|switch|p1a: Nagini|Serperior, F, shiny|100/100
|move|p2a: Ogerpon|U-turn|p1a: Nagini
|-supereffective|p1a: Nagini
|-damage|p1a: Nagini|36/100
|
|t:|1743793160
|switch|p2a: Gholdengo|Gholdengo|100/100|[from] U-turn
|-activate|p2a: Gholdengo|move: Sticky Web
|-unboost|p2a: Gholdengo|spe|1
|
|-heal|p1a: Nagini|42/100|[from] item: Leftovers
|upkeep
|turn|4
|
|t:|1743793166
|switch|p1a: Treadmill|Iron Treads, shiny|100/100
|-enditem|p1a: Treadmill|Booster Energy
|-activate|p1a: Treadmill|ability: Quark Drive|[fromitem]
|-start|p1a: Treadmill|quarkdrivespe
|move|p2a: Gholdengo|Shadow Ball|p1a: Treadmill
|-damage|p1a: Treadmill|52/100
|-unboost|p1a: Treadmill|spd|1
|
|upkeep
|turn|5
|
|t:|1743793181
|move|p1a: Treadmill|Stealth Rock|p2a: Gholdengo
|-sidestart|p2: torito25|move: Stealth Rock
|move|p2a: Gholdengo|Shadow Ball|p1a: Treadmill
|-damage|p1a: Treadmill|0 fnt
|faint|p1a: Treadmill
|-end|p1a: Treadmill|Quark Drive|[silent]
|
|upkeep
|
|t:|1743793190
|switch|p1a: Astra|Gardevoir, F, shiny|100/100
|-ability|p1a: Astra|Good as Gold|[from] ability: Trace|[of] p2a: Gholdengo
|turn|6
|
|t:|1743793195
|move|p1a: Astra|Mystical Fire|p2a: Gholdengo
|-supereffective|p2a: Gholdengo
|-damage|p2a: Gholdengo|53/100
|-unboost|p2a: Gholdengo|spa|1
|move|p2a: Gholdengo|Shadow Ball|p1a: Astra
|-supereffective|p1a: Astra
|-damage|p1a: Astra|51/100
|-unboost|p1a: Astra|spd|1
|
|-heal|p1a: Astra|57/100|[from] item: Leftovers
|upkeep
|turn|7
|
|t:|1743793200
|move|p1a: Astra|Mystical Fire|p2a: Gholdengo
|-supereffective|p2a: Gholdengo
|-damage|p2a: Gholdengo|7/100
|-unboost|p2a: Gholdengo|spa|1
|move|p2a: Gholdengo|Make It Rain|p1a: Astra
|-supereffective|p1a: Astra
|-damage|p1a: Astra|0 fnt
|-unboost|p2a: Gholdengo|spa|1
|faint|p1a: Astra
|
|upkeep
|
|t:|1743793202
|switch|p1a: Nagini|Serperior, F, shiny|42/100
|turn|8
|-enditem|p2a: Gholdengo|Custap Berry|[eat]
|-activate|p2a: Gholdengo|item: Custap Berry|[consumed]
|
|t:|1743793208
|move|p2a: Gholdengo|Thunder Wave|p1a: Nagini
|-status|p1a: Nagini|par
|cant|p1a: Nagini|par
|
|-heal|p1a: Nagini|48/100 par|[from] item: Leftovers
|upkeep
|turn|9
|
|t:|1743793219
|move|p1a: Nagini|Leaf Storm|p2a: Gholdengo
|-resisted|p2a: Gholdengo
|-damage|p2a: Gholdengo|0 fnt
|-boost|p1a: Nagini|spa|2
|faint|p2a: Gholdengo
|
|-heal|p1a: Nagini|55/100 par|[from] item: Leftovers
|upkeep
|
|t:|1743793223
|switch|p2a: Deoxys|Deoxys-Speed|100/100
|-activate|p2a: Deoxys|move: Sticky Web
|-unboost|p2a: Deoxys|spe|1
|-damage|p2a: Deoxys|88/100|[from] Stealth Rock
|-ability|p2a: Deoxys|Pressure
|turn|10
|
|t:|1743793234
|move|p2a: Deoxys|Psycho Boost|p1a: Nagini
|-damage|p1a: Nagini|0 fnt
|-unboost|p2a: Deoxys|spa|2
|faint|p1a: Nagini
|
|upkeep
|
|t:|1743793242
|switch|p1a: Ampere|Raichu, F|100/100
|turn|11
|
|t:|1743793248
|move|p1a: Ampere|Nasty Plot|p1a: Ampere
|-boost|p1a: Ampere|spa|2
|move|p2a: Deoxys|Spikes|p1a: Ampere
|-sidestart|p1: Devrai|Spikes
|
|upkeep
|turn|12
|
|t:|1743793253
|move|p1a: Ampere|Encore|p2a: Deoxys
|-start|p2a: Deoxys|Encore
|move|p2a: Deoxys|Spikes|p1a: Ampere
|-sidestart|p1: Devrai|Spikes
|
|upkeep
|turn|13
|
|t:|1743793260
|switch|p2a: Iron Valiant|Iron Valiant|100/100
|-activate|p2a: Iron Valiant|move: Sticky Web
|-unboost|p2a: Iron Valiant|spe|1
|-damage|p2a: Iron Valiant|94/100|[from] Stealth Rock
|-enditem|p2a: Iron Valiant|Booster Energy
|-activate|p2a: Iron Valiant|ability: Quark Drive|[fromitem]
|-start|p2a: Iron Valiant|quarkdrivespa
|move|p1a: Ampere|Nasty Plot|p1a: Ampere
|-boost|p1a: Ampere|spa|2
|
|upkeep
|turn|14
|
|t:|1743793265
|move|p1a: Ampere|Alluring Voice|p2a: Iron Valiant
|-supereffective|p2a: Iron Valiant
|-damage|p2a: Iron Valiant|0 fnt
|faint|p2a: Iron Valiant
|-end|p2a: Iron Valiant|Quark Drive|[silent]
|-damage|p1a: Ampere|91/100|[from] item: Life Orb
|
|upkeep
|
|t:|1743793275
|switch|p2a: Landorus|Landorus-Therian, M|100/100
|-damage|p2a: Landorus|88/100|[from] Stealth Rock
|-ability|p2a: Landorus|Intimidate|boost
|-unboost|p1a: Ampere|atk|1
|turn|15
|
|t:|1743793280
|switch|p2a: Deoxys|Deoxys-Speed|88/100
|-activate|p2a: Deoxys|move: Sticky Web
|-unboost|p2a: Deoxys|spe|1
|-damage|p2a: Deoxys|76/100|[from] Stealth Rock
|-ability|p2a: Deoxys|Pressure
|-terastallize|p1a: Ampere|Fairy
|move|p1a: Ampere|Alluring Voice|p2a: Deoxys
|-damage|p2a: Deoxys|0 fnt
|faint|p2a: Deoxys
|-damage|p1a: Ampere|81/100|[from] item: Life Orb
|
|upkeep
|
|t:|1743793292
|switch|p2a: Ogerpon|Ogerpon-Wellspring, F|100/100
|-activate|p2a: Ogerpon|move: Sticky Web
|-unboost|p2a: Ogerpon|spe|1
|-damage|p2a: Ogerpon|88/100|[from] Stealth Rock
|turn|16
|
|t:|1743793298
|move|p1a: Ampere|Thunderbolt|p2a: Ogerpon
|-damage|p2a: Ogerpon|0 fnt
|faint|p2a: Ogerpon
|-damage|p1a: Ampere|71/100|[from] item: Life Orb
|
|upkeep
|
|t:|1743793311
|switch|p2a: Dragonite|Dragonite, F|100/100
|turn|17
|
|t:|1743793315
|-terastallize|p2a: Dragonite|Normal
|move|p1a: Ampere|Alluring Voice|p2a: Dragonite
|-damage|p2a: Dragonite|36/100
|-damage|p1a: Ampere|61/100|[from] item: Life Orb
|move|p2a: Dragonite|Dragon Dance|p2a: Dragonite
|-boost|p2a: Dragonite|atk|1
|-boost|p2a: Dragonite|spe|1
|
|upkeep
|turn|18
|
|t:|1743793324
|move|p2a: Dragonite|Earthquake|p1a: Ampere
|-damage|p1a: Ampere|0 fnt
|faint|p1a: Ampere
|
|upkeep
|
|t:|1743793326
|switch|p1a: King Gator|Skeledirge, F, shiny|100/100
|-damage|p1a: King Gator|84/100|[from] Spikes
|turn|19
|
|t:|1743793328
|move|p2a: Dragonite|Earthquake|p1a: King Gator
|-supereffective|p1a: King Gator
|-damage|p1a: King Gator|29/100
|move|p1a: King Gator|Will-O-Wisp|p2a: Dragonite
|-status|p2a: Dragonite|brn
|
|-heal|p1a: King Gator|35/100|[from] item: Leftovers
|-damage|p2a: Dragonite|30/100 brn|[from] brn
|upkeep
|turn|20
|
|t:|1743793337
|switch|p2a: Landorus|Landorus-Therian, M|88/100
|-damage|p2a: Landorus|76/100|[from] Stealth Rock
|-ability|p2a: Landorus|Intimidate|boost
|-unboost|p1a: King Gator|atk|1
|move|p1a: King Gator|Slack Off|p1a: King Gator
|-heal|p1a: King Gator|85/100
|
|-heal|p1a: King Gator|91/100|[from] item: Leftovers
|upkeep
|turn|21
|
|t:|1743793339
|move|p2a: Landorus|Taunt|p1a: King Gator
|-start|p1a: King Gator|move: Taunt
|cant|p1a: King Gator|move: Taunt|Will-O-Wisp
|
|-heal|p1a: King Gator|97/100|[from] item: Leftovers
|upkeep
|turn|22
|
|t:|1743793342
|switch|p1a: Bubble Buddy|Araquanid, M, shiny|77/100
|-damage|p1a: Bubble Buddy|60/100|[from] Spikes
|move|p2a: Landorus|Earthquake|p1a: Bubble Buddy
|-resisted|p1a: Bubble Buddy
|-damage|p1a: Bubble Buddy|33/100
|
|-heal|p1a: Bubble Buddy|39/100|[from] item: Leftovers
|upkeep
|turn|23
|
|t:|1743793351
|move|p2a: Landorus|U-turn|p1a: Bubble Buddy
|-damage|p1a: Bubble Buddy|17/100
|
|t:|1743793354
|switch|p2a: Dragonite|Dragonite, F, tera:Normal|30/100 brn|[from] U-turn
|move|p1a: Bubble Buddy|Chilling Water|p2a: Dragonite
|-damage|p2a: Dragonite|10/100 brn
|-unboost|p2a: Dragonite|atk|1
|
|-heal|p1a: Bubble Buddy|23/100|[from] item: Leftovers
|-damage|p2a: Dragonite|4/100 brn|[from] brn
|upkeep
|turn|24
|
|t:|1743793358
|move|p2a: Dragonite|Extreme Speed|p1a: Bubble Buddy
|-damage|p1a: Bubble Buddy|12/100
|move|p1a: Bubble Buddy|Chilling Water|p2a: Dragonite
|-damage|p2a: Dragonite|0 fnt
|faint|p2a: Dragonite
|
|-heal|p1a: Bubble Buddy|18/100|[from] item: Leftovers
|upkeep
|
|t:|1743793363
|switch|p2a: Landorus|Landorus-Therian, M|76/100
|-damage|p2a: Landorus|63/100|[from] Stealth Rock
|-ability|p2a: Landorus|Intimidate|boost
|-unboost|p1a: Bubble Buddy|atk|1
|turn|25
|
|t:|1743793366
|move|p2a: Landorus|Earthquake|p1a: Bubble Buddy
|-resisted|p1a: Bubble Buddy
|-damage|p1a: Bubble Buddy|0 fnt
|faint|p1a: Bubble Buddy
|
|upkeep
|
|t:|1743793367
|switch|p1a: King Gator|Skeledirge, F, shiny|97/100
|-damage|p1a: King Gator|80/100|[from] Spikes
|turn|26
|
|t:|1743793370
|move|p2a: Landorus|Earthquake|p1a: King Gator
|-supereffective|p1a: King Gator
|-damage|p1a: King Gator|0 fnt
|faint|p1a: King Gator
|
|win|torito25
|raw|Devrai's rating: 1435 &rarr; <strong>1414</strong><br />(-21 for losing)
|raw|torito25's rating: 1419 &rarr; <strong>1440</strong><br />(+21 for winning)
|l|☆Devrai
|player|p1|
|l|☆torito25
|player|p2|
