|j|☆Levult
|j|‽Rot3ng
|t:|1743788360
|gametype|singles
|player|p1|Levult|170|1148
|player|p2|Rot3ng|harlequin|1144
|teamsize|p1|6
|teamsize|p2|6
|gen|9
|tier|[Gen 9] OU
|rated|
|rule|HP Percentage Mod: HP is shown in percentages
|rule|Endless Battle Clause: Forcing endless battles is banned
|rule|Species Clause: Limit one of each Pokémon
|rule|OHKO Clause: OHKO moves are banned
|rule|Evasion Items Clause: Evasion items are banned
|rule|Evasion Moves Clause: Evasion moves are banned
|rule|Sleep Moves Clause: Sleep-inducing moves are banned
|clearpoke
|poke|p1|Salamence, M|
|poke|p1|Cacturne, M|
|poke|p1|Cobalion|
|poke|p1|Scream Tail|
|poke|p1|Quaquaval, M|
|poke|p1|Pecharunt|
|poke|p2|Kommo-o, F|
|poke|p2|Toxapex, F|
|poke|p2|Gliscor, M|
|poke|p2|Ogerpon-Cornerstone, F|
|poke|p2|Kingambit, F|
|poke|p2|Corviknight, F|
|teampreview
|
|t:|1743788369
|start
|switch|p1a: Quaquaval|Quaquaval, M|100/100
|switch|p2a: Gliscor|Gliscor, M|100/100
|turn|1
|
|t:|1743788374
|move|p2a: Gliscor|Protect|p2a: Gliscor
|-singleturn|p2a: Gliscor|Protect
|move|p1a: Quaquaval|Ice Spinner|p2a: Gliscor
|-activate|p2a: Gliscor|move: Protect
|
|-status|p2a: Gliscor|tox|[from] item: Toxic Orb
|upkeep
|turn|2
|
|t:|1743788387
|switch|p1a: Cacturne|Cacturne, M, shiny|100/100
|move|p2a: Gliscor|Swords Dance|p2a: Gliscor
|-boost|p2a: Gliscor|atk|2
|
|upkeep
|turn|3
|
|t:|1743788393
|move|p2a: Gliscor|Protect|p2a: Gliscor
|-singleturn|p2a: Gliscor|Protect
|move|p1a: Cacturne|Giga Drain|p2a: Gliscor
|-activate|p2a: Gliscor|move: Protect
|
|upkeep
|turn|4
|
|t:|1743788398
|move|p2a: Gliscor|Knock Off|p1a: Cacturne
|-resisted|p1a: Cacturne
|-damage|p1a: Cacturne|60/100
|-enditem|p1a: Cacturne|Life Orb|[from] move: Knock Off|[of] p2a: Gliscor
|move|p1a: Cacturne|Giga Drain|p2a: Gliscor
|-damage|p2a: Gliscor|58/100 tox
|-heal|p1a: Cacturne|85/100|[from] drain|[of] p2a: Gliscor
|
|-heal|p2a: Gliscor|70/100 tox|[from] ability: Poison Heal
|upkeep
|turn|5
|
|t:|1743788409
|move|p2a: Gliscor|Swords Dance|p2a: Gliscor
|-boost|p2a: Gliscor|atk|2
|move|p1a: Cacturne|Giga Drain|p2a: Gliscor
|-damage|p2a: Gliscor|32/100 tox
|-heal|p1a: Cacturne|100/100|[from] drain|[of] p2a: Gliscor
|
|-heal|p2a: Gliscor|45/100 tox|[from] ability: Poison Heal
|upkeep
|turn|6
|
|t:|1743788418
|move|p2a: Gliscor|Protect|p2a: Gliscor
|-singleturn|p2a: Gliscor|Protect
|move|p1a: Cacturne|Giga Drain|p2a: Gliscor
|-activate|p2a: Gliscor|move: Protect
|
|-heal|p2a: Gliscor|57/100 tox|[from] ability: Poison Heal
|upkeep
|turn|7
|
|t:|1743788437
|move|p2a: Gliscor|Earthquake|p1a: Cacturne
|-resisted|p1a: Cacturne
|-damage|p1a: Cacturne|1/100
|move|p1a: Cacturne|Giga Drain|p2a: Gliscor
|-damage|p2a: Gliscor|16/100 tox
|-heal|p1a: Cacturne|25/100|[from] drain|[of] p2a: Gliscor
|
|-heal|p2a: Gliscor|28/100 tox|[from] ability: Poison Heal
|upkeep
|turn|8
|
|t:|1743788447
|move|p1a: Cacturne|Sucker Punch|p2a: Gliscor
|-crit|p2a: Gliscor
|-damage|p2a: Gliscor|0 fnt
|faint|p2a: Gliscor
|
|upkeep
|
|t:|1743788458
|switch|p2a: Corviknight|Corviknight, F|100/100
|-ability|p2a: Corviknight|Unnerve
|turn|9
|
|t:|1743788467
|switch|p1a: Cobalion|Cobalion, shiny|100/100
|move|p2a: Corviknight|Iron Head|p1a: Cobalion
|-resisted|p1a: Cobalion
|-damage|p1a: Cobalion|91/100
|-damage|p2a: Corviknight|84/100|[from] item: Rocky Helmet|[of] p1a: Cobalion
|
|upkeep
|turn|10
|
|t:|1743788480
|move|p1a: Cobalion|Volt Switch|p2a: Corviknight
|-supereffective|p2a: Corviknight
|-damage|p2a: Corviknight|63/100
|
|t:|1743788483
|switch|p1a: Scream Tail|Scream Tail|100/100|[from] Volt Switch
|move|p2a: Corviknight|Brave Bird|p1a: Scream Tail
|-damage|p1a: Scream Tail|73/100
|-damage|p2a: Corviknight|53/100|[from] Recoil
|
|upkeep
|turn|11
|
|t:|1743788490
|move|p1a: Scream Tail|Wish|p1a: Scream Tail
|move|p2a: Corviknight|Light Screen|p2a: Corviknight
|-sidestart|p2: Rot3ng|move: Light Screen
|
|upkeep
|turn|12
|
|t:|1743788501
|-end|p1a: Scream Tail|Protosynthesis|[silent]
|switch|p1a: Cobalion|Cobalion, shiny|91/100
|move|p2a: Corviknight|Iron Head|p1a: Cobalion
|-resisted|p1a: Cobalion
|-damage|p1a: Cobalion|83/100
|-damage|p2a: Corviknight|36/100|[from] item: Rocky Helmet|[of] p1a: Cobalion
|
|-heal|p1a: Cobalion|100/100|[from] move: Wish|[wisher] Scream Tail
|upkeep
|turn|13
|
|t:|1743788510
|move|p1a: Cobalion|Iron Defense|p1a: Cobalion
|-boost|p1a: Cobalion|def|2
|move|p2a: Corviknight|Brave Bird|p1a: Cobalion
|-damage|p1a: Cobalion|88/100
|-damage|p2a: Corviknight|20/100|[from] item: Rocky Helmet|[of] p1a: Cobalion
|-damage|p2a: Corviknight|16/100|[from] Recoil
|
|upkeep
|turn|14
|
|t:|1743788520
|move|p1a: Cobalion|Iron Defense|p1a: Cobalion
|-boost|p1a: Cobalion|def|2
|move|p2a: Corviknight|Defog|p1a: Cobalion
|-unboost|p1a: Cobalion|evasion|1
|
|upkeep
|turn|15
|
|t:|1743788526
|move|p1a: Cobalion|Iron Defense|p1a: Cobalion
|-boost|p1a: Cobalion|def|2
|move|p2a: Corviknight|Defog|p1a: Cobalion
|-unboost|p1a: Cobalion|evasion|1
|
|-sideend|p2: Rot3ng|move: Light Screen
|upkeep
|turn|16
|
|t:|1743788532
|move|p1a: Cobalion|Body Press|p2a: Corviknight
|-damage|p2a: Corviknight|0 fnt
|-damage|p1a: Cobalion|71/100|[from] item: Rocky Helmet|[of] p2a: Corviknight
|faint|p2a: Corviknight
|
|upkeep
|
|t:|1743788537
|switch|p2a: Toxapex|Toxapex, F, shiny|100/100
|turn|17
|
|t:|1743788544
|move|p1a: Cobalion|Body Press|p2a: Toxapex
|-resisted|p2a: Toxapex
|-damage|p2a: Toxapex|53/100
|move|p2a: Toxapex|Haze|p2a: Toxapex
|-clearallboost
|
|-heal|p2a: Toxapex|59/100|[from] item: Black Sludge
|upkeep
|turn|18
|
|t:|1743788557
|switch|p1a: Salamence|Salamence, M, shiny|100/100
|move|p2a: Toxapex|Recover|p2a: Toxapex
|-heal|p2a: Toxapex|100/100
|
|upkeep
|turn|19
|
|t:|1743788562
|move|p1a: Salamence|Dragon Dance|p1a: Salamence
|-boost|p1a: Salamence|atk|1
|-boost|p1a: Salamence|spe|1
|move|p2a: Toxapex|Toxic|p1a: Salamence
|-status|p1a: Salamence|tox
|
|-damage|p1a: Salamence|94/100 tox|[from] psn
|upkeep
|turn|20
|
|t:|1743788573
|move|p1a: Salamence|Earthquake|p2a: Toxapex
|-supereffective|p2a: Toxapex
|-damage|p2a: Toxapex|4/100
|move|p2a: Toxapex|Haze|p2a: Toxapex
|-clearallboost
|
|-heal|p2a: Toxapex|10/100|[from] item: Black Sludge
|-damage|p1a: Salamence|82/100 tox|[from] psn
|upkeep
|turn|21
|
|t:|1743788584
|switch|p2a: Kommo-o|Kommo-o, F|100/100
|move|p1a: Salamence|Earthquake|p2a: Kommo-o
|-damage|p2a: Kommo-o|69/100
|
|-damage|p1a: Salamence|64/100 tox|[from] psn
|upkeep
|turn|22
|
|t:|1743788597
|switch|p2a: Toxapex|Toxapex, F, shiny|43/100
|move|p1a: Salamence|Dragon Claw|p2a: Toxapex
|-damage|p2a: Toxapex|13/100
|
|-heal|p2a: Toxapex|19/100|[from] item: Black Sludge
|-damage|p1a: Salamence|40/100 tox|[from] psn
|upkeep
|turn|23
|
|t:|1743788610
|switch|p2a: Kingambit|Kingambit, F|100/100
|-activate|p2a: Kingambit|ability: Supreme Overlord
|-start|p2a: Kingambit|fallen2|[silent]
|move|p1a: Salamence|Earthquake|p2a: Kingambit
|-supereffective|p2a: Kingambit
|-damage|p2a: Kingambit|25/100
|
|-damage|p1a: Salamence|10/100 tox|[from] psn
|upkeep
|turn|24
|
|t:|1743788637
|move|p2a: Kingambit|Sucker Punch|p1a: Salamence
|-damage|p1a: Salamence|0 fnt
|faint|p1a: Salamence
|
|upkeep
|
|t:|1743788639
|switch|p1a: Quaquaval|Quaquaval, M|100/100
|turn|25
|
|t:|1743788648
|-end|p2a: Kingambit|fallen2|[silent]
|switch|p2a: Toxapex|Toxapex, F, shiny|52/100
|move|p1a: Quaquaval|Aqua Step|p2a: Toxapex
|-resisted|p2a: Toxapex
|-damage|p2a: Toxapex|40/100
|-boost|p1a: Quaquaval|spe|1
|
|-heal|p2a: Toxapex|45/100|[from] item: Black Sludge
|upkeep
|turn|26
|
|t:|1743788663
|switch|p1a: Cobalion|Cobalion, shiny|71/100
|move|p2a: Toxapex|Recover|p2a: Toxapex
|-heal|p2a: Toxapex|96/100
|
|-heal|p2a: Toxapex|100/100|[from] item: Black Sludge
|upkeep
|turn|27
|
|t:|1743788671
|move|p1a: Cobalion|Iron Defense|p1a: Cobalion
|-boost|p1a: Cobalion|def|2
|move|p2a: Toxapex|Hydro Pump|p1a: Cobalion
|-damage|p1a: Cobalion|32/100
|
|upkeep
|turn|28
|
|t:|1743788684
|move|p1a: Cobalion|Body Press|p2a: Toxapex
|-resisted|p2a: Toxapex
|-damage|p2a: Toxapex|74/100
|move|p2a: Toxapex|Hydro Pump|p1a: Cobalion|[miss]
|-miss|p2a: Toxapex|p1a: Cobalion
|
|-heal|p2a: Toxapex|80/100|[from] item: Black Sludge
|upkeep
|turn|29
|
|t:|1743788692
|move|p1a: Cobalion|Body Press|p2a: Toxapex
|-resisted|p2a: Toxapex
|-damage|p2a: Toxapex|56/100
|move|p2a: Toxapex|Hydro Pump|p1a: Cobalion
|-damage|p1a: Cobalion|0 fnt
|faint|p1a: Cobalion
|
|-heal|p2a: Toxapex|61/100|[from] item: Black Sludge
|upkeep
|
|t:|1743788696
|switch|p1a: Cacturne|Cacturne, M, shiny|25/100
|turn|30
|c|☆Levult|You’re annoying
|c|☆Levult|im gonna wall you.
|
|t:|1743788718
|switch|p2a: Kommo-o|Kommo-o, F|69/100
|-terastallize|p1a: Cacturne|Poison
|move|p1a: Cacturne|Knock Off|p2a: Kommo-o
|-resisted|p2a: Kommo-o
|-damage|p2a: Kommo-o|48/100
|-enditem|p2a: Kommo-o|Throat Spray|[from] move: Knock Off|[of] p1a: Cacturne
|
|upkeep
|turn|31
|
|t:|1743788734
|switch|p1a: Scream Tail|Scream Tail|73/100
|move|p2a: Kommo-o|Clanging Scales|p1a: Scream Tail
|-immune|p1a: Scream Tail
|
|upkeep
|turn|32
|
|t:|1743788743
|switch|p2a: Kingambit|Kingambit, F|25/100
|-activate|p2a: Kingambit|ability: Supreme Overlord
|-start|p2a: Kingambit|fallen2|[silent]
|move|p1a: Scream Tail|Wish|p1a: Scream Tail
|
|upkeep
|turn|33
|
|t:|1743788750
|-end|p1a: Scream Tail|Protosynthesis|[silent]
|switch|p1a: Quaquaval|Quaquaval, M|100/100
|move|p2a: Kingambit|Stealth Rock|p1a: Quaquaval
|-sidestart|p1: Levult|move: Stealth Rock
|
|upkeep
|turn|34
|
|t:|1743788759
|-end|p2a: Kingambit|fallen2|[silent]
|switch|p2a: Toxapex|Toxapex, F, shiny|95/100
|move|p1a: Quaquaval|Close Combat|p2a: Toxapex
|-resisted|p2a: Toxapex
|-damage|p2a: Toxapex|75/100
|-unboost|p1a: Quaquaval|def|1
|-unboost|p1a: Quaquaval|spd|1
|
|-heal|p2a: Toxapex|81/100|[from] item: Black Sludge
|upkeep
|turn|35
|
|t:|1743788769
|switch|p1a: Cacturne|Cacturne, M, shiny, tera:Poison|25/100
|-damage|p1a: Cacturne|13/100|[from] Stealth Rock
|move|p2a: Toxapex|Toxic|p1a: Cacturne
|-immune|p1a: Cacturne
|
|-heal|p2a: Toxapex|87/100|[from] item: Black Sludge
|upkeep
|turn|36
|
|t:|1743788785
|switch|p2a: Kommo-o|Kommo-o, F|48/100
|move|p1a: Cacturne|Giga Drain|p2a: Kommo-o
|-resisted|p2a: Kommo-o
|-damage|p2a: Kommo-o|25/100
|-heal|p1a: Cacturne|25/100|[from] drain|[of] p2a: Kommo-o
|
|upkeep
|turn|37
|
|t:|1743788798
|switch|p1a: Scream Tail|Scream Tail|73/100
|move|p2a: Kommo-o|Flamethrower|p1a: Scream Tail
|-damage|p1a: Scream Tail|51/100
|
|upkeep
|turn|38
|
|t:|1743788805
|switch|p2a: Toxapex|Toxapex, F, shiny|100/100
|move|p1a: Scream Tail|Wish|p1a: Scream Tail
|
|upkeep
|turn|39
|
|t:|1743788811
|-end|p1a: Scream Tail|Protosynthesis|[silent]
|switch|p1a: Cacturne|Cacturne, M, shiny, tera:Poison|25/100
|-damage|p1a: Cacturne|12/100|[from] Stealth Rock
|move|p2a: Toxapex|Hydro Pump|p1a: Cacturne
|-heal|p1a: Cacturne|37/100|[from] ability: Water Absorb|[of] p2a: Toxapex
|
|-heal|p1a: Cacturne|100/100|[from] move: Wish|[wisher] Scream Tail
|upkeep
|turn|40
|
|t:|1743788824
|switch|p2a: Kommo-o|Kommo-o, F|25/100
|move|p1a: Cacturne|Knock Off|p2a: Kommo-o
|-resisted|p2a: Kommo-o
|-damage|p2a: Kommo-o|11/100
|
|upkeep
|turn|41
|
|t:|1743788841
|switch|p2a: Ogerpon|Ogerpon-Cornerstone, F|100/100
|move|p1a: Cacturne|Sucker Punch||[still]
|-fail|p1a: Cacturne
|
|upkeep
|turn|42
|
|t:|1743788851
|switch|p1a: Pecharunt|Pecharunt|100/100
|-damage|p1a: Pecharunt|88/100|[from] Stealth Rock
|-terastallize|p2a: Ogerpon|Rock
|detailschange|p2a: Ogerpon|Ogerpon-Cornerstone-Tera, F, tera:Rock
|-ability|p2a: Ogerpon|Embody Aspect (Cornerstone)|boost
|-boost|p2a: Ogerpon|def|1
|move|p2a: Ogerpon|Ivy Cudgel|p1a: Pecharunt|[anim] Ivy Cudgel Rock
|-damage|p1a: Pecharunt|50/100
|
|upkeep
|turn|43
|
|t:|1743788864
|move|p2a: Ogerpon|Spiky Shield|p2a: Ogerpon
|-singleturn|p2a: Ogerpon|move: Protect
|move|p1a: Pecharunt|Recover|p1a: Pecharunt
|-heal|p1a: Pecharunt|99/100
|
|upkeep
|turn|44
|
|t:|1743788869
|move|p2a: Ogerpon|Ivy Cudgel|p1a: Pecharunt|[anim] Ivy Cudgel Rock
|-damage|p1a: Pecharunt|60/100
|move|p1a: Pecharunt|Toxic|p2a: Ogerpon
|-status|p2a: Ogerpon|tox
|-start|p2a: Ogerpon|confusion|[from] ability: Poison Puppeteer|[of] p1a: Pecharunt
|
|-damage|p2a: Ogerpon|95/100 tox|[from] psn
|upkeep
|turn|45
|
|t:|1743788877
|-activate|p2a: Ogerpon|confusion
|-damage|p2a: Ogerpon|82/100 tox|[from] confusion
|move|p1a: Pecharunt|Recover|p1a: Pecharunt
|-heal|p1a: Pecharunt|100/100
|
|-damage|p2a: Ogerpon|70/100 tox|[from] psn
|upkeep
|turn|46
|inactive|Battle timer is ON: inactive players will automatically lose when time's up. (requested by Rot3ng)
|
|t:|1743788910
|switch|p1a: Scream Tail|Scream Tail|51/100
|-activate|p2a: Ogerpon|confusion
|move|p2a: Ogerpon|Ivy Cudgel|p1a: Scream Tail|[anim] Ivy Cudgel Rock
|-crit|p1a: Scream Tail
|-damage|p1a: Scream Tail|0 fnt
|faint|p1a: Scream Tail
|-end|p1a: Scream Tail|Protosynthesis|[silent]
|
|-damage|p2a: Ogerpon|52/100 tox|[from] psn
|upkeep
|
|t:|1743788912
|switch|p1a: Quaquaval|Quaquaval, M|100/100
|-damage|p1a: Quaquaval|94/100|[from] Stealth Rock
|turn|47
|
|t:|1743788922
|-activate|p2a: Ogerpon|confusion
|move|p2a: Ogerpon|Spiky Shield|p2a: Ogerpon
|-singleturn|p2a: Ogerpon|move: Protect
|move|p1a: Quaquaval|Aqua Step|p2a: Ogerpon
|-activate|p2a: Ogerpon|move: Protect
|-damage|p1a: Quaquaval|82/100|[from] Spiky Shield|[of] p2a: Ogerpon
|
|-damage|p2a: Ogerpon|28/100 tox|[from] psn
|upkeep
|turn|48
|
|t:|1743788931
|switch|p2a: Toxapex|Toxapex, F, shiny|100/100
|move|p1a: Quaquaval|Aqua Step|p2a: Toxapex
|-resisted|p2a: Toxapex
|-damage|p2a: Toxapex|87/100
|-boost|p1a: Quaquaval|spe|1
|
|-heal|p2a: Toxapex|93/100|[from] item: Black Sludge
|upkeep
|turn|49
|
|t:|1743788946
|switch|p1a: Cacturne|Cacturne, M, shiny, tera:Poison|100/100
|-damage|p1a: Cacturne|88/100|[from] Stealth Rock
|switch|p2a: Ogerpon|Ogerpon-Cornerstone-Tera, F, tera:Rock|28/100 tox
|-ability|p2a: Ogerpon|Embody Aspect (Cornerstone)|boost
|-boost|p2a: Ogerpon|def|1
|
|-damage|p2a: Ogerpon|22/100 tox|[from] psn
|upkeep
|turn|50
|
|t:|1743788955
|move|p1a: Cacturne|Sucker Punch||[still]
|-fail|p1a: Cacturne
|move|p2a: Ogerpon|Synthesis|p2a: Ogerpon
|-heal|p2a: Ogerpon|72/100 tox
|
|-damage|p2a: Ogerpon|60/100 tox|[from] psn
|upkeep
|turn|51
|
|t:|1743788963
|switch|p2a: Toxapex|Toxapex, F, shiny|100/100
|switch|p1a: Pecharunt|Pecharunt|100/100
|-damage|p1a: Pecharunt|88/100|[from] Stealth Rock
|
|upkeep
|turn|52
|
|t:|1743788971
|switch|p1a: Cacturne|Cacturne, M, shiny, tera:Poison|88/100
|-damage|p1a: Cacturne|76/100|[from] Stealth Rock
|move|p2a: Toxapex|Hydro Pump|p1a: Cacturne
|-heal|p1a: Cacturne|100/100|[from] ability: Water Absorb|[of] p2a: Toxapex
|
|upkeep
|turn|53
|
|t:|1743788982
|switch|p2a: Ogerpon|Ogerpon-Cornerstone-Tera, F, tera:Rock|60/100 tox
|-ability|p2a: Ogerpon|Embody Aspect (Cornerstone)|boost
|-boost|p2a: Ogerpon|def|1
|move|p1a: Cacturne|Knock Off|p2a: Ogerpon
|-damage|p2a: Ogerpon|32/100 tox
|
|-damage|p2a: Ogerpon|26/100 tox|[from] psn
|upkeep
|turn|54
|
|t:|1743788996
|move|p2a: Ogerpon|Spiky Shield|p2a: Ogerpon
|-singleturn|p2a: Ogerpon|move: Protect
|move|p1a: Cacturne|Giga Drain|p2a: Ogerpon
|-activate|p2a: Ogerpon|move: Protect
|
|-damage|p2a: Ogerpon|14/100 tox|[from] psn
|upkeep
|turn|55
|
|t:|1743789007
|switch|p2a: Kingambit|Kingambit, F|25/100
|-activate|p2a: Kingambit|ability: Supreme Overlord
|-start|p2a: Kingambit|fallen2|[silent]
|move|p1a: Cacturne|Sucker Punch||[still]
|-fail|p1a: Cacturne
|
|upkeep
|turn|56
|c|☆Levult|Dawg please its over
|
|t:|1743789025
|switch|p1a: Pecharunt|Pecharunt|88/100
|-damage|p1a: Pecharunt|76/100|[from] Stealth Rock
|move|p2a: Kingambit|Kowtow Cleave|p1a: Pecharunt
|-supereffective|p1a: Pecharunt
|-damage|p1a: Pecharunt|13/100
|-damage|p2a: Kingambit|8/100|[from] item: Rocky Helmet|[of] p1a: Pecharunt
|
|upkeep
|turn|57
|
|t:|1743789038
|move|p2a: Kingambit|Sucker Punch||[still]
|-fail|p2a: Kingambit
|move|p1a: Pecharunt|Recover|p1a: Pecharunt
|-heal|p1a: Pecharunt|63/100
|
|upkeep
|turn|58
|inactive|Levult has 120 seconds left.
|
|t:|1743789081
|move|p1a: Pecharunt|Shadow Ball|p2a: Kingambit
|-resisted|p2a: Kingambit
|-damage|p2a: Kingambit|0 fnt
|faint|p2a: Kingambit
|-end|p2a: Kingambit|fallen2|[silent]
|
|upkeep
|
|t:|1743789091
|switch|p2a: Kommo-o|Kommo-o, F|11/100
|turn|59
|inactive|Levult has 120 seconds left.
|
|t:|1743789123
|move|p2a: Kommo-o|Clanging Scales|p1a: Pecharunt
|-damage|p1a: Pecharunt|7/100
|-unboost|p2a: Kommo-o|def|1
|move|p1a: Pecharunt|Malignant Chain|p2a: Kommo-o
|-damage|p2a: Kommo-o|0 fnt
|faint|p2a: Kommo-o
|
|upkeep
|
|t:|1743789131
|switch|p2a: Ogerpon|Ogerpon-Cornerstone-Tera, F, tera:Rock|14/100 tox
|-ability|p2a: Ogerpon|Embody Aspect (Cornerstone)|boost
|-boost|p2a: Ogerpon|def|1
|turn|60
|
|t:|1743789143
|move|p2a: Ogerpon|Synthesis|p2a: Ogerpon
|-heal|p2a: Ogerpon|64/100 tox
|move|p1a: Pecharunt|Shadow Ball|p2a: Ogerpon
|-damage|p2a: Ogerpon|35/100 tox
|-unboost|p2a: Ogerpon|spd|1
|
|-damage|p2a: Ogerpon|29/100 tox|[from] psn
|upkeep
|turn|61
|
|t:|1743789154
|move|p2a: Ogerpon|Synthesis|p2a: Ogerpon
|-heal|p2a: Ogerpon|79/100 tox
|move|p1a: Pecharunt|Recover|p1a: Pecharunt
|-heal|p1a: Pecharunt|57/100
|
|-damage|p2a: Ogerpon|67/100 tox|[from] psn
|upkeep
|turn|62
|
|t:|1743789164
|move|p2a: Ogerpon|Ivy Cudgel|p1a: Pecharunt|[anim] Ivy Cudgel Rock
|-damage|p1a: Pecharunt|21/100
|move|p1a: Pecharunt|Shadow Ball|p2a: Ogerpon
|-damage|p2a: Ogerpon|25/100 tox
|
|-damage|p2a: Ogerpon|7/100 tox|[from] psn
|upkeep
|turn|63
|
|t:|1743789174
|move|p2a: Ogerpon|Ivy Cudgel|p1a: Pecharunt|[anim] Ivy Cudgel Rock
|-damage|p1a: Pecharunt|0 fnt
|faint|p1a: Pecharunt
|
|-damage|p2a: Ogerpon|0 fnt|[from] psn
|faint|p2a: Ogerpon
|upkeep
|
|t:|1743789180
|switch|p2a: Toxapex|Toxapex, F, shiny|100/100
|switch|p1a: Cacturne|Cacturne, M, shiny, tera:Poison|100/100
|-damage|p1a: Cacturne|88/100|[from] Stealth Rock
|turn|64
|
|t:|1743789187
|move|p1a: Cacturne|Knock Off|p2a: Toxapex
|-damage|p2a: Toxapex|66/100
|-enditem|p2a: Toxapex|Black Sludge|[from] move: Knock Off|[of] p1a: Cacturne
|move|p2a: Toxapex|Recover|p2a: Toxapex
|-heal|p2a: Toxapex|100/100
|
|upkeep
|turn|65
|
|t:|1743789196
|move|p1a: Cacturne|Knock Off|p2a: Toxapex
|-damage|p2a: Toxapex|76/100
|move|p2a: Toxapex|Haze|p2a: Toxapex
|-clearallboost
|
|upkeep
|turn|66
|c|☆Levult|Pack it up.
|
|t:|1743789202
|move|p1a: Cacturne|Knock Off|p2a: Toxapex
|-damage|p2a: Toxapex|51/100
|move|p2a: Toxapex|Haze|p2a: Toxapex
|-clearallboost
|
|upkeep
|turn|67
|
|t:|1743789208
|move|p1a: Cacturne|Giga Drain|p2a: Toxapex
|-damage|p2a: Toxapex|19/100
|-heal|p1a: Cacturne|100/100|[from] drain|[of] p2a: Toxapex
|move|p2a: Toxapex|Recover|p2a: Toxapex
|-heal|p2a: Toxapex|69/100
|
|upkeep
|turn|68
|
|t:|1743789215
|move|p1a: Cacturne|Focus Blast|p2a: Toxapex
|-resisted|p2a: Toxapex
|-damage|p2a: Toxapex|53/100
|move|p2a: Toxapex|Haze|p2a: Toxapex
|-clearallboost
|
|upkeep
|turn|69
|
|t:|1743789221
|move|p1a: Cacturne|Focus Blast|p2a: Toxapex
|-resisted|p2a: Toxapex
|-damage|p2a: Toxapex|34/100
|move|p2a: Toxapex|Recover|p2a: Toxapex
|-heal|p2a: Toxapex|84/100
|
|upkeep
|turn|70
|
|t:|1743789228
|move|p1a: Cacturne|Knock Off|p2a: Toxapex
|-damage|p2a: Toxapex|61/100
|move|p2a: Toxapex|Haze|p2a: Toxapex
|-clearallboost
|
|upkeep
|turn|71
|
|t:|1743789233
|move|p1a: Cacturne|Knock Off|p2a: Toxapex
|-damage|p2a: Toxapex|37/100
|move|p2a: Toxapex|Haze|p2a: Toxapex
|-clearallboost
|
|upkeep
|turn|72
|
|t:|1743789243
|move|p1a: Cacturne|Knock Off|p2a: Toxapex
|-damage|p2a: Toxapex|13/100
|move|p2a: Toxapex|Recover|p2a: Toxapex
|-heal|p2a: Toxapex|63/100
|
|upkeep
|turn|73
|
|t:|1743789249
|move|p1a: Cacturne|Knock Off|p2a: Toxapex
|-damage|p2a: Toxapex|39/100
|move|p2a: Toxapex|Haze|p2a: Toxapex
|-clearallboost
|
|upkeep
|turn|74
|
|t:|1743789259
|move|p1a: Cacturne|Knock Off|p2a: Toxapex
|-damage|p2a: Toxapex|14/100
|move|p2a: Toxapex|Recover|p2a: Toxapex
|-heal|p2a: Toxapex|64/100
|
|upkeep
|turn|75
|
|t:|1743789265
|move|p1a: Cacturne|Knock Off|p2a: Toxapex
|-damage|p2a: Toxapex|38/100
|move|p2a: Toxapex|Haze|p2a: Toxapex
|-clearallboost
|
|upkeep
|turn|76
|
|t:|1743789271
|move|p1a: Cacturne|Knock Off|p2a: Toxapex
|-damage|p2a: Toxapex|13/100
|move|p2a: Toxapex|Recover|p2a: Toxapex
|-heal|p2a: Toxapex|64/100
|
|upkeep
|turn|77
|
|t:|1743789280
|move|p1a: Cacturne|Giga Drain|p2a: Toxapex
|-damage|p2a: Toxapex|28/100
|move|p2a: Toxapex|Haze|p2a: Toxapex
|-clearallboost
|
|upkeep
|turn|78
|inactive|Rot3ng has 120 seconds left.
|inactive|Rot3ng has 90 seconds left.
|inactive|Rot3ng has 60 seconds left.
|inactive|Rot3ng has 30 seconds left.
|inactive|Rot3ng has 20 seconds left.
|inactive|Rot3ng has 15 seconds left.
|inactive|Rot3ng has 10 seconds left.
|inactive|Rot3ng has 5 seconds left.
|
|t:|1743789430
|move|p1a: Cacturne|Giga Drain|p2a: Toxapex
|-damage|p2a: Toxapex|0 fnt
|faint|p2a: Toxapex
|
|win|Levult
|inactive|Rot3ng has 10 seconds left this turn.
|raw|Levult's rating: 1148 &rarr; <strong>1173</strong><br />(+25 for winning)
|raw|Rot3ng's rating: 1144 &rarr; <strong>1119</strong><br />(-25 for losing)
|c|☆Levult|Really
|l|‽Rot3ng
|player|p2|
|j| Omegasization
|j| HZolomon
|j| henry151th
|l| Omegasization
|l|☆Levult
|player|p1|
|l| HZolomon
