|j|☆healmostbangedme
|j|☆Vicente Enrique
|t:|1743787230
|gametype|singles
|player|p1|healmostbangedme|miku-flying|1268
|player|p2|Vicente Enrique|170|1288
|teamsize|p1|6
|teamsize|p2|6
|gen|9
|tier|[Gen 9] OU
|rated|
|rule|HP Percentage Mod: HP is shown in percentages
|rule|Endless Battle Clause: Forcing endless battles is banned
|rule|Species Clause: Limit one of each Pokémon
|rule|OHKO Clause: OHKO moves are banned
|rule|Evasion Items Clause: Evasion items are banned
|rule|Evasion Moves Clause: Evasion moves are banned
|rule|Sleep Moves Clause: Sleep-inducing moves are banned
|clearpoke
|poke|p1|Mienshao, F|
|poke|p1|Kyurem|
|poke|p1|Dragapult, F|
|poke|p1|Dragonite, F|
|poke|p1|Keldeo-Resolute|
|poke|p1|Zapdos|
|poke|p2|Clefable, M|
|poke|p2|Dondozo, F|
|poke|p2|Blissey, F|
|poke|p2|Clodsire, F|
|poke|p2|Corviknight, M|
|poke|p2|Gliscor, F|
|teampreview
|inactive|Battle timer is ON: inactive players will automatically lose when time's up. (requested by healmostbangedme)
|
|t:|1743787241
|start
|switch|p1a: Zapdos|Zapdos|100/100
|switch|p2a: Gliscor|Gliscor, F|100/100
|turn|1
|
|t:|1743787250
|move|p1a: Zapdos|Hurricane|p2a: Gliscor
|-damage|p2a: Gliscor|41/100
|move|p2a: Gliscor|Spikes|p1a: Zapdos
|-sidestart|p1: healmostbangedme|Spikes
|
|-status|p2a: Gliscor|tox|[from] item: Toxic Orb
|upkeep
|turn|2
|
|t:|1743787257
|move|p2a: Gliscor|Protect|p2a: Gliscor
|-singleturn|p2a: Gliscor|Protect
|move|p1a: Zapdos|Volt Switch|p2a: Gliscor
|-activate|p2a: Gliscor|move: Protect
|
|-heal|p2a: Gliscor|54/100 tox|[from] ability: Poison Heal
|upkeep
|turn|3
|
|t:|1743787269
|switch|p2a: Blissey|Blissey, F|100/100
|move|p1a: Zapdos|Hurricane|p2a: Blissey
|-damage|p2a: Blissey|86/100
|
|upkeep
|turn|4
|
|t:|1743787276
|move|p1a: Zapdos|Volt Switch|p2a: Blissey
|-damage|p2a: Blissey|76/100
|
|t:|1743787278
|switch|p1a: mien fuher|Mienshao, F|100/100|[from] Volt Switch
|-damage|p1a: mien fuher|88/100|[from] Spikes
|move|p2a: Blissey|Shadow Ball|p1a: mien fuher
|-damage|p1a: mien fuher|61/100
|
|upkeep
|turn|5
|
|t:|1743787288
|switch|p2a: Corviknight|Corviknight, M|100/100
|-ability|p2a: Corviknight|Pressure
|move|p1a: mien fuher|Close Combat|p2a: Corviknight
|-damage|p2a: Corviknight|45/100
|-unboost|p1a: mien fuher|def|1
|-unboost|p1a: mien fuher|spd|1
|
|-heal|p2a: Corviknight|52/100|[from] item: Leftovers
|upkeep
|turn|6
|
|t:|1743787301
|switch|p2a: Clefable|Clefable, M|100/100
|move|p1a: mien fuher|Close Combat|p2a: Clefable
|-resisted|p2a: Clefable
|-damage|p2a: Clefable|65/100
|-unboost|p1a: mien fuher|def|1
|-unboost|p1a: mien fuher|spd|1
|
|-heal|p2a: Clefable|72/100|[from] item: Leftovers
|upkeep
|turn|7
|
|t:|1743787309
|switch|p1a: Zapdos|Zapdos|100/100
|move|p2a: Clefable|Moonlight|p2a: Clefable
|-heal|p2a: Clefable|100/100
|
|upkeep
|turn|8
|
|t:|1743787312
|move|p1a: Zapdos|Thunder Wave|p2a: Clefable
|-status|p2a: Clefable|par
|cant|p2a: Clefable|par
|
|upkeep
|turn|9
|
|t:|1743787315
|move|p1a: Zapdos|Hurricane|p2a: Clefable
|-damage|p2a: Clefable|54/100 par
|move|p2a: Clefable|Stealth Rock|p1a: Zapdos
|-sidestart|p1: healmostbangedme|move: Stealth Rock
|
|-heal|p2a: Clefable|60/100 par|[from] item: Leftovers
|upkeep
|turn|10
|
|t:|1743787330
|switch|p2a: Blissey|Blissey, F|76/100
|move|p1a: Zapdos|Hurricane|p2a: Blissey
|-damage|p2a: Blissey|61/100
|
|upkeep
|turn|11
|
|t:|1743787337
|move|p1a: Zapdos|Volt Switch|p2a: Blissey
|-damage|p2a: Blissey|50/100
|
|t:|1743787340
|switch|p1a: mien fuher|Mienshao, F|94/100|[from] Volt Switch
|-damage|p1a: mien fuher|82/100|[from] Spikes
|-damage|p1a: mien fuher|76/100|[from] Stealth Rock
|move|p2a: Blissey|Soft-Boiled|p2a: Blissey
|-heal|p2a: Blissey|100/100
|
|upkeep
|turn|12
|
|t:|1743787346
|switch|p2a: Clodsire|Clodsire, F|100/100
|move|p1a: mien fuher|Ice Spinner|p2a: Clodsire
|-supereffective|p2a: Clodsire
|-damage|p2a: Clodsire|10/100
|
|upkeep
|turn|13
|
|t:|1743787352
|switch|p2a: Dondozo|Dondozo, F|100/100
|move|p1a: mien fuher|Ice Spinner|p2a: Dondozo
|-resisted|p2a: Dondozo
|-damage|p2a: Dondozo|91/100
|
|upkeep
|turn|14
|
|t:|1743787361
|switch|p1a: Zapdos|Zapdos|100/100
|switch|p2a: Gliscor|Gliscor, F|54/100 tox
|
|-heal|p2a: Gliscor|66/100 tox|[from] ability: Poison Heal
|upkeep
|turn|15
|
|t:|1743787367
|-terastallize|p1a: Zapdos|Steel
|move|p2a: Gliscor|Protect|p2a: Gliscor
|-singleturn|p2a: Gliscor|Protect
|move|p1a: Zapdos|Hurricane|p2a: Gliscor
|-activate|p2a: Gliscor|move: Protect
|
|-heal|p2a: Gliscor|79/100 tox|[from] ability: Poison Heal
|upkeep
|turn|16
|
|t:|1743787387
|switch|p2a: Blissey|Blissey, F|100/100
|move|p1a: Zapdos|Hurricane|p2a: Blissey
|-damage|p2a: Blissey|87/100
|
|upkeep
|turn|17
|
|t:|1743787391
|move|p1a: Zapdos|Volt Switch|p2a: Blissey
|-damage|p2a: Blissey|77/100
|
|t:|1743787393
|switch|p1a: mien fuher|Mienshao, F|100/100|[from] Volt Switch
|-damage|p1a: mien fuher|88/100|[from] Spikes
|-damage|p1a: mien fuher|82/100|[from] Stealth Rock
|move|p2a: Blissey|Shadow Ball|p1a: mien fuher
|-damage|p1a: mien fuher|56/100
|
|upkeep
|turn|18
|
|t:|1743787401
|switch|p2a: Clefable|Clefable, M|60/100 par
|move|p1a: mien fuher|U-turn|p2a: Clefable
|-resisted|p2a: Clefable
|-damage|p2a: Clefable|46/100 par
|
|t:|1743787408
|switch|p1a: Keldi|Keldeo-Resolute|100/100|[from] U-turn
|
|-heal|p2a: Clefable|52/100 par|[from] item: Leftovers
|upkeep
|turn|19
|
|t:|1743787414
|move|p1a: Keldi|Hydro Pump|p2a: Clefable
|-damage|p2a: Clefable|0 fnt
|faint|p2a: Clefable
|
|upkeep
|
|t:|1743787420
|switch|p2a: Corviknight|Corviknight, M|52/100
|-ability|p2a: Corviknight|Pressure
|turn|20
|
|t:|1743787424
|-terastallize|p2a: Corviknight|Dragon
|move|p1a: Keldi|Hydro Pump|p2a: Corviknight
|-resisted|p2a: Corviknight
|-damage|p2a: Corviknight|23/100
|move|p2a: Corviknight|Roost|p2a: Corviknight
|-heal|p2a: Corviknight|73/100
|
|-heal|p2a: Corviknight|80/100|[from] item: Leftovers
|upkeep
|turn|21
|
|t:|1743787434
|move|p1a: Keldi|Flip Turn|p2a: Corviknight
|-resisted|p2a: Corviknight
|-damage|p2a: Corviknight|75/100
|
|t:|1743787436
|switch|p1a: Zapdos|Zapdos, tera:Steel|100/100|[from] Flip Turn
|move|p2a: Corviknight|U-turn|p1a: Zapdos
|-resisted|p1a: Zapdos
|-damage|p1a: Zapdos|94/100
|
|t:|1743787447
|switch|p2a: Clodsire|Clodsire, F|10/100|[from] U-turn
|
|upkeep
|turn|22
|
|t:|1743787453
|move|p1a: Zapdos|Hurricane|p2a: Clodsire
|-damage|p2a: Clodsire|0 fnt
|faint|p2a: Clodsire
|
|upkeep
|
|t:|1743787455
|switch|p2a: Blissey|Blissey, F|77/100
|turn|23
|
|t:|1743787463
|move|p1a: Zapdos|Volt Switch|p2a: Blissey
|-damage|p2a: Blissey|67/100
|
|t:|1743787470
|switch|p1a: Keldi|Keldeo-Resolute|100/100|[from] Volt Switch
|move|p2a: Blissey|Shadow Ball|p1a: Keldi
|-damage|p1a: Keldi|83/100
|
|upkeep
|turn|24
|
|t:|1743787475
|switch|p2a: Corviknight|Corviknight, M, tera:Dragon|75/100
|-ability|p2a: Corviknight|Pressure
|move|p1a: Keldi|Secret Sword|p2a: Corviknight
|-damage|p2a: Corviknight|48/100
|
|-heal|p2a: Corviknight|54/100|[from] item: Leftovers
|upkeep
|turn|25
|
|t:|1743787480
|move|p1a: Keldi|Flip Turn|p2a: Corviknight
|-resisted|p2a: Corviknight
|-damage|p2a: Corviknight|50/100
|
|t:|1743787483
|switch|p1a: mien fuher|Mienshao, F|89/100|[from] Flip Turn
|-damage|p1a: mien fuher|77/100|[from] Spikes
|-damage|p1a: mien fuher|71/100|[from] Stealth Rock
|move|p2a: Corviknight|Roost|p2a: Corviknight
|-heal|p2a: Corviknight|99/100
|
|-heal|p2a: Corviknight|100/100|[from] item: Leftovers
|upkeep
|turn|26
|
|t:|1743787495
|move|p1a: mien fuher|U-turn|p2a: Corviknight
|-damage|p2a: Corviknight|79/100
|
|t:|1743787501
|switch|p1a: Zapdos|Zapdos, tera:Steel|94/100|[from] U-turn
|move|p2a: Corviknight|Iron Defense|p2a: Corviknight
|-boost|p2a: Corviknight|def|2
|
|-heal|p2a: Corviknight|86/100|[from] item: Leftovers
|upkeep
|turn|27
|
|t:|1743787512
|switch|p2a: Gliscor|Gliscor, F|79/100 tox
|move|p1a: Zapdos|Hurricane|p2a: Gliscor
|-damage|p2a: Gliscor|26/100 tox
|-start|p2a: Gliscor|confusion
|
|-heal|p2a: Gliscor|38/100 tox|[from] ability: Poison Heal
|upkeep
|turn|28
|
|t:|1743787520
|switch|p2a: Blissey|Blissey, F|67/100
|move|p1a: Zapdos|Hurricane|p2a: Blissey
|-crit|p2a: Blissey
|-damage|p2a: Blissey|43/100
|
|upkeep
|turn|29
|
|t:|1743787526
|move|p1a: Zapdos|Volt Switch|p2a: Blissey
|-damage|p2a: Blissey|34/100
|
|t:|1743787528
|switch|p1a: mien fuher|Mienshao, F|100/100|[from] Volt Switch
|-damage|p1a: mien fuher|88/100|[from] Spikes
|-damage|p1a: mien fuher|82/100|[from] Stealth Rock
|move|p2a: Blissey|Soft-Boiled|p2a: Blissey
|-heal|p2a: Blissey|84/100
|
|upkeep
|turn|30
|
|t:|1743787537
|switch|p2a: Corviknight|Corviknight, M, tera:Dragon|86/100
|-ability|p2a: Corviknight|Pressure
|move|p1a: mien fuher|Ice Spinner|p2a: Corviknight
|-supereffective|p2a: Corviknight
|-damage|p2a: Corviknight|36/100
|
|-heal|p2a: Corviknight|42/100|[from] item: Leftovers
|upkeep
|turn|31
|
|t:|1743787554
|switch|p1a: Zapdos|Zapdos, tera:Steel|94/100
|switch|p2a: Dondozo|Dondozo, F|91/100
|
|upkeep
|turn|32
|
|t:|1743787564
|switch|p2a: Blissey|Blissey, F|84/100
|move|p1a: Zapdos|Volt Switch|p2a: Blissey
|-damage|p2a: Blissey|74/100
|
|t:|1743787567
|switch|p1a: mien fuher|Mienshao, F|100/100|[from] Volt Switch
|-damage|p1a: mien fuher|88/100|[from] Spikes
|-damage|p1a: mien fuher|82/100|[from] Stealth Rock
|
|upkeep
|turn|33
|
|t:|1743787575
|switch|p2a: Dondozo|Dondozo, F|91/100
|move|p1a: mien fuher|Close Combat|p2a: Dondozo
|-damage|p2a: Dondozo|48/100
|-unboost|p1a: mien fuher|def|1
|-unboost|p1a: mien fuher|spd|1
|
|upkeep
|turn|34
|
|t:|1743787585
|switch|p1a: Zapdos|Zapdos, tera:Steel|94/100
|switch|p2a: Gliscor|Gliscor, F|38/100 tox
|
|-heal|p2a: Gliscor|51/100 tox|[from] ability: Poison Heal
|upkeep
|turn|35
|
|t:|1743787592
|move|p2a: Gliscor|Protect|p2a: Gliscor
|-singleturn|p2a: Gliscor|Protect
|move|p1a: Zapdos|Hurricane|p2a: Gliscor
|-activate|p2a: Gliscor|move: Protect
|
|-heal|p2a: Gliscor|63/100 tox|[from] ability: Poison Heal
|upkeep
|turn|36
|
|t:|1743787618
|move|p1a: Zapdos|Hurricane|p2a: Gliscor|[miss]
|-miss|p1a: Zapdos|p2a: Gliscor
|move|p2a: Gliscor|Substitute|p2a: Gliscor
|-start|p2a: Gliscor|Substitute
|-damage|p2a: Gliscor|38/100 tox
|
|-heal|p2a: Gliscor|51/100 tox|[from] ability: Poison Heal
|upkeep
|turn|37
|
|t:|1743787625
|move|p2a: Gliscor|Protect|p2a: Gliscor
|-singleturn|p2a: Gliscor|Protect
|move|p1a: Zapdos|Hurricane|p2a: Gliscor
|-activate|p2a: Gliscor|move: Protect
|
|-heal|p2a: Gliscor|63/100 tox|[from] ability: Poison Heal
|upkeep
|turn|38
|
|t:|1743787633
|switch|p1a: kiri|Kyurem|100/100
|-damage|p1a: kiri|88/100|[from] Spikes
|-damage|p1a: kiri|63/100|[from] Stealth Rock
|-ability|p1a: kiri|Pressure
|move|p2a: Gliscor|Substitute|p2a: Gliscor
|-fail|p2a: Gliscor|move: Substitute
|
|-heal|p2a: Gliscor|76/100 tox|[from] ability: Poison Heal
|upkeep
|turn|39
|
|t:|1743787644
|move|p1a: kiri|Icicle Spear|p2a: Gliscor
|-supereffective|p2a: Gliscor
|-end|p2a: Gliscor|Substitute
|-supereffective|p2a: Gliscor
|-damage|p2a: Gliscor|45/100 tox
|-supereffective|p2a: Gliscor
|-damage|p2a: Gliscor|10/100 tox
|-supereffective|p2a: Gliscor
|-damage|p2a: Gliscor|0 fnt
|faint|p2a: Gliscor
|-hitcount|p2: Gliscor|4
|
|upkeep
|
|t:|1743787648
|switch|p2a: Dondozo|Dondozo, F|48/100
|turn|40
|-message|Vicente Enrique forfeited.
|
|win|healmostbangedme
|raw|healmostbangedme's rating: 1268 &rarr; <strong>1294</strong><br />(+26 for winning)
|raw|Vicente Enrique's rating: 1288 &rarr; <strong>1262</strong><br />(-26 for losing)
|l|☆Vicente Enrique
|player|p2|
|c|☆healmostbangedme|gg
|c|☆healmostbangedme|L stall
