|j|☆jujumitsu
|j|☆Pearlinski
|t:|1743862061
|gametype|singles
|player|p1|jujumitsu|caitlin|1174
|player|p2|Pearlinski|caitlin|1169
|teamsize|p1|6
|teamsize|p2|6
|gen|9
|tier|[Gen 9] OU
|rated|
|rule|HP Percentage Mod: HP is shown in percentages
|rule|Endless Battle Clause: Forcing endless battles is banned
|rule|Species Clause: Limit one of each Pokémon
|rule|OHKO Clause: OHKO moves are banned
|rule|Evasion Items Clause: Evasion items are banned
|rule|Evasion Moves Clause: Evasion moves are banned
|rule|Sleep Moves Clause: Sleep-inducing moves are banned
|clearpoke
|poke|p1|Pelipper, M|
|poke|p1|Barraskewda, M|
|poke|p1|Dragapult, F|
|poke|p1|Great Tusk|
|poke|p1|Corviknight, F|
|poke|p1|Hydrapple, M|
|poke|p2|Weavile, F|
|poke|p2|Pecharunt|
|poke|p2|Ting-Lu|
|poke|p2|Tinkaton, F|
|poke|p2|Keldeo-Resolute|
|poke|p2|Dragonite, F|
|teampreview
|inactive|Battle timer is ON: inactive players will automatically lose when time's up. (requested by Pearlinski)
|
|t:|1743862095
|start
|switch|p1a: ItsGivingZairus|Pelipper, M|100/100
|switch|p2a: Pecharunt|Pecharunt|100/100
|-weather|RainDance|[from] ability: Drizzle|[of] p1a: ItsGivingZairus
|turn|1
|
|t:|1743862103
|switch|p1a: ItsGivingNoe|Corviknight, F|100/100
|move|p2a: Pecharunt|Parting Shot|p1a: ItsGivingNoe
|-ability|p1a: ItsGivingNoe|Mirror Armor
|-unboost|p2a: Pecharunt|atk|1
|-ability|p1a: ItsGivingNoe|Mirror Armor
|-unboost|p2a: Pecharunt|spa|1
|
|t:|1743862122
|switch|p2a: Keldeo|Keldeo-Resolute|100/100|[from] Parting Shot
|
|-weather|RainDance|[upkeep]
|upkeep
|turn|2
|
|t:|1743862129
|switch|p1a: ItsGivingUs|Hydrapple, M|100/100
|move|p2a: Keldeo|Hydro Pump|p1a: ItsGivingUs
|-resisted|p1a: ItsGivingUs
|-damage|p1a: ItsGivingUs|88/100
|
|-weather|RainDance|[upkeep]
|upkeep
|turn|3
|
|t:|1743862139
|switch|p2a: Pecharunt|Pecharunt|100/100
|move|p1a: ItsGivingUs|Earth Power|p2a: Pecharunt
|-supereffective|p2a: Pecharunt
|-crit|p2a: Pecharunt
|-damage|p2a: Pecharunt|26/100
|
|-weather|RainDance|[upkeep]
|upkeep
|turn|4
|
|t:|1743862152
|switch|p1a: ItsGivingNoe|Corviknight, F|100/100
|move|p2a: Pecharunt|Malignant Chain|p1a: ItsGivingNoe
|-immune|p1a: ItsGivingNoe
|
|-weather|RainDance|[upkeep]
|upkeep
|turn|5
|
|t:|1743862159
|move|p2a: Pecharunt|Recover|p2a: Pecharunt
|-heal|p2a: Pecharunt|76/100
|move|p1a: ItsGivingNoe|Body Press|p2a: Pecharunt
|-immune|p2a: Pecharunt
|
|-weather|RainDance|[upkeep]
|upkeep
|turn|6
|
|t:|1743862169
|move|p2a: Pecharunt|Parting Shot|p1a: ItsGivingNoe
|-ability|p1a: ItsGivingNoe|Mirror Armor
|-unboost|p2a: Pecharunt|atk|1
|-ability|p1a: ItsGivingNoe|Mirror Armor
|-unboost|p2a: Pecharunt|spa|1
|
|t:|1743862193
|switch|p2a: Tinkaton|Tinkaton, F|100/100|[from] Parting Shot
|-item|p2a: Tinkaton|Air Balloon
|move|p1a: ItsGivingNoe|Iron Defense|p1a: ItsGivingNoe
|-boost|p1a: ItsGivingNoe|def|2
|
|-weather|RainDance|[upkeep]
|upkeep
|turn|7
|
|t:|1743862203
|move|p2a: Tinkaton|Encore|p1a: ItsGivingNoe
|-start|p1a: ItsGivingNoe|Encore
|move|p1a: ItsGivingNoe|Iron Defense|p1a: ItsGivingNoe
|-boost|p1a: ItsGivingNoe|def|2
|
|-weather|RainDance|[upkeep]
|upkeep
|turn|8
|
|t:|1743862210
|switch|p2a: Keldeo|Keldeo-Resolute|100/100
|move|p1a: ItsGivingNoe|Iron Defense|p1a: ItsGivingNoe
|-boost|p1a: ItsGivingNoe|def|2
|
|-weather|none
|upkeep
|turn|9
|
|t:|1743862227
|switch|p1a: ItsGivingUs|Hydrapple, M|100/100
|move|p2a: Keldeo|Hydro Pump|p1a: ItsGivingUs
|-resisted|p1a: ItsGivingUs
|-damage|p1a: ItsGivingUs|92/100
|
|upkeep
|turn|10
|
|t:|1743862256
|move|p2a: Keldeo|Flip Turn|p1a: ItsGivingUs
|-resisted|p1a: ItsGivingUs
|-damage|p1a: ItsGivingUs|89/100
|
|t:|1743862265
|switch|p2a: Tinkaton|Tinkaton, F|100/100|[from] Flip Turn
|-item|p2a: Tinkaton|Air Balloon
|move|p1a: ItsGivingUs|Earth Power|p2a: Tinkaton
|-immune|p2a: Tinkaton
|
|upkeep
|turn|11
|
|t:|1743862277
|switch|p1a: ItsGivingZairus|Pelipper, M|100/100
|-weather|RainDance|[from] ability: Drizzle|[of] p1a: ItsGivingZairus
|move|p2a: Tinkaton|Thunder Wave|p1a: ItsGivingZairus
|-status|p1a: ItsGivingZairus|par
|
|-weather|RainDance|[upkeep]
|upkeep
|turn|12
|
|t:|1743862290
|switch|p2a: Pecharunt|Pecharunt|76/100
|move|p1a: ItsGivingZairus|U-turn|p2a: Pecharunt
|-resisted|p2a: Pecharunt
|-damage|p2a: Pecharunt|75/100
|
|t:|1743862296
|switch|p1a: ItsGivingShua|Barraskewda, M, shiny|100/100|[from] U-turn
|
|-weather|RainDance|[upkeep]
|upkeep
|turn|13
|
|t:|1743862309
|switch|p2a: Keldeo|Keldeo-Resolute|100/100
|move|p1a: ItsGivingShua|Drill Run|p2a: Keldeo
|-damage|p2a: Keldeo|55/100
|
|-weather|RainDance|[upkeep]
|upkeep
|turn|14
|
|t:|1743862319
|switch|p1a: ItsGivingUs|Hydrapple, M|100/100
|move|p2a: Keldeo|Flip Turn|p1a: ItsGivingUs
|-resisted|p1a: ItsGivingUs
|-damage|p1a: ItsGivingUs|96/100
|
|t:|1743862325
|switch|p2a: Dragonite|Dragonite, F|100/100|[from] Flip Turn
|
|-weather|RainDance|[upkeep]
|upkeep
|turn|15
|
|t:|1743862332
|move|p2a: Dragonite|Hurricane|p1a: ItsGivingUs
|-supereffective|p1a: ItsGivingUs
|-damage|p1a: ItsGivingUs|58/100
|-start|p1a: ItsGivingUs|confusion
|-activate|p1a: ItsGivingUs|confusion
|-damage|p1a: ItsGivingUs|52/100|[from] confusion
|
|-weather|RainDance|[upkeep]
|upkeep
|turn|16
|
|t:|1743862344
|switch|p2a: Keldeo|Keldeo-Resolute|55/100
|switch|p1a: ItsGivingNoe|Corviknight, F|100/100
|
|-weather|RainDance|[upkeep]
|upkeep
|turn|17
|
|t:|1743862357
|move|p2a: Keldeo|Secret Sword|p1a: ItsGivingNoe
|-damage|p1a: ItsGivingNoe|75/100
|move|p1a: ItsGivingNoe|Iron Defense|p1a: ItsGivingNoe
|-boost|p1a: ItsGivingNoe|def|2
|
|-weather|RainDance|[upkeep]
|upkeep
|turn|18
|
|t:|1743862377
|move|p2a: Keldeo|Hydro Pump|p1a: ItsGivingNoe
|-damage|p1a: ItsGivingNoe|0 fnt
|faint|p1a: ItsGivingNoe
|
|-weather|none
|upkeep
|
|t:|1743862383
|switch|p1a: ItsGivingZairus|Pelipper, M|100/100 par
|-weather|RainDance|[from] ability: Drizzle|[of] p1a: ItsGivingZairus
|turn|19
|inactive|Pearlinski has 120 seconds left.
|
|t:|1743862416
|move|p2a: Keldeo|Flip Turn|p1a: ItsGivingZairus
|-resisted|p1a: ItsGivingZairus
|-damage|p1a: ItsGivingZairus|93/100 par
|
|t:|1743862420
|switch|p2a: Tinkaton|Tinkaton, F|100/100|[from] Flip Turn
|-item|p2a: Tinkaton|Air Balloon
|cant|p1a: ItsGivingZairus|par
|
|-weather|RainDance|[upkeep]
|upkeep
|turn|20
|
|t:|1743862432
|move|p2a: Tinkaton|Stealth Rock|p1a: ItsGivingZairus
|-sidestart|p1: jujumitsu|move: Stealth Rock
|cant|p1a: ItsGivingZairus|par
|
|-weather|RainDance|[upkeep]
|upkeep
|turn|21
|inactive|Pearlinski has 120 seconds left.
|
|t:|1743862462
|move|p2a: Tinkaton|Gigaton Hammer|p1a: ItsGivingZairus
|-resisted|p1a: ItsGivingZairus
|-damage|p1a: ItsGivingZairus|75/100 par
|cant|p1a: ItsGivingZairus|par
|
|-weather|RainDance|[upkeep]
|upkeep
|turn|22
|inactive|jujumitsu has 120 seconds left.
|
|t:|1743862495
|move|p2a: Tinkaton|Stealth Rock||[still]
|-fail|p2a: Tinkaton
|cant|p1a: ItsGivingZairus|par
|
|-weather|RainDance|[upkeep]
|upkeep
|turn|23
|c|☆jujumitsu|damn
|
|t:|1743862510
|move|p2a: Tinkaton|Stealth Rock||[still]
|-fail|p2a: Tinkaton
|cant|p1a: ItsGivingZairus|par
|
|-weather|RainDance|[upkeep]
|upkeep
|turn|24
|c|☆jujumitsu|damn
|c|☆Pearlinski|Absurd
|inactive|Pearlinski has 90 seconds left.
|c|☆jujumitsu|25% chance is insane
|c|☆jujumitsu|Pokemon is teaching me to stay away from casinos
|
|t:|1743862559
|move|p2a: Tinkaton|Gigaton Hammer|p1a: ItsGivingZairus
|-resisted|p1a: ItsGivingZairus
|-damage|p1a: ItsGivingZairus|58/100 par
|move|p1a: ItsGivingZairus|U-turn|p2a: Tinkaton
|-resisted|p2a: Tinkaton
|-damage|p2a: Tinkaton|98/100
|-enditem|p2a: Tinkaton|Air Balloon
|-enditem|p1a: ItsGivingZairus|Damp Rock|[silent]|[from] ability: Pickpocket|[of] p1a: ItsGivingZairus
|-item|p2a: Tinkaton|Damp Rock|[from] ability: Pickpocket|[of] p1a: ItsGivingZairus
|inactive|jujumitsu has 120 seconds left.
|
|t:|1743862577
|switch|p1a: ItsGivingBailey|Great Tusk, shiny|100/100|[from] U-turn
|
|-weather|RainDance|[upkeep]
|upkeep
|turn|25
|inactive|jujumitsu has 120 seconds left.
|j| Pearlinatorgenisys
|inactive|Pearlinski has 60 seconds left.
|l| Pearlinatorgenisys
|j| Pearlinatorgenisys
|l|☆Pearlinski
|inactive|Pearlinski disconnected and has a minute to reconnect!
|player|p2|
|l| Pearlinatorgenisys
|inactive|Pearlinski has 30 seconds left.
|inactive|Pearlinski has 20 seconds left.
|inactive|Pearlinski has 15 seconds left.
|inactive|Pearlinski has 10 seconds left.
|inactive|Pearlinski has 5 seconds left.
|-message|Pearlinski lost due to inactivity.
|
|win|jujumitsu
|raw|jujumitsu's rating: 1174 &rarr; <strong>1199</strong><br />(+25 for winning)
|raw|Pearlinski's rating: 1169 &rarr; <strong>1144</strong><br />(-25 for losing)
