|j|☆Ences8_
|j|☆jojosworld
|t:|1743912601
|gametype|singles
|player|p1|Ences8_|kimonogirl|1285
|player|p2|jojosworld|bellelba|1360
|teamsize|p1|6
|teamsize|p2|6
|gen|9
|tier|[Gen 9] OU
|rated|
|rule|HP Percentage Mod: HP is shown in percentages
|rule|Endless Battle Clause: Forcing endless battles is banned
|rule|Species Clause: Limit one of each Pokémon
|rule|OHKO Clause: OHKO moves are banned
|rule|Evasion Items Clause: Evasion items are banned
|rule|Evasion Moves Clause: Evasion moves are banned
|rule|Sleep Moves Clause: Sleep-inducing moves are banned
|clearpoke
|poke|p1|Slowking-Galar, F|
|poke|p1|Landorus-Therian, M|
|poke|p1|Gholdengo|
|poke|p1|Zamazenta-*|
|poke|p1|Kingambit, F|
|poke|p1|Toxapex, F|
|poke|p2|Corviknight, F|
|poke|p2|Great Tusk|
|poke|p2|Dragapult, F|
|poke|p2|Alomomola, M|
|poke|p2|Slowking-Galar, F|
|poke|p2|Meowscarada, F|
|teampreview
|inactive|Battle timer is ON: inactive players will automatically lose when time's up. (requested by jojosworld)
|
|t:|1743912623
|start
|switch|p1a: Landorus|Landorus-Therian, M|100/100
|switch|p2a: Meowscarada|Meowscarada, F, shiny|100/100
|-ability|p1a: Landorus|Intimidate|boost
|-unboost|p2a: Meowscarada|atk|1
|turn|1
|
|t:|1743912643
|switch|p2a: Alomomola|Alomomola, M, shiny|100/100
|switch|p1a: Kingambit|Kingambit, F|100/100
|
|upkeep
|turn|2
|
|t:|1743912649
|-end|p1a: Kingambit|fallenundefined|[silent]
|switch|p1a: Slowking|Slowking-Galar, F|100/100
|move|p2a: Alomomola|Scald|p1a: Slowking
|-crit|p1a: Slowking
|-damage|p1a: Slowking|88/100
|-status|p1a: Slowking|brn
|
|-damage|p1a: Slowking|82/100 brn|[from] brn
|upkeep
|turn|3
|
|t:|1743912653
|move|p2a: Alomomola|Flip Turn|p1a: Slowking
|-damage|p1a: Slowking|67/100 brn
|
|t:|1743912655
|switch|p2a: Slowking|Slowking-Galar, F, shiny|100/100|[from] Flip Turn
|move|p1a: Slowking|Thunder Wave|p2a: Slowking
|-status|p2a: Slowking|par
|
|-damage|p1a: Slowking|61/100 brn|[from] brn
|upkeep
|turn|4
|
|t:|1743912662
|move|p1a: Slowking|Future Sight|p2a: Slowking
|-start|p1a: Slowking|move: Future Sight
|-prepare|p2a: Slowking|Chilly Reception|[premajor]
|move|p2a: Slowking|Chilly Reception|p2a: Slowking
|-weather|Snowscape
|
|t:|1743912666
|switch|p2a: Meowscarada|Meowscarada, F, shiny|100/100|[from] Chilly Reception
|
|-weather|Snowscape|[upkeep]
|-damage|p1a: Slowking|55/100 brn|[from] brn
|upkeep
|turn|5
|
|t:|1743912679
|switch|p1a: Kingambit|Kingambit, F|100/100
|move|p2a: Meowscarada|Triple Axel|p1a: Kingambit
|-start|p2a: Meowscarada|typechange|Ice|[from] ability: Protean
|-resisted|p1a: Kingambit
|-damage|p1a: Kingambit|95/100
|-resisted|p1a: Kingambit
|-damage|p1a: Kingambit|83/100
|-resisted|p1a: Kingambit
|-damage|p1a: Kingambit|66/100
|-hitcount|p1a: Kingambit|3
|
|-weather|Snowscape|[upkeep]
|-heal|p1a: Kingambit|72/100|[from] item: Leftovers
|upkeep
|turn|6
|
|t:|1743912688
|switch|p2a: Alomomola|Alomomola, M, shiny|100/100
|move|p1a: Kingambit|Iron Head|p2a: Alomomola
|-resisted|p2a: Alomomola
|-damage|p2a: Alomomola|86/100
|
|-weather|Snowscape|[upkeep]
|-end|p2a: Alomomola|move: Future Sight
|-damage|p2a: Alomomola|60/100
|-heal|p1a: Kingambit|79/100|[from] item: Leftovers
|upkeep
|turn|7
|
|t:|1743912695
|-end|p1a: Kingambit|fallenundefined|[silent]
|switch|p1a: Landorus|Landorus-Therian, M|100/100
|-ability|p1a: Landorus|Intimidate|boost
|-unboost|p2a: Alomomola|atk|1
|move|p2a: Alomomola|Flip Turn|p1a: Landorus
|-supereffective|p1a: Landorus
|-damage|p1a: Landorus|80/100
|-damage|p2a: Alomomola|44/100|[from] item: Rocky Helmet|[of] p1a: Landorus
|
|t:|1743912698
|switch|p2a: Meowscarada|Meowscarada, F, shiny|100/100|[from] Flip Turn
|
|-weather|Snowscape|[upkeep]
|upkeep
|turn|8
|
|t:|1743912726
|move|p2a: Meowscarada|U-turn|p1a: Landorus
|-start|p2a: Meowscarada|typechange|Bug|[from] ability: Protean
|-resisted|p1a: Landorus
|-damage|p1a: Landorus|57/100
|-damage|p2a: Meowscarada|84/100|[from] item: Rocky Helmet|[of] p1a: Landorus
|
|t:|1743912729
|switch|p2a: Alomomola|Alomomola, M, shiny|77/100|[from] U-turn
|move|p1a: Landorus|U-turn|p2a: Alomomola
|-damage|p2a: Alomomola|64/100
|
|t:|1743912745
|switch|p1a: Gholdengo|Gholdengo|100/100|[from] U-turn
|-item|p1a: Gholdengo|Air Balloon
|
|-weather|none
|upkeep
|turn|9
|
|t:|1743912749
|move|p1a: Gholdengo|Make It Rain|p2a: Alomomola
|-resisted|p2a: Alomomola
|-damage|p2a: Alomomola|49/100
|-unboost|p1a: Gholdengo|spa|1
|move|p2a: Alomomola|Flip Turn|p1a: Gholdengo
|-damage|p1a: Gholdengo|89/100
|-enditem|p1a: Gholdengo|Air Balloon
|
|t:|1743912751
|switch|p2a: Meowscarada|Meowscarada, F, shiny|84/100|[from] Flip Turn
|
|upkeep
|turn|10
|
|t:|1743912757
|switch|p1a: Kingambit|Kingambit, F|79/100
|move|p2a: Meowscarada|U-turn|p1a: Kingambit
|-start|p2a: Meowscarada|typechange|Bug|[from] ability: Protean
|-damage|p1a: Kingambit|40/100
|
|t:|1743912760
|switch|p2a: Alomomola|Alomomola, M, shiny|82/100|[from] U-turn
|
|-heal|p1a: Kingambit|46/100|[from] item: Leftovers
|upkeep
|turn|11
|
|t:|1743912766
|-end|p1a: Kingambit|fallenundefined|[silent]
|switch|p1a: Toxapex|Toxapex, F|100/100
|move|p2a: Alomomola|Flip Turn|p1a: Toxapex
|-resisted|p1a: Toxapex
|-damage|p1a: Toxapex|95/100
|
|t:|1743912773
|switch|p2a: Meowscarada|Meowscarada, F, shiny|84/100|[from] Flip Turn
|
|upkeep
|turn|12
|
|t:|1743912781
|move|p2a: Meowscarada|U-turn|p1a: Toxapex
|-start|p2a: Meowscarada|typechange|Bug|[from] ability: Protean
|-resisted|p1a: Toxapex
|-damage|p1a: Toxapex|76/100
|
|t:|1743912783
|switch|p2a: Slowking|Slowking-Galar, F, shiny|100/100 par|[from] U-turn
|move|p1a: Toxapex|Sludge Bomb|p2a: Slowking
|-resisted|p2a: Slowking
|-damage|p2a: Slowking|91/100 par
|
|upkeep
|turn|13
|
|t:|1743912794
|switch|p1a: Gholdengo|Gholdengo|89/100
|-prepare|p2a: Slowking|Chilly Reception|[premajor]
|move|p2a: Slowking|Chilly Reception|p2a: Slowking
|-weather|Snowscape
|
|t:|1743912796
|switch|p2a: Alomomola|Alomomola, M, shiny|100/100|[from] Chilly Reception
|
|-weather|Snowscape|[upkeep]
|upkeep
|turn|14
|
|t:|1743912802
|move|p1a: Gholdengo|Shadow Ball|p2a: Alomomola
|-damage|p2a: Alomomola|81/100
|move|p2a: Alomomola|Flip Turn|p1a: Gholdengo
|-damage|p1a: Gholdengo|76/100
|
|t:|1743912808
|switch|p2a: Dragapult|Dragapult, F, shiny|100/100|[from] Flip Turn
|
|-weather|Snowscape|[upkeep]
|upkeep
|turn|15
|
|t:|1743912816
|move|p2a: Dragapult|U-turn|p1a: Gholdengo
|-resisted|p1a: Gholdengo
|-damage|p1a: Gholdengo|73/100
|
|t:|1743912818
|switch|p2a: Alomomola|Alomomola, M, shiny|100/100|[from] U-turn
|move|p1a: Gholdengo|Shadow Ball|p2a: Alomomola
|-damage|p2a: Alomomola|80/100
|
|-weather|Snowscape|[upkeep]
|upkeep
|turn|16
|l|☆Ences8_
|inactive|Ences8_ disconnected and has a minute to reconnect!
|player|p1|
|inactive|Ences8_ has 30 seconds to reconnect!
|inactive|Ences8_ has 20 seconds to reconnect!
|inactive|Ences8_ has 15 seconds to reconnect!
|inactive|Ences8_ has 10 seconds to reconnect!
|inactive|Ences8_ has 5 seconds to reconnect!
|-message|Ences8_ lost due to inactivity.
|
|win|jojosworld
|raw|Ences8_'s rating: 1285 &rarr; <strong>1265</strong><br />(-20 for losing)
|raw|jojosworld's rating: 1360 &rarr; <strong>1376</strong><br />(+16 for winning)
