|j|☆Daddy3141
|j|☆RoutesReborn
|t:|1743886218
|gametype|singles
|player|p1|Daddy3141|bruno-gen3|1330
|player|p2|RoutesReborn|volkner|1348
|teamsize|p1|6
|teamsize|p2|6
|gen|9
|tier|[Gen 9] OU
|rated|
|rule|HP Percentage Mod: HP is shown in percentages
|rule|Endless Battle Clause: Forcing endless battles is banned
|rule|Species Clause: Limit one of each Pokémon
|rule|OHKO Clause: OHKO moves are banned
|rule|Evasion Items Clause: Evasion items are banned
|rule|Evasion Moves Clause: Evasion moves are banned
|rule|Sleep Moves Clause: Sleep-inducing moves are banned
|clearpoke
|poke|p1|Sinistcha|
|poke|p1|Garganacl, F|
|poke|p1|Skarmory, F|
|poke|p1|Zamazenta-*|
|poke|p1|Tinkaton, F|
|poke|p1|Darkrai|
|poke|p2|Slowking-Galar, F|
|poke|p2|Landorus-Therian, M|
|poke|p2|Raging Bolt|
|poke|p2|Iron Valiant|
|poke|p2|Cinderace, F|
|poke|p2|Cacturne, F|
|teampreview
|inactive|Battle timer is ON: inactive players will automatically lose when time's up. (requested by RoutesReborn)
|
|t:|1743886239
|start
|switch|p1a: Darkrai|Darkrai|100/100
|switch|p2a: Cinderace|Cinderace, F|100/100
|turn|1
|
|t:|1743886269
|switch|p1a: Garganacl|Garganacl, F|100/100
|move|p2a: Cinderace|U-turn|p1a: Garganacl
|-start|p2a: Cinderace|typechange|Bug|[from] ability: Libero
|-damage|p1a: Garganacl|79/100
|
|t:|1743886286
|switch|p2a: Cacturne|Cacturne, F|100/100|[from] U-turn
|
|-heal|p1a: Garganacl|85/100|[from] item: Leftovers
|upkeep
|turn|2
|
|t:|1743886300
|switch|p1a: Skarmory|Skarmory, F|100/100
|move|p2a: Cacturne|Leaf Storm|p1a: Skarmory
|-resisted|p1a: Skarmory
|-damage|p1a: Skarmory|80/100
|-unboost|p2a: Cacturne|spa|2
|
|upkeep
|turn|3
|
|t:|1743886312
|switch|p2a: Cinderace|Cinderace, F|100/100
|move|p1a: Skarmory|Spikes|p2a: Cinderace
|-sidestart|p2: RoutesReborn|Spikes
|
|upkeep
|turn|4
|
|t:|1743886325
|switch|p1a: Garganacl|Garganacl, F|85/100
|move|p2a: Cinderace|Will-O-Wisp|p1a: Garganacl
|-immune|p1a: Garganacl|[from] ability: Purifying Salt
|
|-heal|p1a: Garganacl|91/100|[from] item: Leftovers
|upkeep
|turn|5
|
|t:|1743886332
|move|p2a: Cinderace|U-turn|p1a: Garganacl
|-start|p2a: Cinderace|typechange|Bug|[from] ability: Libero
|-damage|p1a: Garganacl|69/100
|
|t:|1743886336
|switch|p2a: Slowking|Slowking-Galar, F|100/100|[from] U-turn
|move|p1a: Garganacl|Salt Cure|p2a: Slowking
|-damage|p2a: Slowking|85/100
|-start|p2a: Slowking|Salt Cure
|
|-heal|p1a: Garganacl|75/100|[from] item: Leftovers
|-damage|p2a: Slowking|73/100|[from] Salt Cure
|upkeep
|turn|6
|
|t:|1743886348
|move|p1a: Garganacl|Earthquake|p2a: Slowking
|-supereffective|p2a: Slowking
|-damage|p2a: Slowking|24/100
|-prepare|p2a: Slowking|Chilly Reception|[premajor]
|move|p2a: Slowking|Chilly Reception|p2a: Slowking
|-weather|Snowscape
|
|t:|1743886369
|switch|p2a: Landorus|Landorus-Therian, M|100/100|[from] Chilly Reception
|-ability|p2a: Landorus|Intimidate|boost
|-unboost|p1a: Garganacl|atk|1
|
|-weather|Snowscape|[upkeep]
|-heal|p1a: Garganacl|81/100|[from] item: Leftovers
|upkeep
|turn|7
|
|t:|1743886397
|switch|p1a: Skarmory|Skarmory, F|80/100
|move|p2a: Landorus|U-turn|p1a: Skarmory
|-resisted|p1a: Skarmory
|-damage|p1a: Skarmory|77/100
|-damage|p2a: Landorus|84/100|[from] item: Rocky Helmet|[of] p1a: Skarmory
|
|t:|1743886403
|switch|p2a: Cinderace|Cinderace, F|100/100|[from] U-turn
|
|-weather|Snowscape|[upkeep]
|upkeep
|turn|8
|
|t:|1743886413
|switch|p1a: Garganacl|Garganacl, F|81/100
|move|p2a: Cinderace|Pyro Ball|p1a: Garganacl
|-resisted|p1a: Garganacl
|-damage|p1a: Garganacl|63/100
|
|-weather|Snowscape|[upkeep]
|-heal|p1a: Garganacl|69/100|[from] item: Leftovers
|upkeep
|turn|9
|
|t:|1743886421
|move|p2a: Cinderace|Court Change|p2a: Cinderace
|-start|p2a: Cinderace|typechange|Normal|[from] ability: Libero
|-swapsideconditions
|-activate|p2a: Cinderace|move: Court Change
|move|p1a: Garganacl|Salt Cure|p2a: Cinderace
|-damage|p2a: Cinderace|81/100
|-start|p2a: Cinderace|Salt Cure
|
|-weather|Snowscape|[upkeep]
|-heal|p1a: Garganacl|75/100|[from] item: Leftovers
|-damage|p2a: Cinderace|68/100|[from] Salt Cure
|upkeep
|turn|10
|
|t:|1743886431
|move|p2a: Cinderace|U-turn|p1a: Garganacl
|-damage|p1a: Garganacl|60/100
|
|t:|1743886434
|switch|p2a: Cacturne|Cacturne, F|100/100|[from] U-turn
|move|p1a: Garganacl|Salt Cure|p2a: Cacturne
|-damage|p2a: Cacturne|76/100
|-start|p2a: Cacturne|Salt Cure
|
|-weather|none
|-heal|p1a: Garganacl|66/100|[from] item: Leftovers
|-damage|p2a: Cacturne|63/100|[from] Salt Cure
|upkeep
|turn|11
|
|t:|1743886441
|switch|p1a: Skarmory|Skarmory, F|77/100
|move|p2a: Cacturne|Leaf Storm|p1a: Skarmory
|-resisted|p1a: Skarmory
|-damage|p1a: Skarmory|57/100
|-unboost|p2a: Cacturne|spa|2
|
|-damage|p2a: Cacturne|51/100|[from] Salt Cure
|upkeep
|turn|12
|
|t:|1743886451
|switch|p2a: Raging Bolt|Raging Bolt|100/100
|-enditem|p2a: Raging Bolt|Booster Energy
|-activate|p2a: Raging Bolt|ability: Protosynthesis|[fromitem]
|-start|p2a: Raging Bolt|protosynthesisspa
|move|p1a: Skarmory|Spikes|p2a: Raging Bolt
|-sidestart|p2: RoutesReborn|Spikes
|
|upkeep
|turn|13
|inactive|Daddy3141 has 120 seconds left.
|
|t:|1743886482
|switch|p1a: Sinistcha|Sinistcha|100/100
|move|p2a: Raging Bolt|Calm Mind|p2a: Raging Bolt
|-boost|p2a: Raging Bolt|spa|1
|-boost|p2a: Raging Bolt|spd|1
|
|upkeep
|turn|14
|
|t:|1743886493
|move|p2a: Raging Bolt|Dragon Pulse|p1a: Sinistcha
|-damage|p1a: Sinistcha|0 fnt
|faint|p1a: Sinistcha
|
|upkeep
|inactive|Daddy3141 has 120 seconds left.
|
|t:|1743886506
|switch|p1a: Garganacl|Garganacl, F|66/100
|-damage|p1a: Garganacl|54/100|[from] Spikes
|turn|15
|
|t:|1743886518
|move|p2a: Raging Bolt|Thunderbolt|p1a: Garganacl
|-damage|p1a: Garganacl|0 fnt
|faint|p1a: Garganacl
|
|upkeep
|
|t:|1743886532
|switch|p1a: Zamazenta|Zamazenta|100/100
|-damage|p1a: Zamazenta|88/100|[from] Spikes
|-ability|p1a: Zamazenta|Dauntless Shield|boost
|-boost|p1a: Zamazenta|def|1
|turn|16
|
|t:|1743886549
|move|p1a: Zamazenta|Body Press|p2a: Raging Bolt
|-damage|p2a: Raging Bolt|56/100
|move|p2a: Raging Bolt|Thunderbolt|p1a: Zamazenta
|-damage|p1a: Zamazenta|11/100
|-status|p1a: Zamazenta|par
|
|-heal|p1a: Zamazenta|18/100 par|[from] item: Leftovers
|upkeep
|turn|17
|inactive|Daddy3141 has 120 seconds left.
|
|t:|1743886585
|move|p2a: Raging Bolt|Thunderbolt|p1a: Zamazenta
|-damage|p1a: Zamazenta|0 fnt
|faint|p1a: Zamazenta
|
|upkeep
|
|t:|1743886587
|switch|p1a: Darkrai|Darkrai|100/100
|-damage|p1a: Darkrai|88/100|[from] Spikes
|turn|18
|inactive|RoutesReborn has 120 seconds left.
|
|t:|1743886622
|move|p1a: Darkrai|Ice Beam|p2a: Raging Bolt
|-supereffective|p2a: Raging Bolt
|-damage|p2a: Raging Bolt|0 fnt
|faint|p2a: Raging Bolt
|-end|p2a: Raging Bolt|Protosynthesis|[silent]
|
|upkeep
|
|t:|1743886631
|switch|p2a: Cinderace|Cinderace, F|68/100
|turn|19
|inactive|RoutesReborn has 120 seconds left.
|inactive|Daddy3141 has 120 seconds left.
|
|t:|1743886654
|switch|p1a: Tinkaton|Tinkaton, F|100/100
|-item|p1a: Tinkaton|Air Balloon
|move|p2a: Cinderace|U-turn|p1a: Tinkaton
|-start|p2a: Cinderace|typechange|Bug|[from] ability: Libero
|-resisted|p1a: Tinkaton
|-damage|p1a: Tinkaton|89/100
|-enditem|p1a: Tinkaton|Air Balloon
|-enditem|p2a: Cinderace|Heavy-Duty Boots|[silent]|[from] ability: Pickpocket|[of] p2a: Cinderace
|-item|p1a: Tinkaton|Heavy-Duty Boots|[from] ability: Pickpocket|[of] p2a: Cinderace
|
|t:|1743886671
|switch|p2a: Landorus|Landorus-Therian, M|84/100|[from] U-turn
|-ability|p2a: Landorus|Intimidate|boost
|-unboost|p1a: Tinkaton|atk|1
|
|upkeep
|turn|20
|inactive|Daddy3141 has 120 seconds left.
|
|t:|1743886708
|move|p1a: Tinkaton|Stealth Rock|p2a: Landorus
|-sidestart|p2: RoutesReborn|move: Stealth Rock
|move|p2a: Landorus|U-turn|p1a: Tinkaton
|-resisted|p1a: Tinkaton
|-damage|p1a: Tinkaton|81/100
|
|t:|1743886722
|switch|p2a: Cinderace|Cinderace, F|68/100|[from] U-turn
|-damage|p2a: Cinderace|56/100|[from] Spikes
|-damage|p2a: Cinderace|31/100|[from] Stealth Rock
|
|upkeep
|turn|21
|inactive|RoutesReborn has 90 seconds left.
|inactive|Daddy3141 has 90 seconds left.
|
|t:|1743886768
|move|p2a: Cinderace|Court Change|p2a: Cinderace
|-start|p2a: Cinderace|typechange|Normal|[from] ability: Libero
|-swapsideconditions
|-activate|p2a: Cinderace|move: Court Change
|move|p1a: Tinkaton|Gigaton Hammer|p2a: Cinderace
|-damage|p2a: Cinderace|0 fnt
|faint|p2a: Cinderace
|
|upkeep
|inactive|RoutesReborn has 90 seconds left.
|
|t:|1743886778
|switch|p2a: Landorus|Landorus-Therian, M|84/100
|-ability|p2a: Landorus|Intimidate|boost
|-unboost|p1a: Tinkaton|atk|1
|turn|22
|inactive|RoutesReborn has 90 seconds left.
|
|t:|1743886787
|move|p1a: Tinkaton|Stealth Rock|p2a: Landorus
|-sidestart|p2: RoutesReborn|move: Stealth Rock
|move|p2a: Landorus|Earthquake|p1a: Tinkaton
|-supereffective|p1a: Tinkaton
|-crit|p1a: Tinkaton
|-damage|p1a: Tinkaton|0 fnt
|faint|p1a: Tinkaton
|
|upkeep
|
|t:|1743886802
|switch|p1a: Darkrai|Darkrai|88/100
|-damage|p1a: Darkrai|76/100|[from] Spikes
|-damage|p1a: Darkrai|63/100|[from] Stealth Rock
|turn|23
|inactive|RoutesReborn has 90 seconds left.
|inactive|RoutesReborn has 60 seconds left.
|
|t:|1743886861
|switch|p2a: Slowking|Slowking-Galar, F|57/100
|move|p1a: Darkrai|Ice Beam|p2a: Slowking
|-damage|p2a: Slowking|31/100
|
|upkeep
|turn|24
|
|t:|1743886879
|switch|p1a: Skarmory|Skarmory, F|57/100
|-damage|p1a: Skarmory|45/100|[from] Stealth Rock
|move|p2a: Slowking|Sludge Bomb|p1a: Skarmory
|-immune|p1a: Skarmory
|
|upkeep
|turn|25
|
|t:|1743886903
|move|p1a: Skarmory|Spikes|p2a: Slowking
|-sidestart|p2: RoutesReborn|Spikes
|move|p2a: Slowking|Future Sight|p1a: Skarmory
|-start|p2a: Slowking|move: Future Sight
|
|upkeep
|turn|26
|
|t:|1743886911
|move|p1a: Skarmory|Spikes|p2a: Slowking
|-sidestart|p2: RoutesReborn|Spikes
|-prepare|p2a: Slowking|Chilly Reception|[premajor]
|move|p2a: Slowking|Chilly Reception|p2a: Slowking
|-weather|Snowscape
|
|t:|1743886921
|switch|p2a: Iron Valiant|Iron Valiant|100/100|[from] Chilly Reception
|-damage|p2a: Iron Valiant|76/100|[from] Spikes
|-damage|p2a: Iron Valiant|69/100|[from] Stealth Rock
|-enditem|p2a: Iron Valiant|Booster Energy
|-activate|p2a: Iron Valiant|ability: Quark Drive|[fromitem]
|-start|p2a: Iron Valiant|quarkdrivespe
|
|-weather|Snowscape|[upkeep]
|upkeep
|turn|27
|inactive|RoutesReborn has 30 seconds left.
|inactive|RoutesReborn has 20 seconds left.
|inactive|Daddy3141 has 60 seconds left.
|
|t:|1743886956
|move|p2a: Iron Valiant|Encore|p1a: Skarmory
|-start|p1a: Skarmory|Encore
|move|p1a: Skarmory|Spikes||[still]
|-fail|p1a: Skarmory
|
|-weather|Snowscape|[upkeep]
|-end|p1a: Skarmory|move: Future Sight
|-resisted|p1a: Skarmory
|-damage|p1a: Skarmory|14/100
|upkeep
|turn|28
|inactive|RoutesReborn has 30 seconds left this turn.
|inactive|Daddy3141 has 60 seconds left.
|
|t:|1743886966
|switch|p1a: Darkrai|Darkrai|63/100
|-damage|p1a: Darkrai|51/100|[from] Spikes
|-damage|p1a: Darkrai|38/100|[from] Stealth Rock
|move|p2a: Iron Valiant|Moonblast|p1a: Darkrai
|-supereffective|p1a: Darkrai
|-damage|p1a: Darkrai|0 fnt
|faint|p1a: Darkrai
|
|-weather|Snowscape|[upkeep]
|upkeep
|inactive|RoutesReborn has 30 seconds left this turn.
|
|t:|1743886968
|switch|p1a: Skarmory|Skarmory, F|14/100
|-damage|p1a: Skarmory|2/100|[from] Stealth Rock
|turn|29
|inactive|RoutesReborn has 30 seconds left.
|
|t:|1743886980
|move|p2a: Iron Valiant|Knock Off|p1a: Skarmory
|-damage|p1a: Skarmory|0 fnt
|-damage|p2a: Iron Valiant|53/100|[from] item: Rocky Helmet|[of] p1a: Skarmory
|-enditem|p1a: Skarmory|Rocky Helmet|[from] move: Knock Off|[of] p2a: Iron Valiant
|faint|p1a: Skarmory
|
|win|RoutesReborn
|raw|Daddy3141's rating: 1330 &rarr; <strong>1311</strong><br />(-19 for losing)
|raw|RoutesReborn's rating: 1348 &rarr; <strong>1367</strong><br />(+19 for winning)
|c|☆RoutesReborn|gg
|l|☆RoutesReborn
|player|p2|
|l|☆Daddy3141
|player|p1|
