|badge|p1|silver|gen9ou|30-5
|uhtml|medal-msg|<div class="broadcast-blue">Curious what those medals under the avatar are? PS now has Ladder Seasons! For more information, check out the <a href="https://www.smogon.com/forums/threads/3740067/">thread on Smogon.</a></div>
|badge|p2|bronze|gen9ou|100-5
|uhtml|medal-msg|<div class="broadcast-blue">Curious what those medals under the avatar are? PS now has Ladder Seasons! For more information, check out the <a href="https://www.smogon.com/forums/threads/3740067/">thread on Smogon.</a></div>
|j|☆quinx of ladder
|j|☆Trainer #39
|t:|1743890720
|gametype|singles
|player|p1|quinx of ladder|cheryl|1932
|player|p2|Trainer #39|pokemonbreeder|1882
|teamsize|p1|6
|teamsize|p2|6
|gen|9
|tier|[Gen 9] OU
|rated|
|rule|HP Percentage Mod: HP is shown in percentages
|rule|Endless Battle Clause: Forcing endless battles is banned
|rule|Species Clause: Limit one of each Pokémon
|rule|OHKO Clause: OHKO moves are banned
|rule|Evasion Items Clause: Evasion items are banned
|rule|Evasion Moves Clause: Evasion moves are banned
|rule|Sleep Moves Clause: Sleep-inducing moves are banned
|clearpoke
|poke|p1|Dragonite, M|
|poke|p1|Ting-Lu|
|poke|p1|Iron Moth|
|poke|p1|Iron Valiant|
|poke|p1|Kyurem|
|poke|p1|Gholdengo|
|poke|p2|Blissey, F|
|poke|p2|Corviknight, F|
|poke|p2|Dondozo, M|
|poke|p2|Gliscor, M|
|poke|p2|Clefable, M|
|poke|p2|Slowking-Galar, M|
|teampreview
|inactive|Battle timer is ON: inactive players will automatically lose when time's up. (requested by quinx of ladder)
|
|t:|1743890738
|start
|switch|p1a: Ting-Lu|Ting-Lu|100/100
|switch|p2a: 🇮🇱=ter*orists|Gliscor, M|100/100
|-ability|p1a: Ting-Lu|Vessel of Ruin
|turn|1
|
|t:|1743890743
|move|p2a: 🇮🇱=ter*orists|Toxic|p1a: Ting-Lu
|-status|p1a: Ting-Lu|tox
|move|p1a: Ting-Lu|Ruination|p2a: 🇮🇱=ter*orists
|-damage|p2a: 🇮🇱=ter*orists|50/100
|
|-damage|p1a: Ting-Lu|94/100 tox|[from] psn
|-status|p2a: 🇮🇱=ter*orists|tox|[from] item: Toxic Orb
|upkeep
|turn|2
|
|t:|1743890746
|move|p2a: 🇮🇱=ter*orists|Earthquake|p1a: Ting-Lu
|-damage|p1a: Ting-Lu|79/100 tox
|move|p1a: Ting-Lu|Stealth Rock|p2a: 🇮🇱=ter*orists
|-sidestart|p2: Trainer #39|move: Stealth Rock
|
|-heal|p2a: 🇮🇱=ter*orists|63/100 tox|[from] ability: Poison Heal
|-damage|p1a: Ting-Lu|66/100 tox|[from] psn
|upkeep
|turn|3
|
|t:|1743890749
|move|p2a: 🇮🇱=ter*orists|Earthquake|p1a: Ting-Lu
|-damage|p1a: Ting-Lu|49/100 tox
|move|p1a: Ting-Lu|Taunt|p2a: 🇮🇱=ter*orists
|-start|p2a: 🇮🇱=ter*orists|move: Taunt
|
|-heal|p2a: 🇮🇱=ter*orists|75/100 tox|[from] ability: Poison Heal
|-damage|p1a: Ting-Lu|31/100 tox|[from] psn
|upkeep
|turn|4
|
|t:|1743890752
|switch|p1a: Kyurem|Kyurem|100/100
|-ability|p1a: Kyurem|Pressure
|move|p2a: 🇮🇱=ter*orists|Earthquake|p1a: Kyurem
|-damage|p1a: Kyurem|74/100
|
|-heal|p2a: 🇮🇱=ter*orists|88/100 tox|[from] ability: Poison Heal
|upkeep
|turn|5
|
|t:|1743890757
|switch|p1a: Iron Valiant|Iron Valiant|100/100
|-enditem|p1a: Iron Valiant|Booster Energy
|-activate|p1a: Iron Valiant|ability: Quark Drive|[fromitem]
|-start|p1a: Iron Valiant|quarkdrivespe
|switch|p2a: BIRDS OF A FEATHER|Corviknight, F|100/100
|-damage|p2a: BIRDS OF A FEATHER|88/100|[from] Stealth Rock
|-ability|p2a: BIRDS OF A FEATHER|Pressure
|
|upkeep
|turn|6
|j| alyras
|
|t:|1743890760
|move|p1a: Iron Valiant|Knock Off|p2a: BIRDS OF A FEATHER
|-damage|p2a: BIRDS OF A FEATHER|69/100
|-damage|p1a: Iron Valiant|84/100|[from] item: Rocky Helmet|[of] p2a: BIRDS OF A FEATHER
|-enditem|p2a: BIRDS OF A FEATHER|Rocky Helmet|[from] move: Knock Off|[of] p1a: Iron Valiant
|move|p2a: BIRDS OF A FEATHER|Brave Bird|p1a: Iron Valiant
|-supereffective|p1a: Iron Valiant
|-damage|p1a: Iron Valiant|0 fnt
|faint|p1a: Iron Valiant
|-end|p1a: Iron Valiant|Quark Drive|[silent]
|-damage|p2a: BIRDS OF A FEATHER|49/100|[from] Recoil
|
|upkeep
|j| union boss
|
|t:|1743890765
|switch|p1a: Iron Moth|Iron Moth|100/100
|-enditem|p1a: Iron Moth|Booster Energy
|-activate|p1a: Iron Moth|ability: Quark Drive|[fromitem]
|-start|p1a: Iron Moth|quarkdrivespe
|turn|7
|
|t:|1743890768
|-end|p1a: Iron Moth|Quark Drive|[silent]
|switch|p1a: Gholdengo|Gholdengo|100/100
|switch|p2a: brat|Blissey, F|100/100
|
|upkeep
|turn|8
|
|t:|1743890770
|switch|p2a: Kanye|Slowking-Galar, M|100/100
|-damage|p2a: Kanye|88/100|[from] Stealth Rock
|move|p1a: Gholdengo|Trick|p2a: Kanye
|-activate|p1a: Gholdengo|move: Trick|[of] p2a: Kanye
|-item|p2a: Kanye|Choice Scarf|[from] move: Trick
|-item|p1a: Gholdengo|Choice Scarf|[from] move: Trick
|
|upkeep
|turn|9
|
|t:|1743890774
|move|p1a: Gholdengo|Trick|p2a: Kanye
|-activate|p1a: Gholdengo|move: Trick|[of] p2a: Kanye
|-item|p2a: Kanye|Choice Scarf|[from] move: Trick
|-item|p1a: Gholdengo|Choice Scarf|[from] move: Trick
|move|p2a: Kanye|Future Sight|p1a: Gholdengo
|-start|p2a: Kanye|move: Future Sight
|
|upkeep
|turn|10
|
|t:|1743890779
|move|p1a: Gholdengo|Trick|p2a: Kanye
|-activate|p1a: Gholdengo|move: Trick|[of] p2a: Kanye
|-item|p2a: Kanye|Choice Scarf|[from] move: Trick
|-item|p1a: Gholdengo|Choice Scarf|[from] move: Trick
|move|p2a: Kanye|Future Sight||[still]
|-fail|p2a: Kanye
|
|upkeep
|turn|11
|
|t:|1743890782
|switch|p1a: Ting-Lu|Ting-Lu|31/100 tox
|-ability|p1a: Ting-Lu|Vessel of Ruin
|move|p2a: Kanye|Future Sight||[still]
|-fail|p2a: Kanye
|
|-end|p1a: Ting-Lu|move: Future Sight
|-immune|p1a: Ting-Lu
|-damage|p1a: Ting-Lu|24/100 tox|[from] psn
|upkeep
|turn|12
|
|t:|1743890785
|switch|p2a: 🇮🇱=ter*orists|Gliscor, M|88/100 tox
|-damage|p2a: 🇮🇱=ter*orists|75/100 tox|[from] Stealth Rock
|switch|p1a: Kyurem|Kyurem|74/100
|-ability|p1a: Kyurem|Pressure
|
|-heal|p2a: 🇮🇱=ter*orists|88/100 tox|[from] ability: Poison Heal
|upkeep
|turn|13
|
|t:|1743890787
|move|p2a: 🇮🇱=ter*orists|Protect|p2a: 🇮🇱=ter*orists
|-singleturn|p2a: 🇮🇱=ter*orists|Protect
|move|p1a: Kyurem|Scale Shot|p2a: 🇮🇱=ter*orists
|-activate|p2a: 🇮🇱=ter*orists|move: Protect
|
|-heal|p2a: 🇮🇱=ter*orists|99/100 tox|[from] ability: Poison Heal
|upkeep
|turn|14
|
|t:|1743890790
|switch|p2a: 808 and curses|Dondozo, M|100/100
|-damage|p2a: 808 and curses|88/100|[from] Stealth Rock
|move|p1a: Kyurem|Icicle Spear|p2a: 808 and curses
|-resisted|p2a: 808 and curses
|-damage|p2a: 808 and curses|85/100
|-resisted|p2a: 808 and curses
|-damage|p2a: 808 and curses|82/100
|-resisted|p2a: 808 and curses
|-damage|p2a: 808 and curses|78/100
|-resisted|p2a: 808 and curses
|-damage|p2a: 808 and curses|75/100
|-hitcount|p2a: 808 and curses|4
|
|-heal|p2a: 808 and curses|81/100|[from] item: Leftovers
|upkeep
|turn|15
|
|t:|1743890793
|switch|p1a: Gholdengo|Gholdengo|100/100
|move|p2a: 808 and curses|Curse|p2a: 808 and curses
|-unboost|p2a: 808 and curses|spe|1
|-boost|p2a: 808 and curses|atk|1
|-boost|p2a: 808 and curses|def|1
|
|-heal|p2a: 808 and curses|88/100|[from] item: Leftovers
|upkeep
|turn|16
|
|t:|1743890795
|switch|p2a: Kanye|Slowking-Galar, M|100/100
|-damage|p2a: Kanye|88/100|[from] Stealth Rock
|move|p1a: Gholdengo|Trick|p2a: Kanye
|-activate|p1a: Gholdengo|move: Trick|[of] p2a: Kanye
|-item|p2a: Kanye|Choice Scarf|[from] move: Trick
|-item|p1a: Gholdengo|Choice Scarf|[from] move: Trick
|
|upkeep
|turn|17
|
|t:|1743890798
|move|p1a: Gholdengo|Shadow Ball|p2a: Kanye
|-supereffective|p2a: Kanye
|-damage|p2a: Kanye|24/100
|move|p2a: Kanye|Future Sight|p1a: Gholdengo
|-start|p2a: Kanye|move: Future Sight
|
|upkeep
|turn|18
|
|t:|1743890801
|switch|p1a: Kyurem|Kyurem|74/100
|-ability|p1a: Kyurem|Pressure
|switch|p2a: brat|Blissey, F|100/100
|
|upkeep
|turn|19
|
|t:|1743890803
|switch|p1a: Gholdengo|Gholdengo|100/100
|switch|p2a: 808 and curses|Dondozo, M|88/100
|-damage|p2a: 808 and curses|75/100|[from] Stealth Rock
|
|-end|p1a: Gholdengo|move: Future Sight
|-resisted|p1a: Gholdengo
|-damage|p1a: Gholdengo|76/100
|-heal|p2a: 808 and curses|81/100|[from] item: Leftovers
|upkeep
|turn|20
|
|t:|1743890809
|switch|p2a: Charli xcx|Clefable, M|100/100
|move|p1a: Gholdengo|Shadow Ball|p2a: Charli xcx
|-damage|p2a: Charli xcx|73/100
|
|upkeep
|turn|21
|
|t:|1743890812
|move|p1a: Gholdengo|Shadow Ball|p2a: Charli xcx
|-damage|p2a: Charli xcx|45/100
|move|p2a: Charli xcx|Wish|p2a: Charli xcx
|
|upkeep
|turn|22
|
|t:|1743890815
|switch|p1a: Iron Moth|Iron Moth|100/100
|move|p2a: Charli xcx|Knock Off|p1a: Iron Moth
|-damage|p1a: Iron Moth|85/100
|
|-heal|p2a: Charli xcx|95/100|[from] move: Wish|[wisher] Charli xcx
|upkeep
|turn|23
|
|t:|1743890836
|move|p2a: Charli xcx|Protect|p2a: Charli xcx
|-singleturn|p2a: Charli xcx|Protect
|move|p1a: Iron Moth|Sludge Wave|p2a: Charli xcx
|-activate|p2a: Charli xcx|move: Protect
|
|upkeep
|turn|24
|
|t:|1743890839
|switch|p2a: brat|Blissey, F|100/100
|move|p1a: Iron Moth|Fiery Dance|p2a: brat
|-damage|p2a: brat|86/100
|
|upkeep
|turn|25
|
|t:|1743890848
|move|p1a: Iron Moth|Sludge Wave|p2a: brat
|-damage|p2a: brat|70/100
|move|p2a: brat|Stealth Rock|p1a: Iron Moth
|-sidestart|p1: quinx of ladder|move: Stealth Rock
|
|upkeep
|turn|26
|
|t:|1743890850
|move|p1a: Iron Moth|Sludge Wave|p2a: brat
|-damage|p2a: brat|52/100
|move|p2a: brat|Calm Mind|p2a: brat
|-boost|p2a: brat|spa|1
|-boost|p2a: brat|spd|1
|
|upkeep
|turn|27
|-message|quinx of ladder forfeited.
|
|win|Trainer #39
|raw|quinx of ladder's rating: 1932 &rarr; <strong>1909</strong><br />(-23 for losing)
|raw|Trainer #39's rating: 1882 &rarr; <strong>1905</strong><br />(+23 for winning)
|l|☆quinx of ladder
|player|p1|
|l|☆Trainer #39
|player|p2|
