|j|☆Imranthegoat
|j|☆FeelMeUp
|t:|1743829710
|gametype|singles
|player|p1|Imranthegoat|whitney|1085
|player|p2|FeelMeUp|youngcouple-gen4dp|1146
|teamsize|p1|6
|teamsize|p2|6
|gen|9
|tier|[Gen 9] OU
|rated|
|rule|HP Percentage Mod: HP is shown in percentages
|rule|Endless Battle Clause: Forcing endless battles is banned
|rule|Species Clause: Limit one of each Pokémon
|rule|OHKO Clause: OHKO moves are banned
|rule|Evasion Items Clause: Evasion items are banned
|rule|Evasion Moves Clause: Evasion moves are banned
|rule|Sleep Moves Clause: Sleep-inducing moves are banned
|clearpoke
|poke|p1|Smeargle, M|
|poke|p1|Farigiraf, M|
|poke|p1|Ursaluna, M|
|poke|p1|Snorlax, M|
|poke|p1|Staraptor, F|
|poke|p1|Zoroark-Hisui, M|
|poke|p2|Samurott-Hisui, F|
|poke|p2|Iron Valiant|
|poke|p2|Pecharunt|
|poke|p2|Reuniclus, F|
|poke|p2|Darkrai|
|poke|p2|Kingambit, F|
|teampreview
|
|t:|1743829738
|start
|switch|p1a: Smeargle|Smeargle, M|100/100
|switch|p2a: Valediction|Samurott-Hisui, F, shiny|100/100
|turn|1
|
|t:|1743829745
|move|p2a: Valediction|Taunt|p1a: Smeargle
|-start|p1a: Smeargle|move: Taunt
|move|p1a: Smeargle|Stone Axe|p2a: Valediction
|-damage|p2a: Valediction|95/100
|-sidestart|p2: FeelMeUp|move: Stealth Rock
|
|upkeep
|turn|2
|
|t:|1743829753
|move|p2a: Valediction|Ceaseless Edge|p1a: Smeargle
|-enditem|p1a: Smeargle|Focus Sash
|-damage|p1a: Smeargle|1/100
|-sidestart|p1: Imranthegoat|Spikes
|move|p1a: Smeargle|Ceaseless Edge|p2a: Valediction
|-resisted|p2a: Valediction
|-damage|p2a: Valediction|92/100
|-sidestart|p2: FeelMeUp|Spikes
|
|upkeep
|turn|3
|
|t:|1743829774
|move|p2a: Valediction|Ceaseless Edge|p1a: Smeargle
|-damage|p1a: Smeargle|0 fnt
|-sidestart|p1: Imranthegoat|Spikes
|faint|p1a: Smeargle
|
|upkeep
|
|t:|1743829790
|switch|p1a: Staraptor|Staraptor, F|100/100
|-ability|p1a: Staraptor|Intimidate|boost
|-unboost|p2a: Valediction|atk|1
|turn|4
|
|t:|1743829799
|move|p1a: Staraptor|Close Combat|p2a: Valediction
|-supereffective|p2a: Valediction
|-damage|p2a: Valediction|0 fnt
|-unboost|p1a: Staraptor|def|1
|-unboost|p1a: Staraptor|spd|1
|faint|p2a: Valediction
|
|upkeep
|
|t:|1743829812
|switch|p2a: Mani Katti|Iron Valiant|100/100
|-damage|p2a: Mani Katti|94/100|[from] Stealth Rock
|-damage|p2a: Mani Katti|82/100|[from] Spikes
|-enditem|p2a: Mani Katti|Booster Energy
|-activate|p2a: Mani Katti|ability: Quark Drive|[fromitem]
|-start|p2a: Mani Katti|quarkdrivespa
|turn|5
|
|t:|1743829841
|-terastallize|p2a: Mani Katti|Ghost
|move|p1a: Staraptor|Acrobatics|p2a: Mani Katti
|-damage|p2a: Mani Katti|43/100
|move|p2a: Mani Katti|Moonblast|p1a: Staraptor
|-damage|p1a: Staraptor|0 fnt
|faint|p1a: Staraptor
|
|upkeep
|
|t:|1743829860
|switch|p1a: Farigiraf|Farigiraf, M|100/100
|-damage|p1a: Farigiraf|84/100|[from] Spikes
|turn|6
|
|t:|1743829869
|move|p1a: Farigiraf|Bitter Malice|p2a: Mani Katti
|-supereffective|p2a: Mani Katti
|-damage|p2a: Mani Katti|0 fnt
|faint|p2a: Mani Katti
|-end|p2a: Mani Katti|Quark Drive|[silent]
|-damage|p1a: Farigiraf|74/100|[from] item: Life Orb
|
|upkeep
|
|t:|1743829887
|switch|p2a: Scarlet Devil|Darkrai|100/100
|-damage|p2a: Scarlet Devil|88/100|[from] Stealth Rock
|-damage|p2a: Scarlet Devil|76/100|[from] Spikes
|turn|7
|
|t:|1743829910
|move|p2a: Scarlet Devil|Knock Off|p1a: Farigiraf
|-supereffective|p1a: Farigiraf
|-damage|p1a: Farigiraf|0 fnt
|replace|p1a: Zoroark|Zoroark-Hisui, M
|-end|p1a: Zoroark|Illusion
|-enditem|p1a: Zoroark|Life Orb|[from] move: Knock Off|[of] p2a: Scarlet Devil
|faint|p1a: Zoroark
|
|upkeep
|
|t:|1743829922
|switch|p1a: Ursaluna|Ursaluna, M|100/100
|-damage|p1a: Ursaluna|84/100|[from] Spikes
|turn|8
|
|t:|1743829928
|move|p2a: Scarlet Devil|Ice Beam|p1a: Ursaluna
|-supereffective|p1a: Ursaluna
|-damage|p1a: Ursaluna|30/100
|move|p1a: Ursaluna|Play Rough|p2a: Scarlet Devil
|-supereffective|p2a: Scarlet Devil
|-damage|p2a: Scarlet Devil|0 fnt
|faint|p2a: Scarlet Devil
|
|-status|p1a: Ursaluna|brn|[from] item: Flame Orb
|upkeep
|
|t:|1743829954
|switch|p2a: Azathoth|Pecharunt|100/100
|-damage|p2a: Azathoth|88/100|[from] Stealth Rock
|-damage|p2a: Azathoth|76/100|[from] Spikes
|turn|9
|
|t:|1743829972
|move|p2a: Azathoth|Nasty Plot|p2a: Azathoth
|-boost|p2a: Azathoth|spa|2
|move|p1a: Ursaluna|Earthquake|p2a: Azathoth
|-supereffective|p2a: Azathoth
|-enditem|p2a: Azathoth|Shuca Berry|[eat]
|-enditem|p2a: Azathoth|Shuca Berry|[weaken]
|-damage|p2a: Azathoth|12/100
|
|-damage|p1a: Ursaluna|24/100 brn|[from] brn
|upkeep
|turn|10
|
|t:|1743829991
|move|p2a: Azathoth|Malignant Chain|p1a: Ursaluna
|-resisted|p1a: Ursaluna
|-damage|p1a: Ursaluna|0 fnt
|faint|p1a: Ursaluna
|
|upkeep
|
|t:|1743830002
|switch|p1a: Farigiraf|Farigiraf, M|100/100
|-damage|p1a: Farigiraf|84/100|[from] Spikes
|turn|11
|
|t:|1743830008
|move|p2a: Azathoth|Malignant Chain|p1a: Farigiraf
|-damage|p1a: Farigiraf|0 fnt
|faint|p1a: Farigiraf
|
|upkeep
|
|t:|1743830012
|switch|p1a: Snorlax|Snorlax, M|100/100
|-damage|p1a: Snorlax|84/100|[from] Spikes
|turn|12
|
|t:|1743830018
|move|p2a: Azathoth|Malignant Chain|p1a: Snorlax
|-damage|p1a: Snorlax|48/100
|move|p1a: Snorlax|Curse|p1a: Snorlax
|-unboost|p1a: Snorlax|spe|1
|-boost|p1a: Snorlax|atk|1
|-boost|p1a: Snorlax|def|1
|
|-heal|p1a: Snorlax|55/100|[from] item: Leftovers
|upkeep
|turn|13
|-message|Imranthegoat forfeited.
|
|win|FeelMeUp
|raw|Imranthegoat's rating: 1085 &rarr; <strong>1066</strong><br />(-19 for losing)
|raw|FeelMeUp's rating: 1146 &rarr; <strong>1167</strong><br />(+21 for winning)
|l|☆Imranthegoat
|player|p1|
|l|☆FeelMeUp
|player|p2|
