|j|☆smollest brian
|j|☆fireator
|t:|1743819164
|gametype|singles
|player|p1|smollest brian|miku-ground|1680
|player|p2|fireator|gambler|1743
|teamsize|p1|6
|teamsize|p2|6
|gen|9
|tier|[Gen 9] OU
|rated|
|rule|HP Percentage Mod: HP is shown in percentages
|rule|Endless Battle Clause: Forcing endless battles is banned
|rule|Species Clause: Limit one of each Pokémon
|rule|OHKO Clause: OHKO moves are banned
|rule|Evasion Items Clause: Evasion items are banned
|rule|Evasion Moves Clause: Evasion moves are banned
|rule|Sleep Moves Clause: Sleep-inducing moves are banned
|clearpoke
|poke|p1|Ribombee, F|
|poke|p1|Mew|
|poke|p1|Great Tusk|
|poke|p1|Gholdengo|
|poke|p1|Dragonite, M|
|poke|p1|Samurott-Hisui, M|
|poke|p2|Iron Moth|
|poke|p2|Dragapult, M|
|poke|p2|Cinderace, F|
|poke|p2|Primarina, M|
|poke|p2|Zamazenta-*|
|poke|p2|Garganacl, F|
|teampreview
|
|t:|1743819172
|start
|switch|p1a: Samurott|Samurott-Hisui, M|100/100
|switch|p2a: Primarina|Primarina, M|100/100
|turn|1
|
|t:|1743819179
|move|p1a: Samurott|Ceaseless Edge|p2a: Primarina
|-resisted|p2a: Primarina
|-damage|p2a: Primarina|74/100
|-sidestart|p2: fireator|Spikes
|move|p2a: Primarina|Moonblast|p1a: Samurott
|-supereffective|p1a: Samurott
|-enditem|p1a: Samurott|Focus Sash
|-damage|p1a: Samurott|1/100
|-unboost|p1a: Samurott|spa|1
|
|upkeep
|turn|2
|
|t:|1743819184
|move|p2a: Primarina|Aqua Jet|p1a: Samurott
|-resisted|p1a: Samurott
|-damage|p1a: Samurott|0 fnt
|faint|p1a: Samurott
|
|upkeep
|
|t:|1743819187
|switch|p1a: Gholdengo|Gholdengo|100/100
|-item|p1a: Gholdengo|Air Balloon
|turn|3
|
|t:|1743819189
|move|p1a: Gholdengo|Thunder Wave|p2a: Primarina
|-status|p2a: Primarina|par
|move|p2a: Primarina|Psychic Noise|p1a: Gholdengo
|-damage|p1a: Gholdengo|60/100
|-start|p1a: Gholdengo|move: Heal Block
|-enditem|p1a: Gholdengo|Air Balloon
|
|upkeep
|turn|4
|
|t:|1743819193
|move|p1a: Gholdengo|Hex|p2a: Primarina
|-damage|p2a: Primarina|42/100 par
|cant|p2a: Primarina|par
|
|-end|p1a: Gholdengo|move: Heal Block
|upkeep
|turn|5
|
|t:|1743819196
|move|p1a: Gholdengo|Make It Rain|p2a: Primarina
|-damage|p2a: Primarina|9/100 par
|-unboost|p1a: Gholdengo|spa|1
|cant|p2a: Primarina|par
|
|upkeep
|turn|6
|
|t:|1743819200
|move|p1a: Gholdengo|Hex|p2a: Primarina
|-damage|p2a: Primarina|0 fnt
|faint|p2a: Primarina
|
|upkeep
|
|t:|1743819202
|switch|p2a: Iron Moth|Iron Moth|100/100
|-damage|p2a: Iron Moth|88/100|[from] Spikes
|-enditem|p2a: Iron Moth|Booster Energy
|-activate|p2a: Iron Moth|ability: Quark Drive|[fromitem]
|-start|p2a: Iron Moth|quarkdrivespe
|turn|7
|
|t:|1743819208
|switch|p1a: Mew|Mew|100/100
|move|p2a: Iron Moth|Fiery Dance|p1a: Mew
|-damage|p1a: Mew|58/100
|
|upkeep
|turn|8
|
|t:|1743819211
|move|p2a: Iron Moth|Fiery Dance|p1a: Mew
|-damage|p1a: Mew|17/100
|move|p1a: Mew|Psychic Noise|p2a: Iron Moth
|-supereffective|p2a: Iron Moth
|-damage|p2a: Iron Moth|20/100
|-start|p2a: Iron Moth|move: Heal Block
|
|upkeep
|turn|9
|
|t:|1743819216
|move|p2a: Iron Moth|Fiery Dance|p1a: Mew
|-damage|p1a: Mew|0 fnt
|faint|p1a: Mew
|
|-end|p2a: Iron Moth|move: Heal Block
|upkeep
|
|t:|1743819218
|switch|p1a: Dragonite|Dragonite, M|100/100
|turn|10
|
|t:|1743819221
|move|p1a: Dragonite|Extreme Speed|p2a: Iron Moth
|-damage|p2a: Iron Moth|0 fnt
|faint|p2a: Iron Moth
|-end|p2a: Iron Moth|Quark Drive|[silent]
|
|upkeep
|
|t:|1743819222
|switch|p2a: Dragapult|Dragapult, M|100/100
|-damage|p2a: Dragapult|88/100|[from] Spikes
|turn|11
|
|t:|1743819226
|switch|p1a: Ribombee|Ribombee, F|100/100
|move|p2a: Dragapult|Will-O-Wisp|p1a: Ribombee
|-status|p1a: Ribombee|brn
|
|-heal|p2a: Dragapult|94/100|[from] item: Leftovers
|-damage|p1a: Ribombee|94/100 brn|[from] brn
|upkeep
|turn|12
|
|t:|1743819232
|move|p2a: Dragapult|Hex|p1a: Ribombee
|-damage|p1a: Ribombee|12/100 brn
|move|p1a: Ribombee|Moonblast|p2a: Dragapult
|-supereffective|p2a: Dragapult
|-damage|p2a: Dragapult|0 fnt
|faint|p2a: Dragapult
|
|-damage|p1a: Ribombee|5/100 brn|[from] brn
|upkeep
|
|t:|1743819239
|switch|p2a: Garganacl|Garganacl, F|100/100
|-damage|p2a: Garganacl|88/100|[from] Spikes
|turn|13
|j| MiniLarry
|
|t:|1743819249
|move|p1a: Ribombee|Moonblast|p2a: Garganacl
|-damage|p2a: Garganacl|57/100
|move|p2a: Garganacl|Iron Defense|p2a: Garganacl
|-boost|p2a: Garganacl|def|2
|
|-heal|p2a: Garganacl|64/100|[from] item: Leftovers
|-damage|p1a: Ribombee|0 fnt|[from] brn
|faint|p1a: Ribombee
|upkeep
|
|t:|1743819253
|switch|p1a: Gholdengo|Gholdengo|60/100
|turn|14
|
|t:|1743819256
|-terastallize|p2a: Garganacl|Water
|move|p1a: Gholdengo|Focus Blast|p2a: Garganacl
|-damage|p2a: Garganacl|33/100
|move|p2a: Garganacl|Recover|p2a: Garganacl
|-heal|p2a: Garganacl|83/100
|
|-heal|p2a: Garganacl|89/100|[from] item: Leftovers
|upkeep
|turn|15
|-message|smollest brian forfeited.
|
|win|fireator
|raw|smollest brian's rating: 1680 &rarr; <strong>1664</strong><br />(-16 for losing)
|raw|fireator's rating: 1743 &rarr; <strong>1759</strong><br />(+16 for winning)
|l|☆smollest brian
|player|p1|
|l|☆fireator
|player|p2|
|l| MiniLarry
