|j|☆anwar001
|j|☆OREOOREGO
|t:|1743789631
|gametype|singles
|player|p1|anwar001|169|1348
|player|p2|OREOOREGO|266|1343
|teamsize|p1|6
|teamsize|p2|6
|gen|9
|tier|[Gen 9] OU
|rated|
|rule|HP Percentage Mod: HP is shown in percentages
|rule|Endless Battle Clause: Forcing endless battles is banned
|rule|Species Clause: Limit one of each Pokémon
|rule|OHKO Clause: OHKO moves are banned
|rule|Evasion Items Clause: Evasion items are banned
|rule|Evasion Moves Clause: Evasion moves are banned
|rule|Sleep Moves Clause: Sleep-inducing moves are banned
|clearpoke
|poke|p1|Landorus-Therian, M|
|poke|p1|Clodsire, M|
|poke|p1|Mandibuzz, F|
|poke|p1|Scizor, M|
|poke|p1|Raikou|
|poke|p1|Skeledirge, F|
|poke|p2|Slither Wing|
|poke|p2|Darkrai|
|poke|p2|Ogerpon-Cornerstone, F|
|poke|p2|Raging Bolt|
|poke|p2|Great Tusk|
|poke|p2|Empoleon, F|
|teampreview
|
|t:|1743789648
|start
|switch|p1a: Landorus|Landorus-Therian, M|100/100
|switch|p2a: Slither Wing|Slither Wing|100/100
|-ability|p1a: Landorus|Intimidate|boost
|-unboost|p2a: Slither Wing|atk|1
|turn|1
|inactive|Battle timer is ON: inactive players will automatically lose when time's up. (requested by anwar001)
|
|t:|1743789661
|move|p1a: Landorus|U-turn|p2a: Slither Wing
|-resisted|p2a: Slither Wing
|-damage|p2a: Slither Wing|88/100
|
|t:|1743789664
|switch|p1a: Mandibuzz|Mandibuzz, F|100/100|[from] U-turn
|move|p2a: Slither Wing|Will-O-Wisp|p1a: Mandibuzz
|-status|p1a: Mandibuzz|brn
|
|-damage|p1a: Mandibuzz|94/100 brn|[from] brn
|upkeep
|turn|2
|
|t:|1743789674
|move|p1a: Mandibuzz|Knock Off|p2a: Slither Wing
|-resisted|p2a: Slither Wing
|-damage|p2a: Slither Wing|83/100
|-enditem|p2a: Slither Wing|Heavy-Duty Boots|[from] move: Knock Off|[of] p1a: Mandibuzz
|move|p2a: Slither Wing|U-turn|p1a: Mandibuzz
|-damage|p1a: Mandibuzz|82/100 brn
|-damage|p2a: Slither Wing|66/100|[from] item: Rocky Helmet|[of] p1a: Mandibuzz
|
|t:|1743789678
|-end|p2a: Slither Wing|Protosynthesis|[silent]
|switch|p2a: Ogerpon|Ogerpon-Cornerstone, F|100/100|[from] U-turn
|
|-damage|p1a: Mandibuzz|76/100 brn|[from] brn
|upkeep
|turn|3
|
|t:|1743789691
|move|p2a: Ogerpon|Swords Dance|p2a: Ogerpon
|-boost|p2a: Ogerpon|atk|2
|move|p1a: Mandibuzz|Toxic|p2a: Ogerpon
|-status|p2a: Ogerpon|tox
|
|-damage|p2a: Ogerpon|95/100 tox|[from] psn
|-damage|p1a: Mandibuzz|70/100 brn|[from] brn
|upkeep
|turn|4
|
|t:|1743789696
|move|p2a: Ogerpon|Ivy Cudgel|p1a: Mandibuzz|[anim] Ivy Cudgel Rock
|-supereffective|p1a: Mandibuzz
|-damage|p1a: Mandibuzz|0 fnt
|faint|p1a: Mandibuzz
|
|-damage|p2a: Ogerpon|83/100 tox|[from] psn
|upkeep
|
|t:|1743789701
|switch|p1a: Landorus|Landorus-Therian, M|100/100
|-ability|p1a: Landorus|Intimidate|boost
|-unboost|p2a: Ogerpon|atk|1
|turn|5
|
|t:|1743789706
|move|p1a: Landorus|Earthquake|p2a: Ogerpon
|-damage|p2a: Ogerpon|4/100 tox
|move|p2a: Ogerpon|Ivy Cudgel|p1a: Landorus|[anim] Ivy Cudgel Rock
|-damage|p1a: Landorus|3/100
|
|-damage|p2a: Ogerpon|0 fnt|[from] psn
|faint|p2a: Ogerpon
|upkeep
|
|t:|1743789722
|switch|p2a: Great Tusk|Great Tusk|100/100
|turn|6
|
|t:|1743789726
|move|p1a: Landorus|Earthquake|p2a: Great Tusk
|-damage|p2a: Great Tusk|58/100
|move|p2a: Great Tusk|Rapid Spin|p1a: Landorus
|-damage|p1a: Landorus|0 fnt
|-boost|p2a: Great Tusk|spe|1
|faint|p1a: Landorus
|
|upkeep
|
|t:|1743789743
|switch|p1a: Skeledirge|Skeledirge, F|100/100
|turn|7
|
|t:|1743789751
|-terastallize|p1a: Skeledirge|Fairy
|move|p2a: Great Tusk|Earthquake|p1a: Skeledirge
|-damage|p1a: Skeledirge|63/100
|move|p1a: Skeledirge|Alluring Voice|p2a: Great Tusk
|-supereffective|p2a: Great Tusk
|-damage|p2a: Great Tusk|0 fnt
|faint|p2a: Great Tusk
|-end|p2a: Great Tusk|Protosynthesis|[silent]
|
|upkeep
|
|t:|1743789757
|switch|p2a: Darkrai|Darkrai|100/100
|turn|8
|
|t:|1743789760
|move|p2a: Darkrai|Sludge Bomb|p1a: Skeledirge
|-supereffective|p1a: Skeledirge
|-damage|p1a: Skeledirge|0 fnt
|faint|p1a: Skeledirge
|-damage|p2a: Darkrai|91/100|[from] item: Life Orb
|
|upkeep
|
|t:|1743789764
|switch|p1a: Scizor|Scizor, M|100/100
|turn|9
|
|t:|1743789769
|switch|p2a: Slither Wing|Slither Wing|66/100
|move|p1a: Scizor|Swords Dance|p1a: Scizor
|-boost|p1a: Scizor|atk|2
|
|upkeep
|turn|10
|
|t:|1743789777
|move|p1a: Scizor|Bullet Punch|p2a: Slither Wing
|-damage|p2a: Slither Wing|7/100
|move|p2a: Slither Wing|Will-O-Wisp|p1a: Scizor
|-status|p1a: Scizor|brn
|
|-damage|p1a: Scizor|94/100 brn|[from] brn
|upkeep
|turn|11
|
|t:|1743789789
|move|p1a: Scizor|Swords Dance|p1a: Scizor
|-boost|p1a: Scizor|atk|2
|move|p2a: Slither Wing|Morning Sun|p2a: Slither Wing
|-heal|p2a: Slither Wing|57/100
|
|-heal|p1a: Scizor|100/100 brn|[from] item: Leftovers
|-damage|p1a: Scizor|94/100 brn|[from] brn
|upkeep
|turn|12
|
|t:|1743789794
|move|p1a: Scizor|Swords Dance|p1a: Scizor
|-boost|p1a: Scizor|atk|2
|move|p2a: Slither Wing|Morning Sun|p2a: Slither Wing
|-heal|p2a: Slither Wing|100/100
|
|-heal|p1a: Scizor|100/100 brn|[from] item: Leftovers
|-damage|p1a: Scizor|94/100 brn|[from] brn
|upkeep
|turn|13
|
|t:|1743789798
|move|p1a: Scizor|Bullet Punch|p2a: Slither Wing
|-damage|p2a: Slither Wing|43/100
|move|p2a: Slither Wing|U-turn|p1a: Scizor
|-resisted|p1a: Scizor
|-damage|p1a: Scizor|71/100 brn
|
|t:|1743789802
|-end|p2a: Slither Wing|Protosynthesis|[silent]
|switch|p2a: Raging Bolt|Raging Bolt|100/100|[from] U-turn
|
|-heal|p1a: Scizor|77/100 brn|[from] item: Leftovers
|-damage|p1a: Scizor|71/100 brn|[from] brn
|upkeep
|turn|14
|
|t:|1743789809
|move|p1a: Scizor|Bullet Punch|p2a: Raging Bolt
|-resisted|p2a: Raging Bolt
|-damage|p2a: Raging Bolt|71/100
|move|p2a: Raging Bolt|Draco Meteor|p1a: Scizor|[miss]
|-miss|p2a: Raging Bolt|p1a: Scizor
|
|-heal|p1a: Scizor|77/100 brn|[from] item: Leftovers
|-damage|p1a: Scizor|71/100 brn|[from] brn
|upkeep
|turn|15
|
|t:|1743789814
|move|p1a: Scizor|Bullet Punch|p2a: Raging Bolt
|-resisted|p2a: Raging Bolt
|-damage|p2a: Raging Bolt|41/100
|move|p2a: Raging Bolt|Draco Meteor|p1a: Scizor
|-resisted|p1a: Scizor
|-damage|p1a: Scizor|10/100 brn
|-unboost|p2a: Raging Bolt|spa|2
|
|-heal|p1a: Scizor|16/100 brn|[from] item: Leftovers
|-damage|p1a: Scizor|10/100 brn|[from] brn
|upkeep
|turn|16
|
|t:|1743789823
|-end|p2a: Raging Bolt|Protosynthesis|[silent]
|switch|p2a: Slither Wing|Slither Wing|43/100
|move|p1a: Scizor|Bullet Punch|p2a: Slither Wing
|-damage|p2a: Slither Wing|0 fnt
|faint|p2a: Slither Wing
|-end|p2a: Slither Wing|Protosynthesis|[silent]
|
|-heal|p1a: Scizor|16/100 brn|[from] item: Leftovers
|-damage|p1a: Scizor|10/100 brn|[from] brn
|upkeep
|
|t:|1743789836
|switch|p2a: Raging Bolt|Raging Bolt|41/100
|turn|17
|
|t:|1743789839
|move|p1a: Scizor|Bullet Punch|p2a: Raging Bolt
|-resisted|p2a: Raging Bolt
|-damage|p2a: Raging Bolt|14/100
|move|p2a: Raging Bolt|Volt Switch|p1a: Scizor
|-damage|p1a: Scizor|0 fnt
|faint|p1a: Scizor
|
|t:|1743789844
|-end|p2a: Raging Bolt|Protosynthesis|[silent]
|switch|p2a: Darkrai|Darkrai|91/100|[from] Volt Switch
|
|upkeep
|
|t:|1743789848
|switch|p1a: Raikou|Raikou|100/100
|turn|18
|
|t:|1743789854
|switch|p2a: Raging Bolt|Raging Bolt|14/100
|move|p1a: Raikou|Thunderbolt|p2a: Raging Bolt
|-resisted|p2a: Raging Bolt
|-damage|p2a: Raging Bolt|9/100
|
|upkeep
|turn|19
|
|t:|1743789859
|move|p2a: Raging Bolt|Thunderclap|p1a: Raikou
|-resisted|p1a: Raikou
|-damage|p1a: Raikou|78/100
|move|p1a: Raikou|Thunderbolt|p2a: Raging Bolt
|-resisted|p2a: Raging Bolt
|-damage|p2a: Raging Bolt|2/100
|
|upkeep
|turn|20
|
|t:|1743789865
|move|p2a: Raging Bolt|Thunderclap|p1a: Raikou
|-resisted|p1a: Raikou
|-damage|p1a: Raikou|56/100
|move|p1a: Raikou|Thunderbolt|p2a: Raging Bolt
|-resisted|p2a: Raging Bolt
|-damage|p2a: Raging Bolt|0 fnt
|faint|p2a: Raging Bolt
|-end|p2a: Raging Bolt|Protosynthesis|[silent]
|
|upkeep
|
|t:|1743789869
|switch|p2a: Darkrai|Darkrai|91/100
|turn|21
|
|t:|1743789873
|move|p1a: Raikou|Thunderbolt|p2a: Darkrai
|-damage|p2a: Darkrai|35/100
|move|p2a: Darkrai|Dark Pulse|p1a: Raikou
|-damage|p1a: Raikou|0 fnt
|faint|p1a: Raikou
|-damage|p2a: Darkrai|25/100|[from] item: Life Orb
|
|upkeep
|
|t:|1743789876
|switch|p1a: Clodsire|Clodsire, M|100/100
|turn|22
|
|t:|1743789879
|move|p2a: Darkrai|Taunt|p1a: Clodsire
|-start|p1a: Clodsire|move: Taunt
|cant|p1a: Clodsire|move: Taunt|Toxic
|
|upkeep
|turn|23
|
|t:|1743789885
|move|p2a: Darkrai|Ice Beam|p1a: Clodsire
|-supereffective|p1a: Clodsire
|-damage|p1a: Clodsire|54/100
|-damage|p2a: Darkrai|15/100|[from] item: Life Orb
|move|p1a: Clodsire|Earthquake|p2a: Darkrai
|-damage|p2a: Darkrai|0 fnt
|faint|p2a: Darkrai
|
|-heal|p1a: Clodsire|60/100|[from] item: Black Sludge
|upkeep
|
|t:|1743789891
|switch|p2a: Empoleon|Empoleon, F|100/100
|turn|24
|
|t:|1743789895
|move|p2a: Empoleon|Surf|p1a: Clodsire
|-heal|p1a: Clodsire|85/100|[from] ability: Water Absorb|[of] p2a: Empoleon
|move|p1a: Clodsire|Earthquake|p2a: Empoleon
|-supereffective|p2a: Empoleon
|-damage|p2a: Empoleon|49/100
|
|-heal|p2a: Empoleon|55/100|[from] item: Leftovers
|-heal|p1a: Clodsire|91/100|[from] item: Black Sludge
|-end|p1a: Clodsire|move: Taunt
|upkeep
|turn|25
|
|t:|1743789901
|move|p2a: Empoleon|Steel Beam|p1a: Clodsire
|-damage|p1a: Clodsire|62/100
|-damage|p2a: Empoleon|5/100|[from] steelbeam
|move|p1a: Clodsire|Earthquake|p2a: Empoleon
|-supereffective|p2a: Empoleon
|-damage|p2a: Empoleon|0 fnt
|faint|p2a: Empoleon
|
|win|anwar001
|raw|anwar001's rating: 1348 &rarr; <strong>1368</strong><br />(+20 for winning)
|raw|OREOOREGO's rating: 1343 &rarr; <strong>1323</strong><br />(-20 for losing)
|c|☆OREOOREGO|gg
|l|☆anwar001
|player|p1|
|l|☆OREOOREGO
|player|p2|
