|j|☆mansonabuluting
|j|☆Amphibi
|t:|1743863402
|gametype|singles
|player|p1|mansonabuluting|169|1599
|player|p2|Amphibi|acetrainer-gen4dp|1618
|teamsize|p1|6
|teamsize|p2|6
|gen|9
|tier|[Gen 9] OU
|rated|
|rule|HP Percentage Mod: HP is shown in percentages
|rule|Endless Battle Clause: Forcing endless battles is banned
|rule|Species Clause: Limit one of each Pokémon
|rule|OHKO Clause: OHKO moves are banned
|rule|Evasion Items Clause: Evasion items are banned
|rule|Evasion Moves Clause: Evasion moves are banned
|rule|Sleep Moves Clause: Sleep-inducing moves are banned
|clearpoke
|poke|p1|Volcanion|
|poke|p1|Rillaboom, F|
|poke|p1|Hawlucha, M|
|poke|p1|Goodra-Hisui, F|
|poke|p1|Thundurus-Therian, M|
|poke|p1|Great Tusk|
|poke|p2|Raging Bolt|
|poke|p2|Enamorus, F|
|poke|p2|Araquanid, F|
|poke|p2|Zamazenta-*|
|poke|p2|Pecharunt|
|poke|p2|Darkrai|
|teampreview
|inactive|Battle timer is ON: inactive players will automatically lose when time's up. (requested by mansonabuluting)
|
|t:|1743863430
|start
|switch|p1a: Rillaboom|Rillaboom, F|100/100
|switch|p2a: Raging Bolt|Raging Bolt|100/100
|-fieldstart|move: Grassy Terrain|[from] ability: Grassy Surge|[of] p1a: Rillaboom
|turn|1
|
|t:|1743863443
|switch|p1a: Goodra|Goodra-Hisui, F|100/100
|move|p2a: Raging Bolt|Dragon Pulse|p1a: Goodra
|-damage|p1a: Goodra|79/100
|
|-heal|p1a: Goodra|85/100|[from] Grassy Terrain
|upkeep
|turn|2
|
|t:|1743863449
|move|p2a: Raging Bolt|Volt Switch|p1a: Goodra
|-resisted|p1a: Goodra
|-damage|p1a: Goodra|76/100
|
|t:|1743863459
|-end|p2a: Raging Bolt|Protosynthesis|[silent]
|switch|p2a: Araquanid|Araquanid, F|100/100|[from] Volt Switch
|move|p1a: Goodra|Draco Meteor|p2a: Araquanid
|-damage|p2a: Araquanid|49/100
|-unboost|p1a: Goodra|spa|2
|
|-heal|p1a: Goodra|82/100|[from] Grassy Terrain
|-heal|p2a: Araquanid|55/100|[from] Grassy Terrain
|upkeep
|turn|3
|
|t:|1743863474
|switch|p1a: Rillaboom|Rillaboom, F|100/100
|move|p2a: Araquanid|Sticky Web|p1a: Rillaboom
|-sidestart|p1: mansonabuluting|move: Sticky Web
|
|-heal|p2a: Araquanid|61/100|[from] Grassy Terrain
|upkeep
|turn|4
|
|t:|1743863483
|switch|p2a: Pecharunt|Pecharunt|100/100
|move|p1a: Rillaboom|Wood Hammer|p2a: Pecharunt
|-resisted|p2a: Pecharunt
|-damage|p2a: Pecharunt|52/100
|-damage|p1a: Rillaboom|88/100|[from] Recoil
|
|-heal|p2a: Pecharunt|58/100|[from] Grassy Terrain
|-heal|p1a: Rillaboom|94/100|[from] Grassy Terrain
|upkeep
|turn|5
|
|t:|1743863498
|switch|p1a: Volcanion|Volcanion|100/100
|-activate|p1a: Volcanion|move: Sticky Web
|-unboost|p1a: Volcanion|spe|1
|move|p2a: Pecharunt|Nasty Plot|p2a: Pecharunt
|-boost|p2a: Pecharunt|spa|2
|
|-heal|p2a: Pecharunt|64/100|[from] Grassy Terrain
|-fieldend|move: Grassy Terrain
|upkeep
|turn|6
|
|t:|1743863507
|move|p2a: Pecharunt|Malignant Chain|p1a: Volcanion
|-damage|p1a: Volcanion|19/100
|-status|p1a: Volcanion|tox
|-start|p1a: Volcanion|confusion|[from] ability: Poison Puppeteer|[of] p2a: Pecharunt
|-activate|p1a: Volcanion|confusion
|-damage|p1a: Volcanion|12/100 tox|[from] confusion
|
|-damage|p1a: Volcanion|6/100 tox|[from] psn
|upkeep
|turn|7
|
|t:|1743863522
|move|p2a: Pecharunt|Shadow Ball|p1a: Volcanion
|-damage|p1a: Volcanion|0 fnt
|faint|p1a: Volcanion
|
|upkeep
|
|t:|1743863537
|switch|p1a: Thundurus|Thundurus-Therian, M|100/100
|turn|8
|
|t:|1743863549
|move|p1a: Thundurus|Volt Switch|p2a: Pecharunt
|-damage|p2a: Pecharunt|13/100
|
|t:|1743863553
|switch|p1a: Goodra|Goodra-Hisui, F|82/100|[from] Volt Switch
|-activate|p1a: Goodra|move: Sticky Web
|-unboost|p1a: Goodra|spe|1
|move|p2a: Pecharunt|Shadow Ball|p1a: Goodra
|-crit|p1a: Goodra
|-damage|p1a: Goodra|40/100
|
|upkeep
|turn|9
|
|t:|1743863565
|move|p2a: Pecharunt|Shadow Ball|p1a: Goodra
|-damage|p1a: Goodra|13/100
|-unboost|p1a: Goodra|spd|1
|move|p1a: Goodra|Flash Cannon|p2a: Pecharunt
|-damage|p2a: Pecharunt|0 fnt
|faint|p2a: Pecharunt
|
|upkeep
|inactive|Amphibi has 120 seconds left.
|
|t:|1743863596
|switch|p2a: Enamorus|Enamorus, F|100/100
|turn|10
|inactive|Amphibi has 120 seconds left.
|
|t:|1743863603
|move|p2a: Enamorus|Moonblast|p1a: Goodra
|-damage|p1a: Goodra|0 fnt
|faint|p1a: Goodra
|
|upkeep
|
|t:|1743863610
|switch|p1a: Thundurus|Thundurus-Therian, M|100/100
|turn|11
|
|t:|1743863615
|move|p1a: Thundurus|Volt Switch|p2a: Enamorus
|-supereffective|p2a: Enamorus
|-damage|p2a: Enamorus|0 fnt
|faint|p2a: Enamorus
|
|t:|1743863622
|switch|p1a: Rillaboom|Rillaboom, F|94/100|[from] Volt Switch
|-activate|p1a: Rillaboom|move: Sticky Web
|-unboost|p1a: Rillaboom|spe|1
|-fieldstart|move: Grassy Terrain|[from] ability: Grassy Surge|[of] p1a: Rillaboom
|
|-heal|p1a: Rillaboom|100/100|[from] Grassy Terrain
|upkeep
|
|t:|1743863635
|switch|p2a: Zamazenta|Zamazenta|100/100
|-ability|p2a: Zamazenta|Dauntless Shield|boost
|-boost|p2a: Zamazenta|def|1
|turn|12
|
|t:|1743863646
|switch|p1a: Thundurus|Thundurus-Therian, M|100/100
|-terastallize|p2a: Zamazenta|Poison
|move|p2a: Zamazenta|Iron Defense|p2a: Zamazenta
|-boost|p2a: Zamazenta|def|2
|
|upkeep
|turn|13
|
|t:|1743863665
|move|p1a: Thundurus|Volt Switch|p2a: Zamazenta
|-damage|p2a: Zamazenta|60/100
|
|t:|1743863668
|switch|p1a: Great Tusk|Great Tusk|100/100|[from] Volt Switch
|-activate|p1a: Great Tusk|move: Sticky Web
|-unboost|p1a: Great Tusk|spe|1
|move|p2a: Zamazenta|Body Press|p1a: Great Tusk
|-damage|p1a: Great Tusk|53/100
|-damage|p2a: Zamazenta|44/100|[from] item: Rocky Helmet|[of] p1a: Great Tusk
|
|-heal|p2a: Zamazenta|50/100|[from] Grassy Terrain
|-heal|p2a: Zamazenta|56/100|[from] item: Leftovers
|-heal|p1a: Great Tusk|60/100|[from] Grassy Terrain
|upkeep
|turn|14
|
|t:|1743863686
|move|p2a: Zamazenta|Iron Defense|p2a: Zamazenta
|-boost|p2a: Zamazenta|def|2
|move|p1a: Great Tusk|Stealth Rock|p2a: Zamazenta
|-sidestart|p2: Amphibi|move: Stealth Rock
|
|-heal|p2a: Zamazenta|62/100|[from] Grassy Terrain
|-heal|p2a: Zamazenta|68/100|[from] item: Leftovers
|-heal|p1a: Great Tusk|66/100|[from] Grassy Terrain
|upkeep
|turn|15
|
|t:|1743863693
|move|p2a: Zamazenta|Body Press|p1a: Great Tusk
|-damage|p1a: Great Tusk|1/100
|-damage|p2a: Zamazenta|52/100|[from] item: Rocky Helmet|[of] p1a: Great Tusk
|move|p1a: Great Tusk|Headlong Rush|p2a: Zamazenta
|-supereffective|p2a: Zamazenta
|-damage|p2a: Zamazenta|30/100
|-unboost|p1a: Great Tusk|def|1
|-unboost|p1a: Great Tusk|spd|1
|
|-heal|p2a: Zamazenta|36/100|[from] Grassy Terrain
|-heal|p2a: Zamazenta|42/100|[from] item: Leftovers
|-heal|p1a: Great Tusk|7/100|[from] Grassy Terrain
|-fieldend|move: Grassy Terrain
|upkeep
|turn|16
|
|t:|1743863708
|move|p2a: Zamazenta|Body Press|p1a: Great Tusk
|-damage|p1a: Great Tusk|0 fnt
|-damage|p2a: Zamazenta|25/100|[from] item: Rocky Helmet|[of] p1a: Great Tusk
|faint|p1a: Great Tusk
|-end|p1a: Great Tusk|Protosynthesis|[silent]
|
|-heal|p2a: Zamazenta|32/100|[from] item: Leftovers
|upkeep
|
|t:|1743863712
|switch|p1a: Thundurus|Thundurus-Therian, M|100/100
|turn|17
|
|t:|1743863716
|move|p1a: Thundurus|Volt Switch|p2a: Zamazenta
|-damage|p2a: Zamazenta|0 fnt
|faint|p2a: Zamazenta
|
|t:|1743863720
|switch|p1a: Rillaboom|Rillaboom, F|100/100|[from] Volt Switch
|-activate|p1a: Rillaboom|move: Sticky Web
|-unboost|p1a: Rillaboom|spe|1
|-fieldstart|move: Grassy Terrain|[from] ability: Grassy Surge|[of] p1a: Rillaboom
|
|upkeep
|
|t:|1743863732
|switch|p2a: Raging Bolt|Raging Bolt|100/100
|-damage|p2a: Raging Bolt|88/100|[from] Stealth Rock
|turn|18
|j| linkin_at
|
|t:|1743863746
|move|p2a: Raging Bolt|Dragon Pulse|p1a: Rillaboom
|-damage|p1a: Rillaboom|46/100
|move|p1a: Rillaboom|Wood Hammer|p2a: Raging Bolt
|-resisted|p2a: Raging Bolt
|-damage|p2a: Raging Bolt|36/100
|-damage|p1a: Rillaboom|27/100|[from] Recoil
|
|-heal|p2a: Raging Bolt|42/100|[from] Grassy Terrain
|-heal|p1a: Rillaboom|33/100|[from] Grassy Terrain
|upkeep
|turn|19
|
|t:|1743863756
|switch|p1a: Thundurus|Thundurus-Therian, M|100/100
|move|p2a: Raging Bolt|Dragon Pulse|p1a: Thundurus
|-damage|p1a: Thundurus|34/100
|
|-heal|p2a: Raging Bolt|48/100|[from] Grassy Terrain
|upkeep
|turn|20
|
|t:|1743863763
|move|p1a: Thundurus|Tera Blast|p2a: Raging Bolt
|-damage|p2a: Raging Bolt|30/100
|move|p2a: Raging Bolt|Dragon Pulse|p1a: Thundurus
|-damage|p1a: Thundurus|0 fnt
|faint|p1a: Thundurus
|
|-heal|p2a: Raging Bolt|37/100|[from] Grassy Terrain
|upkeep
|
|t:|1743863769
|switch|p1a: Hawlucha|Hawlucha, M|100/100
|-enditem|p1a: Hawlucha|Grassy Seed
|-boost|p1a: Hawlucha|def|1|[from] item: Grassy Seed
|turn|21
|
|t:|1743863776
|move|p1a: Hawlucha|Substitute|p1a: Hawlucha
|-start|p1a: Hawlucha|Substitute
|-damage|p1a: Hawlucha|76/100
|move|p2a: Raging Bolt|Dragon Pulse|p1a: Hawlucha
|-end|p1a: Hawlucha|Substitute
|
|-heal|p2a: Raging Bolt|43/100|[from] Grassy Terrain
|-fieldend|move: Grassy Terrain
|upkeep
|turn|22
|
|t:|1743863782
|move|p1a: Hawlucha|Close Combat|p2a: Raging Bolt
|-crit|p2a: Raging Bolt
|-damage|p2a: Raging Bolt|0 fnt
|-unboost|p1a: Hawlucha|def|1
|-unboost|p1a: Hawlucha|spd|1
|faint|p2a: Raging Bolt
|-end|p2a: Raging Bolt|Protosynthesis|[silent]
|
|upkeep
|c|☆mansonabuluting|that didnt matter
|
|t:|1743863809
|switch|p2a: Araquanid|Araquanid, F|61/100
|-damage|p2a: Araquanid|36/100|[from] Stealth Rock
|turn|23
|
|t:|1743863813
|switch|p2a: Darkrai|Darkrai|100/100
|-damage|p2a: Darkrai|88/100|[from] Stealth Rock
|move|p1a: Hawlucha|Acrobatics|p2a: Darkrai
|-damage|p2a: Darkrai|19/100
|
|upkeep
|turn|24
|
|t:|1743863819
|-terastallize|p1a: Hawlucha|Steel
|move|p1a: Hawlucha|Acrobatics|p2a: Darkrai
|-damage|p2a: Darkrai|0 fnt
|faint|p2a: Darkrai
|
|upkeep
|
|t:|1743863821
|switch|p2a: Araquanid|Araquanid, F|36/100
|-damage|p2a: Araquanid|11/100|[from] Stealth Rock
|turn|25
|-enditem|p2a: Araquanid|Custap Berry|[eat]
|-activate|p2a: Araquanid|item: Custap Berry|[consumed]
|
|t:|1743863824
|move|p2a: Araquanid|Surf|p1a: Hawlucha
|-damage|p1a: Hawlucha|0 fnt
|faint|p1a: Hawlucha
|
|upkeep
|
|t:|1743863828
|switch|p1a: Rillaboom|Rillaboom, F|33/100
|-activate|p1a: Rillaboom|move: Sticky Web
|-unboost|p1a: Rillaboom|spe|1
|-fieldstart|move: Grassy Terrain|[from] ability: Grassy Surge|[of] p1a: Rillaboom
|turn|26
|
|t:|1743863832
|move|p1a: Rillaboom|Grassy Glide|p2a: Araquanid
|-damage|p2a: Araquanid|0 fnt
|faint|p2a: Araquanid
|
|win|mansonabuluting
|raw|mansonabuluting's rating: 1599 &rarr; <strong>1620</strong><br />(+21 for winning)
|raw|Amphibi's rating: 1618 &rarr; <strong>1597</strong><br />(-21 for losing)
|l|☆Amphibi
|player|p2|
|l|☆mansonabuluting
|player|p1|
|l| linkin_at
