|j|☆Mfavela42
|j|☆showup downfall
|t:|1743916255
|gametype|singles
|player|p1|Mfavela42|byron|1062
|player|p2|showup downfall|hilbert|1122
|teamsize|p1|6
|teamsize|p2|6
|gen|9
|tier|[Gen 9] OU
|rated|
|rule|HP Percentage Mod: HP is shown in percentages
|rule|Endless Battle Clause: Forcing endless battles is banned
|rule|Species Clause: Limit one of each Pokémon
|rule|OHKO Clause: OHKO moves are banned
|rule|Evasion Items Clause: Evasion items are banned
|rule|Evasion Moves Clause: Evasion moves are banned
|rule|Sleep Moves Clause: Sleep-inducing moves are banned
|clearpoke
|poke|p1|Overqwil, F|
|poke|p1|Kleavor, F|
|poke|p1|Wo-Chien|
|poke|p1|Galvantula, F|
|poke|p1|Dragonite, M|
|poke|p1|Starly, L5, F|
|poke|p2|Samurott-Hisui, F|
|poke|p2|Mandibuzz, F|
|poke|p2|Mamoswine, M|
|poke|p2|Infernape, F|
|poke|p2|Grimmsnarl, M|
|poke|p2|Kyurem|
|teampreview
|inactive|Battle timer is ON: inactive players will automatically lose when time's up. (requested by showup downfall)
|
|t:|1743916312
|start
|switch|p1a: Galvantula|Galvantula, F|100/100
|switch|p2a: reliable|Mamoswine, M|100/100
|-item|p1a: Galvantula|Air Balloon
|turn|1
|inactive|showup downfall has 120 seconds left.
|
|t:|1743916353
|move|p1a: Galvantula|Sticky Web|p2a: reliable
|-sidestart|p2: showup downfall|move: Sticky Web
|move|p2a: reliable|Rock Tomb|p1a: Galvantula
|-supereffective|p1a: Galvantula
|-crit|p1a: Galvantula
|-damage|p1a: Galvantula|0 fnt
|-enditem|p1a: Galvantula|Air Balloon
|faint|p1a: Galvantula
|
|upkeep
|
|t:|1743916360
|switch|p1a: Starly|Starly, L5, F|100/100
|turn|2
|inactive|showup downfall has 120 seconds left.
|inactive|showup downfall has 90 seconds left.
|
|t:|1743916422
|move|p2a: reliable|Icicle Crash|p1a: Starly
|-supereffective|p1a: Starly
|-enditem|p1a: Starly|Focus Sash
|-damage|p1a: Starly|5/100
|move|p1a: Starly|Endeavor|p2a: reliable
|-damage|p2a: reliable|1/100
|
|upkeep
|turn|3
|
|t:|1743916434
|move|p2a: reliable|Ice Shard|p1a: Starly
|-supereffective|p1a: Starly
|-damage|p1a: Starly|0 fnt
|faint|p1a: Starly
|
|upkeep
|
|t:|1743916437
|switch|p1a: Dragonite|Dragonite, M|100/100
|turn|4
|
|t:|1743916446
|switch|p2a: Grimmsnarl|Grimmsnarl, M|100/100
|-activate|p2a: Grimmsnarl|move: Sticky Web
|-unboost|p2a: Grimmsnarl|spe|1
|move|p1a: Dragonite|Extreme Speed|p2a: Grimmsnarl
|-damage|p2a: Grimmsnarl|60/100
|
|upkeep
|turn|5
|
|t:|1743916458
|move|p2a: Grimmsnarl|Reflect|p2a: Grimmsnarl
|-sidestart|p2: showup downfall|Reflect
|move|p1a: Dragonite|Dragon Dance|p1a: Dragonite
|-boost|p1a: Dragonite|atk|1
|-boost|p1a: Dragonite|spe|1
|
|upkeep
|turn|6
|
|t:|1743916463
|move|p1a: Dragonite|Encore|p2a: Grimmsnarl
|-start|p2a: Grimmsnarl|Encore
|move|p2a: Grimmsnarl|Reflect||[still]
|-fail|p2a: Grimmsnarl
|
|upkeep
|turn|7
|
|t:|1743916467
|switch|p2a: Mandibuzz|Mandibuzz, F|100/100
|move|p1a: Dragonite|Dragon Dance|p1a: Dragonite
|-boost|p1a: Dragonite|atk|1
|-boost|p1a: Dragonite|spe|1
|
|upkeep
|turn|8
|
|t:|1743916474
|move|p1a: Dragonite|Dragon Dance|p1a: Dragonite
|-boost|p1a: Dragonite|atk|1
|-boost|p1a: Dragonite|spe|1
|move|p2a: Mandibuzz|Foul Play|p1a: Dragonite
|-damage|p1a: Dragonite|20/100
|-enditem|p1a: Dragonite|Figy Berry|[eat]
|-heal|p1a: Dragonite|53/100|[from] item: Figy Berry
|
|upkeep
|turn|9
|
|t:|1743916495
|move|p1a: Dragonite|Outrage|p2a: Mandibuzz
|-damage|p2a: Mandibuzz|45/100
|move|p2a: Mandibuzz|Foul Play|p1a: Dragonite
|-damage|p1a: Dragonite|0 fnt
|faint|p1a: Dragonite
|
|upkeep
|
|t:|1743916503
|switch|p1a: Kleavor|Kleavor, F|100/100
|turn|10
|
|t:|1743916513
|switch|p2a: Samurott|Samurott-Hisui, F|100/100
|-activate|p2a: Samurott|move: Sticky Web
|-unboost|p2a: Samurott|spe|1
|move|p1a: Kleavor|Stone Axe|p2a: Samurott
|-damage|p2a: Samurott|67/100
|-sidestart|p2: showup downfall|move: Stealth Rock
|
|upkeep
|turn|11
|
|t:|1743916527
|switch|p1a: Wo-Chien|Wo-Chien|100/100
|-ability|p1a: Wo-Chien|Tablets of Ruin
|move|p2a: Samurott|Razor Shell|p1a: Wo-Chien
|-resisted|p1a: Wo-Chien
|-damage|p1a: Wo-Chien|82/100
|
|-heal|p1a: Wo-Chien|88/100|[from] item: Leftovers
|upkeep
|turn|12
|inactive|Mfavela42 has 120 seconds left.
|
|t:|1743916559
|switch|p2a: Mandibuzz|Mandibuzz, F|45/100
|move|p1a: Wo-Chien|Leech Seed|p2a: Mandibuzz
|-start|p2a: Mandibuzz|move: Leech Seed
|
|-heal|p1a: Wo-Chien|94/100|[from] item: Leftovers
|-damage|p2a: Mandibuzz|33/100|[from] Leech Seed|[of] p1a: Wo-Chien
|-heal|p1a: Wo-Chien|100/100|[silent]
|-sideend|p2: showup downfall|Reflect
|upkeep
|turn|13
|inactive|showup downfall has 90 seconds left.
|
|t:|1743916594
|move|p2a: Mandibuzz|Roost|p2a: Mandibuzz
|-heal|p2a: Mandibuzz|83/100
|-singleturn|p2a: Mandibuzz|move: Roost
|move|p1a: Wo-Chien|Ruination|p2a: Mandibuzz
|-damage|p2a: Mandibuzz|42/100
|
|-damage|p2a: Mandibuzz|30/100|[from] Leech Seed|[of] p1a: Wo-Chien
|upkeep
|turn|14
|inactive|Mfavela42 has 120 seconds left.
|l|☆Mfavela42
|inactive|Mfavela42 disconnected and has a minute to reconnect!
|player|p1|
|inactive|Mfavela42 has 30 seconds to reconnect!
|inactive|Mfavela42 has 20 seconds to reconnect!
|inactive|Mfavela42 has 15 seconds to reconnect!
|inactive|Mfavela42 has 10 seconds to reconnect!
|inactive|Mfavela42 has 5 seconds to reconnect!
|-message|Mfavela42 lost due to inactivity.
|
|win|showup downfall
|raw|Mfavela42's rating: 1062 &rarr; <strong>1046</strong><br />(-16 for losing)
|raw|showup downfall's rating: 1122 &rarr; <strong>1143</strong><br />(+21 for winning)
|l|☆showup downfall
|player|p2|
