|j|☆DarKnightPT
|j|☆Z-Pokemaster2000
|t:|1743877187
|gametype|singles
|player|p1|DarKnightPT|sabrina|
|player|p2|Z-Pokemaster2000|266|
|teamsize|p1|6
|teamsize|p2|6
|gen|9
|tier|[Gen 9] OU
|rule|HP Percentage Mod: HP is shown in percentages
|rule|Endless Battle Clause: Forcing endless battles is banned
|rule|Species Clause: Limit one of each Pokémon
|rule|OHKO Clause: OHKO moves are banned
|rule|Evasion Items Clause: Evasion items are banned
|rule|Evasion Moves Clause: Evasion moves are banned
|rule|Sleep Moves Clause: Sleep-inducing moves are banned
|clearpoke
|poke|p1|Gliscor, F|
|poke|p1|Umbreon, M|
|poke|p1|Pecharunt|
|poke|p1|Iron Crown|
|poke|p1|Alomomola, F|
|poke|p1|Hoopa-Unbound|
|poke|p2|Okidogi, M|
|poke|p2|Alcremie-Matcha-Cream, F|
|poke|p2|Grimmsnarl, M|
|poke|p2|Great Tusk|
|poke|p2|Hydrapple, F|
|poke|p2|Kingambit, M|
|teampreview
|inactive|Battle timer is ON: inactive players will automatically lose when time's up. (requested by Z-Pokemaster2000)
|c|☆Z-Pokemaster2000|Aight lets see how rusty you are
|
|t:|1743877210
|start
|switch|p1a: Iron Crown|Iron Crown|100/100
|switch|p2a: Okidogi|Okidogi, M|100/100
|turn|1
|
|t:|1743877227
|move|p1a: Iron Crown|Tachyon Cutter|p2a: Okidogi
|-damage|p2a: Okidogi|82/100
|-damage|p2a: Okidogi|65/100
|-hitcount|p2a: Okidogi|2
|move|p2a: Okidogi|Knock Off|p1a: Iron Crown
|-supereffective|p1a: Iron Crown
|-damage|p1a: Iron Crown|28/100
|-enditem|p1a: Iron Crown|Assault Vest|[from] move: Knock Off|[of] p2a: Okidogi
|
|upkeep
|turn|2
|
|t:|1743877236
|switch|p2a: Kingambit|Kingambit, M, shiny|100/100
|move|p1a: Iron Crown|Volt Switch|p2a: Kingambit
|-damage|p2a: Kingambit|84/100
|
|t:|1743877244
|-end|p1a: Iron Crown|Quark Drive|[silent]
|switch|p1a: Alomomola|Alomomola, F|100/100|[from] Volt Switch
|
|-heal|p2a: Kingambit|91/100|[from] item: Leftovers
|upkeep
|turn|3
|c|☆Z-Pokemaster2000|You dont have a psychic move on that iron crown
|c|☆Z-Pokemaster2000|Or if you do its future sight
|
|t:|1743877263
|-end|p2a: Kingambit|fallenundefined|[silent]
|switch|p2a: Okidogi|Okidogi, M|65/100
|move|p1a: Alomomola|Wish|p1a: Alomomola
|
|upkeep
|turn|4
|
|t:|1743877268
|move|p2a: Okidogi|Drain Punch|p1a: Alomomola
|-damage|p1a: Alomomola|80/100
|-heal|p2a: Okidogi|80/100|[from] drain|[of] p1a: Alomomola
|-damage|p2a: Okidogi|64/100|[from] item: Rocky Helmet|[of] p1a: Alomomola
|move|p1a: Alomomola|Flip Turn|p2a: Okidogi
|-damage|p2a: Okidogi|52/100
|
|t:|1743877271
|switch|p1a: Iron Crown|Iron Crown|28/100|[from] Flip Turn
|
|-heal|p1a: Iron Crown|100/100|[from] move: Wish|[wisher] Alomomola
|upkeep
|turn|5
|
|t:|1743877295
|switch|p2a: Hydrapple|Hydrapple, F, shiny|100/100
|move|p1a: Iron Crown|Tachyon Cutter|p2a: Hydrapple
|-damage|p2a: Hydrapple|77/100
|-damage|p2a: Hydrapple|52/100
|-hitcount|p2a: Hydrapple|2
|
|upkeep
|turn|6
|
|t:|1743877312
|switch|p2a: Kingambit|Kingambit, M, shiny|91/100
|move|p1a: Iron Crown|Tachyon Cutter|p2a: Kingambit
|-resisted|p2a: Kingambit
|-damage|p2a: Kingambit|82/100
|-resisted|p2a: Kingambit
|-damage|p2a: Kingambit|73/100
|-hitcount|p2a: Kingambit|2
|
|-heal|p2a: Kingambit|79/100|[from] item: Leftovers
|upkeep
|turn|7
|
|t:|1743877317
|move|p2a: Kingambit|Sucker Punch|p1a: Iron Crown
|-supereffective|p1a: Iron Crown
|-damage|p1a: Iron Crown|29/100
|move|p1a: Iron Crown|Volt Switch|p2a: Kingambit
|-damage|p2a: Kingambit|60/100
|
|t:|1743877325
|-end|p1a: Iron Crown|Quark Drive|[silent]
|switch|p1a: Alomomola|Alomomola, F|100/100|[from] Volt Switch
|
|-heal|p2a: Kingambit|66/100|[from] item: Leftovers
|upkeep
|turn|8
|
|t:|1743877330
|move|p2a: Kingambit|Swords Dance|p2a: Kingambit
|-boost|p2a: Kingambit|atk|2
|move|p1a: Alomomola|Flip Turn|p2a: Kingambit
|-damage|p2a: Kingambit|54/100
|
|t:|1743877336
|switch|p1a: Hoopa|Hoopa-Unbound|100/100|[from] Flip Turn
|
|-heal|p2a: Kingambit|60/100|[from] item: Leftovers
|upkeep
|turn|9
|
|t:|1743877342
|move|p2a: Kingambit|Sucker Punch|p1a: Hoopa
|-damage|p1a: Hoopa|0 fnt
|faint|p1a: Hoopa
|
|-heal|p2a: Kingambit|67/100|[from] item: Leftovers
|upkeep
|c|☆Z-Pokemaster2000|Dang
|c|☆DarKnightPT|damn, that ohkoes?
|
|t:|1743877352
|switch|p1a: Gliscor|Gliscor, F|100/100
|turn|10
|c|☆Z-Pokemaster2000|Gambit sayin we dont F around
|
|t:|1743877369
|move|p1a: Gliscor|Swords Dance|p1a: Gliscor
|-boost|p1a: Gliscor|atk|2
|move|p2a: Kingambit|Kowtow Cleave|p1a: Gliscor
|-damage|p1a: Gliscor|32/100
|
|-heal|p2a: Kingambit|73/100|[from] item: Leftovers
|-status|p1a: Gliscor|tox|[from] item: Toxic Orb
|upkeep
|turn|11
|
|t:|1743877384
|move|p2a: Kingambit|Sucker Punch|p1a: Gliscor
|-damage|p1a: Gliscor|0 fnt
|faint|p1a: Gliscor
|
|-heal|p2a: Kingambit|79/100|[from] item: Leftovers
|upkeep
|c|☆Z-Pokemaster2000|Come on DK
|
|t:|1743877392
|switch|p1a: Umbreon|Umbreon, M|100/100
|turn|12
|c|☆Z-Pokemaster2000|Dont get swept by 1 mon
|c|☆Z-Pokemaster2000|Youre better than that
|
|t:|1743877404
|move|p1a: Umbreon|Curse|p1a: Umbreon
|-unboost|p1a: Umbreon|spe|1
|-boost|p1a: Umbreon|atk|1
|-boost|p1a: Umbreon|def|1
|move|p2a: Kingambit|Iron Head|p1a: Umbreon
|-damage|p1a: Umbreon|61/100
|
|-heal|p2a: Kingambit|85/100|[from] item: Leftovers
|-heal|p1a: Umbreon|67/100|[from] item: Leftovers
|upkeep
|turn|13
|
|t:|1743877421
|move|p2a: Kingambit|Iron Head|p1a: Umbreon
|-damage|p1a: Umbreon|25/100
|cant|p1a: Umbreon|flinch
|
|-heal|p2a: Kingambit|92/100|[from] item: Leftovers
|-heal|p1a: Umbreon|31/100|[from] item: Leftovers
|upkeep
|turn|14
|c|☆Z-Pokemaster2000|...
|c|☆DarKnightPT|well
|c|☆DarKnightPT|gg
|
|t:|1743877434
|move|p2a: Kingambit|Iron Head|p1a: Umbreon
|-damage|p1a: Umbreon|0 fnt
|faint|p1a: Umbreon
|
|-heal|p2a: Kingambit|98/100|[from] item: Leftovers
|upkeep
|-message|DarKnightPT forfeited.
|
|win|Z-Pokemaster2000
|l|☆DarKnightPT
|player|p1|
