|j|☆justliam
|j|☆Ace_of_Stars02
|t:|1743881413
|gametype|singles
|player|p1|justliam|2|1464
|player|p2|Ace_of_Stars02|nate|1441
|teamsize|p1|6
|teamsize|p2|6
|gen|9
|tier|[Gen 9] OU
|rated|
|rule|HP Percentage Mod: HP is shown in percentages
|rule|Endless Battle Clause: Forcing endless battles is banned
|rule|Species Clause: Limit one of each Pokémon
|rule|OHKO Clause: OHKO moves are banned
|rule|Evasion Items Clause: Evasion items are banned
|rule|Evasion Moves Clause: Evasion moves are banned
|rule|Sleep Moves Clause: Sleep-inducing moves are banned
|clearpoke
|poke|p1|Deoxys-Speed|
|poke|p1|Great Tusk|
|poke|p1|Salazzle, F|
|poke|p1|Garganacl, F|
|poke|p1|Moltres|
|poke|p1|Goodra-Hisui, M|
|poke|p2|Snorlax, F|
|poke|p2|Sinistcha|
|poke|p2|Dragonite, F|
|poke|p2|Garganacl, M|
|poke|p2|Corviknight, M|
|poke|p2|Iron Valiant|
|teampreview
|inactive|Battle timer is ON: inactive players will automatically lose when time's up. (requested by Ace_of_Stars02)
|
|t:|1743881476
|start
|switch|p1a: Garganacl|Garganacl, F|100/100
|switch|p2a: Dragonite|Dragonite, F|100/100
|turn|1
|
|t:|1743881489
|move|p2a: Dragonite|Dragon Dance|p2a: Dragonite
|-boost|p2a: Dragonite|atk|1
|-boost|p2a: Dragonite|spe|1
|move|p1a: Garganacl|Salt Cure|p2a: Dragonite
|-supereffective|p2a: Dragonite
|-crit|p2a: Dragonite
|-damage|p2a: Dragonite|77/100
|-start|p2a: Dragonite|Salt Cure
|
|-damage|p2a: Dragonite|65/100|[from] Salt Cure
|upkeep
|turn|2
|
|t:|1743881498
|switch|p1a: Moltres|Moltres|100/100
|move|p2a: Dragonite|Earthquake|p1a: Moltres
|-immune|p1a: Moltres
|
|-damage|p2a: Dragonite|53/100|[from] Salt Cure
|upkeep
|turn|3
|
|t:|1743881507
|move|p2a: Dragonite|Scale Shot|p1a: Moltres|[miss]
|-miss|p2a: Dragonite|p1a: Moltres
|move|p1a: Moltres|Will-O-Wisp|p2a: Dragonite
|-status|p2a: Dragonite|brn
|
|-damage|p2a: Dragonite|46/100 brn|[from] brn
|-damage|p2a: Dragonite|34/100 brn|[from] Salt Cure
|upkeep
|turn|4
|
|t:|1743881523
|move|p2a: Dragonite|Dragon Dance|p2a: Dragonite
|-boost|p2a: Dragonite|atk|1
|-boost|p2a: Dragonite|spe|1
|move|p1a: Moltres|Roost||[still]
|-fail|p1a: Moltres|heal
|
|-damage|p2a: Dragonite|28/100 brn|[from] brn
|-damage|p2a: Dragonite|16/100 brn|[from] Salt Cure
|upkeep
|turn|5
|
|t:|1743881532
|move|p2a: Dragonite|Scale Shot|p1a: Moltres
|-damage|p1a: Moltres|90/100
|-damage|p1a: Moltres|80/100
|-damage|p1a: Moltres|70/100
|-damage|p1a: Moltres|60/100
|-damage|p1a: Moltres|50/100
|-hitcount|p1a: Moltres|5
|-unboost|p2a: Dragonite|def|1
|-boost|p2a: Dragonite|spe|1
|move|p1a: Moltres|Roost|p1a: Moltres
|-heal|p1a: Moltres|99/100
|-singleturn|p1a: Moltres|move: Roost
|
|-damage|p2a: Dragonite|9/100 brn|[from] brn
|-damage|p2a: Dragonite|0 fnt|[from] Salt Cure
|faint|p2a: Dragonite
|upkeep
|
|t:|1743881550
|switch|p2a: Garganacl|Garganacl, M|100/100
|turn|6
|
|t:|1743881569
|switch|p1a: Great Tusk|Great Tusk|100/100
|move|p2a: Garganacl|Salt Cure|p1a: Great Tusk
|-resisted|p1a: Great Tusk
|-damage|p1a: Great Tusk|98/100
|-start|p1a: Great Tusk|Salt Cure
|
|-damage|p1a: Great Tusk|85/100|[from] Salt Cure
|upkeep
|turn|7
|
|t:|1743881587
|switch|p2a: Corviknight|Corviknight, M|100/100
|-ability|p2a: Corviknight|Pressure
|move|p1a: Great Tusk|Close Combat|p2a: Corviknight
|-damage|p2a: Corviknight|66/100
|-unboost|p1a: Great Tusk|def|1
|-unboost|p1a: Great Tusk|spd|1
|-damage|p1a: Great Tusk|69/100|[from] item: Rocky Helmet|[of] p2a: Corviknight
|
|-damage|p1a: Great Tusk|57/100|[from] Salt Cure
|upkeep
|turn|8
|
|t:|1743881605
|-end|p1a: Great Tusk|Protosynthesis|[silent]
|switch|p1a: Moltres|Moltres|99/100
|move|p2a: Corviknight|U-turn|p1a: Moltres
|-resisted|p1a: Moltres
|-damage|p1a: Moltres|98/100
|
|t:|1743881610
|switch|p2a: Garganacl|Garganacl, M|100/100|[from] U-turn
|
|upkeep
|turn|9
|
|t:|1743881625
|switch|p1a: Great Tusk|Great Tusk|57/100
|move|p2a: Garganacl|Salt Cure|p1a: Great Tusk
|-resisted|p1a: Great Tusk
|-damage|p1a: Great Tusk|54/100
|-start|p1a: Great Tusk|Salt Cure
|
|-damage|p1a: Great Tusk|42/100|[from] Salt Cure
|upkeep
|turn|10
|
|t:|1743881634
|switch|p2a: Sinistcha|Sinistcha|100/100
|move|p1a: Great Tusk|Close Combat|p2a: Sinistcha
|-immune|p2a: Sinistcha
|
|-damage|p1a: Great Tusk|29/100|[from] Salt Cure
|upkeep
|turn|11
|
|t:|1743881646
|-end|p1a: Great Tusk|Protosynthesis|[silent]
|switch|p1a: Goodra|Goodra-Hisui, M|100/100
|switch|p2a: Corviknight|Corviknight, M|66/100
|-ability|p2a: Corviknight|Pressure
|
|upkeep
|turn|12
|
|t:|1743881654
|move|p2a: Corviknight|Body Press|p1a: Goodra
|-supereffective|p1a: Goodra
|-damage|p1a: Goodra|61/100
|move|p1a: Goodra|Knock Off|p2a: Corviknight
|-damage|p2a: Corviknight|54/100
|-damage|p1a: Goodra|45/100|[from] item: Rocky Helmet|[of] p2a: Corviknight
|-enditem|p2a: Corviknight|Rocky Helmet|[from] move: Knock Off|[of] p1a: Goodra
|
|upkeep
|turn|13
|
|t:|1743881673
|move|p2a: Corviknight|Roost|p2a: Corviknight
|-heal|p2a: Corviknight|100/100
|-singleturn|p2a: Corviknight|move: Roost
|move|p1a: Goodra|Flash Cannon|p2a: Corviknight
|-resisted|p2a: Corviknight
|-damage|p2a: Corviknight|87/100
|
|upkeep
|turn|14
|
|t:|1743881681
|switch|p1a: Moltres|Moltres|98/100
|move|p2a: Corviknight|Body Press|p1a: Moltres
|-resisted|p1a: Moltres
|-damage|p1a: Moltres|89/100
|-status|p2a: Corviknight|brn|[from] ability: Flame Body|[of] p1a: Moltres
|
|-damage|p2a: Corviknight|81/100 brn|[from] brn
|upkeep
|turn|15
|
|t:|1743881694
|switch|p2a: Garganacl|Garganacl, M|100/100
|move|p1a: Moltres|U-turn|p2a: Garganacl
|-damage|p2a: Garganacl|90/100
|
|t:|1743881705
|switch|p1a: Great Tusk|Great Tusk|29/100|[from] U-turn
|
|-heal|p2a: Garganacl|97/100|[from] item: Leftovers
|upkeep
|turn|16
|
|t:|1743881714
|move|p1a: Great Tusk|Close Combat|p2a: Garganacl
|-supereffective|p2a: Garganacl
|-damage|p2a: Garganacl|21/100
|-unboost|p1a: Great Tusk|def|1
|-unboost|p1a: Great Tusk|spd|1
|move|p2a: Garganacl|Salt Cure|p1a: Great Tusk
|-resisted|p1a: Great Tusk
|-damage|p1a: Great Tusk|26/100
|-start|p1a: Great Tusk|Salt Cure
|
|-heal|p2a: Garganacl|27/100|[from] item: Leftovers
|-damage|p1a: Great Tusk|13/100|[from] Salt Cure
|upkeep
|turn|17
|
|t:|1743881727
|-end|p1a: Great Tusk|Protosynthesis|[silent]
|switch|p1a: Salazzle|Salazzle, F|100/100
|-terastallize|p2a: Garganacl|Ghost
|move|p2a: Garganacl|Recover|p2a: Garganacl
|-heal|p2a: Garganacl|77/100
|
|-heal|p2a: Garganacl|83/100|[from] item: Leftovers
|upkeep
|turn|18
|
|t:|1743881743
|switch|p1a: Goodra|Goodra-Hisui, M|45/100
|move|p2a: Garganacl|Salt Cure|p1a: Goodra
|-resisted|p1a: Goodra
|-damage|p1a: Goodra|40/100
|-start|p1a: Goodra|Salt Cure
|
|-heal|p2a: Garganacl|89/100|[from] item: Leftovers
|-damage|p1a: Goodra|16/100|[from] Salt Cure
|upkeep
|turn|19
|
|t:|1743881752
|move|p1a: Goodra|Draco Meteor|p2a: Garganacl
|-damage|p2a: Garganacl|54/100
|-unboost|p1a: Goodra|spa|2
|move|p2a: Garganacl|Recover|p2a: Garganacl
|-heal|p2a: Garganacl|100/100
|
|-damage|p1a: Goodra|0 fnt|[from] Salt Cure
|faint|p1a: Goodra
|upkeep
|
|t:|1743881775
|switch|p1a: Garganacl|Garganacl, F|100/100
|turn|20
|
|t:|1743881779
|move|p1a: Garganacl|Salt Cure|p2a: Garganacl
|-damage|p2a: Garganacl|91/100
|-start|p2a: Garganacl|Salt Cure
|move|p2a: Garganacl|Salt Cure|p1a: Garganacl
|-damage|p1a: Garganacl|91/100
|-start|p1a: Garganacl|Salt Cure
|
|-heal|p1a: Garganacl|98/100|[from] item: Leftovers
|-heal|p2a: Garganacl|97/100|[from] item: Leftovers
|-damage|p1a: Garganacl|85/100|[from] Salt Cure
|-damage|p2a: Garganacl|84/100|[from] Salt Cure
|upkeep
|turn|21
|
|t:|1743881791
|move|p1a: Garganacl|Stealth Rock|p2a: Garganacl
|-sidestart|p2: Ace_of_Stars02|move: Stealth Rock
|move|p2a: Garganacl|Iron Defense|p2a: Garganacl
|-boost|p2a: Garganacl|def|2
|
|-heal|p1a: Garganacl|91/100|[from] item: Leftovers
|-heal|p2a: Garganacl|91/100|[from] item: Leftovers
|-damage|p1a: Garganacl|79/100|[from] Salt Cure
|-damage|p2a: Garganacl|78/100|[from] Salt Cure
|upkeep
|turn|22
|
|t:|1743881800
|switch|p1a: Moltres|Moltres|89/100
|move|p2a: Garganacl|Iron Defense|p2a: Garganacl
|-boost|p2a: Garganacl|def|2
|
|-heal|p2a: Garganacl|84/100|[from] item: Leftovers
|-damage|p2a: Garganacl|72/100|[from] Salt Cure
|upkeep
|turn|23
|
|t:|1743881810
|move|p1a: Moltres|U-turn|p2a: Garganacl
|-resisted|p2a: Garganacl
|-damage|p2a: Garganacl|71/100
|
|t:|1743881813
|switch|p1a: Garganacl|Garganacl, F|79/100|[from] U-turn
|move|p2a: Garganacl|Salt Cure|p1a: Garganacl
|-damage|p1a: Garganacl|69/100
|-start|p1a: Garganacl|Salt Cure
|
|-heal|p1a: Garganacl|75/100|[from] item: Leftovers
|-heal|p2a: Garganacl|77/100|[from] item: Leftovers
|-damage|p1a: Garganacl|63/100|[from] Salt Cure
|-damage|p2a: Garganacl|64/100|[from] Salt Cure
|upkeep
|turn|24
|
|t:|1743881825
|switch|p1a: Moltres|Moltres|89/100
|move|p2a: Garganacl|Body Press|p1a: Moltres
|-resisted|p1a: Moltres
|-damage|p1a: Moltres|64/100
|
|-heal|p2a: Garganacl|71/100|[from] item: Leftovers
|-damage|p2a: Garganacl|58/100|[from] Salt Cure
|upkeep
|turn|25
|
|t:|1743881835
|move|p1a: Moltres|Flamethrower|p2a: Garganacl
|-damage|p2a: Garganacl|34/100
|move|p2a: Garganacl|Salt Cure|p1a: Moltres
|-supereffective|p1a: Moltres
|-damage|p1a: Moltres|26/100
|-start|p1a: Moltres|Salt Cure
|
|-heal|p2a: Garganacl|40/100|[from] item: Leftovers
|-damage|p1a: Moltres|13/100|[from] Salt Cure
|-damage|p2a: Garganacl|27/100|[from] Salt Cure
|upkeep
|turn|26
|
|t:|1743881845
|move|p1a: Moltres|Flamethrower|p2a: Garganacl
|-damage|p2a: Garganacl|4/100
|move|p2a: Garganacl|Recover|p2a: Garganacl
|-heal|p2a: Garganacl|54/100
|
|-heal|p2a: Garganacl|60/100|[from] item: Leftovers
|-damage|p1a: Moltres|1/100|[from] Salt Cure
|-damage|p2a: Garganacl|48/100|[from] Salt Cure
|upkeep
|turn|27
|
|t:|1743881855
|move|p1a: Moltres|Flamethrower|p2a: Garganacl
|-damage|p2a: Garganacl|21/100
|move|p2a: Garganacl|Recover|p2a: Garganacl
|-heal|p2a: Garganacl|71/100
|
|-heal|p2a: Garganacl|77/100|[from] item: Leftovers
|-damage|p1a: Moltres|0 fnt|[from] Salt Cure
|faint|p1a: Moltres
|-damage|p2a: Garganacl|65/100|[from] Salt Cure
|upkeep
|
|t:|1743881860
|switch|p1a: Deoxys|Deoxys-Speed|100/100
|-ability|p1a: Deoxys|Pressure
|turn|28
|
|t:|1743881876
|switch|p2a: Corviknight|Corviknight, M|81/100 brn
|-damage|p2a: Corviknight|68/100 brn|[from] Stealth Rock
|-ability|p2a: Corviknight|Pressure
|move|p1a: Deoxys|Psycho Boost|p2a: Corviknight
|-resisted|p2a: Corviknight
|-damage|p2a: Corviknight|38/100 brn
|-unboost|p1a: Deoxys|spa|2
|
|-damage|p2a: Corviknight|32/100 brn|[from] brn
|upkeep
|turn|29
|inactive|justliam has 120 seconds left.
|
|t:|1743881913
|switch|p1a: Salazzle|Salazzle, F|100/100
|move|p2a: Corviknight|Defog|p1a: Salazzle
|-unboost|p1a: Salazzle|evasion|1
|-sideend|p2: Ace_of_Stars02|Stealth Rock|[from] move: Defog|[of] p2a: Corviknight
|
|-damage|p2a: Corviknight|26/100 brn|[from] brn
|upkeep
|turn|30
|
|t:|1743881927
|switch|p2a: Snorlax|Snorlax, F|100/100
|move|p1a: Salazzle|Nasty Plot|p1a: Salazzle
|-boost|p1a: Salazzle|spa|2
|
|upkeep
|turn|31
|inactive|justliam has 120 seconds left.
|
|t:|1743881971
|move|p1a: Salazzle|Nasty Plot|p1a: Salazzle
|-boost|p1a: Salazzle|spa|2
|move|p2a: Snorlax|Double-Edge|p1a: Salazzle
|-damage|p1a: Salazzle|0 fnt
|faint|p1a: Salazzle
|-damage|p2a: Snorlax|83/100|[from] Recoil
|
|upkeep
|
|t:|1743881978
|switch|p1a: Great Tusk|Great Tusk|13/100
|turn|32
|
|t:|1743881983
|switch|p2a: Sinistcha|Sinistcha|100/100
|move|p1a: Great Tusk|Close Combat|p2a: Sinistcha
|-immune|p2a: Sinistcha
|
|upkeep
|turn|33
|-message|justliam forfeited.
|
|win|Ace_of_Stars02
|raw|justliam's rating: 1464 &rarr; <strong>1443</strong><br />(-21 for losing)
|raw|Ace_of_Stars02's rating: 1441 &rarr; <strong>1462</strong><br />(+21 for winning)
|l|☆justliam
|player|p1|
|l|☆Ace_of_Stars02
|player|p2|
