|j|☆helper112
|j|☆WashedAxel
|t:|1743828611
|gametype|singles
|player|p1|helper112|101|1066
|player|p2|WashedAxel|misty|1108
|teamsize|p1|6
|teamsize|p2|6
|gen|9
|tier|[Gen 9] OU
|rated|
|rule|HP Percentage Mod: HP is shown in percentages
|rule|Endless Battle Clause: Forcing endless battles is banned
|rule|Species Clause: Limit one of each Pokémon
|rule|OHKO Clause: OHKO moves are banned
|rule|Evasion Items Clause: Evasion items are banned
|rule|Evasion Moves Clause: Evasion moves are banned
|rule|Sleep Moves Clause: Sleep-inducing moves are banned
|clearpoke
|poke|p1|Gholdengo|
|poke|p1|Glimmora, M|
|poke|p1|Ogerpon-Wellspring, F|
|poke|p1|Dragapult, F|
|poke|p1|Corviknight, M|
|poke|p1|Blissey, F|
|poke|p2|Beartic, M|
|poke|p2|Slowking-Galar, F|
|poke|p2|Alomomola, F|
|poke|p2|Ting-Lu|
|poke|p2|Gliscor, F|
|poke|p2|Corviknight, F|
|teampreview
|
|t:|1743828621
|start
|switch|p1a: Susie|Dragapult, F|100/100
|switch|p2a: Gliscor|Gliscor, F|100/100
|turn|1
|
|t:|1743828628
|move|p1a: Susie|Dragon Dance|p1a: Susie
|-boost|p1a: Susie|atk|1
|-boost|p1a: Susie|spe|1
|move|p2a: Gliscor|Swords Dance|p2a: Gliscor
|-boost|p2a: Gliscor|atk|2
|
|-status|p2a: Gliscor|tox|[from] item: Toxic Orb
|upkeep
|turn|2
|
|t:|1743828636
|-terastallize|p2a: Gliscor|Fairy
|move|p1a: Susie|Dragon Dance|p1a: Susie
|-boost|p1a: Susie|atk|1
|-boost|p1a: Susie|spe|1
|move|p2a: Gliscor|Tera Blast|p1a: Susie|[anim] Tera Blast Fairy
|-supereffective|p1a: Susie
|-enditem|p1a: Susie|Focus Sash
|-damage|p1a: Susie|1/100
|
|upkeep
|turn|3
|
|t:|1743828649
|move|p1a: Susie|Phantom Force||[still]
|-prepare|p1a: Susie|Phantom Force
|move|p2a: Gliscor|Knock Off|p1a: Susie|[miss]
|-miss|p2a: Gliscor|p1a: Susie
|
|upkeep
|turn|4
|
|t:|1743828654
|move|p1a: Susie|Phantom Force|p2a: Gliscor|[from] lockedmove
|-damage|p2a: Gliscor|40/100 tox
|move|p2a: Gliscor|Knock Off|p1a: Susie
|-supereffective|p1a: Susie
|-damage|p1a: Susie|0 fnt
|faint|p1a: Susie
|
|-heal|p2a: Gliscor|52/100 tox|[from] ability: Poison Heal
|upkeep
|
|t:|1743828692
|switch|p1a: Kris|Glimmora, M, shiny|100/100
|turn|5
|
|t:|1743828704
|-terastallize|p1a: Kris|Flying
|move|p2a: Gliscor|Earthquake|p1a: Kris
|-immune|p1a: Kris
|move|p1a: Kris|Sludge Wave|p2a: Gliscor
|-supereffective|p2a: Gliscor
|-damage|p2a: Gliscor|0 fnt
|faint|p2a: Gliscor
|
|upkeep
|
|t:|1743828711
|switch|p2a: Slowking|Slowking-Galar, F|100/100
|turn|6
|inactive|Battle timer is ON: inactive players will automatically lose when time's up. (requested by WashedAxel)
|
|t:|1743828774
|move|p1a: Kris|Stealth Rock|p2a: Slowking
|-sidestart|p2: WashedAxel|move: Stealth Rock
|-prepare|p2a: Slowking|Chilly Reception|[premajor]
|move|p2a: Slowking|Chilly Reception|p2a: Slowking
|-weather|Snowscape
|
|t:|1743828791
|switch|p2a: Alomomola|Alomomola, F|100/100|[from] Chilly Reception
|
|-weather|Snowscape|[upkeep]
|upkeep
|turn|7
|
|t:|1743828799
|move|p1a: Kris|Toxic|p2a: Alomomola|[miss]
|-miss|p1a: Kris|p2a: Alomomola
|move|p2a: Alomomola|Flip Turn|p1a: Kris
|-damage|p1a: Kris|83/100
|-damage|p2a: Alomomola|84/100|[from] item: Rocky Helmet|[of] p1a: Kris
|-activate|p1a: Kris|ability: Toxic Debris
|-sidestart|p2: WashedAxel|move: Toxic Spikes
|
|t:|1743828805
|switch|p2a: Slowking|Slowking-Galar, F|100/100|[from] Flip Turn
|-damage|p2a: Slowking|88/100|[from] Stealth Rock
|-sideend|p2: WashedAxel|move: Toxic Spikes|[of] p2a: Slowking
|
|-weather|Snowscape|[upkeep]
|upkeep
|turn|8
|
|t:|1743828818
|move|p1a: Kris|Power Gem|p2a: Slowking
|-damage|p2a: Slowking|60/100
|-prepare|p2a: Slowking|Chilly Reception|[premajor]
|move|p2a: Slowking|Chilly Reception|p2a: Slowking
|
|t:|1743828821
|switch|p2a: Beartic|Beartic, M|100/100|[from] Chilly Reception
|
|-weather|Snowscape|[upkeep]
|upkeep
|turn|9
|
|t:|1743828829
|move|p2a: Beartic|Icicle Crash|p1a: Kris
|-supereffective|p1a: Kris
|-damage|p1a: Kris|0 fnt
|-activate|p1a: Kris|ability: Toxic Debris
|-sidestart|p2: WashedAxel|move: Toxic Spikes
|faint|p1a: Kris
|
|-weather|Snowscape|[upkeep]
|upkeep
|
|t:|1743828854
|switch|p1a: Jevil|Gholdengo|100/100
|turn|10
|
|t:|1743828862
|switch|p2a: Slowking|Slowking-Galar, F|93/100
|-damage|p2a: Slowking|81/100|[from] Stealth Rock
|-sideend|p2: WashedAxel|move: Toxic Spikes|[of] p2a: Slowking
|move|p1a: Jevil|Nasty Plot|p1a: Jevil
|-boost|p1a: Jevil|spa|2
|
|-weather|Snowscape|[upkeep]
|upkeep
|turn|11
|
|t:|1743828871
|switch|p2a: Ting-Lu|Ting-Lu|100/100
|-damage|p2a: Ting-Lu|94/100|[from] Stealth Rock
|-ability|p2a: Ting-Lu|Vessel of Ruin
|move|p1a: Jevil|Shadow Ball|p2a: Ting-Lu
|-resisted|p2a: Ting-Lu
|-damage|p2a: Ting-Lu|75/100
|
|-weather|Snowscape|[upkeep]
|upkeep
|turn|12
|
|t:|1743828884
|switch|p1a: Ralsei|Ogerpon-Wellspring, F|100/100
|move|p2a: Ting-Lu|Earthquake|p1a: Ralsei
|-resisted|p1a: Ralsei
|-damage|p1a: Ralsei|78/100
|
|-weather|Snowscape|[upkeep]
|upkeep
|turn|13
|
|t:|1743828898
|switch|p2a: Corviknight|Corviknight, F|100/100
|-damage|p2a: Corviknight|88/100|[from] Stealth Rock
|-ability|p2a: Corviknight|Pressure
|move|p1a: Ralsei|Ivy Cudgel|p2a: Corviknight|[anim] Ivy Cudgel Water
|-damage|p2a: Corviknight|56/100
|
|-weather|none
|upkeep
|turn|14
|
|t:|1743828912
|move|p1a: Ralsei|Knock Off|p2a: Corviknight
|-damage|p2a: Corviknight|34/100
|-damage|p1a: Ralsei|61/100|[from] item: Rocky Helmet|[of] p2a: Corviknight
|-enditem|p2a: Corviknight|Rocky Helmet|[from] move: Knock Off|[of] p1a: Ralsei
|move|p2a: Corviknight|Body Press|p1a: Ralsei
|-damage|p1a: Ralsei|27/100
|
|upkeep
|turn|15
|
|t:|1743828924
|switch|p1a: Jevil|Gholdengo|100/100
|move|p2a: Corviknight|Body Press|p1a: Jevil
|-immune|p1a: Jevil
|
|upkeep
|turn|16
|
|t:|1743828931
|switch|p2a: Ting-Lu|Ting-Lu|75/100
|-damage|p2a: Ting-Lu|69/100|[from] Stealth Rock
|-ability|p2a: Ting-Lu|Vessel of Ruin
|move|p1a: Jevil|Nasty Plot|p1a: Jevil
|-boost|p1a: Jevil|spa|2
|
|upkeep
|turn|17
|
|t:|1743828942
|move|p1a: Jevil|Make It Rain|p2a: Ting-Lu
|-damage|p2a: Ting-Lu|12/100
|-unboost|p1a: Jevil|spa|1
|move|p2a: Ting-Lu|Rest|p2a: Ting-Lu
|-status|p2a: Ting-Lu|slp|[from] move: Rest
|-heal|p2a: Ting-Lu|100/100 slp|[silent]
|-enditem|p2a: Ting-Lu|Chesto Berry|[eat]
|-curestatus|p2a: Ting-Lu|slp|[msg]
|
|upkeep
|turn|18
|inactive|helper112 has 120 seconds left.
|
|t:|1743828975
|switch|p1a: The King Of Chaos|Corviknight, M|100/100
|move|p2a: Ting-Lu|Earthquake|p1a: The King Of Chaos
|-immune|p1a: The King Of Chaos
|
|upkeep
|turn|19
|
|t:|1743828982
|move|p1a: The King Of Chaos|Body Press|p2a: Ting-Lu
|-supereffective|p2a: Ting-Lu
|-damage|p2a: Ting-Lu|76/100
|move|p2a: Ting-Lu|Spikes|p1a: The King Of Chaos
|-sidestart|p1: helper112|Spikes
|
|upkeep
|turn|20
|
|t:|1743828988
|switch|p2a: Alomomola|Alomomola, F|100/100
|move|p1a: The King Of Chaos|Body Press|p2a: Alomomola
|-damage|p2a: Alomomola|86/100
|
|upkeep
|turn|21
|
|t:|1743829004
|move|p1a: The King Of Chaos|Defog|p2a: Alomomola
|-unboost|p2a: Alomomola|evasion|1
|-sideend|p2: WashedAxel|Stealth Rock|[from] move: Defog|[of] p1a: The King Of Chaos
|-sideend|p1: helper112|Spikes|[from] move: Defog|[of] p1a: The King Of Chaos
|move|p2a: Alomomola|Wish|p2a: Alomomola
|
|upkeep
|turn|22
|
|t:|1743829011
|switch|p1a: Ralsei|Ogerpon-Wellspring, F|27/100
|switch|p2a: Corviknight|Corviknight, F|34/100
|-ability|p2a: Corviknight|Pressure
|
|-heal|p2a: Corviknight|93/100|[from] move: Wish|[wisher] Alomomola
|upkeep
|turn|23
|
|t:|1743829021
|move|p1a: Ralsei|Ivy Cudgel|p2a: Corviknight|[anim] Ivy Cudgel Water
|-damage|p2a: Corviknight|59/100
|move|p2a: Corviknight|Body Press|p1a: Ralsei
|-damage|p1a: Ralsei|0 fnt
|faint|p1a: Ralsei
|
|upkeep
|
|t:|1743829031
|switch|p1a: Jevil|Gholdengo|100/100
|turn|24
|
|t:|1743829036
|switch|p2a: Ting-Lu|Ting-Lu|76/100
|-ability|p2a: Ting-Lu|Vessel of Ruin
|move|p1a: Jevil|Nasty Plot|p1a: Jevil
|-boost|p1a: Jevil|spa|2
|
|upkeep
|turn|25
|
|t:|1743829044
|move|p1a: Jevil|Make It Rain|p2a: Ting-Lu
|-damage|p2a: Ting-Lu|18/100
|-unboost|p1a: Jevil|spa|1
|move|p2a: Ting-Lu|Earthquake|p1a: Jevil
|-supereffective|p1a: Jevil
|-damage|p1a: Jevil|14/100
|
|upkeep
|turn|26
|
|t:|1743829054
|move|p1a: Jevil|Shadow Ball|p2a: Ting-Lu
|-resisted|p2a: Ting-Lu
|-damage|p2a: Ting-Lu|3/100
|move|p2a: Ting-Lu|Earthquake|p1a: Jevil
|-supereffective|p1a: Jevil
|-damage|p1a: Jevil|0 fnt
|faint|p1a: Jevil
|
|upkeep
|inactive|helper112 has 120 seconds left.
|
|t:|1743829086
|switch|p1a: The King Of Chaos|Corviknight, M|100/100
|turn|27
|
|t:|1743829104
|switch|p2a: Alomomola|Alomomola, F|100/100
|move|p1a: The King Of Chaos|Body Press|p2a: Alomomola
|-damage|p2a: Alomomola|86/100
|
|upkeep
|turn|28
|
|t:|1743829110
|switch|p1a: Lancer|Blissey, F|100/100
|move|p2a: Alomomola|Wish|p2a: Alomomola
|
|upkeep
|turn|29
|
|t:|1743829119
|move|p1a: Lancer|Seismic Toss|p2a: Alomomola
|-damage|p2a: Alomomola|64/100
|move|p2a: Alomomola|Flip Turn|p1a: Lancer
|-damage|p1a: Lancer|67/100
|
|t:|1743829128
|switch|p2a: Ting-Lu|Ting-Lu|3/100|[from] Flip Turn
|-ability|p2a: Ting-Lu|Vessel of Ruin
|
|-heal|p2a: Ting-Lu|49/100|[from] move: Wish|[wisher] Alomomola
|-heal|p1a: Lancer|73/100|[from] item: Leftovers
|upkeep
|turn|30
|
|t:|1743829138
|switch|p1a: The King Of Chaos|Corviknight, M|100/100
|move|p2a: Ting-Lu|Earthquake|p1a: The King Of Chaos
|-immune|p1a: The King Of Chaos
|
|upkeep
|turn|31
|
|t:|1743829145
|move|p1a: The King Of Chaos|Body Press|p2a: Ting-Lu
|-supereffective|p2a: Ting-Lu
|-damage|p2a: Ting-Lu|23/100
|move|p2a: Ting-Lu|Spikes|p1a: The King Of Chaos
|-sidestart|p1: helper112|Spikes
|
|upkeep
|turn|32
|
|t:|1743829152
|switch|p2a: Alomomola|Alomomola, F|98/100
|move|p1a: The King Of Chaos|Body Press|p2a: Alomomola
|-damage|p2a: Alomomola|82/100
|
|upkeep
|turn|33
|
|t:|1743829159
|move|p1a: The King Of Chaos|Body Press|p2a: Alomomola
|-damage|p2a: Alomomola|67/100
|move|p2a: Alomomola|Scald|p1a: The King Of Chaos
|-damage|p1a: The King Of Chaos|87/100
|
|-heal|p1a: The King Of Chaos|93/100|[from] item: Leftovers
|upkeep
|turn|34
|
|t:|1743829168
|move|p1a: The King Of Chaos|Body Press|p2a: Alomomola
|-damage|p2a: Alomomola|52/100
|move|p2a: Alomomola|Scald|p1a: The King Of Chaos
|-damage|p1a: The King Of Chaos|80/100
|-status|p1a: The King Of Chaos|brn
|
|-heal|p1a: The King Of Chaos|86/100 brn|[from] item: Leftovers
|-damage|p1a: The King Of Chaos|80/100 brn|[from] brn
|upkeep
|turn|35
|inactive|helper112 has 120 seconds left.
|
|t:|1743829200
|move|p1a: The King Of Chaos|Body Press|p2a: Alomomola
|-damage|p2a: Alomomola|45/100
|move|p2a: Alomomola|Wish|p2a: Alomomola
|
|-heal|p1a: The King Of Chaos|86/100 brn|[from] item: Leftovers
|-damage|p1a: The King Of Chaos|80/100 brn|[from] brn
|upkeep
|turn|36
|inactive|helper112 has 120 seconds left.
|
|t:|1743829210
|move|p1a: The King Of Chaos|Body Press|p2a: Alomomola
|-damage|p2a: Alomomola|37/100
|move|p2a: Alomomola|Flip Turn|p1a: The King Of Chaos
|-damage|p1a: The King Of Chaos|68/100 brn
|
|t:|1743829222
|switch|p2a: Beartic|Beartic, M|100/100|[from] Flip Turn
|
|-heal|p1a: The King Of Chaos|74/100 brn|[from] item: Leftovers
|-damage|p1a: The King Of Chaos|68/100 brn|[from] brn
|upkeep
|turn|37
|
|t:|1743829230
|move|p2a: Beartic|Swords Dance|p2a: Beartic
|-boost|p2a: Beartic|atk|2
|move|p1a: The King Of Chaos|Body Press|p2a: Beartic
|-supereffective|p2a: Beartic
|-damage|p2a: Beartic|68/100
|
|-heal|p1a: The King Of Chaos|74/100 brn|[from] item: Leftovers
|-damage|p1a: The King Of Chaos|68/100 brn|[from] brn
|upkeep
|turn|38
|
|t:|1743829240
|move|p2a: Beartic|Icicle Crash|p1a: The King Of Chaos
|-damage|p1a: The King Of Chaos|11/100 brn
|move|p1a: The King Of Chaos|Body Press|p2a: Beartic
|-supereffective|p2a: Beartic
|-damage|p2a: Beartic|36/100
|
|-heal|p1a: The King Of Chaos|17/100 brn|[from] item: Leftovers
|-damage|p1a: The King Of Chaos|11/100 brn|[from] brn
|upkeep
|turn|39
|
|t:|1743829252
|switch|p1a: Lancer|Blissey, F|73/100
|-damage|p1a: Lancer|61/100|[from] Spikes
|move|p2a: Beartic|Icicle Crash|p1a: Lancer
|-damage|p1a: Lancer|0 fnt
|faint|p1a: Lancer
|
|upkeep
|inactive|helper112 has 120 seconds left.
|
|t:|1743829301
|switch|p1a: The King Of Chaos|Corviknight, M|11/100 brn
|turn|40
|
|t:|1743829307
|move|p2a: Beartic|Icicle Crash|p1a: The King Of Chaos|[miss]
|-miss|p2a: Beartic|p1a: The King Of Chaos
|move|p1a: The King Of Chaos|Body Press|p2a: Beartic
|-supereffective|p2a: Beartic
|-damage|p2a: Beartic|8/100
|
|-heal|p1a: The King Of Chaos|17/100 brn|[from] item: Leftovers
|-damage|p1a: The King Of Chaos|11/100 brn|[from] brn
|upkeep
|turn|41
|
|t:|1743829331
|move|p2a: Beartic|Icicle Crash|p1a: The King Of Chaos
|-damage|p1a: The King Of Chaos|0 fnt
|faint|p1a: The King Of Chaos
|
|win|WashedAxel
|raw|helper112's rating: 1066 &rarr; <strong>1048</strong><br />(-18 for losing)
|raw|WashedAxel's rating: 1108 &rarr; <strong>1130</strong><br />(+22 for winning)
|l|☆WashedAxel
|player|p2|
|l|☆helper112
|player|p1|
