|j|☆jrjrsr
|j|☆Oddsin
|t:|1743909311
|gametype|singles
|player|p1|jrjrsr|265|1000
|player|p2|Oddsin|101|1032
|teamsize|p1|6
|teamsize|p2|6
|gen|9
|tier|[Gen 9] OU
|rated|
|rule|HP Percentage Mod: HP is shown in percentages
|rule|Endless Battle Clause: Forcing endless battles is banned
|rule|Species Clause: Limit one of each Pokémon
|rule|OHKO Clause: OHKO moves are banned
|rule|Evasion Items Clause: Evasion items are banned
|rule|Evasion Moves Clause: Evasion moves are banned
|rule|Sleep Moves Clause: Sleep-inducing moves are banned
|clearpoke
|poke|p1|Feraligatr, M|
|poke|p1|Iron Valiant|
|poke|p1|Pecharunt|
|poke|p1|Clefable, M|
|poke|p1|Cramorant, M|
|poke|p1|Kyurem|
|poke|p2|Blastoise, M|
|poke|p2|Arcanine, M|
|poke|p2|Heracross, M|
|poke|p2|Dragonite, F|
|poke|p2|Jolteon, F|
|poke|p2|Gengar, F|
|teampreview
|inactive|Battle timer is ON: inactive players will automatically lose when time's up. (requested by jrjrsr)
|
|t:|1743909315
|start
|switch|p1a: Clefable|Clefable, M|100/100
|switch|p2a: Dragonite|Dragonite, F|100/100
|turn|1
|
|t:|1743909334
|switch|p2a: Gengar|Gengar, F|100/100
|move|p1a: Clefable|Moonblast|p2a: Gengar
|-resisted|p2a: Gengar
|-damage|p2a: Gengar|73/100
|
|upkeep
|turn|2
|
|t:|1743909347
|move|p2a: Gengar|Substitute|p2a: Gengar
|-start|p2a: Gengar|Substitute
|-damage|p2a: Gengar|48/100
|move|p1a: Clefable|Stealth Rock|p2a: Gengar
|-sidestart|p2: Oddsin|move: Stealth Rock
|
|upkeep
|turn|3
|
|t:|1743909357
|move|p2a: Gengar|Sludge Bomb|p1a: Clefable
|-supereffective|p1a: Clefable
|-damage|p1a: Clefable|39/100
|move|p1a: Clefable|Knock Off|p2a: Gengar
|-supereffective|p2a: Gengar
|-end|p2a: Gengar|Substitute
|
|-heal|p1a: Clefable|45/100|[from] item: Leftovers
|upkeep
|turn|4
|
|t:|1743909368
|move|p2a: Gengar|Sludge Bomb|p1a: Clefable
|-supereffective|p1a: Clefable
|-damage|p1a: Clefable|0 fnt
|faint|p1a: Clefable
|
|upkeep
|
|t:|1743909379
|switch|p1a: Cramorant|Cramorant, M|100/100
|turn|5
|
|t:|1743909386
|move|p2a: Gengar|Substitute|p2a: Gengar
|-start|p2a: Gengar|Substitute
|-damage|p2a: Gengar|23/100
|move|p1a: Cramorant|Surf|p2a: Gengar
|-formechange|p1a: Cramorant|Cramorant-Gulping|
|-end|p2a: Gengar|Substitute
|
|upkeep
|turn|6
|
|t:|1743909397
|move|p2a: Gengar|Sludge Bomb|p1a: Cramorant
|-damage|p1a: Cramorant|43/100
|-damage|p2a: Gengar|0 fnt|[from] ability: Gulp Missile|[of] p1a: Cramorant
|-formechange|p1a: Cramorant|Cramorant|
|faint|p2a: Gengar
|move|p1a: Cramorant|Surf|p2: Gengar|[notarget]
|-fail|p1a: Cramorant
|
|upkeep
|
|t:|1743909414
|switch|p2a: Blastoise|Blastoise, M|100/100
|-damage|p2a: Blastoise|88/100|[from] Stealth Rock
|turn|7
|
|t:|1743909422
|move|p1a: Cramorant|Surf|p2a: Blastoise
|-formechange|p1a: Cramorant|Cramorant-Gorging|
|-resisted|p2a: Blastoise
|-damage|p2a: Blastoise|71/100
|move|p2a: Blastoise|Rapid Spin|p1a: Cramorant
|-damage|p1a: Cramorant|25/100
|-boost|p2a: Blastoise|spe|1
|-damage|p2a: Blastoise|46/100|[from] ability: Gulp Missile|[of] p1a: Cramorant
|-status|p2a: Blastoise|par
|-formechange|p1a: Cramorant|Cramorant|
|-sideend|p2: Oddsin|Stealth Rock|[from] move: Rapid Spin|[of] p2a: Blastoise
|
|upkeep
|turn|8
|
|t:|1743909439
|move|p1a: Cramorant|Surf|p2a: Blastoise
|-formechange|p1a: Cramorant|Cramorant-Gorging|
|-resisted|p2a: Blastoise
|-damage|p2a: Blastoise|31/100 par
|cant|p2a: Blastoise|par
|
|upkeep
|turn|9
|
|t:|1743909445
|move|p1a: Cramorant|Roost|p1a: Cramorant
|-heal|p1a: Cramorant|75/100
|-singleturn|p1a: Cramorant|move: Roost
|cant|p2a: Blastoise|par
|
|upkeep
|turn|10
|
|t:|1743909454
|move|p1a: Cramorant|Surf|p2a: Blastoise
|-resisted|p2a: Blastoise
|-damage|p2a: Blastoise|17/100 par
|move|p2a: Blastoise|Ice Beam|p1a: Cramorant
|-damage|p1a: Cramorant|55/100
|-damage|p2a: Blastoise|0 fnt|[from] ability: Gulp Missile|[of] p1a: Cramorant
|-formechange|p1a: Cramorant|Cramorant|
|faint|p2a: Blastoise
|
|upkeep
|
|t:|1743909466
|switch|p2a: Jolteon|Jolteon, F|100/100
|turn|11
|
|t:|1743909480
|switch|p1a: Kyurem|Kyurem|100/100
|-ability|p1a: Kyurem|Pressure
|move|p2a: Jolteon|Thunderbolt|p1a: Kyurem
|-resisted|p1a: Kyurem
|-damage|p1a: Kyurem|74/100
|-damage|p2a: Jolteon|91/100|[from] item: Life Orb
|
|upkeep
|turn|12
|
|t:|1743909492
|move|p2a: Jolteon|Volt Switch|p1a: Kyurem
|-resisted|p1a: Kyurem
|-damage|p1a: Kyurem|54/100
|-damage|p2a: Jolteon|81/100|[from] item: Life Orb
|
|t:|1743909497
|switch|p2a: Arcanine|Arcanine, M|100/100|[from] Volt Switch
|-ability|p2a: Arcanine|Intimidate|boost
|-unboost|p1a: Kyurem|atk|1
|move|p1a: Kyurem|Draco Meteor|p2a: Arcanine
|-damage|p2a: Arcanine|0 fnt
|-unboost|p1a: Kyurem|spa|2
|faint|p2a: Arcanine
|
|upkeep
|
|t:|1743909510
|switch|p2a: Heracross|Heracross, M|100/100
|turn|13
|
|t:|1743909533
|switch|p1a: Pecharunt|Pecharunt|100/100
|move|p2a: Heracross|Earthquake|p1a: Pecharunt
|-supereffective|p1a: Pecharunt
|-damage|p1a: Pecharunt|46/100
|
|-heal|p1a: Pecharunt|52/100|[from] item: Leftovers
|upkeep
|turn|14
|
|t:|1743909556
|switch|p2a: Jolteon|Jolteon, F|81/100
|move|p1a: Pecharunt|Parting Shot|p2a: Jolteon
|-unboost|p2a: Jolteon|atk|1
|-unboost|p2a: Jolteon|spa|1
|
|t:|1743909561
|switch|p1a: Kyurem|Kyurem|54/100|[from] Parting Shot
|-ability|p1a: Kyurem|Pressure
|
|upkeep
|turn|15
|
|t:|1743909576
|move|p2a: Jolteon|Shadow Ball|p1a: Kyurem
|-damage|p1a: Kyurem|32/100
|-damage|p2a: Jolteon|71/100|[from] item: Life Orb
|move|p1a: Kyurem|Draco Meteor|p2a: Jolteon
|-damage|p2a: Jolteon|0 fnt
|-unboost|p1a: Kyurem|spa|2
|faint|p2a: Jolteon
|
|upkeep
|inactive|Oddsin has 120 seconds left.
|
|t:|1743909599
|switch|p2a: Dragonite|Dragonite, F|100/100
|turn|16
|inactive|Oddsin has 120 seconds left.
|
|t:|1743909607
|-terastallize|p2a: Dragonite|Normal
|move|p1a: Kyurem|Draco Meteor|p2a: Dragonite|[miss]
|-miss|p1a: Kyurem|p2a: Dragonite
|move|p2a: Dragonite|Dragon Dance|p2a: Dragonite
|-boost|p2a: Dragonite|atk|1
|-boost|p2a: Dragonite|spe|1
|
|upkeep
|turn|17
|inactive|Oddsin has 120 seconds left.
|
|t:|1743909628
|switch|p1a: Cramorant|Cramorant, M|55/100
|move|p2a: Dragonite|Iron Head|p1a: Cramorant
|-resisted|p1a: Cramorant
|-damage|p1a: Cramorant|14/100
|
|upkeep
|turn|18
|
|t:|1743909634
|move|p2a: Dragonite|Extreme Speed|p1a: Cramorant
|-damage|p1a: Cramorant|0 fnt
|faint|p1a: Cramorant
|
|upkeep
|
|t:|1743909647
|switch|p1a: Feraligatr|Feraligatr, M|100/100
|turn|19
|inactive|Oddsin has 120 seconds left.
|
|t:|1743909658
|move|p2a: Dragonite|Extreme Speed|p1a: Feraligatr
|-damage|p1a: Feraligatr|33/100
|move|p1a: Feraligatr|Aqua Jet|p2a: Dragonite
|-damage|p2a: Dragonite|86/100
|-damage|p1a: Feraligatr|23/100|[from] item: Life Orb
|
|upkeep
|turn|20
|
|t:|1743909667
|move|p2a: Dragonite|Extreme Speed|p1a: Feraligatr
|-damage|p1a: Feraligatr|0 fnt
|faint|p1a: Feraligatr
|
|upkeep
|inactive|jrjrsr has 120 seconds left.
|
|t:|1743909699
|switch|p1a: Iron Valiant|Iron Valiant|100/100
|-enditem|p1a: Iron Valiant|Booster Energy
|-activate|p1a: Iron Valiant|ability: Quark Drive|[fromitem]
|-start|p1a: Iron Valiant|quarkdrivespe
|turn|21
|inactive|jrjrsr has 120 seconds left.
|inactive|Oddsin has 120 seconds left.
|
|t:|1743909723
|-terastallize|p1a: Iron Valiant|Electric
|move|p1a: Iron Valiant|Close Combat|p2a: Dragonite
|-supereffective|p2a: Dragonite
|-damage|p2a: Dragonite|0 fnt
|-unboost|p1a: Iron Valiant|def|1
|-unboost|p1a: Iron Valiant|spd|1
|faint|p2a: Dragonite
|
|upkeep
|inactive|Oddsin has 120 seconds left.
|
|t:|1743909732
|switch|p2a: Heracross|Heracross, M|100/100
|turn|22
|
|t:|1743909745
|move|p1a: Iron Valiant|Spirit Break|p2a: Heracross
|-supereffective|p2a: Heracross
|-damage|p2a: Heracross|0 fnt
|faint|p2a: Heracross
|
|win|jrjrsr
|raw|jrjrsr's rating: 1000 &rarr; <strong>1044</strong><br />(+44 for winning)
|raw|Oddsin's rating: 1032 &rarr; <strong>1016</strong><br />(-16 for losing)
|l|☆Oddsin
|player|p2|
