|j|☆Cam1610
|j|☆ezpzlemon
|t:|1743800724
|gametype|singles
|player|p1|Cam1610|hiker-gen4|1561
|player|p2|ezpzlemon|266|1581
|teamsize|p1|6
|teamsize|p2|6
|gen|9
|tier|[Gen 9] OU
|rated|
|rule|HP Percentage Mod: HP is shown in percentages
|rule|Endless Battle Clause: Forcing endless battles is banned
|rule|Species Clause: Limit one of each Pokémon
|rule|OHKO Clause: OHKO moves are banned
|rule|Evasion Items Clause: Evasion items are banned
|rule|Evasion Moves Clause: Evasion moves are banned
|rule|Sleep Moves Clause: Sleep-inducing moves are banned
|clearpoke
|poke|p1|Darkrai|
|poke|p1|Ceruledge, M|
|poke|p1|Ursaluna, M|
|poke|p1|Kingambit, M|
|poke|p1|Noivern, F|
|poke|p1|Scizor, F|
|poke|p2|Dragapult, M|
|poke|p2|Quaquaval, M|
|poke|p2|Scizor, M|
|poke|p2|Heatran, F|
|poke|p2|Darkrai|
|poke|p2|Latias, F|
|teampreview
|inactive|Battle timer is ON: inactive players will automatically lose when time's up. (requested by Cam1610)
|
|t:|1743800737
|start
|switch|p1a: Beru|Scizor, F|100/100
|switch|p2a: Heatran|Heatran, F|100/100
|-item|p2a: Heatran|Air Balloon
|turn|1
|
|t:|1743800750
|switch|p1a: Tank|Ursaluna, M, shiny|100/100
|move|p2a: Heatran|Stealth Rock|p1a: Tank
|-sidestart|p1: Cam1610|move: Stealth Rock
|
|-status|p1a: Tank|brn|[from] item: Flame Orb
|upkeep
|turn|2
|inactive|ezpzlemon has 120 seconds left.
|
|t:|1743800781
|move|p2a: Heatran|Lava Plume|p1a: Tank
|-damage|p1a: Tank|66/100 brn
|move|p1a: Tank|Facade|p2a: Heatran
|-resisted|p2a: Heatran
|-damage|p2a: Heatran|54/100
|-enditem|p2a: Heatran|Air Balloon
|
|-damage|p1a: Tank|60/100 brn|[from] brn
|upkeep
|turn|3
|inactive|ezpzlemon has 120 seconds left.
|
|t:|1743800799
|move|p2a: Heatran|Lava Plume|p1a: Tank
|-damage|p1a: Tank|26/100 brn
|move|p1a: Tank|Earthquake|p2a: Heatran
|-supereffective|p2a: Heatran
|-damage|p2a: Heatran|0 fnt
|faint|p2a: Heatran
|
|-damage|p1a: Tank|19/100 brn|[from] brn
|upkeep
|inactive|ezpzlemon has 120 seconds left.
|
|t:|1743800807
|switch|p2a: Quaquaval|Quaquaval, M|100/100
|turn|4
|
|t:|1743800811
|switch|p1a: Kaisel|Noivern, F|100/100
|-damage|p1a: Kaisel|76/100|[from] Stealth Rock
|move|p2a: Quaquaval|Aqua Step|p1a: Kaisel
|-resisted|p1a: Kaisel
|-damage|p1a: Kaisel|37/100
|-boost|p2a: Quaquaval|spe|1
|
|upkeep
|turn|5
|
|t:|1743800822
|move|p2a: Quaquaval|Aqua Step|p1a: Kaisel
|-resisted|p1a: Kaisel
|-crit|p1a: Kaisel
|-damage|p1a: Kaisel|0 fnt
|-boost|p2a: Quaquaval|spe|1
|faint|p1a: Kaisel
|-ability|p2a: Quaquaval|Moxie|boost
|-boost|p2a: Quaquaval|atk|1
|
|upkeep
|
|t:|1743800828
|switch|p1a: Beru|Scizor, F|100/100
|-damage|p1a: Beru|88/100|[from] Stealth Rock
|turn|6
|
|t:|1743800833
|move|p2a: Quaquaval|Aqua Step|p1a: Beru
|-damage|p1a: Beru|0 fnt
|-boost|p2a: Quaquaval|spe|1
|faint|p1a: Beru
|-ability|p2a: Quaquaval|Moxie|boost
|-boost|p2a: Quaquaval|atk|1
|
|upkeep
|
|t:|1743800838
|switch|p1a: Sung Jin Woo|Kingambit, M, shiny|100/100
|-damage|p1a: Sung Jin Woo|94/100|[from] Stealth Rock
|-activate|p1a: Sung Jin Woo|ability: Supreme Overlord
|-start|p1a: Sung Jin Woo|fallen2|[silent]
|turn|7
|c|☆ezpzlemon|ty
|
|t:|1743800842
|-terastallize|p1a: Sung Jin Woo|Fairy
|move|p2a: Quaquaval|Aqua Step|p1a: Sung Jin Woo
|-crit|p1a: Sung Jin Woo
|-damage|p1a: Sung Jin Woo|0 fnt
|-boost|p2a: Quaquaval|spe|1
|faint|p1a: Sung Jin Woo
|-end|p1a: Sung Jin Woo|fallen2|[silent]
|-ability|p2a: Quaquaval|Moxie|boost
|-boost|p2a: Quaquaval|atk|1
|
|upkeep
|
|t:|1743800845
|switch|p1a: Tusk|Darkrai, shiny|100/100
|-damage|p1a: Tusk|88/100|[from] Stealth Rock
|turn|8
|
|t:|1743800848
|move|p2a: Quaquaval|Aqua Step|p1a: Tusk
|-damage|p1a: Tusk|0 fnt
|-boost|p2a: Quaquaval|spe|1
|faint|p1a: Tusk
|-ability|p2a: Quaquaval|Moxie|boost
|-boost|p2a: Quaquaval|atk|1
|
|upkeep
|
|t:|1743800852
|switch|p1a: Tank|Ursaluna, M, shiny|19/100 brn
|-damage|p1a: Tank|13/100 brn|[from] Stealth Rock
|turn|9
|
|t:|1743800854
|move|p2a: Quaquaval|Aqua Step|p1a: Tank
|-supereffective|p1a: Tank
|-damage|p1a: Tank|0 fnt
|-boost|p2a: Quaquaval|spe|1
|faint|p1a: Tank
|-ability|p2a: Quaquaval|Moxie|boost
|-boost|p2a: Quaquaval|atk|1
|
|upkeep
|
|t:|1743800857
|switch|p1a: Igris|Ceruledge, M|100/100
|-damage|p1a: Igris|76/100|[from] Stealth Rock
|turn|10
|c|☆ezpzlemon|haha quaqua is the real sung jin woo
|
|t:|1743800867
|-terastallize|p2a: Quaquaval|Water
|move|p1a: Igris|Shadow Sneak|p2a: Quaquaval
|-damage|p2a: Quaquaval|73/100
|move|p2a: Quaquaval|Aqua Step|p1a: Igris
|-supereffective|p1a: Igris
|-damage|p1a: Igris|0 fnt
|faint|p1a: Igris
|
|win|ezpzlemon
|raw|Cam1610's rating: 1561 &rarr; <strong>1542</strong><br />(-19 for losing)
|raw|ezpzlemon's rating: 1581 &rarr; <strong>1600</strong><br />(+19 for winning)
|l|☆Cam1610
|player|p1|
|l|☆ezpzlemon
|player|p2|
