|j|☆Jmoneyy1212
|j|☆Zaxa2
|t:|1743790536
|gametype|singles
|player|p1|Jmoneyy1212|2|1472
|player|p2|Zaxa2|101|1495
|teamsize|p1|6
|teamsize|p2|6
|gen|9
|tier|[Gen 9] OU
|rated|
|rule|HP Percentage Mod: HP is shown in percentages
|rule|Endless Battle Clause: Forcing endless battles is banned
|rule|Species Clause: Limit one of each Pokémon
|rule|OHKO Clause: OHKO moves are banned
|rule|Evasion Items Clause: Evasion items are banned
|rule|Evasion Moves Clause: Evasion moves are banned
|rule|Sleep Moves Clause: Sleep-inducing moves are banned
|clearpoke
|poke|p1|Scream Tail|
|poke|p1|Tyranitar, M|
|poke|p1|Kingambit, M|
|poke|p1|Excadrill, M|
|poke|p1|Alomomola, M|
|poke|p1|Talonflame, F|
|poke|p2|Comfey, F|
|poke|p2|Whimsicott, M|
|poke|p2|Iron Moth|
|poke|p2|Walking Wake|
|poke|p2|Great Tusk|
|poke|p2|Ninetales, F|
|teampreview
|inactive|Battle timer is ON: inactive players will automatically lose when time's up. (requested by Jmoneyy1212)
|
|t:|1743790557
|start
|switch|p1a: Tyranitar|Tyranitar, M|100/100
|switch|p2a: Great Tusk|Great Tusk|100/100
|-weather|Sandstorm|[from] ability: Sand Stream|[of] p1a: Tyranitar
|turn|1
|
|t:|1743790567
|switch|p1a: Talonflame|Talonflame, F|100/100
|move|p2a: Great Tusk|Stealth Rock|p1a: Talonflame
|-sidestart|p1: Jmoneyy1212|move: Stealth Rock
|
|-weather|Sandstorm|[upkeep]
|-damage|p1a: Talonflame|94/100|[from] Sandstorm
|-heal|p1a: Talonflame|100/100|[from] item: Leftovers
|upkeep
|turn|2
|
|t:|1743790592
|-end|p2a: Great Tusk|Protosynthesis|[silent]
|switch|p2a: Ninetales|Ninetales, F|100/100
|-weather|SunnyDay|[from] ability: Drought|[of] p2a: Ninetales
|move|p1a: Talonflame|Defog|p2a: Ninetales
|-unboost|p2a: Ninetales|evasion|1
|-sideend|p1: Jmoneyy1212|Stealth Rock|[from] move: Defog|[of] p1a: Talonflame
|
|-weather|SunnyDay|[upkeep]
|upkeep
|turn|3
|
|t:|1743790603
|switch|p2a: Great Tusk|Great Tusk|100/100
|-activate|p2a: Great Tusk|ability: Protosynthesis
|-start|p2a: Great Tusk|protosynthesisspe
|switch|p1a: Tyranitar|Tyranitar, M|100/100
|-weather|Sandstorm|[from] ability: Sand Stream|[of] p1a: Tyranitar
|-end|p2a: Great Tusk|Protosynthesis
|
|-weather|Sandstorm|[upkeep]
|upkeep
|turn|4
|
|t:|1743790614
|switch|p1a: Talonflame|Talonflame, F|100/100
|move|p2a: Great Tusk|Ice Spinner|p1a: Talonflame
|-damage|p1a: Talonflame|82/100
|-status|p2a: Great Tusk|brn|[from] ability: Flame Body|[of] p1a: Talonflame
|
|-weather|Sandstorm|[upkeep]
|-damage|p1a: Talonflame|76/100|[from] Sandstorm
|-heal|p1a: Talonflame|82/100|[from] item: Leftovers
|-damage|p2a: Great Tusk|94/100 brn|[from] brn
|upkeep
|turn|5
|
|t:|1743790629
|-end|p2a: Great Tusk|Protosynthesis|[silent]
|switch|p2a: Iron Moth|Iron Moth|100/100
|-enditem|p2a: Iron Moth|Booster Energy
|-activate|p2a: Iron Moth|ability: Quark Drive|[fromitem]
|-start|p2a: Iron Moth|quarkdrivespa
|move|p1a: Talonflame|Will-O-Wisp|p2a: Iron Moth
|-immune|p2a: Iron Moth
|
|-weather|Sandstorm|[upkeep]
|-damage|p2a: Iron Moth|95/100|[from] Sandstorm
|-damage|p1a: Talonflame|76/100|[from] Sandstorm
|-heal|p1a: Talonflame|82/100|[from] item: Leftovers
|upkeep
|turn|6
|
|t:|1743790639
|switch|p1a: Tyranitar|Tyranitar, M|100/100
|move|p2a: Iron Moth|Sludge Wave|p1a: Tyranitar
|-resisted|p1a: Tyranitar
|-damage|p1a: Tyranitar|86/100
|
|-weather|Sandstorm|[upkeep]
|-damage|p2a: Iron Moth|89/100|[from] Sandstorm
|-heal|p1a: Tyranitar|93/100|[from] item: Leftovers
|upkeep
|turn|7
|
|t:|1743790652
|-end|p2a: Iron Moth|Quark Drive|[silent]
|switch|p2a: Great Tusk|Great Tusk|94/100 brn
|move|p1a: Tyranitar|Knock Off|p2a: Great Tusk
|-resisted|p2a: Great Tusk
|-damage|p2a: Great Tusk|81/100 brn
|-damage|p1a: Tyranitar|76/100|[from] item: Rocky Helmet|[of] p2a: Great Tusk
|-enditem|p2a: Great Tusk|Rocky Helmet|[from] move: Knock Off|[of] p1a: Tyranitar
|
|-weather|none
|-heal|p1a: Tyranitar|82/100|[from] item: Leftovers
|-damage|p2a: Great Tusk|74/100 brn|[from] brn
|upkeep
|turn|8
|
|t:|1743790659
|switch|p1a: Talonflame|Talonflame, F|82/100
|move|p2a: Great Tusk|Stealth Rock|p1a: Talonflame
|-sidestart|p1: Jmoneyy1212|move: Stealth Rock
|
|-heal|p1a: Talonflame|89/100|[from] item: Leftovers
|-damage|p2a: Great Tusk|68/100 brn|[from] brn
|upkeep
|turn|9
|
|t:|1743790669
|-end|p2a: Great Tusk|Protosynthesis|[silent]
|switch|p2a: Walking Wake|Walking Wake|100/100
|move|p1a: Talonflame|Defog|p2a: Walking Wake
|-unboost|p2a: Walking Wake|evasion|1
|-sideend|p1: Jmoneyy1212|Stealth Rock|[from] move: Defog|[of] p1a: Talonflame
|
|-heal|p1a: Talonflame|95/100|[from] item: Leftovers
|upkeep
|turn|10
|
|t:|1743790698
|switch|p1a: Alomomola|Alomomola, M|100/100
|move|p2a: Walking Wake|Flip Turn|p1a: Alomomola
|-resisted|p1a: Alomomola
|-damage|p1a: Alomomola|96/100
|
|t:|1743790704
|-end|p2a: Walking Wake|Protosynthesis|[silent]
|switch|p2a: Whimsicott|Whimsicott, M|100/100|[from] Flip Turn
|
|upkeep
|turn|11
|inactive|Jmoneyy1212 has 120 seconds left.
|
|t:|1743790732
|move|p2a: Whimsicott|Giga Drain|p1a: Alomomola
|-supereffective|p1a: Alomomola
|-damage|p1a: Alomomola|36/100
|-damage|p2a: Whimsicott|91/100|[from] item: Life Orb
|move|p1a: Alomomola|Flip Turn|p2a: Whimsicott
|-resisted|p2a: Whimsicott
|-damage|p2a: Whimsicott|80/100
|
|t:|1743790747
|switch|p1a: Excadrill|Excadrill, M|100/100|[from] Flip Turn
|
|upkeep
|turn|12
|
|t:|1743790773
|switch|p2a: Walking Wake|Walking Wake|100/100
|move|p1a: Excadrill|Earthquake|p2a: Walking Wake
|-damage|p2a: Walking Wake|27/100
|
|upkeep
|turn|13
|
|t:|1743790779
|switch|p1a: Alomomola|Alomomola, M|69/100
|move|p2a: Walking Wake|Hydro Steam|p1a: Alomomola
|-resisted|p1a: Alomomola
|-damage|p1a: Alomomola|53/100
|
|upkeep
|turn|14
|
|t:|1743790786
|switch|p1a: Tyranitar|Tyranitar, M|82/100
|-weather|Sandstorm|[from] ability: Sand Stream|[of] p1a: Tyranitar
|move|p2a: Walking Wake|Draco Meteor|p1a: Tyranitar
|-damage|p1a: Tyranitar|57/100
|-unboost|p2a: Walking Wake|spa|2
|
|-weather|Sandstorm|[upkeep]
|-damage|p2a: Walking Wake|21/100|[from] Sandstorm
|-heal|p1a: Tyranitar|63/100|[from] item: Leftovers
|upkeep
|turn|15
|inactive|Jmoneyy1212 has 120 seconds left.
|
|t:|1743790799
|move|p2a: Walking Wake|Flip Turn|p1a: Tyranitar
|-supereffective|p1a: Tyranitar
|-damage|p1a: Tyranitar|38/100
|
|t:|1743790808
|-end|p2a: Walking Wake|Protosynthesis|[silent]
|switch|p2a: Comfey|Comfey, F|100/100|[from] Flip Turn
|move|p1a: Tyranitar|Stealth Rock|p2a: Comfey
|-sidestart|p2: Zaxa2|move: Stealth Rock
|
|-weather|Sandstorm|[upkeep]
|-damage|p2a: Comfey|94/100|[from] Sandstorm
|-heal|p1a: Tyranitar|44/100|[from] item: Leftovers
|upkeep
|turn|16
|inactive|Jmoneyy1212 has 120 seconds left.
|
|t:|1743790835
|switch|p1a: Excadrill|Excadrill, M|100/100
|move|p2a: Comfey|Draining Kiss|p1a: Excadrill
|-resisted|p1a: Excadrill
|-damage|p1a: Excadrill|84/100
|-heal|p2a: Comfey|100/100|[from] drain|[of] p1a: Excadrill
|-damage|p2a: Comfey|91/100|[from] item: Life Orb
|
|-weather|Sandstorm|[upkeep]
|-damage|p2a: Comfey|84/100|[from] Sandstorm
|upkeep
|turn|17
|
|t:|1743790846
|switch|p2a: Whimsicott|Whimsicott, M|80/100
|-damage|p2a: Whimsicott|67/100|[from] Stealth Rock
|move|p1a: Excadrill|Iron Head|p2a: Whimsicott
|-supereffective|p2a: Whimsicott
|-damage|p2a: Whimsicott|0 fnt
|faint|p2a: Whimsicott
|
|-weather|Sandstorm|[upkeep]
|upkeep
|
|t:|1743790849
|switch|p2a: Ninetales|Ninetales, F|100/100
|-damage|p2a: Ninetales|76/100|[from] Stealth Rock
|-weather|SunnyDay|[from] ability: Drought|[of] p2a: Ninetales
|turn|18
|
|t:|1743790851
|switch|p1a: Tyranitar|Tyranitar, M|44/100
|-weather|Sandstorm|[from] ability: Sand Stream|[of] p1a: Tyranitar
|move|p2a: Ninetales|Weather Ball|p1a: Tyranitar
|-damage|p1a: Tyranitar|36/100
|
|-weather|Sandstorm|[upkeep]
|-damage|p2a: Ninetales|70/100|[from] Sandstorm
|-heal|p1a: Tyranitar|42/100|[from] item: Leftovers
|upkeep
|turn|19
|inactive|Jmoneyy1212 has 120 seconds left.
|
|t:|1743790867
|switch|p2a: Great Tusk|Great Tusk|68/100 brn
|-damage|p2a: Great Tusk|65/100 brn|[from] Stealth Rock
|switch|p1a: Alomomola|Alomomola, M|86/100
|
|-weather|Sandstorm|[upkeep]
|-damage|p1a: Alomomola|80/100|[from] Sandstorm
|-damage|p2a: Great Tusk|59/100 brn|[from] brn
|upkeep
|turn|20
|
|t:|1743790872
|move|p2a: Great Tusk|Rapid Spin|p1a: Alomomola
|-damage|p1a: Alomomola|75/100
|-boost|p2a: Great Tusk|spe|1
|-sideend|p2: Zaxa2|Stealth Rock|[from] move: Rapid Spin|[of] p2a: Great Tusk
|move|p1a: Alomomola|Wish|p1a: Alomomola
|
|-weather|Sandstorm|[upkeep]
|-damage|p1a: Alomomola|69/100|[from] Sandstorm
|-damage|p2a: Great Tusk|53/100 brn|[from] brn
|upkeep
|turn|21
|
|t:|1743790887
|-end|p2a: Great Tusk|Protosynthesis|[silent]
|switch|p2a: Walking Wake|Walking Wake|21/100
|move|p1a: Alomomola|Flip Turn|p2a: Walking Wake
|-resisted|p2a: Walking Wake
|-damage|p2a: Walking Wake|17/100
|
|t:|1743790892
|switch|p1a: Tyranitar|Tyranitar, M|42/100|[from] Flip Turn
|
|-weather|Sandstorm|[upkeep]
|-damage|p2a: Walking Wake|11/100|[from] Sandstorm
|-heal|p1a: Tyranitar|100/100|[from] move: Wish|[wisher] Alomomola
|upkeep
|turn|22
|
|t:|1743790900
|switch|p1a: Alomomola|Alomomola, M|100/100
|move|p2a: Walking Wake|Flip Turn|p1a: Alomomola
|-resisted|p1a: Alomomola
|-crit|p1a: Alomomola
|-damage|p1a: Alomomola|92/100
|
|t:|1743790910
|-end|p2a: Walking Wake|Protosynthesis|[silent]
|switch|p2a: Ninetales|Ninetales, F|70/100|[from] Flip Turn
|-weather|SunnyDay|[from] ability: Drought|[of] p2a: Ninetales
|
|-weather|SunnyDay|[upkeep]
|upkeep
|turn|23
|
|t:|1743790914
|move|p2a: Ninetales|Solar Beam||[still]
|-prepare|p2a: Ninetales|Solar Beam
|-anim|p2a: Ninetales|Solar Beam|p1a: Alomomola
|-supereffective|p1a: Alomomola
|-damage|p1a: Alomomola|51/100
|move|p1a: Alomomola|Flip Turn|p2a: Ninetales
|-supereffective|p2a: Ninetales
|-damage|p2a: Ninetales|52/100
|
|t:|1743790921
|switch|p1a: Tyranitar|Tyranitar, M|100/100|[from] Flip Turn
|-weather|Sandstorm|[from] ability: Sand Stream|[of] p1a: Tyranitar
|
|-weather|Sandstorm|[upkeep]
|-damage|p2a: Ninetales|46/100|[from] Sandstorm
|upkeep
|turn|24
|
|t:|1743790925
|move|p2a: Ninetales|Healing Wish|p2a: Ninetales
|faint|p2a: Ninetales
|move|p1a: Tyranitar|Stealth Rock|p2: Ninetales
|-sidestart|p2: Zaxa2|move: Stealth Rock
|
|-weather|Sandstorm|[upkeep]
|upkeep
|
|t:|1743790951
|switch|p2a: Great Tusk|Great Tusk|53/100 brn
|-heal|p2a: Great Tusk|100/100|[from] move: Healing Wish
|-damage|p2a: Great Tusk|98/100|[from] Stealth Rock
|turn|25
|
|t:|1743790960
|switch|p1a: Talonflame|Talonflame, F|95/100
|move|p2a: Great Tusk|Headlong Rush|p1a: Talonflame
|-immune|p1a: Talonflame
|
|-weather|Sandstorm|[upkeep]
|-damage|p1a: Talonflame|89/100|[from] Sandstorm
|-heal|p1a: Talonflame|95/100|[from] item: Leftovers
|upkeep
|turn|26
|
|t:|1743790967
|-end|p2a: Great Tusk|Protosynthesis|[silent]
|switch|p2a: Walking Wake|Walking Wake|11/100
|-damage|p2a: Walking Wake|0 fnt|[from] Stealth Rock
|faint|p2a: Walking Wake
|-end|p2a: Walking Wake|Protosynthesis|[silent]
|move|p1a: Talonflame|Will-O-Wisp|p2: Walking Wake|[notarget]
|-fail|p1a: Talonflame
|
|-weather|Sandstorm|[upkeep]
|-damage|p1a: Talonflame|89/100|[from] Sandstorm
|-heal|p1a: Talonflame|95/100|[from] item: Leftovers
|upkeep
|
|t:|1743790976
|switch|p2a: Iron Moth|Iron Moth|89/100
|-damage|p2a: Iron Moth|64/100|[from] Stealth Rock
|turn|27
|
|t:|1743790982
|switch|p1a: Tyranitar|Tyranitar, M|100/100
|move|p2a: Iron Moth|Fiery Dance|p1a: Tyranitar
|-resisted|p1a: Tyranitar
|-damage|p1a: Tyranitar|91/100
|
|-weather|none
|-heal|p1a: Tyranitar|97/100|[from] item: Leftovers
|upkeep
|turn|28
|
|t:|1743790999
|-end|p2a: Iron Moth|Quark Drive|[silent]
|switch|p2a: Great Tusk|Great Tusk|98/100
|-damage|p2a: Great Tusk|95/100|[from] Stealth Rock
|move|p1a: Tyranitar|Thunder Wave|p2a: Great Tusk
|-immune|p2a: Great Tusk
|
|-heal|p1a: Tyranitar|100/100|[from] item: Leftovers
|upkeep
|turn|29
|
|t:|1743791008
|-end|p2a: Great Tusk|Protosynthesis|[silent]
|switch|p2a: Iron Moth|Iron Moth|64/100
|-damage|p2a: Iron Moth|39/100|[from] Stealth Rock
|switch|p1a: Talonflame|Talonflame, F|95/100
|
|-heal|p1a: Talonflame|100/100|[from] item: Leftovers
|upkeep
|turn|30
|
|t:|1743791013
|switch|p1a: Tyranitar|Tyranitar, M|100/100
|-weather|Sandstorm|[from] ability: Sand Stream|[of] p1a: Tyranitar
|move|p2a: Iron Moth|Sludge Wave|p1a: Tyranitar
|-resisted|p1a: Tyranitar
|-damage|p1a: Tyranitar|90/100
|
|-weather|Sandstorm|[upkeep]
|-damage|p2a: Iron Moth|33/100|[from] Sandstorm
|-heal|p1a: Tyranitar|97/100|[from] item: Leftovers
|upkeep
|turn|31
|-message|Zaxa2 forfeited.
|
|win|Jmoneyy1212
|raw|Jmoneyy1212's rating: 1472 &rarr; <strong>1493</strong><br />(+21 for winning)
|raw|Zaxa2's rating: 1495 &rarr; <strong>1474</strong><br />(-21 for losing)
