|j|☆Ceron75
|j|☆goobler34
|t:|1743876517
|gametype|singles
|player|p1|Ceron75|colress|1229
|player|p2|goobler34|petrel|1269
|teamsize|p1|6
|teamsize|p2|6
|gen|9
|tier|[Gen 9] OU
|rated|
|rule|HP Percentage Mod: HP is shown in percentages
|rule|Endless Battle Clause: Forcing endless battles is banned
|rule|Species Clause: Limit one of each Pokémon
|rule|OHKO Clause: OHKO moves are banned
|rule|Evasion Items Clause: Evasion items are banned
|rule|Evasion Moves Clause: Evasion moves are banned
|rule|Sleep Moves Clause: Sleep-inducing moves are banned
|clearpoke
|poke|p1|Samurott-Hisui, M|
|poke|p1|Murkrow, M|
|poke|p1|Ribombee, F|
|poke|p1|Clodsire, F|
|poke|p1|Corviknight, M|
|poke|p1|Kingambit, M|
|poke|p2|Cinderace, M|
|poke|p2|Araquanid, F|
|poke|p2|Malamar, F|
|poke|p2|Sinistcha|
|poke|p2|Bisharp, M|
|poke|p2|Klefki, M|
|teampreview
|inactive|Battle timer is ON: inactive players will automatically lose when time's up. (requested by Ceron75)
|
|t:|1743876536
|start
|switch|p1a: Ribombee|Ribombee, F|100/100
|switch|p2a: Cinderace|Cinderace, M|100/100
|turn|1
|
|t:|1743876544
|switch|p1a: Murkrow|Murkrow, M|100/100
|move|p2a: Cinderace|Pyro Ball|p1a: Murkrow
|-enditem|p1a: Murkrow|Focus Sash
|-damage|p1a: Murkrow|1/100
|
|upkeep
|turn|2
|
|t:|1743876552
|move|p1a: Murkrow|Taunt|p2a: Cinderace
|-start|p2a: Cinderace|move: Taunt
|move|p2a: Cinderace|U-turn|p1a: Murkrow
|-start|p2a: Cinderace|typechange|Bug|[from] ability: Libero
|-damage|p1a: Murkrow|0 fnt
|faint|p1a: Murkrow
|
|t:|1743876560
|switch|p2a: Klefki|Klefki, M|100/100|[from] U-turn
|
|upkeep
|
|t:|1743876565
|switch|p1a: Ribombee|Ribombee, F|100/100
|turn|3
|
|t:|1743876576
|move|p2a: Klefki|Switcheroo|p1a: Ribombee
|-activate|p2a: Klefki|move: Trick|[of] p1a: Ribombee
|-item|p1a: Ribombee|Lagging Tail|[from] move: Switcheroo
|-item|p2a: Klefki|Focus Sash|[from] move: Switcheroo
|move|p1a: Ribombee|U-turn|p2a: Klefki
|-resisted|p2a: Klefki
|-damage|p2a: Klefki|98/100
|
|t:|1743876585
|switch|p1a: Corviknight|Corviknight, M|100/100|[from] U-turn
|-ability|p1a: Corviknight|Pressure
|
|upkeep
|turn|4
|
|t:|1743876587
|move|p2a: Klefki|Thunder Wave|p1a: Corviknight
|-status|p1a: Corviknight|par
|cant|p1a: Corviknight|par
|
|upkeep
|turn|5
|
|t:|1743876593
|switch|p2a: Araquanid|Araquanid, F|100/100
|move|p1a: Corviknight|U-turn|p2a: Araquanid
|-damage|p2a: Araquanid|88/100
|
|t:|1743876609
|switch|p1a: Ribombee|Ribombee, F|100/100|[from] U-turn
|
|upkeep
|turn|6
|
|t:|1743876615
|move|p2a: Araquanid|Sticky Web|p1a: Ribombee
|-sidestart|p1: Ceron75|move: Sticky Web
|move|p1a: Ribombee|Sticky Web|p2a: Araquanid
|-sidestart|p2: goobler34|move: Sticky Web
|
|upkeep
|turn|7
|
|t:|1743876627
|switch|p1a: Corviknight|Corviknight, M|100/100 par
|-ability|p1a: Corviknight|Pressure
|move|p2a: Araquanid|Liquidation|p1a: Corviknight
|-damage|p1a: Corviknight|76/100 par
|
|upkeep
|turn|8
|
|t:|1743876639
|switch|p2a: Klefki|Klefki, M|98/100
|-activate|p2a: Klefki|move: Sticky Web
|-unboost|p2a: Klefki|spe|1
|move|p1a: Corviknight|U-turn|p2a: Klefki
|-resisted|p2a: Klefki
|-damage|p2a: Klefki|95/100
|
|t:|1743876647
|switch|p1a: Clodsire|Clodsire, F|100/100|[from] U-turn
|-activate|p1a: Clodsire|move: Sticky Web
|-unboost|p1a: Clodsire|spe|1
|
|upkeep
|turn|9
|
|t:|1743876657
|move|p2a: Klefki|Switcheroo|p1a: Clodsire
|-activate|p2a: Klefki|move: Trick|[of] p1a: Clodsire
|-item|p1a: Clodsire|Focus Sash|[from] move: Switcheroo
|-item|p2a: Klefki|Leftovers|[from] move: Switcheroo
|move|p1a: Clodsire|Earthquake|p2a: Klefki
|-supereffective|p2a: Klefki
|-damage|p2a: Klefki|51/100
|
|-heal|p2a: Klefki|57/100|[from] item: Leftovers
|upkeep
|turn|10
|
|t:|1743876670
|move|p2a: Klefki|Spikes|p1a: Clodsire
|-sidestart|p1: Ceron75|Spikes
|move|p1a: Clodsire|Toxic|p2a: Klefki
|-immune|p2a: Klefki
|
|-heal|p2a: Klefki|63/100|[from] item: Leftovers
|upkeep
|turn|11
|
|t:|1743876673
|move|p2a: Klefki|Spikes|p1a: Clodsire
|-sidestart|p1: Ceron75|Spikes
|move|p1a: Clodsire|Earthquake|p2a: Klefki
|-supereffective|p2a: Klefki
|-damage|p2a: Klefki|21/100
|
|-heal|p2a: Klefki|27/100|[from] item: Leftovers
|upkeep
|turn|12
|
|t:|1743876681
|move|p2a: Klefki|Spikes|p1a: Clodsire
|-sidestart|p1: Ceron75|Spikes
|move|p1a: Clodsire|Earthquake|p2a: Klefki
|-supereffective|p2a: Klefki
|-damage|p2a: Klefki|0 fnt
|faint|p2a: Klefki
|
|upkeep
|
|t:|1743876687
|switch|p2a: Bisharp|Bisharp, M|100/100
|-activate|p2a: Bisharp|move: Sticky Web
|-unboost|p2a: Bisharp|spe|1
|-ability|p2a: Bisharp|Defiant|boost
|-boost|p2a: Bisharp|atk|2
|turn|13
|
|t:|1743876696
|move|p2a: Bisharp|Iron Head|p1a: Clodsire
|-damage|p1a: Clodsire|62/100
|move|p1a: Clodsire|Earthquake|p2a: Bisharp
|-supereffective|p2a: Bisharp
|-damage|p2a: Bisharp|59/100
|
|upkeep
|turn|14
|
|t:|1743876711
|switch|p2a: Araquanid|Araquanid, F|88/100
|-activate|p2a: Araquanid|move: Sticky Web
|-unboost|p2a: Araquanid|spe|1
|switch|p1a: Corviknight|Corviknight, M|76/100 par
|-ability|p1a: Corviknight|Pressure
|
|upkeep
|turn|15
|
|t:|1743876716
|switch|p2a: Cinderace|Cinderace, M|100/100
|move|p1a: Corviknight|Defog|p2a: Cinderace
|-unboost|p2a: Cinderace|evasion|1
|-sideend|p2: goobler34|Sticky Web|[from] move: Defog|[of] p1a: Corviknight
|-sideend|p1: Ceron75|Spikes|[from] move: Defog|[of] p1a: Corviknight
|-sideend|p1: Ceron75|Sticky Web|[from] move: Defog|[of] p1a: Corviknight
|
|upkeep
|turn|16
|
|t:|1743876724
|switch|p1a: Ribombee|Ribombee, F|100/100
|move|p2a: Cinderace|Pyro Ball|p1a: Ribombee
|-supereffective|p1a: Ribombee
|-damage|p1a: Ribombee|0 fnt
|faint|p1a: Ribombee
|
|upkeep
|
|t:|1743876733
|switch|p1a: Samurott|Samurott-Hisui, M|100/100
|turn|17
|
|t:|1743876745
|move|p1a: Samurott|Aqua Cutter|p2a: Cinderace
|-supereffective|p2a: Cinderace
|-damage|p2a: Cinderace|0 fnt
|faint|p2a: Cinderace
|
|upkeep
|
|t:|1743876752
|switch|p2a: Araquanid|Araquanid, F|88/100
|turn|18
|
|t:|1743876758
|switch|p1a: Corviknight|Corviknight, M|76/100 par
|-ability|p1a: Corviknight|Pressure
|move|p2a: Araquanid|Sticky Web|p1a: Corviknight
|-sidestart|p1: Ceron75|move: Sticky Web
|
|upkeep
|turn|19
|
|t:|1743876767
|switch|p2a: Malamar|Malamar, F|100/100
|move|p1a: Corviknight|U-turn|p2a: Malamar
|-supereffective|p2a: Malamar
|-damage|p2a: Malamar|30/100
|
|t:|1743876778
|switch|p1a: Samurott|Samurott-Hisui, M|100/100|[from] U-turn
|-activate|p1a: Samurott|move: Sticky Web
|-unboost|p1a: Samurott|spe|1
|
|upkeep
|turn|20
|
|t:|1743876786
|switch|p1a: Corviknight|Corviknight, M|76/100 par
|-ability|p1a: Corviknight|Pressure
|-terastallize|p2a: Malamar|Fighting
|move|p2a: Malamar|Rest|p2a: Malamar
|-status|p2a: Malamar|slp|[from] move: Rest
|-heal|p2a: Malamar|100/100 slp|[silent]
|-enditem|p2a: Malamar|Chesto Berry|[eat]
|-curestatus|p2a: Malamar|slp|[msg]
|
|upkeep
|turn|21
|
|t:|1743876797
|move|p2a: Malamar|Superpower|p1a: Corviknight
|-damage|p1a: Corviknight|41/100 par
|-boost|p2a: Malamar|atk|1
|-boost|p2a: Malamar|def|1
|move|p1a: Corviknight|Defog|p2a: Malamar
|-boost|p2a: Malamar|evasion|1
|-sideend|p1: Ceron75|Sticky Web|[from] move: Defog|[of] p1a: Corviknight
|
|upkeep
|turn|22
|c|☆goobler34|lets hope that helps me
|
|t:|1743876817
|move|p2a: Malamar|Knock Off|p1a: Corviknight
|-damage|p1a: Corviknight|4/100 par
|-enditem|p1a: Corviknight|Heavy-Duty Boots|[from] move: Knock Off|[of] p2a: Malamar
|move|p1a: Corviknight|U-turn|p2a: Malamar
|-resisted|p2a: Malamar
|-damage|p2a: Malamar|94/100
|
|t:|1743876826
|switch|p1a: Clodsire|Clodsire, F|62/100|[from] U-turn
|
|upkeep
|turn|23
|
|t:|1743876833
|move|p2a: Malamar|Knock Off|p1a: Clodsire
|-damage|p1a: Clodsire|27/100
|-enditem|p1a: Clodsire|Focus Sash|[from] move: Knock Off|[of] p2a: Malamar
|move|p1a: Clodsire|Recover|p1a: Clodsire
|-heal|p1a: Clodsire|77/100
|
|upkeep
|turn|24
|
|t:|1743876847
|switch|p2a: Bisharp|Bisharp, M|59/100
|-terastallize|p1a: Clodsire|Ghost
|move|p1a: Clodsire|Toxic|p2a: Bisharp
|-immune|p2a: Bisharp
|
|upkeep
|turn|25
|
|t:|1743876854
|switch|p1a: Corviknight|Corviknight, M|4/100 par
|-ability|p1a: Corviknight|Pressure
|move|p2a: Bisharp|Throat Chop|p1a: Corviknight
|-damage|p1a: Corviknight|0 fnt
|faint|p1a: Corviknight
|
|upkeep
|
|t:|1743876861
|switch|p1a: Samurott|Samurott-Hisui, M|100/100
|turn|26
|c|☆goobler34|idk about that tera
|
|t:|1743876865
|switch|p2a: Araquanid|Araquanid, F|88/100
|move|p1a: Samurott|Sacred Sword|p2a: Araquanid
|-resisted|p2a: Araquanid
|-damage|p2a: Araquanid|67/100
|
|upkeep
|turn|27
|
|t:|1743876874
|switch|p1a: Clodsire|Clodsire, F, tera:Ghost|77/100
|move|p2a: Araquanid|Sticky Web|p1a: Clodsire
|-sidestart|p1: Ceron75|move: Sticky Web
|
|upkeep
|turn|28
|
|t:|1743876879
|move|p2a: Araquanid|Liquidation|p1a: Clodsire
|-damage|p1a: Clodsire|40/100
|move|p1a: Clodsire|Toxic|p2a: Araquanid
|-status|p2a: Araquanid|tox
|
|-damage|p2a: Araquanid|61/100 tox|[from] psn
|upkeep
|turn|29
|
|t:|1743876885
|move|p2a: Araquanid|Liquidation|p1a: Clodsire
|-damage|p1a: Clodsire|2/100
|move|p1a: Clodsire|Recover|p1a: Clodsire
|-heal|p1a: Clodsire|52/100
|
|-damage|p2a: Araquanid|48/100 tox|[from] psn
|upkeep
|turn|30
|
|t:|1743876894
|move|p2a: Araquanid|Liquidation|p1a: Clodsire
|-damage|p1a: Clodsire|18/100
|-unboost|p1a: Clodsire|def|1
|move|p1a: Clodsire|Recover|p1a: Clodsire
|-heal|p1a: Clodsire|68/100
|
|-damage|p2a: Araquanid|30/100 tox|[from] psn
|upkeep
|turn|31
|
|t:|1743876908
|switch|p1a: Samurott|Samurott-Hisui, M|100/100
|-activate|p1a: Samurott|move: Sticky Web
|-unboost|p1a: Samurott|spe|1
|move|p2a: Araquanid|Liquidation|p1a: Samurott
|-resisted|p1a: Samurott
|-damage|p1a: Samurott|74/100
|
|-damage|p2a: Araquanid|5/100 tox|[from] psn
|upkeep
|turn|32
|-enditem|p2a: Araquanid|Custap Berry|[eat]
|-activate|p2a: Araquanid|item: Custap Berry|[consumed]
|
|t:|1743876921
|move|p2a: Araquanid|Endeavor|p1a: Samurott
|-damage|p1a: Samurott|5/100
|move|p1a: Samurott|Aqua Cutter|p2a: Araquanid
|-resisted|p2a: Araquanid
|-damage|p2a: Araquanid|0 fnt
|faint|p2a: Araquanid
|
|upkeep
|-message|goobler34 forfeited.
|
|win|Ceron75
|raw|Ceron75's rating: 1229 &rarr; <strong>1257</strong><br />(+28 for winning)
|raw|goobler34's rating: 1269 &rarr; <strong>1241</strong><br />(-28 for losing)
|l|☆goobler34
|player|p2|
