|j|☆54 Insane Rats
|j|☆Golisopod Enjoyer
|t:|1743896989
|gametype|singles
|player|p1|54 Insane Rats|supernerd|1719
|player|p2|Golisopod Enjoyer|bugcatcher-gen4dp|1775
|teamsize|p1|6
|teamsize|p2|6
|gen|9
|tier|[Gen 9] OU
|rated|
|rule|HP Percentage Mod: HP is shown in percentages
|rule|Endless Battle Clause: Forcing endless battles is banned
|rule|Species Clause: Limit one of each Pokémon
|rule|OHKO Clause: OHKO moves are banned
|rule|Evasion Items Clause: Evasion items are banned
|rule|Evasion Moves Clause: Evasion moves are banned
|rule|Sleep Moves Clause: Sleep-inducing moves are banned
|clearpoke
|poke|p1|Zamazenta-*|
|poke|p1|Dragapult, F|
|poke|p1|Walking Wake|
|poke|p1|Slowking-Galar, M|
|poke|p1|Skarmory, M|
|poke|p1|Garganacl, F|
|poke|p2|Iron Crown|
|poke|p2|Samurott-Hisui, M|
|poke|p2|Moltres|
|poke|p2|Scizor, F|
|poke|p2|Great Tusk|
|poke|p2|Pecharunt|
|teampreview
|inactive|Battle timer is ON: inactive players will automatically lose when time's up. (requested by 54 Insane Rats)
|c|☆Golisopod Enjoyer|gl hf
|
|t:|1743897013
|start
|switch|p1a: Walking Wake|Walking Wake|100/100
|switch|p2a: Samurott|Samurott-Hisui, M|100/100
|turn|1
|
|t:|1743897016
|move|p1a: Walking Wake|Flip Turn|p2a: Samurott
|-resisted|p2a: Samurott
|-damage|p2a: Samurott|93/100
|
|t:|1743897018
|-end|p1a: Walking Wake|Protosynthesis|[silent]
|switch|p1a: Skarmory|Skarmory, M|100/100|[from] Flip Turn
|move|p2a: Samurott|Ceaseless Edge|p1a: Skarmory
|-damage|p1a: Skarmory|76/100
|-damage|p2a: Samurott|76/100|[from] item: Rocky Helmet|[of] p1a: Skarmory
|-sidestart|p1: 54 Insane Rats|Spikes
|
|upkeep
|turn|2
|
|t:|1743897024
|switch|p2a: Moltres|Moltres|100/100
|move|p1a: Skarmory|Spikes|p2a: Moltres
|-sidestart|p2: Golisopod Enjoyer|Spikes
|
|upkeep
|turn|3
|
|t:|1743897026
|switch|p1a: Slowking|Slowking-Galar, M|100/100
|move|p2a: Moltres|Flamethrower|p1a: Slowking
|-damage|p1a: Slowking|80/100
|-status|p1a: Slowking|brn
|
|-damage|p1a: Slowking|74/100 brn|[from] brn
|upkeep
|turn|4
|
|t:|1743897042
|move|p2a: Moltres|U-turn|p1a: Slowking
|-damage|p1a: Slowking|56/100 brn
|
|t:|1743897046
|switch|p2a: Scizor|Scizor, F|100/100|[from] U-turn
|-damage|p2a: Scizor|88/100|[from] Spikes
|-prepare|p1a: Slowking|Chilly Reception|[premajor]
|move|p1a: Slowking|Chilly Reception|p1a: Slowking
|-weather|Snowscape
|
|t:|1743897053
|switch|p1a: Dragapult|Dragapult, F|100/100|[from] Chilly Reception
|
|-weather|Snowscape|[upkeep]
|upkeep
|turn|5
|
|t:|1743897057
|switch|p2a: Moltres|Moltres|100/100
|move|p1a: Dragapult|Will-O-Wisp|p2a: Moltres
|-immune|p2a: Moltres
|
|-weather|Snowscape|[upkeep]
|upkeep
|turn|6
|
|t:|1743897061
|switch|p1a: Slowking|Slowking-Galar, M|90/100 brn
|move|p2a: Moltres|U-turn|p1a: Slowking
|-damage|p1a: Slowking|74/100 brn
|
|t:|1743897064
|switch|p2a: Scizor|Scizor, F|88/100|[from] U-turn
|-damage|p2a: Scizor|76/100|[from] Spikes
|
|-weather|Snowscape|[upkeep]
|-damage|p1a: Slowking|68/100 brn|[from] brn
|upkeep
|turn|7
|
|t:|1743897067
|switch|p1a: Skarmory|Skarmory, M|76/100
|move|p2a: Scizor|Knock Off|p1a: Skarmory
|-crit|p1a: Skarmory
|-damage|p1a: Skarmory|29/100
|-damage|p2a: Scizor|60/100|[from] item: Rocky Helmet|[of] p1a: Skarmory
|-enditem|p1a: Skarmory|Rocky Helmet|[from] move: Knock Off|[of] p2a: Scizor
|
|-weather|Snowscape|[upkeep]
|upkeep
|turn|8
|
|t:|1743897070
|move|p2a: Scizor|Knock Off|p1a: Skarmory
|-damage|p1a: Skarmory|6/100
|move|p1a: Skarmory|Roost|p1a: Skarmory
|-heal|p1a: Skarmory|56/100
|-singleturn|p1a: Skarmory|move: Roost
|
|-weather|none
|upkeep
|turn|9
|
|t:|1743897073
|switch|p2a: Moltres|Moltres|100/100
|move|p1a: Skarmory|Roost|p1a: Skarmory
|-heal|p1a: Skarmory|100/100
|-singleturn|p1a: Skarmory|move: Roost
|
|upkeep
|turn|10
|
|t:|1743897076
|switch|p1a: Slowking|Slowking-Galar, M|100/100 brn
|move|p2a: Moltres|U-turn|p1a: Slowking
|-damage|p1a: Slowking|82/100 brn
|
|t:|1743897081
|switch|p2a: Great Tusk|Great Tusk|100/100|[from] U-turn
|
|-damage|p1a: Slowking|76/100 brn|[from] brn
|upkeep
|turn|11
|
|t:|1743897092
|switch|p1a: Skarmory|Skarmory, M|100/100
|move|p2a: Great Tusk|Rapid Spin|p1a: Skarmory
|-resisted|p1a: Skarmory
|-damage|p1a: Skarmory|96/100
|-boost|p2a: Great Tusk|spe|1
|-sideend|p2: Golisopod Enjoyer|Spikes|[from] move: Rapid Spin|[of] p2a: Great Tusk
|
|upkeep
|turn|12
|
|t:|1743897094
|move|p2a: Great Tusk|Stealth Rock|p1a: Skarmory
|-sidestart|p1: 54 Insane Rats|move: Stealth Rock
|move|p1a: Skarmory|Spikes|p2a: Great Tusk
|-sidestart|p2: Golisopod Enjoyer|Spikes
|
|upkeep
|turn|13
|
|t:|1743897097
|move|p2a: Great Tusk|Rapid Spin|p1a: Skarmory
|-resisted|p1a: Skarmory
|-damage|p1a: Skarmory|91/100
|-boost|p2a: Great Tusk|spe|1
|-sideend|p2: Golisopod Enjoyer|Spikes|[from] move: Rapid Spin|[of] p2a: Great Tusk
|move|p1a: Skarmory|Spikes|p2a: Great Tusk
|-sidestart|p2: Golisopod Enjoyer|Spikes
|
|upkeep
|turn|14
|
|t:|1743897099
|move|p2a: Great Tusk|Rapid Spin|p1a: Skarmory
|-resisted|p1a: Skarmory
|-damage|p1a: Skarmory|86/100
|-boost|p2a: Great Tusk|spe|1
|-sideend|p2: Golisopod Enjoyer|Spikes|[from] move: Rapid Spin|[of] p2a: Great Tusk
|move|p1a: Skarmory|Spikes|p2a: Great Tusk
|-sidestart|p2: Golisopod Enjoyer|Spikes
|
|upkeep
|turn|15
|
|t:|1743897102
|move|p2a: Great Tusk|Rapid Spin|p1a: Skarmory
|-resisted|p1a: Skarmory
|-damage|p1a: Skarmory|81/100
|-boost|p2a: Great Tusk|spe|1
|-sideend|p2: Golisopod Enjoyer|Spikes|[from] move: Rapid Spin|[of] p2a: Great Tusk
|move|p1a: Skarmory|Body Press|p2a: Great Tusk
|-damage|p2a: Great Tusk|78/100
|
|upkeep
|turn|16
|
|t:|1743897110
|move|p2a: Great Tusk|Ice Spinner|p1a: Skarmory
|-crit|p1a: Skarmory
|-damage|p1a: Skarmory|57/100
|move|p1a: Skarmory|Spikes|p2a: Great Tusk
|-sidestart|p2: Golisopod Enjoyer|Spikes
|
|upkeep
|turn|17
|
|t:|1743897114
|move|p2a: Great Tusk|Ice Spinner|p1a: Skarmory
|-damage|p1a: Skarmory|41/100
|move|p1a: Skarmory|Roost|p1a: Skarmory
|-heal|p1a: Skarmory|91/100
|-singleturn|p1a: Skarmory|move: Roost
|
|upkeep
|turn|18
|
|t:|1743897119
|switch|p1a: Walking Wake|Walking Wake|100/100
|move|p2a: Great Tusk|Rapid Spin|p1a: Walking Wake
|-damage|p1a: Walking Wake|84/100
|-boost|p2a: Great Tusk|spe|1
|-sideend|p2: Golisopod Enjoyer|Spikes|[from] move: Rapid Spin|[of] p2a: Great Tusk
|
|upkeep
|turn|19
|
|t:|1743897125
|-end|p2a: Great Tusk|Protosynthesis|[silent]
|switch|p2a: Samurott|Samurott-Hisui, M|76/100
|move|p1a: Walking Wake|Scald|p2a: Samurott
|-resisted|p2a: Samurott
|-damage|p2a: Samurott|61/100
|
|upkeep
|turn|20
|
|t:|1743897130
|move|p1a: Walking Wake|Draco Meteor|p2a: Samurott
|-damage|p2a: Samurott|16/100
|-unboost|p1a: Walking Wake|spa|2
|move|p2a: Samurott|Ceaseless Edge|p1a: Walking Wake
|-damage|p1a: Walking Wake|45/100
|-sidestart|p1: 54 Insane Rats|Spikes
|
|upkeep
|turn|21
|
|t:|1743897136
|move|p2a: Samurott|Sucker Punch|p1a: Walking Wake
|-damage|p1a: Walking Wake|13/100
|move|p1a: Walking Wake|Flip Turn|p2a: Samurott
|-resisted|p2a: Samurott
|-damage|p2a: Samurott|8/100
|
|t:|1743897149
|-end|p1a: Walking Wake|Protosynthesis|[silent]
|switch|p1a: Skarmory|Skarmory, M|91/100|[from] Flip Turn
|-damage|p1a: Skarmory|79/100|[from] Stealth Rock
|
|upkeep
|turn|22
|
|t:|1743897155
|move|p2a: Samurott|Ceaseless Edge|p1a: Skarmory
|-damage|p1a: Skarmory|53/100
|-sidestart|p1: 54 Insane Rats|Spikes
|move|p1a: Skarmory|Spikes|p2a: Samurott
|-sidestart|p2: Golisopod Enjoyer|Spikes
|
|upkeep
|turn|23
|
|t:|1743897164
|move|p2a: Samurott|Flip Turn|p1a: Skarmory
|-damage|p1a: Skarmory|40/100
|
|t:|1743897167
|switch|p2a: Moltres|Moltres|100/100|[from] Flip Turn
|move|p1a: Skarmory|Roost|p1a: Skarmory
|-heal|p1a: Skarmory|90/100
|-singleturn|p1a: Skarmory|move: Roost
|
|upkeep
|turn|24
|
|t:|1743897170
|switch|p1a: Slowking|Slowking-Galar, M|100/100 brn
|move|p2a: Moltres|Flamethrower|p1a: Slowking
|-damage|p1a: Slowking|77/100 brn
|
|-damage|p1a: Slowking|71/100 brn|[from] brn
|upkeep
|turn|25
|
|t:|1743897175
|move|p2a: Moltres|Brave Bird|p1a: Slowking
|-damage|p1a: Slowking|26/100 brn
|-damage|p2a: Moltres|85/100|[from] Recoil
|-prepare|p1a: Slowking|Chilly Reception|[premajor]
|move|p1a: Slowking|Chilly Reception|p1a: Slowking
|-weather|Snowscape
|
|t:|1743897179
|switch|p1a: Garganacl|Garganacl, F|100/100|[from] Chilly Reception
|
|-weather|Snowscape|[upkeep]
|upkeep
|turn|26
|
|t:|1743897181
|move|p2a: Moltres|U-turn|p1a: Garganacl
|-damage|p1a: Garganacl|91/100
|
|t:|1743897183
|switch|p2a: Samurott|Samurott-Hisui, M|8/100|[from] U-turn
|-damage|p2a: Samurott|0 fnt|[from] Spikes
|faint|p2a: Samurott
|move|p1a: Garganacl|Salt Cure|p2: Samurott|[notarget]
|-fail|p1a: Garganacl
|
|-weather|Snowscape|[upkeep]
|upkeep
|
|t:|1743897188
|switch|p2a: Great Tusk|Great Tusk|78/100
|turn|27
|
|t:|1743897203
|switch|p1a: Skarmory|Skarmory, M|90/100
|-damage|p1a: Skarmory|77/100|[from] Stealth Rock
|move|p2a: Great Tusk|Rapid Spin|p1a: Skarmory
|-resisted|p1a: Skarmory
|-damage|p1a: Skarmory|72/100
|-boost|p2a: Great Tusk|spe|1
|-sideend|p2: Golisopod Enjoyer|Spikes|[from] move: Rapid Spin|[of] p2a: Great Tusk
|
|-weather|Snowscape|[upkeep]
|upkeep
|turn|28
|
|t:|1743897207
|move|p2a: Great Tusk|Ice Spinner|p1a: Skarmory
|-damage|p1a: Skarmory|55/100
|move|p1a: Skarmory|Spikes|p2a: Great Tusk
|-sidestart|p2: Golisopod Enjoyer|Spikes
|
|-weather|Snowscape|[upkeep]
|upkeep
|turn|29
|
|t:|1743897209
|move|p2a: Great Tusk|Ice Spinner|p1a: Skarmory
|-damage|p1a: Skarmory|39/100
|move|p1a: Skarmory|Roost|p1a: Skarmory
|-heal|p1a: Skarmory|89/100
|-singleturn|p1a: Skarmory|move: Roost
|
|-weather|none
|upkeep
|turn|30
|
|t:|1743897210
|move|p2a: Great Tusk|Ice Spinner|p1a: Skarmory
|-damage|p1a: Skarmory|73/100
|move|p1a: Skarmory|Iron Defense|p1a: Skarmory
|-boost|p1a: Skarmory|def|2
|
|upkeep
|turn|31
|
|t:|1743897212
|move|p2a: Great Tusk|Rapid Spin|p1a: Skarmory
|-resisted|p1a: Skarmory
|-damage|p1a: Skarmory|71/100
|-boost|p2a: Great Tusk|spe|1
|-sideend|p2: Golisopod Enjoyer|Spikes|[from] move: Rapid Spin|[of] p2a: Great Tusk
|move|p1a: Skarmory|Spikes|p2a: Great Tusk
|-sidestart|p2: Golisopod Enjoyer|Spikes
|
|upkeep
|turn|32
|
|t:|1743897214
|move|p2a: Great Tusk|Rapid Spin|p1a: Skarmory
|-resisted|p1a: Skarmory
|-damage|p1a: Skarmory|68/100
|-boost|p2a: Great Tusk|spe|1
|-sideend|p2: Golisopod Enjoyer|Spikes|[from] move: Rapid Spin|[of] p2a: Great Tusk
|move|p1a: Skarmory|Body Press|p2a: Great Tusk
|-damage|p2a: Great Tusk|36/100
|
|upkeep
|turn|33
|
|t:|1743897217
|-end|p2a: Great Tusk|Protosynthesis|[silent]
|switch|p2a: Moltres|Moltres|85/100
|move|p1a: Skarmory|Spikes|p2a: Moltres
|-sidestart|p2: Golisopod Enjoyer|Spikes
|
|upkeep
|turn|34
|
|t:|1743897221
|switch|p1a: Garganacl|Garganacl, F|91/100
|move|p2a: Moltres|U-turn|p1a: Garganacl
|-damage|p1a: Garganacl|80/100
|
|t:|1743897224
|switch|p2a: Great Tusk|Great Tusk|36/100|[from] U-turn
|
|upkeep
|turn|35
|j| logiemerald
|
|t:|1743897227
|switch|p1a: Skarmory|Skarmory, M|68/100
|-damage|p1a: Skarmory|56/100|[from] Stealth Rock
|move|p2a: Great Tusk|Headlong Rush|p1a: Skarmory
|-immune|p1a: Skarmory
|
|upkeep
|turn|36
|
|t:|1743897228
|move|p2a: Great Tusk|Rapid Spin|p1a: Skarmory
|-resisted|p1a: Skarmory
|-damage|p1a: Skarmory|50/100
|-boost|p2a: Great Tusk|spe|1
|-sideend|p2: Golisopod Enjoyer|Spikes|[from] move: Rapid Spin|[of] p2a: Great Tusk
|move|p1a: Skarmory|Roost|p1a: Skarmory
|-heal|p1a: Skarmory|100/100
|-singleturn|p1a: Skarmory|move: Roost
|
|upkeep
|turn|37
|
|t:|1743897231
|-end|p2a: Great Tusk|Protosynthesis|[silent]
|switch|p2a: Moltres|Moltres|85/100
|move|p1a: Skarmory|Spikes|p2a: Moltres
|-sidestart|p2: Golisopod Enjoyer|Spikes
|
|upkeep
|turn|38
|
|t:|1743897238
|switch|p1a: Garganacl|Garganacl, F|80/100
|move|p2a: Moltres|Flamethrower|p1a: Garganacl
|-resisted|p1a: Garganacl
|-crit|p1a: Garganacl
|-damage|p1a: Garganacl|60/100
|
|upkeep
|turn|39
|l| logiemerald
|
|t:|1743897241
|move|p2a: Moltres|U-turn|p1a: Garganacl
|-damage|p1a: Garganacl|49/100
|
|t:|1743897244
|switch|p2a: Pecharunt|Pecharunt|100/100|[from] U-turn
|move|p1a: Garganacl|Recover|p1a: Garganacl
|-heal|p1a: Garganacl|99/100
|
|upkeep
|turn|40
|
|t:|1743897249
|move|p2a: Pecharunt|Parting Shot|p1a: Garganacl
|-unboost|p1a: Garganacl|atk|1
|-unboost|p1a: Garganacl|spa|1
|
|t:|1743897255
|switch|p2a: Great Tusk|Great Tusk|36/100|[from] Parting Shot
|move|p1a: Garganacl|Stealth Rock|p2a: Great Tusk
|-sidestart|p2: Golisopod Enjoyer|move: Stealth Rock
|
|upkeep
|turn|41
|
|t:|1743897258
|move|p2a: Great Tusk|Rapid Spin|p1a: Garganacl
|-resisted|p1a: Garganacl
|-damage|p1a: Garganacl|94/100
|-boost|p2a: Great Tusk|spe|1
|-sideend|p2: Golisopod Enjoyer|Spikes|[from] move: Rapid Spin|[of] p2a: Great Tusk
|-sideend|p2: Golisopod Enjoyer|Stealth Rock|[from] move: Rapid Spin|[of] p2a: Great Tusk
|move|p1a: Garganacl|Salt Cure|p2a: Great Tusk
|-resisted|p2a: Great Tusk
|-damage|p2a: Great Tusk|34/100
|-start|p2a: Great Tusk|Salt Cure
|
|-damage|p2a: Great Tusk|21/100|[from] Salt Cure
|upkeep
|turn|42
|
|t:|1743897265
|-end|p2a: Great Tusk|Protosynthesis|[silent]
|switch|p2a: Scizor|Scizor, F|60/100
|switch|p1a: Skarmory|Skarmory, M|100/100
|-damage|p1a: Skarmory|88/100|[from] Stealth Rock
|
|upkeep
|turn|43
|
|t:|1743897268
|move|p2a: Scizor|U-turn|p1a: Skarmory
|-resisted|p1a: Skarmory
|-damage|p1a: Skarmory|79/100
|
|t:|1743897270
|switch|p2a: Great Tusk|Great Tusk|21/100|[from] U-turn
|move|p1a: Skarmory|Spikes|p2a: Great Tusk
|-sidestart|p2: Golisopod Enjoyer|Spikes
|
|upkeep
|turn|44
|
|t:|1743897274
|move|p2a: Great Tusk|Rapid Spin|p1a: Skarmory
|-resisted|p1a: Skarmory
|-damage|p1a: Skarmory|74/100
|-boost|p2a: Great Tusk|spe|1
|-sideend|p2: Golisopod Enjoyer|Spikes|[from] move: Rapid Spin|[of] p2a: Great Tusk
|move|p1a: Skarmory|Body Press|p2a: Great Tusk
|-damage|p2a: Great Tusk|1/100
|
|upkeep
|turn|45
|
|t:|1743897291
|-end|p2a: Great Tusk|Protosynthesis|[silent]
|switch|p2a: Moltres|Moltres|85/100
|move|p1a: Skarmory|Spikes|p2a: Moltres
|-sidestart|p2: Golisopod Enjoyer|Spikes
|
|upkeep
|turn|46
|
|t:|1743897297
|switch|p1a: Garganacl|Garganacl, F|94/100
|move|p2a: Moltres|U-turn|p1a: Garganacl
|-damage|p1a: Garganacl|84/100
|
|t:|1743897299
|switch|p2a: Great Tusk|Great Tusk|1/100|[from] U-turn
|
|upkeep
|turn|47
|
|t:|1743897303
|switch|p1a: Dragapult|Dragapult, F|100/100
|move|p2a: Great Tusk|Headlong Rush|p1a: Dragapult
|-damage|p1a: Dragapult|28/100
|-unboost|p2a: Great Tusk|def|1
|-unboost|p2a: Great Tusk|spd|1
|
|upkeep
|turn|48
|
|t:|1743897312
|-end|p2a: Great Tusk|Protosynthesis|[silent]
|switch|p2a: Moltres|Moltres|85/100
|move|p1a: Dragapult|U-turn|p2a: Moltres
|-resisted|p2a: Moltres
|-damage|p2a: Moltres|82/100
|
|t:|1743897315
|switch|p1a: Garganacl|Garganacl, F|84/100|[from] U-turn
|
|upkeep
|turn|49
|
|t:|1743897318
|move|p2a: Moltres|U-turn|p1a: Garganacl
|-damage|p1a: Garganacl|74/100
|
|t:|1743897321
|switch|p2a: Pecharunt|Pecharunt|100/100|[from] U-turn
|move|p1a: Garganacl|Salt Cure|p2a: Pecharunt
|-damage|p2a: Pecharunt|92/100
|-start|p2a: Pecharunt|Salt Cure
|
|-damage|p2a: Pecharunt|80/100|[from] Salt Cure
|upkeep
|turn|50
|
|t:|1743897326
|move|p2a: Pecharunt|Malignant Chain|p1a: Garganacl
|-resisted|p1a: Garganacl
|-damage|p1a: Garganacl|63/100
|move|p1a: Garganacl|Salt Cure|p2a: Pecharunt
|-damage|p2a: Pecharunt|72/100
|
|-damage|p2a: Pecharunt|59/100|[from] Salt Cure
|upkeep
|turn|51
|j| STKXY1
|
|t:|1743897335
|move|p2a: Pecharunt|Recover|p2a: Pecharunt
|-heal|p2a: Pecharunt|100/100
|move|p1a: Garganacl|Salt Cure|p2a: Pecharunt
|-crit|p2a: Pecharunt
|-damage|p2a: Pecharunt|87/100
|
|-damage|p2a: Pecharunt|74/100|[from] Salt Cure
|upkeep
|turn|52
|
|t:|1743897338
|move|p2a: Pecharunt|Malignant Chain|p1a: Garganacl
|-resisted|p1a: Garganacl
|-damage|p1a: Garganacl|52/100
|move|p1a: Garganacl|Recover|p1a: Garganacl
|-heal|p1a: Garganacl|100/100
|
|-damage|p2a: Pecharunt|62/100|[from] Salt Cure
|upkeep
|turn|53
|
|t:|1743897340
|move|p2a: Pecharunt|Malignant Chain|p1a: Garganacl
|-resisted|p1a: Garganacl
|-damage|p1a: Garganacl|91/100
|move|p1a: Garganacl|Salt Cure|p2a: Pecharunt
|-damage|p2a: Pecharunt|54/100
|
|-damage|p2a: Pecharunt|41/100|[from] Salt Cure
|upkeep
|turn|54
|
|t:|1743897343
|move|p2a: Pecharunt|Recover|p2a: Pecharunt
|-heal|p2a: Pecharunt|92/100
|move|p1a: Garganacl|Stealth Rock|p2a: Pecharunt
|-sidestart|p2: Golisopod Enjoyer|move: Stealth Rock
|
|-damage|p2a: Pecharunt|79/100|[from] Salt Cure
|upkeep
|turn|55
|
|t:|1743897346
|move|p2a: Pecharunt|Shadow Ball|p1a: Garganacl
|-damage|p1a: Garganacl|82/100
|-unboost|p1a: Garganacl|spd|1
|move|p1a: Garganacl|Salt Cure|p2a: Pecharunt
|-damage|p2a: Pecharunt|71/100
|
|-damage|p2a: Pecharunt|59/100|[from] Salt Cure
|upkeep
|turn|56
|j| ichigo39
|
|t:|1743897359
|move|p2a: Pecharunt|Shadow Ball|p1a: Garganacl
|-damage|p1a: Garganacl|69/100
|move|p1a: Garganacl|Earthquake|p2a: Pecharunt
|-supereffective|p2a: Pecharunt
|-damage|p2a: Pecharunt|31/100
|
|-damage|p2a: Pecharunt|18/100|[from] Salt Cure
|upkeep
|turn|57
|
|t:|1743897366
|move|p2a: Pecharunt|Recover|p2a: Pecharunt
|-heal|p2a: Pecharunt|68/100
|move|p1a: Garganacl|Salt Cure|p2a: Pecharunt
|-damage|p2a: Pecharunt|60/100
|
|-damage|p2a: Pecharunt|47/100|[from] Salt Cure
|upkeep
|turn|58
|
|t:|1743897369
|move|p2a: Pecharunt|Shadow Ball|p1a: Garganacl
|-damage|p1a: Garganacl|57/100
|move|p1a: Garganacl|Recover|p1a: Garganacl
|-heal|p1a: Garganacl|100/100
|
|-damage|p2a: Pecharunt|35/100|[from] Salt Cure
|upkeep
|turn|59
|
|t:|1743897374
|switch|p1a: Dragapult|Dragapult, F|28/100
|move|p2a: Pecharunt|Recover|p2a: Pecharunt
|-heal|p2a: Pecharunt|85/100
|
|-damage|p2a: Pecharunt|73/100|[from] Salt Cure
|upkeep
|turn|60
|
|t:|1743897380
|switch|p2a: Moltres|Moltres|82/100
|move|p1a: Dragapult|U-turn|p2a: Moltres
|-resisted|p2a: Moltres
|-damage|p2a: Moltres|79/100
|
|t:|1743897383
|switch|p1a: Walking Wake|Walking Wake|13/100|[from] U-turn
|
|upkeep
|turn|61
|
|t:|1743897386
|switch|p2a: Pecharunt|Pecharunt|73/100
|move|p1a: Walking Wake|Scald|p2a: Pecharunt
|-damage|p2a: Pecharunt|46/100
|
|upkeep
|turn|62
|inactive|54 Insane Rats has 120 seconds left.
|
|t:|1743897422
|move|p1a: Walking Wake|Flip Turn|p2a: Pecharunt
|-damage|p2a: Pecharunt|36/100
|
|t:|1743897423
|-end|p1a: Walking Wake|Protosynthesis|[silent]
|switch|p1a: Garganacl|Garganacl, F|100/100|[from] Flip Turn
|move|p2a: Pecharunt|Parting Shot|p1a: Garganacl
|-unboost|p1a: Garganacl|atk|1
|-unboost|p1a: Garganacl|spa|1
|
|t:|1743897430
|switch|p2a: Scizor|Scizor, F|60/100|[from] Parting Shot
|-damage|p2a: Scizor|47/100|[from] Spikes
|-damage|p2a: Scizor|35/100|[from] Stealth Rock
|
|upkeep
|turn|63
|j| ibnebatuta3
|
|t:|1743897443
|switch|p1a: Skarmory|Skarmory, M|74/100
|-damage|p1a: Skarmory|62/100|[from] Stealth Rock
|move|p2a: Scizor|Close Combat|p1a: Skarmory
|-damage|p1a: Skarmory|22/100
|-unboost|p2a: Scizor|def|1
|-unboost|p2a: Scizor|spd|1
|
|upkeep
|turn|64
|
|t:|1743897447
|switch|p1a: Dragapult|Dragapult, F|28/100
|move|p2a: Scizor|Close Combat|p1a: Dragapult
|-immune|p1a: Dragapult
|
|upkeep
|turn|65
|
|t:|1743897454
|switch|p2a: Moltres|Moltres|79/100
|move|p1a: Dragapult|Dragon Darts|p2a: Moltres
|-damage|p2a: Moltres|66/100
|-anim|p1a: Dragapult|Dragon Darts|p2a: Moltres
|-damage|p2a: Moltres|51/100
|
|upkeep
|turn|66
|
|t:|1743897458
|switch|p1a: Walking Wake|Walking Wake|13/100
|move|p2a: Moltres|U-turn|p1a: Walking Wake
|-damage|p1a: Walking Wake|0 fnt
|faint|p1a: Walking Wake
|-end|p1a: Walking Wake|Protosynthesis|[silent]
|
|t:|1743897473
|switch|p2a: Scizor|Scizor, F|35/100|[from] U-turn
|-damage|p2a: Scizor|23/100|[from] Spikes
|-damage|p2a: Scizor|11/100|[from] Stealth Rock
|
|upkeep
|
|t:|1743897481
|switch|p1a: Zamazenta|Zamazenta|100/100
|-ability|p1a: Zamazenta|Dauntless Shield|boost
|-boost|p1a: Zamazenta|def|1
|turn|67
|
|t:|1743897487
|switch|p2a: Moltres|Moltres|51/100
|move|p1a: Zamazenta|Close Combat|p2a: Moltres
|-resisted|p2a: Moltres
|-damage|p2a: Moltres|32/100
|-unboost|p1a: Zamazenta|def|1
|-unboost|p1a: Zamazenta|spd|1
|-status|p1a: Zamazenta|brn|[from] ability: Flame Body|[of] p2a: Moltres
|
|-damage|p1a: Zamazenta|94/100 brn|[from] brn
|upkeep
|turn|68
|
|t:|1743897496
|move|p1a: Zamazenta|Close Combat|p2a: Moltres
|-resisted|p2a: Moltres
|-damage|p2a: Moltres|21/100
|-unboost|p1a: Zamazenta|def|1
|-unboost|p1a: Zamazenta|spd|1
|move|p2a: Moltres|Roost|p2a: Moltres
|-heal|p2a: Moltres|71/100
|-singleturn|p2a: Moltres|move: Roost
|
|-damage|p1a: Zamazenta|88/100 brn|[from] brn
|upkeep
|turn|69
|j| rippedpantsbob
|
|t:|1743897500
|move|p1a: Zamazenta|Close Combat|p2a: Moltres
|-resisted|p2a: Moltres
|-damage|p2a: Moltres|61/100
|-unboost|p1a: Zamazenta|def|1
|-unboost|p1a: Zamazenta|spd|1
|move|p2a: Moltres|Roost|p2a: Moltres
|-heal|p2a: Moltres|100/100
|-singleturn|p2a: Moltres|move: Roost
|
|-damage|p1a: Zamazenta|82/100 brn|[from] brn
|upkeep
|turn|70
|
|t:|1743897506
|move|p1a: Zamazenta|Close Combat|p2a: Moltres
|-resisted|p2a: Moltres
|-damage|p2a: Moltres|91/100
|-unboost|p1a: Zamazenta|def|1
|-unboost|p1a: Zamazenta|spd|1
|move|p2a: Moltres|Flamethrower|p1a: Zamazenta
|-damage|p1a: Zamazenta|0 fnt
|faint|p1a: Zamazenta
|
|upkeep
|
|t:|1743897515
|switch|p1a: Garganacl|Garganacl, F|100/100
|turn|71
|
|t:|1743897517
|move|p2a: Moltres|U-turn|p1a: Garganacl
|-damage|p1a: Garganacl|89/100
|
|t:|1743897522
|switch|p2a: Pecharunt|Pecharunt|36/100|[from] U-turn
|move|p1a: Garganacl|Salt Cure|p2a: Pecharunt
|-damage|p2a: Pecharunt|28/100
|-start|p2a: Pecharunt|Salt Cure
|
|-damage|p2a: Pecharunt|16/100|[from] Salt Cure
|upkeep
|turn|72
|
|t:|1743897525
|move|p2a: Pecharunt|Shadow Ball|p1a: Garganacl
|-damage|p1a: Garganacl|80/100
|-unboost|p1a: Garganacl|spd|1
|move|p1a: Garganacl|Earthquake|p2a: Pecharunt
|-supereffective|p2a: Pecharunt
|-damage|p2a: Pecharunt|0 fnt
|faint|p2a: Pecharunt
|
|upkeep
|
|t:|1743897528
|switch|p2a: Great Tusk|Great Tusk|1/100
|turn|73
|
|t:|1743897534
|switch|p1a: Skarmory|Skarmory, M|22/100
|-damage|p1a: Skarmory|10/100|[from] Stealth Rock
|move|p2a: Great Tusk|Ice Spinner|p1a: Skarmory
|-damage|p1a: Skarmory|0 fnt
|faint|p1a: Skarmory
|
|upkeep
|
|t:|1743897536
|switch|p1a: Dragapult|Dragapult, F|28/100
|turn|74
|
|t:|1743897540
|-end|p2a: Great Tusk|Protosynthesis|[silent]
|switch|p2a: Moltres|Moltres|91/100
|move|p1a: Dragapult|U-turn|p2a: Moltres
|-resisted|p2a: Moltres
|-damage|p2a: Moltres|88/100
|
|t:|1743897546
|switch|p1a: Garganacl|Garganacl, F|80/100|[from] U-turn
|
|upkeep
|turn|75
|
|t:|1743897554
|move|p2a: Moltres|U-turn|p1a: Garganacl
|-damage|p1a: Garganacl|71/100
|
|t:|1743897556
|switch|p2a: Great Tusk|Great Tusk|1/100|[from] U-turn
|move|p1a: Garganacl|Salt Cure|p2a: Great Tusk
|-resisted|p2a: Great Tusk
|-damage|p2a: Great Tusk|0 fnt
|faint|p2a: Great Tusk
|-end|p2a: Great Tusk|Protosynthesis|[silent]
|
|upkeep
|
|t:|1743897560
|switch|p2a: Iron Crown|Iron Crown|100/100
|-damage|p2a: Iron Crown|88/100|[from] Spikes
|-damage|p2a: Iron Crown|82/100|[from] Stealth Rock
|-enditem|p2a: Iron Crown|Booster Energy
|-activate|p2a: Iron Crown|ability: Quark Drive|[fromitem]
|-start|p2a: Iron Crown|quarkdrivespe
|turn|76
|
|t:|1743897568
|-terastallize|p1a: Garganacl|Water
|move|p2a: Iron Crown|Tachyon Cutter|p1a: Garganacl
|-resisted|p1a: Garganacl
|-damage|p1a: Garganacl|63/100
|-resisted|p1a: Garganacl
|-damage|p1a: Garganacl|55/100
|-hitcount|p1a: Garganacl|2
|move|p1a: Garganacl|Salt Cure|p2a: Iron Crown
|-resisted|p2a: Iron Crown
|-damage|p2a: Iron Crown|74/100
|-start|p2a: Iron Crown|Salt Cure
|
|-damage|p2a: Iron Crown|49/100|[from] Salt Cure
|upkeep
|turn|77
|
|t:|1743897573
|-terastallize|p2a: Iron Crown|Fighting
|move|p2a: Iron Crown|Calm Mind|p2a: Iron Crown
|-boost|p2a: Iron Crown|spa|1
|-boost|p2a: Iron Crown|spd|1
|move|p1a: Garganacl|Recover|p1a: Garganacl
|-heal|p1a: Garganacl|100/100
|
|-damage|p2a: Iron Crown|37/100|[from] Salt Cure
|upkeep
|turn|78
|
|t:|1743897585
|move|p2a: Iron Crown|Focus Blast|p1a: Garganacl
|-damage|p1a: Garganacl|42/100
|move|p1a: Garganacl|Earthquake|p2a: Iron Crown
|-damage|p2a: Iron Crown|10/100
|
|-damage|p2a: Iron Crown|0 fnt|[from] Salt Cure
|faint|p2a: Iron Crown
|-end|p2a: Iron Crown|Quark Drive|[silent]
|upkeep
|
|t:|1743897591
|switch|p2a: Moltres|Moltres|88/100
|turn|79
|
|t:|1743897594
|move|p2a: Moltres|Brave Bird|p1a: Garganacl
|-damage|p1a: Garganacl|15/100
|-damage|p2a: Moltres|79/100|[from] Recoil
|move|p1a: Garganacl|Recover|p1a: Garganacl
|-heal|p1a: Garganacl|65/100
|
|upkeep
|turn|80
|
|t:|1743897596
|move|p2a: Moltres|Brave Bird|p1a: Garganacl
|-damage|p1a: Garganacl|38/100
|-damage|p2a: Moltres|69/100|[from] Recoil
|move|p1a: Garganacl|Recover|p1a: Garganacl
|-heal|p1a: Garganacl|88/100
|
|upkeep
|turn|81
|
|t:|1743897599
|move|p2a: Moltres|Brave Bird|p1a: Garganacl
|-damage|p1a: Garganacl|59/100
|-damage|p2a: Moltres|59/100|[from] Recoil
|move|p1a: Garganacl|Salt Cure|p2a: Moltres
|-supereffective|p2a: Moltres
|-damage|p2a: Moltres|21/100
|-start|p2a: Moltres|Salt Cure
|
|-damage|p2a: Moltres|9/100|[from] Salt Cure
|upkeep
|turn|82
|
|t:|1743897602
|move|p2a: Moltres|Brave Bird|p1a: Garganacl
|-damage|p1a: Garganacl|33/100
|-damage|p2a: Moltres|0 fnt|[from] Recoil
|faint|p2a: Moltres
|move|p1a: Garganacl|Earthquake|p2: Moltres|[notarget]
|-fail|p1a: Garganacl
|
|upkeep
|c|☆Golisopod Enjoyer|gg
|
|t:|1743897606
|switch|p2a: Scizor|Scizor, F|11/100
|-damage|p2a: Scizor|0 fnt|[from] Spikes
|faint|p2a: Scizor
|
|win|54 Insane Rats
|raw|54 Insane Rats's rating: 1719 &rarr; <strong>1742</strong><br />(+23 for winning)
|raw|Golisopod Enjoyer's rating: 1775 &rarr; <strong>1752</strong><br />(-23 for losing)
