|j|☆bnk1801
|j|☆Aldrick C
|t:|1743866415
|gametype|singles
|player|p1|bnk1801|acetrainer|1270
|player|p2|Aldrick C|lucas|1344
|teamsize|p1|6
|teamsize|p2|6
|gen|9
|tier|[Gen 9] OU
|rated|
|rule|HP Percentage Mod: HP is shown in percentages
|rule|Endless Battle Clause: Forcing endless battles is banned
|rule|Species Clause: Limit one of each Pokémon
|rule|OHKO Clause: OHKO moves are banned
|rule|Evasion Items Clause: Evasion items are banned
|rule|Evasion Moves Clause: Evasion moves are banned
|rule|Sleep Moves Clause: Sleep-inducing moves are banned
|clearpoke
|poke|p1|Mimikyu, M|
|poke|p1|Enamorus-Therian, F|
|poke|p1|Ursaluna, F|
|poke|p1|Indeedee-F, F|
|poke|p1|Kingambit, M|
|poke|p1|Torkoal, M|
|poke|p2|Dragonite, M|
|poke|p2|Serperior, M|
|poke|p2|Primarina, M|
|poke|p2|Great Tusk|
|poke|p2|Slowking-Galar, M|
|poke|p2|Kingambit, M|
|teampreview
|inactive|Battle timer is ON: inactive players will automatically lose when time's up. (requested by Aldrick C)
|inactive|bnk1801 also wants the timer to be on.
|
|t:|1743866427
|start
|switch|p1a: Mimikyu|Mimikyu, M|100/100
|switch|p2a: Serperior|Serperior, M|100/100
|turn|1
|
|t:|1743866430
|move|p2a: Serperior|Leaf Storm|p1a: Mimikyu
|-activate|p1a: Mimikyu|ability: Disguise
|-damage|p1a: Mimikyu|100/100
|-boost|p2a: Serperior|spa|2
|detailschange|p1a: Mimikyu|Mimikyu-Busted, M
|-damage|p1a: Mimikyu|88/100|[from] pokemon: Mimikyu-Busted
|move|p1a: Mimikyu|Trick Room|p1a: Mimikyu
|-fieldstart|move: Trick Room|[of] p1a: Mimikyu
|
|upkeep
|turn|2
|
|t:|1743866439
|move|p1a: Mimikyu|Play Rough|p2a: Serperior
|-damage|p2a: Serperior|67/100
|move|p2a: Serperior|Leaf Storm|p1a: Mimikyu
|-damage|p1a: Mimikyu|0 fnt
|-boost|p2a: Serperior|spa|2
|faint|p1a: Mimikyu
|
|-heal|p2a: Serperior|73/100|[from] item: Leftovers
|upkeep
|
|t:|1743866445
|switch|p1a: Torkoal|Torkoal, M|100/100
|-weather|SunnyDay|[from] ability: Drought|[of] p1a: Torkoal
|turn|3
|
|t:|1743866449
|switch|p2a: Slowking|Slowking-Galar, M|100/100
|move|p1a: Torkoal|Eruption|p2a: Slowking
|-damage|p2a: Slowking|9/100
|
|-weather|SunnyDay|[upkeep]
|upkeep
|turn|4
|
|t:|1743866460
|-terastallize|p1a: Torkoal|Fire
|move|p1a: Torkoal|Eruption|p2a: Slowking
|-damage|p2a: Slowking|0 fnt
|faint|p2a: Slowking
|
|-weather|SunnyDay|[upkeep]
|upkeep
|
|t:|1743866464
|switch|p2a: Primarina|Primarina, M|100/100
|turn|5
|
|t:|1743866479
|switch|p1a: Kingambit|Kingambit, M|100/100
|-activate|p1a: Kingambit|ability: Supreme Overlord
|-start|p1a: Kingambit|fallen1|[silent]
|move|p2a: Primarina|Flip Turn|p1a: Kingambit
|-damage|p1a: Kingambit|95/100
|
|t:|1743866484
|switch|p2a: Great Tusk|Great Tusk|100/100|[from] Flip Turn
|-activate|p2a: Great Tusk|ability: Protosynthesis
|-start|p2a: Great Tusk|protosynthesisspe
|
|-weather|SunnyDay|[upkeep]
|-fieldend|move: Trick Room
|upkeep
|turn|6
|
|t:|1743866490
|-end|p1a: Kingambit|fallen1|[silent]
|switch|p1a: Enamorus|Enamorus-Therian, F|100/100
|move|p2a: Great Tusk|Stealth Rock|p1a: Enamorus
|-sidestart|p1: bnk1801|move: Stealth Rock
|
|-weather|SunnyDay|[upkeep]
|upkeep
|turn|7
|
|t:|1743866499
|-end|p2a: Great Tusk|Protosynthesis|[silent]
|switch|p2a: Primarina|Primarina, M|100/100
|move|p1a: Enamorus|Moonblast|p2a: Primarina
|-damage|p2a: Primarina|46/100
|-unboost|p2a: Primarina|spa|1
|
|-weather|none
|upkeep
|turn|8
|
|t:|1743866505
|move|p2a: Primarina|Moonblast|p1a: Enamorus
|-damage|p1a: Enamorus|64/100
|-unboost|p1a: Enamorus|spa|1
|move|p1a: Enamorus|Moonblast|p2a: Primarina
|-damage|p2a: Primarina|12/100
|
|upkeep
|turn|9
|
|t:|1743866511
|move|p2a: Primarina|Surf|p1a: Enamorus
|-damage|p1a: Enamorus|12/100
|move|p1a: Enamorus|Moonblast|p2a: Primarina
|-damage|p2a: Primarina|0 fnt
|faint|p2a: Primarina
|
|upkeep
|
|t:|1743866517
|switch|p2a: Serperior|Serperior, M|73/100
|turn|10
|
|t:|1743866519
|move|p2a: Serperior|Leaf Storm|p1a: Enamorus
|-resisted|p1a: Enamorus
|-damage|p1a: Enamorus|0 fnt
|-boost|p2a: Serperior|spa|2
|faint|p1a: Enamorus
|
|-heal|p2a: Serperior|80/100|[from] item: Leftovers
|upkeep
|
|t:|1743866522
|switch|p1a: Torkoal|Torkoal, M, tera:Fire|100/100
|-damage|p1a: Torkoal|75/100|[from] Stealth Rock
|-weather|SunnyDay|[from] ability: Drought|[of] p1a: Torkoal
|turn|11
|
|t:|1743866532
|move|p2a: Serperior|Glare|p1a: Torkoal
|-status|p1a: Torkoal|par
|move|p1a: Torkoal|Eruption|p2a: Serperior
|-supereffective|p2a: Serperior
|-damage|p2a: Serperior|0 fnt
|faint|p2a: Serperior
|
|-weather|SunnyDay|[upkeep]
|upkeep
|
|t:|1743866536
|switch|p2a: Great Tusk|Great Tusk|100/100
|-activate|p2a: Great Tusk|ability: Protosynthesis
|-start|p2a: Great Tusk|protosynthesisspe
|turn|12
|
|t:|1743866540
|switch|p1a: Ursaluna|Ursaluna, F|100/100
|-damage|p1a: Ursaluna|94/100|[from] Stealth Rock
|move|p2a: Great Tusk|Headlong Rush|p1a: Ursaluna
|-damage|p1a: Ursaluna|59/100
|-unboost|p2a: Great Tusk|def|1
|-unboost|p2a: Great Tusk|spd|1
|
|-weather|SunnyDay|[upkeep]
|-status|p1a: Ursaluna|brn|[from] item: Flame Orb
|upkeep
|turn|13
|
|t:|1743866544
|move|p2a: Great Tusk|Headlong Rush|p1a: Ursaluna
|-damage|p1a: Ursaluna|20/100 brn
|-unboost|p2a: Great Tusk|def|1
|-unboost|p2a: Great Tusk|spd|1
|move|p1a: Ursaluna|Facade|p2a: Great Tusk
|-damage|p2a: Great Tusk|0 fnt
|faint|p2a: Great Tusk
|-end|p2a: Great Tusk|Protosynthesis|[silent]
|
|-weather|SunnyDay|[upkeep]
|-damage|p1a: Ursaluna|14/100 brn|[from] brn
|upkeep
|
|t:|1743866549
|switch|p2a: Dragonite|Dragonite, M|100/100
|turn|14
|
|t:|1743866553
|move|p2a: Dragonite|Earthquake|p1a: Ursaluna
|-damage|p1a: Ursaluna|0 fnt
|faint|p1a: Ursaluna
|
|-weather|SunnyDay|[upkeep]
|upkeep
|
|t:|1743866554
|switch|p1a: Indeedee|Indeedee-F, F|100/100
|-damage|p1a: Indeedee|88/100|[from] Stealth Rock
|-fieldstart|move: Psychic Terrain|[from] ability: Psychic Surge|[of] p1a: Indeedee
|turn|15
|
|t:|1743866561
|switch|p2a: Kingambit|Kingambit, M|100/100
|-activate|p2a: Kingambit|ability: Supreme Overlord
|-start|p2a: Kingambit|fallen4|[silent]
|move|p1a: Indeedee|Trick Room|p1a: Indeedee
|-fieldstart|move: Trick Room|[of] p1a: Indeedee
|
|-weather|none
|upkeep
|turn|16
|
|t:|1743866564
|move|p1a: Indeedee|Healing Wish|p1a: Indeedee
|faint|p1a: Indeedee
|move|p2a: Kingambit|Kowtow Cleave|p1: Indeedee|[notarget]
|-fail|p2a: Kingambit
|
|upkeep
|
|t:|1743866566
|switch|p1a: Torkoal|Torkoal, M, tera:Fire|75/100 par
|-heal|p1a: Torkoal|100/100|[from] move: Healing Wish
|-damage|p1a: Torkoal|75/100|[from] Stealth Rock
|-weather|SunnyDay|[from] ability: Drought|[of] p1a: Torkoal
|turn|17
|
|t:|1743866576
|move|p2a: Kingambit|Sucker Punch|p1a: Torkoal
|-activate|p1a: Torkoal|move: Psychic Terrain
|move|p1a: Torkoal|Eruption|p2a: Kingambit
|-supereffective|p2a: Kingambit
|-damage|p2a: Kingambit|0 fnt
|faint|p2a: Kingambit
|-end|p2a: Kingambit|fallen4|[silent]
|
|-weather|SunnyDay|[upkeep]
|upkeep
|
|t:|1743866581
|switch|p2a: Dragonite|Dragonite, M|100/100
|turn|18
|
|t:|1743866586
|move|p1a: Torkoal|Eruption|p2a: Dragonite
|-resisted|p2a: Dragonite
|-crit|p2a: Dragonite
|-damage|p2a: Dragonite|47/100
|move|p2a: Dragonite|Earthquake|p1a: Torkoal
|-supereffective|p1a: Torkoal
|-damage|p1a: Torkoal|19/100
|
|-weather|SunnyDay|[upkeep]
|upkeep
|turn|19
|
|t:|1743866597
|move|p1a: Torkoal|Eruption|p2a: Dragonite
|-resisted|p2a: Dragonite
|-damage|p2a: Dragonite|29/100
|move|p2a: Dragonite|Earthquake|p1a: Torkoal
|-supereffective|p1a: Torkoal
|-damage|p1a: Torkoal|0 fnt
|faint|p1a: Torkoal
|
|-weather|SunnyDay|[upkeep]
|-fieldend|move: Trick Room
|-fieldend|move: Psychic Terrain
|upkeep
|
|t:|1743866601
|switch|p1a: Kingambit|Kingambit, M|95/100
|-damage|p1a: Kingambit|89/100|[from] Stealth Rock
|-activate|p1a: Kingambit|ability: Supreme Overlord
|-start|p1a: Kingambit|fallen5|[silent]
|turn|20
|
|t:|1743866606
|move|p1a: Kingambit|Sucker Punch|p2a: Dragonite
|-damage|p2a: Dragonite|0 fnt
|faint|p2a: Dragonite
|-damage|p1a: Kingambit|79/100|[from] item: Life Orb
|
|win|bnk1801
|raw|bnk1801's rating: 1270 &rarr; <strong>1300</strong><br />(+30 for winning)
|raw|Aldrick C's rating: 1344 &rarr; <strong>1320</strong><br />(-24 for losing)
|l|☆Aldrick C
|player|p2|
|l|☆bnk1801
|player|p1|
