|j|☆Ace Trainer Gdubz
|j|☆dikuccv
|t:|1743918610
|gametype|singles
|player|p1|Ace Trainer Gdubz|riley|1185
|player|p2|dikuccv|1|1153
|teamsize|p1|6
|teamsize|p2|6
|gen|9
|tier|[Gen 9] OU
|rated|
|rule|HP Percentage Mod: HP is shown in percentages
|rule|Endless Battle Clause: Forcing endless battles is banned
|rule|Species Clause: Limit one of each Pokémon
|rule|OHKO Clause: OHKO moves are banned
|rule|Evasion Items Clause: Evasion items are banned
|rule|Evasion Moves Clause: Evasion moves are banned
|rule|Sleep Moves Clause: Sleep-inducing moves are banned
|clearpoke
|poke|p1|Sableye, F|
|poke|p1|Thundurus-Therian, M|
|poke|p1|Iron Hands|
|poke|p1|Azumarill, M|
|poke|p1|Glimmora, F|
|poke|p1|Zoroark, M|
|poke|p2|Iron Crown|
|poke|p2|Iron Hands|
|poke|p2|Great Tusk|
|poke|p2|Glimmora, M|
|poke|p2|Arcanine-Hisui, F|
|poke|p2|Salamence, F|
|teampreview
|
|t:|1743918617
|start
|switch|p1a: Teehee|Sableye, F|100/100
|switch|p2a: ZachuVGC|Iron Hands|100/100
|turn|1
|
|t:|1743918626
|move|p1a: Teehee|Will-O-Wisp|p2a: ZachuVGC
|-status|p2a: ZachuVGC|brn
|move|p2a: ZachuVGC|Thunder Punch|p1a: Teehee
|-damage|p1a: Teehee|76/100
|
|-heal|p1a: Teehee|82/100|[from] item: Leftovers
|-damage|p2a: ZachuVGC|94/100 brn|[from] brn
|upkeep
|turn|2
|
|t:|1743918636
|move|p1a: Teehee|Confuse Ray|p2a: ZachuVGC
|-start|p2a: ZachuVGC|confusion
|-activate|p2a: ZachuVGC|confusion
|move|p2a: ZachuVGC|Swords Dance|p2a: ZachuVGC
|-boost|p2a: ZachuVGC|atk|2
|
|-heal|p2a: ZachuVGC|100/100 brn|[from] item: Leftovers
|-heal|p1a: Teehee|88/100|[from] item: Leftovers
|-damage|p2a: ZachuVGC|94/100 brn|[from] brn
|upkeep
|turn|3
|
|t:|1743918667
|switch|p1a: Crush3r|Iron Hands|100/100
|-activate|p2a: ZachuVGC|confusion
|move|p2a: ZachuVGC|Thunder Punch|p1a: Crush3r
|-resisted|p1a: Crush3r
|-crit|p1a: Crush3r
|-damage|p1a: Crush3r|81/100
|
|-heal|p1a: Crush3r|87/100|[from] item: Leftovers
|-heal|p2a: ZachuVGC|100/100 brn|[from] item: Leftovers
|-damage|p2a: ZachuVGC|94/100 brn|[from] brn
|upkeep
|turn|4
|
|t:|1743918676
|move|p1a: Crush3r|Swords Dance|p1a: Crush3r
|-boost|p1a: Crush3r|atk|2
|-activate|p2a: ZachuVGC|confusion
|-damage|p2a: ZachuVGC|78/100 brn|[from] confusion
|
|-heal|p1a: Crush3r|94/100|[from] item: Leftovers
|-heal|p2a: ZachuVGC|84/100 brn|[from] item: Leftovers
|-damage|p2a: ZachuVGC|78/100 brn|[from] brn
|upkeep
|turn|5
|
|t:|1743918687
|move|p1a: Crush3r|Drain Punch|p2a: ZachuVGC
|-damage|p2a: ZachuVGC|33/100 brn
|-heal|p1a: Crush3r|100/100|[from] drain|[of] p2a: ZachuVGC
|-activate|p2a: ZachuVGC|confusion
|move|p2a: ZachuVGC|Drain Punch|p1a: Crush3r
|-damage|p1a: Crush3r|75/100
|-heal|p2a: ZachuVGC|44/100 brn|[from] drain|[of] p1a: Crush3r
|
|-heal|p1a: Crush3r|81/100|[from] item: Leftovers
|-heal|p2a: ZachuVGC|50/100 brn|[from] item: Leftovers
|-damage|p2a: ZachuVGC|44/100 brn|[from] brn
|upkeep
|turn|6
|
|t:|1743918699
|move|p1a: Crush3r|Drain Punch|p2a: ZachuVGC
|-damage|p2a: ZachuVGC|0 fnt
|-heal|p1a: Crush3r|100/100|[from] drain|[of] p2a: ZachuVGC
|faint|p2a: ZachuVGC
|-end|p2a: ZachuVGC|Quark Drive|[silent]
|
|upkeep
|
|t:|1743918718
|switch|p2a: Salamence|Salamence, F|100/100
|-ability|p2a: Salamence|Intimidate|boost
|-unboost|p1a: Crush3r|atk|1
|turn|7
|
|t:|1743918727
|-terastallize|p1a: Crush3r|Flying
|move|p1a: Crush3r|Ice Punch|p2a: Salamence
|-supereffective|p2a: Salamence
|-damage|p2a: Salamence|0 fnt
|faint|p2a: Salamence
|
|upkeep
|c|☆Ace Trainer Gdubz|Slow dragon
|
|t:|1743918748
|switch|p2a: Iron Crown|Iron Crown|100/100
|-enditem|p2a: Iron Crown|Booster Energy
|-activate|p2a: Iron Crown|ability: Quark Drive|[fromitem]
|-start|p2a: Iron Crown|quarkdrivespe
|turn|8
|inactive|Battle timer is ON: inactive players will automatically lose when time's up. (requested by Ace Trainer Gdubz)
|
|t:|1743918788
|move|p2a: Iron Crown|Iron Defense|p2a: Iron Crown
|-boost|p2a: Iron Crown|def|2
|move|p1a: Crush3r|Drain Punch|p2a: Iron Crown
|-damage|p2a: Iron Crown|72/100
|
|upkeep
|turn|9
|
|t:|1743918799
|move|p2a: Iron Crown|Calm Mind|p2a: Iron Crown
|-boost|p2a: Iron Crown|spa|1
|-boost|p2a: Iron Crown|spd|1
|move|p1a: Crush3r|Swords Dance|p1a: Crush3r
|-boost|p1a: Crush3r|atk|2
|
|upkeep
|turn|10
|
|t:|1743918806
|move|p2a: Iron Crown|Calm Mind|p2a: Iron Crown
|-boost|p2a: Iron Crown|spa|1
|-boost|p2a: Iron Crown|spd|1
|move|p1a: Crush3r|Thunder Punch|p2a: Iron Crown
|-crit|p2a: Iron Crown
|-damage|p2a: Iron Crown|0 fnt
|faint|p2a: Iron Crown
|-end|p2a: Iron Crown|Quark Drive|[silent]
|
|upkeep
|
|t:|1743918811
|switch|p2a: Arcanine|Arcanine-Hisui, F|100/100
|turn|11
|c|☆Ace Trainer Gdubz|Oh my
|
|t:|1743918816
|move|p2a: Arcanine|Head Smash|p1a: Crush3r
|-supereffective|p1a: Crush3r
|-damage|p1a: Crush3r|0 fnt
|faint|p1a: Crush3r
|-end|p1a: Crush3r|Quark Drive|[silent]
|-damage|p2a: Arcanine|91/100|[from] item: Life Orb
|
|upkeep
|
|t:|1743918824
|switch|p1a: Teehee|Sableye, F|88/100
|turn|12
|
|t:|1743918832
|move|p1a: Teehee|Confuse Ray|p2a: Arcanine
|-start|p2a: Arcanine|confusion
|-activate|p2a: Arcanine|confusion
|move|p2a: Arcanine|Head Smash|p1a: Teehee
|-damage|p1a: Teehee|0 fnt
|faint|p1a: Teehee
|-damage|p2a: Arcanine|81/100|[from] item: Life Orb
|
|upkeep
|
|t:|1743918844
|switch|p1a: Mouthless|Glimmora, F|100/100
|turn|13
|
|t:|1743918853
|move|p1a: Mouthless|Focus Blast|p2a: Arcanine
|-supereffective|p2a: Arcanine
|-damage|p2a: Arcanine|0 fnt
|faint|p2a: Arcanine
|-damage|p1a: Mouthless|91/100|[from] item: Life Orb
|
|upkeep
|
|t:|1743918871
|switch|p2a: Great Tusk|Great Tusk|100/100
|-enditem|p2a: Great Tusk|Booster Energy
|-activate|p2a: Great Tusk|ability: Protosynthesis|[fromitem]
|-start|p2a: Great Tusk|protosynthesisspe
|turn|14
|
|t:|1743918884
|-terastallize|p2a: Great Tusk|Steel
|move|p2a: Great Tusk|Bulk Up|p2a: Great Tusk
|-boost|p2a: Great Tusk|atk|1
|-boost|p2a: Great Tusk|def|1
|move|p1a: Mouthless|Grass Knot|p2a: Great Tusk
|-resisted|p2a: Great Tusk
|-damage|p2a: Great Tusk|69/100
|-damage|p1a: Mouthless|81/100|[from] item: Life Orb
|
|upkeep
|turn|15
|
|t:|1743918893
|move|p2a: Great Tusk|Bulk Up|p2a: Great Tusk
|-boost|p2a: Great Tusk|atk|1
|-boost|p2a: Great Tusk|def|1
|move|p1a: Mouthless|Flamethrower|p2a: Great Tusk
|-supereffective|p2a: Great Tusk
|-damage|p2a: Great Tusk|0 fnt
|faint|p2a: Great Tusk
|-end|p2a: Great Tusk|Protosynthesis|[silent]
|-damage|p1a: Mouthless|71/100|[from] item: Life Orb
|
|upkeep
|
|t:|1743918896
|switch|p2a: Glimmora|Glimmora, M|100/100
|turn|16
|c|☆Ace Trainer Gdubz|wooowow
|
|t:|1743918904
|move|p1a: Mouthless|Dark Pulse|p2a: Glimmora
|-damage|p2a: Glimmora|38/100
|-damage|p1a: Mouthless|61/100|[from] item: Life Orb
|move|p2a: Glimmora|Rock Polish|p2a: Glimmora
|-boost|p2a: Glimmora|spe|2
|
|upkeep
|turn|17
|c|☆Ace Trainer Gdubz|I am Zoro
|
|t:|1743918928
|move|p2a: Glimmora|Earth Power|p1a: Mouthless
|-damage|p1a: Mouthless|0 fnt
|replace|p1a: Steve|Zoroark, M
|-end|p1a: Steve|Illusion
|faint|p1a: Steve
|
|upkeep
|
|t:|1743918933
|switch|p1a: Earz|Azumarill, M|100/100
|turn|18
|
|t:|1743918943
|move|p1a: Earz|Aqua Jet|p2a: Glimmora
|-supereffective|p2a: Glimmora
|-damage|p2a: Glimmora|0 fnt
|-activate|p2a: Glimmora|ability: Toxic Debris
|-sidestart|p1: Ace Trainer Gdubz|move: Toxic Spikes
|faint|p2a: Glimmora
|
|win|Ace Trainer Gdubz
|raw|Ace Trainer Gdubz's rating: 1185 &rarr; <strong>1208</strong><br />(+23 for winning)
|raw|dikuccv's rating: 1153 &rarr; <strong>1130</strong><br />(-23 for losing)
|l|☆Ace Trainer Gdubz
|player|p1|
|l|☆dikuccv
|player|p2|
