|j|☆Lin wen di
|j|☆Foureyeses
|t:|1743846772
|gametype|singles
|player|p1|Lin wen di|burgh|1091
|player|p2|Foureyeses|102|1055
|teamsize|p1|6
|teamsize|p2|6
|gen|9
|tier|[Gen 9] OU
|rated|
|rule|HP Percentage Mod: HP is shown in percentages
|rule|Endless Battle Clause: Forcing endless battles is banned
|rule|Species Clause: Limit one of each Pokémon
|rule|OHKO Clause: OHKO moves are banned
|rule|Evasion Items Clause: Evasion items are banned
|rule|Evasion Moves Clause: Evasion moves are banned
|rule|Sleep Moves Clause: Sleep-inducing moves are banned
|clearpoke
|poke|p1|Pelipper, M|
|poke|p1|Zapdos|
|poke|p1|Slowbro, F|
|poke|p1|Gliscor, F|
|poke|p1|Kingambit, F|
|poke|p1|Greninja-*, M|
|poke|p2|Araquanid, F|
|poke|p2|Scizor, M|
|poke|p2|Kleavor, F|
|poke|p2|Forretress, F|
|poke|p2|Scyther, M|
|poke|p2|Frosmoth, M|
|teampreview
|inactive|Battle timer is ON: inactive players will automatically lose when time's up. (requested by Lin wen di)
|l|☆Foureyeses
|inactive|Foureyeses disconnected and has a minute to reconnect!
|player|p2|
|j|☆Foureyeses
|inactive|Foureyeses reconnected and has 135 seconds left.
|player|p2|Foureyeses|102|
|
|t:|1743846793
|start
|switch|p1a: Pelipper|Pelipper, M|100/100
|switch|p2a: Kleavor|Kleavor, F|100/100
|-weather|RainDance|[from] ability: Drizzle|[of] p1a: Pelipper
|turn|1
|
|t:|1743846808
|move|p2a: Kleavor|Stone Axe|p1a: Pelipper
|-supereffective|p1a: Pelipper
|-damage|p1a: Pelipper|0 fnt
|-sidestart|p1: Lin wen di|move: Stealth Rock
|faint|p1a: Pelipper
|
|-weather|RainDance|[upkeep]
|upkeep
|
|t:|1743846814
|switch|p1a: Gliscor|Gliscor, F|100/100
|-damage|p1a: Gliscor|88/100|[from] Stealth Rock
|turn|2
|
|t:|1743846818
|move|p2a: Kleavor|Stone Axe|p1a: Gliscor
|-crit|p1a: Gliscor
|-damage|p1a: Gliscor|13/100
|move|p1a: Gliscor|Knock Off|p2a: Kleavor
|-damage|p2a: Kleavor|66/100
|-enditem|p2a: Kleavor|Choice Scarf|[from] move: Knock Off|[of] p1a: Gliscor
|
|-weather|RainDance|[upkeep]
|-status|p1a: Gliscor|tox|[from] item: Toxic Orb
|upkeep
|turn|3
|
|t:|1743846831
|move|p1a: Gliscor|Protect|p1a: Gliscor
|-singleturn|p1a: Gliscor|Protect
|move|p2a: Kleavor|Stone Axe|p1a: Gliscor
|-activate|p1a: Gliscor|move: Protect
|
|-weather|RainDance|[upkeep]
|-heal|p1a: Gliscor|25/100 tox|[from] ability: Poison Heal
|upkeep
|turn|4
|
|t:|1743846854
|move|p2a: Kleavor|Stone Axe|p1a: Gliscor
|-damage|p1a: Gliscor|0 fnt
|faint|p1a: Gliscor
|
|-weather|RainDance|[upkeep]
|upkeep
|
|t:|1743846858
|switch|p1a: Greninja|Greninja, M|100/100
|-damage|p1a: Greninja|88/100|[from] Stealth Rock
|turn|5
|
|t:|1743846871
|move|p1a: Greninja|Hydro Pump|p2a: Kleavor
|-supereffective|p2a: Kleavor
|-damage|p2a: Kleavor|0 fnt
|faint|p2a: Kleavor
|-ability|p1a: Greninja|Battle Bond|boost
|-boost|p1a: Greninja|atk|1
|-boost|p1a: Greninja|spa|1
|-boost|p1a: Greninja|spe|1
|-activate|p1a: Greninja|ability: Battle Bond
|
|-weather|none
|upkeep
|
|t:|1743846874
|switch|p2a: Araquanid|Araquanid, F|100/100
|turn|6
|
|t:|1743846878
|move|p1a: Greninja|Hydro Pump|p2a: Araquanid
|-resisted|p2a: Araquanid
|-damage|p2a: Araquanid|66/100
|move|p2a: Araquanid|Mirror Coat|p1a: Greninja
|-immune|p1a: Greninja
|
|upkeep
|turn|7
|
|t:|1743846883
|move|p1a: Greninja|Hydro Pump|p2a: Araquanid
|-resisted|p2a: Araquanid
|-damage|p2a: Araquanid|30/100
|move|p2a: Araquanid|Liquidation|p1a: Greninja
|-resisted|p1a: Greninja
|-damage|p1a: Greninja|49/100
|-unboost|p1a: Greninja|def|1
|
|upkeep
|turn|8
|
|t:|1743846891
|move|p1a: Greninja|Hydro Pump|p2a: Araquanid
|-resisted|p2a: Araquanid
|-damage|p2a: Araquanid|0 fnt
|faint|p2a: Araquanid
|
|upkeep
|
|t:|1743846894
|switch|p2a: Forretress|Forretress, F|100/100
|turn|9
|
|t:|1743846897
|move|p1a: Greninja|Hydro Pump|p2a: Forretress
|-ability|p2a: Forretress|Sturdy
|-damage|p2a: Forretress|1/100
|move|p2a: Forretress|Spikes|p1a: Greninja
|-sidestart|p1: Lin wen di|Spikes
|
|upkeep
|turn|10
|
|t:|1743846903
|move|p1a: Greninja|Hydro Pump|p2a: Forretress
|-damage|p2a: Forretress|0 fnt
|faint|p2a: Forretress
|
|upkeep
|
|t:|1743846908
|switch|p2a: Scizor|Scizor, M|100/100
|turn|11
|
|t:|1743846910
|move|p2a: Scizor|Bullet Punch|p1a: Greninja
|-resisted|p1a: Greninja
|-damage|p1a: Greninja|0 fnt
|faint|p1a: Greninja
|
|upkeep
|
|t:|1743846915
|switch|p1a: Zapdos|Zapdos|100/100
|turn|12
|
|t:|1743846919
|move|p2a: Scizor|Bullet Punch|p1a: Zapdos
|-resisted|p1a: Zapdos
|-damage|p1a: Zapdos|76/100
|move|p1a: Zapdos|Thunder Wave|p2a: Scizor
|-status|p2a: Scizor|par
|
|upkeep
|turn|13
|
|t:|1743846925
|-terastallize|p2a: Scizor|Steel
|move|p2a: Scizor|Bullet Punch|p1a: Zapdos
|-resisted|p1a: Zapdos
|-damage|p1a: Zapdos|42/100
|move|p1a: Zapdos|Hurricane|p2a: Scizor
|-resisted|p2a: Scizor
|-damage|p2a: Scizor|73/100 par
|
|upkeep
|turn|14
|
|t:|1743846937
|move|p2a: Scizor|Bullet Punch|p1a: Zapdos
|-resisted|p1a: Zapdos
|-damage|p1a: Zapdos|10/100
|move|p1a: Zapdos|Roost|p1a: Zapdos
|-heal|p1a: Zapdos|60/100
|-singleturn|p1a: Zapdos|move: Roost
|
|upkeep
|turn|15
|
|t:|1743846942
|move|p2a: Scizor|Bullet Punch|p1a: Zapdos
|-resisted|p1a: Zapdos
|-damage|p1a: Zapdos|29/100
|move|p1a: Zapdos|Roost|p1a: Zapdos
|-heal|p1a: Zapdos|79/100
|-singleturn|p1a: Zapdos|move: Roost
|
|upkeep
|turn|16
|
|t:|1743846947
|move|p2a: Scizor|Bullet Punch|p1a: Zapdos
|-resisted|p1a: Zapdos
|-damage|p1a: Zapdos|46/100
|move|p1a: Zapdos|Volt Switch|p2a: Scizor
|-damage|p2a: Scizor|31/100 par
|
|t:|1743846954
|switch|p1a: Slowbro|Slowbro, F|100/100|[from] Volt Switch
|-damage|p1a: Slowbro|88/100|[from] Stealth Rock
|-damage|p1a: Slowbro|76/100|[from] Spikes
|
|upkeep
|turn|17
|
|t:|1743846959
|switch|p2a: Frosmoth|Frosmoth, M|100/100
|move|p1a: Slowbro|Scald|p2a: Frosmoth
|-damage|p2a: Frosmoth|81/100
|
|upkeep
|turn|18
|
|t:|1743846970
|-terastallize|p1a: Slowbro|Fairy
|move|p2a: Frosmoth|Substitute|p2a: Frosmoth
|-start|p2a: Frosmoth|Substitute
|-damage|p2a: Frosmoth|56/100
|move|p1a: Slowbro|Calm Mind|p1a: Slowbro
|-boost|p1a: Slowbro|spa|1
|-boost|p1a: Slowbro|spd|1
|
|upkeep
|turn|19
|
|t:|1743846977
|move|p2a: Frosmoth|Quiver Dance|p2a: Frosmoth
|-boost|p2a: Frosmoth|spa|1
|-boost|p2a: Frosmoth|spd|1
|-boost|p2a: Frosmoth|spe|1
|move|p1a: Slowbro|Scald|p2a: Frosmoth
|-activate|p2a: Frosmoth|move: Substitute|[damage]
|
|upkeep
|turn|20
|
|t:|1743846985
|move|p2a: Frosmoth|Quiver Dance|p2a: Frosmoth
|-boost|p2a: Frosmoth|spa|1
|-boost|p2a: Frosmoth|spd|1
|-boost|p2a: Frosmoth|spe|1
|move|p1a: Slowbro|Scald|p2a: Frosmoth
|-end|p2a: Frosmoth|Substitute
|
|upkeep
|turn|21
|
|t:|1743846993
|move|p2a: Frosmoth|Substitute|p2a: Frosmoth
|-start|p2a: Frosmoth|Substitute
|-damage|p2a: Frosmoth|31/100
|move|p1a: Slowbro|Scald|p2a: Frosmoth
|-activate|p2a: Frosmoth|move: Substitute|[damage]
|
|upkeep
|turn|22
|
|t:|1743846999
|move|p2a: Frosmoth|Giga Drain|p1a: Slowbro
|-damage|p1a: Slowbro|42/100
|-heal|p2a: Frosmoth|55/100|[from] drain|[of] p1a: Slowbro
|move|p1a: Slowbro|Scald|p2a: Frosmoth
|-end|p2a: Frosmoth|Substitute
|
|upkeep
|turn|23
|
|t:|1743847015
|switch|p1a: Zapdos|Zapdos|46/100
|move|p2a: Frosmoth|Substitute|p2a: Frosmoth
|-start|p2a: Frosmoth|Substitute
|-damage|p2a: Frosmoth|30/100
|
|upkeep
|turn|24
|
|t:|1743847021
|move|p2a: Frosmoth|Ice Beam|p1a: Zapdos
|-supereffective|p1a: Zapdos
|-damage|p1a: Zapdos|0 fnt
|faint|p1a: Zapdos
|
|upkeep
|
|t:|1743847025
|switch|p1a: Kingambit|Kingambit, F|100/100
|-activate|p1a: Kingambit|ability: Supreme Overlord
|-start|p1a: Kingambit|fallen4|[silent]
|turn|25
|
|t:|1743847035
|move|p2a: Frosmoth|Ice Beam|p1a: Kingambit
|-resisted|p1a: Kingambit
|-damage|p1a: Kingambit|52/100
|move|p1a: Kingambit|Iron Head|p2a: Frosmoth
|-supereffective|p2a: Frosmoth
|-end|p2a: Frosmoth|Substitute
|
|upkeep
|turn|26
|
|t:|1743847043
|move|p2a: Frosmoth|Substitute|p2a: Frosmoth
|-start|p2a: Frosmoth|Substitute
|-damage|p2a: Frosmoth|5/100
|move|p1a: Kingambit|Iron Head|p2a: Frosmoth
|-supereffective|p2a: Frosmoth
|-end|p2a: Frosmoth|Substitute
|
|upkeep
|turn|27
|
|t:|1743847049
|move|p1a: Kingambit|Sucker Punch|p2a: Frosmoth
|-damage|p2a: Frosmoth|0 fnt
|faint|p2a: Frosmoth
|
|upkeep
|
|t:|1743847052
|switch|p2a: Scizor|Scizor, M, tera:Steel|31/100 par
|turn|28
|
|t:|1743847058
|move|p2a: Scizor|Bullet Punch|p1a: Kingambit
|-resisted|p1a: Kingambit
|-damage|p1a: Kingambit|29/100
|move|p1a: Kingambit|Substitute|p1a: Kingambit
|-start|p1a: Kingambit|Substitute
|-damage|p1a: Kingambit|4/100
|
|upkeep
|turn|29
|
|t:|1743847063
|cant|p2a: Scizor|par
|move|p1a: Kingambit|Swords Dance|p1a: Kingambit
|-boost|p1a: Kingambit|atk|2
|
|upkeep
|turn|30
|
|t:|1743847068
|move|p2a: Scizor|Bullet Punch|p1a: Kingambit
|-resisted|p1a: Kingambit
|-end|p1a: Kingambit|Substitute
|move|p1a: Kingambit|Swords Dance|p1a: Kingambit
|-boost|p1a: Kingambit|atk|2
|
|upkeep
|turn|31
|
|t:|1743847073
|move|p1a: Kingambit|Sucker Punch|p2a: Scizor
|-damage|p2a: Scizor|0 fnt
|faint|p2a: Scizor
|
|upkeep
|
|t:|1743847076
|switch|p2a: Scyther|Scyther, M|100/100
|turn|32
|
|t:|1743847079
|move|p2a: Scyther|Quick Attack|p1a: Kingambit
|-resisted|p1a: Kingambit
|-damage|p1a: Kingambit|0 fnt
|faint|p1a: Kingambit
|-end|p1a: Kingambit|fallen4|[silent]
|
|upkeep
|
|t:|1743847081
|switch|p1a: Slowbro|Slowbro, F, tera:Fairy|75/100
|-damage|p1a: Slowbro|63/100|[from] Stealth Rock
|-damage|p1a: Slowbro|50/100|[from] Spikes
|turn|33
|
|t:|1743847091
|move|p2a: Scyther|Dual Wingbeat|p1a: Slowbro
|-damage|p1a: Slowbro|31/100
|-damage|p2a: Scyther|84/100|[from] item: Rocky Helmet|[of] p1a: Slowbro
|-damage|p1a: Slowbro|13/100
|-damage|p2a: Scyther|68/100|[from] item: Rocky Helmet|[of] p1a: Slowbro
|-hitcount|p1a: Slowbro|2
|move|p1a: Slowbro|Scald|p2a: Scyther
|-damage|p2a: Scyther|30/100
|
|upkeep
|turn|34
|
|t:|1743847102
|move|p2a: Scyther|Dual Wingbeat|p1a: Slowbro
|-damage|p1a: Slowbro|0 fnt
|-damage|p2a: Scyther|14/100|[from] item: Rocky Helmet|[of] p1a: Slowbro
|faint|p1a: Slowbro
|-hitcount|p1: Slowbro|1
|
|win|Foureyeses
|raw|Lin wen di's rating: 1091 &rarr; <strong>1065</strong><br />(-26 for losing)
|raw|Foureyeses's rating: 1055 &rarr; <strong>1090</strong><br />(+35 for winning)
|l|☆Lin wen di
|player|p1|
|l|☆Foureyeses
|player|p2|
