|j|☆kemious
|j|☆VBix
|t:|1743901662
|gametype|singles
|player|p1|kemious|marshal|1455
|player|p2|VBix|steven|1474
|teamsize|p1|6
|teamsize|p2|6
|gen|9
|tier|[Gen 9] OU
|rated|
|rule|HP Percentage Mod: HP is shown in percentages
|rule|Endless Battle Clause: Forcing endless battles is banned
|rule|Species Clause: Limit one of each Pokémon
|rule|OHKO Clause: OHKO moves are banned
|rule|Evasion Items Clause: Evasion items are banned
|rule|Evasion Moves Clause: Evasion moves are banned
|rule|Sleep Moves Clause: Sleep-inducing moves are banned
|clearpoke
|poke|p1|Chesnaught, M|
|poke|p1|Gastrodon, F|
|poke|p1|Kilowattrel, M|
|poke|p1|Glimmora, F|
|poke|p1|Ceruledge, M|
|poke|p1|Goodra-Hisui, F|
|poke|p2|Ninetales, F|
|poke|p2|Walking Wake|
|poke|p2|Iron Valiant|
|poke|p2|Great Tusk|
|poke|p2|Venusaur, M|
|poke|p2|Landorus-Therian, M|
|teampreview
|
|t:|1743901689
|start
|switch|p1a: Kilowattrel|Kilowattrel, M, shiny|100/100
|switch|p2a: Landorus|Landorus-Therian, M|100/100
|-ability|p2a: Landorus|Intimidate|boost
|-unboost|p1a: Kilowattrel|atk|1
|turn|1
|
|t:|1743901702
|move|p1a: Kilowattrel|Air Slash|p2a: Landorus
|-damage|p2a: Landorus|57/100
|cant|p2a: Landorus|flinch
|
|upkeep
|turn|2
|inactive|Battle timer is ON: inactive players will automatically lose when time's up. (requested by kemious)
|
|t:|1743901741
|move|p1a: Kilowattrel|Air Slash|p2a: Landorus
|-damage|p2a: Landorus|16/100
|move|p2a: Landorus|Stone Edge|p1a: Kilowattrel
|-supereffective|p1a: Kilowattrel
|-damage|p1a: Kilowattrel|0 fnt
|faint|p1a: Kilowattrel
|
|upkeep
|
|t:|1743901761
|switch|p1a: Chesnaught|Chesnaught, M|100/100
|turn|3
|
|t:|1743901765
|switch|p2a: Ninetales|Ninetales, F|100/100
|-weather|SunnyDay|[from] ability: Drought|[of] p2a: Ninetales
|move|p1a: Chesnaught|Body Press|p2a: Ninetales
|-damage|p2a: Ninetales|38/100
|
|-weather|SunnyDay|[upkeep]
|upkeep
|turn|4
|
|t:|1743901772
|switch|p1a: Ceruledge|Ceruledge, M|100/100
|move|p2a: Ninetales|Will-O-Wisp|p1a: Ceruledge
|-start|p1a: Ceruledge|ability: Flash Fire
|
|-weather|SunnyDay|[upkeep]
|upkeep
|turn|5
|
|t:|1743901784
|switch|p2a: Walking Wake|Walking Wake|100/100
|-activate|p2a: Walking Wake|ability: Protosynthesis
|-start|p2a: Walking Wake|protosynthesisspa
|move|p1a: Ceruledge|Swords Dance|p1a: Ceruledge
|-boost|p1a: Ceruledge|atk|2
|
|-weather|SunnyDay|[upkeep]
|upkeep
|turn|6
|
|t:|1743901788
|-end|p1a: Ceruledge|ability: Flash Fire|[silent]
|switch|p1a: Gastrodon|Gastrodon, F|100/100
|move|p2a: Walking Wake|Hydro Steam|p1a: Gastrodon
|-ability|p1a: Gastrodon|Storm Drain|boost
|-boost|p1a: Gastrodon|spa|1
|
|-weather|SunnyDay|[upkeep]
|upkeep
|turn|7
|
|t:|1743901798
|-end|p2a: Walking Wake|Protosynthesis|[silent]
|switch|p2a: Venusaur|Venusaur, M|100/100
|move|p1a: Gastrodon|Ice Beam|p2a: Venusaur
|-supereffective|p2a: Venusaur
|-damage|p2a: Venusaur|24/100
|
|-weather|SunnyDay|[upkeep]
|upkeep
|turn|8
|
|t:|1743901805
|switch|p1a: Goodra|Goodra-Hisui, F|100/100
|move|p2a: Venusaur|Earth Power|p1a: Goodra
|-supereffective|p1a: Goodra
|-damage|p1a: Goodra|72/100
|-unboost|p1a: Goodra|spd|1
|-damage|p2a: Venusaur|14/100|[from] item: Life Orb
|
|-weather|SunnyDay|[upkeep]
|upkeep
|turn|9
|
|t:|1743901810
|move|p2a: Venusaur|Weather Ball|p1a: Goodra
|-damage|p1a: Goodra|33/100
|-damage|p2a: Venusaur|4/100|[from] item: Life Orb
|move|p1a: Goodra|Ice Beam|p2a: Venusaur
|-supereffective|p2a: Venusaur
|-damage|p2a: Venusaur|0 fnt
|faint|p2a: Venusaur
|
|-weather|SunnyDay|[upkeep]
|upkeep
|
|t:|1743901815
|switch|p2a: Landorus|Landorus-Therian, M|16/100
|-ability|p2a: Landorus|Intimidate|boost
|-unboost|p1a: Goodra|atk|1
|turn|10
|
|t:|1743901821
|switch|p1a: Chesnaught|Chesnaught, M|100/100
|move|p2a: Landorus|U-turn|p1a: Chesnaught
|-damage|p1a: Chesnaught|76/100
|
|t:|1743901835
|switch|p2a: Walking Wake|Walking Wake|100/100|[from] U-turn
|-activate|p2a: Walking Wake|ability: Protosynthesis
|-start|p2a: Walking Wake|protosynthesisspa
|
|-weather|none
|-end|p2a: Walking Wake|Protosynthesis
|-heal|p1a: Chesnaught|82/100|[from] item: Leftovers
|upkeep
|turn|11
|
|t:|1743901844
|switch|p1a: Gastrodon|Gastrodon, F|100/100
|move|p2a: Walking Wake|Draco Meteor|p1a: Gastrodon
|-damage|p1a: Gastrodon|34/100
|-unboost|p2a: Walking Wake|spa|2
|
|-heal|p1a: Gastrodon|40/100|[from] item: Leftovers
|upkeep
|turn|12
|
|t:|1743901858
|-end|p2a: Walking Wake|Protosynthesis|[silent]
|switch|p2a: Ninetales|Ninetales, F|38/100
|-weather|SunnyDay|[from] ability: Drought|[of] p2a: Ninetales
|move|p1a: Gastrodon|Earth Power|p2a: Ninetales
|-supereffective|p2a: Ninetales
|-damage|p2a: Ninetales|0 fnt
|faint|p2a: Ninetales
|
|-weather|SunnyDay|[upkeep]
|-heal|p1a: Gastrodon|47/100|[from] item: Leftovers
|upkeep
|
|t:|1743901861
|switch|p2a: Walking Wake|Walking Wake|100/100
|-activate|p2a: Walking Wake|ability: Protosynthesis
|-start|p2a: Walking Wake|protosynthesisspa
|turn|13
|
|t:|1743901869
|-terastallize|p1a: Gastrodon|Fairy
|move|p2a: Walking Wake|Dragon Pulse|p1a: Gastrodon
|-immune|p1a: Gastrodon
|move|p1a: Gastrodon|Earth Power|p2a: Walking Wake
|-damage|p2a: Walking Wake|60/100
|
|-weather|SunnyDay|[upkeep]
|-heal|p1a: Gastrodon|53/100|[from] item: Leftovers
|upkeep
|turn|14
|
|t:|1743901881
|-end|p2a: Walking Wake|Protosynthesis|[silent]
|switch|p2a: Landorus|Landorus-Therian, M|16/100
|-ability|p2a: Landorus|Intimidate|boost
|-unboost|p1a: Gastrodon|atk|1
|move|p1a: Gastrodon|Ice Beam|p2a: Landorus
|-supereffective|p2a: Landorus
|-damage|p2a: Landorus|0 fnt
|faint|p2a: Landorus
|
|-weather|SunnyDay|[upkeep]
|-heal|p1a: Gastrodon|59/100|[from] item: Leftovers
|upkeep
|
|t:|1743901887
|switch|p2a: Great Tusk|Great Tusk|100/100
|-activate|p2a: Great Tusk|ability: Protosynthesis
|-start|p2a: Great Tusk|protosynthesisatk
|turn|15
|
|t:|1743901894
|switch|p1a: Chesnaught|Chesnaught, M|82/100
|move|p2a: Great Tusk|Headlong Rush|p1a: Chesnaught
|-resisted|p1a: Chesnaught
|-damage|p1a: Chesnaught|55/100
|-unboost|p2a: Great Tusk|def|1
|-unboost|p2a: Great Tusk|spd|1
|
|-weather|SunnyDay|[upkeep]
|-heal|p1a: Chesnaught|61/100|[from] item: Leftovers
|upkeep
|turn|16
|
|t:|1743901902
|move|p2a: Great Tusk|Temper Flare|p1a: Chesnaught
|-supereffective|p1a: Chesnaught
|-damage|p1a: Chesnaught|0 fnt
|faint|p1a: Chesnaught
|
|-weather|SunnyDay|[upkeep]
|upkeep
|
|t:|1743901909
|switch|p1a: Goodra|Goodra-Hisui, F|33/100
|turn|17
|
|t:|1743901912
|move|p2a: Great Tusk|Close Combat|p1a: Goodra
|-supereffective|p1a: Goodra
|-damage|p1a: Goodra|0 fnt
|-unboost|p2a: Great Tusk|def|1
|-unboost|p2a: Great Tusk|spd|1
|faint|p1a: Goodra
|
|-weather|SunnyDay|[upkeep]
|upkeep
|
|t:|1743901926
|switch|p1a: Ceruledge|Ceruledge, M|100/100
|turn|18
|
|t:|1743901932
|move|p2a: Great Tusk|Headlong Rush|p1a: Ceruledge
|-supereffective|p1a: Ceruledge
|-damage|p1a: Ceruledge|0 fnt
|-unboost|p2a: Great Tusk|def|1
|-unboost|p2a: Great Tusk|spd|1
|faint|p1a: Ceruledge
|
|-weather|SunnyDay|[upkeep]
|upkeep
|
|t:|1743901935
|switch|p1a: Gastrodon|Gastrodon, F, tera:Fairy|59/100
|turn|19
|
|t:|1743901937
|move|p2a: Great Tusk|Headlong Rush|p1a: Gastrodon
|-damage|p1a: Gastrodon|0 fnt
|-unboost|p2a: Great Tusk|def|1
|-unboost|p2a: Great Tusk|spd|1
|faint|p1a: Gastrodon
|
|-weather|none
|-end|p2a: Great Tusk|Protosynthesis
|upkeep
|-message|kemious forfeited.
|
|win|VBix
|raw|kemious's rating: 1455 &rarr; <strong>1437</strong><br />(-18 for losing)
|raw|VBix's rating: 1493 &rarr; <strong>1511</strong><br />(+18 for winning)
|l|☆kemious
|player|p1|
|l|☆VBix
|player|p2|
