|badge|p2|bronze|gen9ou|100-5
|uhtml|medal-msg|<div class="broadcast-blue">Curious what those medals under the avatar are? PS now has Ladder Seasons! For more information, check out the <a href="https://www.smogon.com/forums/threads/3740067/">thread on Smogon.</a></div>
|j|☆Air Glider
|j|☆quinx of ladder
|t:|1743883508
|gametype|singles
|player|p1|Air Glider|266|1819
|player|p2|quinx of ladder|2|1853
|teamsize|p1|6
|teamsize|p2|6
|gen|9
|tier|[Gen 9] OU
|rated|
|rule|HP Percentage Mod: HP is shown in percentages
|rule|Endless Battle Clause: Forcing endless battles is banned
|rule|Species Clause: Limit one of each Pokémon
|rule|OHKO Clause: OHKO moves are banned
|rule|Evasion Items Clause: Evasion items are banned
|rule|Evasion Moves Clause: Evasion moves are banned
|rule|Sleep Moves Clause: Sleep-inducing moves are banned
|clearpoke
|poke|p1|Pelipper, F|
|poke|p1|Iron Treads|
|poke|p1|Basculegion, M|
|poke|p1|Latios, M|
|poke|p1|Keldeo-Resolute|
|poke|p1|Dragapult, F|
|poke|p2|Dragonite, M|
|poke|p2|Ting-Lu|
|poke|p2|Iron Moth|
|poke|p2|Iron Valiant|
|poke|p2|Kyurem|
|poke|p2|Gholdengo|
|teampreview
|
|t:|1743883529
|start
|switch|p1a: Pelipper|Pelipper, F|100/100
|switch|p2a: Ting-Lu|Ting-Lu|100/100
|-ability|p2a: Ting-Lu|Vessel of Ruin
|-weather|RainDance|[from] ability: Drizzle|[of] p1a: Pelipper
|turn|1
|
|t:|1743883538
|move|p2a: Ting-Lu|Stealth Rock|p1a: Pelipper
|-sidestart|p1: Air Glider|move: Stealth Rock
|move|p1a: Pelipper|U-turn|p2a: Ting-Lu
|-supereffective|p2a: Ting-Lu
|-damage|p2a: Ting-Lu|90/100
|-damage|p1a: Pelipper|84/100|[from] item: Rocky Helmet|[of] p2a: Ting-Lu
|
|t:|1743883540
|switch|p1a: Keldeo|Keldeo-Resolute|100/100|[from] U-turn
|-damage|p1a: Keldeo|94/100|[from] Stealth Rock
|
|-weather|RainDance|[upkeep]
|upkeep
|turn|2
|
|t:|1743883544
|move|p1a: Keldeo|Hydro Pump|p2a: Ting-Lu|[miss]
|-miss|p1a: Keldeo|p2a: Ting-Lu
|move|p2a: Ting-Lu|Ruination|p1a: Keldeo
|-damage|p1a: Keldeo|48/100
|-ability|p1a: Keldeo|Justified|boost
|-boost|p1a: Keldeo|atk|1
|
|-weather|RainDance|[upkeep]
|upkeep
|turn|3
|
|t:|1743883546
|move|p1a: Keldeo|Hydro Pump|p2a: Ting-Lu
|-supereffective|p2a: Ting-Lu
|-damage|p2a: Ting-Lu|0 fnt
|faint|p2a: Ting-Lu
|
|-weather|RainDance|[upkeep]
|upkeep
|
|t:|1743883548
|switch|p2a: Iron Valiant|Iron Valiant|100/100
|-enditem|p2a: Iron Valiant|Booster Energy
|-activate|p2a: Iron Valiant|ability: Quark Drive|[fromitem]
|-start|p2a: Iron Valiant|quarkdrivespe
|turn|4
|
|t:|1743883554
|switch|p1a: Iron Treads|Iron Treads|100/100
|-damage|p1a: Iron Treads|98/100|[from] Stealth Rock
|move|p2a: Iron Valiant|Moonblast|p1a: Iron Treads
|-resisted|p1a: Iron Treads
|-damage|p1a: Iron Treads|82/100
|
|-weather|RainDance|[upkeep]
|-heal|p1a: Iron Treads|88/100|[from] item: Leftovers
|upkeep
|turn|5
|
|t:|1743883558
|move|p2a: Iron Valiant|Close Combat|p1a: Iron Treads
|-supereffective|p1a: Iron Treads
|-damage|p1a: Iron Treads|0 fnt
|-unboost|p2a: Iron Valiant|def|1
|-unboost|p2a: Iron Valiant|spd|1
|faint|p1a: Iron Treads
|-end|p1a: Iron Treads|Quark Drive|[silent]
|
|-weather|RainDance|[upkeep]
|upkeep
|
|t:|1743883567
|switch|p1a: Basculegion|Basculegion, M|100/100
|-damage|p1a: Basculegion|88/100|[from] Stealth Rock
|turn|6
|
|t:|1743883574
|move|p1a: Basculegion|Flip Turn|p2a: Iron Valiant
|-damage|p2a: Iron Valiant|0 fnt
|faint|p2a: Iron Valiant
|-end|p2a: Iron Valiant|Quark Drive|[silent]
|
|t:|1743883577
|switch|p1a: Dragapult|Dragapult, F|100/100|[from] Flip Turn
|
|-weather|RainDance|[upkeep]
|upkeep
|
|t:|1743883585
|switch|p2a: Gholdengo|Gholdengo|100/100
|turn|7
|
|t:|1743883600
|switch|p1a: Keldeo|Keldeo-Resolute|48/100
|-damage|p1a: Keldeo|41/100|[from] Stealth Rock
|move|p2a: Gholdengo|Shadow Ball|p1a: Keldeo
|-damage|p1a: Keldeo|0 fnt
|faint|p1a: Keldeo
|
|-weather|RainDance|[upkeep]
|upkeep
|
|t:|1743883602
|switch|p1a: Basculegion|Basculegion, M|88/100
|-damage|p1a: Basculegion|76/100|[from] Stealth Rock
|turn|8
|j| macrocosmoss
|
|t:|1743883626
|switch|p2a: Iron Moth|Iron Moth|100/100
|-enditem|p2a: Iron Moth|Booster Energy
|-activate|p2a: Iron Moth|ability: Quark Drive|[fromitem]
|-start|p2a: Iron Moth|quarkdrivespe
|move|p1a: Basculegion|Wave Crash|p2a: Iron Moth
|-supereffective|p2a: Iron Moth
|-damage|p2a: Iron Moth|0 fnt
|faint|p2a: Iron Moth
|-end|p2a: Iron Moth|Quark Drive|[silent]
|-damage|p1a: Basculegion|50/100|[from] Recoil
|
|-weather|none
|upkeep
|
|t:|1743883630
|switch|p2a: Kyurem|Kyurem|100/100
|-ability|p2a: Kyurem|Pressure
|turn|9
|inactive|Battle timer is ON: inactive players will automatically lose when time's up. (requested by quinx of ladder)
|
|t:|1743883709
|switch|p1a: Dragapult|Dragapult, F|100/100
|move|p2a: Kyurem|Dragon Dance|p2a: Kyurem
|-boost|p2a: Kyurem|atk|1
|-boost|p2a: Kyurem|spe|1
|
|upkeep
|turn|10
|j| nesnot
|inactive|Air Glider has 120 seconds left.
|
|t:|1743883746
|-terastallize|p1a: Dragapult|Water
|move|p2a: Kyurem|Scale Shot|p1a: Dragapult
|-damage|p1a: Dragapult|70/100
|-damage|p1a: Dragapult|38/100
|-damage|p1a: Dragapult|10/100
|-damage|p1a: Dragapult|0 fnt
|faint|p1a: Dragapult
|-hitcount|p1: Dragapult|4
|-unboost|p2a: Kyurem|def|1
|-boost|p2a: Kyurem|spe|1
|
|upkeep
|
|t:|1743883767
|switch|p1a: Latios|Latios, M|100/100
|-damage|p1a: Latios|88/100|[from] Stealth Rock
|turn|11
|
|t:|1743883780
|switch|p1a: Pelipper|Pelipper, F|84/100
|-damage|p1a: Pelipper|59/100|[from] Stealth Rock
|-weather|RainDance|[from] ability: Drizzle|[of] p1a: Pelipper
|move|p2a: Kyurem|Icicle Spear|p1a: Pelipper
|-damage|p1a: Pelipper|41/100
|-damage|p1a: Pelipper|26/100
|-damage|p1a: Pelipper|9/100
|-crit|p1a: Pelipper
|-damage|p1a: Pelipper|0 fnt
|faint|p1a: Pelipper
|-hitcount|p1: Pelipper|4
|
|-weather|RainDance|[upkeep]
|upkeep
|
|t:|1743883781
|switch|p1a: Basculegion|Basculegion, M|50/100
|-damage|p1a: Basculegion|38/100|[from] Stealth Rock
|turn|12
|
|t:|1743883788
|move|p2a: Kyurem|Icicle Spear|p1a: Basculegion
|-resisted|p1a: Basculegion
|-damage|p1a: Basculegion|25/100
|-resisted|p1a: Basculegion
|-crit|p1a: Basculegion
|-damage|p1a: Basculegion|3/100
|-resisted|p1a: Basculegion
|-damage|p1a: Basculegion|0 fnt
|faint|p1a: Basculegion
|-hitcount|p1: Basculegion|3
|
|-weather|RainDance|[upkeep]
|upkeep
|
|t:|1743883790
|switch|p1a: Latios|Latios, M|88/100
|-damage|p1a: Latios|76/100|[from] Stealth Rock
|turn|13
|
|t:|1743883792
|move|p2a: Kyurem|Icicle Spear|p1a: Latios
|-supereffective|p1a: Latios
|-damage|p1a: Latios|11/100
|-supereffective|p1a: Latios
|-damage|p1a: Latios|0 fnt
|faint|p1a: Latios
|-hitcount|p1: Latios|2
|
|win|quinx of ladder
|raw|Air Glider's rating: 1819 &rarr; <strong>1801</strong><br />(-18 for losing)
|raw|quinx of ladder's rating: 1853 &rarr; <strong>1871</strong><br />(+18 for winning)
|l|☆quinx of ladder
|player|p2|
