|j|☆2(H2O)-Alt
|j|☆chip witley
|t:|1743873031
|gametype|singles
|player|p1|2(H2O)-Alt|chase|1713
|player|p2|chip witley|lance|1689
|teamsize|p1|6
|teamsize|p2|6
|gen|9
|tier|[Gen 9] OU
|rated|
|rule|HP Percentage Mod: HP is shown in percentages
|rule|Endless Battle Clause: Forcing endless battles is banned
|rule|Species Clause: Limit one of each Pokémon
|rule|OHKO Clause: OHKO moves are banned
|rule|Evasion Items Clause: Evasion items are banned
|rule|Evasion Moves Clause: Evasion moves are banned
|rule|Sleep Moves Clause: Sleep-inducing moves are banned
|clearpoke
|poke|p1|Kingambit, M|
|poke|p1|Thundurus-Therian, M|
|poke|p1|Weavile, M|
|poke|p1|Landorus-Therian, M|
|poke|p1|Samurott-Hisui, M|
|poke|p1|Pecharunt|
|poke|p2|Mabosstiff, M|
|poke|p2|Slowking-Galar, M|
|poke|p2|Zapdos|
|poke|p2|Kyurem|
|poke|p2|Zamazenta-*|
|poke|p2|Iron Treads|
|teampreview
|inactive|Battle timer is ON: inactive players will automatically lose when time's up. (requested by 2(H2O)-Alt)
|c|☆2(H2O)-Alt|Hf bro
|inactive|chip witley has 120 seconds left.
|c|☆chip witley|u2
|inactive|2(H2O)-Alt has 120 seconds left.
|inactive|2(H2O)-Alt has 90 seconds left.
|
|t:|1743873114
|start
|switch|p1a: La pluie|Pecharunt|100/100
|switch|p2a: Mabosstiff|Mabosstiff, M|100/100
|turn|1
|
|t:|1743873144
|switch|p1a: Samurott|Samurott-Hisui, M|100/100
|move|p2a: Mabosstiff|Crunch|p1a: Samurott
|-resisted|p1a: Samurott
|-damage|p1a: Samurott|40/100
|-unboost|p1a: Samurott|def|1
|
|upkeep
|turn|2
|
|t:|1743873155
|switch|p1a: Kingambit|Kingambit, M|100/100
|move|p2a: Mabosstiff|Crunch|p1a: Kingambit
|-resisted|p1a: Kingambit
|-damage|p1a: Kingambit|48/100
|
|upkeep
|turn|3
|c|☆2(H2O)-Alt|what
|c|☆2(H2O)-Alt|why does it so hard
|
|t:|1743873174
|-end|p1a: Kingambit|fallenundefined|[silent]
|switch|p1a: Landorus|Landorus-Therian, M|100/100
|-ability|p1a: Landorus|Intimidate|boost
|-unboost|p2a: Mabosstiff|atk|1
|move|p2a: Mabosstiff|Crunch|p1a: Landorus
|-damage|p1a: Landorus|23/100
|-damage|p2a: Mabosstiff|84/100|[from] item: Rocky Helmet|[of] p1a: Landorus
|
|upkeep
|turn|4
|c|☆chip witley|stakeout
|
|t:|1743873183
|switch|p2a: Zapdos|Zapdos|100/100
|move|p1a: Landorus|Stealth Rock|p2a: Zapdos
|-sidestart|p2: chip witley|move: Stealth Rock
|
|upkeep
|turn|5
|
|t:|1743873188
|move|p1a: Landorus|Stone Edge|p2a: Zapdos|[miss]
|-miss|p1a: Landorus|p2a: Zapdos
|move|p2a: Zapdos|Hurricane|p1a: Landorus
|-damage|p1a: Landorus|0 fnt
|faint|p1a: Landorus
|
|upkeep
|
|t:|1743873190
|switch|p1a: Weavile|Weavile, M|100/100
|-ability|p1a: Weavile|Pressure
|turn|6
|
|t:|1743873195
|move|p1a: Weavile|Triple Axel|p2a: Zapdos
|-supereffective|p2a: Zapdos
|-damage|p2a: Zapdos|86/100
|-status|p1a: Weavile|par|[from] ability: Static|[of] p2a: Zapdos
|-supereffective|p2a: Zapdos
|-damage|p2a: Zapdos|60/100
|-supereffective|p2a: Zapdos
|-damage|p2a: Zapdos|19/100
|-hitcount|p2a: Zapdos|3
|move|p2a: Zapdos|Volt Switch|p1a: Weavile
|-damage|p1a: Weavile|62/100 par
|
|t:|1743873202
|switch|p2a: Iron Treads|Iron Treads|100/100|[from] Volt Switch
|-damage|p2a: Iron Treads|97/100|[from] Stealth Rock
|-enditem|p2a: Iron Treads|Booster Energy
|-activate|p2a: Iron Treads|ability: Quark Drive|[fromitem]
|-start|p2a: Iron Treads|quarkdrivespe
|
|upkeep
|turn|7
|inactive|2(H2O)-Alt has 120 seconds left.
|c|☆2(H2O)-Alt|damn
|c|☆2(H2O)-Alt|that’s some cool tech
|
|t:|1743873256
|switch|p1a: Samurott|Samurott-Hisui, M|40/100
|move|p2a: Iron Treads|Earthquake|p1a: Samurott
|-damage|p1a: Samurott|0 fnt
|faint|p1a: Samurott
|
|upkeep
|
|t:|1743873263
|switch|p1a: Thundurus|Thundurus-Therian, M|100/100
|turn|8
|
|t:|1743873265
|move|p2a: Iron Treads|Ice Spinner|p1a: Thundurus
|-supereffective|p1a: Thundurus
|-damage|p1a: Thundurus|17/100
|move|p1a: Thundurus|Grass Knot|p2a: Iron Treads
|-damage|p2a: Iron Treads|31/100
|
|upkeep
|turn|9
|
|t:|1743873268
|move|p2a: Iron Treads|Rapid Spin|p1a: Thundurus
|-damage|p1a: Thundurus|0 fnt
|-boost|p2a: Iron Treads|spe|1
|-sideend|p2: chip witley|Stealth Rock|[from] move: Rapid Spin|[of] p2a: Iron Treads
|faint|p1a: Thundurus
|
|upkeep
|
|t:|1743873271
|switch|p1a: Kingambit|Kingambit, M|48/100
|-activate|p1a: Kingambit|ability: Supreme Overlord
|-start|p1a: Kingambit|fallen3|[silent]
|turn|10
|
|t:|1743873281
|move|p1a: Kingambit|Sucker Punch|p2a: Iron Treads
|-damage|p2a: Iron Treads|0 fnt
|faint|p2a: Iron Treads
|-end|p2a: Iron Treads|Quark Drive|[silent]
|
|upkeep
|c|☆2(H2O)-Alt|ggs
|c|☆2(H2O)-Alt|wo
|c|☆2(H2O)-Alt|wp
|
|t:|1743873299
|switch|p2a: Kyurem|Kyurem|100/100
|-ability|p2a: Kyurem|Pressure
|turn|11
|c|☆chip witley|gg
|
|t:|1743873304
|move|p2a: Kyurem|Earth Power|p1a: Kingambit
|-supereffective|p1a: Kingambit
|-damage|p1a: Kingambit|0 fnt
|faint|p1a: Kingambit
|-end|p1a: Kingambit|fallen3|[silent]
|
|upkeep
|
|t:|1743873306
|switch|p1a: Weavile|Weavile, M|62/100 par
|-ability|p1a: Weavile|Pressure
|turn|12
|
|t:|1743873318
|move|p2a: Kyurem|Earth Power|p1a: Weavile
|-damage|p1a: Weavile|2/100 par
|move|p1a: Weavile|Knock Off|p2a: Kyurem
|-damage|p2a: Kyurem|52/100
|-enditem|p2a: Kyurem|Choice Specs|[from] move: Knock Off|[of] p1a: Weavile
|
|upkeep
|turn|13
|
|t:|1743873324
|move|p2a: Kyurem|Ice Beam|p1a: Weavile
|-resisted|p1a: Weavile
|-damage|p1a: Weavile|0 fnt
|faint|p1a: Weavile
|
|upkeep
|
|t:|1743873326
|switch|p1a: La pluie|Pecharunt|100/100
|turn|14
|
|t:|1743873348
|move|p2a: Kyurem|Earth Power|p1a: La pluie
|-supereffective|p1a: La pluie
|-damage|p1a: La pluie|39/100
|move|p1a: La pluie|Malignant Chain|p2a: Kyurem
|-damage|p2a: Kyurem|24/100
|-status|p2a: Kyurem|tox
|-start|p2a: Kyurem|confusion|[from] ability: Poison Puppeteer|[of] p1a: La pluie
|
|-damage|p2a: Kyurem|18/100 tox|[from] psn
|upkeep
|turn|15
|
|t:|1743873361
|-activate|p2a: Kyurem|confusion
|move|p2a: Kyurem|Earth Power|p1a: La pluie
|-supereffective|p1a: La pluie
|-damage|p1a: La pluie|0 fnt
|faint|p1a: La pluie
|
|win|chip witley
|raw|2(H2O)-Alt's rating: 1713 &rarr; <strong>1691</strong><br />(-22 for losing)
|raw|chip witley's rating: 1672 &rarr; <strong>1694</strong><br />(+22 for winning)
|l|☆2(H2O)-Alt
|player|p1|
