|j|☆gibelobe
|j|☆Accelerock Ttar
|t:|1743821843
|gametype|singles
|player|p1|gibelobe|170|1619
|player|p2|Accelerock Ttar|blackbelt-gen4dp|1649
|teamsize|p1|6
|teamsize|p2|6
|gen|9
|tier|[Gen 9] OU
|rated|
|rule|HP Percentage Mod: HP is shown in percentages
|rule|Endless Battle Clause: Forcing endless battles is banned
|rule|Species Clause: Limit one of each Pokémon
|rule|OHKO Clause: OHKO moves are banned
|rule|Evasion Items Clause: Evasion items are banned
|rule|Evasion Moves Clause: Evasion moves are banned
|rule|Sleep Moves Clause: Sleep-inducing moves are banned
|clearpoke
|poke|p1|Deoxys-Speed|
|poke|p1|Scizor, F|
|poke|p1|Walking Wake|
|poke|p1|Rillaboom, F|
|poke|p1|Blaziken, M|
|poke|p1|Iron Boulder|
|poke|p2|Iron Valiant|
|poke|p2|Gliscor, F|
|poke|p2|Slowking-Galar, F|
|poke|p2|Great Tusk|
|poke|p2|Dragapult, M|
|poke|p2|Skarmory, F|
|teampreview
|inactive|Battle timer is ON: inactive players will automatically lose when time's up. (requested by gibelobe)
|j| hk silver
|
|t:|1743821861
|start
|switch|p1a: Deoxys|Deoxys-Speed|100/100
|switch|p2a: Gliscor|Gliscor, F|100/100
|-ability|p1a: Deoxys|Pressure
|turn|1
|c|☆Accelerock Ttar|hf
|inactive|Accelerock Ttar also wants the timer to be on.
|
|t:|1743821877
|move|p1a: Deoxys|Taunt|p2a: Gliscor
|-start|p2a: Gliscor|move: Taunt
|move|p2a: Gliscor|Knock Off|p1a: Deoxys
|-supereffective|p1a: Deoxys
|-damage|p1a: Deoxys|49/100
|-enditem|p1a: Deoxys|Focus Sash|[from] move: Knock Off|[of] p2a: Gliscor
|
|-status|p2a: Gliscor|tox|[from] item: Toxic Orb
|upkeep
|turn|2
|
|t:|1743821894
|move|p1a: Deoxys|Stealth Rock|p2a: Gliscor
|-sidestart|p2: Accelerock Ttar|move: Stealth Rock
|move|p2a: Gliscor|U-turn|p1a: Deoxys
|-supereffective|p1a: Deoxys
|-damage|p1a: Deoxys|9/100
|inactive|Accelerock Ttar has 120 seconds left.
|
|t:|1743821910
|switch|p2a: Iron Valiant|Iron Valiant|100/100|[from] U-turn
|-damage|p2a: Iron Valiant|94/100|[from] Stealth Rock
|
|upkeep
|turn|3
|inactive|Accelerock Ttar has 120 seconds left.
|
|t:|1743821926
|move|p2a: Iron Valiant|Vacuum Wave|p1a: Deoxys
|-resisted|p1a: Deoxys
|-damage|p1a: Deoxys|0 fnt
|faint|p1a: Deoxys
|
|upkeep
|
|t:|1743821944
|switch|p1a: Scizor|Scizor, F|100/100
|turn|4
|inactive|Accelerock Ttar has 120 seconds left.
|
|t:|1743821960
|switch|p1a: Walking Wake|Walking Wake|100/100
|-enditem|p1a: Walking Wake|Booster Energy
|-activate|p1a: Walking Wake|ability: Protosynthesis|[fromitem]
|-start|p1a: Walking Wake|protosynthesisspa
|move|p2a: Iron Valiant|Vacuum Wave|p1a: Walking Wake
|-damage|p1a: Walking Wake|64/100
|
|upkeep
|turn|5
|inactive|Accelerock Ttar has 120 seconds left.
|
|t:|1743821977
|-end|p2a: Iron Valiant|Quark Drive|[silent]
|switch|p2a: Slowking|Slowking-Galar, F|100/100
|move|p1a: Walking Wake|Hydro Pump|p2a: Slowking
|-damage|p2a: Slowking|56/100
|
|upkeep
|turn|6
|
|t:|1743821993
|move|p1a: Walking Wake|Dragon Pulse|p2a: Slowking
|-damage|p2a: Slowking|20/100
|move|p2a: Slowking|Sludge Bomb|p1a: Walking Wake
|-damage|p1a: Walking Wake|26/100
|-status|p1a: Walking Wake|psn
|
|-damage|p1a: Walking Wake|14/100 psn|[from] psn
|upkeep
|turn|7
|
|t:|1743822010
|switch|p2a: Iron Valiant|Iron Valiant|94/100
|-damage|p2a: Iron Valiant|88/100|[from] Stealth Rock
|move|p1a: Walking Wake|Hydro Pump|p2a: Iron Valiant
|-damage|p2a: Iron Valiant|0 fnt
|faint|p2a: Iron Valiant
|-end|p2a: Iron Valiant|Quark Drive|[silent]
|
|-damage|p1a: Walking Wake|1/100 psn|[from] psn
|upkeep
|inactive|Accelerock Ttar has 90 seconds left.
|
|t:|1743822026
|switch|p2a: Dragapult|Dragapult, M|100/100
|turn|8
|inactive|Accelerock Ttar has 90 seconds left.
|
|t:|1743822042
|move|p2a: Dragapult|U-turn|p1a: Walking Wake
|-damage|p1a: Walking Wake|0 fnt
|faint|p1a: Walking Wake
|-end|p1a: Walking Wake|Protosynthesis|[silent]
|
|t:|1743822059
|switch|p2a: Great Tusk|Great Tusk|100/100|[from] U-turn
|
|upkeep
|l| hk silver
|
|t:|1743822063
|switch|p1a: Rillaboom|Rillaboom, F|100/100
|-fieldstart|move: Grassy Terrain|[from] ability: Grassy Surge|[of] p1a: Rillaboom
|turn|9
|
|t:|1743822079
|move|p2a: Great Tusk|Ice Spinner|p1a: Rillaboom
|-supereffective|p1a: Rillaboom
|-damage|p1a: Rillaboom|42/100
|-fieldend|move: Grassy Terrain
|move|p1a: Rillaboom|Wood Hammer|p2a: Great Tusk
|-supereffective|p2a: Great Tusk
|-damage|p2a: Great Tusk|0 fnt
|faint|p2a: Great Tusk
|-end|p2a: Great Tusk|Protosynthesis|[silent]
|-damage|p1a: Rillaboom|6/100|[from] Recoil
|-damage|p1a: Rillaboom|0 fnt|[from] item: Life Orb
|faint|p1a: Rillaboom
|
|upkeep
|
|t:|1743822097
|switch|p2a: Skarmory|Skarmory, F|100/100
|switch|p1a: Blaziken|Blaziken, M|100/100
|-item|p1a: Blaziken|Air Balloon
|-damage|p2a: Skarmory|88/100|[from] Stealth Rock
|turn|10
|
|t:|1743822114
|move|p1a: Blaziken|Swords Dance|p1a: Blaziken
|-boost|p1a: Blaziken|atk|2
|move|p2a: Skarmory|Brave Bird|p1a: Blaziken
|-supereffective|p1a: Blaziken
|-damage|p1a: Blaziken|0 fnt
|-enditem|p1a: Blaziken|Air Balloon
|faint|p1a: Blaziken
|-damage|p2a: Skarmory|58/100|[from] Recoil
|
|upkeep
|
|t:|1743822117
|switch|p1a: Iron Boulder|Iron Boulder|100/100
|-enditem|p1a: Iron Boulder|Booster Energy
|-activate|p1a: Iron Boulder|ability: Quark Drive|[fromitem]
|-start|p1a: Iron Boulder|quarkdrivespe
|turn|11
|
|t:|1743822134
|move|p1a: Iron Boulder|Swords Dance|p1a: Iron Boulder
|-boost|p1a: Iron Boulder|atk|2
|move|p2a: Skarmory|Roost|p2a: Skarmory
|-heal|p2a: Skarmory|100/100
|-singleturn|p2a: Skarmory|move: Roost
|
|upkeep
|turn|12
|inactive|Accelerock Ttar has 60 seconds left.
|
|t:|1743822150
|move|p1a: Iron Boulder|Mighty Cleave|p2a: Skarmory
|-damage|p2a: Skarmory|43/100
|-damage|p1a: Iron Boulder|84/100|[from] item: Rocky Helmet|[of] p2a: Skarmory
|move|p2a: Skarmory|Whirlwind|p1a: Iron Boulder
|-end|p1a: Iron Boulder|Quark Drive|[silent]
|drag|p1a: Scizor|Scizor, F|100/100
|
|upkeep
|turn|13
|inactive|Accelerock Ttar has 60 seconds left.
|
|t:|1743822167
|move|p2a: Skarmory|Roost|p2a: Skarmory
|-heal|p2a: Skarmory|93/100
|-singleturn|p2a: Skarmory|move: Roost
|move|p1a: Scizor|Knock Off|p2a: Skarmory
|-damage|p2a: Skarmory|70/100
|-damage|p1a: Scizor|84/100|[from] item: Rocky Helmet|[of] p2a: Skarmory
|-enditem|p2a: Skarmory|Rocky Helmet|[from] move: Knock Off|[of] p1a: Scizor
|
|upkeep
|turn|14
|inactive|Accelerock Ttar has 60 seconds left.
|
|t:|1743822185
|move|p2a: Skarmory|Brave Bird|p1a: Scizor
|-damage|p1a: Scizor|49/100
|-damage|p2a: Skarmory|58/100|[from] Recoil
|move|p1a: Scizor|Swords Dance|p1a: Scizor
|-boost|p1a: Scizor|atk|2
|
|upkeep
|turn|15
|
|t:|1743822203
|move|p2a: Skarmory|Brave Bird|p1a: Scizor
|-damage|p1a: Scizor|18/100
|-damage|p2a: Skarmory|48/100|[from] Recoil
|move|p1a: Scizor|Close Combat|p2a: Skarmory
|-damage|p2a: Skarmory|0 fnt
|-unboost|p1a: Scizor|def|1
|-unboost|p1a: Scizor|spd|1
|faint|p2a: Skarmory
|
|upkeep
|
|t:|1743822211
|switch|p2a: Gliscor|Gliscor, F|100/100 tox
|-damage|p2a: Gliscor|88/100 tox|[from] Stealth Rock
|turn|16
|
|t:|1743822218
|move|p1a: Scizor|Bullet Punch|p2a: Gliscor
|-damage|p2a: Gliscor|19/100 tox
|move|p2a: Gliscor|Earthquake|p1a: Scizor
|-damage|p1a: Scizor|0 fnt
|faint|p1a: Scizor
|
|-heal|p2a: Gliscor|31/100 tox|[from] ability: Poison Heal
|upkeep
|
|t:|1743822228
|switch|p1a: Iron Boulder|Iron Boulder|84/100
|turn|17
|inactive|Accelerock Ttar has 60 seconds left.
|
|t:|1743822235
|-terastallize|p1a: Iron Boulder|Flying
|move|p1a: Iron Boulder|Swords Dance|p1a: Iron Boulder
|-boost|p1a: Iron Boulder|atk|2
|move|p2a: Gliscor|Earthquake|p1a: Iron Boulder
|-immune|p1a: Iron Boulder
|
|-heal|p2a: Gliscor|44/100 tox|[from] ability: Poison Heal
|upkeep
|turn|18
|inactive|Accelerock Ttar has 60 seconds left.
|
|t:|1743822249
|move|p1a: Iron Boulder|Mighty Cleave|p2a: Gliscor
|-damage|p2a: Gliscor|0 fnt
|faint|p2a: Gliscor
|
|upkeep
|inactive|Accelerock Ttar has 60 seconds left.
|
|t:|1743822259
|switch|p2a: Dragapult|Dragapult, M|100/100
|turn|19
|inactive|Accelerock Ttar has 60 seconds left.
|
|t:|1743822268
|-terastallize|p2a: Dragapult|Ghost
|move|p2a: Dragapult|Will-O-Wisp|p1a: Iron Boulder
|-status|p1a: Iron Boulder|brn
|move|p1a: Iron Boulder|Mighty Cleave|p2a: Dragapult
|-damage|p2a: Dragapult|30/100
|
|-damage|p1a: Iron Boulder|78/100 brn|[from] brn
|upkeep
|turn|20
|
|t:|1743822273
|move|p2a: Dragapult|Hex|p1a: Iron Boulder
|-damage|p1a: Iron Boulder|0 fnt
|faint|p1a: Iron Boulder
|-end|p1a: Iron Boulder|Quark Drive|[silent]
|
|win|Accelerock Ttar
|raw|gibelobe's rating: 1619 &rarr; <strong>1601</strong><br />(-18 for losing)
|raw|Accelerock Ttar's rating: 1649 &rarr; <strong>1667</strong><br />(+18 for winning)
|c|☆Accelerock Ttar|gg
|l|☆gibelobe
|player|p1|
|l|☆Accelerock Ttar
|player|p2|
