|j|☆nirvana9
|j|☆GintamaXXOO
|t:|1743828347
|gametype|singles
|player|p1|nirvana9|lady-gen4|1595
|player|p2|GintamaXXOO|magmagruntf|1550
|teamsize|p1|6
|teamsize|p2|6
|gen|9
|tier|[Gen 9] OU
|rated|
|rule|HP Percentage Mod: HP is shown in percentages
|rule|Endless Battle Clause: Forcing endless battles is banned
|rule|Species Clause: Limit one of each Pokémon
|rule|OHKO Clause: OHKO moves are banned
|rule|Evasion Items Clause: Evasion items are banned
|rule|Evasion Moves Clause: Evasion moves are banned
|rule|Sleep Moves Clause: Sleep-inducing moves are banned
|clearpoke
|poke|p1|Tyranitar, M|
|poke|p1|Excadrill, M|
|poke|p1|Skarmory, M|
|poke|p1|Skeledirge, F|
|poke|p1|Dragapult, F|
|poke|p1|Alomomola, M|
|poke|p2|Kingambit, F|
|poke|p2|Cinderace, F|
|poke|p2|Landorus-Therian, M|
|poke|p2|Iron Valiant|
|poke|p2|Kyurem|
|poke|p2|Slowking-Galar, M|
|teampreview
|inactive|Battle timer is ON: inactive players will automatically lose when time's up. (requested by GintamaXXOO)
|
|t:|1743828363
|start
|switch|p1a: Alomomola|Alomomola, M|100/100
|switch|p2a: Mr. Freeze|Kyurem, shiny|100/100
|-ability|p2a: Mr. Freeze|Pressure
|turn|1
|
|t:|1743828379
|switch|p1a: Tyranitar|Tyranitar, M|100/100
|-weather|Sandstorm|[from] ability: Sand Stream|[of] p1a: Tyranitar
|move|p2a: Mr. Freeze|Freeze-Dry|p1a: Tyranitar
|-damage|p1a: Tyranitar|86/100
|
|-weather|Sandstorm|[upkeep]
|-damage|p2a: Mr. Freeze|94/100|[from] Sandstorm
|-heal|p2a: Mr. Freeze|100/100|[from] item: Leftovers
|upkeep
|turn|2
|
|t:|1743828391
|move|p2a: Mr. Freeze|Substitute|p2a: Mr. Freeze
|-start|p2a: Mr. Freeze|Substitute
|-damage|p2a: Mr. Freeze|75/100
|move|p1a: Tyranitar|Stealth Rock|p2a: Mr. Freeze
|-sidestart|p2: GintamaXXOO|move: Stealth Rock
|
|-weather|Sandstorm|[upkeep]
|-damage|p2a: Mr. Freeze|69/100|[from] Sandstorm
|-heal|p2a: Mr. Freeze|75/100|[from] item: Leftovers
|upkeep
|turn|3
|
|t:|1743828395
|move|p2a: Mr. Freeze|Earth Power|p1a: Tyranitar
|-supereffective|p1a: Tyranitar
|-damage|p1a: Tyranitar|58/100
|move|p1a: Tyranitar|Knock Off|p2a: Mr. Freeze
|-end|p2a: Mr. Freeze|Substitute
|
|-weather|Sandstorm|[upkeep]
|-damage|p2a: Mr. Freeze|69/100|[from] Sandstorm
|-heal|p2a: Mr. Freeze|75/100|[from] item: Leftovers
|upkeep
|turn|4
|
|t:|1743828402
|move|p2a: Mr. Freeze|Protect|p2a: Mr. Freeze
|-singleturn|p2a: Mr. Freeze|Protect
|move|p1a: Tyranitar|Knock Off|p2a: Mr. Freeze
|-activate|p2a: Mr. Freeze|move: Protect
|
|-weather|Sandstorm|[upkeep]
|-damage|p2a: Mr. Freeze|69/100|[from] Sandstorm
|-heal|p2a: Mr. Freeze|75/100|[from] item: Leftovers
|upkeep
|turn|5
|
|t:|1743828407
|switch|p2a: Homelandor|Landorus-Therian, M, shiny|100/100
|-damage|p2a: Homelandor|88/100|[from] Stealth Rock
|-ability|p2a: Homelandor|Intimidate|boost
|-unboost|p1a: Tyranitar|atk|1
|move|p1a: Tyranitar|Knock Off|p2a: Homelandor
|-damage|p2a: Homelandor|65/100
|-damage|p1a: Tyranitar|42/100|[from] item: Rocky Helmet|[of] p2a: Homelandor
|-enditem|p2a: Homelandor|Rocky Helmet|[from] move: Knock Off|[of] p1a: Tyranitar
|
|-weather|Sandstorm|[upkeep]
|upkeep
|turn|6
|
|t:|1743828418
|switch|p1a: Skarmory|Skarmory, M|100/100
|move|p2a: Homelandor|U-turn|p1a: Skarmory
|-resisted|p1a: Skarmory
|-damage|p1a: Skarmory|97/100
|-damage|p2a: Homelandor|48/100|[from] item: Rocky Helmet|[of] p1a: Skarmory
|
|t:|1743828428
|switch|p2a: Cinderace|Cinderace, F|100/100|[from] U-turn
|
|-weather|Sandstorm|[upkeep]
|-damage|p2a: Cinderace|95/100|[from] Sandstorm
|upkeep
|turn|7
|
|t:|1743828448
|switch|p2a: Mr. Freeze|Kyurem, shiny|75/100
|-damage|p2a: Mr. Freeze|50/100|[from] Stealth Rock
|-ability|p2a: Mr. Freeze|Pressure
|switch|p1a: Alomomola|Alomomola, M|100/100
|
|-weather|Sandstorm|[upkeep]
|-damage|p2a: Mr. Freeze|44/100|[from] Sandstorm
|-damage|p1a: Alomomola|94/100|[from] Sandstorm
|-heal|p2a: Mr. Freeze|50/100|[from] item: Leftovers
|upkeep
|turn|8
|
|t:|1743828462
|move|p2a: Mr. Freeze|Substitute|p2a: Mr. Freeze
|-start|p2a: Mr. Freeze|Substitute
|-damage|p2a: Mr. Freeze|25/100
|move|p1a: Alomomola|Flip Turn|p2a: Mr. Freeze
|-resisted|p2a: Mr. Freeze
|-crit|p2a: Mr. Freeze
|-activate|p2a: Mr. Freeze|move: Substitute|[damage]
|
|t:|1743828476
|switch|p1a: Dragapult|Dragapult, F|100/100|[from] Flip Turn
|
|-weather|none
|-heal|p2a: Mr. Freeze|32/100|[from] item: Leftovers
|upkeep
|turn|9
|
|t:|1743828481
|move|p2a: Mr. Freeze|Protect|p2a: Mr. Freeze
|-singleturn|p2a: Mr. Freeze|Protect
|move|p1a: Dragapult|Draco Meteor|p2a: Mr. Freeze
|-activate|p2a: Mr. Freeze|move: Protect
|
|-heal|p2a: Mr. Freeze|38/100|[from] item: Leftovers
|upkeep
|turn|10
|
|t:|1743828490
|switch|p2a: Chillionaire|Slowking-Galar, M, shiny|100/100
|move|p1a: Dragapult|Draco Meteor|p2a: Chillionaire
|-damage|p2a: Chillionaire|68/100
|-unboost|p1a: Dragapult|spa|2
|
|upkeep
|turn|11
|
|t:|1743828499
|move|p1a: Dragapult|U-turn|p2a: Chillionaire
|-damage|p2a: Chillionaire|50/100
|
|t:|1743828509
|switch|p1a: Alomomola|Alomomola, M|100/100|[from] U-turn
|-prepare|p2a: Chillionaire|Chilly Reception|[premajor]
|move|p2a: Chillionaire|Chilly Reception|p2a: Chillionaire
|-weather|Snowscape
|
|t:|1743828523
|switch|p2a: Mr. Freeze|Kyurem, shiny|38/100|[from] Chilly Reception
|-damage|p2a: Mr. Freeze|13/100|[from] Stealth Rock
|-ability|p2a: Mr. Freeze|Pressure
|
|-weather|Snowscape|[upkeep]
|-heal|p2a: Mr. Freeze|19/100|[from] item: Leftovers
|upkeep
|turn|12
|
|t:|1743828529
|move|p2a: Mr. Freeze|Freeze-Dry|p1a: Alomomola
|-supereffective|p1a: Alomomola
|-damage|p1a: Alomomola|44/100
|-enditem|p1a: Alomomola|Red Card|[of] p2a: Mr. Freeze
|drag|p2a: WALL-Y|Iron Valiant|100/100
|-damage|p2a: WALL-Y|94/100|[from] Stealth Rock
|-enditem|p2a: WALL-Y|Booster Energy
|-activate|p2a: WALL-Y|ability: Quark Drive|[fromitem]
|-start|p2a: WALL-Y|quarkdrivespe
|move|p1a: Alomomola|Flip Turn|p2a: WALL-Y
|-damage|p2a: WALL-Y|73/100
|
|t:|1743828549
|switch|p1a: Skeledirge|Skeledirge, F|100/100|[from] Flip Turn
|
|-weather|Snowscape|[upkeep]
|upkeep
|turn|13
|
|t:|1743828559
|-terastallize|p2a: WALL-Y|Ghost
|move|p2a: WALL-Y|Shadow Ball|p1a: Skeledirge
|-supereffective|p1a: Skeledirge
|-damage|p1a: Skeledirge|43/100
|-unboost|p1a: Skeledirge|spd|1
|move|p1a: Skeledirge|Torch Song|p2a: WALL-Y
|-damage|p2a: WALL-Y|22/100
|-boost|p1a: Skeledirge|spa|1
|
|-weather|Snowscape|[upkeep]
|upkeep
|turn|14
|inactive|nirvana9 has 120 seconds left.
|
|t:|1743828595
|switch|p1a: Tyranitar|Tyranitar, M|42/100
|-weather|Sandstorm|[from] ability: Sand Stream|[of] p1a: Tyranitar
|move|p2a: WALL-Y|Moonblast|p1a: Tyranitar
|-supereffective|p1a: Tyranitar
|-crit|p1a: Tyranitar
|-damage|p1a: Tyranitar|0 fnt
|faint|p1a: Tyranitar
|
|-weather|Sandstorm|[upkeep]
|-damage|p2a: WALL-Y|16/100|[from] Sandstorm
|upkeep
|
|t:|1743828597
|switch|p1a: Excadrill|Excadrill, M|100/100
|-item|p1a: Excadrill|Air Balloon
|turn|15
|
|t:|1743828610
|-end|p2a: WALL-Y|Quark Drive|[silent]
|switch|p2a: Homelandor|Landorus-Therian, M, shiny|48/100
|-damage|p2a: Homelandor|36/100|[from] Stealth Rock
|-ability|p2a: Homelandor|Intimidate|boost
|-unboost|p1a: Excadrill|atk|1
|move|p1a: Excadrill|Iron Head|p2a: Homelandor
|-damage|p2a: Homelandor|13/100
|
|-weather|Sandstorm|[upkeep]
|upkeep
|turn|16
|
|t:|1743828622
|move|p1a: Excadrill|Swords Dance|p1a: Excadrill
|-boost|p1a: Excadrill|atk|2
|move|p2a: Homelandor|U-turn|p1a: Excadrill
|-resisted|p1a: Excadrill
|-damage|p1a: Excadrill|85/100
|-enditem|p1a: Excadrill|Air Balloon
|
|t:|1743828630
|switch|p2a: Cinderace|Cinderace, F|95/100|[from] U-turn
|
|-weather|Sandstorm|[upkeep]
|-damage|p2a: Cinderace|89/100|[from] Sandstorm
|upkeep
|turn|17
|
|t:|1743828644
|switch|p2a: Homelandor|Landorus-Therian, M, shiny|13/100
|-damage|p2a: Homelandor|0 fnt|[from] Stealth Rock
|faint|p2a: Homelandor
|move|p1a: Excadrill|Earthquake|p2: Homelandor|[notarget]
|-fail|p1a: Excadrill
|
|-weather|Sandstorm|[upkeep]
|upkeep
|inactive|GintamaXXOO has 120 seconds left.
|
|t:|1743828683
|switch|p2a: Chillionaire|Slowking-Galar, M, shiny|83/100
|turn|18
|
|t:|1743828687
|switch|p2a: Mr. Freeze|Kyurem, shiny|19/100
|-damage|p2a: Mr. Freeze|0 fnt|[from] Stealth Rock
|faint|p2a: Mr. Freeze
|move|p1a: Excadrill|Earthquake|p2: Mr. Freeze|[notarget]
|-fail|p1a: Excadrill
|
|-weather|Sandstorm|[upkeep]
|upkeep
|inactive|GintamaXXOO has 120 seconds left.
|
|t:|1743828698
|switch|p2a: Cinderace|Cinderace, F|89/100
|turn|19
|
|t:|1743828702
|move|p2a: Cinderace|Sucker Punch|p1a: Excadrill
|-start|p2a: Cinderace|typechange|Dark|[from] ability: Libero
|-damage|p1a: Excadrill|34/100
|move|p1a: Excadrill|Earthquake|p2a: Cinderace
|-damage|p2a: Cinderace|0 fnt
|faint|p2a: Cinderace
|
|-weather|Sandstorm|[upkeep]
|upkeep
|
|t:|1743828707
|switch|p2a: Daenerys|Kingambit, F|100/100
|-damage|p2a: Daenerys|94/100|[from] Stealth Rock
|-activate|p2a: Daenerys|ability: Supreme Overlord
|-start|p2a: Daenerys|fallen3|[silent]
|turn|20
|
|t:|1743828714
|switch|p1a: Skarmory|Skarmory, M|97/100
|move|p2a: Daenerys|Sucker Punch||[still]
|-fail|p2a: Daenerys
|
|-weather|Sandstorm|[upkeep]
|-heal|p2a: Daenerys|100/100|[from] item: Leftovers
|upkeep
|turn|21
|
|t:|1743828723
|-end|p2a: Daenerys|fallen3|[silent]
|switch|p2a: WALL-Y|Iron Valiant, tera:Ghost|16/100
|-damage|p2a: WALL-Y|4/100|[from] Stealth Rock
|move|p1a: Skarmory|Body Press|p2a: WALL-Y
|-immune|p2a: WALL-Y
|
|-weather|none
|upkeep
|turn|22
|
|t:|1743828733
|switch|p1a: Alomomola|Alomomola, M|78/100
|move|p2a: WALL-Y|Shadow Ball|p1a: Alomomola
|-damage|p1a: Alomomola|43/100
|
|upkeep
|turn|23
|
|t:|1743828740
|move|p2a: WALL-Y|Moonblast|p1a: Alomomola
|-damage|p1a: Alomomola|1/100
|move|p1a: Alomomola|Flip Turn|p2a: WALL-Y
|-damage|p2a: WALL-Y|0 fnt
|faint|p2a: WALL-Y
|-end|p2a: WALL-Y|Quark Drive|[silent]
|
|t:|1743828747
|switch|p1a: Excadrill|Excadrill, M|34/100|[from] Flip Turn
|
|upkeep
|
|t:|1743828755
|switch|p2a: Daenerys|Kingambit, F|100/100
|-damage|p2a: Daenerys|94/100|[from] Stealth Rock
|-activate|p2a: Daenerys|ability: Supreme Overlord
|-start|p2a: Daenerys|fallen4|[silent]
|turn|24
|
|t:|1743828766
|switch|p1a: Skarmory|Skarmory, M|97/100
|move|p2a: Daenerys|Sucker Punch||[still]
|-fail|p2a: Daenerys
|
|-heal|p2a: Daenerys|100/100|[from] item: Leftovers
|upkeep
|turn|25
|
|t:|1743828772
|-end|p2a: Daenerys|fallen4|[silent]
|switch|p2a: Chillionaire|Slowking-Galar, M, shiny|100/100
|move|p1a: Skarmory|Body Press|p2a: Chillionaire
|-resisted|p2a: Chillionaire
|-damage|p2a: Chillionaire|93/100
|
|upkeep
|turn|26
|
|t:|1743828782
|switch|p1a: Alomomola|Alomomola, M|35/100
|move|p2a: Chillionaire|Future Sight|p1a: Alomomola
|-start|p2a: Chillionaire|move: Future Sight
|
|upkeep
|turn|27
|
|t:|1743828802
|move|p1a: Alomomola|Wish|p1a: Alomomola
|move|p2a: Chillionaire|Sludge Bomb|p1a: Alomomola
|-damage|p1a: Alomomola|8/100
|
|upkeep
|turn|28
|
|t:|1743828819
|move|p1a: Alomomola|Acrobatics|p2a: Chillionaire
|-damage|p2a: Chillionaire|73/100
|-prepare|p2a: Chillionaire|Chilly Reception|[premajor]
|move|p2a: Chillionaire|Chilly Reception|p2a: Chillionaire
|-weather|Snowscape
|
|t:|1743828824
|switch|p2a: Daenerys|Kingambit, F|100/100|[from] Chilly Reception
|-damage|p2a: Daenerys|94/100|[from] Stealth Rock
|-activate|p2a: Daenerys|ability: Supreme Overlord
|-start|p2a: Daenerys|fallen4|[silent]
|
|-weather|Snowscape|[upkeep]
|-end|p1a: Alomomola|move: Future Sight
|-damage|p1a: Alomomola|0 fnt
|faint|p1a: Alomomola
|-heal|p2a: Daenerys|100/100|[from] item: Leftovers
|upkeep
|
|t:|1743828836
|switch|p1a: Skeledirge|Skeledirge, F|43/100
|turn|29
|
|t:|1743828844
|move|p1a: Skeledirge|Will-O-Wisp|p2a: Daenerys
|-status|p2a: Daenerys|brn
|move|p2a: Daenerys|Kowtow Cleave|p1a: Skeledirge
|-supereffective|p1a: Skeledirge
|-damage|p1a: Skeledirge|0 fnt
|faint|p1a: Skeledirge
|
|-weather|Snowscape|[upkeep]
|-damage|p2a: Daenerys|94/100 brn|[from] brn
|upkeep
|
|t:|1743828859
|switch|p1a: Skarmory|Skarmory, M|97/100
|turn|30
|
|t:|1743828868
|switch|p1a: Excadrill|Excadrill, M|34/100
|-end|p2a: Daenerys|fallen4|[silent]
|switch|p2a: Chillionaire|Slowking-Galar, M, shiny|100/100
|
|-weather|Snowscape|[upkeep]
|upkeep
|turn|31
|
|t:|1743828873
|move|p1a: Excadrill|Earthquake|p2a: Chillionaire
|-supereffective|p2a: Chillionaire
|-damage|p2a: Chillionaire|0 fnt
|faint|p2a: Chillionaire
|
|-weather|Snowscape|[upkeep]
|upkeep
|
|t:|1743828876
|switch|p2a: Daenerys|Kingambit, F|94/100 brn
|-damage|p2a: Daenerys|88/100 brn|[from] Stealth Rock
|-activate|p2a: Daenerys|ability: Supreme Overlord
|-start|p2a: Daenerys|fallen5|[silent]
|turn|32
|
|t:|1743828877
|move|p2a: Daenerys|Sucker Punch|p1a: Excadrill
|-damage|p1a: Excadrill|0 fnt
|faint|p1a: Excadrill
|
|-weather|none
|-heal|p2a: Daenerys|94/100 brn|[from] item: Leftovers
|-damage|p2a: Daenerys|88/100 brn|[from] brn
|upkeep
|
|t:|1743828880
|switch|p1a: Skarmory|Skarmory, M|97/100
|turn|33
|
|t:|1743828882
|move|p1a: Skarmory|Body Press|p2a: Daenerys
|-supereffective|p2a: Daenerys
|-damage|p2a: Daenerys|0 fnt
|faint|p2a: Daenerys
|-end|p2a: Daenerys|fallen5|[silent]
|
|win|nirvana9
|raw|nirvana9's rating: 1595 &rarr; <strong>1612</strong><br />(+17 for winning)
|raw|GintamaXXOO's rating: 1550 &rarr; <strong>1533</strong><br />(-17 for losing)
|l|☆GintamaXXOO
|player|p2|
|l|☆nirvana9
|player|p1|
