|j|☆Rocktar Made
|j|☆a jellyfish
|t:|1743883894
|gametype|singles
|player|p1|Rocktar Made|lass-gen4dp|1823
|player|p2|a jellyfish|yellow|1797
|teamsize|p1|6
|teamsize|p2|6
|gen|9
|tier|[Gen 9] OU
|rated|
|rule|HP Percentage Mod: HP is shown in percentages
|rule|Endless Battle Clause: Forcing endless battles is banned
|rule|Species Clause: Limit one of each Pokémon
|rule|OHKO Clause: OHKO moves are banned
|rule|Evasion Items Clause: Evasion items are banned
|rule|Evasion Moves Clause: Evasion moves are banned
|rule|Sleep Moves Clause: Sleep-inducing moves are banned
|clearpoke
|poke|p1|Weezing-Galar, F|
|poke|p1|Alomomola, M|
|poke|p1|Thundurus-Therian, M|
|poke|p1|Iron Treads|
|poke|p1|Scizor, F|
|poke|p1|Zamazenta-*|
|poke|p2|Tyranitar, F|
|poke|p2|Excadrill, F|
|poke|p2|Mandibuzz, F|
|poke|p2|Skarmory, M|
|poke|p2|Tornadus-Therian, M|
|poke|p2|Keldeo-Resolute|
|teampreview
|inactive|Battle timer is ON: inactive players will automatically lose when time's up. (requested by a jellyfish)
|inactive|Rocktar Made also wants the timer to be on.
|j| killabyss
|
|t:|1743883920
|start
|switch|p1a: Weezing|Weezing-Galar, F|100/100
|switch|p2a: Mandibuzz|Mandibuzz, F|100/100
|-ability|p1a: Weezing|Neutralizing Gas
|turn|1
|inactive|a jellyfish has 120 seconds left.
|
|t:|1743883952
|switch|p2a: Skarmory|Skarmory, M|100/100
|move|p1a: Weezing|Will-O-Wisp|p2a: Skarmory
|-status|p2a: Skarmory|brn
|
|-damage|p2a: Skarmory|95/100 brn|[from] brn
|upkeep
|turn|2
|
|t:|1743883958
|move|p2a: Skarmory|Spikes|p1a: Weezing
|-sidestart|p1: Rocktar Made|Spikes
|move|p1a: Weezing|Strange Steam|p2a: Skarmory
|-resisted|p2a: Skarmory
|-damage|p2a: Skarmory|82/100 brn
|
|-heal|p2a: Skarmory|88/100 brn|[from] item: Leftovers
|-damage|p2a: Skarmory|82/100 brn|[from] brn
|upkeep
|turn|3
|
|t:|1743883960
|move|p2a: Skarmory|Spikes|p1a: Weezing
|-sidestart|p1: Rocktar Made|Spikes
|move|p1a: Weezing|Defog|p2a: Skarmory
|-unboost|p2a: Skarmory|evasion|1
|-sideend|p1: Rocktar Made|Spikes|[from] move: Defog|[of] p1a: Weezing
|
|-heal|p2a: Skarmory|88/100 brn|[from] item: Leftovers
|-damage|p2a: Skarmory|82/100 brn|[from] brn
|upkeep
|turn|4
|
|t:|1743883962
|-end|p1a: Weezing|ability: Neutralizing Gas
|switch|p1a: Thundurus|Thundurus-Therian, M|100/100
|move|p2a: Skarmory|Spikes|p1a: Thundurus
|-sidestart|p1: Rocktar Made|Spikes
|
|-heal|p2a: Skarmory|88/100 brn|[from] item: Leftovers
|-damage|p2a: Skarmory|82/100 brn|[from] brn
|upkeep
|turn|5
|
|t:|1743883965
|switch|p2a: Tyranitar|Tyranitar, F, shiny|100/100
|-weather|Sandstorm|[from] ability: Sand Stream|[of] p2a: Tyranitar
|move|p1a: Thundurus|Knock Off|p2a: Tyranitar
|-resisted|p2a: Tyranitar
|-damage|p2a: Tyranitar|93/100
|-enditem|p2a: Tyranitar|Smooth Rock|[from] move: Knock Off|[of] p1a: Thundurus
|
|-weather|Sandstorm|[upkeep]
|-damage|p1a: Thundurus|94/100|[from] Sandstorm
|upkeep
|turn|6
|
|t:|1743883969
|switch|p1a: Iron Treads|Iron Treads|100/100
|-damage|p1a: Iron Treads|88/100|[from] Spikes
|move|p2a: Tyranitar|Knock Off|p1a: Iron Treads
|-damage|p1a: Iron Treads|54/100
|-enditem|p1a: Iron Treads|Leftovers|[from] move: Knock Off|[of] p2a: Tyranitar
|
|-weather|Sandstorm|[upkeep]
|upkeep
|turn|7
|
|t:|1743883974
|switch|p2a: Keldeo|Keldeo-Resolute|100/100
|move|p1a: Iron Treads|Rapid Spin|p2a: Keldeo
|-damage|p2a: Keldeo|87/100
|-boost|p1a: Iron Treads|spe|1
|-sideend|p1: Rocktar Made|Spikes|[from] move: Rapid Spin|[of] p1a: Iron Treads
|
|-weather|Sandstorm|[upkeep]
|-damage|p2a: Keldeo|80/100|[from] Sandstorm
|upkeep
|turn|8
|
|t:|1743883977
|-end|p1a: Iron Treads|Quark Drive|[silent]
|switch|p1a: Alomomola|Alomomola, M|100/100
|move|p2a: Keldeo|Aura Sphere|p1a: Alomomola
|-damage|p1a: Alomomola|76/100
|
|-weather|Sandstorm|[upkeep]
|-damage|p2a: Keldeo|74/100|[from] Sandstorm
|-damage|p1a: Alomomola|70/100|[from] Sandstorm
|upkeep
|turn|9
|
|t:|1743883981
|switch|p2a: Tornadus|Tornadus-Therian, M|100/100
|move|p1a: Alomomola|Flip Turn|p2a: Tornadus
|-damage|p2a: Tornadus|79/100
|
|t:|1743883987
|switch|p1a: Zamazenta|Zamazenta|100/100|[from] Flip Turn
|-ability|p1a: Zamazenta|Dauntless Shield|boost
|-boost|p1a: Zamazenta|def|1
|
|-weather|Sandstorm|[upkeep]
|-damage|p1a: Zamazenta|94/100|[from] Sandstorm
|-damage|p2a: Tornadus|73/100|[from] Sandstorm
|upkeep
|turn|10
|
|t:|1743883999
|switch|p2a: Excadrill|Excadrill, F|100/100
|move|p1a: Zamazenta|Stone Edge|p2a: Excadrill|[miss]
|-miss|p1a: Zamazenta|p2a: Excadrill
|
|-weather|Sandstorm|[upkeep]
|-damage|p1a: Zamazenta|88/100|[from] Sandstorm
|upkeep
|turn|11
|
|t:|1743884007
|switch|p2a: Mandibuzz|Mandibuzz, F|100/100
|move|p1a: Zamazenta|Close Combat|p2a: Mandibuzz
|-damage|p2a: Mandibuzz|56/100
|-unboost|p1a: Zamazenta|def|1
|-unboost|p1a: Zamazenta|spd|1
|-damage|p1a: Zamazenta|78/100|[from] item: Life Orb
|
|-weather|Sandstorm|[upkeep]
|-damage|p1a: Zamazenta|72/100|[from] Sandstorm
|upkeep
|turn|12
|
|t:|1743884013
|move|p1a: Zamazenta|Stone Edge|p2a: Mandibuzz
|-supereffective|p2a: Mandibuzz
|-crit|p2a: Mandibuzz
|-damage|p2a: Mandibuzz|0 fnt
|faint|p2a: Mandibuzz
|-damage|p1a: Zamazenta|62/100|[from] item: Life Orb
|
|-weather|none
|upkeep
|
|t:|1743884022
|switch|p2a: Keldeo|Keldeo-Resolute|74/100
|turn|13
|-message|a jellyfish forfeited.
|
|win|Rocktar Made
|raw|Rocktar Made's rating: 1823 &rarr; <strong>1842</strong><br />(+19 for winning)
|raw|a jellyfish's rating: 1797 &rarr; <strong>1778</strong><br />(-19 for losing)
|l|☆a jellyfish
|player|p2|
|l|☆Rocktar Made
|player|p1|
|l| killabyss
