|j|☆DBest04
|j|☆random tera ghost
|t:|1743811469
|gametype|singles
|player|p1|DBest04|1|1585
|player|p2|random tera ghost|170|1571
|teamsize|p1|6
|teamsize|p2|6
|gen|9
|tier|[Gen 9] OU
|rated|
|rule|HP Percentage Mod: HP is shown in percentages
|rule|Endless Battle Clause: Forcing endless battles is banned
|rule|Species Clause: Limit one of each Pokémon
|rule|OHKO Clause: OHKO moves are banned
|rule|Evasion Items Clause: Evasion items are banned
|rule|Evasion Moves Clause: Evasion moves are banned
|rule|Sleep Moves Clause: Sleep-inducing moves are banned
|clearpoke
|poke|p1|Cinderace, M|
|poke|p1|Kingambit, M|
|poke|p1|Ribombee, F|
|poke|p1|Gholdengo|
|poke|p1|Empoleon, M|
|poke|p1|Serperior, F|
|poke|p2|Ninetales, F|
|poke|p2|Scovillain, F|
|poke|p2|Walking Wake|
|poke|p2|Hatterene, F|
|poke|p2|Great Tusk|
|poke|p2|Ceruledge, F|
|teampreview
|inactive|Battle timer is ON: inactive players will automatically lose when time's up. (requested by random tera ghost)
|
|t:|1743811482
|start
|switch|p1a: Bumblebee|Ribombee, F, shiny|100/100
|switch|p2a: Ninetales|Ninetales, F|100/100
|-weather|SunnyDay|[from] ability: Drought|[of] p2a: Ninetales
|turn|1
|
|t:|1743811486
|move|p1a: Bumblebee|Sticky Web|p2a: Ninetales
|-sidestart|p2: random tera ghost|move: Sticky Web
|move|p2a: Ninetales|Weather Ball|p1a: Bumblebee
|-supereffective|p1a: Bumblebee
|-enditem|p1a: Bumblebee|Focus Sash
|-damage|p1a: Bumblebee|1/100
|
|-weather|SunnyDay|[upkeep]
|upkeep
|turn|2
|
|t:|1743811491
|switch|p2a: Don|Great Tusk|100/100
|-activate|p2a: Don|move: Sticky Web
|-unboost|p2a: Don|spe|1
|-activate|p2a: Don|ability: Protosynthesis
|-start|p2a: Don|protosynthesisatk
|move|p1a: Bumblebee|U-turn|p2a: Don
|-resisted|p2a: Don
|-damage|p2a: Don|95/100
|-damage|p1a: Bumblebee|0 fnt|[from] item: Rocky Helmet|[of] p2a: Don
|faint|p1a: Bumblebee
|
|-weather|SunnyDay|[upkeep]
|upkeep
|
|t:|1743811496
|switch|p1a: Leviathan|Serperior, F, shiny|100/100
|turn|3
|
|t:|1743811501
|-terastallize|p2a: Don|Steel
|move|p1a: Leviathan|Leaf Storm|p2a: Don
|-resisted|p2a: Don
|-damage|p2a: Don|62/100
|-boost|p1a: Leviathan|spa|2
|move|p2a: Don|Rapid Spin|p1a: Leviathan
|-damage|p1a: Leviathan|71/100
|-boost|p2a: Don|spe|1
|-sideend|p2: random tera ghost|Sticky Web|[from] move: Rapid Spin|[of] p2a: Don
|
|-weather|SunnyDay|[upkeep]
|upkeep
|turn|4
|
|t:|1743811514
|move|p1a: Leviathan|Leaf Storm|p2a: Don
|-resisted|p2a: Don
|-damage|p2a: Don|0 fnt
|-boost|p1a: Leviathan|spa|2
|faint|p2a: Don
|-end|p2a: Don|Protosynthesis|[silent]
|
|-weather|SunnyDay|[upkeep]
|upkeep
|
|t:|1743811530
|switch|p2a: Scovillain|Scovillain, F, shiny|100/100
|turn|5
|
|t:|1743811538
|switch|p1a: Ace|Cinderace, M|100/100
|move|p2a: Scovillain|Flamethrower|p1a: Ace
|-resisted|p1a: Ace
|-damage|p1a: Ace|52/100
|-damage|p2a: Scovillain|91/100|[from] item: Life Orb
|
|-weather|SunnyDay|[upkeep]
|upkeep
|turn|6
|
|t:|1743811560
|switch|p2a: Hatterene|Hatterene, F|100/100
|move|p1a: Ace|Pyro Ball|p2a: Hatterene
|-damage|p2a: Hatterene|29/100
|-enditem|p2a: Hatterene|Eject Button
|inactive|random tera ghost has 120 seconds left.
|
|t:|1743811575
|switch|p2a: Ceruledge|Ceruledge, F|100/100
|
|-weather|SunnyDay|[upkeep]
|upkeep
|turn|7
|
|t:|1743811582
|move|p1a: Ace|U-turn|p2a: Ceruledge
|-resisted|p2a: Ceruledge
|-damage|p2a: Ceruledge|93/100
|-ability|p2a: Ceruledge|Weak Armor|boost
|-unboost|p2a: Ceruledge|def|1
|-boost|p2a: Ceruledge|spe|2
|inactive|DBest04 has 120 seconds left.
|
|t:|1743811620
|switch|p1a: A Man's World|Kingambit, M, shiny|100/100|[from] U-turn
|move|p2a: Ceruledge|Swords Dance|p2a: Ceruledge
|-boost|p2a: Ceruledge|atk|2
|
|-weather|SunnyDay|[upkeep]
|upkeep
|turn|8
|
|t:|1743811629
|move|p2a: Ceruledge|Shadow Sneak|p1a: A Man's World
|-resisted|p1a: A Man's World
|-damage|p1a: A Man's World|84/100
|move|p1a: A Man's World|Kowtow Cleave|p2a: Ceruledge
|-supereffective|p2a: Ceruledge
|-damage|p2a: Ceruledge|0 fnt
|faint|p2a: Ceruledge
|
|-weather|none
|upkeep
|
|t:|1743811633
|switch|p2a: Ninetales|Ninetales, F|100/100
|-weather|SunnyDay|[from] ability: Drought|[of] p2a: Ninetales
|turn|9
|
|t:|1743811652
|switch|p1a: Ace|Cinderace, M|52/100
|move|p2a: Ninetales|Will-O-Wisp|p1a: Ace
|-immune|p1a: Ace
|
|-weather|SunnyDay|[upkeep]
|upkeep
|turn|10
|
|t:|1743811657
|switch|p2a: Hatterene|Hatterene, F|29/100
|move|p1a: Ace|Pyro Ball|p2a: Hatterene|[miss]
|-miss|p1a: Ace|p2a: Hatterene
|
|-weather|SunnyDay|[upkeep]
|upkeep
|turn|11
|
|t:|1743811661
|move|p1a: Ace|Pyro Ball|p2a: Hatterene
|-damage|p2a: Hatterene|0 fnt
|faint|p2a: Hatterene
|
|-weather|SunnyDay|[upkeep]
|upkeep
|
|t:|1743811663
|switch|p2a: Walking Wake|Walking Wake|100/100
|-activate|p2a: Walking Wake|ability: Protosynthesis
|-start|p2a: Walking Wake|protosynthesisspa
|turn|12
|
|t:|1743811668
|move|p1a: Ace|U-turn|p2a: Walking Wake
|-damage|p2a: Walking Wake|77/100
|
|t:|1743811670
|switch|p1a: Kingpen|Empoleon, M, shiny|100/100|[from] U-turn
|move|p2a: Walking Wake|Flip Turn|p1a: Kingpen
|-resisted|p1a: Kingpen
|-damage|p1a: Kingpen|96/100
|
|t:|1743811673
|-end|p2a: Walking Wake|Protosynthesis|[silent]
|switch|p2a: Scovillain|Scovillain, F, shiny|91/100|[from] Flip Turn
|
|-weather|SunnyDay|[upkeep]
|upkeep
|turn|13
|
|t:|1743811676
|switch|p1a: Ace|Cinderace, M|52/100
|move|p2a: Scovillain|Growth|p2a: Scovillain
|-boost|p2a: Scovillain|atk|2
|-boost|p2a: Scovillain|spa|2
|
|-weather|SunnyDay|[upkeep]
|upkeep
|turn|14
|
|t:|1743811680
|move|p2a: Scovillain|Flamethrower|p1a: Ace
|-resisted|p1a: Ace
|-damage|p1a: Ace|0 fnt
|faint|p1a: Ace
|-damage|p2a: Scovillain|81/100|[from] item: Life Orb
|
|-weather|SunnyDay|[upkeep]
|upkeep
|inactive|DBest04 has 120 seconds left.
|
|t:|1743811712
|switch|p1a: A Man's World|Kingambit, M, shiny|84/100
|turn|15
|
|t:|1743811716
|switch|p2a: Ninetales|Ninetales, F|100/100
|-terastallize|p1a: A Man's World|Fire
|move|p1a: A Man's World|Kowtow Cleave|p2a: Ninetales
|-crit|p2a: Ninetales
|-damage|p2a: Ninetales|5/100
|
|-weather|SunnyDay|[upkeep]
|upkeep
|turn|16
|
|t:|1743811731
|switch|p2a: Walking Wake|Walking Wake|77/100
|-activate|p2a: Walking Wake|ability: Protosynthesis
|-start|p2a: Walking Wake|protosynthesisspa
|move|p1a: A Man's World|Kowtow Cleave|p2a: Walking Wake
|-damage|p2a: Walking Wake|21/100
|
|-weather|none
|-end|p2a: Walking Wake|Protosynthesis
|upkeep
|turn|17
|
|t:|1743811740
|-end|p2a: Walking Wake|Protosynthesis|[silent]
|switch|p2a: Ninetales|Ninetales, F|5/100
|-weather|SunnyDay|[from] ability: Drought|[of] p2a: Ninetales
|move|p1a: A Man's World|Sucker Punch||[still]
|-fail|p1a: A Man's World
|
|-weather|SunnyDay|[upkeep]
|upkeep
|turn|18
|
|t:|1743811744
|move|p1a: A Man's World|Sucker Punch||[still]
|-fail|p1a: A Man's World
|move|p2a: Ninetales|Encore|p1a: A Man's World
|-start|p1a: A Man's World|Encore
|
|-weather|SunnyDay|[upkeep]
|upkeep
|turn|19
|
|t:|1743811748
|switch|p1a: Kingpen|Empoleon, M, shiny|96/100
|move|p2a: Ninetales|Healing Wish|p2a: Ninetales
|faint|p2a: Ninetales
|
|-weather|SunnyDay|[upkeep]
|upkeep
|
|t:|1743811753
|switch|p2a: Scovillain|Scovillain, F, shiny|81/100
|-heal|p2a: Scovillain|100/100|[from] move: Healing Wish
|turn|20
|
|t:|1743811766
|move|p2a: Scovillain|Growth|p2a: Scovillain
|-boost|p2a: Scovillain|atk|2
|-boost|p2a: Scovillain|spa|2
|move|p1a: Kingpen|Flip Turn|p2a: Scovillain
|-damage|p2a: Scovillain|87/100
|
|t:|1743811768
|switch|p1a: A Man's World|Kingambit, M, shiny, tera:Fire|84/100|[from] Flip Turn
|
|-weather|SunnyDay|[upkeep]
|upkeep
|turn|21
|
|t:|1743811772
|move|p2a: Scovillain|Tera Blast|p1a: A Man's World
|-damage|p1a: A Man's World|48/100
|-damage|p2a: Scovillain|77/100|[from] item: Life Orb
|move|p1a: A Man's World|Kowtow Cleave|p2a: Scovillain
|-damage|p2a: Scovillain|0 fnt
|faint|p2a: Scovillain
|
|-weather|SunnyDay|[upkeep]
|upkeep
|
|t:|1743811775
|switch|p2a: Walking Wake|Walking Wake|21/100
|-activate|p2a: Walking Wake|ability: Protosynthesis
|-start|p2a: Walking Wake|protosynthesisspa
|turn|22
|
|t:|1743811779
|move|p1a: A Man's World|Sucker Punch|p2a: Walking Wake
|-damage|p2a: Walking Wake|0 fnt
|faint|p2a: Walking Wake
|-end|p2a: Walking Wake|Protosynthesis|[silent]
|
|win|DBest04
|raw|DBest04's rating: 1585 &rarr; <strong>1604</strong><br />(+19 for winning)
|raw|random tera ghost's rating: 1571 &rarr; <strong>1552</strong><br />(-19 for losing)
|c|☆DBest04|Gg
|l|☆DBest04
|player|p1|
|l|☆random tera ghost
|player|p2|
