|j|‽omari p
|j|☆Albret
|t:|1743779333
|gametype|singles
|player|p1|omari p|pokemonrangerf|1645
|player|p2|Albret|volkner|1792
|teamsize|p1|6
|teamsize|p2|6
|gen|9
|tier|[Gen 9] OU
|rated|
|rule|HP Percentage Mod: HP is shown in percentages
|rule|Endless Battle Clause: Forcing endless battles is banned
|rule|Species Clause: Limit one of each Pokémon
|rule|OHKO Clause: OHKO moves are banned
|rule|Evasion Items Clause: Evasion items are banned
|rule|Evasion Moves Clause: Evasion moves are banned
|rule|Sleep Moves Clause: Sleep-inducing moves are banned
|clearpoke
|poke|p1|Thundurus-Therian, M|
|poke|p1|Cinderace, F|
|poke|p1|Mandibuzz, F|
|poke|p1|Latios, M|
|poke|p1|Deoxys-Speed|
|poke|p1|Iron Hands|
|poke|p2|Weavile, F|
|poke|p2|Raging Bolt|
|poke|p2|Ting-Lu|
|poke|p2|Tinkaton, F|
|poke|p2|Pecharunt|
|poke|p2|Tornadus-Therian, M|
|teampreview
|inactive|Battle timer is ON: inactive players will automatically lose when time's up. (requested by Albret)
|j| ayayalaptop
|
|t:|1743779350
|start
|switch|p1a: Cinderace|Cinderace, F|100/100
|switch|p2a: Raging Bolt|Raging Bolt|100/100
|turn|1
|
|t:|1743779353
|switch|p1a: Iron Hands|Iron Hands|100/100
|move|p2a: Raging Bolt|Draco Meteor|p1a: Iron Hands
|-damage|p1a: Iron Hands|63/100
|-unboost|p2a: Raging Bolt|spa|2
|
|upkeep
|turn|2
|
|t:|1743779358
|move|p2a: Raging Bolt|Volt Switch|p1a: Iron Hands
|-resisted|p1a: Iron Hands
|-damage|p1a: Iron Hands|58/100
|
|t:|1743779361
|-end|p2a: Raging Bolt|Protosynthesis|[silent]
|switch|p2a: Pecharunt|Pecharunt|100/100|[from] Volt Switch
|move|p1a: Iron Hands|Ice Punch|p2a: Pecharunt
|-damage|p2a: Pecharunt|82/100
|
|upkeep
|turn|3
|
|t:|1743779365
|-terastallize|p1a: Iron Hands|Steel
|move|p2a: Pecharunt|Malignant Chain|p1a: Iron Hands
|-immune|p1a: Iron Hands
|move|p1a: Iron Hands|Heavy Slam|p2a: Pecharunt
|-damage|p2a: Pecharunt|43/100
|
|upkeep
|turn|4
|
|t:|1743779368
|move|p2a: Pecharunt|Recover|p2a: Pecharunt
|-heal|p2a: Pecharunt|93/100
|move|p1a: Iron Hands|Heavy Slam|p2a: Pecharunt
|-damage|p2a: Pecharunt|51/100
|
|upkeep
|turn|5
|
|t:|1743779372
|move|p2a: Pecharunt|Recover|p2a: Pecharunt
|-heal|p2a: Pecharunt|100/100
|move|p1a: Iron Hands|Heavy Slam|p2a: Pecharunt
|-damage|p2a: Pecharunt|57/100
|
|upkeep
|turn|6
|
|t:|1743779375
|move|p2a: Pecharunt|Parting Shot|p1a: Iron Hands
|-unboost|p1a: Iron Hands|atk|1
|-unboost|p1a: Iron Hands|spa|1
|
|t:|1743779378
|switch|p2a: Raging Bolt|Raging Bolt|100/100|[from] Parting Shot
|move|p1a: Iron Hands|Heavy Slam|p2a: Raging Bolt
|-resisted|p2a: Raging Bolt
|-damage|p2a: Raging Bolt|94/100
|
|upkeep
|turn|7
|
|t:|1743779383
|-end|p1a: Iron Hands|Quark Drive|[silent]
|switch|p1a: Deoxys|Deoxys-Speed|100/100
|-ability|p1a: Deoxys|Pressure
|move|p2a: Raging Bolt|Volt Switch|p1a: Deoxys
|-damage|p1a: Deoxys|32/100
|
|t:|1743779385
|-end|p2a: Raging Bolt|Protosynthesis|[silent]
|switch|p2a: Tinkaton|Tinkaton, F|100/100|[from] Volt Switch
|-ability|p2a: Tinkaton|Mold Breaker
|-item|p2a: Tinkaton|Air Balloon
|
|upkeep
|turn|8
|
|t:|1743779390
|move|p1a: Deoxys|Stealth Rock|p2a: Tinkaton
|-sidestart|p2: Albret|move: Stealth Rock
|move|p2a: Tinkaton|Thunder Wave|p1a: Deoxys
|-status|p1a: Deoxys|par
|
|upkeep
|turn|9
|
|t:|1743779393
|switch|p1a: Cinderace|Cinderace, F|100/100
|move|p2a: Tinkaton|Stealth Rock|p1a: Cinderace
|-sidestart|p1: omari p|move: Stealth Rock
|
|upkeep
|turn|10
|
|t:|1743779397
|move|p1a: Cinderace|Pyro Ball|p2a: Tinkaton
|-supereffective|p2a: Tinkaton
|-damage|p2a: Tinkaton|0 fnt
|-enditem|p2a: Tinkaton|Air Balloon
|faint|p2a: Tinkaton
|
|upkeep
|
|t:|1743779399
|switch|p2a: Pecharunt|Pecharunt|57/100
|turn|11
|
|t:|1743779402
|switch|p1a: Iron Hands|Iron Hands, tera:Steel|58/100
|-damage|p1a: Iron Hands|52/100|[from] Stealth Rock
|move|p2a: Pecharunt|Recover|p2a: Pecharunt
|-heal|p2a: Pecharunt|100/100
|
|upkeep
|turn|12
|
|t:|1743779405
|move|p2a: Pecharunt|Parting Shot|p1a: Iron Hands
|-unboost|p1a: Iron Hands|atk|1
|-unboost|p1a: Iron Hands|spa|1
|
|t:|1743779416
|switch|p2a: Raging Bolt|Raging Bolt|94/100|[from] Parting Shot
|move|p1a: Iron Hands|Heavy Slam|p2a: Raging Bolt
|-resisted|p2a: Raging Bolt
|-damage|p2a: Raging Bolt|87/100
|
|upkeep
|turn|13
|inactive|omari p has 120 seconds left.
|
|t:|1743779468
|-end|p1a: Iron Hands|Quark Drive|[silent]
|switch|p1a: Deoxys|Deoxys-Speed|32/100 par
|-damage|p1a: Deoxys|20/100 par|[from] Stealth Rock
|-ability|p1a: Deoxys|Pressure
|move|p2a: Raging Bolt|Draco Meteor|p1a: Deoxys|[miss]
|-miss|p2a: Raging Bolt|p1a: Deoxys
|
|upkeep
|turn|14
|
|t:|1743779473
|move|p2a: Raging Bolt|Thunderclap|p1a: Deoxys
|-damage|p1a: Deoxys|0 fnt
|faint|p1a: Deoxys
|
|upkeep
|j| Brillantet
|inactive|omari p has 90 seconds left.
|inactive|omari p has 60 seconds left.
|l| Brillantet
|inactive|omari p has 30 seconds left.
|inactive|omari p has 20 seconds left.
|inactive|omari p has 15 seconds left.
|inactive|omari p has 10 seconds left.
|
|t:|1743779579
|switch|p1a: Cinderace|Cinderace, F|100/100
|-damage|p1a: Cinderace|76/100|[from] Stealth Rock
|turn|15
|inactive|omari p has 20 seconds left this turn.
|
|t:|1743779587
|-end|p2a: Raging Bolt|Protosynthesis|[silent]
|switch|p2a: Ting-Lu|Ting-Lu|100/100
|-damage|p2a: Ting-Lu|94/100|[from] Stealth Rock
|-ability|p2a: Ting-Lu|Vessel of Ruin
|move|p1a: Cinderace|Pyro Ball|p2a: Ting-Lu
|-damage|p2a: Ting-Lu|57/100
|
|-heal|p2a: Ting-Lu|64/100|[from] item: Leftovers
|upkeep
|turn|16
|inactive|omari p has 30 seconds left this turn.
|
|t:|1743779592
|move|p1a: Cinderace|High Jump Kick|p2a: Ting-Lu
|-start|p1a: Cinderace|typechange|Fighting|[from] ability: Libero
|-supereffective|p2a: Ting-Lu
|-damage|p2a: Ting-Lu|0 fnt
|faint|p2a: Ting-Lu
|
|upkeep
|
|t:|1743779597
|switch|p2a: Tornadus|Tornadus-Therian, M|100/100
|turn|17
|
|t:|1743779604
|move|p2a: Tornadus|Heat Wave|p1a: Cinderace
|-damage|p1a: Cinderace|40/100
|move|p1a: Cinderace|Pyro Ball|p2a: Tornadus
|-damage|p2a: Tornadus|38/100
|
|upkeep
|turn|18
|
|t:|1743779616
|move|p2a: Tornadus|Bleakwind Storm|p1a: Cinderace
|-supereffective|p1a: Cinderace
|-damage|p1a: Cinderace|0 fnt
|faint|p1a: Cinderace
|
|upkeep
|
|t:|1743779618
|switch|p1a: Iron Hands|Iron Hands, tera:Steel|52/100
|-damage|p1a: Iron Hands|46/100|[from] Stealth Rock
|turn|19
|
|t:|1743779621
|move|p2a: Tornadus|Heat Wave|p1a: Iron Hands
|-supereffective|p1a: Iron Hands
|-damage|p1a: Iron Hands|19/100
|move|p1a: Iron Hands|Wild Charge|p2a: Tornadus
|-supereffective|p2a: Tornadus
|-damage|p2a: Tornadus|0 fnt
|faint|p2a: Tornadus
|-damage|p1a: Iron Hands|12/100|[from] Recoil
|
|upkeep
|
|t:|1743779634
|switch|p2a: Weavile|Weavile, F|100/100
|-ability|p2a: Weavile|Pressure
|turn|20
|
|t:|1743779645
|move|p2a: Weavile|Knock Off|p1a: Iron Hands
|-damage|p1a: Iron Hands|0 fnt
|-enditem|p1a: Iron Hands|Assault Vest|[from] move: Knock Off|[of] p2a: Weavile
|faint|p1a: Iron Hands
|-end|p1a: Iron Hands|Quark Drive|[silent]
|
|upkeep
|
|t:|1743779647
|switch|p1a: Latios|Latios, M|100/100
|-damage|p1a: Latios|88/100|[from] Stealth Rock
|turn|21
|
|t:|1743779655
|move|p1a: Latios|Draco Meteor|p2a: Weavile
|-damage|p2a: Weavile|7/100
|-unboost|p1a: Latios|spa|2
|move|p2a: Weavile|Triple Axel|p1a: Latios
|-supereffective|p1a: Latios
|-damage|p1a: Latios|60/100
|-supereffective|p1a: Latios
|-damage|p1a: Latios|5/100
|-hitcount|p1a: Latios|2
|
|upkeep
|turn|22
|
|t:|1743779675
|move|p2a: Weavile|Ice Shard|p1a: Latios
|-supereffective|p1a: Latios
|-damage|p1a: Latios|0 fnt
|faint|p1a: Latios
|
|upkeep
|
|t:|1743779676
|switch|p1a: Mandibuzz|Mandibuzz, F, shiny|100/100
|-damage|p1a: Mandibuzz|76/100|[from] Stealth Rock
|turn|23
|
|t:|1743779679
|switch|p2a: Pecharunt|Pecharunt|100/100
|move|p1a: Mandibuzz|Foul Play|p2a: Pecharunt
|-supereffective|p2a: Pecharunt
|-damage|p2a: Pecharunt|75/100
|
|upkeep
|turn|24
|
|t:|1743779682
|move|p2a: Pecharunt|Malignant Chain|p1a: Mandibuzz
|-damage|p1a: Mandibuzz|51/100
|-status|p1a: Mandibuzz|tox
|-start|p1a: Mandibuzz|confusion|[from] ability: Poison Puppeteer|[of] p2a: Pecharunt
|-activate|p1a: Mandibuzz|confusion
|move|p1a: Mandibuzz|Foul Play|p2a: Pecharunt
|-supereffective|p2a: Pecharunt
|-crit|p2a: Pecharunt
|-damage|p2a: Pecharunt|32/100
|
|-damage|p1a: Mandibuzz|45/100 tox|[from] psn
|upkeep
|turn|25
|
|t:|1743779685
|move|p2a: Pecharunt|Recover|p2a: Pecharunt
|-heal|p2a: Pecharunt|83/100
|-activate|p1a: Mandibuzz|confusion
|move|p1a: Mandibuzz|Foul Play|p2a: Pecharunt
|-supereffective|p2a: Pecharunt
|-damage|p2a: Pecharunt|57/100
|
|-damage|p1a: Mandibuzz|33/100 tox|[from] psn
|upkeep
|turn|26
|
|t:|1743779689
|move|p2a: Pecharunt|Recover|p2a: Pecharunt
|-heal|p2a: Pecharunt|100/100
|-activate|p1a: Mandibuzz|confusion
|move|p1a: Mandibuzz|Foul Play|p2a: Pecharunt
|-supereffective|p2a: Pecharunt
|-damage|p2a: Pecharunt|75/100
|
|-damage|p1a: Mandibuzz|15/100 tox|[from] psn
|upkeep
|turn|27
|inactive|omari p has 120 seconds left.
|
|t:|1743779702
|move|p2a: Pecharunt|Malignant Chain|p1a: Mandibuzz
|-damage|p1a: Mandibuzz|0 fnt
|faint|p1a: Mandibuzz
|
|upkeep
|inactive|omari p has 120 seconds left.
|inactive|omari p has 90 seconds left.
|
|t:|1743779757
|switch|p1a: Thundurus|Thundurus-Therian, M|100/100
|-damage|p1a: Thundurus|76/100|[from] Stealth Rock
|turn|28
|
|t:|1743779762
|move|p2a: Pecharunt|Malignant Chain|p1a: Thundurus
|-damage|p1a: Thundurus|38/100
|-status|p1a: Thundurus|tox
|-start|p1a: Thundurus|confusion|[from] ability: Poison Puppeteer|[of] p2a: Pecharunt
|-activate|p1a: Thundurus|confusion
|-damage|p1a: Thundurus|28/100 tox|[from] confusion
|
|-heal|p1a: Thundurus|34/100 tox|[from] item: Leftovers
|-damage|p1a: Thundurus|28/100 tox|[from] psn
|upkeep
|turn|29
|inactive|omari p has 90 seconds left.
|-message|omari p forfeited.
|
|win|Albret
|raw|omari p's rating: 1645 &rarr; <strong>1633</strong><br />(-12 for losing)
|raw|Albret's rating: 1792 &rarr; <strong>1804</strong><br />(+12 for winning)
|l|‽omari p
|player|p1|
|l|☆Albret
|player|p2|
|l| ayayalaptop
