|j|☆M1rrorshot
|j|☆pouring goon
|t:|1743869584
|gametype|singles
|player|p1|M1rrorshot|266|1581
|player|p2|pouring goon|marley|1659
|teamsize|p1|6
|teamsize|p2|6
|gen|9
|tier|[Gen 9] OU
|rated|
|rule|HP Percentage Mod: HP is shown in percentages
|rule|Endless Battle Clause: Forcing endless battles is banned
|rule|Species Clause: Limit one of each Pokémon
|rule|OHKO Clause: OHKO moves are banned
|rule|Evasion Items Clause: Evasion items are banned
|rule|Evasion Moves Clause: Evasion moves are banned
|rule|Sleep Moves Clause: Sleep-inducing moves are banned
|clearpoke
|poke|p1|Scizor, F|
|poke|p1|Ogerpon-Wellspring, F|
|poke|p1|Raging Bolt|
|poke|p1|Pecharunt|
|poke|p1|Landorus-Therian, M|
|poke|p1|Samurott-Hisui, F|
|poke|p2|Skeledirge, M|
|poke|p2|Clefable, M|
|poke|p2|Alomomola, M|
|poke|p2|Skarmory, F|
|poke|p2|Gliscor, M|
|poke|p2|Weavile, M|
|teampreview
|
|t:|1743869601
|start
|switch|p1a: Landorus|Landorus-Therian, M|100/100
|switch|p2a: Clefable|Clefable, M|100/100
|-ability|p1a: Landorus|Intimidate|boost
|-unboost|p2a: Clefable|atk|1
|turn|1
|
|t:|1743869608
|move|p1a: Landorus|Taunt|p2a: Clefable
|-start|p2a: Clefable|move: Taunt
|move|p2a: Clefable|Knock Off|p1a: Landorus
|-damage|p1a: Landorus|91/100
|-enditem|p1a: Landorus|Rocky Helmet|[from] move: Knock Off|[of] p2a: Clefable
|
|upkeep
|turn|2
|inactive|Battle timer is ON: inactive players will automatically lose when time's up. (requested by pouring goon)
|
|t:|1743869621
|move|p1a: Landorus|Stealth Rock|p2a: Clefable
|-sidestart|p2: pouring goon|move: Stealth Rock
|move|p2a: Clefable|Moonblast|p1a: Landorus
|-damage|p1a: Landorus|57/100
|-unboost|p1a: Landorus|spa|1
|
|upkeep
|turn|3
|
|t:|1743869628
|switch|p2a: Gliscor|Gliscor, M|100/100
|-damage|p2a: Gliscor|88/100|[from] Stealth Rock
|move|p1a: Landorus|U-turn|p2a: Gliscor
|-resisted|p2a: Gliscor
|-damage|p2a: Gliscor|80/100
|
|t:|1743869645
|switch|p1a: Ogerpon|Ogerpon-Wellspring, F|100/100|[from] U-turn
|
|-status|p2a: Gliscor|tox|[from] item: Toxic Orb
|upkeep
|turn|4
|
|t:|1743869653
|switch|p2a: Skarmory|Skarmory, F|100/100
|-damage|p2a: Skarmory|88/100|[from] Stealth Rock
|move|p1a: Ogerpon|U-turn|p2a: Skarmory
|-resisted|p2a: Skarmory
|-damage|p2a: Skarmory|84/100
|-damage|p1a: Ogerpon|84/100|[from] item: Rocky Helmet|[of] p2a: Skarmory
|
|t:|1743869678
|switch|p1a: Raging Bolt|Raging Bolt|100/100|[from] U-turn
|
|upkeep
|turn|5
|
|t:|1743869684
|-end|p1a: Raging Bolt|Protosynthesis|[silent]
|switch|p1a: Ogerpon|Ogerpon-Wellspring, F|84/100
|switch|p2a: Gliscor|Gliscor, M|80/100 tox
|-damage|p2a: Gliscor|67/100 tox|[from] Stealth Rock
|
|-heal|p2a: Gliscor|80/100 tox|[from] ability: Poison Heal
|upkeep
|turn|6
|
|t:|1743869695
|switch|p2a: Skarmory|Skarmory, F|84/100
|-damage|p2a: Skarmory|71/100|[from] Stealth Rock
|-terastallize|p1a: Ogerpon|Water
|detailschange|p1a: Ogerpon|Ogerpon-Wellspring-Tera, F, tera:Water
|-ability|p1a: Ogerpon|Embody Aspect (Wellspring)|boost
|-boost|p1a: Ogerpon|spd|1
|move|p1a: Ogerpon|Ivy Cudgel|p2a: Skarmory|[anim] Ivy Cudgel Water
|-damage|p2a: Skarmory|22/100
|
|upkeep
|turn|7
|
|t:|1743869713
|switch|p2a: Alomomola|Alomomola, M|100/100
|move|p1a: Ogerpon|Knock Off|p2a: Alomomola
|-damage|p2a: Alomomola|74/100
|-enditem|p2a: Alomomola|Heavy-Duty Boots|[from] move: Knock Off|[of] p1a: Ogerpon
|
|upkeep
|turn|8
|
|t:|1743869727
|move|p1a: Ogerpon|U-turn|p2a: Alomomola
|-damage|p2a: Alomomola|54/100
|j| TheTyranitard
|
|t:|1743869737
|switch|p1a: Samurott|Samurott-Hisui, F|100/100|[from] U-turn
|move|p2a: Alomomola|Flip Turn|p1a: Samurott
|-resisted|p1a: Samurott
|-damage|p1a: Samurott|91/100
|
|t:|1743869747
|switch|p2a: Clefable|Clefable, M|100/100|[from] Flip Turn
|
|upkeep
|turn|9
|
|t:|1743869754
|move|p1a: Samurott|Flip Turn|p2a: Clefable
|-damage|p2a: Clefable|79/100
|
|t:|1743869758
|switch|p1a: Scizor|Scizor, F|100/100|[from] Flip Turn
|move|p2a: Clefable|Stealth Rock|p1a: Scizor
|-sidestart|p1: M1rrorshot|move: Stealth Rock
|
|-heal|p2a: Clefable|85/100|[from] item: Leftovers
|upkeep
|turn|10
|
|t:|1743869768
|switch|p2a: Alomomola|Alomomola, M|87/100
|-damage|p2a: Alomomola|75/100|[from] Stealth Rock
|move|p1a: Scizor|U-turn|p2a: Alomomola
|-damage|p2a: Alomomola|35/100
|
|t:|1743869775
|switch|p1a: Samurott|Samurott-Hisui, F|91/100|[from] U-turn
|-damage|p1a: Samurott|79/100|[from] Stealth Rock
|
|upkeep
|turn|11
|
|t:|1743869792
|move|p1a: Samurott|Ceaseless Edge|p2a: Alomomola
|-damage|p2a: Alomomola|6/100
|-sidestart|p2: pouring goon|Spikes
|move|p2a: Alomomola|Flip Turn|p1a: Samurott
|-resisted|p1a: Samurott
|-crit|p1a: Samurott
|-damage|p1a: Samurott|64/100
|inactive|pouring goon has 120 seconds left.
|
|t:|1743869813
|switch|p2a: Clefable|Clefable, M|85/100|[from] Flip Turn
|
|-heal|p2a: Clefable|91/100|[from] item: Leftovers
|upkeep
|turn|12
|
|t:|1743869818
|switch|p1a: Scizor|Scizor, F|100/100
|-damage|p1a: Scizor|88/100|[from] Stealth Rock
|move|p2a: Clefable|Knock Off|p1a: Scizor
|-damage|p1a: Scizor|71/100
|-enditem|p1a: Scizor|Choice Band|[from] move: Knock Off|[of] p2a: Clefable
|
|-heal|p2a: Clefable|97/100|[from] item: Leftovers
|upkeep
|turn|13
|
|t:|1743869831
|switch|p2a: Gliscor|Gliscor, M|80/100 tox
|-damage|p2a: Gliscor|67/100 tox|[from] Stealth Rock
|move|p1a: Scizor|Bullet Punch|p2a: Gliscor
|-damage|p2a: Gliscor|38/100 tox
|
|-heal|p2a: Gliscor|50/100 tox|[from] ability: Poison Heal
|upkeep
|turn|14
|
|t:|1743869839
|move|p2a: Gliscor|Protect|p2a: Gliscor
|-singleturn|p2a: Gliscor|Protect
|move|p1a: Scizor|Bullet Punch|p2a: Gliscor
|-activate|p2a: Gliscor|move: Protect
|
|-heal|p2a: Gliscor|63/100 tox|[from] ability: Poison Heal
|upkeep
|turn|15
|
|t:|1743869852
|switch|p1a: Landorus|Landorus-Therian, M|57/100
|-damage|p1a: Landorus|45/100|[from] Stealth Rock
|-ability|p1a: Landorus|Intimidate|boost
|-unboost|p2a: Gliscor|atk|1
|move|p2a: Gliscor|Earthquake|p1a: Landorus
|-immune|p1a: Landorus
|
|-heal|p2a: Gliscor|75/100 tox|[from] ability: Poison Heal
|upkeep
|turn|16
|
|t:|1743869862
|move|p1a: Landorus|Taunt|p2a: Gliscor
|-start|p2a: Gliscor|move: Taunt
|cant|p2a: Gliscor|move: Taunt|Swords Dance
|
|-heal|p2a: Gliscor|88/100 tox|[from] ability: Poison Heal
|upkeep
|turn|17
|
|t:|1743869880
|switch|p2a: Clefable|Clefable, M|97/100
|move|p1a: Landorus|U-turn|p2a: Clefable
|-resisted|p2a: Clefable
|-damage|p2a: Clefable|88/100
|l| TheTyranitard
|inactive|M1rrorshot has 120 seconds left.
|
|t:|1743869912
|switch|p1a: Pecharunt|Pecharunt|100/100|[from] U-turn
|
|-heal|p2a: Clefable|94/100|[from] item: Leftovers
|upkeep
|turn|18
|inactive|pouring goon has 120 seconds left.
|
|t:|1743869950
|move|p1a: Pecharunt|Parting Shot|p2a: Clefable
|-unboost|p2a: Clefable|atk|1
|-unboost|p2a: Clefable|spa|1
|inactive|M1rrorshot has 120 seconds left.
|
|t:|1743869964
|switch|p1a: Landorus|Landorus-Therian, M|45/100|[from] Parting Shot
|-damage|p1a: Landorus|33/100|[from] Stealth Rock
|-ability|p1a: Landorus|Intimidate|boost
|-unboost|p2a: Clefable|atk|1
|move|p2a: Clefable|Knock Off|p1a: Landorus
|-damage|p1a: Landorus|28/100
|
|-heal|p2a: Clefable|99/100|[from] item: Leftovers
|upkeep
|turn|19
|inactive|M1rrorshot has 120 seconds left.
|
|t:|1743869974
|move|p1a: Landorus|Taunt|p2a: Clefable
|-start|p2a: Clefable|move: Taunt
|move|p2a: Clefable|Moonblast|p1a: Landorus
|-damage|p1a: Landorus|7/100
|-unboost|p1a: Landorus|spa|1
|
|-heal|p2a: Clefable|100/100|[from] item: Leftovers
|upkeep
|turn|20
|inactive|M1rrorshot has 120 seconds left.
|
|t:|1743869985
|move|p1a: Landorus|Earthquake|p2a: Clefable
|-damage|p2a: Clefable|64/100
|move|p2a: Clefable|Moonblast|p1a: Landorus
|-crit|p1a: Landorus
|-damage|p1a: Landorus|0 fnt
|faint|p1a: Landorus
|
|-heal|p2a: Clefable|70/100|[from] item: Leftovers
|upkeep
|inactive|M1rrorshot has 120 seconds left.
|
|t:|1743869994
|switch|p1a: Ogerpon|Ogerpon-Wellspring-Tera, F, tera:Water|84/100
|-damage|p1a: Ogerpon|72/100|[from] Stealth Rock
|-ability|p1a: Ogerpon|Embody Aspect (Wellspring)|boost
|-boost|p1a: Ogerpon|spd|1
|turn|21
|
|t:|1743870021
|move|p1a: Ogerpon|Ivy Cudgel|p2a: Clefable|[anim] Ivy Cudgel Water
|-damage|p2a: Clefable|0 fnt
|faint|p2a: Clefable
|
|upkeep
|inactive|pouring goon has 120 seconds left.
|
|t:|1743870042
|switch|p2a: Alomomola|Alomomola, M|39/100
|-damage|p2a: Alomomola|27/100|[from] Stealth Rock
|-damage|p2a: Alomomola|14/100|[from] Spikes
|turn|22
|
|t:|1743870048
|switch|p2a: Skarmory|Skarmory, F|22/100
|-damage|p2a: Skarmory|10/100|[from] Stealth Rock
|move|p1a: Ogerpon|Knock Off|p2a: Skarmory
|-damage|p2a: Skarmory|0 fnt
|-damage|p1a: Ogerpon|55/100|[from] item: Rocky Helmet|[of] p2a: Skarmory
|-enditem|p2a: Skarmory|Rocky Helmet|[from] move: Knock Off|[of] p1a: Ogerpon
|faint|p2a: Skarmory
|
|upkeep
|inactive|pouring goon has 120 seconds left.
|inactive|pouring goon has 90 seconds left.
|inactive|pouring goon has 60 seconds left.
|
|t:|1743870113
|switch|p2a: Weavile|Weavile, M|100/100
|-ability|p2a: Weavile|Pressure
|turn|23
|
|t:|1743870129
|switch|p1a: Samurott|Samurott-Hisui, F|64/100
|-damage|p1a: Samurott|52/100|[from] Stealth Rock
|move|p2a: Weavile|Knock Off|p1a: Samurott
|-resisted|p1a: Samurott
|-damage|p1a: Samurott|22/100
|-enditem|p1a: Samurott|Choice Scarf|[from] move: Knock Off|[of] p2a: Weavile
|
|upkeep
|turn|24
|
|t:|1743870140
|move|p2a: Weavile|Low Kick|p1a: Samurott
|-supereffective|p1a: Samurott
|-damage|p1a: Samurott|0 fnt
|faint|p1a: Samurott
|
|upkeep
|
|t:|1743870145
|switch|p1a: Scizor|Scizor, F|71/100
|-damage|p1a: Scizor|59/100|[from] Stealth Rock
|turn|25
|
|t:|1743870155
|switch|p2a: Alomomola|Alomomola, M|48/100
|-damage|p2a: Alomomola|35/100|[from] Stealth Rock
|-damage|p2a: Alomomola|23/100|[from] Spikes
|move|p1a: Scizor|U-turn|p2a: Alomomola
|-damage|p2a: Alomomola|0 fnt
|faint|p2a: Alomomola
|
|t:|1743870170
|switch|p1a: Pecharunt|Pecharunt|100/100|[from] U-turn
|
|upkeep
|
|t:|1743870190
|switch|p2a: Gliscor|Gliscor, M|88/100 tox
|-damage|p2a: Gliscor|75/100 tox|[from] Stealth Rock
|turn|26
|
|t:|1743870198
|move|p2a: Gliscor|Protect|p2a: Gliscor
|-singleturn|p2a: Gliscor|Protect
|move|p1a: Pecharunt|Hex|p2a: Gliscor
|-activate|p2a: Gliscor|move: Protect
|
|-heal|p2a: Gliscor|88/100 tox|[from] ability: Poison Heal
|upkeep
|turn|27
|
|t:|1743870210
|switch|p1a: Ogerpon|Ogerpon-Wellspring-Tera, F, tera:Water|55/100
|-damage|p1a: Ogerpon|43/100|[from] Stealth Rock
|-ability|p1a: Ogerpon|Embody Aspect (Wellspring)|boost
|-boost|p1a: Ogerpon|spd|1
|move|p2a: Gliscor|Swords Dance|p2a: Gliscor
|-boost|p2a: Gliscor|atk|2
|
|-heal|p2a: Gliscor|100/100 tox|[from] ability: Poison Heal
|upkeep
|turn|28
|
|t:|1743870221
|-terastallize|p2a: Gliscor|Normal
|move|p1a: Ogerpon|Ivy Cudgel|p2a: Gliscor|[anim] Ivy Cudgel Water
|-damage|p2a: Gliscor|29/100 tox
|move|p2a: Gliscor|Facade|p1a: Ogerpon
|-damage|p1a: Ogerpon|0 fnt
|faint|p1a: Ogerpon
|
|-heal|p2a: Gliscor|42/100 tox|[from] ability: Poison Heal
|upkeep
|
|t:|1743870237
|switch|p1a: Scizor|Scizor, F|59/100
|-damage|p1a: Scizor|46/100|[from] Stealth Rock
|turn|29
|
|t:|1743870242
|move|p2a: Gliscor|Protect|p2a: Gliscor
|-singleturn|p2a: Gliscor|Protect
|move|p1a: Scizor|Bullet Punch|p2a: Gliscor
|-activate|p2a: Gliscor|move: Protect
|
|-heal|p2a: Gliscor|54/100 tox|[from] ability: Poison Heal
|upkeep
|turn|30
|
|t:|1743870250
|move|p1a: Scizor|Bullet Punch|p2a: Gliscor
|-damage|p2a: Gliscor|27/100 tox
|move|p2a: Gliscor|Earthquake|p1a: Scizor
|-damage|p1a: Scizor|0 fnt
|faint|p1a: Scizor
|
|-heal|p2a: Gliscor|39/100 tox|[from] ability: Poison Heal
|upkeep
|-message|M1rrorshot forfeited.
|
|win|pouring goon
|raw|M1rrorshot's rating: 1581 &rarr; <strong>1565</strong><br />(-16 for losing)
|raw|pouring goon's rating: 1659 &rarr; <strong>1675</strong><br />(+16 for winning)
|l|☆M1rrorshot
|player|p1|
|l|☆pouring goon
|player|p2|
