|j|☆rt cuivjhm 2
|j|☆ikthoizzykil
|t:|1743900319
|gametype|singles
|player|p1|rt cuivjhm 2|acetrainerf-gen4dp|1372
|player|p2|ikthoizzykil|101|1310
|teamsize|p1|6
|teamsize|p2|6
|gen|9
|tier|[Gen 9] OU
|rated|
|rule|HP Percentage Mod: HP is shown in percentages
|rule|Endless Battle Clause: Forcing endless battles is banned
|rule|Species Clause: Limit one of each Pokémon
|rule|OHKO Clause: OHKO moves are banned
|rule|Evasion Items Clause: Evasion items are banned
|rule|Evasion Moves Clause: Evasion moves are banned
|rule|Sleep Moves Clause: Sleep-inducing moves are banned
|clearpoke
|poke|p1|Ogerpon-Wellspring, F|
|poke|p1|Weavile, F|
|poke|p1|Dragapult, F|
|poke|p1|Slowking-Galar, F|
|poke|p1|Great Tusk|
|poke|p1|Scizor, F|
|poke|p2|Ogerpon-Cornerstone, F|
|poke|p2|Zamazenta-*|
|poke|p2|Kingambit, F|
|poke|p2|Great Tusk|
|poke|p2|Dragonite, F|
|poke|p2|Primarina, F|
|teampreview
|inactive|Battle timer is ON: inactive players will automatically lose when time's up. (requested by ikthoizzykil)
|
|t:|1743900337
|start
|switch|p1a: Scizor|Scizor, F|100/100
|switch|p2a: Zamazenta|Zamazenta|100/100
|-ability|p2a: Zamazenta|Dauntless Shield|boost
|-boost|p2a: Zamazenta|def|1
|turn|1
|
|t:|1743900347
|switch|p1a: Slowking|Slowking-Galar, F|100/100
|move|p2a: Zamazenta|Howl|p2a: Zamazenta
|-boost|p2a: Zamazenta|atk|1
|
|upkeep
|turn|2
|
|t:|1743900361
|-terastallize|p2a: Zamazenta|Dark
|move|p2a: Zamazenta|Crunch|p1a: Slowking
|-supereffective|p1a: Slowking
|-damage|p1a: Slowking|0 fnt
|faint|p1a: Slowking
|
|upkeep
|
|t:|1743900372
|switch|p1a: Scizor|Scizor, F|100/100
|turn|3
|inactive|ikthoizzykil has 120 seconds left.
|
|t:|1743900409
|move|p2a: Zamazenta|Close Combat|p1a: Scizor
|-damage|p1a: Scizor|0 fnt
|-unboost|p2a: Zamazenta|def|1
|-unboost|p2a: Zamazenta|spd|1
|faint|p1a: Scizor
|
|upkeep
|
|t:|1743900419
|switch|p1a: Dragapult|Dragapult, F|100/100
|turn|4
|inactive|ikthoizzykil has 120 seconds left.
|
|t:|1743900434
|switch|p2a: Primarina|Primarina, F|100/100
|move|p1a: Dragapult|Draco Meteor|p2a: Primarina
|-immune|p2a: Primarina
|
|upkeep
|turn|5
|
|t:|1743900441
|switch|p1a: Ogerpon|Ogerpon-Wellspring, F|100/100
|move|p2a: Primarina|Moonblast|p1a: Ogerpon
|-damage|p1a: Ogerpon|37/100
|
|upkeep
|turn|6
|
|t:|1743900453
|switch|p2a: Dragonite|Dragonite, F|100/100
|move|p1a: Ogerpon|Horn Leech|p2a: Dragonite
|-resisted|p2a: Dragonite
|-crit|p2a: Dragonite
|-damage|p2a: Dragonite|93/100
|-heal|p1a: Ogerpon|42/100|[from] drain|[of] p2a: Dragonite
|
|upkeep
|turn|7
|
|t:|1743900465
|switch|p1a: Dragapult|Dragapult, F|100/100
|move|p2a: Dragonite|Dragon Dance|p2a: Dragonite
|-boost|p2a: Dragonite|atk|1
|-boost|p2a: Dragonite|spe|1
|
|upkeep
|turn|8
|
|t:|1743900473
|switch|p2a: Primarina|Primarina, F|100/100
|move|p1a: Dragapult|Draco Meteor|p2a: Primarina
|-immune|p2a: Primarina
|
|upkeep
|turn|9
|-message|rt cuivjhm 2 forfeited.
|
|win|ikthoizzykil
|raw|rt cuivjhm 2's rating: 1372 &rarr; <strong>1348</strong><br />(-24 for losing)
|raw|ikthoizzykil's rating: 1310 &rarr; <strong>1334</strong><br />(+24 for winning)
|l|☆rt cuivjhm 2
|player|p1|
