|j|☆ISEEEEEEYOUBABYB0I
|j|☆m340i owner
|t:|1743892901
|gametype|singles
|player|p1|ISEEEEEEYOUBABYB0I|unknown|1373
|player|p2|m340i owner|265|1437
|teamsize|p1|6
|teamsize|p2|6
|gen|9
|tier|[Gen 9] OU
|rated|
|rule|HP Percentage Mod: HP is shown in percentages
|rule|Endless Battle Clause: Forcing endless battles is banned
|rule|Species Clause: Limit one of each Pokémon
|rule|OHKO Clause: OHKO moves are banned
|rule|Evasion Items Clause: Evasion items are banned
|rule|Evasion Moves Clause: Evasion moves are banned
|rule|Sleep Moves Clause: Sleep-inducing moves are banned
|clearpoke
|poke|p1|Great Tusk|
|poke|p1|Landorus-Therian, M|
|poke|p1|Slowking-Galar, M|
|poke|p1|Zamazenta-*|
|poke|p1|Raging Bolt|
|poke|p1|Pecharunt|
|poke|p2|Iron Valiant|
|poke|p2|Lycanroc-Dusk, F|
|poke|p2|Great Tusk|
|poke|p2|Ogerpon-Wellspring, F|
|poke|p2|Dragapult, M|
|poke|p2|Kingambit, F|
|teampreview
|inactive|Battle timer is ON: inactive players will automatically lose when time's up. (requested by ISEEEEEEYOUBABYB0I)
|
|t:|1743892913
|start
|switch|p1a: 5|Landorus-Therian, M, shiny|100/100
|switch|p2a: Lycanroc|Lycanroc-Dusk, F|100/100
|-ability|p1a: 5|Intimidate|boost
|-unboost|p2a: Lycanroc|atk|1
|turn|1
|
|t:|1743892929
|move|p1a: 5|Earthquake|p2a: Lycanroc
|-supereffective|p2a: Lycanroc
|-enditem|p2a: Lycanroc|Focus Sash
|-damage|p2a: Lycanroc|1/100
|move|p2a: Lycanroc|Taunt|p1a: 5
|-start|p1a: 5|move: Taunt
|
|upkeep
|turn|2
|
|t:|1743892936
|switch|p2a: Ogerpon|Ogerpon-Wellspring, F|100/100
|move|p1a: 5|Earthquake|p2a: Ogerpon
|-resisted|p2a: Ogerpon
|-damage|p2a: Ogerpon|63/100
|
|upkeep
|turn|3
|
|t:|1743892945
|switch|p1a: cosmos|Pecharunt|100/100
|move|p2a: Ogerpon|Knock Off|p1a: cosmos
|-supereffective|p1a: cosmos
|-damage|p1a: cosmos|68/100
|-enditem|p1a: cosmos|Leftovers|[from] move: Knock Off|[of] p2a: Ogerpon
|
|upkeep
|turn|4
|
|t:|1743892955
|move|p2a: Ogerpon|U-turn|p1a: cosmos
|-resisted|p1a: cosmos
|-damage|p1a: cosmos|65/100
|
|t:|1743892959
|switch|p2a: Lycanroc|Lycanroc-Dusk, F|1/100|[from] U-turn
|move|p1a: cosmos|Malignant Chain|p2a: Lycanroc
|-resisted|p2a: Lycanroc
|-damage|p2a: Lycanroc|0 fnt
|faint|p2a: Lycanroc
|
|upkeep
|
|t:|1743892967
|switch|p2a: Dragapult|Dragapult, M|100/100
|turn|5
|
|t:|1743892971
|move|p2a: Dragapult|Shadow Ball|p1a: cosmos
|-supereffective|p1a: cosmos
|-damage|p1a: cosmos|0 fnt
|faint|p1a: cosmos
|
|upkeep
|
|t:|1743892983
|switch|p1a: Great Tusk|Great Tusk, shiny|100/100
|turn|6
|
|t:|1743892986
|move|p2a: Dragapult|Shadow Ball|p1a: Great Tusk
|-damage|p1a: Great Tusk|22/100
|-unboost|p1a: Great Tusk|spd|1
|move|p1a: Great Tusk|Ice Spinner|p2a: Dragapult
|-supereffective|p2a: Dragapult
|-damage|p2a: Dragapult|22/100
|
|upkeep
|turn|7
|
|t:|1743892996
|-end|p1a: Great Tusk|Protosynthesis|[silent]
|switch|p1a: Raiku|Raging Bolt|100/100
|move|p2a: Dragapult|Shadow Ball|p1a: Raiku
|-damage|p1a: Raiku|70/100
|
|upkeep
|turn|8
|
|t:|1743893006
|move|p1a: Raiku|Thunderclap|p2a: Dragapult
|-resisted|p2a: Dragapult
|-damage|p2a: Dragapult|0 fnt
|faint|p2a: Dragapult
|
|upkeep
|
|t:|1743893018
|switch|p2a: Great Tusk|Great Tusk|100/100
|-enditem|p2a: Great Tusk|Booster Energy
|-activate|p2a: Great Tusk|ability: Protosynthesis|[fromitem]
|-start|p2a: Great Tusk|protosynthesisatk
|turn|9
|
|t:|1743893024
|-terastallize|p1a: Raiku|Fairy
|move|p2a: Great Tusk|Headlong Rush|p1a: Raiku
|-damage|p1a: Raiku|8/100
|-unboost|p2a: Great Tusk|def|1
|-unboost|p2a: Great Tusk|spd|1
|move|p1a: Raiku|Tera Blast|p2a: Great Tusk|[anim] Tera Blast Fairy
|-supereffective|p2a: Great Tusk
|-damage|p2a: Great Tusk|0 fnt
|faint|p2a: Great Tusk
|-end|p2a: Great Tusk|Protosynthesis|[silent]
|
|upkeep
|
|t:|1743893040
|switch|p2a: Iron Valiant|Iron Valiant|100/100
|-enditem|p2a: Iron Valiant|Booster Energy
|-activate|p2a: Iron Valiant|ability: Quark Drive|[fromitem]
|-start|p2a: Iron Valiant|quarkdrivespe
|turn|10
|
|t:|1743893046
|move|p2a: Iron Valiant|Encore|p1a: Raiku
|-start|p1a: Raiku|Encore
|move|p1a: Raiku|Tera Blast|p2a: Iron Valiant|[anim] Tera Blast Fairy
|-supereffective|p2a: Iron Valiant
|-damage|p2a: Iron Valiant|0 fnt
|faint|p2a: Iron Valiant
|-end|p2a: Iron Valiant|Quark Drive|[silent]
|
|upkeep
|c|☆m340i owner|well that was silly
|
|t:|1743893058
|switch|p2a: Ogerpon|Ogerpon-Wellspring, F|63/100
|turn|11
|
|t:|1743893062
|move|p2a: Ogerpon|Horn Leech|p1a: Raiku
|-damage|p1a: Raiku|0 fnt
|-heal|p2a: Ogerpon|69/100|[from] drain|[of] p1a: Raiku
|faint|p1a: Raiku
|-end|p1a: Raiku|Protosynthesis|[silent]
|
|upkeep
|
|t:|1743893070
|switch|p1a: Great Tusk|Great Tusk, shiny|22/100
|turn|12
|
|t:|1743893074
|move|p1a: Great Tusk|Close Combat|p2a: Ogerpon
|-damage|p2a: Ogerpon|0 fnt
|-unboost|p1a: Great Tusk|def|1
|-unboost|p1a: Great Tusk|spd|1
|faint|p2a: Ogerpon
|
|upkeep
|
|t:|1743893089
|switch|p2a: Kingambit|Kingambit, F|100/100
|-activate|p2a: Kingambit|ability: Supreme Overlord
|-start|p2a: Kingambit|fallen5|[silent]
|turn|13
|
|t:|1743893093
|-terastallize|p2a: Kingambit|Ghost
|move|p1a: Great Tusk|Close Combat|p2a: Kingambit
|-immune|p2a: Kingambit
|move|p2a: Kingambit|Swords Dance|p2a: Kingambit
|-boost|p2a: Kingambit|atk|2
|
|upkeep
|turn|14
|
|t:|1743893104
|-end|p1a: Great Tusk|Protosynthesis|[silent]
|switch|p1a: D|Zamazenta, shiny|100/100
|-ability|p1a: D|Dauntless Shield|boost
|-boost|p1a: D|def|1
|move|p2a: Kingambit|Swords Dance|p2a: Kingambit
|-boost|p2a: Kingambit|atk|2
|
|upkeep
|turn|15
|
|t:|1743893111
|move|p1a: D|Crunch|p2a: Kingambit
|-supereffective|p2a: Kingambit
|-crit|p2a: Kingambit
|-damage|p2a: Kingambit|29/100
|move|p2a: Kingambit|Iron Head|p1a: D
|-damage|p1a: D|0 fnt
|faint|p1a: D
|
|-heal|p2a: Kingambit|35/100|[from] item: Leftovers
|upkeep
|
|t:|1743893121
|switch|p1a: Great Tusk|Great Tusk, shiny|22/100
|turn|16
|
|t:|1743893125
|move|p2a: Kingambit|Sucker Punch|p1a: Great Tusk
|-resisted|p1a: Great Tusk
|-damage|p1a: Great Tusk|0 fnt
|faint|p1a: Great Tusk
|-end|p1a: Great Tusk|Protosynthesis|[silent]
|
|-heal|p2a: Kingambit|41/100|[from] item: Leftovers
|upkeep
|
|t:|1743893131
|switch|p1a: 5|Landorus-Therian, M, shiny|100/100
|-ability|p1a: 5|Intimidate|boost
|-unboost|p2a: Kingambit|atk|1
|turn|17
|
|t:|1743893139
|switch|p1a: Slowking|Slowking-Galar, M, shiny|100/100
|move|p2a: Kingambit|Sucker Punch||[still]
|-fail|p2a: Kingambit
|
|-heal|p2a: Kingambit|47/100|[from] item: Leftovers
|upkeep
|turn|18
|
|t:|1743893171
|move|p2a: Kingambit|Kowtow Cleave|p1a: Slowking
|-supereffective|p1a: Slowking
|-damage|p1a: Slowking|0 fnt
|faint|p1a: Slowking
|
|-heal|p2a: Kingambit|54/100|[from] item: Leftovers
|upkeep
|c|☆m340i owner|gg
|
|t:|1743893177
|switch|p1a: 5|Landorus-Therian, M, shiny|100/100
|-ability|p1a: 5|Intimidate|boost
|-unboost|p2a: Kingambit|atk|1
|turn|19
|
|t:|1743893182
|move|p2a: Kingambit|Sucker Punch|p1a: 5
|-damage|p1a: 5|0 fnt
|faint|p1a: 5
|
|win|m340i owner
|raw|ISEEEEEEYOUBABYB0I's rating: 1373 &rarr; <strong>1357</strong><br />(-16 for losing)
|raw|m340i owner's rating: 1437 &rarr; <strong>1453</strong><br />(+16 for winning)
|l|☆ISEEEEEEYOUBABYB0I
|player|p1|
|l|☆m340i owner
|player|p2|
