|j|☆Novice by Nature
|j|☆ArmyOfBrachydios
|t:|1743798810
|gametype|singles
|player|p1|Novice by Nature|yellow|1499
|player|p2|ArmyOfBrachydios|266|1505
|teamsize|p1|6
|teamsize|p2|6
|gen|9
|tier|[Gen 9] OU
|rated|
|rule|HP Percentage Mod: HP is shown in percentages
|rule|Endless Battle Clause: Forcing endless battles is banned
|rule|Species Clause: Limit one of each Pokémon
|rule|OHKO Clause: OHKO moves are banned
|rule|Evasion Items Clause: Evasion items are banned
|rule|Evasion Moves Clause: Evasion moves are banned
|rule|Sleep Moves Clause: Sleep-inducing moves are banned
|clearpoke
|poke|p1|Talonflame, F|
|poke|p1|Hatterene, F|
|poke|p1|Alomomola, F|
|poke|p1|Ogerpon-Wellspring, F|
|poke|p1|Great Tusk|
|poke|p1|Raging Bolt|
|poke|p2|Skeledirge, F|
|poke|p2|Garchomp, M|
|poke|p2|Quaquaval, F|
|poke|p2|Corviknight, F|
|poke|p2|Galvantula, M|
|poke|p2|Glimmora, F|
|teampreview
|
|t:|1743798824
|start
|switch|p1a: Great Tusk|Great Tusk|100/100
|switch|p2a: Glimmora|Glimmora, F|100/100
|-item|p2a: Glimmora|Air Balloon
|turn|1
|
|t:|1743798830
|move|p1a: Great Tusk|Rapid Spin|p2a: Glimmora
|-resisted|p2a: Glimmora
|-damage|p2a: Glimmora|91/100
|-boost|p1a: Great Tusk|spe|1
|-activate|p2a: Glimmora|ability: Toxic Debris
|-sidestart|p1: Novice by Nature|move: Toxic Spikes
|-enditem|p2a: Glimmora|Air Balloon
|-sideend|p1: Novice by Nature|Toxic Spikes|[from] move: Rapid Spin|[of] p1a: Great Tusk
|move|p2a: Glimmora|Sludge Bomb|p1a: Great Tusk
|-resisted|p1a: Great Tusk
|-damage|p1a: Great Tusk|68/100
|
|upkeep
|turn|2
|
|t:|1743798840
|move|p1a: Great Tusk|Headlong Rush|p2a: Glimmora
|-supereffective|p2a: Glimmora
|-damage|p2a: Glimmora|0 fnt
|-unboost|p1a: Great Tusk|def|1
|-unboost|p1a: Great Tusk|spd|1
|-activate|p2a: Glimmora|ability: Toxic Debris
|-sidestart|p1: Novice by Nature|move: Toxic Spikes
|faint|p2a: Glimmora
|
|upkeep
|
|t:|1743798853
|switch|p2a: Garchomp|Garchomp, M|100/100
|turn|3
|inactive|Battle timer is ON: inactive players will automatically lose when time's up. (requested by Novice by Nature)
|
|t:|1743798860
|-terastallize|p2a: Garchomp|Dragon
|move|p1a: Great Tusk|Rapid Spin|p2a: Garchomp
|-damage|p2a: Garchomp|85/100
|-boost|p1a: Great Tusk|spe|1
|-damage|p1a: Great Tusk|56/100|[from] ability: Rough Skin|[of] p2a: Garchomp
|-sideend|p1: Novice by Nature|Toxic Spikes|[from] move: Rapid Spin|[of] p1a: Great Tusk
|move|p2a: Garchomp|Swords Dance|p2a: Garchomp
|-boost|p2a: Garchomp|atk|2
|
|upkeep
|turn|4
|
|t:|1743798879
|move|p1a: Great Tusk|Ice Spinner|p2a: Garchomp
|-supereffective|p2a: Garchomp
|-damage|p2a: Garchomp|38/100
|-damage|p1a: Great Tusk|43/100|[from] ability: Rough Skin|[of] p2a: Garchomp
|move|p2a: Garchomp|Scale Shot|p1a: Great Tusk
|-damage|p1a: Great Tusk|5/100
|-damage|p1a: Great Tusk|0 fnt
|faint|p1a: Great Tusk
|-end|p1a: Great Tusk|Protosynthesis|[silent]
|-hitcount|p1: Great Tusk|2
|-unboost|p2a: Garchomp|def|1
|-boost|p2a: Garchomp|spe|1
|
|upkeep
|
|t:|1743798894
|switch|p1a: Talonflame|Talonflame, F|100/100
|turn|5
|
|t:|1743798898
|move|p1a: Talonflame|Brave Bird|p2a: Garchomp
|-damage|p2a: Garchomp|0 fnt
|-damage|p1a: Talonflame|88/100|[from] ability: Rough Skin|[of] p2a: Garchomp
|faint|p2a: Garchomp
|-damage|p1a: Talonflame|73/100|[from] Recoil
|
|upkeep
|
|t:|1743798901
|switch|p2a: Quaquaval|Quaquaval, F|100/100
|turn|6
|
|t:|1743798907
|move|p1a: Talonflame|Brave Bird|p2a: Quaquaval
|-supereffective|p2a: Quaquaval
|-damage|p2a: Quaquaval|0 fnt
|faint|p2a: Quaquaval
|-damage|p1a: Talonflame|39/100|[from] Recoil
|
|upkeep
|
|t:|1743798912
|switch|p2a: Galvantula|Galvantula, M|100/100
|turn|7
|
|t:|1743798917
|switch|p1a: Raging Bolt|Raging Bolt|100/100
|move|p2a: Galvantula|Thunder|p1a: Raging Bolt
|-resisted|p1a: Raging Bolt
|-damage|p1a: Raging Bolt|95/100
|
|upkeep
|turn|8
|
|t:|1743798926
|move|p2a: Galvantula|Sticky Web|p1a: Raging Bolt
|-sidestart|p1: Novice by Nature|move: Sticky Web
|move|p1a: Raging Bolt|Draco Meteor|p2a: Galvantula
|-enditem|p2a: Galvantula|Focus Sash
|-damage|p2a: Galvantula|1/100
|-unboost|p1a: Raging Bolt|spa|2
|
|upkeep
|turn|9
|
|t:|1743798933
|switch|p2a: Skeledirge|Skeledirge, F|100/100
|move|p1a: Raging Bolt|Volt Switch|p2a: Skeledirge
|-damage|p2a: Skeledirge|60/100
|
|t:|1743798938
|-end|p1a: Raging Bolt|Protosynthesis|[silent]
|switch|p1a: Ogerpon|Ogerpon-Wellspring, F|100/100|[from] Volt Switch
|-activate|p1a: Ogerpon|move: Sticky Web
|-unboost|p1a: Ogerpon|spe|1
|
|-heal|p2a: Skeledirge|66/100|[from] item: Leftovers
|upkeep
|turn|10
|
|t:|1743798941
|switch|p2a: Corviknight|Corviknight, F|100/100
|move|p1a: Ogerpon|Ivy Cudgel|p2a: Corviknight|[anim] Ivy Cudgel Water
|-damage|p2a: Corviknight|43/100
|
|-heal|p2a: Corviknight|49/100|[from] item: Leftovers
|upkeep
|turn|11
|
|t:|1743798946
|move|p1a: Ogerpon|Ivy Cudgel|p2a: Corviknight|[anim] Ivy Cudgel Water
|-damage|p2a: Corviknight|0 fnt
|faint|p2a: Corviknight
|
|upkeep
|
|t:|1743798950
|switch|p2a: Skeledirge|Skeledirge, F|66/100
|turn|12
|
|t:|1743798952
|move|p1a: Ogerpon|Ivy Cudgel|p2a: Skeledirge|[anim] Ivy Cudgel Water
|-supereffective|p2a: Skeledirge
|-damage|p2a: Skeledirge|0 fnt
|faint|p2a: Skeledirge
|
|upkeep
|
|t:|1743798954
|switch|p2a: Galvantula|Galvantula, M|1/100
|turn|13
|
|t:|1743798956
|move|p2a: Galvantula|Bug Buzz|p1a: Ogerpon
|-supereffective|p1a: Ogerpon
|-damage|p1a: Ogerpon|18/100
|move|p1a: Ogerpon|Ivy Cudgel|p2a: Galvantula|[anim] Ivy Cudgel Water
|-damage|p2a: Galvantula|0 fnt
|faint|p2a: Galvantula
|
|win|Novice by Nature
|raw|Novice by Nature's rating: 1499 &rarr; <strong>1519</strong><br />(+20 for winning)
|raw|ArmyOfBrachydios's rating: 1505 &rarr; <strong>1485</strong><br />(-20 for losing)
|l|☆ArmyOfBrachydios
|player|p2|
|l|☆Novice by Nature
|player|p1|
