|j|☆Anruyanke
|j|☆1hyde4
|t:|1743835550
|gametype|singles
|player|p1|Anruyanke|101|1276
|player|p2|1hyde4|hugh|1283
|teamsize|p1|6
|teamsize|p2|6
|gen|9
|tier|[Gen 9] OU
|rated|
|rule|HP Percentage Mod: HP is shown in percentages
|rule|Endless Battle Clause: Forcing endless battles is banned
|rule|Species Clause: Limit one of each Pokémon
|rule|OHKO Clause: OHKO moves are banned
|rule|Evasion Items Clause: Evasion items are banned
|rule|Evasion Moves Clause: Evasion moves are banned
|rule|Sleep Moves Clause: Sleep-inducing moves are banned
|clearpoke
|poke|p1|Cinderace, M|
|poke|p1|Landorus-Therian, M|
|poke|p1|Primarina, M|
|poke|p1|Rillaboom, F|
|poke|p1|Kommo-o, F|
|poke|p1|Dragapult, M|
|poke|p2|Dragonite, M|
|poke|p2|Cinderace, M|
|poke|p2|Samurott-Hisui, M|
|poke|p2|Slowking-Galar, F|
|poke|p2|Corviknight, F|
|poke|p2|Iron Valiant|
|teampreview
|
|t:|1743835557
|start
|switch|p1a: Primarina|Primarina, M|100/100
|switch|p2a: Samurott|Samurott-Hisui, M|100/100
|turn|1
|inactive|Battle timer is ON: inactive players will automatically lose when time's up. (requested by Anruyanke)
|
|t:|1743835562
|move|p2a: Samurott|Flip Turn|p1a: Primarina
|-resisted|p1a: Primarina
|-damage|p1a: Primarina|79/100
|
|t:|1743835565
|switch|p2a: Slowking|Slowking-Galar, F|100/100|[from] Flip Turn
|move|p1a: Primarina|Moonblast|p2a: Slowking
|-resisted|p2a: Slowking
|-damage|p2a: Slowking|87/100
|
|upkeep
|turn|2
|
|t:|1743835572
|move|p1a: Primarina|Sparkling Aria|p2a: Slowking
|-damage|p2a: Slowking|62/100
|move|p2a: Slowking|Sludge Bomb|p1a: Primarina
|-supereffective|p1a: Primarina
|-damage|p1a: Primarina|47/100
|
|upkeep
|turn|3
|
|t:|1743835578
|switch|p1a: Kommo-o|Kommo-o, F|100/100
|move|p2a: Slowking|Sludge Bomb|p1a: Kommo-o
|-immune|p1a: Kommo-o|[from] ability: Bulletproof
|
|upkeep
|turn|4
|
|t:|1743835584
|move|p1a: Kommo-o|Clangorous Soul|p1a: Kommo-o
|-boost|p1a: Kommo-o|atk|1
|-boost|p1a: Kommo-o|def|1
|-boost|p1a: Kommo-o|spa|1
|-boost|p1a: Kommo-o|spd|1
|-boost|p1a: Kommo-o|spe|1
|-damage|p1a: Kommo-o|68/100
|-enditem|p1a: Kommo-o|Throat Spray
|-boost|p1a: Kommo-o|spa|1|[from] item: Throat Spray
|move|p2a: Slowking|Ice Beam|p1a: Kommo-o
|-supereffective|p1a: Kommo-o
|-damage|p1a: Kommo-o|35/100
|
|upkeep
|turn|5
|
|t:|1743835598
|switch|p2a: Corviknight|Corviknight, F|100/100
|-ability|p2a: Corviknight|Pressure
|move|p1a: Kommo-o|Clanging Scales|p2a: Corviknight
|-resisted|p2a: Corviknight
|-damage|p2a: Corviknight|60/100
|-unboost|p1a: Kommo-o|def|1
|
|upkeep
|turn|6
|
|t:|1743835607
|move|p1a: Kommo-o|Flamethrower|p2a: Corviknight
|-supereffective|p2a: Corviknight
|-damage|p2a: Corviknight|0 fnt
|faint|p2a: Corviknight
|
|upkeep
|
|t:|1743835620
|switch|p2a: Dragonite|Dragonite, M|100/100
|turn|7
|
|t:|1743835629
|-terastallize|p2a: Dragonite|Fire
|move|p1a: Kommo-o|Clanging Scales|p2a: Dragonite
|-crit|p2a: Dragonite
|-damage|p2a: Dragonite|30/100
|-unboost|p1a: Kommo-o|def|1
|move|p2a: Dragonite|Earthquake|p1a: Kommo-o
|-damage|p1a: Kommo-o|0 fnt
|faint|p1a: Kommo-o
|
|upkeep
|
|t:|1743835640
|switch|p1a: Dragapult|Dragapult, M|100/100
|turn|8
|
|t:|1743835643
|move|p1a: Dragapult|Shadow Ball|p2a: Dragonite
|-damage|p2a: Dragonite|0 fnt
|faint|p2a: Dragonite
|
|upkeep
|
|t:|1743835647
|switch|p2a: Samurott|Samurott-Hisui, M|100/100
|turn|9
|
|t:|1743835653
|switch|p1a: Rillaboom|Rillaboom, F|100/100
|-fieldstart|move: Grassy Terrain|[from] ability: Grassy Surge|[of] p1a: Rillaboom
|move|p2a: Samurott|Ceaseless Edge|p1a: Rillaboom
|-damage|p1a: Rillaboom|69/100
|-sidestart|p1: Anruyanke|Spikes
|
|-heal|p1a: Rillaboom|76/100|[from] Grassy Terrain
|upkeep
|turn|10
|
|t:|1743835661
|switch|p2a: Cinderace|Cinderace, M|100/100
|move|p1a: Rillaboom|U-turn|p2a: Cinderace
|-resisted|p2a: Cinderace
|-damage|p2a: Cinderace|73/100
|
|t:|1743835667
|switch|p1a: Dragapult|Dragapult, M|100/100|[from] U-turn
|-damage|p1a: Dragapult|88/100|[from] Spikes
|
|-heal|p1a: Dragapult|94/100|[from] Grassy Terrain
|-heal|p2a: Cinderace|79/100|[from] Grassy Terrain
|upkeep
|turn|11
|
|t:|1743835674
|move|p2a: Cinderace|Sucker Punch|p1a: Dragapult
|-supereffective|p1a: Dragapult
|-damage|p1a: Dragapult|29/100
|move|p1a: Dragapult|Draco Meteor|p2a: Cinderace
|-damage|p2a: Cinderace|2/100
|-unboost|p1a: Dragapult|spa|2
|
|-heal|p1a: Dragapult|35/100|[from] Grassy Terrain
|-heal|p2a: Cinderace|8/100|[from] Grassy Terrain
|upkeep
|turn|12
|
|t:|1743835690
|switch|p1a: Cinderace|Cinderace, M|100/100
|move|p2a: Cinderace|Sucker Punch||[still]
|-fail|p2a: Cinderace
|
|-heal|p2a: Cinderace|14/100|[from] Grassy Terrain
|upkeep
|turn|13
|
|t:|1743835697
|move|p2a: Cinderace|Court Change|p2a: Cinderace
|-swapsideconditions
|-activate|p2a: Cinderace|move: Court Change
|move|p1a: Cinderace|Flare Blitz|p2a: Cinderace
|-resisted|p2a: Cinderace
|-damage|p2a: Cinderace|0 fnt
|faint|p2a: Cinderace
|-damage|p1a: Cinderace|96/100|[from] Recoil
|
|-heal|p1a: Cinderace|100/100|[from] Grassy Terrain
|-fieldend|move: Grassy Terrain
|upkeep
|-message|1hyde4 forfeited.
|
|win|Anruyanke
|raw|Anruyanke's rating: 1276 &rarr; <strong>1302</strong><br />(+26 for winning)
|raw|1hyde4's rating: 1283 &rarr; <strong>1257</strong><br />(-26 for losing)
|l|☆1hyde4
|player|p2|
|l|☆Anruyanke
|player|p1|
