|j|☆window6
|j|☆rexrabidus
|t:|1743915537
|gametype|singles
|player|p1|window6|emmet|1087
|player|p2|rexrabidus|ingo|1064
|teamsize|p1|6
|teamsize|p2|6
|gen|9
|tier|[Gen 9] OU
|rated|
|rule|HP Percentage Mod: HP is shown in percentages
|rule|Endless Battle Clause: Forcing endless battles is banned
|rule|Species Clause: Limit one of each Pokémon
|rule|OHKO Clause: OHKO moves are banned
|rule|Evasion Items Clause: Evasion items are banned
|rule|Evasion Moves Clause: Evasion moves are banned
|rule|Sleep Moves Clause: Sleep-inducing moves are banned
|clearpoke
|poke|p1|Alomomola, M|
|poke|p1|Corviknight, M|
|poke|p1|Pecharunt|
|poke|p1|Dragonite, M|
|poke|p1|Ogerpon-Wellspring, F|
|poke|p1|Landorus-Therian, M|
|poke|p2|Electrode-Hisui|
|poke|p2|Meowscarada, M|
|poke|p2|Weavile, M|
|poke|p2|Araquanid, F|
|poke|p2|Slowking-Galar, F|
|poke|p2|Goodra-Hisui, M|
|teampreview
|inactive|Battle timer is ON: inactive players will automatically lose when time's up. (requested by window6)
|
|t:|1743915545
|start
|switch|p1a: Landorus|Landorus-Therian, M|100/100
|switch|p2a: Meowscarada|Meowscarada, M|100/100
|-ability|p1a: Landorus|Intimidate|boost
|-unboost|p2a: Meowscarada|atk|1
|turn|1
|
|t:|1743915550
|move|p2a: Meowscarada|Triple Axel|p1a: Landorus
|-start|p2a: Meowscarada|typechange|Ice|[from] ability: Protean
|-supereffective|p1a: Landorus
|-damage|p1a: Landorus|54/100
|-supereffective|p1a: Landorus
|-damage|p1a: Landorus|0 fnt
|faint|p1a: Landorus
|-hitcount|p1: Landorus|2
|
|upkeep
|
|t:|1743915560
|switch|p1a: Dragonite|Dragonite, M|100/100
|turn|2
|
|t:|1743915562
|-terastallize|p1a: Dragonite|Normal
|move|p2a: Meowscarada|Triple Axel|p1a: Dragonite
|-damage|p1a: Dragonite|95/100
|-damage|p1a: Dragonite|74/100
|-damage|p1a: Dragonite|43/100
|-hitcount|p1a: Dragonite|3
|move|p1a: Dragonite|Earthquake|p2a: Meowscarada
|-damage|p2a: Meowscarada|40/100
|
|-heal|p1a: Dragonite|49/100|[from] item: Leftovers
|upkeep
|turn|3
|
|t:|1743915568
|switch|p2a: Goodra|Goodra-Hisui, M|100/100
|move|p1a: Dragonite|Extreme Speed|p2a: Goodra
|-resisted|p2a: Goodra
|-damage|p2a: Goodra|81/100
|-ability|p2a: Goodra|Gooey
|-unboost|p1a: Dragonite|spe|1
|
|-heal|p1a: Dragonite|55/100|[from] item: Leftovers
|upkeep
|turn|4
|
|t:|1743915574
|move|p1a: Dragonite|Earthquake|p2a: Goodra
|-supereffective|p2a: Goodra
|-damage|p2a: Goodra|11/100
|move|p2a: Goodra|Heavy Slam|p1a: Dragonite
|-damage|p1a: Dragonite|39/100
|
|-heal|p1a: Dragonite|45/100|[from] item: Leftovers
|upkeep
|turn|5
|
|t:|1743915587
|move|p1a: Dragonite|Extreme Speed|p2a: Goodra
|-resisted|p2a: Goodra
|-damage|p2a: Goodra|0 fnt
|-ability|p2a: Goodra|Gooey
|-unboost|p1a: Dragonite|spe|1
|faint|p2a: Goodra
|
|-heal|p1a: Dragonite|51/100|[from] item: Leftovers
|upkeep
|
|t:|1743915590
|switch|p2a: Araquanid|Araquanid, F|100/100
|turn|6
|
|t:|1743915598
|move|p1a: Dragonite|Extreme Speed|p2a: Araquanid
|-damage|p2a: Araquanid|48/100
|-enditem|p2a: Araquanid|Sitrus Berry|[eat]
|-heal|p2a: Araquanid|73/100|[from] item: Sitrus Berry
|move|p2a: Araquanid|Liquidation|p1a: Dragonite
|-damage|p1a: Dragonite|0 fnt
|faint|p1a: Dragonite
|
|upkeep
|
|t:|1743915609
|switch|p1a: Corviknight|Corviknight, M, shiny|100/100
|-ability|p1a: Corviknight|Pressure
|turn|7
|
|t:|1743915615
|move|p1a: Corviknight|Brave Bird|p2a: Araquanid
|-supereffective|p2a: Araquanid
|-damage|p2a: Araquanid|0 fnt
|faint|p2a: Araquanid
|-damage|p1a: Corviknight|80/100|[from] Recoil
|
|upkeep
|
|t:|1743915625
|switch|p2a: Electrode|Electrode-Hisui|100/100
|turn|8
|
|t:|1743915631
|move|p2a: Electrode|Thunderbolt|p1a: Corviknight
|-supereffective|p1a: Corviknight
|-damage|p1a: Corviknight|17/100
|move|p1a: Corviknight|Brave Bird|p2a: Electrode
|-damage|p2a: Electrode|14/100
|-damage|p1a: Corviknight|0 fnt|[from] Recoil
|faint|p1a: Corviknight
|
|upkeep
|
|t:|1743915639
|switch|p1a: Ogerpon|Ogerpon-Wellspring, F|100/100
|turn|9
|
|t:|1743915643
|move|p2a: Electrode|Volt Switch|p1a: Ogerpon
|-damage|p1a: Ogerpon|69/100
|
|t:|1743915645
|switch|p2a: Slowking|Slowking-Galar, F|100/100|[from] Volt Switch
|move|p1a: Ogerpon|Ivy Cudgel|p2a: Slowking|[anim] Ivy Cudgel Water
|-damage|p2a: Slowking|42/100
|
|-heal|p2a: Slowking|48/100|[from] item: Leftovers
|upkeep
|turn|10
|
|t:|1743915651
|move|p1a: Ogerpon|Ivy Cudgel|p2a: Slowking|[anim] Ivy Cudgel Water
|-damage|p2a: Slowking|0 fnt
|faint|p2a: Slowking
|
|upkeep
|
|t:|1743915656
|switch|p2a: Weavile|Weavile, M|100/100
|-ability|p2a: Weavile|Pressure
|turn|11
|
|t:|1743915660
|move|p2a: Weavile|Fake Out|p1a: Ogerpon
|-damage|p1a: Ogerpon|52/100
|cant|p1a: Ogerpon|flinch
|
|upkeep
|turn|12
|
|t:|1743915662
|move|p2a: Weavile|Icicle Spear|p1a: Ogerpon
|-damage|p1a: Ogerpon|36/100
|-damage|p1a: Ogerpon|19/100
|-damage|p1a: Ogerpon|4/100
|-crit|p1a: Ogerpon
|-damage|p1a: Ogerpon|0 fnt
|faint|p1a: Ogerpon
|-hitcount|p1: Ogerpon|4
|
|upkeep
|
|t:|1743915667
|switch|p1a: Alomomola|Alomomola, M, shiny|100/100
|turn|13
|
|t:|1743915679
|move|p2a: Weavile|Knock Off|p1a: Alomomola
|-damage|p1a: Alomomola|76/100
|-damage|p2a: Weavile|84/100|[from] item: Rocky Helmet|[of] p1a: Alomomola
|-enditem|p1a: Alomomola|Rocky Helmet|[from] move: Knock Off|[of] p2a: Weavile
|move|p1a: Alomomola|Scald|p2a: Weavile
|-damage|p2a: Weavile|66/100
|
|upkeep
|turn|14
|
|t:|1743915688
|switch|p2a: Electrode|Electrode-Hisui|14/100
|move|p1a: Alomomola|Scald|p2a: Electrode
|-resisted|p2a: Electrode
|-damage|p2a: Electrode|3/100
|-status|p2a: Electrode|brn
|
|-damage|p2a: Electrode|0 fnt|[from] brn
|faint|p2a: Electrode
|upkeep
|
|t:|1743915689
|switch|p2a: Meowscarada|Meowscarada, M|40/100
|turn|15
|
|t:|1743915703
|move|p2a: Meowscarada|U-turn|p1a: Alomomola
|-start|p2a: Meowscarada|typechange|Bug|[from] ability: Protean
|-damage|p1a: Alomomola|50/100
|
|t:|1743915705
|switch|p2a: Weavile|Weavile, M|66/100|[from] U-turn
|-ability|p2a: Weavile|Pressure
|move|p1a: Alomomola|Scald|p2a: Weavile
|-damage|p2a: Weavile|46/100
|-status|p2a: Weavile|brn
|
|-damage|p2a: Weavile|40/100 brn|[from] brn
|upkeep
|turn|16
|-message|rexrabidus forfeited.
|
|win|window6
|raw|window6's rating: 1087 &rarr; <strong>1112</strong><br />(+25 for winning)
|raw|rexrabidus's rating: 1064 &rarr; <strong>1046</strong><br />(-18 for losing)
|l|☆rexrabidus
|player|p2|
|l|☆window6
|player|p1|
