|j|☆ykykp
|j|☆roxty
|t:|1743879901
|gametype|singles
|player|p1|ykykp|101|1436
|player|p2|roxty|170|1498
|teamsize|p1|6
|teamsize|p2|6
|gen|9
|tier|[Gen 9] OU
|rated|
|rule|HP Percentage Mod: HP is shown in percentages
|rule|Endless Battle Clause: Forcing endless battles is banned
|rule|Species Clause: Limit one of each Pokémon
|rule|OHKO Clause: OHKO moves are banned
|rule|Evasion Items Clause: Evasion items are banned
|rule|Evasion Moves Clause: Evasion moves are banned
|rule|Sleep Moves Clause: Sleep-inducing moves are banned
|clearpoke
|poke|p1|Porygon-Z|
|poke|p1|Ribombee, M|
|poke|p1|Ceruledge, M|
|poke|p1|Iron Treads|
|poke|p1|Gallade, M|
|poke|p1|Dragapult, F|
|poke|p2|Gliscor, F|
|poke|p2|Blissey, F|
|poke|p2|Clefable, F|
|poke|p2|Toxapex, F|
|poke|p2|Dondozo, F|
|poke|p2|Corviknight, M|
|teampreview
|inactive|Battle timer is ON: inactive players will automatically lose when time's up. (requested by ykykp)
|
|t:|1743879919
|start
|switch|p1a: Porygon-Z|Porygon-Z|100/100
|switch|p2a: Adder|Gliscor, F|100/100
|-ability|p1a: Porygon-Z|Download|boost
|-boost|p1a: Porygon-Z|spa|1
|turn|1
|
|t:|1743879924
|move|p2a: Adder|Protect|p2a: Adder
|-singleturn|p2a: Adder|Protect
|move|p1a: Porygon-Z|Ice Beam|p2a: Adder
|-activate|p2a: Adder|move: Protect
|
|-status|p2a: Adder|tox|[from] item: Toxic Orb
|upkeep
|turn|2
|
|t:|1743879935
|switch|p2a: Lash|Toxapex, F, shiny|100/100
|move|p1a: Porygon-Z|Psyshock|p2a: Lash
|-supereffective|p2a: Lash
|-damage|p2a: Lash|17/100
|
|upkeep
|turn|3
|
|t:|1743879942
|switch|p2a: Flesh Tutu|Blissey, F|100/100
|move|p1a: Porygon-Z|Thunderbolt|p2a: Flesh Tutu
|-crit|p2a: Flesh Tutu
|-damage|p2a: Flesh Tutu|79/100
|
|upkeep
|turn|4
|
|t:|1743879959
|move|p1a: Porygon-Z|Psyshock|p2a: Flesh Tutu
|-damage|p2a: Flesh Tutu|24/100
|move|p2a: Flesh Tutu|Calm Mind|p2a: Flesh Tutu
|-boost|p2a: Flesh Tutu|spa|1
|-boost|p2a: Flesh Tutu|spd|1
|
|upkeep
|turn|5
|
|t:|1743879964
|move|p1a: Porygon-Z|Psyshock|p2a: Flesh Tutu
|-damage|p2a: Flesh Tutu|0 fnt
|faint|p2a: Flesh Tutu
|
|upkeep
|
|t:|1743879972
|switch|p2a: Adder|Gliscor, F|100/100 tox
|turn|6
|
|t:|1743879975
|-terastallize|p2a: Adder|Ghost
|move|p1a: Porygon-Z|Ice Beam|p2a: Adder
|-damage|p2a: Adder|36/100 tox
|move|p2a: Adder|Toxic|p1a: Porygon-Z
|-status|p1a: Porygon-Z|tox
|
|-damage|p1a: Porygon-Z|94/100 tox|[from] psn
|-heal|p2a: Adder|48/100 tox|[from] ability: Poison Heal
|upkeep
|turn|7
|
|t:|1743879986
|move|p2a: Adder|Protect|p2a: Adder
|-singleturn|p2a: Adder|Protect
|move|p1a: Porygon-Z|Ice Beam|p2a: Adder
|-activate|p2a: Adder|move: Protect
|
|-damage|p1a: Porygon-Z|82/100 tox|[from] psn
|-heal|p2a: Adder|61/100 tox|[from] ability: Poison Heal
|upkeep
|turn|8
|
|t:|1743880007
|move|p1a: Porygon-Z|Thunderbolt|p2a: Adder
|-damage|p2a: Adder|0 fnt
|faint|p2a: Adder
|
|-damage|p1a: Porygon-Z|64/100 tox|[from] psn
|upkeep
|inactive|roxty has 120 seconds left.
|l|☆roxty
|inactive|roxty disconnected and has a minute to reconnect!
|player|p2|
|inactive|roxty has 30 seconds to reconnect!
|inactive|roxty has 20 seconds to reconnect!
|inactive|roxty has 15 seconds to reconnect!
|inactive|roxty has 10 seconds to reconnect!
|inactive|roxty has 5 seconds to reconnect!
|-message|roxty lost due to inactivity.
|
|win|ykykp
|raw|ykykp's rating: 1436 &rarr; <strong>1459</strong><br />(+23 for winning)
|raw|roxty's rating: 1480 &rarr; <strong>1457</strong><br />(-23 for losing)
