|j|☆Osberlin
|j|☆VANYR
|t:|1743890797
|gametype|singles
|player|p1|Osberlin|lucas|1547
|player|p2|VANYR|grimsley|1545
|teamsize|p1|6
|teamsize|p2|6
|gen|9
|tier|[Gen 9] OU
|rated|
|rule|HP Percentage Mod: HP is shown in percentages
|rule|Endless Battle Clause: Forcing endless battles is banned
|rule|Species Clause: Limit one of each Pokémon
|rule|OHKO Clause: OHKO moves are banned
|rule|Evasion Items Clause: Evasion items are banned
|rule|Evasion Moves Clause: Evasion moves are banned
|rule|Sleep Moves Clause: Sleep-inducing moves are banned
|clearpoke
|poke|p1|Manaphy|
|poke|p1|Great Tusk|
|poke|p1|Grimmsnarl, M|
|poke|p1|Dragonite, F|
|poke|p1|Ampharos, M|
|poke|p1|Tinkaton, F|
|poke|p2|Glimmora, M|
|poke|p2|Samurott-Hisui, F|
|poke|p2|Kleavor, M|
|poke|p2|Sinistcha-Masterpiece|
|poke|p2|Heatran, F|
|poke|p2|Conkeldurr, F|
|teampreview
|inactive|Battle timer is ON: inactive players will automatically lose when time's up. (requested by Osberlin)
|
|t:|1743890821
|start
|switch|p1a: Grimmsnarl|Grimmsnarl, M|100/100
|switch|p2a: Samurott|Samurott-Hisui, F|100/100
|turn|1
|
|t:|1743890827
|move|p1a: Grimmsnarl|Reflect|p1a: Grimmsnarl
|-sidestart|p1: Osberlin|Reflect
|move|p2a: Samurott|Knock Off|p1a: Grimmsnarl
|-resisted|p1a: Grimmsnarl
|-damage|p1a: Grimmsnarl|94/100
|-enditem|p1a: Grimmsnarl|Light Clay|[from] move: Knock Off|[of] p2a: Samurott
|
|upkeep
|turn|2
|
|t:|1743890832
|move|p2a: Samurott|Ceaseless Edge|p1a: Grimmsnarl
|-resisted|p1a: Grimmsnarl
|-damage|p1a: Grimmsnarl|87/100
|-sidestart|p1: Osberlin|Spikes
|move|p1a: Grimmsnarl|Spirit Break|p2a: Samurott
|-supereffective|p2a: Samurott
|-damage|p2a: Samurott|36/100
|-unboost|p2a: Samurott|spa|1
|
|upkeep
|turn|3
|
|t:|1743890840
|switch|p2a: Heatran|Heatran, F|100/100
|move|p1a: Grimmsnarl|Spirit Break|p2a: Heatran
|-resisted|p2a: Heatran
|-damage|p2a: Heatran|94/100
|-unboost|p2a: Heatran|spa|1
|
|upkeep
|turn|4
|
|t:|1743890847
|move|p1a: Grimmsnarl|Light Screen|p1a: Grimmsnarl
|-sidestart|p1: Osberlin|move: Light Screen
|move|p2a: Heatran|Magma Storm|p1a: Grimmsnarl|[miss]
|-miss|p2a: Heatran|p1a: Grimmsnarl
|
|upkeep
|turn|5
|
|t:|1743890853
|move|p1a: Grimmsnarl|Thunder Wave|p2a: Heatran
|-status|p2a: Heatran|par
|cant|p2a: Heatran|par
|
|upkeep
|turn|6
|
|t:|1743890860
|switch|p1a: Manaphy|Manaphy, shiny|100/100
|-damage|p1a: Manaphy|88/100|[from] Spikes
|move|p2a: Heatran|Magma Storm|p1a: Manaphy
|-resisted|p1a: Manaphy
|-damage|p1a: Manaphy|80/100
|-activate|p1a: Manaphy|move: Magma Storm|[of] p2a: Heatran
|
|-heal|p1a: Manaphy|87/100|[from] item: Leftovers
|-damage|p1a: Manaphy|74/100|[from] move: Magma Storm|[partiallytrapped]
|upkeep
|turn|7
|
|t:|1743890867
|switch|p2a: Sinistcha|Sinistcha-Masterpiece|100/100
|move|p1a: Manaphy|Take Heart|p1a: Manaphy
|-boost|p1a: Manaphy|spa|1
|-boost|p1a: Manaphy|spd|1
|
|-heal|p1a: Manaphy|80/100|[from] item: Leftovers
|-end|p1a: Manaphy|Magma Storm|[partiallytrapped]|[silent]
|upkeep
|turn|8
|
|t:|1743890872
|move|p1a: Manaphy|Take Heart|p1a: Manaphy
|-boost|p1a: Manaphy|spa|1
|-boost|p1a: Manaphy|spd|1
|move|p2a: Sinistcha|Calm Mind|p2a: Sinistcha
|-boost|p2a: Sinistcha|spa|1
|-boost|p2a: Sinistcha|spd|1
|
|-heal|p1a: Manaphy|87/100|[from] item: Leftovers
|-sideend|p1: Osberlin|Reflect
|-sideend|p1: Osberlin|move: Light Screen
|upkeep
|turn|9
|
|t:|1743890876
|move|p1a: Manaphy|Take Heart|p1a: Manaphy
|-boost|p1a: Manaphy|spa|1
|-boost|p1a: Manaphy|spd|1
|move|p2a: Sinistcha|Calm Mind|p2a: Sinistcha
|-boost|p2a: Sinistcha|spa|1
|-boost|p2a: Sinistcha|spd|1
|
|-heal|p1a: Manaphy|93/100|[from] item: Leftovers
|upkeep
|turn|10
|
|t:|1743890880
|move|p1a: Manaphy|Take Heart|p1a: Manaphy
|-boost|p1a: Manaphy|spa|1
|-boost|p1a: Manaphy|spd|1
|move|p2a: Sinistcha|Matcha Gotcha|p1a: Manaphy
|-supereffective|p1a: Manaphy
|-damage|p1a: Manaphy|54/100
|
|-heal|p1a: Manaphy|60/100|[from] item: Leftovers
|upkeep
|turn|11
|
|t:|1743890886
|move|p1a: Manaphy|Take Heart|p1a: Manaphy
|-boost|p1a: Manaphy|spa|1
|-boost|p1a: Manaphy|spd|1
|move|p2a: Sinistcha|Matcha Gotcha|p1a: Manaphy
|-supereffective|p1a: Manaphy
|-damage|p1a: Manaphy|28/100
|
|-heal|p1a: Manaphy|34/100|[from] item: Leftovers
|upkeep
|turn|12
|
|t:|1743890890
|move|p1a: Manaphy|Stored Power|p2a: Sinistcha
|-damage|p2a: Sinistcha|0 fnt
|faint|p2a: Sinistcha
|
|-heal|p1a: Manaphy|41/100|[from] item: Leftovers
|upkeep
|
|t:|1743890893
|switch|p2a: Samurott|Samurott-Hisui, F|36/100
|turn|13
|
|t:|1743890906
|move|p2a: Samurott|Sucker Punch|p1a: Manaphy
|-crit|p1a: Manaphy
|-damage|p1a: Manaphy|0 fnt
|faint|p1a: Manaphy
|
|upkeep
|
|t:|1743890912
|switch|p1a: Grimmsnarl|Grimmsnarl, M|87/100
|-damage|p1a: Grimmsnarl|75/100|[from] Spikes
|turn|14
|
|t:|1743890914
|move|p1a: Grimmsnarl|Reflect|p1a: Grimmsnarl
|-sidestart|p1: Osberlin|Reflect
|move|p2a: Samurott|Ceaseless Edge|p1a: Grimmsnarl
|-resisted|p1a: Grimmsnarl
|-damage|p1a: Grimmsnarl|68/100
|-sidestart|p1: Osberlin|Spikes
|
|upkeep
|turn|15
|
|t:|1743890921
|move|p2a: Samurott|Ceaseless Edge|p1a: Grimmsnarl
|-resisted|p1a: Grimmsnarl
|-damage|p1a: Grimmsnarl|61/100
|-sidestart|p1: Osberlin|Spikes
|move|p1a: Grimmsnarl|Spirit Break|p2a: Samurott
|-supereffective|p2a: Samurott
|-damage|p2a: Samurott|0 fnt
|faint|p2a: Samurott
|
|upkeep
|
|t:|1743890927
|switch|p2a: Kleavor|Kleavor, M|100/100
|turn|16
|
|t:|1743890931
|move|p1a: Grimmsnarl|Thunder Wave|p2a: Kleavor
|-status|p2a: Kleavor|par
|move|p2a: Kleavor|Stone Axe|p1a: Grimmsnarl
|-damage|p1a: Grimmsnarl|23/100
|-sidestart|p1: Osberlin|move: Stealth Rock
|
|upkeep
|turn|17
|
|t:|1743890940
|switch|p2a: Conkeldurr|Conkeldurr, F|100/100
|move|p1a: Grimmsnarl|Light Screen|p1a: Grimmsnarl
|-sidestart|p1: Osberlin|move: Light Screen
|
|upkeep
|turn|18
|
|t:|1743890945
|move|p1a: Grimmsnarl|Thunder Wave|p2a: Conkeldurr
|-status|p2a: Conkeldurr|par
|cant|p2a: Conkeldurr|par
|
|-sideend|p1: Osberlin|Reflect
|upkeep
|turn|19
|
|t:|1743890950
|move|p1a: Grimmsnarl|Spirit Break|p2a: Conkeldurr
|-supereffective|p2a: Conkeldurr
|-damage|p2a: Conkeldurr|56/100 par
|-unboost|p2a: Conkeldurr|spa|1
|move|p2a: Conkeldurr|Drain Punch|p1a: Grimmsnarl
|-damage|p1a: Grimmsnarl|0 fnt
|-heal|p2a: Conkeldurr|69/100 par|[from] drain|[of] p1a: Grimmsnarl
|faint|p1a: Grimmsnarl
|
|upkeep
|
|t:|1743890966
|switch|p1a: Ampharos|Ampharos, M|100/100
|-damage|p1a: Ampharos|76/100|[from] Spikes
|-damage|p1a: Ampharos|63/100|[from] Stealth Rock
|turn|20
|
|t:|1743890971
|-terastallize|p1a: Ampharos|Fairy
|move|p1a: Ampharos|Agility|p1a: Ampharos
|-boost|p1a: Ampharos|spe|2
|cant|p2a: Conkeldurr|par
|
|upkeep
|turn|21
|
|t:|1743890979
|move|p1a: Ampharos|Dazzling Gleam|p2a: Conkeldurr
|-supereffective|p2a: Conkeldurr
|-damage|p2a: Conkeldurr|0 fnt
|faint|p2a: Conkeldurr
|
|-sideend|p1: Osberlin|move: Light Screen
|upkeep
|
|t:|1743890983
|switch|p2a: Heatran|Heatran, F|94/100 par
|turn|22
|
|t:|1743890987
|move|p1a: Ampharos|Meteor Beam||[still]
|-prepare|p1a: Ampharos|Meteor Beam
|-boost|p1a: Ampharos|spa|1
|-enditem|p1a: Ampharos|Power Herb
|-anim|p1a: Ampharos|Meteor Beam|p2a: Heatran
|-crit|p2a: Heatran
|-damage|p2a: Heatran|45/100 par
|move|p2a: Heatran|Magma Storm|p1a: Ampharos
|-damage|p1a: Ampharos|0 fnt
|faint|p1a: Ampharos
|
|upkeep
|
|t:|1743890997
|switch|p1a: Great Tusk|Great Tusk|100/100
|-damage|p1a: Great Tusk|76/100|[from] Spikes
|-damage|p1a: Great Tusk|73/100|[from] Stealth Rock
|-enditem|p1a: Great Tusk|Booster Energy
|-activate|p1a: Great Tusk|ability: Protosynthesis|[fromitem]
|-start|p1a: Great Tusk|protosynthesisspe
|turn|23
|inactive|VANYR has 120 seconds left.
|
|t:|1743891030
|move|p1a: Great Tusk|Bulk Up|p1a: Great Tusk
|-boost|p1a: Great Tusk|atk|1
|-boost|p1a: Great Tusk|def|1
|move|p2a: Heatran|Magma Storm|p1a: Great Tusk
|-damage|p1a: Great Tusk|0 fnt
|faint|p1a: Great Tusk
|-end|p1a: Great Tusk|Protosynthesis|[silent]
|
|upkeep
|
|t:|1743891040
|switch|p1a: Dragonite|Dragonite, F|100/100
|-damage|p1a: Dragonite|76/100|[from] Stealth Rock
|turn|24
|
|t:|1743891054
|move|p1a: Dragonite|Encore|p2a: Heatran
|-start|p2a: Heatran|Encore
|cant|p2a: Heatran|par
|
|upkeep
|turn|25
|
|t:|1743891058
|move|p1a: Dragonite|Dragon Dance|p1a: Dragonite
|-boost|p1a: Dragonite|atk|1
|-boost|p1a: Dragonite|spe|1
|move|p2a: Heatran|Magma Storm|p1a: Dragonite|[miss]
|-miss|p2a: Heatran|p1a: Dragonite
|
|upkeep
|turn|26
|
|t:|1743891063
|move|p1a: Dragonite|Dragon Dance|p1a: Dragonite
|-boost|p1a: Dragonite|atk|1
|-boost|p1a: Dragonite|spe|1
|move|p2a: Heatran|Magma Storm|p1a: Dragonite
|-resisted|p1a: Dragonite
|-damage|p1a: Dragonite|48/100
|-activate|p1a: Dragonite|move: Magma Storm|[of] p2a: Heatran
|
|-damage|p1a: Dragonite|35/100|[from] move: Magma Storm|[partiallytrapped]
|-end|p2a: Heatran|Encore
|upkeep
|turn|27
|
|t:|1743891067
|move|p1a: Dragonite|Scale Shot|p2a: Heatran|[miss]
|-miss|p1a: Dragonite|p2a: Heatran
|move|p2a: Heatran|Power Gem|p1a: Dragonite
|-supereffective|p1a: Dragonite
|-damage|p1a: Dragonite|0 fnt
|faint|p1a: Dragonite
|
|upkeep
|
|t:|1743891072
|switch|p1a: Tinkaton|Tinkaton, F|100/100
|-damage|p1a: Tinkaton|76/100|[from] Spikes
|-damage|p1a: Tinkaton|70/100|[from] Stealth Rock
|-ability|p1a: Tinkaton|Mold Breaker
|turn|28
|
|t:|1743891078
|move|p1a: Tinkaton|Swords Dance|p1a: Tinkaton
|-boost|p1a: Tinkaton|atk|2
|move|p2a: Heatran|Magma Storm|p1a: Tinkaton
|-supereffective|p1a: Tinkaton
|-enditem|p1a: Tinkaton|Occa Berry|[eat]
|-enditem|p1a: Tinkaton|Occa Berry|[weaken]
|-damage|p1a: Tinkaton|8/100
|-activate|p1a: Tinkaton|move: Magma Storm|[of] p2a: Heatran
|
|-damage|p1a: Tinkaton|0 fnt|[from] move: Magma Storm|[partiallytrapped]
|faint|p1a: Tinkaton
|
|win|VANYR
|raw|Osberlin's rating: 1547 &rarr; <strong>1527</strong><br />(-20 for losing)
|raw|VANYR's rating: 1545 &rarr; <strong>1565</strong><br />(+20 for winning)
|l|☆Osberlin
|player|p1|
|l|☆VANYR
|player|p2|
