|j|☆ScryBound
|j|☆datshadywolf
|t:|1743830256
|gametype|singles
|player|p1|ScryBound|cynthia-gen4|1165
|player|p2|datshadywolf|2|1103
|teamsize|p1|6
|teamsize|p2|6
|gen|9
|tier|[Gen 9] OU
|rated|
|rule|HP Percentage Mod: HP is shown in percentages
|rule|Endless Battle Clause: Forcing endless battles is banned
|rule|Species Clause: Limit one of each Pokémon
|rule|OHKO Clause: OHKO moves are banned
|rule|Evasion Items Clause: Evasion items are banned
|rule|Evasion Moves Clause: Evasion moves are banned
|rule|Sleep Moves Clause: Sleep-inducing moves are banned
|clearpoke
|poke|p1|Landorus-Therian, M|
|poke|p1|Weavile, F|
|poke|p1|Skarmory, F|
|poke|p1|Vileplume, M|
|poke|p1|Slowking-Galar, M|
|poke|p1|Volcanion|
|poke|p2|Tyranitar, F|
|poke|p2|Excadrill, F|
|poke|p2|Glimmora, F|
|poke|p2|Gastrodon, M|
|poke|p2|Garganacl, F|
|poke|p2|Hippowdon, F|
|teampreview
|
|t:|1743830278
|start
|switch|p1a: Landorus|Landorus-Therian, M|100/100
|switch|p2a: Rekt it Tar|Tyranitar, F, shiny|100/100
|-ability|p1a: Landorus|Intimidate|boost
|-unboost|p2a: Rekt it Tar|atk|1
|-weather|Sandstorm|[from] ability: Sand Stream|[of] p2a: Rekt it Tar
|turn|1
|
|t:|1743830292
|-terastallize|p2a: Rekt it Tar|Stellar
|move|p1a: Landorus|Stealth Rock|p2a: Rekt it Tar
|-sidestart|p2: datshadywolf|move: Stealth Rock
|move|p2a: Rekt it Tar|Dragon Dance|p2a: Rekt it Tar
|-boost|p2a: Rekt it Tar|atk|1
|-boost|p2a: Rekt it Tar|spe|1
|
|-weather|Sandstorm|[upkeep]
|upkeep
|turn|2
|
|t:|1743830301
|move|p1a: Landorus|Earthquake|p2a: Rekt it Tar
|-supereffective|p2a: Rekt it Tar
|-damage|p2a: Rekt it Tar|35/100
|move|p2a: Rekt it Tar|Ice Punch|p1a: Landorus
|-supereffective|p1a: Landorus
|-damage|p1a: Landorus|0 fnt
|faint|p1a: Landorus
|
|-weather|Sandstorm|[upkeep]
|-heal|p2a: Rekt it Tar|41/100|[from] item: Leftovers
|upkeep
|
|t:|1743830311
|switch|p1a: Volcanion|Volcanion|100/100
|turn|3
|
|t:|1743830319
|move|p1a: Volcanion|Steam Eruption|p2a: Rekt it Tar
|-supereffective|p2a: Rekt it Tar
|-damage|p2a: Rekt it Tar|0 fnt
|faint|p2a: Rekt it Tar
|
|-weather|Sandstorm|[upkeep]
|-damage|p1a: Volcanion|95/100|[from] Sandstorm
|upkeep
|
|t:|1743830331
|switch|p2a: Weirdo|Glimmora, F|100/100
|-damage|p2a: Weirdo|88/100|[from] Stealth Rock
|turn|4
|
|t:|1743830342
|-terastallize|p1a: Volcanion|Ghost
|move|p2a: Weirdo|Stealth Rock|p1a: Volcanion
|-sidestart|p1: ScryBound|move: Stealth Rock
|move|p1a: Volcanion|Steam Eruption|p2a: Weirdo
|-supereffective|p2a: Weirdo
|-damage|p2a: Weirdo|0 fnt
|faint|p2a: Weirdo
|
|-weather|Sandstorm|[upkeep]
|-damage|p1a: Volcanion|89/100|[from] Sandstorm
|upkeep
|
|t:|1743830353
|switch|p2a: Broom|Excadrill, F|100/100
|-damage|p2a: Broom|97/100|[from] Stealth Rock
|turn|5
|
|t:|1743830359
|move|p2a: Broom|Shadow Claw|p1a: Volcanion
|-supereffective|p1a: Volcanion
|-damage|p1a: Volcanion|5/100
|move|p1a: Volcanion|Steam Eruption|p2a: Broom
|-supereffective|p2a: Broom
|-crit|p2a: Broom
|-damage|p2a: Broom|0 fnt
|faint|p2a: Broom
|
|-weather|none
|upkeep
|
|t:|1743830369
|switch|p2a: Lump|Hippowdon, F, shiny|100/100
|-damage|p2a: Lump|94/100|[from] Stealth Rock
|-weather|Sandstorm|[from] ability: Sand Stream|[of] p2a: Lump
|turn|6
|
|t:|1743830376
|switch|p2a: Yeah it's him|Gastrodon, M, shiny|100/100
|-damage|p2a: Yeah it's him|94/100|[from] Stealth Rock
|move|p1a: Volcanion|Steam Eruption|p2a: Yeah it's him
|-ability|p2a: Yeah it's him|Storm Drain|boost
|-boost|p2a: Yeah it's him|spa|1
|
|-weather|Sandstorm|[upkeep]
|-damage|p1a: Volcanion|0 fnt|[from] Sandstorm
|faint|p1a: Volcanion
|-heal|p2a: Yeah it's him|100/100|[from] item: Leftovers
|upkeep
|
|t:|1743830385
|switch|p1a: Vileplume|Vileplume, M|100/100
|turn|7
|
|t:|1743830397
|move|p1a: Vileplume|Energy Ball|p2a: Yeah it's him
|-supereffective|p2a: Yeah it's him
|-damage|p2a: Yeah it's him|7/100
|move|p2a: Yeah it's him|Earth Power|p1a: Vileplume
|-damage|p1a: Vileplume|55/100
|
|-weather|Sandstorm|[upkeep]
|-damage|p1a: Vileplume|49/100|[from] Sandstorm
|-heal|p2a: Yeah it's him|13/100|[from] item: Leftovers
|upkeep
|turn|8
|
|t:|1743830409
|move|p1a: Vileplume|Energy Ball|p2a: Yeah it's him
|-supereffective|p2a: Yeah it's him
|-damage|p2a: Yeah it's him|0 fnt
|faint|p2a: Yeah it's him
|
|-weather|Sandstorm|[upkeep]
|-damage|p1a: Vileplume|42/100|[from] Sandstorm
|upkeep
|
|t:|1743830418
|switch|p2a: Salty Bish|Garganacl, F|100/100
|-damage|p2a: Salty Bish|88/100|[from] Stealth Rock
|turn|9
|
|t:|1743830426
|move|p1a: Vileplume|Strength Sap|p2a: Salty Bish
|-unboost|p2a: Salty Bish|atk|1
|-heal|p1a: Vileplume|100/100
|move|p2a: Salty Bish|Salt Cure|p1a: Vileplume
|-damage|p1a: Vileplume|93/100
|-start|p1a: Vileplume|Salt Cure
|
|-weather|Sandstorm|[upkeep]
|-damage|p1a: Vileplume|87/100|[from] Sandstorm
|-heal|p2a: Salty Bish|94/100|[from] item: Leftovers
|-damage|p1a: Vileplume|74/100|[from] Salt Cure
|upkeep
|turn|10
|
|t:|1743830448
|switch|p1a: Slowking|Slowking-Galar, M|100/100
|move|p2a: Salty Bish|Iron Defense|p2a: Salty Bish
|-boost|p2a: Salty Bish|def|2
|
|-weather|none
|-heal|p2a: Salty Bish|100/100|[from] item: Leftovers
|upkeep
|turn|11
|
|t:|1743830458
|move|p2a: Salty Bish|Salt Cure|p1a: Slowking
|-damage|p1a: Slowking|91/100
|-start|p1a: Slowking|Salt Cure
|move|p1a: Slowking|Future Sight|p2a: Salty Bish
|-start|p1a: Slowking|move: Future Sight
|
|-damage|p1a: Slowking|78/100|[from] Salt Cure
|upkeep
|turn|12
|
|t:|1743830468
|move|p2a: Salty Bish|Body Press|p1a: Slowking
|-resisted|p1a: Slowking
|-damage|p1a: Slowking|62/100
|-prepare|p1a: Slowking|Chilly Reception|[premajor]
|move|p1a: Slowking|Chilly Reception|p1a: Slowking
|-weather|Snowscape
|
|t:|1743830471
|switch|p1a: Weavile|Weavile, F|100/100|[from] Chilly Reception
|-damage|p1a: Weavile|76/100|[from] Stealth Rock
|-ability|p1a: Weavile|Pressure
|
|-weather|Snowscape|[upkeep]
|upkeep
|turn|13
|
|t:|1743830485
|move|p1a: Weavile|Triple Axel|p2a: Salty Bish
|-damage|p2a: Salty Bish|97/100
|-damage|p2a: Salty Bish|89/100
|-damage|p2a: Salty Bish|77/100
|-hitcount|p2a: Salty Bish|3
|move|p2a: Salty Bish|Body Press|p1a: Weavile
|-supereffective|p1a: Weavile
|-crit|p1a: Weavile
|-damage|p1a: Weavile|0 fnt
|faint|p1a: Weavile
|
|-weather|Snowscape|[upkeep]
|-end|p2a: Salty Bish|move: Future Sight
|-damage|p2a: Salty Bish|33/100
|-heal|p2a: Salty Bish|39/100|[from] item: Leftovers
|upkeep
|
|t:|1743830489
|switch|p1a: Vileplume|Vileplume, M|74/100
|turn|14
|
|t:|1743830504
|move|p1a: Vileplume|Energy Ball|p2a: Salty Bish
|-supereffective|p2a: Salty Bish
|-damage|p2a: Salty Bish|0 fnt
|faint|p2a: Salty Bish
|
|-weather|Snowscape|[upkeep]
|upkeep
|
|t:|1743830510
|switch|p2a: Lump|Hippowdon, F, shiny|94/100
|-damage|p2a: Lump|88/100|[from] Stealth Rock
|-weather|Sandstorm|[from] ability: Sand Stream|[of] p2a: Lump
|turn|15
|
|t:|1743830518
|move|p1a: Vileplume|Energy Ball|p2a: Lump
|-supereffective|p2a: Lump
|-damage|p2a: Lump|17/100
|move|p2a: Lump|Fire Fang|p1a: Vileplume
|-supereffective|p1a: Vileplume
|-damage|p1a: Vileplume|50/100
|
|-weather|Sandstorm|[upkeep]
|-damage|p1a: Vileplume|44/100|[from] Sandstorm
|-heal|p2a: Lump|23/100|[from] item: Leftovers
|upkeep
|turn|16
|
|t:|1743830529
|move|p1a: Vileplume|Energy Ball|p2a: Lump
|-supereffective|p2a: Lump
|-damage|p2a: Lump|0 fnt
|faint|p2a: Lump
|
|win|ScryBound
|raw|ScryBound's rating: 1165 &rarr; <strong>1186</strong><br />(+21 for winning)
|raw|datshadywolf's rating: 1103 &rarr; <strong>1082</strong><br />(-21 for losing)
|c|☆ScryBound|gg
|l|☆datshadywolf
|player|p2|
|l|☆ScryBound
|player|p1|
