|j|☆Alchemist96
|j|☆akzzsk40
|t:|1743885828
|gametype|singles
|player|p1|Alchemist96|101|1072
|player|p2|akzzsk40|lucas-gen4pt|1061
|teamsize|p1|6
|teamsize|p2|6
|gen|9
|tier|[Gen 9] OU
|rated|
|rule|HP Percentage Mod: HP is shown in percentages
|rule|Endless Battle Clause: Forcing endless battles is banned
|rule|Species Clause: Limit one of each Pokémon
|rule|OHKO Clause: OHKO moves are banned
|rule|Evasion Items Clause: Evasion items are banned
|rule|Evasion Moves Clause: Evasion moves are banned
|rule|Sleep Moves Clause: Sleep-inducing moves are banned
|clearpoke
|poke|p1|Araquanid, F|
|poke|p1|Gliscor, F|
|poke|p1|Slowking-Galar, F|
|poke|p1|Umbreon, M|
|poke|p1|Serperior, F|
|poke|p1|Armarouge, F|
|poke|p2|Luxray, M|
|poke|p2|Leafeon, F|
|poke|p2|Ninetales, F|
|poke|p2|Kingambit, F|
|poke|p2|Infernape, F|
|poke|p2|Garchomp, F|
|teampreview
|
|t:|1743885841
|start
|switch|p1a: Slowking|Slowking-Galar, F|100/100
|switch|p2a: Kingambit|Kingambit, F|100/100
|turn|1
|
|t:|1743885849
|move|p2a: Kingambit|Swords Dance|p2a: Kingambit
|-boost|p2a: Kingambit|atk|2
|move|p1a: Slowking|Calm Mind|p1a: Slowking
|-boost|p1a: Slowking|spa|1
|-boost|p1a: Slowking|spd|1
|
|upkeep
|turn|2
|
|t:|1743885856
|move|p2a: Kingambit|Swords Dance|p2a: Kingambit
|-boost|p2a: Kingambit|atk|2
|move|p1a: Slowking|Calm Mind|p1a: Slowking
|-boost|p1a: Slowking|spa|1
|-boost|p1a: Slowking|spd|1
|
|upkeep
|turn|3
|
|t:|1743885863
|move|p2a: Kingambit|Swords Dance|p2a: Kingambit
|-boost|p2a: Kingambit|atk|2
|move|p1a: Slowking|Calm Mind|p1a: Slowking
|-boost|p1a: Slowking|spa|1
|-boost|p1a: Slowking|spd|1
|
|upkeep
|turn|4
|
|t:|1743885869
|move|p2a: Kingambit|Swords Dance|p2a: Kingambit
|-boost|p2a: Kingambit|atk|0
|move|p1a: Slowking|Shadow Ball|p2a: Kingambit
|-resisted|p2a: Kingambit
|-damage|p2a: Kingambit|66/100
|-unboost|p2a: Kingambit|spd|1
|-boost|p2a: Kingambit|atk|0
|
|upkeep
|turn|5
|
|t:|1743885878
|move|p2a: Kingambit|Sucker Punch|p1a: Slowking
|-supereffective|p1a: Slowking
|-damage|p1a: Slowking|0 fnt
|faint|p1a: Slowking
|
|upkeep
|
|t:|1743885883
|switch|p1a: Umbreon|Umbreon, M|100/100
|turn|6
|
|t:|1743885893
|move|p1a: Umbreon|Toxic|p2a: Kingambit
|-immune|p2a: Kingambit
|move|p2a: Kingambit|Iron Head|p1a: Umbreon
|-damage|p1a: Umbreon|0 fnt
|faint|p1a: Umbreon
|
|upkeep
|
|t:|1743885900
|switch|p1a: Armarouge|Armarouge, F|100/100
|turn|7
|
|t:|1743885905
|move|p2a: Kingambit|Sucker Punch|p1a: Armarouge
|-supereffective|p1a: Armarouge
|-damage|p1a: Armarouge|0 fnt
|faint|p1a: Armarouge
|
|upkeep
|
|t:|1743885909
|switch|p1a: Araquanid|Araquanid, F|100/100
|turn|8
|
|t:|1743885915
|move|p2a: Kingambit|Sucker Punch|p1a: Araquanid
|-damage|p1a: Araquanid|0 fnt
|faint|p1a: Araquanid
|
|upkeep
|
|t:|1743885919
|switch|p1a: Gliscor|Gliscor, F|100/100
|turn|9
|
|t:|1743885925
|-terastallize|p1a: Gliscor|Fighting
|-terastallize|p2a: Kingambit|Dark
|move|p1a: Gliscor|Earthquake|p2a: Kingambit
|-damage|p2a: Kingambit|38/100
|move|p2a: Kingambit|Iron Head|p1a: Gliscor
|-damage|p1a: Gliscor|0 fnt
|faint|p1a: Gliscor
|
|upkeep
|
|t:|1743885934
|switch|p1a: Serperior|Serperior, F|100/100
|turn|10
|
|t:|1743885938
|move|p2a: Kingambit|Sucker Punch|p1a: Serperior
|-damage|p1a: Serperior|0 fnt
|faint|p1a: Serperior
|
|win|akzzsk40
|raw|Alchemist96's rating: 1072 &rarr; <strong>1051</strong><br />(-21 for losing)
|raw|akzzsk40's rating: 1061 &rarr; <strong>1093</strong><br />(+32 for winning)
|l|☆Alchemist96
|player|p1|
