|j|☆Nonoth
|j|☆918kw
|t:|1743825982
|gametype|singles
|player|p1|Nonoth|101|1318
|player|p2|918kw|lucas|1258
|teamsize|p1|6
|teamsize|p2|6
|gen|9
|tier|[Gen 9] OU
|rated|
|rule|HP Percentage Mod: HP is shown in percentages
|rule|Endless Battle Clause: Forcing endless battles is banned
|rule|Species Clause: Limit one of each Pokémon
|rule|OHKO Clause: OHKO moves are banned
|rule|Evasion Items Clause: Evasion items are banned
|rule|Evasion Moves Clause: Evasion moves are banned
|rule|Sleep Moves Clause: Sleep-inducing moves are banned
|clearpoke
|poke|p1|Araquanid, M|
|poke|p1|Gholdengo|
|poke|p1|Ceruledge, F|
|poke|p1|Raging Bolt|
|poke|p1|Kyurem|
|poke|p1|Ursaluna, M|
|poke|p2|Lokix, M|
|poke|p2|Slowbro-Galar, M|
|poke|p2|Gyarados, F|
|poke|p2|Coalossal, F|
|poke|p2|Crawdaunt, M|
|poke|p2|Iron Treads|
|teampreview
|inactive|Battle timer is ON: inactive players will automatically lose when time's up. (requested by Nonoth)
|
|t:|1743825989
|start
|switch|p1a: Dewdrop|Araquanid, M|100/100
|switch|p2a: Iron Treads|Iron Treads|100/100
|-enditem|p2a: Iron Treads|Booster Energy
|-activate|p2a: Iron Treads|ability: Quark Drive|[fromitem]
|-start|p2a: Iron Treads|quarkdrivespe
|turn|1
|
|t:|1743825995
|move|p2a: Iron Treads|Stealth Rock|p1a: Dewdrop
|-sidestart|p1: Nonoth|move: Stealth Rock
|move|p1a: Dewdrop|Surf|p2a: Iron Treads
|-supereffective|p2a: Iron Treads
|-damage|p2a: Iron Treads|0 fnt
|faint|p2a: Iron Treads
|-end|p2a: Iron Treads|Quark Drive|[silent]
|
|upkeep
|
|t:|1743826001
|switch|p2a: Crawdaunt|Crawdaunt, M|100/100
|turn|2
|
|t:|1743826004
|move|p2a: Crawdaunt|Dragon Dance|p2a: Crawdaunt
|-boost|p2a: Crawdaunt|atk|1
|-boost|p2a: Crawdaunt|spe|1
|move|p1a: Dewdrop|Sticky Web|p2a: Crawdaunt
|-sidestart|p2: 918kw|move: Sticky Web
|
|upkeep
|turn|3
|
|t:|1743826009
|move|p2a: Crawdaunt|Crunch|p1a: Dewdrop
|-damage|p1a: Dewdrop|15/100
|move|p1a: Dewdrop|Surf|p2a: Crawdaunt
|-resisted|p2a: Crawdaunt
|-damage|p2a: Crawdaunt|45/100
|
|upkeep
|turn|4
|-enditem|p1a: Dewdrop|Custap Berry|[eat]
|-activate|p1a: Dewdrop|item: Custap Berry|[consumed]
|
|t:|1743826014
|move|p1a: Dewdrop|Surf|p2a: Crawdaunt
|-resisted|p2a: Crawdaunt
|-damage|p2a: Crawdaunt|0 fnt
|faint|p2a: Crawdaunt
|
|upkeep
|
|t:|1743826018
|switch|p2a: Lokix|Lokix, M|100/100
|turn|5
|
|t:|1743826021
|move|p2a: Lokix|First Impression|p1a: Dewdrop
|-damage|p1a: Dewdrop|0 fnt
|faint|p1a: Dewdrop
|
|upkeep
|
|t:|1743826047
|switch|p1a: Ursaluna|Ursaluna, M|100/100
|-damage|p1a: Ursaluna|94/100|[from] Stealth Rock
|turn|6
|
|t:|1743826051
|move|p2a: Lokix|Taunt|p1a: Ursaluna
|-start|p1a: Ursaluna|move: Taunt
|move|p1a: Ursaluna|Facade|p2a: Lokix
|-damage|p2a: Lokix|39/100
|
|-status|p1a: Ursaluna|brn|[from] item: Flame Orb
|upkeep
|turn|7
|
|t:|1743826061
|move|p2a: Lokix|U-turn|p1a: Ursaluna
|-damage|p1a: Ursaluna|68/100 brn
|
|t:|1743826065
|switch|p2a: Slowbro|Slowbro-Galar, M|100/100|[from] U-turn
|-activate|p2a: Slowbro|move: Sticky Web
|-unboost|p2a: Slowbro|spe|1
|move|p1a: Ursaluna|Facade|p2a: Slowbro
|-damage|p2a: Slowbro|9/100
|
|-damage|p1a: Ursaluna|62/100 brn|[from] brn
|upkeep
|turn|8
|-activate|p2a: Slowbro|item: Quick Claw
|
|t:|1743826075
|move|p2a: Slowbro|Focus Blast|p1a: Ursaluna|[miss]
|-miss|p2a: Slowbro|p1a: Ursaluna
|move|p1a: Ursaluna|Facade|p2a: Slowbro
|-damage|p2a: Slowbro|0 fnt
|faint|p2a: Slowbro
|
|-damage|p1a: Ursaluna|55/100 brn|[from] brn
|-end|p1a: Ursaluna|move: Taunt
|upkeep
|
|t:|1743826078
|switch|p2a: Lokix|Lokix, M|39/100
|turn|9
|
|t:|1743826086
|move|p2a: Lokix|First Impression|p1a: Ursaluna
|-damage|p1a: Ursaluna|21/100 brn
|move|p1a: Ursaluna|Facade|p2a: Lokix
|-damage|p2a: Lokix|0 fnt
|faint|p2a: Lokix
|
|-damage|p1a: Ursaluna|14/100 brn|[from] brn
|upkeep
|
|t:|1743826093
|switch|p2a: Gyarados|Gyarados, F|100/100
|turn|10
|
|t:|1743826096
|move|p2a: Gyarados|Waterfall|p1a: Ursaluna
|-supereffective|p1a: Ursaluna
|-damage|p1a: Ursaluna|0 fnt
|faint|p1a: Ursaluna
|-ability|p2a: Gyarados|Moxie|boost
|-boost|p2a: Gyarados|atk|1
|
|upkeep
|
|t:|1743826104
|switch|p1a: Zeus|Raging Bolt|100/100
|-damage|p1a: Zeus|88/100|[from] Stealth Rock
|-enditem|p1a: Zeus|Booster Energy
|-activate|p1a: Zeus|ability: Protosynthesis|[fromitem]
|-start|p1a: Zeus|protosynthesisspa
|turn|11
|
|t:|1743826112
|-terastallize|p2a: Gyarados|Ground
|-terastallize|p1a: Zeus|Fairy
|move|p2a: Gyarados|Dragon Dance|p2a: Gyarados
|-boost|p2a: Gyarados|atk|1
|-boost|p2a: Gyarados|spe|1
|move|p1a: Zeus|Calm Mind|p1a: Zeus
|-boost|p1a: Zeus|spa|1
|-boost|p1a: Zeus|spd|1
|
|upkeep
|turn|12
|
|t:|1743826120
|move|p2a: Gyarados|Earthquake|p1a: Zeus
|-damage|p1a: Zeus|0 fnt
|faint|p1a: Zeus
|-end|p1a: Zeus|Protosynthesis|[silent]
|-ability|p2a: Gyarados|Moxie|boost
|-boost|p2a: Gyarados|atk|1
|
|upkeep
|-message|Nonoth forfeited.
|
|win|918kw
|raw|Nonoth's rating: 1318 &rarr; <strong>1295</strong><br />(-23 for losing)
|raw|918kw's rating: 1258 &rarr; <strong>1287</strong><br />(+29 for winning)
|l|☆Nonoth
|player|p1|
|l|☆918kw
|player|p2|
