|badge|p2|bronze|gen9ou|100-5
|uhtml|medal-msg|<div class="broadcast-blue">Curious what those medals under the avatar are? PS now has Ladder Seasons! For more information, check out the <a href="https://www.smogon.com/forums/threads/3740067/">thread on Smogon.</a></div>
|j|☆chip witley
|j|☆Sanesa8724
|t:|1743871164
|gametype|singles
|player|p1|chip witley|lance|1717
|player|p2|Sanesa8724|buck|1854
|teamsize|p1|6
|teamsize|p2|6
|gen|9
|tier|[Gen 9] OU
|rated|
|rule|HP Percentage Mod: HP is shown in percentages
|rule|Endless Battle Clause: Forcing endless battles is banned
|rule|Species Clause: Limit one of each Pokémon
|rule|OHKO Clause: OHKO moves are banned
|rule|Evasion Items Clause: Evasion items are banned
|rule|Evasion Moves Clause: Evasion moves are banned
|rule|Sleep Moves Clause: Sleep-inducing moves are banned
|clearpoke
|poke|p1|Veluza, M|
|poke|p1|Grimmsnarl, M|
|poke|p1|Kommo-o, F|
|poke|p1|Toxtricity, F|
|poke|p1|Maushold|
|poke|p1|Scizor, F|
|poke|p2|Orthworm, F|
|poke|p2|Clodsire, F|
|poke|p2|Pecharunt|
|poke|p2|Great Tusk|
|poke|p2|Slowking, F|
|poke|p2|Weavile, F|
|teampreview
|c|☆Sanesa8724|cool team
|c|☆Sanesa8724|glhf
|j| 54 insane rats
|c|☆chip witley|u2
|
|t:|1743871208
|start
|switch|p1a: Grimmsnarl|Grimmsnarl, M|100/100
|switch|p2a: Pecha rating|Pecharunt|100/100
|turn|1
|
|t:|1743871213
|move|p1a: Grimmsnarl|Light Screen|p1a: Grimmsnarl
|-sidestart|p1: chip witley|move: Light Screen
|move|p2a: Pecha rating|Malignant Chain|p1a: Grimmsnarl
|-supereffective|p1a: Grimmsnarl
|-damage|p1a: Grimmsnarl|76/100
|
|upkeep
|turn|2
|
|t:|1743871218
|move|p1a: Grimmsnarl|Reflect|p1a: Grimmsnarl
|-sidestart|p1: chip witley|Reflect
|move|p2a: Pecha rating|Malignant Chain|p1a: Grimmsnarl
|-supereffective|p1a: Grimmsnarl
|-damage|p1a: Grimmsnarl|52/100
|-status|p1a: Grimmsnarl|tox
|-start|p1a: Grimmsnarl|confusion|[from] ability: Poison Puppeteer|[of] p2a: Pecha rating
|
|-damage|p1a: Grimmsnarl|45/100 tox|[from] psn
|upkeep
|turn|3
|
|t:|1743871220
|switch|p1a: Scizor|Scizor, F|100/100
|move|p2a: Pecha rating|Parting Shot|p1a: Scizor
|-unboost|p1a: Scizor|atk|1
|-unboost|p1a: Scizor|spa|1
|j| Partynparadise
|
|t:|1743871282
|switch|p2a: Fantastic Tusk|Great Tusk, shiny|100/100|[from] Parting Shot
|
|upkeep
|turn|4
|inactive|Battle timer is ON: inactive players will automatically lose when time's up. (requested by Sanesa8724)
|
|t:|1743871295
|switch|p1a: Veluza|Veluza, M|100/100
|move|p2a: Fantastic Tusk|Knock Off|p1a: Veluza
|-supereffective|p1a: Veluza
|-damage|p1a: Veluza|56/100
|-enditem|p1a: Veluza|Scope Lens|[from] move: Knock Off|[of] p2a: Fantastic Tusk
|
|upkeep
|turn|5
|inactive|Sanesa8724 has 120 seconds left.
|
|t:|1743871334
|move|p2a: Fantastic Tusk|Headlong Rush|p1a: Veluza
|-damage|p1a: Veluza|14/100
|-unboost|p2a: Fantastic Tusk|def|1
|-unboost|p2a: Fantastic Tusk|spd|1
|move|p1a: Veluza|Recover|p1a: Veluza
|-heal|p1a: Veluza|64/100
|
|upkeep
|turn|6
|inactive|Sanesa8724 has 120 seconds left.
|c|☆Sanesa8724|why does it get that move bruh
|inactive|Sanesa8724 has 90 seconds left.
|
|t:|1743871397
|-end|p2a: Fantastic Tusk|Protosynthesis|[silent]
|switch|p2a: Pecha rating|Pecharunt|100/100
|move|p1a: Veluza|Recover|p1a: Veluza
|-heal|p1a: Veluza|100/100
|
|upkeep
|turn|7
|l| Partynparadise
|
|t:|1743871405
|switch|p1a: Toxtricity|Toxtricity, F|100/100
|move|p2a: Pecha rating|Malignant Chain|p1a: Toxtricity
|-resisted|p1a: Toxtricity
|-damage|p1a: Toxtricity|87/100
|
|upkeep
|turn|8
|
|t:|1743871409
|switch|p2a: Metaking|Clodsire, F, shiny|100/100
|move|p1a: Toxtricity|Boomburst|p2a: Metaking
|-damage|p2a: Metaking|55/100
|-damage|p1a: Toxtricity|77/100|[from] item: Life Orb
|
|-heal|p2a: Metaking|61/100|[from] item: Leftovers
|-sideend|p1: chip witley|move: Light Screen
|upkeep
|turn|9
|
|t:|1743871428
|switch|p1a: Grimmsnarl|Grimmsnarl, M|45/100 tox
|switch|p2a: Pecha rating|Pecharunt|100/100
|
|-damage|p1a: Grimmsnarl|39/100 tox|[from] psn
|-sideend|p1: chip witley|Reflect
|upkeep
|turn|10
|
|t:|1743871440
|move|p1a: Grimmsnarl|Light Screen|p1a: Grimmsnarl
|-sidestart|p1: chip witley|move: Light Screen
|move|p2a: Pecha rating|Malignant Chain|p1a: Grimmsnarl
|-supereffective|p1a: Grimmsnarl
|-damage|p1a: Grimmsnarl|14/100 tox
|
|-damage|p1a: Grimmsnarl|2/100 tox|[from] psn
|upkeep
|turn|11
|
|t:|1743871447
|move|p1a: Grimmsnarl|Reflect|p1a: Grimmsnarl
|-sidestart|p1: chip witley|Reflect
|move|p2a: Pecha rating|Parting Shot|p1a: Grimmsnarl
|-unboost|p1a: Grimmsnarl|atk|1
|-unboost|p1a: Grimmsnarl|spa|1
|
|t:|1743871462
|switch|p2a: Metaking|Clodsire, F, shiny|61/100|[from] Parting Shot
|
|-heal|p2a: Metaking|68/100|[from] item: Leftovers
|-damage|p1a: Grimmsnarl|0 fnt|[from] psn
|faint|p1a: Grimmsnarl
|upkeep
|
|t:|1743871465
|switch|p1a: Veluza|Veluza, M|100/100
|turn|12
|
|t:|1743871479
|switch|p2a: Headache = Genius?|Slowking, F, shiny|100/100
|move|p1a: Veluza|Fillet Away|p1a: Veluza
|-boost|p1a: Veluza|atk|2
|-boost|p1a: Veluza|spa|2
|-boost|p1a: Veluza|spe|2
|-damage|p1a: Veluza|50/100
|
|upkeep
|turn|13
|
|t:|1743871495
|move|p1a: Veluza|Aqua Cutter|p2a: Headache = Genius?
|-resisted|p2a: Headache = Genius?
|-damage|p2a: Headache = Genius?|50/100
|move|p2a: Headache = Genius?|Thunder Wave|p1a: Veluza|[miss]
|-miss|p2a: Headache = Genius?|p1a: Veluza
|
|upkeep
|turn|14
|inactive|Sanesa8724 has 60 seconds left.
|
|t:|1743871534
|switch|p2a: Fantastic Tusk|Great Tusk, shiny|100/100
|move|p1a: Veluza|Psycho Cut|p2a: Fantastic Tusk
|-supereffective|p2a: Fantastic Tusk
|-damage|p2a: Fantastic Tusk|0 fnt
|faint|p2a: Fantastic Tusk
|-end|p2a: Fantastic Tusk|Protosynthesis|[silent]
|
|upkeep
|
|t:|1743871537
|switch|p2a: Headache = Genius?|Slowking, F, shiny|83/100
|turn|15
|
|t:|1743871543
|-terastallize|p1a: Veluza|Electric
|move|p1a: Veluza|Recover|p1a: Veluza
|-heal|p1a: Veluza|100/100
|move|p2a: Headache = Genius?|Thunder Wave|p1a: Veluza
|-immune|p1a: Veluza
|
|upkeep
|turn|16
|
|t:|1743871549
|move|p1a: Veluza|Aqua Cutter|p2a: Headache = Genius?
|-resisted|p2a: Headache = Genius?
|-damage|p2a: Headache = Genius?|36/100
|move|p2a: Headache = Genius?|Scald|p1a: Veluza
|-damage|p1a: Veluza|80/100
|
|upkeep
|turn|17
|
|t:|1743871554
|switch|p2a: G.O.A.T.|Orthworm, F, shiny|100/100
|move|p1a: Veluza|Psycho Cut|p2a: G.O.A.T.
|-resisted|p2a: G.O.A.T.
|-damage|p2a: G.O.A.T.|75/100
|
|-sideend|p1: chip witley|move: Light Screen
|upkeep
|turn|18
|
|t:|1743871564
|move|p1a: Veluza|Aqua Cutter|p2a: G.O.A.T.
|-damage|p2a: G.O.A.T.|24/100
|move|p2a: G.O.A.T.|Body Press|p1a: Veluza
|-damage|p1a: Veluza|56/100
|
|-sideend|p1: chip witley|Reflect
|upkeep
|turn|19
|
|t:|1743871569
|move|p1a: Veluza|Aqua Cutter|p2a: G.O.A.T.
|-crit|p2a: G.O.A.T.
|-damage|p2a: G.O.A.T.|0 fnt
|faint|p2a: G.O.A.T.
|
|upkeep
|inactive|Sanesa8724 has 90 seconds left.
|
|t:|1743871577
|switch|p2a: Headache = Genius?|Slowking, F, shiny|69/100
|turn|20
|
|t:|1743871579
|move|p1a: Veluza|Aqua Cutter|p2a: Headache = Genius?
|-resisted|p2a: Headache = Genius?
|-damage|p2a: Headache = Genius?|19/100
|move|p2a: Headache = Genius?|Scald|p1a: Veluza
|-crit|p1a: Veluza
|-damage|p1a: Veluza|0 fnt
|faint|p1a: Veluza
|
|upkeep
|
|t:|1743871593
|switch|p1a: Scizor|Scizor, F|100/100
|turn|21
|
|t:|1743871599
|move|p1a: Scizor|Knock Off|p2a: Headache = Genius?
|-supereffective|p2a: Headache = Genius?
|-damage|p2a: Headache = Genius?|0 fnt
|-enditem|p2a: Headache = Genius?|Heavy-Duty Boots|[from] move: Knock Off|[of] p1a: Scizor
|faint|p2a: Headache = Genius?
|-damage|p1a: Scizor|91/100|[from] item: Life Orb
|
|upkeep
|inactive|Sanesa8724 has 90 seconds left.
|
|t:|1743871637
|switch|p2a: Metaking|Clodsire, F, shiny|68/100
|turn|22
|
|t:|1743871646
|move|p1a: Scizor|Swords Dance|p1a: Scizor
|-boost|p1a: Scizor|atk|2
|move|p2a: Metaking|Recover|p2a: Metaking
|-heal|p2a: Metaking|100/100
|
|upkeep
|turn|23
|
|t:|1743871650
|move|p1a: Scizor|Knock Off|p2a: Metaking
|-damage|p2a: Metaking|47/100
|-enditem|p2a: Metaking|Leftovers|[from] move: Knock Off|[of] p1a: Scizor
|-damage|p1a: Scizor|81/100|[from] item: Life Orb
|move|p2a: Metaking|Recover|p2a: Metaking
|-heal|p2a: Metaking|97/100
|
|upkeep
|turn|24
|
|t:|1743871654
|move|p1a: Scizor|Bullet Punch|p2a: Metaking
|-damage|p2a: Metaking|45/100
|-damage|p1a: Scizor|71/100|[from] item: Life Orb
|move|p2a: Metaking|Recover|p2a: Metaking
|-heal|p2a: Metaking|95/100
|
|upkeep
|turn|25
|
|t:|1743871658
|move|p1a: Scizor|Bullet Punch|p2a: Metaking
|-damage|p2a: Metaking|48/100
|-damage|p1a: Scizor|61/100|[from] item: Life Orb
|move|p2a: Metaking|Recover|p2a: Metaking
|-heal|p2a: Metaking|98/100
|
|upkeep
|turn|26
|inactive|Sanesa8724 has 120 seconds left.
|
|t:|1743871663
|move|p1a: Scizor|Bullet Punch|p2a: Metaking
|-damage|p2a: Metaking|44/100
|-damage|p1a: Scizor|51/100|[from] item: Life Orb
|move|p2a: Metaking|Recover|p2a: Metaking
|-heal|p2a: Metaking|94/100
|
|upkeep
|turn|27
|
|t:|1743871668
|move|p1a: Scizor|Bullet Punch|p2a: Metaking
|-damage|p2a: Metaking|41/100
|-damage|p1a: Scizor|41/100|[from] item: Life Orb
|move|p2a: Metaking|Recover|p2a: Metaking
|-heal|p2a: Metaking|91/100
|
|upkeep
|turn|28
|inactive|Sanesa8724 has 120 seconds left.
|
|t:|1743871689
|switch|p1a: Maushold|Maushold|100/100
|move|p2a: Metaking|Recover|p2a: Metaking
|-heal|p2a: Metaking|100/100
|
|upkeep
|turn|29
|
|t:|1743871693
|switch|p2a: Pecha rating|Pecharunt|100/100
|move|p1a: Maushold|Tidy Up|p1a: Maushold
|-boost|p1a: Maushold|atk|1
|-boost|p1a: Maushold|spe|1
|
|upkeep
|turn|30
|
|t:|1743871695
|move|p1a: Maushold|Bite|p2a: Pecha rating
|-supereffective|p2a: Pecha rating
|-damage|p2a: Pecha rating|72/100
|move|p2a: Pecha rating|Malignant Chain|p1a: Maushold
|-damage|p1a: Maushold|52/100
|
|upkeep
|turn|31
|
|t:|1743871707
|move|p1a: Maushold|Encore|p2a: Pecha rating
|-start|p2a: Pecha rating|Encore
|move|p2a: Pecha rating|Malignant Chain|p1a: Maushold
|-damage|p1a: Maushold|9/100
|
|upkeep
|turn|32
|
|t:|1743871717
|move|p1a: Maushold|Bite|p2a: Pecha rating
|-supereffective|p2a: Pecha rating
|-damage|p2a: Pecha rating|42/100
|cant|p2a: Pecha rating|flinch
|
|upkeep
|turn|33
|
|t:|1743871720
|move|p1a: Maushold|Bite|p2a: Pecha rating
|-supereffective|p2a: Pecha rating
|-damage|p2a: Pecha rating|10/100
|move|p2a: Pecha rating|Malignant Chain|p1a: Maushold
|-damage|p1a: Maushold|0 fnt
|faint|p1a: Maushold
|
|-end|p2a: Pecha rating|Encore
|upkeep
|
|t:|1743871724
|switch|p1a: Scizor|Scizor, F|41/100
|turn|34
|
|t:|1743871735
|move|p1a: Scizor|Bullet Punch|p2a: Pecha rating
|-damage|p2a: Pecha rating|0 fnt
|faint|p2a: Pecha rating
|-damage|p1a: Scizor|31/100|[from] item: Life Orb
|
|upkeep
|
|t:|1743871741
|switch|p2a: Metaking|Clodsire, F, shiny|100/100
|turn|35
|
|t:|1743871746
|switch|p1a: Kommo-o|Kommo-o, F|100/100
|move|p2a: Metaking|Earthquake|p1a: Kommo-o
|-damage|p1a: Kommo-o|76/100
|
|upkeep
|turn|36
|
|t:|1743871751
|move|p1a: Kommo-o|Clangorous Soul|p1a: Kommo-o
|-boost|p1a: Kommo-o|atk|1
|-boost|p1a: Kommo-o|def|1
|-boost|p1a: Kommo-o|spa|1
|-boost|p1a: Kommo-o|spd|1
|-boost|p1a: Kommo-o|spe|1
|-damage|p1a: Kommo-o|43/100
|-enditem|p1a: Kommo-o|Throat Spray
|-boost|p1a: Kommo-o|spa|1|[from] item: Throat Spray
|move|p2a: Metaking|Toxic|p1a: Kommo-o
|-status|p1a: Kommo-o|tox
|
|-damage|p1a: Kommo-o|37/100 tox|[from] psn
|upkeep
|turn|37
|l| 54 insane rats
|
|t:|1743871762
|move|p1a: Kommo-o|Clanging Scales|p2a: Metaking
|-damage|p2a: Metaking|73/100
|-unboost|p1a: Kommo-o|def|1
|move|p2a: Metaking|Earthquake|p1a: Kommo-o
|-damage|p1a: Kommo-o|8/100 tox
|
|-damage|p1a: Kommo-o|0 fnt|[from] psn
|faint|p1a: Kommo-o
|upkeep
|
|t:|1743871767
|switch|p1a: Toxtricity|Toxtricity, F|77/100
|turn|38
|
|t:|1743871773
|move|p1a: Toxtricity|Boomburst|p2a: Metaking
|-damage|p2a: Metaking|28/100
|-damage|p1a: Toxtricity|68/100|[from] item: Life Orb
|move|p2a: Metaking|Recover|p2a: Metaking
|-heal|p2a: Metaking|78/100
|
|upkeep
|turn|39
|
|t:|1743871777
|move|p1a: Toxtricity|Boomburst|p2a: Metaking
|-damage|p2a: Metaking|30/100
|-damage|p1a: Toxtricity|58/100|[from] item: Life Orb
|move|p2a: Metaking|Earthquake|p1a: Toxtricity
|-supereffective|p1a: Toxtricity
|-damage|p1a: Toxtricity|0 fnt
|faint|p1a: Toxtricity
|
|upkeep
|
|t:|1743871779
|switch|p1a: Scizor|Scizor, F|31/100
|turn|40
|
|t:|1743871789
|move|p1a: Scizor|Bullet Punch|p2a: Metaking
|-damage|p2a: Metaking|0 fnt
|faint|p2a: Metaking
|-damage|p1a: Scizor|21/100|[from] item: Life Orb
|
|upkeep
|
|t:|1743871791
|switch|p2a: 72 9% my ass|Weavile, F, shiny|100/100
|-ability|p2a: 72 9% my ass|Pressure
|turn|41
|
|t:|1743871794
|-terastallize|p2a: 72 9% my ass|Ghost
|move|p1a: Scizor|Bullet Punch|p2a: 72 9% my ass
|-damage|p2a: 72 9% my ass|21/100
|-damage|p1a: Scizor|11/100|[from] item: Life Orb
|move|p2a: 72 9% my ass|Knock Off|p1a: Scizor
|-damage|p1a: Scizor|0 fnt
|-enditem|p1a: Scizor|Life Orb|[from] move: Knock Off|[of] p2a: 72 9% my ass
|faint|p1a: Scizor
|
|win|Sanesa8724
|raw|chip witley's rating: 1735 &rarr; <strong>1722</strong><br />(-13 for losing)
|raw|Sanesa8724's rating: 1854 &rarr; <strong>1867</strong><br />(+13 for winning)
|c|☆Sanesa8724|gg
|c|☆chip witley|gg
|l|☆Sanesa8724
|player|p2|
