|j|☆Dr. Drake6782
|j|☆sleepymmm
|t:|1743883166
|gametype|singles
|player|p1|Dr. Drake6782|lance-lgpe|1183
|player|p2|sleepymmm|caitlin|1183
|teamsize|p1|6
|teamsize|p2|6
|gen|9
|tier|[Gen 9] OU
|rated|
|rule|HP Percentage Mod: HP is shown in percentages
|rule|Endless Battle Clause: Forcing endless battles is banned
|rule|Species Clause: Limit one of each Pokémon
|rule|OHKO Clause: OHKO moves are banned
|rule|Evasion Items Clause: Evasion items are banned
|rule|Evasion Moves Clause: Evasion moves are banned
|rule|Sleep Moves Clause: Sleep-inducing moves are banned
|clearpoke
|poke|p1|Alomomola, F|
|poke|p1|Weezing-Galar, F|
|poke|p1|Garganacl, M|
|poke|p1|Kyurem|
|poke|p1|Ting-Lu|
|poke|p1|Ogerpon-Wellspring, F|
|poke|p2|Ogerpon-Wellspring, F|
|poke|p2|Garganacl, F|
|poke|p2|Dragonite, M|
|poke|p2|Ting-Lu|
|poke|p2|Moltres|
|poke|p2|Great Tusk|
|teampreview
|inactive|Battle timer is ON: inactive players will automatically lose when time's up. (requested by sleepymmm)
|inactive|Dr. Drake6782 also wants the timer to be on.
|
|t:|1743883187
|start
|switch|p1a: Ogerpon|Ogerpon-Wellspring, F|100/100
|switch|p2a: Garganacl|Garganacl, F|100/100
|turn|1
|
|t:|1743883200
|move|p1a: Ogerpon|Power Whip|p2a: Garganacl
|-supereffective|p2a: Garganacl
|-damage|p2a: Garganacl|25/100
|move|p2a: Garganacl|Salt Cure|p1a: Ogerpon
|-damage|p1a: Ogerpon|81/100
|-start|p1a: Ogerpon|Salt Cure
|
|-heal|p2a: Garganacl|31/100|[from] item: Leftovers
|-damage|p1a: Ogerpon|56/100|[from] Salt Cure
|upkeep
|turn|2
|
|t:|1743883205
|switch|p2a: Moltres|Moltres, shiny|100/100
|move|p1a: Ogerpon|Spikes|p2a: Moltres
|-sidestart|p2: sleepymmm|Spikes
|
|-damage|p1a: Ogerpon|31/100|[from] Salt Cure
|upkeep
|turn|3
|
|t:|1743883213
|switch|p1a: Ting-Lu|Ting-Lu|100/100
|-ability|p1a: Ting-Lu|Vessel of Ruin
|switch|p2a: Ogerpon|Ogerpon-Wellspring, F|100/100
|-damage|p2a: Ogerpon|88/100|[from] Spikes
|
|upkeep
|turn|4
|
|t:|1743883226
|switch|p1a: Weezing|Weezing-Galar, F, shiny|100/100
|-ability|p1a: Weezing|Neutralizing Gas
|move|p2a: Ogerpon|Knock Off|p1a: Weezing
|-resisted|p1a: Weezing
|-damage|p1a: Weezing|89/100
|-enditem|p1a: Weezing|Heavy-Duty Boots|[from] move: Knock Off|[of] p2a: Ogerpon
|
|upkeep
|turn|5
|
|t:|1743883232
|move|p2a: Ogerpon|U-turn|p1a: Weezing
|-resisted|p1a: Weezing
|-damage|p1a: Weezing|84/100
|
|t:|1743883237
|switch|p2a: Ting-Lu|Ting-Lu|100/100|[from] U-turn
|-damage|p2a: Ting-Lu|88/100|[from] Spikes
|move|p1a: Weezing|Will-O-Wisp|p2a: Ting-Lu
|-status|p2a: Ting-Lu|brn
|
|-heal|p2a: Ting-Lu|94/100 brn|[from] item: Leftovers
|-damage|p2a: Ting-Lu|88/100 brn|[from] brn
|upkeep
|turn|6
|
|t:|1743883243
|-end|p1a: Weezing|ability: Neutralizing Gas
|-ability|p2a: Ting-Lu|Vessel of Ruin
|switch|p1a: Alomomola|Alomomola, F|100/100
|move|p2a: Ting-Lu|Spikes|p1a: Alomomola
|-sidestart|p1: Dr. Drake6782|Spikes
|
|-heal|p2a: Ting-Lu|94/100 brn|[from] item: Leftovers
|-damage|p2a: Ting-Lu|88/100 brn|[from] brn
|upkeep
|turn|7
|
|t:|1743883247
|switch|p2a: Ogerpon|Ogerpon-Wellspring, F|88/100
|-damage|p2a: Ogerpon|76/100|[from] Spikes
|move|p1a: Alomomola|Wish|p1a: Alomomola
|
|upkeep
|turn|8
|
|t:|1743883255
|switch|p1a: Weezing|Weezing-Galar, F, shiny|84/100
|-ability|p1a: Weezing|Neutralizing Gas
|-damage|p1a: Weezing|72/100|[from] Spikes
|move|p2a: Ogerpon|U-turn|p1a: Weezing
|-resisted|p1a: Weezing
|-crit|p1a: Weezing
|-damage|p1a: Weezing|66/100
|
|t:|1743883266
|switch|p2a: Ting-Lu|Ting-Lu|88/100 brn|[from] U-turn
|-damage|p2a: Ting-Lu|76/100 brn|[from] Spikes
|
|-heal|p1a: Weezing|100/100|[from] move: Wish|[wisher] Alomomola
|-heal|p2a: Ting-Lu|82/100 brn|[from] item: Leftovers
|-damage|p2a: Ting-Lu|76/100 brn|[from] brn
|upkeep
|turn|9
|
|t:|1743883279
|-end|p1a: Weezing|ability: Neutralizing Gas
|-ability|p2a: Ting-Lu|Vessel of Ruin
|switch|p1a: Alomomola|Alomomola, F|100/100
|move|p2a: Ting-Lu|Spikes|p1a: Alomomola
|-sidestart|p1: Dr. Drake6782|Spikes
|
|-heal|p2a: Ting-Lu|82/100 brn|[from] item: Leftovers
|-damage|p2a: Ting-Lu|76/100 brn|[from] brn
|upkeep
|turn|10
|
|t:|1743883284
|switch|p2a: Ogerpon|Ogerpon-Wellspring, F|76/100
|-damage|p2a: Ogerpon|64/100|[from] Spikes
|move|p1a: Alomomola|Wish|p1a: Alomomola
|
|upkeep
|turn|11
|
|t:|1743883292
|move|p2a: Ogerpon|U-turn|p1a: Alomomola
|-damage|p1a: Alomomola|84/100
|
|t:|1743883296
|switch|p2a: Moltres|Moltres, shiny|100/100|[from] U-turn
|move|p1a: Alomomola|Flip Turn|p2a: Moltres
|-supereffective|p2a: Moltres
|-damage|p2a: Moltres|75/100
|
|t:|1743883298
|switch|p1a: Ogerpon|Ogerpon-Wellspring, F|31/100|[from] Flip Turn
|-damage|p1a: Ogerpon|14/100|[from] Spikes
|
|-heal|p1a: Ogerpon|93/100|[from] move: Wish|[wisher] Alomomola
|upkeep
|turn|12
|
|t:|1743883307
|move|p1a: Ogerpon|Knock Off|p2a: Moltres
|-damage|p2a: Moltres|51/100
|-status|p1a: Ogerpon|brn|[from] ability: Flame Body|[of] p2a: Moltres
|-enditem|p2a: Moltres|Heavy-Duty Boots|[from] move: Knock Off|[of] p1a: Ogerpon
|move|p2a: Moltres|Will-O-Wisp|p1a: Ogerpon
|-fail|p1a: Ogerpon|brn
|
|-damage|p1a: Ogerpon|87/100 brn|[from] brn
|upkeep
|turn|13
|
|t:|1743883312
|move|p1a: Ogerpon|Ivy Cudgel|p2a: Moltres|[anim] Ivy Cudgel Water
|-supereffective|p2a: Moltres
|-crit|p2a: Moltres
|-damage|p2a: Moltres|0 fnt
|faint|p2a: Moltres
|
|-damage|p1a: Ogerpon|81/100 brn|[from] brn
|upkeep
|
|t:|1743883315
|switch|p2a: Dragonite|Dragonite, M|100/100
|turn|14
|
|t:|1743883319
|switch|p1a: Garganacl|Garganacl, M, shiny|100/100
|-damage|p1a: Garganacl|84/100|[from] Spikes
|move|p2a: Dragonite|Dragon Dance|p2a: Dragonite
|-boost|p2a: Dragonite|atk|1
|-boost|p2a: Dragonite|spe|1
|
|-heal|p1a: Garganacl|90/100|[from] item: Leftovers
|upkeep
|turn|15
|
|t:|1743883327
|-terastallize|p1a: Garganacl|Fairy
|move|p2a: Dragonite|Earthquake|p1a: Garganacl
|-damage|p1a: Garganacl|51/100
|move|p1a: Garganacl|Iron Defense|p1a: Garganacl
|-boost|p1a: Garganacl|def|2
|
|-heal|p1a: Garganacl|57/100|[from] item: Leftovers
|upkeep
|turn|16
|inactive|sleepymmm has 120 seconds left.
|
|t:|1743883361
|switch|p2a: Garganacl|Garganacl, F|31/100
|-damage|p2a: Garganacl|19/100|[from] Spikes
|move|p1a: Garganacl|Salt Cure|p2a: Garganacl
|-damage|p2a: Garganacl|11/100
|-start|p2a: Garganacl|Salt Cure
|
|-heal|p2a: Garganacl|17/100|[from] item: Leftovers
|-heal|p1a: Garganacl|63/100|[from] item: Leftovers
|-damage|p2a: Garganacl|5/100|[from] Salt Cure
|upkeep
|turn|17
|inactive|sleepymmm has 120 seconds left.
|
|t:|1743883373
|move|p1a: Garganacl|Salt Cure|p2a: Garganacl
|-damage|p2a: Garganacl|0 fnt
|faint|p2a: Garganacl
|
|-heal|p1a: Garganacl|70/100|[from] item: Leftovers
|upkeep
|
|t:|1743883375
|switch|p2a: Ting-Lu|Ting-Lu|76/100 brn
|-damage|p2a: Ting-Lu|63/100 brn|[from] Spikes
|-ability|p2a: Ting-Lu|Vessel of Ruin
|turn|18
|
|t:|1743883383
|-terastallize|p2a: Ting-Lu|Poison
|move|p2a: Ting-Lu|Spikes|p1a: Garganacl
|-sidestart|p1: Dr. Drake6782|Spikes
|move|p1a: Garganacl|Salt Cure|p2a: Ting-Lu
|-damage|p2a: Ting-Lu|56/100 brn
|-start|p2a: Ting-Lu|Salt Cure
|
|-heal|p2a: Ting-Lu|62/100 brn|[from] item: Leftovers
|-heal|p1a: Garganacl|76/100|[from] item: Leftovers
|-damage|p2a: Ting-Lu|56/100 brn|[from] brn
|-damage|p2a: Ting-Lu|43/100 brn|[from] Salt Cure
|upkeep
|turn|19
|
|t:|1743883393
|switch|p1a: Weezing|Weezing-Galar, F, shiny|100/100
|-ability|p1a: Weezing|Neutralizing Gas
|-damage|p1a: Weezing|76/100|[from] Spikes
|move|p2a: Ting-Lu|Whirlwind|p1a: Weezing
|-end|p1a: Weezing|ability: Neutralizing Gas
|-ability|p2a: Ting-Lu|Vessel of Ruin
|drag|p1a: Ting-Lu|Ting-Lu|100/100
|-damage|p1a: Ting-Lu|76/100|[from] Spikes
|-ability|p1a: Ting-Lu|Vessel of Ruin
|
|-heal|p1a: Ting-Lu|82/100|[from] item: Leftovers
|-heal|p2a: Ting-Lu|50/100 brn|[from] item: Leftovers
|-damage|p2a: Ting-Lu|43/100 brn|[from] brn
|-damage|p2a: Ting-Lu|31/100 brn|[from] Salt Cure
|upkeep
|turn|20
|
|t:|1743883397
|move|p1a: Ting-Lu|Earthquake|p2a: Ting-Lu
|-supereffective|p2a: Ting-Lu
|-damage|p2a: Ting-Lu|0 fnt
|faint|p2a: Ting-Lu
|
|-heal|p1a: Ting-Lu|88/100|[from] item: Leftovers
|upkeep
|
|t:|1743883400
|switch|p2a: Dragonite|Dragonite, M|100/100
|turn|21
|
|t:|1743883402
|switch|p1a: Garganacl|Garganacl, M, shiny, tera:Fairy|76/100
|-damage|p1a: Garganacl|51/100|[from] Spikes
|move|p2a: Dragonite|Dragon Dance|p2a: Dragonite
|-boost|p2a: Dragonite|atk|1
|-boost|p2a: Dragonite|spe|1
|
|-heal|p1a: Garganacl|57/100|[from] item: Leftovers
|upkeep
|turn|22
|
|t:|1743883407
|move|p2a: Dragonite|Earthquake|p1a: Garganacl
|-crit|p1a: Garganacl
|-damage|p1a: Garganacl|0 fnt
|faint|p1a: Garganacl
|
|upkeep
|c|☆Dr. Drake6782|bro
|
|t:|1743883417
|switch|p1a: Kyurem|Kyurem, shiny|100/100
|-damage|p1a: Kyurem|76/100|[from] Spikes
|-ability|p1a: Kyurem|Pressure
|turn|23
|
|t:|1743883421
|move|p1a: Kyurem|Ice Beam|p2a: Dragonite
|-supereffective|p2a: Dragonite
|-damage|p2a: Dragonite|4/100
|move|p2a: Dragonite|Earthquake|p1a: Kyurem
|-damage|p1a: Kyurem|18/100
|
|-heal|p2a: Dragonite|10/100|[from] item: Leftovers
|upkeep
|turn|24
|
|t:|1743883425
|move|p2a: Dragonite|Extreme Speed|p1a: Kyurem
|-damage|p1a: Kyurem|0 fnt
|faint|p1a: Kyurem
|
|-heal|p2a: Dragonite|16/100|[from] item: Leftovers
|upkeep
|
|t:|1743883429
|switch|p1a: Alomomola|Alomomola, F|100/100
|turn|25
|
|t:|1743883431
|move|p2a: Dragonite|Roost|p2a: Dragonite
|-heal|p2a: Dragonite|66/100
|-singleturn|p2a: Dragonite|move: Roost
|move|p1a: Alomomola|Flip Turn|p2a: Dragonite
|-resisted|p2a: Dragonite
|-damage|p2a: Dragonite|57/100
|c|☆Dr. Drake6782|ofc ts happens to me
|-message|Dr. Drake6782 forfeited.
|
|win|sleepymmm
|raw|Dr. Drake6782's rating: 1183 &rarr; <strong>1158</strong><br />(-25 for losing)
|raw|sleepymmm's rating: 1183 &rarr; <strong>1208</strong><br />(+25 for winning)
|l|☆sleepymmm
|player|p2|
