|j|☆guesyo
|j|☆sleepdeprevation
|t:|1743911988
|gametype|singles
|player|p1|guesyo|unknownf|1574
|player|p2|sleepdeprevation|ruinmaniac|1690
|teamsize|p1|6
|teamsize|p2|6
|gen|9
|tier|[Gen 9] OU
|rated|
|rule|HP Percentage Mod: HP is shown in percentages
|rule|Endless Battle Clause: Forcing endless battles is banned
|rule|Species Clause: Limit one of each Pokémon
|rule|OHKO Clause: OHKO moves are banned
|rule|Evasion Items Clause: Evasion items are banned
|rule|Evasion Moves Clause: Evasion moves are banned
|rule|Sleep Moves Clause: Sleep-inducing moves are banned
|clearpoke
|poke|p1|Ogerpon-Wellspring, F|
|poke|p1|Gliscor, M|
|poke|p1|Bronzong|
|poke|p1|Corviknight, M|
|poke|p1|Landorus-Therian, M|
|poke|p1|Gholdengo|
|poke|p2|Zamazenta-*|
|poke|p2|Landorus-Therian, M|
|poke|p2|Iron Valiant|
|poke|p2|Iron Moth|
|poke|p2|Serperior, F|
|poke|p2|Armarouge, M|
|teampreview
|
|t:|1743912000
|start
|switch|p1a: Ogerpon|Ogerpon-Wellspring, F|100/100
|switch|p2a: Armarouge|Armarouge, M|100/100
|turn|1
|
|t:|1743912006
|move|p1a: Ogerpon|Ivy Cudgel|p2a: Armarouge|[anim] Ivy Cudgel Water
|-supereffective|p2a: Armarouge
|-crit|p2a: Armarouge
|-enditem|p2a: Armarouge|Focus Sash
|-damage|p2a: Armarouge|1/100
|-ability|p2a: Armarouge|Weak Armor|boost
|-unboost|p2a: Armarouge|def|1
|-boost|p2a: Armarouge|spe|2
|move|p2a: Armarouge|Armor Cannon|p1a: Ogerpon
|-damage|p1a: Ogerpon|26/100
|-unboost|p2a: Armarouge|def|1
|-unboost|p2a: Armarouge|spd|1
|
|upkeep
|turn|2
|
|t:|1743912020
|move|p2a: Armarouge|Armor Cannon|p1a: Ogerpon
|-damage|p1a: Ogerpon|0 fnt
|-unboost|p2a: Armarouge|def|1
|-unboost|p2a: Armarouge|spd|1
|faint|p1a: Ogerpon
|
|upkeep
|
|t:|1743912025
|switch|p1a: Landorus|Landorus-Therian, M|100/100
|-ability|p1a: Landorus|Intimidate|boost
|-unboost|p2a: Armarouge|atk|1
|turn|3
|
|t:|1743912030
|-terastallize|p1a: Landorus|Water
|move|p2a: Armarouge|Armor Cannon|p1a: Landorus
|-resisted|p1a: Landorus
|-damage|p1a: Landorus|64/100
|-unboost|p2a: Armarouge|def|1
|-unboost|p2a: Armarouge|spd|1
|move|p1a: Landorus|Earth Power|p2a: Armarouge
|-supereffective|p2a: Armarouge
|-damage|p2a: Armarouge|0 fnt
|faint|p2a: Armarouge
|
|upkeep
|
|t:|1743912037
|switch|p2a: Landorus|Landorus-Therian, M|100/100
|-ability|p2a: Landorus|Intimidate|boost
|-unboost|p1a: Landorus|atk|1
|turn|4
|
|t:|1743912041
|move|p2a: Landorus|U-turn|p1a: Landorus
|-damage|p1a: Landorus|41/100
|-damage|p2a: Landorus|84/100|[from] item: Rocky Helmet|[of] p1a: Landorus
|
|t:|1743912046
|switch|p2a: Zama-magenta|Zamazenta, shiny|100/100|[from] U-turn
|-ability|p2a: Zama-magenta|Dauntless Shield|boost
|-boost|p2a: Zama-magenta|def|1
|move|p1a: Landorus|U-turn|p2a: Zama-magenta
|-resisted|p2a: Zama-magenta
|-damage|p2a: Zama-magenta|97/100
|
|t:|1743912056
|switch|p1a: Bronzong|Bronzong|100/100|[from] U-turn
|
|-heal|p2a: Zama-magenta|100/100|[from] item: Leftovers
|upkeep
|turn|5
|
|t:|1743912063
|move|p2a: Zama-magenta|Iron Defense|p2a: Zama-magenta
|-boost|p2a: Zama-magenta|def|2
|move|p1a: Bronzong|Stealth Rock|p2a: Zama-magenta
|-sidestart|p2: sleepdeprevation|move: Stealth Rock
|
|upkeep
|turn|6
|
|t:|1743912065
|move|p2a: Zama-magenta|Body Press|p1a: Bronzong
|-damage|p1a: Bronzong|28/100
|move|p1a: Bronzong|Psychic Noise|p2a: Zama-magenta
|-supereffective|p2a: Zama-magenta
|-damage|p2a: Zama-magenta|69/100
|-start|p2a: Zama-magenta|move: Heal Block
|
|-heal|p1a: Bronzong|34/100|[from] item: Leftovers
|upkeep
|turn|7
|
|t:|1743912068
|move|p2a: Zama-magenta|Body Press|p1a: Bronzong
|-damage|p1a: Bronzong|0 fnt
|faint|p1a: Bronzong
|
|-end|p2a: Zama-magenta|move: Heal Block
|upkeep
|
|t:|1743912072
|switch|p1a: Corviknight|Corviknight, M|100/100
|-ability|p1a: Corviknight|Pressure
|turn|8
|
|t:|1743912074
|move|p2a: Zama-magenta|Iron Defense|p2a: Zama-magenta
|-boost|p2a: Zama-magenta|def|2
|move|p1a: Corviknight|Iron Defense|p1a: Corviknight
|-boost|p1a: Corviknight|def|2
|
|-heal|p2a: Zama-magenta|75/100|[from] item: Leftovers
|upkeep
|turn|9
|
|t:|1743912077
|move|p1a: Corviknight|Iron Defense|p1a: Corviknight
|-boost|p1a: Corviknight|def|2
|move|p2a: Zama-magenta|Roar|p1a: Corviknight
|drag|p1a: Gliscor|Gliscor, M|100/100
|
|-heal|p2a: Zama-magenta|81/100|[from] item: Leftovers
|-status|p1a: Gliscor|tox|[from] item: Toxic Orb
|upkeep
|turn|10
|
|t:|1743912085
|switch|p1a: Gholdengo|Gholdengo|100/100
|-item|p1a: Gholdengo|Air Balloon
|move|p2a: Zama-magenta|Body Press|p1a: Gholdengo
|-immune|p1a: Gholdengo
|
|-heal|p2a: Zama-magenta|88/100|[from] item: Leftovers
|upkeep
|turn|11
|
|t:|1743912093
|move|p2a: Zama-magenta|Crunch|p1a: Gholdengo
|-supereffective|p1a: Gholdengo
|-damage|p1a: Gholdengo|69/100
|-unboost|p1a: Gholdengo|def|1
|-enditem|p1a: Gholdengo|Air Balloon
|move|p1a: Gholdengo|Nasty Plot|p1a: Gholdengo
|-boost|p1a: Gholdengo|spa|2
|
|-heal|p2a: Zama-magenta|94/100|[from] item: Leftovers
|upkeep
|turn|12
|
|t:|1743912101
|move|p2a: Zama-magenta|Crunch|p1a: Gholdengo
|-supereffective|p1a: Gholdengo
|-damage|p1a: Gholdengo|21/100
|move|p1a: Gholdengo|Recover|p1a: Gholdengo
|-heal|p1a: Gholdengo|71/100
|
|-heal|p2a: Zama-magenta|99/100|[from] item: Leftovers
|upkeep
|turn|13
|
|t:|1743912110
|switch|p1a: Landorus|Landorus-Therian, M, tera:Water|41/100
|-ability|p1a: Landorus|Intimidate|boost
|-unboost|p2a: Zama-magenta|atk|1
|-terastallize|p2a: Zama-magenta|Fire
|move|p2a: Zama-magenta|Crunch|p1a: Landorus
|-damage|p1a: Landorus|26/100
|-damage|p2a: Zama-magenta|83/100|[from] item: Rocky Helmet|[of] p1a: Landorus
|
|-heal|p2a: Zama-magenta|90/100|[from] item: Leftovers
|upkeep
|turn|14
|
|t:|1743912115
|move|p2a: Zama-magenta|Body Press|p1a: Landorus
|-damage|p1a: Landorus|0 fnt
|-damage|p2a: Zama-magenta|73/100|[from] item: Rocky Helmet|[of] p1a: Landorus
|faint|p1a: Landorus
|
|-heal|p2a: Zama-magenta|79/100|[from] item: Leftovers
|upkeep
|
|t:|1743912119
|switch|p1a: Gholdengo|Gholdengo|71/100
|turn|15
|
|t:|1743912122
|switch|p2a: Landorus|Landorus-Therian, M|84/100
|-damage|p2a: Landorus|72/100|[from] Stealth Rock
|-ability|p2a: Landorus|Intimidate|boost
|-unboost|p1a: Gholdengo|atk|1
|move|p1a: Gholdengo|Nasty Plot|p1a: Gholdengo
|-boost|p1a: Gholdengo|spa|2
|
|upkeep
|turn|16
|
|t:|1743912125
|switch|p1a: Gliscor|Gliscor, M|100/100 tox
|move|p2a: Landorus|Earthquake|p1a: Gliscor
|-immune|p1a: Gliscor
|
|upkeep
|turn|17
|
|t:|1743912131
|move|p2a: Landorus|Stealth Rock|p1a: Gliscor
|-sidestart|p1: guesyo|move: Stealth Rock
|move|p1a: Gliscor|Knock Off|p2a: Landorus
|-damage|p2a: Landorus|52/100
|-damage|p1a: Gliscor|84/100 tox|[from] item: Rocky Helmet|[of] p2a: Landorus
|-enditem|p2a: Landorus|Rocky Helmet|[from] move: Knock Off|[of] p1a: Gliscor
|
|-heal|p1a: Gliscor|97/100 tox|[from] ability: Poison Heal
|upkeep
|turn|18
|
|t:|1743912136
|move|p2a: Landorus|Taunt|p1a: Gliscor
|-start|p1a: Gliscor|move: Taunt
|cant|p1a: Gliscor|move: Taunt|Swords Dance
|
|-heal|p1a: Gliscor|100/100 tox|[from] ability: Poison Heal
|upkeep
|turn|19
|
|t:|1743912143
|move|p2a: Landorus|U-turn|p1a: Gliscor
|-resisted|p1a: Gliscor
|-damage|p1a: Gliscor|93/100 tox
|
|t:|1743912146
|switch|p2a: Iron Valiant|Iron Valiant|100/100|[from] U-turn
|-damage|p2a: Iron Valiant|94/100|[from] Stealth Rock
|-enditem|p2a: Iron Valiant|Booster Energy
|-activate|p2a: Iron Valiant|ability: Quark Drive|[fromitem]
|-start|p2a: Iron Valiant|quarkdrivespe
|move|p1a: Gliscor|Facade|p2a: Iron Valiant
|-damage|p2a: Iron Valiant|56/100
|
|-heal|p1a: Gliscor|100/100 tox|[from] ability: Poison Heal
|upkeep
|turn|20
|
|t:|1743912152
|move|p2a: Iron Valiant|Calm Mind|p2a: Iron Valiant
|-boost|p2a: Iron Valiant|spa|1
|-boost|p2a: Iron Valiant|spd|1
|move|p1a: Gliscor|Facade|p2a: Iron Valiant
|-damage|p2a: Iron Valiant|18/100
|
|-end|p1a: Gliscor|move: Taunt
|upkeep
|turn|21
|
|t:|1743912157
|move|p2a: Iron Valiant|Moonblast|p1a: Gliscor
|-damage|p1a: Gliscor|19/100 tox
|move|p1a: Gliscor|Facade|p2a: Iron Valiant
|-damage|p2a: Iron Valiant|0 fnt
|faint|p2a: Iron Valiant
|-end|p2a: Iron Valiant|Quark Drive|[silent]
|
|-heal|p1a: Gliscor|32/100 tox|[from] ability: Poison Heal
|upkeep
|
|t:|1743912161
|switch|p2a: Serperior|Serperior, F|100/100
|-damage|p2a: Serperior|88/100|[from] Stealth Rock
|turn|22
|
|t:|1743912165
|move|p1a: Gliscor|Protect|p1a: Gliscor
|-singleturn|p1a: Gliscor|Protect
|move|p2a: Serperior|Leaf Storm|p1a: Gliscor
|-activate|p1a: Gliscor|move: Protect
|
|-heal|p2a: Serperior|94/100|[from] item: Leftovers
|-heal|p1a: Gliscor|44/100 tox|[from] ability: Poison Heal
|upkeep
|turn|23
|
|t:|1743912168
|switch|p1a: Corviknight|Corviknight, M|100/100
|-damage|p1a: Corviknight|88/100|[from] Stealth Rock
|-ability|p1a: Corviknight|Pressure
|move|p2a: Serperior|Leaf Storm|p1a: Corviknight
|-resisted|p1a: Corviknight
|-damage|p1a: Corviknight|77/100
|-boost|p2a: Serperior|spa|2
|
|-heal|p2a: Serperior|100/100|[from] item: Leftovers
|upkeep
|turn|24
|
|t:|1743912171
|move|p2a: Serperior|Glare|p1a: Corviknight
|-status|p1a: Corviknight|par
|cant|p1a: Corviknight|par
|
|upkeep
|turn|25
|
|t:|1743912174
|move|p2a: Serperior|Leaf Storm|p1a: Corviknight
|-resisted|p1a: Corviknight
|-damage|p1a: Corviknight|53/100 par
|-boost|p2a: Serperior|spa|2
|move|p1a: Corviknight|Brave Bird|p2a: Serperior
|-supereffective|p2a: Serperior
|-damage|p2a: Serperior|16/100
|-damage|p1a: Corviknight|33/100 par|[from] Recoil
|
|-heal|p2a: Serperior|22/100|[from] item: Leftovers
|upkeep
|turn|26
|
|t:|1743912181
|move|p2a: Serperior|Dragon Pulse|p1a: Corviknight
|-resisted|p1a: Corviknight
|-damage|p1a: Corviknight|3/100 par
|move|p1a: Corviknight|Brave Bird|p2a: Serperior
|-supereffective|p2a: Serperior
|-damage|p2a: Serperior|0 fnt
|faint|p2a: Serperior
|-damage|p1a: Corviknight|0 fnt|[from] Recoil
|faint|p1a: Corviknight
|
|upkeep
|
|t:|1743912188
|switch|p2a: Zama-magenta|Zamazenta, shiny, tera:Fire|79/100
|switch|p1a: Gholdengo|Gholdengo|71/100
|-damage|p2a: Zama-magenta|54/100|[from] Stealth Rock
|-damage|p1a: Gholdengo|65/100|[from] Stealth Rock
|turn|27
|
|t:|1743912192
|move|p2a: Zama-magenta|Crunch|p1a: Gholdengo
|-supereffective|p1a: Gholdengo
|-damage|p1a: Gholdengo|36/100
|move|p1a: Gholdengo|Recover|p1a: Gholdengo
|-heal|p1a: Gholdengo|86/100
|
|-heal|p2a: Zama-magenta|60/100|[from] item: Leftovers
|upkeep
|turn|28
|
|t:|1743912195
|move|p2a: Zama-magenta|Crunch|p1a: Gholdengo
|-supereffective|p1a: Gholdengo
|-damage|p1a: Gholdengo|54/100
|move|p1a: Gholdengo|Shadow Ball|p2a: Zama-magenta
|-damage|p2a: Zama-magenta|32/100
|
|-heal|p2a: Zama-magenta|38/100|[from] item: Leftovers
|upkeep
|turn|29
|
|t:|1743912199
|move|p2a: Zama-magenta|Crunch|p1a: Gholdengo
|-supereffective|p1a: Gholdengo
|-damage|p1a: Gholdengo|25/100
|move|p1a: Gholdengo|Recover|p1a: Gholdengo
|-heal|p1a: Gholdengo|75/100
|
|-heal|p2a: Zama-magenta|44/100|[from] item: Leftovers
|upkeep
|turn|30
|
|t:|1743912203
|move|p2a: Zama-magenta|Crunch|p1a: Gholdengo
|-supereffective|p1a: Gholdengo
|-damage|p1a: Gholdengo|41/100
|move|p1a: Gholdengo|Shadow Ball|p2a: Zama-magenta
|-damage|p2a: Zama-magenta|18/100
|
|-heal|p2a: Zama-magenta|24/100|[from] item: Leftovers
|upkeep
|turn|31
|
|t:|1743912205
|move|p2a: Zama-magenta|Crunch|p1a: Gholdengo
|-supereffective|p1a: Gholdengo
|-damage|p1a: Gholdengo|11/100
|move|p1a: Gholdengo|Shadow Ball|p2a: Zama-magenta
|-damage|p2a: Zama-magenta|0 fnt
|faint|p2a: Zama-magenta
|
|upkeep
|
|t:|1743912208
|switch|p2a: Iron Moth|Iron Moth|100/100
|-damage|p2a: Iron Moth|76/100|[from] Stealth Rock
|-enditem|p2a: Iron Moth|Booster Energy
|-activate|p2a: Iron Moth|ability: Quark Drive|[fromitem]
|-start|p2a: Iron Moth|quarkdrivespe
|turn|32
|
|t:|1743912210
|move|p2a: Iron Moth|Fiery Dance|p1a: Gholdengo
|-supereffective|p1a: Gholdengo
|-damage|p1a: Gholdengo|0 fnt
|-boost|p2a: Iron Moth|spa|1
|faint|p1a: Gholdengo
|
|upkeep
|
|t:|1743912212
|switch|p1a: Gliscor|Gliscor, M|44/100 tox
|-damage|p1a: Gliscor|32/100 tox|[from] Stealth Rock
|turn|33
|
|t:|1743912214
|move|p2a: Iron Moth|Fiery Dance|p1a: Gliscor
|-damage|p1a: Gliscor|0 fnt
|-boost|p2a: Iron Moth|spa|1
|faint|p1a: Gliscor
|
|win|sleepdeprevation
|raw|guesyo's rating: 1574 &rarr; <strong>1560</strong><br />(-14 for losing)
|raw|sleepdeprevation's rating: 1690 &rarr; <strong>1704</strong><br />(+14 for winning)
|l|☆guesyo
|player|p1|
|l|☆sleepdeprevation
|player|p2|
