|j|☆Lic21b034
|j|☆Skibidi Toothpaste
|t:|1743866814
|gametype|singles
|player|p1|Lic21b034|scientist|1201
|player|p2|Skibidi Toothpaste|volkner|1211
|teamsize|p1|6
|teamsize|p2|6
|gen|9
|tier|[Gen 9] OU
|rated|
|rule|HP Percentage Mod: HP is shown in percentages
|rule|Endless Battle Clause: Forcing endless battles is banned
|rule|Species Clause: Limit one of each Pokémon
|rule|OHKO Clause: OHKO moves are banned
|rule|Evasion Items Clause: Evasion items are banned
|rule|Evasion Moves Clause: Evasion moves are banned
|rule|Sleep Moves Clause: Sleep-inducing moves are banned
|clearpoke
|poke|p1|Grafaiai, M|
|poke|p1|Kilowattrel, F|
|poke|p1|Lokix, M|
|poke|p1|Garganacl, F|
|poke|p1|Quaquaval, M|
|poke|p1|Houndstone, F|
|poke|p2|Rillaboom, F|
|poke|p2|Raging Bolt|
|poke|p2|Iron Treads|
|poke|p2|Volcanion|
|poke|p2|Hoopa-Unbound|
|poke|p2|Ursaluna, M|
|teampreview
|inactive|Battle timer is ON: inactive players will automatically lose when time's up. (requested by Skibidi Toothpaste)
|
|t:|1743866817
|start
|switch|p1a: Garganacl|Garganacl, F|100/100
|switch|p2a: The Domain|Rillaboom, F|100/100
|-fieldstart|move: Grassy Terrain|[from] ability: Grassy Surge|[of] p2a: The Domain
|turn|1
|
|t:|1743866825
|-terastallize|p1a: Garganacl|Ghost
|move|p2a: The Domain|Swords Dance|p2a: The Domain
|-boost|p2a: The Domain|atk|2
|move|p1a: Garganacl|Salt Cure|p2a: The Domain
|-damage|p2a: The Domain|86/100
|-start|p2a: The Domain|Salt Cure
|
|-heal|p2a: The Domain|93/100|[from] Grassy Terrain
|-damage|p2a: The Domain|80/100|[from] Salt Cure
|upkeep
|turn|2
|
|t:|1743866834
|move|p2a: The Domain|Knock Off|p1a: Garganacl
|-supereffective|p1a: Garganacl
|-damage|p1a: Garganacl|0 fnt
|-enditem|p1a: Garganacl|Leftovers|[from] move: Knock Off|[of] p2a: The Domain
|faint|p1a: Garganacl
|
|-heal|p2a: The Domain|86/100|[from] Grassy Terrain
|-damage|p2a: The Domain|74/100|[from] Salt Cure
|upkeep
|
|t:|1743866842
|switch|p1a: Lokix|Lokix, M|100/100
|turn|3
|
|t:|1743866850
|switch|p2a: Ursaluna|Ursaluna, M|100/100
|-enditem|p2a: Ursaluna|Grassy Seed
|-boost|p2a: Ursaluna|def|1|[from] item: Grassy Seed
|move|p1a: Lokix|First Impression|p2a: Ursaluna
|-damage|p2a: Ursaluna|78/100
|
|-heal|p2a: Ursaluna|84/100|[from] Grassy Terrain
|upkeep
|turn|4
|
|t:|1743866860
|move|p1a: Lokix|Swords Dance|p1a: Lokix
|-boost|p1a: Lokix|atk|2
|move|p2a: Ursaluna|Swords Dance|p2a: Ursaluna
|-boost|p2a: Ursaluna|atk|2
|
|-heal|p2a: Ursaluna|91/100|[from] Grassy Terrain
|upkeep
|turn|5
|
|t:|1743866868
|-terastallize|p2a: Ursaluna|Fighting
|move|p1a: Lokix|Leech Life|p2a: Ursaluna
|-resisted|p2a: Ursaluna
|-damage|p2a: Ursaluna|52/100
|move|p2a: Ursaluna|Drain Punch|p1a: Lokix
|-damage|p1a: Lokix|0 fnt
|-heal|p2a: Ursaluna|87/100|[from] drain|[of] p1a: Lokix
|faint|p1a: Lokix
|
|-heal|p2a: Ursaluna|93/100|[from] Grassy Terrain
|upkeep
|
|t:|1743866881
|switch|p1a: Grafaiai|Grafaiai, M|100/100
|turn|6
|
|t:|1743866895
|move|p1a: Grafaiai|Swagger|p2a: Ursaluna
|-boost|p2a: Ursaluna|atk|2
|-start|p2a: Ursaluna|confusion
|-enditem|p1a: Grafaiai|Mirror Herb
|-boost|p1a: Grafaiai|atk|2|[from] item: Mirror Herb
|-activate|p2a: Ursaluna|confusion
|-damage|p2a: Ursaluna|65/100|[from] confusion
|
|-heal|p2a: Ursaluna|71/100|[from] Grassy Terrain
|upkeep
|turn|7
|
|t:|1743866907
|move|p1a: Grafaiai|Poison Jab|p2a: Ursaluna
|-damage|p2a: Ursaluna|30/100
|-activate|p2a: Ursaluna|confusion
|-damage|p2a: Ursaluna|3/100|[from] confusion
|
|-heal|p2a: Ursaluna|9/100|[from] Grassy Terrain
|upkeep
|turn|8
|
|t:|1743866916
|move|p1a: Grafaiai|Poison Jab|p2a: Ursaluna
|-damage|p2a: Ursaluna|0 fnt
|faint|p2a: Ursaluna
|
|-fieldend|move: Grassy Terrain
|upkeep
|c|☆Skibidi Toothpaste|Classic strat
|
|t:|1743866920
|switch|p2a: The Domain|Rillaboom, F|74/100
|-fieldstart|move: Grassy Terrain|[from] ability: Grassy Surge|[of] p2a: The Domain
|turn|9
|
|t:|1743866926
|switch|p2a: The Remover|Iron Treads|100/100
|-enditem|p2a: The Remover|Booster Energy
|-activate|p2a: The Remover|ability: Quark Drive|[fromitem]
|-start|p2a: The Remover|quarkdrivespe
|move|p1a: Grafaiai|Poison Jab|p2a: The Remover
|-immune|p2a: The Remover
|
|upkeep
|turn|10
|
|t:|1743866934
|move|p1a: Grafaiai|Foul Play|p2a: The Remover
|-damage|p2a: The Remover|71/100
|move|p2a: The Remover|High Horsepower|p1a: Grafaiai
|-supereffective|p1a: Grafaiai
|-damage|p1a: Grafaiai|0 fnt
|faint|p1a: Grafaiai
|
|-heal|p2a: The Remover|77/100|[from] Grassy Terrain
|upkeep
|
|t:|1743866943
|switch|p1a: Quaquaval|Quaquaval, M|100/100
|turn|11
|
|t:|1743866950
|-end|p2a: The Remover|Quark Drive|[silent]
|switch|p2a: The Monolith|Raging Bolt|100/100
|-enditem|p2a: The Monolith|Grassy Seed
|-boost|p2a: The Monolith|def|1|[from] item: Grassy Seed
|move|p1a: Quaquaval|Aqua Step|p2a: The Monolith
|-resisted|p2a: The Monolith
|-damage|p2a: The Monolith|92/100
|-boost|p1a: Quaquaval|spe|1
|
|-heal|p2a: The Monolith|98/100|[from] Grassy Terrain
|upkeep
|turn|12
|
|t:|1743866960
|move|p1a: Quaquaval|Close Combat|p2a: The Monolith
|-damage|p2a: The Monolith|74/100
|-unboost|p1a: Quaquaval|def|1
|-unboost|p1a: Quaquaval|spd|1
|move|p2a: The Monolith|Calm Mind|p2a: The Monolith
|-boost|p2a: The Monolith|spa|1
|-boost|p2a: The Monolith|spd|1
|
|-heal|p2a: The Monolith|80/100|[from] Grassy Terrain
|upkeep
|turn|13
|
|t:|1743866970
|move|p1a: Quaquaval|Close Combat|p2a: The Monolith
|-damage|p2a: The Monolith|57/100
|-unboost|p1a: Quaquaval|def|1
|-unboost|p1a: Quaquaval|spd|1
|move|p2a: The Monolith|Calm Mind|p2a: The Monolith
|-boost|p2a: The Monolith|spa|1
|-boost|p2a: The Monolith|spd|1
|
|-heal|p2a: The Monolith|63/100|[from] Grassy Terrain
|upkeep
|turn|14
|
|t:|1743866981
|move|p1a: Quaquaval|Ice Spinner|p2a: The Monolith
|-supereffective|p2a: The Monolith
|-damage|p2a: The Monolith|40/100
|-fieldend|move: Grassy Terrain
|move|p2a: The Monolith|Dragon Pulse|p1a: Quaquaval
|-damage|p1a: Quaquaval|0 fnt
|faint|p1a: Quaquaval
|
|upkeep
|
|t:|1743866989
|switch|p1a: Houndstone|Houndstone, F|100/100
|turn|15
|
|t:|1743866994
|move|p2a: The Monolith|Discharge|p1a: Houndstone
|-damage|p1a: Houndstone|36/100
|move|p1a: Houndstone|Will-O-Wisp|p2a: The Monolith
|-status|p2a: The Monolith|brn
|
|-heal|p1a: Houndstone|42/100|[from] item: Leftovers
|-damage|p2a: The Monolith|34/100 brn|[from] brn
|upkeep
|turn|16
|
|t:|1743867004
|move|p1a: Houndstone|Protect|p1a: Houndstone
|-singleturn|p1a: Houndstone|Protect
|move|p2a: The Monolith|Dragon Pulse|p1a: Houndstone
|-activate|p1a: Houndstone|move: Protect
|
|-heal|p1a: Houndstone|48/100|[from] item: Leftovers
|-damage|p2a: The Monolith|27/100 brn|[from] brn
|upkeep
|turn|17
|
|t:|1743867017
|move|p2a: The Monolith|Dragon Pulse|p1a: Houndstone
|-damage|p1a: Houndstone|0 fnt
|faint|p1a: Houndstone
|
|-damage|p2a: The Monolith|21/100 brn|[from] brn
|upkeep
|
|t:|1743867022
|switch|p1a: Kilowattrel|Kilowattrel, F|100/100
|turn|18
|-message|Lic21b034 forfeited.
|
|win|Skibidi Toothpaste
|raw|Lic21b034's rating: 1201 &rarr; <strong>1177</strong><br />(-24 for losing)
|raw|Skibidi Toothpaste's rating: 1211 &rarr; <strong>1235</strong><br />(+24 for winning)
|l|☆Lic21b034
|player|p1|
|l|☆Skibidi Toothpaste
|player|p2|
