|j|☆SnarfyCow26
|j|☆sleepdeprevation
|t:|1743829308
|gametype|singles
|player|p1|SnarfyCow26|miku-ground|1233
|player|p2|sleepdeprevation|ruinmaniac|1176
|teamsize|p1|6
|teamsize|p2|6
|gen|9
|tier|[Gen 9] OU
|rated|
|rule|HP Percentage Mod: HP is shown in percentages
|rule|Endless Battle Clause: Forcing endless battles is banned
|rule|Species Clause: Limit one of each Pokémon
|rule|OHKO Clause: OHKO moves are banned
|rule|Evasion Items Clause: Evasion items are banned
|rule|Evasion Moves Clause: Evasion moves are banned
|rule|Sleep Moves Clause: Sleep-inducing moves are banned
|clearpoke
|poke|p1|Moltres-Galar|
|poke|p1|Garganacl, F|
|poke|p1|Kingambit, M|
|poke|p1|Iron Boulder|
|poke|p1|Keldeo-Resolute|
|poke|p1|Kyurem|
|poke|p2|Hydrapple, M|
|poke|p2|Excadrill, M|
|poke|p2|Hippowdon, F|
|poke|p2|Garganacl, F|
|poke|p2|Samurott-Hisui, F|
|poke|p2|Skeledirge, M|
|teampreview
|inactive|Battle timer is ON: inactive players will automatically lose when time's up. (requested by SnarfyCow26)
|c|☆SnarfyCow26|hi glhf
|inactive|sleepdeprevation has 120 seconds left.
|inactive|sleepdeprevation has 90 seconds left.
|c|☆sleepdeprevation|u2
|
|t:|1743829382
|start
|switch|p1a: Kyurem|Kyurem|100/100
|switch|p2a: Hydrapple|Hydrapple, M|100/100
|-ability|p1a: Kyurem|Pressure
|turn|1
|
|t:|1743829399
|switch|p2a: Garganacl|Garganacl, F|100/100
|move|p1a: Kyurem|Icicle Spear|p2a: Garganacl
|-damage|p2a: Garganacl|92/100
|-damage|p2a: Garganacl|82/100
|-damage|p2a: Garganacl|74/100
|-damage|p2a: Garganacl|65/100
|-hitcount|p2a: Garganacl|4
|
|-heal|p2a: Garganacl|71/100|[from] item: Leftovers
|upkeep
|turn|2
|
|t:|1743829410
|move|p1a: Kyurem|Dragon Dance|p1a: Kyurem
|-boost|p1a: Kyurem|atk|1
|-boost|p1a: Kyurem|spe|1
|move|p2a: Garganacl|Salt Cure|p1a: Kyurem
|-supereffective|p1a: Kyurem
|-damage|p1a: Kyurem|74/100
|-start|p1a: Kyurem|Salt Cure
|
|-heal|p2a: Garganacl|77/100|[from] item: Leftovers
|-damage|p1a: Kyurem|62/100|[from] Salt Cure
|upkeep
|turn|3
|
|t:|1743829423
|move|p1a: Kyurem|Icicle Spear|p2a: Garganacl
|-damage|p2a: Garganacl|66/100
|-damage|p2a: Garganacl|53/100
|-damage|p2a: Garganacl|41/100
|-damage|p2a: Garganacl|27/100
|-hitcount|p2a: Garganacl|4
|move|p2a: Garganacl|Recover|p2a: Garganacl
|-heal|p2a: Garganacl|77/100
|
|-heal|p2a: Garganacl|83/100|[from] item: Leftovers
|-damage|p1a: Kyurem|49/100|[from] Salt Cure
|upkeep
|turn|4
|
|t:|1743829438
|switch|p2a: Skeledirge|Skeledirge, M|100/100
|move|p1a: Kyurem|Dragon Dance|p1a: Kyurem
|-boost|p1a: Kyurem|atk|1
|-boost|p1a: Kyurem|spe|1
|
|-damage|p1a: Kyurem|37/100|[from] Salt Cure
|upkeep
|turn|5
|
|t:|1743829445
|move|p1a: Kyurem|Shadow Claw|p2a: Skeledirge
|-supereffective|p2a: Skeledirge
|-damage|p2a: Skeledirge|70/100
|move|p2a: Skeledirge|Will-O-Wisp|p1a: Kyurem|[miss]
|-miss|p2a: Skeledirge|p1a: Kyurem
|
|-damage|p1a: Kyurem|25/100|[from] Salt Cure
|upkeep
|turn|6
|c|☆SnarfyCow26|what
|c|☆SnarfyCow26|oh right
|c|☆SnarfyCow26|unaware
|
|t:|1743829467
|move|p1a: Kyurem|Scale Shot|p2a: Skeledirge
|-crit|p2a: Skeledirge
|-damage|p2a: Skeledirge|57/100
|-crit|p2a: Skeledirge
|-damage|p2a: Skeledirge|46/100
|-damage|p2a: Skeledirge|37/100
|-damage|p2a: Skeledirge|29/100
|-hitcount|p2a: Skeledirge|4
|-unboost|p1a: Kyurem|def|1
|-boost|p1a: Kyurem|spe|1
|move|p2a: Skeledirge|Torch Song|p1a: Kyurem
|-damage|p1a: Kyurem|0 fnt
|-boost|p2a: Skeledirge|spa|1
|faint|p1a: Kyurem
|
|upkeep
|
|t:|1743829482
|switch|p1a: Kelden|Keldeo-Resolute|100/100
|turn|7
|
|t:|1743829488
|move|p1a: Kelden|Surf|p2a: Skeledirge
|-supereffective|p2a: Skeledirge
|-damage|p2a: Skeledirge|0 fnt
|faint|p2a: Skeledirge
|
|upkeep
|
|t:|1743829493
|switch|p2a: Hydrapple|Hydrapple, M|100/100
|turn|8
|
|t:|1743829497
|move|p1a: Kelden|Air Slash|p2a: Hydrapple
|-supereffective|p2a: Hydrapple
|-damage|p2a: Hydrapple|47/100
|move|p2a: Hydrapple|Nasty Plot|p2a: Hydrapple
|-boost|p2a: Hydrapple|spa|2
|
|upkeep
|turn|9
|
|t:|1743829505
|-terastallize|p2a: Hydrapple|Steel
|move|p1a: Kelden|Air Slash|p2a: Hydrapple
|-resisted|p2a: Hydrapple
|-damage|p2a: Hydrapple|33/100
|move|p2a: Hydrapple|Giga Drain|p1a: Kelden
|-supereffective|p1a: Kelden
|-damage|p1a: Kelden|0 fnt
|-heal|p2a: Hydrapple|72/100|[from] drain|[of] p1a: Kelden
|faint|p1a: Kelden
|
|upkeep
|
|t:|1743829515
|switch|p1a: Moltres|Moltres-Galar|100/100
|turn|10
|
|t:|1743829520
|move|p1a: Moltres|Fiery Wrath|p2a: Hydrapple
|-damage|p2a: Hydrapple|37/100
|move|p2a: Hydrapple|Fickle Beam|p1a: Moltres|[anim] Fickle Beam All Out
|-activate|p2a: Hydrapple|move: Fickle Beam
|-damage|p1a: Moltres|0 fnt
|faint|p1a: Moltres
|
|upkeep
|
|t:|1743829532
|switch|p1a: THE CONDIMENT|Garganacl, F, shiny|100/100
|turn|11
|
|t:|1743829535
|move|p2a: Hydrapple|Giga Drain|p1a: THE CONDIMENT
|-supereffective|p1a: THE CONDIMENT
|-damage|p1a: THE CONDIMENT|0 fnt
|-heal|p2a: Hydrapple|78/100|[from] drain|[of] p1a: THE CONDIMENT
|faint|p1a: THE CONDIMENT
|
|upkeep
|c|☆SnarfyCow26|you have speed ivs?
|c|☆SnarfyCow26|gg
|c|☆SnarfyCow26|wp
|
|t:|1743829555
|switch|p1a: Iron Boulder|Iron Boulder|100/100
|-enditem|p1a: Iron Boulder|Booster Energy
|-activate|p1a: Iron Boulder|ability: Quark Drive|[fromitem]
|-start|p1a: Iron Boulder|quarkdrivespe
|turn|12
|c|☆sleepdeprevation|just 88 sptack
|c|☆sleepdeprevation|draples a beast
|
|t:|1743829570
|-terastallize|p1a: Iron Boulder|Fighting
|move|p1a: Iron Boulder|Sacred Sword|p2a: Hydrapple
|-supereffective|p2a: Hydrapple
|-damage|p2a: Hydrapple|29/100
|move|p2a: Hydrapple|Giga Drain|p1a: Iron Boulder
|-damage|p1a: Iron Boulder|35/100
|-heal|p2a: Hydrapple|55/100|[from] drain|[of] p1a: Iron Boulder
|
|upkeep
|turn|13
|c|☆SnarfyCow26|wow
|
|t:|1743829585
|switch|p2a: Hippowdon|Hippowdon, F|100/100
|-weather|Sandstorm|[from] ability: Sand Stream|[of] p2a: Hippowdon
|move|p1a: Iron Boulder|Sacred Sword|p2a: Hippowdon
|-crit|p2a: Hippowdon
|-damage|p2a: Hippowdon|50/100
|
|-weather|Sandstorm|[upkeep]
|-damage|p1a: Iron Boulder|29/100|[from] Sandstorm
|-heal|p2a: Hippowdon|56/100|[from] item: Leftovers
|upkeep
|turn|14
|
|t:|1743829596
|move|p1a: Iron Boulder|Swords Dance|p1a: Iron Boulder
|-boost|p1a: Iron Boulder|atk|2
|move|p2a: Hippowdon|Earthquake|p1a: Iron Boulder
|-damage|p1a: Iron Boulder|0 fnt
|faint|p1a: Iron Boulder
|-end|p1a: Iron Boulder|Quark Drive|[silent]
|
|-weather|Sandstorm|[upkeep]
|-heal|p2a: Hippowdon|62/100|[from] item: Leftovers
|upkeep
|c|☆SnarfyCow26|i thought youd slack off
|c|☆SnarfyCow26|ggwp bro
|
|t:|1743829615
|switch|p1a: Kingambit|Kingambit, M|100/100
|-activate|p1a: Kingambit|ability: Supreme Overlord
|-start|p1a: Kingambit|fallen5|[silent]
|turn|15
|
|t:|1743829619
|move|p1a: Kingambit|Kowtow Cleave|p2a: Hippowdon
|-damage|p2a: Hippowdon|10/100
|move|p2a: Hippowdon|Earthquake|p1a: Kingambit
|-supereffective|p1a: Kingambit
|-damage|p1a: Kingambit|42/100
|
|-weather|Sandstorm|[upkeep]
|-heal|p2a: Hippowdon|16/100|[from] item: Leftovers
|upkeep
|turn|16
|
|t:|1743829628
|move|p1a: Kingambit|Kowtow Cleave|p2a: Hippowdon
|-damage|p2a: Hippowdon|0 fnt
|faint|p2a: Hippowdon
|
|-weather|Sandstorm|[upkeep]
|upkeep
|
|t:|1743829635
|switch|p2a: Samurott|Samurott-Hisui, F|100/100
|turn|17
|
|t:|1743829643
|move|p2a: Samurott|Razor Shell|p1a: Kingambit
|-damage|p1a: Kingambit|0 fnt
|faint|p1a: Kingambit
|-end|p1a: Kingambit|fallen5|[silent]
|
|win|sleepdeprevation
|raw|SnarfyCow26's rating: 1233 &rarr; <strong>1204</strong><br />(-29 for losing)
|raw|sleepdeprevation's rating: 1176 &rarr; <strong>1205</strong><br />(+29 for winning)
|l|☆sleepdeprevation
|player|p2|
|l|☆SnarfyCow26
|player|p1|
