|j|☆urr02
|j|☆brodiewhaat.
|t:|1743823086
|gametype|singles
|player|p1|urr02|1|1238
|player|p2|brodiewhaat.|bugcatcher-gen4dp|1276
|teamsize|p1|6
|teamsize|p2|6
|gen|9
|tier|[Gen 9] OU
|rated|
|rule|HP Percentage Mod: HP is shown in percentages
|rule|Endless Battle Clause: Forcing endless battles is banned
|rule|Species Clause: Limit one of each Pokémon
|rule|OHKO Clause: OHKO moves are banned
|rule|Evasion Items Clause: Evasion items are banned
|rule|Evasion Moves Clause: Evasion moves are banned
|rule|Sleep Moves Clause: Sleep-inducing moves are banned
|clearpoke
|poke|p1|Dragonite, F|
|poke|p1|Entei|
|poke|p1|Lycanroc-Dusk, F|
|poke|p1|Mamoswine, F|
|poke|p1|Scizor, M|
|poke|p1|Kingambit, F|
|poke|p2|Pelipper, M|
|poke|p2|Golduck, M|
|poke|p2|Barraskewda, M|
|poke|p2|Zapdos|
|poke|p2|Weezing-Galar, M|
|poke|p2|Goodra-Hisui, M|
|teampreview
|inactive|Battle timer is ON: inactive players will automatically lose when time's up. (requested by brodiewhaat.)
|
|t:|1743823113
|start
|switch|p1a: Lycanroc|Lycanroc-Dusk, F|100/100
|switch|p2a: Pelipper|Pelipper, M|100/100
|-weather|RainDance|[from] ability: Drizzle|[of] p2a: Pelipper
|turn|1
|
|t:|1743823122
|switch|p2a: Weezing|Weezing-Galar, M|100/100
|move|p1a: Lycanroc|Accelerock|p2a: Weezing
|-damage|p2a: Weezing|76/100
|
|-weather|RainDance|[upkeep]
|-heal|p2a: Weezing|82/100|[from] item: Leftovers
|upkeep
|turn|2
|
|t:|1743823132
|move|p1a: Lycanroc|Accelerock|p2a: Weezing
|-damage|p2a: Weezing|55/100
|move|p2a: Weezing|Will-O-Wisp|p1a: Lycanroc
|-status|p1a: Lycanroc|brn
|
|-weather|RainDance|[upkeep]
|-heal|p2a: Weezing|61/100|[from] item: Leftovers
|-damage|p1a: Lycanroc|94/100 brn|[from] brn
|upkeep
|turn|3
|
|t:|1743823143
|move|p1a: Lycanroc|Accelerock|p2a: Weezing
|-damage|p2a: Weezing|48/100
|move|p2a: Weezing|Pain Split|p1a: Lycanroc
|-sethp|p1a: Lycanroc|75/100 brn|[from] move: Pain Split|[silent]
|-sethp|p2a: Weezing|65/100|[from] move: Pain Split
|
|-weather|RainDance|[upkeep]
|-heal|p2a: Weezing|71/100|[from] item: Leftovers
|-damage|p1a: Lycanroc|69/100 brn|[from] brn
|upkeep
|turn|4
|
|t:|1743823155
|switch|p1a: Entei|Entei|100/100
|switch|p2a: Goodra|Goodra-Hisui, M|100/100
|
|-weather|RainDance|[upkeep]
|upkeep
|turn|5
|
|t:|1743823163
|switch|p2a: Pelipper|Pelipper, M|100/100
|move|p1a: Entei|Swagger|p2a: Pelipper
|-boost|p2a: Pelipper|atk|2
|-start|p2a: Pelipper|confusion
|-enditem|p1a: Entei|Mirror Herb
|-boost|p1a: Entei|atk|2|[from] item: Mirror Herb
|
|-weather|RainDance|[upkeep]
|upkeep
|turn|6
|
|t:|1743823171
|-terastallize|p1a: Entei|Normal
|move|p1a: Entei|Extreme Speed|p2a: Pelipper
|-damage|p2a: Pelipper|26/100
|-activate|p2a: Pelipper|confusion
|move|p2a: Pelipper|Weather Ball|p1a: Entei
|-damage|p1a: Entei|43/100
|
|-weather|RainDance|[upkeep]
|upkeep
|turn|7
|
|t:|1743823188
|switch|p2a: Goodra|Goodra-Hisui, M|100/100
|move|p1a: Entei|Extreme Speed|p2a: Goodra
|-resisted|p2a: Goodra
|-damage|p2a: Goodra|58/100
|
|-weather|RainDance|[upkeep]
|upkeep
|turn|8
|
|t:|1743823195
|move|p1a: Entei|Sacred Fire|p2a: Goodra
|-damage|p2a: Goodra|12/100
|move|p2a: Goodra|Flash Cannon|p1a: Entei
|-damage|p1a: Entei|13/100
|
|-weather|none
|upkeep
|turn|9
|
|t:|1743823201
|move|p1a: Entei|Extreme Speed|p2a: Goodra
|-resisted|p2a: Goodra
|-damage|p2a: Goodra|0 fnt
|faint|p2a: Goodra
|
|upkeep
|
|t:|1743823209
|switch|p2a: Pelipper|Pelipper, M|26/100
|-weather|RainDance|[from] ability: Drizzle|[of] p2a: Pelipper
|turn|10
|
|t:|1743823230
|move|p1a: Entei|Extreme Speed|p2a: Pelipper
|-damage|p2a: Pelipper|0 fnt
|faint|p2a: Pelipper
|
|-weather|RainDance|[upkeep]
|upkeep
|
|t:|1743823235
|switch|p2a: Weezing|Weezing-Galar, M|71/100
|turn|11
|
|t:|1743823240
|move|p1a: Entei|Extreme Speed|p2a: Weezing
|-damage|p2a: Weezing|20/100
|move|p2a: Weezing|Strange Steam|p1a: Entei
|-damage|p1a: Entei|0 fnt
|faint|p1a: Entei
|
|-weather|RainDance|[upkeep]
|-heal|p2a: Weezing|26/100|[from] item: Leftovers
|upkeep
|
|t:|1743823256
|switch|p1a: Scizor|Scizor, M|100/100
|turn|12
|
|t:|1743823260
|move|p1a: Scizor|Swords Dance|p1a: Scizor
|-boost|p1a: Scizor|atk|2
|move|p2a: Weezing|Will-O-Wisp|p1a: Scizor
|-status|p1a: Scizor|brn
|
|-weather|RainDance|[upkeep]
|-heal|p2a: Weezing|32/100|[from] item: Leftovers
|-damage|p1a: Scizor|94/100 brn|[from] brn
|upkeep
|turn|13
|
|t:|1743823263
|move|p1a: Scizor|Swords Dance|p1a: Scizor
|-boost|p1a: Scizor|atk|2
|move|p2a: Weezing|Pain Split|p1a: Scizor
|-sethp|p1a: Scizor|63/100 brn|[from] move: Pain Split|[silent]
|-sethp|p2a: Weezing|64/100|[from] move: Pain Split
|
|-weather|RainDance|[upkeep]
|-heal|p2a: Weezing|70/100|[from] item: Leftovers
|-damage|p1a: Scizor|56/100 brn|[from] brn
|upkeep
|turn|14
|
|t:|1743823269
|move|p1a: Scizor|Bullet Punch|p2a: Weezing
|-supereffective|p2a: Weezing
|-damage|p2a: Weezing|0 fnt
|faint|p2a: Weezing
|
|-weather|RainDance|[upkeep]
|-damage|p1a: Scizor|50/100 brn|[from] brn
|upkeep
|
|t:|1743823277
|switch|p2a: Golduck|Golduck, M|100/100
|turn|15
|
|t:|1743823289
|move|p1a: Scizor|Bullet Punch|p2a: Golduck
|-resisted|p2a: Golduck
|-damage|p2a: Golduck|57/100
|move|p2a: Golduck|Hydro Pump|p1a: Scizor
|-crit|p1a: Scizor
|-damage|p1a: Scizor|0 fnt
|faint|p1a: Scizor
|-damage|p2a: Golduck|47/100|[from] item: Life Orb
|
|-weather|RainDance|[upkeep]
|upkeep
|
|t:|1743823296
|switch|p1a: Lycanroc|Lycanroc-Dusk, F|69/100 brn
|turn|16
|
|t:|1743823301
|move|p1a: Lycanroc|Accelerock|p2a: Golduck
|-damage|p2a: Golduck|20/100
|move|p2a: Golduck|Hydro Pump|p1a: Lycanroc
|-supereffective|p1a: Lycanroc
|-damage|p1a: Lycanroc|0 fnt
|faint|p1a: Lycanroc
|-damage|p2a: Golduck|10/100|[from] item: Life Orb
|
|-weather|RainDance|[upkeep]
|upkeep
|
|t:|1743823318
|switch|p1a: Dragonite|Dragonite, F|100/100
|turn|17
|
|t:|1743823323
|switch|p2a: Zapdos|Zapdos, shiny|100/100
|move|p1a: Dragonite|Extreme Speed|p2a: Zapdos
|-damage|p2a: Zapdos|67/100
|-status|p1a: Dragonite|par|[from] ability: Static|[of] p2a: Zapdos
|
|-weather|none
|upkeep
|turn|18
|
|t:|1743823329
|move|p2a: Zapdos|Roost|p2a: Zapdos
|-heal|p2a: Zapdos|100/100
|-singleturn|p2a: Zapdos|move: Roost
|move|p1a: Dragonite|Dragon Dance|p1a: Dragonite
|-boost|p1a: Dragonite|atk|1
|-boost|p1a: Dragonite|spe|1
|
|upkeep
|turn|19
|
|t:|1743823335
|move|p2a: Zapdos|Hurricane|p1a: Dragonite
|-damage|p1a: Dragonite|79/100 par
|move|p1a: Dragonite|Ice Spinner|p2a: Zapdos
|-supereffective|p2a: Zapdos
|-damage|p2a: Zapdos|4/100
|
|upkeep
|turn|20
|
|t:|1743823342
|move|p1a: Dragonite|Extreme Speed|p2a: Zapdos
|-damage|p2a: Zapdos|0 fnt
|faint|p2a: Zapdos
|
|upkeep
|
|t:|1743823346
|switch|p2a: Golduck|Golduck, M|10/100
|turn|21
|
|t:|1743823348
|move|p1a: Dragonite|Extreme Speed|p2a: Golduck
|-damage|p2a: Golduck|0 fnt
|faint|p2a: Golduck
|
|upkeep
|
|t:|1743823350
|switch|p2a: Barraskewda|Barraskewda, M|100/100
|turn|22
|-message|brodiewhaat. forfeited.
|
|win|urr02
|raw|urr02's rating: 1238 &rarr; <strong>1266</strong><br />(+28 for winning)
|raw|brodiewhaat.'s rating: 1276 &rarr; <strong>1248</strong><br />(-28 for losing)
|l|☆brodiewhaat.
|player|p2|
|l|☆urr02
|player|p1|
