|j|☆solo un player
|j|☆jinsakair35
|t:|1743826554
|gametype|singles
|player|p1|solo un player|unknown|1085
|player|p2|jinsakair35|policeman-gen4|1149
|teamsize|p1|6
|teamsize|p2|6
|gen|9
|tier|[Gen 9] OU
|rated|
|rule|HP Percentage Mod: HP is shown in percentages
|rule|Endless Battle Clause: Forcing endless battles is banned
|rule|Species Clause: Limit one of each Pokémon
|rule|OHKO Clause: OHKO moves are banned
|rule|Evasion Items Clause: Evasion items are banned
|rule|Evasion Moves Clause: Evasion moves are banned
|rule|Sleep Moves Clause: Sleep-inducing moves are banned
|clearpoke
|poke|p1|Maushold|
|poke|p1|Clodsire, M|
|poke|p1|Mandibuzz, F|
|poke|p1|Dragonite, F|
|poke|p1|Tinkaton, F|
|poke|p1|Gholdengo|
|poke|p2|Greninja-*, M|
|poke|p2|Zamazenta-*|
|poke|p2|Landorus-Therian, M|
|poke|p2|Darkrai|
|poke|p2|Rillaboom, M|
|poke|p2|Iron Crown|
|teampreview
|inactive|Battle timer is ON: inactive players will automatically lose when time's up. (requested by jinsakair35)
|
|t:|1743826565
|start
|switch|p1a: Maushold|Maushold|100/100
|switch|p2a: Landorus|Landorus-Therian, M|100/100
|-ability|p2a: Landorus|Intimidate|boost
|-unboost|p1a: Maushold|atk|1
|turn|1
|
|t:|1743826573
|move|p1a: Maushold|Taunt|p2a: Landorus
|-start|p2a: Landorus|move: Taunt
|cant|p2a: Landorus|move: Taunt|Taunt
|
|upkeep
|turn|2
|
|t:|1743826585
|switch|p1a: Mandibuzz|Mandibuzz, F|100/100
|move|p2a: Landorus|U-turn|p1a: Mandibuzz
|-damage|p1a: Mandibuzz|87/100
|
|t:|1743826596
|switch|p2a: Greninja|Greninja, M|100/100|[from] U-turn
|
|upkeep
|turn|3
|
|t:|1743826600
|switch|p1a: Clodsire|Clodsire, M|100/100
|move|p2a: Greninja|Ice Beam|p1a: Clodsire
|-supereffective|p1a: Clodsire
|-damage|p1a: Clodsire|65/100
|-damage|p2a: Greninja|91/100|[from] item: Life Orb
|
|-heal|p1a: Clodsire|71/100|[from] item: Black Sludge
|upkeep
|turn|4
|
|t:|1743826606
|switch|p2a: Darkrai|Darkrai|100/100
|move|p1a: Clodsire|Stealth Rock|p2a: Darkrai
|-sidestart|p2: jinsakair35|move: Stealth Rock
|
|-heal|p1a: Clodsire|78/100|[from] item: Black Sludge
|upkeep
|turn|5
|
|t:|1743826614
|move|p2a: Darkrai|Will-O-Wisp|p1a: Clodsire|[miss]
|-miss|p2a: Darkrai|p1a: Clodsire
|move|p1a: Clodsire|Recover|p1a: Clodsire
|-heal|p1a: Clodsire|100/100
|
|upkeep
|turn|6
|
|t:|1743826617
|move|p2a: Darkrai|Will-O-Wisp|p1a: Clodsire
|-status|p1a: Clodsire|brn
|move|p1a: Clodsire|Toxic|p2a: Darkrai
|-status|p2a: Darkrai|tox
|
|-damage|p2a: Darkrai|94/100 tox|[from] psn
|-damage|p1a: Clodsire|94/100 brn|[from] brn
|upkeep
|turn|7
|
|t:|1743826624
|switch|p1a: Maushold|Maushold|100/100
|move|p2a: Darkrai|Nasty Plot|p2a: Darkrai
|-boost|p2a: Darkrai|spa|2
|
|-heal|p2a: Darkrai|100/100 tox|[from] item: Leftovers
|-damage|p2a: Darkrai|88/100 tox|[from] psn
|upkeep
|turn|8
|
|t:|1743826635
|switch|p1a: Clodsire|Clodsire, M|94/100 brn
|move|p2a: Darkrai|Dark Pulse|p1a: Clodsire
|-damage|p1a: Clodsire|71/100 brn
|
|-heal|p2a: Darkrai|94/100 tox|[from] item: Leftovers
|-heal|p1a: Clodsire|77/100 brn|[from] item: Black Sludge
|-damage|p2a: Darkrai|76/100 tox|[from] psn
|-damage|p1a: Clodsire|71/100 brn|[from] brn
|upkeep
|turn|9
|
|t:|1743826646
|move|p2a: Darkrai|Nasty Plot|p2a: Darkrai
|-boost|p2a: Darkrai|spa|2
|move|p1a: Clodsire|Recover|p1a: Clodsire
|-heal|p1a: Clodsire|100/100 brn
|
|-heal|p2a: Darkrai|82/100 tox|[from] item: Leftovers
|-damage|p2a: Darkrai|58/100 tox|[from] psn
|-damage|p1a: Clodsire|94/100 brn|[from] brn
|upkeep
|turn|10
|
|t:|1743826655
|move|p2a: Darkrai|Dark Pulse|p1a: Clodsire
|-damage|p1a: Clodsire|70/100 brn
|move|p1a: Clodsire|Chilling Water|p2a: Darkrai
|-damage|p2a: Darkrai|50/100 tox
|-unboost|p2a: Darkrai|atk|1
|
|-heal|p2a: Darkrai|56/100 tox|[from] item: Leftovers
|-heal|p1a: Clodsire|76/100 brn|[from] item: Black Sludge
|-damage|p2a: Darkrai|25/100 tox|[from] psn
|-damage|p1a: Clodsire|70/100 brn|[from] brn
|upkeep
|turn|11
|
|t:|1743826668
|move|p2a: Darkrai|Dark Pulse|p1a: Clodsire
|-damage|p1a: Clodsire|48/100 brn
|cant|p1a: Clodsire|flinch
|
|-heal|p2a: Darkrai|31/100 tox|[from] item: Leftovers
|-heal|p1a: Clodsire|54/100 brn|[from] item: Black Sludge
|-damage|p2a: Darkrai|0 fnt|[from] psn
|faint|p2a: Darkrai
|-damage|p1a: Clodsire|48/100 brn|[from] brn
|upkeep
|
|t:|1743826690
|switch|p2a: Rillaboom|Rillaboom, M|100/100
|-damage|p2a: Rillaboom|88/100|[from] Stealth Rock
|-fieldstart|move: Grassy Terrain|[from] ability: Grassy Surge|[of] p2a: Rillaboom
|turn|12
|
|t:|1743826699
|switch|p1a: Mandibuzz|Mandibuzz, F|87/100
|move|p2a: Rillaboom|Knock Off|p1a: Mandibuzz
|-resisted|p1a: Mandibuzz
|-crit|p1a: Mandibuzz
|-damage|p1a: Mandibuzz|59/100
|-enditem|p1a: Mandibuzz|Heavy-Duty Boots|[from] move: Knock Off|[of] p2a: Rillaboom
|
|-heal|p2a: Rillaboom|94/100|[from] Grassy Terrain
|upkeep
|turn|13
|
|t:|1743826718
|switch|p2a: Greninja|Greninja, M|91/100
|-damage|p2a: Greninja|78/100|[from] Stealth Rock
|move|p1a: Mandibuzz|Roost|p1a: Mandibuzz
|-heal|p1a: Mandibuzz|100/100
|-singleturn|p1a: Mandibuzz|move: Roost
|
|-heal|p2a: Greninja|84/100|[from] Grassy Terrain
|upkeep
|turn|14
|
|t:|1743826729
|switch|p1a: Gholdengo|Gholdengo|100/100
|move|p2a: Greninja|Ice Beam|p1a: Gholdengo
|-resisted|p1a: Gholdengo
|-damage|p1a: Gholdengo|81/100
|-damage|p2a: Greninja|75/100|[from] item: Life Orb
|
|-heal|p1a: Gholdengo|87/100|[from] Grassy Terrain
|-heal|p2a: Greninja|80/100|[from] Grassy Terrain
|upkeep
|turn|15
|
|t:|1743826737
|move|p1a: Gholdengo|Make It Rain|p2a: Greninja
|-resisted|p2a: Greninja
|-damage|p2a: Greninja|25/100
|-unboost|p1a: Gholdengo|spa|1
|move|p2a: Greninja|Dark Pulse|p1a: Gholdengo
|-supereffective|p1a: Gholdengo
|-crit|p1a: Gholdengo
|-damage|p1a: Gholdengo|0 fnt
|faint|p1a: Gholdengo
|-ability|p2a: Greninja|Battle Bond|boost
|-boost|p2a: Greninja|atk|1
|-boost|p2a: Greninja|spa|1
|-boost|p2a: Greninja|spe|1
|-activate|p2a: Greninja|ability: Battle Bond
|-damage|p2a: Greninja|15/100|[from] item: Life Orb
|
|-heal|p2a: Greninja|21/100|[from] Grassy Terrain
|upkeep
|
|t:|1743826744
|switch|p1a: Clodsire|Clodsire, M|48/100 brn
|turn|16
|
|t:|1743826749
|move|p2a: Greninja|Ice Beam|p1a: Clodsire
|-supereffective|p1a: Clodsire
|-damage|p1a: Clodsire|8/100 brn
|-damage|p2a: Greninja|11/100|[from] item: Life Orb
|move|p1a: Clodsire|Recover|p1a: Clodsire
|-heal|p1a: Clodsire|58/100 brn
|
|-heal|p2a: Greninja|17/100|[from] Grassy Terrain
|-heal|p1a: Clodsire|65/100 brn|[from] Grassy Terrain
|-heal|p1a: Clodsire|71/100 brn|[from] item: Black Sludge
|-damage|p1a: Clodsire|65/100 brn|[from] brn
|-fieldend|move: Grassy Terrain
|upkeep
|turn|17
|
|t:|1743826756
|move|p2a: Greninja|Hydro Pump|p1a: Clodsire
|-supereffective|p1a: Clodsire
|-damage|p1a: Clodsire|0 fnt
|faint|p1a: Clodsire
|-damage|p2a: Greninja|8/100|[from] item: Life Orb
|
|upkeep
|
|t:|1743826760
|switch|p1a: Dragonite|Dragonite, F|100/100
|turn|18
|
|t:|1743826768
|move|p1a: Dragonite|Extreme Speed|p2a: Greninja
|-damage|p2a: Greninja|0 fnt
|faint|p2a: Greninja
|
|upkeep
|
|t:|1743826784
|switch|p2a: Iron Crown|Iron Crown|100/100
|-damage|p2a: Iron Crown|94/100|[from] Stealth Rock
|turn|19
|
|t:|1743826790
|switch|p1a: Mandibuzz|Mandibuzz, F|100/100
|move|p2a: Iron Crown|Psychic Noise|p1a: Mandibuzz
|-immune|p1a: Mandibuzz
|
|upkeep
|turn|20
|
|t:|1743826798
|move|p2a: Iron Crown|Tachyon Cutter|p1a: Mandibuzz
|-damage|p1a: Mandibuzz|87/100
|-damage|p1a: Mandibuzz|73/100
|-hitcount|p1a: Mandibuzz|2
|move|p1a: Mandibuzz|Foul Play|p2a: Iron Crown
|-supereffective|p2a: Iron Crown
|-damage|p2a: Iron Crown|54/100
|
|upkeep
|turn|21
|
|t:|1743826805
|move|p2a: Iron Crown|Volt Switch|p1a: Mandibuzz
|-supereffective|p1a: Mandibuzz
|-damage|p1a: Mandibuzz|45/100
|
|t:|1743826810
|-end|p2a: Iron Crown|Quark Drive|[silent]
|switch|p2a: Zamazenta|Zamazenta|100/100|[from] Volt Switch
|-damage|p2a: Zamazenta|94/100|[from] Stealth Rock
|-ability|p2a: Zamazenta|Dauntless Shield|boost
|-boost|p2a: Zamazenta|def|1
|move|p1a: Mandibuzz|Knock Off|p2a: Zamazenta
|-resisted|p2a: Zamazenta
|-damage|p2a: Zamazenta|89/100
|-enditem|p2a: Zamazenta|Leftovers|[from] move: Knock Off|[of] p1a: Mandibuzz
|
|upkeep
|turn|22
|
|t:|1743826820
|move|p2a: Zamazenta|Body Press|p1a: Mandibuzz
|-damage|p1a: Mandibuzz|9/100
|move|p1a: Mandibuzz|Roost|p1a: Mandibuzz
|-heal|p1a: Mandibuzz|59/100
|-singleturn|p1a: Mandibuzz|move: Roost
|
|upkeep
|turn|23
|
|t:|1743826826
|move|p2a: Zamazenta|Iron Defense|p2a: Zamazenta
|-boost|p2a: Zamazenta|def|2
|move|p1a: Mandibuzz|Roost|p1a: Mandibuzz
|-heal|p1a: Mandibuzz|100/100
|-singleturn|p1a: Mandibuzz|move: Roost
|
|upkeep
|turn|24
|
|t:|1743826838
|switch|p1a: Tinkaton|Tinkaton, F|100/100
|-ability|p1a: Tinkaton|Mold Breaker
|move|p2a: Zamazenta|Iron Defense|p2a: Zamazenta
|-boost|p2a: Zamazenta|def|2
|
|upkeep
|turn|25
|
|t:|1743826846
|move|p2a: Zamazenta|Body Press|p1a: Tinkaton
|-damage|p1a: Tinkaton|0 fnt
|faint|p1a: Tinkaton
|
|upkeep
|
|t:|1743826850
|switch|p1a: Maushold|Maushold|100/100
|turn|26
|
|t:|1743826854
|move|p2a: Zamazenta|Body Press|p1a: Maushold
|-supereffective|p1a: Maushold
|-damage|p1a: Maushold|0 fnt
|faint|p1a: Maushold
|
|upkeep
|-message|solo un player forfeited.
|
|win|jinsakair35
|raw|solo un player's rating: 1085 &rarr; <strong>1066</strong><br />(-19 for losing)
|raw|jinsakair35's rating: 1149 &rarr; <strong>1169</strong><br />(+20 for winning)
|l|☆solo un player
|player|p1|
|l|☆jinsakair35
|player|p2|
