|badge|p2|bronze|gen9ou|100-5
|uhtml|medal-msg|<div class="broadcast-blue">Curious what those medals under the avatar are? PS now has Ladder Seasons! For more information, check out the <a href="https://www.smogon.com/forums/threads/3740067/">thread on Smogon.</a></div>
|j|☆Bum_Muncha
|j|☆quinx of ladder
|t:|1743888726
|gametype|singles
|player|p1|Bum_Muncha|102|1668
|player|p2|quinx of ladder|cheryl|1777
|teamsize|p1|6
|teamsize|p2|6
|gen|9
|tier|[Gen 9] OU
|rated|
|rule|HP Percentage Mod: HP is shown in percentages
|rule|Endless Battle Clause: Forcing endless battles is banned
|rule|Species Clause: Limit one of each Pokémon
|rule|OHKO Clause: OHKO moves are banned
|rule|Evasion Items Clause: Evasion items are banned
|rule|Evasion Moves Clause: Evasion moves are banned
|rule|Sleep Moves Clause: Sleep-inducing moves are banned
|clearpoke
|poke|p1|Ting-Lu|
|poke|p1|Gliscor, M|
|poke|p1|Sinistcha|
|poke|p1|Keldeo-Resolute|
|poke|p1|Tinkaton, F|
|poke|p1|Dragonite, F|
|poke|p2|Cinderace, M|
|poke|p2|Kyurem|
|poke|p2|Dragonite, M|
|poke|p2|Iron Treads|
|poke|p2|Iron Valiant|
|poke|p2|Polteageist|
|teampreview
|
|t:|1743888761
|start
|switch|p1a: Tinkaton|Tinkaton, F|100/100
|switch|p2a: Cinderace|Cinderace, M|100/100
|-ability|p1a: Tinkaton|Mold Breaker
|-item|p1a: Tinkaton|Air Balloon
|turn|1
|
|t:|1743888771
|switch|p1a: Dragonite|Dragonite, F|100/100
|move|p2a: Cinderace|Pyro Ball|p1a: Dragonite
|-resisted|p1a: Dragonite
|-damage|p1a: Dragonite|88/100
|-status|p1a: Dragonite|brn
|
|-damage|p1a: Dragonite|82/100 brn|[from] brn
|upkeep
|turn|2
|
|t:|1743888775
|move|p2a: Cinderace|Gunk Shot|p1a: Dragonite
|-start|p2a: Cinderace|typechange|Poison|[from] ability: Libero
|-damage|p1a: Dragonite|26/100 brn
|move|p1a: Dragonite|Dragon Tail|p2a: Cinderace
|-damage|p2a: Cinderace|77/100
|drag|p2a: Iron Valiant|Iron Valiant|100/100
|-enditem|p2a: Iron Valiant|Booster Energy
|-activate|p2a: Iron Valiant|ability: Quark Drive|[fromitem]
|-start|p2a: Iron Valiant|quarkdrivespe
|
|-damage|p1a: Dragonite|20/100 brn|[from] brn
|upkeep
|turn|3
|
|t:|1743888780
|-end|p2a: Iron Valiant|Quark Drive|[silent]
|switch|p2a: Cinderace|Cinderace, M|77/100
|move|p1a: Dragonite|Extreme Speed|p2a: Cinderace
|-damage|p2a: Cinderace|56/100
|
|-damage|p1a: Dragonite|14/100 brn|[from] brn
|upkeep
|turn|4
|
|t:|1743888782
|move|p1a: Dragonite|Extreme Speed|p2a: Cinderace
|-damage|p2a: Cinderace|33/100
|move|p2a: Cinderace|Pyro Ball|p1a: Dragonite
|-resisted|p1a: Dragonite
|-damage|p1a: Dragonite|0 fnt
|faint|p1a: Dragonite
|
|upkeep
|j| alyras
|
|t:|1743888785
|switch|p1a: Keldeo|Keldeo-Resolute|100/100
|turn|5
|
|t:|1743888787
|move|p1a: Keldeo|Vacuum Wave|p2a: Cinderace
|-damage|p2a: Cinderace|3/100
|move|p2a: Cinderace|Gunk Shot|p1a: Keldeo|[miss]
|-start|p2a: Cinderace|typechange|Poison|[from] ability: Libero
|-miss|p2a: Cinderace|p1a: Keldeo
|
|upkeep
|turn|6
|
|t:|1743888797
|-terastallize|p2a: Cinderace|Ghost
|move|p2a: Cinderace|Gunk Shot|p1a: Keldeo
|-damage|p1a: Keldeo|31/100
|-status|p1a: Keldeo|psn
|move|p1a: Keldeo|Flip Turn|p2a: Cinderace
|-damage|p2a: Cinderace|0 fnt
|faint|p2a: Cinderace
|
|t:|1743888810
|switch|p1a: Tinkaton|Tinkaton, F|100/100|[from] Flip Turn
|-ability|p1a: Tinkaton|Mold Breaker
|-item|p1a: Tinkaton|Air Balloon
|
|upkeep
|
|t:|1743888819
|switch|p2a: Iron Treads|Iron Treads|100/100
|turn|7
|j| papeadoradejuanes
|
|t:|1743888837
|move|p2a: Iron Treads|Rapid Spin|p1a: Tinkaton
|-resisted|p1a: Tinkaton
|-damage|p1a: Tinkaton|92/100
|-boost|p2a: Iron Treads|spe|1
|-enditem|p1a: Tinkaton|Air Balloon
|move|p1a: Tinkaton|Knock Off|p2a: Iron Treads
|-damage|p2a: Iron Treads|85/100
|-enditem|p2a: Iron Treads|Shuca Berry|[from] move: Knock Off|[of] p1a: Tinkaton
|
|upkeep
|turn|8
|
|t:|1743888840
|switch|p1a: Gliscor|Gliscor, M|100/100
|move|p2a: Iron Treads|Stealth Rock|p1a: Gliscor
|-sidestart|p1: Bum_Muncha|move: Stealth Rock
|
|-status|p1a: Gliscor|tox|[from] item: Toxic Orb
|upkeep
|turn|9
|l| papeadoradejuanes
|
|t:|1743888844
|move|p2a: Iron Treads|Ice Spinner|p1a: Gliscor
|-supereffective|p1a: Gliscor
|-damage|p1a: Gliscor|27/100 tox
|move|p1a: Gliscor|Swords Dance|p1a: Gliscor
|-boost|p1a: Gliscor|atk|2
|
|-heal|p1a: Gliscor|39/100 tox|[from] ability: Poison Heal
|upkeep
|turn|10
|
|t:|1743888850
|move|p1a: Gliscor|Protect|p1a: Gliscor
|-singleturn|p1a: Gliscor|Protect
|move|p2a: Iron Treads|Ice Spinner|p1a: Gliscor
|-activate|p1a: Gliscor|move: Protect
|
|-heal|p1a: Gliscor|52/100 tox|[from] ability: Poison Heal
|upkeep
|turn|11
|
|t:|1743888853
|switch|p1a: Sinistcha|Sinistcha|100/100
|move|p2a: Iron Treads|Ice Spinner|p1a: Sinistcha
|-supereffective|p1a: Sinistcha
|-crit|p1a: Sinistcha
|-damage|p1a: Sinistcha|54/100
|
|upkeep
|turn|12
|
|t:|1743888857
|-end|p2a: Iron Treads|Quark Drive|[silent]
|switch|p2a: Polteageist|Polteageist|100/100
|move|p1a: Sinistcha|Strength Sap|p2a: Polteageist
|-unboost|p2a: Polteageist|atk|1
|-heal|p1a: Sinistcha|97/100
|
|upkeep
|turn|13
|
|t:|1743888861
|switch|p2a: Kyurem|Kyurem|100/100
|-ability|p2a: Kyurem|Pressure
|switch|p1a: Tinkaton|Tinkaton, F|92/100
|-damage|p1a: Tinkaton|85/100|[from] Stealth Rock
|-ability|p1a: Tinkaton|Mold Breaker
|
|upkeep
|turn|14
|
|t:|1743888869
|switch|p2a: Iron Treads|Iron Treads|85/100
|move|p1a: Tinkaton|Stealth Rock|p2a: Iron Treads
|-sidestart|p2: quinx of ladder|move: Stealth Rock
|
|upkeep
|turn|15
|
|t:|1743888871
|switch|p1a: Sinistcha|Sinistcha|97/100
|move|p2a: Iron Treads|Ice Spinner|p1a: Sinistcha
|-supereffective|p1a: Sinistcha
|-damage|p1a: Sinistcha|62/100
|
|upkeep
|turn|16
|
|t:|1743888875
|-end|p2a: Iron Treads|Quark Drive|[silent]
|switch|p2a: Kyurem|Kyurem|100/100
|-damage|p2a: Kyurem|76/100|[from] Stealth Rock
|-ability|p2a: Kyurem|Pressure
|move|p1a: Sinistcha|Strength Sap|p2a: Kyurem
|-unboost|p2a: Kyurem|atk|1
|-heal|p1a: Sinistcha|100/100
|
|upkeep
|turn|17
|
|t:|1743888879
|switch|p1a: Tinkaton|Tinkaton, F|85/100
|-damage|p1a: Tinkaton|79/100|[from] Stealth Rock
|-ability|p1a: Tinkaton|Mold Breaker
|move|p2a: Kyurem|Icicle Spear|p1a: Tinkaton
|-resisted|p1a: Tinkaton
|-damage|p1a: Tinkaton|75/100
|-resisted|p1a: Tinkaton
|-damage|p1a: Tinkaton|70/100
|-resisted|p1a: Tinkaton
|-damage|p1a: Tinkaton|65/100
|-resisted|p1a: Tinkaton
|-damage|p1a: Tinkaton|60/100
|-resisted|p1a: Tinkaton
|-damage|p1a: Tinkaton|55/100
|-hitcount|p1a: Tinkaton|5
|
|upkeep
|turn|18
|
|t:|1743888882
|switch|p2a: Iron Treads|Iron Treads|85/100
|-damage|p2a: Iron Treads|82/100|[from] Stealth Rock
|move|p1a: Tinkaton|Gigaton Hammer|p2a: Iron Treads
|-resisted|p2a: Iron Treads
|-damage|p2a: Iron Treads|64/100
|
|upkeep
|turn|19
|
|t:|1743888884
|-end|p2a: Iron Treads|Quark Drive|[silent]
|switch|p2a: Kyurem|Kyurem|76/100
|-damage|p2a: Kyurem|51/100|[from] Stealth Rock
|-ability|p2a: Kyurem|Pressure
|switch|p1a: Sinistcha|Sinistcha|100/100
|
|upkeep
|turn|20
|
|t:|1743888887
|move|p2a: Kyurem|Icicle Spear|p1a: Sinistcha
|-supereffective|p1a: Sinistcha
|-damage|p1a: Sinistcha|80/100
|-supereffective|p1a: Sinistcha
|-damage|p1a: Sinistcha|60/100
|-supereffective|p1a: Sinistcha
|-damage|p1a: Sinistcha|41/100
|-supereffective|p1a: Sinistcha
|-damage|p1a: Sinistcha|23/100
|-supereffective|p1a: Sinistcha
|-damage|p1a: Sinistcha|5/100
|-hitcount|p1a: Sinistcha|5
|move|p1a: Sinistcha|Strength Sap|p2a: Kyurem
|-unboost|p2a: Kyurem|atk|1
|-heal|p1a: Sinistcha|100/100
|
|upkeep
|turn|21
|
|t:|1743888889
|switch|p1a: Tinkaton|Tinkaton, F|55/100
|-damage|p1a: Tinkaton|49/100|[from] Stealth Rock
|-ability|p1a: Tinkaton|Mold Breaker
|move|p2a: Kyurem|Icicle Spear|p1a: Tinkaton
|-resisted|p1a: Tinkaton
|-damage|p1a: Tinkaton|44/100
|-resisted|p1a: Tinkaton
|-damage|p1a: Tinkaton|40/100
|-resisted|p1a: Tinkaton
|-crit|p1a: Tinkaton
|-damage|p1a: Tinkaton|29/100
|-resisted|p1a: Tinkaton
|-damage|p1a: Tinkaton|24/100
|-hitcount|p1a: Tinkaton|4
|
|upkeep
|turn|22
|
|t:|1743888893
|switch|p2a: Iron Treads|Iron Treads|64/100
|-damage|p2a: Iron Treads|61/100|[from] Stealth Rock
|move|p1a: Tinkaton|Gigaton Hammer|p2a: Iron Treads
|-resisted|p2a: Iron Treads
|-damage|p2a: Iron Treads|43/100
|
|upkeep
|turn|23
|
|t:|1743888904
|-end|p2a: Iron Treads|Quark Drive|[silent]
|switch|p2a: Kyurem|Kyurem|51/100
|-damage|p2a: Kyurem|26/100|[from] Stealth Rock
|-ability|p2a: Kyurem|Pressure
|switch|p1a: Sinistcha|Sinistcha|100/100
|
|upkeep
|turn|24
|
|t:|1743888955
|switch|p1a: Tinkaton|Tinkaton, F|24/100
|-damage|p1a: Tinkaton|18/100|[from] Stealth Rock
|-ability|p1a: Tinkaton|Mold Breaker
|move|p2a: Kyurem|Dragon Dance|p2a: Kyurem
|-boost|p2a: Kyurem|atk|1
|-boost|p2a: Kyurem|spe|1
|
|upkeep
|turn|25
|
|t:|1743888959
|move|p2a: Kyurem|Icicle Spear|p1a: Tinkaton
|-resisted|p1a: Tinkaton
|-damage|p1a: Tinkaton|7/100
|-resisted|p1a: Tinkaton
|-damage|p1a: Tinkaton|0 fnt
|faint|p1a: Tinkaton
|-hitcount|p1: Tinkaton|2
|
|upkeep
|
|t:|1743888961
|switch|p1a: Keldeo|Keldeo-Resolute|31/100 psn
|turn|26
|
|t:|1743888965
|switch|p2a: Dragonite|Dragonite, M|100/100
|-damage|p2a: Dragonite|76/100|[from] Stealth Rock
|move|p1a: Keldeo|Vacuum Wave|p2a: Dragonite
|-resisted|p2a: Dragonite
|-damage|p2a: Dragonite|64/100
|
|-damage|p1a: Keldeo|18/100 psn|[from] psn
|upkeep
|turn|27
|
|t:|1743888968
|switch|p1a: Ting-Lu|Ting-Lu|100/100
|-damage|p1a: Ting-Lu|94/100|[from] Stealth Rock
|-ability|p1a: Ting-Lu|Vessel of Ruin
|move|p2a: Dragonite|Dragon Dance|p2a: Dragonite
|-boost|p2a: Dragonite|atk|1
|-boost|p2a: Dragonite|spe|1
|
|-heal|p1a: Ting-Lu|100/100|[from] item: Leftovers
|upkeep
|turn|28
|
|t:|1743888970
|move|p2a: Dragonite|Ice Spinner|p1a: Ting-Lu
|-supereffective|p1a: Ting-Lu
|-damage|p1a: Ting-Lu|56/100
|move|p1a: Ting-Lu|Whirlwind|p2a: Dragonite
|drag|p2a: Iron Treads|Iron Treads|43/100
|-damage|p2a: Iron Treads|40/100|[from] Stealth Rock
|
|-heal|p1a: Ting-Lu|62/100|[from] item: Leftovers
|upkeep
|turn|29
|
|t:|1743888974
|-end|p2a: Iron Treads|Quark Drive|[silent]
|switch|p2a: Kyurem|Kyurem|26/100
|-damage|p2a: Kyurem|1/100|[from] Stealth Rock
|-ability|p2a: Kyurem|Pressure
|switch|p1a: Sinistcha|Sinistcha|100/100
|
|upkeep
|turn|30
|
|t:|1743888979
|move|p2a: Kyurem|Icicle Spear|p1a: Sinistcha
|-supereffective|p1a: Sinistcha
|-damage|p1a: Sinistcha|81/100
|-supereffective|p1a: Sinistcha
|-damage|p1a: Sinistcha|62/100
|-supereffective|p1a: Sinistcha
|-damage|p1a: Sinistcha|44/100
|-supereffective|p1a: Sinistcha
|-damage|p1a: Sinistcha|25/100
|-hitcount|p1a: Sinistcha|4
|move|p1a: Sinistcha|Strength Sap|p2a: Kyurem
|-unboost|p2a: Kyurem|atk|1
|-heal|p1a: Sinistcha|100/100
|
|upkeep
|turn|31
|
|t:|1743888981
|move|p2a: Kyurem|Icicle Spear|p1a: Sinistcha
|-supereffective|p1a: Sinistcha
|-damage|p1a: Sinistcha|87/100
|-supereffective|p1a: Sinistcha
|-damage|p1a: Sinistcha|74/100
|-supereffective|p1a: Sinistcha
|-damage|p1a: Sinistcha|62/100
|-supereffective|p1a: Sinistcha
|-damage|p1a: Sinistcha|51/100
|-hitcount|p1a: Sinistcha|4
|move|p1a: Sinistcha|Shadow Ball|p2a: Kyurem
|-damage|p2a: Kyurem|0 fnt
|faint|p2a: Kyurem
|
|upkeep
|
|t:|1743888986
|switch|p2a: Iron Valiant|Iron Valiant|100/100
|-damage|p2a: Iron Valiant|94/100|[from] Stealth Rock
|turn|32
|
|t:|1743888991
|move|p2a: Iron Valiant|Calm Mind|p2a: Iron Valiant
|-boost|p2a: Iron Valiant|spa|1
|-boost|p2a: Iron Valiant|spd|1
|move|p1a: Sinistcha|Strength Sap|p2a: Iron Valiant
|-unboost|p2a: Iron Valiant|atk|1
|-heal|p1a: Sinistcha|100/100
|
|upkeep
|turn|33
|
|t:|1743888994
|move|p2a: Iron Valiant|Calm Mind|p2a: Iron Valiant
|-boost|p2a: Iron Valiant|spa|1
|-boost|p2a: Iron Valiant|spd|1
|move|p1a: Sinistcha|Shadow Ball|p2a: Iron Valiant
|-damage|p2a: Iron Valiant|66/100
|
|upkeep
|turn|34
|
|t:|1743888996
|move|p2a: Iron Valiant|Moonblast|p1a: Sinistcha
|-damage|p1a: Sinistcha|0 fnt
|faint|p1a: Sinistcha
|
|upkeep
|
|t:|1743888999
|switch|p1a: Ting-Lu|Ting-Lu|62/100
|-damage|p1a: Ting-Lu|56/100|[from] Stealth Rock
|-ability|p1a: Ting-Lu|Vessel of Ruin
|turn|35
|
|t:|1743889006
|-terastallize|p1a: Ting-Lu|Ghost
|move|p2a: Iron Valiant|Moonblast|p1a: Ting-Lu
|-damage|p1a: Ting-Lu|18/100
|move|p1a: Ting-Lu|Whirlwind|p2a: Iron Valiant
|-end|p2a: Iron Valiant|Quark Drive|[silent]
|drag|p2a: Iron Treads|Iron Treads|40/100
|-damage|p2a: Iron Treads|37/100|[from] Stealth Rock
|
|-heal|p1a: Ting-Lu|25/100|[from] item: Leftovers
|upkeep
|turn|36
|
|t:|1743889016
|move|p2a: Iron Treads|Earthquake|p1a: Ting-Lu
|-damage|p1a: Ting-Lu|0 fnt
|faint|p1a: Ting-Lu
|
|upkeep
|
|t:|1743889018
|switch|p1a: Keldeo|Keldeo-Resolute|18/100 psn
|turn|37
|
|t:|1743889029
|move|p1a: Keldeo|Surf|p2a: Iron Treads
|-supereffective|p2a: Iron Treads
|-damage|p2a: Iron Treads|0 fnt
|faint|p2a: Iron Treads
|-end|p2a: Iron Treads|Quark Drive|[silent]
|
|-damage|p1a: Keldeo|6/100 psn|[from] psn
|upkeep
|
|t:|1743889030
|switch|p2a: Dragonite|Dragonite, M|64/100
|-damage|p2a: Dragonite|40/100|[from] Stealth Rock
|turn|38
|
|t:|1743889067
|move|p1a: Keldeo|Surf|p2a: Dragonite
|-resisted|p2a: Dragonite
|-damage|p2a: Dragonite|14/100
|move|p2a: Dragonite|Dragon Dance|p2a: Dragonite
|-boost|p2a: Dragonite|atk|1
|-boost|p2a: Dragonite|spe|1
|
|-damage|p1a: Keldeo|0 fnt|[from] psn
|faint|p1a: Keldeo
|upkeep
|
|t:|1743889069
|switch|p1a: Gliscor|Gliscor, M|52/100 tox
|-damage|p1a: Gliscor|39/100 tox|[from] Stealth Rock
|turn|39
|-message|Bum_Muncha forfeited.
|
|win|quinx of ladder
|raw|Bum_Muncha's rating: 1668 &rarr; <strong>1654</strong><br />(-14 for losing)
|raw|quinx of ladder's rating: 1769 &rarr; <strong>1783</strong><br />(+14 for winning)
|l|☆Bum_Muncha
|player|p1|
|l|☆quinx of ladder
|player|p2|
