|j|☆RyvalMD
|j|☆Cold07
|t:|1743936265
|gametype|singles
|player|p1|RyvalMD|101|1490
|player|p2|Cold07|169|1491
|teamsize|p1|6
|teamsize|p2|6
|gen|9
|tier|[Gen 9] OU
|rated|
|rule|HP Percentage Mod: HP is shown in percentages
|rule|Endless Battle Clause: Forcing endless battles is banned
|rule|Species Clause: Limit one of each Pokémon
|rule|OHKO Clause: OHKO moves are banned
|rule|Evasion Items Clause: Evasion items are banned
|rule|Evasion Moves Clause: Evasion moves are banned
|rule|Sleep Moves Clause: Sleep-inducing moves are banned
|clearpoke
|poke|p1|Clefable, M|
|poke|p1|Gliscor, M|
|poke|p1|Dragapult, F|
|poke|p1|Kingambit, F|
|poke|p1|Slowking-Galar, M|
|poke|p1|Iron Valiant|
|poke|p2|Gholdengo|
|poke|p2|Iron Moth|
|poke|p2|Zamazenta-*|
|poke|p2|Great Tusk|
|poke|p2|Ogerpon, F|
|poke|p2|Araquanid, M|
|teampreview
|inactive|Battle timer is ON: inactive players will automatically lose when time's up. (requested by RyvalMD)
|
|t:|1743936280
|start
|switch|p1a: Clefable|Clefable, M|100/100
|switch|p2a: Araquanid|Araquanid, M|100/100
|turn|1
|
|t:|1743936288
|move|p1a: Clefable|Stealth Rock|p2a: Araquanid
|-sidestart|p2: Cold07|move: Stealth Rock
|move|p2a: Araquanid|Sticky Web|p1a: Clefable
|-sidestart|p1: RyvalMD|move: Sticky Web
|
|upkeep
|turn|2
|
|t:|1743936296
|move|p1a: Clefable|Moonblast|p2a: Araquanid
|-damage|p2a: Araquanid|77/100
|-unboost|p2a: Araquanid|spa|1
|move|p2a: Araquanid|Surf|p1a: Clefable
|-damage|p1a: Clefable|66/100
|
|upkeep
|turn|3
|
|t:|1743936303
|move|p1a: Clefable|Moonblast|p2a: Araquanid
|-damage|p2a: Araquanid|53/100
|move|p2a: Araquanid|Surf|p1a: Clefable
|-damage|p1a: Clefable|33/100
|
|upkeep
|turn|4
|
|t:|1743936311
|move|p1a: Clefable|Moonlight|p1a: Clefable
|-heal|p1a: Clefable|83/100
|move|p2a: Araquanid|Surf|p1a: Clefable
|-damage|p1a: Clefable|47/100
|
|upkeep
|turn|5
|
|t:|1743936315
|move|p1a: Clefable|Moonlight|p1a: Clefable
|-heal|p1a: Clefable|97/100
|move|p2a: Araquanid|Surf|p1a: Clefable
|-damage|p1a: Clefable|65/100
|
|upkeep
|turn|6
|
|t:|1743936323
|move|p1a: Clefable|Thunder Wave|p2a: Araquanid
|-status|p2a: Araquanid|par
|move|p2a: Araquanid|Surf|p1a: Clefable
|-damage|p1a: Clefable|30/100
|
|upkeep
|turn|7
|
|t:|1743936333
|move|p1a: Clefable|Moonlight|p1a: Clefable
|-heal|p1a: Clefable|80/100
|cant|p2a: Araquanid|par
|
|upkeep
|turn|8
|
|t:|1743936340
|move|p1a: Clefable|Moonblast|p2a: Araquanid
|-damage|p2a: Araquanid|28/100 par
|-unboost|p2a: Araquanid|spa|1
|move|p2a: Araquanid|Surf|p1a: Clefable
|-damage|p1a: Clefable|55/100
|
|upkeep
|turn|9
|
|t:|1743936348
|move|p1a: Clefable|Moonblast|p2a: Araquanid
|-damage|p2a: Araquanid|2/100 par
|move|p2a: Araquanid|Surf|p1a: Clefable
|-crit|p1a: Clefable
|-damage|p1a: Clefable|0 fnt
|faint|p1a: Clefable
|
|upkeep
|
|t:|1743936354
|switch|p1a: Dragapult|Dragapult, F|100/100
|turn|10
|-enditem|p2a: Araquanid|Custap Berry|[eat]
|-activate|p2a: Araquanid|item: Custap Berry|[consumed]
|
|t:|1743936359
|move|p2a: Araquanid|Surf|p1a: Dragapult
|-resisted|p1a: Dragapult
|-damage|p1a: Dragapult|81/100
|move|p1a: Dragapult|U-turn|p2a: Araquanid
|-damage|p2a: Araquanid|0 fnt
|faint|p2a: Araquanid
|
|t:|1743936363
|switch|p1a: Gliscor|Gliscor, M|100/100|[from] U-turn
|
|-status|p1a: Gliscor|tox|[from] item: Toxic Orb
|upkeep
|l|☆RyvalMD
|inactive|RyvalMD disconnected and has a minute to reconnect!
|player|p1|
|
|t:|1743936383
|switch|p2a: Zamazenta|Zamazenta|100/100
|-damage|p2a: Zamazenta|94/100|[from] Stealth Rock
|-ability|p2a: Zamazenta|Dauntless Shield|boost
|-boost|p2a: Zamazenta|def|1
|turn|11
|j|☆RyvalMD
|inactive|RyvalMD reconnected and has 150 seconds left.
|player|p1|RyvalMD|101|
|
|t:|1743936388
|move|p2a: Zamazenta|Iron Defense|p2a: Zamazenta
|-boost|p2a: Zamazenta|def|2
|move|p1a: Gliscor|Toxic|p2a: Zamazenta
|-status|p2a: Zamazenta|tox
|
|-damage|p2a: Zamazenta|88/100 tox|[from] psn
|upkeep
|turn|12
|
|t:|1743936395
|move|p2a: Zamazenta|Iron Defense|p2a: Zamazenta
|-boost|p2a: Zamazenta|def|2
|move|p1a: Gliscor|Spikes|p2a: Zamazenta
|-sidestart|p2: Cold07|Spikes
|
|-damage|p2a: Zamazenta|76/100 tox|[from] psn
|upkeep
|turn|13
|
|t:|1743936401
|move|p2a: Zamazenta|Iron Defense|p2a: Zamazenta
|-boost|p2a: Zamazenta|def|1
|move|p1a: Gliscor|Spikes|p2a: Zamazenta
|-sidestart|p2: Cold07|Spikes
|
|-damage|p2a: Zamazenta|57/100 tox|[from] psn
|upkeep
|turn|14
|
|t:|1743936408
|move|p1a: Gliscor|Protect|p1a: Gliscor
|-singleturn|p1a: Gliscor|Protect
|move|p2a: Zamazenta|Body Press|p1a: Gliscor
|-activate|p1a: Gliscor|move: Protect
|
|-damage|p2a: Zamazenta|33/100 tox|[from] psn
|upkeep
|turn|15
|
|t:|1743936413
|move|p2a: Zamazenta|Rest|p2a: Zamazenta
|-status|p2a: Zamazenta|slp|[from] move: Rest
|-heal|p2a: Zamazenta|100/100 slp|[silent]
|-enditem|p2a: Zamazenta|Chesto Berry|[eat]
|-curestatus|p2a: Zamazenta|slp|[msg]
|move|p1a: Gliscor|Spikes|p2a: Zamazenta
|-sidestart|p2: Cold07|Spikes
|
|upkeep
|turn|16
|
|t:|1743936417
|move|p2a: Zamazenta|Body Press|p1a: Gliscor
|-resisted|p1a: Gliscor
|-damage|p1a: Gliscor|62/100 tox
|move|p1a: Gliscor|Toxic|p2a: Zamazenta
|-status|p2a: Zamazenta|tox
|
|-damage|p2a: Zamazenta|94/100 tox|[from] psn
|-heal|p1a: Gliscor|74/100 tox|[from] ability: Poison Heal
|upkeep
|turn|17
|
|t:|1743936425
|move|p1a: Gliscor|Protect|p1a: Gliscor
|-singleturn|p1a: Gliscor|Protect
|move|p2a: Zamazenta|Body Press|p1a: Gliscor
|-activate|p1a: Gliscor|move: Protect
|
|-damage|p2a: Zamazenta|82/100 tox|[from] psn
|-heal|p1a: Gliscor|87/100 tox|[from] ability: Poison Heal
|upkeep
|turn|18
|
|t:|1743936431
|move|p2a: Zamazenta|Body Press|p1a: Gliscor
|-resisted|p1a: Gliscor
|-damage|p1a: Gliscor|42/100 tox
|move|p1a: Gliscor|Earthquake|p2a: Zamazenta
|-damage|p2a: Zamazenta|76/100 tox
|
|-damage|p2a: Zamazenta|57/100 tox|[from] psn
|-heal|p1a: Gliscor|55/100 tox|[from] ability: Poison Heal
|upkeep
|turn|19
|
|t:|1743936442
|move|p1a: Gliscor|Protect|p1a: Gliscor
|-singleturn|p1a: Gliscor|Protect
|move|p2a: Zamazenta|Body Press|p1a: Gliscor
|-activate|p1a: Gliscor|move: Protect
|
|-damage|p2a: Zamazenta|33/100 tox|[from] psn
|-heal|p1a: Gliscor|67/100 tox|[from] ability: Poison Heal
|upkeep
|turn|20
|
|t:|1743936450
|switch|p1a: Iron Valiant|Iron Valiant|100/100
|move|p2a: Zamazenta|Rest|p2a: Zamazenta
|-status|p2a: Zamazenta|slp|[from] move: Rest
|-heal|p2a: Zamazenta|100/100 slp|[silent]
|
|upkeep
|turn|21
|
|t:|1743936465
|-terastallize|p2a: Zamazenta|Steel
|cant|p2a: Zamazenta|slp
|move|p1a: Iron Valiant|Moonblast|p2a: Zamazenta
|-resisted|p2a: Zamazenta
|-damage|p2a: Zamazenta|82/100 slp
|
|upkeep
|turn|22
|l|☆RyvalMD
|inactive|RyvalMD disconnected and has a minute to reconnect!
|player|p1|
|j|☆RyvalMD
|inactive|RyvalMD reconnected and has 130 seconds left.
|player|p1|RyvalMD|101|
|
|t:|1743936487
|-end|p1a: Iron Valiant|Quark Drive|[silent]
|switch|p1a: Gliscor|Gliscor, M|67/100 tox
|cant|p2a: Zamazenta|slp
|
|-heal|p1a: Gliscor|80/100 tox|[from] ability: Poison Heal
|upkeep
|turn|23
|
|t:|1743936495
|move|p1a: Gliscor|Protect|p1a: Gliscor
|-singleturn|p1a: Gliscor|Protect
|-curestatus|p2a: Zamazenta|slp|[msg]
|move|p2a: Zamazenta|Body Press|p1a: Gliscor
|-activate|p1a: Gliscor|move: Protect
|
|-heal|p1a: Gliscor|92/100 tox|[from] ability: Poison Heal
|upkeep
|turn|24
|
|t:|1743936505
|move|p2a: Zamazenta|Body Press|p1a: Gliscor
|-resisted|p1a: Gliscor
|-damage|p1a: Gliscor|52/100 tox
|move|p1a: Gliscor|Earthquake|p2a: Zamazenta
|-supereffective|p2a: Zamazenta
|-damage|p2a: Zamazenta|69/100
|
|-heal|p1a: Gliscor|64/100 tox|[from] ability: Poison Heal
|upkeep
|turn|25
|
|t:|1743936512
|move|p1a: Gliscor|Protect|p1a: Gliscor
|-singleturn|p1a: Gliscor|Protect
|move|p2a: Zamazenta|Crunch|p1a: Gliscor
|-activate|p1a: Gliscor|move: Protect
|
|-heal|p1a: Gliscor|77/100 tox|[from] ability: Poison Heal
|upkeep
|turn|26
|
|t:|1743936517
|move|p2a: Zamazenta|Body Press|p1a: Gliscor
|-resisted|p1a: Gliscor
|-damage|p1a: Gliscor|37/100 tox
|move|p1a: Gliscor|Earthquake|p2a: Zamazenta
|-supereffective|p2a: Zamazenta
|-damage|p2a: Zamazenta|56/100
|
|-heal|p1a: Gliscor|50/100 tox|[from] ability: Poison Heal
|upkeep
|turn|27
|
|t:|1743936525
|move|p1a: Gliscor|Protect|p1a: Gliscor
|-singleturn|p1a: Gliscor|Protect
|move|p2a: Zamazenta|Body Press|p1a: Gliscor
|-activate|p1a: Gliscor|move: Protect
|
|-heal|p1a: Gliscor|62/100 tox|[from] ability: Poison Heal
|upkeep
|turn|28
|
|t:|1743936532
|switch|p1a: Dragapult|Dragapult, F|81/100
|move|p2a: Zamazenta|Body Press|p1a: Dragapult
|-immune|p1a: Dragapult
|
|upkeep
|turn|29
|
|t:|1743936538
|move|p1a: Dragapult|Will-O-Wisp|p2a: Zamazenta
|-status|p2a: Zamazenta|brn
|move|p2a: Zamazenta|Crunch|p1a: Dragapult
|-supereffective|p1a: Dragapult
|-damage|p1a: Dragapult|48/100
|
|-damage|p2a: Zamazenta|50/100 brn|[from] brn
|upkeep
|turn|30
|
|t:|1743936556
|move|p1a: Dragapult|Hex|p2a: Zamazenta
|-damage|p2a: Zamazenta|7/100 brn
|move|p2a: Zamazenta|Rest|p2a: Zamazenta
|-status|p2a: Zamazenta|slp|[from] move: Rest
|-heal|p2a: Zamazenta|100/100 slp|[silent]
|
|upkeep
|turn|31
|
|t:|1743936562
|-terastallize|p1a: Dragapult|Ghost
|move|p1a: Dragapult|Hex|p2a: Zamazenta
|-damage|p2a: Zamazenta|42/100 slp
|cant|p2a: Zamazenta|slp
|
|upkeep
|turn|32
|
|t:|1743936569
|move|p1a: Dragapult|Hex|p2a: Zamazenta
|-damage|p2a: Zamazenta|0 fnt
|faint|p2a: Zamazenta
|
|upkeep
|
|t:|1743936582
|switch|p2a: Iron Moth|Iron Moth|100/100
|-damage|p2a: Iron Moth|76/100|[from] Stealth Rock
|-damage|p2a: Iron Moth|51/100|[from] Spikes
|-enditem|p2a: Iron Moth|Booster Energy
|-activate|p2a: Iron Moth|ability: Quark Drive|[fromitem]
|-start|p2a: Iron Moth|quarkdrivespe
|turn|33
|
|t:|1743936593
|switch|p1a: Slowking|Slowking-Galar, M|100/100
|move|p2a: Iron Moth|Fiery Dance|p1a: Slowking
|-damage|p1a: Slowking|78/100
|-boost|p2a: Iron Moth|spa|1
|
|upkeep
|turn|34
|
|t:|1743936615
|move|p2a: Iron Moth|Fiery Dance|p1a: Slowking
|-damage|p1a: Slowking|40/100
|-boost|p2a: Iron Moth|spa|1
|move|p1a: Slowking|Future Sight|p2a: Iron Moth
|-start|p1a: Slowking|move: Future Sight
|
|upkeep
|turn|35
|
|t:|1743936624
|move|p2a: Iron Moth|Fiery Dance|p1a: Slowking
|-damage|p1a: Slowking|0 fnt
|faint|p1a: Slowking
|
|upkeep
|
|t:|1743936627
|switch|p1a: Gliscor|Gliscor, M|62/100 tox
|turn|36
|
|t:|1743936630
|move|p1a: Gliscor|Protect|p1a: Gliscor
|-singleturn|p1a: Gliscor|Protect
|move|p2a: Iron Moth|Substitute|p2a: Iron Moth
|-start|p2a: Iron Moth|Substitute
|-damage|p2a: Iron Moth|26/100
|
|-end|p2a: Iron Moth|move: Future Sight
|-supereffective|p2a: Iron Moth
|-end|p2a: Iron Moth|Substitute
|-heal|p1a: Gliscor|75/100 tox|[from] ability: Poison Heal
|upkeep
|turn|37
|l|☆RyvalMD
|inactive|RyvalMD disconnected and has a minute to reconnect!
|player|p1|
|j|☆RyvalMD
|inactive|RyvalMD reconnected and has 130 seconds left.
|player|p1|RyvalMD|101|
|
|t:|1743936659
|move|p2a: Iron Moth|Fiery Dance|p1a: Gliscor
|-damage|p1a: Gliscor|0 fnt
|faint|p1a: Gliscor
|
|upkeep
|
|t:|1743936664
|switch|p1a: Kingambit|Kingambit, F|100/100
|-activate|p1a: Kingambit|ability: Supreme Overlord
|-start|p1a: Kingambit|fallen3|[silent]
|turn|38
|
|t:|1743936674
|move|p2a: Iron Moth|Substitute|p2a: Iron Moth
|-start|p2a: Iron Moth|Substitute
|-damage|p2a: Iron Moth|1/100
|move|p1a: Kingambit|Iron Head|p2a: Iron Moth
|-resisted|p2a: Iron Moth
|-end|p2a: Iron Moth|Substitute
|
|upkeep
|turn|39
|
|t:|1743936679
|move|p1a: Kingambit|Sucker Punch||[still]
|-fail|p1a: Kingambit
|move|p2a: Iron Moth|Substitute|p2a: Iron Moth
|-fail|p2a: Iron Moth|move: Substitute|[weak]
|
|upkeep
|turn|40
|
|t:|1743936684
|move|p1a: Kingambit|Sucker Punch||[still]
|-fail|p1a: Kingambit
|move|p2a: Iron Moth|Substitute|p2a: Iron Moth
|-fail|p2a: Iron Moth|move: Substitute|[weak]
|
|upkeep
|turn|41
|
|t:|1743936690
|move|p1a: Kingambit|Sucker Punch|p2a: Iron Moth
|-damage|p2a: Iron Moth|0 fnt
|faint|p2a: Iron Moth
|-end|p2a: Iron Moth|Quark Drive|[silent]
|
|upkeep
|
|t:|1743936696
|switch|p2a: Great Tusk|Great Tusk|100/100
|-damage|p2a: Great Tusk|98/100|[from] Stealth Rock
|-damage|p2a: Great Tusk|73/100|[from] Spikes
|turn|42
|
|t:|1743936706
|move|p2a: Great Tusk|Headlong Rush|p1a: Kingambit
|-supereffective|p1a: Kingambit
|-damage|p1a: Kingambit|6/100
|-unboost|p2a: Great Tusk|def|1
|-unboost|p2a: Great Tusk|spd|1
|-enditem|p2a: Great Tusk|Eject Pack
|
|t:|1743936712
|-end|p2a: Great Tusk|Protosynthesis|[silent]
|switch|p2a: Ogerpon|Ogerpon, F|100/100
|-damage|p2a: Ogerpon|88/100|[from] Stealth Rock
|-damage|p2a: Ogerpon|63/100|[from] Spikes
|move|p1a: Kingambit|Iron Head|p2a: Ogerpon
|-damage|p2a: Ogerpon|0 fnt
|faint|p2a: Ogerpon
|
|upkeep
|
|t:|1743936719
|switch|p2a: Great Tusk|Great Tusk|73/100
|-damage|p2a: Great Tusk|70/100|[from] Stealth Rock
|-damage|p2a: Great Tusk|45/100|[from] Spikes
|turn|43
|
|t:|1743936723
|move|p1a: Kingambit|Sucker Punch|p2a: Great Tusk
|-resisted|p2a: Great Tusk
|-damage|p2a: Great Tusk|24/100
|move|p2a: Great Tusk|Rapid Spin|p1a: Kingambit
|-resisted|p1a: Kingambit
|-damage|p1a: Kingambit|0 fnt
|-boost|p2a: Great Tusk|spe|1
|-sideend|p2: Cold07|Spikes|[from] move: Rapid Spin|[of] p2a: Great Tusk
|-sideend|p2: Cold07|Stealth Rock|[from] move: Rapid Spin|[of] p2a: Great Tusk
|faint|p1a: Kingambit
|-end|p1a: Kingambit|fallen3|[silent]
|
|upkeep
|
|t:|1743936728
|switch|p1a: Iron Valiant|Iron Valiant|100/100
|turn|44
|
|t:|1743936736
|move|p2a: Great Tusk|Headlong Rush|p1a: Iron Valiant
|-crit|p1a: Iron Valiant
|-damage|p1a: Iron Valiant|0 fnt
|-unboost|p2a: Great Tusk|def|1
|-unboost|p2a: Great Tusk|spd|1
|faint|p1a: Iron Valiant
|-end|p1a: Iron Valiant|Quark Drive|[silent]
|
|upkeep
|
|t:|1743936739
|switch|p1a: Dragapult|Dragapult, F, tera:Ghost|48/100
|turn|45
|
|t:|1743936743
|move|p2a: Great Tusk|Headlong Rush|p1a: Dragapult
|-damage|p1a: Dragapult|0 fnt
|-unboost|p2a: Great Tusk|def|1
|-unboost|p2a: Great Tusk|spd|1
|faint|p1a: Dragapult
|
|win|Cold07
|raw|RyvalMD's rating: 1490 &rarr; <strong>1470</strong><br />(-20 for losing)
|raw|Cold07's rating: 1491 &rarr; <strong>1511</strong><br />(+20 for winning)
|c|☆Cold07|gg
|l|☆RyvalMD
|player|p1|
