|badge|p2|silver|gen9uu|30-5
|badge|p2|bronze|gen9pu|100-5
|uhtml|medal-msg|<div class="broadcast-blue">Curious what those medals under the avatar are? PS now has Ladder Seasons! For more information, check out the <a href="https://www.smogon.com/forums/threads/3740067/">thread on Smogon.</a></div>
|j|☆Itsterra
|j|☆malk tyme
|t:|1743911889
|gametype|singles
|player|p1|Itsterra|lacey|1634
|player|p2|malk tyme|firefighter|1737
|teamsize|p1|6
|teamsize|p2|6
|gen|9
|tier|[Gen 9] OU
|rated|
|rule|HP Percentage Mod: HP is shown in percentages
|rule|Endless Battle Clause: Forcing endless battles is banned
|rule|Species Clause: Limit one of each Pokémon
|rule|OHKO Clause: OHKO moves are banned
|rule|Evasion Items Clause: Evasion items are banned
|rule|Evasion Moves Clause: Evasion moves are banned
|rule|Sleep Moves Clause: Sleep-inducing moves are banned
|clearpoke
|poke|p1|Dragapult, F|
|poke|p1|Primarina, M|
|poke|p1|Iron Crown|
|poke|p1|Samurott-Hisui, M|
|poke|p1|Kingambit, F|
|poke|p1|Landorus-Therian, M|
|poke|p2|Grimmsnarl, M|
|poke|p2|Oricorio-Sensu, M|
|poke|p2|Garchomp, F|
|poke|p2|Necrozma|
|poke|p2|Magnezone|
|poke|p2|Cinderace, F|
|teampreview
|inactive|Battle timer is ON: inactive players will automatically lose when time's up. (requested by malk tyme)
|j| MiniLarry
|
|t:|1743911952
|start
|switch|p1a: Iron Crown|Iron Crown|100/100
|switch|p2a: Grimmsnarl|Grimmsnarl, M|100/100
|turn|1
|
|t:|1743911974
|switch|p2a: Magnezone|Magnezone|100/100
|move|p1a: Iron Crown|Tachyon Cutter|p2a: Magnezone
|-resisted|p2a: Magnezone
|-damage|p2a: Magnezone|94/100
|-resisted|p2a: Magnezone
|-damage|p2a: Magnezone|88/100
|-hitcount|p2a: Magnezone|2
|
|-heal|p2a: Magnezone|94/100|[from] item: Leftovers
|upkeep
|turn|2
|
|t:|1743911983
|move|p1a: Iron Crown|Volt Switch|p2a: Magnezone
|-resisted|p2a: Magnezone
|-damage|p2a: Magnezone|82/100
|
|t:|1743911988
|-end|p1a: Iron Crown|Quark Drive|[silent]
|switch|p1a: Landorus|Landorus-Therian, M|100/100|[from] Volt Switch
|-ability|p1a: Landorus|Intimidate|boost
|-unboost|p2a: Magnezone|atk|1
|move|p2a: Magnezone|Thunderbolt|p1a: Landorus
|-immune|p1a: Landorus
|
|-heal|p2a: Magnezone|88/100|[from] item: Leftovers
|upkeep
|turn|3
|
|t:|1743911999
|switch|p2a: Garchomp|Garchomp, F|100/100
|move|p1a: Landorus|Stealth Rock|p2a: Garchomp
|-sidestart|p2: malk tyme|move: Stealth Rock
|
|upkeep
|turn|4
|j| Pokemh
|inactive|Itsterra has 120 seconds left.
|
|t:|1743912039
|switch|p1a: Dragapult|Dragapult, F|100/100
|move|p2a: Garchomp|Swords Dance|p2a: Garchomp
|-boost|p2a: Garchomp|atk|2
|
|upkeep
|turn|5
|
|t:|1743912055
|switch|p2a: Grimmsnarl|Grimmsnarl, M|100/100
|-damage|p2a: Grimmsnarl|88/100|[from] Stealth Rock
|move|p1a: Dragapult|Dragon Darts|p2a: Grimmsnarl
|-immune|p2a: Grimmsnarl
|
|upkeep
|turn|6
|
|t:|1743912066
|switch|p1a: Iron Crown|Iron Crown|100/100
|move|p2a: Grimmsnarl|Reflect|p2a: Grimmsnarl
|-sidestart|p2: malk tyme|Reflect
|
|upkeep
|turn|7
|
|t:|1743912077
|move|p2a: Grimmsnarl|Thunder Wave|p1a: Iron Crown
|-status|p1a: Iron Crown|par
|cant|p1a: Iron Crown|par
|
|upkeep
|turn|8
|
|t:|1743912085
|switch|p2a: Cinderace|Cinderace, F|100/100
|move|p1a: Iron Crown|Tachyon Cutter|p2a: Cinderace
|-resisted|p2a: Cinderace
|-damage|p2a: Cinderace|82/100
|-resisted|p2a: Cinderace
|-damage|p2a: Cinderace|65/100
|-hitcount|p2a: Cinderace|2
|
|upkeep
|turn|9
|
|t:|1743912098
|-end|p1a: Iron Crown|Quark Drive|[silent]
|switch|p1a: Landorus|Landorus-Therian, M|100/100
|-ability|p1a: Landorus|Intimidate|boost
|-unboost|p2a: Cinderace|atk|1
|move|p2a: Cinderace|Pyro Ball|p1a: Landorus
|-damage|p1a: Landorus|73/100
|
|upkeep
|turn|10
|
|t:|1743912125
|move|p2a: Cinderace|Pyro Ball|p1a: Landorus
|-damage|p1a: Landorus|45/100
|move|p1a: Landorus|Earth Power|p2a: Cinderace
|-supereffective|p2a: Cinderace
|-damage|p2a: Cinderace|0 fnt
|faint|p2a: Cinderace
|
|upkeep
|
|t:|1743912138
|switch|p2a: Oricorio|Oricorio-Sensu, M|100/100
|turn|11
|j| Partynparadise
|inactive|Itsterra has 90 seconds left.
|
|t:|1743912164
|move|p2a: Oricorio|Quiver Dance|p2a: Oricorio
|-boost|p2a: Oricorio|spa|1
|-boost|p2a: Oricorio|spd|1
|-boost|p2a: Oricorio|spe|1
|move|p1a: Landorus|U-turn|p2a: Oricorio
|-resisted|p2a: Oricorio
|-crit|p2a: Oricorio
|-damage|p2a: Oricorio|88/100
|
|t:|1743912184
|switch|p1a: Kingambit|Kingambit, F|100/100|[from] U-turn
|
|upkeep
|turn|12
|
|t:|1743912200
|switch|p2a: Magnezone|Magnezone|88/100
|-damage|p2a: Magnezone|82/100|[from] Stealth Rock
|move|p1a: Kingambit|Kowtow Cleave|p2a: Magnezone
|-damage|p2a: Magnezone|62/100
|
|-heal|p2a: Magnezone|68/100|[from] item: Leftovers
|upkeep
|turn|13
|inactive|Itsterra has 60 seconds left.
|c|☆malk tyme|your wifi okay man
|
|t:|1743912224
|move|p2a: Magnezone|Iron Defense|p2a: Magnezone
|-boost|p2a: Magnezone|def|2
|move|p1a: Kingambit|Kowtow Cleave|p2a: Magnezone
|-damage|p2a: Magnezone|59/100
|
|-heal|p2a: Magnezone|65/100|[from] item: Leftovers
|-sideend|p2: malk tyme|Reflect
|upkeep
|turn|14
|inactive|Itsterra has 60 seconds left.
|
|t:|1743912233
|move|p2a: Magnezone|Substitute|p2a: Magnezone
|-start|p2a: Magnezone|Substitute
|-damage|p2a: Magnezone|40/100
|move|p1a: Kingambit|Iron Head|p2a: Magnezone
|-resisted|p2a: Magnezone
|-activate|p2a: Magnezone|move: Substitute|[damage]
|
|-heal|p2a: Magnezone|46/100|[from] item: Leftovers
|upkeep
|turn|15
|
|t:|1743912243
|move|p2a: Magnezone|Iron Defense|p2a: Magnezone
|-boost|p2a: Magnezone|def|2
|move|p1a: Kingambit|Kowtow Cleave|p2a: Magnezone
|-activate|p2a: Magnezone|move: Substitute|[damage]
|
|-heal|p2a: Magnezone|52/100|[from] item: Leftovers
|upkeep
|turn|16
|l| Pokemh
|
|t:|1743912252
|move|p2a: Magnezone|Iron Defense|p2a: Magnezone
|-boost|p2a: Magnezone|def|2
|move|p1a: Kingambit|Kowtow Cleave|p2a: Magnezone
|-end|p2a: Magnezone|Substitute
|
|-heal|p2a: Magnezone|58/100|[from] item: Leftovers
|upkeep
|turn|17
|
|t:|1743912260
|move|p2a: Magnezone|Substitute|p2a: Magnezone
|-start|p2a: Magnezone|Substitute
|-damage|p2a: Magnezone|33/100
|move|p1a: Kingambit|Kowtow Cleave|p2a: Magnezone
|-activate|p2a: Magnezone|move: Substitute|[damage]
|
|-heal|p2a: Magnezone|39/100|[from] item: Leftovers
|upkeep
|turn|18
|
|t:|1743912271
|move|p2a: Magnezone|Body Press|p1a: Kingambit
|-supereffective|p1a: Kingambit
|-crit|p1a: Kingambit
|-damage|p1a: Kingambit|0 fnt
|faint|p1a: Kingambit
|-end|p1a: Kingambit|fallenundefined|[silent]
|
|-heal|p2a: Magnezone|46/100|[from] item: Leftovers
|upkeep
|
|t:|1743912282
|switch|p1a: Landorus|Landorus-Therian, M|45/100
|-ability|p1a: Landorus|Intimidate|boost
|-immune|p2a: Magnezone
|turn|19
|
|t:|1743912287
|move|p2a: Magnezone|Body Press|p1a: Landorus
|-resisted|p1a: Landorus
|-damage|p1a: Landorus|16/100
|-damage|p2a: Magnezone|29/100|[from] item: Rocky Helmet|[of] p1a: Landorus
|move|p1a: Landorus|Earth Power|p2a: Magnezone
|-supereffective|p2a: Magnezone
|-end|p2a: Magnezone|Substitute
|
|-heal|p2a: Magnezone|35/100|[from] item: Leftovers
|upkeep
|turn|20
|
|t:|1743912297
|move|p2a: Magnezone|Body Press|p1a: Landorus
|-resisted|p1a: Landorus
|-damage|p1a: Landorus|0 fnt
|-damage|p2a: Magnezone|19/100|[from] item: Rocky Helmet|[of] p1a: Landorus
|faint|p1a: Landorus
|
|-heal|p2a: Magnezone|25/100|[from] item: Leftovers
|upkeep
|
|t:|1743912317
|switch|p1a: Primarina|Primarina, M|100/100
|turn|21
|
|t:|1743912322
|move|p2a: Magnezone|Thunderbolt|p1a: Primarina
|-supereffective|p1a: Primarina
|-damage|p1a: Primarina|36/100
|move|p1a: Primarina|Surf|p2a: Magnezone
|-damage|p2a: Magnezone|0 fnt
|faint|p2a: Magnezone
|
|upkeep
|
|t:|1743912330
|switch|p2a: Garchomp|Garchomp, F|100/100
|-damage|p2a: Garchomp|94/100|[from] Stealth Rock
|turn|22
|
|t:|1743912336
|move|p2a: Garchomp|Earthquake|p1a: Primarina
|-damage|p1a: Primarina|0 fnt
|faint|p1a: Primarina
|
|upkeep
|
|t:|1743912339
|switch|p1a: Dragapult|Dragapult, F|100/100
|turn|23
|
|t:|1743912342
|switch|p2a: Grimmsnarl|Grimmsnarl, M|88/100
|-damage|p2a: Grimmsnarl|76/100|[from] Stealth Rock
|move|p1a: Dragapult|U-turn|p2a: Grimmsnarl
|-damage|p2a: Grimmsnarl|33/100
|
|t:|1743912348
|switch|p1a: Iron Crown|Iron Crown|100/100 par|[from] U-turn
|
|upkeep
|turn|24
|
|t:|1743912358
|move|p2a: Grimmsnarl|Reflect|p2a: Grimmsnarl
|-sidestart|p2: malk tyme|Reflect
|move|p1a: Iron Crown|Tachyon Cutter|p2a: Grimmsnarl
|-supereffective|p2a: Grimmsnarl
|-damage|p2a: Grimmsnarl|0 fnt
|faint|p2a: Grimmsnarl
|-hitcount|p2: Grimmsnarl|1
|
|upkeep
|
|t:|1743912361
|switch|p2a: Garchomp|Garchomp, F|94/100
|-damage|p2a: Garchomp|88/100|[from] Stealth Rock
|turn|25
|
|t:|1743912375
|move|p2a: Garchomp|Earthquake|p1a: Iron Crown
|-supereffective|p1a: Iron Crown
|-damage|p1a: Iron Crown|0 fnt
|faint|p1a: Iron Crown
|-end|p1a: Iron Crown|Quark Drive|[silent]
|
|upkeep
|
|t:|1743912381
|switch|p1a: Dragapult|Dragapult, F|100/100
|turn|26
|
|t:|1743912395
|-terastallize|p1a: Dragapult|Ghost
|move|p1a: Dragapult|Dragon Darts|p2a: Garchomp
|-supereffective|p2a: Garchomp
|-damage|p2a: Garchomp|49/100
|-anim|p1a: Dragapult|Dragon Darts|p2a: Garchomp
|-supereffective|p2a: Garchomp
|-damage|p2a: Garchomp|13/100
|move|p2a: Garchomp|Scale Shot|p1a: Dragapult|[miss]
|-miss|p2a: Garchomp|p1a: Dragapult
|
|upkeep
|turn|27
|
|t:|1743912404
|move|p1a: Dragapult|Dragon Darts|p2a: Garchomp
|-supereffective|p2a: Garchomp
|-damage|p2a: Garchomp|0 fnt
|faint|p2a: Garchomp
|
|upkeep
|
|t:|1743912407
|switch|p2a: Necrozma|Necrozma|100/100
|-damage|p2a: Necrozma|88/100|[from] Stealth Rock
|turn|28
|inactive|Itsterra has 120 seconds left.
|
|t:|1743912419
|switch|p1a: Samurott|Samurott-Hisui, M|100/100
|move|p2a: Necrozma|Calm Mind|p2a: Necrozma
|-boost|p2a: Necrozma|spa|1
|-boost|p2a: Necrozma|spd|1
|
|-heal|p2a: Necrozma|94/100|[from] item: Leftovers
|upkeep
|turn|29
|l| Partynparadise
|inactive|Itsterra has 120 seconds left.
|
|t:|1743912435
|-terastallize|p2a: Necrozma|Poison
|move|p1a: Samurott|Encore|p2a: Necrozma
|-start|p2a: Necrozma|Encore
|move|p2a: Necrozma|Calm Mind|p2a: Necrozma
|-boost|p2a: Necrozma|spa|1
|-boost|p2a: Necrozma|spd|1
|
|-heal|p2a: Necrozma|99/100|[from] item: Leftovers
|upkeep
|turn|30
|
|t:|1743912445
|move|p1a: Samurott|Ceaseless Edge|p2a: Necrozma
|-damage|p2a: Necrozma|87/100
|-sidestart|p2: malk tyme|Spikes
|move|p2a: Necrozma|Calm Mind|p2a: Necrozma
|-boost|p2a: Necrozma|spa|1
|-boost|p2a: Necrozma|spd|1
|
|-heal|p2a: Necrozma|93/100|[from] item: Leftovers
|upkeep
|turn|31
|j| TheTyranitard
|
|t:|1743912453
|move|p1a: Samurott|Ceaseless Edge|p2a: Necrozma
|-damage|p2a: Necrozma|78/100
|-sidestart|p2: malk tyme|Spikes
|move|p2a: Necrozma|Calm Mind|p2a: Necrozma
|-boost|p2a: Necrozma|spa|1
|-boost|p2a: Necrozma|spd|1
|
|-heal|p2a: Necrozma|84/100|[from] item: Leftovers
|-end|p2a: Necrozma|Encore
|-sideend|p2: malk tyme|Reflect
|upkeep
|turn|32
|
|t:|1743912462
|switch|p2a: Oricorio|Oricorio-Sensu, M|88/100
|move|p1a: Samurott|Encore||[still]
|-fail|p1a: Samurott
|
|upkeep
|turn|33
|
|t:|1743912469
|move|p1a: Samurott|Knock Off|p2a: Oricorio
|-supereffective|p2a: Oricorio
|-damage|p2a: Oricorio|0 fnt
|-enditem|p2a: Oricorio|Heavy-Duty Boots|[from] move: Knock Off|[of] p1a: Samurott
|faint|p2a: Oricorio
|
|upkeep
|-message|malk tyme forfeited.
|
|win|Itsterra
|raw|Itsterra's rating: 1634 &rarr; <strong>1660</strong><br />(+26 for winning)
|raw|malk tyme's rating: 1737 &rarr; <strong>1711</strong><br />(-26 for losing)
|l|☆malk tyme
|player|p2|
|l|☆Itsterra
|player|p1|
|l| TheTyranitard
|l| MiniLarry
