|j|☆OP Earthquakes
|j|☆sadotaxista
|inactive|Battle timer is ON: inactive players will automatically lose when time's up.
|t:|1743816138
|gametype|singles
|player|p1|OP Earthquakes|giovanni-masters|
|player|p2|sadotaxista|miku-ground|
|teamsize|p1|6
|teamsize|p2|6
|gen|9
|tier|[Gen 9] OU
|rated|Tournament battle
|rule|HP Percentage Mod: HP is shown in percentages
|rule|Endless Battle Clause: Forcing endless battles is banned
|rule|Species Clause: Limit one of each Pokémon
|rule|OHKO Clause: OHKO moves are banned
|rule|Evasion Items Clause: Evasion items are banned
|rule|Evasion Moves Clause: Evasion moves are banned
|rule|Sleep Moves Clause: Sleep-inducing moves are banned
|clearpoke
|poke|p1|Alomomola, F|
|poke|p1|Dragapult, M|
|poke|p1|Grimmsnarl, M|
|poke|p1|Hatterene, F|
|poke|p1|Great Tusk|
|poke|p1|Scizor, F|
|poke|p2|Raging Bolt|
|poke|p2|Slowking-Galar, M|
|poke|p2|Zamazenta-*|
|poke|p2|Garganacl, M|
|poke|p2|Iron Treads|
|poke|p2|Dragonite, F|
|teampreview
|inactive|OP Earthquakes also wants the timer to be on.
|inactive|sadotaxista also wants the timer to be on.
|c|☆OP Earthquakes|Hf Test!
|j| moosemooseman
|
|t:|1743816158
|start
|switch|p1a: Great Tusk|Great Tusk|100/100
|switch|p2a: I lost my height|Raging Bolt|100/100
|turn|1
|
|t:|1743816165
|move|p1a: Great Tusk|Stealth Rock|p2a: I lost my height
|-sidestart|p2: sadotaxista|move: Stealth Rock
|move|p2a: I lost my height|Draco Meteor|p1a: Great Tusk
|-damage|p1a: Great Tusk|0 fnt
|-unboost|p2a: I lost my height|spa|2
|faint|p1a: Great Tusk
|-end|p1a: Great Tusk|Protosynthesis|[silent]
|
|upkeep
|c|☆OP Earthquakes|Swell
|c|☆OP Earthquakes|lol
|inactive|OP Earthquakes has 120 seconds left.
|
|t:|1743816214
|switch|p1a: Dragapult|Dragapult, M, shiny|100/100
|turn|2
|
|t:|1743816217
|move|p1a: Dragapult|Substitute|p1a: Dragapult
|-start|p1a: Dragapult|Substitute
|-damage|p1a: Dragapult|75/100
|move|p2a: I lost my height|Draco Meteor|p1a: Dragapult
|-supereffective|p1a: Dragapult
|-end|p1a: Dragapult|Substitute
|-unboost|p2a: I lost my height|spa|2
|
|-heal|p1a: Dragapult|82/100|[from] item: Leftovers
|upkeep
|turn|3
|inactive|OP Earthquakes has 120 seconds left.
|
|t:|1743816227
|-end|p2a: I lost my height|Protosynthesis|[silent]
|switch|p2a: I lost my armor|Garganacl, M|100/100
|-damage|p2a: I lost my armor|88/100|[from] Stealth Rock
|move|p1a: Dragapult|Substitute|p1a: Dragapult
|-start|p1a: Dragapult|Substitute
|-damage|p1a: Dragapult|57/100
|
|-heal|p1a: Dragapult|63/100|[from] item: Leftovers
|-heal|p2a: I lost my armor|94/100|[from] item: Leftovers
|upkeep
|turn|4
|inactive|OP Earthquakes has 120 seconds left.
|
|t:|1743816233
|move|p1a: Dragapult|Dragon Dance|p1a: Dragapult
|-boost|p1a: Dragapult|atk|1
|-boost|p1a: Dragapult|spe|1
|move|p2a: I lost my armor|Salt Cure|p1a: Dragapult
|-activate|p1a: Dragapult|move: Substitute|[damage]
|
|-heal|p1a: Dragapult|69/100|[from] item: Leftovers
|-heal|p2a: I lost my armor|100/100|[from] item: Leftovers
|upkeep
|turn|5
|
|t:|1743816241
|move|p1a: Dragapult|Dragon Dance|p1a: Dragapult
|-boost|p1a: Dragapult|atk|1
|-boost|p1a: Dragapult|spe|1
|move|p2a: I lost my armor|Iron Defense|p2a: I lost my armor
|-boost|p2a: I lost my armor|def|2
|
|-heal|p1a: Dragapult|75/100|[from] item: Leftovers
|upkeep
|turn|6
|
|t:|1743816253
|move|p1a: Dragapult|Dragon Darts|p2a: I lost my armor
|-damage|p2a: I lost my armor|84/100
|-anim|p1a: Dragapult|Dragon Darts|p2a: I lost my armor
|-damage|p2a: I lost my armor|68/100
|move|p2a: I lost my armor|Salt Cure|p1a: Dragapult
|-end|p1a: Dragapult|Substitute
|
|-heal|p1a: Dragapult|82/100|[from] item: Leftovers
|-heal|p2a: I lost my armor|75/100|[from] item: Leftovers
|upkeep
|turn|7
|inactive|OP Earthquakes has 120 seconds left.
|
|t:|1743816272
|move|p1a: Dragapult|Substitute|p1a: Dragapult
|-start|p1a: Dragapult|Substitute
|-damage|p1a: Dragapult|57/100
|move|p2a: I lost my armor|Salt Cure|p1a: Dragapult
|-activate|p1a: Dragapult|move: Substitute|[damage]
|
|-heal|p1a: Dragapult|63/100|[from] item: Leftovers
|-heal|p2a: I lost my armor|81/100|[from] item: Leftovers
|upkeep
|turn|8
|
|t:|1743816280
|move|p1a: Dragapult|Dragon Darts|p2a: I lost my armor
|-damage|p2a: I lost my armor|63/100
|-anim|p1a: Dragapult|Dragon Darts|p2a: I lost my armor
|-damage|p2a: I lost my armor|47/100
|move|p2a: I lost my armor|Salt Cure|p1a: Dragapult
|-end|p1a: Dragapult|Substitute
|
|-heal|p1a: Dragapult|69/100|[from] item: Leftovers
|-heal|p2a: I lost my armor|53/100|[from] item: Leftovers
|upkeep
|turn|9
|
|t:|1743816294
|move|p1a: Dragapult|Substitute|p1a: Dragapult
|-start|p1a: Dragapult|Substitute
|-damage|p1a: Dragapult|44/100
|move|p2a: I lost my armor|Salt Cure|p1a: Dragapult
|-activate|p1a: Dragapult|move: Substitute|[damage]
|
|-heal|p1a: Dragapult|50/100|[from] item: Leftovers
|-heal|p2a: I lost my armor|59/100|[from] item: Leftovers
|upkeep
|turn|10
|
|t:|1743816297
|move|p1a: Dragapult|Dragon Dance|p1a: Dragapult
|-boost|p1a: Dragapult|atk|1
|-boost|p1a: Dragapult|spe|1
|move|p2a: I lost my armor|Salt Cure|p1a: Dragapult
|-end|p1a: Dragapult|Substitute
|
|-heal|p1a: Dragapult|57/100|[from] item: Leftovers
|-heal|p2a: I lost my armor|66/100|[from] item: Leftovers
|upkeep
|turn|11
|
|t:|1743816312
|move|p1a: Dragapult|Substitute|p1a: Dragapult
|-start|p1a: Dragapult|Substitute
|-damage|p1a: Dragapult|32/100
|move|p2a: I lost my armor|Salt Cure|p1a: Dragapult
|-activate|p1a: Dragapult|move: Substitute|[damage]
|
|-heal|p1a: Dragapult|38/100|[from] item: Leftovers
|-heal|p2a: I lost my armor|72/100|[from] item: Leftovers
|upkeep
|turn|12
|
|t:|1743816315
|move|p1a: Dragapult|Dragon Darts|p2a: I lost my armor
|-damage|p2a: I lost my armor|51/100
|-anim|p1a: Dragapult|Dragon Darts|p2a: I lost my armor
|-damage|p2a: I lost my armor|30/100
|move|p2a: I lost my armor|Salt Cure|p1a: Dragapult
|-end|p1a: Dragapult|Substitute
|
|-heal|p1a: Dragapult|44/100|[from] item: Leftovers
|-heal|p2a: I lost my armor|37/100|[from] item: Leftovers
|upkeep
|turn|13
|
|t:|1743816334
|move|p1a: Dragapult|Dragon Darts|p2a: I lost my armor
|-damage|p2a: I lost my armor|15/100
|-anim|p1a: Dragapult|Dragon Darts|p2a: I lost my armor
|-damage|p2a: I lost my armor|0 fnt
|faint|p2a: I lost my armor
|
|-heal|p1a: Dragapult|50/100|[from] item: Leftovers
|upkeep
|
|t:|1743816349
|switch|p2a: I lost my size|Zamazenta, shiny|100/100
|-damage|p2a: I lost my size|94/100|[from] Stealth Rock
|-ability|p2a: I lost my size|Dauntless Shield|boost
|-boost|p2a: I lost my size|def|1
|turn|14
|
|t:|1743816359
|-terastallize|p1a: Dragapult|Ghost
|move|p1a: Dragapult|Phantom Force||[still]
|-prepare|p1a: Dragapult|Phantom Force
|move|p2a: I lost my size|Crunch|p1a: Dragapult|[miss]
|-miss|p2a: I lost my size|p1a: Dragapult
|
|-heal|p1a: Dragapult|57/100|[from] item: Leftovers
|upkeep
|turn|15
|
|t:|1743816364
|move|p1a: Dragapult|Phantom Force|p2a: I lost my size|[from] lockedmove
|-damage|p2a: I lost my size|0 fnt
|faint|p2a: I lost my size
|
|-heal|p1a: Dragapult|63/100|[from] item: Leftovers
|upkeep
|c|☆OP Earthquakes|Gas
|
|t:|1743816373
|switch|p2a: I lost my height|Raging Bolt|100/100
|-damage|p2a: I lost my height|88/100|[from] Stealth Rock
|turn|16
|
|t:|1743816393
|-terastallize|p2a: I lost my height|Fairy
|move|p1a: Dragapult|Phantom Force||[still]
|-prepare|p1a: Dragapult|Phantom Force
|move|p2a: I lost my height|Tera Blast|p1a: Dragapult|[anim] Tera Blast Fairy|[miss]
|-miss|p2a: I lost my height|p1a: Dragapult
|
|-heal|p1a: Dragapult|69/100|[from] item: Leftovers
|upkeep
|turn|17
|
|t:|1743816398
|move|p1a: Dragapult|Phantom Force|p2a: I lost my height|[from] lockedmove
|-damage|p2a: I lost my height|0 fnt
|faint|p2a: I lost my height
|-end|p2a: I lost my height|Protosynthesis|[silent]
|
|-heal|p1a: Dragapult|75/100|[from] item: Leftovers
|upkeep
|-message|sadotaxista forfeited.
|
|win|OP Earthquakes
|n|☆OP Earthquakes|opearthquakes
|n|☆sadotaxista|sadotaxista
|n| moosemooseman|moosemooseman
|l|☆sadotaxista
|player|p2|
|c|☆OP Earthquakes|Gg
|l| moosemooseman
|n| Real Earthquakes|opearthquakes
