|j|☆drifter1798?
|j|☆BeachLeak
|t:|1743802308
|gametype|singles
|player|p1|drifter1798?|102|1431
|player|p2|BeachLeak|jogger|1432
|teamsize|p1|6
|teamsize|p2|6
|gen|9
|tier|[Gen 9] OU
|rated|
|rule|HP Percentage Mod: HP is shown in percentages
|rule|Endless Battle Clause: Forcing endless battles is banned
|rule|Species Clause: Limit one of each Pokémon
|rule|OHKO Clause: OHKO moves are banned
|rule|Evasion Items Clause: Evasion items are banned
|rule|Evasion Moves Clause: Evasion moves are banned
|rule|Sleep Moves Clause: Sleep-inducing moves are banned
|clearpoke
|poke|p1|Blissey, F|
|poke|p1|Ursaluna, M|
|poke|p1|Sinistcha-Masterpiece|
|poke|p1|Toedscruel, M|
|poke|p1|Ninetales-Alola, F|
|poke|p1|Toxapex, M|
|poke|p2|Manaphy|
|poke|p2|Great Tusk|
|poke|p2|Grimmsnarl, M|
|poke|p2|Dragonite, F|
|poke|p2|Ampharos, M|
|poke|p2|Tinkaton, F|
|teampreview
|
|t:|1743802316
|start
|switch|p1a: Ursaluna|Ursaluna, M|100/100
|switch|p2a: Grimmsnarl|Grimmsnarl, M|100/100
|turn|1
|
|t:|1743802321
|move|p1a: Ursaluna|Protect|p1a: Ursaluna
|-singleturn|p1a: Ursaluna|Protect
|move|p2a: Grimmsnarl|Reflect|p2a: Grimmsnarl
|-sidestart|p2: BeachLeak|Reflect
|
|-status|p1a: Ursaluna|brn|[from] item: Flame Orb
|upkeep
|turn|2
|inactive|Battle timer is ON: inactive players will automatically lose when time's up. (requested by BeachLeak)
|
|t:|1743802327
|move|p2a: Grimmsnarl|Spirit Break|p1a: Ursaluna
|-damage|p1a: Ursaluna|79/100 brn
|-unboost|p1a: Ursaluna|spa|1
|move|p1a: Ursaluna|Facade|p2a: Grimmsnarl
|-damage|p2a: Grimmsnarl|40/100
|
|-damage|p1a: Ursaluna|73/100 brn|[from] brn
|upkeep
|turn|3
|
|t:|1743802341
|switch|p2a: Great Tusk|Great Tusk|100/100
|-enditem|p2a: Great Tusk|Booster Energy
|-activate|p2a: Great Tusk|ability: Protosynthesis|[fromitem]
|-start|p2a: Great Tusk|protosynthesisspe
|move|p1a: Ursaluna|Earthquake|p2a: Great Tusk
|-damage|p2a: Great Tusk|73/100
|
|-damage|p1a: Ursaluna|66/100 brn|[from] brn
|upkeep
|turn|4
|
|t:|1743802350
|switch|p1a: Sinistcha|Sinistcha-Masterpiece|100/100
|move|p2a: Great Tusk|Ice Spinner|p1a: Sinistcha
|-supereffective|p1a: Sinistcha
|-damage|p1a: Sinistcha|68/100
|
|-heal|p1a: Sinistcha|74/100|[from] item: Leftovers
|upkeep
|turn|5
|
|t:|1743802359
|-end|p2a: Great Tusk|Protosynthesis|[silent]
|switch|p2a: Dragonite|Dragonite, F|100/100
|move|p1a: Sinistcha|Matcha Gotcha|p2a: Dragonite
|-resisted|p2a: Dragonite
|-damage|p2a: Dragonite|96/100
|-heal|p1a: Sinistcha|76/100|[from] drain|[of] p2a: Dragonite
|
|-heal|p1a: Sinistcha|82/100|[from] item: Leftovers
|upkeep
|turn|6
|
|t:|1743802372
|switch|p1a: Toxapex|Toxapex, M|100/100
|move|p2a: Dragonite|Encore||[still]
|-fail|p2a: Dragonite
|
|upkeep
|turn|7
|
|t:|1743802379
|switch|p2a: Tinkaton|Tinkaton, F|100/100
|-ability|p2a: Tinkaton|Mold Breaker
|move|p1a: Toxapex|Toxic|p2a: Tinkaton
|-immune|p2a: Tinkaton
|
|upkeep
|turn|8
|
|t:|1743802387
|switch|p1a: Toedscruel|Toedscruel, M|100/100
|move|p2a: Tinkaton|Swords Dance|p2a: Tinkaton
|-boost|p2a: Tinkaton|atk|2
|
|-sideend|p2: BeachLeak|Reflect
|upkeep
|turn|9
|
|t:|1743802394
|move|p2a: Tinkaton|Gigaton Hammer|p1a: Toedscruel
|-damage|p1a: Toedscruel|0 fnt
|faint|p1a: Toedscruel
|
|upkeep
|
|t:|1743802400
|switch|p1a: Ursaluna|Ursaluna, M|66/100 brn
|turn|10
|
|t:|1743802410
|move|p2a: Tinkaton|Play Rough|p1a: Ursaluna
|-damage|p1a: Ursaluna|23/100 brn
|move|p1a: Ursaluna|Earthquake|p2a: Tinkaton
|-supereffective|p2a: Tinkaton
|-damage|p2a: Tinkaton|0 fnt
|faint|p2a: Tinkaton
|
|-damage|p1a: Ursaluna|17/100 brn|[from] brn
|upkeep
|
|t:|1743802423
|switch|p2a: Ampharos|Ampharos, M|100/100
|turn|11
|
|t:|1743802427
|move|p2a: Ampharos|Dazzling Gleam|p1a: Ursaluna
|-damage|p1a: Ursaluna|0 fnt
|faint|p1a: Ursaluna
|
|upkeep
|
|t:|1743802433
|switch|p1a: Ninetales|Ninetales-Alola, F|100/100
|-weather|Snowscape|[from] ability: Snow Warning|[of] p1a: Ninetales
|turn|12
|
|t:|1743802439
|move|p1a: Ninetales|Aurora Veil|p1a: Ninetales
|-sidestart|p1: drifter1798?|move: Aurora Veil
|move|p2a: Ampharos|Meteor Beam||[still]
|-prepare|p2a: Ampharos|Meteor Beam
|-boost|p2a: Ampharos|spa|1
|-enditem|p2a: Ampharos|Power Herb
|-anim|p2a: Ampharos|Meteor Beam|p1a: Ninetales
|-supereffective|p1a: Ninetales
|-damage|p1a: Ninetales|40/100
|
|-weather|Snowscape|[upkeep]
|upkeep
|turn|13
|
|t:|1743802448
|switch|p1a: Blissey|Blissey, F|100/100
|move|p2a: Ampharos|Meteor Beam||[still]
|-prepare|p2a: Ampharos|Meteor Beam
|-boost|p2a: Ampharos|spa|1
|
|-weather|Snowscape|[upkeep]
|upkeep
|turn|14
|
|t:|1743802457
|move|p2a: Ampharos|Meteor Beam|p1a: Blissey|[from] lockedmove
|-damage|p1a: Blissey|89/100
|move|p1a: Blissey|Stealth Rock|p2a: Ampharos
|-sidestart|p2: BeachLeak|move: Stealth Rock
|
|-weather|Snowscape|[upkeep]
|upkeep
|turn|15
|
|t:|1743802464
|switch|p1a: Toxapex|Toxapex, M|100/100
|move|p2a: Ampharos|Thunderbolt|p1a: Toxapex
|-supereffective|p1a: Toxapex
|-damage|p1a: Toxapex|30/100
|
|-weather|Snowscape|[upkeep]
|-heal|p1a: Toxapex|36/100|[from] item: Leftovers
|upkeep
|turn|16
|
|t:|1743802472
|switch|p1a: Blissey|Blissey, F|89/100
|move|p2a: Ampharos|Agility|p2a: Ampharos
|-boost|p2a: Ampharos|spe|2
|
|-weather|none
|upkeep
|turn|17
|
|t:|1743802479
|switch|p1a: Toxapex|Toxapex, M|70/100
|move|p2a: Ampharos|Thunderbolt|p1a: Toxapex
|-supereffective|p1a: Toxapex
|-damage|p1a: Toxapex|0 fnt
|faint|p1a: Toxapex
|
|upkeep
|
|t:|1743802489
|switch|p1a: Sinistcha|Sinistcha-Masterpiece|82/100
|turn|18
|
|t:|1743802494
|move|p2a: Ampharos|Dazzling Gleam|p1a: Sinistcha
|-damage|p1a: Sinistcha|50/100
|move|p1a: Sinistcha|Calm Mind|p1a: Sinistcha
|-boost|p1a: Sinistcha|spa|1
|-boost|p1a: Sinistcha|spd|1
|
|-heal|p1a: Sinistcha|56/100|[from] item: Leftovers
|upkeep
|turn|19
|
|t:|1743802503
|move|p2a: Ampharos|Dazzling Gleam|p1a: Sinistcha
|-damage|p1a: Sinistcha|35/100
|move|p1a: Sinistcha|Calm Mind|p1a: Sinistcha
|-boost|p1a: Sinistcha|spa|1
|-boost|p1a: Sinistcha|spd|1
|
|-heal|p1a: Sinistcha|41/100|[from] item: Leftovers
|-sideend|p1: drifter1798?|move: Aurora Veil
|upkeep
|turn|20
|
|t:|1743802511
|-terastallize|p2a: Ampharos|Fairy
|move|p2a: Ampharos|Dazzling Gleam|p1a: Sinistcha
|-damage|p1a: Sinistcha|0 fnt
|faint|p1a: Sinistcha
|
|upkeep
|-message|drifter1798? forfeited.
|
|win|BeachLeak
|raw|drifter1798?'s rating: 1431 &rarr; <strong>1411</strong><br />(-20 for losing)
|raw|BeachLeak's rating: 1432 &rarr; <strong>1452</strong><br />(+20 for winning)
|l|☆drifter1798?
|player|p1|
|l|☆BeachLeak
|player|p2|
