|j|☆BIG Ghettie
|j|☆bjlsshen
|t:|1743928334
|gametype|singles
|player|p1|BIG Ghettie|ghetsis|1295
|player|p2|bjlsshen|volkner|1283
|teamsize|p1|6
|teamsize|p2|6
|gen|9
|tier|[Gen 9] OU
|rated|
|rule|HP Percentage Mod: HP is shown in percentages
|rule|Endless Battle Clause: Forcing endless battles is banned
|rule|Species Clause: Limit one of each Pokémon
|rule|OHKO Clause: OHKO moves are banned
|rule|Evasion Items Clause: Evasion items are banned
|rule|Evasion Moves Clause: Evasion moves are banned
|rule|Sleep Moves Clause: Sleep-inducing moves are banned
|clearpoke
|poke|p1|Gengar, F|
|poke|p1|Arcanine-Hisui, F|
|poke|p1|Blastoise, F|
|poke|p1|Skarmory, F|
|poke|p1|Zamazenta-*|
|poke|p1|Metagross|
|poke|p2|Zoroark-Hisui, M|
|poke|p2|Primarina, F|
|poke|p2|Gholdengo|
|poke|p2|Kingambit, M|
|poke|p2|Landorus-Therian, M|
|poke|p2|Dragapult, F|
|teampreview
|
|t:|1743928357
|start
|switch|p1a: Flow|Blastoise, F, shiny|100/100
|switch|p2a: Kingambit|Kingambit, M|100/100
|turn|1
|
|t:|1743928376
|switch|p2a: Primarina|Primarina, F|100/100
|move|p1a: Flow|Shell Smash|p1a: Flow
|-unboost|p1a: Flow|def|1
|-unboost|p1a: Flow|spd|1
|-boost|p1a: Flow|atk|2
|-boost|p1a: Flow|spa|2
|-boost|p1a: Flow|spe|2
|-enditem|p1a: Flow|White Herb
|-clearnegativeboost|p1a: Flow|[silent]
|
|upkeep
|turn|2
|
|t:|1743928393
|switch|p1a: Sky|Skarmory, F, shiny|100/100
|move|p2a: Primarina|Calm Mind|p2a: Primarina
|-boost|p2a: Primarina|spa|1
|-boost|p2a: Primarina|spd|1
|
|upkeep
|turn|3
|
|t:|1743928402
|move|p1a: Sky|Stealth Rock|p2a: Primarina
|-sidestart|p2: bjlsshen|move: Stealth Rock
|move|p2a: Primarina|Alluring Voice|p1a: Sky
|-damage|p1a: Sky|42/100
|
|upkeep
|turn|4
|
|t:|1743928434
|switch|p1a: Big Ghettie|Metagross, shiny|100/100
|move|p2a: Primarina|Calm Mind|p2a: Primarina
|-boost|p2a: Primarina|spa|1
|-boost|p2a: Primarina|spd|1
|
|upkeep
|turn|5
|
|t:|1743928443
|-terastallize|p2a: Primarina|Stellar
|move|p1a: Big Ghettie|Knock Off|p2a: Primarina
|-resisted|p2a: Primarina
|-damage|p2a: Primarina|78/100
|-enditem|p2a: Primarina|Leftovers|[from] move: Knock Off|[of] p1a: Big Ghettie
|move|p2a: Primarina|Alluring Voice|p1a: Big Ghettie
|-damage|p1a: Big Ghettie|0 fnt
|faint|p1a: Big Ghettie
|
|upkeep
|inactive|Battle timer is ON: inactive players will automatically lose when time's up. (requested by bjlsshen)
|
|t:|1743928504
|switch|p1a: Joker|Gengar, F, shiny|100/100
|turn|6
|
|t:|1743928513
|move|p1a: Joker|Sludge Bomb|p2a: Primarina
|-supereffective|p2a: Primarina
|-damage|p2a: Primarina|42/100
|move|p2a: Primarina|Stored Power|p1a: Joker
|-supereffective|p1a: Joker
|-enditem|p1a: Joker|Focus Sash
|-damage|p1a: Joker|1/100
|
|upkeep
|turn|7
|
|t:|1743928519
|move|p1a: Joker|Sludge Bomb|p2a: Primarina
|-supereffective|p2a: Primarina
|-damage|p2a: Primarina|0 fnt
|faint|p2a: Primarina
|
|upkeep
|
|t:|1743928526
|switch|p2a: Landorus|Landorus-Therian, M|100/100
|-damage|p2a: Landorus|88/100|[from] Stealth Rock
|-ability|p2a: Landorus|Intimidate|boost
|-unboost|p1a: Joker|atk|1
|turn|8
|
|t:|1743928535
|switch|p1a: Sky|Skarmory, F, shiny|42/100
|move|p2a: Landorus|U-turn|p1a: Sky
|-resisted|p1a: Sky
|-crit|p1a: Sky
|-damage|p1a: Sky|34/100
|-damage|p2a: Landorus|72/100|[from] item: Rocky Helmet|[of] p1a: Sky
|
|t:|1743928553
|switch|p2a: Dragapult|Dragapult, F|100/100|[from] U-turn
|-damage|p2a: Dragapult|88/100|[from] Stealth Rock
|
|upkeep
|turn|9
|
|t:|1743928559
|move|p2a: Dragapult|Phantom Force||[still]
|-prepare|p2a: Dragapult|Phantom Force
|move|p1a: Sky|Roost|p1a: Sky
|-heal|p1a: Sky|84/100
|-singleturn|p1a: Sky|move: Roost
|
|upkeep
|turn|10
|
|t:|1743928571
|move|p2a: Dragapult|Phantom Force|p1a: Sky|[from] lockedmove
|-damage|p1a: Sky|35/100
|-damage|p2a: Dragapult|72/100|[from] item: Rocky Helmet|[of] p1a: Sky
|move|p1a: Sky|Roost|p1a: Sky
|-heal|p1a: Sky|85/100
|-singleturn|p1a: Sky|move: Roost
|
|upkeep
|turn|11
|inactive|bjlsshen has 120 seconds left.
|
|t:|1743928621
|switch|p1a: Chonker|Zamazenta, shiny|100/100
|-ability|p1a: Chonker|Dauntless Shield|boost
|-boost|p1a: Chonker|def|1
|move|p2a: Dragapult|Phantom Force||[still]
|-prepare|p2a: Dragapult|Phantom Force
|
|upkeep
|turn|12
|
|t:|1743928631
|move|p2a: Dragapult|Phantom Force|p1a: Chonker|[from] lockedmove
|-damage|p1a: Chonker|66/100
|move|p1a: Chonker|Ice Fang|p2a: Dragapult
|-supereffective|p2a: Dragapult
|-damage|p2a: Dragapult|20/100
|
|-heal|p1a: Chonker|72/100|[from] item: Leftovers
|upkeep
|turn|13
|inactive|bjlsshen has 120 seconds left.
|
|t:|1743928641
|switch|p2a: Gholdengo|Gholdengo|100/100
|-damage|p2a: Gholdengo|94/100|[from] Stealth Rock
|-item|p2a: Gholdengo|Air Balloon
|move|p1a: Chonker|Iron Defense|p1a: Chonker
|-boost|p1a: Chonker|def|2
|
|-heal|p1a: Chonker|78/100|[from] item: Leftovers
|upkeep
|turn|14
|
|t:|1743928650
|move|p1a: Chonker|Crunch|p2a: Gholdengo
|-supereffective|p2a: Gholdengo
|-damage|p2a: Gholdengo|37/100
|-unboost|p2a: Gholdengo|def|1
|-enditem|p2a: Gholdengo|Air Balloon
|move|p2a: Gholdengo|Thunder Wave|p1a: Chonker
|-status|p1a: Chonker|par
|
|-heal|p1a: Chonker|84/100 par|[from] item: Leftovers
|upkeep
|turn|15
|
|t:|1743928659
|move|p2a: Gholdengo|Hex|p1a: Chonker
|-damage|p1a: Chonker|28/100 par
|cant|p1a: Chonker|par
|
|-heal|p1a: Chonker|35/100 par|[from] item: Leftovers
|upkeep
|turn|16
|
|t:|1743928678
|move|p2a: Gholdengo|Hex|p1a: Chonker
|-damage|p1a: Chonker|0 fnt
|faint|p1a: Chonker
|
|upkeep
|
|t:|1743928683
|switch|p1a: Rocky|Arcanine-Hisui, F, shiny|100/100
|turn|17
|
|t:|1743928688
|move|p1a: Rocky|Flare Blitz|p2a: Gholdengo
|-supereffective|p2a: Gholdengo
|-damage|p2a: Gholdengo|0 fnt
|faint|p2a: Gholdengo
|
|upkeep
|
|t:|1743928699
|switch|p2a: Landorus|Landorus-Therian, M|72/100
|-damage|p2a: Landorus|59/100|[from] Stealth Rock
|-ability|p2a: Landorus|Intimidate|boost
|-unboost|p1a: Rocky|atk|1
|turn|18
|
|t:|1743928705
|switch|p1a: Sky|Skarmory, F, shiny|85/100
|move|p2a: Landorus|Rock Slide|p1a: Sky
|-damage|p1a: Sky|64/100
|
|upkeep
|turn|19
|
|t:|1743928715
|switch|p2a: Kingambit|Kingambit, M|100/100
|-damage|p2a: Kingambit|94/100|[from] Stealth Rock
|-activate|p2a: Kingambit|ability: Supreme Overlord
|-start|p2a: Kingambit|fallen2|[silent]
|move|p1a: Sky|Roost|p1a: Sky
|-heal|p1a: Sky|100/100
|-singleturn|p1a: Sky|move: Roost
|
|upkeep
|turn|20
|
|t:|1743928722
|move|p1a: Sky|Iron Defense|p1a: Sky
|-boost|p1a: Sky|def|2
|move|p2a: Kingambit|Kowtow Cleave|p1a: Sky
|-damage|p1a: Sky|71/100
|-damage|p2a: Kingambit|78/100|[from] item: Rocky Helmet|[of] p1a: Sky
|
|upkeep
|turn|21
|
|t:|1743928733
|-end|p2a: Kingambit|fallen2|[silent]
|switch|p2a: Landorus|Landorus-Therian, M|100/100
|-damage|p2a: Landorus|88/100|[from] Stealth Rock
|move|p1a: Sky|Body Press|p2a: Landorus
|-immune|p2a: Landorus
|
|upkeep
|turn|22
|
|t:|1743928760
|move|p2a: Landorus|Will-O-Wisp|p1a: Sky
|-status|p1a: Sky|brn
|move|p1a: Sky|Roost|p1a: Sky
|-heal|p1a: Sky|100/100 brn
|-singleturn|p1a: Sky|move: Roost
|
|-damage|p1a: Sky|95/100 brn|[from] brn
|upkeep
|turn|23
|inactive|BIG Ghettie has 120 seconds left.
|
|t:|1743928782
|move|p2a: Landorus|Hex|p1a: Sky
|-damage|p1a: Sky|35/100 brn
|move|p1a: Sky|Roost|p1a: Sky
|-heal|p1a: Sky|85/100 brn
|-singleturn|p1a: Sky|move: Roost
|
|-damage|p1a: Sky|79/100 brn|[from] brn
|upkeep
|turn|24
|inactive|BIG Ghettie has 120 seconds left.
|
|t:|1743928800
|switch|p1a: Joker|Gengar, F, shiny|1/100
|move|p2a: Landorus|Hex|p1a: Joker
|-supereffective|p1a: Joker
|-damage|p1a: Joker|0 fnt
|faint|p1a: Joker
|
|upkeep
|
|t:|1743928807
|switch|p1a: Rocky|Arcanine-Hisui, F, shiny|100/100
|turn|25
|
|t:|1743928819
|switch|p2a: Landorus|Landorus-Therian, M|59/100
|-damage|p2a: Landorus|47/100|[from] Stealth Rock
|-ability|p2a: Landorus|Intimidate|boost
|-unboost|p1a: Rocky|atk|1
|move|p1a: Rocky|Flare Blitz|p2a: Landorus
|-damage|p2a: Landorus|6/100
|
|upkeep
|turn|26
|
|t:|1743928829
|switch|p1a: Sky|Skarmory, F, shiny|79/100 brn
|move|p2a: Landorus|Earthquake|p1a: Sky
|-immune|p1a: Sky
|
|-damage|p1a: Sky|73/100 brn|[from] brn
|upkeep
|turn|27
|inactive|BIG Ghettie has 120 seconds left.
|
|t:|1743928845
|switch|p1a: Rocky|Arcanine-Hisui, F, shiny|100/100
|move|p2a: Landorus|Earthquake|p1a: Rocky
|-supereffective|p1a: Rocky
|-damage|p1a: Rocky|0 fnt
|faint|p1a: Rocky
|
|upkeep
|
|t:|1743928857
|switch|p1a: Flow|Blastoise, F, shiny|100/100
|turn|28
|
|t:|1743928864
|move|p2a: Landorus|Earthquake|p1a: Flow
|-damage|p1a: Flow|35/100
|move|p1a: Flow|Shell Smash|p1a: Flow
|-unboost|p1a: Flow|def|1
|-unboost|p1a: Flow|spd|1
|-boost|p1a: Flow|atk|2
|-boost|p1a: Flow|spa|2
|-boost|p1a: Flow|spe|2
|
|upkeep
|turn|29
|
|t:|1743928877
|move|p1a: Flow|Surf|p2a: Landorus
|-supereffective|p2a: Landorus
|-damage|p2a: Landorus|0 fnt
|faint|p2a: Landorus
|
|upkeep
|
|t:|1743928881
|switch|p2a: Kingambit|Kingambit, M|78/100
|-damage|p2a: Kingambit|72/100|[from] Stealth Rock
|-activate|p2a: Kingambit|ability: Supreme Overlord
|-start|p2a: Kingambit|fallen3|[silent]
|turn|30
|inactive|BIG Ghettie has 120 seconds left.
|
|t:|1743928891
|-terastallize|p1a: Flow|Steel
|move|p2a: Kingambit|Sucker Punch|p1a: Flow
|-damage|p1a: Flow|0 fnt
|faint|p1a: Flow
|
|upkeep
|
|t:|1743928898
|switch|p1a: Sky|Skarmory, F, shiny|73/100 brn
|turn|31
|inactive|BIG Ghettie has 120 seconds left.
|
|t:|1743928908
|move|p1a: Sky|Body Press|p2a: Kingambit
|-supereffective|p2a: Kingambit
|-damage|p2a: Kingambit|37/100
|move|p2a: Kingambit|Kowtow Cleave|p1a: Sky
|-damage|p1a: Sky|12/100 brn
|-damage|p2a: Kingambit|20/100|[from] item: Rocky Helmet|[of] p1a: Sky
|
|-damage|p1a: Sky|6/100 brn|[from] brn
|upkeep
|turn|32
|
|t:|1743928917
|move|p1a: Sky|Body Press|p2a: Kingambit
|-supereffective|p2a: Kingambit
|-damage|p2a: Kingambit|0 fnt
|faint|p2a: Kingambit
|-end|p2a: Kingambit|fallen3|[silent]
|
|-damage|p1a: Sky|0 fnt|[from] brn
|faint|p1a: Sky
|
|win|bjlsshen
|raw|BIG Ghettie's rating: 1295 &rarr; <strong>1269</strong><br />(-26 for losing)
|raw|bjlsshen's rating: 1283 &rarr; <strong>1309</strong><br />(+26 for winning)
|l|☆BIG Ghettie
|player|p1|
|l|☆bjlsshen
|player|p2|
