|j|☆JustPoke9
|j|☆ss_shedinja
|t:|1743912136
|gametype|singles
|player|p1|JustPoke9|pokekid|1322
|player|p2|ss_shedinja|barry|1268
|teamsize|p1|6
|teamsize|p2|6
|gen|9
|tier|[Gen 9] OU
|rated|
|rule|HP Percentage Mod: HP is shown in percentages
|rule|Endless Battle Clause: Forcing endless battles is banned
|rule|Species Clause: Limit one of each Pokémon
|rule|OHKO Clause: OHKO moves are banned
|rule|Evasion Items Clause: Evasion items are banned
|rule|Evasion Moves Clause: Evasion moves are banned
|rule|Sleep Moves Clause: Sleep-inducing moves are banned
|clearpoke
|poke|p1|Gliscor, M|
|poke|p1|Garganacl, F|
|poke|p1|Sinistcha|
|poke|p1|Darkrai|
|poke|p1|Slowking-Galar, M|
|poke|p1|Skarmory, F|
|poke|p2|Hydrapple, F|
|poke|p2|Landorus-Therian, M|
|poke|p2|Clodsire, M|
|poke|p2|Skeledirge, F|
|poke|p2|Forretress, M|
|poke|p2|Quagsire, F|
|teampreview
|
|t:|1743912140
|start
|switch|p1a: Skarmory|Skarmory, F|100/100
|switch|p2a: Landorus|Landorus-Therian, M|100/100
|-ability|p2a: Landorus|Intimidate|boost
|-unboost|p1a: Skarmory|atk|1
|turn|1
|
|t:|1743912145
|switch|p1a: Darkrai|Darkrai|100/100
|move|p2a: Landorus|Taunt|p1a: Darkrai
|-start|p1a: Darkrai|move: Taunt
|
|upkeep
|turn|2
|
|t:|1743912152
|switch|p2a: Clodsire|Clodsire, M|100/100
|move|p1a: Darkrai|Ice Beam|p2a: Clodsire
|-supereffective|p2a: Clodsire
|-damage|p2a: Clodsire|66/100
|-status|p2a: Clodsire|frz
|
|-heal|p2a: Clodsire|72/100 frz|[from] item: Black Sludge
|upkeep
|turn|3
|
|t:|1743912163
|move|p1a: Darkrai|Knock Off|p2a: Clodsire
|-damage|p2a: Clodsire|39/100 frz
|-enditem|p2a: Clodsire|Black Sludge|[from] move: Knock Off|[of] p1a: Darkrai
|cant|p2a: Clodsire|frz
|
|-end|p1a: Darkrai|move: Taunt
|upkeep
|turn|4
|
|t:|1743912169
|move|p1a: Darkrai|Ice Beam|p2a: Clodsire
|-supereffective|p2a: Clodsire
|-damage|p2a: Clodsire|7/100 frz
|cant|p2a: Clodsire|frz
|
|upkeep
|turn|5
|
|t:|1743912174
|move|p1a: Darkrai|Knock Off|p2a: Clodsire
|-damage|p2a: Clodsire|0 fnt
|faint|p2a: Clodsire
|
|upkeep
|
|t:|1743912180
|switch|p2a: Skeledirge|Skeledirge, F|100/100
|turn|6
|
|t:|1743912185
|-terastallize|p2a: Skeledirge|Fire
|move|p1a: Darkrai|Knock Off|p2a: Skeledirge
|-damage|p2a: Skeledirge|78/100
|-enditem|p2a: Skeledirge|Heavy-Duty Boots|[from] move: Knock Off|[of] p1a: Darkrai
|move|p2a: Skeledirge|Torch Song|p1a: Darkrai
|-damage|p1a: Darkrai|51/100
|-boost|p2a: Skeledirge|spa|1
|
|upkeep
|turn|7
|
|t:|1743912193
|switch|p1a: Garganacl|Garganacl, F|100/100
|move|p2a: Skeledirge|Torch Song|p1a: Garganacl
|-resisted|p1a: Garganacl
|-damage|p1a: Garganacl|81/100
|-boost|p2a: Skeledirge|spa|1
|
|upkeep
|turn|8
|
|t:|1743912198
|switch|p2a: Hydrapple|Hydrapple, F|100/100
|move|p1a: Garganacl|Salt Cure|p2a: Hydrapple
|-damage|p2a: Hydrapple|90/100
|-start|p2a: Hydrapple|Salt Cure
|
|-damage|p2a: Hydrapple|78/100|[from] Salt Cure
|upkeep
|turn|9
|
|t:|1743912204
|switch|p1a: Slowking|Slowking-Galar, M|100/100
|move|p2a: Hydrapple|Leaf Storm|p1a: Slowking
|-resisted|p1a: Slowking
|-damage|p1a: Slowking|82/100
|-unboost|p2a: Hydrapple|spa|2
|
|-damage|p2a: Hydrapple|65/100|[from] Salt Cure
|upkeep
|turn|10
|
|t:|1743912225
|switch|p2a: Skeledirge|Skeledirge, F, tera:Fire|78/100
|move|p1a: Slowking|Ice Beam|p2a: Skeledirge
|-resisted|p2a: Skeledirge
|-damage|p2a: Skeledirge|69/100
|
|upkeep
|turn|11
|
|t:|1743912231
|move|p2a: Skeledirge|Torch Song|p1a: Slowking
|-damage|p1a: Slowking|57/100
|-boost|p2a: Skeledirge|spa|1
|-prepare|p1a: Slowking|Chilly Reception|[premajor]
|move|p1a: Slowking|Chilly Reception|p1a: Slowking
|-weather|Snowscape
|
|t:|1743912239
|switch|p1a: Garganacl|Garganacl, F|81/100|[from] Chilly Reception
|
|-weather|Snowscape|[upkeep]
|upkeep
|turn|12
|
|t:|1743912250
|switch|p2a: Hydrapple|Hydrapple, F|99/100
|move|p1a: Garganacl|Salt Cure|p2a: Hydrapple
|-damage|p2a: Hydrapple|88/100
|-start|p2a: Hydrapple|Salt Cure
|
|-weather|Snowscape|[upkeep]
|-damage|p2a: Hydrapple|75/100|[from] Salt Cure
|upkeep
|turn|13
|
|t:|1743912260
|move|p1a: Garganacl|Protect|p1a: Garganacl
|-singleturn|p1a: Garganacl|Protect
|move|p2a: Hydrapple|Earth Power|p1a: Garganacl
|-activate|p1a: Garganacl|move: Protect
|
|-weather|Snowscape|[upkeep]
|-damage|p2a: Hydrapple|63/100|[from] Salt Cure
|upkeep
|turn|14
|
|t:|1743912266
|switch|p1a: Gliscor|Gliscor, M|100/100
|move|p2a: Hydrapple|Leaf Storm|p1a: Gliscor
|-damage|p1a: Gliscor|19/100
|-unboost|p2a: Hydrapple|spa|2
|
|-weather|Snowscape|[upkeep]
|-damage|p2a: Hydrapple|50/100|[from] Salt Cure
|-status|p1a: Gliscor|tox|[from] item: Toxic Orb
|upkeep
|turn|15
|
|t:|1743912272
|switch|p2a: Forretress|Forretress, M|100/100
|move|p1a: Gliscor|Protect||[still]
|-fail|p1a: Gliscor
|
|-weather|none
|-heal|p1a: Gliscor|32/100 tox|[from] ability: Poison Heal
|upkeep
|turn|16
|
|t:|1743912277
|move|p1a: Gliscor|Spikes|p2a: Forretress
|-sidestart|p2: ss_shedinja|Spikes
|move|p2a: Forretress|Spikes|p1a: Gliscor
|-sidestart|p1: JustPoke9|Spikes
|
|-heal|p1a: Gliscor|44/100 tox|[from] ability: Poison Heal
|upkeep
|turn|17
|
|t:|1743912280
|move|p1a: Gliscor|Spikes|p2a: Forretress
|-sidestart|p2: ss_shedinja|Spikes
|move|p2a: Forretress|Spikes|p1a: Gliscor
|-sidestart|p1: JustPoke9|Spikes
|
|-heal|p1a: Gliscor|57/100 tox|[from] ability: Poison Heal
|upkeep
|turn|18
|
|t:|1743912286
|move|p1a: Gliscor|Spikes|p2a: Forretress
|-sidestart|p2: ss_shedinja|Spikes
|move|p2a: Forretress|Spikes|p1a: Gliscor
|-sidestart|p1: JustPoke9|Spikes
|
|-heal|p1a: Gliscor|69/100 tox|[from] ability: Poison Heal
|upkeep
|turn|19
|-message|ss_shedinja forfeited.
|
|win|JustPoke9
|raw|JustPoke9's rating: 1322 &rarr; <strong>1339</strong><br />(+17 for winning)
|raw|ss_shedinja's rating: 1268 &rarr; <strong>1247</strong><br />(-21 for losing)
|l|☆ss_shedinja
|player|p2|
|l|☆JustPoke9
|player|p1|
