|j|☆kshuaib734
|j|☆MegaMHX
|t:|1743864815
|gametype|singles
|player|p1|kshuaib734|steven|1620
|player|p2|MegaMHX|sada-ai|1509
|teamsize|p1|6
|teamsize|p2|6
|gen|9
|tier|[Gen 9] OU
|rated|
|rule|HP Percentage Mod: HP is shown in percentages
|rule|Endless Battle Clause: Forcing endless battles is banned
|rule|Species Clause: Limit one of each Pokémon
|rule|OHKO Clause: OHKO moves are banned
|rule|Evasion Items Clause: Evasion items are banned
|rule|Evasion Moves Clause: Evasion moves are banned
|rule|Sleep Moves Clause: Sleep-inducing moves are banned
|clearpoke
|poke|p1|Tyranitar, F|
|poke|p1|Jolteon, F|
|poke|p1|Pelipper, M|
|poke|p1|Quaquaval, F|
|poke|p1|Overqwil, F|
|poke|p1|Excadrill, F|
|poke|p2|Crawdaunt, M|
|poke|p2|Lokix, F|
|poke|p2|Iron Moth|
|poke|p2|Iron Treads|
|poke|p2|Raging Bolt|
|poke|p2|Enamorus, F|
|teampreview
|inactive|Battle timer is ON: inactive players will automatically lose when time's up. (requested by kshuaib734)
|
|t:|1743864832
|start
|switch|p1a: Tyrant's Downpour|Pelipper, M|100/100
|switch|p2a: Lokix|Lokix, F|100/100
|-weather|RainDance|[from] ability: Drizzle|[of] p1a: Tyrant's Downpour
|turn|1
|
|t:|1743864844
|move|p2a: Lokix|U-turn|p1a: Tyrant's Downpour
|-resisted|p1a: Tyrant's Downpour
|-damage|p1a: Tyrant's Downpour|79/100
|
|t:|1743864862
|switch|p2a: Raging Bolt|Raging Bolt|100/100|[from] U-turn
|move|p1a: Tyrant's Downpour|U-turn|p2a: Raging Bolt
|-damage|p2a: Raging Bolt|92/100
|j| bobify
|
|t:|1743864874
|switch|p1a: King Tyrant|Tyranitar, F|100/100|[from] U-turn
|-weather|Sandstorm|[from] ability: Sand Stream|[of] p1a: King Tyrant
|
|-weather|Sandstorm|[upkeep]
|-damage|p2a: Raging Bolt|86/100|[from] Sandstorm
|upkeep
|turn|2
|
|t:|1743864881
|move|p2a: Raging Bolt|Volt Switch|p1a: King Tyrant
|-damage|p1a: King Tyrant|81/100
|
|t:|1743864897
|-end|p2a: Raging Bolt|Protosynthesis|[silent]
|switch|p2a: Crawdaunt|Crawdaunt, M|100/100|[from] Volt Switch
|move|p1a: King Tyrant|Stealth Rock|p2a: Crawdaunt
|-sidestart|p2: MegaMHX|move: Stealth Rock
|
|-weather|Sandstorm|[upkeep]
|-damage|p2a: Crawdaunt|95/100|[from] Sandstorm
|upkeep
|turn|3
|
|t:|1743864920
|switch|p1a: Tyrant's Downpour|Pelipper, M|79/100
|-weather|RainDance|[from] ability: Drizzle|[of] p1a: Tyrant's Downpour
|move|p2a: Crawdaunt|Swords Dance|p2a: Crawdaunt
|-boost|p2a: Crawdaunt|atk|2
|
|-weather|RainDance|[upkeep]
|upkeep
|turn|4
|l| bobify
|
|t:|1743864929
|move|p2a: Crawdaunt|Knock Off|p1a: Tyrant's Downpour
|-damage|p1a: Tyrant's Downpour|0 fnt
|-enditem|p1a: Tyrant's Downpour|Damp Rock|[from] move: Knock Off|[of] p2a: Crawdaunt
|faint|p1a: Tyrant's Downpour
|
|-weather|RainDance|[upkeep]
|upkeep
|
|t:|1743864937
|switch|p1a: Tyrant's Endgame|Quaquaval, F|100/100
|turn|5
|
|t:|1743864945
|-terastallize|p2a: Crawdaunt|Water
|move|p1a: Tyrant's Endgame|Close Combat|p2a: Crawdaunt
|-damage|p2a: Crawdaunt|7/100
|-unboost|p1a: Tyrant's Endgame|def|1
|-unboost|p1a: Tyrant's Endgame|spd|1
|move|p2a: Crawdaunt|Liquidation|p1a: Tyrant's Endgame
|-resisted|p1a: Tyrant's Endgame
|-damage|p1a: Tyrant's Endgame|0 fnt
|faint|p1a: Tyrant's Endgame
|
|-weather|RainDance|[upkeep]
|upkeep
|
|t:|1743864956
|switch|p1a: King Tyrant|Tyranitar, F|81/100
|-weather|Sandstorm|[from] ability: Sand Stream|[of] p1a: King Tyrant
|turn|6
|
|t:|1743864962
|move|p2a: Crawdaunt|Aqua Jet|p1a: King Tyrant
|-supereffective|p1a: King Tyrant
|-damage|p1a: King Tyrant|0 fnt
|faint|p1a: King Tyrant
|
|-weather|Sandstorm|[upkeep]
|-damage|p2a: Crawdaunt|1/100|[from] Sandstorm
|upkeep
|
|t:|1743864979
|switch|p1a: Tyrant's Envoy|Jolteon, F|100/100
|turn|7
|
|t:|1743864983
|move|p2a: Crawdaunt|Aqua Jet|p1a: Tyrant's Envoy
|-damage|p1a: Tyrant's Envoy|0 fnt
|faint|p1a: Tyrant's Envoy
|
|-weather|Sandstorm|[upkeep]
|-damage|p2a: Crawdaunt|0 fnt|[from] Sandstorm
|faint|p2a: Crawdaunt
|upkeep
|
|t:|1743865004
|switch|p1a: Tyrant's Legacy|Excadrill, F|100/100
|switch|p2a: Lokix|Lokix, F|100/100
|turn|8
|
|t:|1743865015
|move|p2a: Lokix|First Impression|p1a: Tyrant's Legacy
|-resisted|p1a: Tyrant's Legacy
|-damage|p1a: Tyrant's Legacy|46/100
|move|p1a: Tyrant's Legacy|Rapid Spin|p2a: Lokix
|-damage|p2a: Lokix|61/100
|-boost|p1a: Tyrant's Legacy|spe|1
|-damage|p1a: Tyrant's Legacy|36/100|[from] item: Life Orb
|
|-weather|Sandstorm|[upkeep]
|-damage|p2a: Lokix|55/100|[from] Sandstorm
|upkeep
|turn|9
|
|t:|1743865028
|switch|p2a: Raging Bolt|Raging Bolt|86/100
|-damage|p2a: Raging Bolt|74/100|[from] Stealth Rock
|move|p1a: Tyrant's Legacy|Earthquake|p2a: Raging Bolt
|-supereffective|p2a: Raging Bolt
|-damage|p2a: Raging Bolt|0 fnt
|faint|p2a: Raging Bolt
|-end|p2a: Raging Bolt|Protosynthesis|[silent]
|-damage|p1a: Tyrant's Legacy|26/100|[from] item: Life Orb
|
|-weather|Sandstorm|[upkeep]
|upkeep
|
|t:|1743865034
|switch|p2a: Lokix|Lokix, F|55/100
|turn|10
|
|t:|1743865044
|move|p2a: Lokix|First Impression|p1a: Tyrant's Legacy
|-resisted|p1a: Tyrant's Legacy
|-damage|p1a: Tyrant's Legacy|0 fnt
|faint|p1a: Tyrant's Legacy
|
|-weather|none
|upkeep
|-message|kshuaib734 forfeited.
|
|win|MegaMHX
|raw|kshuaib734's rating: 1620 &rarr; <strong>1594</strong><br />(-26 for losing)
|raw|MegaMHX's rating: 1509 &rarr; <strong>1535</strong><br />(+26 for winning)
|l|☆kshuaib734
|player|p1|
|l|☆MegaMHX
|player|p2|
