|j|☆RyanBSS
|j|☆spreadthesalt
|t:|1743811831
|gametype|singles
|player|p1|RyanBSS|az|1094
|player|p2|spreadthesalt|dawn|1104
|teamsize|p1|6
|teamsize|p2|6
|gen|9
|tier|[Gen 9] OU
|rated|
|rule|HP Percentage Mod: HP is shown in percentages
|rule|Endless Battle Clause: Forcing endless battles is banned
|rule|Species Clause: Limit one of each Pokémon
|rule|OHKO Clause: OHKO moves are banned
|rule|Evasion Items Clause: Evasion items are banned
|rule|Evasion Moves Clause: Evasion moves are banned
|rule|Sleep Moves Clause: Sleep-inducing moves are banned
|clearpoke
|poke|p1|Hydrapple, F|
|poke|p1|Tinkaton, F|
|poke|p1|Moltres|
|poke|p1|Rotom-Wash|
|poke|p1|Great Tusk|
|poke|p1|Darkrai|
|poke|p2|Meloetta|
|poke|p2|Zoroark-Hisui, M|
|poke|p2|Ribombee, M|
|poke|p2|Moltres-Galar|
|poke|p2|Zapdos-Galar|
|poke|p2|Ninetales-Alola, F|
|teampreview
|inactive|Battle timer is ON: inactive players will automatically lose when time's up. (requested by RyanBSS)
|inactive|spreadthesalt has 120 seconds left.
|
|t:|1743811868
|start
|switch|p1a: Moltres|Moltres|100/100
|switch|p2a: Meloetta|Meloetta|100/100
|turn|1
|
|t:|1743811879
|move|p2a: Meloetta|Relic Song|p1a: Moltres
|-damage|p1a: Moltres|58/100
|-formechange|p2a: Meloetta|Meloetta-Pirouette|[msg]
|-damage|p2a: Meloetta|91/100|[from] item: Life Orb
|move|p1a: Moltres|U-turn|p2a: Meloetta
|-resisted|p2a: Meloetta
|-crit|p2a: Meloetta
|-damage|p2a: Meloetta|79/100
|
|t:|1743811904
|switch|p1a: Rotom|Rotom-Wash|100/100|[from] U-turn
|
|upkeep
|turn|2
|
|t:|1743811911
|-singleturn|p2a: Meloetta|move: Focus Punch
|move|p1a: Rotom|Will-O-Wisp|p2a: Meloetta
|-status|p2a: Meloetta|brn
|move|p2a: Meloetta|Focus Punch|p1a: Rotom
|-damage|p1a: Rotom|69/100
|-damage|p2a: Meloetta|63/100 brn|[from] item: Rocky Helmet|[of] p1a: Rotom
|-damage|p2a: Meloetta|53/100 brn|[from] item: Life Orb
|
|-damage|p2a: Meloetta|47/100 brn|[from] brn
|upkeep
|turn|3
|
|t:|1743811926
|move|p2a: Meloetta|Relic Song|p1a: Rotom
|-damage|p1a: Rotom|24/100
|-formechange|p2a: Meloetta|Meloetta|[msg]
|-damage|p2a: Meloetta|37/100 brn|[from] item: Life Orb
|move|p1a: Rotom|Volt Switch|p2a: Meloetta
|-damage|p2a: Meloetta|18/100 brn
|
|t:|1743811932
|switch|p1a: Hydrapple|Hydrapple, F|100/100|[from] Volt Switch
|
|-damage|p2a: Meloetta|11/100 brn|[from] brn
|upkeep
|turn|4
|
|t:|1743811944
|move|p2a: Meloetta|Relic Song|p1a: Hydrapple
|-damage|p1a: Hydrapple|47/100
|-formechange|p2a: Meloetta|Meloetta-Pirouette|[msg]
|-damage|p2a: Meloetta|1/100 brn|[from] item: Life Orb
|move|p1a: Hydrapple|Nasty Plot|p1a: Hydrapple
|-boost|p1a: Hydrapple|spa|2
|
|-damage|p2a: Meloetta|0 fnt|[from] brn
|faint|p2a: Meloetta
|upkeep
|
|t:|1743811955
|switch|p2a: Ninetales|Ninetales-Alola, F, shiny|100/100
|turn|5
|
|t:|1743811965
|-terastallize|p1a: Hydrapple|Fairy
|move|p2a: Ninetales|Flamethrower|p1a: Hydrapple
|-damage|p1a: Hydrapple|14/100
|move|p1a: Hydrapple|Leaf Storm|p2a: Ninetales
|-enditem|p2a: Ninetales|Focus Sash
|-damage|p2a: Ninetales|1/100
|-unboost|p1a: Hydrapple|spa|2
|replace|p2a: Zoroark|Zoroark-Hisui, M
|-end|p2a: Zoroark|Illusion
|
|upkeep
|turn|6
|
|t:|1743811990
|switch|p1a: Moltres|Moltres|58/100
|move|p2a: Zoroark|Flamethrower|p1a: Moltres
|-resisted|p1a: Moltres
|-damage|p1a: Moltres|46/100
|
|upkeep
|turn|7
|
|t:|1743811992
|move|p2a: Zoroark|Sludge Bomb|p1a: Moltres
|-damage|p1a: Moltres|22/100
|move|p1a: Moltres|Roost|p1a: Moltres
|-heal|p1a: Moltres|72/100
|-singleturn|p1a: Moltres|move: Roost
|
|upkeep
|turn|8
|
|t:|1743811996
|move|p2a: Zoroark|Sludge Bomb|p1a: Moltres
|-damage|p1a: Moltres|48/100
|move|p1a: Moltres|Roost|p1a: Moltres
|-heal|p1a: Moltres|98/100
|-singleturn|p1a: Moltres|move: Roost
|
|upkeep
|turn|9
|
|t:|1743812000
|move|p2a: Zoroark|Sludge Bomb|p1a: Moltres
|-damage|p1a: Moltres|74/100
|move|p1a: Moltres|U-turn|p2a: Zoroark
|-resisted|p2a: Zoroark
|-damage|p2a: Zoroark|0 fnt
|faint|p2a: Zoroark
|
|t:|1743812002
|switch|p1a: Hydrapple|Hydrapple, F, tera:Fairy|47/100|[from] U-turn
|
|upkeep
|
|t:|1743812012
|switch|p2a: Ninetales|Ninetales-Alola, F, shiny|100/100
|-weather|Snowscape|[from] ability: Snow Warning|[of] p2a: Ninetales
|turn|10
|
|t:|1743812023
|switch|p1a: Tinkaton|Tinkaton, F|100/100
|-ability|p1a: Tinkaton|Mold Breaker
|move|p2a: Ninetales|Aurora Veil|p2a: Ninetales
|-sidestart|p2: spreadthesalt|move: Aurora Veil
|
|-weather|Snowscape|[upkeep]
|upkeep
|turn|11
|
|t:|1743812053
|move|p2a: Ninetales|Moonblast|p1a: Tinkaton
|-resisted|p1a: Tinkaton
|-damage|p1a: Tinkaton|83/100
|move|p1a: Tinkaton|Stealth Rock|p2a: Ninetales
|-sidestart|p2: spreadthesalt|move: Stealth Rock
|
|-weather|Snowscape|[upkeep]
|-heal|p1a: Tinkaton|89/100|[from] item: Leftovers
|upkeep
|turn|12
|inactive|spreadthesalt has 120 seconds left.
|
|t:|1743812072
|move|p2a: Ninetales|Encore|p1a: Tinkaton
|-start|p1a: Tinkaton|Encore
|move|p1a: Tinkaton|Stealth Rock||[still]
|-fail|p1a: Tinkaton
|
|-weather|Snowscape|[upkeep]
|-heal|p1a: Tinkaton|95/100|[from] item: Leftovers
|upkeep
|turn|13
|inactive|spreadthesalt has 120 seconds left.
|inactive|spreadthesalt has 90 seconds left.
|
|t:|1743812121
|switch|p1a: Rotom|Rotom-Wash|24/100
|move|p2a: Ninetales|Moonblast|p1a: Rotom
|-damage|p1a: Rotom|0 fnt
|faint|p1a: Rotom
|
|-weather|Snowscape|[upkeep]
|upkeep
|
|t:|1743812124
|switch|p1a: Tinkaton|Tinkaton, F|95/100
|-ability|p1a: Tinkaton|Mold Breaker
|turn|14
|inactive|spreadthesalt has 90 seconds left.
|
|t:|1743812135
|switch|p2a: Zapdos|Zapdos-Galar|100/100
|move|p1a: Tinkaton|Gigaton Hammer|p2a: Zapdos
|-damage|p2a: Zapdos|74/100
|
|-weather|none
|-heal|p1a: Tinkaton|100/100|[from] item: Leftovers
|upkeep
|turn|15
|
|t:|1743812145
|switch|p1a: Moltres|Moltres|74/100
|move|p2a: Zapdos|Thunderous Kick|p1a: Moltres
|-resisted|p1a: Moltres
|-damage|p1a: Moltres|53/100
|-unboost|p1a: Moltres|def|1
|-status|p2a: Zapdos|brn|[from] ability: Flame Body|[of] p1a: Moltres
|
|-damage|p2a: Zapdos|67/100 brn|[from] brn
|upkeep
|turn|16
|
|t:|1743812151
|move|p2a: Zapdos|Brave Bird|p1a: Moltres
|-crit|p1a: Moltres
|-damage|p1a: Moltres|0 fnt
|faint|p1a: Moltres
|-damage|p2a: Zapdos|47/100 brn|[from] Recoil
|
|-damage|p2a: Zapdos|41/100 brn|[from] brn
|upkeep
|inactive|RyanBSS has 120 seconds left.
|
|t:|1743812182
|switch|p1a: Great Tusk|Great Tusk|100/100
|turn|17
|inactive|RyanBSS has 120 seconds left.
|
|t:|1743812201
|move|p2a: Zapdos|Brave Bird|p1a: Great Tusk
|-supereffective|p1a: Great Tusk
|-damage|p1a: Great Tusk|56/100
|-damage|p2a: Zapdos|24/100 brn|[from] Recoil
|move|p1a: Great Tusk|Rapid Spin|p2a: Zapdos
|-damage|p2a: Zapdos|12/100 brn
|-boost|p1a: Great Tusk|spe|1
|
|-damage|p2a: Zapdos|6/100 brn|[from] brn
|-sideend|p2: spreadthesalt|move: Aurora Veil
|upkeep
|turn|18
|
|t:|1743812208
|move|p1a: Great Tusk|Knock Off|p2a: Zapdos
|-resisted|p2a: Zapdos
|-crit|p2a: Zapdos
|-damage|p2a: Zapdos|0 fnt
|-enditem|p2a: Zapdos|Heavy-Duty Boots|[from] move: Knock Off|[of] p1a: Great Tusk
|faint|p2a: Zapdos
|
|upkeep
|
|t:|1743812213
|switch|p2a: Moltres|Moltres-Galar|100/100
|-damage|p2a: Moltres|76/100|[from] Stealth Rock
|turn|19
|
|t:|1743812217
|move|p1a: Great Tusk|Ice Spinner|p2a: Moltres
|-supereffective|p2a: Moltres
|-damage|p2a: Moltres|13/100
|-ability|p2a: Moltres|Berserk|boost
|-boost|p2a: Moltres|spa|1
|move|p2a: Moltres|Air Slash|p1a: Great Tusk
|-supereffective|p1a: Great Tusk
|-damage|p1a: Great Tusk|0 fnt
|faint|p1a: Great Tusk
|-end|p1a: Great Tusk|Protosynthesis|[silent]
|
|-heal|p2a: Moltres|19/100|[from] item: Leftovers
|upkeep
|
|t:|1743812234
|switch|p1a: Darkrai|Darkrai|100/100
|turn|20
|inactive|spreadthesalt has 120 seconds left.
|
|t:|1743812253
|move|p1a: Darkrai|Ice Beam|p2a: Moltres
|-supereffective|p2a: Moltres
|-damage|p2a: Moltres|0 fnt
|faint|p2a: Moltres
|
|upkeep
|
|t:|1743812255
|switch|p2a: Ribombee|Ribombee, M|100/100
|-damage|p2a: Ribombee|76/100|[from] Stealth Rock
|turn|21
|
|t:|1743812262
|move|p1a: Darkrai|Ice Beam|p2a: Ribombee
|-damage|p2a: Ribombee|20/100
|move|p2a: Ribombee|Quiver Dance|p2a: Ribombee
|-boost|p2a: Ribombee|spa|1
|-boost|p2a: Ribombee|spd|1
|-boost|p2a: Ribombee|spe|1
|
|upkeep
|turn|22
|
|t:|1743812266
|move|p2a: Ribombee|Moonblast|p1a: Darkrai
|-supereffective|p1a: Darkrai
|-damage|p1a: Darkrai|0 fnt
|faint|p1a: Darkrai
|
|upkeep
|
|t:|1743812287
|switch|p1a: Hydrapple|Hydrapple, F, tera:Fairy|80/100
|turn|23
|
|t:|1743812299
|move|p2a: Ribombee|Bug Buzz|p1a: Hydrapple
|-resisted|p1a: Hydrapple
|-damage|p1a: Hydrapple|47/100
|move|p1a: Hydrapple|Earth Power|p2a: Ribombee
|-resisted|p2a: Ribombee
|-damage|p2a: Ribombee|0 fnt
|faint|p2a: Ribombee
|
|upkeep
|
|t:|1743812305
|switch|p2a: Ninetales|Ninetales-Alola, F, shiny|100/100
|-damage|p2a: Ninetales|76/100|[from] Stealth Rock
|-weather|Snowscape|[from] ability: Snow Warning|[of] p2a: Ninetales
|turn|24
|
|t:|1743812309
|move|p2a: Ninetales|Aurora Veil|p2a: Ninetales
|-sidestart|p2: spreadthesalt|move: Aurora Veil
|move|p1a: Hydrapple|Leaf Storm|p2a: Ninetales|[miss]
|-miss|p1a: Hydrapple|p2a: Ninetales
|
|-weather|Snowscape|[upkeep]
|upkeep
|turn|25
|
|t:|1743812313
|move|p2a: Ninetales|Freeze-Dry|p1a: Hydrapple
|-damage|p1a: Hydrapple|16/100
|move|p1a: Hydrapple|Leaf Storm|p2a: Ninetales
|-damage|p2a: Ninetales|36/100
|-unboost|p1a: Hydrapple|spa|2
|
|-weather|Snowscape|[upkeep]
|upkeep
|turn|26
|
|t:|1743812316
|move|p2a: Ninetales|Freeze-Dry|p1a: Hydrapple
|-damage|p1a: Hydrapple|0 fnt
|faint|p1a: Hydrapple
|
|-weather|Snowscape|[upkeep]
|upkeep
|
|t:|1743812317
|switch|p1a: Tinkaton|Tinkaton, F|100/100
|-ability|p1a: Tinkaton|Mold Breaker
|turn|27
|
|t:|1743812321
|move|p2a: Ninetales|Freeze-Dry|p1a: Tinkaton
|-resisted|p1a: Tinkaton
|-damage|p1a: Tinkaton|88/100
|move|p1a: Tinkaton|Gigaton Hammer|p2a: Ninetales
|-supereffective|p2a: Ninetales
|-damage|p2a: Ninetales|0 fnt
|faint|p2a: Ninetales
|
|win|RyanBSS
|raw|RyanBSS's rating: 1094 &rarr; <strong>1121</strong><br />(+27 for winning)
|raw|spreadthesalt's rating: 1104 &rarr; <strong>1078</strong><br />(-26 for losing)
