|j|☆nveittikoski
|j|☆ChillLanturnYT
|t:|1743938590
|gametype|singles
|player|p1|nveittikoski|youngster-gen4dp|1219
|player|p2|ChillLanturnYT|palmer|1255
|teamsize|p1|6
|teamsize|p2|6
|gen|9
|tier|[Gen 9] OU
|rated|
|rule|HP Percentage Mod: HP is shown in percentages
|rule|Endless Battle Clause: Forcing endless battles is banned
|rule|Species Clause: Limit one of each Pokémon
|rule|OHKO Clause: OHKO moves are banned
|rule|Evasion Items Clause: Evasion items are banned
|rule|Evasion Moves Clause: Evasion moves are banned
|rule|Sleep Moves Clause: Sleep-inducing moves are banned
|clearpoke
|poke|p1|Torkoal, M|
|poke|p1|Raging Bolt|
|poke|p1|Walking Wake|
|poke|p1|Iron Moth|
|poke|p1|Gliscor, M|
|poke|p1|Cobalion|
|poke|p2|Metagross|
|poke|p2|Ogerpon-Wellspring, F|
|poke|p2|Thundurus-Therian, M|
|poke|p2|Cinderace, F|
|poke|p2|Landorus-Therian, M|
|poke|p2|Slowking-Galar, M|
|teampreview
|inactive|Battle timer is ON: inactive players will automatically lose when time's up. (requested by ChillLanturnYT)
|
|t:|1743938620
|start
|switch|p1a: Raging Bolt|Raging Bolt|100/100
|switch|p2a: Slowking|Slowking-Galar, M|100/100
|turn|1
|
|t:|1743938623
|move|p1a: Raging Bolt|Volt Switch|p2a: Slowking
|-damage|p2a: Slowking|54/100
|
|t:|1743938626
|-end|p1a: Raging Bolt|Protosynthesis|[silent]
|switch|p1a: Gliscor|Gliscor, M|100/100|[from] Volt Switch
|move|p2a: Slowking|Trick|p1a: Gliscor
|-activate|p2a: Slowking|move: Trick|[of] p1a: Gliscor
|-item|p1a: Gliscor|Black Sludge|[from] move: Trick
|-item|p2a: Slowking|Toxic Orb|[from] move: Trick
|
|-damage|p1a: Gliscor|88/100|[from] item: Black Sludge
|upkeep
|turn|2
|
|t:|1743938638
|switch|p2a: Landorus|Landorus-Therian, M|100/100
|-ability|p2a: Landorus|Intimidate|boost
|-unboost|p1a: Gliscor|atk|1
|move|p1a: Gliscor|Knock Off|p2a: Landorus
|-damage|p2a: Landorus|83/100
|-damage|p1a: Gliscor|72/100|[from] item: Rocky Helmet|[of] p2a: Landorus
|-enditem|p2a: Landorus|Rocky Helmet|[from] move: Knock Off|[of] p1a: Gliscor
|
|-damage|p1a: Gliscor|59/100|[from] item: Black Sludge
|upkeep
|turn|3
|
|t:|1743938648
|move|p1a: Gliscor|U-turn|p2a: Landorus
|-resisted|p2a: Landorus
|-damage|p2a: Landorus|77/100
|
|t:|1743938664
|switch|p1a: Cobalion|Cobalion|100/100|[from] U-turn
|move|p2a: Landorus|Taunt|p1a: Cobalion
|-start|p1a: Cobalion|move: Taunt
|
|upkeep
|turn|4
|
|t:|1743938674
|switch|p1a: Torkoal|Torkoal, M|100/100
|-weather|SunnyDay|[from] ability: Drought|[of] p1a: Torkoal
|move|p2a: Landorus|Earth Power|p1a: Torkoal
|-supereffective|p1a: Torkoal
|-damage|p1a: Torkoal|38/100
|
|-weather|SunnyDay|[upkeep]
|upkeep
|turn|5
|-message|nveittikoski forfeited.
|
|win|ChillLanturnYT
|raw|nveittikoski's rating: 1219 &rarr; <strong>1197</strong><br />(-22 for losing)
|raw|ChillLanturnYT's rating: 1255 &rarr; <strong>1277</strong><br />(+22 for winning)
|l|☆nveittikoski
|player|p1|
|l|☆ChillLanturnYT
|player|p2|
