|j|☆Patrickzeng
|j|☆hax tuah
|t:|1743871951
|gametype|singles
|player|p1|Patrickzeng|iris-masters|1343
|player|p2|hax tuah|cilan|1339
|teamsize|p1|6
|teamsize|p2|6
|gen|9
|tier|[Gen 9] OU
|rated|
|rule|HP Percentage Mod: HP is shown in percentages
|rule|Endless Battle Clause: Forcing endless battles is banned
|rule|Species Clause: Limit one of each Pokémon
|rule|OHKO Clause: OHKO moves are banned
|rule|Evasion Items Clause: Evasion items are banned
|rule|Evasion Moves Clause: Evasion moves are banned
|rule|Sleep Moves Clause: Sleep-inducing moves are banned
|clearpoke
|poke|p1|Walking Wake|
|poke|p1|Iron Moth|
|poke|p1|Torkoal, M|
|poke|p1|Whimsicott, F|
|poke|p1|Dragonite, F|
|poke|p1|Iron Boulder|
|poke|p2|Zamazenta-*|
|poke|p2|Kingambit, M|
|poke|p2|Samurott-Hisui, F|
|poke|p2|Landorus-Therian, M|
|poke|p2|Iron Valiant|
|poke|p2|Iron Moth|
|teampreview
|inactive|Battle timer is ON: inactive players will automatically lose when time's up. (requested by Patrickzeng)
|
|t:|1743871965
|start
|switch|p1a: Walking Wake|Walking Wake|100/100
|switch|p2a: Landorus|Landorus-Therian, M|100/100
|-ability|p2a: Landorus|Intimidate|boost
|-unboost|p1a: Walking Wake|atk|1
|turn|1
|
|t:|1743871973
|switch|p2a: Samurott|Samurott-Hisui, F|100/100
|move|p1a: Walking Wake|Hydro Steam|p2a: Samurott
|-resisted|p2a: Samurott
|-damage|p2a: Samurott|64/100
|-damage|p1a: Walking Wake|91/100|[from] item: Life Orb
|
|upkeep
|turn|2
|
|t:|1743871981
|move|p1a: Walking Wake|Draco Meteor|p2a: Samurott|[miss]
|-miss|p1a: Walking Wake|p2a: Samurott
|move|p2a: Samurott|Ceaseless Edge|p1a: Walking Wake
|-damage|p1a: Walking Wake|39/100
|-sidestart|p1: Patrickzeng|Spikes
|
|upkeep
|turn|3
|c|☆Patrickzeng|lucky
|
|t:|1743871992
|move|p2a: Samurott|Sucker Punch|p1a: Walking Wake
|-damage|p1a: Walking Wake|0 fnt
|faint|p1a: Walking Wake
|-end|p1a: Walking Wake|Protosynthesis|[silent]
|
|upkeep
|
|t:|1743872000
|switch|p1a: Torkoal|Torkoal, M|100/100
|-damage|p1a: Torkoal|88/100|[from] Spikes
|-weather|SunnyDay|[from] ability: Drought|[of] p1a: Torkoal
|turn|4
|
|t:|1743872004
|move|p2a: Samurott|Knock Off|p1a: Torkoal
|-damage|p1a: Torkoal|51/100
|-enditem|p1a: Torkoal|Heat Rock|[from] move: Knock Off|[of] p2a: Samurott
|move|p1a: Torkoal|Rapid Spin|p2a: Samurott
|-damage|p2a: Samurott|51/100
|-boost|p1a: Torkoal|spe|1
|-sideend|p1: Patrickzeng|Spikes|[from] move: Rapid Spin|[of] p1a: Torkoal
|
|-weather|SunnyDay|[upkeep]
|upkeep
|turn|5
|
|t:|1743872010
|move|p2a: Samurott|Ceaseless Edge|p1a: Torkoal
|-damage|p1a: Torkoal|12/100
|-sidestart|p1: Patrickzeng|Spikes
|move|p1a: Torkoal|Will-O-Wisp|p2a: Samurott
|-status|p2a: Samurott|brn
|
|-weather|SunnyDay|[upkeep]
|-damage|p2a: Samurott|45/100 brn|[from] brn
|upkeep
|turn|6
|
|t:|1743872017
|move|p2a: Samurott|Knock Off|p1a: Torkoal
|-damage|p1a: Torkoal|0 fnt
|faint|p1a: Torkoal
|
|-weather|SunnyDay|[upkeep]
|-damage|p2a: Samurott|39/100 brn|[from] brn
|upkeep
|
|t:|1743872019
|switch|p1a: Iron Moth|Iron Moth|100/100
|-damage|p1a: Iron Moth|88/100|[from] Spikes
|-enditem|p1a: Iron Moth|Booster Energy
|-activate|p1a: Iron Moth|ability: Quark Drive|[fromitem]
|-start|p1a: Iron Moth|quarkdrivespe
|turn|7
|
|t:|1743872026
|move|p2a: Samurott|Sucker Punch|p1a: Iron Moth
|-damage|p1a: Iron Moth|62/100
|move|p1a: Iron Moth|Fiery Dance|p2a: Samurott
|-resisted|p2a: Samurott
|-damage|p2a: Samurott|0 fnt
|faint|p2a: Samurott
|
|-weather|SunnyDay|[upkeep]
|upkeep
|
|t:|1743872034
|switch|p2a: Landorus|Landorus-Therian, M|100/100
|-ability|p2a: Landorus|Intimidate|boost
|-unboost|p1a: Iron Moth|atk|1
|turn|8
|
|t:|1743872037
|move|p1a: Iron Moth|Fiery Dance|p2a: Landorus
|-damage|p2a: Landorus|31/100
|move|p2a: Landorus|Earthquake|p1a: Iron Moth
|-supereffective|p1a: Iron Moth
|-damage|p1a: Iron Moth|0 fnt
|faint|p1a: Iron Moth
|-end|p1a: Iron Moth|Quark Drive|[silent]
|
|-weather|SunnyDay|[upkeep]
|upkeep
|
|t:|1743872043
|switch|p1a: Iron Boulder|Iron Boulder|100/100
|-damage|p1a: Iron Boulder|88/100|[from] Spikes
|-enditem|p1a: Iron Boulder|Booster Energy
|-activate|p1a: Iron Boulder|ability: Quark Drive|[fromitem]
|-start|p1a: Iron Boulder|quarkdrivespe
|turn|9
|
|t:|1743872049
|switch|p2a: Zamazenta|Zamazenta|100/100
|-ability|p2a: Zamazenta|Dauntless Shield|boost
|-boost|p2a: Zamazenta|def|1
|move|p1a: Iron Boulder|Swords Dance|p1a: Iron Boulder
|-boost|p1a: Iron Boulder|atk|2
|
|-weather|SunnyDay|[upkeep]
|upkeep
|turn|10
|
|t:|1743872060
|switch|p2a: Kingambit|Kingambit, M|100/100
|-activate|p2a: Kingambit|ability: Supreme Overlord
|-start|p2a: Kingambit|fallen1|[silent]
|move|p1a: Iron Boulder|Sacred Sword|p2a: Kingambit
|-supereffective|p2a: Kingambit
|-damage|p2a: Kingambit|0 fnt
|faint|p2a: Kingambit
|-end|p2a: Kingambit|fallen1|[silent]
|
|-weather|SunnyDay|[upkeep]
|upkeep
|
|t:|1743872065
|switch|p2a: Zamazenta|Zamazenta|100/100
|turn|11
|
|t:|1743872068
|move|p1a: Iron Boulder|Swords Dance|p1a: Iron Boulder
|-boost|p1a: Iron Boulder|atk|2
|move|p2a: Zamazenta|Roar|p1a: Iron Boulder
|-end|p1a: Iron Boulder|Quark Drive|[silent]
|drag|p1a: Whimsicott|Whimsicott, F|100/100
|-damage|p1a: Whimsicott|88/100|[from] Spikes
|
|-weather|none
|upkeep
|turn|12
|
|t:|1743872077
|switch|p2a: Landorus|Landorus-Therian, M|31/100
|-ability|p2a: Landorus|Intimidate|boost
|-unboost|p1a: Whimsicott|atk|1
|move|p1a: Whimsicott|Stun Spore|p2a: Landorus
|-status|p2a: Landorus|par
|
|upkeep
|turn|13
|
|t:|1743872090
|move|p1a: Whimsicott|Memento|p2a: Landorus
|-unboost|p2a: Landorus|atk|2
|-unboost|p2a: Landorus|spa|2
|faint|p1a: Whimsicott
|move|p2a: Landorus|Taunt|p1: Whimsicott|[notarget]
|-fail|p2a: Landorus
|
|upkeep
|
|t:|1743872098
|switch|p1a: Iron Boulder|Iron Boulder|88/100
|-damage|p1a: Iron Boulder|76/100|[from] Spikes
|turn|14
|
|t:|1743872100
|move|p1a: Iron Boulder|Swords Dance|p1a: Iron Boulder
|-boost|p1a: Iron Boulder|atk|2
|move|p2a: Landorus|Taunt|p1a: Iron Boulder
|-start|p1a: Iron Boulder|move: Taunt
|
|upkeep
|turn|15
|
|t:|1743872107
|move|p1a: Iron Boulder|Mighty Cleave|p2a: Landorus
|-damage|p2a: Landorus|0 fnt
|-damage|p1a: Iron Boulder|59/100|[from] item: Rocky Helmet|[of] p2a: Landorus
|faint|p2a: Landorus
|
|upkeep
|
|t:|1743872118
|switch|p2a: Iron Valiant|Iron Valiant|100/100
|-enditem|p2a: Iron Valiant|Booster Energy
|-activate|p2a: Iron Valiant|ability: Quark Drive|[fromitem]
|-start|p2a: Iron Valiant|quarkdrivespe
|turn|16
|
|t:|1743872128
|-terastallize|p1a: Iron Boulder|Fairy
|move|p2a: Iron Valiant|Moonblast|p1a: Iron Boulder
|-damage|p1a: Iron Boulder|11/100
|-unboost|p1a: Iron Boulder|spa|1
|move|p1a: Iron Boulder|Earthquake|p2a: Iron Valiant
|-damage|p2a: Iron Valiant|17/100
|
|upkeep
|turn|17
|
|t:|1743872135
|move|p2a: Iron Valiant|Moonblast|p1a: Iron Boulder
|-damage|p1a: Iron Boulder|0 fnt
|faint|p1a: Iron Boulder
|-end|p1a: Iron Boulder|Quark Drive|[silent]
|
|upkeep
|
|t:|1743872145
|switch|p1a: Dragonite|Dragonite, F|100/100
|turn|18
|
|t:|1743872148
|move|p2a: Iron Valiant|Moonblast|p1a: Dragonite
|-supereffective|p1a: Dragonite
|-damage|p1a: Dragonite|47/100
|-enditem|p1a: Dragonite|Weakness Policy
|-boost|p1a: Dragonite|atk|2|[from] item: Weakness Policy
|-boost|p1a: Dragonite|spa|2|[from] item: Weakness Policy
|move|p1a: Dragonite|Dragon Dance|p1a: Dragonite
|-boost|p1a: Dragonite|atk|1
|-boost|p1a: Dragonite|spe|1
|
|upkeep
|turn|19
|
|t:|1743872154
|move|p1a: Dragonite|Extreme Speed|p2a: Iron Valiant
|-damage|p2a: Iron Valiant|0 fnt
|faint|p2a: Iron Valiant
|-end|p2a: Iron Valiant|Quark Drive|[silent]
|
|upkeep
|
|t:|1743872160
|switch|p2a: Iron Moth|Iron Moth|100/100
|-enditem|p2a: Iron Moth|Booster Energy
|-activate|p2a: Iron Moth|ability: Quark Drive|[fromitem]
|-start|p2a: Iron Moth|quarkdrivespe
|turn|20
|
|t:|1743872167
|-terastallize|p2a: Iron Moth|Ground
|move|p1a: Dragonite|Extreme Speed|p2a: Iron Moth
|-damage|p2a: Iron Moth|0 fnt
|faint|p2a: Iron Moth
|-end|p2a: Iron Moth|Quark Drive|[silent]
|
|upkeep
|
|t:|1743872170
|switch|p2a: Zamazenta|Zamazenta|100/100
|turn|21
|
|t:|1743872174
|move|p1a: Dragonite|Earthquake|p2a: Zamazenta
|-damage|p2a: Zamazenta|34/100
|move|p2a: Zamazenta|Iron Defense|p2a: Zamazenta
|-boost|p2a: Zamazenta|def|2
|
|-heal|p2a: Zamazenta|40/100|[from] item: Leftovers
|upkeep
|turn|22
|
|t:|1743872180
|move|p1a: Dragonite|Earthquake|p2a: Zamazenta
|-damage|p2a: Zamazenta|7/100
|move|p2a: Zamazenta|Body Press|p1a: Dragonite
|-resisted|p1a: Dragonite
|-damage|p1a: Dragonite|14/100
|
|-heal|p2a: Zamazenta|13/100|[from] item: Leftovers
|upkeep
|turn|23
|
|t:|1743872186
|move|p1a: Dragonite|Extreme Speed|p2a: Zamazenta
|-damage|p2a: Zamazenta|0 fnt
|faint|p2a: Zamazenta
|
|win|Patrickzeng
|raw|Patrickzeng's rating: 1343 &rarr; <strong>1363</strong><br />(+20 for winning)
|raw|hax tuah's rating: 1339 &rarr; <strong>1319</strong><br />(-20 for losing)
|l|☆hax tuah
|player|p2|
|l|☆Patrickzeng
|player|p1|
