|j|☆u glazin
|j|☆Trump is good man
|inactive|Battle timer is ON: inactive players will automatically lose when time's up.
|t:|1743859777
|gametype|singles
|player|p1|u glazin|lucas|
|player|p2|Trump is good man|2|
|teamsize|p1|6
|teamsize|p2|6
|gen|9
|tier|[Gen 9] OU
|rated|Tournament battle
|rule|HP Percentage Mod: HP is shown in percentages
|rule|Endless Battle Clause: Forcing endless battles is banned
|rule|Species Clause: Limit one of each Pokémon
|rule|OHKO Clause: OHKO moves are banned
|rule|Evasion Items Clause: Evasion items are banned
|rule|Evasion Moves Clause: Evasion moves are banned
|rule|Sleep Moves Clause: Sleep-inducing moves are banned
|clearpoke
|poke|p1|Zamazenta-*|
|poke|p1|Cinderace, M|
|poke|p1|Slowking-Galar, F|
|poke|p1|Corviknight, F|
|poke|p1|Ting-Lu|
|poke|p1|Kyurem|
|poke|p2|Clefable, M|
|poke|p2|Slowking-Galar, M|
|poke|p2|Gliscor, F|
|poke|p2|Great Tusk|
|poke|p2|Gholdengo|
|poke|p2|Kyurem|
|teampreview
|
|t:|1743859792
|start
|switch|p1a: Kyurem|Kyurem|100/100
|switch|p2a: Gliscor|Gliscor, F|100/100
|-ability|p1a: Kyurem|Pressure
|turn|1
|
|t:|1743859798
|switch|p2a: Clefable|Clefable, M|100/100
|move|p1a: Kyurem|Substitute|p1a: Kyurem
|-start|p1a: Kyurem|Substitute
|-damage|p1a: Kyurem|75/100
|
|-heal|p1a: Kyurem|82/100|[from] item: Leftovers
|upkeep
|turn|2
|
|t:|1743859801
|move|p1a: Kyurem|Freeze-Dry|p2a: Clefable
|-damage|p2a: Clefable|65/100
|move|p2a: Clefable|Stealth Rock|p1a: Kyurem
|-sidestart|p1: u glazin|move: Stealth Rock
|
|-heal|p1a: Kyurem|88/100|[from] item: Leftovers
|-heal|p2a: Clefable|72/100|[from] item: Leftovers
|upkeep
|turn|3
|
|t:|1743859806
|move|p1a: Kyurem|Freeze-Dry|p2a: Clefable
|-damage|p2a: Clefable|39/100
|move|p2a: Clefable|Moonblast|p1a: Kyurem
|-supereffective|p1a: Kyurem
|-end|p1a: Kyurem|Substitute
|
|-heal|p1a: Kyurem|94/100|[from] item: Leftovers
|-heal|p2a: Clefable|45/100|[from] item: Leftovers
|upkeep
|turn|4
|
|t:|1743859814
|move|p1a: Kyurem|Freeze-Dry|p2a: Clefable
|-damage|p2a: Clefable|12/100
|move|p2a: Clefable|Moonlight|p2a: Clefable
|-heal|p2a: Clefable|62/100
|
|-heal|p1a: Kyurem|99/100|[from] item: Leftovers
|-heal|p2a: Clefable|68/100|[from] item: Leftovers
|upkeep
|turn|5
|
|t:|1743859823
|switch|p1a: Cinderace|Cinderace, M|100/100
|move|p2a: Clefable|Moonlight|p2a: Clefable
|-heal|p2a: Clefable|100/100
|
|upkeep
|turn|6
|
|t:|1743859829
|switch|p2a: Great Tusk|Great Tusk|100/100
|move|p1a: Cinderace|Court Change|p1a: Cinderace
|-swapsideconditions
|-activate|p1a: Cinderace|move: Court Change
|
|upkeep
|turn|7
|j| Adoptapet
|
|t:|1743859834
|move|p1a: Cinderace|Will-O-Wisp|p2a: Great Tusk
|-status|p2a: Great Tusk|brn
|move|p2a: Great Tusk|Rapid Spin|p1a: Cinderace
|-damage|p1a: Cinderace|90/100
|-boost|p2a: Great Tusk|spe|1
|-sideend|p2: Trump is good man|Stealth Rock|[from] move: Rapid Spin|[of] p2a: Great Tusk
|
|-damage|p2a: Great Tusk|94/100 brn|[from] brn
|upkeep
|turn|8
|
|t:|1743859843
|switch|p1a: Corviknight|Corviknight, F|100/100
|-ability|p1a: Corviknight|Pressure
|move|p2a: Great Tusk|Headlong Rush|p1a: Corviknight
|-immune|p1a: Corviknight
|
|-damage|p2a: Great Tusk|88/100 brn|[from] brn
|upkeep
|turn|9
|
|t:|1743859850
|switch|p1a: Kyurem|Kyurem|99/100
|-ability|p1a: Kyurem|Pressure
|move|p2a: Great Tusk|Knock Off|p1a: Kyurem
|-damage|p1a: Kyurem|84/100
|-enditem|p1a: Kyurem|Leftovers|[from] move: Knock Off|[of] p2a: Great Tusk
|
|-damage|p2a: Great Tusk|82/100 brn|[from] brn
|upkeep
|turn|10
|c|☆u glazin|im dumb
|
|t:|1743859864
|-end|p2a: Great Tusk|Protosynthesis|[silent]
|switch|p2a: Clefable|Clefable, M|100/100
|move|p1a: Kyurem|Earth Power|p2a: Clefable
|-damage|p2a: Clefable|69/100
|
|-heal|p2a: Clefable|75/100|[from] item: Leftovers
|upkeep
|turn|11
|
|t:|1743859880
|switch|p1a: Slowking|Slowking-Galar, F|100/100
|move|p2a: Clefable|Moonblast|p1a: Slowking
|-resisted|p1a: Slowking
|-crit|p1a: Slowking
|-damage|p1a: Slowking|87/100
|-unboost|p1a: Slowking|spa|1
|
|-heal|p2a: Clefable|81/100|[from] item: Leftovers
|upkeep
|turn|12
|
|t:|1743859889
|switch|p2a: Gliscor|Gliscor, F|100/100
|move|p1a: Slowking|Future Sight|p2a: Gliscor
|-start|p1a: Slowking|move: Future Sight
|
|-status|p2a: Gliscor|tox|[from] item: Toxic Orb
|upkeep
|turn|13
|
|t:|1743859901
|move|p2a: Gliscor|Earthquake|p1a: Slowking
|-supereffective|p1a: Slowking
|-damage|p1a: Slowking|24/100
|-prepare|p1a: Slowking|Chilly Reception|[premajor]
|move|p1a: Slowking|Chilly Reception|p1a: Slowking
|-weather|Snowscape
|
|t:|1743859908
|switch|p1a: Kyurem|Kyurem|84/100|[from] Chilly Reception
|-ability|p1a: Kyurem|Pressure
|
|-weather|Snowscape|[upkeep]
|upkeep
|turn|14
|l| Adoptapet
|
|t:|1743859931
|move|p2a: Gliscor|Protect|p2a: Gliscor
|-singleturn|p2a: Gliscor|Protect
|move|p1a: Kyurem|Freeze-Dry|p2a: Gliscor
|-activate|p2a: Gliscor|move: Protect
|
|-weather|Snowscape|[upkeep]
|-end|p2a: Gliscor|move: Future Sight
|-damage|p2a: Gliscor|58/100 tox
|-heal|p2a: Gliscor|71/100 tox|[from] ability: Poison Heal
|upkeep
|turn|15
|
|t:|1743859947
|switch|p2a: Slowking|Slowking-Galar, M|100/100
|move|p1a: Kyurem|Freeze-Dry|p2a: Slowking
|-damage|p2a: Slowking|82/100
|-status|p2a: Slowking|frz
|
|-weather|Snowscape|[upkeep]
|upkeep
|turn|16
|
|t:|1743859954
|move|p1a: Kyurem|Earth Power|p2a: Slowking
|-supereffective|p2a: Slowking
|-damage|p2a: Slowking|53/100 frz
|cant|p2a: Slowking|frz
|
|-weather|Snowscape|[upkeep]
|upkeep
|turn|17
|
|t:|1743859961
|switch|p2a: Clefable|Clefable, M|81/100
|move|p1a: Kyurem|Earth Power|p2a: Clefable
|-damage|p2a: Clefable|53/100
|
|-weather|none
|-heal|p2a: Clefable|59/100|[from] item: Leftovers
|upkeep
|turn|18
|
|t:|1743859967
|switch|p1a: Slowking|Slowking-Galar, F|58/100
|move|p2a: Clefable|Moonblast|p1a: Slowking
|-resisted|p1a: Slowking
|-damage|p1a: Slowking|48/100
|
|-heal|p2a: Clefable|65/100|[from] item: Leftovers
|upkeep
|turn|19
|
|t:|1743859994
|switch|p2a: Gholdengo|Gholdengo|100/100
|-prepare|p1a: Slowking|Chilly Reception|[premajor]
|move|p1a: Slowking|Chilly Reception|p1a: Slowking
|-weather|Snowscape
|
|t:|1743859999
|switch|p1a: Cinderace|Cinderace, M|90/100|[from] Chilly Reception
|
|-weather|Snowscape|[upkeep]
|upkeep
|turn|20
|
|t:|1743860009
|switch|p2a: Slowking|Slowking-Galar, M|87/100 frz
|move|p1a: Cinderace|Pyro Ball|p2a: Slowking
|-damage|p2a: Slowking|35/100 frz
|-curestatus|p2a: Slowking|frz|[msg]
|
|-weather|Snowscape|[upkeep]
|upkeep
|turn|21
|
|t:|1743860020
|switch|p2a: Gliscor|Gliscor, F|71/100 tox
|move|p1a: Cinderace|Pyro Ball|p2a: Gliscor|[miss]
|-miss|p1a: Cinderace|p2a: Gliscor
|
|-weather|Snowscape|[upkeep]
|-heal|p2a: Gliscor|83/100 tox|[from] ability: Poison Heal
|upkeep
|turn|22
|
|t:|1743860028
|move|p1a: Cinderace|U-turn|p2a: Gliscor
|-resisted|p2a: Gliscor
|-damage|p2a: Gliscor|75/100 tox
|
|t:|1743860036
|switch|p1a: Corviknight|Corviknight, F|100/100|[from] U-turn
|-ability|p1a: Corviknight|Pressure
|move|p2a: Gliscor|Earthquake|p1a: Corviknight
|-immune|p1a: Corviknight
|
|-weather|Snowscape|[upkeep]
|-heal|p2a: Gliscor|88/100 tox|[from] ability: Poison Heal
|upkeep
|turn|23
|
|t:|1743860047
|switch|p2a: Kyurem|Kyurem|100/100
|-ability|p2a: Kyurem|Pressure
|switch|p1a: Slowking|Slowking-Galar, F|81/100
|
|-weather|none
|upkeep
|turn|24
|
|t:|1743860054
|move|p2a: Kyurem|Dragon Dance|p2a: Kyurem
|-boost|p2a: Kyurem|atk|1
|-boost|p2a: Kyurem|spe|1
|move|p1a: Slowking|Toxic|p2a: Kyurem
|-status|p2a: Kyurem|tox
|
|-damage|p2a: Kyurem|94/100 tox|[from] psn
|upkeep
|turn|25
|
|t:|1743860061
|switch|p1a: Corviknight|Corviknight, F|100/100
|-ability|p1a: Corviknight|Pressure
|move|p2a: Kyurem|Icicle Spear|p1a: Corviknight
|-damage|p1a: Corviknight|87/100
|-damage|p1a: Corviknight|73/100
|-damage|p1a: Corviknight|60/100
|-damage|p1a: Corviknight|45/100
|-hitcount|p1a: Corviknight|4
|
|-damage|p2a: Kyurem|82/100 tox|[from] psn
|upkeep
|turn|26
|
|t:|1743860089
|switch|p1a: Slowking|Slowking-Galar, F|100/100
|move|p2a: Kyurem|Icicle Spear|p1a: Slowking
|-damage|p1a: Slowking|77/100
|-damage|p1a: Slowking|54/100
|-damage|p1a: Slowking|34/100
|-damage|p1a: Slowking|11/100
|-damage|p1a: Slowking|0 fnt
|faint|p1a: Slowking
|-hitcount|p1: Slowking|5
|
|-damage|p2a: Kyurem|64/100 tox|[from] psn
|upkeep
|
|t:|1743860097
|switch|p1a: Zamazenta|Zamazenta|100/100
|-ability|p1a: Zamazenta|Dauntless Shield|boost
|-boost|p1a: Zamazenta|def|1
|turn|27
|j| Lavisse
|l| Lavisse
|
|t:|1743860117
|move|p2a: Kyurem|Icicle Spear|p1a: Zamazenta
|-damage|p1a: Zamazenta|87/100
|-damage|p1a: Zamazenta|73/100
|-damage|p1a: Zamazenta|60/100
|-damage|p1a: Zamazenta|47/100
|-damage|p1a: Zamazenta|35/100
|-hitcount|p1a: Zamazenta|5
|move|p1a: Zamazenta|Close Combat|p2a: Kyurem
|-supereffective|p2a: Kyurem
|-damage|p2a: Kyurem|0 fnt
|-unboost|p1a: Zamazenta|def|1
|-unboost|p1a: Zamazenta|spd|1
|faint|p2a: Kyurem
|
|upkeep
|j| jibreel69
|l| jibreel69
|inactive|Trump is good man has 120 seconds left.
|
|t:|1743860138
|switch|p2a: Gholdengo|Gholdengo|100/100
|turn|28
|
|t:|1743860144
|switch|p1a: Ting-Lu|Ting-Lu|100/100
|-ability|p1a: Ting-Lu|Vessel of Ruin
|move|p2a: Gholdengo|Shadow Ball|p1a: Ting-Lu
|-resisted|p1a: Ting-Lu
|-damage|p1a: Ting-Lu|92/100
|
|-heal|p1a: Ting-Lu|99/100|[from] item: Leftovers
|upkeep
|turn|29
|
|t:|1743860150
|switch|p2a: Clefable|Clefable, M|65/100
|switch|p1a: Kyurem|Kyurem|84/100
|-ability|p1a: Kyurem|Pressure
|
|-heal|p2a: Clefable|71/100|[from] item: Leftovers
|upkeep
|turn|30
|
|t:|1743860155
|switch|p1a: Corviknight|Corviknight, F|45/100
|-ability|p1a: Corviknight|Pressure
|move|p2a: Clefable|Moonblast|p1a: Corviknight
|-resisted|p1a: Corviknight
|-damage|p1a: Corviknight|30/100
|-unboost|p1a: Corviknight|spa|1
|
|-heal|p2a: Clefable|77/100|[from] item: Leftovers
|upkeep
|turn|31
|
|t:|1743860165
|move|p1a: Corviknight|Roost|p1a: Corviknight
|-heal|p1a: Corviknight|80/100
|-singleturn|p1a: Corviknight|move: Roost
|move|p2a: Clefable|Calm Mind|p2a: Clefable
|-boost|p2a: Clefable|spa|1
|-boost|p2a: Clefable|spd|1
|
|-heal|p2a: Clefable|83/100|[from] item: Leftovers
|upkeep
|turn|32
|
|t:|1743860180
|switch|p1a: Ting-Lu|Ting-Lu|99/100
|-ability|p1a: Ting-Lu|Vessel of Ruin
|move|p2a: Clefable|Moonblast|p1a: Ting-Lu
|-supereffective|p1a: Ting-Lu
|-damage|p1a: Ting-Lu|58/100
|
|-heal|p2a: Clefable|89/100|[from] item: Leftovers
|-heal|p1a: Ting-Lu|64/100|[from] item: Leftovers
|upkeep
|turn|33
|
|t:|1743860188
|-terastallize|p1a: Ting-Lu|Poison
|move|p2a: Clefable|Moonblast|p1a: Ting-Lu
|-resisted|p1a: Ting-Lu
|-crit|p1a: Ting-Lu
|-damage|p1a: Ting-Lu|50/100
|-unboost|p1a: Ting-Lu|spa|1
|move|p1a: Ting-Lu|Earthquake|p2a: Clefable
|-damage|p2a: Clefable|59/100
|
|-heal|p2a: Clefable|65/100|[from] item: Leftovers
|-heal|p1a: Ting-Lu|56/100|[from] item: Leftovers
|upkeep
|turn|34
|
|t:|1743860197
|move|p2a: Clefable|Calm Mind|p2a: Clefable
|-boost|p2a: Clefable|spa|1
|-boost|p2a: Clefable|spd|1
|move|p1a: Ting-Lu|Earthquake|p2a: Clefable
|-damage|p2a: Clefable|38/100
|
|-heal|p2a: Clefable|44/100|[from] item: Leftovers
|-heal|p1a: Ting-Lu|62/100|[from] item: Leftovers
|upkeep
|turn|35
|
|t:|1743860202
|move|p2a: Clefable|Moonlight|p2a: Clefable
|-heal|p2a: Clefable|94/100
|move|p1a: Ting-Lu|Earthquake|p2a: Clefable
|-damage|p2a: Clefable|66/100
|
|-heal|p2a: Clefable|72/100|[from] item: Leftovers
|-heal|p1a: Ting-Lu|68/100|[from] item: Leftovers
|upkeep
|turn|36
|
|t:|1743860208
|move|p2a: Clefable|Calm Mind|p2a: Clefable
|-boost|p2a: Clefable|spa|1
|-boost|p2a: Clefable|spd|1
|move|p1a: Ting-Lu|Earthquake|p2a: Clefable
|-damage|p2a: Clefable|42/100
|
|-heal|p2a: Clefable|48/100|[from] item: Leftovers
|-heal|p1a: Ting-Lu|75/100|[from] item: Leftovers
|upkeep
|turn|37
|
|t:|1743860221
|move|p2a: Clefable|Moonlight|p2a: Clefable
|-heal|p2a: Clefable|98/100
|move|p1a: Ting-Lu|Earthquake|p2a: Clefable
|-damage|p2a: Clefable|68/100
|
|-heal|p2a: Clefable|74/100|[from] item: Leftovers
|-heal|p1a: Ting-Lu|81/100|[from] item: Leftovers
|upkeep
|turn|38
|
|t:|1743860225
|move|p2a: Clefable|Calm Mind|p2a: Clefable
|-boost|p2a: Clefable|spa|1
|-boost|p2a: Clefable|spd|1
|move|p1a: Ting-Lu|Earthquake|p2a: Clefable
|-damage|p2a: Clefable|45/100
|
|-heal|p2a: Clefable|51/100|[from] item: Leftovers
|-heal|p1a: Ting-Lu|87/100|[from] item: Leftovers
|upkeep
|turn|39
|
|t:|1743860235
|move|p2a: Clefable|Moonblast|p1a: Ting-Lu
|-resisted|p1a: Ting-Lu
|-damage|p1a: Ting-Lu|66/100
|move|p1a: Ting-Lu|Earthquake|p2a: Clefable
|-damage|p2a: Clefable|24/100
|
|-heal|p2a: Clefable|30/100|[from] item: Leftovers
|-heal|p1a: Ting-Lu|73/100|[from] item: Leftovers
|upkeep
|turn|40
|
|t:|1743860241
|move|p2a: Clefable|Moonlight|p2a: Clefable
|-heal|p2a: Clefable|80/100
|move|p1a: Ting-Lu|Earthquake|p2a: Clefable
|-damage|p2a: Clefable|53/100
|
|-heal|p2a: Clefable|59/100|[from] item: Leftovers
|-heal|p1a: Ting-Lu|79/100|[from] item: Leftovers
|upkeep
|turn|41
|
|t:|1743860250
|move|p2a: Clefable|Moonblast|p1a: Ting-Lu
|-resisted|p1a: Ting-Lu
|-damage|p1a: Ting-Lu|60/100
|move|p1a: Ting-Lu|Earthquake|p2a: Clefable
|-damage|p2a: Clefable|33/100
|
|-heal|p2a: Clefable|39/100|[from] item: Leftovers
|-heal|p1a: Ting-Lu|66/100|[from] item: Leftovers
|upkeep
|turn|42
|
|t:|1743860255
|move|p2a: Clefable|Moonlight|p2a: Clefable
|-heal|p2a: Clefable|89/100
|move|p1a: Ting-Lu|Earthquake|p2a: Clefable
|-damage|p2a: Clefable|58/100
|
|-heal|p2a: Clefable|64/100|[from] item: Leftovers
|-heal|p1a: Ting-Lu|73/100|[from] item: Leftovers
|upkeep
|turn|43
|
|t:|1743860259
|move|p2a: Clefable|Moonblast|p1a: Ting-Lu
|-resisted|p1a: Ting-Lu
|-damage|p1a: Ting-Lu|52/100
|move|p1a: Ting-Lu|Earthquake|p2a: Clefable
|-damage|p2a: Clefable|33/100
|
|-heal|p2a: Clefable|40/100|[from] item: Leftovers
|-heal|p1a: Ting-Lu|58/100|[from] item: Leftovers
|upkeep
|turn|44
|
|t:|1743860268
|move|p2a: Clefable|Moonblast|p1a: Ting-Lu
|-resisted|p1a: Ting-Lu
|-damage|p1a: Ting-Lu|39/100
|-unboost|p1a: Ting-Lu|spa|1
|move|p1a: Ting-Lu|Earthquake|p2a: Clefable
|-damage|p2a: Clefable|10/100
|
|-heal|p2a: Clefable|16/100|[from] item: Leftovers
|-heal|p1a: Ting-Lu|45/100|[from] item: Leftovers
|upkeep
|turn|45
|
|t:|1743860275
|move|p2a: Clefable|Moonlight|p2a: Clefable
|-heal|p2a: Clefable|66/100
|move|p1a: Ting-Lu|Rest|p1a: Ting-Lu
|-status|p1a: Ting-Lu|slp|[from] move: Rest
|-heal|p1a: Ting-Lu|100/100 slp|[silent]
|
|-heal|p2a: Clefable|72/100|[from] item: Leftovers
|upkeep
|turn|46
|
|t:|1743860288
|switch|p2a: Gliscor|Gliscor, F|88/100 tox
|cant|p1a: Ting-Lu|slp
|move|p1a: Ting-Lu|Sleep Talk|p1a: Ting-Lu
|move|p1a: Ting-Lu|Earthquake|p2a: Gliscor|[from] move: Sleep Talk
|-immune|p2a: Gliscor
|
|-heal|p2a: Gliscor|100/100 tox|[from] ability: Poison Heal
|upkeep
|turn|47
|
|t:|1743860300
|switch|p1a: Corviknight|Corviknight, F|80/100
|-ability|p1a: Corviknight|Pressure
|move|p2a: Gliscor|Earthquake|p1a: Corviknight
|-immune|p1a: Corviknight
|
|upkeep
|turn|48
|
|t:|1743860311
|switch|p2a: Gholdengo|Gholdengo|100/100
|switch|p1a: Ting-Lu|Ting-Lu, tera:Poison|100/100 slp
|-ability|p1a: Ting-Lu|Vessel of Ruin
|
|upkeep
|turn|49
|
|t:|1743860318
|switch|p1a: Cinderace|Cinderace, M|90/100
|move|p2a: Gholdengo|Trick|p1a: Cinderace
|-activate|p2a: Gholdengo|move: Trick|[of] p1a: Cinderace
|-item|p1a: Cinderace|Choice Scarf|[from] move: Trick
|-item|p2a: Gholdengo|Heavy-Duty Boots|[from] move: Trick
|
|upkeep
|turn|50
|
|t:|1743860333
|switch|p2a: Gliscor|Gliscor, F|100/100 tox
|move|p1a: Cinderace|U-turn|p2a: Gliscor
|-resisted|p2a: Gliscor
|-damage|p2a: Gliscor|92/100 tox
|
|t:|1743860337
|switch|p1a: Kyurem|Kyurem|84/100|[from] U-turn
|-ability|p1a: Kyurem|Pressure
|
|-heal|p2a: Gliscor|100/100 tox|[from] ability: Poison Heal
|upkeep
|turn|51
|
|t:|1743860346
|switch|p2a: Slowking|Slowking-Galar, M|68/100
|move|p1a: Kyurem|Freeze-Dry|p2a: Slowking
|-damage|p2a: Slowking|52/100
|
|upkeep
|turn|52
|
|t:|1743860352
|switch|p1a: Ting-Lu|Ting-Lu, tera:Poison|100/100 slp
|-ability|p1a: Ting-Lu|Vessel of Ruin
|move|p2a: Slowking|Psyshock|p1a: Ting-Lu
|-supereffective|p1a: Ting-Lu
|-damage|p1a: Ting-Lu|69/100 slp
|
|-heal|p1a: Ting-Lu|75/100 slp|[from] item: Leftovers
|upkeep
|turn|53
|
|t:|1743860365
|cant|p1a: Ting-Lu|slp
|move|p1a: Ting-Lu|Sleep Talk|p1a: Ting-Lu
|move|p1a: Ting-Lu|Rest||[from] move: Sleep Talk|[still]
|-fail|p1a: Ting-Lu
|move|p2a: Slowking|Psyshock|p1a: Ting-Lu
|-supereffective|p1a: Ting-Lu
|-damage|p1a: Ting-Lu|43/100 slp
|
|-heal|p1a: Ting-Lu|49/100 slp|[from] item: Leftovers
|upkeep
|turn|54
|
|t:|1743860370
|switch|p2a: Gliscor|Gliscor, F|100/100 tox
|-curestatus|p1a: Ting-Lu|slp|[msg]
|move|p1a: Ting-Lu|Earthquake|p2a: Gliscor
|-immune|p2a: Gliscor
|
|-heal|p1a: Ting-Lu|55/100|[from] item: Leftovers
|upkeep
|turn|55
|
|t:|1743860378
|switch|p1a: Corviknight|Corviknight, F|80/100
|-ability|p1a: Corviknight|Pressure
|move|p2a: Gliscor|Earthquake|p1a: Corviknight
|-immune|p1a: Corviknight
|
|upkeep
|turn|56
|
|t:|1743860401
|switch|p2a: Great Tusk|Great Tusk|82/100 brn
|move|p1a: Corviknight|Body Press|p2a: Great Tusk
|-damage|p2a: Great Tusk|64/100 brn
|-damage|p1a: Corviknight|63/100|[from] item: Rocky Helmet|[of] p2a: Great Tusk
|
|-damage|p2a: Great Tusk|58/100 brn|[from] brn
|upkeep
|turn|57
|
|t:|1743860416
|switch|p1a: Kyurem|Kyurem|84/100
|-ability|p1a: Kyurem|Pressure
|move|p2a: Great Tusk|Knock Off|p1a: Kyurem
|-damage|p1a: Kyurem|74/100
|
|-damage|p2a: Great Tusk|51/100 brn|[from] brn
|upkeep
|turn|58
|
|t:|1743860425
|-end|p2a: Great Tusk|Protosynthesis|[silent]
|switch|p2a: Slowking|Slowking-Galar, M|85/100
|move|p1a: Kyurem|Freeze-Dry|p2a: Slowking
|-damage|p2a: Slowking|66/100
|
|upkeep
|turn|59
|
|t:|1743860437
|switch|p1a: Ting-Lu|Ting-Lu, tera:Poison|55/100
|-ability|p1a: Ting-Lu|Vessel of Ruin
|move|p2a: Slowking|Flamethrower|p1a: Ting-Lu
|-damage|p1a: Ting-Lu|44/100
|
|-heal|p1a: Ting-Lu|50/100|[from] item: Leftovers
|upkeep
|turn|60
|
|t:|1743860445
|switch|p2a: Gliscor|Gliscor, F|100/100 tox
|move|p1a: Ting-Lu|Rest|p1a: Ting-Lu
|-status|p1a: Ting-Lu|slp|[from] move: Rest
|-heal|p1a: Ting-Lu|100/100 slp|[silent]
|
|upkeep
|turn|61
|
|t:|1743860452
|switch|p1a: Corviknight|Corviknight, F|63/100
|-ability|p1a: Corviknight|Pressure
|move|p2a: Gliscor|Earthquake|p1a: Corviknight
|-immune|p1a: Corviknight
|
|upkeep
|turn|62
|
|t:|1743860458
|move|p2a: Gliscor|Spikes|p1a: Corviknight
|-sidestart|p1: u glazin|Spikes
|move|p1a: Corviknight|Roost|p1a: Corviknight
|-heal|p1a: Corviknight|100/100
|-singleturn|p1a: Corviknight|move: Roost
|
|upkeep
|turn|63
|j| why clap
|
|t:|1743860475
|move|p2a: Gliscor|Toxic|p1a: Corviknight
|-immune|p1a: Corviknight
|move|p1a: Corviknight|Iron Defense|p1a: Corviknight
|-boost|p1a: Corviknight|def|2
|
|upkeep
|turn|64
|
|t:|1743860484
|move|p2a: Gliscor|Spikes|p1a: Corviknight
|-sidestart|p1: u glazin|Spikes
|move|p1a: Corviknight|Body Press|p2a: Gliscor
|-resisted|p2a: Gliscor
|-damage|p2a: Gliscor|78/100 tox
|
|-heal|p2a: Gliscor|91/100 tox|[from] ability: Poison Heal
|upkeep
|turn|65
|
|t:|1743860491
|switch|p2a: Gholdengo|Gholdengo|100/100
|switch|p1a: Cinderace|Cinderace, M|90/100
|-damage|p1a: Cinderace|73/100|[from] Spikes
|
|upkeep
|turn|66
|
|t:|1743860503
|switch|p2a: Gliscor|Gliscor, F|91/100 tox
|move|p1a: Cinderace|Pyro Ball|p2a: Gliscor
|-damage|p2a: Gliscor|49/100 tox
|
|-heal|p2a: Gliscor|61/100 tox|[from] ability: Poison Heal
|upkeep
|turn|67
|
|t:|1743860522
|switch|p1a: Corviknight|Corviknight, F|100/100
|-ability|p1a: Corviknight|Pressure
|move|p2a: Gliscor|Spikes|p1a: Corviknight
|-sidestart|p1: u glazin|Spikes
|
|-heal|p2a: Gliscor|74/100 tox|[from] ability: Poison Heal
|upkeep
|turn|68
|
|t:|1743860532
|switch|p2a: Gholdengo|Gholdengo|100/100
|move|p1a: Corviknight|Defog|p2a: Gholdengo
|-immune|p2a: Gholdengo|[from] ability: Good as Gold
|
|upkeep
|turn|69
|
|t:|1743860538
|switch|p1a: Ting-Lu|Ting-Lu, tera:Poison|100/100 slp
|-damage|p1a: Ting-Lu|76/100 slp|[from] Spikes
|-ability|p1a: Ting-Lu|Vessel of Ruin
|move|p2a: Gholdengo|Shadow Ball|p1a: Ting-Lu
|-damage|p1a: Ting-Lu|58/100 slp
|
|-heal|p1a: Ting-Lu|65/100 slp|[from] item: Leftovers
|upkeep
|turn|70
|
|t:|1743860546
|switch|p2a: Gliscor|Gliscor, F|74/100 tox
|cant|p1a: Ting-Lu|slp
|move|p1a: Ting-Lu|Sleep Talk|p1a: Ting-Lu
|move|p1a: Ting-Lu|Rest||[from] move: Sleep Talk|[still]
|-fail|p1a: Ting-Lu
|
|-heal|p1a: Ting-Lu|71/100 slp|[from] item: Leftovers
|-heal|p2a: Gliscor|86/100 tox|[from] ability: Poison Heal
|upkeep
|turn|71
|
|t:|1743860553
|switch|p1a: Corviknight|Corviknight, F|100/100
|-ability|p1a: Corviknight|Pressure
|move|p2a: Gliscor|Earthquake|p1a: Corviknight
|-immune|p1a: Corviknight
|
|-heal|p2a: Gliscor|99/100 tox|[from] ability: Poison Heal
|upkeep
|turn|72
|
|t:|1743860560
|switch|p2a: Slowking|Slowking-Galar, M|99/100
|switch|p1a: Cinderace|Cinderace, M|73/100
|-damage|p1a: Cinderace|48/100|[from] Spikes
|
|upkeep
|turn|73
|
|t:|1743860565
|move|p1a: Cinderace|Court Change|p1a: Cinderace
|-swapsideconditions
|-activate|p1a: Cinderace|move: Court Change
|move|p2a: Slowking|Psyshock|p1a: Cinderace
|-damage|p1a: Cinderace|0 fnt
|faint|p1a: Cinderace
|
|upkeep
|
|t:|1743860572
|switch|p1a: Zamazenta|Zamazenta|35/100
|turn|74
|
|t:|1743860576
|move|p1a: Zamazenta|Crunch|p2a: Slowking
|-supereffective|p2a: Slowking
|-damage|p2a: Slowking|14/100
|move|p2a: Slowking|Psyshock|p1a: Zamazenta
|-supereffective|p1a: Zamazenta
|-damage|p1a: Zamazenta|0 fnt
|faint|p1a: Zamazenta
|
|upkeep
|
|t:|1743860582
|switch|p1a: Kyurem|Kyurem|74/100
|-ability|p1a: Kyurem|Pressure
|turn|75
|
|t:|1743860590
|switch|p2a: Clefable|Clefable, M|72/100
|move|p1a: Kyurem|Earth Power|p2a: Clefable
|-damage|p2a: Clefable|42/100
|
|-heal|p2a: Clefable|48/100|[from] item: Leftovers
|upkeep
|turn|76
|
|t:|1743860596
|move|p1a: Kyurem|Freeze-Dry|p2a: Clefable
|-crit|p2a: Clefable
|-damage|p2a: Clefable|0 fnt
|faint|p2a: Clefable
|
|upkeep
|
|t:|1743860601
|switch|p2a: Gholdengo|Gholdengo|100/100
|turn|77
|
|t:|1743860609
|move|p1a: Kyurem|Protect|p1a: Kyurem
|-singleturn|p1a: Kyurem|Protect
|move|p2a: Gholdengo|Make It Rain|p1a: Kyurem
|-activate|p1a: Kyurem|move: Protect
|
|upkeep
|turn|78
|
|t:|1743860621
|move|p1a: Kyurem|Substitute|p1a: Kyurem
|-start|p1a: Kyurem|Substitute
|-damage|p1a: Kyurem|49/100
|move|p2a: Gholdengo|Make It Rain|p1a: Kyurem
|-supereffective|p1a: Kyurem
|-end|p1a: Kyurem|Substitute
|-unboost|p2a: Gholdengo|spa|1
|
|upkeep
|turn|79
|
|t:|1743860632
|move|p1a: Kyurem|Earth Power|p2a: Gholdengo
|-supereffective|p2a: Gholdengo
|-damage|p2a: Gholdengo|24/100
|move|p2a: Gholdengo|Make It Rain|p1a: Kyurem
|-supereffective|p1a: Kyurem
|-damage|p1a: Kyurem|0 fnt
|-unboost|p2a: Gholdengo|spa|1
|faint|p1a: Kyurem
|
|upkeep
|
|t:|1743860637
|switch|p1a: Ting-Lu|Ting-Lu, tera:Poison|71/100 slp
|-ability|p1a: Ting-Lu|Vessel of Ruin
|turn|80
|
|t:|1743860644
|switch|p2a: Gliscor|Gliscor, F|99/100 tox
|cant|p1a: Ting-Lu|slp
|move|p1a: Ting-Lu|Sleep Talk|p1a: Ting-Lu
|move|p1a: Ting-Lu|Earthquake|p2a: Gliscor|[from] move: Sleep Talk
|-immune|p2a: Gliscor
|
|-heal|p1a: Ting-Lu|77/100 slp|[from] item: Leftovers
|-heal|p2a: Gliscor|100/100 tox|[from] ability: Poison Heal
|upkeep
|turn|81
|
|t:|1743860651
|switch|p1a: Corviknight|Corviknight, F|100/100
|-ability|p1a: Corviknight|Pressure
|move|p2a: Gliscor|Spikes|p1a: Corviknight
|-sidestart|p1: u glazin|Spikes
|
|upkeep
|turn|82
|
|t:|1743860658
|switch|p1a: Ting-Lu|Ting-Lu, tera:Poison|77/100 slp
|-damage|p1a: Ting-Lu|65/100 slp|[from] Spikes
|-ability|p1a: Ting-Lu|Vessel of Ruin
|move|p2a: Gliscor|Spikes|p1a: Ting-Lu
|-sidestart|p1: u glazin|Spikes
|
|-heal|p1a: Ting-Lu|71/100 slp|[from] item: Leftovers
|upkeep
|turn|83
|
|t:|1743860663
|switch|p1a: Corviknight|Corviknight, F|100/100
|-ability|p1a: Corviknight|Pressure
|move|p2a: Gliscor|Spikes|p1a: Corviknight
|-sidestart|p1: u glazin|Spikes
|
|upkeep
|turn|84
|
|t:|1743860674
|switch|p2a: Gholdengo|Gholdengo|24/100
|move|p1a: Corviknight|Defog|p2a: Gholdengo
|-immune|p2a: Gholdengo|[from] ability: Good as Gold
|
|upkeep
|turn|85
|
|t:|1743860680
|switch|p1a: Ting-Lu|Ting-Lu, tera:Poison|71/100 slp
|-damage|p1a: Ting-Lu|46/100 slp|[from] Spikes
|-ability|p1a: Ting-Lu|Vessel of Ruin
|move|p2a: Gholdengo|Shadow Ball|p1a: Ting-Lu
|-damage|p1a: Ting-Lu|29/100 slp
|
|-heal|p1a: Ting-Lu|35/100 slp|[from] item: Leftovers
|upkeep
|turn|86
|
|t:|1743860691
|switch|p2a: Gliscor|Gliscor, F|100/100 tox
|-curestatus|p1a: Ting-Lu|slp|[msg]
|move|p1a: Ting-Lu|Rest|p1a: Ting-Lu
|-status|p1a: Ting-Lu|slp|[from] move: Rest
|-heal|p1a: Ting-Lu|100/100 slp|[silent]
|
|upkeep
|turn|87
|
|t:|1743860706
|switch|p1a: Corviknight|Corviknight, F|100/100
|-ability|p1a: Corviknight|Pressure
|move|p2a: Gliscor|Spikes||[still]
|-fail|p2a: Gliscor
|
|upkeep
|turn|88
|j| jatt on a sidewalk
|c| jatt on a sidewalk|what a match up
|
|t:|1743860732
|switch|p2a: Gholdengo|Gholdengo|24/100
|switch|p1a: Ting-Lu|Ting-Lu, tera:Poison|100/100 slp
|-damage|p1a: Ting-Lu|76/100 slp|[from] Spikes
|-ability|p1a: Ting-Lu|Vessel of Ruin
|
|-heal|p1a: Ting-Lu|82/100 slp|[from] item: Leftovers
|upkeep
|turn|89
|c| why clap|u glazin can you forfeit
|
|t:|1743860743
|switch|p2a: Gliscor|Gliscor, F|100/100 tox
|cant|p1a: Ting-Lu|slp
|move|p1a: Ting-Lu|Sleep Talk|p1a: Ting-Lu
|move|p1a: Ting-Lu|Rest||[from] move: Sleep Talk|[still]
|-fail|p1a: Ting-Lu
|
|-heal|p1a: Ting-Lu|88/100 slp|[from] item: Leftovers
|upkeep
|turn|90
|
|t:|1743860754
|switch|p1a: Corviknight|Corviknight, F|100/100
|-ability|p1a: Corviknight|Pressure
|move|p2a: Gliscor|Spikes||[still]
|-fail|p2a: Gliscor
|
|upkeep
|turn|91
|c|☆u glazin|why would i do that
|
|t:|1743860762
|switch|p2a: Gholdengo|Gholdengo|24/100
|move|p1a: Corviknight|Iron Defense|p1a: Corviknight
|-boost|p1a: Corviknight|def|2
|
|upkeep
|turn|92
|c| jatt on a sidewalk|u glazin has a real shot bro
|
|t:|1743860768
|switch|p1a: Ting-Lu|Ting-Lu, tera:Poison|88/100 slp
|-damage|p1a: Ting-Lu|63/100 slp|[from] Spikes
|-ability|p1a: Ting-Lu|Vessel of Ruin
|move|p2a: Gholdengo|Shadow Ball|p1a: Ting-Lu
|-damage|p1a: Ting-Lu|45/100 slp
|
|-heal|p1a: Ting-Lu|52/100 slp|[from] item: Leftovers
|upkeep
|turn|93
|c| jatt on a sidewalk|stop being a hater
|c| jatt on a sidewalk|he has all of 3 earth quakes
|
|t:|1743860786
|-terastallize|p2a: Gholdengo|Fighting
|move|p2a: Gholdengo|Shadow Ball|p1a: Ting-Lu
|-damage|p1a: Ting-Lu|33/100 slp
|cant|p1a: Ting-Lu|slp
|move|p1a: Ting-Lu|Sleep Talk|p1a: Ting-Lu
|move|p1a: Ting-Lu|Payback|p2a: Gholdengo|[from] move: Sleep Talk
|-resisted|p2a: Gholdengo
|-damage|p2a: Gholdengo|3/100
|
|-heal|p1a: Ting-Lu|39/100 slp|[from] item: Leftovers
|upkeep
|turn|94
|
|t:|1743860795
|move|p2a: Gholdengo|Make It Rain|p1a: Ting-Lu
|-damage|p1a: Ting-Lu|12/100 slp
|-unboost|p2a: Gholdengo|spa|1
|-curestatus|p1a: Ting-Lu|slp|[msg]
|move|p1a: Ting-Lu|Rest|p1a: Ting-Lu
|-status|p1a: Ting-Lu|slp|[from] move: Rest
|-heal|p1a: Ting-Lu|100/100 slp|[silent]
|
|upkeep
|turn|95
|c| jatt on a sidewalk|and his opp fumbled by clicking tera
|
|t:|1743860801
|switch|p2a: Gliscor|Gliscor, F|100/100 tox
|switch|p1a: Corviknight|Corviknight, F|100/100
|-ability|p1a: Corviknight|Pressure
|
|upkeep
|turn|96
|c| why clap|Nvm
|c| why clap|ima stop hating
|c|☆Trump is good man|That was a mistake
|inactive|Trump is good man has 120 seconds left.
|c| jatt on a sidewalk|sure was
|
|t:|1743860820
|move|p2a: Gliscor|Spikes||[still]
|-fail|p2a: Gliscor
|move|p1a: Corviknight|Iron Defense|p1a: Corviknight
|-boost|p1a: Corviknight|def|2
|
|upkeep
|turn|97
|inactive|Trump is good man has 120 seconds left.
|
|t:|1743860826
|switch|p2a: Slowking|Slowking-Galar, M|47/100
|-damage|p2a: Slowking|23/100|[from] Spikes
|move|p1a: Corviknight|Iron Defense|p1a: Corviknight
|-boost|p1a: Corviknight|def|2
|
|upkeep
|turn|98
|
|t:|1743860830
|move|p1a: Corviknight|Body Press|p2a: Slowking
|-resisted|p2a: Slowking
|-damage|p2a: Slowking|3/100
|move|p2a: Slowking|Flamethrower|p1a: Corviknight
|-supereffective|p1a: Corviknight
|-damage|p1a: Corviknight|50/100
|
|upkeep
|turn|99
|
|t:|1743860836
|switch|p2a: Gliscor|Gliscor, F|100/100 tox
|move|p1a: Corviknight|Body Press|p2a: Gliscor
|-resisted|p2a: Gliscor
|-damage|p2a: Gliscor|70/100 tox
|
|-heal|p2a: Gliscor|83/100 tox|[from] ability: Poison Heal
|upkeep
|turn|100
|
|t:|1743860842
|switch|p2a: Great Tusk|Great Tusk|51/100 brn
|-damage|p2a: Great Tusk|27/100 brn|[from] Spikes
|move|p1a: Corviknight|Roost|p1a: Corviknight
|-heal|p1a: Corviknight|100/100
|-singleturn|p1a: Corviknight|move: Roost
|
|-damage|p2a: Great Tusk|20/100 brn|[from] brn
|upkeep
|turn|101
|
|t:|1743860863
|move|p2a: Great Tusk|Rapid Spin|p1a: Corviknight
|-resisted|p1a: Corviknight
|-damage|p1a: Corviknight|99/100
|-boost|p2a: Great Tusk|spe|1
|-damage|p2a: Great Tusk|4/100 brn|[from] item: Rocky Helmet|[of] p1a: Corviknight
|-sideend|p2: Trump is good man|Spikes|[from] move: Rapid Spin|[of] p2a: Great Tusk
|move|p1a: Corviknight|Iron Defense|p1a: Corviknight
|-boost|p1a: Corviknight|def|2
|
|-damage|p2a: Great Tusk|0 fnt|[from] brn
|faint|p2a: Great Tusk
|-end|p2a: Great Tusk|Protosynthesis|[silent]
|upkeep
|
|t:|1743860877
|switch|p2a: Slowking|Slowking-Galar, M|36/100
|turn|102
|
|t:|1743860883
|switch|p2a: Gliscor|Gliscor, F|83/100 tox
|move|p1a: Corviknight|Body Press|p2a: Gliscor
|-resisted|p2a: Gliscor
|-damage|p2a: Gliscor|41/100 tox
|
|-heal|p2a: Gliscor|54/100 tox|[from] ability: Poison Heal
|upkeep
|turn|103
|
|t:|1743860891
|move|p2a: Gliscor|Protect|p2a: Gliscor
|-singleturn|p2a: Gliscor|Protect
|move|p1a: Corviknight|Body Press|p2a: Gliscor
|-activate|p2a: Gliscor|move: Protect
|
|-heal|p2a: Gliscor|66/100 tox|[from] ability: Poison Heal
|upkeep
|turn|104
|
|t:|1743860899
|switch|p2a: Slowking|Slowking-Galar, M|69/100
|move|p1a: Corviknight|Defog|p2a: Slowking
|-unboost|p2a: Slowking|evasion|1
|-sideend|p1: u glazin|Spikes|[from] move: Defog|[of] p1a: Corviknight
|
|upkeep
|turn|105
|
|t:|1743860903
|switch|p1a: Ting-Lu|Ting-Lu, tera:Poison|100/100 slp
|-ability|p1a: Ting-Lu|Vessel of Ruin
|move|p2a: Slowking|Flamethrower|p1a: Ting-Lu
|-damage|p1a: Ting-Lu|88/100 slp
|
|-heal|p1a: Ting-Lu|94/100 slp|[from] item: Leftovers
|upkeep
|turn|106
|
|t:|1743860907
|switch|p1a: Corviknight|Corviknight, F|99/100
|-ability|p1a: Corviknight|Pressure
|move|p2a: Slowking|Psyshock|p1a: Corviknight
|-resisted|p1a: Corviknight
|-damage|p1a: Corviknight|88/100
|
|upkeep
|turn|107
|
|t:|1743860912
|switch|p1a: Ting-Lu|Ting-Lu, tera:Poison|94/100 slp
|-ability|p1a: Ting-Lu|Vessel of Ruin
|move|p2a: Slowking|Flamethrower|p1a: Ting-Lu
|-damage|p1a: Ting-Lu|82/100 slp
|
|-heal|p1a: Ting-Lu|89/100 slp|[from] item: Leftovers
|upkeep
|turn|108
|
|t:|1743860917
|cant|p1a: Ting-Lu|slp
|move|p1a: Ting-Lu|Sleep Talk|p1a: Ting-Lu
|move|p1a: Ting-Lu|Rest||[from] move: Sleep Talk|[still]
|-fail|p1a: Ting-Lu
|move|p2a: Slowking|Psyshock|p1a: Ting-Lu
|-supereffective|p1a: Ting-Lu
|-damage|p1a: Ting-Lu|58/100 slp
|
|-heal|p1a: Ting-Lu|65/100 slp|[from] item: Leftovers
|upkeep
|turn|109
|
|t:|1743860925
|cant|p1a: Ting-Lu|slp
|move|p1a: Ting-Lu|Sleep Talk|p1a: Ting-Lu
|move|p1a: Ting-Lu|Payback|p2a: Slowking|[from] move: Sleep Talk
|-supereffective|p2a: Slowking
|-damage|p2a: Slowking|28/100
|move|p2a: Slowking|Psyshock|p1a: Ting-Lu
|-supereffective|p1a: Ting-Lu
|-damage|p1a: Ting-Lu|35/100 slp
|
|-heal|p1a: Ting-Lu|42/100 slp|[from] item: Leftovers
|upkeep
|turn|110
|
|t:|1743860933
|switch|p2a: Gliscor|Gliscor, F|66/100 tox
|-curestatus|p1a: Ting-Lu|slp|[msg]
|move|p1a: Ting-Lu|Rest|p1a: Ting-Lu
|-status|p1a: Ting-Lu|slp|[from] move: Rest
|-heal|p1a: Ting-Lu|100/100 slp|[silent]
|
|-heal|p2a: Gliscor|79/100 tox|[from] ability: Poison Heal
|upkeep
|turn|111
|
|t:|1743860944
|switch|p1a: Corviknight|Corviknight, F|88/100
|-ability|p1a: Corviknight|Pressure
|move|p2a: Gliscor|Spikes|p1a: Corviknight
|-sidestart|p1: u glazin|Spikes
|
|-heal|p2a: Gliscor|91/100 tox|[from] ability: Poison Heal
|upkeep
|turn|112
|c| jatt on a sidewalk|this is video gaming
|
|t:|1743860952
|move|p2a: Gliscor|Spikes|p1a: Corviknight
|-sidestart|p1: u glazin|Spikes
|move|p1a: Corviknight|Defog|p2a: Gliscor
|-unboost|p2a: Gliscor|evasion|1
|-sideend|p1: u glazin|Spikes|[from] move: Defog|[of] p1a: Corviknight
|
|-heal|p2a: Gliscor|100/100 tox|[from] ability: Poison Heal
|upkeep
|turn|113
|
|t:|1743860961
|switch|p2a: Slowking|Slowking-Galar, M|61/100
|switch|p1a: Ting-Lu|Ting-Lu, tera:Poison|100/100 slp
|-ability|p1a: Ting-Lu|Vessel of Ruin
|
|upkeep
|turn|114
|
|t:|1743860969
|cant|p1a: Ting-Lu|slp
|move|p1a: Ting-Lu|Sleep Talk|p1a: Ting-Lu
|move|p1a: Ting-Lu|Earthquake|p2a: Slowking|[from] move: Sleep Talk
|-supereffective|p2a: Slowking
|-damage|p2a: Slowking|0 fnt
|faint|p2a: Slowking
|
|upkeep
|-message|Trump is good man forfeited.
|
|win|u glazin
|n|☆u glazin|uglazin
|n|☆Trump is good man|trumpisgoodman
|n| why clap|whyclap
|n| jatt on a sidewalk|jattonasidewalk
|l|☆Trump is good man
|player|p2|
|c|☆u glazin|phew
|c| jatt on a sidewalk|lmao
|l| why clap
|l| jatt on a sidewalk
