|j|☆hameed425
|j|☆weepingbell456
|t:|1743915252
|gametype|singles
|player|p1|hameed425|169|1089
|player|p2|weepingbell456|1|1111
|teamsize|p1|6
|teamsize|p2|6
|gen|9
|tier|[Gen 9] OU
|rated|
|rule|HP Percentage Mod: HP is shown in percentages
|rule|Endless Battle Clause: Forcing endless battles is banned
|rule|Species Clause: Limit one of each Pokémon
|rule|OHKO Clause: OHKO moves are banned
|rule|Evasion Items Clause: Evasion items are banned
|rule|Evasion Moves Clause: Evasion moves are banned
|rule|Sleep Moves Clause: Sleep-inducing moves are banned
|clearpoke
|poke|p1|Garganacl, F|
|poke|p1|Slowking-Galar, M|
|poke|p1|Moltres|
|poke|p1|Hatterene, F|
|poke|p1|Iron Boulder|
|poke|p1|Comfey, F|
|poke|p2|Tyranitar, F|
|poke|p2|Houndstone, M|
|poke|p2|Quagsire, F|
|poke|p2|Forretress, M|
|poke|p2|Gastrodon, M|
|poke|p2|Tinkaton, F|
|teampreview
|
|t:|1743915285
|start
|switch|p1a: Garganacl|Garganacl, F|100/100
|switch|p2a: Tinkaton|Tinkaton, F|100/100
|-ability|p2a: Tinkaton|Mold Breaker
|turn|1
|
|t:|1743915298
|move|p2a: Tinkaton|Thunder Wave|p1a: Garganacl
|-status|p1a: Garganacl|par
|move|p1a: Garganacl|Salt Cure|p2a: Tinkaton
|-resisted|p2a: Tinkaton
|-damage|p2a: Tinkaton|90/100
|-start|p2a: Tinkaton|Salt Cure
|
|-damage|p2a: Tinkaton|65/100|[from] Salt Cure
|upkeep
|turn|2
|
|t:|1743915307
|switch|p2a: Tyranitar|Tyranitar, F|100/100
|-weather|Sandstorm|[from] ability: Sand Stream|[of] p2a: Tyranitar
|switch|p1a: Moltres|Moltres|100/100
|
|-weather|Sandstorm|[upkeep]
|-damage|p1a: Moltres|94/100|[from] Sandstorm
|upkeep
|turn|3
|
|t:|1743915322
|move|p1a: Moltres|Scorching Sands|p2a: Tyranitar
|-supereffective|p2a: Tyranitar
|-damage|p2a: Tyranitar|85/100
|move|p2a: Tyranitar|Knock Off|p1a: Moltres
|-damage|p1a: Moltres|66/100
|-enditem|p1a: Moltres|Heavy-Duty Boots|[from] move: Knock Off|[of] p2a: Tyranitar
|
|-weather|Sandstorm|[upkeep]
|-damage|p1a: Moltres|60/100|[from] Sandstorm
|upkeep
|turn|4
|
|t:|1743915336
|switch|p2a: Gastrodon|Gastrodon, M|100/100
|move|p1a: Moltres|Will-O-Wisp|p2a: Gastrodon
|-status|p2a: Gastrodon|brn
|
|-weather|Sandstorm|[upkeep]
|-damage|p1a: Moltres|54/100|[from] Sandstorm
|-damage|p2a: Gastrodon|94/100 brn|[from] brn
|upkeep
|turn|5
|
|t:|1743915408
|switch|p1a: Slowking|Slowking-Galar, M|100/100
|move|p2a: Gastrodon|Stealth Rock|p1a: Slowking
|-sidestart|p1: hameed425|move: Stealth Rock
|
|-weather|Sandstorm|[upkeep]
|-damage|p1a: Slowking|94/100|[from] Sandstorm
|-heal|p2a: Gastrodon|100/100 brn|[from] item: Leftovers
|-damage|p2a: Gastrodon|94/100 brn|[from] brn
|upkeep
|turn|6
|l|☆hameed425
|player|p1|
|j|☆hameed425
|player|p1|hameed425|169|
|
|t:|1743915494
|move|p2a: Gastrodon|Spikes|p1a: Slowking
|-sidestart|p1: hameed425|Spikes
|-prepare|p1a: Slowking|Chilly Reception|[premajor]
|move|p1a: Slowking|Chilly Reception|p1a: Slowking
|-weather|Snowscape
|
|t:|1743915501
|switch|p1a: Hatterene|Hatterene, F|100/100|[from] Chilly Reception
|-damage|p1a: Hatterene|88/100|[from] Stealth Rock
|-damage|p1a: Hatterene|76/100|[from] Spikes
|
|-weather|Snowscape|[upkeep]
|-heal|p2a: Gastrodon|100/100 brn|[from] item: Leftovers
|-heal|p1a: Hatterene|82/100|[from] item: Leftovers
|-damage|p2a: Gastrodon|94/100 brn|[from] brn
|upkeep
|turn|7
|inactive|Battle timer is ON: inactive players will automatically lose when time's up. (requested by weepingbell456)
|
|t:|1743915521
|switch|p2a: Tyranitar|Tyranitar, F|85/100
|-weather|Sandstorm|[from] ability: Sand Stream|[of] p2a: Tyranitar
|move|p1a: Hatterene|Calm Mind|p1a: Hatterene
|-boost|p1a: Hatterene|spa|1
|-boost|p1a: Hatterene|spd|1
|
|-weather|Sandstorm|[upkeep]
|-damage|p1a: Hatterene|76/100|[from] Sandstorm
|-heal|p1a: Hatterene|82/100|[from] item: Leftovers
|upkeep
|turn|8
|inactive|weepingbell456 has 120 seconds left.
|
|t:|1743915566
|switch|p2a: Quagsire|Quagsire, F|100/100
|move|p1a: Hatterene|Calm Mind|p1a: Hatterene
|-boost|p1a: Hatterene|spa|1
|-boost|p1a: Hatterene|spd|1
|
|-weather|Sandstorm|[upkeep]
|-damage|p1a: Hatterene|76/100|[from] Sandstorm
|-heal|p1a: Hatterene|82/100|[from] item: Leftovers
|upkeep
|turn|9
|inactive|hameed425 has 120 seconds left.
|
|t:|1743915603
|move|p2a: Quagsire|Whirlpool|p1a: Hatterene
|-damage|p1a: Hatterene|72/100
|-activate|p1a: Hatterene|move: Whirlpool|[of] p2a: Quagsire
|move|p1a: Hatterene|Draining Kiss|p2a: Quagsire
|-damage|p2a: Quagsire|76/100
|-heal|p1a: Hatterene|92/100|[from] drain|[of] p2a: Quagsire
|
|-weather|Sandstorm|[upkeep]
|-damage|p1a: Hatterene|86/100|[from] Sandstorm
|-heal|p2a: Quagsire|82/100|[from] item: Leftovers
|-heal|p1a: Hatterene|92/100|[from] item: Leftovers
|-damage|p1a: Hatterene|79/100|[from] move: Whirlpool|[partiallytrapped]
|upkeep
|turn|10
|inactive|weepingbell456 has 90 seconds left.
|
|t:|1743915634
|switch|p2a: Houndstone|Houndstone, M|100/100
|move|p1a: Hatterene|Psyshock|p2a: Houndstone
|-damage|p2a: Houndstone|15/100
|
|-weather|Sandstorm|[upkeep]
|-damage|p1a: Hatterene|73/100|[from] Sandstorm
|-heal|p1a: Hatterene|79/100|[from] item: Leftovers
|-end|p1a: Hatterene|Whirlpool|[partiallytrapped]|[silent]
|upkeep
|turn|11
|inactive|hameed425 has 120 seconds left.
|inactive|weepingbell456 has 90 seconds left.
|
|t:|1743915654
|move|p2a: Houndstone|Poltergeist|p1a: Hatterene
|-activate|p1a: Hatterene|move: Poltergeist|Leftovers
|-supereffective|p1a: Hatterene
|-damage|p1a: Hatterene|0 fnt
|faint|p1a: Hatterene
|
|-weather|Sandstorm|[upkeep]
|upkeep
|inactive|hameed425 has 120 seconds left.
|inactive|hameed425 has 90 seconds left.
|
|t:|1743915699
|switch|p1a: Moltres|Moltres|54/100
|-damage|p1a: Moltres|4/100|[from] Stealth Rock
|turn|12
|inactive|weepingbell456 has 90 seconds left.
|inactive|weepingbell456 has 60 seconds left.
|
|t:|1743915734
|switch|p2a: Quagsire|Quagsire, F|82/100
|move|p1a: Moltres|Flamethrower|p2a: Quagsire
|-resisted|p2a: Quagsire
|-damage|p2a: Quagsire|63/100
|
|-weather|Sandstorm|[upkeep]
|-damage|p1a: Moltres|0 fnt|[from] Sandstorm
|faint|p1a: Moltres
|-heal|p2a: Quagsire|69/100|[from] item: Leftovers
|upkeep
|inactive|hameed425 has 90 seconds left.
|inactive|hameed425 has 60 seconds left.
|inactive|hameed425 has 30 seconds left.
|inactive|hameed425 has 20 seconds left.
|inactive|hameed425 has 15 seconds left.
|inactive|hameed425 has 10 seconds left.
|inactive|hameed425 has 5 seconds left.
|-message|hameed425 lost due to inactivity.
|
|win|weepingbell456
|raw|hameed425's rating: 1121 &rarr; <strong>1095</strong><br />(-26 for losing)
|raw|weepingbell456's rating: 1111 &rarr; <strong>1137</strong><br />(+26 for winning)
|l|☆weepingbell456
|player|p2|
|l|☆hameed425
|player|p1|
