|j|☆KishonIWNL
|j|☆juicelightning
|t:|1743800245
|gametype|singles
|player|p1|KishonIWNL|101|1534
|player|p2|juicelightning|benga|1511
|teamsize|p1|6
|teamsize|p2|6
|gen|9
|tier|[Gen 9] OU
|rated|
|rule|HP Percentage Mod: HP is shown in percentages
|rule|Endless Battle Clause: Forcing endless battles is banned
|rule|Species Clause: Limit one of each Pokémon
|rule|OHKO Clause: OHKO moves are banned
|rule|Evasion Items Clause: Evasion items are banned
|rule|Evasion Moves Clause: Evasion moves are banned
|rule|Sleep Moves Clause: Sleep-inducing moves are banned
|clearpoke
|poke|p1|Kingambit, F|
|poke|p1|Zapdos|
|poke|p1|Slowking-Galar, F|
|poke|p1|Great Tusk|
|poke|p1|Zamazenta-*|
|poke|p1|Ogerpon-Wellspring, F|
|poke|p2|Cinderace, F|
|poke|p2|Ogerpon, F|
|poke|p2|Kingambit, M|
|poke|p2|Empoleon, F|
|poke|p2|Rabsca, M|
|poke|p2|Ribombee, M|
|teampreview
|inactive|Battle timer is ON: inactive players will automatically lose when time's up. (requested by juicelightning)
|inactive|KishonIWNL has 120 seconds left.
|
|t:|1743800279
|start
|switch|p1a: Kingambit|Kingambit, F|100/100
|switch|p2a: Ribombee|Ribombee, M|100/100
|turn|1
|
|t:|1743800281
|move|p2a: Ribombee|Sticky Web|p1a: Kingambit
|-sidestart|p1: KishonIWNL|move: Sticky Web
|move|p1a: Kingambit|Iron Head|p2a: Ribombee
|-supereffective|p2a: Ribombee
|-enditem|p2a: Ribombee|Focus Sash
|-damage|p2a: Ribombee|1/100
|
|upkeep
|turn|2
|
|t:|1743800287
|move|p2a: Ribombee|Moonblast|p1a: Kingambit
|-damage|p1a: Kingambit|62/100
|move|p1a: Kingambit|Iron Head|p2a: Ribombee
|-supereffective|p2a: Ribombee
|-damage|p2a: Ribombee|0 fnt
|faint|p2a: Ribombee
|
|upkeep
|j| Adromas
|
|t:|1743800290
|switch|p2a: Cinderace|Cinderace, F|100/100
|turn|3
|
|t:|1743800300
|-end|p1a: Kingambit|fallenundefined|[silent]
|switch|p1a: Zapdos|Zapdos|100/100
|move|p2a: Cinderace|Court Change|p2a: Cinderace
|-start|p2a: Cinderace|typechange|Normal|[from] ability: Libero
|-swapsideconditions
|-activate|p2a: Cinderace|move: Court Change
|
|upkeep
|turn|4
|
|t:|1743800326
|move|p2a: Cinderace|Pyro Ball|p1a: Zapdos
|-damage|p1a: Zapdos|70/100
|move|p1a: Zapdos|Thunder Wave|p2a: Cinderace
|-status|p2a: Cinderace|par
|
|upkeep
|turn|5
|
|t:|1743800338
|move|p1a: Zapdos|Hurricane|p2a: Cinderace
|-damage|p2a: Cinderace|32/100 par
|-start|p2a: Cinderace|confusion
|-activate|p2a: Cinderace|confusion
|move|p2a: Cinderace|Pyro Ball|p1a: Zapdos
|-damage|p1a: Zapdos|41/100
|
|upkeep
|turn|6
|
|t:|1743800347
|move|p1a: Zapdos|Roost|p1a: Zapdos
|-heal|p1a: Zapdos|91/100
|-singleturn|p1a: Zapdos|move: Roost
|-activate|p2a: Cinderace|confusion
|cant|p2a: Cinderace|par
|
|upkeep
|turn|7
|
|t:|1743800350
|move|p1a: Zapdos|Volt Switch|p2a: Cinderace
|-damage|p2a: Cinderace|0 fnt
|faint|p2a: Cinderace
|
|t:|1743800358
|switch|p1a: Ogerpon|Ogerpon-Wellspring, F|100/100|[from] Volt Switch
|
|upkeep
|
|t:|1743800362
|switch|p2a: Ogerpon|Ogerpon, F|100/100
|-activate|p2a: Ogerpon|move: Sticky Web
|-unboost|p2a: Ogerpon|spe|1
|-ability|p2a: Ogerpon|Defiant|boost
|-boost|p2a: Ogerpon|atk|2
|turn|8
|
|t:|1743800369
|move|p1a: Ogerpon|U-turn|p2a: Ogerpon
|-supereffective|p2a: Ogerpon
|-damage|p2a: Ogerpon|32/100
|-enditem|p2a: Ogerpon|Weakness Policy
|-boost|p2a: Ogerpon|atk|2|[from] item: Weakness Policy
|-boost|p2a: Ogerpon|spa|2|[from] item: Weakness Policy
|
|t:|1743800377
|switch|p1a: Zapdos|Zapdos|91/100|[from] U-turn
|move|p2a: Ogerpon|Trailblaze|p1a: Zapdos
|-resisted|p1a: Zapdos
|-damage|p1a: Zapdos|63/100
|-boost|p2a: Ogerpon|spe|1
|
|upkeep
|turn|9
|inactive|KishonIWNL has 120 seconds left.
|
|t:|1743800416
|-terastallize|p2a: Ogerpon|Grass
|detailschange|p2a: Ogerpon|Ogerpon-Teal-Tera, F, tera:Grass
|-ability|p2a: Ogerpon|Embody Aspect (Teal)|boost
|-boost|p2a: Ogerpon|spe|1
|-terastallize|p1a: Zapdos|Grass
|move|p2a: Ogerpon|Knock Off|p1a: Zapdos
|-damage|p1a: Zapdos|0 fnt
|-enditem|p1a: Zapdos|Heavy-Duty Boots|[from] move: Knock Off|[of] p2a: Ogerpon
|faint|p1a: Zapdos
|
|upkeep
|
|t:|1743800429
|switch|p1a: Kingambit|Kingambit, F|62/100
|-activate|p1a: Kingambit|ability: Supreme Overlord
|-start|p1a: Kingambit|fallen1|[silent]
|turn|10
|
|t:|1743800445
|move|p1a: Kingambit|Sucker Punch||[still]
|-fail|p1a: Kingambit
|move|p2a: Ogerpon|Encore|p1a: Kingambit
|-start|p1a: Kingambit|Encore
|
|upkeep
|turn|11
|
|t:|1743800452
|switch|p2a: Empoleon|Empoleon, F|100/100
|-activate|p2a: Empoleon|move: Sticky Web
|-unboost|p2a: Empoleon|spe|1
|-ability|p2a: Empoleon|Competitive|boost
|-boost|p2a: Empoleon|spa|2
|move|p1a: Kingambit|Sucker Punch||[still]
|-fail|p1a: Kingambit
|
|upkeep
|turn|12
|
|t:|1743800456
|-end|p1a: Kingambit|fallen1|[silent]
|switch|p1a: Ogerpon|Ogerpon-Wellspring, F|100/100
|move|p2a: Empoleon|Vacuum Wave|p1a: Ogerpon
|-damage|p1a: Ogerpon|54/100
|
|upkeep
|turn|13
|
|t:|1743800461
|move|p2a: Empoleon|Vacuum Wave|p1a: Ogerpon
|-damage|p1a: Ogerpon|7/100
|move|p1a: Ogerpon|Power Whip|p2a: Empoleon
|-damage|p2a: Empoleon|26/100
|
|upkeep
|turn|14
|
|t:|1743800467
|switch|p1a: Slowking|Slowking-Galar, F|100/100
|move|p2a: Empoleon|Vacuum Wave|p1a: Slowking
|-resisted|p1a: Slowking
|-damage|p1a: Slowking|96/100
|
|upkeep
|turn|15
|
|t:|1743800472
|switch|p2a: Ogerpon|Ogerpon-Teal-Tera, F, tera:Grass|32/100
|-activate|p2a: Ogerpon|move: Sticky Web
|-unboost|p2a: Ogerpon|spe|1
|-ability|p2a: Ogerpon|Embody Aspect (Teal)|boost
|-boost|p2a: Ogerpon|spe|1
|move|p1a: Slowking|Flamethrower|p2a: Ogerpon
|-supereffective|p2a: Ogerpon
|-damage|p2a: Ogerpon|0 fnt
|faint|p2a: Ogerpon
|
|upkeep
|
|t:|1743800474
|switch|p2a: Rabsca|Rabsca, M|100/100
|-activate|p2a: Rabsca|move: Sticky Web
|-unboost|p2a: Rabsca|spe|1
|turn|16
|
|t:|1743800478
|move|p1a: Slowking|Sludge Bomb|p2a: Rabsca
|-damage|p2a: Rabsca|70/100
|-status|p2a: Rabsca|psn
|-activate|p2a: Rabsca|ability: Synchronize
|-immune|p1a: Slowking
|move|p2a: Rabsca|Trick Room|p2a: Rabsca
|-fieldstart|move: Trick Room|[of] p2a: Rabsca
|
|-damage|p2a: Rabsca|57/100 psn|[from] psn
|upkeep
|turn|17
|
|t:|1743800481
|move|p2a: Rabsca|Revival Blessing|p2a: Rabsca
|-enditem|p2a: Rabsca|Leppa Berry|[eat]
|-activate|p2a: Rabsca|item: Leppa Berry|Revival Blessing|[consumed]
|
|t:|1743800483
|-heal|p2: Ogerpon|50/100|[from] move: Revival Blessing
|move|p1a: Slowking|Flamethrower|p2a: Rabsca
|-supereffective|p2a: Rabsca
|-damage|p2a: Rabsca|16/100 psn
|
|-damage|p2a: Rabsca|4/100 psn|[from] psn
|upkeep
|turn|18
|
|t:|1743800493
|move|p2a: Rabsca|Revival Blessing|p2a: Rabsca
|
|t:|1743800494
|-heal|p2: Ribombee|50/100|[from] move: Revival Blessing
|move|p1a: Slowking|Flamethrower|p2a: Rabsca
|-supereffective|p2a: Rabsca
|-damage|p2a: Rabsca|0 fnt
|faint|p2a: Rabsca
|
|upkeep
|
|t:|1743800498
|switch|p2a: Kingambit|Kingambit, M|100/100
|-activate|p2a: Kingambit|move: Sticky Web
|-unboost|p2a: Kingambit|spe|1
|-ability|p2a: Kingambit|Defiant|boost
|-boost|p2a: Kingambit|atk|2
|turn|19
|
|t:|1743800502
|switch|p1a: Zamazenta|Zamazenta|100/100
|-ability|p1a: Zamazenta|Dauntless Shield|boost
|-boost|p1a: Zamazenta|def|1
|move|p2a: Kingambit|Kowtow Cleave|p1a: Zamazenta
|-resisted|p1a: Zamazenta
|-damage|p1a: Zamazenta|71/100
|
|upkeep
|turn|20
|
|t:|1743800506
|move|p2a: Kingambit|Iron Head|p1a: Zamazenta
|-damage|p1a: Zamazenta|16/100
|move|p1a: Zamazenta|Close Combat|p2a: Kingambit
|-supereffective|p2a: Kingambit
|-enditem|p2a: Kingambit|Chople Berry|[eat]
|-enditem|p2a: Kingambit|Chople Berry|[weaken]
|-damage|p2a: Kingambit|0 fnt
|-unboost|p1a: Zamazenta|def|1
|-unboost|p1a: Zamazenta|spd|1
|faint|p2a: Kingambit
|
|-fieldend|move: Trick Room
|upkeep
|
|t:|1743800515
|switch|p2a: Empoleon|Empoleon, F|26/100
|-activate|p2a: Empoleon|move: Sticky Web
|-unboost|p2a: Empoleon|spe|1
|-ability|p2a: Empoleon|Competitive|boost
|-boost|p2a: Empoleon|spa|2
|turn|21
|
|t:|1743800519
|move|p2a: Empoleon|Vacuum Wave|p1a: Zamazenta
|-damage|p1a: Zamazenta|0 fnt
|faint|p1a: Zamazenta
|
|upkeep
|
|t:|1743800528
|switch|p1a: Great Tusk|Great Tusk|100/100
|turn|22
|j| Justice For Moon
|
|t:|1743800531
|switch|p2a: Ribombee|Ribombee, M|50/100
|-activate|p2a: Ribombee|move: Sticky Web
|-unboost|p2a: Ribombee|spe|1
|move|p1a: Great Tusk|Headlong Rush|p2a: Ribombee
|-resisted|p2a: Ribombee
|-damage|p2a: Ribombee|0 fnt
|-unboost|p1a: Great Tusk|def|1
|-unboost|p1a: Great Tusk|spd|1
|faint|p2a: Ribombee
|
|upkeep
|
|t:|1743800535
|switch|p2a: Empoleon|Empoleon, F|26/100
|-activate|p2a: Empoleon|move: Sticky Web
|-unboost|p2a: Empoleon|spe|1
|-ability|p2a: Empoleon|Competitive|boost
|-boost|p2a: Empoleon|spa|2
|turn|23
|l| Justice For Moon
|
|t:|1743800537
|-end|p1a: Great Tusk|Protosynthesis|[silent]
|switch|p1a: Slowking|Slowking-Galar, F|100/100
|move|p2a: Empoleon|Vacuum Wave|p1a: Slowking
|-resisted|p1a: Slowking
|-damage|p1a: Slowking|95/100
|
|upkeep
|turn|24
|
|t:|1743800540
|switch|p2a: Ogerpon|Ogerpon, F|50/100
|-activate|p2a: Ogerpon|move: Sticky Web
|-unboost|p2a: Ogerpon|spe|1
|-ability|p2a: Ogerpon|Defiant|boost
|-boost|p2a: Ogerpon|atk|2
|move|p1a: Slowking|Flamethrower|p2a: Ogerpon
|-supereffective|p2a: Ogerpon
|-damage|p2a: Ogerpon|0 fnt
|faint|p2a: Ogerpon
|
|upkeep
|
|t:|1743800546
|switch|p2a: Empoleon|Empoleon, F|26/100
|-activate|p2a: Empoleon|move: Sticky Web
|-unboost|p2a: Empoleon|spe|1
|-ability|p2a: Empoleon|Competitive|boost
|-boost|p2a: Empoleon|spa|2
|turn|25
|
|t:|1743800548
|move|p2a: Empoleon|Ice Beam|p1a: Slowking
|-crit|p1a: Slowking
|-damage|p1a: Slowking|21/100
|move|p1a: Slowking|Flamethrower|p2a: Empoleon
|-damage|p2a: Empoleon|0 fnt
|faint|p2a: Empoleon
|
|win|KishonIWNL
|raw|KishonIWNL's rating: 1534 &rarr; <strong>1553</strong><br />(+19 for winning)
|raw|juicelightning's rating: 1511 &rarr; <strong>1492</strong><br />(-19 for losing)
|l|☆juicelightning
|player|p2|
|l| Adromas
