|j|☆TestFor11222024
|j|☆GOD D DRAGON
|t:|1743859488
|gametype|singles
|player|p1|TestFor11222024|hiker-gen4|1342
|player|p2|GOD D DRAGON|170|1388
|teamsize|p1|6
|teamsize|p2|6
|gen|9
|tier|[Gen 9] OU
|rated|
|rule|HP Percentage Mod: HP is shown in percentages
|rule|Endless Battle Clause: Forcing endless battles is banned
|rule|Species Clause: Limit one of each Pokémon
|rule|OHKO Clause: OHKO moves are banned
|rule|Evasion Items Clause: Evasion items are banned
|rule|Evasion Moves Clause: Evasion moves are banned
|rule|Sleep Moves Clause: Sleep-inducing moves are banned
|clearpoke
|poke|p1|Great Tusk|
|poke|p1|Tyranitar, F|
|poke|p1|Iron Moth|
|poke|p1|Latias, F|
|poke|p1|Kingambit, M|
|poke|p1|Hoopa-Unbound|
|poke|p2|Espeon, F|
|poke|p2|Zarude-Dada|
|poke|p2|Thundurus-Therian, M|
|poke|p2|Tinkaton, F|
|poke|p2|Donphan, M|
|poke|p2|Raging Bolt|
|teampreview
|inactive|Battle timer is ON: inactive players will automatically lose when time's up. (requested by TestFor11222024)
|
|t:|1743859494
|start
|switch|p1a: Tyranitar|Tyranitar, F|100/100
|switch|p2a: Thundurus|Thundurus-Therian, M|100/100
|-weather|Sandstorm|[from] ability: Sand Stream|[of] p1a: Tyranitar
|turn|1
|
|t:|1743859501
|move|p2a: Thundurus|Focus Blast|p1a: Tyranitar|[miss]
|-miss|p2a: Thundurus|p1a: Tyranitar
|move|p1a: Tyranitar|Knock Off|p2a: Thundurus
|-damage|p2a: Thundurus|38/100
|-enditem|p2a: Thundurus|Expert Belt|[from] move: Knock Off|[of] p1a: Tyranitar
|
|-weather|Sandstorm|[upkeep]
|-damage|p2a: Thundurus|32/100|[from] Sandstorm
|upkeep
|turn|2
|
|t:|1743859511
|move|p2a: Thundurus|Focus Blast|p1a: Tyranitar|[miss]
|-miss|p2a: Thundurus|p1a: Tyranitar
|move|p1a: Tyranitar|Knock Off|p2a: Thundurus
|-damage|p2a: Thundurus|0 fnt
|faint|p2a: Thundurus
|
|-weather|Sandstorm|[upkeep]
|upkeep
|c|☆TestFor11222024|Yo
|c|☆TestFor11222024|I'm sorry
|c|☆TestFor11222024|know what
|
|t:|1743859521
|switch|p2a: Tinkaton|Tinkaton, F|100/100
|-ability|p2a: Tinkaton|Mold Breaker
|turn|3
|c|☆TestFor11222024|Go tinka
|c|☆TestFor11222024|I'll stay in
|c|☆TestFor11222024|Hit me with that hammer
|
|t:|1743859533
|move|p2a: Tinkaton|Thunder Wave|p1a: Tyranitar
|-status|p1a: Tyranitar|par
|move|p1a: Tyranitar|Knock Off|p2a: Tinkaton
|-resisted|p2a: Tinkaton
|-damage|p2a: Tinkaton|71/100
|-enditem|p2a: Tinkaton|Muscle Band|[from] move: Knock Off|[of] p1a: Tyranitar
|
|-weather|Sandstorm|[upkeep]
|upkeep
|turn|4
|
|t:|1743859550
|move|p2a: Tinkaton|Gigaton Hammer|p1a: Tyranitar
|-supereffective|p1a: Tyranitar
|-crit|p1a: Tyranitar
|-damage|p1a: Tyranitar|0 fnt
|faint|p1a: Tyranitar
|
|-weather|Sandstorm|[upkeep]
|upkeep
|
|t:|1743859556
|switch|p1a: Hoopa|Hoopa-Unbound|100/100
|turn|5
|
|t:|1743859561
|move|p2a: Tinkaton|Thunder Wave|p1a: Hoopa
|-status|p1a: Hoopa|par
|move|p1a: Hoopa|Knock Off|p2a: Tinkaton
|-resisted|p2a: Tinkaton
|-damage|p2a: Tinkaton|42/100
|
|-weather|none
|upkeep
|turn|6
|
|t:|1743859569
|move|p2a: Tinkaton|Play Rough|p1a: Hoopa
|-supereffective|p1a: Hoopa
|-damage|p1a: Hoopa|15/100 par
|cant|p1a: Hoopa|par
|
|upkeep
|turn|7
|-enditem|p1a: Hoopa|Custap Berry|[eat]
|-activate|p1a: Hoopa|item: Custap Berry|[consumed]
|
|t:|1743859578
|cant|p1a: Hoopa|par
|move|p2a: Tinkaton|Play Rough|p1a: Hoopa
|-supereffective|p1a: Hoopa
|-damage|p1a: Hoopa|0 fnt
|faint|p1a: Hoopa
|
|upkeep
|
|t:|1743859583
|switch|p1a: Iron Moth|Iron Moth|100/100
|turn|8
|
|t:|1743859589
|move|p1a: Iron Moth|Fiery Dance|p2a: Tinkaton
|-supereffective|p2a: Tinkaton
|-damage|p2a: Tinkaton|0 fnt
|faint|p2a: Tinkaton
|
|upkeep
|
|t:|1743859595
|switch|p2a: Raging Bolt|Raging Bolt|100/100
|-enditem|p2a: Raging Bolt|Booster Energy
|-activate|p2a: Raging Bolt|ability: Protosynthesis|[fromitem]
|-start|p2a: Raging Bolt|protosynthesisspa
|turn|9
|
|t:|1743859601
|move|p1a: Iron Moth|Dazzling Gleam|p2a: Raging Bolt
|-supereffective|p2a: Raging Bolt
|-damage|p2a: Raging Bolt|50/100
|move|p2a: Raging Bolt|Calm Mind|p2a: Raging Bolt
|-boost|p2a: Raging Bolt|spa|1
|-boost|p2a: Raging Bolt|spd|1
|
|upkeep
|turn|10
|
|t:|1743859609
|move|p2a: Raging Bolt|Thunderclap|p1a: Iron Moth
|-damage|p1a: Iron Moth|41/100
|move|p1a: Iron Moth|Dazzling Gleam|p2a: Raging Bolt
|-supereffective|p2a: Raging Bolt
|-damage|p2a: Raging Bolt|17/100
|
|upkeep
|turn|11
|
|t:|1743859615
|-terastallize|p1a: Iron Moth|Electric
|move|p1a: Iron Moth|Dazzling Gleam|p2a: Raging Bolt
|-supereffective|p2a: Raging Bolt
|-damage|p2a: Raging Bolt|0 fnt
|faint|p2a: Raging Bolt
|-end|p2a: Raging Bolt|Protosynthesis|[silent]
|
|upkeep
|
|t:|1743859623
|switch|p2a: Donphan|Donphan, M|100/100
|turn|12
|
|t:|1743859634
|-end|p1a: Iron Moth|Quark Drive|[silent]
|switch|p1a: Great Tusk|Great Tusk|100/100
|move|p2a: Donphan|Earthquake|p1a: Great Tusk
|-damage|p1a: Great Tusk|69/100
|
|upkeep
|turn|13
|
|t:|1743859645
|move|p1a: Great Tusk|Rapid Spin|p2a: Donphan
|-damage|p2a: Donphan|86/100
|-boost|p1a: Great Tusk|spe|1
|move|p2a: Donphan|Rapid Spin|p1a: Great Tusk
|-damage|p1a: Great Tusk|57/100
|-boost|p2a: Donphan|spe|1
|-damage|p2a: Donphan|70/100|[from] item: Rocky Helmet|[of] p1a: Great Tusk
|
|-heal|p2a: Donphan|76/100|[from] item: Leftovers
|upkeep
|turn|14
|
|t:|1743859656
|move|p1a: Great Tusk|Rapid Spin|p2a: Donphan
|-damage|p2a: Donphan|61/100
|-boost|p1a: Great Tusk|spe|1
|move|p2a: Donphan|Earthquake|p1a: Great Tusk
|-damage|p1a: Great Tusk|26/100
|
|-heal|p2a: Donphan|68/100|[from] item: Leftovers
|upkeep
|turn|15
|
|t:|1743859666
|move|p2a: Donphan|Ice Shard|p1a: Great Tusk
|-supereffective|p1a: Great Tusk
|-damage|p1a: Great Tusk|8/100
|move|p1a: Great Tusk|Ice Spinner|p2a: Donphan
|-supereffective|p2a: Donphan
|-damage|p2a: Donphan|19/100
|
|-heal|p2a: Donphan|25/100|[from] item: Leftovers
|upkeep
|turn|16
|
|t:|1743859675
|move|p2a: Donphan|Ice Shard|p1a: Great Tusk
|-supereffective|p1a: Great Tusk
|-damage|p1a: Great Tusk|0 fnt
|faint|p1a: Great Tusk
|-end|p1a: Great Tusk|Protosynthesis|[silent]
|
|-heal|p2a: Donphan|31/100|[from] item: Leftovers
|upkeep
|c|☆TestFor11222024|Use damage calc
|c|☆TestFor11222024|So you can avoid that
|
|t:|1743859685
|switch|p1a: Latias|Latias, F|100/100
|turn|17
|
|t:|1743859691
|move|p2a: Donphan|Ice Shard|p1a: Latias
|-supereffective|p1a: Latias
|-damage|p1a: Latias|67/100
|move|p1a: Latias|Healing Wish|p1a: Latias
|faint|p1a: Latias
|
|-heal|p2a: Donphan|37/100|[from] item: Leftovers
|upkeep
|
|t:|1743859692
|switch|p1a: Iron Moth|Iron Moth, tera:Electric|41/100
|-heal|p1a: Iron Moth|100/100|[from] move: Healing Wish
|turn|18
|
|t:|1743859705
|move|p1a: Iron Moth|Fiery Dance|p2a: Donphan
|-damage|p2a: Donphan|0 fnt
|-boost|p1a: Iron Moth|spa|1
|faint|p2a: Donphan
|
|upkeep
|
|t:|1743859711
|switch|p2a: Espeon|Espeon, F|100/100
|turn|19
|
|t:|1743859721
|move|p2a: Espeon|Thunder Wave|p1a: Iron Moth
|-immune|p1a: Iron Moth
|move|p1a: Iron Moth|Discharge|p2a: Espeon
|-damage|p2a: Espeon|19/100
|-status|p2a: Espeon|par
|
|upkeep
|turn|20
|l|☆GOD D DRAGON
|inactive|GOD D DRAGON disconnected and has a minute to reconnect!
|player|p2|
|inactive|GOD D DRAGON has 30 seconds to reconnect!
|inactive|GOD D DRAGON has 20 seconds to reconnect!
|inactive|GOD D DRAGON has 15 seconds to reconnect!
|inactive|GOD D DRAGON has 10 seconds to reconnect!
|inactive|GOD D DRAGON has 5 seconds to reconnect!
|-message|GOD D DRAGON lost due to inactivity.
|
|win|TestFor11222024
|raw|TestFor11222024's rating: 1342 &rarr; <strong>1365</strong><br />(+23 for winning)
|raw|GOD D DRAGON's rating: 1388 &rarr; <strong>1365</strong><br />(-23 for losing)
