|j|☆Ryu_NLF
|j|☆adci281998
|t:|1743866755
|gametype|singles
|player|p1|Ryu_NLF|lyra|1255
|player|p2|adci281998|lucas|1319
|teamsize|p1|6
|teamsize|p2|6
|gen|9
|tier|[Gen 9] OU
|rated|
|rule|HP Percentage Mod: HP is shown in percentages
|rule|Endless Battle Clause: Forcing endless battles is banned
|rule|Species Clause: Limit one of each Pokémon
|rule|OHKO Clause: OHKO moves are banned
|rule|Evasion Items Clause: Evasion items are banned
|rule|Evasion Moves Clause: Evasion moves are banned
|rule|Sleep Moves Clause: Sleep-inducing moves are banned
|clearpoke
|poke|p1|Swampert, F|
|poke|p1|Forretress, M|
|poke|p1|Chandelure, F|
|poke|p1|Trevenant, M|
|poke|p1|Salamence, M|
|poke|p1|Ribombee, M|
|poke|p2|Great Tusk|
|poke|p2|Samurott-Hisui, M|
|poke|p2|Rillaboom, M|
|poke|p2|Dragapult, M|
|poke|p2|Gholdengo|
|poke|p2|Clefable, F|
|teampreview
|
|t:|1743866766
|start
|switch|p1a: Ribombee|Ribombee, M, shiny|100/100
|switch|p2a: Great Tusk|Great Tusk|100/100
|turn|1
|inactive|Battle timer is ON: inactive players will automatically lose when time's up. (requested by adci281998)
|
|t:|1743866772
|-terastallize|p2a: Great Tusk|Water
|move|p1a: Ribombee|Moonblast|p2a: Great Tusk
|-crit|p2a: Great Tusk
|-damage|p2a: Great Tusk|21/100
|move|p2a: Great Tusk|Rapid Spin|p1a: Ribombee
|-crit|p1a: Ribombee
|-damage|p1a: Ribombee|59/100
|-boost|p2a: Great Tusk|spe|1
|
|upkeep
|turn|2
|
|t:|1743866784
|move|p2a: Great Tusk|Stealth Rock|p1a: Ribombee
|-sidestart|p1: Ryu_NLF|move: Stealth Rock
|move|p1a: Ribombee|Moonblast|p2a: Great Tusk
|-damage|p2a: Great Tusk|0 fnt
|faint|p2a: Great Tusk
|-end|p2a: Great Tusk|Protosynthesis|[silent]
|
|upkeep
|
|t:|1743866790
|switch|p2a: Dragapult|Dragapult, M|100/100
|turn|3
|
|t:|1743866798
|switch|p1a: Forretress|Forretress, M|100/100
|-damage|p1a: Forretress|88/100|[from] Stealth Rock
|move|p2a: Dragapult|Shadow Ball|p1a: Forretress
|-damage|p1a: Forretress|4/100
|
|upkeep
|turn|4
|
|t:|1743866807
|move|p2a: Dragapult|Shadow Ball|p1a: Forretress
|-damage|p1a: Forretress|0 fnt
|faint|p1a: Forretress
|
|upkeep
|
|t:|1743866814
|switch|p1a: Swampert|Swampert, F|100/100
|-damage|p1a: Swampert|94/100|[from] Stealth Rock
|turn|5
|
|t:|1743866818
|switch|p2a: Rillaboom|Rillaboom, M|100/100
|-fieldstart|move: Grassy Terrain|[from] ability: Grassy Surge|[of] p2a: Rillaboom
|move|p1a: Swampert|Knock Off|p2a: Rillaboom
|-damage|p2a: Rillaboom|79/100
|-enditem|p2a: Rillaboom|Choice Band|[from] move: Knock Off|[of] p1a: Swampert
|
|-heal|p2a: Rillaboom|85/100|[from] Grassy Terrain
|-heal|p1a: Swampert|100/100|[from] Grassy Terrain
|upkeep
|turn|6
|
|t:|1743866836
|switch|p1a: Salamence|Salamence, M|100/100
|move|p2a: Rillaboom|Knock Off|p1a: Salamence
|-damage|p1a: Salamence|57/100
|-enditem|p1a: Salamence|Heavy-Duty Boots|[from] move: Knock Off|[of] p2a: Rillaboom
|
|-heal|p2a: Rillaboom|91/100|[from] Grassy Terrain
|upkeep
|turn|7
|
|t:|1743866846
|move|p1a: Salamence|Dragon Dance|p1a: Salamence
|-boost|p1a: Salamence|atk|1
|-boost|p1a: Salamence|spe|1
|move|p2a: Rillaboom|U-turn|p1a: Salamence
|-resisted|p1a: Salamence
|-damage|p1a: Salamence|42/100
|
|t:|1743866848
|switch|p2a: Samurott|Samurott-Hisui, M|100/100|[from] U-turn
|
|upkeep
|turn|8
|
|t:|1743866855
|move|p2a: Samurott|Sucker Punch|p1a: Salamence
|-damage|p1a: Salamence|3/100
|move|p1a: Salamence|Dragon Claw|p2a: Samurott
|-damage|p2a: Samurott|17/100
|
|-heal|p2a: Samurott|23/100|[from] Grassy Terrain
|upkeep
|turn|9
|
|t:|1743866864
|move|p1a: Salamence|Dual Wingbeat|p2a: Samurott
|-damage|p2a: Samurott|0 fnt
|faint|p2a: Samurott
|-ability|p1a: Salamence|Moxie|boost
|-boost|p1a: Salamence|atk|1
|-hitcount|p2: Samurott|1
|
|-fieldend|move: Grassy Terrain
|upkeep
|
|t:|1743866866
|switch|p2a: Rillaboom|Rillaboom, M|91/100
|-fieldstart|move: Grassy Terrain|[from] ability: Grassy Surge|[of] p2a: Rillaboom
|turn|10
|
|t:|1743866875
|move|p2a: Rillaboom|Grassy Glide|p1a: Salamence
|-resisted|p1a: Salamence
|-damage|p1a: Salamence|0 fnt
|faint|p1a: Salamence
|
|-heal|p2a: Rillaboom|97/100|[from] Grassy Terrain
|upkeep
|
|t:|1743866888
|switch|p1a: Ribombee|Ribombee, M, shiny|59/100
|-damage|p1a: Ribombee|34/100|[from] Stealth Rock
|turn|11
|
|t:|1743866893
|move|p2a: Rillaboom|Grassy Glide|p1a: Ribombee
|-resisted|p1a: Ribombee
|-damage|p1a: Ribombee|0 fnt
|faint|p1a: Ribombee
|
|-heal|p2a: Rillaboom|100/100|[from] Grassy Terrain
|upkeep
|
|t:|1743866902
|switch|p1a: Trevenant|Trevenant, M, shiny|100/100
|-damage|p1a: Trevenant|88/100|[from] Stealth Rock
|turn|12
|
|t:|1743866907
|-terastallize|p1a: Trevenant|Fire
|move|p2a: Rillaboom|Knock Off|p1a: Trevenant
|-damage|p1a: Trevenant|44/100
|-enditem|p1a: Trevenant|Sitrus Berry|[from] move: Knock Off|[of] p2a: Rillaboom
|move|p1a: Trevenant|Will-O-Wisp|p2a: Rillaboom
|-status|p2a: Rillaboom|brn
|
|-heal|p1a: Trevenant|50/100|[from] Grassy Terrain
|-damage|p2a: Rillaboom|94/100 brn|[from] brn
|upkeep
|turn|13
|
|t:|1743866920
|move|p2a: Rillaboom|U-turn|p1a: Trevenant
|-resisted|p1a: Trevenant
|-damage|p1a: Trevenant|43/100
|
|t:|1743866923
|switch|p2a: Dragapult|Dragapult, M|100/100|[from] U-turn
|move|p1a: Trevenant|Phantom Force||[still]
|-prepare|p1a: Trevenant|Phantom Force
|
|upkeep
|turn|14
|
|t:|1743866930
|switch|p2a: Rillaboom|Rillaboom, M|94/100 brn
|move|p1a: Trevenant|Phantom Force|p2a: Rillaboom|[from] lockedmove
|-damage|p2a: Rillaboom|48/100 brn
|
|-heal|p2a: Rillaboom|54/100 brn|[from] Grassy Terrain
|-heal|p1a: Trevenant|49/100|[from] Grassy Terrain
|-damage|p2a: Rillaboom|48/100 brn|[from] brn
|-fieldend|move: Grassy Terrain
|upkeep
|turn|15
|
|t:|1743866944
|switch|p2a: Dragapult|Dragapult, M|100/100
|move|p1a: Trevenant|Leech Seed|p2a: Dragapult
|-start|p2a: Dragapult|move: Leech Seed
|
|-damage|p2a: Dragapult|88/100|[from] Leech Seed|[of] p1a: Trevenant
|-heal|p1a: Trevenant|60/100|[silent]
|upkeep
|turn|16
|
|t:|1743866954
|switch|p1a: Swampert|Swampert, F|100/100
|-damage|p1a: Swampert|94/100|[from] Stealth Rock
|move|p2a: Dragapult|Draco Meteor|p1a: Swampert|[miss]
|-miss|p2a: Dragapult|p1a: Swampert
|
|-heal|p1a: Swampert|100/100|[from] item: Leftovers
|-damage|p2a: Dragapult|76/100|[from] Leech Seed|[of] p1a: Swampert
|upkeep
|turn|17
|
|t:|1743866965
|switch|p2a: Clefable|Clefable, F|100/100
|move|p1a: Swampert|Stealth Rock|p2a: Clefable
|-sidestart|p2: adci281998|move: Stealth Rock
|
|upkeep
|turn|18
|
|t:|1743866972
|move|p2a: Clefable|Wish|p2a: Clefable
|move|p1a: Swampert|Knock Off|p2a: Clefable
|-resisted|p2a: Clefable
|-damage|p2a: Clefable|87/100
|-enditem|p2a: Clefable|Leftovers|[from] move: Knock Off|[of] p1a: Swampert
|
|upkeep
|turn|19
|
|t:|1743866979
|switch|p2a: Rillaboom|Rillaboom, M|48/100 brn
|-damage|p2a: Rillaboom|35/100 brn|[from] Stealth Rock
|-fieldstart|move: Grassy Terrain|[from] ability: Grassy Surge|[of] p2a: Rillaboom
|move|p1a: Swampert|Roar|p2a: Rillaboom
|drag|p2a: Clefable|Clefable, F|87/100
|
|-heal|p2a: Clefable|100/100|[from] move: Wish|[wisher] Clefable
|upkeep
|turn|20
|
|t:|1743866991
|switch|p1a: Trevenant|Trevenant, M, shiny, tera:Fire|60/100
|-damage|p1a: Trevenant|35/100|[from] Stealth Rock
|move|p2a: Clefable|Wish|p2a: Clefable
|
|-heal|p1a: Trevenant|41/100|[from] Grassy Terrain
|upkeep
|turn|21
|
|t:|1743866999
|switch|p2a: Gholdengo|Gholdengo|100/100
|-damage|p2a: Gholdengo|94/100|[from] Stealth Rock
|move|p1a: Trevenant|Horn Leech|p2a: Gholdengo
|-resisted|p2a: Gholdengo
|-damage|p2a: Gholdengo|66/100
|-heal|p1a: Trevenant|53/100|[from] drain|[of] p2a: Gholdengo
|
|-heal|p2a: Gholdengo|100/100|[from] move: Wish|[wisher] Clefable
|-heal|p1a: Trevenant|59/100|[from] Grassy Terrain
|upkeep
|turn|22
|
|t:|1743867013
|move|p2a: Gholdengo|Trick|p1a: Trevenant
|-activate|p2a: Gholdengo|move: Trick|[of] p1a: Trevenant
|-item|p1a: Trevenant|Choice Scarf|[from] move: Trick
|-enditem|p2a: Gholdengo|Choice Scarf|[silent]|[from] move: Trick
|move|p1a: Trevenant|Phantom Force||[still]
|-prepare|p1a: Trevenant|Phantom Force
|
|upkeep
|turn|23
|
|t:|1743867018
|switch|p2a: Clefable|Clefable, F|100/100
|move|p1a: Trevenant|Phantom Force|p2a: Clefable|[from] lockedmove
|-damage|p2a: Clefable|53/100
|
|-heal|p1a: Trevenant|65/100|[from] Grassy Terrain
|-heal|p2a: Clefable|59/100|[from] Grassy Terrain
|-fieldend|move: Grassy Terrain
|upkeep
|turn|24
|
|t:|1743867028
|move|p1a: Trevenant|Phantom Force||[still]
|-prepare|p1a: Trevenant|Phantom Force
|move|p2a: Clefable|Calm Mind|p2a: Clefable
|-boost|p2a: Clefable|spa|1
|-boost|p2a: Clefable|spd|1
|
|upkeep
|turn|25
|
|t:|1743867039
|move|p1a: Trevenant|Phantom Force|p2a: Clefable|[from] lockedmove
|-damage|p2a: Clefable|6/100
|move|p2a: Clefable|Wish|p2a: Clefable
|
|upkeep
|turn|26
|
|t:|1743867045
|move|p1a: Trevenant|Phantom Force||[still]
|-prepare|p1a: Trevenant|Phantom Force
|move|p2a: Clefable|Moonblast|p1a: Trevenant|[miss]
|-miss|p2a: Clefable|p1a: Trevenant
|
|-heal|p2a: Clefable|56/100|[from] move: Wish|[wisher] Clefable
|upkeep
|turn|27
|
|t:|1743867053
|move|p1a: Trevenant|Phantom Force|p2a: Clefable|[from] lockedmove
|-damage|p2a: Clefable|5/100
|move|p2a: Clefable|Moonblast|p1a: Trevenant
|-resisted|p1a: Trevenant
|-crit|p1a: Trevenant
|-damage|p1a: Trevenant|27/100
|
|upkeep
|turn|28
|
|t:|1743867066
|move|p1a: Trevenant|Phantom Force||[still]
|-prepare|p1a: Trevenant|Phantom Force
|move|p2a: Clefable|Moonblast|p1a: Trevenant|[miss]
|-miss|p2a: Clefable|p1a: Trevenant
|
|upkeep
|turn|29
|
|t:|1743867072
|move|p1a: Trevenant|Phantom Force|p2a: Clefable|[from] lockedmove
|-damage|p2a: Clefable|0 fnt
|faint|p2a: Clefable
|
|upkeep
|
|t:|1743867074
|switch|p2a: Dragapult|Dragapult, M|76/100
|-damage|p2a: Dragapult|64/100|[from] Stealth Rock
|turn|30
|
|t:|1743867080
|move|p2a: Dragapult|Shadow Ball|p1a: Trevenant
|-damage|p1a: Trevenant|0 fnt
|faint|p1a: Trevenant
|
|upkeep
|
|t:|1743867085
|switch|p1a: Swampert|Swampert, F|100/100
|-damage|p1a: Swampert|94/100|[from] Stealth Rock
|turn|31
|
|t:|1743867092
|switch|p2a: Rillaboom|Rillaboom, M|35/100 brn
|-damage|p2a: Rillaboom|23/100 brn|[from] Stealth Rock
|-fieldstart|move: Grassy Terrain|[from] ability: Grassy Surge|[of] p2a: Rillaboom
|move|p1a: Swampert|Knock Off|p2a: Rillaboom
|-damage|p2a: Rillaboom|8/100 brn
|
|-heal|p2a: Rillaboom|14/100 brn|[from] Grassy Terrain
|-heal|p1a: Swampert|100/100|[from] Grassy Terrain
|-damage|p2a: Rillaboom|8/100 brn|[from] brn
|upkeep
|turn|32
|
|t:|1743867105
|move|p2a: Rillaboom|Wood Hammer|p1a: Swampert
|-supereffective|p1a: Swampert
|-damage|p1a: Swampert|0 fnt
|faint|p1a: Swampert
|-damage|p2a: Rillaboom|0 fnt|[from] Recoil
|faint|p2a: Rillaboom
|
|upkeep
|
|t:|1743867113
|switch|p2a: Dragapult|Dragapult, M|64/100
|switch|p1a: Chandelure|Chandelure, F, shiny|100/100
|-damage|p1a: Chandelure|76/100|[from] Stealth Rock
|-damage|p2a: Dragapult|51/100|[from] Stealth Rock
|turn|33
|
|t:|1743867119
|move|p1a: Chandelure|Shadow Ball|p2a: Dragapult
|-supereffective|p2a: Dragapult
|-damage|p2a: Dragapult|0 fnt
|faint|p2a: Dragapult
|
|-heal|p1a: Chandelure|82/100|[from] Grassy Terrain
|upkeep
|
|t:|1743867126
|switch|p2a: Gholdengo|Gholdengo|100/100
|-damage|p2a: Gholdengo|94/100|[from] Stealth Rock
|turn|34
|
|t:|1743867131
|move|p1a: Chandelure|Shadow Ball|p2a: Gholdengo
|-supereffective|p2a: Gholdengo
|-damage|p2a: Gholdengo|0 fnt
|faint|p2a: Gholdengo
|
|win|Ryu_NLF
|raw|Ryu_NLF's rating: 1255 &rarr; <strong>1285</strong><br />(+30 for winning)
|raw|adci281998's rating: 1319 &rarr; <strong>1295</strong><br />(-24 for losing)
|l|☆adci281998
|player|p2|
|l|☆Ryu_NLF
|player|p1|
