|j|☆Flash Ketchup
|j|☆showup downfall
|t:|1743916725
|gametype|singles
|player|p1|Flash Ketchup|red|1138
|player|p2|showup downfall|hilbert|1143
|teamsize|p1|6
|teamsize|p2|6
|gen|9
|tier|[Gen 9] OU
|rated|
|rule|HP Percentage Mod: HP is shown in percentages
|rule|Endless Battle Clause: Forcing endless battles is banned
|rule|Species Clause: Limit one of each Pokémon
|rule|OHKO Clause: OHKO moves are banned
|rule|Evasion Items Clause: Evasion items are banned
|rule|Evasion Moves Clause: Evasion moves are banned
|rule|Sleep Moves Clause: Sleep-inducing moves are banned
|clearpoke
|poke|p1|Cloyster, F|
|poke|p1|Bellibolt, F|
|poke|p1|Whimsicott, F|
|poke|p1|Yanmega, M|
|poke|p1|Smeargle, L1, M|
|poke|p1|Blaziken, M|
|poke|p2|Samurott-Hisui, F|
|poke|p2|Mandibuzz, F|
|poke|p2|Mamoswine, F|
|poke|p2|Infernape, F|
|poke|p2|Grimmsnarl, M|
|poke|p2|Kyurem|
|teampreview
|inactive|Battle timer is ON: inactive players will automatically lose when time's up. (requested by Flash Ketchup)
|
|t:|1743916744
|start
|switch|p1a: Smeargle|Smeargle, L1, M|100/100
|switch|p2a: Infernape|Infernape, F|100/100
|turn|1
|
|t:|1743916749
|move|p2a: Infernape|U-turn|p1a: Smeargle
|-enditem|p1a: Smeargle|Focus Sash
|-damage|p1a: Smeargle|9/100
|-damage|p2a: Infernape|91/100|[from] item: Life Orb
|
|t:|1743916754
|switch|p2a: Mandibuzz|Mandibuzz, F|100/100|[from] U-turn
|move|p1a: Smeargle|Endeavor|p2a: Mandibuzz
|-damage|p2a: Mandibuzz|1/100
|
|upkeep
|turn|2
|
|t:|1743916761
|switch|p2a: Infernape|Infernape, F|91/100
|move|p1a: Smeargle|Extreme Speed|p2a: Infernape
|-damage|p2a: Infernape|90/100
|
|upkeep
|turn|3
|
|t:|1743916767
|move|p2a: Infernape|Mach Punch|p1a: Smeargle
|-supereffective|p1a: Smeargle
|-damage|p1a: Smeargle|0 fnt
|faint|p1a: Smeargle
|-damage|p2a: Infernape|80/100|[from] item: Life Orb
|
|upkeep
|
|t:|1743916777
|switch|p1a: Cloyster|Cloyster, F|100/100
|turn|4
|
|t:|1743916783
|move|p2a: Infernape|Drain Punch|p1a: Cloyster
|-supereffective|p1a: Cloyster
|-enditem|p1a: Cloyster|Focus Sash
|-damage|p1a: Cloyster|1/100
|-heal|p2a: Infernape|100/100|[from] drain|[of] p1a: Cloyster
|-damage|p2a: Infernape|91/100|[from] item: Life Orb
|move|p1a: Cloyster|Shell Smash|p1a: Cloyster
|-unboost|p1a: Cloyster|def|1
|-unboost|p1a: Cloyster|spd|1
|-boost|p1a: Cloyster|atk|2
|-boost|p1a: Cloyster|spa|2
|-boost|p1a: Cloyster|spe|2
|
|upkeep
|turn|5
|
|t:|1743916791
|move|p2a: Infernape|Mach Punch|p1a: Cloyster
|-supereffective|p1a: Cloyster
|-damage|p1a: Cloyster|0 fnt
|faint|p1a: Cloyster
|-damage|p2a: Infernape|81/100|[from] item: Life Orb
|
|upkeep
|
|t:|1743916793
|switch|p1a: Yanmega|Yanmega, M|100/100
|turn|6
|
|t:|1743916803
|switch|p2a: Mandibuzz|Mandibuzz, F|1/100
|move|p1a: Yanmega|Detect||[still]
|-fail|p1a: Yanmega
|
|-ability|p1a: Yanmega|Speed Boost|boost
|-boost|p1a: Yanmega|spe|1
|upkeep
|turn|7
|
|t:|1743916818
|move|p1a: Yanmega|Air Slash|p2a: Mandibuzz
|-damage|p2a: Mandibuzz|0 fnt
|faint|p2a: Mandibuzz
|
|-ability|p1a: Yanmega|Speed Boost|boost
|-boost|p1a: Yanmega|spe|1
|upkeep
|
|t:|1743916833
|switch|p2a: reliable|Mamoswine, F|100/100
|turn|8
|
|t:|1743916840
|move|p1a: Yanmega|Giga Drain|p2a: reliable
|-supereffective|p2a: reliable
|-damage|p2a: reliable|59/100
|move|p2a: reliable|Rock Tomb|p1a: Yanmega
|-supereffective|p1a: Yanmega
|-enditem|p1a: Yanmega|Focus Sash
|-damage|p1a: Yanmega|1/100
|-unboost|p1a: Yanmega|spe|1
|
|-ability|p1a: Yanmega|Speed Boost|boost
|-boost|p1a: Yanmega|spe|1
|upkeep
|turn|9
|inactive|showup downfall has 120 seconds left.
|
|t:|1743916872
|move|p2a: reliable|Ice Shard|p1a: Yanmega
|-supereffective|p1a: Yanmega
|-damage|p1a: Yanmega|0 fnt
|faint|p1a: Yanmega
|
|upkeep
|
|t:|1743916880
|switch|p1a: Blaziken|Blaziken, M|100/100
|turn|10
|inactive|showup downfall has 120 seconds left.
|
|t:|1743916890
|switch|p2a: Grimmsnarl|Grimmsnarl, M|100/100
|move|p1a: Blaziken|Protect||[still]
|-fail|p1a: Blaziken
|
|-ability|p1a: Blaziken|Speed Boost|boost
|-boost|p1a: Blaziken|spe|1
|upkeep
|turn|11
|
|t:|1743916899
|move|p2a: Grimmsnarl|Reflect|p2a: Grimmsnarl
|-sidestart|p2: showup downfall|Reflect
|move|p1a: Blaziken|Swords Dance|p1a: Blaziken
|-boost|p1a: Blaziken|atk|2
|
|-ability|p1a: Blaziken|Speed Boost|boost
|-boost|p1a: Blaziken|spe|1
|upkeep
|turn|12
|
|t:|1743916904
|move|p2a: Grimmsnarl|Parting Shot|p1a: Blaziken
|-unboost|p1a: Blaziken|atk|1
|-unboost|p1a: Blaziken|spa|1
|
|t:|1743916915
|switch|p2a: Samurott|Samurott-Hisui, F|100/100|[from] Parting Shot
|move|p1a: Blaziken|Swords Dance|p1a: Blaziken
|-boost|p1a: Blaziken|atk|2
|
|-ability|p1a: Blaziken|Speed Boost|boost
|-boost|p1a: Blaziken|spe|1
|upkeep
|turn|13
|
|t:|1743916922
|move|p1a: Blaziken|Close Combat|p2a: Samurott
|-supereffective|p2a: Samurott
|-damage|p2a: Samurott|0 fnt
|-unboost|p1a: Blaziken|def|1
|-unboost|p1a: Blaziken|spd|1
|faint|p2a: Samurott
|
|-ability|p1a: Blaziken|Speed Boost|boost
|-boost|p1a: Blaziken|spe|1
|upkeep
|
|t:|1743916934
|switch|p2a: Kyurem|Kyurem|100/100
|-ability|p2a: Kyurem|Pressure
|turn|14
|
|t:|1743916943
|move|p1a: Blaziken|Close Combat|p2a: Kyurem
|-supereffective|p2a: Kyurem
|-damage|p2a: Kyurem|0 fnt
|-unboost|p1a: Blaziken|def|1
|-unboost|p1a: Blaziken|spd|1
|faint|p2a: Kyurem
|
|-ability|p1a: Blaziken|Speed Boost|boost
|-boost|p1a: Blaziken|spe|1
|upkeep
|
|t:|1743916950
|switch|p2a: Infernape|Infernape, F|81/100
|turn|15
|
|t:|1743916954
|move|p2a: Infernape|Mach Punch|p1a: Blaziken
|-damage|p1a: Blaziken|1/100
|-damage|p2a: Infernape|71/100|[from] item: Life Orb
|move|p1a: Blaziken|Close Combat|p2a: Infernape
|-damage|p2a: Infernape|0 fnt
|-unboost|p1a: Blaziken|def|1
|-unboost|p1a: Blaziken|spd|1
|faint|p2a: Infernape
|
|-ability|p1a: Blaziken|Speed Boost|boost
|-boost|p1a: Blaziken|spe|1
|upkeep
|
|t:|1743916962
|switch|p2a: reliable|Mamoswine, F|59/100
|turn|16
|
|t:|1743916967
|move|p2a: reliable|Ice Shard|p1a: Blaziken
|-resisted|p1a: Blaziken
|-damage|p1a: Blaziken|0 fnt
|faint|p1a: Blaziken
|
|upkeep
|
|t:|1743916971
|switch|p1a: Bellibolt|Bellibolt, F|100/100
|turn|17
|
|t:|1743916977
|move|p2a: reliable|Icicle Crash|p1a: Bellibolt
|-damage|p1a: Bellibolt|56/100
|-start|p1a: Bellibolt|Charge|Icicle Crash|[from] ability: Electromorphosis
|move|p1a: Bellibolt|Chilling Water|p2a: reliable
|-supereffective|p2a: reliable
|-damage|p2a: reliable|29/100
|-unboost|p2a: reliable|atk|1
|
|upkeep
|turn|18
|
|t:|1743916984
|move|p2a: reliable|Earthquake|p1a: Bellibolt
|-supereffective|p1a: Bellibolt
|-damage|p1a: Bellibolt|0 fnt
|faint|p1a: Bellibolt
|
|-sideend|p2: showup downfall|Reflect
|upkeep
|
|t:|1743916996
|switch|p1a: Whimsicott|Whimsicott, F|100/100
|turn|19
|
|t:|1743916999
|move|p1a: Whimsicott|Encore|p2a: reliable
|-start|p2a: reliable|Encore
|move|p2a: reliable|Earthquake|p1a: Whimsicott
|-resisted|p1a: Whimsicott
|-damage|p1a: Whimsicott|78/100
|
|-heal|p1a: Whimsicott|84/100|[from] item: Leftovers
|upkeep
|turn|20
|l|☆Flash Ketchup
|inactive|Flash Ketchup disconnected and has a minute to reconnect!
|player|p1|
|inactive|Flash Ketchup has 30 seconds to reconnect!
|inactive|Flash Ketchup has 20 seconds to reconnect!
|inactive|Flash Ketchup has 15 seconds to reconnect!
|inactive|Flash Ketchup has 10 seconds to reconnect!
|inactive|Flash Ketchup has 5 seconds to reconnect!
|-message|Flash Ketchup lost due to inactivity.
|
|win|showup downfall
|raw|Flash Ketchup's rating: 1138 &rarr; <strong>1113</strong><br />(-25 for losing)
|raw|showup downfall's rating: 1143 &rarr; <strong>1168</strong><br />(+25 for winning)
|l|☆showup downfall
|player|p2|
