|j|☆Azamat1404
|j|☆VANYR
|t:|1743857228
|gametype|singles
|player|p1|Azamat1404|blue|1481
|player|p2|VANYR|grimsley|1502
|teamsize|p1|6
|teamsize|p2|6
|gen|9
|tier|[Gen 9] OU
|rated|
|rule|HP Percentage Mod: HP is shown in percentages
|rule|Endless Battle Clause: Forcing endless battles is banned
|rule|Species Clause: Limit one of each Pokémon
|rule|OHKO Clause: OHKO moves are banned
|rule|Evasion Items Clause: Evasion items are banned
|rule|Evasion Moves Clause: Evasion moves are banned
|rule|Sleep Moves Clause: Sleep-inducing moves are banned
|clearpoke
|poke|p1|Dragonite, M|
|poke|p1|Skarmory, M|
|poke|p1|Heatran, F|
|poke|p1|Samurott-Hisui, M|
|poke|p1|Great Tusk|
|poke|p1|Iron Valiant|
|poke|p2|Glimmora, F|
|poke|p2|Samurott-Hisui, F|
|poke|p2|Kleavor, M|
|poke|p2|Sinistcha-Masterpiece|
|poke|p2|Empoleon, F|
|poke|p2|Conkeldurr, M|
|teampreview
|
|t:|1743857245
|start
|switch|p1a: Samurott|Samurott-Hisui, M|100/100
|switch|p2a: Samurott|Samurott-Hisui, F|100/100
|turn|1
|
|t:|1743857249
|move|p1a: Samurott|Swords Dance|p1a: Samurott
|-boost|p1a: Samurott|atk|2
|move|p2a: Samurott|Ceaseless Edge|p1a: Samurott
|-resisted|p1a: Samurott
|-damage|p1a: Samurott|62/100
|-sidestart|p1: Azamat1404|Spikes
|
|-heal|p1a: Samurott|68/100|[from] item: Leftovers
|upkeep
|turn|2
|inactive|Battle timer is ON: inactive players will automatically lose when time's up. (requested by VANYR)
|
|t:|1743857254
|move|p1a: Samurott|Ceaseless Edge|p2a: Samurott
|-resisted|p2a: Samurott
|-damage|p2a: Samurott|52/100
|-sidestart|p2: VANYR|Spikes
|move|p2a: Samurott|Ceaseless Edge|p1a: Samurott|[miss]
|-miss|p2a: Samurott|p1a: Samurott
|
|-heal|p1a: Samurott|74/100|[from] item: Leftovers
|upkeep
|turn|3
|
|t:|1743857259
|move|p1a: Samurott|Ceaseless Edge|p2a: Samurott
|-resisted|p2a: Samurott
|-damage|p2a: Samurott|6/100
|-sidestart|p2: VANYR|Spikes
|move|p2a: Samurott|Ceaseless Edge|p1a: Samurott
|-resisted|p1a: Samurott
|-damage|p1a: Samurott|37/100
|-sidestart|p1: Azamat1404|Spikes
|
|-heal|p1a: Samurott|43/100|[from] item: Leftovers
|upkeep
|turn|4
|
|t:|1743857266
|move|p1a: Samurott|Ceaseless Edge|p2a: Samurott
|-resisted|p2a: Samurott
|-damage|p2a: Samurott|0 fnt
|-sidestart|p2: VANYR|Spikes
|faint|p2a: Samurott
|
|-heal|p1a: Samurott|49/100|[from] item: Leftovers
|upkeep
|
|t:|1743857268
|switch|p2a: Conkeldurr|Conkeldurr, M|100/100
|-damage|p2a: Conkeldurr|76/100|[from] Spikes
|turn|5
|
|t:|1743857279
|switch|p1a: Great Tusk|Great Tusk|100/100
|move|p2a: Conkeldurr|Drain Punch|p1a: Great Tusk
|-damage|p1a: Great Tusk|71/100
|-heal|p2a: Conkeldurr|94/100|[from] drain|[of] p1a: Great Tusk
|
|upkeep
|turn|6
|
|t:|1743857286
|move|p1a: Great Tusk|Rapid Spin|p2a: Conkeldurr
|-damage|p2a: Conkeldurr|82/100
|-boost|p1a: Great Tusk|spe|1
|-sideend|p1: Azamat1404|Spikes|[from] move: Rapid Spin|[of] p1a: Great Tusk
|move|p2a: Conkeldurr|Knock Off|p1a: Great Tusk
|-resisted|p1a: Great Tusk
|-damage|p1a: Great Tusk|62/100
|-enditem|p1a: Great Tusk|Heavy-Duty Boots|[from] move: Knock Off|[of] p2a: Conkeldurr
|
|upkeep
|turn|7
|
|t:|1743857292
|move|p1a: Great Tusk|Knock Off|p2a: Conkeldurr
|-resisted|p2a: Conkeldurr
|-damage|p2a: Conkeldurr|71/100
|-enditem|p2a: Conkeldurr|Punching Glove|[from] move: Knock Off|[of] p1a: Great Tusk
|move|p2a: Conkeldurr|Drain Punch|p1a: Great Tusk
|-crit|p1a: Great Tusk
|-damage|p1a: Great Tusk|23/100
|-heal|p2a: Conkeldurr|95/100|[from] drain|[of] p1a: Great Tusk
|
|upkeep
|turn|8
|
|t:|1743857306
|-end|p1a: Great Tusk|Protosynthesis|[silent]
|switch|p1a: Skarmory|Skarmory, M|100/100
|move|p2a: Conkeldurr|Ice Punch|p1a: Skarmory
|-damage|p1a: Skarmory|77/100
|-damage|p2a: Conkeldurr|79/100|[from] item: Rocky Helmet|[of] p1a: Skarmory
|
|upkeep
|turn|9
|
|t:|1743857312
|move|p1a: Skarmory|Stealth Rock|p2a: Conkeldurr
|-sidestart|p2: VANYR|move: Stealth Rock
|move|p2a: Conkeldurr|Knock Off|p1a: Skarmory
|-damage|p1a: Skarmory|56/100
|-damage|p2a: Conkeldurr|62/100|[from] item: Rocky Helmet|[of] p1a: Skarmory
|-enditem|p1a: Skarmory|Rocky Helmet|[from] move: Knock Off|[of] p2a: Conkeldurr
|
|upkeep
|turn|10
|
|t:|1743857317
|move|p1a: Skarmory|Brave Bird|p2a: Conkeldurr
|-supereffective|p2a: Conkeldurr
|-damage|p2a: Conkeldurr|8/100
|-damage|p1a: Skarmory|37/100|[from] Recoil
|move|p2a: Conkeldurr|Thunder Punch|p1a: Skarmory
|-supereffective|p1a: Skarmory
|-damage|p1a: Skarmory|0 fnt
|faint|p1a: Skarmory
|
|upkeep
|
|t:|1743857331
|switch|p1a: Dragonite|Dragonite, M|100/100
|turn|11
|
|t:|1743857334
|move|p1a: Dragonite|Extreme Speed|p2a: Conkeldurr
|-damage|p2a: Conkeldurr|0 fnt
|faint|p2a: Conkeldurr
|
|upkeep
|
|t:|1743857343
|switch|p2a: Glimmora|Glimmora, F|100/100
|-damage|p2a: Glimmora|76/100|[from] Spikes
|-damage|p2a: Glimmora|63/100|[from] Stealth Rock
|turn|12
|
|t:|1743857349
|switch|p1a: Heatran|Heatran, F|100/100
|move|p2a: Glimmora|Earth Power|p1a: Heatran
|-supereffective|p1a: Heatran
|-damage|p1a: Heatran|37/100
|-unboost|p1a: Heatran|spd|1
|
|-heal|p2a: Glimmora|69/100|[from] item: Black Sludge
|-heal|p1a: Heatran|44/100|[from] item: Leftovers
|upkeep
|turn|13
|
|t:|1743857357
|move|p2a: Glimmora|Earth Power|p1a: Heatran
|-supereffective|p1a: Heatran
|-damage|p1a: Heatran|0 fnt
|faint|p1a: Heatran
|
|-heal|p2a: Glimmora|76/100|[from] item: Black Sludge
|upkeep
|
|t:|1743857361
|switch|p1a: Iron Valiant|Iron Valiant|100/100
|-enditem|p1a: Iron Valiant|Booster Energy
|-activate|p1a: Iron Valiant|ability: Quark Drive|[fromitem]
|-start|p1a: Iron Valiant|quarkdrivespe
|turn|14
|
|t:|1743857365
|move|p1a: Iron Valiant|Encore|p2a: Glimmora
|-start|p2a: Glimmora|Encore
|move|p2a: Glimmora|Earth Power|p1a: Iron Valiant
|-damage|p1a: Iron Valiant|56/100
|
|-heal|p2a: Glimmora|82/100|[from] item: Black Sludge
|upkeep
|turn|15
|
|t:|1743857369
|move|p1a: Iron Valiant|Calm Mind|p1a: Iron Valiant
|-boost|p1a: Iron Valiant|spa|1
|-boost|p1a: Iron Valiant|spd|1
|move|p2a: Glimmora|Earth Power|p1a: Iron Valiant
|-damage|p1a: Iron Valiant|27/100
|
|-heal|p2a: Glimmora|88/100|[from] item: Black Sludge
|upkeep
|turn|16
|
|t:|1743857373
|move|p1a: Iron Valiant|Shadow Ball|p2a: Glimmora
|-damage|p2a: Glimmora|60/100
|move|p2a: Glimmora|Earth Power|p1a: Iron Valiant
|-damage|p1a: Iron Valiant|0 fnt
|faint|p1a: Iron Valiant
|-end|p1a: Iron Valiant|Quark Drive|[silent]
|
|-heal|p2a: Glimmora|66/100|[from] item: Black Sludge
|-end|p2a: Glimmora|Encore
|upkeep
|
|t:|1743857381
|switch|p1a: Samurott|Samurott-Hisui, M|49/100
|turn|17
|
|t:|1743857385
|move|p1a: Samurott|Encore|p2a: Glimmora
|-start|p2a: Glimmora|Encore
|move|p2a: Glimmora|Earth Power|p1a: Samurott
|-damage|p1a: Samurott|10/100
|
|-heal|p1a: Samurott|16/100|[from] item: Leftovers
|-heal|p2a: Glimmora|72/100|[from] item: Black Sludge
|upkeep
|turn|18
|
|t:|1743857389
|move|p1a: Samurott|Ceaseless Edge|p2a: Glimmora|[miss]
|-miss|p1a: Samurott|p2a: Glimmora
|move|p2a: Glimmora|Earth Power|p1a: Samurott
|-damage|p1a: Samurott|0 fnt
|faint|p1a: Samurott
|
|-heal|p2a: Glimmora|79/100|[from] item: Black Sludge
|upkeep
|
|t:|1743857391
|switch|p1a: Dragonite|Dragonite, M|100/100
|turn|19
|
|t:|1743857394
|switch|p2a: Sinistcha|Sinistcha-Masterpiece|100/100
|-damage|p2a: Sinistcha|76/100|[from] Spikes
|-damage|p2a: Sinistcha|63/100|[from] Stealth Rock
|move|p1a: Dragonite|Dragon Dance|p1a: Dragonite
|-boost|p1a: Dragonite|atk|1
|-boost|p1a: Dragonite|spe|1
|
|-heal|p2a: Sinistcha|69/100|[from] item: Leftovers
|upkeep
|turn|20
|
|t:|1743857401
|move|p2a: Sinistcha|Strength Sap|p1a: Dragonite
|-unboost|p1a: Dragonite|atk|1
|-heal|p2a: Sinistcha|100/100
|move|p1a: Dragonite|Dragon Tail|p2a: Sinistcha
|-damage|p2a: Sinistcha|77/100
|drag|p2a: Kleavor|Kleavor, M|100/100
|-damage|p2a: Kleavor|75/100|[from] Spikes
|-damage|p2a: Kleavor|50/100|[from] Stealth Rock
|
|upkeep
|turn|21
|
|t:|1743857412
|move|p1a: Dragonite|Dragon Dance|p1a: Dragonite
|-boost|p1a: Dragonite|atk|1
|-boost|p1a: Dragonite|spe|1
|move|p2a: Kleavor|Aerial Ace|p1a: Dragonite
|-damage|p1a: Dragonite|78/100
|
|-heal|p1a: Dragonite|84/100|[from] item: Leftovers
|upkeep
|turn|22
|
|t:|1743857426
|-terastallize|p1a: Dragonite|Normal
|move|p1a: Dragonite|Dragon Dance|p1a: Dragonite
|-boost|p1a: Dragonite|atk|1
|-boost|p1a: Dragonite|spe|1
|move|p2a: Kleavor|Aerial Ace|p1a: Dragonite
|-damage|p1a: Dragonite|36/100
|
|-heal|p1a: Dragonite|42/100|[from] item: Leftovers
|upkeep
|turn|23
|
|t:|1743857433
|move|p1a: Dragonite|Roost|p1a: Dragonite
|-heal|p1a: Dragonite|92/100
|move|p2a: Kleavor|Aerial Ace|p1a: Dragonite
|-damage|p1a: Dragonite|47/100
|
|-heal|p1a: Dragonite|53/100|[from] item: Leftovers
|upkeep
|turn|24
|
|t:|1743857437
|switch|p2a: Sinistcha|Sinistcha-Masterpiece|77/100
|-damage|p2a: Sinistcha|52/100|[from] Spikes
|-damage|p2a: Sinistcha|40/100|[from] Stealth Rock
|move|p1a: Dragonite|Roost|p1a: Dragonite
|-heal|p1a: Dragonite|100/100
|
|-heal|p2a: Sinistcha|46/100|[from] item: Leftovers
|upkeep
|turn|25
|
|t:|1743857439
|move|p2a: Sinistcha|Strength Sap|p1a: Dragonite
|-unboost|p1a: Dragonite|atk|1
|-heal|p2a: Sinistcha|100/100
|move|p1a: Dragonite|Dragon Tail|p2a: Sinistcha
|-damage|p2a: Sinistcha|61/100
|drag|p2a: Glimmora|Glimmora, F|79/100
|-damage|p2a: Glimmora|54/100|[from] Spikes
|-damage|p2a: Glimmora|41/100|[from] Stealth Rock
|
|-heal|p2a: Glimmora|48/100|[from] item: Black Sludge
|upkeep
|turn|26
|j| xRaekwon
|l| xRaekwon
|
|t:|1743857452
|move|p2a: Glimmora|Mortal Spin|p1a: Dragonite
|-damage|p1a: Dragonite|98/100
|-status|p1a: Dragonite|psn
|-sideend|p2: VANYR|Spikes|[from] move: Mortal Spin|[of] p2a: Glimmora
|-sideend|p2: VANYR|Stealth Rock|[from] move: Mortal Spin|[of] p2a: Glimmora
|move|p1a: Dragonite|Dragon Tail|p2a: Glimmora|[miss]
|-miss|p1a: Dragonite|p2a: Glimmora
|
|-heal|p1a: Dragonite|100/100 psn|[from] item: Leftovers
|-heal|p2a: Glimmora|54/100|[from] item: Black Sludge
|-damage|p1a: Dragonite|88/100 psn|[from] psn
|upkeep
|turn|27
|c|☆VANYR|what a set
|-message|Azamat1404 forfeited.
|
|win|VANYR
|raw|Azamat1404's rating: 1481 &rarr; <strong>1462</strong><br />(-19 for losing)
|raw|VANYR's rating: 1502 &rarr; <strong>1521</strong><br />(+19 for winning)
|l|☆Azamat1404
|player|p1|
|l|☆VANYR
|player|p2|
