|badge|p1|bronze|gen9lc|100-5
|uhtml|medal-msg|<div class="broadcast-blue">Curious what those medals under the avatar are? PS now has Ladder Seasons! For more information, check out the <a href="https://www.smogon.com/forums/threads/3740067/">thread on Smogon.</a></div>
|j|☆Zerotti
|j|☆Genarf
|t:|1743824695
|gametype|singles
|player|p1|Zerotti|#dwcopiv|1551
|player|p2|Genarf|clive-v|1523
|teamsize|p1|6
|teamsize|p2|6
|gen|9
|tier|[Gen 9] OU
|rated|
|rule|HP Percentage Mod: HP is shown in percentages
|rule|Endless Battle Clause: Forcing endless battles is banned
|rule|Species Clause: Limit one of each Pokémon
|rule|OHKO Clause: OHKO moves are banned
|rule|Evasion Items Clause: Evasion items are banned
|rule|Evasion Moves Clause: Evasion moves are banned
|rule|Sleep Moves Clause: Sleep-inducing moves are banned
|clearpoke
|poke|p1|Moltres-Galar|
|poke|p1|Great Tusk|
|poke|p1|Pecharunt|
|poke|p1|Kingambit, F|
|poke|p1|Araquanid, F|
|poke|p1|Iron Valiant|
|poke|p2|Dragonite, F|
|poke|p2|Ting-Lu|
|poke|p2|Iron Moth|
|poke|p2|Iron Valiant|
|poke|p2|Kyurem|
|poke|p2|Gholdengo|
|teampreview
|inactive|Battle timer is ON: inactive players will automatically lose when time's up. (requested by Zerotti)
|
|t:|1743824717
|start
|switch|p1a: Araquanid|Araquanid, F|100/100
|switch|p2a: Kyurem|Kyurem|100/100
|-ability|p2a: Kyurem|Pressure
|turn|1
|
|t:|1743824727
|move|p2a: Kyurem|Dragon Dance|p2a: Kyurem
|-boost|p2a: Kyurem|atk|1
|-boost|p2a: Kyurem|spe|1
|move|p1a: Araquanid|Sticky Web|p2a: Kyurem
|-sidestart|p2: Genarf|move: Sticky Web
|
|upkeep
|turn|2
|
|t:|1743824733
|switch|p1a: Kingambit|Kingambit, F|100/100
|move|p2a: Kyurem|Dragon Dance|p2a: Kyurem
|-boost|p2a: Kyurem|atk|1
|-boost|p2a: Kyurem|spe|1
|
|upkeep
|turn|3
|
|t:|1743824741
|-terastallize|p2a: Kyurem|Fire
|move|p2a: Kyurem|Tera Blast|p1a: Kingambit|[anim] Tera Blast Fire
|-supereffective|p1a: Kingambit
|-damage|p1a: Kingambit|0 fnt
|faint|p1a: Kingambit
|
|upkeep
|j| bikingtotop100
|
|t:|1743824764
|switch|p1a: Iron Valiant|Iron Valiant|100/100
|-enditem|p1a: Iron Valiant|Booster Energy
|-activate|p1a: Iron Valiant|ability: Quark Drive|[fromitem]
|-start|p1a: Iron Valiant|quarkdrivespe
|turn|4
|l| bikingtotop100
|
|t:|1743824770
|-terastallize|p1a: Iron Valiant|Steel
|move|p2a: Kyurem|Icicle Spear|p1a: Iron Valiant
|-resisted|p1a: Iron Valiant
|-damage|p1a: Iron Valiant|83/100
|-resisted|p1a: Iron Valiant
|-crit|p1a: Iron Valiant
|-damage|p1a: Iron Valiant|55/100
|-resisted|p1a: Iron Valiant
|-damage|p1a: Iron Valiant|37/100
|-resisted|p1a: Iron Valiant
|-damage|p1a: Iron Valiant|17/100
|-resisted|p1a: Iron Valiant
|-damage|p1a: Iron Valiant|0 fnt
|faint|p1a: Iron Valiant
|-end|p1a: Iron Valiant|Quark Drive|[silent]
|-hitcount|p1: Iron Valiant|5
|
|upkeep
|
|t:|1743824776
|switch|p1a: Araquanid|Araquanid, F|100/100
|turn|5
|
|t:|1743824784
|move|p1a: Araquanid|Endure|p1a: Araquanid
|-singleturn|p1a: Araquanid|move: Endure
|move|p2a: Kyurem|Scale Shot|p1a: Araquanid
|-damage|p1a: Araquanid|73/100
|-damage|p1a: Araquanid|44/100
|-damage|p1a: Araquanid|15/100
|-activate|p1a: Araquanid|move: Endure
|-damage|p1a: Araquanid|1/100
|-hitcount|p1a: Araquanid|4
|-unboost|p2a: Kyurem|def|1
|-boost|p2a: Kyurem|spe|1
|
|upkeep
|turn|6
|-enditem|p1a: Araquanid|Custap Berry|[eat]
|-activate|p1a: Araquanid|item: Custap Berry|[consumed]
|
|t:|1743824802
|move|p1a: Araquanid|Surf|p2a: Kyurem
|-supereffective|p2a: Kyurem
|-damage|p2a: Kyurem|1/100
|move|p2a: Kyurem|Icicle Spear|p1a: Araquanid
|-resisted|p1a: Araquanid
|-damage|p1a: Araquanid|0 fnt
|faint|p1a: Araquanid
|-hitcount|p1: Araquanid|1
|
|upkeep
|
|t:|1743824807
|switch|p1a: Pecharunt|Pecharunt|100/100
|-item|p1a: Pecharunt|Air Balloon
|turn|7
|
|t:|1743824812
|move|p2a: Kyurem|Icicle Spear|p1a: Pecharunt
|-damage|p1a: Pecharunt|79/100
|-enditem|p1a: Pecharunt|Air Balloon
|-damage|p1a: Pecharunt|60/100
|-damage|p1a: Pecharunt|38/100
|-damage|p1a: Pecharunt|17/100
|-hitcount|p1a: Pecharunt|4
|move|p1a: Pecharunt|Malignant Chain|p2a: Kyurem
|-damage|p2a: Kyurem|0 fnt
|faint|p2a: Kyurem
|
|upkeep
|
|t:|1743824826
|switch|p2a: Dragonite|Dragonite, F, shiny|100/100
|turn|8
|
|t:|1743824836
|move|p1a: Pecharunt|Malignant Chain|p2a: Dragonite
|-damage|p2a: Dragonite|79/100
|move|p2a: Dragonite|Dragon Dance|p2a: Dragonite
|-boost|p2a: Dragonite|atk|1
|-boost|p2a: Dragonite|spe|1
|
|upkeep
|turn|9
|
|t:|1743824843
|move|p2a: Dragonite|Earthquake|p1a: Pecharunt
|-supereffective|p1a: Pecharunt
|-damage|p1a: Pecharunt|0 fnt
|faint|p1a: Pecharunt
|
|upkeep
|
|t:|1743824847
|switch|p1a: Great Tusk|Great Tusk|100/100
|-enditem|p1a: Great Tusk|Booster Energy
|-activate|p1a: Great Tusk|ability: Protosynthesis|[fromitem]
|-start|p1a: Great Tusk|protosynthesisatk
|turn|10
|
|t:|1743824853
|move|p2a: Dragonite|Ice Spinner|p1a: Great Tusk
|-supereffective|p1a: Great Tusk
|-damage|p1a: Great Tusk|37/100
|move|p1a: Great Tusk|Ice Spinner|p2a: Dragonite
|-supereffective|p2a: Dragonite
|-damage|p2a: Dragonite|0 fnt
|faint|p2a: Dragonite
|
|upkeep
|
|t:|1743824859
|switch|p2a: Ting-Lu|Ting-Lu|100/100
|-activate|p2a: Ting-Lu|move: Sticky Web
|-unboost|p2a: Ting-Lu|spe|1
|-ability|p2a: Ting-Lu|Vessel of Ruin
|turn|11
|
|t:|1743824865
|move|p1a: Great Tusk|Ice Spinner|p2a: Ting-Lu
|-supereffective|p2a: Ting-Lu
|-damage|p2a: Ting-Lu|60/100
|-damage|p1a: Great Tusk|20/100|[from] item: Rocky Helmet|[of] p2a: Ting-Lu
|move|p2a: Ting-Lu|Earthquake|p1a: Great Tusk
|-damage|p1a: Great Tusk|0 fnt
|faint|p1a: Great Tusk
|-end|p1a: Great Tusk|Protosynthesis|[silent]
|
|upkeep
|
|t:|1743824871
|switch|p1a: Moltres|Moltres-Galar|100/100
|turn|12
|
|t:|1743824876
|move|p1a: Moltres|Nasty Plot|p1a: Moltres
|-boost|p1a: Moltres|spa|2
|move|p2a: Ting-Lu|Taunt|p1a: Moltres
|-start|p1a: Moltres|move: Taunt
|
|upkeep
|turn|13
|
|t:|1743824887
|move|p1a: Moltres|Hurricane|p2a: Ting-Lu
|-damage|p2a: Ting-Lu|0 fnt
|faint|p2a: Ting-Lu
|
|upkeep
|
|t:|1743824890
|switch|p2a: Ferropolilla|Iron Moth|100/100
|-activate|p2a: Ferropolilla|move: Sticky Web
|-unboost|p2a: Ferropolilla|spe|1
|-enditem|p2a: Ferropolilla|Booster Energy
|-activate|p2a: Ferropolilla|ability: Quark Drive|[fromitem]
|-start|p2a: Ferropolilla|quarkdrivespa
|turn|14
|
|t:|1743824903
|move|p2a: Ferropolilla|Fiery Dance|p1a: Moltres
|-damage|p1a: Moltres|64/100
|move|p1a: Moltres|Fiery Wrath|p2a: Ferropolilla
|-damage|p2a: Ferropolilla|17/100
|
|upkeep
|turn|15
|
|t:|1743824913
|move|p2a: Ferropolilla|Dazzling Gleam|p1a: Moltres
|-supereffective|p1a: Moltres
|-damage|p1a: Moltres|16/100
|-ability|p1a: Moltres|Berserk|boost
|-boost|p1a: Moltres|spa|1
|-enditem|p1a: Moltres|Sitrus Berry|[eat]
|-heal|p1a: Moltres|41/100|[from] item: Sitrus Berry
|move|p1a: Moltres|Fiery Wrath|p2a: Ferropolilla
|-damage|p2a: Ferropolilla|0 fnt
|faint|p2a: Ferropolilla
|-end|p2a: Ferropolilla|Quark Drive|[silent]
|
|-end|p1a: Moltres|move: Taunt
|upkeep
|
|t:|1743824923
|switch|p2a: Ferropaladín|Iron Valiant, shiny|100/100
|-activate|p2a: Ferropaladín|move: Sticky Web
|-unboost|p2a: Ferropaladín|spe|1
|-enditem|p2a: Ferropaladín|Booster Energy
|-activate|p2a: Ferropaladín|ability: Quark Drive|[fromitem]
|-start|p2a: Ferropaladín|quarkdriveatk
|turn|16
|
|t:|1743824930
|move|p2a: Ferropaladín|Close Combat|p1a: Moltres
|-damage|p1a: Moltres|0 fnt
|-unboost|p2a: Ferropaladín|def|1
|-unboost|p2a: Ferropaladín|spd|1
|faint|p1a: Moltres
|
|win|Genarf
|raw|Zerotti's rating: 1551 &rarr; <strong>1529</strong><br />(-22 for losing)
|raw|Genarf's rating: 1523 &rarr; <strong>1545</strong><br />(+22 for winning)
|c|☆Genarf|That taunt won me the game
|c|☆Genarf|awesom
