|j|☆Best pokemon names
|j|☆mahardikafirdaus7
|t:|1743811105
|gametype|singles
|player|p1|Best pokemon names|battlegirl-gen4|1366
|player|p2|mahardikafirdaus7|hugh|1379
|teamsize|p1|6
|teamsize|p2|6
|gen|9
|tier|[Gen 9] OU
|rated|
|rule|HP Percentage Mod: HP is shown in percentages
|rule|Endless Battle Clause: Forcing endless battles is banned
|rule|Species Clause: Limit one of each Pokémon
|rule|OHKO Clause: OHKO moves are banned
|rule|Evasion Items Clause: Evasion items are banned
|rule|Evasion Moves Clause: Evasion moves are banned
|rule|Sleep Moves Clause: Sleep-inducing moves are banned
|clearpoke
|poke|p1|Raging Bolt|
|poke|p1|Ogerpon-Wellspring, F|
|poke|p1|Enamorus, F|
|poke|p1|Ting-Lu|
|poke|p1|Slowking-Galar, M|
|poke|p1|Zamazenta-*|
|poke|p2|Araquanid, M|
|poke|p2|Raging Bolt|
|poke|p2|Iron Moth|
|poke|p2|Great Tusk|
|poke|p2|Gholdengo|
|poke|p2|Kingambit, M|
|teampreview
|inactive|Battle timer is ON: inactive players will automatically lose when time's up. (requested by mahardikafirdaus7)
|
|t:|1743811122
|start
|switch|p1a: Roaring Bolt|Raging Bolt|100/100
|switch|p2a: Araquanid|Araquanid, M|100/100
|turn|1
|
|t:|1743811126
|move|p1a: Roaring Bolt|Discharge|p2a: Araquanid
|-supereffective|p2a: Araquanid
|-damage|p2a: Araquanid|34/100
|-status|p2a: Araquanid|par
|cant|p2a: Araquanid|par
|
|upkeep
|turn|2
|
|t:|1743811133
|move|p1a: Roaring Bolt|Draco Meteor|p2a: Araquanid
|-crit|p2a: Araquanid
|-damage|p2a: Araquanid|0 fnt
|-unboost|p1a: Roaring Bolt|spa|2
|faint|p2a: Araquanid
|
|upkeep
|c|☆mahardikafirdaus7|Cmon
|c|☆Best pokemon names|hehe
|inactive|mahardikafirdaus7 has 120 seconds left.
|
|t:|1743811179
|switch|p2a: Gholdengo|Gholdengo|100/100
|-item|p2a: Gholdengo|Air Balloon
|turn|3
|
|t:|1743811186
|-end|p1a: Roaring Bolt|Protosynthesis|[silent]
|switch|p1a: Thesian Vessel|Ting-Lu|100/100
|-ability|p1a: Thesian Vessel|Vessel of Ruin
|move|p2a: Gholdengo|Nasty Plot|p2a: Gholdengo
|-boost|p2a: Gholdengo|spa|2
|
|upkeep
|turn|4
|
|t:|1743811190
|-terastallize|p2a: Gholdengo|Fairy
|move|p2a: Gholdengo|Dazzling Gleam|p1a: Thesian Vessel
|-supereffective|p1a: Thesian Vessel
|-damage|p1a: Thesian Vessel|10/100
|move|p1a: Thesian Vessel|Whirlwind|p2a: Gholdengo
|-immune|p2a: Gholdengo|[from] ability: Good as Gold
|
|-heal|p1a: Thesian Vessel|16/100|[from] item: Leftovers
|upkeep
|turn|5
|c|☆Best pokemon names|oops
|
|t:|1743811201
|switch|p1a: Now You See Me|Slowking-Galar, M, shiny|100/100
|move|p2a: Gholdengo|Dazzling Gleam|p1a: Now You See Me
|-resisted|p1a: Now You See Me
|-damage|p1a: Now You See Me|76/100
|
|upkeep
|turn|6
|
|t:|1743811207
|move|p2a: Gholdengo|Shadow Ball|p1a: Now You See Me
|-supereffective|p1a: Now You See Me
|-damage|p1a: Now You See Me|0 fnt
|faint|p1a: Now You See Me
|
|upkeep
|
|t:|1743811216
|switch|p1a: Ogerpon|Ogerpon-Wellspring, F|100/100
|turn|7
|
|t:|1743811241
|-terastallize|p1a: Ogerpon|Water
|detailschange|p1a: Ogerpon|Ogerpon-Wellspring-Tera, F, tera:Water
|-ability|p1a: Ogerpon|Embody Aspect (Wellspring)|boost
|-boost|p1a: Ogerpon|spd|1
|move|p1a: Ogerpon|Swords Dance|p1a: Ogerpon
|-boost|p1a: Ogerpon|atk|2
|move|p2a: Gholdengo|Shadow Ball|p1a: Ogerpon
|-damage|p1a: Ogerpon|31/100
|-unboost|p1a: Ogerpon|spd|1
|
|upkeep
|turn|8
|
|t:|1743811254
|move|p1a: Ogerpon|Ivy Cudgel|p2a: Gholdengo|[anim] Ivy Cudgel Water
|-damage|p2a: Gholdengo|0 fnt
|-enditem|p2a: Gholdengo|Air Balloon
|faint|p2a: Gholdengo
|
|upkeep
|inactive|mahardikafirdaus7 has 120 seconds left.
|
|t:|1743811270
|switch|p2a: Iron Moth|Iron Moth|100/100
|-enditem|p2a: Iron Moth|Booster Energy
|-activate|p2a: Iron Moth|ability: Quark Drive|[fromitem]
|-start|p2a: Iron Moth|quarkdrivespa
|turn|9
|
|t:|1743811276
|move|p2a: Iron Moth|Sludge Wave|p1a: Ogerpon
|-damage|p1a: Ogerpon|0 fnt
|faint|p1a: Ogerpon
|
|upkeep
|
|t:|1743811286
|switch|p1a: Roaring Bolt|Raging Bolt|100/100
|turn|10
|
|t:|1743811293
|move|p2a: Iron Moth|Dazzling Gleam|p1a: Roaring Bolt
|-supereffective|p1a: Roaring Bolt
|-damage|p1a: Roaring Bolt|36/100
|move|p1a: Roaring Bolt|Draco Meteor|p2a: Iron Moth
|-damage|p2a: Iron Moth|20/100
|-unboost|p1a: Roaring Bolt|spa|2
|
|-heal|p1a: Roaring Bolt|42/100|[from] item: Leftovers
|upkeep
|turn|11
|
|t:|1743811303
|-end|p1a: Roaring Bolt|Protosynthesis|[silent]
|switch|p1a: Thesian Vessel|Ting-Lu|16/100
|-ability|p1a: Thesian Vessel|Vessel of Ruin
|move|p2a: Iron Moth|Dazzling Gleam|p1a: Thesian Vessel
|-supereffective|p1a: Thesian Vessel
|-damage|p1a: Thesian Vessel|0 fnt
|faint|p1a: Thesian Vessel
|
|upkeep
|
|t:|1743811305
|switch|p1a: Raging Moon|Enamorus, F|100/100
|turn|12
|
|t:|1743811313
|move|p1a: Raging Moon|Earth Power|p2a: Iron Moth
|-supereffective|p2a: Iron Moth
|-damage|p2a: Iron Moth|0 fnt
|faint|p2a: Iron Moth
|-end|p2a: Iron Moth|Quark Drive|[silent]
|
|upkeep
|
|t:|1743811323
|switch|p2a: Great Tusk|Great Tusk|100/100
|-enditem|p2a: Great Tusk|Booster Energy
|-activate|p2a: Great Tusk|ability: Protosynthesis|[fromitem]
|-start|p2a: Great Tusk|protosynthesisatk
|turn|13
|
|t:|1743811332
|switch|p1a: Roaring Bolt|Raging Bolt|42/100
|move|p2a: Great Tusk|Rapid Spin|p1a: Roaring Bolt
|-damage|p1a: Roaring Bolt|23/100
|-boost|p2a: Great Tusk|spe|1
|
|-heal|p1a: Roaring Bolt|29/100|[from] item: Leftovers
|upkeep
|turn|14
|
|t:|1743811340
|move|p2a: Great Tusk|Ice Spinner|p1a: Roaring Bolt
|-supereffective|p1a: Roaring Bolt
|-damage|p1a: Roaring Bolt|0 fnt
|faint|p1a: Roaring Bolt
|-end|p1a: Roaring Bolt|Protosynthesis|[silent]
|
|upkeep
|
|t:|1743811342
|switch|p1a: Raging Moon|Enamorus, F|100/100
|turn|15
|
|t:|1743811350
|move|p1a: Raging Moon|Moonblast|p2a: Great Tusk
|-supereffective|p2a: Great Tusk
|-damage|p2a: Great Tusk|0 fnt
|faint|p2a: Great Tusk
|-end|p2a: Great Tusk|Protosynthesis|[silent]
|
|upkeep
|
|t:|1743811359
|switch|p2a: Raging Bolt|Raging Bolt|100/100
|-enditem|p2a: Raging Bolt|Booster Energy
|-activate|p2a: Raging Bolt|ability: Protosynthesis|[fromitem]
|-start|p2a: Raging Bolt|protosynthesisspa
|turn|16
|
|t:|1743811367
|move|p2a: Raging Bolt|Thunderclap|p1a: Raging Moon
|-supereffective|p1a: Raging Moon
|-damage|p1a: Raging Moon|0 fnt
|faint|p1a: Raging Moon
|
|upkeep
|
|t:|1743811369
|switch|p1a: Zaza|Zamazenta|100/100
|-ability|p1a: Zaza|Dauntless Shield|boost
|-boost|p1a: Zaza|def|1
|turn|17
|
|t:|1743811375
|move|p1a: Zaza|Body Press|p2a: Raging Bolt
|-damage|p2a: Raging Bolt|53/100
|move|p2a: Raging Bolt|Thunderbolt|p1a: Zaza
|-damage|p1a: Zaza|46/100
|
|-heal|p1a: Zaza|52/100|[from] item: Leftovers
|upkeep
|turn|18
|
|t:|1743811383
|move|p1a: Zaza|Body Press|p2a: Raging Bolt
|-damage|p2a: Raging Bolt|3/100
|move|p2a: Raging Bolt|Thunderbolt|p1a: Zaza
|-damage|p1a: Zaza|0 fnt
|faint|p1a: Zaza
|
|win|mahardikafirdaus7
|raw|Best pokemon names's rating: 1366 &rarr; <strong>1347</strong><br />(-19 for losing)
|raw|mahardikafirdaus7's rating: 1379 &rarr; <strong>1398</strong><br />(+19 for winning)
