|j|☆xAmethystx
|j|☆alex12381723898
|t:|1743874061
|gametype|singles
|player|p1|xAmethystx|miku-ground|1593
|player|p2|alex12381723898|1|1594
|teamsize|p1|6
|teamsize|p2|6
|gen|9
|tier|[Gen 9] OU
|rated|
|rule|HP Percentage Mod: HP is shown in percentages
|rule|Endless Battle Clause: Forcing endless battles is banned
|rule|Species Clause: Limit one of each Pokémon
|rule|OHKO Clause: OHKO moves are banned
|rule|Evasion Items Clause: Evasion items are banned
|rule|Evasion Moves Clause: Evasion moves are banned
|rule|Sleep Moves Clause: Sleep-inducing moves are banned
|clearpoke
|poke|p1|Chandelure, F|
|poke|p1|Kingambit, F|
|poke|p1|Great Tusk|
|poke|p1|Corviknight, F|
|poke|p1|Rotom-Wash|
|poke|p1|Hatterene, F|
|poke|p2|Ting-Lu|
|poke|p2|Cinderace, M|
|poke|p2|Weavile, M|
|poke|p2|Zapdos|
|poke|p2|Garganacl, F|
|poke|p2|Kyurem|
|teampreview
|inactive|Battle timer is ON: inactive players will automatically lose when time's up. (requested by alex12381723898)
|
|t:|1743874075
|start
|switch|p1a: Great Tusk|Great Tusk|100/100
|switch|p2a: Weavile|Weavile, M|100/100
|-ability|p2a: Weavile|Pressure
|turn|1
|
|t:|1743874096
|switch|p2a: Zapdos|Zapdos|100/100
|-end|p1a: Great Tusk|Protosynthesis|[silent]
|switch|p1a: Rotom|Rotom-Wash|100/100
|
|upkeep
|turn|2
|
|t:|1743874100
|move|p2a: Zapdos|Thunderbolt|p1a: Rotom
|-damage|p1a: Rotom|52/100
|move|p1a: Rotom|Will-O-Wisp|p2a: Zapdos
|-status|p2a: Zapdos|brn
|
|-heal|p1a: Rotom|58/100|[from] item: Leftovers
|-damage|p2a: Zapdos|94/100 brn|[from] brn
|upkeep
|turn|3
|
|t:|1743874110
|move|p1a: Rotom|Protect|p1a: Rotom
|-singleturn|p1a: Rotom|Protect
|move|p2a: Zapdos|Thunderbolt|p1a: Rotom
|-activate|p1a: Rotom|move: Protect
|
|-heal|p1a: Rotom|64/100|[from] item: Leftovers
|-damage|p2a: Zapdos|88/100 brn|[from] brn
|upkeep
|turn|4
|
|t:|1743874121
|switch|p1a: Kingambit|Kingambit, F|100/100
|move|p2a: Zapdos|Thunderbolt|p1a: Kingambit
|-damage|p1a: Kingambit|74/100
|
|-damage|p2a: Zapdos|82/100 brn|[from] brn
|upkeep
|turn|5
|
|t:|1743874143
|move|p2a: Zapdos|Thunderbolt|p1a: Kingambit
|-damage|p1a: Kingambit|50/100
|move|p1a: Kingambit|Kowtow Cleave|p2a: Zapdos
|-damage|p2a: Zapdos|45/100 brn
|
|-damage|p2a: Zapdos|39/100 brn|[from] brn
|upkeep
|turn|6
|
|t:|1743874153
|move|p2a: Zapdos|Roost|p2a: Zapdos
|-heal|p2a: Zapdos|89/100 brn
|-singleturn|p2a: Zapdos|move: Roost
|move|p1a: Kingambit|Kowtow Cleave|p2a: Zapdos
|-damage|p2a: Zapdos|54/100 brn
|
|-damage|p2a: Zapdos|48/100 brn|[from] brn
|upkeep
|turn|7
|
|t:|1743874166
|-end|p1a: Kingambit|fallenundefined|[silent]
|switch|p1a: Chandelure|Chandelure, F|100/100
|move|p2a: Zapdos|Roost|p2a: Zapdos
|-heal|p2a: Zapdos|98/100 brn
|-singleturn|p2a: Zapdos|move: Roost
|
|-damage|p2a: Zapdos|92/100 brn|[from] brn
|upkeep
|turn|8
|
|t:|1743874169
|move|p1a: Chandelure|Trick|p2a: Zapdos
|-activate|p1a: Chandelure|move: Trick|[of] p2a: Zapdos
|-item|p2a: Zapdos|Choice Scarf|[from] move: Trick
|-item|p1a: Chandelure|Heavy-Duty Boots|[from] move: Trick
|move|p2a: Zapdos|Thunderbolt|p1a: Chandelure
|-damage|p1a: Chandelure|36/100
|
|-damage|p2a: Zapdos|86/100 brn|[from] brn
|upkeep
|turn|9
|
|t:|1743874184
|switch|p2a: Kyurem|Kyurem|100/100
|-ability|p2a: Kyurem|Pressure
|switch|p1a: Great Tusk|Great Tusk|100/100
|
|upkeep
|turn|10
|
|t:|1743874193
|move|p2a: Kyurem|Ice Beam|p1a: Great Tusk
|-supereffective|p1a: Great Tusk
|-damage|p1a: Great Tusk|0 fnt
|faint|p1a: Great Tusk
|-end|p1a: Great Tusk|Protosynthesis|[silent]
|
|upkeep
|-message|xAmethystx forfeited.
|
|win|alex12381723898
|raw|xAmethystx's rating: 1593 &rarr; <strong>1573</strong><br />(-20 for losing)
|raw|alex12381723898's rating: 1594 &rarr; <strong>1614</strong><br />(+20 for winning)
|l|☆xAmethystx
|player|p1|
|l|☆alex12381723898
|player|p2|
