|j|☆shuita.otter
|j|☆Jmoneyzzzzz
|t:|1743927033
|gametype|singles
|player|p1|shuita.otter|serena-anime|1250
|player|p2|Jmoneyzzzzz|swimmer|1242
|teamsize|p1|6
|teamsize|p2|6
|gen|9
|tier|[Gen 9] OU
|rated|
|rule|HP Percentage Mod: HP is shown in percentages
|rule|Endless Battle Clause: Forcing endless battles is banned
|rule|Species Clause: Limit one of each Pokémon
|rule|OHKO Clause: OHKO moves are banned
|rule|Evasion Items Clause: Evasion items are banned
|rule|Evasion Moves Clause: Evasion moves are banned
|rule|Sleep Moves Clause: Sleep-inducing moves are banned
|clearpoke
|poke|p1|Pelipper, M|
|poke|p1|Basculegion, M|
|poke|p1|Greninja-*, M|
|poke|p1|Scizor, F|
|poke|p1|Sandy Shocks|
|poke|p1|Raging Bolt|
|poke|p2|Garganacl, F|
|poke|p2|Zamazenta-*|
|poke|p2|Corviknight, F|
|poke|p2|Kyurem|
|poke|p2|Landorus-Therian, M|
|poke|p2|Hippowdon, F|
|teampreview
|inactive|Battle timer is ON: inactive players will automatically lose when time's up. (requested by shuita.otter)
|inactive|Jmoneyzzzzz has 120 seconds left.
|
|t:|1743927089
|start
|switch|p1a: Scizor|Scizor, F, shiny|100/100
|switch|p2a: KYRIE-UM|Kyurem|100/100
|-ability|p2a: KYRIE-UM|Pressure
|turn|1
|
|t:|1743927098
|switch|p2a: LEBRONTO|Hippowdon, F|100/100
|-weather|Sandstorm|[from] ability: Sand Stream|[of] p2a: LEBRONTO
|move|p1a: Scizor|Swords Dance|p1a: Scizor
|-boost|p1a: Scizor|atk|2
|
|-weather|Sandstorm|[upkeep]
|upkeep
|turn|2
|
|t:|1743927108
|move|p1a: Scizor|Knock Off|p2a: LEBRONTO
|-damage|p2a: LEBRONTO|62/100
|-damage|p1a: Scizor|84/100|[from] item: Rocky Helmet|[of] p2a: LEBRONTO
|-enditem|p2a: LEBRONTO|Rocky Helmet|[from] move: Knock Off|[of] p1a: Scizor
|move|p2a: LEBRONTO|Roar|p1a: Scizor
|drag|p1a: Pelipper|Pelipper, M, shiny|100/100
|-weather|RainDance|[from] ability: Drizzle|[of] p1a: Pelipper
|
|-weather|RainDance|[upkeep]
|upkeep
|turn|3
|
|t:|1743927121
|move|p1a: Pelipper|U-turn|p2a: LEBRONTO
|-damage|p2a: LEBRONTO|58/100
|
|t:|1743927125
|switch|p1a: Basculegion|Basculegion, M, shiny|100/100|[from] U-turn
|move|p2a: LEBRONTO|Stealth Rock|p1a: Basculegion
|-sidestart|p1: shuita.otter|move: Stealth Rock
|
|-weather|RainDance|[upkeep]
|upkeep
|turn|4
|
|t:|1743927136
|switch|p2a: DS3|Corviknight, F|100/100
|-ability|p2a: DS3|Pressure
|-terastallize|p1a: Basculegion|Water
|move|p1a: Basculegion|Wave Crash|p2a: DS3
|-damage|p2a: DS3|0 fnt
|faint|p2a: DS3
|-damage|p1a: Basculegion|66/100|[from] Recoil
|
|-weather|RainDance|[upkeep]
|upkeep
|
|t:|1743927151
|switch|p2a: LEBRONTO|Hippowdon, F|58/100
|-weather|Sandstorm|[from] ability: Sand Stream|[of] p2a: LEBRONTO
|turn|5
|
|t:|1743927159
|move|p1a: Basculegion|Wave Crash|p2a: LEBRONTO
|-supereffective|p2a: LEBRONTO
|-damage|p2a: LEBRONTO|0 fnt
|faint|p2a: LEBRONTO
|-damage|p1a: Basculegion|45/100|[from] Recoil
|
|-weather|Sandstorm|[upkeep]
|-damage|p1a: Basculegion|39/100|[from] Sandstorm
|upkeep
|
|t:|1743927169
|switch|p2a: KYRIE-UM|Kyurem|100/100
|-ability|p2a: KYRIE-UM|Pressure
|turn|6
|
|t:|1743927174
|move|p2a: KYRIE-UM|Substitute|p2a: KYRIE-UM
|-start|p2a: KYRIE-UM|Substitute
|-damage|p2a: KYRIE-UM|76/100
|move|p1a: Basculegion|Wave Crash|p2a: KYRIE-UM
|-resisted|p2a: KYRIE-UM
|-end|p2a: KYRIE-UM|Substitute
|-damage|p1a: Basculegion|31/100|[from] Recoil|[of] p2a: KYRIE-UM
|
|-weather|Sandstorm|[upkeep]
|-damage|p2a: KYRIE-UM|70/100|[from] Sandstorm
|-damage|p1a: Basculegion|25/100|[from] Sandstorm
|-heal|p2a: KYRIE-UM|76/100|[from] item: Leftovers
|upkeep
|turn|7
|
|t:|1743927187
|switch|p1a: Pelipper|Pelipper, M, shiny|100/100
|-damage|p1a: Pelipper|76/100|[from] Stealth Rock
|-weather|RainDance|[from] ability: Drizzle|[of] p1a: Pelipper
|move|p2a: KYRIE-UM|Freeze-Dry|p1a: Pelipper
|-supereffective|p1a: Pelipper
|-damage|p1a: Pelipper|0 fnt
|faint|p1a: Pelipper
|
|-weather|RainDance|[upkeep]
|-heal|p2a: KYRIE-UM|82/100|[from] item: Leftovers
|upkeep
|
|t:|1743927199
|switch|p1a: Basculegion|Basculegion, M, shiny, tera:Water|25/100
|-damage|p1a: Basculegion|13/100|[from] Stealth Rock
|turn|8
|
|t:|1743927215
|move|p2a: KYRIE-UM|Protect|p2a: KYRIE-UM
|-singleturn|p2a: KYRIE-UM|Protect
|move|p1a: Basculegion|Wave Crash|p2a: KYRIE-UM
|-activate|p2a: KYRIE-UM|move: Protect
|
|-weather|RainDance|[upkeep]
|-heal|p2a: KYRIE-UM|88/100|[from] item: Leftovers
|upkeep
|turn|9
|
|t:|1743927225
|move|p1a: Basculegion|Wave Crash|p2a: KYRIE-UM
|-resisted|p2a: KYRIE-UM
|-damage|p2a: KYRIE-UM|3/100
|-damage|p1a: Basculegion|0 fnt|[from] Recoil
|faint|p1a: Basculegion
|move|p2a: KYRIE-UM|Substitute|p2a: KYRIE-UM
|-fail|p2a: KYRIE-UM|move: Substitute|[weak]
|
|-weather|RainDance|[upkeep]
|-heal|p2a: KYRIE-UM|9/100|[from] item: Leftovers
|upkeep
|
|t:|1743927235
|switch|p1a: Greninja|Greninja, M|100/100
|-damage|p1a: Greninja|88/100|[from] Stealth Rock
|turn|10
|
|t:|1743927242
|move|p2a: KYRIE-UM|Protect|p2a: KYRIE-UM
|-singleturn|p2a: KYRIE-UM|Protect
|move|p1a: Greninja|Water Shuriken|p2a: KYRIE-UM
|-activate|p2a: KYRIE-UM|move: Protect
|
|-weather|RainDance|[upkeep]
|-heal|p2a: KYRIE-UM|15/100|[from] item: Leftovers
|upkeep
|turn|11
|
|t:|1743927259
|move|p1a: Greninja|Water Shuriken|p2a: KYRIE-UM
|-resisted|p2a: KYRIE-UM
|-damage|p2a: KYRIE-UM|9/100
|-resisted|p2a: KYRIE-UM
|-damage|p2a: KYRIE-UM|3/100
|-hitcount|p2a: KYRIE-UM|2
|-damage|p1a: Greninja|78/100|[from] item: Life Orb
|move|p2a: KYRIE-UM|Freeze-Dry|p1a: Greninja
|-supereffective|p1a: Greninja
|-damage|p1a: Greninja|0 fnt
|faint|p1a: Greninja
|
|-weather|RainDance|[upkeep]
|-heal|p2a: KYRIE-UM|9/100|[from] item: Leftovers
|upkeep
|
|t:|1743927273
|switch|p1a: Scizor|Scizor, F, shiny|84/100
|-damage|p1a: Scizor|72/100|[from] Stealth Rock
|turn|12
|
|t:|1743927297
|move|p2a: KYRIE-UM|Freeze-Dry|p1a: Scizor
|-resisted|p1a: Scizor
|-damage|p1a: Scizor|51/100
|move|p1a: Scizor|Swords Dance|p1a: Scizor
|-boost|p1a: Scizor|atk|2
|
|-weather|RainDance|[upkeep]
|-heal|p2a: KYRIE-UM|15/100|[from] item: Leftovers
|-heal|p1a: Scizor|57/100|[from] item: Leftovers
|upkeep
|turn|13
|
|t:|1743927308
|move|p2a: KYRIE-UM|Earth Power|p1a: Scizor
|-damage|p1a: Scizor|18/100
|move|p1a: Scizor|Swords Dance|p1a: Scizor
|-boost|p1a: Scizor|atk|2
|
|-weather|RainDance|[upkeep]
|-heal|p2a: KYRIE-UM|21/100|[from] item: Leftovers
|-heal|p1a: Scizor|25/100|[from] item: Leftovers
|upkeep
|turn|14
|
|t:|1743927319
|switch|p2a: KEVIN-LOVE|Landorus-Therian, M|100/100
|-ability|p2a: KEVIN-LOVE|Intimidate|boost
|-unboost|p1a: Scizor|atk|1
|move|p1a: Scizor|Bullet Punch|p2a: KEVIN-LOVE
|-damage|p2a: KEVIN-LOVE|2/100
|
|-weather|none
|-heal|p1a: Scizor|31/100|[from] item: Leftovers
|upkeep
|turn|15
|
|t:|1743927337
|switch|p2a: KYRIE-UM|Kyurem|21/100
|-ability|p2a: KYRIE-UM|Pressure
|move|p1a: Scizor|Bullet Punch|p2a: KYRIE-UM
|-supereffective|p2a: KYRIE-UM
|-damage|p2a: KYRIE-UM|0 fnt
|faint|p2a: KYRIE-UM
|
|-heal|p1a: Scizor|37/100|[from] item: Leftovers
|upkeep
|
|t:|1743927339
|switch|p2a: KEVIN-LOVE|Landorus-Therian, M|2/100
|-ability|p2a: KEVIN-LOVE|Intimidate|boost
|-unboost|p1a: Scizor|atk|1
|turn|16
|
|t:|1743927352
|move|p1a: Scizor|Bullet Punch|p2a: KEVIN-LOVE
|-damage|p2a: KEVIN-LOVE|0 fnt
|faint|p2a: KEVIN-LOVE
|
|-heal|p1a: Scizor|43/100|[from] item: Leftovers
|upkeep
|
|t:|1743927354
|switch|p2a: Salt Gargler|Garganacl, F|100/100
|turn|17
|
|t:|1743927362
|-terastallize|p2a: Salt Gargler|Water
|move|p1a: Scizor|Close Combat|p2a: Salt Gargler
|-damage|p2a: Salt Gargler|47/100
|-unboost|p1a: Scizor|def|1
|-unboost|p1a: Scizor|spd|1
|move|p2a: Salt Gargler|Curse|p2a: Salt Gargler
|-unboost|p2a: Salt Gargler|spe|1
|-boost|p2a: Salt Gargler|atk|1
|-boost|p2a: Salt Gargler|def|1
|
|-heal|p1a: Scizor|49/100|[from] item: Leftovers
|-heal|p2a: Salt Gargler|53/100|[from] item: Leftovers
|upkeep
|turn|18
|
|t:|1743927384
|move|p1a: Scizor|Swords Dance|p1a: Scizor
|-boost|p1a: Scizor|atk|2
|move|p2a: Salt Gargler|Recover|p2a: Salt Gargler
|-heal|p2a: Salt Gargler|100/100
|
|-heal|p1a: Scizor|55/100|[from] item: Leftovers
|upkeep
|turn|19
|
|t:|1743927400
|move|p1a: Scizor|Knock Off|p2a: Salt Gargler
|-damage|p2a: Salt Gargler|58/100
|-enditem|p2a: Salt Gargler|Leftovers|[from] move: Knock Off|[of] p1a: Scizor
|move|p2a: Salt Gargler|Earthquake|p1a: Scizor
|-damage|p1a: Scizor|0 fnt
|faint|p1a: Scizor
|
|upkeep
|
|t:|1743927409
|switch|p1a: Raging Bolt|Raging Bolt|100/100
|-damage|p1a: Raging Bolt|88/100|[from] Stealth Rock
|-enditem|p1a: Raging Bolt|Booster Energy
|-activate|p1a: Raging Bolt|ability: Protosynthesis|[fromitem]
|-start|p1a: Raging Bolt|protosynthesisspa
|turn|20
|
|t:|1743927418
|move|p1a: Raging Bolt|Dragon Pulse|p2a: Salt Gargler
|-damage|p2a: Salt Gargler|9/100
|move|p2a: Salt Gargler|Salt Cure|p1a: Raging Bolt
|-damage|p1a: Raging Bolt|72/100
|-start|p1a: Raging Bolt|Salt Cure
|
|-damage|p1a: Raging Bolt|59/100|[from] Salt Cure
|upkeep
|turn|21
|
|t:|1743927427
|move|p1a: Raging Bolt|Dragon Pulse|p2a: Salt Gargler
|-damage|p2a: Salt Gargler|0 fnt
|faint|p2a: Salt Gargler
|
|-damage|p1a: Raging Bolt|47/100|[from] Salt Cure
|upkeep
|
|t:|1743927431
|switch|p2a: The Pooch|Zamazenta|100/100
|-ability|p2a: The Pooch|Dauntless Shield|boost
|-boost|p2a: The Pooch|def|1
|turn|22
|
|t:|1743927438
|move|p2a: The Pooch|Ice Fang|p1a: Raging Bolt
|-supereffective|p1a: Raging Bolt
|-damage|p1a: Raging Bolt|0 fnt
|faint|p1a: Raging Bolt
|-end|p1a: Raging Bolt|Protosynthesis|[silent]
|-damage|p2a: The Pooch|91/100|[from] item: Life Orb
|
|upkeep
|
|t:|1743927445
|switch|p1a: Sandy Shocks|Sandy Shocks|100/100
|-damage|p1a: Sandy Shocks|94/100|[from] Stealth Rock
|-enditem|p1a: Sandy Shocks|Booster Energy
|-activate|p1a: Sandy Shocks|ability: Protosynthesis|[fromitem]
|-start|p1a: Sandy Shocks|protosynthesisspe
|turn|23
|
|t:|1743927456
|move|p1a: Sandy Shocks|Earth Power|p2a: The Pooch
|-damage|p2a: The Pooch|52/100
|move|p2a: The Pooch|Ice Fang|p1a: Sandy Shocks
|-supereffective|p1a: Sandy Shocks
|-damage|p1a: Sandy Shocks|29/100
|-status|p1a: Sandy Shocks|frz
|-damage|p2a: The Pooch|42/100|[from] item: Life Orb
|
|upkeep
|turn|24
|
|t:|1743927467
|cant|p1a: Sandy Shocks|frz
|move|p2a: The Pooch|Close Combat|p1a: Sandy Shocks
|-damage|p1a: Sandy Shocks|0 fnt
|-unboost|p2a: The Pooch|def|1
|-unboost|p2a: The Pooch|spd|1
|faint|p1a: Sandy Shocks
|-end|p1a: Sandy Shocks|Protosynthesis|[silent]
|-damage|p2a: The Pooch|32/100|[from] item: Life Orb
|
|win|Jmoneyzzzzz
|raw|shuita.otter's rating: 1250 &rarr; <strong>1224</strong><br />(-26 for losing)
|raw|Jmoneyzzzzz's rating: 1242 &rarr; <strong>1268</strong><br />(+26 for winning)
|l|☆shuita.otter
|player|p1|
|j|☆shuita.otter
|player|p1|shuita.otter|serena-anime|
|l|☆Jmoneyzzzzz
|player|p2|
