|j|☆big lou 123
|j|☆SSFlFutura
|t:|1743886578
|gametype|singles
|player|p1|big lou 123|265|1434
|player|p2|SSFlFutura|burglar|1392
|teamsize|p1|6
|teamsize|p2|6
|gen|9
|tier|[Gen 9] OU
|rated|
|rule|HP Percentage Mod: HP is shown in percentages
|rule|Endless Battle Clause: Forcing endless battles is banned
|rule|Species Clause: Limit one of each Pokémon
|rule|OHKO Clause: OHKO moves are banned
|rule|Evasion Items Clause: Evasion items are banned
|rule|Evasion Moves Clause: Evasion moves are banned
|rule|Sleep Moves Clause: Sleep-inducing moves are banned
|clearpoke
|poke|p1|Revavroom, M|
|poke|p1|Dondozo, M|
|poke|p1|Latios, M|
|poke|p1|Samurott-Hisui, M|
|poke|p1|Lokix, F|
|poke|p1|Great Tusk|
|poke|p2|Great Tusk|
|poke|p2|Dragonite, F|
|poke|p2|Dragapult, M|
|poke|p2|Gholdengo|
|poke|p2|Primarina, M|
|poke|p2|Ogerpon-Cornerstone, F|
|teampreview
|inactive|Battle timer is ON: inactive players will automatically lose when time's up. (requested by SSFlFutura)
|inactive|big lou 123 has 120 seconds left.
|
|t:|1743886613
|start
|switch|p1a: Latios|Latios, M|100/100
|switch|p2a: Ogerpon|Ogerpon-Cornerstone, F|100/100
|turn|1
|
|t:|1743886628
|move|p1a: Latios|Luster Purge|p2a: Ogerpon
|-damage|p2a: Ogerpon|39/100
|move|p2a: Ogerpon|Ivy Cudgel|p1a: Latios|[anim] Ivy Cudgel Rock
|-damage|p1a: Latios|20/100
|
|upkeep
|turn|2
|
|t:|1743886633
|move|p1a: Latios|Luster Purge|p2a: Ogerpon
|-damage|p2a: Ogerpon|0 fnt
|faint|p2a: Ogerpon
|
|upkeep
|
|t:|1743886657
|switch|p2a: Primarina|Primarina, M|100/100
|turn|3
|
|t:|1743886680
|move|p1a: Latios|Luster Purge|p2a: Primarina
|-damage|p2a: Primarina|69/100
|move|p2a: Primarina|Moonblast|p1a: Latios
|-supereffective|p1a: Latios
|-damage|p1a: Latios|0 fnt
|faint|p1a: Latios
|
|upkeep
|
|t:|1743886684
|switch|p1a: Samurott|Samurott-Hisui, M|100/100
|turn|4
|
|t:|1743886687
|move|p1a: Samurott|Ceaseless Edge|p2a: Primarina
|-resisted|p2a: Primarina
|-damage|p2a: Primarina|37/100
|-sidestart|p2: SSFlFutura|Spikes
|move|p2a: Primarina|Moonblast|p1a: Samurott
|-supereffective|p1a: Samurott
|-enditem|p1a: Samurott|Focus Sash
|-damage|p1a: Samurott|1/100
|
|upkeep
|turn|5
|
|t:|1743886694
|move|p1a: Samurott|Ceaseless Edge|p2a: Primarina
|-resisted|p2a: Primarina
|-damage|p2a: Primarina|7/100
|-sidestart|p2: SSFlFutura|Spikes
|move|p2a: Primarina|Flip Turn|p1a: Samurott
|-resisted|p1a: Samurott
|-damage|p1a: Samurott|0 fnt
|faint|p1a: Samurott
|
|t:|1743886708
|switch|p2a: Great Tusk|Great Tusk|100/100|[from] Flip Turn
|-damage|p2a: Great Tusk|84/100|[from] Spikes
|
|upkeep
|
|t:|1743886717
|switch|p1a: Great Tusk|Great Tusk|100/100
|turn|6
|
|t:|1743886722
|move|p1a: Great Tusk|Ice Spinner|p2a: Great Tusk
|-supereffective|p2a: Great Tusk
|-damage|p2a: Great Tusk|51/100
|-damage|p1a: Great Tusk|84/100|[from] item: Rocky Helmet|[of] p2a: Great Tusk
|move|p2a: Great Tusk|Rapid Spin|p1a: Great Tusk
|-damage|p1a: Great Tusk|74/100
|-boost|p2a: Great Tusk|spe|1
|-damage|p2a: Great Tusk|35/100|[from] item: Rocky Helmet|[of] p1a: Great Tusk
|-sideend|p2: SSFlFutura|Spikes|[from] move: Rapid Spin|[of] p2a: Great Tusk
|
|upkeep
|turn|7
|
|t:|1743886733
|move|p2a: Great Tusk|Stealth Rock|p1a: Great Tusk
|-sidestart|p1: big lou 123|move: Stealth Rock
|move|p1a: Great Tusk|Stealth Rock|p2a: Great Tusk
|-sidestart|p2: SSFlFutura|move: Stealth Rock
|
|upkeep
|turn|8
|
|t:|1743886737
|move|p2a: Great Tusk|Rapid Spin|p1a: Great Tusk
|-damage|p1a: Great Tusk|62/100
|-boost|p2a: Great Tusk|spe|1
|-damage|p2a: Great Tusk|18/100|[from] item: Rocky Helmet|[of] p1a: Great Tusk
|-sideend|p2: SSFlFutura|Stealth Rock|[from] move: Rapid Spin|[of] p2a: Great Tusk
|move|p1a: Great Tusk|Rapid Spin|p2a: Great Tusk
|-damage|p2a: Great Tusk|6/100
|-boost|p1a: Great Tusk|spe|1
|-damage|p1a: Great Tusk|46/100|[from] item: Rocky Helmet|[of] p2a: Great Tusk
|-sideend|p1: big lou 123|Stealth Rock|[from] move: Rapid Spin|[of] p1a: Great Tusk
|
|upkeep
|turn|9
|
|t:|1743886746
|move|p2a: Great Tusk|Headlong Rush|p1a: Great Tusk
|-damage|p1a: Great Tusk|10/100
|-unboost|p2a: Great Tusk|def|1
|-unboost|p2a: Great Tusk|spd|1
|-damage|p2a: Great Tusk|0 fnt|[from] item: Rocky Helmet|[of] p1a: Great Tusk
|faint|p2a: Great Tusk
|-end|p2a: Great Tusk|Protosynthesis|[silent]
|move|p1a: Great Tusk|Stealth Rock|p2: Great Tusk
|-sidestart|p2: SSFlFutura|move: Stealth Rock
|
|upkeep
|
|t:|1743886759
|switch|p2a: Dragapult|Dragapult, M|100/100
|turn|10
|
|t:|1743886768
|move|p1a: Great Tusk|Ice Spinner|p2a: Dragapult
|-supereffective|p2a: Dragapult
|-damage|p2a: Dragapult|24/100
|move|p2a: Dragapult|Hex|p1a: Great Tusk
|-damage|p1a: Great Tusk|0 fnt
|faint|p1a: Great Tusk
|-end|p1a: Great Tusk|Protosynthesis|[silent]
|
|upkeep
|
|t:|1743886775
|switch|p1a: Lokix|Lokix, F|100/100
|turn|11
|
|t:|1743886788
|move|p1a: Lokix|First Impression|p2a: Dragapult
|-resisted|p2a: Dragapult
|-crit|p2a: Dragapult
|-damage|p2a: Dragapult|0 fnt
|faint|p2a: Dragapult
|
|upkeep
|
|t:|1743886790
|switch|p2a: Dragonite|Dragonite, F|100/100
|turn|12
|
|t:|1743886794
|switch|p1a: Dondozo|Dondozo, M|100/100
|move|p2a: Dragonite|Dragon Dance|p2a: Dragonite
|-boost|p2a: Dragonite|atk|1
|-boost|p2a: Dragonite|spe|1
|
|upkeep
|turn|13
|
|t:|1743886799
|switch|p2a: Gholdengo|Gholdengo|100/100
|move|p1a: Dondozo|Curse|p1a: Dondozo
|-unboost|p1a: Dondozo|spe|1
|-boost|p1a: Dondozo|atk|1
|-boost|p1a: Dondozo|def|1
|
|upkeep
|turn|14
|
|t:|1743886806
|move|p2a: Gholdengo|Thunder Wave|p1a: Dondozo
|-status|p1a: Dondozo|par
|move|p1a: Dondozo|Waterfall|p2a: Gholdengo
|-damage|p2a: Gholdengo|70/100
|
|upkeep
|turn|15
|
|t:|1743886814
|switch|p1a: Lokix|Lokix, F|100/100
|move|p2a: Gholdengo|Hex|p1a: Lokix
|-resisted|p1a: Lokix
|-damage|p1a: Lokix|74/100
|
|upkeep
|turn|16
|
|t:|1743886819
|switch|p2a: Primarina|Primarina, M|7/100
|-damage|p2a: Primarina|0 fnt|[from] Stealth Rock
|faint|p2a: Primarina
|move|p1a: Lokix|Knock Off|p2: Primarina|[notarget]
|-fail|p1a: Lokix
|
|upkeep
|
|t:|1743886827
|switch|p2a: Dragonite|Dragonite, F|100/100
|turn|17
|
|t:|1743886837
|switch|p2a: Gholdengo|Gholdengo|70/100
|move|p1a: Lokix|Knock Off|p2a: Gholdengo
|-supereffective|p2a: Gholdengo
|-damage|p2a: Gholdengo|0 fnt
|-enditem|p2a: Gholdengo|Heavy-Duty Boots|[from] move: Knock Off|[of] p1a: Lokix
|faint|p2a: Gholdengo
|
|upkeep
|
|t:|1743886841
|switch|p2a: Dragonite|Dragonite, F|100/100
|turn|18
|
|t:|1743886848
|move|p2a: Dragonite|Dragon Dance|p2a: Dragonite
|-boost|p2a: Dragonite|atk|1
|-boost|p2a: Dragonite|spe|1
|move|p1a: Lokix|Knock Off|p2a: Dragonite
|-damage|p2a: Dragonite|62/100
|-enditem|p2a: Dragonite|Heavy-Duty Boots|[from] move: Knock Off|[of] p1a: Lokix
|
|upkeep
|turn|19
|
|t:|1743886860
|-terastallize|p2a: Dragonite|Fairy
|move|p2a: Dragonite|Tera Blast|p1a: Lokix|[anim] Tera Blast Fairy
|-supereffective|p1a: Lokix
|-damage|p1a: Lokix|0 fnt
|faint|p1a: Lokix
|
|upkeep
|
|t:|1743886866
|switch|p1a: Revavroom|Revavroom, M|100/100
|-item|p1a: Revavroom|Air Balloon
|turn|20
|
|t:|1743886870
|move|p2a: Dragonite|Extreme Speed|p1a: Revavroom
|-resisted|p1a: Revavroom
|-damage|p1a: Revavroom|73/100
|-enditem|p1a: Revavroom|Air Balloon
|move|p1a: Revavroom|Iron Head|p2a: Dragonite
|-supereffective|p2a: Dragonite
|-damage|p2a: Dragonite|0 fnt
|faint|p2a: Dragonite
|
|win|big lou 123
|raw|big lou 123's rating: 1434 &rarr; <strong>1452</strong><br />(+18 for winning)
|raw|SSFlFutura's rating: 1392 &rarr; <strong>1374</strong><br />(-18 for losing)
|l|☆SSFlFutura
|player|p2|
|l|☆big lou 123
|player|p1|
