|j|☆nocta_dz
|j|☆Nagi
|t:|1743862390
|gametype|singles
|player|p1|nocta_dz|hilbert|1125
|player|p2|Nagi|camper|1132
|teamsize|p1|6
|teamsize|p2|6
|gen|9
|tier|[Gen 9] OU
|rated|
|rule|HP Percentage Mod: HP is shown in percentages
|rule|Endless Battle Clause: Forcing endless battles is banned
|rule|Species Clause: Limit one of each Pokémon
|rule|OHKO Clause: OHKO moves are banned
|rule|Evasion Items Clause: Evasion items are banned
|rule|Evasion Moves Clause: Evasion moves are banned
|rule|Sleep Moves Clause: Sleep-inducing moves are banned
|clearpoke
|poke|p1|Tyranitar, M|
|poke|p1|Excadrill, F|
|poke|p1|Ogerpon-Cornerstone, F|
|poke|p1|Dragapult, F|
|poke|p1|Moltres|
|poke|p1|Corviknight, F|
|poke|p2|Hitmontop, M|
|poke|p2|Indeedee, M|
|poke|p2|Abomasnow, M|
|poke|p2|Glimmora, F|
|poke|p2|Gliscor, M|
|poke|p2|Incineroar, F|
|teampreview
|
|t:|1743862397
|start
|switch|p1a: Tyranitar|Tyranitar, M, shiny|100/100
|switch|p2a: Incineroar|Incineroar, F|100/100
|-weather|Sandstorm|[from] ability: Sand Stream|[of] p1a: Tyranitar
|-ability|p2a: Incineroar|Intimidate|boost
|-unboost|p1a: Tyranitar|atk|1
|turn|1
|
|t:|1743862409
|move|p1a: Tyranitar|Earthquake|p2a: Incineroar
|-supereffective|p2a: Incineroar
|-damage|p2a: Incineroar|61/100
|move|p2a: Incineroar|Will-O-Wisp|p1a: Tyranitar|[miss]
|-miss|p2a: Incineroar|p1a: Tyranitar
|
|-weather|Sandstorm|[upkeep]
|-damage|p2a: Incineroar|55/100|[from] Sandstorm
|upkeep
|turn|2
|
|t:|1743862417
|move|p1a: Tyranitar|Knock Off|p2a: Incineroar
|-resisted|p2a: Incineroar
|-damage|p2a: Incineroar|41/100
|-enditem|p2a: Incineroar|Protective Pads|[from] move: Knock Off|[of] p1a: Tyranitar
|move|p2a: Incineroar|Knock Off|p1a: Tyranitar
|-resisted|p1a: Tyranitar
|-damage|p1a: Tyranitar|82/100
|-enditem|p1a: Tyranitar|Smooth Rock|[from] move: Knock Off|[of] p2a: Incineroar
|
|-weather|Sandstorm|[upkeep]
|-damage|p2a: Incineroar|35/100|[from] Sandstorm
|upkeep
|turn|3
|
|t:|1743862423
|move|p1a: Tyranitar|Earthquake|p2a: Incineroar
|-supereffective|p2a: Incineroar
|-damage|p2a: Incineroar|0 fnt
|faint|p2a: Incineroar
|
|-weather|Sandstorm|[upkeep]
|upkeep
|
|t:|1743862432
|switch|p2a: Hitmontop|Hitmontop, M|100/100
|turn|4
|
|t:|1743862436
|switch|p1a: Corviknight|Corviknight, F, shiny|100/100
|-ability|p1a: Corviknight|Pressure
|move|p2a: Hitmontop|Close Combat|p1a: Corviknight
|-damage|p1a: Corviknight|59/100
|-unboost|p2a: Hitmontop|def|1
|-unboost|p2a: Hitmontop|spd|1
|
|-weather|Sandstorm|[upkeep]
|-damage|p2a: Hitmontop|95/100|[from] Sandstorm
|-heal|p1a: Corviknight|65/100|[from] item: Leftovers
|upkeep
|turn|5
|
|t:|1743862445
|switch|p2a: Gliscor|Gliscor, M|100/100
|move|p1a: Corviknight|Brave Bird|p2a: Gliscor
|-damage|p2a: Gliscor|75/100
|-damage|p1a: Corviknight|58/100|[from] Recoil
|
|-weather|Sandstorm|[upkeep]
|-heal|p1a: Corviknight|64/100|[from] item: Leftovers
|-status|p2a: Gliscor|tox|[from] item: Toxic Orb
|upkeep
|turn|6
|
|t:|1743862457
|switch|p1a: Excadrill|Excadrill, F, shiny|100/100
|move|p2a: Gliscor|Stealth Rock|p1a: Excadrill
|-sidestart|p1: nocta_dz|move: Stealth Rock
|
|-weather|Sandstorm|[upkeep]
|-heal|p2a: Gliscor|87/100 tox|[from] ability: Poison Heal
|upkeep
|turn|7
|
|t:|1743862468
|move|p1a: Excadrill|Swords Dance|p1a: Excadrill
|-boost|p1a: Excadrill|atk|2
|move|p2a: Gliscor|Earthquake|p1a: Excadrill
|-supereffective|p1a: Excadrill
|-damage|p1a: Excadrill|0 fnt
|faint|p1a: Excadrill
|
|-weather|Sandstorm|[upkeep]
|-heal|p2a: Gliscor|99/100 tox|[from] ability: Poison Heal
|upkeep
|
|t:|1743862475
|switch|p1a: Ogerpon|Ogerpon-Cornerstone, F|100/100
|-damage|p1a: Ogerpon|88/100|[from] Stealth Rock
|turn|8
|
|t:|1743862485
|switch|p2a: Abomasnow|Abomasnow, M|100/100
|-weather|Snowscape|[from] ability: Snow Warning|[of] p2a: Abomasnow
|move|p1a: Ogerpon|Ivy Cudgel|p2a: Abomasnow|[anim] Ivy Cudgel Rock
|-supereffective|p2a: Abomasnow
|-crit|p2a: Abomasnow
|-damage|p2a: Abomasnow|10/100
|
|-weather|Snowscape|[upkeep]
|upkeep
|turn|9
|
|t:|1743862498
|switch|p2a: Hitmontop|Hitmontop, M|95/100
|move|p1a: Ogerpon|Ivy Cudgel|p2a: Hitmontop|[anim] Ivy Cudgel Rock
|-resisted|p2a: Hitmontop
|-damage|p2a: Hitmontop|58/100
|
|-weather|Snowscape|[upkeep]
|upkeep
|turn|10
|
|t:|1743862506
|move|p1a: Ogerpon|Power Whip|p2a: Hitmontop
|-damage|p2a: Hitmontop|0 fnt
|faint|p2a: Hitmontop
|
|-weather|Snowscape|[upkeep]
|upkeep
|
|t:|1743862520
|switch|p2a: Glimmora|Glimmora, F|100/100
|turn|11
|
|t:|1743862528
|move|p1a: Ogerpon|Power Whip|p2a: Glimmora
|-damage|p2a: Glimmora|12/100
|-activate|p2a: Glimmora|ability: Toxic Debris
|-sidestart|p1: nocta_dz|move: Toxic Spikes
|move|p2a: Glimmora|Sludge Wave|p1a: Ogerpon
|-damage|p1a: Ogerpon|0 fnt
|faint|p1a: Ogerpon
|
|-weather|Snowscape|[upkeep]
|upkeep
|
|t:|1743862534
|switch|p1a: Corviknight|Corviknight, F, shiny|64/100
|-damage|p1a: Corviknight|52/100|[from] Stealth Rock
|-ability|p1a: Corviknight|Pressure
|turn|12
|
|t:|1743862545
|switch|p2a: Indeedee|Indeedee, M|100/100
|-fieldstart|move: Psychic Terrain|[from] ability: Psychic Surge|[of] p2a: Indeedee
|move|p1a: Corviknight|Defog|p2a: Indeedee
|-unboost|p2a: Indeedee|evasion|1
|-sideend|p1: nocta_dz|Toxic Spikes|[from] move: Defog|[of] p1a: Corviknight
|-sideend|p1: nocta_dz|Stealth Rock|[from] move: Defog|[of] p1a: Corviknight
|-fieldend|move: Psychic Terrain
|
|-weather|none
|-heal|p1a: Corviknight|58/100|[from] item: Leftovers
|upkeep
|turn|13
|
|t:|1743862556
|move|p2a: Indeedee|Encore|p1a: Corviknight
|-start|p1a: Corviknight|Encore
|move|p1a: Corviknight|Defog|p2a: Indeedee
|-unboost|p2a: Indeedee|evasion|1
|
|-heal|p1a: Corviknight|64/100|[from] item: Leftovers
|upkeep
|turn|14
|
|t:|1743862563
|switch|p2a: Glimmora|Glimmora, F|12/100
|move|p1a: Corviknight|Defog|p2a: Glimmora
|-unboost|p2a: Glimmora|evasion|1
|
|-heal|p1a: Corviknight|70/100|[from] item: Leftovers
|upkeep
|turn|15
|
|t:|1743862573
|move|p2a: Glimmora|Sludge Wave|p1a: Corviknight
|-immune|p1a: Corviknight
|move|p1a: Corviknight|Defog|p2a: Glimmora
|-unboost|p2a: Glimmora|evasion|1
|
|-heal|p1a: Corviknight|76/100|[from] item: Leftovers
|-end|p1a: Corviknight|Encore
|upkeep
|turn|16
|-message|Nagi forfeited.
|
|win|nocta_dz
|raw|nocta_dz's rating: 1125 &rarr; <strong>1151</strong><br />(+26 for winning)
|raw|Nagi's rating: 1132 &rarr; <strong>1106</strong><br />(-26 for losing)
|l|☆Nagi
|player|p2|
|l|☆nocta_dz
|player|p1|
