|j|☆Ml26
|j|☆iedition
|t:|1743911928
|gametype|singles
|player|p1|Ml26|1|1391
|player|p2|iedition|n|1344
|teamsize|p1|6
|teamsize|p2|6
|gen|9
|tier|[Gen 9] OU
|rated|
|rule|HP Percentage Mod: HP is shown in percentages
|rule|Endless Battle Clause: Forcing endless battles is banned
|rule|Species Clause: Limit one of each Pokémon
|rule|OHKO Clause: OHKO moves are banned
|rule|Evasion Items Clause: Evasion items are banned
|rule|Evasion Moves Clause: Evasion moves are banned
|rule|Sleep Moves Clause: Sleep-inducing moves are banned
|clearpoke
|poke|p1|Great Tusk|
|poke|p1|Zapdos|
|poke|p1|Meowscarada, F|
|poke|p1|Kingambit, F|
|poke|p1|Dragapult, F|
|poke|p1|Clefable, F|
|poke|p2|Meowscarada, M|
|poke|p2|Tinkaton, F|
|poke|p2|Tyranitar, F|
|poke|p2|Gholdengo|
|poke|p2|Great Tusk|
|poke|p2|Zapdos|
|teampreview
|
|t:|1743911935
|start
|switch|p1a: Meowscarada|Meowscarada, F|100/100
|switch|p2a: Tinkaton|Tinkaton, F, shiny|100/100
|-item|p2a: Tinkaton|Air Balloon
|turn|1
|inactive|Battle timer is ON: inactive players will automatically lose when time's up. (requested by iedition)
|
|t:|1743911942
|move|p1a: Meowscarada|U-turn|p2a: Tinkaton
|-start|p1a: Meowscarada|typechange|Bug|[from] ability: Protean
|-resisted|p2a: Tinkaton
|-damage|p2a: Tinkaton|87/100
|-enditem|p2a: Tinkaton|Air Balloon
|-enditem|p1a: Meowscarada|Choice Band|[silent]|[from] ability: Pickpocket|[of] p1a: Meowscarada
|-item|p2a: Tinkaton|Choice Band|[from] ability: Pickpocket|[of] p1a: Meowscarada
|
|t:|1743911955
|switch|p1a: Zapdos|Zapdos|100/100|[from] U-turn
|move|p2a: Tinkaton|Stealth Rock|p1a: Zapdos
|-sidestart|p1: Ml26|move: Stealth Rock
|
|upkeep
|turn|2
|
|t:|1743911984
|switch|p2a: Tyranitar|Tyranitar, F|100/100
|-weather|Sandstorm|[from] ability: Sand Stream|[of] p2a: Tyranitar
|move|p1a: Zapdos|Volt Switch|p2a: Tyranitar
|-damage|p2a: Tyranitar|89/100
|inactive|Ml26 has 120 seconds left.
|
|t:|1743912026
|switch|p1a: Great Tusk|Great Tusk|100/100|[from] Volt Switch
|
|-weather|Sandstorm|[upkeep]
|upkeep
|turn|3
|inactive|iedition has 120 seconds left.
|
|t:|1743912053
|switch|p2a: Zapdos|Zapdos|100/100
|move|p1a: Great Tusk|Temper Flare|p2a: Zapdos
|-damage|p2a: Zapdos|83/100
|
|-weather|Sandstorm|[upkeep]
|-damage|p2a: Zapdos|77/100|[from] Sandstorm
|upkeep
|turn|4
|inactive|iedition has 120 seconds left.
|
|t:|1743912064
|-end|p1a: Great Tusk|Protosynthesis|[silent]
|switch|p1a: Zapdos|Zapdos|100/100
|move|p2a: Zapdos|Hurricane|p1a: Zapdos
|-resisted|p1a: Zapdos
|-damage|p1a: Zapdos|78/100
|
|-weather|Sandstorm|[upkeep]
|-damage|p1a: Zapdos|72/100|[from] Sandstorm
|-damage|p2a: Zapdos|71/100|[from] Sandstorm
|upkeep
|turn|5
|inactive|Ml26 has 120 seconds left.
|inactive|iedition has 120 seconds left.
|
|t:|1743912078
|move|p1a: Zapdos|Volt Switch|p2a: Zapdos
|-damage|p2a: Zapdos|42/100
|
|t:|1743912084
|switch|p1a: Great Tusk|Great Tusk|100/100|[from] Volt Switch
|move|p2a: Zapdos|Volt Switch|p1a: Great Tusk
|-immune|p1a: Great Tusk
|
|-weather|Sandstorm|[upkeep]
|-damage|p2a: Zapdos|36/100|[from] Sandstorm
|upkeep
|turn|6
|inactive|Ml26 has 120 seconds left.
|
|t:|1743912096
|move|p1a: Great Tusk|Ice Spinner|p2a: Zapdos
|-supereffective|p2a: Zapdos
|-damage|p2a: Zapdos|0 fnt
|faint|p2a: Zapdos
|
|-weather|none
|upkeep
|inactive|iedition has 120 seconds left.
|
|t:|1743912113
|switch|p2a: Great Tusk|Great Tusk|100/100
|turn|7
|
|t:|1743912121
|move|p2a: Great Tusk|Rapid Spin|p1a: Great Tusk
|-damage|p1a: Great Tusk|88/100
|-boost|p2a: Great Tusk|spe|1
|move|p1a: Great Tusk|Rapid Spin|p2a: Great Tusk
|-damage|p2a: Great Tusk|88/100
|-boost|p1a: Great Tusk|spe|1
|-sideend|p1: Ml26|Stealth Rock|[from] move: Rapid Spin|[of] p1a: Great Tusk
|
|upkeep
|turn|8
|
|t:|1743912133
|-terastallize|p2a: Great Tusk|Steel
|move|p1a: Great Tusk|Ice Spinner|p2a: Great Tusk
|-resisted|p2a: Great Tusk
|-damage|p2a: Great Tusk|78/100
|move|p2a: Great Tusk|Ice Spinner|p1a: Great Tusk
|-supereffective|p1a: Great Tusk
|-damage|p1a: Great Tusk|48/100
|
|upkeep
|turn|9
|inactive|Ml26 has 120 seconds left.
|
|t:|1743912159
|-end|p2a: Great Tusk|Protosynthesis|[silent]
|switch|p2a: Gholdengo|Gholdengo|100/100
|-item|p2a: Gholdengo|Air Balloon
|move|p1a: Great Tusk|Temper Flare|p2a: Gholdengo
|-supereffective|p2a: Gholdengo
|-damage|p2a: Gholdengo|64/100
|-enditem|p2a: Gholdengo|Air Balloon
|
|upkeep
|turn|10
|inactive|Ml26 has 120 seconds left.
|inactive|iedition has 120 seconds left.
|
|t:|1743912174
|move|p1a: Great Tusk|Headlong Rush|p2a: Gholdengo
|-supereffective|p2a: Gholdengo
|-damage|p2a: Gholdengo|0 fnt
|-unboost|p1a: Great Tusk|def|1
|-unboost|p1a: Great Tusk|spd|1
|faint|p2a: Gholdengo
|
|upkeep
|inactive|iedition has 120 seconds left.
|
|t:|1743912191
|switch|p2a: Meowscarada|Meowscarada, M|100/100
|turn|11
|
|t:|1743912203
|move|p1a: Great Tusk|Ice Spinner|p2a: Meowscarada
|-supereffective|p2a: Meowscarada
|-damage|p2a: Meowscarada|9/100
|move|p2a: Meowscarada|Triple Axel|p1a: Great Tusk
|-start|p2a: Meowscarada|typechange|Ice|[from] ability: Protean
|-supereffective|p1a: Great Tusk
|-damage|p1a: Great Tusk|25/100
|-supereffective|p1a: Great Tusk
|-damage|p1a: Great Tusk|0 fnt
|faint|p1a: Great Tusk
|-end|p1a: Great Tusk|Protosynthesis|[silent]
|-hitcount|p1: Great Tusk|2
|
|upkeep
|inactive|Ml26 has 120 seconds left.
|
|t:|1743912214
|switch|p1a: Kingambit|Kingambit, F|100/100
|-activate|p1a: Kingambit|ability: Supreme Overlord
|-start|p1a: Kingambit|fallen1|[silent]
|-item|p1a: Kingambit|Air Balloon
|turn|12
|inactive|iedition has 120 seconds left.
|
|t:|1743912228
|move|p2a: Meowscarada|U-turn|p1a: Kingambit
|-damage|p1a: Kingambit|82/100
|-enditem|p1a: Kingambit|Air Balloon
|
|t:|1743912232
|switch|p2a: Tinkaton|Tinkaton, F, shiny|87/100|[from] U-turn
|move|p1a: Kingambit|Swords Dance|p1a: Kingambit
|-boost|p1a: Kingambit|atk|2
|
|upkeep
|turn|13
|
|t:|1743912239
|move|p2a: Tinkaton|Encore|p1a: Kingambit
|-start|p1a: Kingambit|Encore
|move|p1a: Kingambit|Swords Dance|p1a: Kingambit
|-boost|p1a: Kingambit|atk|2
|
|upkeep
|turn|14
|
|t:|1743912251
|switch|p2a: Tyranitar|Tyranitar, F|89/100
|-weather|Sandstorm|[from] ability: Sand Stream|[of] p2a: Tyranitar
|move|p1a: Kingambit|Swords Dance|p1a: Kingambit
|-boost|p1a: Kingambit|atk|2
|
|-weather|Sandstorm|[upkeep]
|upkeep
|turn|15
|
|t:|1743912266
|move|p2a: Tyranitar|Low Kick|p1a: Kingambit
|-supereffective|p1a: Kingambit
|-damage|p1a: Kingambit|0 fnt
|faint|p1a: Kingambit
|-end|p1a: Kingambit|fallen1|[silent]
|
|-weather|Sandstorm|[upkeep]
|upkeep
|inactive|Ml26 has 120 seconds left.
|
|t:|1743912289
|switch|p1a: Meowscarada|Meowscarada, F|100/100
|turn|16
|inactive|Ml26 has 120 seconds left.
|
|t:|1743912300
|switch|p2a: Meowscarada|Meowscarada, M|9/100
|move|p1a: Meowscarada|Flower Trick|p2a: Meowscarada
|-start|p1a: Meowscarada|typechange|Grass|[from] ability: Protean
|-resisted|p2a: Meowscarada
|-crit|p2a: Meowscarada
|-damage|p2a: Meowscarada|0 fnt
|faint|p2a: Meowscarada
|
|-weather|Sandstorm|[upkeep]
|-damage|p1a: Meowscarada|94/100|[from] Sandstorm
|upkeep
|
|t:|1743912308
|switch|p2a: Great Tusk|Great Tusk, tera:Steel|78/100
|turn|17
|inactive|Ml26 has 120 seconds left.
|
|t:|1743912329
|move|p1a: Meowscarada|U-turn|p2a: Great Tusk
|-resisted|p2a: Great Tusk
|-damage|p2a: Great Tusk|70/100
|
|t:|1743912334
|switch|p1a: Clefable|Clefable, F|100/100|[from] U-turn
|move|p2a: Great Tusk|Rapid Spin|p1a: Clefable
|-damage|p1a: Clefable|81/100
|-boost|p2a: Great Tusk|spe|1
|
|-weather|Sandstorm|[upkeep]
|-heal|p1a: Clefable|87/100|[from] item: Leftovers
|upkeep
|turn|18
|inactive|Ml26 has 120 seconds left.
|inactive|Ml26 has 90 seconds left.
|
|t:|1743912376
|move|p2a: Great Tusk|Knock Off|p1a: Clefable
|-resisted|p1a: Clefable
|-damage|p1a: Clefable|68/100
|-enditem|p1a: Clefable|Leftovers|[from] move: Knock Off|[of] p2a: Great Tusk
|move|p1a: Clefable|Thunder Wave|p2a: Great Tusk
|-status|p2a: Great Tusk|par
|
|-weather|none
|upkeep
|turn|19
|
|t:|1743912388
|move|p2a: Great Tusk|Rapid Spin|p1a: Clefable
|-damage|p1a: Clefable|48/100
|-boost|p2a: Great Tusk|spe|1
|move|p1a: Clefable|Stealth Rock|p2a: Great Tusk
|-sidestart|p2: iedition|move: Stealth Rock
|
|upkeep
|turn|20
|inactive|Ml26 has 90 seconds left.
|
|t:|1743912426
|cant|p2a: Great Tusk|par
|move|p1a: Clefable|Moonlight|p1a: Clefable
|-heal|p1a: Clefable|98/100
|
|upkeep
|turn|21
|inactive|Ml26 has 60 seconds left.
|
|t:|1743912447
|switch|p1a: Zapdos|Zapdos|72/100
|move|p2a: Great Tusk|Rapid Spin|p1a: Zapdos
|-damage|p1a: Zapdos|55/100
|-boost|p2a: Great Tusk|spe|1
|-sideend|p2: iedition|Stealth Rock|[from] move: Rapid Spin|[of] p2a: Great Tusk
|
|upkeep
|turn|22
|
|t:|1743912460
|cant|p2a: Great Tusk|par
|move|p1a: Zapdos|Roost|p1a: Zapdos
|-heal|p1a: Zapdos|100/100
|-singleturn|p1a: Zapdos|move: Roost
|
|upkeep
|turn|23
|inactive|Ml26 has 60 seconds left.
|
|t:|1743912486
|cant|p2a: Great Tusk|par
|move|p1a: Zapdos|Hurricane|p2a: Great Tusk|[miss]
|-miss|p1a: Zapdos|p2a: Great Tusk
|
|upkeep
|turn|24
|
|t:|1743912491
|move|p2a: Great Tusk|Rapid Spin|p1a: Zapdos
|-damage|p1a: Zapdos|83/100
|-boost|p2a: Great Tusk|spe|1
|move|p1a: Zapdos|Hurricane|p2a: Great Tusk
|-resisted|p2a: Great Tusk
|-damage|p2a: Great Tusk|36/100 par
|
|upkeep
|turn|25
|inactive|Ml26 has 60 seconds left.
|inactive|Ml26 has 30 seconds left.
|
|t:|1743912536
|move|p2a: Great Tusk|Ice Spinner|p1a: Zapdos
|-supereffective|p1a: Zapdos
|-damage|p1a: Zapdos|28/100
|move|p1a: Zapdos|Heat Wave|p2a: Great Tusk|[miss]
|-miss|p1a: Zapdos|p2a: Great Tusk
|
|upkeep
|turn|26
|
|t:|1743912542
|move|p2a: Great Tusk|Ice Spinner|p1a: Zapdos
|-supereffective|p1a: Zapdos
|-damage|p1a: Zapdos|0 fnt
|faint|p1a: Zapdos
|
|upkeep
|
|t:|1743912547
|switch|p1a: Dragapult|Dragapult, F|100/100
|turn|27
|
|t:|1743912559
|-terastallize|p1a: Dragapult|Ghost
|move|p2a: Great Tusk|Knock Off|p1a: Dragapult
|-supereffective|p1a: Dragapult
|-damage|p1a: Dragapult|0 fnt
|-enditem|p1a: Dragapult|Leftovers|[from] move: Knock Off|[of] p2a: Great Tusk
|faint|p1a: Dragapult
|
|upkeep
|
|t:|1743912565
|switch|p1a: Meowscarada|Meowscarada, F|94/100
|turn|28
|
|t:|1743912570
|move|p2a: Great Tusk|Ice Spinner|p1a: Meowscarada
|-supereffective|p1a: Meowscarada
|-damage|p1a: Meowscarada|1/100
|move|p1a: Meowscarada|Knock Off|p2a: Great Tusk
|-start|p1a: Meowscarada|typechange|Dark|[from] ability: Protean
|-damage|p2a: Great Tusk|2/100 par
|-enditem|p2a: Great Tusk|Heavy-Duty Boots|[from] move: Knock Off|[of] p1a: Meowscarada
|
|upkeep
|turn|29
|inactive|Ml26 has 60 seconds left.
|-message|Ml26 forfeited.
|
|win|iedition
|raw|Ml26's rating: 1391 &rarr; <strong>1368</strong><br />(-23 for losing)
|raw|iedition's rating: 1344 &rarr; <strong>1367</strong><br />(+23 for winning)
|l|☆Ml26
|player|p1|
|l|☆iedition
|player|p2|
