|j|☆CJTrey
|j|☆Scizzor97
|t:|1743897937
|gametype|singles
|player|p1|CJTrey|102|1367
|player|p2|Scizzor97|1|1352
|teamsize|p1|6
|teamsize|p2|6
|gen|9
|tier|[Gen 9] OU
|rated|
|rule|HP Percentage Mod: HP is shown in percentages
|rule|Endless Battle Clause: Forcing endless battles is banned
|rule|Species Clause: Limit one of each Pokémon
|rule|OHKO Clause: OHKO moves are banned
|rule|Evasion Items Clause: Evasion items are banned
|rule|Evasion Moves Clause: Evasion moves are banned
|rule|Sleep Moves Clause: Sleep-inducing moves are banned
|clearpoke
|poke|p1|Great Tusk|
|poke|p1|Zapdos|
|poke|p1|Meowscarada, F|
|poke|p1|Kingambit, F|
|poke|p1|Dragapult, F|
|poke|p1|Clefable, F|
|poke|p2|Iron Hands|
|poke|p2|Lapras, M|
|poke|p2|Corviknight, M|
|poke|p2|Coalossal, M|
|poke|p2|Dragapult, M|
|poke|p2|Toxicroak, M|
|teampreview
|inactive|Battle timer is ON: inactive players will automatically lose when time's up. (requested by Scizzor97)
|
|t:|1743897952
|start
|switch|p1a: Meowscarada|Meowscarada, F|100/100
|switch|p2a: Lapras|Lapras, M|100/100
|turn|1
|
|t:|1743897963
|switch|p2a: Corviknight|Corviknight, M, shiny|100/100
|-ability|p2a: Corviknight|Pressure
|move|p1a: Meowscarada|Flower Trick|p2a: Corviknight
|-start|p1a: Meowscarada|typechange|Grass|[from] ability: Protean
|-resisted|p2a: Corviknight
|-crit|p2a: Corviknight
|-damage|p2a: Corviknight|90/100
|
|upkeep
|turn|2
|
|t:|1743897981
|switch|p1a: Clefable|Clefable, F|100/100
|move|p2a: Corviknight|Body Press|p1a: Clefable
|-resisted|p1a: Clefable
|-damage|p1a: Clefable|85/100
|
|-heal|p1a: Clefable|91/100|[from] item: Leftovers
|upkeep
|turn|3
|
|t:|1743897995
|move|p2a: Corviknight|Brave Bird|p1a: Clefable
|-damage|p1a: Clefable|47/100
|-damage|p2a: Corviknight|76/100|[from] Recoil
|move|p1a: Clefable|Stealth Rock|p2a: Corviknight
|-sidestart|p2: Scizzor97|move: Stealth Rock
|
|-heal|p1a: Clefable|53/100|[from] item: Leftovers
|upkeep
|turn|4
|
|t:|1743898002
|switch|p1a: Zapdos|Zapdos|100/100
|move|p2a: Corviknight|Defog|p1a: Zapdos
|-unboost|p1a: Zapdos|evasion|1
|-sideend|p2: Scizzor97|Stealth Rock|[from] move: Defog|[of] p2a: Corviknight
|
|upkeep
|turn|5
|
|t:|1743898009
|switch|p2a: Iron Hands|Iron Hands, shiny|100/100
|move|p1a: Zapdos|Volt Switch|p2a: Iron Hands
|-resisted|p2a: Iron Hands
|-damage|p2a: Iron Hands|89/100
|
|t:|1743898018
|switch|p1a: Dragapult|Dragapult, F|100/100|[from] Volt Switch
|
|upkeep
|turn|6
|
|t:|1743898025
|move|p1a: Dragapult|Substitute|p1a: Dragapult
|-start|p1a: Dragapult|Substitute
|-damage|p1a: Dragapult|76/100
|move|p2a: Iron Hands|Swords Dance|p2a: Iron Hands
|-boost|p2a: Iron Hands|atk|2
|
|-heal|p1a: Dragapult|82/100|[from] item: Leftovers
|upkeep
|turn|7
|
|t:|1743898030
|move|p1a: Dragapult|Dragon Darts|p2a: Iron Hands
|-damage|p2a: Iron Hands|79/100
|-anim|p1a: Dragapult|Dragon Darts|p2a: Iron Hands
|-damage|p2a: Iron Hands|67/100
|move|p2a: Iron Hands|Ice Punch|p1a: Dragapult
|-supereffective|p1a: Dragapult
|-end|p1a: Dragapult|Substitute
|
|-heal|p1a: Dragapult|88/100|[from] item: Leftovers
|upkeep
|turn|8
|
|t:|1743898052
|move|p1a: Dragapult|Hex|p2a: Iron Hands
|-damage|p2a: Iron Hands|44/100
|move|p2a: Iron Hands|Ice Punch|p1a: Dragapult
|-supereffective|p1a: Dragapult
|-damage|p1a: Dragapult|0 fnt
|faint|p1a: Dragapult
|
|upkeep
|inactive|CJTrey has 120 seconds left.
|
|t:|1743898069
|switch|p1a: Zapdos|Zapdos|100/100
|turn|9
|
|t:|1743898076
|move|p1a: Zapdos|Hurricane|p2a: Iron Hands
|-damage|p2a: Iron Hands|13/100
|-start|p2a: Iron Hands|confusion
|-activate|p2a: Iron Hands|confusion
|move|p2a: Iron Hands|Swords Dance|p2a: Iron Hands
|-boost|p2a: Iron Hands|atk|2
|
|upkeep
|turn|10
|-enditem|p2a: Iron Hands|Custap Berry|[eat]
|-activate|p2a: Iron Hands|item: Custap Berry|[consumed]
|
|t:|1743898092
|-end|p2a: Iron Hands|confusion
|move|p2a: Iron Hands|Ice Punch|p1a: Zapdos
|-supereffective|p1a: Zapdos
|-damage|p1a: Zapdos|0 fnt
|faint|p1a: Zapdos
|
|upkeep
|
|t:|1743898100
|switch|p1a: Meowscarada|Meowscarada, F|100/100
|turn|11
|
|t:|1743898104
|-end|p2a: Iron Hands|Quark Drive|[silent]
|switch|p2a: Corviknight|Corviknight, M, shiny|76/100
|-ability|p2a: Corviknight|Pressure
|move|p1a: Meowscarada|Flower Trick|p2a: Corviknight
|-start|p1a: Meowscarada|typechange|Grass|[from] ability: Protean
|-resisted|p2a: Corviknight
|-crit|p2a: Corviknight
|-damage|p2a: Corviknight|65/100
|
|upkeep
|turn|12
|
|t:|1743898113
|switch|p1a: Clefable|Clefable, F|53/100
|move|p2a: Corviknight|Brave Bird|p1a: Clefable
|-damage|p1a: Clefable|10/100
|-damage|p2a: Corviknight|51/100|[from] Recoil
|
|-heal|p1a: Clefable|16/100|[from] item: Leftovers
|upkeep
|turn|13
|
|t:|1743898120
|move|p2a: Corviknight|Brave Bird|p1a: Clefable
|-damage|p1a: Clefable|0 fnt
|faint|p1a: Clefable
|-damage|p2a: Corviknight|46/100|[from] Recoil
|
|upkeep
|
|t:|1743898134
|switch|p1a: Great Tusk|Great Tusk|100/100
|turn|14
|
|t:|1743898138
|move|p1a: Great Tusk|Temper Flare|p2a: Corviknight
|-supereffective|p2a: Corviknight
|-damage|p2a: Corviknight|16/100
|-damage|p1a: Great Tusk|84/100|[from] item: Rocky Helmet|[of] p2a: Corviknight
|move|p2a: Corviknight|Roost|p2a: Corviknight
|-heal|p2a: Corviknight|66/100
|-singleturn|p2a: Corviknight|move: Roost
|
|upkeep
|turn|15
|
|t:|1743898148
|move|p1a: Great Tusk|Temper Flare|p2a: Corviknight
|-supereffective|p2a: Corviknight
|-damage|p2a: Corviknight|34/100
|-damage|p1a: Great Tusk|68/100|[from] item: Rocky Helmet|[of] p2a: Corviknight
|move|p2a: Corviknight|Brave Bird|p1a: Great Tusk
|-supereffective|p1a: Great Tusk
|-damage|p1a: Great Tusk|17/100
|-damage|p2a: Corviknight|19/100|[from] Recoil
|
|upkeep
|turn|16
|
|t:|1743898164
|switch|p2a: Coalossal|Coalossal, M, shiny|100/100
|move|p1a: Great Tusk|Temper Flare|p2a: Coalossal
|-resisted|p2a: Coalossal
|-crit|p2a: Coalossal
|-damage|p2a: Coalossal|93/100
|-ability|p2a: Coalossal|Steam Engine|boost
|-boost|p2a: Coalossal|spe|6
|
|upkeep
|turn|17
|
|t:|1743898174
|move|p2a: Coalossal|Scald|p1a: Great Tusk
|-supereffective|p1a: Great Tusk
|-damage|p1a: Great Tusk|0 fnt
|faint|p1a: Great Tusk
|-end|p1a: Great Tusk|Protosynthesis|[silent]
|
|upkeep
|
|t:|1743898181
|switch|p1a: Meowscarada|Meowscarada, F|100/100
|turn|18
|
|t:|1743898189
|move|p2a: Coalossal|Meteor Beam||[still]
|-prepare|p2a: Coalossal|Meteor Beam
|-boost|p2a: Coalossal|spa|1
|-enditem|p2a: Coalossal|Power Herb
|-anim|p2a: Coalossal|Meteor Beam|p1a: Meowscarada
|-damage|p1a: Meowscarada|0 fnt
|faint|p1a: Meowscarada
|
|upkeep
|-message|CJTrey forfeited.
|
|win|Scizzor97
|raw|CJTrey's rating: 1367 &rarr; <strong>1346</strong><br />(-21 for losing)
|raw|Scizzor97's rating: 1352 &rarr; <strong>1373</strong><br />(+21 for winning)
|l|☆CJTrey
|player|p1|
|l|☆Scizzor97
|player|p2|
