|j|☆jaimelu
|j|☆Nbr1bleachfan
|t:|1743835108
|gametype|singles
|player|p1|jaimelu|101|1000
|player|p2|Nbr1bleachfan|unknown|1000
|teamsize|p1|6
|teamsize|p2|6
|gen|9
|tier|[Gen 9] OU
|rated|
|rule|HP Percentage Mod: HP is shown in percentages
|rule|Endless Battle Clause: Forcing endless battles is banned
|rule|Species Clause: Limit one of each Pokémon
|rule|OHKO Clause: OHKO moves are banned
|rule|Evasion Items Clause: Evasion items are banned
|rule|Evasion Moves Clause: Evasion moves are banned
|rule|Sleep Moves Clause: Sleep-inducing moves are banned
|clearpoke
|poke|p1|Lapras, F|
|poke|p1|Gliscor, M|
|poke|p1|Dragapult, M|
|poke|p1|Rotom-Wash|
|poke|p1|Talonflame, F|
|poke|p1|Venusaur, F|
|poke|p2|Zamazenta-*|
|poke|p2|Kingambit, M|
|poke|p2|Samurott-Hisui, M|
|poke|p2|Landorus-Therian, M|
|poke|p2|Iron Valiant|
|poke|p2|Iron Moth|
|teampreview
|
|t:|1743835120
|start
|switch|p1a: Venusaur|Venusaur, F|100/100
|switch|p2a: Samurott|Samurott-Hisui, M|100/100
|turn|1
|
|t:|1743835132
|-terastallize|p2a: Samurott|Ghost
|move|p2a: Samurott|Swords Dance|p2a: Samurott
|-boost|p2a: Samurott|atk|2
|move|p1a: Venusaur|Sludge Bomb|p2a: Samurott
|-resisted|p2a: Samurott
|-damage|p2a: Samurott|74/100
|-status|p2a: Samurott|psn
|
|-damage|p2a: Samurott|62/100 psn|[from] psn
|upkeep
|turn|2
|
|t:|1743835148
|move|p2a: Samurott|Ceaseless Edge|p1a: Venusaur
|-damage|p1a: Venusaur|0 fnt
|-sidestart|p1: jaimelu|Spikes
|faint|p1a: Venusaur
|
|-damage|p2a: Samurott|49/100 psn|[from] psn
|upkeep
|
|t:|1743835158
|switch|p1a: Rotom|Rotom-Wash|100/100
|turn|3
|
|t:|1743835171
|move|p1a: Rotom|Protect|p1a: Rotom
|-singleturn|p1a: Rotom|Protect
|move|p2a: Samurott|Ceaseless Edge|p1a: Rotom
|-activate|p1a: Rotom|move: Protect
|
|-damage|p2a: Samurott|37/100 psn|[from] psn
|upkeep
|turn|4
|
|t:|1743835182
|move|p1a: Rotom|Protect||[still]
|-fail|p1a: Rotom
|move|p2a: Samurott|Ceaseless Edge|p1a: Rotom
|-damage|p1a: Rotom|0 fnt
|-sidestart|p1: jaimelu|Spikes
|faint|p1a: Rotom
|
|-damage|p2a: Samurott|24/100 psn|[from] psn
|upkeep
|
|t:|1743835189
|switch|p1a: Talonflame|Talonflame, F|100/100
|turn|5
|
|t:|1743835197
|move|p1a: Talonflame|Fire Blast|p2a: Samurott
|-damage|p2a: Samurott|0 fnt
|faint|p2a: Samurott
|
|upkeep
|
|t:|1743835208
|switch|p2a: Landorus|Landorus-Therian, M|100/100
|-ability|p2a: Landorus|Intimidate|boost
|-unboost|p1a: Talonflame|atk|1
|turn|6
|
|t:|1743835217
|move|p2a: Landorus|Stealth Rock|p1a: Talonflame
|-sidestart|p1: jaimelu|move: Stealth Rock
|move|p1a: Talonflame|Swords Dance|p1a: Talonflame
|-boost|p1a: Talonflame|atk|2
|
|upkeep
|turn|7
|inactive|Battle timer is ON: inactive players will automatically lose when time's up. (requested by Nbr1bleachfan)
|
|t:|1743835227
|move|p2a: Landorus|Taunt|p1a: Talonflame
|-start|p1a: Talonflame|move: Taunt
|move|p1a: Talonflame|Fire Blast|p2a: Landorus|[miss]
|-miss|p1a: Talonflame|p2a: Landorus
|
|upkeep
|turn|8
|
|t:|1743835236
|switch|p2a: Zamazenta|Zamazenta|100/100
|-ability|p2a: Zamazenta|Dauntless Shield|boost
|-boost|p2a: Zamazenta|def|1
|-terastallize|p1a: Talonflame|Fire
|move|p1a: Talonflame|Fire Blast|p2a: Zamazenta
|-damage|p2a: Zamazenta|67/100
|
|-heal|p2a: Zamazenta|73/100|[from] item: Leftovers
|upkeep
|turn|9
|
|t:|1743835250
|move|p1a: Talonflame|Brave Bird|p2a: Zamazenta
|-supereffective|p2a: Zamazenta
|-damage|p2a: Zamazenta|1/100
|-damage|p1a: Talonflame|72/100|[from] Recoil
|move|p2a: Zamazenta|Body Press|p1a: Talonflame
|-damage|p1a: Talonflame|9/100
|
|-heal|p2a: Zamazenta|8/100|[from] item: Leftovers
|-end|p1a: Talonflame|move: Taunt
|upkeep
|turn|10
|
|t:|1743835265
|move|p1a: Talonflame|Hurricane|p2a: Zamazenta
|-supereffective|p2a: Zamazenta
|-damage|p2a: Zamazenta|0 fnt
|faint|p2a: Zamazenta
|
|upkeep
|inactive|Nbr1bleachfan has 120 seconds left.
|
|t:|1743835300
|switch|p2a: Iron Valiant|Iron Valiant|100/100
|-enditem|p2a: Iron Valiant|Booster Energy
|-activate|p2a: Iron Valiant|ability: Quark Drive|[fromitem]
|-start|p2a: Iron Valiant|quarkdrivespe
|turn|11
|
|t:|1743835320
|move|p2a: Iron Valiant|Thunderbolt|p1a: Talonflame
|-damage|p1a: Talonflame|0 fnt
|faint|p1a: Talonflame
|
|upkeep
|
|t:|1743835328
|switch|p1a: Gliscor|Gliscor, M|100/100
|-damage|p1a: Gliscor|88/100|[from] Stealth Rock
|turn|12
|
|t:|1743835336
|move|p2a: Iron Valiant|Thunderbolt|p1a: Gliscor
|-immune|p1a: Gliscor
|move|p1a: Gliscor|Toxic Spikes|p2a: Iron Valiant
|-sidestart|p2: Nbr1bleachfan|move: Toxic Spikes
|
|-status|p1a: Gliscor|tox|[from] item: Toxic Orb
|upkeep
|turn|13
|
|t:|1743835345
|move|p2a: Iron Valiant|Psyshock|p1a: Gliscor
|-damage|p1a: Gliscor|66/100 tox
|move|p1a: Gliscor|Facade|p2a: Iron Valiant
|-damage|p2a: Iron Valiant|56/100
|
|-damage|p1a: Gliscor|60/100 tox|[from] psn
|upkeep
|turn|14
|
|t:|1743835357
|move|p2a: Iron Valiant|Moonblast|p1a: Gliscor
|-damage|p1a: Gliscor|2/100 tox
|-unboost|p1a: Gliscor|spa|1
|move|p1a: Gliscor|Facade|p2a: Iron Valiant
|-damage|p2a: Iron Valiant|11/100
|
|-damage|p1a: Gliscor|0 fnt|[from] psn
|faint|p1a: Gliscor
|upkeep
|
|t:|1743835366
|switch|p1a: Lapras|Lapras, F|100/100
|-damage|p1a: Lapras|84/100|[from] Spikes
|-damage|p1a: Lapras|59/100|[from] Stealth Rock
|turn|15
|
|t:|1743835377
|move|p2a: Iron Valiant|Thunderbolt|p1a: Lapras
|-supereffective|p1a: Lapras
|-damage|p1a: Lapras|16/100
|move|p1a: Lapras|Psychic|p2a: Iron Valiant
|-supereffective|p2a: Iron Valiant
|-damage|p2a: Iron Valiant|0 fnt
|faint|p2a: Iron Valiant
|-end|p2a: Iron Valiant|Quark Drive|[silent]
|
|upkeep
|
|t:|1743835387
|switch|p2a: Iron Moth|Iron Moth|100/100
|-sideend|p2: Nbr1bleachfan|move: Toxic Spikes|[of] p2a: Iron Moth
|-enditem|p2a: Iron Moth|Booster Energy
|-activate|p2a: Iron Moth|ability: Quark Drive|[fromitem]
|-start|p2a: Iron Moth|quarkdrivespe
|turn|16
|
|t:|1743835394
|move|p2a: Iron Moth|Tera Blast|p1a: Lapras
|-damage|p1a: Lapras|0 fnt
|faint|p1a: Lapras
|
|upkeep
|
|t:|1743835398
|switch|p1a: Dragapult|Dragapult, M|100/100
|-damage|p1a: Dragapult|84/100|[from] Spikes
|-damage|p1a: Dragapult|71/100|[from] Stealth Rock
|turn|17
|
|t:|1743835413
|move|p2a: Iron Moth|Sludge Wave|p1a: Dragapult
|-resisted|p1a: Dragapult
|-damage|p1a: Dragapult|43/100
|move|p1a: Dragapult|Phantom Force||[still]
|-prepare|p1a: Dragapult|Phantom Force
|
|upkeep
|turn|18
|
|t:|1743835421
|move|p2a: Iron Moth|Fiery Dance|p1a: Dragapult|[miss]
|-miss|p2a: Iron Moth|p1a: Dragapult
|move|p1a: Dragapult|Phantom Force|p2a: Iron Moth|[from] lockedmove
|-damage|p2a: Iron Moth|52/100
|
|upkeep
|turn|19
|
|t:|1743835428
|move|p2a: Iron Moth|Psychic|p1a: Dragapult
|-damage|p1a: Dragapult|10/100
|move|p1a: Dragapult|Phantom Force||[still]
|-prepare|p1a: Dragapult|Phantom Force
|
|upkeep
|turn|20
|
|t:|1743835435
|-end|p2a: Iron Moth|Quark Drive|[silent]
|switch|p2a: Kingambit|Kingambit, M|100/100
|-activate|p2a: Kingambit|ability: Supreme Overlord
|-start|p2a: Kingambit|fallen3|[silent]
|move|p1a: Dragapult|Phantom Force|p2a: Kingambit|[from] lockedmove
|-resisted|p2a: Kingambit
|-damage|p2a: Kingambit|87/100
|
|-heal|p2a: Kingambit|93/100|[from] item: Leftovers
|upkeep
|turn|21
|
|t:|1743835446
|move|p2a: Kingambit|Sucker Punch|p1a: Dragapult
|-supereffective|p1a: Dragapult
|-damage|p1a: Dragapult|0 fnt
|faint|p1a: Dragapult
|
|win|Nbr1bleachfan
|raw|jaimelu's rating: 1000 &rarr; <strong>1000</strong><br />(+0 for losing)
|raw|Nbr1bleachfan's rating: 1000 &rarr; <strong>1040</strong><br />(+40 for winning)
|l|☆jaimelu
|player|p1|
