|j|☆slowpoketailchef
|j|☆amzamora
|t:|1743881405
|gametype|singles
|player|p1|slowpoketailchef|rocketgrunt|1232
|player|p2|amzamora|101|1194
|teamsize|p1|6
|teamsize|p2|6
|gen|9
|tier|[Gen 9] OU
|rated|
|rule|HP Percentage Mod: HP is shown in percentages
|rule|Endless Battle Clause: Forcing endless battles is banned
|rule|Species Clause: Limit one of each Pokémon
|rule|OHKO Clause: OHKO moves are banned
|rule|Evasion Items Clause: Evasion items are banned
|rule|Evasion Moves Clause: Evasion moves are banned
|rule|Sleep Moves Clause: Sleep-inducing moves are banned
|clearpoke
|poke|p1|Slowking-Galar, M|
|poke|p1|Dragapult, M|
|poke|p1|Corviknight, F|
|poke|p1|Iron Valiant|
|poke|p1|Kingambit, F|
|poke|p1|Araquanid, F|
|poke|p2|Chandelure, F|
|poke|p2|Porygon2|
|poke|p2|Salamence, M|
|poke|p2|Rotom-Wash|
|poke|p2|Feraligatr, F|
|poke|p2|Reuniclus, M|
|teampreview
|inactive|Battle timer is ON: inactive players will automatically lose when time's up. (requested by slowpoketailchef)
|inactive|amzamora also wants the timer to be on.
|j| sumerand
|c| sumerand|XD
|
|t:|1743881436
|start
|switch|p1a: Araquanid|Araquanid, F|100/100
|switch|p2a: Porygon2|Porygon2|100/100
|turn|1
|
|t:|1743881448
|move|p2a: Porygon2|Tri Attack|p1a: Araquanid
|-damage|p1a: Araquanid|75/100
|move|p1a: Araquanid|Liquidation|p2a: Porygon2
|-damage|p2a: Porygon2|60/100
|
|upkeep
|turn|2
|c|☆slowpoketailchef|who tf lol
|
|t:|1743881460
|move|p2a: Porygon2|Thunder Wave|p1a: Araquanid
|-status|p1a: Araquanid|par
|move|p1a: Araquanid|Sticky Web|p2a: Porygon2
|-sidestart|p2: amzamora|move: Sticky Web
|
|upkeep
|turn|3
|
|t:|1743881464
|move|p2a: Porygon2|Tri Attack|p1a: Araquanid
|-damage|p1a: Araquanid|51/100 par
|move|p1a: Araquanid|Leech Life|p2a: Porygon2
|-damage|p2a: Porygon2|42/100
|-heal|p1a: Araquanid|61/100 par|[from] drain|[of] p2a: Porygon2
|
|upkeep
|turn|4
|
|t:|1743881471
|move|p2a: Porygon2|Recover|p2a: Porygon2
|-heal|p2a: Porygon2|92/100
|move|p1a: Araquanid|Leech Life|p2a: Porygon2
|-damage|p2a: Porygon2|73/100
|-heal|p1a: Araquanid|71/100 par|[from] drain|[of] p2a: Porygon2
|
|upkeep
|turn|5
|
|t:|1743881480
|switch|p2a: Chandelure|Chandelure, F|100/100
|-activate|p2a: Chandelure|move: Sticky Web
|-unboost|p2a: Chandelure|spe|1
|switch|p1a: Dragapult|Dragapult, M|100/100
|
|upkeep
|turn|6
|
|t:|1743881488
|switch|p2a: Porygon2|Porygon2|73/100
|-activate|p2a: Porygon2|move: Sticky Web
|-unboost|p2a: Porygon2|spe|1
|move|p1a: Dragapult|Hex|p2a: Porygon2
|-immune|p2a: Porygon2
|
|upkeep
|turn|7
|
|t:|1743881495
|move|p1a: Dragapult|U-turn|p2a: Porygon2
|-damage|p2a: Porygon2|60/100
|
|t:|1743881499
|switch|p1a: Araquanid|Araquanid, F|71/100 par|[from] U-turn
|move|p2a: Porygon2|Recover|p2a: Porygon2
|-heal|p2a: Porygon2|100/100
|
|upkeep
|turn|8
|
|t:|1743881504
|move|p2a: Porygon2|Tri Attack|p1a: Araquanid
|-damage|p1a: Araquanid|48/100 par
|move|p1a: Araquanid|Liquidation|p2a: Porygon2
|-damage|p2a: Porygon2|62/100
|
|upkeep
|turn|9
|
|t:|1743881513
|switch|p2a: Rotom|Rotom-Wash|100/100
|switch|p1a: Dragapult|Dragapult, M|100/100
|
|upkeep
|turn|10
|c| sumerand|Oh the guy youre playing decided to talk crap until he got whooped
|c| sumerand|Then went sileny
|c|☆slowpoketailchef|ohhhh
|
|t:|1743881540
|move|p1a: Dragapult|Draco Meteor|p2a: Rotom
|-crit|p2a: Rotom
|-damage|p2a: Rotom|0 fnt
|-unboost|p1a: Dragapult|spa|2
|faint|p2a: Rotom
|
|upkeep
|c| sumerand|Yah he haxed then went XD
|c| sumerand|And still lost
|c|☆slowpoketailchef|crazy crit
|c| sumerand|Im cheerin for you though bro
|c|☆slowpoketailchef|i just played a leaf storm superior and hadda change my team up a lil
|c|☆slowpoketailchef|ty
|c|☆amzamora|i just say xD because the i froze you two times
|c| sumerand|XD
|inactive|amzamora has 120 seconds left.
|c|☆amzamora|that's all
|
|t:|1743881574
|switch|p2a: Porygon2|Porygon2|62/100
|-activate|p2a: Porygon2|move: Sticky Web
|-unboost|p2a: Porygon2|spe|1
|turn|11
|
|t:|1743881583
|switch|p1a: Araquanid|Araquanid, F|48/100 par
|move|p2a: Porygon2|Recover|p2a: Porygon2
|-heal|p2a: Porygon2|100/100
|
|upkeep
|turn|12
|c| sumerand|Abd i just said XD cuz you got whooped
|
|t:|1743881589
|move|p2a: Porygon2|Tri Attack|p1a: Araquanid
|-damage|p1a: Araquanid|26/100 par
|move|p1a: Araquanid|Leech Life|p2a: Porygon2
|-damage|p2a: Porygon2|82/100
|-heal|p1a: Araquanid|36/100 par|[from] drain|[of] p2a: Porygon2
|
|upkeep
|turn|13
|c| sumerand|Thats all
|c|☆amzamora|are you a child?
|
|t:|1743881601
|switch|p1a: Dragapult|Dragapult, M|100/100
|move|p2a: Porygon2|Tri Attack|p1a: Dragapult
|-immune|p1a: Dragapult
|
|upkeep
|turn|14
|c| sumerand|I mean are you?
|
|t:|1743881611
|move|p1a: Dragapult|Will-O-Wisp|p2a: Porygon2|[miss]
|-miss|p1a: Dragapult|p2a: Porygon2
|move|p2a: Porygon2|Ice Beam|p1a: Dragapult
|-supereffective|p1a: Dragapult
|-damage|p1a: Dragapult|26/100
|
|upkeep
|turn|15
|
|t:|1743881617
|move|p1a: Dragapult|U-turn|p2a: Porygon2
|-damage|p2a: Porygon2|71/100
|c| sumerand|Talkin crap then gping mute os something
|
|t:|1743881621
|switch|p1a: Iron Valiant|Iron Valiant|100/100|[from] U-turn
|-enditem|p1a: Iron Valiant|Booster Energy
|-activate|p1a: Iron Valiant|ability: Quark Drive|[fromitem]
|-start|p1a: Iron Valiant|quarkdrivespe
|move|p2a: Porygon2|Tri Attack|p1a: Iron Valiant
|-damage|p1a: Iron Valiant|21/100
|
|upkeep
|turn|16
|
|t:|1743881630
|switch|p2a: Chandelure|Chandelure, F|100/100
|-activate|p2a: Chandelure|move: Sticky Web
|-unboost|p2a: Chandelure|spe|1
|move|p1a: Iron Valiant|Close Combat|p2a: Chandelure
|-immune|p2a: Chandelure
|
|upkeep
|turn|17
|
|t:|1743881640
|-end|p1a: Iron Valiant|Quark Drive|[silent]
|switch|p1a: Kingambit|Kingambit, F|100/100
|move|p2a: Chandelure|Shadow Ball|p1a: Kingambit
|-resisted|p1a: Kingambit
|-damage|p1a: Kingambit|63/100
|
|upkeep
|turn|18
|c|☆amzamora|saying xD is not talking crap wtf
|
|t:|1743881658
|switch|p2a: Feraligatr|Feraligatr, F|100/100
|-activate|p2a: Feraligatr|move: Sticky Web
|-unboost|p2a: Feraligatr|spe|1
|move|p1a: Kingambit|Sucker Punch||[still]
|-fail|p1a: Kingambit
|
|upkeep
|turn|19
|c| sumerand|When youre haxxing?
|
|t:|1743881667
|-end|p1a: Kingambit|fallenundefined|[silent]
|switch|p1a: Corviknight|Corviknight, F|100/100
|-ability|p1a: Corviknight|Pressure
|move|p2a: Feraligatr|Dragon Dance|p2a: Feraligatr
|-boost|p2a: Feraligatr|atk|1
|-boost|p2a: Feraligatr|spe|1
|
|upkeep
|turn|20
|c| sumerand|Yah youre right its super kind and meant to be nice
|c|☆amzamora|i dint mean like that sorry, i dindt know it was rude
|c| sumerand|🤡
|
|t:|1743881695
|switch|p2a: Chandelure|Chandelure, F|100/100
|-activate|p2a: Chandelure|move: Sticky Web
|-unboost|p2a: Chandelure|spe|1
|move|p1a: Corviknight|Iron Defense|p1a: Corviknight
|-boost|p1a: Corviknight|def|2
|
|upkeep
|turn|21
|c|☆slowpoketailchef|was all he said xd
|inactive|amzamora has 120 seconds left.
|c| sumerand|After freezong multiple times yup
|c| sumerand|So all i said was XD
|c|☆slowpoketailchef|ive seen worse on here
|
|t:|1743881725
|switch|p1a: Slowking|Slowking-Galar, M|100/100
|move|p2a: Chandelure|Flamethrower|p1a: Slowking
|-damage|p1a: Slowking|61/100
|
|upkeep
|turn|22
|c| sumerand|Me too for sure
|
|t:|1743881749
|move|p2a: Chandelure|Flamethrower|p1a: Slowking
|-damage|p1a: Slowking|21/100
|move|p1a: Slowking|Sludge Bomb|p2a: Chandelure
|-resisted|p2a: Chandelure
|-damage|p2a: Chandelure|72/100
|
|upkeep
|turn|23
|c| sumerand|And ive roasted thpse people too
|
|t:|1743881759
|switch|p1a: Araquanid|Araquanid, F|36/100 par
|move|p2a: Chandelure|Flamethrower|p1a: Araquanid
|-damage|p1a: Araquanid|4/100 par
|
|upkeep
|turn|24
|inactive|amzamora has 120 seconds left.
|-enditem|p1a: Araquanid|Custap Berry|[eat]
|-activate|p1a: Araquanid|item: Custap Berry|[consumed]
|
|t:|1743881764
|move|p1a: Araquanid|Liquidation|p2a: Chandelure
|-supereffective|p2a: Chandelure
|-damage|p2a: Chandelure|0 fnt
|faint|p2a: Chandelure
|
|upkeep
|inactive|amzamora has 120 seconds left.
|c| sumerand|Ive been called 4 or 5 slurs here
|c|☆slowpoketailchef|custap is so cheese
|c|☆amzamora|gg
|-message|amzamora forfeited.
|
|win|slowpoketailchef
|raw|slowpoketailchef's rating: 1232 &rarr; <strong>1254</strong><br />(+22 for winning)
|raw|amzamora's rating: 1194 &rarr; <strong>1172</strong><br />(-22 for losing)
|l|☆amzamora
|player|p2|
|c|☆slowpoketailchef|gg
|l|☆slowpoketailchef
|player|p1|
