|j|☆future_ft
|j|☆Jazzy-J12
|t:|1743796786
|gametype|singles
|player|p1|future_ft|170|1118
|player|p2|Jazzy-J12|ethan|1072
|teamsize|p1|6
|teamsize|p2|6
|gen|9
|tier|[Gen 9] OU
|rated|
|rule|HP Percentage Mod: HP is shown in percentages
|rule|Endless Battle Clause: Forcing endless battles is banned
|rule|Species Clause: Limit one of each Pokémon
|rule|OHKO Clause: OHKO moves are banned
|rule|Evasion Items Clause: Evasion items are banned
|rule|Evasion Moves Clause: Evasion moves are banned
|rule|Sleep Moves Clause: Sleep-inducing moves are banned
|clearpoke
|poke|p1|Deoxys-Speed|
|poke|p1|Iron Moth|
|poke|p1|Toxapex, F|
|poke|p1|Blastoise, M|
|poke|p1|Camerupt, F|
|poke|p1|Gholdengo|
|poke|p2|Decidueye-Hisui, M|
|poke|p2|Ceruledge, M|
|poke|p2|Tatsugiri, M|
|poke|p2|Toxicroak, M|
|poke|p2|Scizor, M|
|poke|p2|Kommo-o, M|
|teampreview
|
|t:|1743796793
|start
|switch|p1a: Toxapex|Toxapex, F|100/100
|switch|p2a: froggy|Toxicroak, M|100/100
|turn|1
|
|t:|1743796800
|move|p2a: froggy|Thunder Punch|p1a: Toxapex
|-supereffective|p1a: Toxapex
|-damage|p1a: Toxapex|58/100
|move|p1a: Toxapex|Toxic Spikes|p2a: froggy
|-sidestart|p2: Jazzy-J12|move: Toxic Spikes
|
|-heal|p1a: Toxapex|64/100|[from] item: Leftovers
|upkeep
|turn|2
|
|t:|1743796809
|move|p1a: Toxapex|Baneful Bunker|p1a: Toxapex
|-singleturn|p1a: Toxapex|move: Protect
|move|p2a: froggy|Thunder Punch|p1a: Toxapex
|-activate|p1a: Toxapex|move: Protect
|
|-heal|p1a: Toxapex|70/100|[from] item: Leftovers
|upkeep
|turn|3
|
|t:|1743796819
|move|p2a: froggy|Thunder Punch|p1a: Toxapex
|-supereffective|p1a: Toxapex
|-damage|p1a: Toxapex|31/100
|move|p1a: Toxapex|Stockpile|p1a: Toxapex
|-start|p1a: Toxapex|stockpile1
|-boost|p1a: Toxapex|def|1
|-boost|p1a: Toxapex|spd|1
|
|-heal|p1a: Toxapex|38/100|[from] item: Leftovers
|upkeep
|turn|4
|
|t:|1743796830
|move|p2a: froggy|Thunder Punch|p1a: Toxapex
|-supereffective|p1a: Toxapex
|-damage|p1a: Toxapex|11/100
|move|p1a: Toxapex|Recover|p1a: Toxapex
|-heal|p1a: Toxapex|61/100
|
|-heal|p1a: Toxapex|67/100|[from] item: Leftovers
|upkeep
|turn|5
|
|t:|1743796846
|move|p1a: Toxapex|Baneful Bunker|p1a: Toxapex
|-singleturn|p1a: Toxapex|move: Protect
|move|p2a: froggy|Throat Chop|p1a: Toxapex
|-activate|p1a: Toxapex|move: Protect
|
|-heal|p1a: Toxapex|73/100|[from] item: Leftovers
|upkeep
|turn|6
|
|t:|1743796855
|switch|p2a: Scizor|Scizor, M|100/100
|move|p1a: Toxapex|Toxic Spikes|p2a: Scizor
|-sidestart|p2: Jazzy-J12|move: Toxic Spikes
|
|-heal|p1a: Toxapex|79/100|[from] item: Leftovers
|upkeep
|turn|7
|
|t:|1743796863
|move|p2a: Scizor|Knock Off|p1a: Toxapex
|-damage|p1a: Toxapex|65/100
|-enditem|p1a: Toxapex|Leftovers|[from] move: Knock Off|[of] p2a: Scizor
|move|p1a: Toxapex|Stockpile|p1a: Toxapex
|-start|p1a: Toxapex|stockpile2
|-boost|p1a: Toxapex|def|1
|-boost|p1a: Toxapex|spd|1
|
|upkeep
|turn|8
|
|t:|1743796879
|switch|p2a: froggy|Toxicroak, M|100/100
|-sideend|p2: Jazzy-J12|move: Toxic Spikes|[of] p2a: froggy
|move|p1a: Toxapex|Baneful Bunker||[still]
|-fail|p1a: Toxapex
|
|upkeep
|turn|9
|
|t:|1743796887
|move|p2a: froggy|Thunder Punch|p1a: Toxapex
|-supereffective|p1a: Toxapex
|-damage|p1a: Toxapex|44/100
|move|p1a: Toxapex|Stockpile|p1a: Toxapex
|-start|p1a: Toxapex|stockpile3
|-boost|p1a: Toxapex|def|1
|-boost|p1a: Toxapex|spd|1
|
|upkeep
|turn|10
|
|t:|1743796897
|move|p2a: froggy|Close Combat|p1a: Toxapex
|-resisted|p1a: Toxapex
|-damage|p1a: Toxapex|35/100
|-unboost|p2a: froggy|def|1
|-unboost|p2a: froggy|spd|1
|move|p1a: Toxapex|Recover|p1a: Toxapex
|-heal|p1a: Toxapex|85/100
|
|upkeep
|turn|11
|
|t:|1743796906
|move|p2a: froggy|Thunder Punch|p1a: Toxapex
|-supereffective|p1a: Toxapex
|-damage|p1a: Toxapex|68/100
|move|p1a: Toxapex|Toxic Spikes|p2a: froggy
|-sidestart|p2: Jazzy-J12|move: Toxic Spikes
|
|upkeep
|turn|12
|
|t:|1743796912
|switch|p2a: Hot Shot|Decidueye-Hisui, M|100/100
|-status|p2a: Hot Shot|psn
|move|p1a: Toxapex|Toxic Spikes|p2a: Hot Shot
|-sidestart|p2: Jazzy-J12|move: Toxic Spikes
|
|-damage|p2a: Hot Shot|88/100 psn|[from] psn
|upkeep
|turn|13
|
|t:|1743796922
|move|p1a: Toxapex|Baneful Bunker|p1a: Toxapex
|-singleturn|p1a: Toxapex|move: Protect
|move|p2a: Hot Shot|Swords Dance|p2a: Hot Shot
|-boost|p2a: Hot Shot|atk|2
|
|-damage|p2a: Hot Shot|76/100 psn|[from] psn
|upkeep
|turn|14
|
|t:|1743796934
|switch|p1a: Camerupt|Camerupt, F|100/100
|move|p2a: Hot Shot|Giga Drain|p1a: Camerupt
|-damage|p1a: Camerupt|71/100
|-heal|p2a: Hot Shot|92/100 psn|[from] drain|[of] p1a: Camerupt
|
|-damage|p2a: Hot Shot|80/100 psn|[from] psn
|upkeep
|turn|15
|
|t:|1743796946
|switch|p2a: Shushi|Tatsugiri, M, shiny|100/100
|-status|p2a: Shushi|tox
|move|p1a: Camerupt|Eruption|p2a: Shushi
|-resisted|p2a: Shushi
|-damage|p2a: Shushi|89/100 tox
|
|-damage|p2a: Shushi|83/100 tox|[from] psn
|upkeep
|turn|16
|
|t:|1743796960
|switch|p1a: Blastoise|Blastoise, M|100/100
|move|p2a: Shushi|Surf|p1a: Blastoise
|-resisted|p1a: Blastoise
|-damage|p1a: Blastoise|87/100
|
|-damage|p2a: Shushi|71/100 tox|[from] psn
|upkeep
|turn|17
|
|t:|1743796970
|move|p1a: Blastoise|Water Spout|p2a: Shushi
|-ability|p2a: Shushi|Storm Drain|boost
|-boost|p2a: Shushi|spa|1
|move|p2a: Shushi|Counter||[still]
|-fail|p2a: Shushi
|
|-damage|p2a: Shushi|53/100 tox|[from] psn
|upkeep
|turn|18
|
|t:|1743796982
|move|p1a: Blastoise|Aqua Jet|p2a: Shushi
|-ability|p2a: Shushi|Storm Drain|boost
|-boost|p2a: Shushi|spa|1
|move|p2a: Shushi|Nasty Plot|p2a: Shushi
|-boost|p2a: Shushi|spa|2
|
|-damage|p2a: Shushi|29/100 tox|[from] psn
|upkeep
|turn|19
|
|t:|1743796993
|switch|p1a: Toxapex|Toxapex, F|68/100
|move|p2a: Shushi|Draco Meteor|p1a: Toxapex
|-damage|p1a: Toxapex|0 fnt
|-unboost|p2a: Shushi|spa|2
|faint|p1a: Toxapex
|
|-damage|p2a: Shushi|0 fnt|[from] psn
|faint|p2a: Shushi
|upkeep
|
|t:|1743797005
|switch|p2a: Scizor|Scizor, M|100/100
|switch|p1a: Gholdengo|Gholdengo|100/100
|turn|20
|
|t:|1743797015
|-singleturn|p1a: Gholdengo|move: Focus Punch
|move|p2a: Scizor|X-Scissor|p1a: Gholdengo
|-resisted|p1a: Gholdengo
|-damage|p1a: Gholdengo|90/100
|cant|p1a: Gholdengo|Focus Punch|Focus Punch
|
|upkeep
|turn|21
|
|t:|1743797024
|-singleturn|p1a: Gholdengo|move: Focus Punch
|move|p2a: Scizor|Knock Off|p1a: Gholdengo
|-supereffective|p1a: Gholdengo
|-damage|p1a: Gholdengo|17/100
|-enditem|p1a: Gholdengo|Choice Specs|[from] move: Knock Off|[of] p2a: Scizor
|cant|p1a: Gholdengo|Focus Punch|Focus Punch
|
|upkeep
|turn|22
|
|t:|1743797034
|move|p1a: Gholdengo|Hex|p2a: Scizor
|-damage|p2a: Scizor|66/100
|move|p2a: Scizor|Knock Off|p1a: Gholdengo
|-supereffective|p1a: Gholdengo
|-damage|p1a: Gholdengo|0 fnt
|faint|p1a: Gholdengo
|
|upkeep
|
|t:|1743797043
|switch|p1a: Deoxys|Deoxys-Speed|100/100
|-ability|p1a: Deoxys|Pressure
|turn|23
|
|t:|1743797049
|move|p1a: Deoxys|Psycho Boost|p2a: Scizor
|-resisted|p2a: Scizor
|-damage|p2a: Scizor|37/100
|-unboost|p1a: Deoxys|spa|2
|move|p2a: Scizor|Knock Off|p1a: Deoxys
|-supereffective|p1a: Deoxys
|-damage|p1a: Deoxys|5/100
|-enditem|p1a: Deoxys|Choice Band|[from] move: Knock Off|[of] p2a: Scizor
|
|upkeep
|turn|24
|
|t:|1743797061
|move|p1a: Deoxys|Knock Off|p2a: Scizor
|-damage|p2a: Scizor|10/100
|-enditem|p2a: Scizor|Scope Lens|[from] move: Knock Off|[of] p1a: Deoxys
|move|p2a: Scizor|Knock Off|p1a: Deoxys
|-supereffective|p1a: Deoxys
|-damage|p1a: Deoxys|0 fnt
|faint|p1a: Deoxys
|
|upkeep
|
|t:|1743797070
|switch|p1a: Iron Moth|Iron Moth|100/100
|-enditem|p1a: Iron Moth|Booster Energy
|-activate|p1a: Iron Moth|ability: Quark Drive|[fromitem]
|-start|p1a: Iron Moth|quarkdrivespa
|turn|25
|
|t:|1743797090
|move|p1a: Iron Moth|Fire Blast|p2a: Scizor|[miss]
|-miss|p1a: Iron Moth|p2a: Scizor
|move|p2a: Scizor|Knock Off|p1a: Iron Moth
|-damage|p1a: Iron Moth|64/100
|
|upkeep
|turn|26
|
|t:|1743797097
|switch|p2a: froggy|Toxicroak, M|100/100
|-sideend|p2: Jazzy-J12|move: Toxic Spikes|[of] p2a: froggy
|move|p1a: Iron Moth|Fiery Dance|p2a: froggy
|-crit|p2a: froggy
|-damage|p2a: froggy|0 fnt
|-boost|p1a: Iron Moth|spa|1
|faint|p2a: froggy
|
|upkeep
|
|t:|1743797112
|switch|p2a: Kommo-o|Kommo-o, M|100/100
|turn|27
|
|t:|1743797117
|move|p1a: Iron Moth|Toxic|p2a: Kommo-o
|-status|p2a: Kommo-o|tox
|move|p2a: Kommo-o|Close Combat|p1a: Iron Moth
|-resisted|p1a: Iron Moth
|-damage|p1a: Iron Moth|19/100
|-unboost|p2a: Kommo-o|def|1
|-unboost|p2a: Kommo-o|spd|1
|
|-damage|p2a: Kommo-o|94/100 tox|[from] psn
|upkeep
|turn|28
|
|t:|1743797129
|move|p1a: Iron Moth|Fiery Dance|p2a: Kommo-o
|-resisted|p2a: Kommo-o
|-damage|p2a: Kommo-o|23/100 tox
|move|p2a: Kommo-o|Clanging Scales|p1a: Iron Moth
|-crit|p1a: Iron Moth
|-damage|p1a: Iron Moth|0 fnt
|faint|p1a: Iron Moth
|-end|p1a: Iron Moth|Quark Drive|[silent]
|-unboost|p2a: Kommo-o|def|1
|
|-damage|p2a: Kommo-o|11/100 tox|[from] psn
|upkeep
|
|t:|1743797141
|switch|p1a: Camerupt|Camerupt, F|71/100
|turn|29
|
|t:|1743797146
|move|p2a: Kommo-o|Close Combat|p1a: Camerupt
|-damage|p1a: Camerupt|0 fnt
|-unboost|p2a: Kommo-o|def|1
|-unboost|p2a: Kommo-o|spd|1
|faint|p1a: Camerupt
|
|-damage|p2a: Kommo-o|0 fnt|[from] psn
|faint|p2a: Kommo-o
|upkeep
|
|t:|1743797156
|switch|p2a: Cracker|Ceruledge, M, shiny|100/100
|switch|p1a: Blastoise|Blastoise, M|87/100
|turn|30
|
|t:|1743797162
|move|p2a: Cracker|Swords Dance|p2a: Cracker
|-boost|p2a: Cracker|atk|2
|move|p1a: Blastoise|Water Spout|p2a: Cracker
|-supereffective|p2a: Cracker
|-damage|p2a: Cracker|7/100
|
|upkeep
|turn|31
|
|t:|1743797176
|move|p1a: Blastoise|Aqua Jet|p2a: Cracker
|-supereffective|p2a: Cracker
|-damage|p2a: Cracker|0 fnt
|faint|p2a: Cracker
|
|upkeep
|
|t:|1743797181
|switch|p2a: Hot Shot|Decidueye-Hisui, M|80/100 psn
|turn|32
|
|t:|1743797186
|move|p2a: Hot Shot|Giga Drain|p1a: Blastoise
|-supereffective|p1a: Blastoise
|-damage|p1a: Blastoise|49/100
|-heal|p2a: Hot Shot|100/100 psn|[from] drain|[of] p1a: Blastoise
|move|p1a: Blastoise|Muddy Water|p2a: Hot Shot
|-resisted|p2a: Hot Shot
|-damage|p2a: Hot Shot|82/100 psn
|
|-damage|p2a: Hot Shot|69/100 psn|[from] psn
|upkeep
|turn|33
|
|t:|1743797196
|move|p2a: Hot Shot|Swords Dance|p2a: Hot Shot
|-boost|p2a: Hot Shot|atk|2
|move|p1a: Blastoise|Water Spout|p2a: Hot Shot
|-resisted|p2a: Hot Shot
|-damage|p2a: Hot Shot|54/100 psn
|
|-damage|p2a: Hot Shot|42/100 psn|[from] psn
|upkeep
|turn|34
|
|t:|1743797209
|move|p2a: Hot Shot|Triple Arrows|p1a: Blastoise
|-damage|p1a: Blastoise|0 fnt
|faint|p1a: Blastoise
|
|win|Jazzy-J12
|raw|future_ft's rating: 1118 &rarr; <strong>1090</strong><br />(-28 for losing)
|raw|Jazzy-J12's rating: 1072 &rarr; <strong>1105</strong><br />(+33 for winning)
|l|☆future_ft
|player|p1|
