|j|☆mtf_ftw
|j|☆Moh_Gz
|t:|1743825232
|gametype|singles
|player|p1|mtf_ftw|roxie|1296
|player|p2|Moh_Gz|1|1344
|teamsize|p1|6
|teamsize|p2|6
|gen|9
|tier|[Gen 9] OU
|rated|
|rule|HP Percentage Mod: HP is shown in percentages
|rule|Endless Battle Clause: Forcing endless battles is banned
|rule|Species Clause: Limit one of each Pokémon
|rule|OHKO Clause: OHKO moves are banned
|rule|Evasion Items Clause: Evasion items are banned
|rule|Evasion Moves Clause: Evasion moves are banned
|rule|Sleep Moves Clause: Sleep-inducing moves are banned
|clearpoke
|poke|p1|Uxie|
|poke|p1|Cresselia, F|
|poke|p1|Hatterene, F|
|poke|p1|Ursaluna, M|
|poke|p1|Iron Hands|
|poke|p1|Kingambit, F|
|poke|p2|Gliscor, F|
|poke|p2|Scizor, F|
|poke|p2|Primarina, F|
|poke|p2|Raging Bolt|
|poke|p2|Pecharunt|
|poke|p2|Zamazenta-*|
|teampreview
|inactive|Battle timer is ON: inactive players will automatically lose when time's up. (requested by mtf_ftw)
|
|t:|1743825253
|start
|switch|p1a: Uxie|Uxie|100/100
|switch|p2a: Raging Bolt|Raging Bolt|100/100
|-enditem|p2a: Raging Bolt|Booster Energy
|-activate|p2a: Raging Bolt|ability: Protosynthesis|[fromitem]
|-start|p2a: Raging Bolt|protosynthesisspa
|turn|1
|
|t:|1743825266
|move|p2a: Raging Bolt|Thunderbolt|p1a: Uxie
|-damage|p1a: Uxie|47/100
|move|p1a: Uxie|Trick Room|p1a: Uxie
|-fieldstart|move: Trick Room|[of] p1a: Uxie
|
|upkeep
|turn|2
|
|t:|1743825276
|move|p1a: Uxie|U-turn|p2a: Raging Bolt
|-damage|p2a: Raging Bolt|89/100
|
|t:|1743825278
|switch|p1a: Ursaluna|Ursaluna, M|100/100|[from] U-turn
|move|p2a: Raging Bolt|Dragon Pulse|p1a: Ursaluna
|-damage|p1a: Ursaluna|45/100
|
|-status|p1a: Ursaluna|brn|[from] item: Flame Orb
|upkeep
|turn|3
|inactive|Moh_Gz has 120 seconds left.
|
|t:|1743825323
|-end|p2a: Raging Bolt|Protosynthesis|[silent]
|switch|p2a: Zamazenta|Zamazenta, shiny|100/100
|-ability|p2a: Zamazenta|Dauntless Shield|boost
|-boost|p2a: Zamazenta|def|1
|move|p1a: Ursaluna|Facade|p2a: Zamazenta
|-damage|p2a: Zamazenta|35/100
|
|-heal|p2a: Zamazenta|41/100|[from] item: Leftovers
|-damage|p1a: Ursaluna|39/100 brn|[from] brn
|upkeep
|turn|4
|
|t:|1743825342
|switch|p2a: Pecharunt|Pecharunt|100/100
|move|p1a: Ursaluna|Headlong Rush|p2a: Pecharunt
|-supereffective|p2a: Pecharunt
|-damage|p2a: Pecharunt|0 fnt
|-unboost|p1a: Ursaluna|def|1
|-unboost|p1a: Ursaluna|spd|1
|faint|p2a: Pecharunt
|
|-damage|p1a: Ursaluna|33/100 brn|[from] brn
|upkeep
|
|t:|1743825348
|switch|p2a: Gliscor|Gliscor, F, shiny|100/100
|turn|5
|
|t:|1743825353
|move|p2a: Gliscor|Protect|p2a: Gliscor
|-singleturn|p2a: Gliscor|Protect
|move|p1a: Ursaluna|Facade|p2a: Gliscor
|-activate|p2a: Gliscor|move: Protect
|
|-damage|p1a: Ursaluna|27/100 brn|[from] brn
|-fieldend|move: Trick Room
|-status|p2a: Gliscor|tox|[from] item: Toxic Orb
|upkeep
|turn|6
|inactive|Moh_Gz has 120 seconds left.
|
|t:|1743825362
|switch|p1a: Uxie|Uxie|47/100
|move|p2a: Gliscor|Spikes|p1a: Uxie
|-sidestart|p1: mtf_ftw|Spikes
|
|upkeep
|turn|7
|inactive|Moh_Gz has 120 seconds left.
|
|t:|1743825388
|switch|p2a: Scizor|Scizor, F, shiny|100/100
|move|p1a: Uxie|Trick Room|p1a: Uxie
|-fieldstart|move: Trick Room|[of] p1a: Uxie
|
|upkeep
|turn|8
|
|t:|1743825398
|move|p1a: Uxie|Memento|p2a: Scizor
|-unboost|p2a: Scizor|atk|2
|-unboost|p2a: Scizor|spa|2
|faint|p1a: Uxie
|move|p2a: Scizor|Swords Dance|p2a: Scizor
|-boost|p2a: Scizor|atk|2
|
|upkeep
|inactive|mtf_ftw has 120 seconds left.
|
|t:|1743825434
|switch|p1a: Iron Hands|Iron Hands|100/100
|-damage|p1a: Iron Hands|88/100|[from] Spikes
|-enditem|p1a: Iron Hands|Booster Energy
|-activate|p1a: Iron Hands|ability: Quark Drive|[fromitem]
|-start|p1a: Iron Hands|quarkdriveatk
|turn|9
|inactive|Moh_Gz has 120 seconds left.
|inactive|Moh_Gz has 90 seconds left.
|
|t:|1743825482
|switch|p2a: Primarina|Primarina, F, shiny|100/100
|move|p1a: Iron Hands|Swords Dance|p1a: Iron Hands
|-boost|p1a: Iron Hands|atk|2
|
|upkeep
|turn|10
|inactive|mtf_ftw has 120 seconds left.
|inactive|Moh_Gz has 90 seconds left.
|
|t:|1743825493
|move|p1a: Iron Hands|Ice Punch|p2a: Primarina
|-resisted|p2a: Primarina
|-damage|p2a: Primarina|49/100
|move|p2a: Primarina|Moonblast|p1a: Iron Hands
|-supereffective|p1a: Iron Hands
|-damage|p1a: Iron Hands|0 fnt
|faint|p1a: Iron Hands
|-end|p1a: Iron Hands|Quark Drive|[silent]
|
|upkeep
|
|t:|1743825512
|switch|p1a: Hatterene|Hatterene, F|100/100
|-damage|p1a: Hatterene|88/100|[from] Spikes
|turn|11
|inactive|Moh_Gz has 90 seconds left.
|
|t:|1743825551
|move|p1a: Hatterene|Dazzling Gleam|p2a: Primarina
|-damage|p2a: Primarina|21/100
|move|p2a: Primarina|Flip Turn|p1a: Hatterene
|-damage|p1a: Hatterene|65/100
|inactive|Moh_Gz has 60 seconds left.
|
|t:|1743825562
|switch|p2a: Scizor|Scizor, F, shiny|100/100|[from] Flip Turn
|
|-fieldend|move: Trick Room
|upkeep
|turn|12
|inactive|mtf_ftw has 120 seconds left.
|inactive|Moh_Gz has 60 seconds left.
|
|t:|1743825582
|-terastallize|p1a: Hatterene|Water
|move|p2a: Scizor|Bullet Punch|p1a: Hatterene
|-resisted|p1a: Hatterene
|-damage|p1a: Hatterene|41/100
|-damage|p2a: Scizor|91/100|[from] item: Life Orb
|move|p1a: Hatterene|Trick Room|p1a: Hatterene
|-fieldstart|move: Trick Room|[of] p1a: Hatterene
|
|upkeep
|turn|13
|inactive|mtf_ftw has 120 seconds left.
|
|t:|1743825601
|move|p1a: Hatterene|Healing Wish|p1a: Hatterene
|faint|p1a: Hatterene
|move|p2a: Scizor|Close Combat|p1: Hatterene|[notarget]
|-fail|p2a: Scizor
|
|upkeep
|
|t:|1743825604
|switch|p1a: Ursaluna|Ursaluna, M|27/100 brn
|-heal|p1a: Ursaluna|100/100|[from] move: Healing Wish
|-damage|p1a: Ursaluna|88/100|[from] Spikes
|turn|14
|
|t:|1743825633
|switch|p2a: Primarina|Primarina, F, shiny|21/100
|move|p1a: Ursaluna|Fire Punch|p2a: Primarina
|-resisted|p2a: Primarina
|-crit|p2a: Primarina
|-damage|p2a: Primarina|0 fnt
|faint|p2a: Primarina
|
|-status|p1a: Ursaluna|brn|[from] item: Flame Orb
|upkeep
|
|t:|1743825641
|switch|p2a: Gliscor|Gliscor, F, shiny|100/100 tox
|turn|15
|
|t:|1743825646
|move|p2a: Gliscor|Protect|p2a: Gliscor
|-singleturn|p2a: Gliscor|Protect
|move|p1a: Ursaluna|Swords Dance|p1a: Ursaluna
|-boost|p1a: Ursaluna|atk|2
|
|-damage|p1a: Ursaluna|82/100 brn|[from] brn
|upkeep
|turn|16
|inactive|Moh_Gz has 30 seconds left.
|inactive|Moh_Gz has 20 seconds left.
|inactive|Moh_Gz has 15 seconds left.
|
|t:|1743825689
|move|p2a: Gliscor|Protect||[still]
|-fail|p2a: Gliscor
|move|p1a: Ursaluna|Facade|p2a: Gliscor
|-damage|p2a: Gliscor|0 fnt
|faint|p2a: Gliscor
|
|-damage|p1a: Ursaluna|76/100 brn|[from] brn
|-fieldend|move: Trick Room
|upkeep
|inactive|Moh_Gz has 20 seconds left this turn.
|inactive|Moh_Gz has 15 seconds left.
|
|t:|1743825695
|switch|p2a: Zamazenta|Zamazenta, shiny|41/100
|turn|17
|inactive|Moh_Gz has 25 seconds left this turn.
|inactive|Moh_Gz has 20 seconds left.
|inactive|Moh_Gz has 15 seconds left.
|inactive|Moh_Gz has 10 seconds left.
|
|t:|1743825711
|move|p2a: Zamazenta|Body Press|p1a: Ursaluna
|-supereffective|p1a: Ursaluna
|-damage|p1a: Ursaluna|26/100 brn
|move|p1a: Ursaluna|Facade|p2a: Zamazenta
|-damage|p2a: Zamazenta|0 fnt
|faint|p2a: Zamazenta
|
|-damage|p1a: Ursaluna|20/100 brn|[from] brn
|upkeep
|inactive|Moh_Gz has 15 seconds left this turn.
|inactive|Moh_Gz has 10 seconds left.
|
|t:|1743825717
|switch|p2a: Scizor|Scizor, F, shiny|91/100
|turn|18
|inactive|Moh_Gz has 20 seconds left this turn.
|
|t:|1743825744
|switch|p1a: Cresselia|Cresselia, F|100/100
|move|p2a: Scizor|Bullet Punch|p1a: Cresselia
|-damage|p1a: Cresselia|76/100
|-damage|p2a: Scizor|81/100|[from] item: Life Orb
|
|upkeep
|turn|19
|inactive|Moh_Gz has 30 seconds left this turn.
|inactive|Moh_Gz has 20 seconds left.
|inactive|Moh_Gz has 15 seconds left.
|
|t:|1743825762
|move|p2a: Scizor|Knock Off|p1a: Cresselia
|-supereffective|p1a: Cresselia
|-damage|p1a: Cresselia|30/100
|-enditem|p1a: Cresselia|Mental Herb|[from] move: Knock Off|[of] p2a: Scizor
|-damage|p2a: Scizor|71/100|[from] item: Life Orb
|move|p1a: Cresselia|Trick Room|p1a: Cresselia
|-fieldstart|move: Trick Room|[of] p1a: Cresselia
|
|upkeep
|turn|20
|inactive|Moh_Gz has 25 seconds left this turn.
|inactive|Moh_Gz has 20 seconds left.
|inactive|Moh_Gz has 15 seconds left.
|inactive|Moh_Gz has 10 seconds left.
|
|t:|1743825778
|move|p1a: Cresselia|Lunar Dance|p1a: Cresselia
|faint|p1a: Cresselia
|move|p2a: Scizor|Swords Dance|p2a: Scizor
|-boost|p2a: Scizor|atk|2
|
|upkeep
|inactive|Moh_Gz has 15 seconds left this turn.
|
|t:|1743825789
|switch|p1a: Ursaluna|Ursaluna, M|20/100 brn
|-heal|p1a: Ursaluna|100/100|[from] move: Lunar Dance
|-damage|p1a: Ursaluna|88/100|[from] Spikes
|turn|21
|inactive|Moh_Gz has 25 seconds left this turn.
|inactive|Moh_Gz has 20 seconds left.
|inactive|Moh_Gz has 15 seconds left.
|
|t:|1743825800
|switch|p2a: Raging Bolt|Raging Bolt|89/100
|move|p1a: Ursaluna|Fire Punch|p2a: Raging Bolt
|-resisted|p2a: Raging Bolt
|-damage|p2a: Raging Bolt|74/100
|
|-status|p1a: Ursaluna|brn|[from] item: Flame Orb
|upkeep
|turn|22
|inactive|Moh_Gz has 25 seconds left this turn.
|inactive|Moh_Gz has 20 seconds left.
|
|t:|1743825806
|move|p1a: Ursaluna|Facade|p2a: Raging Bolt
|-damage|p2a: Raging Bolt|0 fnt
|faint|p2a: Raging Bolt
|-end|p2a: Raging Bolt|Protosynthesis|[silent]
|
|-damage|p1a: Ursaluna|82/100 brn|[from] brn
|upkeep
|inactive|Moh_Gz has 25 seconds left this turn.
|inactive|Moh_Gz has 20 seconds left.
|
|t:|1743825812
|switch|p2a: Scizor|Scizor, F, shiny|71/100
|turn|23
|inactive|Moh_Gz has 30 seconds left this turn.
|
|t:|1743825818
|move|p1a: Ursaluna|Fire Punch|p2a: Scizor
|-supereffective|p2a: Scizor
|-damage|p2a: Scizor|0 fnt
|faint|p2a: Scizor
|
|win|mtf_ftw
|inactive|Moh_Gz has 30 seconds left this turn.
|raw|mtf_ftw's rating: 1296 &rarr; <strong>1324</strong><br />(+28 for winning)
|raw|Moh_Gz's rating: 1344 &rarr; <strong>1321</strong><br />(-23 for losing)
|l|☆mtf_ftw
|player|p1|
|l|☆Moh_Gz
|player|p2|
