|j|☆Succhi a Milano
|j|☆Filthy97
|t:|1743935888
|gametype|singles
|player|p1|Succhi a Milano|265|1194
|player|p2|Filthy97|scientist-gen4|1271
|teamsize|p1|6
|teamsize|p2|6
|gen|9
|tier|[Gen 9] OU
|rated|
|rule|HP Percentage Mod: HP is shown in percentages
|rule|Endless Battle Clause: Forcing endless battles is banned
|rule|Species Clause: Limit one of each Pokémon
|rule|OHKO Clause: OHKO moves are banned
|rule|Evasion Items Clause: Evasion items are banned
|rule|Evasion Moves Clause: Evasion moves are banned
|rule|Sleep Moves Clause: Sleep-inducing moves are banned
|clearpoke
|poke|p1|Weavile, M|
|poke|p1|Latias, F|
|poke|p1|Heatran, F|
|poke|p1|Gastrodon, F|
|poke|p1|Dusclops, M|
|poke|p1|Yanmega, F|
|poke|p2|Hariyama, F|
|poke|p2|Kingambit, F|
|poke|p2|Slowking-Galar, F|
|poke|p2|Hydrapple, M|
|poke|p2|Ursaluna, F|
|poke|p2|Deoxys-Defense|
|teampreview
|inactive|Battle timer is ON: inactive players will automatically lose when time's up. (requested by Filthy97)
|
|t:|1743935906
|start
|switch|p1a: Weavile|Weavile, M|100/100
|switch|p2a: Deoxys|Deoxys-Defense, shiny|100/100
|-ability|p2a: Deoxys|Pressure
|turn|1
|
|t:|1743935913
|-terastallize|p2a: Deoxys|Fairy
|move|p1a: Weavile|Fake Out|p2a: Deoxys
|-damage|p2a: Deoxys|93/100
|cant|p2a: Deoxys|flinch
|
|-heal|p2a: Deoxys|99/100|[from] item: Leftovers
|upkeep
|turn|2
|
|t:|1743935936
|switch|p1a: Heatran|Heatran, F|100/100
|move|p2a: Deoxys|Stealth Rock|p1a: Heatran
|-sidestart|p1: Succhi a Milano|move: Stealth Rock
|
|-heal|p2a: Deoxys|100/100|[from] item: Leftovers
|upkeep
|turn|3
|
|t:|1743935945
|switch|p2a: Slowking|Slowking-Galar, F|100/100
|move|p1a: Heatran|Stealth Rock|p2a: Slowking
|-sidestart|p2: Filthy97|move: Stealth Rock
|
|upkeep
|turn|4
|
|t:|1743935956
|move|p1a: Heatran|Magma Storm|p2a: Slowking
|-damage|p2a: Slowking|68/100
|-activate|p2a: Slowking|move: Magma Storm|[of] p1a: Heatran
|move|p2a: Slowking|Trick Room|p2a: Slowking
|-fieldstart|move: Trick Room|[of] p2a: Slowking
|
|-damage|p2a: Slowking|56/100|[from] move: Magma Storm|[partiallytrapped]
|upkeep
|turn|5
|
|t:|1743935967
|move|p1a: Heatran|Fire Blast|p2a: Slowking
|-damage|p2a: Slowking|15/100
|-prepare|p2a: Slowking|Chilly Reception|[premajor]
|move|p2a: Slowking|Chilly Reception|p2a: Slowking
|-weather|Snowscape
|
|t:|1743935975
|switch|p2a: Ursaluna|Ursaluna, F|100/100|[from] Chilly Reception
|-damage|p2a: Ursaluna|94/100|[from] Stealth Rock
|
|-weather|Snowscape|[upkeep]
|-status|p2a: Ursaluna|brn|[from] item: Flame Orb
|upkeep
|turn|6
|
|t:|1743935993
|switch|p1a: Latias|Latias, F|100/100
|-damage|p1a: Latias|88/100|[from] Stealth Rock
|move|p2a: Ursaluna|Headlong Rush|p1a: Latias
|-immune|p1a: Latias|[from] ability: Levitate
|
|-weather|Snowscape|[upkeep]
|-damage|p2a: Ursaluna|88/100 brn|[from] brn
|upkeep
|turn|7
|
|t:|1743936011
|move|p2a: Ursaluna|Facade|p1a: Latias
|-damage|p1a: Latias|0 fnt
|faint|p1a: Latias
|
|-weather|Snowscape|[upkeep]
|-damage|p2a: Ursaluna|82/100 brn|[from] brn
|upkeep
|inactive|Succhi a Milano has 120 seconds left.
|
|t:|1743936029
|switch|p1a: Gastrodon|Gastrodon, F|100/100
|-damage|p1a: Gastrodon|94/100|[from] Stealth Rock
|turn|8
|
|t:|1743936045
|move|p2a: Ursaluna|Facade|p1a: Gastrodon
|-damage|p1a: Gastrodon|0 fnt
|faint|p1a: Gastrodon
|
|-weather|Snowscape|[upkeep]
|-damage|p2a: Ursaluna|76/100 brn|[from] brn
|-fieldend|move: Trick Room
|upkeep
|inactive|Succhi a Milano has 120 seconds left.
|
|t:|1743936069
|switch|p1a: Weavile|Weavile, M|100/100
|-damage|p1a: Weavile|76/100|[from] Stealth Rock
|turn|9
|
|t:|1743936074
|switch|p2a: Deoxys|Deoxys-Defense, shiny, tera:Fairy|100/100
|-damage|p2a: Deoxys|88/100|[from] Stealth Rock
|-ability|p2a: Deoxys|Pressure
|move|p1a: Weavile|Fake Out|p2a: Deoxys
|-damage|p2a: Deoxys|81/100
|
|-weather|none
|-heal|p2a: Deoxys|87/100|[from] item: Leftovers
|upkeep
|turn|10
|inactive|Succhi a Milano has 120 seconds left.
|
|t:|1743936084
|move|p1a: Weavile|Swords Dance|p1a: Weavile
|-boost|p1a: Weavile|atk|2
|move|p2a: Deoxys|Trick Room|p2a: Deoxys
|-fieldstart|move: Trick Room|[of] p2a: Deoxys
|
|-heal|p2a: Deoxys|93/100|[from] item: Leftovers
|upkeep
|turn|11
|inactive|Succhi a Milano has 120 seconds left.
|
|t:|1743936104
|move|p1a: Weavile|Icicle Crash|p2a: Deoxys
|-damage|p2a: Deoxys|44/100
|move|p2a: Deoxys|Teleport|p2a: Deoxys
|
|t:|1743936108
|switch|p2a: Hariyama|Hariyama, F, shiny|100/100|[from] Teleport
|-damage|p2a: Hariyama|94/100|[from] Stealth Rock
|
|-status|p2a: Hariyama|brn|[from] item: Flame Orb
|upkeep
|turn|12
|inactive|Succhi a Milano has 120 seconds left.
|
|t:|1743936121
|-terastallize|p1a: Weavile|Ghost
|move|p2a: Hariyama|Close Combat|p1a: Weavile
|-immune|p1a: Weavile
|move|p1a: Weavile|Knock Off|p2a: Hariyama
|-resisted|p2a: Hariyama
|-damage|p2a: Hariyama|43/100 brn
|-enditem|p2a: Hariyama|Flame Orb|[from] move: Knock Off|[of] p1a: Weavile
|
|-damage|p2a: Hariyama|37/100 brn|[from] brn
|upkeep
|turn|13
|inactive|Succhi a Milano has 120 seconds left.
|
|t:|1743936138
|move|p2a: Hariyama|Headlong Rush|p1a: Weavile
|-damage|p1a: Weavile|0 fnt
|-unboost|p2a: Hariyama|def|1
|-unboost|p2a: Hariyama|spd|1
|faint|p1a: Weavile
|
|-damage|p2a: Hariyama|31/100 brn|[from] brn
|upkeep
|inactive|Succhi a Milano has 120 seconds left.
|
|t:|1743936159
|switch|p1a: Yanmega|Yanmega, F|100/100
|turn|14
|
|t:|1743936166
|move|p2a: Hariyama|Ice Punch|p1a: Yanmega
|-supereffective|p1a: Yanmega
|-damage|p1a: Yanmega|16/100
|move|p1a: Yanmega|Ancient Power|p2a: Hariyama
|-resisted|p2a: Hariyama
|-damage|p2a: Hariyama|15/100 brn
|
|-damage|p2a: Hariyama|9/100 brn|[from] brn
|-fieldend|move: Trick Room
|-ability|p1a: Yanmega|Speed Boost|boost
|-boost|p1a: Yanmega|spe|1
|upkeep
|turn|15
|
|t:|1743936182
|move|p1a: Yanmega|Ancient Power|p2a: Hariyama
|-resisted|p2a: Hariyama
|-damage|p2a: Hariyama|0 fnt
|faint|p2a: Hariyama
|
|-ability|p1a: Yanmega|Speed Boost|boost
|-boost|p1a: Yanmega|spe|1
|upkeep
|
|t:|1743936188
|switch|p2a: Kingambit|Kingambit, F|100/100
|-damage|p2a: Kingambit|94/100|[from] Stealth Rock
|turn|16
|inactive|Succhi a Milano has 120 seconds left.
|
|t:|1743936203
|move|p2a: Kingambit|Sucker Punch|p1a: Yanmega
|-damage|p1a: Yanmega|0 fnt
|faint|p1a: Yanmega
|
|upkeep
|
|t:|1743936206
|switch|p1a: Heatran|Heatran, F|100/100
|-damage|p1a: Heatran|88/100|[from] Stealth Rock
|turn|17
|
|t:|1743936226
|switch|p2a: Deoxys|Deoxys-Defense, shiny, tera:Fairy|44/100
|-damage|p2a: Deoxys|31/100|[from] Stealth Rock
|-ability|p2a: Deoxys|Pressure
|move|p1a: Heatran|Magma Storm|p2a: Deoxys
|-damage|p2a: Deoxys|0 fnt
|faint|p2a: Deoxys
|
|-heal|p1a: Heatran|94/100|[from] item: Leftovers
|upkeep
|
|t:|1743936236
|switch|p2a: Slowking|Slowking-Galar, F|49/100
|-damage|p2a: Slowking|36/100|[from] Stealth Rock
|turn|18
|
|t:|1743936244
|switch|p2a: Hydrapple|Hydrapple, M|100/100
|-damage|p2a: Hydrapple|88/100|[from] Stealth Rock
|move|p1a: Heatran|Magma Storm|p2a: Hydrapple
|-damage|p2a: Hydrapple|30/100
|-activate|p2a: Hydrapple|move: Magma Storm|[of] p1a: Heatran
|
|-heal|p1a: Heatran|100/100|[from] item: Leftovers
|-damage|p2a: Hydrapple|17/100|[from] move: Magma Storm|[partiallytrapped]
|upkeep
|turn|19
|inactive|Succhi a Milano has 120 seconds left.
|
|t:|1743936269
|switch|p1a: Dusclops|Dusclops, M|100/100
|-damage|p1a: Dusclops|88/100|[from] Stealth Rock
|-item|p2a: Hydrapple|Life Orb|[from] ability: Frisk|[of] p1a: Dusclops
|move|p2a: Hydrapple|Fickle Beam|p1a: Dusclops
|-damage|p1a: Dusclops|62/100
|-damage|p2a: Hydrapple|7/100|[from] item: Life Orb
|
|-end|p2a: Hydrapple|Magma Storm|[partiallytrapped]|[silent]
|upkeep
|turn|20
|inactive|Succhi a Milano has 120 seconds left.
|
|t:|1743936282
|move|p1a: Dusclops|Shadow Sneak|p2a: Hydrapple
|-damage|p2a: Hydrapple|0 fnt
|faint|p2a: Hydrapple
|
|upkeep
|
|t:|1743936286
|switch|p2a: Kingambit|Kingambit, F|94/100
|-damage|p2a: Kingambit|88/100|[from] Stealth Rock
|turn|21
|
|t:|1743936292
|move|p2a: Kingambit|Kowtow Cleave|p1a: Dusclops
|-supereffective|p1a: Dusclops
|-damage|p1a: Dusclops|0 fnt
|faint|p1a: Dusclops
|
|upkeep
|
|t:|1743936295
|switch|p1a: Heatran|Heatran, F|100/100
|-damage|p1a: Heatran|88/100|[from] Stealth Rock
|turn|22
|
|t:|1743936305
|move|p1a: Heatran|Fire Blast|p2a: Kingambit
|-supereffective|p2a: Kingambit
|-damage|p2a: Kingambit|6/100
|move|p2a: Kingambit|Kowtow Cleave|p1a: Heatran
|-damage|p1a: Heatran|47/100
|
|-heal|p1a: Heatran|53/100|[from] item: Leftovers
|upkeep
|turn|23
|
|t:|1743936313
|move|p2a: Kingambit|Sucker Punch|p1a: Heatran
|-damage|p1a: Heatran|15/100
|move|p1a: Heatran|Flash Cannon|p2a: Kingambit
|-resisted|p2a: Kingambit
|-damage|p2a: Kingambit|0 fnt
|faint|p2a: Kingambit
|
|-heal|p1a: Heatran|21/100|[from] item: Leftovers
|upkeep
|
|t:|1743936322
|switch|p2a: Slowking|Slowking-Galar, F|70/100
|-damage|p2a: Slowking|57/100|[from] Stealth Rock
|turn|24
|
|t:|1743936331
|move|p1a: Heatran|Stealth Rock||[still]
|-fail|p1a: Heatran
|move|p2a: Slowking|Trick Room|p2a: Slowking
|-fieldstart|move: Trick Room|[of] p2a: Slowking
|
|-heal|p1a: Heatran|27/100|[from] item: Leftovers
|upkeep
|turn|25
|
|t:|1743936336
|move|p1a: Heatran|Stealth Rock||[still]
|-fail|p1a: Heatran
|-prepare|p2a: Slowking|Chilly Reception|[premajor]
|move|p2a: Slowking|Chilly Reception|p2a: Slowking
|-weather|Snowscape
|
|t:|1743936342
|switch|p2a: Ursaluna|Ursaluna, F|76/100 brn|[from] Chilly Reception
|-damage|p2a: Ursaluna|70/100 brn|[from] Stealth Rock
|
|-weather|Snowscape|[upkeep]
|-heal|p1a: Heatran|33/100|[from] item: Leftovers
|-damage|p2a: Ursaluna|64/100 brn|[from] brn
|upkeep
|turn|26
|
|t:|1743936349
|move|p2a: Ursaluna|Headlong Rush|p1a: Heatran
|-supereffective|p1a: Heatran
|-damage|p1a: Heatran|0 fnt
|-unboost|p2a: Ursaluna|def|1
|-unboost|p2a: Ursaluna|spd|1
|faint|p1a: Heatran
|
|win|Filthy97
|raw|Succhi a Milano's rating: 1194 &rarr; <strong>1174</strong><br />(-20 for losing)
|raw|Filthy97's rating: 1271 &rarr; <strong>1291</strong><br />(+20 for winning)
|l|☆Succhi a Milano
|player|p1|
