|j|☆gardenathrtym
|j|☆CohenTZ
|t:|1743829133
|gametype|singles
|player|p1|gardenathrtym|102|
|player|p2|CohenTZ|cyclist|
|teamsize|p1|6
|teamsize|p2|6
|gen|9
|tier|[Gen 9] OU
|rule|HP Percentage Mod: HP is shown in percentages
|rule|Endless Battle Clause: Forcing endless battles is banned
|rule|Species Clause: Limit one of each Pokémon
|rule|OHKO Clause: OHKO moves are banned
|rule|Evasion Items Clause: Evasion items are banned
|rule|Evasion Moves Clause: Evasion moves are banned
|rule|Sleep Moves Clause: Sleep-inducing moves are banned
|clearpoke
|poke|p1|Dragonite, M|
|poke|p1|Blaziken, F|
|poke|p1|Gyarados, F|
|poke|p1|Gengar, F|
|poke|p1|Umbreon, F|
|poke|p1|Ninetales, M|
|poke|p2|Garganacl, F|
|poke|p2|Torterra, F|
|poke|p2|Clodsire, M|
|poke|p2|Araquanid, F|
|poke|p2|Greninja-*, M|
|poke|p2|Hydrapple, M|
|teampreview
|
|t:|1743829171
|start
|switch|p1a: Gyarados|Gyarados, F|100/100
|switch|p2a: Tax Evasion|Clodsire, M, shiny|100/100
|turn|1
|
|t:|1743829178
|move|p1a: Gyarados|Dragon Dance|p1a: Gyarados
|-boost|p1a: Gyarados|atk|1
|-boost|p1a: Gyarados|spe|1
|move|p2a: Tax Evasion|Trailblaze|p1a: Gyarados
|-damage|p1a: Gyarados|88/100
|-boost|p2a: Tax Evasion|spe|1
|
|-heal|p1a: Gyarados|94/100|[from] item: Leftovers
|upkeep
|turn|2
|
|t:|1743829199
|move|p1a: Gyarados|Earthquake|p2a: Tax Evasion
|-supereffective|p2a: Tax Evasion
|-damage|p2a: Tax Evasion|2/100
|move|p2a: Tax Evasion|Trailblaze|p1a: Gyarados
|-damage|p1a: Gyarados|84/100
|-boost|p2a: Tax Evasion|spe|1
|
|-heal|p1a: Gyarados|90/100|[from] item: Leftovers
|upkeep
|turn|3
|
|t:|1743829212
|move|p1a: Gyarados|Waterfall|p2a: Tax Evasion
|-heal|p2a: Tax Evasion|27/100|[from] ability: Water Absorb|[of] p1a: Gyarados
|move|p2a: Tax Evasion|Trailblaze|p1a: Gyarados
|-damage|p1a: Gyarados|77/100
|-boost|p2a: Tax Evasion|spe|1
|
|-heal|p1a: Gyarados|83/100|[from] item: Leftovers
|upkeep
|turn|4
|
|t:|1743829225
|move|p1a: Gyarados|Earthquake|p2a: Tax Evasion
|-supereffective|p2a: Tax Evasion
|-damage|p2a: Tax Evasion|0 fnt
|faint|p2a: Tax Evasion
|-ability|p1a: Gyarados|Moxie|boost
|-boost|p1a: Gyarados|atk|1
|
|-heal|p1a: Gyarados|89/100|[from] item: Leftovers
|upkeep
|
|t:|1743829233
|switch|p2a: Apple|Hydrapple, M, shiny|100/100
|turn|5
|
|t:|1743829239
|move|p1a: Gyarados|Ice Fang|p2a: Apple
|-supereffective|p2a: Apple
|-damage|p2a: Apple|0 fnt
|faint|p2a: Apple
|-ability|p1a: Gyarados|Moxie|boost
|-boost|p1a: Gyarados|atk|1
|
|-heal|p1a: Gyarados|95/100|[from] item: Leftovers
|upkeep
|
|t:|1743829250
|switch|p2a: Torterra|Torterra, F|100/100
|turn|6
|
|t:|1743829261
|-terastallize|p2a: Torterra|Stellar
|move|p1a: Gyarados|Earthquake|p2a: Torterra
|-resisted|p2a: Torterra
|-damage|p2a: Torterra|67/100
|move|p2a: Torterra|Bullet Seed|p1a: Gyarados
|-damage|p1a: Gyarados|82/100
|-damage|p1a: Gyarados|68/100
|-damage|p1a: Gyarados|54/100
|-damage|p1a: Gyarados|40/100
|-hitcount|p1a: Gyarados|4
|
|-heal|p1a: Gyarados|46/100|[from] item: Leftovers
|upkeep
|turn|7
|
|t:|1743829297
|move|p1a: Gyarados|Waterfall|p2a: Torterra
|-damage|p2a: Torterra|0 fnt
|faint|p2a: Torterra
|-ability|p1a: Gyarados|Moxie|boost
|-boost|p1a: Gyarados|atk|1
|
|-heal|p1a: Gyarados|52/100|[from] item: Leftovers
|upkeep
|
|t:|1743829306
|switch|p2a: Greninja|Greninja, M|100/100
|turn|8
|
|t:|1743829314
|move|p2a: Greninja|Water Shuriken|p1a: Gyarados
|-resisted|p1a: Gyarados
|-damage|p1a: Gyarados|50/100
|-resisted|p1a: Gyarados
|-damage|p1a: Gyarados|47/100
|-resisted|p1a: Gyarados
|-damage|p1a: Gyarados|44/100
|-resisted|p1a: Gyarados
|-damage|p1a: Gyarados|42/100
|-hitcount|p1a: Gyarados|4
|move|p1a: Gyarados|Earthquake|p2a: Greninja
|-damage|p2a: Greninja|0 fnt
|faint|p2a: Greninja
|-ability|p1a: Gyarados|Moxie|boost
|-boost|p1a: Gyarados|atk|1
|
|-heal|p1a: Gyarados|48/100|[from] item: Leftovers
|upkeep
|
|t:|1743829328
|switch|p2a: Araquanid|Araquanid, F, shiny|100/100
|turn|9
|
|t:|1743829334
|move|p1a: Gyarados|Earthquake|p2a: Araquanid
|-resisted|p2a: Araquanid
|-damage|p2a: Araquanid|21/100
|move|p2a: Araquanid|Leech Life|p1a: Gyarados
|-resisted|p1a: Gyarados
|-damage|p1a: Gyarados|30/100
|-heal|p2a: Araquanid|31/100|[from] drain|[of] p1a: Gyarados
|
|-heal|p1a: Gyarados|36/100|[from] item: Leftovers
|-heal|p2a: Araquanid|38/100|[from] item: Leftovers
|upkeep
|turn|10
|
|t:|1743829346
|move|p1a: Gyarados|Earthquake|p2a: Araquanid
|-resisted|p2a: Araquanid
|-damage|p2a: Araquanid|0 fnt
|faint|p2a: Araquanid
|-ability|p1a: Gyarados|Moxie|boost
|-boost|p1a: Gyarados|atk|1
|
|-heal|p1a: Gyarados|42/100|[from] item: Leftovers
|upkeep
|
|t:|1743829353
|switch|p2a: Garganacl|Garganacl, F, shiny|100/100
|turn|11
|
|t:|1743829357
|-terastallize|p1a: Gyarados|Ground
|move|p1a: Gyarados|Earthquake|p2a: Garganacl
|-supereffective|p2a: Garganacl
|-ability|p2a: Garganacl|Sturdy
|-damage|p2a: Garganacl|1/100
|move|p2a: Garganacl|Explosion|p1a: Gyarados
|-damage|p1a: Gyarados|0 fnt
|faint|p2a: Garganacl
|faint|p1a: Gyarados
|
|win|gardenathrtym
