|j|☆TOXICccccccccccccc
|j|☆jcgolden
|t:|1743807637
|gametype|singles
|player|p1|TOXICccccccccccccc|hiker-gen4|1231
|player|p2|jcgolden|1|1205
|teamsize|p1|6
|teamsize|p2|6
|gen|9
|tier|[Gen 9] OU
|rated|
|rule|HP Percentage Mod: HP is shown in percentages
|rule|Endless Battle Clause: Forcing endless battles is banned
|rule|Species Clause: Limit one of each Pokémon
|rule|OHKO Clause: OHKO moves are banned
|rule|Evasion Items Clause: Evasion items are banned
|rule|Evasion Moves Clause: Evasion moves are banned
|rule|Sleep Moves Clause: Sleep-inducing moves are banned
|clearpoke
|poke|p1|Glimmora, M|
|poke|p1|Salazzle, F|
|poke|p1|Pecharunt|
|poke|p1|Alomomola, F|
|poke|p1|Samurott-Hisui, M|
|poke|p1|Garchomp, M|
|poke|p2|Iron Valiant|
|poke|p2|Ceruledge, F|
|poke|p2|Froslass, F|
|poke|p2|Armarouge, F|
|poke|p2|Kingambit, F|
|poke|p2|Iron Treads|
|teampreview
|inactive|Battle timer is ON: inactive players will automatically lose when time's up. (requested by TOXICccccccccccccc)
|
|t:|1743807640
|start
|switch|p1a: Samurott|Samurott-Hisui, M|100/100
|switch|p2a: Oh no?!|Froslass, F|100/100
|turn|1
|
|t:|1743807645
|move|p1a: Samurott|Ceaseless Edge|p2a: Oh no?!
|-supereffective|p2a: Oh no?!
|-enditem|p2a: Oh no?!|Focus Sash
|-damage|p2a: Oh no?!|1/100
|-start|p1a: Samurott|Disable|Ceaseless Edge|[from] ability: Cursed Body|[of] p2a: Oh no?!
|-sidestart|p2: jcgolden|Spikes
|move|p2a: Oh no?!|Trailblaze|p1a: Samurott
|-supereffective|p1a: Samurott
|-damage|p1a: Samurott|80/100
|-boost|p2a: Oh no?!|spe|1
|
|upkeep
|turn|2
|
|t:|1743807655
|switch|p1a: Glimmora|Glimmora, M|100/100
|move|p2a: Oh no?!|Destiny Bond|p2a: Oh no?!
|-singlemove|p2a: Oh no?!|Destiny Bond
|
|upkeep
|turn|3
|
|t:|1743807661
|move|p2a: Oh no?!|Ice Beam|p1a: Glimmora
|-damage|p1a: Glimmora|72/100
|move|p1a: Glimmora|Toxic|p2a: Oh no?!
|-status|p2a: Oh no?!|tox
|
|-heal|p1a: Glimmora|78/100|[from] item: Leftovers
|-damage|p2a: Oh no?!|0 fnt|[from] psn
|faint|p2a: Oh no?!
|upkeep
|
|t:|1743807677
|switch|p2a: Iron Treads|Iron Treads|100/100
|-damage|p2a: Iron Treads|88/100|[from] Spikes
|turn|4
|
|t:|1743807681
|-terastallize|p1a: Glimmora|Bug
|move|p2a: Iron Treads|Earthquake|p1a: Glimmora
|-resisted|p1a: Glimmora
|-damage|p1a: Glimmora|57/100
|move|p1a: Glimmora|Toxic|p2a: Iron Treads
|-status|p2a: Iron Treads|tox
|
|-heal|p1a: Glimmora|63/100|[from] item: Leftovers
|-damage|p2a: Iron Treads|82/100 tox|[from] psn
|upkeep
|turn|5
|
|t:|1743807691
|move|p2a: Iron Treads|Rapid Spin|p1a: Glimmora
|-damage|p1a: Glimmora|50/100
|-boost|p2a: Iron Treads|spe|1
|-sideend|p2: jcgolden|Spikes|[from] move: Rapid Spin|[of] p2a: Iron Treads
|move|p1a: Glimmora|Toxic Spikes|p2a: Iron Treads
|-sidestart|p2: jcgolden|move: Toxic Spikes
|
|-heal|p1a: Glimmora|56/100|[from] item: Leftovers
|-damage|p2a: Iron Treads|69/100 tox|[from] psn
|upkeep
|turn|6
|
|t:|1743807700
|move|p2a: Iron Treads|Supercell Slam|p1a: Glimmora
|-crit|p1a: Glimmora
|-damage|p1a: Glimmora|16/100
|move|p1a: Glimmora|Toxic Spikes|p2a: Iron Treads
|-sidestart|p2: jcgolden|move: Toxic Spikes
|
|-heal|p1a: Glimmora|22/100|[from] item: Leftovers
|-damage|p2a: Iron Treads|51/100 tox|[from] psn
|upkeep
|turn|7
|
|t:|1743807712
|move|p2a: Iron Treads|Earthquake|p1a: Glimmora
|-resisted|p1a: Glimmora
|-damage|p1a: Glimmora|1/100
|move|p1a: Glimmora|Toxic Spikes||[still]
|-fail|p1a: Glimmora
|
|-heal|p1a: Glimmora|7/100|[from] item: Leftovers
|-damage|p2a: Iron Treads|26/100 tox|[from] psn
|upkeep
|turn|8
|
|t:|1743807720
|switch|p1a: Pecharunt|Pecharunt|100/100
|-item|p1a: Pecharunt|Air Balloon
|move|p2a: Iron Treads|Rapid Spin|p1a: Pecharunt
|-immune|p1a: Pecharunt
|
|-damage|p2a: Iron Treads|0 fnt|[from] psn
|faint|p2a: Iron Treads
|-end|p2a: Iron Treads|Quark Drive|[silent]
|upkeep
|
|t:|1743807732
|switch|p2a: Hadenuff dis shi|Armarouge, F|100/100
|-status|p2a: Hadenuff dis shi|tox
|turn|9
|
|t:|1743807736
|move|p1a: Pecharunt|Parting Shot|p2a: Hadenuff dis shi
|-unboost|p2a: Hadenuff dis shi|atk|1
|-unboost|p2a: Hadenuff dis shi|spa|1
|
|t:|1743807738
|switch|p1a: Samurott|Samurott-Hisui, M|80/100|[from] Parting Shot
|move|p2a: Hadenuff dis shi|Psychic|p1a: Samurott
|-immune|p1a: Samurott
|
|-damage|p2a: Hadenuff dis shi|94/100 tox|[from] psn
|upkeep
|turn|10
|-message|jcgolden forfeited.
|
|win|TOXICccccccccccccc
|raw|TOXICccccccccccccc's rating: 1231 &rarr; <strong>1254</strong><br />(+23 for winning)
|raw|jcgolden's rating: 1205 &rarr; <strong>1182</strong><br />(-23 for losing)
|l|☆jcgolden
|player|p2|
