|j|☆dia45
|j|‽norebuhl
|t:|1743921107
|gametype|singles
|player|p1|dia45|rancher|1483
|player|p2|norebuhl|101|1434
|teamsize|p1|6
|teamsize|p2|6
|gen|9
|tier|[Gen 9] OU
|rated|
|rule|HP Percentage Mod: HP is shown in percentages
|rule|Endless Battle Clause: Forcing endless battles is banned
|rule|Species Clause: Limit one of each Pokémon
|rule|OHKO Clause: OHKO moves are banned
|rule|Evasion Items Clause: Evasion items are banned
|rule|Evasion Moves Clause: Evasion moves are banned
|rule|Sleep Moves Clause: Sleep-inducing moves are banned
|clearpoke
|poke|p1|Lokix, M|
|poke|p1|Slowking-Galar, M|
|poke|p1|Moltres|
|poke|p1|Okidogi, M|
|poke|p1|Enamorus, F|
|poke|p1|Iron Treads|
|poke|p2|Kyurem|
|poke|p2|Iron Valiant|
|poke|p2|Kingambit, F|
|poke|p2|Samurott-Hisui, F|
|poke|p2|Great Tusk|
|poke|p2|Gholdengo|
|teampreview
|inactive|Battle timer is ON: inactive players will automatically lose when time's up. (requested by dia45)
|inactive|norebuhl has 120 seconds left.
|
|t:|1743921162
|start
|switch|p1a: Lokix|Lokix, M|100/100
|switch|p2a: Kyurem|Kyurem|100/100
|-ability|p2a: Kyurem|Pressure
|turn|1
|inactive|dia45 has 120 seconds left.
|inactive|norebuhl has 120 seconds left.
|
|t:|1743921211
|switch|p1a: Okidogi|Okidogi, M|100/100
|move|p2a: Kyurem|Dragon Dance|p2a: Kyurem
|-boost|p2a: Kyurem|atk|1
|-boost|p2a: Kyurem|spe|1
|
|upkeep
|turn|2
|
|t:|1743921219
|move|p2a: Kyurem|Icicle Spear|p1a: Okidogi
|-crit|p1a: Okidogi
|-damage|p1a: Okidogi|77/100
|-damage|p1a: Okidogi|61/100
|-damage|p1a: Okidogi|44/100
|-damage|p1a: Okidogi|28/100
|-damage|p1a: Okidogi|12/100
|-hitcount|p1a: Okidogi|5
|move|p1a: Okidogi|Drain Punch|p2a: Kyurem
|-supereffective|p2a: Kyurem
|-damage|p2a: Kyurem|17/100
|-heal|p1a: Okidogi|55/100|[from] drain|[of] p2a: Kyurem
|
|upkeep
|turn|3
|inactive|dia45 has 120 seconds left.
|
|t:|1743921241
|move|p2a: Kyurem|Icicle Spear|p1a: Okidogi
|-damage|p1a: Okidogi|39/100
|-damage|p1a: Okidogi|24/100
|-damage|p1a: Okidogi|8/100
|-damage|p1a: Okidogi|0 fnt
|faint|p1a: Okidogi
|-hitcount|p1: Okidogi|4
|
|upkeep
|
|t:|1743921258
|switch|p1a: Enamorus|Enamorus, F|100/100
|turn|4
|inactive|norebuhl has 120 seconds left.
|
|t:|1743921269
|move|p1a: Enamorus|Earth Power|p2a: Kyurem
|-damage|p2a: Kyurem|0 fnt
|faint|p2a: Kyurem
|
|upkeep
|
|t:|1743921280
|switch|p2a: Samurott|Samurott-Hisui, F|100/100
|turn|5
|inactive|dia45 has 120 seconds left.
|
|t:|1743921298
|switch|p1a: Lokix|Lokix, M|100/100
|move|p2a: Samurott|Ceaseless Edge|p1a: Lokix
|-resisted|p1a: Lokix
|-damage|p1a: Lokix|70/100
|-sidestart|p1: dia45|Spikes
|
|upkeep
|turn|6
|inactive|norebuhl has 120 seconds left.
|inactive|norebuhl has 90 seconds left.
|
|t:|1743921345
|move|p1a: Lokix|First Impression|p2a: Samurott
|-supereffective|p2a: Samurott
|-enditem|p2a: Samurott|Focus Sash
|-damage|p2a: Samurott|1/100
|move|p2a: Samurott|Aqua Cutter|p1a: Lokix
|-damage|p1a: Lokix|0 fnt
|faint|p1a: Lokix
|
|upkeep
|inactive|dia45 has 120 seconds left.
|
|t:|1743921356
|switch|p1a: Enamorus|Enamorus, F|100/100
|turn|7
|inactive|norebuhl has 90 seconds left.
|inactive|norebuhl has 60 seconds left.
|
|t:|1743921405
|move|p2a: Samurott|Aqua Jet|p1a: Enamorus
|-damage|p1a: Enamorus|69/100
|move|p1a: Enamorus|Earth Power|p2a: Samurott
|-damage|p2a: Samurott|0 fnt
|faint|p2a: Samurott
|
|upkeep
|
|t:|1743921413
|switch|p2a: Iron Valiant|Iron Valiant|100/100
|-enditem|p2a: Iron Valiant|Booster Energy
|-activate|p2a: Iron Valiant|ability: Quark Drive|[fromitem]
|-start|p2a: Iron Valiant|quarkdrivespe
|turn|8
|
|t:|1743921432
|switch|p1a: Moltres|Moltres|100/100
|move|p2a: Iron Valiant|Calm Mind|p2a: Iron Valiant
|-boost|p2a: Iron Valiant|spa|1
|-boost|p2a: Iron Valiant|spd|1
|
|upkeep
|turn|9
|inactive|norebuhl has 60 seconds left.
|inactive|norebuhl has 30 seconds left.
|inactive|norebuhl has 20 seconds left.
|inactive|norebuhl has 15 seconds left.
|inactive|norebuhl has 10 seconds left.
|inactive|norebuhl has 5 seconds left.
|
|t:|1743921506
|-terastallize|p1a: Moltres|Fairy
|move|p2a: Iron Valiant|Shadow Ball|p1a: Moltres
|-damage|p1a: Moltres|59/100
|move|p1a: Moltres|Flamethrower|p2a: Iron Valiant
|-damage|p2a: Iron Valiant|54/100
|
|upkeep
|turn|10
|inactive|norebuhl has 15 seconds left this turn.
|inactive|norebuhl has 10 seconds left.
|inactive|dia45 has 120 seconds left.
|
|t:|1743921531
|move|p2a: Iron Valiant|Moonblast|p1a: Moltres
|-damage|p1a: Moltres|0 fnt
|faint|p1a: Moltres
|
|upkeep
|inactive|norebuhl has 15 seconds left this turn.
|inactive|dia45 has 120 seconds left.
|
|t:|1743921547
|switch|p1a: Slowking|Slowking-Galar, M|100/100
|turn|11
|inactive|norebuhl has 25 seconds left this turn.
|inactive|norebuhl has 20 seconds left.
|inactive|norebuhl has 15 seconds left.
|inactive|norebuhl has 10 seconds left.
|
|t:|1743921566
|move|p2a: Iron Valiant|Shadow Ball|p1a: Slowking
|-supereffective|p1a: Slowking
|-damage|p1a: Slowking|52/100
|-unboost|p1a: Slowking|spd|1
|move|p1a: Slowking|Sludge Bomb|p2a: Iron Valiant
|-supereffective|p2a: Iron Valiant
|-damage|p2a: Iron Valiant|0 fnt
|faint|p2a: Iron Valiant
|-end|p2a: Iron Valiant|Quark Drive|[silent]
|
|upkeep
|inactive|norebuhl has 15 seconds left this turn.
|inactive|norebuhl has 10 seconds left.
|
|t:|1743921575
|switch|p2a: Kingambit|Kingambit, F|100/100
|-activate|p2a: Kingambit|ability: Supreme Overlord
|-start|p2a: Kingambit|fallen3|[silent]
|turn|12
|inactive|norebuhl has 20 seconds left this turn.
|inactive|dia45 has 120 seconds left.
|
|t:|1743921600
|move|p2a: Kingambit|Kowtow Cleave|p1a: Slowking
|-supereffective|p1a: Slowking
|-damage|p1a: Slowking|0 fnt
|faint|p1a: Slowking
|
|upkeep
|inactive|norebuhl has 25 seconds left this turn.
|
|t:|1743921613
|switch|p1a: Iron Treads|Iron Treads|100/100
|-damage|p1a: Iron Treads|88/100|[from] Spikes
|turn|13
|inactive|norebuhl has 30 seconds left.
|
|t:|1743921619
|-terastallize|p2a: Kingambit|Ghost
|move|p1a: Iron Treads|Earthquake|p2a: Kingambit
|-damage|p2a: Kingambit|58/100
|move|p2a: Kingambit|Swords Dance|p2a: Kingambit
|-boost|p2a: Kingambit|atk|2
|
|-heal|p1a: Iron Treads|94/100|[from] item: Leftovers
|-heal|p2a: Kingambit|64/100|[from] item: Leftovers
|upkeep
|turn|14
|
|t:|1743921628
|move|p2a: Kingambit|Sucker Punch|p1a: Iron Treads
|-damage|p1a: Iron Treads|0 fnt
|faint|p1a: Iron Treads
|-end|p1a: Iron Treads|Quark Drive|[silent]
|
|-heal|p2a: Kingambit|70/100|[from] item: Leftovers
|upkeep
|
|t:|1743921631
|switch|p1a: Enamorus|Enamorus, F|69/100
|turn|15
|inactive|dia45 has 120 seconds left.
|
|t:|1743921637
|move|p2a: Kingambit|Sucker Punch|p1a: Enamorus
|-resisted|p1a: Enamorus
|-damage|p1a: Enamorus|0 fnt
|faint|p1a: Enamorus
|
|win|norebuhl
|raw|dia45's rating: 1483 &rarr; <strong>1459</strong><br />(-24 for losing)
|raw|norebuhl's rating: 1415 &rarr; <strong>1439</strong><br />(+24 for winning)
|l|☆dia45
|player|p1|
|l|‽norebuhl
|player|p2|
