|j|☆thebigclimb
|j|☆Steven stoners 69
|t:|1743928208
|gametype|singles
|player|p1|thebigclimb|burglar|1488
|player|p2|Steven stoners 69|steven|1573
|teamsize|p1|6
|teamsize|p2|6
|gen|9
|tier|[Gen 9] OU
|rated|
|rule|HP Percentage Mod: HP is shown in percentages
|rule|Endless Battle Clause: Forcing endless battles is banned
|rule|Species Clause: Limit one of each Pokémon
|rule|OHKO Clause: OHKO moves are banned
|rule|Evasion Items Clause: Evasion items are banned
|rule|Evasion Moves Clause: Evasion moves are banned
|rule|Sleep Moves Clause: Sleep-inducing moves are banned
|clearpoke
|poke|p1|Kyurem|
|poke|p1|Suicune|
|poke|p1|Corviknight, F|
|poke|p1|Blissey, F|
|poke|p1|Gliscor, M|
|poke|p1|Toxapex, F|
|poke|p2|Incineroar, F|
|poke|p2|Garchomp, F|
|poke|p2|Glimmora, F|
|poke|p2|Gholdengo|
|poke|p2|Ogerpon-Wellspring, F|
|poke|p2|Clefable, F|
|teampreview
|
|t:|1743928221
|start
|switch|p1a: Gliscor|Gliscor, M|100/100
|switch|p2a: How not banned|Ogerpon-Wellspring, F|100/100
|turn|1
|
|t:|1743928244
|-terastallize|p1a: Gliscor|Water
|move|p2a: How not banned|Swords Dance|p2a: How not banned
|-boost|p2a: How not banned|atk|2
|move|p1a: Gliscor|Toxic|p2a: How not banned
|-status|p2a: How not banned|tox
|
|-damage|p2a: How not banned|95/100 tox|[from] psn
|-status|p1a: Gliscor|tox|[from] item: Toxic Orb
|upkeep
|turn|2
|
|t:|1743928254
|move|p1a: Gliscor|Protect|p1a: Gliscor
|-singleturn|p1a: Gliscor|Protect
|move|p2a: How not banned|Swords Dance|p2a: How not banned
|-boost|p2a: How not banned|atk|2
|
|-damage|p2a: How not banned|83/100 tox|[from] psn
|upkeep
|turn|3
|
|t:|1743928281
|switch|p1a: Blissey|Blissey, F|100/100
|move|p2a: How not banned|Power Whip|p1a: Blissey
|-damage|p1a: Blissey|0 fnt
|faint|p1a: Blissey
|
|-damage|p2a: How not banned|65/100 tox|[from] psn
|upkeep
|
|t:|1743928304
|switch|p1a: Corviknight|Corviknight, F|100/100
|-ability|p1a: Corviknight|Pressure
|turn|4
|inactive|Battle timer is ON: inactive players will automatically lose when time's up. (requested by Steven stoners 69)
|
|t:|1743928308
|move|p2a: How not banned|Ivy Cudgel|p1a: Corviknight|[anim] Ivy Cudgel Water
|-damage|p1a: Corviknight|0 fnt
|faint|p1a: Corviknight
|
|-damage|p2a: How not banned|41/100 tox|[from] psn
|upkeep
|
|t:|1743928321
|switch|p1a: Gliscor|Gliscor, M, tera:Water|100/100 tox
|turn|5
|
|t:|1743928333
|move|p1a: Gliscor|Protect|p1a: Gliscor
|-singleturn|p1a: Gliscor|Protect
|move|p2a: How not banned|Power Whip|p1a: Gliscor
|-activate|p1a: Gliscor|move: Protect
|
|-damage|p2a: How not banned|11/100 tox|[from] psn
|upkeep
|turn|6
|
|t:|1743928340
|move|p1a: Gliscor|Protect|p1a: Gliscor
|-singleturn|p1a: Gliscor|Protect
|move|p2a: How not banned|Power Whip|p1a: Gliscor
|-activate|p1a: Gliscor|move: Protect
|
|-damage|p2a: How not banned|0 fnt|[from] psn
|faint|p2a: How not banned
|upkeep
|
|t:|1743928349
|switch|p2a: Cynthias husband|Garchomp, F|100/100
|turn|7
|
|t:|1743928354
|move|p2a: Cynthias husband|Substitute|p2a: Cynthias husband
|-start|p2a: Cynthias husband|Substitute
|-damage|p2a: Cynthias husband|76/100
|move|p1a: Gliscor|Toxic||[still]
|-fail|p1a: Gliscor
|
|upkeep
|turn|8
|
|t:|1743928379
|switch|p1a: Suicune|Suicune|100/100
|-ability|p1a: Suicune|Pressure
|move|p2a: Cynthias husband|Swords Dance|p2a: Cynthias husband
|-boost|p2a: Cynthias husband|atk|2
|
|upkeep
|turn|9
|
|t:|1743928386
|-terastallize|p2a: Cynthias husband|Dragon
|move|p2a: Cynthias husband|Scale Shot|p1a: Suicune
|-damage|p1a: Suicune|74/100
|-damage|p1a: Suicune|49/100
|-damage|p1a: Suicune|24/100
|-damage|p1a: Suicune|0 fnt
|faint|p1a: Suicune
|-hitcount|p1: Suicune|4
|-unboost|p2a: Cynthias husband|def|1
|-boost|p2a: Cynthias husband|spe|1
|
|upkeep
|c|☆thebigclimb|gg
|-message|thebigclimb forfeited.
|
|win|Steven stoners 69
|raw|thebigclimb's rating: 1488 &rarr; <strong>1473</strong><br />(-15 for losing)
|raw|Steven stoners 69's rating: 1573 &rarr; <strong>1588</strong><br />(+15 for winning)
|l|☆Steven stoners 69
|player|p2|
|l|☆thebigclimb
|player|p1|
