|j|☆dajiangbanlema
|j|☆jyvon12811
|t:|1743854357
|gametype|singles
|player|p1|dajiangbanlema|1|1620
|player|p2|jyvon12811|169|1538
|teamsize|p1|6
|teamsize|p2|6
|gen|9
|tier|[Gen 9] OU
|rated|
|rule|HP Percentage Mod: HP is shown in percentages
|rule|Endless Battle Clause: Forcing endless battles is banned
|rule|Species Clause: Limit one of each Pokémon
|rule|OHKO Clause: OHKO moves are banned
|rule|Evasion Items Clause: Evasion items are banned
|rule|Evasion Moves Clause: Evasion moves are banned
|rule|Sleep Moves Clause: Sleep-inducing moves are banned
|clearpoke
|poke|p1|Ting-Lu|
|poke|p1|Hatterene, F|
|poke|p1|Samurott-Hisui, F|
|poke|p1|Deoxys-Defense|
|poke|p1|Glimmora, M|
|poke|p1|Clefable, M|
|poke|p2|Clefable, F|
|poke|p2|Skarmory, M|
|poke|p2|Pecharunt|
|poke|p2|Great Tusk|
|poke|p2|Dragapult, F|
|poke|p2|Ting-Lu|
|teampreview
|inactive|Battle timer is ON: inactive players will automatically lose when time's up. (requested by jyvon12811)
|
|t:|1743854386
|start
|switch|p1a: Glimmora|Glimmora, M|100/100
|switch|p2a: Dragapult|Dragapult, F|100/100
|turn|1
|
|t:|1743854392
|move|p1a: Glimmora|Spiky Shield|p1a: Glimmora
|-singleturn|p1a: Glimmora|move: Protect
|move|p2a: Dragapult|Shadow Ball|p1a: Glimmora
|-activate|p1a: Glimmora|move: Protect
|
|upkeep
|turn|2
|
|t:|1743854404
|switch|p2a: Skarmory|Skarmory, M|100/100
|move|p1a: Glimmora|Toxic|p2a: Skarmory
|-status|p2a: Skarmory|tox
|
|-damage|p2a: Skarmory|95/100 tox|[from] psn
|upkeep
|turn|3
|
|t:|1743854413
|switch|p1a: Hatterene|Hatterene, F|100/100
|switch|p2a: Clefable|Clefable, F|100/100
|
|upkeep
|turn|4
|
|t:|1743854419
|move|p2a: Clefable|Calm Mind|p2a: Clefable
|-boost|p2a: Clefable|spa|1
|-boost|p2a: Clefable|spd|1
|move|p1a: Hatterene|Nuzzle|p2a: Clefable
|-crit|p2a: Clefable
|-damage|p2a: Clefable|96/100
|-status|p2a: Clefable|par
|
|-heal|p2a: Clefable|100/100 par|[from] item: Leftovers
|upkeep
|turn|5
|
|t:|1743854428
|move|p1a: Hatterene|Psychic Noise|p2a: Clefable
|-damage|p2a: Clefable|77/100 par
|-start|p2a: Clefable|move: Heal Block
|move|p2a: Clefable|Knock Off|p1a: Hatterene
|-damage|p1a: Hatterene|87/100
|-enditem|p1a: Hatterene|Leftovers|[from] move: Knock Off|[of] p2a: Clefable
|
|upkeep
|turn|6
|
|t:|1743854450
|move|p1a: Hatterene|Psychic Noise|p2a: Clefable
|-damage|p2a: Clefable|55/100 par
|move|p2a: Clefable|Moonblast|p1a: Hatterene
|-damage|p1a: Hatterene|32/100
|
|-end|p2a: Clefable|move: Heal Block
|upkeep
|turn|7
|
|t:|1743854459
|switch|p2a: Ting-Lu|Ting-Lu|100/100
|-ability|p2a: Ting-Lu|Vessel of Ruin
|move|p1a: Hatterene|Pain Split|p2a: Ting-Lu
|-sethp|p2a: Ting-Lu|59/100|[from] move: Pain Split|[silent]
|-sethp|p1a: Hatterene|100/100|[from] move: Pain Split
|
|-heal|p2a: Ting-Lu|65/100|[from] item: Leftovers
|upkeep
|turn|8
|inactive|jyvon12811 has 120 seconds left.
|
|t:|1743854490
|move|p2a: Ting-Lu|Ruination|p1a: Hatterene
|-damage|p1a: Hatterene|51/100
|move|p1a: Hatterene|Draining Kiss|p2a: Ting-Lu
|-supereffective|p2a: Ting-Lu
|-damage|p2a: Ting-Lu|46/100
|-heal|p1a: Hatterene|77/100|[from] drain|[of] p2a: Ting-Lu
|
|-heal|p2a: Ting-Lu|52/100|[from] item: Leftovers
|upkeep
|turn|9
|inactive|jyvon12811 has 120 seconds left.
|
|t:|1743854501
|switch|p2a: Clefable|Clefable, F|55/100 par
|move|p1a: Hatterene|Draining Kiss|p2a: Clefable
|-damage|p2a: Clefable|33/100 par
|-heal|p1a: Hatterene|99/100|[from] drain|[of] p2a: Clefable
|
|-heal|p2a: Clefable|40/100 par|[from] item: Leftovers
|upkeep
|turn|10
|inactive|jyvon12811 has 120 seconds left.
|
|t:|1743854525
|switch|p2a: Ting-Lu|Ting-Lu|52/100
|-ability|p2a: Ting-Lu|Vessel of Ruin
|move|p1a: Hatterene|Psychic Noise|p2a: Ting-Lu
|-immune|p2a: Ting-Lu
|
|-heal|p2a: Ting-Lu|59/100|[from] item: Leftovers
|upkeep
|turn|11
|
|t:|1743854535
|switch|p2a: Pecharunt|Pecharunt|100/100
|move|p1a: Hatterene|Draining Kiss|p2a: Pecharunt
|-resisted|p2a: Pecharunt
|-damage|p2a: Pecharunt|89/100
|-heal|p1a: Hatterene|100/100|[from] drain|[of] p2a: Pecharunt
|
|upkeep
|turn|12
|inactive|jyvon12811 has 120 seconds left.
|l|☆dajiangbanlema
|inactive|dajiangbanlema disconnected and has a minute to reconnect!
|player|p1|
|inactive|dajiangbanlema has 30 seconds to reconnect!
|inactive|dajiangbanlema has 20 seconds to reconnect!
|inactive|dajiangbanlema has 15 seconds to reconnect!
|j|☆dajiangbanlema
|inactive|dajiangbanlema reconnected and has 85 seconds left.
|player|p1|dajiangbanlema|1|
|
|t:|1743854605
|-terastallize|p1a: Hatterene|Water
|move|p2a: Pecharunt|Parting Shot|p1a: Hatterene
|move|p1a: Hatterene|Parting Shot|p2a: Pecharunt|[from] ability: Magic Bounce
|-unboost|p2a: Pecharunt|atk|1
|-unboost|p2a: Pecharunt|spa|1
|
|t:|1743854611
|switch|p1a: Samurott|Samurott-Hisui, F|100/100|[from] Parting Shot
|
|upkeep
|turn|13
|
|t:|1743854617
|move|p2a: Pecharunt|Parting Shot|p1a: Samurott
|-unboost|p1a: Samurott|atk|1
|-unboost|p1a: Samurott|spa|1
|inactive|jyvon12811 has 120 seconds left.
|
|t:|1743854635
|switch|p2a: Skarmory|Skarmory, M|95/100 tox|[from] Parting Shot
|move|p1a: Samurott|Knock Off|p2a: Skarmory
|-damage|p2a: Skarmory|80/100 tox
|-damage|p1a: Samurott|84/100|[from] item: Rocky Helmet|[of] p2a: Skarmory
|-enditem|p2a: Skarmory|Rocky Helmet|[from] move: Knock Off|[of] p1a: Samurott
|
|-damage|p2a: Skarmory|74/100 tox|[from] psn
|upkeep
|turn|14
|inactive|jyvon12811 has 120 seconds left.
|
|t:|1743854647
|switch|p1a: Hatterene|Hatterene, F, tera:Water|100/100
|switch|p2a: Dragapult|Dragapult, F|100/100
|
|upkeep
|turn|15
|l|☆dajiangbanlema
|inactive|dajiangbanlema disconnected and has a minute to reconnect!
|player|p1|
|inactive|dajiangbanlema has 30 seconds to reconnect!
|inactive|dajiangbanlema has 20 seconds to reconnect!
|inactive|dajiangbanlema has 15 seconds to reconnect!
|inactive|dajiangbanlema has 10 seconds to reconnect!
|inactive|dajiangbanlema has 5 seconds to reconnect!
|j|☆dajiangbanlema
|inactive|dajiangbanlema reconnected and has 65 seconds left.
|player|p1|dajiangbanlema|1|
|
|t:|1743854706
|move|p2a: Dragapult|U-turn|p1a: Hatterene
|-damage|p1a: Hatterene|86/100
|
|t:|1743854712
|switch|p2a: Pecharunt|Pecharunt|89/100|[from] U-turn
|move|p1a: Hatterene|Nuzzle|p2a: Pecharunt
|-damage|p2a: Pecharunt|87/100
|-status|p2a: Pecharunt|par
|
|upkeep
|turn|16
|
|t:|1743854721
|move|p2a: Pecharunt|Malignant Chain|p1a: Hatterene
|-damage|p1a: Hatterene|54/100
|move|p1a: Hatterene|Psychic Noise|p2a: Pecharunt
|-supereffective|p2a: Pecharunt
|-damage|p2a: Pecharunt|20/100 par
|-start|p2a: Pecharunt|move: Heal Block
|
|upkeep
|turn|17
|
|t:|1743854729
|switch|p1a: Samurott|Samurott-Hisui, F|84/100
|move|p2a: Pecharunt|Parting Shot|p1a: Samurott
|-unboost|p1a: Samurott|atk|1
|-unboost|p1a: Samurott|spa|1
|
|t:|1743854738
|switch|p2a: Dragapult|Dragapult, F|100/100|[from] Parting Shot
|
|upkeep
|turn|18
|
|t:|1743854746
|switch|p1a: Ting-Lu|Ting-Lu|100/100
|-ability|p1a: Ting-Lu|Vessel of Ruin
|move|p2a: Dragapult|U-turn|p1a: Ting-Lu
|-supereffective|p1a: Ting-Lu
|-damage|p1a: Ting-Lu|85/100
|
|t:|1743854757
|switch|p2a: Clefable|Clefable, F|40/100 par|[from] U-turn
|
|-heal|p1a: Ting-Lu|91/100|[from] item: Leftovers
|-heal|p2a: Clefable|46/100 par|[from] item: Leftovers
|upkeep
|turn|19
|
|t:|1743854765
|move|p1a: Ting-Lu|Taunt|p2a: Clefable
|-start|p2a: Clefable|move: Taunt
|cant|p2a: Clefable|move: Taunt|Moonlight
|
|-heal|p1a: Ting-Lu|97/100|[from] item: Leftovers
|-heal|p2a: Clefable|52/100 par|[from] item: Leftovers
|upkeep
|turn|20
|
|t:|1743854773
|switch|p1a: Clefable|Clefable, M|100/100
|switch|p2a: Great Tusk|Great Tusk|100/100
|
|upkeep
|turn|21
|
|t:|1743854781
|move|p2a: Great Tusk|Headlong Rush|p1a: Clefable
|-damage|p1a: Clefable|39/100
|-unboost|p2a: Great Tusk|def|1
|-unboost|p2a: Great Tusk|spd|1
|move|p1a: Clefable|Moonblast|p2a: Great Tusk
|-supereffective|p2a: Great Tusk
|-damage|p2a: Great Tusk|17/100
|
|-heal|p1a: Clefable|45/100|[from] item: Leftovers
|upkeep
|turn|22
|
|t:|1743854792
|move|p1a: Clefable|Protect|p1a: Clefable
|-singleturn|p1a: Clefable|Protect
|move|p2a: Great Tusk|Headlong Rush|p1a: Clefable
|-activate|p1a: Clefable|move: Protect
|
|-heal|p1a: Clefable|51/100|[from] item: Leftovers
|upkeep
|turn|23
|
|t:|1743854800
|switch|p1a: Ting-Lu|Ting-Lu|97/100
|-ability|p1a: Ting-Lu|Vessel of Ruin
|move|p2a: Great Tusk|Knock Off|p1a: Ting-Lu
|-resisted|p1a: Ting-Lu
|-damage|p1a: Ting-Lu|91/100
|-enditem|p1a: Ting-Lu|Leftovers|[from] move: Knock Off|[of] p2a: Great Tusk
|
|upkeep
|turn|24
|
|t:|1743854812
|-end|p2a: Great Tusk|Protosynthesis|[silent]
|switch|p2a: Skarmory|Skarmory, M|74/100 tox
|switch|p1a: Deoxys|Deoxys-Defense|100/100
|-ability|p1a: Deoxys|Pressure
|
|-damage|p2a: Skarmory|68/100 tox|[from] psn
|upkeep
|turn|25
|
|t:|1743854823
|switch|p1a: Hatterene|Hatterene, F, tera:Water|54/100
|move|p2a: Skarmory|Whirlwind|p1a: Hatterene
|move|p1a: Hatterene|Whirlwind|p2a: Skarmory|[from] ability: Magic Bounce
|drag|p2a: Great Tusk|Great Tusk|17/100
|
|upkeep
|turn|26
|
|t:|1743854832
|move|p2a: Great Tusk|Headlong Rush|p1a: Hatterene
|-damage|p1a: Hatterene|4/100
|-unboost|p2a: Great Tusk|def|1
|-unboost|p2a: Great Tusk|spd|1
|move|p1a: Hatterene|Draining Kiss|p2a: Great Tusk
|-supereffective|p2a: Great Tusk
|-damage|p2a: Great Tusk|0 fnt
|-heal|p1a: Hatterene|23/100|[from] drain|[of] p2a: Great Tusk
|faint|p2a: Great Tusk
|-end|p2a: Great Tusk|Protosynthesis|[silent]
|
|upkeep
|
|t:|1743854845
|switch|p2a: Dragapult|Dragapult, F|100/100
|turn|27
|
|t:|1743854855
|switch|p1a: Ting-Lu|Ting-Lu|91/100
|-ability|p1a: Ting-Lu|Vessel of Ruin
|move|p2a: Dragapult|Shadow Ball|p1a: Ting-Lu
|-resisted|p1a: Ting-Lu
|-damage|p1a: Ting-Lu|77/100
|
|upkeep
|turn|28
|
|t:|1743854870
|switch|p2a: Clefable|Clefable, F|52/100 par
|move|p1a: Ting-Lu|Taunt|p2a: Clefable
|-start|p2a: Clefable|move: Taunt
|
|-heal|p2a: Clefable|58/100 par|[from] item: Leftovers
|upkeep
|turn|29
|
|t:|1743854881
|switch|p1a: Deoxys|Deoxys-Defense|100/100
|-ability|p1a: Deoxys|Pressure
|switch|p2a: Ting-Lu|Ting-Lu|59/100
|-ability|p2a: Ting-Lu|Vessel of Ruin
|
|-heal|p2a: Ting-Lu|65/100|[from] item: Leftovers
|upkeep
|turn|30
|
|t:|1743854895
|move|p1a: Deoxys|Wrap|p2a: Ting-Lu
|-damage|p2a: Ting-Lu|64/100
|-activate|p2a: Ting-Lu|move: Wrap|[of] p1a: Deoxys
|move|p2a: Ting-Lu|Earthquake|p1a: Deoxys
|-damage|p1a: Deoxys|78/100
|
|-heal|p2a: Ting-Lu|70/100|[from] item: Leftovers
|-damage|p2a: Ting-Lu|53/100|[from] move: Wrap|[partiallytrapped]
|upkeep
|turn|31
|
|t:|1743854905
|move|p1a: Deoxys|Protect|p1a: Deoxys
|-singleturn|p1a: Deoxys|Protect
|move|p2a: Ting-Lu|Stealth Rock|p1a: Deoxys
|-sidestart|p1: dajiangbanlema|move: Stealth Rock
|
|-heal|p2a: Ting-Lu|59/100|[from] item: Leftovers
|-damage|p2a: Ting-Lu|43/100|[from] move: Wrap|[partiallytrapped]
|upkeep
|turn|32
|
|t:|1743854914
|move|p1a: Deoxys|Wrap|p2a: Ting-Lu
|-damage|p2a: Ting-Lu|41/100
|move|p2a: Ting-Lu|Whirlwind|p1a: Deoxys
|drag|p1a: Ting-Lu|Ting-Lu|77/100
|-damage|p1a: Ting-Lu|70/100|[from] Stealth Rock
|-ability|p1a: Ting-Lu|Vessel of Ruin
|
|-heal|p2a: Ting-Lu|48/100|[from] item: Leftovers
|-end|p2a: Ting-Lu|Wrap|[partiallytrapped]|[silent]
|upkeep
|turn|33
|
|t:|1743854932
|move|p2a: Ting-Lu|Ruination|p1a: Ting-Lu
|-damage|p1a: Ting-Lu|36/100
|move|p1a: Ting-Lu|Taunt|p2a: Ting-Lu
|-start|p2a: Ting-Lu|move: Taunt
|
|-heal|p2a: Ting-Lu|54/100|[from] item: Leftovers
|upkeep
|turn|34
|
|t:|1743854944
|move|p2a: Ting-Lu|Ruination|p1a: Ting-Lu
|-damage|p1a: Ting-Lu|18/100
|move|p1a: Ting-Lu|Rest|p1a: Ting-Lu
|-status|p1a: Ting-Lu|slp|[from] move: Rest
|-heal|p1a: Ting-Lu|100/100 slp|[silent]
|
|-heal|p2a: Ting-Lu|60/100|[from] item: Leftovers
|upkeep
|turn|35
|
|t:|1743854953
|move|p2a: Ting-Lu|Ruination|p1a: Ting-Lu
|-damage|p1a: Ting-Lu|50/100 slp
|cant|p1a: Ting-Lu|slp
|
|-heal|p2a: Ting-Lu|66/100|[from] item: Leftovers
|upkeep
|turn|36
|
|t:|1743854962
|cant|p1a: Ting-Lu|slp
|move|p2a: Ting-Lu|Ruination|p1a: Ting-Lu
|-damage|p1a: Ting-Lu|26/100 slp
|
|-heal|p2a: Ting-Lu|72/100|[from] item: Leftovers
|-end|p2a: Ting-Lu|move: Taunt
|upkeep
|turn|37
|
|t:|1743854971
|-curestatus|p1a: Ting-Lu|slp|[msg]
|move|p1a: Ting-Lu|Rest|p1a: Ting-Lu
|-status|p1a: Ting-Lu|slp|[from] move: Rest
|-heal|p1a: Ting-Lu|100/100 slp|[silent]
|move|p2a: Ting-Lu|Earthquake|p1a: Ting-Lu
|-damage|p1a: Ting-Lu|83/100 slp
|
|-heal|p2a: Ting-Lu|79/100|[from] item: Leftovers
|upkeep
|turn|38
|
|t:|1743854982
|switch|p1a: Samurott|Samurott-Hisui, F|84/100
|-damage|p1a: Samurott|72/100|[from] Stealth Rock
|switch|p2a: Skarmory|Skarmory, M|68/100 tox
|
|-damage|p2a: Skarmory|62/100 tox|[from] psn
|upkeep
|turn|39
|
|t:|1743854992
|move|p1a: Samurott|Ceaseless Edge|p2a: Skarmory
|-damage|p2a: Skarmory|39/100 tox
|-sidestart|p2: jyvon12811|Spikes
|move|p2a: Skarmory|Roost|p2a: Skarmory
|-heal|p2a: Skarmory|89/100 tox
|-singleturn|p2a: Skarmory|move: Roost
|
|-damage|p2a: Skarmory|77/100 tox|[from] psn
|upkeep
|turn|40
|
|t:|1743855002
|switch|p2a: Clefable|Clefable, F|58/100 par
|move|p1a: Samurott|Ceaseless Edge|p2a: Clefable
|-resisted|p2a: Clefable
|-damage|p2a: Clefable|45/100 par
|-sidestart|p2: jyvon12811|Spikes
|
|-heal|p2a: Clefable|51/100 par|[from] item: Leftovers
|upkeep
|turn|41
|
|t:|1743855014
|move|p1a: Samurott|Flip Turn|p2a: Clefable
|-crit|p2a: Clefable
|-damage|p2a: Clefable|25/100 par
|
|t:|1743855017
|switch|p1a: Clefable|Clefable, M|51/100|[from] Flip Turn
|-damage|p1a: Clefable|38/100|[from] Stealth Rock
|move|p2a: Clefable|Moonlight|p2a: Clefable
|-heal|p2a: Clefable|75/100 par
|
|-heal|p1a: Clefable|44/100|[from] item: Leftovers
|-heal|p2a: Clefable|81/100 par|[from] item: Leftovers
|upkeep
|turn|42
|
|t:|1743855033
|move|p1a: Clefable|Wish|p1a: Clefable
|move|p2a: Clefable|Moonblast|p1a: Clefable
|-crit|p1a: Clefable
|-damage|p1a: Clefable|15/100
|
|-heal|p1a: Clefable|21/100|[from] item: Leftovers
|-heal|p2a: Clefable|87/100 par|[from] item: Leftovers
|upkeep
|turn|43
|
|t:|1743855045
|move|p1a: Clefable|Stealth Rock|p2a: Clefable
|-sidestart|p2: jyvon12811|move: Stealth Rock
|move|p2a: Clefable|Knock Off|p1a: Clefable
|-resisted|p1a: Clefable
|-damage|p1a: Clefable|12/100
|-enditem|p1a: Clefable|Leftovers|[from] move: Knock Off|[of] p2a: Clefable
|
|-heal|p1a: Clefable|62/100|[from] move: Wish|[wisher] Clefable
|-heal|p2a: Clefable|93/100 par|[from] item: Leftovers
|upkeep
|turn|44
|
|t:|1743855063
|move|p1a: Clefable|Wish|p1a: Clefable
|move|p2a: Clefable|Moonblast|p1a: Clefable
|-damage|p1a: Clefable|39/100
|
|-heal|p2a: Clefable|99/100 par|[from] item: Leftovers
|upkeep
|turn|45
|
|t:|1743855070
|move|p1a: Clefable|Moonblast|p2a: Clefable
|-damage|p2a: Clefable|70/100 par
|move|p2a: Clefable|Calm Mind|p2a: Clefable
|-boost|p2a: Clefable|spa|1
|-boost|p2a: Clefable|spd|1
|
|-heal|p1a: Clefable|89/100|[from] move: Wish|[wisher] Clefable
|-heal|p2a: Clefable|76/100 par|[from] item: Leftovers
|upkeep
|turn|46
|
|t:|1743855080
|move|p1a: Clefable|Wish|p1a: Clefable
|move|p2a: Clefable|Knock Off|p1a: Clefable
|-resisted|p1a: Clefable
|-damage|p1a: Clefable|84/100
|
|-heal|p2a: Clefable|82/100 par|[from] item: Leftovers
|upkeep
|turn|47
|
|t:|1743855088
|move|p1a: Clefable|Moonblast|p2a: Clefable
|-damage|p2a: Clefable|50/100 par
|move|p2a: Clefable|Knock Off|p1a: Clefable
|-resisted|p1a: Clefable
|-damage|p1a: Clefable|78/100
|
|-heal|p1a: Clefable|100/100|[from] move: Wish|[wisher] Clefable
|-heal|p2a: Clefable|56/100 par|[from] item: Leftovers
|upkeep
|turn|48
|
|t:|1743855098
|move|p1a: Clefable|Wish|p1a: Clefable
|cant|p2a: Clefable|par
|
|-heal|p2a: Clefable|62/100 par|[from] item: Leftovers
|upkeep
|turn|49
|
|t:|1743855109
|switch|p1a: Deoxys|Deoxys-Defense|78/100
|-damage|p1a: Deoxys|66/100|[from] Stealth Rock
|-ability|p1a: Deoxys|Pressure
|move|p2a: Clefable|Knock Off|p1a: Deoxys
|-supereffective|p1a: Deoxys
|-damage|p1a: Deoxys|49/100
|-enditem|p1a: Deoxys|Binding Band|[from] move: Knock Off|[of] p2a: Clefable
|
|-heal|p1a: Deoxys|100/100|[from] move: Wish|[wisher] Clefable
|-heal|p2a: Clefable|69/100 par|[from] item: Leftovers
|upkeep
|turn|50
|
|t:|1743855124
|move|p1a: Deoxys|Wrap|p2a: Clefable
|-damage|p2a: Clefable|66/100 par
|-activate|p2a: Clefable|move: Wrap|[of] p1a: Deoxys
|move|p2a: Clefable|Moonblast|p1a: Deoxys
|-damage|p1a: Deoxys|66/100
|
|-heal|p2a: Clefable|72/100 par|[from] item: Leftovers
|upkeep
|turn|51
|
|t:|1743855134
|move|p1a: Deoxys|Skill Swap|p2a: Clefable
|-activate|p1a: Deoxys|move: Skill Swap|Magic Guard|Pressure|[of] p2a: Clefable
|-ability|p2a: Clefable|Pressure
|move|p2a: Clefable|Calm Mind|p2a: Clefable
|-boost|p2a: Clefable|spa|1
|-boost|p2a: Clefable|spd|1
|
|-heal|p2a: Clefable|78/100 par|[from] item: Leftovers
|-damage|p2a: Clefable|66/100 par|[from] move: Wrap|[partiallytrapped]
|upkeep
|turn|52
|
|t:|1743855146
|move|p1a: Deoxys|Protect|p1a: Deoxys
|-singleturn|p1a: Deoxys|Protect
|move|p2a: Clefable|Moonlight|p2a: Clefable
|-heal|p2a: Clefable|100/100 par
|
|-damage|p2a: Clefable|88/100 par|[from] move: Wrap|[partiallytrapped]
|upkeep
|turn|53
|
|t:|1743855156
|switch|p1a: Glimmora|Glimmora, M|100/100
|-damage|p1a: Glimmora|88/100|[from] Stealth Rock
|cant|p2a: Clefable|par
|
|-heal|p1a: Glimmora|94/100|[from] item: Leftovers
|-heal|p2a: Clefable|94/100 par|[from] item: Leftovers
|-end|p2a: Clefable|Wrap|[partiallytrapped]|[silent]
|upkeep
|turn|54
|
|t:|1743855165
|move|p1a: Glimmora|Mortal Spin|p2a: Clefable
|-supereffective|p2a: Clefable
|-damage|p2a: Clefable|83/100 par
|-sideend|p1: dajiangbanlema|Stealth Rock|[from] move: Mortal Spin|[of] p1a: Glimmora
|move|p2a: Clefable|Knock Off|p1a: Glimmora
|-damage|p1a: Glimmora|83/100
|-enditem|p1a: Glimmora|Leftovers|[from] move: Knock Off|[of] p2a: Clefable
|
|-heal|p2a: Clefable|89/100 par|[from] item: Leftovers
|upkeep
|turn|55
|
|t:|1743855175
|move|p1a: Glimmora|Sand Tomb|p2a: Clefable
|-damage|p2a: Clefable|85/100 par
|-activate|p2a: Clefable|move: Sand Tomb|[of] p1a: Glimmora
|cant|p2a: Clefable|par
|
|-heal|p2a: Clefable|91/100 par|[from] item: Leftovers
|-damage|p2a: Clefable|79/100 par|[from] move: Sand Tomb|[partiallytrapped]
|upkeep
|turn|56
|
|t:|1743855186
|switch|p1a: Clefable|Clefable, M|100/100
|move|p2a: Clefable|Knock Off|p1a: Clefable
|-resisted|p1a: Clefable
|-damage|p1a: Clefable|95/100
|
|-heal|p2a: Clefable|85/100 par|[from] item: Leftovers
|-end|p2a: Clefable|Sand Tomb|[partiallytrapped]|[silent]
|upkeep
|turn|57
|
|t:|1743855195
|move|p1a: Clefable|Wish|p1a: Clefable
|move|p2a: Clefable|Moonblast|p1a: Clefable
|-damage|p1a: Clefable|74/100
|-unboost|p1a: Clefable|spa|1
|
|-heal|p2a: Clefable|91/100 par|[from] item: Leftovers
|upkeep
|turn|58
|
|t:|1743855204
|move|p1a: Clefable|Moonblast|p2a: Clefable
|-damage|p2a: Clefable|71/100 par
|move|p2a: Clefable|Knock Off|p1a: Clefable
|-resisted|p1a: Clefable
|-damage|p1a: Clefable|69/100
|
|-heal|p1a: Clefable|100/100|[from] move: Wish|[wisher] Clefable
|-heal|p2a: Clefable|77/100 par|[from] item: Leftovers
|upkeep
|turn|59
|
|t:|1743855214
|move|p1a: Clefable|Wish|p1a: Clefable
|cant|p2a: Clefable|par
|
|-heal|p2a: Clefable|83/100 par|[from] item: Leftovers
|upkeep
|turn|60
|
|t:|1743855219
|move|p1a: Clefable|Moonblast|p2a: Clefable
|-damage|p2a: Clefable|64/100 par
|cant|p2a: Clefable|par
|
|-heal|p2a: Clefable|70/100 par|[from] item: Leftovers
|upkeep
|turn|61
|
|t:|1743855227
|move|p1a: Clefable|Wish|p1a: Clefable
|cant|p2a: Clefable|par
|
|-heal|p2a: Clefable|76/100 par|[from] item: Leftovers
|upkeep
|turn|62
|
|t:|1743855233
|move|p1a: Clefable|Moonblast|p2a: Clefable
|-damage|p2a: Clefable|57/100 par
|-unboost|p2a: Clefable|spa|1
|move|p2a: Clefable|Knock Off|p1a: Clefable
|-resisted|p1a: Clefable
|-damage|p1a: Clefable|95/100
|
|-heal|p1a: Clefable|100/100|[from] move: Wish|[wisher] Clefable
|-heal|p2a: Clefable|63/100 par|[from] item: Leftovers
|upkeep
|turn|63
|
|t:|1743855244
|move|p1a: Clefable|Wish|p1a: Clefable
|cant|p2a: Clefable|par
|
|-heal|p2a: Clefable|70/100 par|[from] item: Leftovers
|upkeep
|turn|64
|
|t:|1743855251
|switch|p1a: Hatterene|Hatterene, F, tera:Water|23/100
|cant|p2a: Clefable|par
|
|-heal|p1a: Hatterene|92/100|[from] move: Wish|[wisher] Clefable
|-heal|p2a: Clefable|76/100 par|[from] item: Leftovers
|upkeep
|turn|65
|
|t:|1743855259
|switch|p1a: Clefable|Clefable, M|100/100
|move|p2a: Clefable|Moonblast|p1a: Clefable
|-damage|p1a: Clefable|79/100
|-unboost|p1a: Clefable|spa|1
|
|-heal|p2a: Clefable|82/100 par|[from] item: Leftovers
|upkeep
|turn|66
|
|t:|1743855268
|move|p1a: Clefable|Protect|p1a: Clefable
|-singleturn|p1a: Clefable|Protect
|cant|p2a: Clefable|par
|
|-heal|p2a: Clefable|88/100 par|[from] item: Leftovers
|upkeep
|turn|67
|
|t:|1743855275
|switch|p1a: Hatterene|Hatterene, F, tera:Water|92/100
|cant|p2a: Clefable|par
|
|-heal|p2a: Clefable|94/100 par|[from] item: Leftovers
|upkeep
|turn|68
|
|t:|1743855283
|move|p1a: Hatterene|Psychic Noise|p2a: Clefable
|-damage|p2a: Clefable|78/100 par
|-start|p2a: Clefable|move: Heal Block
|cant|p2a: Clefable|par
|
|upkeep
|turn|69
|
|t:|1743855290
|move|p1a: Hatterene|Psychic Noise|p2a: Clefable
|-damage|p2a: Clefable|61/100 par
|move|p2a: Clefable|Moonblast|p1a: Hatterene
|-damage|p1a: Hatterene|44/100
|
|-end|p2a: Clefable|move: Heal Block
|upkeep
|turn|70
|
|t:|1743855299
|move|p1a: Hatterene|Pain Split|p2a: Clefable
|-sethp|p2a: Clefable|46/100 par|[from] move: Pain Split|[silent]
|-sethp|p1a: Hatterene|64/100|[from] move: Pain Split
|move|p2a: Clefable|Moonblast|p1a: Hatterene
|-damage|p1a: Hatterene|10/100
|-unboost|p1a: Hatterene|spa|1
|
|-heal|p2a: Clefable|53/100 par|[from] item: Leftovers
|upkeep
|turn|71
|
|t:|1743855313
|switch|p2a: Pecharunt|Pecharunt|20/100 par
|move|p1a: Hatterene|Pain Split|p2a: Pecharunt
|-sethp|p2a: Pecharunt|14/100 par|[from] move: Pain Split|[silent]
|-sethp|p1a: Hatterene|18/100|[from] move: Pain Split
|
|upkeep
|turn|72
|
|t:|1743855320
|move|p2a: Pecharunt|Malignant Chain|p1a: Hatterene
|-damage|p1a: Hatterene|0 fnt
|faint|p1a: Hatterene
|
|upkeep
|
|t:|1743855325
|switch|p1a: Samurott|Samurott-Hisui, F|72/100
|turn|73
|
|t:|1743855332
|move|p1a: Samurott|Ceaseless Edge|p2a: Pecharunt
|-supereffective|p2a: Pecharunt
|-damage|p2a: Pecharunt|0 fnt
|-sidestart|p2: jyvon12811|Spikes
|faint|p2a: Pecharunt
|
|upkeep
|
|t:|1743855347
|switch|p2a: Skarmory|Skarmory, M|77/100 tox
|-damage|p2a: Skarmory|65/100 tox|[from] Stealth Rock
|turn|74
|
|t:|1743855356
|move|p1a: Samurott|Flip Turn|p2a: Skarmory
|-damage|p2a: Skarmory|50/100 tox
|
|t:|1743855368
|switch|p1a: Deoxys|Deoxys-Defense|66/100|[from] Flip Turn
|-ability|p1a: Deoxys|Pressure
|move|p2a: Skarmory|Spikes|p1a: Deoxys
|-sidestart|p1: dajiangbanlema|Spikes
|
|-damage|p2a: Skarmory|45/100 tox|[from] psn
|upkeep
|turn|75
|
|t:|1743855380
|switch|p1a: Samurott|Samurott-Hisui, F|72/100
|-damage|p1a: Samurott|59/100|[from] Spikes
|switch|p2a: Dragapult|Dragapult, F|100/100
|-damage|p2a: Dragapult|76/100|[from] Spikes
|-damage|p2a: Dragapult|63/100|[from] Stealth Rock
|
|upkeep
|turn|76
|
|t:|1743855391
|switch|p1a: Glimmora|Glimmora, M|83/100
|-damage|p1a: Glimmora|70/100|[from] Spikes
|move|p2a: Dragapult|U-turn|p1a: Glimmora
|-resisted|p1a: Glimmora
|-damage|p1a: Glimmora|63/100
|
|t:|1743855400
|switch|p2a: Ting-Lu|Ting-Lu|79/100|[from] U-turn
|-damage|p2a: Ting-Lu|54/100|[from] Spikes
|-damage|p2a: Ting-Lu|48/100|[from] Stealth Rock
|-ability|p2a: Ting-Lu|Vessel of Ruin
|
|-heal|p2a: Ting-Lu|54/100|[from] item: Leftovers
|upkeep
|turn|77
|
|t:|1743855410
|switch|p1a: Ting-Lu|Ting-Lu|83/100 slp
|-damage|p1a: Ting-Lu|71/100 slp|[from] Spikes
|-ability|p1a: Ting-Lu|Vessel of Ruin
|switch|p2a: Skarmory|Skarmory, M|45/100 tox
|-damage|p2a: Skarmory|32/100 tox|[from] Stealth Rock
|
|-damage|p2a: Skarmory|26/100 tox|[from] psn
|upkeep
|turn|78
|
|t:|1743855422
|switch|p1a: Clefable|Clefable, M|79/100
|-damage|p1a: Clefable|66/100|[from] Spikes
|move|p2a: Skarmory|Roost|p2a: Skarmory
|-heal|p2a: Skarmory|76/100 tox
|-singleturn|p2a: Skarmory|move: Roost
|
|-damage|p2a: Skarmory|64/100 tox|[from] psn
|upkeep
|turn|79
|
|t:|1743855432
|move|p2a: Skarmory|Spikes|p1a: Clefable
|-sidestart|p1: dajiangbanlema|Spikes
|move|p1a: Clefable|Wish|p1a: Clefable
|
|-damage|p2a: Skarmory|46/100 tox|[from] psn
|upkeep
|turn|80
|
|t:|1743855441
|switch|p1a: Samurott|Samurott-Hisui, F|59/100
|-damage|p1a: Samurott|43/100|[from] Spikes
|move|p2a: Skarmory|Whirlwind|p1a: Samurott
|drag|p1a: Clefable|Clefable, M|66/100
|-damage|p1a: Clefable|50/100|[from] Spikes
|
|-heal|p1a: Clefable|99/100|[from] move: Wish|[wisher] Clefable
|-damage|p2a: Skarmory|22/100 tox|[from] psn
|upkeep
|turn|81
|
|t:|1743855454
|move|p2a: Skarmory|Roost|p2a: Skarmory
|-heal|p2a: Skarmory|72/100 tox
|-singleturn|p2a: Skarmory|move: Roost
|move|p1a: Clefable|Wish|p1a: Clefable
|
|-damage|p2a: Skarmory|42/100 tox|[from] psn
|upkeep
|turn|82
|
|t:|1743855462
|switch|p2a: Clefable|Clefable, F|53/100 par
|switch|p1a: Samurott|Samurott-Hisui, F|43/100
|-damage|p1a: Samurott|26/100|[from] Spikes
|
|-heal|p1a: Samurott|78/100|[from] move: Wish|[wisher] Clefable
|-heal|p2a: Clefable|59/100 par|[from] item: Leftovers
|upkeep
|turn|83
|
|t:|1743855473
|move|p1a: Samurott|Knock Off|p2a: Clefable
|-resisted|p2a: Clefable
|-damage|p2a: Clefable|44/100 par
|-enditem|p2a: Clefable|Leftovers|[from] move: Knock Off|[of] p1a: Samurott
|move|p2a: Clefable|Moonblast|p1a: Samurott
|-supereffective|p1a: Samurott
|-damage|p1a: Samurott|43/100
|
|upkeep
|turn|84
|
|t:|1743855482
|switch|p1a: Deoxys|Deoxys-Defense|66/100
|-damage|p1a: Deoxys|50/100|[from] Spikes
|-ability|p1a: Deoxys|Pressure
|move|p2a: Clefable|Moonlight|p2a: Clefable
|-heal|p2a: Clefable|94/100 par
|
|upkeep
|turn|85
|
|t:|1743855497
|switch|p2a: Dragapult|Dragapult, F|63/100
|-damage|p2a: Dragapult|38/100|[from] Spikes
|-damage|p2a: Dragapult|26/100|[from] Stealth Rock
|move|p1a: Deoxys|Protect||[still]
|-fail|p1a: Deoxys
|
|upkeep
|turn|86
|
|t:|1743855508
|move|p1a: Deoxys|Protect|p1a: Deoxys
|-singleturn|p1a: Deoxys|Protect
|move|p2a: Dragapult|U-turn|p1a: Deoxys
|-activate|p1a: Deoxys|move: Protect
|
|upkeep
|turn|87
|
|t:|1743855515
|move|p2a: Dragapult|U-turn|p1a: Deoxys
|-supereffective|p1a: Deoxys
|-damage|p1a: Deoxys|28/100
|
|t:|1743855518
|switch|p2a: Skarmory|Skarmory, M|42/100 tox|[from] U-turn
|-damage|p2a: Skarmory|30/100 tox|[from] Stealth Rock
|move|p1a: Deoxys|Wrap|p2a: Skarmory|[miss]
|-miss|p1a: Deoxys|p2a: Skarmory
|
|-damage|p2a: Skarmory|24/100 tox|[from] psn
|upkeep
|turn|88
|
|t:|1743855529
|move|p1a: Deoxys|Rest|p1a: Deoxys
|-status|p1a: Deoxys|slp|[from] move: Rest
|-heal|p1a: Deoxys|100/100 slp|[silent]
|move|p2a: Skarmory|Roost|p2a: Skarmory
|-heal|p2a: Skarmory|74/100 tox
|-singleturn|p2a: Skarmory|move: Roost
|
|-damage|p2a: Skarmory|62/100 tox|[from] psn
|upkeep
|turn|89
|
|t:|1743855540
|cant|p1a: Deoxys|slp
|move|p2a: Skarmory|Spikes|p1a: Deoxys
|-sidestart|p1: dajiangbanlema|Spikes
|
|-damage|p2a: Skarmory|44/100 tox|[from] psn
|upkeep
|turn|90
|
|t:|1743855550
|cant|p1a: Deoxys|slp
|move|p2a: Skarmory|Whirlwind|p1a: Deoxys
|drag|p1a: Clefable|Clefable, M|99/100
|-damage|p1a: Clefable|75/100|[from] Spikes
|
|-damage|p2a: Skarmory|20/100 tox|[from] psn
|upkeep
|turn|91
|
|t:|1743855560
|switch|p2a: Clefable|Clefable, F|94/100 par
|move|p1a: Clefable|Moonblast|p2a: Clefable
|-damage|p2a: Clefable|64/100 par
|
|upkeep
|turn|92
|inactive|jyvon12811 has 120 seconds left.
|
|t:|1743855580
|move|p1a: Clefable|Moonblast|p2a: Clefable
|-damage|p2a: Clefable|34/100 par
|-unboost|p2a: Clefable|spa|1
|move|p2a: Clefable|Moonlight|p2a: Clefable
|-heal|p2a: Clefable|84/100 par
|
|upkeep
|turn|93
|
|t:|1743855590
|switch|p2a: Dragapult|Dragapult, F|26/100
|-damage|p2a: Dragapult|1/100|[from] Spikes
|-damage|p2a: Dragapult|0 fnt|[from] Stealth Rock
|faint|p2a: Dragapult
|move|p1a: Clefable|Moonblast|p2: Dragapult|[notarget]
|-fail|p1a: Clefable
|
|upkeep
|
|t:|1743855599
|switch|p2a: Skarmory|Skarmory, M|20/100 tox
|-damage|p2a: Skarmory|8/100 tox|[from] Stealth Rock
|turn|94
|
|t:|1743855610
|move|p2a: Skarmory|Roost|p2a: Skarmory
|-heal|p2a: Skarmory|58/100 tox
|-singleturn|p2a: Skarmory|move: Roost
|move|p1a: Clefable|Moonblast|p2a: Skarmory
|-resisted|p2a: Skarmory
|-damage|p2a: Skarmory|36/100 tox
|
|-damage|p2a: Skarmory|30/100 tox|[from] psn
|upkeep
|turn|95
|
|t:|1743855620
|move|p2a: Skarmory|Roost|p2a: Skarmory
|-heal|p2a: Skarmory|80/100 tox
|-singleturn|p2a: Skarmory|move: Roost
|move|p1a: Clefable|Moonblast|p2a: Skarmory
|-resisted|p2a: Skarmory
|-damage|p2a: Skarmory|57/100 tox
|
|-damage|p2a: Skarmory|45/100 tox|[from] psn
|upkeep
|turn|96
|
|t:|1743855633
|move|p1a: Clefable|Wish|p1a: Clefable
|move|p2a: Skarmory|Whirlwind|p1a: Clefable
|drag|p1a: Samurott|Samurott-Hisui, F|43/100
|-damage|p1a: Samurott|19/100|[from] Spikes
|
|-damage|p2a: Skarmory|27/100 tox|[from] psn
|upkeep
|turn|97
|
|t:|1743855645
|move|p1a: Samurott|Ceaseless Edge|p2a: Skarmory
|-damage|p2a: Skarmory|3/100 tox
|move|p2a: Skarmory|Whirlwind|p1a: Samurott
|drag|p1a: Glimmora|Glimmora, M|63/100
|-damage|p1a: Glimmora|38/100|[from] Spikes
|
|-heal|p1a: Glimmora|91/100|[from] move: Wish|[wisher] Clefable
|-damage|p2a: Skarmory|0 fnt|[from] psn
|faint|p2a: Skarmory
|upkeep
|
|t:|1743855657
|switch|p2a: Ting-Lu|Ting-Lu|54/100
|-damage|p2a: Ting-Lu|29/100|[from] Spikes
|-damage|p2a: Ting-Lu|23/100|[from] Stealth Rock
|-ability|p2a: Ting-Lu|Vessel of Ruin
|turn|98
|
|t:|1743855670
|move|p1a: Glimmora|Spiky Shield|p1a: Glimmora
|-singleturn|p1a: Glimmora|move: Protect
|move|p2a: Ting-Lu|Earthquake|p1a: Glimmora
|-activate|p1a: Glimmora|move: Protect
|
|-heal|p2a: Ting-Lu|29/100|[from] item: Leftovers
|upkeep
|turn|99
|j| jyrfcv
|
|t:|1743855680
|move|p1a: Glimmora|Mortal Spin|p2a: Ting-Lu
|-resisted|p2a: Ting-Lu
|-damage|p2a: Ting-Lu|27/100
|-status|p2a: Ting-Lu|psn
|-sideend|p1: dajiangbanlema|Spikes|[from] move: Mortal Spin|[of] p1a: Glimmora
|move|p2a: Ting-Lu|Earthquake|p1a: Glimmora
|-supereffective|p1a: Glimmora
|-damage|p1a: Glimmora|0 fnt
|faint|p1a: Glimmora
|
|-heal|p2a: Ting-Lu|33/100 psn|[from] item: Leftovers
|-damage|p2a: Ting-Lu|21/100 psn|[from] psn
|upkeep
|
|t:|1743855689
|switch|p1a: Clefable|Clefable, M|75/100
|turn|100
|
|t:|1743855699
|move|p1a: Clefable|Moonblast|p2a: Ting-Lu
|-supereffective|p2a: Ting-Lu
|-damage|p2a: Ting-Lu|0 fnt
|faint|p2a: Ting-Lu
|
|upkeep
|
|t:|1743855704
|switch|p2a: Clefable|Clefable, F|84/100 par
|turn|101
|
|t:|1743855708
|switch|p1a: Deoxys|Deoxys-Defense|100/100 slp
|-ability|p1a: Deoxys|Pressure
|cant|p2a: Clefable|par
|
|upkeep
|turn|102
|
|t:|1743855715
|-curestatus|p1a: Deoxys|slp|[msg]
|move|p1a: Deoxys|Wrap|p2a: Clefable|[miss]
|-miss|p1a: Deoxys|p2a: Clefable
|cant|p2a: Clefable|par
|
|upkeep
|turn|103
|
|t:|1743855723
|move|p1a: Deoxys|Wrap|p2a: Clefable
|-damage|p2a: Clefable|81/100 par
|-activate|p2a: Clefable|move: Wrap|[of] p1a: Deoxys
|move|p2a: Clefable|Calm Mind|p2a: Clefable
|-boost|p2a: Clefable|spa|1
|-boost|p2a: Clefable|spd|1
|
|upkeep
|turn|104
|-message|jyvon12811 forfeited.
|
|win|dajiangbanlema
|raw|dajiangbanlema's rating: 1620 &rarr; <strong>1635</strong><br />(+15 for winning)
|raw|jyvon12811's rating: 1538 &rarr; <strong>1523</strong><br />(-15 for losing)
|l|☆jyvon12811
|player|p2|
|l|☆dajiangbanlema
|player|p1|
|j|☆dajiangbanlema
|player|p1|dajiangbanlema|1|
