|j|☆arrighi
|j|☆jxrx
|t:|1743861784
|gametype|singles
|player|p1|arrighi|101|1341
|player|p2|jxrx|norman|1263
|teamsize|p1|6
|teamsize|p2|6
|gen|9
|tier|[Gen 9] OU
|rated|
|rule|HP Percentage Mod: HP is shown in percentages
|rule|Endless Battle Clause: Forcing endless battles is banned
|rule|Species Clause: Limit one of each Pokémon
|rule|OHKO Clause: OHKO moves are banned
|rule|Evasion Items Clause: Evasion items are banned
|rule|Evasion Moves Clause: Evasion moves are banned
|rule|Sleep Moves Clause: Sleep-inducing moves are banned
|clearpoke
|poke|p1|Zapdos|
|poke|p1|Gholdengo|
|poke|p1|Ogerpon-Cornerstone, F|
|poke|p1|Iron Valiant|
|poke|p1|Garchomp, M|
|poke|p1|Blastoise, F|
|poke|p2|Great Tusk|
|poke|p2|Muk-Alola, F|
|poke|p2|Dragapult, M|
|poke|p2|Empoleon, M|
|poke|p2|Vileplume, M|
|poke|p2|Iron Moth|
|teampreview
|inactive|Battle timer is ON: inactive players will automatically lose when time's up. (requested by jxrx)
|
|t:|1743861815
|start
|switch|p1a: Garchomp|Garchomp, M|100/100
|switch|p2a: Iron Moth|Iron Moth|100/100
|turn|1
|
|t:|1743861825
|-end|p2a: Iron Moth|Quark Drive|[silent]
|switch|p2a: Vileplume|Vileplume, M|100/100
|move|p1a: Garchomp|Earthquake|p2a: Vileplume
|-damage|p2a: Vileplume|67/100
|
|upkeep
|turn|2
|
|t:|1743861852
|move|p1a: Garchomp|Stealth Rock|p2a: Vileplume
|-sidestart|p2: jxrx|move: Stealth Rock
|move|p2a: Vileplume|Strength Sap|p1a: Garchomp
|-unboost|p1a: Garchomp|atk|1
|-heal|p2a: Vileplume|100/100
|
|upkeep
|turn|3
|
|t:|1743861856
|move|p1a: Garchomp|Spikes|p2a: Vileplume
|-sidestart|p2: jxrx|Spikes
|move|p2a: Vileplume|Leech Seed|p1a: Garchomp|[miss]
|-miss|p2a: Vileplume|p1a: Garchomp
|
|upkeep
|turn|4
|inactive|jxrx has 120 seconds left.
|
|t:|1743861906
|move|p1a: Garchomp|Spikes|p2a: Vileplume
|-sidestart|p2: jxrx|Spikes
|move|p2a: Vileplume|Leech Seed|p1a: Garchomp
|-start|p1a: Garchomp|move: Leech Seed
|
|-damage|p1a: Garchomp|88/100|[from] Leech Seed|[of] p2a: Vileplume
|upkeep
|turn|5
|
|t:|1743861922
|switch|p2a: Great Tusk|Great Tusk|100/100
|move|p1a: Garchomp|Spikes|p2a: Great Tusk
|-sidestart|p2: jxrx|Spikes
|
|-damage|p1a: Garchomp|76/100|[from] Leech Seed|[of] p2a: Great Tusk
|upkeep
|turn|6
|
|t:|1743861928
|-terastallize|p1a: Garchomp|Ghost
|move|p2a: Great Tusk|Ice Spinner|p1a: Garchomp
|-damage|p1a: Garchomp|52/100
|-damage|p2a: Great Tusk|88/100|[from] ability: Rough Skin|[of] p1a: Garchomp
|-damage|p2a: Great Tusk|72/100|[from] item: Rocky Helmet|[of] p1a: Garchomp
|move|p1a: Garchomp|Dragon Tail|p2a: Great Tusk
|-damage|p2a: Great Tusk|60/100
|-end|p2a: Great Tusk|Protosynthesis|[silent]
|drag|p2a: Dragapult|Dragapult, M|100/100
|-damage|p2a: Dragapult|88/100|[from] Stealth Rock
|-damage|p2a: Dragapult|63/100|[from] Spikes
|
|-heal|p2a: Dragapult|69/100|[from] item: Leftovers
|-damage|p1a: Garchomp|40/100|[from] Leech Seed|[of] p2a: Dragapult
|-heal|p2a: Dragapult|86/100|[silent]
|upkeep
|turn|7
|
|t:|1743861940
|switch|p1a: Gholdengo|Gholdengo|100/100
|-item|p1a: Gholdengo|Air Balloon
|move|p2a: Dragapult|Phantom Force||[still]
|-prepare|p2a: Dragapult|Phantom Force
|
|-heal|p2a: Dragapult|92/100|[from] item: Leftovers
|upkeep
|turn|8
|
|t:|1743861949
|switch|p1a: Zapdos|Zapdos|100/100
|move|p2a: Dragapult|Phantom Force|p1a: Zapdos|[from] lockedmove
|-damage|p1a: Zapdos|67/100
|
|-heal|p2a: Dragapult|98/100|[from] item: Leftovers
|upkeep
|turn|9
|l|☆jxrx
|inactive|jxrx disconnected and has a minute to reconnect!
|player|p2|
|j|☆jxrx
|inactive|jxrx reconnected and has 125 seconds left.
|player|p2|jxrx|norman|
|
|t:|1743861963
|switch|p2a: Muk|Muk-Alola, F|100/100
|-damage|p2a: Muk|88/100|[from] Stealth Rock
|-damage|p2a: Muk|63/100|[from] Spikes
|move|p1a: Zapdos|Thunderbolt|p2a: Muk
|-damage|p2a: Muk|47/100
|
|upkeep
|turn|10
|
|t:|1743861972
|move|p1a: Zapdos|Thunderbolt|p2a: Muk
|-damage|p2a: Muk|33/100
|move|p2a: Muk|Knock Off|p1a: Zapdos
|-damage|p1a: Zapdos|41/100
|-status|p2a: Muk|par|[from] ability: Static|[of] p1a: Zapdos
|-enditem|p1a: Zapdos|Heavy-Duty Boots|[from] move: Knock Off|[of] p2a: Muk
|
|upkeep
|turn|11
|inactive|jxrx has 120 seconds left.
|inactive|jxrx has 90 seconds left.
|inactive|jxrx has 60 seconds left.
|inactive|jxrx has 30 seconds left.
|
|t:|1743862091
|move|p1a: Zapdos|Roost|p1a: Zapdos
|-heal|p1a: Zapdos|91/100
|-singleturn|p1a: Zapdos|move: Roost
|cant|p2a: Muk|par
|
|upkeep
|turn|12
|
|t:|1743862096
|move|p1a: Zapdos|Hurricane|p2a: Muk
|-damage|p2a: Muk|14/100 par
|-start|p2a: Muk|confusion
|-activate|p2a: Muk|confusion
|-damage|p2a: Muk|4/100 par|[from] confusion
|
|upkeep
|turn|13
|
|t:|1743862102
|move|p1a: Zapdos|Thunderbolt|p2a: Muk
|-damage|p2a: Muk|0 fnt
|faint|p2a: Muk
|
|upkeep
|
|t:|1743862105
|switch|p2a: Great Tusk|Great Tusk|60/100
|turn|14
|
|t:|1743862109
|move|p2a: Great Tusk|Rapid Spin|p1a: Zapdos
|-damage|p1a: Zapdos|79/100
|-boost|p2a: Great Tusk|spe|1
|-sideend|p2: jxrx|Spikes|[from] move: Rapid Spin|[of] p2a: Great Tusk
|-sideend|p2: jxrx|Stealth Rock|[from] move: Rapid Spin|[of] p2a: Great Tusk
|move|p1a: Zapdos|Hurricane|p2a: Great Tusk
|-supereffective|p2a: Great Tusk
|-damage|p2a: Great Tusk|0 fnt
|faint|p2a: Great Tusk
|-end|p2a: Great Tusk|Protosynthesis|[silent]
|
|upkeep
|inactive|jxrx has 60 seconds left.
|
|t:|1743862114
|switch|p2a: Iron Moth|Iron Moth|100/100
|turn|15
|
|t:|1743862137
|move|p2a: Iron Moth|Toxic Spikes|p1a: Zapdos
|-sidestart|p1: arrighi|move: Toxic Spikes
|move|p1a: Zapdos|Hurricane|p2a: Iron Moth
|-damage|p2a: Iron Moth|52/100
|
|upkeep
|turn|16
|
|t:|1743862149
|move|p2a: Iron Moth|Toxic Spikes|p1a: Zapdos
|-sidestart|p1: arrighi|move: Toxic Spikes
|move|p1a: Zapdos|Hurricane|p2a: Iron Moth|[miss]
|-miss|p1a: Zapdos|p2a: Iron Moth
|
|upkeep
|turn|17
|
|t:|1743862155
|-end|p2a: Iron Moth|Quark Drive|[silent]
|switch|p2a: Empoleon|Empoleon, M|100/100
|move|p1a: Zapdos|Hurricane|p2a: Empoleon
|-resisted|p2a: Empoleon
|-damage|p2a: Empoleon|76/100
|-start|p2a: Empoleon|confusion
|
|-heal|p2a: Empoleon|82/100|[from] item: Leftovers
|upkeep
|turn|18
|
|t:|1743862159
|move|p1a: Zapdos|Thunderbolt|p2a: Empoleon
|-supereffective|p2a: Empoleon
|-damage|p2a: Empoleon|0 fnt
|faint|p2a: Empoleon
|
|upkeep
|
|t:|1743862163
|switch|p2a: Iron Moth|Iron Moth|52/100
|turn|19
|
|t:|1743862167
|move|p2a: Iron Moth|Fiery Dance|p1a: Zapdos
|-damage|p1a: Zapdos|30/100
|move|p1a: Zapdos|Hurricane|p2a: Iron Moth
|-damage|p2a: Iron Moth|2/100
|
|upkeep
|turn|20
|
|t:|1743862171
|move|p2a: Iron Moth|Fiery Dance|p1a: Zapdos
|-damage|p1a: Zapdos|0 fnt
|faint|p1a: Zapdos
|
|upkeep
|
|t:|1743862176
|switch|p1a: Blastoise|Blastoise, F|100/100
|-status|p1a: Blastoise|tox
|turn|21
|
|t:|1743862188
|move|p2a: Iron Moth|Fiery Dance|p1a: Blastoise
|-resisted|p1a: Blastoise
|-damage|p1a: Blastoise|73/100 tox
|move|p1a: Blastoise|Rapid Spin|p2a: Iron Moth
|-damage|p2a: Iron Moth|0 fnt
|-boost|p1a: Blastoise|spe|1
|-sideend|p1: arrighi|Toxic Spikes|[from] move: Rapid Spin|[of] p1a: Blastoise
|faint|p2a: Iron Moth
|-end|p2a: Iron Moth|Quark Drive|[silent]
|
|-damage|p1a: Blastoise|67/100 tox|[from] psn
|upkeep
|
|t:|1743862195
|switch|p2a: Dragapult|Dragapult, M|98/100
|turn|22
|
|t:|1743862199
|move|p2a: Dragapult|Substitute|p2a: Dragapult
|-start|p2a: Dragapult|Substitute
|-damage|p2a: Dragapult|73/100
|move|p1a: Blastoise|Shell Smash|p1a: Blastoise
|-unboost|p1a: Blastoise|def|1
|-unboost|p1a: Blastoise|spd|1
|-boost|p1a: Blastoise|atk|2
|-boost|p1a: Blastoise|spa|2
|-boost|p1a: Blastoise|spe|2
|-enditem|p1a: Blastoise|White Herb
|-clearnegativeboost|p1a: Blastoise|[silent]
|
|-heal|p2a: Dragapult|79/100|[from] item: Leftovers
|-damage|p1a: Blastoise|55/100 tox|[from] psn
|upkeep
|turn|23
|
|t:|1743862209
|move|p1a: Blastoise|Ice Beam|p2a: Dragapult
|-supereffective|p2a: Dragapult
|-crit|p2a: Dragapult
|-end|p2a: Dragapult|Substitute
|move|p2a: Dragapult|Dragon Dance|p2a: Dragapult
|-boost|p2a: Dragapult|atk|1
|-boost|p2a: Dragapult|spe|1
|
|-heal|p2a: Dragapult|85/100|[from] item: Leftovers
|-damage|p1a: Blastoise|37/100 tox|[from] psn
|upkeep
|turn|24
|
|t:|1743862213
|move|p1a: Blastoise|Ice Beam|p2a: Dragapult
|-supereffective|p2a: Dragapult
|-damage|p2a: Dragapult|0 fnt
|faint|p2a: Dragapult
|
|-damage|p1a: Blastoise|13/100 tox|[from] psn
|upkeep
|-message|jxrx forfeited.
|
|win|arrighi
|raw|arrighi's rating: 1341 &rarr; <strong>1357</strong><br />(+16 for winning)
|raw|jxrx's rating: 1263 &rarr; <strong>1244</strong><br />(-19 for losing)
|l|☆jxrx
|player|p2|
|l|☆arrighi
|player|p1|
