|j|☆AberrantReceptacle
|j|☆haxlolo
|t:|1743875676
|gametype|singles
|player|p1|AberrantReceptacle|serena-masters2|
|player|p2|haxlolo|#epl2024avaluggs|
|teamsize|p1|6
|teamsize|p2|6
|gen|9
|tier|[Gen 9] OU
|rule|HP Percentage Mod: HP is shown in percentages
|rule|Endless Battle Clause: Forcing endless battles is banned
|rule|Species Clause: Limit one of each Pokémon
|rule|OHKO Clause: OHKO moves are banned
|rule|Evasion Items Clause: Evasion items are banned
|rule|Evasion Moves Clause: Evasion moves are banned
|rule|Sleep Moves Clause: Sleep-inducing moves are banned
|clearpoke
|poke|p1|Gliscor, F|
|poke|p1|Pecharunt|
|poke|p1|Ting-Lu|
|poke|p1|Zamazenta-*|
|poke|p1|Kingambit, M|
|poke|p1|Raging Bolt|
|poke|p2|Garganacl, M|
|poke|p2|Darkrai|
|poke|p2|Scizor, F|
|poke|p2|Great Tusk|
|poke|p2|Pecharunt|
|poke|p2|Tornadus-Therian, M|
|teampreview
|c|☆haxlolo|glhf
|c|☆AberrantReceptacle|Glhf
|
|t:|1743875710
|start
|switch|p1a: Taotie|Ting-Lu|100/100
|switch|p2a: Scizor|Scizor, F|100/100
|-ability|p1a: Taotie|Vessel of Ruin
|turn|1
|j| Albret
|
|t:|1743875738
|move|p2a: Scizor|U-turn|p1a: Taotie
|-supereffective|p1a: Taotie
|-damage|p1a: Taotie|36/100
|-enditem|p1a: Taotie|Red Card|[of] p2a: Scizor
|drag|p2a: Darkrai|Darkrai|100/100
|move|p1a: Taotie|Ruination|p2a: Darkrai
|-damage|p2a: Darkrai|50/100
|
|upkeep
|turn|2
|
|t:|1743875764
|switch|p1a: Stupid dog|Zamazenta|100/100
|-ability|p1a: Stupid dog|Dauntless Shield|boost
|-boost|p1a: Stupid dog|def|1
|move|p2a: Darkrai|Ice Beam|p1a: Stupid dog
|-damage|p1a: Stupid dog|72/100
|
|upkeep
|turn|3
|l| Albret
|
|t:|1743875785
|switch|p2a: Pecharunt|Pecharunt|100/100
|move|p1a: Stupid dog|Close Combat|p2a: Pecharunt
|-immune|p2a: Pecharunt
|
|upkeep
|turn|4
|
|t:|1743875806
|switch|p1a: Big Moustache|Kingambit, M|100/100
|move|p2a: Pecharunt|Malignant Chain|p1a: Big Moustache
|-immune|p1a: Big Moustache
|
|upkeep
|turn|5
|
|t:|1743875834
|move|p2a: Pecharunt|Parting Shot|p1a: Big Moustache
|-unboost|p1a: Big Moustache|atk|1
|-unboost|p1a: Big Moustache|spa|1
|
|t:|1743875840
|switch|p2a: Great Tusk|Great Tusk|100/100|[from] Parting Shot
|move|p1a: Big Moustache|Iron Head|p2a: Great Tusk
|-damage|p2a: Great Tusk|78/100
|
|upkeep
|turn|6
|
|t:|1743875856
|-end|p1a: Big Moustache|fallenundefined|[silent]
|switch|p1a: Pechabum|Pecharunt|100/100
|move|p2a: Great Tusk|Knock Off|p1a: Pechabum
|-supereffective|p1a: Pechabum
|-damage|p1a: Pechabum|63/100
|-enditem|p1a: Pechabum|Heavy-Duty Boots|[from] move: Knock Off|[of] p2a: Great Tusk
|
|upkeep
|turn|7
|
|t:|1743875872
|move|p1a: Pechabum|Parting Shot|p2a: Great Tusk
|-unboost|p2a: Great Tusk|atk|1
|-unboost|p2a: Great Tusk|spa|1
|
|t:|1743875886
|switch|p1a: Gliding Pincer|Gliscor, F, shiny|100/100|[from] Parting Shot
|move|p2a: Great Tusk|Headlong Rush|p1a: Gliding Pincer
|-immune|p1a: Gliding Pincer
|
|-status|p1a: Gliding Pincer|tox|[from] item: Toxic Orb
|upkeep
|turn|8
|
|t:|1743875942
|move|p1a: Gliding Pincer|Swords Dance|p1a: Gliding Pincer
|-boost|p1a: Gliding Pincer|atk|2
|move|p2a: Great Tusk|Ice Spinner|p1a: Gliding Pincer
|-supereffective|p1a: Gliding Pincer
|-damage|p1a: Gliding Pincer|49/100 tox
|
|-heal|p1a: Gliding Pincer|62/100 tox|[from] ability: Poison Heal
|upkeep
|turn|9
|
|t:|1743875950
|-end|p2a: Great Tusk|Protosynthesis|[silent]
|switch|p2a: Pecharunt|Pecharunt|100/100
|move|p1a: Gliding Pincer|Protect||[still]
|-fail|p1a: Gliding Pincer
|
|-heal|p1a: Gliding Pincer|74/100 tox|[from] ability: Poison Heal
|upkeep
|turn|10
|
|t:|1743875961
|switch|p2a: Tornadus|Tornadus-Therian, M|100/100
|move|p1a: Gliding Pincer|Protect||[still]
|-fail|p1a: Gliding Pincer
|
|-heal|p1a: Gliding Pincer|87/100 tox|[from] ability: Poison Heal
|upkeep
|turn|11
|
|t:|1743875965
|move|p2a: Tornadus|Bleakwind Storm|p1a: Gliding Pincer|[miss]
|-miss|p2a: Tornadus|p1a: Gliding Pincer
|move|p1a: Gliding Pincer|Swords Dance|p1a: Gliding Pincer
|-boost|p1a: Gliding Pincer|atk|2
|
|-heal|p1a: Gliding Pincer|99/100 tox|[from] ability: Poison Heal
|upkeep
|turn|12
|
|t:|1743875969
|move|p2a: Tornadus|U-turn|p1a: Gliding Pincer
|-resisted|p1a: Gliding Pincer
|-damage|p1a: Gliding Pincer|94/100 tox
|
|t:|1743875974
|switch|p2a: Darkrai|Darkrai|50/100|[from] U-turn
|move|p1a: Gliding Pincer|Swords Dance|p1a: Gliding Pincer
|-boost|p1a: Gliding Pincer|atk|2
|
|-heal|p1a: Gliding Pincer|100/100 tox|[from] ability: Poison Heal
|upkeep
|turn|13
|
|t:|1743875980
|move|p1a: Gliding Pincer|Protect|p1a: Gliding Pincer
|-singleturn|p1a: Gliding Pincer|Protect
|move|p2a: Darkrai|Ice Beam|p1a: Gliding Pincer
|-activate|p1a: Gliding Pincer|move: Protect
|
|upkeep
|turn|14
|
|t:|1743875997
|-terastallize|p1a: Gliding Pincer|Normal
|move|p2a: Darkrai|Ice Beam|p1a: Gliding Pincer
|-damage|p1a: Gliding Pincer|64/100 tox
|move|p1a: Gliding Pincer|Facade|p2a: Darkrai
|-damage|p2a: Darkrai|0 fnt
|faint|p2a: Darkrai
|
|-heal|p1a: Gliding Pincer|77/100 tox|[from] ability: Poison Heal
|upkeep
|
|t:|1743876000
|switch|p2a: Pecharunt|Pecharunt|100/100
|turn|15
|
|t:|1743876005
|-terastallize|p2a: Pecharunt|Dark
|move|p1a: Gliding Pincer|Knock Off|p2a: Pecharunt
|-resisted|p2a: Pecharunt
|-damage|p2a: Pecharunt|78/100
|-enditem|p2a: Pecharunt|Heavy-Duty Boots|[from] move: Knock Off|[of] p1a: Gliding Pincer
|move|p2a: Pecharunt|Foul Play|p1a: Gliding Pincer
|-damage|p1a: Gliding Pincer|0 fnt
|faint|p1a: Gliding Pincer
|
|upkeep
|
|t:|1743876025
|switch|p1a: Stupid dog|Zamazenta|72/100
|turn|16
|
|t:|1743876032
|switch|p2a: Tornadus|Tornadus-Therian, M|100/100
|move|p1a: Stupid dog|Close Combat|p2a: Tornadus
|-resisted|p2a: Tornadus
|-damage|p2a: Tornadus|62/100
|-unboost|p1a: Stupid dog|def|1
|-unboost|p1a: Stupid dog|spd|1
|
|upkeep
|turn|17
|
|t:|1743876042
|move|p1a: Stupid dog|Stone Edge|p2a: Tornadus|[miss]
|-miss|p1a: Stupid dog|p2a: Tornadus
|move|p2a: Tornadus|Knock Off|p1a: Stupid dog
|-resisted|p1a: Stupid dog
|-damage|p1a: Stupid dog|57/100
|-enditem|p1a: Stupid dog|Heavy-Duty Boots|[from] move: Knock Off|[of] p2a: Tornadus
|
|upkeep
|turn|18
|c|☆haxlolo|mb
|
|t:|1743876062
|switch|p2a: Scizor|Scizor, F|100/100
|move|p1a: Stupid dog|Stone Edge|p2a: Scizor
|-damage|p2a: Scizor|66/100
|
|upkeep
|turn|19
|
|t:|1743876070
|switch|p1a: Pechabum|Pecharunt|63/100
|move|p2a: Scizor|Bullet Punch|p1a: Pechabum
|-damage|p1a: Pechabum|34/100
|
|upkeep
|turn|20
|
|t:|1743876076
|switch|p2a: Garganacl|Garganacl, M|100/100
|move|p1a: Pechabum|Recover|p1a: Pechabum
|-heal|p1a: Pechabum|84/100
|
|upkeep
|turn|21
|
|t:|1743876085
|move|p1a: Pechabum|Parting Shot|p2a: Garganacl
|-unboost|p2a: Garganacl|atk|1
|-unboost|p2a: Garganacl|spa|1
|
|t:|1743876090
|switch|p1a: Taotie|Ting-Lu|36/100|[from] Parting Shot
|-ability|p1a: Taotie|Vessel of Ruin
|move|p2a: Garganacl|Stealth Rock|p1a: Taotie
|-sidestart|p1: AberrantReceptacle|move: Stealth Rock
|
|upkeep
|turn|22
|
|t:|1743876103
|switch|p2a: Great Tusk|Great Tusk|78/100
|move|p1a: Taotie|Stealth Rock|p2a: Great Tusk
|-sidestart|p2: haxlolo|move: Stealth Rock
|
|upkeep
|turn|23
|
|t:|1743876111
|switch|p1a: Pechabum|Pecharunt|84/100
|-damage|p1a: Pechabum|72/100|[from] Stealth Rock
|move|p2a: Great Tusk|Rapid Spin|p1a: Pechabum
|-immune|p1a: Pechabum
|
|upkeep
|turn|24
|
|t:|1743876125
|move|p1a: Pechabum|Malignant Chain|p2a: Great Tusk
|-resisted|p2a: Great Tusk
|-damage|p2a: Great Tusk|57/100
|move|p2a: Great Tusk|Rapid Spin|p1a: Pechabum
|-immune|p1a: Pechabum
|
|upkeep
|turn|25
|
|t:|1743876130
|-end|p2a: Great Tusk|Protosynthesis|[silent]
|switch|p2a: Garganacl|Garganacl, M|100/100
|-damage|p2a: Garganacl|88/100|[from] Stealth Rock
|move|p1a: Pechabum|Malignant Chain|p2a: Garganacl
|-resisted|p2a: Garganacl
|-damage|p2a: Garganacl|75/100
|
|-heal|p2a: Garganacl|81/100|[from] item: Leftovers
|upkeep
|turn|26
|
|t:|1743876140
|move|p1a: Pechabum|Parting Shot|p2a: Garganacl
|-unboost|p2a: Garganacl|atk|1
|-unboost|p2a: Garganacl|spa|1
|
|t:|1743876143
|switch|p1a: Taotie|Ting-Lu|36/100|[from] Parting Shot
|-damage|p1a: Taotie|30/100|[from] Stealth Rock
|-ability|p1a: Taotie|Vessel of Ruin
|move|p2a: Garganacl|Salt Cure|p1a: Taotie
|-resisted|p1a: Taotie
|-damage|p1a: Taotie|28/100
|-start|p1a: Taotie|Salt Cure
|
|-heal|p2a: Garganacl|88/100|[from] item: Leftovers
|-damage|p1a: Taotie|15/100|[from] Salt Cure
|upkeep
|turn|27
|
|t:|1743876152
|switch|p2a: Great Tusk|Great Tusk|57/100
|move|p1a: Taotie|Earthquake|p2a: Great Tusk
|-crit|p2a: Great Tusk
|-damage|p2a: Great Tusk|18/100
|
|-damage|p1a: Taotie|3/100|[from] Salt Cure
|upkeep
|turn|28
|
|t:|1743876182
|move|p2a: Great Tusk|Rapid Spin|p1a: Taotie
|-damage|p1a: Taotie|0 fnt
|-boost|p2a: Great Tusk|spe|1
|-sideend|p2: haxlolo|Stealth Rock|[from] move: Rapid Spin|[of] p2a: Great Tusk
|faint|p1a: Taotie
|
|upkeep
|
|t:|1743876188
|switch|p1a: Stupid dog|Zamazenta|57/100
|-damage|p1a: Stupid dog|51/100|[from] Stealth Rock
|turn|29
|
|t:|1743876194
|move|p2a: Great Tusk|Headlong Rush|p1a: Stupid dog
|-damage|p1a: Stupid dog|0 fnt
|-unboost|p2a: Great Tusk|def|1
|-unboost|p2a: Great Tusk|spd|1
|faint|p1a: Stupid dog
|
|upkeep
|
|t:|1743876200
|switch|p1a: Big Moustache|Kingambit, M|100/100
|-damage|p1a: Big Moustache|94/100|[from] Stealth Rock
|-activate|p1a: Big Moustache|ability: Supreme Overlord
|-start|p1a: Big Moustache|fallen3|[silent]
|turn|30
|
|t:|1743876214
|-end|p2a: Great Tusk|Protosynthesis|[silent]
|switch|p2a: Pecharunt|Pecharunt, tera:Dark|78/100
|move|p1a: Big Moustache|Sucker Punch||[still]
|-fail|p1a: Big Moustache
|
|-heal|p1a: Big Moustache|100/100|[from] item: Leftovers
|upkeep
|turn|31
|
|t:|1743876222
|move|p2a: Pecharunt|Foul Play|p1a: Big Moustache
|-resisted|p1a: Big Moustache
|-damage|p1a: Big Moustache|80/100
|move|p1a: Big Moustache|Iron Head|p2a: Pecharunt
|-damage|p2a: Pecharunt|50/100
|
|-heal|p1a: Big Moustache|87/100|[from] item: Leftovers
|upkeep
|turn|32
|
|t:|1743876229
|move|p2a: Pecharunt|Recover|p2a: Pecharunt
|-heal|p2a: Pecharunt|99/100
|move|p1a: Big Moustache|Iron Head|p2a: Pecharunt
|-damage|p2a: Pecharunt|68/100
|
|-heal|p1a: Big Moustache|93/100|[from] item: Leftovers
|upkeep
|turn|33
|
|t:|1743876235
|move|p2a: Pecharunt|Foul Play|p1a: Big Moustache
|-resisted|p1a: Big Moustache
|-damage|p1a: Big Moustache|72/100
|move|p1a: Big Moustache|Swords Dance|p1a: Big Moustache
|-boost|p1a: Big Moustache|atk|2
|
|-heal|p1a: Big Moustache|78/100|[from] item: Leftovers
|upkeep
|turn|34
|
|t:|1743876237
|move|p2a: Pecharunt|Foul Play|p1a: Big Moustache
|-resisted|p1a: Big Moustache
|-crit|p1a: Big Moustache
|-damage|p1a: Big Moustache|18/100
|move|p1a: Big Moustache|Iron Head|p2a: Pecharunt
|-damage|p2a: Pecharunt|5/100
|
|-heal|p1a: Big Moustache|24/100|[from] item: Leftovers
|upkeep
|turn|35
|
|t:|1743876260
|move|p2a: Pecharunt|Foul Play|p1a: Big Moustache
|-resisted|p1a: Big Moustache
|-damage|p1a: Big Moustache|0 fnt
|faint|p1a: Big Moustache
|-end|p1a: Big Moustache|fallen3|[silent]
|
|upkeep
|c|☆haxlolo|mb for crit btw
|j| Albret
|
|t:|1743876280
|switch|p1a: Pineapple|Raging Bolt|100/100
|turn|36
|
|t:|1743876285
|move|p1a: Pineapple|Dragon Pulse|p2a: Pecharunt
|-damage|p2a: Pecharunt|0 fnt
|faint|p2a: Pecharunt
|
|upkeep
|
|t:|1743876289
|switch|p2a: Great Tusk|Great Tusk|18/100
|turn|37
|
|t:|1743876294
|-end|p1a: Pineapple|Protosynthesis|[silent]
|switch|p1a: Pechabum|Pecharunt|72/100
|-damage|p1a: Pechabum|59/100|[from] Stealth Rock
|move|p2a: Great Tusk|Headlong Rush|p1a: Pechabum
|-supereffective|p1a: Pechabum
|-damage|p1a: Pechabum|0 fnt
|-unboost|p2a: Great Tusk|def|1
|-unboost|p2a: Great Tusk|spd|1
|faint|p1a: Pechabum
|
|upkeep
|
|t:|1743876298
|switch|p1a: Pineapple|Raging Bolt|100/100
|turn|38
|
|t:|1743876300
|move|p2a: Great Tusk|Headlong Rush|p1a: Pineapple
|-supereffective|p1a: Pineapple
|-damage|p1a: Pineapple|0 fnt
|-unboost|p2a: Great Tusk|def|1
|-unboost|p2a: Great Tusk|spd|1
|faint|p1a: Pineapple
|-end|p1a: Pineapple|Protosynthesis|[silent]
|
|win|haxlolo
