|j|☆daymo
|j|‽KishonIWNL
|t:|1743796789
|gametype|singles
|player|p1|daymo|cynthia-gen4|1519
|player|p2|KishonIWNL|101|1549
|teamsize|p1|6
|teamsize|p2|6
|gen|9
|tier|[Gen 9] OU
|rated|
|rule|HP Percentage Mod: HP is shown in percentages
|rule|Endless Battle Clause: Forcing endless battles is banned
|rule|Species Clause: Limit one of each Pokémon
|rule|OHKO Clause: OHKO moves are banned
|rule|Evasion Items Clause: Evasion items are banned
|rule|Evasion Moves Clause: Evasion moves are banned
|rule|Sleep Moves Clause: Sleep-inducing moves are banned
|clearpoke
|poke|p1|Iron Boulder|
|poke|p1|Moltres|
|poke|p1|Primarina, M|
|poke|p1|Dragonite, F|
|poke|p1|Ting-Lu|
|poke|p1|Gholdengo|
|poke|p2|Kingambit, M|
|poke|p2|Zapdos|
|poke|p2|Slowking-Galar, M|
|poke|p2|Great Tusk|
|poke|p2|Zamazenta-*|
|poke|p2|Ogerpon-Wellspring, F|
|teampreview
|
|t:|1743796811
|start
|switch|p1a: Ting-Lu|Ting-Lu|100/100
|switch|p2a: Ogerpon|Ogerpon-Wellspring, F|100/100
|-ability|p1a: Ting-Lu|Vessel of Ruin
|turn|1
|
|t:|1743796816
|move|p2a: Ogerpon|Ivy Cudgel|p1a: Ting-Lu|[anim] Ivy Cudgel Water
|-supereffective|p1a: Ting-Lu
|-damage|p1a: Ting-Lu|32/100
|move|p1a: Ting-Lu|Ruination|p2a: Ogerpon
|-damage|p2a: Ogerpon|51/100
|
|-heal|p1a: Ting-Lu|39/100|[from] item: Leftovers
|upkeep
|turn|2
|
|t:|1743796822
|switch|p1a: Primarina|Primarina, M|100/100
|move|p2a: Ogerpon|Ivy Cudgel|p1a: Primarina|[anim] Ivy Cudgel Water
|-resisted|p1a: Primarina
|-crit|p1a: Primarina
|-damage|p1a: Primarina|43/100
|
|upkeep
|turn|3
|
|t:|1743796835
|move|p2a: Ogerpon|Power Whip|p1a: Primarina|[miss]
|-miss|p2a: Ogerpon|p1a: Primarina
|move|p1a: Primarina|Moonblast|p2a: Ogerpon
|-damage|p2a: Ogerpon|0 fnt
|faint|p2a: Ogerpon
|
|upkeep
|
|t:|1743796860
|switch|p2a: Zapdos|Zapdos|100/100
|turn|4
|
|t:|1743796927
|switch|p1a: Ting-Lu|Ting-Lu|39/100
|-ability|p1a: Ting-Lu|Vessel of Ruin
|move|p2a: Zapdos|Hurricane|p1a: Ting-Lu|[miss]
|-miss|p2a: Zapdos|p1a: Ting-Lu
|
|-heal|p1a: Ting-Lu|45/100|[from] item: Leftovers
|upkeep
|turn|5
|
|t:|1743796938
|move|p2a: Zapdos|Hurricane|p1a: Ting-Lu|[miss]
|-miss|p2a: Zapdos|p1a: Ting-Lu
|move|p1a: Ting-Lu|Spikes|p2a: Zapdos
|-sidestart|p2: KishonIWNL|Spikes
|
|-heal|p1a: Ting-Lu|51/100|[from] item: Leftovers
|upkeep
|turn|6
|
|t:|1743796982
|switch|p2a: Great Tusk|Great Tusk|100/100
|move|p1a: Ting-Lu|Ruination|p2a: Great Tusk
|-damage|p2a: Great Tusk|51/100
|
|-heal|p1a: Ting-Lu|57/100|[from] item: Leftovers
|upkeep
|turn|7
|
|t:|1743796993
|switch|p1a: Moltres|Moltres|100/100
|move|p2a: Great Tusk|Rapid Spin|p1a: Moltres
|-damage|p1a: Moltres|89/100
|-boost|p2a: Great Tusk|spe|1
|-sideend|p2: KishonIWNL|Spikes|[from] move: Rapid Spin|[of] p2a: Great Tusk
|
|upkeep
|turn|8
|
|t:|1743797006
|-end|p2a: Great Tusk|Protosynthesis|[silent]
|switch|p2a: Slowking|Slowking-Galar, M|100/100
|move|p1a: Moltres|Flamethrower|p2a: Slowking
|-damage|p2a: Slowking|81/100
|
|upkeep
|turn|9
|
|t:|1743797013
|move|p1a: Moltres|Will-O-Wisp|p2a: Slowking
|-status|p2a: Slowking|brn
|move|p2a: Slowking|Ice Beam|p1a: Moltres
|-damage|p1a: Moltres|59/100
|
|-damage|p2a: Slowking|75/100 brn|[from] brn
|upkeep
|turn|10
|
|t:|1743797021
|switch|p1a: Ting-Lu|Ting-Lu|57/100
|-ability|p1a: Ting-Lu|Vessel of Ruin
|move|p2a: Slowking|Sludge Bomb|p1a: Ting-Lu
|-resisted|p1a: Ting-Lu
|-damage|p1a: Ting-Lu|48/100
|
|-heal|p1a: Ting-Lu|55/100|[from] item: Leftovers
|-damage|p2a: Slowking|69/100 brn|[from] brn
|upkeep
|turn|11
|
|t:|1743797025
|switch|p2a: Zamazenta|Zamazenta|100/100
|-ability|p2a: Zamazenta|Dauntless Shield|boost
|-boost|p2a: Zamazenta|def|1
|move|p1a: Ting-Lu|Earthquake|p2a: Zamazenta
|-damage|p2a: Zamazenta|76/100
|
|-heal|p1a: Ting-Lu|61/100|[from] item: Leftovers
|upkeep
|turn|12
|
|t:|1743797038
|switch|p1a: Gholdengo|Gholdengo|100/100
|move|p2a: Zamazenta|Stone Edge|p1a: Gholdengo
|-resisted|p1a: Gholdengo
|-damage|p1a: Gholdengo|83/100
|
|upkeep
|turn|13
|
|t:|1743797044
|-terastallize|p2a: Zamazenta|Dark
|move|p1a: Gholdengo|Shadow Ball|p2a: Zamazenta
|-resisted|p2a: Zamazenta
|-damage|p2a: Zamazenta|56/100
|-unboost|p2a: Zamazenta|spd|1
|move|p2a: Zamazenta|Crunch|p1a: Gholdengo
|-supereffective|p1a: Gholdengo
|-damage|p1a: Gholdengo|0 fnt
|faint|p1a: Gholdengo
|
|upkeep
|
|t:|1743797053
|switch|p1a: Primarina|Primarina, M|43/100
|turn|14
|
|t:|1743797061
|switch|p2a: Slowking|Slowking-Galar, M|100/100 brn
|move|p1a: Primarina|Surf|p2a: Slowking
|-damage|p2a: Slowking|74/100 brn
|
|-damage|p2a: Slowking|68/100 brn|[from] brn
|upkeep
|turn|15
|
|t:|1743797067
|move|p1a: Primarina|Flip Turn|p2a: Slowking
|-damage|p2a: Slowking|53/100 brn
|
|t:|1743797068
|switch|p1a: Ting-Lu|Ting-Lu|61/100|[from] Flip Turn
|-ability|p1a: Ting-Lu|Vessel of Ruin
|move|p2a: Slowking|Sludge Bomb|p1a: Ting-Lu
|-resisted|p1a: Ting-Lu
|-damage|p1a: Ting-Lu|52/100
|
|-heal|p1a: Ting-Lu|58/100|[from] item: Leftovers
|-damage|p2a: Slowking|47/100 brn|[from] brn
|upkeep
|turn|16
|
|t:|1743797079
|switch|p2a: Zamazenta|Zamazenta, tera:Dark|56/100
|move|p1a: Ting-Lu|Earthquake|p2a: Zamazenta
|-damage|p2a: Zamazenta|21/100
|
|-heal|p1a: Ting-Lu|64/100|[from] item: Leftovers
|upkeep
|turn|17
|
|t:|1743797087
|switch|p1a: Moltres|Moltres|59/100
|move|p2a: Zamazenta|Close Combat|p1a: Moltres
|-resisted|p1a: Moltres
|-damage|p1a: Moltres|39/100
|-unboost|p2a: Zamazenta|def|1
|-unboost|p2a: Zamazenta|spd|1
|-status|p2a: Zamazenta|brn|[from] ability: Flame Body|[of] p1a: Moltres
|
|-damage|p2a: Zamazenta|15/100 brn|[from] brn
|upkeep
|turn|18
|
|t:|1743797092
|switch|p1a: Ting-Lu|Ting-Lu|64/100
|-ability|p1a: Ting-Lu|Vessel of Ruin
|move|p2a: Zamazenta|Stone Edge|p1a: Ting-Lu|[miss]
|-miss|p2a: Zamazenta|p1a: Ting-Lu
|
|-heal|p1a: Ting-Lu|70/100|[from] item: Leftovers
|-damage|p2a: Zamazenta|9/100 brn|[from] brn
|upkeep
|turn|19
|
|t:|1743797095
|switch|p1a: Moltres|Moltres|39/100
|move|p2a: Zamazenta|Close Combat|p1a: Moltres
|-resisted|p1a: Moltres
|-damage|p1a: Moltres|29/100
|-unboost|p2a: Zamazenta|def|1
|-unboost|p2a: Zamazenta|spd|1
|
|-damage|p2a: Zamazenta|3/100 brn|[from] brn
|upkeep
|turn|20
|
|t:|1743797100
|move|p2a: Zamazenta|Close Combat|p1a: Moltres
|-resisted|p1a: Moltres
|-damage|p1a: Moltres|19/100
|-unboost|p2a: Zamazenta|def|1
|-unboost|p2a: Zamazenta|spd|1
|move|p1a: Moltres|Roost|p1a: Moltres
|-heal|p1a: Moltres|69/100
|-singleturn|p1a: Moltres|move: Roost
|
|-damage|p2a: Zamazenta|0 fnt|[from] brn
|faint|p2a: Zamazenta
|upkeep
|
|t:|1743797106
|switch|p2a: Zapdos|Zapdos|100/100
|turn|21
|-message|KishonIWNL forfeited.
|
|win|daymo
|raw|daymo's rating: 1519 &rarr; <strong>1541</strong><br />(+22 for winning)
|raw|KishonIWNL's rating: 1549 &rarr; <strong>1527</strong><br />(-22 for losing)
|l|‽KishonIWNL
|player|p2|
