|j|☆brolyk
|j|☆vacheron
|t:|1743784614
|gametype|singles
|player|p1|brolyk|brawly|1688
|player|p2|vacheron|170|1752
|teamsize|p1|6
|teamsize|p2|6
|gen|9
|tier|[Gen 9] OU
|rated|
|rule|HP Percentage Mod: HP is shown in percentages
|rule|Endless Battle Clause: Forcing endless battles is banned
|rule|Species Clause: Limit one of each Pokémon
|rule|OHKO Clause: OHKO moves are banned
|rule|Evasion Items Clause: Evasion items are banned
|rule|Evasion Moves Clause: Evasion moves are banned
|rule|Sleep Moves Clause: Sleep-inducing moves are banned
|clearpoke
|poke|p1|Gholdengo|
|poke|p1|Iron Valiant|
|poke|p1|Ogerpon-Wellspring, F|
|poke|p1|Enamorus, F|
|poke|p1|Dragonite, M|
|poke|p1|Iron Treads|
|poke|p2|Samurott-Hisui, F|
|poke|p2|Iron Valiant|
|poke|p2|Pecharunt|
|poke|p2|Reuniclus, F|
|poke|p2|Darkrai|
|poke|p2|Kingambit, F|
|teampreview
|
|t:|1743784632
|start
|switch|p1a: Iron Treads|Iron Treads|100/100
|switch|p2a: Valediction|Samurott-Hisui, F|100/100
|-enditem|p1a: Iron Treads|Booster Energy
|-activate|p1a: Iron Treads|ability: Quark Drive|[fromitem]
|-start|p1a: Iron Treads|quarkdrivespe
|turn|1
|inactive|Battle timer is ON: inactive players will automatically lose when time's up. (requested by vacheron)
|
|t:|1743784640
|move|p1a: Iron Treads|Earthquake|p2a: Valediction
|-damage|p2a: Valediction|44/100
|move|p2a: Valediction|Razor Shell|p1a: Iron Treads
|-supereffective|p1a: Iron Treads
|-damage|p1a: Iron Treads|4/100
|-unboost|p1a: Iron Treads|def|1
|
|upkeep
|turn|2
|
|t:|1743784647
|move|p2a: Valediction|Aqua Jet|p1a: Iron Treads
|-supereffective|p1a: Iron Treads
|-damage|p1a: Iron Treads|0 fnt
|faint|p1a: Iron Treads
|-end|p1a: Iron Treads|Quark Drive|[silent]
|
|upkeep
|
|t:|1743784650
|switch|p1a: Enamorus|Enamorus, F|100/100
|turn|3
|
|t:|1743784653
|move|p2a: Valediction|Aqua Jet|p1a: Enamorus
|-crit|p1a: Enamorus
|-damage|p1a: Enamorus|59/100
|move|p1a: Enamorus|Moonblast|p2a: Valediction
|-supereffective|p2a: Valediction
|-damage|p2a: Valediction|0 fnt
|faint|p2a: Valediction
|
|upkeep
|
|t:|1743784658
|switch|p2a: Scarlet Devil|Darkrai|100/100
|turn|4
|
|t:|1743784661
|move|p1a: Enamorus|Moonblast|p2a: Scarlet Devil
|-supereffective|p2a: Scarlet Devil
|-damage|p2a: Scarlet Devil|0 fnt
|faint|p2a: Scarlet Devil
|
|upkeep
|
|t:|1743784663
|switch|p2a: Azathoth|Pecharunt|100/100
|turn|5
|
|t:|1743784675
|move|p1a: Enamorus|Moonblast|p2a: Azathoth
|-resisted|p2a: Azathoth
|-damage|p2a: Azathoth|70/100
|move|p2a: Azathoth|Shadow Ball|p1a: Enamorus
|-damage|p1a: Enamorus|16/100
|
|upkeep
|turn|6
|
|t:|1743784682
|move|p1a: Enamorus|Moonblast|p2a: Azathoth
|-resisted|p2a: Azathoth
|-damage|p2a: Azathoth|38/100
|-unboost|p2a: Azathoth|spa|1
|move|p2a: Azathoth|Shadow Ball|p1a: Enamorus
|-damage|p1a: Enamorus|0 fnt
|faint|p1a: Enamorus
|
|upkeep
|
|t:|1743784698
|switch|p1a: Gholdengo|Gholdengo|100/100
|-item|p1a: Gholdengo|Air Balloon
|turn|7
|
|t:|1743784702
|move|p2a: Azathoth|Shadow Ball|p1a: Gholdengo
|-supereffective|p1a: Gholdengo
|-damage|p1a: Gholdengo|59/100
|-enditem|p1a: Gholdengo|Air Balloon
|move|p1a: Gholdengo|Shadow Ball|p2a: Azathoth
|-supereffective|p2a: Azathoth
|-crit|p2a: Azathoth
|-damage|p2a: Azathoth|0 fnt
|faint|p2a: Azathoth
|
|upkeep
|
|t:|1743784710
|switch|p2a: Mani Katti|Iron Valiant|100/100
|-enditem|p2a: Mani Katti|Booster Energy
|-activate|p2a: Mani Katti|ability: Quark Drive|[fromitem]
|-start|p2a: Mani Katti|quarkdrivespa
|turn|8
|
|t:|1743784726
|switch|p1a: Iron Valiant|Iron Valiant|100/100
|-enditem|p1a: Iron Valiant|Booster Energy
|-activate|p1a: Iron Valiant|ability: Quark Drive|[fromitem]
|-start|p1a: Iron Valiant|quarkdrivespe
|move|p2a: Mani Katti|Shadow Ball|p1a: Iron Valiant
|-damage|p1a: Iron Valiant|26/100
|
|upkeep
|turn|9
|j| Berengario
|
|t:|1743784753
|move|p1a: Iron Valiant|Moonblast|p2a: Mani Katti
|-supereffective|p2a: Mani Katti
|-damage|p2a: Mani Katti|0 fnt
|faint|p2a: Mani Katti
|-end|p2a: Mani Katti|Quark Drive|[silent]
|
|upkeep
|
|t:|1743784754
|switch|p2a: Metastasis|Reuniclus, F|100/100
|turn|10
|
|t:|1743784757
|move|p1a: Iron Valiant|Shadow Ball|p2a: Metastasis
|-supereffective|p2a: Metastasis
|-damage|p2a: Metastasis|56/100
|move|p2a: Metastasis|Trick Room|p2a: Metastasis
|-fieldstart|move: Trick Room|[of] p2a: Metastasis
|
|upkeep
|turn|11
|
|t:|1743784781
|move|p2a: Metastasis|Psychic Noise|p1a: Iron Valiant
|-supereffective|p1a: Iron Valiant
|-damage|p1a: Iron Valiant|0 fnt
|faint|p1a: Iron Valiant
|-end|p1a: Iron Valiant|Quark Drive|[silent]
|
|upkeep
|
|t:|1743784794
|switch|p1a: Ogerpon|Ogerpon-Wellspring, F|100/100
|turn|12
|
|t:|1743784806
|switch|p1a: Gholdengo|Gholdengo|59/100
|-terastallize|p2a: Metastasis|Fighting
|move|p2a: Metastasis|Focus Blast|p1a: Gholdengo
|-immune|p1a: Gholdengo
|
|upkeep
|turn|13
|
|t:|1743784820
|move|p2a: Metastasis|Shadow Ball|p1a: Gholdengo
|-supereffective|p1a: Gholdengo
|-damage|p1a: Gholdengo|0 fnt
|faint|p1a: Gholdengo
|
|upkeep
|
|t:|1743784837
|switch|p1a: Ogerpon|Ogerpon-Wellspring, F|100/100
|turn|14
|
|t:|1743784840
|-terastallize|p1a: Ogerpon|Water
|detailschange|p1a: Ogerpon|Ogerpon-Wellspring-Tera, F, tera:Water
|-ability|p1a: Ogerpon|Embody Aspect (Wellspring)|boost
|-boost|p1a: Ogerpon|spd|1
|move|p2a: Metastasis|Focus Blast|p1a: Ogerpon|[miss]
|-miss|p2a: Metastasis|p1a: Ogerpon
|move|p1a: Ogerpon|Ivy Cudgel|p2a: Metastasis|[anim] Ivy Cudgel Water
|-damage|p2a: Metastasis|0 fnt
|faint|p2a: Metastasis
|
|-fieldend|move: Trick Room
|upkeep
|
|t:|1743784845
|switch|p2a: Murasama|Kingambit, F|100/100
|-activate|p2a: Murasama|ability: Supreme Overlord
|-start|p2a: Murasama|fallen5|[silent]
|turn|15
|
|t:|1743784849
|move|p1a: Ogerpon|Ivy Cudgel|p2a: Murasama|[anim] Ivy Cudgel Water
|-damage|p2a: Murasama|46/100
|move|p2a: Murasama|Kowtow Cleave|p1a: Ogerpon
|-damage|p1a: Ogerpon|3/100
|
|upkeep
|turn|16
|
|t:|1743784861
|move|p1a: Ogerpon|Swords Dance|p1a: Ogerpon
|-boost|p1a: Ogerpon|atk|2
|move|p2a: Murasama|Kowtow Cleave|p1a: Ogerpon
|-damage|p1a: Ogerpon|0 fnt
|faint|p1a: Ogerpon
|
|upkeep
|
|t:|1743784865
|switch|p1a: Dragonite|Dragonite, M|100/100
|turn|17
|
|t:|1743784868
|move|p1a: Dragonite|Earthquake|p2a: Murasama
|-supereffective|p2a: Murasama
|-damage|p2a: Murasama|0 fnt
|faint|p2a: Murasama
|-end|p2a: Murasama|fallen5|[silent]
|
|win|brolyk
|raw|brolyk's rating: 1688 &rarr; <strong>1712</strong><br />(+24 for winning)
|raw|vacheron's rating: 1752 &rarr; <strong>1728</strong><br />(-24 for losing)
|l|☆vacheron
|player|p2|
|l| Berengario
|l|☆brolyk
|player|p1|
