|j|☆realZ06
|j|☆Gafgari0n
|t:|1743814998
|gametype|singles
|player|p1|realZ06|lucas|1031
|player|p2|Gafgari0n|unknown|1033
|teamsize|p1|6
|teamsize|p2|6
|gen|9
|tier|[Gen 9] OU
|rated|
|rule|HP Percentage Mod: HP is shown in percentages
|rule|Endless Battle Clause: Forcing endless battles is banned
|rule|Species Clause: Limit one of each Pokémon
|rule|OHKO Clause: OHKO moves are banned
|rule|Evasion Items Clause: Evasion items are banned
|rule|Evasion Moves Clause: Evasion moves are banned
|rule|Sleep Moves Clause: Sleep-inducing moves are banned
|clearpoke
|poke|p1|Torkoal, M|
|poke|p1|Blastoise, F|
|poke|p1|Drednaw, F|
|poke|p1|Torterra, F|
|poke|p1|Lapras, F|
|poke|p1|Avalugg-Hisui, F|
|poke|p2|Feraligatr, F|
|poke|p2|Glimmora, M|
|poke|p2|Blissey, F|
|poke|p2|Jirachi|
|poke|p2|Meloetta|
|poke|p2|Chansey, F|
|teampreview
|
|t:|1743815006
|start
|switch|p1a: Avalugg|Avalugg-Hisui, F|100/100
|switch|p2a: Blissey|Blissey, F|100/100
|turn|1
|c|☆Gafgari0n|I like your turtle ish team
|c|☆realZ06|Turtles are dumb
|
|t:|1743815021
|switch|p2a: Jirachi|Jirachi|100/100
|move|p1a: Avalugg|Stealth Rock|p2a: Jirachi
|-sidestart|p2: Gafgari0n|move: Stealth Rock
|
|upkeep
|turn|2
|c|☆realZ06|I hate them
|c|☆Gafgari0n|I hope your house gets drone strikes
|
|t:|1743815045
|switch|p1a: Drednaw|Drednaw, F|100/100
|move|p2a: Jirachi|Iron Head|p1a: Drednaw
|-damage|p1a: Drednaw|71/100
|
|upkeep
|turn|3
|c|☆realZ06|Im homeless
|
|t:|1743815052
|move|p2a: Jirachi|Iron Head|p1a: Drednaw
|-damage|p1a: Drednaw|39/100
|cant|p1a: Drednaw|flinch
|
|upkeep
|turn|4
|
|t:|1743815060
|move|p2a: Jirachi|Iron Head|p1a: Drednaw
|-damage|p1a: Drednaw|12/100
|move|p1a: Drednaw|Shell Smash|p1a: Drednaw
|-unboost|p1a: Drednaw|def|1
|-unboost|p1a: Drednaw|spd|1
|-boost|p1a: Drednaw|atk|2
|-boost|p1a: Drednaw|spa|2
|-boost|p1a: Drednaw|spe|2
|-enditem|p1a: Drednaw|White Herb
|-clearnegativeboost|p1a: Drednaw|[silent]
|
|upkeep
|turn|5
|c|☆Gafgari0n|I hope your luck turns around and you also find fulfilling love
|c|☆Gafgari0n|And a turtle takes it from you
|
|t:|1743815082
|move|p1a: Drednaw|Earthquake|p2a: Jirachi
|-supereffective|p2a: Jirachi
|-damage|p2a: Jirachi|0 fnt
|faint|p2a: Jirachi
|
|upkeep
|c|☆realZ06|I dont do love
|
|t:|1743815088
|switch|p2a: Glimmora|Glimmora, M, shiny|100/100
|-damage|p2a: Glimmora|88/100|[from] Stealth Rock
|turn|6
|c|☆realZ06|Just turtles
|c|☆realZ06|I hate turtles
|
|t:|1743815097
|move|p1a: Drednaw|Liquidation|p2a: Glimmora
|-supereffective|p2a: Glimmora
|-damage|p2a: Glimmora|0 fnt
|-activate|p2a: Glimmora|ability: Toxic Debris
|-sidestart|p1: realZ06|move: Toxic Spikes
|faint|p2a: Glimmora
|
|upkeep
|c|☆Gafgari0n|I cannot believe such an unreasonable individual exists
|
|t:|1743815115
|switch|p2a: Meloetta|Meloetta|100/100
|-damage|p2a: Meloetta|88/100|[from] Stealth Rock
|turn|7
|c|☆Gafgari0n|You must reconsider turtles
|
|t:|1743815126
|move|p1a: Drednaw|Liquidation|p2a: Meloetta
|-damage|p2a: Meloetta|0 fnt
|faint|p2a: Meloetta
|
|upkeep
|c|☆realZ06|Look how ugly turtle is
|c|☆Gafgari0n|Its cooking my ass raw
|
|t:|1743815138
|switch|p2a: Blissey|Blissey, F|100/100
|-damage|p2a: Blissey|88/100|[from] Stealth Rock
|turn|8
|
|t:|1743815146
|move|p1a: Drednaw|Liquidation|p2a: Blissey
|-damage|p2a: Blissey|0 fnt
|faint|p2a: Blissey
|
|upkeep
|
|t:|1743815151
|switch|p2a: Feraligatr|Feraligatr, F, shiny|100/100
|-damage|p2a: Feraligatr|88/100|[from] Stealth Rock
|turn|9
|c|☆realZ06|No diddy
|
|t:|1743815156
|move|p1a: Drednaw|Earthquake|p2a: Feraligatr
|-damage|p2a: Feraligatr|29/100
|move|p2a: Feraligatr|Crunch|p1a: Drednaw
|-damage|p1a: Drednaw|0 fnt
|faint|p1a: Drednaw
|
|upkeep
|
|t:|1743815159
|switch|p1a: Avalugg|Avalugg-Hisui, F|100/100
|-status|p1a: Avalugg|psn
|turn|10
|
|t:|1743815168
|-terastallize|p1a: Avalugg|Ice
|move|p2a: Feraligatr|Dragon Dance|p2a: Feraligatr
|-boost|p2a: Feraligatr|atk|1
|-boost|p2a: Feraligatr|spe|1
|move|p1a: Avalugg|Avalanche|p2a: Feraligatr
|-resisted|p2a: Feraligatr
|-damage|p2a: Feraligatr|10/100
|
|-damage|p1a: Avalugg|88/100 psn|[from] psn
|upkeep
|turn|11
|c|☆Gafgari0n|Didnt even need bigman blastoise
|
|t:|1743815183
|move|p2a: Feraligatr|Waterfall|p1a: Avalugg
|-damage|p1a: Avalugg|47/100 psn
|move|p1a: Avalugg|Avalanche|p2a: Feraligatr
|-resisted|p2a: Feraligatr
|-damage|p2a: Feraligatr|0 fnt
|faint|p2a: Feraligatr
|
|-damage|p1a: Avalugg|35/100 psn|[from] psn
|upkeep
|
|t:|1743815194
|switch|p2a: Chansey|Chansey, F, shiny|100/100
|-damage|p2a: Chansey|88/100|[from] Stealth Rock
|turn|12
|
|t:|1743815200
|move|p2a: Chansey|Fire Blast|p1a: Avalugg
|-supereffective|p1a: Avalugg
|-damage|p1a: Avalugg|0 fnt
|faint|p1a: Avalugg
|
|-heal|p2a: Chansey|94/100|[from] item: Leftovers
|upkeep
|
|t:|1743815217
|switch|p1a: Blastoise|Blastoise, F|100/100
|-status|p1a: Blastoise|psn
|turn|13
|
|t:|1743815291
|move|p1a: Blastoise|Iron Defense|p1a: Blastoise
|-boost|p1a: Blastoise|def|2
|move|p2a: Chansey|Ice Beam|p1a: Blastoise
|-resisted|p1a: Blastoise
|-damage|p1a: Blastoise|94/100 psn
|
|-heal|p2a: Chansey|99/100|[from] item: Leftovers
|-damage|p1a: Blastoise|82/100 psn|[from] psn
|upkeep
|turn|14
|c|☆Gafgari0n|Fucking work making me do my job
|c|☆Gafgari0n|Trying to play serene grace freeze team
|c|☆realZ06|Do your what
|
|t:|1743815316
|move|p1a: Blastoise|Iron Defense|p1a: Blastoise
|-boost|p1a: Blastoise|def|2
|move|p2a: Chansey|Calm Mind|p2a: Chansey
|-boost|p2a: Chansey|spa|1
|-boost|p2a: Chansey|spd|1
|
|-heal|p2a: Chansey|100/100|[from] item: Leftovers
|-damage|p1a: Blastoise|69/100 psn|[from] psn
|upkeep
|turn|15
|
|t:|1743815325
|move|p1a: Blastoise|Rain Dance|p1a: Blastoise
|-weather|RainDance
|move|p2a: Chansey|Calm Mind|p2a: Chansey
|-boost|p2a: Chansey|spa|1
|-boost|p2a: Chansey|spd|1
|
|-weather|RainDance|[upkeep]
|-heal|p1a: Blastoise|75/100 psn|[from] ability: Rain Dish
|-damage|p1a: Blastoise|63/100 psn|[from] psn
|upkeep
|turn|16
|
|t:|1743815355
|move|p1a: Blastoise|Iron Defense|p1a: Blastoise
|-boost|p1a: Blastoise|def|2
|move|p2a: Chansey|Ice Beam|p1a: Blastoise
|-resisted|p1a: Blastoise
|-damage|p1a: Blastoise|50/100 psn
|
|-weather|RainDance|[upkeep]
|-heal|p1a: Blastoise|56/100 psn|[from] ability: Rain Dish
|-damage|p1a: Blastoise|44/100 psn|[from] psn
|upkeep
|turn|17
|
|t:|1743815366
|move|p1a: Blastoise|Body Press|p2a: Chansey
|-supereffective|p2a: Chansey
|-damage|p2a: Chansey|0 fnt
|faint|p2a: Chansey
|
|win|realZ06
|raw|realZ06's rating: 1031 &rarr; <strong>1067</strong><br />(+36 for winning)
|raw|Gafgari0n's rating: 1033 &rarr; <strong>1018</strong><br />(-15 for losing)
|l|☆Gafgari0n
|player|p2|
