|j|☆0nlytwogenders
|j|☆sauceybake
|t:|1743879718
|gametype|singles
|player|p1|0nlytwogenders|red|1177
|player|p2|sauceybake|riley|1222
|teamsize|p1|6
|teamsize|p2|6
|gen|9
|tier|[Gen 9] OU
|rated|
|rule|HP Percentage Mod: HP is shown in percentages
|rule|Endless Battle Clause: Forcing endless battles is banned
|rule|Species Clause: Limit one of each Pokémon
|rule|OHKO Clause: OHKO moves are banned
|rule|Evasion Items Clause: Evasion items are banned
|rule|Evasion Moves Clause: Evasion moves are banned
|rule|Sleep Moves Clause: Sleep-inducing moves are banned
|clearpoke
|poke|p1|Zamazenta-*|
|poke|p1|Kingambit, M|
|poke|p1|Samurott-Hisui, M|
|poke|p1|Landorus-Therian, M|
|poke|p1|Iron Valiant|
|poke|p1|Iron Moth|
|poke|p2|Sableye, M|
|poke|p2|Sneasel, M|
|poke|p2|Wooper, M|
|poke|p2|Clodsire, F|
|poke|p2|Lokix, M|
|poke|p2|Chandelure, M|
|teampreview
|inactive|Battle timer is ON: inactive players will automatically lose when time's up. (requested by 0nlytwogenders)
|c|☆0nlytwogenders|good luck
|
|t:|1743879744
|start
|switch|p1a: Sigma|Zamazenta|100/100
|switch|p2a: Sableye|Sableye, M|100/100
|-ability|p1a: Sigma|Dauntless Shield|boost
|-boost|p1a: Sigma|def|1
|turn|1
|
|t:|1743879768
|move|p2a: Sableye|Will-O-Wisp|p1a: Sigma
|-status|p1a: Sigma|brn
|move|p1a: Sigma|Crunch|p2a: Sableye
|-damage|p2a: Sableye|86/100
|
|-heal|p2a: Sableye|93/100|[from] item: Leftovers
|-damage|p1a: Sigma|94/100 brn|[from] brn
|upkeep
|turn|2
|
|t:|1743879779
|move|p1a: Sigma|Iron Defense|p1a: Sigma
|-boost|p1a: Sigma|def|2
|move|p2a: Sableye|Knock Off|p1a: Sigma
|-resisted|p1a: Sigma
|-damage|p1a: Sigma|90/100 brn
|-enditem|p1a: Sigma|Leftovers|[from] move: Knock Off|[of] p2a: Sableye
|
|-heal|p2a: Sableye|99/100|[from] item: Leftovers
|-damage|p1a: Sigma|84/100 brn|[from] brn
|upkeep
|turn|3
|
|t:|1743879787
|move|p2a: Sableye|Encore|p1a: Sigma
|-start|p1a: Sigma|Encore
|move|p1a: Sigma|Iron Defense|p1a: Sigma
|-boost|p1a: Sigma|def|2
|
|-heal|p2a: Sableye|100/100|[from] item: Leftovers
|-damage|p1a: Sigma|78/100 brn|[from] brn
|upkeep
|turn|4
|
|t:|1743879792
|move|p1a: Sigma|Iron Defense|p1a: Sigma
|-boost|p1a: Sigma|def|1
|move|p2a: Sableye|Knock Off|p1a: Sigma
|-resisted|p1a: Sigma
|-damage|p1a: Sigma|76/100 brn
|
|-damage|p1a: Sigma|70/100 brn|[from] brn
|upkeep
|turn|5
|
|t:|1743879812
|switch|p1a: Skibiddi|Kingambit, M|100/100
|move|p2a: Sableye|Knock Off|p1a: Skibiddi
|-resisted|p1a: Skibiddi
|-damage|p1a: Skibiddi|91/100
|-enditem|p1a: Skibiddi|Leftovers|[from] move: Knock Off|[of] p2a: Sableye
|
|upkeep
|turn|6
|inactive|sauceybake has 120 seconds left.
|
|t:|1743879841
|switch|p2a: Wooper|Wooper, M|100/100
|move|p1a: Skibiddi|Kowtow Cleave|p2a: Wooper
|-damage|p2a: Wooper|55/100
|
|upkeep
|turn|7
|
|t:|1743879849
|move|p1a: Skibiddi|Kowtow Cleave|p2a: Wooper
|-damage|p2a: Wooper|15/100
|move|p2a: Wooper|Recover|p2a: Wooper
|-heal|p2a: Wooper|65/100
|
|upkeep
|turn|8
|
|t:|1743879856
|move|p1a: Skibiddi|Kowtow Cleave|p2a: Wooper
|-damage|p2a: Wooper|24/100
|move|p2a: Wooper|Recover|p2a: Wooper
|-heal|p2a: Wooper|74/100
|
|upkeep
|turn|9
|
|t:|1743879862
|move|p1a: Skibiddi|Kowtow Cleave|p2a: Wooper
|-damage|p2a: Wooper|35/100
|move|p2a: Wooper|Recover|p2a: Wooper
|-heal|p2a: Wooper|85/100
|
|upkeep
|turn|10
|
|t:|1743879868
|move|p1a: Skibiddi|Kowtow Cleave|p2a: Wooper
|-damage|p2a: Wooper|44/100
|move|p2a: Wooper|Recover|p2a: Wooper
|-heal|p2a: Wooper|94/100
|
|upkeep
|turn|11
|c|☆0nlytwogenders|pp stalling are we 😭?
|
|t:|1743879875
|move|p1a: Skibiddi|Kowtow Cleave|p2a: Wooper
|-damage|p2a: Wooper|54/100
|move|p2a: Wooper|Counter|p1a: Skibiddi
|-damage|p1a: Skibiddi|28/100
|
|upkeep
|turn|12
|
|t:|1743879885
|move|p1a: Skibiddi|Swords Dance|p1a: Skibiddi
|-boost|p1a: Skibiddi|atk|2
|move|p2a: Wooper|Recover|p2a: Wooper
|-heal|p2a: Wooper|100/100
|
|upkeep
|turn|13
|
|t:|1743879891
|move|p1a: Skibiddi|Swords Dance|p1a: Skibiddi
|-boost|p1a: Skibiddi|atk|2
|move|p2a: Wooper|Counter||[still]
|-fail|p2a: Wooper
|
|upkeep
|turn|14
|
|t:|1743879897
|move|p1a: Skibiddi|Kowtow Cleave|p2a: Wooper
|-damage|p2a: Wooper|57/100
|move|p2a: Wooper|Counter|p1a: Skibiddi
|-damage|p1a: Skibiddi|0 fnt
|faint|p1a: Skibiddi
|-end|p1a: Skibiddi|fallenundefined|[silent]
|
|upkeep
|
|t:|1743879919
|switch|p1a: Aura|Landorus-Therian, M|100/100
|-ability|p1a: Aura|Intimidate|boost
|-unboost|p2a: Wooper|atk|1
|turn|15
|c|☆0nlytwogenders|unaware haha
|c|☆0nlytwogenders|i was unaware u had unaware
|
|t:|1743879941
|switch|p2a: Sableye|Sableye, M|100/100
|move|p1a: Aura|Earthquake|p2a: Sableye
|-damage|p2a: Sableye|41/100
|
|-heal|p2a: Sableye|48/100|[from] item: Leftovers
|upkeep
|turn|16
|
|t:|1743879950
|move|p2a: Sableye|Will-O-Wisp|p1a: Aura
|-status|p1a: Aura|brn
|move|p1a: Aura|U-turn|p2a: Sableye
|-damage|p2a: Sableye|32/100
|
|t:|1743879967
|switch|p1a: Giga Chad|Iron Valiant|100/100|[from] U-turn
|-enditem|p1a: Giga Chad|Booster Energy
|-activate|p1a: Giga Chad|ability: Quark Drive|[fromitem]
|-start|p1a: Giga Chad|quarkdrivespe
|
|-heal|p2a: Sableye|39/100|[from] item: Leftovers
|upkeep
|turn|17
|
|t:|1743879977
|switch|p2a: Clodsire|Clodsire, F, shiny|100/100
|move|p1a: Giga Chad|Moonblast|p2a: Clodsire
|-resisted|p2a: Clodsire
|-damage|p2a: Clodsire|88/100
|
|-heal|p2a: Clodsire|94/100|[from] item: Leftovers
|upkeep
|turn|18
|
|t:|1743879982
|move|p1a: Giga Chad|Psyshock|p2a: Clodsire
|-supereffective|p2a: Clodsire
|-damage|p2a: Clodsire|36/100
|move|p2a: Clodsire|Toxic|p1a: Giga Chad
|-status|p1a: Giga Chad|tox
|
|-heal|p2a: Clodsire|43/100|[from] item: Leftovers
|-damage|p1a: Giga Chad|94/100 tox|[from] psn
|upkeep
|turn|19
|
|t:|1743879987
|move|p2a: Clodsire|Protect|p2a: Clodsire
|-singleturn|p2a: Clodsire|Protect
|move|p1a: Giga Chad|Psyshock|p2a: Clodsire
|-activate|p2a: Clodsire|move: Protect
|
|-heal|p2a: Clodsire|49/100|[from] item: Leftovers
|-damage|p1a: Giga Chad|82/100 tox|[from] psn
|upkeep
|turn|20
|
|t:|1743880006
|switch|p2a: Sableye|Sableye, M|39/100
|move|p1a: Giga Chad|Moonblast|p2a: Sableye
|-supereffective|p2a: Sableye
|-damage|p2a: Sableye|0 fnt
|faint|p2a: Sableye
|
|-damage|p1a: Giga Chad|63/100 tox|[from] psn
|upkeep
|
|t:|1743880021
|switch|p2a: Sneasel|Sneasel, M|100/100
|turn|21
|
|t:|1743880025
|move|p2a: Sneasel|Fake Out|p1a: Giga Chad
|-damage|p1a: Giga Chad|47/100 tox
|cant|p1a: Giga Chad|flinch
|
|-damage|p1a: Giga Chad|22/100 tox|[from] psn
|upkeep
|turn|22
|
|t:|1743880043
|-end|p1a: Giga Chad|Quark Drive|[silent]
|switch|p1a: Aura|Landorus-Therian, M|100/100 brn
|-ability|p1a: Aura|Intimidate|boost
|-fail|p2a: Sneasel|unboost|Attack|[from] ability: Inner Focus|[of] p2a: Sneasel
|move|p2a: Sneasel|Ice Shard|p1a: Aura
|-supereffective|p1a: Aura
|-damage|p1a: Aura|30/100 brn
|
|-damage|p1a: Aura|24/100 brn|[from] brn
|upkeep
|turn|23
|
|t:|1743880052
|move|p2a: Sneasel|Ice Shard|p1a: Aura
|-supereffective|p1a: Aura
|-damage|p1a: Aura|0 fnt
|faint|p1a: Aura
|
|upkeep
|
|t:|1743880060
|switch|p1a: Alpha boi|Samurott-Hisui, M|100/100
|turn|24
|
|t:|1743880069
|-terastallize|p1a: Alpha boi|Ghost
|move|p1a: Alpha boi|Swords Dance|p1a: Alpha boi
|-boost|p1a: Alpha boi|atk|2
|move|p2a: Sneasel|Knock Off|p1a: Alpha boi
|-supereffective|p1a: Alpha boi
|-enditem|p1a: Alpha boi|Focus Sash
|-damage|p1a: Alpha boi|1/100
|
|upkeep
|turn|25
|
|t:|1743880077
|move|p2a: Sneasel|Ice Shard|p1a: Alpha boi
|-damage|p1a: Alpha boi|0 fnt
|faint|p1a: Alpha boi
|
|upkeep
|c|☆0nlytwogenders|good gamee
|c|☆0nlytwogenders|i dont know what i was thinking haha
|-message|0nlytwogenders forfeited.
|
|win|sauceybake
|raw|0nlytwogenders's rating: 1177 &rarr; <strong>1155</strong><br />(-22 for losing)
|raw|sauceybake's rating: 1222 &rarr; <strong>1244</strong><br />(+22 for winning)
|l|☆0nlytwogenders
|player|p1|
