|j|☆Apexmello95
|j|☆geldren
|t:|1743904717
|gametype|singles
|player|p1|Apexmello95|dragontamer|
|player|p2|geldren|265|
|teamsize|p1|6
|teamsize|p2|6
|gen|9
|tier|[Gen 9] OU
|rule|HP Percentage Mod: HP is shown in percentages
|rule|Endless Battle Clause: Forcing endless battles is banned
|rule|Species Clause: Limit one of each Pokémon
|rule|OHKO Clause: OHKO moves are banned
|rule|Evasion Items Clause: Evasion items are banned
|rule|Evasion Moves Clause: Evasion moves are banned
|rule|Sleep Moves Clause: Sleep-inducing moves are banned
|clearpoke
|poke|p1|Skarmory, M|
|poke|p1|Rotom-Wash|
|poke|p1|Regice|
|poke|p1|Heatran, M|
|poke|p1|Grimmsnarl, M|
|poke|p1|Dragonite, F|
|poke|p2|Weavile, F|
|poke|p2|Latias, F|
|poke|p2|Corviknight, F|
|poke|p2|Iron Moth|
|poke|p2|Clefable, F|
|poke|p2|Meowscarada, M|
|teampreview
|inactive|Battle timer is ON: inactive players will automatically lose when time's up. (requested by Apexmello95)
|
|t:|1743904735
|start
|switch|p1a: Grimmsnarl|Grimmsnarl, M|100/100
|switch|p2a: Meowscarada|Meowscarada, M|100/100
|turn|1
|
|t:|1743904747
|move|p1a: Grimmsnarl|Reflect|p1a: Grimmsnarl
|-sidestart|p1: Apexmello95|Reflect
|move|p2a: Meowscarada|U-turn|p1a: Grimmsnarl
|-start|p2a: Meowscarada|typechange|Bug|[from] ability: Protean
|-damage|p1a: Grimmsnarl|78/100
|-damage|p2a: Meowscarada|91/100|[from] item: Life Orb
|
|t:|1743904758
|switch|p2a: Iron Moth|Iron Moth|100/100|[from] U-turn
|
|upkeep
|turn|2
|
|t:|1743904768
|move|p1a: Grimmsnarl|Light Screen|p1a: Grimmsnarl
|-sidestart|p1: Apexmello95|move: Light Screen
|move|p2a: Iron Moth|Sludge Wave|p1a: Grimmsnarl
|-supereffective|p1a: Grimmsnarl
|-damage|p1a: Grimmsnarl|33/100
|
|upkeep
|turn|3
|
|t:|1743904789
|-end|p2a: Iron Moth|Quark Drive|[silent]
|switch|p2a: Clefable|Clefable, F|100/100
|move|p1a: Grimmsnarl|Parting Shot|p2a: Clefable
|-unboost|p2a: Clefable|atk|1
|-unboost|p2a: Clefable|spa|1
|
|t:|1743904804
|switch|p1a: Heatran|Heatran, M|100/100|[from] Parting Shot
|
|upkeep
|turn|4
|
|t:|1743904810
|move|p1a: Heatran|Flash Cannon|p2a: Clefable
|-supereffective|p2a: Clefable
|-damage|p2a: Clefable|40/100
|-unboost|p2a: Clefable|spd|1
|move|p2a: Clefable|Thunder Wave|p1a: Heatran
|-status|p1a: Heatran|par
|
|-heal|p2a: Clefable|46/100|[from] item: Leftovers
|upkeep
|turn|5
|
|t:|1743904820
|switch|p2a: Iron Moth|Iron Moth|100/100
|move|p1a: Heatran|Flash Cannon|p2a: Iron Moth
|-resisted|p2a: Iron Moth
|-damage|p2a: Iron Moth|85/100
|
|upkeep
|turn|6
|
|t:|1743904829
|move|p2a: Iron Moth|Discharge|p1a: Heatran
|-damage|p1a: Heatran|87/100 par
|move|p1a: Heatran|Earth Power|p2a: Iron Moth
|-supereffective|p2a: Iron Moth
|-damage|p2a: Iron Moth|4/100
|
|-heal|p1a: Heatran|93/100 par|[from] item: Leftovers
|upkeep
|turn|7
|
|t:|1743904846
|-end|p2a: Iron Moth|Quark Drive|[silent]
|switch|p2a: Meowscarada|Meowscarada, M|91/100
|move|p1a: Heatran|Flash Cannon|p2a: Meowscarada
|-damage|p2a: Meowscarada|23/100
|
|-heal|p1a: Heatran|99/100 par|[from] item: Leftovers
|upkeep
|turn|8
|
|t:|1743904855
|move|p2a: Meowscarada|Brick Break|p1a: Heatran
|-start|p2a: Meowscarada|typechange|Fighting|[from] ability: Protean
|-sideend|p1: Apexmello95|Reflect
|-sideend|p1: Apexmello95|move: Light Screen
|-supereffective|p1a: Heatran
|-damage|p1a: Heatran|22/100 par
|-damage|p2a: Meowscarada|13/100|[from] item: Life Orb
|cant|p1a: Heatran|par
|
|-heal|p1a: Heatran|28/100 par|[from] item: Leftovers
|upkeep
|turn|9
|inactive|Apexmello95 has 270 seconds left.
|
|t:|1743904892
|switch|p1a: Skarmory|Skarmory, M|100/100
|move|p2a: Meowscarada|Brick Break|p1a: Skarmory
|-damage|p1a: Skarmory|74/100
|-damage|p2a: Meowscarada|0 fnt|[from] item: Rocky Helmet|[of] p1a: Skarmory
|faint|p2a: Meowscarada
|
|upkeep
|
|t:|1743904902
|switch|p2a: Iron Moth|Iron Moth|4/100
|turn|10
|
|t:|1743904906
|switch|p1a: Heatran|Heatran, M|28/100 par
|move|p2a: Iron Moth|Discharge|p1a: Heatran
|-damage|p1a: Heatran|2/100 par
|
|-heal|p1a: Heatran|9/100 par|[from] item: Leftovers
|upkeep
|turn|11
|
|t:|1743904914
|move|p2a: Iron Moth|Discharge|p1a: Heatran
|-crit|p1a: Heatran
|-damage|p1a: Heatran|0 fnt
|faint|p1a: Heatran
|
|upkeep
|
|t:|1743904920
|switch|p1a: Dragonite|Dragonite, F|100/100
|turn|12
|
|t:|1743904928
|-end|p2a: Iron Moth|Quark Drive|[silent]
|switch|p2a: Corviknight|Corviknight, F|100/100
|move|p1a: Dragonite|Extreme Speed|p2a: Corviknight
|-resisted|p2a: Corviknight
|-damage|p2a: Corviknight|91/100
|-damage|p1a: Dragonite|84/100|[from] item: Rocky Helmet|[of] p2a: Corviknight
|
|upkeep
|turn|13
|
|t:|1743904940
|switch|p1a: Rotom|Rotom-Wash|100/100
|move|p2a: Corviknight|Brave Bird|p1a: Rotom
|-resisted|p1a: Rotom
|-damage|p1a: Rotom|74/100
|-damage|p2a: Corviknight|86/100|[from] Recoil
|
|-heal|p1a: Rotom|81/100|[from] item: Leftovers
|upkeep
|turn|14
|
|t:|1743904959
|switch|p2a: Clefable|Clefable, F|46/100
|move|p1a: Rotom|Thunderbolt|p2a: Clefable
|-damage|p2a: Clefable|16/100
|
|-heal|p1a: Rotom|87/100|[from] item: Leftovers
|-heal|p2a: Clefable|22/100|[from] item: Leftovers
|upkeep
|turn|15
|
|t:|1743904968
|move|p1a: Rotom|Thunderbolt|p2a: Clefable
|-damage|p2a: Clefable|0 fnt
|faint|p2a: Clefable
|
|-heal|p1a: Rotom|93/100|[from] item: Leftovers
|upkeep
|
|t:|1743904987
|switch|p2a: Iron Moth|Iron Moth|4/100
|turn|16
|
|t:|1743904990
|move|p2a: Iron Moth|Sludge Wave|p1a: Rotom
|-damage|p1a: Rotom|18/100
|-status|p1a: Rotom|psn
|move|p1a: Rotom|Thunderbolt|p2a: Iron Moth
|-damage|p2a: Iron Moth|0 fnt
|faint|p2a: Iron Moth
|-end|p2a: Iron Moth|Quark Drive|[silent]
|
|-heal|p1a: Rotom|25/100 psn|[from] item: Leftovers
|-damage|p1a: Rotom|12/100 psn|[from] psn
|upkeep
|
|t:|1743905014
|switch|p2a: Latias|Latias, F|100/100
|turn|17
|
|t:|1743905024
|move|p2a: Latias|Mist Ball|p1a: Rotom
|-damage|p1a: Rotom|0 fnt
|faint|p1a: Rotom
|
|upkeep
|
|t:|1743905030
|switch|p1a: Grimmsnarl|Grimmsnarl, M|33/100
|turn|18
|
|t:|1743905034
|move|p1a: Grimmsnarl|Light Screen|p1a: Grimmsnarl
|-sidestart|p1: Apexmello95|move: Light Screen
|move|p2a: Latias|Alluring Voice|p1a: Grimmsnarl
|-supereffective|p1a: Grimmsnarl
|-crit|p1a: Grimmsnarl
|-damage|p1a: Grimmsnarl|0 fnt
|faint|p1a: Grimmsnarl
|
|upkeep
|
|t:|1743905044
|switch|p1a: Regice|Regice|100/100
|turn|19
|
|t:|1743905050
|move|p2a: Latias|Calm Mind|p2a: Latias
|-boost|p2a: Latias|spa|1
|-boost|p2a: Latias|spd|1
|move|p1a: Regice|Thunderbolt|p2a: Latias
|-resisted|p2a: Latias
|-damage|p2a: Latias|92/100
|
|-heal|p2a: Latias|98/100|[from] item: Leftovers
|upkeep
|turn|20
|
|t:|1743905059
|move|p2a: Latias|Calm Mind|p2a: Latias
|-boost|p2a: Latias|spa|1
|-boost|p2a: Latias|spd|1
|move|p1a: Regice|Ice Beam|p2a: Latias
|-supereffective|p2a: Latias
|-damage|p2a: Latias|58/100
|
|-heal|p2a: Latias|64/100|[from] item: Leftovers
|upkeep
|turn|21
|
|t:|1743905070
|switch|p1a: Skarmory|Skarmory, M|74/100
|move|p2a: Latias|Calm Mind|p2a: Latias
|-boost|p2a: Latias|spa|1
|-boost|p2a: Latias|spd|1
|
|-heal|p2a: Latias|70/100|[from] item: Leftovers
|upkeep
|turn|22
|
|t:|1743905080
|move|p2a: Latias|Mist Ball|p1a: Skarmory
|-resisted|p1a: Skarmory
|-damage|p1a: Skarmory|38/100
|-unboost|p1a: Skarmory|spa|1
|move|p1a: Skarmory|Roar|p2a: Latias
|drag|p2a: Weavile|Weavile, F|100/100
|-ability|p2a: Weavile|Pressure
|
|upkeep
|turn|23
|
|t:|1743905091
|move|p2a: Weavile|Icicle Crash|p1a: Skarmory
|-damage|p1a: Skarmory|15/100
|cant|p1a: Skarmory|flinch
|
|upkeep
|turn|24
|
|t:|1743905101
|move|p2a: Weavile|Icicle Crash|p1a: Skarmory|[miss]
|-miss|p2a: Weavile|p1a: Skarmory
|move|p1a: Skarmory|Roost|p1a: Skarmory
|-heal|p1a: Skarmory|65/100
|-singleturn|p1a: Skarmory|move: Roost
|
|upkeep
|turn|25
|
|t:|1743905113
|move|p2a: Weavile|Swords Dance|p2a: Weavile
|-boost|p2a: Weavile|atk|2
|move|p1a: Skarmory|Spikes|p2a: Weavile
|-sidestart|p2: geldren|Spikes
|
|-sideend|p1: Apexmello95|move: Light Screen
|upkeep
|turn|26
|
|t:|1743905121
|move|p2a: Weavile|Swords Dance|p2a: Weavile
|-boost|p2a: Weavile|atk|2
|move|p1a: Skarmory|Roar|p2a: Weavile
|drag|p2a: Latias|Latias, F|70/100
|
|-heal|p2a: Latias|76/100|[from] item: Leftovers
|upkeep
|turn|27
|
|t:|1743905131
|move|p2a: Latias|Mist Ball|p1a: Skarmory
|-resisted|p1a: Skarmory
|-damage|p1a: Skarmory|34/100
|move|p1a: Skarmory|Spikes|p2a: Latias
|-sidestart|p2: geldren|Spikes
|
|-heal|p2a: Latias|82/100|[from] item: Leftovers
|upkeep
|turn|28
|
|t:|1743905145
|move|p2a: Latias|Mist Ball|p1a: Skarmory
|-resisted|p1a: Skarmory
|-damage|p1a: Skarmory|6/100
|-unboost|p1a: Skarmory|spa|1
|move|p1a: Skarmory|Roost|p1a: Skarmory
|-heal|p1a: Skarmory|56/100
|-singleturn|p1a: Skarmory|move: Roost
|
|-heal|p2a: Latias|88/100|[from] item: Leftovers
|upkeep
|turn|29
|
|t:|1743905156
|move|p2a: Latias|Mist Ball|p1a: Skarmory
|-resisted|p1a: Skarmory
|-damage|p1a: Skarmory|24/100
|-unboost|p1a: Skarmory|spa|1
|move|p1a: Skarmory|Roost|p1a: Skarmory
|-heal|p1a: Skarmory|74/100
|-singleturn|p1a: Skarmory|move: Roost
|
|-heal|p2a: Latias|94/100|[from] item: Leftovers
|upkeep
|turn|30
|
|t:|1743905169
|move|p2a: Latias|Alluring Voice|p1a: Skarmory
|-resisted|p1a: Skarmory
|-damage|p1a: Skarmory|58/100
|move|p1a: Skarmory|Roar|p2a: Latias
|drag|p2a: Corviknight|Corviknight, F|86/100
|
|upkeep
|turn|31
|
|t:|1743905178
|switch|p1a: Regice|Regice|100/100
|move|p2a: Corviknight|Defog|p1a: Regice
|-fail|p1a: Regice|unboost|[from] ability: Clear Body|[of] p1a: Regice
|-sideend|p2: geldren|Spikes|[from] move: Defog|[of] p2a: Corviknight
|
|upkeep
|turn|32
|
|t:|1743905186
|move|p2a: Corviknight|Brave Bird|p1a: Regice
|-damage|p1a: Regice|67/100
|-damage|p2a: Corviknight|78/100|[from] Recoil
|move|p1a: Regice|Thunderbolt|p2a: Corviknight
|-supereffective|p2a: Corviknight
|-damage|p2a: Corviknight|18/100
|
|upkeep
|turn|33
|
|t:|1743905195
|move|p2a: Corviknight|Brave Bird|p1a: Regice
|-damage|p1a: Regice|31/100
|-damage|p2a: Corviknight|9/100|[from] Recoil
|move|p1a: Regice|Ice Beam|p2a: Corviknight
|-damage|p2a: Corviknight|0 fnt
|faint|p2a: Corviknight
|
|upkeep
|
|t:|1743905210
|switch|p2a: Weavile|Weavile, F|100/100
|-ability|p2a: Weavile|Pressure
|turn|34
|
|t:|1743905215
|switch|p1a: Skarmory|Skarmory, M|58/100
|move|p2a: Weavile|Swords Dance|p2a: Weavile
|-boost|p2a: Weavile|atk|2
|
|upkeep
|turn|35
|
|t:|1743905221
|move|p2a: Weavile|Icicle Crash|p1a: Skarmory
|-damage|p1a: Skarmory|9/100
|cant|p1a: Skarmory|flinch
|
|upkeep
|turn|36
|
|t:|1743905232
|move|p2a: Weavile|Knock Off|p1a: Skarmory
|-damage|p1a: Skarmory|0 fnt
|-damage|p2a: Weavile|84/100|[from] item: Rocky Helmet|[of] p1a: Skarmory
|-enditem|p1a: Skarmory|Rocky Helmet|[from] move: Knock Off|[of] p2a: Weavile
|faint|p1a: Skarmory
|
|upkeep
|
|t:|1743905240
|switch|p1a: Dragonite|Dragonite, F|84/100
|turn|37
|
|t:|1743905247
|-terastallize|p1a: Dragonite|Fire
|move|p2a: Weavile|Ice Shard|p1a: Dragonite
|-resisted|p1a: Dragonite
|-damage|p1a: Dragonite|62/100
|move|p1a: Dragonite|Dragon Dance|p1a: Dragonite
|-boost|p1a: Dragonite|atk|1
|-boost|p1a: Dragonite|spe|1
|
|upkeep
|turn|38
|
|t:|1743905257
|move|p1a: Dragonite|Dragon Dance|p1a: Dragonite
|-boost|p1a: Dragonite|atk|1
|-boost|p1a: Dragonite|spe|1
|move|p2a: Weavile|Knock Off|p1a: Dragonite
|-damage|p1a: Dragonite|0 fnt
|-enditem|p1a: Dragonite|Weakness Policy|[from] move: Knock Off|[of] p2a: Weavile
|faint|p1a: Dragonite
|
|upkeep
|
|t:|1743905266
|switch|p1a: Regice|Regice|31/100
|turn|39
|
|t:|1743905269
|move|p2a: Weavile|Knock Off|p1a: Regice
|-damage|p1a: Regice|0 fnt
|-enditem|p1a: Regice|Assault Vest|[from] move: Knock Off|[of] p2a: Weavile
|faint|p1a: Regice
|
|win|geldren
