|j|☆voltictrainer0905
|j|☆thp8
|t:|1743872956
|gametype|singles
|player|p1|voltictrainer0905|2|1091
|player|p2|thp8|265|1096
|teamsize|p1|6
|teamsize|p2|6
|gen|9
|tier|[Gen 9] OU
|rated|
|rule|HP Percentage Mod: HP is shown in percentages
|rule|Endless Battle Clause: Forcing endless battles is banned
|rule|Species Clause: Limit one of each Pokémon
|rule|OHKO Clause: OHKO moves are banned
|rule|Evasion Items Clause: Evasion items are banned
|rule|Evasion Moves Clause: Evasion moves are banned
|rule|Sleep Moves Clause: Sleep-inducing moves are banned
|clearpoke
|poke|p1|Abomasnow, F|
|poke|p1|Oranguru, F|
|poke|p1|Polteageist|
|poke|p1|Amoonguss, M|
|poke|p1|Houndoom, M|
|poke|p1|Gyarados, M|
|poke|p2|Rillaboom, F|
|poke|p2|Dragapult, M|
|poke|p2|Porygon-Z|
|poke|p2|Ursaluna, M|
|poke|p2|Azumarill, M|
|poke|p2|Gengar, M|
|teampreview
|
|t:|1743872971
|start
|switch|p1a: Abomasnow|Abomasnow, F|100/100
|switch|p2a: Porygon-Z|Porygon-Z|100/100
|-ability|p2a: Porygon-Z|Download|boost
|-boost|p2a: Porygon-Z|atk|1
|-weather|Snowscape|[from] ability: Snow Warning|[of] p1a: Abomasnow
|turn|1
|l|☆voltictrainer0905
|player|p1|
|j|☆voltictrainer0905
|player|p1|voltictrainer0905|2|
|
|t:|1743872989
|move|p2a: Porygon-Z|Nasty Plot|p2a: Porygon-Z
|-boost|p2a: Porygon-Z|spa|2
|move|p1a: Abomasnow|Aurora Veil|p1a: Abomasnow
|-sidestart|p1: voltictrainer0905|move: Aurora Veil
|
|-weather|Snowscape|[upkeep]
|upkeep
|turn|2
|
|t:|1743873001
|switch|p1a: Oranguru|Oranguru, F|100/100
|move|p2a: Porygon-Z|Ice Beam|p1a: Oranguru
|-damage|p1a: Oranguru|60/100
|-damage|p2a: Porygon-Z|91/100|[from] item: Life Orb
|
|-weather|Snowscape|[upkeep]
|upkeep
|turn|3
|
|t:|1743873017
|move|p2a: Porygon-Z|Nasty Plot|p2a: Porygon-Z
|-boost|p2a: Porygon-Z|spa|2
|move|p1a: Oranguru|Trick|p2a: Porygon-Z
|-activate|p1a: Oranguru|move: Trick|[of] p2a: Porygon-Z
|-item|p2a: Porygon-Z|Lagging Tail|[from] move: Trick
|-item|p1a: Oranguru|Life Orb|[from] move: Trick
|
|-weather|Snowscape|[upkeep]
|upkeep
|turn|4
|
|t:|1743873027
|move|p1a: Oranguru|Light Screen|p1a: Oranguru
|-sidestart|p1: voltictrainer0905|move: Light Screen
|move|p2a: Porygon-Z|Thunderbolt|p1a: Oranguru
|-damage|p1a: Oranguru|15/100
|
|-weather|Snowscape|[upkeep]
|upkeep
|turn|5
|
|t:|1743873034
|move|p1a: Oranguru|Reflect|p1a: Oranguru
|-sidestart|p1: voltictrainer0905|Reflect
|move|p2a: Porygon-Z|Ice Beam|p1a: Oranguru
|-damage|p1a: Oranguru|0 fnt
|faint|p1a: Oranguru
|
|-weather|none
|upkeep
|
|t:|1743873047
|switch|p1a: Houndoom|Houndoom, M|100/100
|turn|6
|
|t:|1743873057
|move|p1a: Houndoom|Flamethrower|p2a: Porygon-Z
|-damage|p2a: Porygon-Z|9/100
|-damage|p1a: Houndoom|91/100|[from] item: Life Orb
|move|p2a: Porygon-Z|Trick Room|p2a: Porygon-Z
|-fieldstart|move: Trick Room|[of] p2a: Porygon-Z
|
|upkeep
|turn|7
|l|☆voltictrainer0905
|player|p1|
|j|☆voltictrainer0905
|player|p1|voltictrainer0905|2|
|
|t:|1743873089
|move|p1a: Houndoom|Flamethrower|p2a: Porygon-Z
|-damage|p2a: Porygon-Z|0 fnt
|faint|p2a: Porygon-Z
|-damage|p1a: Houndoom|81/100|[from] item: Life Orb
|
|upkeep
|
|t:|1743873102
|switch|p2a: Ursaluna|Ursaluna, M|100/100
|turn|8
|
|t:|1743873114
|move|p2a: Ursaluna|Swords Dance|p2a: Ursaluna
|-boost|p2a: Ursaluna|atk|2
|move|p1a: Houndoom|Pain Split|p2a: Ursaluna
|-sethp|p2a: Ursaluna|75/100|[from] move: Pain Split|[silent]
|-sethp|p1a: Houndoom|100/100|[from] move: Pain Split
|
|-sideend|p1: voltictrainer0905|move: Light Screen
|-sideend|p1: voltictrainer0905|move: Aurora Veil
|-status|p2a: Ursaluna|brn|[from] item: Flame Orb
|upkeep
|turn|9
|
|t:|1743873128
|-terastallize|p2a: Ursaluna|Normal
|move|p2a: Ursaluna|Facade|p1a: Houndoom
|-damage|p1a: Houndoom|0 fnt
|faint|p1a: Houndoom
|
|-damage|p2a: Ursaluna|69/100 brn|[from] brn
|-sideend|p1: voltictrainer0905|Reflect
|upkeep
|
|t:|1743873143
|switch|p1a: Polteageist|Polteageist|100/100
|turn|10
|
|t:|1743873158
|move|p2a: Ursaluna|Earthquake|p1a: Polteageist
|-enditem|p1a: Polteageist|Focus Sash
|-damage|p1a: Polteageist|1/100
|-ability|p1a: Polteageist|Weak Armor|boost
|-unboost|p1a: Polteageist|def|1
|-boost|p1a: Polteageist|spe|2
|move|p1a: Polteageist|Shell Smash|p1a: Polteageist
|-unboost|p1a: Polteageist|def|1
|-unboost|p1a: Polteageist|spd|1
|-boost|p1a: Polteageist|atk|2
|-boost|p1a: Polteageist|spa|2
|-boost|p1a: Polteageist|spe|2
|
|-damage|p2a: Ursaluna|63/100 brn|[from] brn
|-fieldend|move: Trick Room
|upkeep
|turn|11
|
|t:|1743873175
|-terastallize|p1a: Polteageist|Fighting
|move|p1a: Polteageist|Tera Blast|p2a: Ursaluna|[anim] Tera Blast Fighting
|-supereffective|p2a: Ursaluna
|-damage|p2a: Ursaluna|0 fnt
|faint|p2a: Ursaluna
|
|upkeep
|
|t:|1743873180
|switch|p2a: Azumarill|Azumarill, M|100/100
|turn|12
|
|t:|1743873186
|move|p2a: Azumarill|Aqua Jet|p1a: Polteageist
|-damage|p1a: Polteageist|0 fnt
|faint|p1a: Polteageist
|
|upkeep
|
|t:|1743873219
|switch|p1a: Abomasnow|Abomasnow, F|100/100
|-weather|Snowscape|[from] ability: Snow Warning|[of] p1a: Abomasnow
|turn|13
|
|t:|1743873224
|move|p1a: Abomasnow|Aurora Veil|p1a: Abomasnow
|-sidestart|p1: voltictrainer0905|move: Aurora Veil
|move|p2a: Azumarill|Belly Drum|p2a: Azumarill
|-damage|p2a: Azumarill|50/100
|-setboost|p2a: Azumarill|atk|6|[from] move: Belly Drum
|-enditem|p2a: Azumarill|Sitrus Berry|[eat]
|-heal|p2a: Azumarill|75/100|[from] item: Sitrus Berry
|
|-weather|Snowscape|[upkeep]
|upkeep
|turn|14
|
|t:|1743873234
|move|p1a: Abomasnow|Giga Drain|p2a: Azumarill
|-supereffective|p2a: Azumarill
|-damage|p2a: Azumarill|26/100
|move|p2a: Azumarill|Knock Off|p1a: Abomasnow
|-damage|p1a: Abomasnow|41/100
|-enditem|p1a: Abomasnow|Light Clay|[from] move: Knock Off|[of] p2a: Azumarill
|
|-weather|Snowscape|[upkeep]
|upkeep
|turn|15
|
|t:|1743873242
|move|p2a: Azumarill|Aqua Jet|p1a: Abomasnow
|-resisted|p1a: Abomasnow
|-damage|p1a: Abomasnow|21/100
|move|p1a: Abomasnow|Giga Drain|p2a: Azumarill
|-supereffective|p2a: Azumarill
|-damage|p2a: Azumarill|0 fnt
|-heal|p1a: Abomasnow|34/100|[from] drain|[of] p2a: Azumarill
|faint|p2a: Azumarill
|
|-weather|Snowscape|[upkeep]
|upkeep
|
|t:|1743873253
|switch|p2a: Gengar|Gengar, M|100/100
|turn|16
|
|t:|1743873259
|move|p2a: Gengar|Psychic|p1a: Abomasnow
|-damage|p1a: Abomasnow|18/100
|-unboost|p1a: Abomasnow|spd|1
|move|p1a: Abomasnow|Blizzard|p2a: Gengar
|-damage|p2a: Gengar|43/100
|
|-weather|Snowscape|[upkeep]
|upkeep
|turn|17
|
|t:|1743873268
|move|p2a: Gengar|Psychic|p1a: Abomasnow
|-crit|p1a: Abomasnow
|-damage|p1a: Abomasnow|0 fnt
|faint|p1a: Abomasnow
|
|-weather|none
|upkeep
|
|t:|1743873287
|switch|p1a: Gyarados|Gyarados, M|100/100
|turn|18
|
|t:|1743873293
|move|p2a: Gengar|Psychic|p1a: Gyarados
|-damage|p1a: Gyarados|78/100
|move|p1a: Gyarados|Dragon Dance|p1a: Gyarados
|-boost|p1a: Gyarados|atk|1
|-boost|p1a: Gyarados|spe|1
|
|upkeep
|turn|19
|
|t:|1743873301
|move|p1a: Gyarados|Dragon Dance|p1a: Gyarados
|-boost|p1a: Gyarados|atk|1
|-boost|p1a: Gyarados|spe|1
|move|p2a: Gengar|Psychic|p1a: Gyarados
|-damage|p1a: Gyarados|55/100
|
|upkeep
|turn|20
|l|☆voltictrainer0905
|player|p1|
|j|☆voltictrainer0905
|player|p1|voltictrainer0905|2|
|
|t:|1743873320
|move|p1a: Gyarados|Earthquake|p2a: Gengar
|-supereffective|p2a: Gengar
|-damage|p2a: Gengar|0 fnt
|-start|p1a: Gyarados|Disable|Earthquake|[from] ability: Cursed Body|[of] p2a: Gengar
|faint|p2a: Gengar
|-ability|p1a: Gyarados|Moxie|boost
|-boost|p1a: Gyarados|atk|1
|
|-sideend|p1: voltictrainer0905|move: Aurora Veil
|upkeep
|
|t:|1743873323
|switch|p2a: Dragapult|Dragapult, M|100/100
|turn|21
|
|t:|1743873331
|move|p1a: Gyarados|Crunch|p2a: Dragapult
|-supereffective|p2a: Dragapult
|-damage|p2a: Dragapult|0 fnt
|faint|p2a: Dragapult
|-ability|p1a: Gyarados|Moxie|boost
|-boost|p1a: Gyarados|atk|1
|
|upkeep
|
|t:|1743873334
|switch|p2a: Rillaboom|Rillaboom, F|100/100
|-fieldstart|move: Grassy Terrain|[from] ability: Grassy Surge|[of] p2a: Rillaboom
|turn|22
|
|t:|1743873343
|move|p1a: Gyarados|Crunch|p2a: Rillaboom
|-crit|p2a: Rillaboom
|-damage|p2a: Rillaboom|0 fnt
|faint|p2a: Rillaboom
|
|win|voltictrainer0905
|raw|voltictrainer0905's rating: 1091 &rarr; <strong>1118</strong><br />(+27 for winning)
|raw|thp8's rating: 1096 &rarr; <strong>1071</strong><br />(-25 for losing)
|l|☆thp8
|player|p2|
|l|☆voltictrainer0905
|player|p1|
