|j|☆Pokejooj
|j|☆twistmebabe
|t:|1743857990
|gametype|singles
|player|p1|Pokejooj|1|1353
|player|p2|twistmebabe|wallace|1284
|teamsize|p1|6
|teamsize|p2|6
|gen|9
|tier|[Gen 9] OU
|rated|
|rule|HP Percentage Mod: HP is shown in percentages
|rule|Endless Battle Clause: Forcing endless battles is banned
|rule|Species Clause: Limit one of each Pokémon
|rule|OHKO Clause: OHKO moves are banned
|rule|Evasion Items Clause: Evasion items are banned
|rule|Evasion Moves Clause: Evasion moves are banned
|rule|Sleep Moves Clause: Sleep-inducing moves are banned
|clearpoke
|poke|p1|Araquanid, M|
|poke|p1|Mandibuzz, F|
|poke|p1|Meloetta|
|poke|p1|Rotom-Heat|
|poke|p1|Mienshao, F|
|poke|p1|Sandy Shocks|
|poke|p2|Ninetales, M|
|poke|p2|Walking Wake|
|poke|p2|Leavanny, F|
|poke|p2|Great Tusk|
|poke|p2|Iron Moth|
|poke|p2|Ceruledge, F|
|teampreview
|inactive|Battle timer is ON: inactive players will automatically lose when time's up. (requested by twistmebabe)
|inactive|Pokejooj has 120 seconds left.
|
|t:|1743858023
|start
|switch|p1a: Sandy Shocks|Sandy Shocks|100/100
|switch|p2a: Ninetales|Ninetales, M, shiny|100/100
|-weather|SunnyDay|[from] ability: Drought|[of] p2a: Ninetales
|-activate|p1a: Sandy Shocks|ability: Protosynthesis
|-start|p1a: Sandy Shocks|protosynthesisspa
|turn|1
|
|t:|1743858045
|move|p1a: Sandy Shocks|Earth Power|p2a: Ninetales
|-supereffective|p2a: Ninetales
|-damage|p2a: Ninetales|0 fnt
|faint|p2a: Ninetales
|
|-weather|SunnyDay|[upkeep]
|upkeep
|
|t:|1743858049
|switch|p2a: Leavanny|Leavanny, F, shiny|100/100
|turn|2
|
|t:|1743858058
|-end|p1a: Sandy Shocks|Protosynthesis|[silent]
|switch|p1a: Mandibuzz|Mandibuzz, F|100/100
|move|p2a: Leavanny|Sticky Web|p1a: Mandibuzz
|-sidestart|p1: Pokejooj|move: Sticky Web
|
|-weather|SunnyDay|[upkeep]
|upkeep
|turn|3
|
|t:|1743858063
|move|p2a: Leavanny|Triple Axel|p1a: Mandibuzz
|-supereffective|p1a: Mandibuzz
|-damage|p1a: Mandibuzz|94/100
|-damage|p2a: Leavanny|84/100|[from] item: Rocky Helmet|[of] p1a: Mandibuzz
|-supereffective|p1a: Mandibuzz
|-damage|p1a: Mandibuzz|80/100
|-damage|p2a: Leavanny|68/100|[from] item: Rocky Helmet|[of] p1a: Mandibuzz
|-supereffective|p1a: Mandibuzz
|-damage|p1a: Mandibuzz|60/100
|-damage|p2a: Leavanny|51/100|[from] item: Rocky Helmet|[of] p1a: Mandibuzz
|-hitcount|p1a: Mandibuzz|3
|move|p1a: Mandibuzz|Defog|p2a: Leavanny
|-unboost|p2a: Leavanny|evasion|1
|-enditem|p2a: Leavanny|Eject Pack
|-sideend|p1: Pokejooj|Sticky Web|[from] move: Defog|[of] p1a: Mandibuzz
|
|t:|1743858076
|switch|p2a: Walking Wake|Walking Wake|100/100
|-activate|p2a: Walking Wake|ability: Protosynthesis
|-start|p2a: Walking Wake|protosynthesisspa
|
|-weather|SunnyDay|[upkeep]
|upkeep
|turn|4
|
|t:|1743858081
|switch|p1a: Araquanid|Araquanid, M|100/100
|move|p2a: Walking Wake|Draco Meteor|p1a: Araquanid|[miss]
|-miss|p2a: Walking Wake|p1a: Araquanid
|
|-weather|SunnyDay|[upkeep]
|upkeep
|turn|5
|
|t:|1743858092
|move|p2a: Walking Wake|Draco Meteor|p1a: Araquanid
|-damage|p1a: Araquanid|7/100
|-unboost|p2a: Walking Wake|spa|2
|move|p1a: Araquanid|Leech Life|p2a: Walking Wake
|-damage|p2a: Walking Wake|69/100
|-heal|p1a: Araquanid|27/100|[from] drain|[of] p2a: Walking Wake
|
|-weather|SunnyDay|[upkeep]
|upkeep
|turn|6
|
|t:|1743858098
|move|p2a: Walking Wake|Draco Meteor|p1a: Araquanid
|-damage|p1a: Araquanid|0 fnt
|-unboost|p2a: Walking Wake|spa|2
|faint|p1a: Araquanid
|
|-weather|SunnyDay|[upkeep]
|upkeep
|
|t:|1743858107
|switch|p1a: Mienshao|Mienshao, F|100/100
|turn|7
|
|t:|1743858130
|-end|p2a: Walking Wake|Protosynthesis|[silent]
|switch|p2a: Great Tusk|Great Tusk|100/100
|-activate|p2a: Great Tusk|ability: Protosynthesis
|-start|p2a: Great Tusk|protosynthesisatk
|move|p1a: Mienshao|Knock Off|p2a: Great Tusk
|-resisted|p2a: Great Tusk
|-damage|p2a: Great Tusk|83/100
|-enditem|p2a: Great Tusk|Heavy-Duty Boots|[from] move: Knock Off|[of] p1a: Mienshao
|
|-weather|SunnyDay|[upkeep]
|upkeep
|turn|8
|
|t:|1743858140
|switch|p1a: Rotom|Rotom-Heat|100/100
|move|p2a: Great Tusk|Headlong Rush|p1a: Rotom
|-immune|p1a: Rotom|[from] ability: Levitate
|
|-weather|none
|-end|p2a: Great Tusk|Protosynthesis
|upkeep
|turn|9
|
|t:|1743858147
|-end|p2a: Great Tusk|Protosynthesis|[silent]
|switch|p2a: Walking Wake|Walking Wake|69/100
|move|p1a: Rotom|Will-O-Wisp|p2a: Walking Wake|[miss]
|-miss|p1a: Rotom|p2a: Walking Wake
|
|upkeep
|turn|10
|
|t:|1743858158
|-terastallize|p1a: Rotom|Water
|move|p2a: Walking Wake|Draco Meteor|p1a: Rotom
|-damage|p1a: Rotom|0 fnt
|-unboost|p2a: Walking Wake|spa|2
|faint|p1a: Rotom
|
|upkeep
|
|t:|1743858169
|switch|p1a: Sandy Shocks|Sandy Shocks|100/100
|turn|11
|
|t:|1743858178
|-end|p2a: Walking Wake|Protosynthesis|[silent]
|switch|p2a: Great Tusk|Great Tusk|83/100
|move|p1a: Sandy Shocks|Discharge|p2a: Great Tusk
|-immune|p2a: Great Tusk
|
|upkeep
|turn|12
|
|t:|1743858184
|-end|p1a: Sandy Shocks|Protosynthesis|[silent]
|switch|p1a: Mandibuzz|Mandibuzz, F|60/100
|move|p2a: Great Tusk|Ice Spinner|p1a: Mandibuzz
|-supereffective|p1a: Mandibuzz
|-damage|p1a: Mandibuzz|26/100
|-damage|p2a: Great Tusk|67/100|[from] item: Rocky Helmet|[of] p1a: Mandibuzz
|
|upkeep
|turn|13
|
|t:|1743858189
|move|p2a: Great Tusk|Ice Spinner|p1a: Mandibuzz
|-supereffective|p1a: Mandibuzz
|-damage|p1a: Mandibuzz|0 fnt
|-damage|p2a: Great Tusk|50/100|[from] item: Rocky Helmet|[of] p1a: Mandibuzz
|faint|p1a: Mandibuzz
|
|upkeep
|
|t:|1743858193
|switch|p1a: Sandy Shocks|Sandy Shocks|100/100
|turn|14
|
|t:|1743858204
|move|p1a: Sandy Shocks|Earth Power|p2a: Great Tusk
|-damage|p2a: Great Tusk|0 fnt
|faint|p2a: Great Tusk
|-end|p2a: Great Tusk|Protosynthesis|[silent]
|
|upkeep
|
|t:|1743858223
|switch|p2a: Leavanny|Leavanny, F, shiny|51/100
|turn|15
|
|t:|1743858231
|move|p1a: Sandy Shocks|Earth Power|p2a: Leavanny
|-resisted|p2a: Leavanny
|-damage|p2a: Leavanny|24/100
|-unboost|p2a: Leavanny|spd|1
|move|p2a: Leavanny|Sticky Web|p1a: Sandy Shocks
|-sidestart|p1: Pokejooj|move: Sticky Web
|
|upkeep
|turn|16
|
|t:|1743858238
|move|p1a: Sandy Shocks|Earth Power|p2a: Leavanny
|-resisted|p2a: Leavanny
|-damage|p2a: Leavanny|0 fnt
|faint|p2a: Leavanny
|
|upkeep
|
|t:|1743858250
|switch|p2a: Iron Moth|Iron Moth, shiny|100/100
|-enditem|p2a: Iron Moth|Booster Energy
|-activate|p2a: Iron Moth|ability: Quark Drive|[fromitem]
|-start|p2a: Iron Moth|quarkdrivespa
|turn|17
|
|t:|1743858259
|-end|p1a: Sandy Shocks|Protosynthesis|[silent]
|switch|p1a: Meloetta|Meloetta|100/100
|-activate|p1a: Meloetta|move: Sticky Web
|-unboost|p1a: Meloetta|spe|1
|-terastallize|p2a: Iron Moth|Fairy
|move|p2a: Iron Moth|Energy Ball|p1a: Meloetta
|-damage|p1a: Meloetta|68/100
|
|upkeep
|turn|18
|
|t:|1743858273
|move|p2a: Iron Moth|Fiery Dance|p1a: Meloetta
|-damage|p1a: Meloetta|22/100
|-boost|p2a: Iron Moth|spa|1
|move|p1a: Meloetta|Psychic|p2a: Iron Moth
|-damage|p2a: Iron Moth|44/100
|
|upkeep
|turn|19
|
|t:|1743858283
|move|p2a: Iron Moth|Fiery Dance|p1a: Meloetta
|-damage|p1a: Meloetta|0 fnt
|faint|p1a: Meloetta
|
|upkeep
|
|t:|1743858284
|switch|p1a: Sandy Shocks|Sandy Shocks|100/100
|-activate|p1a: Sandy Shocks|move: Sticky Web
|-unboost|p1a: Sandy Shocks|spe|1
|turn|20
|
|t:|1743858289
|move|p2a: Iron Moth|Energy Ball|p1a: Sandy Shocks
|-supereffective|p1a: Sandy Shocks
|-damage|p1a: Sandy Shocks|0 fnt
|faint|p1a: Sandy Shocks
|-end|p1a: Sandy Shocks|Protosynthesis|[silent]
|
|upkeep
|-message|Pokejooj forfeited.
|
|win|twistmebabe
|raw|Pokejooj's rating: 1353 &rarr; <strong>1329</strong><br />(-24 for losing)
|raw|twistmebabe's rating: 1284 &rarr; <strong>1314</strong><br />(+30 for winning)
|l|☆Pokejooj
|player|p1|
|l|☆twistmebabe
|player|p2|
