|j|☆buda88888
|j|☆edrey4660
|t:|1743883440
|gametype|singles
|player|p1|buda88888|265|1216
|player|p2|edrey4660|170|1193
|teamsize|p1|6
|teamsize|p2|6
|gen|9
|tier|[Gen 9] OU
|rated|
|rule|HP Percentage Mod: HP is shown in percentages
|rule|Endless Battle Clause: Forcing endless battles is banned
|rule|Species Clause: Limit one of each Pokémon
|rule|OHKO Clause: OHKO moves are banned
|rule|Evasion Items Clause: Evasion items are banned
|rule|Evasion Moves Clause: Evasion moves are banned
|rule|Sleep Moves Clause: Sleep-inducing moves are banned
|clearpoke
|poke|p1|Chesnaught, F|
|poke|p1|Lilligant-Hisui, F|
|poke|p1|Breloom, F|
|poke|p1|Decidueye-Hisui, F|
|poke|p1|Virizion|
|poke|p1|Deoxys-Speed|
|poke|p2|Arcanine-Hisui, F|
|poke|p2|Azumarill, F|
|poke|p2|Blissey, F|
|poke|p2|Skeledirge, F|
|poke|p2|Hydrapple, F|
|poke|p2|Hatterene, F|
|teampreview
|
|t:|1743883476
|start
|switch|p1a: Lilligant|Lilligant-Hisui, F|100/100
|switch|p2a: Arcanine|Arcanine-Hisui, F|100/100
|turn|1
|inactive|Battle timer is ON: inactive players will automatically lose when time's up. (requested by buda88888)
|
|t:|1743883493
|move|p2a: Arcanine|Flare Blitz|p1a: Lilligant
|-supereffective|p1a: Lilligant
|-damage|p1a: Lilligant|0 fnt
|faint|p1a: Lilligant
|
|upkeep
|
|t:|1743883499
|switch|p1a: Chesnaught|Chesnaught, F|100/100
|turn|2
|
|t:|1743883505
|move|p2a: Arcanine|Flare Blitz|p1a: Chesnaught
|-supereffective|p1a: Chesnaught
|-damage|p1a: Chesnaught|38/100
|move|p1a: Chesnaught|Body Press|p2a: Arcanine
|-supereffective|p2a: Arcanine
|-damage|p2a: Arcanine|0 fnt
|faint|p2a: Arcanine
|
|-heal|p1a: Chesnaught|44/100|[from] item: Leftovers
|upkeep
|
|t:|1743883516
|switch|p2a: Skeledirge|Skeledirge, F|100/100
|turn|3
|
|t:|1743883521
|switch|p1a: Deoxys|Deoxys-Speed|100/100
|-ability|p1a: Deoxys|Pressure
|move|p2a: Skeledirge|Torch Song|p1a: Deoxys
|-damage|p1a: Deoxys|53/100
|-boost|p2a: Skeledirge|spa|1
|
|upkeep
|turn|4
|
|t:|1743883528
|move|p1a: Deoxys|Stealth Rock|p2a: Skeledirge
|-sidestart|p2: edrey4660|move: Stealth Rock
|move|p2a: Skeledirge|Torch Song|p1a: Deoxys
|-damage|p1a: Deoxys|0 fnt
|-boost|p2a: Skeledirge|spa|1
|faint|p1a: Deoxys
|
|upkeep
|
|t:|1743883533
|switch|p1a: Virizion|Virizion|100/100
|turn|5
|
|t:|1743883536
|move|p1a: Virizion|Air Slash|p2a: Skeledirge
|-damage|p2a: Skeledirge|77/100
|move|p2a: Skeledirge|Will-O-Wisp|p1a: Virizion
|-status|p1a: Virizion|brn
|
|-heal|p2a: Skeledirge|83/100|[from] item: Leftovers
|-damage|p1a: Virizion|94/100 brn|[from] brn
|upkeep
|turn|6
|
|t:|1743883542
|-terastallize|p1a: Virizion|Rock
|move|p1a: Virizion|Tera Blast|p2a: Skeledirge|[anim] Tera Blast Rock
|-supereffective|p2a: Skeledirge
|-damage|p2a: Skeledirge|20/100
|move|p2a: Skeledirge|Torch Song|p1a: Virizion
|-resisted|p1a: Virizion
|-damage|p1a: Virizion|79/100 brn
|-boost|p2a: Skeledirge|spa|1
|
|-heal|p2a: Skeledirge|26/100|[from] item: Leftovers
|-damage|p1a: Virizion|72/100 brn|[from] brn
|upkeep
|turn|7
|
|t:|1743883551
|switch|p2a: Blissey|Blissey, F|100/100
|-damage|p2a: Blissey|88/100|[from] Stealth Rock
|move|p1a: Virizion|Tera Blast|p2a: Blissey|[anim] Tera Blast Rock
|-damage|p2a: Blissey|75/100
|
|-heal|p2a: Blissey|81/100|[from] item: Leftovers
|-damage|p1a: Virizion|66/100 brn|[from] brn
|upkeep
|turn|8
|
|t:|1743883558
|switch|p1a: Chesnaught|Chesnaught, F|44/100
|move|p2a: Blissey|Thunderbolt|p1a: Chesnaught
|-resisted|p1a: Chesnaught
|-damage|p1a: Chesnaught|34/100
|
|-heal|p1a: Chesnaught|40/100|[from] item: Leftovers
|-heal|p2a: Blissey|87/100|[from] item: Leftovers
|upkeep
|turn|9
|
|t:|1743883565
|switch|p2a: Skeledirge|Skeledirge, F|26/100
|-damage|p2a: Skeledirge|1/100|[from] Stealth Rock
|move|p1a: Chesnaught|Synthesis|p1a: Chesnaught
|-heal|p1a: Chesnaught|90/100
|
|-heal|p2a: Skeledirge|8/100|[from] item: Leftovers
|-heal|p1a: Chesnaught|96/100|[from] item: Leftovers
|upkeep
|turn|10
|
|t:|1743883568
|switch|p1a: Virizion|Virizion, tera:Rock|66/100 brn
|move|p2a: Skeledirge|Slack Off|p2a: Skeledirge
|-heal|p2a: Skeledirge|58/100
|
|-heal|p2a: Skeledirge|64/100|[from] item: Leftovers
|-damage|p1a: Virizion|60/100 brn|[from] brn
|upkeep
|turn|11
|
|t:|1743883572
|move|p1a: Virizion|Tera Blast|p2a: Skeledirge|[anim] Tera Blast Rock
|-supereffective|p2a: Skeledirge
|-damage|p2a: Skeledirge|0 fnt
|faint|p2a: Skeledirge
|
|-damage|p1a: Virizion|54/100 brn|[from] brn
|upkeep
|
|t:|1743883575
|switch|p2a: Azumarill|Azumarill, F|100/100
|-damage|p2a: Azumarill|88/100|[from] Stealth Rock
|turn|12
|
|t:|1743883583
|switch|p1a: Breloom|Breloom, F|100/100
|move|p2a: Azumarill|Aqua Jet|p1a: Breloom
|-resisted|p1a: Breloom
|-crit|p1a: Breloom
|-damage|p1a: Breloom|78/100
|
|-heal|p2a: Azumarill|94/100|[from] item: Leftovers
|-status|p1a: Breloom|tox|[from] item: Toxic Orb
|upkeep
|turn|13
|
|t:|1743883591
|move|p1a: Breloom|Protect|p1a: Breloom
|-singleturn|p1a: Breloom|Protect
|move|p2a: Azumarill|Play Rough|p1a: Breloom
|-activate|p1a: Breloom|move: Protect
|
|-heal|p2a: Azumarill|100/100|[from] item: Leftovers
|-heal|p1a: Breloom|90/100 tox|[from] ability: Poison Heal
|upkeep
|turn|14
|
|t:|1743883597
|move|p1a: Breloom|Leech Seed|p2a: Azumarill
|-start|p2a: Azumarill|move: Leech Seed
|move|p2a: Azumarill|Play Rough|p1a: Breloom
|-supereffective|p1a: Breloom
|-damage|p1a: Breloom|0 fnt
|faint|p1a: Breloom
|
|upkeep
|
|t:|1743883605
|switch|p1a: Virizion|Virizion, tera:Rock|54/100 brn
|turn|15
|
|t:|1743883611
|switch|p2a: Blissey|Blissey, F|87/100
|-damage|p2a: Blissey|75/100|[from] Stealth Rock
|move|p1a: Virizion|Giga Drain|p2a: Blissey
|-damage|p2a: Blissey|64/100
|-heal|p1a: Virizion|66/100 brn|[from] drain|[of] p2a: Blissey
|
|-heal|p2a: Blissey|70/100|[from] item: Leftovers
|-damage|p1a: Virizion|59/100 brn|[from] brn
|upkeep
|turn|16
|
|t:|1743883616
|switch|p1a: Decidueye|Decidueye-Hisui, F|100/100
|move|p2a: Blissey|Thunderbolt|p1a: Decidueye
|-resisted|p1a: Decidueye
|-damage|p1a: Decidueye|91/100
|
|-heal|p1a: Decidueye|97/100|[from] item: Leftovers
|-heal|p2a: Blissey|77/100|[from] item: Leftovers
|upkeep
|turn|17
|
|t:|1743883623
|move|p1a: Decidueye|Triple Arrows|p2a: Blissey
|-supereffective|p2a: Blissey
|-damage|p2a: Blissey|0 fnt
|faint|p2a: Blissey
|
|-heal|p1a: Decidueye|100/100|[from] item: Leftovers
|upkeep
|
|t:|1743883628
|switch|p2a: Hatterene|Hatterene, F|100/100
|-damage|p2a: Hatterene|88/100|[from] Stealth Rock
|turn|18
|
|t:|1743883632
|move|p1a: Decidueye|Triple Arrows|p2a: Hatterene
|-resisted|p2a: Hatterene
|-damage|p2a: Hatterene|74/100
|move|p2a: Hatterene|Future Sight|p1a: Decidueye
|-start|p2a: Hatterene|move: Future Sight
|
|-heal|p2a: Hatterene|80/100|[from] item: Leftovers
|upkeep
|turn|19
|
|t:|1743883639
|move|p1a: Decidueye|Sucker Punch|p2a: Hatterene
|-damage|p2a: Hatterene|54/100
|move|p2a: Hatterene|Psychic|p1a: Decidueye
|-supereffective|p1a: Decidueye
|-damage|p1a: Decidueye|0 fnt
|faint|p1a: Decidueye
|
|-heal|p2a: Hatterene|60/100|[from] item: Leftovers
|upkeep
|
|t:|1743883643
|switch|p1a: Virizion|Virizion, tera:Rock|59/100 brn
|turn|20
|
|t:|1743883649
|move|p1a: Virizion|Giga Drain|p2a: Hatterene
|-damage|p2a: Hatterene|27/100
|-heal|p1a: Virizion|76/100 brn|[from] drain|[of] p2a: Hatterene
|move|p2a: Hatterene|Draining Kiss|p1a: Virizion
|-damage|p1a: Virizion|59/100 brn
|-heal|p2a: Hatterene|40/100|[from] drain|[of] p1a: Virizion
|
|-end|p1a: Virizion|move: Future Sight
|-damage|p1a: Virizion|21/100 brn
|-heal|p2a: Hatterene|46/100|[from] item: Leftovers
|-damage|p1a: Virizion|15/100 brn|[from] brn
|upkeep
|turn|21
|
|t:|1743883659
|move|p1a: Virizion|Giga Drain|p2a: Hatterene
|-damage|p2a: Hatterene|16/100
|-heal|p1a: Virizion|30/100 brn|[from] drain|[of] p2a: Hatterene
|move|p2a: Hatterene|Future Sight|p1a: Virizion
|-start|p2a: Hatterene|move: Future Sight
|
|-heal|p2a: Hatterene|22/100|[from] item: Leftovers
|-damage|p1a: Virizion|24/100 brn|[from] brn
|upkeep
|turn|22
|
|t:|1743883663
|move|p1a: Virizion|Giga Drain|p2a: Hatterene
|-damage|p2a: Hatterene|0 fnt
|-heal|p1a: Virizion|34/100 brn|[from] drain|[of] p2a: Hatterene
|faint|p2a: Hatterene
|
|-damage|p1a: Virizion|28/100 brn|[from] brn
|upkeep
|
|t:|1743883667
|switch|p2a: Azumarill|Azumarill, F|100/100
|-damage|p2a: Azumarill|88/100|[from] Stealth Rock
|turn|23
|
|t:|1743883671
|switch|p1a: Chesnaught|Chesnaught, F|96/100
|move|p2a: Azumarill|Aqua Jet|p1a: Chesnaught
|-resisted|p1a: Chesnaught
|-damage|p1a: Chesnaught|89/100
|
|-end|p1a: Chesnaught|move: Future Sight
|-supereffective|p1a: Chesnaught
|-damage|p1a: Chesnaught|0 fnt
|faint|p1a: Chesnaught
|-heal|p2a: Azumarill|94/100|[from] item: Leftovers
|upkeep
|
|t:|1743883674
|switch|p1a: Virizion|Virizion, tera:Rock|28/100 brn
|turn|24
|
|t:|1743883676
|move|p2a: Azumarill|Aqua Jet|p1a: Virizion
|-supereffective|p1a: Virizion
|-damage|p1a: Virizion|0 fnt
|faint|p1a: Virizion
|
|win|edrey4660
|raw|buda88888's rating: 1216 &rarr; <strong>1189</strong><br />(-27 for losing)
|raw|edrey4660's rating: 1193 &rarr; <strong>1220</strong><br />(+27 for winning)
|l|☆edrey4660
|player|p2|
|l|☆buda88888
|player|p1|
