|j|☆Jeffzekilher
|j|☆goobler34
|t:|1743922618
|gametype|singles
|player|p1|Jeffzekilher|ingo|1196
|player|p2|goobler34|petrel|1230
|teamsize|p1|6
|teamsize|p2|6
|gen|9
|tier|[Gen 9] OU
|rated|
|rule|HP Percentage Mod: HP is shown in percentages
|rule|Endless Battle Clause: Forcing endless battles is banned
|rule|Species Clause: Limit one of each Pokémon
|rule|OHKO Clause: OHKO moves are banned
|rule|Evasion Items Clause: Evasion items are banned
|rule|Evasion Moves Clause: Evasion moves are banned
|rule|Sleep Moves Clause: Sleep-inducing moves are banned
|clearpoke
|poke|p1|Ninetales, F|
|poke|p1|Charizard, M|
|poke|p1|Walking Wake|
|poke|p1|Hatterene, F|
|poke|p1|Great Tusk|
|poke|p1|Scizor, F|
|poke|p2|Ninetales, F|
|poke|p2|Garganacl, M|
|poke|p2|Walking Wake|
|poke|p2|Heracross, M|
|poke|p2|Munkidori, M|
|poke|p2|Incineroar, M|
|teampreview
|j| adwakojwad21
|l| adwakojwad21
|
|t:|1743922632
|start
|switch|p1a: Hot water|Walking Wake|100/100
|switch|p2a: Ninetales|Ninetales, F|100/100
|-weather|SunnyDay|[from] ability: Drought|[of] p2a: Ninetales
|-activate|p1a: Hot water|ability: Protosynthesis
|-start|p1a: Hot water|protosynthesisspe
|turn|1
|c|☆goobler34|not cool lol
|
|t:|1743922644
|switch|p2a: Walking Wake|Walking Wake|100/100
|-activate|p2a: Walking Wake|ability: Protosynthesis
|-start|p2a: Walking Wake|protosynthesisspe
|move|p1a: Hot water|Hydro Steam|p2a: Walking Wake
|-resisted|p2a: Walking Wake
|-damage|p2a: Walking Wake|75/100
|
|-weather|SunnyDay|[upkeep]
|upkeep
|turn|2
|
|t:|1743922658
|-end|p1a: Hot water|Protosynthesis|[silent]
|switch|p1a: Hotterene|Hatterene, F|100/100
|move|p2a: Walking Wake|Draco Meteor|p1a: Hotterene
|-immune|p1a: Hotterene
|
|-weather|SunnyDay|[upkeep]
|upkeep
|turn|3
|
|t:|1743922667
|move|p2a: Walking Wake|Hydro Steam|p1a: Hotterene
|-damage|p1a: Hotterene|28/100
|-enditem|p1a: Hotterene|Eject Button
|
|t:|1743922690
|switch|p1a: Hot water|Walking Wake|100/100
|-activate|p1a: Hot water|ability: Protosynthesis
|-start|p1a: Hot water|protosynthesisspe
|
|-weather|SunnyDay|[upkeep]
|upkeep
|turn|4
|
|t:|1743922698
|move|p1a: Hot water|Draco Meteor|p2a: Walking Wake
|-supereffective|p2a: Walking Wake
|-damage|p2a: Walking Wake|0 fnt
|-unboost|p1a: Hot water|spa|2
|faint|p2a: Walking Wake
|-end|p2a: Walking Wake|Protosynthesis|[silent]
|
|-weather|SunnyDay|[upkeep]
|upkeep
|
|t:|1743922710
|switch|p2a: Heracross|Heracross, M|100/100
|turn|5
|
|t:|1743922717
|move|p1a: Hot water|Draco Meteor|p2a: Heracross|[miss]
|-miss|p1a: Hot water|p2a: Heracross
|move|p2a: Heracross|Trailblaze|p1a: Hot water
|-damage|p1a: Hot water|80/100
|-boost|p2a: Heracross|spe|1
|
|-weather|none
|-end|p1a: Hot water|Protosynthesis
|upkeep
|turn|6
|
|t:|1743922726
|move|p2a: Heracross|Megahorn|p1a: Hot water|[miss]
|-miss|p2a: Heracross|p1a: Hot water
|move|p1a: Hot water|Draco Meteor|p2a: Heracross
|-damage|p2a: Heracross|47/100
|-unboost|p1a: Hot water|spa|2
|
|upkeep
|turn|7
|
|t:|1743922758
|-end|p1a: Hot water|Protosynthesis|[silent]
|switch|p1a: On fire|Scizor, F|100/100
|move|p2a: Heracross|Close Combat|p1a: On fire
|-damage|p1a: On fire|24/100
|-unboost|p2a: Heracross|def|1
|-unboost|p2a: Heracross|spd|1
|
|upkeep
|turn|8
|
|t:|1743922789
|switch|p2a: Ninetales|Ninetales, F|100/100
|-weather|SunnyDay|[from] ability: Drought|[of] p2a: Ninetales
|switch|p1a: Hotterene|Hatterene, F|28/100
|
|-weather|SunnyDay|[upkeep]
|upkeep
|turn|9
|
|t:|1743922801
|move|p2a: Ninetales|Weather Ball|p1a: Hotterene
|-damage|p1a: Hotterene|0 fnt
|faint|p1a: Hotterene
|
|-weather|SunnyDay|[upkeep]
|upkeep
|
|t:|1743922811
|switch|p1a: Hot water|Walking Wake|80/100
|-activate|p1a: Hot water|ability: Protosynthesis
|-start|p1a: Hot water|protosynthesisspe
|turn|10
|-message|goobler34 forfeited.
|
|win|Jeffzekilher
|raw|Jeffzekilher's rating: 1196 &rarr; <strong>1223</strong><br />(+27 for winning)
|raw|goobler34's rating: 1230 &rarr; <strong>1203</strong><br />(-27 for losing)
|l|☆goobler34
|player|p2|
|l|☆Jeffzekilher
|player|p1|
