|j|☆GrunkleConn
|j|☆901ttc
|t:|1743800211
|gametype|singles
|player|p1|GrunkleConn|wallace|1445
|player|p2|901ttc|101|1432
|teamsize|p1|6
|teamsize|p2|6
|gen|9
|tier|[Gen 9] OU
|rated|
|rule|HP Percentage Mod: HP is shown in percentages
|rule|Endless Battle Clause: Forcing endless battles is banned
|rule|Species Clause: Limit one of each Pokémon
|rule|OHKO Clause: OHKO moves are banned
|rule|Evasion Items Clause: Evasion items are banned
|rule|Evasion Moves Clause: Evasion moves are banned
|rule|Sleep Moves Clause: Sleep-inducing moves are banned
|clearpoke
|poke|p1|Cinderace, M|
|poke|p1|Dragapult, F|
|poke|p1|Great Tusk|
|poke|p1|Hatterene, F|
|poke|p1|Torkoal, M|
|poke|p1|Walking Wake|
|poke|p2|Walking Wake|
|poke|p2|Meowscarada, M|
|poke|p2|Landorus-Therian, M|
|poke|p2|Hitmontop, M|
|poke|p2|Slowking-Galar, M|
|poke|p2|Cinderace, F|
|teampreview
|
|t:|1743800230
|start
|switch|p1a: Hatterene|Hatterene, F|100/100
|switch|p2a: Walking Wake|Walking Wake|100/100
|turn|1
|
|t:|1743800236
|move|p2a: Walking Wake|Flip Turn|p1a: Hatterene
|-damage|p1a: Hatterene|85/100
|-enditem|p1a: Hatterene|Eject Button
|
|t:|1743800264
|switch|p1a: Dragapult|Dragapult, F|100/100
|
|upkeep
|turn|2
|
|t:|1743800274
|-end|p2a: Walking Wake|Protosynthesis|[silent]
|switch|p2a: Slowking|Slowking-Galar, M|100/100
|move|p1a: Dragapult|Dragon Darts|p2a: Slowking
|-damage|p2a: Slowking|73/100
|-anim|p1a: Dragapult|Dragon Darts|p2a: Slowking
|-damage|p2a: Slowking|45/100
|-damage|p1a: Dragapult|91/100|[from] item: Life Orb
|
|upkeep
|turn|3
|
|t:|1743800281
|switch|p2a: Landorus|Landorus-Therian, M|100/100
|-ability|p2a: Landorus|Intimidate|boost
|-unboost|p1a: Dragapult|atk|1
|move|p1a: Dragapult|Dragon Darts|p2a: Landorus
|-damage|p2a: Landorus|87/100
|-anim|p1a: Dragapult|Dragon Darts|p2a: Landorus
|-damage|p2a: Landorus|75/100
|-damage|p1a: Dragapult|81/100|[from] item: Life Orb
|
|upkeep
|turn|4
|
|t:|1743800291
|switch|p1a: Hatterene|Hatterene, F|85/100
|move|p2a: Landorus|U-turn|p1a: Hatterene
|-damage|p1a: Hatterene|65/100
|
|t:|1743800298
|switch|p2a: Slowking|Slowking-Galar, M|78/100|[from] U-turn
|
|upkeep
|turn|5
|inactive|Battle timer is ON: inactive players will automatically lose when time's up. (requested by 901ttc)
|
|t:|1743800335
|switch|p1a: Torkoal|Torkoal, M|100/100
|-weather|SunnyDay|[from] ability: Drought|[of] p1a: Torkoal
|move|p2a: Slowking|Sludge Bomb|p1a: Torkoal
|-damage|p1a: Torkoal|59/100
|-status|p1a: Torkoal|psn
|
|-weather|SunnyDay|[upkeep]
|-damage|p1a: Torkoal|47/100 psn|[from] psn
|upkeep
|turn|6
|
|t:|1743800349
|move|p1a: Torkoal|Stealth Rock|p2a: Slowking
|-sidestart|p2: 901ttc|move: Stealth Rock
|move|p2a: Slowking|Future Sight|p1a: Torkoal
|-start|p2a: Slowking|move: Future Sight
|
|-weather|SunnyDay|[upkeep]
|-damage|p1a: Torkoal|34/100 psn|[from] psn
|upkeep
|turn|7
|
|t:|1743800357
|switch|p1a: Hatterene|Hatterene, F|65/100
|move|p2a: Slowking|Sludge Bomb|p1a: Hatterene
|-supereffective|p1a: Hatterene
|-crit|p1a: Hatterene
|-damage|p1a: Hatterene|0 fnt
|faint|p1a: Hatterene
|
|-weather|SunnyDay|[upkeep]
|upkeep
|
|t:|1743800360
|switch|p1a: Cinderace|Cinderace, M|100/100
|turn|8
|
|t:|1743800368
|switch|p2a: Landorus|Landorus-Therian, M|75/100
|-damage|p2a: Landorus|62/100|[from] Stealth Rock
|-ability|p2a: Landorus|Intimidate|boost
|-unboost|p1a: Cinderace|atk|1
|move|p1a: Cinderace|Pyro Ball|p2a: Landorus
|-damage|p2a: Landorus|24/100
|-status|p2a: Landorus|brn
|
|-weather|SunnyDay|[upkeep]
|-end|p1a: Cinderace|move: Future Sight
|-damage|p1a: Cinderace|33/100
|-damage|p2a: Landorus|18/100 brn|[from] brn
|upkeep
|turn|9
|inactive|901ttc has 120 seconds left.
|
|t:|1743800406
|switch|p2a: Cinderace|Cinderace, F|100/100
|move|p1a: Cinderace|Pyro Ball|p2a: Cinderace
|-resisted|p2a: Cinderace
|-damage|p2a: Cinderace|64/100
|
|-weather|SunnyDay|[upkeep]
|upkeep
|turn|10
|
|t:|1743800414
|switch|p1a: Great Tusk|Great Tusk|100/100
|-activate|p1a: Great Tusk|ability: Protosynthesis
|-start|p1a: Great Tusk|protosynthesisdef
|move|p2a: Cinderace|Court Change|p2a: Cinderace
|-swapsideconditions
|-activate|p2a: Cinderace|move: Court Change
|
|-weather|SunnyDay|[upkeep]
|upkeep
|turn|11
|inactive|901ttc has 120 seconds left.
|
|t:|1743800436
|switch|p2a: Landorus|Landorus-Therian, M|18/100 brn
|-ability|p2a: Landorus|Intimidate|boost
|-unboost|p1a: Great Tusk|atk|1
|-enditem|p1a: Great Tusk|Eject Pack
|
|t:|1743800453
|-end|p1a: Great Tusk|Protosynthesis|[silent]
|switch|p1a: Walking Wake|Walking Wake|100/100
|-damage|p1a: Walking Wake|88/100|[from] Stealth Rock
|-activate|p1a: Walking Wake|ability: Protosynthesis
|-start|p1a: Walking Wake|protosynthesisspe
|
|-weather|SunnyDay|[upkeep]
|-damage|p2a: Landorus|11/100 brn|[from] brn
|upkeep
|turn|12
|
|t:|1743800458
|switch|p2a: Slowking|Slowking-Galar, M|100/100
|move|p1a: Walking Wake|Substitute|p1a: Walking Wake
|-start|p1a: Walking Wake|Substitute
|-damage|p1a: Walking Wake|63/100
|
|-weather|none
|-end|p1a: Walking Wake|Protosynthesis
|upkeep
|turn|13
|
|t:|1743800463
|move|p1a: Walking Wake|Hydro Steam|p2a: Slowking
|-damage|p2a: Slowking|71/100
|move|p2a: Slowking|Future Sight|p1a: Walking Wake
|-start|p2a: Slowking|move: Future Sight
|
|upkeep
|turn|14
|
|t:|1743800465
|move|p1a: Walking Wake|Hydro Steam|p2a: Slowking
|-damage|p2a: Slowking|41/100
|move|p2a: Slowking|Sludge Bomb|p1a: Walking Wake
|-end|p1a: Walking Wake|Substitute
|
|upkeep
|turn|15
|
|t:|1743800477
|-end|p1a: Walking Wake|Protosynthesis|[silent]
|switch|p1a: Torkoal|Torkoal, M|34/100 psn
|-damage|p1a: Torkoal|9/100 psn|[from] Stealth Rock
|-weather|SunnyDay|[from] ability: Drought|[of] p1a: Torkoal
|move|p2a: Slowking|Sludge Bomb|p1a: Torkoal
|-damage|p1a: Torkoal|0 fnt
|faint|p1a: Torkoal
|
|-weather|SunnyDay|[upkeep]
|-hint|Future Sight did not hit because the target is fainted.
|upkeep
|
|t:|1743800486
|switch|p1a: Cinderace|Cinderace, M|33/100
|-damage|p1a: Cinderace|8/100|[from] Stealth Rock
|turn|16
|
|t:|1743800498
|move|p1a: Cinderace|Pyro Ball|p2a: Slowking
|-damage|p2a: Slowking|0 fnt
|faint|p2a: Slowking
|
|-weather|SunnyDay|[upkeep]
|upkeep
|
|t:|1743800513
|switch|p2a: Hitmontop|Hitmontop, M|100/100
|turn|17
|
|t:|1743800516
|move|p2a: Hitmontop|Bullet Punch|p1a: Cinderace
|-resisted|p1a: Cinderace
|-damage|p1a: Cinderace|0 fnt
|faint|p1a: Cinderace
|
|-weather|SunnyDay|[upkeep]
|upkeep
|
|t:|1743800524
|switch|p1a: Great Tusk|Great Tusk|100/100
|-damage|p1a: Great Tusk|98/100|[from] Stealth Rock
|-activate|p1a: Great Tusk|ability: Protosynthesis
|-start|p1a: Great Tusk|protosynthesisdef
|turn|18
|
|t:|1743800535
|switch|p2a: Landorus|Landorus-Therian, M|11/100 brn
|-ability|p2a: Landorus|Intimidate|boost
|-unboost|p1a: Great Tusk|atk|1
|move|p1a: Great Tusk|Rapid Spin|p2a: Landorus
|-damage|p2a: Landorus|3/100 brn
|-boost|p1a: Great Tusk|spe|1
|-damage|p1a: Great Tusk|81/100|[from] item: Rocky Helmet|[of] p2a: Landorus
|-sideend|p1: GrunkleConn|Stealth Rock|[from] move: Rapid Spin|[of] p1a: Great Tusk
|
|-weather|SunnyDay|[upkeep]
|-damage|p2a: Landorus|0 fnt|[from] brn
|faint|p2a: Landorus
|upkeep
|j| Justice For Moon
|inactive|901ttc has 120 seconds left.
|
|t:|1743800563
|switch|p2a: Meowscarada|Meowscarada, M, shiny|100/100
|turn|19
|
|t:|1743800578
|-terastallize|p1a: Great Tusk|Fire
|move|p2a: Meowscarada|Flower Trick|p1a: Great Tusk
|-start|p2a: Meowscarada|typechange|Grass|[from] ability: Protean
|-resisted|p1a: Great Tusk
|-crit|p1a: Great Tusk
|-damage|p1a: Great Tusk|69/100
|move|p1a: Great Tusk|Temper Flare|p2a: Meowscarada
|-supereffective|p2a: Meowscarada
|-damage|p2a: Meowscarada|0 fnt
|faint|p2a: Meowscarada
|
|-weather|SunnyDay|[upkeep]
|upkeep
|l| Justice For Moon
|inactive|901ttc has 120 seconds left.
|
|t:|1743800600
|switch|p2a: Hitmontop|Hitmontop, M|100/100
|turn|20
|
|t:|1743800621
|move|p1a: Great Tusk|Rapid Spin|p2a: Hitmontop
|-damage|p2a: Hitmontop|84/100
|-boost|p1a: Great Tusk|spe|1
|move|p2a: Hitmontop|Close Combat|p1a: Great Tusk
|-damage|p1a: Great Tusk|40/100
|-unboost|p2a: Hitmontop|def|1
|-unboost|p2a: Hitmontop|spd|1
|
|-weather|SunnyDay|[upkeep]
|upkeep
|turn|21
|inactive|901ttc has 90 seconds left.
|
|t:|1743800647
|switch|p2a: Cinderace|Cinderace, F|64/100
|move|p1a: Great Tusk|Temper Flare|p2a: Cinderace
|-resisted|p2a: Cinderace
|-damage|p2a: Cinderace|40/100
|
|-weather|SunnyDay|[upkeep]
|upkeep
|turn|22
|inactive|901ttc has 90 seconds left.
|
|t:|1743800667
|move|p1a: Great Tusk|Headlong Rush|p2a: Cinderace
|-supereffective|p2a: Cinderace
|-damage|p2a: Cinderace|0 fnt
|-unboost|p1a: Great Tusk|def|1
|-unboost|p1a: Great Tusk|spd|1
|faint|p2a: Cinderace
|
|-weather|none
|-end|p1a: Great Tusk|Protosynthesis
|upkeep
|
|t:|1743800676
|switch|p2a: Hitmontop|Hitmontop, M|84/100
|turn|23
|
|t:|1743800689
|move|p1a: Great Tusk|Headlong Rush|p2a: Hitmontop
|-damage|p2a: Hitmontop|20/100
|-unboost|p1a: Great Tusk|def|1
|-unboost|p1a: Great Tusk|spd|1
|move|p2a: Hitmontop|Close Combat|p1a: Great Tusk
|-damage|p1a: Great Tusk|0 fnt
|-unboost|p2a: Hitmontop|def|1
|-unboost|p2a: Hitmontop|spd|1
|faint|p1a: Great Tusk
|-end|p1a: Great Tusk|Protosynthesis|[silent]
|
|upkeep
|
|t:|1743800696
|switch|p1a: Dragapult|Dragapult, F|81/100
|turn|24
|inactive|901ttc has 90 seconds left.
|
|t:|1743800721
|move|p1a: Dragapult|Will-O-Wisp|p2a: Hitmontop
|-status|p2a: Hitmontop|brn
|move|p2a: Hitmontop|Triple Axel|p1a: Dragapult
|-supereffective|p1a: Dragapult
|-damage|p1a: Dragapult|65/100
|-supereffective|p1a: Dragapult
|-damage|p1a: Dragapult|36/100
|-supereffective|p1a: Dragapult
|-damage|p1a: Dragapult|0 fnt
|faint|p1a: Dragapult
|-hitcount|p1: Dragapult|3
|
|-damage|p2a: Hitmontop|14/100 brn|[from] brn
|upkeep
|
|t:|1743800724
|switch|p1a: Walking Wake|Walking Wake|63/100
|turn|25
|
|t:|1743800741
|move|p2a: Hitmontop|Bullet Punch|p1a: Walking Wake
|-resisted|p1a: Walking Wake
|-damage|p1a: Walking Wake|58/100
|move|p1a: Walking Wake|Substitute|p1a: Walking Wake
|-start|p1a: Walking Wake|Substitute
|-damage|p1a: Walking Wake|34/100
|
|-damage|p2a: Hitmontop|8/100 brn|[from] brn
|upkeep
|turn|26
|
|t:|1743800745
|move|p1a: Walking Wake|Hydro Steam|p2a: Hitmontop
|-damage|p2a: Hitmontop|0 fnt
|faint|p2a: Hitmontop
|
|upkeep
|
|t:|1743800747
|switch|p2a: Walking Wake|Walking Wake|100/100
|turn|27
|inactive|901ttc has 90 seconds left.
|
|t:|1743800759
|-terastallize|p2a: Walking Wake|Water
|move|p1a: Walking Wake|Draco Meteor|p2a: Walking Wake
|-damage|p2a: Walking Wake|27/100
|-unboost|p1a: Walking Wake|spa|2
|move|p2a: Walking Wake|Hydro Pump|p1a: Walking Wake
|-resisted|p1a: Walking Wake
|-end|p1a: Walking Wake|Substitute
|
|upkeep
|turn|28
|
|t:|1743800766
|move|p2a: Walking Wake|Hydro Pump|p1a: Walking Wake
|-resisted|p1a: Walking Wake
|-damage|p1a: Walking Wake|2/100
|move|p1a: Walking Wake|Draco Meteor|p2a: Walking Wake
|-damage|p2a: Walking Wake|0 fnt
|-unboost|p1a: Walking Wake|spa|2
|faint|p2a: Walking Wake
|-end|p2a: Walking Wake|Protosynthesis|[silent]
|
|win|GrunkleConn
|raw|GrunkleConn's rating: 1445 &rarr; <strong>1464</strong><br />(+19 for winning)
|raw|901ttc's rating: 1432 &rarr; <strong>1413</strong><br />(-19 for losing)
|l|☆901ttc
|player|p2|
|c|☆GrunkleConn|Gg
