|j|☆SpartanJohan343
|j|☆dadofyourbro
|t:|1743869704
|gametype|singles
|player|p1|SpartanJohan343|170|1109
|player|p2|dadofyourbro|biker|1095
|teamsize|p1|6
|teamsize|p2|6
|gen|9
|tier|[Gen 9] OU
|rated|
|rule|HP Percentage Mod: HP is shown in percentages
|rule|Endless Battle Clause: Forcing endless battles is banned
|rule|Species Clause: Limit one of each Pokémon
|rule|OHKO Clause: OHKO moves are banned
|rule|Evasion Items Clause: Evasion items are banned
|rule|Evasion Moves Clause: Evasion moves are banned
|rule|Sleep Moves Clause: Sleep-inducing moves are banned
|clearpoke
|poke|p1|Jolteon, F|
|poke|p1|Overqwil, M|
|poke|p1|Hatterene, F|
|poke|p1|Altaria, M|
|poke|p1|Ninetales-Alola, M|
|poke|p1|Ceruledge, F|
|poke|p2|Gliscor, F|
|poke|p2|Great Tusk|
|poke|p2|Dondozo, F|
|poke|p2|Gholdengo|
|poke|p2|Dragapult, M|
|poke|p2|Charizard, F|
|teampreview
|inactive|Battle timer is ON: inactive players will automatically lose when time's up. (requested by SpartanJohan343)
|
|t:|1743869725
|start
|switch|p1a: Overqwil|Overqwil, M|100/100
|switch|p2a: Dragapult|Dragapult, M|100/100
|-ability|p1a: Overqwil|Intimidate|boost
|-unboost|p2a: Dragapult|atk|1
|turn|1
|
|t:|1743869745
|move|p2a: Dragapult|Draco Meteor|p1a: Overqwil
|-damage|p1a: Overqwil|31/100
|-unboost|p2a: Dragapult|spa|2
|move|p1a: Overqwil|Toxic Spikes|p2a: Dragapult
|-sidestart|p2: dadofyourbro|move: Toxic Spikes
|
|upkeep
|turn|2
|
|t:|1743869759
|switch|p1a: Ninetales|Ninetales-Alola, M|100/100
|-weather|Snowscape|[from] ability: Snow Warning|[of] p1a: Ninetales
|move|p2a: Dragapult|Flamethrower|p1a: Ninetales
|-supereffective|p1a: Ninetales
|-damage|p1a: Ninetales|68/100
|
|-weather|Snowscape|[upkeep]
|upkeep
|turn|3
|
|t:|1743869770
|move|p2a: Dragapult|Flamethrower|p1a: Ninetales
|-supereffective|p1a: Ninetales
|-crit|p1a: Ninetales
|-damage|p1a: Ninetales|0 fnt
|faint|p1a: Ninetales
|
|-weather|Snowscape|[upkeep]
|upkeep
|
|t:|1743869776
|switch|p1a: Hatterene|Hatterene, F|100/100
|turn|4
|
|t:|1743869791
|move|p2a: Dragapult|U-turn|p1a: Hatterene
|-damage|p1a: Hatterene|87/100
|
|t:|1743869799
|switch|p2a: Gholdengo|Gholdengo|100/100|[from] U-turn
|-item|p2a: Gholdengo|Air Balloon
|move|p1a: Hatterene|Trick Room|p1a: Hatterene
|-fieldstart|move: Trick Room|[of] p1a: Hatterene
|
|-weather|Snowscape|[upkeep]
|upkeep
|turn|5
|
|t:|1743869811
|switch|p1a: Ceruledge|Ceruledge, F|100/100
|move|p2a: Gholdengo|Shadow Ball|p1a: Ceruledge
|-supereffective|p1a: Ceruledge
|-damage|p1a: Ceruledge|9/100
|
|-weather|Snowscape|[upkeep]
|upkeep
|turn|6
|
|t:|1743869834
|move|p1a: Ceruledge|Shadow Sneak|p2a: Gholdengo
|-supereffective|p2a: Gholdengo
|-damage|p2a: Gholdengo|31/100
|-enditem|p2a: Gholdengo|Air Balloon
|-damage|p1a: Ceruledge|0 fnt|[from] item: Life Orb
|faint|p1a: Ceruledge
|move|p2a: Gholdengo|Shadow Ball|p1: Ceruledge|[notarget]
|-fail|p2a: Gholdengo
|
|-weather|Snowscape|[upkeep]
|upkeep
|
|t:|1743869846
|switch|p1a: Hatterene|Hatterene, F|87/100
|turn|7
|
|t:|1743869856
|move|p1a: Hatterene|Dazzling Gleam|p2a: Gholdengo
|-resisted|p2a: Gholdengo
|-damage|p2a: Gholdengo|0 fnt
|faint|p2a: Gholdengo
|
|-weather|Snowscape|[upkeep]
|upkeep
|
|t:|1743869866
|switch|p2a: Gliscor|Gliscor, F|100/100
|turn|8
|
|t:|1743869878
|switch|p1a: Overqwil|Overqwil, M|31/100
|-ability|p1a: Overqwil|Intimidate|boost
|-unboost|p2a: Gliscor|atk|1
|move|p2a: Gliscor|Toxic|p1a: Overqwil
|-immune|p1a: Overqwil
|
|-weather|Snowscape|[upkeep]
|-fieldend|move: Trick Room
|-status|p2a: Gliscor|tox|[from] item: Toxic Orb
|upkeep
|turn|9
|
|t:|1743869894
|move|p2a: Gliscor|X-Scissor|p1a: Overqwil
|-damage|p1a: Overqwil|16/100
|move|p1a: Overqwil|Taunt|p2a: Gliscor
|-start|p2a: Gliscor|move: Taunt
|
|-weather|none
|upkeep
|turn|10
|
|t:|1743869910
|switch|p1a: Altaria|Altaria, M|100/100
|-ability|p1a: Altaria|Cloud Nine
|move|p2a: Gliscor|X-Scissor|p1a: Altaria
|-resisted|p1a: Altaria
|-damage|p1a: Altaria|91/100
|
|upkeep
|turn|11
|
|t:|1743869920
|switch|p2a: Dragapult|Dragapult, M|100/100
|-status|p2a: Dragapult|psn
|move|p1a: Altaria|Dragon Dance|p1a: Altaria
|-boost|p1a: Altaria|atk|1
|-boost|p1a: Altaria|spe|1
|
|-damage|p2a: Dragapult|88/100 psn|[from] psn
|upkeep
|turn|12
|
|t:|1743869945
|-terastallize|p1a: Altaria|Fire
|move|p2a: Dragapult|Thunderbolt|p1a: Altaria
|-damage|p1a: Altaria|59/100
|move|p1a: Altaria|Dragon Claw|p2a: Dragapult
|-supereffective|p2a: Dragapult
|-damage|p2a: Dragapult|0 fnt
|-damage|p1a: Altaria|42/100|[from] item: Rocky Helmet|[of] p2a: Dragapult
|faint|p2a: Dragapult
|
|upkeep
|
|t:|1743869956
|switch|p2a: Gliscor|Gliscor, F|100/100 tox
|turn|13
|
|t:|1743869961
|move|p1a: Altaria|Dual Wingbeat|p2a: Gliscor
|-damage|p2a: Gliscor|79/100 tox
|-damage|p2a: Gliscor|56/100 tox
|-hitcount|p2a: Gliscor|2
|move|p2a: Gliscor|Earthquake|p1a: Altaria
|-supereffective|p1a: Altaria
|-damage|p1a: Altaria|0 fnt
|faint|p1a: Altaria
|
|-heal|p2a: Gliscor|69/100 tox|[from] ability: Poison Heal
|upkeep
|
|t:|1743869978
|switch|p1a: Hatterene|Hatterene, F|87/100
|turn|14
|
|t:|1743869986
|move|p2a: Gliscor|X-Scissor|p1a: Hatterene
|-damage|p1a: Hatterene|61/100
|move|p1a: Hatterene|Calm Mind|p1a: Hatterene
|-boost|p1a: Hatterene|spa|1
|-boost|p1a: Hatterene|spd|1
|
|-heal|p2a: Gliscor|81/100 tox|[from] ability: Poison Heal
|upkeep
|turn|15
|
|t:|1743870003
|move|p2a: Gliscor|Toxic|p1a: Hatterene
|move|p1a: Hatterene|Toxic|p2a: Gliscor|[from] ability: Magic Bounce
|-fail|p2a: Gliscor|tox
|move|p1a: Hatterene|Draining Kiss|p2a: Gliscor
|-damage|p2a: Gliscor|9/100 tox
|-heal|p1a: Hatterene|100/100|[from] drain|[of] p2a: Gliscor
|
|-heal|p2a: Gliscor|21/100 tox|[from] ability: Poison Heal
|upkeep
|turn|16
|
|t:|1743870017
|move|p2a: Gliscor|Earthquake|p1a: Hatterene
|-damage|p1a: Hatterene|51/100
|move|p1a: Hatterene|Calm Mind|p1a: Hatterene
|-boost|p1a: Hatterene|spa|1
|-boost|p1a: Hatterene|spd|1
|
|-heal|p2a: Gliscor|34/100 tox|[from] ability: Poison Heal
|upkeep
|turn|17
|
|t:|1743870027
|move|p2a: Gliscor|Earthquake|p1a: Hatterene
|-damage|p1a: Hatterene|5/100
|move|p1a: Hatterene|Draining Kiss|p2a: Gliscor
|-damage|p2a: Gliscor|0 fnt
|-heal|p1a: Hatterene|28/100|[from] drain|[of] p2a: Gliscor
|faint|p2a: Gliscor
|
|upkeep
|
|t:|1743870037
|switch|p2a: Dondozo|Dondozo, F|100/100
|-status|p2a: Dondozo|psn
|turn|18
|
|t:|1743870044
|move|p2a: Dondozo|Earthquake|p1a: Hatterene
|-damage|p1a: Hatterene|0 fnt
|faint|p1a: Hatterene
|
|-damage|p2a: Dondozo|88/100 psn|[from] psn
|upkeep
|
|t:|1743870048
|switch|p1a: Jolteon|Jolteon, F|100/100
|turn|19
|
|t:|1743870061
|move|p1a: Jolteon|Thunderbolt|p2a: Dondozo
|-supereffective|p2a: Dondozo
|-damage|p2a: Dondozo|14/100 psn
|-damage|p1a: Jolteon|91/100|[from] item: Life Orb
|move|p2a: Dondozo|Earthquake|p1a: Jolteon
|-supereffective|p1a: Jolteon
|-damage|p1a: Jolteon|3/100
|
|-heal|p2a: Dondozo|20/100 psn|[from] item: Leftovers
|-damage|p2a: Dondozo|7/100 psn|[from] psn
|upkeep
|turn|20
|
|t:|1743870073
|move|p2a: Dondozo|Protect|p2a: Dondozo
|-singleturn|p2a: Dondozo|Protect
|move|p1a: Jolteon|Volt Switch|p2a: Dondozo
|-activate|p2a: Dondozo|move: Protect
|
|-heal|p2a: Dondozo|14/100 psn|[from] item: Leftovers
|-damage|p2a: Dondozo|1/100 psn|[from] psn
|upkeep
|turn|21
|
|t:|1743870085
|move|p1a: Jolteon|Volt Switch|p2a: Dondozo
|-supereffective|p2a: Dondozo
|-damage|p2a: Dondozo|0 fnt
|faint|p2a: Dondozo
|-damage|p1a: Jolteon|0 fnt|[from] item: Life Orb
|faint|p1a: Jolteon
|
|upkeep
|-message|SpartanJohan343 forfeited.
|
|win|dadofyourbro
|raw|SpartanJohan343's rating: 1109 &rarr; <strong>1083</strong><br />(-26 for losing)
|raw|dadofyourbro's rating: 1095 &rarr; <strong>1122</strong><br />(+27 for winning)
|l|☆SpartanJohan343
|player|p1|
|l|☆dadofyourbro
|player|p2|
