|j|☆Meyton Panning
|j|☆918kw
|t:|1743827627
|gametype|singles
|player|p1|Meyton Panning|1|1133
|player|p2|918kw|lucas|1189
|teamsize|p1|6
|teamsize|p2|6
|gen|9
|tier|[Gen 9] OU
|rated|
|rule|HP Percentage Mod: HP is shown in percentages
|rule|Endless Battle Clause: Forcing endless battles is banned
|rule|Species Clause: Limit one of each Pokémon
|rule|OHKO Clause: OHKO moves are banned
|rule|Evasion Items Clause: Evasion items are banned
|rule|Evasion Moves Clause: Evasion moves are banned
|rule|Sleep Moves Clause: Sleep-inducing moves are banned
|clearpoke
|poke|p1|Gholdengo|
|poke|p1|Hydreigon, F|
|poke|p1|Ogerpon-Wellspring, F|
|poke|p1|Moltres|
|poke|p1|Great Tusk|
|poke|p1|Landorus-Therian, M|
|poke|p2|Kleavor, M|
|poke|p2|Sandy Shocks|
|poke|p2|Heatran, F|
|poke|p2|Metagross|
|poke|p2|Iron Thorns|
|poke|p2|Thundurus-Therian, M|
|teampreview
|inactive|Battle timer is ON: inactive players will automatically lose when time's up. (requested by 918kw)
|inactive|Meyton Panning has 120 seconds left.
|
|t:|1743827672
|start
|switch|p1a: Ogerpon|Ogerpon-Wellspring, F|100/100
|switch|p2a: Thundurus|Thundurus-Therian, M|100/100
|turn|1
|j| heartbleeeeding
|inactive|918kw has 120 seconds left.
|
|t:|1743827710
|move|p1a: Ogerpon|U-turn|p2a: Thundurus
|-resisted|p2a: Thundurus
|-damage|p2a: Thundurus|79/100
|l| heartbleeeeding
|
|t:|1743827714
|switch|p1a: Great Tusk|Great Tusk|100/100|[from] U-turn
|move|p2a: Thundurus|Agility|p2a: Thundurus
|-boost|p2a: Thundurus|spe|2
|
|upkeep
|turn|2
|
|t:|1743827721
|move|p2a: Thundurus|Grass Knot|p1a: Great Tusk
|-supereffective|p1a: Great Tusk
|-damage|p1a: Great Tusk|0 fnt
|faint|p1a: Great Tusk
|-end|p1a: Great Tusk|Protosynthesis|[silent]
|
|upkeep
|
|t:|1743827726
|switch|p1a: Gholdengo|Gholdengo|100/100
|turn|3
|
|t:|1743827738
|move|p2a: Thundurus|Thunderbolt|p1a: Gholdengo
|-damage|p1a: Gholdengo|40/100
|move|p1a: Gholdengo|Shadow Ball|p2a: Thundurus
|-damage|p2a: Thundurus|25/100
|-unboost|p2a: Thundurus|spd|1
|
|upkeep
|turn|4
|
|t:|1743827750
|move|p2a: Thundurus|Thunderbolt|p1a: Gholdengo
|-damage|p1a: Gholdengo|0 fnt
|faint|p1a: Gholdengo
|
|upkeep
|
|t:|1743827753
|switch|p1a: Hydreigon|Hydreigon, F|100/100
|turn|5
|
|t:|1743827760
|move|p2a: Thundurus|Sludge Wave|p1a: Hydreigon
|-damage|p1a: Hydreigon|57/100
|move|p1a: Hydreigon|Dark Pulse|p2a: Thundurus
|-damage|p2a: Thundurus|0 fnt
|faint|p2a: Thundurus
|
|upkeep
|
|t:|1743827765
|switch|p2a: Kleavor|Kleavor, M|100/100
|turn|6
|
|t:|1743827781
|-terastallize|p1a: Hydreigon|Dark
|move|p2a: Kleavor|Stone Axe|p1a: Hydreigon
|-damage|p1a: Hydreigon|0 fnt
|-sidestart|p1: Meyton Panning|move: Stealth Rock
|faint|p1a: Hydreigon
|
|upkeep
|
|t:|1743827789
|switch|p1a: Landorus|Landorus-Therian, M|100/100
|-damage|p1a: Landorus|88/100|[from] Stealth Rock
|-ability|p1a: Landorus|Intimidate|boost
|-unboost|p2a: Kleavor|atk|1
|turn|7
|
|t:|1743827797
|switch|p2a: Sandy Shocks|Sandy Shocks|100/100
|move|p1a: Landorus|Swords Dance|p1a: Landorus
|-boost|p1a: Landorus|atk|2
|
|-heal|p1a: Landorus|94/100|[from] item: Leftovers
|upkeep
|turn|8
|inactive|Meyton Panning has 120 seconds left.
|
|t:|1743827827
|-terastallize|p2a: Sandy Shocks|Flying
|move|p2a: Sandy Shocks|Tera Blast|p1a: Landorus|[anim] Tera Blast Flying
|-damage|p1a: Landorus|35/100
|move|p1a: Landorus|Earthquake|p2a: Sandy Shocks
|-immune|p2a: Sandy Shocks
|
|-heal|p1a: Landorus|41/100|[from] item: Leftovers
|upkeep
|turn|9
|-message|Meyton Panning forfeited.
|
|win|918kw
|raw|Meyton Panning's rating: 1123 &rarr; <strong>1101</strong><br />(-22 for losing)
|raw|918kw's rating: 1164 &rarr; <strong>1186</strong><br />(+22 for winning)
|l|☆Meyton Panning
|player|p1|
|l|☆918kw
|player|p2|
