|j|☆bigz42069
|j|☆heatmeatladderin
|t:|1743899212
|gametype|singles
|player|p1|bigz42069|blackbelt-gen4dp|1410
|player|p2|heatmeatladderin|firebreather|1356
|teamsize|p1|6
|teamsize|p2|6
|gen|9
|tier|[Gen 9] OU
|rated|
|rule|HP Percentage Mod: HP is shown in percentages
|rule|Endless Battle Clause: Forcing endless battles is banned
|rule|Species Clause: Limit one of each Pokémon
|rule|OHKO Clause: OHKO moves are banned
|rule|Evasion Items Clause: Evasion items are banned
|rule|Evasion Moves Clause: Evasion moves are banned
|rule|Sleep Moves Clause: Sleep-inducing moves are banned
|clearpoke
|poke|p1|Garganacl, F|
|poke|p1|Tyranitar, M|
|poke|p1|Excadrill, F|
|poke|p1|Dragapult, M|
|poke|p1|Rotom-Wash|
|poke|p1|Gholdengo|
|poke|p2|Lilligant-Hisui, F|
|poke|p2|Araquanid, F|
|poke|p2|Samurott-Hisui, M|
|poke|p2|Iron Treads|
|poke|p2|Necrozma|
|poke|p2|Ceruledge, F|
|teampreview
|
|t:|1743899223
|start
|switch|p1a: Gholdengo|Gholdengo|100/100
|switch|p2a: Lilligant|Lilligant-Hisui, F|100/100
|turn|1
|
|t:|1743899231
|switch|p2a: Iron Treads|Iron Treads|100/100
|-enditem|p2a: Iron Treads|Booster Energy
|-activate|p2a: Iron Treads|ability: Quark Drive|[fromitem]
|-start|p2a: Iron Treads|quarkdrivespe
|move|p1a: Gholdengo|Make It Rain|p2a: Iron Treads
|-resisted|p2a: Iron Treads
|-damage|p2a: Iron Treads|34/100
|-unboost|p1a: Gholdengo|spa|1
|
|upkeep
|turn|2
|
|t:|1743899243
|switch|p1a: Rotom|Rotom-Wash|100/100
|move|p2a: Iron Treads|Knock Off|p1a: Rotom
|-damage|p1a: Rotom|77/100
|-damage|p2a: Iron Treads|18/100|[from] item: Rocky Helmet|[of] p1a: Rotom
|-enditem|p1a: Rotom|Rocky Helmet|[from] move: Knock Off|[of] p2a: Iron Treads
|
|upkeep
|turn|3
|
|t:|1743899255
|-end|p2a: Iron Treads|Quark Drive|[silent]
|switch|p2a: Araquanid|Araquanid, F|100/100
|move|p1a: Rotom|Will-O-Wisp|p2a: Araquanid
|-immune|p2a: Araquanid|[from] ability: Water Bubble
|
|upkeep
|turn|4
|
|t:|1743899261
|move|p1a: Rotom|Volt Switch|p2a: Araquanid
|-supereffective|p2a: Araquanid
|-damage|p2a: Araquanid|66/100
|
|t:|1743899264
|switch|p1a: Gholdengo|Gholdengo|100/100|[from] Volt Switch
|move|p2a: Araquanid|Sticky Web|p1a: Gholdengo
|-sidestart|p1: bigz42069|move: Sticky Web
|
|upkeep
|turn|5
|
|t:|1743899270
|move|p1a: Gholdengo|Make It Rain|p2a: Araquanid
|-resisted|p2a: Araquanid
|-damage|p2a: Araquanid|33/100
|-unboost|p1a: Gholdengo|spa|1
|move|p2a: Araquanid|Surf|p1a: Gholdengo
|-damage|p1a: Gholdengo|56/100
|
|upkeep
|turn|6
|
|t:|1743899284
|switch|p1a: Dragapult|Dragapult, M|100/100
|move|p2a: Araquanid|Surf|p1a: Dragapult
|-resisted|p1a: Dragapult
|-crit|p1a: Dragapult
|-damage|p1a: Dragapult|51/100
|
|upkeep
|turn|7
|
|t:|1743899294
|move|p1a: Dragapult|Dragon Darts|p2a: Araquanid
|-damage|p2a: Araquanid|9/100
|-anim|p1a: Dragapult|Dragon Darts|p2a: Araquanid
|-damage|p2a: Araquanid|0 fnt
|faint|p2a: Araquanid
|
|upkeep
|
|t:|1743899300
|switch|p2a: Samurott|Samurott-Hisui, M|100/100
|turn|8
|
|t:|1743899308
|move|p1a: Dragapult|U-turn|p2a: Samurott
|-supereffective|p2a: Samurott
|-crit|p2a: Samurott
|-damage|p2a: Samurott|20/100
|
|t:|1743899312
|switch|p1a: Rotom|Rotom-Wash|77/100|[from] U-turn
|move|p2a: Samurott|Ceaseless Edge|p1a: Rotom
|-damage|p1a: Rotom|27/100
|-sidestart|p1: bigz42069|Spikes
|
|upkeep
|turn|9
|
|t:|1743899327
|switch|p1a: Tyranitar|Tyranitar, M, shiny|100/100
|-activate|p1a: Tyranitar|move: Sticky Web
|-unboost|p1a: Tyranitar|spe|1
|-damage|p1a: Tyranitar|88/100|[from] Spikes
|-weather|Sandstorm|[from] ability: Sand Stream|[of] p1a: Tyranitar
|move|p2a: Samurott|Ceaseless Edge|p1a: Tyranitar
|-resisted|p1a: Tyranitar
|-damage|p1a: Tyranitar|63/100
|-sidestart|p1: bigz42069|Spikes
|
|-weather|Sandstorm|[upkeep]
|-damage|p2a: Samurott|14/100|[from] Sandstorm
|-heal|p1a: Tyranitar|69/100|[from] item: Leftovers
|upkeep
|turn|10
|
|t:|1743899338
|move|p2a: Samurott|Aqua Cutter|p1a: Tyranitar
|-supereffective|p1a: Tyranitar
|-damage|p1a: Tyranitar|0 fnt
|faint|p1a: Tyranitar
|
|-weather|Sandstorm|[upkeep]
|-damage|p2a: Samurott|8/100|[from] Sandstorm
|upkeep
|
|t:|1743899342
|switch|p1a: Excadrill|Excadrill, F|100/100
|-item|p1a: Excadrill|Air Balloon
|turn|11
|
|t:|1743899361
|-terastallize|p2a: Samurott|Ghost
|move|p1a: Excadrill|Earthquake|p2a: Samurott
|-damage|p2a: Samurott|0 fnt
|faint|p2a: Samurott
|
|-weather|Sandstorm|[upkeep]
|upkeep
|
|t:|1743899367
|switch|p2a: Ceruledge|Ceruledge, F|100/100
|turn|12
|
|t:|1743899372
|move|p1a: Excadrill|Earthquake|p2a: Ceruledge
|-supereffective|p2a: Ceruledge
|-enditem|p2a: Ceruledge|Focus Sash
|-damage|p2a: Ceruledge|1/100
|-ability|p2a: Ceruledge|Weak Armor|boost
|-unboost|p2a: Ceruledge|def|1
|-boost|p2a: Ceruledge|spe|2
|move|p2a: Ceruledge|Bitter Blade|p1a: Excadrill
|-supereffective|p1a: Excadrill
|-damage|p1a: Excadrill|0 fnt
|-heal|p2a: Ceruledge|63/100|[from] drain|[of] p1a: Excadrill
|-enditem|p1a: Excadrill|Air Balloon
|faint|p1a: Excadrill
|
|-weather|Sandstorm|[upkeep]
|-damage|p2a: Ceruledge|57/100|[from] Sandstorm
|upkeep
|
|t:|1743899387
|switch|p1a: Garganacl|Garganacl, F|100/100
|-activate|p1a: Garganacl|move: Sticky Web
|-unboost|p1a: Garganacl|spe|1
|-damage|p1a: Garganacl|84/100|[from] Spikes
|turn|13
|
|t:|1743899396
|switch|p2a: Lilligant|Lilligant-Hisui, F|100/100
|move|p1a: Garganacl|Salt Cure|p2a: Lilligant
|-resisted|p2a: Lilligant
|-damage|p2a: Lilligant|89/100
|-start|p2a: Lilligant|Salt Cure
|
|-weather|none
|-heal|p1a: Garganacl|90/100|[from] item: Leftovers
|-damage|p2a: Lilligant|77/100|[from] Salt Cure
|upkeep
|turn|14
|
|t:|1743899412
|-terastallize|p1a: Garganacl|Fairy
|move|p2a: Lilligant|Close Combat|p1a: Garganacl
|-resisted|p1a: Garganacl
|-damage|p1a: Garganacl|68/100
|-unboost|p2a: Lilligant|def|1
|-unboost|p2a: Lilligant|spd|1
|move|p1a: Garganacl|Curse|p1a: Garganacl
|-unboost|p1a: Garganacl|spe|1
|-boost|p1a: Garganacl|atk|1
|-boost|p1a: Garganacl|def|1
|
|-heal|p1a: Garganacl|74/100|[from] item: Leftovers
|-damage|p2a: Lilligant|65/100|[from] Salt Cure
|upkeep
|turn|15
|
|t:|1743899432
|switch|p2a: Ceruledge|Ceruledge, F|57/100
|move|p1a: Garganacl|Salt Cure|p2a: Ceruledge
|-supereffective|p2a: Ceruledge
|-damage|p2a: Ceruledge|0 fnt
|faint|p2a: Ceruledge
|
|-heal|p1a: Garganacl|80/100|[from] item: Leftovers
|upkeep
|
|t:|1743899434
|switch|p2a: Necrozma|Necrozma|100/100
|turn|16
|
|t:|1743899439
|move|p2a: Necrozma|Earth Power|p1a: Garganacl
|-damage|p1a: Garganacl|50/100
|move|p1a: Garganacl|Salt Cure|p2a: Necrozma
|-damage|p2a: Necrozma|78/100
|-start|p2a: Necrozma|Salt Cure
|
|-heal|p1a: Garganacl|56/100|[from] item: Leftovers
|-damage|p2a: Necrozma|66/100|[from] Salt Cure
|upkeep
|turn|17
|
|t:|1743899450
|move|p2a: Necrozma|Meteor Beam||[still]
|-prepare|p2a: Necrozma|Meteor Beam
|-boost|p2a: Necrozma|spa|1
|-enditem|p2a: Necrozma|Power Herb
|-anim|p2a: Necrozma|Meteor Beam|p1a: Garganacl|[miss]
|-miss|p2a: Necrozma|p1a: Garganacl
|move|p1a: Garganacl|Recover|p1a: Garganacl
|-heal|p1a: Garganacl|100/100
|
|-damage|p2a: Necrozma|54/100|[from] Salt Cure
|upkeep
|turn|18
|
|t:|1743899460
|move|p2a: Necrozma|Photon Geyser|p1a: Garganacl
|-damage|p1a: Garganacl|29/100
|move|p1a: Garganacl|Recover|p1a: Garganacl
|-heal|p1a: Garganacl|79/100
|
|-heal|p1a: Garganacl|85/100|[from] item: Leftovers
|-damage|p2a: Necrozma|41/100|[from] Salt Cure
|upkeep
|turn|19
|
|t:|1743899469
|move|p2a: Necrozma|Photon Geyser|p1a: Garganacl
|-damage|p1a: Garganacl|8/100
|move|p1a: Garganacl|Recover|p1a: Garganacl
|-heal|p1a: Garganacl|58/100
|
|-heal|p1a: Garganacl|64/100|[from] item: Leftovers
|-damage|p2a: Necrozma|29/100|[from] Salt Cure
|upkeep
|turn|20
|
|t:|1743899483
|switch|p1a: Rotom|Rotom-Wash|27/100
|move|p2a: Necrozma|Photon Geyser|p1a: Rotom
|-damage|p1a: Rotom|0 fnt
|faint|p1a: Rotom
|
|-damage|p2a: Necrozma|17/100|[from] Salt Cure
|upkeep
|
|t:|1743899497
|switch|p1a: Dragapult|Dragapult, M|51/100
|turn|21
|
|t:|1743899505
|move|p1a: Dragapult|U-turn|p2a: Necrozma
|-supereffective|p2a: Necrozma
|-damage|p2a: Necrozma|0 fnt
|faint|p2a: Necrozma
|-message|heatmeatladderin forfeited.
|
|win|bigz42069
|raw|bigz42069's rating: 1410 &rarr; <strong>1427</strong><br />(+17 for winning)
|raw|heatmeatladderin's rating: 1356 &rarr; <strong>1339</strong><br />(-17 for losing)
|l|☆heatmeatladderin
|player|p2|
