|j|☆mr tickley
|j|☆Aliette4ever
|t:|1743884469
|gametype|singles
|player|p1|mr tickley|101|1602
|player|p2|Aliette4ever|roxanne|1585
|teamsize|p1|6
|teamsize|p2|6
|gen|9
|tier|[Gen 9] OU
|rated|
|rule|HP Percentage Mod: HP is shown in percentages
|rule|Endless Battle Clause: Forcing endless battles is banned
|rule|Species Clause: Limit one of each Pokémon
|rule|OHKO Clause: OHKO moves are banned
|rule|Evasion Items Clause: Evasion items are banned
|rule|Evasion Moves Clause: Evasion moves are banned
|rule|Sleep Moves Clause: Sleep-inducing moves are banned
|clearpoke
|poke|p1|Jirachi|
|poke|p1|Empoleon, F|
|poke|p1|Meowscarada, F|
|poke|p1|Landorus-Therian, M|
|poke|p1|Pecharunt|
|poke|p1|Dragonite, M|
|poke|p2|Dragonite, F|
|poke|p2|Darkrai|
|poke|p2|Iron Valiant|
|poke|p2|Great Tusk|
|poke|p2|Raging Bolt|
|poke|p2|Heatran, F|
|teampreview
|inactive|Battle timer is ON: inactive players will automatically lose when time's up. (requested by Aliette4ever)
|inactive|mr tickley also wants the timer to be on.
|
|t:|1743884488
|start
|switch|p1a: Empoleon|Empoleon, F|100/100
|switch|p2a: Great Tusk|Great Tusk|100/100
|turn|1
|
|t:|1743884506
|switch|p1a: Landorus|Landorus-Therian, M|100/100
|-ability|p1a: Landorus|Intimidate|boost
|-unboost|p2a: Great Tusk|atk|1
|move|p2a: Great Tusk|Headlong Rush|p1a: Landorus
|-immune|p1a: Landorus
|
|upkeep
|turn|2
|
|t:|1743884514
|move|p1a: Landorus|U-turn|p2a: Great Tusk
|-resisted|p2a: Great Tusk
|-damage|p2a: Great Tusk|93/100
|-damage|p1a: Landorus|84/100|[from] item: Rocky Helmet|[of] p2a: Great Tusk
|
|t:|1743884518
|switch|p1a: Pecharunt|Pecharunt|100/100|[from] U-turn
|move|p2a: Great Tusk|Stealth Rock|p1a: Pecharunt
|-sidestart|p1: mr tickley|move: Stealth Rock
|
|upkeep
|turn|3
|
|t:|1743884526
|-end|p2a: Great Tusk|Protosynthesis|[silent]
|switch|p2a: Heatran|Heatran, F|100/100
|move|p1a: Pecharunt|Parting Shot|p2a: Heatran
|-unboost|p2a: Heatran|atk|1
|-unboost|p2a: Heatran|spa|1
|
|t:|1743884534
|switch|p1a: Landorus|Landorus-Therian, M|84/100|[from] Parting Shot
|-damage|p1a: Landorus|72/100|[from] Stealth Rock
|-ability|p1a: Landorus|Intimidate|boost
|-unboost|p2a: Heatran|atk|1
|
|upkeep
|turn|4
|
|t:|1743884539
|switch|p2a: Great Tusk|Great Tusk|93/100
|move|p1a: Landorus|Stealth Rock|p2a: Great Tusk
|-sidestart|p2: Aliette4ever|move: Stealth Rock
|
|upkeep
|turn|5
|
|t:|1743884557
|switch|p1a: Pecharunt|Pecharunt|100/100
|move|p2a: Great Tusk|Knock Off|p1a: Pecharunt
|-supereffective|p1a: Pecharunt
|-damage|p1a: Pecharunt|70/100
|-enditem|p1a: Pecharunt|Heavy-Duty Boots|[from] move: Knock Off|[of] p2a: Great Tusk
|
|upkeep
|turn|6
|
|t:|1743884573
|-terastallize|p1a: Pecharunt|Ghost
|move|p2a: Great Tusk|Headlong Rush|p1a: Pecharunt
|-damage|p1a: Pecharunt|44/100
|-unboost|p2a: Great Tusk|def|1
|-unboost|p2a: Great Tusk|spd|1
|move|p1a: Pecharunt|Recover|p1a: Pecharunt
|-heal|p1a: Pecharunt|94/100
|
|upkeep
|turn|7
|j| Norigon
|
|t:|1743884581
|-end|p2a: Great Tusk|Protosynthesis|[silent]
|switch|p2a: Heatran|Heatran, F|100/100
|-damage|p2a: Heatran|88/100|[from] Stealth Rock
|move|p1a: Pecharunt|Parting Shot|p2a: Heatran
|-unboost|p2a: Heatran|atk|1
|-unboost|p2a: Heatran|spa|1
|
|t:|1743884589
|switch|p1a: Landorus|Landorus-Therian, M|72/100|[from] Parting Shot
|-damage|p1a: Landorus|59/100|[from] Stealth Rock
|-ability|p1a: Landorus|Intimidate|boost
|-unboost|p2a: Heatran|atk|1
|
|upkeep
|turn|8
|
|t:|1743884598
|switch|p2a: Great Tusk|Great Tusk|93/100
|-damage|p2a: Great Tusk|90/100|[from] Stealth Rock
|move|p1a: Landorus|U-turn|p2a: Great Tusk
|-resisted|p2a: Great Tusk
|-damage|p2a: Great Tusk|82/100
|-damage|p1a: Landorus|43/100|[from] item: Rocky Helmet|[of] p2a: Great Tusk
|
|t:|1743884600
|switch|p1a: Jirachi|Jirachi|100/100|[from] U-turn
|-damage|p1a: Jirachi|94/100|[from] Stealth Rock
|
|upkeep
|turn|9
|
|t:|1743884615
|-end|p2a: Great Tusk|Protosynthesis|[silent]
|switch|p2a: Heatran|Heatran, F|88/100
|-damage|p2a: Heatran|76/100|[from] Stealth Rock
|move|p1a: Jirachi|Psychic Noise|p2a: Heatran
|-resisted|p2a: Heatran
|-damage|p2a: Heatran|61/100
|-start|p2a: Heatran|move: Heal Block
|
|upkeep
|turn|10
|
|t:|1743884637
|move|p1a: Jirachi|Aura Sphere|p2a: Heatran
|-supereffective|p2a: Heatran
|-damage|p2a: Heatran|16/100
|move|p2a: Heatran|Magma Storm|p1a: Jirachi
|-supereffective|p1a: Jirachi
|-damage|p1a: Jirachi|0 fnt
|faint|p1a: Jirachi
|
|-end|p2a: Heatran|move: Heal Block
|upkeep
|
|t:|1743884647
|switch|p1a: Meowscarada|Meowscarada, F|100/100
|turn|11
|
|t:|1743884651
|move|p1a: Meowscarada|Knock Off|p2a: Heatran
|-start|p1a: Meowscarada|typechange|Dark|[from] ability: Protean
|-damage|p2a: Heatran|0 fnt
|-enditem|p2a: Heatran|Choice Specs|[from] move: Knock Off|[of] p1a: Meowscarada
|faint|p2a: Heatran
|
|upkeep
|
|t:|1743884664
|switch|p2a: Iron Valiant|Iron Valiant|100/100
|-damage|p2a: Iron Valiant|94/100|[from] Stealth Rock
|-enditem|p2a: Iron Valiant|Booster Energy
|-activate|p2a: Iron Valiant|ability: Quark Drive|[fromitem]
|-start|p2a: Iron Valiant|quarkdrivespe
|turn|12
|
|t:|1743884678
|switch|p1a: Empoleon|Empoleon, F|100/100
|-damage|p1a: Empoleon|94/100|[from] Stealth Rock
|move|p2a: Iron Valiant|Moonblast|p1a: Empoleon
|-resisted|p1a: Empoleon
|-damage|p1a: Empoleon|81/100
|
|-heal|p1a: Empoleon|88/100|[from] item: Leftovers
|upkeep
|turn|13
|
|t:|1743884682
|move|p2a: Iron Valiant|Close Combat|p1a: Empoleon
|-supereffective|p1a: Empoleon
|-damage|p1a: Empoleon|0 fnt
|-unboost|p2a: Iron Valiant|def|1
|-unboost|p2a: Iron Valiant|spd|1
|faint|p1a: Empoleon
|
|upkeep
|
|t:|1743884685
|switch|p1a: Pecharunt|Pecharunt, tera:Ghost|94/100
|-damage|p1a: Pecharunt|82/100|[from] Stealth Rock
|turn|14
|
|t:|1743884700
|-terastallize|p2a: Iron Valiant|Steel
|move|p2a: Iron Valiant|Moonblast|p1a: Pecharunt
|-damage|p1a: Pecharunt|40/100
|-unboost|p1a: Pecharunt|spa|1
|move|p1a: Pecharunt|Malignant Chain|p2a: Iron Valiant
|-immune|p2a: Iron Valiant
|
|upkeep
|turn|15
|-message|mr tickley forfeited.
|
|win|Aliette4ever
|raw|mr tickley's rating: 1602 &rarr; <strong>1581</strong><br />(-21 for losing)
|raw|Aliette4ever's rating: 1585 &rarr; <strong>1606</strong><br />(+21 for winning)
|l|☆mr tickley
|player|p1|
|l| Norigon
|l|☆Aliette4ever
|player|p2|
