|j|☆agodamongallmen
|j|☆Barronmaster
|t:|1743876313
|gametype|singles
|player|p1|agodamongallmen|266|1377
|player|p2|Barronmaster|169|1427
|teamsize|p1|6
|teamsize|p2|6
|gen|9
|tier|[Gen 9] OU
|rated|
|rule|HP Percentage Mod: HP is shown in percentages
|rule|Endless Battle Clause: Forcing endless battles is banned
|rule|Species Clause: Limit one of each Pokémon
|rule|OHKO Clause: OHKO moves are banned
|rule|Evasion Items Clause: Evasion items are banned
|rule|Evasion Moves Clause: Evasion moves are banned
|rule|Sleep Moves Clause: Sleep-inducing moves are banned
|clearpoke
|poke|p1|Rabsca, M|
|poke|p1|Slowking-Galar, M|
|poke|p1|Ursaluna, M|
|poke|p1|Azumarill, F|
|poke|p1|Mimikyu, M|
|poke|p1|Kingambit, F|
|poke|p2|Hoopa-Unbound|
|poke|p2|Ninetales-Alola, F|
|poke|p2|Slowking-Galar, F|
|poke|p2|Cloyster, F|
|poke|p2|Zoroark, M|
|poke|p2|Indeedee, M|
|teampreview
|
|t:|1743876320
|start
|switch|p1a: Chad|Azumarill, F|100/100
|switch|p2a: Hoopa|Hoopa-Unbound|100/100
|turn|1
|
|t:|1743876330
|move|p2a: Hoopa|U-turn|p1a: Chad
|-resisted|p1a: Chad
|-damage|p1a: Chad|85/100
|-damage|p2a: Hoopa|91/100|[from] item: Life Orb
|
|t:|1743876334
|switch|p2a: Indeedee|Indeedee, M|100/100|[from] U-turn
|-fieldstart|move: Psychic Terrain|[from] ability: Psychic Surge|[of] p2a: Indeedee
|move|p1a: Chad|Play Rough|p2a: Indeedee
|-damage|p2a: Indeedee|0 fnt
|faint|p2a: Indeedee
|
|upkeep
|
|t:|1743876338
|switch|p2a: Ninetales|Ninetales-Alola, F|100/100
|-weather|Snowscape|[from] ability: Snow Warning|[of] p2a: Ninetales
|turn|2
|
|t:|1743876343
|move|p2a: Ninetales|Aurora Veil|p2a: Ninetales
|-sidestart|p2: Barronmaster|move: Aurora Veil
|move|p1a: Chad|Play Rough|p2a: Ninetales|[miss]
|-miss|p1a: Chad|p2a: Ninetales
|
|-weather|Snowscape|[upkeep]
|upkeep
|turn|3
|
|t:|1743876346
|move|p2a: Ninetales|Nasty Plot|p2a: Ninetales
|-boost|p2a: Ninetales|spa|2
|move|p1a: Chad|Play Rough|p2a: Ninetales
|-damage|p2a: Ninetales|71/100
|
|-weather|Snowscape|[upkeep]
|upkeep
|turn|4
|
|t:|1743876355
|move|p2a: Ninetales|Moonblast|p1a: Chad
|-damage|p1a: Chad|37/100
|move|p1a: Chad|Liquidation|p2a: Ninetales
|-damage|p2a: Ninetales|43/100
|
|-weather|Snowscape|[upkeep]
|upkeep
|turn|5
|l|☆Barronmaster
|player|p2|
|inactive|Battle timer is ON: inactive players will automatically lose when time's up. (requested by agodamongallmen)
|inactive|Barronmaster has 30 seconds to reconnect!
|j|☆Barronmaster
|inactive|Barronmaster reconnected and has 115 seconds left.
|player|p2|Barronmaster|169|
|
|t:|1743876500
|move|p2a: Ninetales|Moonblast|p1a: Chad
|-crit|p1a: Chad
|-damage|p1a: Chad|0 fnt
|faint|p1a: Chad
|
|-weather|Snowscape|[upkeep]
|-fieldend|move: Psychic Terrain
|upkeep
|
|t:|1743876508
|switch|p1a: Decoy|Mimikyu, M|100/100
|turn|6
|
|t:|1743876528
|move|p2a: Ninetales|Blizzard|p1a: Decoy
|-activate|p1a: Decoy|ability: Disguise
|-damage|p1a: Decoy|100/100
|detailschange|p1a: Decoy|Mimikyu-Busted, M
|-damage|p1a: Decoy|88/100|[from] pokemon: Mimikyu-Busted
|move|p1a: Decoy|Trick Room|p1a: Decoy
|-fieldstart|move: Trick Room|[of] p1a: Decoy
|
|-weather|none
|upkeep
|turn|7
|
|t:|1743876549
|switch|p2a: Cloyster|Cloyster, F|100/100
|move|p1a: Decoy|Curse|p2a: Cloyster
|-start|p2a: Cloyster|Curse|[of] p1a: Decoy
|-damage|p1a: Decoy|38/100
|
|-damage|p2a: Cloyster|76/100|[from] Curse
|upkeep
|turn|8
|
|t:|1743876557
|move|p1a: Decoy|Shadow Sneak|p2a: Cloyster
|-damage|p2a: Cloyster|68/100
|move|p2a: Cloyster|Icicle Spear|p1a: Decoy
|-damage|p1a: Decoy|23/100
|-damage|p1a: Decoy|8/100
|-damage|p1a: Decoy|0 fnt
|faint|p1a: Decoy
|-hitcount|p1: Decoy|3
|
|-damage|p2a: Cloyster|43/100|[from] Curse
|upkeep
|inactive|agodamongallmen has 120 seconds left.
|
|t:|1743876574
|switch|p1a: Village Crusher|Ursaluna, M|100/100
|turn|9
|inactive|agodamongallmen has 120 seconds left.
|
|t:|1743876590
|move|p1a: Village Crusher|Headlong Rush|p2a: Cloyster
|-damage|p2a: Cloyster|15/100
|-unboost|p1a: Village Crusher|def|1
|-unboost|p1a: Village Crusher|spd|1
|move|p2a: Cloyster|Icicle Spear|p1a: Village Crusher
|-supereffective|p1a: Village Crusher
|-damage|p1a: Village Crusher|74/100
|-supereffective|p1a: Village Crusher
|-damage|p1a: Village Crusher|49/100
|-supereffective|p1a: Village Crusher
|-damage|p1a: Village Crusher|23/100
|-supereffective|p1a: Village Crusher
|-damage|p1a: Village Crusher|0 fnt
|faint|p1a: Village Crusher
|-hitcount|p1: Village Crusher|4
|
|-damage|p2a: Cloyster|0 fnt|[from] Curse
|faint|p2a: Cloyster
|-sideend|p2: Barronmaster|move: Aurora Veil
|upkeep
|inactive|agodamongallmen has 120 seconds left.
|
|t:|1743876618
|switch|p1a: Atonement|Rabsca, M|100/100
|switch|p2a: Hoopa|Hoopa-Unbound|100/100
|turn|10
|inactive|agodamongallmen has 120 seconds left.
|
|t:|1743876634
|-terastallize|p2a: Hoopa|Steel
|move|p1a: Atonement|Revival Blessing|p1a: Atonement
|
|t:|1743876641
|-heal|p1: Village Crusher|50/100|[from] move: Revival Blessing
|move|p2a: Hoopa|Knock Off|p1a: Atonement
|-supereffective|p1a: Atonement
|-damage|p1a: Atonement|24/100
|-enditem|p1a: Atonement|Heavy-Duty Boots|[from] move: Knock Off|[of] p2a: Hoopa
|
|-fieldend|move: Trick Room
|upkeep
|turn|11
|
|t:|1743876651
|move|p2a: Hoopa|Knock Off|p1a: Atonement
|-supereffective|p1a: Atonement
|-damage|p1a: Atonement|0 fnt
|faint|p1a: Atonement
|
|upkeep
|inactive|agodamongallmen has 90 seconds left.
|
|t:|1743876678
|switch|p1a: Burr|Slowking-Galar, M|100/100
|turn|12
|
|t:|1743876687
|move|p2a: Hoopa|Knock Off|p1a: Burr
|-supereffective|p1a: Burr
|-damage|p1a: Burr|2/100
|-enditem|p1a: Burr|Life Orb|[from] move: Knock Off|[of] p2a: Hoopa
|move|p1a: Burr|Trick Room|p1a: Burr
|-fieldstart|move: Trick Room|[of] p1a: Burr
|
|upkeep
|turn|13
|inactive|Barronmaster has 120 seconds left.
|
|t:|1743876718
|move|p1a: Burr|Fire Blast|p2a: Hoopa
|-supereffective|p2a: Hoopa
|-damage|p2a: Hoopa|44/100
|-status|p2a: Hoopa|brn
|move|p2a: Hoopa|Drain Punch|p1a: Burr
|-resisted|p1a: Burr
|-damage|p1a: Burr|0 fnt
|-heal|p2a: Hoopa|45/100 brn|[from] drain|[of] p1a: Burr
|faint|p1a: Burr
|
|-heal|p2a: Hoopa|51/100 brn|[from] item: Leftovers
|-damage|p2a: Hoopa|45/100 brn|[from] brn
|upkeep
|
|t:|1743876726
|switch|p1a: Village Crusher|Ursaluna, M|50/100
|turn|14
|
|t:|1743876731
|move|p1a: Village Crusher|Headlong Rush|p2a: Hoopa
|-supereffective|p2a: Hoopa
|-damage|p2a: Hoopa|0 fnt
|-unboost|p1a: Village Crusher|def|1
|-unboost|p1a: Village Crusher|spd|1
|faint|p2a: Hoopa
|
|-status|p1a: Village Crusher|brn|[from] item: Flame Orb
|upkeep
|
|t:|1743876735
|switch|p2a: Ninetales|Ninetales-Alola, F|91/100
|turn|15
|
|t:|1743876737
|move|p2a: Ninetales|Sucker Punch|p1a: Village Crusher
|-damage|p1a: Village Crusher|5/100 brn
|-damage|p2a: Ninetales|81/100|[from] item: Life Orb
|move|p1a: Village Crusher|Facade|p2a: Ninetales
|-damage|p2a: Ninetales|0 fnt
|replace|p2a: Zoroark|Zoroark, M
|-end|p2a: Zoroark|Illusion
|faint|p2a: Zoroark
|
|-damage|p1a: Village Crusher|0 fnt|[from] brn
|faint|p1a: Village Crusher
|upkeep
|
|t:|1743876741
|switch|p1a: Shogun|Kingambit, F|100/100
|switch|p2a: Slowking|Slowking-Galar, F|100/100
|-activate|p1a: Shogun|ability: Supreme Overlord
|-start|p1a: Shogun|fallen5|[silent]
|turn|16
|
|t:|1743876746
|move|p2a: Slowking|Flamethrower|p1a: Shogun
|-supereffective|p1a: Shogun
|-damage|p1a: Shogun|44/100
|move|p1a: Shogun|Kowtow Cleave|p2a: Slowking
|-supereffective|p2a: Slowking
|-damage|p2a: Slowking|0 fnt
|faint|p2a: Slowking
|
|-fieldend|move: Trick Room
|upkeep
|
|t:|1743876749
|switch|p2a: Ninetales|Ninetales-Alola, F|43/100
|-weather|Snowscape|[from] ability: Snow Warning|[of] p2a: Ninetales
|turn|17
|
|t:|1743876762
|move|p2a: Ninetales|Moonblast|p1a: Shogun
|-crit|p1a: Shogun
|-damage|p1a: Shogun|0 fnt
|faint|p1a: Shogun
|-end|p1a: Shogun|fallen5|[silent]
|
|win|Barronmaster
|raw|agodamongallmen's rating: 1377 &rarr; <strong>1360</strong><br />(-17 for losing)
|raw|Barronmaster's rating: 1427 &rarr; <strong>1444</strong><br />(+17 for winning)
|l|☆agodamongallmen
|player|p1|
|c|☆Barronmaster|Gg
|l|☆Barronmaster
|player|p2|
