|j|☆M1rrorshot
|j|☆sumofsquares
|t:|1743860573
|gametype|singles
|player|p1|M1rrorshot|266|1608
|player|p2|sumofsquares|wallace|1540
|teamsize|p1|6
|teamsize|p2|6
|gen|9
|tier|[Gen 9] OU
|rated|
|rule|HP Percentage Mod: HP is shown in percentages
|rule|Endless Battle Clause: Forcing endless battles is banned
|rule|Species Clause: Limit one of each Pokémon
|rule|OHKO Clause: OHKO moves are banned
|rule|Evasion Items Clause: Evasion items are banned
|rule|Evasion Moves Clause: Evasion moves are banned
|rule|Sleep Moves Clause: Sleep-inducing moves are banned
|clearpoke
|poke|p1|Scizor, F|
|poke|p1|Ogerpon-Wellspring, F|
|poke|p1|Raging Bolt|
|poke|p1|Pecharunt|
|poke|p1|Landorus-Therian, M|
|poke|p1|Samurott-Hisui, F|
|poke|p2|Lucario, M|
|poke|p2|Dragapult, F|
|poke|p2|Slowking-Galar, M|
|poke|p2|Samurott-Hisui, M|
|poke|p2|Great Tusk|
|poke|p2|Enamorus, F|
|teampreview
|
|t:|1743860594
|start
|switch|p1a: Scizor|Scizor, F|100/100
|switch|p2a: Dragapult|Dragapult, F|100/100
|turn|1
|
|t:|1743860604
|move|p1a: Scizor|Bullet Punch|p2a: Dragapult
|-damage|p2a: Dragapult|30/100
|move|p2a: Dragapult|Flamethrower|p1a: Scizor
|-supereffective|p1a: Scizor
|-damage|p1a: Scizor|0 fnt
|faint|p1a: Scizor
|
|upkeep
|
|t:|1743860616
|switch|p1a: Samurott|Samurott-Hisui, F|100/100
|turn|2
|
|t:|1743860635
|switch|p2a: Enamorus|Enamorus, F|100/100
|move|p1a: Samurott|Knock Off|p2a: Enamorus
|-resisted|p2a: Enamorus
|-damage|p2a: Enamorus|63/100
|-enditem|p2a: Enamorus|Heavy-Duty Boots|[from] move: Knock Off|[of] p1a: Samurott
|
|upkeep
|turn|3
|
|t:|1743860657
|switch|p1a: Pecharunt|Pecharunt|100/100
|move|p2a: Enamorus|Superpower|p1a: Pecharunt
|-immune|p1a: Pecharunt
|
|upkeep
|turn|4
|
|t:|1743860673
|move|p2a: Enamorus|Earth Power|p1a: Pecharunt
|-supereffective|p1a: Pecharunt
|-damage|p1a: Pecharunt|36/100
|move|p1a: Pecharunt|Malignant Chain|p2a: Enamorus
|-supereffective|p2a: Enamorus
|-damage|p2a: Enamorus|0 fnt
|faint|p2a: Enamorus
|
|upkeep
|
|t:|1743860683
|switch|p2a: Samurott|Samurott-Hisui, M|100/100
|turn|5
|
|t:|1743860697
|switch|p1a: Landorus|Landorus-Therian, M|100/100
|-ability|p1a: Landorus|Intimidate|boost
|-unboost|p2a: Samurott|atk|1
|move|p2a: Samurott|Ceaseless Edge|p1a: Landorus
|-damage|p1a: Landorus|69/100
|-damage|p2a: Samurott|84/100|[from] item: Rocky Helmet|[of] p1a: Landorus
|-sidestart|p1: M1rrorshot|Spikes
|
|upkeep
|turn|6
|
|t:|1743860725
|move|p2a: Samurott|Ceaseless Edge|p1a: Landorus
|-damage|p1a: Landorus|42/100
|-damage|p2a: Samurott|67/100|[from] item: Rocky Helmet|[of] p1a: Landorus
|-sidestart|p1: M1rrorshot|Spikes
|move|p1a: Landorus|Earthquake|p2a: Samurott
|-damage|p2a: Samurott|4/100
|
|upkeep
|turn|7
|
|t:|1743860733
|move|p2a: Samurott|Ceaseless Edge|p1a: Landorus
|-damage|p1a: Landorus|14/100
|-damage|p2a: Samurott|0 fnt|[from] item: Rocky Helmet|[of] p1a: Landorus
|faint|p2a: Samurott
|move|p1a: Landorus|Stealth Rock|p2: Samurott
|-sidestart|p2: sumofsquares|move: Stealth Rock
|
|upkeep
|
|t:|1743860752
|switch|p2a: Dragapult|Dragapult, F|30/100
|-damage|p2a: Dragapult|18/100|[from] Stealth Rock
|turn|8
|
|t:|1743860763
|move|p2a: Dragapult|Draco Meteor|p1a: Landorus
|-damage|p1a: Landorus|0 fnt
|-unboost|p2a: Dragapult|spa|2
|faint|p1a: Landorus
|
|upkeep
|
|t:|1743860770
|switch|p1a: Samurott|Samurott-Hisui, F|100/100
|-damage|p1a: Samurott|84/100|[from] Spikes
|turn|9
|
|t:|1743860783
|move|p1a: Samurott|Aqua Cutter|p2a: Dragapult
|-resisted|p2a: Dragapult
|-damage|p2a: Dragapult|0 fnt
|faint|p2a: Dragapult
|
|upkeep
|
|t:|1743860792
|switch|p2a: Slowking|Slowking-Galar, M|100/100
|-damage|p2a: Slowking|88/100|[from] Stealth Rock
|turn|10
|
|t:|1743860801
|switch|p1a: Pecharunt|Pecharunt|36/100
|move|p2a: Slowking|Thunder Wave|p1a: Pecharunt
|-status|p1a: Pecharunt|par
|
|-heal|p2a: Slowking|94/100|[from] item: Leftovers
|upkeep
|turn|11
|
|t:|1743860814
|move|p1a: Pecharunt|Hex|p2a: Slowking
|-supereffective|p2a: Slowking
|-damage|p2a: Slowking|71/100
|move|p2a: Slowking|Future Sight|p1a: Pecharunt
|-start|p2a: Slowking|move: Future Sight
|
|-heal|p2a: Slowking|77/100|[from] item: Leftovers
|upkeep
|turn|12
|
|t:|1743860821
|cant|p1a: Pecharunt|par
|-prepare|p2a: Slowking|Chilly Reception|[premajor]
|move|p2a: Slowking|Chilly Reception|p2a: Slowking
|-weather|Snowscape
|
|t:|1743860826
|switch|p2a: Lucario|Lucario, M|100/100|[from] Chilly Reception
|-damage|p2a: Lucario|98/100|[from] Stealth Rock
|
|-weather|Snowscape|[upkeep]
|upkeep
|turn|13
|
|t:|1743860834
|move|p2a: Lucario|Swords Dance|p2a: Lucario
|-boost|p2a: Lucario|atk|2
|move|p1a: Pecharunt|Parting Shot|p2a: Lucario
|-unboost|p2a: Lucario|atk|1
|-unboost|p2a: Lucario|spa|1
|
|t:|1743860840
|switch|p1a: Samurott|Samurott-Hisui, F|84/100|[from] Parting Shot
|-damage|p1a: Samurott|67/100|[from] Spikes
|
|-weather|Snowscape|[upkeep]
|-end|p1a: Samurott|move: Future Sight
|-immune|p1a: Samurott
|upkeep
|turn|14
|
|t:|1743860853
|move|p2a: Lucario|Extreme Speed|p1a: Samurott
|-damage|p1a: Samurott|19/100
|move|p1a: Samurott|Aqua Cutter|p2a: Lucario
|-damage|p2a: Lucario|17/100
|
|-weather|Snowscape|[upkeep]
|upkeep
|turn|15
|
|t:|1743860863
|-terastallize|p1a: Samurott|Ghost
|move|p2a: Lucario|Extreme Speed|p1a: Samurott
|-immune|p1a: Samurott
|move|p1a: Samurott|Aqua Cutter|p2a: Lucario
|-damage|p2a: Lucario|0 fnt
|faint|p2a: Lucario
|
|-weather|Snowscape|[upkeep]
|upkeep
|
|t:|1743860867
|switch|p2a: Slowking|Slowking-Galar, M|100/100
|-damage|p2a: Slowking|88/100|[from] Stealth Rock
|turn|16
|
|t:|1743860888
|move|p1a: Samurott|Aqua Cutter|p2a: Slowking
|-damage|p2a: Slowking|35/100
|move|p2a: Slowking|Sludge Bomb|p1a: Samurott
|-resisted|p1a: Samurott
|-damage|p1a: Samurott|0 fnt
|faint|p1a: Samurott
|
|-weather|none
|-heal|p2a: Slowking|41/100|[from] item: Leftovers
|upkeep
|
|t:|1743860905
|switch|p1a: Raging Bolt|Raging Bolt|100/100
|turn|17
|
|t:|1743860914
|move|p1a: Raging Bolt|Draco Meteor|p2a: Slowking
|-damage|p2a: Slowking|0 fnt
|-unboost|p1a: Raging Bolt|spa|2
|faint|p2a: Slowking
|
|upkeep
|
|t:|1743860917
|switch|p2a: Great Tusk|Great Tusk|100/100
|-damage|p2a: Great Tusk|98/100|[from] Stealth Rock
|turn|18
|
|t:|1743860938
|move|p2a: Great Tusk|Headlong Rush|p1a: Raging Bolt
|-supereffective|p1a: Raging Bolt
|-damage|p1a: Raging Bolt|0 fnt
|-unboost|p2a: Great Tusk|def|1
|-unboost|p2a: Great Tusk|spd|1
|faint|p1a: Raging Bolt
|-end|p1a: Raging Bolt|Protosynthesis|[silent]
|
|upkeep
|
|t:|1743860947
|switch|p1a: Pecharunt|Pecharunt|36/100 par
|turn|19
|
|t:|1743860957
|move|p2a: Great Tusk|Headlong Rush|p1a: Pecharunt
|-supereffective|p1a: Pecharunt
|-damage|p1a: Pecharunt|0 fnt
|-unboost|p2a: Great Tusk|def|1
|-unboost|p2a: Great Tusk|spd|1
|faint|p1a: Pecharunt
|
|upkeep
|
|t:|1743860964
|switch|p1a: Ogerpon|Ogerpon-Wellspring, F|100/100
|-damage|p1a: Ogerpon|84/100|[from] Spikes
|turn|20
|
|t:|1743860970
|-terastallize|p2a: Great Tusk|Normal
|move|p1a: Ogerpon|Ivy Cudgel|p2a: Great Tusk|[anim] Ivy Cudgel Water
|-damage|p2a: Great Tusk|9/100
|move|p2a: Great Tusk|Headlong Rush|p1a: Ogerpon
|-resisted|p1a: Ogerpon
|-damage|p1a: Ogerpon|23/100
|-unboost|p2a: Great Tusk|def|1
|-unboost|p2a: Great Tusk|spd|1
|
|upkeep
|turn|21
|
|t:|1743860980
|move|p1a: Ogerpon|Ivy Cudgel|p2a: Great Tusk|[anim] Ivy Cudgel Water
|-damage|p2a: Great Tusk|0 fnt
|faint|p2a: Great Tusk
|-end|p2a: Great Tusk|Protosynthesis|[silent]
|
|win|M1rrorshot
|raw|M1rrorshot's rating: 1608 &rarr; <strong>1624</strong><br />(+16 for winning)
|raw|sumofsquares's rating: 1540 &rarr; <strong>1524</strong><br />(-16 for losing)
|l|☆sumofsquares
|player|p2|
|l|☆M1rrorshot
|player|p1|
