|j|☆suhayb1910
|j|☆backwardmuk
|t:|1743922362
|gametype|singles
|player|p1|suhayb1910|volo|1567
|player|p2|backwardmuk|veteran-gen4|1610
|teamsize|p1|6
|teamsize|p2|6
|gen|9
|tier|[Gen 9] OU
|rated|
|rule|HP Percentage Mod: HP is shown in percentages
|rule|Endless Battle Clause: Forcing endless battles is banned
|rule|Species Clause: Limit one of each Pokémon
|rule|OHKO Clause: OHKO moves are banned
|rule|Evasion Items Clause: Evasion items are banned
|rule|Evasion Moves Clause: Evasion moves are banned
|rule|Sleep Moves Clause: Sleep-inducing moves are banned
|clearpoke
|poke|p1|Samurott-Hisui, F|
|poke|p1|Kingambit, F|
|poke|p1|Landorus-Therian, M|
|poke|p1|Iron Valiant|
|poke|p1|Hatterene, F|
|poke|p1|Gholdengo|
|poke|p2|Toxapex, F|
|poke|p2|Skarmory, F|
|poke|p2|Ting-Lu|
|poke|p2|Dragapult, M|
|poke|p2|Iron Treads|
|poke|p2|Weavile, F|
|teampreview
|inactive|Battle timer is ON: inactive players will automatically lose when time's up. (requested by backwardmuk)
|j| Pokemh
|
|t:|1743922381
|start
|switch|p1a: Landorus|Landorus-Therian, M|100/100
|switch|p2a: Toxapex|Toxapex, F|100/100
|-ability|p1a: Landorus|Intimidate|boost
|-unboost|p2a: Toxapex|atk|1
|turn|1
|
|t:|1743922385
|move|p1a: Landorus|Taunt|p2a: Toxapex
|-start|p2a: Toxapex|move: Taunt
|cant|p2a: Toxapex|move: Taunt|Toxic
|
|upkeep
|turn|2
|c| Pokemh|Backwardmuk goat
|
|t:|1743922390
|switch|p2a: Weavile|Weavile, F|100/100
|-ability|p2a: Weavile|Pressure
|move|p1a: Landorus|Earthquake|p2a: Weavile
|-damage|p2a: Weavile|0 fnt
|faint|p2a: Weavile
|
|upkeep
|j| mayomama
|
|t:|1743922393
|switch|p2a: Skarmory|Skarmory, F|100/100
|turn|3
|
|t:|1743922397
|move|p1a: Landorus|Taunt|p2a: Skarmory
|-start|p2a: Skarmory|move: Taunt
|move|p2a: Skarmory|Brave Bird|p1a: Landorus
|-damage|p1a: Landorus|62/100
|-damage|p2a: Skarmory|88/100|[from] Recoil
|
|upkeep
|turn|4
|
|t:|1743922401
|switch|p2a: Dragapult|Dragapult, M|100/100
|move|p1a: Landorus|Stealth Rock|p2a: Dragapult
|-sidestart|p2: backwardmuk|move: Stealth Rock
|
|upkeep
|turn|5
|
|t:|1743922408
|switch|p1a: Gholdengo|Gholdengo|100/100
|move|p2a: Dragapult|Surf|p1a: Gholdengo
|-damage|p1a: Gholdengo|56/100
|
|upkeep
|turn|6
|
|t:|1743922413
|switch|p2a: Ting-Lu|Ting-Lu|100/100
|-damage|p2a: Ting-Lu|94/100|[from] Stealth Rock
|-ability|p2a: Ting-Lu|Vessel of Ruin
|move|p1a: Gholdengo|Shadow Ball|p2a: Ting-Lu
|-resisted|p2a: Ting-Lu
|-damage|p2a: Ting-Lu|86/100
|
|-heal|p2a: Ting-Lu|92/100|[from] item: Leftovers
|upkeep
|turn|7
|
|t:|1743922417
|switch|p1a: Hatterene|Hatterene, F|100/100
|move|p2a: Ting-Lu|Ruination|p1a: Hatterene
|-damage|p1a: Hatterene|50/100
|
|-heal|p2a: Ting-Lu|98/100|[from] item: Leftovers
|upkeep
|turn|8
|
|t:|1743922427
|switch|p2a: Iron Treads|Iron Treads|100/100
|-damage|p2a: Iron Treads|97/100|[from] Stealth Rock
|move|p1a: Hatterene|Draining Kiss|p2a: Iron Treads
|-resisted|p2a: Iron Treads
|-crit|p2a: Iron Treads
|-damage|p2a: Iron Treads|69/100
|-heal|p1a: Hatterene|72/100|[from] drain|[of] p2a: Iron Treads
|
|-heal|p2a: Iron Treads|75/100|[from] item: Leftovers
|upkeep
|turn|9
|
|t:|1743922434
|switch|p1a: Landorus|Landorus-Therian, M|62/100
|-ability|p1a: Landorus|Intimidate|boost
|-unboost|p2a: Iron Treads|atk|1
|move|p2a: Iron Treads|Rapid Spin|p1a: Landorus
|-crit|p1a: Landorus
|-damage|p1a: Landorus|34/100
|-boost|p2a: Iron Treads|spe|1
|-sideend|p2: backwardmuk|Stealth Rock|[from] move: Rapid Spin|[of] p2a: Iron Treads
|
|-heal|p2a: Iron Treads|81/100|[from] item: Leftovers
|upkeep
|turn|10
|
|t:|1743922441
|switch|p1a: Samurott|Samurott-Hisui, F|100/100
|move|p2a: Iron Treads|Ice Spinner|p1a: Samurott
|-resisted|p1a: Samurott
|-damage|p1a: Samurott|90/100
|
|-heal|p2a: Iron Treads|88/100|[from] item: Leftovers
|upkeep
|turn|11
|
|t:|1743922445
|-end|p2a: Iron Treads|Quark Drive|[silent]
|switch|p2a: Toxapex|Toxapex, F|100/100
|move|p1a: Samurott|Razor Shell|p2a: Toxapex
|-resisted|p2a: Toxapex
|-damage|p2a: Toxapex|81/100
|-unboost|p2a: Toxapex|def|1
|-damage|p1a: Samurott|73/100|[from] item: Rocky Helmet|[of] p2a: Toxapex
|
|upkeep
|turn|12
|
|t:|1743922448
|move|p1a: Samurott|Taunt|p2a: Toxapex
|-start|p2a: Toxapex|move: Taunt
|cant|p2a: Toxapex|move: Taunt|Toxic
|
|upkeep
|turn|13
|
|t:|1743922453
|switch|p2a: Skarmory|Skarmory, F|88/100
|move|p1a: Samurott|Knock Off|p2a: Skarmory
|-damage|p2a: Skarmory|62/100
|-damage|p1a: Samurott|57/100|[from] item: Rocky Helmet|[of] p2a: Skarmory
|-enditem|p2a: Skarmory|Rocky Helmet|[from] move: Knock Off|[of] p1a: Samurott
|
|upkeep
|turn|14
|
|t:|1743922456
|move|p1a: Samurott|Razor Shell|p2a: Skarmory
|-damage|p2a: Skarmory|24/100
|-unboost|p2a: Skarmory|def|1
|move|p2a: Skarmory|Body Press|p1a: Samurott
|-supereffective|p1a: Samurott
|-damage|p1a: Samurott|3/100
|
|upkeep
|turn|15
|
|t:|1743922462
|switch|p2a: Toxapex|Toxapex, F|100/100
|move|p1a: Samurott|Ceaseless Edge|p2a: Toxapex
|-damage|p2a: Toxapex|70/100
|-damage|p1a: Samurott|0 fnt|[from] item: Rocky Helmet|[of] p2a: Toxapex
|faint|p1a: Samurott
|
|upkeep
|
|t:|1743922469
|switch|p1a: Landorus|Landorus-Therian, M|34/100
|-ability|p1a: Landorus|Intimidate|boost
|-unboost|p2a: Toxapex|atk|1
|turn|16
|
|t:|1743922473
|switch|p2a: Dragapult|Dragapult, M|100/100
|move|p1a: Landorus|Earthquake|p2a: Dragapult
|-damage|p2a: Dragapult|7/100
|
|upkeep
|turn|17
|
|t:|1743922483
|switch|p1a: Iron Valiant|Iron Valiant|100/100
|-enditem|p1a: Iron Valiant|Booster Energy
|-activate|p1a: Iron Valiant|ability: Quark Drive|[fromitem]
|-start|p1a: Iron Valiant|quarkdrivespe
|move|p2a: Dragapult|Shadow Ball|p1a: Iron Valiant
|-damage|p1a: Iron Valiant|5/100
|
|upkeep
|turn|18
|
|t:|1743922490
|switch|p2a: Toxapex|Toxapex, F|100/100
|move|p1a: Iron Valiant|Spirit Break|p2a: Toxapex
|-resisted|p2a: Toxapex
|-crit|p2a: Toxapex
|-damage|p2a: Toxapex|81/100
|-unboost|p2a: Toxapex|spa|1
|-damage|p1a: Iron Valiant|0 fnt|[from] item: Rocky Helmet|[of] p2a: Toxapex
|faint|p1a: Iron Valiant
|-end|p1a: Iron Valiant|Quark Drive|[silent]
|
|upkeep
|
|t:|1743922494
|switch|p1a: Landorus|Landorus-Therian, M|34/100
|-ability|p1a: Landorus|Intimidate|boost
|-unboost|p2a: Toxapex|atk|1
|turn|19
|
|t:|1743922496
|move|p1a: Landorus|Earthquake|p2a: Toxapex
|-supereffective|p2a: Toxapex
|-damage|p2a: Toxapex|0 fnt
|faint|p2a: Toxapex
|
|upkeep
|
|t:|1743922499
|switch|p2a: Dragapult|Dragapult, M|7/100
|turn|20
|
|t:|1743922506
|switch|p1a: Kingambit|Kingambit, F|100/100
|-activate|p1a: Kingambit|ability: Supreme Overlord
|-start|p1a: Kingambit|fallen2|[silent]
|move|p2a: Dragapult|Surf|p1a: Kingambit
|-damage|p1a: Kingambit|62/100
|
|-heal|p1a: Kingambit|68/100|[from] item: Leftovers
|upkeep
|turn|21
|
|t:|1743922512
|switch|p2a: Ting-Lu|Ting-Lu|98/100
|-ability|p2a: Ting-Lu|Vessel of Ruin
|move|p1a: Kingambit|Swords Dance|p1a: Kingambit
|-boost|p1a: Kingambit|atk|2
|
|-heal|p1a: Kingambit|74/100|[from] item: Leftovers
|-heal|p2a: Ting-Lu|100/100|[from] item: Leftovers
|upkeep
|turn|22
|
|t:|1743922516
|-terastallize|p1a: Kingambit|Fairy
|move|p1a: Kingambit|Tera Blast|p2a: Ting-Lu|[anim] Tera Blast Fairy
|-supereffective|p2a: Ting-Lu
|-damage|p2a: Ting-Lu|0 fnt
|faint|p2a: Ting-Lu
|
|-heal|p1a: Kingambit|80/100|[from] item: Leftovers
|upkeep
|-message|backwardmuk forfeited.
|
|win|suhayb1910
|raw|suhayb1910's rating: 1567 &rarr; <strong>1589</strong><br />(+22 for winning)
|raw|backwardmuk's rating: 1610 &rarr; <strong>1588</strong><br />(-22 for losing)
|l|☆backwardmuk
|player|p2|
