|j|☆awtkss
|j|☆Jrbrbr
|t:|1743803552
|gametype|singles
|player|p1|awtkss|nate|1257
|player|p2|Jrbrbr|102|1280
|teamsize|p1|6
|teamsize|p2|6
|gen|9
|tier|[Gen 9] OU
|rated|
|rule|HP Percentage Mod: HP is shown in percentages
|rule|Endless Battle Clause: Forcing endless battles is banned
|rule|Species Clause: Limit one of each Pokémon
|rule|OHKO Clause: OHKO moves are banned
|rule|Evasion Items Clause: Evasion items are banned
|rule|Evasion Moves Clause: Evasion moves are banned
|rule|Sleep Moves Clause: Sleep-inducing moves are banned
|clearpoke
|poke|p1|Dragapult, M|
|poke|p1|Primarina, M|
|poke|p1|Darkrai|
|poke|p1|Iron Moth|
|poke|p1|Ogerpon-Wellspring, F|
|poke|p1|Excadrill, F|
|poke|p2|Pecharunt|
|poke|p2|Gliscor, M|
|poke|p2|Ogerpon-Wellspring, F|
|poke|p2|Garganacl, F|
|poke|p2|Great Tusk|
|poke|p2|Kingambit, M|
|teampreview
|inactive|Battle timer is ON: inactive players will automatically lose when time's up. (requested by Jrbrbr)
|
|t:|1743803568
|start
|switch|p1a: Excadrill|Excadrill, F|100/100
|switch|p2a: Garganacl|Garganacl, F|100/100
|-ability|p1a: Excadrill|Mold Breaker
|-item|p1a: Excadrill|Air Balloon
|turn|1
|
|t:|1743803582
|switch|p1a: Darkrai|Darkrai|100/100
|move|p2a: Garganacl|Salt Cure|p1a: Darkrai
|-crit|p1a: Darkrai
|-damage|p1a: Darkrai|75/100
|-start|p1a: Darkrai|Salt Cure
|
|-damage|p1a: Darkrai|62/100|[from] Salt Cure
|upkeep
|turn|2
|
|t:|1743803601
|move|p2a: Garganacl|Protect|p2a: Garganacl
|-singleturn|p2a: Garganacl|Protect
|move|p1a: Darkrai|Focus Blast|p2a: Garganacl
|-activate|p2a: Garganacl|move: Protect
|
|-damage|p1a: Darkrai|50/100|[from] Salt Cure
|upkeep
|turn|3
|
|t:|1743803612
|switch|p2a: Gliscor|Gliscor, M|100/100
|move|p1a: Darkrai|Nasty Plot|p1a: Darkrai
|-boost|p1a: Darkrai|spa|2
|
|-damage|p1a: Darkrai|37/100|[from] Salt Cure
|-status|p2a: Gliscor|tox|[from] item: Toxic Orb
|upkeep
|turn|4
|
|t:|1743803620
|move|p2a: Gliscor|Protect|p2a: Gliscor
|-singleturn|p2a: Gliscor|Protect
|move|p1a: Darkrai|Dark Pulse|p2a: Gliscor
|-activate|p2a: Gliscor|move: Protect
|
|-damage|p1a: Darkrai|25/100|[from] Salt Cure
|upkeep
|turn|5
|
|t:|1743803628
|switch|p2a: Garganacl|Garganacl, F|100/100
|move|p1a: Darkrai|Dark Pulse|p2a: Garganacl
|-damage|p2a: Garganacl|17/100
|-damage|p1a: Darkrai|15/100|[from] item: Life Orb
|
|-heal|p2a: Garganacl|23/100|[from] item: Leftovers
|-damage|p1a: Darkrai|2/100|[from] Salt Cure
|upkeep
|turn|6
|
|t:|1743803634
|move|p2a: Garganacl|Protect|p2a: Garganacl
|-singleturn|p2a: Garganacl|Protect
|move|p1a: Darkrai|Dark Pulse|p2a: Garganacl
|-activate|p2a: Garganacl|move: Protect
|
|-heal|p2a: Garganacl|29/100|[from] item: Leftovers
|-damage|p1a: Darkrai|0 fnt|[from] Salt Cure
|faint|p1a: Darkrai
|upkeep
|
|t:|1743803640
|switch|p1a: Excadrill|Excadrill, F|100/100
|-ability|p1a: Excadrill|Mold Breaker
|-item|p1a: Excadrill|Air Balloon
|turn|7
|
|t:|1743803646
|switch|p2a: Gliscor|Gliscor, M|100/100 tox
|move|p1a: Excadrill|Earthquake|p2a: Gliscor
|-immune|p2a: Gliscor
|
|upkeep
|turn|8
|
|t:|1743803654
|move|p1a: Excadrill|Swords Dance|p1a: Excadrill
|-boost|p1a: Excadrill|atk|2
|move|p2a: Gliscor|U-turn|p1a: Excadrill
|-resisted|p1a: Excadrill
|-damage|p1a: Excadrill|90/100
|-enditem|p1a: Excadrill|Air Balloon
|
|t:|1743803658
|switch|p2a: Ogerpon|Ogerpon-Wellspring, F|100/100|[from] U-turn
|
|upkeep
|turn|9
|
|t:|1743803678
|-terastallize|p1a: Excadrill|Dragon
|move|p2a: Ogerpon|Ivy Cudgel|p1a: Excadrill|[anim] Ivy Cudgel Water
|-resisted|p1a: Excadrill
|-damage|p1a: Excadrill|45/100
|move|p1a: Excadrill|Rapid Spin|p2a: Ogerpon
|-damage|p2a: Ogerpon|53/100
|-boost|p1a: Excadrill|spe|1
|
|upkeep
|turn|10
|
|t:|1743803701
|switch|p2a: Great Tusk|Great Tusk|100/100
|move|p1a: Excadrill|Iron Head|p2a: Great Tusk
|-damage|p2a: Great Tusk|37/100
|
|upkeep
|turn|11
|inactive|Jrbrbr has 120 seconds left.
|
|t:|1743803734
|-terastallize|p2a: Great Tusk|Steel
|move|p1a: Excadrill|Iron Head|p2a: Great Tusk
|-resisted|p2a: Great Tusk
|-crit|p2a: Great Tusk
|-damage|p2a: Great Tusk|0 fnt
|faint|p2a: Great Tusk
|-end|p2a: Great Tusk|Protosynthesis|[silent]
|
|upkeep
|
|t:|1743803745
|switch|p2a: Kingambit|Kingambit, M|100/100
|-activate|p2a: Kingambit|ability: Supreme Overlord
|-start|p2a: Kingambit|fallen1|[silent]
|turn|12
|
|t:|1743803750
|move|p2a: Kingambit|Sucker Punch|p1a: Excadrill
|-damage|p1a: Excadrill|0 fnt
|faint|p1a: Excadrill
|
|upkeep
|
|t:|1743803763
|switch|p1a: Iron Moth|Iron Moth|100/100
|-enditem|p1a: Iron Moth|Booster Energy
|-activate|p1a: Iron Moth|ability: Quark Drive|[fromitem]
|-start|p1a: Iron Moth|quarkdrivespe
|turn|13
|
|t:|1743803767
|-end|p2a: Kingambit|fallen1|[silent]
|switch|p2a: Gliscor|Gliscor, M|100/100 tox
|move|p1a: Iron Moth|Fiery Dance|p2a: Gliscor
|-damage|p2a: Gliscor|70/100 tox
|
|-heal|p2a: Gliscor|82/100 tox|[from] ability: Poison Heal
|upkeep
|turn|14
|
|t:|1743803782
|-end|p1a: Iron Moth|Quark Drive|[silent]
|switch|p1a: Primarina|Primarina, M|100/100
|move|p2a: Gliscor|U-turn|p1a: Primarina
|-resisted|p1a: Primarina
|-damage|p1a: Primarina|91/100
|
|t:|1743803785
|switch|p2a: Ogerpon|Ogerpon-Wellspring, F|53/100|[from] U-turn
|
|upkeep
|turn|15
|
|t:|1743803796
|move|p2a: Ogerpon|Horn Leech|p1a: Primarina
|-supereffective|p1a: Primarina
|-damage|p1a: Primarina|0 fnt
|-heal|p2a: Ogerpon|100/100|[from] drain|[of] p1a: Primarina
|faint|p1a: Primarina
|
|upkeep
|
|t:|1743803806
|switch|p1a: Iron Moth|Iron Moth|100/100
|turn|16
|
|t:|1743803815
|-end|p1a: Iron Moth|Quark Drive|[silent]
|switch|p1a: Ogerpon|Ogerpon-Wellspring, F|100/100
|move|p2a: Ogerpon|Ivy Cudgel|p1a: Ogerpon|[anim] Ivy Cudgel Water
|-immune|p1a: Ogerpon|[from] ability: Water Absorb
|
|upkeep
|turn|17
|
|t:|1743803821
|move|p2a: Ogerpon|U-turn|p1a: Ogerpon
|-supereffective|p1a: Ogerpon
|-damage|p1a: Ogerpon|23/100
|
|t:|1743803825
|switch|p2a: Pecharunt|Pecharunt|100/100|[from] U-turn
|-item|p2a: Pecharunt|Air Balloon
|move|p1a: Ogerpon|Encore||[still]
|-fail|p1a: Ogerpon
|
|upkeep
|turn|18
|
|t:|1743803836
|move|p1a: Ogerpon|Ivy Cudgel|p2a: Pecharunt|[anim] Ivy Cudgel Water
|-damage|p2a: Pecharunt|70/100
|-enditem|p2a: Pecharunt|Air Balloon
|move|p2a: Pecharunt|Parting Shot|p1a: Ogerpon
|-unboost|p1a: Ogerpon|atk|1
|-unboost|p1a: Ogerpon|spa|1
|
|t:|1743803840
|switch|p2a: Ogerpon|Ogerpon-Wellspring, F|100/100|[from] Parting Shot
|
|upkeep
|turn|19
|
|t:|1743803848
|move|p2a: Ogerpon|Horn Leech|p1a: Ogerpon
|-damage|p1a: Ogerpon|0 fnt
|faint|p1a: Ogerpon
|
|upkeep
|
|t:|1743803853
|switch|p1a: Dragapult|Dragapult, M|100/100
|turn|20
|
|t:|1743803860
|switch|p2a: Garganacl|Garganacl, F|29/100
|move|p1a: Dragapult|U-turn|p2a: Garganacl
|-damage|p2a: Garganacl|11/100
|
|t:|1743803865
|switch|p1a: Iron Moth|Iron Moth|100/100|[from] U-turn
|
|-heal|p2a: Garganacl|18/100|[from] item: Leftovers
|upkeep
|turn|21
|
|t:|1743803875
|move|p2a: Garganacl|Protect|p2a: Garganacl
|-singleturn|p2a: Garganacl|Protect
|move|p1a: Iron Moth|Fiery Dance|p2a: Garganacl
|-activate|p2a: Garganacl|move: Protect
|
|-heal|p2a: Garganacl|24/100|[from] item: Leftovers
|upkeep
|turn|22
|
|t:|1743803882
|move|p1a: Iron Moth|Fiery Dance|p2a: Garganacl
|-resisted|p2a: Garganacl
|-damage|p2a: Garganacl|7/100
|move|p2a: Garganacl|Salt Cure|p1a: Iron Moth
|-supereffective|p1a: Iron Moth
|-damage|p1a: Iron Moth|58/100
|-start|p1a: Iron Moth|Salt Cure
|
|-heal|p2a: Garganacl|13/100|[from] item: Leftovers
|-damage|p1a: Iron Moth|46/100|[from] Salt Cure
|upkeep
|turn|23
|
|t:|1743803890
|-end|p1a: Iron Moth|Quark Drive|[silent]
|switch|p1a: Dragapult|Dragapult, M|100/100
|move|p2a: Garganacl|Protect||[still]
|-fail|p2a: Garganacl
|
|-heal|p2a: Garganacl|19/100|[from] item: Leftovers
|upkeep
|turn|24
|
|t:|1743803897
|move|p1a: Dragapult|Dragon Darts|p2a: Garganacl
|-damage|p2a: Garganacl|0 fnt
|faint|p2a: Garganacl
|
|upkeep
|
|t:|1743803903
|switch|p2a: Kingambit|Kingambit, M|100/100
|-activate|p2a: Kingambit|ability: Supreme Overlord
|-start|p2a: Kingambit|fallen2|[silent]
|turn|25
|
|t:|1743803906
|switch|p1a: Iron Moth|Iron Moth|46/100
|move|p2a: Kingambit|Kowtow Cleave|p1a: Iron Moth
|-damage|p1a: Iron Moth|0 fnt
|faint|p1a: Iron Moth
|-end|p1a: Iron Moth|Quark Drive|[silent]
|
|upkeep
|
|t:|1743803907
|switch|p1a: Dragapult|Dragapult, M|100/100
|turn|26
|
|t:|1743803917
|move|p2a: Kingambit|Sucker Punch|p1a: Dragapult
|-supereffective|p1a: Dragapult
|-damage|p1a: Dragapult|0 fnt
|faint|p1a: Dragapult
|
|win|Jrbrbr
|raw|awtkss's rating: 1257 &rarr; <strong>1234</strong><br />(-23 for losing)
|raw|Jrbrbr's rating: 1280 &rarr; <strong>1303</strong><br />(+23 for winning)
|l|☆awtkss
|player|p1|
