|j|☆BadSinBad
|j|☆kemious
|t:|1743779726
|gametype|singles
|player|p1|BadSinBad|roughneck-gen4|1455
|player|p2|kemious|marshal|1486
|teamsize|p1|6
|teamsize|p2|6
|gen|9
|tier|[Gen 9] OU
|rated|
|rule|HP Percentage Mod: HP is shown in percentages
|rule|Endless Battle Clause: Forcing endless battles is banned
|rule|Species Clause: Limit one of each Pokémon
|rule|OHKO Clause: OHKO moves are banned
|rule|Evasion Items Clause: Evasion items are banned
|rule|Evasion Moves Clause: Evasion moves are banned
|rule|Sleep Moves Clause: Sleep-inducing moves are banned
|clearpoke
|poke|p1|Meowscarada, F|
|poke|p1|Gliscor, M|
|poke|p1|Ursaluna, F|
|poke|p1|Skarmory, F|
|poke|p1|Dragapult, F|
|poke|p1|Slowking-Galar, F|
|poke|p2|Chesnaught, M|
|poke|p2|Gastrodon, F|
|poke|p2|Kilowattrel, M|
|poke|p2|Glimmora, F|
|poke|p2|Ceruledge, M|
|poke|p2|Goodra-Hisui, F|
|teampreview
|inactive|Battle timer is ON: inactive players will automatically lose when time's up. (requested by kemious)
|inactive|BadSinBad has 120 seconds left.
|
|t:|1743779793
|start
|switch|p1a: Meowscarada|Meowscarada, F|100/100
|switch|p2a: Goodra|Goodra-Hisui, F|100/100
|turn|1
|
|t:|1743779805
|switch|p2a: Chesnaught|Chesnaught, M|100/100
|move|p1a: Meowscarada|U-turn|p2a: Chesnaught
|-start|p1a: Meowscarada|typechange|Bug|[from] ability: Protean
|-damage|p2a: Chesnaught|82/100
|
|t:|1743779810
|switch|p1a: Skarmory|Skarmory, F|100/100|[from] U-turn
|
|-heal|p2a: Chesnaught|88/100|[from] item: Leftovers
|upkeep
|turn|2
|
|t:|1743779814
|switch|p2a: Ceruledge|Ceruledge, M|100/100
|move|p1a: Skarmory|Stealth Rock|p2a: Ceruledge
|-sidestart|p2: kemious|move: Stealth Rock
|
|upkeep
|turn|3
|
|t:|1743779822
|move|p2a: Ceruledge|Swords Dance|p2a: Ceruledge
|-boost|p2a: Ceruledge|atk|2
|move|p1a: Skarmory|Whirlwind|p2a: Ceruledge
|drag|p2a: Chesnaught|Chesnaught, M|88/100
|-damage|p2a: Chesnaught|82/100|[from] Stealth Rock
|
|-heal|p2a: Chesnaught|88/100|[from] item: Leftovers
|upkeep
|turn|4
|
|t:|1743779831
|move|p2a: Chesnaught|Knock Off|p1a: Skarmory
|-damage|p1a: Skarmory|87/100
|-damage|p2a: Chesnaught|72/100|[from] item: Rocky Helmet|[of] p1a: Skarmory
|-enditem|p1a: Skarmory|Rocky Helmet|[from] move: Knock Off|[of] p2a: Chesnaught
|move|p1a: Skarmory|Whirlwind|p2a: Chesnaught
|drag|p2a: Glimmora|Glimmora, F|100/100
|-damage|p2a: Glimmora|88/100|[from] Stealth Rock
|
|upkeep
|turn|5
|
|t:|1743779844
|switch|p1a: Slowking|Slowking-Galar, F|100/100
|move|p2a: Glimmora|Power Gem|p1a: Slowking
|-damage|p1a: Slowking|81/100
|
|upkeep
|turn|6
|
|t:|1743779852
|move|p2a: Glimmora|Mortal Spin|p1a: Slowking
|-resisted|p1a: Slowking
|-crit|p1a: Slowking
|-damage|p1a: Slowking|77/100
|-sideend|p2: kemious|Stealth Rock|[from] move: Mortal Spin|[of] p2a: Glimmora
|move|p1a: Slowking|Psychic Noise|p2a: Glimmora
|-supereffective|p2a: Glimmora
|-damage|p2a: Glimmora|29/100
|-start|p2a: Glimmora|move: Heal Block
|-enditem|p2a: Glimmora|Red Card|[of] p1a: Slowking
|drag|p1a: Meowscarada|Meowscarada, F|100/100
|
|upkeep
|turn|7
|
|t:|1743779876
|switch|p2a: Chesnaught|Chesnaught, M|72/100
|move|p1a: Meowscarada|Spikes|p2a: Chesnaught
|-start|p1a: Meowscarada|typechange|Ground|[from] ability: Protean
|-sidestart|p2: kemious|Spikes
|
|-heal|p2a: Chesnaught|78/100|[from] item: Leftovers
|upkeep
|turn|8
|
|t:|1743779897
|move|p1a: Meowscarada|U-turn|p2a: Chesnaught
|-damage|p2a: Chesnaught|63/100
|
|t:|1743779899
|switch|p1a: Skarmory|Skarmory, F|87/100|[from] U-turn
|move|p2a: Chesnaught|Body Press|p1a: Skarmory
|-damage|p1a: Skarmory|61/100
|
|-heal|p2a: Chesnaught|69/100|[from] item: Leftovers
|upkeep
|turn|9
|
|t:|1743779905
|move|p2a: Chesnaught|Leech Seed|p1a: Skarmory
|-start|p1a: Skarmory|move: Leech Seed
|move|p1a: Skarmory|Stealth Rock|p2a: Chesnaught
|-sidestart|p2: kemious|move: Stealth Rock
|
|-heal|p2a: Chesnaught|75/100|[from] item: Leftovers
|-damage|p1a: Skarmory|48/100|[from] Leech Seed|[of] p2a: Chesnaught
|-heal|p2a: Chesnaught|87/100|[silent]
|upkeep
|turn|10
|
|t:|1743779912
|move|p2a: Chesnaught|Knock Off|p1a: Skarmory
|-damage|p1a: Skarmory|38/100
|move|p1a: Skarmory|Roost|p1a: Skarmory
|-heal|p1a: Skarmory|88/100
|-singleturn|p1a: Skarmory|move: Roost
|
|-heal|p2a: Chesnaught|93/100|[from] item: Leftovers
|-damage|p1a: Skarmory|76/100|[from] Leech Seed|[of] p2a: Chesnaught
|-heal|p2a: Chesnaught|100/100|[silent]
|upkeep
|turn|11
|
|t:|1743779915
|move|p2a: Chesnaught|Body Press|p1a: Skarmory
|-crit|p1a: Skarmory
|-damage|p1a: Skarmory|39/100
|move|p1a: Skarmory|Brave Bird|p2a: Chesnaught
|-supereffective|p2a: Chesnaught
|-damage|p2a: Chesnaught|5/100
|-damage|p1a: Skarmory|6/100|[from] Recoil
|
|-heal|p2a: Chesnaught|12/100|[from] item: Leftovers
|-damage|p1a: Skarmory|0 fnt|[from] Leech Seed|[of] p2a: Chesnaught
|-heal|p2a: Chesnaught|17/100|[silent]
|faint|p1a: Skarmory
|upkeep
|
|t:|1743779929
|switch|p1a: Dragapult|Dragapult, F|100/100
|turn|12
|
|t:|1743779941
|switch|p2a: Goodra|Goodra-Hisui, F|100/100
|-damage|p2a: Goodra|88/100|[from] Spikes
|-damage|p2a: Goodra|82/100|[from] Stealth Rock
|move|p1a: Dragapult|Hex|p2a: Goodra
|-damage|p2a: Goodra|70/100
|
|upkeep
|turn|13
|
|t:|1743779948
|move|p1a: Dragapult|U-turn|p2a: Goodra
|-resisted|p2a: Goodra
|-damage|p2a: Goodra|60/100
|
|t:|1743779953
|switch|p1a: Ursaluna|Ursaluna, F|100/100|[from] U-turn
|move|p2a: Goodra|Knock Off|p1a: Ursaluna
|-damage|p1a: Ursaluna|84/100
|-enditem|p1a: Ursaluna|Heavy-Duty Boots|[from] move: Knock Off|[of] p2a: Goodra
|
|upkeep
|turn|14
|
|t:|1743779961
|switch|p2a: Kilowattrel|Kilowattrel, M, shiny|100/100
|move|p1a: Ursaluna|Ice Punch|p2a: Kilowattrel
|-supereffective|p2a: Kilowattrel
|-damage|p2a: Kilowattrel|0 fnt
|faint|p2a: Kilowattrel
|
|upkeep
|
|t:|1743779970
|switch|p2a: Glimmora|Glimmora, F|29/100
|-damage|p2a: Glimmora|17/100|[from] Spikes
|-damage|p2a: Glimmora|4/100|[from] Stealth Rock
|turn|15
|
|t:|1743779987
|switch|p1a: Gliscor|Gliscor, M|100/100
|move|p2a: Glimmora|Mortal Spin|p1a: Gliscor
|-resisted|p1a: Gliscor
|-crit|p1a: Gliscor
|-damage|p1a: Gliscor|97/100
|-status|p1a: Gliscor|psn
|-sideend|p2: kemious|Spikes|[from] move: Mortal Spin|[of] p2a: Glimmora
|-sideend|p2: kemious|Stealth Rock|[from] move: Mortal Spin|[of] p2a: Glimmora
|
|-heal|p1a: Gliscor|100/100 psn|[from] ability: Poison Heal
|upkeep
|turn|16
|
|t:|1743779992
|move|p1a: Gliscor|Knock Off|p2a: Glimmora
|-damage|p2a: Glimmora|0 fnt
|-activate|p2a: Glimmora|ability: Toxic Debris
|-sidestart|p1: BadSinBad|move: Toxic Spikes
|faint|p2a: Glimmora
|
|upkeep
|
|t:|1743779999
|switch|p2a: Gastrodon|Gastrodon, F|100/100
|turn|17
|
|t:|1743780005
|switch|p1a: Slowking|Slowking-Galar, F|100/100
|-sideend|p1: BadSinBad|move: Toxic Spikes|[of] p1a: Slowking
|move|p2a: Gastrodon|Ice Beam|p1a: Slowking
|-damage|p1a: Slowking|88/100
|
|upkeep
|turn|18
|
|t:|1743780012
|move|p2a: Gastrodon|Earth Power|p1a: Slowking
|-supereffective|p1a: Slowking
|-damage|p1a: Slowking|53/100
|move|p1a: Slowking|Psychic Noise|p2a: Gastrodon
|-damage|p2a: Gastrodon|81/100
|-start|p2a: Gastrodon|move: Heal Block
|
|upkeep
|turn|19
|
|t:|1743780021
|move|p2a: Gastrodon|Spikes|p1a: Slowking
|-sidestart|p1: BadSinBad|Spikes
|-prepare|p1a: Slowking|Chilly Reception|[premajor]
|move|p1a: Slowking|Chilly Reception|p1a: Slowking
|-weather|Snowscape
|
|t:|1743780024
|switch|p1a: Meowscarada|Meowscarada, F|100/100|[from] Chilly Reception
|
|-weather|Snowscape|[upkeep]
|-end|p2a: Gastrodon|move: Heal Block
|upkeep
|turn|20
|
|t:|1743780031
|switch|p2a: Ceruledge|Ceruledge, M|100/100
|move|p1a: Meowscarada|Knock Off|p2a: Ceruledge
|-start|p1a: Meowscarada|typechange|Dark|[from] ability: Protean
|-supereffective|p2a: Ceruledge
|-damage|p2a: Ceruledge|3/100
|-enditem|p2a: Ceruledge|Heavy-Duty Boots|[from] move: Knock Off|[of] p1a: Meowscarada
|
|-weather|Snowscape|[upkeep]
|upkeep
|turn|21
|-message|kemious forfeited.
|
|win|BadSinBad
|raw|BadSinBad's rating: 1455 &rarr; <strong>1477</strong><br />(+22 for winning)
|raw|kemious's rating: 1486 &rarr; <strong>1464</strong><br />(-22 for losing)
|l|☆kemious
|player|p2|
|l|☆BadSinBad
|player|p1|
