|j|☆etude_suzuki
|j|☆ErFerGu
|t:|1743931452
|gametype|singles
|player|p1|etude_suzuki|266|1095
|player|p2|ErFerGu|palmer|1158
|teamsize|p1|6
|teamsize|p2|6
|gen|9
|tier|[Gen 9] OU
|rated|
|rule|HP Percentage Mod: HP is shown in percentages
|rule|Endless Battle Clause: Forcing endless battles is banned
|rule|Species Clause: Limit one of each Pokémon
|rule|OHKO Clause: OHKO moves are banned
|rule|Evasion Items Clause: Evasion items are banned
|rule|Evasion Moves Clause: Evasion moves are banned
|rule|Sleep Moves Clause: Sleep-inducing moves are banned
|clearpoke
|poke|p1|Pikachu, M|
|poke|p1|Lucario, M|
|poke|p1|Zoroark, M|
|poke|p1|Gardevoir, F|
|poke|p1|Lapras, F|
|poke|p1|Charizard, M|
|poke|p2|Tyranitar, F|
|poke|p2|Arcanine-Hisui, F|
|poke|p2|Scizor, M|
|poke|p2|Enamorus, F|
|poke|p2|Landorus-Therian, M|
|poke|p2|Hoopa-Unbound|
|teampreview
|
|t:|1743931459
|start
|switch|p1a: Lucario|Lucario, M|100/100
|switch|p2a: Landorus|Landorus-Therian, M|100/100
|-ability|p2a: Landorus|Intimidate|boost
|-fail|p1a: Lucario|unboost|Attack|[from] ability: Inner Focus|[of] p1a: Lucario
|turn|1
|inactive|Battle timer is ON: inactive players will automatically lose when time's up. (requested by etude_suzuki)
|
|t:|1743931465
|move|p2a: Landorus|U-turn|p1a: Lucario
|-resisted|p1a: Lucario
|-damage|p1a: Lucario|90/100
|
|t:|1743931471
|switch|p2a: Hoopa|Hoopa-Unbound|100/100|[from] U-turn
|move|p1a: Lucario|Ice Punch|p2a: Hoopa
|-damage|p2a: Hoopa|62/100
|
|upkeep
|turn|2
|
|t:|1743931494
|switch|p1a: Gardevoir|Gardevoir, F|100/100
|-ability|p1a: Gardevoir|Magician|[from] ability: Trace|[of] p2a: Hoopa
|move|p2a: Hoopa|Drain Punch|p1a: Gardevoir
|-resisted|p1a: Gardevoir
|-damage|p1a: Gardevoir|78/100
|-heal|p2a: Hoopa|73/100|[from] drain|[of] p1a: Gardevoir
|
|-heal|p1a: Gardevoir|84/100|[from] item: Leftovers
|upkeep
|turn|3
|
|t:|1743931514
|switch|p2a: Tyranitar|Tyranitar, F|100/100
|-weather|Sandstorm|[from] ability: Sand Stream|[of] p2a: Tyranitar
|move|p1a: Gardevoir|Calm Mind|p1a: Gardevoir
|-boost|p1a: Gardevoir|spa|1
|-boost|p1a: Gardevoir|spd|1
|
|-weather|Sandstorm|[upkeep]
|-damage|p1a: Gardevoir|78/100|[from] Sandstorm
|-heal|p1a: Gardevoir|84/100|[from] item: Leftovers
|upkeep
|turn|4
|
|t:|1743931524
|move|p1a: Gardevoir|Moonblast|p2a: Tyranitar
|-supereffective|p2a: Tyranitar
|-damage|p2a: Tyranitar|63/100
|-unboost|p2a: Tyranitar|spa|1
|move|p2a: Tyranitar|Knock Off|p1a: Gardevoir
|-damage|p1a: Gardevoir|5/100
|-enditem|p1a: Gardevoir|Leftovers|[from] move: Knock Off|[of] p2a: Tyranitar
|
|-weather|Sandstorm|[upkeep]
|-damage|p1a: Gardevoir|0 fnt|[from] Sandstorm
|faint|p1a: Gardevoir
|upkeep
|inactive|etude_suzuki has 120 seconds left.
|
|t:|1743931536
|switch|p1a: Lucario|Lucario, M|90/100
|turn|5
|
|t:|1743931543
|switch|p2a: Scizor|Scizor, M|100/100
|move|p1a: Lucario|Close Combat|p2a: Scizor
|-damage|p2a: Scizor|59/100
|-unboost|p1a: Lucario|def|1
|-unboost|p1a: Lucario|spd|1
|
|-weather|Sandstorm|[upkeep]
|-heal|p2a: Scizor|65/100|[from] item: Leftovers
|upkeep
|turn|6
|
|t:|1743931557
|switch|p1a: Charizard|Charizard, M|100/100
|move|p2a: Scizor|U-turn|p1a: Charizard
|-resisted|p1a: Charizard
|-damage|p1a: Charizard|90/100
|
|t:|1743931560
|switch|p2a: Landorus|Landorus-Therian, M|100/100|[from] U-turn
|-ability|p2a: Landorus|Intimidate|boost
|-unboost|p1a: Charizard|atk|1
|
|-weather|Sandstorm|[upkeep]
|-damage|p1a: Charizard|84/100|[from] Sandstorm
|upkeep
|turn|7
|
|t:|1743931571
|switch|p1a: Lucario|Lucario, M|90/100
|move|p2a: Landorus|U-turn|p1a: Lucario
|-resisted|p1a: Lucario
|-damage|p1a: Lucario|80/100
|
|t:|1743931601
|switch|p2a: Hoopa|Hoopa-Unbound|73/100|[from] U-turn
|
|-weather|none
|upkeep
|turn|8
|
|t:|1743931615
|switch|p1a: Charizard|Charizard, M|84/100
|move|p2a: Hoopa|Drain Punch|p1a: Charizard
|-resisted|p1a: Charizard
|-damage|p1a: Charizard|50/100
|-heal|p2a: Hoopa|90/100|[from] drain|[of] p1a: Charizard
|
|upkeep
|turn|9
|
|t:|1743931624
|move|p1a: Charizard|Will-O-Wisp|p2a: Hoopa
|-status|p2a: Hoopa|brn
|move|p2a: Hoopa|Drain Punch|p1a: Charizard
|-resisted|p1a: Charizard
|-damage|p1a: Charizard|32/100
|-heal|p2a: Hoopa|99/100 brn|[from] drain|[of] p1a: Charizard
|
|-damage|p2a: Hoopa|93/100 brn|[from] brn
|upkeep
|turn|10
|
|t:|1743931637
|move|p1a: Charizard|Air Slash|p2a: Hoopa
|-damage|p2a: Hoopa|60/100 brn
|cant|p2a: Hoopa|flinch
|
|-damage|p2a: Hoopa|54/100 brn|[from] brn
|upkeep
|turn|11
|
|t:|1743931643
|move|p1a: Charizard|Flamethrower|p2a: Hoopa
|-damage|p2a: Hoopa|0 fnt
|faint|p2a: Hoopa
|
|upkeep
|
|t:|1743931649
|switch|p2a: Enamorus|Enamorus, F|100/100
|turn|12
|
|t:|1743931658
|switch|p1a: Lapras|Lapras, F|100/100
|move|p2a: Enamorus|Calm Mind|p2a: Enamorus
|-boost|p2a: Enamorus|spa|1
|-boost|p2a: Enamorus|spd|1
|
|upkeep
|turn|13
|
|t:|1743931667
|move|p2a: Enamorus|Calm Mind|p2a: Enamorus
|-boost|p2a: Enamorus|spa|1
|-boost|p2a: Enamorus|spd|1
|move|p1a: Lapras|Freeze-Dry|p2a: Enamorus
|-supereffective|p2a: Enamorus
|-damage|p2a: Enamorus|62/100
|-status|p2a: Enamorus|frz
|
|-heal|p2a: Enamorus|69/100 frz|[from] item: Leftovers
|upkeep
|turn|14
|
|t:|1743931676
|-curestatus|p2a: Enamorus|frz|[msg]
|move|p2a: Enamorus|Calm Mind|p2a: Enamorus
|-boost|p2a: Enamorus|spa|1
|-boost|p2a: Enamorus|spd|1
|move|p1a: Lapras|Freeze-Dry|p2a: Enamorus
|-supereffective|p2a: Enamorus
|-damage|p2a: Enamorus|38/100
|-status|p2a: Enamorus|frz
|
|-heal|p2a: Enamorus|44/100 frz|[from] item: Leftovers
|upkeep
|turn|15
|
|t:|1743931686
|cant|p2a: Enamorus|frz
|move|p1a: Lapras|Freeze-Dry|p2a: Enamorus
|-supereffective|p2a: Enamorus
|-damage|p2a: Enamorus|13/100 frz
|
|-heal|p2a: Enamorus|19/100 frz|[from] item: Leftovers
|upkeep
|turn|16
|
|t:|1743931695
|move|p1a: Lapras|Ice Shard|p2a: Enamorus
|-supereffective|p2a: Enamorus
|-damage|p2a: Enamorus|0 fnt
|faint|p2a: Enamorus
|
|upkeep
|
|t:|1743931715
|switch|p2a: Tyranitar|Tyranitar, F|63/100
|-weather|Sandstorm|[from] ability: Sand Stream|[of] p2a: Tyranitar
|turn|17
|
|t:|1743931727
|switch|p1a: Lucario|Lucario, M|80/100
|move|p2a: Tyranitar|Knock Off|p1a: Lucario
|-resisted|p1a: Lucario
|-damage|p1a: Lucario|43/100
|-enditem|p1a: Lucario|Choice Scarf|[from] move: Knock Off|[of] p2a: Tyranitar
|
|-weather|Sandstorm|[upkeep]
|upkeep
|turn|18
|
|t:|1743931739
|switch|p2a: Scizor|Scizor, M|65/100
|move|p1a: Lucario|Close Combat|p2a: Scizor
|-damage|p2a: Scizor|25/100
|-unboost|p1a: Lucario|def|1
|-unboost|p1a: Lucario|spd|1
|
|-weather|Sandstorm|[upkeep]
|-heal|p2a: Scizor|32/100|[from] item: Leftovers
|upkeep
|turn|19
|
|t:|1743931754
|move|p2a: Scizor|Bullet Punch|p1a: Lucario
|-resisted|p1a: Lucario
|-damage|p1a: Lucario|11/100
|move|p1a: Lucario|Close Combat|p2a: Scizor
|-damage|p2a: Scizor|0 fnt
|-unboost|p1a: Lucario|def|1
|-unboost|p1a: Lucario|spd|1
|faint|p2a: Scizor
|
|-weather|Sandstorm|[upkeep]
|upkeep
|
|t:|1743931762
|switch|p2a: Landorus|Landorus-Therian, M|100/100
|-ability|p2a: Landorus|Intimidate|boost
|-fail|p1a: Lucario|unboost|Attack|[from] ability: Inner Focus|[of] p1a: Lucario
|turn|20
|
|t:|1743931770
|switch|p1a: Charizard|Charizard, M|32/100
|move|p2a: Landorus|U-turn|p1a: Charizard
|-resisted|p1a: Charizard
|-damage|p1a: Charizard|23/100
|
|t:|1743931774
|switch|p2a: Tyranitar|Tyranitar, F|63/100|[from] U-turn
|
|-weather|Sandstorm|[upkeep]
|-damage|p1a: Charizard|17/100|[from] Sandstorm
|upkeep
|turn|21
|
|t:|1743931781
|move|p1a: Charizard|Will-O-Wisp|p2a: Tyranitar
|-status|p2a: Tyranitar|brn
|move|p2a: Tyranitar|Knock Off|p1a: Charizard
|-damage|p1a: Charizard|0 fnt
|-enditem|p1a: Charizard|Heavy-Duty Boots|[from] move: Knock Off|[of] p2a: Tyranitar
|faint|p1a: Charizard
|
|-weather|none
|-damage|p2a: Tyranitar|57/100 brn|[from] brn
|upkeep
|
|t:|1743931794
|switch|p1a: Lapras|Lapras, F|100/100
|turn|22
|
|t:|1743931819
|move|p1a: Lapras|Sparkling Aria|p2a: Tyranitar
|-supereffective|p2a: Tyranitar
|-damage|p2a: Tyranitar|29/100 brn
|-curestatus|p2a: Tyranitar|brn|[msg]
|move|p2a: Tyranitar|Knock Off|p1a: Lapras
|-damage|p1a: Lapras|63/100
|-enditem|p1a: Lapras|Assault Vest|[from] move: Knock Off|[of] p2a: Tyranitar
|
|upkeep
|turn|23
|
|t:|1743931833
|move|p1a: Lapras|Sparkling Aria|p2a: Tyranitar
|-supereffective|p2a: Tyranitar
|-damage|p2a: Tyranitar|0 fnt
|faint|p2a: Tyranitar
|
|upkeep
|
|t:|1743931835
|switch|p2a: Arcanine|Arcanine-Hisui, F|100/100
|turn|24
|
|t:|1743931856
|-terastallize|p1a: Lapras|Steel
|move|p2a: Arcanine|Head Smash|p1a: Lapras
|-resisted|p1a: Lapras
|-damage|p1a: Lapras|11/100
|move|p1a: Lapras|Sparkling Aria|p2a: Arcanine
|-supereffective|p2a: Arcanine
|-crit|p2a: Arcanine
|-damage|p2a: Arcanine|0 fnt
|faint|p2a: Arcanine
|
|upkeep
|
|t:|1743931862
|switch|p2a: Landorus|Landorus-Therian, M|100/100
|-ability|p2a: Landorus|Intimidate|boost
|-unboost|p1a: Lapras|atk|1
|turn|25
|
|t:|1743931868
|move|p1a: Lapras|Ice Shard|p2a: Landorus
|-supereffective|p2a: Landorus
|-damage|p2a: Landorus|59/100
|move|p2a: Landorus|Earthquake|p1a: Lapras
|-supereffective|p1a: Lapras
|-damage|p1a: Lapras|0 fnt
|faint|p1a: Lapras
|
|upkeep
|
|t:|1743931875
|switch|p1a: Lucario|Lucario, M|100/100
|turn|26
|
|t:|1743931878
|move|p2a: Landorus|Earthquake|p1a: Lucario
|-enditem|p1a: Lucario|Focus Sash
|-damage|p1a: Lucario|1/100
|replace|p1a: Zoroark|Zoroark, M
|-end|p1a: Zoroark|Illusion
|move|p1a: Zoroark|Counter|p2a: Landorus
|-damage|p2a: Landorus|0 fnt
|faint|p2a: Landorus
|
|win|etude_suzuki
|raw|etude_suzuki's rating: 1095 &rarr; <strong>1125</strong><br />(+30 for winning)
|raw|ErFerGu's rating: 1158 &rarr; <strong>1129</strong><br />(-29 for losing)
|l|☆ErFerGu
|player|p2|
