|j|☆Rookie22
|j|☆Count Aula
|t:|1743880346
|gametype|singles
|player|p1|Rookie22|iris-gen5bw2|1615
|player|p2|Count Aula|ghetsis|1655
|teamsize|p1|6
|teamsize|p2|6
|gen|9
|tier|[Gen 9] OU
|rated|
|rule|HP Percentage Mod: HP is shown in percentages
|rule|Endless Battle Clause: Forcing endless battles is banned
|rule|Species Clause: Limit one of each Pokémon
|rule|OHKO Clause: OHKO moves are banned
|rule|Evasion Items Clause: Evasion items are banned
|rule|Evasion Moves Clause: Evasion moves are banned
|rule|Sleep Moves Clause: Sleep-inducing moves are banned
|clearpoke
|poke|p1|Iron Crown|
|poke|p1|Meowscarada, M|
|poke|p1|Dragonite, F|
|poke|p1|Keldeo|
|poke|p1|Great Tusk|
|poke|p1|Raging Bolt|
|poke|p2|Kingambit, F|
|poke|p2|Dragonite, F|
|poke|p2|Dragapult, M|
|poke|p2|Kyurem|
|poke|p2|Corviknight, F|
|poke|p2|Slowking-Galar, M|
|teampreview
|inactive|Battle timer is ON: inactive players will automatically lose when time's up. (requested by Count Aula)
|
|t:|1743880357
|start
|switch|p1a: Lisan Al Gaib|Keldeo|100/100
|switch|p2a: Dragapult|Dragapult, M|100/100
|turn|1
|
|t:|1743880374
|switch|p1a: Iron Crown|Iron Crown|100/100
|move|p2a: Dragapult|Draco Meteor|p1a: Iron Crown
|-resisted|p1a: Iron Crown
|-damage|p1a: Iron Crown|72/100
|-unboost|p2a: Dragapult|spa|2
|
|upkeep
|turn|2
|
|t:|1743880389
|switch|p2a: Slowking|Slowking-Galar, M|100/100
|move|p1a: Iron Crown|Tachyon Cutter|p2a: Slowking
|-damage|p2a: Slowking|85/100
|-damage|p2a: Slowking|69/100
|-hitcount|p2a: Slowking|2
|
|upkeep
|turn|3
|
|t:|1743880398
|move|p1a: Iron Crown|Psyshock|p2a: Slowking
|-damage|p2a: Slowking|27/100
|-prepare|p2a: Slowking|Chilly Reception|[premajor]
|move|p2a: Slowking|Chilly Reception|p2a: Slowking
|-weather|Snowscape
|
|t:|1743880404
|switch|p2a: Dragapult|Dragapult, M|100/100|[from] Chilly Reception
|
|-weather|Snowscape|[upkeep]
|upkeep
|turn|4
|j| Apogamy
|inactive|Rookie22 has 120 seconds left.
|inactive|Rookie22 has 90 seconds left.
|
|t:|1743880476
|-end|p1a: Iron Crown|Quark Drive|[silent]
|switch|p1a: Raging Bolt|Raging Bolt|100/100
|move|p2a: Dragapult|Flamethrower|p1a: Raging Bolt
|-resisted|p1a: Raging Bolt
|-damage|p1a: Raging Bolt|83/100
|
|-weather|Snowscape|[upkeep]
|-heal|p1a: Raging Bolt|89/100|[from] item: Leftovers
|upkeep
|turn|5
|j| themightydre
|
|t:|1743880487
|switch|p2a: Slowking|Slowking-Galar, M|60/100
|move|p1a: Raging Bolt|Calm Mind|p1a: Raging Bolt
|-boost|p1a: Raging Bolt|spa|1
|-boost|p1a: Raging Bolt|spd|1
|
|-weather|Snowscape|[upkeep]
|-heal|p1a: Raging Bolt|95/100|[from] item: Leftovers
|upkeep
|turn|6
|
|t:|1743880496
|move|p1a: Raging Bolt|Thunderbolt|p2a: Slowking
|-damage|p2a: Slowking|14/100
|move|p2a: Slowking|Toxic|p1a: Raging Bolt
|-status|p1a: Raging Bolt|tox
|
|-weather|Snowscape|[upkeep]
|-heal|p1a: Raging Bolt|100/100 tox|[from] item: Leftovers
|-damage|p1a: Raging Bolt|94/100 tox|[from] psn
|upkeep
|turn|7
|
|t:|1743880516
|switch|p2a: Kyurem|Kyurem|100/100
|-ability|p2a: Kyurem|Pressure
|move|p1a: Raging Bolt|Thunderbolt|p2a: Kyurem
|-resisted|p2a: Kyurem
|-damage|p2a: Kyurem|63/100
|
|-weather|none
|-heal|p1a: Raging Bolt|100/100 tox|[from] item: Leftovers
|-damage|p1a: Raging Bolt|88/100 tox|[from] psn
|upkeep
|turn|8
|
|t:|1743880529
|-end|p1a: Raging Bolt|Protosynthesis|[silent]
|switch|p1a: Iron Crown|Iron Crown|72/100
|move|p2a: Kyurem|Ice Beam|p1a: Iron Crown
|-resisted|p1a: Iron Crown
|-damage|p1a: Iron Crown|49/100
|
|upkeep
|turn|9
|j| ssskgc
|
|t:|1743880539
|switch|p2a: Corviknight|Corviknight, F, shiny|100/100
|-ability|p2a: Corviknight|Pressure
|move|p1a: Iron Crown|Tachyon Cutter|p2a: Corviknight
|-resisted|p2a: Corviknight
|-damage|p2a: Corviknight|89/100
|-resisted|p2a: Corviknight
|-damage|p2a: Corviknight|76/100
|-hitcount|p2a: Corviknight|2
|
|upkeep
|turn|10
|j| ASilentKingambitX
|
|t:|1743880555
|move|p1a: Iron Crown|Volt Switch|p2a: Corviknight
|-supereffective|p2a: Corviknight
|-damage|p2a: Corviknight|33/100
|j| Quietstrangyr
|inactive|Rookie22 has 90 seconds left.
|
|t:|1743880570
|-end|p1a: Iron Crown|Quark Drive|[silent]
|switch|p1a: Raging Bolt|Raging Bolt|88/100 tox|[from] Volt Switch
|move|p2a: Corviknight|U-turn|p1a: Raging Bolt
|-damage|p1a: Raging Bolt|75/100 tox
|
|t:|1743880587
|switch|p2a: Kyurem|Kyurem|63/100|[from] U-turn
|-ability|p2a: Kyurem|Pressure
|
|-heal|p1a: Raging Bolt|82/100 tox|[from] item: Leftovers
|-damage|p1a: Raging Bolt|75/100 tox|[from] psn
|upkeep
|turn|11
|
|t:|1743880598
|-end|p1a: Raging Bolt|Protosynthesis|[silent]
|switch|p1a: Iron Crown|Iron Crown|49/100
|move|p2a: Kyurem|Earth Power|p1a: Iron Crown
|-supereffective|p1a: Iron Crown
|-damage|p1a: Iron Crown|0 fnt
|faint|p1a: Iron Crown
|-end|p1a: Iron Crown|Quark Drive|[silent]
|
|upkeep
|inactive|Rookie22 has 90 seconds left.
|
|t:|1743880614
|switch|p1a: Lisan Al Gaib|Keldeo|100/100
|turn|12
|
|t:|1743880618
|switch|p2a: Slowking|Slowking-Galar, M|47/100
|move|p1a: Lisan Al Gaib|Surf|p2a: Slowking
|-damage|p2a: Slowking|3/100
|
|upkeep
|turn|13
|
|t:|1743880626
|move|p1a: Lisan Al Gaib|Surf|p2a: Slowking
|-damage|p2a: Slowking|0 fnt
|faint|p2a: Slowking
|
|upkeep
|
|t:|1743880632
|switch|p2a: Kyurem|Kyurem|63/100
|-ability|p2a: Kyurem|Pressure
|turn|14
|inactive|Rookie22 has 90 seconds left.
|
|t:|1743880670
|-terastallize|p1a: Lisan Al Gaib|Fighting
|move|p2a: Kyurem|Draco Meteor|p1a: Lisan Al Gaib
|-damage|p1a: Lisan Al Gaib|0 fnt
|-unboost|p2a: Kyurem|spa|2
|faint|p1a: Lisan Al Gaib
|
|upkeep
|j| Alola Magikarp
|
|t:|1743880684
|switch|p1a: Meowscarada|Meowscarada, M|100/100
|turn|15
|
|t:|1743880688
|switch|p2a: Corviknight|Corviknight, F, shiny|33/100
|-ability|p2a: Corviknight|Pressure
|move|p1a: Meowscarada|Knock Off|p2a: Corviknight
|-start|p1a: Meowscarada|typechange|Dark|[from] ability: Protean
|-damage|p2a: Corviknight|7/100
|-damage|p1a: Meowscarada|84/100|[from] item: Rocky Helmet|[of] p2a: Corviknight
|-enditem|p2a: Corviknight|Rocky Helmet|[from] move: Knock Off|[of] p1a: Meowscarada
|
|upkeep
|turn|16
|j| jsnsddk
|
|t:|1743880700
|move|p1a: Meowscarada|Knock Off|p2a: Corviknight
|-damage|p2a: Corviknight|0 fnt
|faint|p2a: Corviknight
|
|upkeep
|
|t:|1743880709
|switch|p2a: Kingambit|Kingambit, F|100/100
|-activate|p2a: Kingambit|ability: Supreme Overlord
|-start|p2a: Kingambit|fallen2|[silent]
|turn|17
|
|t:|1743880716
|switch|p1a: Great Tusk|Great Tusk|100/100
|move|p2a: Kingambit|Iron Head|p1a: Great Tusk
|-damage|p1a: Great Tusk|65/100
|
|-heal|p1a: Great Tusk|71/100|[from] item: Leftovers
|upkeep
|turn|18
|
|t:|1743880736
|-end|p2a: Kingambit|fallen2|[silent]
|switch|p2a: Dragapult|Dragapult, M|100/100
|move|p1a: Great Tusk|Earthquake|p2a: Dragapult
|-damage|p2a: Dragapult|24/100
|
|-heal|p1a: Great Tusk|77/100|[from] item: Leftovers
|upkeep
|turn|19
|inactive|Rookie22 has 120 seconds left.
|
|t:|1743880768
|-end|p1a: Great Tusk|Protosynthesis|[silent]
|switch|p1a: Meowscarada|Meowscarada, M|84/100
|move|p2a: Dragapult|Draco Meteor|p1a: Meowscarada
|-damage|p1a: Meowscarada|0 fnt
|-unboost|p2a: Dragapult|spa|2
|faint|p1a: Meowscarada
|
|upkeep
|
|t:|1743880773
|switch|p1a: Dragonite|Dragonite, F|100/100
|turn|20
|
|t:|1743880779
|move|p2a: Dragapult|Draco Meteor|p1a: Dragonite
|-supereffective|p1a: Dragonite
|-damage|p1a: Dragonite|56/100
|-unboost|p2a: Dragapult|spa|2
|move|p1a: Dragonite|Dragon Dance|p1a: Dragonite
|-boost|p1a: Dragonite|atk|1
|-boost|p1a: Dragonite|spe|1
|
|upkeep
|turn|21
|
|t:|1743880789
|move|p1a: Dragonite|Ice Spinner|p2a: Dragapult
|-supereffective|p2a: Dragapult
|-damage|p2a: Dragapult|0 fnt
|faint|p2a: Dragapult
|
|upkeep
|
|t:|1743880794
|switch|p2a: Dragonite|Dragonite, F, shiny|100/100
|turn|22
|
|t:|1743880798
|-terastallize|p2a: Dragonite|Normal
|move|p2a: Dragonite|Extreme Speed|p1a: Dragonite
|-damage|p1a: Dragonite|0 fnt
|faint|p1a: Dragonite
|
|upkeep
|
|t:|1743880803
|switch|p1a: Great Tusk|Great Tusk|77/100
|turn|23
|
|t:|1743880808
|switch|p2a: Kingambit|Kingambit, F|100/100
|-activate|p2a: Kingambit|ability: Supreme Overlord
|-start|p2a: Kingambit|fallen3|[silent]
|move|p1a: Great Tusk|Earthquake|p2a: Kingambit
|-supereffective|p2a: Kingambit
|-damage|p2a: Kingambit|0 fnt
|faint|p2a: Kingambit
|-end|p2a: Kingambit|fallen3|[silent]
|
|-heal|p1a: Great Tusk|83/100|[from] item: Leftovers
|upkeep
|
|t:|1743880818
|switch|p2a: Kyurem|Kyurem|63/100
|-ability|p2a: Kyurem|Pressure
|turn|24
|-message|Rookie22 forfeited.
|
|win|Count Aula
|raw|Rookie22's rating: 1615 &rarr; <strong>1597</strong><br />(-18 for losing)
|raw|Count Aula's rating: 1655 &rarr; <strong>1673</strong><br />(+18 for winning)
|l|☆Rookie22
|player|p1|
|l| ASilentKingambitX
|l| themightydre
|l| ssskgc
|l|☆Count Aula
|player|p2|
|l| Quietstrangyr
