|j|☆Galladekisser
|j|☆Lancerito
|t:|1743900798
|gametype|singles
|player|p1|Galladekisser|pokefanf-gen2|1270
|player|p2|Lancerito|169|1193
|teamsize|p1|6
|teamsize|p2|6
|gen|9
|tier|[Gen 9] OU
|rated|
|rule|HP Percentage Mod: HP is shown in percentages
|rule|Endless Battle Clause: Forcing endless battles is banned
|rule|Species Clause: Limit one of each Pokémon
|rule|OHKO Clause: OHKO moves are banned
|rule|Evasion Items Clause: Evasion items are banned
|rule|Evasion Moves Clause: Evasion moves are banned
|rule|Sleep Moves Clause: Sleep-inducing moves are banned
|clearpoke
|poke|p1|Rillaboom, F|
|poke|p1|Chesnaught, M|
|poke|p1|Hawlucha, M|
|poke|p1|Weezing-Galar, F|
|poke|p1|Garganacl, M|
|poke|p1|Clodsire, M|
|poke|p2|Dondozo, M|
|poke|p2|Garganacl, F|
|poke|p2|Minior|
|poke|p2|Gholdengo|
|poke|p2|Corviknight, M|
|poke|p2|Slowking-Galar, M|
|teampreview
|inactive|Battle timer is ON: inactive players will automatically lose when time's up. (requested by Galladekisser)
|
|t:|1743900815
|start
|switch|p1a: Rillaboom|Rillaboom, F|100/100
|switch|p2a: Minior|Minior, shiny|100/100
|-fieldstart|move: Grassy Terrain|[from] ability: Grassy Surge|[of] p1a: Rillaboom
|-formechange|p2a: Minior|Minior-Meteor||[from] ability: Shields Down
|turn|1
|
|t:|1743900832
|move|p2a: Minior|Shell Smash|p2a: Minior
|-unboost|p2a: Minior|def|1
|-unboost|p2a: Minior|spd|1
|-boost|p2a: Minior|atk|2
|-boost|p2a: Minior|spa|2
|-boost|p2a: Minior|spe|2
|-enditem|p2a: Minior|White Herb
|-clearnegativeboost|p2a: Minior|[silent]
|move|p1a: Rillaboom|Leech Seed|p2a: Minior
|-start|p2a: Minior|move: Leech Seed
|
|-damage|p2a: Minior|88/100|[from] Leech Seed|[of] p1a: Rillaboom
|upkeep
|turn|2
|
|t:|1743900844
|switch|p1a: Garganacl|Garganacl, M|100/100
|move|p2a: Minior|Acrobatics|p1a: Garganacl
|-resisted|p1a: Garganacl
|-damage|p1a: Garganacl|83/100
|
|-heal|p1a: Garganacl|90/100|[from] Grassy Terrain
|-heal|p1a: Garganacl|96/100|[from] item: Leftovers
|-damage|p2a: Minior|76/100|[from] Leech Seed|[of] p1a: Garganacl
|-heal|p1a: Garganacl|100/100|[silent]
|upkeep
|turn|3
|
|t:|1743900856
|move|p2a: Minior|Earthquake|p1a: Garganacl
|-supereffective|p1a: Garganacl
|-damage|p1a: Garganacl|79/100
|move|p1a: Garganacl|Stealth Rock|p2a: Minior
|-sidestart|p2: Lancerito|move: Stealth Rock
|
|-heal|p1a: Garganacl|85/100|[from] Grassy Terrain
|-heal|p1a: Garganacl|92/100|[from] item: Leftovers
|-damage|p2a: Minior|64/100|[from] Leech Seed|[of] p1a: Garganacl
|-heal|p1a: Garganacl|100/100|[silent]
|upkeep
|turn|4
|
|t:|1743900868
|switch|p2a: Maria Corina|Gholdengo, shiny|100/100
|-damage|p2a: Maria Corina|94/100|[from] Stealth Rock
|move|p1a: Garganacl|Salt Cure|p2a: Maria Corina
|-resisted|p2a: Maria Corina
|-crit|p2a: Maria Corina
|-damage|p2a: Maria Corina|82/100
|-start|p2a: Maria Corina|Salt Cure
|
|-heal|p2a: Maria Corina|88/100|[from] Grassy Terrain
|-heal|p2a: Maria Corina|94/100|[from] item: Leftovers
|-damage|p2a: Maria Corina|69/100|[from] Salt Cure
|upkeep
|turn|5
|
|t:|1743900881
|switch|p1a: Clodsire|Clodsire, M|100/100
|move|p2a: Maria Corina|Make It Rain|p1a: Clodsire
|-damage|p1a: Clodsire|64/100
|-unboost|p2a: Maria Corina|spa|1
|
|-heal|p2a: Maria Corina|75/100|[from] Grassy Terrain
|-heal|p2a: Maria Corina|81/100|[from] item: Leftovers
|-heal|p1a: Clodsire|70/100|[from] Grassy Terrain
|-heal|p1a: Clodsire|76/100|[from] item: Leftovers
|-damage|p2a: Maria Corina|56/100|[from] Salt Cure
|upkeep
|turn|6
|
|t:|1743900898
|switch|p2a: Dr Kilo|Dondozo, M, shiny|100/100
|-damage|p2a: Dr Kilo|88/100|[from] Stealth Rock
|move|p1a: Clodsire|Amnesia|p1a: Clodsire
|-boost|p1a: Clodsire|spd|2
|
|-heal|p2a: Dr Kilo|94/100|[from] Grassy Terrain
|-heal|p2a: Dr Kilo|99/100|[from] item: Leftovers
|-heal|p1a: Clodsire|82/100|[from] Grassy Terrain
|-heal|p1a: Clodsire|89/100|[from] item: Leftovers
|upkeep
|turn|7
|
|t:|1743900913
|move|p2a: Dr Kilo|Liquidation|p1a: Clodsire
|-supereffective|p1a: Clodsire
|-damage|p1a: Clodsire|0 fnt
|faint|p1a: Clodsire
|
|-heal|p2a: Dr Kilo|100/100|[from] Grassy Terrain
|upkeep
|
|t:|1743900921
|switch|p1a: Garganacl|Garganacl, M|100/100
|turn|8
|
|t:|1743900924
|move|p2a: Dr Kilo|Liquidation|p1a: Garganacl
|-supereffective|p1a: Garganacl
|-damage|p1a: Garganacl|57/100
|move|p1a: Garganacl|Salt Cure|p2a: Dr Kilo
|-damage|p2a: Dr Kilo|91/100
|-start|p2a: Dr Kilo|Salt Cure
|
|-heal|p1a: Garganacl|64/100|[from] Grassy Terrain
|-heal|p2a: Dr Kilo|97/100|[from] Grassy Terrain
|-heal|p2a: Dr Kilo|100/100|[from] item: Leftovers
|-heal|p1a: Garganacl|70/100|[from] item: Leftovers
|-damage|p2a: Dr Kilo|76/100|[from] Salt Cure
|-fieldend|move: Grassy Terrain
|upkeep
|turn|9
|
|t:|1743900939
|switch|p1a: Rillaboom|Rillaboom, F|100/100
|-fieldstart|move: Grassy Terrain|[from] ability: Grassy Surge|[of] p1a: Rillaboom
|move|p2a: Dr Kilo|Liquidation|p1a: Rillaboom
|-resisted|p1a: Rillaboom
|-damage|p1a: Rillaboom|89/100
|
|-heal|p1a: Rillaboom|95/100|[from] Grassy Terrain
|-heal|p2a: Dr Kilo|82/100|[from] Grassy Terrain
|-heal|p2a: Dr Kilo|88/100|[from] item: Leftovers
|-damage|p2a: Dr Kilo|63/100|[from] Salt Cure
|upkeep
|turn|10
|
|t:|1743900952
|switch|p2a: Corviknight|Corviknight, M, shiny|100/100
|-damage|p2a: Corviknight|88/100|[from] Stealth Rock
|move|p1a: Rillaboom|Knock Off|p2a: Corviknight
|-damage|p2a: Corviknight|71/100
|-damage|p1a: Rillaboom|78/100|[from] item: Rocky Helmet|[of] p2a: Corviknight
|-enditem|p2a: Corviknight|Rocky Helmet|[from] move: Knock Off|[of] p1a: Rillaboom
|
|-heal|p1a: Rillaboom|84/100|[from] Grassy Terrain
|upkeep
|turn|11
|
|t:|1743900964
|move|p1a: Rillaboom|Leech Seed|p2a: Corviknight
|-start|p2a: Corviknight|move: Leech Seed
|move|p2a: Corviknight|Body Press|p1a: Rillaboom
|-damage|p1a: Rillaboom|67/100
|
|-heal|p1a: Rillaboom|74/100|[from] Grassy Terrain
|-damage|p2a: Corviknight|58/100|[from] Leech Seed|[of] p1a: Rillaboom
|-heal|p1a: Rillaboom|86/100|[silent]
|upkeep
|turn|12
|
|t:|1743900974
|switch|p1a: Chesnaught|Chesnaught, M|100/100
|move|p2a: Corviknight|U-turn|p1a: Chesnaught
|-damage|p1a: Chesnaught|93/100
|
|t:|1743900978
|switch|p2a: Minior|Minior, shiny|64/100|[from] U-turn
|-damage|p2a: Minior|39/100|[from] Stealth Rock
|
|-heal|p1a: Chesnaught|99/100|[from] Grassy Terrain
|upkeep
|turn|13
|
|t:|1743900987
|switch|p1a: Garganacl|Garganacl, M|70/100
|move|p2a: Minior|Acrobatics|p1a: Garganacl
|-resisted|p1a: Garganacl
|-damage|p1a: Garganacl|57/100
|
|-heal|p1a: Garganacl|64/100|[from] Grassy Terrain
|-heal|p1a: Garganacl|70/100|[from] item: Leftovers
|upkeep
|turn|14
|
|t:|1743901002
|-terastallize|p2a: Minior|Steel
|move|p2a: Minior|Shell Smash|p2a: Minior
|-unboost|p2a: Minior|def|1
|-unboost|p2a: Minior|spd|1
|-boost|p2a: Minior|atk|2
|-boost|p2a: Minior|spa|2
|-boost|p2a: Minior|spe|2
|move|p1a: Garganacl|Salt Cure|p2a: Minior
|-resisted|p2a: Minior
|-damage|p2a: Minior|19/100
|-start|p2a: Minior|Salt Cure
|
|-heal|p2a: Minior|25/100|[from] Grassy Terrain
|-heal|p1a: Garganacl|76/100|[from] Grassy Terrain
|-heal|p1a: Garganacl|82/100|[from] item: Leftovers
|-damage|p2a: Minior|0 fnt|[from] Salt Cure
|faint|p2a: Minior
|upkeep
|
|t:|1743901006
|switch|p2a: Garganacl|Garganacl, F, shiny|100/100
|-damage|p2a: Garganacl|88/100|[from] Stealth Rock
|turn|15
|
|t:|1743901024
|move|p1a: Garganacl|Salt Cure|p2a: Garganacl
|-damage|p2a: Garganacl|79/100
|-start|p2a: Garganacl|Salt Cure
|move|p2a: Garganacl|Iron Defense|p2a: Garganacl
|-boost|p2a: Garganacl|def|2
|
|-heal|p1a: Garganacl|88/100|[from] Grassy Terrain
|-heal|p2a: Garganacl|85/100|[from] Grassy Terrain
|-heal|p1a: Garganacl|95/100|[from] item: Leftovers
|-heal|p2a: Garganacl|91/100|[from] item: Leftovers
|-damage|p2a: Garganacl|79/100|[from] Salt Cure
|upkeep
|turn|16
|
|t:|1743901038
|switch|p1a: Chesnaught|Chesnaught, M|99/100
|move|p2a: Garganacl|Iron Defense|p2a: Garganacl
|-boost|p2a: Garganacl|def|2
|
|-heal|p1a: Chesnaught|100/100|[from] Grassy Terrain
|-heal|p2a: Garganacl|85/100|[from] Grassy Terrain
|-heal|p2a: Garganacl|91/100|[from] item: Leftovers
|-damage|p2a: Garganacl|79/100|[from] Salt Cure
|-fieldend|move: Grassy Terrain
|upkeep
|turn|17
|
|t:|1743901050
|move|p1a: Chesnaught|Belly Drum|p1a: Chesnaught
|-damage|p1a: Chesnaught|50/100
|-setboost|p1a: Chesnaught|atk|6|[from] move: Belly Drum
|-enditem|p1a: Chesnaught|Sitrus Berry|[eat]
|-heal|p1a: Chesnaught|75/100|[from] item: Sitrus Berry
|move|p2a: Garganacl|Salt Cure|p1a: Chesnaught
|-resisted|p1a: Chesnaught
|-damage|p1a: Chesnaught|72/100
|-start|p1a: Chesnaught|Salt Cure
|
|-heal|p2a: Garganacl|85/100|[from] item: Leftovers
|-damage|p1a: Chesnaught|59/100|[from] Salt Cure
|-damage|p2a: Garganacl|73/100|[from] Salt Cure
|upkeep
|turn|18
|
|t:|1743901064
|move|p2a: Garganacl|Protect|p2a: Garganacl
|-singleturn|p2a: Garganacl|Protect
|move|p1a: Chesnaught|Drain Punch|p2a: Garganacl
|-activate|p2a: Garganacl|move: Protect
|
|-heal|p2a: Garganacl|79/100|[from] item: Leftovers
|-damage|p1a: Chesnaught|47/100|[from] Salt Cure
|-damage|p2a: Garganacl|67/100|[from] Salt Cure
|upkeep
|turn|19
|
|t:|1743901073
|move|p1a: Chesnaught|Grassy Glide|p2a: Garganacl
|-supereffective|p2a: Garganacl
|-damage|p2a: Garganacl|33/100
|move|p2a: Garganacl|Iron Defense|p2a: Garganacl
|-boost|p2a: Garganacl|def|2
|
|-heal|p2a: Garganacl|39/100|[from] item: Leftovers
|-damage|p1a: Chesnaught|35/100|[from] Salt Cure
|-damage|p2a: Garganacl|26/100|[from] Salt Cure
|upkeep
|turn|20
|-message|Galladekisser forfeited.
|
|win|Lancerito
|raw|Galladekisser's rating: 1270 &rarr; <strong>1240</strong><br />(-30 for losing)
|raw|Lancerito's rating: 1193 &rarr; <strong>1223</strong><br />(+30 for winning)
|l|☆Galladekisser
|player|p1|
|l|☆Lancerito
|player|p2|
