|j|☆Aswasawsaa
|j|☆yubel861
|t:|1743937489
|gametype|singles
|player|p1|Aswasawsaa|169|1172
|player|p2|yubel861|hiker-gen4|1151
|teamsize|p1|6
|teamsize|p2|6
|gen|9
|tier|[Gen 9] OU
|rated|
|rule|HP Percentage Mod: HP is shown in percentages
|rule|Endless Battle Clause: Forcing endless battles is banned
|rule|Species Clause: Limit one of each Pokémon
|rule|OHKO Clause: OHKO moves are banned
|rule|Evasion Items Clause: Evasion items are banned
|rule|Evasion Moves Clause: Evasion moves are banned
|rule|Sleep Moves Clause: Sleep-inducing moves are banned
|clearpoke
|poke|p1|Ting-Lu|
|poke|p1|Skarmory, F|
|poke|p1|Cobalion|
|poke|p1|Dragapult, F|
|poke|p1|Zamazenta-*|
|poke|p1|Toxapex, M|
|poke|p2|Slowking-Galar, F|
|poke|p2|Zamazenta-*|
|poke|p2|Glimmora, M|
|poke|p2|Gholdengo|
|poke|p2|Iron Crown|
|poke|p2|Dragapult, F|
|teampreview
|
|t:|1743937508
|start
|switch|p1a: Ting-Lu|Ting-Lu|100/100
|switch|p2a: Dragapult|Dragapult, F|100/100
|-ability|p1a: Ting-Lu|Vessel of Ruin
|turn|1
|
|t:|1743937518
|move|p2a: Dragapult|U-turn|p1a: Ting-Lu
|-supereffective|p1a: Ting-Lu
|-damage|p1a: Ting-Lu|83/100
|
|t:|1743937523
|switch|p2a: Glimmora|Glimmora, M|100/100|[from] U-turn
|move|p1a: Ting-Lu|Stealth Rock|p2a: Glimmora
|-sidestart|p2: yubel861|move: Stealth Rock
|
|-heal|p1a: Ting-Lu|90/100|[from] item: Leftovers
|upkeep
|turn|2
|
|t:|1743937529
|move|p2a: Glimmora|Mortal Spin|p1a: Ting-Lu
|-resisted|p1a: Ting-Lu
|-damage|p1a: Ting-Lu|88/100
|-status|p1a: Ting-Lu|psn
|-sideend|p2: yubel861|Stealth Rock|[from] move: Mortal Spin|[of] p2a: Glimmora
|move|p1a: Ting-Lu|Ruination|p2a: Glimmora|[miss]
|-miss|p1a: Ting-Lu|p2a: Glimmora
|
|-heal|p1a: Ting-Lu|94/100 psn|[from] item: Leftovers
|-damage|p1a: Ting-Lu|82/100 psn|[from] psn
|upkeep
|turn|3
|
|t:|1743937539
|move|p2a: Glimmora|Stealth Rock|p1a: Ting-Lu
|-sidestart|p1: Aswasawsaa|move: Stealth Rock
|move|p1a: Ting-Lu|Ruination|p2a: Glimmora
|-damage|p2a: Glimmora|51/100
|
|-heal|p1a: Ting-Lu|88/100 psn|[from] item: Leftovers
|-damage|p1a: Ting-Lu|75/100 psn|[from] psn
|upkeep
|turn|4
|
|t:|1743937552
|move|p2a: Glimmora|Earth Power|p1a: Ting-Lu
|-damage|p1a: Ting-Lu|63/100 psn
|move|p1a: Ting-Lu|Stealth Rock|p2a: Glimmora
|-sidestart|p2: yubel861|move: Stealth Rock
|
|-heal|p1a: Ting-Lu|70/100 psn|[from] item: Leftovers
|-damage|p1a: Ting-Lu|57/100 psn|[from] psn
|upkeep
|turn|5
|
|t:|1743937560
|move|p2a: Glimmora|Mortal Spin|p1a: Ting-Lu
|-resisted|p1a: Ting-Lu
|-damage|p1a: Ting-Lu|55/100 psn
|-sideend|p2: yubel861|Stealth Rock|[from] move: Mortal Spin|[of] p2a: Glimmora
|move|p1a: Ting-Lu|Earthquake|p2a: Glimmora
|-supereffective|p2a: Glimmora
|-damage|p2a: Glimmora|0 fnt
|-activate|p2a: Glimmora|ability: Toxic Debris
|-sidestart|p1: Aswasawsaa|move: Toxic Spikes
|faint|p2a: Glimmora
|
|-heal|p1a: Ting-Lu|62/100 psn|[from] item: Leftovers
|-damage|p1a: Ting-Lu|49/100 psn|[from] psn
|upkeep
|
|t:|1743937573
|switch|p2a: Zamazenta|Zamazenta|100/100
|-ability|p2a: Zamazenta|Dauntless Shield|boost
|-boost|p2a: Zamazenta|def|1
|turn|6
|
|t:|1743937581
|move|p2a: Zamazenta|Body Press|p1a: Ting-Lu
|-supereffective|p1a: Ting-Lu
|-damage|p1a: Ting-Lu|0 fnt
|faint|p1a: Ting-Lu
|
|upkeep
|
|t:|1743937584
|switch|p1a: Toxapex|Toxapex, M|100/100
|-sideend|p1: Aswasawsaa|move: Toxic Spikes|[of] p1a: Toxapex
|turn|7
|
|t:|1743937590
|switch|p2a: Slowking|Slowking-Galar, F|100/100
|move|p1a: Toxapex|Toxic|p2a: Slowking
|-immune|p2a: Slowking
|
|upkeep
|turn|8
|
|t:|1743937596
|switch|p1a: Cobalion|Cobalion|100/100
|-damage|p1a: Cobalion|97/100|[from] Stealth Rock
|move|p2a: Slowking|Psychic Noise|p1a: Cobalion
|-damage|p1a: Cobalion|71/100
|-start|p1a: Cobalion|move: Heal Block
|
|upkeep
|turn|9
|
|t:|1743937622
|switch|p2a: Zamazenta|Zamazenta|100/100
|move|p1a: Cobalion|Calm Mind|p1a: Cobalion
|-boost|p1a: Cobalion|spa|1
|-boost|p1a: Cobalion|spd|1
|
|-end|p1a: Cobalion|move: Heal Block
|upkeep
|turn|10
|
|t:|1743937633
|-terastallize|p1a: Cobalion|Water
|move|p2a: Zamazenta|Body Press|p1a: Cobalion
|-damage|p1a: Cobalion|50/100
|move|p1a: Cobalion|Substitute|p1a: Cobalion
|-start|p1a: Cobalion|Substitute
|-damage|p1a: Cobalion|25/100
|
|-heal|p1a: Cobalion|32/100|[from] item: Leftovers
|upkeep
|turn|11
|
|t:|1743937661
|switch|p2a: Iron Crown|Iron Crown|100/100
|-enditem|p2a: Iron Crown|Booster Energy
|-activate|p2a: Iron Crown|ability: Quark Drive|[fromitem]
|-start|p2a: Iron Crown|quarkdrivespe
|move|p1a: Cobalion|Flash Cannon|p2a: Iron Crown
|-resisted|p2a: Iron Crown
|-damage|p2a: Iron Crown|82/100
|-unboost|p2a: Iron Crown|spd|1
|
|-heal|p1a: Cobalion|38/100|[from] item: Leftovers
|upkeep
|turn|12
|
|t:|1743937672
|move|p2a: Iron Crown|Volt Switch|p1a: Cobalion
|-supereffective|p1a: Cobalion
|-end|p1a: Cobalion|Substitute
|
|t:|1743937676
|-end|p2a: Iron Crown|Quark Drive|[silent]
|switch|p2a: Slowking|Slowking-Galar, F|100/100|[from] Volt Switch
|move|p1a: Cobalion|Aura Sphere|p2a: Slowking
|-resisted|p2a: Slowking
|-damage|p2a: Slowking|97/100
|
|-heal|p1a: Cobalion|44/100|[from] item: Leftovers
|upkeep
|turn|13
|
|t:|1743937685
|move|p1a: Cobalion|Calm Mind|p1a: Cobalion
|-boost|p1a: Cobalion|spa|1
|-boost|p1a: Cobalion|spd|1
|move|p2a: Slowking|Sludge Bomb|p1a: Cobalion
|-damage|p1a: Cobalion|27/100
|
|-heal|p1a: Cobalion|33/100|[from] item: Leftovers
|upkeep
|turn|14
|
|t:|1743937695
|switch|p2a: Iron Crown|Iron Crown|82/100
|move|p1a: Cobalion|Substitute|p1a: Cobalion
|-start|p1a: Cobalion|Substitute
|-damage|p1a: Cobalion|8/100
|
|-heal|p1a: Cobalion|14/100|[from] item: Leftovers
|upkeep
|turn|15
|
|t:|1743937705
|move|p2a: Iron Crown|Volt Switch|p1a: Cobalion
|-supereffective|p1a: Cobalion
|-activate|p1a: Cobalion|move: Substitute|[damage]
|
|t:|1743937711
|-end|p2a: Iron Crown|Quark Drive|[silent]
|switch|p2a: Dragapult|Dragapult, F|100/100|[from] Volt Switch
|move|p1a: Cobalion|Flash Cannon|p2a: Dragapult
|-crit|p2a: Dragapult
|-damage|p2a: Dragapult|0 fnt
|faint|p2a: Dragapult
|
|-heal|p1a: Cobalion|21/100|[from] item: Leftovers
|upkeep
|
|t:|1743937742
|switch|p2a: Zamazenta|Zamazenta|100/100
|turn|16
|
|t:|1743937745
|move|p2a: Zamazenta|Iron Defense|p2a: Zamazenta
|-boost|p2a: Zamazenta|def|2
|move|p1a: Cobalion|Flash Cannon|p2a: Zamazenta
|-damage|p2a: Zamazenta|58/100
|
|-heal|p1a: Cobalion|27/100|[from] item: Leftovers
|upkeep
|turn|17
|
|t:|1743937752
|move|p2a: Zamazenta|Body Press|p1a: Cobalion
|-end|p1a: Cobalion|Substitute
|move|p1a: Cobalion|Flash Cannon|p2a: Zamazenta
|-damage|p2a: Zamazenta|14/100
|
|-heal|p1a: Cobalion|33/100|[from] item: Leftovers
|upkeep
|turn|18
|
|t:|1743937762
|switch|p1a: Toxapex|Toxapex, M|100/100
|move|p2a: Zamazenta|Rest|p2a: Zamazenta
|-status|p2a: Zamazenta|slp|[from] move: Rest
|-heal|p2a: Zamazenta|100/100 slp|[silent]
|-enditem|p2a: Zamazenta|Chesto Berry|[eat]
|-curestatus|p2a: Zamazenta|slp|[msg]
|
|upkeep
|turn|19
|
|t:|1743937771
|switch|p2a: Slowking|Slowking-Galar, F|100/100
|move|p1a: Toxapex|Haze|p1a: Toxapex
|-clearallboost
|
|upkeep
|turn|20
|
|t:|1743937782
|move|p1a: Toxapex|Surf|p2a: Slowking
|-damage|p2a: Slowking|93/100
|move|p2a: Slowking|Psychic Noise|p1a: Toxapex
|-supereffective|p1a: Toxapex
|-damage|p1a: Toxapex|62/100
|-start|p1a: Toxapex|move: Heal Block
|
|upkeep
|turn|21
|
|t:|1743937791
|switch|p1a: Dragapult|Dragapult, F|100/100
|move|p2a: Slowking|Psychic Noise|p1a: Dragapult
|-damage|p1a: Dragapult|60/100
|-start|p1a: Dragapult|move: Heal Block
|
|upkeep
|turn|22
|
|t:|1743937799
|move|p1a: Dragapult|Will-O-Wisp|p2a: Slowking
|-status|p2a: Slowking|brn
|move|p2a: Slowking|Ice Beam|p1a: Dragapult
|-supereffective|p1a: Dragapult
|-damage|p1a: Dragapult|0 fnt
|faint|p1a: Dragapult
|
|-damage|p2a: Slowking|87/100 brn|[from] brn
|upkeep
|
|t:|1743937807
|switch|p1a: Zamazenta|Zamazenta|100/100
|-ability|p1a: Zamazenta|Dauntless Shield|boost
|-boost|p1a: Zamazenta|def|1
|turn|23
|
|t:|1743937814
|move|p1a: Zamazenta|Crunch|p2a: Slowking
|-supereffective|p2a: Slowking
|-damage|p2a: Slowking|29/100 brn
|move|p2a: Slowking|Sludge Bomb|p1a: Zamazenta
|-damage|p1a: Zamazenta|71/100
|
|-damage|p2a: Slowking|23/100 brn|[from] brn
|upkeep
|turn|24
|
|t:|1743937833
|switch|p2a: Gholdengo|Gholdengo|100/100
|-item|p2a: Gholdengo|Air Balloon
|move|p1a: Zamazenta|Crunch|p2a: Gholdengo
|-supereffective|p2a: Gholdengo
|-damage|p2a: Gholdengo|63/100
|-enditem|p2a: Gholdengo|Air Balloon
|
|upkeep
|turn|25
|
|t:|1743937880
|move|p1a: Zamazenta|Crunch|p2a: Gholdengo
|-supereffective|p2a: Gholdengo
|-damage|p2a: Gholdengo|25/100
|-unboost|p2a: Gholdengo|def|1
|move|p2a: Gholdengo|Shadow Ball|p1a: Zamazenta
|-damage|p1a: Zamazenta|42/100
|
|upkeep
|turn|26
|
|t:|1743937890
|switch|p2a: Zamazenta|Zamazenta|100/100
|move|p1a: Zamazenta|Crunch|p2a: Zamazenta
|-resisted|p2a: Zamazenta
|-damage|p2a: Zamazenta|90/100
|-unboost|p2a: Zamazenta|def|1
|
|upkeep
|turn|27
|
|t:|1743937899
|move|p1a: Zamazenta|Close Combat|p2a: Zamazenta
|-damage|p2a: Zamazenta|31/100
|-unboost|p1a: Zamazenta|def|1
|-unboost|p1a: Zamazenta|spd|1
|move|p2a: Zamazenta|Body Press|p1a: Zamazenta
|-damage|p1a: Zamazenta|22/100
|
|upkeep
|turn|28
|
|t:|1743937907
|move|p2a: Zamazenta|Rest|p2a: Zamazenta
|-status|p2a: Zamazenta|slp|[from] move: Rest
|-heal|p2a: Zamazenta|100/100 slp|[silent]
|move|p1a: Zamazenta|Close Combat|p2a: Zamazenta
|-damage|p2a: Zamazenta|34/100 slp
|-unboost|p1a: Zamazenta|def|1
|-unboost|p1a: Zamazenta|spd|1
|
|upkeep
|turn|29
|
|t:|1743937916
|move|p1a: Zamazenta|Close Combat|p2a: Zamazenta
|-damage|p2a: Zamazenta|0 fnt
|-unboost|p1a: Zamazenta|def|1
|-unboost|p1a: Zamazenta|spd|1
|faint|p2a: Zamazenta
|
|upkeep
|
|t:|1743937926
|switch|p2a: Iron Crown|Iron Crown|82/100
|turn|30
|
|t:|1743937947
|switch|p1a: Toxapex|Toxapex, M|96/100
|-terastallize|p2a: Iron Crown|Electric
|move|p2a: Iron Crown|Volt Switch|p1a: Toxapex
|-supereffective|p1a: Toxapex
|-damage|p1a: Toxapex|55/100
|
|t:|1743937953
|-end|p2a: Iron Crown|Quark Drive|[silent]
|switch|p2a: Slowking|Slowking-Galar, F|56/100 brn|[from] Volt Switch
|
|-damage|p2a: Slowking|50/100 brn|[from] brn
|upkeep
|turn|31
|
|t:|1743937968
|switch|p1a: Cobalion|Cobalion, tera:Water|33/100
|-damage|p1a: Cobalion|21/100|[from] Stealth Rock
|move|p2a: Slowking|Psychic Noise|p1a: Cobalion
|-damage|p1a: Cobalion|0 fnt
|faint|p1a: Cobalion
|
|-damage|p2a: Slowking|44/100 brn|[from] brn
|upkeep
|
|t:|1743937971
|switch|p1a: Zamazenta|Zamazenta|22/100
|turn|32
|
|t:|1743937981
|switch|p2a: Iron Crown|Iron Crown, tera:Electric|82/100
|move|p1a: Zamazenta|Crunch|p2a: Iron Crown
|-damage|p2a: Iron Crown|54/100
|
|upkeep
|turn|33
|
|t:|1743937989
|move|p1a: Zamazenta|Close Combat|p2a: Iron Crown
|-damage|p2a: Iron Crown|0 fnt
|-unboost|p1a: Zamazenta|def|1
|-unboost|p1a: Zamazenta|spd|1
|faint|p2a: Iron Crown
|-end|p2a: Iron Crown|Quark Drive|[silent]
|
|upkeep
|
|t:|1743937998
|switch|p2a: Slowking|Slowking-Galar, F|77/100 brn
|turn|34
|
|t:|1743938009
|switch|p1a: Toxapex|Toxapex, M|89/100
|move|p2a: Slowking|Psychic Noise|p1a: Toxapex
|-supereffective|p1a: Toxapex
|-damage|p1a: Toxapex|51/100
|-start|p1a: Toxapex|move: Heal Block
|
|-damage|p2a: Slowking|71/100 brn|[from] brn
|upkeep
|turn|35
|
|t:|1743938018
|move|p1a: Toxapex|Surf|p2a: Slowking
|-damage|p2a: Slowking|64/100 brn
|move|p2a: Slowking|Psychic Noise|p1a: Toxapex
|-supereffective|p1a: Toxapex
|-damage|p1a: Toxapex|17/100
|
|-damage|p2a: Slowking|58/100 brn|[from] brn
|-end|p1a: Toxapex|move: Heal Block
|upkeep
|turn|36
|
|t:|1743938028
|move|p1a: Toxapex|Surf|p2a: Slowking
|-damage|p2a: Slowking|50/100 brn
|move|p2a: Slowking|Psychic Noise|p1a: Toxapex
|-supereffective|p1a: Toxapex
|-damage|p1a: Toxapex|0 fnt
|faint|p1a: Toxapex
|
|-damage|p2a: Slowking|44/100 brn|[from] brn
|upkeep
|
|t:|1743938031
|switch|p1a: Zamazenta|Zamazenta|22/100
|turn|37
|
|t:|1743938040
|switch|p2a: Gholdengo|Gholdengo|25/100
|move|p1a: Zamazenta|Crunch|p2a: Gholdengo
|-supereffective|p2a: Gholdengo
|-damage|p2a: Gholdengo|0 fnt
|faint|p2a: Gholdengo
|
|upkeep
|
|t:|1743938047
|switch|p2a: Slowking|Slowking-Galar, F|77/100 brn
|turn|38
|
|t:|1743938055
|switch|p1a: Skarmory|Skarmory, F|100/100
|-damage|p1a: Skarmory|88/100|[from] Stealth Rock
|move|p2a: Slowking|Psychic Noise|p1a: Skarmory
|-resisted|p1a: Skarmory
|-damage|p1a: Skarmory|70/100
|-start|p1a: Skarmory|move: Heal Block
|
|-damage|p2a: Slowking|71/100 brn|[from] brn
|upkeep
|turn|39
|
|t:|1743938066
|move|p1a: Skarmory|Iron Defense|p1a: Skarmory
|-boost|p1a: Skarmory|def|2
|move|p2a: Slowking|Focus Blast|p1a: Skarmory
|-damage|p1a: Skarmory|31/100
|
|-damage|p2a: Slowking|65/100 brn|[from] brn
|-end|p1a: Skarmory|move: Heal Block
|upkeep
|turn|40
|
|t:|1743938074
|move|p1a: Skarmory|Roost|p1a: Skarmory
|-heal|p1a: Skarmory|81/100
|-singleturn|p1a: Skarmory|move: Roost
|move|p2a: Slowking|Focus Blast|p1a: Skarmory
|-supereffective|p1a: Skarmory
|-damage|p1a: Skarmory|1/100
|
|-damage|p2a: Slowking|59/100 brn|[from] brn
|upkeep
|turn|41
|
|t:|1743938086
|move|p1a: Skarmory|Body Press|p2a: Slowking
|-resisted|p2a: Slowking
|-damage|p2a: Slowking|43/100 brn
|move|p2a: Slowking|Psychic Noise|p1a: Skarmory
|-resisted|p1a: Skarmory
|-damage|p1a: Skarmory|0 fnt
|faint|p1a: Skarmory
|
|-damage|p2a: Slowking|37/100 brn|[from] brn
|upkeep
|
|t:|1743938088
|switch|p1a: Zamazenta|Zamazenta|22/100
|turn|42
|c|☆Aswasawsaa|gg
|c|☆yubel861|gg
|
|t:|1743938101
|move|p1a: Zamazenta|Crunch|p2a: Slowking
|-supereffective|p2a: Slowking
|-damage|p2a: Slowking|0 fnt
|faint|p2a: Slowking
|
|win|Aswasawsaa
|raw|Aswasawsaa's rating: 1172 &rarr; <strong>1195</strong><br />(+23 for winning)
|raw|yubel861's rating: 1151 &rarr; <strong>1128</strong><br />(-23 for losing)
|l|☆yubel861
|player|p2|
|l|☆Aswasawsaa
|player|p1|
