|j|☆berlious
|j|☆wgc0609
|t:|1743835274
|gametype|singles
|player|p1|berlious|170|1247
|player|p2|wgc0609|102|1214
|teamsize|p1|6
|teamsize|p2|6
|gen|9
|tier|[Gen 9] OU
|rated|
|rule|HP Percentage Mod: HP is shown in percentages
|rule|Endless Battle Clause: Forcing endless battles is banned
|rule|Species Clause: Limit one of each Pokémon
|rule|OHKO Clause: OHKO moves are banned
|rule|Evasion Items Clause: Evasion items are banned
|rule|Evasion Moves Clause: Evasion moves are banned
|rule|Sleep Moves Clause: Sleep-inducing moves are banned
|clearpoke
|poke|p1|Ogerpon-Wellspring, F|
|poke|p1|Raging Bolt|
|poke|p1|Cinderace, F|
|poke|p1|Landorus-Therian, M|
|poke|p1|Kyurem|
|poke|p1|Great Tusk|
|poke|p2|Dragapult, F|
|poke|p2|Corviknight, F|
|poke|p2|Gholdengo|
|poke|p2|Bellibolt, M|
|poke|p2|Garchomp, M|
|poke|p2|Iron Valiant|
|teampreview
|
|t:|1743835287
|start
|switch|p1a: Landorus|Landorus-Therian, M|100/100
|switch|p2a: Iron Valiant|Iron Valiant|100/100
|-ability|p1a: Landorus|Intimidate|boost
|-unboost|p2a: Iron Valiant|atk|1
|turn|1
|
|t:|1743835300
|move|p2a: Iron Valiant|Moonblast|p1a: Landorus
|-damage|p1a: Landorus|21/100
|-unboost|p1a: Landorus|spa|1
|-damage|p2a: Iron Valiant|91/100|[from] item: Life Orb
|move|p1a: Landorus|Stealth Rock|p2a: Iron Valiant
|-sidestart|p2: wgc0609|move: Stealth Rock
|
|upkeep
|turn|2
|
|t:|1743835313
|move|p2a: Iron Valiant|Moonblast|p1a: Landorus
|-damage|p1a: Landorus|0 fnt
|faint|p1a: Landorus
|-damage|p2a: Iron Valiant|81/100|[from] item: Life Orb
|
|upkeep
|
|t:|1743835326
|switch|p1a: Kyurem|Kyurem|100/100
|-ability|p1a: Kyurem|Pressure
|turn|3
|
|t:|1743835345
|-terastallize|p1a: Kyurem|Fairy
|move|p2a: Iron Valiant|Moonblast|p1a: Kyurem
|-damage|p1a: Kyurem|51/100
|-unboost|p1a: Kyurem|spa|1
|-damage|p2a: Iron Valiant|71/100|[from] item: Life Orb
|move|p1a: Kyurem|Tera Blast|p2a: Iron Valiant|[anim] Tera Blast Fairy
|-supereffective|p2a: Iron Valiant
|-damage|p2a: Iron Valiant|0 fnt
|faint|p2a: Iron Valiant
|-end|p2a: Iron Valiant|Quark Drive|[silent]
|
|upkeep
|
|t:|1743835367
|switch|p2a: Gholdengo|Gholdengo|100/100
|-damage|p2a: Gholdengo|94/100|[from] Stealth Rock
|turn|4
|
|t:|1743835383
|switch|p1a: Cinderace|Cinderace, F|100/100
|move|p2a: Gholdengo|Make It Rain|p1a: Cinderace
|-resisted|p1a: Cinderace
|-damage|p1a: Cinderace|63/100
|-unboost|p2a: Gholdengo|spa|1
|
|-heal|p2a: Gholdengo|100/100|[from] item: Leftovers
|upkeep
|turn|5
|inactive|Battle timer is ON: inactive players will automatically lose when time's up. (requested by berlious)
|
|t:|1743835400
|switch|p2a: Garchomp|Garchomp, M|100/100
|-damage|p2a: Garchomp|94/100|[from] Stealth Rock
|move|p1a: Cinderace|Pyro Ball|p2a: Garchomp
|-resisted|p2a: Garchomp
|-damage|p2a: Garchomp|69/100
|
|upkeep
|turn|6
|
|t:|1743835414
|move|p1a: Cinderace|U-turn|p2a: Garchomp
|-start|p1a: Cinderace|typechange|Bug|[from] ability: Libero
|-damage|p2a: Garchomp|38/100
|-damage|p1a: Cinderace|50/100|[from] ability: Rough Skin|[of] p2a: Garchomp
|
|t:|1743835420
|switch|p1a: Kyurem|Kyurem, tera:Fairy|51/100|[from] U-turn
|-ability|p1a: Kyurem|Pressure
|move|p2a: Garchomp|Scale Shot|p1a: Kyurem
|-immune|p1a: Kyurem
|
|upkeep
|turn|7
|
|t:|1743835429
|move|p1a: Kyurem|Tera Blast|p2a: Garchomp|[anim] Tera Blast Fairy
|-supereffective|p2a: Garchomp
|-damage|p2a: Garchomp|0 fnt
|faint|p2a: Garchomp
|
|upkeep
|
|t:|1743835436
|switch|p2a: Bellibolt|Bellibolt, M|100/100
|-damage|p2a: Bellibolt|88/100|[from] Stealth Rock
|turn|8
|
|t:|1743835448
|switch|p1a: Great Tusk|Great Tusk|100/100
|-terastallize|p2a: Bellibolt|Water
|move|p2a: Bellibolt|Muddy Water|p1a: Great Tusk
|-supereffective|p1a: Great Tusk
|-damage|p1a: Great Tusk|0 fnt
|faint|p1a: Great Tusk
|-end|p1a: Great Tusk|Protosynthesis|[silent]
|
|upkeep
|
|t:|1743835459
|switch|p1a: Ogerpon|Ogerpon-Wellspring, F|100/100
|turn|9
|
|t:|1743835464
|move|p1a: Ogerpon|Horn Leech|p2a: Bellibolt
|-supereffective|p2a: Bellibolt
|-damage|p2a: Bellibolt|4/100
|-start|p2a: Bellibolt|Charge|Horn Leech|[from] ability: Electromorphosis
|move|p2a: Bellibolt|Parabolic Charge|p1a: Ogerpon
|-crit|p1a: Ogerpon
|-damage|p1a: Ogerpon|0 fnt
|-heal|p2a: Bellibolt|50/100|[from] drain|[of] p1a: Ogerpon
|faint|p1a: Ogerpon
|-end|p2a: Bellibolt|Charge|[silent]
|
|upkeep
|
|t:|1743835476
|switch|p1a: Raging Bolt|Raging Bolt|100/100
|-enditem|p1a: Raging Bolt|Booster Energy
|-activate|p1a: Raging Bolt|ability: Protosynthesis|[fromitem]
|-start|p1a: Raging Bolt|protosynthesisspa
|turn|10
|inactive|wgc0609 has 120 seconds left.
|
|t:|1743835508
|switch|p2a: Corviknight|Corviknight, F|100/100
|-damage|p2a: Corviknight|88/100|[from] Stealth Rock
|move|p1a: Raging Bolt|Thunderbolt|p2a: Corviknight
|-supereffective|p2a: Corviknight
|-damage|p2a: Corviknight|0 fnt
|faint|p2a: Corviknight
|
|upkeep
|inactive|wgc0609 has 120 seconds left.
|
|t:|1743835517
|switch|p2a: Dragapult|Dragapult, F|100/100
|-damage|p2a: Dragapult|88/100|[from] Stealth Rock
|turn|11
|inactive|wgc0609 has 120 seconds left.
|
|t:|1743835530
|-end|p1a: Raging Bolt|Protosynthesis|[silent]
|switch|p1a: Kyurem|Kyurem, tera:Fairy|51/100
|-ability|p1a: Kyurem|Pressure
|move|p2a: Dragapult|Shadow Ball|p1a: Kyurem
|-damage|p1a: Kyurem|0 fnt
|faint|p1a: Kyurem
|
|upkeep
|
|t:|1743835542
|switch|p1a: Cinderace|Cinderace, F|50/100
|turn|12
|
|t:|1743835547
|move|p2a: Dragapult|Shadow Ball|p1a: Cinderace
|-damage|p1a: Cinderace|0 fnt
|faint|p1a: Cinderace
|
|upkeep
|
|t:|1743835550
|switch|p1a: Raging Bolt|Raging Bolt|100/100
|turn|13
|
|t:|1743835556
|switch|p2a: Bellibolt|Bellibolt, M, tera:Water|50/100
|-damage|p2a: Bellibolt|38/100|[from] Stealth Rock
|move|p1a: Raging Bolt|Draco Meteor|p2a: Bellibolt
|-damage|p2a: Bellibolt|0 fnt
|-unboost|p1a: Raging Bolt|spa|2
|faint|p2a: Bellibolt
|
|upkeep
|
|t:|1743835571
|switch|p2a: Gholdengo|Gholdengo|100/100
|-damage|p2a: Gholdengo|94/100|[from] Stealth Rock
|turn|14
|
|t:|1743835578
|move|p1a: Raging Bolt|Thunderbolt|p2a: Gholdengo
|-damage|p2a: Gholdengo|73/100
|move|p2a: Gholdengo|Make It Rain|p1a: Raging Bolt
|-resisted|p1a: Raging Bolt
|-damage|p1a: Raging Bolt|77/100
|-unboost|p2a: Gholdengo|spa|1
|
|-heal|p2a: Gholdengo|79/100|[from] item: Leftovers
|upkeep
|turn|15
|
|t:|1743835590
|move|p1a: Raging Bolt|Thunderbolt|p2a: Gholdengo
|-damage|p2a: Gholdengo|59/100
|move|p2a: Gholdengo|Hex|p1a: Raging Bolt
|-damage|p1a: Raging Bolt|58/100
|
|-heal|p2a: Gholdengo|65/100|[from] item: Leftovers
|upkeep
|turn|16
|-message|berlious forfeited.
|
|win|wgc0609
|raw|berlious's rating: 1247 &rarr; <strong>1220</strong><br />(-27 for losing)
|raw|wgc0609's rating: 1214 &rarr; <strong>1241</strong><br />(+27 for winning)
|l|☆berlious
|player|p1|
