|j|☆Dr. Drake6782
|j|☆Dis123
|t:|1743829260
|gametype|singles
|player|p1|Dr. Drake6782|lance-lgpe|1026
|player|p2|Dis123|266|1000
|teamsize|p1|6
|teamsize|p2|1
|gen|9
|tier|[Gen 9] OU
|rated|
|rule|HP Percentage Mod: HP is shown in percentages
|rule|Endless Battle Clause: Forcing endless battles is banned
|rule|Species Clause: Limit one of each Pokémon
|rule|OHKO Clause: OHKO moves are banned
|rule|Evasion Items Clause: Evasion items are banned
|rule|Evasion Moves Clause: Evasion moves are banned
|rule|Sleep Moves Clause: Sleep-inducing moves are banned
|clearpoke
|poke|p1|Alomomola, F|
|poke|p1|Weezing-Galar, M|
|poke|p1|Garganacl, M|
|poke|p1|Kyurem|
|poke|p1|Zamazenta-*|
|poke|p1|Ting-Lu|
|poke|p2|Deoxys-Defense|
|teampreview
|inactive|Battle timer is ON: inactive players will automatically lose when time's up. (requested by Dr. Drake6782)
|c|☆Dr. Drake6782|yo
|c|☆Dr. Drake6782|do u want a free win
|
|t:|1743829275
|start
|switch|p1a: Garganacl|Garganacl, M, shiny|100/100
|switch|p2a: Deoxys|Deoxys-Defense|100/100
|-ability|p2a: Deoxys|Pressure
|turn|1
|
|t:|1743829285
|move|p2a: Deoxys|Substitute|p2a: Deoxys
|-start|p2a: Deoxys|Substitute
|-damage|p2a: Deoxys|75/100
|move|p1a: Garganacl|Salt Cure|p2a: Deoxys
|-activate|p2a: Deoxys|move: Substitute|[damage]
|
|-heal|p2a: Deoxys|82/100|[from] item: Leftovers
|upkeep
|turn|2
|
|t:|1743829293
|switch|p1a: Kyurem|Kyurem, shiny|100/100
|-ability|p1a: Kyurem|Pressure
|move|p2a: Deoxys|Cosmic Power|p2a: Deoxys
|-boost|p2a: Deoxys|def|1
|-boost|p2a: Deoxys|spd|1
|
|-heal|p2a: Deoxys|88/100|[from] item: Leftovers
|upkeep
|turn|3
|
|t:|1743829306
|-terastallize|p1a: Kyurem|Ice
|move|p1a: Kyurem|Ice Beam|p2a: Deoxys
|-end|p2a: Deoxys|Substitute
|move|p2a: Deoxys|Cosmic Power|p2a: Deoxys
|-boost|p2a: Deoxys|def|1
|-boost|p2a: Deoxys|spd|1
|
|-heal|p2a: Deoxys|94/100|[from] item: Leftovers
|upkeep
|turn|4
|
|t:|1743829311
|move|p1a: Kyurem|Ice Beam|p2a: Deoxys
|-damage|p2a: Deoxys|74/100
|move|p2a: Deoxys|Substitute|p2a: Deoxys
|-start|p2a: Deoxys|Substitute
|-damage|p2a: Deoxys|49/100
|
|-heal|p2a: Deoxys|55/100|[from] item: Leftovers
|upkeep
|turn|5
|
|t:|1743829315
|switch|p1a: Ting-Lu|Ting-Lu|100/100
|-ability|p1a: Ting-Lu|Vessel of Ruin
|move|p2a: Deoxys|Cosmic Power|p2a: Deoxys
|-boost|p2a: Deoxys|def|1
|-boost|p2a: Deoxys|spd|1
|
|-heal|p2a: Deoxys|61/100|[from] item: Leftovers
|upkeep
|turn|6
|
|t:|1743829319
|move|p2a: Deoxys|Cosmic Power|p2a: Deoxys
|-boost|p2a: Deoxys|def|1
|-boost|p2a: Deoxys|spd|1
|move|p1a: Ting-Lu|Ruination|p2a: Deoxys
|-end|p2a: Deoxys|Substitute
|
|-heal|p2a: Deoxys|68/100|[from] item: Leftovers
|upkeep
|turn|7
|
|t:|1743829323
|move|p2a: Deoxys|Substitute|p2a: Deoxys
|-start|p2a: Deoxys|Substitute
|-damage|p2a: Deoxys|43/100
|move|p1a: Ting-Lu|Ruination|p2a: Deoxys
|-activate|p2a: Deoxys|move: Substitute|[damage]
|
|-heal|p2a: Deoxys|49/100|[from] item: Leftovers
|upkeep
|turn|8
|
|t:|1743829328
|move|p2a: Deoxys|Recover|p2a: Deoxys
|-heal|p2a: Deoxys|99/100
|move|p1a: Ting-Lu|Ruination|p2a: Deoxys
|-end|p2a: Deoxys|Substitute
|
|-heal|p2a: Deoxys|100/100|[from] item: Leftovers
|upkeep
|turn|9
|
|t:|1743829332
|move|p2a: Deoxys|Cosmic Power|p2a: Deoxys
|-boost|p2a: Deoxys|def|1
|-boost|p2a: Deoxys|spd|1
|move|p1a: Ting-Lu|Ruination|p2a: Deoxys
|-damage|p2a: Deoxys|50/100
|
|-heal|p2a: Deoxys|57/100|[from] item: Leftovers
|upkeep
|turn|10
|
|t:|1743829340
|move|p2a: Deoxys|Recover|p2a: Deoxys
|-heal|p2a: Deoxys|100/100
|move|p1a: Ting-Lu|Ruination|p2a: Deoxys
|-damage|p2a: Deoxys|50/100
|
|-heal|p2a: Deoxys|57/100|[from] item: Leftovers
|upkeep
|turn|11
|
|t:|1743829346
|move|p2a: Deoxys|Stored Power|p1a: Ting-Lu
|-immune|p1a: Ting-Lu
|move|p1a: Ting-Lu|Earthquake|p2a: Deoxys
|-damage|p2a: Deoxys|50/100
|
|-heal|p2a: Deoxys|56/100|[from] item: Leftovers
|upkeep
|turn|12
|
|t:|1743829351
|move|p2a: Deoxys|Cosmic Power|p2a: Deoxys
|-boost|p2a: Deoxys|def|1
|-boost|p2a: Deoxys|spd|1
|move|p1a: Ting-Lu|Earthquake|p2a: Deoxys
|-damage|p2a: Deoxys|49/100
|
|-heal|p2a: Deoxys|55/100|[from] item: Leftovers
|upkeep
|turn|13
|
|t:|1743829361
|switch|p1a: Weezing|Weezing-Galar, M, shiny|100/100
|-ability|p1a: Weezing|Neutralizing Gas
|move|p2a: Deoxys|Substitute|p2a: Deoxys
|-start|p2a: Deoxys|Substitute
|-damage|p2a: Deoxys|30/100
|
|-heal|p2a: Deoxys|37/100|[from] item: Leftovers
|upkeep
|turn|14
|
|t:|1743829366
|move|p2a: Deoxys|Stored Power|p1a: Weezing
|-supereffective|p1a: Weezing
|-damage|p1a: Weezing|0 fnt
|faint|p1a: Weezing
|-end|p1a: Weezing|ability: Neutralizing Gas
|-ability|p2a: Deoxys|Pressure
|
|-heal|p2a: Deoxys|43/100|[from] item: Leftovers
|upkeep
|
|t:|1743829374
|switch|p1a: Zamazenta|Zamazenta|100/100
|-ability|p1a: Zamazenta|Dauntless Shield|boost
|-boost|p1a: Zamazenta|def|1
|turn|15
|
|t:|1743829377
|switch|p1a: Ting-Lu|Ting-Lu|100/100
|-ability|p1a: Ting-Lu|Vessel of Ruin
|move|p2a: Deoxys|Stored Power|p1a: Ting-Lu
|-immune|p1a: Ting-Lu
|
|-heal|p2a: Deoxys|49/100|[from] item: Leftovers
|upkeep
|turn|16
|
|t:|1743829381
|switch|p1a: Garganacl|Garganacl, M, shiny|100/100
|move|p2a: Deoxys|Recover|p2a: Deoxys
|-heal|p2a: Deoxys|99/100
|
|-heal|p2a: Deoxys|100/100|[from] item: Leftovers
|upkeep
|turn|17
|
|t:|1743829385
|switch|p1a: Ting-Lu|Ting-Lu|100/100
|-ability|p1a: Ting-Lu|Vessel of Ruin
|move|p2a: Deoxys|Stored Power|p1a: Ting-Lu
|-immune|p1a: Ting-Lu
|
|upkeep
|turn|18
|
|t:|1743829391
|switch|p1a: Garganacl|Garganacl, M, shiny|100/100
|move|p2a: Deoxys|Stored Power|p1a: Garganacl
|-damage|p1a: Garganacl|56/100
|
|-heal|p1a: Garganacl|62/100|[from] item: Leftovers
|upkeep
|turn|19
|
|t:|1743829399
|switch|p1a: Ting-Lu|Ting-Lu|100/100
|-ability|p1a: Ting-Lu|Vessel of Ruin
|move|p2a: Deoxys|Stored Power|p1a: Ting-Lu
|-immune|p1a: Ting-Lu
|
|upkeep
|turn|20
|
|t:|1743829409
|move|p2a: Deoxys|Stored Power|p1a: Ting-Lu
|-immune|p1a: Ting-Lu
|move|p1a: Ting-Lu|Stealth Rock|p2a: Deoxys
|-sidestart|p2: Dis123|move: Stealth Rock
|
|upkeep
|turn|21
|
|t:|1743829411
|move|p2a: Deoxys|Stored Power|p1a: Ting-Lu
|-immune|p1a: Ting-Lu
|move|p1a: Ting-Lu|Stealth Rock||[still]
|-fail|p1a: Ting-Lu
|
|upkeep
|turn|22
|
|t:|1743829414
|move|p2a: Deoxys|Stored Power|p1a: Ting-Lu
|-immune|p1a: Ting-Lu
|move|p1a: Ting-Lu|Stealth Rock||[still]
|-fail|p1a: Ting-Lu
|
|upkeep
|turn|23
|
|t:|1743829416
|move|p2a: Deoxys|Cosmic Power|p2a: Deoxys
|-boost|p2a: Deoxys|def|0
|-boost|p2a: Deoxys|spd|0
|move|p1a: Ting-Lu|Stealth Rock||[still]
|-fail|p1a: Ting-Lu
|
|upkeep
|turn|24
|
|t:|1743829421
|move|p2a: Deoxys|Cosmic Power|p2a: Deoxys
|-boost|p2a: Deoxys|def|0
|-boost|p2a: Deoxys|spd|0
|move|p1a: Ting-Lu|Stealth Rock||[still]
|-fail|p1a: Ting-Lu
|
|upkeep
|turn|25
|
|t:|1743829423
|move|p2a: Deoxys|Cosmic Power|p2a: Deoxys
|-boost|p2a: Deoxys|def|0
|-boost|p2a: Deoxys|spd|0
|move|p1a: Ting-Lu|Stealth Rock||[still]
|-fail|p1a: Ting-Lu
|
|upkeep
|turn|26
|
|t:|1743829426
|move|p2a: Deoxys|Cosmic Power|p2a: Deoxys
|-boost|p2a: Deoxys|def|0
|-boost|p2a: Deoxys|spd|0
|move|p1a: Ting-Lu|Whirlwind||[still]
|-fail|p1a: Ting-Lu
|
|upkeep
|turn|27
|
|t:|1743829428
|move|p2a: Deoxys|Cosmic Power|p2a: Deoxys
|-boost|p2a: Deoxys|def|0
|-boost|p2a: Deoxys|spd|0
|move|p1a: Ting-Lu|Whirlwind||[still]
|-fail|p1a: Ting-Lu
|
|upkeep
|turn|28
|
|t:|1743829430
|move|p2a: Deoxys|Cosmic Power|p2a: Deoxys
|-boost|p2a: Deoxys|def|0
|-boost|p2a: Deoxys|spd|0
|move|p1a: Ting-Lu|Whirlwind||[still]
|-fail|p1a: Ting-Lu
|
|upkeep
|turn|29
|
|t:|1743829436
|move|p2a: Deoxys|Cosmic Power|p2a: Deoxys
|-boost|p2a: Deoxys|def|0
|-boost|p2a: Deoxys|spd|0
|move|p1a: Ting-Lu|Whirlwind||[still]
|-fail|p1a: Ting-Lu
|
|upkeep
|turn|30
|
|t:|1743829440
|switch|p1a: Garganacl|Garganacl, M, shiny|62/100
|move|p2a: Deoxys|Cosmic Power|p2a: Deoxys
|-boost|p2a: Deoxys|def|0
|-boost|p2a: Deoxys|spd|0
|
|-heal|p1a: Garganacl|68/100|[from] item: Leftovers
|upkeep
|turn|31
|
|t:|1743829443
|move|p1a: Garganacl|Protect|p1a: Garganacl
|-singleturn|p1a: Garganacl|Protect
|move|p2a: Deoxys|Stored Power|p1a: Garganacl
|-activate|p1a: Garganacl|move: Protect
|
|-heal|p1a: Garganacl|74/100|[from] item: Leftovers
|upkeep
|turn|32
|
|t:|1743829445
|switch|p1a: Ting-Lu|Ting-Lu|100/100
|-ability|p1a: Ting-Lu|Vessel of Ruin
|move|p2a: Deoxys|Stored Power|p1a: Ting-Lu
|-immune|p1a: Ting-Lu
|
|upkeep
|turn|33
|
|t:|1743829456
|switch|p1a: Garganacl|Garganacl, M, shiny|74/100
|move|p2a: Deoxys|Cosmic Power|p2a: Deoxys
|-boost|p2a: Deoxys|def|0
|-boost|p2a: Deoxys|spd|0
|
|-heal|p1a: Garganacl|80/100|[from] item: Leftovers
|upkeep
|turn|34
|
|t:|1743829459
|move|p1a: Garganacl|Protect|p1a: Garganacl
|-singleturn|p1a: Garganacl|Protect
|move|p2a: Deoxys|Cosmic Power|p2a: Deoxys
|-boost|p2a: Deoxys|def|0
|-boost|p2a: Deoxys|spd|0
|
|-heal|p1a: Garganacl|87/100|[from] item: Leftovers
|upkeep
|turn|35
|
|t:|1743829463
|switch|p1a: Ting-Lu|Ting-Lu|100/100
|-ability|p1a: Ting-Lu|Vessel of Ruin
|move|p2a: Deoxys|Stored Power|p1a: Ting-Lu
|-immune|p1a: Ting-Lu
|
|upkeep
|turn|36
|
|t:|1743829486
|switch|p1a: Garganacl|Garganacl, M, shiny|87/100
|move|p2a: Deoxys|Stored Power|p1a: Garganacl
|-damage|p1a: Garganacl|41/100
|
|-heal|p1a: Garganacl|47/100|[from] item: Leftovers
|upkeep
|turn|37
|
|t:|1743829492
|move|p1a: Garganacl|Protect|p1a: Garganacl
|-singleturn|p1a: Garganacl|Protect
|move|p2a: Deoxys|Cosmic Power|p2a: Deoxys
|-boost|p2a: Deoxys|def|0
|-boost|p2a: Deoxys|spd|0
|
|-heal|p1a: Garganacl|53/100|[from] item: Leftovers
|upkeep
|turn|38
|
|t:|1743829496
|switch|p1a: Ting-Lu|Ting-Lu|100/100
|-ability|p1a: Ting-Lu|Vessel of Ruin
|move|p2a: Deoxys|Cosmic Power|p2a: Deoxys
|-boost|p2a: Deoxys|def|0
|-boost|p2a: Deoxys|spd|0
|
|upkeep
|turn|39
|
|t:|1743829498
|switch|p1a: Garganacl|Garganacl, M, shiny|53/100
|move|p2a: Deoxys|Cosmic Power|p2a: Deoxys
|-boost|p2a: Deoxys|def|0
|-boost|p2a: Deoxys|spd|0
|
|-heal|p1a: Garganacl|59/100|[from] item: Leftovers
|upkeep
|turn|40
|
|t:|1743829501
|move|p1a: Garganacl|Protect|p1a: Garganacl
|-singleturn|p1a: Garganacl|Protect
|move|p2a: Deoxys|Cosmic Power|p2a: Deoxys
|-boost|p2a: Deoxys|def|0
|-boost|p2a: Deoxys|spd|0
|
|-heal|p1a: Garganacl|65/100|[from] item: Leftovers
|upkeep
|turn|41
|
|t:|1743829503
|switch|p1a: Ting-Lu|Ting-Lu|100/100
|-ability|p1a: Ting-Lu|Vessel of Ruin
|move|p2a: Deoxys|Cosmic Power|p2a: Deoxys
|-boost|p2a: Deoxys|def|0
|-boost|p2a: Deoxys|spd|0
|
|upkeep
|turn|42
|
|t:|1743829507
|move|p2a: Deoxys|Stored Power|p1a: Ting-Lu
|-immune|p1a: Ting-Lu
|move|p1a: Ting-Lu|Whirlwind||[still]
|-fail|p1a: Ting-Lu
|
|upkeep
|turn|43
|
|t:|1743829512
|move|p2a: Deoxys|Stored Power|p1a: Ting-Lu
|-immune|p1a: Ting-Lu
|move|p1a: Ting-Lu|Whirlwind||[still]
|-fail|p1a: Ting-Lu
|
|upkeep
|turn|44
|
|t:|1743829514
|switch|p1a: Garganacl|Garganacl, M, shiny|65/100
|move|p2a: Deoxys|Cosmic Power|p2a: Deoxys
|-boost|p2a: Deoxys|def|0
|-boost|p2a: Deoxys|spd|0
|
|-heal|p1a: Garganacl|72/100|[from] item: Leftovers
|upkeep
|turn|45
|
|t:|1743829517
|move|p1a: Garganacl|Protect|p1a: Garganacl
|-singleturn|p1a: Garganacl|Protect
|move|p2a: Deoxys|Cosmic Power|p2a: Deoxys
|-boost|p2a: Deoxys|def|0
|-boost|p2a: Deoxys|spd|0
|
|-heal|p1a: Garganacl|78/100|[from] item: Leftovers
|upkeep
|turn|46
|
|t:|1743829519
|move|p1a: Garganacl|Protect||[still]
|-fail|p1a: Garganacl
|move|p2a: Deoxys|Substitute|p2a: Deoxys
|-fail|p2a: Deoxys|move: Substitute
|
|-heal|p1a: Garganacl|84/100|[from] item: Leftovers
|upkeep
|turn|47
|
|t:|1743829523
|move|p1a: Garganacl|Protect|p1a: Garganacl
|-singleturn|p1a: Garganacl|Protect
|move|p2a: Deoxys|Recover||[still]
|-fail|p2a: Deoxys|heal
|
|-heal|p1a: Garganacl|90/100|[from] item: Leftovers
|upkeep
|turn|48
|
|t:|1743829526
|switch|p1a: Ting-Lu|Ting-Lu|100/100
|-ability|p1a: Ting-Lu|Vessel of Ruin
|move|p2a: Deoxys|Cosmic Power|p2a: Deoxys
|-boost|p2a: Deoxys|def|0
|-boost|p2a: Deoxys|spd|0
|
|upkeep
|turn|49
|
|t:|1743829532
|switch|p1a: Garganacl|Garganacl, M, shiny|90/100
|move|p2a: Deoxys|Cosmic Power|p2a: Deoxys
|-boost|p2a: Deoxys|def|0
|-boost|p2a: Deoxys|spd|0
|
|-heal|p1a: Garganacl|96/100|[from] item: Leftovers
|upkeep
|turn|50
|
|t:|1743829534
|switch|p1a: Ting-Lu|Ting-Lu|100/100
|-ability|p1a: Ting-Lu|Vessel of Ruin
|move|p2a: Deoxys|Cosmic Power|p2a: Deoxys
|-boost|p2a: Deoxys|def|0
|-boost|p2a: Deoxys|spd|0
|
|upkeep
|turn|51
|
|t:|1743829536
|switch|p1a: Garganacl|Garganacl, M, shiny|96/100
|move|p2a: Deoxys|Cosmic Power|p2a: Deoxys
|-boost|p2a: Deoxys|def|0
|-boost|p2a: Deoxys|spd|0
|
|-heal|p1a: Garganacl|100/100|[from] item: Leftovers
|upkeep
|turn|52
|
|t:|1743829539
|switch|p1a: Ting-Lu|Ting-Lu|100/100
|-ability|p1a: Ting-Lu|Vessel of Ruin
|move|p2a: Deoxys|Cosmic Power|p2a: Deoxys
|-boost|p2a: Deoxys|def|0
|-boost|p2a: Deoxys|spd|0
|
|upkeep
|turn|53
|
|t:|1743829543
|switch|p1a: Alomomola|Alomomola, F|100/100
|move|p2a: Deoxys|Cosmic Power|p2a: Deoxys
|-boost|p2a: Deoxys|def|0
|-boost|p2a: Deoxys|spd|0
|
|upkeep
|turn|54
|
|t:|1743829545
|switch|p1a: Ting-Lu|Ting-Lu|100/100
|-ability|p1a: Ting-Lu|Vessel of Ruin
|move|p2a: Deoxys|Stored Power|p1a: Ting-Lu
|-immune|p1a: Ting-Lu
|
|upkeep
|turn|55
|
|t:|1743829555
|move|p2a: Deoxys|Cosmic Power|p2a: Deoxys
|-boost|p2a: Deoxys|def|0
|-boost|p2a: Deoxys|spd|0
|move|p1a: Ting-Lu|Ruination|p2a: Deoxys
|-end|p2a: Deoxys|Substitute
|
|upkeep
|turn|56
|
|t:|1743829568
|switch|p1a: Garganacl|Garganacl, M, shiny|100/100
|move|p2a: Deoxys|Recover||[still]
|-fail|p2a: Deoxys|heal
|
|upkeep
|turn|57
|
|t:|1743829570
|move|p2a: Deoxys|Cosmic Power|p2a: Deoxys
|-boost|p2a: Deoxys|def|0
|-boost|p2a: Deoxys|spd|0
|move|p1a: Garganacl|Salt Cure|p2a: Deoxys
|-damage|p2a: Deoxys|98/100
|-start|p2a: Deoxys|Salt Cure
|
|-heal|p2a: Deoxys|100/100|[from] item: Leftovers
|-damage|p2a: Deoxys|88/100|[from] Salt Cure
|upkeep
|turn|58
|
|t:|1743829574
|switch|p1a: Kyurem|Kyurem, shiny, tera:Ice|100/100
|-ability|p1a: Kyurem|Pressure
|move|p2a: Deoxys|Substitute|p2a: Deoxys
|-start|p2a: Deoxys|Substitute
|-damage|p2a: Deoxys|63/100
|
|-heal|p2a: Deoxys|69/100|[from] item: Leftovers
|-damage|p2a: Deoxys|57/100|[from] Salt Cure
|upkeep
|turn|59
|
|t:|1743829576
|move|p1a: Kyurem|Ice Beam|p2a: Deoxys
|-crit|p2a: Deoxys
|-end|p2a: Deoxys|Substitute
|move|p2a: Deoxys|Recover|p2a: Deoxys
|-heal|p2a: Deoxys|100/100
|
|-damage|p2a: Deoxys|88/100|[from] Salt Cure
|upkeep
|turn|60
|
|t:|1743829579
|move|p1a: Kyurem|Ice Beam|p2a: Deoxys
|-damage|p2a: Deoxys|77/100
|move|p2a: Deoxys|Substitute|p2a: Deoxys
|-start|p2a: Deoxys|Substitute
|-damage|p2a: Deoxys|52/100
|
|-heal|p2a: Deoxys|59/100|[from] item: Leftovers
|-damage|p2a: Deoxys|46/100|[from] Salt Cure
|upkeep
|turn|61
|
|t:|1743829583
|move|p1a: Kyurem|Ice Beam|p2a: Deoxys
|-activate|p2a: Deoxys|move: Substitute|[damage]
|move|p2a: Deoxys|Recover|p2a: Deoxys
|-heal|p2a: Deoxys|96/100
|
|-heal|p2a: Deoxys|100/100|[from] item: Leftovers
|-damage|p2a: Deoxys|88/100|[from] Salt Cure
|upkeep
|turn|62
|
|t:|1743829586
|move|p1a: Kyurem|Ice Beam|p2a: Deoxys
|-activate|p2a: Deoxys|move: Substitute|[damage]
|move|p2a: Deoxys|Cosmic Power|p2a: Deoxys
|-boost|p2a: Deoxys|def|0
|-boost|p2a: Deoxys|spd|0
|
|-heal|p2a: Deoxys|94/100|[from] item: Leftovers
|-damage|p2a: Deoxys|82/100|[from] Salt Cure
|upkeep
|turn|63
|c|☆Dr. Drake6782|ggs
|
|t:|1743829604
|move|p1a: Kyurem|Ice Beam|p2a: Deoxys
|-end|p2a: Deoxys|Substitute
|move|p2a: Deoxys|Substitute|p2a: Deoxys
|-start|p2a: Deoxys|Substitute
|-damage|p2a: Deoxys|57/100
|
|-heal|p2a: Deoxys|63/100|[from] item: Leftovers
|-damage|p2a: Deoxys|50/100|[from] Salt Cure
|upkeep
|turn|64
|
|t:|1743829624
|move|p1a: Kyurem|Ice Beam|p2a: Deoxys
|-activate|p2a: Deoxys|move: Substitute|[damage]
|move|p2a: Deoxys|Substitute|p2a: Deoxys
|-fail|p2a: Deoxys|move: Substitute
|
|-heal|p2a: Deoxys|57/100|[from] item: Leftovers
|-damage|p2a: Deoxys|44/100|[from] Salt Cure
|upkeep
|turn|65
|
|t:|1743829629
|switch|p1a: Zamazenta|Zamazenta|100/100
|move|p2a: Deoxys|Substitute|p2a: Deoxys
|-fail|p2a: Deoxys|move: Substitute
|
|-heal|p2a: Deoxys|50/100|[from] item: Leftovers
|-damage|p2a: Deoxys|38/100|[from] Salt Cure
|upkeep
|turn|66
|
|t:|1743829638
|move|p1a: Zamazenta|Crunch|p2a: Deoxys
|-supereffective|p2a: Deoxys
|-activate|p2a: Deoxys|move: Substitute|[damage]
|move|p2a: Deoxys|Substitute|p2a: Deoxys
|-fail|p2a: Deoxys|move: Substitute
|
|-heal|p2a: Deoxys|44/100|[from] item: Leftovers
|-damage|p2a: Deoxys|32/100|[from] Salt Cure
|upkeep
|turn|67
|
|t:|1743829660
|move|p1a: Zamazenta|Crunch|p2a: Deoxys
|-supereffective|p2a: Deoxys
|-end|p2a: Deoxys|Substitute
|move|p2a: Deoxys|Substitute|p2a: Deoxys
|-start|p2a: Deoxys|Substitute
|-damage|p2a: Deoxys|7/100
|
|-heal|p2a: Deoxys|13/100|[from] item: Leftovers
|-damage|p2a: Deoxys|0 fnt|[from] Salt Cure
|faint|p2a: Deoxys
|
|win|Dr. Drake6782
|raw|Dr. Drake6782's rating: 1026 &rarr; <strong>1059</strong><br />(+33 for winning)
|raw|Dis123's rating: 1000 &rarr; <strong>1000</strong><br />(+0 for losing)
