|j|☆sleepdeprevation
|j|☆Quackstorm
|t:|1743836883
|gametype|singles
|player|p1|sleepdeprevation|ruinmaniac|1541
|player|p2|Quackstorm|burglar-gen2|1538
|teamsize|p1|6
|teamsize|p2|6
|gen|9
|tier|[Gen 9] OU
|rated|
|rule|HP Percentage Mod: HP is shown in percentages
|rule|Endless Battle Clause: Forcing endless battles is banned
|rule|Species Clause: Limit one of each Pokémon
|rule|OHKO Clause: OHKO moves are banned
|rule|Evasion Items Clause: Evasion items are banned
|rule|Evasion Moves Clause: Evasion moves are banned
|rule|Sleep Moves Clause: Sleep-inducing moves are banned
|clearpoke
|poke|p1|Hydrapple, M|
|poke|p1|Excadrill, F|
|poke|p1|Hippowdon, F|
|poke|p1|Garganacl, F|
|poke|p1|Samurott-Hisui, F|
|poke|p1|Skeledirge, M|
|poke|p2|Probopass, F|
|poke|p2|Ting-Lu|
|poke|p2|Sinistcha|
|poke|p2|Scizor, F|
|poke|p2|Walking Wake|
|poke|p2|Great Tusk|
|teampreview
|inactive|Battle timer is ON: inactive players will automatically lose when time's up. (requested by sleepdeprevation)
|c|☆Quackstorm|hi!
|
|t:|1743836916
|start
|switch|p1a: Samurott|Samurott-Hisui, F|100/100
|switch|p2a: Cezar|Scizor, F|100/100
|turn|1
|
|t:|1743836938
|move|p1a: Samurott|Knock Off|p2a: Cezar
|-damage|p2a: Cezar|55/100
|-enditem|p2a: Cezar|Choice Band|[from] move: Knock Off|[of] p1a: Samurott
|move|p2a: Cezar|U-turn|p1a: Samurott
|-supereffective|p1a: Samurott
|-damage|p1a: Samurott|5/100
|j| gimmicks strategy
|l| gimmicks strategy
|inactive|Quackstorm has 120 seconds left.
|
|t:|1743836992
|switch|p2a: Wakey Wakey|Walking Wake|100/100|[from] U-turn
|
|upkeep
|turn|2
|
|t:|1743837005
|move|p2a: Wakey Wakey|Flip Turn|p1a: Samurott
|-resisted|p1a: Samurott
|-damage|p1a: Samurott|0 fnt
|faint|p1a: Samurott
|
|t:|1743837018
|-end|p2a: Wakey Wakey|Protosynthesis|[silent]
|switch|p2a: Morbidly a Beast|Ting-Lu|100/100|[from] Flip Turn
|-ability|p2a: Morbidly a Beast|Vessel of Ruin
|
|upkeep
|
|t:|1743837026
|switch|p1a: Hippowdon|Hippowdon, F|100/100
|-weather|Sandstorm|[from] ability: Sand Stream|[of] p1a: Hippowdon
|turn|3
|
|t:|1743837046
|move|p1a: Hippowdon|Stealth Rock|p2a: Morbidly a Beast
|-sidestart|p2: Quackstorm|move: Stealth Rock
|move|p2a: Morbidly a Beast|Spikes|p1a: Hippowdon
|-sidestart|p1: sleepdeprevation|Spikes
|
|-weather|Sandstorm|[upkeep]
|upkeep
|turn|4
|
|t:|1743837070
|move|p1a: Hippowdon|Earthquake|p2a: Morbidly a Beast
|-damage|p2a: Morbidly a Beast|79/100
|move|p2a: Morbidly a Beast|Spikes|p1a: Hippowdon
|-sidestart|p1: sleepdeprevation|Spikes
|
|-weather|Sandstorm|[upkeep]
|-heal|p2a: Morbidly a Beast|85/100|[from] item: Leftovers
|upkeep
|turn|5
|
|t:|1743837075
|switch|p1a: Excadrill|Excadrill, F|100/100
|-item|p1a: Excadrill|Air Balloon
|move|p2a: Morbidly a Beast|Spikes|p1a: Excadrill
|-sidestart|p1: sleepdeprevation|Spikes
|
|-weather|Sandstorm|[upkeep]
|-heal|p2a: Morbidly a Beast|91/100|[from] item: Leftovers
|upkeep
|turn|6
|
|t:|1743837081
|move|p1a: Excadrill|Swords Dance|p1a: Excadrill
|-boost|p1a: Excadrill|atk|2
|move|p2a: Morbidly a Beast|Whirlwind|p1a: Excadrill
|drag|p1a: Hippowdon|Hippowdon, F|100/100
|-damage|p1a: Hippowdon|75/100|[from] Spikes
|
|-weather|Sandstorm|[upkeep]
|-heal|p1a: Hippowdon|82/100|[from] item: Leftovers
|-heal|p2a: Morbidly a Beast|98/100|[from] item: Leftovers
|upkeep
|turn|7
|
|t:|1743837091
|move|p1a: Hippowdon|Earthquake|p2a: Morbidly a Beast
|-damage|p2a: Morbidly a Beast|76/100
|move|p2a: Morbidly a Beast|Ruination|p1a: Hippowdon
|-damage|p1a: Hippowdon|41/100
|
|-weather|none
|-heal|p1a: Hippowdon|47/100|[from] item: Leftovers
|-heal|p2a: Morbidly a Beast|82/100|[from] item: Leftovers
|upkeep
|turn|8
|
|t:|1743837104
|move|p1a: Hippowdon|Earthquake|p2a: Morbidly a Beast
|-damage|p2a: Morbidly a Beast|60/100
|move|p2a: Morbidly a Beast|Ruination|p1a: Hippowdon
|-damage|p1a: Hippowdon|24/100
|
|-heal|p1a: Hippowdon|30/100|[from] item: Leftovers
|-heal|p2a: Morbidly a Beast|67/100|[from] item: Leftovers
|upkeep
|turn|9
|
|t:|1743837117
|move|p1a: Hippowdon|Earthquake|p2a: Morbidly a Beast
|-damage|p2a: Morbidly a Beast|47/100
|move|p2a: Morbidly a Beast|Earthquake|p1a: Hippowdon
|-damage|p1a: Hippowdon|2/100
|
|-heal|p1a: Hippowdon|9/100|[from] item: Leftovers
|-heal|p2a: Morbidly a Beast|53/100|[from] item: Leftovers
|upkeep
|turn|10
|
|t:|1743837129
|move|p1a: Hippowdon|Slack Off|p1a: Hippowdon
|-heal|p1a: Hippowdon|59/100
|move|p2a: Morbidly a Beast|Ruination|p1a: Hippowdon
|-damage|p1a: Hippowdon|30/100
|
|-heal|p1a: Hippowdon|36/100|[from] item: Leftovers
|-heal|p2a: Morbidly a Beast|60/100|[from] item: Leftovers
|upkeep
|turn|11
|
|t:|1743837143
|move|p1a: Hippowdon|Earthquake|p2a: Morbidly a Beast
|-damage|p2a: Morbidly a Beast|39/100
|move|p2a: Morbidly a Beast|Earthquake|p1a: Hippowdon
|-damage|p1a: Hippowdon|11/100
|
|-heal|p1a: Hippowdon|18/100|[from] item: Leftovers
|-heal|p2a: Morbidly a Beast|45/100|[from] item: Leftovers
|upkeep
|turn|12
|
|t:|1743837160
|switch|p2a: Wakey Wakey|Walking Wake|100/100
|move|p1a: Hippowdon|Slack Off|p1a: Hippowdon
|-heal|p1a: Hippowdon|68/100
|
|-heal|p1a: Hippowdon|74/100|[from] item: Leftovers
|upkeep
|turn|13
|
|t:|1743837168
|move|p2a: Wakey Wakey|Scald|p1a: Hippowdon
|-supereffective|p1a: Hippowdon
|-damage|p1a: Hippowdon|12/100
|-status|p1a: Hippowdon|brn
|move|p1a: Hippowdon|Whirlwind|p2a: Wakey Wakey
|-end|p2a: Wakey Wakey|Protosynthesis|[silent]
|drag|p2a: Richard|Great Tusk|100/100
|-damage|p2a: Richard|97/100|[from] Stealth Rock
|-enditem|p2a: Richard|Booster Energy
|-activate|p2a: Richard|ability: Protosynthesis|[fromitem]
|-start|p2a: Richard|protosynthesisspe
|
|-heal|p1a: Hippowdon|18/100 brn|[from] item: Leftovers
|-damage|p1a: Hippowdon|12/100 brn|[from] brn
|upkeep
|turn|14
|j| tommytord
|
|t:|1743837182
|move|p2a: Richard|Rapid Spin|p1a: Hippowdon
|-damage|p1a: Hippowdon|0 fnt
|-boost|p2a: Richard|spe|1
|-sideend|p2: Quackstorm|Stealth Rock|[from] move: Rapid Spin|[of] p2a: Richard
|faint|p1a: Hippowdon
|
|upkeep
|
|t:|1743837186
|switch|p1a: Hydrapple|Hydrapple, M|100/100
|turn|15
|
|t:|1743837196
|-terastallize|p2a: Richard|Ice
|move|p2a: Richard|Ice Spinner|p1a: Hydrapple
|-supereffective|p1a: Hydrapple
|-damage|p1a: Hydrapple|18/100
|move|p1a: Hydrapple|Giga Drain|p2a: Richard
|-damage|p2a: Richard|54/100
|-heal|p1a: Hydrapple|41/100|[from] drain|[of] p2a: Richard
|
|upkeep
|turn|16
|
|t:|1743837206
|switch|p1a: Skeledirge|Skeledirge, M|100/100
|move|p2a: Richard|Ice Spinner|p1a: Skeledirge
|-resisted|p1a: Skeledirge
|-damage|p1a: Skeledirge|91/100
|
|upkeep
|turn|17
|
|t:|1743837212
|move|p2a: Richard|Headlong Rush|p1a: Skeledirge
|-supereffective|p1a: Skeledirge
|-crit|p1a: Skeledirge
|-damage|p1a: Skeledirge|0 fnt
|-unboost|p2a: Richard|def|1
|-unboost|p2a: Richard|spd|1
|faint|p1a: Skeledirge
|
|upkeep
|
|t:|1743837217
|switch|p1a: Excadrill|Excadrill, F|100/100
|-item|p1a: Excadrill|Air Balloon
|turn|18
|
|t:|1743837225
|move|p2a: Richard|Close Combat|p1a: Excadrill
|-supereffective|p1a: Excadrill
|-damage|p1a: Excadrill|0 fnt
|-unboost|p2a: Richard|def|1
|-unboost|p2a: Richard|spd|1
|-enditem|p1a: Excadrill|Air Balloon
|faint|p1a: Excadrill
|
|upkeep
|
|t:|1743837230
|switch|p1a: Garganacl|Garganacl, F|100/100
|-damage|p1a: Garganacl|75/100|[from] Spikes
|turn|19
|
|t:|1743837240
|-end|p2a: Richard|Protosynthesis|[silent]
|switch|p2a: Matcha Gyattcha|Sinistcha|100/100
|-terastallize|p1a: Garganacl|Fairy
|move|p1a: Garganacl|Curse|p1a: Garganacl
|-unboost|p1a: Garganacl|spe|1
|-boost|p1a: Garganacl|atk|1
|-boost|p1a: Garganacl|def|1
|
|-heal|p1a: Garganacl|82/100|[from] item: Leftovers
|upkeep
|turn|20
|
|t:|1743837245
|move|p2a: Matcha Gyattcha|Calm Mind|p2a: Matcha Gyattcha
|-boost|p2a: Matcha Gyattcha|spa|1
|-boost|p2a: Matcha Gyattcha|spd|1
|move|p1a: Garganacl|Ice Punch|p2a: Matcha Gyattcha
|-supereffective|p2a: Matcha Gyattcha
|-damage|p2a: Matcha Gyattcha|60/100
|
|-heal|p1a: Garganacl|88/100|[from] item: Leftovers
|upkeep
|turn|21
|
|t:|1743837253
|move|p2a: Matcha Gyattcha|Strength Sap|p1a: Garganacl
|-unboost|p1a: Garganacl|atk|1
|-heal|p2a: Matcha Gyattcha|100/100
|move|p1a: Garganacl|Ice Punch|p2a: Matcha Gyattcha
|-supereffective|p2a: Matcha Gyattcha
|-damage|p2a: Matcha Gyattcha|74/100
|
|-heal|p1a: Garganacl|94/100|[from] item: Leftovers
|upkeep
|turn|22
|
|t:|1743837257
|move|p2a: Matcha Gyattcha|Calm Mind|p2a: Matcha Gyattcha
|-boost|p2a: Matcha Gyattcha|spa|1
|-boost|p2a: Matcha Gyattcha|spd|1
|move|p1a: Garganacl|Ice Punch|p2a: Matcha Gyattcha
|-supereffective|p2a: Matcha Gyattcha
|-damage|p2a: Matcha Gyattcha|50/100
|
|-heal|p1a: Garganacl|99/100|[from] item: Leftovers
|upkeep
|turn|23
|
|t:|1743837260
|move|p2a: Matcha Gyattcha|Strength Sap|p1a: Garganacl
|-unboost|p1a: Garganacl|atk|1
|-heal|p2a: Matcha Gyattcha|100/100
|move|p1a: Garganacl|Ice Punch|p2a: Matcha Gyattcha
|-supereffective|p2a: Matcha Gyattcha
|-damage|p2a: Matcha Gyattcha|83/100
|
|-heal|p1a: Garganacl|100/100|[from] item: Leftovers
|upkeep
|turn|24
|
|t:|1743837265
|move|p2a: Matcha Gyattcha|Matcha Gotcha|p1a: Garganacl
|-damage|p1a: Garganacl|58/100
|-heal|p2a: Matcha Gyattcha|100/100|[from] drain|[of] p1a: Garganacl
|move|p1a: Garganacl|Ice Punch|p2a: Matcha Gyattcha
|-supereffective|p2a: Matcha Gyattcha
|-damage|p2a: Matcha Gyattcha|82/100
|
|-heal|p1a: Garganacl|64/100|[from] item: Leftovers
|upkeep
|turn|25
|c|☆Quackstorm|this is definitely one of the sets of all time
|
|t:|1743837277
|move|p2a: Matcha Gyattcha|Shadow Ball|p1a: Garganacl
|-damage|p1a: Garganacl|44/100
|move|p1a: Garganacl|Ice Punch|p2a: Matcha Gyattcha
|-supereffective|p2a: Matcha Gyattcha
|-damage|p2a: Matcha Gyattcha|66/100
|
|-heal|p1a: Garganacl|50/100|[from] item: Leftovers
|upkeep
|turn|26
|
|t:|1743837283
|move|p2a: Matcha Gyattcha|Matcha Gotcha|p1a: Garganacl
|-damage|p1a: Garganacl|7/100
|-heal|p2a: Matcha Gyattcha|91/100|[from] drain|[of] p1a: Garganacl
|move|p1a: Garganacl|Ice Punch|p2a: Matcha Gyattcha
|-supereffective|p2a: Matcha Gyattcha
|-damage|p2a: Matcha Gyattcha|73/100
|
|-heal|p1a: Garganacl|13/100|[from] item: Leftovers
|upkeep
|turn|27
|
|t:|1743837292
|move|p2a: Matcha Gyattcha|Shadow Ball|p1a: Garganacl
|-damage|p1a: Garganacl|0 fnt
|faint|p1a: Garganacl
|
|upkeep
|
|t:|1743837294
|switch|p1a: Hydrapple|Hydrapple, M|75/100
|turn|28
|-message|sleepdeprevation forfeited.
|
|win|Quackstorm
|raw|sleepdeprevation's rating: 1541 &rarr; <strong>1521</strong><br />(-20 for losing)
|raw|Quackstorm's rating: 1538 &rarr; <strong>1558</strong><br />(+20 for winning)
|l|☆sleepdeprevation
|player|p1|
|c|☆Quackstorm|gg
|l|☆Quackstorm
|player|p2|
|l| tommytord
