|j|☆nabuchonodosor
|j|☆Jhensy
|t:|1743873465
|gametype|singles
|player|p1|nabuchonodosor|266|1406
|player|p2|Jhensy|steven|1424
|teamsize|p1|6
|teamsize|p2|6
|gen|9
|tier|[Gen 9] OU
|rated|
|rule|HP Percentage Mod: HP is shown in percentages
|rule|Endless Battle Clause: Forcing endless battles is banned
|rule|Species Clause: Limit one of each Pokémon
|rule|OHKO Clause: OHKO moves are banned
|rule|Evasion Items Clause: Evasion items are banned
|rule|Evasion Moves Clause: Evasion moves are banned
|rule|Sleep Moves Clause: Sleep-inducing moves are banned
|clearpoke
|poke|p1|Darkrai|
|poke|p1|Samurott-Hisui, M|
|poke|p1|Latios, M|
|poke|p1|Pecharunt|
|poke|p1|Zamazenta-*|
|poke|p1|Landorus-Therian, M|
|poke|p2|Samurott-Hisui, F|
|poke|p2|Glimmora, M|
|poke|p2|Sandy Shocks|
|poke|p2|Iron Moth|
|poke|p2|Gholdengo|
|poke|p2|Kingambit, M|
|teampreview
|inactive|Battle timer is ON: inactive players will automatically lose when time's up. (requested by Jhensy)
|
|t:|1743873481
|start
|switch|p1a: Zamazenta|Zamazenta|100/100
|switch|p2a: Shheeee|Samurott-Hisui, F, shiny|100/100
|-ability|p1a: Zamazenta|Dauntless Shield|boost
|-boost|p1a: Zamazenta|def|1
|turn|1
|
|t:|1743873486
|switch|p2a: Rahool|Gholdengo, shiny|100/100
|-item|p2a: Rahool|Air Balloon
|move|p1a: Zamazenta|Close Combat|p2a: Rahool
|-immune|p2a: Rahool
|
|upkeep
|turn|2
|
|t:|1743873495
|move|p1a: Zamazenta|Crunch|p2a: Rahool
|-supereffective|p2a: Rahool
|-damage|p2a: Rahool|50/100
|-enditem|p2a: Rahool|Air Balloon
|move|p2a: Rahool|Dazzling Gleam|p1a: Zamazenta
|-supereffective|p1a: Zamazenta
|-damage|p1a: Zamazenta|50/100
|
|upkeep
|turn|3
|
|t:|1743873503
|switch|p2a: Oppps|Glimmora, M, shiny|100/100
|move|p1a: Zamazenta|Crunch|p2a: Oppps
|-damage|p2a: Oppps|69/100
|-activate|p2a: Oppps|ability: Toxic Debris
|-sidestart|p1: nabuchonodosor|move: Toxic Spikes
|-enditem|p2a: Oppps|Red Card|[of] p1a: Zamazenta
|drag|p1a: Landorus|Landorus-Therian, M|100/100
|-ability|p1a: Landorus|Intimidate|boost
|-unboost|p2a: Oppps|atk|1
|
|upkeep
|turn|4
|
|t:|1743873513
|move|p1a: Landorus|Earthquake|p2a: Oppps
|-supereffective|p2a: Oppps
|-damage|p2a: Oppps|0 fnt
|-activate|p2a: Oppps|ability: Toxic Debris
|-sidestart|p1: nabuchonodosor|move: Toxic Spikes
|faint|p2a: Oppps
|
|upkeep
|
|t:|1743873517
|switch|p2a: Shheeee|Samurott-Hisui, F, shiny|100/100
|turn|5
|
|t:|1743873526
|move|p1a: Landorus|U-turn|p2a: Shheeee
|-supereffective|p2a: Shheeee
|-damage|p2a: Shheeee|43/100
|
|t:|1743873530
|switch|p1a: Zamazenta|Zamazenta|50/100|[from] U-turn
|move|p2a: Shheeee|Aqua Cutter|p1a: Zamazenta
|-damage|p1a: Zamazenta|10/100
|
|upkeep
|turn|6
|
|t:|1743873539
|move|p2a: Shheeee|Sucker Punch|p1a: Zamazenta
|-resisted|p1a: Zamazenta
|-damage|p1a: Zamazenta|0 fnt
|faint|p1a: Zamazenta
|
|upkeep
|
|t:|1743873543
|switch|p1a: Landorus|Landorus-Therian, M|100/100
|-ability|p1a: Landorus|Intimidate|boost
|-unboost|p2a: Shheeee|atk|1
|turn|7
|
|t:|1743873555
|move|p2a: Shheeee|Sucker Punch|p1a: Landorus
|-damage|p1a: Landorus|79/100
|-damage|p2a: Shheeee|26/100|[from] item: Rocky Helmet|[of] p1a: Landorus
|move|p1a: Landorus|U-turn|p2a: Shheeee
|-supereffective|p2a: Shheeee
|-damage|p2a: Shheeee|0 fnt
|faint|p2a: Shheeee
|
|t:|1743873564
|switch|p1a: Pecharunt|Pecharunt|100/100|[from] U-turn
|-sideend|p1: nabuchonodosor|move: Toxic Spikes|[of] p1a: Pecharunt
|
|upkeep
|
|t:|1743873571
|switch|p2a: Buzzbbbaalll|Iron Moth, shiny|100/100
|-enditem|p2a: Buzzbbbaalll|Booster Energy
|-activate|p2a: Buzzbbbaalll|ability: Quark Drive|[fromitem]
|-start|p2a: Buzzbbbaalll|quarkdrivespe
|turn|8
|
|t:|1743873577
|move|p2a: Buzzbbbaalll|Fiery Dance|p1a: Pecharunt
|-damage|p1a: Pecharunt|62/100
|move|p1a: Pecharunt|Parting Shot|p2a: Buzzbbbaalll
|-unboost|p2a: Buzzbbbaalll|atk|1
|-unboost|p2a: Buzzbbbaalll|spa|1
|
|t:|1743873582
|switch|p1a: Samurott|Samurott-Hisui, M|100/100|[from] Parting Shot
|
|upkeep
|turn|9
|
|t:|1743873606
|-end|p2a: Buzzbbbaalll|Quark Drive|[silent]
|switch|p2a: Rahool|Gholdengo, shiny|50/100
|move|p1a: Samurott|Ceaseless Edge|p2a: Rahool
|-supereffective|p2a: Rahool
|-damage|p2a: Rahool|0 fnt
|-sidestart|p2: Jhensy|Spikes
|faint|p2a: Rahool
|
|upkeep
|
|t:|1743873615
|switch|p2a: OPM BABI|Sandy Shocks, shiny|100/100
|-damage|p2a: OPM BABI|88/100|[from] Spikes
|-enditem|p2a: OPM BABI|Booster Energy
|-activate|p2a: OPM BABI|ability: Protosynthesis|[fromitem]
|-start|p2a: OPM BABI|protosynthesisspe
|turn|10
|
|t:|1743873622
|switch|p1a: Landorus|Landorus-Therian, M|79/100
|-ability|p1a: Landorus|Intimidate|boost
|-unboost|p2a: OPM BABI|atk|1
|-terastallize|p2a: OPM BABI|Ice
|move|p2a: OPM BABI|Tera Blast|p1a: Landorus|[anim] Tera Blast Ice
|-supereffective|p1a: Landorus
|-damage|p1a: Landorus|0 fnt
|faint|p1a: Landorus
|
|upkeep
|
|t:|1743873632
|switch|p1a: Samurott|Samurott-Hisui, M|100/100
|turn|11
|
|t:|1743873646
|-terastallize|p1a: Samurott|Fire
|move|p2a: OPM BABI|Thunderbolt|p1a: Samurott
|-damage|p1a: Samurott|68/100
|move|p1a: Samurott|Ceaseless Edge|p2a: OPM BABI
|-damage|p2a: OPM BABI|38/100
|-sidestart|p2: Jhensy|Spikes
|
|upkeep
|turn|12
|
|t:|1743873657
|switch|p1a: Latios|Latios, M|100/100
|move|p2a: OPM BABI|Earth Power|p1a: Latios
|-immune|p1a: Latios|[from] ability: Levitate
|
|upkeep
|turn|13
|
|t:|1743873664
|move|p2a: OPM BABI|Tera Blast|p1a: Latios|[anim] Tera Blast Ice
|-supereffective|p1a: Latios
|-damage|p1a: Latios|20/100
|move|p1a: Latios|Psychic Noise|p2a: OPM BABI
|-damage|p2a: OPM BABI|0 fnt
|faint|p2a: OPM BABI
|-end|p2a: OPM BABI|Protosynthesis|[silent]
|
|upkeep
|
|t:|1743873674
|switch|p2a: Buzzbbbaalll|Iron Moth, shiny|100/100
|-damage|p2a: Buzzbbbaalll|84/100|[from] Spikes
|turn|14
|
|t:|1743873678
|move|p1a: Latios|Psychic Noise|p2a: Buzzbbbaalll
|-supereffective|p2a: Buzzbbbaalll
|-damage|p2a: Buzzbbbaalll|0 fnt
|faint|p2a: Buzzbbbaalll
|-end|p2a: Buzzbbbaalll|Quark Drive|[silent]
|
|upkeep
|
|t:|1743873681
|switch|p2a: Kenshi|Kingambit, M, shiny|100/100
|-damage|p2a: Kenshi|84/100|[from] Spikes
|-activate|p2a: Kenshi|ability: Supreme Overlord
|-start|p2a: Kenshi|fallen5|[silent]
|turn|15
|
|t:|1743873687
|switch|p1a: Darkrai|Darkrai|100/100
|move|p2a: Kenshi|Swords Dance|p2a: Kenshi
|-boost|p2a: Kenshi|atk|2
|
|-heal|p2a: Kenshi|90/100|[from] item: Leftovers
|upkeep
|turn|16
|
|t:|1743873694
|move|p1a: Darkrai|Will-O-Wisp|p2a: Kenshi
|-status|p2a: Kenshi|brn
|move|p2a: Kenshi|Low Kick|p1a: Darkrai
|-supereffective|p1a: Darkrai
|-damage|p1a: Darkrai|0 fnt
|faint|p1a: Darkrai
|
|-heal|p2a: Kenshi|96/100 brn|[from] item: Leftovers
|-damage|p2a: Kenshi|90/100 brn|[from] brn
|upkeep
|
|t:|1743873702
|switch|p1a: Samurott|Samurott-Hisui, M, tera:Fire|68/100
|turn|17
|
|t:|1743873714
|move|p1a: Samurott|Razor Shell|p2a: Kenshi
|-damage|p2a: Kenshi|51/100 brn
|-unboost|p2a: Kenshi|def|1
|move|p2a: Kenshi|Low Kick|p1a: Samurott
|-damage|p1a: Samurott|19/100
|
|-heal|p2a: Kenshi|57/100 brn|[from] item: Leftovers
|-damage|p2a: Kenshi|51/100 brn|[from] brn
|upkeep
|turn|18
|
|t:|1743873727
|move|p1a: Samurott|Aqua Jet|p2a: Kenshi
|-damage|p2a: Kenshi|27/100 brn
|move|p2a: Kenshi|Sucker Punch||[still]
|-fail|p2a: Kenshi
|
|-heal|p2a: Kenshi|33/100 brn|[from] item: Leftovers
|-damage|p2a: Kenshi|27/100 brn|[from] brn
|upkeep
|turn|19
|
|t:|1743873739
|move|p1a: Samurott|Aqua Jet|p2a: Kenshi
|-crit|p2a: Kenshi
|-damage|p2a: Kenshi|0 fnt
|faint|p2a: Kenshi
|-end|p2a: Kenshi|fallen5|[silent]
|
|win|nabuchonodosor
|raw|nabuchonodosor's rating: 1406 &rarr; <strong>1427</strong><br />(+21 for winning)
|raw|Jhensy's rating: 1424 &rarr; <strong>1403</strong><br />(-21 for losing)
|l|☆Jhensy
|player|p2|
|l|☆nabuchonodosor
|player|p1|
