|j|☆Dr. Drake6782
|j|☆Hfm
|t:|1743893011
|gametype|singles
|player|p1|Dr. Drake6782|lance-lgpe|1300
|player|p2|Hfm|acetrainer-gen4dp|1351
|teamsize|p1|6
|teamsize|p2|6
|gen|9
|tier|[Gen 9] OU
|rated|
|rule|HP Percentage Mod: HP is shown in percentages
|rule|Endless Battle Clause: Forcing endless battles is banned
|rule|Species Clause: Limit one of each Pokémon
|rule|OHKO Clause: OHKO moves are banned
|rule|Evasion Items Clause: Evasion items are banned
|rule|Evasion Moves Clause: Evasion moves are banned
|rule|Sleep Moves Clause: Sleep-inducing moves are banned
|clearpoke
|poke|p1|Alomomola, F|
|poke|p1|Weezing-Galar, F|
|poke|p1|Garganacl, M|
|poke|p1|Kyurem|
|poke|p1|Ting-Lu|
|poke|p1|Ogerpon-Wellspring, F|
|poke|p2|Dragonite, F|
|poke|p2|Primarina, F|
|poke|p2|Darkrai|
|poke|p2|Landorus-Therian, M|
|poke|p2|Kingambit, M|
|poke|p2|Serperior, F|
|teampreview
|inactive|Battle timer is ON: inactive players will automatically lose when time's up. (requested by Dr. Drake6782)
|inactive|Dr. Drake6782 has 120 seconds left.
|inactive|Hfm has 120 seconds left.
|
|t:|1743893065
|start
|switch|p1a: Ogerpon|Ogerpon-Wellspring, F|100/100
|switch|p2a: Serperior|Serperior, F|100/100
|turn|1
|
|t:|1743893081
|move|p2a: Serperior|Leaf Storm|p1a: Ogerpon
|-damage|p1a: Ogerpon|44/100
|-boost|p2a: Serperior|spa|2
|move|p1a: Ogerpon|U-turn|p2a: Serperior
|-supereffective|p2a: Serperior
|-damage|p2a: Serperior|29/100
|
|t:|1743893086
|switch|p1a: Kyurem|Kyurem, shiny|100/100|[from] U-turn
|-ability|p1a: Kyurem|Pressure
|
|upkeep
|turn|2
|
|t:|1743893094
|switch|p2a: Primarina|Primarina, F|100/100
|move|p1a: Kyurem|Freeze-Dry|p2a: Primarina
|-supereffective|p2a: Primarina
|-damage|p2a: Primarina|42/100
|
|-heal|p2a: Primarina|49/100|[from] item: Leftovers
|upkeep
|turn|3
|
|t:|1743893107
|move|p1a: Kyurem|Freeze-Dry|p2a: Primarina
|-supereffective|p2a: Primarina
|-damage|p2a: Primarina|0 fnt
|faint|p2a: Primarina
|
|upkeep
|
|t:|1743893112
|switch|p2a: Kingambit|Kingambit, M|100/100
|turn|4
|
|t:|1743893116
|switch|p1a: Alomomola|Alomomola, F|100/100
|move|p2a: Kingambit|Swords Dance|p2a: Kingambit
|-boost|p2a: Kingambit|atk|2
|
|upkeep
|turn|5
|
|t:|1743893127
|move|p2a: Kingambit|Swords Dance|p2a: Kingambit
|-boost|p2a: Kingambit|atk|2
|move|p1a: Alomomola|Flip Turn|p2a: Kingambit
|-damage|p2a: Kingambit|88/100
|
|t:|1743893129
|switch|p1a: Ting-Lu|Ting-Lu|100/100|[from] Flip Turn
|-ability|p1a: Ting-Lu|Vessel of Ruin
|
|-heal|p2a: Kingambit|94/100|[from] item: Leftovers
|upkeep
|turn|6
|
|t:|1743893138
|move|p2a: Kingambit|Low Kick|p1a: Ting-Lu
|-supereffective|p1a: Ting-Lu
|-damage|p1a: Ting-Lu|0 fnt
|faint|p1a: Ting-Lu
|
|-heal|p2a: Kingambit|100/100|[from] item: Leftovers
|upkeep
|
|t:|1743893142
|switch|p1a: Weezing|Weezing-Galar, F, shiny|100/100
|-ability|p1a: Weezing|Neutralizing Gas
|turn|7
|
|t:|1743893152
|move|p1a: Weezing|Will-O-Wisp|p2a: Kingambit
|-status|p2a: Kingambit|brn
|move|p2a: Kingambit|Iron Head|p1a: Weezing
|-supereffective|p1a: Weezing
|-damage|p1a: Weezing|10/100
|
|-damage|p2a: Kingambit|94/100 brn|[from] brn
|upkeep
|turn|8
|
|t:|1743893162
|move|p2a: Kingambit|Sucker Punch||[still]
|-fail|p2a: Kingambit
|move|p1a: Weezing|Pain Split|p2a: Kingambit
|-sethp|p2a: Kingambit|52/100 brn|[from] move: Pain Split|[silent]
|-sethp|p1a: Weezing|61/100|[from] move: Pain Split
|
|-heal|p2a: Kingambit|58/100 brn|[from] item: Leftovers
|-damage|p2a: Kingambit|52/100 brn|[from] brn
|upkeep
|turn|9
|
|t:|1743893168
|-end|p1a: Weezing|ability: Neutralizing Gas
|switch|p1a: Alomomola|Alomomola, F|100/100
|move|p2a: Kingambit|Iron Head|p1a: Alomomola
|-resisted|p1a: Alomomola
|-damage|p1a: Alomomola|78/100
|
|-heal|p2a: Kingambit|58/100 brn|[from] item: Leftovers
|-damage|p2a: Kingambit|52/100 brn|[from] brn
|upkeep
|turn|10
|
|t:|1743893185
|move|p2a: Kingambit|Iron Head|p1a: Alomomola
|-resisted|p1a: Alomomola
|-damage|p1a: Alomomola|57/100
|move|p1a: Alomomola|Tickle|p2a: Kingambit
|-unboost|p2a: Kingambit|atk|1
|-ability|p2a: Kingambit|Defiant|boost
|-boost|p2a: Kingambit|atk|2
|-unboost|p2a: Kingambit|def|1
|-ability|p2a: Kingambit|Defiant|boost
|-boost|p2a: Kingambit|atk|1
|
|-heal|p2a: Kingambit|58/100 brn|[from] item: Leftovers
|-damage|p2a: Kingambit|52/100 brn|[from] brn
|upkeep
|turn|11
|
|t:|1743893214
|move|p2a: Kingambit|Iron Head|p1a: Alomomola
|-resisted|p1a: Alomomola
|-damage|p1a: Alomomola|31/100
|move|p1a: Alomomola|Flip Turn|p2a: Kingambit
|-damage|p2a: Kingambit|33/100 brn
|
|t:|1743893220
|switch|p1a: Ogerpon|Ogerpon-Wellspring, F|44/100|[from] Flip Turn
|
|-heal|p2a: Kingambit|39/100 brn|[from] item: Leftovers
|-damage|p2a: Kingambit|33/100 brn|[from] brn
|upkeep
|turn|12
|
|t:|1743893229
|switch|p1a: Alomomola|Alomomola, F|64/100
|move|p2a: Kingambit|Sucker Punch||[still]
|-fail|p2a: Kingambit
|
|-heal|p2a: Kingambit|39/100 brn|[from] item: Leftovers
|-damage|p2a: Kingambit|33/100 brn|[from] brn
|upkeep
|turn|13
|
|t:|1743893240
|move|p2a: Kingambit|Iron Head|p1a: Alomomola
|-resisted|p1a: Alomomola
|-crit|p1a: Alomomola
|-damage|p1a: Alomomola|19/100
|cant|p1a: Alomomola|flinch
|
|-heal|p2a: Kingambit|39/100 brn|[from] item: Leftovers
|-damage|p2a: Kingambit|33/100 brn|[from] brn
|upkeep
|turn|14
|
|t:|1743893250
|switch|p1a: Ogerpon|Ogerpon-Wellspring, F|44/100
|move|p2a: Kingambit|Iron Head|p1a: Ogerpon
|-resisted|p1a: Ogerpon
|-damage|p1a: Ogerpon|0 fnt
|faint|p1a: Ogerpon
|
|-heal|p2a: Kingambit|39/100 brn|[from] item: Leftovers
|-damage|p2a: Kingambit|33/100 brn|[from] brn
|upkeep
|
|t:|1743893254
|switch|p1a: Alomomola|Alomomola, F|52/100
|turn|15
|
|t:|1743893261
|move|p2a: Kingambit|Iron Head|p1a: Alomomola
|-resisted|p1a: Alomomola
|-damage|p1a: Alomomola|25/100
|cant|p1a: Alomomola|flinch
|
|-heal|p2a: Kingambit|39/100 brn|[from] item: Leftovers
|-damage|p2a: Kingambit|33/100 brn|[from] brn
|upkeep
|turn|16
|
|t:|1743893287
|switch|p1a: Weezing|Weezing-Galar, F, shiny|61/100
|-ability|p1a: Weezing|Neutralizing Gas
|move|p2a: Kingambit|Iron Head|p1a: Weezing
|-supereffective|p1a: Weezing
|-damage|p1a: Weezing|0 fnt
|faint|p1a: Weezing
|-end|p1a: Weezing|ability: Neutralizing Gas
|
|-heal|p2a: Kingambit|39/100 brn|[from] item: Leftovers
|-damage|p2a: Kingambit|33/100 brn|[from] brn
|upkeep
|
|t:|1743893289
|switch|p1a: Alomomola|Alomomola, F|59/100
|turn|17
|
|t:|1743893300
|move|p2a: Kingambit|Iron Head|p1a: Alomomola
|-resisted|p1a: Alomomola
|-damage|p1a: Alomomola|30/100
|move|p1a: Alomomola|Wish|p1a: Alomomola
|
|-heal|p2a: Kingambit|39/100 brn|[from] item: Leftovers
|-damage|p2a: Kingambit|33/100 brn|[from] brn
|upkeep
|turn|18
|
|t:|1743893308
|move|p1a: Alomomola|Protect|p1a: Alomomola
|-singleturn|p1a: Alomomola|Protect
|move|p2a: Kingambit|Iron Head|p1a: Alomomola
|-activate|p1a: Alomomola|move: Protect
|
|-heal|p1a: Alomomola|80/100|[from] move: Wish|[wisher] Alomomola
|-heal|p2a: Kingambit|39/100 brn|[from] item: Leftovers
|-damage|p2a: Kingambit|33/100 brn|[from] brn
|upkeep
|turn|19
|
|t:|1743893324
|move|p2a: Kingambit|Iron Head|p1a: Alomomola
|-resisted|p1a: Alomomola
|-damage|p1a: Alomomola|50/100
|move|p1a: Alomomola|Tickle|p2a: Kingambit
|-unboost|p2a: Kingambit|atk|1
|-ability|p2a: Kingambit|Defiant|boost
|-boost|p2a: Kingambit|atk|1
|-unboost|p2a: Kingambit|def|1
|-boost|p2a: Kingambit|atk|0
|
|-heal|p2a: Kingambit|39/100 brn|[from] item: Leftovers
|-damage|p2a: Kingambit|33/100 brn|[from] brn
|upkeep
|turn|20
|
|t:|1743893331
|move|p2a: Kingambit|Iron Head|p1a: Alomomola
|-resisted|p1a: Alomomola
|-damage|p1a: Alomomola|21/100
|cant|p1a: Alomomola|flinch
|
|-heal|p2a: Kingambit|39/100 brn|[from] item: Leftovers
|-damage|p2a: Kingambit|33/100 brn|[from] brn
|upkeep
|turn|21
|
|t:|1743893347
|switch|p1a: Kyurem|Kyurem, shiny|100/100
|-ability|p1a: Kyurem|Pressure
|move|p2a: Kingambit|Iron Head|p1a: Kyurem
|-supereffective|p1a: Kyurem
|-damage|p1a: Kyurem|0 fnt
|faint|p1a: Kyurem
|
|-heal|p2a: Kingambit|39/100 brn|[from] item: Leftovers
|-damage|p2a: Kingambit|33/100 brn|[from] brn
|upkeep
|
|t:|1743893349
|switch|p1a: Alomomola|Alomomola, F|55/100
|turn|22
|c|☆Dr. Drake6782|bitch ass flinchews
|
|t:|1743893362
|move|p2a: Kingambit|Iron Head|p1a: Alomomola
|-resisted|p1a: Alomomola
|-damage|p1a: Alomomola|25/100
|move|p1a: Alomomola|Wish|p1a: Alomomola
|
|-heal|p2a: Kingambit|39/100 brn|[from] item: Leftovers
|-damage|p2a: Kingambit|33/100 brn|[from] brn
|upkeep
|turn|23
|n|‽Dr. Drake6782|drdrake6782
|c|~|/log Dr. Drake6782 was locked from talking by Artemis. (☆Dr. Drake6782: bitch ass flinchews)
|c|~|/raw <small>This action was done automatically. Want to learn more about the AI? <a href="https://www.smogon.com/forums/threads/3570628/#post-9056769">Visit the information thread</a>.</small>
|c|☆Hfm|wow
|c|☆Hfm|lets do it
|
|t:|1743893377
|move|p1a: Alomomola|Protect|p1a: Alomomola
|-singleturn|p1a: Alomomola|Protect
|move|p2a: Kingambit|Iron Head|p1a: Alomomola
|-activate|p1a: Alomomola|move: Protect
|
|-heal|p1a: Alomomola|75/100|[from] move: Wish|[wisher] Alomomola
|-heal|p2a: Kingambit|39/100 brn|[from] item: Leftovers
|-damage|p2a: Kingambit|33/100 brn|[from] brn
|upkeep
|turn|24
|
|t:|1743893389
|move|p2a: Kingambit|Sucker Punch||[still]
|-fail|p2a: Kingambit
|move|p1a: Alomomola|Wish|p1a: Alomomola
|
|-heal|p2a: Kingambit|39/100 brn|[from] item: Leftovers
|-damage|p2a: Kingambit|33/100 brn|[from] brn
|upkeep
|turn|25
|
|t:|1743893396
|move|p2a: Kingambit|Sucker Punch||[still]
|-fail|p2a: Kingambit
|move|p1a: Alomomola|Tickle|p2a: Kingambit
|-unboost|p2a: Kingambit|atk|1
|-ability|p2a: Kingambit|Defiant|boost
|-boost|p2a: Kingambit|atk|1
|-unboost|p2a: Kingambit|def|1
|-boost|p2a: Kingambit|atk|0
|
|-heal|p1a: Alomomola|100/100|[from] move: Wish|[wisher] Alomomola
|-heal|p2a: Kingambit|39/100 brn|[from] item: Leftovers
|-damage|p2a: Kingambit|33/100 brn|[from] brn
|upkeep
|turn|26
|
|t:|1743893409
|move|p2a: Kingambit|Sucker Punch||[still]
|-fail|p2a: Kingambit
|move|p1a: Alomomola|Tickle|p2a: Kingambit
|-unboost|p2a: Kingambit|atk|1
|-ability|p2a: Kingambit|Defiant|boost
|-boost|p2a: Kingambit|atk|1
|-unboost|p2a: Kingambit|def|1
|-boost|p2a: Kingambit|atk|0
|
|-heal|p2a: Kingambit|39/100 brn|[from] item: Leftovers
|-damage|p2a: Kingambit|33/100 brn|[from] brn
|upkeep
|turn|27
|
|t:|1743893417
|move|p2a: Kingambit|Iron Head|p1a: Alomomola
|-resisted|p1a: Alomomola
|-damage|p1a: Alomomola|74/100
|move|p1a: Alomomola|Flip Turn|p2a: Kingambit
|-damage|p2a: Kingambit|0 fnt
|faint|p2a: Kingambit
|
|t:|1743893422
|switch|p1a: Garganacl|Garganacl, M, shiny|100/100|[from] Flip Turn
|
|upkeep
|
|t:|1743893427
|switch|p2a: Serperior|Serperior, F|29/100
|turn|28
|
|t:|1743893430
|-terastallize|p1a: Garganacl|Fairy
|move|p2a: Serperior|Leaf Storm|p1a: Garganacl
|-crit|p1a: Garganacl
|-damage|p1a: Garganacl|52/100
|-boost|p2a: Serperior|spa|2
|move|p1a: Garganacl|Salt Cure|p2a: Serperior
|-damage|p2a: Serperior|11/100
|-start|p2a: Serperior|Salt Cure
|
|-heal|p1a: Garganacl|58/100|[from] item: Leftovers
|-damage|p2a: Serperior|0 fnt|[from] Salt Cure
|faint|p2a: Serperior
|upkeep
|
|t:|1743893441
|switch|p2a: Darkrai|Darkrai|100/100
|turn|29
|
|t:|1743893445
|switch|p1a: Alomomola|Alomomola, F|100/100
|move|p2a: Darkrai|Sludge Bomb|p1a: Alomomola
|-damage|p1a: Alomomola|70/100
|
|upkeep
|turn|30
|
|t:|1743893453
|move|p2a: Darkrai|Nasty Plot|p2a: Darkrai
|-boost|p2a: Darkrai|spa|2
|move|p1a: Alomomola|Wish|p1a: Alomomola
|
|upkeep
|turn|31
|inactive|Dr. Drake6782 has 120 seconds left.
|
|t:|1743893484
|move|p2a: Darkrai|Nasty Plot|p2a: Darkrai
|-boost|p2a: Darkrai|spa|2
|move|p1a: Alomomola|Flip Turn|p2a: Darkrai
|-damage|p2a: Darkrai|78/100
|
|t:|1743893486
|switch|p1a: Garganacl|Garganacl, M, shiny, tera:Fairy|58/100|[from] Flip Turn
|
|-heal|p1a: Garganacl|100/100|[from] move: Wish|[wisher] Alomomola
|upkeep
|turn|32
|
|t:|1743893490
|move|p2a: Darkrai|Sludge Bomb|p1a: Garganacl
|-supereffective|p1a: Garganacl
|-damage|p1a: Garganacl|0 fnt
|faint|p1a: Garganacl
|
|upkeep
|-message|Dr. Drake6782 forfeited.
|
|win|Hfm
