|j|☆kb0911
|j|☆SPASTIC IRL
|t:|1743913441
|gametype|singles
|player|p1|kb0911|unknown|1211
|player|p2|SPASTIC IRL|burglar|1202
|teamsize|p1|6
|teamsize|p2|6
|gen|9
|tier|[Gen 9] OU
|rated|
|rule|HP Percentage Mod: HP is shown in percentages
|rule|Endless Battle Clause: Forcing endless battles is banned
|rule|Species Clause: Limit one of each Pokémon
|rule|OHKO Clause: OHKO moves are banned
|rule|Evasion Items Clause: Evasion items are banned
|rule|Evasion Moves Clause: Evasion moves are banned
|rule|Sleep Moves Clause: Sleep-inducing moves are banned
|clearpoke
|poke|p1|Maushold|
|poke|p1|Mimikyu, F|
|poke|p1|Meowscarada, M|
|poke|p1|Kingambit, M|
|poke|p1|Heatran, M|
|poke|p1|Primarina, M|
|poke|p2|Araquanid, F|
|poke|p2|Raging Bolt|
|poke|p2|Iron Moth|
|poke|p2|Great Tusk|
|poke|p2|Gholdengo|
|poke|p2|Kingambit, F|
|teampreview
|
|t:|1743913447
|start
|switch|p1a: Meowscarada|Meowscarada, M|100/100
|switch|p2a: Araquanid|Araquanid, F, shiny|100/100
|turn|1
|inactive|Battle timer is ON: inactive players will automatically lose when time's up. (requested by SPASTIC IRL)
|
|t:|1743913458
|move|p1a: Meowscarada|Knock Off|p2a: Araquanid
|-start|p1a: Meowscarada|typechange|Dark|[from] ability: Protean
|-damage|p2a: Araquanid|57/100
|-enditem|p2a: Araquanid|Custap Berry|[from] move: Knock Off|[of] p1a: Meowscarada
|move|p2a: Araquanid|Sticky Web|p1a: Meowscarada
|-sidestart|p1: kb0911|move: Sticky Web
|
|upkeep
|turn|2
|
|t:|1743913487
|switch|p2a: Iron Moth|Iron Moth, shiny|100/100
|-enditem|p2a: Iron Moth|Booster Energy
|-activate|p2a: Iron Moth|ability: Quark Drive|[fromitem]
|-start|p2a: Iron Moth|quarkdrivespa
|move|p1a: Meowscarada|Knock Off|p2a: Iron Moth
|-damage|p2a: Iron Moth|41/100
|
|upkeep
|turn|3
|
|t:|1743913499
|move|p1a: Meowscarada|Knock Off|p2a: Iron Moth
|-damage|p2a: Iron Moth|0 fnt
|faint|p2a: Iron Moth
|-end|p2a: Iron Moth|Quark Drive|[silent]
|
|upkeep
|inactive|SPASTIC IRL has 120 seconds left.
|
|t:|1743913513
|switch|p2a: Great Tusk|Great Tusk, shiny|100/100
|-enditem|p2a: Great Tusk|Booster Energy
|-activate|p2a: Great Tusk|ability: Protosynthesis|[fromitem]
|-start|p2a: Great Tusk|protosynthesisatk
|turn|4
|
|t:|1743913525
|move|p1a: Meowscarada|Knock Off|p2a: Great Tusk
|-resisted|p2a: Great Tusk
|-crit|p2a: Great Tusk
|-damage|p2a: Great Tusk|83/100
|move|p2a: Great Tusk|Ice Spinner|p1a: Meowscarada
|-damage|p1a: Meowscarada|48/100
|
|upkeep
|turn|5
|
|t:|1743913535
|move|p1a: Meowscarada|Knock Off|p2a: Great Tusk
|-resisted|p2a: Great Tusk
|-damage|p2a: Great Tusk|70/100
|move|p2a: Great Tusk|Rapid Spin|p1a: Meowscarada
|-damage|p1a: Meowscarada|13/100
|-boost|p2a: Great Tusk|spe|1
|
|upkeep
|turn|6
|
|t:|1743913543
|move|p1a: Meowscarada|Knock Off|p2a: Great Tusk
|-resisted|p2a: Great Tusk
|-damage|p2a: Great Tusk|59/100
|move|p2a: Great Tusk|Rapid Spin|p1a: Meowscarada
|-damage|p1a: Meowscarada|0 fnt
|-boost|p2a: Great Tusk|spe|1
|faint|p1a: Meowscarada
|
|upkeep
|
|t:|1743913559
|switch|p1a: Heatran|Heatran, M|100/100
|-item|p1a: Heatran|Air Balloon
|turn|7
|
|t:|1743913568
|move|p2a: Great Tusk|Headlong Rush|p1a: Heatran
|-immune|p1a: Heatran
|move|p1a: Heatran|Magma Storm|p2a: Great Tusk
|-damage|p2a: Great Tusk|0 fnt
|faint|p2a: Great Tusk
|-end|p2a: Great Tusk|Protosynthesis|[silent]
|
|upkeep
|
|t:|1743913583
|switch|p2a: Raging Bolt|Raging Bolt|100/100
|-enditem|p2a: Raging Bolt|Booster Energy
|-activate|p2a: Raging Bolt|ability: Protosynthesis|[fromitem]
|-start|p2a: Raging Bolt|protosynthesisspa
|turn|8
|
|t:|1743913592
|move|p2a: Raging Bolt|Calm Mind|p2a: Raging Bolt
|-boost|p2a: Raging Bolt|spa|1
|-boost|p2a: Raging Bolt|spd|1
|move|p1a: Heatran|Magma Storm|p2a: Raging Bolt|[miss]
|-miss|p1a: Heatran|p2a: Raging Bolt
|
|upkeep
|turn|9
|
|t:|1743913600
|move|p2a: Raging Bolt|Calm Mind|p2a: Raging Bolt
|-boost|p2a: Raging Bolt|spa|1
|-boost|p2a: Raging Bolt|spd|1
|move|p1a: Heatran|Magma Storm|p2a: Raging Bolt
|-resisted|p2a: Raging Bolt
|-damage|p2a: Raging Bolt|90/100
|-activate|p2a: Raging Bolt|move: Magma Storm|[of] p1a: Heatran
|
|-damage|p2a: Raging Bolt|77/100|[from] move: Magma Storm|[partiallytrapped]
|upkeep
|turn|10
|
|t:|1743913607
|move|p1a: Heatran|Protect|p1a: Heatran
|-singleturn|p1a: Heatran|Protect
|move|p2a: Raging Bolt|Calm Mind|p2a: Raging Bolt
|-boost|p2a: Raging Bolt|spa|1
|-boost|p2a: Raging Bolt|spd|1
|
|-damage|p2a: Raging Bolt|65/100|[from] move: Magma Storm|[partiallytrapped]
|upkeep
|turn|11
|
|t:|1743913612
|move|p2a: Raging Bolt|Thunderclap|p1a: Heatran
|-damage|p1a: Heatran|2/100
|-enditem|p1a: Heatran|Air Balloon
|move|p1a: Heatran|Earth Power|p2a: Raging Bolt
|-supereffective|p2a: Raging Bolt
|-damage|p2a: Raging Bolt|43/100
|
|-damage|p2a: Raging Bolt|31/100|[from] move: Magma Storm|[partiallytrapped]
|upkeep
|turn|12
|
|t:|1743913621
|move|p1a: Heatran|Protect|p1a: Heatran
|-singleturn|p1a: Heatran|Protect
|move|p2a: Raging Bolt|Calm Mind|p2a: Raging Bolt
|-boost|p2a: Raging Bolt|spa|1
|-boost|p2a: Raging Bolt|spd|1
|
|-damage|p2a: Raging Bolt|19/100|[from] move: Magma Storm|[partiallytrapped]
|upkeep
|turn|13
|
|t:|1743913629
|move|p1a: Heatran|Protect|p1a: Heatran
|-singleturn|p1a: Heatran|Protect
|move|p2a: Raging Bolt|Thunderclap||[still]
|-fail|p2a: Raging Bolt
|
|-end|p2a: Raging Bolt|Magma Storm|[partiallytrapped]
|upkeep
|turn|14
|
|t:|1743913638
|move|p2a: Raging Bolt|Thunderclap|p1a: Heatran
|-damage|p1a: Heatran|0 fnt
|faint|p1a: Heatran
|
|upkeep
|
|t:|1743913658
|switch|p1a: Mimikyu|Mimikyu, F|100/100
|-activate|p1a: Mimikyu|move: Sticky Web
|-unboost|p1a: Mimikyu|spe|1
|turn|15
|
|t:|1743913672
|move|p2a: Raging Bolt|Thunderclap|p1a: Mimikyu
|-activate|p1a: Mimikyu|ability: Disguise
|-damage|p1a: Mimikyu|100/100
|detailschange|p1a: Mimikyu|Mimikyu-Busted, F
|-damage|p1a: Mimikyu|88/100|[from] pokemon: Mimikyu-Busted
|move|p1a: Mimikyu|Play Rough|p2a: Raging Bolt
|-supereffective|p2a: Raging Bolt
|-damage|p2a: Raging Bolt|0 fnt
|faint|p2a: Raging Bolt
|-end|p2a: Raging Bolt|Protosynthesis|[silent]
|
|upkeep
|
|t:|1743913674
|switch|p2a: Gholdengo|Gholdengo, shiny|100/100
|-item|p2a: Gholdengo|Air Balloon
|turn|16
|
|t:|1743913697
|-terastallize|p1a: Mimikyu|Fairy
|move|p1a: Mimikyu|Shadow Sneak|p2a: Gholdengo
|-supereffective|p2a: Gholdengo
|-damage|p2a: Gholdengo|57/100
|-enditem|p2a: Gholdengo|Air Balloon
|move|p2a: Gholdengo|Nasty Plot|p2a: Gholdengo
|-boost|p2a: Gholdengo|spa|2
|
|upkeep
|turn|17
|
|t:|1743913719
|-terastallize|p2a: Gholdengo|Fairy
|move|p1a: Mimikyu|Shadow Sneak|p2a: Gholdengo
|-damage|p2a: Gholdengo|36/100
|move|p2a: Gholdengo|Dazzling Gleam|p1a: Mimikyu
|-damage|p1a: Mimikyu|0 fnt
|faint|p1a: Mimikyu
|
|upkeep
|inactive|kb0911 has 120 seconds left.
|
|t:|1743913741
|switch|p1a: Primarina|Primarina, M|100/100
|-activate|p1a: Primarina|move: Sticky Web
|-unboost|p1a: Primarina|spe|1
|turn|18
|
|t:|1743913753
|move|p2a: Gholdengo|Dazzling Gleam|p1a: Primarina
|-damage|p1a: Primarina|43/100
|move|p1a: Primarina|Moonblast|p2a: Gholdengo
|-damage|p2a: Gholdengo|0 fnt
|faint|p2a: Gholdengo
|
|upkeep
|inactive|SPASTIC IRL has 120 seconds left.
|
|t:|1743913781
|switch|p2a: Kingambit|Kingambit, F, shiny|100/100
|-activate|p2a: Kingambit|ability: Supreme Overlord
|-start|p2a: Kingambit|fallen4|[silent]
|turn|19
|inactive|kb0911 has 120 seconds left.
|
|t:|1743913801
|move|p2a: Kingambit|Swords Dance|p2a: Kingambit
|-boost|p2a: Kingambit|atk|2
|move|p1a: Primarina|Moonblast|p2a: Kingambit
|-damage|p2a: Kingambit|43/100
|
|upkeep
|turn|20
|inactive|kb0911 has 120 seconds left.
|
|t:|1743913818
|move|p2a: Kingambit|Sucker Punch|p1a: Primarina
|-resisted|p1a: Primarina
|-damage|p1a: Primarina|0 fnt
|faint|p1a: Primarina
|
|upkeep
|
|t:|1743913827
|switch|p1a: Kingambit|Kingambit, M|100/100
|-activate|p1a: Kingambit|move: Sticky Web
|-unboost|p1a: Kingambit|spe|1
|-activate|p1a: Kingambit|ability: Supreme Overlord
|-start|p1a: Kingambit|fallen4|[silent]
|turn|21
|inactive|kb0911 has 120 seconds left.
|
|t:|1743913838
|move|p1a: Kingambit|Sucker Punch|p2a: Kingambit
|-resisted|p2a: Kingambit
|-damage|p2a: Kingambit|21/100
|move|p2a: Kingambit|Kowtow Cleave|p1a: Kingambit
|-resisted|p1a: Kingambit
|-damage|p1a: Kingambit|43/100
|
|-heal|p1a: Kingambit|49/100|[from] item: Leftovers
|upkeep
|turn|22
|inactive|kb0911 has 120 seconds left.
|
|t:|1743913854
|move|p2a: Kingambit|Sucker Punch|p1a: Kingambit
|-resisted|p1a: Kingambit
|-damage|p1a: Kingambit|0 fnt
|faint|p1a: Kingambit
|-end|p1a: Kingambit|fallen4|[silent]
|
|upkeep
|inactive|kb0911 has 120 seconds left.
|
|t:|1743913863
|switch|p1a: Maushold|Maushold|100/100
|-activate|p1a: Maushold|move: Sticky Web
|-unboost|p1a: Maushold|spe|1
|turn|23
|
|t:|1743913877
|move|p1a: Maushold|Tidy Up|p1a: Maushold
|-sideend|p1: kb0911|Sticky Web
|-activate|p1a: Maushold|move: Tidy Up
|-boost|p1a: Maushold|atk|1
|-boost|p1a: Maushold|spe|1
|move|p2a: Kingambit|Kowtow Cleave|p1a: Maushold
|-damage|p1a: Maushold|0 fnt
|faint|p1a: Maushold
|
|win|SPASTIC IRL
|raw|kb0911's rating: 1211 &rarr; <strong>1185</strong><br />(-26 for losing)
|raw|SPASTIC IRL's rating: 1202 &rarr; <strong>1228</strong><br />(+26 for winning)
|l|☆kb0911
|player|p1|
|l|☆SPASTIC IRL
|player|p2|
|j|☆SPASTIC IRL
|player|p2|SPASTIC IRL|burglar|
