|j|☆metakill4r
|j|☆RenegadeArtUtube
|t:|1743800520
|gametype|singles
|player|p1|metakill4r|boarder|1509
|player|p2|RenegadeArtUtube|gambler|1560
|teamsize|p1|6
|teamsize|p2|6
|gen|9
|tier|[Gen 9] OU
|rated|
|rule|HP Percentage Mod: HP is shown in percentages
|rule|Endless Battle Clause: Forcing endless battles is banned
|rule|Species Clause: Limit one of each Pokémon
|rule|OHKO Clause: OHKO moves are banned
|rule|Evasion Items Clause: Evasion items are banned
|rule|Evasion Moves Clause: Evasion moves are banned
|rule|Sleep Moves Clause: Sleep-inducing moves are banned
|clearpoke
|poke|p1|Ninetales-Alola, M|
|poke|p1|Great Tusk|
|poke|p1|Slowking-Galar, M|
|poke|p1|Kyurem|
|poke|p1|Gholdengo|
|poke|p1|Greninja-*, M|
|poke|p2|Blaziken, M|
|poke|p2|Ninetales-Alola, F|
|poke|p2|Polteageist-Antique|
|poke|p2|Hatterene, F|
|poke|p2|Raging Bolt|
|poke|p2|Landorus-Therian, M|
|teampreview
|
|t:|1743800531
|start
|switch|p1a: Gholdengo|Gholdengo|100/100
|switch|p2a: Ninetales|Ninetales-Alola, F|100/100
|-weather|Snowscape|[from] ability: Snow Warning|[of] p2a: Ninetales
|turn|1
|inactive|Battle timer is ON: inactive players will automatically lose when time's up. (requested by RenegadeArtUtube)
|
|t:|1743800543
|switch|p2a: Raging Bolt|Raging Bolt|100/100
|-enditem|p2a: Raging Bolt|Booster Energy
|-activate|p2a: Raging Bolt|ability: Protosynthesis|[fromitem]
|-start|p2a: Raging Bolt|protosynthesisspa
|move|p1a: Gholdengo|Make It Rain|p2a: Raging Bolt
|-resisted|p2a: Raging Bolt
|-damage|p2a: Raging Bolt|70/100
|-unboost|p1a: Gholdengo|spa|1
|
|-weather|Snowscape|[upkeep]
|upkeep
|turn|2
|j| Justice For Moon
|l| Justice For Moon
|j| Justice For Moon
|inactive|metakill4r has 120 seconds left.
|
|t:|1743800575
|switch|p1a: Slowking|Slowking-Galar, M|100/100
|move|p2a: Raging Bolt|Weather Ball|p1a: Slowking
|-damage|p1a: Slowking|77/100
|
|-weather|Snowscape|[upkeep]
|upkeep
|turn|3
|
|t:|1743800584
|move|p2a: Raging Bolt|Discharge|p1a: Slowking
|-damage|p1a: Slowking|49/100
|-status|p1a: Slowking|par
|cant|p1a: Slowking|par
|
|-weather|Snowscape|[upkeep]
|upkeep
|turn|4
|l| Justice For Moon
|inactive|metakill4r has 120 seconds left.
|j| Dhlet
|
|t:|1743800610
|-end|p2a: Raging Bolt|Protosynthesis|[silent]
|switch|p2a: Landorus|Landorus-Therian, M|100/100
|-ability|p2a: Landorus|Intimidate|boost
|-unboost|p1a: Slowking|atk|1
|cant|p1a: Slowking|par
|
|-weather|Snowscape|[upkeep]
|upkeep
|turn|5
|l| Dhlet
|
|t:|1743800619
|switch|p1a: Ninetales|Ninetales-Alola, M|100/100
|move|p2a: Landorus|Earthquake|p1a: Ninetales
|-damage|p1a: Ninetales|57/100
|
|-weather|none
|upkeep
|turn|6
|
|t:|1743800637
|switch|p1a: Temu Mamo|Great Tusk|100/100
|-enditem|p1a: Temu Mamo|Booster Energy
|-activate|p1a: Temu Mamo|ability: Protosynthesis|[fromitem]
|-start|p1a: Temu Mamo|protosynthesisatk
|switch|p2a: Ninetales|Ninetales-Alola, F|100/100
|-weather|Snowscape|[from] ability: Snow Warning|[of] p2a: Ninetales
|
|-weather|Snowscape|[upkeep]
|upkeep
|turn|7
|
|t:|1743800651
|move|p2a: Ninetales|Aurora Veil|p2a: Ninetales
|-sidestart|p2: RenegadeArtUtube|move: Aurora Veil
|move|p1a: Temu Mamo|Stealth Rock|p2a: Ninetales
|-sidestart|p2: RenegadeArtUtube|move: Stealth Rock
|
|-weather|Snowscape|[upkeep]
|upkeep
|turn|8
|
|t:|1743800659
|switch|p2a: Landorus|Landorus-Therian, M|100/100
|-damage|p2a: Landorus|88/100|[from] Stealth Rock
|-ability|p2a: Landorus|Intimidate|boost
|-unboost|p1a: Temu Mamo|atk|1
|-end|p1a: Temu Mamo|Protosynthesis|[silent]
|switch|p1a: Ninetales|Ninetales-Alola, M|57/100
|
|-weather|Snowscape|[upkeep]
|upkeep
|turn|9
|
|t:|1743800672
|switch|p2a: Blaziken|Blaziken, M, shiny|100/100
|-damage|p2a: Blaziken|88/100|[from] Stealth Rock
|move|p1a: Ninetales|Aurora Veil|p1a: Ninetales
|-sidestart|p1: metakill4r|move: Aurora Veil
|
|-weather|Snowscape|[upkeep]
|upkeep
|turn|10
|
|t:|1743800680
|move|p1a: Ninetales|Freeze-Dry|p2a: Blaziken
|-resisted|p2a: Blaziken
|-damage|p2a: Blaziken|80/100
|move|p2a: Blaziken|Swords Dance|p2a: Blaziken
|-boost|p2a: Blaziken|atk|2
|
|-weather|none
|-ability|p2a: Blaziken|Speed Boost|boost
|-boost|p2a: Blaziken|spe|1
|upkeep
|turn|11
|
|t:|1743800692
|move|p2a: Blaziken|Blaze Kick|p1a: Ninetales
|-supereffective|p1a: Ninetales
|-damage|p1a: Ninetales|0 fnt
|faint|p1a: Ninetales
|
|-ability|p2a: Blaziken|Speed Boost|boost
|-boost|p2a: Blaziken|spe|1
|upkeep
|
|t:|1743800698
|switch|p1a: Temu Mamo|Great Tusk|100/100
|turn|12
|
|t:|1743800706
|-terastallize|p2a: Blaziken|Ghost
|move|p2a: Blaziken|Swords Dance|p2a: Blaziken
|-boost|p2a: Blaziken|atk|2
|move|p1a: Temu Mamo|Headlong Rush|p2a: Blaziken
|-damage|p2a: Blaziken|30/100
|-unboost|p1a: Temu Mamo|def|1
|-unboost|p1a: Temu Mamo|spd|1
|
|-ability|p2a: Blaziken|Speed Boost|boost
|-boost|p2a: Blaziken|spe|1
|upkeep
|turn|13
|
|t:|1743800734
|-terastallize|p1a: Temu Mamo|Water
|move|p2a: Blaziken|Blaze Kick|p1a: Temu Mamo|[miss]
|-miss|p2a: Blaziken|p1a: Temu Mamo
|move|p1a: Temu Mamo|Headlong Rush|p2a: Blaziken
|-damage|p2a: Blaziken|0 fnt
|-unboost|p1a: Temu Mamo|def|1
|-unboost|p1a: Temu Mamo|spd|1
|faint|p2a: Blaziken
|
|upkeep
|c|☆RenegadeArtUtube|Oh my fucking God dude
|inactive|RenegadeArtUtube has 120 seconds left.
|
|t:|1743800769
|switch|p2a: Polteageist|Polteageist-Antique|100/100
|-damage|p2a: Polteageist|88/100|[from] Stealth Rock
|turn|14
|inactive|RenegadeArtUtube has 120 seconds left.
|inactive|metakill4r has 120 seconds left.
|
|t:|1743800794
|-end|p1a: Temu Mamo|Protosynthesis|[silent]
|switch|p1a: Gholdengo|Gholdengo|100/100
|move|p2a: Polteageist|Shell Smash|p2a: Polteageist
|-unboost|p2a: Polteageist|def|1
|-unboost|p2a: Polteageist|spd|1
|-boost|p2a: Polteageist|atk|2
|-boost|p2a: Polteageist|spa|2
|-boost|p2a: Polteageist|spe|2
|-enditem|p2a: Polteageist|White Herb
|-clearnegativeboost|p2a: Polteageist|[silent]
|
|-sideend|p2: RenegadeArtUtube|move: Aurora Veil
|upkeep
|turn|15
|inactive|RenegadeArtUtube has 120 seconds left.
|
|t:|1743800807
|move|p1a: Gholdengo|Trick|p2a: Polteageist
|-activate|p1a: Gholdengo|move: Trick|[of] p2a: Polteageist
|-item|p2a: Polteageist|Choice Scarf|[from] move: Trick
|-enditem|p1a: Gholdengo|Choice Scarf|[silent]|[from] move: Trick
|move|p2a: Polteageist|Shadow Ball|p1a: Gholdengo
|-supereffective|p1a: Gholdengo
|-damage|p1a: Gholdengo|0 fnt
|faint|p1a: Gholdengo
|
|upkeep
|inactive|metakill4r has 120 seconds left.
|
|t:|1743800836
|switch|p1a: Kyurem|Kyurem|100/100
|-ability|p1a: Kyurem|Pressure
|turn|16
|
|t:|1743800841
|move|p2a: Polteageist|Shadow Ball|p1a: Kyurem
|-damage|p1a: Kyurem|56/100
|-unboost|p1a: Kyurem|spd|1
|move|p1a: Kyurem|Dragon Dance|p1a: Kyurem
|-boost|p1a: Kyurem|atk|1
|-boost|p1a: Kyurem|spe|1
|
|-sideend|p1: metakill4r|move: Aurora Veil
|upkeep
|turn|17
|inactive|metakill4r has 120 seconds left.
|
|t:|1743800851
|move|p2a: Polteageist|Shadow Ball|p1a: Kyurem
|-damage|p1a: Kyurem|0 fnt
|faint|p1a: Kyurem
|
|upkeep
|inactive|metakill4r has 120 seconds left.
|c|☆metakill4r|wtf am I doing lmao
|inactive|metakill4r has 90 seconds left.
|
|t:|1743800886
|switch|p1a: Greninja|Greninja, M|100/100
|turn|18
|inactive|metakill4r has 90 seconds left.
|
|t:|1743800897
|move|p1a: Greninja|Water Shuriken|p2a: Polteageist
|-damage|p2a: Polteageist|77/100
|-damage|p2a: Polteageist|67/100
|-damage|p2a: Polteageist|58/100
|-damage|p2a: Polteageist|47/100
|-hitcount|p2a: Polteageist|4
|-damage|p1a: Greninja|91/100|[from] item: Life Orb
|move|p2a: Polteageist|Shadow Ball|p1a: Greninja
|-resisted|p1a: Greninja
|-damage|p1a: Greninja|13/100
|
|upkeep
|turn|19
|inactive|metakill4r has 90 seconds left.
|
|t:|1743800909
|move|p1a: Greninja|Water Shuriken|p2a: Polteageist
|-damage|p2a: Polteageist|39/100
|-damage|p2a: Polteageist|28/100
|-damage|p2a: Polteageist|19/100
|-hitcount|p2a: Polteageist|3
|-damage|p1a: Greninja|4/100|[from] item: Life Orb
|move|p2a: Polteageist|Shadow Ball|p1a: Greninja
|-resisted|p1a: Greninja
|-damage|p1a: Greninja|0 fnt
|faint|p1a: Greninja
|
|upkeep
|inactive|metakill4r has 90 seconds left.
|-message|metakill4r forfeited.
|
|win|RenegadeArtUtube
|raw|metakill4r's rating: 1509 &rarr; <strong>1492</strong><br />(-17 for losing)
|raw|RenegadeArtUtube's rating: 1560 &rarr; <strong>1577</strong><br />(+17 for winning)
|l|☆metakill4r
|player|p1|
