|j|‽bigkatt96
|j|☆goat3000
|t:|1743805103
|gametype|singles
|player|p1|bigkatt96|giovanni-gen1|1334
|player|p2|goat3000|101|1254
|teamsize|p1|6
|teamsize|p2|6
|gen|9
|tier|[Gen 9] OU
|rated|
|rule|HP Percentage Mod: HP is shown in percentages
|rule|Endless Battle Clause: Forcing endless battles is banned
|rule|Species Clause: Limit one of each Pokémon
|rule|OHKO Clause: OHKO moves are banned
|rule|Evasion Items Clause: Evasion items are banned
|rule|Evasion Moves Clause: Evasion moves are banned
|rule|Sleep Moves Clause: Sleep-inducing moves are banned
|clearpoke
|poke|p1|Seadra, M|
|poke|p1|Araquanid, M|
|poke|p1|Vikavolt, M|
|poke|p1|Cetitan, M|
|poke|p1|Gogoat, M|
|poke|p1|Garchomp, M|
|poke|p2|Garganacl, F|
|poke|p2|Skeledirge, F|
|poke|p2|Dragapult, F|
|poke|p2|Clodsire, M|
|poke|p2|Enamorus, F|
|poke|p2|Corviknight, M|
|teampreview
|
|t:|1743805115
|start
|switch|p1a: Araquanid|Araquanid, M|100/100
|switch|p2a: Enamorus|Enamorus, F|100/100
|turn|1
|
|t:|1743805123
|move|p2a: Enamorus|Superpower|p1a: Araquanid
|-resisted|p1a: Araquanid
|-damage|p1a: Araquanid|85/100
|-boost|p2a: Enamorus|atk|1
|-boost|p2a: Enamorus|def|1
|move|p1a: Araquanid|Sticky Web|p2a: Enamorus
|-sidestart|p2: goat3000|move: Sticky Web
|
|-heal|p1a: Araquanid|91/100|[from] item: Leftovers
|upkeep
|turn|2
|
|t:|1743805133
|move|p2a: Enamorus|Superpower|p1a: Araquanid
|-resisted|p1a: Araquanid
|-damage|p1a: Araquanid|67/100
|-boost|p2a: Enamorus|atk|1
|-boost|p2a: Enamorus|def|1
|move|p1a: Araquanid|Liquidation|p2a: Enamorus
|-damage|p2a: Enamorus|67/100
|
|-heal|p2a: Enamorus|74/100|[from] item: Leftovers
|-heal|p1a: Araquanid|73/100|[from] item: Leftovers
|upkeep
|turn|3
|
|t:|1743805144
|move|p2a: Enamorus|Superpower|p1a: Araquanid
|-resisted|p1a: Araquanid
|-damage|p1a: Araquanid|42/100
|-boost|p2a: Enamorus|atk|1
|-boost|p2a: Enamorus|def|1
|move|p1a: Araquanid|Liquidation|p2a: Enamorus
|-damage|p2a: Enamorus|48/100
|
|-heal|p2a: Enamorus|54/100|[from] item: Leftovers
|-heal|p1a: Araquanid|48/100|[from] item: Leftovers
|upkeep
|turn|4
|
|t:|1743805158
|move|p2a: Enamorus|Iron Head|p1a: Araquanid
|-resisted|p1a: Araquanid
|-damage|p1a: Araquanid|20/100
|move|p1a: Araquanid|Endeavor|p2a: Enamorus
|-damage|p2a: Enamorus|23/100
|
|-heal|p2a: Enamorus|29/100|[from] item: Leftovers
|-heal|p1a: Araquanid|26/100|[from] item: Leftovers
|upkeep
|turn|5
|
|t:|1743805169
|move|p2a: Enamorus|Superpower|p1a: Araquanid
|-resisted|p1a: Araquanid
|-crit|p1a: Araquanid
|-damage|p1a: Araquanid|0 fnt
|-boost|p2a: Enamorus|atk|1
|-boost|p2a: Enamorus|def|1
|faint|p1a: Araquanid
|
|-heal|p2a: Enamorus|35/100|[from] item: Leftovers
|upkeep
|
|t:|1743805180
|switch|p1a: Vikavolt|Vikavolt, M, shiny|100/100
|turn|6
|
|t:|1743805193
|move|p2a: Enamorus|Play Rough|p1a: Vikavolt
|-damage|p1a: Vikavolt|0 fnt
|faint|p1a: Vikavolt
|
|-heal|p2a: Enamorus|42/100|[from] item: Leftovers
|upkeep
|
|t:|1743805205
|switch|p1a: Cetitan|Cetitan, M, shiny|100/100
|turn|7
|
|t:|1743805209
|-terastallize|p1a: Cetitan|Ghost
|move|p2a: Enamorus|Iron Head|p1a: Cetitan
|-damage|p1a: Cetitan|13/100
|move|p1a: Cetitan|Ice Spinner|p2a: Enamorus
|-supereffective|p2a: Enamorus
|-damage|p2a: Enamorus|0 fnt
|faint|p2a: Enamorus
|
|-heal|p1a: Cetitan|19/100|[from] item: Leftovers
|upkeep
|
|t:|1743805228
|switch|p2a: Dragapult|Dragapult, F, shiny|100/100
|-activate|p2a: Dragapult|move: Sticky Web
|-fail|p2a: Dragapult|unboost|[from] ability: Clear Body|[of] p2a: Dragapult
|turn|8
|
|t:|1743805234
|-terastallize|p2a: Dragapult|Fire
|move|p2a: Dragapult|Dragon Dance|p2a: Dragapult
|-boost|p2a: Dragapult|atk|1
|-boost|p2a: Dragapult|spe|1
|move|p1a: Cetitan|Ice Spinner|p2a: Dragapult
|-resisted|p2a: Dragapult
|-damage|p2a: Dragapult|73/100
|
|-heal|p1a: Cetitan|25/100|[from] item: Leftovers
|upkeep
|turn|9
|
|t:|1743805245
|move|p2a: Dragapult|Dragon Darts|p1a: Cetitan
|-damage|p1a: Cetitan|0 fnt
|faint|p1a: Cetitan
|-damage|p2a: Dragapult|63/100|[from] item: Life Orb
|
|upkeep
|
|t:|1743805265
|switch|p1a: Seadra|Seadra, M, shiny|100/100
|turn|10
|
|t:|1743805268
|move|p2a: Dragapult|Dragon Darts|p1a: Seadra
|-damage|p1a: Seadra|30/100
|-anim|p2a: Dragapult|Dragon Darts|p1a: Seadra
|-damage|p1a: Seadra|0 fnt
|faint|p1a: Seadra
|-damage|p2a: Dragapult|54/100|[from] item: Life Orb
|
|upkeep
|
|t:|1743805276
|switch|p1a: Gogoat|Gogoat, M, shiny|100/100
|turn|11
|
|t:|1743805281
|move|p2a: Dragapult|Tera Blast|p1a: Gogoat|[anim] Tera Blast Fire
|-supereffective|p1a: Gogoat
|-damage|p1a: Gogoat|0 fnt
|faint|p1a: Gogoat
|-damage|p2a: Dragapult|44/100|[from] item: Life Orb
|
|upkeep
|inactive|Battle timer is ON: inactive players will automatically lose when time's up. (requested by goat3000)
|l|‽bigkatt96
|inactive|bigkatt96 disconnected and has a minute to reconnect!
|player|p1|
|inactive|bigkatt96 has 30 seconds to reconnect!
|inactive|bigkatt96 has 20 seconds to reconnect!
|inactive|bigkatt96 has 15 seconds to reconnect!
|inactive|bigkatt96 has 10 seconds to reconnect!
|inactive|bigkatt96 has 5 seconds to reconnect!
|-message|bigkatt96 lost due to inactivity.
|
|win|goat3000
|raw|bigkatt96's rating: 1334 &rarr; <strong>1309</strong><br />(-25 for losing)
|raw|goat3000's rating: 1254 &rarr; <strong>1285</strong><br />(+31 for winning)
|l|☆goat3000
|player|p2|
