|j|☆RoutesReborn
|j|☆DuskHolo
|t:|1743906960
|gametype|singles
|player|p1|RoutesReborn|volkner|1366
|player|p2|DuskHolo|may-e|1405
|teamsize|p1|6
|teamsize|p2|6
|gen|9
|tier|[Gen 9] OU
|rated|
|rule|HP Percentage Mod: HP is shown in percentages
|rule|Endless Battle Clause: Forcing endless battles is banned
|rule|Species Clause: Limit one of each Pokémon
|rule|OHKO Clause: OHKO moves are banned
|rule|Evasion Items Clause: Evasion items are banned
|rule|Evasion Moves Clause: Evasion moves are banned
|rule|Sleep Moves Clause: Sleep-inducing moves are banned
|clearpoke
|poke|p1|Slowking-Galar, F|
|poke|p1|Landorus-Therian, M|
|poke|p1|Raging Bolt|
|poke|p1|Iron Valiant|
|poke|p1|Cinderace, F|
|poke|p1|Cacturne, F|
|poke|p2|Darkrai|
|poke|p2|Landorus-Therian, M|
|poke|p2|Gholdengo|
|poke|p2|Manaphy|
|poke|p2|Iron Valiant|
|poke|p2|Raging Bolt|
|teampreview
|inactive|Battle timer is ON: inactive players will automatically lose when time's up. (requested by RoutesReborn)
|
|t:|1743906983
|start
|switch|p1a: Cacturne|Cacturne, F|100/100
|switch|p2a: Manaphy|Manaphy|100/100
|turn|1
|
|t:|1743906993
|switch|p2a: Landorus|Landorus-Therian, M|100/100
|-ability|p2a: Landorus|Intimidate|boost
|-unboost|p1a: Cacturne|atk|1
|move|p1a: Cacturne|Leaf Storm|p2a: Landorus
|-damage|p2a: Landorus|39/100
|-unboost|p1a: Cacturne|spa|2
|
|upkeep
|turn|2
|
|t:|1743907008
|switch|p1a: Landorus|Landorus-Therian, M|100/100
|-ability|p1a: Landorus|Intimidate|boost
|-unboost|p2a: Landorus|atk|1
|move|p2a: Landorus|U-turn|p1a: Landorus
|-resisted|p1a: Landorus
|-damage|p1a: Landorus|94/100
|-damage|p2a: Landorus|22/100|[from] item: Rocky Helmet|[of] p1a: Landorus
|
|t:|1743907019
|switch|p2a: Manaphy|Manaphy|100/100|[from] U-turn
|
|upkeep
|turn|3
|
|t:|1743907026
|move|p2a: Manaphy|Tail Glow|p2a: Manaphy
|-boost|p2a: Manaphy|spa|3
|move|p1a: Landorus|Taunt|p2a: Manaphy
|-start|p2a: Manaphy|move: Taunt
|
|upkeep
|turn|4
|
|t:|1743907038
|switch|p1a: Cacturne|Cacturne, F|100/100
|move|p2a: Manaphy|Surf|p1a: Cacturne
|-immune|p1a: Cacturne|[from] ability: Water Absorb
|
|upkeep
|turn|5
|
|t:|1743907045
|move|p2a: Manaphy|Ice Beam|p1a: Cacturne
|-supereffective|p1a: Cacturne
|-enditem|p1a: Cacturne|Focus Sash
|-damage|p1a: Cacturne|1/100
|move|p1a: Cacturne|Leaf Storm|p2a: Manaphy|[miss]
|-miss|p1a: Cacturne|p2a: Manaphy
|
|upkeep
|turn|6
|c|☆RoutesReborn|Whelp
|c|☆RoutesReborn|Lol
|
|t:|1743907066
|move|p1a: Cacturne|Sucker Punch|p2a: Manaphy
|-damage|p2a: Manaphy|66/100
|move|p2a: Manaphy|Ice Beam|p1a: Cacturne
|-supereffective|p1a: Cacturne
|-damage|p1a: Cacturne|0 fnt
|faint|p1a: Cacturne
|
|-heal|p2a: Manaphy|72/100|[from] item: Leftovers
|-end|p2a: Manaphy|move: Taunt
|upkeep
|inactive|RoutesReborn has 120 seconds left.
|
|t:|1743907083
|switch|p1a: Raging Bolt|Raging Bolt|100/100
|-enditem|p1a: Raging Bolt|Booster Energy
|-activate|p1a: Raging Bolt|ability: Protosynthesis|[fromitem]
|-start|p1a: Raging Bolt|protosynthesisspa
|turn|7
|inactive|RoutesReborn has 120 seconds left.
|
|t:|1743907094
|-terastallize|p2a: Manaphy|Fairy
|-terastallize|p1a: Raging Bolt|Fairy
|move|p2a: Manaphy|Ice Beam|p1a: Raging Bolt
|-damage|p1a: Raging Bolt|42/100
|move|p1a: Raging Bolt|Calm Mind|p1a: Raging Bolt
|-boost|p1a: Raging Bolt|spa|1
|-boost|p1a: Raging Bolt|spd|1
|
|-heal|p2a: Manaphy|78/100|[from] item: Leftovers
|upkeep
|turn|8
|inactive|RoutesReborn has 120 seconds left.
|
|t:|1743907107
|move|p1a: Raging Bolt|Thunderclap|p2a: Manaphy
|-damage|p2a: Manaphy|5/100
|move|p2a: Manaphy|Surf|p1a: Raging Bolt
|-damage|p1a: Raging Bolt|0 fnt
|faint|p1a: Raging Bolt
|-end|p1a: Raging Bolt|Protosynthesis|[silent]
|
|-heal|p2a: Manaphy|11/100|[from] item: Leftovers
|upkeep
|inactive|RoutesReborn has 120 seconds left.
|
|t:|1743907123
|switch|p1a: Cinderace|Cinderace, F|100/100
|turn|9
|
|t:|1743907126
|move|p1a: Cinderace|U-turn|p2a: Manaphy
|-start|p1a: Cinderace|typechange|Bug|[from] ability: Libero
|-resisted|p2a: Manaphy
|-damage|p2a: Manaphy|0 fnt
|faint|p2a: Manaphy
|inactive|RoutesReborn has 120 seconds left.
|
|t:|1743907132
|switch|p1a: Slowking|Slowking-Galar, F|100/100|[from] U-turn
|
|upkeep
|
|t:|1743907148
|switch|p2a: Gholdengo|Gholdengo|100/100
|-item|p2a: Gholdengo|Air Balloon
|turn|10
|
|t:|1743907162
|move|p2a: Gholdengo|Shadow Ball|p1a: Slowking
|-supereffective|p1a: Slowking
|-damage|p1a: Slowking|55/100
|move|p1a: Slowking|Future Sight|p2a: Gholdengo
|-start|p1a: Slowking|move: Future Sight
|
|upkeep
|turn|11
|
|t:|1743907169
|move|p2a: Gholdengo|Shadow Ball|p1a: Slowking
|-supereffective|p1a: Slowking
|-damage|p1a: Slowking|2/100
|-prepare|p1a: Slowking|Chilly Reception|[premajor]
|move|p1a: Slowking|Chilly Reception|p1a: Slowking
|-weather|Snowscape
|
|t:|1743907176
|switch|p1a: Cinderace|Cinderace, F|100/100|[from] Chilly Reception
|
|-weather|Snowscape|[upkeep]
|upkeep
|turn|12
|
|t:|1743907189
|switch|p2a: Landorus|Landorus-Therian, M|22/100
|-ability|p2a: Landorus|Intimidate|boost
|-unboost|p1a: Cinderace|atk|1
|move|p1a: Cinderace|Pyro Ball|p2a: Landorus
|-damage|p2a: Landorus|0 fnt
|faint|p2a: Landorus
|
|-weather|Snowscape|[upkeep]
|-hint|Future Sight did not hit because the target is fainted.
|upkeep
|
|t:|1743907206
|switch|p2a: Raging Bolt|Raging Bolt|100/100
|-enditem|p2a: Raging Bolt|Booster Energy
|-activate|p2a: Raging Bolt|ability: Protosynthesis|[fromitem]
|-start|p2a: Raging Bolt|protosynthesisspa
|turn|13
|
|t:|1743907224
|move|p1a: Cinderace|Will-O-Wisp|p2a: Raging Bolt
|-status|p2a: Raging Bolt|brn
|move|p2a: Raging Bolt|Dragon Pulse|p1a: Cinderace
|-damage|p1a: Cinderace|13/100
|
|-weather|Snowscape|[upkeep]
|-damage|p2a: Raging Bolt|94/100 brn|[from] brn
|upkeep
|turn|14
|
|t:|1743907237
|move|p1a: Cinderace|U-turn|p2a: Raging Bolt
|-start|p1a: Cinderace|typechange|Bug|[from] ability: Libero
|-damage|p2a: Raging Bolt|76/100 brn
|
|t:|1743907242
|switch|p1a: Iron Valiant|Iron Valiant|100/100|[from] U-turn
|-enditem|p1a: Iron Valiant|Booster Energy
|-activate|p1a: Iron Valiant|ability: Quark Drive|[fromitem]
|-start|p1a: Iron Valiant|quarkdrivespe
|move|p2a: Raging Bolt|Thunderbolt|p1a: Iron Valiant
|-damage|p1a: Iron Valiant|0 fnt
|faint|p1a: Iron Valiant
|-end|p1a: Iron Valiant|Quark Drive|[silent]
|
|-weather|Snowscape|[upkeep]
|-damage|p2a: Raging Bolt|70/100 brn|[from] brn
|upkeep
|
|t:|1743907248
|switch|p1a: Landorus|Landorus-Therian, M|94/100
|-ability|p1a: Landorus|Intimidate|boost
|-unboost|p2a: Raging Bolt|atk|1
|turn|15
|
|t:|1743907262
|-end|p2a: Raging Bolt|Protosynthesis|[silent]
|switch|p2a: Gholdengo|Gholdengo|100/100
|-item|p2a: Gholdengo|Air Balloon
|move|p1a: Landorus|U-turn|p2a: Gholdengo
|-resisted|p2a: Gholdengo
|-damage|p2a: Gholdengo|95/100
|-enditem|p2a: Gholdengo|Air Balloon
|
|t:|1743907269
|switch|p1a: Cinderace|Cinderace, F|13/100|[from] U-turn
|
|-weather|none
|upkeep
|turn|16
|
|t:|1743907277
|move|p1a: Cinderace|Pyro Ball|p2a: Gholdengo
|-supereffective|p2a: Gholdengo
|-damage|p2a: Gholdengo|0 fnt
|faint|p2a: Gholdengo
|
|upkeep
|
|t:|1743907286
|switch|p2a: Darkrai|Darkrai|100/100
|turn|17
|
|t:|1743907310
|switch|p1a: Slowking|Slowking-Galar, F|36/100
|move|p2a: Darkrai|Dark Pulse|p1a: Slowking
|-supereffective|p1a: Slowking
|-damage|p1a: Slowking|0 fnt
|faint|p1a: Slowking
|
|upkeep
|
|t:|1743907321
|switch|p1a: Landorus|Landorus-Therian, M|94/100
|-ability|p1a: Landorus|Intimidate|boost
|-unboost|p2a: Darkrai|atk|1
|turn|18
|
|t:|1743907331
|move|p2a: Darkrai|Dark Pulse|p1a: Landorus
|-damage|p1a: Landorus|50/100
|move|p1a: Landorus|U-turn|p2a: Darkrai
|-supereffective|p2a: Darkrai
|-damage|p2a: Darkrai|45/100
|
|t:|1743907336
|switch|p1a: Cinderace|Cinderace, F|13/100|[from] U-turn
|
|upkeep
|turn|19
|
|t:|1743907341
|move|p2a: Darkrai|Dark Pulse|p1a: Cinderace
|-damage|p1a: Cinderace|0 fnt
|faint|p1a: Cinderace
|
|upkeep
|
|t:|1743907343
|switch|p1a: Landorus|Landorus-Therian, M|50/100
|-ability|p1a: Landorus|Intimidate|boost
|-unboost|p2a: Darkrai|atk|1
|turn|20
|
|t:|1743907349
|move|p2a: Darkrai|Dark Pulse|p1a: Landorus
|-damage|p1a: Landorus|3/100
|move|p1a: Landorus|U-turn|p2a: Darkrai
|-supereffective|p2a: Darkrai
|-damage|p2a: Darkrai|0 fnt
|faint|p2a: Darkrai
|
|upkeep
|
|t:|1743907353
|switch|p2a: Iron Valiant|Iron Valiant|100/100
|-enditem|p2a: Iron Valiant|Booster Energy
|-activate|p2a: Iron Valiant|ability: Quark Drive|[fromitem]
|-start|p2a: Iron Valiant|quarkdrivespe
|turn|21
|c|☆RoutesReborn|gg
|
|t:|1743907360
|move|p2a: Iron Valiant|Moonblast|p1a: Landorus
|-damage|p1a: Landorus|0 fnt
|faint|p1a: Landorus
|
|win|DuskHolo
|raw|RoutesReborn's rating: 1366 &rarr; <strong>1348</strong><br />(-18 for losing)
|raw|DuskHolo's rating: 1405 &rarr; <strong>1423</strong><br />(+18 for winning)
|l|☆DuskHolo
|player|p2|
|l|☆RoutesReborn
|player|p1|
