|badge|p1|bronze|gen9ou|100-5
|uhtml|medal-msg|<div class="broadcast-blue">Curious what those medals under the avatar are? PS now has Ladder Seasons! For more information, check out the <a href="https://www.smogon.com/forums/threads/3740067/">thread on Smogon.</a></div>
|j|☆Sebas99sevilla
|j|☆RoaringMoonlight2
|t:|1743794987
|gametype|singles
|player|p1|Sebas99sevilla|linebacker|1800
|player|p2|RoaringMoonlight2|170|1756
|teamsize|p1|6
|teamsize|p2|6
|gen|9
|tier|[Gen 9] OU
|rated|
|rule|HP Percentage Mod: HP is shown in percentages
|rule|Endless Battle Clause: Forcing endless battles is banned
|rule|Species Clause: Limit one of each Pokémon
|rule|OHKO Clause: OHKO moves are banned
|rule|Evasion Items Clause: Evasion items are banned
|rule|Evasion Moves Clause: Evasion moves are banned
|rule|Sleep Moves Clause: Sleep-inducing moves are banned
|clearpoke
|poke|p1|Diancie|
|poke|p1|Kyurem|
|poke|p1|Necrozma|
|poke|p1|Hatterene, F|
|poke|p1|Iron Hands|
|poke|p1|Landorus-Therian, M|
|poke|p2|Iron Valiant|
|poke|p2|Glimmora, M|
|poke|p2|Gholdengo|
|poke|p2|Ogerpon-Wellspring, F|
|poke|p2|Kingambit, F|
|poke|p2|Raging Bolt|
|teampreview
|inactive|Battle timer is ON: inactive players will automatically lose when time's up. (requested by RoaringMoonlight2)
|
|t:|1743795005
|start
|switch|p1a: Landorus|Landorus-Therian, M|100/100
|switch|p2a: Gholdengo|Gholdengo|100/100
|-ability|p1a: Landorus|Intimidate|boost
|-unboost|p2a: Gholdengo|atk|1
|turn|1
|
|t:|1743795014
|move|p2a: Gholdengo|Make It Rain|p1a: Landorus
|-damage|p1a: Landorus|35/100
|-unboost|p2a: Gholdengo|spa|1
|move|p1a: Landorus|Stealth Rock|p2a: Gholdengo
|-sidestart|p2: RoaringMoonlight2|move: Stealth Rock
|
|upkeep
|turn|2
|
|t:|1743795023
|switch|p1a: Necrozma|Necrozma|100/100
|move|p2a: Gholdengo|Make It Rain|p1a: Necrozma
|-damage|p1a: Necrozma|59/100
|-unboost|p2a: Gholdengo|spa|1
|
|upkeep
|turn|3
|
|t:|1743795027
|switch|p2a: Kingambit|Kingambit, F|100/100
|-damage|p2a: Kingambit|94/100|[from] Stealth Rock
|move|p1a: Necrozma|Trick Room|p1a: Necrozma
|-fieldstart|move: Trick Room|[of] p1a: Necrozma
|
|upkeep
|turn|4
|
|t:|1743795035
|move|p1a: Necrozma|Heat Wave|p2a: Kingambit
|-supereffective|p2a: Kingambit
|-damage|p2a: Kingambit|13/100
|move|p2a: Kingambit|Iron Head|p1a: Necrozma
|-damage|p1a: Necrozma|19/100
|
|upkeep
|turn|5
|
|t:|1743795041
|switch|p1a: Landorus|Landorus-Therian, M|35/100
|-ability|p1a: Landorus|Intimidate|boost
|-unboost|p2a: Kingambit|atk|1
|move|p2a: Kingambit|Sucker Punch||[still]
|-fail|p2a: Kingambit
|
|upkeep
|turn|6
|
|t:|1743795044
|move|p2a: Kingambit|Sucker Punch|p1a: Landorus
|-damage|p1a: Landorus|9/100
|-damage|p2a: Kingambit|0 fnt|[from] item: Rocky Helmet|[of] p1a: Landorus
|faint|p2a: Kingambit
|-end|p2a: Kingambit|fallenundefined|[silent]
|move|p1a: Landorus|U-turn|p2: Kingambit|[notarget]
|-fail|p1a: Landorus
|
|upkeep
|
|t:|1743795049
|switch|p2a: Glimmora|Glimmora, M|100/100
|-damage|p2a: Glimmora|88/100|[from] Stealth Rock
|turn|7
|
|t:|1743795057
|move|p2a: Glimmora|Stealth Rock|p1a: Landorus
|-sidestart|p1: Sebas99sevilla|move: Stealth Rock
|move|p1a: Landorus|Earth Power|p2a: Glimmora
|-supereffective|p2a: Glimmora
|-damage|p2a: Glimmora|0 fnt
|faint|p2a: Glimmora
|
|-fieldend|move: Trick Room
|upkeep
|
|t:|1743795062
|switch|p2a: Ogerpon|Ogerpon-Wellspring, F|100/100
|-damage|p2a: Ogerpon|88/100|[from] Stealth Rock
|turn|8
|
|t:|1743795066
|move|p2a: Ogerpon|Encore|p1a: Landorus
|-start|p1a: Landorus|Encore
|move|p1a: Landorus|Earth Power|p2a: Ogerpon
|-resisted|p2a: Ogerpon
|-damage|p2a: Ogerpon|70/100
|
|upkeep
|turn|9
|
|t:|1743795070
|switch|p1a: Diancie|Diancie|100/100
|-damage|p1a: Diancie|88/100|[from] Stealth Rock
|move|p2a: Ogerpon|Swords Dance|p2a: Ogerpon
|-boost|p2a: Ogerpon|atk|2
|
|upkeep
|turn|10
|
|t:|1743795075
|-terastallize|p1a: Diancie|Grass
|move|p2a: Ogerpon|Ivy Cudgel|p1a: Diancie|[anim] Ivy Cudgel Water
|-resisted|p1a: Diancie
|-damage|p1a: Diancie|42/100
|move|p1a: Diancie|Trick Room|p1a: Diancie
|-fieldstart|move: Trick Room|[of] p1a: Diancie
|
|upkeep
|turn|11
|
|t:|1743795079
|move|p1a: Diancie|Meteor Beam||[still]
|-prepare|p1a: Diancie|Meteor Beam
|-boost|p1a: Diancie|spa|1
|-enditem|p1a: Diancie|Power Herb
|-anim|p1a: Diancie|Meteor Beam|p2a: Ogerpon|[miss]
|-miss|p1a: Diancie|p2a: Ogerpon
|move|p2a: Ogerpon|Ivy Cudgel|p1a: Diancie|[anim] Ivy Cudgel Water
|-resisted|p1a: Diancie
|-damage|p1a: Diancie|0 fnt
|faint|p1a: Diancie
|
|upkeep
|c|☆Sebas99sevilla|Fucking fuck
|
|t:|1743795093
|switch|p1a: Necrozma|Necrozma|19/100
|-damage|p1a: Necrozma|7/100|[from] Stealth Rock
|turn|12
|
|t:|1743795097
|switch|p2a: Gholdengo|Gholdengo|100/100
|-damage|p2a: Gholdengo|94/100|[from] Stealth Rock
|move|p1a: Necrozma|Meteor Beam||[still]
|-prepare|p1a: Necrozma|Meteor Beam
|-boost|p1a: Necrozma|spa|1
|-enditem|p1a: Necrozma|Power Herb
|-anim|p1a: Necrozma|Meteor Beam|p2a: Gholdengo
|-resisted|p2a: Gholdengo
|-damage|p2a: Gholdengo|52/100
|
|upkeep
|turn|13
|
|t:|1743795102
|move|p1a: Necrozma|Heat Wave|p2a: Gholdengo
|-supereffective|p2a: Gholdengo
|-damage|p2a: Gholdengo|0 fnt
|faint|p2a: Gholdengo
|
|upkeep
|
|t:|1743795105
|switch|p2a: Raging Bolt|Raging Bolt|100/100
|-damage|p2a: Raging Bolt|88/100|[from] Stealth Rock
|-enditem|p2a: Raging Bolt|Booster Energy
|-activate|p2a: Raging Bolt|ability: Protosynthesis|[fromitem]
|-start|p2a: Raging Bolt|protosynthesisspa
|turn|14
|
|t:|1743795107
|move|p2a: Raging Bolt|Thunderclap|p1a: Necrozma
|-damage|p1a: Necrozma|0 fnt
|faint|p1a: Necrozma
|
|-fieldend|move: Trick Room
|upkeep
|
|t:|1743795113
|switch|p1a: Kyurem|Kyurem|100/100
|-damage|p1a: Kyurem|76/100|[from] Stealth Rock
|-ability|p1a: Kyurem|Pressure
|turn|15
|
|t:|1743795117
|-terastallize|p2a: Raging Bolt|Electric
|move|p1a: Kyurem|Icicle Spear|p2a: Raging Bolt
|-damage|p2a: Raging Bolt|75/100
|-damage|p2a: Raging Bolt|61/100
|-damage|p2a: Raging Bolt|48/100
|-damage|p2a: Raging Bolt|33/100
|-hitcount|p2a: Raging Bolt|4
|move|p2a: Raging Bolt|Dragon Pulse|p1a: Kyurem
|-supereffective|p1a: Kyurem
|-damage|p1a: Kyurem|0 fnt
|faint|p1a: Kyurem
|
|upkeep
|
|t:|1743795128
|switch|p1a: Rebeca|Hatterene, F, shiny|100/100
|-damage|p1a: Rebeca|88/100|[from] Stealth Rock
|turn|16
|
|t:|1743795133
|move|p2a: Raging Bolt|Thunderbolt|p1a: Rebeca
|-damage|p1a: Rebeca|0 fnt
|faint|p1a: Rebeca
|
|upkeep
|
|t:|1743795136
|switch|p1a: El Manitas|Iron Hands, shiny|100/100
|-damage|p1a: El Manitas|94/100|[from] Stealth Rock
|-enditem|p1a: El Manitas|Booster Energy
|-activate|p1a: El Manitas|ability: Quark Drive|[fromitem]
|-start|p1a: El Manitas|quarkdriveatk
|turn|17
|
|t:|1743795144
|move|p2a: Raging Bolt|Dragon Pulse|p1a: El Manitas
|-damage|p1a: El Manitas|40/100
|move|p1a: El Manitas|Drain Punch|p2a: Raging Bolt
|-damage|p2a: Raging Bolt|0 fnt
|-heal|p1a: El Manitas|54/100|[from] drain|[of] p2a: Raging Bolt
|faint|p2a: Raging Bolt
|-end|p2a: Raging Bolt|Protosynthesis|[silent]
|
|upkeep
|
|t:|1743795147
|switch|p2a: Iron Valiant|Iron Valiant|100/100
|-damage|p2a: Iron Valiant|94/100|[from] Stealth Rock
|-enditem|p2a: Iron Valiant|Booster Energy
|-activate|p2a: Iron Valiant|ability: Quark Drive|[fromitem]
|-start|p2a: Iron Valiant|quarkdrivespe
|turn|18
|c|☆Sebas99sevilla|Got mega tilted after the miss and throwed
|c|☆Sebas99sevilla|Gg
|
|t:|1743795162
|move|p2a: Iron Valiant|Spirit Break|p1a: El Manitas
|-supereffective|p1a: El Manitas
|-damage|p1a: El Manitas|9/100
|-unboost|p1a: El Manitas|spa|1
|move|p1a: El Manitas|Supercell Slam|p2a: Iron Valiant
|-damage|p2a: Iron Valiant|0 fnt
|faint|p2a: Iron Valiant
|-end|p2a: Iron Valiant|Quark Drive|[silent]
|
|upkeep
|c|☆RoaringMoonlight2|gg
|c|☆RoaringMoonlight2|sorry
|
|t:|1743795167
|switch|p2a: Ogerpon|Ogerpon-Wellspring, F|70/100
|-damage|p2a: Ogerpon|58/100|[from] Stealth Rock
|turn|19
|c|☆Sebas99sevilla|No It is mb
|c|☆Sebas99sevilla|There was no need to go hatt there
|j| LudocyelZ
|
|t:|1743795191
|move|p2a: Ogerpon|Ivy Cudgel|p1a: El Manitas|[anim] Ivy Cudgel Water
|-damage|p1a: El Manitas|0 fnt
|faint|p1a: El Manitas
|-end|p1a: El Manitas|Quark Drive|[silent]
|
|upkeep
|
|t:|1743795193
|switch|p1a: Landorus|Landorus-Therian, M|9/100
|-damage|p1a: Landorus|0 fnt|[from] Stealth Rock
|faint|p1a: Landorus
|
|win|RoaringMoonlight2
