|j|☆kingCR0C
|j|☆mysticaisand
|t:|1743789278
|gametype|singles
|player|p1|kingCR0C|265|1356
|player|p2|mysticaisand|clair|1336
|teamsize|p1|6
|teamsize|p2|6
|gen|9
|tier|[Gen 9] OU
|rated|
|rule|HP Percentage Mod: HP is shown in percentages
|rule|Endless Battle Clause: Forcing endless battles is banned
|rule|Species Clause: Limit one of each Pokémon
|rule|OHKO Clause: OHKO moves are banned
|rule|Evasion Items Clause: Evasion items are banned
|rule|Evasion Moves Clause: Evasion moves are banned
|rule|Sleep Moves Clause: Sleep-inducing moves are banned
|clearpoke
|poke|p1|Minior-Yellow|
|poke|p1|Quaquaval, M|
|poke|p1|Lokix, M|
|poke|p1|Iron Moth|
|poke|p1|Blaziken, F|
|poke|p1|Toxtricity, M|
|poke|p2|Samurott-Hisui, M|
|poke|p2|Haxorus, F|
|poke|p2|Gholdengo|
|poke|p2|Great Tusk|
|poke|p2|Kingambit, M|
|poke|p2|Slowking-Galar, M|
|teampreview
|
|t:|1743789283
|start
|switch|p1a: Toxtricity|Toxtricity, M|100/100
|switch|p2a: Samurott|Samurott-Hisui, M|100/100
|turn|1
|inactive|Battle timer is ON: inactive players will automatically lose when time's up. (requested by mysticaisand)
|
|t:|1743789288
|move|p2a: Samurott|Ceaseless Edge|p1a: Toxtricity|[miss]
|-miss|p2a: Samurott|p1a: Toxtricity
|move|p1a: Toxtricity|Shift Gear|p1a: Toxtricity
|-boost|p1a: Toxtricity|spe|2
|-boost|p1a: Toxtricity|atk|1
|
|upkeep
|turn|2
|
|t:|1743789291
|move|p1a: Toxtricity|Overdrive|p2a: Samurott
|-supereffective|p2a: Samurott
|-enditem|p2a: Samurott|Focus Sash
|-damage|p2a: Samurott|1/100
|-enditem|p1a: Toxtricity|Throat Spray
|-boost|p1a: Toxtricity|spa|1|[from] item: Throat Spray
|move|p2a: Samurott|Ceaseless Edge|p1a: Toxtricity
|-damage|p1a: Toxtricity|30/100
|-sidestart|p1: kingCR0C|Spikes
|
|upkeep
|turn|3
|
|t:|1743789300
|move|p2a: Samurott|Aqua Jet|p1a: Toxtricity
|-damage|p1a: Toxtricity|0 fnt
|faint|p1a: Toxtricity
|
|upkeep
|
|t:|1743789303
|switch|p1a: Blueprint|Quaquaval, M|100/100
|-damage|p1a: Blueprint|88/100|[from] Spikes
|turn|4
|
|t:|1743789311
|-terastallize|p2a: Samurott|Ghost
|move|p2a: Samurott|Ceaseless Edge|p1a: Blueprint
|-resisted|p1a: Blueprint
|-damage|p1a: Blueprint|58/100
|-sidestart|p1: kingCR0C|Spikes
|move|p1a: Blueprint|Aqua Step|p2a: Samurott
|-damage|p2a: Samurott|0 fnt
|-boost|p1a: Blueprint|spe|1
|faint|p2a: Samurott
|-ability|p1a: Blueprint|Moxie|boost
|-boost|p1a: Blueprint|atk|1
|
|upkeep
|
|t:|1743789321
|switch|p2a: Gholdengo|Gholdengo|100/100
|turn|5
|
|t:|1743789324
|-terastallize|p1a: Blueprint|Water
|move|p2a: Gholdengo|Shadow Ball|p1a: Blueprint
|-damage|p1a: Blueprint|16/100
|move|p1a: Blueprint|Aqua Step|p2a: Gholdengo
|-damage|p2a: Gholdengo|1/100
|-boost|p1a: Blueprint|spe|1
|
|upkeep
|turn|6
|
|t:|1743789329
|move|p1a: Blueprint|Aqua Step|p2a: Gholdengo
|-damage|p2a: Gholdengo|0 fnt
|-boost|p1a: Blueprint|spe|1
|faint|p2a: Gholdengo
|-ability|p1a: Blueprint|Moxie|boost
|-boost|p1a: Blueprint|atk|1
|
|upkeep
|
|t:|1743789332
|switch|p2a: Kingambit|Kingambit, M|100/100
|-activate|p2a: Kingambit|ability: Supreme Overlord
|-start|p2a: Kingambit|fallen2|[silent]
|turn|7
|
|t:|1743789334
|move|p1a: Blueprint|Upper Hand|p2a: Kingambit
|-supereffective|p2a: Kingambit
|-damage|p2a: Kingambit|0 fnt
|faint|p2a: Kingambit
|-end|p2a: Kingambit|fallen2|[silent]
|-ability|p1a: Blueprint|Moxie|boost
|-boost|p1a: Blueprint|atk|1
|
|upkeep
|-message|mysticaisand forfeited.
|
|win|kingCR0C
|raw|kingCR0C's rating: 1356 &rarr; <strong>1375</strong><br />(+19 for winning)
|raw|mysticaisand's rating: 1336 &rarr; <strong>1317</strong><br />(-19 for losing)
|l|☆mysticaisand
|player|p2|
|l|☆kingCR0C
|player|p1|
