|j|☆hay cab
|j|☆en llamas
|t:|1743877232
|gametype|singles
|player|p1|hay cab|1|1415
|player|p2|en llamas|170|1480
|teamsize|p1|6
|teamsize|p2|6
|gen|9
|tier|[Gen 9] OU
|rated|
|rule|HP Percentage Mod: HP is shown in percentages
|rule|Endless Battle Clause: Forcing endless battles is banned
|rule|Species Clause: Limit one of each Pokémon
|rule|OHKO Clause: OHKO moves are banned
|rule|Evasion Items Clause: Evasion items are banned
|rule|Evasion Moves Clause: Evasion moves are banned
|rule|Sleep Moves Clause: Sleep-inducing moves are banned
|clearpoke
|poke|p1|Pelipper, M|
|poke|p1|Zapdos|
|poke|p1|Ogerpon-Wellspring, F|
|poke|p1|Drednaw, F|
|poke|p1|Iron Treads|
|poke|p1|Clefable, M|
|poke|p2|Hydrapple, M|
|poke|p2|Slowking-Galar, M|
|poke|p2|Moltres|
|poke|p2|Gliscor, M|
|poke|p2|Zamazenta-*|
|poke|p2|Tinkaton, F|
|teampreview
|inactive|Battle timer is ON: inactive players will automatically lose when time's up. (requested by en llamas)
|
|t:|1743877261
|start
|switch|p1a: Iron Treads|Iron Treads|100/100
|switch|p2a: Slowking|Slowking-Galar, M|100/100
|turn|1
|
|t:|1743877266
|switch|p2a: Tinkaton|Tinkaton, F|100/100
|-item|p2a: Tinkaton|Air Balloon
|move|p1a: Iron Treads|Knock Off|p2a: Tinkaton
|-resisted|p2a: Tinkaton
|-damage|p2a: Tinkaton|86/100
|-enditem|p2a: Tinkaton|Air Balloon
|-enditem|p1a: Iron Treads|Assault Vest|[silent]|[from] ability: Pickpocket|[of] p1a: Iron Treads
|-item|p2a: Tinkaton|Assault Vest|[from] ability: Pickpocket|[of] p1a: Iron Treads
|
|upkeep
|turn|2
|
|t:|1743877276
|switch|p2a: Moltres|Moltres|100/100
|move|p1a: Iron Treads|Earthquake|p2a: Moltres
|-immune|p2a: Moltres
|
|upkeep
|turn|3
|
|t:|1743877284
|switch|p2a: Tinkaton|Tinkaton, F|86/100
|move|p1a: Iron Treads|Volt Switch|p2a: Tinkaton
|-damage|p2a: Tinkaton|80/100
|
|t:|1743877314
|-end|p1a: Iron Treads|Quark Drive|[silent]
|switch|p1a: Zapdos|Zapdos|100/100|[from] Volt Switch
|
|upkeep
|turn|4
|
|t:|1743877322
|switch|p2a: Gliscor|Gliscor, M|100/100
|move|p1a: Zapdos|Thunder|p2a: Gliscor
|-immune|p2a: Gliscor
|
|-status|p2a: Gliscor|tox|[from] item: Toxic Orb
|upkeep
|turn|5
|
|t:|1743877340
|switch|p1a: Pelipper|Pelipper, M|100/100
|-weather|RainDance|[from] ability: Drizzle|[of] p1a: Pelipper
|switch|p2a: Slowking|Slowking-Galar, M|100/100
|
|-weather|RainDance|[upkeep]
|upkeep
|turn|6
|
|t:|1743877348
|switch|p1a: Zapdos|Zapdos|100/100
|-prepare|p2a: Slowking|Chilly Reception|[premajor]
|move|p2a: Slowking|Chilly Reception|p2a: Slowking
|-weather|Snowscape
|
|t:|1743877368
|switch|p2a: Hydrapple|Hydrapple, M|100/100|[from] Chilly Reception
|
|-weather|Snowscape|[upkeep]
|upkeep
|turn|7
|
|t:|1743877370
|switch|p2a: Tinkaton|Tinkaton, F|80/100
|move|p1a: Zapdos|Weather Ball|p2a: Tinkaton
|-resisted|p2a: Tinkaton
|-damage|p2a: Tinkaton|66/100
|
|-weather|Snowscape|[upkeep]
|upkeep
|turn|8
|
|t:|1743877383
|switch|p1a: Iron Treads|Iron Treads|100/100
|move|p2a: Tinkaton|Gigaton Hammer|p1a: Iron Treads
|-resisted|p1a: Iron Treads
|-damage|p1a: Iron Treads|85/100
|
|-weather|Snowscape|[upkeep]
|upkeep
|turn|9
|
|t:|1743877391
|switch|p2a: Moltres|Moltres|100/100
|move|p1a: Iron Treads|Volt Switch|p2a: Moltres
|-supereffective|p2a: Moltres
|-damage|p2a: Moltres|80/100
|
|t:|1743877397
|-end|p1a: Iron Treads|Quark Drive|[silent]
|switch|p1a: Drednaw|Drednaw, F|100/100|[from] Volt Switch
|
|-weather|Snowscape|[upkeep]
|upkeep
|turn|10
|
|t:|1743877408
|switch|p1a: Pelipper|Pelipper, M|100/100
|-weather|RainDance|[from] ability: Drizzle|[of] p1a: Pelipper
|move|p2a: Moltres|Will-O-Wisp|p1a: Pelipper
|-status|p1a: Pelipper|brn
|
|-weather|RainDance|[upkeep]
|-damage|p1a: Pelipper|94/100 brn|[from] brn
|upkeep
|turn|11
|
|t:|1743877422
|switch|p2a: Slowking|Slowking-Galar, M|100/100
|move|p1a: Pelipper|Weather Ball|p2a: Slowking
|-damage|p2a: Slowking|69/100
|
|-weather|RainDance|[upkeep]
|-damage|p1a: Pelipper|88/100 brn|[from] brn
|upkeep
|turn|12
|
|t:|1743877426
|move|p1a: Pelipper|U-turn|p2a: Slowking
|-damage|p2a: Slowking|65/100
|
|t:|1743877429
|switch|p1a: Zapdos|Zapdos|100/100|[from] U-turn
|-prepare|p2a: Slowking|Chilly Reception|[premajor]
|move|p2a: Slowking|Chilly Reception|p2a: Slowking
|-weather|Snowscape
|
|t:|1743877438
|switch|p2a: Gliscor|Gliscor, M|100/100 tox|[from] Chilly Reception
|
|-weather|Snowscape|[upkeep]
|upkeep
|turn|13
|
|t:|1743877454
|move|p2a: Gliscor|Protect|p2a: Gliscor
|-singleturn|p2a: Gliscor|Protect
|move|p1a: Zapdos|Hurricane|p2a: Gliscor
|-activate|p2a: Gliscor|move: Protect
|
|-weather|Snowscape|[upkeep]
|upkeep
|turn|14
|
|t:|1743877464
|switch|p2a: Slowking|Slowking-Galar, M|98/100
|move|p1a: Zapdos|Hurricane|p2a: Slowking|[miss]
|-miss|p1a: Zapdos|p2a: Slowking
|
|-weather|Snowscape|[upkeep]
|upkeep
|turn|15
|
|t:|1743877476
|move|p1a: Zapdos|Hurricane|p2a: Slowking|[miss]
|-miss|p1a: Zapdos|p2a: Slowking
|move|p2a: Slowking|Ice Beam|p1a: Zapdos
|-supereffective|p1a: Zapdos
|-damage|p1a: Zapdos|44/100
|
|-weather|Snowscape|[upkeep]
|upkeep
|turn|16
|
|t:|1743877480
|switch|p1a: Pelipper|Pelipper, M|88/100 brn
|-weather|RainDance|[from] ability: Drizzle|[of] p1a: Pelipper
|move|p2a: Slowking|Ice Beam|p1a: Pelipper
|-damage|p1a: Pelipper|54/100 brn
|
|-weather|RainDance|[upkeep]
|-damage|p1a: Pelipper|48/100 brn|[from] brn
|upkeep
|turn|17
|
|t:|1743877484
|switch|p1a: Ogerpon|Ogerpon-Wellspring, F|100/100
|-prepare|p2a: Slowking|Chilly Reception|[premajor]
|move|p2a: Slowking|Chilly Reception|p2a: Slowking
|-weather|Snowscape
|
|t:|1743877490
|switch|p2a: Hydrapple|Hydrapple, M|100/100|[from] Chilly Reception
|
|-weather|Snowscape|[upkeep]
|upkeep
|turn|18
|
|t:|1743877510
|switch|p1a: Zapdos|Zapdos|44/100
|move|p2a: Hydrapple|Giga Drain|p1a: Zapdos
|-resisted|p1a: Zapdos
|-damage|p1a: Zapdos|23/100
|
|-weather|Snowscape|[upkeep]
|upkeep
|turn|19
|
|t:|1743877518
|switch|p2a: Tinkaton|Tinkaton, F|66/100
|move|p1a: Zapdos|Thunder|p2a: Tinkaton
|-damage|p2a: Tinkaton|17/100
|-status|p2a: Tinkaton|par
|
|-weather|Snowscape|[upkeep]
|upkeep
|turn|20
|
|t:|1743877532
|switch|p1a: Iron Treads|Iron Treads|85/100
|switch|p2a: Gliscor|Gliscor, M|100/100 tox
|
|-weather|Snowscape|[upkeep]
|upkeep
|turn|21
|
|t:|1743877544
|-end|p1a: Iron Treads|Quark Drive|[silent]
|switch|p1a: Clefable|Clefable, M|100/100
|move|p2a: Gliscor|Protect||[still]
|-fail|p2a: Gliscor
|
|-weather|none
|upkeep
|turn|22
|
|t:|1743877550
|move|p2a: Gliscor|Swords Dance|p2a: Gliscor
|-boost|p2a: Gliscor|atk|2
|move|p1a: Clefable|Stealth Rock|p2a: Gliscor
|-sidestart|p2: en llamas|move: Stealth Rock
|
|upkeep
|turn|23
|
|t:|1743877555
|move|p2a: Gliscor|Knock Off|p1a: Clefable
|-resisted|p1a: Clefable
|-damage|p1a: Clefable|85/100
|-enditem|p1a: Clefable|Eject Button|[from] move: Knock Off|[of] p2a: Gliscor
|move|p1a: Clefable|Moonblast|p2a: Gliscor
|-damage|p2a: Gliscor|61/100 tox
|
|-heal|p2a: Gliscor|74/100 tox|[from] ability: Poison Heal
|upkeep
|turn|24
|
|t:|1743877564
|move|p2a: Gliscor|Swords Dance|p2a: Gliscor
|-boost|p2a: Gliscor|atk|2
|move|p1a: Clefable|Wish|p1a: Clefable
|
|-heal|p2a: Gliscor|86/100 tox|[from] ability: Poison Heal
|upkeep
|turn|25
|
|t:|1743877567
|move|p2a: Gliscor|Swords Dance|p2a: Gliscor
|-boost|p2a: Gliscor|atk|2
|move|p1a: Clefable|Moonblast|p2a: Gliscor
|-damage|p2a: Gliscor|50/100 tox
|
|-heal|p1a: Clefable|100/100|[from] move: Wish|[wisher] Clefable
|-heal|p2a: Gliscor|62/100 tox|[from] ability: Poison Heal
|upkeep
|turn|26
|
|t:|1743877581
|switch|p1a: Zapdos|Zapdos|23/100
|move|p2a: Gliscor|Facade|p1a: Zapdos
|-damage|p1a: Zapdos|0 fnt
|faint|p1a: Zapdos
|
|-heal|p2a: Gliscor|75/100 tox|[from] ability: Poison Heal
|upkeep
|
|t:|1743877588
|switch|p1a: Ogerpon|Ogerpon-Wellspring, F|100/100
|turn|27
|
|t:|1743877599
|switch|p1a: Clefable|Clefable, M|100/100
|-terastallize|p2a: Gliscor|Normal
|move|p2a: Gliscor|Facade|p1a: Clefable
|-damage|p1a: Clefable|0 fnt
|faint|p1a: Clefable
|
|-heal|p2a: Gliscor|87/100 tox|[from] ability: Poison Heal
|upkeep
|-message|hay cab forfeited.
|
|win|en llamas
|raw|hay cab's rating: 1415 &rarr; <strong>1400</strong><br />(-15 for losing)
|raw|en llamas's rating: 1496 &rarr; <strong>1511</strong><br />(+15 for winning)
|l|☆hay cab
|player|p1|
|l|☆en llamas
|player|p2|
