|j|☆Kazuelasnt
|j|☆sihengthegreat
|t:|1743780257
|gametype|singles
|player|p1|Kazuelasnt|cress|1444
|player|p2|sihengthegreat|hooligans|1422
|teamsize|p1|6
|teamsize|p2|6
|gen|9
|tier|[Gen 9] OU
|rated|
|rule|HP Percentage Mod: HP is shown in percentages
|rule|Endless Battle Clause: Forcing endless battles is banned
|rule|Species Clause: Limit one of each Pokémon
|rule|OHKO Clause: OHKO moves are banned
|rule|Evasion Items Clause: Evasion items are banned
|rule|Evasion Moves Clause: Evasion moves are banned
|rule|Sleep Moves Clause: Sleep-inducing moves are banned
|clearpoke
|poke|p1|Ninetales, M|
|poke|p1|Lilligant-Hisui, F|
|poke|p1|Walking Wake|
|poke|p1|Great Tusk|
|poke|p1|Iron Moth|
|poke|p1|Heatran, F|
|poke|p2|Wo-Chien|
|poke|p2|Avalugg, F|
|poke|p2|Vaporeon, M|
|poke|p2|Gligar, M|
|poke|p2|Registeel|
|poke|p2|Scream Tail|
|teampreview
|
|t:|1743780270
|start
|switch|p1a: Chujin|Ninetales, M, shiny|100/100
|switch|p2a: Gligar|Gligar, M|100/100
|-weather|SunnyDay|[from] ability: Drought|[of] p1a: Chujin
|turn|1
|
|t:|1743780291
|move|p1a: Chujin|Will-O-Wisp|p2a: Gligar
|-status|p2a: Gligar|brn
|move|p2a: Gligar|Knock Off|p1a: Chujin
|-damage|p1a: Chujin|90/100
|-enditem|p1a: Chujin|Heat Rock|[from] move: Knock Off|[of] p2a: Gligar
|
|-weather|SunnyDay|[upkeep]
|-damage|p2a: Gligar|95/100 brn|[from] brn
|upkeep
|turn|2
|
|t:|1743780300
|switch|p1a: Ondulagua|Walking Wake|100/100
|-activate|p1a: Ondulagua|ability: Protosynthesis
|-start|p1a: Ondulagua|protosynthesisspa
|move|p2a: Gligar|Spikes|p1a: Ondulagua
|-sidestart|p1: Kazuelasnt|Spikes
|
|-weather|SunnyDay|[upkeep]
|-damage|p2a: Gligar|89/100 brn|[from] brn
|upkeep
|turn|3
|
|t:|1743780303
|switch|p2a: Vaporeon|Vaporeon, M|100/100
|move|p1a: Ondulagua|Hydro Steam|p2a: Vaporeon
|-immune|p2a: Vaporeon|[from] ability: Water Absorb
|
|-weather|SunnyDay|[upkeep]
|upkeep
|turn|4
|
|t:|1743780309
|-end|p1a: Ondulagua|Protosynthesis|[silent]
|switch|p1a: Mi amada <3|Lilligant-Hisui, F|100/100
|-damage|p1a: Mi amada <3|88/100|[from] Spikes
|move|p2a: Vaporeon|Flip Turn|p1a: Mi amada <3
|-resisted|p1a: Mi amada <3
|-damage|p1a: Mi amada <3|83/100
|
|t:|1743780320
|switch|p2a: Avalugg|Avalugg, F|100/100|[from] Flip Turn
|
|-weather|SunnyDay|[upkeep]
|upkeep
|turn|5
|
|t:|1743780325
|move|p1a: Mi amada <3|Axe Kick|p2a: Avalugg
|-supereffective|p2a: Avalugg
|-damage|p2a: Avalugg|20/100
|-damage|p1a: Mi amada <3|73/100|[from] item: Life Orb
|move|p2a: Avalugg|Ice Spinner|p1a: Mi amada <3
|-supereffective|p1a: Mi amada <3
|-damage|p1a: Mi amada <3|0 fnt
|faint|p1a: Mi amada <3
|
|-weather|SunnyDay|[upkeep]
|upkeep
|
|t:|1743780333
|switch|p1a: DA TUSK|Great Tusk|100/100
|-damage|p1a: DA TUSK|88/100|[from] Spikes
|-activate|p1a: DA TUSK|ability: Protosynthesis
|-start|p1a: DA TUSK|protosynthesisatk
|turn|6
|
|t:|1743780340
|move|p1a: DA TUSK|Rapid Spin|p2a: Avalugg
|-damage|p2a: Avalugg|5/100
|-boost|p1a: DA TUSK|spe|1
|-sideend|p1: Kazuelasnt|Spikes|[from] move: Rapid Spin|[of] p1a: DA TUSK
|move|p2a: Avalugg|Recover|p2a: Avalugg
|-heal|p2a: Avalugg|55/100
|
|-weather|SunnyDay|[upkeep]
|upkeep
|turn|7
|
|t:|1743780348
|move|p1a: DA TUSK|Headlong Rush|p2a: Avalugg
|-damage|p2a: Avalugg|1/100
|-unboost|p1a: DA TUSK|def|1
|-unboost|p1a: DA TUSK|spd|1
|move|p2a: Avalugg|Recover|p2a: Avalugg
|-heal|p2a: Avalugg|51/100
|
|-weather|SunnyDay|[upkeep]
|upkeep
|turn|8
|
|t:|1743780392
|-end|p1a: DA TUSK|Protosynthesis|[silent]
|switch|p1a: Ferropolilla|Iron Moth|100/100
|-enditem|p1a: Ferropolilla|Booster Energy
|-activate|p1a: Ferropolilla|ability: Quark Drive|[fromitem]
|-start|p1a: Ferropolilla|quarkdrivespe
|switch|p2a: Gligar|Gligar, M|89/100 brn
|
|-weather|none
|-damage|p2a: Gligar|83/100 brn|[from] brn
|upkeep
|turn|9
|
|t:|1743780399
|-end|p1a: Ferropolilla|Quark Drive|[silent]
|switch|p1a: Ondulagua|Walking Wake|100/100
|move|p2a: Gligar|Earthquake|p1a: Ondulagua
|-damage|p1a: Ondulagua|86/100
|
|-damage|p2a: Gligar|77/100 brn|[from] brn
|upkeep
|turn|10
|
|t:|1743780405
|switch|p2a: Vaporeon|Vaporeon, M|100/100
|move|p1a: Ondulagua|Tera Blast|p2a: Vaporeon
|-crit|p2a: Vaporeon
|-damage|p2a: Vaporeon|45/100
|
|upkeep
|turn|11
|
|t:|1743780415
|move|p2a: Vaporeon|Flip Turn|p1a: Ondulagua
|-resisted|p1a: Ondulagua
|-damage|p1a: Ondulagua|83/100
|
|t:|1743780431
|switch|p2a: Wo-Chien|Wo-Chien|100/100|[from] Flip Turn
|-ability|p2a: Wo-Chien|Tablets of Ruin
|move|p1a: Ondulagua|Tera Blast|p2a: Wo-Chien
|-damage|p2a: Wo-Chien|62/100
|
|upkeep
|turn|12
|
|t:|1743780458
|-end|p1a: Ondulagua|Protosynthesis|[silent]
|switch|p1a: Chujin|Ninetales, M, shiny|90/100
|-weather|SunnyDay|[from] ability: Drought|[of] p1a: Chujin
|move|p2a: Wo-Chien|Knock Off|p1a: Chujin
|-crit|p1a: Chujin
|-damage|p1a: Chujin|18/100
|
|-weather|SunnyDay|[upkeep]
|upkeep
|turn|13
|
|t:|1743780473
|switch|p1a: Ferropolilla|Iron Moth|100/100
|move|p2a: Wo-Chien|Knock Off|p1a: Ferropolilla
|-damage|p1a: Ferropolilla|32/100
|
|-weather|SunnyDay|[upkeep]
|upkeep
|turn|14
|
|t:|1743780491
|switch|p2a: Vaporeon|Vaporeon, M|45/100
|move|p1a: Ferropolilla|Fiery Dance|p2a: Vaporeon
|-resisted|p2a: Vaporeon
|-damage|p2a: Vaporeon|18/100
|-boost|p1a: Ferropolilla|spa|1
|
|-weather|SunnyDay|[upkeep]
|upkeep
|turn|15
|
|t:|1743780498
|move|p2a: Vaporeon|Flip Turn|p1a: Ferropolilla
|-supereffective|p1a: Ferropolilla
|-damage|p1a: Ferropolilla|13/100
|
|t:|1743780502
|switch|p2a: Avalugg|Avalugg, F|51/100|[from] Flip Turn
|move|p1a: Ferropolilla|Energy Ball|p2a: Avalugg
|-damage|p2a: Avalugg|0 fnt
|faint|p2a: Avalugg
|
|-weather|SunnyDay|[upkeep]
|upkeep
|
|t:|1743780504
|switch|p2a: Vaporeon|Vaporeon, M|18/100
|turn|16
|
|t:|1743780510
|-end|p1a: Ferropolilla|Quark Drive|[silent]
|switch|p1a: Ondulagua|Walking Wake|83/100
|-activate|p1a: Ondulagua|ability: Protosynthesis
|-start|p1a: Ondulagua|protosynthesisspa
|move|p2a: Vaporeon|Flip Turn|p1a: Ondulagua
|-resisted|p1a: Ondulagua
|-damage|p1a: Ondulagua|82/100
|
|t:|1743780513
|switch|p2a: Scream Tail|Scream Tail|100/100|[from] Flip Turn
|-activate|p2a: Scream Tail|ability: Protosynthesis
|-start|p2a: Scream Tail|protosynthesisspe
|
|-weather|none
|-end|p2a: Scream Tail|Protosynthesis
|-end|p1a: Ondulagua|Protosynthesis
|upkeep
|-enditem|p2a: Scream Tail|Booster Energy
|-activate|p2a: Scream Tail|ability: Protosynthesis|[fromitem]
|-start|p2a: Scream Tail|protosynthesisspe
|turn|17
|
|t:|1743780534
|-end|p1a: Ondulagua|Protosynthesis|[silent]
|switch|p1a: Heatrandorus|Heatran, F|100/100
|-item|p1a: Heatrandorus|Air Balloon
|move|p2a: Scream Tail|Calm Mind|p2a: Scream Tail
|-boost|p2a: Scream Tail|spa|1
|-boost|p2a: Scream Tail|spd|1
|
|upkeep
|turn|18
|
|t:|1743780543
|move|p2a: Scream Tail|Boomburst|p1a: Heatrandorus
|-resisted|p1a: Heatrandorus
|-damage|p1a: Heatrandorus|79/100
|-enditem|p1a: Heatrandorus|Air Balloon
|move|p1a: Heatrandorus|Taunt|p2a: Scream Tail
|-start|p2a: Scream Tail|move: Taunt
|
|upkeep
|turn|19
|
|t:|1743780575
|move|p2a: Scream Tail|Boomburst|p1a: Heatrandorus
|-resisted|p1a: Heatrandorus
|-crit|p1a: Heatrandorus
|-damage|p1a: Heatrandorus|48/100
|move|p1a: Heatrandorus|Magma Storm|p2a: Scream Tail
|-damage|p2a: Scream Tail|74/100
|-activate|p2a: Scream Tail|move: Magma Storm|[of] p1a: Heatrandorus
|
|-damage|p2a: Scream Tail|61/100|[from] move: Magma Storm|[partiallytrapped]
|upkeep
|turn|20
|
|t:|1743780588
|move|p2a: Scream Tail|Boomburst|p1a: Heatrandorus
|-resisted|p1a: Heatrandorus
|-damage|p1a: Heatrandorus|28/100
|move|p1a: Heatrandorus|Earth Power|p2a: Scream Tail
|-damage|p2a: Scream Tail|44/100
|
|-damage|p2a: Scream Tail|31/100|[from] move: Magma Storm|[partiallytrapped]
|upkeep
|turn|21
|
|t:|1743780596
|move|p2a: Scream Tail|Boomburst|p1a: Heatrandorus
|-resisted|p1a: Heatrandorus
|-crit|p1a: Heatrandorus
|-damage|p1a: Heatrandorus|0 fnt
|faint|p1a: Heatrandorus
|
|-end|p2a: Scream Tail|Magma Storm|[partiallytrapped]|[silent]
|-end|p2a: Scream Tail|move: Taunt
|upkeep
|
|t:|1743780601
|switch|p1a: DA TUSK|Great Tusk|88/100
|turn|22
|
|t:|1743780608
|-terastallize|p1a: DA TUSK|Fairy
|move|p2a: Scream Tail|Psychic Noise|p1a: DA TUSK
|-damage|p1a: DA TUSK|51/100
|-start|p1a: DA TUSK|move: Heal Block
|move|p1a: DA TUSK|Headlong Rush|p2a: Scream Tail
|-damage|p2a: Scream Tail|0 fnt
|-unboost|p1a: DA TUSK|def|1
|-unboost|p1a: DA TUSK|spd|1
|faint|p2a: Scream Tail
|-end|p2a: Scream Tail|Protosynthesis|[silent]
|
|upkeep
|
|t:|1743780620
|switch|p2a: Vaporeon|Vaporeon, M|18/100
|turn|23
|
|t:|1743780639
|-end|p1a: DA TUSK|Protosynthesis|[silent]
|switch|p1a: Chujin|Ninetales, M, shiny|18/100
|-weather|SunnyDay|[from] ability: Drought|[of] p1a: Chujin
|move|p2a: Vaporeon|Flip Turn|p1a: Chujin
|-supereffective|p1a: Chujin
|-damage|p1a: Chujin|1/100
|
|t:|1743780646
|switch|p2a: Gligar|Gligar, M|77/100 brn|[from] Flip Turn
|
|-weather|SunnyDay|[upkeep]
|-damage|p2a: Gligar|71/100 brn|[from] brn
|upkeep
|turn|24
|
|t:|1743780672
|switch|p1a: Ondulagua|Walking Wake|82/100
|-activate|p1a: Ondulagua|ability: Protosynthesis
|-start|p1a: Ondulagua|protosynthesisspa
|move|p2a: Gligar|Spikes|p1a: Ondulagua
|-sidestart|p1: Kazuelasnt|Spikes
|
|-weather|SunnyDay|[upkeep]
|-damage|p2a: Gligar|65/100 brn|[from] brn
|upkeep
|turn|25
|
|t:|1743780689
|switch|p2a: Registeel|Registeel|100/100
|move|p1a: Ondulagua|Flamethrower|p2a: Registeel
|-supereffective|p2a: Registeel
|-damage|p2a: Registeel|0 fnt
|faint|p2a: Registeel
|
|-weather|SunnyDay|[upkeep]
|upkeep
|
|t:|1743780704
|switch|p2a: Vaporeon|Vaporeon, M|18/100
|turn|26
|
|t:|1743780710
|move|p2a: Vaporeon|Ice Beam|p1a: Ondulagua
|-damage|p1a: Ondulagua|51/100
|move|p1a: Ondulagua|Flamethrower|p2a: Vaporeon
|-resisted|p2a: Vaporeon
|-damage|p2a: Vaporeon|0 fnt
|faint|p2a: Vaporeon
|
|-weather|SunnyDay|[upkeep]
|upkeep
|
|t:|1743780720
|switch|p2a: Gligar|Gligar, M|65/100 brn
|turn|27
|
|t:|1743780731
|move|p1a: Ondulagua|Flamethrower|p2a: Gligar
|-damage|p2a: Gligar|0 fnt
|faint|p2a: Gligar
|
|-weather|none
|-end|p1a: Ondulagua|Protosynthesis
|upkeep
|
|t:|1743780732
|switch|p2a: Wo-Chien|Wo-Chien|62/100
|-ability|p2a: Wo-Chien|Tablets of Ruin
|turn|28
|
|t:|1743780742
|move|p1a: Ondulagua|Flamethrower|p2a: Wo-Chien
|-supereffective|p2a: Wo-Chien
|-damage|p2a: Wo-Chien|0 fnt
|faint|p2a: Wo-Chien
|
|win|Kazuelasnt
|raw|Kazuelasnt's rating: 1444 &rarr; <strong>1463</strong><br />(+19 for winning)
|raw|sihengthegreat's rating: 1422 &rarr; <strong>1403</strong><br />(-19 for losing)
|l|☆Kazuelasnt
|player|p1|
