|j|☆freeflygon
|j|☆t3rPtqSKgYgda7G3
|t:|1743783577
|gametype|singles
|player|p1|freeflygon|169|1045
|player|p2|t3rPtqSKgYgda7G3|1|1000
|teamsize|p1|6
|teamsize|p2|6
|gen|9
|tier|[Gen 9] OU
|rated|
|rule|HP Percentage Mod: HP is shown in percentages
|rule|Endless Battle Clause: Forcing endless battles is banned
|rule|Species Clause: Limit one of each Pokémon
|rule|OHKO Clause: OHKO moves are banned
|rule|Evasion Items Clause: Evasion items are banned
|rule|Evasion Moves Clause: Evasion moves are banned
|rule|Sleep Moves Clause: Sleep-inducing moves are banned
|clearpoke
|poke|p1|Primarina, M|
|poke|p1|Gholdengo|
|poke|p1|Gliscor, F|
|poke|p1|Dragapult, F|
|poke|p1|Iron Moth|
|poke|p1|Iron Valiant|
|poke|p2|Comfey, F|
|poke|p2|Whimsicott, M|
|poke|p2|Iron Moth|
|poke|p2|Walking Wake|
|poke|p2|Great Tusk|
|poke|p2|Ninetales, M|
|teampreview
|inactive|Battle timer is ON: inactive players will automatically lose when time's up. (requested by t3rPtqSKgYgda7G3)
|
|t:|1743783590
|start
|switch|p1a: Metal Sonic|Iron Valiant|100/100
|switch|p2a: Ninetales|Ninetales, M|100/100
|-weather|SunnyDay|[from] ability: Drought|[of] p2a: Ninetales
|turn|1
|
|t:|1743783599
|switch|p2a: Iron Moth|Iron Moth|100/100
|-enditem|p2a: Iron Moth|Booster Energy
|-activate|p2a: Iron Moth|ability: Quark Drive|[fromitem]
|-start|p2a: Iron Moth|quarkdrivespa
|move|p1a: Metal Sonic|Knock Off|p2a: Iron Moth
|-damage|p2a: Iron Moth|64/100
|
|-weather|SunnyDay|[upkeep]
|upkeep
|turn|2
|
|t:|1743783612
|move|p1a: Metal Sonic|Swords Dance|p1a: Metal Sonic
|-boost|p1a: Metal Sonic|atk|2
|move|p2a: Iron Moth|Fiery Dance|p1a: Metal Sonic
|-damage|p1a: Metal Sonic|0 fnt
|-boost|p2a: Iron Moth|spa|1
|faint|p1a: Metal Sonic
|-end|p1a: Metal Sonic|Quark Drive|[silent]
|
|-weather|SunnyDay|[upkeep]
|upkeep
|
|t:|1743783621
|switch|p1a: geek|Gliscor, F|100/100
|turn|3
|
|t:|1743783626
|move|p2a: Iron Moth|Fiery Dance|p1a: geek
|-damage|p1a: geek|0 fnt
|faint|p1a: geek
|
|-weather|SunnyDay|[upkeep]
|upkeep
|
|t:|1743783632
|switch|p1a: SZA|Primarina, M|100/100
|turn|4
|
|t:|1743783636
|move|p2a: Iron Moth|Solar Beam||[still]
|-prepare|p2a: Iron Moth|Solar Beam
|-anim|p2a: Iron Moth|Solar Beam|p1a: SZA
|-supereffective|p1a: SZA
|-damage|p1a: SZA|0 fnt
|faint|p1a: SZA
|
|-weather|SunnyDay|[upkeep]
|upkeep
|
|t:|1743783643
|switch|p1a: BOO!|Dragapult, F|100/100
|turn|5
|
|t:|1743783647
|move|p1a: BOO!|Dragon Darts|p2a: Iron Moth
|-damage|p2a: Iron Moth|16/100
|-anim|p1a: BOO!|Dragon Darts|p2a: Iron Moth
|-damage|p2a: Iron Moth|0 fnt
|faint|p2a: Iron Moth
|-end|p2a: Iron Moth|Quark Drive|[silent]
|
|-weather|SunnyDay|[upkeep]
|upkeep
|
|t:|1743783657
|switch|p2a: Walking Wake|Walking Wake|100/100
|-activate|p2a: Walking Wake|ability: Protosynthesis
|-start|p2a: Walking Wake|protosynthesisspe
|turn|6
|
|t:|1743783666
|move|p2a: Walking Wake|Draco Meteor|p1a: BOO!
|-supereffective|p1a: BOO!
|-damage|p1a: BOO!|0 fnt
|-unboost|p2a: Walking Wake|spa|2
|faint|p1a: BOO!
|
|-weather|SunnyDay|[upkeep]
|upkeep
|
|t:|1743783673
|switch|p1a: CashMoney$wag|Gholdengo|100/100
|turn|7
|
|t:|1743783680
|-terastallize|p1a: CashMoney$wag|Ghost
|move|p2a: Walking Wake|Flip Turn|p1a: CashMoney$wag
|-damage|p1a: CashMoney$wag|92/100
|
|t:|1743783688
|-end|p2a: Walking Wake|Protosynthesis|[silent]
|switch|p2a: Great Tusk|Great Tusk|100/100|[from] Flip Turn
|-activate|p2a: Great Tusk|ability: Protosynthesis
|-start|p2a: Great Tusk|protosynthesisspe
|move|p1a: CashMoney$wag|Shadow Ball|p2a: Great Tusk
|-damage|p2a: Great Tusk|0 fnt
|faint|p2a: Great Tusk
|-end|p2a: Great Tusk|Protosynthesis|[silent]
|-damage|p1a: CashMoney$wag|82/100|[from] item: Life Orb
|
|-weather|SunnyDay|[upkeep]
|upkeep
|
|t:|1743783692
|switch|p2a: Walking Wake|Walking Wake|100/100
|-activate|p2a: Walking Wake|ability: Protosynthesis
|-start|p2a: Walking Wake|protosynthesisspe
|turn|8
|
|t:|1743783702
|move|p2a: Walking Wake|Hydro Steam|p1a: CashMoney$wag
|-damage|p1a: CashMoney$wag|23/100
|move|p1a: CashMoney$wag|Thunder Wave|p2a: Walking Wake
|-status|p2a: Walking Wake|par
|
|-weather|none
|-end|p2a: Walking Wake|Protosynthesis
|upkeep
|turn|9
|
|t:|1743783709
|-end|p2a: Walking Wake|Protosynthesis|[silent]
|switch|p2a: Ninetales|Ninetales, M|100/100
|-weather|SunnyDay|[from] ability: Drought|[of] p2a: Ninetales
|move|p1a: CashMoney$wag|Shadow Ball|p2a: Ninetales
|-damage|p2a: Ninetales|33/100
|-damage|p1a: CashMoney$wag|13/100|[from] item: Life Orb
|
|-weather|SunnyDay|[upkeep]
|upkeep
|turn|10
|
|t:|1743783718
|move|p2a: Ninetales|Healing Wish|p2a: Ninetales
|faint|p2a: Ninetales
|move|p1a: CashMoney$wag|Shadow Ball|p2: Ninetales|[notarget]
|-fail|p1a: CashMoney$wag
|
|-weather|SunnyDay|[upkeep]
|upkeep
|
|t:|1743783720
|switch|p2a: Walking Wake|Walking Wake|100/100 par
|-heal|p2a: Walking Wake|100/100|[from] move: Healing Wish
|-activate|p2a: Walking Wake|ability: Protosynthesis
|-start|p2a: Walking Wake|protosynthesisspe
|turn|11
|
|t:|1743783729
|move|p2a: Walking Wake|Hydro Steam|p1a: CashMoney$wag
|-damage|p1a: CashMoney$wag|0 fnt
|faint|p1a: CashMoney$wag
|
|-weather|SunnyDay|[upkeep]
|upkeep
|
|t:|1743783734
|switch|p1a: carti|Iron Moth|100/100
|-enditem|p1a: carti|Booster Energy
|-activate|p1a: carti|ability: Quark Drive|[fromitem]
|-start|p1a: carti|quarkdrivespe
|turn|12
|
|t:|1743783740
|move|p1a: carti|Sludge Wave|p2a: Walking Wake
|-damage|p2a: Walking Wake|68/100
|move|p2a: Walking Wake|Hydro Steam|p1a: carti
|-supereffective|p1a: carti
|-damage|p1a: carti|1/100
|
|-weather|SunnyDay|[upkeep]
|upkeep
|turn|13
|
|t:|1743783746
|move|p1a: carti|Sludge Wave|p2a: Walking Wake
|-damage|p2a: Walking Wake|37/100
|-status|p2a: Walking Wake|psn
|move|p2a: Walking Wake|Hydro Steam|p1a: carti
|-supereffective|p1a: carti
|-damage|p1a: carti|0 fnt
|faint|p1a: carti
|-end|p1a: carti|Quark Drive|[silent]
|
|win|t3rPtqSKgYgda7G3
|raw|freeflygon's rating: 1045 &rarr; <strong>1026</strong><br />(-19 for losing)
|raw|t3rPtqSKgYgda7G3's rating: 1000 &rarr; <strong>1045</strong><br />(+45 for winning)
