|j|☆Bankai99
|j|☆tread and die
|t:|1743901434
|gametype|singles
|player|p1|Bankai99|pokemaniac|
|player|p2|tread and die|102|
|teamsize|p1|6
|teamsize|p2|6
|gen|9
|tier|[Gen 9] OU
|rule|HP Percentage Mod: HP is shown in percentages
|rule|Endless Battle Clause: Forcing endless battles is banned
|rule|Species Clause: Limit one of each Pokémon
|rule|OHKO Clause: OHKO moves are banned
|rule|Evasion Items Clause: Evasion items are banned
|rule|Evasion Moves Clause: Evasion moves are banned
|rule|Sleep Moves Clause: Sleep-inducing moves are banned
|clearpoke
|poke|p1|Garganacl, F|
|poke|p1|Metagross|
|poke|p1|Clodsire, F|
|poke|p1|Umbreon, F|
|poke|p1|Zapdos|
|poke|p1|Ogerpon-Wellspring, F|
|poke|p2|Iron Moth|
|poke|p2|Terrakion|
|poke|p2|Darkrai|
|poke|p2|Serperior, M|
|poke|p2|Azumarill, F|
|poke|p2|Feraligatr, M|
|teampreview
|j| Mood1e
|c|☆tread and die|glhf
|j| jumblemuffler
|j| kthehighkid
|c|☆Bankai99|glhf
|j| tasty toilet water
|c| Mood1e|lets go jesse
|c| Mood1e|love the team
|c| Mood1e|JESSE COOKED
|c|☆tread and die|thats a fat team
|
|t:|1743901520
|start
|switch|p1a: zap|Zapdos|100/100
|switch|p2a: Darkrai|Darkrai|100/100
|turn|1
|c| jumblemuffler|skibidibidi
|
|t:|1743901556
|move|p2a: Darkrai|Ice Beam|p1a: zap
|-supereffective|p1a: zap
|-damage|p1a: zap|37/100
|move|p1a: zap|Thunder|p2a: Darkrai
|-damage|p2a: Darkrai|40/100
|
|upkeep
|turn|2
|c| jumblemuffler|lightning before the thunder
|c| jumblemuffler|thunder
|c| kthehighkid|queue etiennes guitar solo
|c| jumblemuffler|true
|
|t:|1743901621
|switch|p1a: Metal|Metagross, shiny|100/100
|move|p2a: Darkrai|Ice Beam|p1a: Metal
|-resisted|p1a: Metal
|-damage|p1a: Metal|87/100
|
|upkeep
|turn|3
|
|t:|1743901648
|switch|p2a: Azumarill|Azumarill, F|100/100
|move|p1a: Metal|Meteor Mash|p2a: Azumarill
|-damage|p2a: Azumarill|45/100
|-enditem|p2a: Azumarill|Sitrus Berry|[eat]
|-heal|p2a: Azumarill|70/100|[from] item: Sitrus Berry
|
|upkeep
|turn|4
|
|t:|1743901703
|move|p1a: Metal|Earthquake|p2a: Azumarill
|-damage|p2a: Azumarill|28/100
|move|p2a: Azumarill|Liquidation|p1a: Metal
|-damage|p1a: Metal|67/100
|
|upkeep
|turn|5
|
|t:|1743901727
|move|p1a: Metal|Meteor Mash|p2a: Azumarill
|-crit|p2a: Azumarill
|-damage|p2a: Azumarill|0 fnt
|faint|p2a: Azumarill
|
|upkeep
|
|t:|1743901728
|switch|p2a: Darkrai|Darkrai|40/100
|turn|6
|
|t:|1743901763
|move|p2a: Darkrai|Trick|p1a: Metal
|-activate|p2a: Darkrai|move: Trick|[of] p1a: Metal
|-item|p1a: Metal|Choice Scarf|[from] move: Trick
|-item|p2a: Darkrai|Assault Vest|[from] move: Trick
|move|p1a: Metal|Ice Punch|p2a: Darkrai
|-damage|p2a: Darkrai|5/100
|
|upkeep
|turn|7
|
|t:|1743901772
|move|p2a: Darkrai|Dark Pulse|p1a: Metal
|-supereffective|p1a: Metal
|-damage|p1a: Metal|0 fnt
|faint|p1a: Metal
|
|upkeep
|
|t:|1743901784
|switch|p1a: water boy|Ogerpon-Wellspring, F|100/100
|turn|8
|
|t:|1743901790
|move|p1a: water boy|Play Rough|p2a: Darkrai
|-supereffective|p2a: Darkrai
|-damage|p2a: Darkrai|0 fnt
|faint|p2a: Darkrai
|
|upkeep
|
|t:|1743901800
|switch|p2a: Iron Moth|Iron Moth|100/100
|-enditem|p2a: Iron Moth|Booster Energy
|-activate|p2a: Iron Moth|ability: Quark Drive|[fromitem]
|-start|p2a: Iron Moth|quarkdrivespa
|turn|9
|
|t:|1743901828
|move|p2a: Iron Moth|Sludge Wave|p1a: water boy
|-supereffective|p1a: water boy
|-damage|p1a: water boy|0 fnt
|faint|p1a: water boy
|
|upkeep
|
|t:|1743901856
|switch|p1a: Lord|Clodsire, F, shiny|100/100
|turn|10
|
|t:|1743901873
|-end|p2a: Iron Moth|Quark Drive|[silent]
|switch|p2a: Serperior|Serperior, M|100/100
|move|p1a: Lord|Earthquake|p2a: Serperior
|-resisted|p2a: Serperior
|-damage|p2a: Serperior|85/100
|
|-heal|p2a: Serperior|91/100|[from] item: Leftovers
|upkeep
|turn|11
|
|t:|1743901890
|switch|p1a: zap|Zapdos|37/100
|move|p2a: Serperior|Substitute|p2a: Serperior
|-start|p2a: Serperior|Substitute
|-damage|p2a: Serperior|66/100
|
|-heal|p2a: Serperior|73/100|[from] item: Leftovers
|upkeep
|turn|12
|c|☆tread and die|i frogot to set teras
|
|t:|1743901910
|move|p2a: Serperior|Leaf Storm|p1a: zap
|-resisted|p1a: zap
|-damage|p1a: zap|14/100
|-boost|p2a: Serperior|spa|2
|move|p1a: zap|Roost|p1a: zap
|-heal|p1a: zap|64/100
|-singleturn|p1a: zap|move: Roost
|
|-heal|p2a: Serperior|79/100|[from] item: Leftovers
|upkeep
|turn|13
|
|t:|1743901927
|move|p2a: Serperior|Leaf Storm|p1a: zap
|-resisted|p1a: zap
|-damage|p1a: zap|18/100
|-boost|p2a: Serperior|spa|2
|move|p1a: zap|Heat Wave|p2a: Serperior
|-supereffective|p2a: Serperior
|-end|p2a: Serperior|Substitute
|
|-heal|p2a: Serperior|85/100|[from] item: Leftovers
|upkeep
|turn|14
|
|t:|1743901940
|move|p2a: Serperior|Leaf Storm|p1a: zap
|-resisted|p1a: zap
|-crit|p1a: zap
|-damage|p1a: zap|0 fnt
|-boost|p2a: Serperior|spa|2
|faint|p1a: zap
|
|-heal|p2a: Serperior|91/100|[from] item: Leftovers
|upkeep
|
|t:|1743901953
|switch|p1a: Umbreon|Umbreon, F, shiny|100/100
|turn|15
|
|t:|1743901965
|-terastallize|p2a: Serperior|Grass
|move|p2a: Serperior|Leaf Storm|p1a: Umbreon
|-damage|p1a: Umbreon|0 fnt
|faint|p1a: Umbreon
|
|-heal|p2a: Serperior|97/100|[from] item: Leftovers
|upkeep
|
|t:|1743901977
|switch|p1a: Lord|Clodsire, F, shiny|100/100
|turn|16
|
|t:|1743901989
|move|p2a: Serperior|Leaf Storm|p1a: Lord|[miss]
|-miss|p2a: Serperior|p1a: Lord
|move|p1a: Lord|Toxic|p2a: Serperior
|-status|p2a: Serperior|tox
|
|-heal|p2a: Serperior|100/100 tox|[from] item: Leftovers
|-damage|p2a: Serperior|94/100 tox|[from] psn
|upkeep
|turn|17
|
|t:|1743902003
|move|p2a: Serperior|Leaf Storm|p1a: Lord
|-damage|p1a: Lord|0 fnt
|faint|p1a: Lord
|
|-heal|p2a: Serperior|100/100 tox|[from] item: Leftovers
|-damage|p2a: Serperior|88/100 tox|[from] psn
|upkeep
|
|t:|1743902010
|switch|p1a: Rock|Garganacl, F|100/100
|turn|18
|
|t:|1743902016
|-terastallize|p1a: Rock|Ghost
|move|p2a: Serperior|Tera Blast|p1a: Rock|[anim] Tera Blast Grass
|-crit|p1a: Rock
|-damage|p1a: Rock|0 fnt
|faint|p1a: Rock
|
|win|tread and die
|c|☆tread and die|gg
|l|☆tread and die
|player|p2|
