|j|☆big lou 123
|j|☆Hyde-D-Rastom
|t:|1743864294
|gametype|singles
|player|p1|big lou 123|170|1317
|player|p2|Hyde-D-Rastom|calem|1365
|teamsize|p1|6
|teamsize|p2|6
|gen|9
|tier|[Gen 9] OU
|rated|
|rule|HP Percentage Mod: HP is shown in percentages
|rule|Endless Battle Clause: Forcing endless battles is banned
|rule|Species Clause: Limit one of each Pokémon
|rule|OHKO Clause: OHKO moves are banned
|rule|Evasion Items Clause: Evasion items are banned
|rule|Evasion Moves Clause: Evasion moves are banned
|rule|Sleep Moves Clause: Sleep-inducing moves are banned
|clearpoke
|poke|p1|Appletun, M|
|poke|p1|Dondozo, F|
|poke|p1|Latios, M|
|poke|p1|Samurott-Hisui, M|
|poke|p1|Lokix, F|
|poke|p1|Great Tusk|
|poke|p2|Empoleon, M|
|poke|p2|Weavile, M|
|poke|p2|Torterra, M|
|poke|p2|Drifblim, F|
|poke|p2|Electivire, M|
|poke|p2|Heatran, M|
|teampreview
|inactive|Battle timer is ON: inactive players will automatically lose when time's up. (requested by Hyde-D-Rastom)
|c|☆big lou 123|full gen 4?
|inactive|Hyde-D-Rastom has 120 seconds left.
|inactive|Hyde-D-Rastom has 90 seconds left.
|
|t:|1743864361
|start
|switch|p1a: Samurott|Samurott-Hisui, M|100/100
|switch|p2a: Heatran|Heatran, M|100/100
|-item|p2a: Heatran|Air Balloon
|turn|1
|
|t:|1743864369
|switch|p2a: Empoleon|Empoleon, M|100/100
|move|p1a: Samurott|Ceaseless Edge|p2a: Empoleon
|-damage|p2a: Empoleon|47/100
|-sidestart|p2: Hyde-D-Rastom|Spikes
|
|upkeep
|turn|2
|
|t:|1743864374
|move|p2a: Empoleon|Vacuum Wave|p1a: Samurott
|-supereffective|p1a: Samurott
|-damage|p1a: Samurott|58/100
|move|p1a: Samurott|Ceaseless Edge|p2a: Empoleon
|-damage|p2a: Empoleon|0 fnt
|-sidestart|p2: Hyde-D-Rastom|Spikes
|faint|p2a: Empoleon
|
|upkeep
|
|t:|1743864381
|switch|p2a: Electivire|Electivire, M|100/100
|-damage|p2a: Electivire|84/100|[from] Spikes
|turn|3
|
|t:|1743864387
|move|p1a: Samurott|Aqua Jet|p2a: Electivire
|-damage|p2a: Electivire|52/100
|move|p2a: Electivire|Trailblaze|p1a: Samurott
|-supereffective|p1a: Samurott
|-damage|p1a: Samurott|0 fnt
|-boost|p2a: Electivire|spe|1
|faint|p1a: Samurott
|-damage|p2a: Electivire|42/100|[from] item: Life Orb
|
|upkeep
|
|t:|1743864403
|switch|p1a: Great Tusk|Great Tusk|100/100
|turn|4
|
|t:|1743864409
|move|p2a: Electivire|Ice Punch|p1a: Great Tusk
|-supereffective|p1a: Great Tusk
|-damage|p1a: Great Tusk|51/100
|-damage|p2a: Electivire|26/100|[from] item: Rocky Helmet|[of] p1a: Great Tusk
|-damage|p2a: Electivire|16/100|[from] item: Life Orb
|move|p1a: Great Tusk|Rapid Spin|p2a: Electivire
|-damage|p2a: Electivire|0 fnt
|-boost|p1a: Great Tusk|spe|1
|faint|p2a: Electivire
|
|upkeep
|
|t:|1743864413
|switch|p2a: Drifblim|Drifblim, F|100/100
|turn|5
|
|t:|1743864419
|move|p1a: Great Tusk|Ice Spinner|p2a: Drifblim
|-supereffective|p2a: Drifblim
|-damage|p2a: Drifblim|55/100
|move|p2a: Drifblim|Will-O-Wisp|p1a: Great Tusk|[miss]
|-miss|p2a: Drifblim|p1a: Great Tusk
|
|upkeep
|turn|6
|
|t:|1743864425
|move|p1a: Great Tusk|Stealth Rock|p2a: Drifblim
|-sidestart|p2: Hyde-D-Rastom|move: Stealth Rock
|move|p2a: Drifblim|Strength Sap|p1a: Great Tusk
|-unboost|p1a: Great Tusk|atk|1
|-heal|p2a: Drifblim|100/100
|
|upkeep
|turn|7
|
|t:|1743864434
|-end|p1a: Great Tusk|Protosynthesis|[silent]
|switch|p1a: Latios|Latios, M|100/100
|move|p2a: Drifblim|Defog|p1a: Latios
|-unboost|p1a: Latios|evasion|1
|-sideend|p2: Hyde-D-Rastom|Spikes|[from] move: Defog|[of] p2a: Drifblim
|-sideend|p2: Hyde-D-Rastom|Stealth Rock|[from] move: Defog|[of] p2a: Drifblim
|
|upkeep
|turn|8
|
|t:|1743864440
|switch|p2a: Weavile|Weavile, M|100/100
|-ability|p2a: Weavile|Pressure
|move|p1a: Latios|Luster Purge|p2a: Weavile
|-immune|p2a: Weavile
|
|upkeep
|turn|9
|
|t:|1743864450
|switch|p1a: Great Tusk|Great Tusk|51/100
|move|p2a: Weavile|Knock Off|p1a: Great Tusk
|-resisted|p1a: Great Tusk
|-damage|p1a: Great Tusk|23/100
|-damage|p2a: Weavile|84/100|[from] item: Rocky Helmet|[of] p1a: Great Tusk
|-enditem|p1a: Great Tusk|Rocky Helmet|[from] move: Knock Off|[of] p2a: Weavile
|
|upkeep
|turn|10
|
|t:|1743864459
|switch|p2a: Drifblim|Drifblim, F|100/100
|move|p1a: Great Tusk|Stealth Rock|p2a: Drifblim
|-sidestart|p2: Hyde-D-Rastom|move: Stealth Rock
|
|upkeep
|turn|11
|
|t:|1743864464
|-end|p1a: Great Tusk|Protosynthesis|[silent]
|switch|p1a: Latios|Latios, M|100/100
|move|p2a: Drifblim|Defog|p1a: Latios
|-unboost|p1a: Latios|evasion|1
|-sideend|p2: Hyde-D-Rastom|Stealth Rock|[from] move: Defog|[of] p2a: Drifblim
|
|upkeep
|turn|12
|
|t:|1743864468
|move|p1a: Latios|Draco Meteor|p2a: Drifblim
|-crit|p2a: Drifblim
|-damage|p2a: Drifblim|0 fnt
|-unboost|p1a: Latios|spa|2
|faint|p2a: Drifblim
|
|upkeep
|
|t:|1743864475
|switch|p2a: Weavile|Weavile, M|84/100
|-ability|p2a: Weavile|Pressure
|turn|13
|
|t:|1743864478
|switch|p1a: Great Tusk|Great Tusk|23/100
|move|p2a: Weavile|Triple Axel|p1a: Great Tusk
|-supereffective|p1a: Great Tusk
|-damage|p1a: Great Tusk|2/100
|-supereffective|p1a: Great Tusk
|-damage|p1a: Great Tusk|0 fnt
|faint|p1a: Great Tusk
|-end|p1a: Great Tusk|Protosynthesis|[silent]
|-hitcount|p1: Great Tusk|2
|
|upkeep
|
|t:|1743864481
|switch|p1a: Lokix|Lokix, F|100/100
|turn|14
|
|t:|1743864490
|switch|p2a: Heatran|Heatran, M|100/100
|-item|p2a: Heatran|Air Balloon
|move|p1a: Lokix|U-turn|p2a: Heatran
|-resisted|p2a: Heatran
|-damage|p2a: Heatran|75/100
|-enditem|p2a: Heatran|Air Balloon
|
|t:|1743864495
|switch|p1a: Dondozo|Dondozo, F|100/100|[from] U-turn
|
|upkeep
|turn|15
|
|t:|1743864504
|move|p2a: Heatran|Stealth Rock|p1a: Dondozo
|-sidestart|p1: big lou 123|move: Stealth Rock
|move|p1a: Dondozo|Curse|p1a: Dondozo
|-unboost|p1a: Dondozo|spe|1
|-boost|p1a: Dondozo|atk|1
|-boost|p1a: Dondozo|def|1
|
|upkeep
|turn|16
|
|t:|1743864507
|move|p2a: Heatran|Taunt|p1a: Dondozo
|-start|p1a: Dondozo|move: Taunt
|move|p1a: Dondozo|Waterfall|p2a: Heatran
|-supereffective|p2a: Heatran
|-damage|p2a: Heatran|0 fnt
|faint|p2a: Heatran
|
|upkeep
|
|t:|1743864514
|switch|p2a: Torterra|Torterra, M|100/100
|turn|17
|
|t:|1743864520
|move|p2a: Torterra|Bullet Seed|p1a: Dondozo
|-supereffective|p1a: Dondozo
|-damage|p1a: Dondozo|93/100
|-supereffective|p1a: Dondozo
|-damage|p1a: Dondozo|86/100
|-supereffective|p1a: Dondozo
|-damage|p1a: Dondozo|79/100
|-supereffective|p1a: Dondozo
|-damage|p1a: Dondozo|71/100
|-hitcount|p1a: Dondozo|4
|move|p1a: Dondozo|Waterfall|p2a: Torterra
|-damage|p2a: Torterra|60/100
|
|upkeep
|turn|18
|
|t:|1743864526
|move|p2a: Torterra|Bullet Seed|p1a: Dondozo
|-supereffective|p1a: Dondozo
|-damage|p1a: Dondozo|63/100
|-supereffective|p1a: Dondozo
|-damage|p1a: Dondozo|56/100
|-supereffective|p1a: Dondozo
|-damage|p1a: Dondozo|49/100
|-supereffective|p1a: Dondozo
|-damage|p1a: Dondozo|42/100
|-supereffective|p1a: Dondozo
|-damage|p1a: Dondozo|35/100
|-hitcount|p1a: Dondozo|5
|move|p1a: Dondozo|Waterfall|p2a: Torterra
|-damage|p2a: Torterra|20/100
|
|-end|p1a: Dondozo|move: Taunt
|upkeep
|turn|19
|
|t:|1743864532
|move|p2a: Torterra|Bullet Seed|p1a: Dondozo
|-supereffective|p1a: Dondozo
|-damage|p1a: Dondozo|27/100
|-supereffective|p1a: Dondozo
|-damage|p1a: Dondozo|20/100
|-supereffective|p1a: Dondozo
|-damage|p1a: Dondozo|13/100
|-supereffective|p1a: Dondozo
|-crit|p1a: Dondozo
|-damage|p1a: Dondozo|0 fnt
|faint|p1a: Dondozo
|-hitcount|p1: Dondozo|4
|
|upkeep
|
|t:|1743864538
|switch|p1a: Latios|Latios, M|100/100
|-damage|p1a: Latios|88/100|[from] Stealth Rock
|turn|20
|
|t:|1743864548
|switch|p2a: Weavile|Weavile, M|84/100
|-ability|p2a: Weavile|Pressure
|move|p1a: Latios|Aura Sphere|p2a: Weavile
|-supereffective|p2a: Weavile
|-damage|p2a: Weavile|0 fnt
|faint|p2a: Weavile
|
|upkeep
|-message|Hyde-D-Rastom forfeited.
|
|win|big lou 123
|raw|big lou 123's rating: 1317 &rarr; <strong>1340</strong><br />(+23 for winning)
|raw|Hyde-D-Rastom's rating: 1365 &rarr; <strong>1342</strong><br />(-23 for losing)
|l|☆Hyde-D-Rastom
|player|p2|
