|j|☆ishowlarp
|j|☆Lusty Lickitung
|t:|1743832368
|gametype|singles
|player|p1|ishowlarp|ghetsis|1336
|player|p2|Lusty Lickitung|skierf|1353
|teamsize|p1|6
|teamsize|p2|6
|gen|9
|tier|[Gen 9] OU
|rated|
|rule|HP Percentage Mod: HP is shown in percentages
|rule|Endless Battle Clause: Forcing endless battles is banned
|rule|Species Clause: Limit one of each Pokémon
|rule|OHKO Clause: OHKO moves are banned
|rule|Evasion Items Clause: Evasion items are banned
|rule|Evasion Moves Clause: Evasion moves are banned
|rule|Sleep Moves Clause: Sleep-inducing moves are banned
|clearpoke
|poke|p1|Pelipper, F|
|poke|p1|Iron Treads|
|poke|p1|Overqwil, F|
|poke|p1|Ogerpon-Wellspring, F|
|poke|p1|Barraskewda, F|
|poke|p1|Lokix, F|
|poke|p2|Araquanid, M|
|poke|p2|Raging Bolt|
|poke|p2|Iron Moth|
|poke|p2|Great Tusk|
|poke|p2|Gholdengo|
|poke|p2|Kingambit, F|
|teampreview
|inactive|Battle timer is ON: inactive players will automatically lose when time's up. (requested by ishowlarp)
|
|t:|1743832390
|start
|switch|p1a: Lokix|Lokix, F, shiny|100/100
|switch|p2a: Araquanid|Araquanid, M|100/100
|turn|1
|
|t:|1743832394
|move|p1a: Lokix|Knock Off|p2a: Araquanid
|-damage|p2a: Araquanid|39/100
|-enditem|p2a: Araquanid|Custap Berry|[from] move: Knock Off|[of] p1a: Lokix
|move|p2a: Araquanid|Sticky Web|p1a: Lokix
|-sidestart|p1: ishowlarp|move: Sticky Web
|
|upkeep
|turn|2
|
|t:|1743832403
|move|p1a: Lokix|Knock Off|p2a: Araquanid
|-damage|p2a: Araquanid|0 fnt
|faint|p2a: Araquanid
|
|upkeep
|
|t:|1743832418
|switch|p2a: Raging Bolt|Raging Bolt|100/100
|-enditem|p2a: Raging Bolt|Booster Energy
|-activate|p2a: Raging Bolt|ability: Protosynthesis|[fromitem]
|-start|p2a: Raging Bolt|protosynthesisspa
|turn|3
|
|t:|1743832438
|switch|p1a: Ogerpon|Ogerpon-Wellspring, F|100/100
|-activate|p1a: Ogerpon|move: Sticky Web
|-unboost|p1a: Ogerpon|spe|1
|move|p2a: Raging Bolt|Dragon Pulse|p1a: Ogerpon
|-damage|p1a: Ogerpon|30/100
|
|upkeep
|turn|4
|
|t:|1743832446
|move|p2a: Raging Bolt|Dragon Pulse|p1a: Ogerpon
|-damage|p1a: Ogerpon|0 fnt
|faint|p1a: Ogerpon
|
|upkeep
|
|t:|1743832455
|switch|p1a: Pelipper|Pelipper, F, shiny|100/100
|-weather|RainDance|[from] ability: Drizzle|[of] p1a: Pelipper
|turn|5
|inactive|Lusty Lickitung has 120 seconds left.
|
|t:|1743832488
|switch|p1a: Iron Treads|Iron Treads, shiny|100/100
|-activate|p1a: Iron Treads|move: Sticky Web
|-unboost|p1a: Iron Treads|spe|1
|move|p2a: Raging Bolt|Dragon Pulse|p1a: Iron Treads
|-resisted|p1a: Iron Treads
|-damage|p1a: Iron Treads|63/100
|-enditem|p1a: Iron Treads|Eject Button
|
|t:|1743832499
|-end|p1a: Iron Treads|Quark Drive|[silent]
|switch|p1a: Overqwil|Overqwil, F, shiny|100/100
|-activate|p1a: Overqwil|move: Sticky Web
|-unboost|p1a: Overqwil|spe|1
|
|-weather|RainDance|[upkeep]
|upkeep
|turn|6
|
|t:|1743832506
|move|p1a: Overqwil|Gunk Shot|p2a: Raging Bolt
|-damage|p2a: Raging Bolt|27/100
|-status|p2a: Raging Bolt|psn
|-damage|p1a: Overqwil|91/100|[from] item: Life Orb
|move|p2a: Raging Bolt|Thunderbolt|p1a: Overqwil
|-damage|p1a: Overqwil|0 fnt
|faint|p1a: Overqwil
|
|-weather|RainDance|[upkeep]
|-damage|p2a: Raging Bolt|15/100 psn|[from] psn
|upkeep
|
|t:|1743832513
|switch|p1a: Iron Treads|Iron Treads, shiny|63/100
|-activate|p1a: Iron Treads|move: Sticky Web
|-unboost|p1a: Iron Treads|spe|1
|turn|7
|
|t:|1743832519
|-end|p2a: Raging Bolt|Protosynthesis|[silent]
|switch|p2a: Gholdengo|Gholdengo|100/100
|-item|p2a: Gholdengo|Air Balloon
|move|p1a: Iron Treads|Ice Spinner|p2a: Gholdengo
|-resisted|p2a: Gholdengo
|-damage|p2a: Gholdengo|89/100
|-enditem|p2a: Gholdengo|Air Balloon
|
|-weather|RainDance|[upkeep]
|upkeep
|turn|8
|
|t:|1743832529
|move|p2a: Gholdengo|Shadow Ball|p1a: Iron Treads
|-damage|p1a: Iron Treads|14/100
|-unboost|p1a: Iron Treads|spd|1
|move|p1a: Iron Treads|Earthquake|p2a: Gholdengo
|-supereffective|p2a: Gholdengo
|-damage|p2a: Gholdengo|2/100
|
|-weather|RainDance|[upkeep]
|upkeep
|turn|9
|
|t:|1743832537
|-end|p1a: Iron Treads|Quark Drive|[silent]
|switch|p1a: Pelipper|Pelipper, F, shiny|100/100
|move|p2a: Gholdengo|Shadow Ball|p1a: Pelipper
|-damage|p1a: Pelipper|63/100
|
|-weather|RainDance|[upkeep]
|upkeep
|turn|10
|
|t:|1743832546
|move|p2a: Gholdengo|Shadow Ball|p1a: Pelipper
|-damage|p1a: Pelipper|22/100
|-unboost|p1a: Pelipper|spd|1
|move|p1a: Pelipper|U-turn|p2a: Gholdengo
|-resisted|p2a: Gholdengo
|-damage|p2a: Gholdengo|0 fnt
|faint|p2a: Gholdengo
|
|t:|1743832557
|switch|p1a: Barraskewda|Barraskewda, F|100/100|[from] U-turn
|-activate|p1a: Barraskewda|move: Sticky Web
|-unboost|p1a: Barraskewda|spe|1
|
|-weather|RainDance|[upkeep]
|upkeep
|
|t:|1743832570
|switch|p2a: Raging Bolt|Raging Bolt|15/100 psn
|turn|11
|
|t:|1743832577
|switch|p1a: Iron Treads|Iron Treads, shiny|14/100
|-activate|p1a: Iron Treads|move: Sticky Web
|-unboost|p1a: Iron Treads|spe|1
|move|p2a: Raging Bolt|Dragon Pulse|p1a: Iron Treads
|-resisted|p1a: Iron Treads
|-damage|p1a: Iron Treads|0 fnt
|faint|p1a: Iron Treads
|-end|p1a: Iron Treads|Quark Drive|[silent]
|
|-weather|RainDance|[upkeep]
|-damage|p2a: Raging Bolt|3/100 psn|[from] psn
|upkeep
|
|t:|1743832586
|switch|p1a: Lokix|Lokix, F, shiny|100/100
|-activate|p1a: Lokix|move: Sticky Web
|-unboost|p1a: Lokix|spe|1
|turn|12
|
|t:|1743832590
|move|p2a: Raging Bolt|Thunderclap|p1a: Lokix
|-damage|p1a: Lokix|13/100
|move|p1a: Lokix|U-turn|p2a: Raging Bolt
|-damage|p2a: Raging Bolt|0 fnt
|faint|p2a: Raging Bolt
|-end|p2a: Raging Bolt|Protosynthesis|[silent]
|
|t:|1743832593
|switch|p1a: Pelipper|Pelipper, F, shiny|22/100|[from] U-turn
|
|-weather|none
|upkeep
|-message|ishowlarp forfeited.
|
|win|Lusty Lickitung
|raw|ishowlarp's rating: 1336 &rarr; <strong>1317</strong><br />(-19 for losing)
|raw|Lusty Lickitung's rating: 1353 &rarr; <strong>1372</strong><br />(+19 for winning)
|l|☆Lusty Lickitung
|player|p2|
|l|☆ishowlarp
|player|p1|
