|j|☆kldkmd
|j|☆Nbr1bleachfan
|t:|1743837958
|gametype|singles
|player|p1|kldkmd|dawn-gen4pt|1147
|player|p2|Nbr1bleachfan|unknown|1148
|teamsize|p1|6
|teamsize|p2|6
|gen|9
|tier|[Gen 9] OU
|rated|
|rule|HP Percentage Mod: HP is shown in percentages
|rule|Endless Battle Clause: Forcing endless battles is banned
|rule|Species Clause: Limit one of each Pokémon
|rule|OHKO Clause: OHKO moves are banned
|rule|Evasion Items Clause: Evasion items are banned
|rule|Evasion Moves Clause: Evasion moves are banned
|rule|Sleep Moves Clause: Sleep-inducing moves are banned
|clearpoke
|poke|p1|Volcanion|
|poke|p1|Gliscor, F|
|poke|p1|Fezandipiti, M|
|poke|p1|Meowscarada, F|
|poke|p1|Murkrow, F|
|poke|p1|Quaquaval, F|
|poke|p2|Zamazenta-*|
|poke|p2|Kingambit, M|
|poke|p2|Samurott-Hisui, F|
|poke|p2|Landorus-Therian, M|
|poke|p2|Iron Valiant|
|poke|p2|Iron Moth|
|teampreview
|inactive|Battle timer is ON: inactive players will automatically lose when time's up. (requested by Nbr1bleachfan)
|
|t:|1743837994
|start
|switch|p1a: 21|Quaquaval, F|100/100
|switch|p2a: Samurott|Samurott-Hisui, F|100/100
|turn|1
|
|t:|1743838003
|move|p1a: 21|Close Combat|p2a: Samurott
|-supereffective|p2a: Samurott
|-enditem|p2a: Samurott|Focus Sash
|-damage|p2a: Samurott|1/100
|-unboost|p1a: 21|def|1
|-unboost|p1a: 21|spd|1
|move|p2a: Samurott|Ceaseless Edge|p1a: 21|[miss]
|-miss|p2a: Samurott|p1a: 21
|
|upkeep
|turn|2
|
|t:|1743838013
|move|p2a: Samurott|Ceaseless Edge|p1a: 21
|-resisted|p1a: 21
|-damage|p1a: 21|55/100
|-sidestart|p1: kldkmd|Spikes
|move|p1a: 21|Rapid Spin|p2a: Samurott
|-damage|p2a: Samurott|0 fnt
|-boost|p1a: 21|spe|1
|-sideend|p1: kldkmd|Spikes|[from] move: Rapid Spin|[of] p1a: 21
|faint|p2a: Samurott
|-ability|p1a: 21|Moxie|boost
|-boost|p1a: 21|atk|1
|
|upkeep
|
|t:|1743838026
|switch|p2a: Landorus|Landorus-Therian, M|100/100
|-ability|p2a: Landorus|Intimidate|boost
|-unboost|p1a: 21|atk|1
|turn|3
|
|t:|1743838036
|move|p1a: 21|Ice Spinner|p2a: Landorus
|-supereffective|p2a: Landorus
|-damage|p2a: Landorus|0 fnt
|-damage|p1a: 21|39/100|[from] item: Rocky Helmet|[of] p2a: Landorus
|faint|p2a: Landorus
|-ability|p1a: 21|Moxie|boost
|-boost|p1a: 21|atk|1
|
|upkeep
|
|t:|1743838047
|switch|p2a: Iron Valiant|Iron Valiant|100/100
|-enditem|p2a: Iron Valiant|Booster Energy
|-activate|p2a: Iron Valiant|ability: Quark Drive|[fromitem]
|-start|p2a: Iron Valiant|quarkdrivespe
|turn|4
|
|t:|1743838064
|move|p2a: Iron Valiant|Moonblast|p1a: 21
|-supereffective|p1a: 21
|-damage|p1a: 21|0 fnt
|faint|p1a: 21
|
|upkeep
|
|t:|1743838072
|switch|p1a: 4.|Fezandipiti, M|100/100
|turn|5
|
|t:|1743838082
|move|p2a: Iron Valiant|Psyshock|p1a: 4.
|-supereffective|p1a: 4.
|-damage|p1a: 4.|40/100
|move|p1a: 4.|Roost|p1a: 4.
|-heal|p1a: 4.|90/100
|-singleturn|p1a: 4.|move: Roost
|
|-heal|p1a: 4.|96/100|[from] item: Leftovers
|upkeep
|turn|6
|
|t:|1743838098
|move|p2a: Iron Valiant|Calm Mind|p2a: Iron Valiant
|-boost|p2a: Iron Valiant|spa|1
|-boost|p2a: Iron Valiant|spd|1
|move|p1a: 4.|Toxic|p2a: Iron Valiant
|-status|p2a: Iron Valiant|tox
|
|-heal|p1a: 4.|100/100|[from] item: Leftovers
|-damage|p2a: Iron Valiant|94/100 tox|[from] psn
|upkeep
|turn|7
|
|t:|1743838119
|move|p2a: Iron Valiant|Psyshock|p1a: 4.
|-supereffective|p1a: 4.
|-damage|p1a: 4.|20/100
|move|p1a: 4.|Roost|p1a: 4.
|-heal|p1a: 4.|70/100
|-singleturn|p1a: 4.|move: Roost
|
|-heal|p1a: 4.|76/100|[from] item: Leftovers
|-damage|p2a: Iron Valiant|82/100 tox|[from] psn
|upkeep
|turn|8
|
|t:|1743838129
|move|p2a: Iron Valiant|Psyshock|p1a: 4.
|-supereffective|p1a: 4.
|-damage|p1a: 4.|0 fnt
|faint|p1a: 4.
|
|-damage|p2a: Iron Valiant|63/100 tox|[from] psn
|upkeep
|inactive|kldkmd has 120 seconds left.
|
|t:|1743838149
|switch|p1a: 7+1|Murkrow, F|100/100
|turn|9
|
|t:|1743838153
|move|p1a: 7+1|Haze|p1a: 7+1
|-clearallboost
|move|p2a: Iron Valiant|Thunderbolt|p1a: 7+1
|-supereffective|p1a: 7+1
|-damage|p1a: 7+1|40/100
|
|-damage|p2a: Iron Valiant|38/100 tox|[from] psn
|upkeep
|turn|10
|
|t:|1743838172
|-terastallize|p2a: Iron Valiant|Electric
|move|p1a: 7+1|Tailwind|p1a: 7+1
|-sidestart|p1: kldkmd|move: Tailwind
|move|p2a: Iron Valiant|Thunderbolt|p1a: 7+1
|-supereffective|p1a: 7+1
|-damage|p1a: 7+1|0 fnt
|faint|p1a: 7+1
|
|-damage|p2a: Iron Valiant|7/100 tox|[from] psn
|upkeep
|inactive|kldkmd has 120 seconds left.
|
|t:|1743838183
|switch|p1a: 12.|Meowscarada, F|100/100
|turn|11
|
|t:|1743838197
|move|p1a: 12.|U-turn|p2a: Iron Valiant
|-start|p1a: 12.|typechange|Bug|[from] ability: Protean
|-damage|p2a: Iron Valiant|0 fnt
|faint|p2a: Iron Valiant
|-end|p2a: Iron Valiant|Quark Drive|[silent]
|inactive|kldkmd has 120 seconds left.
|
|t:|1743838207
|switch|p1a: 12~|Volcanion|100/100|[from] U-turn
|
|upkeep
|
|t:|1743838215
|switch|p2a: Zamazenta|Zamazenta|100/100
|-ability|p2a: Zamazenta|Dauntless Shield|boost
|-boost|p2a: Zamazenta|def|1
|turn|12
|
|t:|1743838224
|move|p1a: 12~|Steam Eruption|p2a: Zamazenta
|-damage|p2a: Zamazenta|59/100
|move|p2a: Zamazenta|Iron Defense|p2a: Zamazenta
|-boost|p2a: Zamazenta|def|2
|
|-heal|p2a: Zamazenta|65/100|[from] item: Leftovers
|upkeep
|turn|13
|
|t:|1743838232
|move|p1a: 12~|Steam Eruption|p2a: Zamazenta
|-crit|p2a: Zamazenta
|-damage|p2a: Zamazenta|0 fnt
|faint|p2a: Zamazenta
|
|-sideend|p1: kldkmd|move: Tailwind
|upkeep
|
|t:|1743838239
|switch|p2a: Iron Moth|Iron Moth|100/100
|-enditem|p2a: Iron Moth|Booster Energy
|-activate|p2a: Iron Moth|ability: Quark Drive|[fromitem]
|-start|p2a: Iron Moth|quarkdrivespe
|turn|14
|
|t:|1743838252
|move|p2a: Iron Moth|Sludge Wave|p1a: 12~
|-damage|p1a: 12~|43/100
|move|p1a: 12~|Steam Eruption|p2a: Iron Moth
|-supereffective|p2a: Iron Moth
|-damage|p2a: Iron Moth|0 fnt
|faint|p2a: Iron Moth
|-end|p2a: Iron Moth|Quark Drive|[silent]
|
|upkeep
|
|t:|1743838262
|switch|p2a: Kingambit|Kingambit, M|100/100
|-activate|p2a: Kingambit|ability: Supreme Overlord
|-start|p2a: Kingambit|fallen5|[silent]
|turn|15
|
|t:|1743838269
|move|p1a: 12~|Steam Eruption|p2a: Kingambit
|-damage|p2a: Kingambit|42/100
|-status|p2a: Kingambit|brn
|move|p2a: Kingambit|Kowtow Cleave|p1a: 12~
|-damage|p1a: 12~|4/100
|
|-heal|p2a: Kingambit|48/100 brn|[from] item: Leftovers
|-damage|p2a: Kingambit|42/100 brn|[from] brn
|upkeep
|turn|16
|
|t:|1743838279
|move|p2a: Kingambit|Sucker Punch|p1a: 12~
|-damage|p1a: 12~|0 fnt
|faint|p1a: 12~
|
|-heal|p2a: Kingambit|48/100 brn|[from] item: Leftovers
|-damage|p2a: Kingambit|42/100 brn|[from] brn
|upkeep
|
|t:|1743838281
|switch|p1a: 3.+|Gliscor, F|100/100
|turn|17
|
|t:|1743838290
|move|p1a: 3.+|Earthquake|p2a: Kingambit
|-supereffective|p2a: Kingambit
|-damage|p2a: Kingambit|0 fnt
|faint|p2a: Kingambit
|-end|p2a: Kingambit|fallen5|[silent]
|
|win|kldkmd
|raw|kldkmd's rating: 1147 &rarr; <strong>1172</strong><br />(+25 for winning)
|raw|Nbr1bleachfan's rating: 1148 &rarr; <strong>1123</strong><br />(-25 for losing)
|l|☆Nbr1bleachfan
|player|p2|
|l|☆kldkmd
|player|p1|
