|j|☆Liveds08
|j|☆o monstro01
|t:|1743866428
|gametype|singles
|player|p1|Liveds08|linebacker|1461
|player|p2|o monstro01|clay|1487
|teamsize|p1|6
|teamsize|p2|6
|gen|9
|tier|[Gen 9] OU
|rated|
|rule|HP Percentage Mod: HP is shown in percentages
|rule|Endless Battle Clause: Forcing endless battles is banned
|rule|Species Clause: Limit one of each Pokémon
|rule|OHKO Clause: OHKO moves are banned
|rule|Evasion Items Clause: Evasion items are banned
|rule|Evasion Moves Clause: Evasion moves are banned
|rule|Sleep Moves Clause: Sleep-inducing moves are banned
|clearpoke
|poke|p1|Brambleghast, M|
|poke|p1|Rotom-Wash|
|poke|p1|Araquanid, M|
|poke|p1|Iron Crown|
|poke|p1|Raging Bolt|
|poke|p1|Kingambit, M|
|poke|p2|Zamazenta-*|
|poke|p2|Dragonite, M|
|poke|p2|Iron Crown|
|poke|p2|Corviknight, M|
|poke|p2|Darkrai|
|poke|p2|Hatterene, F|
|teampreview
|inactive|Battle timer is ON: inactive players will automatically lose when time's up. (requested by Liveds08)
|
|t:|1743866447
|start
|switch|p1a: Araquanid|Araquanid, M|100/100
|switch|p2a: Iron Crown|Iron Crown|100/100
|turn|1
|
|t:|1743866456
|move|p2a: Iron Crown|Volt Switch|p1a: Araquanid
|-supereffective|p1a: Araquanid
|-damage|p1a: Araquanid|60/100
|
|t:|1743866460
|-end|p2a: Iron Crown|Quark Drive|[silent]
|switch|p2a: Hatterene|Hatterene, F|100/100|[from] Volt Switch
|move|p1a: Araquanid|Liquidation|p2a: Hatterene
|-damage|p2a: Hatterene|52/100
|
|-heal|p2a: Hatterene|58/100|[from] item: Leftovers
|upkeep
|turn|2
|
|t:|1743866473
|move|p1a: Araquanid|Liquidation|p2a: Hatterene
|-damage|p2a: Hatterene|8/100
|-unboost|p2a: Hatterene|def|1
|move|p2a: Hatterene|Nuzzle|p1a: Araquanid
|-supereffective|p1a: Araquanid
|-damage|p1a: Araquanid|52/100
|-status|p1a: Araquanid|par
|
|-heal|p2a: Hatterene|14/100|[from] item: Leftovers
|upkeep
|turn|3
|
|t:|1743866485
|move|p2a: Hatterene|Psyshock|p1a: Araquanid
|-damage|p1a: Araquanid|16/100 par
|move|p1a: Araquanid|Liquidation|p2a: Hatterene
|-damage|p2a: Hatterene|0 fnt
|faint|p2a: Hatterene
|
|upkeep
|
|t:|1743866497
|switch|p2a: Darkrai|Darkrai|100/100
|turn|4
|-enditem|p1a: Araquanid|Custap Berry|[eat]
|-activate|p1a: Araquanid|item: Custap Berry|[consumed]
|
|t:|1743866501
|cant|p1a: Araquanid|par
|move|p2a: Darkrai|Dark Pulse|p1a: Araquanid
|-damage|p1a: Araquanid|0 fnt
|faint|p1a: Araquanid
|
|upkeep
|
|t:|1743866514
|switch|p1a: Iron Crown|Iron Crown|100/100
|turn|5
|
|t:|1743866519
|move|p2a: Darkrai|Knock Off|p1a: Iron Crown
|-supereffective|p1a: Iron Crown
|-damage|p1a: Iron Crown|44/100
|-enditem|p1a: Iron Crown|Assault Vest|[from] move: Knock Off|[of] p2a: Darkrai
|move|p1a: Iron Crown|Focus Blast|p2a: Darkrai
|-supereffective|p2a: Darkrai
|-enditem|p2a: Darkrai|Focus Sash
|-damage|p2a: Darkrai|1/100
|
|upkeep
|turn|6
|
|t:|1743866529
|-end|p1a: Iron Crown|Quark Drive|[silent]
|switch|p1a: Kingambit|Kingambit, M|100/100
|-activate|p1a: Kingambit|ability: Supreme Overlord
|-start|p1a: Kingambit|fallen1|[silent]
|move|p2a: Darkrai|Dark Pulse|p1a: Kingambit
|-resisted|p1a: Kingambit
|-damage|p1a: Kingambit|75/100
|
|upkeep
|turn|7
|
|t:|1743866538
|switch|p2a: Zamazenta|Zamazenta|100/100
|-ability|p2a: Zamazenta|Dauntless Shield|boost
|-boost|p2a: Zamazenta|def|1
|move|p1a: Kingambit|Sucker Punch||[still]
|-fail|p1a: Kingambit
|
|upkeep
|turn|8
|
|t:|1743866547
|-end|p1a: Kingambit|fallen1|[silent]
|switch|p1a: Rotom|Rotom-Wash|100/100
|move|p2a: Zamazenta|Substitute|p2a: Zamazenta
|-start|p2a: Zamazenta|Substitute
|-damage|p2a: Zamazenta|76/100
|
|-heal|p2a: Zamazenta|82/100|[from] item: Leftovers
|upkeep
|turn|9
|
|t:|1743866556
|move|p2a: Zamazenta|Body Press|p1a: Rotom
|-damage|p1a: Rotom|52/100
|move|p1a: Rotom|Volt Switch|p2a: Zamazenta
|-activate|p2a: Zamazenta|move: Substitute|[damage]
|
|t:|1743866558
|switch|p1a: Brambleghast|Brambleghast, M|100/100|[from] Volt Switch
|
|-heal|p2a: Zamazenta|88/100|[from] item: Leftovers
|upkeep
|turn|10
|
|t:|1743866568
|move|p2a: Zamazenta|Crunch|p1a: Brambleghast
|-supereffective|p1a: Brambleghast
|-damage|p1a: Brambleghast|32/100
|move|p1a: Brambleghast|Strength Sap|p2a: Zamazenta
|-unboost|p2a: Zamazenta|atk|1
|-heal|p1a: Brambleghast|100/100
|
|-heal|p2a: Zamazenta|94/100|[from] item: Leftovers
|upkeep
|turn|11
|
|t:|1743866579
|move|p2a: Zamazenta|Crunch|p1a: Brambleghast
|-supereffective|p1a: Brambleghast
|-damage|p1a: Brambleghast|58/100
|-unboost|p1a: Brambleghast|def|1
|move|p1a: Brambleghast|Strength Sap|p2a: Zamazenta
|-unboost|p2a: Zamazenta|atk|1
|-heal|p1a: Brambleghast|100/100
|
|-heal|p2a: Zamazenta|99/100|[from] item: Leftovers
|upkeep
|turn|12
|
|t:|1743866600
|switch|p2a: Iron Crown|Iron Crown|100/100
|move|p1a: Brambleghast|Strength Sap|p2a: Iron Crown
|-unboost|p2a: Iron Crown|atk|1
|
|upkeep
|turn|13
|
|t:|1743866607
|move|p2a: Iron Crown|Psychic Noise|p1a: Brambleghast
|-damage|p1a: Brambleghast|42/100
|-start|p1a: Brambleghast|move: Heal Block
|move|p1a: Brambleghast|Poltergeist|p2a: Iron Crown
|-activate|p2a: Iron Crown|move: Poltergeist|Leftovers
|-supereffective|p2a: Iron Crown
|-damage|p2a: Iron Crown|14/100
|
|-heal|p2a: Iron Crown|20/100|[from] item: Leftovers
|upkeep
|turn|14
|
|t:|1743866619
|move|p2a: Iron Crown|Tachyon Cutter|p1a: Brambleghast
|-damage|p1a: Brambleghast|7/100
|-damage|p1a: Brambleghast|0 fnt
|faint|p1a: Brambleghast
|-hitcount|p1: Brambleghast|2
|
|-heal|p2a: Iron Crown|26/100|[from] item: Leftovers
|upkeep
|
|t:|1743866627
|switch|p1a: Iron Crown|Iron Crown|44/100
|turn|15
|
|t:|1743866631
|move|p1a: Iron Crown|Volt Switch|p2a: Iron Crown
|-crit|p2a: Iron Crown
|-damage|p2a: Iron Crown|0 fnt
|faint|p2a: Iron Crown
|-end|p2a: Iron Crown|Quark Drive|[silent]
|
|t:|1743866634
|-end|p1a: Iron Crown|Quark Drive|[silent]
|switch|p1a: Rotom|Rotom-Wash|52/100|[from] Volt Switch
|
|-heal|p1a: Rotom|58/100|[from] item: Leftovers
|upkeep
|
|t:|1743866642
|switch|p2a: Darkrai|Darkrai|1/100
|turn|16
|
|t:|1743866646
|move|p2a: Darkrai|Dark Pulse|p1a: Rotom
|-damage|p1a: Rotom|12/100
|move|p1a: Rotom|Volt Switch|p2a: Darkrai
|-damage|p2a: Darkrai|0 fnt
|faint|p2a: Darkrai
|
|t:|1743866650
|switch|p1a: Raging Bolt|Raging Bolt|100/100|[from] Volt Switch
|-enditem|p1a: Raging Bolt|Booster Energy
|-activate|p1a: Raging Bolt|ability: Protosynthesis|[fromitem]
|-start|p1a: Raging Bolt|protosynthesisspa
|
|upkeep
|
|t:|1743866661
|switch|p2a: Zamazenta|Zamazenta|99/100
|turn|17
|
|t:|1743866665
|-terastallize|p1a: Raging Bolt|Fairy
|move|p2a: Zamazenta|Body Press|p1a: Raging Bolt
|-resisted|p1a: Raging Bolt
|-damage|p1a: Raging Bolt|83/100
|move|p1a: Raging Bolt|Calm Mind|p1a: Raging Bolt
|-boost|p1a: Raging Bolt|spa|1
|-boost|p1a: Raging Bolt|spd|1
|
|-heal|p2a: Zamazenta|100/100|[from] item: Leftovers
|upkeep
|turn|18
|
|t:|1743866678
|move|p2a: Zamazenta|Body Press|p1a: Raging Bolt
|-resisted|p1a: Raging Bolt
|-damage|p1a: Raging Bolt|64/100
|move|p1a: Raging Bolt|Thunderbolt|p2a: Zamazenta
|-damage|p2a: Zamazenta|7/100
|
|-heal|p2a: Zamazenta|13/100|[from] item: Leftovers
|upkeep
|turn|19
|
|t:|1743866689
|switch|p2a: Dragonite|Dragonite, M|100/100
|move|p1a: Raging Bolt|Thunderbolt|p2a: Dragonite
|-crit|p2a: Dragonite
|-damage|p2a: Dragonite|18/100
|
|upkeep
|turn|20
|
|t:|1743866697
|move|p2a: Dragonite|Extreme Speed|p1a: Raging Bolt
|-damage|p1a: Raging Bolt|38/100
|move|p1a: Raging Bolt|Thunderbolt|p2a: Dragonite
|-damage|p2a: Dragonite|0 fnt
|faint|p2a: Dragonite
|
|upkeep
|
|t:|1743866706
|switch|p2a: Corviknight|Corviknight, M|100/100
|-ability|p2a: Corviknight|Pressure
|turn|21
|
|t:|1743866712
|-terastallize|p2a: Corviknight|Ground
|move|p1a: Raging Bolt|Thunderclap|p2a: Corviknight
|-immune|p2a: Corviknight
|move|p2a: Corviknight|Brave Bird|p1a: Raging Bolt
|-damage|p1a: Raging Bolt|3/100
|-damage|p2a: Corviknight|89/100|[from] Recoil
|
|upkeep
|turn|22
|
|t:|1743866722
|move|p1a: Raging Bolt|Dragon Pulse|p2a: Corviknight
|-damage|p2a: Corviknight|18/100
|move|p2a: Corviknight|U-turn|p1a: Raging Bolt
|-resisted|p1a: Raging Bolt
|-damage|p1a: Raging Bolt|0 fnt
|faint|p1a: Raging Bolt
|-end|p1a: Raging Bolt|Protosynthesis|[silent]
|
|t:|1743866730
|switch|p2a: Zamazenta|Zamazenta|13/100|[from] U-turn
|
|-heal|p2a: Zamazenta|19/100|[from] item: Leftovers
|upkeep
|
|t:|1743866736
|switch|p1a: Iron Crown|Iron Crown|44/100
|turn|23
|
|t:|1743866746
|move|p2a: Zamazenta|Crunch|p1a: Iron Crown
|-supereffective|p1a: Iron Crown
|-damage|p1a: Iron Crown|1/100
|move|p1a: Iron Crown|Psyshock|p2a: Zamazenta
|-supereffective|p2a: Zamazenta
|-damage|p2a: Zamazenta|0 fnt
|faint|p2a: Zamazenta
|
|upkeep
|-message|o monstro01 forfeited.
|
|win|Liveds08
|raw|Liveds08's rating: 1461 &rarr; <strong>1482</strong><br />(+21 for winning)
|raw|o monstro01's rating: 1487 &rarr; <strong>1466</strong><br />(-21 for losing)
|l|☆o monstro01
|player|p2|
|l|☆Liveds08
|player|p1|
