|j|☆Crabish29
|j|‽fxctx
|t:|1743914344
|gametype|singles
|player|p1|Crabish29|brycenman|1192
|player|p2|fxctx|acetrainerf|1124
|teamsize|p1|6
|teamsize|p2|6
|gen|9
|tier|[Gen 9] OU
|rated|
|rule|HP Percentage Mod: HP is shown in percentages
|rule|Endless Battle Clause: Forcing endless battles is banned
|rule|Species Clause: Limit one of each Pokémon
|rule|OHKO Clause: OHKO moves are banned
|rule|Evasion Items Clause: Evasion items are banned
|rule|Evasion Moves Clause: Evasion moves are banned
|rule|Sleep Moves Clause: Sleep-inducing moves are banned
|clearpoke
|poke|p1|Chandelure, F|
|poke|p1|Conkeldurr, M|
|poke|p1|Torterra, F|
|poke|p1|Grimmsnarl, M|
|poke|p1|Tentacruel, M|
|poke|p1|Salamence, F|
|poke|p2|Gholdengo|
|poke|p2|Samurott-Hisui, F|
|poke|p2|Iron Moth|
|poke|p2|Moltres|
|poke|p2|Iron Treads|
|poke|p2|Ogerpon-Wellspring, F|
|teampreview
|inactive|Battle timer is ON: inactive players will automatically lose when time's up. (requested by fxctx)
|
|t:|1743914362
|start
|switch|p1a: The big liz|Salamence, F|100/100
|switch|p2a: Gholdengo|Gholdengo|100/100
|-ability|p1a: The big liz|Intimidate|boost
|-unboost|p2a: Gholdengo|atk|1
|turn|1
|
|t:|1743914372
|move|p1a: The big liz|Earthquake|p2a: Gholdengo
|-supereffective|p2a: Gholdengo
|-damage|p2a: Gholdengo|35/100
|move|p2a: Gholdengo|Thunder Wave|p1a: The big liz
|-status|p1a: The big liz|par
|
|-heal|p2a: Gholdengo|42/100|[from] item: Leftovers
|upkeep
|turn|2
|
|t:|1743914381
|move|p2a: Gholdengo|Recover|p2a: Gholdengo
|-heal|p2a: Gholdengo|92/100
|cant|p1a: The big liz|par
|
|-heal|p2a: Gholdengo|98/100|[from] item: Leftovers
|upkeep
|turn|3
|
|t:|1743914394
|switch|p2a: Iron Treads|Iron Treads|100/100
|move|p1a: The big liz|Earthquake|p2a: Iron Treads
|-supereffective|p2a: Iron Treads
|-damage|p2a: Iron Treads|38/100
|
|upkeep
|turn|4
|
|t:|1743914402
|switch|p1a: Squidward|Tentacruel, M|100/100
|move|p2a: Iron Treads|Ice Spinner|p1a: Squidward
|-resisted|p1a: Squidward
|-damage|p1a: Squidward|82/100
|
|-heal|p1a: Squidward|88/100|[from] item: Leftovers
|upkeep
|turn|5
|
|t:|1743914413
|-end|p2a: Iron Treads|Quark Drive|[silent]
|switch|p2a: Gholdengo|Gholdengo|98/100
|move|p1a: Squidward|Hydro Pump|p2a: Gholdengo
|-damage|p2a: Gholdengo|50/100
|
|-heal|p1a: Squidward|94/100|[from] item: Leftovers
|-heal|p2a: Gholdengo|56/100|[from] item: Leftovers
|upkeep
|turn|6
|
|t:|1743914427
|switch|p1a: Turt boi|Torterra, F|100/100
|move|p2a: Gholdengo|Thunder Wave|p1a: Turt boi
|-immune|p1a: Turt boi
|
|-heal|p2a: Gholdengo|62/100|[from] item: Leftovers
|upkeep
|turn|7
|
|t:|1743914436
|switch|p2a: Moltres|Moltres|100/100
|move|p1a: Turt boi|Stealth Rock|p2a: Moltres
|-sidestart|p2: fxctx|move: Stealth Rock
|
|upkeep
|turn|8
|
|t:|1743914446
|switch|p1a: Squidward|Tentacruel, M|94/100
|move|p2a: Moltres|Will-O-Wisp|p1a: Squidward|[miss]
|-miss|p2a: Moltres|p1a: Squidward
|
|-heal|p1a: Squidward|99/100|[from] item: Leftovers
|upkeep
|turn|9
|-message|fxctx forfeited.
|
|win|Crabish29
|raw|Crabish29's rating: 1192 &rarr; <strong>1212</strong><br />(+20 for winning)
|raw|fxctx's rating: 1124 &rarr; <strong>1104</strong><br />(-20 for losing)
|l|‽fxctx
|player|p2|
|l|☆Crabish29
|player|p1|
