|j|☆timmy973
|j|☆Glubabal
|t:|1743862325
|gametype|singles
|player|p1|timmy973|102|1116
|player|p2|Glubabal|unknown|1144
|teamsize|p1|6
|teamsize|p2|6
|gen|9
|tier|[Gen 9] OU
|rated|
|rule|HP Percentage Mod: HP is shown in percentages
|rule|Endless Battle Clause: Forcing endless battles is banned
|rule|Species Clause: Limit one of each Pokémon
|rule|OHKO Clause: OHKO moves are banned
|rule|Evasion Items Clause: Evasion items are banned
|rule|Evasion Moves Clause: Evasion moves are banned
|rule|Sleep Moves Clause: Sleep-inducing moves are banned
|clearpoke
|poke|p1|Lucario, F|
|poke|p1|Garganacl, F|
|poke|p1|Okidogi, M|
|poke|p1|Glimmora, F|
|poke|p1|Ting-Lu|
|poke|p1|Iron Boulder|
|poke|p2|Komala, M|
|poke|p2|Copperajah, M|
|poke|p2|Comfey, F|
|poke|p2|Dudunsparce-*, M|
|poke|p2|Meganium, F|
|poke|p2|Breloom, F|
|teampreview
|
|t:|1743862344
|start
|switch|p1a: Glimmora|Glimmora, F|100/100
|switch|p2a: Meganium|Meganium, F|100/100
|-item|p1a: Glimmora|Air Balloon
|turn|1
|
|t:|1743862353
|move|p1a: Glimmora|Sludge Wave|p2a: Meganium
|-supereffective|p2a: Meganium
|-damage|p2a: Meganium|0 fnt
|faint|p2a: Meganium
|
|upkeep
|inactive|Battle timer is ON: inactive players will automatically lose when time's up. (requested by timmy973)
|
|t:|1743862363
|switch|p2a: Copperajah|Copperajah, M|100/100
|turn|2
|
|t:|1743862372
|switch|p1a: Ting-Lu|Ting-Lu|100/100
|-ability|p1a: Ting-Lu|Vessel of Ruin
|move|p2a: Copperajah|Iron Head|p1a: Ting-Lu
|-damage|p1a: Ting-Lu|70/100
|
|upkeep
|turn|3
|
|t:|1743862381
|move|p1a: Ting-Lu|Ruination|p2a: Copperajah
|-damage|p2a: Copperajah|50/100
|move|p2a: Copperajah|Play Rough|p1a: Ting-Lu
|-supereffective|p1a: Ting-Lu
|-crit|p1a: Ting-Lu
|-damage|p1a: Ting-Lu|3/100
|
|upkeep
|turn|4
|
|t:|1743862390
|move|p1a: Ting-Lu|Earthquake|p2a: Copperajah
|-supereffective|p2a: Copperajah
|-damage|p2a: Copperajah|0 fnt
|faint|p2a: Copperajah
|
|upkeep
|
|t:|1743862392
|switch|p2a: Comfey|Comfey, F|100/100
|turn|5
|
|t:|1743862397
|move|p2a: Comfey|Calm Mind|p2a: Comfey
|-boost|p2a: Comfey|spa|1
|-boost|p2a: Comfey|spd|1
|move|p1a: Ting-Lu|Earthquake|p2a: Comfey
|-damage|p2a: Comfey|55/100
|
|upkeep
|turn|6
|
|t:|1743862403
|move|p2a: Comfey|Draining Kiss|p1a: Ting-Lu
|-supereffective|p1a: Ting-Lu
|-damage|p1a: Ting-Lu|0 fnt
|-heal|p2a: Comfey|60/100|[from] drain|[of] p1a: Ting-Lu
|faint|p1a: Ting-Lu
|
|upkeep
|
|t:|1743862408
|switch|p1a: Glimmora|Glimmora, F|100/100
|-item|p1a: Glimmora|Air Balloon
|turn|7
|
|t:|1743862413
|switch|p2a: Komala|Komala, M|100/100
|-ability|p2a: Komala|Comatose
|move|p1a: Glimmora|Sludge Wave|p2a: Komala
|-damage|p2a: Komala|44/100
|-enditem|p2a: Komala|Sitrus Berry|[eat]
|-heal|p2a: Komala|69/100|[from] item: Sitrus Berry
|
|upkeep
|turn|8
|
|t:|1743862420
|switch|p1a: Garganacl|Garganacl, F|100/100
|move|p2a: Komala|Double-Edge|p1a: Garganacl
|-resisted|p1a: Garganacl
|-crit|p1a: Garganacl
|-damage|p1a: Garganacl|78/100
|-damage|p2a: Komala|60/100|[from] Recoil
|
|-heal|p1a: Garganacl|85/100|[from] item: Leftovers
|upkeep
|turn|9
|
|t:|1743862425
|move|p2a: Komala|Bulk Up|p2a: Komala
|-boost|p2a: Komala|atk|1
|-boost|p2a: Komala|def|1
|move|p1a: Garganacl|Salt Cure|p2a: Komala
|-damage|p2a: Komala|47/100
|-start|p2a: Komala|Salt Cure
|
|-heal|p1a: Garganacl|91/100|[from] item: Leftovers
|-damage|p2a: Komala|34/100|[from] Salt Cure
|upkeep
|turn|10
|
|t:|1743862431
|-terastallize|p1a: Garganacl|Fighting
|move|p2a: Komala|Double-Edge|p1a: Garganacl
|-damage|p1a: Garganacl|43/100
|-damage|p2a: Komala|15/100|[from] Recoil
|move|p1a: Garganacl|Body Press|p2a: Komala
|-supereffective|p2a: Komala
|-damage|p2a: Komala|0 fnt
|faint|p2a: Komala
|
|-heal|p1a: Garganacl|49/100|[from] item: Leftovers
|upkeep
|
|t:|1743862438
|switch|p2a: Dudunsparce|Dudunsparce-Three-Segment, M|100/100
|turn|11
|
|t:|1743862444
|move|p2a: Dudunsparce|Boomburst|p1a: Garganacl
|-damage|p1a: Garganacl|0 fnt
|faint|p1a: Garganacl
|-enditem|p2a: Dudunsparce|Throat Spray
|-boost|p2a: Dudunsparce|spa|1|[from] item: Throat Spray
|
|upkeep
|inactive|timmy973 has 120 seconds left.
|
|t:|1743862475
|switch|p1a: Glimmora|Glimmora, F|100/100
|-item|p1a: Glimmora|Air Balloon
|turn|12
|
|t:|1743862496
|move|p1a: Glimmora|Sludge Wave|p2a: Dudunsparce
|-damage|p2a: Dudunsparce|49/100
|move|p2a: Dudunsparce|Glare|p1a: Glimmora
|-status|p1a: Glimmora|par
|
|upkeep
|turn|13
|
|t:|1743862503
|move|p2a: Dudunsparce|Boomburst|p1a: Glimmora
|-resisted|p1a: Glimmora
|-damage|p1a: Glimmora|35/100 par
|-enditem|p1a: Glimmora|Air Balloon
|move|p1a: Glimmora|Sludge Wave|p2a: Dudunsparce
|-damage|p2a: Dudunsparce|0 fnt
|faint|p2a: Dudunsparce
|
|upkeep
|
|t:|1743862523
|switch|p2a: Breloom|Breloom, F|100/100
|turn|14
|inactive|Glubabal has 120 seconds left.
|
|t:|1743862542
|move|p2a: Breloom|Substitute|p2a: Breloom
|-start|p2a: Breloom|Substitute
|-damage|p2a: Breloom|75/100
|move|p1a: Glimmora|Sludge Wave|p2a: Breloom
|-supereffective|p2a: Breloom
|-end|p2a: Breloom|Substitute
|
|-heal|p2a: Breloom|82/100|[from] item: Leftovers
|upkeep
|turn|15
|
|t:|1743862549
|move|p2a: Breloom|Substitute|p2a: Breloom
|-start|p2a: Breloom|Substitute
|-damage|p2a: Breloom|57/100
|cant|p1a: Glimmora|par
|
|-heal|p2a: Breloom|63/100|[from] item: Leftovers
|upkeep
|turn|16
|
|t:|1743862552
|move|p2a: Breloom|Leech Seed|p1a: Glimmora
|-start|p1a: Glimmora|move: Leech Seed
|move|p1a: Glimmora|Sludge Wave|p2a: Breloom
|-supereffective|p2a: Breloom
|-end|p2a: Breloom|Substitute
|
|-heal|p2a: Breloom|69/100|[from] item: Leftovers
|-damage|p1a: Glimmora|23/100 par|[from] Leech Seed|[of] p2a: Breloom
|-heal|p2a: Breloom|81/100|[silent]
|upkeep
|turn|17
|
|t:|1743862563
|move|p2a: Breloom|Substitute|p2a: Breloom
|-start|p2a: Breloom|Substitute
|-damage|p2a: Breloom|56/100
|move|p1a: Glimmora|Sludge Wave|p2a: Breloom
|-supereffective|p2a: Breloom
|-end|p2a: Breloom|Substitute
|
|-heal|p2a: Breloom|62/100|[from] item: Leftovers
|-damage|p1a: Glimmora|11/100 par|[from] Leech Seed|[of] p2a: Breloom
|-heal|p2a: Breloom|74/100|[silent]
|upkeep
|turn|18
|
|t:|1743862566
|move|p2a: Breloom|Substitute|p2a: Breloom
|-start|p2a: Breloom|Substitute
|-damage|p2a: Breloom|49/100
|move|p1a: Glimmora|Sludge Wave|p2a: Breloom
|-supereffective|p2a: Breloom
|-end|p2a: Breloom|Substitute
|
|-heal|p2a: Breloom|55/100|[from] item: Leftovers
|-damage|p1a: Glimmora|0 fnt|[from] Leech Seed|[of] p2a: Breloom
|-heal|p2a: Breloom|64/100|[silent]
|faint|p1a: Glimmora
|upkeep
|
|t:|1743862569
|switch|p1a: Okidogi|Okidogi, M|100/100
|turn|19
|
|t:|1743862572
|move|p2a: Breloom|Leech Seed|p1a: Okidogi
|-start|p1a: Okidogi|move: Leech Seed
|move|p1a: Okidogi|Poison Jab|p2a: Breloom
|-supereffective|p2a: Breloom
|-damage|p2a: Breloom|0 fnt
|faint|p2a: Breloom
|
|upkeep
|
|t:|1743862576
|switch|p2a: Comfey|Comfey, F|60/100
|turn|20
|
|t:|1743862587
|-terastallize|p2a: Comfey|Fairy
|move|p2a: Comfey|Draining Kiss|p1a: Okidogi
|-damage|p1a: Okidogi|65/100
|-heal|p2a: Comfey|100/100|[from] drain|[of] p1a: Okidogi
|move|p1a: Okidogi|Poison Jab|p2a: Comfey
|-supereffective|p2a: Comfey
|-damage|p2a: Comfey|1/100
|
|-heal|p1a: Okidogi|71/100|[from] item: Black Sludge
|-damage|p1a: Okidogi|58/100|[from] Leech Seed|[of] p2a: Comfey
|-heal|p2a: Comfey|26/100|[silent]
|upkeep
|turn|21
|
|t:|1743862595
|move|p2a: Comfey|Draining Kiss|p1a: Okidogi
|-damage|p1a: Okidogi|24/100
|-heal|p2a: Comfey|79/100|[from] drain|[of] p1a: Okidogi
|move|p1a: Okidogi|Poison Jab|p2a: Comfey
|-supereffective|p2a: Comfey
|-damage|p2a: Comfey|0 fnt
|faint|p2a: Comfey
|
|win|timmy973
|raw|timmy973's rating: 1137 &rarr; <strong>1163</strong><br />(+26 for winning)
|raw|Glubabal's rating: 1144 &rarr; <strong>1118</strong><br />(-26 for losing)
|l|☆Glubabal
|player|p2|
