|j|☆dinobinoid7
|j|☆Kyle Shmelvin
|t:|1743917795
|gametype|singles
|player|p1|dinobinoid7|benga|1066
|player|p2|Kyle Shmelvin|scientistf|1072
|teamsize|p1|6
|teamsize|p2|6
|gen|9
|tier|[Gen 9] OU
|rated|
|rule|HP Percentage Mod: HP is shown in percentages
|rule|Endless Battle Clause: Forcing endless battles is banned
|rule|Species Clause: Limit one of each Pokémon
|rule|OHKO Clause: OHKO moves are banned
|rule|Evasion Items Clause: Evasion items are banned
|rule|Evasion Moves Clause: Evasion moves are banned
|rule|Sleep Moves Clause: Sleep-inducing moves are banned
|clearpoke
|poke|p1|Excadrill, F|
|poke|p1|Salazzle, F|
|poke|p1|Dragapult, F|
|poke|p1|Ribombee, M|
|poke|p1|Weavile, M|
|poke|p1|Quaquaval, M|
|poke|p2|Moltres|
|poke|p2|Blissey, F|
|poke|p2|Kyurem|
|poke|p2|Kingambit, F|
|poke|p2|Dragonite, M|
|poke|p2|Metagross|
|teampreview
|inactive|Battle timer is ON: inactive players will automatically lose when time's up. (requested by dinobinoid7)
|
|t:|1743917807
|start
|switch|p1a: Ribombee|Ribombee, M, shiny|100/100
|switch|p2a: Metagross|Metagross|100/100
|turn|1
|
|t:|1743917812
|move|p2a: Metagross|Iron Head|p1a: Ribombee
|-supereffective|p1a: Ribombee
|-enditem|p1a: Ribombee|Focus Sash
|-damage|p1a: Ribombee|1/100
|move|p1a: Ribombee|Sticky Web|p2a: Metagross
|-sidestart|p2: Kyle Shmelvin|move: Sticky Web
|
|upkeep
|turn|2
|
|t:|1743917817
|move|p2a: Metagross|Iron Head|p1a: Ribombee
|-supereffective|p1a: Ribombee
|-damage|p1a: Ribombee|0 fnt
|faint|p1a: Ribombee
|
|upkeep
|
|t:|1743917836
|switch|p1a: Salazzle|Salazzle, F, shiny|100/100
|turn|3
|
|t:|1743917857
|switch|p2a: Blissey|Blissey, F, shiny|100/100
|move|p1a: Salazzle|Toxic|p2a: Blissey
|-status|p2a: Blissey|tox
|
|-damage|p2a: Blissey|94/100 tox|[from] psn
|upkeep
|turn|4
|j| raines best friend
|
|t:|1743917865
|move|p1a: Salazzle|Nasty Plot|p1a: Salazzle
|-boost|p1a: Salazzle|spa|2
|move|p2a: Blissey|Seismic Toss|p1a: Salazzle
|-damage|p1a: Salazzle|64/100
|
|-heal|p1a: Salazzle|71/100|[from] item: Black Sludge
|-damage|p2a: Blissey|82/100 tox|[from] psn
|upkeep
|turn|5
|
|t:|1743917869
|move|p1a: Salazzle|Nasty Plot|p1a: Salazzle
|-boost|p1a: Salazzle|spa|2
|move|p2a: Blissey|Seismic Toss|p1a: Salazzle
|-damage|p1a: Salazzle|34/100
|
|-heal|p1a: Salazzle|41/100|[from] item: Black Sludge
|-damage|p2a: Blissey|64/100 tox|[from] psn
|upkeep
|turn|6
|l| raines best friend
|
|t:|1743917874
|move|p1a: Salazzle|Sludge Bomb|p2a: Blissey
|-crit|p2a: Blissey
|-damage|p2a: Blissey|3/100 tox
|move|p2a: Blissey|Seismic Toss|p1a: Salazzle
|-damage|p1a: Salazzle|4/100
|
|-heal|p1a: Salazzle|11/100|[from] item: Black Sludge
|-damage|p2a: Blissey|0 fnt|[from] psn
|faint|p2a: Blissey
|upkeep
|
|t:|1743917892
|switch|p2a: Metagross|Metagross|100/100
|-activate|p2a: Metagross|move: Sticky Web
|-fail|p2a: Metagross|unboost|[from] ability: Clear Body|[of] p2a: Metagross
|turn|7
|
|t:|1743917904
|move|p2a: Metagross|Knock Off|p1a: Salazzle
|-damage|p1a: Salazzle|0 fnt
|-enditem|p1a: Salazzle|Black Sludge|[from] move: Knock Off|[of] p2a: Metagross
|faint|p1a: Salazzle
|
|upkeep
|
|t:|1743917909
|switch|p1a: Quaquaval|Quaquaval, M, shiny|100/100
|turn|8
|
|t:|1743917919
|switch|p2a: Moltres|Moltres, shiny|100/100
|move|p1a: Quaquaval|Aqua Step|p2a: Moltres
|-supereffective|p2a: Moltres
|-damage|p2a: Moltres|31/100
|-boost|p1a: Quaquaval|spe|1
|-damage|p1a: Quaquaval|91/100|[from] item: Life Orb
|
|upkeep
|turn|9
|
|t:|1743917931
|move|p1a: Quaquaval|Knock Off|p2a: Moltres
|-damage|p2a: Moltres|0 fnt
|-enditem|p2a: Moltres|Heavy-Duty Boots|[from] move: Knock Off|[of] p1a: Quaquaval
|faint|p2a: Moltres
|-ability|p1a: Quaquaval|Moxie|boost
|-boost|p1a: Quaquaval|atk|1
|-damage|p1a: Quaquaval|81/100|[from] item: Life Orb
|
|upkeep
|
|t:|1743917940
|switch|p2a: Metagross|Metagross|100/100
|-activate|p2a: Metagross|move: Sticky Web
|-fail|p2a: Metagross|unboost|[from] ability: Clear Body|[of] p2a: Metagross
|turn|10
|
|t:|1743917945
|-terastallize|p1a: Quaquaval|Steel
|move|p1a: Quaquaval|Knock Off|p2a: Metagross
|-supereffective|p2a: Metagross
|-damage|p2a: Metagross|0 fnt
|-enditem|p2a: Metagross|Choice Scarf|[from] move: Knock Off|[of] p1a: Quaquaval
|faint|p2a: Metagross
|-ability|p1a: Quaquaval|Moxie|boost
|-boost|p1a: Quaquaval|atk|1
|-damage|p1a: Quaquaval|71/100|[from] item: Life Orb
|
|upkeep
|
|t:|1743917953
|switch|p2a: Kyurem|Kyurem, shiny|100/100
|-ability|p2a: Kyurem|Pressure
|turn|11
|
|t:|1743917958
|-terastallize|p2a: Kyurem|Ground
|move|p1a: Quaquaval|Brick Break|p2a: Kyurem
|-damage|p2a: Kyurem|4/100
|-damage|p1a: Quaquaval|61/100|[from] item: Life Orb
|move|p2a: Kyurem|Earth Power|p1a: Quaquaval
|-supereffective|p1a: Quaquaval
|-damage|p1a: Quaquaval|0 fnt
|faint|p1a: Quaquaval
|
|upkeep
|
|t:|1743917985
|switch|p1a: Excadrill|Excadrill, F, shiny|100/100
|-ability|p1a: Excadrill|Mold Breaker
|-item|p1a: Excadrill|Air Balloon
|turn|12
|
|t:|1743917992
|move|p2a: Kyurem|Ice Beam|p1a: Excadrill
|-damage|p1a: Excadrill|44/100
|-enditem|p1a: Excadrill|Air Balloon
|move|p1a: Excadrill|Iron Head|p2a: Kyurem
|-damage|p2a: Kyurem|0 fnt
|faint|p2a: Kyurem
|
|upkeep
|
|t:|1743917998
|switch|p2a: Dragonite|Dragonite, M|100/100
|turn|13
|
|t:|1743918005
|move|p2a: Dragonite|Dragon Dance|p2a: Dragonite
|-boost|p2a: Dragonite|atk|1
|-boost|p2a: Dragonite|spe|1
|move|p1a: Excadrill|Rapid Spin|p2a: Dragonite
|-damage|p2a: Dragonite|79/100
|-boost|p1a: Excadrill|spe|1
|
|upkeep
|turn|14
|
|t:|1743918009
|move|p2a: Dragonite|Dragon Dance|p2a: Dragonite
|-boost|p2a: Dragonite|atk|1
|-boost|p2a: Dragonite|spe|1
|move|p1a: Excadrill|Iron Head|p2a: Dragonite
|-damage|p2a: Dragonite|35/100
|
|upkeep
|turn|15
|
|t:|1743918016
|move|p2a: Dragonite|Earthquake|p1a: Excadrill
|-supereffective|p1a: Excadrill
|-damage|p1a: Excadrill|0 fnt
|faint|p1a: Excadrill
|
|upkeep
|
|t:|1743918018
|switch|p1a: Weavile|Weavile, M|100/100
|turn|16
|
|t:|1743918025
|move|p2a: Dragonite|Extreme Speed|p1a: Weavile
|-damage|p1a: Weavile|0 fnt
|faint|p1a: Weavile
|
|upkeep
|
|t:|1743918028
|switch|p1a: Dragapult|Dragapult, F|100/100
|turn|17
|
|t:|1743918030
|move|p2a: Dragonite|Ice Spinner|p1a: Dragapult
|-supereffective|p1a: Dragapult
|-damage|p1a: Dragapult|0 fnt
|faint|p1a: Dragapult
|
|win|Kyle Shmelvin
|raw|dinobinoid7's rating: 1066 &rarr; <strong>1046</strong><br />(-20 for losing)
|raw|Kyle Shmelvin's rating: 1072 &rarr; <strong>1101</strong><br />(+29 for winning)
|l|☆dinobinoid7
|player|p1|
|l|☆Kyle Shmelvin
|player|p2|
