|j|☆kqami
|j|☆Megantheetrainor
|t:|1743884003
|gametype|singles
|player|p1|kqami|steven|1138
|player|p2|Megantheetrainor|swimmerf|1147
|teamsize|p1|6
|teamsize|p2|6
|gen|9
|tier|[Gen 9] OU
|rated|
|rule|HP Percentage Mod: HP is shown in percentages
|rule|Endless Battle Clause: Forcing endless battles is banned
|rule|Species Clause: Limit one of each Pokémon
|rule|OHKO Clause: OHKO moves are banned
|rule|Evasion Items Clause: Evasion items are banned
|rule|Evasion Moves Clause: Evasion moves are banned
|rule|Sleep Moves Clause: Sleep-inducing moves are banned
|clearpoke
|poke|p1|Ceruledge, M|
|poke|p1|Rillaboom, M|
|poke|p1|Greninja-*, M|
|poke|p1|Spidops, M|
|poke|p1|Electivire, M|
|poke|p1|Iron Crown|
|poke|p2|Garganacl, M|
|poke|p2|Cinderace, M|
|poke|p2|Great Tusk|
|poke|p2|Iron Boulder|
|poke|p2|Tornadus-Therian, M|
|poke|p2|Iron Valiant|
|teampreview
|inactive|Battle timer is ON: inactive players will automatically lose when time's up. (requested by kqami)
|
|t:|1743884023
|start
|switch|p1a: Spiderman|Spidops, M, shiny|100/100
|switch|p2a: Mr Legs|Cinderace, M|100/100
|turn|1
|
|t:|1743884029
|move|p2a: Mr Legs|Pyro Ball|p1a: Spiderman
|-supereffective|p1a: Spiderman
|-damage|p1a: Spiderman|0 fnt
|faint|p1a: Spiderman
|
|upkeep
|
|t:|1743884034
|switch|p1a: Greninja|Greninja, M|100/100
|turn|2
|
|t:|1743884058
|switch|p2a: Rooster in my rari|Tornadus-Therian, M|100/100
|-terastallize|p1a: Greninja|Water
|move|p1a: Greninja|Surf|p2a: Rooster in my rari
|-damage|p2a: Rooster in my rari|30/100
|
|upkeep
|turn|3
|c|☆Megantheetrainor|I'm noticing I am weak to water types
|c|☆Megantheetrainor|dire team
|inactive|Megantheetrainor has 120 seconds left.
|c|☆kqami|yeah kinda
|c|☆kqami|only 2 mons r not weak to water
|inactive|Megantheetrainor has 90 seconds left.
|
|t:|1743884113
|move|p1a: Greninja|Surf|p2a: Rooster in my rari
|-damage|p2a: Rooster in my rari|0 fnt
|faint|p2a: Rooster in my rari
|-ability|p1a: Greninja|Battle Bond|boost
|-boost|p1a: Greninja|atk|1
|-boost|p1a: Greninja|spa|1
|-boost|p1a: Greninja|spe|1
|-activate|p1a: Greninja|ability: Battle Bond
|
|upkeep
|inactive|Megantheetrainor has 90 seconds left.
|
|t:|1743884125
|switch|p2a: Mr Legs|Cinderace, M|100/100
|turn|4
|
|t:|1743884127
|move|p2a: Mr Legs|Sucker Punch|p1a: Greninja
|-start|p2a: Mr Legs|typechange|Dark|[from] ability: Libero
|-damage|p1a: Greninja|43/100
|move|p1a: Greninja|Surf|p2a: Mr Legs
|-damage|p2a: Mr Legs|0 fnt
|faint|p2a: Mr Legs
|
|upkeep
|inactive|Megantheetrainor has 90 seconds left.
|c|☆Megantheetrainor|forgot he gets a boots after KO
|c|☆Megantheetrainor|I am f u c k e d
|
|t:|1743884149
|switch|p2a: Mr Garg.|Garganacl, M|100/100
|turn|5
|
|t:|1743884151
|-terastallize|p2a: Mr Garg.|Water
|move|p1a: Greninja|Surf|p2a: Mr Garg.
|-resisted|p2a: Mr Garg.
|-damage|p2a: Mr Garg.|75/100
|move|p2a: Mr Garg.|Salt Cure|p1a: Greninja
|-damage|p1a: Greninja|20/100
|-start|p1a: Greninja|Salt Cure
|
|-heal|p2a: Mr Garg.|81/100|[from] item: Leftovers
|-damage|p1a: Greninja|0 fnt|[from] Salt Cure
|faint|p1a: Greninja
|upkeep
|
|t:|1743884161
|switch|p1a: Rillaboom|Rillaboom, M|100/100
|-fieldstart|move: Grassy Terrain|[from] ability: Grassy Surge|[of] p1a: Rillaboom
|turn|6
|
|t:|1743884167
|move|p1a: Rillaboom|Wood Hammer|p2a: Mr Garg.
|-supereffective|p2a: Mr Garg.
|-damage|p2a: Mr Garg.|0 fnt
|faint|p2a: Mr Garg.
|-damage|p1a: Rillaboom|69/100|[from] Recoil
|
|-heal|p1a: Rillaboom|75/100|[from] Grassy Terrain
|upkeep
|
|t:|1743884171
|switch|p2a: Insane Tren|Iron Boulder|100/100
|-enditem|p2a: Insane Tren|Booster Energy
|-activate|p2a: Insane Tren|ability: Quark Drive|[fromitem]
|-start|p2a: Insane Tren|quarkdrivespe
|turn|7
|
|t:|1743884181
|switch|p1a: Electivire|Electivire, M|100/100
|move|p2a: Insane Tren|Zen Headbutt|p1a: Electivire
|-damage|p1a: Electivire|35/100
|
|-heal|p1a: Electivire|41/100|[from] Grassy Terrain
|upkeep
|turn|8
|
|t:|1743884188
|move|p2a: Insane Tren|Mighty Cleave|p1a: Electivire
|-damage|p1a: Electivire|0 fnt
|faint|p1a: Electivire
|
|upkeep
|
|t:|1743884191
|switch|p1a: Rillaboom|Rillaboom, M|75/100
|turn|9
|inactive|Megantheetrainor has 120 seconds left.
|-message|Megantheetrainor forfeited.
|
|win|kqami
|raw|kqami's rating: 1138 &rarr; <strong>1164</strong><br />(+26 for winning)
|raw|Megantheetrainor's rating: 1147 &rarr; <strong>1121</strong><br />(-26 for losing)
|l|☆Megantheetrainor
|player|p2|
|l|☆kqami
|player|p1|
