|j|‽KishonIWNL
|j|☆OSAKA 2026
|t:|1743834745
|gametype|singles
|player|p1|KishonIWNL|265|1591
|player|p2|OSAKA 2026|backpackerf|1677
|teamsize|p1|6
|teamsize|p2|6
|gen|9
|tier|[Gen 9] OU
|rated|
|rule|HP Percentage Mod: HP is shown in percentages
|rule|Endless Battle Clause: Forcing endless battles is banned
|rule|Species Clause: Limit one of each Pokémon
|rule|OHKO Clause: OHKO moves are banned
|rule|Evasion Items Clause: Evasion items are banned
|rule|Evasion Moves Clause: Evasion moves are banned
|rule|Sleep Moves Clause: Sleep-inducing moves are banned
|clearpoke
|poke|p1|Kingambit, F|
|poke|p1|Zapdos|
|poke|p1|Slowking-Galar, M|
|poke|p1|Great Tusk|
|poke|p1|Zamazenta-*|
|poke|p1|Ogerpon-Wellspring, F|
|poke|p2|Kyurem|
|poke|p2|Ogerpon-Wellspring, F|
|poke|p2|Scizor, F|
|poke|p2|Moltres|
|poke|p2|Great Tusk|
|poke|p2|Muk-Alola, F|
|teampreview
|
|t:|1743834786
|start
|switch|p1a: Zapdos|Zapdos|100/100
|switch|p2a: Hebi|Scizor, F|100/100
|turn|1
|
|t:|1743834818
|move|p1a: Zapdos|Thunder Wave|p2a: Hebi
|-status|p2a: Hebi|par
|cant|p2a: Hebi|par
|
|upkeep
|turn|2
|c|☆OSAKA 2026|XDDD
|inactive|Battle timer is ON: inactive players will automatically lose when time's up. (requested by OSAKA 2026)
|
|t:|1743834862
|move|p1a: Zapdos|Volt Switch|p2a: Hebi
|-damage|p2a: Hebi|69/100 par
|
|t:|1743834886
|switch|p1a: Great Tusk|Great Tusk|100/100|[from] Volt Switch
|move|p2a: Hebi|Knock Off|p1a: Great Tusk
|-resisted|p1a: Great Tusk
|-damage|p1a: Great Tusk|79/100
|-enditem|p1a: Great Tusk|Heavy-Duty Boots|[from] move: Knock Off|[of] p2a: Hebi
|
|upkeep
|turn|3
|
|t:|1743834896
|switch|p2a: Greatest Summon|Great Tusk|100/100
|move|p1a: Great Tusk|Headlong Rush|p2a: Greatest Summon
|-damage|p2a: Greatest Summon|65/100
|-unboost|p1a: Great Tusk|def|1
|-unboost|p1a: Great Tusk|spd|1
|
|-heal|p2a: Greatest Summon|71/100|[from] item: Leftovers
|upkeep
|turn|4
|
|t:|1743834907
|-end|p1a: Great Tusk|Protosynthesis|[silent]
|switch|p1a: Zapdos|Zapdos|100/100
|move|p2a: Greatest Summon|Stealth Rock|p1a: Zapdos
|-sidestart|p1: KishonIWNL|move: Stealth Rock
|
|-heal|p2a: Greatest Summon|77/100|[from] item: Leftovers
|upkeep
|turn|5
|
|t:|1743834912
|-end|p2a: Greatest Summon|Protosynthesis|[silent]
|switch|p2a: Three-Way Deadlock|Muk-Alola, F|100/100
|move|p1a: Zapdos|Hurricane|p2a: Three-Way Deadlock|[miss]
|-miss|p1a: Zapdos|p2a: Three-Way Deadlock
|
|upkeep
|turn|6
|j| m0chaman_829
|
|t:|1743834918
|move|p1a: Zapdos|Volt Switch|p2a: Three-Way Deadlock
|-damage|p2a: Three-Way Deadlock|82/100
|j| frindlebabbin
|
|t:|1743834926
|switch|p1a: Kingambit|Kingambit, F|100/100|[from] Volt Switch
|-damage|p1a: Kingambit|94/100|[from] Stealth Rock
|move|p2a: Three-Way Deadlock|Poison Fang|p1a: Kingambit
|-immune|p1a: Kingambit
|
|-heal|p2a: Three-Way Deadlock|88/100|[from] item: Leftovers
|upkeep
|turn|7
|
|t:|1743834933
|move|p1a: Kingambit|Iron Head|p2a: Three-Way Deadlock
|-damage|p2a: Three-Way Deadlock|36/100
|cant|p2a: Three-Way Deadlock|flinch
|
|-heal|p2a: Three-Way Deadlock|42/100|[from] item: Leftovers
|upkeep
|turn|8
|
|t:|1743834944
|switch|p2a: Taka|Moltres|100/100
|move|p1a: Kingambit|Iron Head|p2a: Taka
|-resisted|p2a: Taka
|-damage|p2a: Taka|85/100
|
|upkeep
|turn|9
|
|t:|1743834949
|-end|p1a: Kingambit|fallenundefined|[silent]
|switch|p1a: Zapdos|Zapdos|100/100
|move|p2a: Taka|U-turn|p1a: Zapdos
|-resisted|p1a: Zapdos
|-damage|p1a: Zapdos|95/100
|
|t:|1743834951
|switch|p2a: Bijuu|Kyurem, shiny|100/100|[from] U-turn
|-ability|p2a: Bijuu|Pressure
|
|upkeep
|turn|10
|
|t:|1743834956
|switch|p2a: Three-Way Deadlock|Muk-Alola, F|42/100
|switch|p1a: Slowking|Slowking-Galar, M|100/100
|-damage|p1a: Slowking|88/100|[from] Stealth Rock
|
|-heal|p2a: Three-Way Deadlock|48/100|[from] item: Leftovers
|upkeep
|turn|11
|
|t:|1743834964
|switch|p1a: Kingambit|Kingambit, F|94/100
|-damage|p1a: Kingambit|88/100|[from] Stealth Rock
|move|p2a: Three-Way Deadlock|Knock Off|p1a: Kingambit
|-resisted|p1a: Kingambit
|-damage|p1a: Kingambit|75/100
|-enditem|p1a: Kingambit|Lum Berry|[from] move: Knock Off|[of] p2a: Three-Way Deadlock
|
|-heal|p2a: Three-Way Deadlock|54/100|[from] item: Leftovers
|upkeep
|turn|12
|c| frindlebabbin|no sacking the featured shitmon today
|
|t:|1743834976
|switch|p2a: Taka|Moltres|85/100
|move|p1a: Kingambit|Iron Head|p2a: Taka
|-resisted|p2a: Taka
|-damage|p2a: Taka|69/100
|-status|p1a: Kingambit|brn|[from] ability: Flame Body|[of] p2a: Taka
|
|-damage|p1a: Kingambit|69/100 brn|[from] brn
|upkeep
|turn|13
|
|t:|1743834999
|-end|p1a: Kingambit|fallenundefined|[silent]
|switch|p1a: Zapdos|Zapdos|95/100
|move|p2a: Taka|Roost|p2a: Taka
|-heal|p2a: Taka|100/100
|-singleturn|p2a: Taka|move: Roost
|
|upkeep
|turn|14
|
|t:|1743835003
|switch|p2a: Three-Way Deadlock|Muk-Alola, F|54/100
|move|p1a: Zapdos|Volt Switch|p2a: Three-Way Deadlock
|-damage|p2a: Three-Way Deadlock|37/100
|
|t:|1743835018
|switch|p1a: Ogerpon|Ogerpon-Wellspring, F|100/100|[from] Volt Switch
|-damage|p1a: Ogerpon|88/100|[from] Stealth Rock
|
|-heal|p2a: Three-Way Deadlock|43/100|[from] item: Leftovers
|upkeep
|turn|15
|
|t:|1743835026
|switch|p2a: Bijuu|Kyurem, shiny|100/100
|-ability|p2a: Bijuu|Pressure
|move|p1a: Ogerpon|U-turn|p2a: Bijuu
|-damage|p2a: Bijuu|74/100
|
|t:|1743835032
|switch|p1a: Zamazenta|Zamazenta|100/100|[from] U-turn
|-damage|p1a: Zamazenta|94/100|[from] Stealth Rock
|-ability|p1a: Zamazenta|Dauntless Shield|boost
|-boost|p1a: Zamazenta|def|1
|
|upkeep
|turn|16
|
|t:|1743835037
|switch|p2a: Greatest Summon|Great Tusk|77/100
|move|p1a: Zamazenta|Stone Edge|p2a: Greatest Summon|[miss]
|-miss|p1a: Zamazenta|p2a: Greatest Summon
|
|-heal|p2a: Greatest Summon|83/100|[from] item: Leftovers
|upkeep
|turn|17
|
|t:|1743835048
|switch|p1a: Zapdos|Zapdos|95/100
|-end|p2a: Greatest Summon|Protosynthesis|[silent]
|switch|p2a: Bijuu|Kyurem, shiny|74/100
|-ability|p2a: Bijuu|Pressure
|
|upkeep
|turn|18
|
|t:|1743835054
|switch|p1a: Slowking|Slowking-Galar, M|100/100
|-damage|p1a: Slowking|88/100|[from] Stealth Rock
|move|p2a: Bijuu|Ice Beam|p1a: Slowking
|-damage|p1a: Slowking|54/100
|
|upkeep
|turn|19
|inactive|KishonIWNL has 120 seconds left.
|
|t:|1743835090
|switch|p2a: Three-Way Deadlock|Muk-Alola, F|43/100
|move|p1a: Slowking|Psyshock|p2a: Three-Way Deadlock
|-immune|p2a: Three-Way Deadlock
|
|-heal|p2a: Three-Way Deadlock|49/100|[from] item: Leftovers
|upkeep
|turn|20
|inactive|KishonIWNL has 120 seconds left.
|
|t:|1743835105
|switch|p1a: Great Tusk|Great Tusk|79/100
|-damage|p1a: Great Tusk|76/100|[from] Stealth Rock
|move|p2a: Three-Way Deadlock|Poison Fang|p1a: Great Tusk
|-resisted|p1a: Great Tusk
|-damage|p1a: Great Tusk|70/100
|
|-heal|p2a: Three-Way Deadlock|55/100|[from] item: Leftovers
|upkeep
|turn|21
|
|t:|1743835110
|switch|p2a: Greatest Summon|Great Tusk|83/100
|move|p1a: Great Tusk|Rapid Spin|p2a: Greatest Summon
|-damage|p2a: Greatest Summon|74/100
|-boost|p1a: Great Tusk|spe|1
|-sideend|p1: KishonIWNL|Stealth Rock|[from] move: Rapid Spin|[of] p1a: Great Tusk
|
|-heal|p2a: Greatest Summon|80/100|[from] item: Leftovers
|upkeep
|turn|22
|
|t:|1743835115
|move|p1a: Great Tusk|Stealth Rock|p2a: Greatest Summon
|-sidestart|p2: OSAKA 2026|move: Stealth Rock
|move|p2a: Greatest Summon|Stealth Rock|p1a: Great Tusk
|-sidestart|p1: KishonIWNL|move: Stealth Rock
|
|-heal|p2a: Greatest Summon|86/100|[from] item: Leftovers
|upkeep
|turn|23
|
|t:|1743835123
|-end|p1a: Great Tusk|Protosynthesis|[silent]
|switch|p1a: Zapdos|Zapdos|95/100
|move|p2a: Greatest Summon|Rapid Spin|p1a: Zapdos
|-damage|p1a: Zapdos|83/100
|-boost|p2a: Greatest Summon|spe|1
|-sideend|p2: OSAKA 2026|Stealth Rock|[from] move: Rapid Spin|[of] p2a: Greatest Summon
|
|-heal|p2a: Greatest Summon|92/100|[from] item: Leftovers
|upkeep
|turn|24
|
|t:|1743835131
|-end|p2a: Greatest Summon|Protosynthesis|[silent]
|switch|p2a: Three-Way Deadlock|Muk-Alola, F|55/100
|move|p1a: Zapdos|Hurricane|p2a: Three-Way Deadlock
|-damage|p2a: Three-Way Deadlock|29/100
|
|-heal|p2a: Three-Way Deadlock|35/100|[from] item: Leftovers
|upkeep
|turn|25
|
|t:|1743835144
|move|p2a: Three-Way Deadlock|Protect|p2a: Three-Way Deadlock
|-singleturn|p2a: Three-Way Deadlock|Protect
|move|p1a: Zapdos|Volt Switch|p2a: Three-Way Deadlock
|-activate|p2a: Three-Way Deadlock|move: Protect
|
|-heal|p2a: Three-Way Deadlock|41/100|[from] item: Leftovers
|upkeep
|turn|26
|
|t:|1743835148
|move|p1a: Zapdos|Volt Switch|p2a: Three-Way Deadlock
|-damage|p2a: Three-Way Deadlock|25/100
|
|t:|1743835176
|switch|p1a: Great Tusk|Great Tusk|70/100|[from] Volt Switch
|-damage|p1a: Great Tusk|67/100|[from] Stealth Rock
|move|p2a: Three-Way Deadlock|Poison Fang|p1a: Great Tusk
|-resisted|p1a: Great Tusk
|-damage|p1a: Great Tusk|60/100
|-status|p1a: Great Tusk|tox
|
|-heal|p2a: Three-Way Deadlock|31/100|[from] item: Leftovers
|-damage|p1a: Great Tusk|53/100 tox|[from] psn
|upkeep
|turn|27
|
|t:|1743835183
|move|p2a: Three-Way Deadlock|Protect|p2a: Three-Way Deadlock
|-singleturn|p2a: Three-Way Deadlock|Protect
|move|p1a: Great Tusk|Rapid Spin|p2a: Three-Way Deadlock
|-activate|p2a: Three-Way Deadlock|move: Protect
|
|-heal|p2a: Three-Way Deadlock|37/100|[from] item: Leftovers
|-damage|p1a: Great Tusk|41/100 tox|[from] psn
|upkeep
|turn|28
|
|t:|1743835190
|switch|p2a: Greatest Summon|Great Tusk|92/100
|move|p1a: Great Tusk|Rapid Spin|p2a: Greatest Summon
|-damage|p2a: Greatest Summon|83/100
|-boost|p1a: Great Tusk|spe|1
|-sideend|p1: KishonIWNL|Stealth Rock|[from] move: Rapid Spin|[of] p1a: Great Tusk
|
|-heal|p2a: Greatest Summon|89/100|[from] item: Leftovers
|-damage|p1a: Great Tusk|22/100 tox|[from] psn
|upkeep
|turn|29
|
|t:|1743835198
|-end|p1a: Great Tusk|Protosynthesis|[silent]
|switch|p1a: Ogerpon|Ogerpon-Wellspring, F|88/100
|move|p2a: Greatest Summon|Stealth Rock|p1a: Ogerpon
|-sidestart|p1: KishonIWNL|move: Stealth Rock
|
|-heal|p2a: Greatest Summon|95/100|[from] item: Leftovers
|upkeep
|turn|30
|
|t:|1743835207
|-end|p2a: Greatest Summon|Protosynthesis|[silent]
|switch|p2a: Akatsuki|Ogerpon-Wellspring, F|100/100
|move|p1a: Ogerpon|Power Whip|p2a: Akatsuki
|-damage|p2a: Akatsuki|2/100
|
|upkeep
|turn|31
|l| m0chaman_829
|
|t:|1743835229
|switch|p1a: Kingambit|Kingambit, F|69/100 brn
|-damage|p1a: Kingambit|63/100 brn|[from] Stealth Rock
|move|p2a: Akatsuki|Horn Leech|p1a: Kingambit
|-resisted|p1a: Kingambit
|-damage|p1a: Kingambit|49/100 brn
|-heal|p2a: Akatsuki|11/100|[from] drain|[of] p1a: Kingambit
|
|-damage|p1a: Kingambit|43/100 brn|[from] brn
|upkeep
|turn|32
|
|t:|1743835237
|switch|p2a: Taka|Moltres|100/100
|move|p1a: Kingambit|Sucker Punch||[still]
|-fail|p1a: Kingambit
|
|-damage|p1a: Kingambit|37/100 brn|[from] brn
|upkeep
|turn|33
|
|t:|1743835247
|-end|p1a: Kingambit|fallenundefined|[silent]
|switch|p1a: Zapdos|Zapdos|83/100
|move|p2a: Taka|Flamethrower|p1a: Zapdos
|-damage|p1a: Zapdos|46/100
|
|upkeep
|turn|34
|
|t:|1743835258
|move|p1a: Zapdos|Volt Switch|p2a: Taka
|-supereffective|p2a: Taka
|-damage|p2a: Taka|36/100
|inactive|KishonIWNL has 120 seconds left.
|
|t:|1743835291
|switch|p1a: Slowking|Slowking-Galar, M|87/100|[from] Volt Switch
|-damage|p1a: Slowking|75/100|[from] Stealth Rock
|move|p2a: Taka|U-turn|p1a: Slowking
|-damage|p1a: Slowking|60/100
|
|t:|1743835300
|switch|p2a: Hebi|Scizor, F|69/100 par|[from] U-turn
|
|upkeep
|turn|35
|inactive|KishonIWNL has 120 seconds left.
|
|t:|1743835312
|switch|p1a: Zamazenta|Zamazenta|94/100
|-damage|p1a: Zamazenta|88/100|[from] Stealth Rock
|move|p2a: Hebi|U-turn|p1a: Zamazenta
|-resisted|p1a: Zamazenta
|-damage|p1a: Zamazenta|60/100
|
|t:|1743835320
|switch|p2a: Three-Way Deadlock|Muk-Alola, F|37/100|[from] U-turn
|
|-heal|p2a: Three-Way Deadlock|43/100|[from] item: Leftovers
|upkeep
|turn|36
|
|t:|1743835326
|move|p2a: Three-Way Deadlock|Protect|p2a: Three-Way Deadlock
|-singleturn|p2a: Three-Way Deadlock|Protect
|move|p1a: Zamazenta|Close Combat|p2a: Three-Way Deadlock
|-activate|p2a: Three-Way Deadlock|move: Protect
|
|-heal|p2a: Three-Way Deadlock|49/100|[from] item: Leftovers
|upkeep
|turn|37
|
|t:|1743835331
|switch|p2a: Taka|Moltres|36/100
|move|p1a: Zamazenta|Close Combat|p2a: Taka
|-resisted|p2a: Taka
|-damage|p2a: Taka|16/100
|-unboost|p1a: Zamazenta|def|1
|-unboost|p1a: Zamazenta|spd|1
|
|upkeep
|turn|38
|
|t:|1743835347
|move|p1a: Zamazenta|Stone Edge|p2a: Taka
|-supereffective|p2a: Taka
|-damage|p2a: Taka|0 fnt
|faint|p2a: Taka
|
|upkeep
|
|t:|1743835354
|switch|p2a: Hebi|Scizor, F|69/100 par
|turn|39
|
|t:|1743835366
|switch|p1a: Zapdos|Zapdos|46/100
|move|p2a: Hebi|U-turn|p1a: Zapdos
|-resisted|p1a: Zapdos
|-damage|p1a: Zapdos|23/100
|
|t:|1743835372
|switch|p2a: Bijuu|Kyurem, shiny|74/100|[from] U-turn
|-ability|p2a: Bijuu|Pressure
|
|upkeep
|turn|40
|
|t:|1743835385
|switch|p1a: Kingambit|Kingambit, F|37/100 brn
|-damage|p1a: Kingambit|30/100 brn|[from] Stealth Rock
|move|p2a: Bijuu|Ice Beam|p1a: Kingambit
|-resisted|p1a: Kingambit
|-damage|p1a: Kingambit|0 fnt
|faint|p1a: Kingambit
|-end|p1a: Kingambit|fallenundefined|[silent]
|
|upkeep
|inactive|KishonIWNL has 120 seconds left.
|
|t:|1743835422
|switch|p1a: Zamazenta|Zamazenta|60/100
|-damage|p1a: Zamazenta|53/100|[from] Stealth Rock
|turn|41
|
|t:|1743835432
|switch|p2a: Greatest Summon|Great Tusk|95/100
|move|p1a: Zamazenta|Close Combat|p2a: Greatest Summon
|-damage|p2a: Greatest Summon|63/100
|-unboost|p1a: Zamazenta|def|1
|-unboost|p1a: Zamazenta|spd|1
|
|-heal|p2a: Greatest Summon|69/100|[from] item: Leftovers
|upkeep
|turn|42
|inactive|KishonIWNL has 120 seconds left.
|
|t:|1743835443
|switch|p1a: Zapdos|Zapdos|23/100
|move|p2a: Greatest Summon|Rapid Spin|p1a: Zapdos
|-damage|p1a: Zapdos|13/100
|-boost|p2a: Greatest Summon|spe|1
|
|-heal|p2a: Greatest Summon|75/100|[from] item: Leftovers
|upkeep
|turn|43
|
|t:|1743835449
|move|p2a: Greatest Summon|Taunt|p1a: Zapdos
|-start|p1a: Zapdos|move: Taunt
|move|p1a: Zapdos|Hurricane|p2a: Greatest Summon
|-supereffective|p2a: Greatest Summon
|-damage|p2a: Greatest Summon|0 fnt
|faint|p2a: Greatest Summon
|-end|p2a: Greatest Summon|Protosynthesis|[silent]
|
|upkeep
|
|t:|1743835459
|switch|p2a: Hebi|Scizor, F|69/100 par
|turn|44
|
|t:|1743835467
|move|p2a: Hebi|Bullet Punch|p1a: Zapdos
|-resisted|p1a: Zapdos
|-damage|p1a: Zapdos|0 fnt
|faint|p1a: Zapdos
|
|upkeep
|
|t:|1743835481
|switch|p1a: Zamazenta|Zamazenta|53/100
|-damage|p1a: Zamazenta|47/100|[from] Stealth Rock
|turn|45
|
|t:|1743835501
|switch|p2a: Three-Way Deadlock|Muk-Alola, F|49/100
|move|p1a: Zamazenta|Close Combat|p2a: Three-Way Deadlock
|-damage|p2a: Three-Way Deadlock|0 fnt
|-unboost|p1a: Zamazenta|def|1
|-unboost|p1a: Zamazenta|spd|1
|faint|p2a: Three-Way Deadlock
|
|upkeep
|
|t:|1743835503
|switch|p2a: Hebi|Scizor, F|69/100 par
|turn|46
|
|t:|1743835509
|switch|p1a: Great Tusk|Great Tusk|22/100 tox
|-damage|p1a: Great Tusk|19/100 tox|[from] Stealth Rock
|move|p2a: Hebi|Bullet Punch|p1a: Great Tusk
|-damage|p1a: Great Tusk|0 fnt
|faint|p1a: Great Tusk
|-end|p1a: Great Tusk|Protosynthesis|[silent]
|
|upkeep
|
|t:|1743835517
|switch|p1a: Slowking|Slowking-Galar, M|93/100
|-damage|p1a: Slowking|81/100|[from] Stealth Rock
|turn|47
|
|t:|1743835521
|switch|p2a: Bijuu|Kyurem, shiny|74/100
|-ability|p2a: Bijuu|Pressure
|move|p1a: Slowking|Flamethrower|p2a: Bijuu
|-damage|p2a: Bijuu|48/100
|
|upkeep
|turn|48
|
|t:|1743835539
|move|p2a: Bijuu|Ice Beam|p1a: Slowking
|-crit|p1a: Slowking
|-damage|p1a: Slowking|27/100
|move|p1a: Slowking|Psyshock|p2a: Bijuu
|-damage|p2a: Bijuu|11/100
|
|upkeep
|turn|49
|
|t:|1743835548
|move|p2a: Bijuu|Ice Beam|p1a: Slowking
|-damage|p1a: Slowking|0 fnt
|faint|p1a: Slowking
|
|upkeep
|
|t:|1743835557
|switch|p1a: Ogerpon|Ogerpon-Wellspring, F|88/100
|-damage|p1a: Ogerpon|76/100|[from] Stealth Rock
|turn|50
|
|t:|1743835561
|move|p1a: Ogerpon|Knock Off|p2a: Bijuu
|-damage|p2a: Bijuu|0 fnt
|-enditem|p2a: Bijuu|Choice Specs|[from] move: Knock Off|[of] p1a: Ogerpon
|faint|p2a: Bijuu
|
|upkeep
|
|t:|1743835563
|switch|p2a: Akatsuki|Ogerpon-Wellspring, F|11/100
|turn|51
|
|t:|1743835573
|move|p1a: Ogerpon|Knock Off|p2a: Akatsuki
|-damage|p2a: Akatsuki|0 fnt
|faint|p2a: Akatsuki
|
|upkeep
|c|☆OSAKA 2026|gg!
|-message|OSAKA 2026 forfeited.
|
|win|KishonIWNL
|raw|KishonIWNL's rating: 1591 &rarr; <strong>1617</strong><br />(+26 for winning)
|raw|OSAKA 2026's rating: 1696 &rarr; <strong>1670</strong><br />(-26 for losing)
|l|☆OSAKA 2026
|player|p2|
|l| frindlebabbin
