|j|☆mkap
|j|☆114514Ottoman
|t:|1743861257
|gametype|singles
|player|p1|mkap|lusamine-nihilego|1300
|player|p2|114514Ottoman|2|1264
|teamsize|p1|6
|teamsize|p2|6
|gen|9
|tier|[Gen 9] OU
|rated|
|rule|HP Percentage Mod: HP is shown in percentages
|rule|Endless Battle Clause: Forcing endless battles is banned
|rule|Species Clause: Limit one of each Pokémon
|rule|OHKO Clause: OHKO moves are banned
|rule|Evasion Items Clause: Evasion items are banned
|rule|Evasion Moves Clause: Evasion moves are banned
|rule|Sleep Moves Clause: Sleep-inducing moves are banned
|clearpoke
|poke|p1|Veluza, F|
|poke|p1|Ogerpon-Wellspring, F|
|poke|p1|Gholdengo|
|poke|p1|Mandibuzz, F|
|poke|p1|Raging Bolt|
|poke|p1|Weavile, F|
|poke|p2|Kingambit, F|
|poke|p2|Raging Bolt|
|poke|p2|Ceruledge, M|
|poke|p2|Alomomola, F|
|poke|p2|Walking Wake|
|poke|p2|Torkoal, F|
|teampreview
|
|t:|1743861265
|start
|switch|p1a: Haha fuck you|Veluza, F|100/100
|switch|p2a: Ceruledge|Ceruledge, M, shiny|100/100
|-ability|p1a: Haha fuck you|Mold Breaker
|turn|1
|
|t:|1743861273
|move|p1a: Haha fuck you|Flip Turn|p2a: Ceruledge
|-supereffective|p2a: Ceruledge
|-damage|p2a: Ceruledge|42/100
|
|t:|1743861286
|switch|p1a: Oh baby|Raging Bolt|100/100|[from] Flip Turn
|-enditem|p1a: Oh baby|Booster Energy
|-activate|p1a: Oh baby|ability: Protosynthesis|[fromitem]
|-start|p1a: Oh baby|protosynthesisspa
|move|p2a: Ceruledge|Swords Dance|p2a: Ceruledge
|-boost|p2a: Ceruledge|atk|2
|
|upkeep
|turn|2
|
|t:|1743861301
|-terastallize|p2a: Ceruledge|Fighting
|move|p2a: Ceruledge|Close Combat|p1a: Oh baby
|-damage|p1a: Oh baby|0 fnt
|-unboost|p2a: Ceruledge|def|1
|-unboost|p2a: Ceruledge|spd|1
|faint|p1a: Oh baby
|-end|p1a: Oh baby|Protosynthesis|[silent]
|
|upkeep
|
|t:|1743861307
|switch|p1a: Gorgon|Weavile, F|100/100
|-ability|p1a: Gorgon|Pressure
|turn|3
|
|t:|1743861317
|move|p1a: Gorgon|Triple Axel|p2a: Ceruledge
|-damage|p2a: Ceruledge|11/100
|-damage|p2a: Ceruledge|0 fnt
|faint|p2a: Ceruledge
|-hitcount|p2: Ceruledge|2
|
|upkeep
|
|t:|1743861321
|switch|p2a: Torkoal|Torkoal, F, shiny|100/100
|-weather|SunnyDay|[from] ability: Drought|[of] p2a: Torkoal
|turn|4
|
|t:|1743861339
|switch|p1a: Giblet|Mandibuzz, F|100/100
|move|p2a: Torkoal|Earthquake|p1a: Giblet
|-immune|p1a: Giblet
|
|-weather|SunnyDay|[upkeep]
|upkeep
|turn|5
|
|t:|1743861347
|switch|p2a: Raging Bolt|Raging Bolt|100/100
|-activate|p2a: Raging Bolt|ability: Protosynthesis
|-start|p2a: Raging Bolt|protosynthesisspa
|move|p1a: Giblet|Toxic|p2a: Raging Bolt
|-status|p2a: Raging Bolt|tox
|
|-weather|SunnyDay|[upkeep]
|-damage|p2a: Raging Bolt|94/100 tox|[from] psn
|upkeep
|turn|6
|
|t:|1743861371
|switch|p1a: Gorgon|Weavile, F|100/100
|-ability|p1a: Gorgon|Pressure
|move|p2a: Raging Bolt|Thunderbolt|p1a: Gorgon
|-damage|p1a: Gorgon|12/100
|
|-weather|SunnyDay|[upkeep]
|-damage|p2a: Raging Bolt|82/100 tox|[from] psn
|upkeep
|turn|7
|
|t:|1743861377
|move|p1a: Gorgon|Ice Shard|p2a: Raging Bolt
|-supereffective|p2a: Raging Bolt
|-damage|p2a: Raging Bolt|25/100 tox
|move|p2a: Raging Bolt|Thunderclap||[still]
|-fail|p2a: Raging Bolt
|
|-weather|SunnyDay|[upkeep]
|-damage|p2a: Raging Bolt|7/100 tox|[from] psn
|upkeep
|turn|8
|
|t:|1743861380
|move|p1a: Gorgon|Ice Shard|p2a: Raging Bolt
|-supereffective|p2a: Raging Bolt
|-damage|p2a: Raging Bolt|0 fnt
|faint|p2a: Raging Bolt
|-end|p2a: Raging Bolt|Protosynthesis|[silent]
|
|-weather|SunnyDay|[upkeep]
|upkeep
|
|t:|1743861382
|switch|p2a: Walking Wake|Walking Wake|100/100
|-activate|p2a: Walking Wake|ability: Protosynthesis
|-start|p2a: Walking Wake|protosynthesisspe
|turn|9
|
|t:|1743861398
|move|p1a: Gorgon|Ice Shard|p2a: Walking Wake
|-damage|p2a: Walking Wake|67/100
|move|p2a: Walking Wake|Weather Ball|p1a: Gorgon
|-supereffective|p1a: Gorgon
|-damage|p1a: Gorgon|0 fnt
|faint|p1a: Gorgon
|-damage|p2a: Walking Wake|57/100|[from] item: Life Orb
|
|-weather|SunnyDay|[upkeep]
|upkeep
|
|t:|1743861403
|switch|p1a: FishyRoads|Ogerpon-Wellspring, F|100/100
|turn|10
|
|t:|1743861411
|-terastallize|p1a: FishyRoads|Water
|detailschange|p1a: FishyRoads|Ogerpon-Wellspring-Tera, F, tera:Water
|-ability|p1a: FishyRoads|Embody Aspect (Wellspring)|boost
|-boost|p1a: FishyRoads|spd|1
|move|p2a: Walking Wake|Weather Ball|p1a: FishyRoads
|-resisted|p1a: FishyRoads
|-damage|p1a: FishyRoads|73/100
|-damage|p2a: Walking Wake|47/100|[from] item: Life Orb
|move|p1a: FishyRoads|Play Rough|p2a: Walking Wake
|-supereffective|p2a: Walking Wake
|-damage|p2a: Walking Wake|0 fnt
|faint|p2a: Walking Wake
|-end|p2a: Walking Wake|Protosynthesis|[silent]
|
|-weather|SunnyDay|[upkeep]
|upkeep
|
|t:|1743861422
|switch|p2a: Kingambit|Kingambit, F, shiny|100/100
|-activate|p2a: Kingambit|ability: Supreme Overlord
|-start|p2a: Kingambit|fallen3|[silent]
|turn|11
|
|t:|1743861425
|switch|p1a: Giblet|Mandibuzz, F|100/100
|move|p2a: Kingambit|Swords Dance|p2a: Kingambit
|-boost|p2a: Kingambit|atk|2
|
|-weather|none
|upkeep
|turn|12
|
|t:|1743861431
|move|p1a: Giblet|Foul Play|p2a: Kingambit
|-resisted|p2a: Kingambit
|-damage|p2a: Kingambit|59/100
|move|p2a: Kingambit|Stone Edge|p1a: Giblet
|-supereffective|p1a: Giblet
|-crit|p1a: Giblet
|-damage|p1a: Giblet|0 fnt
|faint|p1a: Giblet
|-damage|p2a: Kingambit|49/100|[from] item: Life Orb
|
|upkeep
|
|t:|1743861444
|switch|p1a: Not choice specs|Gholdengo|100/100
|-item|p1a: Not choice specs|Air Balloon
|turn|13
|
|t:|1743861449
|move|p2a: Kingambit|Sucker Punch||[still]
|-fail|p2a: Kingambit
|move|p1a: Not choice specs|Thunder Wave|p2a: Kingambit
|-status|p2a: Kingambit|par
|
|upkeep
|turn|14
|
|t:|1743861454
|cant|p2a: Kingambit|par
|move|p1a: Not choice specs|Hex|p2a: Kingambit
|-resisted|p2a: Kingambit
|-damage|p2a: Kingambit|18/100 par
|
|upkeep
|turn|15
|
|t:|1743861458
|move|p2a: Kingambit|Sucker Punch||[still]
|-fail|p2a: Kingambit
|move|p1a: Not choice specs|Recover||[still]
|-fail|p1a: Not choice specs|heal
|
|upkeep
|turn|16
|
|t:|1743861465
|switch|p1a: FishyRoads|Ogerpon-Wellspring-Tera, F, tera:Water|73/100
|-ability|p1a: FishyRoads|Embody Aspect (Wellspring)|boost
|-boost|p1a: FishyRoads|spd|1
|cant|p2a: Kingambit|par
|
|upkeep
|turn|17
|
|t:|1743861470
|move|p2a: Kingambit|Sucker Punch||[still]
|-fail|p2a: Kingambit
|move|p1a: FishyRoads|Swords Dance|p1a: FishyRoads
|-boost|p1a: FishyRoads|atk|2
|
|upkeep
|turn|18
|
|t:|1743861474
|move|p2a: Kingambit|Sucker Punch||[still]
|-fail|p2a: Kingambit
|move|p1a: FishyRoads|Swords Dance|p1a: FishyRoads
|-boost|p1a: FishyRoads|atk|2
|
|upkeep
|turn|19
|
|t:|1743861478
|cant|p2a: Kingambit|par
|move|p1a: FishyRoads|Ivy Cudgel|p2a: Kingambit|[anim] Ivy Cudgel Water
|-damage|p2a: Kingambit|0 fnt
|faint|p2a: Kingambit
|-end|p2a: Kingambit|fallen3|[silent]
|
|upkeep
|-message|114514Ottoman forfeited.
|
|win|mkap
|raw|mkap's rating: 1300 &rarr; <strong>1322</strong><br />(+22 for winning)
|raw|114514Ottoman's rating: 1264 &rarr; <strong>1242</strong><br />(-22 for losing)
|l|☆114514Ottoman
|player|p2|
|l|☆mkap
|player|p1|
