|j|☆keepmomo
|j|☆Daleage
|t:|1743787237
|gametype|singles
|player|p1|keepmomo|dawn|1143
|player|p2|Daleage|265|1157
|teamsize|p1|6
|teamsize|p2|6
|gen|9
|tier|[Gen 9] OU
|rated|
|rule|HP Percentage Mod: HP is shown in percentages
|rule|Endless Battle Clause: Forcing endless battles is banned
|rule|Species Clause: Limit one of each Pokémon
|rule|OHKO Clause: OHKO moves are banned
|rule|Evasion Items Clause: Evasion items are banned
|rule|Evasion Moves Clause: Evasion moves are banned
|rule|Sleep Moves Clause: Sleep-inducing moves are banned
|clearpoke
|poke|p1|Comfey, F|
|poke|p1|Klefki, F|
|poke|p1|Kingdra, F|
|poke|p1|Whimsicott, F|
|poke|p1|Jumpluff, F|
|poke|p1|Pelipper, M|
|poke|p2|Slowking-Galar, M|
|poke|p2|Scizor, M|
|poke|p2|Rotom-Wash|
|poke|p2|Moltres|
|poke|p2|Metagross|
|poke|p2|Meloetta|
|teampreview
|inactive|Battle timer is ON: inactive players will automatically lose when time's up. (requested by Daleage)
|
|t:|1743787244
|start
|switch|p1a: Jumpluff|Jumpluff, F|100/100
|switch|p2a: Rotom|Rotom-Wash|100/100
|turn|1
|
|t:|1743787248
|move|p1a: Jumpluff|Light Screen|p1a: Jumpluff
|-sidestart|p1: keepmomo|move: Light Screen
|move|p2a: Rotom|Volt Switch|p1a: Jumpluff
|-damage|p1a: Jumpluff|87/100
|
|t:|1743787251
|switch|p2a: Metagross|Metagross|100/100|[from] Volt Switch
|
|upkeep
|turn|2
|
|t:|1743787255
|move|p1a: Jumpluff|Reflect|p1a: Jumpluff
|-sidestart|p1: keepmomo|Reflect
|move|p2a: Metagross|Stealth Rock|p1a: Jumpluff
|-sidestart|p1: keepmomo|move: Stealth Rock
|
|upkeep
|turn|3
|
|t:|1743787260
|move|p1a: Jumpluff|Memento|p2a: Metagross
|-fail|p2a: Metagross|unboost|[from] ability: Clear Body|[of] p2a: Metagross
|faint|p1a: Jumpluff
|move|p2a: Metagross|Heavy Slam|p1: Jumpluff|[notarget]
|-fail|p2a: Metagross
|
|upkeep
|
|t:|1743787263
|switch|p1a: Comfey|Comfey, F, shiny|100/100
|-damage|p1a: Comfey|88/100|[from] Stealth Rock
|turn|4
|
|t:|1743787270
|move|p1a: Comfey|Calm Mind|p1a: Comfey
|-boost|p1a: Comfey|spa|1
|-boost|p1a: Comfey|spd|1
|move|p2a: Metagross|Earthquake|p1a: Comfey
|-damage|p1a: Comfey|64/100
|
|upkeep
|turn|5
|
|t:|1743787275
|move|p1a: Comfey|Calm Mind|p1a: Comfey
|-boost|p1a: Comfey|spa|1
|-boost|p1a: Comfey|spd|1
|move|p2a: Metagross|Earthquake|p1a: Comfey
|-damage|p1a: Comfey|38/100
|
|upkeep
|turn|6
|
|t:|1743787278
|move|p1a: Comfey|Calm Mind|p1a: Comfey
|-boost|p1a: Comfey|spa|1
|-boost|p1a: Comfey|spd|1
|move|p2a: Metagross|Earthquake|p1a: Comfey
|-damage|p1a: Comfey|16/100
|
|upkeep
|turn|7
|
|t:|1743787286
|-terastallize|p1a: Comfey|Fairy
|move|p1a: Comfey|Draining Kiss|p2a: Metagross
|-resisted|p2a: Metagross
|-damage|p2a: Metagross|56/100
|-heal|p1a: Comfey|53/100|[from] drain|[of] p2a: Metagross
|move|p2a: Metagross|Earthquake|p1a: Comfey
|-damage|p1a: Comfey|30/100
|
|upkeep
|turn|8
|
|t:|1743787296
|switch|p2a: Slowking|Slowking-Galar, M|100/100
|move|p1a: Comfey|Draining Kiss|p2a: Slowking
|-resisted|p2a: Slowking
|-damage|p2a: Slowking|71/100
|-heal|p1a: Comfey|59/100|[from] drain|[of] p2a: Slowking
|
|-sideend|p1: keepmomo|move: Light Screen
|upkeep
|turn|9
|
|t:|1743787302
|move|p1a: Comfey|Draining Kiss|p2a: Slowking
|-resisted|p2a: Slowking
|-damage|p2a: Slowking|38/100
|-heal|p1a: Comfey|91/100|[from] drain|[of] p2a: Slowking
|move|p2a: Slowking|Future Sight|p1a: Comfey
|-start|p2a: Slowking|move: Future Sight
|
|-sideend|p1: keepmomo|Reflect
|upkeep
|turn|10
|
|t:|1743787312
|move|p1a: Comfey|Draining Kiss|p2a: Slowking
|-resisted|p2a: Slowking
|-damage|p2a: Slowking|0 fnt
|-heal|p1a: Comfey|100/100|[from] drain|[of] p2a: Slowking
|faint|p2a: Slowking
|
|upkeep
|
|t:|1743787314
|switch|p2a: Metagross|Metagross|56/100
|turn|11
|
|t:|1743787316
|move|p1a: Comfey|Draining Kiss|p2a: Metagross
|-resisted|p2a: Metagross
|-damage|p2a: Metagross|0 fnt
|faint|p2a: Metagross
|
|-end|p1a: Comfey|move: Future Sight
|-damage|p1a: Comfey|83/100
|upkeep
|
|t:|1743787331
|switch|p2a: Scizor|Scizor, M|100/100
|turn|12
|
|t:|1743787333
|move|p1a: Comfey|Draining Kiss|p2a: Scizor
|-resisted|p2a: Scizor
|-damage|p2a: Scizor|0 fnt
|-heal|p1a: Comfey|100/100|[from] drain|[of] p2a: Scizor
|faint|p2a: Scizor
|
|upkeep
|-message|Daleage forfeited.
|
|win|keepmomo
|raw|keepmomo's rating: 1143 &rarr; <strong>1169</strong><br />(+26 for winning)
|raw|Daleage's rating: 1157 &rarr; <strong>1131</strong><br />(-26 for losing)
|l|☆Daleage
|player|p2|
|l|☆keepmomo
|player|p1|
