|j|☆R0B0 R3X
|j|☆Thenix12
|t:|1743890343
|gametype|singles
|player|p1|R0B0 R3X|2|1338
|player|p2|Thenix12|nurse|1355
|teamsize|p1|6
|teamsize|p2|6
|gen|9
|tier|[Gen 9] OU
|rated|
|rule|HP Percentage Mod: HP is shown in percentages
|rule|Endless Battle Clause: Forcing endless battles is banned
|rule|Species Clause: Limit one of each Pokémon
|rule|OHKO Clause: OHKO moves are banned
|rule|Evasion Items Clause: Evasion items are banned
|rule|Evasion Moves Clause: Evasion moves are banned
|rule|Sleep Moves Clause: Sleep-inducing moves are banned
|clearpoke
|poke|p1|Pelipper, F|
|poke|p1|Great Tusk|
|poke|p1|Clodsire, F|
|poke|p1|Overqwil, F|
|poke|p1|Tornadus-Therian, M|
|poke|p1|Greninja-*, M|
|poke|p2|Emboar, M|
|poke|p2|Cinccino, M|
|poke|p2|Hydrapple, M|
|poke|p2|Iron Crown|
|poke|p2|Basculin-Blue-Striped, F|
|poke|p2|Clodsire, F|
|teampreview
|inactive|Battle timer is ON: inactive players will automatically lose when time's up. (requested by R0B0 R3X)
|
|t:|1743890369
|start
|switch|p1a: Pelipper|Pelipper, F|100/100
|switch|p2a: Cinccino|Cinccino, M|100/100
|-weather|RainDance|[from] ability: Drizzle|[of] p1a: Pelipper
|turn|1
|
|t:|1743890375
|move|p2a: Cinccino|Tail Slap|p1a: Pelipper
|-damage|p1a: Pelipper|86/100
|-damage|p1a: Pelipper|74/100
|-damage|p1a: Pelipper|61/100
|-damage|p1a: Pelipper|48/100
|-hitcount|p1a: Pelipper|4
|move|p1a: Pelipper|Hurricane|p2a: Cinccino
|-damage|p2a: Cinccino|35/100
|
|-weather|RainDance|[upkeep]
|upkeep
|turn|2
|
|t:|1743890392
|switch|p1a: Overqwil|Overqwil, F|100/100
|move|p2a: Cinccino|Tail Slap|p1a: Overqwil
|-damage|p1a: Overqwil|87/100
|-damage|p1a: Overqwil|72/100
|-damage|p1a: Overqwil|57/100
|-damage|p1a: Overqwil|43/100
|-damage|p1a: Overqwil|28/100
|-hitcount|p1a: Overqwil|5
|
|-weather|RainDance|[upkeep]
|upkeep
|turn|3
|
|t:|1743890400
|move|p1a: Overqwil|Liquidation|p2a: Cinccino
|-damage|p2a: Cinccino|0 fnt
|faint|p2a: Cinccino
|-damage|p1a: Overqwil|18/100|[from] item: Life Orb
|
|-weather|RainDance|[upkeep]
|upkeep
|
|t:|1743890406
|switch|p2a: Basculin|Basculin-Blue-Striped, F|100/100
|turn|4
|
|t:|1743890425
|switch|p1a: Clodsire|Clodsire, F|100/100
|move|p2a: Basculin|Aqua Jet|p1a: Clodsire
|-immune|p1a: Clodsire|[from] ability: Water Absorb
|
|-weather|RainDance|[upkeep]
|upkeep
|turn|5
|
|t:|1743890439
|move|p2a: Basculin|Blizzard|p1a: Clodsire
|-supereffective|p1a: Clodsire
|-damage|p1a: Clodsire|72/100
|move|p1a: Clodsire|Spikes|p2a: Basculin
|-sidestart|p2: Thenix12|Spikes
|
|-weather|RainDance|[upkeep]
|-heal|p1a: Clodsire|78/100|[from] item: Leftovers
|upkeep
|turn|6
|
|t:|1743890449
|switch|p2a: Emboar|Emboar, M|100/100
|-damage|p2a: Emboar|88/100|[from] Spikes
|move|p1a: Clodsire|Spikes|p2a: Emboar
|-sidestart|p2: Thenix12|Spikes
|
|-weather|RainDance|[upkeep]
|-heal|p1a: Clodsire|84/100|[from] item: Leftovers
|upkeep
|turn|7
|
|t:|1743890454
|switch|p1a: Tornadus|Tornadus-Therian, M|100/100
|move|p2a: Emboar|Earthquake|p1a: Tornadus
|-immune|p1a: Tornadus
|
|-weather|RainDance|[upkeep]
|upkeep
|turn|8
|
|t:|1743890459
|switch|p2a: Iron Crown|Iron Crown|100/100
|-damage|p2a: Iron Crown|84/100|[from] Spikes
|-enditem|p2a: Iron Crown|Booster Energy
|-activate|p2a: Iron Crown|ability: Quark Drive|[fromitem]
|-start|p2a: Iron Crown|quarkdrivespa
|move|p1a: Tornadus|Bleakwind Storm|p2a: Iron Crown
|-resisted|p2a: Iron Crown
|-damage|p2a: Iron Crown|60/100
|
|-weather|none
|upkeep
|turn|9
|
|t:|1743890468
|switch|p1a: Clodsire|Clodsire, F|84/100
|move|p2a: Iron Crown|Volt Switch|p1a: Clodsire
|-immune|p1a: Clodsire
|
|-heal|p1a: Clodsire|90/100|[from] item: Leftovers
|upkeep
|turn|10
|
|t:|1743890473
|switch|p1a: Tornadus|Tornadus-Therian, M|100/100
|move|p2a: Iron Crown|Psychic|p1a: Tornadus
|-crit|p1a: Tornadus
|-damage|p1a: Tornadus|41/100
|
|upkeep
|turn|11
|
|t:|1743890479
|switch|p1a: Overqwil|Overqwil, F|18/100
|move|p2a: Iron Crown|Psychic|p1a: Overqwil
|-immune|p1a: Overqwil
|
|upkeep
|turn|12
|
|t:|1743890483
|move|p2a: Iron Crown|Tachyon Cutter|p1a: Overqwil
|-damage|p1a: Overqwil|0 fnt
|faint|p1a: Overqwil
|-hitcount|p1: Overqwil|1
|
|upkeep
|
|t:|1743890485
|switch|p1a: Pelipper|Pelipper, F|48/100
|-weather|RainDance|[from] ability: Drizzle|[of] p1a: Pelipper
|turn|13
|
|t:|1743890492
|switch|p1a: Clodsire|Clodsire, F|90/100
|move|p2a: Iron Crown|Psychic|p1a: Clodsire
|-supereffective|p1a: Clodsire
|-damage|p1a: Clodsire|26/100
|
|-weather|RainDance|[upkeep]
|-heal|p1a: Clodsire|32/100|[from] item: Leftovers
|upkeep
|turn|14
|
|t:|1743890501
|switch|p1a: Greninja|Greninja, M|100/100
|move|p2a: Iron Crown|Tachyon Cutter|p1a: Greninja
|-resisted|p1a: Greninja
|-damage|p1a: Greninja|76/100
|-resisted|p1a: Greninja
|-damage|p1a: Greninja|49/100
|-hitcount|p1a: Greninja|2
|
|-weather|RainDance|[upkeep]
|upkeep
|turn|15
|
|t:|1743890509
|-terastallize|p2a: Iron Crown|Dark
|move|p1a: Greninja|Surf|p2a: Iron Crown
|-damage|p2a: Iron Crown|0 fnt
|faint|p2a: Iron Crown
|-end|p2a: Iron Crown|Quark Drive|[silent]
|-ability|p1a: Greninja|Battle Bond|boost
|-boost|p1a: Greninja|atk|1
|-boost|p1a: Greninja|spa|1
|-boost|p1a: Greninja|spe|1
|-activate|p1a: Greninja|ability: Battle Bond
|-damage|p1a: Greninja|39/100|[from] item: Life Orb
|
|-weather|RainDance|[upkeep]
|upkeep
|
|t:|1743890518
|switch|p2a: Clodsire|Clodsire, F|100/100
|-damage|p2a: Clodsire|84/100|[from] Spikes
|turn|16
|
|t:|1743890522
|move|p1a: Greninja|Ice Beam|p2a: Clodsire
|-supereffective|p2a: Clodsire
|-damage|p2a: Clodsire|50/100
|-damage|p1a: Greninja|30/100|[from] item: Life Orb
|move|p2a: Clodsire|Toxic|p1a: Greninja
|-status|p1a: Greninja|tox
|
|-weather|RainDance|[upkeep]
|-heal|p2a: Clodsire|56/100|[from] item: Leftovers
|-damage|p1a: Greninja|24/100 tox|[from] psn
|upkeep
|turn|17
|inactive|Thenix12 has 120 seconds left.
|inactive|Thenix12 has 90 seconds left.
|
|t:|1743890594
|move|p1a: Greninja|Surf|p2a: Clodsire
|-supereffective|p2a: Clodsire
|-damage|p2a: Clodsire|0 fnt
|faint|p2a: Clodsire
|-damage|p1a: Greninja|14/100 tox|[from] item: Life Orb
|
|-weather|RainDance|[upkeep]
|-damage|p1a: Greninja|2/100 tox|[from] psn
|upkeep
|
|t:|1743890598
|switch|p2a: Basculin|Basculin-Blue-Striped, F|100/100
|-damage|p2a: Basculin|84/100|[from] Spikes
|turn|18
|
|t:|1743890603
|switch|p1a: Clodsire|Clodsire, F|32/100
|move|p2a: Basculin|Aqua Jet|p1a: Clodsire
|-heal|p1a: Clodsire|57/100|[from] ability: Water Absorb|[of] p2a: Basculin
|
|-weather|RainDance|[upkeep]
|-heal|p1a: Clodsire|63/100|[from] item: Leftovers
|upkeep
|turn|19
|-message|Thenix12 forfeited.
|
|win|R0B0 R3X
|raw|R0B0 R3X's rating: 1338 &rarr; <strong>1359</strong><br />(+21 for winning)
|raw|Thenix12's rating: 1355 &rarr; <strong>1334</strong><br />(-21 for losing)
|l|☆Thenix12
|player|p2|
|l|☆R0B0 R3X
|player|p1|
