|j|☆lolcano46
|j|☆Eliano030
|t:|1743879721
|gametype|singles
|player|p1|lolcano46|fisherman-gen4|1548
|player|p2|Eliano030|1|1528
|teamsize|p1|6
|teamsize|p2|6
|gen|9
|tier|[Gen 9] OU
|rated|
|rule|HP Percentage Mod: HP is shown in percentages
|rule|Endless Battle Clause: Forcing endless battles is banned
|rule|Species Clause: Limit one of each Pokémon
|rule|OHKO Clause: OHKO moves are banned
|rule|Evasion Items Clause: Evasion items are banned
|rule|Evasion Moves Clause: Evasion moves are banned
|rule|Sleep Moves Clause: Sleep-inducing moves are banned
|clearpoke
|poke|p1|Azelf|
|poke|p1|Ogerpon-Wellspring, F|
|poke|p1|Scizor, M|
|poke|p1|Gengar, M|
|poke|p1|Raging Bolt|
|poke|p1|Cinderace, M|
|poke|p2|Meowscarada, F|
|poke|p2|Cinderace, M|
|poke|p2|Greninja-*, M|
|poke|p2|Garganacl, M|
|poke|p2|Bronzong|
|poke|p2|Donphan, L1, F|
|teampreview
|inactive|Battle timer is ON: inactive players will automatically lose when time's up. (requested by lolcano46)
|
|t:|1743879742
|start
|switch|p1a: Gengar|Gengar, M|100/100
|switch|p2a: Mr Frogston|Greninja, M|100/100
|turn|1
|
|t:|1743879748
|move|p1a: Gengar|Thunder Wave|p2a: Mr Frogston
|-status|p2a: Mr Frogston|par
|cant|p2a: Mr Frogston|par
|
|upkeep
|turn|2
|
|t:|1743879757
|switch|p1a: Raging Bolt|Raging Bolt|100/100
|-enditem|p1a: Raging Bolt|Booster Energy
|-activate|p1a: Raging Bolt|ability: Protosynthesis|[fromitem]
|-start|p1a: Raging Bolt|protosynthesisspa
|cant|p2a: Mr Frogston|par
|
|upkeep
|turn|3
|c|☆Eliano030|gg
|
|t:|1743879766
|switch|p2a: Bronthong|Bronzong, shiny|100/100
|move|p1a: Raging Bolt|Dragon Pulse|p2a: Bronthong
|-resisted|p2a: Bronthong
|-damage|p2a: Bronthong|79/100
|
|-heal|p2a: Bronthong|86/100|[from] item: Leftovers
|upkeep
|turn|4
|
|t:|1743879770
|move|p1a: Raging Bolt|Thunderbolt|p2a: Bronthong
|-damage|p2a: Bronthong|43/100
|-status|p2a: Bronthong|par
|move|p2a: Bronthong|Future Sight|p1a: Raging Bolt
|-start|p2a: Bronthong|move: Future Sight
|
|-heal|p2a: Bronthong|49/100 par|[from] item: Leftovers
|upkeep
|turn|5
|
|t:|1743879781
|move|p1a: Raging Bolt|Dragon Pulse|p2a: Bronthong
|-resisted|p2a: Bronthong
|-damage|p2a: Bronthong|26/100 par
|cant|p2a: Bronthong|par
|
|-heal|p2a: Bronthong|32/100 par|[from] item: Leftovers
|upkeep
|turn|6
|
|t:|1743879787
|move|p1a: Raging Bolt|Thunderbolt|p2a: Bronthong
|-damage|p2a: Bronthong|0 fnt
|faint|p2a: Bronthong
|
|-end|p1a: Raging Bolt|move: Future Sight
|-damage|p1a: Raging Bolt|68/100
|upkeep
|
|t:|1743879792
|switch|p2a: Goobatron|Donphan, L1, F|100/100
|turn|7
|c|☆lolcano46|lol i got fucked like this in a battle too w the para
|
|t:|1743879797
|move|p1a: Raging Bolt|Dragon Pulse|p2a: Goobatron
|-ability|p2a: Goobatron|Sturdy
|-damage|p2a: Goobatron|8/100
|move|p2a: Goobatron|Endeavor|p1a: Raging Bolt
|-damage|p1a: Raging Bolt|1/100
|-heal|p2a: Goobatron|100/100|[from] item: Shell Bell|[of] p1a: Raging Bolt
|
|upkeep
|turn|8
|inactive|Eliano030 has 120 seconds left.
|inactive|Eliano030 has 90 seconds left.
|
|t:|1743879873
|-end|p1a: Raging Bolt|Protosynthesis|[silent]
|switch|p1a: Gengar|Gengar, M|100/100
|move|p2a: Goobatron|Ice Shard|p1a: Gengar
|-damage|p1a: Gengar|99/100
|
|upkeep
|turn|9
|c|☆Eliano030|ye man
|c|☆Eliano030|today not my day
|c|☆Eliano030|:D
|inactive|Eliano030 has 60 seconds left.
|
|t:|1743879898
|switch|p2a: Saltilter|Garganacl, M|100/100
|move|p1a: Gengar|Trick|p2a: Saltilter
|-activate|p1a: Gengar|move: Trick|[of] p2a: Saltilter
|-item|p2a: Saltilter|Choice Scarf|[from] move: Trick
|-item|p1a: Gengar|Leftovers|[from] move: Trick
|
|-heal|p1a: Gengar|100/100|[from] item: Leftovers
|upkeep
|turn|10
|
|t:|1743879908
|switch|p1a: Raging Bolt|Raging Bolt|1/100
|move|p2a: Saltilter|Salt Cure|p1a: Raging Bolt
|-damage|p1a: Raging Bolt|0 fnt
|faint|p1a: Raging Bolt
|-end|p1a: Raging Bolt|Protosynthesis|[silent]
|
|upkeep
|
|t:|1743879920
|switch|p1a: Azelf|Azelf|100/100
|turn|11
|
|t:|1743879923
|move|p1a: Azelf|Psychic|p2a: Saltilter
|-damage|p2a: Saltilter|55/100
|move|p2a: Saltilter|Salt Cure|p1a: Azelf
|-damage|p1a: Azelf|78/100
|-start|p1a: Azelf|Salt Cure
|
|-damage|p1a: Azelf|66/100|[from] Salt Cure
|upkeep
|turn|12
|inactive|Eliano030 has 90 seconds left.
|
|t:|1743879930
|switch|p2a: Mr Frogston|Greninja, M|100/100 par
|-terastallize|p1a: Azelf|Fairy
|move|p1a: Azelf|Dazzling Gleam|p2a: Mr Frogston
|-supereffective|p2a: Mr Frogston
|-damage|p2a: Mr Frogston|0 fnt
|faint|p2a: Mr Frogston
|
|-damage|p1a: Azelf|53/100|[from] Salt Cure
|upkeep
|c|☆Eliano030|damn
|inactive|Eliano030 has 90 seconds left.
|
|t:|1743879940
|switch|p2a: Bugs Bunny|Cinderace, M|100/100
|turn|13
|
|t:|1743879943
|move|p2a: Bugs Bunny|Pyro Ball|p1a: Azelf
|-damage|p1a: Azelf|0 fnt
|faint|p1a: Azelf
|
|upkeep
|
|t:|1743879946
|switch|p1a: Cinderace|Cinderace, M|100/100
|turn|14
|
|t:|1743879951
|move|p1a: Cinderace|Pyro Ball|p2a: Bugs Bunny
|-resisted|p2a: Bugs Bunny
|-damage|p2a: Bugs Bunny|61/100
|move|p2a: Bugs Bunny|High Jump Kick|p1a: Cinderace
|-start|p2a: Bugs Bunny|typechange|Fighting|[from] ability: Libero
|-damage|p1a: Cinderace|15/100
|
|upkeep
|turn|15
|
|t:|1743879958
|move|p1a: Cinderace|Pyro Ball|p2a: Bugs Bunny
|-damage|p2a: Bugs Bunny|0 fnt
|faint|p2a: Bugs Bunny
|
|upkeep
|
|t:|1743879962
|switch|p2a: Meow Meow|Meowscarada, F|100/100
|turn|16
|
|t:|1743879965
|move|p1a: Cinderace|Sucker Punch|p2a: Meow Meow
|-start|p1a: Cinderace|typechange|Dark|[from] ability: Libero
|-resisted|p2a: Meow Meow
|-damage|p2a: Meow Meow|73/100
|move|p2a: Meow Meow|U-turn|p1a: Cinderace
|-start|p2a: Meow Meow|typechange|Bug|[from] ability: Protean
|-supereffective|p1a: Cinderace
|-damage|p1a: Cinderace|0 fnt
|faint|p1a: Cinderace
|
|t:|1743879969
|switch|p2a: Saltilter|Garganacl, M|55/100|[from] U-turn
|
|upkeep
|
|t:|1743879978
|switch|p1a: Scizor|Scizor, M|100/100
|turn|17
|
|t:|1743879981
|move|p1a: Scizor|Close Combat|p2a: Saltilter
|-supereffective|p2a: Saltilter
|-damage|p2a: Saltilter|13/100
|-unboost|p1a: Scizor|def|1
|-unboost|p1a: Scizor|spd|1
|move|p2a: Saltilter|Salt Cure|p1a: Scizor
|-damage|p1a: Scizor|77/100
|-start|p1a: Scizor|Salt Cure
|
|-damage|p1a: Scizor|53/100|[from] Salt Cure
|upkeep
|turn|18
|
|t:|1743879985
|move|p1a: Scizor|Bullet Punch|p2a: Saltilter
|-supereffective|p2a: Saltilter
|-damage|p2a: Saltilter|0 fnt
|faint|p2a: Saltilter
|
|-damage|p1a: Scizor|28/100|[from] Salt Cure
|upkeep
|
|t:|1743879992
|switch|p2a: Goobatron|Donphan, L1, F|100/100
|turn|19
|
|t:|1743879996
|move|p1a: Scizor|Bullet Punch|p2a: Goobatron
|-ability|p2a: Goobatron|Sturdy
|-damage|p2a: Goobatron|8/100
|move|p2a: Goobatron|Sandstorm|p2a: Goobatron
|-weather|Sandstorm
|
|-weather|Sandstorm|[upkeep]
|-damage|p1a: Scizor|3/100|[from] Salt Cure
|upkeep
|turn|20
|
|t:|1743880005
|move|p2a: Goobatron|Protect|p2a: Goobatron
|-singleturn|p2a: Goobatron|Protect
|move|p1a: Scizor|Bullet Punch|p2a: Goobatron
|-activate|p2a: Goobatron|move: Protect
|
|-weather|Sandstorm|[upkeep]
|-damage|p1a: Scizor|0 fnt|[from] Salt Cure
|faint|p1a: Scizor
|upkeep
|
|t:|1743880009
|switch|p1a: Gengar|Gengar, M|100/100
|turn|21
|
|t:|1743880016
|move|p2a: Goobatron|Ice Shard|p1a: Gengar
|-damage|p1a: Gengar|99/100
|-heal|p2a: Goobatron|16/100|[from] item: Shell Bell|[of] p1a: Gengar
|move|p1a: Gengar|Sludge Bomb|p2a: Goobatron
|-resisted|p2a: Goobatron
|-damage|p2a: Goobatron|0 fnt
|faint|p2a: Goobatron
|
|-weather|Sandstorm|[upkeep]
|-damage|p1a: Gengar|94/100|[from] Sandstorm
|-heal|p1a: Gengar|99/100|[from] item: Leftovers
|upkeep
|
|t:|1743880018
|switch|p2a: Meow Meow|Meowscarada, F|73/100
|turn|22
|
|t:|1743880028
|-terastallize|p2a: Meow Meow|Dark
|move|p2a: Meow Meow|Knock Off|p1a: Gengar
|-supereffective|p1a: Gengar
|-damage|p1a: Gengar|0 fnt
|-enditem|p1a: Gengar|Leftovers|[from] move: Knock Off|[of] p2a: Meow Meow
|faint|p1a: Gengar
|
|-weather|Sandstorm|[upkeep]
|-damage|p2a: Meow Meow|67/100|[from] Sandstorm
|upkeep
|c|☆Eliano030|gg u win man
|
|t:|1743880036
|switch|p1a: Ogerpon|Ogerpon-Wellspring, F|100/100
|turn|23
|
|t:|1743880038
|move|p2a: Meow Meow|Knock Off|p1a: Ogerpon
|-damage|p1a: Ogerpon|49/100
|move|p1a: Ogerpon|Play Rough|p2a: Meow Meow|[miss]
|-miss|p1a: Ogerpon|p2a: Meow Meow
|
|-weather|none
|upkeep
|turn|24
|c|☆Eliano030|lol
|
|t:|1743880048
|move|p2a: Meow Meow|Knock Off|p1a: Ogerpon
|-damage|p1a: Ogerpon|0 fnt
|faint|p1a: Ogerpon
|
|win|Eliano030
|raw|lolcano46's rating: 1548 &rarr; <strong>1527</strong><br />(-21 for losing)
|raw|Eliano030's rating: 1528 &rarr; <strong>1549</strong><br />(+21 for winning)
|c|☆lolcano46|LOL no u did
|c|☆lolcano46|ggg
|c|☆Eliano030|for the paras
|l|☆lolcano46
|player|p1|
|c|☆Eliano030|haha
|c|☆Eliano030|gg
|l|☆Eliano030
|player|p2|
