|j|☆Jerry's 1 Fan
|j|☆Slim Summers
|t:|1743806308
|gametype|singles
|player|p1|Jerry's 1 Fan|169|1370
|player|p2|Slim Summers|blue|1432
|teamsize|p1|6
|teamsize|p2|6
|gen|9
|tier|[Gen 9] OU
|rated|
|rule|HP Percentage Mod: HP is shown in percentages
|rule|Endless Battle Clause: Forcing endless battles is banned
|rule|Species Clause: Limit one of each Pokémon
|rule|OHKO Clause: OHKO moves are banned
|rule|Evasion Items Clause: Evasion items are banned
|rule|Evasion Moves Clause: Evasion moves are banned
|rule|Sleep Moves Clause: Sleep-inducing moves are banned
|clearpoke
|poke|p1|Enamorus, F|
|poke|p1|Great Tusk|
|poke|p1|Iron Crown|
|poke|p1|Lokix, F|
|poke|p1|Alomomola, F|
|poke|p1|Ogerpon-Wellspring, F|
|poke|p2|Arcanine-Hisui, M|
|poke|p2|Dragonite, M|
|poke|p2|Zapdos|
|poke|p2|Tyranitar, M|
|poke|p2|Dragapult, M|
|poke|p2|Cobalion|
|teampreview
|inactive|Battle timer is ON: inactive players will automatically lose when time's up. (requested by Jerry's 1 Fan)
|
|t:|1743806322
|start
|switch|p1a: Braveheart|Iron Crown|100/100
|switch|p2a: Cobalion|Cobalion|100/100
|turn|1
|
|t:|1743806333
|move|p2a: Cobalion|Thunder Wave|p1a: Braveheart
|-status|p1a: Braveheart|par
|cant|p1a: Braveheart|par
|
|upkeep
|turn|2
|
|t:|1743806348
|move|p2a: Cobalion|Volt Switch|p1a: Braveheart
|-damage|p1a: Braveheart|88/100 par
|
|t:|1743806356
|switch|p2a: Dragapult|Dragapult, M|100/100|[from] Volt Switch
|move|p1a: Braveheart|Psychic Noise|p2a: Dragapult
|-damage|p2a: Dragapult|10/100
|-start|p2a: Dragapult|move: Heal Block
|
|upkeep
|turn|3
|
|t:|1743806366
|-end|p1a: Braveheart|Quark Drive|[silent]
|switch|p1a: Pisces|Alomomola, F, shiny|100/100
|move|p2a: Dragapult|Hex|p1a: Pisces
|-damage|p1a: Pisces|86/100
|
|-end|p2a: Dragapult|move: Heal Block
|upkeep
|turn|4
|
|t:|1743806377
|switch|p2a: Zapdos|Zapdos|100/100
|move|p1a: Pisces|Flip Turn|p2a: Zapdos
|-damage|p2a: Zapdos|89/100
|-status|p1a: Pisces|par|[from] ability: Static|[of] p2a: Zapdos
|
|t:|1743806387
|switch|p1a: Braveheart|Iron Crown|88/100 par|[from] Flip Turn
|
|upkeep
|turn|5
|
|t:|1743806394
|move|p2a: Zapdos|Volt Switch|p1a: Braveheart
|-damage|p1a: Braveheart|60/100 par
|
|t:|1743806401
|switch|p2a: Tyranitar|Tyranitar, M|100/100|[from] Volt Switch
|-weather|Sandstorm|[from] ability: Sand Stream|[of] p2a: Tyranitar
|move|p1a: Braveheart|Volt Switch|p2a: Tyranitar
|-damage|p2a: Tyranitar|87/100
|
|t:|1743806413
|-end|p1a: Braveheart|Quark Drive|[silent]
|switch|p1a: Joegerpon|Ogerpon-Wellspring, F|100/100|[from] Volt Switch
|
|-weather|Sandstorm|[upkeep]
|-damage|p1a: Joegerpon|95/100|[from] Sandstorm
|upkeep
|turn|6
|
|t:|1743806430
|switch|p2a: Cobalion|Cobalion|100/100
|move|p1a: Joegerpon|Ivy Cudgel|p2a: Cobalion|[anim] Ivy Cudgel Water
|-damage|p2a: Cobalion|61/100
|
|-weather|Sandstorm|[upkeep]
|-damage|p1a: Joegerpon|89/100|[from] Sandstorm
|upkeep
|turn|7
|
|t:|1743806438
|move|p1a: Joegerpon|Substitute|p1a: Joegerpon
|-start|p1a: Joegerpon|Substitute
|-damage|p1a: Joegerpon|64/100
|move|p2a: Cobalion|Body Press|p1a: Joegerpon
|-end|p1a: Joegerpon|Substitute
|
|-weather|Sandstorm|[upkeep]
|-damage|p1a: Joegerpon|58/100|[from] Sandstorm
|upkeep
|turn|8
|
|t:|1743806448
|switch|p1a: Pisces|Alomomola, F, shiny|100/100 par
|move|p2a: Cobalion|Body Press|p1a: Pisces
|-damage|p1a: Pisces|68/100 par
|
|-weather|Sandstorm|[upkeep]
|-damage|p1a: Pisces|62/100 par|[from] Sandstorm
|upkeep
|turn|9
|
|t:|1743806457
|move|p2a: Cobalion|Volt Switch|p1a: Pisces
|-supereffective|p1a: Pisces
|-damage|p1a: Pisces|50/100 par
|
|t:|1743806462
|switch|p2a: Zapdos|Zapdos|89/100|[from] Volt Switch
|cant|p1a: Pisces|par
|
|-weather|none
|upkeep
|turn|10
|
|t:|1743806480
|move|p2a: Zapdos|Hurricane|p1a: Pisces
|-damage|p1a: Pisces|26/100 par
|-start|p1a: Pisces|confusion
|-activate|p1a: Pisces|confusion
|cant|p1a: Pisces|par
|
|upkeep
|turn|11
|
|t:|1743806507
|move|p2a: Zapdos|Discharge|p1a: Pisces
|-supereffective|p1a: Pisces
|-damage|p1a: Pisces|0 fnt
|faint|p1a: Pisces
|
|upkeep
|
|t:|1743806513
|switch|p1a: Braveheart|Iron Crown|60/100 par
|turn|12
|
|t:|1743806523
|move|p2a: Zapdos|Volt Switch|p1a: Braveheart
|-damage|p1a: Braveheart|28/100 par
|
|t:|1743806527
|switch|p2a: Tyranitar|Tyranitar, M|87/100|[from] Volt Switch
|-weather|Sandstorm|[from] ability: Sand Stream|[of] p2a: Tyranitar
|move|p1a: Braveheart|Volt Switch|p2a: Tyranitar
|-damage|p2a: Tyranitar|73/100
|
|t:|1743806531
|-end|p1a: Braveheart|Quark Drive|[silent]
|switch|p1a: Joegerpon|Ogerpon-Wellspring, F|58/100|[from] Volt Switch
|
|-weather|Sandstorm|[upkeep]
|-damage|p1a: Joegerpon|52/100|[from] Sandstorm
|upkeep
|turn|13
|
|t:|1743806540
|move|p1a: Joegerpon|Ivy Cudgel|p2a: Tyranitar|[anim] Ivy Cudgel Water
|-supereffective|p2a: Tyranitar
|-damage|p2a: Tyranitar|0 fnt
|faint|p2a: Tyranitar
|
|-weather|Sandstorm|[upkeep]
|-damage|p1a: Joegerpon|46/100|[from] Sandstorm
|upkeep
|
|t:|1743806556
|switch|p2a: Dragapult|Dragapult, M|10/100
|turn|14
|
|t:|1743806564
|switch|p1a: Behemoth|Great Tusk, shiny|100/100
|move|p2a: Dragapult|U-turn|p1a: Behemoth
|-resisted|p1a: Behemoth
|-damage|p1a: Behemoth|94/100
|-damage|p2a: Dragapult|0 fnt|[from] item: Rocky Helmet|[of] p1a: Behemoth
|faint|p2a: Dragapult
|
|-weather|Sandstorm|[upkeep]
|upkeep
|
|t:|1743806572
|switch|p2a: Zapdos|Zapdos|89/100
|turn|15
|
|t:|1743806584
|-end|p1a: Behemoth|Protosynthesis|[silent]
|switch|p1a: Braveheart|Iron Crown|28/100 par
|move|p2a: Zapdos|Hurricane|p1a: Braveheart
|-resisted|p1a: Braveheart
|-damage|p1a: Braveheart|5/100 par
|-start|p1a: Braveheart|confusion
|
|-weather|Sandstorm|[upkeep]
|-damage|p2a: Zapdos|83/100|[from] Sandstorm
|upkeep
|turn|16
|
|t:|1743806593
|move|p2a: Zapdos|Discharge|p1a: Braveheart
|-damage|p1a: Braveheart|0 fnt
|faint|p1a: Braveheart
|-end|p1a: Braveheart|Quark Drive|[silent]
|
|-weather|none
|upkeep
|
|t:|1743806616
|switch|p1a: Gin|Enamorus, F, shiny|100/100
|turn|17
|
|t:|1743806626
|-terastallize|p1a: Gin|Fairy
|move|p1a: Gin|Moonblast|p2a: Zapdos
|-damage|p2a: Zapdos|16/100
|move|p2a: Zapdos|Discharge|p1a: Gin
|-damage|p1a: Gin|56/100
|-status|p1a: Gin|par
|
|upkeep
|turn|18
|c|☆Jerry's 1 Fan|LOL
|inactive|Jerry's 1 Fan has 120 seconds left.
|
|t:|1743806647
|cant|p1a: Gin|par
|move|p2a: Zapdos|Volt Switch|p1a: Gin
|-damage|p1a: Gin|13/100 par
|
|t:|1743806654
|switch|p2a: Arcanine|Arcanine-Hisui, M|100/100|[from] Volt Switch
|
|upkeep
|turn|19
|
|t:|1743806668
|move|p2a: Arcanine|Flare Blitz|p1a: Gin
|-crit|p1a: Gin
|-damage|p1a: Gin|0 fnt
|faint|p1a: Gin
|
|upkeep
|
|t:|1743806685
|switch|p1a: Joegerpon|Ogerpon-Wellspring, F|46/100
|turn|20
|
|t:|1743806707
|-terastallize|p2a: Arcanine|Normal
|move|p1a: Joegerpon|Ivy Cudgel|p2a: Arcanine|[anim] Ivy Cudgel Water
|-damage|p2a: Arcanine|31/100
|move|p2a: Arcanine|Flare Blitz|p1a: Joegerpon
|-damage|p1a: Joegerpon|0 fnt
|faint|p1a: Joegerpon
|
|upkeep
|
|t:|1743806713
|switch|p1a: Edgar|Lokix, F, shiny|100/100
|turn|21
|
|t:|1743806717
|move|p2a: Arcanine|Extreme Speed|p1a: Edgar
|-damage|p1a: Edgar|41/100
|move|p1a: Edgar|U-turn|p2a: Arcanine
|-damage|p2a: Arcanine|0 fnt
|faint|p2a: Arcanine
|
|t:|1743806719
|switch|p1a: Behemoth|Great Tusk, shiny|94/100|[from] U-turn
|
|upkeep
|
|t:|1743806730
|switch|p2a: Zapdos|Zapdos|16/100
|turn|22
|
|t:|1743806736
|move|p1a: Behemoth|Ice Spinner|p2a: Zapdos
|-supereffective|p2a: Zapdos
|-damage|p2a: Zapdos|0 fnt
|faint|p2a: Zapdos
|
|upkeep
|
|t:|1743806741
|switch|p2a: Dragonite|Dragonite, M|100/100
|turn|23
|
|t:|1743806752
|move|p1a: Behemoth|Rapid Spin|p2a: Dragonite
|-damage|p2a: Dragonite|90/100
|-boost|p1a: Behemoth|spe|1
|move|p2a: Dragonite|Dragon Dance|p2a: Dragonite
|-boost|p2a: Dragonite|atk|1
|-boost|p2a: Dragonite|spe|1
|
|upkeep
|turn|24
|
|t:|1743806759
|move|p2a: Dragonite|Extreme Speed|p1a: Behemoth
|-damage|p1a: Behemoth|62/100
|-damage|p2a: Dragonite|74/100|[from] item: Rocky Helmet|[of] p1a: Behemoth
|move|p1a: Behemoth|Ice Spinner|p2a: Dragonite
|-supereffective|p2a: Dragonite
|-damage|p2a: Dragonite|0 fnt
|faint|p2a: Dragonite
|
|upkeep
|-message|Slim Summers forfeited.
|
|win|Jerry's 1 Fan
|raw|Jerry&apos;s 1 Fan's rating: 1370 &rarr; <strong>1394</strong><br />(+24 for winning)
|raw|Slim Summers's rating: 1432 &rarr; <strong>1408</strong><br />(-24 for losing)
|l|☆Slim Summers
|player|p2|
