|j|☆babassss
|j|☆dajiangbanlema
|t:|1743932152
|gametype|singles
|player|p1|babassss|102|1630
|player|p2|dajiangbanlema|101|1652
|teamsize|p1|6
|teamsize|p2|6
|gen|9
|tier|[Gen 9] OU
|rated|
|rule|HP Percentage Mod: HP is shown in percentages
|rule|Endless Battle Clause: Forcing endless battles is banned
|rule|Species Clause: Limit one of each Pokémon
|rule|OHKO Clause: OHKO moves are banned
|rule|Evasion Items Clause: Evasion items are banned
|rule|Evasion Moves Clause: Evasion moves are banned
|rule|Sleep Moves Clause: Sleep-inducing moves are banned
|clearpoke
|poke|p1|Ninetales, F|
|poke|p1|Hatterene, F|
|poke|p1|Walking Wake|
|poke|p1|Scizor, F|
|poke|p1|Great Tusk|
|poke|p1|Typhlosion-Hisui, F|
|poke|p2|Ninetales, F|
|poke|p2|Walking Wake|
|poke|p2|Tornadus, M|
|poke|p2|Great Tusk|
|poke|p2|Cinderace, M|
|poke|p2|Glimmora, F|
|teampreview
|c|☆babassss|yo
|
|t:|1743932162
|start
|switch|p1a: Walking Wake|Walking Wake|100/100
|switch|p2a: Cinderace|Cinderace, M|100/100
|turn|1
|
|t:|1743932169
|move|p2a: Cinderace|High Jump Kick|p1a: Walking Wake
|-start|p2a: Cinderace|typechange|Fighting|[from] ability: Libero
|-damage|p1a: Walking Wake|0 fnt
|faint|p1a: Walking Wake
|-end|p1a: Walking Wake|Protosynthesis|[silent]
|
|upkeep
|
|t:|1743932180
|switch|p1a: Typhlosion|Typhlosion-Hisui, F|100/100
|turn|2
|
|t:|1743932189
|switch|p2a: Tornadus|Tornadus, M|100/100
|move|p1a: Typhlosion|Shadow Ball|p2a: Tornadus
|-damage|p2a: Tornadus|42/100
|-unboost|p2a: Tornadus|spd|1
|-enditem|p2a: Tornadus|Eject Button
|
|t:|1743932193
|switch|p2a: Glimmora|Glimmora, F|100/100
|
|upkeep
|turn|3
|inactive|Battle timer is ON: inactive players will automatically lose when time's up. (requested by babassss)
|
|t:|1743932200
|move|p1a: Typhlosion|Shadow Ball|p2a: Glimmora
|-crit|p2a: Glimmora
|-damage|p2a: Glimmora|0 fnt
|faint|p2a: Glimmora
|
|upkeep
|
|t:|1743932210
|switch|p2a: Walking Wake|Walking Wake|100/100
|turn|4
|
|t:|1743932215
|switch|p1a: Hatterene|Hatterene, F|100/100
|move|p2a: Walking Wake|Hydro Steam|p1a: Hatterene
|-damage|p1a: Hatterene|48/100
|-enditem|p1a: Hatterene|Eject Button
|
|t:|1743932239
|switch|p1a: Scizor|Scizor, F|100/100
|
|upkeep
|turn|5
|
|t:|1743932248
|move|p2a: Walking Wake|Hydro Steam|p1a: Scizor
|-damage|p1a: Scizor|45/100
|move|p1a: Scizor|U-turn|p2a: Walking Wake
|-damage|p2a: Walking Wake|33/100
|inactive|babassss has 120 seconds left.
|
|t:|1743932278
|switch|p1a: Ninetales|Ninetales, F, shiny|100/100|[from] U-turn
|-weather|SunnyDay|[from] ability: Drought|[of] p1a: Ninetales
|-activate|p2a: Walking Wake|ability: Protosynthesis
|-start|p2a: Walking Wake|protosynthesisspa
|
|-weather|SunnyDay|[upkeep]
|upkeep
|turn|6
|inactive|babassss has 120 seconds left.
|
|t:|1743932286
|-end|p2a: Walking Wake|Protosynthesis|[silent]
|switch|p2a: Ninetales|Ninetales, F|100/100
|-terastallize|p1a: Ninetales|Grass
|move|p1a: Ninetales|Will-O-Wisp|p2a: Ninetales
|-immune|p2a: Ninetales
|
|-weather|SunnyDay|[upkeep]
|upkeep
|turn|7
|j| plaketdefrein
|
|t:|1743932292
|switch|p1a: Hatterene|Hatterene, F|48/100
|move|p2a: Ninetales|Healing Wish|p2a: Ninetales
|faint|p2a: Ninetales
|
|-weather|SunnyDay|[upkeep]
|upkeep
|
|t:|1743932294
|switch|p2a: Walking Wake|Walking Wake|33/100
|-heal|p2a: Walking Wake|100/100|[from] move: Healing Wish
|-activate|p2a: Walking Wake|ability: Protosynthesis
|-start|p2a: Walking Wake|protosynthesisspa
|turn|8
|-message|babassss forfeited.
|
|win|dajiangbanlema
|raw|babassss's rating: 1630 &rarr; <strong>1611</strong><br />(-19 for losing)
|raw|dajiangbanlema's rating: 1652 &rarr; <strong>1671</strong><br />(+19 for winning)
|l|☆babassss
|player|p1|
|l|☆dajiangbanlema
|player|p2|
|l| plaketdefrein
