|j|☆Falling together
|j|☆Dbcool
|t:|1743788788
|gametype|singles
|player|p1|Falling together|266|
|player|p2|Dbcool|dahlia|
|teamsize|p1|6
|teamsize|p2|6
|gen|9
|tier|[Gen 9] OU
|rule|HP Percentage Mod: HP is shown in percentages
|rule|Endless Battle Clause: Forcing endless battles is banned
|rule|Species Clause: Limit one of each Pokémon
|rule|OHKO Clause: OHKO moves are banned
|rule|Evasion Items Clause: Evasion items are banned
|rule|Evasion Moves Clause: Evasion moves are banned
|rule|Sleep Moves Clause: Sleep-inducing moves are banned
|clearpoke
|poke|p1|Great Tusk|
|poke|p1|Azelf|
|poke|p1|Dragapult, F|
|poke|p1|Iron Crown|
|poke|p1|Clodsire, F|
|poke|p1|Greninja-*, M|
|poke|p2|Kyurem|
|poke|p2|Sinistcha|
|poke|p2|Weavile, M|
|poke|p2|Slowking-Galar, F|
|poke|p2|Gliscor, F|
|poke|p2|Ting-Lu|
|teampreview
|
|t:|1743788815
|start
|switch|p1a: Greninja|Greninja, M|100/100
|switch|p2a: Gliscor|Gliscor, F|100/100
|turn|1
|
|t:|1743788826
|-terastallize|p2a: Gliscor|Water
|move|p1a: Greninja|Dark Pulse|p2a: Gliscor
|-crit|p2a: Gliscor
|-damage|p2a: Gliscor|37/100
|-damage|p1a: Greninja|91/100|[from] item: Life Orb
|cant|p2a: Gliscor|flinch
|
|-status|p2a: Gliscor|tox|[from] item: Toxic Orb
|upkeep
|turn|2
|
|t:|1743788836
|move|p2a: Gliscor|Protect|p2a: Gliscor
|-singleturn|p2a: Gliscor|Protect
|move|p1a: Greninja|Dark Pulse|p2a: Gliscor
|-activate|p2a: Gliscor|move: Protect
|
|-heal|p2a: Gliscor|49/100 tox|[from] ability: Poison Heal
|upkeep
|turn|3
|
|t:|1743788841
|move|p1a: Greninja|Dark Pulse|p2a: Gliscor
|-damage|p2a: Gliscor|8/100 tox
|-damage|p1a: Greninja|81/100|[from] item: Life Orb
|move|p2a: Gliscor|Toxic|p1a: Greninja
|-status|p1a: Greninja|tox
|
|-damage|p1a: Greninja|75/100 tox|[from] psn
|-heal|p2a: Gliscor|21/100 tox|[from] ability: Poison Heal
|upkeep
|turn|4
|
|t:|1743788850
|switch|p1a: Iron Crown|Iron Crown|100/100
|move|p2a: Gliscor|Protect||[still]
|-fail|p2a: Gliscor
|
|-heal|p2a: Gliscor|33/100 tox|[from] ability: Poison Heal
|upkeep
|turn|5
|
|t:|1743788853
|move|p2a: Gliscor|Protect|p2a: Gliscor
|-singleturn|p2a: Gliscor|Protect
|move|p1a: Iron Crown|Volt Switch|p2a: Gliscor
|-activate|p2a: Gliscor|move: Protect
|
|-heal|p2a: Gliscor|46/100 tox|[from] ability: Poison Heal
|upkeep
|turn|6
|
|t:|1743788873
|switch|p2a: Ting-Lu|Ting-Lu|100/100
|-ability|p2a: Ting-Lu|Vessel of Ruin
|move|p1a: Iron Crown|Focus Blast|p2a: Ting-Lu
|-supereffective|p2a: Ting-Lu
|-damage|p2a: Ting-Lu|64/100
|
|upkeep
|turn|7
|
|t:|1743788890
|-end|p1a: Iron Crown|Quark Drive|[silent]
|switch|p1a: Great Tusk|Great Tusk|100/100
|move|p2a: Ting-Lu|Stealth Rock|p1a: Great Tusk
|-sidestart|p1: Falling together|move: Stealth Rock
|
|upkeep
|turn|8
|
|t:|1743788898
|switch|p2a: Sinistcha|Sinistcha, shiny|100/100
|move|p1a: Great Tusk|Ice Spinner|p2a: Sinistcha
|-supereffective|p2a: Sinistcha
|-damage|p2a: Sinistcha|54/100
|
|upkeep
|turn|9
|
|t:|1743788911
|-end|p1a: Great Tusk|Protosynthesis|[silent]
|switch|p1a: Dragapult|Dragapult, F|100/100
|-damage|p1a: Dragapult|88/100|[from] Stealth Rock
|move|p2a: Sinistcha|Strength Sap|p1a: Dragapult
|-unboost|p1a: Dragapult|atk|1
|-heal|p2a: Sinistcha|100/100
|
|upkeep
|turn|10
|
|t:|1743788928
|switch|p2a: Weavile|Weavile, M, shiny|100/100
|-ability|p2a: Weavile|Pressure
|move|p1a: Dragapult|U-turn|p2a: Weavile
|-supereffective|p2a: Weavile
|-damage|p2a: Weavile|61/100
|
|t:|1743788949
|switch|p1a: Great Tusk|Great Tusk|100/100|[from] U-turn
|-damage|p1a: Great Tusk|97/100|[from] Stealth Rock
|
|upkeep
|turn|11
|
|t:|1743788957
|switch|p2a: Sinistcha|Sinistcha, shiny|100/100
|move|p1a: Great Tusk|Rapid Spin|p2a: Sinistcha
|-immune|p2a: Sinistcha
|
|upkeep
|turn|12
|
|t:|1743788971
|move|p1a: Great Tusk|Bulk Up|p1a: Great Tusk
|-boost|p1a: Great Tusk|atk|1
|-boost|p1a: Great Tusk|def|1
|move|p2a: Sinistcha|Calm Mind|p2a: Sinistcha
|-boost|p2a: Sinistcha|spa|1
|-boost|p2a: Sinistcha|spd|1
|
|upkeep
|turn|13
|
|t:|1743788976
|move|p1a: Great Tusk|Ice Spinner|p2a: Sinistcha
|-supereffective|p2a: Sinistcha
|-damage|p2a: Sinistcha|42/100
|move|p2a: Sinistcha|Matcha Gotcha|p1a: Great Tusk
|-supereffective|p1a: Great Tusk
|-damage|p1a: Great Tusk|0 fnt
|-heal|p2a: Sinistcha|99/100|[from] drain|[of] p1a: Great Tusk
|faint|p1a: Great Tusk
|-end|p1a: Great Tusk|Protosynthesis|[silent]
|
|upkeep
|
|t:|1743788995
|switch|p1a: Dragapult|Dragapult, F|88/100
|-damage|p1a: Dragapult|76/100|[from] Stealth Rock
|turn|14
|
|t:|1743789000
|move|p1a: Dragapult|Flamethrower|p2a: Sinistcha
|-supereffective|p2a: Sinistcha
|-damage|p2a: Sinistcha|70/100
|move|p2a: Sinistcha|Shadow Ball|p1a: Dragapult
|-supereffective|p1a: Dragapult
|-damage|p1a: Dragapult|0 fnt
|faint|p1a: Dragapult
|
|upkeep
|
|t:|1743789013
|switch|p1a: Greninja|Greninja, M|75/100 tox
|-damage|p1a: Greninja|63/100 tox|[from] Stealth Rock
|turn|15
|
|t:|1743789016
|move|p1a: Greninja|Dark Pulse|p2a: Sinistcha
|-supereffective|p2a: Sinistcha
|-damage|p2a: Sinistcha|0 fnt
|faint|p2a: Sinistcha
|-ability|p1a: Greninja|Battle Bond|boost
|-boost|p1a: Greninja|atk|1
|-boost|p1a: Greninja|spa|1
|-boost|p1a: Greninja|spe|1
|-activate|p1a: Greninja|ability: Battle Bond
|-damage|p1a: Greninja|53/100 tox|[from] item: Life Orb
|
|-damage|p1a: Greninja|47/100 tox|[from] psn
|upkeep
|
|t:|1743789032
|switch|p2a: Kyurem|Kyurem, shiny|100/100
|-ability|p2a: Kyurem|Pressure
|turn|16
|
|t:|1743789040
|move|p1a: Greninja|Dark Pulse|p2a: Kyurem
|-crit|p2a: Kyurem
|-damage|p2a: Kyurem|17/100
|-damage|p1a: Greninja|37/100 tox|[from] item: Life Orb
|move|p2a: Kyurem|Scale Shot|p1a: Greninja
|-damage|p1a: Greninja|16/100 tox
|-damage|p1a: Greninja|0 fnt
|faint|p1a: Greninja
|-hitcount|p1: Greninja|2
|-unboost|p2a: Kyurem|def|1
|-boost|p2a: Kyurem|spe|1
|
|upkeep
|
|t:|1743789051
|switch|p1a: Clodsire|Clodsire, F|100/100
|-damage|p1a: Clodsire|94/100|[from] Stealth Rock
|turn|17
|
|t:|1743789060
|-terastallize|p1a: Clodsire|Dark
|move|p2a: Kyurem|Icicle Spear|p1a: Clodsire
|-damage|p1a: Clodsire|85/100
|-damage|p1a: Clodsire|75/100
|-hitcount|p1a: Clodsire|2
|move|p1a: Clodsire|Earthquake|p2a: Kyurem
|-damage|p2a: Kyurem|0 fnt
|faint|p2a: Kyurem
|
|-heal|p1a: Clodsire|82/100|[from] item: Leftovers
|upkeep
|
|t:|1743789070
|switch|p2a: Gliscor|Gliscor, F, tera:Water|46/100 tox
|turn|18
|
|t:|1743789074
|switch|p1a: Iron Crown|Iron Crown|100/100
|-damage|p1a: Iron Crown|94/100|[from] Stealth Rock
|move|p2a: Gliscor|Toxic|p1a: Iron Crown
|-immune|p1a: Iron Crown
|
|-heal|p2a: Gliscor|58/100 tox|[from] ability: Poison Heal
|upkeep
|turn|19
|
|t:|1743789084
|move|p2a: Gliscor|Protect|p2a: Gliscor
|-singleturn|p2a: Gliscor|Protect
|move|p1a: Iron Crown|Volt Switch|p2a: Gliscor
|-activate|p2a: Gliscor|move: Protect
|
|-heal|p2a: Gliscor|71/100 tox|[from] ability: Poison Heal
|upkeep
|turn|20
|
|t:|1743789093
|switch|p2a: Slowking|Slowking-Galar, F, shiny|100/100
|move|p1a: Iron Crown|Volt Switch|p2a: Slowking
|-damage|p2a: Slowking|88/100
|
|t:|1743789103
|-end|p1a: Iron Crown|Quark Drive|[silent]
|switch|p1a: Clodsire|Clodsire, F, tera:Dark|82/100|[from] Volt Switch
|-damage|p1a: Clodsire|69/100|[from] Stealth Rock
|
|-heal|p1a: Clodsire|75/100|[from] item: Leftovers
|upkeep
|turn|21
|
|t:|1743789110
|move|p1a: Clodsire|Spikes|p2a: Slowking
|-sidestart|p2: Dbcool|Spikes
|-prepare|p2a: Slowking|Chilly Reception|[premajor]
|move|p2a: Slowking|Chilly Reception|p2a: Slowking
|-weather|Snowscape
|
|t:|1743789114
|switch|p2a: Weavile|Weavile, M, shiny|61/100|[from] Chilly Reception
|-ability|p2a: Weavile|Pressure
|
|-weather|Snowscape|[upkeep]
|-heal|p1a: Clodsire|82/100|[from] item: Leftovers
|upkeep
|turn|22
|
|t:|1743789120
|move|p2a: Weavile|Swords Dance|p2a: Weavile
|-boost|p2a: Weavile|atk|2
|move|p1a: Clodsire|Toxic|p2a: Weavile
|-status|p2a: Weavile|tox
|
|-weather|Snowscape|[upkeep]
|-heal|p1a: Clodsire|88/100|[from] item: Leftovers
|-damage|p2a: Weavile|55/100 tox|[from] psn
|upkeep
|turn|23
|
|t:|1743789124
|move|p2a: Weavile|Triple Axel|p1a: Clodsire
|-damage|p1a: Clodsire|81/100
|-damage|p1a: Clodsire|65/100
|-damage|p1a: Clodsire|42/100
|-hitcount|p1a: Clodsire|3
|move|p1a: Clodsire|Recover|p1a: Clodsire
|-heal|p1a: Clodsire|92/100
|
|-weather|Snowscape|[upkeep]
|-heal|p1a: Clodsire|99/100|[from] item: Leftovers
|-damage|p2a: Weavile|43/100 tox|[from] psn
|upkeep
|turn|24
|
|t:|1743789135
|switch|p2a: Gliscor|Gliscor, F, tera:Water|71/100 tox
|-damage|p2a: Gliscor|58/100 tox|[from] Spikes
|move|p1a: Clodsire|Spikes|p2a: Gliscor
|-sidestart|p2: Dbcool|Spikes
|
|-weather|Snowscape|[upkeep]
|-heal|p1a: Clodsire|100/100|[from] item: Leftovers
|-heal|p2a: Gliscor|71/100 tox|[from] ability: Poison Heal
|upkeep
|turn|25
|
|t:|1743789141
|switch|p1a: Azelf|Azelf|100/100
|-damage|p1a: Azelf|88/100|[from] Stealth Rock
|move|p2a: Gliscor|Knock Off|p1a: Azelf
|-supereffective|p1a: Azelf
|-damage|p1a: Azelf|20/100
|-enditem|p1a: Azelf|Focus Sash|[from] move: Knock Off|[of] p2a: Gliscor
|
|-weather|none
|-heal|p2a: Gliscor|83/100 tox|[from] ability: Poison Heal
|upkeep
|turn|26
|
|t:|1743789150
|move|p2a: Gliscor|Protect|p2a: Gliscor
|-singleturn|p2a: Gliscor|Protect
|move|p1a: Azelf|Psychic|p2a: Gliscor
|-activate|p2a: Gliscor|move: Protect
|
|-heal|p2a: Gliscor|96/100 tox|[from] ability: Poison Heal
|upkeep
|turn|27
|
|t:|1743789154
|move|p1a: Azelf|Psychic|p2a: Gliscor
|-damage|p2a: Gliscor|67/100 tox
|move|p2a: Gliscor|Knock Off|p1a: Azelf
|-supereffective|p1a: Azelf
|-damage|p1a: Azelf|0 fnt
|faint|p1a: Azelf
|
|-heal|p2a: Gliscor|79/100 tox|[from] ability: Poison Heal
|upkeep
|
|t:|1743789158
|switch|p1a: Iron Crown|Iron Crown|94/100
|-damage|p1a: Iron Crown|88/100|[from] Stealth Rock
|turn|28
|
|t:|1743789164
|move|p2a: Gliscor|Protect|p2a: Gliscor
|-singleturn|p2a: Gliscor|Protect
|move|p1a: Iron Crown|Volt Switch|p2a: Gliscor
|-activate|p2a: Gliscor|move: Protect
|
|-heal|p2a: Gliscor|92/100 tox|[from] ability: Poison Heal
|upkeep
|turn|29
|
|t:|1743789168
|move|p1a: Iron Crown|Focus Blast|p2a: Gliscor
|-damage|p2a: Gliscor|55/100 tox
|move|p2a: Gliscor|Knock Off|p1a: Iron Crown
|-supereffective|p1a: Iron Crown
|-damage|p1a: Iron Crown|43/100
|-enditem|p1a: Iron Crown|Assault Vest|[from] move: Knock Off|[of] p2a: Gliscor
|
|-heal|p2a: Gliscor|68/100 tox|[from] ability: Poison Heal
|upkeep
|turn|30
|
|t:|1743789181
|move|p2a: Gliscor|Protect|p2a: Gliscor
|-singleturn|p2a: Gliscor|Protect
|move|p1a: Iron Crown|Volt Switch|p2a: Gliscor
|-activate|p2a: Gliscor|move: Protect
|
|-heal|p2a: Gliscor|80/100 tox|[from] ability: Poison Heal
|upkeep
|turn|31
|
|t:|1743789184
|move|p1a: Iron Crown|Focus Blast|p2a: Gliscor
|-damage|p2a: Gliscor|47/100 tox
|move|p2a: Gliscor|Knock Off|p1a: Iron Crown
|-supereffective|p1a: Iron Crown
|-crit|p1a: Iron Crown
|-damage|p1a: Iron Crown|0 fnt
|faint|p1a: Iron Crown
|-end|p1a: Iron Crown|Quark Drive|[silent]
|
|-heal|p2a: Gliscor|60/100 tox|[from] ability: Poison Heal
|upkeep
|
|t:|1743789186
|switch|p1a: Clodsire|Clodsire, F, tera:Dark|100/100
|-damage|p1a: Clodsire|88/100|[from] Stealth Rock
|turn|32
|
|t:|1743789191
|move|p2a: Gliscor|Toxic|p1a: Clodsire
|-status|p1a: Clodsire|tox
|move|p1a: Clodsire|Earthquake|p2a: Gliscor
|-damage|p2a: Gliscor|38/100 tox
|
|-heal|p1a: Clodsire|94/100 tox|[from] item: Leftovers
|-heal|p2a: Gliscor|50/100 tox|[from] ability: Poison Heal
|-damage|p1a: Clodsire|88/100 tox|[from] psn
|upkeep
|turn|33
|
|t:|1743789195
|move|p2a: Gliscor|Protect|p2a: Gliscor
|-singleturn|p2a: Gliscor|Protect
|move|p1a: Clodsire|Earthquake|p2a: Gliscor
|-activate|p2a: Gliscor|move: Protect
|
|-heal|p1a: Clodsire|94/100 tox|[from] item: Leftovers
|-heal|p2a: Gliscor|63/100 tox|[from] ability: Poison Heal
|-damage|p1a: Clodsire|82/100 tox|[from] psn
|upkeep
|turn|34
|
|t:|1743789197
|move|p2a: Gliscor|Knock Off|p1a: Clodsire
|-resisted|p1a: Clodsire
|-damage|p1a: Clodsire|73/100 tox
|-enditem|p1a: Clodsire|Leftovers|[from] move: Knock Off|[of] p2a: Gliscor
|move|p1a: Clodsire|Earthquake|p2a: Gliscor
|-damage|p2a: Gliscor|42/100 tox
|
|-heal|p2a: Gliscor|55/100 tox|[from] ability: Poison Heal
|-damage|p1a: Clodsire|55/100 tox|[from] psn
|upkeep
|turn|35
|
|t:|1743789199
|move|p2a: Gliscor|Protect|p2a: Gliscor
|-singleturn|p2a: Gliscor|Protect
|move|p1a: Clodsire|Spikes|p2a: Gliscor
|-sidestart|p2: Dbcool|Spikes
|
|-heal|p2a: Gliscor|67/100 tox|[from] ability: Poison Heal
|-damage|p1a: Clodsire|30/100 tox|[from] psn
|upkeep
|turn|36
|
|t:|1743789208
|move|p2a: Gliscor|Knock Off|p1a: Clodsire
|-resisted|p1a: Clodsire
|-damage|p1a: Clodsire|25/100 tox
|move|p1a: Clodsire|Recover|p1a: Clodsire
|-heal|p1a: Clodsire|75/100 tox
|
|-heal|p2a: Gliscor|80/100 tox|[from] ability: Poison Heal
|-damage|p1a: Clodsire|43/100 tox|[from] psn
|upkeep
|turn|37
|
|t:|1743789212
|move|p2a: Gliscor|Protect|p2a: Gliscor
|-singleturn|p2a: Gliscor|Protect
|move|p1a: Clodsire|Earthquake|p2a: Gliscor
|-activate|p2a: Gliscor|move: Protect
|
|-heal|p2a: Gliscor|92/100 tox|[from] ability: Poison Heal
|-damage|p1a: Clodsire|6/100 tox|[from] psn
|upkeep
|turn|38
|
|t:|1743789216
|switch|p2a: Slowking|Slowking-Galar, F, shiny|100/100
|move|p1a: Clodsire|Earthquake|p2a: Slowking
|-supereffective|p2a: Slowking
|-damage|p2a: Slowking|40/100
|
|-damage|p1a: Clodsire|0 fnt|[from] psn
|faint|p1a: Clodsire
|
|win|Dbcool
