|j|☆Karmacfo
|j|☆Emonstar
|t:|1743909806
|gametype|singles
|player|p1|Karmacfo|ethan-masters|1225
|player|p2|Emonstar|102|1315
|teamsize|p1|6
|teamsize|p2|6
|gen|9
|tier|[Gen 9] OU
|rated|
|rule|HP Percentage Mod: HP is shown in percentages
|rule|Endless Battle Clause: Forcing endless battles is banned
|rule|Species Clause: Limit one of each Pokémon
|rule|OHKO Clause: OHKO moves are banned
|rule|Evasion Items Clause: Evasion items are banned
|rule|Evasion Moves Clause: Evasion moves are banned
|rule|Sleep Moves Clause: Sleep-inducing moves are banned
|clearpoke
|poke|p1|Hatterene, F|
|poke|p1|Dragapult, F|
|poke|p1|Meowscarada, F|
|poke|p1|Iron Moth|
|poke|p1|Greninja-*, M|
|poke|p1|Great Tusk|
|poke|p2|Jolteon, F|
|poke|p2|Torkoal, F|
|poke|p2|Serperior, M|
|poke|p2|Araquanid, M|
|poke|p2|Krookodile, M|
|poke|p2|Indeedee, M|
|teampreview
|inactive|Battle timer is ON: inactive players will automatically lose when time's up. (requested by Emonstar)
|
|t:|1743909830
|start
|switch|p1a: Dragapult|Dragapult, F|100/100
|switch|p2a: Serperior|Serperior, M|100/100
|turn|1
|
|t:|1743909836
|move|p1a: Dragapult|Dragon Darts|p2a: Serperior
|-damage|p2a: Serperior|59/100
|-anim|p1a: Dragapult|Dragon Darts|p2a: Serperior
|-damage|p2a: Serperior|17/100
|move|p2a: Serperior|Glare|p1a: Dragapult
|-status|p1a: Dragapult|par
|
|-heal|p2a: Serperior|24/100|[from] item: Leftovers
|upkeep
|turn|2
|
|t:|1743909863
|switch|p2a: Torkoal|Torkoal, F|100/100
|move|p1a: Dragapult|Dragon Darts|p2a: Torkoal
|-damage|p2a: Torkoal|79/100
|-anim|p1a: Dragapult|Dragon Darts|p2a: Torkoal
|-damage|p2a: Torkoal|59/100
|
|upkeep
|turn|3
|inactive|Emonstar has 120 seconds left.
|
|t:|1743909887
|move|p1a: Dragapult|Dragon Darts|p2a: Torkoal
|-damage|p2a: Torkoal|36/100
|-anim|p1a: Dragapult|Dragon Darts|p2a: Torkoal
|-damage|p2a: Torkoal|16/100
|move|p2a: Torkoal|Shell Smash|p2a: Torkoal
|-unboost|p2a: Torkoal|def|1
|-unboost|p2a: Torkoal|spd|1
|-boost|p2a: Torkoal|atk|2
|-boost|p2a: Torkoal|spa|2
|-boost|p2a: Torkoal|spe|2
|-enditem|p2a: Torkoal|Eject Pack
|
|t:|1743909902
|switch|p2a: Jolteon|Jolteon, F|100/100
|
|upkeep
|turn|4
|
|t:|1743909906
|move|p2a: Jolteon|Copycat|p2a: Jolteon
|move|p2a: Jolteon|Shell Smash|p2a: Jolteon|[from] move: Copycat
|-unboost|p2a: Jolteon|def|1
|-unboost|p2a: Jolteon|spd|1
|-boost|p2a: Jolteon|atk|2
|-boost|p2a: Jolteon|spa|2
|-boost|p2a: Jolteon|spe|2
|-enditem|p2a: Jolteon|White Herb
|-clearnegativeboost|p2a: Jolteon|[silent]
|move|p1a: Dragapult|Dragon Darts|p2a: Jolteon
|-damage|p2a: Jolteon|26/100
|-anim|p1a: Dragapult|Dragon Darts|p2a: Jolteon
|-damage|p2a: Jolteon|0 fnt
|faint|p2a: Jolteon
|
|upkeep
|inactive|Emonstar has 120 seconds left.
|
|t:|1743909933
|switch|p2a: Krookodile|Krookodile, M|100/100
|turn|5
|inactive|Emonstar has 90 seconds left.
|
|t:|1743909955
|switch|p1a: Hatterene|Hatterene, F|100/100
|move|p2a: Krookodile|Knock Off|p1a: Hatterene
|-damage|p1a: Hatterene|27/100
|-enditem|p1a: Hatterene|Sitrus Berry|[from] move: Knock Off|[of] p2a: Krookodile
|
|upkeep
|turn|6
|
|t:|1743909961
|move|p2a: Krookodile|Knock Off|p1a: Hatterene
|-damage|p1a: Hatterene|0 fnt
|faint|p1a: Hatterene
|-ability|p2a: Krookodile|Moxie|boost
|-boost|p2a: Krookodile|atk|1
|
|upkeep
|
|t:|1743909971
|switch|p1a: Meowscarada|Meowscarada, F|100/100
|turn|7
|
|t:|1743909981
|switch|p2a: Torkoal|Torkoal, F|16/100
|move|p1a: Meowscarada|Flower Trick|p2a: Torkoal
|-start|p1a: Meowscarada|typechange|Grass|[from] ability: Protean
|-resisted|p2a: Torkoal
|-crit|p2a: Torkoal
|-damage|p2a: Torkoal|1/100
|
|upkeep
|turn|8
|inactive|Emonstar has 90 seconds left.
|
|t:|1743910008
|move|p1a: Meowscarada|Flower Trick|p2a: Torkoal
|-resisted|p2a: Torkoal
|-crit|p2a: Torkoal
|-damage|p2a: Torkoal|0 fnt
|faint|p2a: Torkoal
|
|upkeep
|
|t:|1743910014
|switch|p2a: Araquanid|Araquanid, M|100/100
|turn|9
|inactive|Emonstar has 90 seconds left.
|
|t:|1743910026
|move|p1a: Meowscarada|U-turn|p2a: Araquanid
|-damage|p2a: Araquanid|77/100
|
|t:|1743910031
|switch|p1a: Dragapult|Dragapult, F|100/100 par|[from] U-turn
|move|p2a: Araquanid|Liquidation|p1a: Dragapult
|-resisted|p1a: Dragapult
|-damage|p1a: Dragapult|54/100 par
|-unboost|p1a: Dragapult|def|1
|
|upkeep
|turn|10
|inactive|Emonstar has 90 seconds left.
|
|t:|1743910060
|move|p1a: Dragapult|Dragon Darts|p2a: Araquanid
|-damage|p2a: Araquanid|37/100
|-anim|p1a: Dragapult|Dragon Darts|p2a: Araquanid
|-damage|p2a: Araquanid|0 fnt
|faint|p2a: Araquanid
|
|upkeep
|-message|Emonstar forfeited.
|
|win|Karmacfo
|raw|Karmacfo's rating: 1225 &rarr; <strong>1256</strong><br />(+31 for winning)
|raw|Emonstar's rating: 1315 &rarr; <strong>1290</strong><br />(-25 for losing)
|l|☆Emonstar
|player|p2|
