|j|☆Frabie
|j|☆R41d3njh3m
|t:|1743784802
|gametype|singles
|player|p1|Frabie|hugh|1153
|player|p2|R41d3njh3m|lucas|1204
|teamsize|p1|6
|teamsize|p2|6
|gen|9
|tier|[Gen 9] OU
|rated|
|rule|HP Percentage Mod: HP is shown in percentages
|rule|Endless Battle Clause: Forcing endless battles is banned
|rule|Species Clause: Limit one of each Pokémon
|rule|OHKO Clause: OHKO moves are banned
|rule|Evasion Items Clause: Evasion items are banned
|rule|Evasion Moves Clause: Evasion moves are banned
|rule|Sleep Moves Clause: Sleep-inducing moves are banned
|clearpoke
|poke|p1|Skeledirge, F|
|poke|p1|Zarude-Dada|
|poke|p1|Breloom, M|
|poke|p1|Dragonite, M|
|poke|p1|Comfey, F|
|poke|p1|Cinccino, M|
|poke|p2|Gliscor, F|
|poke|p2|Tinkaton, F|
|poke|p2|Iron Moth|
|poke|p2|Samurott-Hisui, F|
|poke|p2|Kommo-o, M|
|poke|p2|Polteageist|
|teampreview
|
|t:|1743784807
|start
|switch|p1a: Breloom|Breloom, M|100/100
|switch|p2a: Kommo-o|Kommo-o, M, shiny|100/100
|turn|1
|
|t:|1743784815
|move|p2a: Kommo-o|Clangorous Soul|p2a: Kommo-o
|-boost|p2a: Kommo-o|atk|1
|-boost|p2a: Kommo-o|def|1
|-boost|p2a: Kommo-o|spa|1
|-boost|p2a: Kommo-o|spd|1
|-boost|p2a: Kommo-o|spe|1
|-damage|p2a: Kommo-o|68/100
|-enditem|p2a: Kommo-o|Throat Spray
|-boost|p2a: Kommo-o|spa|1|[from] item: Throat Spray
|move|p1a: Breloom|Swords Dance|p1a: Breloom
|-boost|p1a: Breloom|atk|2
|
|upkeep
|turn|2
|
|t:|1743784828
|move|p1a: Breloom|Mach Punch|p2a: Kommo-o
|-damage|p2a: Kommo-o|22/100
|move|p2a: Kommo-o|Flamethrower|p1a: Breloom
|-supereffective|p1a: Breloom
|-crit|p1a: Breloom
|-enditem|p1a: Breloom|Focus Sash
|-damage|p1a: Breloom|1/100
|-status|p1a: Breloom|brn
|
|-damage|p1a: Breloom|0 fnt|[from] brn
|faint|p1a: Breloom
|upkeep
|
|t:|1743784846
|switch|p1a: Dragonite|Dragonite, M|100/100
|turn|3
|
|t:|1743784858
|-terastallize|p2a: Kommo-o|Normal
|move|p1a: Dragonite|Extreme Speed|p2a: Kommo-o
|-damage|p2a: Kommo-o|2/100
|move|p2a: Kommo-o|Boomburst|p1a: Dragonite
|-damage|p1a: Dragonite|37/100
|
|upkeep
|turn|4
|
|t:|1743784867
|move|p2a: Kommo-o|Boomburst|p1a: Dragonite
|-damage|p1a: Dragonite|0 fnt
|faint|p1a: Dragonite
|
|upkeep
|
|t:|1743784875
|switch|p1a: Comfey|Comfey, F|100/100
|turn|5
|
|t:|1743784881
|move|p1a: Comfey|Draining Kiss|p2a: Kommo-o
|-damage|p2a: Kommo-o|0 fnt
|faint|p2a: Kommo-o
|
|upkeep
|
|t:|1743784887
|switch|p2a: Polteageist|Polteageist, shiny|100/100
|turn|6
|inactive|Battle timer is ON: inactive players will automatically lose when time's up. (requested by Frabie)
|
|t:|1743784891
|move|p2a: Polteageist|Shell Smash|p2a: Polteageist
|-unboost|p2a: Polteageist|def|1
|-unboost|p2a: Polteageist|spd|1
|-boost|p2a: Polteageist|atk|2
|-boost|p2a: Polteageist|spa|2
|-boost|p2a: Polteageist|spe|2
|-enditem|p2a: Polteageist|White Herb
|-clearnegativeboost|p2a: Polteageist|[silent]
|-enditem|p1a: Comfey|Mirror Herb
|-boost|p1a: Comfey|atk|2|[from] item: Mirror Herb
|-boost|p1a: Comfey|spa|2|[from] item: Mirror Herb
|-boost|p1a: Comfey|spe|2|[from] item: Mirror Herb
|move|p1a: Comfey|Calm Mind|p1a: Comfey
|-boost|p1a: Comfey|spa|1
|-boost|p1a: Comfey|spd|1
|
|upkeep
|turn|7
|
|t:|1743784904
|move|p2a: Polteageist|Stored Power|p1a: Comfey
|-damage|p1a: Comfey|29/100
|move|p1a: Comfey|Encore|p2a: Polteageist
|-start|p2a: Polteageist|Encore
|
|upkeep
|turn|8
|
|t:|1743784911
|move|p1a: Comfey|Draining Kiss|p2a: Polteageist
|-damage|p2a: Polteageist|43/100
|-heal|p1a: Comfey|72/100|[from] drain|[of] p2a: Polteageist
|move|p2a: Polteageist|Stored Power|p1a: Comfey
|-damage|p1a: Comfey|0 fnt
|faint|p1a: Comfey
|
|upkeep
|
|t:|1743784915
|switch|p1a: Skeledirge|Skeledirge, F, shiny|100/100
|turn|9
|
|t:|1743784927
|switch|p2a: Samurott|Samurott-Hisui, F, shiny|100/100
|move|p1a: Skeledirge|Torch Song|p2a: Samurott
|-resisted|p2a: Samurott
|-damage|p2a: Samurott|81/100
|-boost|p1a: Skeledirge|spa|1
|
|upkeep
|turn|10
|
|t:|1743784946
|move|p2a: Samurott|Aqua Cutter|p1a: Skeledirge
|-supereffective|p1a: Skeledirge
|-damage|p1a: Skeledirge|26/100
|move|p1a: Skeledirge|Shadow Ball|p2a: Samurott
|-resisted|p2a: Samurott
|-damage|p2a: Samurott|48/100
|
|-heal|p1a: Skeledirge|32/100|[from] item: Leftovers
|upkeep
|turn|11
|
|t:|1743784954
|move|p2a: Samurott|Ceaseless Edge|p1a: Skeledirge
|-supereffective|p1a: Skeledirge
|-damage|p1a: Skeledirge|0 fnt
|-sidestart|p1: Frabie|Spikes
|faint|p1a: Skeledirge
|
|upkeep
|
|t:|1743784977
|switch|p1a: Cinccino|Cinccino, M|100/100
|-damage|p1a: Cinccino|88/100|[from] Spikes
|turn|12
|
|t:|1743784984
|move|p1a: Cinccino|Tidy Up|p1a: Cinccino
|-sideend|p1: Frabie|Spikes
|-activate|p1a: Cinccino|move: Tidy Up
|-boost|p1a: Cinccino|atk|1
|-boost|p1a: Cinccino|spe|1
|move|p2a: Samurott|Sacred Sword|p1a: Cinccino
|-supereffective|p1a: Cinccino
|-damage|p1a: Cinccino|0 fnt
|faint|p1a: Cinccino
|
|upkeep
|
|t:|1743784987
|switch|p1a: Zarude|Zarude-Dada|100/100
|turn|13
|
|t:|1743784997
|move|p1a: Zarude|Swords Dance|p1a: Zarude
|-boost|p1a: Zarude|atk|2
|move|p2a: Samurott|Aqua Cutter|p1a: Zarude
|-resisted|p1a: Zarude
|-damage|p1a: Zarude|79/100
|
|upkeep
|turn|14
|
|t:|1743785003
|move|p1a: Zarude|Swords Dance|p1a: Zarude
|-boost|p1a: Zarude|atk|2
|move|p2a: Samurott|Sacred Sword|p1a: Zarude
|-supereffective|p1a: Zarude
|-damage|p1a: Zarude|5/100
|
|upkeep
|turn|15
|
|t:|1743785009
|move|p1a: Zarude|Trailblaze|p2a: Samurott
|-supereffective|p2a: Samurott
|-damage|p2a: Samurott|0 fnt
|-boost|p1a: Zarude|spe|1
|faint|p2a: Samurott
|
|upkeep
|
|t:|1743785019
|switch|p2a: Iron Moth|Iron Moth, shiny|100/100
|-enditem|p2a: Iron Moth|Booster Energy
|-activate|p2a: Iron Moth|ability: Quark Drive|[fromitem]
|-start|p2a: Iron Moth|quarkdrivespe
|turn|16
|
|t:|1743785026
|-terastallize|p1a: Zarude|Poison
|move|p2a: Iron Moth|Fiery Dance|p1a: Zarude
|-damage|p1a: Zarude|0 fnt
|-boost|p2a: Iron Moth|spa|1
|faint|p1a: Zarude
|
|win|R41d3njh3m
|raw|Frabie's rating: 1153 &rarr; <strong>1132</strong><br />(-21 for losing)
|raw|R41d3njh3m's rating: 1204 &rarr; <strong>1225</strong><br />(+21 for winning)
|l|☆Frabie
|player|p1|
|l|☆R41d3njh3m
|player|p2|
