|j|☆King Keita
|j|☆custer101
|t:|1743805590
|gametype|singles
|player|p1|King Keita|dancer|1302
|player|p2|custer101|101|1240
|teamsize|p1|6
|teamsize|p2|6
|gen|9
|tier|[Gen 9] OU
|rated|
|rule|HP Percentage Mod: HP is shown in percentages
|rule|Endless Battle Clause: Forcing endless battles is banned
|rule|Species Clause: Limit one of each Pokémon
|rule|OHKO Clause: OHKO moves are banned
|rule|Evasion Items Clause: Evasion items are banned
|rule|Evasion Moves Clause: Evasion moves are banned
|rule|Sleep Moves Clause: Sleep-inducing moves are banned
|clearpoke
|poke|p1|Hitmonchan, M|
|poke|p1|Shiftry, M|
|poke|p1|Typhlosion, M|
|poke|p1|Vikavolt, M|
|poke|p1|Noivern, M|
|poke|p1|Porygon-Z|
|poke|p2|Dragonite, F|
|poke|p2|Ting-Lu|
|poke|p2|Iron Moth|
|poke|p2|Iron Valiant|
|poke|p2|Kyurem|
|poke|p2|Gholdengo|
|teampreview
|inactive|Battle timer is ON: inactive players will automatically lose when time's up. (requested by King Keita)
|
|t:|1743805604
|start
|switch|p1a: Vikavolt|Vikavolt, M, shiny|100/100
|switch|p2a: Ting-Lu|Ting-Lu|100/100
|-ability|p2a: Ting-Lu|Vessel of Ruin
|turn|1
|
|t:|1743805613
|move|p2a: Ting-Lu|Taunt|p1a: Vikavolt
|-start|p1a: Vikavolt|move: Taunt
|move|p1a: Vikavolt|Bug Buzz|p2a: Ting-Lu
|-supereffective|p2a: Ting-Lu
|-damage|p2a: Ting-Lu|36/100
|
|upkeep
|turn|2
|
|t:|1743805624
|move|p2a: Ting-Lu|Stealth Rock|p1a: Vikavolt
|-sidestart|p1: King Keita|move: Stealth Rock
|move|p1a: Vikavolt|Bug Buzz|p2a: Ting-Lu
|-supereffective|p2a: Ting-Lu
|-damage|p2a: Ting-Lu|0 fnt
|faint|p2a: Ting-Lu
|
|upkeep
|
|t:|1743805633
|switch|p2a: Iron Moth|Iron Moth|100/100
|-enditem|p2a: Iron Moth|Booster Energy
|-activate|p2a: Iron Moth|ability: Quark Drive|[fromitem]
|-start|p2a: Iron Moth|quarkdrivespe
|turn|3
|
|t:|1743805640
|switch|p1a: Typhlosion|Typhlosion, M, shiny|100/100
|-damage|p1a: Typhlosion|76/100|[from] Stealth Rock
|move|p2a: Iron Moth|Fiery Dance|p1a: Typhlosion
|-start|p1a: Typhlosion|ability: Flash Fire
|
|upkeep
|turn|4
|
|t:|1743805648
|move|p2a: Iron Moth|Sludge Wave|p1a: Typhlosion
|-damage|p1a: Typhlosion|13/100
|move|p1a: Typhlosion|Scorching Sands|p2a: Iron Moth
|-supereffective|p2a: Iron Moth
|-damage|p2a: Iron Moth|13/100
|
|upkeep
|turn|5
|
|t:|1743805656
|move|p2a: Iron Moth|Sludge Wave|p1a: Typhlosion
|-damage|p1a: Typhlosion|0 fnt
|faint|p1a: Typhlosion
|
|upkeep
|
|t:|1743805661
|switch|p1a: Hitmonchan|Hitmonchan, M, shiny|100/100
|-damage|p1a: Hitmonchan|94/100|[from] Stealth Rock
|turn|6
|
|t:|1743805666
|-end|p2a: Iron Moth|Quark Drive|[silent]
|switch|p2a: Gholdengo|Gholdengo|100/100
|move|p1a: Hitmonchan|Bullet Punch|p2a: Gholdengo
|-resisted|p2a: Gholdengo
|-damage|p2a: Gholdengo|91/100
|
|upkeep
|turn|7
|
|t:|1743805676
|switch|p1a: Vikavolt|Vikavolt, M, shiny|100/100
|-damage|p1a: Vikavolt|76/100|[from] Stealth Rock
|move|p2a: Gholdengo|Dazzling Gleam|p1a: Vikavolt
|-damage|p1a: Vikavolt|51/100
|
|upkeep
|turn|8
|
|t:|1743805686
|switch|p2a: Kyurem|Kyurem|100/100
|-ability|p2a: Kyurem|Pressure
|move|p1a: Vikavolt|Discharge|p2a: Kyurem
|-resisted|p2a: Kyurem
|-damage|p2a: Kyurem|75/100
|-status|p2a: Kyurem|par
|
|upkeep
|turn|9
|
|t:|1743805696
|move|p2a: Kyurem|Scale Shot|p1a: Vikavolt
|-damage|p1a: Vikavolt|36/100
|-damage|p1a: Vikavolt|22/100
|-damage|p1a: Vikavolt|7/100
|-damage|p1a: Vikavolt|0 fnt
|faint|p1a: Vikavolt
|-hitcount|p1: Vikavolt|4
|-unboost|p2a: Kyurem|def|1
|-boost|p2a: Kyurem|spe|1
|
|upkeep
|inactive|King Keita has 120 seconds left.
|
|t:|1743805724
|switch|p1a: Shiftry|Shiftry, M, shiny|100/100
|-damage|p1a: Shiftry|88/100|[from] Stealth Rock
|turn|10
|
|t:|1743805732
|-terastallize|p1a: Shiftry|Fire
|move|p1a: Shiftry|Tailwind|p1a: Shiftry
|-sidestart|p1: King Keita|move: Tailwind
|-ability|p1a: Shiftry|Wind Rider|boost
|-boost|p1a: Shiftry|atk|1
|cant|p2a: Kyurem|par
|
|upkeep
|turn|11
|
|t:|1743805742
|move|p1a: Shiftry|Knock Off|p2a: Kyurem
|-damage|p2a: Kyurem|0 fnt
|-enditem|p2a: Kyurem|Loaded Dice|[from] move: Knock Off|[of] p1a: Shiftry
|faint|p2a: Kyurem
|
|upkeep
|inactive|custer101 has 120 seconds left.
|
|t:|1743805773
|switch|p2a: Iron Moth|Iron Moth|13/100
|turn|12
|
|t:|1743805777
|move|p1a: Shiftry|Knock Off|p2a: Iron Moth
|-crit|p2a: Iron Moth
|-damage|p2a: Iron Moth|0 fnt
|faint|p2a: Iron Moth
|-end|p2a: Iron Moth|Quark Drive|[silent]
|
|upkeep
|
|t:|1743805788
|switch|p2a: Gholdengo|Gholdengo|91/100
|turn|13
|
|t:|1743805792
|move|p1a: Shiftry|Knock Off|p2a: Gholdengo
|-supereffective|p2a: Gholdengo
|-damage|p2a: Gholdengo|0 fnt
|-enditem|p2a: Gholdengo|Choice Scarf|[from] move: Knock Off|[of] p1a: Shiftry
|faint|p2a: Gholdengo
|
|-sideend|p1: King Keita|move: Tailwind
|upkeep
|
|t:|1743805797
|switch|p2a: Dragonite|Dragonite, F|100/100
|turn|14
|
|t:|1743805804
|move|p1a: Shiftry|Tailwind|p1a: Shiftry
|-sidestart|p1: King Keita|move: Tailwind
|-ability|p1a: Shiftry|Wind Rider|boost
|-boost|p1a: Shiftry|atk|1
|move|p2a: Dragonite|Dragon Dance|p2a: Dragonite
|-boost|p2a: Dragonite|atk|1
|-boost|p2a: Dragonite|spe|1
|
|upkeep
|turn|15
|
|t:|1743805811
|move|p1a: Shiftry|Knock Off|p2a: Dragonite
|-damage|p2a: Dragonite|57/100
|-enditem|p2a: Dragonite|Heavy-Duty Boots|[from] move: Knock Off|[of] p1a: Shiftry
|move|p2a: Dragonite|Dragon Dance|p2a: Dragonite
|-boost|p2a: Dragonite|atk|1
|-boost|p2a: Dragonite|spe|1
|
|upkeep
|turn|16
|
|t:|1743805820
|-terastallize|p2a: Dragonite|Ground
|move|p1a: Shiftry|Knock Off|p2a: Dragonite
|-damage|p2a: Dragonite|0 fnt
|faint|p2a: Dragonite
|
|upkeep
|
|t:|1743805825
|switch|p2a: Iron Valiant|Iron Valiant|100/100
|-enditem|p2a: Iron Valiant|Booster Energy
|-activate|p2a: Iron Valiant|ability: Quark Drive|[fromitem]
|-start|p2a: Iron Valiant|quarkdrivespe
|turn|17
|
|t:|1743805831
|move|p1a: Shiftry|Bullet Seed|p2a: Iron Valiant
|-damage|p2a: Iron Valiant|74/100
|-damage|p2a: Iron Valiant|43/100
|-damage|p2a: Iron Valiant|15/100
|-damage|p2a: Iron Valiant|0 fnt
|faint|p2a: Iron Valiant
|-end|p2a: Iron Valiant|Quark Drive|[silent]
|-hitcount|p2: Iron Valiant|4
|
|win|King Keita
|raw|King Keita's rating: 1302 &rarr; <strong>1318</strong><br />(+16 for winning)
|raw|custer101's rating: 1240 &rarr; <strong>1219</strong><br />(-21 for losing)
|l|☆custer101
|player|p2|
|c|☆King Keita|Ggs
|l|☆King Keita
|player|p1|
