|j|☆peppinofuoco
|j|☆ndndnndbdbsh
|t:|1743856921
|gametype|singles
|player|p1|peppinofuoco|lucas|1000
|player|p2|ndndnndbdbsh|102|1040
|teamsize|p1|6
|teamsize|p2|6
|gen|9
|tier|[Gen 9] OU
|rated|
|rule|HP Percentage Mod: HP is shown in percentages
|rule|Endless Battle Clause: Forcing endless battles is banned
|rule|Species Clause: Limit one of each Pokémon
|rule|OHKO Clause: OHKO moves are banned
|rule|Evasion Items Clause: Evasion items are banned
|rule|Evasion Moves Clause: Evasion moves are banned
|rule|Sleep Moves Clause: Sleep-inducing moves are banned
|clearpoke
|poke|p1|Pecharunt|
|poke|p1|Gliscor, F|
|poke|p1|Ogerpon-Wellspring, F|
|poke|p1|Garganacl, F|
|poke|p1|Great Tusk|
|poke|p1|Kingambit, F|
|poke|p2|Lycanroc-Dusk, F|
|poke|p2|Kleavor, M|
|poke|p2|Carbink|
|poke|p2|Iron Boulder|
|poke|p2|Glimmora, M|
|poke|p2|Minior-Yellow|
|teampreview
|
|t:|1743856928
|start
|switch|p1a: Gliscor|Gliscor, F|100/100
|switch|p2a: Carbink|Carbink|100/100
|turn|1
|
|t:|1743856942
|move|p1a: Gliscor|Earthquake|p2a: Carbink
|-supereffective|p2a: Carbink
|-damage|p2a: Carbink|29/100
|move|p2a: Carbink|Reflect|p2a: Carbink
|-sidestart|p2: ndndnndbdbsh|Reflect
|
|-status|p1a: Gliscor|tox|[from] item: Toxic Orb
|upkeep
|turn|2
|
|t:|1743856952
|move|p1a: Gliscor|Earthquake|p2a: Carbink
|-supereffective|p2a: Carbink
|-damage|p2a: Carbink|0 fnt
|faint|p2a: Carbink
|
|upkeep
|
|t:|1743856963
|switch|p2a: Minior|Minior-Yellow|100/100
|-formechange|p2a: Minior|Minior-Meteor||[from] ability: Shields Down
|turn|3
|
|t:|1743856972
|move|p2a: Minior|Shell Smash|p2a: Minior
|-unboost|p2a: Minior|def|1
|-unboost|p2a: Minior|spd|1
|-boost|p2a: Minior|atk|2
|-boost|p2a: Minior|spa|2
|-boost|p2a: Minior|spe|2
|-enditem|p2a: Minior|White Herb
|-clearnegativeboost|p2a: Minior|[silent]
|move|p1a: Gliscor|Toxic Spikes|p2a: Minior
|-sidestart|p2: ndndnndbdbsh|move: Toxic Spikes
|
|upkeep
|turn|4
|
|t:|1743856988
|-terastallize|p2a: Minior|Rock
|move|p2a: Minior|Power Gem|p1a: Gliscor
|-damage|p1a: Gliscor|41/100 tox
|move|p1a: Gliscor|U-turn|p2a: Minior
|-damage|p2a: Minior|91/100
|
|t:|1743856999
|switch|p1a: Ogerpon|Ogerpon-Wellspring, F|100/100|[from] U-turn
|
|upkeep
|turn|5
|
|t:|1743857010
|move|p2a: Minior|Power Gem|p1a: Ogerpon
|-damage|p1a: Ogerpon|21/100
|move|p1a: Ogerpon|Swords Dance|p1a: Ogerpon
|-boost|p1a: Ogerpon|atk|2
|
|upkeep
|turn|6
|
|t:|1743857023
|move|p2a: Minior|Power Gem|p1a: Ogerpon
|-damage|p1a: Ogerpon|0 fnt
|faint|p1a: Ogerpon
|
|upkeep
|
|t:|1743857043
|switch|p1a: Garganacl|Garganacl, F|100/100
|turn|7
|
|t:|1743857048
|move|p2a: Minior|Scorching Sands|p1a: Garganacl
|-supereffective|p1a: Garganacl
|-damage|p1a: Garganacl|50/100
|move|p1a: Garganacl|Salt Cure|p2a: Minior
|-damage|p2a: Minior|81/100
|-start|p2a: Minior|Salt Cure
|
|-heal|p1a: Garganacl|56/100|[from] item: Leftovers
|-damage|p2a: Minior|69/100|[from] Salt Cure
|upkeep
|turn|8
|
|t:|1743857060
|move|p1a: Garganacl|Protect|p1a: Garganacl
|-singleturn|p1a: Garganacl|Protect
|move|p2a: Minior|Shell Smash|p2a: Minior
|-unboost|p2a: Minior|def|1
|-unboost|p2a: Minior|spd|1
|-boost|p2a: Minior|atk|2
|-boost|p2a: Minior|spa|2
|-boost|p2a: Minior|spe|2
|
|-heal|p1a: Garganacl|62/100|[from] item: Leftovers
|-damage|p2a: Minior|56/100|[from] Salt Cure
|-sideend|p2: ndndnndbdbsh|Reflect
|upkeep
|turn|9
|
|t:|1743857071
|move|p2a: Minior|Power Gem|p1a: Garganacl
|-damage|p1a: Garganacl|0 fnt
|faint|p1a: Garganacl
|
|-damage|p2a: Minior|44/100|[from] Salt Cure
|-formechange|p2a: Minior|Minior-Yellow||[from] ability: Shields Down
|upkeep
|
|t:|1743857081
|switch|p1a: Great Tusk|Great Tusk|100/100
|turn|10
|
|t:|1743857088
|move|p2a: Minior|Dazzling Gleam|p1a: Great Tusk
|-supereffective|p1a: Great Tusk
|-damage|p1a: Great Tusk|0 fnt
|faint|p1a: Great Tusk
|-end|p1a: Great Tusk|Protosynthesis|[silent]
|
|-damage|p2a: Minior|32/100|[from] Salt Cure
|upkeep
|
|t:|1743857096
|switch|p1a: Gliscor|Gliscor, F|41/100 tox
|turn|11
|
|t:|1743857102
|move|p1a: Gliscor|Protect|p1a: Gliscor
|-singleturn|p1a: Gliscor|Protect
|move|p2a: Minior|Power Gem|p1a: Gliscor
|-activate|p1a: Gliscor|move: Protect
|
|-heal|p1a: Gliscor|54/100 tox|[from] ability: Poison Heal
|-damage|p2a: Minior|20/100|[from] Salt Cure
|upkeep
|turn|12
|
|t:|1743857117
|move|p2a: Minior|Power Gem|p1a: Gliscor
|-damage|p1a: Gliscor|0 fnt
|faint|p1a: Gliscor
|
|-damage|p2a: Minior|7/100|[from] Salt Cure
|upkeep
|
|t:|1743857123
|switch|p1a: Pecharunt|Pecharunt|100/100
|-item|p1a: Pecharunt|Air Balloon
|turn|13
|
|t:|1743857132
|move|p2a: Minior|Power Gem|p1a: Pecharunt
|-damage|p1a: Pecharunt|0 fnt
|-enditem|p1a: Pecharunt|Air Balloon
|faint|p1a: Pecharunt
|
|-damage|p2a: Minior|0 fnt|[from] Salt Cure
|faint|p2a: Minior
|upkeep
|
|t:|1743857141
|switch|p2a: Glimmora|Glimmora, M|100/100
|switch|p1a: Kingambit|Kingambit, F|100/100
|-sideend|p2: ndndnndbdbsh|move: Toxic Spikes|[of] p2a: Glimmora
|-activate|p1a: Kingambit|ability: Supreme Overlord
|-start|p1a: Kingambit|fallen5|[silent]
|turn|14
|
|t:|1743857162
|move|p2a: Glimmora|Power Gem|p1a: Kingambit
|-resisted|p1a: Kingambit
|-damage|p1a: Kingambit|70/100
|move|p1a: Kingambit|Swords Dance|p1a: Kingambit
|-boost|p1a: Kingambit|atk|2
|
|upkeep
|turn|15
|
|t:|1743857177
|move|p2a: Glimmora|Power Gem|p1a: Kingambit
|-resisted|p1a: Kingambit
|-damage|p1a: Kingambit|40/100
|move|p1a: Kingambit|Iron Head|p2a: Glimmora
|-supereffective|p2a: Glimmora
|-damage|p2a: Glimmora|0 fnt
|-activate|p2a: Glimmora|ability: Toxic Debris
|-sidestart|p1: peppinofuoco|move: Toxic Spikes
|faint|p2a: Glimmora
|
|upkeep
|
|t:|1743857183
|switch|p2a: Lycanroc|Lycanroc-Dusk, F|100/100
|turn|16
|
|t:|1743857189
|move|p2a: Lycanroc|Accelerock|p1a: Kingambit
|-resisted|p1a: Kingambit
|-damage|p1a: Kingambit|26/100
|move|p1a: Kingambit|Iron Head|p2a: Lycanroc
|-supereffective|p2a: Lycanroc
|-damage|p2a: Lycanroc|0 fnt
|faint|p2a: Lycanroc
|
|upkeep
|
|t:|1743857194
|switch|p2a: Iron Boulder|Iron Boulder|100/100
|-enditem|p2a: Iron Boulder|Booster Energy
|-activate|p2a: Iron Boulder|ability: Quark Drive|[fromitem]
|-start|p2a: Iron Boulder|quarkdriveatk
|turn|17
|
|t:|1743857206
|move|p1a: Kingambit|Sucker Punch|p2a: Iron Boulder
|-supereffective|p2a: Iron Boulder
|-damage|p2a: Iron Boulder|0 fnt
|faint|p2a: Iron Boulder
|-end|p2a: Iron Boulder|Quark Drive|[silent]
|
|upkeep
|
|t:|1743857208
|switch|p2a: Kleavor|Kleavor, M|100/100
|turn|18
|
|t:|1743857218
|move|p2a: Kleavor|Stone Axe|p1a: Kingambit
|-resisted|p1a: Kingambit
|-damage|p1a: Kingambit|8/100
|-sidestart|p1: peppinofuoco|move: Stealth Rock
|move|p1a: Kingambit|Iron Head|p2a: Kleavor
|-supereffective|p2a: Kleavor
|-enditem|p2a: Kleavor|Focus Sash
|-damage|p2a: Kleavor|1/100
|
|upkeep
|turn|19
|
|t:|1743857230
|move|p1a: Kingambit|Sucker Punch||[still]
|-fail|p1a: Kingambit
|move|p2a: Kleavor|Agility|p2a: Kleavor
|-boost|p2a: Kleavor|spe|2
|
|upkeep
|turn|20
|
|t:|1743857238
|move|p1a: Kingambit|Sucker Punch||[still]
|-fail|p1a: Kingambit
|move|p2a: Kleavor|Swords Dance|p2a: Kleavor
|-boost|p2a: Kleavor|atk|2
|
|upkeep
|turn|21
|
|t:|1743857244
|move|p1a: Kingambit|Sucker Punch||[still]
|-fail|p1a: Kingambit
|move|p2a: Kleavor|Agility|p2a: Kleavor
|-boost|p2a: Kleavor|spe|2
|
|upkeep
|turn|22
|
|t:|1743857252
|move|p1a: Kingambit|Sucker Punch||[still]
|-fail|p1a: Kingambit
|move|p2a: Kleavor|Swords Dance|p2a: Kleavor
|-boost|p2a: Kleavor|atk|2
|
|upkeep
|turn|23
|
|t:|1743857259
|move|p1a: Kingambit|Sucker Punch||[still]
|-fail|p1a: Kingambit
|move|p2a: Kleavor|Agility|p2a: Kleavor
|-boost|p2a: Kleavor|spe|2
|
|upkeep
|turn|24
|
|t:|1743857267
|move|p1a: Kingambit|Sucker Punch|p2a: Kleavor
|-damage|p2a: Kleavor|0 fnt
|faint|p2a: Kleavor
|
|win|peppinofuoco
|raw|peppinofuoco's rating: 1000 &rarr; <strong>1045</strong><br />(+45 for winning)
|raw|ndndnndbdbsh's rating: 1040 &rarr; <strong>1022</strong><br />(-18 for losing)
|l|☆ndndnndbdbsh
|player|p2|
|l|☆peppinofuoco
|player|p1|
