|j|☆ethermane
|j|‽I am Patrat
|t:|1743790186
|gametype|singles
|player|p1|ethermane|170|1113
|player|p2|I am Patrat|169|1142
|teamsize|p1|6
|teamsize|p2|6
|gen|9
|tier|[Gen 9] OU
|rated|
|rule|HP Percentage Mod: HP is shown in percentages
|rule|Endless Battle Clause: Forcing endless battles is banned
|rule|Species Clause: Limit one of each Pokémon
|rule|OHKO Clause: OHKO moves are banned
|rule|Evasion Items Clause: Evasion items are banned
|rule|Evasion Moves Clause: Evasion moves are banned
|rule|Sleep Moves Clause: Sleep-inducing moves are banned
|clearpoke
|poke|p1|Gholdengo|
|poke|p1|Hydreigon, M|
|poke|p1|Meowscarada, M|
|poke|p1|Gliscor, M|
|poke|p1|Glastrier|
|poke|p1|Tauros-Paldea-Aqua, M|
|poke|p2|Glalie, M|
|poke|p2|Glaceon, F|
|poke|p2|Braviary, M|
|poke|p2|Meloetta|
|poke|p2|Comfey, F|
|poke|p2|Farigiraf, M|
|teampreview
|
|t:|1743790207
|start
|switch|p1a: water bufffalo|Tauros-Paldea-Aqua, M|100/100
|switch|p2a: Farigiraf|Farigiraf, M|100/100
|turn|1
|
|t:|1743790223
|move|p1a: water bufffalo|Earthquake|p2a: Farigiraf
|-damage|p2a: Farigiraf|72/100
|move|p2a: Farigiraf|Psyshock|p1a: water bufffalo
|-supereffective|p1a: water bufffalo
|-damage|p1a: water bufffalo|30/100
|
|-heal|p2a: Farigiraf|78/100|[from] item: Leftovers
|upkeep
|turn|2
|
|t:|1743790244
|move|p1a: water bufffalo|Raging Bull|p2a: Farigiraf
|-damage|p2a: Farigiraf|40/100
|move|p2a: Farigiraf|Psyshock|p1a: water bufffalo
|-supereffective|p1a: water bufffalo
|-damage|p1a: water bufffalo|0 fnt
|faint|p1a: water bufffalo
|
|-heal|p2a: Farigiraf|46/100|[from] item: Leftovers
|upkeep
|
|t:|1743790257
|switch|p1a: Glastrier|Glastrier|100/100
|turn|3
|
|t:|1743790275
|move|p1a: Glastrier|High Horsepower|p2a: Farigiraf
|-damage|p2a: Farigiraf|13/100
|move|p2a: Farigiraf|Hyper Voice|p1a: Glastrier
|-damage|p1a: Glastrier|60/100
|
|-heal|p2a: Farigiraf|19/100|[from] item: Leftovers
|upkeep
|turn|4
|
|t:|1743790287
|move|p1a: Glastrier|High Horsepower|p2a: Farigiraf
|-damage|p2a: Farigiraf|0 fnt
|faint|p2a: Farigiraf
|-ability|p1a: Glastrier|Chilling Neigh|boost
|-boost|p1a: Glastrier|atk|1
|
|upkeep
|
|t:|1743790298
|switch|p2a: Braviary|Braviary, M|100/100
|turn|5
|
|t:|1743790310
|switch|p1a: MR CHHESE|Gholdengo|100/100
|move|p2a: Braviary|Iron Head|p1a: MR CHHESE
|-resisted|p1a: MR CHHESE
|-crit|p1a: MR CHHESE
|-damage|p1a: MR CHHESE|62/100
|
|upkeep
|turn|6
|
|t:|1743790325
|switch|p2a: Meloetta|Meloetta|100/100
|move|p1a: MR CHHESE|Make It Rain|p2a: Meloetta
|-damage|p2a: Meloetta|54/100
|-unboost|p1a: MR CHHESE|spa|1
|
|upkeep
|turn|7
|
|t:|1743790335
|switch|p1a: Glisdrip|Gliscor, M, shiny|100/100
|move|p2a: Meloetta|Shadow Ball|p1a: Glisdrip
|-damage|p1a: Glisdrip|49/100
|-damage|p2a: Meloetta|44/100|[from] item: Life Orb
|
|-status|p1a: Glisdrip|tox|[from] item: Toxic Orb
|upkeep
|turn|8
|
|t:|1743790348
|move|p2a: Meloetta|Shadow Ball|p1a: Glisdrip
|-damage|p1a: Glisdrip|4/100 tox
|-damage|p2a: Meloetta|34/100|[from] item: Life Orb
|move|p1a: Glisdrip|Earthquake|p2a: Meloetta
|-damage|p2a: Meloetta|0 fnt
|faint|p2a: Meloetta
|
|-heal|p1a: Glisdrip|16/100 tox|[from] ability: Poison Heal
|upkeep
|
|t:|1743790359
|switch|p2a: Comfey|Comfey, F|100/100
|turn|9
|
|t:|1743790372
|switch|p1a: MR CHHESE|Gholdengo|62/100
|move|p2a: Comfey|Leech Seed|p1a: MR CHHESE
|-immune|p1a: MR CHHESE|[from] ability: Good as Gold
|
|upkeep
|turn|10
|
|t:|1743790388
|switch|p2a: Braviary|Braviary, M|100/100
|move|p1a: MR CHHESE|Make It Rain|p2a: Braviary
|-damage|p2a: Braviary|20/100
|-unboost|p1a: MR CHHESE|spa|1
|
|upkeep
|turn|11
|
|t:|1743790403
|switch|p1a: black man|Hydreigon, M, shiny|100/100
|move|p2a: Braviary|Body Slam|p1a: black man
|-damage|p1a: black man|23/100
|-damage|p2a: Braviary|4/100|[from] item: Rocky Helmet|[of] p1a: black man
|
|upkeep
|turn|12
|
|t:|1743790416
|switch|p1a: furry|Meowscarada, M|100/100
|move|p2a: Braviary|Iron Head|p1a: furry
|-damage|p1a: furry|33/100
|
|upkeep
|turn|13
|
|t:|1743790423
|move|p1a: furry|Sucker Punch|p2a: Braviary
|-start|p1a: furry|typechange|Dark|[from] ability: Protean
|-damage|p2a: Braviary|0 fnt
|faint|p2a: Braviary
|
|upkeep
|
|t:|1743790431
|switch|p2a: Comfey|Comfey, F|100/100
|turn|14
|
|t:|1743790443
|switch|p1a: Glastrier|Glastrier|60/100
|move|p2a: Comfey|Calm Mind|p2a: Comfey
|-boost|p2a: Comfey|spa|1
|-boost|p2a: Comfey|spd|1
|
|upkeep
|turn|15
|
|t:|1743790459
|move|p2a: Comfey|Draining Kiss|p1a: Glastrier
|-damage|p1a: Glastrier|28/100
|move|p1a: Glastrier|High Horsepower|p2a: Comfey|[miss]
|-miss|p1a: Glastrier|p2a: Comfey
|
|upkeep
|turn|16
|
|t:|1743790465
|move|p1a: Glastrier|High Horsepower|p2a: Comfey
|-damage|p2a: Comfey|56/100
|move|p2a: Comfey|Calm Mind|p2a: Comfey
|-boost|p2a: Comfey|spa|1
|-boost|p2a: Comfey|spd|1
|
|-heal|p2a: Comfey|63/100|[from] item: Leftovers
|upkeep
|turn|17
|
|t:|1743790474
|move|p2a: Comfey|Draining Kiss|p1a: Glastrier
|-damage|p1a: Glastrier|0 fnt
|-heal|p2a: Comfey|86/100|[from] drain|[of] p1a: Glastrier
|faint|p1a: Glastrier
|
|-heal|p2a: Comfey|92/100|[from] item: Leftovers
|upkeep
|
|t:|1743790482
|switch|p1a: furry|Meowscarada, M|33/100
|turn|18
|
|t:|1743790491
|move|p2a: Comfey|Draining Kiss|p1a: furry
|-supereffective|p1a: furry
|-damage|p1a: furry|0 fnt
|-heal|p2a: Comfey|100/100|[from] drain|[of] p1a: furry
|faint|p1a: furry
|
|upkeep
|
|t:|1743790501
|switch|p1a: MR CHHESE|Gholdengo|62/100
|turn|19
|c|☆ethermane|ur lowk spamming
|c|☆ethermane|which is annoying
|
|t:|1743790536
|move|p2a: Comfey|Draining Kiss|p1a: MR CHHESE
|-resisted|p1a: MR CHHESE
|-damage|p1a: MR CHHESE|37/100
|move|p1a: MR CHHESE|Make It Rain|p2a: Comfey
|-supereffective|p2a: Comfey
|-crit|p2a: Comfey
|-damage|p2a: Comfey|0 fnt
|-unboost|p1a: MR CHHESE|spa|1
|faint|p2a: Comfey
|
|upkeep
|c|☆ethermane|finnaly
|
|t:|1743790547
|switch|p2a: Glalie|Glalie, M|100/100
|turn|20
|
|t:|1743790556
|switch|p1a: black man|Hydreigon, M, shiny|23/100
|move|p2a: Glalie|Chilling Water|p1a: black man
|-resisted|p1a: black man
|-damage|p1a: black man|17/100
|-unboost|p1a: black man|atk|1
|
|upkeep
|turn|21
|
|t:|1743790568
|switch|p2a: Glaceon|Glaceon, F|100/100
|-terastallize|p1a: black man|Dark
|move|p1a: black man|Dark Pulse|p2a: Glaceon
|-damage|p2a: Glaceon|45/100
|
|upkeep
|turn|22
|
|t:|1743790580
|move|p1a: black man|Dark Pulse|p2a: Glaceon
|-damage|p2a: Glaceon|0 fnt
|faint|p2a: Glaceon
|
|upkeep
|
|t:|1743790584
|switch|p2a: Glalie|Glalie, M|100/100
|turn|23
|
|t:|1743790591
|move|p2a: Glalie|Freeze-Dry|p1a: black man
|-damage|p1a: black man|0 fnt
|faint|p1a: black man
|
|upkeep
|
|t:|1743790597
|switch|p1a: Glisdrip|Gliscor, M, shiny|16/100 tox
|turn|24
|
|t:|1743790602
|move|p2a: Glalie|Freeze-Dry|p1a: Glisdrip
|-supereffective|p1a: Glisdrip
|-damage|p1a: Glisdrip|0 fnt
|faint|p1a: Glisdrip
|
|upkeep
|
|t:|1743790607
|switch|p1a: MR CHHESE|Gholdengo|37/100
|turn|25
|
|t:|1743790613
|-terastallize|p2a: Glalie|Ice
|move|p1a: MR CHHESE|Make It Rain|p2a: Glalie
|-supereffective|p2a: Glalie
|-damage|p2a: Glalie|0 fnt
|-unboost|p1a: MR CHHESE|spa|1
|faint|p2a: Glalie
|
|win|ethermane
|raw|ethermane's rating: 1113 &rarr; <strong>1140</strong><br />(+27 for winning)
|raw|I am Patrat's rating: 1142 &rarr; <strong>1115</strong><br />(-27 for losing)
|c|☆ethermane|YYES
|l|‽I am Patrat
|player|p2|
|c|☆ethermane|EZ
|l|☆ethermane
|player|p1|
|j|‽I am Patrat
|player|p2|I am Patrat|169|
|n|‽I am Patrat|iampatrat
|l|‽I am Patrat
|player|p2|
|j|☆ethermane
|player|p1|ethermane|170|
