|j|☆rising skies
|j|☆hariolos
|t:|1743861480
|gametype|singles
|player|p1|rising skies|2|1418
|player|p2|hariolos|hooligans|1368
|teamsize|p1|6
|teamsize|p2|6
|gen|9
|tier|[Gen 9] OU
|rated|
|rule|HP Percentage Mod: HP is shown in percentages
|rule|Endless Battle Clause: Forcing endless battles is banned
|rule|Species Clause: Limit one of each Pokémon
|rule|OHKO Clause: OHKO moves are banned
|rule|Evasion Items Clause: Evasion items are banned
|rule|Evasion Moves Clause: Evasion moves are banned
|rule|Sleep Moves Clause: Sleep-inducing moves are banned
|clearpoke
|poke|p1|Staraptor, F|
|poke|p1|Iron Hands|
|poke|p1|Empoleon, F|
|poke|p1|Hoopa-Unbound|
|poke|p1|Vikavolt, F|
|poke|p1|Great Tusk|
|poke|p2|Ninetales-Alola, F|
|poke|p2|Cetitan, F|
|poke|p2|Hatterene, F|
|poke|p2|Dragapult, F|
|poke|p2|Iron Moth|
|poke|p2|Weavile, M|
|teampreview
|inactive|Battle timer is ON: inactive players will automatically lose when time's up. (requested by rising skies)
|
|t:|1743861493
|start
|switch|p1a: Empoleon|Empoleon, F|100/100
|switch|p2a: Dragapult|Dragapult, F|100/100
|turn|1
|
|t:|1743861507
|move|p2a: Dragapult|U-turn|p1a: Empoleon
|-resisted|p1a: Empoleon
|-damage|p1a: Empoleon|91/100
|
|t:|1743861509
|switch|p2a: Hatterene|Hatterene, F|100/100|[from] U-turn
|move|p1a: Empoleon|Flash Cannon|p2a: Hatterene
|-supereffective|p2a: Hatterene
|-damage|p2a: Hatterene|25/100
|-enditem|p2a: Hatterene|Eject Button
|
|t:|1743861521
|switch|p2a: Dragapult|Dragapult, F|100/100
|
|-heal|p1a: Empoleon|97/100|[from] item: Leftovers
|upkeep
|turn|2
|
|t:|1743861530
|move|p2a: Dragapult|Shadow Ball|p1a: Empoleon
|-crit|p1a: Empoleon
|-damage|p1a: Empoleon|40/100
|move|p1a: Empoleon|Flash Cannon|p2a: Dragapult
|-damage|p2a: Dragapult|49/100
|
|-heal|p1a: Empoleon|47/100|[from] item: Leftovers
|upkeep
|turn|3
|
|t:|1743861548
|switch|p2a: Iron Moth|Iron Moth|100/100
|move|p1a: Empoleon|Roost|p1a: Empoleon
|-heal|p1a: Empoleon|97/100
|-singleturn|p1a: Empoleon|move: Roost
|
|-heal|p1a: Empoleon|100/100|[from] item: Leftovers
|upkeep
|turn|4
|
|t:|1743861556
|move|p2a: Iron Moth|Fiery Dance|p1a: Empoleon
|-damage|p1a: Empoleon|67/100
|-boost|p2a: Iron Moth|spa|1
|move|p1a: Empoleon|Surf|p2a: Iron Moth
|-supereffective|p2a: Iron Moth
|-damage|p2a: Iron Moth|17/100
|
|-heal|p1a: Empoleon|73/100|[from] item: Leftovers
|upkeep
|turn|5
|
|t:|1743861565
|move|p2a: Iron Moth|Fiery Dance|p1a: Empoleon
|-damage|p1a: Empoleon|19/100
|-boost|p2a: Iron Moth|spa|1
|move|p1a: Empoleon|Flip Turn|p2a: Iron Moth
|-supereffective|p2a: Iron Moth
|-damage|p2a: Iron Moth|0 fnt
|faint|p2a: Iron Moth
|-end|p2a: Iron Moth|Quark Drive|[silent]
|
|t:|1743861575
|switch|p1a: Vikavolt|Vikavolt, F|100/100|[from] Flip Turn
|
|upkeep
|
|t:|1743861582
|switch|p2a: Dragapult|Dragapult, F|49/100
|turn|6
|
|t:|1743861586
|switch|p1a: Empoleon|Empoleon, F|19/100
|move|p2a: Dragapult|U-turn|p1a: Empoleon
|-resisted|p1a: Empoleon
|-damage|p1a: Empoleon|9/100
|
|t:|1743861594
|switch|p2a: Cetitan|Cetitan, F|100/100|[from] U-turn
|
|-heal|p1a: Empoleon|15/100|[from] item: Leftovers
|upkeep
|turn|7
|
|t:|1743861600
|move|p2a: Cetitan|Knock Off|p1a: Empoleon
|-damage|p1a: Empoleon|0 fnt
|-enditem|p1a: Empoleon|Leftovers|[from] move: Knock Off|[of] p2a: Cetitan
|faint|p1a: Empoleon
|
|upkeep
|
|t:|1743861609
|switch|p1a: Iron Hands|Iron Hands|100/100
|turn|8
|
|t:|1743861623
|switch|p2a: Hatterene|Hatterene, F|25/100
|move|p1a: Iron Hands|Drain Punch|p2a: Hatterene
|-resisted|p2a: Hatterene
|-damage|p2a: Hatterene|15/100
|
|upkeep
|turn|9
|
|t:|1743861629
|move|p1a: Iron Hands|Thunder Punch|p2a: Hatterene
|-damage|p2a: Hatterene|0 fnt
|faint|p2a: Hatterene
|
|upkeep
|
|t:|1743861634
|switch|p2a: Ninetales|Ninetales-Alola, F|100/100
|-weather|Snowscape|[from] ability: Snow Warning|[of] p2a: Ninetales
|turn|10
|
|t:|1743861640
|-end|p1a: Iron Hands|Quark Drive|[silent]
|switch|p1a: Vikavolt|Vikavolt, F|100/100
|move|p2a: Ninetales|Aurora Veil|p2a: Ninetales
|-sidestart|p2: hariolos|move: Aurora Veil
|
|-weather|Snowscape|[upkeep]
|upkeep
|turn|11
|
|t:|1743861646
|switch|p2a: Cetitan|Cetitan, F|100/100
|move|p1a: Vikavolt|Sticky Web|p2a: Cetitan
|-sidestart|p2: hariolos|move: Sticky Web
|
|-weather|Snowscape|[upkeep]
|upkeep
|turn|12
|
|t:|1743861651
|move|p2a: Cetitan|Belly Drum|p2a: Cetitan
|-damage|p2a: Cetitan|50/100
|-setboost|p2a: Cetitan|atk|6|[from] move: Belly Drum
|-enditem|p2a: Cetitan|Sitrus Berry|[eat]
|-heal|p2a: Cetitan|75/100|[from] item: Sitrus Berry
|move|p1a: Vikavolt|Bug Buzz|p2a: Cetitan
|-damage|p2a: Cetitan|44/100
|
|-weather|Snowscape|[upkeep]
|upkeep
|turn|13
|
|t:|1743861662
|move|p2a: Cetitan|Knock Off|p1a: Vikavolt
|-damage|p1a: Vikavolt|0 fnt
|-enditem|p1a: Vikavolt|Heavy-Duty Boots|[from] move: Knock Off|[of] p2a: Cetitan
|faint|p1a: Vikavolt
|
|-weather|Snowscape|[upkeep]
|upkeep
|
|t:|1743861669
|switch|p1a: Iron Hands|Iron Hands|100/100
|turn|14
|
|t:|1743861679
|move|p2a: Cetitan|Earthquake|p1a: Iron Hands
|-supereffective|p1a: Iron Hands
|-damage|p1a: Iron Hands|0 fnt
|faint|p1a: Iron Hands
|-end|p1a: Iron Hands|Quark Drive|[silent]
|
|-weather|Snowscape|[upkeep]
|-sideend|p2: hariolos|move: Aurora Veil
|upkeep
|-message|rising skies forfeited.
|
|win|hariolos
|raw|rising skies's rating: 1418 &rarr; <strong>1395</strong><br />(-23 for losing)
|raw|hariolos's rating: 1368 &rarr; <strong>1391</strong><br />(+23 for winning)
|l|☆rising skies
|player|p1|
|l|☆hariolos
|player|p2|
