|j|☆Kis Vegallomas
|j|☆ultraminkey
|t:|1743885194
|gametype|singles
|player|p1|Kis Vegallomas|170|1419
|player|p2|ultraminkey|lusamine-nihilego|1459
|teamsize|p1|6
|teamsize|p2|6
|gen|9
|tier|[Gen 9] OU
|rated|
|rule|HP Percentage Mod: HP is shown in percentages
|rule|Endless Battle Clause: Forcing endless battles is banned
|rule|Species Clause: Limit one of each Pokémon
|rule|OHKO Clause: OHKO moves are banned
|rule|Evasion Items Clause: Evasion items are banned
|rule|Evasion Moves Clause: Evasion moves are banned
|rule|Sleep Moves Clause: Sleep-inducing moves are banned
|clearpoke
|poke|p1|Mandibuzz, F|
|poke|p1|Donphan, F|
|poke|p1|Frosmoth, F|
|poke|p1|Klefki, F|
|poke|p1|Polteageist-Antique|
|poke|p1|Cinderace, M|
|poke|p2|Landorus-Therian, M|
|poke|p2|Hatterene, F|
|poke|p2|Ogerpon-Wellspring, F|
|poke|p2|Kingambit, F|
|poke|p2|Samurott-Hisui, F|
|poke|p2|Arcanine-Hisui, F|
|teampreview
|c|☆ultraminkey|gl
|
|t:|1743885204
|start
|switch|p1a: Donphan|Donphan, F|100/100
|switch|p2a: Arcanine|Arcanine-Hisui, F|100/100
|turn|1
|
|t:|1743885210
|switch|p2a: Hatterene|Hatterene, F|100/100
|move|p1a: Donphan|Earthquake|p2a: Hatterene
|-damage|p2a: Hatterene|37/100
|
|upkeep
|turn|2
|
|t:|1743885216
|switch|p2a: Landorus|Landorus-Therian, M|100/100
|-ability|p2a: Landorus|Intimidate|boost
|-unboost|p1a: Donphan|atk|1
|move|p1a: Donphan|Earthquake|p2a: Landorus
|-immune|p2a: Landorus
|
|upkeep
|turn|3
|
|t:|1743885220
|move|p1a: Donphan|Ice Shard|p2a: Landorus
|-supereffective|p2a: Landorus
|-damage|p2a: Landorus|55/100
|move|p2a: Landorus|U-turn|p1a: Donphan
|-damage|p1a: Donphan|81/100
|
|t:|1743885224
|switch|p2a: Ogerpon|Ogerpon-Wellspring, F|100/100|[from] U-turn
|
|upkeep
|turn|4
|
|t:|1743885233
|switch|p1a: Mandibuzz|Mandibuzz, F|100/100
|move|p2a: Ogerpon|Ivy Cudgel|p1a: Mandibuzz|[anim] Ivy Cudgel Water
|-damage|p1a: Mandibuzz|65/100
|
|-heal|p1a: Mandibuzz|71/100|[from] item: Leftovers
|upkeep
|turn|5
|
|t:|1743885241
|switch|p2a: Hatterene|Hatterene, F|37/100
|move|p1a: Mandibuzz|U-turn|p2a: Hatterene
|-damage|p2a: Hatterene|23/100
|
|t:|1743885253
|switch|p1a: Polteageist|Polteageist-Antique, shiny|100/100|[from] U-turn
|
|upkeep
|turn|6
|
|t:|1743885257
|move|p1a: Polteageist|Shadow Ball|p2a: Hatterene
|-supereffective|p2a: Hatterene
|-damage|p2a: Hatterene|0 fnt
|faint|p2a: Hatterene
|
|upkeep
|
|t:|1743885260
|switch|p2a: Samurott|Samurott-Hisui, F|100/100
|turn|7
|
|t:|1743885269
|switch|p1a: Mandibuzz|Mandibuzz, F|71/100
|move|p2a: Samurott|Ceaseless Edge|p1a: Mandibuzz
|-resisted|p1a: Mandibuzz
|-damage|p1a: Mandibuzz|54/100
|-sidestart|p1: Kis Vegallomas|Spikes
|
|-heal|p1a: Mandibuzz|60/100|[from] item: Leftovers
|upkeep
|turn|8
|
|t:|1743885274
|move|p2a: Samurott|Ceaseless Edge|p1a: Mandibuzz
|-resisted|p1a: Mandibuzz
|-damage|p1a: Mandibuzz|42/100
|-sidestart|p1: Kis Vegallomas|Spikes
|move|p1a: Mandibuzz|Roost|p1a: Mandibuzz
|-heal|p1a: Mandibuzz|92/100
|-singleturn|p1a: Mandibuzz|move: Roost
|
|-heal|p1a: Mandibuzz|98/100|[from] item: Leftovers
|upkeep
|turn|9
|
|t:|1743885279
|switch|p2a: Arcanine|Arcanine-Hisui, F|100/100
|move|p1a: Mandibuzz|Toxic|p2a: Arcanine
|-status|p2a: Arcanine|tox
|
|-heal|p1a: Mandibuzz|100/100|[from] item: Leftovers
|-damage|p2a: Arcanine|94/100 tox|[from] psn
|upkeep
|turn|10
|
|t:|1743885285
|switch|p1a: Donphan|Donphan, F|81/100
|-damage|p1a: Donphan|65/100|[from] Spikes
|move|p2a: Arcanine|Head Smash|p1a: Donphan
|-resisted|p1a: Donphan
|-damage|p1a: Donphan|26/100
|-damage|p2a: Arcanine|84/100 tox|[from] item: Life Orb
|
|-damage|p2a: Arcanine|72/100 tox|[from] psn
|upkeep
|turn|11
|
|t:|1743885296
|move|p2a: Arcanine|Flare Blitz|p1a: Donphan
|-damage|p1a: Donphan|0 fnt
|faint|p1a: Donphan
|-damage|p2a: Arcanine|62/100 tox|[from] item: Life Orb
|
|-damage|p2a: Arcanine|44/100 tox|[from] psn
|upkeep
|
|t:|1743885305
|switch|p1a: Cinderace|Cinderace, M|100/100
|turn|12
|
|t:|1743885309
|move|p1a: Cinderace|Low Kick|p2a: Arcanine
|-start|p1a: Cinderace|typechange|Fighting|[from] ability: Libero
|-supereffective|p2a: Arcanine
|-damage|p2a: Arcanine|0 fnt
|faint|p2a: Arcanine
|
|upkeep
|
|t:|1743885312
|switch|p2a: Landorus|Landorus-Therian, M|55/100
|-ability|p2a: Landorus|Intimidate|boost
|-unboost|p1a: Cinderace|atk|1
|turn|13
|
|t:|1743885327
|-terastallize|p2a: Landorus|Flying
|move|p2a: Landorus|Tera Blast|p1a: Cinderace|[anim] Tera Blast Flying
|-supereffective|p1a: Cinderace
|-damage|p1a: Cinderace|0 fnt
|faint|p1a: Cinderace
|
|upkeep
|
|t:|1743885334
|switch|p1a: Mandibuzz|Mandibuzz, F|100/100
|turn|14
|
|t:|1743885339
|switch|p2a: Kingambit|Kingambit, F|100/100
|-activate|p2a: Kingambit|ability: Supreme Overlord
|-start|p2a: Kingambit|fallen2|[silent]
|move|p1a: Mandibuzz|U-turn|p2a: Kingambit
|-damage|p2a: Kingambit|91/100
|
|t:|1743885350
|switch|p1a: Polteageist|Polteageist-Antique, shiny|100/100|[from] U-turn
|-damage|p1a: Polteageist|84/100|[from] Spikes
|
|upkeep
|turn|15
|
|t:|1743885360
|-end|p2a: Kingambit|fallen2|[silent]
|switch|p2a: Ogerpon|Ogerpon-Wellspring, F|100/100
|-terastallize|p1a: Polteageist|Fighting
|move|p1a: Polteageist|Tera Blast|p2a: Ogerpon|[anim] Tera Blast Fighting
|-damage|p2a: Ogerpon|43/100
|
|upkeep
|turn|16
|
|t:|1743885367
|switch|p1a: Mandibuzz|Mandibuzz, F|100/100
|move|p2a: Ogerpon|Play Rough|p1a: Mandibuzz
|-supereffective|p1a: Mandibuzz
|-damage|p1a: Mandibuzz|60/100
|
|-heal|p1a: Mandibuzz|66/100|[from] item: Leftovers
|upkeep
|turn|17
|
|t:|1743885374
|move|p2a: Ogerpon|Swords Dance|p2a: Ogerpon
|-boost|p2a: Ogerpon|atk|2
|move|p1a: Mandibuzz|Foul Play|p2a: Ogerpon
|-damage|p2a: Ogerpon|0 fnt
|faint|p2a: Ogerpon
|
|-heal|p1a: Mandibuzz|72/100|[from] item: Leftovers
|upkeep
|
|t:|1743885379
|switch|p2a: Samurott|Samurott-Hisui, F|100/100
|turn|18
|
|t:|1743885387
|move|p2a: Samurott|Razor Shell|p1a: Mandibuzz
|-damage|p1a: Mandibuzz|32/100
|move|p1a: Mandibuzz|U-turn|p2a: Samurott
|-supereffective|p2a: Samurott
|-damage|p2a: Samurott|71/100
|
|t:|1743885393
|switch|p1a: Klefki|Klefki, F|100/100|[from] U-turn
|-damage|p1a: Klefki|84/100|[from] Spikes
|
|upkeep
|turn|19
|
|t:|1743885401
|move|p1a: Klefki|Reflect|p1a: Klefki
|-sidestart|p1: Kis Vegallomas|Reflect
|move|p2a: Samurott|Razor Shell|p1a: Klefki
|-damage|p1a: Klefki|55/100
|-unboost|p1a: Klefki|def|1
|
|upkeep
|turn|20
|
|t:|1743885405
|move|p2a: Samurott|Razor Shell|p1a: Klefki
|-damage|p1a: Klefki|8/100
|move|p1a: Klefki|Dazzling Gleam|p2a: Samurott
|-supereffective|p2a: Samurott
|-damage|p2a: Samurott|5/100
|
|upkeep
|turn|21
|
|t:|1743885414
|move|p1a: Klefki|Light Screen|p1a: Klefki
|-sidestart|p1: Kis Vegallomas|move: Light Screen
|move|p2a: Samurott|Razor Shell|p1a: Klefki
|-damage|p1a: Klefki|0 fnt
|faint|p1a: Klefki
|
|upkeep
|
|t:|1743885418
|switch|p1a: Mandibuzz|Mandibuzz, F|32/100
|turn|22
|
|t:|1743885420
|move|p2a: Samurott|Razor Shell|p1a: Mandibuzz
|-damage|p1a: Mandibuzz|10/100
|move|p1a: Mandibuzz|Roost|p1a: Mandibuzz
|-heal|p1a: Mandibuzz|60/100
|-singleturn|p1a: Mandibuzz|move: Roost
|
|-heal|p1a: Mandibuzz|67/100|[from] item: Leftovers
|upkeep
|turn|23
|
|t:|1743885423
|move|p2a: Samurott|Razor Shell|p1a: Mandibuzz
|-damage|p1a: Mandibuzz|44/100
|move|p1a: Mandibuzz|Roost|p1a: Mandibuzz
|-heal|p1a: Mandibuzz|94/100
|-singleturn|p1a: Mandibuzz|move: Roost
|
|-heal|p1a: Mandibuzz|99/100|[from] item: Leftovers
|upkeep
|turn|24
|
|t:|1743885427
|move|p2a: Samurott|Razor Shell|p1a: Mandibuzz
|-damage|p1a: Mandibuzz|78/100
|-unboost|p1a: Mandibuzz|def|1
|move|p1a: Mandibuzz|Foul Play|p2a: Samurott
|-resisted|p2a: Samurott
|-damage|p2a: Samurott|0 fnt
|faint|p2a: Samurott
|
|-heal|p1a: Mandibuzz|84/100|[from] item: Leftovers
|upkeep
|
|t:|1743885431
|switch|p2a: Kingambit|Kingambit, F|91/100
|-activate|p2a: Kingambit|ability: Supreme Overlord
|-start|p2a: Kingambit|fallen4|[silent]
|turn|25
|
|t:|1743885440
|switch|p1a: Frosmoth|Frosmoth, F|100/100
|move|p2a: Kingambit|Iron Head|p1a: Frosmoth
|-supereffective|p1a: Frosmoth
|-damage|p1a: Frosmoth|0 fnt
|faint|p1a: Frosmoth
|
|upkeep
|
|t:|1743885442
|switch|p1a: Polteageist|Polteageist-Antique, shiny, tera:Fighting|84/100
|-damage|p1a: Polteageist|68/100|[from] Spikes
|turn|26
|
|t:|1743885450
|-end|p2a: Kingambit|fallen4|[silent]
|switch|p2a: Landorus|Landorus-Therian, M, tera:Flying|55/100
|-ability|p2a: Landorus|Intimidate|boost
|-unboost|p1a: Polteageist|atk|1
|move|p1a: Polteageist|Tera Blast|p2a: Landorus|[anim] Tera Blast Fighting
|-resisted|p2a: Landorus
|-damage|p2a: Landorus|24/100
|
|-sideend|p1: Kis Vegallomas|Reflect
|upkeep
|turn|27
|
|t:|1743885459
|switch|p1a: Mandibuzz|Mandibuzz, F|84/100
|move|p2a: Landorus|Tera Blast|p1a: Mandibuzz|[anim] Tera Blast Flying
|-damage|p1a: Mandibuzz|47/100
|
|-heal|p1a: Mandibuzz|53/100|[from] item: Leftovers
|upkeep
|turn|28
|
|t:|1743885466
|switch|p2a: Kingambit|Kingambit, F|91/100
|-activate|p2a: Kingambit|ability: Supreme Overlord
|-start|p2a: Kingambit|fallen4|[silent]
|move|p1a: Mandibuzz|Roost|p1a: Mandibuzz
|-heal|p1a: Mandibuzz|100/100
|-singleturn|p1a: Mandibuzz|move: Roost
|
|-sideend|p1: Kis Vegallomas|move: Light Screen
|upkeep
|turn|29
|
|t:|1743885473
|move|p2a: Kingambit|Iron Head|p1a: Mandibuzz
|-damage|p1a: Mandibuzz|66/100
|move|p1a: Mandibuzz|Foul Play|p2a: Kingambit
|-resisted|p2a: Kingambit
|-damage|p2a: Kingambit|68/100
|
|-heal|p1a: Mandibuzz|72/100|[from] item: Leftovers
|upkeep
|turn|30
|
|t:|1743885488
|move|p2a: Kingambit|Swords Dance|p2a: Kingambit
|-boost|p2a: Kingambit|atk|2
|move|p1a: Mandibuzz|Roost|p1a: Mandibuzz
|-heal|p1a: Mandibuzz|100/100
|-singleturn|p1a: Mandibuzz|move: Roost
|
|upkeep
|turn|31
|
|t:|1743885491
|move|p2a: Kingambit|Iron Head|p1a: Mandibuzz
|-damage|p1a: Mandibuzz|25/100
|move|p1a: Mandibuzz|Foul Play|p2a: Kingambit
|-resisted|p2a: Kingambit
|-crit|p2a: Kingambit
|-damage|p2a: Kingambit|0 fnt
|faint|p2a: Kingambit
|-end|p2a: Kingambit|fallen4|[silent]
|
|-heal|p1a: Mandibuzz|31/100|[from] item: Leftovers
|upkeep
|
|t:|1743885496
|switch|p2a: Landorus|Landorus-Therian, M, tera:Flying|24/100
|-ability|p2a: Landorus|Intimidate|boost
|-unboost|p1a: Mandibuzz|atk|1
|turn|32
|
|t:|1743885504
|move|p2a: Landorus|Tera Blast|p1a: Mandibuzz|[anim] Tera Blast Flying
|-damage|p1a: Mandibuzz|0 fnt
|faint|p1a: Mandibuzz
|
|upkeep
|
|t:|1743885506
|switch|p1a: Polteageist|Polteageist-Antique, shiny, tera:Fighting|68/100
|-damage|p1a: Polteageist|51/100|[from] Spikes
|turn|33
|
|t:|1743885508
|move|p2a: Landorus|Tera Blast|p1a: Polteageist|[anim] Tera Blast Flying
|-supereffective|p1a: Polteageist
|-damage|p1a: Polteageist|0 fnt
|faint|p1a: Polteageist
|
|win|ultraminkey
|raw|Kis Vegallomas's rating: 1419 &rarr; <strong>1401</strong><br />(-18 for losing)
|raw|ultraminkey's rating: 1459 &rarr; <strong>1477</strong><br />(+18 for winning)
|c|☆ultraminkey|gg
|l|☆Kis Vegallomas
|player|p1|
