|j|☆KurbyK14
|j|☆DMVortex38
|t:|1743783304
|gametype|singles
|player|p1|KurbyK14|pokemonranger-gen4|1122
|player|p2|DMVortex38|169|1134
|teamsize|p1|6
|teamsize|p2|6
|gen|9
|tier|[Gen 9] OU
|rated|
|rule|HP Percentage Mod: HP is shown in percentages
|rule|Endless Battle Clause: Forcing endless battles is banned
|rule|Species Clause: Limit one of each Pokémon
|rule|OHKO Clause: OHKO moves are banned
|rule|Evasion Items Clause: Evasion items are banned
|rule|Evasion Moves Clause: Evasion moves are banned
|rule|Sleep Moves Clause: Sleep-inducing moves are banned
|clearpoke
|poke|p1|Leavanny, F|
|poke|p1|Torkoal, M|
|poke|p1|Walking Wake|
|poke|p1|Great Tusk|
|poke|p1|Venusaur, M|
|poke|p1|Ceruledge, M|
|poke|p2|Moltres|
|poke|p2|Metagross|
|poke|p2|Ogerpon-Wellspring, F|
|poke|p2|Weezing-Galar, M|
|poke|p2|Rillaboom, M|
|poke|p2|Iron Valiant|
|teampreview
|inactive|Battle timer is ON: inactive players will automatically lose when time's up. (requested by DMVortex38)
|
|t:|1743783319
|start
|switch|p1a: Leavanny|Leavanny, F|100/100
|switch|p2a: Rillaboom|Rillaboom, M|100/100
|-fieldstart|move: Grassy Terrain|[from] ability: Grassy Surge|[of] p2a: Rillaboom
|turn|1
|
|t:|1743783328
|move|p1a: Leavanny|Sticky Web|p2a: Rillaboom
|-sidestart|p2: DMVortex38|move: Sticky Web
|move|p2a: Rillaboom|Knock Off|p1a: Leavanny
|-damage|p1a: Leavanny|50/100
|-enditem|p1a: Leavanny|Eject Pack|[from] move: Knock Off|[of] p2a: Rillaboom
|
|-heal|p1a: Leavanny|57/100|[from] Grassy Terrain
|upkeep
|turn|2
|
|t:|1743783338
|move|p1a: Leavanny|Triple Axel|p2a: Rillaboom
|-supereffective|p2a: Rillaboom
|-damage|p2a: Rillaboom|90/100
|-supereffective|p2a: Rillaboom
|-damage|p2a: Rillaboom|67/100
|-hitcount|p2a: Rillaboom|2
|move|p2a: Rillaboom|U-turn|p1a: Leavanny
|-supereffective|p1a: Leavanny
|-damage|p1a: Leavanny|0 fnt
|faint|p1a: Leavanny
|
|t:|1743783349
|switch|p2a: Weezing|Weezing-Galar, M, shiny|100/100|[from] U-turn
|
|upkeep
|
|t:|1743783375
|switch|p1a: Torkoal|Torkoal, M|100/100
|-weather|SunnyDay|[from] ability: Drought|[of] p1a: Torkoal
|turn|3
|
|t:|1743783385
|move|p2a: Weezing|Defog|p1a: Torkoal
|-unboost|p1a: Torkoal|evasion|1
|-sideend|p2: DMVortex38|Sticky Web|[from] move: Defog|[of] p2a: Weezing
|-fieldend|move: Grassy Terrain
|move|p1a: Torkoal|Stealth Rock|p2a: Weezing
|-sidestart|p2: DMVortex38|move: Stealth Rock
|
|-weather|SunnyDay|[upkeep]
|upkeep
|turn|4
|
|t:|1743783394
|move|p2a: Weezing|Sludge Wave|p1a: Torkoal
|-crit|p1a: Torkoal
|-damage|p1a: Torkoal|30/100
|move|p1a: Torkoal|Lava Plume|p2a: Weezing
|-damage|p2a: Weezing|53/100
|-status|p2a: Weezing|brn
|
|-weather|SunnyDay|[upkeep]
|-heal|p2a: Weezing|59/100 brn|[from] item: Leftovers
|-damage|p2a: Weezing|53/100 brn|[from] brn
|upkeep
|turn|5
|
|t:|1743783415
|switch|p1a: Venusaur|Venusaur, M|100/100
|move|p2a: Weezing|Sludge Wave|p1a: Venusaur
|-damage|p1a: Venusaur|56/100
|
|-weather|SunnyDay|[upkeep]
|-heal|p2a: Weezing|59/100 brn|[from] item: Leftovers
|-damage|p2a: Weezing|53/100 brn|[from] brn
|upkeep
|turn|6
|
|t:|1743783430
|move|p1a: Venusaur|Sludge Bomb|p2a: Weezing
|-damage|p2a: Weezing|0 fnt
|faint|p2a: Weezing
|-damage|p1a: Venusaur|46/100|[from] item: Life Orb
|
|-weather|SunnyDay|[upkeep]
|upkeep
|
|t:|1743783443
|switch|p2a: Moltres|Moltres|100/100
|turn|7
|
|t:|1743783461
|-terastallize|p1a: Venusaur|Fire
|move|p1a: Venusaur|Growth|p1a: Venusaur
|-boost|p1a: Venusaur|atk|2
|-boost|p1a: Venusaur|spa|2
|move|p2a: Moltres|U-turn|p1a: Venusaur
|-resisted|p1a: Venusaur
|-damage|p1a: Venusaur|36/100
|
|t:|1743783469
|switch|p2a: Metagross|Metagross|100/100|[from] U-turn
|-damage|p2a: Metagross|94/100|[from] Stealth Rock
|
|-weather|SunnyDay|[upkeep]
|upkeep
|turn|8
|
|t:|1743783476
|-terastallize|p2a: Metagross|Psychic
|move|p1a: Venusaur|Weather Ball|p2a: Metagross
|-damage|p2a: Metagross|0 fnt
|faint|p2a: Metagross
|-damage|p1a: Venusaur|26/100|[from] item: Life Orb
|
|-weather|SunnyDay|[upkeep]
|upkeep
|
|t:|1743783484
|switch|p2a: Moltres|Moltres|100/100
|turn|9
|
|t:|1743783488
|move|p1a: Venusaur|Sludge Bomb|p2a: Moltres
|-damage|p2a: Moltres|3/100
|-damage|p1a: Venusaur|16/100|[from] item: Life Orb
|move|p2a: Moltres|Hurricane|p1a: Venusaur|[miss]
|-miss|p2a: Moltres|p1a: Venusaur
|
|-weather|SunnyDay|[upkeep]
|upkeep
|turn|10
|
|t:|1743783496
|move|p1a: Venusaur|Sludge Bomb|p2a: Moltres
|-damage|p2a: Moltres|0 fnt
|faint|p2a: Moltres
|-damage|p1a: Venusaur|6/100|[from] item: Life Orb
|
|-weather|none
|upkeep
|
|t:|1743783499
|switch|p2a: Rillaboom|Rillaboom, M|67/100
|-damage|p2a: Rillaboom|55/100|[from] Stealth Rock
|-fieldstart|move: Grassy Terrain|[from] ability: Grassy Surge|[of] p2a: Rillaboom
|turn|11
|
|t:|1743783512
|move|p2a: Rillaboom|Grassy Glide|p1a: Venusaur
|-resisted|p1a: Venusaur
|-damage|p1a: Venusaur|0 fnt
|faint|p1a: Venusaur
|
|-heal|p2a: Rillaboom|61/100|[from] Grassy Terrain
|upkeep
|
|t:|1743783516
|switch|p1a: Torkoal|Torkoal, M|30/100
|-weather|SunnyDay|[from] ability: Drought|[of] p1a: Torkoal
|turn|12
|
|t:|1743783525
|move|p2a: Rillaboom|Low Kick|p1a: Torkoal
|-damage|p1a: Torkoal|12/100
|move|p1a: Torkoal|Will-O-Wisp|p2a: Rillaboom|[miss]
|-miss|p1a: Torkoal|p2a: Rillaboom
|
|-weather|SunnyDay|[upkeep]
|-heal|p2a: Rillaboom|67/100|[from] Grassy Terrain
|-heal|p1a: Torkoal|18/100|[from] Grassy Terrain
|upkeep
|turn|13
|
|t:|1743783531
|move|p2a: Rillaboom|Low Kick|p1a: Torkoal
|-damage|p1a: Torkoal|0 fnt
|faint|p1a: Torkoal
|
|-weather|SunnyDay|[upkeep]
|-heal|p2a: Rillaboom|73/100|[from] Grassy Terrain
|upkeep
|
|t:|1743783537
|switch|p1a: Walking Wake|Walking Wake|100/100
|-activate|p1a: Walking Wake|ability: Protosynthesis
|-start|p1a: Walking Wake|protosynthesisspa
|turn|14
|
|t:|1743783556
|move|p1a: Walking Wake|Flamethrower|p2a: Rillaboom
|-supereffective|p2a: Rillaboom
|-damage|p2a: Rillaboom|0 fnt
|faint|p2a: Rillaboom
|
|-weather|SunnyDay|[upkeep]
|upkeep
|
|t:|1743783561
|switch|p2a: Ogerpon|Ogerpon-Wellspring, F|100/100
|-damage|p2a: Ogerpon|88/100|[from] Stealth Rock
|turn|15
|
|t:|1743783569
|move|p2a: Ogerpon|Horn Leech|p1a: Walking Wake
|-damage|p1a: Walking Wake|35/100
|-heal|p2a: Ogerpon|100/100|[from] drain|[of] p1a: Walking Wake
|move|p1a: Walking Wake|Flamethrower|p2a: Ogerpon
|-damage|p2a: Ogerpon|1/100
|-status|p2a: Ogerpon|brn
|
|-weather|SunnyDay|[upkeep]
|-heal|p2a: Ogerpon|7/100 brn|[from] Grassy Terrain
|-heal|p1a: Walking Wake|41/100|[from] Grassy Terrain
|-damage|p2a: Ogerpon|1/100 brn|[from] brn
|upkeep
|turn|16
|inactive|KurbyK14 has 120 seconds left.
|inactive|KurbyK14 has 90 seconds left.
|c|☆DMVortex38|So
|c|☆DMVortex38|Whars the calc
|
|t:|1743783650
|-end|p1a: Walking Wake|Protosynthesis|[silent]
|switch|p1a: Ceruledge|Ceruledge, M|100/100
|move|p2a: Ogerpon|Horn Leech|p1a: Ceruledge
|-resisted|p1a: Ceruledge
|-damage|p1a: Ceruledge|81/100
|-heal|p2a: Ogerpon|11/100 brn|[from] drain|[of] p1a: Ceruledge
|-ability|p1a: Ceruledge|Weak Armor|boost
|-unboost|p1a: Ceruledge|def|1
|-boost|p1a: Ceruledge|spe|2
|
|-weather|SunnyDay|[upkeep]
|-heal|p1a: Ceruledge|87/100|[from] Grassy Terrain
|-heal|p2a: Ogerpon|17/100 brn|[from] Grassy Terrain
|-damage|p2a: Ogerpon|11/100 brn|[from] brn
|upkeep
|turn|17
|
|t:|1743783668
|move|p1a: Ceruledge|Bitter Blade|p2a: Ogerpon
|-damage|p2a: Ogerpon|0 fnt
|-heal|p1a: Ceruledge|93/100|[from] drain|[of] p2a: Ogerpon
|faint|p2a: Ogerpon
|
|-weather|SunnyDay|[upkeep]
|-heal|p1a: Ceruledge|99/100|[from] Grassy Terrain
|upkeep
|
|t:|1743783670
|switch|p2a: Iron Valiant|Iron Valiant|100/100
|-damage|p2a: Iron Valiant|94/100|[from] Stealth Rock
|-enditem|p2a: Iron Valiant|Booster Energy
|-activate|p2a: Iron Valiant|ability: Quark Drive|[fromitem]
|-start|p2a: Iron Valiant|quarkdrivespe
|turn|18
|inactive|KurbyK14 has 60 seconds left.
|
|t:|1743783692
|move|p1a: Ceruledge|Bitter Blade|p2a: Iron Valiant
|-damage|p2a: Iron Valiant|2/100
|-heal|p1a: Ceruledge|100/100|[from] drain|[of] p2a: Iron Valiant
|move|p2a: Iron Valiant|Shadow Ball|p1a: Ceruledge
|-supereffective|p1a: Ceruledge
|-damage|p1a: Ceruledge|42/100
|
|-weather|SunnyDay|[upkeep]
|-heal|p1a: Ceruledge|48/100|[from] Grassy Terrain
|-heal|p2a: Iron Valiant|8/100|[from] Grassy Terrain
|-fieldend|move: Grassy Terrain
|upkeep
|turn|19
|inactive|KurbyK14 has 60 seconds left.
|
|t:|1743783705
|move|p1a: Ceruledge|Bitter Blade|p2a: Iron Valiant
|-damage|p2a: Iron Valiant|0 fnt
|-heal|p1a: Ceruledge|52/100|[from] drain|[of] p2a: Iron Valiant
|faint|p2a: Iron Valiant
|-end|p2a: Iron Valiant|Quark Drive|[silent]
|
|win|KurbyK14
|raw|KurbyK14's rating: 1122 &rarr; <strong>1148</strong><br />(+26 for winning)
|raw|DMVortex38's rating: 1134 &rarr; <strong>1108</strong><br />(-26 for losing)
