|j|☆Dumbluck23
|j|☆Animologist
|t:|1743846367
|gametype|singles
|player|p1|Dumbluck23|skyla|1261
|player|p2|Animologist|gardenia|1303
|teamsize|p1|6
|teamsize|p2|6
|gen|9
|tier|[Gen 9] OU
|rated|
|rule|HP Percentage Mod: HP is shown in percentages
|rule|Endless Battle Clause: Forcing endless battles is banned
|rule|Species Clause: Limit one of each Pokémon
|rule|OHKO Clause: OHKO moves are banned
|rule|Evasion Items Clause: Evasion items are banned
|rule|Evasion Moves Clause: Evasion moves are banned
|rule|Sleep Moves Clause: Sleep-inducing moves are banned
|clearpoke
|poke|p1|Slowking-Galar, M|
|poke|p1|Avalugg, M|
|poke|p1|Ninetales-Alola, M|
|poke|p1|Cetitan, M|
|poke|p1|Eiscue, F|
|poke|p1|Arctibax, M|
|poke|p2|Serperior, F|
|poke|p2|Great Tusk|
|poke|p2|Samurott-Hisui, M|
|poke|p2|Slowking-Galar, M|
|poke|p2|Zapdos|
|poke|p2|Scizor, M|
|teampreview
|c|☆Dumbluck23|gl hf
|c|☆Animologist|u2
|
|t:|1743846395
|start
|switch|p1a: Slowking|Slowking-Galar, M, shiny|100/100
|switch|p2a: Samurott|Samurott-Hisui, M|100/100
|turn|1
|
|t:|1743846425
|switch|p1a: Ninetales|Ninetales-Alola, M|100/100
|-weather|Snowscape|[from] ability: Snow Warning|[of] p1a: Ninetales
|move|p2a: Samurott|Ceaseless Edge|p1a: Ninetales|[miss]
|-miss|p2a: Samurott|p1a: Ninetales
|
|-weather|Snowscape|[upkeep]
|upkeep
|turn|2
|
|t:|1743846437
|switch|p2a: Scizor|Scizor, M|100/100
|move|p1a: Ninetales|Aurora Veil|p1a: Ninetales
|-sidestart|p1: Dumbluck23|move: Aurora Veil
|
|-weather|Snowscape|[upkeep]
|upkeep
|turn|3
|
|t:|1743846449
|switch|p1a: Eiscue|Eiscue, F|100/100
|move|p2a: Scizor|U-turn|p1a: Eiscue
|-activate|p1a: Eiscue|ability: Ice Face
|-damage|p1a: Eiscue|100/100
|-damage|p2a: Scizor|84/100|[from] item: Rocky Helmet|[of] p1a: Eiscue
|detailschange|p1a: Eiscue|Eiscue-Noice, F
|
|t:|1743846459
|switch|p2a: Serperior|Serperior, F|100/100|[from] U-turn
|
|-weather|Snowscape|[upkeep]
|upkeep
|turn|4
|c|☆Dumbluck23|one sec fries are done
|
|t:|1743846498
|-terastallize|p2a: Serperior|Fire
|move|p2a: Serperior|Substitute|p2a: Serperior
|-start|p2a: Serperior|Substitute
|-damage|p2a: Serperior|75/100
|move|p1a: Eiscue|Flip Turn|p2a: Serperior
|-supereffective|p2a: Serperior
|-end|p2a: Serperior|Substitute
|
|t:|1743846506
|switch|p1a: Avalugg|Avalugg, M, shiny|100/100|[from] Flip Turn
|
|-weather|Snowscape|[upkeep]
|-heal|p2a: Serperior|82/100|[from] item: Leftovers
|upkeep
|turn|5
|
|t:|1743846646
|move|p2a: Serperior|Substitute|p2a: Serperior
|-start|p2a: Serperior|Substitute
|-damage|p2a: Serperior|57/100
|move|p1a: Avalugg|Body Press|p2a: Serperior
|-end|p2a: Serperior|Substitute
|
|-weather|Snowscape|[upkeep]
|-heal|p2a: Serperior|63/100|[from] item: Leftovers
|upkeep
|turn|6
|
|t:|1743846664
|switch|p2a: Slowking|Slowking-Galar, M|100/100
|move|p1a: Avalugg|Body Press|p2a: Slowking
|-resisted|p2a: Slowking
|-crit|p2a: Slowking
|-damage|p2a: Slowking|86/100
|
|-weather|Snowscape|[upkeep]
|-heal|p2a: Slowking|92/100|[from] item: Leftovers
|-sideend|p1: Dumbluck23|move: Aurora Veil
|upkeep
|turn|7
|
|t:|1743846688
|move|p2a: Slowking|Future Sight|p1a: Avalugg
|-start|p2a: Slowking|move: Future Sight
|move|p1a: Avalugg|Gyro Ball|p2a: Slowking
|-damage|p2a: Slowking|81/100
|
|-weather|Snowscape|[upkeep]
|-heal|p2a: Slowking|87/100|[from] item: Leftovers
|upkeep
|turn|8
|
|t:|1743846705
|switch|p1a: Eiscue|Eiscue-Noice, F|100/100
|-activate|p1a: Eiscue|ability: Ice Face
|detailschange|p1a: Eiscue|Eiscue, F
|move|p2a: Slowking|Sludge Wave|p1a: Eiscue
|-damage|p1a: Eiscue|53/100
|
|-weather|none
|-heal|p2a: Slowking|93/100|[from] item: Leftovers
|upkeep
|turn|9
|
|t:|1743846719
|move|p1a: Eiscue|Iron Head|p2a: Slowking
|-damage|p2a: Slowking|77/100
|move|p2a: Slowking|Slack Off|p2a: Slowking
|-heal|p2a: Slowking|100/100
|
|-end|p1a: Eiscue|move: Future Sight
|-damage|p1a: Eiscue|0 fnt
|faint|p1a: Eiscue
|upkeep
|
|t:|1743846728
|switch|p1a: Ninetales|Ninetales-Alola, M|100/100
|-weather|Snowscape|[from] ability: Snow Warning|[of] p1a: Ninetales
|turn|10
|
|t:|1743846734
|move|p1a: Ninetales|Encore|p2a: Slowking
|-start|p2a: Slowking|Encore
|move|p2a: Slowking|Slack Off||[still]
|-fail|p2a: Slowking|heal
|
|-weather|Snowscape|[upkeep]
|upkeep
|turn|11
|
|t:|1743846741
|switch|p2a: Scizor|Scizor, M|84/100
|move|p1a: Ninetales|Aurora Veil|p1a: Ninetales
|-sidestart|p1: Dumbluck23|move: Aurora Veil
|
|-weather|Snowscape|[upkeep]
|upkeep
|turn|12
|
|t:|1743846794
|switch|p1a: Cetitan|Cetitan, M|100/100
|move|p2a: Scizor|Bullet Punch|p1a: Cetitan
|-supereffective|p1a: Cetitan
|-crit|p1a: Cetitan
|-damage|p1a: Cetitan|0 fnt
|faint|p1a: Cetitan
|
|-weather|Snowscape|[upkeep]
|upkeep
|
|t:|1743846800
|switch|p1a: Arctibax|Arctibax, M|100/100
|turn|13
|
|t:|1743846827
|switch|p2a: Samurott|Samurott-Hisui, M|100/100
|move|p1a: Arctibax|Dragon Claw|p2a: Samurott
|-damage|p2a: Samurott|55/100
|
|-weather|Snowscape|[upkeep]
|upkeep
|turn|14
|
|t:|1743846860
|move|p2a: Samurott|Sacred Sword|p1a: Arctibax
|-supereffective|p1a: Arctibax
|-damage|p1a: Arctibax|60/100
|move|p1a: Arctibax|Brick Break|p2a: Samurott
|-supereffective|p2a: Samurott
|-damage|p2a: Samurott|4/100
|
|-weather|Snowscape|[upkeep]
|-heal|p1a: Arctibax|66/100|[from] item: Leftovers
|upkeep
|turn|15
|
|t:|1743846876
|move|p2a: Samurott|Ceaseless Edge|p1a: Arctibax
|-damage|p1a: Arctibax|46/100
|-sidestart|p1: Dumbluck23|Spikes
|move|p1a: Arctibax|Dragon Claw|p2a: Samurott
|-damage|p2a: Samurott|0 fnt
|faint|p2a: Samurott
|
|-weather|Snowscape|[upkeep]
|-heal|p1a: Arctibax|52/100|[from] item: Leftovers
|-sideend|p1: Dumbluck23|move: Aurora Veil
|upkeep
|
|t:|1743846887
|switch|p2a: Scizor|Scizor, M|84/100
|turn|16
|
|t:|1743846899
|move|p2a: Scizor|U-turn|p1a: Arctibax
|-damage|p1a: Arctibax|0 fnt
|faint|p1a: Arctibax
|
|t:|1743846907
|switch|p2a: Zapdos|Zapdos|100/100|[from] U-turn
|
|-weather|Snowscape|[upkeep]
|upkeep
|
|t:|1743846952
|switch|p1a: Slowking|Slowking-Galar, M, shiny|100/100
|-damage|p1a: Slowking|88/100|[from] Spikes
|turn|17
|
|t:|1743846973
|move|p2a: Zapdos|Volt Switch|p1a: Slowking
|-damage|p1a: Slowking|71/100
|
|t:|1743846979
|switch|p2a: Great Tusk|Great Tusk|100/100|[from] Volt Switch
|move|p1a: Slowking|Psychic Noise|p2a: Great Tusk
|-supereffective|p2a: Great Tusk
|-damage|p2a: Great Tusk|15/100
|-start|p2a: Great Tusk|move: Heal Block
|
|-weather|none
|-heal|p1a: Slowking|77/100|[from] item: Black Sludge
|upkeep
|turn|18
|
|t:|1743847015
|move|p2a: Great Tusk|Headlong Rush|p1a: Slowking
|-supereffective|p1a: Slowking
|-damage|p1a: Slowking|0 fnt
|-unboost|p2a: Great Tusk|def|1
|-unboost|p2a: Great Tusk|spd|1
|faint|p1a: Slowking
|
|-end|p2a: Great Tusk|move: Heal Block
|upkeep
|
|t:|1743847018
|switch|p1a: Ninetales|Ninetales-Alola, M|100/100
|-damage|p1a: Ninetales|88/100|[from] Spikes
|-weather|Snowscape|[from] ability: Snow Warning|[of] p1a: Ninetales
|turn|19
|
|t:|1743847028
|move|p1a: Ninetales|Freeze-Dry|p2a: Great Tusk
|-supereffective|p2a: Great Tusk
|-damage|p2a: Great Tusk|0 fnt
|faint|p2a: Great Tusk
|-end|p2a: Great Tusk|Protosynthesis|[silent]
|
|-weather|Snowscape|[upkeep]
|upkeep
|
|t:|1743847032
|switch|p2a: Scizor|Scizor, M|84/100
|turn|20
|
|t:|1743847043
|-terastallize|p1a: Ninetales|Fire
|move|p2a: Scizor|Bullet Punch|p1a: Ninetales
|-resisted|p1a: Ninetales
|-damage|p1a: Ninetales|51/100
|move|p1a: Ninetales|Aurora Veil|p1a: Ninetales
|-sidestart|p1: Dumbluck23|move: Aurora Veil
|
|-weather|Snowscape|[upkeep]
|upkeep
|turn|21
|
|t:|1743847066
|switch|p2a: Serperior|Serperior, F, tera:Fire|63/100
|move|p1a: Ninetales|Freeze-Dry|p2a: Serperior
|-resisted|p2a: Serperior
|-damage|p2a: Serperior|45/100
|
|-weather|Snowscape|[upkeep]
|-heal|p2a: Serperior|52/100|[from] item: Leftovers
|upkeep
|turn|22
|
|t:|1743847086
|move|p2a: Serperior|Substitute|p2a: Serperior
|-start|p2a: Serperior|Substitute
|-damage|p2a: Serperior|27/100
|move|p1a: Ninetales|Freeze-Dry|p2a: Serperior
|-resisted|p2a: Serperior
|-activate|p2a: Serperior|move: Substitute|[damage]
|
|-weather|Snowscape|[upkeep]
|-heal|p2a: Serperior|33/100|[from] item: Leftovers
|upkeep
|turn|23
|
|t:|1743847096
|move|p2a: Serperior|Leaf Storm|p1a: Ninetales
|-resisted|p1a: Ninetales
|-damage|p1a: Ninetales|37/100
|-boost|p2a: Serperior|spa|2
|move|p1a: Ninetales|Encore|p2a: Serperior
|-start|p2a: Serperior|Encore
|
|-weather|Snowscape|[upkeep]
|-heal|p2a: Serperior|39/100|[from] item: Leftovers
|upkeep
|turn|24
|
|t:|1743847105
|move|p2a: Serperior|Leaf Storm|p1a: Ninetales
|-resisted|p1a: Ninetales
|-damage|p1a: Ninetales|11/100
|-boost|p2a: Serperior|spa|2
|move|p1a: Ninetales|Freeze-Dry|p2a: Serperior
|-resisted|p2a: Serperior
|-end|p2a: Serperior|Substitute
|
|-weather|Snowscape|[upkeep]
|-heal|p2a: Serperior|45/100|[from] item: Leftovers
|-sideend|p1: Dumbluck23|move: Aurora Veil
|upkeep
|turn|25
|
|t:|1743847114
|move|p2a: Serperior|Leaf Storm|p1a: Ninetales
|-resisted|p1a: Ninetales
|-damage|p1a: Ninetales|0 fnt
|-boost|p2a: Serperior|spa|2
|faint|p1a: Ninetales
|
|-weather|Snowscape|[upkeep]
|-heal|p2a: Serperior|51/100|[from] item: Leftovers
|upkeep
|
|t:|1743847124
|switch|p1a: Avalugg|Avalugg, M, shiny|100/100
|-damage|p1a: Avalugg|88/100|[from] Spikes
|turn|26
|
|t:|1743847128
|move|p2a: Serperior|Leaf Storm|p1a: Avalugg
|-damage|p1a: Avalugg|0 fnt
|faint|p1a: Avalugg
|
|win|Animologist
|raw|Dumbluck23's rating: 1261 &rarr; <strong>1239</strong><br />(-22 for losing)
|raw|Animologist's rating: 1303 &rarr; <strong>1321</strong><br />(+18 for winning)
|c|☆Dumbluck23|ggwp
|l|☆Dumbluck23
|player|p1|
