|j|☆Coldwiii
|j|☆YFN Ghetsis
|t:|1743882798
|gametype|singles
|player|p1|Coldwiii|wattson|1528
|player|p2|YFN Ghetsis|266|1533
|teamsize|p1|6
|teamsize|p2|6
|gen|9
|tier|[Gen 9] OU
|rated|
|rule|HP Percentage Mod: HP is shown in percentages
|rule|Endless Battle Clause: Forcing endless battles is banned
|rule|Species Clause: Limit one of each Pokémon
|rule|OHKO Clause: OHKO moves are banned
|rule|Evasion Items Clause: Evasion items are banned
|rule|Evasion Moves Clause: Evasion moves are banned
|rule|Sleep Moves Clause: Sleep-inducing moves are banned
|clearpoke
|poke|p1|Latios, M|
|poke|p1|Skeledirge, F|
|poke|p1|Toxapex, F|
|poke|p1|Mandibuzz, F|
|poke|p1|Kingambit, F|
|poke|p1|Great Tusk|
|poke|p2|Iron Boulder|
|poke|p2|Raging Bolt|
|poke|p2|Araquanid, M|
|poke|p2|Gholdengo|
|poke|p2|Great Tusk|
|poke|p2|Blaziken, F|
|teampreview
|c|☆Coldwiii|glhf
|inactive|Battle timer is ON: inactive players will automatically lose when time's up. (requested by Coldwiii)
|
|t:|1743882848
|start
|switch|p1a: Mandibuzz|Mandibuzz, F|100/100
|switch|p2a: Raging Bolt|Raging Bolt|100/100
|-enditem|p2a: Raging Bolt|Booster Energy
|-activate|p2a: Raging Bolt|ability: Protosynthesis|[fromitem]
|-start|p2a: Raging Bolt|protosynthesisspa
|turn|1
|
|t:|1743882858
|switch|p1a: Toxapex|Toxapex, F, shiny|100/100
|move|p2a: Raging Bolt|Calm Mind|p2a: Raging Bolt
|-boost|p2a: Raging Bolt|spa|1
|-boost|p2a: Raging Bolt|spd|1
|
|upkeep
|turn|2
|
|t:|1743882872
|-terastallize|p1a: Toxapex|Grass
|move|p2a: Raging Bolt|Thunderbolt|p1a: Toxapex
|-resisted|p1a: Toxapex
|-damage|p1a: Toxapex|80/100
|move|p1a: Toxapex|Infestation|p2a: Raging Bolt
|-damage|p2a: Raging Bolt|98/100
|-activate|p2a: Raging Bolt|move: Infestation|[of] p1a: Toxapex
|
|-damage|p2a: Raging Bolt|86/100|[from] move: Infestation|[partiallytrapped]
|upkeep
|turn|3
|
|t:|1743882884
|move|p2a: Raging Bolt|Draco Meteor|p1a: Toxapex
|-damage|p1a: Toxapex|18/100
|-unboost|p2a: Raging Bolt|spa|2
|move|p1a: Toxapex|Mud Shot|p2a: Raging Bolt
|-supereffective|p2a: Raging Bolt
|-damage|p2a: Raging Bolt|77/100
|-unboost|p2a: Raging Bolt|spe|1
|
|-damage|p2a: Raging Bolt|64/100|[from] move: Infestation|[partiallytrapped]
|upkeep
|turn|4
|
|t:|1743882899
|switch|p1a: Kingambit|Kingambit, F, shiny|100/100
|move|p2a: Raging Bolt|Draco Meteor|p1a: Kingambit
|-resisted|p1a: Kingambit
|-damage|p1a: Kingambit|71/100
|-unboost|p2a: Raging Bolt|spa|2
|
|-heal|p1a: Kingambit|77/100|[from] item: Leftovers
|-end|p2a: Raging Bolt|Infestation|[partiallytrapped]|[silent]
|upkeep
|turn|5
|
|t:|1743882919
|-end|p2a: Raging Bolt|Protosynthesis|[silent]
|switch|p2a: Great Tusk|Great Tusk|100/100
|-enditem|p2a: Great Tusk|Booster Energy
|-activate|p2a: Great Tusk|ability: Protosynthesis|[fromitem]
|-start|p2a: Great Tusk|protosynthesisatk
|move|p1a: Kingambit|Swords Dance|p1a: Kingambit
|-boost|p1a: Kingambit|atk|2
|
|-heal|p1a: Kingambit|83/100|[from] item: Leftovers
|upkeep
|turn|6
|
|t:|1743882934
|-end|p1a: Kingambit|fallenundefined|[silent]
|switch|p1a: Mandibuzz|Mandibuzz, F|100/100
|move|p2a: Great Tusk|Close Combat|p1a: Mandibuzz
|-damage|p1a: Mandibuzz|58/100
|-unboost|p2a: Great Tusk|def|1
|-unboost|p2a: Great Tusk|spd|1
|-damage|p2a: Great Tusk|84/100|[from] item: Rocky Helmet|[of] p1a: Mandibuzz
|
|upkeep
|turn|7
|inactive|YFN Ghetsis has 120 seconds left.
|
|t:|1743882968
|-end|p2a: Great Tusk|Protosynthesis|[silent]
|switch|p2a: Raging Bolt|Raging Bolt|64/100
|move|p1a: Mandibuzz|Roost|p1a: Mandibuzz
|-heal|p1a: Mandibuzz|100/100
|-singleturn|p1a: Mandibuzz|move: Roost
|
|upkeep
|turn|8
|
|t:|1743882990
|switch|p1a: Toxapex|Toxapex, F, shiny, tera:Grass|51/100
|move|p2a: Raging Bolt|Calm Mind|p2a: Raging Bolt
|-boost|p2a: Raging Bolt|spa|1
|-boost|p2a: Raging Bolt|spd|1
|
|upkeep
|turn|9
|
|t:|1743883003
|switch|p1a: Kingambit|Kingambit, F, shiny|83/100
|move|p2a: Raging Bolt|Draco Meteor|p1a: Kingambit
|-resisted|p1a: Kingambit
|-damage|p1a: Kingambit|26/100
|-unboost|p2a: Raging Bolt|spa|2
|
|-heal|p1a: Kingambit|33/100|[from] item: Leftovers
|upkeep
|turn|10
|
|t:|1743883016
|-end|p2a: Raging Bolt|Protosynthesis|[silent]
|switch|p2a: Great Tusk|Great Tusk|84/100
|-end|p1a: Kingambit|fallenundefined|[silent]
|switch|p1a: Toxapex|Toxapex, F, shiny, tera:Grass|84/100
|
|upkeep
|turn|11
|
|t:|1743883031
|switch|p1a: Mandibuzz|Mandibuzz, F|100/100
|move|p2a: Great Tusk|Ice Spinner|p1a: Mandibuzz
|-supereffective|p1a: Mandibuzz
|-damage|p1a: Mandibuzz|67/100
|-damage|p2a: Great Tusk|68/100|[from] item: Rocky Helmet|[of] p1a: Mandibuzz
|
|upkeep
|turn|12
|
|t:|1743883060
|-end|p2a: Great Tusk|Protosynthesis|[silent]
|switch|p2a: Raging Bolt|Raging Bolt|64/100
|move|p1a: Mandibuzz|Toxic|p2a: Raging Bolt
|-status|p2a: Raging Bolt|tox
|
|-damage|p2a: Raging Bolt|58/100 tox|[from] psn
|upkeep
|turn|13
|inactive|YFN Ghetsis has 90 seconds left.
|
|t:|1743883101
|-end|p2a: Raging Bolt|Protosynthesis|[silent]
|switch|p2a: Blaziken|Blaziken, F|100/100
|-item|p2a: Blaziken|Air Balloon
|move|p1a: Mandibuzz|Roost|p1a: Mandibuzz
|-heal|p1a: Mandibuzz|100/100
|-singleturn|p1a: Mandibuzz|move: Roost
|
|upkeep
|turn|14
|inactive|YFN Ghetsis has 60 seconds left.
|
|t:|1743883120
|switch|p2a: Raging Bolt|Raging Bolt|58/100 tox
|move|p1a: Mandibuzz|Toxic|p2a: Raging Bolt
|-fail|p2a: Raging Bolt|tox
|
|-damage|p2a: Raging Bolt|52/100 tox|[from] psn
|upkeep
|turn|15
|inactive|YFN Ghetsis has 60 seconds left.
|
|t:|1743883149
|switch|p1a: Toxapex|Toxapex, F, shiny, tera:Grass|100/100
|move|p2a: Raging Bolt|Calm Mind|p2a: Raging Bolt
|-boost|p2a: Raging Bolt|spa|1
|-boost|p2a: Raging Bolt|spd|1
|
|-damage|p2a: Raging Bolt|40/100 tox|[from] psn
|upkeep
|turn|16
|inactive|Coldwiii has 120 seconds left.
|
|t:|1743883184
|move|p2a: Raging Bolt|Draco Meteor|p1a: Toxapex
|-damage|p1a: Toxapex|52/100
|-unboost|p2a: Raging Bolt|spa|2
|move|p1a: Toxapex|Infestation|p2a: Raging Bolt
|-damage|p2a: Raging Bolt|38/100 tox
|-activate|p2a: Raging Bolt|move: Infestation|[of] p1a: Toxapex
|
|-damage|p2a: Raging Bolt|20/100 tox|[from] psn
|-damage|p2a: Raging Bolt|8/100 tox|[from] move: Infestation|[partiallytrapped]
|upkeep
|turn|17
|inactive|Coldwiii has 120 seconds left.
|
|t:|1743883219
|move|p2a: Raging Bolt|Draco Meteor|p1a: Toxapex|[miss]
|-miss|p2a: Raging Bolt|p1a: Toxapex
|move|p1a: Toxapex|Mud Shot|p2a: Raging Bolt
|-supereffective|p2a: Raging Bolt
|-damage|p2a: Raging Bolt|0 fnt
|faint|p2a: Raging Bolt
|-end|p2a: Raging Bolt|Protosynthesis|[silent]
|
|upkeep
|inactive|YFN Ghetsis has 30 seconds left.
|inactive|YFN Ghetsis has 20 seconds left.
|inactive|YFN Ghetsis has 15 seconds left.
|
|t:|1743883255
|switch|p2a: Iron Boulder|Iron Boulder|100/100
|-enditem|p2a: Iron Boulder|Booster Energy
|-activate|p2a: Iron Boulder|ability: Quark Drive|[fromitem]
|-start|p2a: Iron Boulder|quarkdriveatk
|turn|18
|inactive|YFN Ghetsis has 25 seconds left this turn.
|inactive|YFN Ghetsis has 20 seconds left.
|inactive|YFN Ghetsis has 15 seconds left.
|inactive|YFN Ghetsis has 10 seconds left.
|inactive|Coldwiii has 90 seconds left.
|
|t:|1743883290
|switch|p1a: Great Tusk|Great Tusk|100/100
|move|p2a: Iron Boulder|Swords Dance|p2a: Iron Boulder
|-boost|p2a: Iron Boulder|atk|2
|
|upkeep
|turn|19
|inactive|YFN Ghetsis has 20 seconds left this turn.
|inactive|Coldwiii has 90 seconds left.
|inactive|YFN Ghetsis has 15 seconds left.
|
|t:|1743883298
|move|p2a: Iron Boulder|Zen Headbutt|p1a: Great Tusk
|-supereffective|p1a: Great Tusk
|-damage|p1a: Great Tusk|0 fnt
|faint|p1a: Great Tusk
|-end|p1a: Great Tusk|Protosynthesis|[silent]
|
|upkeep
|inactive|YFN Ghetsis has 20 seconds left this turn.
|inactive|Coldwiii has 90 seconds left.
|c|☆Coldwiii|tragic roll
|c|☆YFN Ghetsis|its adamant attack booster
|
|t:|1743883311
|switch|p1a: Skeledirge|Skeledirge, F|100/100
|turn|20
|inactive|YFN Ghetsis has 30 seconds left this turn.
|
|t:|1743883317
|move|p2a: Iron Boulder|Mighty Cleave|p1a: Skeledirge
|-supereffective|p1a: Skeledirge
|-damage|p1a: Skeledirge|16/100
|move|p1a: Skeledirge|Will-O-Wisp|p2a: Iron Boulder
|-status|p2a: Iron Boulder|brn
|
|-damage|p2a: Iron Boulder|94/100 brn|[from] brn
|upkeep
|turn|21
|inactive|YFN Ghetsis has 30 seconds left.
|inactive|YFN Ghetsis has 20 seconds left.
|c|☆Coldwiii|oh adamant
|inactive|YFN Ghetsis has 15 seconds left.
|
|t:|1743883340
|switch|p1a: Mandibuzz|Mandibuzz, F|100/100
|move|p2a: Iron Boulder|Mighty Cleave|p1a: Mandibuzz
|-supereffective|p1a: Mandibuzz
|-damage|p1a: Mandibuzz|24/100
|-damage|p2a: Iron Boulder|78/100 brn|[from] item: Rocky Helmet|[of] p1a: Mandibuzz
|
|-damage|p2a: Iron Boulder|72/100 brn|[from] brn
|upkeep
|turn|22
|inactive|YFN Ghetsis has 25 seconds left this turn.
|inactive|YFN Ghetsis has 20 seconds left.
|c|☆Coldwiii|yea ggs
|inactive|Coldwiii has 90 seconds left.
|
|t:|1743883355
|switch|p1a: Skeledirge|Skeledirge, F|16/100
|move|p2a: Iron Boulder|Mighty Cleave|p1a: Skeledirge
|-supereffective|p1a: Skeledirge
|-damage|p1a: Skeledirge|0 fnt
|faint|p1a: Skeledirge
|
|-damage|p2a: Iron Boulder|65/100 brn|[from] brn
|upkeep
|inactive|YFN Ghetsis has 25 seconds left this turn.
|inactive|Coldwiii has 90 seconds left.
|c|☆YFN Ghetsis|otherwise it would be +spe
|
|t:|1743883363
|switch|p1a: Latios|Latios, M, shiny|100/100
|turn|23
|inactive|YFN Ghetsis has 30 seconds left.
|c|☆Coldwiii|I see
|inactive|YFN Ghetsis has 20 seconds left.
|inactive|YFN Ghetsis has 15 seconds left.
|inactive|YFN Ghetsis has 10 seconds left.
|
|t:|1743883391
|move|p1a: Latios|Draco Meteor|p2a: Iron Boulder
|-damage|p2a: Iron Boulder|0 fnt
|-unboost|p1a: Latios|spa|2
|faint|p2a: Iron Boulder
|-end|p2a: Iron Boulder|Quark Drive|[silent]
|
|upkeep
|inactive|YFN Ghetsis has 15 seconds left this turn.
|inactive|YFN Ghetsis has 10 seconds left.
|
|t:|1743883398
|switch|p2a: Gholdengo|Gholdengo|100/100
|-item|p2a: Gholdengo|Air Balloon
|turn|24
|inactive|YFN Ghetsis has 20 seconds left this turn.
|inactive|YFN Ghetsis has 15 seconds left.
|
|t:|1743883406
|switch|p1a: Toxapex|Toxapex, F, shiny, tera:Grass|85/100
|move|p2a: Gholdengo|Nasty Plot|p2a: Gholdengo
|-boost|p2a: Gholdengo|spa|2
|
|upkeep
|turn|25
|inactive|YFN Ghetsis has 25 seconds left this turn.
|inactive|YFN Ghetsis has 20 seconds left.
|inactive|YFN Ghetsis has 15 seconds left.
|
|t:|1743883417
|move|p2a: Gholdengo|Shadow Ball|p1a: Toxapex
|-damage|p1a: Toxapex|52/100
|-unboost|p1a: Toxapex|spd|1
|move|p1a: Toxapex|Infestation|p2a: Gholdengo
|-resisted|p2a: Gholdengo
|-damage|p2a: Gholdengo|99/100
|-activate|p2a: Gholdengo|move: Infestation|[of] p1a: Toxapex
|-enditem|p2a: Gholdengo|Air Balloon
|
|-damage|p2a: Gholdengo|88/100|[from] move: Infestation|[partiallytrapped]
|upkeep
|turn|26
|inactive|YFN Ghetsis has 25 seconds left this turn.
|inactive|YFN Ghetsis has 20 seconds left.
|inactive|YFN Ghetsis has 15 seconds left.
|
|t:|1743883429
|switch|p1a: Mandibuzz|Mandibuzz, F|24/100
|move|p2a: Gholdengo|Shadow Ball|p1a: Mandibuzz
|-resisted|p1a: Mandibuzz
|-crit|p1a: Mandibuzz
|-damage|p1a: Mandibuzz|0 fnt
|faint|p1a: Mandibuzz
|
|-end|p2a: Gholdengo|Infestation|[partiallytrapped]|[silent]
|upkeep
|inactive|YFN Ghetsis has 20 seconds left this turn.
|
|t:|1743883438
|switch|p1a: Kingambit|Kingambit, F, shiny|33/100
|-activate|p1a: Kingambit|ability: Supreme Overlord
|-start|p1a: Kingambit|fallen3|[silent]
|turn|27
|inactive|YFN Ghetsis has 30 seconds left this turn.
|
|t:|1743883444
|-terastallize|p2a: Gholdengo|Fairy
|move|p1a: Kingambit|Sucker Punch|p2a: Gholdengo
|-resisted|p2a: Gholdengo
|-damage|p2a: Gholdengo|65/100
|move|p2a: Gholdengo|Make It Rain|p1a: Kingambit
|-resisted|p1a: Kingambit
|-damage|p1a: Kingambit|0 fnt
|-unboost|p2a: Gholdengo|spa|1
|faint|p1a: Kingambit
|-end|p1a: Kingambit|fallen3|[silent]
|
|upkeep
|inactive|YFN Ghetsis has 30 seconds left this turn.
|inactive|Coldwiii has 120 seconds left.
|
|t:|1743883458
|switch|p1a: Toxapex|Toxapex, F, shiny, tera:Grass|85/100
|turn|28
|inactive|YFN Ghetsis has 30 seconds left.
|inactive|Coldwiii has 120 seconds left.
|inactive|YFN Ghetsis has 20 seconds left.
|inactive|YFN Ghetsis has 15 seconds left.
|
|t:|1743883488
|switch|p1a: Latios|Latios, M, shiny|100/100
|move|p2a: Gholdengo|Nasty Plot|p2a: Gholdengo
|-boost|p2a: Gholdengo|spa|2
|
|upkeep
|turn|29
|inactive|YFN Ghetsis has 25 seconds left this turn.
|inactive|YFN Ghetsis has 20 seconds left.
|
|t:|1743883497
|move|p1a: Latios|Calm Mind|p1a: Latios
|-boost|p1a: Latios|spa|1
|-boost|p1a: Latios|spd|1
|move|p2a: Gholdengo|Shadow Ball|p1a: Latios
|-supereffective|p1a: Latios
|-damage|p1a: Latios|0 fnt
|faint|p1a: Latios
|
|upkeep
|inactive|YFN Ghetsis has 25 seconds left this turn.
|c|☆Coldwiii|ggs
|c|☆YFN Ghetsis|gg
|-message|Coldwiii forfeited.
|
|win|YFN Ghetsis
|inactive|YFN Ghetsis has 30 seconds left this turn.
|raw|Coldwiii's rating: 1528 &rarr; <strong>1508</strong><br />(-20 for losing)
|raw|YFN Ghetsis's rating: 1533 &rarr; <strong>1553</strong><br />(+20 for winning)
|l|☆Coldwiii
|player|p1|
|l|☆YFN Ghetsis
|player|p2|
