|j|☆Bum_Muncha
|j|☆mamabama
|t:|1743916247
|gametype|singles
|player|p1|Bum_Muncha|265|1560
|player|p2|mamabama|brycenman|1600
|teamsize|p1|6
|teamsize|p2|6
|gen|9
|tier|[Gen 9] OU
|rated|
|rule|HP Percentage Mod: HP is shown in percentages
|rule|Endless Battle Clause: Forcing endless battles is banned
|rule|Species Clause: Limit one of each Pokémon
|rule|OHKO Clause: OHKO moves are banned
|rule|Evasion Items Clause: Evasion items are banned
|rule|Evasion Moves Clause: Evasion moves are banned
|rule|Sleep Moves Clause: Sleep-inducing moves are banned
|clearpoke
|poke|p1|Dragapult, F|
|poke|p1|Iron Moth|
|poke|p1|Serperior, F|
|poke|p1|Iron Treads|
|poke|p1|Dragonite, F|
|poke|p1|Greninja-*, M|
|poke|p2|Conkeldurr, M|
|poke|p2|Gholdengo|
|poke|p2|Greninja-*, M|
|poke|p2|Ninetales-Alola, F|
|poke|p2|Garchomp, F|
|poke|p2|Glimmora, M|
|teampreview
|
|t:|1743916253
|start
|switch|p1a: Iron Treads|Iron Treads|100/100
|switch|p2a: Conkeldurr|Conkeldurr, M|100/100
|-enditem|p1a: Iron Treads|Booster Energy
|-activate|p1a: Iron Treads|ability: Quark Drive|[fromitem]
|-start|p1a: Iron Treads|quarkdrivespe
|turn|1
|
|t:|1743916282
|move|p1a: Iron Treads|Stealth Rock|p2a: Conkeldurr
|-sidestart|p2: mamabama|move: Stealth Rock
|move|p2a: Conkeldurr|Fire Punch|p1a: Iron Treads
|-supereffective|p1a: Iron Treads
|-damage|p1a: Iron Treads|6/100
|
|upkeep
|turn|2
|
|t:|1743916288
|switch|p2a: Garchomp|Garchomp, F|100/100
|-damage|p2a: Garchomp|94/100|[from] Stealth Rock
|move|p1a: Iron Treads|Earthquake|p2a: Garchomp
|-damage|p2a: Garchomp|60/100
|
|upkeep
|turn|3
|
|t:|1743916292
|move|p1a: Iron Treads|Ice Spinner|p2a: Garchomp
|-supereffective|p2a: Garchomp
|-damage|p2a: Garchomp|0 fnt
|-damage|p1a: Iron Treads|0 fnt|[from] ability: Rough Skin|[of] p2a: Garchomp
|faint|p2a: Garchomp
|faint|p1a: Iron Treads
|-end|p1a: Iron Treads|Quark Drive|[silent]
|
|upkeep
|
|t:|1743916300
|switch|p1a: Greninja|Greninja, M|100/100
|switch|p2a: Glimmora|Glimmora, M|100/100
|-damage|p2a: Glimmora|88/100|[from] Stealth Rock
|-item|p2a: Glimmora|Air Balloon
|turn|4
|
|t:|1743916308
|switch|p2a: Ninetales|Ninetales-Alola, F|100/100
|-damage|p2a: Ninetales|76/100|[from] Stealth Rock
|-weather|Snowscape|[from] ability: Snow Warning|[of] p2a: Ninetales
|move|p1a: Greninja|Surf|p2a: Ninetales
|-damage|p2a: Ninetales|13/100
|-damage|p1a: Greninja|91/100|[from] item: Life Orb
|
|-weather|Snowscape|[upkeep]
|upkeep
|turn|5
|
|t:|1743916312
|move|p2a: Ninetales|Moonblast|p1a: Greninja
|-supereffective|p1a: Greninja
|-damage|p1a: Greninja|0 fnt
|faint|p1a: Greninja
|
|-weather|Snowscape|[upkeep]
|upkeep
|
|t:|1743916316
|switch|p1a: Iron Moth|Iron Moth|100/100
|-enditem|p1a: Iron Moth|Booster Energy
|-activate|p1a: Iron Moth|ability: Quark Drive|[fromitem]
|-start|p1a: Iron Moth|quarkdrivespe
|turn|6
|
|t:|1743916320
|switch|p2a: Glimmora|Glimmora, M|88/100
|-damage|p2a: Glimmora|76/100|[from] Stealth Rock
|-item|p2a: Glimmora|Air Balloon
|move|p1a: Iron Moth|Fiery Dance|p2a: Glimmora
|-resisted|p2a: Glimmora
|-damage|p2a: Glimmora|53/100
|-enditem|p2a: Glimmora|Air Balloon
|
|-weather|Snowscape|[upkeep]
|upkeep
|turn|7
|
|t:|1743916326
|move|p1a: Iron Moth|Energy Ball|p2a: Glimmora
|-damage|p2a: Glimmora|16/100
|move|p2a: Glimmora|Earth Power|p1a: Iron Moth
|-supereffective|p1a: Iron Moth
|-damage|p1a: Iron Moth|0 fnt
|faint|p1a: Iron Moth
|-end|p1a: Iron Moth|Quark Drive|[silent]
|
|-weather|Snowscape|[upkeep]
|upkeep
|
|t:|1743916336
|switch|p1a: Serperior|Serperior, F|100/100
|turn|8
|
|t:|1743916339
|move|p1a: Serperior|Leaf Storm|p2a: Glimmora
|-damage|p2a: Glimmora|0 fnt
|-boost|p1a: Serperior|spa|2
|faint|p2a: Glimmora
|
|-weather|none
|upkeep
|
|t:|1743916344
|switch|p2a: Gholdengo|Gholdengo|100/100
|-damage|p2a: Gholdengo|94/100|[from] Stealth Rock
|turn|9
|
|t:|1743916347
|move|p1a: Serperior|Leaf Storm|p2a: Gholdengo
|-resisted|p2a: Gholdengo
|-damage|p2a: Gholdengo|49/100
|-boost|p1a: Serperior|spa|2
|move|p2a: Gholdengo|Make It Rain|p1a: Serperior
|-damage|p1a: Serperior|41/100
|-unboost|p2a: Gholdengo|spa|1
|
|-heal|p2a: Gholdengo|55/100|[from] item: Leftovers
|upkeep
|turn|10
|
|t:|1743916351
|move|p1a: Serperior|Leaf Storm|p2a: Gholdengo
|-resisted|p2a: Gholdengo
|-damage|p2a: Gholdengo|0 fnt
|-boost|p1a: Serperior|spa|2
|faint|p2a: Gholdengo
|
|upkeep
|
|t:|1743916354
|switch|p2a: Greninja|Greninja, M|100/100
|-damage|p2a: Greninja|88/100|[from] Stealth Rock
|turn|11
|
|t:|1743916357
|move|p1a: Serperior|Leaf Storm|p2a: Greninja
|-supereffective|p2a: Greninja
|-damage|p2a: Greninja|0 fnt
|faint|p2a: Greninja
|
|upkeep
|-message|mamabama forfeited.
|
|win|Bum_Muncha
|raw|Bum_Muncha's rating: 1560 &rarr; <strong>1582</strong><br />(+22 for winning)
|raw|mamabama's rating: 1600 &rarr; <strong>1578</strong><br />(-22 for losing)
|l|☆mamabama
|player|p2|
|l|☆Bum_Muncha
|player|p1|
