|j|☆morggort
|j|☆ruiruila
|t:|1743828572
|gametype|singles
|player|p1|morggort|giovanni|1075
|player|p2|ruiruila|iris-gen5bw2|1053
|teamsize|p1|6
|teamsize|p2|6
|gen|9
|tier|[Gen 9] OU
|rated|
|rule|HP Percentage Mod: HP is shown in percentages
|rule|Endless Battle Clause: Forcing endless battles is banned
|rule|Species Clause: Limit one of each Pokémon
|rule|OHKO Clause: OHKO moves are banned
|rule|Evasion Items Clause: Evasion items are banned
|rule|Evasion Moves Clause: Evasion moves are banned
|rule|Sleep Moves Clause: Sleep-inducing moves are banned
|clearpoke
|poke|p1|Slowking-Galar, F|
|poke|p1|Greninja-*, M|
|poke|p1|Gallade, M|
|poke|p1|Skarmory, M|
|poke|p1|Mamoswine, F|
|poke|p1|Reuniclus, M|
|poke|p2|Magnezone|
|poke|p2|Magneton|
|poke|p2|Empoleon, F|
|poke|p2|Kingambit, F|
|poke|p2|Skarmory, F|
|poke|p2|Jirachi|
|teampreview
|
|t:|1743828582
|start
|switch|p1a: Mamoswine|Mamoswine, F|100/100
|switch|p2a: Magnezone|Magnezone|100/100
|turn|1
|
|t:|1743828589
|switch|p2a: Skarmory|Skarmory, F|100/100
|move|p1a: Mamoswine|Earthquake|p2a: Skarmory
|-immune|p2a: Skarmory
|
|upkeep
|turn|2
|
|t:|1743828600
|switch|p1a: Reuniclus|Reuniclus, M|100/100
|move|p2a: Skarmory|Iron Defense|p2a: Skarmory
|-boost|p2a: Skarmory|def|2
|
|upkeep
|turn|3
|
|t:|1743828609
|move|p2a: Skarmory|Iron Defense|p2a: Skarmory
|-boost|p2a: Skarmory|def|2
|move|p1a: Reuniclus|Acid Armor|p1a: Reuniclus
|-boost|p1a: Reuniclus|def|2
|
|upkeep
|turn|4
|
|t:|1743828616
|move|p2a: Skarmory|Body Press|p1a: Reuniclus
|-resisted|p1a: Reuniclus
|-damage|p1a: Reuniclus|81/100
|move|p1a: Reuniclus|Calm Mind|p1a: Reuniclus
|-boost|p1a: Reuniclus|spa|1
|-boost|p1a: Reuniclus|spd|1
|
|-heal|p1a: Reuniclus|88/100|[from] item: Leftovers
|upkeep
|turn|5
|
|t:|1743828625
|switch|p2a: Kingambit|Kingambit, F|100/100
|move|p1a: Reuniclus|Acid Armor|p1a: Reuniclus
|-boost|p1a: Reuniclus|def|2
|
|-heal|p1a: Reuniclus|94/100|[from] item: Leftovers
|upkeep
|turn|6
|
|t:|1743828634
|move|p2a: Kingambit|Swords Dance|p2a: Kingambit
|-boost|p2a: Kingambit|atk|2
|move|p1a: Reuniclus|Knock Off|p2a: Kingambit
|-resisted|p2a: Kingambit
|-damage|p2a: Kingambit|95/100
|-enditem|p2a: Kingambit|Heavy-Duty Boots|[from] move: Knock Off|[of] p1a: Reuniclus
|
|-heal|p1a: Reuniclus|99/100|[from] item: Leftovers
|upkeep
|turn|7
|
|t:|1743828651
|move|p2a: Kingambit|Swords Dance|p2a: Kingambit
|-boost|p2a: Kingambit|atk|2
|move|p1a: Reuniclus|Stored Power|p2a: Kingambit
|-immune|p2a: Kingambit
|
|-heal|p1a: Reuniclus|100/100|[from] item: Leftovers
|upkeep
|turn|8
|
|t:|1743828667
|switch|p1a: Skarmory|Skarmory, M|100/100
|move|p2a: Kingambit|Swords Dance|p2a: Kingambit
|-boost|p2a: Kingambit|atk|2
|
|upkeep
|turn|9
|
|t:|1743828673
|move|p2a: Kingambit|Kowtow Cleave|p1a: Skarmory
|-damage|p1a: Skarmory|0 fnt
|-damage|p2a: Kingambit|79/100|[from] item: Rocky Helmet|[of] p1a: Skarmory
|faint|p1a: Skarmory
|
|upkeep
|
|t:|1743828681
|switch|p1a: Mamoswine|Mamoswine, F|100/100
|turn|10
|
|t:|1743828686
|move|p2a: Kingambit|Sucker Punch|p1a: Mamoswine
|-damage|p1a: Mamoswine|0 fnt
|faint|p1a: Mamoswine
|
|upkeep
|-message|morggort forfeited.
|
|win|ruiruila
|raw|morggort's rating: 1075 &rarr; <strong>1052</strong><br />(-23 for losing)
|raw|ruiruila's rating: 1053 &rarr; <strong>1087</strong><br />(+34 for winning)
|l|☆morggort
|player|p1|
|l|☆ruiruila
|player|p2|
