|j|☆Mage212
|j|☆Rhrbbehdhsbbs
|t:|1743876638
|gametype|singles
|player|p1|Mage212|102|1091
|player|p2|Rhrbbehdhsbbs|169|1070
|teamsize|p1|6
|teamsize|p2|6
|gen|9
|tier|[Gen 9] OU
|rated|
|rule|HP Percentage Mod: HP is shown in percentages
|rule|Endless Battle Clause: Forcing endless battles is banned
|rule|Species Clause: Limit one of each Pokémon
|rule|OHKO Clause: OHKO moves are banned
|rule|Evasion Items Clause: Evasion items are banned
|rule|Evasion Moves Clause: Evasion moves are banned
|rule|Sleep Moves Clause: Sleep-inducing moves are banned
|clearpoke
|poke|p1|Gholdengo|
|poke|p1|Gliscor, F|
|poke|p1|Great Tusk|
|poke|p1|Minior-Blue|
|poke|p1|Hydrapple, M|
|poke|p1|Milotic, F|
|poke|p2|Garganacl, M|
|poke|p2|Weezing-Galar, F|
|poke|p2|Corviknight, M|
|poke|p2|Dragapult, M|
|poke|p2|Slowking-Galar, M|
|poke|p2|Samurott-Hisui, F|
|teampreview
|inactive|Battle timer is ON: inactive players will automatically lose when time's up. (requested by Mage212)
|
|t:|1743876645
|start
|switch|p1a: Gliscor|Gliscor, F|100/100
|switch|p2a: Samurott|Samurott-Hisui, F, shiny|100/100
|turn|1
|
|t:|1743876655
|move|p2a: Samurott|Flip Turn|p1a: Gliscor
|-supereffective|p1a: Gliscor
|-damage|p1a: Gliscor|48/100
|
|t:|1743876657
|switch|p2a: Corviknight|Corviknight, M, shiny|100/100|[from] Flip Turn
|-ability|p2a: Corviknight|Pressure
|move|p1a: Gliscor|Swords Dance|p1a: Gliscor
|-boost|p1a: Gliscor|atk|2
|
|upkeep
|turn|2
|
|t:|1743876665
|move|p1a: Gliscor|Acrobatics|p2a: Corviknight
|-resisted|p2a: Corviknight
|-damage|p2a: Corviknight|87/100
|-damage|p1a: Gliscor|32/100|[from] item: Rocky Helmet|[of] p2a: Corviknight
|move|p2a: Corviknight|Iron Defense|p2a: Corviknight
|-boost|p2a: Corviknight|def|2
|
|upkeep
|turn|3
|
|t:|1743876690
|move|p1a: Gliscor|U-turn|p2a: Corviknight
|-resisted|p2a: Corviknight
|-damage|p2a: Corviknight|84/100
|-damage|p1a: Gliscor|15/100|[from] item: Rocky Helmet|[of] p2a: Corviknight
|-enditem|p1a: Gliscor|Salac Berry|[eat]
|-boost|p1a: Gliscor|spe|1|[from] item: Salac Berry
|
|t:|1743876702
|switch|p1a: Gholdengo|Gholdengo|100/100|[from] U-turn
|-item|p1a: Gholdengo|Air Balloon
|move|p2a: Corviknight|Iron Defense|p2a: Corviknight
|-boost|p2a: Corviknight|def|2
|
|upkeep
|turn|4
|
|t:|1743876725
|switch|p2a: Samurott|Samurott-Hisui, F, shiny|100/100
|move|p1a: Gholdengo|Thunder Wave|p2a: Samurott
|-status|p2a: Samurott|par
|
|upkeep
|turn|5
|inactive|Rhrbbehdhsbbs has 120 seconds left.
|
|t:|1743876756
|switch|p1a: Hydrapple|Hydrapple, M, shiny|100/100
|move|p2a: Samurott|Ceaseless Edge|p1a: Hydrapple
|-damage|p1a: Hydrapple|75/100
|-sidestart|p1: Mage212|Spikes
|
|-heal|p1a: Hydrapple|82/100|[from] item: Leftovers
|upkeep
|turn|6
|
|t:|1743876764
|switch|p2a: Slowking|Slowking-Galar, M|100/100
|move|p1a: Hydrapple|Infestation|p2a: Slowking
|-damage|p2a: Slowking|98/100
|-activate|p2a: Slowking|move: Infestation|[of] p1a: Hydrapple
|
|-heal|p1a: Hydrapple|88/100|[from] item: Leftovers
|-damage|p2a: Slowking|85/100|[from] move: Infestation|[partiallytrapped]
|upkeep
|turn|7
|
|t:|1743876774
|-terastallize|p1a: Hydrapple|Steel
|move|p1a: Hydrapple|Nasty Plot|p1a: Hydrapple
|-boost|p1a: Hydrapple|spa|2
|move|p2a: Slowking|Future Sight|p1a: Hydrapple
|-start|p2a: Slowking|move: Future Sight
|
|-heal|p1a: Hydrapple|94/100|[from] item: Leftovers
|-damage|p2a: Slowking|73/100|[from] move: Infestation|[partiallytrapped]
|upkeep
|turn|8
|
|t:|1743876783
|move|p1a: Hydrapple|Nasty Plot|p1a: Hydrapple
|-boost|p1a: Hydrapple|spa|2
|move|p2a: Slowking|Flamethrower|p1a: Hydrapple
|-supereffective|p1a: Hydrapple
|-damage|p1a: Hydrapple|44/100
|
|-heal|p1a: Hydrapple|50/100|[from] item: Leftovers
|-damage|p2a: Slowking|61/100|[from] move: Infestation|[partiallytrapped]
|upkeep
|turn|9
|
|t:|1743876805
|move|p1a: Hydrapple|Infestation|p2a: Slowking
|-damage|p2a: Slowking|54/100
|move|p2a: Slowking|Flamethrower|p1a: Hydrapple
|-supereffective|p1a: Hydrapple
|-damage|p1a: Hydrapple|0 fnt
|faint|p1a: Hydrapple
|
|-hint|Future Sight did not hit because the target is fainted.
|-end|p2a: Slowking|Infestation|[partiallytrapped]|[silent]
|upkeep
|
|t:|1743876815
|switch|p1a: Gliscor|Gliscor, F|15/100
|turn|10
|
|t:|1743876823
|switch|p2a: Corviknight|Corviknight, M, shiny|84/100
|-ability|p2a: Corviknight|Pressure
|move|p1a: Gliscor|Earthquake|p2a: Corviknight
|-immune|p2a: Corviknight
|
|upkeep
|turn|11
|
|t:|1743876830
|move|p1a: Gliscor|U-turn|p2a: Corviknight
|-resisted|p2a: Corviknight
|-damage|p2a: Corviknight|82/100
|-damage|p1a: Gliscor|0 fnt|[from] item: Rocky Helmet|[of] p2a: Corviknight
|faint|p1a: Gliscor
|move|p2a: Corviknight|Iron Defense|p2a: Corviknight
|-boost|p2a: Corviknight|def|2
|
|upkeep
|
|t:|1743876838
|switch|p1a: Gholdengo|Gholdengo|100/100
|-item|p1a: Gholdengo|Air Balloon
|turn|12
|
|t:|1743876842
|switch|p2a: Samurott|Samurott-Hisui, F, shiny|100/100 par
|move|p1a: Gholdengo|Metal Sound|p2a: Samurott
|-unboost|p2a: Samurott|spd|2
|
|upkeep
|turn|13
|
|t:|1743876848
|switch|p2a: Slowking|Slowking-Galar, M|87/100
|switch|p1a: Milotic|Milotic, F|100/100
|-damage|p1a: Milotic|88/100|[from] Spikes
|
|-status|p1a: Milotic|brn|[from] item: Flame Orb
|upkeep
|turn|14
|
|t:|1743876863
|move|p1a: Milotic|Dragon Pulse|p2a: Slowking
|-damage|p2a: Slowking|77/100
|move|p2a: Slowking|Sludge Bomb|p1a: Milotic
|-damage|p1a: Milotic|58/100 brn
|
|-damage|p1a: Milotic|52/100 brn|[from] brn
|upkeep
|turn|15
|
|t:|1743876872
|move|p1a: Milotic|Recover|p1a: Milotic
|-heal|p1a: Milotic|100/100 brn
|move|p2a: Slowking|Sludge Bomb|p1a: Milotic
|-damage|p1a: Milotic|68/100 brn
|
|-damage|p1a: Milotic|62/100 brn|[from] brn
|upkeep
|turn|16
|
|t:|1743876881
|switch|p1a: Gholdengo|Gholdengo|100/100
|-item|p1a: Gholdengo|Air Balloon
|move|p2a: Slowking|Psychic Noise|p1a: Gholdengo
|-resisted|p1a: Gholdengo
|-damage|p1a: Gholdengo|85/100
|-start|p1a: Gholdengo|move: Heal Block
|-enditem|p1a: Gholdengo|Air Balloon
|
|upkeep
|turn|17
|
|t:|1743876890
|move|p1a: Gholdengo|Make It Rain|p2a: Slowking
|-damage|p2a: Slowking|54/100
|-unboost|p1a: Gholdengo|spa|1
|move|p2a: Slowking|Flamethrower|p1a: Gholdengo
|-supereffective|p1a: Gholdengo
|-damage|p1a: Gholdengo|38/100
|
|-end|p1a: Gholdengo|move: Heal Block
|upkeep
|turn|18
|
|t:|1743876895
|move|p1a: Gholdengo|Thunder Wave|p2a: Slowking
|-status|p2a: Slowking|par
|cant|p2a: Slowking|par
|
|upkeep
|turn|19
|
|t:|1743876902
|move|p1a: Gholdengo|Recover|p1a: Gholdengo
|-heal|p1a: Gholdengo|88/100
|move|p2a: Slowking|Flamethrower|p1a: Gholdengo
|-supereffective|p1a: Gholdengo
|-damage|p1a: Gholdengo|40/100
|
|upkeep
|turn|20
|
|t:|1743876909
|move|p1a: Gholdengo|Recover|p1a: Gholdengo
|-heal|p1a: Gholdengo|90/100
|move|p2a: Slowking|Flamethrower|p1a: Gholdengo
|-supereffective|p1a: Gholdengo
|-damage|p1a: Gholdengo|40/100
|
|upkeep
|turn|21
|
|t:|1743876916
|move|p1a: Gholdengo|Recover|p1a: Gholdengo
|-heal|p1a: Gholdengo|90/100
|move|p2a: Slowking|Flamethrower|p1a: Gholdengo
|-supereffective|p1a: Gholdengo
|-damage|p1a: Gholdengo|41/100
|
|upkeep
|turn|22
|
|t:|1743876923
|move|p1a: Gholdengo|Recover|p1a: Gholdengo
|-heal|p1a: Gholdengo|91/100
|move|p2a: Slowking|Flamethrower|p1a: Gholdengo
|-supereffective|p1a: Gholdengo
|-damage|p1a: Gholdengo|47/100
|
|upkeep
|turn|23
|
|t:|1743876932
|move|p1a: Gholdengo|Recover|p1a: Gholdengo
|-heal|p1a: Gholdengo|97/100
|cant|p2a: Slowking|par
|
|upkeep
|turn|24
|
|t:|1743876940
|move|p1a: Gholdengo|Make It Rain|p2a: Slowking
|-damage|p2a: Slowking|38/100 par
|-unboost|p1a: Gholdengo|spa|1
|move|p2a: Slowking|Flamethrower|p1a: Gholdengo
|-supereffective|p1a: Gholdengo
|-damage|p1a: Gholdengo|45/100
|-status|p1a: Gholdengo|brn
|
|-damage|p1a: Gholdengo|39/100 brn|[from] brn
|upkeep
|turn|25
|
|t:|1743876950
|move|p1a: Gholdengo|Recover|p1a: Gholdengo
|-heal|p1a: Gholdengo|89/100 brn
|move|p2a: Slowking|Flamethrower|p1a: Gholdengo
|-supereffective|p1a: Gholdengo
|-damage|p1a: Gholdengo|41/100 brn
|
|-damage|p1a: Gholdengo|35/100 brn|[from] brn
|upkeep
|turn|26
|
|t:|1743876956
|switch|p2a: Garganacl|Garganacl, M|100/100
|move|p1a: Gholdengo|Recover|p1a: Gholdengo
|-heal|p1a: Gholdengo|85/100 brn
|
|-damage|p1a: Gholdengo|79/100 brn|[from] brn
|upkeep
|turn|27
|
|t:|1743876962
|move|p2a: Garganacl|Protect|p2a: Garganacl
|-singleturn|p2a: Garganacl|Protect
|move|p1a: Gholdengo|Make It Rain|p2a: Garganacl
|-activate|p2a: Garganacl|move: Protect
|
|-damage|p1a: Gholdengo|73/100 brn|[from] brn
|upkeep
|turn|28
|
|t:|1743876965
|switch|p2a: Slowking|Slowking-Galar, M|72/100 par
|move|p1a: Gholdengo|Metal Sound|p2a: Slowking
|-unboost|p2a: Slowking|spd|2
|
|-damage|p1a: Gholdengo|67/100 brn|[from] brn
|upkeep
|turn|29
|
|t:|1743876973
|switch|p2a: Samurott|Samurott-Hisui, F, shiny|100/100 par
|move|p1a: Gholdengo|Make It Rain|p2a: Samurott
|-resisted|p2a: Samurott
|-damage|p2a: Samurott|81/100 par
|-unboost|p1a: Gholdengo|spa|1
|
|-damage|p1a: Gholdengo|61/100 brn|[from] brn
|upkeep
|turn|30
|
|t:|1743876982
|switch|p1a: Milotic|Milotic, F|62/100 brn
|-damage|p1a: Milotic|49/100 brn|[from] Spikes
|move|p2a: Samurott|Ceaseless Edge|p1a: Milotic
|-damage|p1a: Milotic|9/100 brn
|-sidestart|p1: Mage212|Spikes
|
|-damage|p1a: Milotic|3/100 brn|[from] brn
|upkeep
|turn|31
|
|t:|1743877000
|move|p1a: Milotic|Alluring Voice|p2a: Samurott
|-supereffective|p2a: Samurott
|-damage|p2a: Samurott|17/100 par
|cant|p2a: Samurott|par
|
|-damage|p1a: Milotic|0 fnt|[from] brn
|faint|p1a: Milotic
|upkeep
|
|t:|1743877009
|switch|p1a: Minior|Minior-Blue|100/100
|-formechange|p1a: Minior|Minior-Meteor||[from] ability: Shields Down
|turn|32
|
|t:|1743877014
|switch|p2a: Corviknight|Corviknight, M, shiny|82/100
|-ability|p2a: Corviknight|Pressure
|move|p1a: Minior|Acrobatics|p2a: Corviknight
|-resisted|p2a: Corviknight
|-damage|p2a: Corviknight|76/100
|-damage|p1a: Minior|84/100|[from] item: Rocky Helmet|[of] p2a: Corviknight
|
|upkeep
|turn|33
|
|t:|1743877017
|move|p1a: Minior|Shell Smash|p1a: Minior
|-unboost|p1a: Minior|def|1
|-unboost|p1a: Minior|spd|1
|-boost|p1a: Minior|atk|2
|-boost|p1a: Minior|spa|2
|-boost|p1a: Minior|spe|2
|move|p2a: Corviknight|Iron Defense|p2a: Corviknight
|-boost|p2a: Corviknight|def|2
|
|upkeep
|turn|34
|
|t:|1743877024
|move|p1a: Minior|Rock Slide|p2a: Corviknight
|-damage|p2a: Corviknight|59/100
|move|p2a: Corviknight|Body Press|p1a: Minior
|-damage|p1a: Minior|0 fnt
|faint|p1a: Minior
|
|upkeep
|
|t:|1743877032
|switch|p1a: Gholdengo|Gholdengo|61/100 brn
|-damage|p1a: Gholdengo|44/100 brn|[from] Spikes
|turn|35
|
|t:|1743877039
|move|p1a: Gholdengo|Recover|p1a: Gholdengo
|-heal|p1a: Gholdengo|94/100 brn
|move|p2a: Corviknight|Roost|p2a: Corviknight
|-heal|p2a: Corviknight|100/100
|-singleturn|p2a: Corviknight|move: Roost
|
|-damage|p1a: Gholdengo|88/100 brn|[from] brn
|upkeep
|turn|36
|
|t:|1743877054
|switch|p2a: Slowking|Slowking-Galar, M|100/100 par
|move|p1a: Gholdengo|Metal Sound|p2a: Slowking
|-unboost|p2a: Slowking|spd|2
|
|-damage|p1a: Gholdengo|82/100 brn|[from] brn
|upkeep
|turn|37
|
|t:|1743877061
|switch|p2a: Corviknight|Corviknight, M, shiny|100/100
|-ability|p2a: Corviknight|Pressure
|move|p1a: Gholdengo|Metal Sound|p2a: Corviknight
|-unboost|p2a: Corviknight|spd|2
|
|-damage|p1a: Gholdengo|76/100 brn|[from] brn
|upkeep
|turn|38
|
|t:|1743877067
|switch|p2a: Slowking|Slowking-Galar, M|100/100 par
|move|p1a: Gholdengo|Metal Sound|p2a: Slowking
|-unboost|p2a: Slowking|spd|2
|
|-damage|p1a: Gholdengo|70/100 brn|[from] brn
|upkeep
|turn|39
|
|t:|1743877070
|switch|p2a: Corviknight|Corviknight, M, shiny|100/100
|-ability|p2a: Corviknight|Pressure
|move|p1a: Gholdengo|Metal Sound|p2a: Corviknight|[miss]
|-miss|p1a: Gholdengo|p2a: Corviknight
|
|-damage|p1a: Gholdengo|64/100 brn|[from] brn
|upkeep
|turn|40
|
|t:|1743877076
|switch|p2a: Slowking|Slowking-Galar, M|100/100 par
|move|p1a: Gholdengo|Metal Sound|p2a: Slowking|[miss]
|-miss|p1a: Gholdengo|p2a: Slowking
|
|-damage|p1a: Gholdengo|58/100 brn|[from] brn
|upkeep
|turn|41
|
|t:|1743877081
|move|p1a: Gholdengo|Metal Sound|p2a: Slowking
|-unboost|p2a: Slowking|spd|2
|cant|p2a: Slowking|par
|
|-damage|p1a: Gholdengo|52/100 brn|[from] brn
|upkeep
|turn|42
|
|t:|1743877091
|switch|p2a: Corviknight|Corviknight, M, shiny|100/100
|-ability|p2a: Corviknight|Pressure
|move|p1a: Gholdengo|Thunder Wave|p2a: Corviknight
|-status|p2a: Corviknight|par
|
|-damage|p1a: Gholdengo|45/100 brn|[from] brn
|upkeep
|turn|43
|
|t:|1743877106
|switch|p1a: Great Tusk|Great Tusk|100/100
|switch|p2a: Slowking|Slowking-Galar, M|100/100 par
|
|upkeep
|turn|44
|
|t:|1743877113
|switch|p2a: Dragapult|Dragapult, M, shiny|100/100
|move|p1a: Great Tusk|Knock Off|p2a: Dragapult
|-supereffective|p2a: Dragapult
|-damage|p2a: Dragapult|2/100
|-enditem|p2a: Dragapult|Heavy-Duty Boots|[from] move: Knock Off|[of] p1a: Great Tusk
|
|upkeep
|turn|45
|
|t:|1743877128
|move|p2a: Dragapult|Will-O-Wisp|p1a: Great Tusk
|-status|p1a: Great Tusk|brn
|move|p1a: Great Tusk|Ice Spinner|p2a: Dragapult
|-supereffective|p2a: Dragapult
|-damage|p2a: Dragapult|0 fnt
|faint|p2a: Dragapult
|
|-damage|p1a: Great Tusk|94/100 brn|[from] brn
|upkeep
|
|t:|1743877132
|switch|p2a: Weezing|Weezing-Galar, F|100/100
|-ability|p2a: Weezing|Neutralizing Gas
|turn|46
|
|t:|1743877145
|move|p1a: Great Tusk|Iron Head|p2a: Weezing
|-supereffective|p2a: Weezing
|-damage|p2a: Weezing|82/100
|move|p2a: Weezing|Strange Steam|p1a: Great Tusk
|-supereffective|p1a: Great Tusk
|-damage|p1a: Great Tusk|7/100 brn
|
|-heal|p2a: Weezing|88/100|[from] item: Leftovers
|-damage|p1a: Great Tusk|1/100 brn|[from] brn
|upkeep
|turn|47
|
|t:|1743877153
|-end|p2a: Weezing|ability: Neutralizing Gas
|switch|p2a: Corviknight|Corviknight, M, shiny|100/100 par
|-ability|p2a: Corviknight|Pressure
|move|p1a: Great Tusk|Iron Head|p2a: Corviknight
|-resisted|p2a: Corviknight
|-damage|p2a: Corviknight|96/100 par
|-damage|p1a: Great Tusk|0 fnt|[from] item: Rocky Helmet|[of] p2a: Corviknight
|faint|p1a: Great Tusk
|-end|p1a: Great Tusk|Protosynthesis|[silent]
|
|upkeep
|
|t:|1743877165
|switch|p1a: Gholdengo|Gholdengo|45/100 brn
|-damage|p1a: Gholdengo|29/100 brn|[from] Spikes
|turn|48
|inactive|Mage212 has 120 seconds left.
|
|t:|1743877196
|switch|p2a: Slowking|Slowking-Galar, M|100/100 par
|move|p1a: Gholdengo|Thunder Wave|p2a: Slowking
|-fail|p2a: Slowking|par
|
|-damage|p1a: Gholdengo|23/100 brn|[from] brn
|upkeep
|turn|49
|-message|Mage212 forfeited.
|
|win|Rhrbbehdhsbbs
|raw|Mage212's rating: 1091 &rarr; <strong>1065</strong><br />(-26 for losing)
|raw|Rhrbbehdhsbbs's rating: 1049 &rarr; <strong>1086</strong><br />(+37 for winning)
|l|☆Rhrbbehdhsbbs
|player|p2|
