|j|☆r42xKOPvJldNcoN0
|j|☆Quintesshou
|t:|1743783410
|gametype|singles
|player|p1|r42xKOPvJldNcoN0|1|1000
|player|p2|Quintesshou|marley|1033
|teamsize|p1|6
|teamsize|p2|6
|gen|9
|tier|[Gen 9] OU
|rated|
|rule|HP Percentage Mod: HP is shown in percentages
|rule|Endless Battle Clause: Forcing endless battles is banned
|rule|Species Clause: Limit one of each Pokémon
|rule|OHKO Clause: OHKO moves are banned
|rule|Evasion Items Clause: Evasion items are banned
|rule|Evasion Moves Clause: Evasion moves are banned
|rule|Sleep Moves Clause: Sleep-inducing moves are banned
|clearpoke
|poke|p1|Comfey, F|
|poke|p1|Whimsicott, M|
|poke|p1|Iron Moth|
|poke|p1|Walking Wake|
|poke|p1|Great Tusk|
|poke|p1|Ninetales, M|
|poke|p2|Arbok, F|
|poke|p2|Seviper, F|
|poke|p2|Serperior, F|
|poke|p2|Milotic, F|
|poke|p2|Sandaconda, F|
|poke|p2|Eelektross, F|
|teampreview
|inactive|Battle timer is ON: inactive players will automatically lose when time's up. (requested by r42xKOPvJldNcoN0)
|inactive|Quintesshou also wants the timer to be on.
|
|t:|1743783417
|start
|switch|p1a: Ninetales|Ninetales, M|100/100
|switch|p2a: Serperior|Serperior, F, shiny|100/100
|-weather|SunnyDay|[from] ability: Drought|[of] p1a: Ninetales
|turn|1
|
|t:|1743783428
|-terastallize|p2a: Serperior|Dragon
|move|p2a: Serperior|Glare|p1a: Ninetales
|-status|p1a: Ninetales|par
|cant|p1a: Ninetales|par
|
|-weather|SunnyDay|[upkeep]
|upkeep
|turn|2
|
|t:|1743783439
|switch|p2a: Eelektross|Eelektross, F, shiny|100/100
|switch|p1a: Walking Wake|Walking Wake|100/100
|-activate|p1a: Walking Wake|ability: Protosynthesis
|-start|p1a: Walking Wake|protosynthesisspe
|
|-weather|SunnyDay|[upkeep]
|upkeep
|turn|3
|
|t:|1743783446
|move|p1a: Walking Wake|Hydro Steam|p2a: Eelektross
|-damage|p2a: Eelektross|34/100
|move|p2a: Eelektross|Thunder Wave|p1a: Walking Wake
|-status|p1a: Walking Wake|par
|
|-weather|SunnyDay|[upkeep]
|upkeep
|turn|4
|
|t:|1743783456
|switch|p2a: Serperior|Serperior, F, shiny, tera:Dragon|100/100
|cant|p1a: Walking Wake|par
|
|-weather|SunnyDay|[upkeep]
|upkeep
|turn|5
|
|t:|1743783462
|move|p2a: Serperior|Leaf Storm|p1a: Walking Wake
|-damage|p1a: Walking Wake|69/100 par
|-boost|p2a: Serperior|spa|2
|cant|p1a: Walking Wake|par
|
|-weather|SunnyDay|[upkeep]
|upkeep
|turn|6
|
|t:|1743783469
|move|p2a: Serperior|Leaf Storm|p1a: Walking Wake
|-damage|p1a: Walking Wake|10/100 par
|-boost|p2a: Serperior|spa|2
|move|p1a: Walking Wake|Draco Meteor|p2a: Serperior
|-supereffective|p2a: Serperior
|-damage|p2a: Serperior|0 fnt
|-unboost|p1a: Walking Wake|spa|2
|faint|p2a: Serperior
|
|-weather|SunnyDay|[upkeep]
|upkeep
|
|t:|1743783479
|switch|p2a: Eelektross|Eelektross, F, shiny|34/100
|turn|7
|
|t:|1743783482
|move|p1a: Walking Wake|Draco Meteor|p2a: Eelektross
|-damage|p2a: Eelektross|0 fnt
|-unboost|p1a: Walking Wake|spa|2
|faint|p2a: Eelektross
|
|-weather|SunnyDay|[upkeep]
|upkeep
|
|t:|1743783488
|switch|p2a: Milotic|Milotic, F, shiny|100/100
|turn|8
|
|t:|1743783491
|move|p2a: Milotic|Flip Turn|p1a: Walking Wake
|-resisted|p1a: Walking Wake
|-damage|p1a: Walking Wake|8/100 par
|
|t:|1743783497
|switch|p2a: Arbok|Arbok, F|100/100|[from] Flip Turn
|move|p1a: Walking Wake|Knock Off|p2a: Arbok
|-crit|p2a: Arbok
|-damage|p2a: Arbok|55/100
|-enditem|p2a: Arbok|Black Sludge|[from] move: Knock Off|[of] p1a: Walking Wake
|
|-weather|none
|-end|p1a: Walking Wake|Protosynthesis
|upkeep
|turn|9
|
|t:|1743783506
|-end|p1a: Walking Wake|Protosynthesis|[silent]
|switch|p1a: Ninetales|Ninetales, M|100/100 par
|-weather|SunnyDay|[from] ability: Drought|[of] p1a: Ninetales
|move|p2a: Arbok|Sucker Punch||[still]
|-fail|p2a: Arbok
|
|-weather|SunnyDay|[upkeep]
|upkeep
|turn|10
|
|t:|1743783514
|switch|p1a: Great Tusk|Great Tusk|100/100
|-activate|p1a: Great Tusk|ability: Protosynthesis
|-start|p1a: Great Tusk|protosynthesisspe
|move|p2a: Arbok|Psychic Fangs|p1a: Great Tusk
|-supereffective|p1a: Great Tusk
|-damage|p1a: Great Tusk|71/100
|-damage|p2a: Arbok|39/100|[from] item: Rocky Helmet|[of] p1a: Great Tusk
|
|-weather|SunnyDay|[upkeep]
|upkeep
|turn|11
|
|t:|1743783523
|move|p1a: Great Tusk|Headlong Rush|p2a: Arbok
|-supereffective|p2a: Arbok
|-damage|p2a: Arbok|0 fnt
|-unboost|p1a: Great Tusk|def|1
|-unboost|p1a: Great Tusk|spd|1
|faint|p2a: Arbok
|
|-weather|SunnyDay|[upkeep]
|upkeep
|-message|Quintesshou forfeited.
|
|win|r42xKOPvJldNcoN0
|raw|r42xKOPvJldNcoN0's rating: 1000 &rarr; <strong>1044</strong><br />(+44 for winning)
|raw|Quintesshou's rating: 1033 &rarr; <strong>1017</strong><br />(-16 for losing)
|l|☆Quintesshou
|player|p2|
