|j|☆gmuy08%%%
|j|☆ieihwo
|t:|1743897584
|gametype|singles
|player|p1|gmuy08%%%|266|1000
|player|p2|ieihwo|102|1000
|teamsize|p1|6
|teamsize|p2|6
|gen|9
|tier|[Gen 9] OU
|rated|
|rule|HP Percentage Mod: HP is shown in percentages
|rule|Endless Battle Clause: Forcing endless battles is banned
|rule|Species Clause: Limit one of each Pokémon
|rule|OHKO Clause: OHKO moves are banned
|rule|Evasion Items Clause: Evasion items are banned
|rule|Evasion Moves Clause: Evasion moves are banned
|rule|Sleep Moves Clause: Sleep-inducing moves are banned
|clearpoke
|poke|p1|Kingambit, F|
|poke|p1|Magnezone|
|poke|p1|Forretress, M|
|poke|p1|Drifblim, M|
|poke|p1|Azelf|
|poke|p1|Glimmora, F|
|poke|p2|Gliscor, F|
|poke|p2|Meowscarada, F|
|poke|p2|Ursaluna, F|
|poke|p2|Skarmory, F|
|poke|p2|Dragapult, F|
|poke|p2|Slowking-Galar, M|
|teampreview
|
|t:|1743897590
|start
|switch|p1a: Glimmora|Glimmora, F|100/100
|switch|p2a: Skarmory|Skarmory, F|100/100
|-item|p1a: Glimmora|Air Balloon
|turn|1
|
|t:|1743897603
|move|p1a: Glimmora|Stone Edge|p2a: Skarmory|[miss]
|-miss|p1a: Glimmora|p2a: Skarmory
|move|p2a: Skarmory|Stealth Rock|p1a: Glimmora
|-sidestart|p1: gmuy08%%%|move: Stealth Rock
|
|upkeep
|turn|2
|
|t:|1743897613
|move|p1a: Glimmora|Mortal Spin|p2a: Skarmory
|-immune|p2a: Skarmory
|move|p2a: Skarmory|Brave Bird|p1a: Glimmora
|-resisted|p1a: Glimmora
|-damage|p1a: Glimmora|80/100
|-activate|p1a: Glimmora|ability: Toxic Debris
|-sidestart|p2: ieihwo|move: Toxic Spikes
|-enditem|p1a: Glimmora|Air Balloon
|-damage|p2a: Skarmory|94/100|[from] Recoil
|
|upkeep
|turn|3
|
|t:|1743897632
|move|p1a: Glimmora|Stone Edge|p2a: Skarmory
|-damage|p2a: Skarmory|82/100
|move|p2a: Skarmory|Brave Bird|p1a: Glimmora
|-resisted|p1a: Glimmora
|-damage|p1a: Glimmora|57/100
|-activate|p1a: Glimmora|ability: Toxic Debris
|-sidestart|p2: ieihwo|move: Toxic Spikes
|-damage|p2a: Skarmory|75/100|[from] Recoil
|
|upkeep
|turn|4
|
|t:|1743897660
|move|p1a: Glimmora|Stone Edge|p2a: Skarmory
|-damage|p2a: Skarmory|63/100
|move|p2a: Skarmory|Whirlwind|p1a: Glimmora
|drag|p1a: Forretress|Forretress, M|100/100
|-damage|p1a: Forretress|88/100|[from] Stealth Rock
|
|upkeep
|turn|5
|
|t:|1743897675
|move|p2a: Skarmory|Brave Bird|p1a: Forretress
|-damage|p1a: Forretress|61/100
|-damage|p2a: Skarmory|55/100|[from] Recoil
|move|p1a: Forretress|Stealth Rock|p2a: Skarmory
|-sidestart|p2: ieihwo|move: Stealth Rock
|
|upkeep
|turn|6
|
|t:|1743897711
|switch|p2a: Slowking|Slowking-Galar, M|100/100
|-sideend|p2: ieihwo|move: Toxic Spikes|[of] p2a: Slowking
|move|p1a: Forretress|Body Press|p2a: Slowking
|-resisted|p2a: Slowking
|-damage|p2a: Slowking|92/100
|
|upkeep
|turn|7
|-activate|p1a: Forretress|item: Quick Claw
|
|t:|1743897729
|move|p1a: Forretress|Spikes|p2a: Slowking
|-sidestart|p2: ieihwo|Spikes
|move|p2a: Slowking|Thunder Wave|p1a: Forretress
|-status|p1a: Forretress|par
|
|upkeep
|turn|8
|
|t:|1743897740
|move|p2a: Slowking|Sludge Bomb|p1a: Forretress
|-immune|p1a: Forretress
|move|p1a: Forretress|Spikes|p2a: Slowking
|-sidestart|p2: ieihwo|Spikes
|
|upkeep
|turn|9
|
|t:|1743897751
|switch|p1a: Drifblim|Drifblim, M|100/100
|-damage|p1a: Drifblim|76/100|[from] Stealth Rock
|move|p2a: Slowking|Psychic Noise|p1a: Drifblim
|-damage|p1a: Drifblim|53/100
|-start|p1a: Drifblim|move: Heal Block
|
|upkeep
|turn|10
|
|t:|1743897766
|move|p1a: Drifblim|Night Shade|p2a: Slowking
|-damage|p2a: Slowking|67/100
|move|p2a: Slowking|Thunder Wave|p1a: Drifblim
|-status|p1a: Drifblim|par
|
|-end|p1a: Drifblim|move: Heal Block
|upkeep
|turn|11
|
|t:|1743897795
|switch|p1a: Azelf|Azelf|100/100
|-damage|p1a: Azelf|88/100|[from] Stealth Rock
|-prepare|p2a: Slowking|Chilly Reception|[premajor]
|move|p2a: Slowking|Chilly Reception|p2a: Slowking
|-weather|Snowscape
|inactive|Battle timer is ON: inactive players will automatically lose when time's up. (requested by gmuy08%%%)
|
|t:|1743897895
|switch|p2a: Dragapult|Dragapult, F|100/100|[from] Chilly Reception
|
|-weather|Snowscape|[upkeep]
|upkeep
|turn|12
|
|t:|1743897907
|move|p2a: Dragapult|Hex|p1a: Azelf
|-supereffective|p1a: Azelf
|-damage|p1a: Azelf|0 fnt
|faint|p1a: Azelf
|
|-weather|Snowscape|[upkeep]
|upkeep
|
|t:|1743897920
|switch|p1a: Magnezone|Magnezone|100/100
|-damage|p1a: Magnezone|94/100|[from] Stealth Rock
|turn|13
|
|t:|1743897941
|switch|p2a: Ursaluna|Ursaluna, F|100/100
|move|p1a: Magnezone|Flash Cannon|p2a: Ursaluna
|-damage|p2a: Ursaluna|65/100
|
|-weather|Snowscape|[upkeep]
|upkeep
|turn|14
|
|t:|1743897969
|move|p1a: Magnezone|Reflect|p1a: Magnezone
|-sidestart|p1: gmuy08%%%|Reflect
|move|p2a: Ursaluna|Headlong Rush|p1a: Magnezone
|-supereffective|p1a: Magnezone
|-damage|p1a: Magnezone|0 fnt
|-unboost|p2a: Ursaluna|def|1
|-unboost|p2a: Ursaluna|spd|1
|faint|p1a: Magnezone
|
|-weather|Snowscape|[upkeep]
|upkeep
|inactive|gmuy08%%% has 120 seconds left.
|
|t:|1743897980
|switch|p1a: Drifblim|Drifblim, M|53/100 par
|-damage|p1a: Drifblim|28/100 par|[from] Stealth Rock
|turn|15
|
|t:|1743897988
|move|p2a: Ursaluna|Ice Punch|p1a: Drifblim
|-supereffective|p1a: Drifblim
|-damage|p1a: Drifblim|3/100 par
|-damage|p2a: Ursaluna|49/100|[from] item: Rocky Helmet|[of] p1a: Drifblim
|move|p1a: Drifblim|Trick Room|p1a: Drifblim
|-fieldstart|move: Trick Room|[of] p1a: Drifblim
|
|-weather|none
|upkeep
|turn|16
|
|t:|1743898000
|cant|p1a: Drifblim|par
|move|p2a: Ursaluna|Ice Punch|p1a: Drifblim
|-supereffective|p1a: Drifblim
|-crit|p1a: Drifblim
|-damage|p1a: Drifblim|0 fnt
|-damage|p2a: Ursaluna|24/100|[from] ability: Aftermath|[of] p1a: Drifblim
|-damage|p2a: Ursaluna|7/100|[from] item: Rocky Helmet|[of] p1a: Drifblim
|faint|p1a: Drifblim
|
|upkeep
|inactive|gmuy08%%% has 120 seconds left.
|
|t:|1743898010
|switch|p1a: Forretress|Forretress, M|61/100 par
|-damage|p1a: Forretress|49/100 par|[from] Stealth Rock
|turn|17
|
|t:|1743898037
|cant|p1a: Forretress|par
|move|p2a: Ursaluna|Headlong Rush|p1a: Forretress
|-damage|p1a: Forretress|27/100 par
|-unboost|p2a: Ursaluna|def|1
|-unboost|p2a: Ursaluna|spd|1
|
|upkeep
|turn|18
|
|t:|1743898046
|move|p1a: Forretress|Body Press|p2a: Ursaluna
|-supereffective|p2a: Ursaluna
|-damage|p2a: Ursaluna|0 fnt
|faint|p2a: Ursaluna
|
|-sideend|p1: gmuy08%%%|Reflect
|upkeep
|inactive|ieihwo has 120 seconds left.
|
|t:|1743898061
|switch|p2a: Gliscor|Gliscor, F|100/100
|-damage|p2a: Gliscor|88/100|[from] Stealth Rock
|turn|19
|
|t:|1743898069
|move|p1a: Forretress|Reflect|p1a: Forretress
|-sidestart|p1: gmuy08%%%|Reflect
|move|p2a: Gliscor|Knock Off|p1a: Forretress
|-damage|p1a: Forretress|20/100 par
|-enditem|p1a: Forretress|Quick Claw|[from] move: Knock Off|[of] p2a: Gliscor
|
|-fieldend|move: Trick Room
|-status|p2a: Gliscor|tox|[from] item: Toxic Orb
|upkeep
|turn|20
|
|t:|1743898088
|move|p2a: Gliscor|Swords Dance|p2a: Gliscor
|-boost|p2a: Gliscor|atk|2
|cant|p1a: Forretress|par
|
|-heal|p2a: Gliscor|100/100 tox|[from] ability: Poison Heal
|upkeep
|turn|21
|
|t:|1743898098
|move|p2a: Gliscor|Swords Dance|p2a: Gliscor
|-boost|p2a: Gliscor|atk|2
|move|p1a: Forretress|Spikes|p2a: Gliscor
|-sidestart|p2: ieihwo|Spikes
|
|upkeep
|turn|22
|
|t:|1743898104
|move|p2a: Gliscor|Knock Off|p1a: Forretress
|-damage|p1a: Forretress|6/100 par
|cant|p1a: Forretress|par
|
|upkeep
|turn|23
|
|t:|1743898113
|move|p2a: Gliscor|Swords Dance|p2a: Gliscor
|-boost|p2a: Gliscor|atk|2
|move|p1a: Forretress|Body Press|p2a: Gliscor
|-resisted|p2a: Gliscor
|-damage|p2a: Gliscor|90/100 tox
|
|-heal|p2a: Gliscor|100/100 tox|[from] ability: Poison Heal
|-sideend|p1: gmuy08%%%|Reflect
|upkeep
|turn|24
|
|t:|1743898123
|move|p2a: Gliscor|Knock Off|p1a: Forretress
|-damage|p1a: Forretress|0 fnt
|faint|p1a: Forretress
|
|upkeep
|
|t:|1743898127
|switch|p1a: Glimmora|Glimmora, F|57/100
|-damage|p1a: Glimmora|44/100|[from] Stealth Rock
|turn|25
|
|t:|1743898137
|move|p1a: Glimmora|Mortal Spin|p2a: Gliscor
|-resisted|p2a: Gliscor
|-damage|p2a: Gliscor|98/100 tox
|-sideend|p1: gmuy08%%%|Stealth Rock|[from] move: Mortal Spin|[of] p1a: Glimmora
|move|p2a: Gliscor|Knock Off|p1a: Glimmora
|-damage|p1a: Glimmora|0 fnt
|-activate|p1a: Glimmora|ability: Toxic Debris
|-sidestart|p2: ieihwo|move: Toxic Spikes
|faint|p1a: Glimmora
|
|-heal|p2a: Gliscor|100/100 tox|[from] ability: Poison Heal
|upkeep
|
|t:|1743898149
|switch|p1a: Kingambit|Kingambit, F|100/100
|-activate|p1a: Kingambit|ability: Supreme Overlord
|-start|p1a: Kingambit|fallen5|[silent]
|turn|26
|-activate|p1a: Kingambit|item: Quick Claw
|
|t:|1743898155
|-terastallize|p1a: Kingambit|Dark
|move|p2a: Gliscor|Protect|p2a: Gliscor
|-singleturn|p2a: Gliscor|Protect
|move|p1a: Kingambit|Retaliate|p2a: Gliscor
|-activate|p2a: Gliscor|move: Protect
|
|upkeep
|turn|27
|
|t:|1743898168
|-terastallize|p2a: Gliscor|Normal
|move|p2a: Gliscor|Knock Off|p1a: Kingambit
|-resisted|p1a: Kingambit
|-damage|p1a: Kingambit|73/100
|-enditem|p1a: Kingambit|Quick Claw|[from] move: Knock Off|[of] p2a: Gliscor
|move|p1a: Kingambit|Kowtow Cleave|p2a: Gliscor
|-damage|p2a: Gliscor|32/100 tox
|
|-heal|p2a: Gliscor|44/100 tox|[from] ability: Poison Heal
|upkeep
|turn|28
|
|t:|1743898180
|move|p2a: Gliscor|Protect|p2a: Gliscor
|-singleturn|p2a: Gliscor|Protect
|move|p1a: Kingambit|Swords Dance|p1a: Kingambit
|-boost|p1a: Kingambit|atk|2
|
|-heal|p2a: Gliscor|57/100 tox|[from] ability: Poison Heal
|upkeep
|turn|29
|
|t:|1743898188
|move|p2a: Gliscor|Knock Off|p1a: Kingambit
|-resisted|p1a: Kingambit
|-damage|p1a: Kingambit|54/100
|move|p1a: Kingambit|Kowtow Cleave|p2a: Gliscor
|-damage|p2a: Gliscor|0 fnt
|faint|p2a: Gliscor
|
|upkeep
|
|t:|1743898196
|switch|p2a: Dragapult|Dragapult, F|100/100
|turn|30
|
|t:|1743898206
|move|p2a: Dragapult|Will-O-Wisp|p1a: Kingambit|[miss]
|-miss|p2a: Dragapult|p1a: Kingambit
|move|p1a: Kingambit|Kowtow Cleave|p2a: Dragapult
|-supereffective|p2a: Dragapult
|-damage|p2a: Dragapult|0 fnt
|faint|p2a: Dragapult
|
|upkeep
|
|t:|1743898214
|switch|p2a: Slowking|Slowking-Galar, M|99/100
|-sideend|p2: ieihwo|move: Toxic Spikes|[of] p2a: Slowking
|turn|31
|
|t:|1743898220
|move|p1a: Kingambit|Kowtow Cleave|p2a: Slowking
|-supereffective|p2a: Slowking
|-damage|p2a: Slowking|0 fnt
|faint|p2a: Slowking
|
|upkeep
|
|t:|1743898228
|switch|p2a: Meowscarada|Meowscarada, F|100/100
|turn|32
|
|t:|1743898238
|move|p2a: Meowscarada|Triple Axel|p1a: Kingambit
|-start|p2a: Meowscarada|typechange|Ice|[from] ability: Protean
|-damage|p1a: Kingambit|48/100
|-damage|p1a: Kingambit|36/100
|-damage|p1a: Kingambit|17/100
|-hitcount|p1a: Kingambit|3
|move|p1a: Kingambit|Iron Head|p2a: Meowscarada
|-supereffective|p2a: Meowscarada
|-damage|p2a: Meowscarada|0 fnt
|faint|p2a: Meowscarada
|
|upkeep
|
|t:|1743898250
|switch|p2a: Skarmory|Skarmory, F|55/100
|-damage|p2a: Skarmory|43/100|[from] Stealth Rock
|turn|33
|
|t:|1743898256
|move|p2a: Skarmory|Roost|p2a: Skarmory
|-heal|p2a: Skarmory|93/100
|-singleturn|p2a: Skarmory|move: Roost
|move|p1a: Kingambit|Kowtow Cleave|p2a: Skarmory
|-damage|p2a: Skarmory|0 fnt
|-damage|p1a: Kingambit|1/100|[from] item: Rocky Helmet|[of] p2a: Skarmory
|faint|p2a: Skarmory
|
|win|gmuy08%%%
|raw|gmuy08%%%'s rating: 1000 &rarr; <strong>1040</strong><br />(+40 for winning)
|raw|ieihwo's rating: 1000 &rarr; <strong>1000</strong><br />(+0 for losing)
|l|☆ieihwo
|player|p2|
