|j|☆fengff
|j|☆KevKaichi/RDT
|t:|1743918093
|gametype|singles
|player|p1|fengff|101|1156
|player|p2|KevKaichi/RDT|blackbelt-gen4dp|1193
|teamsize|p1|6
|teamsize|p2|6
|gen|9
|tier|[Gen 9] OU
|rated|
|rule|HP Percentage Mod: HP is shown in percentages
|rule|Endless Battle Clause: Forcing endless battles is banned
|rule|Species Clause: Limit one of each Pokémon
|rule|OHKO Clause: OHKO moves are banned
|rule|Evasion Items Clause: Evasion items are banned
|rule|Evasion Moves Clause: Evasion moves are banned
|rule|Sleep Moves Clause: Sleep-inducing moves are banned
|clearpoke
|poke|p1|Blissey, F|
|poke|p1|Amoonguss, M|
|poke|p1|Bronzong|
|poke|p1|Gliscor, M|
|poke|p1|Dondozo, M|
|poke|p1|Alomomola, M|
|poke|p2|Ting-Lu|
|poke|p2|Tinkaton, F|
|poke|p2|Gliscor, M|
|poke|p2|Gholdengo|
|poke|p2|Dragonite, M|
|poke|p2|Ogerpon-Wellspring, F|
|teampreview
|j| peldor
|
|t:|1743918108
|start
|switch|p1a: Dondozo|Dondozo, M|100/100
|switch|p2a: Gliscor|Gliscor, M|100/100
|turn|1
|
|t:|1743918117
|move|p2a: Gliscor|U-turn|p1a: Dondozo
|-damage|p1a: Dondozo|94/100
|
|t:|1743918127
|switch|p2a: Ogerpon|Ogerpon-Wellspring, F|100/100|[from] U-turn
|move|p1a: Dondozo|Curse|p1a: Dondozo
|-unboost|p1a: Dondozo|spe|1
|-boost|p1a: Dondozo|atk|1
|-boost|p1a: Dondozo|def|1
|
|upkeep
|turn|2
|
|t:|1743918137
|move|p2a: Ogerpon|Horn Leech|p1a: Dondozo
|-supereffective|p1a: Dondozo
|-damage|p1a: Dondozo|71/100
|move|p1a: Dondozo|Avalanche|p2a: Ogerpon
|-damage|p2a: Ogerpon|57/100
|
|upkeep
|turn|3
|
|t:|1743918150
|switch|p2a: Gholdengo|Gholdengo|100/100
|-item|p2a: Gholdengo|Air Balloon
|move|p1a: Dondozo|Avalanche|p2a: Gholdengo
|-resisted|p2a: Gholdengo
|-damage|p2a: Gholdengo|91/100
|-enditem|p2a: Gholdengo|Air Balloon
|
|upkeep
|turn|4
|
|t:|1743918165
|switch|p1a: Blissey|Blissey, F|100/100
|move|p2a: Gholdengo|Shadow Ball|p1a: Blissey
|-immune|p1a: Blissey
|
|upkeep
|turn|5
|
|t:|1743918177
|switch|p2a: Tinkaton|Tinkaton, F|100/100
|-ability|p2a: Tinkaton|Mold Breaker
|move|p1a: Blissey|Calm Mind|p1a: Blissey
|-boost|p1a: Blissey|spa|1
|-boost|p1a: Blissey|spd|1
|
|upkeep
|turn|6
|
|t:|1743918185
|move|p2a: Tinkaton|Stealth Rock|p1a: Blissey
|-sidestart|p1: fengff|move: Stealth Rock
|move|p1a: Blissey|Flamethrower|p2a: Tinkaton
|-supereffective|p2a: Tinkaton
|-crit|p2a: Tinkaton
|-damage|p2a: Tinkaton|57/100
|-status|p2a: Tinkaton|brn
|
|-heal|p2a: Tinkaton|63/100 brn|[from] item: Leftovers
|-damage|p2a: Tinkaton|57/100 brn|[from] brn
|upkeep
|turn|7
|
|t:|1743918196
|move|p2a: Tinkaton|Gigaton Hammer|p1a: Blissey
|-damage|p1a: Blissey|79/100
|move|p1a: Blissey|Flamethrower|p2a: Tinkaton
|-supereffective|p2a: Tinkaton
|-damage|p2a: Tinkaton|25/100 brn
|
|-heal|p2a: Tinkaton|31/100 brn|[from] item: Leftovers
|-damage|p2a: Tinkaton|25/100 brn|[from] brn
|upkeep
|turn|8
|
|t:|1743918207
|move|p2a: Tinkaton|Play Rough|p1a: Blissey
|-damage|p1a: Blissey|67/100
|move|p1a: Blissey|Flamethrower|p2a: Tinkaton
|-supereffective|p2a: Tinkaton
|-damage|p2a: Tinkaton|0 fnt
|faint|p2a: Tinkaton
|
|upkeep
|
|t:|1743918231
|switch|p2a: Gliscor|Gliscor, M|100/100
|turn|9
|
|t:|1743918239
|switch|p1a: Gliscor|Gliscor, M|100/100
|-damage|p1a: Gliscor|88/100|[from] Stealth Rock
|move|p2a: Gliscor|Knock Off|p1a: Gliscor
|-damage|p1a: Gliscor|72/100
|-enditem|p1a: Gliscor|Toxic Orb|[from] move: Knock Off|[of] p2a: Gliscor
|
|-status|p2a: Gliscor|tox|[from] item: Toxic Orb
|upkeep
|turn|10
|
|t:|1743918252
|move|p2a: Gliscor|U-turn|p1a: Gliscor
|-resisted|p1a: Gliscor
|-damage|p1a: Gliscor|66/100
|
|t:|1743918260
|switch|p2a: Ting-Lu|Ting-Lu|100/100|[from] U-turn
|-ability|p2a: Ting-Lu|Vessel of Ruin
|move|p1a: Gliscor|Spikes|p2a: Ting-Lu
|-sidestart|p2: KevKaichi/RDT|Spikes
|
|upkeep
|turn|11
|
|t:|1743918269
|move|p1a: Gliscor|Knock Off|p2a: Ting-Lu
|-resisted|p2a: Ting-Lu
|-damage|p2a: Ting-Lu|96/100
|-damage|p1a: Gliscor|50/100|[from] item: Rocky Helmet|[of] p2a: Ting-Lu
|-enditem|p2a: Ting-Lu|Rocky Helmet|[from] move: Knock Off|[of] p1a: Gliscor
|move|p2a: Ting-Lu|Spikes|p1a: Gliscor
|-sidestart|p1: fengff|Spikes
|
|upkeep
|turn|12
|
|t:|1743918278
|move|p1a: Gliscor|Spikes|p2a: Ting-Lu
|-sidestart|p2: KevKaichi/RDT|Spikes
|move|p2a: Ting-Lu|Whirlwind|p1a: Gliscor
|drag|p1a: Alomomola|Alomomola, M|100/100
|
|upkeep
|turn|13
|
|t:|1743918291
|move|p2a: Ting-Lu|Payback|p1a: Alomomola
|-damage|p1a: Alomomola|89/100
|move|p1a: Alomomola|Wish|p1a: Alomomola
|
|upkeep
|turn|14
|
|t:|1743918297
|move|p1a: Alomomola|Scald|p2a: Ting-Lu
|-supereffective|p2a: Ting-Lu
|-damage|p2a: Ting-Lu|79/100
|move|p2a: Ting-Lu|Whirlwind|p1a: Alomomola
|drag|p1a: Dondozo|Dondozo, M|71/100
|
|-heal|p1a: Dondozo|100/100|[from] move: Wish|[wisher] Alomomola
|upkeep
|turn|15
|
|t:|1743918314
|switch|p2a: Gholdengo|Gholdengo|91/100
|-damage|p2a: Gholdengo|74/100|[from] Spikes
|move|p1a: Dondozo|Avalanche|p2a: Gholdengo
|-resisted|p2a: Gholdengo
|-damage|p2a: Gholdengo|67/100
|
|upkeep
|turn|16
|
|t:|1743918323
|switch|p1a: Blissey|Blissey, F|67/100
|move|p2a: Gholdengo|Nasty Plot|p2a: Gholdengo
|-boost|p2a: Gholdengo|spa|2
|
|upkeep
|turn|17
|
|t:|1743918333
|move|p2a: Gholdengo|Make It Rain|p1a: Blissey
|-damage|p1a: Blissey|25/100
|-unboost|p2a: Gholdengo|spa|1
|move|p1a: Blissey|Flamethrower|p2a: Gholdengo
|-supereffective|p2a: Gholdengo
|-damage|p2a: Gholdengo|34/100
|
|upkeep
|turn|18
|
|t:|1743918344
|switch|p1a: Alomomola|Alomomola, M|100/100
|move|p2a: Gholdengo|Make It Rain|p1a: Alomomola
|-resisted|p1a: Alomomola
|-damage|p1a: Alomomola|56/100
|-unboost|p2a: Gholdengo|spa|1
|
|upkeep
|turn|19
|
|t:|1743918359
|move|p2a: Gholdengo|Nasty Plot|p2a: Gholdengo
|-boost|p2a: Gholdengo|spa|2
|move|p1a: Alomomola|Flip Turn|p2a: Gholdengo
|-damage|p2a: Gholdengo|19/100
|
|t:|1743918367
|switch|p1a: Dondozo|Dondozo, M|100/100|[from] Flip Turn
|
|upkeep
|turn|20
|
|t:|1743918374
|move|p2a: Gholdengo|Shadow Ball|p1a: Dondozo
|-damage|p1a: Dondozo|53/100
|-unboost|p1a: Dondozo|spd|1
|move|p1a: Dondozo|Avalanche|p2a: Gholdengo
|-resisted|p2a: Gholdengo
|-damage|p2a: Gholdengo|5/100
|
|upkeep
|turn|21
|
|t:|1743918390
|switch|p1a: Blissey|Blissey, F|25/100
|move|p2a: Gholdengo|Dazzling Gleam|p1a: Blissey
|-damage|p1a: Blissey|5/100
|
|upkeep
|turn|22
|
|t:|1743918397
|move|p2a: Gholdengo|Dazzling Gleam|p1a: Blissey
|-damage|p1a: Blissey|0 fnt
|faint|p1a: Blissey
|
|upkeep
|
|t:|1743918400
|switch|p1a: Bronzong|Bronzong|100/100
|-damage|p1a: Bronzong|94/100|[from] Stealth Rock
|turn|23
|
|t:|1743918408
|-terastallize|p1a: Bronzong|Fighting
|move|p2a: Gholdengo|Shadow Ball|p1a: Bronzong
|-damage|p1a: Bronzong|29/100
|move|p1a: Bronzong|Psychic Noise|p2a: Gholdengo
|-resisted|p2a: Gholdengo
|-damage|p2a: Gholdengo|0 fnt
|faint|p2a: Gholdengo
|
|-heal|p1a: Bronzong|35/100|[from] item: Leftovers
|upkeep
|
|t:|1743918424
|switch|p2a: Ogerpon|Ogerpon-Wellspring, F|57/100
|-damage|p2a: Ogerpon|40/100|[from] Spikes
|turn|24
|
|t:|1743918435
|move|p2a: Ogerpon|Horn Leech|p1a: Bronzong
|-crit|p1a: Bronzong
|-damage|p1a: Bronzong|0 fnt
|-heal|p2a: Ogerpon|58/100|[from] drain|[of] p1a: Bronzong
|faint|p1a: Bronzong
|
|upkeep
|
|t:|1743918441
|switch|p1a: Amoonguss|Amoonguss, M|100/100
|turn|25
|
|t:|1743918450
|switch|p2a: Ting-Lu|Ting-Lu|79/100
|-damage|p2a: Ting-Lu|62/100|[from] Spikes
|-ability|p2a: Ting-Lu|Vessel of Ruin
|move|p1a: Amoonguss|Foul Play|p2a: Ting-Lu
|-resisted|p2a: Ting-Lu
|-damage|p2a: Ting-Lu|57/100
|
|upkeep
|turn|26
|
|t:|1743918466
|move|p2a: Ting-Lu|Payback|p1a: Amoonguss
|-damage|p1a: Amoonguss|86/100
|move|p1a: Amoonguss|Toxic|p2a: Ting-Lu
|-status|p2a: Ting-Lu|tox
|
|-damage|p2a: Ting-Lu|51/100 tox|[from] psn
|upkeep
|turn|27
|
|t:|1743918476
|switch|p1a: Dondozo|Dondozo, M|53/100
|move|p2a: Ting-Lu|Whirlwind|p1a: Dondozo
|drag|p1a: Alomomola|Alomomola, M|89/100
|
|-damage|p2a: Ting-Lu|38/100 tox|[from] psn
|upkeep
|turn|28
|
|t:|1743918486
|move|p2a: Ting-Lu|Earthquake|p1a: Alomomola
|-damage|p1a: Alomomola|67/100
|move|p1a: Alomomola|Flip Turn|p2a: Ting-Lu
|-supereffective|p2a: Ting-Lu
|-damage|p2a: Ting-Lu|25/100 tox
|
|t:|1743918489
|switch|p1a: Dondozo|Dondozo, M|53/100|[from] Flip Turn
|
|-damage|p2a: Ting-Lu|7/100 tox|[from] psn
|upkeep
|turn|29
|
|t:|1743918501
|move|p2a: Ting-Lu|Earthquake|p1a: Dondozo
|-damage|p1a: Dondozo|36/100
|move|p1a: Dondozo|Rest|p1a: Dondozo
|-status|p1a: Dondozo|slp|[from] move: Rest
|-heal|p1a: Dondozo|100/100 slp|[silent]
|
|-damage|p2a: Ting-Lu|0 fnt|[from] psn
|faint|p2a: Ting-Lu
|upkeep
|
|t:|1743918514
|switch|p2a: Ogerpon|Ogerpon-Wellspring, F|58/100
|-damage|p2a: Ogerpon|41/100|[from] Spikes
|turn|30
|
|t:|1743918524
|switch|p1a: Amoonguss|Amoonguss, M|100/100
|-terastallize|p2a: Ogerpon|Water
|detailschange|p2a: Ogerpon|Ogerpon-Wellspring-Tera, F, tera:Water
|-ability|p2a: Ogerpon|Embody Aspect (Wellspring)|boost
|-boost|p2a: Ogerpon|spd|1
|move|p2a: Ogerpon|Horn Leech|p1a: Amoonguss
|-resisted|p1a: Amoonguss
|-damage|p1a: Amoonguss|94/100
|-heal|p2a: Ogerpon|45/100|[from] drain|[of] p1a: Amoonguss
|
|upkeep
|turn|31
|
|t:|1743918547
|move|p2a: Ogerpon|Swords Dance|p2a: Ogerpon
|-boost|p2a: Ogerpon|atk|2
|move|p1a: Amoonguss|Toxic|p2a: Ogerpon
|-status|p2a: Ogerpon|tox
|
|-damage|p2a: Ogerpon|39/100 tox|[from] psn
|upkeep
|turn|32
|
|t:|1743918556
|move|p2a: Ogerpon|Ivy Cudgel|p1a: Amoonguss|[anim] Ivy Cudgel Water
|-resisted|p1a: Amoonguss
|-damage|p1a: Amoonguss|48/100
|move|p1a: Amoonguss|Clear Smog|p2a: Ogerpon
|-damage|p2a: Ogerpon|29/100 tox
|-clearboost|p2a: Ogerpon
|
|-damage|p2a: Ogerpon|17/100 tox|[from] psn
|upkeep
|turn|33
|
|t:|1743918566
|move|p2a: Ogerpon|Ivy Cudgel|p1a: Amoonguss|[anim] Ivy Cudgel Water
|-resisted|p1a: Amoonguss
|-damage|p1a: Amoonguss|22/100
|move|p1a: Amoonguss|Synthesis|p1a: Amoonguss
|-heal|p1a: Amoonguss|72/100
|
|-damage|p2a: Ogerpon|0 fnt|[from] psn
|faint|p2a: Ogerpon
|upkeep
|
|t:|1743918577
|switch|p2a: Dragonite|Dragonite, M|100/100
|turn|34
|
|t:|1743918597
|move|p2a: Dragonite|Outrage|p1a: Amoonguss
|-damage|p1a: Amoonguss|30/100
|move|p1a: Amoonguss|Toxic|p2a: Dragonite
|-status|p2a: Dragonite|tox
|
|-damage|p2a: Dragonite|94/100 tox|[from] psn
|upkeep
|turn|35
|
|t:|1743918606
|switch|p1a: Alomomola|Alomomola, M|100/100
|move|p2a: Dragonite|Outrage|p1a: Alomomola|[from] lockedmove
|-damage|p1a: Alomomola|64/100
|
|-damage|p2a: Dragonite|82/100 tox|[from] psn
|upkeep
|turn|36
|
|t:|1743918618
|move|p1a: Alomomola|Protect|p1a: Alomomola
|-singleturn|p1a: Alomomola|Protect
|move|p2a: Dragonite|Outrage|p1a: Alomomola|[from] lockedmove
|-activate|p1a: Alomomola|move: Protect
|-start|p2a: Dragonite|confusion|[fatigue]
|
|-damage|p2a: Dragonite|64/100 tox|[from] psn
|upkeep
|turn|37
|-message|KevKaichi/RDT forfeited.
|
|win|fengff
|raw|fengff's rating: 1156 &rarr; <strong>1184</strong><br />(+28 for winning)
|raw|KevKaichi&#x2f;RDT's rating: 1193 &rarr; <strong>1165</strong><br />(-28 for losing)
|l|☆KevKaichi/RDT
|player|p2|
|l|☆fengff
|player|p1|
|l| peldor
