|j|☆oirgor
|j|☆Gehenna's gift
|t:|1743865174
|gametype|singles
|player|p1|oirgor|red|1508
|player|p2|Gehenna's gift|youngster-gen4dp|1568
|teamsize|p1|6
|teamsize|p2|6
|gen|9
|tier|[Gen 9] OU
|rated|
|rule|HP Percentage Mod: HP is shown in percentages
|rule|Endless Battle Clause: Forcing endless battles is banned
|rule|Species Clause: Limit one of each Pokémon
|rule|OHKO Clause: OHKO moves are banned
|rule|Evasion Items Clause: Evasion items are banned
|rule|Evasion Moves Clause: Evasion moves are banned
|rule|Sleep Moves Clause: Sleep-inducing moves are banned
|clearpoke
|poke|p1|Kingambit, F|
|poke|p1|Cinderace, M|
|poke|p1|Dragapult, F|
|poke|p1|Ninetales-Alola, M|
|poke|p1|Raging Bolt|
|poke|p1|Great Tusk|
|poke|p2|Weavile, M|
|poke|p2|Cinderace, F|
|poke|p2|Zamazenta-*|
|poke|p2|Landorus-Therian, M|
|poke|p2|Zapdos|
|poke|p2|Slowking-Galar, F|
|teampreview
|inactive|Battle timer is ON: inactive players will automatically lose when time's up. (requested by Gehenna's gift)
|inactive|Gehenna's gift has 120 seconds left.
|inactive|Gehenna's gift has 90 seconds left.
|inactive|Gehenna's gift has 60 seconds left.
|
|t:|1743865269
|start
|switch|p1a: Ninetales|Ninetales-Alola, M, shiny|100/100
|switch|p2a: Slowking|Slowking-Galar, F|100/100
|-weather|Snowscape|[from] ability: Snow Warning|[of] p1a: Ninetales
|turn|1
|
|t:|1743865276
|move|p1a: Ninetales|Aurora Veil|p1a: Ninetales
|-sidestart|p1: oirgor|move: Aurora Veil
|-prepare|p2a: Slowking|Chilly Reception|[premajor]
|move|p2a: Slowking|Chilly Reception|p2a: Slowking
|
|t:|1743865280
|switch|p2a: Cinderace|Cinderace, F|100/100|[from] Chilly Reception
|
|-weather|Snowscape|[upkeep]
|upkeep
|turn|2
|
|t:|1743865291
|switch|p1a: Great Tusk|Great Tusk|100/100
|-enditem|p1a: Great Tusk|Booster Energy
|-activate|p1a: Great Tusk|ability: Protosynthesis|[fromitem]
|-start|p1a: Great Tusk|protosynthesisspe
|move|p2a: Cinderace|Court Change|p2a: Cinderace
|-swapsideconditions
|-activate|p2a: Cinderace|move: Court Change
|
|-weather|Snowscape|[upkeep]
|upkeep
|turn|3
|
|t:|1743865301
|switch|p2a: Zamazenta|Zamazenta|100/100
|-ability|p2a: Zamazenta|Dauntless Shield|boost
|-boost|p2a: Zamazenta|def|1
|move|p1a: Great Tusk|Bulk Up|p1a: Great Tusk
|-boost|p1a: Great Tusk|atk|1
|-boost|p1a: Great Tusk|def|1
|
|-weather|Snowscape|[upkeep]
|upkeep
|turn|4
|
|t:|1743865311
|move|p1a: Great Tusk|Bulk Up|p1a: Great Tusk
|-boost|p1a: Great Tusk|atk|1
|-boost|p1a: Great Tusk|def|1
|move|p2a: Zamazenta|Iron Defense|p2a: Zamazenta
|-boost|p2a: Zamazenta|def|2
|
|-weather|Snowscape|[upkeep]
|upkeep
|turn|5
|
|t:|1743865316
|move|p1a: Great Tusk|Bulk Up|p1a: Great Tusk
|-boost|p1a: Great Tusk|atk|1
|-boost|p1a: Great Tusk|def|1
|move|p2a: Zamazenta|Roar|p1a: Great Tusk
|-end|p1a: Great Tusk|Protosynthesis|[silent]
|drag|p1a: Kingambit|Kingambit, F|100/100
|
|-weather|none
|upkeep
|turn|6
|
|t:|1743865322
|-end|p1a: Kingambit|fallenundefined|[silent]
|switch|p1a: Dragapult|Dragapult, F|100/100
|move|p2a: Zamazenta|Body Press|p1a: Dragapult
|-immune|p1a: Dragapult
|
|upkeep
|turn|7
|
|t:|1743865325
|move|p1a: Dragapult|Will-O-Wisp|p2a: Zamazenta
|-status|p2a: Zamazenta|brn
|move|p2a: Zamazenta|Crunch|p1a: Dragapult
|-supereffective|p1a: Dragapult
|-damage|p1a: Dragapult|68/100
|
|-damage|p2a: Zamazenta|94/100 brn|[from] brn
|upkeep
|turn|8
|
|t:|1743865331
|switch|p2a: Weavile|Weavile, M|100/100
|-ability|p2a: Weavile|Pressure
|move|p1a: Dragapult|Hex|p2a: Weavile
|-resisted|p2a: Weavile
|-damage|p2a: Weavile|91/100
|
|-sideend|p2: Gehenna's gift|move: Aurora Veil
|upkeep
|turn|9
|
|t:|1743865340
|switch|p1a: Ninetales|Ninetales-Alola, M, shiny|100/100
|-weather|Snowscape|[from] ability: Snow Warning|[of] p1a: Ninetales
|move|p2a: Weavile|Knock Off|p1a: Ninetales
|-resisted|p1a: Ninetales
|-damage|p1a: Ninetales|81/100
|-enditem|p1a: Ninetales|Light Clay|[from] move: Knock Off|[of] p2a: Weavile
|
|-weather|Snowscape|[upkeep]
|upkeep
|turn|10
|
|t:|1743865351
|switch|p2a: Cinderace|Cinderace, F|100/100
|move|p1a: Ninetales|Moonblast|p2a: Cinderace
|-resisted|p2a: Cinderace
|-damage|p2a: Cinderace|84/100
|
|-weather|Snowscape|[upkeep]
|upkeep
|turn|11
|
|t:|1743865359
|switch|p1a: Great Tusk|Great Tusk|100/100
|move|p2a: Cinderace|Pyro Ball|p1a: Great Tusk
|-damage|p1a: Great Tusk|71/100
|
|-weather|Snowscape|[upkeep]
|upkeep
|turn|12
|
|t:|1743865375
|move|p2a: Cinderace|Will-O-Wisp|p1a: Great Tusk
|-status|p1a: Great Tusk|brn
|move|p1a: Great Tusk|Headlong Rush|p2a: Cinderace
|-supereffective|p2a: Cinderace
|-crit|p2a: Cinderace
|-damage|p2a: Cinderace|0 fnt
|-unboost|p1a: Great Tusk|def|1
|-unboost|p1a: Great Tusk|spd|1
|faint|p2a: Cinderace
|
|-weather|Snowscape|[upkeep]
|-damage|p1a: Great Tusk|64/100 brn|[from] brn
|upkeep
|
|t:|1743865377
|switch|p2a: Landorus|Landorus-Therian, M|100/100
|-ability|p2a: Landorus|Intimidate|boost
|-unboost|p1a: Great Tusk|atk|1
|turn|13
|
|t:|1743865383
|-end|p1a: Great Tusk|Protosynthesis|[silent]
|switch|p1a: Ninetales|Ninetales-Alola, M, shiny|81/100
|move|p2a: Landorus|Earthquake|p1a: Ninetales
|-damage|p1a: Ninetales|34/100
|
|-weather|none
|upkeep
|turn|14
|
|t:|1743865393
|switch|p1a: Great Tusk|Great Tusk|64/100 brn
|move|p2a: Landorus|Earthquake|p1a: Great Tusk
|-damage|p1a: Great Tusk|30/100 brn
|
|-damage|p1a: Great Tusk|23/100 brn|[from] brn
|upkeep
|turn|15
|
|t:|1743865399
|move|p2a: Landorus|Earthquake|p1a: Great Tusk
|-damage|p1a: Great Tusk|0 fnt
|faint|p1a: Great Tusk
|-end|p1a: Great Tusk|Protosynthesis|[silent]
|
|upkeep
|
|t:|1743865407
|switch|p1a: Dragapult|Dragapult, F|68/100
|turn|16
|
|t:|1743865411
|switch|p2a: Zamazenta|Zamazenta|94/100 brn
|move|p1a: Dragapult|Will-O-Wisp|p2a: Zamazenta
|-fail|p2a: Zamazenta|brn
|
|-heal|p2a: Zamazenta|100/100 brn|[from] item: Leftovers
|-damage|p2a: Zamazenta|94/100 brn|[from] brn
|upkeep
|turn|17
|
|t:|1743865415
|switch|p2a: Weavile|Weavile, M|91/100
|-ability|p2a: Weavile|Pressure
|move|p1a: Dragapult|Hex|p2a: Weavile
|-resisted|p2a: Weavile
|-damage|p2a: Weavile|74/100
|
|upkeep
|turn|18
|
|t:|1743865424
|switch|p1a: Kingambit|Kingambit, F|100/100
|-activate|p1a: Kingambit|ability: Supreme Overlord
|-start|p1a: Kingambit|fallen1|[silent]
|move|p2a: Weavile|Knock Off|p1a: Kingambit
|-resisted|p1a: Kingambit
|-damage|p1a: Kingambit|82/100
|-enditem|p1a: Kingambit|Leftovers|[from] move: Knock Off|[of] p2a: Weavile
|
|upkeep
|turn|19
|
|t:|1743865434
|switch|p2a: Zamazenta|Zamazenta|94/100 brn
|move|p1a: Kingambit|Iron Head|p2a: Zamazenta
|-damage|p2a: Zamazenta|55/100 brn
|
|-heal|p2a: Zamazenta|61/100 brn|[from] item: Leftovers
|-damage|p2a: Zamazenta|55/100 brn|[from] brn
|upkeep
|turn|20
|
|t:|1743865444
|-end|p1a: Kingambit|fallen1|[silent]
|switch|p1a: Dragapult|Dragapult, F|68/100
|move|p2a: Zamazenta|Crunch|p1a: Dragapult
|-supereffective|p1a: Dragapult
|-damage|p1a: Dragapult|34/100
|
|-heal|p2a: Zamazenta|61/100 brn|[from] item: Leftovers
|-damage|p2a: Zamazenta|55/100 brn|[from] brn
|upkeep
|turn|21
|
|t:|1743865450
|move|p1a: Dragapult|Hex|p2a: Zamazenta
|-crit|p2a: Zamazenta
|-damage|p2a: Zamazenta|0 fnt
|faint|p2a: Zamazenta
|
|upkeep
|
|t:|1743865453
|switch|p2a: Landorus|Landorus-Therian, M|100/100
|-ability|p2a: Landorus|Intimidate|boost
|-fail|p1a: Dragapult|unboost|[from] ability: Clear Body|[of] p1a: Dragapult
|turn|22
|
|t:|1743865455
|move|p2a: Landorus|Earthquake|p1a: Dragapult
|-damage|p1a: Dragapult|0 fnt
|faint|p1a: Dragapult
|
|upkeep
|
|t:|1743865465
|switch|p1a: Ninetales|Ninetales-Alola, M, shiny|34/100
|-weather|Snowscape|[from] ability: Snow Warning|[of] p1a: Ninetales
|turn|23
|
|t:|1743865470
|switch|p2a: Slowking|Slowking-Galar, F|100/100
|move|p1a: Ninetales|Aurora Veil|p1a: Ninetales
|-sidestart|p1: oirgor|move: Aurora Veil
|
|-weather|Snowscape|[upkeep]
|upkeep
|turn|24
|
|t:|1743865475
|move|p1a: Ninetales|Freeze-Dry|p2a: Slowking
|-damage|p2a: Slowking|89/100
|move|p2a: Slowking|Future Sight|p1a: Ninetales
|-start|p2a: Slowking|move: Future Sight
|
|-weather|Snowscape|[upkeep]
|upkeep
|turn|25
|inactive|oirgor has 120 seconds left.
|
|t:|1743865511
|move|p1a: Ninetales|Encore|p2a: Slowking
|-start|p2a: Slowking|Encore
|move|p2a: Slowking|Future Sight||[still]
|-fail|p2a: Slowking
|
|-weather|Snowscape|[upkeep]
|upkeep
|turn|26
|
|t:|1743865518
|switch|p1a: Kingambit|Kingambit, F|82/100
|-activate|p1a: Kingambit|ability: Supreme Overlord
|-start|p1a: Kingambit|fallen2|[silent]
|move|p2a: Slowking|Future Sight||[still]
|-fail|p2a: Slowking
|
|-weather|Snowscape|[upkeep]
|-end|p1a: Kingambit|move: Future Sight
|-immune|p1a: Kingambit
|upkeep
|turn|27
|
|t:|1743865525
|switch|p2a: Landorus|Landorus-Therian, M|100/100
|-ability|p2a: Landorus|Intimidate|boost
|-unboost|p1a: Kingambit|atk|1
|move|p1a: Kingambit|Swords Dance|p1a: Kingambit
|-boost|p1a: Kingambit|atk|2
|
|-weather|none
|-sideend|p1: oirgor|move: Aurora Veil
|upkeep
|turn|28
|
|t:|1743865533
|switch|p2a: Zapdos|Zapdos|100/100
|move|p1a: Kingambit|Kowtow Cleave|p2a: Zapdos
|-damage|p2a: Zapdos|0 fnt
|faint|p2a: Zapdos
|
|upkeep
|
|t:|1743865538
|switch|p2a: Landorus|Landorus-Therian, M|100/100
|-ability|p2a: Landorus|Intimidate|boost
|-unboost|p1a: Kingambit|atk|1
|turn|29
|
|t:|1743865546
|move|p2a: Landorus|Earthquake|p1a: Kingambit
|-supereffective|p1a: Kingambit
|-damage|p1a: Kingambit|4/100
|move|p1a: Kingambit|Kowtow Cleave|p2a: Landorus
|-damage|p2a: Landorus|30/100
|
|upkeep
|turn|30
|
|t:|1743865554
|switch|p2a: Weavile|Weavile, M|74/100
|-ability|p2a: Weavile|Pressure
|move|p1a: Kingambit|Sucker Punch||[still]
|-fail|p1a: Kingambit
|
|upkeep
|turn|31
|
|t:|1743865566
|-end|p1a: Kingambit|fallen2|[silent]
|switch|p1a: Cinderace|Cinderace, M|100/100
|move|p2a: Weavile|Ice Shard|p1a: Cinderace
|-resisted|p1a: Cinderace
|-damage|p1a: Cinderace|87/100
|
|upkeep
|turn|32
|
|t:|1743865575
|switch|p2a: Slowking|Slowking-Galar, F|100/100
|move|p1a: Cinderace|Pyro Ball|p2a: Slowking
|-damage|p2a: Slowking|42/100
|
|upkeep
|turn|33
|
|t:|1743865580
|-terastallize|p2a: Slowking|Water
|move|p1a: Cinderace|Pyro Ball|p2a: Slowking
|-resisted|p2a: Slowking
|-damage|p2a: Slowking|10/100
|-prepare|p2a: Slowking|Chilly Reception|[premajor]
|move|p2a: Slowking|Chilly Reception|p2a: Slowking
|-weather|Snowscape
|
|t:|1743865583
|switch|p2a: Landorus|Landorus-Therian, M|30/100|[from] Chilly Reception
|-ability|p2a: Landorus|Intimidate|boost
|-unboost|p1a: Cinderace|atk|1
|
|-weather|Snowscape|[upkeep]
|upkeep
|turn|34
|
|t:|1743865587
|move|p1a: Cinderace|Sucker Punch|p2a: Landorus
|-start|p1a: Cinderace|typechange|Dark|[from] ability: Libero
|-damage|p2a: Landorus|2/100
|move|p2a: Landorus|Earthquake|p1a: Cinderace
|-damage|p1a: Cinderace|12/100
|
|-weather|Snowscape|[upkeep]
|upkeep
|turn|35
|
|t:|1743865595
|switch|p2a: Slowking|Slowking-Galar, F, tera:Water|44/100
|move|p1a: Cinderace|Sucker Punch||[still]
|-fail|p1a: Cinderace
|
|-weather|Snowscape|[upkeep]
|upkeep
|turn|36
|
|t:|1743865612
|switch|p1a: Raging Bolt|Raging Bolt|100/100
|-enditem|p1a: Raging Bolt|Booster Energy
|-activate|p1a: Raging Bolt|ability: Protosynthesis|[fromitem]
|-start|p1a: Raging Bolt|protosynthesisspa
|-prepare|p2a: Slowking|Chilly Reception|[premajor]
|move|p2a: Slowking|Chilly Reception|p2a: Slowking
|
|t:|1743865620
|switch|p2a: Landorus|Landorus-Therian, M|2/100|[from] Chilly Reception
|-ability|p2a: Landorus|Intimidate|boost
|-unboost|p1a: Raging Bolt|atk|1
|
|-weather|Snowscape|[upkeep]
|upkeep
|turn|37
|
|t:|1743865627
|move|p2a: Landorus|Earthquake|p1a: Raging Bolt
|-supereffective|p1a: Raging Bolt
|-damage|p1a: Raging Bolt|0 fnt
|faint|p1a: Raging Bolt
|-end|p1a: Raging Bolt|Protosynthesis|[silent]
|
|-weather|none
|upkeep
|
|t:|1743865636
|switch|p1a: Cinderace|Cinderace, M|12/100
|turn|38
|
|t:|1743865639
|switch|p2a: Slowking|Slowking-Galar, F, tera:Water|77/100
|move|p1a: Cinderace|Sucker Punch||[still]
|-fail|p1a: Cinderace
|
|upkeep
|turn|39
|
|t:|1743865643
|move|p1a: Cinderace|High Jump Kick|p2a: Slowking
|-start|p1a: Cinderace|typechange|Fighting|[from] ability: Libero
|-damage|p2a: Slowking|16/100
|-prepare|p2a: Slowking|Chilly Reception|[premajor]
|move|p2a: Slowking|Chilly Reception|p2a: Slowking
|-weather|Snowscape
|
|t:|1743865649
|switch|p2a: Weavile|Weavile, M|74/100|[from] Chilly Reception
|-ability|p2a: Weavile|Pressure
|
|-weather|Snowscape|[upkeep]
|upkeep
|turn|40
|j| koraidrone
|
|t:|1743865655
|switch|p1a: Ninetales|Ninetales-Alola, M, shiny|34/100
|move|p2a: Weavile|Ice Shard|p1a: Ninetales
|-resisted|p1a: Ninetales
|-crit|p1a: Ninetales
|-damage|p1a: Ninetales|23/100
|
|-weather|Snowscape|[upkeep]
|upkeep
|turn|41
|j| AzovSTALL
|
|t:|1743865665
|switch|p2a: Slowking|Slowking-Galar, F, tera:Water|49/100
|move|p1a: Ninetales|Aurora Veil|p1a: Ninetales
|-sidestart|p1: oirgor|move: Aurora Veil
|
|-weather|Snowscape|[upkeep]
|upkeep
|turn|42
|
|t:|1743865669
|move|p1a: Ninetales|Freeze-Dry|p2a: Slowking
|-supereffective|p2a: Slowking
|-damage|p2a: Slowking|25/100
|-prepare|p2a: Slowking|Chilly Reception|[premajor]
|move|p2a: Slowking|Chilly Reception|p2a: Slowking
|
|t:|1743865675
|switch|p2a: Landorus|Landorus-Therian, M|2/100|[from] Chilly Reception
|-ability|p2a: Landorus|Intimidate|boost
|-unboost|p1a: Ninetales|atk|1
|
|-weather|Snowscape|[upkeep]
|upkeep
|turn|43
|
|t:|1743865679
|move|p2a: Landorus|U-turn|p1a: Ninetales
|-resisted|p1a: Ninetales
|-damage|p1a: Ninetales|18/100
|
|t:|1743865681
|switch|p2a: Slowking|Slowking-Galar, F, tera:Water|59/100|[from] U-turn
|move|p1a: Ninetales|Moonblast|p2a: Slowking
|-damage|p2a: Slowking|44/100
|-unboost|p2a: Slowking|spa|1
|
|-weather|none
|upkeep
|turn|44
|
|t:|1743865692
|move|p1a: Ninetales|Freeze-Dry|p2a: Slowking
|-supereffective|p2a: Slowking
|-damage|p2a: Slowking|19/100
|-prepare|p2a: Slowking|Chilly Reception|[premajor]
|move|p2a: Slowking|Chilly Reception|p2a: Slowking
|-weather|Snowscape
|
|t:|1743865697
|switch|p2a: Landorus|Landorus-Therian, M|2/100|[from] Chilly Reception
|-ability|p2a: Landorus|Intimidate|boost
|-unboost|p1a: Ninetales|atk|1
|
|-weather|Snowscape|[upkeep]
|upkeep
|turn|45
|
|t:|1743865707
|move|p2a: Landorus|Earthquake|p1a: Ninetales
|-damage|p1a: Ninetales|0 fnt
|faint|p1a: Ninetales
|
|-weather|Snowscape|[upkeep]
|-sideend|p1: oirgor|move: Aurora Veil
|upkeep
|
|t:|1743865711
|switch|p1a: Kingambit|Kingambit, F|4/100
|-activate|p1a: Kingambit|ability: Supreme Overlord
|-start|p1a: Kingambit|fallen4|[silent]
|turn|46
|
|t:|1743865714
|move|p1a: Kingambit|Sucker Punch|p2a: Landorus
|-damage|p2a: Landorus|0 fnt
|faint|p2a: Landorus
|
|-weather|Snowscape|[upkeep]
|upkeep
|
|t:|1743865716
|switch|p2a: Weavile|Weavile, M|74/100
|-ability|p2a: Weavile|Pressure
|turn|47
|
|t:|1743865723
|move|p2a: Weavile|Ice Shard|p1a: Kingambit
|-resisted|p1a: Kingambit
|-damage|p1a: Kingambit|0 fnt
|faint|p1a: Kingambit
|-end|p1a: Kingambit|fallen4|[silent]
|
|-weather|Snowscape|[upkeep]
|upkeep
|
|t:|1743865725
|switch|p1a: Cinderace|Cinderace, M|12/100
|turn|48
|
|t:|1743865734
|move|p2a: Weavile|Knock Off|p1a: Cinderace
|-damage|p1a: Cinderace|0 fnt
|-enditem|p1a: Cinderace|Heavy-Duty Boots|[from] move: Knock Off|[of] p2a: Weavile
|faint|p1a: Cinderace
|
|win|Gehenna's gift
|raw|oirgor's rating: 1508 &rarr; <strong>1490</strong><br />(-18 for losing)
|raw|Gehenna&apos;s gift's rating: 1545 &rarr; <strong>1563</strong><br />(+18 for winning)
|l|☆oirgor
|player|p1|
|l|☆Gehenna's gift
|player|p2|
|j|☆Gehenna's gift
|player|p2|Gehenna's gift|youngster-gen4dp|
