|j|☆xD4xrKx
|j|☆guroos301
|t:|1743832702
|gametype|singles
|player|p1|xD4xrKx|silver|1113
|player|p2|guroos301|ethan|1066
|teamsize|p1|6
|teamsize|p2|5
|gen|9
|tier|[Gen 9] OU
|rated|
|rule|HP Percentage Mod: HP is shown in percentages
|rule|Endless Battle Clause: Forcing endless battles is banned
|rule|Species Clause: Limit one of each Pokémon
|rule|OHKO Clause: OHKO moves are banned
|rule|Evasion Items Clause: Evasion items are banned
|rule|Evasion Moves Clause: Evasion moves are banned
|rule|Sleep Moves Clause: Sleep-inducing moves are banned
|clearpoke
|poke|p1|Cinderace, F|
|poke|p1|Dragonite, F|
|poke|p1|Quaquaval, M|
|poke|p1|Garganacl, M|
|poke|p1|Gholdengo|
|poke|p1|Slowking-Galar, M|
|poke|p2|Tinkaton, F|
|poke|p2|Kingambit, M|
|poke|p2|Arcanine-Hisui, F|
|poke|p2|Sceptile, M|
|poke|p2|Trevenant, M|
|teampreview
|
|t:|1743832710
|start
|switch|p1a: Slowking|Slowking-Galar, M|100/100
|switch|p2a: Trevenant|Trevenant, M|100/100
|turn|1
|
|t:|1743832716
|move|p2a: Trevenant|Leech Seed|p1a: Slowking
|-start|p1a: Slowking|move: Leech Seed
|move|p1a: Slowking|Toxic|p2a: Trevenant
|-status|p2a: Trevenant|tox
|
|-damage|p1a: Slowking|88/100|[from] Leech Seed|[of] p2a: Trevenant
|-damage|p2a: Trevenant|94/100 tox|[from] psn
|upkeep
|turn|2
|
|t:|1743832735
|-curestatus|p2a: Trevenant|tox|[from] ability: Natural Cure
|switch|p2a: Tinkaton|Tinkaton, F|100/100
|-ability|p2a: Tinkaton|Mold Breaker
|-item|p2a: Tinkaton|Air Balloon
|move|p1a: Slowking|Sludge Bomb|p2a: Tinkaton
|-immune|p2a: Tinkaton
|
|-damage|p1a: Slowking|76/100|[from] Leech Seed|[of] p2a: Tinkaton
|upkeep
|turn|3
|
|t:|1743832741
|move|p2a: Tinkaton|Gigaton Hammer|p1a: Slowking
|-damage|p1a: Slowking|27/100
|-prepare|p1a: Slowking|Chilly Reception|[premajor]
|move|p1a: Slowking|Chilly Reception|p1a: Slowking
|-weather|Snowscape
|
|t:|1743832755
|switch|p1a: Garganacl|Garganacl, M, shiny|100/100|[from] Chilly Reception
|
|-weather|Snowscape|[upkeep]
|upkeep
|turn|4
|
|t:|1743832768
|move|p2a: Tinkaton|Brick Break|p1a: Garganacl
|-supereffective|p1a: Garganacl
|-damage|p1a: Garganacl|86/100
|-damage|p2a: Tinkaton|84/100|[from] item: Rocky Helmet|[of] p1a: Garganacl
|move|p1a: Garganacl|Iron Defense|p1a: Garganacl
|-boost|p1a: Garganacl|def|2
|
|-weather|Snowscape|[upkeep]
|upkeep
|turn|5
|
|t:|1743832784
|switch|p2a: Sceptile|Sceptile, M|100/100
|move|p1a: Garganacl|Iron Defense|p1a: Garganacl
|-boost|p1a: Garganacl|def|2
|
|-weather|Snowscape|[upkeep]
|upkeep
|turn|6
|inactive|Battle timer is ON: inactive players will automatically lose when time's up. (requested by xD4xrKx)
|
|t:|1743832792
|-terastallize|p1a: Garganacl|Fighting
|move|p2a: Sceptile|Focus Blast|p1a: Garganacl
|-damage|p1a: Garganacl|53/100
|move|p1a: Garganacl|Body Press|p2a: Sceptile
|-damage|p2a: Sceptile|0 fnt
|faint|p2a: Sceptile
|
|-weather|Snowscape|[upkeep]
|upkeep
|
|t:|1743832801
|switch|p2a: Trevenant|Trevenant, M|94/100
|turn|7
|
|t:|1743832810
|move|p2a: Trevenant|Leech Seed|p1a: Garganacl
|-start|p1a: Garganacl|move: Leech Seed
|move|p1a: Garganacl|Recover|p1a: Garganacl
|-heal|p1a: Garganacl|100/100
|
|-weather|none
|-heal|p2a: Trevenant|100/100|[from] item: Leftovers
|-damage|p1a: Garganacl|88/100|[from] Leech Seed|[of] p2a: Trevenant
|upkeep
|turn|8
|
|t:|1743832815
|move|p2a: Trevenant|Curse|p1a: Garganacl
|-start|p1a: Garganacl|Curse|[of] p2a: Trevenant
|-damage|p2a: Trevenant|50/100
|move|p1a: Garganacl|Iron Defense|p1a: Garganacl
|-boost|p1a: Garganacl|def|2
|
|-heal|p2a: Trevenant|57/100|[from] item: Leftovers
|-damage|p1a: Garganacl|76/100|[from] Leech Seed|[of] p2a: Trevenant
|-heal|p2a: Trevenant|70/100|[silent]
|-damage|p1a: Garganacl|51/100|[from] Curse
|upkeep
|turn|9
|
|t:|1743832827
|move|p2a: Trevenant|Horn Leech|p1a: Garganacl
|-damage|p1a: Garganacl|47/100
|-heal|p2a: Trevenant|72/100|[from] drain|[of] p1a: Garganacl
|-damage|p2a: Trevenant|56/100|[from] item: Rocky Helmet|[of] p1a: Garganacl
|move|p1a: Garganacl|Salt Cure|p2a: Trevenant
|-damage|p2a: Trevenant|40/100
|-start|p2a: Trevenant|Salt Cure
|
|-heal|p2a: Trevenant|46/100|[from] item: Leftovers
|-damage|p1a: Garganacl|34/100|[from] Leech Seed|[of] p2a: Trevenant
|-heal|p2a: Trevenant|60/100|[silent]
|-damage|p1a: Garganacl|9/100|[from] Curse
|-damage|p2a: Trevenant|48/100|[from] Salt Cure
|upkeep
|turn|10
|
|t:|1743832843
|move|p2a: Trevenant|Rock Slide|p1a: Garganacl
|-resisted|p1a: Garganacl
|-damage|p1a: Garganacl|8/100
|move|p1a: Garganacl|Recover|p1a: Garganacl
|-heal|p1a: Garganacl|58/100
|
|-heal|p2a: Trevenant|54/100|[from] item: Leftovers
|-damage|p1a: Garganacl|46/100|[from] Leech Seed|[of] p2a: Trevenant
|-heal|p2a: Trevenant|67/100|[silent]
|-damage|p1a: Garganacl|21/100|[from] Curse
|-damage|p2a: Trevenant|55/100|[from] Salt Cure
|upkeep
|turn|11
|
|t:|1743832861
|-terastallize|p2a: Trevenant|Ghost
|move|p2a: Trevenant|Rock Slide|p1a: Garganacl
|-resisted|p1a: Garganacl
|-damage|p1a: Garganacl|20/100
|move|p1a: Garganacl|Recover|p1a: Garganacl
|-heal|p1a: Garganacl|70/100
|
|-heal|p2a: Trevenant|61/100|[from] item: Leftovers
|-damage|p1a: Garganacl|57/100|[from] Leech Seed|[of] p2a: Trevenant
|-heal|p2a: Trevenant|74/100|[silent]
|-damage|p1a: Garganacl|32/100|[from] Curse
|-damage|p2a: Trevenant|62/100|[from] Salt Cure
|upkeep
|turn|12
|
|t:|1743832875
|move|p2a: Trevenant|Horn Leech|p1a: Garganacl
|-damage|p1a: Garganacl|28/100
|-heal|p2a: Trevenant|64/100|[from] drain|[of] p1a: Garganacl
|-damage|p2a: Trevenant|48/100|[from] item: Rocky Helmet|[of] p1a: Garganacl
|move|p1a: Garganacl|Recover|p1a: Garganacl
|-heal|p1a: Garganacl|78/100
|
|-heal|p2a: Trevenant|54/100|[from] item: Leftovers
|-damage|p1a: Garganacl|66/100|[from] Leech Seed|[of] p2a: Trevenant
|-heal|p2a: Trevenant|67/100|[silent]
|-damage|p1a: Garganacl|41/100|[from] Curse
|-damage|p2a: Trevenant|55/100|[from] Salt Cure
|upkeep
|turn|13
|inactive|guroos301 has 120 seconds left.
|
|t:|1743832900
|move|p2a: Trevenant|Rock Slide|p1a: Garganacl
|-resisted|p1a: Garganacl
|-damage|p1a: Garganacl|40/100
|move|p1a: Garganacl|Recover|p1a: Garganacl
|-heal|p1a: Garganacl|90/100
|
|-heal|p2a: Trevenant|61/100|[from] item: Leftovers
|-damage|p1a: Garganacl|77/100|[from] Leech Seed|[of] p2a: Trevenant
|-heal|p2a: Trevenant|74/100|[silent]
|-damage|p1a: Garganacl|52/100|[from] Curse
|-damage|p2a: Trevenant|62/100|[from] Salt Cure
|upkeep
|turn|14
|inactive|guroos301 has 120 seconds left.
|c|☆guroos301|bro honestly
|c|☆guroos301|im good
|-message|guroos301 forfeited.
|
|win|xD4xrKx
|raw|xD4xrKx's rating: 1113 &rarr; <strong>1135</strong><br />(+22 for winning)
|raw|guroos301's rating: 1066 &rarr; <strong>1049</strong><br />(-17 for losing)
|l|☆guroos301
|player|p2|
|l|☆xD4xrKx
|player|p1|
