|j|☆FittedCrib04
|j|☆supersaiyanwolf
|t:|1743816312
|gametype|singles
|player|p1|FittedCrib04|wallace|1493
|player|p2|supersaiyanwolf|pokemonranger|1456
|teamsize|p1|6
|teamsize|p2|6
|gen|9
|tier|[Gen 9] OU
|rated|
|rule|HP Percentage Mod: HP is shown in percentages
|rule|Endless Battle Clause: Forcing endless battles is banned
|rule|Species Clause: Limit one of each Pokémon
|rule|OHKO Clause: OHKO moves are banned
|rule|Evasion Items Clause: Evasion items are banned
|rule|Evasion Moves Clause: Evasion moves are banned
|rule|Sleep Moves Clause: Sleep-inducing moves are banned
|clearpoke
|poke|p1|Suicune|
|poke|p1|Corviknight, M|
|poke|p1|Cresselia, F|
|poke|p1|Darkrai|
|poke|p1|Scream Tail|
|poke|p1|Skeledirge, F|
|poke|p2|Iron Crown|
|poke|p2|Iron Hands|
|poke|p2|Grimmsnarl, M|
|poke|p2|Great Tusk|
|poke|p2|Dragonite, M|
|poke|p2|Glimmora, F|
|teampreview
|inactive|Battle timer is ON: inactive players will automatically lose when time's up. (requested by supersaiyanwolf)
|
|t:|1743816383
|start
|switch|p1a: Scream Tail|Scream Tail|100/100
|switch|p2a: Grimmsnarl|Grimmsnarl, M, shiny|100/100
|turn|1
|
|t:|1743816409
|-end|p1a: Scream Tail|Protosynthesis|[silent]
|switch|p1a: The Light|Cresselia, F|100/100
|move|p2a: Grimmsnarl|Light Screen|p2a: Grimmsnarl
|-sidestart|p2: supersaiyanwolf|move: Light Screen
|
|upkeep
|turn|2
|
|t:|1743816422
|move|p2a: Grimmsnarl|Light Screen||[still]
|-fail|p2a: Grimmsnarl
|move|p1a: The Light|Trick|p2a: Grimmsnarl
|-activate|p1a: The Light|move: Trick|[of] p2a: Grimmsnarl
|-item|p2a: Grimmsnarl|Choice Scarf|[from] move: Trick
|-item|p1a: The Light|Light Clay|[from] move: Trick
|
|upkeep
|turn|3
|
|t:|1743816431
|switch|p1a: The Indomitable|Suicune|100/100
|-ability|p1a: The Indomitable|Pressure
|move|p2a: Grimmsnarl|Spirit Break|p1a: The Indomitable
|-damage|p1a: The Indomitable|79/100
|-unboost|p1a: The Indomitable|spa|1
|
|-heal|p1a: The Indomitable|86/100|[from] item: Leftovers
|upkeep
|turn|4
|
|t:|1743816435
|move|p2a: Grimmsnarl|Spirit Break|p1a: The Indomitable
|-damage|p1a: The Indomitable|64/100
|-unboost|p1a: The Indomitable|spa|1
|move|p1a: The Indomitable|Substitute|p1a: The Indomitable
|-start|p1a: The Indomitable|Substitute
|-damage|p1a: The Indomitable|39/100
|
|-heal|p1a: The Indomitable|45/100|[from] item: Leftovers
|upkeep
|turn|5
|
|t:|1743816446
|switch|p2a: ZachuVGC|Iron Hands|100/100
|move|p1a: The Indomitable|Calm Mind|p1a: The Indomitable
|-boost|p1a: The Indomitable|spa|1
|-boost|p1a: The Indomitable|spd|1
|
|-heal|p1a: The Indomitable|51/100|[from] item: Leftovers
|upkeep
|turn|6
|
|t:|1743816449
|move|p1a: The Indomitable|Scald|p2a: ZachuVGC
|-damage|p2a: ZachuVGC|93/100
|move|p2a: ZachuVGC|Thunder Punch|p1a: The Indomitable
|-supereffective|p1a: The Indomitable
|-end|p1a: The Indomitable|Substitute
|
|-heal|p1a: The Indomitable|58/100|[from] item: Leftovers
|-heal|p2a: ZachuVGC|99/100|[from] item: Leftovers
|upkeep
|turn|7
|
|t:|1743816455
|move|p1a: The Indomitable|Protect|p1a: The Indomitable
|-singleturn|p1a: The Indomitable|Protect
|move|p2a: ZachuVGC|Thunder Punch|p1a: The Indomitable
|-activate|p1a: The Indomitable|move: Protect
|
|-heal|p1a: The Indomitable|64/100|[from] item: Leftovers
|-heal|p2a: ZachuVGC|100/100|[from] item: Leftovers
|upkeep
|turn|8
|
|t:|1743816457
|switch|p1a: The Unbothered|Skeledirge, F|100/100
|move|p2a: ZachuVGC|Thunder Punch|p1a: The Unbothered
|-damage|p1a: The Unbothered|71/100
|
|-sideend|p2: supersaiyanwolf|move: Light Screen
|upkeep
|turn|9
|
|t:|1743816461
|-end|p2a: ZachuVGC|Quark Drive|[silent]
|switch|p2a: Grimmsnarl|Grimmsnarl, M, shiny|100/100
|move|p1a: The Unbothered|Will-O-Wisp|p2a: Grimmsnarl
|-status|p2a: Grimmsnarl|brn
|
|-damage|p2a: Grimmsnarl|94/100 brn|[from] brn
|upkeep
|turn|10
|
|t:|1743816466
|switch|p1a: The Indomitable|Suicune|64/100
|-ability|p1a: The Indomitable|Pressure
|move|p2a: Grimmsnarl|Light Screen|p2a: Grimmsnarl
|-sidestart|p2: supersaiyanwolf|move: Light Screen
|
|-heal|p1a: The Indomitable|70/100|[from] item: Leftovers
|-damage|p2a: Grimmsnarl|88/100 brn|[from] brn
|upkeep
|turn|11
|
|t:|1743816470
|switch|p2a: ZachuVGC|Iron Hands|100/100
|move|p1a: The Indomitable|Substitute|p1a: The Indomitable
|-start|p1a: The Indomitable|Substitute
|-damage|p1a: The Indomitable|45/100
|
|-heal|p1a: The Indomitable|51/100|[from] item: Leftovers
|upkeep
|turn|12
|
|t:|1743816474
|move|p1a: The Indomitable|Protect|p1a: The Indomitable
|-singleturn|p1a: The Indomitable|Protect
|move|p2a: ZachuVGC|Swords Dance|p2a: ZachuVGC
|-boost|p2a: ZachuVGC|atk|2
|
|-heal|p1a: The Indomitable|57/100|[from] item: Leftovers
|upkeep
|turn|13
|
|t:|1743816479
|move|p1a: The Indomitable|Scald|p2a: ZachuVGC
|-damage|p2a: ZachuVGC|91/100
|move|p2a: ZachuVGC|Thunder Punch|p1a: The Indomitable
|-supereffective|p1a: The Indomitable
|-end|p1a: The Indomitable|Substitute
|
|-heal|p1a: The Indomitable|64/100|[from] item: Leftovers
|-heal|p2a: ZachuVGC|97/100|[from] item: Leftovers
|upkeep
|turn|14
|
|t:|1743816485
|move|p1a: The Indomitable|Protect|p1a: The Indomitable
|-singleturn|p1a: The Indomitable|Protect
|move|p2a: ZachuVGC|Thunder Punch|p1a: The Indomitable
|-activate|p1a: The Indomitable|move: Protect
|
|-heal|p1a: The Indomitable|70/100|[from] item: Leftovers
|-heal|p2a: ZachuVGC|100/100|[from] item: Leftovers
|-sideend|p2: supersaiyanwolf|move: Light Screen
|upkeep
|turn|15
|
|t:|1743816489
|switch|p1a: The Unbothered|Skeledirge, F|71/100
|move|p2a: ZachuVGC|Thunder Punch|p1a: The Unbothered
|-damage|p1a: The Unbothered|37/100
|
|upkeep
|turn|16
|
|t:|1743816493
|move|p1a: The Unbothered|Slack Off|p1a: The Unbothered
|-heal|p1a: The Unbothered|87/100
|move|p2a: ZachuVGC|Thunder Punch|p1a: The Unbothered
|-damage|p1a: The Unbothered|54/100
|
|upkeep
|turn|17
|
|t:|1743816500
|-end|p2a: ZachuVGC|Quark Drive|[silent]
|switch|p2a: Iron Crown|Iron Crown|100/100
|-enditem|p2a: Iron Crown|Booster Energy
|-activate|p2a: Iron Crown|ability: Quark Drive|[fromitem]
|-start|p2a: Iron Crown|quarkdrivespe
|move|p1a: The Unbothered|Will-O-Wisp|p2a: Iron Crown
|-status|p2a: Iron Crown|brn
|
|-damage|p2a: Iron Crown|94/100 brn|[from] brn
|upkeep
|turn|18
|
|t:|1743816515
|switch|p1a: The Menace|Darkrai|100/100
|-terastallize|p2a: Iron Crown|Fighting
|move|p2a: Iron Crown|Calm Mind|p2a: Iron Crown
|-boost|p2a: Iron Crown|spa|1
|-boost|p2a: Iron Crown|spd|1
|
|-damage|p2a: Iron Crown|88/100 brn|[from] brn
|upkeep
|turn|19
|
|t:|1743816529
|switch|p1a: The Unbothered|Skeledirge, F|54/100
|move|p2a: Iron Crown|Calm Mind|p2a: Iron Crown
|-boost|p2a: Iron Crown|spa|1
|-boost|p2a: Iron Crown|spd|1
|
|-damage|p2a: Iron Crown|82/100 brn|[from] brn
|upkeep
|turn|20
|
|t:|1743816536
|move|p2a: Iron Crown|Stored Power|p1a: The Unbothered
|-damage|p1a: The Unbothered|18/100
|move|p1a: The Unbothered|Slack Off|p1a: The Unbothered
|-heal|p1a: The Unbothered|68/100
|
|-damage|p2a: Iron Crown|76/100 brn|[from] brn
|upkeep
|turn|21
|
|t:|1743816540
|move|p2a: Iron Crown|Calm Mind|p2a: Iron Crown
|-boost|p2a: Iron Crown|spa|1
|-boost|p2a: Iron Crown|spd|1
|move|p1a: The Unbothered|Hex|p2a: Iron Crown
|-damage|p2a: Iron Crown|32/100 brn
|
|-damage|p2a: Iron Crown|26/100 brn|[from] brn
|upkeep
|turn|22
|
|t:|1743816558
|move|p2a: Iron Crown|Stored Power|p1a: The Unbothered
|-damage|p1a: The Unbothered|19/100
|move|p1a: The Unbothered|Hex|p2a: Iron Crown
|-damage|p2a: Iron Crown|0 fnt
|faint|p2a: Iron Crown
|-end|p2a: Iron Crown|Quark Drive|[silent]
|
|upkeep
|
|t:|1743816566
|switch|p2a: Glimmora|Glimmora, F|100/100
|turn|23
|
|t:|1743816577
|switch|p1a: Scream Tail|Scream Tail|100/100
|move|p2a: Glimmora|Meteor Beam||[still]
|-prepare|p2a: Glimmora|Meteor Beam
|-boost|p2a: Glimmora|spa|1
|-enditem|p2a: Glimmora|Power Herb
|-anim|p2a: Glimmora|Meteor Beam|p1a: Scream Tail
|-damage|p1a: Scream Tail|34/100
|
|-heal|p1a: Scream Tail|40/100|[from] item: Leftovers
|upkeep
|turn|24
|
|t:|1743816597
|move|p1a: Scream Tail|Wish|p1a: Scream Tail
|move|p2a: Glimmora|Rock Polish|p2a: Glimmora
|-boost|p2a: Glimmora|spe|2
|
|-heal|p1a: Scream Tail|46/100|[from] item: Leftovers
|upkeep
|turn|25
|
|t:|1743816605
|move|p2a: Glimmora|Meteor Beam||[still]
|-prepare|p2a: Glimmora|Meteor Beam
|-boost|p2a: Glimmora|spa|1
|move|p1a: Scream Tail|Disable|p2a: Glimmora
|-start|p2a: Glimmora|Disable|Meteor Beam
|
|-heal|p1a: Scream Tail|96/100|[from] move: Wish|[wisher] Scream Tail
|-heal|p1a: Scream Tail|100/100|[from] item: Leftovers
|upkeep
|turn|26
|
|t:|1743816623
|-end|p1a: Scream Tail|Protosynthesis|[silent]
|switch|p1a: The Light|Cresselia, F|100/100
|cant|p2a: Glimmora|Disable|Meteor Beam
|
|upkeep
|turn|27
|
|t:|1743816631
|move|p2a: Glimmora|Dazzling Gleam|p1a: The Light
|-damage|p1a: The Light|64/100
|move|p1a: The Light|Lunar Dance|p1a: The Light
|faint|p1a: The Light
|
|upkeep
|
|t:|1743816633
|switch|p1a: The Unbothered|Skeledirge, F|19/100
|-heal|p1a: The Unbothered|100/100|[from] move: Lunar Dance
|turn|28
|
|t:|1743816646
|-terastallize|p1a: The Unbothered|Water
|move|p2a: Glimmora|Earth Power|p1a: The Unbothered
|-damage|p1a: The Unbothered|75/100
|move|p1a: The Unbothered|Torch Song|p2a: Glimmora
|-resisted|p2a: Glimmora
|-damage|p2a: Glimmora|79/100
|-boost|p1a: The Unbothered|spa|1
|
|upkeep
|turn|29
|
|t:|1743816655
|switch|p2a: ZachuVGC|Iron Hands|100/100
|move|p1a: The Unbothered|Hex|p2a: ZachuVGC
|-damage|p2a: ZachuVGC|70/100
|
|-heal|p2a: ZachuVGC|76/100|[from] item: Leftovers
|upkeep
|turn|30
|
|t:|1743816660
|move|p1a: The Unbothered|Will-O-Wisp|p2a: ZachuVGC
|-status|p2a: ZachuVGC|brn
|move|p2a: ZachuVGC|Thunder Punch|p1a: The Unbothered
|-supereffective|p1a: The Unbothered
|-damage|p1a: The Unbothered|45/100
|
|-heal|p2a: ZachuVGC|82/100 brn|[from] item: Leftovers
|-damage|p2a: ZachuVGC|76/100 brn|[from] brn
|upkeep
|turn|31
|
|t:|1743816678
|move|p1a: The Unbothered|Slack Off|p1a: The Unbothered
|-heal|p1a: The Unbothered|95/100
|move|p2a: ZachuVGC|Thunder Punch|p1a: The Unbothered
|-supereffective|p1a: The Unbothered
|-damage|p1a: The Unbothered|62/100
|
|-heal|p2a: ZachuVGC|82/100 brn|[from] item: Leftovers
|-damage|p2a: ZachuVGC|76/100 brn|[from] brn
|upkeep
|turn|32
|
|t:|1743816686
|switch|p1a: Scream Tail|Scream Tail|100/100
|move|p2a: ZachuVGC|Thunder Punch|p1a: Scream Tail
|-damage|p1a: Scream Tail|85/100
|
|-heal|p1a: Scream Tail|91/100|[from] item: Leftovers
|-heal|p2a: ZachuVGC|82/100 brn|[from] item: Leftovers
|-damage|p2a: ZachuVGC|76/100 brn|[from] brn
|upkeep
|turn|33
|
|t:|1743816690
|move|p1a: Scream Tail|Wish|p1a: Scream Tail
|move|p2a: ZachuVGC|Swords Dance|p2a: ZachuVGC
|-boost|p2a: ZachuVGC|atk|2
|
|-heal|p1a: Scream Tail|98/100|[from] item: Leftovers
|-heal|p2a: ZachuVGC|82/100 brn|[from] item: Leftovers
|-damage|p2a: ZachuVGC|76/100 brn|[from] brn
|upkeep
|turn|34
|
|t:|1743816695
|-end|p1a: Scream Tail|Protosynthesis|[silent]
|switch|p1a: The Unbothered|Skeledirge, F, tera:Water|62/100
|move|p2a: ZachuVGC|Thunder Punch|p1a: The Unbothered
|-supereffective|p1a: The Unbothered
|-damage|p1a: The Unbothered|28/100
|
|-heal|p1a: The Unbothered|81/100|[from] move: Wish|[wisher] Scream Tail
|-heal|p2a: ZachuVGC|82/100 brn|[from] item: Leftovers
|-damage|p2a: ZachuVGC|76/100 brn|[from] brn
|upkeep
|turn|35
|
|t:|1743816704
|move|p1a: The Unbothered|Hex|p2a: ZachuVGC
|-damage|p2a: ZachuVGC|39/100 brn
|move|p2a: ZachuVGC|Thunder Punch|p1a: The Unbothered
|-supereffective|p1a: The Unbothered
|-damage|p1a: The Unbothered|48/100
|
|-heal|p2a: ZachuVGC|45/100 brn|[from] item: Leftovers
|-damage|p2a: ZachuVGC|39/100 brn|[from] brn
|upkeep
|turn|36
|
|t:|1743816709
|move|p1a: The Unbothered|Slack Off|p1a: The Unbothered
|-heal|p1a: The Unbothered|98/100
|move|p2a: ZachuVGC|Thunder Punch|p1a: The Unbothered
|-supereffective|p1a: The Unbothered
|-damage|p1a: The Unbothered|68/100
|
|-heal|p2a: ZachuVGC|45/100 brn|[from] item: Leftovers
|-damage|p2a: ZachuVGC|39/100 brn|[from] brn
|upkeep
|turn|37
|
|t:|1743816712
|move|p1a: The Unbothered|Hex|p2a: ZachuVGC
|-damage|p2a: ZachuVGC|3/100 brn
|move|p2a: ZachuVGC|Thunder Punch|p1a: The Unbothered
|-supereffective|p1a: The Unbothered
|-damage|p1a: The Unbothered|36/100
|
|-heal|p2a: ZachuVGC|9/100 brn|[from] item: Leftovers
|-damage|p2a: ZachuVGC|3/100 brn|[from] brn
|upkeep
|turn|38
|
|t:|1743816717
|-end|p2a: ZachuVGC|Quark Drive|[silent]
|switch|p2a: Dragonite|Dragonite, M|100/100
|move|p1a: The Unbothered|Slack Off|p1a: The Unbothered
|-heal|p1a: The Unbothered|86/100
|
|upkeep
|turn|39
|
|t:|1743816720
|move|p2a: Dragonite|Encore|p1a: The Unbothered
|-start|p1a: The Unbothered|Encore
|move|p1a: The Unbothered|Slack Off|p1a: The Unbothered
|-heal|p1a: The Unbothered|100/100
|
|upkeep
|turn|40
|
|t:|1743816725
|switch|p1a: The Indomitable|Suicune|70/100
|-ability|p1a: The Indomitable|Pressure
|move|p2a: Dragonite|Dragon Dance|p2a: Dragonite
|-boost|p2a: Dragonite|atk|1
|-boost|p2a: Dragonite|spe|1
|
|-heal|p1a: The Indomitable|76/100|[from] item: Leftovers
|upkeep
|turn|41
|
|t:|1743816734
|move|p2a: Dragonite|Dragon Dance|p2a: Dragonite
|-boost|p2a: Dragonite|atk|1
|-boost|p2a: Dragonite|spe|1
|move|p1a: The Indomitable|Scald|p2a: Dragonite
|-resisted|p2a: Dragonite
|-damage|p2a: Dragonite|94/100
|-status|p2a: Dragonite|brn
|
|-heal|p1a: The Indomitable|82/100|[from] item: Leftovers
|-damage|p2a: Dragonite|88/100 brn|[from] brn
|upkeep
|turn|42
|
|t:|1743816739
|switch|p1a: The Unbothered|Skeledirge, F, tera:Water|100/100
|move|p2a: Dragonite|Scale Shot|p1a: The Unbothered
|-damage|p1a: The Unbothered|94/100
|-damage|p1a: The Unbothered|88/100
|-damage|p1a: The Unbothered|82/100
|-damage|p1a: The Unbothered|76/100
|-hitcount|p1a: The Unbothered|4
|-unboost|p2a: Dragonite|def|1
|-boost|p2a: Dragonite|spe|1
|
|-damage|p2a: Dragonite|82/100 brn|[from] brn
|upkeep
|turn|43
|-message|supersaiyanwolf forfeited.
|
|win|FittedCrib04
|raw|FittedCrib04's rating: 1493 &rarr; <strong>1511</strong><br />(+18 for winning)
|raw|supersaiyanwolf's rating: 1456 &rarr; <strong>1438</strong><br />(-18 for losing)
|l|☆supersaiyanwolf
|player|p2|
|l|☆FittedCrib04
|player|p1|
