|j|☆weezing huffer
|j|☆Ornaug
|t:|1743814905
|gametype|singles
|player|p1|weezing huffer|biker|1408
|player|p2|Ornaug|swimmer|1412
|teamsize|p1|6
|teamsize|p2|6
|gen|9
|tier|[Gen 9] OU
|rated|
|rule|HP Percentage Mod: HP is shown in percentages
|rule|Endless Battle Clause: Forcing endless battles is banned
|rule|Species Clause: Limit one of each Pokémon
|rule|OHKO Clause: OHKO moves are banned
|rule|Evasion Items Clause: Evasion items are banned
|rule|Evasion Moves Clause: Evasion moves are banned
|rule|Sleep Moves Clause: Sleep-inducing moves are banned
|clearpoke
|poke|p1|Iron Crown|
|poke|p1|Garchomp, F|
|poke|p1|Zapdos|
|poke|p1|Dragapult, F|
|poke|p1|Garganacl, F|
|poke|p1|Slowking-Galar, M|
|poke|p2|Cinderace, F|
|poke|p2|Frosmoth, F|
|poke|p2|Gliscor, F|
|poke|p2|Primarina, M|
|poke|p2|Regidrago|
|poke|p2|Rotom|
|teampreview
|inactive|Battle timer is ON: inactive players will automatically lose when time's up. (requested by Ornaug)
|
|t:|1743814916
|start
|switch|p1a: Prion|Slowking-Galar, M, shiny|100/100
|switch|p2a: Regidrago|Regidrago|100/100
|turn|1
|
|t:|1743814923
|move|p2a: Regidrago|Dragon Energy|p1a: Prion
|-damage|p1a: Prion|28/100
|move|p1a: Prion|Trick|p2a: Regidrago
|-activate|p1a: Prion|move: Trick|[of] p2a: Regidrago
|-item|p2a: Regidrago|Black Sludge|[from] move: Trick
|-item|p1a: Prion|Choice Scarf|[from] move: Trick
|
|-damage|p2a: Regidrago|88/100|[from] item: Black Sludge
|upkeep
|turn|2
|
|t:|1743814928
|switch|p1a: Iron Deficiency|Iron Crown|100/100
|move|p2a: Regidrago|Dragon Energy|p1a: Iron Deficiency
|-resisted|p1a: Iron Deficiency
|-damage|p1a: Iron Deficiency|55/100
|
|-damage|p2a: Regidrago|76/100|[from] item: Black Sludge
|upkeep
|turn|3
|
|t:|1743814937
|switch|p2a: Frosmoth|Frosmoth, F|100/100
|-terastallize|p1a: Iron Deficiency|Steel
|move|p1a: Iron Deficiency|Tachyon Cutter|p2a: Frosmoth
|-supereffective|p2a: Frosmoth
|-damage|p2a: Frosmoth|59/100
|-supereffective|p2a: Frosmoth
|-damage|p2a: Frosmoth|18/100
|-hitcount|p2a: Frosmoth|2
|
|upkeep
|turn|4
|c|☆weezing huffer|Good lord
|c|☆weezing huffer|what a bulky ass set
|
|t:|1743814959
|move|p1a: Iron Deficiency|Tachyon Cutter|p2a: Frosmoth
|-supereffective|p2a: Frosmoth
|-damage|p2a: Frosmoth|0 fnt
|faint|p2a: Frosmoth
|-hitcount|p2: Frosmoth|1
|
|upkeep
|
|t:|1743814964
|switch|p2a: Cinderace|Cinderace, F|100/100
|turn|5
|
|t:|1743814968
|-end|p1a: Iron Deficiency|Quark Drive|[silent]
|switch|p1a: Kidney Stones|Garganacl, F, shiny|100/100
|move|p2a: Cinderace|Pyro Ball|p1a: Kidney Stones
|-resisted|p1a: Kidney Stones
|-damage|p1a: Kidney Stones|81/100
|
|-heal|p1a: Kidney Stones|87/100|[from] item: Leftovers
|upkeep
|turn|6
|
|t:|1743814973
|move|p2a: Cinderace|Iron Head|p1a: Kidney Stones
|-start|p2a: Cinderace|typechange|Steel|[from] ability: Libero
|-supereffective|p1a: Kidney Stones
|-damage|p1a: Kidney Stones|37/100
|cant|p1a: Kidney Stones|flinch
|
|-heal|p1a: Kidney Stones|43/100|[from] item: Leftovers
|upkeep
|turn|7
|
|t:|1743814979
|move|p1a: Kidney Stones|Protect|p1a: Kidney Stones
|-singleturn|p1a: Kidney Stones|Protect
|move|p2a: Cinderace|Iron Head|p1a: Kidney Stones
|-activate|p1a: Kidney Stones|move: Protect
|
|-heal|p1a: Kidney Stones|49/100|[from] item: Leftovers
|upkeep
|turn|8
|
|t:|1743814982
|move|p2a: Cinderace|Iron Head|p1a: Kidney Stones
|-supereffective|p1a: Kidney Stones
|-damage|p1a: Kidney Stones|0 fnt
|faint|p1a: Kidney Stones
|
|upkeep
|
|t:|1743814985
|switch|p1a: Plaque Psoriasis|Garchomp, F, shiny|100/100
|turn|9
|
|t:|1743814992
|move|p2a: Cinderace|U-turn|p1a: Plaque Psoriasis
|-damage|p1a: Plaque Psoriasis|83/100
|-damage|p2a: Cinderace|88/100|[from] ability: Rough Skin|[of] p1a: Plaque Psoriasis
|-damage|p2a: Cinderace|72/100|[from] item: Rocky Helmet|[of] p1a: Plaque Psoriasis
|
|t:|1743815001
|switch|p2a: Rotom|Rotom|100/100|[from] U-turn
|move|p1a: Plaque Psoriasis|Dragon Tail|p2a: Rotom
|-damage|p2a: Rotom|77/100
|drag|p2a: Gliscor|Gliscor, F|100/100
|
|-status|p2a: Gliscor|tox|[from] item: Toxic Orb
|upkeep
|turn|10
|
|t:|1743815005
|move|p1a: Plaque Psoriasis|Stealth Rock|p2a: Gliscor
|-sidestart|p2: Ornaug|move: Stealth Rock
|move|p2a: Gliscor|Toxic|p1a: Plaque Psoriasis
|-status|p1a: Plaque Psoriasis|tox
|
|-damage|p1a: Plaque Psoriasis|77/100 tox|[from] psn
|upkeep
|turn|11
|
|t:|1743815011
|switch|p1a: Multiple Sclerosis|Zapdos, shiny|100/100
|move|p2a: Gliscor|Knock Off|p1a: Multiple Sclerosis
|-damage|p1a: Multiple Sclerosis|83/100
|-enditem|p1a: Multiple Sclerosis|Heavy-Duty Boots|[from] move: Knock Off|[of] p2a: Gliscor
|
|upkeep
|turn|12
|
|t:|1743815014
|move|p1a: Multiple Sclerosis|Hurricane|p2a: Gliscor
|-damage|p2a: Gliscor|43/100 tox
|-start|p2a: Gliscor|confusion
|-activate|p2a: Gliscor|confusion
|move|p2a: Gliscor|Toxic|p1a: Multiple Sclerosis
|-status|p1a: Multiple Sclerosis|tox
|
|-damage|p1a: Multiple Sclerosis|77/100 tox|[from] psn
|-heal|p2a: Gliscor|56/100 tox|[from] ability: Poison Heal
|upkeep
|turn|13
|
|t:|1743815020
|-activate|p2a: Gliscor|confusion
|-damage|p2a: Gliscor|50/100 tox|[from] confusion
|move|p1a: Multiple Sclerosis|Hurricane|p2a: Gliscor
|-damage|p2a: Gliscor|0 fnt
|faint|p2a: Gliscor
|
|-damage|p1a: Multiple Sclerosis|64/100 tox|[from] psn
|upkeep
|
|t:|1743815028
|switch|p2a: Cinderace|Cinderace, F|72/100
|turn|14
|
|t:|1743815037
|move|p2a: Cinderace|Court Change|p2a: Cinderace
|-start|p2a: Cinderace|typechange|Normal|[from] ability: Libero
|-swapsideconditions
|-activate|p2a: Cinderace|move: Court Change
|move|p1a: Multiple Sclerosis|Hurricane|p2a: Cinderace|[miss]
|-miss|p1a: Multiple Sclerosis|p2a: Cinderace
|
|-damage|p1a: Multiple Sclerosis|46/100 tox|[from] psn
|upkeep
|turn|15
|
|t:|1743815046
|move|p2a: Cinderace|Pyro Ball|p1a: Multiple Sclerosis
|-damage|p1a: Multiple Sclerosis|16/100 tox
|move|p1a: Multiple Sclerosis|Thunderbolt|p2a: Cinderace
|-damage|p2a: Cinderace|18/100
|
|-damage|p1a: Multiple Sclerosis|0 fnt|[from] psn
|faint|p1a: Multiple Sclerosis
|upkeep
|
|t:|1743815053
|switch|p1a: Phantom Limb|Dragapult, F, shiny|100/100
|-damage|p1a: Phantom Limb|88/100|[from] Stealth Rock
|turn|16
|
|t:|1743815063
|switch|p2a: Primarina|Primarina, M|100/100
|move|p1a: Phantom Limb|U-turn|p2a: Primarina
|-resisted|p2a: Primarina
|-damage|p2a: Primarina|87/100
|
|t:|1743815066
|switch|p1a: Iron Deficiency|Iron Crown, tera:Steel|55/100|[from] U-turn
|-damage|p1a: Iron Deficiency|48/100|[from] Stealth Rock
|
|-heal|p2a: Primarina|93/100|[from] item: Leftovers
|upkeep
|turn|17
|
|t:|1743815074
|-terastallize|p2a: Primarina|Steel
|move|p1a: Iron Deficiency|Tachyon Cutter|p2a: Primarina
|-resisted|p2a: Primarina
|-damage|p2a: Primarina|71/100
|-resisted|p2a: Primarina
|-damage|p2a: Primarina|49/100
|-hitcount|p2a: Primarina|2
|move|p2a: Primarina|Calm Mind|p2a: Primarina
|-boost|p2a: Primarina|spa|1
|-boost|p2a: Primarina|spd|1
|
|-heal|p2a: Primarina|55/100|[from] item: Leftovers
|upkeep
|turn|18
|
|t:|1743815081
|-end|p1a: Iron Deficiency|Quark Drive|[silent]
|switch|p1a: Plaque Psoriasis|Garchomp, F, shiny|77/100 tox
|-damage|p1a: Plaque Psoriasis|71/100 tox|[from] Stealth Rock
|move|p2a: Primarina|Psychic Noise|p1a: Plaque Psoriasis
|-damage|p1a: Plaque Psoriasis|24/100 tox
|-start|p1a: Plaque Psoriasis|move: Heal Block
|
|-heal|p2a: Primarina|61/100|[from] item: Leftovers
|-damage|p1a: Plaque Psoriasis|18/100 tox|[from] psn
|upkeep
|turn|19
|
|t:|1743815093
|switch|p2a: Rotom|Rotom|77/100
|move|p1a: Plaque Psoriasis|Earthquake|p2a: Rotom
|-immune|p2a: Rotom|[from] ability: Levitate
|
|-heal|p2a: Rotom|83/100|[from] item: Leftovers
|-damage|p1a: Plaque Psoriasis|5/100 tox|[from] psn
|-end|p1a: Plaque Psoriasis|move: Heal Block
|upkeep
|turn|20
|
|t:|1743815101
|switch|p2a: Cinderace|Cinderace, F|18/100
|move|p1a: Plaque Psoriasis|Stealth Rock|p2a: Cinderace
|-sidestart|p2: Ornaug|move: Stealth Rock
|
|-damage|p1a: Plaque Psoriasis|0 fnt|[from] psn
|faint|p1a: Plaque Psoriasis
|upkeep
|
|t:|1743815105
|switch|p1a: Phantom Limb|Dragapult, F, shiny|88/100
|-damage|p1a: Phantom Limb|76/100|[from] Stealth Rock
|turn|21
|
|t:|1743815109
|move|p1a: Phantom Limb|Dragon Darts|p2a: Cinderace
|-damage|p2a: Cinderace|0 fnt
|faint|p2a: Cinderace
|
|upkeep
|
|t:|1743815113
|switch|p2a: Primarina|Primarina, M, tera:Steel|61/100
|-damage|p2a: Primarina|55/100|[from] Stealth Rock
|turn|22
|
|t:|1743815116
|switch|p1a: Prion|Slowking-Galar, M, shiny|61/100
|-damage|p1a: Prion|49/100|[from] Stealth Rock
|move|p2a: Primarina|Draining Kiss|p1a: Prion
|-resisted|p1a: Prion
|-damage|p1a: Prion|43/100
|-heal|p2a: Primarina|60/100|[from] drain|[of] p1a: Prion
|
|-heal|p2a: Primarina|66/100|[from] item: Leftovers
|upkeep
|turn|23
|
|t:|1743815125
|switch|p2a: Regidrago|Regidrago|76/100
|-damage|p2a: Regidrago|63/100|[from] Stealth Rock
|move|p1a: Prion|Trick|p2a: Regidrago
|-activate|p1a: Prion|move: Trick|[of] p2a: Regidrago
|-item|p2a: Regidrago|Choice Scarf|[from] move: Trick
|-item|p1a: Prion|Black Sludge|[from] move: Trick
|
|-heal|p1a: Prion|49/100|[from] item: Black Sludge
|upkeep
|turn|24
|
|t:|1743815134
|switch|p1a: Iron Deficiency|Iron Crown, tera:Steel|48/100
|-damage|p1a: Iron Deficiency|42/100|[from] Stealth Rock
|move|p2a: Regidrago|Draco Meteor|p1a: Iron Deficiency
|-resisted|p1a: Iron Deficiency
|-damage|p1a: Iron Deficiency|0 fnt
|-unboost|p2a: Regidrago|spa|2
|faint|p1a: Iron Deficiency
|-end|p1a: Iron Deficiency|Quark Drive|[silent]
|
|upkeep
|
|t:|1743815137
|switch|p1a: Phantom Limb|Dragapult, F, shiny|76/100
|-damage|p1a: Phantom Limb|64/100|[from] Stealth Rock
|turn|25
|
|t:|1743815143
|switch|p2a: Rotom|Rotom|83/100
|-damage|p2a: Rotom|71/100|[from] Stealth Rock
|move|p1a: Phantom Limb|Dragon Darts|p2a: Rotom
|-damage|p2a: Rotom|34/100
|-anim|p1a: Phantom Limb|Dragon Darts|p2a: Rotom
|-damage|p2a: Rotom|0 fnt
|faint|p2a: Rotom
|
|upkeep
|
|t:|1743815150
|switch|p2a: Primarina|Primarina, M, tera:Steel|66/100
|-damage|p2a: Primarina|60/100|[from] Stealth Rock
|turn|26
|
|t:|1743815159
|switch|p1a: Prion|Slowking-Galar, M, shiny|82/100
|-damage|p1a: Prion|70/100|[from] Stealth Rock
|move|p2a: Primarina|Draining Kiss|p1a: Prion
|-resisted|p1a: Prion
|-damage|p1a: Prion|63/100
|-heal|p2a: Primarina|66/100|[from] drain|[of] p1a: Prion
|
|-heal|p2a: Primarina|72/100|[from] item: Leftovers
|-heal|p1a: Prion|69/100|[from] item: Black Sludge
|upkeep
|turn|27
|
|t:|1743815163
|move|p2a: Primarina|Substitute|p2a: Primarina
|-start|p2a: Primarina|Substitute
|-damage|p2a: Primarina|47/100
|move|p1a: Prion|Future Sight|p2a: Primarina
|-start|p1a: Prion|move: Future Sight
|
|-heal|p2a: Primarina|53/100|[from] item: Leftovers
|-heal|p1a: Prion|75/100|[from] item: Black Sludge
|upkeep
|turn|28
|
|t:|1743815171
|move|p2a: Primarina|Calm Mind|p2a: Primarina
|-boost|p2a: Primarina|spa|1
|-boost|p2a: Primarina|spd|1
|-prepare|p1a: Prion|Chilly Reception|[premajor]
|move|p1a: Prion|Chilly Reception|p1a: Prion
|-weather|Snowscape
|
|t:|1743815174
|switch|p1a: Phantom Limb|Dragapult, F, shiny|64/100|[from] Chilly Reception
|-damage|p1a: Phantom Limb|51/100|[from] Stealth Rock
|
|-weather|Snowscape|[upkeep]
|-heal|p2a: Primarina|59/100|[from] item: Leftovers
|upkeep
|turn|29
|
|t:|1743815179
|move|p1a: Phantom Limb|Dragon Darts|p2a: Primarina
|-resisted|p2a: Primarina
|-activate|p2a: Primarina|move: Substitute|[damage]
|-anim|p1a: Phantom Limb|Dragon Darts|p2a: Primarina
|-resisted|p2a: Primarina
|-end|p2a: Primarina|Substitute
|move|p2a: Primarina|Draining Kiss|p1a: Phantom Limb
|-supereffective|p1a: Phantom Limb
|-damage|p1a: Phantom Limb|0 fnt
|-heal|p2a: Primarina|92/100|[from] drain|[of] p1a: Phantom Limb
|faint|p1a: Phantom Limb
|
|-weather|Snowscape|[upkeep]
|-end|p2a: Primarina|move: Future Sight
|-resisted|p2a: Primarina
|-damage|p2a: Primarina|79/100
|-heal|p2a: Primarina|85/100|[from] item: Leftovers
|upkeep
|c|☆weezing huffer|Time to mutulate myself enjoy your win good fellow oh yes
|l|☆weezing huffer
|inactive|weezing huffer disconnected and has a minute to reconnect!
|player|p1|
|c|☆Ornaug|Woah
|inactive|weezing huffer has 30 seconds to reconnect!
|inactive|weezing huffer has 20 seconds to reconnect!
|inactive|weezing huffer has 15 seconds to reconnect!
|inactive|weezing huffer has 10 seconds to reconnect!
|inactive|weezing huffer has 5 seconds to reconnect!
|-message|weezing huffer lost due to inactivity.
|
|win|Ornaug
|raw|weezing huffer's rating: 1408 &rarr; <strong>1388</strong><br />(-20 for losing)
|raw|Ornaug's rating: 1412 &rarr; <strong>1432</strong><br />(+20 for winning)
|l|☆Ornaug
|player|p2|
