|j|‽bigblacknunruly
|j|☆PrayStar
|t:|1743915019
|gametype|singles
|player|p1|bigblacknunruly|sage|1226
|player|p2|PrayStar|101|1285
|teamsize|p1|6
|teamsize|p2|6
|gen|9
|tier|[Gen 9] OU
|rated|
|rule|HP Percentage Mod: HP is shown in percentages
|rule|Endless Battle Clause: Forcing endless battles is banned
|rule|Species Clause: Limit one of each Pokémon
|rule|OHKO Clause: OHKO moves are banned
|rule|Evasion Items Clause: Evasion items are banned
|rule|Evasion Moves Clause: Evasion moves are banned
|rule|Sleep Moves Clause: Sleep-inducing moves are banned
|clearpoke
|poke|p1|Okidogi, M|
|poke|p1|Rotom-Wash|
|poke|p1|Heatran, F|
|poke|p1|Corviknight, F|
|poke|p1|Great Tusk|
|poke|p1|Gholdengo|
|poke|p2|Pelipper, F|
|poke|p2|Greninja-*, M|
|poke|p2|Basculegion, M|
|poke|p2|Sandy Shocks|
|poke|p2|Scizor, F|
|poke|p2|Raging Bolt|
|teampreview
|
|t:|1743915032
|start
|switch|p1a: Rotom|Rotom-Wash|100/100
|switch|p2a: Scizor|Scizor, F, shiny|100/100
|turn|1
|j| shuita.otter
|
|t:|1743915071
|move|p1a: Rotom|Thunder Wave|p2a: Scizor
|-status|p2a: Scizor|par
|move|p2a: Scizor|Swords Dance|p2a: Scizor
|-boost|p2a: Scizor|atk|2
|
|upkeep
|turn|2
|
|t:|1743915092
|move|p1a: Rotom|Hex|p2a: Scizor
|-damage|p2a: Scizor|63/100 par
|move|p2a: Scizor|Knock Off|p1a: Rotom
|-damage|p1a: Rotom|31/100
|-enditem|p1a: Rotom|Eject Button|[from] move: Knock Off|[of] p2a: Scizor
|
|upkeep
|turn|3
|inactive|Battle timer is ON: inactive players will automatically lose when time's up. (requested by PrayStar)
|
|t:|1743915122
|move|p2a: Scizor|Bullet Punch|p1a: Rotom
|-resisted|p1a: Rotom
|-crit|p1a: Rotom
|-damage|p1a: Rotom|5/100
|move|p1a: Rotom|Hex|p2a: Scizor
|-damage|p2a: Scizor|25/100 par
|
|upkeep
|turn|4
|
|t:|1743915135
|switch|p1a: Heatran|Heatran, F|100/100
|cant|p2a: Scizor|par
|
|upkeep
|turn|5
|
|t:|1743915154
|move|p2a: Scizor|Bullet Punch|p1a: Heatran
|-resisted|p1a: Heatran
|-damage|p1a: Heatran|86/100
|move|p1a: Heatran|Stealth Rock|p2a: Scizor
|-sidestart|p2: PrayStar|move: Stealth Rock
|
|-heal|p1a: Heatran|92/100|[from] item: Leftovers
|upkeep
|turn|6
|
|t:|1743915163
|move|p1a: Heatran|Magma Storm|p2a: Scizor
|-supereffective|p2a: Scizor
|-damage|p2a: Scizor|0 fnt
|faint|p2a: Scizor
|
|-heal|p1a: Heatran|99/100|[from] item: Leftovers
|upkeep
|
|t:|1743915172
|switch|p2a: Pelipper|Pelipper, F, shiny|100/100
|-damage|p2a: Pelipper|76/100|[from] Stealth Rock
|-weather|RainDance|[from] ability: Drizzle|[of] p2a: Pelipper
|turn|7
|
|t:|1743915183
|switch|p1a: Rotom|Rotom-Wash|5/100
|move|p2a: Pelipper|Surf|p1a: Rotom
|-resisted|p1a: Rotom
|-damage|p1a: Rotom|0 fnt
|faint|p1a: Rotom
|
|-weather|RainDance|[upkeep]
|upkeep
|
|t:|1743915190
|switch|p1a: Gholdengo|Gholdengo|100/100
|turn|8
|inactive|PrayStar has 120 seconds left.
|
|t:|1743915226
|move|p1a: Gholdengo|Dazzling Gleam|p2a: Pelipper
|-damage|p2a: Pelipper|12/100
|move|p2a: Pelipper|U-turn|p1a: Gholdengo
|-resisted|p1a: Gholdengo
|-crit|p1a: Gholdengo
|-damage|p1a: Gholdengo|98/100
|
|t:|1743915232
|switch|p2a: Greninja|Greninja, M|100/100|[from] U-turn
|-damage|p2a: Greninja|88/100|[from] Stealth Rock
|
|-weather|RainDance|[upkeep]
|upkeep
|turn|9
|inactive|PrayStar has 120 seconds left.
|
|t:|1743915247
|switch|p1a: Corviknight|Corviknight, F|100/100
|-ability|p1a: Corviknight|Pressure
|move|p2a: Greninja|Dark Pulse|p1a: Corviknight
|-damage|p1a: Corviknight|58/100
|-damage|p2a: Greninja|78/100|[from] item: Life Orb
|
|-weather|RainDance|[upkeep]
|upkeep
|turn|10
|inactive|PrayStar has 120 seconds left.
|
|t:|1743915261
|move|p2a: Greninja|Surf|p1a: Corviknight
|-damage|p1a: Corviknight|0 fnt
|faint|p1a: Corviknight
|-ability|p2a: Greninja|Battle Bond|boost
|-boost|p2a: Greninja|atk|1
|-boost|p2a: Greninja|spa|1
|-boost|p2a: Greninja|spe|1
|-activate|p2a: Greninja|ability: Battle Bond
|-damage|p2a: Greninja|69/100|[from] item: Life Orb
|
|-weather|RainDance|[upkeep]
|upkeep
|
|t:|1743915275
|switch|p1a: Gholdengo|Gholdengo|98/100
|turn|11
|
|t:|1743915281
|-terastallize|p1a: Gholdengo|Fairy
|move|p2a: Greninja|Dark Pulse|p1a: Gholdengo
|-resisted|p1a: Gholdengo
|-damage|p1a: Gholdengo|62/100
|-damage|p2a: Greninja|59/100|[from] item: Life Orb
|cant|p1a: Gholdengo|flinch
|
|-weather|RainDance|[upkeep]
|upkeep
|turn|12
|
|t:|1743915291
|move|p2a: Greninja|Surf|p1a: Gholdengo
|-damage|p1a: Gholdengo|0 fnt
|faint|p1a: Gholdengo
|-damage|p2a: Greninja|49/100|[from] item: Life Orb
|
|-weather|RainDance|[upkeep]
|upkeep
|
|t:|1743915299
|switch|p1a: Okidogi|Okidogi, M|100/100
|turn|13
|
|t:|1743915308
|move|p2a: Greninja|Surf|p1a: Okidogi
|-damage|p1a: Okidogi|3/100
|-damage|p2a: Greninja|39/100|[from] item: Life Orb
|move|p1a: Okidogi|Drain Punch|p2a: Greninja
|-supereffective|p2a: Greninja
|-damage|p2a: Greninja|0 fnt
|-heal|p1a: Okidogi|17/100|[from] drain|[of] p2a: Greninja
|faint|p2a: Greninja
|
|-weather|RainDance|[upkeep]
|upkeep
|inactive|PrayStar has 120 seconds left.
|
|t:|1743915329
|switch|p2a: Raging Bolt|Raging Bolt|100/100
|-damage|p2a: Raging Bolt|88/100|[from] Stealth Rock
|-enditem|p2a: Raging Bolt|Booster Energy
|-activate|p2a: Raging Bolt|ability: Protosynthesis|[fromitem]
|-start|p2a: Raging Bolt|protosynthesisspa
|turn|14
|
|t:|1743915336
|move|p1a: Okidogi|Knock Off|p2a: Raging Bolt
|-damage|p2a: Raging Bolt|72/100
|-status|p2a: Raging Bolt|tox|[from] ability: Toxic Chain|[of] p1a: Okidogi
|move|p2a: Raging Bolt|Dragon Pulse|p1a: Okidogi
|-damage|p1a: Okidogi|0 fnt
|faint|p1a: Okidogi
|
|-weather|none
|-damage|p2a: Raging Bolt|66/100 tox|[from] psn
|upkeep
|
|t:|1743915346
|switch|p1a: Great Tusk|Great Tusk|100/100
|turn|15
|
|t:|1743915354
|-end|p2a: Raging Bolt|Protosynthesis|[silent]
|switch|p2a: Pelipper|Pelipper, F, shiny|12/100
|-damage|p2a: Pelipper|0 fnt|[from] Stealth Rock
|faint|p2a: Pelipper
|move|p1a: Great Tusk|Ice Spinner|p2: Pelipper|[notarget]
|-fail|p1a: Great Tusk
|
|upkeep
|
|t:|1743915363
|switch|p2a: Basculegion|Basculegion, M, shiny|100/100
|-damage|p2a: Basculegion|88/100|[from] Stealth Rock
|turn|16
|inactive|PrayStar has 120 seconds left.
|
|t:|1743915394
|move|p2a: Basculegion|Aqua Jet|p1a: Great Tusk
|-supereffective|p1a: Great Tusk
|-damage|p1a: Great Tusk|69/100
|move|p1a: Great Tusk|Knock Off|p2a: Basculegion
|-supereffective|p2a: Basculegion
|-damage|p2a: Basculegion|23/100
|-enditem|p2a: Basculegion|Choice Band|[from] move: Knock Off|[of] p1a: Great Tusk
|
|-heal|p1a: Great Tusk|75/100|[from] item: Leftovers
|upkeep
|turn|17
|inactive|PrayStar has 120 seconds left.
|
|t:|1743915406
|move|p2a: Basculegion|Aqua Jet|p1a: Great Tusk
|-supereffective|p1a: Great Tusk
|-damage|p1a: Great Tusk|54/100
|move|p1a: Great Tusk|Knock Off|p2a: Basculegion
|-supereffective|p2a: Basculegion
|-damage|p2a: Basculegion|0 fnt
|faint|p2a: Basculegion
|
|-heal|p1a: Great Tusk|60/100|[from] item: Leftovers
|upkeep
|
|t:|1743915419
|switch|p2a: Sandy Shocks|Sandy Shocks, shiny|100/100
|-damage|p2a: Sandy Shocks|94/100|[from] Stealth Rock
|-enditem|p2a: Sandy Shocks|Booster Energy
|-activate|p2a: Sandy Shocks|ability: Protosynthesis|[fromitem]
|-start|p2a: Sandy Shocks|protosynthesisspe
|turn|18
|
|t:|1743915429
|move|p2a: Sandy Shocks|Earth Power|p1a: Great Tusk
|-damage|p1a: Great Tusk|3/100
|move|p1a: Great Tusk|Ice Spinner|p2a: Sandy Shocks
|-supereffective|p2a: Sandy Shocks
|-damage|p2a: Sandy Shocks|45/100
|
|-heal|p1a: Great Tusk|9/100|[from] item: Leftovers
|upkeep
|turn|19
|inactive|PrayStar has 120 seconds left.
|
|t:|1743915438
|move|p2a: Sandy Shocks|Earth Power|p1a: Great Tusk
|-damage|p1a: Great Tusk|0 fnt
|faint|p1a: Great Tusk
|-end|p1a: Great Tusk|Protosynthesis|[silent]
|
|upkeep
|
|t:|1743915442
|switch|p1a: Heatran|Heatran, F|99/100
|turn|20
|
|t:|1743915447
|move|p2a: Sandy Shocks|Earth Power|p1a: Heatran
|-supereffective|p1a: Heatran
|-damage|p1a: Heatran|0 fnt
|faint|p1a: Heatran
|
|win|PrayStar
|raw|bigblacknunruly's rating: 1226 &rarr; <strong>1205</strong><br />(-21 for losing)
|raw|PrayStar's rating: 1285 &rarr; <strong>1306</strong><br />(+21 for winning)
|l|☆PrayStar
|player|p2|
