|j|☆mabdabbablab
|j|☆ian_yo
|t:|1743807768
|gametype|singles
|player|p1|mabdabbablab|ninjaboy|1600
|player|p2|ian_yo|skier|1521
|teamsize|p1|6
|teamsize|p2|6
|gen|9
|tier|[Gen 9] OU
|rated|
|rule|HP Percentage Mod: HP is shown in percentages
|rule|Endless Battle Clause: Forcing endless battles is banned
|rule|Species Clause: Limit one of each Pokémon
|rule|OHKO Clause: OHKO moves are banned
|rule|Evasion Items Clause: Evasion items are banned
|rule|Evasion Moves Clause: Evasion moves are banned
|rule|Sleep Moves Clause: Sleep-inducing moves are banned
|clearpoke
|poke|p1|Corviknight, M|
|poke|p1|Gliscor, F|
|poke|p1|Dragapult, M|
|poke|p1|Entei|
|poke|p1|Primarina, M|
|poke|p1|Great Tusk|
|poke|p2|Torkoal, F|
|poke|p2|Klefki, F|
|poke|p2|Hatterene, F|
|poke|p2|Cresselia, F|
|poke|p2|Rabsca, M|
|poke|p2|Toedscruel, M|
|teampreview
|inactive|Battle timer is ON: inactive players will automatically lose when time's up. (requested by ian_yo)
|inactive|mabdabbablab has 120 seconds left.
|
|t:|1743807800
|start
|switch|p1a: Great Tusk|Great Tusk|100/100
|switch|p2a: Hatterene|Hatterene, F|100/100
|turn|1
|inactive|mabdabbablab has 120 seconds left.
|
|t:|1743807831
|-end|p1a: Great Tusk|Protosynthesis|[silent]
|switch|p1a: Gliscor|Gliscor, F|100/100
|move|p2a: Hatterene|Dazzling Gleam|p1a: Gliscor
|-damage|p1a: Gliscor|48/100
|
|-status|p1a: Gliscor|tox|[from] item: Toxic Orb
|upkeep
|turn|2
|
|t:|1743807850
|move|p1a: Gliscor|Protect|p1a: Gliscor
|-singleturn|p1a: Gliscor|Protect
|move|p2a: Hatterene|Dazzling Gleam|p1a: Gliscor
|-activate|p1a: Gliscor|move: Protect
|
|-heal|p1a: Gliscor|60/100 tox|[from] ability: Poison Heal
|upkeep
|turn|3
|
|t:|1743807858
|switch|p1a: Corviknight|Corviknight, M|100/100
|-ability|p1a: Corviknight|Pressure
|move|p2a: Hatterene|Dazzling Gleam|p1a: Corviknight
|-resisted|p1a: Corviknight
|-damage|p1a: Corviknight|76/100
|
|upkeep
|turn|4
|
|t:|1743807868
|move|p1a: Corviknight|U-turn|p2a: Hatterene
|-damage|p2a: Hatterene|83/100
|
|t:|1743807873
|switch|p1a: Entei|Entei|100/100|[from] U-turn
|move|p2a: Hatterene|Trick Room|p2a: Hatterene
|-fieldstart|move: Trick Room|[of] p2a: Hatterene
|
|upkeep
|turn|5
|
|t:|1743807880
|move|p2a: Hatterene|Healing Wish|p2a: Hatterene
|faint|p2a: Hatterene
|move|p1a: Entei|Sacred Fire|p2: Hatterene|[notarget]
|-fail|p1a: Entei
|
|upkeep
|
|t:|1743807883
|switch|p2a: Torkoal|Torkoal, F|100/100
|-weather|SunnyDay|[from] ability: Drought|[of] p2a: Torkoal
|turn|6
|
|t:|1743807888
|switch|p1a: Primarina|Primarina, M|100/100
|-terastallize|p2a: Torkoal|Fire
|move|p2a: Torkoal|Eruption|p1a: Primarina
|-resisted|p1a: Primarina
|-damage|p1a: Primarina|45/100
|
|-weather|SunnyDay|[upkeep]
|upkeep
|turn|7
|inactive|mabdabbablab has 120 seconds left.
|
|t:|1743807927
|move|p2a: Torkoal|Eruption|p1a: Primarina
|-resisted|p1a: Primarina
|-crit|p1a: Primarina
|-damage|p1a: Primarina|0 fnt
|faint|p1a: Primarina
|
|-weather|SunnyDay|[upkeep]
|upkeep
|
|t:|1743807934
|switch|p1a: Entei|Entei|100/100
|turn|8
|
|t:|1743807942
|-terastallize|p1a: Entei|Normal
|move|p1a: Entei|Extreme Speed|p2a: Torkoal
|-damage|p2a: Torkoal|56/100
|move|p2a: Torkoal|Eruption|p1a: Entei
|-damage|p1a: Entei|0 fnt
|faint|p1a: Entei
|
|-weather|SunnyDay|[upkeep]
|-fieldend|move: Trick Room
|upkeep
|inactive|mabdabbablab has 120 seconds left.
|
|t:|1743807964
|switch|p1a: Dragapult|Dragapult, M|100/100
|turn|9
|
|t:|1743807988
|switch|p2a: Klefki|Klefki, F|100/100
|move|p1a: Dragapult|Dragon Darts|p2a: Klefki
|-immune|p2a: Klefki
|
|-weather|SunnyDay|[upkeep]
|upkeep
|turn|10
|inactive|mabdabbablab has 120 seconds left.
|
|t:|1743807994
|switch|p1a: Gliscor|Gliscor, F|60/100 tox
|move|p2a: Klefki|Trick Room|p2a: Klefki
|-fieldstart|move: Trick Room|[of] p2a: Klefki
|
|-weather|none
|-heal|p1a: Gliscor|73/100 tox|[from] ability: Poison Heal
|upkeep
|turn|11
|inactive|mabdabbablab has 120 seconds left.
|
|t:|1743808019
|move|p2a: Klefki|Calm Mind|p2a: Klefki
|-boost|p2a: Klefki|spa|1
|-boost|p2a: Klefki|spd|1
|move|p1a: Gliscor|Facade|p2a: Klefki
|-resisted|p2a: Klefki
|-damage|p2a: Klefki|84/100
|
|-heal|p1a: Gliscor|85/100 tox|[from] ability: Poison Heal
|upkeep
|turn|12
|
|t:|1743808036
|move|p2a: Klefki|Steel Beam|p1a: Gliscor
|-damage|p1a: Gliscor|0 fnt
|-damage|p2a: Klefki|34/100|[from] steelbeam
|faint|p1a: Gliscor
|
|upkeep
|
|t:|1743808047
|switch|p1a: Great Tusk|Great Tusk|100/100
|turn|13
|
|t:|1743808051
|-end|p1a: Great Tusk|Protosynthesis|[silent]
|switch|p1a: Corviknight|Corviknight, M|76/100
|-ability|p1a: Corviknight|Pressure
|move|p2a: Klefki|Steel Beam|p1a: Corviknight
|-resisted|p1a: Corviknight
|-damage|p1a: Corviknight|35/100
|-damage|p2a: Klefki|0 fnt|[from] steelbeam
|faint|p2a: Klefki
|
|upkeep
|
|t:|1743808053
|switch|p2a: Torkoal|Torkoal, F, tera:Fire|56/100
|-heal|p2a: Torkoal|100/100|[from] move: Healing Wish
|-weather|SunnyDay|[from] ability: Drought|[of] p2a: Torkoal
|turn|14
|inactive|mabdabbablab has 120 seconds left.
|inactive|mabdabbablab has 90 seconds left.
|
|t:|1743808115
|move|p2a: Torkoal|Weather Ball|p1a: Corviknight
|-supereffective|p1a: Corviknight
|-damage|p1a: Corviknight|0 fnt
|faint|p1a: Corviknight
|
|-weather|SunnyDay|[upkeep]
|-fieldend|move: Trick Room
|upkeep
|
|t:|1743808124
|switch|p1a: Dragapult|Dragapult, M|100/100
|turn|15
|
|t:|1743808152
|switch|p2a: Cresselia|Cresselia, F|100/100
|move|p1a: Dragapult|Dragon Darts|p2a: Cresselia
|-damage|p2a: Cresselia|84/100
|-anim|p1a: Dragapult|Dragon Darts|p2a: Cresselia
|-damage|p2a: Cresselia|69/100
|
|-weather|SunnyDay|[upkeep]
|upkeep
|turn|16
|
|t:|1743808166
|move|p1a: Dragapult|Will-O-Wisp|p2a: Cresselia
|-status|p2a: Cresselia|brn
|move|p2a: Cresselia|Trick Room|p2a: Cresselia
|-fieldstart|move: Trick Room|[of] p2a: Cresselia
|
|-weather|SunnyDay|[upkeep]
|-damage|p2a: Cresselia|62/100 brn|[from] brn
|upkeep
|turn|17
|
|t:|1743808177
|move|p2a: Cresselia|Moonblast|p1a: Dragapult
|-supereffective|p1a: Dragapult
|-crit|p1a: Dragapult
|-damage|p1a: Dragapult|18/100
|move|p1a: Dragapult|Hex|p2a: Cresselia
|-supereffective|p2a: Cresselia
|-damage|p2a: Cresselia|14/100 brn
|
|-weather|SunnyDay|[upkeep]
|-damage|p2a: Cresselia|8/100 brn|[from] brn
|upkeep
|turn|18
|inactive|ian_yo has 120 seconds left.
|
|t:|1743808221
|switch|p1a: Great Tusk|Great Tusk|100/100
|-activate|p1a: Great Tusk|ability: Protosynthesis
|-start|p1a: Great Tusk|protosynthesisatk
|move|p2a: Cresselia|Moonblast|p1a: Great Tusk
|-supereffective|p1a: Great Tusk
|-damage|p1a: Great Tusk|50/100
|-unboost|p1a: Great Tusk|spa|1
|
|-weather|none
|-end|p1a: Great Tusk|Protosynthesis
|-damage|p2a: Cresselia|2/100 brn|[from] brn
|upkeep
|turn|19
|
|t:|1743808236
|move|p2a: Cresselia|Moonblast|p1a: Great Tusk
|-supereffective|p1a: Great Tusk
|-damage|p1a: Great Tusk|0 fnt
|faint|p1a: Great Tusk
|-end|p1a: Great Tusk|Protosynthesis|[silent]
|
|-damage|p2a: Cresselia|0 fnt|[from] brn
|faint|p2a: Cresselia
|upkeep
|
|t:|1743808243
|switch|p2a: Toedscruel|Toedscruel, M|100/100
|switch|p1a: Dragapult|Dragapult, M|18/100
|turn|20
|
|t:|1743808250
|move|p2a: Toedscruel|Leaf Storm|p1a: Dragapult
|-resisted|p1a: Dragapult
|-damage|p1a: Dragapult|0 fnt
|-unboost|p2a: Toedscruel|spa|2
|-enditem|p2a: Toedscruel|Eject Pack
|faint|p1a: Dragapult
|
|win|ian_yo
|raw|mabdabbablab's rating: 1600 &rarr; <strong>1573</strong><br />(-27 for losing)
|raw|ian_yo's rating: 1479 &rarr; <strong>1506</strong><br />(+27 for winning)
|l|☆mabdabbablab
|player|p1|
