|j|☆dewottsoldier370
|j|☆sleepdeprevation
|t:|1743833815
|gametype|singles
|player|p1|dewottsoldier370|265|1471
|player|p2|sleepdeprevation|ruinmaniac|1476
|teamsize|p1|6
|teamsize|p2|6
|gen|9
|tier|[Gen 9] OU
|rated|
|rule|HP Percentage Mod: HP is shown in percentages
|rule|Endless Battle Clause: Forcing endless battles is banned
|rule|Species Clause: Limit one of each Pokémon
|rule|OHKO Clause: OHKO moves are banned
|rule|Evasion Items Clause: Evasion items are banned
|rule|Evasion Moves Clause: Evasion moves are banned
|rule|Sleep Moves Clause: Sleep-inducing moves are banned
|clearpoke
|poke|p1|Garganacl, F|
|poke|p1|Hippowdon, M|
|poke|p1|Excadrill, M|
|poke|p1|Slowking-Galar, M|
|poke|p1|Ogerpon-Wellspring, F|
|poke|p1|Zamazenta-*|
|poke|p2|Hydrapple, M|
|poke|p2|Excadrill, M|
|poke|p2|Hippowdon, F|
|poke|p2|Garganacl, M|
|poke|p2|Samurott-Hisui, F|
|poke|p2|Skeledirge, F|
|teampreview
|c|☆sleepdeprevation|oh shit
|c|☆sleepdeprevation|fellow enjoyer
|c|☆sleepdeprevation|glhf
|
|t:|1743833842
|start
|switch|p1a: Ogerpon|Ogerpon-Wellspring, F|100/100
|switch|p2a: Samurott|Samurott-Hisui, F|100/100
|turn|1
|
|t:|1743833847
|switch|p2a: Hydrapple|Hydrapple, M|100/100
|move|p1a: Ogerpon|Power Whip|p2a: Hydrapple
|-resisted|p2a: Hydrapple
|-damage|p2a: Hydrapple|91/100
|
|upkeep
|turn|2
|
|t:|1743833854
|switch|p1a: Slowking|Slowking-Galar, M|100/100
|move|p2a: Hydrapple|Nasty Plot|p2a: Hydrapple
|-boost|p2a: Hydrapple|spa|2
|
|upkeep
|turn|3
|
|t:|1743833863
|switch|p2a: Garganacl|Garganacl, M|100/100
|move|p1a: Slowking|Sludge Bomb|p2a: Garganacl
|-resisted|p2a: Garganacl
|-damage|p2a: Garganacl|87/100
|
|-heal|p2a: Garganacl|93/100|[from] item: Leftovers
|upkeep
|turn|4
|
|t:|1743833872
|switch|p1a: Ogerpon|Ogerpon-Wellspring, F|100/100
|move|p2a: Garganacl|Curse|p2a: Garganacl
|-unboost|p2a: Garganacl|spe|1
|-boost|p2a: Garganacl|atk|1
|-boost|p2a: Garganacl|def|1
|
|-heal|p2a: Garganacl|99/100|[from] item: Leftovers
|upkeep
|turn|5
|
|t:|1743833876
|-terastallize|p1a: Ogerpon|Water
|detailschange|p1a: Ogerpon|Ogerpon-Wellspring-Tera, F, tera:Water
|-ability|p1a: Ogerpon|Embody Aspect (Wellspring)|boost
|-boost|p1a: Ogerpon|spd|1
|move|p1a: Ogerpon|Ivy Cudgel|p2a: Garganacl|[anim] Ivy Cudgel Water
|-supereffective|p2a: Garganacl
|-damage|p2a: Garganacl|28/100
|move|p2a: Garganacl|Salt Cure|p1a: Ogerpon
|-damage|p1a: Ogerpon|75/100
|-start|p1a: Ogerpon|Salt Cure
|
|-heal|p2a: Garganacl|34/100|[from] item: Leftovers
|-damage|p1a: Ogerpon|50/100|[from] Salt Cure
|upkeep
|turn|6
|
|t:|1743833886
|switch|p2a: Hydrapple|Hydrapple, M|100/100
|move|p1a: Ogerpon|Ivy Cudgel|p2a: Hydrapple|[anim] Ivy Cudgel Water
|-resisted|p2a: Hydrapple
|-damage|p2a: Hydrapple|88/100
|
|-damage|p1a: Ogerpon|25/100|[from] Salt Cure
|upkeep
|turn|7
|
|t:|1743833897
|switch|p1a: Slowking|Slowking-Galar, M|100/100
|move|p2a: Hydrapple|Fickle Beam|p1a: Slowking
|-damage|p1a: Slowking|84/100
|
|upkeep
|turn|8
|
|t:|1743833907
|switch|p2a: Garganacl|Garganacl, M|34/100
|move|p1a: Slowking|Ice Beam|p2a: Garganacl
|-damage|p2a: Garganacl|15/100
|
|-heal|p2a: Garganacl|21/100|[from] item: Leftovers
|upkeep
|turn|9
|inactive|Battle timer is ON: inactive players will automatically lose when time's up. (requested by dewottsoldier370)
|
|t:|1743833929
|switch|p1a: Zamazenta|Zamazenta|100/100
|-ability|p1a: Zamazenta|Dauntless Shield|boost
|-boost|p1a: Zamazenta|def|1
|move|p2a: Garganacl|Salt Cure|p1a: Zamazenta
|-resisted|p1a: Zamazenta
|-damage|p1a: Zamazenta|96/100
|-start|p1a: Zamazenta|Salt Cure
|
|-heal|p2a: Garganacl|27/100|[from] item: Leftovers
|-damage|p1a: Zamazenta|84/100|[from] Salt Cure
|upkeep
|turn|10
|
|t:|1743833936
|switch|p2a: Skeledirge|Skeledirge, F|100/100
|move|p1a: Zamazenta|Close Combat|p2a: Skeledirge
|-immune|p2a: Skeledirge
|
|-damage|p1a: Zamazenta|72/100|[from] Salt Cure
|upkeep
|turn|11
|
|t:|1743833945
|switch|p1a: Garganacl|Garganacl, F|100/100
|move|p2a: Skeledirge|Torch Song|p1a: Garganacl
|-resisted|p1a: Garganacl
|-damage|p1a: Garganacl|91/100
|-boost|p2a: Skeledirge|spa|1
|
|-heal|p1a: Garganacl|97/100|[from] item: Leftovers
|upkeep
|turn|12
|
|t:|1743833952
|switch|p2a: Hippowdon|Hippowdon, F|100/100
|-weather|Sandstorm|[from] ability: Sand Stream|[of] p2a: Hippowdon
|move|p1a: Garganacl|Salt Cure|p2a: Hippowdon
|-resisted|p2a: Hippowdon
|-damage|p2a: Hippowdon|96/100
|-start|p2a: Hippowdon|Salt Cure
|
|-weather|Sandstorm|[upkeep]
|-heal|p2a: Hippowdon|100/100|[from] item: Leftovers
|-heal|p1a: Garganacl|100/100|[from] item: Leftovers
|-damage|p2a: Hippowdon|88/100|[from] Salt Cure
|upkeep
|turn|13
|
|t:|1743833966
|move|p2a: Hippowdon|Stealth Rock|p1a: Garganacl
|-sidestart|p1: dewottsoldier370|move: Stealth Rock
|move|p1a: Garganacl|Curse|p1a: Garganacl
|-unboost|p1a: Garganacl|spe|1
|-boost|p1a: Garganacl|atk|1
|-boost|p1a: Garganacl|def|1
|
|-weather|Sandstorm|[upkeep]
|-heal|p2a: Hippowdon|94/100|[from] item: Leftovers
|-damage|p2a: Hippowdon|82/100|[from] Salt Cure
|upkeep
|turn|14
|
|t:|1743833969
|move|p1a: Garganacl|Curse|p1a: Garganacl
|-unboost|p1a: Garganacl|spe|1
|-boost|p1a: Garganacl|atk|1
|-boost|p1a: Garganacl|def|1
|move|p2a: Hippowdon|Whirlwind|p1a: Garganacl
|drag|p1a: Zamazenta|Zamazenta|72/100
|
|-weather|Sandstorm|[upkeep]
|-damage|p1a: Zamazenta|65/100|[from] Sandstorm
|-heal|p2a: Hippowdon|88/100|[from] item: Leftovers
|-damage|p2a: Hippowdon|76/100|[from] Salt Cure
|upkeep
|turn|15
|
|t:|1743833978
|switch|p2a: Skeledirge|Skeledirge, F|100/100
|move|p1a: Zamazenta|Close Combat|p2a: Skeledirge
|-immune|p2a: Skeledirge
|
|-weather|Sandstorm|[upkeep]
|-damage|p1a: Zamazenta|59/100|[from] Sandstorm
|-damage|p2a: Skeledirge|94/100|[from] Sandstorm
|upkeep
|turn|16
|
|t:|1743833983
|switch|p1a: Garganacl|Garganacl, F|100/100
|-damage|p1a: Garganacl|88/100|[from] Stealth Rock
|switch|p2a: Hydrapple|Hydrapple, M|100/100
|
|-weather|none
|-heal|p1a: Garganacl|94/100|[from] item: Leftovers
|upkeep
|turn|17
|
|t:|1743833989
|move|p2a: Hydrapple|Nasty Plot|p2a: Hydrapple
|-boost|p2a: Hydrapple|spa|2
|move|p1a: Garganacl|Salt Cure|p2a: Hydrapple
|-damage|p2a: Hydrapple|93/100
|-start|p2a: Hydrapple|Salt Cure
|
|-heal|p1a: Garganacl|100/100|[from] item: Leftovers
|-damage|p2a: Hydrapple|80/100|[from] Salt Cure
|upkeep
|turn|18
|
|t:|1743833993
|switch|p1a: Slowking|Slowking-Galar, M|100/100
|-damage|p1a: Slowking|88/100|[from] Stealth Rock
|move|p2a: Hydrapple|Fickle Beam|p1a: Slowking
|-damage|p1a: Slowking|56/100
|
|-damage|p2a: Hydrapple|68/100|[from] Salt Cure
|upkeep
|turn|19
|
|t:|1743834002
|switch|p2a: Hippowdon|Hippowdon, F|76/100
|-weather|Sandstorm|[from] ability: Sand Stream|[of] p2a: Hippowdon
|move|p1a: Slowking|Ice Beam|p2a: Hippowdon
|-supereffective|p2a: Hippowdon
|-damage|p2a: Hippowdon|32/100
|-status|p2a: Hippowdon|frz
|
|-weather|Sandstorm|[upkeep]
|-damage|p1a: Slowking|50/100|[from] Sandstorm
|-heal|p2a: Hippowdon|38/100 frz|[from] item: Leftovers
|upkeep
|turn|20
|
|t:|1743834010
|switch|p2a: Garganacl|Garganacl, M|27/100
|move|p1a: Slowking|Ice Beam|p2a: Garganacl
|-damage|p2a: Garganacl|15/100
|
|-weather|Sandstorm|[upkeep]
|-damage|p1a: Slowking|44/100|[from] Sandstorm
|-heal|p2a: Garganacl|21/100|[from] item: Leftovers
|upkeep
|turn|21
|
|t:|1743834015
|move|p2a: Garganacl|Recover|p2a: Garganacl
|-heal|p2a: Garganacl|71/100
|move|p1a: Slowking|Psyshock|p2a: Garganacl
|-damage|p2a: Garganacl|48/100
|
|-weather|Sandstorm|[upkeep]
|-damage|p1a: Slowking|38/100|[from] Sandstorm
|-heal|p2a: Garganacl|54/100|[from] item: Leftovers
|upkeep
|turn|22
|
|t:|1743834020
|switch|p1a: Garganacl|Garganacl, F|100/100
|-damage|p1a: Garganacl|88/100|[from] Stealth Rock
|move|p2a: Garganacl|Recover|p2a: Garganacl
|-heal|p2a: Garganacl|100/100
|
|-weather|Sandstorm|[upkeep]
|-heal|p1a: Garganacl|94/100|[from] item: Leftovers
|upkeep
|turn|23
|
|t:|1743834030
|move|p2a: Garganacl|Curse|p2a: Garganacl
|-unboost|p2a: Garganacl|spe|1
|-boost|p2a: Garganacl|atk|1
|-boost|p2a: Garganacl|def|1
|move|p1a: Garganacl|Salt Cure|p2a: Garganacl
|-damage|p2a: Garganacl|94/100
|-start|p2a: Garganacl|Salt Cure
|
|-weather|none
|-heal|p1a: Garganacl|100/100|[from] item: Leftovers
|-heal|p2a: Garganacl|99/100|[from] item: Leftovers
|-damage|p2a: Garganacl|88/100|[from] Salt Cure
|upkeep
|turn|24
|
|t:|1743834033
|move|p1a: Garganacl|Curse|p1a: Garganacl
|-unboost|p1a: Garganacl|spe|1
|-boost|p1a: Garganacl|atk|1
|-boost|p1a: Garganacl|def|1
|move|p2a: Garganacl|Salt Cure|p1a: Garganacl
|-damage|p1a: Garganacl|91/100
|-start|p1a: Garganacl|Salt Cure
|
|-heal|p1a: Garganacl|97/100|[from] item: Leftovers
|-heal|p2a: Garganacl|94/100|[from] item: Leftovers
|-damage|p2a: Garganacl|81/100|[from] Salt Cure
|-damage|p1a: Garganacl|85/100|[from] Salt Cure
|upkeep
|turn|25
|
|t:|1743834040
|move|p2a: Garganacl|Curse|p2a: Garganacl
|-unboost|p2a: Garganacl|spe|1
|-boost|p2a: Garganacl|atk|1
|-boost|p2a: Garganacl|def|1
|move|p1a: Garganacl|Curse|p1a: Garganacl
|-unboost|p1a: Garganacl|spe|1
|-boost|p1a: Garganacl|atk|1
|-boost|p1a: Garganacl|def|1
|
|-heal|p1a: Garganacl|91/100|[from] item: Leftovers
|-heal|p2a: Garganacl|88/100|[from] item: Leftovers
|-damage|p2a: Garganacl|75/100|[from] Salt Cure
|-damage|p1a: Garganacl|78/100|[from] Salt Cure
|upkeep
|turn|26
|
|t:|1743834046
|switch|p2a: Hydrapple|Hydrapple, M|100/100
|move|p1a: Garganacl|Curse|p1a: Garganacl
|-unboost|p1a: Garganacl|spe|1
|-boost|p1a: Garganacl|atk|1
|-boost|p1a: Garganacl|def|1
|
|-heal|p1a: Garganacl|85/100|[from] item: Leftovers
|-damage|p1a: Garganacl|72/100|[from] Salt Cure
|upkeep
|turn|27
|
|t:|1743834059
|switch|p1a: Slowking|Slowking-Galar, M|71/100
|-damage|p1a: Slowking|58/100|[from] Stealth Rock
|move|p2a: Hydrapple|Nasty Plot|p2a: Hydrapple
|-boost|p2a: Hydrapple|spa|2
|
|upkeep
|turn|28
|
|t:|1743834070
|-terastallize|p2a: Hydrapple|Steel
|move|p2a: Hydrapple|Nasty Plot|p2a: Hydrapple
|-boost|p2a: Hydrapple|spa|2
|move|p1a: Slowking|Ice Beam|p2a: Hydrapple
|-resisted|p2a: Hydrapple
|-damage|p2a: Hydrapple|86/100
|
|upkeep
|turn|29
|
|t:|1743834094
|switch|p1a: Ogerpon|Ogerpon-Wellspring-Tera, F, tera:Water|25/100
|-damage|p1a: Ogerpon|13/100|[from] Stealth Rock
|-ability|p1a: Ogerpon|Embody Aspect (Wellspring)|boost
|-boost|p1a: Ogerpon|spd|1
|move|p2a: Hydrapple|Fickle Beam|p1a: Ogerpon
|-damage|p1a: Ogerpon|0 fnt
|faint|p1a: Ogerpon
|
|upkeep
|
|t:|1743834097
|switch|p1a: Zamazenta|Zamazenta|59/100
|turn|30
|
|t:|1743834103
|switch|p2a: Skeledirge|Skeledirge, F|94/100
|move|p1a: Zamazenta|Close Combat|p2a: Skeledirge
|-immune|p2a: Skeledirge
|
|upkeep
|turn|31
|
|t:|1743834108
|switch|p2a: Samurott|Samurott-Hisui, F|100/100
|move|p1a: Zamazenta|Crunch|p2a: Samurott
|-resisted|p2a: Samurott
|-damage|p2a: Samurott|85/100
|
|upkeep
|turn|32
|
|t:|1743834114
|switch|p2a: Skeledirge|Skeledirge, F|94/100
|move|p1a: Zamazenta|Close Combat|p2a: Skeledirge
|-immune|p2a: Skeledirge
|
|upkeep
|turn|33
|
|t:|1743834119
|switch|p1a: Slowking|Slowking-Galar, M|92/100
|-damage|p1a: Slowking|79/100|[from] Stealth Rock
|move|p2a: Skeledirge|Torch Song|p1a: Slowking
|-damage|p1a: Slowking|65/100
|-boost|p2a: Skeledirge|spa|1
|
|upkeep
|turn|34
|
|t:|1743834126
|switch|p1a: Zamazenta|Zamazenta|59/100
|move|p2a: Skeledirge|Will-O-Wisp|p1a: Zamazenta
|-status|p1a: Zamazenta|brn
|
|-damage|p1a: Zamazenta|53/100 brn|[from] brn
|upkeep
|turn|35
|
|t:|1743834129
|move|p2a: Skeledirge|Torch Song|p1a: Zamazenta
|-damage|p1a: Zamazenta|8/100 brn
|-boost|p2a: Skeledirge|spa|1
|move|p1a: Zamazenta|Roar|p2a: Skeledirge
|drag|p2a: Hippowdon|Hippowdon, F|38/100 frz
|-weather|Sandstorm|[from] ability: Sand Stream|[of] p2a: Hippowdon
|
|-weather|Sandstorm|[upkeep]
|-damage|p1a: Zamazenta|2/100 brn|[from] Sandstorm
|-heal|p2a: Hippowdon|44/100 frz|[from] item: Leftovers
|-damage|p1a: Zamazenta|0 fnt|[from] brn
|faint|p1a: Zamazenta
|upkeep
|
|t:|1743834140
|switch|p1a: Hippowdon|Hippowdon, M|100/100
|-damage|p1a: Hippowdon|94/100|[from] Stealth Rock
|turn|36
|
|t:|1743834143
|switch|p1a: Excadrill|Excadrill, M|100/100
|-damage|p1a: Excadrill|97/100|[from] Stealth Rock
|-item|p1a: Excadrill|Air Balloon
|switch|p2a: Excadrill|Excadrill, M|100/100
|-item|p2a: Excadrill|Air Balloon
|
|-weather|Sandstorm|[upkeep]
|upkeep
|turn|37
|
|t:|1743834149
|switch|p2a: Skeledirge|Skeledirge, F|94/100
|move|p1a: Excadrill|Swords Dance|p1a: Excadrill
|-boost|p1a: Excadrill|atk|2
|
|-weather|Sandstorm|[upkeep]
|-damage|p2a: Skeledirge|88/100|[from] Sandstorm
|upkeep
|turn|38
|
|t:|1743834157
|move|p1a: Excadrill|Earthquake|p2a: Skeledirge
|-supereffective|p2a: Skeledirge
|-damage|p2a: Skeledirge|28/100
|move|p2a: Skeledirge|Will-O-Wisp|p1a: Excadrill
|-status|p1a: Excadrill|brn
|
|-weather|Sandstorm|[upkeep]
|-damage|p2a: Skeledirge|22/100|[from] Sandstorm
|-damage|p1a: Excadrill|91/100 brn|[from] brn
|upkeep
|turn|39
|
|t:|1743834167
|switch|p2a: Excadrill|Excadrill, M|100/100
|-item|p2a: Excadrill|Air Balloon
|move|p1a: Excadrill|Earthquake|p2a: Excadrill
|-immune|p2a: Excadrill
|
|-weather|none
|-damage|p1a: Excadrill|85/100 brn|[from] brn
|upkeep
|turn|40
|
|t:|1743834173
|move|p2a: Excadrill|Rapid Spin|p1a: Excadrill
|-resisted|p1a: Excadrill
|-damage|p1a: Excadrill|72/100 brn
|-boost|p2a: Excadrill|spe|1
|-enditem|p1a: Excadrill|Air Balloon
|move|p1a: Excadrill|Iron Head|p2a: Excadrill
|-resisted|p2a: Excadrill
|-damage|p2a: Excadrill|72/100
|-enditem|p2a: Excadrill|Air Balloon
|
|-damage|p1a: Excadrill|66/100 brn|[from] brn
|upkeep
|turn|41
|
|t:|1743834177
|switch|p1a: Hippowdon|Hippowdon, M|94/100
|-damage|p1a: Hippowdon|88/100|[from] Stealth Rock
|-weather|Sandstorm|[from] ability: Sand Stream|[of] p1a: Hippowdon
|move|p2a: Excadrill|Earthquake|p1a: Hippowdon
|-damage|p1a: Hippowdon|61/100
|
|-weather|Sandstorm|[upkeep]
|upkeep
|turn|42
|
|t:|1743834182
|switch|p2a: Samurott|Samurott-Hisui, F|85/100
|move|p1a: Hippowdon|Earthquake|p2a: Samurott
|-damage|p2a: Samurott|37/100
|
|-weather|Sandstorm|[upkeep]
|-damage|p2a: Samurott|31/100|[from] Sandstorm
|upkeep
|turn|43
|
|t:|1743834188
|move|p2a: Samurott|Razor Shell|p1a: Hippowdon
|-supereffective|p1a: Hippowdon
|-damage|p1a: Hippowdon|0 fnt
|faint|p1a: Hippowdon
|
|-weather|Sandstorm|[upkeep]
|-damage|p2a: Samurott|25/100|[from] Sandstorm
|upkeep
|
|t:|1743834192
|switch|p1a: Excadrill|Excadrill, M|66/100 brn
|-damage|p1a: Excadrill|63/100 brn|[from] Stealth Rock
|turn|44
|
|t:|1743834195
|move|p2a: Samurott|Aqua Jet|p1a: Excadrill
|-supereffective|p1a: Excadrill
|-damage|p1a: Excadrill|5/100 brn
|move|p1a: Excadrill|Earthquake|p2a: Samurott
|-damage|p2a: Samurott|0 fnt
|faint|p2a: Samurott
|
|-weather|Sandstorm|[upkeep]
|-damage|p1a: Excadrill|0 fnt|[from] brn
|faint|p1a: Excadrill
|upkeep
|
|t:|1743834199
|switch|p1a: Garganacl|Garganacl, F|72/100
|switch|p2a: Excadrill|Excadrill, M|72/100
|-damage|p1a: Garganacl|60/100|[from] Stealth Rock
|turn|45
|
|t:|1743834203
|move|p2a: Excadrill|Swords Dance|p2a: Excadrill
|-boost|p2a: Excadrill|atk|2
|move|p1a: Garganacl|Curse|p1a: Garganacl
|-unboost|p1a: Garganacl|spe|1
|-boost|p1a: Garganacl|atk|1
|-boost|p1a: Garganacl|def|1
|
|-weather|Sandstorm|[upkeep]
|-heal|p1a: Garganacl|66/100|[from] item: Leftovers
|upkeep
|turn|46
|
|t:|1743834210
|move|p2a: Excadrill|Earthquake|p1a: Garganacl
|-supereffective|p1a: Garganacl
|-damage|p1a: Garganacl|0 fnt
|faint|p1a: Garganacl
|
|-weather|Sandstorm|[upkeep]
|upkeep
|-message|dewottsoldier370 forfeited.
|
|win|sleepdeprevation
|raw|dewottsoldier370's rating: 1449 &rarr; <strong>1431</strong><br />(-18 for losing)
|raw|sleepdeprevation's rating: 1476 &rarr; <strong>1494</strong><br />(+18 for winning)
|l|☆sleepdeprevation
|player|p2|
|l|☆dewottsoldier370
|player|p1|
