|j|☆Don Montoya Parera
|j|☆AbyssalWerksHATER
|t:|1743862063
|gametype|singles
|player|p1|Don Montoya Parera|rosa|1297
|player|p2|AbyssalWerksHATER|giovanni|1268
|teamsize|p1|6
|teamsize|p2|6
|gen|9
|tier|[Gen 9] OU
|rated|
|rule|HP Percentage Mod: HP is shown in percentages
|rule|Endless Battle Clause: Forcing endless battles is banned
|rule|Species Clause: Limit one of each Pokémon
|rule|OHKO Clause: OHKO moves are banned
|rule|Evasion Items Clause: Evasion items are banned
|rule|Evasion Moves Clause: Evasion moves are banned
|rule|Sleep Moves Clause: Sleep-inducing moves are banned
|clearpoke
|poke|p1|Dragapult, M|
|poke|p1|Great Tusk|
|poke|p1|Ogerpon-Wellspring, F|
|poke|p1|Kingambit, F|
|poke|p1|Iron Moth|
|poke|p1|Dragonite, M|
|poke|p2|Azelf|
|poke|p2|Iron Valiant|
|poke|p2|Glimmora, F|
|poke|p2|Great Tusk|
|poke|p2|Kingambit, M|
|poke|p2|Iron Moth|
|teampreview
|inactive|Battle timer is ON: inactive players will automatically lose when time's up. (requested by AbyssalWerksHATER)
|
|t:|1743862086
|start
|switch|p1a: Dragapult|Dragapult, M|100/100
|switch|p2a: My Main Goal...|Azelf|100/100
|turn|1
|
|t:|1743862091
|move|p1a: Dragapult|U-turn|p2a: My Main Goal...
|-supereffective|p2a: My Main Goal...
|-enditem|p2a: My Main Goal...|Focus Sash
|-damage|p2a: My Main Goal...|1/100
|
|t:|1743862106
|switch|p1a: Ogerpon|Ogerpon-Wellspring, F|100/100|[from] U-turn
|move|p2a: My Main Goal...|Stealth Rock|p1a: Ogerpon
|-sidestart|p1: Don Montoya Parera|move: Stealth Rock
|
|upkeep
|turn|2
|
|t:|1743862113
|move|p2a: My Main Goal...|Taunt|p1a: Ogerpon
|-start|p1a: Ogerpon|move: Taunt
|cant|p1a: Ogerpon|move: Taunt|Swords Dance
|
|upkeep
|turn|3
|
|t:|1743862118
|move|p2a: My Main Goal...|Explosion|p1a: Ogerpon
|-damage|p1a: Ogerpon|0 fnt
|faint|p2a: My Main Goal...
|faint|p1a: Ogerpon
|
|upkeep
|
|t:|1743862130
|switch|p2a: Keep on dancing|Iron Moth|100/100
|switch|p1a: Great Tusk|Great Tusk|100/100
|-enditem|p2a: Keep on dancing|Booster Energy
|-activate|p2a: Keep on dancing|ability: Quark Drive|[fromitem]
|-start|p2a: Keep on dancing|quarkdrivespa
|turn|4
|
|t:|1743862146
|-end|p2a: Keep on dancing|Quark Drive|[silent]
|switch|p2a: Great Tusk|Great Tusk|100/100
|-enditem|p2a: Great Tusk|Booster Energy
|-activate|p2a: Great Tusk|ability: Protosynthesis|[fromitem]
|-start|p2a: Great Tusk|protosynthesisdef
|move|p1a: Great Tusk|Headlong Rush|p2a: Great Tusk
|-damage|p2a: Great Tusk|76/100
|-unboost|p1a: Great Tusk|def|1
|-unboost|p1a: Great Tusk|spd|1
|
|upkeep
|turn|5
|
|t:|1743862150
|move|p1a: Great Tusk|Rapid Spin|p2a: Great Tusk
|-damage|p2a: Great Tusk|70/100
|-boost|p1a: Great Tusk|spe|1
|-sideend|p1: Don Montoya Parera|Stealth Rock|[from] move: Rapid Spin|[of] p1a: Great Tusk
|move|p2a: Great Tusk|Rapid Spin|p1a: Great Tusk
|-damage|p1a: Great Tusk|85/100
|-boost|p2a: Great Tusk|spe|1
|
|upkeep
|turn|6
|
|t:|1743862167
|move|p1a: Great Tusk|Ice Spinner|p2a: Great Tusk
|-supereffective|p2a: Great Tusk
|-damage|p2a: Great Tusk|48/100
|move|p2a: Great Tusk|Knock Off|p1a: Great Tusk
|-resisted|p1a: Great Tusk
|-damage|p1a: Great Tusk|69/100
|-enditem|p1a: Great Tusk|Heavy-Duty Boots|[from] move: Knock Off|[of] p2a: Great Tusk
|
|upkeep
|turn|7
|
|t:|1743862173
|move|p1a: Great Tusk|Headlong Rush|p2a: Great Tusk
|-damage|p2a: Great Tusk|27/100
|-unboost|p1a: Great Tusk|def|1
|-unboost|p1a: Great Tusk|spd|1
|move|p2a: Great Tusk|Stealth Rock|p1a: Great Tusk
|-sidestart|p1: Don Montoya Parera|move: Stealth Rock
|
|upkeep
|turn|8
|
|t:|1743862181
|move|p1a: Great Tusk|Rapid Spin|p2a: Great Tusk
|-damage|p2a: Great Tusk|21/100
|-boost|p1a: Great Tusk|spe|1
|-sideend|p1: Don Montoya Parera|Stealth Rock|[from] move: Rapid Spin|[of] p1a: Great Tusk
|move|p2a: Great Tusk|Body Press|p1a: Great Tusk
|-crit|p1a: Great Tusk
|-damage|p1a: Great Tusk|0 fnt
|faint|p1a: Great Tusk
|-end|p1a: Great Tusk|Protosynthesis|[silent]
|
|upkeep
|
|t:|1743862190
|switch|p1a: Iron Moth|Iron Moth|100/100
|-enditem|p1a: Iron Moth|Booster Energy
|-activate|p1a: Iron Moth|ability: Quark Drive|[fromitem]
|-start|p1a: Iron Moth|quarkdrivespe
|turn|9
|
|t:|1743862202
|-terastallize|p1a: Iron Moth|Fairy
|move|p1a: Iron Moth|Fiery Dance|p2a: Great Tusk
|-damage|p2a: Great Tusk|0 fnt
|faint|p2a: Great Tusk
|-end|p2a: Great Tusk|Protosynthesis|[silent]
|
|upkeep
|
|t:|1743862209
|switch|p2a: 87 hazards|Glimmora, F|100/100
|turn|10
|
|t:|1743862224
|move|p1a: Iron Moth|Fiery Dance|p2a: 87 hazards
|-resisted|p2a: 87 hazards
|-damage|p2a: 87 hazards|75/100
|move|p2a: 87 hazards|Sludge Wave|p1a: Iron Moth
|-supereffective|p1a: Iron Moth
|-damage|p1a: Iron Moth|2/100
|
|upkeep
|turn|11
|
|t:|1743862243
|move|p1a: Iron Moth|Energy Ball|p2a: 87 hazards
|-damage|p2a: 87 hazards|34/100
|move|p2a: 87 hazards|Mortal Spin|p1a: Iron Moth
|-supereffective|p1a: Iron Moth
|-damage|p1a: Iron Moth|0 fnt
|faint|p1a: Iron Moth
|-end|p1a: Iron Moth|Quark Drive|[silent]
|
|upkeep
|inactive|Don Montoya Parera has 120 seconds left.
|
|t:|1743862259
|switch|p1a: Dragapult|Dragapult, M|100/100
|turn|12
|
|t:|1743862267
|move|p1a: Dragapult|Psychic Fangs|p2a: 87 hazards
|-supereffective|p2a: 87 hazards
|-damage|p2a: 87 hazards|0 fnt
|-activate|p2a: 87 hazards|ability: Toxic Debris
|-sidestart|p1: Don Montoya Parera|move: Toxic Spikes
|faint|p2a: 87 hazards
|
|upkeep
|
|t:|1743862276
|switch|p2a: 87 different sets|Iron Valiant|100/100
|-enditem|p2a: 87 different sets|Booster Energy
|-activate|p2a: 87 different sets|ability: Quark Drive|[fromitem]
|-start|p2a: 87 different sets|quarkdrivespe
|turn|13
|
|t:|1743862282
|move|p2a: 87 different sets|Moonblast|p1a: Dragapult
|-supereffective|p1a: Dragapult
|-damage|p1a: Dragapult|0 fnt
|faint|p1a: Dragapult
|
|upkeep
|
|t:|1743862291
|switch|p1a: Dragonite|Dragonite, M|100/100
|turn|14
|
|t:|1743862307
|move|p2a: 87 different sets|Moonblast|p1a: Dragonite
|-supereffective|p1a: Dragonite
|-damage|p1a: Dragonite|53/100
|-unboost|p1a: Dragonite|spa|1
|move|p1a: Dragonite|Dragon Dance|p1a: Dragonite
|-boost|p1a: Dragonite|atk|1
|-boost|p1a: Dragonite|spe|1
|
|upkeep
|turn|15
|
|t:|1743862311
|move|p1a: Dragonite|Extreme Speed|p2a: 87 different sets
|-damage|p2a: 87 different sets|45/100
|move|p2a: 87 different sets|Moonblast|p1a: Dragonite
|-supereffective|p1a: Dragonite
|-damage|p1a: Dragonite|0 fnt
|faint|p1a: Dragonite
|
|upkeep
|
|t:|1743862314
|switch|p1a: Kingambit|Kingambit, F|100/100
|-activate|p1a: Kingambit|ability: Supreme Overlord
|-start|p1a: Kingambit|fallen5|[silent]
|turn|16
|
|t:|1743862320
|move|p2a: 87 different sets|Vacuum Wave|p1a: Kingambit
|-supereffective|p1a: Kingambit
|-damage|p1a: Kingambit|20/100
|move|p1a: Kingambit|Iron Head|p2a: 87 different sets
|-supereffective|p2a: 87 different sets
|-damage|p2a: 87 different sets|0 fnt
|faint|p2a: 87 different sets
|-end|p2a: 87 different sets|Quark Drive|[silent]
|
|-heal|p1a: Kingambit|26/100|[from] item: Leftovers
|upkeep
|
|t:|1743862323
|switch|p2a: Keep on dancing|Iron Moth|100/100
|turn|17
|
|t:|1743862327
|move|p1a: Kingambit|Sucker Punch|p2a: Keep on dancing
|-damage|p2a: Keep on dancing|0 fnt
|faint|p2a: Keep on dancing
|-end|p2a: Keep on dancing|Quark Drive|[silent]
|
|-heal|p1a: Kingambit|33/100|[from] item: Leftovers
|upkeep
|
|t:|1743862332
|switch|p2a: Its balanced trust|Kingambit, M|100/100
|-activate|p2a: Its balanced trust|ability: Supreme Overlord
|-start|p2a: Its balanced trust|fallen5|[silent]
|turn|18
|
|t:|1743862344
|move|p2a: Its balanced trust|Kowtow Cleave|p1a: Kingambit
|-resisted|p1a: Kingambit
|-damage|p1a: Kingambit|4/100
|move|p1a: Kingambit|Iron Head|p2a: Its balanced trust
|-resisted|p2a: Its balanced trust
|-damage|p2a: Its balanced trust|74/100
|
|-heal|p1a: Kingambit|11/100|[from] item: Leftovers
|upkeep
|turn|19
|
|t:|1743862348
|move|p1a: Kingambit|Sucker Punch|p2a: Its balanced trust
|-resisted|p2a: Its balanced trust
|-damage|p2a: Its balanced trust|53/100
|move|p2a: Its balanced trust|Kowtow Cleave|p1a: Kingambit
|-resisted|p1a: Kingambit
|-damage|p1a: Kingambit|0 fnt
|faint|p1a: Kingambit
|-end|p1a: Kingambit|fallen5|[silent]
|
|win|AbyssalWerksHATER
|raw|Don Montoya Parera's rating: 1297 &rarr; <strong>1270</strong><br />(-27 for losing)
|raw|AbyssalWerksHATER's rating: 1268 &rarr; <strong>1295</strong><br />(+27 for winning)
|l|☆AbyssalWerksHATER
|player|p2|
|l|☆Don Montoya Parera
|player|p1|
