|j|☆Yhvh777
|j|☆war4729
|t:|1743841736
|gametype|singles
|player|p1|Yhvh777|red|1134
|player|p2|war4729|ethan|1120
|teamsize|p1|6
|teamsize|p2|6
|gen|9
|tier|[Gen 9] OU
|rated|
|rule|HP Percentage Mod: HP is shown in percentages
|rule|Endless Battle Clause: Forcing endless battles is banned
|rule|Species Clause: Limit one of each Pokémon
|rule|OHKO Clause: OHKO moves are banned
|rule|Evasion Items Clause: Evasion items are banned
|rule|Evasion Moves Clause: Evasion moves are banned
|rule|Sleep Moves Clause: Sleep-inducing moves are banned
|clearpoke
|poke|p1|Zapdos-Galar|
|poke|p1|Spiritomb, M|
|poke|p1|Regirock|
|poke|p1|Gholdengo|
|poke|p1|Gliscor, M|
|poke|p1|Meowscarada, M|
|poke|p2|Charizard, M|
|poke|p2|Meganium, F|
|poke|p2|Swampert, M|
|poke|p2|Empoleon, M|
|poke|p2|Serperior, F|
|poke|p2|Delphox, M|
|teampreview
|inactive|Battle timer is ON: inactive players will automatically lose when time's up. (requested by war4729)
|
|t:|1743841770
|start
|switch|p1a: Regirock|Regirock|100/100
|switch|p2a: Meganium|Meganium, F|100/100
|turn|1
|
|t:|1743841780
|-terastallize|p1a: Regirock|Fighting
|move|p2a: Meganium|Leech Seed|p1a: Regirock
|-start|p1a: Regirock|move: Leech Seed
|move|p1a: Regirock|Ice Punch|p2a: Meganium
|-supereffective|p2a: Meganium
|-damage|p2a: Meganium|59/100
|-damage|p1a: Regirock|84/100|[from] item: Rocky Helmet|[of] p2a: Meganium
|
|-damage|p1a: Regirock|72/100|[from] Leech Seed|[of] p2a: Meganium
|-heal|p2a: Meganium|69/100|[silent]
|upkeep
|turn|2
|
|t:|1743841800
|move|p2a: Meganium|Synthesis|p2a: Meganium
|-heal|p2a: Meganium|100/100
|move|p1a: Regirock|Body Press|p2a: Meganium
|-damage|p2a: Meganium|50/100
|-damage|p1a: Regirock|55/100|[from] item: Rocky Helmet|[of] p2a: Meganium
|
|-damage|p1a: Regirock|43/100|[from] Leech Seed|[of] p2a: Meganium
|-heal|p2a: Meganium|60/100|[silent]
|upkeep
|turn|3
|
|t:|1743841812
|switch|p1a: Gholdengo|Gholdengo|100/100
|move|p2a: Meganium|Synthesis|p2a: Meganium
|-heal|p2a: Meganium|100/100
|
|upkeep
|turn|4
|
|t:|1743841820
|move|p1a: Gholdengo|Nasty Plot|p1a: Gholdengo
|-boost|p1a: Gholdengo|spa|2
|move|p2a: Meganium|Leech Seed|p1a: Gholdengo
|-immune|p1a: Gholdengo|[from] ability: Good as Gold
|
|upkeep
|turn|5
|
|t:|1743841828
|move|p1a: Gholdengo|Nasty Plot|p1a: Gholdengo
|-boost|p1a: Gholdengo|spa|2
|move|p2a: Meganium|Ancient Power|p1a: Gholdengo
|-resisted|p1a: Gholdengo
|-damage|p1a: Gholdengo|92/100
|
|-heal|p1a: Gholdengo|98/100|[from] item: Leftovers
|upkeep
|turn|6
|
|t:|1743841837
|move|p1a: Gholdengo|Nasty Plot|p1a: Gholdengo
|-boost|p1a: Gholdengo|spa|2
|move|p2a: Meganium|Ancient Power|p1a: Gholdengo
|-resisted|p1a: Gholdengo
|-damage|p1a: Gholdengo|90/100
|
|-heal|p1a: Gholdengo|96/100|[from] item: Leftovers
|upkeep
|turn|7
|
|t:|1743841847
|switch|p2a: Swampert|Swampert, M, shiny|100/100
|move|p1a: Gholdengo|Nasty Plot|p1a: Gholdengo
|-boost|p1a: Gholdengo|spa|0
|
|-heal|p1a: Gholdengo|100/100|[from] item: Leftovers
|upkeep
|turn|8
|
|t:|1743841858
|move|p1a: Gholdengo|Shadow Ball|p2a: Swampert
|-damage|p2a: Swampert|0 fnt
|faint|p2a: Swampert
|
|upkeep
|inactive|war4729 has 120 seconds left.
|
|t:|1743841892
|switch|p2a: Delphox|Delphox, M, shiny|100/100
|turn|9
|
|t:|1743841897
|move|p2a: Delphox|Fire Blast|p1a: Gholdengo
|-supereffective|p1a: Gholdengo
|-damage|p1a: Gholdengo|0 fnt
|faint|p1a: Gholdengo
|
|upkeep
|
|t:|1743841907
|switch|p1a: Gliscor|Gliscor, M|100/100
|turn|10
|
|t:|1743841916
|switch|p2a: Empoleon|Empoleon, M, shiny|100/100
|move|p1a: Gliscor|Spikes|p2a: Empoleon
|-sidestart|p2: war4729|Spikes
|
|-status|p1a: Gliscor|tox|[from] item: Toxic Orb
|upkeep
|turn|11
|
|t:|1743841924
|move|p1a: Gliscor|Earthquake|p2a: Empoleon
|-supereffective|p2a: Empoleon
|-damage|p2a: Empoleon|0 fnt
|faint|p2a: Empoleon
|
|upkeep
|
|t:|1743841933
|switch|p2a: Charizard|Charizard, M, shiny|100/100
|turn|12
|
|t:|1743841941
|-terastallize|p2a: Charizard|Dragon
|move|p2a: Charizard|Dragon Pulse|p1a: Gliscor
|-damage|p1a: Gliscor|6/100 tox
|move|p1a: Gliscor|Toxic|p2a: Charizard
|-status|p2a: Charizard|tox
|
|-damage|p2a: Charizard|94/100 tox|[from] psn
|-heal|p1a: Gliscor|18/100 tox|[from] ability: Poison Heal
|upkeep
|turn|13
|
|t:|1743841954
|move|p1a: Gliscor|Protect|p1a: Gliscor
|-singleturn|p1a: Gliscor|Protect
|move|p2a: Charizard|Dragon Pulse|p1a: Gliscor
|-activate|p1a: Gliscor|move: Protect
|
|-damage|p2a: Charizard|82/100 tox|[from] psn
|-heal|p1a: Gliscor|30/100 tox|[from] ability: Poison Heal
|upkeep
|turn|14
|
|t:|1743841970
|switch|p1a: Spiritomb|Spiritomb, M|100/100
|-ability|p1a: Spiritomb|Pressure
|move|p2a: Charizard|Dragon Pulse|p1a: Spiritomb
|-damage|p1a: Spiritomb|36/100
|
|-heal|p1a: Spiritomb|42/100|[from] item: Leftovers
|-damage|p2a: Charizard|63/100 tox|[from] psn
|upkeep
|turn|15
|
|t:|1743841990
|move|p1a: Spiritomb|Sucker Punch|p2a: Charizard
|-damage|p2a: Charizard|31/100 tox
|move|p2a: Charizard|Dragon Pulse|p1a: Spiritomb
|-damage|p1a: Spiritomb|0 fnt
|faint|p1a: Spiritomb
|
|-damage|p2a: Charizard|6/100 tox|[from] psn
|upkeep
|inactive|Yhvh777 has 120 seconds left.
|
|t:|1743842008
|switch|p1a: Gliscor|Gliscor, M|30/100 tox
|turn|16
|
|t:|1743842012
|move|p1a: Gliscor|Protect|p1a: Gliscor
|-singleturn|p1a: Gliscor|Protect
|move|p2a: Charizard|Dragon Pulse|p1a: Gliscor
|-activate|p1a: Gliscor|move: Protect
|
|-damage|p2a: Charizard|0 fnt|[from] psn
|faint|p2a: Charizard
|-heal|p1a: Gliscor|43/100 tox|[from] ability: Poison Heal
|upkeep
|
|t:|1743842034
|switch|p2a: Serperior|Serperior, F, shiny|100/100
|-damage|p2a: Serperior|88/100|[from] Spikes
|turn|17
|
|t:|1743842040
|move|p2a: Serperior|Giga Drain|p1a: Gliscor
|-damage|p1a: Gliscor|11/100 tox
|-heal|p2a: Serperior|100/100|[from] drain|[of] p1a: Gliscor
|move|p1a: Gliscor|Toxic|p2a: Serperior
|-status|p2a: Serperior|tox
|
|-damage|p2a: Serperior|95/100 tox|[from] psn
|-heal|p1a: Gliscor|23/100 tox|[from] ability: Poison Heal
|upkeep
|turn|18
|
|t:|1743842053
|move|p1a: Gliscor|Protect|p1a: Gliscor
|-singleturn|p1a: Gliscor|Protect
|move|p2a: Serperior|Reflect|p2a: Serperior
|-sidestart|p2: war4729|Reflect
|
|-heal|p2a: Serperior|100/100 tox|[from] item: Leftovers
|-damage|p2a: Serperior|89/100 tox|[from] psn
|-heal|p1a: Gliscor|36/100 tox|[from] ability: Poison Heal
|upkeep
|turn|19
|
|t:|1743842065
|move|p1a: Gliscor|Protect|p1a: Gliscor
|-singleturn|p1a: Gliscor|Protect
|move|p2a: Serperior|Giga Drain|p1a: Gliscor
|-activate|p1a: Gliscor|move: Protect
|
|-heal|p2a: Serperior|95/100 tox|[from] item: Leftovers
|-damage|p2a: Serperior|77/100 tox|[from] psn
|-heal|p1a: Gliscor|48/100 tox|[from] ability: Poison Heal
|upkeep
|turn|20
|
|t:|1743842086
|move|p2a: Serperior|Giga Drain|p1a: Gliscor
|-damage|p1a: Gliscor|15/100 tox
|-heal|p2a: Serperior|92/100 tox|[from] drain|[of] p1a: Gliscor
|move|p1a: Gliscor|Earthquake|p2a: Serperior
|-resisted|p2a: Serperior
|-damage|p2a: Serperior|82/100 tox
|
|-heal|p2a: Serperior|88/100 tox|[from] item: Leftovers
|-damage|p2a: Serperior|64/100 tox|[from] psn
|-heal|p1a: Gliscor|27/100 tox|[from] ability: Poison Heal
|upkeep
|turn|21
|
|t:|1743842099
|move|p1a: Gliscor|Protect|p1a: Gliscor
|-singleturn|p1a: Gliscor|Protect
|move|p2a: Serperior|Light Screen|p2a: Serperior
|-sidestart|p2: war4729|move: Light Screen
|
|-heal|p2a: Serperior|70/100 tox|[from] item: Leftovers
|-damage|p2a: Serperior|40/100 tox|[from] psn
|-heal|p1a: Gliscor|40/100 tox|[from] ability: Poison Heal
|upkeep
|turn|22
|
|t:|1743842111
|move|p2a: Serperior|Giga Drain|p1a: Gliscor
|-crit|p1a: Gliscor
|-damage|p1a: Gliscor|0 fnt
|-heal|p2a: Serperior|58/100 tox|[from] drain|[of] p1a: Gliscor
|faint|p1a: Gliscor
|
|-heal|p2a: Serperior|64/100 tox|[from] item: Leftovers
|-damage|p2a: Serperior|28/100 tox|[from] psn
|-sideend|p2: war4729|Reflect
|upkeep
|inactive|Yhvh777 has 120 seconds left.
|
|t:|1743842122
|switch|p1a: Zapdos|Zapdos-Galar|100/100
|turn|23
|
|t:|1743842126
|move|p1a: Zapdos|Brave Bird|p2a: Serperior
|-supereffective|p2a: Serperior
|-damage|p2a: Serperior|0 fnt
|faint|p2a: Serperior
|-damage|p1a: Zapdos|91/100|[from] Recoil
|
|upkeep
|
|t:|1743842134
|switch|p2a: Delphox|Delphox, M, shiny|100/100
|-damage|p2a: Delphox|88/100|[from] Spikes
|turn|24
|
|t:|1743842140
|move|p1a: Zapdos|Brave Bird|p2a: Delphox
|-damage|p2a: Delphox|0 fnt
|faint|p2a: Delphox
|-damage|p1a: Zapdos|62/100|[from] Recoil
|
|upkeep
|
|t:|1743842142
|switch|p2a: Meganium|Meganium, F|100/100
|-damage|p2a: Meganium|88/100|[from] Spikes
|turn|25
|
|t:|1743842150
|move|p1a: Zapdos|Brave Bird|p2a: Meganium
|-supereffective|p2a: Meganium
|-damage|p2a: Meganium|0 fnt
|-damage|p1a: Zapdos|46/100|[from] item: Rocky Helmet|[of] p2a: Meganium
|faint|p2a: Meganium
|-damage|p1a: Zapdos|13/100|[from] Recoil
|
|win|Yhvh777
|raw|Yhvh777's rating: 1134 &rarr; <strong>1158</strong><br />(+24 for winning)
|raw|war4729's rating: 1120 &rarr; <strong>1096</strong><br />(-24 for losing)
|l|☆war4729
|player|p2|
|l|☆Yhvh777
|player|p1|
