|j|☆ElTulaMan
|j|☆FSoup
|t:|1743861287
|gametype|singles
|player|p1|ElTulaMan|1|1424
|player|p2|FSoup|roxie-masters|1535
|teamsize|p1|6
|teamsize|p2|6
|gen|9
|tier|[Gen 9] OU
|rated|
|rule|HP Percentage Mod: HP is shown in percentages
|rule|Endless Battle Clause: Forcing endless battles is banned
|rule|Species Clause: Limit one of each Pokémon
|rule|OHKO Clause: OHKO moves are banned
|rule|Evasion Items Clause: Evasion items are banned
|rule|Evasion Moves Clause: Evasion moves are banned
|rule|Sleep Moves Clause: Sleep-inducing moves are banned
|clearpoke
|poke|p1|Darkrai|
|poke|p1|Sylveon, M|
|poke|p1|Slowking, F|
|poke|p1|Meowscarada, F|
|poke|p1|Garchomp, F|
|poke|p1|Iron Treads|
|poke|p2|Sudowoodo, F|
|poke|p2|Okidogi, M|
|poke|p2|Gholdengo|
|poke|p2|Mimikyu, F|
|poke|p2|Great Tusk|
|poke|p2|Kingambit, F|
|teampreview
|inactive|Battle timer is ON: inactive players will automatically lose when time's up. (requested by FSoup)
|
|t:|1743861299
|start
|switch|p1a: Meowscarada|Meowscarada, F|100/100
|switch|p2a: Sudowoodo|Sudowoodo, F|100/100
|turn|1
|
|t:|1743861304
|move|p1a: Meowscarada|U-turn|p2a: Sudowoodo
|-start|p1a: Meowscarada|typechange|Bug|[from] ability: Protean
|-damage|p2a: Sudowoodo|50/100
|
|t:|1743861309
|switch|p1a: Garchomp|Garchomp, F|100/100|[from] U-turn
|move|p2a: Sudowoodo|Stealth Rock|p1a: Garchomp
|-sidestart|p1: ElTulaMan|move: Stealth Rock
|
|upkeep
|turn|2
|
|t:|1743861316
|switch|p2a: Gholdengo|Gholdengo|100/100
|-item|p2a: Gholdengo|Air Balloon
|move|p1a: Garchomp|Stealth Rock|p2a: Gholdengo
|-sidestart|p2: FSoup|move: Stealth Rock
|
|upkeep
|turn|3
|
|t:|1743861323
|switch|p1a: Iron Treads|Iron Treads|100/100
|-damage|p1a: Iron Treads|97/100|[from] Stealth Rock
|move|p2a: Gholdengo|Dazzling Gleam|p1a: Iron Treads
|-resisted|p1a: Iron Treads
|-damage|p1a: Iron Treads|84/100
|
|upkeep
|turn|4
|
|t:|1743861334
|move|p1a: Iron Treads|Knock Off|p2a: Gholdengo
|-supereffective|p2a: Gholdengo
|-damage|p2a: Gholdengo|33/100
|-enditem|p2a: Gholdengo|Air Balloon
|move|p2a: Gholdengo|Shadow Ball|p1a: Iron Treads
|-damage|p1a: Iron Treads|44/100
|
|upkeep
|turn|5
|
|t:|1743861342
|switch|p2a: Great Tusk|Great Tusk|100/100
|-damage|p2a: Great Tusk|98/100|[from] Stealth Rock
|-enditem|p2a: Great Tusk|Booster Energy
|-activate|p2a: Great Tusk|ability: Protosynthesis|[fromitem]
|-start|p2a: Great Tusk|protosynthesisspe
|move|p1a: Iron Treads|Earthquake|p2a: Great Tusk
|-damage|p2a: Great Tusk|66/100
|
|upkeep
|turn|6
|
|t:|1743861346
|-end|p1a: Iron Treads|Quark Drive|[silent]
|switch|p1a: Sylveon|Sylveon, M|100/100
|-damage|p1a: Sylveon|88/100|[from] Stealth Rock
|move|p2a: Great Tusk|Rapid Spin|p1a: Sylveon
|-damage|p1a: Sylveon|76/100
|-boost|p2a: Great Tusk|spe|1
|-sideend|p2: FSoup|Stealth Rock|[from] move: Rapid Spin|[of] p2a: Great Tusk
|
|-heal|p1a: Sylveon|82/100|[from] item: Leftovers
|upkeep
|turn|7
|
|t:|1743861354
|-end|p2a: Great Tusk|Protosynthesis|[silent]
|switch|p2a: Sudowoodo|Sudowoodo, F|50/100
|move|p1a: Sylveon|Protect||[still]
|-fail|p1a: Sylveon
|
|-heal|p1a: Sylveon|88/100|[from] item: Leftovers
|upkeep
|turn|8
|
|t:|1743861357
|switch|p1a: Garchomp|Garchomp, F|100/100
|-damage|p1a: Garchomp|94/100|[from] Stealth Rock
|move|p2a: Sudowoodo|Spikes|p1a: Garchomp
|-sidestart|p1: ElTulaMan|Spikes
|
|upkeep
|turn|9
|
|t:|1743861361
|move|p1a: Garchomp|Stealth Rock|p2a: Sudowoodo
|-sidestart|p2: FSoup|move: Stealth Rock
|move|p2a: Sudowoodo|Endeavor|p1a: Garchomp
|-damage|p1a: Garchomp|34/100
|-damage|p2a: Sudowoodo|38/100|[from] ability: Rough Skin|[of] p1a: Garchomp
|-damage|p2a: Sudowoodo|21/100|[from] item: Rocky Helmet|[of] p1a: Garchomp
|
|upkeep
|turn|10
|-enditem|p2a: Sudowoodo|Custap Berry|[eat]
|-activate|p2a: Sudowoodo|item: Custap Berry|[consumed]
|
|t:|1743861367
|move|p2a: Sudowoodo|Spikes|p1a: Garchomp
|-sidestart|p1: ElTulaMan|Spikes
|move|p1a: Garchomp|Spikes|p2a: Sudowoodo
|-sidestart|p2: FSoup|Spikes
|
|upkeep
|turn|11
|
|t:|1743861373
|move|p1a: Garchomp|Spikes|p2a: Sudowoodo
|-sidestart|p2: FSoup|Spikes
|move|p2a: Sudowoodo|Head Smash|p1a: Garchomp
|-resisted|p1a: Garchomp
|-damage|p1a: Garchomp|14/100
|-damage|p2a: Sudowoodo|9/100|[from] ability: Rough Skin|[of] p1a: Garchomp
|-damage|p2a: Sudowoodo|0 fnt|[from] item: Rocky Helmet|[of] p1a: Garchomp
|faint|p2a: Sudowoodo
|
|upkeep
|
|t:|1743861378
|switch|p2a: Great Tusk|Great Tusk|66/100
|-damage|p2a: Great Tusk|63/100|[from] Stealth Rock
|-damage|p2a: Great Tusk|46/100|[from] Spikes
|turn|12
|
|t:|1743861381
|-terastallize|p1a: Garchomp|Ghost
|move|p2a: Great Tusk|Rapid Spin|p1a: Garchomp
|-immune|p1a: Garchomp
|move|p1a: Garchomp|Dragon Tail|p2a: Great Tusk
|-damage|p2a: Great Tusk|30/100
|-end|p2a: Great Tusk|Protosynthesis|[silent]
|drag|p2a: Mimikyu|Mimikyu, F, shiny|100/100
|-damage|p2a: Mimikyu|88/100|[from] Stealth Rock
|-damage|p2a: Mimikyu|72/100|[from] Spikes
|
|upkeep
|turn|13
|
|t:|1743861390
|move|p2a: Mimikyu|Swords Dance|p2a: Mimikyu
|-boost|p2a: Mimikyu|atk|2
|move|p1a: Garchomp|Spikes|p2a: Mimikyu
|-sidestart|p2: FSoup|Spikes
|
|upkeep
|turn|14
|
|t:|1743861394
|move|p2a: Mimikyu|Swords Dance|p2a: Mimikyu
|-boost|p2a: Mimikyu|atk|2
|move|p1a: Garchomp|Earthquake|p2a: Mimikyu
|-activate|p2a: Mimikyu|ability: Disguise
|-damage|p2a: Mimikyu|72/100
|detailschange|p2a: Mimikyu|Mimikyu-Busted, F, shiny
|-damage|p2a: Mimikyu|59/100|[from] pokemon: Mimikyu-Busted
|
|upkeep
|turn|15
|
|t:|1743861397
|move|p2a: Mimikyu|Play Rough|p1a: Garchomp
|-damage|p1a: Garchomp|0 fnt
|-damage|p2a: Mimikyu|47/100|[from] ability: Rough Skin|[of] p1a: Garchomp
|-damage|p2a: Mimikyu|31/100|[from] item: Rocky Helmet|[of] p1a: Garchomp
|faint|p1a: Garchomp
|-damage|p2a: Mimikyu|21/100|[from] item: Life Orb
|
|upkeep
|inactive|ElTulaMan has 120 seconds left.
|
|t:|1743861433
|switch|p1a: Darkrai|Darkrai|100/100
|turn|16
|
|t:|1743861437
|move|p2a: Mimikyu|Shadow Sneak|p1a: Darkrai
|-resisted|p1a: Darkrai
|-damage|p1a: Darkrai|62/100
|-damage|p2a: Mimikyu|11/100|[from] item: Life Orb
|move|p1a: Darkrai|Dark Pulse|p2a: Mimikyu
|-damage|p2a: Mimikyu|0 fnt
|faint|p2a: Mimikyu
|
|upkeep
|
|t:|1743861440
|switch|p2a: Great Tusk|Great Tusk|30/100
|-damage|p2a: Great Tusk|27/100|[from] Stealth Rock
|-damage|p2a: Great Tusk|2/100|[from] Spikes
|turn|17
|
|t:|1743861443
|move|p1a: Darkrai|Ice Beam|p2a: Great Tusk
|-supereffective|p2a: Great Tusk
|-damage|p2a: Great Tusk|0 fnt
|faint|p2a: Great Tusk
|-end|p2a: Great Tusk|Protosynthesis|[silent]
|
|upkeep
|
|t:|1743861447
|switch|p2a: Okidogi|Okidogi, M|100/100
|-damage|p2a: Okidogi|94/100|[from] Stealth Rock
|-damage|p2a: Okidogi|70/100|[from] Spikes
|turn|18
|
|t:|1743861452
|move|p1a: Darkrai|Will-O-Wisp|p2a: Okidogi
|-status|p2a: Okidogi|brn
|move|p2a: Okidogi|Drain Punch|p1a: Darkrai
|-supereffective|p1a: Darkrai
|-damage|p1a: Darkrai|13/100
|-heal|p2a: Okidogi|88/100 brn|[from] drain|[of] p1a: Darkrai
|
|-damage|p2a: Okidogi|82/100 brn|[from] brn
|upkeep
|turn|19
|
|t:|1743861461
|switch|p1a: Slowking|Slowking, F|100/100
|move|p2a: Okidogi|Drain Punch|p1a: Slowking
|-resisted|p1a: Slowking
|-damage|p1a: Slowking|93/100
|-heal|p2a: Okidogi|86/100 brn|[from] drain|[of] p1a: Slowking
|-status|p1a: Slowking|tox|[from] ability: Toxic Chain|[of] p2a: Okidogi
|
|-damage|p1a: Slowking|87/100 tox|[from] psn
|-damage|p2a: Okidogi|80/100 brn|[from] brn
|upkeep
|turn|20
|
|t:|1743861464
|move|p2a: Okidogi|Knock Off|p1a: Slowking
|-supereffective|p1a: Slowking
|-damage|p1a: Slowking|61/100 tox
|-enditem|p1a: Slowking|Heavy-Duty Boots|[from] move: Knock Off|[of] p2a: Okidogi
|move|p1a: Slowking|Future Sight|p2a: Okidogi
|-start|p1a: Slowking|move: Future Sight
|
|-damage|p1a: Slowking|49/100 tox|[from] psn
|-damage|p2a: Okidogi|74/100 brn|[from] brn
|upkeep
|turn|21
|
|t:|1743861469
|move|p2a: Okidogi|Bulk Up|p2a: Okidogi
|-boost|p2a: Okidogi|atk|1
|-boost|p2a: Okidogi|def|1
|-prepare|p1a: Slowking|Chilly Reception|[premajor]
|move|p1a: Slowking|Chilly Reception|p1a: Slowking
|-weather|Snowscape
|
|t:|1743861471
|switch|p1a: Iron Treads|Iron Treads|44/100|[from] Chilly Reception
|-damage|p1a: Iron Treads|41/100|[from] Stealth Rock
|-damage|p1a: Iron Treads|25/100|[from] Spikes
|
|-weather|Snowscape|[upkeep]
|-damage|p2a: Okidogi|68/100 brn|[from] brn
|upkeep
|turn|22
|
|t:|1743861473
|move|p1a: Iron Treads|Rapid Spin|p2a: Okidogi
|-damage|p2a: Okidogi|59/100 brn
|-boost|p1a: Iron Treads|spe|1
|-sideend|p1: ElTulaMan|Spikes|[from] move: Rapid Spin|[of] p1a: Iron Treads
|-sideend|p1: ElTulaMan|Stealth Rock|[from] move: Rapid Spin|[of] p1a: Iron Treads
|move|p2a: Okidogi|Drain Punch|p1a: Iron Treads
|-supereffective|p1a: Iron Treads
|-damage|p1a: Iron Treads|0 fnt
|-heal|p2a: Okidogi|69/100 brn|[from] drain|[of] p1a: Iron Treads
|faint|p1a: Iron Treads
|-end|p1a: Iron Treads|Quark Drive|[silent]
|
|-weather|Snowscape|[upkeep]
|-end|p2a: Okidogi|move: Future Sight
|-supereffective|p2a: Okidogi
|-damage|p2a: Okidogi|0 fnt
|faint|p2a: Okidogi
|upkeep
|
|t:|1743861494
|switch|p1a: Darkrai|Darkrai|13/100
|switch|p2a: Gholdengo|Gholdengo|33/100
|-damage|p2a: Gholdengo|27/100|[from] Stealth Rock
|-damage|p2a: Gholdengo|2/100|[from] Spikes
|turn|23
|
|t:|1743861496
|move|p1a: Darkrai|Dark Pulse|p2a: Gholdengo
|-supereffective|p2a: Gholdengo
|-damage|p2a: Gholdengo|0 fnt
|faint|p2a: Gholdengo
|
|-weather|Snowscape|[upkeep]
|upkeep
|
|t:|1743861497
|switch|p2a: Kingambit|Kingambit, F|100/100
|-damage|p2a: Kingambit|94/100|[from] Stealth Rock
|-activate|p2a: Kingambit|ability: Supreme Overlord
|-start|p2a: Kingambit|fallen5|[silent]
|-item|p2a: Kingambit|Air Balloon
|turn|24
|
|t:|1743861508
|move|p1a: Darkrai|Will-O-Wisp|p2a: Kingambit
|-status|p2a: Kingambit|brn
|move|p2a: Kingambit|Iron Head|p1a: Darkrai
|-damage|p1a: Darkrai|0 fnt
|faint|p1a: Darkrai
|
|-weather|Snowscape|[upkeep]
|-damage|p2a: Kingambit|88/100 brn|[from] brn
|upkeep
|
|t:|1743861512
|switch|p1a: Meowscarada|Meowscarada, F|100/100
|turn|25
|
|t:|1743861522
|move|p1a: Meowscarada|U-turn|p2a: Kingambit
|-start|p1a: Meowscarada|typechange|Bug|[from] ability: Protean
|-damage|p2a: Kingambit|47/100 brn
|-enditem|p2a: Kingambit|Air Balloon
|
|t:|1743861528
|switch|p1a: Sylveon|Sylveon, M|88/100|[from] U-turn
|move|p2a: Kingambit|Swords Dance|p2a: Kingambit
|-boost|p2a: Kingambit|atk|2
|
|-weather|none
|-heal|p1a: Sylveon|94/100|[from] item: Leftovers
|-damage|p2a: Kingambit|40/100 brn|[from] brn
|upkeep
|turn|26
|
|t:|1743861531
|move|p2a: Kingambit|Iron Head|p1a: Sylveon
|-supereffective|p1a: Sylveon
|-damage|p1a: Sylveon|0 fnt
|faint|p1a: Sylveon
|
|-damage|p2a: Kingambit|34/100 brn|[from] brn
|upkeep
|
|t:|1743861535
|switch|p1a: Meowscarada|Meowscarada, F|100/100
|turn|27
|
|t:|1743861540
|-terastallize|p2a: Kingambit|Dark
|move|p2a: Kingambit|Sucker Punch|p1a: Meowscarada
|-resisted|p1a: Meowscarada
|-damage|p1a: Meowscarada|37/100
|move|p1a: Meowscarada|U-turn|p2a: Kingambit
|-start|p1a: Meowscarada|typechange|Bug|[from] ability: Protean
|-supereffective|p2a: Kingambit
|-damage|p2a: Kingambit|0 fnt
|faint|p2a: Kingambit
|-end|p2a: Kingambit|fallen5|[silent]
|
|win|ElTulaMan
|raw|ElTulaMan's rating: 1424 &rarr; <strong>1450</strong><br />(+26 for winning)
|raw|FSoup's rating: 1535 &rarr; <strong>1509</strong><br />(-26 for losing)
|l|☆FSoup
|player|p2|
|l|☆ElTulaMan
|player|p1|
