|j|☆agtvvgc
|j|☆Golisopod Enjoyer
|t:|1743935791
|gametype|singles
|player|p1|agtvvgc|hilbert|1635
|player|p2|Golisopod Enjoyer|2|1748
|teamsize|p1|6
|teamsize|p2|6
|gen|9
|tier|[Gen 9] OU
|rated|
|rule|HP Percentage Mod: HP is shown in percentages
|rule|Endless Battle Clause: Forcing endless battles is banned
|rule|Species Clause: Limit one of each Pokémon
|rule|OHKO Clause: OHKO moves are banned
|rule|Evasion Items Clause: Evasion items are banned
|rule|Evasion Moves Clause: Evasion moves are banned
|rule|Sleep Moves Clause: Sleep-inducing moves are banned
|clearpoke
|poke|p1|Great Tusk|
|poke|p1|Kyurem|
|poke|p1|Dragonite, M|
|poke|p1|Ogerpon-Wellspring, F|
|poke|p1|Darkrai|
|poke|p1|Gholdengo|
|poke|p2|Iron Crown|
|poke|p2|Samurott-Hisui, F|
|poke|p2|Moltres|
|poke|p2|Scizor, F|
|poke|p2|Great Tusk|
|poke|p2|Pecharunt|
|teampreview
|inactive|Battle timer is ON: inactive players will automatically lose when time's up. (requested by agtvvgc)
|
|t:|1743935813
|start
|switch|p1a: Great Tusk|Great Tusk, shiny|100/100
|switch|p2a: Samurott|Samurott-Hisui, F|100/100
|turn|1
|
|t:|1743935823
|move|p1a: Great Tusk|Stealth Rock|p2a: Samurott
|-sidestart|p2: Golisopod Enjoyer|move: Stealth Rock
|move|p2a: Samurott|Flip Turn|p1a: Great Tusk
|-supereffective|p1a: Great Tusk
|-damage|p1a: Great Tusk|66/100
|
|t:|1743935827
|switch|p2a: Great Tusk|Great Tusk|100/100|[from] Flip Turn
|
|upkeep
|turn|2
|
|t:|1743935830
|move|p1a: Great Tusk|Rapid Spin|p2a: Great Tusk
|-damage|p2a: Great Tusk|89/100
|-boost|p1a: Great Tusk|spe|1
|move|p2a: Great Tusk|Ice Spinner|p1a: Great Tusk
|-supereffective|p1a: Great Tusk
|-damage|p1a: Great Tusk|28/100
|
|upkeep
|turn|3
|j| hbaichi
|
|t:|1743935835
|-end|p1a: Great Tusk|Protosynthesis|[silent]
|switch|p1a: Gholdengo|Gholdengo, shiny|100/100
|-item|p1a: Gholdengo|Air Balloon
|move|p2a: Great Tusk|Rapid Spin|p1a: Gholdengo
|-immune|p1a: Gholdengo
|
|upkeep
|turn|4
|
|t:|1743935840
|-end|p2a: Great Tusk|Protosynthesis|[silent]
|switch|p2a: Samurott|Samurott-Hisui, F|100/100
|-damage|p2a: Samurott|88/100|[from] Stealth Rock
|switch|p1a: Great Tusk|Great Tusk, shiny|28/100
|
|upkeep
|turn|5
|
|t:|1743935844
|switch|p2a: Great Tusk|Great Tusk|89/100
|move|p1a: Great Tusk|Headlong Rush|p2a: Great Tusk
|-damage|p2a: Great Tusk|46/100
|-unboost|p1a: Great Tusk|def|1
|-unboost|p1a: Great Tusk|spd|1
|
|upkeep
|turn|6
|
|t:|1743935850
|-end|p1a: Great Tusk|Protosynthesis|[silent]
|switch|p1a: Gholdengo|Gholdengo, shiny|100/100
|-item|p1a: Gholdengo|Air Balloon
|move|p2a: Great Tusk|Ice Spinner|p1a: Gholdengo
|-resisted|p1a: Gholdengo
|-damage|p1a: Gholdengo|87/100
|-enditem|p1a: Gholdengo|Air Balloon
|
|upkeep
|turn|7
|
|t:|1743935852
|switch|p1a: Great Tusk|Great Tusk, shiny|28/100
|move|p2a: Great Tusk|Headlong Rush|p1a: Great Tusk
|-damage|p1a: Great Tusk|0 fnt
|-unboost|p2a: Great Tusk|def|1
|-unboost|p2a: Great Tusk|spd|1
|faint|p1a: Great Tusk
|-end|p1a: Great Tusk|Protosynthesis|[silent]
|
|upkeep
|
|t:|1743935858
|switch|p1a: Kyurem|Kyurem, shiny|100/100
|-ability|p1a: Kyurem|Pressure
|turn|8
|
|t:|1743935864
|-end|p2a: Great Tusk|Protosynthesis|[silent]
|switch|p2a: Scizor|Scizor, F|100/100
|-damage|p2a: Scizor|88/100|[from] Stealth Rock
|move|p1a: Kyurem|Icicle Spear|p2a: Scizor
|-resisted|p2a: Scizor
|-damage|p2a: Scizor|81/100
|-resisted|p2a: Scizor
|-damage|p2a: Scizor|73/100
|-resisted|p2a: Scizor
|-damage|p2a: Scizor|67/100
|-resisted|p2a: Scizor
|-damage|p2a: Scizor|60/100
|-hitcount|p2a: Scizor|4
|
|upkeep
|turn|9
|
|t:|1743935869
|-terastallize|p1a: Kyurem|Fire
|move|p2a: Scizor|Bullet Punch|p1a: Kyurem
|-resisted|p1a: Kyurem
|-damage|p1a: Kyurem|74/100
|move|p1a: Kyurem|Tera Blast|p2a: Scizor|[anim] Tera Blast Fire
|-supereffective|p2a: Scizor
|-damage|p2a: Scizor|0 fnt
|faint|p2a: Scizor
|
|upkeep
|
|t:|1743935878
|switch|p2a: Pecharunt|Pecharunt|100/100
|turn|10
|inactive|agtvvgc has 120 seconds left.
|
|t:|1743935938
|switch|p1a: Darkrai|Darkrai, shiny|100/100
|move|p2a: Pecharunt|Malignant Chain|p1a: Darkrai
|-damage|p1a: Darkrai|62/100
|-status|p1a: Darkrai|tox
|-start|p1a: Darkrai|confusion|[from] ability: Poison Puppeteer|[of] p2a: Pecharunt
|
|-damage|p1a: Darkrai|56/100 tox|[from] psn
|upkeep
|turn|11
|
|t:|1743935945
|switch|p2a: Samurott|Samurott-Hisui, F|88/100
|-damage|p2a: Samurott|76/100|[from] Stealth Rock
|-activate|p1a: Darkrai|confusion
|move|p1a: Darkrai|Nasty Plot|p1a: Darkrai
|-boost|p1a: Darkrai|spa|2
|
|-damage|p1a: Darkrai|44/100 tox|[from] psn
|upkeep
|turn|12
|
|t:|1743935952
|move|p2a: Samurott|Sucker Punch|p1a: Darkrai
|-resisted|p1a: Darkrai
|-damage|p1a: Darkrai|27/100 tox
|-activate|p1a: Darkrai|confusion
|move|p1a: Darkrai|Focus Blast|p2a: Samurott|[miss]
|-miss|p1a: Darkrai|p2a: Samurott
|
|-damage|p1a: Darkrai|9/100 tox|[from] psn
|upkeep
|turn|13
|inactive|agtvvgc has 90 seconds left.
|j| PQPP214
|
|t:|1743935996
|move|p2a: Samurott|Sucker Punch|p1a: Darkrai
|-resisted|p1a: Darkrai
|-damage|p1a: Darkrai|0 fnt
|faint|p1a: Darkrai
|
|upkeep
|
|t:|1743936002
|switch|p1a: Ogerpon|Ogerpon-Wellspring, F|100/100
|turn|14
|
|t:|1743936008
|switch|p2a: Pecharunt|Pecharunt|100/100
|move|p1a: Ogerpon|Ivy Cudgel|p2a: Pecharunt|[anim] Ivy Cudgel Water
|-damage|p2a: Pecharunt|67/100
|
|upkeep
|turn|15
|inactive|agtvvgc has 90 seconds left.
|
|t:|1743936015
|switch|p1a: Gholdengo|Gholdengo, shiny|87/100
|move|p2a: Pecharunt|Malignant Chain|p1a: Gholdengo
|-immune|p1a: Gholdengo
|
|upkeep
|turn|16
|j| archpapus
|
|t:|1743936033
|switch|p1a: Ogerpon|Ogerpon-Wellspring, F|100/100
|switch|p2a: Great Tusk|Great Tusk|46/100
|
|upkeep
|turn|17
|j| MY爱莉希雅SAMA
|
|t:|1743936041
|-terastallize|p2a: Great Tusk|Steel
|move|p1a: Ogerpon|Ivy Cudgel|p2a: Great Tusk|[anim] Ivy Cudgel Water
|-damage|p2a: Great Tusk|6/100
|move|p2a: Great Tusk|Rapid Spin|p1a: Ogerpon
|-damage|p1a: Ogerpon|77/100
|-boost|p2a: Great Tusk|spe|1
|-sideend|p2: Golisopod Enjoyer|Stealth Rock|[from] move: Rapid Spin|[of] p2a: Great Tusk
|
|upkeep
|turn|18
|
|t:|1743936049
|move|p2a: Great Tusk|Stealth Rock|p1a: Ogerpon
|-sidestart|p1: agtvvgc|move: Stealth Rock
|move|p1a: Ogerpon|Ivy Cudgel|p2a: Great Tusk|[anim] Ivy Cudgel Water
|-crit|p2a: Great Tusk
|-damage|p2a: Great Tusk|0 fnt
|faint|p2a: Great Tusk
|-end|p2a: Great Tusk|Protosynthesis|[silent]
|
|upkeep
|
|t:|1743936054
|switch|p2a: Pecharunt|Pecharunt|67/100
|turn|19
|
|t:|1743936061
|switch|p1a: Gholdengo|Gholdengo, shiny|87/100
|-damage|p1a: Gholdengo|81/100|[from] Stealth Rock
|move|p2a: Pecharunt|Recover|p2a: Pecharunt
|-heal|p2a: Pecharunt|100/100
|
|upkeep
|turn|20
|
|t:|1743936069
|switch|p1a: Ogerpon|Ogerpon-Wellspring, F|77/100
|-damage|p1a: Ogerpon|65/100|[from] Stealth Rock
|move|p2a: Pecharunt|Shadow Ball|p1a: Ogerpon
|-damage|p1a: Ogerpon|35/100
|
|upkeep
|turn|21
|
|t:|1743936079
|move|p1a: Ogerpon|Ivy Cudgel|p2a: Pecharunt|[anim] Ivy Cudgel Water
|-damage|p2a: Pecharunt|67/100
|move|p2a: Pecharunt|Malignant Chain|p1a: Ogerpon
|-supereffective|p1a: Ogerpon
|-damage|p1a: Ogerpon|0 fnt
|faint|p1a: Ogerpon
|
|upkeep
|l| MY爱莉希雅SAMA
|
|t:|1743936087
|switch|p1a: Gholdengo|Gholdengo, shiny|81/100
|-damage|p1a: Gholdengo|75/100|[from] Stealth Rock
|turn|22
|
|t:|1743936092
|switch|p2a: Samurott|Samurott-Hisui, F|76/100
|move|p1a: Gholdengo|Focus Blast|p2a: Samurott|[miss]
|-miss|p1a: Gholdengo|p2a: Samurott
|
|upkeep
|turn|23
|c|☆Golisopod Enjoyer|Mb bro
|
|t:|1743936102
|move|p2a: Samurott|Ceaseless Edge|p1a: Gholdengo
|-supereffective|p1a: Gholdengo
|-damage|p1a: Gholdengo|4/100
|-sidestart|p1: agtvvgc|Spikes
|move|p1a: Gholdengo|Focus Blast|p2a: Samurott|[miss]
|-miss|p1a: Gholdengo|p2a: Samurott
|
|upkeep
|turn|24
|
|t:|1743936113
|move|p2a: Samurott|Ceaseless Edge|p1a: Gholdengo
|-supereffective|p1a: Gholdengo
|-damage|p1a: Gholdengo|0 fnt
|-sidestart|p1: agtvvgc|Spikes
|faint|p1a: Gholdengo
|
|upkeep
|c|☆agtvvgc|...
|
|t:|1743936119
|switch|p1a: Dragonite|Dragonite, M, shiny|100/100
|turn|25
|j| MY爱莉希雅SAMA
|
|t:|1743936146
|move|p1a: Dragonite|Dragon Dance|p1a: Dragonite
|-boost|p1a: Dragonite|atk|1
|-boost|p1a: Dragonite|spe|1
|move|p2a: Samurott|Flip Turn|p1a: Dragonite
|-resisted|p1a: Dragonite
|-crit|p1a: Dragonite
|-damage|p1a: Dragonite|92/100
|
|t:|1743936152
|switch|p2a: Iron Crown|Iron Crown|100/100|[from] Flip Turn
|-enditem|p2a: Iron Crown|Booster Energy
|-activate|p2a: Iron Crown|ability: Quark Drive|[fromitem]
|-start|p2a: Iron Crown|quarkdrivespe
|
|upkeep
|turn|26
|
|t:|1743936159
|move|p2a: Iron Crown|Tachyon Cutter|p1a: Dragonite
|-damage|p1a: Dragonite|66/100
|-damage|p1a: Dragonite|41/100
|-hitcount|p1a: Dragonite|2
|move|p1a: Dragonite|Dragon Dance|p1a: Dragonite
|-boost|p1a: Dragonite|atk|1
|-boost|p1a: Dragonite|spe|1
|
|upkeep
|turn|27
|
|t:|1743936171
|move|p1a: Dragonite|Earthquake|p2a: Iron Crown
|-supereffective|p2a: Iron Crown
|-damage|p2a: Iron Crown|0 fnt
|faint|p2a: Iron Crown
|-end|p2a: Iron Crown|Quark Drive|[silent]
|
|upkeep
|
|t:|1743936173
|switch|p2a: Moltres|Moltres|100/100
|turn|28
|
|t:|1743936179
|move|p1a: Dragonite|Ice Spinner|p2a: Moltres
|-damage|p2a: Moltres|58/100
|move|p2a: Moltres|Brave Bird|p1a: Dragonite
|-damage|p1a: Dragonite|0 fnt
|faint|p1a: Dragonite
|-damage|p2a: Moltres|47/100|[from] Recoil
|
|upkeep
|
|t:|1743936188
|switch|p1a: Kyurem|Kyurem, shiny, tera:Fire|74/100
|-damage|p1a: Kyurem|50/100|[from] Stealth Rock
|-damage|p1a: Kyurem|33/100|[from] Spikes
|-ability|p1a: Kyurem|Pressure
|turn|29
|
|t:|1743936193
|move|p1a: Kyurem|Dragon Dance|p1a: Kyurem
|-boost|p1a: Kyurem|atk|1
|-boost|p1a: Kyurem|spe|1
|move|p2a: Moltres|Brave Bird|p1a: Kyurem
|-damage|p1a: Kyurem|0 fnt
|faint|p1a: Kyurem
|-damage|p2a: Moltres|36/100|[from] Recoil
|
|win|Golisopod Enjoyer
|raw|agtvvgc's rating: 1635 &rarr; <strong>1621</strong><br />(-14 for losing)
|raw|Golisopod Enjoyer's rating: 1748 &rarr; <strong>1762</strong><br />(+14 for winning)
|j| Art234巴大蝶
|l| archpapus
|l| Art234巴大蝶
|l|☆agtvvgc
|player|p1|
|l| MY爱莉希雅SAMA
|c|☆Golisopod Enjoyer|Im sorry i got v lucky
|l|☆Golisopod Enjoyer
|player|p2|
|l| hbaichi
|l| PQPP214
