|j|☆Coldwiii
|j|☆Shadow4cTest3r
|t:|1743893087
|gametype|singles
|player|p1|Coldwiii|wattson|1540
|player|p2|Shadow4cTest3r|170|1520
|teamsize|p1|6
|teamsize|p2|6
|gen|9
|tier|[Gen 9] OU
|rated|
|rule|HP Percentage Mod: HP is shown in percentages
|rule|Endless Battle Clause: Forcing endless battles is banned
|rule|Species Clause: Limit one of each Pokémon
|rule|OHKO Clause: OHKO moves are banned
|rule|Evasion Items Clause: Evasion items are banned
|rule|Evasion Moves Clause: Evasion moves are banned
|rule|Sleep Moves Clause: Sleep-inducing moves are banned
|clearpoke
|poke|p1|Latios, M|
|poke|p1|Toxapex, F|
|poke|p1|Mandibuzz, F|
|poke|p1|Iron Treads|
|poke|p1|Arcanine-Hisui, F|
|poke|p1|Sinistcha|
|poke|p2|Garganacl, M|
|poke|p2|Hydrapple, M|
|poke|p2|Iron Valiant|
|poke|p2|Ting-Lu|
|poke|p2|Slowking-Galar, F|
|poke|p2|Weezing-Galar, F|
|teampreview
|c|☆Coldwiii|glhf
|c|☆Shadow4cTest3r|you too
|
|t:|1743893107
|start
|switch|p1a: Mandibuzz|Mandibuzz, F|100/100
|switch|p2a: Ting-Lu|Ting-Lu|100/100
|-ability|p2a: Ting-Lu|Vessel of Ruin
|turn|1
|inactive|Battle timer is ON: inactive players will automatically lose when time's up. (requested by Coldwiii)
|
|t:|1743893114
|switch|p2a: Garganacl|Garganacl, M|100/100
|move|p1a: Mandibuzz|Toxic|p2a: Garganacl|[miss]
|-miss|p1a: Mandibuzz|p2a: Garganacl
|
|upkeep
|turn|2
|j| Deadbyflinch
|
|t:|1743893124
|switch|p1a: Toxapex|Toxapex, F, shiny|100/100
|move|p2a: Garganacl|Salt Cure|p1a: Toxapex
|-damage|p1a: Toxapex|89/100
|-start|p1a: Toxapex|Salt Cure
|
|-damage|p1a: Toxapex|64/100|[from] Salt Cure
|upkeep
|turn|3
|
|t:|1743893133
|switch|p1a: Sinistcha|Sinistcha, shiny|100/100
|move|p2a: Garganacl|Curse|p2a: Garganacl
|-unboost|p2a: Garganacl|spe|1
|-boost|p2a: Garganacl|atk|1
|-boost|p2a: Garganacl|def|1
|
|upkeep
|turn|4
|
|t:|1743893143
|move|p1a: Sinistcha|Calm Mind|p1a: Sinistcha
|-boost|p1a: Sinistcha|spa|1
|-boost|p1a: Sinistcha|spd|1
|move|p2a: Garganacl|Salt Cure|p1a: Sinistcha
|-damage|p1a: Sinistcha|86/100
|-start|p1a: Sinistcha|Salt Cure
|
|-damage|p1a: Sinistcha|74/100|[from] Salt Cure
|upkeep
|turn|5
|
|t:|1743893151
|switch|p2a: Slowking|Slowking-Galar, F|100/100
|move|p1a: Sinistcha|Matcha Gotcha|p2a: Slowking
|-resisted|p2a: Slowking
|-damage|p2a: Slowking|85/100
|-heal|p1a: Sinistcha|83/100|[from] drain|[of] p2a: Slowking
|
|-damage|p1a: Sinistcha|70/100|[from] Salt Cure
|upkeep
|turn|6
|
|t:|1743893176
|move|p1a: Sinistcha|Shadow Ball|p2a: Slowking
|-supereffective|p2a: Slowking
|-damage|p2a: Slowking|27/100
|-prepare|p2a: Slowking|Chilly Reception|[premajor]
|move|p2a: Slowking|Chilly Reception|p2a: Slowking
|-weather|Snowscape
|
|t:|1743893182
|switch|p2a: Iron Valiant|Iron Valiant|100/100|[from] Chilly Reception
|
|-weather|Snowscape|[upkeep]
|-damage|p1a: Sinistcha|58/100|[from] Salt Cure
|upkeep
|turn|7
|
|t:|1743893195
|move|p2a: Iron Valiant|Trick|p1a: Sinistcha
|-activate|p2a: Iron Valiant|move: Trick|[of] p1a: Sinistcha
|-item|p1a: Sinistcha|Choice Scarf|[from] move: Trick
|-item|p2a: Iron Valiant|Heavy-Duty Boots|[from] move: Trick
|move|p1a: Sinistcha|Strength Sap|p2a: Iron Valiant
|-unboost|p2a: Iron Valiant|atk|1
|-heal|p1a: Sinistcha|100/100
|
|-weather|Snowscape|[upkeep]
|-damage|p1a: Sinistcha|88/100|[from] Salt Cure
|upkeep
|turn|8
|
|t:|1743893211
|-end|p2a: Iron Valiant|Quark Drive|[silent]
|switch|p2a: Garganacl|Garganacl, M|100/100
|switch|p1a: Toxapex|Toxapex, F, shiny|97/100
|
|-weather|Snowscape|[upkeep]
|upkeep
|turn|9
|
|t:|1743893228
|switch|p1a: Latios|Latios, M, shiny|100/100
|move|p2a: Garganacl|Salt Cure|p1a: Latios
|-damage|p1a: Latios|83/100
|-start|p1a: Latios|Salt Cure
|
|-weather|Snowscape|[upkeep]
|-damage|p1a: Latios|71/100|[from] Salt Cure
|upkeep
|turn|10
|
|t:|1743893238
|switch|p2a: Ting-Lu|Ting-Lu|100/100
|-ability|p2a: Ting-Lu|Vessel of Ruin
|move|p1a: Latios|Calm Mind|p1a: Latios
|-boost|p1a: Latios|spa|1
|-boost|p1a: Latios|spd|1
|
|-weather|none
|-damage|p1a: Latios|59/100|[from] Salt Cure
|upkeep
|turn|11
|
|t:|1743893246
|move|p1a: Latios|Recover|p1a: Latios
|-heal|p1a: Latios|100/100
|move|p2a: Ting-Lu|Stealth Rock|p1a: Latios
|-sidestart|p1: Coldwiii|move: Stealth Rock
|
|-damage|p1a: Latios|88/100|[from] Salt Cure
|upkeep
|turn|12
|
|t:|1743893254
|move|p1a: Latios|Draco Meteor|p2a: Ting-Lu
|-crit|p2a: Ting-Lu
|-damage|p2a: Ting-Lu|24/100
|-unboost|p1a: Latios|spa|2
|move|p2a: Ting-Lu|Ruination|p1a: Latios
|-damage|p1a: Latios|44/100
|
|-heal|p2a: Ting-Lu|30/100|[from] item: Leftovers
|-damage|p1a: Latios|32/100|[from] Salt Cure
|upkeep
|turn|13
|
|t:|1743893264
|move|p1a: Latios|Recover|p1a: Latios
|-heal|p1a: Latios|82/100
|move|p2a: Ting-Lu|Whirlwind|p1a: Latios
|drag|p1a: Arcanine|Arcanine-Hisui, F|100/100
|-damage|p1a: Arcanine|76/100|[from] Stealth Rock
|
|-heal|p2a: Ting-Lu|36/100|[from] item: Leftovers
|upkeep
|turn|14
|
|t:|1743893276
|switch|p2a: Hydrapple|Hydrapple, M|100/100
|move|p1a: Arcanine|Flare Blitz|p2a: Hydrapple
|-damage|p2a: Hydrapple|51/100
|
|upkeep
|turn|15
|
|t:|1743893289
|-terastallize|p2a: Hydrapple|Fire
|move|p1a: Arcanine|Flare Blitz|p2a: Hydrapple
|-resisted|p2a: Hydrapple
|-damage|p2a: Hydrapple|28/100
|move|p2a: Hydrapple|Earth Power|p1a: Arcanine
|-supereffective|p1a: Arcanine
|-damage|p1a: Arcanine|0 fnt
|faint|p1a: Arcanine
|
|upkeep
|c|☆Coldwiii|wp
|
|t:|1743893300
|switch|p1a: Latios|Latios, M, shiny|82/100
|-damage|p1a: Latios|70/100|[from] Stealth Rock
|turn|16
|
|t:|1743893306
|switch|p2a: Iron Valiant|Iron Valiant|100/100
|-terastallize|p1a: Latios|Steel
|move|p1a: Latios|Calm Mind|p1a: Latios
|-boost|p1a: Latios|spa|1
|-boost|p1a: Latios|spd|1
|
|upkeep
|turn|17
|
|t:|1743893317
|move|p1a: Latios|Psychic Noise|p2a: Iron Valiant
|-supereffective|p2a: Iron Valiant
|-damage|p2a: Iron Valiant|0 fnt
|faint|p2a: Iron Valiant
|-end|p2a: Iron Valiant|Quark Drive|[silent]
|
|upkeep
|
|t:|1743893321
|switch|p2a: Garganacl|Garganacl, M|100/100
|turn|18
|
|t:|1743893347
|move|p1a: Latios|Psychic Noise|p2a: Garganacl
|-damage|p2a: Garganacl|49/100
|-start|p2a: Garganacl|move: Heal Block
|move|p2a: Garganacl|Salt Cure|p1a: Latios
|-resisted|p1a: Latios
|-crit|p1a: Latios
|-damage|p1a: Latios|57/100
|-start|p1a: Latios|Salt Cure
|
|-damage|p1a: Latios|32/100|[from] Salt Cure
|upkeep
|turn|19
|
|t:|1743893359
|switch|p2a: Ting-Lu|Ting-Lu|36/100
|-ability|p2a: Ting-Lu|Vessel of Ruin
|move|p1a: Latios|Recover|p1a: Latios
|-heal|p1a: Latios|82/100
|
|-heal|p2a: Ting-Lu|43/100|[from] item: Leftovers
|-damage|p1a: Latios|57/100|[from] Salt Cure
|upkeep
|turn|20
|
|t:|1743893368
|move|p1a: Latios|Draco Meteor|p2a: Ting-Lu
|-damage|p2a: Ting-Lu|0 fnt
|-unboost|p1a: Latios|spa|2
|faint|p2a: Ting-Lu
|
|-damage|p1a: Latios|32/100|[from] Salt Cure
|upkeep
|
|t:|1743893380
|switch|p2a: Garganacl|Garganacl, M|49/100
|turn|21
|
|t:|1743893390
|switch|p1a: Iron Treads|Iron Treads|100/100
|-damage|p1a: Iron Treads|98/100|[from] Stealth Rock
|move|p2a: Garganacl|Recover|p2a: Garganacl
|-heal|p2a: Garganacl|99/100
|
|-heal|p1a: Iron Treads|100/100|[from] item: Leftovers
|-heal|p2a: Garganacl|100/100|[from] item: Leftovers
|upkeep
|turn|22
|
|t:|1743893406
|move|p1a: Iron Treads|Stealth Rock|p2a: Garganacl
|-sidestart|p2: Shadow4cTest3r|move: Stealth Rock
|move|p2a: Garganacl|Salt Cure|p1a: Iron Treads
|-resisted|p1a: Iron Treads
|-damage|p1a: Iron Treads|98/100
|-start|p1a: Iron Treads|Salt Cure
|
|-heal|p1a: Iron Treads|100/100|[from] item: Leftovers
|-damage|p1a: Iron Treads|76/100|[from] Salt Cure
|upkeep
|turn|23
|
|t:|1743893415
|switch|p2a: Weezing|Weezing-Galar, F|100/100
|-ability|p2a: Weezing|Neutralizing Gas
|-damage|p2a: Weezing|88/100|[from] Stealth Rock
|move|p1a: Iron Treads|Rapid Spin|p2a: Weezing
|-damage|p2a: Weezing|79/100
|-boost|p1a: Iron Treads|spe|1
|-sideend|p1: Coldwiii|Stealth Rock|[from] move: Rapid Spin|[of] p1a: Iron Treads
|
|-heal|p1a: Iron Treads|82/100|[from] item: Leftovers
|-heal|p2a: Weezing|85/100|[from] item: Leftovers
|-damage|p1a: Iron Treads|57/100|[from] Salt Cure
|upkeep
|turn|24
|
|t:|1743893431
|move|p1a: Iron Treads|Earthquake|p2a: Weezing
|-supereffective|p2a: Weezing
|-damage|p2a: Weezing|37/100
|move|p2a: Weezing|Will-O-Wisp|p1a: Iron Treads
|-status|p1a: Iron Treads|brn
|
|-heal|p1a: Iron Treads|63/100 brn|[from] item: Leftovers
|-heal|p2a: Weezing|43/100|[from] item: Leftovers
|-damage|p1a: Iron Treads|57/100 brn|[from] brn
|-damage|p1a: Iron Treads|32/100 brn|[from] Salt Cure
|upkeep
|turn|25
|
|t:|1743893443
|move|p1a: Iron Treads|Knock Off|p2a: Weezing
|-resisted|p2a: Weezing
|-damage|p2a: Weezing|38/100
|-enditem|p2a: Weezing|Leftovers|[from] move: Knock Off|[of] p1a: Iron Treads
|move|p2a: Weezing|Defog|p1a: Iron Treads
|-unboost|p1a: Iron Treads|evasion|1
|-sideend|p2: Shadow4cTest3r|Stealth Rock|[from] move: Defog|[of] p2a: Weezing
|
|-heal|p1a: Iron Treads|39/100 brn|[from] item: Leftovers
|-damage|p1a: Iron Treads|32/100 brn|[from] brn
|-damage|p1a: Iron Treads|8/100 brn|[from] Salt Cure
|upkeep
|turn|26
|
|t:|1743893454
|move|p1a: Iron Treads|Stealth Rock|p2a: Weezing
|-sidestart|p2: Shadow4cTest3r|move: Stealth Rock
|move|p2a: Weezing|Strange Steam|p1a: Iron Treads
|-resisted|p1a: Iron Treads
|-damage|p1a: Iron Treads|0 fnt
|faint|p1a: Iron Treads
|-end|p1a: Iron Treads|Quark Drive|[silent]
|
|upkeep
|
|t:|1743893462
|switch|p1a: Latios|Latios, M, shiny, tera:Steel|32/100
|turn|27
|l| Deadbyflinch
|
|t:|1743893466
|move|p1a: Latios|Psychic Noise|p2a: Weezing
|-supereffective|p2a: Weezing
|-damage|p2a: Weezing|0 fnt
|faint|p2a: Weezing
|-end|p2a: Weezing|ability: Neutralizing Gas
|
|upkeep
|
|t:|1743893468
|switch|p2a: Garganacl|Garganacl, M|100/100
|-damage|p2a: Garganacl|88/100|[from] Stealth Rock
|turn|28
|
|t:|1743893478
|switch|p1a: Sinistcha|Sinistcha, shiny|88/100
|move|p2a: Garganacl|Salt Cure|p1a: Sinistcha
|-damage|p1a: Sinistcha|78/100
|-start|p1a: Sinistcha|Salt Cure
|
|-heal|p2a: Garganacl|94/100|[from] item: Leftovers
|-damage|p1a: Sinistcha|66/100|[from] Salt Cure
|upkeep
|turn|29
|
|t:|1743893497
|move|p1a: Sinistcha|Calm Mind|p1a: Sinistcha
|-boost|p1a: Sinistcha|spa|1
|-boost|p1a: Sinistcha|spd|1
|move|p2a: Garganacl|Recover|p2a: Garganacl
|-heal|p2a: Garganacl|100/100
|
|-damage|p1a: Sinistcha|53/100|[from] Salt Cure
|upkeep
|turn|30
|
|t:|1743893508
|switch|p1a: Mandibuzz|Mandibuzz, F|100/100
|move|p2a: Garganacl|Salt Cure|p1a: Mandibuzz
|-supereffective|p1a: Mandibuzz
|-damage|p1a: Mandibuzz|85/100
|-start|p1a: Mandibuzz|Salt Cure
|
|-damage|p1a: Mandibuzz|73/100|[from] Salt Cure
|upkeep
|turn|31
|c|☆Coldwiii|oops
|c|☆Coldwiii|lol
|
|t:|1743893516
|switch|p1a: Sinistcha|Sinistcha, shiny|53/100
|move|p2a: Garganacl|Curse|p2a: Garganacl
|-unboost|p2a: Garganacl|spe|1
|-boost|p2a: Garganacl|atk|1
|-boost|p2a: Garganacl|def|1
|
|upkeep
|turn|32
|
|t:|1743893522
|switch|p2a: Slowking|Slowking-Galar, F|61/100
|move|p1a: Sinistcha|Matcha Gotcha|p2a: Slowking
|-resisted|p2a: Slowking
|-damage|p2a: Slowking|51/100
|-heal|p1a: Sinistcha|59/100|[from] drain|[of] p2a: Slowking
|
|upkeep
|turn|33
|
|t:|1743893533
|switch|p1a: Toxapex|Toxapex, F, shiny|100/100
|-prepare|p2a: Slowking|Chilly Reception|[premajor]
|move|p2a: Slowking|Chilly Reception|p2a: Slowking
|-weather|Snowscape
|
|t:|1743893536
|switch|p2a: Garganacl|Garganacl, M|100/100|[from] Chilly Reception
|-damage|p2a: Garganacl|88/100|[from] Stealth Rock
|
|-weather|Snowscape|[upkeep]
|-heal|p2a: Garganacl|94/100|[from] item: Leftovers
|upkeep
|turn|34
|
|t:|1743893540
|switch|p1a: Sinistcha|Sinistcha, shiny|59/100
|move|p2a: Garganacl|Curse|p2a: Garganacl
|-unboost|p2a: Garganacl|spe|1
|-boost|p2a: Garganacl|atk|1
|-boost|p2a: Garganacl|def|1
|
|-weather|Snowscape|[upkeep]
|-heal|p2a: Garganacl|100/100|[from] item: Leftovers
|upkeep
|turn|35
|
|t:|1743893552
|switch|p2a: Slowking|Slowking-Galar, F|84/100
|move|p1a: Sinistcha|Strength Sap|p2a: Slowking
|-unboost|p2a: Slowking|atk|1
|-heal|p1a: Sinistcha|98/100
|
|-weather|Snowscape|[upkeep]
|upkeep
|turn|36
|
|t:|1743893560
|switch|p1a: Mandibuzz|Mandibuzz, F|73/100
|move|p2a: Slowking|Future Sight|p1a: Mandibuzz
|-start|p2a: Slowking|move: Future Sight
|
|-weather|Snowscape|[upkeep]
|upkeep
|turn|37
|
|t:|1743893567
|switch|p2a: Garganacl|Garganacl, M|100/100
|-damage|p2a: Garganacl|88/100|[from] Stealth Rock
|move|p1a: Mandibuzz|Foul Play|p2a: Garganacl
|-damage|p2a: Garganacl|67/100
|
|-weather|none
|-heal|p2a: Garganacl|73/100|[from] item: Leftovers
|upkeep
|turn|38
|
|t:|1743893576
|move|p1a: Mandibuzz|Foul Play|p2a: Garganacl
|-damage|p2a: Garganacl|53/100
|move|p2a: Garganacl|Salt Cure|p1a: Mandibuzz
|-supereffective|p1a: Mandibuzz
|-damage|p1a: Mandibuzz|58/100
|-start|p1a: Mandibuzz|Salt Cure
|
|-end|p1a: Mandibuzz|move: Future Sight
|-immune|p1a: Mandibuzz
|-heal|p2a: Garganacl|59/100|[from] item: Leftovers
|-damage|p1a: Mandibuzz|46/100|[from] Salt Cure
|upkeep
|turn|39
|
|t:|1743893587
|switch|p1a: Sinistcha|Sinistcha, shiny|98/100
|move|p2a: Garganacl|Curse|p2a: Garganacl
|-unboost|p2a: Garganacl|spe|1
|-boost|p2a: Garganacl|atk|1
|-boost|p2a: Garganacl|def|1
|
|-heal|p2a: Garganacl|66/100|[from] item: Leftovers
|upkeep
|turn|40
|
|t:|1743893607
|switch|p1a: Latios|Latios, M, shiny, tera:Steel|32/100
|move|p2a: Garganacl|Recover|p2a: Garganacl
|-heal|p2a: Garganacl|100/100
|
|upkeep
|turn|41
|
|t:|1743893620
|move|p1a: Latios|Recover|p1a: Latios
|-heal|p1a: Latios|83/100
|move|p2a: Garganacl|Salt Cure|p1a: Latios
|-resisted|p1a: Latios
|-damage|p1a: Latios|70/100
|-start|p1a: Latios|Salt Cure
|
|-damage|p1a: Latios|45/100|[from] Salt Cure
|upkeep
|turn|42
|
|t:|1743893627
|switch|p1a: Sinistcha|Sinistcha, shiny|98/100
|move|p2a: Garganacl|Salt Cure|p1a: Sinistcha
|-damage|p1a: Sinistcha|84/100
|-start|p1a: Sinistcha|Salt Cure
|
|-damage|p1a: Sinistcha|72/100|[from] Salt Cure
|upkeep
|turn|43
|
|t:|1743893636
|switch|p2a: Slowking|Slowking-Galar, F|100/100
|move|p1a: Sinistcha|Matcha Gotcha|p2a: Slowking|[miss]
|-miss|p1a: Sinistcha|p2a: Slowking
|
|-damage|p1a: Sinistcha|59/100|[from] Salt Cure
|upkeep
|turn|44
|
|t:|1743893646
|switch|p1a: Latios|Latios, M, shiny, tera:Steel|45/100
|-prepare|p2a: Slowking|Chilly Reception|[premajor]
|move|p2a: Slowking|Chilly Reception|p2a: Slowking
|-weather|Snowscape
|
|t:|1743893649
|switch|p2a: Garganacl|Garganacl, M|100/100|[from] Chilly Reception
|-damage|p2a: Garganacl|88/100|[from] Stealth Rock
|
|-weather|Snowscape|[upkeep]
|-heal|p2a: Garganacl|94/100|[from] item: Leftovers
|upkeep
|turn|45
|
|t:|1743893662
|switch|p1a: Mandibuzz|Mandibuzz, F|46/100
|move|p2a: Garganacl|Salt Cure|p1a: Mandibuzz
|-supereffective|p1a: Mandibuzz
|-damage|p1a: Mandibuzz|30/100
|-start|p1a: Mandibuzz|Salt Cure
|
|-weather|Snowscape|[upkeep]
|-heal|p2a: Garganacl|100/100|[from] item: Leftovers
|-damage|p1a: Mandibuzz|18/100|[from] Salt Cure
|upkeep
|turn|46
|
|t:|1743893671
|switch|p2a: Slowking|Slowking-Galar, F|100/100
|move|p1a: Mandibuzz|Roost|p1a: Mandibuzz
|-heal|p1a: Mandibuzz|68/100
|-singleturn|p1a: Mandibuzz|move: Roost
|
|-weather|Snowscape|[upkeep]
|-damage|p1a: Mandibuzz|56/100|[from] Salt Cure
|upkeep
|turn|47
|
|t:|1743893680
|move|p1a: Mandibuzz|Foul Play|p2a: Slowking
|-supereffective|p2a: Slowking
|-damage|p2a: Slowking|60/100
|move|p2a: Slowking|Psychic Noise|p1a: Mandibuzz
|-immune|p1a: Mandibuzz
|
|-weather|Snowscape|[upkeep]
|-damage|p1a: Mandibuzz|43/100|[from] Salt Cure
|upkeep
|turn|48
|
|t:|1743893688
|move|p1a: Mandibuzz|Foul Play|p2a: Slowking
|-supereffective|p2a: Slowking
|-damage|p2a: Slowking|24/100
|-prepare|p2a: Slowking|Chilly Reception|[premajor]
|move|p2a: Slowking|Chilly Reception|p2a: Slowking
|
|t:|1743893689
|switch|p2a: Hydrapple|Hydrapple, M, tera:Fire|61/100|[from] Chilly Reception
|
|-weather|none
|-damage|p1a: Mandibuzz|31/100|[from] Salt Cure
|upkeep
|turn|49
|
|t:|1743893699
|switch|p2a: Slowking|Slowking-Galar, F|57/100
|move|p1a: Mandibuzz|Toxic|p2a: Slowking
|-immune|p2a: Slowking
|
|-damage|p1a: Mandibuzz|19/100|[from] Salt Cure
|upkeep
|turn|50
|
|t:|1743893708
|switch|p1a: Sinistcha|Sinistcha, shiny|59/100
|-prepare|p2a: Slowking|Chilly Reception|[premajor]
|move|p2a: Slowking|Chilly Reception|p2a: Slowking
|-weather|Snowscape
|
|t:|1743893710
|switch|p2a: Hydrapple|Hydrapple, M, tera:Fire|94/100|[from] Chilly Reception
|
|-weather|Snowscape|[upkeep]
|upkeep
|turn|51
|
|t:|1743893718
|switch|p1a: Toxapex|Toxapex, F, shiny|100/100
|move|p2a: Hydrapple|Nasty Plot|p2a: Hydrapple
|-boost|p2a: Hydrapple|spa|2
|
|-weather|Snowscape|[upkeep]
|upkeep
|turn|52
|
|t:|1743893727
|move|p2a: Hydrapple|Earth Power|p1a: Toxapex
|-supereffective|p1a: Toxapex
|-damage|p1a: Toxapex|58/100
|-unboost|p1a: Toxapex|spd|1
|move|p1a: Toxapex|Chilling Water|p2a: Hydrapple
|-supereffective|p2a: Hydrapple
|-damage|p2a: Hydrapple|75/100
|-unboost|p2a: Hydrapple|atk|1
|
|-weather|Snowscape|[upkeep]
|upkeep
|turn|53
|
|t:|1743893746
|switch|p1a: Latios|Latios, M, shiny, tera:Steel|45/100
|move|p2a: Hydrapple|Earth Power|p1a: Latios
|-immune|p1a: Latios|[from] ability: Levitate
|
|-weather|Snowscape|[upkeep]
|upkeep
|turn|54
|
|t:|1743893755
|move|p1a: Latios|Draco Meteor|p2a: Hydrapple|[miss]
|-miss|p1a: Latios|p2a: Hydrapple
|move|p2a: Hydrapple|Nasty Plot|p2a: Hydrapple
|-boost|p2a: Hydrapple|spa|2
|
|-weather|none
|upkeep
|turn|55
|
|t:|1743893762
|move|p1a: Latios|Draco Meteor|p2a: Hydrapple
|-damage|p2a: Hydrapple|0 fnt
|-unboost|p1a: Latios|spa|2
|faint|p2a: Hydrapple
|
|upkeep
|
|t:|1743893766
|switch|p2a: Garganacl|Garganacl, M|100/100
|-damage|p2a: Garganacl|88/100|[from] Stealth Rock
|turn|56
|
|t:|1743893772
|switch|p1a: Mandibuzz|Mandibuzz, F|19/100
|move|p2a: Garganacl|Salt Cure|p1a: Mandibuzz
|-supereffective|p1a: Mandibuzz
|-damage|p1a: Mandibuzz|2/100
|-start|p1a: Mandibuzz|Salt Cure
|
|-heal|p2a: Garganacl|94/100|[from] item: Leftovers
|-damage|p1a: Mandibuzz|0 fnt|[from] Salt Cure
|faint|p1a: Mandibuzz
|upkeep
|
|t:|1743893783
|switch|p1a: Sinistcha|Sinistcha, shiny|59/100
|turn|57
|
|t:|1743893809
|switch|p2a: Slowking|Slowking-Galar, F|90/100
|move|p1a: Sinistcha|Matcha Gotcha|p2a: Slowking
|-resisted|p2a: Slowking
|-damage|p2a: Slowking|81/100
|-heal|p1a: Sinistcha|65/100|[from] drain|[of] p2a: Slowking
|
|upkeep
|turn|58
|
|t:|1743893821
|switch|p1a: Toxapex|Toxapex, F, shiny|91/100
|move|p2a: Slowking|Psychic Noise|p1a: Toxapex
|-supereffective|p1a: Toxapex
|-damage|p1a: Toxapex|68/100
|-start|p1a: Toxapex|move: Heal Block
|
|upkeep
|turn|59
|
|t:|1743893834
|switch|p1a: Sinistcha|Sinistcha, shiny|65/100
|move|p2a: Slowking|Future Sight|p1a: Sinistcha
|-start|p2a: Slowking|move: Future Sight
|
|upkeep
|turn|60
|
|t:|1743893840
|move|p1a: Sinistcha|Shadow Ball|p2a: Slowking
|-supereffective|p2a: Slowking
|-crit|p2a: Slowking
|-damage|p2a: Slowking|26/100
|-unboost|p2a: Slowking|spd|1
|-prepare|p2a: Slowking|Chilly Reception|[premajor]
|move|p2a: Slowking|Chilly Reception|p2a: Slowking
|-weather|Snowscape
|
|t:|1743893843
|switch|p2a: Garganacl|Garganacl, M|94/100|[from] Chilly Reception
|-damage|p2a: Garganacl|82/100|[from] Stealth Rock
|
|-weather|Snowscape|[upkeep]
|-heal|p2a: Garganacl|88/100|[from] item: Leftovers
|upkeep
|turn|61
|
|t:|1743893853
|switch|p1a: Toxapex|Toxapex, F, shiny|100/100
|move|p2a: Garganacl|Salt Cure|p1a: Toxapex
|-damage|p1a: Toxapex|90/100
|-start|p1a: Toxapex|Salt Cure
|
|-weather|Snowscape|[upkeep]
|-end|p1a: Toxapex|move: Future Sight
|-supereffective|p1a: Toxapex
|-damage|p1a: Toxapex|52/100
|-heal|p2a: Garganacl|94/100|[from] item: Leftovers
|-damage|p1a: Toxapex|27/100|[from] Salt Cure
|upkeep
|turn|62
|
|t:|1743893865
|switch|p2a: Slowking|Slowking-Galar, F|59/100
|move|p1a: Toxapex|Acid Spray|p2a: Slowking
|-resisted|p2a: Slowking
|-damage|p2a: Slowking|57/100
|-unboost|p2a: Slowking|spd|2
|
|-weather|Snowscape|[upkeep]
|-damage|p1a: Toxapex|2/100|[from] Salt Cure
|upkeep
|turn|63
|
|t:|1743893877
|switch|p1a: Sinistcha|Sinistcha, shiny|65/100
|switch|p2a: Garganacl|Garganacl, M|94/100
|-damage|p2a: Garganacl|82/100|[from] Stealth Rock
|
|-weather|Snowscape|[upkeep]
|-heal|p2a: Garganacl|88/100|[from] item: Leftovers
|upkeep
|turn|64
|
|t:|1743893887
|switch|p2a: Slowking|Slowking-Galar, F|90/100
|move|p1a: Sinistcha|Matcha Gotcha|p2a: Slowking
|-resisted|p2a: Slowking
|-damage|p2a: Slowking|80/100
|-heal|p1a: Sinistcha|70/100|[from] drain|[of] p2a: Slowking
|
|-weather|none
|upkeep
|turn|65
|
|t:|1743893896
|switch|p1a: Toxapex|Toxapex, F, shiny|36/100
|move|p2a: Slowking|Future Sight|p1a: Toxapex
|-start|p2a: Slowking|move: Future Sight
|
|upkeep
|turn|66
|
|t:|1743893903
|move|p1a: Toxapex|Acid Spray|p2a: Slowking
|-resisted|p2a: Slowking
|-damage|p2a: Slowking|78/100
|-unboost|p2a: Slowking|spd|2
|move|p2a: Slowking|Psychic Noise|p1a: Toxapex
|-supereffective|p1a: Toxapex
|-damage|p1a: Toxapex|14/100
|-start|p1a: Toxapex|move: Heal Block
|
|upkeep
|turn|67
|
|t:|1743893921
|move|p1a: Toxapex|Acid Spray|p2a: Slowking
|-resisted|p2a: Slowking
|-damage|p2a: Slowking|73/100
|-unboost|p2a: Slowking|spd|2
|-prepare|p2a: Slowking|Chilly Reception|[premajor]
|move|p2a: Slowking|Chilly Reception|p2a: Slowking
|-weather|Snowscape
|
|t:|1743893923
|switch|p2a: Garganacl|Garganacl, M|88/100|[from] Chilly Reception
|-damage|p2a: Garganacl|76/100|[from] Stealth Rock
|
|-weather|Snowscape|[upkeep]
|-end|p1a: Toxapex|move: Future Sight
|-supereffective|p1a: Toxapex
|-crit|p1a: Toxapex
|-damage|p1a: Toxapex|0 fnt
|faint|p1a: Toxapex
|-heal|p2a: Garganacl|82/100|[from] item: Leftovers
|upkeep
|
|t:|1743893936
|switch|p1a: Sinistcha|Sinistcha, shiny|70/100
|turn|68
|
|t:|1743893939
|move|p1a: Sinistcha|Matcha Gotcha|p2a: Garganacl
|-supereffective|p2a: Garganacl
|-damage|p2a: Garganacl|37/100
|-heal|p1a: Sinistcha|97/100|[from] drain|[of] p2a: Garganacl
|move|p2a: Garganacl|Recover|p2a: Garganacl
|-heal|p2a: Garganacl|87/100
|
|-weather|Snowscape|[upkeep]
|-heal|p2a: Garganacl|93/100|[from] item: Leftovers
|upkeep
|turn|69
|
|t:|1743893949
|switch|p1a: Latios|Latios, M, shiny, tera:Steel|45/100
|move|p2a: Garganacl|Recover|p2a: Garganacl
|-heal|p2a: Garganacl|100/100
|
|-weather|Snowscape|[upkeep]
|upkeep
|turn|70
|
|t:|1743893958
|move|p1a: Latios|Calm Mind|p1a: Latios
|-boost|p1a: Latios|spa|1
|-boost|p1a: Latios|spd|1
|move|p2a: Garganacl|Salt Cure|p1a: Latios
|-resisted|p1a: Latios
|-damage|p1a: Latios|35/100
|-start|p1a: Latios|Salt Cure
|
|-weather|Snowscape|[upkeep]
|-damage|p1a: Latios|10/100|[from] Salt Cure
|upkeep
|turn|71
|
|t:|1743893968
|switch|p2a: Slowking|Slowking-Galar, F|100/100
|move|p1a: Latios|Recover|p1a: Latios
|-heal|p1a: Latios|61/100
|
|-weather|none
|-damage|p1a: Latios|36/100|[from] Salt Cure
|upkeep
|turn|72
|
|t:|1743893983
|move|p1a: Latios|Recover|p1a: Latios
|-heal|p1a: Latios|86/100
|move|p2a: Slowking|Psychic Noise|p1a: Latios
|-resisted|p1a: Latios
|-damage|p1a: Latios|76/100
|-start|p1a: Latios|move: Heal Block
|
|-damage|p1a: Latios|51/100|[from] Salt Cure
|upkeep
|turn|73
|
|t:|1743893996
|move|p1a: Latios|Psychic Noise|p2a: Slowking
|-damage|p2a: Slowking|59/100
|-start|p2a: Slowking|move: Heal Block
|move|p2a: Slowking|Future Sight|p1a: Latios
|-start|p2a: Slowking|move: Future Sight
|
|-damage|p1a: Latios|26/100|[from] Salt Cure
|-end|p1a: Latios|move: Heal Block
|upkeep
|turn|74
|
|t:|1743894005
|move|p1a: Latios|Draco Meteor|p2a: Slowking
|-damage|p2a: Slowking|0 fnt
|-unboost|p1a: Latios|spa|2
|faint|p2a: Slowking
|
|-damage|p1a: Latios|1/100|[from] Salt Cure
|upkeep
|
|t:|1743894008
|switch|p2a: Garganacl|Garganacl, M|100/100
|-damage|p2a: Garganacl|88/100|[from] Stealth Rock
|turn|75
|
|t:|1743894019
|move|p1a: Latios|Psychic Noise|p2a: Garganacl
|-damage|p2a: Garganacl|68/100
|-start|p2a: Garganacl|move: Heal Block
|move|p2a: Garganacl|Salt Cure|p1a: Latios
|-resisted|p1a: Latios
|-damage|p1a: Latios|0 fnt
|faint|p1a: Latios
|
|-hint|Future Sight did not hit because the target is fainted.
|upkeep
|c|☆Shadow4cTest3r|gg
|-message|Shadow4cTest3r forfeited.
|
|win|Coldwiii
|raw|Coldwiii's rating: 1540 &rarr; <strong>1559</strong><br />(+19 for winning)
|raw|Shadow4cTest3r's rating: 1520 &rarr; <strong>1501</strong><br />(-19 for losing)
|c|☆Coldwiii|gg
|l|☆Coldwiii
|player|p1|
|l|☆Shadow4cTest3r
|player|p2|
