|j|☆Aidsfish45
|j|☆Necesser
|t:|1743783668
|gametype|singles
|player|p1|Aidsfish45|265|1204
|player|p2|Necesser|265|1229
|teamsize|p1|6
|teamsize|p2|6
|gen|9
|tier|[Gen 9] OU
|rated|
|rule|HP Percentage Mod: HP is shown in percentages
|rule|Endless Battle Clause: Forcing endless battles is banned
|rule|Species Clause: Limit one of each Pokémon
|rule|OHKO Clause: OHKO moves are banned
|rule|Evasion Items Clause: Evasion items are banned
|rule|Evasion Moves Clause: Evasion moves are banned
|rule|Sleep Moves Clause: Sleep-inducing moves are banned
|clearpoke
|poke|p1|Cinccino, M|
|poke|p1|Dragonite, M|
|poke|p1|Porygon2|
|poke|p1|Arcanine, M|
|poke|p1|Gengar, M|
|poke|p1|Rotom-Wash|
|poke|p2|Cinderace, F|
|poke|p2|Landorus-Therian, M|
|poke|p2|Kingambit, M|
|poke|p2|Raging Bolt|
|poke|p2|Garganacl, F|
|poke|p2|Gliscor, M|
|teampreview
|
|t:|1743783673
|start
|switch|p1a: Porygon2|Porygon2|100/100
|switch|p2a: Landorus|Landorus-Therian, M|100/100
|-ability|p2a: Landorus|Intimidate|boost
|-unboost|p1a: Porygon2|atk|1
|-ability|p1a: Porygon2|Download|boost
|-boost|p1a: Porygon2|spa|1
|turn|1
|
|t:|1743783685
|move|p2a: Landorus|U-turn|p1a: Porygon2
|-damage|p1a: Porygon2|84/100
|
|t:|1743783688
|switch|p2a: Kingambit|Kingambit, M|100/100|[from] U-turn
|move|p1a: Porygon2|Ice Beam|p2a: Kingambit
|-resisted|p2a: Kingambit
|-crit|p2a: Kingambit
|-damage|p2a: Kingambit|79/100
|
|upkeep
|turn|2
|
|t:|1743783702
|switch|p1a: Dragonite|Dragonite, M|100/100
|move|p2a: Kingambit|Kowtow Cleave|p1a: Dragonite
|-damage|p1a: Dragonite|75/100
|
|upkeep
|turn|3
|
|t:|1743783712
|switch|p1a: Rotom|Rotom-Wash|100/100
|move|p2a: Kingambit|Kowtow Cleave|p1a: Rotom
|-damage|p1a: Rotom|50/100
|
|-heal|p1a: Rotom|56/100|[from] item: Leftovers
|upkeep
|turn|4
|
|t:|1743783721
|move|p1a: Rotom|Will-O-Wisp|p2a: Kingambit
|-status|p2a: Kingambit|brn
|move|p2a: Kingambit|Kowtow Cleave|p1a: Rotom
|-damage|p1a: Rotom|32/100
|
|-heal|p1a: Rotom|38/100|[from] item: Leftovers
|-damage|p2a: Kingambit|73/100 brn|[from] brn
|upkeep
|turn|5
|
|t:|1743783731
|move|p1a: Rotom|Volt Switch|p2a: Kingambit
|-damage|p2a: Kingambit|51/100 brn
|
|t:|1743783735
|switch|p1a: Dragonite|Dragonite, M|75/100|[from] Volt Switch
|move|p2a: Kingambit|Kowtow Cleave|p1a: Dragonite
|-damage|p1a: Dragonite|46/100
|
|-damage|p2a: Kingambit|45/100 brn|[from] brn
|upkeep
|turn|6
|inactive|Battle timer is ON: inactive players will automatically lose when time's up. (requested by Aidsfish45)
|
|t:|1743783748
|-end|p2a: Kingambit|fallenundefined|[silent]
|switch|p2a: Landorus|Landorus-Therian, M|100/100
|-ability|p2a: Landorus|Intimidate|boost
|-unboost|p1a: Dragonite|atk|1
|move|p1a: Dragonite|Earthquake|p2a: Landorus
|-immune|p2a: Landorus
|
|upkeep
|turn|7
|
|t:|1743783757
|move|p2a: Landorus|Stealth Rock|p1a: Dragonite
|-sidestart|p1: Aidsfish45|move: Stealth Rock
|move|p1a: Dragonite|Outrage|p2a: Landorus
|-damage|p2a: Landorus|51/100
|-damage|p1a: Dragonite|30/100|[from] item: Rocky Helmet|[of] p2a: Landorus
|
|upkeep
|turn|8
|
|t:|1743783765
|move|p2a: Landorus|U-turn|p1a: Dragonite
|-resisted|p1a: Dragonite
|-damage|p1a: Dragonite|18/100
|
|t:|1743783769
|switch|p2a: Kingambit|Kingambit, M|45/100 brn|[from] U-turn
|move|p1a: Dragonite|Outrage|p2a: Kingambit|[from] lockedmove
|-resisted|p2a: Kingambit
|-damage|p2a: Kingambit|28/100 brn
|
|-damage|p2a: Kingambit|22/100 brn|[from] brn
|upkeep
|turn|9
|
|t:|1743783779
|move|p2a: Kingambit|Sucker Punch|p1a: Dragonite
|-damage|p1a: Dragonite|0 fnt
|faint|p1a: Dragonite
|
|-damage|p2a: Kingambit|16/100 brn|[from] brn
|upkeep
|
|t:|1743783783
|switch|p1a: Cinccino|Cinccino, M|100/100
|-damage|p1a: Cinccino|88/100|[from] Stealth Rock
|turn|10
|
|t:|1743783789
|move|p2a: Kingambit|Sucker Punch||[still]
|-fail|p2a: Kingambit
|move|p1a: Cinccino|Tidy Up|p1a: Cinccino
|-sideend|p1: Aidsfish45|Stealth Rock
|-activate|p1a: Cinccino|move: Tidy Up
|-boost|p1a: Cinccino|atk|1
|-boost|p1a: Cinccino|spe|1
|
|-damage|p2a: Kingambit|10/100 brn|[from] brn
|upkeep
|turn|11
|
|t:|1743783798
|move|p2a: Kingambit|Sucker Punch||[still]
|-fail|p2a: Kingambit
|move|p1a: Cinccino|Tidy Up|p1a: Cinccino
|-boost|p1a: Cinccino|atk|1
|-boost|p1a: Cinccino|spe|1
|
|-damage|p2a: Kingambit|3/100 brn|[from] brn
|upkeep
|turn|12
|
|t:|1743783807
|move|p1a: Cinccino|Tidy Up|p1a: Cinccino
|-boost|p1a: Cinccino|atk|1
|-boost|p1a: Cinccino|spe|1
|move|p2a: Kingambit|Kowtow Cleave|p1a: Cinccino
|-damage|p1a: Cinccino|44/100
|
|-damage|p2a: Kingambit|0 fnt|[from] brn
|faint|p2a: Kingambit
|-end|p2a: Kingambit|fallenundefined|[silent]
|upkeep
|
|t:|1743783817
|switch|p2a: Landorus|Landorus-Therian, M|51/100
|-ability|p2a: Landorus|Intimidate|boost
|-unboost|p1a: Cinccino|atk|1
|turn|13
|
|t:|1743783822
|move|p1a: Cinccino|Bullet Seed|p2a: Landorus
|-damage|p2a: Landorus|31/100
|-damage|p2a: Landorus|10/100
|-damage|p2a: Landorus|0 fnt
|faint|p2a: Landorus
|-hitcount|p2: Landorus|3
|
|upkeep
|
|t:|1743783829
|switch|p2a: Raging Bolt|Raging Bolt|100/100
|-enditem|p2a: Raging Bolt|Booster Energy
|-activate|p2a: Raging Bolt|ability: Protosynthesis|[fromitem]
|-start|p2a: Raging Bolt|protosynthesisspa
|turn|14
|
|t:|1743783837
|move|p2a: Raging Bolt|Thunderclap|p1a: Cinccino
|-damage|p1a: Cinccino|0 fnt
|faint|p1a: Cinccino
|
|upkeep
|
|t:|1743783845
|switch|p1a: Porygon2|Porygon2|84/100
|-ability|p1a: Porygon2|Download|boost
|-boost|p1a: Porygon2|spa|1
|turn|15
|
|t:|1743783852
|move|p2a: Raging Bolt|Volt Switch|p1a: Porygon2
|-damage|p1a: Porygon2|46/100
|
|t:|1743783856
|-end|p2a: Raging Bolt|Protosynthesis|[silent]
|switch|p2a: Cinderace|Cinderace, F|100/100|[from] Volt Switch
|move|p1a: Porygon2|Ice Beam|p2a: Cinderace
|-resisted|p2a: Cinderace
|-damage|p2a: Cinderace|69/100
|
|upkeep
|turn|16
|
|t:|1743783866
|move|p2a: Cinderace|U-turn|p1a: Porygon2
|-start|p2a: Cinderace|typechange|Bug|[from] ability: Libero
|-damage|p1a: Porygon2|21/100
|
|t:|1743783871
|switch|p2a: Garganacl|Garganacl, F|100/100|[from] U-turn
|move|p1a: Porygon2|Recover|p1a: Porygon2
|-heal|p1a: Porygon2|71/100
|
|upkeep
|turn|17
|
|t:|1743783888
|move|p1a: Porygon2|Shadow Ball|p2a: Garganacl
|-damage|p2a: Garganacl|84/100
|move|p2a: Garganacl|Salt Cure|p1a: Porygon2
|-damage|p1a: Porygon2|61/100
|-start|p1a: Porygon2|Salt Cure
|
|-heal|p2a: Garganacl|90/100|[from] item: Leftovers
|-damage|p1a: Porygon2|49/100|[from] Salt Cure
|upkeep
|turn|18
|
|t:|1743783900
|move|p1a: Porygon2|Recover|p1a: Porygon2
|-heal|p1a: Porygon2|99/100
|move|p2a: Garganacl|Curse|p2a: Garganacl
|-unboost|p2a: Garganacl|spe|1
|-boost|p2a: Garganacl|atk|1
|-boost|p2a: Garganacl|def|1
|
|-heal|p2a: Garganacl|96/100|[from] item: Leftovers
|-damage|p1a: Porygon2|87/100|[from] Salt Cure
|upkeep
|turn|19
|
|t:|1743783911
|switch|p1a: Arcanine|Arcanine, M|100/100
|move|p2a: Garganacl|Curse|p2a: Garganacl
|-unboost|p2a: Garganacl|spe|1
|-boost|p2a: Garganacl|atk|1
|-boost|p2a: Garganacl|def|1
|
|-heal|p2a: Garganacl|100/100|[from] item: Leftovers
|upkeep
|turn|20
|
|t:|1743783922
|move|p1a: Arcanine|Close Combat|p2a: Garganacl
|-supereffective|p2a: Garganacl
|-damage|p2a: Garganacl|70/100
|-unboost|p1a: Arcanine|def|1
|-unboost|p1a: Arcanine|spd|1
|move|p2a: Garganacl|Salt Cure|p1a: Arcanine
|-supereffective|p1a: Arcanine
|-damage|p1a: Arcanine|0 fnt
|faint|p1a: Arcanine
|
|-heal|p2a: Garganacl|76/100|[from] item: Leftovers
|upkeep
|
|t:|1743783932
|switch|p1a: Rotom|Rotom-Wash|38/100
|turn|21
|
|t:|1743783939
|move|p2a: Garganacl|Protect|p2a: Garganacl
|-singleturn|p2a: Garganacl|Protect
|move|p1a: Rotom|Will-O-Wisp|p2a: Garganacl
|-activate|p2a: Garganacl|move: Protect
|
|-heal|p1a: Rotom|44/100|[from] item: Leftovers
|-heal|p2a: Garganacl|82/100|[from] item: Leftovers
|upkeep
|turn|22
|
|t:|1743783948
|move|p1a: Rotom|Will-O-Wisp|p2a: Garganacl
|-immune|p2a: Garganacl|[from] ability: Purifying Salt
|move|p2a: Garganacl|Salt Cure|p1a: Rotom
|-damage|p1a: Rotom|16/100
|-start|p1a: Rotom|Salt Cure
|
|-heal|p1a: Rotom|22/100|[from] item: Leftovers
|-heal|p2a: Garganacl|88/100|[from] item: Leftovers
|-damage|p1a: Rotom|0 fnt|[from] Salt Cure
|faint|p1a: Rotom
|upkeep
|
|t:|1743783954
|switch|p1a: Gengar|Gengar, M|100/100
|turn|23
|
|t:|1743783964
|-terastallize|p1a: Gengar|Grass
|move|p1a: Gengar|Energy Ball|p2a: Garganacl
|-supereffective|p2a: Garganacl
|-damage|p2a: Garganacl|0 fnt
|faint|p2a: Garganacl
|
|upkeep
|
|t:|1743783972
|switch|p2a: Cinderace|Cinderace, F|69/100
|turn|24
|
|t:|1743783981
|-terastallize|p2a: Cinderace|Fire
|move|p2a: Cinderace|Pyro Ball|p1a: Gengar
|-supereffective|p1a: Gengar
|-damage|p1a: Gengar|0 fnt
|-start|p2a: Cinderace|Disable|Pyro Ball|[from] ability: Cursed Body|[of] p1a: Gengar
|faint|p1a: Gengar
|
|upkeep
|
|t:|1743783984
|switch|p1a: Porygon2|Porygon2|87/100
|-ability|p1a: Porygon2|Download|boost
|-boost|p1a: Porygon2|atk|1
|turn|25
|
|t:|1743783992
|switch|p2a: Gliscor|Gliscor, M|100/100
|move|p1a: Porygon2|Tri Attack|p2a: Gliscor
|-damage|p2a: Gliscor|56/100
|
|-status|p2a: Gliscor|tox|[from] item: Toxic Orb
|upkeep
|turn|26
|
|t:|1743784002
|move|p2a: Gliscor|Protect|p2a: Gliscor
|-singleturn|p2a: Gliscor|Protect
|move|p1a: Porygon2|Ice Beam|p2a: Gliscor
|-activate|p2a: Gliscor|move: Protect
|
|-heal|p2a: Gliscor|69/100 tox|[from] ability: Poison Heal
|upkeep
|turn|27
|
|t:|1743784010
|move|p2a: Gliscor|Knock Off|p1a: Porygon2
|-damage|p1a: Porygon2|73/100
|-enditem|p1a: Porygon2|Eviolite|[from] move: Knock Off|[of] p2a: Gliscor
|move|p1a: Porygon2|Tri Attack|p2a: Gliscor
|-damage|p2a: Gliscor|19/100 tox
|
|-heal|p2a: Gliscor|32/100 tox|[from] ability: Poison Heal
|upkeep
|turn|28
|
|t:|1743784020
|move|p2a: Gliscor|Protect|p2a: Gliscor
|-singleturn|p2a: Gliscor|Protect
|move|p1a: Porygon2|Tri Attack|p2a: Gliscor
|-activate|p2a: Gliscor|move: Protect
|
|-heal|p2a: Gliscor|44/100 tox|[from] ability: Poison Heal
|upkeep
|turn|29
|
|t:|1743784029
|move|p2a: Gliscor|Toxic|p1a: Porygon2
|-status|p1a: Porygon2|tox
|move|p1a: Porygon2|Tri Attack|p2a: Gliscor
|-damage|p2a: Gliscor|0 fnt
|faint|p2a: Gliscor
|
|-damage|p1a: Porygon2|67/100 tox|[from] psn
|upkeep
|
|t:|1743784039
|switch|p2a: Cinderace|Cinderace, F, tera:Fire|69/100
|turn|30
|
|t:|1743784042
|move|p2a: Cinderace|High Jump Kick|p1a: Porygon2
|-supereffective|p1a: Porygon2
|-damage|p1a: Porygon2|0 fnt
|faint|p1a: Porygon2
|
|win|Necesser
|raw|Aidsfish45's rating: 1204 &rarr; <strong>1181</strong><br />(-23 for losing)
|raw|Necesser's rating: 1229 &rarr; <strong>1252</strong><br />(+23 for winning)
|l|☆Aidsfish45
|player|p1|
|l|☆Necesser
|player|p2|
|j|☆Necesser
|player|p2|Necesser|265|
|l|☆Necesser
|player|p2|
