|j|☆RyvalMD
|j|☆xIZZYx
|t:|1743917080
|gametype|singles
|player|p1|RyvalMD|169|1519
|player|p2|xIZZYx|lance|1477
|teamsize|p1|6
|teamsize|p2|6
|gen|9
|tier|[Gen 9] OU
|rated|
|rule|HP Percentage Mod: HP is shown in percentages
|rule|Endless Battle Clause: Forcing endless battles is banned
|rule|Species Clause: Limit one of each Pokémon
|rule|OHKO Clause: OHKO moves are banned
|rule|Evasion Items Clause: Evasion items are banned
|rule|Evasion Moves Clause: Evasion moves are banned
|rule|Sleep Moves Clause: Sleep-inducing moves are banned
|clearpoke
|poke|p1|Clefable, M|
|poke|p1|Gliscor, F|
|poke|p1|Dragapult, M|
|poke|p1|Kingambit, F|
|poke|p1|Darkrai|
|poke|p1|Slowking-Galar, M|
|poke|p2|Rillaboom, M|
|poke|p2|Gholdengo|
|poke|p2|Kyurem|
|poke|p2|Corviknight, M|
|poke|p2|Volcanion|
|poke|p2|Dragapult, M|
|teampreview
|inactive|Battle timer is ON: inactive players will automatically lose when time's up. (requested by xIZZYx)
|
|t:|1743917098
|start
|switch|p1a: Clefable|Clefable, M|100/100
|switch|p2a: Volcanion|Volcanion|100/100
|turn|1
|
|t:|1743917107
|switch|p2a: Gholdengo|Gholdengo|100/100
|-item|p2a: Gholdengo|Air Balloon
|move|p1a: Clefable|Stealth Rock|p2a: Gholdengo
|-sidestart|p2: xIZZYx|move: Stealth Rock
|
|upkeep
|turn|2
|
|t:|1743917117
|switch|p1a: Darkrai|Darkrai|100/100
|move|p2a: Gholdengo|Make It Rain|p1a: Darkrai
|-damage|p1a: Darkrai|16/100
|-unboost|p2a: Gholdengo|spa|1
|
|upkeep
|turn|3
|l|☆RyvalMD
|inactive|RyvalMD disconnected and has a minute to reconnect!
|player|p1|
|
|t:|1743917144
|move|p1a: Darkrai|Knock Off|p2a: Gholdengo
|-supereffective|p2a: Gholdengo
|-damage|p2a: Gholdengo|26/100
|-enditem|p2a: Gholdengo|Air Balloon
|move|p2a: Gholdengo|Make It Rain|p1a: Darkrai
|-damage|p1a: Darkrai|0 fnt
|-unboost|p2a: Gholdengo|spa|1
|faint|p1a: Darkrai
|
|upkeep
|j|☆RyvalMD
|inactive|RyvalMD reconnected and has 150 seconds left.
|player|p1|RyvalMD|169|
|
|t:|1743917148
|switch|p1a: Dragapult|Dragapult, M|100/100
|turn|4
|inactive|xIZZYx has 120 seconds left.
|
|t:|1743917181
|switch|p2a: Corviknight|Corviknight, M|100/100
|-damage|p2a: Corviknight|88/100|[from] Stealth Rock
|-ability|p2a: Corviknight|Pressure
|move|p1a: Dragapult|Hex|p2a: Corviknight
|-damage|p2a: Corviknight|59/100
|
|upkeep
|turn|5
|
|t:|1743917190
|move|p1a: Dragapult|Will-O-Wisp|p2a: Corviknight|[miss]
|-miss|p1a: Dragapult|p2a: Corviknight
|move|p2a: Corviknight|Defog|p1a: Dragapult
|-unboost|p1a: Dragapult|evasion|1
|-sideend|p2: xIZZYx|Stealth Rock|[from] move: Defog|[of] p2a: Corviknight
|
|upkeep
|turn|6
|inactive|xIZZYx has 120 seconds left.
|
|t:|1743917199
|switch|p2a: Volcanion|Volcanion|100/100
|move|p1a: Dragapult|Hex|p2a: Volcanion
|-damage|p2a: Volcanion|71/100
|
|upkeep
|turn|7
|
|t:|1743917203
|move|p1a: Dragapult|Dragon Darts|p2a: Volcanion
|-damage|p2a: Volcanion|56/100
|-anim|p1a: Dragapult|Dragon Darts|p2a: Volcanion
|-damage|p2a: Volcanion|40/100
|move|p2a: Volcanion|Steam Eruption|p1a: Dragapult
|-resisted|p1a: Dragapult
|-damage|p1a: Dragapult|56/100
|
|upkeep
|turn|8
|
|t:|1743917211
|move|p1a: Dragapult|Hex|p2a: Volcanion
|-damage|p2a: Volcanion|10/100
|move|p2a: Volcanion|Steam Eruption|p1a: Dragapult
|-resisted|p1a: Dragapult
|-damage|p1a: Dragapult|15/100
|-status|p1a: Dragapult|brn
|
|-damage|p1a: Dragapult|9/100 brn|[from] brn
|upkeep
|turn|9
|
|t:|1743917216
|move|p1a: Dragapult|Hex|p2a: Volcanion
|-damage|p2a: Volcanion|0 fnt
|faint|p2a: Volcanion
|
|-damage|p1a: Dragapult|3/100 brn|[from] brn
|upkeep
|
|t:|1743917226
|switch|p2a: Dragapult|Dragapult, M|100/100
|turn|10
|
|t:|1743917233
|move|p1a: Dragapult|Dragon Darts|p2a: Dragapult
|-supereffective|p2a: Dragapult
|-crit|p2a: Dragapult
|-damage|p2a: Dragapult|62/100
|-anim|p1a: Dragapult|Dragon Darts|p2a: Dragapult
|-supereffective|p2a: Dragapult
|-damage|p2a: Dragapult|33/100
|move|p2a: Dragapult|Dragon Darts|p1a: Dragapult
|-supereffective|p1a: Dragapult
|-damage|p1a: Dragapult|0 fnt
|faint|p1a: Dragapult
|
|upkeep
|
|t:|1743917244
|switch|p1a: Clefable|Clefable, M|100/100
|turn|11
|
|t:|1743917269
|switch|p2a: Gholdengo|Gholdengo|26/100
|move|p1a: Clefable|Stealth Rock|p2a: Gholdengo
|-sidestart|p2: xIZZYx|move: Stealth Rock
|
|upkeep
|turn|12
|l|☆RyvalMD
|inactive|RyvalMD disconnected and has a minute to reconnect!
|player|p1|
|
|t:|1743917293
|switch|p1a: Slowking|Slowking-Galar, M|100/100
|move|p2a: Gholdengo|Make It Rain|p1a: Slowking
|-damage|p1a: Slowking|64/100
|-unboost|p2a: Gholdengo|spa|1
|
|upkeep
|turn|13
|j|☆RyvalMD
|inactive|RyvalMD reconnected and has 150 seconds left.
|player|p1|RyvalMD|169|
|
|t:|1743917302
|move|p2a: Gholdengo|Shadow Ball|p1a: Slowking
|-supereffective|p1a: Slowking
|-damage|p1a: Slowking|27/100
|move|p1a: Slowking|Flamethrower|p2a: Gholdengo
|-supereffective|p2a: Gholdengo
|-crit|p2a: Gholdengo
|-damage|p2a: Gholdengo|0 fnt
|faint|p2a: Gholdengo
|
|upkeep
|
|t:|1743917313
|switch|p2a: Kyurem|Kyurem, shiny|100/100
|-damage|p2a: Kyurem|76/100|[from] Stealth Rock
|-ability|p2a: Kyurem|Pressure
|turn|14
|
|t:|1743917319
|move|p2a: Kyurem|Ice Beam|p1a: Slowking
|-crit|p1a: Slowking
|-damage|p1a: Slowking|0 fnt
|faint|p1a: Slowking
|-damage|p2a: Kyurem|66/100|[from] item: Life Orb
|
|upkeep
|
|t:|1743917331
|switch|p1a: Clefable|Clefable, M|100/100
|turn|15
|
|t:|1743917353
|switch|p2a: Rillaboom|Rillaboom, M|100/100
|-damage|p2a: Rillaboom|88/100|[from] Stealth Rock
|-fieldstart|move: Grassy Terrain|[from] ability: Grassy Surge|[of] p2a: Rillaboom
|move|p1a: Clefable|Thunder Wave|p2a: Rillaboom
|-status|p2a: Rillaboom|par
|
|-heal|p2a: Rillaboom|94/100 par|[from] Grassy Terrain
|upkeep
|turn|16
|
|t:|1743917364
|cant|p2a: Rillaboom|par
|move|p1a: Clefable|Moonblast|p2a: Rillaboom
|-damage|p2a: Rillaboom|61/100 par
|
|-heal|p2a: Rillaboom|67/100 par|[from] Grassy Terrain
|upkeep
|turn|17
|
|t:|1743917375
|move|p2a: Rillaboom|Grassy Glide|p1a: Clefable
|-damage|p1a: Clefable|55/100
|-damage|p2a: Rillaboom|50/100 par|[from] item: Rocky Helmet|[of] p1a: Clefable
|move|p1a: Clefable|Moonblast|p2a: Rillaboom
|-damage|p2a: Rillaboom|16/100 par
|
|-heal|p1a: Clefable|61/100|[from] Grassy Terrain
|-heal|p2a: Rillaboom|22/100 par|[from] Grassy Terrain
|upkeep
|turn|18
|
|t:|1743917390
|move|p2a: Rillaboom|Grassy Glide|p1a: Clefable
|-damage|p1a: Clefable|16/100
|-damage|p2a: Rillaboom|5/100 par|[from] item: Rocky Helmet|[of] p1a: Clefable
|move|p1a: Clefable|Moonlight|p1a: Clefable
|-heal|p1a: Clefable|66/100
|
|-heal|p1a: Clefable|72/100|[from] Grassy Terrain
|-heal|p2a: Rillaboom|12/100 par|[from] Grassy Terrain
|upkeep
|turn|19
|
|t:|1743917397
|move|p2a: Rillaboom|Grassy Glide|p1a: Clefable
|-damage|p1a: Clefable|28/100
|-damage|p2a: Rillaboom|0 fnt|[from] item: Rocky Helmet|[of] p1a: Clefable
|faint|p2a: Rillaboom
|move|p1a: Clefable|Moonlight|p1a: Clefable
|-heal|p1a: Clefable|78/100
|
|-heal|p1a: Clefable|84/100|[from] Grassy Terrain
|-fieldend|move: Grassy Terrain
|upkeep
|-message|xIZZYx forfeited.
|
|win|RyvalMD
|raw|RyvalMD's rating: 1519 &rarr; <strong>1537</strong><br />(+18 for winning)
|raw|xIZZYx's rating: 1477 &rarr; <strong>1459</strong><br />(-18 for losing)
|l|☆xIZZYx
|player|p2|
|l|☆RyvalMD
|player|p1|
