|j|☆tera rizz
|j|☆pichin
|t:|1743813058
|gametype|singles
|player|p1|tera rizz|266|1124
|player|p2|pichin|mira|1130
|teamsize|p1|6
|teamsize|p2|6
|gen|9
|tier|[Gen 9] OU
|rated|
|rule|HP Percentage Mod: HP is shown in percentages
|rule|Endless Battle Clause: Forcing endless battles is banned
|rule|Species Clause: Limit one of each Pokémon
|rule|OHKO Clause: OHKO moves are banned
|rule|Evasion Items Clause: Evasion items are banned
|rule|Evasion Moves Clause: Evasion moves are banned
|rule|Sleep Moves Clause: Sleep-inducing moves are banned
|clearpoke
|poke|p1|Metagross|
|poke|p1|Meowscarada, M|
|poke|p1|Landorus-Therian, M|
|poke|p1|Raikou|
|poke|p1|Hoopa-Unbound|
|poke|p1|Primarina, F|
|poke|p2|Weezing-Galar, F|
|poke|p2|Snorlax, F|
|poke|p2|Lapras, M|
|poke|p2|Sudowoodo, L1, F|
|poke|p2|Gengar, M|
|poke|p2|Dodrio, M|
|teampreview
|inactive|Battle timer is ON: inactive players will automatically lose when time's up. (requested by tera rizz)
|
|t:|1743813073
|start
|switch|p1a: Meowscarada|Meowscarada, M|100/100
|switch|p2a: Gengar|Gengar, M|100/100
|turn|1
|
|t:|1743813079
|move|p2a: Gengar|Sludge Bomb|p1a: Meowscarada
|-supereffective|p1a: Meowscarada
|-damage|p1a: Meowscarada|0 fnt
|faint|p1a: Meowscarada
|
|upkeep
|
|t:|1743813085
|switch|p1a: Metagross|Metagross|100/100
|turn|2
|
|t:|1743813092
|switch|p2a: Antigliscor|Weezing-Galar, F|100/100
|move|p1a: Metagross|Heavy Slam|p2a: Antigliscor
|-supereffective|p2a: Antigliscor
|-damage|p2a: Antigliscor|26/100
|
|-heal|p2a: Antigliscor|32/100|[from] item: Black Sludge
|upkeep
|turn|3
|
|t:|1743813120
|move|p1a: Metagross|Heavy Slam|p2a: Antigliscor
|-supereffective|p2a: Antigliscor
|-crit|p2a: Antigliscor
|-damage|p2a: Antigliscor|0 fnt
|faint|p2a: Antigliscor
|
|upkeep
|
|t:|1743813126
|switch|p2a: Sudowoodo|Sudowoodo, L1, F|100/100
|turn|4
|
|t:|1743813135
|move|p1a: Metagross|Knock Off|p2a: Sudowoodo
|-ability|p2a: Sudowoodo|Sturdy
|-damage|p2a: Sudowoodo|9/100
|-enditem|p2a: Sudowoodo|Shell Bell|[from] move: Knock Off|[of] p1a: Metagross
|move|p2a: Sudowoodo|Endeavor|p1a: Metagross
|-damage|p1a: Metagross|1/100
|-damage|p2a: Sudowoodo|0 fnt|[from] item: Rocky Helmet|[of] p1a: Metagross
|faint|p2a: Sudowoodo
|
|upkeep
|
|t:|1743813149
|switch|p2a: Dodrio|Dodrio, M|100/100
|turn|5
|
|t:|1743813155
|move|p2a: Dodrio|Thrash|p1a: Metagross
|-enditem|p2a: Dodrio|Normal Gem|[from] gem
|-resisted|p1a: Metagross
|-damage|p1a: Metagross|0 fnt
|-damage|p2a: Dodrio|84/100|[from] item: Rocky Helmet|[of] p1a: Metagross
|faint|p1a: Metagross
|
|upkeep
|
|t:|1743813165
|switch|p1a: Landorus|Landorus-Therian, M|100/100
|-ability|p1a: Landorus|Intimidate|boost
|-unboost|p2a: Dodrio|atk|1
|turn|6
|
|t:|1743813169
|move|p1a: Landorus|U-turn|p2a: Dodrio
|-resisted|p2a: Dodrio
|-damage|p2a: Dodrio|59/100
|
|t:|1743813172
|switch|p1a: Raikou|Raikou|100/100|[from] U-turn
|-ability|p1a: Raikou|Pressure
|move|p2a: Dodrio|Thrash|p1a: Raikou|[from] lockedmove
|-damage|p1a: Raikou|51/100
|
|-heal|p1a: Raikou|57/100|[from] item: Leftovers
|upkeep
|turn|7
|
|t:|1743813183
|move|p1a: Raikou|Thunderbolt|p2a: Dodrio
|-supereffective|p2a: Dodrio
|-damage|p2a: Dodrio|0 fnt
|faint|p2a: Dodrio
|
|-heal|p1a: Raikou|63/100|[from] item: Leftovers
|upkeep
|
|t:|1743813191
|switch|p2a: Snorlax|Snorlax, F, shiny|100/100
|turn|8
|
|t:|1743813205
|move|p1a: Raikou|Volt Switch|p2a: Snorlax
|-damage|p2a: Snorlax|87/100
|
|t:|1743813209
|switch|p1a: Hoopa|Hoopa-Unbound|100/100|[from] Volt Switch
|move|p2a: Snorlax|Body Slam|p1a: Hoopa
|-damage|p1a: Hoopa|45/100
|-status|p1a: Hoopa|par
|
|-heal|p2a: Snorlax|93/100|[from] item: Leftovers
|upkeep
|turn|9
|
|t:|1743813219
|cant|p1a: Hoopa|par
|move|p2a: Snorlax|Body Slam|p1a: Hoopa
|-crit|p1a: Hoopa
|-damage|p1a: Hoopa|0 fnt
|faint|p1a: Hoopa
|
|-heal|p2a: Snorlax|99/100|[from] item: Leftovers
|upkeep
|
|t:|1743813229
|switch|p1a: Landorus|Landorus-Therian, M|100/100
|-ability|p1a: Landorus|Intimidate|boost
|-unboost|p2a: Snorlax|atk|1
|turn|10
|
|t:|1743813234
|move|p1a: Landorus|Earthquake|p2a: Snorlax
|-damage|p2a: Snorlax|39/100
|move|p2a: Snorlax|Body Slam|p1a: Landorus
|-damage|p1a: Landorus|75/100
|
|-heal|p2a: Snorlax|45/100|[from] item: Leftovers
|upkeep
|turn|11
|
|t:|1743813242
|switch|p2a: Lapras|Lapras, M|100/100
|move|p1a: Landorus|Earthquake|p2a: Lapras
|-damage|p2a: Lapras|40/100
|
|upkeep
|turn|12
|
|t:|1743813252
|move|p1a: Landorus|Earthquake|p2a: Lapras
|-damage|p2a: Lapras|0 fnt
|faint|p2a: Lapras
|
|upkeep
|
|t:|1743813257
|switch|p2a: Gengar|Gengar, M|100/100
|turn|13
|
|t:|1743813261
|-terastallize|p1a: Landorus|Water
|move|p2a: Gengar|Shadow Ball|p1a: Landorus
|-damage|p1a: Landorus|24/100
|move|p1a: Landorus|Earthquake|p2a: Gengar
|-supereffective|p2a: Gengar
|-damage|p2a: Gengar|0 fnt
|faint|p2a: Gengar
|
|upkeep
|
|t:|1743813271
|switch|p2a: Snorlax|Snorlax, F, shiny|45/100
|turn|14
|
|t:|1743813277
|move|p1a: Landorus|Earthquake|p2a: Snorlax
|-damage|p2a: Snorlax|0 fnt
|faint|p2a: Snorlax
|
|win|tera rizz
|raw|tera rizz's rating: 1124 &rarr; <strong>1149</strong><br />(+25 for winning)
|raw|pichin's rating: 1130 &rarr; <strong>1105</strong><br />(-25 for losing)
|l|☆tera rizz
|player|p1|
|l|☆pichin
|player|p2|
