|j|☆Panconprichas
|j|☆DEATH5_5HADOW
|t:|1743882927
|gametype|singles
|player|p1|Panconprichas|dawn|1263
|player|p2|DEATH5_5HADOW|hiker-gen4|1232
|teamsize|p1|6
|teamsize|p2|6
|gen|9
|tier|[Gen 9] OU
|rated|
|rule|HP Percentage Mod: HP is shown in percentages
|rule|Endless Battle Clause: Forcing endless battles is banned
|rule|Species Clause: Limit one of each Pokémon
|rule|OHKO Clause: OHKO moves are banned
|rule|Evasion Items Clause: Evasion items are banned
|rule|Evasion Moves Clause: Evasion moves are banned
|rule|Sleep Moves Clause: Sleep-inducing moves are banned
|clearpoke
|poke|p1|Garganacl, F|
|poke|p1|Dondozo, M|
|poke|p1|Alomomola, M|
|poke|p1|Walking Wake|
|poke|p1|Goodra-Hisui, F|
|poke|p1|Cyclizar, F|
|poke|p2|Skeledirge, F|
|poke|p2|Clodsire, M|
|poke|p2|Tinkaton, F|
|poke|p2|Dragonite, M|
|poke|p2|Araquanid, M|
|poke|p2|Walking Wake|
|teampreview
|
|t:|1743882939
|start
|switch|p1a: Alomomola|Alomomola, M|100/100
|switch|p2a: Walking Wake|Walking Wake|100/100
|turn|1
|
|t:|1743882946
|move|p2a: Walking Wake|Draco Meteor|p1a: Alomomola
|-damage|p1a: Alomomola|0 fnt
|-unboost|p2a: Walking Wake|spa|2
|faint|p1a: Alomomola
|
|upkeep
|
|t:|1743882960
|switch|p1a: Garganacl|Garganacl, F, shiny|100/100
|turn|2
|
|t:|1743882975
|-end|p2a: Walking Wake|Protosynthesis|[silent]
|switch|p2a: Clodsire|Clodsire, M|100/100
|move|p1a: Garganacl|Salt Cure|p2a: Clodsire
|-resisted|p2a: Clodsire
|-damage|p2a: Clodsire|93/100
|-start|p2a: Clodsire|Salt Cure
|
|-damage|p2a: Clodsire|81/100|[from] Salt Cure
|upkeep
|turn|3
|
|t:|1743882988
|switch|p1a: Cyclizar|Cyclizar, F|100/100
|move|p2a: Clodsire|Toxic|p1a: Cyclizar
|-status|p1a: Cyclizar|tox
|
|-damage|p1a: Cyclizar|94/100 tox|[from] psn
|-damage|p2a: Clodsire|68/100|[from] Salt Cure
|upkeep
|turn|4
|
|t:|1743883002
|switch|p2a: MC Hammer|Tinkaton, F|100/100
|-item|p2a: MC Hammer|Air Balloon
|move|p1a: Cyclizar|Knock Off|p2a: MC Hammer
|-resisted|p2a: MC Hammer
|-damage|p2a: MC Hammer|89/100
|-enditem|p2a: MC Hammer|Air Balloon
|-enditem|p1a: Cyclizar|Heavy-Duty Boots|[silent]|[from] ability: Pickpocket|[of] p1a: Cyclizar
|-item|p2a: MC Hammer|Heavy-Duty Boots|[from] ability: Pickpocket|[of] p1a: Cyclizar
|
|-damage|p1a: Cyclizar|82/100 tox|[from] psn
|upkeep
|turn|5
|
|t:|1743883017
|move|p1a: Cyclizar|U-turn|p2a: MC Hammer
|-resisted|p2a: MC Hammer
|-damage|p2a: MC Hammer|84/100
|
|t:|1743883022
|switch|p1a: Dondozo|Dondozo, M|100/100|[from] U-turn
|move|p2a: MC Hammer|Gigaton Hammer|p1a: Dondozo
|-resisted|p1a: Dondozo
|-damage|p1a: Dondozo|91/100
|
|-heal|p1a: Dondozo|97/100|[from] item: Leftovers
|upkeep
|turn|6
|
|t:|1743883033
|move|p2a: MC Hammer|Thunder Wave|p1a: Dondozo
|-status|p1a: Dondozo|par
|move|p1a: Dondozo|Body Slam|p2a: MC Hammer
|-resisted|p2a: MC Hammer
|-damage|p2a: MC Hammer|75/100
|
|-heal|p1a: Dondozo|100/100 par|[from] item: Leftovers
|upkeep
|turn|7
|
|t:|1743883042
|move|p2a: MC Hammer|Encore|p1a: Dondozo
|-start|p1a: Dondozo|Encore
|cant|p1a: Dondozo|par
|
|upkeep
|turn|8
|
|t:|1743883051
|switch|p2a: Queen|Skeledirge, F|100/100
|switch|p1a: Garganacl|Garganacl, F, shiny|100/100
|
|upkeep
|turn|9
|
|t:|1743883058
|move|p2a: Queen|Will-O-Wisp|p1a: Garganacl|[miss]
|-miss|p2a: Queen|p1a: Garganacl
|move|p1a: Garganacl|Salt Cure|p2a: Queen
|-supereffective|p2a: Queen
|-damage|p2a: Queen|76/100
|-start|p2a: Queen|Salt Cure
|
|-damage|p2a: Queen|63/100|[from] Salt Cure
|upkeep
|turn|10
|
|t:|1743883067
|switch|p2a: Clodsire|Clodsire, M|68/100
|move|p1a: Garganacl|Salt Cure|p2a: Clodsire
|-resisted|p2a: Clodsire
|-damage|p2a: Clodsire|61/100
|-start|p2a: Clodsire|Salt Cure
|
|-damage|p2a: Clodsire|49/100|[from] Salt Cure
|upkeep
|turn|11
|
|t:|1743883076
|switch|p1a: Goodra|Goodra-Hisui, F, shiny|100/100
|move|p2a: Clodsire|Recover|p2a: Clodsire
|-heal|p2a: Clodsire|99/100
|
|-damage|p2a: Clodsire|86/100|[from] Salt Cure
|upkeep
|turn|12
|
|t:|1743883088
|switch|p2a: Araquanid|Araquanid, M|100/100
|move|p1a: Goodra|Ice Beam|p2a: Araquanid
|-resisted|p2a: Araquanid
|-damage|p2a: Araquanid|92/100
|
|upkeep
|turn|13
|
|t:|1743883095
|switch|p1a: Garganacl|Garganacl, F, shiny|100/100
|move|p2a: Araquanid|Sticky Web|p1a: Garganacl
|-sidestart|p1: Panconprichas|move: Sticky Web
|
|upkeep
|turn|14
|
|t:|1743883100
|move|p2a: Araquanid|Surf|p1a: Garganacl
|-supereffective|p1a: Garganacl
|-damage|p1a: Garganacl|5/100
|move|p1a: Garganacl|Salt Cure|p2a: Araquanid
|-supereffective|p2a: Araquanid
|-damage|p2a: Araquanid|63/100
|-start|p2a: Araquanid|Salt Cure
|
|-heal|p1a: Garganacl|11/100|[from] item: Leftovers
|-damage|p2a: Araquanid|38/100|[from] Salt Cure
|upkeep
|turn|15
|
|t:|1743883112
|switch|p2a: Clodsire|Clodsire, M|86/100
|move|p1a: Garganacl|Protect||[still]
|-fail|p1a: Garganacl
|
|-heal|p1a: Garganacl|17/100|[from] item: Leftovers
|upkeep
|turn|16
|
|t:|1743883121
|move|p1a: Garganacl|Recover|p1a: Garganacl
|-heal|p1a: Garganacl|67/100
|move|p2a: Clodsire|Earthquake|p1a: Garganacl
|-supereffective|p1a: Garganacl
|-damage|p1a: Garganacl|42/100
|
|-heal|p1a: Garganacl|48/100|[from] item: Leftovers
|upkeep
|turn|17
|
|t:|1743883129
|move|p1a: Garganacl|Salt Cure|p2a: Clodsire
|-resisted|p2a: Clodsire
|-damage|p2a: Clodsire|79/100
|-start|p2a: Clodsire|Salt Cure
|move|p2a: Clodsire|Toxic|p1a: Garganacl
|-immune|p1a: Garganacl|[from] ability: Purifying Salt
|
|-heal|p1a: Garganacl|54/100|[from] item: Leftovers
|-damage|p2a: Clodsire|66/100|[from] Salt Cure
|upkeep
|turn|18
|
|t:|1743883140
|move|p1a: Garganacl|Salt Cure|p2a: Clodsire
|-resisted|p2a: Clodsire
|-damage|p2a: Clodsire|58/100
|move|p2a: Clodsire|Recover|p2a: Clodsire
|-heal|p2a: Clodsire|100/100
|
|-heal|p1a: Garganacl|60/100|[from] item: Leftovers
|-damage|p2a: Clodsire|88/100|[from] Salt Cure
|upkeep
|turn|19
|
|t:|1743883169
|switch|p2a: MC Hammer|Tinkaton, F|75/100
|move|p1a: Garganacl|Salt Cure|p2a: MC Hammer
|-resisted|p2a: MC Hammer
|-damage|p2a: MC Hammer|67/100
|-start|p2a: MC Hammer|Salt Cure
|
|-heal|p1a: Garganacl|66/100|[from] item: Leftovers
|-damage|p2a: MC Hammer|42/100|[from] Salt Cure
|upkeep
|turn|20
|
|t:|1743883179
|move|p1a: Garganacl|Protect|p1a: Garganacl
|-singleturn|p1a: Garganacl|Protect
|move|p2a: MC Hammer|Gigaton Hammer|p1a: Garganacl
|-activate|p1a: Garganacl|move: Protect
|
|-heal|p1a: Garganacl|73/100|[from] item: Leftovers
|-damage|p2a: MC Hammer|17/100|[from] Salt Cure
|upkeep
|turn|21
|
|t:|1743883190
|move|p2a: MC Hammer|Stealth Rock|p1a: Garganacl
|-sidestart|p1: Panconprichas|move: Stealth Rock
|move|p1a: Garganacl|Salt Cure|p2a: MC Hammer
|-resisted|p2a: MC Hammer
|-crit|p2a: MC Hammer
|-damage|p2a: MC Hammer|4/100
|
|-heal|p1a: Garganacl|79/100|[from] item: Leftovers
|-damage|p2a: MC Hammer|0 fnt|[from] Salt Cure
|faint|p2a: MC Hammer
|upkeep
|
|t:|1743883200
|switch|p2a: Walking Wake|Walking Wake|100/100
|turn|22
|
|t:|1743883204
|move|p1a: Garganacl|Protect|p1a: Garganacl
|-singleturn|p1a: Garganacl|Protect
|move|p2a: Walking Wake|Hydro Steam|p1a: Garganacl
|-activate|p1a: Garganacl|move: Protect
|
|-heal|p1a: Garganacl|85/100|[from] item: Leftovers
|upkeep
|turn|23
|
|t:|1743883232
|-end|p2a: Walking Wake|Protosynthesis|[silent]
|switch|p2a: Araquanid|Araquanid, M|38/100
|switch|p1a: Cyclizar|Cyclizar, F|100/100 tox
|-activate|p1a: Cyclizar|move: Sticky Web
|-unboost|p1a: Cyclizar|spe|1
|-damage|p1a: Cyclizar|88/100 tox|[from] Stealth Rock
|
|-damage|p1a: Cyclizar|82/100 tox|[from] psn
|upkeep
|turn|24
|
|t:|1743883244
|move|p1a: Cyclizar|Rapid Spin|p2a: Araquanid
|-damage|p2a: Araquanid|22/100
|-boost|p1a: Cyclizar|spe|1
|-sideend|p1: Panconprichas|Stealth Rock|[from] move: Rapid Spin|[of] p1a: Cyclizar
|-sideend|p1: Panconprichas|Sticky Web|[from] move: Rapid Spin|[of] p1a: Cyclizar
|move|p2a: Araquanid|Surf|p1a: Cyclizar
|-resisted|p1a: Cyclizar
|-damage|p1a: Cyclizar|45/100 tox
|
|-damage|p1a: Cyclizar|33/100 tox|[from] psn
|upkeep
|turn|25
|-enditem|p2a: Araquanid|Custap Berry|[eat]
|-activate|p2a: Araquanid|item: Custap Berry|[consumed]
|
|t:|1743883255
|move|p2a: Araquanid|Sticky Web|p1a: Cyclizar
|-sidestart|p1: Panconprichas|move: Sticky Web
|move|p1a: Cyclizar|U-turn|p2a: Araquanid
|-damage|p2a: Araquanid|7/100
|
|t:|1743883265
|switch|p1a: Garganacl|Garganacl, F, shiny|85/100|[from] U-turn
|-activate|p1a: Garganacl|move: Sticky Web
|-unboost|p1a: Garganacl|spe|1
|
|-heal|p1a: Garganacl|91/100|[from] item: Leftovers
|upkeep
|turn|26
|
|t:|1743883273
|move|p2a: Araquanid|Surf|p1a: Garganacl
|-supereffective|p1a: Garganacl
|-damage|p1a: Garganacl|0 fnt
|faint|p1a: Garganacl
|
|upkeep
|
|t:|1743883286
|switch|p1a: Dondozo|Dondozo, M|100/100 par
|-activate|p1a: Dondozo|move: Sticky Web
|-unboost|p1a: Dondozo|spe|1
|turn|27
|
|t:|1743883291
|move|p2a: Araquanid|Endeavor|p1a: Dondozo
|-damage|p1a: Dondozo|5/100 par
|move|p1a: Dondozo|Body Slam|p2a: Araquanid
|-damage|p2a: Araquanid|0 fnt
|faint|p2a: Araquanid
|
|-heal|p1a: Dondozo|11/100 par|[from] item: Leftovers
|upkeep
|
|t:|1743883301
|switch|p2a: Eliott|Dragonite, M, shiny|100/100
|turn|28
|
|t:|1743883306
|move|p2a: Eliott|Extreme Speed|p1a: Dondozo
|-damage|p1a: Dondozo|0 fnt
|faint|p1a: Dondozo
|
|upkeep
|
|t:|1743883312
|switch|p1a: Cyclizar|Cyclizar, F|66/100 tox
|-activate|p1a: Cyclizar|move: Sticky Web
|-unboost|p1a: Cyclizar|spe|1
|turn|29
|
|t:|1743883318
|move|p2a: Eliott|Ice Spinner|p1a: Cyclizar
|-supereffective|p1a: Cyclizar
|-damage|p1a: Cyclizar|0 fnt
|faint|p1a: Cyclizar
|
|upkeep
|
|t:|1743883323
|switch|p1a: Walking Wake|Walking Wake|100/100
|-activate|p1a: Walking Wake|move: Sticky Web
|-unboost|p1a: Walking Wake|spe|1
|turn|30
|
|t:|1743883381
|switch|p2a: Clodsire|Clodsire, M|88/100
|-terastallize|p1a: Walking Wake|Fairy
|move|p1a: Walking Wake|Dragon Pulse|p2a: Clodsire
|-damage|p2a: Clodsire|54/100
|
|upkeep
|turn|31
|
|t:|1743883391
|-end|p1a: Walking Wake|Protosynthesis|[silent]
|switch|p1a: Goodra|Goodra-Hisui, F, shiny|100/100
|-activate|p1a: Goodra|move: Sticky Web
|-unboost|p1a: Goodra|spe|1
|move|p2a: Clodsire|Toxic|p1a: Goodra
|-immune|p1a: Goodra
|
|upkeep
|turn|32
|
|t:|1743883400
|move|p1a: Goodra|Flash Cannon|p2a: Clodsire
|-damage|p2a: Clodsire|37/100
|move|p2a: Clodsire|Recover|p2a: Clodsire
|-heal|p2a: Clodsire|88/100
|
|upkeep
|turn|33
|
|t:|1743883406
|move|p1a: Goodra|Ice Beam|p2a: Clodsire
|-supereffective|p2a: Clodsire
|-damage|p2a: Clodsire|65/100
|move|p2a: Clodsire|Amnesia|p2a: Clodsire
|-boost|p2a: Clodsire|spd|2
|
|upkeep
|turn|34
|
|t:|1743883413
|move|p1a: Goodra|Ice Beam|p2a: Clodsire
|-supereffective|p2a: Clodsire
|-damage|p2a: Clodsire|53/100
|move|p2a: Clodsire|Amnesia|p2a: Clodsire
|-boost|p2a: Clodsire|spd|2
|
|upkeep
|turn|35
|
|t:|1743883419
|move|p1a: Goodra|Ice Beam|p2a: Clodsire
|-supereffective|p2a: Clodsire
|-damage|p2a: Clodsire|45/100
|move|p2a: Clodsire|Recover|p2a: Clodsire
|-heal|p2a: Clodsire|95/100
|
|upkeep
|turn|36
|
|t:|1743883426
|move|p1a: Goodra|Ice Beam|p2a: Clodsire
|-supereffective|p2a: Clodsire
|-damage|p2a: Clodsire|87/100
|move|p2a: Clodsire|Earthquake|p1a: Goodra
|-supereffective|p1a: Goodra
|-damage|p1a: Goodra|50/100
|
|upkeep
|turn|37
|
|t:|1743883433
|move|p1a: Goodra|Ice Beam|p2a: Clodsire
|-supereffective|p2a: Clodsire
|-damage|p2a: Clodsire|78/100
|move|p2a: Clodsire|Earthquake|p1a: Goodra
|-supereffective|p1a: Goodra
|-damage|p1a: Goodra|0 fnt
|faint|p1a: Goodra
|
|upkeep
|
|t:|1743883440
|switch|p1a: Walking Wake|Walking Wake, tera:Fairy|100/100
|-activate|p1a: Walking Wake|move: Sticky Web
|-unboost|p1a: Walking Wake|spe|1
|turn|38
|
|t:|1743883449
|-terastallize|p2a: Clodsire|Dark
|move|p1a: Walking Wake|Dragon Pulse|p2a: Clodsire
|-damage|p2a: Clodsire|68/100
|move|p2a: Clodsire|Toxic|p1a: Walking Wake
|-status|p1a: Walking Wake|tox
|
|-damage|p1a: Walking Wake|94/100 tox|[from] psn
|upkeep
|turn|39
|-message|Panconprichas forfeited.
|
|win|DEATH5_5HADOW
|raw|Panconprichas's rating: 1263 &rarr; <strong>1236</strong><br />(-27 for losing)
|raw|DEATH5_5HADOW's rating: 1232 &rarr; <strong>1259</strong><br />(+27 for winning)
|l|☆Panconprichas
|player|p1|
