|j|☆arbushto
|j|☆Dr. Drake6782
|t:|1743881770
|gametype|singles
|player|p1|arbushto|drasna|1101
|player|p2|Dr. Drake6782|lance-lgpe|1135
|teamsize|p1|6
|teamsize|p2|6
|gen|9
|tier|[Gen 9] OU
|rated|
|rule|HP Percentage Mod: HP is shown in percentages
|rule|Endless Battle Clause: Forcing endless battles is banned
|rule|Species Clause: Limit one of each Pokémon
|rule|OHKO Clause: OHKO moves are banned
|rule|Evasion Items Clause: Evasion items are banned
|rule|Evasion Moves Clause: Evasion moves are banned
|rule|Sleep Moves Clause: Sleep-inducing moves are banned
|clearpoke
|poke|p1|Goodra, F|
|poke|p1|Hatterene, F|
|poke|p1|Salazzle, F|
|poke|p1|Iron Valiant|
|poke|p1|Indeedee-F, F|
|poke|p1|Tinkaton, F|
|poke|p2|Alomomola, M|
|poke|p2|Weezing-Galar, M|
|poke|p2|Garganacl, M|
|poke|p2|Kyurem|
|poke|p2|Ting-Lu|
|poke|p2|Ogerpon-Wellspring, F|
|teampreview
|inactive|Battle timer is ON: inactive players will automatically lose when time's up. (requested by Dr. Drake6782)
|inactive|Dr. Drake6782 has 120 seconds left.
|
|t:|1743881819
|start
|switch|p1a: Salazzle|Salazzle, F, shiny|100/100
|switch|p2a: Garganacl|Garganacl, M, shiny|100/100
|turn|1
|
|t:|1743881830
|switch|p1a: Morrigan|Hatterene, F, shiny|100/100
|switch|p2a: Weezing|Weezing-Galar, M, shiny|100/100
|-ability|p2a: Weezing|Neutralizing Gas
|
|upkeep
|turn|2
|
|t:|1743881839
|move|p2a: Weezing|Will-O-Wisp|p1a: Morrigan
|-status|p1a: Morrigan|brn
|move|p1a: Morrigan|Psychic|p2a: Weezing
|-supereffective|p2a: Weezing
|-damage|p2a: Weezing|0 fnt
|faint|p2a: Weezing
|-end|p2a: Weezing|ability: Neutralizing Gas
|-damage|p1a: Morrigan|91/100 brn|[from] item: Life Orb
|
|-damage|p1a: Morrigan|85/100 brn|[from] brn
|upkeep
|
|t:|1743881844
|switch|p2a: Garganacl|Garganacl, M, shiny|100/100
|turn|3
|
|t:|1743881854
|move|p2a: Garganacl|Salt Cure|p1a: Morrigan
|-damage|p1a: Morrigan|69/100 brn
|-start|p1a: Morrigan|Salt Cure
|move|p1a: Morrigan|Giga Drain|p2a: Garganacl
|-supereffective|p2a: Garganacl
|-damage|p2a: Garganacl|48/100
|-heal|p1a: Morrigan|100/100 brn|[from] drain|[of] p2a: Garganacl
|-damage|p1a: Morrigan|91/100 brn|[from] item: Life Orb
|
|-heal|p2a: Garganacl|54/100|[from] item: Leftovers
|-damage|p1a: Morrigan|85/100 brn|[from] brn
|-damage|p1a: Morrigan|73/100 brn|[from] Salt Cure
|upkeep
|turn|4
|
|t:|1743881865
|switch|p2a: Kyurem|Kyurem, shiny|100/100
|-ability|p2a: Kyurem|Pressure
|move|p1a: Morrigan|Giga Drain|p2a: Kyurem
|-resisted|p2a: Kyurem
|-damage|p2a: Kyurem|81/100
|-heal|p1a: Morrigan|85/100 brn|[from] drain|[of] p2a: Kyurem
|-damage|p1a: Morrigan|75/100 brn|[from] item: Life Orb
|
|-damage|p1a: Morrigan|69/100 brn|[from] brn
|-damage|p1a: Morrigan|57/100 brn|[from] Salt Cure
|upkeep
|turn|5
|
|t:|1743881878
|move|p2a: Kyurem|Ice Beam|p1a: Morrigan
|-damage|p1a: Morrigan|5/100 brn
|move|p1a: Morrigan|Dazzling Gleam|p2a: Kyurem
|-supereffective|p2a: Kyurem
|-damage|p2a: Kyurem|0 fnt
|faint|p2a: Kyurem
|-damage|p1a: Morrigan|0 fnt|[from] item: Life Orb
|faint|p1a: Morrigan
|
|upkeep
|
|t:|1743881894
|switch|p2a: Ogerpon|Ogerpon-Wellspring, F|100/100
|switch|p1a: Tinkaton|Tinkaton, F|100/100
|-ability|p1a: Tinkaton|Mold Breaker
|turn|6
|inactive|Dr. Drake6782 has 120 seconds left.
|
|t:|1743881930
|switch|p2a: Garganacl|Garganacl, M, shiny|54/100
|move|p1a: Tinkaton|Fake Out|p2a: Garganacl
|-resisted|p2a: Garganacl
|-damage|p2a: Garganacl|50/100
|
|-heal|p2a: Garganacl|56/100|[from] item: Leftovers
|upkeep
|turn|7
|
|t:|1743881939
|move|p1a: Tinkaton|Gigaton Hammer|p2a: Garganacl
|-supereffective|p2a: Garganacl
|-damage|p2a: Garganacl|0 fnt
|faint|p2a: Garganacl
|
|upkeep
|
|t:|1743881942
|switch|p2a: Ogerpon|Ogerpon-Wellspring, F|100/100
|turn|8
|
|t:|1743881946
|move|p1a: Tinkaton|Protect|p1a: Tinkaton
|-singleturn|p1a: Tinkaton|Protect
|move|p2a: Ogerpon|Swords Dance|p2a: Ogerpon
|-boost|p2a: Ogerpon|atk|2
|
|upkeep
|turn|9
|
|t:|1743881955
|move|p2a: Ogerpon|Ivy Cudgel|p1a: Tinkaton|[anim] Ivy Cudgel Water
|-damage|p1a: Tinkaton|0 fnt
|faint|p1a: Tinkaton
|
|upkeep
|
|t:|1743881960
|switch|p1a: Salazzle|Salazzle, F, shiny|100/100
|turn|10
|
|t:|1743881968
|-terastallize|p2a: Ogerpon|Water
|detailschange|p2a: Ogerpon|Ogerpon-Wellspring-Tera, F, tera:Water
|-ability|p2a: Ogerpon|Embody Aspect (Wellspring)|boost
|-boost|p2a: Ogerpon|spd|1
|move|p1a: Salazzle|Sludge Bomb|p2a: Ogerpon
|-damage|p2a: Ogerpon|54/100
|-status|p2a: Ogerpon|psn
|move|p2a: Ogerpon|Ivy Cudgel|p1a: Salazzle|[anim] Ivy Cudgel Water
|-supereffective|p1a: Salazzle
|-damage|p1a: Salazzle|0 fnt
|faint|p1a: Salazzle
|
|-damage|p2a: Ogerpon|42/100 psn|[from] psn
|upkeep
|
|t:|1743881989
|switch|p1a: Goodra|Goodra, F|100/100
|turn|11
|
|t:|1743881996
|move|p2a: Ogerpon|Play Rough|p1a: Goodra
|-supereffective|p1a: Goodra
|-crit|p1a: Goodra
|-damage|p1a: Goodra|0 fnt
|-ability|p1a: Goodra|Gooey
|-unboost|p2a: Ogerpon|spe|1
|faint|p1a: Goodra
|
|-damage|p2a: Ogerpon|30/100 psn|[from] psn
|upkeep
|
|t:|1743882005
|switch|p1a: Indeedee|Indeedee-F, F, shiny|100/100
|-fieldstart|move: Psychic Terrain|[from] ability: Psychic Surge|[of] p1a: Indeedee
|turn|12
|
|t:|1743882013
|-terastallize|p1a: Indeedee|Fighting
|move|p1a: Indeedee|Alluring Voice|p2a: Ogerpon
|-damage|p2a: Ogerpon|4/100 psn
|move|p2a: Ogerpon|Ivy Cudgel|p1a: Indeedee|[anim] Ivy Cudgel Water
|-damage|p1a: Indeedee|0 fnt
|faint|p1a: Indeedee
|
|-damage|p2a: Ogerpon|0 fnt|[from] psn
|faint|p2a: Ogerpon
|upkeep
|
|t:|1743882023
|switch|p2a: Ting-Lu|Ting-Lu|100/100
|switch|p1a: Iron Valiant|Iron Valiant, shiny|100/100
|-ability|p2a: Ting-Lu|Vessel of Ruin
|-enditem|p1a: Iron Valiant|Booster Energy
|-activate|p1a: Iron Valiant|ability: Quark Drive|[fromitem]
|-start|p1a: Iron Valiant|quarkdrivespe
|turn|13
|
|t:|1743882038
|move|p1a: Iron Valiant|Spirit Break|p2a: Ting-Lu
|-supereffective|p2a: Ting-Lu
|-damage|p2a: Ting-Lu|58/100
|-unboost|p2a: Ting-Lu|spa|1
|move|p2a: Ting-Lu|Earthquake|p1a: Iron Valiant
|-damage|p1a: Iron Valiant|48/100
|
|-heal|p2a: Ting-Lu|64/100|[from] item: Leftovers
|upkeep
|turn|14
|
|t:|1743882047
|move|p1a: Iron Valiant|Drain Punch|p2a: Ting-Lu
|-supereffective|p2a: Ting-Lu
|-damage|p2a: Ting-Lu|17/100
|-heal|p1a: Iron Valiant|90/100|[from] drain|[of] p2a: Ting-Lu
|move|p2a: Ting-Lu|Earthquake|p1a: Iron Valiant
|-crit|p1a: Iron Valiant
|-damage|p1a: Iron Valiant|12/100
|
|-heal|p2a: Ting-Lu|23/100|[from] item: Leftovers
|upkeep
|turn|15
|
|t:|1743882056
|move|p1a: Iron Valiant|Drain Punch|p2a: Ting-Lu
|-supereffective|p2a: Ting-Lu
|-damage|p2a: Ting-Lu|0 fnt
|-heal|p1a: Iron Valiant|32/100|[from] drain|[of] p2a: Ting-Lu
|faint|p2a: Ting-Lu
|
|upkeep
|
|t:|1743882058
|switch|p2a: Alomomola|Alomomola, M|100/100
|turn|16
|
|t:|1743882068
|move|p1a: Iron Valiant|Drain Punch|p2a: Alomomola
|-damage|p2a: Alomomola|75/100
|-heal|p1a: Iron Valiant|53/100|[from] drain|[of] p2a: Alomomola
|move|p2a: Alomomola|Tickle|p1a: Iron Valiant
|-unboost|p1a: Iron Valiant|atk|1
|-unboost|p1a: Iron Valiant|def|1
|
|-fieldend|move: Psychic Terrain
|upkeep
|turn|17
|
|t:|1743882081
|move|p1a: Iron Valiant|Drain Punch|p2a: Alomomola
|-damage|p2a: Alomomola|59/100
|-heal|p1a: Iron Valiant|67/100|[from] drain|[of] p2a: Alomomola
|move|p2a: Alomomola|Tickle|p1a: Iron Valiant
|-unboost|p1a: Iron Valiant|atk|1
|-unboost|p1a: Iron Valiant|def|1
|
|upkeep
|turn|18
|
|t:|1743882090
|move|p1a: Iron Valiant|Shadow Claw|p2a: Alomomola
|-crit|p2a: Alomomola
|-damage|p2a: Alomomola|37/100
|move|p2a: Alomomola|Tickle|p1a: Iron Valiant
|-unboost|p1a: Iron Valiant|atk|1
|-unboost|p1a: Iron Valiant|def|1
|
|upkeep
|turn|19
|
|t:|1743882099
|move|p1a: Iron Valiant|Shadow Claw|p2a: Alomomola
|-damage|p2a: Alomomola|31/100
|move|p2a: Alomomola|Wish|p2a: Alomomola
|
|upkeep
|turn|20
|
|t:|1743882104
|move|p1a: Iron Valiant|Spirit Break|p2a: Alomomola
|-damage|p2a: Alomomola|21/100
|-unboost|p2a: Alomomola|spa|1
|move|p2a: Alomomola|Flip Turn|p1a: Iron Valiant
|-crit|p1a: Iron Valiant
|-damage|p1a: Iron Valiant|0 fnt
|faint|p1a: Iron Valiant
|-end|p1a: Iron Valiant|Quark Drive|[silent]
|
|win|Dr. Drake6782
|raw|arbushto's rating: 1101 &rarr; <strong>1080</strong><br />(-21 for losing)
|raw|Dr. Drake6782's rating: 1158 &rarr; <strong>1179</strong><br />(+21 for winning)
