|j|☆Golisopod Enjoyer
|j|☆Dequavious IV
|t:|1743936861
|gametype|singles
|player|p1|Golisopod Enjoyer|2|1708
|player|p2|Dequavious IV|hoopster|1716
|teamsize|p1|6
|teamsize|p2|6
|gen|9
|tier|[Gen 9] OU
|rated|
|rule|HP Percentage Mod: HP is shown in percentages
|rule|Endless Battle Clause: Forcing endless battles is banned
|rule|Species Clause: Limit one of each Pokémon
|rule|OHKO Clause: OHKO moves are banned
|rule|Evasion Items Clause: Evasion items are banned
|rule|Evasion Moves Clause: Evasion moves are banned
|rule|Sleep Moves Clause: Sleep-inducing moves are banned
|clearpoke
|poke|p1|Iron Crown|
|poke|p1|Samurott-Hisui, F|
|poke|p1|Moltres|
|poke|p1|Scizor, F|
|poke|p1|Great Tusk|
|poke|p1|Pecharunt|
|poke|p2|Araquanid, F|
|poke|p2|Manaphy|
|poke|p2|Gholdengo|
|poke|p2|Great Tusk|
|poke|p2|Staraptor, F|
|poke|p2|Iron Moth|
|teampreview
|
|t:|1743936869
|start
|switch|p1a: Scizor|Scizor, F|100/100
|switch|p2a: Araquanid|Araquanid, F|100/100
|turn|1
|j| Sanesa8724
|
|t:|1743936871
|move|p1a: Scizor|U-turn|p2a: Araquanid
|-damage|p2a: Araquanid|39/100
|j| CCCCold
|
|t:|1743936876
|switch|p1a: Samurott|Samurott-Hisui, F|100/100|[from] U-turn
|move|p2a: Araquanid|Sticky Web|p1a: Samurott
|-sidestart|p1: Golisopod Enjoyer|move: Sticky Web
|
|upkeep
|turn|2
|
|t:|1743936884
|move|p2a: Araquanid|Endure|p2a: Araquanid
|-singleturn|p2a: Araquanid|move: Endure
|move|p1a: Samurott|Knock Off|p2a: Araquanid
|-damage|p2a: Araquanid|1/100
|-enditem|p2a: Araquanid|Custap Berry|[from] move: Knock Off|[of] p1a: Samurott
|
|upkeep
|turn|3
|
|t:|1743936892
|move|p1a: Samurott|Ceaseless Edge|p2a: Araquanid
|-damage|p2a: Araquanid|0 fnt
|-sidestart|p2: Dequavious IV|Spikes
|faint|p2a: Araquanid
|
|upkeep
|l| Sanesa8724
|
|t:|1743936906
|switch|p2a: Staraptor|Staraptor, F|100/100
|turn|4
|
|t:|1743936914
|switch|p1a: Moltres|Moltres|100/100
|move|p2a: Staraptor|Brave Bird|p1a: Moltres
|-damage|p1a: Moltres|35/100
|-damage|p2a: Staraptor|74/100|[from] Recoil
|
|upkeep
|turn|5
|
|t:|1743936921
|move|p2a: Staraptor|Brave Bird|p1a: Moltres
|-damage|p1a: Moltres|0 fnt
|faint|p1a: Moltres
|-damage|p2a: Staraptor|60/100|[from] Recoil
|
|upkeep
|
|t:|1743936925
|switch|p1a: Scizor|Scizor, F|100/100
|-activate|p1a: Scizor|move: Sticky Web
|-unboost|p1a: Scizor|spe|1
|turn|6
|
|t:|1743936939
|move|p1a: Scizor|Bullet Punch|p2a: Staraptor
|-damage|p2a: Staraptor|0 fnt
|faint|p2a: Staraptor
|
|upkeep
|
|t:|1743936955
|switch|p2a: Manaphy|Manaphy|100/100
|-damage|p2a: Manaphy|88/100|[from] Spikes
|turn|7
|
|t:|1743936959
|switch|p1a: Pecharunt|Pecharunt|100/100
|move|p2a: Manaphy|Tail Glow|p2a: Manaphy
|-boost|p2a: Manaphy|spa|3
|
|-heal|p2a: Manaphy|94/100|[from] item: Leftovers
|upkeep
|turn|8
|
|t:|1743936965
|move|p2a: Manaphy|Surf|p1a: Pecharunt
|-crit|p1a: Pecharunt
|-damage|p1a: Pecharunt|0 fnt
|faint|p1a: Pecharunt
|
|-heal|p2a: Manaphy|100/100|[from] item: Leftovers
|upkeep
|
|t:|1743936973
|switch|p1a: Samurott|Samurott-Hisui, F|100/100
|-activate|p1a: Samurott|move: Sticky Web
|-unboost|p1a: Samurott|spe|1
|turn|9
|
|t:|1743936984
|move|p2a: Manaphy|Energy Ball|p1a: Samurott
|-supereffective|p1a: Samurott
|-damage|p1a: Samurott|0 fnt
|faint|p1a: Samurott
|
|upkeep
|
|t:|1743936993
|switch|p1a: Iron Crown|Iron Crown|100/100
|-activate|p1a: Iron Crown|move: Sticky Web
|-unboost|p1a: Iron Crown|spe|1
|-enditem|p1a: Iron Crown|Booster Energy
|-activate|p1a: Iron Crown|ability: Quark Drive|[fromitem]
|-start|p1a: Iron Crown|quarkdrivespa
|turn|10
|
|t:|1743937002
|-terastallize|p1a: Iron Crown|Fighting
|move|p2a: Manaphy|Surf|p1a: Iron Crown
|-damage|p1a: Iron Crown|7/100
|move|p1a: Iron Crown|Focus Blast|p2a: Manaphy
|-damage|p2a: Manaphy|27/100
|
|-heal|p2a: Manaphy|33/100|[from] item: Leftovers
|upkeep
|turn|11
|
|t:|1743937009
|move|p2a: Manaphy|Surf|p1a: Iron Crown
|-damage|p1a: Iron Crown|0 fnt
|faint|p1a: Iron Crown
|-end|p1a: Iron Crown|Quark Drive|[silent]
|
|-heal|p2a: Manaphy|39/100|[from] item: Leftovers
|upkeep
|
|t:|1743937011
|switch|p1a: Scizor|Scizor, F|100/100
|-activate|p1a: Scizor|move: Sticky Web
|-unboost|p1a: Scizor|spe|1
|turn|12
|
|t:|1743937013
|move|p1a: Scizor|Bullet Punch|p2a: Manaphy
|-resisted|p2a: Manaphy
|-crit|p2a: Manaphy
|-damage|p2a: Manaphy|2/100
|move|p2a: Manaphy|Surf|p1a: Scizor
|-damage|p1a: Scizor|0 fnt
|faint|p1a: Scizor
|
|-heal|p2a: Manaphy|8/100|[from] item: Leftovers
|upkeep
|
|t:|1743937016
|switch|p1a: Great Tusk|Great Tusk|100/100
|turn|13
|
|t:|1743937018
|move|p2a: Manaphy|Surf|p1a: Great Tusk
|-supereffective|p1a: Great Tusk
|-damage|p1a: Great Tusk|0 fnt
|faint|p1a: Great Tusk
|-end|p1a: Great Tusk|Protosynthesis|[silent]
|
|win|Dequavious IV
|raw|Golisopod Enjoyer's rating: 1708 &rarr; <strong>1688</strong><br />(-20 for losing)
|raw|Dequavious IV's rating: 1716 &rarr; <strong>1736</strong><br />(+20 for winning)
|l|☆Golisopod Enjoyer
|player|p1|
|l|☆Dequavious IV
|player|p2|
|l| CCCCold
