|j|☆LunaPhoebe
|j|☆Kanto's Finest
|t:|1743914378
|gametype|singles
|player|p1|LunaPhoebe|102|1157
|player|p2|Kanto's Finest|tamer-gen1rb|1254
|teamsize|p1|6
|teamsize|p2|6
|gen|9
|tier|[Gen 9] OU
|rated|
|rule|HP Percentage Mod: HP is shown in percentages
|rule|Endless Battle Clause: Forcing endless battles is banned
|rule|Species Clause: Limit one of each Pokémon
|rule|OHKO Clause: OHKO moves are banned
|rule|Evasion Items Clause: Evasion items are banned
|rule|Evasion Moves Clause: Evasion moves are banned
|rule|Sleep Moves Clause: Sleep-inducing moves are banned
|clearpoke
|poke|p1|Hydrapple, M|
|poke|p1|Tinkaton, F|
|poke|p1|Moltres|
|poke|p1|Rotom-Wash|
|poke|p1|Great Tusk|
|poke|p1|Darkrai|
|poke|p2|Clefable, M|
|poke|p2|Hitmonlee, M|
|poke|p2|Chansey, F|
|poke|p2|Vileplume, F|
|poke|p2|Golduck, F|
|poke|p2|Mew|
|teampreview
|
|t:|1743914394
|start
|switch|p1a: sewerslvt|Tinkaton, F|100/100
|switch|p2a: Golduck|Golduck, F, shiny|100/100
|-ability|p1a: sewerslvt|Mold Breaker
|-ability|p2a: Golduck|Cloud Nine
|turn|1
|
|t:|1743914408
|move|p1a: sewerslvt|Stealth Rock|p2a: Golduck
|-sidestart|p2: Kanto's Finest|move: Stealth Rock
|move|p2a: Golduck|Whirlpool|p1a: sewerslvt
|-damage|p1a: sewerslvt|91/100
|-activate|p1a: sewerslvt|move: Whirlpool|[of] p2a: Golduck
|
|-heal|p1a: sewerslvt|97/100|[from] item: Leftovers
|-damage|p1a: sewerslvt|84/100|[from] move: Whirlpool|[partiallytrapped]
|upkeep
|turn|2
|
|t:|1743914432
|move|p1a: sewerslvt|Encore|p2a: Golduck
|-start|p2a: Golduck|Encore
|move|p2a: Golduck|Whirlpool|p1a: sewerslvt|[miss]
|-miss|p2a: Golduck|p1a: sewerslvt
|
|-heal|p1a: sewerslvt|91/100|[from] item: Leftovers
|-damage|p1a: sewerslvt|78/100|[from] move: Whirlpool|[partiallytrapped]
|upkeep
|turn|3
|
|t:|1743914439
|move|p1a: sewerslvt|Knock Off|p2a: Golduck
|-damage|p2a: Golduck|81/100
|-enditem|p2a: Golduck|Grip Claw|[from] move: Knock Off|[of] p1a: sewerslvt
|move|p2a: Golduck|Whirlpool|p1a: sewerslvt|[miss]
|-miss|p2a: Golduck|p1a: sewerslvt
|
|-heal|p1a: sewerslvt|84/100|[from] item: Leftovers
|-damage|p1a: sewerslvt|72/100|[from] move: Whirlpool|[partiallytrapped]
|upkeep
|turn|4
|
|t:|1743914473
|move|p1a: sewerslvt|Gigaton Hammer|p2a: Golduck
|-resisted|p2a: Golduck
|-damage|p2a: Golduck|55/100
|move|p2a: Golduck|Whirlpool|p1a: sewerslvt
|-damage|p1a: sewerslvt|62/100
|
|-heal|p1a: sewerslvt|68/100|[from] item: Leftovers
|-damage|p1a: sewerslvt|56/100|[from] move: Whirlpool|[partiallytrapped]
|-end|p2a: Golduck|Encore
|upkeep
|turn|5
|
|t:|1743914510
|move|p2a: Golduck|Protect|p2a: Golduck
|-singleturn|p2a: Golduck|Protect
|move|p1a: sewerslvt|Knock Off|p2a: Golduck
|-activate|p2a: Golduck|move: Protect
|
|-heal|p1a: sewerslvt|62/100|[from] item: Leftovers
|-damage|p1a: sewerslvt|50/100|[from] move: Whirlpool|[partiallytrapped]
|upkeep
|turn|6
|
|t:|1743914519
|move|p2a: Golduck|Protect||[still]
|-fail|p2a: Golduck
|move|p1a: sewerslvt|Encore|p2a: Golduck
|-start|p2a: Golduck|Encore
|
|-heal|p1a: sewerslvt|56/100|[from] item: Leftovers
|-damage|p1a: sewerslvt|44/100|[from] move: Whirlpool|[partiallytrapped]
|upkeep
|turn|7
|
|t:|1743914533
|move|p2a: Golduck|Protect|p2a: Golduck
|-singleturn|p2a: Golduck|Protect
|move|p1a: sewerslvt|Knock Off|p2a: Golduck
|-activate|p2a: Golduck|move: Protect
|
|-heal|p1a: sewerslvt|50/100|[from] item: Leftovers
|-damage|p1a: sewerslvt|37/100|[from] move: Whirlpool|[partiallytrapped]
|upkeep
|turn|8
|
|t:|1743914543
|move|p2a: Golduck|Protect||[still]
|-fail|p2a: Golduck
|move|p1a: sewerslvt|Gigaton Hammer|p2a: Golduck
|-resisted|p2a: Golduck
|-damage|p2a: Golduck|31/100
|
|-heal|p1a: sewerslvt|44/100|[from] item: Leftovers
|-end|p1a: sewerslvt|Whirlpool|[partiallytrapped]
|upkeep
|turn|9
|
|t:|1743914558
|switch|p1a: first bleach op|Darkrai|100/100
|move|p2a: Golduck|Protect||[still]
|-fail|p2a: Golduck
|
|-end|p2a: Golduck|Encore
|upkeep
|turn|10
|
|t:|1743914569
|switch|p2a: Hitmonlee|Hitmonlee, M|100/100
|-damage|p2a: Hitmonlee|95/100|[from] Stealth Rock
|move|p1a: first bleach op|Dark Pulse|p2a: Hitmonlee
|-resisted|p2a: Hitmonlee
|-damage|p2a: Hitmonlee|72/100
|
|upkeep
|turn|11
|
|t:|1743914578
|-terastallize|p1a: first bleach op|Ghost
|move|p2a: Hitmonlee|Fake Out|p1a: first bleach op
|-immune|p1a: first bleach op
|move|p1a: first bleach op|Nasty Plot|p1a: first bleach op
|-boost|p1a: first bleach op|spa|2
|
|upkeep
|turn|12
|
|t:|1743914591
|move|p1a: first bleach op|Ice Beam|p2a: Hitmonlee
|-damage|p2a: Hitmonlee|5/100
|move|p2a: Hitmonlee|Knock Off|p1a: first bleach op
|-supereffective|p1a: first bleach op
|-damage|p1a: first bleach op|16/100
|-enditem|p1a: first bleach op|Leftovers|[from] move: Knock Off|[of] p2a: Hitmonlee
|
|upkeep
|turn|13
|
|t:|1743914609
|switch|p2a: Chansey|Chansey, F|100/100
|-damage|p2a: Chansey|88/100|[from] Stealth Rock
|move|p1a: first bleach op|Ice Beam|p2a: Chansey
|-damage|p2a: Chansey|67/100
|
|upkeep
|turn|14
|
|t:|1743914618
|switch|p1a: sewerslvt|Tinkaton, F|44/100
|-ability|p1a: sewerslvt|Mold Breaker
|move|p2a: Chansey|Stealth Rock|p1a: sewerslvt
|-sidestart|p1: LunaPhoebe|move: Stealth Rock
|
|-heal|p1a: sewerslvt|50/100|[from] item: Leftovers
|upkeep
|turn|15
|
|t:|1743914632
|switch|p1a: machine girl|Great Tusk|100/100
|switch|p2a: Vileplume|Vileplume, F|100/100
|-damage|p2a: Vileplume|88/100|[from] Stealth Rock
|
|upkeep
|turn|16
|
|t:|1743914641
|-end|p1a: machine girl|Protosynthesis|[silent]
|switch|p1a: genesis|Moltres|100/100
|move|p2a: Vileplume|Giga Drain|p1a: genesis
|-resisted|p1a: genesis
|-damage|p1a: genesis|96/100
|-heal|p2a: Vileplume|91/100|[from] drain|[of] p1a: genesis
|
|upkeep
|turn|17
|
|t:|1743914652
|switch|p2a: Chansey|Chansey, F|67/100
|-damage|p2a: Chansey|54/100|[from] Stealth Rock
|move|p1a: genesis|U-turn|p2a: Chansey
|-damage|p2a: Chansey|45/100
|
|t:|1743914661
|switch|p1a: machine girl|Great Tusk|100/100|[from] U-turn
|
|upkeep
|turn|18
|
|t:|1743914674
|switch|p2a: Vileplume|Vileplume, F|91/100
|-damage|p2a: Vileplume|78/100|[from] Stealth Rock
|move|p1a: machine girl|Rapid Spin|p2a: Vileplume
|-damage|p2a: Vileplume|65/100
|-boost|p1a: machine girl|spe|1
|-damage|p1a: machine girl|84/100|[from] item: Rocky Helmet|[of] p2a: Vileplume
|-status|p1a: machine girl|psn|[from] ability: Effect Spore|[of] p2a: Vileplume
|-sideend|p1: LunaPhoebe|Stealth Rock|[from] move: Rapid Spin|[of] p1a: machine girl
|
|-damage|p1a: machine girl|72/100 psn|[from] psn
|upkeep
|turn|19
|
|t:|1743914685
|-end|p1a: machine girl|Protosynthesis|[silent]
|switch|p1a: genesis|Moltres|96/100
|move|p2a: Vileplume|Giga Drain|p1a: genesis
|-resisted|p1a: genesis
|-damage|p1a: genesis|91/100
|-heal|p2a: Vileplume|68/100|[from] drain|[of] p1a: genesis
|
|upkeep
|turn|20
|
|t:|1743914706
|switch|p2a: Mew|Mew|100/100
|-damage|p2a: Mew|88/100|[from] Stealth Rock
|move|p1a: genesis|Roar|p2a: Mew
|drag|p2a: Chansey|Chansey, F|45/100
|-damage|p2a: Chansey|33/100|[from] Stealth Rock
|
|upkeep
|turn|21
|
|t:|1743914733
|move|p1a: genesis|U-turn|p2a: Chansey
|-damage|p2a: Chansey|23/100
|
|t:|1743914736
|switch|p1a: sewerslvt|Tinkaton, F|50/100|[from] U-turn
|-ability|p1a: sewerslvt|Mold Breaker
|move|p2a: Chansey|Soft-Boiled|p2a: Chansey
|-heal|p2a: Chansey|73/100
|
|-heal|p1a: sewerslvt|56/100|[from] item: Leftovers
|upkeep
|turn|22
|
|t:|1743914758
|switch|p2a: Vileplume|Vileplume, F|68/100
|-damage|p2a: Vileplume|56/100|[from] Stealth Rock
|move|p1a: sewerslvt|Knock Off|p2a: Vileplume
|-damage|p2a: Vileplume|43/100
|-damage|p1a: sewerslvt|39/100|[from] item: Rocky Helmet|[of] p2a: Vileplume
|-enditem|p2a: Vileplume|Rocky Helmet|[from] move: Knock Off|[of] p1a: sewerslvt
|
|-heal|p1a: sewerslvt|46/100|[from] item: Leftovers
|upkeep
|turn|23
|
|t:|1743914769
|switch|p1a: genesis|Moltres|91/100
|move|p2a: Vileplume|Strength Sap|p1a: genesis
|-unboost|p1a: genesis|atk|1
|-heal|p2a: Vileplume|100/100
|
|upkeep
|turn|24
|
|t:|1743914778
|switch|p2a: Chansey|Chansey, F|73/100
|-damage|p2a: Chansey|61/100|[from] Stealth Rock
|move|p1a: genesis|U-turn|p2a: Chansey
|-damage|p2a: Chansey|55/100
|
|t:|1743914786
|switch|p1a: sewerslvt|Tinkaton, F|46/100|[from] U-turn
|-ability|p1a: sewerslvt|Mold Breaker
|
|-heal|p1a: sewerslvt|52/100|[from] item: Leftovers
|upkeep
|turn|25
|
|t:|1743914798
|switch|p2a: Vileplume|Vileplume, F|100/100
|-damage|p2a: Vileplume|88/100|[from] Stealth Rock
|move|p1a: sewerslvt|Gigaton Hammer|p2a: Vileplume
|-damage|p2a: Vileplume|54/100
|
|-heal|p1a: sewerslvt|58/100|[from] item: Leftovers
|upkeep
|turn|26
|
|t:|1743914810
|move|p1a: sewerslvt|Knock Off|p2a: Vileplume
|-damage|p2a: Vileplume|45/100
|move|p2a: Vileplume|Strength Sap|p1a: sewerslvt
|-unboost|p1a: sewerslvt|atk|1
|-heal|p2a: Vileplume|97/100
|
|-heal|p1a: sewerslvt|64/100|[from] item: Leftovers
|upkeep
|turn|27
|
|t:|1743914826
|move|p1a: sewerslvt|Encore|p2a: Vileplume
|-start|p2a: Vileplume|Encore
|move|p2a: Vileplume|Strength Sap|p1a: sewerslvt
|-unboost|p1a: sewerslvt|atk|1
|-heal|p2a: Vileplume|100/100
|
|-heal|p1a: sewerslvt|70/100|[from] item: Leftovers
|upkeep
|turn|28
|
|t:|1743914843
|switch|p1a: deathconciousness|Hydrapple, M|100/100
|switch|p2a: Mew|Mew|88/100
|-damage|p2a: Mew|76/100|[from] Stealth Rock
|
|upkeep
|turn|29
|
|t:|1743914854
|move|p2a: Mew|Toxic Spikes|p1a: deathconciousness
|-sidestart|p1: LunaPhoebe|move: Toxic Spikes
|move|p1a: deathconciousness|Nasty Plot|p1a: deathconciousness
|-boost|p1a: deathconciousness|spa|2
|
|upkeep
|turn|30
|
|t:|1743914861
|move|p2a: Mew|Toxic Spikes|p1a: deathconciousness
|-sidestart|p1: LunaPhoebe|move: Toxic Spikes
|move|p1a: deathconciousness|Fickle Beam|p2a: Mew|[anim] Fickle Beam All Out
|-activate|p1a: deathconciousness|move: Fickle Beam
|-damage|p2a: Mew|0 fnt
|faint|p2a: Mew
|
|upkeep
|
|t:|1743914866
|switch|p2a: Clefable|Clefable, M|100/100
|-damage|p2a: Clefable|88/100|[from] Stealth Rock
|turn|31
|
|t:|1743914876
|switch|p1a: sewerslvt|Tinkaton, F|70/100
|-ability|p1a: sewerslvt|Mold Breaker
|move|p2a: Clefable|Cosmic Power|p2a: Clefable
|-boost|p2a: Clefable|def|1
|-boost|p2a: Clefable|spd|1
|
|-heal|p1a: sewerslvt|76/100|[from] item: Leftovers
|upkeep
|turn|32
|
|t:|1743914889
|move|p1a: sewerslvt|Encore|p2a: Clefable
|-start|p2a: Clefable|Encore
|move|p2a: Clefable|Cosmic Power|p2a: Clefable
|-boost|p2a: Clefable|def|1
|-boost|p2a: Clefable|spd|1
|
|-heal|p1a: sewerslvt|83/100|[from] item: Leftovers
|upkeep
|turn|33
|
|t:|1743914895
|switch|p1a: genesis|Moltres|91/100
|switch|p2a: Vileplume|Vileplume, F|100/100
|-damage|p2a: Vileplume|88/100|[from] Stealth Rock
|
|upkeep
|turn|34
|
|t:|1743914905
|switch|p2a: Golduck|Golduck, F, shiny|31/100
|-damage|p2a: Golduck|18/100|[from] Stealth Rock
|-ability|p2a: Golduck|Cloud Nine
|move|p1a: genesis|U-turn|p2a: Golduck
|-damage|p2a: Golduck|2/100
|
|t:|1743914912
|switch|p1a: machine girl|Great Tusk|72/100 psn|[from] U-turn
|
|-damage|p1a: machine girl|59/100 psn|[from] psn
|upkeep
|turn|35
|
|t:|1743914919
|move|p2a: Golduck|Protect|p2a: Golduck
|-singleturn|p2a: Golduck|Protect
|move|p1a: machine girl|Rapid Spin|p2a: Golduck
|-activate|p2a: Golduck|move: Protect
|
|-damage|p1a: machine girl|47/100 psn|[from] psn
|upkeep
|turn|36
|
|t:|1743914936
|move|p1a: machine girl|Rapid Spin|p2a: Golduck
|-damage|p2a: Golduck|0 fnt
|-boost|p1a: machine girl|spe|1
|-sideend|p1: LunaPhoebe|Toxic Spikes|[from] move: Rapid Spin|[of] p1a: machine girl
|faint|p2a: Golduck
|
|-damage|p1a: machine girl|34/100 psn|[from] psn
|upkeep
|
|t:|1743914943
|switch|p2a: Vileplume|Vileplume, F|88/100
|-damage|p2a: Vileplume|76/100|[from] Stealth Rock
|turn|37
|
|t:|1743914952
|-end|p1a: machine girl|Protosynthesis|[silent]
|switch|p1a: genesis|Moltres|91/100
|move|p2a: Vileplume|Sludge Wave|p1a: genesis
|-damage|p1a: genesis|62/100
|
|upkeep
|turn|38
|
|t:|1743914972
|switch|p1a: sewerslvt|Tinkaton, F|83/100
|-ability|p1a: sewerslvt|Mold Breaker
|switch|p2a: Clefable|Clefable, M|88/100
|-damage|p2a: Clefable|76/100|[from] Stealth Rock
|
|-heal|p1a: sewerslvt|89/100|[from] item: Leftovers
|upkeep
|turn|39
|
|t:|1743914979
|move|p1a: sewerslvt|Gigaton Hammer|p2a: Clefable
|-supereffective|p2a: Clefable
|-damage|p2a: Clefable|0 fnt
|faint|p2a: Clefable
|
|-heal|p1a: sewerslvt|95/100|[from] item: Leftovers
|upkeep
|
|t:|1743914983
|switch|p2a: Vileplume|Vileplume, F|76/100
|-damage|p2a: Vileplume|63/100|[from] Stealth Rock
|turn|40
|
|t:|1743914994
|switch|p1a: genesis|Moltres|62/100
|move|p2a: Vileplume|Leech Seed|p1a: genesis
|-start|p1a: genesis|move: Leech Seed
|
|-damage|p1a: genesis|50/100|[from] Leech Seed|[of] p2a: Vileplume
|-heal|p2a: Vileplume|76/100|[silent]
|upkeep
|turn|41
|
|t:|1743915000
|switch|p2a: Chansey|Chansey, F|55/100
|-damage|p2a: Chansey|43/100|[from] Stealth Rock
|move|p1a: genesis|Roost|p1a: genesis
|-heal|p1a: genesis|99/100
|-singleturn|p1a: genesis|move: Roost
|
|-damage|p1a: genesis|88/100|[from] Leech Seed|[of] p2a: Chansey
|-heal|p2a: Chansey|49/100|[silent]
|upkeep
|turn|42
|
|t:|1743915048
|move|p1a: genesis|U-turn|p2a: Chansey
|-damage|p2a: Chansey|40/100
|
|t:|1743915061
|switch|p1a: sewerslvt|Tinkaton, F|95/100|[from] U-turn
|-ability|p1a: sewerslvt|Mold Breaker
|move|p2a: Chansey|Soft-Boiled|p2a: Chansey
|-heal|p2a: Chansey|90/100
|
|-heal|p1a: sewerslvt|100/100|[from] item: Leftovers
|upkeep
|turn|43
|
|t:|1743915069
|switch|p1a: genesis|Moltres|88/100
|switch|p2a: Vileplume|Vileplume, F|76/100
|-damage|p2a: Vileplume|64/100|[from] Stealth Rock
|
|upkeep
|turn|44
|
|t:|1743915082
|switch|p1a: deathconciousness|Hydrapple, M|100/100
|-terastallize|p2a: Vileplume|Fire
|move|p2a: Vileplume|Leech Seed|p1a: deathconciousness
|-immune|p1a: deathconciousness
|
|upkeep
|turn|45
|inactive|Battle timer is ON: inactive players will automatically lose when time's up. (requested by Kanto's Finest)
|
|t:|1743915101
|move|p1a: deathconciousness|Earth Power|p2a: Vileplume
|-supereffective|p2a: Vileplume
|-damage|p2a: Vileplume|0 fnt
|faint|p2a: Vileplume
|
|upkeep
|
|t:|1743915106
|switch|p2a: Chansey|Chansey, F|90/100
|-damage|p2a: Chansey|77/100|[from] Stealth Rock
|turn|46
|
|t:|1743915111
|switch|p1a: machine girl|Great Tusk|34/100 psn
|move|p2a: Chansey|Stealth Rock|p1a: machine girl
|-sidestart|p1: LunaPhoebe|move: Stealth Rock
|
|-damage|p1a: machine girl|22/100 psn|[from] psn
|upkeep
|turn|47
|
|t:|1743915117
|move|p1a: machine girl|Knock Off|p2a: Chansey
|-damage|p2a: Chansey|56/100
|-enditem|p2a: Chansey|Eviolite|[from] move: Knock Off|[of] p1a: machine girl
|move|p2a: Chansey|Seismic Toss|p1a: machine girl
|-damage|p1a: machine girl|0 fnt
|faint|p1a: machine girl
|-end|p1a: machine girl|Protosynthesis|[silent]
|
|upkeep
|
|t:|1743915122
|switch|p1a: sewerslvt|Tinkaton, F|100/100
|-damage|p1a: sewerslvt|94/100|[from] Stealth Rock
|-ability|p1a: sewerslvt|Mold Breaker
|turn|48
|
|t:|1743915125
|move|p1a: sewerslvt|Gigaton Hammer|p2a: Chansey
|-damage|p2a: Chansey|13/100
|move|p2a: Chansey|Healing Wish|p2a: Chansey
|faint|p2a: Chansey
|
|-heal|p1a: sewerslvt|100/100|[from] item: Leftovers
|upkeep
|
|t:|1743915128
|switch|p2a: Hitmonlee|Hitmonlee, M|5/100
|-heal|p2a: Hitmonlee|100/100|[from] move: Healing Wish
|-damage|p2a: Hitmonlee|95/100|[from] Stealth Rock
|turn|49
|
|t:|1743915142
|switch|p1a: the paper chase|Rotom-Wash|100/100
|-damage|p1a: the paper chase|88/100|[from] Stealth Rock
|move|p2a: Hitmonlee|Fake Out|p1a: the paper chase
|-enditem|p2a: Hitmonlee|Normal Gem|[from] gem
|-damage|p1a: the paper chase|74/100
|-damage|p2a: Hitmonlee|78/100|[from] item: Rocky Helmet|[of] p1a: the paper chase
|
|upkeep
|turn|50
|
|t:|1743915159
|move|p2a: Hitmonlee|High Jump Kick|p1a: the paper chase|[miss]
|-miss|p2a: Hitmonlee|p1a: the paper chase
|-damage|p2a: Hitmonlee|28/100|[from] highjumpkick
|move|p1a: the paper chase|Hydro Pump|p2a: Hitmonlee|[miss]
|-miss|p1a: the paper chase|p2a: Hitmonlee
|
|upkeep
|turn|51
|
|t:|1743915164
|move|p2a: Hitmonlee|High Jump Kick|p1a: the paper chase
|-damage|p1a: the paper chase|20/100
|-damage|p2a: Hitmonlee|12/100|[from] item: Rocky Helmet|[of] p1a: the paper chase
|move|p1a: the paper chase|Hydro Pump|p2a: Hitmonlee
|-damage|p2a: Hitmonlee|0 fnt
|faint|p2a: Hitmonlee
|
|win|LunaPhoebe
|raw|LunaPhoebe's rating: 1157 &rarr; <strong>1189</strong><br />(+32 for winning)
|raw|Kanto&apos;s Finest's rating: 1254 &rarr; <strong>1222</strong><br />(-32 for losing)
|l|☆LunaPhoebe
|player|p1|
|l|☆Kanto's Finest
|player|p2|
