|j|☆nokir44
|j|☆Qwerty2012
|t:|1743933197
|gametype|singles
|player|p1|nokir44|101|1000
|player|p2|Qwerty2012|hiker-gen4|1000
|teamsize|p1|6
|teamsize|p2|3
|gen|9
|tier|[Gen 9] OU
|rated|
|rule|HP Percentage Mod: HP is shown in percentages
|rule|Endless Battle Clause: Forcing endless battles is banned
|rule|Species Clause: Limit one of each Pokémon
|rule|OHKO Clause: OHKO moves are banned
|rule|Evasion Items Clause: Evasion items are banned
|rule|Evasion Moves Clause: Evasion moves are banned
|rule|Sleep Moves Clause: Sleep-inducing moves are banned
|clearpoke
|poke|p1|Venusaur, F|
|poke|p1|Charizard, M|
|poke|p1|Blastoise, M|
|poke|p1|Arcanine, F|
|poke|p1|Poliwrath, F|
|poke|p1|Golduck, M|
|poke|p2|Geodude, L1, M|
|poke|p2|Graveler, L25, M|
|poke|p2|Golem, L25, M|
|teampreview
|inactive|Battle timer is ON: inactive players will automatically lose when time's up. (requested by Qwerty2012)
|
|t:|1743933216
|start
|switch|p1a: Poliwrath|Poliwrath, F|100/100
|switch|p2a: Geodude|Geodude, L1, M|100/100
|turn|1
|
|t:|1743933221
|move|p1a: Poliwrath|Close Combat|p2a: Geodude
|-supereffective|p2a: Geodude
|-ability|p2a: Geodude|Sturdy
|-damage|p2a: Geodude|10/100
|-unboost|p1a: Poliwrath|def|1
|-unboost|p1a: Poliwrath|spd|1
|move|p2a: Geodude|Rest|p2a: Geodude
|-status|p2a: Geodude|slp|[from] move: Rest
|-enditem|p2a: Geodude|Lum Berry|[eat]
|-curestatus|p2a: Geodude|slp|[msg]
|-heal|p2a: Geodude|100/100|[silent]
|
|upkeep
|turn|2
|
|t:|1743933237
|move|p1a: Poliwrath|Close Combat|p2a: Geodude
|-supereffective|p2a: Geodude
|-ability|p2a: Geodude|Sturdy
|-damage|p2a: Geodude|10/100
|-unboost|p1a: Poliwrath|def|1
|-unboost|p1a: Poliwrath|spd|1
|move|p2a: Geodude|Rest|p2a: Geodude
|-status|p2a: Geodude|slp|[from] move: Rest
|-heal|p2a: Geodude|100/100 slp|[silent]
|
|upkeep
|turn|3
|inactive|Qwerty2012 has 120 seconds left.
|
|t:|1743933262
|move|p1a: Poliwrath|Surf|p2a: Geodude
|-supereffective|p2a: Geodude
|-ability|p2a: Geodude|Sturdy
|-damage|p2a: Geodude|10/100 slp
|cant|p2a: Geodude|slp
|
|upkeep
|turn|4
|inactive|Qwerty2012 has 120 seconds left.
|
|t:|1743933275
|move|p1a: Poliwrath|Surf|p2a: Geodude
|-supereffective|p2a: Geodude
|-crit|p2a: Geodude
|-damage|p2a: Geodude|0 fnt
|faint|p2a: Geodude
|
|upkeep
|
|t:|1743933278
|switch|p2a: Graveler|Graveler, L25, M|100/100
|turn|5
|
|t:|1743933284
|move|p1a: Poliwrath|Close Combat|p2a: Graveler
|-supereffective|p2a: Graveler
|-ability|p2a: Graveler|Sturdy
|-damage|p2a: Graveler|2/100
|-unboost|p1a: Poliwrath|def|1
|-unboost|p1a: Poliwrath|spd|1
|move|p2a: Graveler|Rest|p2a: Graveler
|-status|p2a: Graveler|slp|[from] move: Rest
|-enditem|p2a: Graveler|Lum Berry|[eat]
|-curestatus|p2a: Graveler|slp|[msg]
|-heal|p2a: Graveler|100/100|[silent]
|
|upkeep
|turn|6
|
|t:|1743933299
|move|p1a: Poliwrath|Surf|p2a: Graveler
|-supereffective|p2a: Graveler
|-ability|p2a: Graveler|Sturdy
|-damage|p2a: Graveler|2/100
|move|p2a: Graveler|Rest|p2a: Graveler
|-status|p2a: Graveler|slp|[from] move: Rest
|-heal|p2a: Graveler|100/100 slp|[silent]
|
|upkeep
|turn|7
|
|t:|1743933312
|move|p1a: Poliwrath|Surf|p2a: Graveler
|-supereffective|p2a: Graveler
|-ability|p2a: Graveler|Sturdy
|-damage|p2a: Graveler|2/100 slp
|cant|p2a: Graveler|slp
|
|upkeep
|turn|8
|
|t:|1743933320
|move|p1a: Poliwrath|Surf|p2a: Graveler
|-supereffective|p2a: Graveler
|-damage|p2a: Graveler|0 fnt
|faint|p2a: Graveler
|
|upkeep
|
|t:|1743933323
|switch|p2a: Golem|Golem, L25, M|100/100
|turn|9
|
|t:|1743933329
|-terastallize|p1a: Poliwrath|Dragon
|move|p1a: Poliwrath|Surf|p2a: Golem
|-supereffective|p2a: Golem
|-ability|p2a: Golem|Sturdy
|-damage|p2a: Golem|2/100
|move|p2a: Golem|Rest|p2a: Golem
|-status|p2a: Golem|slp|[from] move: Rest
|-enditem|p2a: Golem|Lum Berry|[eat]
|-curestatus|p2a: Golem|slp|[msg]
|-heal|p2a: Golem|100/100|[silent]
|
|upkeep
|turn|10
|
|t:|1743933341
|move|p1a: Poliwrath|Surf|p2a: Golem
|-supereffective|p2a: Golem
|-ability|p2a: Golem|Sturdy
|-damage|p2a: Golem|2/100
|move|p2a: Golem|Rest|p2a: Golem
|-status|p2a: Golem|slp|[from] move: Rest
|-heal|p2a: Golem|100/100 slp|[silent]
|
|upkeep
|turn|11
|
|t:|1743933350
|-terastallize|p2a: Golem|Stellar
|move|p1a: Poliwrath|Surf|p2a: Golem
|-supereffective|p2a: Golem
|-ability|p2a: Golem|Sturdy
|-damage|p2a: Golem|2/100 slp
|cant|p2a: Golem|slp
|
|upkeep
|turn|12
|
|t:|1743933360
|move|p1a: Poliwrath|Surf|p2a: Golem
|-supereffective|p2a: Golem
|-damage|p2a: Golem|0 fnt
|faint|p2a: Golem
|
|win|nokir44
|raw|nokir44's rating: 1000 &rarr; <strong>1040</strong><br />(+40 for winning)
|raw|Qwerty2012's rating: 1000 &rarr; <strong>1000</strong><br />(+0 for losing)
|l|☆nokir44
|player|p1|
