|j|☆theholyapple94
|j|☆Lewy
|t:|1743809727
|gametype|singles
|player|p1|theholyapple94|170|1125
|player|p2|Lewy|hilbert|1119
|teamsize|p1|6
|teamsize|p2|6
|gen|9
|tier|[Gen 9] OU
|rated|
|rule|HP Percentage Mod: HP is shown in percentages
|rule|Endless Battle Clause: Forcing endless battles is banned
|rule|Species Clause: Limit one of each Pokémon
|rule|OHKO Clause: OHKO moves are banned
|rule|Evasion Items Clause: Evasion items are banned
|rule|Evasion Moves Clause: Evasion moves are banned
|rule|Sleep Moves Clause: Sleep-inducing moves are banned
|clearpoke
|poke|p1|Serperior, M|
|poke|p1|Ninetales-Alola, F|
|poke|p1|Chesnaught, M|
|poke|p1|Tauros-Paldea-Aqua, M|
|poke|p1|Hawlucha, F|
|poke|p1|Volcanion|
|poke|p2|Dragapult, F|
|poke|p2|Armarouge, M|
|poke|p2|Noctowl, M|
|poke|p2|Iron Valiant|
|poke|p2|Samurott-Hisui, M|
|poke|p2|Haxorus, M|
|teampreview
|inactive|Battle timer is ON: inactive players will automatically lose when time's up. (requested by theholyapple94)
|
|t:|1743809743
|start
|switch|p1a: Snivÿ|Serperior, M, shiny|100/100
|switch|p2a: s|Samurott-Hisui, M, shiny|100/100
|turn|1
|
|t:|1743809751
|switch|p2a: a|Armarouge, M|100/100
|move|p1a: Snivÿ|Glare|p2a: a
|-status|p2a: a|par
|
|upkeep
|turn|2
|
|t:|1743809758
|move|p1a: Snivÿ|Substitute|p1a: Snivÿ
|-start|p1a: Snivÿ|Substitute
|-damage|p1a: Snivÿ|76/100
|move|p2a: a|Calm Mind|p2a: a
|-boost|p2a: a|spa|1
|-boost|p2a: a|spd|1
|
|-heal|p1a: Snivÿ|82/100|[from] item: Leftovers
|upkeep
|turn|3
|
|t:|1743809764
|move|p1a: Snivÿ|Leech Seed|p2a: a
|-start|p2a: a|move: Leech Seed
|move|p2a: a|Psyshock|p1a: Snivÿ
|-end|p1a: Snivÿ|Substitute
|
|-heal|p1a: Snivÿ|88/100|[from] item: Leftovers
|-damage|p2a: a|88/100 par|[from] Leech Seed|[of] p1a: Snivÿ
|-heal|p1a: Snivÿ|100/100|[silent]
|upkeep
|turn|4
|
|t:|1743809770
|move|p1a: Snivÿ|Substitute|p1a: Snivÿ
|-start|p1a: Snivÿ|Substitute
|-damage|p1a: Snivÿ|76/100
|cant|p2a: a|par
|
|-heal|p1a: Snivÿ|82/100|[from] item: Leftovers
|-damage|p2a: a|76/100 par|[from] Leech Seed|[of] p1a: Snivÿ
|-heal|p1a: Snivÿ|95/100|[silent]
|upkeep
|turn|5
|
|t:|1743809777
|move|p1a: Snivÿ|Giga Drain|p2a: a
|-resisted|p2a: a
|-damage|p2a: a|64/100 par
|-heal|p1a: Snivÿ|100/100|[from] drain|[of] p2a: a
|move|p2a: a|Psyshock|p1a: Snivÿ
|-end|p1a: Snivÿ|Substitute
|
|-damage|p2a: a|52/100 par|[from] Leech Seed|[of] p1a: Snivÿ
|upkeep
|turn|6
|
|t:|1743809786
|move|p1a: Snivÿ|Substitute|p1a: Snivÿ
|-start|p1a: Snivÿ|Substitute
|-damage|p1a: Snivÿ|76/100
|move|p2a: a|Armor Cannon|p1a: Snivÿ
|-supereffective|p1a: Snivÿ
|-end|p1a: Snivÿ|Substitute
|-unboost|p2a: a|def|1
|-unboost|p2a: a|spd|1
|
|-heal|p1a: Snivÿ|82/100|[from] item: Leftovers
|-damage|p2a: a|40/100 par|[from] Leech Seed|[of] p1a: Snivÿ
|-heal|p1a: Snivÿ|95/100|[silent]
|upkeep
|turn|7
|
|t:|1743809791
|move|p1a: Snivÿ|Substitute|p1a: Snivÿ
|-start|p1a: Snivÿ|Substitute
|-damage|p1a: Snivÿ|70/100
|move|p2a: a|Armor Cannon|p1a: Snivÿ
|-supereffective|p1a: Snivÿ
|-end|p1a: Snivÿ|Substitute
|-unboost|p2a: a|def|1
|-unboost|p2a: a|spd|1
|
|-heal|p1a: Snivÿ|76/100|[from] item: Leftovers
|-damage|p2a: a|28/100 par|[from] Leech Seed|[of] p1a: Snivÿ
|-heal|p1a: Snivÿ|90/100|[silent]
|upkeep
|turn|8
|
|t:|1743809800
|move|p1a: Snivÿ|Substitute|p1a: Snivÿ
|-start|p1a: Snivÿ|Substitute
|-damage|p1a: Snivÿ|65/100
|move|p2a: a|Armor Cannon|p1a: Snivÿ
|-supereffective|p1a: Snivÿ
|-end|p1a: Snivÿ|Substitute
|-unboost|p2a: a|def|1
|-unboost|p2a: a|spd|1
|
|-heal|p1a: Snivÿ|71/100|[from] item: Leftovers
|-damage|p2a: a|16/100 par|[from] Leech Seed|[of] p1a: Snivÿ
|-heal|p1a: Snivÿ|84/100|[silent]
|upkeep
|turn|9
|
|t:|1743809809
|move|p1a: Snivÿ|Substitute|p1a: Snivÿ
|-start|p1a: Snivÿ|Substitute
|-damage|p1a: Snivÿ|59/100
|move|p2a: a|Armor Cannon|p1a: Snivÿ
|-supereffective|p1a: Snivÿ
|-end|p1a: Snivÿ|Substitute
|-unboost|p2a: a|def|1
|-unboost|p2a: a|spd|1
|
|-heal|p1a: Snivÿ|65/100|[from] item: Leftovers
|-damage|p2a: a|3/100 par|[from] Leech Seed|[of] p1a: Snivÿ
|-heal|p1a: Snivÿ|79/100|[silent]
|upkeep
|turn|10
|
|t:|1743809815
|move|p1a: Snivÿ|Substitute|p1a: Snivÿ
|-start|p1a: Snivÿ|Substitute
|-damage|p1a: Snivÿ|54/100
|move|p2a: a|Armor Cannon|p1a: Snivÿ
|-supereffective|p1a: Snivÿ
|-end|p1a: Snivÿ|Substitute
|-unboost|p2a: a|def|1
|-unboost|p2a: a|spd|1
|
|-heal|p1a: Snivÿ|60/100|[from] item: Leftovers
|-damage|p2a: a|0 fnt|[from] Leech Seed|[of] p1a: Snivÿ
|-heal|p1a: Snivÿ|63/100|[silent]
|faint|p2a: a
|upkeep
|
|t:|1743809820
|switch|p2a: Iron Valiant|Iron Valiant|100/100
|-enditem|p2a: Iron Valiant|Booster Energy
|-activate|p2a: Iron Valiant|ability: Quark Drive|[fromitem]
|-start|p2a: Iron Valiant|quarkdrivespe
|turn|11
|
|t:|1743809828
|move|p2a: Iron Valiant|Taunt|p1a: Snivÿ
|-start|p1a: Snivÿ|move: Taunt
|cant|p1a: Snivÿ|move: Taunt|Glare
|
|-heal|p1a: Snivÿ|69/100|[from] item: Leftovers
|upkeep
|turn|12
|
|t:|1743809850
|switch|p1a: Walking Stunt Hoop|Volcanion|100/100
|move|p2a: Iron Valiant|Calm Mind|p2a: Iron Valiant
|-boost|p2a: Iron Valiant|spa|1
|-boost|p2a: Iron Valiant|spd|1
|
|upkeep
|turn|13
|
|t:|1743809858
|move|p2a: Iron Valiant|Calm Mind|p2a: Iron Valiant
|-boost|p2a: Iron Valiant|spa|1
|-boost|p2a: Iron Valiant|spd|1
|move|p1a: Walking Stunt Hoop|Sludge Wave|p2a: Iron Valiant
|-supereffective|p2a: Iron Valiant
|-damage|p2a: Iron Valiant|36/100
|
|upkeep
|turn|14
|
|t:|1743809864
|-terastallize|p1a: Walking Stunt Hoop|Electric
|move|p2a: Iron Valiant|Aura Sphere|p1a: Walking Stunt Hoop
|-damage|p1a: Walking Stunt Hoop|0 fnt
|faint|p1a: Walking Stunt Hoop
|
|upkeep
|
|t:|1743809870
|switch|p1a: Terry|Hawlucha, F, shiny|100/100
|-ability|p1a: Terry|Mold Breaker
|turn|15
|
|t:|1743809876
|move|p2a: Iron Valiant|Moonblast|p1a: Terry
|-supereffective|p1a: Terry
|-crit|p1a: Terry
|-damage|p1a: Terry|0 fnt
|faint|p1a: Terry
|
|upkeep
|
|t:|1743809879
|switch|p1a: Snivÿ|Serperior, M, shiny|69/100
|turn|16
|
|t:|1743809886
|move|p2a: Iron Valiant|Moonblast|p1a: Snivÿ
|-damage|p1a: Snivÿ|0 fnt
|faint|p1a: Snivÿ
|
|upkeep
|
|t:|1743809888
|switch|p1a: Charles|Tauros-Paldea-Aqua, M|100/100
|-ability|p1a: Charles|Intimidate|boost
|-unboost|p2a: Iron Valiant|atk|1
|turn|17
|
|t:|1743809895
|move|p2a: Iron Valiant|Moonblast|p1a: Charles
|-supereffective|p1a: Charles
|-damage|p1a: Charles|0 fnt
|faint|p1a: Charles
|
|upkeep
|
|t:|1743809898
|switch|p1a: Chester|Chesnaught, M, shiny|100/100
|turn|18
|
|t:|1743809901
|move|p2a: Iron Valiant|Moonblast|p1a: Chester
|-supereffective|p1a: Chester
|-damage|p1a: Chester|0 fnt
|faint|p1a: Chester
|
|upkeep
|
|t:|1743809903
|switch|p1a: Pooftails|Ninetales-Alola, F, shiny|100/100
|-weather|Snowscape|[from] ability: Snow Warning|[of] p1a: Pooftails
|turn|19
|
|t:|1743809907
|move|p2a: Iron Valiant|Moonblast|p1a: Pooftails
|-damage|p1a: Pooftails|13/100
|move|p1a: Pooftails|Extrasensory|p2a: Iron Valiant
|-supereffective|p2a: Iron Valiant
|-damage|p2a: Iron Valiant|8/100
|-heal|p1a: Pooftails|16/100|[from] item: Shell Bell|[of] p2a: Iron Valiant
|
|-weather|Snowscape|[upkeep]
|upkeep
|turn|20
|c|☆Lewy|gg
|
|t:|1743809912
|move|p2a: Iron Valiant|Moonblast|p1a: Pooftails
|-damage|p1a: Pooftails|0 fnt
|faint|p1a: Pooftails
|
|win|Lewy
|raw|theholyapple94's rating: 1125 &rarr; <strong>1100</strong><br />(-25 for losing)
|raw|Lewy's rating: 1119 &rarr; <strong>1144</strong><br />(+25 for winning)
|l|☆theholyapple94
|player|p1|
