|j|☆DartTamarin519
|j|☆aprpafocks
|t:|1743893099
|gametype|singles
|player|p1|DartTamarin519|dawn|1465
|player|p2|aprpafocks|geeta|1423
|teamsize|p1|6
|teamsize|p2|6
|gen|9
|tier|[Gen 9] OU
|rated|
|rule|HP Percentage Mod: HP is shown in percentages
|rule|Endless Battle Clause: Forcing endless battles is banned
|rule|Species Clause: Limit one of each Pokémon
|rule|OHKO Clause: OHKO moves are banned
|rule|Evasion Items Clause: Evasion items are banned
|rule|Evasion Moves Clause: Evasion moves are banned
|rule|Sleep Moves Clause: Sleep-inducing moves are banned
|clearpoke
|poke|p1|Volcanion|
|poke|p1|Darkrai|
|poke|p1|Gholdengo|
|poke|p1|Iron Treads|
|poke|p1|Ting-Lu|
|poke|p1|Dragonite, F|
|poke|p2|Hoopa-Unbound|
|poke|p2|Ogerpon-Wellspring, F|
|poke|p2|Cinderace, F|
|poke|p2|Primarina, F|
|poke|p2|Corviknight, F|
|poke|p2|Landorus-Therian, M|
|teampreview
|inactive|Battle timer is ON: inactive players will automatically lose when time's up. (requested by aprpafocks)
|
|t:|1743893120
|start
|switch|p1a: Darkrai|Darkrai|100/100
|switch|p2a: Primarina|Primarina, F|100/100
|turn|1
|
|t:|1743893130
|switch|p1a: Volcanion|Volcanion|100/100
|switch|p2a: Landorus|Landorus-Therian, M|100/100
|-ability|p2a: Landorus|Intimidate|boost
|-unboost|p1a: Volcanion|atk|1
|
|upkeep
|turn|2
|
|t:|1743893138
|move|p2a: Landorus|U-turn|p1a: Volcanion
|-resisted|p1a: Volcanion
|-damage|p1a: Volcanion|89/100
|
|t:|1743893141
|switch|p2a: Ogerpon|Ogerpon-Wellspring, F|100/100|[from] U-turn
|move|p1a: Volcanion|Steam Eruption|p2a: Ogerpon
|-immune|p2a: Ogerpon|[from] ability: Water Absorb
|
|upkeep
|turn|3
|
|t:|1743893150
|switch|p1a: Darkrai|Darkrai|100/100
|move|p2a: Ogerpon|Ivy Cudgel|p1a: Darkrai|[anim] Ivy Cudgel Water
|-damage|p1a: Darkrai|28/100
|
|upkeep
|turn|4
|
|t:|1743893153
|move|p1a: Darkrai|Will-O-Wisp|p2a: Ogerpon
|-status|p2a: Ogerpon|brn
|move|p2a: Ogerpon|U-turn|p1a: Darkrai
|-supereffective|p1a: Darkrai
|-damage|p1a: Darkrai|0 fnt
|faint|p1a: Darkrai
|
|t:|1743893159
|switch|p2a: Cinderace|Cinderace, F|100/100|[from] U-turn
|
|upkeep
|
|t:|1743893163
|switch|p1a: Volcanion|Volcanion|89/100
|turn|5
|
|t:|1743893167
|move|p2a: Cinderace|U-turn|p1a: Volcanion
|-start|p2a: Cinderace|typechange|Bug|[from] ability: Libero
|-resisted|p1a: Volcanion
|-damage|p1a: Volcanion|77/100
|
|t:|1743893172
|switch|p2a: Primarina|Primarina, F|100/100|[from] U-turn
|move|p1a: Volcanion|Steam Eruption|p2a: Primarina
|-resisted|p2a: Primarina
|-damage|p2a: Primarina|73/100
|
|upkeep
|turn|6
|
|t:|1743893184
|switch|p1a: Gholdengo|Gholdengo|100/100
|-item|p1a: Gholdengo|Air Balloon
|move|p2a: Primarina|Flip Turn|p1a: Gholdengo
|-crit|p1a: Gholdengo
|-damage|p1a: Gholdengo|87/100
|-enditem|p1a: Gholdengo|Air Balloon
|
|t:|1743893191
|switch|p2a: Hoopa|Hoopa-Unbound|100/100|[from] Flip Turn
|
|upkeep
|turn|7
|
|t:|1743893195
|move|p2a: Hoopa|Dark Pulse|p1a: Gholdengo
|-supereffective|p1a: Gholdengo
|-damage|p1a: Gholdengo|0 fnt
|faint|p1a: Gholdengo
|
|upkeep
|-message|DartTamarin519 forfeited.
|
|win|aprpafocks
|raw|DartTamarin519's rating: 1465 &rarr; <strong>1443</strong><br />(-22 for losing)
|raw|aprpafocks's rating: 1423 &rarr; <strong>1445</strong><br />(+22 for winning)
|l|☆DartTamarin519
|player|p1|
