|j|☆WDF123
|j|☆u r nottwhh
|t:|1743831717
|gametype|singles
|player|p1|WDF123|steven|1116
|player|p2|u r nottwhh|lucas|1135
|teamsize|p1|6
|teamsize|p2|6
|gen|9
|tier|[Gen 9] OU
|rated|
|rule|HP Percentage Mod: HP is shown in percentages
|rule|Endless Battle Clause: Forcing endless battles is banned
|rule|Species Clause: Limit one of each Pokémon
|rule|OHKO Clause: OHKO moves are banned
|rule|Evasion Items Clause: Evasion items are banned
|rule|Evasion Moves Clause: Evasion moves are banned
|rule|Sleep Moves Clause: Sleep-inducing moves are banned
|clearpoke
|poke|p1|Corviknight, M|
|poke|p1|Excadrill, F|
|poke|p1|Metagross|
|poke|p1|Tyranitar, M|
|poke|p1|Chansey, F|
|poke|p1|Inteleon, F|
|poke|p2|Torkoal, M|
|poke|p2|Cinderace, F|
|poke|p2|Walking Wake|
|poke|p2|Dragonite, F|
|poke|p2|Dondozo, M|
|poke|p2|Kingambit, M|
|teampreview
|inactive|Battle timer is ON: inactive players will automatically lose when time's up. (requested by WDF123)
|
|t:|1743831759
|start
|switch|p1a: Inteleon|Inteleon, F|100/100
|switch|p2a: Torkoal|Torkoal, M|100/100
|-weather|SunnyDay|[from] ability: Drought|[of] p2a: Torkoal
|turn|1
|
|t:|1743831775
|move|p1a: Inteleon|Snipe Shot|p2a: Torkoal
|-supereffective|p2a: Torkoal
|-damage|p2a: Torkoal|52/100
|move|p2a: Torkoal|Solar Beam||[still]
|-prepare|p2a: Torkoal|Solar Beam
|-anim|p2a: Torkoal|Solar Beam|p1a: Inteleon
|-supereffective|p1a: Inteleon
|-damage|p1a: Inteleon|0 fnt
|faint|p1a: Inteleon
|-damage|p2a: Torkoal|42/100|[from] item: Life Orb
|
|-weather|SunnyDay|[upkeep]
|upkeep
|
|t:|1743831789
|switch|p1a: Tyranitar|Tyranitar, M|100/100
|-weather|Sandstorm|[from] ability: Sand Stream|[of] p1a: Tyranitar
|turn|2
|
|t:|1743831801
|switch|p2a: Dondozo|Dondozo, M|100/100
|move|p1a: Tyranitar|Dragon Claw|p2a: Dondozo
|-damage|p2a: Dondozo|84/100
|
|-weather|Sandstorm|[upkeep]
|-damage|p2a: Dondozo|78/100|[from] Sandstorm
|-heal|p2a: Dondozo|84/100|[from] item: Leftovers
|upkeep
|turn|3
|
|t:|1743831812
|switch|p1a: Corviknight|Corviknight, M|100/100
|move|p2a: Dondozo|Body Press|p1a: Corviknight
|-damage|p1a: Corviknight|87/100
|-damage|p2a: Dondozo|67/100|[from] item: Rocky Helmet|[of] p1a: Corviknight
|
|-weather|Sandstorm|[upkeep]
|-damage|p2a: Dondozo|61/100|[from] Sandstorm
|-heal|p2a: Dondozo|67/100|[from] item: Leftovers
|upkeep
|turn|4
|
|t:|1743831822
|move|p1a: Corviknight|Iron Defense|p1a: Corviknight
|-boost|p1a: Corviknight|def|2
|move|p2a: Dondozo|Curse|p2a: Dondozo
|-unboost|p2a: Dondozo|spe|1
|-boost|p2a: Dondozo|atk|1
|-boost|p2a: Dondozo|def|1
|
|-weather|Sandstorm|[upkeep]
|-damage|p2a: Dondozo|61/100|[from] Sandstorm
|-heal|p2a: Dondozo|67/100|[from] item: Leftovers
|upkeep
|turn|5
|
|t:|1743831832
|move|p1a: Corviknight|Iron Defense|p1a: Corviknight
|-boost|p1a: Corviknight|def|2
|move|p2a: Dondozo|Curse|p2a: Dondozo
|-unboost|p2a: Dondozo|spe|1
|-boost|p2a: Dondozo|atk|1
|-boost|p2a: Dondozo|def|1
|
|-weather|Sandstorm|[upkeep]
|-damage|p2a: Dondozo|61/100|[from] Sandstorm
|-heal|p2a: Dondozo|67/100|[from] item: Leftovers
|upkeep
|turn|6
|
|t:|1743831848
|move|p1a: Corviknight|Iron Defense|p1a: Corviknight
|-boost|p1a: Corviknight|def|2
|move|p2a: Dondozo|Curse|p2a: Dondozo
|-unboost|p2a: Dondozo|spe|1
|-boost|p2a: Dondozo|atk|1
|-boost|p2a: Dondozo|def|1
|
|-weather|none
|-heal|p2a: Dondozo|74/100|[from] item: Leftovers
|upkeep
|turn|7
|
|t:|1743831856
|move|p1a: Corviknight|Body Press|p2a: Dondozo
|-damage|p2a: Dondozo|68/100
|move|p2a: Dondozo|Wave Crash|p1a: Corviknight
|-damage|p1a: Corviknight|15/100
|-damage|p2a: Dondozo|51/100|[from] item: Rocky Helmet|[of] p1a: Corviknight
|-damage|p2a: Dondozo|32/100|[from] Recoil
|
|-heal|p2a: Dondozo|38/100|[from] item: Leftovers
|upkeep
|turn|8
|
|t:|1743831867
|move|p1a: Corviknight|Roost|p1a: Corviknight
|-heal|p1a: Corviknight|65/100
|-singleturn|p1a: Corviknight|move: Roost
|move|p2a: Dondozo|Body Press|p1a: Corviknight
|-supereffective|p1a: Corviknight
|-damage|p1a: Corviknight|0 fnt
|-damage|p2a: Dondozo|22/100|[from] item: Rocky Helmet|[of] p1a: Corviknight
|faint|p1a: Corviknight
|
|-heal|p2a: Dondozo|28/100|[from] item: Leftovers
|upkeep
|
|t:|1743831888
|switch|p1a: Tyranitar|Tyranitar, M|100/100
|-weather|Sandstorm|[from] ability: Sand Stream|[of] p1a: Tyranitar
|turn|9
|
|t:|1743831896
|move|p1a: Tyranitar|Knock Off|p2a: Dondozo
|-damage|p2a: Dondozo|16/100
|-enditem|p2a: Dondozo|Leftovers|[from] move: Knock Off|[of] p1a: Tyranitar
|move|p2a: Dondozo|Body Press|p1a: Tyranitar
|-supereffective|p1a: Tyranitar
|-damage|p1a: Tyranitar|0 fnt
|faint|p1a: Tyranitar
|
|-weather|Sandstorm|[upkeep]
|-damage|p2a: Dondozo|9/100|[from] Sandstorm
|upkeep
|
|t:|1743831905
|switch|p1a: Excadrill|Excadrill, F|100/100
|turn|10
|
|t:|1743831911
|move|p1a: Excadrill|Earthquake|p2a: Dondozo
|-damage|p2a: Dondozo|0 fnt
|faint|p2a: Dondozo
|-damage|p1a: Excadrill|91/100|[from] item: Life Orb
|
|-weather|Sandstorm|[upkeep]
|upkeep
|
|t:|1743831918
|switch|p2a: Torkoal|Torkoal, M|42/100
|-weather|SunnyDay|[from] ability: Drought|[of] p2a: Torkoal
|turn|11
|
|t:|1743831924
|move|p1a: Excadrill|Earthquake|p2a: Torkoal
|-supereffective|p2a: Torkoal
|-damage|p2a: Torkoal|0 fnt
|faint|p2a: Torkoal
|-damage|p1a: Excadrill|81/100|[from] item: Life Orb
|
|-weather|SunnyDay|[upkeep]
|upkeep
|
|t:|1743831932
|switch|p2a: Cinderace|Cinderace, F|100/100
|turn|12
|
|t:|1743831940
|switch|p1a: Chansey|Chansey, F|100/100
|move|p2a: Cinderace|Pyro Ball|p1a: Chansey
|-damage|p1a: Chansey|49/100
|-status|p1a: Chansey|brn
|
|-weather|SunnyDay|[upkeep]
|-damage|p1a: Chansey|43/100 brn|[from] brn
|upkeep
|turn|13
|
|t:|1743831948
|move|p2a: Cinderace|Sucker Punch||[still]
|-fail|p2a: Cinderace
|move|p1a: Chansey|Charm|p2a: Cinderace
|-unboost|p2a: Cinderace|atk|2
|
|-weather|SunnyDay|[upkeep]
|-damage|p1a: Chansey|36/100 brn|[from] brn
|upkeep
|turn|14
|
|t:|1743831959
|switch|p2a: Dragonite|Dragonite, F|100/100
|move|p1a: Chansey|Soft-Boiled|p1a: Chansey
|-heal|p1a: Chansey|86/100 brn
|
|-weather|SunnyDay|[upkeep]
|-damage|p1a: Chansey|80/100 brn|[from] brn
|upkeep
|turn|15
|
|t:|1743831967
|move|p2a: Dragonite|Encore|p1a: Chansey
|-start|p1a: Chansey|Encore
|move|p1a: Chansey|Soft-Boiled|p1a: Chansey
|-heal|p1a: Chansey|100/100 brn
|
|-weather|none
|-damage|p1a: Chansey|94/100 brn|[from] brn
|upkeep
|turn|16
|
|t:|1743831974
|move|p2a: Dragonite|Dragon Dance|p2a: Dragonite
|-boost|p2a: Dragonite|atk|1
|-boost|p2a: Dragonite|spe|1
|move|p1a: Chansey|Soft-Boiled|p1a: Chansey
|-heal|p1a: Chansey|100/100 brn
|
|-damage|p1a: Chansey|94/100 brn|[from] brn
|upkeep
|turn|17
|
|t:|1743831982
|-curestatus|p1a: Chansey|brn|[from] ability: Natural Cure
|switch|p1a: Metagross|Metagross|100/100
|move|p2a: Dragonite|Dragon Dance|p2a: Dragonite
|-boost|p2a: Dragonite|atk|1
|-boost|p2a: Dragonite|spe|1
|
|upkeep
|turn|18
|
|t:|1743831992
|move|p2a: Dragonite|Earthquake|p1a: Metagross
|-supereffective|p1a: Metagross
|-damage|p1a: Metagross|0 fnt
|faint|p1a: Metagross
|
|upkeep
|-message|WDF123 forfeited.
|
|win|u r nottwhh
|raw|WDF123's rating: 1116 &rarr; <strong>1092</strong><br />(-24 for losing)
|raw|u r nottwhh's rating: 1135 &rarr; <strong>1159</strong><br />(+24 for winning)
|l|☆WDF123
|player|p1|
|l|☆u r nottwhh
|player|p2|
