|j|☆Magicant13
|j|☆animebabesscareme
|t:|1743808940
|gametype|singles
|player|p1|Magicant13|plasmagruntf|1260
|player|p2|animebabesscareme|bruno|1269
|teamsize|p1|6
|teamsize|p2|6
|gen|9
|tier|[Gen 9] OU
|rated|
|rule|HP Percentage Mod: HP is shown in percentages
|rule|Endless Battle Clause: Forcing endless battles is banned
|rule|Species Clause: Limit one of each Pokémon
|rule|OHKO Clause: OHKO moves are banned
|rule|Evasion Items Clause: Evasion items are banned
|rule|Evasion Moves Clause: Evasion moves are banned
|rule|Sleep Moves Clause: Sleep-inducing moves are banned
|clearpoke
|poke|p1|Exeggutor-Alola, M|
|poke|p1|Iron Boulder|
|poke|p1|Excadrill, F|
|poke|p1|Darkrai|
|poke|p1|Primarina, M|
|poke|p1|Enamorus, F|
|poke|p2|Hitmonlee, M|
|poke|p2|Hitmonchan, M|
|poke|p2|Hitmontop, M|
|poke|p2|Hariyama, F|
|poke|p2|Lucario, M|
|poke|p2|Rhyperior, M|
|teampreview
|inactive|Battle timer is ON: inactive players will automatically lose when time's up. (requested by animebabesscareme)
|
|t:|1743808952
|start
|switch|p1a: Enamorus|Enamorus, F, shiny|100/100
|switch|p2a: Hitmontop|Hitmontop, M|100/100
|turn|1
|
|t:|1743808955
|-terastallize|p2a: Hitmontop|Steel
|move|p1a: Enamorus|Moonblast|p2a: Hitmontop
|-resisted|p2a: Hitmontop
|-damage|p2a: Hitmontop|79/100
|-unboost|p2a: Hitmontop|spa|1
|-damage|p1a: Enamorus|91/100|[from] item: Life Orb
|move|p2a: Hitmontop|Triple Axel|p1a: Enamorus
|-supereffective|p1a: Enamorus
|-crit|p1a: Enamorus
|-damage|p1a: Enamorus|38/100
|-supereffective|p1a: Enamorus
|-damage|p1a: Enamorus|0 fnt
|faint|p1a: Enamorus
|-hitcount|p1: Enamorus|2
|
|upkeep
|
|t:|1743808958
|switch|p1a: Excadrill|Excadrill, F|100/100
|-ability|p1a: Excadrill|Mold Breaker
|turn|2
|
|t:|1743808973
|move|p2a: Hitmontop|Mach Punch|p1a: Excadrill
|-supereffective|p1a: Excadrill
|-damage|p1a: Excadrill|16/100
|move|p1a: Excadrill|Earthquake|p2a: Hitmontop
|-supereffective|p2a: Hitmontop
|-damage|p2a: Hitmontop|0 fnt
|faint|p2a: Hitmontop
|
|upkeep
|
|t:|1743808983
|switch|p2a: Lucario|Lucario, M|100/100
|turn|3
|
|t:|1743808986
|move|p2a: Lucario|Aura Sphere|p1a: Excadrill
|-supereffective|p1a: Excadrill
|-damage|p1a: Excadrill|0 fnt
|faint|p1a: Excadrill
|-damage|p2a: Lucario|91/100|[from] item: Life Orb
|
|upkeep
|
|t:|1743808991
|switch|p1a: Primarina|Primarina, M|100/100
|turn|4
|
|t:|1743808997
|move|p2a: Lucario|Flash Cannon|p1a: Primarina
|-damage|p1a: Primarina|61/100
|-damage|p2a: Lucario|81/100|[from] item: Life Orb
|move|p1a: Primarina|Calm Mind|p1a: Primarina
|-boost|p1a: Primarina|spa|1
|-boost|p1a: Primarina|spd|1
|
|-heal|p1a: Primarina|67/100|[from] item: Leftovers
|upkeep
|turn|5
|
|t:|1743809000
|move|p2a: Lucario|Flash Cannon|p1a: Primarina
|-damage|p1a: Primarina|41/100
|-unboost|p1a: Primarina|spd|1
|-damage|p2a: Lucario|71/100|[from] item: Life Orb
|move|p1a: Primarina|Moonblast|p2a: Lucario
|-damage|p2a: Lucario|0 fnt
|faint|p2a: Lucario
|
|-heal|p1a: Primarina|47/100|[from] item: Leftovers
|upkeep
|
|t:|1743809006
|switch|p2a: Hitmonchan|Hitmonchan, M|100/100
|turn|6
|
|t:|1743809011
|move|p2a: Hitmonchan|Thunder Punch|p1a: Primarina
|-supereffective|p1a: Primarina
|-damage|p1a: Primarina|2/100
|move|p1a: Primarina|Moonblast|p2a: Hitmonchan
|-supereffective|p2a: Hitmonchan
|-damage|p2a: Hitmonchan|0 fnt
|faint|p2a: Hitmonchan
|
|-heal|p1a: Primarina|8/100|[from] item: Leftovers
|upkeep
|
|t:|1743809028
|switch|p2a: Hitmonlee|Hitmonlee, M|100/100
|turn|7
|
|t:|1743809035
|move|p2a: Hitmonlee|Knock Off|p1a: Primarina
|-resisted|p1a: Primarina
|-damage|p1a: Primarina|0 fnt
|-enditem|p1a: Primarina|Leftovers|[from] move: Knock Off|[of] p2a: Hitmonlee
|faint|p1a: Primarina
|
|upkeep
|
|t:|1743809042
|switch|p1a: Darkrai|Darkrai|100/100
|turn|8
|
|t:|1743809052
|switch|p2a: Rhyperior|Rhyperior, M|100/100
|-terastallize|p1a: Darkrai|Ghost
|move|p1a: Darkrai|Trick|p2a: Rhyperior
|-activate|p1a: Darkrai|move: Trick|[of] p2a: Rhyperior
|-item|p2a: Rhyperior|Choice Specs|[from] move: Trick
|-item|p1a: Darkrai|Assault Vest|[from] move: Trick
|
|upkeep
|turn|9
|
|t:|1743809064
|move|p1a: Darkrai|Ice Beam|p2a: Rhyperior
|-supereffective|p2a: Rhyperior
|-damage|p2a: Rhyperior|40/100
|move|p2a: Rhyperior|Heavy Slam|p1a: Darkrai
|-damage|p1a: Darkrai|56/100
|
|upkeep
|turn|10
|
|t:|1743809078
|move|p1a: Darkrai|Ice Beam|p2a: Rhyperior
|-supereffective|p2a: Rhyperior
|-damage|p2a: Rhyperior|0 fnt
|faint|p2a: Rhyperior
|
|upkeep
|
|t:|1743809091
|switch|p2a: Hariyama|Hariyama, F|100/100
|turn|11
|
|t:|1743809114
|move|p1a: Darkrai|Focus Blast|p2a: Hariyama
|-damage|p2a: Hariyama|54/100
|move|p2a: Hariyama|Belly Drum|p2a: Hariyama
|-damage|p2a: Hariyama|4/100
|-setboost|p2a: Hariyama|atk|6|[from] move: Belly Drum
|-enditem|p2a: Hariyama|Sitrus Berry|[eat]
|-heal|p2a: Hariyama|29/100|[from] item: Sitrus Berry
|
|upkeep
|turn|12
|inactive|Magicant13 has 120 seconds left.
|
|t:|1743809145
|move|p2a: Hariyama|Bullet Punch|p1a: Darkrai
|-damage|p1a: Darkrai|0 fnt
|faint|p1a: Darkrai
|
|upkeep
|
|t:|1743809149
|switch|p1a: Iron Boulder|Iron Boulder|100/100
|-enditem|p1a: Iron Boulder|Booster Energy
|-activate|p1a: Iron Boulder|ability: Quark Drive|[fromitem]
|-start|p1a: Iron Boulder|quarkdrivespe
|turn|13
|
|t:|1743809153
|move|p2a: Hariyama|Bullet Punch|p1a: Iron Boulder
|-supereffective|p1a: Iron Boulder
|-damage|p1a: Iron Boulder|0 fnt
|faint|p1a: Iron Boulder
|-end|p1a: Iron Boulder|Quark Drive|[silent]
|
|upkeep
|
|t:|1743809154
|switch|p1a: Exeggutor|Exeggutor-Alola, M|100/100
|turn|14
|
|t:|1743809160
|move|p1a: Exeggutor|Dragon Hammer|p2a: Hariyama
|-damage|p2a: Hariyama|0 fnt
|faint|p2a: Hariyama
|
|upkeep
|
|t:|1743809162
|switch|p2a: Hitmonlee|Hitmonlee, M|100/100
|turn|15
|
|t:|1743809165
|move|p2a: Hitmonlee|High Jump Kick|p1a: Exeggutor
|-damage|p1a: Exeggutor|0 fnt
|faint|p1a: Exeggutor
|
|win|animebabesscareme
|raw|Magicant13's rating: 1260 &rarr; <strong>1234</strong><br />(-26 for losing)
|raw|animebabesscareme's rating: 1249 &rarr; <strong>1275</strong><br />(+26 for winning)
|l|☆animebabesscareme
|player|p2|
|l|☆Magicant13
|player|p1|
