|j|☆CarrotStix
|j|☆jerermy
|t:|1743909135
|gametype|singles
|player|p1|CarrotStix|plasmagruntf-gen5bw|1269
|player|p2|jerermy|265|1288
|teamsize|p1|6
|teamsize|p2|6
|gen|9
|tier|[Gen 9] OU
|rated|
|rule|HP Percentage Mod: HP is shown in percentages
|rule|Endless Battle Clause: Forcing endless battles is banned
|rule|Species Clause: Limit one of each Pokémon
|rule|OHKO Clause: OHKO moves are banned
|rule|Evasion Items Clause: Evasion items are banned
|rule|Evasion Moves Clause: Evasion moves are banned
|rule|Sleep Moves Clause: Sleep-inducing moves are banned
|clearpoke
|poke|p1|Great Tusk|
|poke|p1|Lilligant, F|
|poke|p1|Walking Wake|
|poke|p1|Torkoal, M|
|poke|p1|Raging Bolt|
|poke|p1|Cinderace, F|
|poke|p2|Amoonguss, M|
|poke|p2|Alomomola, M|
|poke|p2|Hydrapple, F|
|poke|p2|Slowking-Galar, M|
|poke|p2|Kleavor, F|
|poke|p2|Great Tusk|
|teampreview
|
|t:|1743909154
|start
|switch|p1a: Rakwis|Torkoal, M, shiny|100/100
|switch|p2a: Kleavor|Kleavor, F|100/100
|-weather|SunnyDay|[from] ability: Drought|[of] p1a: Rakwis
|turn|1
|
|t:|1743909161
|switch|p1a: La Javelina|Great Tusk|100/100
|-activate|p1a: La Javelina|ability: Protosynthesis
|-start|p1a: La Javelina|protosynthesisatk
|move|p2a: Kleavor|Stone Axe|p1a: La Javelina
|-resisted|p1a: La Javelina
|-damage|p1a: La Javelina|91/100
|-sidestart|p1: CarrotStix|move: Stealth Rock
|
|-weather|SunnyDay|[upkeep]
|upkeep
|turn|2
|
|t:|1743909166
|switch|p2a: Alomomola|Alomomola, M|100/100
|move|p1a: La Javelina|Rapid Spin|p2a: Alomomola
|-damage|p2a: Alomomola|88/100
|-boost|p1a: La Javelina|spe|1
|-damage|p1a: La Javelina|75/100|[from] item: Rocky Helmet|[of] p2a: Alomomola
|-sideend|p1: CarrotStix|Stealth Rock|[from] move: Rapid Spin|[of] p1a: La Javelina
|
|-weather|SunnyDay|[upkeep]
|upkeep
|turn|3
|
|t:|1743909176
|-end|p1a: La Javelina|Protosynthesis|[silent]
|switch|p1a: Ichirin|Raging Bolt|100/100
|-activate|p1a: Ichirin|ability: Protosynthesis
|-start|p1a: Ichirin|protosynthesisspa
|move|p2a: Alomomola|Flip Turn|p1a: Ichirin
|-resisted|p1a: Ichirin
|-damage|p1a: Ichirin|97/100
|
|t:|1743909181
|switch|p2a: Amoonguss|Amoonguss, M|100/100|[from] Flip Turn
|
|-weather|SunnyDay|[upkeep]
|-heal|p1a: Ichirin|100/100|[from] item: Leftovers
|upkeep
|turn|4
|
|t:|1743909190
|move|p1a: Ichirin|Dragon Pulse|p2a: Amoonguss
|-damage|p2a: Amoonguss|61/100
|move|p2a: Amoonguss|Toxic|p1a: Ichirin
|-status|p1a: Ichirin|tox
|
|-weather|SunnyDay|[upkeep]
|-heal|p2a: Amoonguss|67/100|[from] item: Black Sludge
|-damage|p1a: Ichirin|94/100 tox|[from] psn
|upkeep
|turn|5
|
|t:|1743909198
|-end|p1a: Ichirin|Protosynthesis|[silent]
|switch|p1a: The Fool|Cinderace, F|100/100
|move|p2a: Amoonguss|Foul Play|p1a: The Fool
|-damage|p1a: The Fool|57/100
|
|-weather|SunnyDay|[upkeep]
|-heal|p2a: Amoonguss|73/100|[from] item: Black Sludge
|upkeep
|turn|6
|
|t:|1743909204
|switch|p2a: Alomomola|Alomomola, M|100/100
|move|p1a: The Fool|Pyro Ball|p2a: Alomomola
|-resisted|p2a: Alomomola
|-damage|p2a: Alomomola|78/100
|
|-weather|SunnyDay|[upkeep]
|upkeep
|turn|7
|
|t:|1743909211
|move|p1a: The Fool|Gunk Shot|p2a: Alomomola
|-start|p1a: The Fool|typechange|Poison|[from] ability: Libero
|-damage|p2a: Alomomola|49/100
|move|p2a: Alomomola|Flip Turn|p1a: The Fool
|-damage|p1a: The Fool|45/100
|
|t:|1743909219
|switch|p2a: Amoonguss|Amoonguss, M|100/100|[from] Flip Turn
|
|-weather|SunnyDay|[upkeep]
|upkeep
|turn|8
|
|t:|1743909223
|switch|p2a: Hydrapple|Hydrapple, F, shiny|100/100
|move|p1a: The Fool|Pyro Ball|p2a: Hydrapple|[miss]
|-miss|p1a: The Fool|p2a: Hydrapple
|
|-weather|none
|upkeep
|turn|9
|
|t:|1743909231
|move|p1a: The Fool|U-turn|p2a: Hydrapple
|-supereffective|p2a: Hydrapple
|-damage|p2a: Hydrapple|65/100
|
|t:|1743909234
|switch|p1a: Rakwis|Torkoal, M, shiny|100/100|[from] U-turn
|-weather|SunnyDay|[from] ability: Drought|[of] p1a: Rakwis
|move|p2a: Hydrapple|Earth Power|p1a: Rakwis
|-supereffective|p1a: Rakwis
|-damage|p1a: Rakwis|27/100
|
|-weather|SunnyDay|[upkeep]
|-heal|p2a: Hydrapple|71/100|[from] item: Leftovers
|upkeep
|turn|10
|
|t:|1743909253
|switch|p1a: かぎやま ひな|Lilligant, F|100/100
|move|p2a: Hydrapple|Fickle Beam|p1a: かぎやま ひな|[anim] Fickle Beam All Out
|-activate|p2a: Hydrapple|move: Fickle Beam
|-damage|p1a: かぎやま ひな|0 fnt
|faint|p1a: かぎやま ひな
|
|-weather|SunnyDay|[upkeep]
|-heal|p2a: Hydrapple|77/100|[from] item: Leftovers
|upkeep
|
|t:|1743909260
|switch|p1a: La Javelina|Great Tusk|75/100
|-activate|p1a: La Javelina|ability: Protosynthesis
|-start|p1a: La Javelina|protosynthesisatk
|turn|11
|
|t:|1743909268
|switch|p2a: Alomomola|Alomomola, M|83/100
|-terastallize|p1a: La Javelina|Steel
|move|p1a: La Javelina|Close Combat|p2a: Alomomola
|-damage|p2a: Alomomola|39/100
|-unboost|p1a: La Javelina|def|1
|-unboost|p1a: La Javelina|spd|1
|-damage|p1a: La Javelina|58/100|[from] item: Rocky Helmet|[of] p2a: Alomomola
|
|-weather|SunnyDay|[upkeep]
|upkeep
|turn|12
|
|t:|1743909275
|move|p2a: Alomomola|Protect|p2a: Alomomola
|-singleturn|p2a: Alomomola|Protect
|move|p1a: La Javelina|Close Combat|p2a: Alomomola
|-activate|p2a: Alomomola|move: Protect
|
|-weather|SunnyDay|[upkeep]
|upkeep
|turn|13
|
|t:|1743909283
|switch|p2a: Amoonguss|Amoonguss, M|100/100
|move|p1a: La Javelina|Close Combat|p2a: Amoonguss
|-resisted|p2a: Amoonguss
|-damage|p2a: Amoonguss|59/100
|-unboost|p1a: La Javelina|def|1
|-unboost|p1a: La Javelina|spd|1
|
|-weather|SunnyDay|[upkeep]
|-heal|p2a: Amoonguss|65/100|[from] item: Black Sludge
|upkeep
|turn|14
|
|t:|1743909291
|-end|p1a: La Javelina|Protosynthesis|[silent]
|switch|p1a: Ichirin|Raging Bolt|94/100 tox
|-activate|p1a: Ichirin|ability: Protosynthesis
|-start|p1a: Ichirin|protosynthesisspa
|move|p2a: Amoonguss|Foul Play|p1a: Ichirin
|-damage|p1a: Ichirin|82/100 tox
|
|-weather|SunnyDay|[upkeep]
|-heal|p1a: Ichirin|88/100 tox|[from] item: Leftovers
|-heal|p2a: Amoonguss|72/100|[from] item: Black Sludge
|-damage|p1a: Ichirin|82/100 tox|[from] psn
|upkeep
|turn|15
|
|t:|1743909301
|move|p1a: Ichirin|Thunderbolt|p2a: Amoonguss
|-resisted|p2a: Amoonguss
|-damage|p2a: Amoonguss|48/100
|move|p2a: Amoonguss|Sludge Bomb|p1a: Ichirin
|-damage|p1a: Ichirin|61/100 tox
|
|-weather|SunnyDay|[upkeep]
|-heal|p1a: Ichirin|67/100 tox|[from] item: Leftovers
|-heal|p2a: Amoonguss|54/100|[from] item: Black Sludge
|-damage|p1a: Ichirin|55/100 tox|[from] psn
|upkeep
|turn|16
|
|t:|1743909308
|switch|p2a: Hydrapple|Hydrapple, F, shiny|100/100
|move|p1a: Ichirin|Dragon Pulse|p2a: Hydrapple
|-supereffective|p2a: Hydrapple
|-damage|p2a: Hydrapple|0 fnt
|faint|p2a: Hydrapple
|
|-weather|none
|-end|p1a: Ichirin|Protosynthesis
|-heal|p1a: Ichirin|61/100 tox|[from] item: Leftovers
|-damage|p1a: Ichirin|43/100 tox|[from] psn
|upkeep
|c|☆CarrotStix|mwah
|
|t:|1743909317
|switch|p2a: Kleavor|Kleavor, F|100/100
|turn|17
|
|t:|1743909324
|-end|p1a: Ichirin|Protosynthesis|[silent]
|switch|p1a: La Javelina|Great Tusk, tera:Steel|58/100
|move|p2a: Kleavor|Stone Axe|p1a: La Javelina
|-resisted|p1a: La Javelina
|-damage|p1a: La Javelina|39/100
|-sidestart|p1: CarrotStix|move: Stealth Rock
|
|upkeep
|turn|18
|
|t:|1743909331
|switch|p2a: Amoonguss|Amoonguss, M|88/100
|move|p1a: La Javelina|Headlong Rush|p2a: Amoonguss
|-damage|p2a: Amoonguss|19/100
|-unboost|p1a: La Javelina|def|1
|-unboost|p1a: La Javelina|spd|1
|
|-heal|p2a: Amoonguss|25/100|[from] item: Black Sludge
|upkeep
|turn|19
|
|t:|1743909341
|switch|p2a: Alomomola|Alomomola, M|72/100
|move|p1a: La Javelina|Headlong Rush|p2a: Alomomola
|-damage|p2a: Alomomola|41/100
|-unboost|p1a: La Javelina|def|1
|-unboost|p1a: La Javelina|spd|1
|-damage|p1a: La Javelina|23/100|[from] item: Rocky Helmet|[of] p2a: Alomomola
|
|upkeep
|turn|20
|
|t:|1743909360
|-end|p1a: La Javelina|Protosynthesis|[silent]
|switch|p1a: Rakwis|Torkoal, M, shiny|27/100
|-damage|p1a: Rakwis|2/100|[from] Stealth Rock
|-weather|SunnyDay|[from] ability: Drought|[of] p1a: Rakwis
|move|p2a: Alomomola|Flip Turn|p1a: Rakwis
|-supereffective|p1a: Rakwis
|-damage|p1a: Rakwis|0 fnt
|faint|p1a: Rakwis
|
|t:|1743909373
|switch|p2a: Great Tusk|Great Tusk|100/100|[from] Flip Turn
|-activate|p2a: Great Tusk|ability: Protosynthesis
|-start|p2a: Great Tusk|protosynthesisspe
|
|-weather|SunnyDay|[upkeep]
|upkeep
|
|t:|1743909392
|switch|p1a: U. ostrommaysi|Walking Wake|100/100
|-damage|p1a: U. ostrommaysi|88/100|[from] Stealth Rock
|-activate|p1a: U. ostrommaysi|ability: Protosynthesis
|-start|p1a: U. ostrommaysi|protosynthesisspa
|turn|21
|
|t:|1743909422
|-end|p2a: Great Tusk|Protosynthesis|[silent]
|switch|p2a: Amoonguss|Amoonguss, M|58/100
|move|p1a: U. ostrommaysi|Draco Meteor|p2a: Amoonguss
|-damage|p2a: Amoonguss|0 fnt
|-unboost|p1a: U. ostrommaysi|spa|2
|faint|p2a: Amoonguss
|
|-weather|SunnyDay|[upkeep]
|upkeep
|
|t:|1743909433
|switch|p2a: Kleavor|Kleavor, F|100/100
|turn|22
|
|t:|1743909444
|-end|p1a: U. ostrommaysi|Protosynthesis|[silent]
|switch|p1a: La Javelina|Great Tusk, tera:Steel|23/100
|-damage|p1a: La Javelina|16/100|[from] Stealth Rock
|-activate|p1a: La Javelina|ability: Protosynthesis
|-start|p1a: La Javelina|protosynthesisatk
|move|p2a: Kleavor|Swords Dance|p2a: Kleavor
|-boost|p2a: Kleavor|atk|2
|
|-weather|SunnyDay|[upkeep]
|upkeep
|turn|23
|
|t:|1743909466
|move|p1a: La Javelina|Headlong Rush|p2a: Kleavor
|-enditem|p2a: Kleavor|Focus Sash
|-damage|p2a: Kleavor|1/100
|-unboost|p1a: La Javelina|def|1
|-unboost|p1a: La Javelina|spd|1
|move|p2a: Kleavor|X-Scissor|p1a: La Javelina
|-resisted|p1a: La Javelina
|-damage|p1a: La Javelina|0 fnt
|faint|p1a: La Javelina
|-end|p1a: La Javelina|Protosynthesis|[silent]
|
|-weather|SunnyDay|[upkeep]
|upkeep
|
|t:|1743909476
|switch|p1a: The Fool|Cinderace, F|45/100
|-damage|p1a: The Fool|20/100|[from] Stealth Rock
|turn|24
|
|t:|1743909483
|move|p1a: The Fool|Pyro Ball|p2a: Kleavor
|-damage|p2a: Kleavor|0 fnt
|faint|p2a: Kleavor
|
|-weather|SunnyDay|[upkeep]
|upkeep
|inactive|Battle timer is ON: inactive players will automatically lose when time's up. (requested by CarrotStix)
|inactive|jerermy has 120 seconds left.
|inactive|jerermy has 90 seconds left.
|inactive|jerermy has 60 seconds left.
|inactive|jerermy has 30 seconds left.
|inactive|jerermy has 20 seconds left.
|inactive|jerermy has 15 seconds left.
|inactive|jerermy has 10 seconds left.
|inactive|jerermy has 5 seconds left.
|-message|jerermy lost due to inactivity.
|
|win|CarrotStix
|raw|CarrotStix's rating: 1269 &rarr; <strong>1295</strong><br />(+26 for winning)
|raw|jerermy's rating: 1288 &rarr; <strong>1262</strong><br />(-26 for losing)
|l|☆jerermy
|player|p2|
|l|☆CarrotStix
|player|p1|
