|j|☆scalling
|j|☆Penguinxdd
|t:|1743885616
|gametype|singles
|player|p1|scalling|cyclist|1109
|player|p2|Penguinxdd|2|1117
|teamsize|p1|6
|teamsize|p2|6
|gen|9
|tier|[Gen 9] OU
|rated|
|rule|HP Percentage Mod: HP is shown in percentages
|rule|Endless Battle Clause: Forcing endless battles is banned
|rule|Species Clause: Limit one of each Pokémon
|rule|OHKO Clause: OHKO moves are banned
|rule|Evasion Items Clause: Evasion items are banned
|rule|Evasion Moves Clause: Evasion moves are banned
|rule|Sleep Moves Clause: Sleep-inducing moves are banned
|clearpoke
|poke|p1|Bisharp, M|
|poke|p1|Toxapex, F|
|poke|p1|Rotom-Wash|
|poke|p1|Garchomp, F|
|poke|p1|Iron Valiant|
|poke|p1|Dragapult, F|
|poke|p2|Garganacl, M|
|poke|p2|Araquanid, F|
|poke|p2|Kingambit, F|
|poke|p2|Iron Moth|
|poke|p2|Hatterene, F|
|poke|p2|Weavile, F|
|teampreview
|inactive|Battle timer is ON: inactive players will automatically lose when time's up. (requested by scalling)
|
|t:|1743885665
|start
|switch|p1a: Rotom|Rotom-Wash|100/100
|switch|p2a: Hatterene|Hatterene, F|100/100
|turn|1
|
|t:|1743885675
|move|p1a: Rotom|Will-O-Wisp|p2a: Hatterene
|move|p2a: Hatterene|Will-O-Wisp|p1a: Rotom|[from] ability: Magic Bounce
|-status|p1a: Rotom|brn
|move|p2a: Hatterene|Psychic Noise|p1a: Rotom
|-damage|p1a: Rotom|75/100 brn
|-start|p1a: Rotom|move: Heal Block
|
|-damage|p1a: Rotom|69/100 brn|[from] brn
|upkeep
|turn|2
|
|t:|1743885689
|move|p1a: Rotom|Volt Switch|p2a: Hatterene
|-damage|p2a: Hatterene|80/100
|
|t:|1743885703
|switch|p1a: Dragapult|Dragapult, F|100/100|[from] Volt Switch
|move|p2a: Hatterene|Psychic Noise|p1a: Dragapult
|-damage|p1a: Dragapult|52/100
|-start|p1a: Dragapult|move: Heal Block
|
|-heal|p2a: Hatterene|85/100|[from] item: Leftovers
|upkeep
|turn|3
|
|t:|1743885716
|move|p1a: Dragapult|Shadow Ball|p2a: Hatterene
|-supereffective|p2a: Hatterene
|-damage|p2a: Hatterene|5/100
|move|p2a: Hatterene|Draining Kiss|p1a: Dragapult
|-supereffective|p1a: Dragapult
|-damage|p1a: Dragapult|0 fnt
|-heal|p2a: Hatterene|48/100|[from] drain|[of] p1a: Dragapult
|faint|p1a: Dragapult
|
|-heal|p2a: Hatterene|54/100|[from] item: Leftovers
|upkeep
|
|t:|1743885728
|switch|p1a: Yasuo|Bisharp, M, shiny|100/100
|turn|4
|inactive|Penguinxdd has 120 seconds left.
|
|t:|1743885761
|switch|p2a: Araquanid|Araquanid, F|100/100
|move|p1a: Yasuo|Iron Head|p2a: Araquanid
|-resisted|p2a: Araquanid
|-damage|p2a: Araquanid|73/100
|
|upkeep
|turn|5
|inactive|Penguinxdd has 120 seconds left.
|
|t:|1743885786
|move|p1a: Yasuo|Swords Dance|p1a: Yasuo
|-boost|p1a: Yasuo|atk|2
|move|p2a: Araquanid|Liquidation|p1a: Yasuo
|-damage|p1a: Yasuo|16/100
|
|upkeep
|turn|6
|
|t:|1743885803
|move|p1a: Yasuo|Sucker Punch|p2a: Araquanid
|-damage|p2a: Araquanid|0 fnt
|faint|p2a: Araquanid
|
|upkeep
|
|t:|1743885811
|switch|p2a: Weavile|Weavile, F|100/100
|-ability|p2a: Weavile|Pressure
|turn|7
|
|t:|1743885821
|move|p2a: Weavile|Ice Shard|p1a: Yasuo
|-resisted|p1a: Yasuo
|-damage|p1a: Yasuo|4/100
|move|p1a: Yasuo|Sucker Punch||[still]
|-fail|p1a: Yasuo
|
|upkeep
|turn|8
|
|t:|1743885829
|move|p2a: Weavile|Ice Shard|p1a: Yasuo
|-resisted|p1a: Yasuo
|-damage|p1a: Yasuo|0 fnt
|faint|p1a: Yasuo
|
|upkeep
|
|t:|1743885842
|switch|p1a: Iron Valiant|Iron Valiant|100/100
|-enditem|p1a: Iron Valiant|Booster Energy
|-activate|p1a: Iron Valiant|ability: Quark Drive|[fromitem]
|-start|p1a: Iron Valiant|quarkdrivespe
|turn|9
|
|t:|1743885857
|switch|p2a: Garganacl|Garganacl, M|100/100
|move|p1a: Iron Valiant|Close Combat|p2a: Garganacl
|-supereffective|p2a: Garganacl
|-damage|p2a: Garganacl|42/100
|-unboost|p1a: Iron Valiant|def|1
|-unboost|p1a: Iron Valiant|spd|1
|-damage|p1a: Iron Valiant|84/100|[from] item: Rocky Helmet|[of] p2a: Garganacl
|
|upkeep
|turn|10
|inactive|Penguinxdd has 120 seconds left.
|
|t:|1743885878
|move|p1a: Iron Valiant|Close Combat|p2a: Garganacl
|-supereffective|p2a: Garganacl
|-damage|p2a: Garganacl|0 fnt
|-unboost|p1a: Iron Valiant|def|1
|-unboost|p1a: Iron Valiant|spd|1
|-damage|p1a: Iron Valiant|67/100|[from] item: Rocky Helmet|[of] p2a: Garganacl
|faint|p2a: Garganacl
|
|upkeep
|
|t:|1743885883
|switch|p2a: Hatterene|Hatterene, F|54/100
|turn|11
|
|t:|1743885904
|move|p1a: Iron Valiant|Close Combat|p2a: Hatterene
|-resisted|p2a: Hatterene
|-damage|p2a: Hatterene|39/100
|-unboost|p1a: Iron Valiant|def|1
|-unboost|p1a: Iron Valiant|spd|1
|move|p2a: Hatterene|Psychic Noise|p1a: Iron Valiant
|-supereffective|p1a: Iron Valiant
|-damage|p1a: Iron Valiant|0 fnt
|faint|p1a: Iron Valiant
|-end|p1a: Iron Valiant|Quark Drive|[silent]
|
|-heal|p2a: Hatterene|45/100|[from] item: Leftovers
|upkeep
|
|t:|1743885913
|switch|p1a: Wednesday|Toxapex, F|100/100
|turn|12
|
|t:|1743885915
|move|p1a: Wednesday|Toxic Spikes|p2a: Hatterene
|move|p2a: Hatterene|Toxic Spikes|p1a: Wednesday|[from] ability: Magic Bounce
|-sidestart|p1: scalling|move: Toxic Spikes
|move|p2a: Hatterene|Psychic Noise|p1a: Wednesday
|-supereffective|p1a: Wednesday
|-damage|p1a: Wednesday|45/100
|-start|p1a: Wednesday|move: Heal Block
|
|-heal|p2a: Hatterene|51/100|[from] item: Leftovers
|upkeep
|turn|13
|
|t:|1743885923
|move|p1a: Wednesday|Toxic Spikes|p2a: Hatterene
|move|p2a: Hatterene|Toxic Spikes|p1a: Wednesday|[from] ability: Magic Bounce
|-sidestart|p1: scalling|move: Toxic Spikes
|move|p2a: Hatterene|Psychic Noise|p1a: Wednesday
|-supereffective|p1a: Wednesday
|-damage|p1a: Wednesday|0 fnt
|faint|p1a: Wednesday
|
|-heal|p2a: Hatterene|57/100|[from] item: Leftovers
|upkeep
|inactive|scalling has 120 seconds left.
|
|t:|1743885970
|switch|p1a: Garchomp|Garchomp, F|100/100
|-status|p1a: Garchomp|tox
|turn|14
|
|t:|1743885991
|-terastallize|p1a: Garchomp|Fire
|move|p1a: Garchomp|Fire Blast|p2a: Hatterene
|-damage|p2a: Hatterene|32/100
|move|p2a: Hatterene|Draining Kiss|p1a: Garchomp
|-resisted|p1a: Garchomp
|-damage|p1a: Garchomp|90/100 tox
|-heal|p2a: Hatterene|44/100|[from] drain|[of] p1a: Garchomp
|-damage|p2a: Hatterene|31/100|[from] ability: Rough Skin|[of] p1a: Garchomp
|
|-heal|p1a: Garchomp|96/100 tox|[from] item: Leftovers
|-heal|p2a: Hatterene|37/100|[from] item: Leftovers
|-damage|p1a: Garchomp|90/100 tox|[from] psn
|upkeep
|turn|15
|inactive|scalling has 90 seconds left.
|inactive|Penguinxdd has 120 seconds left.
|
|t:|1743886024
|move|p1a: Garchomp|Earthquake|p2a: Hatterene
|-damage|p2a: Hatterene|0 fnt
|faint|p2a: Hatterene
|
|-heal|p1a: Garchomp|96/100 tox|[from] item: Leftovers
|-damage|p1a: Garchomp|84/100 tox|[from] psn
|upkeep
|inactive|Penguinxdd has 120 seconds left.
|
|t:|1743886038
|switch|p2a: Iron Moth|Iron Moth|100/100
|-enditem|p2a: Iron Moth|Booster Energy
|-activate|p2a: Iron Moth|ability: Quark Drive|[fromitem]
|-start|p2a: Iron Moth|quarkdrivespe
|turn|16
|inactive|Penguinxdd has 120 seconds left.
|
|t:|1743886044
|move|p2a: Iron Moth|Sludge Wave|p1a: Garchomp
|-damage|p1a: Garchomp|36/100 tox
|move|p1a: Garchomp|Earthquake|p2a: Iron Moth
|-supereffective|p2a: Iron Moth
|-damage|p2a: Iron Moth|0 fnt
|faint|p2a: Iron Moth
|-end|p2a: Iron Moth|Quark Drive|[silent]
|
|-heal|p1a: Garchomp|42/100 tox|[from] item: Leftovers
|-damage|p1a: Garchomp|23/100 tox|[from] psn
|upkeep
|inactive|Penguinxdd has 120 seconds left.
|
|t:|1743886051
|switch|p2a: Kingambit|Kingambit, F|100/100
|-activate|p2a: Kingambit|ability: Supreme Overlord
|-start|p2a: Kingambit|fallen4|[silent]
|turn|17
|
|t:|1743886057
|move|p2a: Kingambit|Sucker Punch|p1a: Garchomp
|-crit|p1a: Garchomp
|-damage|p1a: Garchomp|0 fnt
|-damage|p2a: Kingambit|88/100|[from] ability: Rough Skin|[of] p1a: Garchomp
|faint|p1a: Garchomp
|
|-heal|p2a: Kingambit|94/100|[from] item: Leftovers
|upkeep
|
|t:|1743886063
|switch|p1a: Rotom|Rotom-Wash|69/100 brn
|turn|18
|
|t:|1743886072
|move|p2a: Kingambit|Sucker Punch||[still]
|-fail|p2a: Kingambit
|move|p1a: Rotom|Pain Split|p2a: Kingambit
|-sethp|p2a: Kingambit|78/100|[from] move: Pain Split|[silent]
|-sethp|p1a: Rotom|87/100 brn|[from] move: Pain Split
|
|-heal|p1a: Rotom|94/100 brn|[from] item: Leftovers
|-heal|p2a: Kingambit|84/100|[from] item: Leftovers
|-damage|p1a: Rotom|87/100 brn|[from] brn
|upkeep
|turn|19
|
|t:|1743886081
|move|p2a: Kingambit|Sucker Punch||[still]
|-fail|p2a: Kingambit
|move|p1a: Rotom|Will-O-Wisp|p2a: Kingambit
|-status|p2a: Kingambit|brn
|
|-heal|p1a: Rotom|94/100 brn|[from] item: Leftovers
|-heal|p2a: Kingambit|90/100 brn|[from] item: Leftovers
|-damage|p1a: Rotom|87/100 brn|[from] brn
|-damage|p2a: Kingambit|84/100 brn|[from] brn
|upkeep
|turn|20
|
|t:|1743886087
|move|p2a: Kingambit|Sucker Punch||[still]
|-fail|p2a: Kingambit
|move|p1a: Rotom|Pain Split|p2a: Kingambit
|-sethp|p2a: Kingambit|81/100 brn|[from] move: Pain Split|[silent]
|-sethp|p1a: Rotom|91/100 brn|[from] move: Pain Split
|
|-heal|p1a: Rotom|97/100 brn|[from] item: Leftovers
|-heal|p2a: Kingambit|87/100 brn|[from] item: Leftovers
|-damage|p1a: Rotom|91/100 brn|[from] brn
|-damage|p2a: Kingambit|81/100 brn|[from] brn
|upkeep
|turn|21
|
|t:|1743886098
|move|p1a: Rotom|Volt Switch|p2a: Kingambit
|-damage|p2a: Kingambit|53/100 brn
|move|p2a: Kingambit|Swords Dance|p2a: Kingambit
|-boost|p2a: Kingambit|atk|2
|
|-heal|p1a: Rotom|97/100 brn|[from] item: Leftovers
|-heal|p2a: Kingambit|59/100 brn|[from] item: Leftovers
|-damage|p1a: Rotom|91/100 brn|[from] brn
|-damage|p2a: Kingambit|53/100 brn|[from] brn
|upkeep
|turn|22
|
|t:|1743886109
|move|p1a: Rotom|Pain Split|p2a: Kingambit
|-sethp|p2a: Kingambit|67/100 brn|[from] move: Pain Split|[silent]
|-sethp|p1a: Rotom|75/100 brn|[from] move: Pain Split
|move|p2a: Kingambit|Kowtow Cleave|p1a: Rotom
|-damage|p1a: Rotom|6/100 brn
|
|-heal|p1a: Rotom|12/100 brn|[from] item: Leftovers
|-heal|p2a: Kingambit|73/100 brn|[from] item: Leftovers
|-damage|p1a: Rotom|6/100 brn|[from] brn
|-damage|p2a: Kingambit|67/100 brn|[from] brn
|upkeep
|turn|23
|
|t:|1743886121
|move|p1a: Rotom|Pain Split|p2a: Kingambit
|-sethp|p2a: Kingambit|36/100 brn|[from] move: Pain Split|[silent]
|-sethp|p1a: Rotom|40/100 brn|[from] move: Pain Split
|move|p2a: Kingambit|Kowtow Cleave|p1a: Rotom
|-damage|p1a: Rotom|0 fnt
|faint|p1a: Rotom
|
|win|Penguinxdd
|raw|scalling's rating: 1109 &rarr; <strong>1085</strong><br />(-24 for losing)
|raw|Penguinxdd's rating: 1117 &rarr; <strong>1141</strong><br />(+24 for winning)
|l|☆scalling
|player|p1|
