|j|☆haricane
|j|☆ray masher
|t:|1743919231
|gametype|singles
|player|p1|haricane|hilbert|1215
|player|p2|ray masher|170|1273
|teamsize|p1|6
|teamsize|p2|6
|gen|9
|tier|[Gen 9] OU
|rated|
|rule|HP Percentage Mod: HP is shown in percentages
|rule|Endless Battle Clause: Forcing endless battles is banned
|rule|Species Clause: Limit one of each Pokémon
|rule|OHKO Clause: OHKO moves are banned
|rule|Evasion Items Clause: Evasion items are banned
|rule|Evasion Moves Clause: Evasion moves are banned
|rule|Sleep Moves Clause: Sleep-inducing moves are banned
|clearpoke
|poke|p1|Iron Thorns|
|poke|p1|Dragapult, M|
|poke|p1|Pawmot, F|
|poke|p1|Cinderace, M|
|poke|p1|Dragonite, M|
|poke|p1|Armarouge, M|
|poke|p2|Garchomp, M|
|poke|p2|Weavile, M|
|poke|p2|Moltres-Galar|
|poke|p2|Garganacl, M|
|poke|p2|Primarina, F|
|poke|p2|Glimmora, M|
|teampreview
|inactive|Battle timer is ON: inactive players will automatically lose when time's up. (requested by ray masher)
|
|t:|1743919238
|start
|switch|p1a: Dragonite|Dragonite, M|100/100
|switch|p2a: Garchomp|Garchomp, M|100/100
|turn|1
|
|t:|1743919256
|move|p2a: Garchomp|Scale Shot|p1a: Dragonite
|-supereffective|p1a: Dragonite
|-damage|p1a: Dragonite|85/100
|-enditem|p1a: Dragonite|Weakness Policy
|-boost|p1a: Dragonite|atk|2|[from] item: Weakness Policy
|-boost|p1a: Dragonite|spa|2|[from] item: Weakness Policy
|-supereffective|p1a: Dragonite
|-damage|p1a: Dragonite|53/100
|-supereffective|p1a: Dragonite
|-damage|p1a: Dragonite|25/100
|-supereffective|p1a: Dragonite
|-damage|p1a: Dragonite|0 fnt
|faint|p1a: Dragonite
|-hitcount|p1: Dragonite|4
|-unboost|p2a: Garchomp|def|1
|-boost|p2a: Garchomp|spe|1
|
|upkeep
|
|t:|1743919271
|switch|p1a: Armarouge|Armarouge, M|100/100
|turn|2
|
|t:|1743919275
|move|p1a: Armarouge|Endure|p1a: Armarouge
|-singleturn|p1a: Armarouge|move: Endure
|move|p2a: Garchomp|Earthquake|p1a: Armarouge
|-supereffective|p1a: Armarouge
|-crit|p1a: Armarouge
|-activate|p1a: Armarouge|move: Endure
|-damage|p1a: Armarouge|1/100
|-ability|p1a: Armarouge|Weak Armor|boost
|-unboost|p1a: Armarouge|def|1
|-boost|p1a: Armarouge|spe|2
|
|upkeep
|turn|3
|-enditem|p1a: Armarouge|Custap Berry|[eat]
|-activate|p1a: Armarouge|item: Custap Berry|[consumed]
|
|t:|1743919286
|move|p1a: Armarouge|Destiny Bond|p1a: Armarouge
|-singlemove|p1a: Armarouge|Destiny Bond
|move|p2a: Garchomp|Scale Shot|p1a: Armarouge
|-damage|p1a: Armarouge|0 fnt
|faint|p1a: Armarouge
|-activate|p1a: Armarouge|move: Destiny Bond
|faint|p2a: Garchomp
|-hitcount|p1: Armarouge|1
|
|upkeep
|
|t:|1743919299
|switch|p2a: Weavile|Weavile, M, shiny|100/100
|switch|p1a: Cinderace|Cinderace, M|100/100
|-ability|p2a: Weavile|Pressure
|turn|4
|
|t:|1743919311
|-terastallize|p2a: Weavile|Ghost
|move|p2a: Weavile|Swords Dance|p2a: Weavile
|-boost|p2a: Weavile|atk|2
|move|p1a: Cinderace|High Jump Kick|p2a: Weavile
|-start|p1a: Cinderace|typechange|Fighting|[from] ability: Libero
|-immune|p2a: Weavile
|-damage|p1a: Cinderace|51/100|[from] highjumpkick
|
|upkeep
|turn|5
|
|t:|1743919325
|move|p2a: Weavile|Triple Axel|p1a: Cinderace
|-damage|p1a: Cinderace|22/100
|-damage|p1a: Cinderace|0 fnt
|faint|p1a: Cinderace
|-hitcount|p1: Cinderace|2
|
|upkeep
|
|t:|1743919344
|switch|p1a: Dragapult|Dragapult, M|100/100
|turn|6
|
|t:|1743919349
|-terastallize|p1a: Dragapult|Normal
|move|p1a: Dragapult|Dragon Dance|p1a: Dragapult
|-boost|p1a: Dragapult|atk|1
|-boost|p1a: Dragapult|spe|1
|move|p2a: Weavile|Triple Axel|p1a: Dragapult
|-damage|p1a: Dragapult|74/100
|-crit|p1a: Dragapult
|-damage|p1a: Dragapult|0 fnt
|faint|p1a: Dragapult
|-hitcount|p1: Dragapult|2
|
|upkeep
|
|t:|1743919365
|switch|p1a: Iron Thorns|Iron Thorns, shiny|100/100
|-enditem|p1a: Iron Thorns|Booster Energy
|-activate|p1a: Iron Thorns|ability: Quark Drive|[fromitem]
|-start|p1a: Iron Thorns|quarkdriveatk
|turn|7
|
|t:|1743919385
|move|p2a: Weavile|Triple Axel|p1a: Iron Thorns
|-damage|p1a: Iron Thorns|80/100
|-damage|p1a: Iron Thorns|43/100
|-damage|p1a: Iron Thorns|0 fnt
|faint|p1a: Iron Thorns
|-end|p1a: Iron Thorns|Quark Drive|[silent]
|-hitcount|p1: Iron Thorns|3
|
|upkeep
|-message|haricane forfeited.
|
|win|ray masher
|raw|haricane's rating: 1215 &rarr; <strong>1194</strong><br />(-21 for losing)
|raw|ray masher's rating: 1273 &rarr; <strong>1294</strong><br />(+21 for winning)
|l|☆haricane
|player|p1|
|l|☆ray masher
|player|p2|
