|j|‽Golden_Guard_05
|j|☆whatwaterbridge
|t:|1743888310
|gametype|singles
|player|p1|Golden_Guard_05|az|1151
|player|p2|whatwaterbridge|veteranf|1097
|teamsize|p1|6
|teamsize|p2|6
|gen|9
|tier|[Gen 9] OU
|rated|
|rule|HP Percentage Mod: HP is shown in percentages
|rule|Endless Battle Clause: Forcing endless battles is banned
|rule|Species Clause: Limit one of each Pokémon
|rule|OHKO Clause: OHKO moves are banned
|rule|Evasion Items Clause: Evasion items are banned
|rule|Evasion Moves Clause: Evasion moves are banned
|rule|Sleep Moves Clause: Sleep-inducing moves are banned
|clearpoke
|poke|p1|Greninja-*, M|
|poke|p1|Metagross|
|poke|p1|Latios, M|
|poke|p1|Gliscor, M|
|poke|p1|Great Tusk|
|poke|p1|Garganacl, M|
|poke|p2|Alomomola, M|
|poke|p2|Glimmora, M|
|poke|p2|Garganacl, M|
|poke|p2|Corviknight, M|
|poke|p2|Hatterene, F|
|poke|p2|Serperior, M|
|teampreview
|inactive|Battle timer is ON: inactive players will automatically lose when time's up. (requested by Golden_Guard_05)
|
|t:|1743888323
|start
|switch|p1a: Latios|Latios, M, shiny|100/100
|switch|p2a: popcorn 2|Serperior, M|100/100
|turn|1
|
|t:|1743888327
|move|p1a: Latios|Luster Purge|p2a: popcorn 2
|-damage|p2a: popcorn 2|62/100
|-boost|p2a: popcorn 2|spd|1
|move|p2a: popcorn 2|Glare|p1a: Latios
|-status|p1a: Latios|par
|
|-heal|p2a: popcorn 2|68/100|[from] item: Leftovers
|upkeep
|turn|2
|
|t:|1743888336
|switch|p1a: Metagross|Metagross, shiny|100/100
|move|p2a: popcorn 2|Leech Seed|p1a: Metagross
|-start|p1a: Metagross|move: Leech Seed
|
|-heal|p2a: popcorn 2|74/100|[from] item: Leftovers
|-damage|p1a: Metagross|88/100|[from] Leech Seed|[of] p2a: popcorn 2
|-heal|p2a: popcorn 2|84/100|[silent]
|upkeep
|turn|3
|
|t:|1743888343
|move|p1a: Metagross|Agility|p1a: Metagross
|-boost|p1a: Metagross|spe|2
|move|p2a: popcorn 2|Glare|p1a: Metagross
|-status|p1a: Metagross|par
|
|-heal|p2a: popcorn 2|91/100|[from] item: Leftovers
|-damage|p1a: Metagross|76/100 par|[from] Leech Seed|[of] p2a: popcorn 2
|-heal|p2a: popcorn 2|100/100|[silent]
|upkeep
|turn|4
|
|t:|1743888355
|move|p1a: Metagross|Heavy Slam|p2a: popcorn 2
|-damage|p2a: popcorn 2|33/100
|move|p2a: popcorn 2|Substitute|p2a: popcorn 2
|-start|p2a: popcorn 2|Substitute
|-damage|p2a: popcorn 2|8/100
|
|-heal|p2a: popcorn 2|14/100|[from] item: Leftovers
|-damage|p1a: Metagross|64/100 par|[from] Leech Seed|[of] p2a: popcorn 2
|-heal|p2a: popcorn 2|25/100|[silent]
|upkeep
|turn|5
|
|t:|1743888364
|move|p1a: Metagross|Heavy Slam|p2a: popcorn 2
|-end|p2a: popcorn 2|Substitute
|move|p2a: popcorn 2|Leaf Storm|p1a: Metagross
|-resisted|p1a: Metagross
|-damage|p1a: Metagross|39/100 par
|-boost|p2a: popcorn 2|spa|2
|
|-heal|p2a: popcorn 2|31/100|[from] item: Leftovers
|-damage|p1a: Metagross|26/100 par|[from] Leech Seed|[of] p2a: popcorn 2
|-heal|p2a: popcorn 2|41/100|[silent]
|upkeep
|turn|6
|
|t:|1743888376
|move|p1a: Metagross|Heavy Slam|p2a: popcorn 2
|-damage|p2a: popcorn 2|0 fnt
|faint|p2a: popcorn 2
|
|upkeep
|
|t:|1743888392
|switch|p2a: Nathaniel II|Garganacl, M|100/100
|turn|7
|
|t:|1743888400
|-terastallize|p2a: Nathaniel II|Steel
|cant|p1a: Metagross|par
|move|p2a: Nathaniel II|Iron Defense|p2a: Nathaniel II
|-boost|p2a: Nathaniel II|def|2
|
|-damage|p1a: Metagross|14/100 par|[from] Leech Seed|[of] p2a: Nathaniel II
|upkeep
|turn|8
|
|t:|1743888407
|move|p1a: Metagross|Earthquake|p2a: Nathaniel II
|-supereffective|p2a: Nathaniel II
|-damage|p2a: Nathaniel II|79/100
|move|p2a: Nathaniel II|Iron Defense|p2a: Nathaniel II
|-boost|p2a: Nathaniel II|def|2
|
|-damage|p1a: Metagross|2/100 par|[from] Leech Seed|[of] p2a: Nathaniel II
|-heal|p2a: Nathaniel II|88/100|[silent]
|upkeep
|turn|9
|
|t:|1743888414
|move|p1a: Metagross|Earthquake|p2a: Nathaniel II
|-supereffective|p2a: Nathaniel II
|-crit|p2a: Nathaniel II
|-damage|p2a: Nathaniel II|30/100
|move|p2a: Nathaniel II|Iron Defense|p2a: Nathaniel II
|-boost|p2a: Nathaniel II|def|2
|
|-damage|p1a: Metagross|0 fnt|[from] Leech Seed|[of] p2a: Nathaniel II
|-heal|p2a: Nathaniel II|31/100|[silent]
|faint|p1a: Metagross
|upkeep
|
|t:|1743888424
|switch|p1a: Greninja|Greninja, M|100/100
|turn|10
|
|t:|1743888428
|move|p1a: Greninja|Hydro Pump|p2a: Nathaniel II
|-damage|p2a: Nathaniel II|0 fnt
|faint|p2a: Nathaniel II
|-ability|p1a: Greninja|Battle Bond|boost
|-boost|p1a: Greninja|atk|1
|-boost|p1a: Greninja|spa|1
|-boost|p1a: Greninja|spe|1
|-activate|p1a: Greninja|ability: Battle Bond
|
|upkeep
|
|t:|1743888437
|switch|p2a: bird|Glimmora, M|100/100
|turn|11
|
|t:|1743888439
|move|p1a: Greninja|Water Shuriken|p2a: bird
|-supereffective|p2a: bird
|-damage|p2a: bird|84/100
|-supereffective|p2a: bird
|-damage|p2a: bird|66/100
|-supereffective|p2a: bird
|-damage|p2a: bird|49/100
|-supereffective|p2a: bird
|-damage|p2a: bird|32/100
|-hitcount|p2a: bird|4
|move|p2a: bird|Toxic|p1a: Greninja
|-status|p1a: Greninja|tox
|
|-heal|p2a: bird|39/100|[from] item: Leftovers
|-damage|p1a: Greninja|95/100 tox|[from] psn
|upkeep
|turn|12
|
|t:|1743888456
|move|p1a: Greninja|Dark Pulse|p2a: bird
|-damage|p2a: bird|0 fnt
|faint|p2a: bird
|
|-damage|p1a: Greninja|83/100 tox|[from] psn
|upkeep
|
|t:|1743888465
|switch|p2a: feesh|Alomomola, M|100/100
|turn|13
|
|t:|1743888469
|move|p1a: Greninja|Water Shuriken|p2a: feesh
|-resisted|p2a: feesh
|-damage|p2a: feesh|94/100
|-resisted|p2a: feesh
|-damage|p2a: feesh|89/100
|-resisted|p2a: feesh
|-damage|p2a: feesh|82/100
|-resisted|p2a: feesh
|-damage|p2a: feesh|76/100
|-hitcount|p2a: feesh|4
|move|p2a: feesh|Wish|p2a: feesh
|
|-damage|p1a: Greninja|65/100 tox|[from] psn
|upkeep
|turn|14
|
|t:|1743888480
|switch|p1a: Garganacl|Garganacl, M, shiny|100/100
|move|p2a: feesh|Substitute|p2a: feesh
|-start|p2a: feesh|Substitute
|-damage|p2a: feesh|51/100
|
|-heal|p2a: feesh|100/100|[from] move: Wish|[wisher] feesh
|upkeep
|turn|15
|
|t:|1743888486
|move|p2a: feesh|Scald|p1a: Garganacl
|-supereffective|p1a: Garganacl
|-damage|p1a: Garganacl|75/100
|move|p1a: Garganacl|Iron Defense|p1a: Garganacl
|-boost|p1a: Garganacl|def|2
|
|-heal|p1a: Garganacl|81/100|[from] item: Leftovers
|upkeep
|turn|16
|
|t:|1743888494
|move|p2a: feesh|Scald|p1a: Garganacl
|-supereffective|p1a: Garganacl
|-damage|p1a: Garganacl|57/100
|move|p1a: Garganacl|Body Press|p2a: feesh
|-end|p2a: feesh|Substitute
|
|-heal|p1a: Garganacl|63/100|[from] item: Leftovers
|upkeep
|turn|17
|
|t:|1743888501
|move|p2a: feesh|Scald|p1a: Garganacl
|-supereffective|p1a: Garganacl
|-damage|p1a: Garganacl|40/100
|move|p1a: Garganacl|Salt Cure|p2a: feesh
|-damage|p2a: feesh|92/100
|-start|p2a: feesh|Salt Cure
|
|-heal|p1a: Garganacl|46/100|[from] item: Leftovers
|-damage|p2a: feesh|67/100|[from] Salt Cure
|upkeep
|turn|18
|
|t:|1743888508
|move|p2a: feesh|Scald|p1a: Garganacl
|-supereffective|p1a: Garganacl
|-damage|p1a: Garganacl|22/100
|move|p1a: Garganacl|Salt Cure|p2a: feesh
|-damage|p2a: feesh|60/100
|
|-heal|p1a: Garganacl|28/100|[from] item: Leftovers
|-damage|p2a: feesh|35/100|[from] Salt Cure
|upkeep
|turn|19
|
|t:|1743888514
|switch|p1a: Latios|Latios, M, shiny|100/100 par
|move|p2a: feesh|Scald|p1a: Latios
|-resisted|p1a: Latios
|-damage|p1a: Latios|94/100 par
|
|-damage|p2a: feesh|10/100|[from] Salt Cure
|upkeep
|turn|20
|
|t:|1743888523
|switch|p2a: the fog is coming|Hatterene, F|100/100
|move|p1a: Latios|Flip Turn|p2a: the fog is coming
|-damage|p2a: the fog is coming|90/100
|
|t:|1743888531
|switch|p1a: Greninja|Greninja, M|65/100 tox|[from] Flip Turn
|
|-heal|p2a: the fog is coming|96/100|[from] item: Leftovers
|-damage|p1a: Greninja|59/100 tox|[from] psn
|upkeep
|turn|21
|
|t:|1743888534
|move|p1a: Greninja|Sludge Wave|p2a: the fog is coming
|-supereffective|p2a: the fog is coming
|-damage|p2a: the fog is coming|42/100
|move|p2a: the fog is coming|Trick Room|p2a: the fog is coming
|-fieldstart|move: Trick Room|[of] p2a: the fog is coming
|
|-heal|p2a: the fog is coming|48/100|[from] item: Leftovers
|-damage|p1a: Greninja|47/100 tox|[from] psn
|upkeep
|turn|22
|
|t:|1743888541
|move|p1a: Greninja|Water Shuriken|p2a: the fog is coming
|-damage|p2a: the fog is coming|41/100
|-damage|p2a: the fog is coming|34/100
|-damage|p2a: the fog is coming|27/100
|-crit|p2a: the fog is coming
|-damage|p2a: the fog is coming|16/100
|-hitcount|p2a: the fog is coming|4
|move|p2a: the fog is coming|Draining Kiss|p1a: Greninja
|-supereffective|p1a: Greninja
|-damage|p1a: Greninja|0 fnt
|-heal|p2a: the fog is coming|48/100|[from] drain|[of] p1a: Greninja
|faint|p1a: Greninja
|
|-heal|p2a: the fog is coming|54/100|[from] item: Leftovers
|upkeep
|
|t:|1743888546
|switch|p1a: Gliscor|Gliscor, M|100/100
|turn|23
|
|t:|1743888564
|move|p1a: Gliscor|Protect|p1a: Gliscor
|-singleturn|p1a: Gliscor|Protect
|move|p2a: the fog is coming|Psychic Noise|p1a: Gliscor
|-activate|p1a: Gliscor|move: Protect
|
|-heal|p2a: the fog is coming|60/100|[from] item: Leftovers
|-status|p1a: Gliscor|tox|[from] item: Toxic Orb
|upkeep
|turn|24
|
|t:|1743888572
|move|p2a: the fog is coming|Psychic Noise|p1a: Gliscor
|-damage|p1a: Gliscor|51/100 tox
|-start|p1a: Gliscor|move: Heal Block
|move|p1a: Gliscor|Earthquake|p2a: the fog is coming
|-damage|p2a: the fog is coming|22/100
|
|-heal|p2a: the fog is coming|28/100|[from] item: Leftovers
|upkeep
|turn|25
|
|t:|1743888581
|move|p1a: Gliscor|Protect|p1a: Gliscor
|-singleturn|p1a: Gliscor|Protect
|move|p2a: the fog is coming|Psychic Noise|p1a: Gliscor
|-activate|p1a: Gliscor|move: Protect
|
|-heal|p2a: the fog is coming|34/100|[from] item: Leftovers
|-end|p1a: Gliscor|move: Heal Block
|-fieldend|move: Trick Room
|upkeep
|turn|26
|
|t:|1743888587
|move|p1a: Gliscor|Earthquake|p2a: the fog is coming
|-damage|p2a: the fog is coming|0 fnt
|faint|p2a: the fog is coming
|
|-heal|p1a: Gliscor|64/100 tox|[from] ability: Poison Heal
|upkeep
|
|t:|1743888589
|switch|p2a: feesh|Alomomola, M|44/100
|turn|27
|
|t:|1743888598
|-terastallize|p1a: Gliscor|Water
|move|p1a: Gliscor|Spikes|p2a: feesh
|-sidestart|p2: whatwaterbridge|Spikes
|move|p2a: feesh|Wish|p2a: feesh
|
|-heal|p1a: Gliscor|76/100 tox|[from] ability: Poison Heal
|upkeep
|turn|28
|
|t:|1743888606
|switch|p2a: Unibomber|Corviknight, M|100/100
|-ability|p2a: Unibomber|Pressure
|move|p1a: Gliscor|Earthquake|p2a: Unibomber
|-immune|p2a: Unibomber
|
|-heal|p1a: Gliscor|88/100 tox|[from] ability: Poison Heal
|upkeep
|turn|29
|
|t:|1743888615
|switch|p1a: Garganacl|Garganacl, M, shiny|28/100
|move|p2a: Unibomber|Brave Bird|p1a: Garganacl
|-resisted|p1a: Garganacl
|-damage|p1a: Garganacl|18/100
|-damage|p2a: Unibomber|97/100|[from] Recoil
|
|-heal|p1a: Garganacl|24/100|[from] item: Leftovers
|upkeep
|turn|30
|
|t:|1743888619
|move|p2a: Unibomber|Iron Head|p1a: Garganacl
|-supereffective|p1a: Garganacl
|-damage|p1a: Garganacl|0 fnt
|faint|p1a: Garganacl
|
|upkeep
|
|t:|1743888623
|switch|p1a: Great Tusk|Great Tusk|100/100
|turn|31
|
|t:|1743888627
|move|p1a: Great Tusk|Ice Spinner|p2a: Unibomber
|-damage|p2a: Unibomber|77/100
|move|p2a: Unibomber|Brave Bird|p1a: Great Tusk
|-supereffective|p1a: Great Tusk
|-damage|p1a: Great Tusk|50/100
|-damage|p2a: Unibomber|62/100|[from] Recoil
|
|-heal|p1a: Great Tusk|57/100|[from] item: Leftovers
|upkeep
|turn|32
|
|t:|1743888635
|move|p1a: Great Tusk|Close Combat|p2a: Unibomber
|-damage|p2a: Unibomber|14/100
|-unboost|p1a: Great Tusk|def|1
|-unboost|p1a: Great Tusk|spd|1
|move|p2a: Unibomber|Brave Bird|p1a: Great Tusk
|-supereffective|p1a: Great Tusk
|-damage|p1a: Great Tusk|0 fnt
|faint|p1a: Great Tusk
|-end|p1a: Great Tusk|Protosynthesis|[silent]
|-damage|p2a: Unibomber|0 fnt|[from] Recoil
|faint|p2a: Unibomber
|
|upkeep
|
|t:|1743888642
|switch|p1a: Gliscor|Gliscor, M, tera:Water|88/100 tox
|switch|p2a: feesh|Alomomola, M|77/100
|-damage|p2a: feesh|65/100|[from] Spikes
|turn|33
|
|t:|1743888654
|move|p1a: Gliscor|Toxic|p2a: feesh
|-status|p2a: feesh|tox
|move|p2a: feesh|Wish|p2a: feesh
|
|-heal|p1a: Gliscor|100/100 tox|[from] ability: Poison Heal
|-damage|p2a: feesh|58/100 tox|[from] psn
|upkeep
|turn|34
|
|t:|1743888661
|move|p1a: Gliscor|Earthquake|p2a: feesh
|-damage|p2a: feesh|36/100 tox
|move|p2a: feesh|Scald|p1a: Gliscor
|-resisted|p1a: Gliscor
|-damage|p1a: Gliscor|91/100 tox
|
|-heal|p2a: feesh|86/100 tox|[from] move: Wish|[wisher] feesh
|-heal|p1a: Gliscor|100/100 tox|[from] ability: Poison Heal
|-damage|p2a: feesh|74/100 tox|[from] psn
|upkeep
|turn|35
|
|t:|1743888667
|move|p1a: Gliscor|Earthquake|p2a: feesh
|-damage|p2a: feesh|50/100 tox
|move|p2a: feesh|Scald|p1a: Gliscor
|-resisted|p1a: Gliscor
|-damage|p1a: Gliscor|90/100 tox
|
|-heal|p1a: Gliscor|100/100 tox|[from] ability: Poison Heal
|-damage|p2a: feesh|31/100 tox|[from] psn
|upkeep
|turn|36
|
|t:|1743888672
|move|p1a: Gliscor|Earthquake|p2a: feesh
|-damage|p2a: feesh|10/100 tox
|move|p2a: feesh|Scald|p1a: Gliscor
|-resisted|p1a: Gliscor
|-damage|p1a: Gliscor|90/100 tox
|
|-heal|p1a: Gliscor|100/100 tox|[from] ability: Poison Heal
|-damage|p2a: feesh|0 fnt|[from] psn
|faint|p2a: feesh
|
|win|Golden_Guard_05
|raw|Golden_Guard_05's rating: 1151 &rarr; <strong>1172</strong><br />(+21 for winning)
|raw|whatwaterbridge's rating: 1097 &rarr; <strong>1076</strong><br />(-21 for losing)
