|j|☆drifter1798?
|j|☆vileshroomer
|t:|1743799881
|gametype|singles
|player|p1|drifter1798?|102|1394
|player|p2|vileshroomer|102|1324
|teamsize|p1|6
|teamsize|p2|6
|gen|9
|tier|[Gen 9] OU
|rated|
|rule|HP Percentage Mod: HP is shown in percentages
|rule|Endless Battle Clause: Forcing endless battles is banned
|rule|Species Clause: Limit one of each Pokémon
|rule|OHKO Clause: OHKO moves are banned
|rule|Evasion Items Clause: Evasion items are banned
|rule|Evasion Moves Clause: Evasion moves are banned
|rule|Sleep Moves Clause: Sleep-inducing moves are banned
|clearpoke
|poke|p1|Blissey, F|
|poke|p1|Ursaluna, M|
|poke|p1|Sinistcha-Masterpiece|
|poke|p1|Toedscruel, M|
|poke|p1|Ninetales-Alola, F|
|poke|p1|Toxapex, M|
|poke|p2|Weavile, F|
|poke|p2|Great Tusk|
|poke|p2|Corviknight, F|
|poke|p2|Ting-Lu|
|poke|p2|Raging Bolt|
|poke|p2|Terrakion|
|teampreview
|
|t:|1743799893
|start
|switch|p1a: Ursaluna|Ursaluna, M|100/100
|switch|p2a: Terrakion|Terrakion|100/100
|-item|p2a: Terrakion|Air Balloon
|turn|1
|
|t:|1743799907
|move|p1a: Ursaluna|Protect|p1a: Ursaluna
|-singleturn|p1a: Ursaluna|Protect
|move|p2a: Terrakion|Close Combat|p1a: Ursaluna
|-activate|p1a: Ursaluna|move: Protect
|
|-status|p1a: Ursaluna|brn|[from] item: Flame Orb
|upkeep
|turn|2
|
|t:|1743799915
|switch|p1a: Toedscruel|Toedscruel, M|100/100
|move|p2a: Terrakion|Stealth Rock|p1a: Toedscruel
|-sidestart|p1: drifter1798?|move: Stealth Rock
|
|upkeep
|turn|3
|c|☆vileshroomer|!dt toedscruel
|raw|<div class="message"><ul class="utilichart"><li class="result"><span class="col numcol">ZU</span> <span class="col iconcol"><psicon pokemon="toedscruel"/></span> <span class="col pokemonnamecol" style="white-space:nowrap"><a href="https://dex.pokemonshowdown.com/pokemon/toedscruel" target="_blank">Toedscruel</a></span> <span class="col typecol"><img src="https://play.pokemonshowdown.com/sprites/types/Ground.png" alt="Ground" height="14" width="32"><img src="https://play.pokemonshowdown.com/sprites/types/Grass.png" alt="Grass" height="14" width="32"></span> <span style="float:left;min-height:26px"><span class="col abilitycol">Mycelium Might</span><span class="col abilitycol"></span></span><span style="float:left;min-height:26px"><span class="col statcol"><em>HP</em><br />80</span> <span class="col statcol"><em>Atk</em><br />70</span> <span class="col statcol"><em>Def</em><br />65</span> <span class="col statcol"><em>SpA</em><br />80</span> <span class="col statcol"><em>SpD</em><br />120</span> <span class="col statcol"><em>Spe</em><br />100</span> <span class="col bstcol"><em>BST<br />515</em></span> </span></li><li style="clear:both"></li></ul></div>
|raw|<font size="1"><font color="#686868">Dex#:</font> 949&nbsp;|&ThickSpace;<font color="#686868">Gen:</font> 9&nbsp;|&ThickSpace;<font color="#686868">Height:</font> 1.9 m&nbsp;|&ThickSpace;<font color="#686868">Weight:</font> 58 kg <em>(80 BP)</em>&nbsp;|&ThickSpace;<font color="#686868">Dex Colour:</font> Black&nbsp;|&ThickSpace;<font color="#686868">Egg Group(s):</font> Field&nbsp;|&ThickSpace;<font color="#686868">Pre-Evolution:</font> Toedscool&nbsp;|&ThickSpace;<font color="#686868">Does Not Evolve</font></font>

|
|t:|1743799961
|switch|p2a: Corviknight|Corviknight, F|100/100
|-ability|p2a: Corviknight|Pressure
|move|p1a: Toedscruel|Rapid Spin|p2a: Corviknight
|-resisted|p2a: Corviknight
|-damage|p2a: Corviknight|98/100
|-boost|p1a: Toedscruel|spe|1
|-damage|p1a: Toedscruel|84/100|[from] item: Rocky Helmet|[of] p2a: Corviknight
|-sideend|p1: drifter1798?|Stealth Rock|[from] move: Rapid Spin|[of] p1a: Toedscruel
|
|-heal|p1a: Toedscruel|90/100|[from] item: Leftovers
|upkeep
|turn|4
|
|t:|1743799979
|switch|p1a: Toxapex|Toxapex, M|100/100
|move|p2a: Corviknight|Body Press|p1a: Toxapex
|-resisted|p1a: Toxapex
|-crit|p1a: Toxapex
|-damage|p1a: Toxapex|90/100
|
|-heal|p1a: Toxapex|96/100|[from] item: Leftovers
|upkeep
|turn|5
|
|t:|1743799987
|move|p2a: Corviknight|U-turn|p1a: Toxapex
|-resisted|p1a: Toxapex
|-damage|p1a: Toxapex|92/100
|
|t:|1743800003
|switch|p2a: Great Tusk|Great Tusk|100/100|[from] U-turn
|-enditem|p2a: Great Tusk|Booster Energy
|-activate|p2a: Great Tusk|ability: Protosynthesis|[fromitem]
|-start|p2a: Great Tusk|protosynthesisspe
|move|p1a: Toxapex|Toxic|p2a: Great Tusk
|-status|p2a: Great Tusk|tox
|
|-heal|p1a: Toxapex|98/100|[from] item: Leftovers
|-damage|p2a: Great Tusk|94/100 tox|[from] psn
|upkeep
|turn|6
|
|t:|1743800025
|move|p2a: Great Tusk|Bulk Up|p2a: Great Tusk
|-boost|p2a: Great Tusk|atk|1
|-boost|p2a: Great Tusk|def|1
|move|p1a: Toxapex|Toxic|p2a: Great Tusk
|-fail|p2a: Great Tusk|tox
|
|-heal|p1a: Toxapex|100/100|[from] item: Leftovers
|-damage|p2a: Great Tusk|82/100 tox|[from] psn
|upkeep
|turn|7
|
|t:|1743800036
|switch|p1a: Ninetales|Ninetales-Alola, F|100/100
|-weather|Snowscape|[from] ability: Snow Warning|[of] p1a: Ninetales
|move|p2a: Great Tusk|Headlong Rush|p1a: Ninetales
|-damage|p1a: Ninetales|32/100
|-unboost|p2a: Great Tusk|def|1
|-unboost|p2a: Great Tusk|spd|1
|
|-weather|Snowscape|[upkeep]
|-damage|p2a: Great Tusk|63/100 tox|[from] psn
|upkeep
|turn|8
|
|t:|1743800047
|switch|p1a: Toedscruel|Toedscruel, M|90/100
|move|p2a: Great Tusk|Headlong Rush|p1a: Toedscruel
|-resisted|p1a: Toedscruel
|-damage|p1a: Toedscruel|56/100
|-unboost|p2a: Great Tusk|def|1
|-unboost|p2a: Great Tusk|spd|1
|
|-weather|Snowscape|[upkeep]
|-heal|p1a: Toedscruel|62/100|[from] item: Leftovers
|-damage|p2a: Great Tusk|38/100 tox|[from] psn
|upkeep
|turn|9
|
|t:|1743800057
|-end|p2a: Great Tusk|Protosynthesis|[silent]
|switch|p2a: Corviknight|Corviknight, F|98/100
|-ability|p2a: Corviknight|Pressure
|switch|p1a: Ursaluna|Ursaluna, M|100/100 brn
|
|-weather|Snowscape|[upkeep]
|-damage|p1a: Ursaluna|94/100 brn|[from] brn
|upkeep
|turn|10
|
|t:|1743800066
|move|p2a: Corviknight|Body Press|p1a: Ursaluna
|-supereffective|p1a: Ursaluna
|-damage|p1a: Ursaluna|59/100 brn
|move|p1a: Ursaluna|Facade|p2a: Corviknight
|-resisted|p2a: Corviknight
|-damage|p2a: Corviknight|59/100
|-damage|p1a: Ursaluna|43/100 brn|[from] item: Rocky Helmet|[of] p2a: Corviknight
|
|-weather|Snowscape|[upkeep]
|-damage|p1a: Ursaluna|36/100 brn|[from] brn
|upkeep
|turn|11
|
|t:|1743800076
|move|p2a: Corviknight|Roost|p2a: Corviknight
|-heal|p2a: Corviknight|100/100
|-singleturn|p2a: Corviknight|move: Roost
|move|p1a: Ursaluna|Earthquake|p2a: Corviknight
|-supereffective|p2a: Corviknight
|-damage|p2a: Corviknight|0 fnt
|faint|p2a: Corviknight
|
|-weather|none
|-damage|p1a: Ursaluna|30/100 brn|[from] brn
|upkeep
|c|☆vileshroomer|nice
|
|t:|1743800095
|switch|p2a: Terrakion|Terrakion|100/100
|-item|p2a: Terrakion|Air Balloon
|turn|12
|
|t:|1743800106
|move|p2a: Terrakion|Earthquake|p1a: Ursaluna
|-damage|p1a: Ursaluna|8/100 brn
|move|p1a: Ursaluna|Facade|p2a: Terrakion
|-resisted|p2a: Terrakion
|-damage|p2a: Terrakion|27/100
|-enditem|p2a: Terrakion|Air Balloon
|
|-damage|p1a: Ursaluna|2/100 brn|[from] brn
|upkeep
|turn|13
|
|t:|1743800117
|switch|p1a: Toedscruel|Toedscruel, M|62/100
|move|p2a: Terrakion|Earthquake|p1a: Toedscruel
|-resisted|p1a: Toedscruel
|-damage|p1a: Toedscruel|47/100
|
|-heal|p1a: Toedscruel|54/100|[from] item: Leftovers
|upkeep
|turn|14
|
|t:|1743800129
|move|p2a: Terrakion|Close Combat|p1a: Toedscruel
|-damage|p1a: Toedscruel|1/100
|-unboost|p2a: Terrakion|def|1
|-unboost|p2a: Terrakion|spd|1
|move|p1a: Toedscruel|Giga Drain|p2a: Terrakion
|-supereffective|p2a: Terrakion
|-damage|p2a: Terrakion|0 fnt
|-heal|p1a: Toedscruel|13/100|[from] drain|[of] p2a: Terrakion
|faint|p2a: Terrakion
|
|-heal|p1a: Toedscruel|19/100|[from] item: Leftovers
|upkeep
|
|t:|1743800149
|switch|p2a: Weavile|Weavile, F|100/100
|-ability|p2a: Weavile|Pressure
|turn|15
|
|t:|1743800154
|move|p2a: Weavile|Knock Off|p1a: Toedscruel
|-damage|p1a: Toedscruel|0 fnt
|-enditem|p1a: Toedscruel|Leftovers|[from] move: Knock Off|[of] p2a: Weavile
|faint|p1a: Toedscruel
|
|upkeep
|
|t:|1743800164
|switch|p1a: Toxapex|Toxapex, M|100/100
|turn|16
|
|t:|1743800174
|switch|p2a: Ting-Lu|Ting-Lu|100/100
|-ability|p2a: Ting-Lu|Vessel of Ruin
|move|p1a: Toxapex|Chilling Water|p2a: Ting-Lu
|-supereffective|p2a: Ting-Lu
|-damage|p2a: Ting-Lu|91/100
|-unboost|p2a: Ting-Lu|atk|1
|
|-heal|p2a: Ting-Lu|97/100|[from] item: Leftovers
|upkeep
|turn|17
|
|t:|1743800204
|switch|p1a: Ninetales|Ninetales-Alola, F|32/100
|-weather|Snowscape|[from] ability: Snow Warning|[of] p1a: Ninetales
|-terastallize|p2a: Ting-Lu|Poison
|move|p2a: Ting-Lu|Ruination|p1a: Ninetales
|-damage|p1a: Ninetales|16/100
|
|-weather|Snowscape|[upkeep]
|-heal|p2a: Ting-Lu|100/100|[from] item: Leftovers
|upkeep
|turn|18
|
|t:|1743800218
|move|p1a: Ninetales|Encore|p2a: Ting-Lu
|-start|p2a: Ting-Lu|Encore
|move|p2a: Ting-Lu|Ruination|p1a: Ninetales
|-damage|p1a: Ninetales|8/100
|
|-weather|Snowscape|[upkeep]
|upkeep
|turn|19
|
|t:|1743800235
|switch|p2a: Weavile|Weavile, F|100/100
|-ability|p2a: Weavile|Pressure
|move|p1a: Ninetales|Aurora Veil|p1a: Ninetales
|-sidestart|p1: drifter1798?|move: Aurora Veil
|
|-weather|Snowscape|[upkeep]
|upkeep
|turn|20
|
|t:|1743800248
|switch|p1a: Ursaluna|Ursaluna, M|2/100 brn
|move|p2a: Weavile|Triple Axel|p1a: Ursaluna
|-supereffective|p1a: Ursaluna
|-damage|p1a: Ursaluna|0 fnt
|faint|p1a: Ursaluna
|-hitcount|p1: Ursaluna|1
|
|-weather|Snowscape|[upkeep]
|upkeep
|
|t:|1743800255
|switch|p1a: Sinistcha|Sinistcha-Masterpiece|100/100
|turn|21
|
|t:|1743800291
|switch|p2a: Great Tusk|Great Tusk|38/100 tox
|-terastallize|p1a: Sinistcha|Poison
|move|p1a: Sinistcha|Matcha Gotcha|p2a: Great Tusk
|-supereffective|p2a: Great Tusk
|-damage|p2a: Great Tusk|0 fnt
|faint|p2a: Great Tusk
|-end|p2a: Great Tusk|Protosynthesis|[silent]
|
|-weather|none
|upkeep
|
|t:|1743800312
|switch|p2a: Ting-Lu|Ting-Lu, tera:Poison|100/100
|-ability|p2a: Ting-Lu|Vessel of Ruin
|turn|22
|
|t:|1743800322
|move|p1a: Sinistcha|Calm Mind|p1a: Sinistcha
|-boost|p1a: Sinistcha|spa|1
|-boost|p1a: Sinistcha|spd|1
|move|p2a: Ting-Lu|Earthquake|p1a: Sinistcha
|-supereffective|p1a: Sinistcha
|-damage|p1a: Sinistcha|73/100
|
|-heal|p1a: Sinistcha|79/100|[from] item: Leftovers
|upkeep
|turn|23
|
|t:|1743800329
|move|p1a: Sinistcha|Matcha Gotcha|p2a: Ting-Lu
|-resisted|p2a: Ting-Lu
|-damage|p2a: Ting-Lu|91/100
|-heal|p1a: Sinistcha|86/100|[from] drain|[of] p2a: Ting-Lu
|move|p2a: Ting-Lu|Whirlwind|p1a: Sinistcha
|drag|p1a: Toxapex|Toxapex, M|100/100
|
|-heal|p2a: Ting-Lu|97/100|[from] item: Leftovers
|upkeep
|turn|24
|
|t:|1743800342
|switch|p1a: Blissey|Blissey, F|100/100
|move|p2a: Ting-Lu|Spikes|p1a: Blissey
|-sidestart|p1: drifter1798?|Spikes
|
|-heal|p2a: Ting-Lu|100/100|[from] item: Leftovers
|upkeep
|turn|25
|
|t:|1743800357
|move|p1a: Blissey|Stealth Rock|p2a: Ting-Lu
|-sidestart|p2: vileshroomer|move: Stealth Rock
|move|p2a: Ting-Lu|Spikes|p1a: Blissey
|-sidestart|p1: drifter1798?|Spikes
|
|upkeep
|turn|26
|
|t:|1743800362
|move|p1a: Blissey|Thunder Wave|p2a: Ting-Lu
|-status|p2a: Ting-Lu|par
|move|p2a: Ting-Lu|Spikes|p1a: Blissey
|-sidestart|p1: drifter1798?|Spikes
|
|-sideend|p1: drifter1798?|move: Aurora Veil
|upkeep
|turn|27
|
|t:|1743800372
|switch|p1a: Ninetales|Ninetales-Alola, F|8/100
|-damage|p1a: Ninetales|0 fnt|[from] Spikes
|faint|p1a: Ninetales
|cant|p2a: Ting-Lu|par
|
|upkeep
|
|t:|1743800382
|switch|p1a: Sinistcha|Sinistcha-Masterpiece, tera:Poison|86/100
|-damage|p1a: Sinistcha|61/100|[from] Spikes
|turn|28
|
|t:|1743800389
|move|p1a: Sinistcha|Strength Sap|p2a: Ting-Lu
|-unboost|p2a: Ting-Lu|atk|1
|-heal|p1a: Sinistcha|100/100
|move|p2a: Ting-Lu|Whirlwind|p1a: Sinistcha
|drag|p1a: Toxapex|Toxapex, M|100/100
|-damage|p1a: Toxapex|75/100|[from] Spikes
|
|-heal|p1a: Toxapex|82/100|[from] item: Leftovers
|upkeep
|turn|29
|
|t:|1743800400
|move|p1a: Toxapex|Chilling Water|p2a: Ting-Lu
|-damage|p2a: Ting-Lu|96/100 par
|-unboost|p2a: Ting-Lu|atk|1
|cant|p2a: Ting-Lu|par
|
|-heal|p1a: Toxapex|88/100|[from] item: Leftovers
|-heal|p2a: Ting-Lu|100/100 par|[from] item: Leftovers
|upkeep
|turn|30
|
|t:|1743800410
|move|p1a: Toxapex|Toxic||[still]
|-fail|p1a: Toxapex
|move|p2a: Ting-Lu|Whirlwind|p1a: Toxapex
|drag|p1a: Blissey|Blissey, F|100/100
|
|upkeep
|turn|31
|
|t:|1743800416
|switch|p1a: Toxapex|Toxapex, M|100/100
|-damage|p1a: Toxapex|75/100|[from] Spikes
|cant|p2a: Ting-Lu|par
|
|-heal|p1a: Toxapex|82/100|[from] item: Leftovers
|upkeep
|turn|32
|
|t:|1743800423
|switch|p1a: Blissey|Blissey, F|100/100
|move|p2a: Ting-Lu|Ruination|p1a: Blissey
|-damage|p1a: Blissey|50/100
|
|upkeep
|turn|33
|
|t:|1743800431
|move|p1a: Blissey|Soft-Boiled|p1a: Blissey
|-heal|p1a: Blissey|100/100
|move|p2a: Ting-Lu|Whirlwind|p1a: Blissey
|drag|p1a: Sinistcha|Sinistcha-Masterpiece, tera:Poison|100/100
|-damage|p1a: Sinistcha|76/100|[from] Spikes
|
|-heal|p1a: Sinistcha|82/100|[from] item: Leftovers
|upkeep
|turn|34
|
|t:|1743800441
|move|p1a: Sinistcha|Shadow Ball|p2a: Ting-Lu
|-damage|p2a: Ting-Lu|88/100 par
|move|p2a: Ting-Lu|Ruination|p1a: Sinistcha
|-damage|p1a: Sinistcha|41/100
|
|-heal|p1a: Sinistcha|47/100|[from] item: Leftovers
|-heal|p2a: Ting-Lu|94/100 par|[from] item: Leftovers
|upkeep
|turn|35
|
|t:|1743800450
|move|p1a: Sinistcha|Strength Sap|p2a: Ting-Lu
|-unboost|p2a: Ting-Lu|atk|1
|-heal|p1a: Sinistcha|84/100
|move|p2a: Ting-Lu|Whirlwind|p1a: Sinistcha
|drag|p1a: Toxapex|Toxapex, M|100/100
|-damage|p1a: Toxapex|75/100|[from] Spikes
|
|-heal|p1a: Toxapex|82/100|[from] item: Leftovers
|-heal|p2a: Ting-Lu|100/100 par|[from] item: Leftovers
|upkeep
|turn|36
|
|t:|1743800460
|move|p1a: Toxapex|Haze|p1a: Toxapex
|-clearallboost
|cant|p2a: Ting-Lu|par
|
|-heal|p1a: Toxapex|88/100|[from] item: Leftovers
|upkeep
|turn|37
|
|t:|1743800467
|move|p1a: Toxapex|Chilling Water|p2a: Ting-Lu
|-damage|p2a: Ting-Lu|96/100 par
|-unboost|p2a: Ting-Lu|atk|1
|move|p2a: Ting-Lu|Earthquake|p1a: Toxapex
|-supereffective|p1a: Toxapex
|-damage|p1a: Toxapex|56/100
|
|-heal|p1a: Toxapex|62/100|[from] item: Leftovers
|-heal|p2a: Ting-Lu|100/100 par|[from] item: Leftovers
|upkeep
|turn|38
|
|t:|1743800478
|move|p1a: Toxapex|Chilling Water|p2a: Ting-Lu
|-damage|p2a: Ting-Lu|96/100 par
|-unboost|p2a: Ting-Lu|atk|1
|move|p2a: Ting-Lu|Earthquake|p1a: Toxapex
|-supereffective|p1a: Toxapex
|-damage|p1a: Toxapex|38/100
|
|-heal|p1a: Toxapex|45/100|[from] item: Leftovers
|-heal|p2a: Ting-Lu|100/100 par|[from] item: Leftovers
|upkeep
|turn|39
|
|t:|1743800488
|switch|p1a: Blissey|Blissey, F|100/100
|move|p2a: Ting-Lu|Earthquake|p1a: Blissey
|-damage|p1a: Blissey|67/100
|
|upkeep
|turn|40
|
|t:|1743800500
|switch|p1a: Toxapex|Toxapex, M|78/100
|-damage|p1a: Toxapex|53/100|[from] Spikes
|move|p2a: Ting-Lu|Whirlwind|p1a: Toxapex
|drag|p1a: Blissey|Blissey, F|67/100
|
|upkeep
|turn|41
|
|t:|1743800507
|switch|p1a: Toxapex|Toxapex, M|86/100
|-damage|p1a: Toxapex|61/100|[from] Spikes
|move|p2a: Ting-Lu|Ruination|p1a: Toxapex
|-damage|p1a: Toxapex|31/100
|
|-heal|p1a: Toxapex|37/100|[from] item: Leftovers
|upkeep
|turn|42
|
|t:|1743800515
|switch|p1a: Blissey|Blissey, F|67/100
|cant|p2a: Ting-Lu|par
|
|upkeep
|turn|43
|
|t:|1743800521
|move|p1a: Blissey|Soft-Boiled|p1a: Blissey
|-heal|p1a: Blissey|100/100
|cant|p2a: Ting-Lu|par
|
|upkeep
|turn|44
|
|t:|1743800527
|switch|p1a: Toxapex|Toxapex, M|70/100
|-damage|p1a: Toxapex|45/100|[from] Spikes
|move|p2a: Ting-Lu|Whirlwind|p1a: Toxapex
|drag|p1a: Blissey|Blissey, F|100/100
|
|upkeep
|turn|45
|
|t:|1743800536
|switch|p1a: Toxapex|Toxapex, M|78/100
|-damage|p1a: Toxapex|53/100|[from] Spikes
|move|p2a: Ting-Lu|Ruination|p1a: Toxapex
|-damage|p1a: Toxapex|27/100
|
|-heal|p1a: Toxapex|33/100|[from] item: Leftovers
|upkeep
|turn|46
|
|t:|1743800544
|switch|p1a: Blissey|Blissey, F|100/100
|cant|p2a: Ting-Lu|par
|
|upkeep
|turn|47
|
|t:|1743800553
|switch|p1a: Toxapex|Toxapex, M|67/100
|-damage|p1a: Toxapex|42/100|[from] Spikes
|move|p2a: Ting-Lu|Ruination|p1a: Toxapex
|-damage|p1a: Toxapex|21/100
|
|-heal|p1a: Toxapex|27/100|[from] item: Leftovers
|upkeep
|turn|48
|
|t:|1743800562
|switch|p1a: Blissey|Blissey, F|100/100
|move|p2a: Ting-Lu|Whirlwind|p1a: Blissey
|drag|p1a: Toxapex|Toxapex, M|61/100
|-damage|p1a: Toxapex|36/100|[from] Spikes
|
|-heal|p1a: Toxapex|42/100|[from] item: Leftovers
|upkeep
|turn|49
|
|t:|1743800570
|switch|p1a: Blissey|Blissey, F|100/100
|cant|p2a: Ting-Lu|par
|
|upkeep
|turn|50
|
|t:|1743800574
|switch|p1a: Toxapex|Toxapex, M|75/100
|-damage|p1a: Toxapex|50/100|[from] Spikes
|move|p2a: Ting-Lu|Whirlwind|p1a: Toxapex
|drag|p1a: Blissey|Blissey, F|100/100
|
|upkeep
|turn|51
|
|t:|1743800585
|switch|p1a: Toxapex|Toxapex, M|83/100
|-damage|p1a: Toxapex|58/100|[from] Spikes
|cant|p2a: Ting-Lu|par
|
|-heal|p1a: Toxapex|65/100|[from] item: Leftovers
|upkeep
|turn|52
|
|t:|1743800592
|move|p1a: Toxapex|Chilling Water|p2a: Ting-Lu
|-damage|p2a: Ting-Lu|96/100 par
|-unboost|p2a: Ting-Lu|atk|1
|move|p2a: Ting-Lu|Ruination|p1a: Toxapex
|-damage|p1a: Toxapex|33/100
|
|-heal|p1a: Toxapex|39/100|[from] item: Leftovers
|-heal|p2a: Ting-Lu|100/100 par|[from] item: Leftovers
|upkeep
|turn|53
|
|t:|1743800601
|switch|p1a: Blissey|Blissey, F|100/100
|move|p2a: Ting-Lu|Whirlwind|p1a: Blissey
|drag|p1a: Sinistcha|Sinistcha-Masterpiece, tera:Poison|84/100
|-damage|p1a: Sinistcha|59/100|[from] Spikes
|
|-heal|p1a: Sinistcha|66/100|[from] item: Leftovers
|upkeep
|turn|54
|
|t:|1743800611
|move|p1a: Sinistcha|Strength Sap|p2a: Ting-Lu
|-unboost|p2a: Ting-Lu|atk|1
|-heal|p1a: Sinistcha|95/100
|move|p2a: Ting-Lu|Ruination|p1a: Sinistcha
|-damage|p1a: Sinistcha|48/100
|
|-heal|p1a: Sinistcha|54/100|[from] item: Leftovers
|upkeep
|turn|55
|
|t:|1743800620
|move|p1a: Sinistcha|Strength Sap|p2a: Ting-Lu
|-unboost|p2a: Ting-Lu|atk|1
|-heal|p1a: Sinistcha|79/100
|move|p2a: Ting-Lu|Whirlwind|p1a: Sinistcha
|drag|p1a: Toxapex|Toxapex, M|72/100
|-damage|p1a: Toxapex|47/100|[from] Spikes
|
|-heal|p1a: Toxapex|53/100|[from] item: Leftovers
|upkeep
|turn|56
|
|t:|1743800641
|switch|p1a: Blissey|Blissey, F|100/100
|move|p2a: Ting-Lu|Whirlwind|p1a: Blissey
|drag|p1a: Toxapex|Toxapex, M|87/100
|-damage|p1a: Toxapex|62/100|[from] Spikes
|
|-heal|p1a: Toxapex|68/100|[from] item: Leftovers
|upkeep
|turn|57
|
|t:|1743800653
|switch|p1a: Blissey|Blissey, F|100/100
|move|p2a: Ting-Lu|Whirlwind|p1a: Blissey
|drag|p1a: Toxapex|Toxapex, M|100/100
|-damage|p1a: Toxapex|75/100|[from] Spikes
|
|-heal|p1a: Toxapex|82/100|[from] item: Leftovers
|upkeep
|turn|58
|
|t:|1743800662
|move|p1a: Toxapex|Haze|p1a: Toxapex
|-clearallboost
|move|p2a: Ting-Lu|Ruination|p1a: Toxapex
|-damage|p1a: Toxapex|41/100
|
|-heal|p1a: Toxapex|48/100|[from] item: Leftovers
|upkeep
|turn|59
|
|t:|1743800671
|switch|p1a: Sinistcha|Sinistcha-Masterpiece, tera:Poison|79/100
|-damage|p1a: Sinistcha|54/100|[from] Spikes
|switch|p2a: Weavile|Weavile, F|100/100
|-ability|p2a: Weavile|Pressure
|
|-heal|p1a: Sinistcha|60/100|[from] item: Leftovers
|upkeep
|turn|60
|
|t:|1743800682
|move|p2a: Weavile|Swords Dance|p2a: Weavile
|-boost|p2a: Weavile|atk|2
|move|p1a: Sinistcha|Strength Sap|p2a: Weavile
|-unboost|p2a: Weavile|atk|1
|-heal|p1a: Sinistcha|100/100
|
|upkeep
|turn|61
|
|t:|1743800689
|move|p2a: Weavile|Swords Dance|p2a: Weavile
|-boost|p2a: Weavile|atk|2
|move|p1a: Sinistcha|Matcha Gotcha|p2a: Weavile
|-damage|p2a: Weavile|59/100
|
|upkeep
|turn|62
|
|t:|1743800699
|move|p2a: Weavile|Triple Axel|p1a: Sinistcha
|-damage|p1a: Sinistcha|82/100
|-crit|p1a: Sinistcha
|-damage|p1a: Sinistcha|33/100
|-damage|p1a: Sinistcha|0 fnt
|faint|p1a: Sinistcha
|-hitcount|p1: Sinistcha|3
|
|upkeep
|-message|drifter1798? forfeited.
|
|win|vileshroomer
|raw|drifter1798?'s rating: 1394 &rarr; <strong>1370</strong><br />(-24 for losing)
|raw|vileshroomer's rating: 1324 &rarr; <strong>1348</strong><br />(+24 for winning)
|l|☆drifter1798?
|player|p1|
|c|☆vileshroomer|gg lol
|l|☆vileshroomer
|player|p2|
