|j|☆foxthecreator
|j|☆Victeam1610
|t:|1743847159
|gametype|singles
|player|p1|foxthecreator|veteran|1104
|player|p2|Victeam1610|scientist|1168
|teamsize|p1|6
|teamsize|p2|6
|gen|9
|tier|[Gen 9] OU
|rated|
|rule|HP Percentage Mod: HP is shown in percentages
|rule|Endless Battle Clause: Forcing endless battles is banned
|rule|Species Clause: Limit one of each Pokémon
|rule|OHKO Clause: OHKO moves are banned
|rule|Evasion Items Clause: Evasion items are banned
|rule|Evasion Moves Clause: Evasion moves are banned
|rule|Sleep Moves Clause: Sleep-inducing moves are banned
|clearpoke
|poke|p1|Gengar, M|
|poke|p1|Dragapult, F|
|poke|p1|Basculegion, M|
|poke|p1|Mimikyu, F|
|poke|p1|Zoroark-Hisui, M|
|poke|p1|Ceruledge, M|
|poke|p2|Clodsire, M|
|poke|p2|Samurott-Hisui, M|
|poke|p2|Scizor, F|
|poke|p2|Raichu-Alola, M|
|poke|p2|Kyurem|
|poke|p2|Chandelure, F|
|teampreview
|inactive|Battle timer is ON: inactive players will automatically lose when time's up. (requested by Victeam1610)
|
|t:|1743847169
|start
|switch|p1a: Ceruledge|Ceruledge, M, shiny|100/100
|switch|p2a: Roronoa|Samurott-Hisui, M|100/100
|turn|1
|
|t:|1743847178
|move|p1a: Ceruledge|Hyper Voice|p2a: Roronoa
|-damage|p2a: Roronoa|26/100
|-enditem|p1a: Ceruledge|Throat Spray
|-boost|p1a: Ceruledge|spa|1|[from] item: Throat Spray
|move|p2a: Roronoa|Ceaseless Edge|p1a: Ceruledge
|-supereffective|p1a: Ceruledge
|-damage|p1a: Ceruledge|0 fnt
|replace|p1a: Zoroark|Zoroark-Hisui, M, shiny
|-end|p1a: Zoroark|Illusion
|-sidestart|p1: foxthecreator|Spikes
|faint|p1a: Zoroark
|-damage|p2a: Roronoa|16/100|[from] item: Life Orb
|
|upkeep
|
|t:|1743847195
|switch|p1a: Basculegion|Basculegion, M, shiny|100/100
|-damage|p1a: Basculegion|88/100|[from] Spikes
|turn|2
|
|t:|1743847204
|move|p2a: Roronoa|Ceaseless Edge|p1a: Basculegion
|-supereffective|p1a: Basculegion
|-damage|p1a: Basculegion|0 fnt
|-sidestart|p1: foxthecreator|Spikes
|faint|p1a: Basculegion
|-damage|p2a: Roronoa|6/100|[from] item: Life Orb
|
|upkeep
|
|t:|1743847216
|switch|p1a: Gengar|Gengar, M, shiny|100/100
|-damage|p1a: Gengar|84/100|[from] Spikes
|turn|3
|l|☆Victeam1610
|inactive|Victeam1610 disconnected and has a minute to reconnect!
|player|p2|
|inactive|Victeam1610 has 30 seconds to reconnect!
|j|☆Victeam1610
|inactive|Victeam1610 reconnected and has 100 seconds left.
|player|p2|Victeam1610|scientist|
|
|t:|1743847275
|move|p1a: Gengar|Giga Drain|p2a: Roronoa
|-supereffective|p2a: Roronoa
|-damage|p2a: Roronoa|0 fnt
|-heal|p1a: Gengar|87/100|[from] drain|[of] p2a: Roronoa
|faint|p2a: Roronoa
|
|upkeep
|
|t:|1743847284
|switch|p2a: Abdou|Raichu-Alola, M, shiny|100/100
|turn|4
|
|t:|1743847298
|-terastallize|p1a: Gengar|Dark
|move|p1a: Gengar|Shadow Ball|p2a: Abdou
|-supereffective|p2a: Abdou
|-damage|p2a: Abdou|0 fnt
|faint|p2a: Abdou
|
|upkeep
|
|t:|1743847304
|switch|p2a: Dame mante|Scizor, F, shiny|100/100
|turn|5
|
|t:|1743847309
|move|p1a: Gengar|Shadow Ball|p2a: Dame mante
|-damage|p2a: Dame mante|42/100
|move|p2a: Dame mante|U-turn|p1a: Gengar
|-supereffective|p1a: Gengar
|-crit|p1a: Gengar
|-damage|p1a: Gengar|0 fnt
|faint|p1a: Gengar
|
|t:|1743847317
|switch|p2a: Baxalibur|Kyurem, shiny|100/100|[from] U-turn
|-ability|p2a: Baxalibur|Pressure
|
|upkeep
|
|t:|1743847327
|switch|p1a: Mimikyu|Mimikyu, F, shiny|100/100
|-damage|p1a: Mimikyu|84/100|[from] Spikes
|turn|6
|
|t:|1743847332
|move|p1a: Mimikyu|Swords Dance|p1a: Mimikyu
|-boost|p1a: Mimikyu|atk|2
|move|p2a: Baxalibur|Reflect|p2a: Baxalibur
|-sidestart|p2: Victeam1610|Reflect
|
|upkeep
|turn|7
|
|t:|1743847338
|-terastallize|p2a: Baxalibur|Steel
|move|p1a: Mimikyu|Swords Dance|p1a: Mimikyu
|-boost|p1a: Mimikyu|atk|2
|move|p2a: Baxalibur|Tera Blast|p1a: Mimikyu|[anim] Tera Blast Steel
|-activate|p1a: Mimikyu|ability: Disguise
|-damage|p1a: Mimikyu|84/100
|detailschange|p1a: Mimikyu|Mimikyu-Busted, F, shiny
|-damage|p1a: Mimikyu|72/100|[from] pokemon: Mimikyu-Busted
|-enditem|p1a: Mimikyu|Red Card|[of] p2a: Baxalibur
|drag|p2a: Non détestable|Clodsire, M|100/100
|
|upkeep
|turn|8
|
|t:|1743847357
|move|p1a: Mimikyu|Shadow Claw|p2a: Non détestable
|-damage|p2a: Non détestable|53/100
|move|p2a: Non détestable|Earthquake|p1a: Mimikyu
|-damage|p1a: Mimikyu|29/100
|
|-heal|p2a: Non détestable|59/100|[from] item: Leftovers
|upkeep
|turn|9
|
|t:|1743847366
|move|p1a: Mimikyu|Drain Punch|p2a: Non détestable
|-resisted|p2a: Non détestable
|-damage|p2a: Non détestable|42/100
|-heal|p1a: Mimikyu|45/100|[from] drain|[of] p2a: Non détestable
|move|p2a: Non détestable|Recover|p2a: Non détestable
|-heal|p2a: Non détestable|92/100
|
|-heal|p2a: Non détestable|98/100|[from] item: Leftovers
|upkeep
|turn|10
|
|t:|1743847376
|move|p1a: Mimikyu|Shadow Claw|p2a: Non détestable
|-damage|p2a: Non détestable|51/100
|move|p2a: Non détestable|Earthquake|p1a: Mimikyu
|-damage|p1a: Mimikyu|2/100
|
|-heal|p2a: Non détestable|57/100|[from] item: Leftovers
|upkeep
|turn|11
|
|t:|1743847385
|move|p1a: Mimikyu|Swords Dance|p1a: Mimikyu
|-boost|p1a: Mimikyu|atk|2
|move|p2a: Non détestable|Recover|p2a: Non détestable
|-heal|p2a: Non détestable|100/100
|
|upkeep
|turn|12
|
|t:|1743847393
|move|p1a: Mimikyu|Shadow Claw|p2a: Non détestable
|-damage|p2a: Non détestable|40/100
|move|p2a: Non détestable|Earthquake|p1a: Mimikyu
|-damage|p1a: Mimikyu|0 fnt
|faint|p1a: Mimikyu
|
|-heal|p2a: Non détestable|46/100|[from] item: Leftovers
|upkeep
|
|t:|1743847405
|switch|p1a: Dragapult|Dragapult, F, shiny|100/100
|-damage|p1a: Dragapult|84/100|[from] Spikes
|turn|13
|
|t:|1743847409
|move|p1a: Dragapult|Dragon Darts|p2a: Non détestable
|-damage|p2a: Non détestable|16/100
|-anim|p1a: Dragapult|Dragon Darts|p2a: Non détestable
|-damage|p2a: Non détestable|0 fnt
|faint|p2a: Non détestable
|
|-sideend|p2: Victeam1610|Reflect
|upkeep
|
|t:|1743847417
|switch|p2a: Dame mante|Scizor, F, shiny|42/100
|turn|14
|
|t:|1743847426
|move|p2a: Dame mante|Bullet Punch|p1a: Dragapult
|-damage|p1a: Dragapult|20/100
|move|p1a: Dragapult|Dragon Darts|p2a: Dame mante
|-resisted|p2a: Dame mante
|-damage|p2a: Dame mante|28/100
|-anim|p1a: Dragapult|Dragon Darts|p2a: Dame mante
|-resisted|p2a: Dame mante
|-damage|p2a: Dame mante|14/100
|
|upkeep
|turn|15
|
|t:|1743847441
|move|p2a: Dame mante|Bullet Punch|p1a: Dragapult
|-damage|p1a: Dragapult|0 fnt
|faint|p1a: Dragapult
|
|upkeep
|
|t:|1743847446
|switch|p1a: Ceruledge|Ceruledge, M, shiny|100/100
|-damage|p1a: Ceruledge|84/100|[from] Spikes
|turn|16
|
|t:|1743847454
|move|p2a: Dame mante|Bullet Punch|p1a: Ceruledge
|-resisted|p1a: Ceruledge
|-damage|p1a: Ceruledge|51/100
|-ability|p1a: Ceruledge|Weak Armor|boost
|-unboost|p1a: Ceruledge|def|1
|-boost|p1a: Ceruledge|spe|2
|move|p1a: Ceruledge|Bitter Blade|p2a: Dame mante
|-supereffective|p2a: Dame mante
|-damage|p2a: Dame mante|0 fnt
|-heal|p1a: Ceruledge|58/100|[from] drain|[of] p2a: Dame mante
|faint|p2a: Dame mante
|
|upkeep
|
|t:|1743847469
|switch|p2a: Chance-lier|Chandelure, F, shiny|100/100
|turn|17
|
|t:|1743847481
|move|p1a: Ceruledge|Endure|p1a: Ceruledge
|-singleturn|p1a: Ceruledge|move: Endure
|move|p2a: Chance-lier|Shadow Ball|p1a: Ceruledge
|-supereffective|p1a: Ceruledge
|-activate|p1a: Ceruledge|move: Endure
|-damage|p1a: Ceruledge|1/100
|-unboost|p1a: Ceruledge|spd|1
|-enditem|p1a: Ceruledge|Weakness Policy
|-boost|p1a: Ceruledge|atk|2|[from] item: Weakness Policy
|-boost|p1a: Ceruledge|spa|2|[from] item: Weakness Policy
|
|upkeep
|turn|18
|
|t:|1743847492
|move|p1a: Ceruledge|Shadow Claw|p2a: Chance-lier
|-supereffective|p2a: Chance-lier
|-damage|p2a: Chance-lier|0 fnt
|faint|p2a: Chance-lier
|
|upkeep
|
|t:|1743847500
|switch|p2a: Baxalibur|Kyurem, shiny, tera:Steel|100/100
|-ability|p2a: Baxalibur|Pressure
|turn|19
|c|☆foxthecreator|GG
|
|t:|1743847507
|move|p1a: Ceruledge|Bitter Blade|p2a: Baxalibur
|-supereffective|p2a: Baxalibur
|-damage|p2a: Baxalibur|0 fnt
|-heal|p1a: Ceruledge|73/100|[from] drain|[of] p2a: Baxalibur
|faint|p2a: Baxalibur
|
|win|foxthecreator
|raw|foxthecreator's rating: 1104 &rarr; <strong>1134</strong><br />(+30 for winning)
|raw|Victeam1610's rating: 1168 &rarr; <strong>1138</strong><br />(-30 for losing)
|l|☆Victeam1610
|player|p2|
