|j|‽jsdkaasdads
|j|☆Mfavela42
|t:|1743915526
|gametype|singles
|player|p1|jsdkaasdads|265|1118
|player|p2|Mfavela42|byron|1082
|teamsize|p1|6
|teamsize|p2|6
|gen|9
|tier|[Gen 9] OU
|rated|
|rule|HP Percentage Mod: HP is shown in percentages
|rule|Endless Battle Clause: Forcing endless battles is banned
|rule|Species Clause: Limit one of each Pokémon
|rule|OHKO Clause: OHKO moves are banned
|rule|Evasion Items Clause: Evasion items are banned
|rule|Evasion Moves Clause: Evasion moves are banned
|rule|Sleep Moves Clause: Sleep-inducing moves are banned
|clearpoke
|poke|p1|Pelipper, F|
|poke|p1|Basculegion, M|
|poke|p1|Kilowattrel, F|
|poke|p1|Corviknight, F|
|poke|p1|Kingdra, F|
|poke|p1|Dragonite, M|
|poke|p2|Overqwil, M|
|poke|p2|Kleavor, F|
|poke|p2|Wo-Chien|
|poke|p2|Galvantula, F|
|poke|p2|Staraptor, M|
|poke|p2|Dragonite, F|
|teampreview
|inactive|Battle timer is ON: inactive players will automatically lose when time's up. (requested by jsdkaasdads)
|
|t:|1743915570
|start
|switch|p1a: Dragonite|Dragonite, M|100/100
|switch|p2a: Galvantula|Galvantula, F|100/100
|-item|p2a: Galvantula|Air Balloon
|turn|1
|
|t:|1743915577
|move|p2a: Galvantula|Thunder Wave|p1a: Dragonite
|-status|p1a: Dragonite|par
|move|p1a: Dragonite|Dragon Dance|p1a: Dragonite
|-boost|p1a: Dragonite|atk|1
|-boost|p1a: Dragonite|spe|1
|
|upkeep
|turn|2
|
|t:|1743915596
|move|p2a: Galvantula|Thunder|p1a: Dragonite
|-damage|p1a: Dragonite|75/100 par
|move|p1a: Dragonite|Dragon Dance|p1a: Dragonite
|-boost|p1a: Dragonite|atk|1
|-boost|p1a: Dragonite|spe|1
|
|-heal|p1a: Dragonite|81/100 par|[from] item: Leftovers
|upkeep
|turn|3
|
|t:|1743915606
|cant|p1a: Dragonite|par
|move|p2a: Galvantula|Thunder|p1a: Dragonite
|-damage|p1a: Dragonite|35/100 par
|
|-heal|p1a: Dragonite|41/100 par|[from] item: Leftovers
|upkeep
|turn|4
|
|t:|1743915618
|move|p2a: Galvantula|Thunder|p1a: Dragonite
|-damage|p1a: Dragonite|0 fnt
|faint|p1a: Dragonite
|
|upkeep
|
|t:|1743915624
|switch|p1a: Pelipper|Pelipper, F, shiny|100/100
|-weather|RainDance|[from] ability: Drizzle|[of] p1a: Pelipper
|turn|5
|
|t:|1743915631
|switch|p1a: Kilowattrel|Kilowattrel, F|100/100
|move|p2a: Galvantula|Thunder|p1a: Kilowattrel
|-immune|p1a: Kilowattrel|[from] ability: Volt Absorb
|
|-weather|RainDance|[upkeep]
|upkeep
|turn|6
|
|t:|1743915645
|-terastallize|p2a: Galvantula|Electric
|move|p1a: Kilowattrel|Hurricane|p2a: Galvantula
|-resisted|p2a: Galvantula
|-damage|p2a: Galvantula|47/100
|-enditem|p2a: Galvantula|Air Balloon
|move|p2a: Galvantula|Thunder Wave|p1a: Kilowattrel
|-immune|p1a: Kilowattrel|[from] ability: Volt Absorb
|
|-weather|RainDance|[upkeep]
|upkeep
|turn|7
|
|t:|1743915656
|move|p1a: Kilowattrel|Hurricane|p2a: Galvantula
|-resisted|p2a: Galvantula
|-damage|p2a: Galvantula|0 fnt
|faint|p2a: Galvantula
|
|-weather|RainDance|[upkeep]
|upkeep
|inactive|Mfavela42 has 120 seconds left.
|
|t:|1743915681
|switch|p2a: Kleavor|Kleavor, F|100/100
|turn|8
|
|t:|1743915697
|switch|p1a: Basculegion|Basculegion, M|100/100
|move|p2a: Kleavor|Stone Axe|p1a: Basculegion
|-damage|p1a: Basculegion|35/100
|-sidestart|p1: jsdkaasdads|move: Stealth Rock
|
|-weather|RainDance|[upkeep]
|upkeep
|turn|9
|inactive|Mfavela42 has 120 seconds left.
|
|t:|1743915738
|move|p1a: Basculegion|Flip Turn|p2a: Kleavor
|-supereffective|p2a: Kleavor
|-damage|p2a: Kleavor|0 fnt
|faint|p2a: Kleavor
|
|t:|1743915742
|switch|p1a: Corviknight|Corviknight, F|100/100|[from] Flip Turn
|-damage|p1a: Corviknight|88/100|[from] Stealth Rock
|
|-weather|RainDance|[upkeep]
|-heal|p1a: Corviknight|94/100|[from] item: Leftovers
|upkeep
|
|t:|1743915754
|switch|p2a: Wo-Chien|Wo-Chien|100/100
|-ability|p2a: Wo-Chien|Tablets of Ruin
|turn|10
|
|t:|1743915758
|move|p2a: Wo-Chien|Leech Seed|p1a: Corviknight
|-start|p1a: Corviknight|move: Leech Seed
|move|p1a: Corviknight|Defog|p2a: Wo-Chien
|-unboost|p2a: Wo-Chien|evasion|1
|-sideend|p1: jsdkaasdads|Stealth Rock|[from] move: Defog|[of] p1a: Corviknight
|
|-weather|RainDance|[upkeep]
|-heal|p1a: Corviknight|99/100|[from] item: Leftovers
|-damage|p1a: Corviknight|88/100|[from] Leech Seed|[of] p2a: Wo-Chien
|upkeep
|turn|11
|
|t:|1743915775
|move|p2a: Wo-Chien|Ingrain|p2a: Wo-Chien
|-start|p2a: Wo-Chien|move: Ingrain
|move|p1a: Corviknight|Body Press|p2a: Wo-Chien
|-supereffective|p2a: Wo-Chien
|-damage|p2a: Wo-Chien|61/100
|
|-weather|RainDance|[upkeep]
|-heal|p2a: Wo-Chien|68/100|[from] item: Leftovers
|-heal|p1a: Corviknight|94/100|[from] item: Leftovers
|-heal|p2a: Wo-Chien|74/100|[from] Ingrain
|-damage|p1a: Corviknight|82/100|[from] Leech Seed|[of] p2a: Wo-Chien
|-heal|p2a: Wo-Chien|87/100|[silent]
|upkeep
|turn|12
|
|t:|1743915789
|move|p2a: Wo-Chien|Reflect|p2a: Wo-Chien
|-sidestart|p2: Mfavela42|Reflect
|move|p1a: Corviknight|Body Press|p2a: Wo-Chien
|-supereffective|p2a: Wo-Chien
|-damage|p2a: Wo-Chien|70/100
|
|-weather|none
|-heal|p2a: Wo-Chien|76/100|[from] item: Leftovers
|-heal|p1a: Corviknight|88/100|[from] item: Leftovers
|-heal|p2a: Wo-Chien|83/100|[from] Ingrain
|-damage|p1a: Corviknight|75/100|[from] Leech Seed|[of] p2a: Wo-Chien
|-heal|p2a: Wo-Chien|96/100|[silent]
|upkeep
|turn|13
|inactive|Mfavela42 has 120 seconds left.
|
|t:|1743915817
|move|p2a: Wo-Chien|Ruination|p1a: Corviknight
|-damage|p1a: Corviknight|38/100
|move|p1a: Corviknight|Defog|p2a: Wo-Chien
|-unboost|p2a: Wo-Chien|evasion|1
|-sideend|p2: Mfavela42|Reflect
|
|-heal|p2a: Wo-Chien|100/100|[from] item: Leftovers
|-heal|p1a: Corviknight|44/100|[from] item: Leftovers
|-damage|p1a: Corviknight|32/100|[from] Leech Seed|[of] p2a: Wo-Chien
|upkeep
|turn|14
|inactive|Mfavela42 has 120 seconds left.
|
|t:|1743915841
|move|p2a: Wo-Chien|Ruination|p1a: Corviknight
|-damage|p1a: Corviknight|16/100
|move|p1a: Corviknight|Roost|p1a: Corviknight
|-heal|p1a: Corviknight|66/100
|-singleturn|p1a: Corviknight|move: Roost
|
|-heal|p1a: Corviknight|72/100|[from] item: Leftovers
|-damage|p1a: Corviknight|60/100|[from] Leech Seed|[of] p2a: Wo-Chien
|upkeep
|turn|15
|inactive|jsdkaasdads has 120 seconds left.
|inactive|Mfavela42 has 90 seconds left.
|
|t:|1743915871
|move|p2a: Wo-Chien|Ruination|p1a: Corviknight
|-damage|p1a: Corviknight|30/100
|move|p1a: Corviknight|U-turn|p2a: Wo-Chien
|-supereffective|p2a: Wo-Chien
|-damage|p2a: Wo-Chien|58/100
|inactive|jsdkaasdads has 120 seconds left.
|
|t:|1743915880
|switch|p1a: Pelipper|Pelipper, F, shiny|100/100|[from] U-turn
|-weather|RainDance|[from] ability: Drizzle|[of] p1a: Pelipper
|
|-weather|RainDance|[upkeep]
|-heal|p2a: Wo-Chien|64/100|[from] item: Leftovers
|-heal|p2a: Wo-Chien|70/100|[from] Ingrain
|upkeep
|turn|16
|
|t:|1743915891
|move|p2a: Wo-Chien|Ruination|p1a: Pelipper
|-damage|p1a: Pelipper|51/100
|move|p1a: Pelipper|U-turn|p2a: Wo-Chien
|-supereffective|p2a: Wo-Chien
|-damage|p2a: Wo-Chien|46/100
|
|t:|1743915897
|switch|p1a: Kilowattrel|Kilowattrel, F|100/100|[from] U-turn
|
|-weather|RainDance|[upkeep]
|-heal|p2a: Wo-Chien|53/100|[from] item: Leftovers
|-heal|p2a: Wo-Chien|59/100|[from] Ingrain
|upkeep
|turn|17
|
|t:|1743915910
|move|p1a: Kilowattrel|Hurricane|p2a: Wo-Chien
|-supereffective|p2a: Wo-Chien
|-damage|p2a: Wo-Chien|0 fnt
|faint|p2a: Wo-Chien
|
|-weather|RainDance|[upkeep]
|upkeep
|
|t:|1743915915
|switch|p2a: Overqwil|Overqwil, M|100/100
|turn|18
|
|t:|1743915927
|switch|p1a: Corviknight|Corviknight, F|30/100
|move|p2a: Overqwil|Barb Barrage|p1a: Corviknight
|-immune|p1a: Corviknight
|
|-weather|RainDance|[upkeep]
|-heal|p1a: Corviknight|36/100|[from] item: Leftovers
|upkeep
|turn|19
|inactive|Mfavela42 has 120 seconds left.
|inactive|Mfavela42 has 90 seconds left.
|
|t:|1743915983
|move|p2a: Overqwil|Aqua Jet|p1a: Corviknight
|-damage|p1a: Corviknight|25/100
|move|p1a: Corviknight|U-turn|p2a: Overqwil
|-damage|p2a: Overqwil|85/100
|
|t:|1743915992
|switch|p1a: Basculegion|Basculegion, M|35/100|[from] U-turn
|
|-weather|RainDance|[upkeep]
|upkeep
|turn|20
|
|t:|1743916003
|-terastallize|p1a: Basculegion|Water
|move|p1a: Basculegion|Flip Turn|p2a: Overqwil
|-damage|p2a: Overqwil|0 fnt
|-status|p1a: Basculegion|psn|[from] ability: Poison Point|[of] p2a: Overqwil
|faint|p2a: Overqwil
|
|t:|1743916013
|switch|p1a: Kilowattrel|Kilowattrel, F|100/100|[from] Flip Turn
|
|-weather|RainDance|[upkeep]
|upkeep
|inactive|Mfavela42 has 60 seconds left.
|
|t:|1743916056
|switch|p2a: Dragonite|Dragonite, F|100/100
|turn|21
|
|t:|1743916072
|move|p1a: Kilowattrel|Thunder|p2a: Dragonite
|-damage|p2a: Dragonite|74/100
|move|p2a: Dragonite|Dragon Dance|p2a: Dragonite
|-boost|p2a: Dragonite|atk|1
|-boost|p2a: Dragonite|spe|1
|
|-weather|RainDance|[upkeep]
|upkeep
|turn|22
|inactive|Mfavela42 has 60 seconds left.
|
|t:|1743916081
|move|p2a: Dragonite|Outrage|p1a: Kilowattrel
|-damage|p1a: Kilowattrel|0 fnt
|faint|p1a: Kilowattrel
|
|-weather|none
|upkeep
|
|t:|1743916087
|switch|p1a: Pelipper|Pelipper, F, shiny|51/100
|-weather|RainDance|[from] ability: Drizzle|[of] p1a: Pelipper
|turn|23
|
|t:|1743916097
|move|p2a: Dragonite|Outrage|p1a: Pelipper|[from] lockedmove
|-damage|p1a: Pelipper|0 fnt
|faint|p1a: Pelipper
|-start|p2a: Dragonite|confusion|[fatigue]
|
|-weather|RainDance|[upkeep]
|upkeep
|
|t:|1743916104
|switch|p1a: Kingdra|Kingdra, F|100/100
|turn|24
|
|t:|1743916125
|move|p1a: Kingdra|Dragon Pulse|p2a: Dragonite
|-supereffective|p2a: Dragonite
|-damage|p2a: Dragonite|0 fnt
|faint|p2a: Dragonite
|
|-weather|RainDance|[upkeep]
|upkeep
|
|t:|1743916127
|switch|p2a: Staraptor|Staraptor, M|100/100
|turn|25
|
|t:|1743916132
|move|p1a: Kingdra|Dragon Pulse|p2a: Staraptor
|-damage|p2a: Staraptor|2/100
|move|p2a: Staraptor|Brave Bird|p1a: Kingdra
|-damage|p1a: Kingdra|21/100
|-damage|p2a: Staraptor|0 fnt|[from] Recoil
|faint|p2a: Staraptor
|
|win|jsdkaasdads
|raw|jsdkaasdads's rating: 1118 &rarr; <strong>1140</strong><br />(+22 for winning)
|raw|Mfavela42's rating: 1082 &rarr; <strong>1062</strong><br />(-20 for losing)
|l|‽jsdkaasdads
|player|p1|
|l|☆Mfavela42
|player|p2|
