|j|☆ryye16
|j|☆powwoup2
|t:|1743806864
|gametype|singles
|player|p1|ryye16|gentleman-gen4|1000
|player|p2|powwoup2|266|1018
|teamsize|p1|6
|teamsize|p2|6
|gen|9
|tier|[Gen 9] OU
|rated|
|rule|HP Percentage Mod: HP is shown in percentages
|rule|Endless Battle Clause: Forcing endless battles is banned
|rule|Species Clause: Limit one of each Pokémon
|rule|OHKO Clause: OHKO moves are banned
|rule|Evasion Items Clause: Evasion items are banned
|rule|Evasion Moves Clause: Evasion moves are banned
|rule|Sleep Moves Clause: Sleep-inducing moves are banned
|clearpoke
|poke|p1|Corviknight, M|
|poke|p1|Hatterene, F|
|poke|p1|Dragapult, M|
|poke|p1|Iron Valiant|
|poke|p1|Slowking, M|
|poke|p1|Krookodile, M|
|poke|p2|Crawdaunt, F|
|poke|p2|Politoed, M|
|poke|p2|Mew|
|poke|p2|Umbreon, F|
|poke|p2|Deoxys-Defense|
|poke|p2|Landorus-Therian, M|
|teampreview
|
|t:|1743806877
|start
|switch|p1a: Corviknight|Corviknight, M, shiny|100/100
|switch|p2a: Politoed|Politoed, M|100/100
|-weather|RainDance|[from] ability: Drizzle|[of] p2a: Politoed
|turn|1
|
|t:|1743806889
|move|p1a: Corviknight|Defog|p2a: Politoed
|-unboost|p2a: Politoed|evasion|1
|move|p2a: Politoed|Ice Beam|p1a: Corviknight
|-damage|p1a: Corviknight|83/100
|
|-weather|RainDance|[upkeep]
|-heal|p1a: Corviknight|89/100|[from] item: Leftovers
|upkeep
|turn|2
|
|t:|1743806902
|move|p1a: Corviknight|Iron Defense|p1a: Corviknight
|-boost|p1a: Corviknight|def|2
|move|p2a: Politoed|Surf|p1a: Corviknight
|-damage|p1a: Corviknight|44/100
|
|-weather|RainDance|[upkeep]
|-heal|p1a: Corviknight|50/100|[from] item: Leftovers
|upkeep
|turn|3
|
|t:|1743806913
|move|p1a: Corviknight|Body Press|p2a: Politoed
|-damage|p2a: Politoed|36/100
|move|p2a: Politoed|Ice Beam|p1a: Corviknight
|-damage|p1a: Corviknight|32/100
|
|-weather|RainDance|[upkeep]
|-heal|p1a: Corviknight|38/100|[from] item: Leftovers
|upkeep
|turn|4
|
|t:|1743806922
|move|p1a: Corviknight|Body Press|p2a: Politoed
|-damage|p2a: Politoed|0 fnt
|faint|p2a: Politoed
|
|-weather|RainDance|[upkeep]
|-heal|p1a: Corviknight|44/100|[from] item: Leftovers
|upkeep
|
|t:|1743806930
|switch|p2a: Crawdaunt|Crawdaunt, F|100/100
|turn|5
|
|t:|1743806938
|move|p1a: Corviknight|Iron Defense|p1a: Corviknight
|-boost|p1a: Corviknight|def|2
|move|p2a: Crawdaunt|Crunch|p1a: Corviknight
|-damage|p1a: Corviknight|25/100
|
|-weather|RainDance|[upkeep]
|-heal|p1a: Corviknight|32/100|[from] item: Leftovers
|upkeep
|turn|6
|
|t:|1743806947
|move|p1a: Corviknight|Body Press|p2a: Crawdaunt
|-supereffective|p2a: Crawdaunt
|-damage|p2a: Crawdaunt|0 fnt
|faint|p2a: Crawdaunt
|
|-weather|RainDance|[upkeep]
|-heal|p1a: Corviknight|38/100|[from] item: Leftovers
|upkeep
|
|t:|1743806955
|switch|p2a: Deoxys|Deoxys-Defense|100/100
|-ability|p2a: Deoxys|Pressure
|turn|7
|
|t:|1743806972
|move|p2a: Deoxys|Reflect|p2a: Deoxys
|-sidestart|p2: powwoup2|Reflect
|move|p1a: Corviknight|U-turn|p2a: Deoxys
|-supereffective|p2a: Deoxys
|-damage|p2a: Deoxys|92/100
|
|t:|1743806981
|switch|p1a: Dragapult|Dragapult, M|100/100|[from] U-turn
|
|-weather|RainDance|[upkeep]
|upkeep
|turn|8
|
|t:|1743806989
|move|p1a: Dragapult|Will-O-Wisp|p2a: Deoxys
|-status|p2a: Deoxys|brn
|move|p2a: Deoxys|Light Screen|p2a: Deoxys
|-sidestart|p2: powwoup2|move: Light Screen
|
|-weather|none
|-damage|p2a: Deoxys|86/100 brn|[from] brn
|upkeep
|turn|9
|
|t:|1743807001
|move|p1a: Dragapult|Hex|p2a: Deoxys
|-supereffective|p2a: Deoxys
|-damage|p2a: Deoxys|0 fnt
|faint|p2a: Deoxys
|-damage|p1a: Dragapult|91/100|[from] item: Life Orb
|
|upkeep
|
|t:|1743807009
|switch|p2a: Landorus|Landorus-Therian, M|100/100
|-ability|p2a: Landorus|Intimidate|boost
|-unboost|p1a: Dragapult|atk|1
|turn|10
|
|t:|1743807016
|move|p1a: Dragapult|Will-O-Wisp|p2a: Landorus
|-status|p2a: Landorus|brn
|move|p2a: Landorus|Stealth Rock|p1a: Dragapult
|-sidestart|p1: ryye16|move: Stealth Rock
|
|-damage|p2a: Landorus|95/100 brn|[from] brn
|upkeep
|turn|11
|
|t:|1743807030
|move|p1a: Dragapult|Hex|p2a: Landorus
|-damage|p2a: Landorus|0 fnt
|faint|p2a: Landorus
|-damage|p1a: Dragapult|81/100|[from] item: Life Orb
|
|upkeep
|
|t:|1743807036
|switch|p2a: Umbreon|Umbreon, F|100/100
|turn|12
|
|t:|1743807052
|move|p1a: Dragapult|U-turn|p2a: Umbreon
|-supereffective|p2a: Umbreon
|-damage|p2a: Umbreon|78/100
|-damage|p1a: Dragapult|71/100|[from] item: Life Orb
|
|t:|1743807057
|switch|p1a: Iron Valiant|Iron Valiant, shiny|100/100|[from] U-turn
|-damage|p1a: Iron Valiant|94/100|[from] Stealth Rock
|-enditem|p1a: Iron Valiant|Booster Energy
|-activate|p1a: Iron Valiant|ability: Quark Drive|[fromitem]
|-start|p1a: Iron Valiant|quarkdrivespe
|move|p2a: Umbreon|Taunt|p1a: Iron Valiant
|-start|p1a: Iron Valiant|move: Taunt
|
|-heal|p2a: Umbreon|84/100|[from] item: Leftovers
|upkeep
|turn|13
|
|t:|1743807077
|move|p1a: Iron Valiant|Close Combat|p2a: Umbreon
|-supereffective|p2a: Umbreon
|-damage|p2a: Umbreon|36/100
|-unboost|p1a: Iron Valiant|def|1
|-unboost|p1a: Iron Valiant|spd|1
|move|p2a: Umbreon|Thunder Wave|p1a: Iron Valiant
|-status|p1a: Iron Valiant|par
|
|-heal|p2a: Umbreon|42/100|[from] item: Leftovers
|upkeep
|turn|14
|
|t:|1743807090
|-end|p1a: Iron Valiant|Quark Drive|[silent]
|switch|p1a: Dragapult|Dragapult, M|71/100
|-damage|p1a: Dragapult|59/100|[from] Stealth Rock
|move|p2a: Umbreon|Wish|p2a: Umbreon
|
|-heal|p2a: Umbreon|48/100|[from] item: Leftovers
|-sideend|p2: powwoup2|Reflect
|upkeep
|turn|15
|
|t:|1743807104
|move|p1a: Dragapult|Will-O-Wisp|p2a: Umbreon
|-status|p2a: Umbreon|brn
|-activate|p2a: Umbreon|ability: Synchronize
|-status|p1a: Dragapult|brn
|move|p2a: Umbreon|Thunder Wave||[still]
|-fail|p2a: Umbreon
|
|-heal|p2a: Umbreon|98/100 brn|[from] move: Wish|[wisher] Umbreon
|-heal|p2a: Umbreon|100/100 brn|[from] item: Leftovers
|-damage|p1a: Dragapult|53/100 brn|[from] brn
|-damage|p2a: Umbreon|94/100 brn|[from] brn
|-sideend|p2: powwoup2|move: Light Screen
|upkeep
|turn|16
|
|t:|1743807120
|move|p1a: Dragapult|Hex|p2a: Umbreon
|-resisted|p2a: Umbreon
|-damage|p2a: Umbreon|72/100 brn
|-damage|p1a: Dragapult|43/100 brn|[from] item: Life Orb
|move|p2a: Umbreon|Thunder Wave||[still]
|-fail|p2a: Umbreon
|
|-heal|p2a: Umbreon|78/100 brn|[from] item: Leftovers
|-damage|p1a: Dragapult|37/100 brn|[from] brn
|-damage|p2a: Umbreon|72/100 brn|[from] brn
|upkeep
|turn|17
|
|t:|1743807132
|move|p1a: Dragapult|Dragon Pulse|p2a: Umbreon
|-damage|p2a: Umbreon|43/100 brn
|-damage|p1a: Dragapult|27/100 brn|[from] item: Life Orb
|move|p2a: Umbreon|Taunt|p1a: Dragapult
|-start|p1a: Dragapult|move: Taunt
|
|-heal|p2a: Umbreon|49/100 brn|[from] item: Leftovers
|-damage|p1a: Dragapult|21/100 brn|[from] brn
|-damage|p2a: Umbreon|43/100 brn|[from] brn
|upkeep
|turn|18
|
|t:|1743807147
|-terastallize|p2a: Umbreon|Dark
|move|p1a: Dragapult|Dragon Pulse|p2a: Umbreon
|-damage|p2a: Umbreon|15/100 brn
|-damage|p1a: Dragapult|12/100 brn|[from] item: Life Orb
|move|p2a: Umbreon|Foul Play|p1a: Dragapult
|-supereffective|p1a: Dragapult
|-damage|p1a: Dragapult|0 fnt
|faint|p1a: Dragapult
|
|-heal|p2a: Umbreon|21/100 brn|[from] item: Leftovers
|-damage|p2a: Umbreon|15/100 brn|[from] brn
|upkeep
|
|t:|1743807172
|switch|p1a: Corviknight|Corviknight, M, shiny|38/100
|-damage|p1a: Corviknight|25/100|[from] Stealth Rock
|turn|19
|
|t:|1743807182
|move|p1a: Corviknight|Body Press|p2a: Umbreon
|-supereffective|p2a: Umbreon
|-damage|p2a: Umbreon|0 fnt
|faint|p2a: Umbreon
|
|-heal|p1a: Corviknight|32/100|[from] item: Leftovers
|upkeep
|
|t:|1743807190
|switch|p2a: Mew|Mew|100/100
|turn|20
|
|t:|1743807197
|move|p2a: Mew|Taunt|p1a: Corviknight
|-start|p1a: Corviknight|move: Taunt
|move|p1a: Corviknight|U-turn|p2a: Mew
|-supereffective|p2a: Mew
|-damage|p2a: Mew|75/100
|
|t:|1743807209
|switch|p1a: Iron Valiant|Iron Valiant, shiny|94/100 par|[from] U-turn
|-damage|p1a: Iron Valiant|88/100 par|[from] Stealth Rock
|
|upkeep
|turn|21
|
|t:|1743807218
|move|p2a: Mew|Imprison|p2a: Mew
|-start|p2a: Mew|move: Imprison
|move|p1a: Iron Valiant|Knock Off|p2a: Mew
|-supereffective|p2a: Mew
|-damage|p2a: Mew|17/100
|-enditem|p2a: Mew|Life Orb|[from] move: Knock Off|[of] p1a: Iron Valiant
|
|upkeep
|turn|22
|
|t:|1743807227
|move|p2a: Mew|Transform|p1a: Iron Valiant
|-transform|p2a: Mew|p1a: Iron Valiant
|cant|p1a: Iron Valiant|move: Imprison|Knock Off
|
|upkeep
|turn|23
|
|t:|1743807246
|-end|p1a: Iron Valiant|Quark Drive|[silent]
|switch|p1a: Corviknight|Corviknight, M, shiny|32/100
|-damage|p1a: Corviknight|19/100|[from] Stealth Rock
|move|p2a: Mew|Close Combat|p1a: Corviknight
|-crit|p1a: Corviknight
|-damage|p1a: Corviknight|0 fnt
|-unboost|p2a: Mew|def|1
|-unboost|p2a: Mew|spd|1
|faint|p1a: Corviknight
|
|upkeep
|
|t:|1743807254
|switch|p1a: Slowking|Slowking, M|100/100
|-damage|p1a: Slowking|88/100|[from] Stealth Rock
|turn|24
|
|t:|1743807262
|move|p2a: Mew|Close Combat|p1a: Slowking
|-resisted|p1a: Slowking
|-damage|p1a: Slowking|64/100
|-unboost|p2a: Mew|def|1
|-unboost|p2a: Mew|spd|1
|-damage|p2a: Mew|0 fnt|[from] item: Rocky Helmet|[of] p1a: Slowking
|faint|p2a: Mew
|-end|p2a: Mew|Quark Drive|[silent]
|
|win|ryye16
|raw|ryye16's rating: 1000 &rarr; <strong>1042</strong><br />(+42 for winning)
|raw|powwoup2's rating: 1018 &rarr; <strong>1005</strong><br />(-13 for losing)
|c|☆ryye16|GG
