|j|☆beeboobaa
|j|☆H85le4
|t:|1743782232
|gametype|singles
|player|p1|beeboobaa|2|1065
|player|p2|H85le4|swimmer-gen4dp|1069
|teamsize|p1|6
|teamsize|p2|6
|gen|9
|tier|[Gen 9] OU
|rated|
|rule|HP Percentage Mod: HP is shown in percentages
|rule|Endless Battle Clause: Forcing endless battles is banned
|rule|Species Clause: Limit one of each Pokémon
|rule|OHKO Clause: OHKO moves are banned
|rule|Evasion Items Clause: Evasion items are banned
|rule|Evasion Moves Clause: Evasion moves are banned
|rule|Sleep Moves Clause: Sleep-inducing moves are banned
|clearpoke
|poke|p1|Dragonite, M|
|poke|p1|Gyarados, M|
|poke|p1|Snorlax, F|
|poke|p1|Blastoise, M|
|poke|p1|Gengar, F|
|poke|p1|Clefable, F|
|poke|p2|Infernape, M|
|poke|p2|Morgrem, M|
|poke|p2|Dondozo, F|
|poke|p2|Iron Treads|
|poke|p2|Sinistcha|
|poke|p2|Clefable, F|
|teampreview
|inactive|Battle timer is ON: inactive players will automatically lose when time's up. (requested by H85le4)
|
|t:|1743782244
|start
|switch|p1a: Dragonite|Dragonite, M|100/100
|switch|p2a: Iron Treads|Iron Treads, shiny|100/100
|turn|1
|
|t:|1743782263
|move|p2a: Iron Treads|Rapid Spin|p1a: Dragonite
|-damage|p1a: Dragonite|92/100
|-boost|p2a: Iron Treads|spe|1
|move|p1a: Dragonite|Dragon Dance|p1a: Dragonite
|-boost|p1a: Dragonite|atk|1
|-boost|p1a: Dragonite|spe|1
|
|-heal|p1a: Dragonite|99/100|[from] item: Leftovers
|upkeep
|turn|2
|
|t:|1743782272
|move|p2a: Iron Treads|Stone Edge|p1a: Dragonite
|-supereffective|p1a: Dragonite
|-damage|p1a: Dragonite|39/100
|move|p1a: Dragonite|Dragon Dance|p1a: Dragonite
|-boost|p1a: Dragonite|atk|1
|-boost|p1a: Dragonite|spe|1
|
|-heal|p1a: Dragonite|45/100|[from] item: Leftovers
|upkeep
|turn|3
|
|t:|1743782281
|move|p1a: Dragonite|Earthquake|p2a: Iron Treads
|-supereffective|p2a: Iron Treads
|-damage|p2a: Iron Treads|0 fnt
|faint|p2a: Iron Treads
|-end|p2a: Iron Treads|Quark Drive|[silent]
|
|-heal|p1a: Dragonite|51/100|[from] item: Leftovers
|upkeep
|
|t:|1743782290
|switch|p2a: Dondozo|Dondozo, F, shiny|100/100
|turn|4
|
|t:|1743782306
|switch|p1a: Gyarados|Gyarados, M|100/100
|-ability|p1a: Gyarados|Intimidate|boost
|-unboost|p2a: Dondozo|atk|1
|move|p2a: Dondozo|Ice Fang|p1a: Gyarados
|-damage|p1a: Gyarados|84/100
|
|-heal|p1a: Gyarados|90/100|[from] item: Leftovers
|upkeep
|turn|5
|
|t:|1743782316
|switch|p2a: Morgrem|Morgrem, M|100/100
|move|p1a: Gyarados|Thunder|p2a: Morgrem|[miss]
|-miss|p1a: Gyarados|p2a: Morgrem
|
|-heal|p1a: Gyarados|96/100|[from] item: Leftovers
|upkeep
|turn|6
|
|t:|1743782328
|move|p2a: Morgrem|Thunder Wave|p1a: Gyarados
|-status|p1a: Gyarados|par
|move|p1a: Gyarados|Dragon Dance|p1a: Gyarados
|-boost|p1a: Gyarados|atk|1
|-boost|p1a: Gyarados|spe|1
|
|-heal|p1a: Gyarados|100/100 par|[from] item: Leftovers
|upkeep
|turn|7
|
|t:|1743782337
|move|p2a: Morgrem|Reflect|p2a: Morgrem
|-sidestart|p2: H85le4|Reflect
|move|p1a: Gyarados|Dragon Dance|p1a: Gyarados
|-boost|p1a: Gyarados|atk|1
|-boost|p1a: Gyarados|spe|1
|
|upkeep
|turn|8
|
|t:|1743782342
|move|p2a: Morgrem|Light Screen|p2a: Morgrem
|-sidestart|p2: H85le4|move: Light Screen
|move|p1a: Gyarados|Dragon Dance|p1a: Gyarados
|-boost|p1a: Gyarados|atk|1
|-boost|p1a: Gyarados|spe|1
|
|upkeep
|turn|9
|
|t:|1743782349
|switch|p2a: Dondozo|Dondozo, F, shiny|100/100
|cant|p1a: Gyarados|par
|
|upkeep
|turn|10
|
|t:|1743782355
|move|p1a: Gyarados|Dragon Dance|p1a: Gyarados
|-boost|p1a: Gyarados|atk|1
|-boost|p1a: Gyarados|spe|1
|move|p2a: Dondozo|Ice Fang|p1a: Gyarados|[miss]
|-miss|p2a: Dondozo|p1a: Gyarados
|
|upkeep
|turn|11
|
|t:|1743782365
|move|p1a: Gyarados|Thunder|p2a: Dondozo
|-supereffective|p2a: Dondozo
|-damage|p2a: Dondozo|87/100
|move|p2a: Dondozo|Ice Fang|p1a: Gyarados
|-damage|p1a: Gyarados|77/100 par
|
|-heal|p1a: Gyarados|83/100 par|[from] item: Leftovers
|-sideend|p2: H85le4|Reflect
|upkeep
|turn|12
|
|t:|1743782374
|move|p1a: Gyarados|Dragon Dance|p1a: Gyarados
|-boost|p1a: Gyarados|atk|1
|-boost|p1a: Gyarados|spe|1
|move|p2a: Dondozo|Ice Fang|p1a: Gyarados
|-damage|p1a: Gyarados|59/100 par
|
|-heal|p1a: Gyarados|65/100 par|[from] item: Leftovers
|-sideend|p2: H85le4|move: Light Screen
|upkeep
|turn|13
|
|t:|1743782383
|move|p1a: Gyarados|Thunder|p2a: Dondozo|[miss]
|-miss|p1a: Gyarados|p2a: Dondozo
|move|p2a: Dondozo|Ice Fang|p1a: Gyarados
|-damage|p1a: Gyarados|38/100 par
|
|-heal|p1a: Gyarados|44/100 par|[from] item: Leftovers
|upkeep
|turn|14
|c|☆H85le4|Thunder is Sp Atk brah lol
|
|t:|1743782405
|cant|p1a: Gyarados|par
|move|p2a: Dondozo|Ice Fang|p1a: Gyarados|[miss]
|-miss|p2a: Dondozo|p1a: Gyarados
|
|-heal|p1a: Gyarados|50/100 par|[from] item: Leftovers
|upkeep
|turn|15
|
|t:|1743782413
|cant|p1a: Gyarados|par
|move|p2a: Dondozo|Ice Fang|p1a: Gyarados
|-damage|p1a: Gyarados|24/100 par
|
|-heal|p1a: Gyarados|30/100 par|[from] item: Leftovers
|upkeep
|turn|16
|
|t:|1743782424
|move|p1a: Gyarados|Thunder|p2a: Dondozo|[miss]
|-miss|p1a: Gyarados|p2a: Dondozo
|move|p2a: Dondozo|Liquidation|p1a: Gyarados
|-resisted|p1a: Gyarados
|-damage|p1a: Gyarados|5/100 par
|
|-heal|p1a: Gyarados|11/100 par|[from] item: Leftovers
|upkeep
|turn|17
|
|t:|1743782433
|move|p1a: Gyarados|Thunder|p2a: Dondozo
|-supereffective|p2a: Dondozo
|-damage|p2a: Dondozo|58/100
|move|p2a: Dondozo|Liquidation|p1a: Gyarados
|-resisted|p1a: Gyarados
|-damage|p1a: Gyarados|0 fnt
|faint|p1a: Gyarados
|
|upkeep
|c|☆beeboobaa|would be nice to hit once at least
|
|t:|1743782452
|switch|p1a: Blastoise|Blastoise, M|100/100
|turn|18
|
|t:|1743782462
|switch|p2a: Morgrem|Morgrem, M|100/100
|move|p1a: Blastoise|Shell Smash|p1a: Blastoise
|-unboost|p1a: Blastoise|def|1
|-unboost|p1a: Blastoise|spd|1
|-boost|p1a: Blastoise|atk|2
|-boost|p1a: Blastoise|spa|2
|-boost|p1a: Blastoise|spe|2
|-enditem|p1a: Blastoise|White Herb
|-clearnegativeboost|p1a: Blastoise|[silent]
|
|upkeep
|turn|19
|
|t:|1743782492
|move|p2a: Morgrem|Thunder Wave|p1a: Blastoise
|-status|p1a: Blastoise|par
|move|p1a: Blastoise|Earthquake|p2a: Morgrem
|-damage|p2a: Morgrem|63/100
|
|upkeep
|turn|20
|l|☆H85le4
|inactive|H85le4 disconnected and has a minute to reconnect!
|player|p2|
|inactive|H85le4 has 30 seconds to reconnect!
|inactive|H85le4 has 20 seconds to reconnect!
|inactive|H85le4 has 15 seconds to reconnect!
|inactive|H85le4 has 10 seconds to reconnect!
|inactive|H85le4 has 5 seconds to reconnect!
|j|☆H85le4
|inactive|H85le4 reconnected and has 95 seconds left.
|player|p2|H85le4|swimmer-gen4dp|
|inactive|H85le4 has 90 seconds left.
|
|t:|1743782557
|move|p2a: Morgrem|Reflect|p2a: Morgrem
|-sidestart|p2: H85le4|Reflect
|move|p1a: Blastoise|Ice Beam|p2a: Morgrem
|-damage|p2a: Morgrem|21/100
|
|upkeep
|turn|21
|
|t:|1743782562
|move|p2a: Morgrem|Light Screen|p2a: Morgrem
|-sidestart|p2: H85le4|move: Light Screen
|move|p1a: Blastoise|Ice Beam|p2a: Morgrem
|-crit|p2a: Morgrem
|-damage|p2a: Morgrem|0 fnt
|faint|p2a: Morgrem
|
|upkeep
|inactive|H85le4 has 90 seconds left.
|
|t:|1743782573
|switch|p2a: Sinistcha|Sinistcha|100/100
|turn|22
|
|t:|1743782577
|move|p1a: Blastoise|Ice Beam|p2a: Sinistcha
|-supereffective|p2a: Sinistcha
|-damage|p2a: Sinistcha|44/100
|move|p2a: Sinistcha|Calm Mind|p2a: Sinistcha
|-boost|p2a: Sinistcha|spa|1
|-boost|p2a: Sinistcha|spd|1
|
|-heal|p2a: Sinistcha|50/100|[from] item: Leftovers
|upkeep
|turn|23
|
|t:|1743782586
|move|p1a: Blastoise|Ice Beam|p2a: Sinistcha
|-supereffective|p2a: Sinistcha
|-damage|p2a: Sinistcha|15/100
|move|p2a: Sinistcha|Matcha Gotcha|p1a: Blastoise
|-supereffective|p1a: Blastoise
|-damage|p1a: Blastoise|0 fnt
|-heal|p2a: Sinistcha|59/100|[from] drain|[of] p1a: Blastoise
|faint|p1a: Blastoise
|
|-heal|p2a: Sinistcha|65/100|[from] item: Leftovers
|upkeep
|c|☆beeboobaa|your grass move would have killed me
|c|☆beeboobaa|oh it still did
|
|t:|1743782602
|switch|p1a: Snorlax|Snorlax, F|100/100
|turn|24
|
|t:|1743782610
|move|p2a: Sinistcha|Matcha Gotcha|p1a: Snorlax
|-damage|p1a: Snorlax|69/100
|-heal|p2a: Sinistcha|86/100|[from] drain|[of] p1a: Snorlax
|-status|p1a: Snorlax|brn
|move|p1a: Snorlax|Supercell Slam|p2a: Sinistcha
|-resisted|p2a: Sinistcha
|-damage|p2a: Sinistcha|84/100
|
|-heal|p2a: Sinistcha|90/100|[from] item: Leftovers
|-damage|p1a: Snorlax|63/100 brn|[from] brn
|-sideend|p2: H85le4|Reflect
|upkeep
|turn|25
|inactive|H85le4 has 120 seconds left.
|
|t:|1743782624
|move|p2a: Sinistcha|Matcha Gotcha|p1a: Snorlax
|-damage|p1a: Snorlax|29/100 brn
|-heal|p2a: Sinistcha|100/100|[from] drain|[of] p1a: Snorlax
|move|p1a: Snorlax|Last Resort|p2a: Sinistcha
|-immune|p2a: Sinistcha
|
|-damage|p1a: Snorlax|23/100 brn|[from] brn
|-sideend|p2: H85le4|move: Light Screen
|upkeep
|turn|26
|inactive|H85le4 has 120 seconds left.
|c|☆H85le4|I don't think you know how this game works
|inactive|H85le4 has 90 seconds left.
|c|☆beeboobaa|yeah?
|c|☆H85le4|Look up some tips on YouTube
|
|t:|1743782669
|move|p2a: Sinistcha|Matcha Gotcha|p1a: Snorlax|[miss]
|-miss|p2a: Sinistcha|p1a: Snorlax
|move|p1a: Snorlax|Supercell Slam|p2a: Sinistcha
|-resisted|p2a: Sinistcha
|-damage|p2a: Sinistcha|95/100
|
|-heal|p2a: Sinistcha|100/100|[from] item: Leftovers
|-damage|p1a: Snorlax|17/100 brn|[from] brn
|upkeep
|turn|27
|c|☆beeboobaa|what did i do wrongg
|c|☆H85le4|Electric is not effective on grass
|c|☆beeboobaa|but normal is less effective
|inactive|H85le4 has 60 seconds left.
|c|☆beeboobaa|on ghost
|c|☆H85le4|Normal has no effect on Ghost
|c|☆beeboobaa|exactly
|
|t:|1743782713
|move|p2a: Sinistcha|Matcha Gotcha|p1a: Snorlax
|-damage|p1a: Snorlax|0 fnt
|faint|p1a: Snorlax
|
|upkeep
|c|☆beeboobaa|so better to use 0.5x move than 0x move
|
|t:|1743782726
|switch|p1a: Dragonite|Dragonite, M|51/100
|turn|28
|c|☆H85le4|Also boosting Attack doesn't boost special attack
|inactive|H85le4 has 60 seconds left.
|c|☆beeboobaa|i know normal has no effect on ghost, cos i just said that before ya
|inactive|beeboobaa has 120 seconds left.
|
|t:|1743782773
|move|p1a: Dragonite|Dragon Dance|p1a: Dragonite
|-boost|p1a: Dragonite|atk|1
|-boost|p1a: Dragonite|spe|1
|move|p2a: Sinistcha|Matcha Gotcha|p1a: Dragonite
|-resisted|p1a: Dragonite
|-damage|p1a: Dragonite|39/100
|
|-heal|p1a: Dragonite|45/100|[from] item: Leftovers
|upkeep
|turn|29
|inactive|H85le4 has 60 seconds left.
|
|t:|1743782783
|move|p1a: Dragonite|Ice Spinner|p2a: Sinistcha
|-supereffective|p2a: Sinistcha
|-damage|p2a: Sinistcha|34/100
|move|p2a: Sinistcha|Hex|p1a: Dragonite
|-damage|p1a: Dragonite|8/100
|
|-heal|p1a: Dragonite|14/100|[from] item: Leftovers
|-heal|p2a: Sinistcha|40/100|[from] item: Leftovers
|upkeep
|turn|30
|inactive|H85le4 has 60 seconds left.
|
|t:|1743782802
|-terastallize|p2a: Sinistcha|Steel
|move|p1a: Dragonite|Ice Spinner|p2a: Sinistcha
|-resisted|p2a: Sinistcha
|-damage|p2a: Sinistcha|25/100
|move|p2a: Sinistcha|Strength Sap|p1a: Dragonite
|-unboost|p1a: Dragonite|atk|1
|-heal|p2a: Sinistcha|100/100
|
|-heal|p1a: Dragonite|21/100|[from] item: Leftovers
|upkeep
|turn|31
|inactive|H85le4 has 60 seconds left.
|
|t:|1743782814
|move|p1a: Dragonite|Earthquake|p2a: Sinistcha
|-supereffective|p2a: Sinistcha
|-damage|p2a: Sinistcha|45/100
|move|p2a: Sinistcha|Hex|p1a: Dragonite
|-damage|p1a: Dragonite|0 fnt
|faint|p1a: Dragonite
|
|-heal|p2a: Sinistcha|51/100|[from] item: Leftovers
|upkeep
|c|☆beeboobaa|your grass thing has so much health
|
|t:|1743782835
|switch|p1a: Clefable|Clefable, F|100/100
|turn|32
|inactive|H85le4 has 60 seconds left.
|c|☆H85le4|Nah it's just high defense and regenerative moves + sp def boost move
|c|☆H85le4|Calm mind
|
|t:|1743782859
|move|p2a: Sinistcha|Calm Mind|p2a: Sinistcha
|-boost|p2a: Sinistcha|spa|1
|-boost|p2a: Sinistcha|spd|1
|move|p1a: Clefable|Calm Mind|p1a: Clefable
|-boost|p1a: Clefable|spa|1
|-boost|p1a: Clefable|spd|1
|
|-heal|p2a: Sinistcha|57/100|[from] item: Leftovers
|upkeep
|turn|33
|c|☆beeboobaa|but like it keeps going back up to 100% health
|
|t:|1743782874
|move|p2a: Sinistcha|Matcha Gotcha|p1a: Clefable
|-damage|p1a: Clefable|80/100
|-heal|p2a: Sinistcha|69/100|[from] drain|[of] p1a: Clefable
|move|p1a: Clefable|Calm Mind|p1a: Clefable
|-boost|p1a: Clefable|spa|1
|-boost|p1a: Clefable|spd|1
|
|-heal|p2a: Sinistcha|75/100|[from] item: Leftovers
|-heal|p1a: Clefable|86/100|[from] item: Leftovers
|upkeep
|turn|34
|inactive|H85le4 has 60 seconds left.
|
|t:|1743782888
|switch|p2a: Dondozo|Dondozo, F, shiny|58/100
|move|p1a: Clefable|Thunder Wave|p2a: Dondozo
|-status|p2a: Dondozo|par
|
|-heal|p1a: Clefable|92/100|[from] item: Leftovers
|upkeep
|turn|35
|inactive|H85le4 has 60 seconds left.
|
|t:|1743782897
|move|p1a: Clefable|Moonblast|p2a: Dondozo
|-damage|p2a: Dondozo|37/100 par
|move|p2a: Dondozo|Liquidation|p1a: Clefable
|-damage|p1a: Clefable|62/100
|-unboost|p1a: Clefable|def|1
|
|-heal|p1a: Clefable|69/100|[from] item: Leftovers
|upkeep
|turn|36
|
|t:|1743782907
|move|p1a: Clefable|Moonblast|p2a: Dondozo
|-damage|p2a: Dondozo|16/100 par
|-unboost|p2a: Dondozo|spa|1
|cant|p2a: Dondozo|par
|
|-heal|p1a: Clefable|75/100|[from] item: Leftovers
|upkeep
|turn|37
|
|t:|1743782916
|move|p1a: Clefable|Moonblast|p2a: Dondozo
|-damage|p2a: Dondozo|0 fnt
|faint|p2a: Dondozo
|
|-heal|p1a: Clefable|81/100|[from] item: Leftovers
|upkeep
|
|t:|1743782925
|switch|p2a: Infernape|Infernape, M|100/100
|turn|38
|inactive|beeboobaa has 120 seconds left.
|
|t:|1743782946
|move|p2a: Infernape|Flame Charge|p1a: Clefable
|-damage|p1a: Clefable|54/100
|-boost|p2a: Infernape|spe|1
|move|p1a: Clefable|Moonblast|p2a: Infernape
|-damage|p2a: Infernape|24/100
|
|-heal|p1a: Clefable|60/100|[from] item: Leftovers
|upkeep
|turn|39
|inactive|beeboobaa has 120 seconds left.
|c|☆H85le4|Yeah because of the moves I used
|
|t:|1743782971
|move|p2a: Infernape|Drain Punch|p1a: Clefable
|-resisted|p1a: Clefable
|-damage|p1a: Clefable|39/100
|-heal|p2a: Infernape|38/100|[from] drain|[of] p1a: Clefable
|move|p1a: Clefable|Moonlight|p1a: Clefable
|-heal|p1a: Clefable|89/100
|
|-heal|p1a: Clefable|95/100|[from] item: Leftovers
|upkeep
|turn|40
|
|t:|1743782981
|move|p2a: Infernape|Flame Charge|p1a: Clefable
|-damage|p1a: Clefable|69/100
|-boost|p2a: Infernape|spe|1
|move|p1a: Clefable|Moonblast|p2a: Infernape
|-damage|p2a: Infernape|0 fnt
|faint|p2a: Infernape
|
|-heal|p1a: Clefable|75/100|[from] item: Leftovers
|upkeep
|
|t:|1743782992
|switch|p2a: Sinistcha|Sinistcha, tera:Steel|75/100
|turn|41
|
|t:|1743783005
|move|p2a: Sinistcha|Matcha Gotcha|p1a: Clefable
|-damage|p1a: Clefable|59/100
|-heal|p2a: Sinistcha|84/100|[from] drain|[of] p1a: Clefable
|move|p1a: Clefable|Thunder Wave|p2a: Sinistcha
|-status|p2a: Sinistcha|par
|
|-heal|p1a: Clefable|65/100|[from] item: Leftovers
|-heal|p2a: Sinistcha|91/100 par|[from] item: Leftovers
|upkeep
|turn|42
|
|t:|1743783018
|move|p1a: Clefable|Calm Mind|p1a: Clefable
|-boost|p1a: Clefable|spa|1
|-boost|p1a: Clefable|spd|1
|cant|p2a: Sinistcha|par
|
|-heal|p1a: Clefable|72/100|[from] item: Leftovers
|-heal|p2a: Sinistcha|97/100 par|[from] item: Leftovers
|upkeep
|turn|43
|
|t:|1743783026
|move|p1a: Clefable|Moonblast|p2a: Sinistcha
|-resisted|p2a: Sinistcha
|-crit|p2a: Sinistcha
|-damage|p2a: Sinistcha|25/100 par
|-unboost|p2a: Sinistcha|spa|1
|move|p2a: Sinistcha|Matcha Gotcha|p1a: Clefable
|-damage|p1a: Clefable|59/100
|-heal|p2a: Sinistcha|33/100 par|[from] drain|[of] p1a: Clefable
|
|-heal|p1a: Clefable|65/100|[from] item: Leftovers
|-heal|p2a: Sinistcha|39/100 par|[from] item: Leftovers
|upkeep
|turn|44
|
|t:|1743783039
|move|p1a: Clefable|Moonlight|p1a: Clefable
|-heal|p1a: Clefable|100/100
|move|p2a: Sinistcha|Matcha Gotcha|p1a: Clefable
|-damage|p1a: Clefable|89/100
|-heal|p2a: Sinistcha|45/100 par|[from] drain|[of] p1a: Clefable
|-status|p1a: Clefable|brn
|
|-heal|p1a: Clefable|95/100 brn|[from] item: Leftovers
|-heal|p2a: Sinistcha|52/100 par|[from] item: Leftovers
|-damage|p1a: Clefable|89/100 brn|[from] brn
|upkeep
|turn|45
|
|t:|1743783063
|move|p1a: Clefable|Moonblast|p2a: Sinistcha
|-resisted|p2a: Sinistcha
|-damage|p2a: Sinistcha|4/100 par
|move|p2a: Sinistcha|Hex|p1a: Clefable
|-damage|p1a: Clefable|69/100 brn
|
|-heal|p1a: Clefable|75/100 brn|[from] item: Leftovers
|-heal|p2a: Sinistcha|10/100 par|[from] item: Leftovers
|-damage|p1a: Clefable|69/100 brn|[from] brn
|upkeep
|turn|46
|
|t:|1743783074
|move|p1a: Clefable|Moonblast|p2a: Sinistcha
|-resisted|p2a: Sinistcha
|-damage|p2a: Sinistcha|0 fnt
|faint|p2a: Sinistcha
|
|-heal|p1a: Clefable|75/100 brn|[from] item: Leftovers
|-damage|p1a: Clefable|69/100 brn|[from] brn
|upkeep
|
|t:|1743783082
|switch|p2a: Clefable|Clefable, F|100/100
|turn|47
|-message|H85le4 forfeited.
|
|win|beeboobaa
|raw|beeboobaa's rating: 1065 &rarr; <strong>1096</strong><br />(+31 for winning)
|raw|H85le4's rating: 1069 &rarr; <strong>1048</strong><br />(-21 for losing)
|l|☆H85le4
|player|p2|
|c|☆beeboobaa|??
