|j|☆berk.de
|j|☆jibreel69
|t:|1743885208
|gametype|singles
|player|p1|berk.de|caitlin|1201
|player|p2|jibreel69|clair|1162
|teamsize|p1|6
|teamsize|p2|6
|gen|9
|tier|[Gen 9] OU
|rated|
|rule|HP Percentage Mod: HP is shown in percentages
|rule|Endless Battle Clause: Forcing endless battles is banned
|rule|Species Clause: Limit one of each Pokémon
|rule|OHKO Clause: OHKO moves are banned
|rule|Evasion Items Clause: Evasion items are banned
|rule|Evasion Moves Clause: Evasion moves are banned
|rule|Sleep Moves Clause: Sleep-inducing moves are banned
|clearpoke
|poke|p1|Maushold-Four|
|poke|p1|Blissey, F|
|poke|p1|Enamorus, F|
|poke|p1|Sinistcha-Masterpiece|
|poke|p1|Manaphy|
|poke|p1|Pawmot, M|
|poke|p2|Alomomola, F|
|poke|p2|Alcremie, F|
|poke|p2|Iron Boulder|
|poke|p2|Dragonite, F|
|poke|p2|Cinderace, F|
|poke|p2|Decidueye-Hisui, M|
|teampreview
|inactive|Battle timer is ON: inactive players will automatically lose when time's up. (requested by berk.de)
|
|t:|1743885232
|start
|switch|p1a: mausi|Maushold-Four|100/100
|switch|p2a: Decidueye|Decidueye-Hisui, M, shiny|100/100
|turn|1
|
|t:|1743885239
|move|p1a: mausi|Population Bomb|p2a: Decidueye
|-damage|p2a: Decidueye|92/100
|-damage|p1a: mausi|84/100|[from] item: Rocky Helmet|[of] p2a: Decidueye
|-damage|p2a: Decidueye|84/100
|-damage|p1a: mausi|67/100|[from] item: Rocky Helmet|[of] p2a: Decidueye
|-damage|p2a: Decidueye|75/100
|-damage|p1a: mausi|51/100|[from] item: Rocky Helmet|[of] p2a: Decidueye
|-damage|p2a: Decidueye|66/100
|-damage|p1a: mausi|34/100|[from] item: Rocky Helmet|[of] p2a: Decidueye
|-damage|p2a: Decidueye|57/100
|-damage|p1a: mausi|17/100|[from] item: Rocky Helmet|[of] p2a: Decidueye
|-damage|p2a: Decidueye|48/100
|-damage|p1a: mausi|1/100|[from] item: Rocky Helmet|[of] p2a: Decidueye
|-damage|p2a: Decidueye|40/100
|-damage|p1a: mausi|0 fnt|[from] item: Rocky Helmet|[of] p2a: Decidueye
|faint|p1a: mausi
|-hitcount|p2a: Decidueye|7
|move|p2a: Decidueye|Triple Arrows|p1: mausi|[notarget]
|-fail|p2a: Decidueye
|
|upkeep
|
|t:|1743885256
|switch|p1a: amore|Enamorus, F, shiny|100/100
|turn|2
|
|t:|1743885265
|switch|p2a: Alomomola|Alomomola, F, shiny|100/100
|-terastallize|p1a: amore|Stellar
|move|p1a: amore|Tera Blast|p2a: Alomomola|[anim] Tera Blast Stellar
|-damage|p2a: Alomomola|42/100
|-boost|p1a: amore|atk|1
|-boost|p1a: amore|spa|1
|
|upkeep
|turn|3
|c|☆jibreel69|wait what
|c|☆berk.de|what
|inactive|jibreel69 has 120 seconds left.
|c|☆jibreel69|tera increases his stats
|c|☆jibreel69|im finished
|c|☆berk.de|contrary
|inactive|jibreel69 has 90 seconds left.
|c|☆jibreel69|oh yeah
|c|☆berk.de|:p
|
|t:|1743885353
|move|p1a: amore|Tera Blast|p2a: Alomomola|[anim] Tera Blast Stellar
|-damage|p2a: Alomomola|0 fnt
|-boost|p1a: amore|atk|1
|-boost|p1a: amore|spa|1
|faint|p2a: Alomomola
|
|upkeep
|
|t:|1743885362
|switch|p2a: Iron Boulder|Iron Boulder|100/100
|-enditem|p2a: Iron Boulder|Booster Energy
|-activate|p2a: Iron Boulder|ability: Quark Drive|[fromitem]
|-start|p2a: Iron Boulder|quarkdrivespe
|turn|4
|
|t:|1743885373
|move|p2a: Iron Boulder|Mighty Cleave|p1a: amore
|-supereffective|p1a: amore
|-damage|p1a: amore|0 fnt
|faint|p1a: amore
|
|upkeep
|
|t:|1743885379
|switch|p1a: matcha|Sinistcha-Masterpiece, shiny|100/100
|turn|5
|
|t:|1743885390
|-end|p2a: Iron Boulder|Quark Drive|[silent]
|switch|p2a: Alcremie|Alcremie, F, shiny|100/100
|move|p1a: matcha|Strength Sap|p2a: Alcremie
|-unboost|p2a: Alcremie|atk|1
|
|upkeep
|turn|6
|
|t:|1743885397
|move|p1a: matcha|Calm Mind|p1a: matcha
|-boost|p1a: matcha|spa|1
|-boost|p1a: matcha|spd|1
|move|p2a: Alcremie|Calm Mind|p2a: Alcremie
|-boost|p2a: Alcremie|spa|1
|-boost|p2a: Alcremie|spd|1
|
|upkeep
|turn|7
|
|t:|1743885400
|move|p1a: matcha|Calm Mind|p1a: matcha
|-boost|p1a: matcha|spa|1
|-boost|p1a: matcha|spd|1
|move|p2a: Alcremie|Calm Mind|p2a: Alcremie
|-boost|p2a: Alcremie|spa|1
|-boost|p2a: Alcremie|spd|1
|
|upkeep
|turn|8
|
|t:|1743885403
|move|p1a: matcha|Calm Mind|p1a: matcha
|-boost|p1a: matcha|spa|1
|-boost|p1a: matcha|spd|1
|move|p2a: Alcremie|Calm Mind|p2a: Alcremie
|-boost|p2a: Alcremie|spa|1
|-boost|p2a: Alcremie|spd|1
|
|upkeep
|turn|9
|
|t:|1743885406
|move|p1a: matcha|Shadow Ball|p2a: Alcremie
|-damage|p2a: Alcremie|70/100
|-unboost|p2a: Alcremie|spd|1
|move|p2a: Alcremie|Calm Mind|p2a: Alcremie
|-boost|p2a: Alcremie|spa|1
|-boost|p2a: Alcremie|spd|1
|
|-heal|p2a: Alcremie|76/100|[from] item: Leftovers
|upkeep
|turn|10
|
|t:|1743885410
|move|p1a: matcha|Calm Mind|p1a: matcha
|-boost|p1a: matcha|spa|1
|-boost|p1a: matcha|spd|1
|move|p2a: Alcremie|Calm Mind|p2a: Alcremie
|-boost|p2a: Alcremie|spa|1
|-boost|p2a: Alcremie|spd|1
|
|-heal|p2a: Alcremie|82/100|[from] item: Leftovers
|upkeep
|turn|11
|
|t:|1743885415
|move|p1a: matcha|Calm Mind|p1a: matcha
|-boost|p1a: matcha|spa|1
|-boost|p1a: matcha|spd|1
|move|p2a: Alcremie|Calm Mind|p2a: Alcremie
|-boost|p2a: Alcremie|spa|1
|-boost|p2a: Alcremie|spd|1
|
|-heal|p2a: Alcremie|88/100|[from] item: Leftovers
|upkeep
|turn|12
|
|t:|1743885423
|move|p1a: matcha|Matcha Gotcha|p2a: Alcremie
|-damage|p2a: Alcremie|58/100
|move|p2a: Alcremie|Stored Power|p1a: matcha
|-damage|p1a: matcha|21/100
|
|-heal|p2a: Alcremie|64/100|[from] item: Leftovers
|upkeep
|turn|13
|
|t:|1743885431
|move|p1a: matcha|Matcha Gotcha|p2a: Alcremie
|-damage|p2a: Alcremie|39/100
|-heal|p1a: matcha|37/100|[from] drain|[of] p2a: Alcremie
|move|p2a: Alcremie|Draining Kiss|p1a: matcha
|-damage|p1a: matcha|13/100
|-heal|p2a: Alcremie|58/100|[from] drain|[of] p1a: matcha
|
|-heal|p2a: Alcremie|64/100|[from] item: Leftovers
|upkeep
|turn|14
|
|t:|1743885441
|move|p1a: matcha|Strength Sap|p2a: Alcremie
|-unboost|p2a: Alcremie|atk|1
|-heal|p1a: matcha|41/100
|move|p2a: Alcremie|Draining Kiss|p1a: matcha
|-damage|p1a: matcha|16/100
|-heal|p2a: Alcremie|83/100|[from] drain|[of] p1a: matcha
|
|-heal|p2a: Alcremie|89/100|[from] item: Leftovers
|upkeep
|turn|15
|
|t:|1743885451
|move|p1a: matcha|Strength Sap|p2a: Alcremie
|-unboost|p2a: Alcremie|atk|1
|-heal|p1a: matcha|37/100
|move|p2a: Alcremie|Draining Kiss|p1a: matcha
|-damage|p1a: matcha|9/100
|-heal|p2a: Alcremie|100/100|[from] drain|[of] p1a: matcha
|
|upkeep
|turn|16
|
|t:|1743885466
|move|p1a: matcha|Shadow Ball|p2a: Alcremie
|-damage|p2a: Alcremie|71/100
|-unboost|p2a: Alcremie|spd|1
|move|p2a: Alcremie|Draining Kiss|p1a: matcha
|-damage|p1a: matcha|0 fnt
|-heal|p2a: Alcremie|78/100|[from] drain|[of] p1a: matcha
|faint|p1a: matcha
|
|-heal|p2a: Alcremie|84/100|[from] item: Leftovers
|upkeep
|
|t:|1743885474
|switch|p1a: fairy|Blissey, F|100/100
|turn|17
|c|☆jibreel69|phew
|
|t:|1743885484
|move|p2a: Alcremie|Stored Power|p1a: fairy
|-damage|p1a: fairy|34/100
|move|p1a: fairy|Calm Mind|p1a: fairy
|-boost|p1a: fairy|spa|1
|-boost|p1a: fairy|spd|1
|
|-heal|p2a: Alcremie|90/100|[from] item: Leftovers
|upkeep
|turn|18
|c|☆berk.de|idk i thought i wouldve been stronger
|
|t:|1743885495
|move|p2a: Alcremie|Stored Power|p1a: fairy
|-damage|p1a: fairy|0 fnt
|faint|p1a: fairy
|
|-heal|p2a: Alcremie|96/100|[from] item: Leftovers
|upkeep
|
|t:|1743885498
|switch|p1a: teddy|Pawmot, M|100/100
|turn|19
|
|t:|1743885524
|move|p1a: teddy|Revival Blessing|p1a: teddy
|
|t:|1743885528
|-heal|p1: mausi|50/100|[from] move: Revival Blessing
|move|p2a: Alcremie|Stored Power|p1a: teddy
|-supereffective|p1a: teddy
|-damage|p1a: teddy|0 fnt
|faint|p1a: teddy
|
|-heal|p2a: Alcremie|100/100|[from] item: Leftovers
|upkeep
|
|t:|1743885529
|switch|p1a: mausi|Maushold-Four|50/100
|turn|20
|
|t:|1743885540
|-terastallize|p2a: Alcremie|Steel
|move|p1a: mausi|Population Bomb|p2a: Alcremie
|-resisted|p2a: Alcremie
|-damage|p2a: Alcremie|95/100
|-resisted|p2a: Alcremie
|-damage|p2a: Alcremie|91/100
|-resisted|p2a: Alcremie
|-damage|p2a: Alcremie|86/100
|-resisted|p2a: Alcremie
|-damage|p2a: Alcremie|80/100
|-resisted|p2a: Alcremie
|-damage|p2a: Alcremie|75/100
|-resisted|p2a: Alcremie
|-damage|p2a: Alcremie|70/100
|-resisted|p2a: Alcremie
|-damage|p2a: Alcremie|65/100
|-resisted|p2a: Alcremie
|-damage|p2a: Alcremie|59/100
|-resisted|p2a: Alcremie
|-damage|p2a: Alcremie|54/100
|-resisted|p2a: Alcremie
|-damage|p2a: Alcremie|49/100
|-hitcount|p2a: Alcremie|10
|move|p2a: Alcremie|Draining Kiss|p1a: mausi
|-damage|p1a: mausi|0 fnt
|-heal|p2a: Alcremie|81/100|[from] drain|[of] p1a: mausi
|faint|p1a: mausi
|
|-heal|p2a: Alcremie|87/100|[from] item: Leftovers
|upkeep
|
|t:|1743885546
|switch|p1a: chaos|Manaphy, shiny|100/100
|turn|21
|c|☆jibreel69|ggs
|c|☆berk.de|gg
|inactive|jibreel69 has 120 seconds left.
|c|☆jibreel69|u thought i would get swept by enarmous
|
|t:|1743885583
|move|p1a: chaos|Tail Glow|p1a: chaos
|-boost|p1a: chaos|spa|3
|move|p2a: Alcremie|Stored Power|p1a: chaos
|-damage|p1a: chaos|0 fnt
|faint|p1a: chaos
|
|win|jibreel69
|raw|berk.de's rating: 1201 &rarr; <strong>1173</strong><br />(-28 for losing)
|raw|jibreel69's rating: 1162 &rarr; <strong>1190</strong><br />(+28 for winning)
