|j|☆frankferris
|j|☆ian_yo
|t:|1743888185
|gametype|singles
|player|p1|frankferris|swimmer-gen4|1455
|player|p2|ian_yo|skier|1446
|teamsize|p1|6
|teamsize|p2|6
|gen|9
|tier|[Gen 9] OU
|rated|
|rule|HP Percentage Mod: HP is shown in percentages
|rule|Endless Battle Clause: Forcing endless battles is banned
|rule|Species Clause: Limit one of each Pokémon
|rule|OHKO Clause: OHKO moves are banned
|rule|Evasion Items Clause: Evasion items are banned
|rule|Evasion Moves Clause: Evasion moves are banned
|rule|Sleep Moves Clause: Sleep-inducing moves are banned
|clearpoke
|poke|p1|Gholdengo|
|poke|p1|Iron Moth|
|poke|p1|Iron Valiant|
|poke|p1|Raging Bolt|
|poke|p1|Kingambit, F|
|poke|p1|Araquanid, F|
|poke|p2|Torkoal, F|
|poke|p2|Klefki, M|
|poke|p2|Hatterene, F|
|poke|p2|Cresselia, F|
|poke|p2|Rabsca, M|
|poke|p2|Hattrem, F|
|teampreview
|inactive|Battle timer is ON: inactive players will automatically lose when time's up. (requested by ian_yo)
|
|t:|1743888195
|start
|switch|p1a: My Back|Araquanid, F|100/100
|switch|p2a: Hattrem|Hattrem, F|100/100
|turn|1
|
|t:|1743888201
|move|p1a: My Back|Surf|p2a: Hattrem
|-damage|p2a: Hattrem|40/100
|move|p2a: Hattrem|Trick Room|p2a: Hattrem
|-fieldstart|move: Trick Room|[of] p2a: Hattrem
|
|upkeep
|turn|2
|
|t:|1743888206
|move|p2a: Hattrem|Healing Wish|p2a: Hattrem
|faint|p2a: Hattrem
|move|p1a: My Back|Surf|p2: Hattrem|[notarget]
|-fail|p1a: My Back
|
|upkeep
|
|t:|1743888208
|switch|p2a: Torkoal|Torkoal, F|100/100
|-weather|SunnyDay|[from] ability: Drought|[of] p2a: Torkoal
|turn|3
|
|t:|1743888212
|-terastallize|p2a: Torkoal|Fire
|move|p2a: Torkoal|Eruption|p1a: My Back
|-damage|p1a: My Back|29/100
|move|p1a: My Back|Surf|p2a: Torkoal
|-supereffective|p2a: Torkoal
|-damage|p2a: Torkoal|43/100
|
|-weather|SunnyDay|[upkeep]
|upkeep
|turn|4
|
|t:|1743888223
|switch|p1a: Australian Ant|Iron Moth|100/100
|-enditem|p1a: Australian Ant|Booster Energy
|-activate|p1a: Australian Ant|ability: Quark Drive|[fromitem]
|-start|p1a: Australian Ant|quarkdrivespa
|move|p2a: Torkoal|Eruption|p1a: Australian Ant
|-resisted|p1a: Australian Ant
|-damage|p1a: Australian Ant|60/100
|
|-weather|SunnyDay|[upkeep]
|upkeep
|turn|5
|
|t:|1743888231
|switch|p2a: Klefki|Klefki, M|100/100
|move|p1a: Australian Ant|Fiery Dance|p2a: Klefki
|-supereffective|p2a: Klefki
|-damage|p2a: Klefki|0 fnt
|faint|p2a: Klefki
|
|-weather|SunnyDay|[upkeep]
|-fieldend|move: Trick Room
|upkeep
|
|t:|1743888240
|switch|p2a: Hatterene|Hatterene, F|100/100
|turn|6
|
|t:|1743888242
|move|p1a: Australian Ant|Sludge Wave|p2a: Hatterene
|-supereffective|p2a: Hatterene
|-enditem|p2a: Hatterene|Focus Sash
|-damage|p2a: Hatterene|1/100
|move|p2a: Hatterene|Trick Room|p2a: Hatterene
|-fieldstart|move: Trick Room|[of] p2a: Hatterene
|
|-weather|SunnyDay|[upkeep]
|upkeep
|turn|7
|
|t:|1743888248
|move|p2a: Hatterene|Healing Wish|p2a: Hatterene
|faint|p2a: Hatterene
|move|p1a: Australian Ant|Fiery Dance|p2: Hatterene|[notarget]
|-fail|p1a: Australian Ant
|
|-weather|none
|upkeep
|
|t:|1743888249
|switch|p2a: Torkoal|Torkoal, F, tera:Fire|43/100
|-heal|p2a: Torkoal|100/100|[from] move: Healing Wish
|-weather|SunnyDay|[from] ability: Drought|[of] p2a: Torkoal
|turn|8
|
|t:|1743888257
|move|p2a: Torkoal|Eruption|p1a: Australian Ant
|-resisted|p1a: Australian Ant
|-damage|p1a: Australian Ant|0 fnt
|faint|p1a: Australian Ant
|-end|p1a: Australian Ant|Quark Drive|[silent]
|
|-weather|SunnyDay|[upkeep]
|upkeep
|
|t:|1743888266
|switch|p1a: Maybe Necks Game|Raging Bolt|100/100
|-activate|p1a: Maybe Necks Game|ability: Protosynthesis
|-start|p1a: Maybe Necks Game|protosynthesisspa
|turn|9
|
|t:|1743888275
|move|p2a: Torkoal|Eruption|p1a: Maybe Necks Game
|-resisted|p1a: Maybe Necks Game
|-damage|p1a: Maybe Necks Game|12/100
|move|p1a: Maybe Necks Game|Calm Mind|p1a: Maybe Necks Game
|-boost|p1a: Maybe Necks Game|spa|1
|-boost|p1a: Maybe Necks Game|spd|1
|
|-weather|SunnyDay|[upkeep]
|upkeep
|turn|10
|
|t:|1743888282
|switch|p2a: Cresselia|Cresselia, F|100/100
|move|p1a: Maybe Necks Game|Thunderclap||[still]
|-fail|p1a: Maybe Necks Game
|
|-weather|SunnyDay|[upkeep]
|-fieldend|move: Trick Room
|upkeep
|turn|11
|
|t:|1743888288
|move|p1a: Maybe Necks Game|Thunderclap||[still]
|-fail|p1a: Maybe Necks Game
|move|p2a: Cresselia|Trick Room|p2a: Cresselia
|-fieldstart|move: Trick Room|[of] p2a: Cresselia
|
|-weather|SunnyDay|[upkeep]
|upkeep
|turn|12
|
|t:|1743888291
|move|p1a: Maybe Necks Game|Thunderclap|p2a: Cresselia
|-damage|p2a: Cresselia|63/100
|move|p2a: Cresselia|Moonblast|p1a: Maybe Necks Game
|-supereffective|p1a: Maybe Necks Game
|-damage|p1a: Maybe Necks Game|0 fnt
|faint|p1a: Maybe Necks Game
|-end|p1a: Maybe Necks Game|Protosynthesis|[silent]
|
|-weather|none
|upkeep
|
|t:|1743888296
|switch|p1a: Mr Money|Gholdengo|100/100
|-item|p1a: Mr Money|Air Balloon
|turn|13
|
|t:|1743888298
|switch|p2a: Torkoal|Torkoal, F, tera:Fire|100/100
|-weather|SunnyDay|[from] ability: Drought|[of] p2a: Torkoal
|move|p1a: Mr Money|Shadow Ball|p2a: Torkoal
|-damage|p2a: Torkoal|47/100
|
|-weather|SunnyDay|[upkeep]
|upkeep
|turn|14
|
|t:|1743888307
|-terastallize|p1a: Mr Money|Fairy
|move|p2a: Torkoal|Weather Ball|p1a: Mr Money
|-damage|p1a: Mr Money|0 fnt
|-enditem|p1a: Mr Money|Air Balloon
|faint|p1a: Mr Money
|
|-weather|SunnyDay|[upkeep]
|upkeep
|
|t:|1743888313
|switch|p1a: Ooong ging gang|Iron Valiant|100/100
|-enditem|p1a: Ooong ging gang|Booster Energy
|-activate|p1a: Ooong ging gang|ability: Quark Drive|[fromitem]
|-start|p1a: Ooong ging gang|quarkdrivespa
|turn|15
|
|t:|1743888317
|switch|p2a: Cresselia|Cresselia, F|63/100
|move|p1a: Ooong ging gang|Vacuum Wave|p2a: Cresselia
|-resisted|p2a: Cresselia
|-damage|p2a: Cresselia|56/100
|
|-weather|SunnyDay|[upkeep]
|-fieldend|move: Trick Room
|upkeep
|turn|16
|
|t:|1743888322
|move|p1a: Ooong ging gang|Shadow Ball|p2a: Cresselia
|-supereffective|p2a: Cresselia
|-crit|p2a: Cresselia
|-damage|p2a: Cresselia|1/100
|move|p2a: Cresselia|Trick Room|p2a: Cresselia
|-fieldstart|move: Trick Room|[of] p2a: Cresselia
|
|-weather|SunnyDay|[upkeep]
|upkeep
|turn|17
|
|t:|1743888328
|move|p1a: Ooong ging gang|Vacuum Wave|p2a: Cresselia
|-resisted|p2a: Cresselia
|-damage|p2a: Cresselia|0 fnt
|faint|p2a: Cresselia
|
|-weather|none
|upkeep
|
|t:|1743888330
|switch|p2a: Torkoal|Torkoal, F, tera:Fire|47/100
|-weather|SunnyDay|[from] ability: Drought|[of] p2a: Torkoal
|turn|18
|
|t:|1743888335
|move|p1a: Ooong ging gang|Vacuum Wave|p2a: Torkoal
|-damage|p2a: Torkoal|7/100
|move|p2a: Torkoal|Weather Ball|p1a: Ooong ging gang
|-damage|p1a: Ooong ging gang|0 fnt
|faint|p1a: Ooong ging gang
|-end|p1a: Ooong ging gang|Quark Drive|[silent]
|
|-weather|SunnyDay|[upkeep]
|upkeep
|
|t:|1743888339
|switch|p1a: 刺殺與劍術|Kingambit, F|100/100
|-activate|p1a: 刺殺與劍術|ability: Supreme Overlord
|-start|p1a: 刺殺與劍術|fallen4|[silent]
|-item|p1a: 刺殺與劍術|Air Balloon
|turn|19
|
|t:|1743888346
|switch|p2a: Rabsca|Rabsca, M|100/100
|move|p1a: 刺殺與劍術|Kowtow Cleave|p2a: Rabsca
|-supereffective|p2a: Rabsca
|-damage|p2a: Rabsca|5/100
|
|-weather|SunnyDay|[upkeep]
|upkeep
|turn|20
|
|t:|1743888353
|move|p2a: Rabsca|Revival Blessing|p2a: Rabsca
|
|t:|1743888355
|-heal|p2: Klefki|50/100|[from] move: Revival Blessing
|move|p1a: 刺殺與劍術|Kowtow Cleave|p2a: Rabsca
|-supereffective|p2a: Rabsca
|-damage|p2a: Rabsca|0 fnt
|faint|p2a: Rabsca
|
|-weather|SunnyDay|[upkeep]
|-fieldend|move: Trick Room
|upkeep
|
|t:|1743888357
|switch|p2a: Klefki|Klefki, M|50/100
|turn|21
|
|t:|1743888364
|move|p1a: 刺殺與劍術|Iron Head|p2a: Klefki
|-damage|p2a: Klefki|0 fnt
|faint|p2a: Klefki
|
|-weather|SunnyDay|[upkeep]
|upkeep
|-message|ian_yo forfeited.
|
|win|frankferris
|raw|frankferris's rating: 1455 &rarr; <strong>1474</strong><br />(+19 for winning)
|raw|ian_yo's rating: 1446 &rarr; <strong>1427</strong><br />(-19 for losing)
|l|☆ian_yo
|player|p2|
|c|☆frankferris|this is the most entertaining ou game ever
|c|☆frankferris|gg
|l|☆frankferris
|player|p1|
