|badge|p2|bronze|gen9ou|100-5
|uhtml|medal-msg|<div class="broadcast-blue">Curious what those medals under the avatar are? PS now has Ladder Seasons! For more information, check out the <a href="https://www.smogon.com/forums/threads/3740067/">thread on Smogon.</a></div>
|j|☆Xwipe Serious
|j|☆alvar03
|t:|1743805565
|gametype|singles
|player|p1|Xwipe Serious|plasmagrunt|1797
|player|p2|alvar03|alder|1862
|teamsize|p1|6
|teamsize|p2|6
|gen|9
|tier|[Gen 9] OU
|rated|
|rule|HP Percentage Mod: HP is shown in percentages
|rule|Endless Battle Clause: Forcing endless battles is banned
|rule|Species Clause: Limit one of each Pokémon
|rule|OHKO Clause: OHKO moves are banned
|rule|Evasion Items Clause: Evasion items are banned
|rule|Evasion Moves Clause: Evasion moves are banned
|rule|Sleep Moves Clause: Sleep-inducing moves are banned
|clearpoke
|poke|p1|Kingambit, F|
|poke|p1|Garchomp, M|
|poke|p1|Dragonite, M|
|poke|p1|Iron Moth|
|poke|p1|Iron Crown|
|poke|p1|Samurott-Hisui, F|
|poke|p2|Gliscor, F|
|poke|p2|Clefable, M|
|poke|p2|Ogerpon, F|
|poke|p2|Corviknight, F|
|poke|p2|Zamazenta-*|
|poke|p2|Weavile, F|
|teampreview
|
|t:|1743805572
|start
|switch|p1a: do not spin|Garchomp, M|100/100
|switch|p2a: Corviknight|Corviknight, F|100/100
|-ability|p2a: Corviknight|Pressure
|turn|1
|inactive|Battle timer is ON: inactive players will automatically lose when time's up. (requested by alvar03)
|
|t:|1743805579
|switch|p1a: Iron Moth|Iron Moth|100/100
|switch|p2a: Clefable|Clefable, M|100/100
|
|upkeep
|turn|2
|
|t:|1743805583
|move|p1a: Iron Moth|Fiery Dance|p2a: Clefable
|-damage|p2a: Clefable|74/100
|move|p2a: Clefable|Stealth Rock|p1a: Iron Moth
|-sidestart|p1: Xwipe Serious|move: Stealth Rock
|
|-heal|p2a: Clefable|80/100|[from] item: Leftovers
|upkeep
|turn|3
|
|t:|1743805593
|move|p1a: Iron Moth|Fiery Dance|p2a: Clefable
|-damage|p2a: Clefable|56/100
|-boost|p1a: Iron Moth|spa|1
|move|p2a: Clefable|Knock Off|p1a: Iron Moth
|-damage|p1a: Iron Moth|79/100
|-enditem|p1a: Iron Moth|Heavy-Duty Boots|[from] move: Knock Off|[of] p2a: Clefable
|
|-heal|p2a: Clefable|62/100|[from] item: Leftovers
|upkeep
|turn|4
|
|t:|1743805598
|move|p1a: Iron Moth|Fiery Dance|p2a: Clefable
|-damage|p2a: Clefable|27/100
|-boost|p1a: Iron Moth|spa|1
|move|p2a: Clefable|Moonblast|p1a: Iron Moth
|-resisted|p1a: Iron Moth
|-damage|p1a: Iron Moth|72/100
|
|-heal|p2a: Clefable|33/100|[from] item: Leftovers
|upkeep
|turn|5
|
|t:|1743805602
|move|p1a: Iron Moth|Morning Sun|p1a: Iron Moth
|-heal|p1a: Iron Moth|100/100
|move|p2a: Clefable|Moonblast|p1a: Iron Moth
|-resisted|p1a: Iron Moth
|-damage|p1a: Iron Moth|94/100
|
|-heal|p2a: Clefable|39/100|[from] item: Leftovers
|upkeep
|turn|6
|
|t:|1743805606
|move|p1a: Iron Moth|Sludge Wave|p2a: Clefable
|-supereffective|p2a: Clefable
|-damage|p2a: Clefable|0 fnt
|faint|p2a: Clefable
|
|upkeep
|
|t:|1743805609
|switch|p2a: Zamazenta|Zamazenta|100/100
|-ability|p2a: Zamazenta|Dauntless Shield|boost
|-boost|p2a: Zamazenta|def|1
|turn|7
|
|t:|1743805611
|move|p2a: Zamazenta|Stone Edge|p1a: Iron Moth|[miss]
|-miss|p2a: Zamazenta|p1a: Iron Moth
|move|p1a: Iron Moth|Sludge Wave|p2a: Zamazenta
|-damage|p2a: Zamazenta|18/100
|
|upkeep
|turn|8
|
|t:|1743805615
|-end|p1a: Iron Moth|Quark Drive|[silent]
|switch|p1a: do not spin|Garchomp, M|100/100
|-damage|p1a: do not spin|94/100|[from] Stealth Rock
|move|p2a: Zamazenta|Stone Edge|p1a: do not spin
|-resisted|p1a: do not spin
|-damage|p1a: do not spin|78/100
|
|upkeep
|turn|9
|
|t:|1743805621
|switch|p2a: Gliscor|Gliscor, F|100/100
|move|p1a: do not spin|Endure||[still]
|-fail|p1a: do not spin
|
|-status|p2a: Gliscor|tox|[from] item: Toxic Orb
|upkeep
|turn|10
|
|t:|1743805624
|move|p1a: do not spin|Draco Meteor|p2a: Gliscor
|-damage|p2a: Gliscor|43/100 tox
|-unboost|p1a: do not spin|spa|2
|move|p2a: Gliscor|Spikes|p1a: do not spin
|-sidestart|p1: Xwipe Serious|Spikes
|
|-heal|p2a: Gliscor|56/100 tox|[from] ability: Poison Heal
|upkeep
|turn|11
|
|t:|1743805632
|switch|p1a: Iron Moth|Iron Moth|94/100
|-damage|p1a: Iron Moth|69/100|[from] Stealth Rock
|-damage|p1a: Iron Moth|57/100|[from] Spikes
|move|p2a: Gliscor|Spikes|p1a: Iron Moth
|-sidestart|p1: Xwipe Serious|Spikes
|
|-heal|p2a: Gliscor|68/100 tox|[from] ability: Poison Heal
|upkeep
|turn|12
|
|t:|1743805635
|-terastallize|p1a: Iron Moth|Flying
|move|p2a: Gliscor|Protect|p2a: Gliscor
|-singleturn|p2a: Gliscor|Protect
|move|p1a: Iron Moth|Morning Sun|p1a: Iron Moth
|-heal|p1a: Iron Moth|100/100
|
|-heal|p2a: Gliscor|81/100 tox|[from] ability: Poison Heal
|upkeep
|turn|13
|
|t:|1743805642
|move|p1a: Iron Moth|Fiery Dance|p2a: Gliscor
|-damage|p2a: Gliscor|37/100 tox
|move|p2a: Gliscor|Toxic|p1a: Iron Moth
|-status|p1a: Iron Moth|tox
|
|-damage|p1a: Iron Moth|94/100 tox|[from] psn
|-heal|p2a: Gliscor|50/100 tox|[from] ability: Poison Heal
|upkeep
|turn|14
|
|t:|1743805645
|move|p2a: Gliscor|Protect|p2a: Gliscor
|-singleturn|p2a: Gliscor|Protect
|move|p1a: Iron Moth|Fiery Dance|p2a: Gliscor
|-activate|p2a: Gliscor|move: Protect
|
|-damage|p1a: Iron Moth|82/100 tox|[from] psn
|-heal|p2a: Gliscor|62/100 tox|[from] ability: Poison Heal
|upkeep
|turn|15
|
|t:|1743805659
|switch|p2a: Zamazenta|Zamazenta|18/100
|move|p1a: Iron Moth|Fiery Dance|p2a: Zamazenta
|-damage|p2a: Zamazenta|0 fnt
|faint|p2a: Zamazenta
|
|-damage|p1a: Iron Moth|64/100 tox|[from] psn
|upkeep
|
|t:|1743805662
|switch|p2a: Weavile|Weavile, F|100/100
|-ability|p2a: Weavile|Pressure
|turn|16
|
|t:|1743805667
|move|p2a: Weavile|Triple Axel|p1a: Iron Moth
|-supereffective|p1a: Iron Moth
|-damage|p1a: Iron Moth|37/100 tox
|-supereffective|p1a: Iron Moth
|-damage|p1a: Iron Moth|0 fnt
|faint|p1a: Iron Moth
|-end|p1a: Iron Moth|Quark Drive|[silent]
|-hitcount|p1: Iron Moth|2
|
|upkeep
|
|t:|1743805670
|switch|p1a: Iron Crown|Iron Crown|100/100
|-damage|p1a: Iron Crown|94/100|[from] Stealth Rock
|-damage|p1a: Iron Crown|78/100|[from] Spikes
|turn|17
|
|t:|1743805674
|switch|p2a: Corviknight|Corviknight, F|100/100
|-ability|p2a: Corviknight|Pressure
|move|p1a: Iron Crown|Tachyon Cutter|p2a: Corviknight
|-resisted|p2a: Corviknight
|-damage|p2a: Corviknight|89/100
|-resisted|p2a: Corviknight
|-damage|p2a: Corviknight|77/100
|-hitcount|p2a: Corviknight|2
|
|-heal|p2a: Corviknight|83/100|[from] item: Leftovers
|upkeep
|turn|18
|
|t:|1743805676
|-end|p1a: Iron Crown|Quark Drive|[silent]
|switch|p1a: do not spin|Garchomp, M|78/100
|-damage|p1a: do not spin|72/100|[from] Stealth Rock
|-damage|p1a: do not spin|56/100|[from] Spikes
|move|p2a: Corviknight|U-turn|p1a: do not spin
|-damage|p1a: do not spin|41/100
|-damage|p2a: Corviknight|71/100|[from] ability: Rough Skin|[of] p1a: do not spin
|-damage|p2a: Corviknight|55/100|[from] item: Rocky Helmet|[of] p1a: do not spin
|
|t:|1743805683
|switch|p2a: Weavile|Weavile, F|100/100|[from] U-turn
|-ability|p2a: Weavile|Pressure
|
|upkeep
|turn|19
|
|t:|1743805685
|move|p1a: do not spin|Endure|p1a: do not spin
|-singleturn|p1a: do not spin|move: Endure
|move|p2a: Weavile|Ice Shard|p1a: do not spin
|-supereffective|p1a: do not spin
|-activate|p1a: do not spin|move: Endure
|-damage|p1a: do not spin|1/100
|
|upkeep
|turn|20
|
|t:|1743805690
|move|p2a: Weavile|Ice Shard|p1a: do not spin
|-supereffective|p1a: do not spin
|-damage|p1a: do not spin|0 fnt
|faint|p1a: do not spin
|
|upkeep
|
|t:|1743805693
|switch|p1a: Samurott|Samurott-Hisui, F|100/100
|turn|21
|
|t:|1743805704
|switch|p2a: Corviknight|Corviknight, F|55/100
|-ability|p2a: Corviknight|Pressure
|move|p1a: Samurott|Aqua Cutter|p2a: Corviknight
|-damage|p2a: Corviknight|23/100
|
|-heal|p2a: Corviknight|29/100|[from] item: Leftovers
|upkeep
|turn|22
|
|t:|1743805714
|move|p1a: Samurott|Aqua Cutter|p2a: Corviknight
|-damage|p2a: Corviknight|0 fnt
|faint|p2a: Corviknight
|
|upkeep
|
|t:|1743805716
|switch|p2a: Ogerpon|Ogerpon, F|100/100
|turn|23
|
|t:|1743805721
|switch|p1a: Iron Crown|Iron Crown|78/100
|-damage|p1a: Iron Crown|72/100|[from] Stealth Rock
|-damage|p1a: Iron Crown|55/100|[from] Spikes
|move|p2a: Ogerpon|Ivy Cudgel|p1a: Iron Crown
|-resisted|p1a: Iron Crown
|-damage|p1a: Iron Crown|31/100
|
|upkeep
|turn|24
|
|t:|1743805729
|-terastallize|p2a: Ogerpon|Grass
|detailschange|p2a: Ogerpon|Ogerpon-Teal-Tera, F, tera:Grass
|-ability|p2a: Ogerpon|Embody Aspect (Teal)|boost
|-boost|p2a: Ogerpon|spe|1
|move|p2a: Ogerpon|Knock Off|p1a: Iron Crown
|-supereffective|p1a: Iron Crown
|-damage|p1a: Iron Crown|0 fnt
|-enditem|p1a: Iron Crown|Choice Scarf|[from] move: Knock Off|[of] p2a: Ogerpon
|faint|p1a: Iron Crown
|-end|p1a: Iron Crown|Quark Drive|[silent]
|
|upkeep
|
|t:|1743805738
|switch|p1a: Kababoum|Dragonite, M|100/100
|-damage|p1a: Kababoum|76/100|[from] Stealth Rock
|turn|25
|
|t:|1743805744
|move|p2a: Ogerpon|Knock Off|p1a: Kababoum
|-damage|p1a: Kababoum|42/100
|-enditem|p1a: Kababoum|Choice Band|[from] move: Knock Off|[of] p2a: Ogerpon
|move|p1a: Kababoum|Outrage|p2a: Ogerpon
|-damage|p2a: Ogerpon|12/100
|
|upkeep
|turn|26
|
|t:|1743805750
|move|p2a: Ogerpon|Rock Tomb|p1a: Kababoum
|-supereffective|p1a: Kababoum
|-damage|p1a: Kababoum|0 fnt
|faint|p1a: Kababoum
|
|upkeep
|
|t:|1743805753
|switch|p1a: Samurott|Samurott-Hisui, F|100/100
|turn|27
|
|t:|1743805758
|move|p1a: Samurott|Aqua Jet|p2a: Ogerpon
|-resisted|p2a: Ogerpon
|-damage|p2a: Ogerpon|0 fnt
|faint|p2a: Ogerpon
|
|upkeep
|
|t:|1743805774
|switch|p2a: Weavile|Weavile, F|100/100
|-ability|p2a: Weavile|Pressure
|turn|28
|
|t:|1743805777
|move|p2a: Weavile|Triple Axel|p1a: Samurott
|-resisted|p1a: Samurott
|-damage|p1a: Samurott|95/100
|-resisted|p1a: Samurott
|-crit|p1a: Samurott
|-damage|p1a: Samurott|78/100
|-resisted|p1a: Samurott
|-damage|p1a: Samurott|61/100
|-hitcount|p1a: Samurott|3
|move|p1a: Samurott|Aqua Cutter|p2a: Weavile
|-damage|p2a: Weavile|12/100
|
|upkeep
|turn|29
|
|t:|1743805780
|move|p2a: Weavile|Ice Shard|p1a: Samurott
|-resisted|p1a: Samurott
|-damage|p1a: Samurott|50/100
|move|p1a: Samurott|Aqua Jet|p2a: Weavile
|-damage|p2a: Weavile|0 fnt
|faint|p2a: Weavile
|
|upkeep
|
|t:|1743805781
|switch|p2a: Gliscor|Gliscor, F|62/100 tox
|turn|30
|
|t:|1743805784
|move|p2a: Gliscor|Protect|p2a: Gliscor
|-singleturn|p2a: Gliscor|Protect
|move|p1a: Samurott|Aqua Cutter|p2a: Gliscor
|-activate|p2a: Gliscor|move: Protect
|
|-heal|p2a: Gliscor|75/100 tox|[from] ability: Poison Heal
|upkeep
|turn|31
|
|t:|1743805787
|move|p2a: Gliscor|Earthquake|p1a: Samurott
|-damage|p1a: Samurott|16/100
|move|p1a: Samurott|Aqua Cutter|p2a: Gliscor
|-supereffective|p2a: Gliscor
|-damage|p2a: Gliscor|17/100 tox
|
|-heal|p2a: Gliscor|29/100 tox|[from] ability: Poison Heal
|upkeep
|turn|32
|
|t:|1743805790
|move|p2a: Gliscor|Protect|p2a: Gliscor
|-singleturn|p2a: Gliscor|Protect
|move|p1a: Samurott|Aqua Jet|p2a: Gliscor
|-activate|p2a: Gliscor|move: Protect
|
|-heal|p2a: Gliscor|42/100 tox|[from] ability: Poison Heal
|upkeep
|turn|33
|
|t:|1743805794
|move|p1a: Samurott|Aqua Jet|p2a: Gliscor
|-supereffective|p2a: Gliscor
|-damage|p2a: Gliscor|16/100 tox
|move|p2a: Gliscor|Earthquake|p1a: Samurott
|-crit|p1a: Samurott
|-damage|p1a: Samurott|0 fnt
|faint|p1a: Samurott
|
|-heal|p2a: Gliscor|29/100 tox|[from] ability: Poison Heal
|upkeep
|
|t:|1743805797
|switch|p1a: Armani style|Kingambit, F|100/100
|-damage|p1a: Armani style|94/100|[from] Stealth Rock
|-damage|p1a: Armani style|78/100|[from] Spikes
|-activate|p1a: Armani style|ability: Supreme Overlord
|-start|p1a: Armani style|fallen5|[silent]
|turn|34
|
|t:|1743805800
|move|p2a: Gliscor|Protect|p2a: Gliscor
|-singleturn|p2a: Gliscor|Protect
|move|p1a: Armani style|Kowtow Cleave|p2a: Gliscor
|-activate|p2a: Gliscor|move: Protect
|
|-heal|p2a: Gliscor|41/100 tox|[from] ability: Poison Heal
|upkeep
|turn|35
|
|t:|1743805803
|move|p2a: Gliscor|Protect||[still]
|-fail|p2a: Gliscor
|move|p1a: Armani style|Sucker Punch||[still]
|-fail|p1a: Armani style
|
|-heal|p2a: Gliscor|54/100 tox|[from] ability: Poison Heal
|upkeep
|turn|36
|
|t:|1743805807
|move|p2a: Gliscor|Earthquake|p1a: Armani style
|-supereffective|p1a: Armani style
|-damage|p1a: Armani style|21/100
|move|p1a: Armani style|Kowtow Cleave|p2a: Gliscor
|-damage|p2a: Gliscor|15/100 tox
|
|-heal|p2a: Gliscor|28/100 tox|[from] ability: Poison Heal
|upkeep
|turn|37
|
|t:|1743805810
|move|p2a: Gliscor|Protect|p2a: Gliscor
|-singleturn|p2a: Gliscor|Protect
|move|p1a: Armani style|Kowtow Cleave|p2a: Gliscor
|-activate|p2a: Gliscor|move: Protect
|
|-heal|p2a: Gliscor|40/100 tox|[from] ability: Poison Heal
|upkeep
|turn|38
|
|t:|1743805814
|move|p2a: Gliscor|Earthquake|p1a: Armani style
|-supereffective|p1a: Armani style
|-damage|p1a: Armani style|0 fnt
|faint|p1a: Armani style
|-end|p1a: Armani style|fallen5|[silent]
|
|win|alvar03
|raw|Xwipe Serious's rating: 1797 &rarr; <strong>1781</strong><br />(-16 for losing)
|raw|alvar03's rating: 1862 &rarr; <strong>1878</strong><br />(+16 for winning)
|l|☆Xwipe Serious
|player|p1|
|l|☆alvar03
|player|p2|
