|j|☆Diarreia Mortal
|j|☆CFMathMaster
|t:|1743898109
|gametype|singles
|player|p1|Diarreia Mortal|fisherman-gen4|1179
|player|p2|CFMathMaster|burglar-gen1|1240
|teamsize|p1|6
|teamsize|p2|6
|gen|9
|tier|[Gen 9] OU
|rated|
|rule|HP Percentage Mod: HP is shown in percentages
|rule|Endless Battle Clause: Forcing endless battles is banned
|rule|Species Clause: Limit one of each Pokémon
|rule|OHKO Clause: OHKO moves are banned
|rule|Evasion Items Clause: Evasion items are banned
|rule|Evasion Moves Clause: Evasion moves are banned
|rule|Sleep Moves Clause: Sleep-inducing moves are banned
|clearpoke
|poke|p1|Ditto|
|poke|p1|Ninetales-Alola, F|
|poke|p1|Mew|
|poke|p1|Honchkrow, F|
|poke|p1|Salamence, M|
|poke|p1|Uxie|
|poke|p2|Garchomp, F|
|poke|p2|Slowking-Galar, F|
|poke|p2|Gholdengo|
|poke|p2|Moltres|
|poke|p2|Iron Valiant|
|poke|p2|Kingambit, F|
|teampreview
|
|t:|1743898119
|start
|switch|p1a: Honchkrow|Honchkrow, F|100/100
|switch|p2a: Kingambit|Kingambit, F|100/100
|turn|1
|
|t:|1743898126
|move|p2a: Kingambit|Iron Head|p1a: Honchkrow
|-damage|p1a: Honchkrow|39/100
|move|p1a: Honchkrow|Thunder Wave|p2a: Kingambit
|-status|p2a: Kingambit|par
|
|upkeep
|turn|2
|
|t:|1743898133
|move|p1a: Honchkrow|Sky Attack||[still]
|-prepare|p1a: Honchkrow|Sky Attack
|-enditem|p1a: Honchkrow|Power Herb
|-anim|p1a: Honchkrow|Sky Attack|p2a: Kingambit
|-resisted|p2a: Kingambit
|-damage|p2a: Kingambit|67/100 par
|cant|p2a: Kingambit|par
|
|-heal|p2a: Kingambit|73/100 par|[from] item: Leftovers
|upkeep
|turn|3
|
|t:|1743898144
|move|p1a: Honchkrow|Acrobatics|p2a: Kingambit
|-resisted|p2a: Kingambit
|-damage|p2a: Kingambit|49/100 par
|move|p2a: Kingambit|Iron Head|p1a: Honchkrow
|-damage|p1a: Honchkrow|0 fnt
|faint|p1a: Honchkrow
|
|-heal|p2a: Kingambit|55/100 par|[from] item: Leftovers
|upkeep
|
|t:|1743898156
|switch|p1a: Naruto albino|Ninetales-Alola, F|100/100
|-weather|Snowscape|[from] ability: Snow Warning|[of] p1a: Naruto albino
|turn|4
|
|t:|1743898161
|move|p1a: Naruto albino|Aurora Veil|p1a: Naruto albino
|-sidestart|p1: Diarreia Mortal|move: Aurora Veil
|move|p2a: Kingambit|Iron Head|p1a: Naruto albino
|-supereffective|p1a: Naruto albino
|-damage|p1a: Naruto albino|11/100
|
|-weather|Snowscape|[upkeep]
|-heal|p2a: Kingambit|61/100 par|[from] item: Leftovers
|upkeep
|turn|5
|
|t:|1743898169
|move|p1a: Naruto albino|Moonblast|p2a: Kingambit
|-damage|p2a: Kingambit|21/100 par
|move|p2a: Kingambit|Iron Head|p1a: Naruto albino
|-supereffective|p1a: Naruto albino
|-damage|p1a: Naruto albino|0 fnt
|faint|p1a: Naruto albino
|
|-weather|Snowscape|[upkeep]
|-heal|p2a: Kingambit|27/100 par|[from] item: Leftovers
|upkeep
|
|t:|1743898177
|switch|p1a: Salamence|Salamence, M|100/100
|turn|6
|
|t:|1743898192
|-end|p2a: Kingambit|fallenundefined|[silent]
|switch|p2a: Moltres|Moltres|100/100
|move|p1a: Salamence|Dragon Dance|p1a: Salamence
|-boost|p1a: Salamence|atk|1
|-boost|p1a: Salamence|spe|1
|
|-weather|Snowscape|[upkeep]
|upkeep
|turn|7
|
|t:|1743898208
|move|p1a: Salamence|Dragon Dance|p1a: Salamence
|-boost|p1a: Salamence|atk|1
|-boost|p1a: Salamence|spe|1
|move|p2a: Moltres|Roar|p1a: Salamence
|drag|p1a: Uxie|Uxie|100/100
|
|-weather|Snowscape|[upkeep]
|upkeep
|turn|8
|
|t:|1743898218
|move|p1a: Uxie|Thunder Wave|p2a: Moltres
|-status|p2a: Moltres|par
|cant|p2a: Moltres|par
|
|-weather|none
|upkeep
|turn|9
|
|t:|1743898227
|switch|p1a: Salamence|Salamence, M|100/100
|move|p2a: Moltres|U-turn|p1a: Salamence
|-resisted|p1a: Salamence
|-damage|p1a: Salamence|96/100
|
|t:|1743898236
|switch|p2a: Garchomp|Garchomp, F|100/100|[from] U-turn
|
|upkeep
|turn|10
|
|t:|1743898241
|move|p1a: Salamence|Dragon Claw|p2a: Garchomp
|-supereffective|p2a: Garchomp
|-damage|p2a: Garchomp|40/100
|-damage|p1a: Salamence|84/100|[from] ability: Rough Skin|[of] p2a: Garchomp
|-damage|p1a: Salamence|67/100|[from] item: Rocky Helmet|[of] p2a: Garchomp
|move|p2a: Garchomp|Dragon Tail|p1a: Salamence
|-supereffective|p1a: Salamence
|-damage|p1a: Salamence|37/100
|-enditem|p1a: Salamence|Weakness Policy
|-boost|p1a: Salamence|atk|2|[from] item: Weakness Policy
|-boost|p1a: Salamence|spa|2|[from] item: Weakness Policy
|drag|p1a: Uxie|Uxie|100/100
|
|upkeep
|turn|11
|
|t:|1743898255
|switch|p1a: Salamence|Salamence, M|37/100
|move|p2a: Garchomp|Stealth Rock|p1a: Salamence
|-sidestart|p1: Diarreia Mortal|move: Stealth Rock
|
|-sideend|p1: Diarreia Mortal|move: Aurora Veil
|upkeep
|turn|12
|
|t:|1743898266
|move|p1a: Salamence|Dragon Claw|p2a: Garchomp
|-supereffective|p2a: Garchomp
|-damage|p2a: Garchomp|0 fnt
|-damage|p1a: Salamence|24/100|[from] ability: Rough Skin|[of] p2a: Garchomp
|-damage|p1a: Salamence|8/100|[from] item: Rocky Helmet|[of] p2a: Garchomp
|faint|p2a: Garchomp
|-ability|p1a: Salamence|Moxie|boost
|-boost|p1a: Salamence|atk|1
|
|upkeep
|
|t:|1743898277
|switch|p2a: Iron Valiant|Iron Valiant|100/100
|turn|13
|
|t:|1743898282
|move|p2a: Iron Valiant|Moonblast|p1a: Salamence
|-supereffective|p1a: Salamence
|-damage|p1a: Salamence|0 fnt
|faint|p1a: Salamence
|
|upkeep
|
|t:|1743898289
|switch|p1a: Uxie|Uxie|100/100
|-damage|p1a: Uxie|88/100|[from] Stealth Rock
|turn|14
|
|t:|1743898294
|move|p2a: Iron Valiant|Knock Off|p1a: Uxie
|-supereffective|p1a: Uxie
|-damage|p1a: Uxie|37/100
|-enditem|p1a: Uxie|Light Clay|[from] move: Knock Off|[of] p2a: Iron Valiant
|move|p1a: Uxie|Thunder Wave|p2a: Iron Valiant
|-status|p2a: Iron Valiant|par
|
|upkeep
|turn|15
|
|t:|1743898303
|move|p1a: Uxie|Reflect|p1a: Uxie
|-sidestart|p1: Diarreia Mortal|Reflect
|move|p2a: Iron Valiant|Encore|p1a: Uxie
|-start|p1a: Uxie|Encore
|
|upkeep
|turn|16
|
|t:|1743898313
|switch|p1a: Xerox|Ditto|100/100
|-damage|p1a: Xerox|88/100|[from] Stealth Rock
|-transform|p1a: Xerox|p2a: Iron Valiant|[from] ability: Imposter
|move|p2a: Iron Valiant|Knock Off|p1a: Xerox
|-resisted|p1a: Xerox
|-damage|p1a: Xerox|83/100
|-enditem|p1a: Xerox|Choice Scarf|[from] move: Knock Off|[of] p2a: Iron Valiant
|
|upkeep
|turn|17
|
|t:|1743898325
|-end|p2a: Iron Valiant|Quark Drive|[silent]
|switch|p2a: Moltres|Moltres|100/100 par
|move|p1a: Xerox|Moonblast|p2a: Moltres
|-resisted|p2a: Moltres
|-damage|p2a: Moltres|87/100 par
|
|upkeep
|turn|18
|
|t:|1743898335
|move|p1a: Xerox|Knock Off|p2a: Moltres
|-damage|p2a: Moltres|55/100 par
|-enditem|p2a: Moltres|Heavy-Duty Boots|[from] move: Knock Off|[of] p1a: Xerox
|cant|p2a: Moltres|par
|
|upkeep
|turn|19
|
|t:|1743898342
|-end|p1a: Xerox|Quark Drive|[silent]
|switch|p1a: Uxie|Uxie|37/100
|-damage|p1a: Uxie|24/100|[from] Stealth Rock
|move|p2a: Moltres|Roost|p2a: Moltres
|-heal|p2a: Moltres|100/100 par
|-singleturn|p2a: Moltres|move: Roost
|
|-sideend|p1: Diarreia Mortal|Reflect
|upkeep
|turn|20
|
|t:|1743898353
|move|p1a: Uxie|Reflect|p1a: Uxie
|-sidestart|p1: Diarreia Mortal|Reflect
|move|p2a: Moltres|U-turn|p1a: Uxie
|-supereffective|p1a: Uxie
|-damage|p1a: Uxie|12/100
|
|t:|1743898364
|switch|p2a: Gholdengo|Gholdengo|100/100|[from] U-turn
|
|upkeep
|turn|21
|
|t:|1743898369
|move|p1a: Uxie|Light Screen|p1a: Uxie
|-sidestart|p1: Diarreia Mortal|move: Light Screen
|move|p2a: Gholdengo|Hex|p1a: Uxie
|-supereffective|p1a: Uxie
|-damage|p1a: Uxie|0 fnt
|faint|p1a: Uxie
|
|upkeep
|
|t:|1743898380
|switch|p1a: Feto|Mew|100/100
|-damage|p1a: Feto|88/100|[from] Stealth Rock
|turn|22
|
|t:|1743898385
|move|p1a: Feto|Dragon Dance|p1a: Feto
|-boost|p1a: Feto|atk|1
|-boost|p1a: Feto|spe|1
|move|p2a: Gholdengo|Thunder Wave|p1a: Feto
|-status|p1a: Feto|par
|-activate|p1a: Feto|ability: Synchronize
|-status|p2a: Gholdengo|par
|
|upkeep
|turn|23
|c|☆CFMathMaster|Mn
|c|☆CFMathMaster|Hoje tô encontrando muita galera com time bizarro
|
|t:|1743898416
|cant|p1a: Feto|par
|cant|p2a: Gholdengo|par
|
|upkeep
|turn|24
|c|☆Diarreia Mortal|diarreia
|c|☆CFMathMaster|Tipo isso
|
|t:|1743898428
|cant|p1a: Feto|par
|move|p2a: Gholdengo|Hex|p1a: Feto
|-supereffective|p1a: Feto
|-damage|p1a: Feto|28/100 par
|-enditem|p1a: Feto|Weakness Policy
|-boost|p1a: Feto|atk|2|[from] item: Weakness Policy
|-boost|p1a: Feto|spa|2|[from] item: Weakness Policy
|
|-sideend|p1: Diarreia Mortal|Reflect
|upkeep
|turn|25
|c|☆Diarreia Mortal|kkkkkk
|
|t:|1743898437
|move|p1a: Feto|Earthquake|p2a: Gholdengo
|-supereffective|p2a: Gholdengo
|-damage|p2a: Gholdengo|0 fnt
|faint|p2a: Gholdengo
|
|-sideend|p1: Diarreia Mortal|move: Light Screen
|upkeep
|
|t:|1743898468
|switch|p2a: Kingambit|Kingambit, F|27/100 par
|-activate|p2a: Kingambit|ability: Supreme Overlord
|-start|p2a: Kingambit|fallen2|[silent]
|turn|26
|
|t:|1743898475
|-terastallize|p1a: Feto|Fighting
|move|p2a: Kingambit|Sucker Punch|p1a: Feto
|-resisted|p1a: Feto
|-damage|p1a: Feto|5/100 par
|move|p1a: Feto|Drain Punch|p2a: Kingambit
|-supereffective|p2a: Kingambit
|-damage|p2a: Kingambit|0 fnt
|-heal|p1a: Feto|18/100 par|[from] drain|[of] p2a: Kingambit
|faint|p2a: Kingambit
|-end|p2a: Kingambit|fallen2|[silent]
|
|upkeep
|
|t:|1743898486
|switch|p2a: Moltres|Moltres|100/100 par
|turn|27
|
|t:|1743898491
|cant|p1a: Feto|par
|move|p2a: Moltres|Flamethrower|p1a: Feto
|-damage|p1a: Feto|0 fnt
|faint|p1a: Feto
|
|upkeep
|-message|Diarreia Mortal forfeited.
|
|win|CFMathMaster
|raw|Diarreia Mortal's rating: 1179 &rarr; <strong>1158</strong><br />(-21 for losing)
|raw|CFMathMaster's rating: 1240 &rarr; <strong>1261</strong><br />(+21 for winning)
|l|☆Diarreia Mortal
|player|p1|
|l|☆CFMathMaster
|player|p2|
