|j|☆dikuccv
|j|☆1WunnaGunna
|t:|1743825784
|gametype|singles
|player|p1|dikuccv|2|1070
|player|p2|1WunnaGunna|unknown|1111
|teamsize|p1|6
|teamsize|p2|6
|gen|9
|tier|[Gen 9] OU
|rated|
|rule|HP Percentage Mod: HP is shown in percentages
|rule|Endless Battle Clause: Forcing endless battles is banned
|rule|Species Clause: Limit one of each Pokémon
|rule|OHKO Clause: OHKO moves are banned
|rule|Evasion Items Clause: Evasion items are banned
|rule|Evasion Moves Clause: Evasion moves are banned
|rule|Sleep Moves Clause: Sleep-inducing moves are banned
|clearpoke
|poke|p1|Iron Crown|
|poke|p1|Iron Hands|
|poke|p1|Great Tusk|
|poke|p1|Glimmora, M|
|poke|p1|Arcanine-Hisui, F|
|poke|p1|Jirachi|
|poke|p2|Decidueye-Hisui, M|
|poke|p2|Heatran, M|
|poke|p2|Ceruledge, M|
|poke|p2|Hydreigon, M|
|poke|p2|Espeon, F|
|poke|p2|Iron Moth|
|teampreview
|inactive|Battle timer is ON: inactive players will automatically lose when time's up. (requested by 1WunnaGunna)
|
|t:|1743825806
|start
|switch|p1a: ZachuVGC|Iron Hands|100/100
|switch|p2a: Uzi|Espeon, F, shiny|100/100
|turn|1
|inactive|dikuccv has 120 seconds left.
|
|t:|1743825844
|-terastallize|p1a: ZachuVGC|Steel
|move|p2a: Uzi|Psyshock|p1a: ZachuVGC
|-resisted|p1a: ZachuVGC
|-damage|p1a: ZachuVGC|89/100
|move|p1a: ZachuVGC|Swords Dance|p1a: ZachuVGC
|-boost|p1a: ZachuVGC|atk|2
|
|-heal|p1a: ZachuVGC|95/100|[from] item: Leftovers
|upkeep
|turn|2
|inactive|dikuccv has 120 seconds left.
|
|t:|1743825860
|switch|p2a: Vulcan|Heatran, M|100/100
|move|p1a: ZachuVGC|Thunder Punch|p2a: Vulcan
|-damage|p2a: Vulcan|51/100
|-status|p1a: ZachuVGC|brn|[from] ability: Flame Body|[of] p2a: Vulcan
|
|-heal|p2a: Vulcan|57/100|[from] item: Leftovers
|-heal|p1a: ZachuVGC|100/100 brn|[from] item: Leftovers
|-damage|p1a: ZachuVGC|94/100 brn|[from] brn
|upkeep
|turn|3
|inactive|dikuccv has 120 seconds left.
|
|t:|1743825878
|move|p2a: Vulcan|Protect|p2a: Vulcan
|-singleturn|p2a: Vulcan|Protect
|move|p1a: ZachuVGC|Drain Punch|p2a: Vulcan
|-activate|p2a: Vulcan|move: Protect
|
|-heal|p2a: Vulcan|63/100|[from] item: Leftovers
|-heal|p1a: ZachuVGC|100/100 brn|[from] item: Leftovers
|-damage|p1a: ZachuVGC|94/100 brn|[from] brn
|upkeep
|turn|4
|
|t:|1743825891
|switch|p2a: Benimaru|Ceruledge, M, shiny|100/100
|move|p1a: ZachuVGC|Drain Punch|p2a: Benimaru
|-immune|p2a: Benimaru
|
|-heal|p1a: ZachuVGC|100/100 brn|[from] item: Leftovers
|-damage|p1a: ZachuVGC|94/100 brn|[from] brn
|upkeep
|turn|5
|inactive|dikuccv has 120 seconds left.
|
|t:|1743825910
|move|p2a: Benimaru|Bitter Blade|p1a: ZachuVGC
|-supereffective|p1a: ZachuVGC
|-damage|p1a: ZachuVGC|38/100 brn
|move|p1a: ZachuVGC|Thunder Punch|p2a: Benimaru
|-damage|p2a: Benimaru|49/100
|-ability|p2a: Benimaru|Weak Armor|boost
|-unboost|p2a: Benimaru|def|1
|-boost|p2a: Benimaru|spe|2
|
|-heal|p1a: ZachuVGC|44/100 brn|[from] item: Leftovers
|-damage|p1a: ZachuVGC|38/100 brn|[from] brn
|upkeep
|turn|6
|
|t:|1743825926
|move|p2a: Benimaru|Bitter Blade|p1a: ZachuVGC
|-supereffective|p1a: ZachuVGC
|-damage|p1a: ZachuVGC|0 fnt
|-heal|p2a: Benimaru|82/100|[from] drain|[of] p1a: ZachuVGC
|faint|p1a: ZachuVGC
|-end|p1a: ZachuVGC|Quark Drive|[silent]
|
|upkeep
|inactive|dikuccv has 120 seconds left.
|
|t:|1743825937
|switch|p1a: Arcanine|Arcanine-Hisui, F|100/100
|turn|7
|
|t:|1743825965
|switch|p2a: Vulcan|Heatran, M|63/100
|move|p1a: Arcanine|Head Smash|p2a: Vulcan
|-damage|p2a: Vulcan|0 fnt
|faint|p2a: Vulcan
|-damage|p1a: Arcanine|91/100|[from] item: Life Orb
|
|upkeep
|inactive|1WunnaGunna has 120 seconds left.
|
|t:|1743825998
|switch|p2a: Veldanava|Hydreigon, M|100/100
|turn|8
|
|t:|1743826015
|-terastallize|p2a: Veldanava|Steel
|move|p2a: Veldanava|Dragon Dance|p2a: Veldanava
|-boost|p2a: Veldanava|atk|1
|-boost|p2a: Veldanava|spe|1
|move|p1a: Arcanine|Head Smash|p2a: Veldanava
|-resisted|p2a: Veldanava
|-damage|p2a: Veldanava|47/100
|-damage|p1a: Arcanine|81/100|[from] item: Life Orb
|
|upkeep
|turn|9
|
|t:|1743826019
|move|p2a: Veldanava|Earthquake|p1a: Arcanine
|-supereffective|p1a: Arcanine
|-damage|p1a: Arcanine|0 fnt
|faint|p1a: Arcanine
|
|upkeep
|
|t:|1743826023
|switch|p1a: Great Tusk|Great Tusk|100/100
|-enditem|p1a: Great Tusk|Booster Energy
|-activate|p1a: Great Tusk|ability: Protosynthesis|[fromitem]
|-start|p1a: Great Tusk|protosynthesisspe
|turn|10
|inactive|1WunnaGunna has 120 seconds left.
|
|t:|1743826043
|-end|p1a: Great Tusk|Protosynthesis|[silent]
|switch|p1a: Jirachi|Jirachi|100/100
|-item|p1a: Jirachi|Air Balloon
|move|p2a: Veldanava|Scale Shot|p1a: Jirachi
|-resisted|p1a: Jirachi
|-damage|p1a: Jirachi|91/100
|-enditem|p1a: Jirachi|Air Balloon
|-resisted|p1a: Jirachi
|-damage|p1a: Jirachi|83/100
|-resisted|p1a: Jirachi
|-damage|p1a: Jirachi|75/100
|-resisted|p1a: Jirachi
|-damage|p1a: Jirachi|66/100
|-resisted|p1a: Jirachi
|-crit|p1a: Jirachi
|-damage|p1a: Jirachi|53/100
|-hitcount|p1a: Jirachi|5
|-unboost|p2a: Veldanava|def|1
|-boost|p2a: Veldanava|spe|1
|
|upkeep
|turn|11
|inactive|dikuccv has 120 seconds left.
|
|t:|1743826068
|move|p2a: Veldanava|Earthquake|p1a: Jirachi
|-supereffective|p1a: Jirachi
|-damage|p1a: Jirachi|0 fnt
|faint|p1a: Jirachi
|
|upkeep
|inactive|dikuccv has 120 seconds left.
|-message|dikuccv forfeited.
|
|win|1WunnaGunna
|raw|dikuccv's rating: 1050 &rarr; <strong>1036</strong><br />(-14 for losing)
|raw|1WunnaGunna's rating: 1111 &rarr; <strong>1132</strong><br />(+21 for winning)
|l|☆dikuccv
|player|p1|
|l|☆1WunnaGunna
|player|p2|
