|j|☆NickyTheNick
|j|☆kvm9000
|t:|1743913512
|gametype|singles
|player|p1|NickyTheNick|lass|1174
|player|p2|kvm9000|266|1142
|teamsize|p1|6
|teamsize|p2|6
|gen|9
|tier|[Gen 9] OU
|rated|
|rule|HP Percentage Mod: HP is shown in percentages
|rule|Endless Battle Clause: Forcing endless battles is banned
|rule|Species Clause: Limit one of each Pokémon
|rule|OHKO Clause: OHKO moves are banned
|rule|Evasion Items Clause: Evasion items are banned
|rule|Evasion Moves Clause: Evasion moves are banned
|rule|Sleep Moves Clause: Sleep-inducing moves are banned
|clearpoke
|poke|p1|Gliscor, M|
|poke|p1|Moltres-Galar|
|poke|p1|Maushold-Four|
|poke|p1|Clefable, M|
|poke|p1|Ceruledge, F|
|poke|p1|Deoxys-Speed|
|poke|p2|Staraptor, M|
|poke|p2|Feraligatr, F|
|poke|p2|Thundurus, M|
|poke|p2|Forretress, M|
|poke|p2|Wartortle, M|
|poke|p2|Frosmoth, M|
|teampreview
|inactive|Battle timer is ON: inactive players will automatically lose when time's up. (requested by kvm9000)
|
|t:|1743913524
|start
|switch|p1a: orbulon|Deoxys-Speed|100/100
|switch|p2a: Frosmoth|Frosmoth, M|100/100
|-ability|p1a: orbulon|Pressure
|turn|1
|
|t:|1743913530
|move|p1a: orbulon|Thunder Wave|p2a: Frosmoth
|-status|p2a: Frosmoth|par
|cant|p2a: Frosmoth|par
|
|upkeep
|turn|2
|
|t:|1743913545
|move|p1a: orbulon|Taunt|p2a: Frosmoth
|-start|p2a: Frosmoth|move: Taunt
|cant|p2a: Frosmoth|par
|
|upkeep
|turn|3
|
|t:|1743913553
|switch|p1a: eu e voce|Maushold-Four|100/100
|move|p2a: Frosmoth|Infestation|p1a: eu e voce
|-damage|p1a: eu e voce|83/100
|-activate|p1a: eu e voce|move: Infestation|[of] p2a: Frosmoth
|
|-damage|p1a: eu e voce|70/100|[from] move: Infestation|[partiallytrapped]
|upkeep
|turn|4
|
|t:|1743913559
|move|p1a: eu e voce|Tidy Up|p1a: eu e voce
|-boost|p1a: eu e voce|atk|1
|-boost|p1a: eu e voce|spe|1
|cant|p2a: Frosmoth|par
|
|-damage|p1a: eu e voce|58/100|[from] move: Infestation|[partiallytrapped]
|-end|p2a: Frosmoth|move: Taunt
|upkeep
|turn|5
|
|t:|1743913567
|move|p1a: eu e voce|Population Bomb|p2a: Frosmoth
|-damage|p2a: Frosmoth|71/100 par
|-damage|p2a: Frosmoth|40/100 par
|-damage|p2a: Frosmoth|11/100 par
|-damage|p2a: Frosmoth|0 fnt
|faint|p2a: Frosmoth
|-hitcount|p2: Frosmoth|4
|
|-end|p1a: eu e voce|Infestation|[partiallytrapped]|[silent]
|upkeep
|
|t:|1743913573
|switch|p2a: Forretress|Forretress, M|100/100
|turn|6
|
|t:|1743913595
|move|p1a: eu e voce|Population Bomb|p2a: Forretress
|-resisted|p2a: Forretress
|-damage|p2a: Forretress|96/100
|-resisted|p2a: Forretress
|-damage|p2a: Forretress|91/100
|-resisted|p2a: Forretress
|-damage|p2a: Forretress|87/100
|-resisted|p2a: Forretress
|-damage|p2a: Forretress|83/100
|-resisted|p2a: Forretress
|-damage|p2a: Forretress|78/100
|-resisted|p2a: Forretress
|-damage|p2a: Forretress|73/100
|-resisted|p2a: Forretress
|-damage|p2a: Forretress|69/100
|-resisted|p2a: Forretress
|-crit|p2a: Forretress
|-damage|p2a: Forretress|63/100
|-resisted|p2a: Forretress
|-damage|p2a: Forretress|58/100
|-resisted|p2a: Forretress
|-crit|p2a: Forretress
|-damage|p2a: Forretress|51/100
|-hitcount|p2a: Forretress|10
|move|p2a: Forretress|Stealth Rock|p1a: eu e voce
|-sidestart|p1: NickyTheNick|move: Stealth Rock
|
|-heal|p2a: Forretress|57/100|[from] item: Leftovers
|upkeep
|turn|7
|
|t:|1743913619
|move|p1a: eu e voce|Tidy Up|p1a: eu e voce
|-sideend|p1: NickyTheNick|Stealth Rock
|-activate|p1a: eu e voce|move: Tidy Up
|-boost|p1a: eu e voce|atk|1
|-boost|p1a: eu e voce|spe|1
|move|p2a: Forretress|Volt Switch|p1a: eu e voce
|-damage|p1a: eu e voce|42/100
|
|t:|1743913623
|switch|p2a: Thundurus|Thundurus, M|100/100|[from] Volt Switch
|
|upkeep
|turn|8
|
|t:|1743913628
|move|p2a: Thundurus|Thunder Wave|p1a: eu e voce
|-status|p1a: eu e voce|par
|move|p1a: eu e voce|Population Bomb|p2a: Thundurus
|-damage|p2a: Thundurus|70/100
|-damage|p2a: Thundurus|44/100
|-damage|p2a: Thundurus|17/100
|-damage|p2a: Thundurus|0 fnt
|faint|p2a: Thundurus
|-hitcount|p2: Thundurus|4
|
|upkeep
|
|t:|1743913632
|switch|p2a: Feraligatr|Feraligatr, F|100/100
|turn|9
|
|t:|1743913636
|move|p1a: eu e voce|Population Bomb|p2a: Feraligatr
|-damage|p2a: Feraligatr|74/100
|-damage|p2a: Feraligatr|50/100
|-damage|p2a: Feraligatr|28/100
|-damage|p2a: Feraligatr|3/100
|-damage|p2a: Feraligatr|0 fnt
|faint|p2a: Feraligatr
|-hitcount|p2: Feraligatr|5
|
|upkeep
|-message|kvm9000 forfeited.
|
|win|NickyTheNick
|raw|NickyTheNick's rating: 1174 &rarr; <strong>1197</strong><br />(+23 for winning)
|raw|kvm9000's rating: 1142 &rarr; <strong>1119</strong><br />(-23 for losing)
|l|☆kvm9000
|player|p2|
|l|☆NickyTheNick
|player|p1|
