|j|☆H85le4
|j|☆pungpungsy
|t:|1743878737
|gametype|singles
|player|p1|H85le4|swimmer-gen4dp|1104
|player|p2|pungpungsy|preschooler|1149
|teamsize|p1|6
|teamsize|p2|6
|gen|9
|tier|[Gen 9] OU
|rated|
|rule|HP Percentage Mod: HP is shown in percentages
|rule|Endless Battle Clause: Forcing endless battles is banned
|rule|Species Clause: Limit one of each Pokémon
|rule|OHKO Clause: OHKO moves are banned
|rule|Evasion Items Clause: Evasion items are banned
|rule|Evasion Moves Clause: Evasion moves are banned
|rule|Sleep Moves Clause: Sleep-inducing moves are banned
|clearpoke
|poke|p1|Infernape, M|
|poke|p1|Morgrem, M|
|poke|p1|Dondozo, F|
|poke|p1|Iron Treads|
|poke|p1|Sinistcha|
|poke|p1|Clefable, F|
|poke|p2|Kommo-o, F|
|poke|p2|Weavile, M|
|poke|p2|Pecharunt|
|poke|p2|Kingambit, F|
|poke|p2|Iron Crown|
|poke|p2|Primarina, F|
|teampreview
|inactive|Battle timer is ON: inactive players will automatically lose when time's up. (requested by H85le4)
|
|t:|1743878762
|start
|switch|p1a: Iron Treads|Iron Treads, shiny|100/100
|switch|p2a: Kommo-o|Kommo-o, F|100/100
|turn|1
|
|t:|1743878769
|-end|p1a: Iron Treads|Quark Drive|[silent]
|switch|p1a: Morgrem|Morgrem, M|100/100
|move|p2a: Kommo-o|Clangorous Soul|p2a: Kommo-o
|-boost|p2a: Kommo-o|atk|1
|-boost|p2a: Kommo-o|def|1
|-boost|p2a: Kommo-o|spa|1
|-boost|p2a: Kommo-o|spd|1
|-boost|p2a: Kommo-o|spe|1
|-damage|p2a: Kommo-o|68/100
|
|-heal|p2a: Kommo-o|74/100|[from] item: Leftovers
|upkeep
|turn|2
|
|t:|1743878780
|move|p1a: Morgrem|Thunder Wave|p2a: Kommo-o
|-status|p2a: Kommo-o|par
|move|p2a: Kommo-o|Drain Punch|p1a: Morgrem
|-damage|p1a: Morgrem|45/100
|-heal|p2a: Kommo-o|99/100 par|[from] drain|[of] p1a: Morgrem
|
|-heal|p2a: Kommo-o|100/100 par|[from] item: Leftovers
|upkeep
|turn|3
|
|t:|1743878790
|move|p1a: Morgrem|Reflect|p1a: Morgrem
|-sidestart|p1: H85le4|Reflect
|move|p2a: Kommo-o|Clangorous Soul|p2a: Kommo-o
|-boost|p2a: Kommo-o|atk|1
|-boost|p2a: Kommo-o|def|1
|-boost|p2a: Kommo-o|spa|1
|-boost|p2a: Kommo-o|spd|1
|-boost|p2a: Kommo-o|spe|1
|-damage|p2a: Kommo-o|68/100 par
|
|-heal|p2a: Kommo-o|74/100 par|[from] item: Leftovers
|upkeep
|turn|4
|
|t:|1743878800
|move|p2a: Kommo-o|Drain Punch|p1a: Morgrem
|-crit|p1a: Morgrem
|-damage|p1a: Morgrem|0 fnt
|-heal|p2a: Kommo-o|95/100 par|[from] drain|[of] p1a: Morgrem
|faint|p1a: Morgrem
|
|-heal|p2a: Kommo-o|100/100 par|[from] item: Leftovers
|upkeep
|
|t:|1743878809
|switch|p1a: Sinistcha|Sinistcha|100/100
|turn|5
|
|t:|1743878817
|move|p2a: Kommo-o|Shadow Claw|p1a: Sinistcha
|-supereffective|p1a: Sinistcha
|-damage|p1a: Sinistcha|70/100
|move|p1a: Sinistcha|Calm Mind|p1a: Sinistcha
|-boost|p1a: Sinistcha|spa|1
|-boost|p1a: Sinistcha|spd|1
|
|-heal|p1a: Sinistcha|77/100|[from] item: Leftovers
|upkeep
|turn|6
|
|t:|1743878827
|move|p2a: Kommo-o|Clangorous Soul|p2a: Kommo-o
|-boost|p2a: Kommo-o|atk|1
|-boost|p2a: Kommo-o|def|1
|-boost|p2a: Kommo-o|spa|1
|-boost|p2a: Kommo-o|spd|1
|-boost|p2a: Kommo-o|spe|1
|-damage|p2a: Kommo-o|68/100 par
|move|p1a: Sinistcha|Strength Sap|p2a: Kommo-o
|-unboost|p2a: Kommo-o|atk|1
|-heal|p1a: Sinistcha|100/100
|
|-heal|p2a: Kommo-o|74/100 par|[from] item: Leftovers
|upkeep
|turn|7
|
|t:|1743878840
|move|p2a: Kommo-o|Shadow Claw|p1a: Sinistcha
|-supereffective|p1a: Sinistcha
|-damage|p1a: Sinistcha|69/100
|move|p1a: Sinistcha|Hex|p2a: Kommo-o
|-damage|p2a: Kommo-o|41/100 par
|
|-heal|p2a: Kommo-o|47/100 par|[from] item: Leftovers
|-heal|p1a: Sinistcha|75/100|[from] item: Leftovers
|-sideend|p1: H85le4|Reflect
|upkeep
|turn|8
|
|t:|1743878852
|move|p2a: Kommo-o|Shadow Claw|p1a: Sinistcha
|-supereffective|p1a: Sinistcha
|-damage|p1a: Sinistcha|5/100
|move|p1a: Sinistcha|Hex|p2a: Kommo-o
|-damage|p2a: Kommo-o|14/100 par
|
|-heal|p2a: Kommo-o|20/100 par|[from] item: Leftovers
|-heal|p1a: Sinistcha|12/100|[from] item: Leftovers
|upkeep
|turn|9
|
|t:|1743878862
|cant|p2a: Kommo-o|par
|move|p1a: Sinistcha|Hex|p2a: Kommo-o
|-damage|p2a: Kommo-o|0 fnt
|faint|p2a: Kommo-o
|
|-heal|p1a: Sinistcha|18/100|[from] item: Leftovers
|upkeep
|
|t:|1743878869
|switch|p2a: Weavile|Weavile, M|100/100
|-ability|p2a: Weavile|Pressure
|turn|10
|
|t:|1743878878
|move|p2a: Weavile|Knock Off|p1a: Sinistcha
|-supereffective|p1a: Sinistcha
|-damage|p1a: Sinistcha|0 fnt
|-enditem|p1a: Sinistcha|Leftovers|[from] move: Knock Off|[of] p2a: Weavile
|faint|p1a: Sinistcha
|-damage|p2a: Weavile|91/100|[from] item: Life Orb
|
|upkeep
|
|t:|1743878888
|switch|p1a: Clefable|Clefable, F|100/100
|turn|11
|
|t:|1743878892
|switch|p2a: Pecharunt|Pecharunt|100/100
|move|p1a: Clefable|Cosmic Power|p1a: Clefable
|-boost|p1a: Clefable|def|1
|-boost|p1a: Clefable|spd|1
|
|upkeep
|turn|12
|
|t:|1743878899
|switch|p1a: Iron Treads|Iron Treads, shiny|100/100
|move|p2a: Pecharunt|Nasty Plot|p2a: Pecharunt
|-boost|p2a: Pecharunt|spa|2
|
|upkeep
|turn|13
|
|t:|1743878906
|move|p1a: Iron Treads|Earthquake|p2a: Pecharunt
|-supereffective|p2a: Pecharunt
|-damage|p2a: Pecharunt|55/100
|move|p2a: Pecharunt|Shadow Ball|p1a: Iron Treads
|-damage|p1a: Iron Treads|56/100
|
|-heal|p2a: Pecharunt|61/100|[from] item: Black Sludge
|upkeep
|turn|14
|
|t:|1743878916
|move|p1a: Iron Treads|Earthquake|p2a: Pecharunt
|-supereffective|p2a: Pecharunt
|-damage|p2a: Pecharunt|10/100
|move|p2a: Pecharunt|Recover|p2a: Pecharunt
|-heal|p2a: Pecharunt|60/100
|
|-heal|p2a: Pecharunt|66/100|[from] item: Black Sludge
|upkeep
|turn|15
|
|t:|1743878939
|switch|p2a: Weavile|Weavile, M|91/100
|-ability|p2a: Weavile|Pressure
|move|p1a: Iron Treads|Earthquake|p2a: Weavile
|-damage|p2a: Weavile|10/100
|
|upkeep
|turn|16
|
|t:|1743878948
|move|p2a: Weavile|Fake Out|p1a: Iron Treads
|-resisted|p1a: Iron Treads
|-damage|p1a: Iron Treads|50/100
|-damage|p2a: Weavile|0 fnt|[from] item: Life Orb
|faint|p2a: Weavile
|cant|p1a: Iron Treads|flinch
|
|upkeep
|
|t:|1743878967
|switch|p2a: Primarina|Primarina, F|100/100
|turn|17
|
|t:|1743878971
|move|p1a: Iron Treads|Heavy Slam|p2a: Primarina
|-damage|p2a: Primarina|31/100
|move|p2a: Primarina|Hyper Voice|p1a: Iron Treads
|-supereffective|p1a: Iron Treads
|-damage|p1a: Iron Treads|0 fnt
|faint|p1a: Iron Treads
|-end|p1a: Iron Treads|Quark Drive|[silent]
|
|-heal|p2a: Primarina|37/100|[from] item: Leftovers
|upkeep
|
|t:|1743878982
|switch|p1a: Clefable|Clefable, F|100/100
|turn|18
|
|t:|1743878990
|switch|p2a: Pecharunt|Pecharunt|66/100
|move|p1a: Clefable|Cosmic Power|p1a: Clefable
|-boost|p1a: Clefable|def|1
|-boost|p1a: Clefable|spd|1
|
|-heal|p2a: Pecharunt|72/100|[from] item: Black Sludge
|upkeep
|turn|19
|
|t:|1743878999
|move|p2a: Pecharunt|Nasty Plot|p2a: Pecharunt
|-boost|p2a: Pecharunt|spa|2
|move|p1a: Clefable|Cosmic Power|p1a: Clefable
|-boost|p1a: Clefable|def|1
|-boost|p1a: Clefable|spd|1
|
|-heal|p2a: Pecharunt|78/100|[from] item: Black Sludge
|upkeep
|turn|20
|
|t:|1743879008
|move|p2a: Pecharunt|Malignant Chain|p1a: Clefable
|-supereffective|p1a: Clefable
|-damage|p1a: Clefable|40/100
|-status|p1a: Clefable|tox
|-start|p1a: Clefable|confusion|[from] ability: Poison Puppeteer|[of] p2a: Pecharunt
|-activate|p1a: Clefable|confusion
|move|p1a: Clefable|Stored Power|p2a: Pecharunt
|-supereffective|p2a: Pecharunt
|-damage|p2a: Pecharunt|0 fnt
|faint|p2a: Pecharunt
|
|upkeep
|
|t:|1743879021
|switch|p2a: Primarina|Primarina, F|37/100
|turn|21
|
|t:|1743879051
|move|p2a: Primarina|Hyper Voice|p1a: Clefable
|-damage|p1a: Clefable|22/100 tox
|-activate|p1a: Clefable|confusion
|move|p1a: Clefable|Charge Beam|p2a: Primarina|[miss]
|-miss|p1a: Clefable|p2a: Primarina
|
|-heal|p2a: Primarina|43/100|[from] item: Leftovers
|upkeep
|turn|22
|
|t:|1743879063
|-end|p1a: Clefable|confusion
|move|p1a: Clefable|Draining Kiss|p2a: Primarina
|-damage|p2a: Primarina|25/100
|-heal|p1a: Clefable|34/100 tox|[from] drain|[of] p2a: Primarina
|move|p2a: Primarina|Moonblast|p1a: Clefable
|-damage|p1a: Clefable|16/100 tox
|
|-heal|p2a: Primarina|32/100|[from] item: Leftovers
|upkeep
|turn|23
|
|t:|1743879077
|move|p1a: Clefable|Charge Beam|p2a: Primarina
|-supereffective|p2a: Primarina
|-damage|p2a: Primarina|6/100
|-boost|p1a: Clefable|spa|1
|move|p2a: Primarina|Moonblast|p1a: Clefable
|-damage|p1a: Clefable|0 fnt
|faint|p1a: Clefable
|
|-heal|p2a: Primarina|12/100|[from] item: Leftovers
|upkeep
|
|t:|1743879089
|switch|p1a: Infernape|Infernape, M|100/100
|turn|24
|
|t:|1743879094
|move|p1a: Infernape|Thunder Punch|p2a: Primarina
|-supereffective|p2a: Primarina
|-damage|p2a: Primarina|0 fnt
|faint|p2a: Primarina
|
|upkeep
|
|t:|1743879101
|switch|p2a: Iron Crown|Iron Crown|100/100
|-enditem|p2a: Iron Crown|Booster Energy
|-activate|p2a: Iron Crown|ability: Quark Drive|[fromitem]
|-start|p2a: Iron Crown|quarkdrivespa
|turn|25
|
|t:|1743879120
|switch|p1a: Dondozo|Dondozo, F, shiny|100/100
|move|p2a: Iron Crown|Psychic|p1a: Dondozo
|-damage|p1a: Dondozo|59/100
|
|upkeep
|turn|26
|
|t:|1743879140
|move|p2a: Iron Crown|Psychic|p1a: Dondozo
|-damage|p1a: Dondozo|18/100
|move|p1a: Dondozo|Earthquake|p2a: Iron Crown
|-supereffective|p2a: Iron Crown
|-damage|p2a: Iron Crown|28/100
|
|upkeep
|turn|27
|
|t:|1743879151
|move|p2a: Iron Crown|Psychic|p1a: Dondozo
|-damage|p1a: Dondozo|0 fnt
|faint|p1a: Dondozo
|
|upkeep
|
|t:|1743879156
|switch|p1a: Infernape|Infernape, M|100/100
|turn|28
|
|t:|1743879160
|move|p1a: Infernape|Flame Charge|p2a: Iron Crown
|-supereffective|p2a: Iron Crown
|-damage|p2a: Iron Crown|0 fnt
|-boost|p1a: Infernape|spe|1
|faint|p2a: Iron Crown
|-end|p2a: Iron Crown|Quark Drive|[silent]
|
|upkeep
|
|t:|1743879162
|switch|p2a: Kingambit|Kingambit, F|100/100
|-activate|p2a: Kingambit|ability: Supreme Overlord
|-start|p2a: Kingambit|fallen5|[silent]
|turn|29
|
|t:|1743879176
|-terastallize|p2a: Kingambit|Dark
|move|p2a: Kingambit|Sucker Punch|p1a: Infernape
|-resisted|p1a: Infernape
|-damage|p1a: Infernape|22/100
|move|p1a: Infernape|Drain Punch|p2a: Kingambit
|-supereffective|p2a: Kingambit
|-damage|p2a: Kingambit|46/100
|-heal|p1a: Infernape|60/100|[from] drain|[of] p2a: Kingambit
|
|upkeep
|turn|30
|
|t:|1743879192
|move|p2a: Kingambit|Sucker Punch||[still]
|-fail|p2a: Kingambit
|move|p1a: Infernape|Bulk Up|p1a: Infernape
|-boost|p1a: Infernape|atk|1
|-boost|p1a: Infernape|def|1
|
|upkeep
|turn|31
|
|t:|1743879199
|move|p2a: Kingambit|Sucker Punch|p1a: Infernape
|-resisted|p1a: Infernape
|-damage|p1a: Infernape|8/100
|move|p1a: Infernape|Drain Punch|p2a: Kingambit
|-supereffective|p2a: Kingambit
|-damage|p2a: Kingambit|0 fnt
|-heal|p1a: Infernape|39/100|[from] drain|[of] p2a: Kingambit
|faint|p2a: Kingambit
|-end|p2a: Kingambit|fallen5|[silent]
|
|win|H85le4
|raw|H85le4's rating: 1104 &rarr; <strong>1132</strong><br />(+28 for winning)
|raw|pungpungsy's rating: 1149 &rarr; <strong>1121</strong><br />(-28 for losing)
|l|☆pungpungsy
|player|p2|
|l|☆H85le4
|player|p1|
