|j|☆Panconprichas
|j|‽lorditachii
|t:|1743883563
|gametype|singles
|player|p1|Panconprichas|dawn|1236
|player|p2|lorditachii|lance|1242
|teamsize|p1|6
|teamsize|p2|6
|gen|9
|tier|[Gen 9] OU
|rated|
|rule|HP Percentage Mod: HP is shown in percentages
|rule|Endless Battle Clause: Forcing endless battles is banned
|rule|Species Clause: Limit one of each Pokémon
|rule|OHKO Clause: OHKO moves are banned
|rule|Evasion Items Clause: Evasion items are banned
|rule|Evasion Moves Clause: Evasion moves are banned
|rule|Sleep Moves Clause: Sleep-inducing moves are banned
|clearpoke
|poke|p1|Garganacl, F|
|poke|p1|Dondozo, F|
|poke|p1|Alomomola, M|
|poke|p1|Meowscarada, F|
|poke|p1|Goodra-Hisui, M|
|poke|p1|Cyclizar, F|
|poke|p2|Thundurus-Therian, M|
|poke|p2|Clefable, F|
|poke|p2|Tropius, M|
|poke|p2|Ninetales, M|
|poke|p2|Tornadus-Therian, M|
|poke|p2|Walking Wake|
|teampreview
|
|t:|1743883578
|start
|switch|p1a: Alomomola|Alomomola, M|100/100
|switch|p2a: Thundurus|Thundurus-Therian, M|100/100
|turn|1
|
|t:|1743883586
|switch|p1a: Cyclizar|Cyclizar, F|100/100
|move|p2a: Thundurus|Volt Switch|p1a: Cyclizar
|-resisted|p1a: Cyclizar
|-damage|p1a: Cyclizar|71/100
|
|t:|1743883614
|switch|p2a: Tornadus|Tornadus-Therian, M|100/100|[from] Volt Switch
|
|upkeep
|turn|2
|
|t:|1743883625
|move|p1a: Cyclizar|Knock Off|p2a: Tornadus
|-damage|p2a: Tornadus|71/100
|-enditem|p2a: Tornadus|Heavy-Duty Boots|[from] move: Knock Off|[of] p1a: Cyclizar
|move|p2a: Tornadus|Air Slash|p1a: Cyclizar
|-damage|p1a: Cyclizar|21/100
|
|upkeep
|turn|3
|
|t:|1743883631
|move|p2a: Tornadus|Air Slash|p1a: Cyclizar
|-damage|p1a: Cyclizar|0 fnt
|faint|p1a: Cyclizar
|
|upkeep
|
|t:|1743883643
|switch|p1a: Garganacl|Garganacl, F, shiny|100/100
|turn|4
|
|t:|1743883646
|move|p2a: Tornadus|U-turn|p1a: Garganacl
|-damage|p1a: Garganacl|94/100
|
|t:|1743883660
|switch|p2a: Ninetales|Ninetales, M, shiny|100/100|[from] U-turn
|-weather|SunnyDay|[from] ability: Drought|[of] p2a: Ninetales
|move|p1a: Garganacl|Salt Cure|p2a: Ninetales
|-supereffective|p2a: Ninetales
|-damage|p2a: Ninetales|62/100
|-start|p2a: Ninetales|Salt Cure
|
|-weather|SunnyDay|[upkeep]
|-heal|p1a: Garganacl|99/100|[from] item: Leftovers
|-damage|p2a: Ninetales|50/100|[from] Salt Cure
|upkeep
|turn|5
|
|t:|1743883677
|move|p2a: Ninetales|Solar Beam||[still]
|-prepare|p2a: Ninetales|Solar Beam
|-anim|p2a: Ninetales|Solar Beam|p1a: Garganacl
|-supereffective|p1a: Garganacl
|-damage|p1a: Garganacl|43/100
|move|p1a: Garganacl|Salt Cure|p2a: Ninetales
|-supereffective|p2a: Ninetales
|-damage|p2a: Ninetales|5/100
|
|-weather|SunnyDay|[upkeep]
|-heal|p1a: Garganacl|49/100|[from] item: Leftovers
|-damage|p2a: Ninetales|0 fnt|[from] Salt Cure
|faint|p2a: Ninetales
|upkeep
|
|t:|1743883693
|switch|p2a: Walking Wake|Walking Wake|100/100
|-activate|p2a: Walking Wake|ability: Protosynthesis
|-start|p2a: Walking Wake|protosynthesisspe
|turn|6
|
|t:|1743883702
|move|p1a: Garganacl|Protect|p1a: Garganacl
|-singleturn|p1a: Garganacl|Protect
|move|p2a: Walking Wake|Dragon Pulse|p1a: Garganacl
|-activate|p1a: Garganacl|move: Protect
|
|-weather|SunnyDay|[upkeep]
|-heal|p1a: Garganacl|55/100|[from] item: Leftovers
|upkeep
|turn|7
|
|t:|1743883716
|switch|p1a: Alomomola|Alomomola, M|100/100
|move|p2a: Walking Wake|Dragon Pulse|p1a: Alomomola
|-damage|p1a: Alomomola|22/100
|
|-weather|SunnyDay|[upkeep]
|upkeep
|turn|8
|
|t:|1743883727
|move|p2a: Walking Wake|Dragon Pulse|p1a: Alomomola
|-damage|p1a: Alomomola|0 fnt
|faint|p1a: Alomomola
|
|-weather|SunnyDay|[upkeep]
|upkeep
|
|t:|1743883733
|switch|p1a: Goodra|Goodra-Hisui, M, shiny|100/100
|turn|9
|
|t:|1743883739
|move|p2a: Walking Wake|Dragon Pulse|p1a: Goodra
|-damage|p1a: Goodra|78/100
|move|p1a: Goodra|Ice Beam|p2a: Walking Wake
|-damage|p2a: Walking Wake|73/100
|
|-weather|SunnyDay|[upkeep]
|upkeep
|turn|10
|
|t:|1743883756
|move|p2a: Walking Wake|Dragon Pulse|p1a: Goodra
|-damage|p1a: Goodra|55/100
|move|p1a: Goodra|Thunderbolt|p2a: Walking Wake
|-damage|p2a: Walking Wake|48/100
|
|-weather|SunnyDay|[upkeep]
|upkeep
|turn|11
|
|t:|1743883771
|move|p2a: Walking Wake|Dragon Pulse|p1a: Goodra
|-damage|p1a: Goodra|33/100
|move|p1a: Goodra|Thunderbolt|p2a: Walking Wake
|-damage|p2a: Walking Wake|23/100
|
|-weather|none
|-end|p2a: Walking Wake|Protosynthesis
|upkeep
|turn|12
|
|t:|1743883786
|move|p2a: Walking Wake|Dragon Pulse|p1a: Goodra
|-damage|p1a: Goodra|10/100
|move|p1a: Goodra|Ice Beam|p2a: Walking Wake
|-damage|p2a: Walking Wake|0 fnt
|faint|p2a: Walking Wake
|-end|p2a: Walking Wake|Protosynthesis|[silent]
|
|upkeep
|
|t:|1743883797
|switch|p2a: Tornadus|Tornadus-Therian, M|100/100
|turn|13
|
|t:|1743883800
|move|p2a: Tornadus|Heat Wave|p1a: Goodra
|-damage|p1a: Goodra|0 fnt
|faint|p1a: Goodra
|
|upkeep
|
|t:|1743883806
|switch|p1a: Garganacl|Garganacl, F, shiny|55/100
|turn|14
|
|t:|1743883809
|move|p2a: Tornadus|U-turn|p1a: Garganacl
|-crit|p1a: Garganacl
|-damage|p1a: Garganacl|44/100
|
|t:|1743883814
|switch|p2a: Tropius|Tropius, M|100/100|[from] U-turn
|move|p1a: Garganacl|Recover|p1a: Garganacl
|-heal|p1a: Garganacl|94/100
|
|-heal|p1a: Garganacl|100/100|[from] item: Leftovers
|upkeep
|turn|15
|
|t:|1743883822
|move|p2a: Tropius|Substitute|p2a: Tropius
|-start|p2a: Tropius|Substitute
|-damage|p2a: Tropius|76/100
|move|p1a: Garganacl|Salt Cure|p2a: Tropius
|-supereffective|p2a: Tropius
|-end|p2a: Tropius|Substitute
|
|upkeep
|turn|16
|
|t:|1743883835
|move|p2a: Tropius|Leech Seed|p1a: Garganacl
|-start|p1a: Garganacl|move: Leech Seed
|move|p1a: Garganacl|Salt Cure|p2a: Tropius
|-supereffective|p2a: Tropius
|-damage|p2a: Tropius|42/100
|-start|p2a: Tropius|Salt Cure
|-enditem|p2a: Tropius|Sitrus Berry|[eat]
|-heal|p2a: Tropius|67/100|[from] item: Sitrus Berry
|
|-damage|p1a: Garganacl|88/100|[from] Leech Seed|[of] p2a: Tropius
|-heal|p2a: Tropius|81/100|[silent]
|-damage|p2a: Tropius|69/100|[from] Salt Cure
|upkeep
|turn|17
|
|t:|1743883846
|switch|p1a: Meowscarada|Meowscarada, F|100/100
|move|p2a: Tropius|Air Slash|p1a: Meowscarada
|-supereffective|p1a: Meowscarada
|-damage|p1a: Meowscarada|25/100
|
|-damage|p2a: Tropius|56/100|[from] Salt Cure
|upkeep
|turn|18
|
|t:|1743883854
|move|p2a: Tropius|Protect|p2a: Tropius
|-singleturn|p2a: Tropius|Protect
|move|p1a: Meowscarada|Knock Off|p2a: Tropius
|-start|p1a: Meowscarada|typechange|Dark|[from] ability: Protean
|-activate|p2a: Tropius|move: Protect
|
|-damage|p2a: Tropius|44/100|[from] Salt Cure
|-item|p2a: Tropius|Sitrus Berry|[from] ability: Harvest
|upkeep
|-enditem|p2a: Tropius|Sitrus Berry|[eat]
|-heal|p2a: Tropius|69/100|[from] item: Sitrus Berry
|turn|19
|
|t:|1743883871
|move|p1a: Meowscarada|Knock Off|p2a: Tropius
|-damage|p2a: Tropius|20/100
|move|p2a: Tropius|Air Slash|p1a: Meowscarada
|-damage|p1a: Meowscarada|0 fnt
|faint|p1a: Meowscarada
|
|-damage|p2a: Tropius|8/100|[from] Salt Cure
|upkeep
|
|t:|1743883879
|switch|p1a: Garganacl|Garganacl, F, shiny|88/100
|turn|20
|
|t:|1743883884
|move|p1a: Garganacl|Protect|p1a: Garganacl
|-singleturn|p1a: Garganacl|Protect
|move|p2a: Tropius|Leech Seed|p1a: Garganacl
|-activate|p1a: Garganacl|move: Protect
|
|-heal|p1a: Garganacl|94/100|[from] item: Leftovers
|-damage|p2a: Tropius|0 fnt|[from] Salt Cure
|faint|p2a: Tropius
|upkeep
|
|t:|1743883897
|switch|p2a: Clefable|Clefable, F|100/100
|turn|21
|
|t:|1743883901
|move|p2a: Clefable|Calm Mind|p2a: Clefable
|-boost|p2a: Clefable|spa|1
|-boost|p2a: Clefable|spd|1
|move|p1a: Garganacl|Salt Cure|p2a: Clefable
|-damage|p2a: Clefable|81/100
|-start|p2a: Clefable|Salt Cure
|
|-heal|p2a: Clefable|87/100|[from] item: Leftovers
|-heal|p1a: Garganacl|100/100|[from] item: Leftovers
|upkeep
|turn|22
|
|t:|1743883910
|switch|p1a: Dondozo|Dondozo, F|100/100
|move|p2a: Clefable|Calm Mind|p2a: Clefable
|-boost|p2a: Clefable|spa|1
|-boost|p2a: Clefable|spd|1
|
|-heal|p2a: Clefable|93/100|[from] item: Leftovers
|upkeep
|turn|23
|
|t:|1743883917
|move|p2a: Clefable|Thunderbolt|p1a: Dondozo
|-supereffective|p1a: Dondozo
|-damage|p1a: Dondozo|46/100
|move|p1a: Dondozo|Body Slam|p2a: Clefable
|-damage|p2a: Clefable|69/100
|
|-heal|p2a: Clefable|75/100|[from] item: Leftovers
|-heal|p1a: Dondozo|52/100|[from] item: Leftovers
|upkeep
|turn|24
|
|t:|1743883926
|move|p2a: Clefable|Thunderbolt|p1a: Dondozo
|-supereffective|p1a: Dondozo
|-damage|p1a: Dondozo|0 fnt
|faint|p1a: Dondozo
|
|-heal|p2a: Clefable|81/100|[from] item: Leftovers
|upkeep
|
|t:|1743883931
|switch|p1a: Garganacl|Garganacl, F, shiny|100/100
|turn|25
|
|t:|1743883936
|-terastallize|p1a: Garganacl|Ghost
|move|p2a: Clefable|Thunderbolt|p1a: Garganacl
|-damage|p1a: Garganacl|50/100
|move|p1a: Garganacl|Salt Cure|p2a: Clefable
|-damage|p2a: Clefable|62/100
|
|-heal|p2a: Clefable|68/100|[from] item: Leftovers
|-heal|p1a: Garganacl|57/100|[from] item: Leftovers
|upkeep
|turn|26
|
|t:|1743883945
|move|p2a: Clefable|Ice Beam|p1a: Garganacl
|-damage|p1a: Garganacl|7/100
|move|p1a: Garganacl|Salt Cure|p2a: Clefable
|-damage|p2a: Clefable|49/100
|
|-heal|p2a: Clefable|55/100|[from] item: Leftovers
|-heal|p1a: Garganacl|14/100|[from] item: Leftovers
|upkeep
|turn|27
|
|t:|1743883953
|move|p1a: Garganacl|Protect|p1a: Garganacl
|-singleturn|p1a: Garganacl|Protect
|move|p2a: Clefable|Ice Beam|p1a: Garganacl
|-activate|p1a: Garganacl|move: Protect
|
|-heal|p2a: Clefable|62/100|[from] item: Leftovers
|-heal|p1a: Garganacl|20/100|[from] item: Leftovers
|upkeep
|turn|28
|
|t:|1743883960
|move|p2a: Clefable|Ice Beam|p1a: Garganacl
|-damage|p1a: Garganacl|0 fnt
|faint|p1a: Garganacl
|
|win|lorditachii
|raw|Panconprichas's rating: 1236 &rarr; <strong>1211</strong><br />(-25 for losing)
|raw|lorditachii's rating: 1242 &rarr; <strong>1267</strong><br />(+25 for winning)
|l|‽lorditachii
|player|p2|
|l|☆Panconprichas
|player|p1|
