|j|☆suepao
|j|☆Kanto's Finest
|t:|1743784145
|gametype|singles
|player|p1|suepao|rocketgruntf|1160
|player|p2|Kanto's Finest|blue-gen1rbtwo|1159
|teamsize|p1|6
|teamsize|p2|6
|gen|9
|tier|[Gen 9] OU
|rated|
|rule|HP Percentage Mod: HP is shown in percentages
|rule|Endless Battle Clause: Forcing endless battles is banned
|rule|Species Clause: Limit one of each Pokémon
|rule|OHKO Clause: OHKO moves are banned
|rule|Evasion Items Clause: Evasion items are banned
|rule|Evasion Moves Clause: Evasion moves are banned
|rule|Sleep Moves Clause: Sleep-inducing moves are banned
|clearpoke
|poke|p1|Metagross|
|poke|p1|Blissey, F|
|poke|p1|Moltres|
|poke|p1|Great Tusk|
|poke|p1|Alomomola, F|
|poke|p1|Weavile, F|
|poke|p2|Clefable, M|
|poke|p2|Golduck, M|
|poke|p2|Hitmonlee, M|
|poke|p2|Chansey, F|
|poke|p2|Weezing, M|
|poke|p2|Exeggutor, M|
|teampreview
|inactive|Battle timer is ON: inactive players will automatically lose when time's up. (requested by suepao)
|
|t:|1743784169
|start
|switch|p1a: Moltres|Moltres|100/100
|switch|p2a: Golduck|Golduck, M, shiny|100/100
|-ability|p2a: Golduck|Cloud Nine
|turn|1
|
|t:|1743784177
|-terastallize|p1a: Moltres|Grass
|move|p2a: Golduck|Whirlpool|p1a: Moltres
|-resisted|p1a: Moltres
|-damage|p1a: Moltres|93/100
|-activate|p1a: Moltres|move: Whirlpool|[of] p2a: Golduck
|move|p1a: Moltres|Tera Blast|p2a: Golduck|[anim] Tera Blast Grass
|-supereffective|p2a: Golduck
|-damage|p2a: Golduck|0 fnt
|faint|p2a: Golduck
|
|-end|p1a: Moltres|Whirlpool|[partiallytrapped]|[silent]
|upkeep
|
|t:|1743784191
|switch|p2a: Weezing|Weezing, M|100/100
|turn|2
|
|t:|1743784196
|switch|p1a: Metagross|Metagross|100/100
|move|p2a: Weezing|Toxic Spikes|p1a: Metagross
|-sidestart|p1: suepao|move: Toxic Spikes
|
|upkeep
|turn|3
|
|t:|1743784200
|move|p1a: Metagross|Agility|p1a: Metagross
|-boost|p1a: Metagross|spe|2
|move|p2a: Weezing|Will-O-Wisp|p1a: Metagross
|-status|p1a: Metagross|brn
|
|-damage|p1a: Metagross|95/100 brn|[from] brn
|upkeep
|turn|4
|
|t:|1743784205
|move|p1a: Metagross|Psychic|p2a: Weezing
|-supereffective|p2a: Weezing
|-damage|p2a: Weezing|0 fnt
|faint|p2a: Weezing
|
|-damage|p1a: Metagross|89/100 brn|[from] brn
|upkeep
|
|t:|1743784210
|switch|p2a: Exeggutor|Exeggutor, M|100/100
|turn|5
|
|t:|1743784213
|move|p1a: Metagross|Meteor Beam||[still]
|-prepare|p1a: Metagross|Meteor Beam
|-boost|p1a: Metagross|spa|1
|-enditem|p1a: Metagross|Power Herb
|-anim|p1a: Metagross|Meteor Beam|p2a: Exeggutor
|-damage|p2a: Exeggutor|36/100
|-enditem|p2a: Exeggutor|Sitrus Berry|[eat]
|-heal|p2a: Exeggutor|61/100|[from] item: Sitrus Berry
|move|p2a: Exeggutor|Leech Seed|p1a: Metagross
|-start|p1a: Metagross|move: Leech Seed
|
|-damage|p1a: Metagross|76/100 brn|[from] Leech Seed|[of] p2a: Exeggutor
|-heal|p2a: Exeggutor|70/100|[silent]
|-damage|p1a: Metagross|70/100 brn|[from] brn
|upkeep
|turn|6
|
|t:|1743784227
|move|p2a: Exeggutor|Protect|p2a: Exeggutor
|-singleturn|p2a: Exeggutor|Protect
|move|p1a: Metagross|Meteor Beam||[still]
|-prepare|p1a: Metagross|Meteor Beam
|-boost|p1a: Metagross|spa|1
|
|-damage|p1a: Metagross|58/100 brn|[from] Leech Seed|[of] p2a: Exeggutor
|-heal|p2a: Exeggutor|80/100|[silent]
|-damage|p1a: Metagross|52/100 brn|[from] brn
|upkeep
|turn|7
|
|t:|1743784238
|move|p2a: Exeggutor|Protect||[still]
|-fail|p2a: Exeggutor
|move|p1a: Metagross|Meteor Beam|p2a: Exeggutor|[from] lockedmove
|-damage|p2a: Exeggutor|0 fnt
|faint|p2a: Exeggutor
|
|-damage|p1a: Metagross|46/100 brn|[from] brn
|upkeep
|
|t:|1743784242
|switch|p2a: Clefable|Clefable, M|100/100
|turn|8
|
|t:|1743784246
|move|p1a: Metagross|Psychic|p2a: Clefable
|-damage|p2a: Clefable|63/100
|move|p2a: Clefable|Cosmic Power|p2a: Clefable
|-boost|p2a: Clefable|def|1
|-boost|p2a: Clefable|spd|1
|
|-damage|p1a: Metagross|34/100 brn|[from] Leech Seed|[of] p2a: Clefable
|-heal|p2a: Clefable|73/100|[silent]
|-damage|p1a: Metagross|28/100 brn|[from] brn
|upkeep
|turn|9
|
|t:|1743784256
|switch|p1a: Blissey|Blissey, F|100/100
|-status|p1a: Blissey|psn
|move|p2a: Clefable|Cosmic Power|p2a: Clefable
|-boost|p2a: Clefable|def|1
|-boost|p2a: Clefable|spd|1
|
|-damage|p1a: Blissey|88/100 psn|[from] psn
|upkeep
|turn|10
|
|t:|1743784265
|-terastallize|p2a: Clefable|Steel
|move|p1a: Blissey|Trick|p2a: Clefable
|-activate|p1a: Blissey|move: Trick|[of] p2a: Clefable
|-item|p2a: Clefable|Choice Scarf|[from] move: Trick
|-item|p1a: Blissey|Leppa Berry|[from] move: Trick
|move|p2a: Clefable|Cosmic Power|p2a: Clefable
|-boost|p2a: Clefable|def|1
|-boost|p2a: Clefable|spd|1
|
|-damage|p1a: Blissey|76/100 psn|[from] psn
|upkeep
|turn|11
|-message|Kanto's Finest forfeited.
|
|win|suepao
|raw|suepao's rating: 1160 &rarr; <strong>1185</strong><br />(+25 for winning)
|raw|Kanto&apos;s Finest's rating: 1159 &rarr; <strong>1134</strong><br />(-25 for losing)
|l|☆suepao
|player|p1|
