|j|☆Mr.diversity
|j|☆temporarylight
|t:|1743788992
|gametype|singles
|player|p1|Mr.diversity|2|1770
|player|p2|temporarylight|265|1714
|teamsize|p1|6
|teamsize|p2|6
|gen|9
|tier|[Gen 9] OU
|rated|
|rule|HP Percentage Mod: HP is shown in percentages
|rule|Endless Battle Clause: Forcing endless battles is banned
|rule|Species Clause: Limit one of each Pokémon
|rule|OHKO Clause: OHKO moves are banned
|rule|Evasion Items Clause: Evasion items are banned
|rule|Evasion Moves Clause: Evasion moves are banned
|rule|Sleep Moves Clause: Sleep-inducing moves are banned
|clearpoke
|poke|p1|Landorus-Therian, M|
|poke|p1|Cinderace, M|
|poke|p1|Great Tusk|
|poke|p1|Heatran, F|
|poke|p1|Clodsire, F|
|poke|p1|Armarouge, M|
|poke|p2|Darkrai|
|poke|p2|Zamazenta-*|
|poke|p2|Enamorus, F|
|poke|p2|Heatran, M|
|poke|p2|Great Tusk|
|poke|p2|Pecharunt|
|teampreview
|inactive|Battle timer is ON: inactive players will automatically lose when time's up. (requested by Mr.diversity)
|
|t:|1743788998
|start
|switch|p1a: Cinderace|Cinderace, M|100/100
|switch|p2a: Darkrai|Darkrai|100/100
|turn|1
|
|t:|1743789002
|move|p2a: Darkrai|Dark Pulse|p1a: Cinderace
|-damage|p1a: Cinderace|10/100
|move|p1a: Cinderace|U-turn|p2a: Darkrai
|-start|p1a: Cinderace|typechange|Bug|[from] ability: Libero
|-supereffective|p2a: Darkrai
|-damage|p2a: Darkrai|0 fnt
|faint|p2a: Darkrai
|
|t:|1743789006
|switch|p1a: Landorus|Landorus-Therian, M|100/100|[from] U-turn
|
|upkeep
|
|t:|1743789016
|switch|p2a: Great Tusk|Great Tusk|100/100
|turn|2
|
|t:|1743789021
|switch|p1a: Great Tusk|Great Tusk|100/100
|-enditem|p1a: Great Tusk|Booster Energy
|-activate|p1a: Great Tusk|ability: Protosynthesis|[fromitem]
|-start|p1a: Great Tusk|protosynthesisatk
|move|p2a: Great Tusk|Ice Spinner|p1a: Great Tusk
|-supereffective|p1a: Great Tusk
|-damage|p1a: Great Tusk|58/100
|
|upkeep
|turn|3
|
|t:|1743789030
|move|p2a: Great Tusk|Rapid Spin|p1a: Great Tusk
|-damage|p1a: Great Tusk|47/100
|-boost|p2a: Great Tusk|spe|1
|move|p1a: Great Tusk|Ice Spinner|p2a: Great Tusk
|-supereffective|p2a: Great Tusk
|-damage|p2a: Great Tusk|43/100
|
|upkeep
|turn|4
|
|t:|1743789037
|move|p2a: Great Tusk|Headlong Rush|p1a: Great Tusk
|-damage|p1a: Great Tusk|0 fnt
|-unboost|p2a: Great Tusk|def|1
|-unboost|p2a: Great Tusk|spd|1
|faint|p1a: Great Tusk
|-end|p1a: Great Tusk|Protosynthesis|[silent]
|
|upkeep
|
|t:|1743789053
|switch|p1a: Landorus|Landorus-Therian, M|100/100
|-ability|p1a: Landorus|Intimidate|boost
|-unboost|p2a: Great Tusk|atk|1
|turn|5
|
|t:|1743789055
|-end|p2a: Great Tusk|Protosynthesis|[silent]
|switch|p2a: Enamorus|Enamorus, F, shiny|100/100
|move|p1a: Landorus|Earthquake|p2a: Enamorus
|-immune|p2a: Enamorus
|
|upkeep
|turn|6
|
|t:|1743789060
|switch|p1a: Clodsire|Clodsire, F|100/100
|move|p2a: Enamorus|Moonblast|p1a: Clodsire
|-resisted|p1a: Clodsire
|-damage|p1a: Clodsire|85/100
|
|-heal|p1a: Clodsire|91/100|[from] item: Leftovers
|upkeep
|turn|7
|
|t:|1743789063
|switch|p2a: Heatran|Heatran, M, shiny|100/100
|-item|p2a: Heatran|Air Balloon
|move|p1a: Clodsire|Stealth Rock|p2a: Heatran
|-sidestart|p2: temporarylight|move: Stealth Rock
|
|-heal|p1a: Clodsire|97/100|[from] item: Leftovers
|upkeep
|turn|8
|j| diaodeyibi12345
|
|t:|1743789069
|switch|p1a: Landorus|Landorus-Therian, M|100/100
|-ability|p1a: Landorus|Intimidate|boost
|-unboost|p2a: Heatran|atk|1
|move|p2a: Heatran|Stealth Rock|p1a: Landorus
|-sidestart|p1: Mr.diversity|move: Stealth Rock
|
|upkeep
|turn|9
|
|t:|1743789073
|switch|p2a: Pecharunt|Pecharunt|100/100
|move|p1a: Landorus|U-turn|p2a: Pecharunt
|-resisted|p2a: Pecharunt
|-damage|p2a: Pecharunt|95/100
|
|t:|1743789077
|switch|p1a: Heatran|Heatran, F|100/100|[from] U-turn
|-damage|p1a: Heatran|88/100|[from] Stealth Rock
|
|upkeep
|turn|10
|
|t:|1743789082
|move|p2a: Pecharunt|Parting Shot|p1a: Heatran
|-unboost|p1a: Heatran|atk|1
|-unboost|p1a: Heatran|spa|1
|
|t:|1743789085
|switch|p2a: Heatran|Heatran, M, shiny|100/100|[from] Parting Shot
|-damage|p2a: Heatran|88/100|[from] Stealth Rock
|-item|p2a: Heatran|Air Balloon
|move|p1a: Heatran|Magma Storm|p2a: Heatran
|-start|p2a: Heatran|ability: Flash Fire
|
|upkeep
|turn|11
|
|t:|1743789091
|switch|p1a: Landorus|Landorus-Therian, M|100/100
|-damage|p1a: Landorus|88/100|[from] Stealth Rock
|-ability|p1a: Landorus|Intimidate|boost
|-unboost|p2a: Heatran|atk|1
|move|p2a: Heatran|Lava Plume|p1a: Landorus
|-damage|p1a: Landorus|10/100
|-status|p1a: Landorus|brn
|
|-damage|p1a: Landorus|4/100 brn|[from] brn
|upkeep
|turn|12
|
|t:|1743789100
|-end|p2a: Heatran|ability: Flash Fire|[silent]
|switch|p2a: Great Tusk|Great Tusk|43/100
|move|p1a: Landorus|Stone Edge|p2a: Great Tusk
|-resisted|p2a: Great Tusk
|-damage|p2a: Great Tusk|38/100
|
|-damage|p1a: Landorus|0 fnt|[from] brn
|faint|p1a: Landorus
|upkeep
|
|t:|1743789108
|switch|p1a: Heatran|Heatran, F|88/100
|-damage|p1a: Heatran|76/100|[from] Stealth Rock
|turn|13
|
|t:|1743789120
|-terastallize|p1a: Heatran|Bug
|move|p2a: Great Tusk|Headlong Rush|p1a: Heatran
|-resisted|p1a: Heatran
|-crit|p1a: Heatran
|-damage|p1a: Heatran|37/100
|-unboost|p2a: Great Tusk|def|1
|-unboost|p2a: Great Tusk|spd|1
|move|p1a: Heatran|Flash Cannon|p2a: Great Tusk
|-damage|p2a: Great Tusk|0 fnt
|faint|p2a: Great Tusk
|-end|p2a: Great Tusk|Protosynthesis|[silent]
|
|upkeep
|
|t:|1743789128
|switch|p2a: Heatran|Heatran, M, shiny|88/100
|-damage|p2a: Heatran|76/100|[from] Stealth Rock
|-item|p2a: Heatran|Air Balloon
|turn|14
|
|t:|1743789130
|move|p2a: Heatran|Earth Power|p1a: Heatran
|-resisted|p1a: Heatran
|-damage|p1a: Heatran|23/100
|move|p1a: Heatran|Flash Cannon|p2a: Heatran
|-resisted|p2a: Heatran
|-damage|p2a: Heatran|57/100
|-enditem|p2a: Heatran|Air Balloon
|
|upkeep
|turn|15
|
|t:|1743789144
|switch|p2a: Zamazenta|Zamazenta|100/100
|-damage|p2a: Zamazenta|94/100|[from] Stealth Rock
|-ability|p2a: Zamazenta|Dauntless Shield|boost
|-boost|p2a: Zamazenta|def|1
|move|p1a: Heatran|Flash Cannon|p2a: Zamazenta
|-damage|p2a: Zamazenta|55/100
|
|upkeep
|turn|16
|
|t:|1743789148
|move|p2a: Zamazenta|Stone Edge|p1a: Heatran
|-supereffective|p1a: Heatran
|-damage|p1a: Heatran|0 fnt
|faint|p1a: Heatran
|
|upkeep
|
|t:|1743789150
|switch|p1a: Armarouge|Armarouge, M|100/100
|-damage|p1a: Armarouge|76/100|[from] Stealth Rock
|turn|17
|
|t:|1743789161
|switch|p2a: Enamorus|Enamorus, F, shiny|100/100
|-damage|p2a: Enamorus|76/100|[from] Stealth Rock
|move|p1a: Armarouge|Endure||[still]
|-fail|p1a: Armarouge
|
|upkeep
|turn|18
|
|t:|1743789164
|switch|p1a: Clodsire|Clodsire, F|97/100
|-damage|p1a: Clodsire|91/100|[from] Stealth Rock
|move|p2a: Enamorus|Earth Power|p1a: Clodsire
|-supereffective|p1a: Clodsire
|-damage|p1a: Clodsire|53/100
|
|-heal|p1a: Clodsire|59/100|[from] item: Leftovers
|upkeep
|turn|19
|
|t:|1743789169
|switch|p2a: Pecharunt|Pecharunt|95/100
|move|p1a: Clodsire|Recover|p1a: Clodsire
|-heal|p1a: Clodsire|100/100
|
|upkeep
|turn|20
|
|t:|1743789173
|move|p2a: Pecharunt|Foul Play|p1a: Clodsire
|-damage|p1a: Clodsire|81/100
|move|p1a: Clodsire|Earthquake|p2a: Pecharunt
|-supereffective|p2a: Pecharunt
|-damage|p2a: Pecharunt|61/100
|
|-heal|p1a: Clodsire|87/100|[from] item: Leftovers
|upkeep
|turn|21
|
|t:|1743789178
|move|p2a: Pecharunt|Foul Play|p1a: Clodsire
|-damage|p1a: Clodsire|67/100
|move|p1a: Clodsire|Toxic|p2a: Pecharunt
|-immune|p2a: Pecharunt
|
|-heal|p1a: Clodsire|74/100|[from] item: Leftovers
|upkeep
|turn|22
|
|t:|1743789181
|move|p2a: Pecharunt|Foul Play|p1a: Clodsire
|-damage|p1a: Clodsire|54/100
|move|p1a: Clodsire|Earthquake|p2a: Pecharunt
|-supereffective|p2a: Pecharunt
|-damage|p2a: Pecharunt|30/100
|
|-heal|p1a: Clodsire|60/100|[from] item: Leftovers
|upkeep
|turn|23
|
|t:|1743789184
|move|p2a: Pecharunt|Recover|p2a: Pecharunt
|-heal|p2a: Pecharunt|80/100
|move|p1a: Clodsire|Earthquake|p2a: Pecharunt
|-supereffective|p2a: Pecharunt
|-damage|p2a: Pecharunt|47/100
|
|-heal|p1a: Clodsire|66/100|[from] item: Leftovers
|upkeep
|turn|24
|
|t:|1743789187
|-terastallize|p2a: Pecharunt|Ghost
|move|p2a: Pecharunt|Foul Play|p1a: Clodsire
|-damage|p1a: Clodsire|46/100
|move|p1a: Clodsire|Earthquake|p2a: Pecharunt
|-damage|p2a: Pecharunt|29/100
|
|-heal|p1a: Clodsire|52/100|[from] item: Leftovers
|upkeep
|turn|25
|
|t:|1743789189
|move|p2a: Pecharunt|Recover|p2a: Pecharunt
|-heal|p2a: Pecharunt|80/100
|move|p1a: Clodsire|Toxic|p2a: Pecharunt
|-status|p2a: Pecharunt|tox
|
|-heal|p1a: Clodsire|59/100|[from] item: Leftovers
|-damage|p2a: Pecharunt|73/100 tox|[from] psn
|upkeep
|turn|26
|
|t:|1743789192
|move|p2a: Pecharunt|Foul Play|p1a: Clodsire
|-damage|p1a: Clodsire|38/100
|move|p1a: Clodsire|Recover|p1a: Clodsire
|-heal|p1a: Clodsire|88/100
|
|-heal|p1a: Clodsire|94/100|[from] item: Leftovers
|-damage|p2a: Pecharunt|61/100 tox|[from] psn
|upkeep
|turn|27
|
|t:|1743789196
|move|p2a: Pecharunt|Foul Play|p1a: Clodsire
|-damage|p1a: Clodsire|74/100
|move|p1a: Clodsire|Earthquake|p2a: Pecharunt
|-damage|p2a: Pecharunt|45/100 tox
|
|-heal|p1a: Clodsire|81/100|[from] item: Leftovers
|-damage|p2a: Pecharunt|26/100 tox|[from] psn
|upkeep
|turn|28
|
|t:|1743789198
|move|p2a: Pecharunt|Foul Play|p1a: Clodsire
|-crit|p1a: Clodsire
|-damage|p1a: Clodsire|54/100
|move|p1a: Clodsire|Toxic|p2a: Pecharunt
|-fail|p2a: Pecharunt|tox
|
|-heal|p1a: Clodsire|60/100|[from] item: Leftovers
|-damage|p2a: Pecharunt|2/100 tox|[from] psn
|upkeep
|turn|29
|
|t:|1743789207
|switch|p2a: Heatran|Heatran, M, shiny|57/100
|-damage|p2a: Heatran|45/100|[from] Stealth Rock
|move|p1a: Clodsire|Earthquake|p2a: Heatran
|-supereffective|p2a: Heatran
|-damage|p2a: Heatran|0 fnt
|faint|p2a: Heatran
|
|-heal|p1a: Clodsire|66/100|[from] item: Leftovers
|upkeep
|c|☆temporarylight|lol
|-message|temporarylight forfeited.
|
|win|Mr.diversity
|raw|Mr.diversity's rating: 1770 &rarr; <strong>1787</strong><br />(+17 for winning)
|raw|temporarylight's rating: 1714 &rarr; <strong>1697</strong><br />(-17 for losing)
|l|☆temporarylight
|player|p2|
|l| diaodeyibi12345
|l|☆Mr.diversity
|player|p1|
