|j|☆goat3000
|j|☆LT02
|t:|1743830662
|gametype|singles
|player|p1|goat3000|169|1256
|player|p2|LT02|265|1247
|teamsize|p1|6
|teamsize|p2|6
|gen|9
|tier|[Gen 9] OU
|rated|
|rule|HP Percentage Mod: HP is shown in percentages
|rule|Endless Battle Clause: Forcing endless battles is banned
|rule|Species Clause: Limit one of each Pokémon
|rule|OHKO Clause: OHKO moves are banned
|rule|Evasion Items Clause: Evasion items are banned
|rule|Evasion Moves Clause: Evasion moves are banned
|rule|Sleep Moves Clause: Sleep-inducing moves are banned
|clearpoke
|poke|p1|Garganacl, F|
|poke|p1|Skeledirge, F|
|poke|p1|Dragapult, M|
|poke|p1|Thundurus, M|
|poke|p1|Samurott-Hisui, M|
|poke|p1|Skarmory, F|
|poke|p2|Samurott-Hisui, M|
|poke|p2|Walking Wake|
|poke|p2|Meowscarada, M|
|poke|p2|Slowking-Galar, M|
|poke|p2|Great Tusk|
|poke|p2|Landorus-Therian, M|
|teampreview
|inactive|Battle timer is ON: inactive players will automatically lose when time's up. (requested by LT02)
|inactive|LT02 has 120 seconds left.
|
|t:|1743830700
|start
|switch|p1a: Garganacl|Garganacl, F|100/100
|switch|p2a: Walking Wake|Walking Wake|100/100
|turn|1
|
|t:|1743830704
|move|p2a: Walking Wake|Draco Meteor|p1a: Garganacl|[miss]
|-miss|p2a: Walking Wake|p1a: Garganacl
|move|p1a: Garganacl|Salt Cure|p2a: Walking Wake
|-damage|p2a: Walking Wake|88/100
|-start|p2a: Walking Wake|Salt Cure
|
|-damage|p2a: Walking Wake|63/100|[from] Salt Cure
|upkeep
|turn|2
|
|t:|1743830711
|-end|p2a: Walking Wake|Protosynthesis|[silent]
|switch|p2a: Meowscarada|Meowscarada, M|100/100
|move|p1a: Garganacl|Protect||[still]
|-fail|p1a: Garganacl
|
|upkeep
|turn|3
|
|t:|1743830713
|move|p2a: Meowscarada|U-turn|p1a: Garganacl
|-start|p2a: Meowscarada|typechange|Bug|[from] ability: Protean
|-damage|p1a: Garganacl|75/100
|
|t:|1743830718
|switch|p2a: Great Tusk|Great Tusk|100/100|[from] U-turn
|move|p1a: Garganacl|Salt Cure|p2a: Great Tusk
|-resisted|p2a: Great Tusk
|-damage|p2a: Great Tusk|98/100
|-start|p2a: Great Tusk|Salt Cure
|
|-heal|p1a: Garganacl|81/100|[from] item: Leftovers
|-damage|p2a: Great Tusk|86/100|[from] Salt Cure
|upkeep
|turn|4
|
|t:|1743830723
|move|p1a: Garganacl|Protect|p1a: Garganacl
|-singleturn|p1a: Garganacl|Protect
|move|p2a: Great Tusk|Knock Off|p1a: Garganacl
|-activate|p1a: Garganacl|move: Protect
|
|-heal|p1a: Garganacl|87/100|[from] item: Leftovers
|-damage|p2a: Great Tusk|73/100|[from] Salt Cure
|upkeep
|turn|5
|
|t:|1743830731
|move|p2a: Great Tusk|Knock Off|p1a: Garganacl
|-damage|p1a: Garganacl|70/100
|-enditem|p1a: Garganacl|Leftovers|[from] move: Knock Off|[of] p2a: Great Tusk
|move|p1a: Garganacl|Curse|p1a: Garganacl
|-unboost|p1a: Garganacl|spe|1
|-boost|p1a: Garganacl|atk|1
|-boost|p1a: Garganacl|def|1
|
|-damage|p2a: Great Tusk|61/100|[from] Salt Cure
|upkeep
|turn|6
|
|t:|1743830741
|-end|p2a: Great Tusk|Protosynthesis|[silent]
|switch|p2a: Meowscarada|Meowscarada, M|100/100
|move|p1a: Garganacl|Curse|p1a: Garganacl
|-unboost|p1a: Garganacl|spe|1
|-boost|p1a: Garganacl|atk|1
|-boost|p1a: Garganacl|def|1
|
|upkeep
|turn|7
|
|t:|1743830746
|move|p2a: Meowscarada|Flower Trick|p1a: Garganacl
|-start|p2a: Meowscarada|typechange|Grass|[from] ability: Protean
|-supereffective|p1a: Garganacl
|-crit|p1a: Garganacl
|-damage|p1a: Garganacl|0 fnt
|faint|p1a: Garganacl
|
|upkeep
|
|t:|1743830758
|switch|p1a: Skeledirge|Skeledirge, F|100/100
|turn|8
|
|t:|1743830761
|switch|p2a: Samurott|Samurott-Hisui, M|100/100
|move|p1a: Skeledirge|Will-O-Wisp|p2a: Samurott|[miss]
|-miss|p1a: Skeledirge|p2a: Samurott
|
|upkeep
|turn|9
|
|t:|1743830773
|switch|p1a: Samurott|Samurott-Hisui, M|100/100
|move|p2a: Samurott|Ceaseless Edge|p1a: Samurott
|-resisted|p1a: Samurott
|-damage|p1a: Samurott|61/100
|-sidestart|p1: goat3000|Spikes
|
|-heal|p1a: Samurott|67/100|[from] item: Leftovers
|upkeep
|turn|10
|
|t:|1743830784
|switch|p2a: Landorus|Landorus-Therian, M|100/100
|-ability|p2a: Landorus|Intimidate|boost
|-unboost|p1a: Samurott|atk|1
|move|p1a: Samurott|Ceaseless Edge|p2a: Landorus
|-damage|p2a: Landorus|74/100
|-damage|p1a: Samurott|50/100|[from] item: Rocky Helmet|[of] p2a: Landorus
|-sidestart|p2: LT02|Spikes
|
|-heal|p1a: Samurott|57/100|[from] item: Leftovers
|upkeep
|turn|11
|
|t:|1743830793
|move|p2a: Landorus|U-turn|p1a: Samurott
|-supereffective|p1a: Samurott
|-damage|p1a: Samurott|0 fnt
|faint|p1a: Samurott
|
|t:|1743830798
|switch|p2a: Slowking|Slowking-Galar, M|100/100|[from] U-turn
|-damage|p2a: Slowking|88/100|[from] Spikes
|
|-heal|p2a: Slowking|94/100|[from] item: Leftovers
|upkeep
|
|t:|1743830808
|switch|p1a: Thundurus|Thundurus, M|100/100
|turn|12
|
|t:|1743830812
|move|p1a: Thundurus|Nasty Plot|p1a: Thundurus
|-boost|p1a: Thundurus|spa|2
|move|p2a: Slowking|Ice Beam|p1a: Thundurus
|-supereffective|p1a: Thundurus
|-damage|p1a: Thundurus|40/100
|
|-heal|p1a: Thundurus|46/100|[from] item: Leftovers
|-heal|p2a: Slowking|99/100|[from] item: Leftovers
|upkeep
|turn|13
|
|t:|1743830819
|move|p1a: Thundurus|Thunderbolt|p2a: Slowking
|-damage|p2a: Slowking|46/100
|move|p2a: Slowking|Ice Beam|p1a: Thundurus
|-supereffective|p1a: Thundurus
|-damage|p1a: Thundurus|0 fnt
|faint|p1a: Thundurus
|
|-heal|p2a: Slowking|52/100|[from] item: Leftovers
|upkeep
|
|t:|1743830827
|switch|p1a: Dragapult|Dragapult, M, shiny|100/100
|-damage|p1a: Dragapult|88/100|[from] Spikes
|turn|14
|
|t:|1743830832
|-terastallize|p1a: Dragapult|Fire
|move|p1a: Dragapult|Dragon Dance|p1a: Dragapult
|-boost|p1a: Dragapult|atk|1
|-boost|p1a: Dragapult|spe|1
|-prepare|p2a: Slowking|Chilly Reception|[premajor]
|move|p2a: Slowking|Chilly Reception|p2a: Slowking
|-weather|Snowscape
|
|t:|1743830836
|switch|p2a: Great Tusk|Great Tusk|61/100|[from] Chilly Reception
|-damage|p2a: Great Tusk|48/100|[from] Spikes
|
|-weather|Snowscape|[upkeep]
|upkeep
|turn|15
|
|t:|1743830844
|move|p1a: Dragapult|Dragon Darts|p2a: Great Tusk
|-damage|p2a: Great Tusk|15/100
|-anim|p1a: Dragapult|Dragon Darts|p2a: Great Tusk
|-damage|p2a: Great Tusk|0 fnt
|faint|p2a: Great Tusk
|-end|p2a: Great Tusk|Protosynthesis|[silent]
|-damage|p1a: Dragapult|78/100|[from] item: Life Orb
|
|-weather|Snowscape|[upkeep]
|upkeep
|
|t:|1743830849
|switch|p2a: Samurott|Samurott-Hisui, M|100/100
|-damage|p2a: Samurott|88/100|[from] Spikes
|turn|16
|
|t:|1743830854
|-terastallize|p2a: Samurott|Dark
|move|p2a: Samurott|Sucker Punch|p1a: Dragapult
|-damage|p1a: Dragapult|6/100
|move|p1a: Dragapult|Dragon Darts|p2a: Samurott
|-damage|p2a: Samurott|25/100
|-anim|p1a: Dragapult|Dragon Darts|p2a: Samurott
|-damage|p2a: Samurott|0 fnt
|faint|p2a: Samurott
|-damage|p1a: Dragapult|0 fnt|[from] item: Life Orb
|faint|p1a: Dragapult
|
|-weather|Snowscape|[upkeep]
|upkeep
|
|t:|1743830874
|switch|p1a: Skeledirge|Skeledirge, F|100/100
|switch|p2a: Meowscarada|Meowscarada, M|100/100
|-damage|p2a: Meowscarada|88/100|[from] Spikes
|-damage|p1a: Skeledirge|88/100|[from] Spikes
|turn|17
|
|t:|1743830882
|move|p2a: Meowscarada|Knock Off|p1a: Skeledirge
|-start|p2a: Meowscarada|typechange|Dark|[from] ability: Protean
|-supereffective|p1a: Skeledirge
|-damage|p1a: Skeledirge|0 fnt
|-enditem|p1a: Skeledirge|Leftovers|[from] move: Knock Off|[of] p2a: Meowscarada
|faint|p1a: Skeledirge
|
|-weather|Snowscape|[upkeep]
|upkeep
|
|t:|1743830887
|switch|p1a: Skarmory|Skarmory, F, shiny|100/100
|turn|18
|
|t:|1743830890
|switch|p2a: Walking Wake|Walking Wake|63/100
|-damage|p2a: Walking Wake|50/100|[from] Spikes
|move|p1a: Skarmory|Iron Defense|p1a: Skarmory
|-boost|p1a: Skarmory|def|2
|
|-weather|none
|upkeep
|turn|19
|
|t:|1743830893
|move|p2a: Walking Wake|Scald|p1a: Skarmory
|-damage|p1a: Skarmory|53/100
|move|p1a: Skarmory|Roost|p1a: Skarmory
|-heal|p1a: Skarmory|100/100
|-singleturn|p1a: Skarmory|move: Roost
|
|upkeep
|turn|20
|
|t:|1743830898
|move|p2a: Walking Wake|Scald|p1a: Skarmory
|-damage|p1a: Skarmory|58/100
|move|p1a: Skarmory|Body Press|p2a: Walking Wake
|-damage|p2a: Walking Wake|0 fnt
|faint|p2a: Walking Wake
|-end|p2a: Walking Wake|Protosynthesis|[silent]
|
|upkeep
|
|t:|1743830901
|switch|p2a: Slowking|Slowking-Galar, M|85/100
|-damage|p2a: Slowking|73/100|[from] Spikes
|turn|21
|
|t:|1743830906
|move|p1a: Skarmory|Roost|p1a: Skarmory
|-heal|p1a: Skarmory|100/100
|-singleturn|p1a: Skarmory|move: Roost
|move|p2a: Slowking|Future Sight|p1a: Skarmory
|-start|p2a: Slowking|move: Future Sight
|
|-heal|p2a: Slowking|79/100|[from] item: Leftovers
|upkeep
|turn|22
|
|t:|1743830913
|move|p1a: Skarmory|Stealth Rock|p2a: Slowking
|-sidestart|p2: LT02|move: Stealth Rock
|move|p2a: Slowking|Ice Beam|p1a: Skarmory
|-damage|p1a: Skarmory|74/100
|
|-heal|p2a: Slowking|85/100|[from] item: Leftovers
|upkeep
|turn|23
|
|t:|1743830918
|move|p1a: Skarmory|Roost|p1a: Skarmory
|-heal|p1a: Skarmory|100/100
|-singleturn|p1a: Skarmory|move: Roost
|move|p2a: Slowking|Ice Beam|p1a: Skarmory
|-resisted|p1a: Skarmory
|-damage|p1a: Skarmory|87/100
|
|-end|p1a: Skarmory|move: Future Sight
|-resisted|p1a: Skarmory
|-damage|p1a: Skarmory|59/100
|-heal|p2a: Slowking|91/100|[from] item: Leftovers
|upkeep
|turn|24
|
|t:|1743830925
|move|p1a: Skarmory|Roost|p1a: Skarmory
|-heal|p1a: Skarmory|100/100
|-singleturn|p1a: Skarmory|move: Roost
|move|p2a: Slowking|Future Sight|p1a: Skarmory
|-start|p2a: Slowking|move: Future Sight
|
|-heal|p2a: Slowking|97/100|[from] item: Leftovers
|upkeep
|turn|25
|
|t:|1743830930
|move|p1a: Skarmory|Iron Defense|p1a: Skarmory
|-boost|p1a: Skarmory|def|2
|move|p2a: Slowking|Ice Beam|p1a: Skarmory
|-damage|p1a: Skarmory|76/100
|
|-heal|p2a: Slowking|100/100|[from] item: Leftovers
|upkeep
|turn|26
|
|t:|1743830936
|move|p1a: Skarmory|Iron Defense|p1a: Skarmory
|-boost|p1a: Skarmory|def|2
|move|p2a: Slowking|Ice Beam|p1a: Skarmory
|-damage|p1a: Skarmory|50/100
|
|-end|p1a: Skarmory|move: Future Sight
|-resisted|p1a: Skarmory
|-damage|p1a: Skarmory|26/100
|upkeep
|turn|27
|
|t:|1743830944
|move|p1a: Skarmory|Roost|p1a: Skarmory
|-heal|p1a: Skarmory|76/100
|-singleturn|p1a: Skarmory|move: Roost
|move|p2a: Slowking|Future Sight|p1a: Skarmory
|-start|p2a: Slowking|move: Future Sight
|
|upkeep
|turn|28
|
|t:|1743830949
|move|p1a: Skarmory|Body Press|p2a: Slowking
|-resisted|p2a: Slowking
|-damage|p2a: Slowking|70/100
|move|p2a: Slowking|Ice Beam|p1a: Skarmory
|-damage|p1a: Skarmory|48/100
|
|-heal|p2a: Slowking|77/100|[from] item: Leftovers
|upkeep
|turn|29
|
|t:|1743830954
|move|p1a: Skarmory|Roost|p1a: Skarmory
|-heal|p1a: Skarmory|98/100
|-singleturn|p1a: Skarmory|move: Roost
|move|p2a: Slowking|Ice Beam|p1a: Skarmory
|-resisted|p1a: Skarmory
|-damage|p1a: Skarmory|85/100
|
|-end|p1a: Skarmory|move: Future Sight
|-resisted|p1a: Skarmory
|-damage|p1a: Skarmory|57/100
|-heal|p2a: Slowking|83/100|[from] item: Leftovers
|upkeep
|turn|30
|
|t:|1743830960
|move|p1a: Skarmory|Body Press|p2a: Slowking
|-resisted|p2a: Slowking
|-damage|p2a: Slowking|56/100
|-prepare|p2a: Slowking|Chilly Reception|[premajor]
|move|p2a: Slowking|Chilly Reception|p2a: Slowking
|-weather|Snowscape
|
|t:|1743830962
|switch|p2a: Landorus|Landorus-Therian, M|74/100|[from] Chilly Reception
|-damage|p2a: Landorus|62/100|[from] Stealth Rock
|-ability|p2a: Landorus|Intimidate|boost
|-unboost|p1a: Skarmory|atk|1
|
|-weather|Snowscape|[upkeep]
|upkeep
|turn|31
|
|t:|1743830968
|switch|p2a: Slowking|Slowking-Galar, M|90/100
|-damage|p2a: Slowking|77/100|[from] Spikes
|-damage|p2a: Slowking|65/100|[from] Stealth Rock
|move|p1a: Skarmory|Body Press|p2a: Slowking
|-resisted|p2a: Slowking
|-damage|p2a: Slowking|37/100
|
|-weather|Snowscape|[upkeep]
|-heal|p2a: Slowking|43/100|[from] item: Leftovers
|upkeep
|turn|32
|
|t:|1743830975
|move|p1a: Skarmory|Body Press|p2a: Slowking
|-resisted|p2a: Slowking
|-damage|p2a: Slowking|14/100
|move|p2a: Slowking|Future Sight|p1a: Skarmory
|-start|p2a: Slowking|move: Future Sight
|
|-weather|Snowscape|[upkeep]
|-heal|p2a: Slowking|20/100|[from] item: Leftovers
|upkeep
|turn|33
|
|t:|1743830980
|switch|p2a: Landorus|Landorus-Therian, M|62/100
|-damage|p2a: Landorus|50/100|[from] Stealth Rock
|-ability|p2a: Landorus|Intimidate|boost
|-unboost|p1a: Skarmory|atk|1
|move|p1a: Skarmory|Body Press|p2a: Landorus
|-resisted|p2a: Landorus
|-damage|p2a: Landorus|0 fnt
|-damage|p1a: Skarmory|40/100|[from] item: Rocky Helmet|[of] p2a: Landorus
|faint|p2a: Landorus
|
|-weather|Snowscape|[upkeep]
|upkeep
|
|t:|1743830983
|switch|p2a: Meowscarada|Meowscarada, M|88/100
|-damage|p2a: Meowscarada|76/100|[from] Spikes
|-damage|p2a: Meowscarada|64/100|[from] Stealth Rock
|turn|34
|
|t:|1743830990
|move|p2a: Meowscarada|Triple Axel|p1a: Skarmory
|-start|p2a: Meowscarada|typechange|Ice|[from] ability: Protean
|-damage|p1a: Skarmory|38/100
|-damage|p2a: Meowscarada|47/100|[from] item: Rocky Helmet|[of] p1a: Skarmory
|-damage|p1a: Skarmory|32/100
|-damage|p2a: Meowscarada|31/100|[from] item: Rocky Helmet|[of] p1a: Skarmory
|-damage|p1a: Skarmory|26/100
|-damage|p2a: Meowscarada|14/100|[from] item: Rocky Helmet|[of] p1a: Skarmory
|-hitcount|p1a: Skarmory|3
|move|p1a: Skarmory|Roost|p1a: Skarmory
|-heal|p1a: Skarmory|76/100
|-singleturn|p1a: Skarmory|move: Roost
|
|-weather|none
|-end|p1a: Skarmory|move: Future Sight
|-resisted|p1a: Skarmory
|-damage|p1a: Skarmory|48/100
|upkeep
|turn|35
|
|t:|1743831001
|move|p2a: Meowscarada|Triple Axel|p1a: Skarmory
|-damage|p1a: Skarmory|45/100
|-damage|p2a: Meowscarada|0 fnt|[from] item: Rocky Helmet|[of] p1a: Skarmory
|faint|p2a: Meowscarada
|-hitcount|p1a: Skarmory|1
|move|p1a: Skarmory|Roost|p1a: Skarmory
|-heal|p1a: Skarmory|95/100
|-singleturn|p1a: Skarmory|move: Roost
|
|upkeep
|
|t:|1743831005
|switch|p2a: Slowking|Slowking-Galar, M|54/100
|-damage|p2a: Slowking|41/100|[from] Spikes
|-damage|p2a: Slowking|29/100|[from] Stealth Rock
|turn|36
|
|t:|1743831008
|move|p1a: Skarmory|Body Press|p2a: Slowking
|-resisted|p2a: Slowking
|-crit|p2a: Slowking
|-damage|p2a: Slowking|0 fnt
|faint|p2a: Slowking
|
|win|goat3000
|raw|goat3000's rating: 1256 &rarr; <strong>1280</strong><br />(+24 for winning)
|raw|LT02's rating: 1247 &rarr; <strong>1223</strong><br />(-24 for losing)
|c|☆goat3000|ggs
|l|☆LT02
|player|p2|
|l|☆goat3000
|player|p1|
