|j|☆cuervotesteador
|j|☆AkieAkie
|t:|1743874052
|gametype|singles
|player|p1|cuervotesteador|102|1409
|player|p2|AkieAkie|rosa|1450
|teamsize|p1|6
|teamsize|p2|6
|gen|9
|tier|[Gen 9] OU
|rated|
|rule|HP Percentage Mod: HP is shown in percentages
|rule|Endless Battle Clause: Forcing endless battles is banned
|rule|Species Clause: Limit one of each Pokémon
|rule|OHKO Clause: OHKO moves are banned
|rule|Evasion Items Clause: Evasion items are banned
|rule|Evasion Moves Clause: Evasion moves are banned
|rule|Sleep Moves Clause: Sleep-inducing moves are banned
|clearpoke
|poke|p1|Hitmonchan, M|
|poke|p1|Moltres|
|poke|p1|Frosmoth, F|
|poke|p1|Iron Crown|
|poke|p1|Landorus-Therian, M|
|poke|p1|Ogerpon-Wellspring, F|
|poke|p2|Dragonite, M|
|poke|p2|Ting-Lu|
|poke|p2|Gholdengo|
|poke|p2|Iron Valiant|
|poke|p2|Zamazenta-*|
|poke|p2|Kingambit, F|
|teampreview
|inactive|Battle timer is ON: inactive players will automatically lose when time's up. (requested by AkieAkie)
|inactive|cuervotesteador has 120 seconds left.
|
|t:|1743874110
|start
|switch|p1a: Landorus|Landorus-Therian, M|100/100
|switch|p2a: Zamazenta|Zamazenta|100/100
|-ability|p1a: Landorus|Intimidate|boost
|-fail|p2a: Zamazenta|unboost|[from] item: Clear Amulet|[of] p2a: Zamazenta
|-ability|p2a: Zamazenta|Dauntless Shield|boost
|-boost|p2a: Zamazenta|def|1
|turn|1
|inactive|AkieAkie has 120 seconds left.
|
|t:|1743874145
|switch|p1a: Moltres|Moltres|100/100
|move|p2a: Zamazenta|Howl|p2a: Zamazenta
|-boost|p2a: Zamazenta|atk|1
|
|upkeep
|turn|2
|
|t:|1743874153
|switch|p2a: Gholdengo|Gholdengo|100/100
|-item|p2a: Gholdengo|Air Balloon
|move|p1a: Moltres|Roar|p2a: Gholdengo
|-immune|p2a: Gholdengo|[from] ability: Good as Gold
|
|upkeep
|turn|3
|
|t:|1743874165
|switch|p2a: Ting-Lu|Ting-Lu|100/100
|-ability|p2a: Ting-Lu|Vessel of Ruin
|move|p1a: Moltres|Flamethrower|p2a: Ting-Lu
|-damage|p2a: Ting-Lu|85/100
|-enditem|p2a: Ting-Lu|Red Card|[of] p1a: Moltres
|drag|p1a: Frosmoth|Frosmoth, F|100/100
|
|upkeep
|turn|4
|
|t:|1743874175
|move|p1a: Frosmoth|Ice Beam|p2a: Ting-Lu
|-supereffective|p2a: Ting-Lu
|-damage|p2a: Ting-Lu|50/100
|move|p2a: Ting-Lu|Taunt|p1a: Frosmoth
|-start|p1a: Frosmoth|move: Taunt
|
|upkeep
|turn|5
|
|t:|1743874181
|move|p1a: Frosmoth|Ice Beam|p2a: Ting-Lu
|-supereffective|p2a: Ting-Lu
|-damage|p2a: Ting-Lu|16/100
|move|p2a: Ting-Lu|Stealth Rock|p1a: Frosmoth
|-sidestart|p1: cuervotesteador|move: Stealth Rock
|
|upkeep
|turn|6
|
|t:|1743874187
|move|p1a: Frosmoth|Ice Beam|p2a: Ting-Lu
|-supereffective|p2a: Ting-Lu
|-damage|p2a: Ting-Lu|0 fnt
|faint|p2a: Ting-Lu
|
|upkeep
|
|t:|1743874190
|switch|p2a: Zamazenta|Zamazenta|100/100
|turn|7
|
|t:|1743874197
|switch|p1a: Moltres|Moltres|100/100
|move|p2a: Zamazenta|Howl|p2a: Zamazenta
|-boost|p2a: Zamazenta|atk|1
|
|upkeep
|turn|8
|
|t:|1743874204
|move|p2a: Zamazenta|Crunch|p1a: Moltres
|-crit|p1a: Moltres
|-damage|p1a: Moltres|58/100
|move|p1a: Moltres|Roar|p2a: Zamazenta
|drag|p2a: Iron Valiant|Iron Valiant|100/100
|-enditem|p2a: Iron Valiant|Booster Energy
|-activate|p2a: Iron Valiant|ability: Quark Drive|[fromitem]
|-start|p2a: Iron Valiant|quarkdrivespe
|
|upkeep
|turn|9
|
|t:|1743874212
|move|p2a: Iron Valiant|Thunderbolt|p1a: Moltres
|-supereffective|p1a: Moltres
|-damage|p1a: Moltres|0 fnt
|faint|p1a: Moltres
|
|upkeep
|
|t:|1743874219
|switch|p1a: Iron Crown|Iron Crown|100/100
|-damage|p1a: Iron Crown|94/100|[from] Stealth Rock
|turn|10
|
|t:|1743874228
|move|p2a: Iron Valiant|Calm Mind|p2a: Iron Valiant
|-boost|p2a: Iron Valiant|spa|1
|-boost|p2a: Iron Valiant|spd|1
|move|p1a: Iron Crown|Tachyon Cutter|p2a: Iron Valiant
|-supereffective|p2a: Iron Valiant
|-damage|p2a: Iron Valiant|40/100
|-supereffective|p2a: Iron Valiant
|-damage|p2a: Iron Valiant|0 fnt
|faint|p2a: Iron Valiant
|-end|p2a: Iron Valiant|Quark Drive|[silent]
|-hitcount|p2: Iron Valiant|2
|
|upkeep
|
|t:|1743874236
|switch|p2a: Zamazenta|Zamazenta|100/100
|turn|11
|
|t:|1743874248
|move|p2a: Zamazenta|Crunch|p1a: Iron Crown
|-supereffective|p1a: Iron Crown
|-damage|p1a: Iron Crown|40/100
|move|p1a: Iron Crown|Psychic Noise|p2a: Zamazenta
|-supereffective|p2a: Zamazenta
|-damage|p2a: Zamazenta|34/100
|-start|p2a: Zamazenta|move: Heal Block
|
|upkeep
|turn|12
|
|t:|1743874259
|move|p2a: Zamazenta|Crunch|p1a: Iron Crown
|-supereffective|p1a: Iron Crown
|-damage|p1a: Iron Crown|0 fnt
|faint|p1a: Iron Crown
|-end|p1a: Iron Crown|Quark Drive|[silent]
|
|-end|p2a: Zamazenta|move: Heal Block
|upkeep
|
|t:|1743874272
|switch|p1a: Landorus|Landorus-Therian, M|100/100
|-damage|p1a: Landorus|88/100|[from] Stealth Rock
|-ability|p1a: Landorus|Intimidate|boost
|-fail|p2a: Zamazenta|unboost|[from] item: Clear Amulet|[of] p2a: Zamazenta
|turn|13
|
|t:|1743874286
|switch|p1a: Frosmoth|Frosmoth, F|100/100
|move|p2a: Zamazenta|Ice Fang|p1a: Frosmoth
|-resisted|p1a: Frosmoth
|-damage|p1a: Frosmoth|85/100
|
|upkeep
|turn|14
|
|t:|1743874293
|move|p2a: Zamazenta|Close Combat|p1a: Frosmoth
|-damage|p1a: Frosmoth|3/100
|-unboost|p2a: Zamazenta|def|1
|-unboost|p2a: Zamazenta|spd|1
|move|p1a: Frosmoth|Ice Beam|p2a: Zamazenta
|-damage|p2a: Zamazenta|0 fnt
|faint|p2a: Zamazenta
|
|upkeep
|
|t:|1743874301
|switch|p2a: Gholdengo|Gholdengo|100/100
|-item|p2a: Gholdengo|Air Balloon
|turn|15
|
|t:|1743874308
|move|p2a: Gholdengo|Shadow Ball|p1a: Frosmoth
|-damage|p1a: Frosmoth|0 fnt
|faint|p1a: Frosmoth
|
|upkeep
|-message|cuervotesteador forfeited.
|
|win|AkieAkie
|raw|cuervotesteador's rating: 1409 &rarr; <strong>1391</strong><br />(-18 for losing)
|raw|AkieAkie's rating: 1450 &rarr; <strong>1468</strong><br />(+18 for winning)
|l|☆cuervotesteador
|player|p1|
|l|☆AkieAkie
|player|p2|
