|j|☆shazcollectibles
|j|☆janish_
|t:|1743880860
|gametype|singles
|player|p1|shazcollectibles|1|1334
|player|p2|janish_|unknown|1295
|teamsize|p1|6
|teamsize|p2|6
|gen|9
|tier|[Gen 9] OU
|rated|
|rule|HP Percentage Mod: HP is shown in percentages
|rule|Endless Battle Clause: Forcing endless battles is banned
|rule|Species Clause: Limit one of each Pokémon
|rule|OHKO Clause: OHKO moves are banned
|rule|Evasion Items Clause: Evasion items are banned
|rule|Evasion Moves Clause: Evasion moves are banned
|rule|Sleep Moves Clause: Sleep-inducing moves are banned
|clearpoke
|poke|p1|Magnezone|
|poke|p1|Garchomp, M|
|poke|p1|Staraptor, F|
|poke|p1|Floatzel, F|
|poke|p1|Mismagius, F|
|poke|p1|Infernape, F|
|poke|p2|Heatran, F|
|poke|p2|Hydrapple, M|
|poke|p2|Blissey, F|
|poke|p2|Alomomola, M|
|poke|p2|Gliscor, M|
|poke|p2|Corviknight, M|
|teampreview
|inactive|Battle timer is ON: inactive players will automatically lose when time's up. (requested by janish_)
|
|t:|1743880887
|start
|switch|p1a: Floatzel|Floatzel, F|100/100
|switch|p2a: Gliscor|Gliscor, M, shiny|100/100
|turn|1
|
|t:|1743880893
|move|p2a: Gliscor|Protect|p2a: Gliscor
|-singleturn|p2a: Gliscor|Protect
|move|p1a: Floatzel|Flip Turn|p2a: Gliscor
|-activate|p2a: Gliscor|move: Protect
|
|-status|p2a: Gliscor|tox|[from] item: Toxic Orb
|upkeep
|turn|2
|
|t:|1743880906
|switch|p2a: Alomomola|Alomomola, M|100/100
|move|p1a: Floatzel|Flip Turn|p2a: Alomomola
|-resisted|p2a: Alomomola
|-damage|p2a: Alomomola|93/100
|
|t:|1743880911
|switch|p1a: Mismagius|Mismagius, F|100/100|[from] Flip Turn
|
|upkeep
|turn|3
|
|t:|1743880922
|move|p2a: Alomomola|Protect|p2a: Alomomola
|-singleturn|p2a: Alomomola|Protect
|move|p1a: Mismagius|Will-O-Wisp|p2a: Alomomola
|-activate|p2a: Alomomola|move: Protect
|
|upkeep
|turn|4
|
|t:|1743880930
|move|p1a: Mismagius|Nasty Plot|p1a: Mismagius
|-boost|p1a: Mismagius|spa|2
|move|p2a: Alomomola|Flip Turn|p1a: Mismagius
|-damage|p1a: Mismagius|68/100
|
|t:|1743880944
|switch|p2a: Gliscor|Gliscor, M, shiny|100/100 tox|[from] Flip Turn
|
|upkeep
|turn|5
|
|t:|1743880948
|move|p1a: Mismagius|Shadow Ball|p2a: Gliscor
|-damage|p2a: Gliscor|40/100 tox
|move|p2a: Gliscor|Knock Off|p1a: Mismagius
|-supereffective|p1a: Mismagius
|-damage|p1a: Mismagius|0 fnt
|-enditem|p1a: Mismagius|Aguav Berry|[from] move: Knock Off|[of] p2a: Gliscor
|faint|p1a: Mismagius
|
|-heal|p2a: Gliscor|52/100 tox|[from] ability: Poison Heal
|upkeep
|
|t:|1743880957
|switch|p1a: Garchomp|Garchomp, M|100/100
|turn|6
|
|t:|1743880961
|move|p2a: Gliscor|Protect|p2a: Gliscor
|-singleturn|p2a: Gliscor|Protect
|move|p1a: Garchomp|Swords Dance|p1a: Garchomp
|-boost|p1a: Garchomp|atk|2
|
|-heal|p2a: Gliscor|65/100 tox|[from] ability: Poison Heal
|upkeep
|turn|7
|
|t:|1743880972
|-terastallize|p2a: Gliscor|Steel
|move|p1a: Garchomp|Swords Dance|p1a: Garchomp
|-boost|p1a: Garchomp|atk|2
|move|p2a: Gliscor|Toxic|p1a: Garchomp
|-status|p1a: Garchomp|tox
|
|-damage|p1a: Garchomp|94/100 tox|[from] psn
|-heal|p2a: Gliscor|77/100 tox|[from] ability: Poison Heal
|upkeep
|turn|8
|
|t:|1743880978
|move|p2a: Gliscor|Protect|p2a: Gliscor
|-singleturn|p2a: Gliscor|Protect
|move|p1a: Garchomp|Swords Dance|p1a: Garchomp
|-boost|p1a: Garchomp|atk|2
|
|-damage|p1a: Garchomp|82/100 tox|[from] psn
|-heal|p2a: Gliscor|90/100 tox|[from] ability: Poison Heal
|upkeep
|turn|9
|
|t:|1743880989
|switch|p2a: Corviknight|Corviknight, M|100/100
|-ability|p2a: Corviknight|Pressure
|move|p1a: Garchomp|Stone Edge|p2a: Corviknight|[miss]
|-miss|p1a: Garchomp|p2a: Corviknight
|
|-damage|p1a: Garchomp|64/100 tox|[from] psn
|upkeep
|turn|10
|
|t:|1743881002
|move|p1a: Garchomp|Stone Edge|p2a: Corviknight
|-damage|p2a: Corviknight|0 fnt
|faint|p2a: Corviknight
|-damage|p1a: Garchomp|54/100 tox|[from] item: Life Orb
|
|-damage|p1a: Garchomp|29/100 tox|[from] psn
|upkeep
|
|t:|1743881010
|switch|p2a: Gliscor|Gliscor, M, shiny, tera:Steel|90/100 tox
|turn|11
|
|t:|1743881016
|switch|p1a: Magnezone|Magnezone|100/100
|move|p2a: Gliscor|Protect||[still]
|-fail|p2a: Gliscor
|
|-heal|p2a: Gliscor|100/100 tox|[from] ability: Poison Heal
|upkeep
|turn|12
|
|t:|1743881035
|switch|p2a: Hydrapple|Hydrapple, M|100/100
|switch|p1a: Staraptor|Staraptor, F|100/100
|
|upkeep
|turn|13
|
|t:|1743881044
|switch|p2a: Gliscor|Gliscor, M, shiny, tera:Steel|100/100 tox
|move|p1a: Staraptor|Brave Bird|p2a: Gliscor
|-resisted|p2a: Gliscor
|-damage|p2a: Gliscor|71/100 tox
|-damage|p1a: Staraptor|89/100|[from] Recoil
|
|-heal|p2a: Gliscor|83/100 tox|[from] ability: Poison Heal
|upkeep
|turn|14
|
|t:|1743881050
|move|p2a: Gliscor|Protect|p2a: Gliscor
|-singleturn|p2a: Gliscor|Protect
|move|p1a: Staraptor|Close Combat|p2a: Gliscor
|-activate|p2a: Gliscor|move: Protect
|
|-heal|p2a: Gliscor|96/100 tox|[from] ability: Poison Heal
|upkeep
|turn|15
|
|t:|1743881070
|switch|p2a: Heatran|Heatran, F|100/100
|move|p1a: Staraptor|U-turn|p2a: Heatran
|-resisted|p2a: Heatran
|-damage|p2a: Heatran|97/100
|
|t:|1743881077
|switch|p1a: Infernape|Infernape, F|100/100|[from] U-turn
|
|upkeep
|turn|16
|
|t:|1743881082
|move|p1a: Infernape|Swords Dance|p1a: Infernape
|-boost|p1a: Infernape|atk|2
|move|p2a: Heatran|Stealth Rock|p1a: Infernape
|-sidestart|p1: shazcollectibles|move: Stealth Rock
|
|upkeep
|turn|17
|inactive|janish_ has 120 seconds left.
|
|t:|1743881118
|switch|p2a: Alomomola|Alomomola, M|100/100
|move|p1a: Infernape|Close Combat|p2a: Alomomola
|-damage|p2a: Alomomola|40/100
|-unboost|p1a: Infernape|def|1
|-unboost|p1a: Infernape|spd|1
|
|upkeep
|turn|18
|inactive|janish_ has 120 seconds left.
|
|t:|1743881126
|move|p2a: Alomomola|Protect|p2a: Alomomola
|-singleturn|p2a: Alomomola|Protect
|move|p1a: Infernape|Close Combat|p2a: Alomomola
|-activate|p2a: Alomomola|move: Protect
|
|upkeep
|turn|19
|
|t:|1743881132
|move|p1a: Infernape|Close Combat|p2a: Alomomola
|-damage|p2a: Alomomola|0 fnt
|-unboost|p1a: Infernape|def|1
|-unboost|p1a: Infernape|spd|1
|faint|p2a: Alomomola
|
|upkeep
|
|t:|1743881142
|switch|p2a: Hydrapple|Hydrapple, M|100/100
|turn|20
|
|t:|1743881148
|move|p1a: Infernape|Close Combat|p2a: Hydrapple
|-damage|p2a: Hydrapple|29/100
|-unboost|p1a: Infernape|def|1
|-unboost|p1a: Infernape|spd|1
|move|p2a: Hydrapple|Earth Power|p1a: Infernape
|-supereffective|p1a: Infernape
|-damage|p1a: Infernape|0 fnt
|faint|p1a: Infernape
|
|upkeep
|
|t:|1743881158
|switch|p1a: Staraptor|Staraptor, F|89/100
|turn|21
|
|t:|1743881171
|switch|p2a: Heatran|Heatran, F|97/100
|move|p1a: Staraptor|U-turn|p2a: Heatran
|-resisted|p2a: Heatran
|-damage|p2a: Heatran|93/100
|
|t:|1743881175
|switch|p1a: Garchomp|Garchomp, M|29/100 tox|[from] U-turn
|-damage|p1a: Garchomp|23/100 tox|[from] Stealth Rock
|
|-damage|p1a: Garchomp|17/100 tox|[from] psn
|upkeep
|turn|22
|
|t:|1743881201
|switch|p2a: Hydrapple|Hydrapple, M|63/100
|move|p1a: Garchomp|Earthquake|p2a: Hydrapple
|-resisted|p2a: Hydrapple
|-damage|p2a: Hydrapple|45/100
|-damage|p1a: Garchomp|7/100 tox|[from] item: Life Orb
|
|-damage|p1a: Garchomp|0 fnt|[from] psn
|faint|p1a: Garchomp
|upkeep
|
|t:|1743881208
|switch|p1a: Staraptor|Staraptor, F|89/100
|turn|23
|
|t:|1743881225
|switch|p2a: Heatran|Heatran, F|93/100
|move|p1a: Staraptor|Brave Bird|p2a: Heatran
|-resisted|p2a: Heatran
|-damage|p2a: Heatran|71/100
|-damage|p1a: Staraptor|80/100|[from] Recoil
|
|upkeep
|turn|24
|
|t:|1743881236
|move|p1a: Staraptor|Close Combat|p2a: Heatran
|-supereffective|p2a: Heatran
|-damage|p2a: Heatran|19/100
|-unboost|p1a: Staraptor|def|1
|-unboost|p1a: Staraptor|spd|1
|move|p2a: Heatran|Will-O-Wisp|p1a: Staraptor|[miss]
|-miss|p2a: Heatran|p1a: Staraptor
|
|upkeep
|turn|25
|
|t:|1743881241
|move|p1a: Staraptor|Close Combat|p2a: Heatran
|-supereffective|p2a: Heatran
|-crit|p2a: Heatran
|-damage|p2a: Heatran|0 fnt
|-unboost|p1a: Staraptor|def|1
|-unboost|p1a: Staraptor|spd|1
|faint|p2a: Heatran
|
|upkeep
|
|t:|1743881253
|switch|p2a: Hydrapple|Hydrapple, M|78/100
|turn|26
|
|t:|1743881255
|move|p1a: Staraptor|Brave Bird|p2a: Hydrapple
|-supereffective|p2a: Hydrapple
|-damage|p2a: Hydrapple|0 fnt
|faint|p2a: Hydrapple
|-damage|p1a: Staraptor|46/100|[from] Recoil
|
|upkeep
|
|t:|1743881258
|switch|p2a: Blissey|Blissey, F|100/100
|turn|27
|
|t:|1743881261
|move|p1a: Staraptor|Close Combat|p2a: Blissey
|-supereffective|p2a: Blissey
|-damage|p2a: Blissey|23/100
|-unboost|p1a: Staraptor|def|1
|-unboost|p1a: Staraptor|spd|1
|move|p2a: Blissey|Flamethrower|p1a: Staraptor
|-damage|p1a: Staraptor|0 fnt
|faint|p1a: Staraptor
|
|upkeep
|
|t:|1743881265
|switch|p1a: Floatzel|Floatzel, F|100/100
|-damage|p1a: Floatzel|88/100|[from] Stealth Rock
|turn|28
|
|t:|1743881272
|move|p1a: Floatzel|Low Kick|p2a: Blissey
|-supereffective|p2a: Blissey
|-damage|p2a: Blissey|0 fnt
|faint|p2a: Blissey
|
|upkeep
|
|t:|1743881274
|switch|p2a: Gliscor|Gliscor, M, shiny, tera:Steel|96/100 tox
|turn|29
|
|t:|1743881278
|move|p1a: Floatzel|Low Kick|p2a: Gliscor
|-supereffective|p2a: Gliscor
|-damage|p2a: Gliscor|64/100 tox
|move|p2a: Gliscor|Toxic|p1a: Floatzel
|-status|p1a: Floatzel|tox
|
|-damage|p1a: Floatzel|82/100 tox|[from] psn
|-heal|p2a: Gliscor|77/100 tox|[from] ability: Poison Heal
|upkeep
|turn|30
|
|t:|1743881283
|move|p2a: Gliscor|Protect|p2a: Gliscor
|-singleturn|p2a: Gliscor|Protect
|move|p1a: Floatzel|Low Kick|p2a: Gliscor
|-activate|p2a: Gliscor|move: Protect
|
|-damage|p1a: Floatzel|70/100 tox|[from] psn
|-heal|p2a: Gliscor|89/100 tox|[from] ability: Poison Heal
|upkeep
|turn|31
|
|t:|1743881289
|move|p1a: Floatzel|Low Kick|p2a: Gliscor
|-supereffective|p2a: Gliscor
|-damage|p2a: Gliscor|57/100 tox
|move|p2a: Gliscor|Knock Off|p1a: Floatzel
|-damage|p1a: Floatzel|31/100 tox
|-enditem|p1a: Floatzel|Choice Scarf|[from] move: Knock Off|[of] p2a: Gliscor
|
|-damage|p1a: Floatzel|12/100 tox|[from] psn
|-heal|p2a: Gliscor|70/100 tox|[from] ability: Poison Heal
|upkeep
|turn|32
|
|t:|1743881297
|move|p2a: Gliscor|Protect|p2a: Gliscor
|-singleturn|p2a: Gliscor|Protect
|move|p1a: Floatzel|Low Kick|p2a: Gliscor
|-activate|p2a: Gliscor|move: Protect
|
|-damage|p1a: Floatzel|0 fnt|[from] psn
|faint|p1a: Floatzel
|-heal|p2a: Gliscor|82/100 tox|[from] ability: Poison Heal
|upkeep
|
|t:|1743881299
|switch|p1a: Magnezone|Magnezone|100/100
|-damage|p1a: Magnezone|94/100|[from] Stealth Rock
|turn|33
|
|t:|1743881322
|-terastallize|p1a: Magnezone|Bug
|move|p2a: Gliscor|Knock Off|p1a: Magnezone
|-damage|p1a: Magnezone|75/100
|-enditem|p1a: Magnezone|Choice Specs|[from] move: Knock Off|[of] p2a: Gliscor
|move|p1a: Magnezone|Thunderbolt|p2a: Gliscor
|-damage|p2a: Gliscor|23/100 tox
|
|-heal|p2a: Gliscor|35/100 tox|[from] ability: Poison Heal
|upkeep
|turn|34
|
|t:|1743881327
|move|p2a: Gliscor|Protect|p2a: Gliscor
|-singleturn|p2a: Gliscor|Protect
|move|p1a: Magnezone|Thunderbolt|p2a: Gliscor
|-activate|p2a: Gliscor|move: Protect
|
|-heal|p2a: Gliscor|48/100 tox|[from] ability: Poison Heal
|upkeep
|turn|35
|
|t:|1743881330
|move|p2a: Gliscor|Toxic|p1a: Magnezone
|-status|p1a: Magnezone|tox
|move|p1a: Magnezone|Thunderbolt|p2a: Gliscor
|-damage|p2a: Gliscor|0 fnt
|faint|p2a: Gliscor
|
|win|shazcollectibles
|raw|shazcollectibles's rating: 1334 &rarr; <strong>1352</strong><br />(+18 for winning)
|raw|janish_'s rating: 1295 &rarr; <strong>1273</strong><br />(-22 for losing)
|l|☆shazcollectibles
|player|p1|
|l|☆janish_
|player|p2|
