|j|☆Mossful
|j|☆Yovanna.
|t:|1743927559
|gametype|singles
|player|p1|Mossful|juniper|1301
|player|p2|Yovanna.|102|1323
|teamsize|p1|6
|teamsize|p2|6
|gen|9
|tier|[Gen 9] OU
|rated|
|rule|HP Percentage Mod: HP is shown in percentages
|rule|Endless Battle Clause: Forcing endless battles is banned
|rule|Species Clause: Limit one of each Pokémon
|rule|OHKO Clause: OHKO moves are banned
|rule|Evasion Items Clause: Evasion items are banned
|rule|Evasion Moves Clause: Evasion moves are banned
|rule|Sleep Moves Clause: Sleep-inducing moves are banned
|clearpoke
|poke|p1|Samurott-Hisui, F|
|poke|p1|Gholdengo|
|poke|p1|Great Tusk|
|poke|p1|Dragonite, M|
|poke|p1|Blaziken, M|
|poke|p1|Raging Bolt|
|poke|p2|Raging Bolt|
|poke|p2|Great Tusk|
|poke|p2|Slowking-Galar, M|
|poke|p2|Sinistcha|
|poke|p2|Iron Valiant|
|poke|p2|Moltres-Galar|
|teampreview
|
|t:|1743927569
|start
|switch|p1a: Samurott|Samurott-Hisui, F, shiny|100/100
|switch|p2a: Raging Bolt|Raging Bolt|100/100
|turn|1
|
|t:|1743927577
|move|p1a: Samurott|Ceaseless Edge|p2a: Raging Bolt
|-damage|p2a: Raging Bolt|57/100
|-sidestart|p2: Yovanna.|Spikes
|move|p2a: Raging Bolt|Volt Switch|p1a: Samurott
|-supereffective|p1a: Samurott
|-enditem|p1a: Samurott|Focus Sash
|-damage|p1a: Samurott|1/100
|j| LoodewhX
|l| LoodewhX
|
|t:|1743927588
|-end|p2a: Raging Bolt|Protosynthesis|[silent]
|switch|p2a: Moltres|Moltres-Galar|100/100|[from] Volt Switch
|
|upkeep
|turn|2
|
|t:|1743927593
|move|p2a: Moltres|U-turn|p1a: Samurott
|-supereffective|p1a: Samurott
|-damage|p1a: Samurott|0 fnt
|faint|p1a: Samurott
|
|t:|1743927600
|switch|p2a: Raging Bolt|Raging Bolt|57/100|[from] U-turn
|
|upkeep
|
|t:|1743927603
|switch|p1a: Great Tusk|Great Tusk, shiny|100/100
|turn|3
|
|t:|1743927609
|move|p1a: Great Tusk|Stealth Rock|p2a: Raging Bolt
|-sidestart|p2: Yovanna.|move: Stealth Rock
|move|p2a: Raging Bolt|Draco Meteor|p1a: Great Tusk
|-damage|p1a: Great Tusk|0 fnt
|-unboost|p2a: Raging Bolt|spa|2
|faint|p1a: Great Tusk
|-end|p1a: Great Tusk|Protosynthesis|[silent]
|
|upkeep
|
|t:|1743927617
|switch|p1a: Blaziken|Blaziken, M, shiny|100/100
|turn|4
|
|t:|1743927621
|move|p1a: Blaziken|Focus Energy|p1a: Blaziken
|-start|p1a: Blaziken|move: Focus Energy
|move|p2a: Raging Bolt|Taunt|p1a: Blaziken
|-start|p1a: Blaziken|move: Taunt
|
|-ability|p1a: Blaziken|Speed Boost|boost
|-boost|p1a: Blaziken|spe|1
|upkeep
|turn|5
|
|t:|1743927628
|move|p1a: Blaziken|Aura Sphere|p2a: Raging Bolt
|-crit|p2a: Raging Bolt
|-damage|p2a: Raging Bolt|0 fnt
|faint|p2a: Raging Bolt
|-end|p2a: Raging Bolt|Protosynthesis|[silent]
|
|-ability|p1a: Blaziken|Speed Boost|boost
|-boost|p1a: Blaziken|spe|1
|upkeep
|
|t:|1743927639
|switch|p2a: Slowking|Slowking-Galar, M|100/100
|turn|6
|
|t:|1743927643
|move|p1a: Blaziken|Overheat|p2a: Slowking
|-crit|p2a: Slowking
|-damage|p2a: Slowking|45/100
|-unboost|p1a: Blaziken|spa|2
|move|p2a: Slowking|Thunder Wave|p1a: Blaziken
|-status|p1a: Blaziken|par
|
|-ability|p1a: Blaziken|Speed Boost|boost
|-boost|p1a: Blaziken|spe|1
|upkeep
|turn|7
|
|t:|1743927653
|move|p1a: Blaziken|Overheat|p2a: Slowking
|-crit|p2a: Slowking
|-damage|p2a: Slowking|0 fnt
|-unboost|p1a: Blaziken|spa|2
|faint|p2a: Slowking
|
|-end|p1a: Blaziken|move: Taunt
|-ability|p1a: Blaziken|Speed Boost|boost
|-boost|p1a: Blaziken|spe|1
|upkeep
|
|t:|1743927663
|switch|p2a: Iron Valiant|Iron Valiant|100/100
|-damage|p2a: Iron Valiant|88/100|[from] Spikes
|-damage|p2a: Iron Valiant|82/100|[from] Stealth Rock
|-enditem|p2a: Iron Valiant|Booster Energy
|-activate|p2a: Iron Valiant|ability: Quark Drive|[fromitem]
|-start|p2a: Iron Valiant|quarkdrivespe
|turn|8
|
|t:|1743927673
|move|p2a: Iron Valiant|Calm Mind|p2a: Iron Valiant
|-boost|p2a: Iron Valiant|spa|1
|-boost|p2a: Iron Valiant|spd|1
|move|p1a: Blaziken|Overheat|p2a: Iron Valiant
|-crit|p2a: Iron Valiant
|-damage|p2a: Iron Valiant|0 fnt
|-unboost|p1a: Blaziken|spa|2
|faint|p2a: Iron Valiant
|-end|p2a: Iron Valiant|Quark Drive|[silent]
|
|-ability|p1a: Blaziken|Speed Boost|boost
|-boost|p1a: Blaziken|spe|1
|upkeep
|-message|Yovanna. forfeited.
|
|win|Mossful
|raw|Mossful's rating: 1301 &rarr; <strong>1322</strong><br />(+21 for winning)
|raw|Yovanna.'s rating: 1323 &rarr; <strong>1302</strong><br />(-21 for losing)
|l|☆Yovanna.
|player|p2|
|l|☆Mossful
|player|p1|
