|j|☆Supa Dupa Hoopa
|j|☆cab3to
|t:|1743904480
|gametype|singles
|player|p1|Supa Dupa Hoopa|169|1424
|player|p2|cab3to|102|1418
|teamsize|p1|6
|teamsize|p2|6
|gen|9
|tier|[Gen 9] OU
|rated|
|rule|HP Percentage Mod: HP is shown in percentages
|rule|Endless Battle Clause: Forcing endless battles is banned
|rule|Species Clause: Limit one of each Pokémon
|rule|OHKO Clause: OHKO moves are banned
|rule|Evasion Items Clause: Evasion items are banned
|rule|Evasion Moves Clause: Evasion moves are banned
|rule|Sleep Moves Clause: Sleep-inducing moves are banned
|clearpoke
|poke|p1|Great Tusk|
|poke|p1|Dragapult, F|
|poke|p1|Corviknight, M|
|poke|p1|Clodsire, F|
|poke|p1|Meowscarada, M|
|poke|p1|Toxtricity-Low-Key, F|
|poke|p2|Garganacl, M|
|poke|p2|Blissey, F|
|poke|p2|Corviknight, F|
|poke|p2|Dondozo, F|
|poke|p2|Landorus-Therian, M|
|poke|p2|Hatterene, F|
|teampreview
|
|t:|1743904495
|start
|switch|p1a: Dragapult|Dragapult, F|100/100
|switch|p2a: Landorus|Landorus-Therian, M|100/100
|-ability|p2a: Landorus|Intimidate|boost
|-fail|p1a: Dragapult|unboost|[from] ability: Clear Body|[of] p1a: Dragapult
|turn|1
|
|t:|1743904530
|switch|p2a: Blissey|Blissey, F|100/100
|move|p1a: Dragapult|Will-O-Wisp|p2a: Blissey
|-status|p2a: Blissey|brn
|
|-damage|p2a: Blissey|94/100 brn|[from] brn
|upkeep
|turn|2
|
|t:|1743904543
|switch|p1a: Corviknight|Corviknight, M|100/100
|-ability|p1a: Corviknight|Pressure
|-curestatus|p2a: Blissey|brn|[from] ability: Natural Cure
|switch|p2a: Corviknight|Corviknight, F|100/100
|
|upkeep
|turn|3
|
|t:|1743904561
|move|p2a: Corviknight|Iron Head|p1a: Corviknight
|-resisted|p1a: Corviknight
|-damage|p1a: Corviknight|91/100
|move|p1a: Corviknight|Bulk Up|p1a: Corviknight
|-boost|p1a: Corviknight|atk|1
|-boost|p1a: Corviknight|def|1
|
|-heal|p1a: Corviknight|97/100|[from] item: Leftovers
|upkeep
|turn|4
|
|t:|1743904571
|switch|p2a: Dondozo|Dondozo, F|100/100
|move|p1a: Corviknight|Bulk Up|p1a: Corviknight
|-boost|p1a: Corviknight|atk|1
|-boost|p1a: Corviknight|def|1
|
|-heal|p1a: Corviknight|100/100|[from] item: Leftovers
|upkeep
|turn|5
|
|t:|1743904580
|switch|p1a: Toxtricity|Toxtricity-Low-Key, F|100/100
|move|p2a: Dondozo|Curse|p2a: Dondozo
|-unboost|p2a: Dondozo|spe|1
|-boost|p2a: Dondozo|atk|1
|-boost|p2a: Dondozo|def|1
|
|upkeep
|turn|6
|
|t:|1743904589
|-terastallize|p1a: Toxtricity|Normal
|-terastallize|p2a: Dondozo|Poison
|move|p1a: Toxtricity|Boomburst|p2a: Dondozo
|-damage|p2a: Dondozo|0 fnt
|faint|p2a: Dondozo
|
|upkeep
|
|t:|1743904598
|switch|p2a: Garganacl|Garganacl, M|100/100
|turn|7
|
|t:|1743904604
|switch|p1a: Meowscarada|Meowscarada, M|100/100
|move|p2a: Garganacl|Salt Cure|p1a: Meowscarada
|-damage|p1a: Meowscarada|77/100
|-start|p1a: Meowscarada|Salt Cure
|
|-damage|p1a: Meowscarada|65/100|[from] Salt Cure
|upkeep
|turn|8
|
|t:|1743904614
|switch|p1a: Toxtricity|Toxtricity-Low-Key, F, tera:Normal|100/100
|move|p2a: Garganacl|Protect||[still]
|-fail|p2a: Garganacl
|
|upkeep
|turn|9
|
|t:|1743904629
|move|p2a: Garganacl|Protect|p2a: Garganacl
|-singleturn|p2a: Garganacl|Protect
|move|p1a: Toxtricity|Boomburst|p2a: Garganacl
|-activate|p2a: Garganacl|move: Protect
|
|upkeep
|turn|10
|
|t:|1743904639
|move|p1a: Toxtricity|Boomburst|p2a: Garganacl
|-resisted|p2a: Garganacl
|-damage|p2a: Garganacl|49/100
|move|p2a: Garganacl|Salt Cure|p1a: Toxtricity
|-damage|p1a: Toxtricity|78/100
|-start|p1a: Toxtricity|Salt Cure
|
|-heal|p2a: Garganacl|55/100|[from] item: Leftovers
|-damage|p1a: Toxtricity|65/100|[from] Salt Cure
|upkeep
|turn|11
|
|t:|1743904650
|switch|p1a: Great Tusk|Great Tusk|100/100
|-enditem|p1a: Great Tusk|Booster Energy
|-activate|p1a: Great Tusk|ability: Protosynthesis|[fromitem]
|-start|p1a: Great Tusk|protosynthesisatk
|move|p2a: Garganacl|Recover|p2a: Garganacl
|-heal|p2a: Garganacl|100/100
|
|upkeep
|turn|12
|
|t:|1743904659
|switch|p2a: Corviknight|Corviknight, F|100/100
|move|p1a: Great Tusk|Stealth Rock|p2a: Corviknight
|-sidestart|p2: cab3to|move: Stealth Rock
|
|upkeep
|turn|13
|
|t:|1743904671
|move|p1a: Great Tusk|Rapid Spin|p2a: Corviknight
|-resisted|p2a: Corviknight
|-damage|p2a: Corviknight|92/100
|-boost|p1a: Great Tusk|spe|1
|-damage|p1a: Great Tusk|84/100|[from] item: Rocky Helmet|[of] p2a: Corviknight
|move|p2a: Corviknight|Defog|p1a: Great Tusk
|-unboost|p1a: Great Tusk|evasion|1
|-sideend|p2: cab3to|Stealth Rock|[from] move: Defog|[of] p2a: Corviknight
|
|upkeep
|turn|14
|
|t:|1743904684
|-end|p1a: Great Tusk|Protosynthesis|[silent]
|switch|p1a: Corviknight|Corviknight, M|100/100
|-ability|p1a: Corviknight|Pressure
|move|p2a: Corviknight|Drill Peck|p1a: Corviknight
|-resisted|p1a: Corviknight
|-damage|p1a: Corviknight|91/100
|
|-heal|p1a: Corviknight|98/100|[from] item: Leftovers
|upkeep
|turn|15
|
|t:|1743904703
|switch|p2a: Landorus|Landorus-Therian, M|100/100
|-ability|p2a: Landorus|Intimidate|boost
|-unboost|p1a: Corviknight|atk|1
|move|p1a: Corviknight|Bulk Up|p1a: Corviknight
|-boost|p1a: Corviknight|atk|1
|-boost|p1a: Corviknight|def|1
|
|-heal|p1a: Corviknight|100/100|[from] item: Leftovers
|upkeep
|turn|16
|
|t:|1743904718
|switch|p2a: Hatterene|Hatterene, F|100/100
|move|p1a: Corviknight|Bulk Up|p1a: Corviknight
|-boost|p1a: Corviknight|atk|1
|-boost|p1a: Corviknight|def|1
|
|upkeep
|turn|17
|
|t:|1743904728
|move|p1a: Corviknight|Bulk Up|p1a: Corviknight
|-boost|p1a: Corviknight|atk|1
|-boost|p1a: Corviknight|def|1
|move|p2a: Hatterene|Nuzzle|p1a: Corviknight
|-supereffective|p1a: Corviknight
|-damage|p1a: Corviknight|98/100
|-status|p1a: Corviknight|par
|
|-heal|p1a: Corviknight|100/100 par|[from] item: Leftovers
|upkeep
|turn|18
|
|t:|1743904741
|move|p2a: Hatterene|Future Sight|p1a: Corviknight
|-start|p2a: Hatterene|move: Future Sight
|move|p1a: Corviknight|Power Trip|p2a: Hatterene
|-damage|p2a: Hatterene|39/100
|
|upkeep
|turn|19
|
|t:|1743904749
|move|p2a: Hatterene|Draining Kiss|p1a: Corviknight
|-resisted|p1a: Corviknight
|-damage|p1a: Corviknight|87/100 par
|-heal|p2a: Hatterene|55/100|[from] drain|[of] p1a: Corviknight
|move|p1a: Corviknight|Power Trip|p2a: Hatterene
|-damage|p2a: Hatterene|0 fnt
|faint|p2a: Hatterene
|
|-heal|p1a: Corviknight|93/100 par|[from] item: Leftovers
|upkeep
|
|t:|1743904761
|switch|p2a: Corviknight|Corviknight, F|92/100
|turn|20
|-message|cab3to forfeited.
|
|win|Supa Dupa Hoopa
|raw|Supa Dupa Hoopa's rating: 1424 &rarr; <strong>1444</strong><br />(+20 for winning)
|raw|cab3to's rating: 1418 &rarr; <strong>1398</strong><br />(-20 for losing)
|l|☆cab3to
|player|p2|
|l|☆Supa Dupa Hoopa
|player|p1|
