|j|☆Lord Markov
|j|☆ChinaG
|t:|1743800866
|gametype|singles
|player|p1|Lord Markov|palmer|1462
|player|p2|ChinaG|unknown|1487
|teamsize|p1|6
|teamsize|p2|6
|gen|9
|tier|[Gen 9] OU
|rated|
|rule|HP Percentage Mod: HP is shown in percentages
|rule|Endless Battle Clause: Forcing endless battles is banned
|rule|Species Clause: Limit one of each Pokémon
|rule|OHKO Clause: OHKO moves are banned
|rule|Evasion Items Clause: Evasion items are banned
|rule|Evasion Moves Clause: Evasion moves are banned
|rule|Sleep Moves Clause: Sleep-inducing moves are banned
|clearpoke
|poke|p1|Ting-Lu|
|poke|p1|Gliscor, M|
|poke|p1|Sinistcha-Masterpiece|
|poke|p1|Keldeo|
|poke|p1|Tinkaton, F|
|poke|p1|Dragonite, F|
|poke|p2|Skarmory, F|
|poke|p2|Ting-Lu|
|poke|p2|Azumarill, F|
|poke|p2|Kyurem|
|poke|p2|Iron Moth|
|poke|p2|Zoroark-Hisui, F|
|teampreview
|inactive|Battle timer is ON: inactive players will automatically lose when time's up. (requested by ChinaG)
|inactive|ChinaG has 120 seconds left.
|inactive|ChinaG has 90 seconds left.
|
|t:|1743800937
|start
|switch|p1a: Keldeo|Keldeo|100/100
|switch|p2a: Azumarill|Azumarill, F|100/100
|turn|1
|
|t:|1743800951
|move|p1a: Keldeo|Flip Turn|p2a: Azumarill
|-resisted|p2a: Azumarill
|-damage|p2a: Azumarill|93/100
|
|t:|1743800960
|switch|p1a: Sinistcha|Sinistcha-Masterpiece|100/100|[from] Flip Turn
|move|p2a: Azumarill|Knock Off|p1a: Sinistcha
|-supereffective|p1a: Sinistcha
|-damage|p1a: Sinistcha|43/100
|-enditem|p1a: Sinistcha|Heavy-Duty Boots|[from] move: Knock Off|[of] p2a: Azumarill
|
|upkeep
|turn|2
|
|t:|1743800984
|switch|p2a: Kyurem|Kyurem|100/100
|-ability|p2a: Kyurem|Pressure
|move|p1a: Sinistcha|Matcha Gotcha|p2a: Kyurem
|-resisted|p2a: Kyurem
|-damage|p2a: Kyurem|85/100
|-heal|p1a: Sinistcha|52/100|[from] drain|[of] p2a: Kyurem
|
|upkeep
|turn|3
|
|t:|1743800996
|switch|p1a: Tinkaton|Tinkaton, F|100/100
|-ability|p1a: Tinkaton|Mold Breaker
|-item|p1a: Tinkaton|Air Balloon
|move|p2a: Kyurem|Freeze-Dry|p1a: Tinkaton
|-resisted|p1a: Tinkaton
|-damage|p1a: Tinkaton|84/100
|-enditem|p1a: Tinkaton|Air Balloon
|
|upkeep
|turn|4
|inactive|ChinaG has 120 seconds left.
|
|t:|1743801031
|switch|p2a: Ting-Lu|Ting-Lu|100/100
|-ability|p2a: Ting-Lu|Vessel of Ruin
|move|p1a: Tinkaton|Gigaton Hammer|p2a: Ting-Lu
|-damage|p2a: Ting-Lu|77/100
|-enditem|p2a: Ting-Lu|Red Card|[of] p1a: Tinkaton
|drag|p1a: Sinistcha|Sinistcha-Masterpiece|52/100
|
|upkeep
|turn|5
|
|t:|1743801043
|switch|p2a: Kyurem|Kyurem|85/100
|-ability|p2a: Kyurem|Pressure
|move|p1a: Sinistcha|Strength Sap|p2a: Kyurem
|-unboost|p2a: Kyurem|atk|1
|-heal|p1a: Sinistcha|100/100
|
|upkeep
|turn|6
|inactive|ChinaG has 90 seconds left.
|
|t:|1743801103
|switch|p1a: Tinkaton|Tinkaton, F|84/100
|-ability|p1a: Tinkaton|Mold Breaker
|move|p2a: Kyurem|Ice Beam|p1a: Tinkaton
|-resisted|p1a: Tinkaton
|-damage|p1a: Tinkaton|65/100
|
|upkeep
|turn|7
|
|t:|1743801116
|switch|p2a: Ting-Lu|Ting-Lu|77/100
|-ability|p2a: Ting-Lu|Vessel of Ruin
|move|p1a: Tinkaton|Stealth Rock|p2a: Ting-Lu
|-sidestart|p2: ChinaG|move: Stealth Rock
|
|upkeep
|turn|8
|
|t:|1743801126
|switch|p1a: Sinistcha|Sinistcha-Masterpiece|100/100
|move|p2a: Ting-Lu|Spikes|p1a: Sinistcha
|-sidestart|p1: Lord Markov|Spikes
|
|upkeep
|turn|9
|inactive|ChinaG has 60 seconds left.
|
|t:|1743801165
|switch|p2a: Kyurem|Kyurem|85/100
|-ability|p2a: Kyurem|Pressure
|move|p1a: Sinistcha|Matcha Gotcha|p2a: Kyurem
|-resisted|p2a: Kyurem
|-damage|p2a: Kyurem|70/100
|
|upkeep
|turn|10
|
|t:|1743801182
|switch|p1a: Tinkaton|Tinkaton, F|65/100
|-damage|p1a: Tinkaton|53/100|[from] Spikes
|-ability|p1a: Tinkaton|Mold Breaker
|move|p2a: Kyurem|Earth Power|p1a: Tinkaton
|-supereffective|p1a: Tinkaton
|-damage|p1a: Tinkaton|0 fnt
|faint|p1a: Tinkaton
|
|upkeep
|
|t:|1743801188
|switch|p1a: Keldeo|Keldeo|100/100
|turn|11
|inactive|ChinaG has 60 seconds left.
|
|t:|1743801218
|switch|p2a: Azumarill|Azumarill, F|93/100
|-damage|p2a: Azumarill|80/100|[from] Stealth Rock
|move|p1a: Keldeo|Aura Sphere|p2a: Azumarill
|-resisted|p2a: Azumarill
|-damage|p2a: Azumarill|66/100
|
|upkeep
|turn|12
|
|t:|1743801237
|move|p1a: Keldeo|Flip Turn|p2a: Azumarill
|-resisted|p2a: Azumarill
|-damage|p2a: Azumarill|59/100
|
|t:|1743801239
|switch|p1a: Sinistcha|Sinistcha-Masterpiece|100/100|[from] Flip Turn
|-damage|p1a: Sinistcha|88/100|[from] Spikes
|move|p2a: Azumarill|Knock Off|p1a: Sinistcha
|-supereffective|p1a: Sinistcha
|-damage|p1a: Sinistcha|49/100
|
|upkeep
|turn|13
|inactive|ChinaG has 30 seconds left.
|
|t:|1743801262
|switch|p2a: Kyurem|Kyurem|70/100
|-ability|p2a: Kyurem|Pressure
|move|p1a: Sinistcha|Strength Sap|p2a: Kyurem
|-unboost|p2a: Kyurem|atk|1
|-heal|p1a: Sinistcha|100/100
|
|upkeep
|turn|14
|inactive|ChinaG has 30 seconds left.
|
|t:|1743801285
|move|p2a: Kyurem|Ice Beam|p1a: Sinistcha
|-supereffective|p1a: Sinistcha
|-damage|p1a: Sinistcha|0 fnt
|faint|p1a: Sinistcha
|
|upkeep
|
|t:|1743801290
|switch|p1a: Keldeo|Keldeo|100/100
|turn|15
|
|t:|1743801297
|switch|p2a: Azumarill|Azumarill, F|59/100
|-damage|p2a: Azumarill|47/100|[from] Stealth Rock
|move|p1a: Keldeo|Aura Sphere|p2a: Azumarill
|-resisted|p2a: Azumarill
|-damage|p2a: Azumarill|34/100
|
|upkeep
|turn|16
|inactive|ChinaG has 30 seconds left.
|
|t:|1743801319
|move|p1a: Keldeo|Flip Turn|p2a: Azumarill
|-resisted|p2a: Azumarill
|-damage|p2a: Azumarill|27/100
|
|t:|1743801326
|switch|p1a: Dragonite|Dragonite, F|100/100|[from] Flip Turn
|move|p2a: Azumarill|Liquidation|p1a: Dragonite
|-resisted|p1a: Dragonite
|-damage|p1a: Dragonite|88/100
|
|upkeep
|turn|17
|
|t:|1743801339
|move|p1a: Dragonite|Extreme Speed|p2a: Azumarill
|-damage|p2a: Azumarill|0 fnt
|faint|p2a: Azumarill
|
|upkeep
|inactive|ChinaG has 30 seconds left.
|
|t:|1743801355
|switch|p2a: Kyurem|Kyurem|70/100
|-ability|p2a: Kyurem|Pressure
|turn|18
|
|t:|1743801367
|switch|p1a: Keldeo|Keldeo|100/100
|move|p2a: Kyurem|Freeze-Dry|p1a: Keldeo
|-supereffective|p1a: Keldeo
|-damage|p1a: Keldeo|14/100
|
|upkeep
|turn|19
|inactive|ChinaG has 30 seconds left.
|
|t:|1743801386
|switch|p2a: Skarmory|Skarmory, F|100/100
|-damage|p2a: Skarmory|88/100|[from] Stealth Rock
|move|p1a: Keldeo|Aura Sphere|p2a: Skarmory
|-immune|p2a: Skarmory
|
|upkeep
|turn|20
|inactive|ChinaG has 30 seconds left.
|
|t:|1743801403
|move|p2a: Skarmory|Bitter Malice|p1a: Keldeo
|-damage|p1a: Keldeo|0 fnt
|faint|p1a: Keldeo
|
|upkeep
|inactive|ChinaG has 30 seconds left this turn.
|
|t:|1743801422
|switch|p1a: Gliscor|Gliscor, M|100/100
|turn|21
|
|t:|1743801430
|switch|p2a: Kyurem|Kyurem|70/100
|-ability|p2a: Kyurem|Pressure
|move|p1a: Gliscor|Protect||[still]
|-fail|p1a: Gliscor
|
|-status|p1a: Gliscor|tox|[from] item: Toxic Orb
|upkeep
|turn|22
|
|t:|1743801439
|-terastallize|p1a: Gliscor|Normal
|move|p1a: Gliscor|Facade|p2a: Kyurem
|-damage|p2a: Kyurem|28/100
|move|p2a: Kyurem|Ice Beam|p1a: Gliscor
|-damage|p1a: Gliscor|39/100 tox
|
|-heal|p1a: Gliscor|51/100 tox|[from] ability: Poison Heal
|upkeep
|turn|23
|
|t:|1743801454
|move|p1a: Gliscor|Protect|p1a: Gliscor
|-singleturn|p1a: Gliscor|Protect
|move|p2a: Kyurem|Ice Beam|p1a: Gliscor
|-activate|p1a: Gliscor|move: Protect
|
|-heal|p1a: Gliscor|64/100 tox|[from] ability: Poison Heal
|upkeep
|turn|24
|
|t:|1743801467
|move|p2a: Kyurem|Draco Meteor|p1a: Gliscor|[miss]
|-miss|p2a: Kyurem|p1a: Gliscor
|move|p1a: Gliscor|Facade|p2a: Kyurem
|-damage|p2a: Kyurem|0 fnt
|faint|p2a: Kyurem
|
|-heal|p1a: Gliscor|76/100 tox|[from] ability: Poison Heal
|upkeep
|inactive|ChinaG has 30 seconds left.
|inactive|ChinaG has 20 seconds left.
|
|t:|1743801500
|switch|p2a: Skarmory|Skarmory, F|88/100
|-damage|p2a: Skarmory|76/100|[from] Stealth Rock
|turn|25
|inactive|ChinaG has 30 seconds left this turn.
|
|t:|1743801507
|move|p1a: Gliscor|Protect|p1a: Gliscor
|-singleturn|p1a: Gliscor|Protect
|move|p2a: Skarmory|Focus Blast|p1a: Gliscor
|-activate|p1a: Gliscor|move: Protect
|
|-heal|p1a: Gliscor|89/100 tox|[from] ability: Poison Heal
|upkeep
|turn|26
|inactive|ChinaG has 30 seconds left.
|
|t:|1743801515
|move|p2a: Skarmory|Focus Blast|p1a: Gliscor
|-supereffective|p1a: Gliscor
|-damage|p1a: Gliscor|0 fnt
|faint|p1a: Gliscor
|
|upkeep
|
|t:|1743801519
|switch|p1a: Ting-Lu|Ting-Lu|100/100
|-damage|p1a: Ting-Lu|88/100|[from] Spikes
|-ability|p1a: Ting-Lu|Vessel of Ruin
|turn|27
|
|t:|1743801527
|move|p2a: Skarmory|Focus Blast|p1a: Ting-Lu
|-supereffective|p1a: Ting-Lu
|-damage|p1a: Ting-Lu|57/100
|move|p1a: Ting-Lu|Spikes|p2a: Skarmory
|-sidestart|p2: ChinaG|Spikes
|
|-heal|p1a: Ting-Lu|63/100|[from] item: Leftovers
|upkeep
|turn|28
|
|t:|1743801539
|move|p2a: Skarmory|Focus Blast|p1a: Ting-Lu
|-supereffective|p1a: Ting-Lu
|-damage|p1a: Ting-Lu|32/100
|move|p1a: Ting-Lu|Spikes|p2a: Skarmory
|-sidestart|p2: ChinaG|Spikes
|
|-heal|p1a: Ting-Lu|38/100|[from] item: Leftovers
|upkeep
|turn|29
|
|t:|1743801555
|move|p2a: Skarmory|Focus Blast|p1a: Ting-Lu
|-supereffective|p1a: Ting-Lu
|-damage|p1a: Ting-Lu|4/100
|-unboost|p1a: Ting-Lu|spd|1
|move|p1a: Ting-Lu|Whirlwind|p2a: Skarmory
|drag|p2a: Skarmory|Skarmory, F|100/100
|-damage|p2a: Skarmory|88/100|[from] Stealth Rock
|
|-heal|p1a: Ting-Lu|10/100|[from] item: Leftovers
|upkeep
|turn|30
|c|☆ChinaG|three for three
|c|☆ChinaG|four for four**
|
|t:|1743801570
|move|p2a: Skarmory|Body Press|p1a: Ting-Lu
|-supereffective|p1a: Ting-Lu
|-damage|p1a: Ting-Lu|0 fnt
|faint|p1a: Ting-Lu
|
|upkeep
|
|t:|1743801581
|switch|p1a: Dragonite|Dragonite, F|88/100
|turn|31
|
|t:|1743801587
|move|p2a: Skarmory|Brave Bird|p1a: Dragonite
|-damage|p1a: Dragonite|57/100
|-damage|p2a: Skarmory|76/100|[from] Recoil
|move|p1a: Dragonite|Dragon Tail|p2a: Skarmory
|-resisted|p2a: Skarmory
|-damage|p2a: Skarmory|67/100
|-damage|p1a: Dragonite|40/100|[from] item: Rocky Helmet|[of] p2a: Skarmory
|drag|p2a: Ting-Lu|Ting-Lu|77/100
|-damage|p2a: Ting-Lu|71/100|[from] Stealth Rock
|-damage|p2a: Ting-Lu|54/100|[from] Spikes
|-ability|p2a: Ting-Lu|Vessel of Ruin
|
|upkeep
|turn|32
|inactive|ChinaG has 60 seconds left.
|
|t:|1743801601
|move|p1a: Dragonite|Roost|p1a: Dragonite
|-heal|p1a: Dragonite|90/100
|-singleturn|p1a: Dragonite|move: Roost
|move|p2a: Ting-Lu|Ruination|p1a: Dragonite|[miss]
|-miss|p2a: Ting-Lu|p1a: Dragonite
|
|upkeep
|turn|33
|inactive|ChinaG has 60 seconds left.
|
|t:|1743801619
|move|p2a: Ting-Lu|Ruination|p1a: Dragonite|[miss]
|-miss|p2a: Ting-Lu|p1a: Dragonite
|move|p1a: Dragonite|Dragon Tail|p2a: Ting-Lu
|-damage|p2a: Ting-Lu|34/100
|drag|p2a: Ting-Lu|Ting-Lu|76/100
|-damage|p2a: Ting-Lu|63/100|[from] Stealth Rock
|-damage|p2a: Ting-Lu|47/100|[from] Spikes
|
|upkeep
|turn|34
|
|t:|1743801630
|move|p2a: Ting-Lu|Bitter Malice|p1a: Dragonite
|-damage|p1a: Dragonite|57/100
|-unboost|p1a: Dragonite|atk|1
|move|p1a: Dragonite|Dragon Tail|p2a: Ting-Lu
|-damage|p2a: Ting-Lu|0 fnt
|replace|p2a: Zoroark|Zoroark-Hisui, F
|-end|p2a: Zoroark|Illusion
|faint|p2a: Zoroark
|
|upkeep
|
|t:|1743801644
|switch|p2a: Iron Moth|Iron Moth|100/100
|-damage|p2a: Iron Moth|76/100|[from] Stealth Rock
|-damage|p2a: Iron Moth|59/100|[from] Spikes
|-enditem|p2a: Iron Moth|Booster Energy
|-activate|p2a: Iron Moth|ability: Quark Drive|[fromitem]
|-start|p2a: Iron Moth|quarkdrivespe
|turn|35
|
|t:|1743801660
|move|p1a: Dragonite|Extreme Speed|p2a: Iron Moth
|-damage|p2a: Iron Moth|26/100
|move|p2a: Iron Moth|Sludge Wave|p1a: Dragonite
|-damage|p1a: Dragonite|17/100
|
|upkeep
|turn|36
|
|t:|1743801668
|move|p1a: Dragonite|Extreme Speed|p2a: Iron Moth
|-damage|p2a: Iron Moth|0 fnt
|faint|p2a: Iron Moth
|-end|p2a: Iron Moth|Quark Drive|[silent]
|
|upkeep
|
|t:|1743801676
|switch|p2a: Ting-Lu|Ting-Lu|34/100
|-damage|p2a: Ting-Lu|28/100|[from] Stealth Rock
|-damage|p2a: Ting-Lu|11/100|[from] Spikes
|-ability|p2a: Ting-Lu|Vessel of Ruin
|turn|37
|
|t:|1743801683
|move|p1a: Dragonite|Extreme Speed|p2a: Ting-Lu
|-damage|p2a: Ting-Lu|1/100
|move|p2a: Ting-Lu|Ruination|p1a: Dragonite
|-damage|p1a: Dragonite|9/100
|
|upkeep
|turn|38
|
|t:|1743801692
|move|p1a: Dragonite|Extreme Speed|p2a: Ting-Lu
|-damage|p2a: Ting-Lu|0 fnt
|faint|p2a: Ting-Lu
|
|upkeep
|
|t:|1743801696
|switch|p2a: Skarmory|Skarmory, F|67/100
|-damage|p2a: Skarmory|55/100|[from] Stealth Rock
|turn|39
|
|t:|1743801703
|move|p1a: Dragonite|Roost|p1a: Dragonite
|-heal|p1a: Dragonite|59/100
|-singleturn|p1a: Dragonite|move: Roost
|move|p2a: Skarmory|Brave Bird|p1a: Dragonite
|-damage|p1a: Dragonite|28/100
|-damage|p2a: Skarmory|43/100|[from] Recoil
|
|upkeep
|turn|40
|
|t:|1743801711
|move|p1a: Dragonite|Roost|p1a: Dragonite
|-heal|p1a: Dragonite|78/100
|-singleturn|p1a: Dragonite|move: Roost
|move|p2a: Skarmory|Roost|p2a: Skarmory
|-heal|p2a: Skarmory|93/100
|-singleturn|p2a: Skarmory|move: Roost
|
|upkeep
|turn|41
|
|t:|1743801719
|move|p1a: Dragonite|Roost|p1a: Dragonite
|-heal|p1a: Dragonite|100/100
|-singleturn|p1a: Dragonite|move: Roost
|move|p2a: Skarmory|Curse|p2a: Skarmory
|-unboost|p2a: Skarmory|spe|1
|-boost|p2a: Skarmory|atk|1
|-boost|p2a: Skarmory|def|1
|
|upkeep
|turn|42
|-message|Lord Markov forfeited.
|
|win|ChinaG
|raw|Lord Markov's rating: 1462 &rarr; <strong>1443</strong><br />(-19 for losing)
|raw|ChinaG's rating: 1487 &rarr; <strong>1506</strong><br />(+19 for winning)
|l|☆Lord Markov
|player|p1|
|c|☆ChinaG|gg
|l|☆ChinaG
|player|p2|
