|j|☆Celest107
|j|☆HEATCultureVulture
|t:|1743917186
|gametype|singles
|player|p1|Celest107|miku-fire|1389
|player|p2|HEATCultureVulture|carmine|1447
|teamsize|p1|6
|teamsize|p2|6
|gen|9
|tier|[Gen 9] OU
|rated|
|rule|HP Percentage Mod: HP is shown in percentages
|rule|Endless Battle Clause: Forcing endless battles is banned
|rule|Species Clause: Limit one of each Pokémon
|rule|OHKO Clause: OHKO moves are banned
|rule|Evasion Items Clause: Evasion items are banned
|rule|Evasion Moves Clause: Evasion moves are banned
|rule|Sleep Moves Clause: Sleep-inducing moves are banned
|clearpoke
|poke|p1|Ursaluna, F|
|poke|p1|Mimikyu, M|
|poke|p1|Cresselia, F|
|poke|p1|Enamorus-Therian, F|
|poke|p1|Hatterene, F|
|poke|p1|Hoopa-Unbound|
|poke|p2|Kingambit, M|
|poke|p2|Garchomp, M|
|poke|p2|Pecharunt|
|poke|p2|Darkrai|
|poke|p2|Kyurem|
|poke|p2|Zapdos-Galar|
|teampreview
|inactive|Battle timer is ON: inactive players will automatically lose when time's up. (requested by HEATCultureVulture)
|
|t:|1743917208
|start
|switch|p1a: Enamorus|Enamorus-Therian, F|100/100
|switch|p2a: Zapdos|Zapdos-Galar|100/100
|turn|1
|
|t:|1743917214
|-terastallize|p1a: Enamorus|Fairy
|move|p2a: Zapdos|U-turn|p1a: Enamorus
|-resisted|p1a: Enamorus
|-damage|p1a: Enamorus|90/100
|
|t:|1743917219
|switch|p2a: Pecharunt|Pecharunt|100/100|[from] U-turn
|-item|p2a: Pecharunt|Air Balloon
|move|p1a: Enamorus|Moonblast|p2a: Pecharunt
|-resisted|p2a: Pecharunt
|-damage|p2a: Pecharunt|48/100
|-enditem|p2a: Pecharunt|Air Balloon
|
|upkeep
|turn|2
|
|t:|1743917227
|move|p2a: Pecharunt|Malignant Chain|p1a: Enamorus
|-supereffective|p1a: Enamorus
|-damage|p1a: Enamorus|32/100
|-status|p1a: Enamorus|tox
|-start|p1a: Enamorus|confusion|[from] ability: Poison Puppeteer|[of] p2a: Pecharunt
|-activate|p1a: Enamorus|confusion
|-damage|p1a: Enamorus|23/100 tox|[from] confusion
|
|-damage|p1a: Enamorus|17/100 tox|[from] psn
|upkeep
|turn|3
|
|t:|1743917236
|switch|p1a: Cresselia|Cresselia, F|100/100
|move|p2a: Pecharunt|Recover|p2a: Pecharunt
|-heal|p2a: Pecharunt|98/100
|
|upkeep
|turn|4
|
|t:|1743917241
|move|p2a: Pecharunt|Parting Shot|p1a: Cresselia
|-unboost|p1a: Cresselia|atk|1
|-unboost|p1a: Cresselia|spa|1
|
|t:|1743917247
|switch|p2a: Garchomp|Garchomp, M|100/100|[from] Parting Shot
|move|p1a: Cresselia|Trick Room|p1a: Cresselia
|-fieldstart|move: Trick Room|[of] p1a: Cresselia
|
|upkeep
|turn|5
|
|t:|1743917252
|move|p1a: Cresselia|Ice Beam|p2a: Garchomp
|-supereffective|p2a: Garchomp
|-damage|p2a: Garchomp|46/100
|move|p2a: Garchomp|Stealth Rock|p1a: Cresselia
|-sidestart|p1: Celest107|move: Stealth Rock
|
|upkeep
|turn|6
|
|t:|1743917258
|switch|p2a: Kingambit|Kingambit, M|100/100
|move|p1a: Cresselia|Lunar Dance|p1a: Cresselia
|faint|p1a: Cresselia
|
|upkeep
|
|t:|1743917265
|switch|p1a: Ursaluna|Ursaluna, F|100/100
|-damage|p1a: Ursaluna|94/100|[from] Stealth Rock
|turn|7
|c|☆HEATCultureVulture|what the heck
|
|t:|1743917271
|-end|p2a: Kingambit|fallenundefined|[silent]
|switch|p2a: Zapdos|Zapdos-Galar|100/100
|move|p1a: Ursaluna|Facade|p2a: Zapdos
|-damage|p2a: Zapdos|55/100
|
|-status|p1a: Ursaluna|brn|[from] item: Flame Orb
|upkeep
|turn|8
|
|t:|1743917278
|switch|p2a: Garchomp|Garchomp, M|46/100
|move|p1a: Ursaluna|Facade|p2a: Garchomp
|-damage|p2a: Garchomp|0 fnt
|-damage|p1a: Ursaluna|82/100 brn|[from] ability: Rough Skin|[of] p2a: Garchomp
|faint|p2a: Garchomp
|
|-damage|p1a: Ursaluna|76/100 brn|[from] brn
|-fieldend|move: Trick Room
|upkeep
|
|t:|1743917294
|switch|p2a: Pecharunt|Pecharunt|98/100
|turn|9
|
|t:|1743917303
|switch|p1a: Hatterene|Hatterene, F|100/100
|-damage|p1a: Hatterene|88/100|[from] Stealth Rock
|-terastallize|p2a: Pecharunt|Flying
|move|p2a: Pecharunt|Malignant Chain|p1a: Hatterene
|-supereffective|p1a: Hatterene
|-crit|p1a: Hatterene
|-damage|p1a: Hatterene|0 fnt
|faint|p1a: Hatterene
|
|upkeep
|
|t:|1743917311
|switch|p1a: Mimikyu|Mimikyu, M|100/100
|-damage|p1a: Mimikyu|88/100|[from] Stealth Rock
|turn|10
|
|t:|1743917315
|move|p2a: Pecharunt|Malignant Chain|p1a: Mimikyu
|-activate|p1a: Mimikyu|ability: Disguise
|-damage|p1a: Mimikyu|88/100
|detailschange|p1a: Mimikyu|Mimikyu-Busted, M
|-damage|p1a: Mimikyu|76/100|[from] pokemon: Mimikyu-Busted
|-enditem|p1a: Mimikyu|Red Card|[of] p2a: Pecharunt
|drag|p2a: Kyurem|Kyurem|100/100
|-ability|p2a: Kyurem|Pressure
|move|p1a: Mimikyu|Trick Room|p1a: Mimikyu
|-fieldstart|move: Trick Room|[of] p1a: Mimikyu
|
|upkeep
|turn|11
|
|t:|1743917325
|move|p1a: Mimikyu|Curse|p2a: Kyurem
|-start|p2a: Kyurem|Curse|[of] p1a: Mimikyu
|-damage|p1a: Mimikyu|26/100
|move|p2a: Kyurem|Icicle Spear|p1a: Mimikyu
|-damage|p1a: Mimikyu|8/100
|-damage|p1a: Mimikyu|0 fnt
|faint|p1a: Mimikyu
|-hitcount|p1: Mimikyu|2
|
|-damage|p2a: Kyurem|76/100|[from] Curse
|upkeep
|
|t:|1743917331
|switch|p1a: Ursaluna|Ursaluna, F|76/100 brn
|-heal|p1a: Ursaluna|100/100|[from] move: Lunar Dance
|-damage|p1a: Ursaluna|94/100|[from] Stealth Rock
|turn|12
|
|t:|1743917336
|move|p1a: Ursaluna|Headlong Rush|p2a: Kyurem
|-damage|p2a: Kyurem|7/100
|-unboost|p1a: Ursaluna|def|1
|-unboost|p1a: Ursaluna|spd|1
|move|p2a: Kyurem|Icicle Spear|p1a: Ursaluna
|-supereffective|p1a: Ursaluna
|-damage|p1a: Ursaluna|65/100
|-supereffective|p1a: Ursaluna
|-damage|p1a: Ursaluna|31/100
|-supereffective|p1a: Ursaluna
|-damage|p1a: Ursaluna|2/100
|-supereffective|p1a: Ursaluna
|-damage|p1a: Ursaluna|0 fnt
|faint|p1a: Ursaluna
|-hitcount|p1: Ursaluna|4
|
|-damage|p2a: Kyurem|0 fnt|[from] Curse
|faint|p2a: Kyurem
|upkeep
|
|t:|1743917343
|switch|p1a: Hoopa|Hoopa-Unbound|100/100
|switch|p2a: Pecharunt|Pecharunt, tera:Flying|98/100
|-damage|p1a: Hoopa|88/100|[from] Stealth Rock
|turn|13
|
|t:|1743917346
|move|p1a: Hoopa|Psychic|p2a: Pecharunt
|-damage|p2a: Pecharunt|51/100
|move|p2a: Pecharunt|Malignant Chain|p1a: Hoopa
|-damage|p1a: Hoopa|65/100
|
|upkeep
|turn|14
|
|t:|1743917353
|move|p1a: Hoopa|Psychic|p2a: Pecharunt
|-damage|p2a: Pecharunt|8/100
|move|p2a: Pecharunt|Recover|p2a: Pecharunt
|-heal|p2a: Pecharunt|58/100
|
|-fieldend|move: Trick Room
|upkeep
|turn|15
|-message|Celest107 forfeited.
|
|win|HEATCultureVulture
|raw|Celest107's rating: 1389 &rarr; <strong>1372</strong><br />(-17 for losing)
|raw|HEATCultureVulture's rating: 1447 &rarr; <strong>1464</strong><br />(+17 for winning)
|l|☆Celest107
|player|p1|
|l|☆HEATCultureVulture
|player|p2|
