|j|☆Gregoose37
|j|☆Burgundi
|t:|1743841855
|gametype|singles
|player|p1|Gregoose37|zinnia|1222
|player|p2|Burgundi|hilbert|1264
|teamsize|p1|6
|teamsize|p2|6
|gen|9
|tier|[Gen 9] OU
|rated|
|rule|HP Percentage Mod: HP is shown in percentages
|rule|Endless Battle Clause: Forcing endless battles is banned
|rule|Species Clause: Limit one of each Pokémon
|rule|OHKO Clause: OHKO moves are banned
|rule|Evasion Items Clause: Evasion items are banned
|rule|Evasion Moves Clause: Evasion moves are banned
|rule|Sleep Moves Clause: Sleep-inducing moves are banned
|clearpoke
|poke|p1|Ninetales-Alola, M|
|poke|p1|Hariyama, M|
|poke|p1|Slowking-Galar, M|
|poke|p1|Hatterene, F|
|poke|p1|Araquanid, F|
|poke|p1|Armarouge, F|
|poke|p2|Ribombee, F|
|poke|p2|Cinderace, M|
|poke|p2|Serperior, M|
|poke|p2|Kingambit, M|
|poke|p2|Garganacl, F|
|poke|p2|Latias, F|
|teampreview
|inactive|Battle timer is ON: inactive players will automatically lose when time's up. (requested by Burgundi)
|c|☆Burgundi|heyyyy an armarouge
|inactive|Gregoose37 has 120 seconds left.
|
|t:|1743841888
|start
|switch|p1a: Aragog|Araquanid, F|100/100
|switch|p2a: Ribombee|Ribombee, F|100/100
|turn|1
|
|t:|1743841900
|move|p2a: Ribombee|Sticky Web|p1a: Aragog
|-sidestart|p1: Gregoose37|move: Sticky Web
|move|p1a: Aragog|Surf|p2a: Ribombee
|-enditem|p2a: Ribombee|Focus Sash
|-damage|p2a: Ribombee|1/100
|
|upkeep
|turn|2
|
|t:|1743841918
|move|p2a: Ribombee|Imprison|p2a: Ribombee
|-start|p2a: Ribombee|move: Imprison
|move|p1a: Aragog|Surf|p2a: Ribombee
|-damage|p2a: Ribombee|0 fnt
|faint|p2a: Ribombee
|
|upkeep
|
|t:|1743841924
|switch|p2a: Cinderace|Cinderace, M|100/100
|turn|3
|
|t:|1743841928
|move|p2a: Cinderace|Court Change|p2a: Cinderace
|-start|p2a: Cinderace|typechange|Normal|[from] ability: Libero
|-swapsideconditions
|-activate|p2a: Cinderace|move: Court Change
|move|p1a: Aragog|Surf|p2a: Cinderace
|-damage|p2a: Cinderace|16/100
|
|upkeep
|turn|4
|
|t:|1743841942
|move|p2a: Cinderace|U-turn|p1a: Aragog
|-damage|p1a: Aragog|78/100
|
|t:|1743841945
|switch|p2a: Serperior|Serperior, M, shiny|100/100|[from] U-turn
|-activate|p2a: Serperior|move: Sticky Web
|-boost|p2a: Serperior|spe|1
|move|p1a: Aragog|Surf|p2a: Serperior
|-resisted|p2a: Serperior
|-damage|p2a: Serperior|64/100
|
|-heal|p2a: Serperior|71/100|[from] item: Leftovers
|upkeep
|turn|5
|
|t:|1743841963
|move|p1a: Aragog|Endure|p1a: Aragog
|-singleturn|p1a: Aragog|move: Endure
|move|p2a: Serperior|Leaf Storm|p1a: Aragog
|-damage|p1a: Aragog|48/100
|-boost|p2a: Serperior|spa|2
|
|-heal|p2a: Serperior|77/100|[from] item: Leftovers
|upkeep
|turn|6
|
|t:|1743841978
|move|p2a: Serperior|Leaf Storm|p1a: Aragog
|-damage|p1a: Aragog|0 fnt
|-boost|p2a: Serperior|spa|2
|faint|p1a: Aragog
|
|-heal|p2a: Serperior|83/100|[from] item: Leftovers
|upkeep
|inactive|Gregoose37 has 120 seconds left.
|
|t:|1743841999
|switch|p1a: Orochimaru|Slowking-Galar, M, shiny|100/100
|turn|7
|inactive|Gregoose37 has 120 seconds left.
|
|t:|1743842009
|move|p2a: Serperior|Glare|p1a: Orochimaru
|-status|p1a: Orochimaru|par
|move|p1a: Orochimaru|Sludge Bomb|p2a: Serperior
|-supereffective|p2a: Serperior
|-damage|p2a: Serperior|7/100
|-status|p2a: Serperior|psn
|
|-heal|p2a: Serperior|13/100 psn|[from] item: Leftovers
|-damage|p2a: Serperior|0 fnt|[from] psn
|faint|p2a: Serperior
|upkeep
|
|t:|1743842018
|switch|p2a: Kingambit|Kingambit, M, shiny|100/100
|-activate|p2a: Kingambit|move: Sticky Web
|-unboost|p2a: Kingambit|spe|1
|-ability|p2a: Kingambit|Defiant|boost
|-boost|p2a: Kingambit|atk|2
|turn|8
|inactive|Gregoose37 has 120 seconds left.
|
|t:|1743842038
|move|p2a: Kingambit|Swords Dance|p2a: Kingambit
|-boost|p2a: Kingambit|atk|2
|move|p1a: Orochimaru|Thunder Wave|p2a: Kingambit
|-status|p2a: Kingambit|par
|
|upkeep
|turn|9
|
|t:|1743842047
|move|p2a: Kingambit|Kowtow Cleave|p1a: Orochimaru
|-supereffective|p1a: Orochimaru
|-damage|p1a: Orochimaru|0 fnt
|faint|p1a: Orochimaru
|
|upkeep
|inactive|Gregoose37 has 120 seconds left.
|
|t:|1743842073
|switch|p1a: Ice Kurama|Ninetales-Alola, M, shiny|100/100
|-weather|Snowscape|[from] ability: Snow Warning|[of] p1a: Ice Kurama
|turn|10
|
|t:|1743842090
|move|p1a: Ice Kurama|Aurora Veil|p1a: Ice Kurama
|-sidestart|p1: Gregoose37|move: Aurora Veil
|move|p2a: Kingambit|Iron Head|p1a: Ice Kurama
|-supereffective|p1a: Ice Kurama
|-damage|p1a: Ice Kurama|0 fnt
|faint|p1a: Ice Kurama
|
|-weather|Snowscape|[upkeep]
|upkeep
|
|t:|1743842098
|switch|p1a: Jiraya|Hariyama, M, shiny|100/100
|turn|11
|
|t:|1743842108
|-terastallize|p2a: Kingambit|Fairy
|move|p1a: Jiraya|Belly Drum|p1a: Jiraya
|-damage|p1a: Jiraya|50/100
|-setboost|p1a: Jiraya|atk|6|[from] move: Belly Drum
|-enditem|p1a: Jiraya|Sitrus Berry|[eat]
|-heal|p1a: Jiraya|75/100|[from] item: Sitrus Berry
|move|p2a: Kingambit|Iron Head|p1a: Jiraya
|-damage|p1a: Jiraya|0 fnt
|faint|p1a: Jiraya
|
|-weather|Snowscape|[upkeep]
|upkeep
|
|t:|1743842126
|switch|p1a: Astro Boy|Armarouge, F|100/100
|turn|12
|inactive|Gregoose37 has 90 seconds left.
|
|t:|1743842156
|move|p1a: Astro Boy|Endure|p1a: Astro Boy
|-singleturn|p1a: Astro Boy|move: Endure
|move|p2a: Kingambit|Sucker Punch||[still]
|-fail|p2a: Kingambit
|
|-weather|Snowscape|[upkeep]
|upkeep
|turn|13
|inactive|Gregoose37 has 90 seconds left.
|
|t:|1743842173
|move|p2a: Kingambit|Sucker Punch|p1a: Astro Boy
|-supereffective|p1a: Astro Boy
|-crit|p1a: Astro Boy
|-damage|p1a: Astro Boy|0 fnt
|faint|p1a: Astro Boy
|
|-weather|Snowscape|[upkeep]
|upkeep
|
|t:|1743842180
|switch|p1a: Mounia|Hatterene, F|100/100
|turn|14
|inactive|Gregoose37 has 90 seconds left.
|
|t:|1743842190
|-terastallize|p1a: Mounia|Poison
|move|p1a: Mounia|Psychic Noise|p2a: Kingambit
|-damage|p2a: Kingambit|70/100 par
|-start|p2a: Kingambit|move: Heal Block
|move|p2a: Kingambit|Iron Head|p1a: Mounia
|-damage|p1a: Mounia|43/100
|
|-weather|none
|-heal|p1a: Mounia|49/100|[from] item: Leftovers
|upkeep
|turn|15
|inactive|Gregoose37 has 90 seconds left.
|
|t:|1743842202
|move|p2a: Kingambit|Sucker Punch|p1a: Mounia
|-damage|p1a: Mounia|0 fnt
|faint|p1a: Mounia
|
|win|Burgundi
|raw|Gregoose37's rating: 1222 &rarr; <strong>1200</strong><br />(-22 for losing)
|raw|Burgundi's rating: 1264 &rarr; <strong>1286</strong><br />(+22 for winning)
|l|☆Gregoose37
|player|p1|
|l|☆Burgundi
|player|p2|
