|j|☆tohelpu
|j|☆01zx
|t:|1743848869
|gametype|singles
|player|p1|tohelpu|1|1226
|player|p2|01zx|cyrus|1270
|teamsize|p1|6
|teamsize|p2|6
|gen|9
|tier|[Gen 9] OU
|rated|
|rule|HP Percentage Mod: HP is shown in percentages
|rule|Endless Battle Clause: Forcing endless battles is banned
|rule|Species Clause: Limit one of each Pokémon
|rule|OHKO Clause: OHKO moves are banned
|rule|Evasion Items Clause: Evasion items are banned
|rule|Evasion Moves Clause: Evasion moves are banned
|rule|Sleep Moves Clause: Sleep-inducing moves are banned
|clearpoke
|poke|p1|Reuniclus, M|
|poke|p1|Slither Wing|
|poke|p1|Jirachi|
|poke|p1|Primarina, M|
|poke|p1|Excadrill, F|
|poke|p1|Vikavolt, F|
|poke|p2|Sinistcha-Masterpiece|
|poke|p2|Kleavor, F|
|poke|p2|Ursaluna, F|
|poke|p2|Alomomola, F|
|poke|p2|Samurott-Hisui, M|
|poke|p2|Glimmora, F|
|teampreview
|
|t:|1743848890
|start
|switch|p1a: Vikavolt|Vikavolt, F|100/100
|switch|p2a: Kleavor|Kleavor, F, shiny|100/100
|turn|1
|
|t:|1743848902
|-terastallize|p1a: Vikavolt|Fighting
|move|p2a: Kleavor|Stone Axe|p1a: Vikavolt|[miss]
|-miss|p2a: Kleavor|p1a: Vikavolt
|move|p1a: Vikavolt|Volt Switch|p2a: Kleavor
|-damage|p2a: Kleavor|9/100
|
|t:|1743848918
|switch|p1a: Slither Wing|Slither Wing|100/100|[from] Volt Switch
|
|upkeep
|turn|2
|
|t:|1743848928
|switch|p2a: 无限|Alomomola, F, shiny|100/100
|move|p1a: Slither Wing|First Impression|p2a: 无限
|-damage|p2a: 无限|52/100
|
|-heal|p2a: 无限|58/100|[from] item: Leftovers
|upkeep
|turn|3
|
|t:|1743848946
|-end|p1a: Slither Wing|Protosynthesis|[silent]
|switch|p1a: Primarina|Primarina, M|100/100
|move|p2a: 无限|Protect||[still]
|-fail|p2a: 无限
|
|-heal|p2a: 无限|65/100|[from] item: Leftovers
|upkeep
|turn|4
|
|t:|1743848956
|move|p2a: 无限|Protect|p2a: 无限
|-singleturn|p2a: 无限|Protect
|move|p1a: Primarina|Moonblast|p2a: 无限
|-activate|p2a: 无限|move: Protect
|
|-heal|p2a: 无限|71/100|[from] item: Leftovers
|upkeep
|turn|5
|
|t:|1743848967
|move|p1a: Primarina|Surf|p2a: 无限
|-resisted|p2a: 无限
|-damage|p2a: 无限|54/100
|move|p2a: 无限|Mirror Coat|p1a: Primarina
|-damage|p1a: Primarina|50/100
|
|-heal|p2a: 无限|60/100|[from] item: Leftovers
|upkeep
|turn|6
|
|t:|1743848974
|move|p1a: Primarina|Moonblast|p2a: 无限
|-damage|p2a: 无限|24/100
|move|p2a: 无限|Wish|p2a: 无限
|
|-heal|p2a: 无限|30/100|[from] item: Leftovers
|upkeep
|turn|7
|
|t:|1743848979
|move|p2a: 无限|Protect|p2a: 无限
|-singleturn|p2a: 无限|Protect
|move|p1a: Primarina|Moonblast|p2a: 无限
|-activate|p2a: 无限|move: Protect
|
|-heal|p2a: 无限|80/100|[from] move: Wish|[wisher] 无限
|-heal|p2a: 无限|86/100|[from] item: Leftovers
|upkeep
|turn|8
|
|t:|1743848987
|move|p1a: Primarina|Moonblast|p2a: 无限
|-damage|p2a: 无限|50/100
|-unboost|p2a: 无限|spa|1
|move|p2a: 无限|Mirror Coat|p1a: Primarina
|-damage|p1a: Primarina|0 fnt
|faint|p1a: Primarina
|
|-heal|p2a: 无限|56/100|[from] item: Leftovers
|upkeep
|
|t:|1743849004
|switch|p1a: Vikavolt|Vikavolt, F, tera:Fighting|100/100
|turn|9
|
|t:|1743849011
|switch|p2a: Ursaluna|Ursaluna, F, shiny|100/100
|move|p1a: Vikavolt|Bug Buzz|p2a: Ursaluna
|-crit|p2a: Ursaluna
|-damage|p2a: Ursaluna|1/100
|
|-status|p2a: Ursaluna|brn|[from] item: Flame Orb
|upkeep
|turn|10
|
|t:|1743849025
|switch|p2a: Glimmora|Glimmora, F, shiny|100/100
|switch|p1a: Jirachi|Jirachi|100/100
|
|upkeep
|turn|11
|
|t:|1743849038
|move|p2a: Glimmora|Spiky Shield|p2a: Glimmora
|-singleturn|p2a: Glimmora|move: Protect
|move|p1a: Jirachi|Iron Head|p2a: Glimmora
|-activate|p2a: Glimmora|move: Protect
|-damage|p1a: Jirachi|88/100|[from] Spiky Shield|[of] p2a: Glimmora
|
|upkeep
|turn|12
|
|t:|1743849045
|switch|p2a: 无限|Alomomola, F, shiny|89/100
|move|p1a: Jirachi|Iron Head|p2a: 无限
|-resisted|p2a: 无限
|-damage|p2a: 无限|69/100
|
|-heal|p2a: 无限|75/100|[from] item: Leftovers
|upkeep
|turn|13
|
|t:|1743849052
|move|p1a: Jirachi|Iron Head|p2a: 无限
|-resisted|p2a: 无限
|-damage|p2a: 无限|56/100
|cant|p2a: 无限|flinch
|
|-heal|p2a: 无限|62/100|[from] item: Leftovers
|upkeep
|turn|14
|
|t:|1743849059
|switch|p1a: Vikavolt|Vikavolt, F, tera:Fighting|100/100
|move|p2a: 无限|Protect||[still]
|-fail|p2a: 无限
|
|-heal|p2a: 无限|69/100|[from] item: Leftovers
|upkeep
|turn|15
|
|t:|1743849071
|move|p2a: 无限|Protect|p2a: 无限
|-singleturn|p2a: 无限|Protect
|move|p1a: Vikavolt|Volt Switch|p2a: 无限
|-activate|p2a: 无限|move: Protect
|
|-heal|p2a: 无限|75/100|[from] item: Leftovers
|upkeep
|turn|16
|
|t:|1743849097
|switch|p2a: Sinistcha|Sinistcha-Masterpiece, shiny|100/100
|move|p1a: Vikavolt|Volt Switch|p2a: Sinistcha
|-resisted|p2a: Sinistcha
|-damage|p2a: Sinistcha|69/100
|
|t:|1743849102
|switch|p1a: Jirachi|Jirachi|88/100|[from] Volt Switch
|
|upkeep
|turn|17
|
|t:|1743849107
|move|p1a: Jirachi|Trick|p2a: Sinistcha
|-activate|p1a: Jirachi|move: Trick|[of] p2a: Sinistcha
|-item|p2a: Sinistcha|Choice Band|[from] move: Trick
|-enditem|p1a: Jirachi|Choice Band|[silent]|[from] move: Trick
|move|p2a: Sinistcha|Strength Sap|p1a: Jirachi
|-unboost|p1a: Jirachi|atk|1
|-heal|p2a: Sinistcha|100/100
|
|upkeep
|turn|18
|
|t:|1743849115
|switch|p2a: 无限|Alomomola, F, shiny|100/100
|move|p1a: Jirachi|U-turn|p2a: 无限
|-damage|p2a: 无限|91/100
|
|t:|1743849124
|switch|p1a: Vikavolt|Vikavolt, F, tera:Fighting|100/100|[from] U-turn
|
|-heal|p2a: 无限|98/100|[from] item: Leftovers
|upkeep
|turn|19
|
|t:|1743849128
|move|p2a: 无限|Protect|p2a: 无限
|-singleturn|p2a: 无限|Protect
|move|p1a: Vikavolt|Volt Switch|p2a: 无限
|-activate|p2a: 无限|move: Protect
|
|-heal|p2a: 无限|100/100|[from] item: Leftovers
|upkeep
|turn|20
|
|t:|1743849142
|move|p1a: Vikavolt|Volt Switch|p2a: 无限
|-supereffective|p2a: 无限
|-damage|p2a: 无限|25/100
|
|t:|1743849169
|switch|p1a: Jirachi|Jirachi|88/100|[from] Volt Switch
|move|p2a: 无限|Mirror Coat|p1a: Jirachi
|-damage|p1a: Jirachi|0 fnt
|faint|p1a: Jirachi
|
|-heal|p2a: 无限|31/100|[from] item: Leftovers
|upkeep
|
|t:|1743849178
|switch|p1a: Excadrill|Excadrill, F|100/100
|turn|21
|
|t:|1743849182
|switch|p2a: Sinistcha|Sinistcha-Masterpiece, shiny|100/100
|move|p1a: Excadrill|Sandstorm|p1a: Excadrill
|-weather|Sandstorm
|
|-weather|Sandstorm|[upkeep]
|-damage|p2a: Sinistcha|95/100|[from] Sandstorm
|upkeep
|turn|22
|
|t:|1743849190
|move|p1a: Excadrill|Iron Head|p2a: Sinistcha
|-damage|p2a: Sinistcha|44/100
|-damage|p1a: Excadrill|91/100|[from] item: Life Orb
|cant|p2a: Sinistcha|flinch
|
|-weather|Sandstorm|[upkeep]
|-damage|p2a: Sinistcha|38/100|[from] Sandstorm
|upkeep
|turn|23
|
|t:|1743849200
|switch|p2a: 无限|Alomomola, F, shiny|64/100
|move|p1a: Excadrill|Earthquake|p2a: 无限
|-damage|p2a: 无限|3/100
|-damage|p1a: Excadrill|81/100|[from] item: Life Orb
|
|-weather|Sandstorm|[upkeep]
|-damage|p2a: 无限|0 fnt|[from] Sandstorm
|faint|p2a: 无限
|upkeep
|
|t:|1743849211
|switch|p2a: Ursaluna|Ursaluna, F, shiny|1/100 brn
|turn|24
|
|t:|1743849218
|move|p1a: Excadrill|Earthquake|p2a: Ursaluna
|-damage|p2a: Ursaluna|0 fnt
|faint|p2a: Ursaluna
|-damage|p1a: Excadrill|71/100|[from] item: Life Orb
|
|-weather|Sandstorm|[upkeep]
|upkeep
|
|t:|1743849224
|switch|p2a: Samurott|Samurott-Hisui, M, shiny|100/100
|turn|25
|
|t:|1743849234
|move|p2a: Samurott|Aqua Jet|p1a: Excadrill
|-supereffective|p1a: Excadrill
|-damage|p1a: Excadrill|0 fnt
|faint|p1a: Excadrill
|
|-weather|none
|upkeep
|
|t:|1743849240
|switch|p1a: Reuniclus|Reuniclus, M|100/100
|turn|26
|
|t:|1743849246
|switch|p2a: Kleavor|Kleavor, F, shiny|9/100
|move|p1a: Reuniclus|Trick Room|p1a: Reuniclus
|-fieldstart|move: Trick Room|[of] p1a: Reuniclus
|
|upkeep
|turn|27
|
|t:|1743849254
|move|p1a: Reuniclus|Shadow Ball|p2a: Kleavor
|-damage|p2a: Kleavor|0 fnt
|faint|p2a: Kleavor
|
|upkeep
|
|t:|1743849257
|switch|p2a: Samurott|Samurott-Hisui, M, shiny|100/100
|turn|28
|
|t:|1743849263
|move|p1a: Reuniclus|Focus Blast|p2a: Samurott
|-supereffective|p2a: Samurott
|-damage|p2a: Samurott|0 fnt
|faint|p2a: Samurott
|
|upkeep
|
|t:|1743849267
|switch|p2a: Glimmora|Glimmora, F, shiny|100/100
|turn|29
|
|t:|1743849271
|move|p2a: Glimmora|Spiky Shield|p2a: Glimmora
|-singleturn|p2a: Glimmora|move: Protect
|move|p1a: Reuniclus|Psyshock|p2a: Glimmora
|-activate|p2a: Glimmora|move: Protect
|
|upkeep
|turn|30
|
|t:|1743849281
|move|p1a: Reuniclus|Psyshock|p2a: Glimmora
|-supereffective|p2a: Glimmora
|-enditem|p2a: Glimmora|Focus Sash
|-damage|p2a: Glimmora|1/100
|move|p2a: Glimmora|Power Gem|p1a: Reuniclus
|-damage|p1a: Reuniclus|62/100
|
|-fieldend|move: Trick Room
|upkeep
|turn|31
|-message|01zx forfeited.
|
|win|tohelpu
|raw|tohelpu's rating: 1226 &rarr; <strong>1254</strong><br />(+28 for winning)
|raw|01zx's rating: 1270 &rarr; <strong>1242</strong><br />(-28 for losing)
|l|☆01zx
|player|p2|
|c|☆tohelpu|gg
