|j|☆bomboclaat11
|j|☆krztina
|t:|1743928183
|gametype|singles
|player|p1|bomboclaat11|wallace|1138
|player|p2|krztina|101|1148
|teamsize|p1|6
|teamsize|p2|6
|gen|9
|tier|[Gen 9] OU
|rated|
|rule|HP Percentage Mod: HP is shown in percentages
|rule|Endless Battle Clause: Forcing endless battles is banned
|rule|Species Clause: Limit one of each Pokémon
|rule|OHKO Clause: OHKO moves are banned
|rule|Evasion Items Clause: Evasion items are banned
|rule|Evasion Moves Clause: Evasion moves are banned
|rule|Sleep Moves Clause: Sleep-inducing moves are banned
|clearpoke
|poke|p1|Araquanid, M|
|poke|p1|Glimmora, M|
|poke|p1|Rotom-Mow|
|poke|p1|Reuniclus, M|
|poke|p1|Azumarill, M|
|poke|p1|Revavroom, M|
|poke|p2|Ting-Lu|
|poke|p2|Greninja-*, M|
|poke|p2|Zamazenta-*|
|poke|p2|Iron Crown|
|poke|p2|Great Tusk|
|poke|p2|Entei|
|teampreview
|c|☆bomboclaat11|gl
|
|t:|1743928194
|start
|switch|p1a: Araquanid|Araquanid, M|100/100
|switch|p2a: Ting-Lu|Ting-Lu|100/100
|-ability|p2a: Ting-Lu|Vessel of Ruin
|turn|1
|
|t:|1743928213
|move|p1a: Araquanid|Sticky Web|p2a: Ting-Lu
|-sidestart|p2: krztina|move: Sticky Web
|move|p2a: Ting-Lu|Stealth Rock|p1a: Araquanid
|-sidestart|p1: bomboclaat11|move: Stealth Rock
|
|upkeep
|turn|2
|
|t:|1743928218
|move|p1a: Araquanid|Liquidation|p2a: Ting-Lu
|-supereffective|p2a: Ting-Lu
|-damage|p2a: Ting-Lu|46/100
|-unboost|p2a: Ting-Lu|def|1
|move|p2a: Ting-Lu|Whirlwind|p1a: Araquanid
|drag|p1a: Revavroom|Revavroom, M|100/100
|-damage|p1a: Revavroom|94/100|[from] Stealth Rock
|
|-heal|p1a: Revavroom|100/100|[from] item: Leftovers
|-heal|p2a: Ting-Lu|52/100|[from] item: Leftovers
|upkeep
|turn|3
|
|t:|1743928235
|switch|p1a: Rotom|Rotom-Mow|100/100
|-damage|p1a: Rotom|88/100|[from] Stealth Rock
|move|p2a: Ting-Lu|Stomping Tantrum|p1a: Rotom
|-immune|p1a: Rotom|[from] ability: Levitate
|
|-heal|p2a: Ting-Lu|58/100|[from] item: Leftovers
|upkeep
|turn|4
|
|t:|1743928244
|move|p1a: Rotom|Trick|p2a: Ting-Lu
|-activate|p1a: Rotom|move: Trick|[of] p2a: Ting-Lu
|-item|p2a: Ting-Lu|Choice Scarf|[from] move: Trick
|-item|p1a: Rotom|Leftovers|[from] move: Trick
|move|p2a: Ting-Lu|Whirlwind|p1a: Rotom
|drag|p1a: Reuniclus|Reuniclus, M|100/100
|
|upkeep
|turn|5
|
|t:|1743928253
|move|p1a: Reuniclus|Encore|p2a: Ting-Lu
|-start|p2a: Ting-Lu|Encore
|move|p2a: Ting-Lu|Whirlwind|p1a: Reuniclus
|drag|p1a: Rotom|Rotom-Mow|88/100
|-damage|p1a: Rotom|76/100|[from] Stealth Rock
|
|-heal|p1a: Rotom|82/100|[from] item: Leftovers
|upkeep
|turn|6
|
|t:|1743928261
|move|p1a: Rotom|Leaf Storm|p2a: Ting-Lu
|-supereffective|p2a: Ting-Lu
|-damage|p2a: Ting-Lu|0 fnt
|-unboost|p1a: Rotom|spa|2
|faint|p2a: Ting-Lu
|
|-heal|p1a: Rotom|88/100|[from] item: Leftovers
|upkeep
|
|t:|1743928277
|switch|p2a: Iron Crown|Iron Crown|100/100
|-activate|p2a: Iron Crown|move: Sticky Web
|-unboost|p2a: Iron Crown|spe|1
|-enditem|p2a: Iron Crown|Booster Energy
|-activate|p2a: Iron Crown|ability: Quark Drive|[fromitem]
|-start|p2a: Iron Crown|quarkdrivespa
|turn|7
|
|t:|1743928293
|move|p1a: Rotom|Volt Switch|p2a: Iron Crown
|-damage|p2a: Iron Crown|85/100
|
|t:|1743928308
|switch|p1a: Araquanid|Araquanid, M|100/100|[from] Volt Switch
|-damage|p1a: Araquanid|75/100|[from] Stealth Rock
|move|p2a: Iron Crown|Agility|p2a: Iron Crown
|-boost|p2a: Iron Crown|spe|2
|
|-heal|p1a: Araquanid|82/100|[from] item: Leftovers
|upkeep
|turn|8
|c|☆bomboclaat11|!dt iron crown
|raw|<div class="message"><ul class="utilichart"><li class="result"><span class="col numcol">OU</span> <span class="col iconcol"><psicon pokemon="ironcrown"/></span> <span class="col pokemonnamecol" style="white-space:nowrap"><a href="https://dex.pokemonshowdown.com/pokemon/ironcrown" target="_blank">Iron Crown</a></span> <span class="col typecol"><img src="https://play.pokemonshowdown.com/sprites/types/Steel.png" alt="Steel" height="14" width="32"><img src="https://play.pokemonshowdown.com/sprites/types/Psychic.png" alt="Psychic" height="14" width="32"></span> <span style="float:left;min-height:26px"><span class="col abilitycol">Quark Drive</span><span class="col abilitycol"></span></span><span style="float:left;min-height:26px"><span class="col statcol"><em>HP</em><br />90</span> <span class="col statcol"><em>Atk</em><br />72</span> <span class="col statcol"><em>Def</em><br />100</span> <span class="col statcol"><em>SpA</em><br />122</span> <span class="col statcol"><em>SpD</em><br />108</span> <span class="col statcol"><em>Spe</em><br />98</span> <span class="col bstcol"><em>BST<br />590</em></span> </span></li><li style="clear:both"></li></ul></div>
|raw|<font size="1"><font color="#686868">Dex#:</font> 1023&nbsp;|&ThickSpace;<font color="#686868">Gen:</font> 9&nbsp;|&ThickSpace;<font color="#686868">Height:</font> 1.6 m&nbsp;|&ThickSpace;<font color="#686868">Weight:</font> 156 kg <em>(100 BP)</em>&nbsp;|&ThickSpace;<font color="#686868">Dex Colour:</font> Blue&nbsp;|&ThickSpace;<font color="#686868">Egg Group(s):</font> Undiscovered&nbsp;|&ThickSpace;<font color="#686868">Does Not Evolve</font></font>

|
|t:|1743928331
|-terastallize|p2a: Iron Crown|Steel
|move|p2a: Iron Crown|Calm Mind|p2a: Iron Crown
|-boost|p2a: Iron Crown|spa|1
|-boost|p2a: Iron Crown|spd|1
|move|p1a: Araquanid|Mirror Coat||[still]
|-fail|p1a: Araquanid
|
|-heal|p1a: Araquanid|88/100|[from] item: Leftovers
|upkeep
|turn|9
|
|t:|1743928350
|move|p2a: Iron Crown|Calm Mind|p2a: Iron Crown
|-boost|p2a: Iron Crown|spa|1
|-boost|p2a: Iron Crown|spd|1
|move|p1a: Araquanid|Liquidation|p2a: Iron Crown
|-damage|p2a: Iron Crown|12/100
|
|-heal|p1a: Araquanid|94/100|[from] item: Leftovers
|upkeep
|turn|10
|
|t:|1743928358
|move|p2a: Iron Crown|Stored Power|p1a: Araquanid
|-crit|p1a: Araquanid
|-damage|p1a: Araquanid|0 fnt
|faint|p1a: Araquanid
|
|upkeep
|
|t:|1743928372
|switch|p1a: Azumarill|Azumarill, M|100/100
|-damage|p1a: Azumarill|88/100|[from] Stealth Rock
|turn|11
|
|t:|1743928376
|move|p1a: Azumarill|Aqua Jet|p2a: Iron Crown
|-damage|p2a: Iron Crown|0 fnt
|faint|p2a: Iron Crown
|-end|p2a: Iron Crown|Quark Drive|[silent]
|
|upkeep
|
|t:|1743928390
|switch|p2a: Entei|Entei, shiny|100/100
|-activate|p2a: Entei|move: Sticky Web
|-unboost|p2a: Entei|spe|1
|turn|12
|
|t:|1743928395
|move|p2a: Entei|Will-O-Wisp|p1a: Azumarill
|-status|p1a: Azumarill|brn
|move|p1a: Azumarill|Belly Drum|p1a: Azumarill
|-damage|p1a: Azumarill|38/100 brn
|-setboost|p1a: Azumarill|atk|6|[from] move: Belly Drum
|-enditem|p1a: Azumarill|Sitrus Berry|[eat]
|-heal|p1a: Azumarill|63/100 brn|[from] item: Sitrus Berry
|
|-damage|p1a: Azumarill|57/100 brn|[from] brn
|upkeep
|turn|13
|
|t:|1743928407
|switch|p2a: Zamazenta|Zamazenta|100/100
|-activate|p2a: Zamazenta|move: Sticky Web
|-unboost|p2a: Zamazenta|spe|1
|-ability|p2a: Zamazenta|Dauntless Shield|boost
|-boost|p2a: Zamazenta|def|1
|move|p1a: Azumarill|Aqua Jet|p2a: Zamazenta
|-damage|p2a: Zamazenta|76/100
|
|-heal|p2a: Zamazenta|82/100|[from] item: Leftovers
|-damage|p1a: Azumarill|51/100 brn|[from] brn
|upkeep
|turn|14
|
|t:|1743928419
|move|p2a: Zamazenta|Iron Defense|p2a: Zamazenta
|-boost|p2a: Zamazenta|def|2
|move|p1a: Azumarill|Play Rough|p2a: Zamazenta
|-supereffective|p2a: Zamazenta
|-damage|p2a: Zamazenta|13/100
|
|-heal|p2a: Zamazenta|19/100|[from] item: Leftovers
|-damage|p1a: Azumarill|45/100 brn|[from] brn
|upkeep
|turn|15
|
|t:|1743928430
|move|p2a: Zamazenta|Body Press|p1a: Azumarill
|-resisted|p1a: Azumarill
|-damage|p1a: Azumarill|7/100 brn
|move|p1a: Azumarill|Play Rough|p2a: Zamazenta
|-supereffective|p2a: Zamazenta
|-damage|p2a: Zamazenta|0 fnt
|faint|p2a: Zamazenta
|
|-damage|p1a: Azumarill|1/100 brn|[from] brn
|upkeep
|
|t:|1743928434
|switch|p2a: Great Tusk|Great Tusk|100/100
|-activate|p2a: Great Tusk|move: Sticky Web
|-unboost|p2a: Great Tusk|spe|1
|turn|16
|
|t:|1743928457
|move|p1a: Azumarill|Aqua Jet|p2a: Great Tusk
|-supereffective|p2a: Great Tusk
|-damage|p2a: Great Tusk|24/100
|move|p2a: Great Tusk|Rapid Spin|p1a: Azumarill
|-damage|p1a: Azumarill|0 fnt
|-boost|p2a: Great Tusk|spe|1
|-sideend|p2: krztina|Sticky Web|[from] move: Rapid Spin|[of] p2a: Great Tusk
|faint|p1a: Azumarill
|
|upkeep
|
|t:|1743928464
|switch|p1a: Glimmora|Glimmora, M|100/100
|-damage|p1a: Glimmora|88/100|[from] Stealth Rock
|turn|17
|
|t:|1743928474
|-end|p2a: Great Tusk|Protosynthesis|[silent]
|switch|p2a: Entei|Entei, shiny|100/100
|-terastallize|p1a: Glimmora|Flying
|move|p1a: Glimmora|Mortal Spin|p2a: Entei
|-damage|p2a: Entei|93/100
|-status|p2a: Entei|psn
|-sideend|p1: bomboclaat11|Stealth Rock|[from] move: Mortal Spin|[of] p1a: Glimmora
|
|-damage|p2a: Entei|81/100 psn|[from] psn
|upkeep
|turn|18
|
|t:|1743928484
|move|p2a: Entei|Eruption|p1a: Glimmora
|-damage|p1a: Glimmora|12/100
|move|p1a: Glimmora|Meteor Beam||[still]
|-prepare|p1a: Glimmora|Meteor Beam
|-boost|p1a: Glimmora|spa|1
|-enditem|p1a: Glimmora|Power Herb
|-anim|p1a: Glimmora|Meteor Beam|p2a: Entei
|-supereffective|p2a: Entei
|-damage|p2a: Entei|0 fnt
|faint|p2a: Entei
|
|upkeep
|
|t:|1743928488
|switch|p2a: Greninja|Greninja, M|100/100
|turn|19
|
|t:|1743928496
|move|p1a: Glimmora|Spiky Shield|p1a: Glimmora
|-singleturn|p1a: Glimmora|move: Protect
|move|p2a: Greninja|Ice Beam|p1a: Glimmora
|-activate|p1a: Glimmora|move: Protect
|
|upkeep
|turn|20
|
|t:|1743928503
|switch|p1a: Revavroom|Revavroom, M|100/100
|move|p2a: Greninja|Surf|p1a: Revavroom
|-damage|p1a: Revavroom|28/100
|-damage|p2a: Greninja|91/100|[from] item: Life Orb
|
|-heal|p1a: Revavroom|34/100|[from] item: Leftovers
|upkeep
|turn|21
|
|t:|1743928513
|move|p2a: Greninja|Dark Pulse|p1a: Revavroom
|-damage|p1a: Revavroom|0 fnt
|faint|p1a: Revavroom
|-ability|p2a: Greninja|Battle Bond|boost
|-boost|p2a: Greninja|atk|1
|-boost|p2a: Greninja|spa|1
|-boost|p2a: Greninja|spe|1
|-activate|p2a: Greninja|ability: Battle Bond
|-damage|p2a: Greninja|81/100|[from] item: Life Orb
|
|upkeep
|inactive|Battle timer is ON: inactive players will automatically lose when time's up. (requested by krztina)
|
|t:|1743928525
|switch|p1a: Rotom|Rotom-Mow|88/100
|turn|22
|
|t:|1743928533
|move|p2a: Greninja|Ice Beam|p1a: Rotom
|-supereffective|p1a: Rotom
|-damage|p1a: Rotom|0 fnt
|faint|p1a: Rotom
|-damage|p2a: Greninja|71/100|[from] item: Life Orb
|
|upkeep
|
|t:|1743928545
|switch|p1a: Glimmora|Glimmora, M, tera:Flying|12/100
|turn|23
|
|t:|1743928549
|move|p1a: Glimmora|Spiky Shield|p1a: Glimmora
|-singleturn|p1a: Glimmora|move: Protect
|move|p2a: Greninja|Dark Pulse|p1a: Glimmora
|-activate|p1a: Glimmora|move: Protect
|
|upkeep
|turn|24
|
|t:|1743928555
|move|p2a: Greninja|Dark Pulse|p1a: Glimmora
|-damage|p1a: Glimmora|0 fnt
|faint|p1a: Glimmora
|-damage|p2a: Greninja|61/100|[from] item: Life Orb
|
|upkeep
|
|t:|1743928561
|switch|p1a: Reuniclus|Reuniclus, M|100/100
|turn|25
|
|t:|1743928566
|move|p2a: Greninja|Dark Pulse|p1a: Reuniclus
|-supereffective|p1a: Reuniclus
|-damage|p1a: Reuniclus|0 fnt
|faint|p1a: Reuniclus
|-damage|p2a: Greninja|51/100|[from] item: Life Orb
|
|win|krztina
|raw|bomboclaat11's rating: 1138 &rarr; <strong>1114</strong><br />(-24 for losing)
|raw|krztina's rating: 1148 &rarr; <strong>1172</strong><br />(+24 for winning)
|c|☆bomboclaat11|gg
|l|☆bomboclaat11
|player|p1|
|l|☆krztina
|player|p2|
