|j|☆Testo Chango
|j|☆Ihatecalc2
|t:|1743784892
|gametype|singles
|player|p1|Testo Chango|palmer|1307
|player|p2|Ihatecalc2|ninjaboy|1262
|teamsize|p1|6
|teamsize|p2|6
|gen|9
|tier|[Gen 9] OU
|rated|
|rule|HP Percentage Mod: HP is shown in percentages
|rule|Endless Battle Clause: Forcing endless battles is banned
|rule|Species Clause: Limit one of each Pokémon
|rule|OHKO Clause: OHKO moves are banned
|rule|Evasion Items Clause: Evasion items are banned
|rule|Evasion Moves Clause: Evasion moves are banned
|rule|Sleep Moves Clause: Sleep-inducing moves are banned
|clearpoke
|poke|p1|Probopass, F|
|poke|p1|Iron Crown|
|poke|p1|Sinistcha|
|poke|p1|Grimmsnarl, M|
|poke|p1|Iron Treads|
|poke|p1|Meowscarada, M|
|poke|p2|Decidueye-Hisui, F|
|poke|p2|Zapdos|
|poke|p2|Slowking-Galar, F|
|poke|p2|Iron Treads|
|poke|p2|Dondozo, F|
|poke|p2|Weavile, M|
|teampreview
|inactive|Battle timer is ON: inactive players will automatically lose when time's up. (requested by Ihatecalc2)
|
|t:|1743784906
|start
|switch|p1a: Grimmsnarl|Grimmsnarl, M|100/100
|switch|p2a: Iron Treads|Iron Treads|100/100
|turn|1
|
|t:|1743784912
|move|p1a: Grimmsnarl|Reflect|p1a: Grimmsnarl
|-sidestart|p1: Testo Chango|Reflect
|move|p2a: Iron Treads|Stealth Rock|p1a: Grimmsnarl
|-sidestart|p1: Testo Chango|move: Stealth Rock
|
|upkeep
|turn|2
|
|t:|1743784917
|move|p1a: Grimmsnarl|Parting Shot|p2a: Iron Treads
|-unboost|p2a: Iron Treads|atk|1
|-unboost|p2a: Iron Treads|spa|1
|
|t:|1743784921
|switch|p1a: Sinistcha|Sinistcha|100/100|[from] Parting Shot
|move|p2a: Iron Treads|Knock Off|p1a: Sinistcha
|-supereffective|p1a: Sinistcha
|-damage|p1a: Sinistcha|88/100
|-enditem|p1a: Sinistcha|Heavy-Duty Boots|[from] move: Knock Off|[of] p2a: Iron Treads
|
|upkeep
|turn|3
|
|t:|1743784931
|-end|p2a: Iron Treads|Quark Drive|[silent]
|switch|p2a: Slowking|Slowking-Galar, F|100/100
|move|p1a: Sinistcha|Matcha Gotcha|p2a: Slowking
|-resisted|p2a: Slowking
|-damage|p2a: Slowking|90/100
|-heal|p1a: Sinistcha|94/100|[from] drain|[of] p2a: Slowking
|
|upkeep
|turn|4
|
|t:|1743784941
|switch|p1a: Iron Treads|Iron Treads|100/100
|-damage|p1a: Iron Treads|97/100|[from] Stealth Rock
|move|p2a: Slowking|Sludge Bomb|p1a: Iron Treads
|-immune|p1a: Iron Treads
|
|upkeep
|turn|5
|
|t:|1743784949
|move|p1a: Iron Treads|Rapid Spin|p2a: Slowking
|-damage|p2a: Slowking|74/100
|-boost|p1a: Iron Treads|spe|1
|-sideend|p1: Testo Chango|Stealth Rock|[from] move: Rapid Spin|[of] p1a: Iron Treads
|move|p2a: Slowking|Surf|p1a: Iron Treads
|-supereffective|p1a: Iron Treads
|-damage|p1a: Iron Treads|59/100
|
|upkeep
|turn|6
|
|t:|1743784959
|switch|p2a: Zapdos|Zapdos, shiny|100/100
|move|p1a: Iron Treads|Knock Off|p2a: Zapdos
|-damage|p2a: Zapdos|79/100
|-enditem|p2a: Zapdos|Heavy-Duty Boots|[from] move: Knock Off|[of] p1a: Iron Treads
|
|upkeep
|turn|7
|
|t:|1743784966
|move|p1a: Iron Treads|Volt Switch|p2a: Zapdos
|-damage|p2a: Zapdos|69/100
|
|t:|1743784975
|-end|p1a: Iron Treads|Quark Drive|[silent]
|switch|p1a: Grimmsnarl|Grimmsnarl, M|100/100|[from] Volt Switch
|move|p2a: Zapdos|U-turn|p1a: Grimmsnarl
|-damage|p1a: Grimmsnarl|95/100
|
|t:|1743784981
|switch|p2a: Iron Treads|Iron Treads|100/100|[from] U-turn
|
|upkeep
|turn|8
|
|t:|1743784988
|move|p1a: Grimmsnarl|Parting Shot|p2a: Iron Treads
|-unboost|p2a: Iron Treads|atk|1
|-unboost|p2a: Iron Treads|spa|1
|
|t:|1743784990
|switch|p1a: Probopass|Probopass, F|100/100|[from] Parting Shot
|move|p2a: Iron Treads|Stealth Rock|p1a: Probopass
|-sidestart|p1: Testo Chango|move: Stealth Rock
|
|-sideend|p1: Testo Chango|Reflect
|upkeep
|turn|9
|
|t:|1743784999
|move|p2a: Iron Treads|Rapid Spin|p1a: Probopass
|-resisted|p1a: Probopass
|-damage|p1a: Probopass|99/100
|-boost|p2a: Iron Treads|spe|1
|-damage|p2a: Iron Treads|84/100|[from] item: Rocky Helmet|[of] p1a: Probopass
|move|p1a: Probopass|Body Press|p2a: Iron Treads
|-supereffective|p2a: Iron Treads
|-damage|p2a: Iron Treads|34/100
|
|-heal|p2a: Iron Treads|40/100|[from] item: Leftovers
|upkeep
|turn|10
|
|t:|1743785009
|move|p2a: Iron Treads|Earthquake|p1a: Probopass
|-supereffective|p1a: Probopass
|-damage|p1a: Probopass|39/100
|move|p1a: Probopass|Body Press|p2a: Iron Treads
|-supereffective|p2a: Iron Treads
|-damage|p2a: Iron Treads|0 fnt
|faint|p2a: Iron Treads
|-end|p2a: Iron Treads|Quark Drive|[silent]
|
|upkeep
|
|t:|1743785020
|switch|p2a: Decidueye|Decidueye-Hisui, F|100/100
|turn|11
|
|t:|1743785025
|switch|p1a: Sinistcha|Sinistcha|94/100
|-damage|p1a: Sinistcha|81/100|[from] Stealth Rock
|move|p2a: Decidueye|Triple Arrows|p1a: Sinistcha
|-damage|p1a: Sinistcha|30/100
|
|upkeep
|turn|12
|
|t:|1743785032
|move|p1a: Sinistcha|Strength Sap|p2a: Decidueye
|-unboost|p2a: Decidueye|atk|1
|-heal|p1a: Sinistcha|100/100
|move|p2a: Decidueye|Triple Arrows|p1a: Sinistcha
|-damage|p1a: Sinistcha|65/100
|
|upkeep
|turn|13
|
|t:|1743785043
|move|p1a: Sinistcha|Matcha Gotcha|p2a: Decidueye
|-resisted|p2a: Decidueye
|-damage|p2a: Decidueye|82/100
|-heal|p1a: Sinistcha|73/100|[from] drain|[of] p2a: Decidueye
|move|p2a: Decidueye|Triple Arrows|p1a: Sinistcha
|-damage|p1a: Sinistcha|38/100
|-unboost|p1a: Sinistcha|def|1
|
|upkeep
|turn|14
|
|t:|1743785054
|move|p1a: Sinistcha|Strength Sap|p2a: Decidueye
|-unboost|p2a: Decidueye|atk|1
|-heal|p1a: Sinistcha|100/100
|move|p2a: Decidueye|Triple Arrows|p1a: Sinistcha
|-damage|p1a: Sinistcha|59/100
|-unboost|p1a: Sinistcha|def|1
|
|upkeep
|turn|15
|
|t:|1743785062
|switch|p1a: Grimmsnarl|Grimmsnarl, M|95/100
|-damage|p1a: Grimmsnarl|82/100|[from] Stealth Rock
|move|p2a: Decidueye|Triple Arrows|p1a: Grimmsnarl
|-damage|p1a: Grimmsnarl|54/100
|-unboost|p1a: Grimmsnarl|def|1
|
|upkeep
|turn|16
|
|t:|1743785071
|switch|p2a: Slowking|Slowking-Galar, F|100/100
|move|p1a: Grimmsnarl|Reflect|p1a: Grimmsnarl
|-sidestart|p1: Testo Chango|Reflect
|
|upkeep
|turn|17
|
|t:|1743785077
|move|p1a: Grimmsnarl|Parting Shot|p2a: Slowking
|-unboost|p2a: Slowking|atk|1
|-unboost|p2a: Slowking|spa|1
|
|t:|1743785079
|switch|p1a: Iron Treads|Iron Treads|59/100|[from] Parting Shot
|-damage|p1a: Iron Treads|56/100|[from] Stealth Rock
|-prepare|p2a: Slowking|Chilly Reception|[premajor]
|move|p2a: Slowking|Chilly Reception|p2a: Slowking
|-weather|Snowscape
|
|t:|1743785098
|switch|p2a: Weavile|Weavile, M|100/100|[from] Chilly Reception
|-ability|p2a: Weavile|Pressure
|
|-weather|Snowscape|[upkeep]
|upkeep
|turn|18
|
|t:|1743785107
|move|p2a: Weavile|Triple Axel|p1a: Iron Treads|[miss]
|-miss|p2a: Weavile|p1a: Iron Treads
|move|p1a: Iron Treads|Rapid Spin|p2a: Weavile
|-damage|p2a: Weavile|83/100
|-boost|p1a: Iron Treads|spe|1
|-sideend|p1: Testo Chango|Stealth Rock|[from] move: Rapid Spin|[of] p1a: Iron Treads
|
|-weather|Snowscape|[upkeep]
|upkeep
|turn|19
|
|t:|1743785115
|move|p1a: Iron Treads|Volt Switch|p2a: Weavile
|-damage|p2a: Weavile|68/100
|
|t:|1743785118
|-end|p1a: Iron Treads|Quark Drive|[silent]
|switch|p1a: Probopass|Probopass, F|39/100|[from] Volt Switch
|move|p2a: Weavile|Knock Off|p1a: Probopass
|-damage|p1a: Probopass|25/100
|-damage|p2a: Weavile|51/100|[from] item: Rocky Helmet|[of] p1a: Probopass
|-enditem|p1a: Probopass|Rocky Helmet|[from] move: Knock Off|[of] p2a: Weavile
|
|-weather|Snowscape|[upkeep]
|upkeep
|turn|20
|
|t:|1743785126
|switch|p2a: Dondozo|Dondozo, F|100/100
|move|p1a: Probopass|Stealth Rock|p2a: Dondozo
|-sidestart|p2: Ihatecalc2|move: Stealth Rock
|
|-weather|Snowscape|[upkeep]
|upkeep
|turn|21
|
|t:|1743785145
|switch|p1a: Sinistcha|Sinistcha|59/100
|switch|p2a: Weavile|Weavile, M|51/100
|-ability|p2a: Weavile|Pressure
|
|-weather|none
|upkeep
|turn|22
|c|☆Testo Chango|oof
|c|☆Testo Chango|nice
|
|t:|1743785160
|switch|p2a: Slowking|Slowking-Galar, F|100/100
|switch|p1a: Probopass|Probopass, F|25/100
|
|upkeep
|turn|23
|
|t:|1743785166
|move|p1a: Probopass|Thunder Wave|p2a: Slowking
|-status|p2a: Slowking|par
|-prepare|p2a: Slowking|Chilly Reception|[premajor]
|move|p2a: Slowking|Chilly Reception|p2a: Slowking
|-weather|Snowscape
|
|t:|1743785174
|switch|p2a: Decidueye|Decidueye-Hisui, F|82/100|[from] Chilly Reception
|-damage|p2a: Decidueye|76/100|[from] Stealth Rock
|
|-weather|Snowscape|[upkeep]
|-sideend|p1: Testo Chango|Reflect
|upkeep
|turn|24
|
|t:|1743785180
|move|p2a: Decidueye|Triple Arrows|p1a: Probopass
|-supereffective|p1a: Probopass
|-damage|p1a: Probopass|0 fnt
|faint|p1a: Probopass
|
|-weather|Snowscape|[upkeep]
|upkeep
|
|t:|1743785187
|switch|p1a: Meowscarada|Meowscarada, M|100/100
|turn|25
|
|t:|1743785191
|switch|p2a: Dondozo|Dondozo, F|100/100
|-damage|p2a: Dondozo|88/100|[from] Stealth Rock
|move|p1a: Meowscarada|Triple Axel|p2a: Dondozo
|-start|p1a: Meowscarada|typechange|Ice|[from] ability: Protean
|-resisted|p2a: Dondozo
|-damage|p2a: Dondozo|86/100
|-damage|p1a: Meowscarada|84/100|[from] item: Rocky Helmet|[of] p2a: Dondozo
|-resisted|p2a: Dondozo
|-damage|p2a: Dondozo|82/100
|-damage|p1a: Meowscarada|67/100|[from] item: Rocky Helmet|[of] p2a: Dondozo
|-resisted|p2a: Dondozo
|-damage|p2a: Dondozo|76/100
|-damage|p1a: Meowscarada|50/100|[from] item: Rocky Helmet|[of] p2a: Dondozo
|-hitcount|p2a: Dondozo|3
|
|-weather|Snowscape|[upkeep]
|upkeep
|turn|26
|
|t:|1743785209
|switch|p2a: Slowking|Slowking-Galar, F|100/100 par
|move|p1a: Meowscarada|Flower Trick|p2a: Slowking
|-resisted|p2a: Slowking
|-crit|p2a: Slowking
|-damage|p2a: Slowking|83/100 par
|
|-weather|Snowscape|[upkeep]
|upkeep
|turn|27
|
|t:|1743785221
|switch|p1a: Sinistcha|Sinistcha|59/100
|switch|p2a: Zapdos|Zapdos, shiny|69/100
|-damage|p2a: Zapdos|44/100|[from] Stealth Rock
|
|-weather|none
|upkeep
|turn|28
|
|t:|1743785228
|move|p2a: Zapdos|Hurricane|p1a: Sinistcha
|-supereffective|p1a: Sinistcha
|-damage|p1a: Sinistcha|0 fnt
|faint|p1a: Sinistcha
|
|upkeep
|
|t:|1743785232
|switch|p1a: Grimmsnarl|Grimmsnarl, M|54/100
|turn|29
|
|t:|1743785236
|move|p1a: Grimmsnarl|Light Screen|p1a: Grimmsnarl
|-sidestart|p1: Testo Chango|move: Light Screen
|move|p2a: Zapdos|Discharge|p1a: Grimmsnarl
|-damage|p1a: Grimmsnarl|38/100
|
|upkeep
|turn|30
|
|t:|1743785241
|move|p1a: Grimmsnarl|Reflect|p1a: Grimmsnarl
|-sidestart|p1: Testo Chango|Reflect
|move|p2a: Zapdos|U-turn|p1a: Grimmsnarl
|-damage|p1a: Grimmsnarl|32/100
|
|t:|1743785257
|switch|p2a: Weavile|Weavile, M|51/100|[from] U-turn
|-ability|p2a: Weavile|Pressure
|
|upkeep
|turn|31
|
|t:|1743785269
|-terastallize|p2a: Weavile|Fire
|move|p2a: Weavile|Swords Dance|p2a: Weavile
|-boost|p2a: Weavile|atk|2
|move|p1a: Grimmsnarl|Spirit Break|p2a: Weavile
|-resisted|p2a: Weavile
|-damage|p2a: Weavile|25/100
|-unboost|p2a: Weavile|spa|1
|
|upkeep
|turn|32
|
|t:|1743785277
|move|p1a: Grimmsnarl|Parting Shot|p2a: Weavile
|-unboost|p2a: Weavile|atk|1
|-unboost|p2a: Weavile|spa|1
|
|t:|1743785282
|switch|p1a: Iron Crown|Iron Crown|100/100|[from] Parting Shot
|move|p2a: Weavile|Triple Axel|p1a: Iron Crown
|-resisted|p1a: Iron Crown
|-damage|p1a: Iron Crown|97/100
|-resisted|p1a: Iron Crown
|-damage|p1a: Iron Crown|89/100
|-resisted|p1a: Iron Crown
|-damage|p1a: Iron Crown|78/100
|-hitcount|p1a: Iron Crown|3
|
|upkeep
|turn|33
|
|t:|1743785304
|move|p2a: Weavile|Swords Dance|p2a: Weavile
|-boost|p2a: Weavile|atk|2
|move|p1a: Iron Crown|Agility|p1a: Iron Crown
|-boost|p1a: Iron Crown|spe|2
|
|upkeep
|turn|34
|
|t:|1743785310
|move|p1a: Iron Crown|Tachyon Cutter|p2a: Weavile
|-resisted|p2a: Weavile
|-damage|p2a: Weavile|8/100
|-resisted|p2a: Weavile
|-damage|p2a: Weavile|0 fnt
|faint|p2a: Weavile
|-hitcount|p2: Weavile|2
|
|upkeep
|
|t:|1743785324
|switch|p2a: Slowking|Slowking-Galar, F|100/100 par
|turn|35
|
|t:|1743785330
|-terastallize|p1a: Iron Crown|Ground
|move|p1a: Iron Crown|Calm Mind|p1a: Iron Crown
|-boost|p1a: Iron Crown|spa|1
|-boost|p1a: Iron Crown|spd|1
|move|p2a: Slowking|Thunder Wave|p1a: Iron Crown
|-immune|p1a: Iron Crown
|
|upkeep
|turn|36
|
|t:|1743785338
|move|p1a: Iron Crown|Calm Mind|p1a: Iron Crown
|-boost|p1a: Iron Crown|spa|1
|-boost|p1a: Iron Crown|spd|1
|move|p2a: Slowking|Sludge Bomb|p1a: Iron Crown
|-resisted|p1a: Iron Crown
|-damage|p1a: Iron Crown|74/100
|
|-sideend|p1: Testo Chango|move: Light Screen
|upkeep
|turn|37
|
|t:|1743785346
|move|p1a: Iron Crown|Calm Mind|p1a: Iron Crown
|-boost|p1a: Iron Crown|spa|1
|-boost|p1a: Iron Crown|spd|1
|move|p2a: Slowking|Sludge Bomb|p1a: Iron Crown
|-resisted|p1a: Iron Crown
|-damage|p1a: Iron Crown|68/100
|
|-sideend|p1: Testo Chango|Reflect
|upkeep
|turn|38
|
|t:|1743785352
|move|p1a: Iron Crown|Stored Power|p2a: Slowking
|-damage|p2a: Slowking|0 fnt
|faint|p2a: Slowking
|
|upkeep
|
|t:|1743785357
|switch|p2a: Dondozo|Dondozo, F|76/100
|-damage|p2a: Dondozo|64/100|[from] Stealth Rock
|turn|39
|
|t:|1743785361
|move|p1a: Iron Crown|Stored Power|p2a: Dondozo
|-damage|p2a: Dondozo|0 fnt
|faint|p2a: Dondozo
|
|upkeep
|-message|Ihatecalc2 forfeited.
|
|win|Testo Chango
|raw|Testo Chango's rating: 1307 &rarr; <strong>1324</strong><br />(+17 for winning)
|raw|Ihatecalc2's rating: 1262 &rarr; <strong>1240</strong><br />(-22 for losing)
|l|☆Ihatecalc2
|player|p2|
|l|☆Testo Chango
|player|p1|
