|j|☆ProteinMan11
|j|☆Lucwasz
|t:|1743884232
|gametype|singles
|player|p1|ProteinMan11|hiker-gen4|1630
|player|p2|Lucwasz|1|1582
|teamsize|p1|6
|teamsize|p2|6
|gen|9
|tier|[Gen 9] OU
|rated|
|rule|HP Percentage Mod: HP is shown in percentages
|rule|Endless Battle Clause: Forcing endless battles is banned
|rule|Species Clause: Limit one of each Pokémon
|rule|OHKO Clause: OHKO moves are banned
|rule|Evasion Items Clause: Evasion items are banned
|rule|Evasion Moves Clause: Evasion moves are banned
|rule|Sleep Moves Clause: Sleep-inducing moves are banned
|clearpoke
|poke|p1|Ninetales-Alola, M|
|poke|p1|Dragonite, M|
|poke|p1|Deoxys-Speed|
|poke|p1|Iron Valiant|
|poke|p1|Great Tusk|
|poke|p1|Polteageist|
|poke|p2|Garganacl, M|
|poke|p2|Weezing-Galar, F|
|poke|p2|Corviknight, M|
|poke|p2|Dragapult, M|
|poke|p2|Slowking-Galar, F|
|poke|p2|Samurott-Hisui, F|
|teampreview
|inactive|Battle timer is ON: inactive players will automatically lose when time's up. (requested by ProteinMan11)
|
|t:|1743884245
|start
|switch|p1a: Donald Trump|Ninetales-Alola, M|100/100
|switch|p2a: Slowking|Slowking-Galar, F|100/100
|-weather|Snowscape|[from] ability: Snow Warning|[of] p1a: Donald Trump
|turn|1
|
|t:|1743884249
|move|p1a: Donald Trump|Aurora Veil|p1a: Donald Trump
|-sidestart|p1: ProteinMan11|move: Aurora Veil
|move|p2a: Slowking|Sludge Bomb|p1a: Donald Trump
|-supereffective|p1a: Donald Trump
|-damage|p1a: Donald Trump|58/100
|-status|p1a: Donald Trump|psn
|
|-weather|Snowscape|[upkeep]
|-damage|p1a: Donald Trump|46/100 psn|[from] psn
|upkeep
|turn|2
|
|t:|1743884255
|move|p1a: Donald Trump|Encore|p2a: Slowking
|-start|p2a: Slowking|Encore
|move|p2a: Slowking|Sludge Bomb|p1a: Donald Trump
|-supereffective|p1a: Donald Trump
|-damage|p1a: Donald Trump|3/100 psn
|
|-weather|Snowscape|[upkeep]
|-damage|p1a: Donald Trump|0 fnt|[from] psn
|faint|p1a: Donald Trump
|upkeep
|
|t:|1743884257
|switch|p1a: Great Bust|Great Tusk|100/100
|turn|3
|
|t:|1743884264
|switch|p2a: Dragapult|Dragapult, M|100/100
|move|p1a: Great Bust|Ice Spinner|p2a: Dragapult
|-supereffective|p2a: Dragapult
|-damage|p2a: Dragapult|0 fnt
|faint|p2a: Dragapult
|-damage|p1a: Great Bust|91/100|[from] item: Life Orb
|
|-weather|Snowscape|[upkeep]
|upkeep
|
|t:|1743884268
|switch|p2a: Corviknight|Corviknight, M|100/100
|-ability|p2a: Corviknight|Pressure
|turn|4
|
|t:|1743884272
|move|p1a: Great Bust|Close Combat|p2a: Corviknight
|-damage|p2a: Corviknight|43/100
|-unboost|p1a: Great Bust|def|1
|-unboost|p1a: Great Bust|spd|1
|-damage|p1a: Great Bust|74/100|[from] item: Rocky Helmet|[of] p2a: Corviknight
|-damage|p1a: Great Bust|64/100|[from] item: Life Orb
|move|p2a: Corviknight|Iron Defense|p2a: Corviknight
|-boost|p2a: Corviknight|def|2
|
|-weather|Snowscape|[upkeep]
|upkeep
|turn|5
|
|t:|1743884275
|move|p1a: Great Bust|Close Combat|p2a: Corviknight
|-damage|p2a: Corviknight|16/100
|-unboost|p1a: Great Bust|def|1
|-unboost|p1a: Great Bust|spd|1
|-damage|p1a: Great Bust|48/100|[from] item: Rocky Helmet|[of] p2a: Corviknight
|-damage|p1a: Great Bust|38/100|[from] item: Life Orb
|move|p2a: Corviknight|Roost|p2a: Corviknight
|-heal|p2a: Corviknight|66/100
|-singleturn|p2a: Corviknight|move: Roost
|
|-weather|none
|upkeep
|turn|6
|
|t:|1743884285
|-end|p1a: Great Bust|Protosynthesis|[silent]
|switch|p1a: This-a-way|Deoxys-Speed, shiny|100/100
|-ability|p1a: This-a-way|Pressure
|move|p2a: Corviknight|Roost|p2a: Corviknight
|-heal|p2a: Corviknight|100/100
|-singleturn|p2a: Corviknight|move: Roost
|
|upkeep
|turn|7
|
|t:|1743884291
|move|p1a: This-a-way|Cosmic Power|p1a: This-a-way
|-boost|p1a: This-a-way|def|1
|-boost|p1a: This-a-way|spd|1
|move|p2a: Corviknight|Body Press|p1a: This-a-way
|-resisted|p1a: This-a-way
|-damage|p1a: This-a-way|91/100
|
|upkeep
|turn|8
|
|t:|1743884294
|switch|p2a: Garganacl|Garganacl, M|100/100
|move|p1a: This-a-way|Cosmic Power|p1a: This-a-way
|-boost|p1a: This-a-way|def|1
|-boost|p1a: This-a-way|spd|1
|
|-sideend|p1: ProteinMan11|move: Aurora Veil
|upkeep
|turn|9
|
|t:|1743884300
|move|p1a: This-a-way|Cosmic Power|p1a: This-a-way
|-boost|p1a: This-a-way|def|1
|-boost|p1a: This-a-way|spd|1
|move|p2a: Garganacl|Salt Cure|p1a: This-a-way
|-damage|p1a: This-a-way|83/100
|-start|p1a: This-a-way|Salt Cure
|
|-damage|p1a: This-a-way|71/100|[from] Salt Cure
|upkeep
|turn|10
|
|t:|1743884306
|switch|p2a: Weezing|Weezing-Galar, F|100/100
|-ability|p2a: Weezing|Neutralizing Gas
|move|p1a: This-a-way|Cosmic Power|p1a: This-a-way
|-boost|p1a: This-a-way|def|1
|-boost|p1a: This-a-way|spd|1
|
|-damage|p1a: This-a-way|58/100|[from] Salt Cure
|upkeep
|turn|11
|
|t:|1743884309
|move|p1a: This-a-way|Cosmic Power|p1a: This-a-way
|-boost|p1a: This-a-way|def|1
|-boost|p1a: This-a-way|spd|1
|move|p2a: Weezing|Will-O-Wisp|p1a: This-a-way
|-status|p1a: This-a-way|brn
|
|-damage|p1a: This-a-way|52/100 brn|[from] brn
|-damage|p1a: This-a-way|40/100 brn|[from] Salt Cure
|upkeep
|turn|12
|
|t:|1743884312
|move|p1a: This-a-way|Recover|p1a: This-a-way
|-heal|p1a: This-a-way|90/100 brn
|move|p2a: Weezing|Strange Steam|p1a: This-a-way|[miss]
|-miss|p2a: Weezing|p1a: This-a-way
|
|-damage|p1a: This-a-way|83/100 brn|[from] brn
|-damage|p1a: This-a-way|71/100 brn|[from] Salt Cure
|upkeep
|turn|13
|
|t:|1743884313
|move|p1a: This-a-way|Cosmic Power|p1a: This-a-way
|-boost|p1a: This-a-way|def|1
|-boost|p1a: This-a-way|spd|1
|move|p2a: Weezing|Strange Steam|p1a: This-a-way
|-damage|p1a: This-a-way|63/100 brn
|
|-damage|p1a: This-a-way|56/100 brn|[from] brn
|-damage|p1a: This-a-way|44/100 brn|[from] Salt Cure
|upkeep
|turn|14
|
|t:|1743884316
|move|p1a: This-a-way|Recover|p1a: This-a-way
|-heal|p1a: This-a-way|94/100 brn
|move|p2a: Weezing|Strange Steam|p1a: This-a-way
|-damage|p1a: This-a-way|86/100 brn
|
|-damage|p1a: This-a-way|79/100 brn|[from] brn
|-damage|p1a: This-a-way|67/100 brn|[from] Salt Cure
|upkeep
|turn|15
|
|t:|1743884318
|move|p1a: This-a-way|Stored Power|p2a: Weezing
|-supereffective|p2a: Weezing
|-damage|p2a: Weezing|0 fnt
|faint|p2a: Weezing
|-end|p2a: Weezing|ability: Neutralizing Gas
|-ability|p1a: This-a-way|Pressure
|
|-damage|p1a: This-a-way|61/100 brn|[from] brn
|-damage|p1a: This-a-way|48/100 brn|[from] Salt Cure
|upkeep
|
|t:|1743884320
|switch|p2a: Samurott|Samurott-Hisui, F|100/100
|turn|16
|
|t:|1743884325
|move|p2a: Samurott|Knock Off|p1a: This-a-way
|-supereffective|p1a: This-a-way
|-damage|p1a: This-a-way|19/100 brn
|-enditem|p1a: This-a-way|Weakness Policy
|-boost|p1a: This-a-way|atk|2|[from] item: Weakness Policy
|-boost|p1a: This-a-way|spa|2|[from] item: Weakness Policy
|move|p1a: This-a-way|Recover|p1a: This-a-way
|-heal|p1a: This-a-way|69/100 brn
|
|-damage|p1a: This-a-way|62/100 brn|[from] brn
|-damage|p1a: This-a-way|50/100 brn|[from] Salt Cure
|upkeep
|turn|17
|
|t:|1743884331
|move|p2a: Samurott|Knock Off|p1a: This-a-way
|-supereffective|p1a: This-a-way
|-damage|p1a: This-a-way|31/100 brn
|move|p1a: This-a-way|Recover|p1a: This-a-way
|-heal|p1a: This-a-way|81/100 brn
|
|-damage|p1a: This-a-way|75/100 brn|[from] brn
|-damage|p1a: This-a-way|63/100 brn|[from] Salt Cure
|upkeep
|turn|18
|
|t:|1743884333
|move|p2a: Samurott|Knock Off|p1a: This-a-way
|-supereffective|p1a: This-a-way
|-damage|p1a: This-a-way|43/100 brn
|move|p1a: This-a-way|Recover|p1a: This-a-way
|-heal|p1a: This-a-way|93/100 brn
|
|-damage|p1a: This-a-way|87/100 brn|[from] brn
|-damage|p1a: This-a-way|74/100 brn|[from] Salt Cure
|upkeep
|turn|19
|
|t:|1743884336
|move|p2a: Samurott|Knock Off|p1a: This-a-way
|-supereffective|p1a: This-a-way
|-damage|p1a: This-a-way|54/100 brn
|move|p1a: This-a-way|Recover|p1a: This-a-way
|-heal|p1a: This-a-way|100/100 brn
|
|-damage|p1a: This-a-way|94/100 brn|[from] brn
|-damage|p1a: This-a-way|82/100 brn|[from] Salt Cure
|upkeep
|turn|20
|
|t:|1743884341
|switch|p2a: Slowking|Slowking-Galar, F|100/100
|-terastallize|p1a: This-a-way|Fighting
|move|p1a: This-a-way|Tera Blast|p2a: Slowking|[anim] Tera Blast Fighting
|-resisted|p2a: Slowking
|-damage|p2a: Slowking|93/100
|
|-damage|p1a: This-a-way|75/100 brn|[from] brn
|-damage|p1a: This-a-way|63/100 brn|[from] Salt Cure
|upkeep
|turn|21
|
|t:|1743884345
|switch|p2a: Samurott|Samurott-Hisui, F|100/100
|move|p1a: This-a-way|Stored Power|p2a: Samurott
|-immune|p2a: Samurott
|
|-damage|p1a: This-a-way|57/100 brn|[from] brn
|-damage|p1a: This-a-way|44/100 brn|[from] Salt Cure
|upkeep
|turn|22
|
|t:|1743884350
|move|p2a: Samurott|Flip Turn|p1a: This-a-way
|-damage|p1a: This-a-way|35/100 brn
|
|t:|1743884353
|switch|p2a: Slowking|Slowking-Galar, F|100/100|[from] Flip Turn
|move|p1a: This-a-way|Recover|p1a: This-a-way
|-heal|p1a: This-a-way|85/100 brn
|
|-damage|p1a: This-a-way|79/100 brn|[from] brn
|-damage|p1a: This-a-way|66/100 brn|[from] Salt Cure
|upkeep
|turn|23
|
|t:|1743884358
|move|p1a: This-a-way|Stored Power|p2a: Slowking
|-damage|p2a: Slowking|0 fnt
|faint|p2a: Slowking
|
|-damage|p1a: This-a-way|60/100 brn|[from] brn
|-damage|p1a: This-a-way|48/100 brn|[from] Salt Cure
|upkeep
|
|t:|1743884364
|switch|p2a: Samurott|Samurott-Hisui, F|100/100
|turn|24
|
|t:|1743884370
|-terastallize|p2a: Samurott|Water
|move|p2a: Samurott|Razor Shell|p1a: This-a-way
|-damage|p1a: This-a-way|26/100 brn
|-unboost|p1a: This-a-way|def|1
|move|p1a: This-a-way|Recover|p1a: This-a-way
|-heal|p1a: This-a-way|76/100 brn
|
|-damage|p1a: This-a-way|70/100 brn|[from] brn
|-damage|p1a: This-a-way|57/100 brn|[from] Salt Cure
|upkeep
|turn|25
|
|t:|1743884375
|move|p2a: Samurott|Razor Shell|p1a: This-a-way
|-damage|p1a: This-a-way|35/100 brn
|move|p1a: This-a-way|Stored Power|p2a: Samurott
|-damage|p2a: Samurott|0 fnt
|faint|p2a: Samurott
|
|-damage|p1a: This-a-way|28/100 brn|[from] brn
|-damage|p1a: This-a-way|16/100 brn|[from] Salt Cure
|upkeep
|
|t:|1743884379
|switch|p2a: Garganacl|Garganacl, M|100/100
|turn|26
|
|t:|1743884385
|move|p2a: Garganacl|Protect|p2a: Garganacl
|-singleturn|p2a: Garganacl|Protect
|move|p1a: This-a-way|Stored Power|p2a: Garganacl
|-activate|p2a: Garganacl|move: Protect
|
|-damage|p1a: This-a-way|10/100 brn|[from] brn
|-damage|p1a: This-a-way|0 fnt|[from] Salt Cure
|faint|p1a: This-a-way
|upkeep
|
|t:|1743884389
|switch|p1a: Darius|Iron Valiant|100/100
|-enditem|p1a: Darius|Booster Energy
|-activate|p1a: Darius|ability: Quark Drive|[fromitem]
|-start|p1a: Darius|quarkdrivespe
|turn|27
|
|t:|1743884393
|move|p1a: Darius|Close Combat|p2a: Garganacl
|-supereffective|p2a: Garganacl
|-damage|p2a: Garganacl|20/100
|-unboost|p1a: Darius|def|1
|-unboost|p1a: Darius|spd|1
|move|p2a: Garganacl|Salt Cure|p1a: Darius
|-resisted|p1a: Darius
|-damage|p1a: Darius|87/100
|-start|p1a: Darius|Salt Cure
|
|-heal|p2a: Garganacl|26/100|[from] item: Leftovers
|-damage|p1a: Darius|75/100|[from] Salt Cure
|upkeep
|turn|28
|
|t:|1743884398
|move|p2a: Garganacl|Protect|p2a: Garganacl
|-singleturn|p2a: Garganacl|Protect
|move|p1a: Darius|Close Combat|p2a: Garganacl
|-activate|p2a: Garganacl|move: Protect
|
|-heal|p2a: Garganacl|33/100|[from] item: Leftovers
|-damage|p1a: Darius|63/100|[from] Salt Cure
|upkeep
|turn|29
|
|t:|1743884401
|switch|p2a: Corviknight|Corviknight, M|100/100
|-ability|p2a: Corviknight|Pressure
|move|p1a: Darius|Close Combat|p2a: Corviknight
|-damage|p2a: Corviknight|61/100
|-unboost|p1a: Darius|def|1
|-unboost|p1a: Darius|spd|1
|-damage|p1a: Darius|46/100|[from] item: Rocky Helmet|[of] p2a: Corviknight
|
|-damage|p1a: Darius|34/100|[from] Salt Cure
|upkeep
|turn|30
|
|t:|1743884406
|switch|p2a: Garganacl|Garganacl, M|33/100
|move|p1a: Darius|Knock Off|p2a: Garganacl
|-damage|p2a: Garganacl|12/100
|-enditem|p2a: Garganacl|Leftovers|[from] move: Knock Off|[of] p1a: Darius
|
|-damage|p1a: Darius|21/100|[from] Salt Cure
|upkeep
|turn|31
|
|t:|1743884409
|move|p2a: Garganacl|Protect|p2a: Garganacl
|-singleturn|p2a: Garganacl|Protect
|move|p1a: Darius|Swords Dance|p1a: Darius
|-boost|p1a: Darius|atk|2
|
|-damage|p1a: Darius|9/100|[from] Salt Cure
|upkeep
|turn|32
|
|t:|1743884411
|move|p1a: Darius|Close Combat|p2a: Garganacl
|-supereffective|p2a: Garganacl
|-damage|p2a: Garganacl|0 fnt
|-unboost|p1a: Darius|def|1
|-unboost|p1a: Darius|spd|1
|faint|p2a: Garganacl
|
|-damage|p1a: Darius|0 fnt|[from] Salt Cure
|faint|p1a: Darius
|-end|p1a: Darius|Quark Drive|[silent]
|upkeep
|
|t:|1743884423
|switch|p1a: WAAAAATER|Polteageist|100/100
|switch|p2a: Corviknight|Corviknight, M|61/100
|-ability|p2a: Corviknight|Pressure
|turn|33
|
|t:|1743884427
|move|p1a: WAAAAATER|Shell Smash|p1a: WAAAAATER
|-unboost|p1a: WAAAAATER|def|1
|-unboost|p1a: WAAAAATER|spd|1
|-boost|p1a: WAAAAATER|atk|2
|-boost|p1a: WAAAAATER|spa|2
|-boost|p1a: WAAAAATER|spe|2
|move|p2a: Corviknight|Brave Bird|p1a: WAAAAATER
|-enditem|p1a: WAAAAATER|Focus Sash
|-damage|p1a: WAAAAATER|1/100
|-ability|p1a: WAAAAATER|Weak Armor|boost
|-unboost|p1a: WAAAAATER|def|1
|-boost|p1a: WAAAAATER|spe|2
|-damage|p2a: Corviknight|39/100|[from] Recoil
|
|upkeep
|turn|34
|
|t:|1743884430
|move|p1a: WAAAAATER|Stored Power|p2a: Corviknight
|-resisted|p2a: Corviknight
|-damage|p2a: Corviknight|0 fnt
|faint|p2a: Corviknight
|
|win|ProteinMan11
|raw|ProteinMan11's rating: 1630 &rarr; <strong>1647</strong><br />(+17 for winning)
|raw|Lucwasz's rating: 1582 &rarr; <strong>1565</strong><br />(-17 for losing)
|l|☆Lucwasz
|player|p2|
|l|☆ProteinMan11
|player|p1|
