|j|☆DripCell
|j|☆satanice
|t:|1743868982
|gametype|singles
|player|p1|DripCell|169|1194
|player|p2|satanice|skierf|1192
|teamsize|p1|6
|teamsize|p2|6
|gen|9
|tier|[Gen 9] OU
|rated|
|rule|HP Percentage Mod: HP is shown in percentages
|rule|Endless Battle Clause: Forcing endless battles is banned
|rule|Species Clause: Limit one of each Pokémon
|rule|OHKO Clause: OHKO moves are banned
|rule|Evasion Items Clause: Evasion items are banned
|rule|Evasion Moves Clause: Evasion moves are banned
|rule|Sleep Moves Clause: Sleep-inducing moves are banned
|clearpoke
|poke|p1|Corviknight, M|
|poke|p1|Iron Valiant|
|poke|p1|Pecharunt|
|poke|p1|Garganacl, M|
|poke|p1|Kingambit, M|
|poke|p1|Hydrapple, F|
|poke|p2|Frosmoth, M|
|poke|p2|Cloyster, M|
|poke|p2|Mamoswine, F|
|poke|p2|Ninetales-Alola, F|
|poke|p2|Sandslash-Alola, F|
|poke|p2|Froslass, F|
|teampreview
|
|t:|1743868997
|start
|switch|p1a: Kingambit|Kingambit, M|100/100
|switch|p2a: Cloyster|Cloyster, M|100/100
|turn|1
|
|t:|1743869004
|move|p2a: Cloyster|Shell Smash|p2a: Cloyster
|-unboost|p2a: Cloyster|def|1
|-unboost|p2a: Cloyster|spd|1
|-boost|p2a: Cloyster|atk|2
|-boost|p2a: Cloyster|spa|2
|-boost|p2a: Cloyster|spe|2
|move|p1a: Kingambit|Swords Dance|p1a: Kingambit
|-boost|p1a: Kingambit|atk|2
|
|upkeep
|turn|2
|
|t:|1743869011
|move|p2a: Cloyster|Liquidation|p1a: Kingambit
|-damage|p1a: Kingambit|36/100
|move|p1a: Kingambit|Iron Head|p2a: Cloyster
|-enditem|p2a: Cloyster|Focus Sash
|-damage|p2a: Cloyster|1/100
|
|-heal|p1a: Kingambit|42/100|[from] item: Leftovers
|upkeep
|turn|3
|
|t:|1743869015
|move|p1a: Kingambit|Sucker Punch||[still]
|-fail|p1a: Kingambit
|move|p2a: Cloyster|Shell Smash|p2a: Cloyster
|-unboost|p2a: Cloyster|def|1
|-unboost|p2a: Cloyster|spd|1
|-boost|p2a: Cloyster|atk|2
|-boost|p2a: Cloyster|spa|2
|-boost|p2a: Cloyster|spe|2
|
|-heal|p1a: Kingambit|48/100|[from] item: Leftovers
|upkeep
|turn|4
|
|t:|1743869018
|move|p1a: Kingambit|Sucker Punch||[still]
|-fail|p1a: Kingambit
|move|p2a: Cloyster|Shell Smash|p2a: Cloyster
|-unboost|p2a: Cloyster|def|1
|-unboost|p2a: Cloyster|spd|1
|-boost|p2a: Cloyster|atk|2
|-boost|p2a: Cloyster|spa|2
|-boost|p2a: Cloyster|spe|2
|
|-heal|p1a: Kingambit|54/100|[from] item: Leftovers
|upkeep
|turn|5
|
|t:|1743869026
|move|p1a: Kingambit|Sucker Punch||[still]
|-fail|p1a: Kingambit
|move|p2a: Cloyster|Shell Smash|p2a: Cloyster
|-unboost|p2a: Cloyster|def|1
|-unboost|p2a: Cloyster|spd|1
|-boost|p2a: Cloyster|atk|0
|-boost|p2a: Cloyster|spa|0
|-boost|p2a: Cloyster|spe|0
|
|-heal|p1a: Kingambit|61/100|[from] item: Leftovers
|upkeep
|turn|6
|
|t:|1743869029
|move|p1a: Kingambit|Sucker Punch||[still]
|-fail|p1a: Kingambit
|move|p2a: Cloyster|Shell Smash|p2a: Cloyster
|-unboost|p2a: Cloyster|def|1
|-unboost|p2a: Cloyster|spd|1
|-boost|p2a: Cloyster|atk|0
|-boost|p2a: Cloyster|spa|0
|-boost|p2a: Cloyster|spe|0
|
|-heal|p1a: Kingambit|67/100|[from] item: Leftovers
|upkeep
|turn|7
|
|t:|1743869044
|move|p1a: Kingambit|Sucker Punch|p2a: Cloyster
|-damage|p2a: Cloyster|0 fnt
|faint|p2a: Cloyster
|
|-heal|p1a: Kingambit|73/100|[from] item: Leftovers
|upkeep
|
|t:|1743869048
|switch|p2a: Mamoswine|Mamoswine, F|100/100
|turn|8
|
|t:|1743869055
|move|p2a: Mamoswine|Earthquake|p1a: Kingambit
|-supereffective|p1a: Kingambit
|-damage|p1a: Kingambit|0 fnt
|faint|p1a: Kingambit
|-end|p1a: Kingambit|fallenundefined|[silent]
|
|upkeep
|
|t:|1743869071
|switch|p1a: Corviknight|Corviknight, M|100/100
|-ability|p1a: Corviknight|Pressure
|turn|9
|
|t:|1743869075
|move|p2a: Mamoswine|Icicle Crash|p1a: Corviknight
|-damage|p1a: Corviknight|67/100
|move|p1a: Corviknight|Brave Bird|p2a: Mamoswine
|-damage|p2a: Mamoswine|56/100
|-damage|p1a: Corviknight|54/100|[from] Recoil
|
|-heal|p1a: Corviknight|60/100|[from] item: Leftovers
|upkeep
|turn|10
|
|t:|1743869080
|move|p2a: Mamoswine|Icicle Crash|p1a: Corviknight
|-damage|p1a: Corviknight|23/100
|cant|p1a: Corviknight|flinch
|
|-heal|p1a: Corviknight|29/100|[from] item: Leftovers
|upkeep
|turn|11
|
|t:|1743869092
|switch|p1a: Pecharunt|Pecharunt|100/100
|move|p2a: Mamoswine|Icicle Crash|p1a: Pecharunt|[miss]
|-miss|p2a: Mamoswine|p1a: Pecharunt
|
|upkeep
|turn|12
|inactive|Battle timer is ON: inactive players will automatically lose when time's up. (requested by DripCell)
|
|t:|1743869125
|move|p1a: Pecharunt|Malignant Chain|p2a: Mamoswine
|-resisted|p2a: Mamoswine
|-damage|p2a: Mamoswine|26/100
|-status|p2a: Mamoswine|tox
|-start|p2a: Mamoswine|confusion|[from] ability: Poison Puppeteer|[of] p1a: Pecharunt
|-activate|p2a: Mamoswine|confusion
|move|p2a: Mamoswine|Earthquake|p1a: Pecharunt
|-supereffective|p1a: Pecharunt
|-damage|p1a: Pecharunt|15/100
|
|-damage|p2a: Mamoswine|20/100 tox|[from] psn
|upkeep
|turn|13
|
|t:|1743869133
|-activate|p2a: Mamoswine|confusion
|move|p2a: Mamoswine|Ice Shard|p1a: Pecharunt
|-damage|p1a: Pecharunt|0 fnt
|faint|p1a: Pecharunt
|
|-damage|p2a: Mamoswine|7/100 tox|[from] psn
|upkeep
|
|t:|1743869141
|switch|p1a: Iron Valiant|Iron Valiant|100/100
|-enditem|p1a: Iron Valiant|Booster Energy
|-activate|p1a: Iron Valiant|ability: Quark Drive|[fromitem]
|-start|p1a: Iron Valiant|quarkdrivespe
|turn|14
|
|t:|1743869146
|-end|p2a: Mamoswine|confusion
|move|p2a: Mamoswine|Ice Shard|p1a: Iron Valiant
|-damage|p1a: Iron Valiant|65/100
|move|p1a: Iron Valiant|Shadow Ball|p2a: Mamoswine
|-damage|p2a: Mamoswine|0 fnt
|faint|p2a: Mamoswine
|
|upkeep
|
|t:|1743869152
|switch|p2a: Ninetales|Ninetales-Alola, F|100/100
|-weather|Snowscape|[from] ability: Snow Warning|[of] p2a: Ninetales
|turn|15
|
|t:|1743869176
|move|p1a: Iron Valiant|Moonblast|p2a: Ninetales
|-damage|p2a: Ninetales|55/100
|move|p2a: Ninetales|Moonblast|p1a: Iron Valiant
|-supereffective|p1a: Iron Valiant
|-damage|p1a: Iron Valiant|0 fnt
|faint|p1a: Iron Valiant
|-end|p1a: Iron Valiant|Quark Drive|[silent]
|
|-weather|Snowscape|[upkeep]
|upkeep
|
|t:|1743869178
|switch|p1a: Garganacl|Garganacl, M|100/100
|turn|16
|inactive|satanice has 120 seconds left.
|
|t:|1743869224
|switch|p2a: Froslass|Froslass, F|100/100
|move|p1a: Garganacl|Salt Cure|p2a: Froslass
|-supereffective|p2a: Froslass
|-damage|p2a: Froslass|68/100
|-start|p2a: Froslass|Salt Cure
|-start|p1a: Garganacl|Disable|Salt Cure|[from] ability: Cursed Body|[of] p2a: Froslass
|
|-weather|Snowscape|[upkeep]
|-damage|p2a: Froslass|55/100|[from] Salt Cure
|upkeep
|turn|17
|
|t:|1743869231
|move|p2a: Froslass|Taunt|p1a: Garganacl
|-start|p1a: Garganacl|move: Taunt
|cant|p1a: Garganacl|move: Taunt|Iron Defense
|
|-weather|Snowscape|[upkeep]
|-damage|p2a: Froslass|43/100|[from] Salt Cure
|upkeep
|turn|18
|inactive|satanice has 90 seconds left.
|inactive|satanice has 60 seconds left.
|
|t:|1743869301
|switch|p2a: Sandslash|Sandslash-Alola, F|100/100
|switch|p1a: Hydrapple|Hydrapple, F|100/100
|
|-weather|Snowscape|[upkeep]
|upkeep
|turn|19
|inactive|DripCell has 120 seconds left.
|
|t:|1743869346
|-terastallize|p1a: Hydrapple|Steel
|move|p2a: Sandslash|Triple Axel|p1a: Hydrapple
|-resisted|p1a: Hydrapple
|-damage|p1a: Hydrapple|97/100
|-resisted|p1a: Hydrapple
|-damage|p1a: Hydrapple|90/100
|-resisted|p1a: Hydrapple
|-damage|p1a: Hydrapple|80/100
|-hitcount|p1a: Hydrapple|3
|move|p1a: Hydrapple|Earth Power|p2a: Sandslash
|-supereffective|p2a: Sandslash
|-enditem|p2a: Sandslash|Focus Sash
|-damage|p2a: Sandslash|1/100
|
|-weather|none
|upkeep
|turn|20
|
|t:|1743869359
|move|p2a: Sandslash|Earthquake|p1a: Hydrapple
|-supereffective|p1a: Hydrapple
|-damage|p1a: Hydrapple|35/100
|move|p1a: Hydrapple|Energy Ball|p2a: Sandslash
|-resisted|p2a: Sandslash
|-damage|p2a: Sandslash|0 fnt
|faint|p2a: Sandslash
|
|upkeep
|
|t:|1743869365
|switch|p2a: Frosmoth|Frosmoth, M|100/100
|turn|21
|
|t:|1743869373
|switch|p1a: Corviknight|Corviknight, M|29/100
|-ability|p1a: Corviknight|Pressure
|-terastallize|p2a: Frosmoth|Water
|move|p2a: Frosmoth|Quiver Dance|p2a: Frosmoth
|-boost|p2a: Frosmoth|spa|1
|-boost|p2a: Frosmoth|spd|1
|-boost|p2a: Frosmoth|spe|1
|
|-heal|p1a: Corviknight|35/100|[from] item: Leftovers
|upkeep
|turn|22
|inactive|satanice has 60 seconds left.
|
|t:|1743869402
|move|p2a: Frosmoth|Tera Blast|p1a: Corviknight|[anim] Tera Blast Water
|-damage|p1a: Corviknight|0 fnt
|faint|p1a: Corviknight
|
|upkeep
|
|t:|1743869409
|switch|p1a: Hydrapple|Hydrapple, F, tera:Steel|68/100
|turn|23
|
|t:|1743869415
|move|p2a: Frosmoth|Quiver Dance|p2a: Frosmoth
|-boost|p2a: Frosmoth|spa|1
|-boost|p2a: Frosmoth|spd|1
|-boost|p2a: Frosmoth|spe|1
|move|p1a: Hydrapple|Draco Meteor|p2a: Frosmoth
|-damage|p2a: Frosmoth|80/100
|-unboost|p1a: Hydrapple|spa|2
|
|upkeep
|turn|24
|
|t:|1743869427
|move|p2a: Frosmoth|Quiver Dance|p2a: Frosmoth
|-boost|p2a: Frosmoth|spa|1
|-boost|p2a: Frosmoth|spd|1
|-boost|p2a: Frosmoth|spe|1
|move|p1a: Hydrapple|Energy Ball|p2a: Frosmoth
|-supereffective|p2a: Frosmoth
|-damage|p2a: Frosmoth|68/100
|
|upkeep
|turn|25
|-message|DripCell forfeited.
|
|win|satanice
|raw|DripCell's rating: 1194 &rarr; <strong>1169</strong><br />(-25 for losing)
|raw|satanice's rating: 1192 &rarr; <strong>1217</strong><br />(+25 for winning)
|l|☆DripCell
|player|p1|
|l|☆satanice
|player|p2|
