|j|☆DarKnightPT
|j|☆Z-Pokemaster2000
|t:|1743880080
|gametype|singles
|player|p1|DarKnightPT|sabrina|
|player|p2|Z-Pokemaster2000|266|
|teamsize|p1|6
|teamsize|p2|6
|gen|9
|tier|[Gen 9] OU
|rule|HP Percentage Mod: HP is shown in percentages
|rule|Endless Battle Clause: Forcing endless battles is banned
|rule|Species Clause: Limit one of each Pokémon
|rule|OHKO Clause: OHKO moves are banned
|rule|Evasion Items Clause: Evasion items are banned
|rule|Evasion Moves Clause: Evasion moves are banned
|rule|Sleep Moves Clause: Sleep-inducing moves are banned
|clearpoke
|poke|p1|Iron Valiant|
|poke|p1|Samurott-Hisui, M|
|poke|p1|Landorus-Therian, M|
|poke|p1|Zapdos|
|poke|p1|Slowking-Galar, F|
|poke|p1|Gholdengo|
|poke|p2|Okidogi, M|
|poke|p2|Alcremie-Matcha-Cream, F|
|poke|p2|Grimmsnarl, M|
|poke|p2|Great Tusk|
|poke|p2|Hydrapple, F|
|poke|p2|Kingambit, F|
|teampreview
|inactive|Battle timer is ON: inactive players will automatically lose when time's up. (requested by Z-Pokemaster2000)
|inactive|DarKnightPT has 270 seconds left.
|inactive|Z-Pokemaster2000 has 270 seconds left.
|c|☆Z-Pokemaster2000|The fraud brigade is back in town
|
|t:|1743880121
|start
|switch|p1a: Iron Valiant|Iron Valiant|100/100
|switch|p2a: Okidogi|Okidogi, M|100/100
|turn|1
|
|t:|1743880125
|move|p1a: Iron Valiant|Psyshock|p2a: Okidogi
|-supereffective|p2a: Okidogi
|-damage|p2a: Okidogi|0 fnt
|faint|p2a: Okidogi
|
|upkeep
|c|☆DarKnightPT|wait... that kills?
|c|☆DarKnightPT|i was just happy to trade ngl
|c|☆Z-Pokemaster2000|Tell me he at least died to specs
|inactive|Z-Pokemaster2000 has 270 seconds left.
|
|t:|1743880157
|switch|p2a: Grimmsnarl|Grimmsnarl, M, shiny|100/100
|turn|2
|
|t:|1743880179
|-end|p1a: Iron Valiant|Quark Drive|[silent]
|switch|p1a: Slowking|Slowking-Galar, F|100/100
|move|p2a: Grimmsnarl|Light Screen|p2a: Grimmsnarl
|-sidestart|p2: Z-Pokemaster2000|move: Light Screen
|
|upkeep
|turn|3
|c|☆Z-Pokemaster2000|Ok yeah thats definitely soecs
|
|t:|1743880199
|move|p2a: Grimmsnarl|Parting Shot|p1a: Slowking
|-unboost|p1a: Slowking|atk|1
|-unboost|p1a: Slowking|spa|1
|inactive|Z-Pokemaster2000 has 270 seconds left.
|
|t:|1743880209
|switch|p2a: Kingambit|Kingambit, F, shiny|100/100|[from] Parting Shot
|-activate|p2a: Kingambit|ability: Supreme Overlord
|-start|p2a: Kingambit|fallen1|[silent]
|move|p1a: Slowking|Thunder Wave|p2a: Kingambit
|-status|p2a: Kingambit|par
|
|upkeep
|turn|4
|
|t:|1743880227
|-end|p2a: Kingambit|fallen1|[silent]
|switch|p2a: Hydrapple|Hydrapple, F, shiny|100/100
|switch|p1a: Landorus|Landorus-Therian, M|100/100
|-ability|p1a: Landorus|Intimidate|boost
|-unboost|p2a: Hydrapple|atk|1
|
|upkeep
|turn|5
|inactive|Z-Pokemaster2000 has 270 seconds left.
|
|t:|1743880251
|move|p1a: Landorus|U-turn|p2a: Hydrapple
|-supereffective|p2a: Hydrapple
|-damage|p2a: Hydrapple|70/100
|
|t:|1743880262
|switch|p1a: Slowking|Slowking-Galar, F|100/100|[from] U-turn
|move|p2a: Hydrapple|Giga Drain|p1a: Slowking
|-resisted|p1a: Slowking
|-damage|p1a: Slowking|83/100
|-heal|p2a: Hydrapple|79/100|[from] drain|[of] p1a: Slowking
|
|-heal|p1a: Slowking|89/100|[from] item: Leftovers
|upkeep
|turn|6
|
|t:|1743880269
|switch|p2a: Kingambit|Kingambit, F, shiny|100/100 par
|-activate|p2a: Kingambit|ability: Supreme Overlord
|-start|p2a: Kingambit|fallen1|[silent]
|-prepare|p1a: Slowking|Chilly Reception|[premajor]
|move|p1a: Slowking|Chilly Reception|p1a: Slowking
|-weather|Snowscape
|
|t:|1743880280
|switch|p1a: Landorus|Landorus-Therian, M|100/100|[from] Chilly Reception
|-ability|p1a: Landorus|Intimidate|boost
|-unboost|p2a: Kingambit|atk|1
|
|-weather|Snowscape|[upkeep]
|upkeep
|turn|7
|
|t:|1743880293
|move|p1a: Landorus|Stealth Rock|p2a: Kingambit
|-sidestart|p2: Z-Pokemaster2000|move: Stealth Rock
|move|p2a: Kingambit|Iron Head|p1a: Landorus
|-damage|p1a: Landorus|71/100
|-damage|p2a: Kingambit|84/100 par|[from] item: Rocky Helmet|[of] p1a: Landorus
|
|-weather|Snowscape|[upkeep]
|-heal|p2a: Kingambit|90/100 par|[from] item: Leftovers
|upkeep
|turn|8
|
|t:|1743880305
|move|p1a: Landorus|Earth Power|p2a: Kingambit
|-supereffective|p2a: Kingambit
|-damage|p2a: Kingambit|68/100 par
|cant|p2a: Kingambit|par
|
|-weather|Snowscape|[upkeep]
|-heal|p2a: Kingambit|74/100 par|[from] item: Leftovers
|upkeep
|turn|9
|c|☆DarKnightPT|22 is crazy
|inactive|Z-Pokemaster2000 has 270 seconds left.
|c|☆Z-Pokemaster2000|Brother i still got light screen
|c|☆Z-Pokemaster2000|That aint doing a thing
|inactive|DarKnightPT has 270 seconds left.
|
|t:|1743880341
|move|p1a: Landorus|Earth Power|p2a: Kingambit
|-supereffective|p2a: Kingambit
|-damage|p2a: Kingambit|50/100 par
|-unboost|p2a: Kingambit|spd|1
|move|p2a: Kingambit|Swords Dance|p2a: Kingambit
|-boost|p2a: Kingambit|atk|2
|
|-weather|Snowscape|[upkeep]
|-heal|p2a: Kingambit|56/100 par|[from] item: Leftovers
|-sideend|p2: Z-Pokemaster2000|move: Light Screen
|upkeep
|turn|10
|c|☆Z-Pokemaster2000|Ok NOW im concerned
|
|t:|1743880354
|move|p2a: Kingambit|Sucker Punch|p1a: Landorus
|-damage|p1a: Landorus|17/100
|-damage|p2a: Kingambit|40/100 par|[from] item: Rocky Helmet|[of] p1a: Landorus
|move|p1a: Landorus|Earth Power|p2a: Kingambit
|-supereffective|p2a: Kingambit
|-damage|p2a: Kingambit|0 fnt
|faint|p2a: Kingambit
|-end|p2a: Kingambit|fallen1|[silent]
|
|-weather|none
|upkeep
|c|☆Z-Pokemaster2000|Ayo that almost killed him 🤣
|inactive|Z-Pokemaster2000 has 240 seconds left.
|c|☆DarKnightPT|ouch
|
|t:|1743880377
|switch|p2a: Great Tusk|Great Tusk, shiny|100/100
|-damage|p2a: Great Tusk|97/100|[from] Stealth Rock
|turn|11
|
|t:|1743880395
|move|p1a: Landorus|U-turn|p2a: Great Tusk
|-resisted|p2a: Great Tusk
|-damage|p2a: Great Tusk|91/100
|
|t:|1743880398
|switch|p1a: Gholdengo|Gholdengo|100/100|[from] U-turn
|move|p2a: Great Tusk|Rapid Spin|p1a: Gholdengo
|-immune|p1a: Gholdengo
|
|-heal|p2a: Great Tusk|97/100|[from] item: Leftovers
|upkeep
|turn|12
|c|☆Z-Pokemaster2000|We are already down to alcremie vs the world and i dont like that
|
|t:|1743880412
|switch|p1a: Zapdos|Zapdos|100/100
|move|p2a: Great Tusk|Temper Flare|p1a: Zapdos
|-damage|p1a: Zapdos|55/100
|-status|p2a: Great Tusk|par|[from] ability: Static|[of] p1a: Zapdos
|
|-heal|p2a: Great Tusk|100/100 par|[from] item: Leftovers
|upkeep
|turn|13
|inactive|Z-Pokemaster2000 has 240 seconds left.
|c|☆Z-Pokemaster2000|Ya know 45% neutral to zap with no item or ability is actually respectable ngl
|
|t:|1743880449
|move|p1a: Zapdos|Hurricane|p2a: Great Tusk
|-supereffective|p2a: Great Tusk
|-damage|p2a: Great Tusk|0 fnt
|faint|p2a: Great Tusk
|-end|p2a: Great Tusk|Protosynthesis|[silent]
|
|upkeep
|c|☆Z-Pokemaster2000|Ouch
|
|t:|1743880460
|switch|p2a: Hydrapple|Hydrapple, F, shiny|100/100
|-damage|p2a: Hydrapple|88/100|[from] Stealth Rock
|turn|14
|
|t:|1743880465
|move|p1a: Zapdos|Volt Switch|p2a: Hydrapple
|-resisted|p2a: Hydrapple
|-damage|p2a: Hydrapple|81/100
|
|t:|1743880469
|switch|p1a: Slowking|Slowking-Galar, F|100/100|[from] Volt Switch
|move|p2a: Hydrapple|Fickle Beam|p1a: Slowking|[anim] Fickle Beam All Out
|-activate|p2a: Hydrapple|move: Fickle Beam
|-damage|p1a: Slowking|28/100
|
|-heal|p1a: Slowking|34/100|[from] item: Leftovers
|upkeep
|turn|15
|c|☆DarKnightPT|ouch
|inactive|Z-Pokemaster2000 has 240 seconds left.
|
|t:|1743880486
|switch|p1a: Gholdengo|Gholdengo|100/100
|move|p2a: Hydrapple|Fickle Beam|p1a: Gholdengo|[anim] Fickle Beam All Out
|-activate|p2a: Hydrapple|move: Fickle Beam
|-resisted|p1a: Gholdengo
|-damage|p1a: Gholdengo|36/100
|
|-heal|p1a: Gholdengo|42/100|[from] item: Leftovers
|upkeep
|turn|16
|c|☆DarKnightPT|you fucker
|inactive|Z-Pokemaster2000 has 240 seconds left.
|c|☆Z-Pokemaster2000|Wanna see him do it again 🤣
|
|t:|1743880501
|move|p1a: Gholdengo|Recover|p1a: Gholdengo
|-heal|p1a: Gholdengo|92/100
|move|p2a: Hydrapple|Fickle Beam|p1a: Gholdengo
|-resisted|p1a: Gholdengo
|-damage|p1a: Gholdengo|61/100
|
|-heal|p1a: Gholdengo|67/100|[from] item: Leftovers
|upkeep
|turn|17
|inactive|Z-Pokemaster2000 has 240 seconds left.
|c|☆Z-Pokemaster2000|Ahh darn it
|
|t:|1743880514
|move|p1a: Gholdengo|Nasty Plot|p1a: Gholdengo
|-boost|p1a: Gholdengo|spa|2
|move|p2a: Hydrapple|Fickle Beam|p1a: Gholdengo
|-resisted|p1a: Gholdengo
|-crit|p1a: Gholdengo
|-damage|p1a: Gholdengo|21/100
|
|-heal|p1a: Gholdengo|27/100|[from] item: Leftovers
|upkeep
|turn|18
|inactive|Z-Pokemaster2000 has 240 seconds left.
|c|☆Z-Pokemaster2000|🤣🤣🤣🤣
|
|t:|1743880525
|switch|p2a: Grimmsnarl|Grimmsnarl, M, shiny|100/100
|-damage|p2a: Grimmsnarl|88/100|[from] Stealth Rock
|move|p1a: Gholdengo|Recover|p1a: Gholdengo
|-heal|p1a: Gholdengo|77/100
|
|-heal|p1a: Gholdengo|83/100|[from] item: Leftovers
|upkeep
|turn|19
|c|☆DarKnightPT|what did you feed hydrapple?
|
|t:|1743880536
|move|p2a: Grimmsnarl|Light Screen|p2a: Grimmsnarl
|-sidestart|p2: Z-Pokemaster2000|move: Light Screen
|move|p1a: Gholdengo|Nasty Plot|p1a: Gholdengo
|-boost|p1a: Gholdengo|spa|2
|
|-heal|p1a: Gholdengo|89/100|[from] item: Leftovers
|upkeep
|turn|20
|c|☆Z-Pokemaster2000|He heard me saying alcremie vs the world like he didnt matter
|inactive|Z-Pokemaster2000 has 240 seconds left.
|
|t:|1743880557
|move|p2a: Grimmsnarl|Reflect|p2a: Grimmsnarl
|-sidestart|p2: Z-Pokemaster2000|Reflect
|move|p1a: Gholdengo|Nasty Plot|p1a: Gholdengo
|-boost|p1a: Gholdengo|spa|2
|
|-heal|p1a: Gholdengo|95/100|[from] item: Leftovers
|upkeep
|turn|21
|inactive|Z-Pokemaster2000 has 240 seconds left.
|
|t:|1743880564
|move|p1a: Gholdengo|Shadow Ball|p2a: Grimmsnarl
|-resisted|p2a: Grimmsnarl
|-damage|p2a: Grimmsnarl|49/100
|-unboost|p2a: Grimmsnarl|spd|1
|move|p2a: Grimmsnarl|Drain Punch|p1a: Gholdengo
|-immune|p1a: Gholdengo
|
|-heal|p1a: Gholdengo|100/100|[from] item: Leftovers
|upkeep
|turn|22
|
|t:|1743880570
|switch|p2a: Hydrapple|Hydrapple, F, shiny|100/100
|-damage|p2a: Hydrapple|88/100|[from] Stealth Rock
|move|p1a: Gholdengo|Nasty Plot|p1a: Gholdengo
|-boost|p1a: Gholdengo|spa|0
|
|upkeep
|turn|23
|
|t:|1743880588
|move|p1a: Gholdengo|Make It Rain|p2a: Hydrapple
|-damage|p2a: Hydrapple|0 fnt
|-unboost|p1a: Gholdengo|spa|1
|faint|p2a: Hydrapple
|
|upkeep
|c|☆Z-Pokemaster2000|Yep gg
|
|t:|1743880603
|switch|p2a: Alcremie|Alcremie-Matcha-Cream, F, shiny|100/100
|-damage|p2a: Alcremie|88/100|[from] Stealth Rock
|turn|24
|
|t:|1743880607
|-terastallize|p2a: Alcremie|Poison
|move|p1a: Gholdengo|Make It Rain|p2a: Alcremie
|-damage|p2a: Alcremie|21/100
|-unboost|p1a: Gholdengo|spa|1
|move|p2a: Alcremie|Calm Mind|p2a: Alcremie
|-boost|p2a: Alcremie|spa|1
|-boost|p2a: Alcremie|spd|1
|
|-heal|p2a: Alcremie|27/100|[from] item: Leftovers
|upkeep
|turn|25
|
|t:|1743880618
|move|p1a: Gholdengo|Nasty Plot|p1a: Gholdengo
|-boost|p1a: Gholdengo|spa|2
|move|p2a: Alcremie|Recover|p2a: Alcremie
|-heal|p2a: Alcremie|77/100
|
|-heal|p2a: Alcremie|83/100|[from] item: Leftovers
|upkeep
|turn|26
|inactive|Z-Pokemaster2000 has 270 seconds left.
|
|t:|1743880627
|move|p1a: Gholdengo|Make It Rain|p2a: Alcremie
|-damage|p2a: Alcremie|30/100
|-unboost|p1a: Gholdengo|spa|1
|move|p2a: Alcremie|Calm Mind|p2a: Alcremie
|-boost|p2a: Alcremie|spa|1
|-boost|p2a: Alcremie|spd|1
|
|-heal|p2a: Alcremie|37/100|[from] item: Leftovers
|-sideend|p2: Z-Pokemaster2000|move: Light Screen
|upkeep
|turn|27
|
|t:|1743880637
|move|p1a: Gholdengo|Make It Rain|p2a: Alcremie
|-damage|p2a: Alcremie|0 fnt
|-unboost|p1a: Gholdengo|spa|1
|faint|p2a: Alcremie
|
|-sideend|p2: Z-Pokemaster2000|Reflect
|upkeep
|
|t:|1743880640
|switch|p2a: Grimmsnarl|Grimmsnarl, M, shiny|49/100
|-damage|p2a: Grimmsnarl|36/100|[from] Stealth Rock
|turn|28
|
|t:|1743880643
|move|p2a: Grimmsnarl|Light Screen|p2a: Grimmsnarl
|-sidestart|p2: Z-Pokemaster2000|move: Light Screen
|move|p1a: Gholdengo|Make It Rain|p2a: Grimmsnarl
|-supereffective|p2a: Grimmsnarl
|-damage|p2a: Grimmsnarl|0 fnt
|-unboost|p1a: Gholdengo|spa|1
|faint|p2a: Grimmsnarl
|
|win|DarKnightPT
|l|☆Z-Pokemaster2000
|player|p2|
