|j|☆mcjc1997
|j|☆4rain
|t:|1743888814
|gametype|singles
|player|p1|mcjc1997|ethan|1107
|player|p2|4rain|bruno|1055
|teamsize|p1|6
|teamsize|p2|6
|gen|9
|tier|[Gen 9] OU
|rated|
|rule|HP Percentage Mod: HP is shown in percentages
|rule|Endless Battle Clause: Forcing endless battles is banned
|rule|Species Clause: Limit one of each Pokémon
|rule|OHKO Clause: OHKO moves are banned
|rule|Evasion Items Clause: Evasion items are banned
|rule|Evasion Moves Clause: Evasion moves are banned
|rule|Sleep Moves Clause: Sleep-inducing moves are banned
|clearpoke
|poke|p1|Feraligatr, F|
|poke|p1|Garchomp, M|
|poke|p1|Magnezone|
|poke|p1|Gallade, M|
|poke|p1|Houndoom, M|
|poke|p1|Ribombee, M|
|poke|p2|Blaziken, F|
|poke|p2|Kingambit, F|
|poke|p2|Great Tusk|
|poke|p2|Araquanid, M|
|poke|p2|Ogerpon-Wellspring, F|
|poke|p2|Gholdengo|
|teampreview
|
|t:|1743888825
|start
|switch|p1a: Feraligatr|Feraligatr, F|100/100
|switch|p2a: Araquanid|Araquanid, M|100/100
|turn|1
|
|t:|1743888836
|switch|p1a: Magnezone|Magnezone|100/100
|move|p2a: Araquanid|Sticky Web|p1a: Magnezone
|-sidestart|p1: mcjc1997|move: Sticky Web
|
|upkeep
|turn|2
|
|t:|1743888843
|move|p2a: Araquanid|Endure|p2a: Araquanid
|-singleturn|p2a: Araquanid|move: Endure
|move|p1a: Magnezone|Thunderbolt|p2a: Araquanid
|-supereffective|p2a: Araquanid
|-damage|p2a: Araquanid|33/100
|
|upkeep
|turn|3
|
|t:|1743888859
|switch|p2a: Great Tusk|Great Tusk|100/100
|move|p1a: Magnezone|Thunderbolt|p2a: Great Tusk
|-immune|p2a: Great Tusk
|
|upkeep
|turn|4
|
|t:|1743888878
|switch|p1a: Gallade|Gallade, M|100/100
|-activate|p1a: Gallade|move: Sticky Web
|-unboost|p1a: Gallade|spe|1
|move|p2a: Great Tusk|Headlong Rush|p1a: Gallade
|-damage|p1a: Gallade|31/100
|-unboost|p2a: Great Tusk|def|1
|-unboost|p2a: Great Tusk|spd|1
|
|upkeep
|turn|5
|
|t:|1743888890
|move|p2a: Great Tusk|Headlong Rush|p1a: Gallade
|-damage|p1a: Gallade|0 fnt
|-unboost|p2a: Great Tusk|def|1
|-unboost|p2a: Great Tusk|spd|1
|faint|p1a: Gallade
|
|upkeep
|
|t:|1743888897
|switch|p1a: Feraligatr|Feraligatr, F|100/100
|-activate|p1a: Feraligatr|move: Sticky Web
|-unboost|p1a: Feraligatr|spe|1
|turn|6
|
|t:|1743888902
|-end|p2a: Great Tusk|Protosynthesis|[silent]
|switch|p2a: Araquanid|Araquanid, M|33/100
|move|p1a: Feraligatr|Liquidation|p2a: Araquanid
|-resisted|p2a: Araquanid
|-damage|p2a: Araquanid|7/100
|
|upkeep
|turn|7
|-enditem|p2a: Araquanid|Custap Berry|[eat]
|-activate|p2a: Araquanid|item: Custap Berry|[consumed]
|
|t:|1743888909
|move|p2a: Araquanid|Endeavor|p1a: Feraligatr
|-damage|p1a: Feraligatr|7/100
|move|p1a: Feraligatr|Liquidation|p2a: Araquanid
|-resisted|p2a: Araquanid
|-damage|p2a: Araquanid|0 fnt
|faint|p2a: Araquanid
|
|upkeep
|
|t:|1743888919
|switch|p2a: Gholdengo|Gholdengo|100/100
|-item|p2a: Gholdengo|Air Balloon
|turn|8
|
|t:|1743888925
|move|p2a: Gholdengo|Nasty Plot|p2a: Gholdengo
|-boost|p2a: Gholdengo|spa|2
|move|p1a: Feraligatr|Liquidation|p2a: Gholdengo
|-damage|p2a: Gholdengo|64/100
|-enditem|p2a: Gholdengo|Air Balloon
|
|upkeep
|turn|9
|
|t:|1743888935
|move|p2a: Gholdengo|Nasty Plot|p2a: Gholdengo
|-boost|p2a: Gholdengo|spa|2
|move|p1a: Feraligatr|Earthquake|p2a: Gholdengo
|-supereffective|p2a: Gholdengo
|-damage|p2a: Gholdengo|12/100
|
|upkeep
|turn|10
|
|t:|1743888944
|move|p2a: Gholdengo|Recover|p2a: Gholdengo
|-heal|p2a: Gholdengo|62/100
|move|p1a: Feraligatr|Earthquake|p2a: Gholdengo
|-supereffective|p2a: Gholdengo
|-damage|p2a: Gholdengo|8/100
|
|upkeep
|turn|11
|
|t:|1743888951
|-terastallize|p2a: Gholdengo|Fairy
|move|p2a: Gholdengo|Recover|p2a: Gholdengo
|-heal|p2a: Gholdengo|58/100
|move|p1a: Feraligatr|Earthquake|p2a: Gholdengo
|-damage|p2a: Gholdengo|35/100
|
|upkeep
|turn|12
|
|t:|1743888961
|move|p2a: Gholdengo|Recover|p2a: Gholdengo
|-heal|p2a: Gholdengo|85/100
|move|p1a: Feraligatr|Liquidation|p2a: Gholdengo
|-damage|p2a: Gholdengo|50/100
|
|upkeep
|turn|13
|
|t:|1743888970
|move|p2a: Gholdengo|Shadow Ball|p1a: Feraligatr
|-damage|p1a: Feraligatr|0 fnt
|faint|p1a: Feraligatr
|
|upkeep
|
|t:|1743888978
|switch|p1a: Magnezone|Magnezone|100/100
|-activate|p1a: Magnezone|move: Sticky Web
|-unboost|p1a: Magnezone|spe|1
|turn|14
|
|t:|1743888986
|move|p2a: Gholdengo|Shadow Ball|p1a: Magnezone
|-damage|p1a: Magnezone|33/100
|move|p1a: Magnezone|Flash Cannon|p2a: Gholdengo
|-supereffective|p2a: Gholdengo
|-damage|p2a: Gholdengo|0 fnt
|faint|p2a: Gholdengo
|
|upkeep
|
|t:|1743888993
|switch|p2a: Blaziken|Blaziken, F|100/100
|turn|15
|
|t:|1743888997
|move|p2a: Blaziken|Swords Dance|p2a: Blaziken
|-boost|p2a: Blaziken|atk|2
|move|p1a: Magnezone|Volt Switch|p2a: Blaziken
|-damage|p2a: Blaziken|51/100
|
|t:|1743889011
|switch|p1a: Ribombee|Ribombee, M|100/100|[from] Volt Switch
|-activate|p1a: Ribombee|move: Sticky Web
|-unboost|p1a: Ribombee|spe|1
|
|-heal|p2a: Blaziken|57/100|[from] item: Leftovers
|-ability|p2a: Blaziken|Speed Boost|boost
|-boost|p2a: Blaziken|spe|1
|upkeep
|turn|16
|
|t:|1743889019
|move|p2a: Blaziken|Protect|p2a: Blaziken
|-singleturn|p2a: Blaziken|Protect
|move|p1a: Ribombee|Psychic Noise|p2a: Blaziken
|-activate|p2a: Blaziken|move: Protect
|
|-heal|p2a: Blaziken|63/100|[from] item: Leftovers
|-ability|p2a: Blaziken|Speed Boost|boost
|-boost|p2a: Blaziken|spe|1
|upkeep
|turn|17
|
|t:|1743889029
|move|p2a: Blaziken|Flare Blitz|p1a: Ribombee
|-supereffective|p1a: Ribombee
|-crit|p1a: Ribombee
|-enditem|p1a: Ribombee|Focus Sash
|-damage|p1a: Ribombee|1/100
|-damage|p2a: Blaziken|35/100|[from] Recoil
|move|p1a: Ribombee|Moonblast|p2a: Blaziken
|-damage|p2a: Blaziken|0 fnt
|faint|p2a: Blaziken
|
|upkeep
|
|t:|1743889040
|switch|p2a: Ogerpon|Ogerpon-Wellspring, F|100/100
|turn|18
|c|☆mcjc1997|Cheating ass motherfucker
|
|t:|1743889053
|move|p2a: Ogerpon|Knock Off|p1a: Ribombee
|-resisted|p1a: Ribombee
|-damage|p1a: Ribombee|0 fnt
|faint|p1a: Ribombee
|
|upkeep
|
|t:|1743889062
|switch|p1a: Garchomp|Garchomp, M|100/100
|-activate|p1a: Garchomp|move: Sticky Web
|-unboost|p1a: Garchomp|spe|1
|turn|19
|
|t:|1743889073
|move|p2a: Ogerpon|Ivy Cudgel|p1a: Garchomp|[anim] Ivy Cudgel Water
|-crit|p1a: Garchomp
|-damage|p1a: Garchomp|10/100
|move|p1a: Garchomp|Outrage|p2a: Ogerpon
|-damage|p2a: Ogerpon|17/100
|
|upkeep
|turn|20
|
|t:|1743889080
|move|p2a: Ogerpon|Ivy Cudgel|p1a: Garchomp|[anim] Ivy Cudgel Water
|-damage|p1a: Garchomp|0 fnt
|faint|p1a: Garchomp
|
|upkeep
|
|t:|1743889086
|switch|p1a: Houndoom|Houndoom, M|100/100
|-activate|p1a: Houndoom|move: Sticky Web
|-unboost|p1a: Houndoom|spe|1
|turn|21
|
|t:|1743889093
|move|p2a: Ogerpon|Ivy Cudgel|p1a: Houndoom|[anim] Ivy Cudgel Water
|-supereffective|p1a: Houndoom
|-enditem|p1a: Houndoom|Focus Sash
|-damage|p1a: Houndoom|1/100
|move|p1a: Houndoom|Flamethrower|p2a: Ogerpon
|-damage|p2a: Ogerpon|0 fnt
|faint|p2a: Ogerpon
|
|upkeep
|
|t:|1743889100
|switch|p2a: Great Tusk|Great Tusk|100/100
|turn|22
|inactive|Battle timer is ON: inactive players will automatically lose when time's up. (requested by 4rain)
|inactive|mcjc1997 has 120 seconds left.
|inactive|mcjc1997 has 90 seconds left.
|inactive|mcjc1997 has 60 seconds left.
|inactive|mcjc1997 has 30 seconds left.
|inactive|mcjc1997 has 20 seconds left.
|inactive|mcjc1997 has 15 seconds left.
|inactive|mcjc1997 has 10 seconds left.
|inactive|mcjc1997 has 5 seconds left.
|-message|mcjc1997 lost due to inactivity.
|
|win|4rain
