|j|☆Flawless37
|j|☆Baby Monster MAGA
|t:|1743938113
|gametype|singles
|player|p1|Flawless37|fisherman-gen4|1400
|player|p2|Baby Monster MAGA|265|1522
|teamsize|p1|6
|teamsize|p2|6
|gen|9
|tier|[Gen 9] OU
|rated|
|rule|HP Percentage Mod: HP is shown in percentages
|rule|Endless Battle Clause: Forcing endless battles is banned
|rule|Species Clause: Limit one of each Pokémon
|rule|OHKO Clause: OHKO moves are banned
|rule|Evasion Items Clause: Evasion items are banned
|rule|Evasion Moves Clause: Evasion moves are banned
|rule|Sleep Moves Clause: Sleep-inducing moves are banned
|clearpoke
|poke|p1|Slowking-Galar, F|
|poke|p1|Corviknight, F|
|poke|p1|Ogerpon, F|
|poke|p1|Zapdos|
|poke|p1|Conkeldurr, F|
|poke|p1|Landorus-Therian, M|
|poke|p2|Torkoal, F|
|poke|p2|Walking Wake|
|poke|p2|Great Tusk|
|poke|p2|Venusaur, F|
|poke|p2|Garchomp, F|
|poke|p2|Goodra-Hisui, F|
|teampreview
|inactive|Battle timer is ON: inactive players will automatically lose when time's up. (requested by Flawless37)
|
|t:|1743938127
|start
|switch|p1a: Slowking|Slowking-Galar, F|100/100
|switch|p2a: Torkoal|Torkoal, F|100/100
|-weather|SunnyDay|[from] ability: Drought|[of] p2a: Torkoal
|turn|1
|
|t:|1743938130
|move|p2a: Torkoal|Stealth Rock|p1a: Slowking
|-sidestart|p1: Flawless37|move: Stealth Rock
|-prepare|p1a: Slowking|Chilly Reception|[premajor]
|move|p1a: Slowking|Chilly Reception|p1a: Slowking
|-weather|Snowscape
|
|t:|1743938139
|switch|p1a: Conkeldurr|Conkeldurr, F|100/100|[from] Chilly Reception
|-damage|p1a: Conkeldurr|94/100|[from] Stealth Rock
|
|-weather|Snowscape|[upkeep]
|-status|p1a: Conkeldurr|brn|[from] item: Flame Orb
|upkeep
|turn|2
|
|t:|1743938151
|switch|p2a: Venusaur|Venusaur, F|100/100
|move|p1a: Conkeldurr|Knock Off|p2a: Venusaur
|-damage|p2a: Venusaur|48/100
|-enditem|p2a: Venusaur|Leftovers|[from] move: Knock Off|[of] p1a: Conkeldurr
|
|-weather|Snowscape|[upkeep]
|-damage|p1a: Conkeldurr|88/100 brn|[from] brn
|upkeep
|turn|3
|
|t:|1743938162
|move|p2a: Venusaur|Sludge Bomb|p1a: Conkeldurr
|-damage|p1a: Conkeldurr|57/100 brn
|move|p1a: Conkeldurr|Facade|p2a: Venusaur
|-damage|p2a: Venusaur|0 fnt
|faint|p2a: Venusaur
|
|-weather|Snowscape|[upkeep]
|-damage|p1a: Conkeldurr|51/100 brn|[from] brn
|upkeep
|
|t:|1743938166
|switch|p2a: Walking Wake|Walking Wake|100/100
|turn|4
|
|t:|1743938194
|switch|p1a: Slowking|Slowking-Galar, F|100/100
|move|p2a: Walking Wake|Dragon Pulse|p1a: Slowking
|-damage|p1a: Slowking|64/100
|
|-weather|Snowscape|[upkeep]
|upkeep
|turn|5
|
|t:|1743938200
|move|p2a: Walking Wake|Dragon Pulse|p1a: Slowking
|-damage|p1a: Slowking|28/100
|-prepare|p1a: Slowking|Chilly Reception|[premajor]
|move|p1a: Slowking|Chilly Reception|p1a: Slowking
|
|t:|1743938210
|switch|p1a: Zapdos|Zapdos|100/100|[from] Chilly Reception
|
|-weather|none
|upkeep
|turn|6
|
|t:|1743938222
|-end|p2a: Walking Wake|Protosynthesis|[silent]
|switch|p2a: Garchomp|Garchomp, F|100/100
|move|p1a: Zapdos|Hurricane|p2a: Garchomp|[miss]
|-miss|p1a: Zapdos|p2a: Garchomp
|
|upkeep
|turn|7
|
|t:|1743938228
|move|p2a: Garchomp|Spikes|p1a: Zapdos
|-sidestart|p1: Flawless37|Spikes
|move|p1a: Zapdos|Hurricane|p2a: Garchomp|[miss]
|-miss|p1a: Zapdos|p2a: Garchomp
|
|upkeep
|turn|8
|
|t:|1743938236
|switch|p2a: Goodra|Goodra-Hisui, F|100/100
|switch|p1a: Corviknight|Corviknight, F|100/100
|-damage|p1a: Corviknight|88/100|[from] Stealth Rock
|-ability|p1a: Corviknight|Pressure
|
|upkeep
|turn|9
|
|t:|1743938239
|move|p1a: Corviknight|Defog|p2a: Goodra
|-unboost|p2a: Goodra|evasion|1
|-sideend|p1: Flawless37|Spikes|[from] move: Defog|[of] p1a: Corviknight
|-sideend|p1: Flawless37|Stealth Rock|[from] move: Defog|[of] p1a: Corviknight
|move|p2a: Goodra|Flamethrower|p1a: Corviknight
|-supereffective|p1a: Corviknight
|-damage|p1a: Corviknight|34/100
|
|upkeep
|turn|10
|
|t:|1743938244
|switch|p1a: Slowking|Slowking-Galar, F|62/100
|move|p2a: Goodra|Flamethrower|p1a: Slowking
|-damage|p1a: Slowking|45/100
|
|upkeep
|turn|11
|
|t:|1743938251
|switch|p1a: Landorus|Landorus-Therian, M|100/100
|-ability|p1a: Landorus|Intimidate|boost
|-unboost|p2a: Goodra|atk|1
|move|p2a: Goodra|Knock Off|p1a: Landorus
|-damage|p1a: Landorus|84/100
|-enditem|p1a: Landorus|Choice Band|[from] move: Knock Off|[of] p2a: Goodra
|
|upkeep
|turn|12
|
|t:|1743938272
|switch|p2a: Great Tusk|Great Tusk|100/100
|move|p1a: Landorus|Earthquake|p2a: Great Tusk
|-damage|p2a: Great Tusk|53/100
|
|upkeep
|turn|13
|
|t:|1743938280
|switch|p1a: Corviknight|Corviknight, F|34/100
|-ability|p1a: Corviknight|Pressure
|move|p2a: Great Tusk|Ice Spinner|p1a: Corviknight
|-damage|p1a: Corviknight|17/100
|-damage|p2a: Great Tusk|36/100|[from] item: Rocky Helmet|[of] p1a: Corviknight
|
|upkeep
|turn|14
|
|t:|1743938286
|move|p2a: Great Tusk|Temper Flare|p1a: Corviknight
|-supereffective|p1a: Corviknight
|-damage|p1a: Corviknight|0 fnt
|-damage|p2a: Great Tusk|20/100|[from] item: Rocky Helmet|[of] p1a: Corviknight
|faint|p1a: Corviknight
|
|upkeep
|
|t:|1743938299
|switch|p1a: Ogerpon|Ogerpon, F|100/100
|turn|15
|
|t:|1743938313
|-end|p2a: Great Tusk|Protosynthesis|[silent]
|switch|p2a: Torkoal|Torkoal, F|100/100
|-weather|SunnyDay|[from] ability: Drought|[of] p2a: Torkoal
|move|p1a: Ogerpon|U-turn|p2a: Torkoal
|-resisted|p2a: Torkoal
|-damage|p2a: Torkoal|90/100
|
|t:|1743938316
|switch|p1a: Slowking|Slowking-Galar, F|78/100|[from] U-turn
|
|-weather|SunnyDay|[upkeep]
|upkeep
|turn|16
|
|t:|1743938321
|switch|p2a: Goodra|Goodra-Hisui, F|100/100
|-prepare|p1a: Slowking|Chilly Reception|[premajor]
|move|p1a: Slowking|Chilly Reception|p1a: Slowking
|-weather|Snowscape
|
|t:|1743938328
|switch|p1a: Landorus|Landorus-Therian, M|84/100|[from] Chilly Reception
|-ability|p1a: Landorus|Intimidate|boost
|-unboost|p2a: Goodra|atk|1
|
|-weather|Snowscape|[upkeep]
|upkeep
|turn|17
|
|t:|1743938337
|switch|p2a: Great Tusk|Great Tusk|20/100
|move|p1a: Landorus|Outrage|p2a: Great Tusk
|-damage|p2a: Great Tusk|0 fnt
|faint|p2a: Great Tusk
|-end|p2a: Great Tusk|Protosynthesis|[silent]
|
|-weather|Snowscape|[upkeep]
|upkeep
|
|t:|1743938341
|switch|p2a: Walking Wake|Walking Wake|100/100
|turn|18
|
|t:|1743938349
|-terastallize|p2a: Walking Wake|Water
|move|p2a: Walking Wake|Hydro Steam|p1a: Landorus
|-supereffective|p1a: Landorus
|-damage|p1a: Landorus|0 fnt
|faint|p1a: Landorus
|
|-weather|Snowscape|[upkeep]
|upkeep
|
|t:|1743938352
|switch|p1a: Ogerpon|Ogerpon, F|100/100
|turn|19
|
|t:|1743938358
|-end|p2a: Walking Wake|Protosynthesis|[silent]
|switch|p2a: Torkoal|Torkoal, F|90/100
|-weather|SunnyDay|[from] ability: Drought|[of] p2a: Torkoal
|-terastallize|p1a: Ogerpon|Grass
|detailschange|p1a: Ogerpon|Ogerpon-Teal-Tera, F, tera:Grass
|-ability|p1a: Ogerpon|Embody Aspect (Teal)|boost
|-boost|p1a: Ogerpon|spe|1
|move|p1a: Ogerpon|Ivy Cudgel|p2a: Torkoal
|-resisted|p2a: Torkoal
|-damage|p2a: Torkoal|56/100
|
|-weather|SunnyDay|[upkeep]
|upkeep
|turn|20
|
|t:|1743938364
|switch|p1a: Slowking|Slowking-Galar, F|100/100
|move|p2a: Torkoal|Stealth Rock|p1a: Slowking
|-sidestart|p1: Flawless37|move: Stealth Rock
|
|-weather|SunnyDay|[upkeep]
|upkeep
|turn|21
|
|t:|1743938369
|switch|p2a: Goodra|Goodra-Hisui, F|100/100
|-prepare|p1a: Slowking|Chilly Reception|[premajor]
|move|p1a: Slowking|Chilly Reception|p1a: Slowking
|-weather|Snowscape
|
|t:|1743938382
|switch|p1a: Conkeldurr|Conkeldurr, F|51/100 brn|[from] Chilly Reception
|-damage|p1a: Conkeldurr|45/100 brn|[from] Stealth Rock
|
|-weather|Snowscape|[upkeep]
|-damage|p1a: Conkeldurr|39/100 brn|[from] brn
|upkeep
|turn|22
|
|t:|1743938389
|switch|p2a: Garchomp|Garchomp, F|100/100
|move|p1a: Conkeldurr|Drain Punch|p2a: Garchomp
|-damage|p2a: Garchomp|60/100
|-heal|p1a: Conkeldurr|63/100 brn|[from] drain|[of] p2a: Garchomp
|-damage|p1a: Conkeldurr|50/100 brn|[from] ability: Rough Skin|[of] p2a: Garchomp
|-damage|p1a: Conkeldurr|34/100 brn|[from] item: Rocky Helmet|[of] p2a: Garchomp
|
|-weather|Snowscape|[upkeep]
|-damage|p1a: Conkeldurr|28/100 brn|[from] brn
|upkeep
|turn|23
|
|t:|1743938405
|move|p2a: Garchomp|Earthquake|p1a: Conkeldurr
|-damage|p1a: Conkeldurr|0 fnt
|faint|p1a: Conkeldurr
|
|-weather|Snowscape|[upkeep]
|upkeep
|
|t:|1743938412
|switch|p1a: Ogerpon|Ogerpon-Teal-Tera, F, tera:Grass|100/100
|-damage|p1a: Ogerpon|88/100|[from] Stealth Rock
|-ability|p1a: Ogerpon|Embody Aspect (Teal)|boost
|-boost|p1a: Ogerpon|spe|1
|turn|24
|
|t:|1743938424
|move|p1a: Ogerpon|Ivy Cudgel|p2a: Garchomp
|-damage|p2a: Garchomp|0 fnt
|faint|p2a: Garchomp
|
|-weather|Snowscape|[upkeep]
|upkeep
|
|t:|1743938429
|switch|p2a: Torkoal|Torkoal, F|56/100
|-weather|SunnyDay|[from] ability: Drought|[of] p2a: Torkoal
|turn|25
|
|t:|1743938432
|switch|p1a: Slowking|Slowking-Galar, F|100/100
|move|p2a: Torkoal|Lava Plume|p1a: Slowking
|-damage|p1a: Slowking|78/100
|-status|p1a: Slowking|brn
|
|-weather|SunnyDay|[upkeep]
|-damage|p1a: Slowking|72/100 brn|[from] brn
|upkeep
|turn|26
|
|t:|1743938441
|move|p2a: Torkoal|Earth Power|p1a: Slowking
|-supereffective|p1a: Slowking
|-damage|p1a: Slowking|52/100 brn
|-prepare|p1a: Slowking|Chilly Reception|[premajor]
|move|p1a: Slowking|Chilly Reception|p1a: Slowking
|-weather|Snowscape
|
|t:|1743938444
|switch|p1a: Zapdos|Zapdos|100/100|[from] Chilly Reception
|
|-weather|Snowscape|[upkeep]
|upkeep
|turn|27
|
|t:|1743938449
|switch|p2a: Goodra|Goodra-Hisui, F|100/100
|move|p1a: Zapdos|Volt Switch|p2a: Goodra
|-resisted|p2a: Goodra
|-damage|p2a: Goodra|94/100
|
|t:|1743938469
|switch|p1a: Slowking|Slowking-Galar, F|85/100 brn|[from] Volt Switch
|
|-weather|Snowscape|[upkeep]
|-damage|p1a: Slowking|79/100 brn|[from] brn
|upkeep
|turn|28
|
|t:|1743938477
|move|p2a: Goodra|Knock Off|p1a: Slowking
|-supereffective|p1a: Slowking
|-damage|p1a: Slowking|37/100 brn
|-enditem|p1a: Slowking|Heavy-Duty Boots|[from] move: Knock Off|[of] p2a: Goodra
|move|p1a: Slowking|Thunder Wave|p2a: Goodra
|-status|p2a: Goodra|par
|
|-weather|Snowscape|[upkeep]
|-damage|p1a: Slowking|31/100 brn|[from] brn
|upkeep
|turn|29
|
|t:|1743938485
|switch|p1a: Zapdos|Zapdos|100/100
|move|p2a: Goodra|Flash Cannon|p1a: Zapdos
|-resisted|p1a: Zapdos
|-damage|p1a: Zapdos|79/100
|
|-weather|Snowscape|[upkeep]
|upkeep
|turn|30
|
|t:|1743938512
|move|p1a: Zapdos|Heat Wave|p2a: Goodra
|-damage|p2a: Goodra|81/100 par
|move|p2a: Goodra|Knock Off|p1a: Zapdos
|-damage|p1a: Zapdos|65/100
|-enditem|p1a: Zapdos|Heavy-Duty Boots|[from] move: Knock Off|[of] p2a: Goodra
|
|-weather|none
|upkeep
|turn|31
|
|t:|1743938519
|switch|p2a: Torkoal|Torkoal, F|56/100
|-weather|SunnyDay|[from] ability: Drought|[of] p2a: Torkoal
|move|p1a: Zapdos|Heat Wave|p2a: Torkoal
|-resisted|p2a: Torkoal
|-damage|p2a: Torkoal|29/100
|
|-weather|SunnyDay|[upkeep]
|upkeep
|turn|32
|
|t:|1743938530
|switch|p2a: Walking Wake|Walking Wake, tera:Water|100/100
|-activate|p2a: Walking Wake|ability: Protosynthesis
|-start|p2a: Walking Wake|protosynthesisspa
|move|p1a: Zapdos|Volt Switch|p2a: Walking Wake
|-supereffective|p2a: Walking Wake
|-damage|p2a: Walking Wake|28/100
|
|t:|1743938534
|switch|p1a: Ogerpon|Ogerpon-Teal-Tera, F, tera:Grass|88/100|[from] Volt Switch
|-damage|p1a: Ogerpon|76/100|[from] Stealth Rock
|-ability|p1a: Ogerpon|Embody Aspect (Teal)|boost
|-boost|p1a: Ogerpon|spe|1
|
|-weather|SunnyDay|[upkeep]
|upkeep
|turn|33
|
|t:|1743938539
|-end|p2a: Walking Wake|Protosynthesis|[silent]
|switch|p2a: Goodra|Goodra-Hisui, F|81/100 par
|move|p1a: Ogerpon|Superpower|p2a: Goodra
|-supereffective|p2a: Goodra
|-damage|p2a: Goodra|0 fnt
|-unboost|p1a: Ogerpon|atk|1
|-unboost|p1a: Ogerpon|def|1
|faint|p2a: Goodra
|
|-weather|SunnyDay|[upkeep]
|upkeep
|-message|Baby Monster MAGA forfeited.
|
|win|Flawless37
|raw|Flawless37's rating: 1400 &rarr; <strong>1427</strong><br />(+27 for winning)
|raw|Baby Monster MAGA's rating: 1522 &rarr; <strong>1495</strong><br />(-27 for losing)
|l|☆Baby Monster MAGA
|player|p2|
|l|☆Flawless37
|player|p1|
