|j|☆chalk of doom
|j|☆Team BBIO 38
|t:|1743912264
|gametype|singles
|player|p1|chalk of doom|2|1396
|player|p2|Team BBIO 38|dragontamer|1387
|teamsize|p1|6
|teamsize|p2|6
|gen|9
|tier|[Gen 9] OU
|rated|
|rule|HP Percentage Mod: HP is shown in percentages
|rule|Endless Battle Clause: Forcing endless battles is banned
|rule|Species Clause: Limit one of each Pokémon
|rule|OHKO Clause: OHKO moves are banned
|rule|Evasion Items Clause: Evasion items are banned
|rule|Evasion Moves Clause: Evasion moves are banned
|rule|Sleep Moves Clause: Sleep-inducing moves are banned
|clearpoke
|poke|p1|Skarmory, M|
|poke|p1|Clefable, F|
|poke|p1|Garganacl, F|
|poke|p1|Hydrapple, M|
|poke|p1|Great Tusk|
|poke|p1|Samurott-Hisui, M|
|poke|p2|Dusclops, M|
|poke|p2|Blissey, F|
|poke|p2|Flamigo, M|
|poke|p2|Mimikyu, M|
|poke|p2|Rotom-Wash|
|poke|p2|Alcremie-Rainbow-Swirl, F|
|teampreview
|inactive|Battle timer is ON: inactive players will automatically lose when time's up. (requested by Team BBIO 38)
|
|t:|1743912288
|start
|switch|p1a: Samurott|Samurott-Hisui, M|100/100
|switch|p2a: Mimikyu|Mimikyu, M|100/100
|turn|1
|
|t:|1743912293
|move|p1a: Samurott|Flip Turn|p2a: Mimikyu
|-activate|p2a: Mimikyu|ability: Disguise
|-damage|p2a: Mimikyu|100/100
|detailschange|p2a: Mimikyu|Mimikyu-Busted, M
|-damage|p2a: Mimikyu|88/100|[from] pokemon: Mimikyu-Busted
|-enditem|p2a: Mimikyu|Red Card|[of] p1a: Samurott
|drag|p1a: Garganacl|Garganacl, F|100/100
|move|p2a: Mimikyu|Play Rough|p1a: Garganacl
|-damage|p1a: Garganacl|75/100
|
|-heal|p1a: Garganacl|81/100|[from] item: Leftovers
|upkeep
|turn|2
|
|t:|1743912310
|move|p2a: Mimikyu|Taunt|p1a: Garganacl
|-start|p1a: Garganacl|move: Taunt
|cant|p1a: Garganacl|move: Taunt|Curse
|
|-heal|p1a: Garganacl|88/100|[from] item: Leftovers
|upkeep
|turn|3
|
|t:|1743912322
|move|p2a: Mimikyu|Shadow Claw|p1a: Garganacl
|-damage|p1a: Garganacl|78/100
|move|p1a: Garganacl|Salt Cure|p2a: Mimikyu
|-damage|p2a: Mimikyu|66/100
|-start|p2a: Mimikyu|Salt Cure
|
|-heal|p1a: Garganacl|84/100|[from] item: Leftovers
|-damage|p2a: Mimikyu|54/100|[from] Salt Cure
|upkeep
|turn|4
|
|t:|1743912331
|switch|p2a: Blissey|Blissey, F|100/100
|move|p1a: Garganacl|Salt Cure|p2a: Blissey
|-damage|p2a: Blissey|89/100
|-start|p2a: Blissey|Salt Cure
|
|-heal|p2a: Blissey|96/100|[from] item: Leftovers
|-heal|p1a: Garganacl|90/100|[from] item: Leftovers
|-damage|p2a: Blissey|83/100|[from] Salt Cure
|-end|p1a: Garganacl|move: Taunt
|upkeep
|turn|5
|
|t:|1743912342
|move|p2a: Blissey|Stealth Rock|p1a: Garganacl
|-sidestart|p1: chalk of doom|move: Stealth Rock
|move|p1a: Garganacl|Curse|p1a: Garganacl
|-unboost|p1a: Garganacl|spe|1
|-boost|p1a: Garganacl|atk|1
|-boost|p1a: Garganacl|def|1
|
|-heal|p2a: Blissey|89/100|[from] item: Leftovers
|-heal|p1a: Garganacl|97/100|[from] item: Leftovers
|-damage|p2a: Blissey|77/100|[from] Salt Cure
|upkeep
|turn|6
|
|t:|1743912352
|switch|p2a: Rotom|Rotom-Wash|100/100
|move|p1a: Garganacl|Curse|p1a: Garganacl
|-unboost|p1a: Garganacl|spe|1
|-boost|p1a: Garganacl|atk|1
|-boost|p1a: Garganacl|def|1
|
|-heal|p1a: Garganacl|100/100|[from] item: Leftovers
|upkeep
|turn|7
|
|t:|1743912365
|move|p2a: Rotom|Trick|p1a: Garganacl
|-activate|p2a: Rotom|move: Trick|[of] p1a: Garganacl
|-item|p1a: Garganacl|Choice Specs|[from] move: Trick
|-item|p2a: Rotom|Leftovers|[from] move: Trick
|move|p1a: Garganacl|Salt Cure|p2a: Rotom
|-damage|p2a: Rotom|73/100
|-start|p2a: Rotom|Salt Cure
|
|-heal|p2a: Rotom|79/100|[from] item: Leftovers
|-damage|p2a: Rotom|54/100|[from] Salt Cure
|upkeep
|turn|8
|l|☆chalk of doom
|inactive|chalk of doom disconnected and has a minute to reconnect!
|player|p1|
|inactive|chalk of doom has 30 seconds to reconnect!
|inactive|chalk of doom has 20 seconds to reconnect!
|inactive|chalk of doom has 15 seconds to reconnect!
|j|☆chalk of doom
|inactive|chalk of doom reconnected and has 105 seconds left.
|player|p1|chalk of doom|2|
|
|t:|1743912417
|switch|p2a: Blissey|Blissey, F|77/100
|move|p1a: Garganacl|Salt Cure|p2a: Blissey
|-damage|p2a: Blissey|53/100
|-start|p2a: Blissey|Salt Cure
|
|-heal|p2a: Blissey|59/100|[from] item: Leftovers
|-damage|p2a: Blissey|47/100|[from] Salt Cure
|upkeep
|turn|9
|
|t:|1743912426
|move|p2a: Blissey|Seismic Toss|p1a: Garganacl
|-damage|p1a: Garganacl|76/100
|move|p1a: Garganacl|Salt Cure|p2a: Blissey
|-damage|p2a: Blissey|24/100
|
|-heal|p2a: Blissey|30/100|[from] item: Leftovers
|-damage|p2a: Blissey|17/100|[from] Salt Cure
|upkeep
|turn|10
|
|t:|1743912434
|switch|p1a: Samurott|Samurott-Hisui, M|100/100
|-damage|p1a: Samurott|88/100|[from] Stealth Rock
|move|p2a: Blissey|Soft-Boiled|p2a: Blissey
|-heal|p2a: Blissey|67/100
|
|-heal|p2a: Blissey|74/100|[from] item: Leftovers
|-damage|p2a: Blissey|61/100|[from] Salt Cure
|upkeep
|turn|11
|
|t:|1743912443
|switch|p2a: Alcremie|Alcremie-Rainbow-Swirl, F|100/100
|move|p1a: Samurott|Ceaseless Edge|p2a: Alcremie
|-resisted|p2a: Alcremie
|-damage|p2a: Alcremie|81/100
|-sidestart|p2: Team BBIO 38|Spikes
|
|upkeep
|turn|12
|
|t:|1743912450
|switch|p1a: Clefable|Clefable, F|100/100
|move|p2a: Alcremie|Acid Armor|p2a: Alcremie
|-boost|p2a: Alcremie|def|2
|
|upkeep
|turn|13
|
|t:|1743912460
|move|p2a: Alcremie|Calm Mind|p2a: Alcremie
|-boost|p2a: Alcremie|spa|1
|-boost|p2a: Alcremie|spd|1
|move|p1a: Clefable|Calm Mind|p1a: Clefable
|-boost|p1a: Clefable|spa|1
|-boost|p1a: Clefable|spd|1
|
|upkeep
|turn|14
|
|t:|1743912471
|switch|p1a: Samurott|Samurott-Hisui, M|88/100
|-damage|p1a: Samurott|76/100|[from] Stealth Rock
|move|p2a: Alcremie|Calm Mind|p2a: Alcremie
|-boost|p2a: Alcremie|spa|1
|-boost|p2a: Alcremie|spd|1
|
|upkeep
|turn|15
|
|t:|1743912480
|move|p1a: Samurott|Razor Shell|p2a: Alcremie
|-damage|p2a: Alcremie|58/100
|-unboost|p2a: Alcremie|def|1
|move|p2a: Alcremie|Draining Kiss|p1a: Samurott
|-supereffective|p1a: Samurott
|-damage|p1a: Samurott|0 fnt
|-heal|p2a: Alcremie|100/100|[from] drain|[of] p1a: Samurott
|faint|p1a: Samurott
|
|upkeep
|
|t:|1743912486
|switch|p1a: Hydrapple|Hydrapple, M|100/100
|turn|16
|
|t:|1743912495
|-terastallize|p1a: Hydrapple|Water
|move|p2a: Alcremie|Draining Kiss|p1a: Hydrapple
|-damage|p1a: Hydrapple|58/100
|move|p1a: Hydrapple|Nasty Plot|p1a: Hydrapple
|-boost|p1a: Hydrapple|spa|2
|
|upkeep
|turn|17
|
|t:|1743912504
|move|p2a: Alcremie|Calm Mind|p2a: Alcremie
|-boost|p2a: Alcremie|spa|1
|-boost|p2a: Alcremie|spd|1
|move|p1a: Hydrapple|Giga Drain|p2a: Alcremie
|-damage|p2a: Alcremie|73/100
|-heal|p1a: Hydrapple|69/100|[from] drain|[of] p2a: Alcremie
|
|upkeep
|turn|18
|inactive|chalk of doom has 120 seconds left.
|-message|chalk of doom forfeited.
|
|win|Team BBIO 38
|raw|chalk of doom's rating: 1396 &rarr; <strong>1375</strong><br />(-21 for losing)
|raw|Team BBIO 38's rating: 1387 &rarr; <strong>1408</strong><br />(+21 for winning)
|l|☆chalk of doom
|player|p1|
|l|☆Team BBIO 38
|player|p2|
