|j|☆samjo
|j|☆FEOSai
|inactive|Battle timer is ON: inactive players will automatically lose when time's up.
|t:|1743906567
|gametype|singles
|player|p1|samjo|steven-masters2|
|player|p2|FEOSai|blackbelt-gen4dp|
|teamsize|p1|6
|teamsize|p2|6
|gen|9
|tier|[Gen 9] OU
|rated|Tournament battle
|rule|HP Percentage Mod: HP is shown in percentages
|rule|Endless Battle Clause: Forcing endless battles is banned
|rule|Species Clause: Limit one of each Pokémon
|rule|OHKO Clause: OHKO moves are banned
|rule|Evasion Items Clause: Evasion items are banned
|rule|Evasion Moves Clause: Evasion moves are banned
|rule|Sleep Moves Clause: Sleep-inducing moves are banned
|clearpoke
|poke|p1|Great Tusk|
|poke|p1|Alomomola, M|
|poke|p1|Dragapult, M|
|poke|p1|Lokix, F|
|poke|p1|Iron Crown|
|poke|p1|Enamorus, F|
|poke|p2|Clefable, M|
|poke|p2|Hatterene, F|
|poke|p2|Alomomola, M|
|poke|p2|Gliscor, M|
|poke|p2|Ogerpon-Wellspring, F|
|poke|p2|Kingambit, M|
|teampreview
|j|*Lady Monita ❄
|inactive|samjo also wants the timer to be on.
|inactive|samjo has 120 seconds left.
|inactive|samjo has 90 seconds left.
|inactive|samjo has 60 seconds left.
|inactive|samjo has 30 seconds left.
|inactive|samjo has 20 seconds left.
|inactive|samjo has 15 seconds left.
|
|t:|1743906706
|start
|switch|p1a: Lokix|Lokix, F|100/100
|switch|p2a: Gliscor|Gliscor, M|100/100
|turn|1
|
|t:|1743906712
|move|p1a: Lokix|Knock Off|p2a: Gliscor
|-damage|p2a: Gliscor|47/100
|-enditem|p2a: Gliscor|Toxic Orb|[from] move: Knock Off|[of] p1a: Lokix
|move|p2a: Gliscor|Swords Dance|p2a: Gliscor
|-boost|p2a: Gliscor|atk|2
|
|upkeep
|turn|2
|inactive|samjo has 90 seconds left.
|
|t:|1743906726
|switch|p1a: Dragapult|Dragapult, M, shiny|100/100
|move|p2a: Gliscor|Knock Off|p1a: Dragapult
|-supereffective|p1a: Dragapult
|-damage|p1a: Dragapult|0 fnt
|-enditem|p1a: Dragapult|Choice Band|[from] move: Knock Off|[of] p2a: Gliscor
|faint|p1a: Dragapult
|
|upkeep
|
|t:|1743906730
|switch|p1a: Iron Crown|Iron Crown|100/100
|turn|3
|
|t:|1743906737
|move|p1a: Iron Crown|Psychic Noise|p2a: Gliscor
|-damage|p2a: Gliscor|2/100
|-start|p2a: Gliscor|move: Heal Block
|move|p2a: Gliscor|Knock Off|p1a: Iron Crown
|-supereffective|p1a: Iron Crown
|-crit|p1a: Iron Crown
|-damage|p1a: Iron Crown|0 fnt
|-enditem|p1a: Iron Crown|Choice Specs|[from] move: Knock Off|[of] p2a: Gliscor
|faint|p1a: Iron Crown
|-end|p1a: Iron Crown|Quark Drive|[silent]
|
|upkeep
|
|t:|1743906742
|switch|p1a: Lokix|Lokix, F|100/100
|turn|4
|
|t:|1743906746
|move|p2a: Gliscor|Protect|p2a: Gliscor
|-singleturn|p2a: Gliscor|Protect
|move|p1a: Lokix|U-turn|p2a: Gliscor
|-activate|p2a: Gliscor|move: Protect
|
|-end|p2a: Gliscor|move: Heal Block
|upkeep
|turn|5
|
|t:|1743906750
|move|p1a: Lokix|U-turn|p2a: Gliscor
|-resisted|p2a: Gliscor
|-damage|p2a: Gliscor|0 fnt
|faint|p2a: Gliscor
|inactive|samjo has 120 seconds left.
|
|t:|1743906756
|switch|p1a: Great Tusk|Great Tusk, shiny|100/100|[from] U-turn
|
|upkeep
|
|t:|1743906764
|switch|p2a: Ogerpon|Ogerpon-Wellspring, F|100/100
|turn|6
|j| Carloos
|
|t:|1743906775
|-terastallize|p1a: Great Tusk|Water
|move|p2a: Ogerpon|Ivy Cudgel|p1a: Great Tusk|[anim] Ivy Cudgel Water
|-resisted|p1a: Great Tusk
|-damage|p1a: Great Tusk|79/100
|move|p1a: Great Tusk|Stealth Rock|p2a: Ogerpon
|-sidestart|p2: FEOSai|move: Stealth Rock
|
|upkeep
|turn|7
|
|t:|1743906782
|-end|p1a: Great Tusk|Protosynthesis|[silent]
|switch|p1a: Lokix|Lokix, F|100/100
|move|p2a: Ogerpon|Horn Leech|p1a: Lokix
|-resisted|p1a: Lokix
|-damage|p1a: Lokix|68/100
|
|upkeep
|turn|8
|
|t:|1743906788
|move|p2a: Ogerpon|U-turn|p1a: Lokix
|-supereffective|p1a: Lokix
|-damage|p1a: Lokix|0 fnt
|faint|p1a: Lokix
|
|t:|1743906793
|switch|p2a: Alomomola|Alomomola, M|100/100|[from] U-turn
|
|upkeep
|
|t:|1743906799
|switch|p1a: Enamorus|Enamorus, F|100/100
|turn|9
|
|t:|1743906803
|move|p1a: Enamorus|Moonblast|p2a: Alomomola
|-damage|p2a: Alomomola|40/100
|-unboost|p2a: Alomomola|spa|1
|move|p2a: Alomomola|Flip Turn|p1a: Enamorus
|-damage|p1a: Enamorus|72/100
|
|t:|1743906808
|switch|p2a: Ogerpon|Ogerpon-Wellspring, F|100/100|[from] Flip Turn
|-damage|p2a: Ogerpon|88/100|[from] Stealth Rock
|
|upkeep
|turn|10
|
|t:|1743906815
|switch|p1a: Great Tusk|Great Tusk, shiny, tera:Water|79/100
|move|p2a: Ogerpon|Ivy Cudgel|p1a: Great Tusk|[anim] Ivy Cudgel Water
|-resisted|p1a: Great Tusk
|-crit|p1a: Great Tusk
|-damage|p1a: Great Tusk|45/100
|
|upkeep
|turn|11
|
|t:|1743906825
|move|p2a: Ogerpon|Horn Leech|p1a: Great Tusk
|-supereffective|p1a: Great Tusk
|-damage|p1a: Great Tusk|0 fnt
|-heal|p2a: Ogerpon|100/100|[from] drain|[of] p1a: Great Tusk
|faint|p1a: Great Tusk
|-end|p1a: Great Tusk|Protosynthesis|[silent]
|
|upkeep
|
|t:|1743906828
|switch|p1a: Enamorus|Enamorus, F|72/100
|turn|12
|
|t:|1743906832
|move|p1a: Enamorus|Moonblast|p2a: Ogerpon
|-damage|p2a: Ogerpon|38/100
|move|p2a: Ogerpon|Ivy Cudgel|p1a: Enamorus|[anim] Ivy Cudgel Water
|-crit|p1a: Enamorus
|-damage|p1a: Enamorus|0 fnt
|faint|p1a: Enamorus
|
|upkeep
|-message|samjo forfeited.
|
|win|FEOSai
|n|☆samjo|samjo
|n|☆FEOSai|feosai
|n|*Lady Monita ❄|ladymonita
|n| Carloos|carloos
|l|*Lady Monita ❄
|l|☆samjo
|player|p1|
