|j|☆datoneboi1
|j|☆BurgerThing
|t:|1743792397
|gametype|singles
|player|p1|datoneboi1|worker|1545
|player|p2|BurgerThing|lucas-gen4pt|1591
|teamsize|p1|6
|teamsize|p2|6
|gen|9
|tier|[Gen 9] OU
|rated|
|rule|HP Percentage Mod: HP is shown in percentages
|rule|Endless Battle Clause: Forcing endless battles is banned
|rule|Species Clause: Limit one of each Pokémon
|rule|OHKO Clause: OHKO moves are banned
|rule|Evasion Items Clause: Evasion items are banned
|rule|Evasion Moves Clause: Evasion moves are banned
|rule|Sleep Moves Clause: Sleep-inducing moves are banned
|clearpoke
|poke|p1|Great Tusk|
|poke|p1|Landorus-Therian, M|
|poke|p1|Slowking-Galar, M|
|poke|p1|Ogerpon-Wellspring, F|
|poke|p1|Kingambit, F|
|poke|p1|Raging Bolt|
|poke|p2|Rillaboom, M|
|poke|p2|Great Tusk|
|poke|p2|Garganacl, M|
|poke|p2|Altaria, M|
|poke|p2|Iron Valiant|
|poke|p2|Ogerpon-Wellspring, F|
|teampreview
|
|t:|1743792407
|start
|switch|p1a: Landorus|Landorus-Therian, M|100/100
|switch|p2a: Great Tusk|Great Tusk|100/100
|-ability|p1a: Landorus|Intimidate|boost
|-unboost|p2a: Great Tusk|atk|1
|turn|1
|
|t:|1743792412
|move|p1a: Landorus|U-turn|p2a: Great Tusk
|-resisted|p2a: Great Tusk
|-crit|p2a: Great Tusk
|-damage|p2a: Great Tusk|88/100
|
|t:|1743792414
|switch|p1a: Great Tusk|Great Tusk|100/100|[from] U-turn
|move|p2a: Great Tusk|Ice Spinner|p1a: Great Tusk
|-supereffective|p1a: Great Tusk
|-damage|p1a: Great Tusk|80/100
|-damage|p2a: Great Tusk|72/100|[from] item: Rocky Helmet|[of] p1a: Great Tusk
|
|-heal|p2a: Great Tusk|78/100|[from] item: Leftovers
|upkeep
|turn|2
|
|t:|1743792422
|-end|p2a: Great Tusk|Protosynthesis|[silent]
|switch|p2a: Iron Valiant|Iron Valiant, shiny|100/100
|move|p1a: Great Tusk|Rapid Spin|p2a: Iron Valiant
|-damage|p2a: Iron Valiant|81/100
|-boost|p1a: Great Tusk|spe|1
|
|upkeep
|turn|3
|
|t:|1743792430
|move|p2a: Iron Valiant|Moonblast|p1a: Great Tusk
|-supereffective|p1a: Great Tusk
|-damage|p1a: Great Tusk|0 fnt
|faint|p1a: Great Tusk
|-end|p1a: Great Tusk|Protosynthesis|[silent]
|
|upkeep
|
|t:|1743792433
|switch|p1a: Landorus|Landorus-Therian, M|100/100
|-ability|p1a: Landorus|Intimidate|boost
|-unboost|p2a: Iron Valiant|atk|1
|turn|4
|
|t:|1743792437
|move|p2a: Iron Valiant|Moonblast|p1a: Landorus
|-damage|p1a: Landorus|33/100
|move|p1a: Landorus|Earthquake|p2a: Iron Valiant
|-damage|p2a: Iron Valiant|7/100
|
|upkeep
|turn|5
|
|t:|1743792442
|switch|p1a: Slowking|Slowking-Galar, M|100/100
|move|p2a: Iron Valiant|Moonblast|p1a: Slowking
|-resisted|p1a: Slowking
|-damage|p1a: Slowking|88/100
|
|upkeep
|turn|6
|
|t:|1743792446
|-end|p2a: Iron Valiant|Quark Drive|[silent]
|switch|p2a: Great Tusk|Great Tusk|78/100
|move|p1a: Slowking|Future Sight|p2a: Great Tusk
|-start|p1a: Slowking|move: Future Sight
|
|-heal|p2a: Great Tusk|84/100|[from] item: Leftovers
|upkeep
|turn|7
|
|t:|1743792453
|move|p2a: Great Tusk|Stealth Rock|p1a: Slowking
|-sidestart|p1: datoneboi1|move: Stealth Rock
|move|p1a: Slowking|Psychic|p2a: Great Tusk
|-supereffective|p2a: Great Tusk
|-damage|p2a: Great Tusk|33/100
|
|-heal|p2a: Great Tusk|39/100|[from] item: Leftovers
|upkeep
|turn|8
|
|t:|1743792458
|switch|p1a: Ogerpon|Ogerpon-Wellspring, F|100/100
|-damage|p1a: Ogerpon|88/100|[from] Stealth Rock
|move|p2a: Great Tusk|Headlong Rush|p1a: Ogerpon
|-resisted|p1a: Ogerpon
|-damage|p1a: Ogerpon|57/100
|-unboost|p2a: Great Tusk|def|1
|-unboost|p2a: Great Tusk|spd|1
|
|-end|p2a: Great Tusk|move: Future Sight
|-supereffective|p2a: Great Tusk
|-damage|p2a: Great Tusk|0 fnt
|faint|p2a: Great Tusk
|-end|p2a: Great Tusk|Protosynthesis|[silent]
|upkeep
|
|t:|1743792461
|switch|p2a: Iron Valiant|Iron Valiant, shiny|7/100
|turn|9
|
|t:|1743792464
|switch|p1a: Slowking|Slowking-Galar, M|100/100
|-damage|p1a: Slowking|88/100|[from] Stealth Rock
|move|p2a: Iron Valiant|Shadow Ball|p1a: Slowking
|-supereffective|p1a: Slowking
|-damage|p1a: Slowking|60/100
|
|upkeep
|turn|10
|
|t:|1743792470
|-end|p2a: Iron Valiant|Quark Drive|[silent]
|switch|p2a: Rillaboom|Rillaboom, M, shiny|100/100
|-fieldstart|move: Grassy Terrain|[from] ability: Grassy Surge|[of] p2a: Rillaboom
|move|p1a: Slowking|Psychic|p2a: Rillaboom
|-crit|p2a: Rillaboom
|-damage|p2a: Rillaboom|64/100
|
|-heal|p2a: Rillaboom|70/100|[from] Grassy Terrain
|-heal|p1a: Slowking|66/100|[from] Grassy Terrain
|upkeep
|turn|11
|
|t:|1743792476
|switch|p1a: Raging Bolt|Raging Bolt|100/100
|-damage|p1a: Raging Bolt|88/100|[from] Stealth Rock
|-enditem|p1a: Raging Bolt|Booster Energy
|-activate|p1a: Raging Bolt|ability: Protosynthesis|[fromitem]
|-start|p1a: Raging Bolt|protosynthesisspa
|move|p2a: Rillaboom|Knock Off|p1a: Raging Bolt
|-damage|p1a: Raging Bolt|67/100
|
|-heal|p2a: Rillaboom|76/100|[from] Grassy Terrain
|-heal|p1a: Raging Bolt|73/100|[from] Grassy Terrain
|upkeep
|turn|12
|
|t:|1743792485
|move|p2a: Rillaboom|High Horsepower|p1a: Raging Bolt
|-supereffective|p1a: Raging Bolt
|-damage|p1a: Raging Bolt|17/100
|move|p1a: Raging Bolt|Dragon Pulse|p2a: Rillaboom
|-damage|p2a: Rillaboom|37/100
|
|-heal|p2a: Rillaboom|43/100|[from] Grassy Terrain
|-heal|p1a: Raging Bolt|24/100|[from] Grassy Terrain
|upkeep
|turn|13
|c|☆datoneboi1|why is it av lmao
|
|t:|1743792498
|-end|p1a: Raging Bolt|Protosynthesis|[silent]
|switch|p1a: Landorus|Landorus-Therian, M|33/100
|-damage|p1a: Landorus|20/100|[from] Stealth Rock
|-ability|p1a: Landorus|Intimidate|boost
|-unboost|p2a: Rillaboom|atk|1
|move|p2a: Rillaboom|High Horsepower|p1a: Landorus
|-immune|p1a: Landorus
|
|-heal|p2a: Rillaboom|49/100|[from] Grassy Terrain
|upkeep
|turn|14
|c|☆BurgerThing|because it survives iron moth flame dance
|
|t:|1743792511
|switch|p2a: Altaria|Altaria, M, shiny|100/100
|move|p1a: Landorus|U-turn|p2a: Altaria
|-resisted|p2a: Altaria
|-damage|p2a: Altaria|86/100
|c|☆datoneboi1|you bring that shit in on moth
|c|☆BurgerThing|yup
|c|☆datoneboi1|dwag
|c|☆BurgerThing|works every time
|
|t:|1743792528
|switch|p1a: Slowking|Slowking-Galar, M|99/100|[from] U-turn
|-damage|p1a: Slowking|87/100|[from] Stealth Rock
|
|-heal|p2a: Altaria|92/100|[from] item: Leftovers
|-heal|p1a: Slowking|93/100|[from] Grassy Terrain
|-fieldend|move: Grassy Terrain
|upkeep
|turn|15
|
|t:|1743792532
|move|p2a: Altaria|Will-O-Wisp|p1a: Slowking
|-status|p1a: Slowking|brn
|move|p1a: Slowking|Future Sight|p2a: Altaria
|-start|p1a: Slowking|move: Future Sight
|
|-heal|p2a: Altaria|98/100|[from] item: Leftovers
|-damage|p1a: Slowking|87/100 brn|[from] brn
|upkeep
|turn|16
|
|t:|1743792538
|move|p2a: Altaria|Fire Spin|p1a: Slowking
|-damage|p1a: Slowking|83/100 brn
|-activate|p1a: Slowking|move: Fire Spin|[of] p2a: Altaria
|move|p1a: Slowking|Sludge Bomb|p2a: Altaria
|-crit|p2a: Altaria
|-damage|p2a: Altaria|65/100
|
|-heal|p2a: Altaria|72/100|[from] item: Leftovers
|-damage|p1a: Slowking|77/100 brn|[from] brn
|-damage|p1a: Slowking|65/100 brn|[from] move: Fire Spin|[partiallytrapped]
|upkeep
|turn|17
|
|t:|1743792544
|move|p2a: Altaria|Perish Song|p2a: Altaria
|-start|p1a: Slowking|perish3|[silent]
|-start|p2a: Altaria|perish3|[silent]
|-fieldactivate|move: Perish Song
|move|p1a: Slowking|Sludge Bomb|p2a: Altaria
|-damage|p2a: Altaria|48/100
|
|-end|p2a: Altaria|move: Future Sight
|-damage|p2a: Altaria|19/100
|-heal|p2a: Altaria|25/100|[from] item: Leftovers
|-damage|p1a: Slowking|59/100 brn|[from] brn
|-damage|p1a: Slowking|46/100 brn|[from] move: Fire Spin|[partiallytrapped]
|-start|p2a: Altaria|perish3
|-start|p1a: Slowking|perish3
|upkeep
|turn|18
|
|t:|1743792547
|move|p2a: Altaria|Roost|p2a: Altaria
|-heal|p2a: Altaria|75/100
|-singleturn|p2a: Altaria|move: Roost
|move|p1a: Slowking|Sludge Bomb|p2a: Altaria
|-damage|p2a: Altaria|54/100
|-status|p2a: Altaria|psn
|
|-heal|p2a: Altaria|60/100 psn|[from] item: Leftovers
|-damage|p2a: Altaria|47/100 psn|[from] psn
|-damage|p1a: Slowking|40/100 brn|[from] brn
|-damage|p1a: Slowking|28/100 brn|[from] move: Fire Spin|[partiallytrapped]
|-start|p2a: Altaria|perish2
|-start|p1a: Slowking|perish2
|upkeep
|turn|19
|
|t:|1743792551
|-curestatus|p2a: Altaria|psn|[from] ability: Natural Cure
|switch|p2a: Garganacl|Garganacl, M, shiny|100/100
|move|p1a: Slowking|Psychic|p2a: Garganacl
|-damage|p2a: Garganacl|77/100
|
|-heal|p2a: Garganacl|83/100|[from] item: Leftovers
|-damage|p1a: Slowking|22/100 brn|[from] brn
|-end|p1a: Slowking|Fire Spin|[partiallytrapped]|[silent]
|-start|p1a: Slowking|perish1
|upkeep
|turn|20
|
|t:|1743792557
|switch|p1a: Kingambit|Kingambit, F|100/100
|-damage|p1a: Kingambit|94/100|[from] Stealth Rock
|-activate|p1a: Kingambit|ability: Supreme Overlord
|-start|p1a: Kingambit|fallen1|[silent]
|move|p2a: Garganacl|Salt Cure|p1a: Kingambit
|-resisted|p1a: Kingambit
|-damage|p1a: Kingambit|89/100
|-start|p1a: Kingambit|Salt Cure
|
|-heal|p1a: Kingambit|95/100|[from] item: Leftovers
|-heal|p2a: Garganacl|89/100|[from] item: Leftovers
|-damage|p1a: Kingambit|70/100|[from] Salt Cure
|upkeep
|turn|21
|
|t:|1743792565
|switch|p2a: Altaria|Altaria, M, shiny|47/100
|move|p1a: Kingambit|Iron Head|p2a: Altaria
|-damage|p2a: Altaria|0 fnt
|faint|p2a: Altaria
|
|-heal|p1a: Kingambit|77/100|[from] item: Leftovers
|-damage|p1a: Kingambit|52/100|[from] Salt Cure
|upkeep
|
|t:|1743792573
|switch|p2a: Ogerpon|Ogerpon-Wellspring, F|100/100
|turn|22
|
|t:|1743792577
|-end|p1a: Kingambit|fallen1|[silent]
|switch|p1a: Ogerpon|Ogerpon-Wellspring, F|57/100
|-damage|p1a: Ogerpon|45/100|[from] Stealth Rock
|move|p2a: Ogerpon|U-turn|p1a: Ogerpon
|-supereffective|p1a: Ogerpon
|-damage|p1a: Ogerpon|0 fnt
|faint|p1a: Ogerpon
|
|t:|1743792584
|switch|p2a: Rillaboom|Rillaboom, M, shiny|49/100|[from] U-turn
|-fieldstart|move: Grassy Terrain|[from] ability: Grassy Surge|[of] p2a: Rillaboom
|
|-heal|p2a: Rillaboom|55/100|[from] Grassy Terrain
|upkeep
|
|t:|1743792591
|switch|p1a: Landorus|Landorus-Therian, M|20/100
|-damage|p1a: Landorus|8/100|[from] Stealth Rock
|-ability|p1a: Landorus|Intimidate|boost
|-unboost|p2a: Rillaboom|atk|1
|turn|23
|
|t:|1743792595
|-terastallize|p1a: Landorus|Flying
|move|p2a: Rillaboom|Grassy Glide|p1a: Landorus
|-resisted|p1a: Landorus
|-crit|p1a: Landorus
|-damage|p1a: Landorus|0 fnt
|faint|p1a: Landorus
|
|-heal|p2a: Rillaboom|61/100|[from] Grassy Terrain
|upkeep
|
|t:|1743792598
|switch|p1a: Slowking|Slowking-Galar, M|55/100 brn
|-damage|p1a: Slowking|42/100 brn|[from] Stealth Rock
|turn|24
|
|t:|1743792601
|move|p2a: Rillaboom|High Horsepower|p1a: Slowking
|-supereffective|p1a: Slowking
|-damage|p1a: Slowking|6/100 brn
|move|p1a: Slowking|Sludge Bomb|p2a: Rillaboom
|-supereffective|p2a: Rillaboom
|-damage|p2a: Rillaboom|17/100
|
|-heal|p2a: Rillaboom|23/100|[from] Grassy Terrain
|-heal|p1a: Slowking|12/100 brn|[from] Grassy Terrain
|-damage|p1a: Slowking|6/100 brn|[from] brn
|upkeep
|turn|25
|
|t:|1743792606
|move|p2a: Rillaboom|Knock Off|p1a: Slowking
|-supereffective|p1a: Slowking
|-damage|p1a: Slowking|0 fnt
|-enditem|p1a: Slowking|Assault Vest|[from] move: Knock Off|[of] p2a: Rillaboom
|faint|p1a: Slowking
|
|-heal|p2a: Rillaboom|30/100|[from] Grassy Terrain
|upkeep
|
|t:|1743792609
|switch|p1a: Kingambit|Kingambit, F|52/100
|-damage|p1a: Kingambit|45/100|[from] Stealth Rock
|-activate|p1a: Kingambit|ability: Supreme Overlord
|-start|p1a: Kingambit|fallen4|[silent]
|turn|26
|
|t:|1743792617
|move|p2a: Rillaboom|U-turn|p1a: Kingambit
|-damage|p1a: Kingambit|32/100
|
|t:|1743792620
|switch|p2a: Ogerpon|Ogerpon-Wellspring, F|100/100|[from] U-turn
|move|p1a: Kingambit|Iron Head|p2a: Ogerpon
|-resisted|p2a: Ogerpon
|-damage|p2a: Ogerpon|54/100
|
|-heal|p2a: Ogerpon|60/100|[from] Grassy Terrain
|-heal|p1a: Kingambit|38/100|[from] Grassy Terrain
|-heal|p1a: Kingambit|44/100|[from] item: Leftovers
|-fieldend|move: Grassy Terrain
|upkeep
|turn|27
|
|t:|1743792624
|move|p1a: Kingambit|Sucker Punch||[still]
|-fail|p1a: Kingambit
|move|p2a: Ogerpon|Encore|p1a: Kingambit
|-start|p1a: Kingambit|Encore
|
|-heal|p1a: Kingambit|50/100|[from] item: Leftovers
|upkeep
|turn|28
|
|t:|1743792631
|switch|p2a: Garganacl|Garganacl, M, shiny|89/100
|move|p1a: Kingambit|Sucker Punch||[still]
|-fail|p1a: Kingambit
|
|-heal|p1a: Kingambit|57/100|[from] item: Leftovers
|-heal|p2a: Garganacl|95/100|[from] item: Leftovers
|upkeep
|turn|29
|
|t:|1743792633
|-end|p1a: Kingambit|fallen4|[silent]
|switch|p1a: Raging Bolt|Raging Bolt|24/100
|-damage|p1a: Raging Bolt|11/100|[from] Stealth Rock
|move|p2a: Garganacl|Salt Cure|p1a: Raging Bolt
|-damage|p1a: Raging Bolt|0 fnt
|faint|p1a: Raging Bolt
|-end|p1a: Raging Bolt|Protosynthesis|[silent]
|
|-heal|p2a: Garganacl|100/100|[from] item: Leftovers
|upkeep
|
|t:|1743792635
|switch|p1a: Kingambit|Kingambit, F|57/100
|-damage|p1a: Kingambit|50/100|[from] Stealth Rock
|-activate|p1a: Kingambit|ability: Supreme Overlord
|-start|p1a: Kingambit|fallen5|[silent]
|turn|30
|
|t:|1743792637
|-terastallize|p2a: Garganacl|Water
|move|p1a: Kingambit|Iron Head|p2a: Garganacl
|-resisted|p2a: Garganacl
|-crit|p2a: Garganacl
|-damage|p2a: Garganacl|65/100
|cant|p2a: Garganacl|flinch
|
|-heal|p1a: Kingambit|57/100|[from] item: Leftovers
|-heal|p2a: Garganacl|71/100|[from] item: Leftovers
|upkeep
|turn|31
|
|t:|1743792643
|move|p1a: Kingambit|Swords Dance|p1a: Kingambit
|-boost|p1a: Kingambit|atk|2
|move|p2a: Garganacl|Iron Defense|p2a: Garganacl
|-boost|p2a: Garganacl|def|2
|
|-heal|p1a: Kingambit|63/100|[from] item: Leftovers
|-heal|p2a: Garganacl|77/100|[from] item: Leftovers
|upkeep
|turn|32
|
|t:|1743792645
|move|p1a: Kingambit|Swords Dance|p1a: Kingambit
|-boost|p1a: Kingambit|atk|2
|move|p2a: Garganacl|Body Press|p1a: Kingambit
|-supereffective|p1a: Kingambit
|-damage|p1a: Kingambit|0 fnt
|faint|p1a: Kingambit
|-end|p1a: Kingambit|fallen5|[silent]
|
|win|BurgerThing
|raw|datoneboi1's rating: 1545 &rarr; <strong>1528</strong><br />(-17 for losing)
|raw|BurgerThing's rating: 1591 &rarr; <strong>1608</strong><br />(+17 for winning)
|c|☆BurgerThing|gg
|l|☆datoneboi1
|player|p1|
|l|☆BurgerThing
|player|p2|
