|j|☆Axelmania316
|j|☆FartInAJarRogue
|t:|1743831972
|gametype|singles
|player|p1|Axelmania316|roxie|1123
|player|p2|FartInAJarRogue|li|1178
|teamsize|p1|6
|teamsize|p2|6
|gen|9
|tier|[Gen 9] OU
|rated|
|rule|HP Percentage Mod: HP is shown in percentages
|rule|Endless Battle Clause: Forcing endless battles is banned
|rule|Species Clause: Limit one of each Pokémon
|rule|OHKO Clause: OHKO moves are banned
|rule|Evasion Items Clause: Evasion items are banned
|rule|Evasion Moves Clause: Evasion moves are banned
|rule|Sleep Moves Clause: Sleep-inducing moves are banned
|clearpoke
|poke|p1|Krookodile, M|
|poke|p1|Rillaboom, M|
|poke|p1|Garganacl, M|
|poke|p1|Iron Valiant|
|poke|p1|Moltres|
|poke|p1|Feraligatr, F|
|poke|p2|Iron Thorns|
|poke|p2|Ninetales-Alola, M|
|poke|p2|Clefable, F|
|poke|p2|Ogerpon-Wellspring, F|
|poke|p2|Ursaluna, M|
|poke|p2|Iron Treads|
|teampreview
|
|t:|1743832002
|start
|switch|p1a: Krookodile|Krookodile, M|100/100
|switch|p2a: Ninetales|Ninetales-Alola, M|100/100
|-weather|Snowscape|[from] ability: Snow Warning|[of] p2a: Ninetales
|-ability|p1a: Krookodile|Intimidate|boost
|-unboost|p2a: Ninetales|atk|1
|turn|1
|
|t:|1743832009
|move|p2a: Ninetales|Aurora Veil|p2a: Ninetales
|-sidestart|p2: FartInAJarRogue|move: Aurora Veil
|move|p1a: Krookodile|Stealth Rock|p2a: Ninetales
|-sidestart|p2: FartInAJarRogue|move: Stealth Rock
|
|-weather|Snowscape|[upkeep]
|upkeep
|turn|2
|
|t:|1743832014
|move|p2a: Ninetales|Moonblast|p1a: Krookodile
|-supereffective|p1a: Krookodile
|-damage|p1a: Krookodile|23/100
|move|p1a: Krookodile|Knock Off|p2a: Ninetales
|-resisted|p2a: Ninetales
|-damage|p2a: Ninetales|91/100
|-enditem|p2a: Ninetales|Light Clay|[from] move: Knock Off|[of] p1a: Krookodile
|
|-weather|Snowscape|[upkeep]
|-heal|p1a: Krookodile|29/100|[from] item: Leftovers
|upkeep
|turn|3
|
|t:|1743832023
|move|p2a: Ninetales|Freeze-Dry|p1a: Krookodile
|-supereffective|p1a: Krookodile
|-damage|p1a: Krookodile|0 fnt
|faint|p1a: Krookodile
|
|-weather|Snowscape|[upkeep]
|upkeep
|
|t:|1743832026
|switch|p1a: Moltres|Moltres|100/100
|turn|4
|
|t:|1743832032
|move|p2a: Ninetales|Freeze-Dry|p1a: Moltres
|-damage|p1a: Moltres|79/100
|move|p1a: Moltres|Flamethrower|p2a: Ninetales
|-supereffective|p2a: Ninetales
|-damage|p2a: Ninetales|57/100
|
|-weather|Snowscape|[upkeep]
|upkeep
|turn|5
|
|t:|1743832039
|move|p2a: Ninetales|Freeze-Dry|p1a: Moltres
|-damage|p1a: Moltres|57/100
|move|p1a: Moltres|Flamethrower|p2a: Ninetales
|-supereffective|p2a: Ninetales
|-damage|p2a: Ninetales|21/100
|
|-weather|none
|upkeep
|turn|6
|
|t:|1743832049
|switch|p2a: Ogerpon|Ogerpon-Wellspring, F|100/100
|-damage|p2a: Ogerpon|88/100|[from] Stealth Rock
|move|p1a: Moltres|Roost|p1a: Moltres
|-heal|p1a: Moltres|100/100
|-singleturn|p1a: Moltres|move: Roost
|
|upkeep
|turn|7
|
|t:|1743832059
|move|p2a: Ogerpon|Ivy Cudgel|p1a: Moltres|[anim] Ivy Cudgel Water
|-supereffective|p1a: Moltres
|-damage|p1a: Moltres|11/100
|move|p1a: Moltres|Will-O-Wisp|p2a: Ogerpon
|-status|p2a: Ogerpon|brn
|
|-damage|p2a: Ogerpon|82/100 brn|[from] brn
|upkeep
|turn|8
|
|t:|1743832070
|switch|p1a: Rillaboom|Rillaboom, M|100/100
|-fieldstart|move: Grassy Terrain|[from] ability: Grassy Surge|[of] p1a: Rillaboom
|move|p2a: Ogerpon|Ivy Cudgel|p1a: Rillaboom|[anim] Ivy Cudgel Water
|-resisted|p1a: Rillaboom
|-damage|p1a: Rillaboom|87/100
|
|-heal|p2a: Ogerpon|88/100 brn|[from] Grassy Terrain
|-heal|p1a: Rillaboom|93/100|[from] Grassy Terrain
|-damage|p2a: Ogerpon|82/100 brn|[from] brn
|-sideend|p2: FartInAJarRogue|move: Aurora Veil
|upkeep
|turn|9
|
|t:|1743832083
|switch|p2a: Ninetales|Ninetales-Alola, M|21/100
|-damage|p2a: Ninetales|0 fnt|[from] Stealth Rock
|faint|p2a: Ninetales
|move|p1a: Rillaboom|Fake Out|p2: Ninetales|[notarget]
|-fail|p1a: Rillaboom
|
|-heal|p1a: Rillaboom|99/100|[from] Grassy Terrain
|upkeep
|
|t:|1743832090
|switch|p2a: Iron Treads|Iron Treads|100/100
|-damage|p2a: Iron Treads|97/100|[from] Stealth Rock
|-enditem|p2a: Iron Treads|Booster Energy
|-activate|p2a: Iron Treads|ability: Quark Drive|[fromitem]
|-start|p2a: Iron Treads|quarkdrivespe
|turn|10
|
|t:|1743832098
|move|p2a: Iron Treads|Rapid Spin|p1a: Rillaboom
|-damage|p1a: Rillaboom|84/100
|-boost|p2a: Iron Treads|spe|1
|-sideend|p2: FartInAJarRogue|Stealth Rock|[from] move: Rapid Spin|[of] p2a: Iron Treads
|move|p1a: Rillaboom|Drum Beating|p2a: Iron Treads
|-damage|p2a: Iron Treads|47/100
|-unboost|p2a: Iron Treads|spe|1
|
|-heal|p2a: Iron Treads|53/100|[from] Grassy Terrain
|-heal|p1a: Rillaboom|90/100|[from] Grassy Terrain
|upkeep
|turn|11
|
|t:|1743832108
|move|p1a: Rillaboom|Grassy Glide|p2a: Iron Treads
|-damage|p2a: Iron Treads|18/100
|move|p2a: Iron Treads|Ice Spinner|p1a: Rillaboom
|-supereffective|p1a: Rillaboom
|-damage|p1a: Rillaboom|45/100
|-fieldend|move: Grassy Terrain
|
|upkeep
|turn|12
|
|t:|1743832119
|switch|p1a: Feraligatr|Feraligatr, F|100/100
|move|p2a: Iron Treads|Knock Off|p1a: Feraligatr
|-damage|p1a: Feraligatr|68/100
|-enditem|p1a: Feraligatr|Life Orb|[from] move: Knock Off|[of] p2a: Iron Treads
|
|upkeep
|turn|13
|
|t:|1743832127
|move|p2a: Iron Treads|Earthquake|p1a: Feraligatr
|-damage|p1a: Feraligatr|19/100
|move|p1a: Feraligatr|Dragon Dance|p1a: Feraligatr
|-boost|p1a: Feraligatr|atk|1
|-boost|p1a: Feraligatr|spe|1
|
|upkeep
|turn|14
|
|t:|1743832134
|move|p1a: Feraligatr|Aqua Jet|p2a: Iron Treads
|-supereffective|p2a: Iron Treads
|-damage|p2a: Iron Treads|0 fnt
|faint|p2a: Iron Treads
|-end|p2a: Iron Treads|Quark Drive|[silent]
|
|upkeep
|
|t:|1743832153
|switch|p2a: Ogerpon|Ogerpon-Wellspring, F|82/100 brn
|turn|15
|
|t:|1743832157
|move|p1a: Feraligatr|Ice Punch|p2a: Ogerpon
|-damage|p2a: Ogerpon|23/100 brn
|move|p2a: Ogerpon|Swords Dance|p2a: Ogerpon
|-boost|p2a: Ogerpon|atk|2
|
|-damage|p2a: Ogerpon|17/100 brn|[from] brn
|upkeep
|turn|16
|
|t:|1743832164
|move|p1a: Feraligatr|Ice Punch|p2a: Ogerpon
|-damage|p2a: Ogerpon|0 fnt
|faint|p2a: Ogerpon
|
|upkeep
|
|t:|1743832169
|switch|p2a: Clefable|Clefable, F|100/100
|turn|17
|
|t:|1743832173
|move|p1a: Feraligatr|Liquidation|p2a: Clefable
|-damage|p2a: Clefable|55/100
|move|p2a: Clefable|Cosmic Power|p2a: Clefable
|-boost|p2a: Clefable|def|1
|-boost|p2a: Clefable|spd|1
|
|-heal|p2a: Clefable|61/100|[from] item: Leftovers
|upkeep
|turn|18
|
|t:|1743832181
|move|p1a: Feraligatr|Liquidation|p2a: Clefable
|-damage|p2a: Clefable|30/100
|move|p2a: Clefable|Moonlight|p2a: Clefable
|-heal|p2a: Clefable|80/100
|
|-heal|p2a: Clefable|86/100|[from] item: Leftovers
|upkeep
|turn|19
|
|t:|1743832189
|switch|p1a: Garganacl|Garganacl, M|100/100
|move|p2a: Clefable|Cosmic Power|p2a: Clefable
|-boost|p2a: Clefable|def|1
|-boost|p2a: Clefable|spd|1
|
|-heal|p2a: Clefable|92/100|[from] item: Leftovers
|upkeep
|turn|20
|
|t:|1743832196
|move|p2a: Clefable|Cosmic Power|p2a: Clefable
|-boost|p2a: Clefable|def|1
|-boost|p2a: Clefable|spd|1
|move|p1a: Garganacl|Salt Cure|p2a: Clefable
|-damage|p2a: Clefable|87/100
|-start|p2a: Clefable|Salt Cure
|
|-heal|p2a: Clefable|93/100|[from] item: Leftovers
|-damage|p2a: Clefable|80/100|[from] Salt Cure
|upkeep
|turn|21
|
|t:|1743832206
|move|p2a: Clefable|Cosmic Power|p2a: Clefable
|-boost|p2a: Clefable|def|1
|-boost|p2a: Clefable|spd|1
|move|p1a: Garganacl|Iron Defense|p1a: Garganacl
|-boost|p1a: Garganacl|def|2
|
|-heal|p2a: Clefable|86/100|[from] item: Leftovers
|-damage|p2a: Clefable|74/100|[from] Salt Cure
|upkeep
|turn|22
|
|t:|1743832214
|switch|p1a: Moltres|Moltres|11/100
|move|p2a: Clefable|Cosmic Power|p2a: Clefable
|-boost|p2a: Clefable|def|1
|-boost|p2a: Clefable|spd|1
|
|-heal|p2a: Clefable|80/100|[from] item: Leftovers
|-damage|p2a: Clefable|68/100|[from] Salt Cure
|upkeep
|turn|23
|
|t:|1743832223
|move|p1a: Moltres|Roost|p1a: Moltres
|-heal|p1a: Moltres|61/100
|-singleturn|p1a: Moltres|move: Roost
|move|p2a: Clefable|Moonlight|p2a: Clefable
|-heal|p2a: Clefable|100/100
|
|-damage|p2a: Clefable|88/100|[from] Salt Cure
|upkeep
|turn|24
|
|t:|1743832231
|move|p2a: Clefable|Cosmic Power|p2a: Clefable
|-boost|p2a: Clefable|def|1
|-boost|p2a: Clefable|spd|1
|move|p1a: Moltres|Roar|p2a: Clefable
|drag|p2a: Iron Thorns|Iron Thorns|100/100
|-enditem|p2a: Iron Thorns|Booster Energy
|-activate|p2a: Iron Thorns|ability: Quark Drive|[fromitem]
|-start|p2a: Iron Thorns|quarkdriveatk
|
|upkeep
|turn|25
|
|t:|1743832239
|move|p2a: Iron Thorns|Supercell Slam|p1a: Moltres
|-supereffective|p1a: Moltres
|-damage|p1a: Moltres|0 fnt
|faint|p1a: Moltres
|
|upkeep
|
|t:|1743832247
|switch|p1a: Rillaboom|Rillaboom, M|45/100
|-fieldstart|move: Grassy Terrain|[from] ability: Grassy Surge|[of] p1a: Rillaboom
|turn|26
|
|t:|1743832270
|-terastallize|p2a: Iron Thorns|Flying
|move|p1a: Rillaboom|Fake Out|p2a: Iron Thorns
|-damage|p2a: Iron Thorns|87/100
|cant|p2a: Iron Thorns|flinch
|
|-heal|p1a: Rillaboom|51/100|[from] Grassy Terrain
|upkeep
|turn|27
|
|t:|1743832277
|switch|p1a: Garganacl|Garganacl, M|100/100
|move|p2a: Iron Thorns|Dragon Dance|p2a: Iron Thorns
|-boost|p2a: Iron Thorns|atk|1
|-boost|p2a: Iron Thorns|spe|1
|
|upkeep
|turn|28
|
|t:|1743832284
|move|p2a: Iron Thorns|Earthquake|p1a: Garganacl
|-supereffective|p1a: Garganacl
|-damage|p1a: Garganacl|50/100
|move|p1a: Garganacl|Salt Cure|p2a: Iron Thorns
|-supereffective|p2a: Iron Thorns
|-damage|p2a: Iron Thorns|63/100
|-start|p2a: Iron Thorns|Salt Cure
|
|-heal|p1a: Garganacl|56/100|[from] Grassy Terrain
|-heal|p1a: Garganacl|62/100|[from] item: Leftovers
|-damage|p2a: Iron Thorns|51/100|[from] Salt Cure
|upkeep
|turn|29
|
|t:|1743832297
|move|p2a: Iron Thorns|Ice Punch|p1a: Garganacl
|-damage|p1a: Garganacl|26/100
|move|p1a: Garganacl|Recover|p1a: Garganacl
|-heal|p1a: Garganacl|76/100
|
|-heal|p1a: Garganacl|83/100|[from] Grassy Terrain
|-heal|p1a: Garganacl|89/100|[from] item: Leftovers
|-damage|p2a: Iron Thorns|39/100|[from] Salt Cure
|upkeep
|turn|30
|
|t:|1743832310
|move|p2a: Iron Thorns|Earthquake|p1a: Garganacl
|-supereffective|p1a: Garganacl
|-damage|p1a: Garganacl|43/100
|move|p1a: Garganacl|Iron Defense|p1a: Garganacl
|-boost|p1a: Garganacl|def|2
|
|-heal|p1a: Garganacl|49/100|[from] Grassy Terrain
|-heal|p1a: Garganacl|55/100|[from] item: Leftovers
|-damage|p2a: Iron Thorns|26/100|[from] Salt Cure
|-fieldend|move: Grassy Terrain
|upkeep
|turn|31
|
|t:|1743832320
|-end|p2a: Iron Thorns|Quark Drive|[silent]
|switch|p2a: Clefable|Clefable, F|88/100
|move|p1a: Garganacl|Recover|p1a: Garganacl
|-heal|p1a: Garganacl|100/100
|
|-heal|p2a: Clefable|94/100|[from] item: Leftovers
|upkeep
|turn|32
|
|t:|1743832326
|move|p2a: Clefable|Cosmic Power|p2a: Clefable
|-boost|p2a: Clefable|def|1
|-boost|p2a: Clefable|spd|1
|move|p1a: Garganacl|Salt Cure|p2a: Clefable
|-damage|p2a: Clefable|86/100
|-start|p2a: Clefable|Salt Cure
|
|-heal|p2a: Clefable|92/100|[from] item: Leftovers
|-damage|p2a: Clefable|80/100|[from] Salt Cure
|upkeep
|turn|33
|
|t:|1743832335
|move|p2a: Clefable|Cosmic Power|p2a: Clefable
|-boost|p2a: Clefable|def|1
|-boost|p2a: Clefable|spd|1
|move|p1a: Garganacl|Body Press|p2a: Clefable
|-resisted|p2a: Clefable
|-damage|p2a: Clefable|75/100
|
|-heal|p2a: Clefable|81/100|[from] item: Leftovers
|-damage|p2a: Clefable|69/100|[from] Salt Cure
|upkeep
|turn|34
|
|t:|1743832344
|switch|p1a: Iron Valiant|Iron Valiant|100/100
|move|p2a: Clefable|Cosmic Power|p2a: Clefable
|-boost|p2a: Clefable|def|1
|-boost|p2a: Clefable|spd|1
|
|-heal|p2a: Clefable|75/100|[from] item: Leftovers
|-damage|p2a: Clefable|62/100|[from] Salt Cure
|upkeep
|turn|35
|
|t:|1743832355
|move|p1a: Iron Valiant|Taunt|p2a: Clefable
|-start|p2a: Clefable|move: Taunt
|move|p2a: Clefable|Charge Beam|p1a: Iron Valiant
|-damage|p1a: Iron Valiant|80/100
|
|-heal|p2a: Clefable|68/100|[from] item: Leftovers
|-damage|p2a: Clefable|56/100|[from] Salt Cure
|upkeep
|turn|36
|
|t:|1743832366
|move|p1a: Iron Valiant|Moonblast|p2a: Clefable
|-damage|p2a: Clefable|34/100
|-damage|p1a: Iron Valiant|71/100|[from] item: Life Orb
|move|p2a: Clefable|Stored Power|p1a: Iron Valiant
|-supereffective|p1a: Iron Valiant
|-damage|p1a: Iron Valiant|0 fnt
|faint|p1a: Iron Valiant
|-end|p1a: Iron Valiant|Quark Drive|[silent]
|
|-heal|p2a: Clefable|40/100|[from] item: Leftovers
|-damage|p2a: Clefable|27/100|[from] Salt Cure
|upkeep
|
|t:|1743832374
|switch|p1a: Rillaboom|Rillaboom, M|51/100
|-fieldstart|move: Grassy Terrain|[from] ability: Grassy Surge|[of] p1a: Rillaboom
|turn|37
|
|t:|1743832380
|move|p1a: Rillaboom|Fake Out|p2a: Clefable
|-damage|p2a: Clefable|22/100
|cant|p2a: Clefable|flinch
|
|-heal|p1a: Rillaboom|57/100|[from] Grassy Terrain
|-heal|p2a: Clefable|28/100|[from] Grassy Terrain
|-heal|p2a: Clefable|34/100|[from] item: Leftovers
|-damage|p2a: Clefable|22/100|[from] Salt Cure
|-end|p2a: Clefable|move: Taunt
|upkeep
|turn|38
|
|t:|1743832390
|move|p1a: Rillaboom|Drum Beating|p2a: Clefable
|-damage|p2a: Clefable|2/100
|-unboost|p2a: Clefable|spe|1
|move|p2a: Clefable|Moonlight|p2a: Clefable
|-heal|p2a: Clefable|52/100
|
|-heal|p1a: Rillaboom|64/100|[from] Grassy Terrain
|-heal|p2a: Clefable|58/100|[from] Grassy Terrain
|-heal|p2a: Clefable|64/100|[from] item: Leftovers
|-damage|p2a: Clefable|51/100|[from] Salt Cure
|upkeep
|turn|39
|
|t:|1743832405
|move|p1a: Rillaboom|Drum Beating|p2a: Clefable
|-damage|p2a: Clefable|32/100
|-unboost|p2a: Clefable|spe|1
|move|p2a: Clefable|Moonlight|p2a: Clefable
|-heal|p2a: Clefable|82/100
|
|-heal|p1a: Rillaboom|70/100|[from] Grassy Terrain
|-heal|p2a: Clefable|88/100|[from] Grassy Terrain
|-heal|p2a: Clefable|94/100|[from] item: Leftovers
|-damage|p2a: Clefable|82/100|[from] Salt Cure
|upkeep
|turn|40
|
|t:|1743832417
|move|p1a: Rillaboom|Drum Beating|p2a: Clefable
|-damage|p2a: Clefable|60/100
|-unboost|p2a: Clefable|spe|1
|move|p2a: Clefable|Cosmic Power|p2a: Clefable
|-boost|p2a: Clefable|def|1
|-boost|p2a: Clefable|spd|1
|
|-heal|p1a: Rillaboom|76/100|[from] Grassy Terrain
|-heal|p2a: Clefable|66/100|[from] Grassy Terrain
|-heal|p2a: Clefable|72/100|[from] item: Leftovers
|-damage|p2a: Clefable|60/100|[from] Salt Cure
|upkeep
|turn|41
|
|t:|1743832430
|move|p1a: Rillaboom|Drum Beating|p2a: Clefable
|-damage|p2a: Clefable|42/100
|-unboost|p2a: Clefable|spe|1
|move|p2a: Clefable|Cosmic Power|p2a: Clefable
|-boost|p2a: Clefable|def|1
|-boost|p2a: Clefable|spd|1
|
|-heal|p1a: Rillaboom|82/100|[from] Grassy Terrain
|-heal|p2a: Clefable|48/100|[from] Grassy Terrain
|-heal|p2a: Clefable|54/100|[from] item: Leftovers
|-damage|p2a: Clefable|42/100|[from] Salt Cure
|-fieldend|move: Grassy Terrain
|upkeep
|turn|42
|
|t:|1743832443
|move|p1a: Rillaboom|Drum Beating|p2a: Clefable
|-damage|p2a: Clefable|30/100
|-unboost|p2a: Clefable|spe|1
|move|p2a: Clefable|Moonlight|p2a: Clefable
|-heal|p2a: Clefable|80/100
|
|-heal|p2a: Clefable|86/100|[from] item: Leftovers
|-damage|p2a: Clefable|74/100|[from] Salt Cure
|upkeep
|turn|43
|
|t:|1743832456
|move|p1a: Rillaboom|U-turn|p2a: Clefable
|-resisted|p2a: Clefable
|-damage|p2a: Clefable|71/100
|
|t:|1743832459
|switch|p1a: Feraligatr|Feraligatr, F|19/100|[from] U-turn
|move|p2a: Clefable|Charge Beam|p1a: Feraligatr
|-supereffective|p1a: Feraligatr
|-damage|p1a: Feraligatr|0 fnt
|-boost|p2a: Clefable|spa|1
|faint|p1a: Feraligatr
|
|-heal|p2a: Clefable|77/100|[from] item: Leftovers
|-damage|p2a: Clefable|65/100|[from] Salt Cure
|upkeep
|
|t:|1743832469
|switch|p1a: Rillaboom|Rillaboom, M|82/100
|-fieldstart|move: Grassy Terrain|[from] ability: Grassy Surge|[of] p1a: Rillaboom
|turn|44
|
|t:|1743832474
|move|p1a: Rillaboom|Fake Out|p2a: Clefable
|-damage|p2a: Clefable|60/100
|cant|p2a: Clefable|flinch
|
|-heal|p1a: Rillaboom|88/100|[from] Grassy Terrain
|-heal|p2a: Clefable|66/100|[from] Grassy Terrain
|-heal|p2a: Clefable|72/100|[from] item: Leftovers
|-damage|p2a: Clefable|60/100|[from] Salt Cure
|upkeep
|turn|45
|
|t:|1743832482
|move|p1a: Rillaboom|Drum Beating|p2a: Clefable
|-damage|p2a: Clefable|45/100
|-unboost|p2a: Clefable|spe|1
|move|p2a: Clefable|Stored Power|p1a: Rillaboom
|-damage|p1a: Rillaboom|27/100
|
|-heal|p1a: Rillaboom|34/100|[from] Grassy Terrain
|-heal|p2a: Clefable|51/100|[from] Grassy Terrain
|-heal|p2a: Clefable|57/100|[from] item: Leftovers
|-damage|p2a: Clefable|45/100|[from] Salt Cure
|upkeep
|turn|46
|
|t:|1743832499
|move|p1a: Rillaboom|Drum Beating|p2a: Clefable
|-damage|p2a: Clefable|31/100
|move|p2a: Clefable|Moonlight|p2a: Clefable
|-heal|p2a: Clefable|81/100
|
|-heal|p1a: Rillaboom|40/100|[from] Grassy Terrain
|-heal|p2a: Clefable|87/100|[from] Grassy Terrain
|-heal|p2a: Clefable|93/100|[from] item: Leftovers
|-damage|p2a: Clefable|80/100|[from] Salt Cure
|upkeep
|turn|47
|
|t:|1743832510
|move|p1a: Rillaboom|Drum Beating|p2a: Clefable
|-damage|p2a: Clefable|66/100
|move|p2a: Clefable|Stored Power|p1a: Rillaboom
|-damage|p1a: Rillaboom|0 fnt
|faint|p1a: Rillaboom
|
|-heal|p2a: Clefable|72/100|[from] Grassy Terrain
|-heal|p2a: Clefable|78/100|[from] item: Leftovers
|-damage|p2a: Clefable|65/100|[from] Salt Cure
|upkeep
|
|t:|1743832515
|switch|p1a: Garganacl|Garganacl, M|100/100
|turn|48
|
|t:|1743832521
|move|p1a: Garganacl|Iron Defense|p1a: Garganacl
|-boost|p1a: Garganacl|def|2
|move|p2a: Clefable|Stored Power|p1a: Garganacl
|-damage|p1a: Garganacl|50/100
|
|-heal|p1a: Garganacl|56/100|[from] Grassy Terrain
|-heal|p1a: Garganacl|62/100|[from] item: Leftovers
|-heal|p2a: Clefable|71/100|[from] Grassy Terrain
|-heal|p2a: Clefable|77/100|[from] item: Leftovers
|-damage|p2a: Clefable|65/100|[from] Salt Cure
|-fieldend|move: Grassy Terrain
|upkeep
|turn|49
|
|t:|1743832532
|move|p1a: Garganacl|Recover|p1a: Garganacl
|-heal|p1a: Garganacl|100/100
|move|p2a: Clefable|Charge Beam|p1a: Garganacl|[miss]
|-miss|p2a: Clefable|p1a: Garganacl
|
|-heal|p2a: Clefable|71/100|[from] item: Leftovers
|-damage|p2a: Clefable|59/100|[from] Salt Cure
|upkeep
|turn|50
|
|t:|1743832539
|move|p1a: Garganacl|Iron Defense|p1a: Garganacl
|-boost|p1a: Garganacl|def|2
|move|p2a: Clefable|Charge Beam|p1a: Garganacl
|-damage|p1a: Garganacl|90/100
|-boost|p2a: Clefable|spa|1
|
|-heal|p1a: Garganacl|96/100|[from] item: Leftovers
|-heal|p2a: Clefable|65/100|[from] item: Leftovers
|-damage|p2a: Clefable|53/100|[from] Salt Cure
|upkeep
|turn|51
|
|t:|1743832550
|move|p1a: Garganacl|Iron Defense|p1a: Garganacl
|-boost|p1a: Garganacl|def|2
|move|p2a: Clefable|Charge Beam|p1a: Garganacl
|-damage|p1a: Garganacl|81/100
|-boost|p2a: Clefable|spa|1
|
|-heal|p1a: Garganacl|87/100|[from] item: Leftovers
|-heal|p2a: Clefable|59/100|[from] item: Leftovers
|-damage|p2a: Clefable|46/100|[from] Salt Cure
|upkeep
|turn|52
|
|t:|1743832563
|move|p1a: Garganacl|Body Press|p2a: Clefable
|-resisted|p2a: Clefable
|-damage|p2a: Clefable|43/100
|move|p2a: Clefable|Moonlight|p2a: Clefable
|-heal|p2a: Clefable|93/100
|
|-heal|p1a: Garganacl|94/100|[from] item: Leftovers
|-heal|p2a: Clefable|99/100|[from] item: Leftovers
|-damage|p2a: Clefable|87/100|[from] Salt Cure
|upkeep
|turn|53
|
|t:|1743832578
|move|p1a: Garganacl|Body Press|p2a: Clefable
|-resisted|p2a: Clefable
|-damage|p2a: Clefable|83/100
|move|p2a: Clefable|Charge Beam|p1a: Garganacl
|-damage|p1a: Garganacl|77/100
|-boost|p2a: Clefable|spa|1
|
|-heal|p1a: Garganacl|83/100|[from] item: Leftovers
|-heal|p2a: Clefable|89/100|[from] item: Leftovers
|-damage|p2a: Clefable|77/100|[from] Salt Cure
|upkeep
|turn|54
|
|t:|1743832589
|move|p1a: Garganacl|Salt Cure|p2a: Clefable
|-damage|p2a: Clefable|73/100
|move|p2a: Clefable|Charge Beam|p1a: Garganacl
|-damage|p1a: Garganacl|60/100
|-boost|p2a: Clefable|spa|1
|
|-heal|p1a: Garganacl|66/100|[from] item: Leftovers
|-heal|p2a: Clefable|79/100|[from] item: Leftovers
|-damage|p2a: Clefable|67/100|[from] Salt Cure
|upkeep
|turn|55
|
|t:|1743832599
|move|p1a: Garganacl|Recover|p1a: Garganacl
|-heal|p1a: Garganacl|100/100
|move|p2a: Clefable|Stored Power|p1a: Garganacl
|-damage|p1a: Garganacl|0 fnt
|faint|p1a: Garganacl
|
|win|FartInAJarRogue
|raw|Axelmania316's rating: 1123 &rarr; <strong>1102</strong><br />(-21 for losing)
|raw|FartInAJarRogue's rating: 1178 &rarr; <strong>1199</strong><br />(+21 for winning)
|l|☆Axelmania316
|player|p1|
|l|☆FartInAJarRogue
|player|p2|
