|j|☆Bronzong72
|j|☆Havestol
|t:|1743876053
|gametype|singles
|player|p1|Bronzong72|falkner|1361
|player|p2|Havestol|mars|1367
|teamsize|p1|6
|teamsize|p2|6
|gen|9
|tier|[Gen 9] OU
|rated|
|rule|HP Percentage Mod: HP is shown in percentages
|rule|Endless Battle Clause: Forcing endless battles is banned
|rule|Species Clause: Limit one of each Pokémon
|rule|OHKO Clause: OHKO moves are banned
|rule|Evasion Items Clause: Evasion items are banned
|rule|Evasion Moves Clause: Evasion moves are banned
|rule|Sleep Moves Clause: Sleep-inducing moves are banned
|clearpoke
|poke|p1|Dachsbun, M|
|poke|p1|Meowscarada, F|
|poke|p1|Cinderace, M|
|poke|p1|Glimmora, M|
|poke|p1|Gholdengo|
|poke|p1|Zapdos|
|poke|p2|Scizor, F|
|poke|p2|Gholdengo|
|poke|p2|Heatran, M|
|poke|p2|Rillaboom, F|
|poke|p2|Weezing-Galar, M|
|poke|p2|Gastrodon, M|
|teampreview
|inactive|Battle timer is ON: inactive players will automatically lose when time's up. (requested by Bronzong72)
|
|t:|1743876071
|start
|switch|p1a: Laura|Meowscarada, F|100/100
|switch|p2a: Heatran|Heatran, M|100/100
|-item|p2a: Heatran|Air Balloon
|turn|1
|
|t:|1743876084
|move|p1a: Laura|U-turn|p2a: Heatran
|-start|p1a: Laura|typechange|Bug|[from] ability: Protean
|-resisted|p2a: Heatran
|-damage|p2a: Heatran|89/100
|-enditem|p2a: Heatran|Air Balloon
|
|t:|1743876098
|switch|p1a: Florian|Glimmora, M|100/100|[from] U-turn
|move|p2a: Heatran|Stealth Rock|p1a: Florian
|-sidestart|p1: Bronzong72|move: Stealth Rock
|
|upkeep
|turn|2
|
|t:|1743876107
|move|p1a: Florian|Earth Power|p2a: Heatran
|-supereffective|p2a: Heatran
|-damage|p2a: Heatran|4/100
|-unboost|p2a: Heatran|spd|1
|move|p2a: Heatran|Earth Power|p1a: Florian
|-supereffective|p1a: Florian
|-crit|p1a: Florian
|-damage|p1a: Florian|0 fnt
|faint|p1a: Florian
|
|upkeep
|
|t:|1743876113
|switch|p1a: Mbappé|Cinderace, M|100/100
|turn|3
|
|t:|1743876117
|move|p1a: Mbappé|Iron Head|p2a: Heatran
|-start|p1a: Mbappé|typechange|Steel|[from] ability: Libero
|-resisted|p2a: Heatran
|-damage|p2a: Heatran|0 fnt
|faint|p2a: Heatran
|
|upkeep
|
|t:|1743876130
|switch|p2a: Weezing|Weezing-Galar, M|100/100
|-ability|p2a: Weezing|Neutralizing Gas
|turn|4
|
|t:|1743876144
|move|p1a: Mbappé|Iron Head|p2a: Weezing
|-supereffective|p2a: Weezing
|-damage|p2a: Weezing|59/100
|move|p2a: Weezing|Will-O-Wisp|p1a: Mbappé|[miss]
|-miss|p2a: Weezing|p1a: Mbappé
|
|upkeep
|turn|5
|
|t:|1743876150
|move|p1a: Mbappé|Iron Head|p2a: Weezing
|-supereffective|p2a: Weezing
|-damage|p2a: Weezing|12/100
|move|p2a: Weezing|Will-O-Wisp|p1a: Mbappé
|-status|p1a: Mbappé|brn
|
|-damage|p1a: Mbappé|94/100 brn|[from] brn
|upkeep
|turn|6
|
|t:|1743876158
|-end|p2a: Weezing|ability: Neutralizing Gas
|switch|p2a: Gastrodon|Gastrodon, M|100/100
|move|p1a: Mbappé|Court Change|p1a: Mbappé
|-swapsideconditions
|-activate|p1a: Mbappé|move: Court Change
|
|-damage|p1a: Mbappé|88/100 brn|[from] brn
|upkeep
|turn|7
|
|t:|1743876165
|switch|p1a: Laura|Meowscarada, F|100/100
|move|p2a: Gastrodon|Spikes|p1a: Laura
|-sidestart|p1: Bronzong72|Spikes
|
|upkeep
|turn|8
|
|t:|1743876174
|switch|p2a: Weezing|Weezing-Galar, M|12/100
|-ability|p2a: Weezing|Neutralizing Gas
|-damage|p2a: Weezing|0 fnt|[from] Stealth Rock
|faint|p2a: Weezing
|-end|p2a: Weezing|ability: Neutralizing Gas
|move|p1a: Laura|U-turn|p2: Weezing|[notarget]
|-fail|p1a: Laura
|
|upkeep
|inactive|Havestol has 120 seconds left.
|
|t:|1743876210
|switch|p2a: Gholdengo|Gholdengo|100/100
|-damage|p2a: Gholdengo|94/100|[from] Stealth Rock
|turn|9
|inactive|Havestol has 120 seconds left.
|
|t:|1743876215
|switch|p1a: Sprinkles|Zapdos|100/100
|move|p2a: Gholdengo|Nasty Plot|p2a: Gholdengo
|-boost|p2a: Gholdengo|spa|2
|
|upkeep
|turn|10
|
|t:|1743876223
|move|p1a: Sprinkles|Heat Wave|p2a: Gholdengo
|-supereffective|p2a: Gholdengo
|-damage|p2a: Gholdengo|19/100
|move|p2a: Gholdengo|Hex|p1a: Sprinkles
|-damage|p1a: Sprinkles|45/100
|
|-heal|p1a: Sprinkles|51/100|[from] item: Leftovers
|upkeep
|turn|11
|
|t:|1743876238
|switch|p2a: Gastrodon|Gastrodon, M|100/100
|move|p1a: Sprinkles|Thunderbolt|p2a: Gastrodon
|-immune|p2a: Gastrodon
|
|-heal|p1a: Sprinkles|57/100|[from] item: Leftovers
|upkeep
|turn|12
|
|t:|1743876248
|move|p1a: Sprinkles|U-turn|p2a: Gastrodon
|-damage|p2a: Gastrodon|87/100
|
|t:|1743876257
|switch|p1a: Laura|Meowscarada, F|100/100|[from] U-turn
|-damage|p1a: Laura|88/100|[from] Spikes
|move|p2a: Gastrodon|Ice Beam|p1a: Laura
|-supereffective|p1a: Laura
|-damage|p1a: Laura|25/100
|
|upkeep
|turn|13
|
|t:|1743876268
|switch|p2a: Gholdengo|Gholdengo|19/100
|-damage|p2a: Gholdengo|13/100|[from] Stealth Rock
|move|p1a: Laura|U-turn|p2a: Gholdengo
|-start|p1a: Laura|typechange|Bug|[from] ability: Protean
|-resisted|p2a: Gholdengo
|-damage|p2a: Gholdengo|4/100
|-damage|p1a: Laura|8/100|[from] item: Rocky Helmet|[of] p2a: Gholdengo
|
|t:|1743876277
|switch|p1a: Sprinkles|Zapdos|57/100|[from] U-turn
|
|-heal|p1a: Sprinkles|64/100|[from] item: Leftovers
|upkeep
|turn|14
|
|t:|1743876281
|switch|p2a: Gastrodon|Gastrodon, M|87/100
|move|p1a: Sprinkles|Heat Wave|p2a: Gastrodon
|-resisted|p2a: Gastrodon
|-damage|p2a: Gastrodon|76/100
|
|-heal|p1a: Sprinkles|70/100|[from] item: Leftovers
|upkeep
|turn|15
|
|t:|1743876292
|move|p1a: Sprinkles|U-turn|p2a: Gastrodon
|-damage|p2a: Gastrodon|62/100
|
|t:|1743876296
|switch|p1a: Ronaldo|Gholdengo|100/100|[from] U-turn
|-item|p1a: Ronaldo|Air Balloon
|move|p2a: Gastrodon|Ice Beam|p1a: Ronaldo
|-resisted|p1a: Ronaldo
|-damage|p1a: Ronaldo|92/100
|-enditem|p1a: Ronaldo|Air Balloon
|
|upkeep
|turn|16
|
|t:|1743876315
|switch|p2a: Gholdengo|Gholdengo|4/100
|-damage|p2a: Gholdengo|0 fnt|[from] Stealth Rock
|faint|p2a: Gholdengo
|-terastallize|p1a: Ronaldo|Fairy
|move|p1a: Ronaldo|Nasty Plot|p1a: Ronaldo
|-boost|p1a: Ronaldo|spa|2
|
|upkeep
|
|t:|1743876328
|switch|p2a: Rillaboom|Rillaboom, F|100/100
|-damage|p2a: Rillaboom|88/100|[from] Stealth Rock
|-fieldstart|move: Grassy Terrain|[from] ability: Grassy Surge|[of] p2a: Rillaboom
|turn|17
|
|t:|1743876335
|-terastallize|p2a: Rillaboom|Grass
|move|p2a: Rillaboom|Wood Hammer|p1a: Ronaldo
|-damage|p1a: Ronaldo|0 fnt
|faint|p1a: Ronaldo
|-damage|p2a: Rillaboom|55/100|[from] Recoil
|
|-heal|p2a: Rillaboom|61/100|[from] Grassy Terrain
|upkeep
|
|t:|1743876348
|switch|p1a: Jalebi|Dachsbun, M|100/100
|-damage|p1a: Jalebi|88/100|[from] Spikes
|turn|18
|
|t:|1743876352
|move|p2a: Rillaboom|Wood Hammer|p1a: Jalebi
|-damage|p1a: Jalebi|0 fnt
|-damage|p2a: Rillaboom|44/100|[from] item: Rocky Helmet|[of] p1a: Jalebi
|faint|p1a: Jalebi
|-damage|p2a: Rillaboom|18/100|[from] Recoil
|
|-heal|p2a: Rillaboom|24/100|[from] Grassy Terrain
|upkeep
|
|t:|1743876366
|switch|p1a: Sprinkles|Zapdos|70/100
|turn|19
|
|t:|1743876375
|switch|p2a: Gastrodon|Gastrodon, M|62/100
|move|p1a: Sprinkles|Heat Wave|p2a: Gastrodon
|-resisted|p2a: Gastrodon
|-damage|p2a: Gastrodon|50/100
|-status|p2a: Gastrodon|brn
|
|-heal|p1a: Sprinkles|76/100|[from] item: Leftovers
|-heal|p2a: Gastrodon|57/100 brn|[from] Grassy Terrain
|-damage|p2a: Gastrodon|50/100 brn|[from] brn
|upkeep
|turn|20
|
|t:|1743876387
|move|p1a: Sprinkles|U-turn|p2a: Gastrodon
|-damage|p2a: Gastrodon|36/100 brn
|
|t:|1743876389
|switch|p1a: Mbappé|Cinderace, M|88/100 brn|[from] U-turn
|move|p2a: Gastrodon|Ice Beam|p1a: Mbappé
|-resisted|p1a: Mbappé
|-damage|p1a: Mbappé|76/100 brn
|
|-heal|p1a: Mbappé|82/100 brn|[from] Grassy Terrain
|-heal|p2a: Gastrodon|42/100 brn|[from] Grassy Terrain
|-damage|p1a: Mbappé|76/100 brn|[from] brn
|-damage|p2a: Gastrodon|36/100 brn|[from] brn
|upkeep
|turn|21
|
|t:|1743876397
|move|p1a: Mbappé|Iron Head|p2a: Gastrodon
|-start|p1a: Mbappé|typechange|Steel|[from] ability: Libero
|-resisted|p2a: Gastrodon
|-damage|p2a: Gastrodon|28/100 brn
|move|p2a: Gastrodon|Recover|p2a: Gastrodon
|-heal|p2a: Gastrodon|78/100 brn
|
|-heal|p1a: Mbappé|82/100 brn|[from] Grassy Terrain
|-heal|p2a: Gastrodon|84/100 brn|[from] Grassy Terrain
|-damage|p1a: Mbappé|76/100 brn|[from] brn
|-damage|p2a: Gastrodon|78/100 brn|[from] brn
|-fieldend|move: Grassy Terrain
|upkeep
|turn|22
|
|t:|1743876410
|move|p1a: Mbappé|U-turn|p2a: Gastrodon
|-damage|p2a: Gastrodon|68/100 brn
|
|t:|1743876412
|switch|p1a: Sprinkles|Zapdos|76/100|[from] U-turn
|move|p2a: Gastrodon|Ice Beam|p1a: Sprinkles
|-supereffective|p1a: Sprinkles
|-damage|p1a: Sprinkles|40/100
|
|-heal|p1a: Sprinkles|46/100|[from] item: Leftovers
|-damage|p2a: Gastrodon|62/100 brn|[from] brn
|upkeep
|turn|23
|
|t:|1743876421
|move|p1a: Sprinkles|Roost|p1a: Sprinkles
|-heal|p1a: Sprinkles|96/100
|-singleturn|p1a: Sprinkles|move: Roost
|move|p2a: Gastrodon|Recover|p2a: Gastrodon
|-heal|p2a: Gastrodon|100/100 brn
|
|-heal|p1a: Sprinkles|100/100|[from] item: Leftovers
|-damage|p2a: Gastrodon|94/100 brn|[from] brn
|upkeep
|turn|24
|
|t:|1743876426
|switch|p1a: Mbappé|Cinderace, M|76/100 brn
|move|p2a: Gastrodon|Sludge Bomb|p1a: Mbappé
|-damage|p1a: Mbappé|51/100 brn
|
|-damage|p1a: Mbappé|45/100 brn|[from] brn
|-damage|p2a: Gastrodon|88/100 brn|[from] brn
|upkeep
|turn|25
|
|t:|1743876432
|move|p1a: Mbappé|Iron Head|p2a: Gastrodon
|-start|p1a: Mbappé|typechange|Steel|[from] ability: Libero
|-resisted|p2a: Gastrodon
|-damage|p2a: Gastrodon|79/100 brn
|cant|p2a: Gastrodon|flinch
|
|-damage|p1a: Mbappé|39/100 brn|[from] brn
|-damage|p2a: Gastrodon|73/100 brn|[from] brn
|upkeep
|turn|26
|
|t:|1743876435
|switch|p1a: Laura|Meowscarada, F|8/100
|-damage|p1a: Laura|0 fnt|[from] Spikes
|faint|p1a: Laura
|move|p2a: Gastrodon|Recover|p2a: Gastrodon
|-heal|p2a: Gastrodon|100/100 brn
|
|-damage|p2a: Gastrodon|94/100 brn|[from] brn
|upkeep
|-message|Bronzong72 forfeited.
|
|win|Havestol
|raw|Bronzong72's rating: 1361 &rarr; <strong>1341</strong><br />(-20 for losing)
|raw|Havestol's rating: 1367 &rarr; <strong>1387</strong><br />(+20 for winning)
|l|☆Bronzong72
|player|p1|
