|j|☆Hakase42
|j|☆LT02
|t:|1743918631
|gametype|singles
|player|p1|Hakase42|youngster-gen4dp|1119
|player|p2|LT02|101|1170
|teamsize|p1|6
|teamsize|p2|6
|gen|9
|tier|[Gen 9] OU
|rated|
|rule|HP Percentage Mod: HP is shown in percentages
|rule|Endless Battle Clause: Forcing endless battles is banned
|rule|Species Clause: Limit one of each Pokémon
|rule|OHKO Clause: OHKO moves are banned
|rule|Evasion Items Clause: Evasion items are banned
|rule|Evasion Moves Clause: Evasion moves are banned
|rule|Sleep Moves Clause: Sleep-inducing moves are banned
|clearpoke
|poke|p1|Swanna, F|
|poke|p1|Victreebel, M|
|poke|p1|Toedscruel, F|
|poke|p1|Cinderace, M|
|poke|p1|Meganium, M|
|poke|p1|Luxray, F|
|poke|p2|Samurott-Hisui, M|
|poke|p2|Walking Wake|
|poke|p2|Meowscarada, M|
|poke|p2|Slowking-Galar, M|
|poke|p2|Great Tusk|
|poke|p2|Landorus-Therian, M|
|teampreview
|inactive|Battle timer is ON: inactive players will automatically lose when time's up. (requested by LT02)
|
|t:|1743918647
|start
|switch|p1a: sup'|Toedscruel, F|100/100
|switch|p2a: Meowscarada|Meowscarada, M|100/100
|turn|1
|
|t:|1743918658
|move|p2a: Meowscarada|U-turn|p1a: sup'
|-start|p2a: Meowscarada|typechange|Bug|[from] ability: Protean
|-supereffective|p1a: sup'
|-damage|p1a: sup'|0 fnt
|faint|p1a: sup'
|
|t:|1743918667
|switch|p2a: Walking Wake|Walking Wake|100/100|[from] U-turn
|
|upkeep
|
|t:|1743918670
|switch|p1a: blow...|Victreebel, M|100/100
|turn|2
|
|t:|1743918674
|move|p2a: Walking Wake|Draco Meteor|p1a: blow...|[miss]
|-miss|p2a: Walking Wake|p1a: blow...
|move|p1a: blow...|Toxic|p2a: Walking Wake
|-status|p2a: Walking Wake|tox
|
|-damage|p2a: Walking Wake|94/100 tox|[from] psn
|upkeep
|turn|3
|
|t:|1743918683
|move|p2a: Walking Wake|Draco Meteor|p1a: blow...
|-crit|p1a: blow...
|-damage|p1a: blow...|0 fnt
|-unboost|p2a: Walking Wake|spa|2
|faint|p1a: blow...
|
|-damage|p2a: Walking Wake|82/100 tox|[from] psn
|upkeep
|
|t:|1743918694
|switch|p1a: FAIRY NOW|Meganium, M|100/100
|turn|4
|
|t:|1743918705
|move|p2a: Walking Wake|Flip Turn|p1a: FAIRY NOW
|-resisted|p1a: FAIRY NOW
|-damage|p1a: FAIRY NOW|90/100
|
|t:|1743918707
|-end|p2a: Walking Wake|Protosynthesis|[silent]
|switch|p2a: Meowscarada|Meowscarada, M|100/100|[from] Flip Turn
|move|p1a: FAIRY NOW|Sunny Day|p1a: FAIRY NOW
|-weather|SunnyDay
|
|-weather|SunnyDay|[upkeep]
|upkeep
|turn|5
|
|t:|1743918722
|-terastallize|p1a: FAIRY NOW|Fire
|move|p2a: Meowscarada|Triple Axel|p1a: FAIRY NOW
|-start|p2a: Meowscarada|typechange|Ice|[from] ability: Protean
|-resisted|p1a: FAIRY NOW
|-crit|p1a: FAIRY NOW
|-damage|p1a: FAIRY NOW|76/100
|-resisted|p1a: FAIRY NOW
|-crit|p1a: FAIRY NOW
|-damage|p1a: FAIRY NOW|52/100
|-resisted|p1a: FAIRY NOW
|-damage|p1a: FAIRY NOW|23/100
|-hitcount|p1a: FAIRY NOW|3
|move|p1a: FAIRY NOW|Weather Ball|p2a: Meowscarada
|-supereffective|p2a: Meowscarada
|-damage|p2a: Meowscarada|0 fnt
|faint|p2a: Meowscarada
|
|-weather|SunnyDay|[upkeep]
|upkeep
|
|t:|1743918728
|switch|p2a: Samurott|Samurott-Hisui, M|100/100
|turn|6
|
|t:|1743918743
|move|p1a: FAIRY NOW|Solar Beam||[still]
|-prepare|p1a: FAIRY NOW|Solar Beam
|-anim|p1a: FAIRY NOW|Solar Beam|p2a: Samurott
|-supereffective|p2a: Samurott
|-damage|p2a: Samurott|0 fnt
|faint|p2a: Samurott
|
|-weather|SunnyDay|[upkeep]
|upkeep
|
|t:|1743918759
|switch|p2a: Landorus|Landorus-Therian, M|100/100
|-ability|p2a: Landorus|Intimidate|boost
|-unboost|p1a: FAIRY NOW|atk|1
|turn|7
|
|t:|1743918768
|move|p2a: Landorus|Earthquake|p1a: FAIRY NOW
|-supereffective|p1a: FAIRY NOW
|-damage|p1a: FAIRY NOW|0 fnt
|faint|p1a: FAIRY NOW
|
|-weather|SunnyDay|[upkeep]
|upkeep
|
|t:|1743918777
|switch|p1a: court. yea.|Cinderace, M, shiny|100/100
|turn|8
|
|t:|1743918784
|switch|p2a: Great Tusk|Great Tusk|100/100
|-activate|p2a: Great Tusk|ability: Protosynthesis
|-start|p2a: Great Tusk|protosynthesisatk
|move|p1a: court. yea.|U-turn|p2a: Great Tusk
|-start|p1a: court. yea.|typechange|Bug|[from] ability: Libero
|-resisted|p2a: Great Tusk
|-damage|p2a: Great Tusk|88/100
|-damage|p1a: court. yea.|84/100|[from] item: Rocky Helmet|[of] p2a: Great Tusk
|
|t:|1743918801
|switch|p1a: rawr|Luxray, F|100/100|[from] U-turn
|-ability|p1a: rawr|Intimidate|boost
|-unboost|p2a: Great Tusk|atk|1
|
|-weather|SunnyDay|[upkeep]
|upkeep
|turn|9
|
|t:|1743918812
|move|p2a: Great Tusk|Headlong Rush|p1a: rawr
|-supereffective|p1a: rawr
|-enditem|p1a: rawr|Focus Sash
|-damage|p1a: rawr|1/100
|-unboost|p2a: Great Tusk|def|1
|-unboost|p2a: Great Tusk|spd|1
|move|p1a: rawr|Play Rough|p2a: Great Tusk
|-supereffective|p2a: Great Tusk
|-damage|p2a: Great Tusk|27/100
|-unboost|p2a: Great Tusk|atk|1
|-damage|p1a: rawr|0 fnt|[from] item: Rocky Helmet|[of] p2a: Great Tusk
|faint|p1a: rawr
|
|-weather|SunnyDay|[upkeep]
|upkeep
|
|t:|1743918825
|switch|p1a: bird up|Swanna, F|100/100
|turn|10
|
|t:|1743918827
|move|p1a: bird up|Aqua Jet|p2a: Great Tusk
|-supereffective|p2a: Great Tusk
|-damage|p2a: Great Tusk|11/100
|-damage|p1a: bird up|84/100|[from] item: Rocky Helmet|[of] p2a: Great Tusk
|move|p2a: Great Tusk|Knock Off|p1a: bird up
|-damage|p1a: bird up|47/100
|-enditem|p1a: bird up|Wacan Berry|[from] move: Knock Off|[of] p2a: Great Tusk
|
|-weather|SunnyDay|[upkeep]
|upkeep
|turn|11
|
|t:|1743918836
|-end|p2a: Great Tusk|Protosynthesis|[silent]
|switch|p2a: Walking Wake|Walking Wake|82/100 tox
|-activate|p2a: Walking Wake|ability: Protosynthesis
|-start|p2a: Walking Wake|protosynthesisspe
|move|p1a: bird up|Aqua Jet|p2a: Walking Wake
|-resisted|p2a: Walking Wake
|-damage|p2a: Walking Wake|80/100 tox
|
|-weather|none
|-end|p2a: Walking Wake|Protosynthesis
|-damage|p2a: Walking Wake|74/100 tox|[from] psn
|upkeep
|turn|12
|
|t:|1743918841
|move|p2a: Walking Wake|Draco Meteor|p1a: bird up
|-damage|p1a: bird up|0 fnt
|-unboost|p2a: Walking Wake|spa|2
|faint|p1a: bird up
|
|-damage|p2a: Walking Wake|61/100 tox|[from] psn
|upkeep
|
|t:|1743918847
|switch|p1a: court. yea.|Cinderace, M, shiny|84/100
|turn|13
|
|t:|1743918854
|-terastallize|p2a: Walking Wake|Water
|move|p1a: court. yea.|U-turn|p2a: Walking Wake
|-start|p1a: court. yea.|typechange|Bug|[from] ability: Libero
|-damage|p2a: Walking Wake|26/100 tox
|move|p2a: Walking Wake|Scald|p1a: court. yea.
|-damage|p1a: court. yea.|49/100
|
|-damage|p2a: Walking Wake|8/100 tox|[from] psn
|upkeep
|turn|14
|
|t:|1743918864
|-end|p2a: Walking Wake|Protosynthesis|[silent]
|switch|p2a: Great Tusk|Great Tusk|11/100
|move|p1a: court. yea.|U-turn|p2a: Great Tusk
|-resisted|p2a: Great Tusk
|-damage|p2a: Great Tusk|0 fnt
|-damage|p1a: court. yea.|33/100|[from] item: Rocky Helmet|[of] p2a: Great Tusk
|faint|p2a: Great Tusk
|-end|p2a: Great Tusk|Protosynthesis|[silent]
|
|upkeep
|
|t:|1743918866
|switch|p2a: Landorus|Landorus-Therian, M|100/100
|-ability|p2a: Landorus|Intimidate|boost
|-unboost|p1a: court. yea.|atk|1
|turn|15
|
|t:|1743918874
|move|p1a: court. yea.|Will-O-Wisp|p2a: Landorus
|-status|p2a: Landorus|brn
|move|p2a: Landorus|U-turn|p1a: court. yea.
|-crit|p1a: court. yea.
|-damage|p1a: court. yea.|10/100
|
|t:|1743918877
|switch|p2a: Slowking|Slowking-Galar, M|100/100|[from] U-turn
|
|upkeep
|turn|16
|
|t:|1743918883
|move|p1a: court. yea.|Will-O-Wisp|p2a: Slowking
|-status|p2a: Slowking|brn
|move|p2a: Slowking|Sludge Bomb|p1a: court. yea.
|-damage|p1a: court. yea.|0 fnt
|faint|p1a: court. yea.
|
|win|LT02
|raw|Hakase42's rating: 1119 &rarr; <strong>1098</strong><br />(-21 for losing)
|raw|LT02's rating: 1170 &rarr; <strong>1191</strong><br />(+21 for winning)
|l|☆LT02
|player|p2|
|l|☆Hakase42
|player|p1|
