|j|☆clausura
|j|☆Lug1aboi64
|t:|1743871392
|gametype|singles
|player|p1|clausura|cynthia-gen4|1164
|player|p2|Lug1aboi64|265|1196
|teamsize|p1|6
|teamsize|p2|6
|gen|9
|tier|[Gen 9] OU
|rated|
|rule|HP Percentage Mod: HP is shown in percentages
|rule|Endless Battle Clause: Forcing endless battles is banned
|rule|Species Clause: Limit one of each Pokémon
|rule|OHKO Clause: OHKO moves are banned
|rule|Evasion Items Clause: Evasion items are banned
|rule|Evasion Moves Clause: Evasion moves are banned
|rule|Sleep Moves Clause: Sleep-inducing moves are banned
|clearpoke
|poke|p1|Ogerpon-Wellspring, F|
|poke|p1|Raging Bolt|
|poke|p1|Slowking-Galar, F|
|poke|p1|Moltres|
|poke|p1|Great Tusk|
|poke|p1|Kingambit, F|
|poke|p2|Latias, F|
|poke|p2|Kingambit, M|
|poke|p2|Weavile, M|
|poke|p2|Iron Valiant|
|poke|p2|Samurott-Hisui, M|
|poke|p2|Ninetales-Alola, F|
|teampreview
|c|☆Lug1aboi64|Glhf
|c|☆clausura|u2
|c|☆Lug1aboi64|Thank you
|inactive|Battle timer is ON: inactive players will automatically lose when time's up. (requested by Lug1aboi64)
|
|t:|1743871443
|start
|switch|p1a: Kingambit|Kingambit, F, shiny|100/100
|switch|p2a: Sixtyninetales|Ninetales-Alola, F|100/100
|-weather|Snowscape|[from] ability: Snow Warning|[of] p2a: Sixtyninetales
|turn|1
|
|t:|1743871449
|-terastallize|p2a: Sixtyninetales|Water
|move|p2a: Sixtyninetales|Aurora Veil|p2a: Sixtyninetales
|-sidestart|p2: Lug1aboi64|move: Aurora Veil
|move|p1a: Kingambit|Iron Head|p2a: Sixtyninetales
|-resisted|p2a: Sixtyninetales
|-damage|p2a: Sixtyninetales|87/100
|
|-weather|Snowscape|[upkeep]
|upkeep
|turn|2
|
|t:|1743871455
|switch|p2a: Forfeit now|Latias, F, shiny|100/100
|move|p1a: Kingambit|Kowtow Cleave|p2a: Forfeit now
|-supereffective|p2a: Forfeit now
|-damage|p2a: Forfeit now|63/100
|-enditem|p2a: Forfeit now|Weakness Policy
|-boost|p2a: Forfeit now|atk|2|[from] item: Weakness Policy
|-boost|p2a: Forfeit now|spa|2|[from] item: Weakness Policy
|
|-weather|Snowscape|[upkeep]
|upkeep
|turn|3
|
|t:|1743871460
|-terastallize|p1a: Kingambit|Fairy
|move|p2a: Forfeit now|Aura Sphere|p1a: Kingambit
|-resisted|p1a: Kingambit
|-damage|p1a: Kingambit|80/100
|move|p1a: Kingambit|Swords Dance|p1a: Kingambit
|-boost|p1a: Kingambit|atk|2
|
|-weather|Snowscape|[upkeep]
|-heal|p1a: Kingambit|86/100|[from] item: Leftovers
|upkeep
|turn|4
|
|t:|1743871465
|move|p1a: Kingambit|Sucker Punch|p2a: Forfeit now
|-supereffective|p2a: Forfeit now
|-damage|p2a: Forfeit now|0 fnt
|faint|p2a: Forfeit now
|
|-weather|Snowscape|[upkeep]
|-heal|p1a: Kingambit|92/100|[from] item: Leftovers
|upkeep
|
|t:|1743871473
|switch|p2a: お前はもう死んでいる|Kingambit, M|100/100
|-activate|p2a: お前はもう死んでいる|ability: Supreme Overlord
|-start|p2a: お前はもう死んでいる|fallen1|[silent]
|turn|5
|
|t:|1743871479
|-end|p1a: Kingambit|fallenundefined|[silent]
|switch|p1a: Moltres|Moltres|100/100
|move|p2a: お前はもう死んでいる|Iron Head|p1a: Moltres
|-resisted|p1a: Moltres
|-damage|p1a: Moltres|79/100
|
|-weather|none
|upkeep
|turn|6
|
|t:|1743871482
|-end|p2a: お前はもう死んでいる|fallen1|[silent]
|switch|p2a: Random Edgelord|Samurott-Hisui, M|100/100
|move|p1a: Moltres|U-turn|p2a: Random Edgelord
|-supereffective|p2a: Random Edgelord
|-damage|p2a: Random Edgelord|81/100
|
|t:|1743871485
|switch|p1a: Ogerpon|Ogerpon-Wellspring, F|100/100|[from] U-turn
|
|upkeep
|turn|7
|
|t:|1743871506
|move|p1a: Ogerpon|Swords Dance|p1a: Ogerpon
|-boost|p1a: Ogerpon|atk|2
|move|p2a: Random Edgelord|Taunt|p1a: Ogerpon
|-start|p1a: Ogerpon|move: Taunt
|
|upkeep
|turn|8
|
|t:|1743871512
|move|p1a: Ogerpon|Horn Leech|p2a: Random Edgelord
|-supereffective|p2a: Random Edgelord
|-damage|p2a: Random Edgelord|0 fnt
|faint|p2a: Random Edgelord
|
|-sideend|p2: Lug1aboi64|move: Aurora Veil
|upkeep
|
|t:|1743871523
|switch|p2a: Chien-Pao at home|Weavile, M|100/100
|-ability|p2a: Chien-Pao at home|Pressure
|turn|9
|
|t:|1743871530
|move|p2a: Chien-Pao at home|Triple Axel|p1a: Ogerpon
|-damage|p1a: Ogerpon|89/100
|-damage|p1a: Ogerpon|61/100
|-hitcount|p1a: Ogerpon|2
|move|p1a: Ogerpon|Horn Leech|p2a: Chien-Pao at home
|-crit|p2a: Chien-Pao at home
|-damage|p2a: Chien-Pao at home|0 fnt
|-heal|p1a: Ogerpon|100/100|[from] drain|[of] p2a: Chien-Pao at home
|faint|p2a: Chien-Pao at home
|
|upkeep
|-message|Lug1aboi64 forfeited.
|
|win|clausura
|raw|clausura's rating: 1164 &rarr; <strong>1191</strong><br />(+27 for winning)
|raw|Lug1aboi64's rating: 1196 &rarr; <strong>1169</strong><br />(-27 for losing)
|l|☆Lug1aboi64
|player|p2|
