|j|☆shinygz
|j|☆Johnathan Parker
|t:|1743937419
|gametype|singles
|player|p1|shinygz|pilot|1296
|player|p2|Johnathan Parker|giovanni|1292
|teamsize|p1|6
|teamsize|p2|6
|gen|9
|tier|[Gen 9] OU
|rated|
|rule|HP Percentage Mod: HP is shown in percentages
|rule|Endless Battle Clause: Forcing endless battles is banned
|rule|Species Clause: Limit one of each Pokémon
|rule|OHKO Clause: OHKO moves are banned
|rule|Evasion Items Clause: Evasion items are banned
|rule|Evasion Moves Clause: Evasion moves are banned
|rule|Sleep Moves Clause: Sleep-inducing moves are banned
|clearpoke
|poke|p1|Pelipper, F|
|poke|p1|Barraskewda, M|
|poke|p1|Iron Treads|
|poke|p1|Raging Bolt|
|poke|p1|Scizor, M|
|poke|p1|Landorus-Therian, M|
|poke|p2|Vivillon-Pokeball, M|
|poke|p2|Blaziken, M|
|poke|p2|Rillaboom, M|
|poke|p2|Dragapult, F|
|poke|p2|Corviknight, F|
|poke|p2|Jolteon, F|
|teampreview
|inactive|Battle timer is ON: inactive players will automatically lose when time's up. (requested by shinygz)
|inactive|Johnathan Parker also wants the timer to be on.
|inactive|Johnathan Parker has 120 seconds left.
|
|t:|1743937460
|start
|switch|p1a: Pelipper|Pelipper, F, shiny|100/100
|switch|p2a: Jolteon|Jolteon, F|100/100
|-weather|RainDance|[from] ability: Drizzle|[of] p1a: Pelipper
|turn|1
|
|t:|1743937471
|switch|p1a: Iron Treads|Iron Treads|100/100
|move|p2a: Jolteon|Shadow Ball|p1a: Iron Treads
|-crit|p1a: Iron Treads
|-damage|p1a: Iron Treads|25/100
|
|-weather|RainDance|[upkeep]
|-heal|p1a: Iron Treads|31/100|[from] item: Leftovers
|upkeep
|turn|2
|
|t:|1743937495
|-end|p1a: Iron Treads|Quark Drive|[silent]
|switch|p1a: Scizor|Scizor, M, shiny|100/100
|move|p2a: Jolteon|Shadow Ball|p1a: Scizor
|-damage|p1a: Scizor|56/100
|
|-weather|RainDance|[upkeep]
|upkeep
|turn|3
|
|t:|1743937508
|switch|p2a: Corviknight|Corviknight, F|100/100
|move|p1a: Scizor|U-turn|p2a: Corviknight
|-resisted|p2a: Corviknight
|-damage|p2a: Corviknight|89/100
|-damage|p1a: Scizor|39/100|[from] item: Rocky Helmet|[of] p2a: Corviknight
|
|t:|1743937514
|switch|p1a: Barraskewda|Barraskewda, M, shiny|100/100|[from] U-turn
|
|-weather|RainDance|[upkeep]
|upkeep
|turn|4
|
|t:|1743937522
|switch|p2a: Rillaboom|Rillaboom, M|100/100
|-fieldstart|move: Grassy Terrain|[from] ability: Grassy Surge|[of] p2a: Rillaboom
|move|p1a: Barraskewda|Liquidation|p2a: Rillaboom
|-resisted|p2a: Rillaboom
|-damage|p2a: Rillaboom|53/100
|
|-weather|RainDance|[upkeep]
|-heal|p2a: Rillaboom|59/100|[from] Grassy Terrain
|upkeep
|turn|5
|
|t:|1743937536
|switch|p1a: Landorus|Landorus-Therian, M|100/100
|-ability|p1a: Landorus|Intimidate|boost
|-unboost|p2a: Rillaboom|atk|1
|move|p2a: Rillaboom|Grassy Glide|p1a: Landorus
|-crit|p1a: Landorus
|-damage|p1a: Landorus|41/100
|
|-weather|RainDance|[upkeep]
|-heal|p2a: Rillaboom|65/100|[from] Grassy Terrain
|upkeep
|turn|6
|
|t:|1743937547
|switch|p1a: Scizor|Scizor, M, shiny|39/100
|move|p2a: Rillaboom|Grassy Glide|p1a: Scizor
|-resisted|p1a: Scizor
|-damage|p1a: Scizor|33/100
|
|-weather|RainDance|[upkeep]
|-heal|p2a: Rillaboom|71/100|[from] Grassy Terrain
|-heal|p1a: Scizor|39/100|[from] Grassy Terrain
|upkeep
|turn|7
|
|t:|1743937561
|move|p2a: Rillaboom|High Horsepower|p1a: Scizor
|-damage|p1a: Scizor|17/100
|move|p1a: Scizor|Close Combat|p2a: Rillaboom
|-damage|p2a: Rillaboom|9/100
|-unboost|p1a: Scizor|def|1
|-unboost|p1a: Scizor|spd|1
|
|-weather|RainDance|[upkeep]
|-heal|p2a: Rillaboom|15/100|[from] Grassy Terrain
|-heal|p1a: Scizor|23/100|[from] Grassy Terrain
|upkeep
|turn|8
|
|t:|1743937570
|switch|p1a: Landorus|Landorus-Therian, M|41/100
|-ability|p1a: Landorus|Intimidate|boost
|-unboost|p2a: Rillaboom|atk|1
|move|p2a: Rillaboom|High Horsepower|p1a: Landorus
|-immune|p1a: Landorus
|
|-weather|none
|-heal|p2a: Rillaboom|21/100|[from] Grassy Terrain
|-fieldend|move: Grassy Terrain
|upkeep
|turn|9
|
|t:|1743937577
|switch|p2a: Corviknight|Corviknight, F|89/100
|move|p1a: Landorus|Stealth Rock|p2a: Corviknight
|-sidestart|p2: Johnathan Parker|move: Stealth Rock
|
|upkeep
|turn|10
|
|t:|1743937585
|switch|p1a: Raging Bolt|Raging Bolt|100/100
|move|p2a: Corviknight|Defog|p1a: Raging Bolt
|-unboost|p1a: Raging Bolt|evasion|1
|-sideend|p2: Johnathan Parker|Stealth Rock|[from] move: Defog|[of] p2a: Corviknight
|
|upkeep
|turn|11
|
|t:|1743937592
|switch|p2a: Jolteon|Jolteon, F|100/100
|move|p1a: Raging Bolt|Volt Switch|p2a: Jolteon
|-immune|p2a: Jolteon|[from] ability: Volt Absorb
|
|upkeep
|turn|12
|
|t:|1743937599
|move|p2a: Jolteon|Alluring Voice|p1a: Raging Bolt
|-supereffective|p1a: Raging Bolt
|-damage|p1a: Raging Bolt|33/100
|move|p1a: Raging Bolt|Dragon Pulse|p2a: Jolteon
|-damage|p2a: Jolteon|34/100
|
|upkeep
|turn|13
|
|t:|1743937612
|-end|p1a: Raging Bolt|Protosynthesis|[silent]
|switch|p1a: Pelipper|Pelipper, F, shiny|100/100
|-weather|RainDance|[from] ability: Drizzle|[of] p1a: Pelipper
|move|p2a: Jolteon|Alluring Voice|p1a: Pelipper
|-damage|p1a: Pelipper|51/100
|
|-weather|RainDance|[upkeep]
|upkeep
|turn|14
|
|t:|1743937628
|switch|p2a: Corviknight|Corviknight, F|89/100
|switch|p1a: Iron Treads|Iron Treads|31/100
|
|-weather|RainDance|[upkeep]
|-heal|p1a: Iron Treads|37/100|[from] item: Leftovers
|upkeep
|turn|15
|
|t:|1743937636
|move|p1a: Iron Treads|Stealth Rock|p2a: Corviknight
|-sidestart|p2: Johnathan Parker|move: Stealth Rock
|move|p2a: Corviknight|Body Press|p1a: Iron Treads
|-supereffective|p1a: Iron Treads
|-damage|p1a: Iron Treads|0 fnt
|faint|p1a: Iron Treads
|-end|p1a: Iron Treads|Quark Drive|[silent]
|
|-weather|RainDance|[upkeep]
|upkeep
|
|t:|1743937642
|switch|p1a: Raging Bolt|Raging Bolt|33/100
|turn|16
|
|t:|1743937653
|move|p1a: Raging Bolt|Thunderclap||[still]
|-fail|p1a: Raging Bolt
|move|p2a: Corviknight|Defog|p1a: Raging Bolt
|-unboost|p1a: Raging Bolt|evasion|1
|-sideend|p2: Johnathan Parker|Stealth Rock|[from] move: Defog|[of] p2a: Corviknight
|
|-weather|RainDance|[upkeep]
|upkeep
|turn|17
|
|t:|1743937664
|switch|p2a: Rillaboom|Rillaboom, M|21/100
|-fieldstart|move: Grassy Terrain|[from] ability: Grassy Surge|[of] p2a: Rillaboom
|move|p1a: Raging Bolt|Thunderclap||[still]
|-fail|p1a: Raging Bolt
|
|-weather|RainDance|[upkeep]
|-heal|p1a: Raging Bolt|39/100|[from] Grassy Terrain
|-heal|p2a: Rillaboom|27/100|[from] Grassy Terrain
|upkeep
|turn|18
|
|t:|1743937670
|move|p2a: Rillaboom|Grassy Glide|p1a: Raging Bolt
|-resisted|p1a: Raging Bolt
|-damage|p1a: Raging Bolt|21/100
|move|p1a: Raging Bolt|Dragon Pulse|p2a: Rillaboom
|-damage|p2a: Rillaboom|0 fnt
|faint|p2a: Rillaboom
|
|-weather|RainDance|[upkeep]
|-heal|p1a: Raging Bolt|27/100|[from] Grassy Terrain
|upkeep
|
|t:|1743937681
|switch|p2a: Jolteon|Jolteon, F|34/100
|turn|19
|
|t:|1743937689
|-end|p1a: Raging Bolt|Protosynthesis|[silent]
|switch|p1a: Scizor|Scizor, M, shiny|23/100
|move|p2a: Jolteon|Shadow Ball|p1a: Scizor
|-damage|p1a: Scizor|0 fnt
|faint|p1a: Scizor
|
|-weather|RainDance|[upkeep]
|-heal|p2a: Jolteon|40/100|[from] Grassy Terrain
|upkeep
|
|t:|1743937694
|switch|p1a: Barraskewda|Barraskewda, M, shiny|100/100
|turn|20
|
|t:|1743937707
|switch|p2a: Corviknight|Corviknight, F|89/100
|move|p1a: Barraskewda|Flip Turn|p2a: Corviknight
|-damage|p2a: Corviknight|39/100
|-damage|p1a: Barraskewda|84/100|[from] item: Rocky Helmet|[of] p2a: Corviknight
|
|t:|1743937715
|switch|p1a: Raging Bolt|Raging Bolt|27/100|[from] Flip Turn
|
|-weather|none
|-heal|p1a: Raging Bolt|33/100|[from] Grassy Terrain
|upkeep
|turn|21
|
|t:|1743937724
|move|p1a: Raging Bolt|Taunt|p2a: Corviknight
|-start|p2a: Corviknight|move: Taunt
|move|p2a: Corviknight|Body Press|p1a: Raging Bolt
|-damage|p1a: Raging Bolt|9/100
|
|-heal|p1a: Raging Bolt|16/100|[from] Grassy Terrain
|-fieldend|move: Grassy Terrain
|upkeep
|turn|22
|
|t:|1743937740
|move|p1a: Raging Bolt|Thunderclap|p2a: Corviknight
|-supereffective|p2a: Corviknight
|-damage|p2a: Corviknight|0 fnt
|faint|p2a: Corviknight
|
|upkeep
|
|t:|1743937745
|switch|p2a: Jolteon|Jolteon, F|40/100
|turn|23
|
|t:|1743937748
|move|p2a: Jolteon|Shadow Ball|p1a: Raging Bolt
|-damage|p1a: Raging Bolt|0 fnt
|faint|p1a: Raging Bolt
|-end|p1a: Raging Bolt|Protosynthesis|[silent]
|
|upkeep
|
|t:|1743937751
|switch|p1a: Pelipper|Pelipper, F, shiny|51/100
|-weather|RainDance|[from] ability: Drizzle|[of] p1a: Pelipper
|turn|24
|
|t:|1743937760
|switch|p1a: Landorus|Landorus-Therian, M|41/100
|-ability|p1a: Landorus|Intimidate|boost
|-unboost|p2a: Jolteon|atk|1
|move|p2a: Jolteon|Shadow Ball|p1a: Landorus
|-damage|p1a: Landorus|0 fnt
|faint|p1a: Landorus
|
|-weather|RainDance|[upkeep]
|upkeep
|
|t:|1743937763
|switch|p1a: Barraskewda|Barraskewda, M, shiny|84/100
|turn|25
|
|t:|1743937777
|switch|p2a: Dragapult|Dragapult, F|100/100
|move|p1a: Barraskewda|Liquidation|p2a: Dragapult
|-resisted|p2a: Dragapult
|-damage|p2a: Dragapult|27/100
|
|-weather|RainDance|[upkeep]
|upkeep
|turn|26
|
|t:|1743937787
|move|p2a: Dragapult|Sucker Punch|p1a: Barraskewda
|-damage|p1a: Barraskewda|40/100
|move|p1a: Barraskewda|Liquidation|p2a: Dragapult
|-resisted|p2a: Dragapult
|-damage|p2a: Dragapult|0 fnt
|faint|p2a: Dragapult
|
|-weather|RainDance|[upkeep]
|upkeep
|
|t:|1743937798
|switch|p2a: Vivillon|Vivillon-Pokeball, M|100/100
|turn|27
|
|t:|1743937805
|-terastallize|p1a: Barraskewda|Water
|move|p1a: Barraskewda|Liquidation|p2a: Vivillon
|-crit|p2a: Vivillon
|-enditem|p2a: Vivillon|Focus Sash
|-damage|p2a: Vivillon|1/100
|move|p2a: Vivillon|Giga Drain|p1a: Barraskewda
|-supereffective|p1a: Barraskewda
|-damage|p1a: Barraskewda|0 fnt
|-heal|p2a: Vivillon|18/100|[from] drain|[of] p1a: Barraskewda
|faint|p1a: Barraskewda
|
|-weather|RainDance|[upkeep]
|upkeep
|-message|shinygz forfeited.
|
|win|Johnathan Parker
|raw|shinygz's rating: 1296 &rarr; <strong>1271</strong><br />(-25 for losing)
|raw|Johnathan Parker's rating: 1292 &rarr; <strong>1317</strong><br />(+25 for winning)
|l|☆shinygz
|player|p1|
|l|☆Johnathan Parker
|player|p2|
|j|☆Johnathan Parker
|player|p2|Johnathan Parker|giovanni|
|l|☆Johnathan Parker
|player|p2|
