|j|☆Gehenna's gift
|j|☆Koto5blue
|t:|1743937515
|gametype|singles
|player|p1|Gehenna's gift|youngster-gen4dp|1574
|player|p2|Koto5blue|falkner|1492
|teamsize|p1|6
|teamsize|p2|6
|gen|9
|tier|[Gen 9] OU
|rated|
|rule|HP Percentage Mod: HP is shown in percentages
|rule|Endless Battle Clause: Forcing endless battles is banned
|rule|Species Clause: Limit one of each Pokémon
|rule|OHKO Clause: OHKO moves are banned
|rule|Evasion Items Clause: Evasion items are banned
|rule|Evasion Moves Clause: Evasion moves are banned
|rule|Sleep Moves Clause: Sleep-inducing moves are banned
|clearpoke
|poke|p1|Weavile, M|
|poke|p1|Cinderace, F|
|poke|p1|Zamazenta-*|
|poke|p1|Landorus-Therian, M|
|poke|p1|Zapdos|
|poke|p1|Slowking-Galar, L99, F|
|poke|p2|Empoleon, M|
|poke|p2|Corviknight, F|
|poke|p2|Great Tusk|
|poke|p2|Slowking-Galar, F|
|poke|p2|Meowscarada, M|
|poke|p2|Cinderace, M|
|teampreview
|inactive|Battle timer is ON: inactive players will automatically lose when time's up. (requested by Koto5blue)
|inactive|Gehenna's gift also wants the timer to be on.
|
|t:|1743937537
|start
|switch|p1a: Landorus|Landorus-Therian, M|100/100
|switch|p2a: Empoleon|Empoleon, M|100/100
|-ability|p1a: Landorus|Intimidate|boost
|-unboost|p2a: Empoleon|atk|1
|-ability|p2a: Empoleon|Competitive|boost
|-boost|p2a: Empoleon|spa|2
|turn|1
|
|t:|1743937546
|move|p1a: Landorus|Earthquake|p2a: Empoleon
|-supereffective|p2a: Empoleon
|-enditem|p2a: Empoleon|Shuca Berry|[eat]
|-enditem|p2a: Empoleon|Shuca Berry|[weaken]
|-damage|p2a: Empoleon|48/100
|move|p2a: Empoleon|Ice Beam|p1a: Landorus
|-supereffective|p1a: Landorus
|-damage|p1a: Landorus|0 fnt
|faint|p1a: Landorus
|
|upkeep
|
|t:|1743937550
|switch|p1a: Zapdos|Zapdos|100/100
|turn|2
|
|t:|1743937557
|switch|p2a: Slowking|Slowking-Galar, F|100/100
|move|p1a: Zapdos|Volt Switch|p2a: Slowking
|-damage|p2a: Slowking|81/100
|
|t:|1743937561
|switch|p1a: Weavile|Weavile, M|100/100|[from] Volt Switch
|-ability|p1a: Weavile|Pressure
|
|upkeep
|turn|3
|
|t:|1743937564
|switch|p2a: Empoleon|Empoleon, M|48/100
|move|p1a: Weavile|Knock Off|p2a: Empoleon
|-damage|p2a: Empoleon|16/100
|
|upkeep
|turn|4
|
|t:|1743937568
|move|p1a: Weavile|Knock Off|p2a: Empoleon
|-damage|p2a: Empoleon|0 fnt
|faint|p2a: Empoleon
|
|upkeep
|
|t:|1743937576
|switch|p2a: Cinderace|Cinderace, M|100/100
|turn|5
|
|t:|1743937582
|switch|p1a: Cinderace|Cinderace, F|100/100
|move|p2a: Cinderace|Pyro Ball|p1a: Cinderace
|-resisted|p1a: Cinderace
|-damage|p1a: Cinderace|59/100
|
|upkeep
|turn|6
|
|t:|1743937588
|switch|p2a: Great Tusk|Great Tusk|100/100
|move|p1a: Cinderace|Pyro Ball|p2a: Great Tusk
|-damage|p2a: Great Tusk|65/100
|-status|p2a: Great Tusk|brn
|
|-damage|p2a: Great Tusk|58/100 brn|[from] brn
|upkeep
|turn|7
|
|t:|1743937612
|switch|p1a: Zapdos|Zapdos|100/100
|move|p2a: Great Tusk|Stealth Rock|p1a: Zapdos
|-sidestart|p1: Gehenna's gift|move: Stealth Rock
|
|-damage|p2a: Great Tusk|52/100 brn|[from] brn
|upkeep
|turn|8
|
|t:|1743937616
|-end|p2a: Great Tusk|Protosynthesis|[silent]
|switch|p2a: Slowking|Slowking-Galar, F|100/100
|move|p1a: Zapdos|Hurricane|p2a: Slowking
|-crit|p2a: Slowking
|-damage|p2a: Slowking|61/100
|
|upkeep
|turn|9
|
|t:|1743937621
|move|p1a: Zapdos|Volt Switch|p2a: Slowking
|-damage|p2a: Slowking|43/100
|
|t:|1743937623
|switch|p1a: Slowking|Slowking-Galar, L99, F|100/100|[from] Volt Switch
|move|p2a: Slowking|Flamethrower|p1a: Slowking
|-crit|p1a: Slowking
|-damage|p1a: Slowking|73/100
|
|upkeep
|turn|10
|
|t:|1743937626
|switch|p2a: Great Tusk|Great Tusk|52/100 brn
|-prepare|p1a: Slowking|Chilly Reception|[premajor]
|move|p1a: Slowking|Chilly Reception|p1a: Slowking
|-weather|Snowscape
|
|t:|1743937632
|switch|p1a: Zapdos|Zapdos|100/100|[from] Chilly Reception
|
|-weather|Snowscape|[upkeep]
|-damage|p2a: Great Tusk|46/100 brn|[from] brn
|upkeep
|turn|11
|
|t:|1743937637
|move|p1a: Zapdos|Volt Switch|p2a: Great Tusk
|-immune|p2a: Great Tusk
|move|p2a: Great Tusk|Ice Spinner|p1a: Zapdos
|-supereffective|p1a: Zapdos
|-damage|p1a: Zapdos|68/100
|
|-weather|Snowscape|[upkeep]
|-damage|p2a: Great Tusk|40/100 brn|[from] brn
|upkeep
|turn|12
|
|t:|1743937640
|-end|p2a: Great Tusk|Protosynthesis|[silent]
|switch|p2a: Slowking|Slowking-Galar, F|76/100
|move|p1a: Zapdos|Weather Ball|p2a: Slowking
|-damage|p2a: Slowking|61/100
|
|-weather|Snowscape|[upkeep]
|upkeep
|turn|13
|
|t:|1743937647
|move|p1a: Zapdos|Volt Switch|p2a: Slowking
|-damage|p2a: Slowking|44/100
|
|t:|1743937649
|switch|p1a: Slowking|Slowking-Galar, L99, F|100/100|[from] Volt Switch
|move|p2a: Slowking|Sludge Bomb|p1a: Slowking
|-resisted|p1a: Slowking
|-damage|p1a: Slowking|87/100
|
|-weather|Snowscape|[upkeep]
|upkeep
|turn|14
|
|t:|1743937652
|switch|p2a: Great Tusk|Great Tusk|40/100 brn
|-prepare|p1a: Slowking|Chilly Reception|[premajor]
|move|p1a: Slowking|Chilly Reception|p1a: Slowking
|
|t:|1743937662
|switch|p1a: Weavile|Weavile, M|100/100|[from] Chilly Reception
|-ability|p1a: Weavile|Pressure
|
|-weather|none
|-damage|p2a: Great Tusk|34/100 brn|[from] brn
|upkeep
|turn|15
|
|t:|1743937670
|move|p1a: Weavile|Triple Axel|p2a: Great Tusk
|-supereffective|p2a: Great Tusk
|-damage|p2a: Great Tusk|19/100 brn
|-damage|p1a: Weavile|84/100|[from] item: Rocky Helmet|[of] p2a: Great Tusk
|-supereffective|p2a: Great Tusk
|-damage|p2a: Great Tusk|0 fnt
|-damage|p1a: Weavile|68/100|[from] item: Rocky Helmet|[of] p2a: Great Tusk
|faint|p2a: Great Tusk
|-end|p2a: Great Tusk|Protosynthesis|[silent]
|-hitcount|p2: Great Tusk|2
|
|upkeep
|
|t:|1743937675
|switch|p2a: Meowscarada|Meowscarada, M|100/100
|turn|16
|
|t:|1743937691
|switch|p1a: Zapdos|Zapdos|68/100
|move|p2a: Meowscarada|U-turn|p1a: Zapdos
|-start|p2a: Meowscarada|typechange|Bug|[from] ability: Protean
|-resisted|p1a: Zapdos
|-damage|p1a: Zapdos|48/100
|-status|p2a: Meowscarada|par|[from] ability: Static|[of] p1a: Zapdos
|
|t:|1743937694
|switch|p2a: Cinderace|Cinderace, M|100/100|[from] U-turn
|
|upkeep
|turn|17
|
|t:|1743937713
|-terastallize|p2a: Cinderace|Fire
|move|p2a: Cinderace|Pyro Ball|p1a: Zapdos
|-damage|p1a: Zapdos|0 fnt
|faint|p1a: Zapdos
|
|upkeep
|
|t:|1743937715
|switch|p1a: Zamazenta|Zamazenta|100/100
|-damage|p1a: Zamazenta|94/100|[from] Stealth Rock
|-ability|p1a: Zamazenta|Dauntless Shield|boost
|-boost|p1a: Zamazenta|def|1
|turn|18
|
|t:|1743937720
|switch|p2a: Slowking|Slowking-Galar, F|77/100
|move|p1a: Zamazenta|Iron Defense|p1a: Zamazenta
|-boost|p1a: Zamazenta|def|2
|
|-heal|p1a: Zamazenta|100/100|[from] item: Leftovers
|upkeep
|turn|19
|
|t:|1743937738
|switch|p1a: Slowking|Slowking-Galar, L99, F|100/100
|move|p2a: Slowking|Sludge Bomb|p1a: Slowking
|-resisted|p1a: Slowking
|-damage|p1a: Slowking|89/100
|
|upkeep
|turn|20
|
|t:|1743937749
|switch|p2a: Corviknight|Corviknight, F|100/100
|-ability|p2a: Corviknight|Pressure
|-prepare|p1a: Slowking|Chilly Reception|[premajor]
|move|p1a: Slowking|Chilly Reception|p1a: Slowking
|-weather|Snowscape
|
|t:|1743937755
|switch|p1a: Cinderace|Cinderace, F|59/100|[from] Chilly Reception
|
|-weather|Snowscape|[upkeep]
|upkeep
|turn|21
|
|t:|1743937759
|move|p1a: Cinderace|Court Change|p1a: Cinderace
|-swapsideconditions
|-activate|p1a: Cinderace|move: Court Change
|move|p2a: Corviknight|Iron Defense|p2a: Corviknight
|-boost|p2a: Corviknight|def|2
|
|-weather|Snowscape|[upkeep]
|upkeep
|turn|22
|inactive|Gehenna's gift has 120 seconds left.
|
|t:|1743937811
|move|p1a: Cinderace|Will-O-Wisp|p2a: Corviknight|[miss]
|-miss|p1a: Cinderace|p2a: Corviknight
|move|p2a: Corviknight|Body Press|p1a: Cinderace
|-damage|p1a: Cinderace|4/100
|
|-weather|Snowscape|[upkeep]
|upkeep
|turn|23
|
|t:|1743937818
|switch|p1a: Slowking|Slowking-Galar, L99, F|100/100
|move|p2a: Corviknight|U-turn|p1a: Slowking
|-damage|p1a: Slowking|86/100
|
|t:|1743937820
|switch|p2a: Cinderace|Cinderace, M, tera:Fire|100/100|[from] U-turn
|
|-weather|Snowscape|[upkeep]
|upkeep
|turn|24
|
|t:|1743937823
|-terastallize|p1a: Slowking|Water
|move|p2a: Cinderace|Pyro Ball|p1a: Slowking
|-resisted|p1a: Slowking
|-damage|p1a: Slowking|45/100
|move|p1a: Slowking|Thunder Wave|p2a: Cinderace
|-status|p2a: Cinderace|par
|
|-weather|none
|upkeep
|turn|25
|
|t:|1743937831
|move|p2a: Cinderace|Pyro Ball|p1a: Slowking
|-resisted|p1a: Slowking
|-crit|p1a: Slowking
|-damage|p1a: Slowking|0 fnt
|faint|p1a: Slowking
|
|upkeep
|
|t:|1743937834
|switch|p1a: Zamazenta|Zamazenta|100/100
|turn|26
|
|t:|1743937837
|switch|p2a: Corviknight|Corviknight, F|100/100
|-damage|p2a: Corviknight|88/100|[from] Stealth Rock
|-ability|p2a: Corviknight|Pressure
|move|p1a: Zamazenta|Body Press|p2a: Corviknight
|-damage|p2a: Corviknight|67/100
|-damage|p1a: Zamazenta|84/100|[from] item: Rocky Helmet|[of] p2a: Corviknight
|
|-heal|p1a: Zamazenta|90/100|[from] item: Leftovers
|upkeep
|turn|27
|
|t:|1743937842
|move|p1a: Zamazenta|Iron Defense|p1a: Zamazenta
|-boost|p1a: Zamazenta|def|2
|move|p2a: Corviknight|U-turn|p1a: Zamazenta
|-resisted|p1a: Zamazenta
|-damage|p1a: Zamazenta|88/100
|
|t:|1743937844
|switch|p2a: Slowking|Slowking-Galar, F|100/100|[from] U-turn
|-damage|p2a: Slowking|88/100|[from] Stealth Rock
|
|-heal|p1a: Zamazenta|94/100|[from] item: Leftovers
|upkeep
|turn|28
|
|t:|1743937847
|move|p1a: Zamazenta|Crunch|p2a: Slowking
|-supereffective|p2a: Slowking
|-damage|p2a: Slowking|47/100
|move|p2a: Slowking|Sludge Bomb|p1a: Zamazenta
|-damage|p1a: Zamazenta|58/100
|
|-heal|p1a: Zamazenta|64/100|[from] item: Leftovers
|upkeep
|turn|29
|
|t:|1743937851
|move|p1a: Zamazenta|Crunch|p2a: Slowking
|-supereffective|p2a: Slowking
|-damage|p2a: Slowking|0 fnt
|faint|p2a: Slowking
|
|-heal|p1a: Zamazenta|70/100|[from] item: Leftovers
|upkeep
|
|t:|1743937853
|switch|p2a: Corviknight|Corviknight, F|67/100
|-damage|p2a: Corviknight|55/100|[from] Stealth Rock
|-ability|p2a: Corviknight|Pressure
|turn|30
|l|☆Gehenna's gift
|inactive|Gehenna's gift disconnected and has a minute to reconnect!
|player|p1|
|j|☆Gehenna's gift
|inactive|Gehenna's gift reconnected and has 140 seconds left.
|player|p1|Gehenna's gift|youngster-gen4dp|
|
|t:|1743937868
|move|p1a: Zamazenta|Iron Defense|p1a: Zamazenta
|-boost|p1a: Zamazenta|def|2
|move|p2a: Corviknight|Iron Defense|p2a: Corviknight
|-boost|p2a: Corviknight|def|2
|
|-heal|p1a: Zamazenta|76/100|[from] item: Leftovers
|upkeep
|turn|31
|
|t:|1743937871
|move|p2a: Corviknight|Roost|p2a: Corviknight
|-heal|p2a: Corviknight|100/100
|-singleturn|p2a: Corviknight|move: Roost
|move|p1a: Zamazenta|Roar|p2a: Corviknight
|drag|p2a: Meowscarada|Meowscarada, M|100/100 par
|-damage|p2a: Meowscarada|88/100 par|[from] Stealth Rock
|
|-heal|p1a: Zamazenta|83/100|[from] item: Leftovers
|upkeep
|turn|32
|
|t:|1743937874
|move|p1a: Zamazenta|Body Press|p2a: Meowscarada
|-supereffective|p2a: Meowscarada
|-damage|p2a: Meowscarada|0 fnt
|faint|p2a: Meowscarada
|
|-heal|p1a: Zamazenta|89/100|[from] item: Leftovers
|upkeep
|
|t:|1743937877
|switch|p2a: Cinderace|Cinderace, M, tera:Fire|100/100 par
|turn|33
|
|t:|1743937881
|move|p1a: Zamazenta|Body Press|p2a: Cinderace
|-damage|p2a: Cinderace|0 fnt
|faint|p2a: Cinderace
|
|-heal|p1a: Zamazenta|95/100|[from] item: Leftovers
|upkeep
|
|t:|1743937883
|switch|p2a: Corviknight|Corviknight, F|100/100
|-damage|p2a: Corviknight|88/100|[from] Stealth Rock
|-ability|p2a: Corviknight|Pressure
|turn|34
|
|t:|1743937886
|move|p1a: Zamazenta|Body Press|p2a: Corviknight
|-damage|p2a: Corviknight|27/100
|-damage|p1a: Zamazenta|79/100|[from] item: Rocky Helmet|[of] p2a: Corviknight
|move|p2a: Corviknight|Iron Defense|p2a: Corviknight
|-boost|p2a: Corviknight|def|2
|
|-heal|p1a: Zamazenta|85/100|[from] item: Leftovers
|upkeep
|turn|35
|
|t:|1743937888
|move|p1a: Zamazenta|Body Press|p2a: Corviknight
|-damage|p2a: Corviknight|0 fnt
|-damage|p1a: Zamazenta|68/100|[from] item: Rocky Helmet|[of] p2a: Corviknight
|faint|p2a: Corviknight
|
|win|Gehenna's gift
|raw|Gehenna&apos;s gift's rating: 1554 &rarr; <strong>1570</strong><br />(+16 for winning)
|raw|Koto5blue's rating: 1492 &rarr; <strong>1476</strong><br />(-16 for losing)
|l|☆Koto5blue
|player|p2|
|c|☆Gehenna's gift|ez
