|j|☆Ahosora
|j|☆Corsmash
|inactive|Battle timer is ON: inactive players will automatically lose when time's up.
|t:|1743865993
|gametype|singles
|player|p1|Ahosora|101|
|player|p2|Corsmash|brycenman|
|teamsize|p1|4
|teamsize|p2|4
|gen|9
|tier|[Gen 9] OU
|rated|Tournament battle
|rule|HP Percentage Mod: HP is shown in percentages
|rule|Endless Battle Clause: Forcing endless battles is banned
|rule|Species Clause: Limit one of each Pokémon
|rule|OHKO Clause: OHKO moves are banned
|rule|Evasion Items Clause: Evasion items are banned
|rule|Evasion Moves Clause: Evasion moves are banned
|rule|Sleep Moves Clause: Sleep-inducing moves are banned
|clearpoke
|poke|p1|Monferno, F|
|poke|p1|Galvantula, F|
|poke|p1|Chinchou, M|
|poke|p1|Sneasel, F|
|poke|p2|Voltorb-Hisui|
|poke|p2|Mienfoo, F|
|poke|p2|Silicobra, M|
|poke|p2|Dragonite, F|
|teampreview
|j|*Lady Monita ❄
|inactive|Corsmash also wants the timer to be on.
|j| Inthefun08
|l| Inthefun08
|
|t:|1743866017
|start
|switch|p1a: Monferno|Monferno, F|100/100
|switch|p2a: Voltorb|Voltorb-Hisui|100/100
|turn|1
|j| Xx_Wizard_xX
|
|t:|1743866026
|move|p2a: Voltorb|Thunder Wave|p1a: Monferno
|-status|p1a: Monferno|par
|move|p1a: Monferno|Flare Blitz|p2a: Voltorb
|-supereffective|p2a: Voltorb
|-damage|p2a: Voltorb|0 fnt
|faint|p2a: Voltorb
|-damage|p1a: Monferno|73/100 par|[from] Recoil
|
|upkeep
|
|t:|1743866038
|switch|p2a: Dragonite|Dragonite, F|100/100
|turn|2
|
|t:|1743866053
|switch|p1a: Chinchou|Chinchou, M|100/100
|move|p2a: Dragonite|Dragon Dance|p2a: Dragonite
|-boost|p2a: Dragonite|atk|1
|-boost|p2a: Dragonite|spe|1
|
|upkeep
|turn|3
|
|t:|1743866060
|move|p2a: Dragonite|Earthquake|p1a: Chinchou
|-supereffective|p1a: Chinchou
|-damage|p1a: Chinchou|0 fnt
|faint|p1a: Chinchou
|
|upkeep
|
|t:|1743866067
|switch|p1a: Sneasel|Sneasel, F|100/100
|turn|4
|
|t:|1743866073
|-terastallize|p2a: Dragonite|Normal
|move|p1a: Sneasel|Fake Out|p2a: Dragonite
|-damage|p2a: Dragonite|94/100
|cant|p2a: Dragonite|flinch
|
|upkeep
|turn|5
|
|t:|1743866083
|move|p2a: Dragonite|Extreme Speed|p1a: Sneasel
|-damage|p1a: Sneasel|0 fnt
|faint|p1a: Sneasel
|
|upkeep
|
|t:|1743866087
|switch|p1a: Monferno|Monferno, F|73/100 par
|turn|6
|
|t:|1743866093
|move|p2a: Dragonite|Extreme Speed|p1a: Monferno
|-damage|p1a: Monferno|0 fnt
|faint|p1a: Monferno
|
|upkeep
|
|t:|1743866096
|switch|p1a: Galvantula|Galvantula, F|100/100
|turn|7
|
|t:|1743866102
|-terastallize|p1a: Galvantula|Grass
|move|p2a: Dragonite|Extreme Speed|p1a: Galvantula
|-damage|p1a: Galvantula|0 fnt
|faint|p1a: Galvantula
|
|win|Corsmash
|n|☆Ahosora|ahosora
|n|☆Corsmash|corsmash
|n|*Lady Monita ❄|ladymonita
|n| Xx_Wizard_xX|xxwizardxx
