|j|☆Ryu_NLF
|j|‽Spidermanboss
|t:|1743868974
|gametype|singles
|player|p1|Ryu_NLF|lyra|1261
|player|p2|Spidermanboss|1|1298
|teamsize|p1|6
|teamsize|p2|6
|gen|9
|tier|[Gen 9] OU
|rated|
|rule|HP Percentage Mod: HP is shown in percentages
|rule|Endless Battle Clause: Forcing endless battles is banned
|rule|Species Clause: Limit one of each Pokémon
|rule|OHKO Clause: OHKO moves are banned
|rule|Evasion Items Clause: Evasion items are banned
|rule|Evasion Moves Clause: Evasion moves are banned
|rule|Sleep Moves Clause: Sleep-inducing moves are banned
|clearpoke
|poke|p1|Swampert, F|
|poke|p1|Forretress, M|
|poke|p1|Chandelure, F|
|poke|p1|Trevenant, M|
|poke|p1|Salamence, F|
|poke|p1|Ribombee, M|
|poke|p2|Dragonite, F|
|poke|p2|Garchomp, M|
|poke|p2|Iron Valiant|
|poke|p2|Greninja-*, M|
|poke|p2|Iron Moth|
|poke|p2|Araquanid, M|
|teampreview
|inactive|Battle timer is ON: inactive players will automatically lose when time's up. (requested by Spidermanboss)
|
|t:|1743869004
|start
|switch|p1a: Ribombee|Ribombee, M, shiny|100/100
|switch|p2a: Araquanid|Araquanid, M|100/100
|turn|1
|
|t:|1743869014
|move|p1a: Ribombee|Sticky Web|p2a: Araquanid
|-sidestart|p2: Spidermanboss|move: Sticky Web
|move|p2a: Araquanid|Sticky Web|p1a: Ribombee
|-sidestart|p1: Ryu_NLF|move: Sticky Web
|
|upkeep
|turn|2
|
|t:|1743869021
|move|p1a: Ribombee|Stun Spore|p2a: Araquanid
|-status|p2a: Araquanid|par
|move|p2a: Araquanid|Liquidation|p1a: Ribombee
|-enditem|p1a: Ribombee|Focus Sash
|-damage|p1a: Ribombee|1/100
|
|upkeep
|turn|3
|
|t:|1743869030
|move|p1a: Ribombee|U-turn|p2a: Araquanid
|-damage|p2a: Araquanid|81/100 par
|
|t:|1743869033
|switch|p1a: Forretress|Forretress, M|100/100|[from] U-turn
|-activate|p1a: Forretress|move: Sticky Web
|-unboost|p1a: Forretress|spe|1
|move|p2a: Araquanid|Liquidation|p1a: Forretress
|-damage|p1a: Forretress|65/100
|-unboost|p1a: Forretress|def|1
|-damage|p2a: Araquanid|64/100 par|[from] item: Rocky Helmet|[of] p1a: Forretress
|
|-heal|p2a: Araquanid|70/100 par|[from] item: Leftovers
|upkeep
|turn|4
|
|t:|1743869063
|move|p1a: Forretress|Rapid Spin|p2a: Araquanid
|-damage|p2a: Araquanid|56/100 par
|-boost|p1a: Forretress|spe|1
|-sideend|p1: Ryu_NLF|Sticky Web|[from] move: Rapid Spin|[of] p1a: Forretress
|cant|p2a: Araquanid|par
|
|-heal|p2a: Araquanid|62/100 par|[from] item: Leftovers
|upkeep
|turn|5
|inactive|Ryu_NLF has 120 seconds left.
|
|t:|1743869107
|move|p1a: Forretress|Spikes|p2a: Araquanid
|-sidestart|p2: Spidermanboss|Spikes
|cant|p2a: Araquanid|par
|
|-heal|p2a: Araquanid|68/100 par|[from] item: Leftovers
|upkeep
|turn|6
|
|t:|1743869116
|switch|p2a: Garchomp|Garchomp, M|100/100
|-activate|p2a: Garchomp|move: Sticky Web
|-unboost|p2a: Garchomp|spe|1
|-damage|p2a: Garchomp|88/100|[from] Spikes
|move|p1a: Forretress|Spikes|p2a: Garchomp
|-sidestart|p2: Spidermanboss|Spikes
|
|upkeep
|turn|7
|inactive|Ryu_NLF has 120 seconds left.
|
|t:|1743869127
|move|p2a: Garchomp|Swords Dance|p2a: Garchomp
|-boost|p2a: Garchomp|atk|2
|move|p1a: Forretress|Spikes|p2a: Garchomp
|-sidestart|p2: Spidermanboss|Spikes
|
|upkeep
|turn|8
|inactive|Ryu_NLF has 120 seconds left.
|
|t:|1743869135
|switch|p1a: Ribombee|Ribombee, M, shiny|1/100
|move|p2a: Garchomp|Scale Shot|p1a: Ribombee
|-immune|p1a: Ribombee
|
|upkeep
|turn|9
|
|t:|1743869145
|-terastallize|p2a: Garchomp|Steel
|move|p1a: Ribombee|Moonblast|p2a: Garchomp
|-resisted|p2a: Garchomp
|-damage|p2a: Garchomp|67/100
|move|p2a: Garchomp|Fire Fang|p1a: Ribombee
|-supereffective|p1a: Ribombee
|-damage|p1a: Ribombee|0 fnt
|faint|p1a: Ribombee
|
|upkeep
|inactive|Ryu_NLF has 120 seconds left.
|
|t:|1743869159
|switch|p1a: Chandelure|Chandelure, F, shiny|100/100
|turn|10
|inactive|Ryu_NLF has 120 seconds left.
|
|t:|1743869173
|move|p1a: Chandelure|Overheat|p2a: Garchomp
|-supereffective|p2a: Garchomp
|-damage|p2a: Garchomp|0 fnt
|-unboost|p1a: Chandelure|spa|2
|faint|p2a: Garchomp
|
|upkeep
|
|t:|1743869180
|switch|p2a: Dragonite|Dragonite, F|100/100
|turn|11
|
|t:|1743869190
|switch|p1a: Forretress|Forretress, M|65/100
|move|p2a: Dragonite|Dragon Dance|p2a: Dragonite
|-boost|p2a: Dragonite|atk|1
|-boost|p2a: Dragonite|spe|1
|
|upkeep
|turn|12
|
|t:|1743869203
|move|p2a: Dragonite|Earthquake|p1a: Forretress
|-damage|p1a: Forretress|36/100
|move|p1a: Forretress|Volt Switch|p2a: Dragonite
|-damage|p2a: Dragonite|95/100
|
|t:|1743869210
|switch|p1a: Swampert|Swampert, F|100/100|[from] Volt Switch
|
|upkeep
|turn|13
|
|t:|1743869222
|move|p2a: Dragonite|Dragon Dance|p2a: Dragonite
|-boost|p2a: Dragonite|atk|1
|-boost|p2a: Dragonite|spe|1
|move|p1a: Swampert|Roar|p2a: Dragonite
|drag|p2a: Greninja|Greninja, M|100/100
|-activate|p2a: Greninja|move: Sticky Web
|-unboost|p2a: Greninja|spe|1
|-damage|p2a: Greninja|76/100|[from] Spikes
|
|upkeep
|turn|14
|
|t:|1743869234
|move|p2a: Greninja|Dark Pulse|p1a: Swampert
|-damage|p1a: Swampert|71/100
|-damage|p2a: Greninja|66/100|[from] item: Life Orb
|move|p1a: Swampert|Stealth Rock|p2a: Greninja
|-sidestart|p2: Spidermanboss|move: Stealth Rock
|
|-heal|p1a: Swampert|77/100|[from] item: Leftovers
|upkeep
|turn|15
|
|t:|1743869243
|move|p2a: Greninja|Dark Pulse|p1a: Swampert
|-damage|p1a: Swampert|46/100
|-damage|p2a: Greninja|56/100|[from] item: Life Orb
|move|p1a: Swampert|Knock Off|p2a: Greninja
|-resisted|p2a: Greninja
|-damage|p2a: Greninja|38/100
|-enditem|p2a: Greninja|Life Orb|[from] move: Knock Off|[of] p1a: Swampert
|
|-heal|p1a: Swampert|52/100|[from] item: Leftovers
|upkeep
|turn|16
|
|t:|1743869255
|move|p2a: Greninja|Sludge Wave|p1a: Swampert
|-resisted|p1a: Swampert
|-damage|p1a: Swampert|43/100
|move|p1a: Swampert|Flip Turn|p2a: Greninja
|-resisted|p2a: Greninja
|-damage|p2a: Greninja|20/100
|
|t:|1743869268
|switch|p1a: Chandelure|Chandelure, F, shiny|100/100|[from] Flip Turn
|
|upkeep
|turn|17
|
|t:|1743869279
|move|p1a: Chandelure|Shadow Ball|p2a: Greninja
|-resisted|p2a: Greninja
|-damage|p2a: Greninja|0 fnt
|faint|p2a: Greninja
|
|upkeep
|
|t:|1743869287
|switch|p2a: Araquanid|Araquanid, M|68/100 par
|-activate|p2a: Araquanid|move: Sticky Web
|-unboost|p2a: Araquanid|spe|1
|-damage|p2a: Araquanid|44/100 par|[from] Spikes
|-damage|p2a: Araquanid|19/100 par|[from] Stealth Rock
|turn|18
|
|t:|1743869299
|move|p1a: Chandelure|Shadow Ball|p2a: Araquanid
|-damage|p2a: Araquanid|0 fnt
|faint|p2a: Araquanid
|
|upkeep
|
|t:|1743869305
|switch|p2a: Dragonite|Dragonite, F|95/100
|turn|19
|
|t:|1743869311
|switch|p1a: Trevenant|Trevenant, M, shiny|100/100
|move|p2a: Dragonite|Dragon Dance|p2a: Dragonite
|-boost|p2a: Dragonite|atk|1
|-boost|p2a: Dragonite|spe|1
|
|upkeep
|turn|20
|
|t:|1743869320
|-terastallize|p1a: Trevenant|Fire
|move|p2a: Dragonite|Outrage|p1a: Trevenant
|-damage|p1a: Trevenant|0 fnt
|faint|p1a: Trevenant
|
|upkeep
|
|t:|1743869332
|switch|p1a: Forretress|Forretress, M|36/100
|turn|21
|
|t:|1743869338
|move|p2a: Dragonite|Outrage|p1a: Forretress|[from] lockedmove
|-resisted|p1a: Forretress
|-damage|p1a: Forretress|12/100
|-damage|p2a: Dragonite|79/100|[from] item: Rocky Helmet|[of] p1a: Forretress
|move|p1a: Forretress|Body Press|p2a: Dragonite
|-resisted|p2a: Dragonite
|-damage|p2a: Dragonite|61/100
|
|upkeep
|turn|22
|
|t:|1743869347
|move|p2a: Dragonite|Outrage|p1a: Forretress|[from] lockedmove
|-resisted|p1a: Forretress
|-damage|p1a: Forretress|0 fnt
|-damage|p2a: Dragonite|45/100|[from] item: Rocky Helmet|[of] p1a: Forretress
|faint|p1a: Forretress
|-start|p2a: Dragonite|confusion|[fatigue]
|
|upkeep
|
|t:|1743869355
|switch|p1a: Chandelure|Chandelure, F, shiny|100/100
|turn|23
|
|t:|1743869360
|-activate|p2a: Dragonite|confusion
|move|p2a: Dragonite|Outrage|p1a: Chandelure
|-damage|p1a: Chandelure|0 fnt
|faint|p1a: Chandelure
|
|upkeep
|
|t:|1743869367
|switch|p1a: Salamence|Salamence, F|100/100
|turn|24
|
|t:|1743869370
|-end|p2a: Dragonite|confusion
|move|p2a: Dragonite|Outrage|p1a: Salamence|[from] lockedmove
|-supereffective|p1a: Salamence
|-damage|p1a: Salamence|0 fnt
|faint|p1a: Salamence
|
|upkeep
|-message|Ryu_NLF forfeited.
|
|win|Spidermanboss
|raw|Ryu_NLF's rating: 1261 &rarr; <strong>1239</strong><br />(-22 for losing)
|raw|Spidermanboss's rating: 1298 &rarr; <strong>1320</strong><br />(+22 for winning)
|l|☆Ryu_NLF
|player|p1|
|l|‽Spidermanboss
|player|p2|
