|j|☆mirfee
|j|☆angerybee
|t:|1743900833
|gametype|singles
|player|p1|mirfee|maid|1434
|player|p2|angerybee|170|1395
|teamsize|p1|6
|teamsize|p2|6
|gen|9
|tier|[Gen 9] OU
|rated|
|rule|HP Percentage Mod: HP is shown in percentages
|rule|Endless Battle Clause: Forcing endless battles is banned
|rule|Species Clause: Limit one of each Pokémon
|rule|OHKO Clause: OHKO moves are banned
|rule|Evasion Items Clause: Evasion items are banned
|rule|Evasion Moves Clause: Evasion moves are banned
|rule|Sleep Moves Clause: Sleep-inducing moves are banned
|clearpoke
|poke|p1|Weavile, F|
|poke|p1|Pecharunt|
|poke|p1|Ting-Lu|
|poke|p1|Tinkaton, F|
|poke|p1|Keldeo|
|poke|p1|Dragonite, F|
|poke|p2|Regidrago|
|poke|p2|Iron Valiant|
|poke|p2|Serperior, M|
|poke|p2|Samurott-Hisui, M|
|poke|p2|Pecharunt|
|poke|p2|Iron Treads|
|teampreview
|
|t:|1743900854
|start
|switch|p1a: Keldeo|Keldeo|100/100
|switch|p2a: Mirror force|Serperior, M|100/100
|turn|1
|
|t:|1743900862
|switch|p1a: Tinkaton|Tinkaton, F|100/100
|-item|p1a: Tinkaton|Air Balloon
|move|p2a: Mirror force|Leaf Storm|p1a: Tinkaton
|-resisted|p1a: Tinkaton
|-damage|p1a: Tinkaton|76/100
|-boost|p2a: Mirror force|spa|2
|-enditem|p1a: Tinkaton|Air Balloon
|
|upkeep
|turn|2
|
|t:|1743900870
|move|p2a: Mirror force|Glare|p1a: Tinkaton
|-status|p1a: Tinkaton|par
|move|p1a: Tinkaton|Thunder Wave|p2a: Mirror force
|-status|p2a: Mirror force|par
|
|upkeep
|turn|3
|
|t:|1743900889
|move|p2a: Mirror force|Leaf Storm|p1a: Tinkaton
|-resisted|p1a: Tinkaton
|-damage|p1a: Tinkaton|27/100 par
|-boost|p2a: Mirror force|spa|2
|move|p1a: Tinkaton|Stealth Rock|p2a: Mirror force
|-sidestart|p2: angerybee|move: Stealth Rock
|
|upkeep
|turn|4
|
|t:|1743900894
|move|p2a: Mirror force|Leaf Storm|p1a: Tinkaton
|-resisted|p1a: Tinkaton
|-crit|p1a: Tinkaton
|-damage|p1a: Tinkaton|0 fnt
|-boost|p2a: Mirror force|spa|2
|faint|p1a: Tinkaton
|
|upkeep
|
|t:|1743900908
|switch|p1a: Dniteial|Dragonite, F|100/100
|turn|5
|
|t:|1743900916
|move|p1a: Dniteial|Dragon Dance|p1a: Dniteial
|-boost|p1a: Dniteial|atk|1
|-boost|p1a: Dniteial|spe|1
|cant|p2a: Mirror force|par
|
|upkeep
|turn|6
|
|t:|1743900923
|move|p1a: Dniteial|Ice Spinner|p2a: Mirror force
|-supereffective|p2a: Mirror force
|-crit|p2a: Mirror force
|-enditem|p2a: Mirror force|Focus Sash
|-damage|p2a: Mirror force|1/100 par
|move|p2a: Mirror force|Dragon Pulse|p1a: Dniteial
|-supereffective|p1a: Dniteial
|-damage|p1a: Dniteial|3/100
|
|upkeep
|turn|7
|
|t:|1743900930
|move|p1a: Dniteial|Extreme Speed|p2a: Mirror force
|-damage|p2a: Mirror force|0 fnt
|faint|p2a: Mirror force
|
|upkeep
|
|t:|1743900933
|switch|p2a: The eye|Samurott-Hisui, M|100/100
|-damage|p2a: The eye|88/100|[from] Stealth Rock
|turn|8
|
|t:|1743900937
|move|p1a: Dniteial|Extreme Speed|p2a: The eye
|-damage|p2a: The eye|32/100
|move|p2a: The eye|Sucker Punch||[still]
|-fail|p2a: The eye
|
|upkeep
|turn|9
|
|t:|1743900942
|move|p1a: Dniteial|Extreme Speed|p2a: The eye
|-damage|p2a: The eye|0 fnt
|faint|p2a: The eye
|
|upkeep
|
|t:|1743900944
|switch|p2a: Bayblade|Iron Treads|100/100
|-damage|p2a: Bayblade|97/100|[from] Stealth Rock
|-enditem|p2a: Bayblade|Booster Energy
|-activate|p2a: Bayblade|ability: Quark Drive|[fromitem]
|-start|p2a: Bayblade|quarkdrivespe
|turn|10
|
|t:|1743900948
|move|p2a: Bayblade|Rapid Spin|p1a: Dniteial
|-damage|p1a: Dniteial|0 fnt
|-boost|p2a: Bayblade|spe|1
|-sideend|p2: angerybee|Stealth Rock|[from] move: Rapid Spin|[of] p2a: Bayblade
|faint|p1a: Dniteial
|
|upkeep
|
|t:|1743900964
|switch|p1a: Ting-Lu|Ting-Lu|100/100
|-ability|p1a: Ting-Lu|Vessel of Ruin
|turn|11
|
|t:|1743900975
|move|p2a: Bayblade|Stealth Rock|p1a: Ting-Lu
|-sidestart|p1: mirfee|move: Stealth Rock
|move|p1a: Ting-Lu|Whirlwind|p2a: Bayblade
|-end|p2a: Bayblade|Quark Drive|[silent]
|drag|p2a: Blue eyes|Regidrago|100/100
|
|upkeep
|turn|12
|
|t:|1743900985
|move|p2a: Blue eyes|Dragon Energy|p1a: Ting-Lu
|-damage|p1a: Ting-Lu|53/100
|move|p1a: Ting-Lu|Spikes|p2a: Blue eyes
|-sidestart|p2: angerybee|Spikes
|
|upkeep
|turn|13
|
|t:|1743900993
|move|p2a: Blue eyes|Dragon Energy|p1a: Ting-Lu
|-damage|p1a: Ting-Lu|8/100
|move|p1a: Ting-Lu|Spikes|p2a: Blue eyes
|-sidestart|p2: angerybee|Spikes
|
|upkeep
|turn|14
|
|t:|1743900999
|move|p2a: Blue eyes|Dragon Energy|p1a: Ting-Lu
|-damage|p1a: Ting-Lu|0 fnt
|faint|p1a: Ting-Lu
|
|upkeep
|
|t:|1743901001
|switch|p1a: Weavile|Weavile, F|100/100
|-ability|p1a: Weavile|Pressure
|turn|15
|
|t:|1743901011
|move|p2a: Blue eyes|Dragon Energy|p1a: Weavile
|-damage|p1a: Weavile|0 fnt
|faint|p1a: Weavile
|
|upkeep
|
|t:|1743901024
|switch|p1a: Pecharunt|Pecharunt|100/100
|turn|16
|
|t:|1743901029
|move|p2a: Blue eyes|Dragon Energy|p1a: Pecharunt
|-damage|p1a: Pecharunt|8/100
|move|p1a: Pecharunt|Malignant Chain|p2a: Blue eyes
|-damage|p2a: Blue eyes|69/100
|
|upkeep
|turn|17
|
|t:|1743901035
|move|p2a: Blue eyes|Dragon Energy|p1a: Pecharunt
|-damage|p1a: Pecharunt|0 fnt
|faint|p1a: Pecharunt
|
|upkeep
|
|t:|1743901036
|switch|p1a: Keldeo|Keldeo|100/100
|turn|18
|
|t:|1743901051
|move|p2a: Blue eyes|Dragon Energy|p1a: Keldeo
|-damage|p1a: Keldeo|23/100
|move|p1a: Keldeo|Aura Sphere|p2a: Blue eyes
|-damage|p2a: Blue eyes|25/100
|
|upkeep
|turn|19
|
|t:|1743901060
|switch|p2a: Bayblade|Iron Treads|97/100
|-damage|p2a: Bayblade|81/100|[from] Spikes
|-terastallize|p1a: Keldeo|Fighting
|move|p1a: Keldeo|Vacuum Wave|p2a: Bayblade
|-supereffective|p2a: Bayblade
|-damage|p2a: Bayblade|2/100
|
|upkeep
|turn|20
|
|t:|1743901063
|move|p1a: Keldeo|Vacuum Wave|p2a: Bayblade
|-supereffective|p2a: Bayblade
|-damage|p2a: Bayblade|0 fnt
|faint|p2a: Bayblade
|-end|p2a: Bayblade|Quark Drive|[silent]
|
|upkeep
|
|t:|1743901065
|switch|p2a: Blue eyes|Regidrago|25/100
|-damage|p2a: Blue eyes|9/100|[from] Spikes
|turn|21
|
|t:|1743901068
|move|p1a: Keldeo|Vacuum Wave|p2a: Blue eyes
|-damage|p2a: Blue eyes|0 fnt
|faint|p2a: Blue eyes
|
|upkeep
|
|t:|1743901070
|switch|p2a: Harpies|Pecharunt|100/100
|-item|p2a: Harpies|Air Balloon
|turn|22
|
|t:|1743901074
|move|p1a: Keldeo|Surf|p2a: Harpies
|-damage|p2a: Harpies|56/100
|-enditem|p2a: Harpies|Air Balloon
|move|p2a: Harpies|Malignant Chain|p1a: Keldeo
|-damage|p1a: Keldeo|0 fnt
|faint|p1a: Keldeo
|
|win|angerybee
|raw|mirfee's rating: 1434 &rarr; <strong>1412</strong><br />(-22 for losing)
|raw|angerybee's rating: 1395 &rarr; <strong>1417</strong><br />(+22 for winning)
|l|☆mirfee
|player|p1|
