|j|☆masterbetachi
|j|☆Edk895
|t:|1743807445
|gametype|singles
|player|p1|masterbetachi|101|1462
|player|p2|Edk895|266|1474
|teamsize|p1|6
|teamsize|p2|6
|gen|9
|tier|[Gen 9] OU
|rated|
|rule|HP Percentage Mod: HP is shown in percentages
|rule|Endless Battle Clause: Forcing endless battles is banned
|rule|Species Clause: Limit one of each Pokémon
|rule|OHKO Clause: OHKO moves are banned
|rule|Evasion Items Clause: Evasion items are banned
|rule|Evasion Moves Clause: Evasion moves are banned
|rule|Sleep Moves Clause: Sleep-inducing moves are banned
|clearpoke
|poke|p1|Zapdos-Galar|
|poke|p1|Iron Moth|
|poke|p1|Deoxys-Speed|
|poke|p1|Dragonite, F|
|poke|p1|Gholdengo|
|poke|p1|Iron Valiant|
|poke|p2|Araquanid, F|
|poke|p2|Gliscor, F|
|poke|p2|Great Tusk|
|poke|p2|Breloom, F|
|poke|p2|Gholdengo|
|poke|p2|Iron Valiant|
|teampreview
|inactive|Battle timer is ON: inactive players will automatically lose when time's up. (requested by masterbetachi)
|
|t:|1743807460
|start
|switch|p1a: Zapdos|Zapdos-Galar|100/100
|switch|p2a: Breloom|Breloom, F|100/100
|turn|1
|
|t:|1743807475
|switch|p2a: Gholdengo|Gholdengo|100/100
|move|p1a: Zapdos|Brave Bird|p2a: Gholdengo
|-resisted|p2a: Gholdengo
|-damage|p2a: Gholdengo|55/100
|-damage|p1a: Zapdos|84/100|[from] Recoil
|
|-heal|p2a: Gholdengo|61/100|[from] item: Leftovers
|upkeep
|turn|2
|
|t:|1743807484
|switch|p2a: Araquanid|Araquanid, F|100/100
|-terastallize|p1a: Zapdos|Flying
|move|p1a: Zapdos|Brave Bird|p2a: Araquanid
|-supereffective|p2a: Araquanid
|-damage|p2a: Araquanid|0 fnt
|faint|p2a: Araquanid
|-damage|p1a: Zapdos|49/100|[from] Recoil
|
|upkeep
|
|t:|1743807497
|switch|p2a: Gholdengo|Gholdengo|61/100
|turn|3
|
|t:|1743807501
|move|p1a: Zapdos|Brave Bird|p2a: Gholdengo
|-resisted|p2a: Gholdengo
|-crit|p2a: Gholdengo
|-damage|p2a: Gholdengo|0 fnt
|faint|p2a: Gholdengo
|-damage|p1a: Zapdos|27/100|[from] Recoil
|
|upkeep
|
|t:|1743807507
|switch|p2a: Iron Valiant|Iron Valiant|100/100
|-enditem|p2a: Iron Valiant|Booster Energy
|-activate|p2a: Iron Valiant|ability: Quark Drive|[fromitem]
|-start|p2a: Iron Valiant|quarkdrivespe
|turn|4
|
|t:|1743807522
|move|p2a: Iron Valiant|Spirit Break|p1a: Zapdos
|-damage|p1a: Zapdos|0 fnt
|faint|p1a: Zapdos
|
|upkeep
|
|t:|1743807530
|switch|p1a: Gholdengo|Gholdengo|100/100
|-item|p1a: Gholdengo|Air Balloon
|turn|5
|
|t:|1743807539
|-terastallize|p2a: Iron Valiant|Steel
|move|p2a: Iron Valiant|Swords Dance|p2a: Iron Valiant
|-boost|p2a: Iron Valiant|atk|2
|move|p1a: Gholdengo|Shadow Ball|p2a: Iron Valiant
|-damage|p2a: Iron Valiant|33/100
|
|upkeep
|turn|6
|-message|Edk895 forfeited.
|
|win|masterbetachi
|raw|masterbetachi's rating: 1462 &rarr; <strong>1483</strong><br />(+21 for winning)
|raw|Edk895's rating: 1474 &rarr; <strong>1453</strong><br />(-21 for losing)
|l|☆Edk895
|player|p2|
|l|☆masterbetachi
|player|p1|
