|j|☆theowlbrett
|j|☆xAmethystx
|t:|1743874994
|gametype|singles
|player|p1|theowlbrett|crasherwake|1583
|player|p2|xAmethystx|miku-ground|1570
|teamsize|p1|6
|teamsize|p2|6
|gen|9
|tier|[Gen 9] OU
|rated|
|rule|HP Percentage Mod: HP is shown in percentages
|rule|Endless Battle Clause: Forcing endless battles is banned
|rule|Species Clause: Limit one of each Pokémon
|rule|OHKO Clause: OHKO moves are banned
|rule|Evasion Items Clause: Evasion items are banned
|rule|Evasion Moves Clause: Evasion moves are banned
|rule|Sleep Moves Clause: Sleep-inducing moves are banned
|clearpoke
|poke|p1|Cinderace, M|
|poke|p1|Kingambit, M|
|poke|p1|Great Tusk|
|poke|p1|Hatterene, F|
|poke|p1|Pecharunt|
|poke|p1|Garchomp, M|
|poke|p2|Hatterene, F|
|poke|p2|Rotom-Wash|
|poke|p2|Dragapult, M|
|poke|p2|Clodsire, F|
|poke|p2|Corviknight, M|
|poke|p2|Shiftry, M|
|teampreview
|c|☆theowlbrett|cool team
|
|t:|1743875015
|start
|switch|p1a: Cinderace|Cinderace, M|100/100
|switch|p2a: Dragapult|Dragapult, M|100/100
|turn|1
|
|t:|1743875018
|move|p1a: Cinderace|Sucker Punch|p2a: Dragapult
|-start|p1a: Cinderace|typechange|Dark|[from] ability: Libero
|-supereffective|p2a: Dragapult
|-damage|p2a: Dragapult|0 fnt
|faint|p2a: Dragapult
|-damage|p1a: Cinderace|91/100|[from] item: Life Orb
|
|upkeep
|
|t:|1743875029
|switch|p2a: Rotom|Rotom-Wash|100/100
|turn|2
|
|t:|1743875035
|switch|p1a: Hatterene|Hatterene, F|100/100
|move|p2a: Rotom|Will-O-Wisp|p1a: Hatterene
|move|p1a: Hatterene|Will-O-Wisp|p2a: Rotom|[from] ability: Magic Bounce
|-status|p2a: Rotom|brn
|
|-damage|p2a: Rotom|94/100 brn|[from] brn
|upkeep
|turn|3
|
|t:|1743875040
|switch|p1a: Garchomp|Garchomp, M|100/100
|move|p2a: Rotom|Volt Switch|p1a: Garchomp
|-immune|p1a: Garchomp
|
|-heal|p2a: Rotom|100/100 brn|[from] item: Leftovers
|-damage|p2a: Rotom|94/100 brn|[from] brn
|upkeep
|turn|4
|
|t:|1743875049
|move|p1a: Garchomp|Outrage|p2a: Rotom
|-damage|p2a: Rotom|46/100 brn
|move|p2a: Rotom|Will-O-Wisp|p1a: Garchomp
|-status|p1a: Garchomp|brn
|
|-heal|p2a: Rotom|52/100 brn|[from] item: Leftovers
|-damage|p1a: Garchomp|94/100 brn|[from] brn
|-damage|p2a: Rotom|46/100 brn|[from] brn
|upkeep
|turn|5
|
|t:|1743875054
|switch|p2a: Hatterene|Hatterene, F|100/100
|move|p1a: Garchomp|Outrage|p2a: Hatterene|[from] lockedmove
|-immune|p2a: Hatterene
|-start|p1a: Garchomp|confusion|[fatigue]
|
|-damage|p1a: Garchomp|88/100 brn|[from] brn
|upkeep
|turn|6
|
|t:|1743875066
|-activate|p1a: Garchomp|confusion
|move|p1a: Garchomp|Earthquake|p2a: Hatterene
|-damage|p2a: Hatterene|78/100
|move|p2a: Hatterene|Nuzzle|p1a: Garchomp
|-immune|p1a: Garchomp
|
|-heal|p2a: Hatterene|84/100|[from] item: Leftovers
|-damage|p1a: Garchomp|82/100 brn|[from] brn
|upkeep
|turn|7
|
|t:|1743875071
|-activate|p1a: Garchomp|confusion
|move|p1a: Garchomp|Earthquake|p2a: Hatterene
|-damage|p2a: Hatterene|64/100
|move|p2a: Hatterene|Calm Mind|p2a: Hatterene
|-boost|p2a: Hatterene|spa|1
|-boost|p2a: Hatterene|spd|1
|
|-heal|p2a: Hatterene|70/100|[from] item: Leftovers
|-damage|p1a: Garchomp|76/100 brn|[from] brn
|upkeep
|turn|8
|
|t:|1743875075
|-end|p1a: Garchomp|confusion
|move|p1a: Garchomp|Earthquake|p2a: Hatterene
|-damage|p2a: Hatterene|47/100
|move|p2a: Hatterene|Draining Kiss|p1a: Garchomp
|-supereffective|p1a: Garchomp
|-damage|p1a: Garchomp|1/100 brn
|-heal|p2a: Hatterene|100/100|[from] drain|[of] p1a: Garchomp
|-damage|p2a: Hatterene|88/100|[from] ability: Rough Skin|[of] p1a: Garchomp
|-damage|p2a: Hatterene|72/100|[from] item: Rocky Helmet|[of] p1a: Garchomp
|
|-heal|p2a: Hatterene|78/100|[from] item: Leftovers
|-damage|p1a: Garchomp|0 fnt|[from] brn
|faint|p1a: Garchomp
|upkeep
|
|t:|1743875079
|switch|p1a: Kingambit|Kingambit, M|100/100
|-activate|p1a: Kingambit|ability: Supreme Overlord
|-start|p1a: Kingambit|fallen1|[silent]
|turn|9
|
|t:|1743875086
|move|p1a: Kingambit|Iron Head|p2a: Hatterene
|-supereffective|p2a: Hatterene
|-damage|p2a: Hatterene|0 fnt
|faint|p2a: Hatterene
|
|upkeep
|
|t:|1743875092
|switch|p2a: Corviknight|Corviknight, M, shiny|100/100
|turn|10
|
|t:|1743875097
|-end|p1a: Kingambit|fallen1|[silent]
|switch|p1a: Pecharunt|Pecharunt|100/100
|move|p2a: Corviknight|U-turn|p1a: Pecharunt
|-resisted|p1a: Pecharunt
|-damage|p1a: Pecharunt|98/100
|
|t:|1743875102
|switch|p2a: Clodsire|Clodsire, F|100/100|[from] U-turn
|
|upkeep
|turn|11
|
|t:|1743875111
|move|p1a: Pecharunt|Parting Shot|p2a: Clodsire
|-unboost|p2a: Clodsire|atk|1
|-unboost|p2a: Clodsire|spa|1
|
|t:|1743875114
|switch|p1a: Hatterene|Hatterene, F|100/100|[from] Parting Shot
|move|p2a: Clodsire|Earthquake|p1a: Hatterene
|-damage|p1a: Hatterene|78/100
|
|upkeep
|turn|12
|
|t:|1743875121
|switch|p2a: Rotom|Rotom-Wash|46/100 brn
|move|p1a: Hatterene|Draining Kiss|p2a: Rotom
|-damage|p2a: Rotom|14/100 brn
|-heal|p1a: Hatterene|100/100|[from] drain|[of] p2a: Rotom
|
|-heal|p2a: Rotom|20/100 brn|[from] item: Leftovers
|-damage|p2a: Rotom|14/100 brn|[from] brn
|upkeep
|turn|13
|
|t:|1743875126
|move|p2a: Rotom|Hydro Pump|p1a: Hatterene
|-damage|p1a: Hatterene|56/100
|move|p1a: Hatterene|Draining Kiss|p2a: Rotom
|-damage|p2a: Rotom|0 fnt
|-heal|p1a: Hatterene|65/100|[from] drain|[of] p2a: Rotom
|faint|p2a: Rotom
|
|upkeep
|
|t:|1743875131
|switch|p2a: Shiftry|Shiftry, M|100/100
|turn|14
|
|t:|1743875143
|move|p2a: Shiftry|Tailwind|p2a: Shiftry
|-sidestart|p2: xAmethystx|move: Tailwind
|-ability|p2a: Shiftry|Wind Rider|boost
|-boost|p2a: Shiftry|atk|1
|move|p1a: Hatterene|Draining Kiss|p2a: Shiftry
|-supereffective|p2a: Shiftry
|-damage|p2a: Shiftry|1/100
|-heal|p1a: Hatterene|100/100|[from] drain|[of] p2a: Shiftry
|
|upkeep
|turn|15
|
|t:|1743875149
|move|p2a: Shiftry|Leaf Blade|p1a: Hatterene
|-damage|p1a: Hatterene|22/100
|move|p1a: Hatterene|Draining Kiss|p2a: Shiftry
|-supereffective|p2a: Shiftry
|-damage|p2a: Shiftry|0 fnt
|-heal|p1a: Hatterene|23/100|[from] drain|[of] p2a: Shiftry
|faint|p2a: Shiftry
|
|upkeep
|
|t:|1743875153
|switch|p2a: Corviknight|Corviknight, M, shiny|100/100
|turn|16
|
|t:|1743875156
|switch|p1a: Pecharunt|Pecharunt|98/100
|move|p2a: Corviknight|Brave Bird|p1a: Pecharunt
|-damage|p1a: Pecharunt|74/100
|-damage|p2a: Corviknight|93/100|[from] Recoil
|
|-heal|p2a: Corviknight|99/100|[from] item: Leftovers
|upkeep
|turn|17
|
|t:|1743875160
|move|p2a: Corviknight|Brave Bird|p1a: Pecharunt
|-damage|p1a: Pecharunt|54/100
|-damage|p2a: Corviknight|93/100|[from] Recoil
|move|p1a: Pecharunt|Parting Shot|p2a: Corviknight
|-ability|p2a: Corviknight|Mirror Armor
|-unboost|p1a: Pecharunt|atk|1
|-ability|p2a: Corviknight|Mirror Armor
|-unboost|p1a: Pecharunt|spa|1
|
|t:|1743875164
|switch|p1a: Cinderace|Cinderace, M|91/100|[from] Parting Shot
|
|-heal|p2a: Corviknight|99/100|[from] item: Leftovers
|-sideend|p2: xAmethystx|move: Tailwind
|upkeep
|turn|18
|
|t:|1743875170
|-terastallize|p2a: Corviknight|Water
|move|p1a: Cinderace|Pyro Ball|p2a: Corviknight
|-resisted|p2a: Corviknight
|-damage|p2a: Corviknight|70/100
|-damage|p1a: Cinderace|81/100|[from] item: Life Orb
|move|p2a: Corviknight|Brave Bird|p1a: Cinderace
|-damage|p1a: Cinderace|32/100
|-damage|p2a: Corviknight|58/100|[from] Recoil
|
|-heal|p2a: Corviknight|64/100|[from] item: Leftovers
|upkeep
|turn|19
|
|t:|1743875177
|move|p1a: Cinderace|Swords Dance|p1a: Cinderace
|-start|p1a: Cinderace|typechange|Normal|[from] ability: Libero
|-boost|p1a: Cinderace|atk|2
|move|p2a: Corviknight|Roost|p2a: Corviknight
|-heal|p2a: Corviknight|100/100
|
|upkeep
|turn|20
|
|t:|1743875180
|-terastallize|p1a: Cinderace|Normal
|move|p1a: Cinderace|Double-Edge|p2a: Corviknight
|-damage|p2a: Corviknight|0 fnt
|faint|p2a: Corviknight
|-damage|p1a: Cinderace|0 fnt|[from] Recoil
|faint|p1a: Cinderace
|
|upkeep
|
|t:|1743875187
|switch|p1a: Great Tusk|Great Tusk|100/100
|switch|p2a: Clodsire|Clodsire, F|100/100
|turn|21
|
|t:|1743875190
|move|p1a: Great Tusk|Headlong Rush|p2a: Clodsire
|-supereffective|p2a: Clodsire
|-damage|p2a: Clodsire|15/100
|-unboost|p1a: Great Tusk|def|1
|-unboost|p1a: Great Tusk|spd|1
|move|p2a: Clodsire|Toxic|p1a: Great Tusk
|-status|p1a: Great Tusk|tox
|
|-heal|p2a: Clodsire|21/100|[from] item: Leftovers
|-damage|p1a: Great Tusk|94/100 tox|[from] psn
|upkeep
|turn|22
|c|☆theowlbrett|gg
|
|t:|1743875194
|move|p1a: Great Tusk|Headlong Rush|p2a: Clodsire
|-supereffective|p2a: Clodsire
|-damage|p2a: Clodsire|0 fnt
|-unboost|p1a: Great Tusk|def|1
|-unboost|p1a: Great Tusk|spd|1
|faint|p2a: Clodsire
|
|win|theowlbrett
|raw|theowlbrett's rating: 1583 &rarr; <strong>1602</strong><br />(+19 for winning)
|raw|xAmethystx's rating: 1570 &rarr; <strong>1551</strong><br />(-19 for losing)
|l|☆xAmethystx
|player|p2|
|l|☆theowlbrett
|player|p1|
