|j|☆DankErrl
|j|☆Kidday
|t:|1743883120
|gametype|singles
|player|p1|DankErrl|dawn|1148
|player|p2|Kidday|psychic|1178
|teamsize|p1|6
|teamsize|p2|6
|gen|9
|tier|[Gen 9] OU
|rated|
|rule|HP Percentage Mod: HP is shown in percentages
|rule|Endless Battle Clause: Forcing endless battles is banned
|rule|Species Clause: Limit one of each Pokémon
|rule|OHKO Clause: OHKO moves are banned
|rule|Evasion Items Clause: Evasion items are banned
|rule|Evasion Moves Clause: Evasion moves are banned
|rule|Sleep Moves Clause: Sleep-inducing moves are banned
|clearpoke
|poke|p1|Torkoal, M|
|poke|p1|Moltres|
|poke|p1|Scream Tail|
|poke|p1|Great Tusk|
|poke|p1|Walking Wake|
|poke|p1|Lilligant-Hisui, F|
|poke|p2|Blastoise, M|
|poke|p2|Sceptile, M|
|poke|p2|Golurk|
|poke|p2|Kingambit, M|
|poke|p2|Magmortar, M|
|poke|p2|Grimmsnarl, M|
|teampreview
|inactive|Battle timer is ON: inactive players will automatically lose when time's up. (requested by DankErrl)
|
|t:|1743883156
|start
|switch|p1a: Torkoal|Torkoal, M, shiny|100/100
|switch|p2a: Grimmsnarl|Grimmsnarl, M, shiny|100/100
|-weather|SunnyDay|[from] ability: Drought|[of] p1a: Torkoal
|turn|1
|
|t:|1743883162
|move|p2a: Grimmsnarl|Light Screen|p2a: Grimmsnarl
|-sidestart|p2: Kidday|move: Light Screen
|move|p1a: Torkoal|Stealth Rock|p2a: Grimmsnarl
|-sidestart|p2: Kidday|move: Stealth Rock
|
|-weather|SunnyDay|[upkeep]
|upkeep
|turn|2
|
|t:|1743883183
|switch|p1a: Scream Tail|Scream Tail, shiny|100/100
|-activate|p1a: Scream Tail|ability: Protosynthesis
|-start|p1a: Scream Tail|protosynthesisspd
|move|p2a: Grimmsnarl|Reflect|p2a: Grimmsnarl
|-sidestart|p2: Kidday|Reflect
|
|-weather|SunnyDay|[upkeep]
|upkeep
|turn|3
|
|t:|1743883191
|move|p2a: Grimmsnarl|Parting Shot|p1a: Scream Tail
|-unboost|p1a: Scream Tail|atk|1
|-unboost|p1a: Scream Tail|spa|1
|
|t:|1743883196
|switch|p2a: Kingambit|Kingambit, M, shiny|100/100|[from] Parting Shot
|-damage|p2a: Kingambit|94/100|[from] Stealth Rock
|move|p1a: Scream Tail|Thunder Wave|p2a: Kingambit|[miss]
|-miss|p1a: Scream Tail|p2a: Kingambit
|
|-weather|SunnyDay|[upkeep]
|upkeep
|turn|4
|
|t:|1743883204
|-end|p2a: Kingambit|fallenundefined|[silent]
|switch|p2a: Golurk|Golurk, shiny|100/100
|-damage|p2a: Golurk|94/100|[from] Stealth Rock
|move|p1a: Scream Tail|Thunder Wave|p2a: Golurk
|-immune|p2a: Golurk
|
|-weather|SunnyDay|[upkeep]
|upkeep
|turn|5
|
|t:|1743883213
|-end|p1a: Scream Tail|Protosynthesis|[silent]
|switch|p1a: Moltres|Moltres|100/100
|move|p2a: Golurk|Poltergeist|p1a: Moltres
|-activate|p1a: Moltres|move: Poltergeist|Heavy-Duty Boots
|-damage|p1a: Moltres|38/100
|
|-weather|SunnyDay|[upkeep]
|upkeep
|turn|6
|
|t:|1743883225
|move|p1a: Moltres|Flamethrower|p2a: Golurk
|-damage|p2a: Golurk|66/100
|-status|p2a: Golurk|brn
|move|p2a: Golurk|Poltergeist|p1a: Moltres
|-activate|p1a: Moltres|move: Poltergeist|Heavy-Duty Boots
|-damage|p1a: Moltres|6/100
|
|-weather|SunnyDay|[upkeep]
|-damage|p2a: Golurk|60/100 brn|[from] brn
|upkeep
|turn|7
|c|☆Kidday|-.-
|
|t:|1743883255
|move|p1a: Moltres|Roost|p1a: Moltres
|-heal|p1a: Moltres|56/100
|-singleturn|p1a: Moltres|move: Roost
|move|p2a: Golurk|Poltergeist|p1a: Moltres
|-activate|p1a: Moltres|move: Poltergeist|Heavy-Duty Boots
|-damage|p1a: Moltres|24/100
|
|-weather|SunnyDay|[upkeep]
|-damage|p2a: Golurk|54/100 brn|[from] brn
|upkeep
|turn|8
|
|t:|1743883266
|move|p1a: Moltres|Roost|p1a: Moltres
|-heal|p1a: Moltres|74/100
|-singleturn|p1a: Moltres|move: Roost
|move|p2a: Golurk|Poltergeist|p1a: Moltres
|-activate|p1a: Moltres|move: Poltergeist|Heavy-Duty Boots
|-damage|p1a: Moltres|43/100
|
|-weather|none
|-damage|p2a: Golurk|48/100 brn|[from] brn
|-sideend|p2: Kidday|move: Light Screen
|upkeep
|turn|9
|
|t:|1743883279
|move|p1a: Moltres|Roost|p1a: Moltres
|-heal|p1a: Moltres|93/100
|-singleturn|p1a: Moltres|move: Roost
|move|p2a: Golurk|Poltergeist|p1a: Moltres
|-activate|p1a: Moltres|move: Poltergeist|Heavy-Duty Boots
|-damage|p1a: Moltres|62/100
|
|-damage|p2a: Golurk|42/100 brn|[from] brn
|-sideend|p2: Kidday|Reflect
|upkeep
|turn|10
|inactive|DankErrl has 120 seconds left.
|
|t:|1743883303
|move|p1a: Moltres|U-turn|p2a: Golurk
|-resisted|p2a: Golurk
|-damage|p2a: Golurk|34/100 brn
|
|t:|1743883306
|switch|p1a: Torkoal|Torkoal, M, shiny|100/100|[from] U-turn
|-weather|SunnyDay|[from] ability: Drought|[of] p1a: Torkoal
|move|p2a: Golurk|Poltergeist|p1a: Torkoal
|-activate|p1a: Torkoal|move: Poltergeist|Heat Rock
|-damage|p1a: Torkoal|76/100
|
|-weather|SunnyDay|[upkeep]
|-damage|p2a: Golurk|28/100 brn|[from] brn
|upkeep
|turn|11
|inactive|DankErrl has 120 seconds left.
|
|t:|1743883318
|move|p2a: Golurk|Poltergeist|p1a: Torkoal
|-activate|p1a: Torkoal|move: Poltergeist|Heat Rock
|-damage|p1a: Torkoal|51/100
|move|p1a: Torkoal|Solar Beam||[still]
|-prepare|p1a: Torkoal|Solar Beam
|-anim|p1a: Torkoal|Solar Beam|p2a: Golurk
|-supereffective|p2a: Golurk
|-damage|p2a: Golurk|0 fnt
|faint|p2a: Golurk
|
|-weather|SunnyDay|[upkeep]
|upkeep
|
|t:|1743883326
|switch|p2a: Grimmsnarl|Grimmsnarl, M, shiny|100/100
|-damage|p2a: Grimmsnarl|88/100|[from] Stealth Rock
|turn|12
|inactive|DankErrl has 120 seconds left.
|
|t:|1743883345
|move|p2a: Grimmsnarl|Light Screen|p2a: Grimmsnarl
|-sidestart|p2: Kidday|move: Light Screen
|move|p1a: Torkoal|Overheat|p2a: Grimmsnarl
|-damage|p2a: Grimmsnarl|57/100
|-unboost|p1a: Torkoal|spa|2
|
|-weather|SunnyDay|[upkeep]
|upkeep
|turn|13
|
|t:|1743883353
|switch|p1a: Moltres|Moltres|62/100
|move|p2a: Grimmsnarl|Reflect|p2a: Grimmsnarl
|-sidestart|p2: Kidday|Reflect
|
|-weather|SunnyDay|[upkeep]
|upkeep
|turn|14
|
|t:|1743883360
|move|p1a: Moltres|Roost|p1a: Moltres
|-heal|p1a: Moltres|100/100
|-singleturn|p1a: Moltres|move: Roost
|move|p2a: Grimmsnarl|Spirit Break|p1a: Moltres
|-resisted|p1a: Moltres
|-damage|p1a: Moltres|90/100
|-unboost|p1a: Moltres|spa|1
|
|-weather|SunnyDay|[upkeep]
|upkeep
|turn|15
|
|t:|1743883368
|move|p2a: Grimmsnarl|Parting Shot|p1a: Moltres
|-unboost|p1a: Moltres|atk|1
|-unboost|p1a: Moltres|spa|1
|
|t:|1743883375
|switch|p2a: Magmortar|Magmortar, M, shiny|100/100|[from] Parting Shot
|-damage|p2a: Magmortar|76/100|[from] Stealth Rock
|move|p1a: Moltres|U-turn|p2a: Magmortar
|-resisted|p2a: Magmortar
|-damage|p2a: Magmortar|72/100
|inactive|DankErrl has 120 seconds left.
|l|☆Kidday
|inactive|Kidday disconnected and has a minute to reconnect!
|player|p2|
|j|☆Kidday
|inactive|Kidday reconnected.
|player|p2|Kidday|psychic|
|
|t:|1743883421
|switch|p1a: Walking Wake|Walking Wake|100/100|[from] U-turn
|-activate|p1a: Walking Wake|ability: Protosynthesis
|-start|p1a: Walking Wake|protosynthesisspe
|
|-weather|SunnyDay|[upkeep]
|upkeep
|turn|16
|
|t:|1743883429
|move|p1a: Walking Wake|Hydro Steam|p2a: Magmortar
|-supereffective|p2a: Magmortar
|-damage|p2a: Magmortar|15/100
|move|p2a: Magmortar|Thunderbolt|p1a: Walking Wake
|-damage|p1a: Walking Wake|64/100
|
|-weather|SunnyDay|[upkeep]
|upkeep
|turn|17
|
|t:|1743883450
|move|p1a: Walking Wake|Hydro Steam|p2a: Magmortar
|-supereffective|p2a: Magmortar
|-damage|p2a: Magmortar|0 fnt
|faint|p2a: Magmortar
|
|-weather|none
|-end|p1a: Walking Wake|Protosynthesis
|upkeep
|
|t:|1743883457
|switch|p2a: Grimmsnarl|Grimmsnarl, M, shiny|57/100
|-damage|p2a: Grimmsnarl|45/100|[from] Stealth Rock
|turn|18
|inactive|DankErrl has 120 seconds left.
|
|t:|1743883493
|-terastallize|p1a: Walking Wake|Water
|move|p1a: Walking Wake|Hydro Steam|p2a: Grimmsnarl
|-crit|p2a: Grimmsnarl
|-damage|p2a: Grimmsnarl|0 fnt
|faint|p2a: Grimmsnarl
|
|upkeep
|c|☆Kidday|What a crit…
|c|☆Kidday|How fortunate
|inactive|Kidday has 120 seconds left.
|
|t:|1743883525
|switch|p2a: Sceptile|Sceptile, M|100/100
|-damage|p2a: Sceptile|88/100|[from] Stealth Rock
|turn|19
|inactive|Kidday has 120 seconds left.
|
|t:|1743883538
|-end|p1a: Walking Wake|Protosynthesis|[silent]
|switch|p1a: Torkoal|Torkoal, M, shiny|51/100
|-weather|SunnyDay|[from] ability: Drought|[of] p1a: Torkoal
|move|p2a: Sceptile|Leaf Storm|p1a: Torkoal
|-resisted|p1a: Torkoal
|-damage|p1a: Torkoal|15/100
|-unboost|p2a: Sceptile|spa|2
|-enditem|p2a: Sceptile|White Herb
|-clearnegativeboost|p2a: Sceptile|[silent]
|
|-weather|SunnyDay|[upkeep]
|-sideend|p2: Kidday|move: Light Screen
|upkeep
|turn|20
|inactive|Kidday has 120 seconds left.
|
|t:|1743883561
|switch|p1a: Moltres|Moltres|90/100
|move|p2a: Sceptile|Dragon Pulse|p1a: Moltres
|-damage|p1a: Moltres|64/100
|
|-weather|SunnyDay|[upkeep]
|-sideend|p2: Kidday|Reflect
|upkeep
|turn|21
|
|t:|1743883569
|-terastallize|p2a: Sceptile|Electric
|move|p2a: Sceptile|Tera Blast|p1a: Moltres|[anim] Tera Blast Electric
|-supereffective|p1a: Moltres
|-damage|p1a: Moltres|0 fnt
|faint|p1a: Moltres
|
|-weather|SunnyDay|[upkeep]
|upkeep
|inactive|DankErrl has 90 seconds left.
|
|t:|1743883603
|switch|p1a: Great Tusk|Great Tusk, shiny|100/100
|-activate|p1a: Great Tusk|ability: Protosynthesis
|-start|p1a: Great Tusk|protosynthesisatk
|turn|22
|
|t:|1743883622
|-end|p1a: Great Tusk|Protosynthesis|[silent]
|switch|p1a: Scream Tail|Scream Tail, shiny|100/100
|-activate|p1a: Scream Tail|ability: Protosynthesis
|-start|p1a: Scream Tail|protosynthesisspd
|move|p2a: Sceptile|Leaf Storm|p1a: Scream Tail
|-damage|p1a: Scream Tail|77/100
|-unboost|p2a: Sceptile|spa|2
|
|-weather|SunnyDay|[upkeep]
|-heal|p1a: Scream Tail|83/100|[from] item: Leftovers
|upkeep
|turn|23
|
|t:|1743883634
|move|p2a: Sceptile|Tera Blast|p1a: Scream Tail|[anim] Tera Blast Electric
|-damage|p1a: Scream Tail|68/100
|move|p1a: Scream Tail|Thunder Wave|p2a: Sceptile
|-immune|p2a: Sceptile
|
|-weather|SunnyDay|[upkeep]
|-heal|p1a: Scream Tail|74/100|[from] item: Leftovers
|upkeep
|turn|24
|
|t:|1743883641
|move|p2a: Sceptile|Tera Blast|p1a: Scream Tail|[anim] Tera Blast Electric
|-damage|p1a: Scream Tail|58/100
|move|p1a: Scream Tail|Psychic Noise|p2a: Sceptile
|-damage|p2a: Sceptile|58/100
|-start|p2a: Sceptile|move: Heal Block
|
|-weather|SunnyDay|[upkeep]
|-heal|p1a: Scream Tail|64/100|[from] item: Leftovers
|upkeep
|turn|25
|
|t:|1743883655
|move|p2a: Sceptile|Tera Blast|p1a: Scream Tail|[anim] Tera Blast Electric
|-damage|p1a: Scream Tail|48/100
|move|p1a: Scream Tail|Wish|p1a: Scream Tail
|
|-weather|SunnyDay|[upkeep]
|-heal|p1a: Scream Tail|54/100|[from] item: Leftovers
|-end|p2a: Sceptile|move: Heal Block
|upkeep
|turn|26
|
|t:|1743883661
|switch|p2a: Kingambit|Kingambit, M, shiny|94/100
|-damage|p2a: Kingambit|88/100|[from] Stealth Rock
|-activate|p2a: Kingambit|ability: Supreme Overlord
|-start|p2a: Kingambit|fallen3|[silent]
|move|p1a: Scream Tail|Psychic Noise|p2a: Kingambit
|-immune|p2a: Kingambit
|
|-weather|none
|-end|p1a: Scream Tail|Protosynthesis
|-heal|p1a: Scream Tail|100/100|[from] move: Wish|[wisher] Scream Tail
|upkeep
|turn|27
|
|t:|1743883671
|-end|p2a: Kingambit|fallen3|[silent]
|switch|p2a: Sceptile|Sceptile, M, tera:Electric|58/100
|-damage|p2a: Sceptile|46/100|[from] Stealth Rock
|move|p1a: Scream Tail|Thunder Wave|p2a: Sceptile
|-immune|p2a: Sceptile
|
|upkeep
|turn|28
|
|t:|1743883684
|move|p2a: Sceptile|Tera Blast|p1a: Scream Tail|[anim] Tera Blast Electric
|-crit|p1a: Scream Tail
|-damage|p1a: Scream Tail|74/100
|move|p1a: Scream Tail|Psychic Noise|p2a: Sceptile
|-damage|p2a: Sceptile|18/100
|-start|p2a: Sceptile|move: Heal Block
|
|-heal|p1a: Scream Tail|80/100|[from] item: Leftovers
|upkeep
|turn|29
|
|t:|1743883693
|move|p2a: Sceptile|Tera Blast|p1a: Scream Tail|[anim] Tera Blast Electric
|-damage|p1a: Scream Tail|61/100
|move|p1a: Scream Tail|Wish|p1a: Scream Tail
|
|-heal|p1a: Scream Tail|67/100|[from] item: Leftovers
|-end|p2a: Sceptile|move: Heal Block
|upkeep
|turn|30
|
|t:|1743883697
|move|p2a: Sceptile|Tera Blast|p1a: Scream Tail|[anim] Tera Blast Electric
|-damage|p1a: Scream Tail|49/100
|move|p1a: Scream Tail|Psychic Noise|p2a: Sceptile
|-damage|p2a: Sceptile|0 fnt
|faint|p2a: Sceptile
|
|-heal|p1a: Scream Tail|99/100|[from] move: Wish|[wisher] Scream Tail
|-heal|p1a: Scream Tail|100/100|[from] item: Leftovers
|upkeep
|
|t:|1743883710
|switch|p2a: Kingambit|Kingambit, M, shiny|88/100
|-damage|p2a: Kingambit|82/100|[from] Stealth Rock
|-activate|p2a: Kingambit|ability: Supreme Overlord
|-start|p2a: Kingambit|fallen4|[silent]
|turn|31
|
|t:|1743883716
|move|p1a: Scream Tail|Thunder Wave|p2a: Kingambit
|-status|p2a: Kingambit|par
|move|p2a: Kingambit|Kowtow Cleave|p1a: Scream Tail
|-damage|p1a: Scream Tail|47/100
|
|-heal|p1a: Scream Tail|53/100|[from] item: Leftovers
|upkeep
|turn|32
|
|t:|1743883731
|move|p1a: Scream Tail|Wish|p1a: Scream Tail
|cant|p2a: Kingambit|par
|
|-heal|p1a: Scream Tail|59/100|[from] item: Leftovers
|upkeep
|turn|33
|
|t:|1743883740
|-end|p1a: Scream Tail|Protosynthesis|[silent]
|switch|p1a: Torkoal|Torkoal, M, shiny|15/100
|-weather|SunnyDay|[from] ability: Drought|[of] p1a: Torkoal
|move|p2a: Kingambit|Iron Head|p1a: Torkoal
|-resisted|p1a: Torkoal
|-damage|p1a: Torkoal|0 fnt
|faint|p1a: Torkoal
|
|-weather|SunnyDay|[upkeep]
|upkeep
|
|t:|1743883748
|switch|p1a: Walking Wake|Walking Wake, tera:Water|64/100
|-activate|p1a: Walking Wake|ability: Protosynthesis
|-start|p1a: Walking Wake|protosynthesisspe
|turn|34
|
|t:|1743883756
|move|p2a: Kingambit|Sucker Punch|p1a: Walking Wake
|-damage|p1a: Walking Wake|1/100
|move|p1a: Walking Wake|Weather Ball|p2a: Kingambit
|-supereffective|p2a: Kingambit
|-damage|p2a: Kingambit|0 fnt
|faint|p2a: Kingambit
|-end|p2a: Kingambit|fallen4|[silent]
|
|-weather|SunnyDay|[upkeep]
|upkeep
|c|☆Kidday|How fortunate
|
|t:|1743883773
|switch|p2a: Blastoise|Blastoise, M, shiny|100/100
|-damage|p2a: Blastoise|88/100|[from] Stealth Rock
|turn|35
|
|t:|1743883783
|-end|p1a: Walking Wake|Protosynthesis|[silent]
|switch|p1a: Scream Tail|Scream Tail, shiny|59/100
|-activate|p1a: Scream Tail|ability: Protosynthesis
|-start|p1a: Scream Tail|protosynthesisspd
|move|p2a: Blastoise|Shell Smash|p2a: Blastoise
|-unboost|p2a: Blastoise|def|1
|-unboost|p2a: Blastoise|spd|1
|-boost|p2a: Blastoise|atk|2
|-boost|p2a: Blastoise|spa|2
|-boost|p2a: Blastoise|spe|2
|-enditem|p2a: Blastoise|White Herb
|-clearnegativeboost|p2a: Blastoise|[silent]
|
|-weather|SunnyDay|[upkeep]
|-heal|p1a: Scream Tail|66/100|[from] item: Leftovers
|upkeep
|turn|36
|
|t:|1743883797
|move|p2a: Blastoise|Flash Cannon|p1a: Scream Tail
|-supereffective|p1a: Scream Tail
|-damage|p1a: Scream Tail|28/100
|move|p1a: Scream Tail|Thunder Wave|p2a: Blastoise
|-status|p2a: Blastoise|par
|
|-weather|SunnyDay|[upkeep]
|-heal|p1a: Scream Tail|34/100|[from] item: Leftovers
|upkeep
|turn|37
|
|t:|1743883814
|move|p1a: Scream Tail|Wish|p1a: Scream Tail
|move|p2a: Blastoise|Shell Smash|p2a: Blastoise
|-unboost|p2a: Blastoise|def|1
|-unboost|p2a: Blastoise|spd|1
|-boost|p2a: Blastoise|atk|2
|-boost|p2a: Blastoise|spa|2
|-boost|p2a: Blastoise|spe|2
|
|-weather|SunnyDay|[upkeep]
|-heal|p1a: Scream Tail|40/100|[from] item: Leftovers
|upkeep
|turn|38
|
|t:|1743883826
|move|p2a: Blastoise|Shell Smash|p2a: Blastoise
|-unboost|p2a: Blastoise|def|1
|-unboost|p2a: Blastoise|spd|1
|-boost|p2a: Blastoise|atk|2
|-boost|p2a: Blastoise|spa|2
|-boost|p2a: Blastoise|spe|2
|move|p1a: Scream Tail|Psychic Noise|p2a: Blastoise
|-damage|p2a: Blastoise|57/100 par
|-start|p2a: Blastoise|move: Heal Block
|
|-weather|SunnyDay|[upkeep]
|-heal|p1a: Scream Tail|90/100|[from] move: Wish|[wisher] Scream Tail
|-heal|p1a: Scream Tail|97/100|[from] item: Leftovers
|upkeep
|turn|39
|
|t:|1743883844
|move|p2a: Blastoise|Flash Cannon|p1a: Scream Tail
|-supereffective|p1a: Scream Tail
|-damage|p1a: Scream Tail|23/100
|move|p1a: Scream Tail|Psychic Noise|p2a: Blastoise
|-damage|p2a: Blastoise|26/100 par
|
|-weather|SunnyDay|[upkeep]
|-heal|p1a: Scream Tail|30/100|[from] item: Leftovers
|-end|p2a: Blastoise|move: Heal Block
|upkeep
|turn|40
|
|t:|1743883855
|move|p2a: Blastoise|Surf|p1a: Scream Tail
|-damage|p1a: Scream Tail|0 fnt
|faint|p1a: Scream Tail
|-end|p1a: Scream Tail|Protosynthesis|[silent]
|
|-weather|none
|upkeep
|
|t:|1743883861
|switch|p1a: Lilligant|Lilligant-Hisui, F, shiny|100/100
|turn|41
|
|t:|1743883864
|move|p2a: Blastoise|Ice Beam|p1a: Lilligant
|-supereffective|p1a: Lilligant
|-damage|p1a: Lilligant|0 fnt
|faint|p1a: Lilligant
|
|upkeep
|
|t:|1743883868
|switch|p1a: Great Tusk|Great Tusk, shiny|100/100
|turn|42
|
|t:|1743883871
|move|p2a: Blastoise|Surf|p1a: Great Tusk
|-supereffective|p1a: Great Tusk
|-damage|p1a: Great Tusk|0 fnt
|faint|p1a: Great Tusk
|-end|p1a: Great Tusk|Protosynthesis|[silent]
|
|upkeep
|
|t:|1743883872
|switch|p1a: Walking Wake|Walking Wake, tera:Water|1/100
|turn|43
|-message|DankErrl forfeited.
|
|win|Kidday
|raw|DankErrl's rating: 1148 &rarr; <strong>1125</strong><br />(-23 for losing)
|raw|Kidday's rating: 1178 &rarr; <strong>1201</strong><br />(+23 for winning)
|l|☆DankErrl
|player|p1|
|c|☆Kidday|☝🏾🥸
