|badge|p1|bronze|gen9ou|100-5
|uhtml|medal-msg|<div class="broadcast-blue">Curious what those medals under the avatar are? PS now has Ladder Seasons! For more information, check out the <a href="https://www.smogon.com/forums/threads/3740067/">thread on Smogon.</a></div>
|j|☆quinx of ladder
|j|☆a jellyfish
|t:|1743884060
|gametype|singles
|player|p1|quinx of ladder|cheryl|1895
|player|p2|a jellyfish|yellow|1778
|teamsize|p1|6
|teamsize|p2|6
|gen|9
|tier|[Gen 9] OU
|rated|
|rule|HP Percentage Mod: HP is shown in percentages
|rule|Endless Battle Clause: Forcing endless battles is banned
|rule|Species Clause: Limit one of each Pokémon
|rule|OHKO Clause: OHKO moves are banned
|rule|Evasion Items Clause: Evasion items are banned
|rule|Evasion Moves Clause: Evasion moves are banned
|rule|Sleep Moves Clause: Sleep-inducing moves are banned
|clearpoke
|poke|p1|Ting-Lu|
|poke|p1|Gholdengo|
|poke|p1|Deoxys-Speed|
|poke|p1|Dragonite, M|
|poke|p1|Okidogi, M|
|poke|p1|Kyurem|
|poke|p2|Tyranitar, M|
|poke|p2|Excadrill, M|
|poke|p2|Mandibuzz, F|
|poke|p2|Skarmory, M|
|poke|p2|Tornadus-Therian, M|
|poke|p2|Keldeo-Resolute|
|teampreview
|inactive|Battle timer is ON: inactive players will automatically lose when time's up. (requested by a jellyfish)
|
|t:|1743884075
|start
|switch|p1a: Deoxys|Deoxys-Speed|100/100
|switch|p2a: Tornadus|Tornadus-Therian, M|100/100
|-ability|p1a: Deoxys|Pressure
|turn|1
|j| killabyss
|
|t:|1743884079
|move|p1a: Deoxys|Knock Off|p2a: Tornadus
|-damage|p2a: Tornadus|73/100
|-enditem|p2a: Tornadus|Heavy-Duty Boots|[from] move: Knock Off|[of] p1a: Deoxys
|move|p2a: Tornadus|Knock Off|p1a: Deoxys
|-supereffective|p1a: Deoxys
|-damage|p1a: Deoxys|55/100
|-enditem|p1a: Deoxys|Red Card|[from] move: Knock Off|[of] p2a: Tornadus
|
|upkeep
|turn|2
|
|t:|1743884093
|switch|p2a: Tyranitar|Tyranitar, M, shiny|100/100
|-weather|Sandstorm|[from] ability: Sand Stream|[of] p2a: Tyranitar
|move|p1a: Deoxys|Stealth Rock|p2a: Tyranitar
|-sidestart|p2: a jellyfish|move: Stealth Rock
|
|-weather|Sandstorm|[upkeep]
|-damage|p1a: Deoxys|49/100|[from] Sandstorm
|upkeep
|turn|3
|
|t:|1743884098
|move|p1a: Deoxys|Taunt|p2a: Tyranitar
|-start|p2a: Tyranitar|move: Taunt
|cant|p2a: Tyranitar|move: Taunt|Stealth Rock
|
|-weather|Sandstorm|[upkeep]
|-damage|p1a: Deoxys|43/100|[from] Sandstorm
|upkeep
|turn|4
|
|t:|1743884100
|move|p1a: Deoxys|Knock Off|p2a: Tyranitar
|-resisted|p2a: Tyranitar
|-damage|p2a: Tyranitar|94/100
|-enditem|p2a: Tyranitar|Smooth Rock|[from] move: Knock Off|[of] p1a: Deoxys
|move|p2a: Tyranitar|Knock Off|p1a: Deoxys
|-supereffective|p1a: Deoxys
|-damage|p1a: Deoxys|0 fnt
|faint|p1a: Deoxys
|
|-weather|Sandstorm|[upkeep]
|upkeep
|
|t:|1743884103
|switch|p1a: Ting-Lu|Ting-Lu|100/100
|-ability|p1a: Ting-Lu|Vessel of Ruin
|turn|5
|
|t:|1743884112
|switch|p2a: Skarmory|Skarmory, M|100/100
|-damage|p2a: Skarmory|88/100|[from] Stealth Rock
|move|p1a: Ting-Lu|Spikes|p2a: Skarmory
|-sidestart|p2: a jellyfish|Spikes
|
|-weather|Sandstorm|[upkeep]
|-heal|p2a: Skarmory|94/100|[from] item: Leftovers
|upkeep
|turn|6
|
|t:|1743884115
|move|p1a: Ting-Lu|Taunt|p2a: Skarmory
|-start|p2a: Skarmory|move: Taunt
|cant|p2a: Skarmory|move: Taunt|Spikes
|
|-weather|Sandstorm|[upkeep]
|-heal|p2a: Skarmory|99/100|[from] item: Leftovers
|upkeep
|turn|7
|
|t:|1743884136
|move|p1a: Ting-Lu|Ruination|p2a: Skarmory
|-damage|p2a: Skarmory|50/100
|move|p2a: Skarmory|Body Press|p1a: Ting-Lu
|-supereffective|p1a: Ting-Lu
|-damage|p1a: Ting-Lu|74/100
|-damage|p2a: Skarmory|34/100|[from] item: Rocky Helmet|[of] p1a: Ting-Lu
|
|-weather|Sandstorm|[upkeep]
|-heal|p2a: Skarmory|40/100|[from] item: Leftovers
|upkeep
|turn|8
|
|t:|1743884144
|move|p1a: Ting-Lu|Ruination|p2a: Skarmory
|-damage|p2a: Skarmory|20/100
|move|p2a: Skarmory|Body Press|p1a: Ting-Lu
|-supereffective|p1a: Ting-Lu
|-damage|p1a: Ting-Lu|45/100
|-damage|p2a: Skarmory|4/100|[from] item: Rocky Helmet|[of] p1a: Ting-Lu
|
|-weather|Sandstorm|[upkeep]
|-heal|p2a: Skarmory|10/100|[from] item: Leftovers
|-end|p2a: Skarmory|move: Taunt
|upkeep
|turn|9
|
|t:|1743884151
|move|p1a: Ting-Lu|Taunt|p2a: Skarmory
|-start|p2a: Skarmory|move: Taunt
|cant|p2a: Skarmory|move: Taunt|Spikes
|
|-weather|none
|-heal|p2a: Skarmory|16/100|[from] item: Leftovers
|upkeep
|turn|10
|
|t:|1743884153
|move|p1a: Ting-Lu|Spikes|p2a: Skarmory
|-sidestart|p2: a jellyfish|Spikes
|move|p2a: Skarmory|Body Press|p1a: Ting-Lu
|-supereffective|p1a: Ting-Lu
|-damage|p1a: Ting-Lu|16/100
|-damage|p2a: Skarmory|0 fnt|[from] item: Rocky Helmet|[of] p1a: Ting-Lu
|faint|p2a: Skarmory
|
|upkeep
|
|t:|1743884156
|switch|p2a: Excadrill|Excadrill, M|100/100
|-damage|p2a: Excadrill|97/100|[from] Stealth Rock
|-damage|p2a: Excadrill|81/100|[from] Spikes
|turn|11
|
|t:|1743884160
|switch|p1a: Gholdengo|Gholdengo|100/100
|move|p2a: Excadrill|Iron Head|p1a: Gholdengo
|-resisted|p1a: Gholdengo
|-damage|p1a: Gholdengo|77/100
|
|-heal|p2a: Excadrill|87/100|[from] item: Leftovers
|upkeep
|turn|12
|
|t:|1743884163
|move|p1a: Gholdengo|Shadow Ball|p2a: Excadrill
|-damage|p2a: Excadrill|34/100
|move|p2a: Excadrill|Earthquake|p1a: Gholdengo
|-supereffective|p1a: Gholdengo
|-damage|p1a: Gholdengo|0 fnt
|faint|p1a: Gholdengo
|
|-heal|p2a: Excadrill|40/100|[from] item: Leftovers
|upkeep
|
|t:|1743884167
|switch|p1a: Kyurem|Kyurem|100/100
|-ability|p1a: Kyurem|Pressure
|turn|13
|
|t:|1743884175
|switch|p2a: Keldeo|Keldeo-Resolute|100/100
|-damage|p2a: Keldeo|94/100|[from] Stealth Rock
|-damage|p2a: Keldeo|78/100|[from] Spikes
|move|p1a: Kyurem|Scale Shot|p2a: Keldeo
|-damage|p2a: Keldeo|61/100
|-damage|p2a: Keldeo|43/100
|-damage|p2a: Keldeo|26/100
|-damage|p2a: Keldeo|10/100
|-hitcount|p2a: Keldeo|4
|-unboost|p1a: Kyurem|def|1
|-boost|p1a: Kyurem|spe|1
|
|upkeep
|turn|14
|
|t:|1743884183
|switch|p1a: Okidogi|Okidogi, M|100/100
|move|p2a: Keldeo|Vacuum Wave|p1a: Okidogi
|-resisted|p1a: Okidogi
|-damage|p1a: Okidogi|94/100
|
|upkeep
|turn|15
|
|t:|1743884194
|move|p2a: Keldeo|Surf|p1a: Okidogi
|-damage|p1a: Okidogi|62/100
|move|p1a: Okidogi|Drain Punch|p2a: Keldeo
|-damage|p2a: Keldeo|0 fnt
|-heal|p1a: Okidogi|66/100|[from] drain|[of] p2a: Keldeo
|faint|p2a: Keldeo
|
|upkeep
|
|t:|1743884195
|switch|p2a: Tornadus|Tornadus-Therian, M|100/100
|-damage|p2a: Tornadus|76/100|[from] Stealth Rock
|turn|16
|
|t:|1743884202
|move|p2a: Tornadus|Bleakwind Storm|p1a: Okidogi
|-supereffective|p1a: Okidogi
|-damage|p1a: Okidogi|3/100
|move|p1a: Okidogi|Gunk Shot|p2a: Tornadus
|-damage|p2a: Tornadus|0 fnt
|faint|p2a: Tornadus
|
|upkeep
|
|t:|1743884205
|switch|p2a: Excadrill|Excadrill, M|40/100
|-damage|p2a: Excadrill|37/100|[from] Stealth Rock
|-damage|p2a: Excadrill|21/100|[from] Spikes
|turn|17
|
|t:|1743884208
|switch|p1a: Ting-Lu|Ting-Lu|16/100
|-ability|p1a: Ting-Lu|Vessel of Ruin
|move|p2a: Excadrill|Rapid Spin|p1a: Ting-Lu
|-crit|p1a: Ting-Lu
|-damage|p1a: Ting-Lu|1/100
|-boost|p2a: Excadrill|spe|1
|-damage|p2a: Excadrill|4/100|[from] item: Rocky Helmet|[of] p1a: Ting-Lu
|-sideend|p2: a jellyfish|Spikes|[from] move: Rapid Spin|[of] p2a: Excadrill
|-sideend|p2: a jellyfish|Stealth Rock|[from] move: Rapid Spin|[of] p2a: Excadrill
|
|-heal|p2a: Excadrill|10/100|[from] item: Leftovers
|upkeep
|turn|18
|
|t:|1743884211
|move|p2a: Excadrill|Earthquake|p1a: Ting-Lu
|-damage|p1a: Ting-Lu|0 fnt
|faint|p1a: Ting-Lu
|
|-heal|p2a: Excadrill|16/100|[from] item: Leftovers
|upkeep
|
|t:|1743884212
|switch|p1a: Dragonite|Dragonite, M|100/100
|turn|19
|
|t:|1743884220
|switch|p2a: Mandibuzz|Mandibuzz, F|100/100
|switch|p1a: Okidogi|Okidogi, M|3/100
|
|upkeep
|turn|20
|
|t:|1743884227
|move|p2a: Mandibuzz|Foul Play|p1a: Okidogi
|-resisted|p1a: Okidogi
|-crit|p1a: Okidogi
|-damage|p1a: Okidogi|0 fnt
|faint|p1a: Okidogi
|
|upkeep
|
|t:|1743884229
|switch|p1a: Kyurem|Kyurem|100/100
|-ability|p1a: Kyurem|Pressure
|turn|21
|
|t:|1743884232
|switch|p2a: Tyranitar|Tyranitar, M, shiny|94/100
|-weather|Sandstorm|[from] ability: Sand Stream|[of] p2a: Tyranitar
|move|p1a: Kyurem|Icicle Spear|p2a: Tyranitar
|-damage|p2a: Tyranitar|84/100
|-damage|p2a: Tyranitar|75/100
|-damage|p2a: Tyranitar|65/100
|-damage|p2a: Tyranitar|54/100
|-hitcount|p2a: Tyranitar|4
|
|-weather|Sandstorm|[upkeep]
|-damage|p1a: Kyurem|94/100|[from] Sandstorm
|upkeep
|turn|22
|
|t:|1743884255
|move|p1a: Kyurem|Dragon Dance|p1a: Kyurem
|-boost|p1a: Kyurem|atk|1
|-boost|p1a: Kyurem|spe|1
|move|p2a: Tyranitar|Knock Off|p1a: Kyurem
|-damage|p1a: Kyurem|53/100
|-enditem|p1a: Kyurem|Loaded Dice|[from] move: Knock Off|[of] p2a: Tyranitar
|
|-weather|Sandstorm|[upkeep]
|-damage|p1a: Kyurem|47/100|[from] Sandstorm
|upkeep
|turn|23
|
|t:|1743884258
|move|p1a: Kyurem|Icicle Spear|p2a: Tyranitar
|-damage|p2a: Tyranitar|40/100
|-damage|p2a: Tyranitar|24/100
|-hitcount|p2a: Tyranitar|2
|move|p2a: Tyranitar|Thunder Wave|p1a: Kyurem
|-status|p1a: Kyurem|par
|
|-weather|Sandstorm|[upkeep]
|-damage|p1a: Kyurem|40/100 par|[from] Sandstorm
|upkeep
|turn|24
|
|t:|1743884263
|move|p1a: Kyurem|Scale Shot|p2a: Tyranitar
|-damage|p2a: Tyranitar|8/100
|-damage|p2a: Tyranitar|0 fnt
|faint|p2a: Tyranitar
|-hitcount|p2: Tyranitar|2
|-unboost|p1a: Kyurem|def|1
|-boost|p1a: Kyurem|spe|1
|
|-weather|Sandstorm|[upkeep]
|-damage|p1a: Kyurem|34/100 par|[from] Sandstorm
|upkeep
|
|t:|1743884265
|switch|p2a: Excadrill|Excadrill, M|16/100
|turn|25
|j| floating all day
|
|t:|1743884268
|move|p2a: Excadrill|Iron Head|p1a: Kyurem
|-supereffective|p1a: Kyurem
|-damage|p1a: Kyurem|0 fnt
|faint|p1a: Kyurem
|
|-weather|none
|-heal|p2a: Excadrill|22/100|[from] item: Leftovers
|upkeep
|
|t:|1743884269
|switch|p1a: Dragonite|Dragonite, M|100/100
|turn|26
|
|t:|1743884273
|switch|p2a: Mandibuzz|Mandibuzz, F|100/100
|move|p1a: Dragonite|Dragon Dance|p1a: Dragonite
|-boost|p1a: Dragonite|atk|1
|-boost|p1a: Dragonite|spe|1
|
|upkeep
|turn|27
|
|t:|1743884275
|move|p1a: Dragonite|Extreme Speed|p2a: Mandibuzz
|-damage|p2a: Mandibuzz|75/100
|move|p2a: Mandibuzz|Iron Defense|p2a: Mandibuzz
|-boost|p2a: Mandibuzz|def|2
|
|upkeep
|turn|28
|
|t:|1743884277
|move|p1a: Dragonite|Dragon Dance|p1a: Dragonite
|-boost|p1a: Dragonite|atk|1
|-boost|p1a: Dragonite|spe|1
|move|p2a: Mandibuzz|Foul Play|p1a: Dragonite
|-damage|p1a: Dragonite|43/100
|
|upkeep
|turn|29
|-message|quinx of ladder forfeited.
|
|win|a jellyfish
|raw|quinx of ladder's rating: 1895 &rarr; <strong>1869</strong><br />(-26 for losing)
|raw|a jellyfish's rating: 1778 &rarr; <strong>1804</strong><br />(+26 for winning)
|l|☆quinx of ladder
|player|p1|
|l|☆a jellyfish
|player|p2|
|l| killabyss
