|j|☆Benshy
|j|☆DiscoBlastoise
|t:|1743887438
|gametype|singles
|player|p1|Benshy|n|1237
|player|p2|DiscoBlastoise|benga|1197
|teamsize|p1|6
|teamsize|p2|6
|gen|9
|tier|[Gen 9] OU
|rated|
|rule|HP Percentage Mod: HP is shown in percentages
|rule|Endless Battle Clause: Forcing endless battles is banned
|rule|Species Clause: Limit one of each Pokémon
|rule|OHKO Clause: OHKO moves are banned
|rule|Evasion Items Clause: Evasion items are banned
|rule|Evasion Moves Clause: Evasion moves are banned
|rule|Sleep Moves Clause: Sleep-inducing moves are banned
|clearpoke
|poke|p1|Articuno|
|poke|p1|Tauros-Paldea-Aqua, M|
|poke|p1|Arcanine-Hisui, M|
|poke|p1|Gliscor, M|
|poke|p1|Iron Crown|
|poke|p1|Dragonite, F|
|poke|p2|Zamazenta-*|
|poke|p2|Kingambit, F|
|poke|p2|Samurott-Hisui, M|
|poke|p2|Landorus-Therian, M|
|poke|p2|Iron Valiant|
|poke|p2|Iron Moth|
|teampreview
|inactive|Battle timer is ON: inactive players will automatically lose when time's up. (requested by Benshy)
|inactive|DiscoBlastoise has 120 seconds left.
|inactive|DiscoBlastoise has 90 seconds left.
|
|t:|1743887520
|start
|switch|p1a: Tauros|Tauros-Paldea-Aqua, M|100/100
|switch|p2a: Samurott|Samurott-Hisui, M|100/100
|-ability|p1a: Tauros|Intimidate|boost
|-unboost|p2a: Samurott|atk|1
|turn|1
|
|t:|1743887538
|move|p1a: Tauros|Trailblaze|p2a: Samurott
|-supereffective|p2a: Samurott
|-damage|p2a: Samurott|44/100
|-boost|p1a: Tauros|spe|1
|-damage|p1a: Tauros|91/100|[from] item: Life Orb
|move|p2a: Samurott|Ceaseless Edge|p1a: Tauros
|-resisted|p1a: Tauros
|-damage|p1a: Tauros|72/100
|-sidestart|p1: Benshy|Spikes
|
|upkeep
|turn|2
|
|t:|1743887548
|move|p1a: Tauros|Trailblaze|p2a: Samurott
|-supereffective|p2a: Samurott
|-damage|p2a: Samurott|0 fnt
|-boost|p1a: Tauros|spe|1
|faint|p2a: Samurott
|-damage|p1a: Tauros|62/100|[from] item: Life Orb
|
|upkeep
|
|t:|1743887555
|switch|p2a: Zamazenta|Zamazenta|100/100
|-ability|p2a: Zamazenta|Dauntless Shield|boost
|-boost|p2a: Zamazenta|def|1
|turn|3
|
|t:|1743887561
|move|p1a: Tauros|Wave Crash|p2a: Zamazenta
|-damage|p2a: Zamazenta|66/100
|-damage|p1a: Tauros|47/100|[from] Recoil
|-damage|p1a: Tauros|37/100|[from] item: Life Orb
|move|p2a: Zamazenta|Iron Defense|p2a: Zamazenta
|-boost|p2a: Zamazenta|def|2
|
|-heal|p2a: Zamazenta|72/100|[from] item: Leftovers
|upkeep
|turn|4
|inactive|DiscoBlastoise has 120 seconds left.
|
|t:|1743887589
|switch|p1a: Gliscor|Gliscor, M|100/100
|move|p2a: Zamazenta|Body Press|p1a: Gliscor
|-resisted|p1a: Gliscor
|-damage|p1a: Gliscor|77/100
|
|-heal|p2a: Zamazenta|78/100|[from] item: Leftovers
|-status|p1a: Gliscor|tox|[from] item: Toxic Orb
|upkeep
|turn|5
|inactive|DiscoBlastoise has 120 seconds left.
|
|t:|1743887602
|switch|p2a: Landorus|Landorus-Therian, M|100/100
|-ability|p2a: Landorus|Intimidate|boost
|-unboost|p1a: Gliscor|atk|1
|move|p1a: Gliscor|Toxic|p2a: Landorus|[miss]
|-miss|p1a: Gliscor|p2a: Landorus
|
|-heal|p1a: Gliscor|89/100 tox|[from] ability: Poison Heal
|upkeep
|turn|6
|
|t:|1743887610
|move|p2a: Landorus|Taunt|p1a: Gliscor
|-start|p1a: Gliscor|move: Taunt
|cant|p1a: Gliscor|move: Taunt|Toxic
|
|-heal|p1a: Gliscor|100/100 tox|[from] ability: Poison Heal
|upkeep
|turn|7
|
|t:|1743887629
|move|p2a: Landorus|Stealth Rock|p1a: Gliscor
|-sidestart|p1: Benshy|move: Stealth Rock
|move|p1a: Gliscor|Knock Off|p2a: Landorus
|-damage|p2a: Landorus|87/100
|-damage|p1a: Gliscor|84/100 tox|[from] item: Rocky Helmet|[of] p2a: Landorus
|-enditem|p2a: Landorus|Rocky Helmet|[from] move: Knock Off|[of] p1a: Gliscor
|
|-heal|p1a: Gliscor|97/100 tox|[from] ability: Poison Heal
|upkeep
|turn|8
|
|t:|1743887647
|switch|p1a: Articuno|Articuno|100/100
|-ability|p1a: Articuno|Pressure
|move|p2a: Landorus|U-turn|p1a: Articuno
|-resisted|p1a: Articuno
|-damage|p1a: Articuno|91/100
|
|t:|1743887660
|switch|p2a: Iron Moth|Iron Moth|100/100|[from] U-turn
|-enditem|p2a: Iron Moth|Booster Energy
|-activate|p2a: Iron Moth|ability: Quark Drive|[fromitem]
|-start|p2a: Iron Moth|quarkdrivespe
|
|upkeep
|turn|9
|
|t:|1743887676
|switch|p1a: Tauros|Tauros-Paldea-Aqua, M|37/100
|-damage|p1a: Tauros|25/100|[from] Spikes
|-damage|p1a: Tauros|18/100|[from] Stealth Rock
|-ability|p1a: Tauros|Intimidate|boost
|-unboost|p2a: Iron Moth|atk|1
|move|p2a: Iron Moth|Fiery Dance|p1a: Tauros
|-resisted|p1a: Tauros
|-damage|p1a: Tauros|0 fnt
|-boost|p2a: Iron Moth|spa|1
|faint|p1a: Tauros
|
|upkeep
|
|t:|1743887688
|switch|p1a: Gliscor|Gliscor, M|97/100 tox
|-damage|p1a: Gliscor|84/100 tox|[from] Stealth Rock
|turn|10
|
|t:|1743887705
|-terastallize|p2a: Iron Moth|Ground
|move|p2a: Iron Moth|Fiery Dance|p1a: Gliscor
|-damage|p1a: Gliscor|16/100 tox
|-boost|p2a: Iron Moth|spa|1
|move|p1a: Gliscor|Earthquake|p2a: Iron Moth
|-crit|p2a: Iron Moth
|-damage|p2a: Iron Moth|26/100
|
|-heal|p1a: Gliscor|28/100 tox|[from] ability: Poison Heal
|upkeep
|turn|11
|
|t:|1743887716
|move|p1a: Gliscor|Protect|p1a: Gliscor
|-singleturn|p1a: Gliscor|Protect
|move|p2a: Iron Moth|Fiery Dance|p1a: Gliscor
|-activate|p1a: Gliscor|move: Protect
|
|-heal|p1a: Gliscor|41/100 tox|[from] ability: Poison Heal
|upkeep
|turn|12
|
|t:|1743887725
|switch|p1a: Dragonite|Dragonite, F|100/100
|move|p2a: Iron Moth|Fiery Dance|p1a: Dragonite
|-resisted|p1a: Dragonite
|-damage|p1a: Dragonite|78/100
|-boost|p2a: Iron Moth|spa|1
|
|upkeep
|turn|13
|
|t:|1743887740
|move|p1a: Dragonite|Extreme Speed|p2a: Iron Moth
|-damage|p2a: Iron Moth|0 fnt
|faint|p2a: Iron Moth
|-end|p2a: Iron Moth|Quark Drive|[silent]
|
|upkeep
|
|t:|1743887747
|switch|p2a: Zamazenta|Zamazenta|78/100
|turn|14
|
|t:|1743887756
|switch|p1a: Gliscor|Gliscor, M|41/100 tox
|-damage|p1a: Gliscor|28/100 tox|[from] Stealth Rock
|move|p2a: Zamazenta|Roar|p1a: Gliscor
|drag|p1a: Arcanine|Arcanine-Hisui, M|100/100
|-damage|p1a: Arcanine|88/100|[from] Spikes
|-damage|p1a: Arcanine|63/100|[from] Stealth Rock
|
|-heal|p2a: Zamazenta|85/100|[from] item: Leftovers
|upkeep
|turn|15
|-message|DiscoBlastoise forfeited.
|
|win|Benshy
|raw|Benshy's rating: 1237 &rarr; <strong>1259</strong><br />(+22 for winning)
|raw|DiscoBlastoise's rating: 1197 &rarr; <strong>1175</strong><br />(-22 for losing)
|l|☆DiscoBlastoise
|player|p2|
|l|☆Benshy
|player|p1|
