|j|☆FittedCrib04
|j|☆nhg445
|t:|1743866925
|gametype|singles
|player|p1|FittedCrib04|wallace|1488
|player|p2|nhg445|cynthia|1508
|teamsize|p1|6
|teamsize|p2|6
|gen|9
|tier|[Gen 9] OU
|rated|
|rule|HP Percentage Mod: HP is shown in percentages
|rule|Endless Battle Clause: Forcing endless battles is banned
|rule|Species Clause: Limit one of each Pokémon
|rule|OHKO Clause: OHKO moves are banned
|rule|Evasion Items Clause: Evasion items are banned
|rule|Evasion Moves Clause: Evasion moves are banned
|rule|Sleep Moves Clause: Sleep-inducing moves are banned
|clearpoke
|poke|p1|Suicune|
|poke|p1|Corviknight, M|
|poke|p1|Cresselia, F|
|poke|p1|Darkrai|
|poke|p1|Garganacl, M|
|poke|p1|Skeledirge, F|
|poke|p2|Samurott-Hisui, F|
|poke|p2|Dragonite, F|
|poke|p2|Iron Treads|
|poke|p2|Iron Crown|
|poke|p2|Moltres|
|poke|p2|Ogerpon-Wellspring, F|
|teampreview
|inactive|Battle timer is ON: inactive players will automatically lose when time's up. (requested by nhg445)
|
|t:|1743866941
|start
|switch|p1a: The Menace|Darkrai|100/100
|switch|p2a: Samurott|Samurott-Hisui, F|100/100
|turn|1
|
|t:|1743866951
|move|p1a: The Menace|Will-O-Wisp|p2a: Samurott
|-status|p2a: Samurott|brn
|move|p2a: Samurott|Knock Off|p1a: The Menace
|-resisted|p1a: The Menace
|-damage|p1a: The Menace|84/100
|-enditem|p1a: The Menace|Leftovers|[from] move: Knock Off|[of] p2a: Samurott
|
|-damage|p2a: Samurott|94/100 brn|[from] brn
|upkeep
|turn|2
|
|t:|1743866960
|move|p1a: The Menace|Nasty Plot|p1a: The Menace
|-boost|p1a: The Menace|spa|2
|move|p2a: Samurott|Ceaseless Edge|p1a: The Menace
|-resisted|p1a: The Menace
|-damage|p1a: The Menace|67/100
|-sidestart|p1: FittedCrib04|Spikes
|
|-damage|p2a: Samurott|88/100 brn|[from] brn
|upkeep
|turn|3
|
|t:|1743866968
|move|p1a: The Menace|Nasty Plot|p1a: The Menace
|-boost|p1a: The Menace|spa|2
|move|p2a: Samurott|Ceaseless Edge|p1a: The Menace
|-resisted|p1a: The Menace
|-damage|p1a: The Menace|52/100
|-sidestart|p1: FittedCrib04|Spikes
|
|-damage|p2a: Samurott|82/100 brn|[from] brn
|upkeep
|turn|4
|
|t:|1743866972
|move|p1a: The Menace|Sludge Bomb|p2a: Samurott
|-damage|p2a: Samurott|0 fnt
|faint|p2a: Samurott
|
|upkeep
|
|t:|1743866977
|switch|p2a: shouting planet|Dragonite, F|100/100
|turn|5
|
|t:|1743866985
|move|p1a: The Menace|Will-O-Wisp|p2a: shouting planet
|-status|p2a: shouting planet|brn
|move|p2a: shouting planet|Scale Shot|p1a: The Menace
|-damage|p1a: The Menace|43/100
|-damage|p1a: The Menace|33/100
|-damage|p1a: The Menace|24/100
|-damage|p1a: The Menace|15/100
|-hitcount|p1a: The Menace|4
|-unboost|p2a: shouting planet|def|1
|-boost|p2a: shouting planet|spe|1
|
|-damage|p2a: shouting planet|94/100 brn|[from] brn
|upkeep
|turn|6
|
|t:|1743867000
|switch|p1a: Garganacl|Garganacl, M|100/100
|-damage|p1a: Garganacl|84/100|[from] Spikes
|move|p2a: shouting planet|Fire Punch|p1a: Garganacl
|-resisted|p1a: Garganacl
|-damage|p1a: Garganacl|79/100
|
|-heal|p1a: Garganacl|85/100|[from] item: Leftovers
|-damage|p2a: shouting planet|88/100 brn|[from] brn
|upkeep
|turn|7
|
|t:|1743867004
|move|p2a: shouting planet|Fire Punch|p1a: Garganacl
|-resisted|p1a: Garganacl
|-damage|p1a: Garganacl|80/100
|move|p1a: Garganacl|Salt Cure|p2a: shouting planet
|-supereffective|p2a: shouting planet
|-damage|p2a: shouting planet|45/100 brn
|-start|p2a: shouting planet|Salt Cure
|
|-heal|p1a: Garganacl|86/100|[from] item: Leftovers
|-damage|p2a: shouting planet|39/100 brn|[from] brn
|-damage|p2a: shouting planet|26/100 brn|[from] Salt Cure
|upkeep
|turn|8
|
|t:|1743867008
|move|p2a: shouting planet|Scale Shot|p1a: Garganacl
|-damage|p1a: Garganacl|81/100
|-damage|p1a: Garganacl|76/100
|-crit|p1a: Garganacl
|-damage|p1a: Garganacl|69/100
|-crit|p1a: Garganacl
|-damage|p1a: Garganacl|62/100
|-hitcount|p1a: Garganacl|4
|-unboost|p2a: shouting planet|def|1
|-boost|p2a: shouting planet|spe|1
|move|p1a: Garganacl|Curse|p1a: Garganacl
|-unboost|p1a: Garganacl|spe|1
|-boost|p1a: Garganacl|atk|1
|-boost|p1a: Garganacl|def|1
|
|-heal|p1a: Garganacl|68/100|[from] item: Leftovers
|-damage|p2a: shouting planet|20/100 brn|[from] brn
|-damage|p2a: shouting planet|8/100 brn|[from] Salt Cure
|upkeep
|turn|9
|
|t:|1743867020
|move|p2a: shouting planet|Encore|p1a: Garganacl
|-start|p1a: Garganacl|Encore
|move|p1a: Garganacl|Curse|p1a: Garganacl
|-unboost|p1a: Garganacl|spe|1
|-boost|p1a: Garganacl|atk|1
|-boost|p1a: Garganacl|def|1
|
|-heal|p1a: Garganacl|74/100|[from] item: Leftovers
|-damage|p2a: shouting planet|2/100 brn|[from] brn
|-damage|p2a: shouting planet|0 fnt|[from] Salt Cure
|faint|p2a: shouting planet
|upkeep
|
|t:|1743867025
|switch|p2a: gliscor is a n@zi|Ogerpon-Wellspring, F|100/100
|turn|10
|
|t:|1743867032
|switch|p1a: The Light|Cresselia, F|100/100
|move|p2a: gliscor is a n@zi|Swords Dance|p2a: gliscor is a n@zi
|-boost|p2a: gliscor is a n@zi|atk|2
|
|upkeep
|turn|11
|
|t:|1743867045
|move|p1a: The Light|Icy Wind|p2a: gliscor is a n@zi
|-damage|p2a: gliscor is a n@zi|90/100
|-unboost|p2a: gliscor is a n@zi|spe|1
|move|p2a: gliscor is a n@zi|Ivy Cudgel|p1a: The Light|[anim] Ivy Cudgel Water
|-damage|p1a: The Light|11/100
|
|upkeep
|turn|12
|
|t:|1743867051
|move|p1a: The Light|Icy Wind|p2a: gliscor is a n@zi
|-damage|p2a: gliscor is a n@zi|78/100
|-unboost|p2a: gliscor is a n@zi|spe|1
|move|p2a: gliscor is a n@zi|Ivy Cudgel|p1a: The Light|[anim] Ivy Cudgel Water
|-crit|p1a: The Light
|-damage|p1a: The Light|0 fnt
|faint|p1a: The Light
|
|upkeep
|
|t:|1743867060
|switch|p1a: The Replacement|Corviknight, M|100/100
|-ability|p1a: The Replacement|Pressure
|turn|13
|
|t:|1743867065
|switch|p2a: Iron Crown|Iron Crown|100/100
|move|p1a: The Replacement|Defog|p2a: Iron Crown
|-unboost|p2a: Iron Crown|evasion|1
|-sideend|p1: FittedCrib04|Spikes|[from] move: Defog|[of] p1a: The Replacement
|
|upkeep
|turn|14
|
|t:|1743867076
|move|p2a: Iron Crown|Volt Switch|p1a: The Replacement
|-supereffective|p1a: The Replacement
|-damage|p1a: The Replacement|29/100
|
|t:|1743867080
|-end|p2a: Iron Crown|Quark Drive|[silent]
|switch|p2a: Moltres|Moltres|100/100|[from] Volt Switch
|move|p1a: The Replacement|Brave Bird|p2a: Moltres
|-damage|p2a: Moltres|74/100
|-status|p1a: The Replacement|brn|[from] ability: Flame Body|[of] p2a: Moltres
|-damage|p1a: The Replacement|21/100 brn|[from] Recoil
|
|-damage|p1a: The Replacement|15/100 brn|[from] brn
|upkeep
|turn|15
|
|t:|1743867085
|switch|p1a: Garganacl|Garganacl, M|74/100
|move|p2a: Moltres|U-turn|p1a: Garganacl
|-damage|p1a: Garganacl|63/100
|
|t:|1743867087
|switch|p2a: gliscor is a n@zi|Ogerpon-Wellspring, F|78/100|[from] U-turn
|
|-heal|p1a: Garganacl|70/100|[from] item: Leftovers
|upkeep
|turn|16
|
|t:|1743867095
|-terastallize|p1a: Garganacl|Fairy
|move|p2a: gliscor is a n@zi|Ivy Cudgel|p1a: Garganacl|[anim] Ivy Cudgel Water
|-damage|p1a: Garganacl|33/100
|move|p1a: Garganacl|Salt Cure|p2a: gliscor is a n@zi
|-damage|p2a: gliscor is a n@zi|59/100
|-start|p2a: gliscor is a n@zi|Salt Cure
|
|-heal|p1a: Garganacl|39/100|[from] item: Leftovers
|-damage|p2a: gliscor is a n@zi|34/100|[from] Salt Cure
|upkeep
|turn|17
|
|t:|1743867101
|switch|p2a: Iron Crown|Iron Crown|100/100
|move|p1a: Garganacl|Recover|p1a: Garganacl
|-heal|p1a: Garganacl|89/100
|
|-heal|p1a: Garganacl|95/100|[from] item: Leftovers
|upkeep
|turn|18
|
|t:|1743867108
|move|p1a: Garganacl|Protect|p1a: Garganacl
|-singleturn|p1a: Garganacl|Protect
|move|p2a: Iron Crown|Tachyon Cutter|p1a: Garganacl
|-activate|p1a: Garganacl|move: Protect
|
|-heal|p1a: Garganacl|100/100|[from] item: Leftovers
|upkeep
|turn|19
|
|t:|1743867116
|switch|p1a: The Unbothered|Skeledirge, F|100/100
|move|p2a: Iron Crown|Tachyon Cutter|p1a: The Unbothered
|-resisted|p1a: The Unbothered
|-damage|p1a: The Unbothered|86/100
|-resisted|p1a: The Unbothered
|-damage|p1a: The Unbothered|73/100
|-hitcount|p1a: The Unbothered|2
|
|upkeep
|turn|20
|
|t:|1743867122
|-end|p2a: Iron Crown|Quark Drive|[silent]
|switch|p2a: Moltres|Moltres|74/100
|move|p1a: The Unbothered|Will-O-Wisp|p2a: Moltres
|-immune|p2a: Moltres
|
|upkeep
|turn|21
|
|t:|1743867133
|move|p2a: Moltres|Flamethrower|p1a: The Unbothered
|-resisted|p1a: The Unbothered
|-damage|p1a: The Unbothered|59/100
|move|p1a: The Unbothered|Torch Song|p2a: Moltres
|-resisted|p2a: Moltres
|-damage|p2a: Moltres|59/100
|-boost|p1a: The Unbothered|spa|1
|
|upkeep
|turn|22
|
|t:|1743867145
|switch|p2a: gliscor is a n@zi|Ogerpon-Wellspring, F|34/100
|move|p1a: The Unbothered|Slack Off|p1a: The Unbothered
|-heal|p1a: The Unbothered|100/100
|
|upkeep
|turn|23
|
|t:|1743867167
|switch|p1a: The Replacement|Corviknight, M|15/100 brn
|-ability|p1a: The Replacement|Pressure
|-terastallize|p2a: gliscor is a n@zi|Water
|detailschange|p2a: gliscor is a n@zi|Ogerpon-Wellspring-Tera, F, tera:Water
|-ability|p2a: gliscor is a n@zi|Embody Aspect (Wellspring)|boost
|-boost|p2a: gliscor is a n@zi|spd|1
|move|p2a: gliscor is a n@zi|Ivy Cudgel|p1a: The Replacement|[anim] Ivy Cudgel Water
|-crit|p1a: The Replacement
|-damage|p1a: The Replacement|0 fnt
|faint|p1a: The Replacement
|
|upkeep
|
|t:|1743867171
|switch|p1a: The Menace|Darkrai|15/100
|turn|24
|
|t:|1743867176
|move|p1a: The Menace|Dark Pulse|p2a: gliscor is a n@zi
|-damage|p2a: gliscor is a n@zi|0 fnt
|faint|p2a: gliscor is a n@zi
|
|upkeep
|
|t:|1743867179
|switch|p2a: Iron Treads|Iron Treads|100/100
|turn|25
|
|t:|1743867190
|move|p1a: The Menace|Will-O-Wisp|p2a: Iron Treads
|-status|p2a: Iron Treads|brn
|move|p2a: Iron Treads|Stealth Rock|p1a: The Menace
|-sidestart|p1: FittedCrib04|move: Stealth Rock
|
|-damage|p2a: Iron Treads|94/100 brn|[from] brn
|upkeep
|turn|26
|
|t:|1743867203
|switch|p1a: The Unbothered|Skeledirge, F|100/100
|move|p2a: Iron Treads|Ice Spinner|p1a: The Unbothered
|-resisted|p1a: The Unbothered
|-damage|p1a: The Unbothered|95/100
|
|-heal|p2a: Iron Treads|100/100 brn|[from] item: Leftovers
|-damage|p2a: Iron Treads|94/100 brn|[from] brn
|upkeep
|turn|27
|
|t:|1743867210
|move|p2a: Iron Treads|Earthquake|p1a: The Unbothered
|-supereffective|p1a: The Unbothered
|-crit|p1a: The Unbothered
|-damage|p1a: The Unbothered|32/100
|move|p1a: The Unbothered|Hex|p2a: Iron Treads
|-damage|p2a: Iron Treads|22/100 brn
|
|-heal|p2a: Iron Treads|29/100 brn|[from] item: Leftovers
|-damage|p2a: Iron Treads|22/100 brn|[from] brn
|upkeep
|turn|28
|
|t:|1743867214
|move|p2a: Iron Treads|Earthquake|p1a: The Unbothered
|-supereffective|p1a: The Unbothered
|-damage|p1a: The Unbothered|0 fnt
|faint|p1a: The Unbothered
|
|-heal|p2a: Iron Treads|29/100 brn|[from] item: Leftovers
|-damage|p2a: Iron Treads|22/100 brn|[from] brn
|upkeep
|
|t:|1743867226
|switch|p1a: The Indomitable|Suicune|100/100
|-damage|p1a: The Indomitable|88/100|[from] Stealth Rock
|-ability|p1a: The Indomitable|Pressure
|turn|29
|
|t:|1743867232
|move|p2a: Iron Treads|Earthquake|p1a: The Indomitable
|-damage|p1a: The Indomitable|71/100
|move|p1a: The Indomitable|Substitute|p1a: The Indomitable
|-start|p1a: The Indomitable|Substitute
|-damage|p1a: The Indomitable|46/100
|
|-heal|p2a: Iron Treads|29/100 brn|[from] item: Leftovers
|-heal|p1a: The Indomitable|52/100|[from] item: Leftovers
|-damage|p2a: Iron Treads|22/100 brn|[from] brn
|upkeep
|turn|30
|
|t:|1743867235
|-end|p2a: Iron Treads|Quark Drive|[silent]
|switch|p2a: Iron Crown|Iron Crown|100/100
|move|p1a: The Indomitable|Calm Mind|p1a: The Indomitable
|-boost|p1a: The Indomitable|spa|1
|-boost|p1a: The Indomitable|spd|1
|
|-heal|p1a: The Indomitable|58/100|[from] item: Leftovers
|upkeep
|turn|31
|
|t:|1743867238
|move|p2a: Iron Crown|Psyshock|p1a: The Indomitable
|-end|p1a: The Indomitable|Substitute
|move|p1a: The Indomitable|Scald|p2a: Iron Crown
|-damage|p2a: Iron Crown|66/100
|
|-heal|p1a: The Indomitable|65/100|[from] item: Leftovers
|upkeep
|turn|32
|
|t:|1743867242
|move|p1a: The Indomitable|Protect|p1a: The Indomitable
|-singleturn|p1a: The Indomitable|Protect
|move|p2a: Iron Crown|Psyshock|p1a: The Indomitable
|-activate|p1a: The Indomitable|move: Protect
|
|-heal|p1a: The Indomitable|71/100|[from] item: Leftovers
|upkeep
|turn|33
|
|t:|1743867250
|move|p2a: Iron Crown|Psyshock|p1a: The Indomitable
|-damage|p1a: The Indomitable|28/100
|move|p1a: The Indomitable|Scald|p2a: Iron Crown
|-damage|p2a: Iron Crown|28/100
|-status|p2a: Iron Crown|brn
|
|-heal|p1a: The Indomitable|34/100|[from] item: Leftovers
|-damage|p2a: Iron Crown|22/100 brn|[from] brn
|upkeep
|turn|34
|
|t:|1743867257
|-end|p2a: Iron Crown|Quark Drive|[silent]
|switch|p2a: Iron Treads|Iron Treads|22/100 brn
|move|p1a: The Indomitable|Protect||[still]
|-fail|p1a: The Indomitable
|
|-heal|p2a: Iron Treads|29/100 brn|[from] item: Leftovers
|-heal|p1a: The Indomitable|41/100|[from] item: Leftovers
|-damage|p2a: Iron Treads|22/100 brn|[from] brn
|upkeep
|turn|35
|
|t:|1743867262
|move|p1a: The Indomitable|Protect|p1a: The Indomitable
|-singleturn|p1a: The Indomitable|Protect
|move|p2a: Iron Treads|Earthquake|p1a: The Indomitable
|-activate|p1a: The Indomitable|move: Protect
|
|-heal|p2a: Iron Treads|29/100 brn|[from] item: Leftovers
|-heal|p1a: The Indomitable|47/100|[from] item: Leftovers
|-damage|p2a: Iron Treads|22/100 brn|[from] brn
|upkeep
|turn|36
|
|t:|1743867266
|move|p2a: Iron Treads|Earthquake|p1a: The Indomitable
|-damage|p1a: The Indomitable|30/100
|move|p1a: The Indomitable|Substitute|p1a: The Indomitable
|-start|p1a: The Indomitable|Substitute
|-damage|p1a: The Indomitable|5/100
|
|-heal|p2a: Iron Treads|29/100 brn|[from] item: Leftovers
|-heal|p1a: The Indomitable|11/100|[from] item: Leftovers
|-damage|p2a: Iron Treads|22/100 brn|[from] brn
|upkeep
|turn|37
|-message|nhg445 forfeited.
|
|win|FittedCrib04
|raw|FittedCrib04's rating: 1488 &rarr; <strong>1509</strong><br />(+21 for winning)
|raw|nhg445's rating: 1508 &rarr; <strong>1487</strong><br />(-21 for losing)
|l|☆nhg445
|player|p2|
|l|☆FittedCrib04
|player|p1|
