|j|☆Iliketobenoob
|j|☆RAGGNNAR
|t:|1743851862
|gametype|singles
|player|p1|Iliketobenoob|266|1232
|player|p2|RAGGNNAR|ruinmaniac|1218
|teamsize|p1|6
|teamsize|p2|6
|gen|9
|tier|[Gen 9] OU
|rated|
|rule|HP Percentage Mod: HP is shown in percentages
|rule|Endless Battle Clause: Forcing endless battles is banned
|rule|Species Clause: Limit one of each Pokémon
|rule|OHKO Clause: OHKO moves are banned
|rule|Evasion Items Clause: Evasion items are banned
|rule|Evasion Moves Clause: Evasion moves are banned
|rule|Sleep Moves Clause: Sleep-inducing moves are banned
|clearpoke
|poke|p1|Iron Valiant|
|poke|p1|Corviknight, M|
|poke|p1|Raging Bolt|
|poke|p1|Ogerpon-Wellspring, F|
|poke|p1|Slowking-Galar, M|
|poke|p1|Ting-Lu|
|poke|p2|Blissey, F|
|poke|p2|Alomomola, F|
|poke|p2|Conkeldurr, F|
|poke|p2|Sylveon, F|
|poke|p2|Cresselia, F|
|poke|p2|Amoonguss, F|
|teampreview
|inactive|Battle timer is ON: inactive players will automatically lose when time's up. (requested by RAGGNNAR)
|inactive|Iliketobenoob has 120 seconds left.
|
|t:|1743851901
|start
|switch|p1a: Corviknight|Corviknight, M, shiny|100/100
|switch|p2a: Sylveon|Sylveon, F|100/100
|turn|1
|
|t:|1743851913
|switch|p1a: Slowking|Slowking-Galar, M|100/100
|switch|p2a: Alomomola|Alomomola, F|100/100
|
|upkeep
|turn|2
|
|t:|1743851920
|move|p2a: Alomomola|Flip Turn|p1a: Slowking
|-damage|p1a: Slowking|76/100
|
|t:|1743851927
|switch|p2a: Amoonguss|Amoonguss, F|100/100|[from] Flip Turn
|-prepare|p1a: Slowking|Chilly Reception|[premajor]
|move|p1a: Slowking|Chilly Reception|p1a: Slowking
|-weather|Snowscape
|
|t:|1743851948
|switch|p1a: Corviknight|Corviknight, M, shiny|100/100|[from] Chilly Reception
|
|-weather|Snowscape|[upkeep]
|upkeep
|turn|3
|
|t:|1743851957
|switch|p2a: Alomomola|Alomomola, F|100/100
|move|p1a: Corviknight|Iron Defense|p1a: Corviknight
|-boost|p1a: Corviknight|def|2
|
|-weather|Snowscape|[upkeep]
|upkeep
|turn|4
|
|t:|1743851969
|move|p1a: Corviknight|Iron Defense|p1a: Corviknight
|-boost|p1a: Corviknight|def|2
|move|p2a: Alomomola|Flip Turn|p1a: Corviknight
|-damage|p1a: Corviknight|96/100
|-damage|p2a: Alomomola|84/100|[from] item: Rocky Helmet|[of] p1a: Corviknight
|
|t:|1743851982
|switch|p2a: Blissey|Blissey, F|100/100|[from] Flip Turn
|
|-weather|Snowscape|[upkeep]
|upkeep
|turn|5
|
|t:|1743851990
|-terastallize|p2a: Blissey|Ghost
|move|p1a: Corviknight|Body Press|p2a: Blissey
|-immune|p2a: Blissey
|move|p2a: Blissey|Flamethrower|p1a: Corviknight
|-supereffective|p1a: Corviknight
|-damage|p1a: Corviknight|52/100
|
|-weather|Snowscape|[upkeep]
|upkeep
|turn|6
|
|t:|1743852002
|switch|p1a: Slowking|Slowking-Galar, M|100/100
|move|p2a: Blissey|Flamethrower|p1a: Slowking
|-damage|p1a: Slowking|88/100
|
|-weather|none
|upkeep
|turn|7
|
|t:|1743852016
|move|p2a: Blissey|Shadow Ball|p1a: Slowking
|-supereffective|p1a: Slowking
|-damage|p1a: Slowking|52/100
|-unboost|p1a: Slowking|spd|1
|move|p1a: Slowking|Psychic Noise|p2a: Blissey
|-damage|p2a: Blissey|90/100
|-start|p2a: Blissey|move: Heal Block
|
|upkeep
|turn|8
|
|t:|1743852035
|switch|p1a: Ogerpon|Ogerpon-Wellspring, F|100/100
|move|p2a: Blissey|Shadow Ball|p1a: Ogerpon
|-damage|p1a: Ogerpon|61/100
|
|-end|p2a: Blissey|move: Heal Block
|upkeep
|turn|9
|
|t:|1743852051
|switch|p2a: Amoonguss|Amoonguss, F|100/100
|move|p1a: Ogerpon|Horn Leech|p2a: Amoonguss
|-resisted|p2a: Amoonguss
|-damage|p2a: Amoonguss|89/100
|-heal|p1a: Ogerpon|70/100|[from] drain|[of] p2a: Amoonguss
|
|upkeep
|turn|10
|
|t:|1743852059
|switch|p1a: Corviknight|Corviknight, M, shiny|52/100
|move|p2a: Amoonguss|Sludge Bomb|p1a: Corviknight
|-immune|p1a: Corviknight
|
|upkeep
|turn|11
|
|t:|1743852067
|switch|p2a: Alomomola|Alomomola, F|100/100
|move|p1a: Corviknight|Roost|p1a: Corviknight
|-heal|p1a: Corviknight|100/100
|-singleturn|p1a: Corviknight|move: Roost
|
|upkeep
|turn|12
|
|t:|1743852077
|move|p1a: Corviknight|Iron Defense|p1a: Corviknight
|-boost|p1a: Corviknight|def|2
|move|p2a: Alomomola|Wish|p2a: Alomomola
|
|upkeep
|turn|13
|
|t:|1743852100
|switch|p1a: Slowking|Slowking-Galar, M|85/100
|move|p2a: Alomomola|Flip Turn|p1a: Slowking
|-damage|p1a: Slowking|59/100
|
|t:|1743852115
|switch|p2a: Blissey|Blissey, F, tera:Ghost|90/100|[from] Flip Turn
|
|-heal|p2a: Blissey|100/100|[from] move: Wish|[wisher] Alomomola
|upkeep
|turn|14
|inactive|Iliketobenoob has 120 seconds left.
|inactive|Iliketobenoob has 90 seconds left.
|
|t:|1743852195
|switch|p1a: Ting-Lu|Ting-Lu|100/100
|-ability|p1a: Ting-Lu|Vessel of Ruin
|move|p2a: Blissey|Shadow Ball|p1a: Ting-Lu
|-resisted|p1a: Ting-Lu
|-damage|p1a: Ting-Lu|92/100
|
|-heal|p1a: Ting-Lu|98/100|[from] item: Leftovers
|upkeep
|turn|15
|
|t:|1743852208
|switch|p2a: Conkeldurr|Conkeldurr, F|100/100
|move|p1a: Ting-Lu|Stealth Rock|p2a: Conkeldurr
|-sidestart|p2: RAGGNNAR|move: Stealth Rock
|
|-heal|p1a: Ting-Lu|100/100|[from] item: Leftovers
|-status|p2a: Conkeldurr|brn|[from] item: Flame Orb
|upkeep
|turn|16
|
|t:|1743852220
|switch|p1a: Corviknight|Corviknight, M, shiny|100/100
|move|p2a: Conkeldurr|Defog|p1a: Corviknight
|-ability|p1a: Corviknight|Mirror Armor
|-unboost|p2a: Conkeldurr|evasion|1
|-sideend|p2: RAGGNNAR|Stealth Rock|[from] move: Defog|[of] p2a: Conkeldurr
|
|-damage|p2a: Conkeldurr|94/100 brn|[from] brn
|upkeep
|turn|17
|
|t:|1743852231
|switch|p2a: Alomomola|Alomomola, F|100/100
|move|p1a: Corviknight|Iron Defense|p1a: Corviknight
|-boost|p1a: Corviknight|def|2
|
|upkeep
|turn|18
|inactive|Iliketobenoob has 60 seconds left.
|
|t:|1743852254
|switch|p1a: Slowking|Slowking-Galar, M|93/100
|move|p2a: Alomomola|Flip Turn|p1a: Slowking
|-damage|p1a: Slowking|67/100
|
|t:|1743852263
|switch|p2a: Blissey|Blissey, F, tera:Ghost|100/100|[from] Flip Turn
|
|upkeep
|turn|19
|
|t:|1743852274
|switch|p1a: Ting-Lu|Ting-Lu|100/100
|-ability|p1a: Ting-Lu|Vessel of Ruin
|move|p2a: Blissey|Shadow Ball|p1a: Ting-Lu
|-resisted|p1a: Ting-Lu
|-damage|p1a: Ting-Lu|91/100
|
|-heal|p1a: Ting-Lu|97/100|[from] item: Leftovers
|upkeep
|turn|20
|
|t:|1743852287
|switch|p2a: Conkeldurr|Conkeldurr, F|94/100 brn
|move|p1a: Ting-Lu|Whirlwind|p2a: Conkeldurr
|drag|p2a: Blissey|Blissey, F, tera:Ghost|100/100
|
|-heal|p1a: Ting-Lu|100/100|[from] item: Leftovers
|upkeep
|turn|21
|
|t:|1743852299
|switch|p2a: Conkeldurr|Conkeldurr, F|94/100 brn
|move|p1a: Ting-Lu|Ruination|p2a: Conkeldurr
|-damage|p2a: Conkeldurr|48/100 brn
|
|-damage|p2a: Conkeldurr|42/100 brn|[from] brn
|upkeep
|turn|22
|
|t:|1743852308
|switch|p1a: Corviknight|Corviknight, M, shiny|100/100
|move|p2a: Conkeldurr|Drain Punch|p1a: Corviknight
|-crit|p1a: Corviknight
|-damage|p1a: Corviknight|36/100
|-heal|p2a: Conkeldurr|73/100 brn|[from] drain|[of] p1a: Corviknight
|-damage|p2a: Conkeldurr|56/100 brn|[from] item: Rocky Helmet|[of] p1a: Corviknight
|
|-damage|p2a: Conkeldurr|50/100 brn|[from] brn
|upkeep
|turn|23
|
|t:|1743852319
|move|p1a: Corviknight|Roost|p1a: Corviknight
|-heal|p1a: Corviknight|86/100
|-singleturn|p1a: Corviknight|move: Roost
|move|p2a: Conkeldurr|Drain Punch|p1a: Corviknight
|-supereffective|p1a: Corviknight
|-damage|p1a: Corviknight|1/100
|-heal|p2a: Conkeldurr|91/100 brn|[from] drain|[of] p1a: Corviknight
|-damage|p2a: Conkeldurr|74/100 brn|[from] item: Rocky Helmet|[of] p1a: Corviknight
|
|-damage|p2a: Conkeldurr|68/100 brn|[from] brn
|upkeep
|turn|24
|inactive|Iliketobenoob has 60 seconds left.
|
|t:|1743852351
|-terastallize|p1a: Corviknight|Fairy
|move|p2a: Conkeldurr|Mach Punch|p1a: Corviknight
|-resisted|p1a: Corviknight
|-damage|p1a: Corviknight|0 fnt
|-damage|p2a: Conkeldurr|52/100 brn|[from] item: Rocky Helmet|[of] p1a: Corviknight
|faint|p1a: Corviknight
|
|-damage|p2a: Conkeldurr|46/100 brn|[from] brn
|upkeep
|inactive|Iliketobenoob has 30 seconds left.
|inactive|Iliketobenoob has 20 seconds left.
|
|t:|1743852387
|switch|p1a: Ogerpon|Ogerpon-Wellspring, F|70/100
|turn|25
|inactive|Iliketobenoob has 30 seconds left this turn.
|
|t:|1743852392
|switch|p2a: Amoonguss|Amoonguss, F|100/100
|move|p1a: Ogerpon|Ivy Cudgel|p2a: Amoonguss|[anim] Ivy Cudgel Water
|-resisted|p2a: Amoonguss
|-damage|p2a: Amoonguss|71/100
|
|upkeep
|turn|26
|inactive|Iliketobenoob has 30 seconds left.
|
|t:|1743852403
|switch|p1a: Slowking|Slowking-Galar, M|100/100
|move|p2a: Amoonguss|Sludge Bomb|p1a: Slowking
|-resisted|p1a: Slowking
|-damage|p1a: Slowking|89/100
|
|upkeep
|turn|27
|inactive|Iliketobenoob has 30 seconds left.
|
|t:|1743852416
|switch|p2a: Cresselia|Cresselia, F|100/100
|move|p1a: Slowking|Psychic Noise|p2a: Cresselia
|-resisted|p2a: Cresselia
|-damage|p2a: Cresselia|90/100
|-start|p2a: Cresselia|move: Heal Block
|
|upkeep
|turn|28
|inactive|Iliketobenoob has 30 seconds left.
|
|t:|1743852427
|move|p2a: Cresselia|Ice Beam|p1a: Slowking
|-damage|p1a: Slowking|67/100
|move|p1a: Slowking|Sludge Bomb|p2a: Cresselia
|-damage|p2a: Cresselia|64/100
|
|-end|p2a: Cresselia|move: Heal Block
|upkeep
|turn|29
|inactive|Iliketobenoob has 30 seconds left.
|
|t:|1743852447
|move|p2a: Cresselia|Ice Beam|p1a: Slowking
|-damage|p1a: Slowking|44/100
|move|p1a: Slowking|Sludge Bomb|p2a: Cresselia
|-damage|p2a: Cresselia|38/100
|
|upkeep
|turn|30
|inactive|Iliketobenoob has 30 seconds left.
|
|t:|1743852456
|switch|p1a: Ogerpon|Ogerpon-Wellspring, F|70/100
|move|p2a: Cresselia|Ice Beam|p1a: Ogerpon
|-damage|p1a: Ogerpon|31/100
|
|upkeep
|turn|31
|inactive|Iliketobenoob has 30 seconds left.
|
|t:|1743852475
|switch|p2a: Amoonguss|Amoonguss, F|100/100
|move|p1a: Ogerpon|Horn Leech|p2a: Amoonguss
|-resisted|p2a: Amoonguss
|-damage|p2a: Amoonguss|89/100
|-heal|p1a: Ogerpon|39/100|[from] drain|[of] p2a: Amoonguss
|
|upkeep
|turn|32
|inactive|Iliketobenoob has 30 seconds left.
|
|t:|1743852489
|switch|p1a: Slowking|Slowking-Galar, M|77/100
|switch|p2a: Alomomola|Alomomola, F|100/100
|
|upkeep
|turn|33
|inactive|Iliketobenoob has 30 seconds left.
|
|t:|1743852500
|move|p2a: Alomomola|Liquidation|p1a: Slowking
|-damage|p1a: Slowking|40/100
|move|p1a: Slowking|Sludge Bomb|p2a: Alomomola
|-damage|p2a: Alomomola|58/100
|
|upkeep
|turn|34
|inactive|Iliketobenoob has 30 seconds left.
|
|t:|1743852510
|move|p2a: Alomomola|Wish|p2a: Alomomola
|move|p1a: Slowking|Slack Off|p1a: Slowking
|-heal|p1a: Slowking|90/100
|
|upkeep
|turn|35
|
|t:|1743852518
|move|p2a: Alomomola|Flip Turn|p1a: Slowking
|-damage|p1a: Slowking|65/100
|
|t:|1743852523
|switch|p2a: Cresselia|Cresselia, F|38/100|[from] Flip Turn
|move|p1a: Slowking|Sludge Bomb|p2a: Cresselia
|-damage|p2a: Cresselia|13/100
|
|-heal|p2a: Cresselia|83/100|[from] move: Wish|[wisher] Alomomola
|upkeep
|turn|36
|
|t:|1743852537
|move|p2a: Cresselia|Psychic|p1a: Slowking
|-damage|p1a: Slowking|32/100
|move|p1a: Slowking|Slack Off|p1a: Slowking
|-heal|p1a: Slowking|82/100
|
|upkeep
|turn|37
|
|t:|1743852544
|switch|p2a: Alomomola|Alomomola, F|91/100
|move|p1a: Slowking|Sludge Bomb|p2a: Alomomola
|-damage|p2a: Alomomola|52/100
|-status|p2a: Alomomola|psn
|
|-damage|p2a: Alomomola|40/100 psn|[from] psn
|upkeep
|turn|38
|
|t:|1743852555
|move|p2a: Alomomola|Flip Turn|p1a: Slowking
|-damage|p1a: Slowking|57/100
|
|t:|1743852559
|switch|p2a: Blissey|Blissey, F, tera:Ghost|100/100|[from] Flip Turn
|move|p1a: Slowking|Sludge Bomb|p2a: Blissey
|-resisted|p2a: Blissey
|-damage|p2a: Blissey|95/100
|
|-heal|p2a: Blissey|100/100|[from] item: Leftovers
|upkeep
|turn|39
|inactive|Iliketobenoob has 60 seconds left.
|
|t:|1743852571
|move|p2a: Blissey|Shadow Ball|p1a: Slowking
|-supereffective|p1a: Slowking
|-damage|p1a: Slowking|22/100
|-unboost|p1a: Slowking|spd|1
|move|p1a: Slowking|Slack Off|p1a: Slowking
|-heal|p1a: Slowking|72/100
|
|upkeep
|turn|40
|inactive|Iliketobenoob has 60 seconds left.
|
|t:|1743852579
|switch|p1a: Ting-Lu|Ting-Lu|100/100
|-ability|p1a: Ting-Lu|Vessel of Ruin
|move|p2a: Blissey|Shadow Ball|p1a: Ting-Lu
|-resisted|p1a: Ting-Lu
|-damage|p1a: Ting-Lu|92/100
|
|-heal|p1a: Ting-Lu|98/100|[from] item: Leftovers
|upkeep
|turn|41
|inactive|Iliketobenoob has 60 seconds left.
|
|t:|1743852593
|switch|p2a: Alomomola|Alomomola, F|73/100 psn
|move|p1a: Ting-Lu|Earthquake|p2a: Alomomola
|-damage|p2a: Alomomola|43/100 psn
|
|-heal|p1a: Ting-Lu|100/100|[from] item: Leftovers
|-damage|p2a: Alomomola|31/100 psn|[from] psn
|upkeep
|turn|42
|inactive|Iliketobenoob has 60 seconds left.
|
|t:|1743852605
|move|p2a: Alomomola|Wish|p2a: Alomomola
|move|p1a: Ting-Lu|Earthquake|p2a: Alomomola
|-damage|p2a: Alomomola|1/100 psn
|
|-damage|p2a: Alomomola|0 fnt|[from] psn
|faint|p2a: Alomomola
|upkeep
|
|t:|1743852621
|switch|p2a: Conkeldurr|Conkeldurr, F|46/100 brn
|turn|43
|
|t:|1743852632
|switch|p1a: Iron Valiant|Iron Valiant|100/100
|move|p2a: Conkeldurr|Drain Punch|p1a: Iron Valiant
|-resisted|p1a: Iron Valiant
|-damage|p1a: Iron Valiant|57/100
|-heal|p2a: Conkeldurr|61/100 brn|[from] drain|[of] p1a: Iron Valiant
|
|-heal|p2a: Conkeldurr|100/100 brn|[from] move: Wish|[wisher] Alomomola
|-heal|p1a: Iron Valiant|63/100|[from] item: Leftovers
|-damage|p2a: Conkeldurr|94/100 brn|[from] brn
|upkeep
|turn|44
|inactive|Iliketobenoob has 60 seconds left.
|
|t:|1743852650
|switch|p2a: Blissey|Blissey, F, tera:Ghost|100/100
|move|p1a: Iron Valiant|Moonblast|p2a: Blissey
|-damage|p2a: Blissey|83/100
|
|-heal|p1a: Iron Valiant|70/100|[from] item: Leftovers
|-heal|p2a: Blissey|89/100|[from] item: Leftovers
|upkeep
|turn|45
|inactive|Iliketobenoob has 60 seconds left.
|
|t:|1743852665
|-end|p1a: Iron Valiant|Quark Drive|[silent]
|switch|p1a: Slowking|Slowking-Galar, M|100/100
|move|p2a: Blissey|Flamethrower|p1a: Slowking
|-damage|p1a: Slowking|86/100
|-status|p1a: Slowking|brn
|
|-heal|p2a: Blissey|96/100|[from] item: Leftovers
|-damage|p1a: Slowking|80/100 brn|[from] brn
|upkeep
|turn|46
|inactive|Iliketobenoob has 60 seconds left.
|
|t:|1743852679
|move|p2a: Blissey|Shadow Ball|p1a: Slowking
|-supereffective|p1a: Slowking
|-damage|p1a: Slowking|43/100 brn
|move|p1a: Slowking|Sludge Bomb|p2a: Blissey
|-resisted|p2a: Blissey
|-damage|p2a: Blissey|90/100
|
|-heal|p2a: Blissey|96/100|[from] item: Leftovers
|-damage|p1a: Slowking|37/100 brn|[from] brn
|upkeep
|turn|47
|inactive|Iliketobenoob has 60 seconds left.
|
|t:|1743852697
|switch|p1a: Ting-Lu|Ting-Lu|100/100
|-ability|p1a: Ting-Lu|Vessel of Ruin
|move|p2a: Blissey|Flamethrower|p1a: Ting-Lu
|-damage|p1a: Ting-Lu|86/100
|
|-heal|p2a: Blissey|100/100|[from] item: Leftovers
|-heal|p1a: Ting-Lu|92/100|[from] item: Leftovers
|upkeep
|turn|48
|inactive|Iliketobenoob has 60 seconds left.
|
|t:|1743852713
|switch|p2a: Conkeldurr|Conkeldurr, F|94/100 brn
|move|p1a: Ting-Lu|Earthquake|p2a: Conkeldurr
|-damage|p2a: Conkeldurr|65/100 brn
|
|-heal|p1a: Ting-Lu|98/100|[from] item: Leftovers
|-damage|p2a: Conkeldurr|59/100 brn|[from] brn
|upkeep
|turn|49
|inactive|Iliketobenoob has 30 seconds left.
|
|t:|1743852743
|switch|p1a: Iron Valiant|Iron Valiant|70/100
|move|p2a: Conkeldurr|Ice Punch|p1a: Iron Valiant
|-damage|p1a: Iron Valiant|16/100
|
|-heal|p1a: Iron Valiant|22/100|[from] item: Leftovers
|-damage|p2a: Conkeldurr|53/100 brn|[from] brn
|upkeep
|turn|50
|inactive|Iliketobenoob has 30 seconds left.
|
|t:|1743852758
|move|p2a: Conkeldurr|Mach Punch|p1a: Iron Valiant
|-resisted|p1a: Iron Valiant
|-damage|p1a: Iron Valiant|0 fnt
|faint|p1a: Iron Valiant
|-end|p1a: Iron Valiant|Quark Drive|[silent]
|
|-damage|p2a: Conkeldurr|47/100 brn|[from] brn
|upkeep
|inactive|Iliketobenoob has 30 seconds left.
|inactive|Iliketobenoob has 20 seconds left.
|
|t:|1743852776
|switch|p1a: Ogerpon|Ogerpon-Wellspring, F|39/100
|turn|51
|inactive|Iliketobenoob has 30 seconds left this turn.
|
|t:|1743852784
|switch|p2a: Amoonguss|Amoonguss, F|100/100
|move|p1a: Ogerpon|Swords Dance|p1a: Ogerpon
|-boost|p1a: Ogerpon|atk|2
|
|upkeep
|turn|52
|inactive|Iliketobenoob has 30 seconds left.
|
|t:|1743852793
|move|p1a: Ogerpon|Ivy Cudgel|p2a: Amoonguss|[anim] Ivy Cudgel Water
|-resisted|p2a: Amoonguss
|-damage|p2a: Amoonguss|37/100
|move|p2a: Amoonguss|Sludge Bomb|p1a: Ogerpon
|-supereffective|p1a: Ogerpon
|-damage|p1a: Ogerpon|0 fnt
|faint|p1a: Ogerpon
|
|upkeep
|inactive|Iliketobenoob has 30 seconds left.
|
|t:|1743852806
|switch|p1a: Raging Bolt|Raging Bolt|100/100
|turn|53
|inactive|Iliketobenoob has 30 seconds left.
|
|t:|1743852812
|switch|p2a: Blissey|Blissey, F, tera:Ghost|100/100
|move|p1a: Raging Bolt|Calm Mind|p1a: Raging Bolt
|-boost|p1a: Raging Bolt|spa|1
|-boost|p1a: Raging Bolt|spd|1
|
|upkeep
|turn|54
|
|t:|1743852821
|move|p1a: Raging Bolt|Calm Mind|p1a: Raging Bolt
|-boost|p1a: Raging Bolt|spa|1
|-boost|p1a: Raging Bolt|spd|1
|move|p2a: Blissey|Shadow Ball|p1a: Raging Bolt
|-damage|p1a: Raging Bolt|87/100
|
|-heal|p1a: Raging Bolt|93/100|[from] item: Leftovers
|upkeep
|turn|55
|
|t:|1743852830
|switch|p2a: Cresselia|Cresselia, F|83/100
|move|p1a: Raging Bolt|Calm Mind|p1a: Raging Bolt
|-boost|p1a: Raging Bolt|spa|1
|-boost|p1a: Raging Bolt|spd|1
|
|-heal|p1a: Raging Bolt|99/100|[from] item: Leftovers
|upkeep
|turn|56
|
|t:|1743852839
|move|p2a: Cresselia|Moonblast|p1a: Raging Bolt
|-supereffective|p1a: Raging Bolt
|-damage|p1a: Raging Bolt|74/100
|-unboost|p1a: Raging Bolt|spa|1
|move|p1a: Raging Bolt|Thunderbolt|p2a: Cresselia
|-damage|p2a: Cresselia|19/100
|
|-heal|p1a: Raging Bolt|80/100|[from] item: Leftovers
|upkeep
|turn|57
|
|t:|1743852850
|move|p2a: Cresselia|Moonblast|p1a: Raging Bolt
|-supereffective|p1a: Raging Bolt
|-damage|p1a: Raging Bolt|54/100
|-unboost|p1a: Raging Bolt|spa|1
|move|p1a: Raging Bolt|Calm Mind|p1a: Raging Bolt
|-boost|p1a: Raging Bolt|spa|1
|-boost|p1a: Raging Bolt|spd|1
|
|-heal|p1a: Raging Bolt|60/100|[from] item: Leftovers
|upkeep
|turn|58
|
|t:|1743852861
|move|p1a: Raging Bolt|Thunderclap|p2a: Cresselia
|-damage|p2a: Cresselia|0 fnt
|faint|p2a: Cresselia
|
|-heal|p1a: Raging Bolt|67/100|[from] item: Leftovers
|upkeep
|
|t:|1743852872
|switch|p2a: Amoonguss|Amoonguss, F|71/100
|turn|59
|
|t:|1743852883
|move|p1a: Raging Bolt|Calm Mind|p1a: Raging Bolt
|-boost|p1a: Raging Bolt|spa|1
|-boost|p1a: Raging Bolt|spd|1
|move|p2a: Amoonguss|Sludge Bomb|p1a: Raging Bolt
|-damage|p1a: Raging Bolt|58/100
|
|-heal|p1a: Raging Bolt|64/100|[from] item: Leftovers
|upkeep
|turn|60
|
|t:|1743852892
|move|p1a: Raging Bolt|Calm Mind|p1a: Raging Bolt
|-boost|p1a: Raging Bolt|spa|1
|-boost|p1a: Raging Bolt|spd|1
|move|p2a: Amoonguss|Sludge Bomb|p1a: Raging Bolt
|-damage|p1a: Raging Bolt|56/100
|
|-heal|p1a: Raging Bolt|62/100|[from] item: Leftovers
|upkeep
|turn|61
|inactive|Iliketobenoob has 60 seconds left.
|
|t:|1743852902
|move|p1a: Raging Bolt|Draco Meteor|p2a: Amoonguss
|-damage|p2a: Amoonguss|0 fnt
|-unboost|p1a: Raging Bolt|spa|2
|faint|p2a: Amoonguss
|
|-heal|p1a: Raging Bolt|68/100|[from] item: Leftovers
|upkeep
|
|t:|1743852912
|switch|p2a: Sylveon|Sylveon, F|100/100
|turn|62
|
|t:|1743852920
|move|p1a: Raging Bolt|Thunderbolt|p2a: Sylveon
|-damage|p2a: Sylveon|64/100
|-status|p2a: Sylveon|par
|move|p2a: Sylveon|Psyshock|p1a: Raging Bolt
|-damage|p1a: Raging Bolt|52/100
|
|-heal|p1a: Raging Bolt|59/100|[from] item: Leftovers
|upkeep
|turn|63
|
|t:|1743852929
|move|p1a: Raging Bolt|Thunderbolt|p2a: Sylveon
|-damage|p2a: Sylveon|26/100 par
|move|p2a: Sylveon|Hyper Voice|p1a: Raging Bolt
|-supereffective|p1a: Raging Bolt
|-damage|p1a: Raging Bolt|35/100
|
|-heal|p1a: Raging Bolt|41/100|[from] item: Leftovers
|upkeep
|turn|64
|
|t:|1743852939
|move|p1a: Raging Bolt|Thunderbolt|p2a: Sylveon
|-damage|p2a: Sylveon|0 fnt
|faint|p2a: Sylveon
|
|-heal|p1a: Raging Bolt|47/100|[from] item: Leftovers
|upkeep
|
|t:|1743852945
|switch|p2a: Conkeldurr|Conkeldurr, F|47/100 brn
|turn|65
|
|t:|1743852951
|move|p1a: Raging Bolt|Thunderclap||[still]
|-fail|p1a: Raging Bolt
|move|p2a: Conkeldurr|Defog|p1a: Raging Bolt
|-unboost|p1a: Raging Bolt|evasion|1
|
|-heal|p1a: Raging Bolt|53/100|[from] item: Leftovers
|-damage|p2a: Conkeldurr|41/100 brn|[from] brn
|upkeep
|turn|66
|inactive|Iliketobenoob has 90 seconds left.
|
|t:|1743852964
|move|p1a: Raging Bolt|Thunderclap|p2a: Conkeldurr
|-damage|p2a: Conkeldurr|0 fnt
|faint|p2a: Conkeldurr
|
|-heal|p1a: Raging Bolt|60/100|[from] item: Leftovers
|upkeep
|-message|RAGGNNAR forfeited.
|
|win|Iliketobenoob
|raw|Iliketobenoob's rating: 1232 &rarr; <strong>1256</strong><br />(+24 for winning)
|raw|RAGGNNAR's rating: 1218 &rarr; <strong>1194</strong><br />(-24 for losing)
|l|☆RAGGNNAR
|player|p2|
