|j|☆roryta
|j|☆bn4040
|t:|1743937669
|gametype|singles
|player|p1|roryta|n|1094
|player|p2|bn4040|102|1118
|teamsize|p1|6
|teamsize|p2|6
|gen|9
|tier|[Gen 9] OU
|rated|
|rule|HP Percentage Mod: HP is shown in percentages
|rule|Endless Battle Clause: Forcing endless battles is banned
|rule|Species Clause: Limit one of each Pokémon
|rule|OHKO Clause: OHKO moves are banned
|rule|Evasion Items Clause: Evasion items are banned
|rule|Evasion Moves Clause: Evasion moves are banned
|rule|Sleep Moves Clause: Sleep-inducing moves are banned
|clearpoke
|poke|p1|Minior-Indigo|
|poke|p1|Braviary, M|
|poke|p1|Komala, M|
|poke|p1|Iron Moth|
|poke|p1|Dragonite, F|
|poke|p1|Kingambit, M|
|poke|p2|Walking Wake|
|poke|p2|Raging Bolt|
|poke|p2|Garchomp, M|
|poke|p2|Dragapult, M|
|poke|p2|Latios, M|
|poke|p2|Duraludon, M|
|teampreview
|inactive|Battle timer is ON: inactive players will automatically lose when time's up. (requested by roryta)
|
|t:|1743937680
|start
|switch|p1a: Braviary|Braviary, M, shiny|100/100
|switch|p2a: Duraludon|Duraludon, M|100/100
|turn|1
|
|t:|1743937689
|move|p1a: Braviary|Agility|p1a: Braviary
|-boost|p1a: Braviary|spe|2
|move|p2a: Duraludon|Dragon Pulse|p1a: Braviary
|-damage|p1a: Braviary|44/100
|
|upkeep
|turn|2
|
|t:|1743937700
|move|p1a: Braviary|Close Combat|p2a: Duraludon
|-supereffective|p2a: Duraludon
|-damage|p2a: Duraludon|47/100
|-unboost|p1a: Braviary|def|1
|-unboost|p1a: Braviary|spd|1
|move|p2a: Duraludon|Dragon Pulse|p1a: Braviary
|-damage|p1a: Braviary|0 fnt
|faint|p1a: Braviary
|
|upkeep
|
|t:|1743937710
|switch|p1a: Iron Moth|Iron Moth, shiny|100/100
|-enditem|p1a: Iron Moth|Booster Energy
|-activate|p1a: Iron Moth|ability: Quark Drive|[fromitem]
|-start|p1a: Iron Moth|quarkdrivespe
|turn|3
|
|t:|1743937718
|move|p1a: Iron Moth|Fiery Dance|p2a: Duraludon
|-damage|p2a: Duraludon|14/100
|-boost|p1a: Iron Moth|spa|1
|move|p2a: Duraludon|Body Press|p1a: Iron Moth
|-resisted|p1a: Iron Moth
|-damage|p1a: Iron Moth|82/100
|
|upkeep
|turn|4
|
|t:|1743937727
|move|p1a: Iron Moth|Fiery Dance|p2a: Duraludon
|-damage|p2a: Duraludon|0 fnt
|faint|p2a: Duraludon
|
|upkeep
|
|t:|1743937732
|switch|p2a: Garchomp|Garchomp, M|100/100
|turn|5
|
|t:|1743937742
|move|p1a: Iron Moth|Dazzling Gleam|p2a: Garchomp
|-supereffective|p2a: Garchomp
|-damage|p2a: Garchomp|19/100
|move|p2a: Garchomp|Earthquake|p1a: Iron Moth
|-supereffective|p1a: Iron Moth
|-damage|p1a: Iron Moth|0 fnt
|faint|p1a: Iron Moth
|-end|p1a: Iron Moth|Quark Drive|[silent]
|
|upkeep
|
|t:|1743937752
|switch|p1a: Komala|Komala, M|100/100
|-ability|p1a: Komala|Comatose
|turn|6
|
|t:|1743937758
|move|p2a: Garchomp|Swords Dance|p2a: Garchomp
|-boost|p2a: Garchomp|atk|2
|move|p1a: Komala|Rapid Spin|p2a: Garchomp
|-damage|p2a: Garchomp|0 fnt
|-boost|p1a: Komala|spe|1
|-damage|p1a: Komala|88/100|[from] ability: Rough Skin|[of] p2a: Garchomp
|-damage|p1a: Komala|72/100|[from] item: Rocky Helmet|[of] p2a: Garchomp
|faint|p2a: Garchomp
|
|upkeep
|
|t:|1743937770
|switch|p2a: Dragapult|Dragapult, M|100/100
|turn|7
|
|t:|1743937775
|move|p2a: Dragapult|Dragon Darts|p1a: Komala
|-damage|p1a: Komala|34/100
|-anim|p2a: Dragapult|Dragon Darts|p1a: Komala
|-damage|p1a: Komala|0 fnt
|faint|p1a: Komala
|
|upkeep
|
|t:|1743937787
|switch|p1a: Dragonite|Dragonite, F|100/100
|turn|8
|
|t:|1743937795
|-terastallize|p2a: Dragapult|Dragon
|move|p2a: Dragapult|Dragon Darts|p1a: Dragonite
|-supereffective|p1a: Dragonite
|-damage|p1a: Dragonite|57/100
|-anim|p2a: Dragapult|Dragon Darts|p1a: Dragonite
|-supereffective|p1a: Dragonite
|-damage|p1a: Dragonite|0 fnt
|faint|p1a: Dragonite
|
|upkeep
|
|t:|1743937804
|switch|p1a: Minior|Minior-Indigo, shiny|100/100
|-formechange|p1a: Minior|Minior-Meteor||[from] ability: Shields Down
|turn|9
|
|t:|1743937811
|move|p2a: Dragapult|Dragon Darts|p1a: Minior
|-damage|p1a: Minior|58/100
|-anim|p2a: Dragapult|Dragon Darts|p1a: Minior
|-damage|p1a: Minior|14/100
|move|p1a: Minior|Shell Smash|p1a: Minior
|-unboost|p1a: Minior|def|1
|-unboost|p1a: Minior|spd|1
|-boost|p1a: Minior|atk|2
|-boost|p1a: Minior|spa|2
|-boost|p1a: Minior|spe|2
|-enditem|p1a: Minior|White Herb
|-clearnegativeboost|p1a: Minior|[silent]
|
|-formechange|p1a: Minior|Minior-Indigo||[from] ability: Shields Down
|upkeep
|turn|10
|
|t:|1743937827
|move|p1a: Minior|Acrobatics|p2a: Dragapult
|-damage|p2a: Dragapult|0 fnt
|-start|p1a: Minior|Disable|Acrobatics|[from] ability: Cursed Body|[of] p2a: Dragapult
|faint|p2a: Dragapult
|
|upkeep
|
|t:|1743937838
|switch|p2a: Walking Wake|Walking Wake|100/100
|turn|11
|
|t:|1743937850
|move|p1a: Minior|Stone Edge|p2a: Walking Wake
|-damage|p2a: Walking Wake|0 fnt
|faint|p2a: Walking Wake
|-end|p2a: Walking Wake|Protosynthesis|[silent]
|
|upkeep
|
|t:|1743937856
|switch|p2a: Raging Bolt|Raging Bolt|100/100
|turn|12
|
|t:|1743937862
|move|p1a: Minior|Earthquake|p2a: Raging Bolt
|-supereffective|p2a: Raging Bolt
|-damage|p2a: Raging Bolt|14/100
|move|p2a: Raging Bolt|Dragon Pulse|p1a: Minior
|-damage|p1a: Minior|0 fnt
|faint|p1a: Minior
|
|upkeep
|
|t:|1743937870
|switch|p1a: Kingambit|Kingambit, M, shiny|100/100
|-activate|p1a: Kingambit|ability: Supreme Overlord
|-start|p1a: Kingambit|fallen5|[silent]
|turn|13
|
|t:|1743937876
|move|p1a: Kingambit|Sucker Punch|p2a: Raging Bolt
|-damage|p2a: Raging Bolt|0 fnt
|faint|p2a: Raging Bolt
|-end|p2a: Raging Bolt|Protosynthesis|[silent]
|-damage|p1a: Kingambit|91/100|[from] item: Life Orb
|
|upkeep
|
|t:|1743937882
|switch|p2a: Latios|Latios, M|100/100
|turn|14
|
|t:|1743937886
|move|p1a: Kingambit|Sucker Punch|p2a: Latios
|-supereffective|p2a: Latios
|-damage|p2a: Latios|0 fnt
|faint|p2a: Latios
|-damage|p1a: Kingambit|81/100|[from] item: Life Orb
|
|win|roryta
|raw|roryta's rating: 1094 &rarr; <strong>1122</strong><br />(+28 for winning)
|raw|bn4040's rating: 1118 &rarr; <strong>1091</strong><br />(-27 for losing)
|l|☆bn4040
|player|p2|
|l|☆roryta
|player|p1|
