|j|☆Y.V_Mad1
|j|☆petfoirax
|t:|1743883483
|gametype|singles
|player|p1|Y.V_Mad1|gloria-dojo|1576
|player|p2|petfoirax|2|1511
|teamsize|p1|6
|teamsize|p2|6
|gen|9
|tier|[Gen 9] OU
|rated|
|rule|HP Percentage Mod: HP is shown in percentages
|rule|Endless Battle Clause: Forcing endless battles is banned
|rule|Species Clause: Limit one of each Pokémon
|rule|OHKO Clause: OHKO moves are banned
|rule|Evasion Items Clause: Evasion items are banned
|rule|Evasion Moves Clause: Evasion moves are banned
|rule|Sleep Moves Clause: Sleep-inducing moves are banned
|clearpoke
|poke|p1|Araquanid, F|
|poke|p1|Cinderace, M|
|poke|p1|Kingambit, F|
|poke|p1|Dragonite, F|
|poke|p1|Iron Treads|
|poke|p1|Pecharunt|
|poke|p2|Alomomola, M|
|poke|p2|Lokix, M|
|poke|p2|Hatterene, F|
|poke|p2|Cinderace, M|
|poke|p2|Garganacl, F|
|poke|p2|Sandy Shocks|
|teampreview
|inactive|Battle timer is ON: inactive players will automatically lose when time's up. (requested by Y.V_Mad1)
|
|t:|1743883498
|start
|switch|p1a: Stupider|Araquanid, F, shiny|100/100
|switch|p2a: Lokix|Lokix, M|100/100
|turn|1
|
|t:|1743883506
|move|p2a: Lokix|U-turn|p1a: Stupider
|-damage|p1a: Stupider|65/100
|
|t:|1743883512
|switch|p2a: Alomomola|Alomomola, M|100/100|[from] U-turn
|move|p1a: Stupider|Liquidation|p2a: Alomomola
|-resisted|p2a: Alomomola
|-damage|p2a: Alomomola|85/100
|
|upkeep
|turn|2
|
|t:|1743883520
|move|p2a: Alomomola|Flip Turn|p1a: Stupider
|-resisted|p1a: Stupider
|-damage|p1a: Stupider|59/100
|
|t:|1743883522
|switch|p2a: Sandy Shocks|Sandy Shocks|100/100|[from] Flip Turn
|-enditem|p2a: Sandy Shocks|Booster Energy
|-activate|p2a: Sandy Shocks|ability: Protosynthesis|[fromitem]
|-start|p2a: Sandy Shocks|protosynthesisspa
|move|p1a: Stupider|Sticky Web|p2a: Sandy Shocks
|-sidestart|p2: petfoirax|move: Sticky Web
|
|upkeep
|turn|3
|
|t:|1743883528
|switch|p1a: Tusk: Act IV|Iron Treads|100/100
|-enditem|p1a: Tusk: Act IV|Booster Energy
|-activate|p1a: Tusk: Act IV|ability: Quark Drive|[fromitem]
|-start|p1a: Tusk: Act IV|quarkdriveatk
|move|p2a: Sandy Shocks|Volt Switch|p1a: Tusk: Act IV
|-immune|p1a: Tusk: Act IV
|
|upkeep
|turn|4
|
|t:|1743883538
|-end|p2a: Sandy Shocks|Protosynthesis|[silent]
|switch|p2a: Alomomola|Alomomola, M|100/100
|-activate|p2a: Alomomola|move: Sticky Web
|-unboost|p2a: Alomomola|spe|1
|-terastallize|p1a: Tusk: Act IV|Ghost
|move|p1a: Tusk: Act IV|Rapid Spin|p2a: Alomomola
|-damage|p2a: Alomomola|84/100
|-boost|p1a: Tusk: Act IV|spe|1
|
|upkeep
|turn|5
|
|t:|1743883546
|move|p1a: Tusk: Act IV|Supercell Slam|p2a: Alomomola
|-supereffective|p2a: Alomomola
|-damage|p2a: Alomomola|24/100
|move|p2a: Alomomola|Scald|p1a: Tusk: Act IV
|-damage|p1a: Tusk: Act IV|81/100
|-status|p1a: Tusk: Act IV|brn
|
|-damage|p1a: Tusk: Act IV|74/100 brn|[from] brn
|upkeep
|turn|6
|
|t:|1743883562
|-end|p1a: Tusk: Act IV|Quark Drive|[silent]
|switch|p1a: Stupider|Araquanid, F, shiny|59/100
|switch|p2a: Garganacl|Garganacl, F|100/100
|-activate|p2a: Garganacl|move: Sticky Web
|-unboost|p2a: Garganacl|spe|1
|
|upkeep
|turn|7
|
|t:|1743883567
|switch|p2a: Alomomola|Alomomola, M|58/100
|-activate|p2a: Alomomola|move: Sticky Web
|-unboost|p2a: Alomomola|spe|1
|move|p1a: Stupider|Liquidation|p2a: Alomomola
|-resisted|p2a: Alomomola
|-damage|p2a: Alomomola|42/100
|
|upkeep
|turn|8
|
|t:|1743883571
|move|p1a: Stupider|Liquidation|p2a: Alomomola
|-resisted|p2a: Alomomola
|-damage|p2a: Alomomola|28/100
|-unboost|p2a: Alomomola|def|1
|move|p2a: Alomomola|Flip Turn|p1a: Stupider
|-resisted|p1a: Stupider
|-damage|p1a: Stupider|53/100
|
|t:|1743883582
|switch|p2a: Cinderace|Cinderace, M|100/100|[from] Flip Turn
|
|upkeep
|turn|9
|
|t:|1743883585
|switch|p2a: Alomomola|Alomomola, M|61/100
|-activate|p2a: Alomomola|move: Sticky Web
|-unboost|p2a: Alomomola|spe|1
|move|p1a: Stupider|Endeavor|p2a: Alomomola
|-damage|p2a: Alomomola|35/100
|
|upkeep
|turn|10
|
|t:|1743883588
|move|p1a: Stupider|Lunge|p2a: Alomomola
|-damage|p2a: Alomomola|21/100
|-unboost|p2a: Alomomola|atk|1
|move|p2a: Alomomola|Flip Turn|p1a: Stupider
|-resisted|p1a: Stupider
|-damage|p1a: Stupider|49/100
|
|t:|1743883596
|switch|p2a: Sandy Shocks|Sandy Shocks|100/100|[from] Flip Turn
|-activate|p2a: Sandy Shocks|move: Sticky Web
|-unboost|p2a: Sandy Shocks|spe|1
|
|upkeep
|turn|11
|
|t:|1743883602
|move|p2a: Sandy Shocks|Volt Switch|p1a: Stupider
|-supereffective|p1a: Stupider
|-damage|p1a: Stupider|0 fnt
|faint|p1a: Stupider
|
|t:|1743883608
|-end|p2a: Sandy Shocks|Protosynthesis|[silent]
|switch|p2a: Alomomola|Alomomola, M|54/100|[from] Volt Switch
|-activate|p2a: Alomomola|move: Sticky Web
|-unboost|p2a: Alomomola|spe|1
|
|upkeep
|
|t:|1743883616
|switch|p1a: Tusk: Act IV|Iron Treads, tera:Ghost|74/100 brn
|turn|12
|
|t:|1743883622
|move|p1a: Tusk: Act IV|Earthquake|p2a: Alomomola
|-damage|p2a: Alomomola|37/100
|move|p2a: Alomomola|Flip Turn|p1a: Tusk: Act IV
|-damage|p1a: Tusk: Act IV|60/100 brn
|
|t:|1743883626
|switch|p2a: Cinderace|Cinderace, M|100/100|[from] Flip Turn
|
|-damage|p1a: Tusk: Act IV|54/100 brn|[from] brn
|upkeep
|turn|13
|
|t:|1743883629
|move|p2a: Cinderace|Court Change|p2a: Cinderace
|-start|p2a: Cinderace|typechange|Normal|[from] ability: Libero
|-swapsideconditions
|-activate|p2a: Cinderace|move: Court Change
|move|p1a: Tusk: Act IV|Earthquake|p2a: Cinderace
|-damage|p2a: Cinderace|65/100
|
|-damage|p1a: Tusk: Act IV|48/100 brn|[from] brn
|upkeep
|turn|14
|
|t:|1743883635
|-terastallize|p2a: Cinderace|Ghost
|move|p2a: Cinderace|Pyro Ball|p1a: Tusk: Act IV
|-damage|p1a: Tusk: Act IV|15/100 brn
|move|p1a: Tusk: Act IV|Rapid Spin|p2a: Cinderace
|-immune|p2a: Cinderace
|
|-damage|p1a: Tusk: Act IV|9/100 brn|[from] brn
|upkeep
|turn|15
|
|t:|1743883641
|move|p2a: Cinderace|U-turn|p1a: Tusk: Act IV
|-resisted|p1a: Tusk: Act IV
|-damage|p1a: Tusk: Act IV|0 fnt
|faint|p1a: Tusk: Act IV
|-end|p1a: Tusk: Act IV|Quark Drive|[silent]
|
|t:|1743883645
|switch|p2a: Lokix|Lokix, M|100/100|[from] U-turn
|
|upkeep
|
|t:|1743883647
|switch|p1a: Project Mbappe|Cinderace, M|100/100
|-activate|p1a: Project Mbappe|move: Sticky Web
|-unboost|p1a: Project Mbappe|spe|1
|turn|16
|
|t:|1743883659
|move|p2a: Lokix|Knock Off|p1a: Project Mbappe
|-damage|p1a: Project Mbappe|1/100
|-enditem|p1a: Project Mbappe|Life Orb|[from] move: Knock Off|[of] p2a: Lokix
|move|p1a: Project Mbappe|Pyro Ball|p2a: Lokix
|-supereffective|p2a: Lokix
|-damage|p2a: Lokix|0 fnt
|faint|p2a: Lokix
|
|upkeep
|
|t:|1743883668
|switch|p2a: Cinderace|Cinderace, M, tera:Ghost|65/100
|turn|17
|
|t:|1743883670
|move|p1a: Project Mbappe|Sucker Punch|p2a: Cinderace
|-start|p1a: Project Mbappe|typechange|Dark|[from] ability: Libero
|-supereffective|p2a: Cinderace
|-damage|p2a: Cinderace|0 fnt
|faint|p2a: Cinderace
|
|upkeep
|
|t:|1743883673
|switch|p2a: Sandy Shocks|Sandy Shocks|100/100
|turn|18
|
|t:|1743883679
|move|p1a: Project Mbappe|Sucker Punch|p2a: Sandy Shocks
|-damage|p2a: Sandy Shocks|61/100
|move|p2a: Sandy Shocks|Volt Switch|p1a: Project Mbappe
|-damage|p1a: Project Mbappe|0 fnt
|faint|p1a: Project Mbappe
|
|t:|1743883684
|-end|p2a: Sandy Shocks|Protosynthesis|[silent]
|switch|p2a: Garganacl|Garganacl, F|100/100|[from] Volt Switch
|
|upkeep
|
|t:|1743883689
|switch|p1a: Suavamente|Dragonite, F|100/100
|turn|19
|
|t:|1743883692
|move|p1a: Suavamente|Earthquake|p2a: Garganacl
|-supereffective|p2a: Garganacl
|-damage|p2a: Garganacl|52/100
|move|p2a: Garganacl|Iron Defense|p2a: Garganacl
|-boost|p2a: Garganacl|def|2
|
|-heal|p2a: Garganacl|58/100|[from] item: Leftovers
|upkeep
|turn|20
|
|t:|1743883697
|move|p2a: Garganacl|Iron Defense|p2a: Garganacl
|-boost|p2a: Garganacl|def|2
|move|p1a: Suavamente|Dragon Tail|p2a: Garganacl
|-damage|p2a: Garganacl|49/100
|drag|p2a: Alomomola|Alomomola, M|70/100
|
|upkeep
|turn|21
|
|t:|1743883703
|move|p1a: Suavamente|Dragon Dance|p1a: Suavamente
|-boost|p1a: Suavamente|atk|1
|-boost|p1a: Suavamente|spe|1
|move|p2a: Alomomola|Scald|p1a: Suavamente
|-resisted|p1a: Suavamente
|-damage|p1a: Suavamente|97/100
|
|upkeep
|turn|22
|
|t:|1743883708
|move|p1a: Suavamente|Dragon Dance|p1a: Suavamente
|-boost|p1a: Suavamente|atk|1
|-boost|p1a: Suavamente|spe|1
|move|p2a: Alomomola|Flip Turn|p1a: Suavamente
|-resisted|p1a: Suavamente
|-damage|p1a: Suavamente|87/100
|
|t:|1743883709
|switch|p2a: Hatterene|Hatterene, F|100/100|[from] Flip Turn
|
|upkeep
|turn|23
|
|t:|1743883712
|move|p1a: Suavamente|Earthquake|p2a: Hatterene
|-damage|p2a: Hatterene|11/100
|move|p2a: Hatterene|Draining Kiss|p1a: Suavamente
|-supereffective|p1a: Suavamente
|-damage|p1a: Suavamente|0 fnt
|-heal|p2a: Hatterene|77/100|[from] drain|[of] p1a: Suavamente
|faint|p1a: Suavamente
|
|upkeep
|
|t:|1743883714
|switch|p1a: Momo|Pecharunt|100/100
|-item|p1a: Momo|Air Balloon
|turn|24
|
|t:|1743883718
|switch|p2a: Alomomola|Alomomola, M|100/100
|move|p1a: Momo|Malignant Chain|p2a: Alomomola
|-damage|p2a: Alomomola|81/100
|
|upkeep
|turn|25
|
|t:|1743883722
|move|p1a: Momo|Malignant Chain|p2a: Alomomola
|-damage|p2a: Alomomola|62/100
|move|p2a: Alomomola|Flip Turn|p1a: Momo
|-crit|p1a: Momo
|-damage|p1a: Momo|84/100
|-enditem|p1a: Momo|Air Balloon
|
|t:|1743883724
|switch|p2a: Garganacl|Garganacl, F|49/100|[from] Flip Turn
|
|-heal|p2a: Garganacl|55/100|[from] item: Leftovers
|upkeep
|turn|26
|
|t:|1743883727
|move|p1a: Momo|Nasty Plot|p1a: Momo
|-boost|p1a: Momo|spa|2
|move|p2a: Garganacl|Iron Defense|p2a: Garganacl
|-boost|p2a: Garganacl|def|2
|
|-heal|p2a: Garganacl|62/100|[from] item: Leftovers
|upkeep
|turn|27
|
|t:|1743883731
|move|p1a: Momo|Shadow Ball|p2a: Garganacl
|-damage|p2a: Garganacl|40/100
|move|p2a: Garganacl|Salt Cure|p1a: Momo
|-damage|p1a: Momo|74/100
|-start|p1a: Momo|Salt Cure
|
|-heal|p2a: Garganacl|46/100|[from] item: Leftovers
|-damage|p1a: Momo|62/100|[from] Salt Cure
|upkeep
|turn|28
|
|t:|1743883734
|move|p1a: Momo|Nasty Plot|p1a: Momo
|-boost|p1a: Momo|spa|2
|move|p2a: Garganacl|Recover|p2a: Garganacl
|-heal|p2a: Garganacl|96/100
|
|-heal|p2a: Garganacl|100/100|[from] item: Leftovers
|-damage|p1a: Momo|50/100|[from] Salt Cure
|upkeep
|turn|29
|
|t:|1743883748
|switch|p2a: Hatterene|Hatterene, F|77/100
|move|p1a: Momo|Shadow Ball|p2a: Hatterene
|-supereffective|p2a: Hatterene
|-damage|p2a: Hatterene|0 fnt
|faint|p2a: Hatterene
|
|-damage|p1a: Momo|37/100|[from] Salt Cure
|upkeep
|
|t:|1743883750
|switch|p2a: Sandy Shocks|Sandy Shocks|61/100
|turn|30
|
|t:|1743883752
|move|p2a: Sandy Shocks|Earth Power|p1a: Momo
|-supereffective|p1a: Momo
|-damage|p1a: Momo|0 fnt
|faint|p1a: Momo
|
|upkeep
|
|t:|1743883754
|switch|p1a: KinGOATbit|Kingambit, F|100/100
|-activate|p1a: KinGOATbit|move: Sticky Web
|-unboost|p1a: KinGOATbit|spe|1
|-activate|p1a: KinGOATbit|ability: Supreme Overlord
|-start|p1a: KinGOATbit|fallen5|[silent]
|turn|31
|
|t:|1743883759
|move|p1a: KinGOATbit|Sucker Punch|p2a: Sandy Shocks
|-damage|p2a: Sandy Shocks|0 fnt
|faint|p2a: Sandy Shocks
|-end|p2a: Sandy Shocks|Protosynthesis|[silent]
|
|upkeep
|
|t:|1743883761
|switch|p2a: Garganacl|Garganacl, F|100/100
|turn|32
|
|t:|1743883771
|move|p1a: KinGOATbit|Iron Head|p2a: Garganacl
|-supereffective|p2a: Garganacl
|-damage|p2a: Garganacl|2/100
|move|p2a: Garganacl|Body Press|p1a: KinGOATbit
|-supereffective|p1a: KinGOATbit
|-damage|p1a: KinGOATbit|17/100
|
|-heal|p2a: Garganacl|9/100|[from] item: Leftovers
|upkeep
|turn|33
|
|t:|1743883777
|move|p1a: KinGOATbit|Iron Head|p2a: Garganacl
|-supereffective|p2a: Garganacl
|-damage|p2a: Garganacl|0 fnt
|faint|p2a: Garganacl
|
|upkeep
|
|t:|1743883779
|switch|p2a: Alomomola|Alomomola, M|95/100
|turn|34
|
|t:|1743883791
|move|p1a: KinGOATbit|Sucker Punch|p2a: Alomomola
|-damage|p2a: Alomomola|40/100
|move|p2a: Alomomola|Scald|p1a: KinGOATbit
|-damage|p1a: KinGOATbit|0 fnt
|faint|p1a: KinGOATbit
|-end|p1a: KinGOATbit|fallen5|[silent]
|
|win|petfoirax
|raw|Y.V_Mad1's rating: 1576 &rarr; <strong>1552</strong><br />(-24 for losing)
|raw|petfoirax's rating: 1511 &rarr; <strong>1535</strong><br />(+24 for winning)
|l|☆Y.V_Mad1
|player|p1|
|l|☆petfoirax
|player|p2|
