|j|☆sevenight
|j|☆u.lose.i.win8374
|t:|1743840836
|gametype|singles
|player|p1|sevenight|2|1174
|player|p2|u.lose.i.win8374|102|1168
|teamsize|p1|6
|teamsize|p2|6
|gen|9
|tier|[Gen 9] OU
|rated|
|rule|HP Percentage Mod: HP is shown in percentages
|rule|Endless Battle Clause: Forcing endless battles is banned
|rule|Species Clause: Limit one of each Pokémon
|rule|OHKO Clause: OHKO moves are banned
|rule|Evasion Items Clause: Evasion items are banned
|rule|Evasion Moves Clause: Evasion moves are banned
|rule|Sleep Moves Clause: Sleep-inducing moves are banned
|clearpoke
|poke|p1|Cinccino, F|
|poke|p1|Primarina, M|
|poke|p1|Landorus-Therian, M|
|poke|p1|Walking Wake|
|poke|p1|Kyurem|
|poke|p1|Moltres|
|poke|p2|Zarude|
|poke|p2|Greninja-*, M|
|poke|p2|Blaziken, M|
|poke|p2|Espeon, F|
|poke|p2|Kommo-o, F|
|poke|p2|Grimmsnarl, M|
|teampreview
|inactive|Battle timer is ON: inactive players will automatically lose when time's up. (requested by u.lose.i.win8374)
|inactive|sevenight also wants the timer to be on.
|c|☆u.lose.i.win8374|We in aod
|
|t:|1743840863
|start
|switch|p1a: Cinccino|Cinccino, F|100/100
|switch|p2a: Piccolo|Grimmsnarl, M|100/100
|turn|1
|c|☆u.lose.i.win8374|I wont lose for malcolm X
|
|t:|1743840889
|move|p2a: Piccolo|Reflect|p2a: Piccolo
|-sidestart|p2: u.lose.i.win8374|Reflect
|move|p1a: Cinccino|Bullet Seed|p2a: Piccolo
|-damage|p2a: Piccolo|94/100
|-damage|p2a: Piccolo|87/100
|-damage|p2a: Piccolo|81/100
|-damage|p2a: Piccolo|74/100
|-hitcount|p2a: Piccolo|4
|
|upkeep
|turn|2
|
|t:|1743840893
|switch|p1a: Landorus|Landorus-Therian, M|100/100
|-ability|p1a: Landorus|Intimidate|boost
|-unboost|p2a: Piccolo|atk|1
|move|p2a: Piccolo|Spirit Break|p1a: Landorus
|-damage|p1a: Landorus|76/100
|-unboost|p1a: Landorus|spa|1
|
|upkeep
|turn|3
|
|t:|1743840899
|move|p2a: Piccolo|Parting Shot|p1a: Landorus
|-unboost|p1a: Landorus|atk|1
|-unboost|p1a: Landorus|spa|1
|
|t:|1743840902
|switch|p2a: Fuh yo hazards|Espeon, F|100/100|[from] Parting Shot
|move|p1a: Landorus|Brick Break|p2a: Fuh yo hazards
|-sideend|p2: u.lose.i.win8374|Reflect
|-resisted|p2a: Fuh yo hazards
|-damage|p2a: Fuh yo hazards|73/100
|
|upkeep
|turn|4
|
|t:|1743840913
|switch|p1a: Cinccino|Cinccino, F|100/100
|move|p2a: Fuh yo hazards|Trick|p1a: Cinccino
|-activate|p2a: Fuh yo hazards|move: Trick|[of] p1a: Cinccino
|-item|p1a: Cinccino|Choice Scarf|[from] move: Trick
|-item|p2a: Fuh yo hazards|Loaded Dice|[from] move: Trick
|
|upkeep
|turn|5
|
|t:|1743840923
|move|p1a: Cinccino|Triple Axel|p2a: Fuh yo hazards
|-damage|p2a: Fuh yo hazards|57/100
|-damage|p2a: Fuh yo hazards|23/100
|-damage|p2a: Fuh yo hazards|0 fnt
|faint|p2a: Fuh yo hazards
|-hitcount|p2: Fuh yo hazards|3
|
|upkeep
|
|t:|1743840929
|switch|p2a: Piccolo|Grimmsnarl, M|74/100
|turn|6
|
|t:|1743840936
|move|p2a: Piccolo|Reflect|p2a: Piccolo
|-sidestart|p2: u.lose.i.win8374|Reflect
|move|p1a: Cinccino|Triple Axel|p2a: Piccolo
|-damage|p2a: Piccolo|69/100
|-damage|p2a: Piccolo|59/100
|-hitcount|p2a: Piccolo|2
|
|upkeep
|turn|7
|
|t:|1743840940
|switch|p1a: Landorus|Landorus-Therian, M|76/100
|-ability|p1a: Landorus|Intimidate|boost
|-unboost|p2a: Piccolo|atk|1
|move|p2a: Piccolo|Parting Shot|p1a: Landorus
|-unboost|p1a: Landorus|atk|1
|-unboost|p1a: Landorus|spa|1
|
|t:|1743840943
|switch|p2a: Vegeta|Greninja, M|100/100|[from] Parting Shot
|
|upkeep
|turn|8
|
|t:|1743840952
|switch|p1a: Walking Wake|Walking Wake|100/100
|move|p2a: Vegeta|Surf|p1a: Walking Wake
|-resisted|p1a: Walking Wake
|-damage|p1a: Walking Wake|89/100
|
|upkeep
|turn|9
|
|t:|1743840968
|switch|p2a: Piccolo|Grimmsnarl, M|59/100
|move|p1a: Walking Wake|Draco Meteor|p2a: Piccolo
|-immune|p2a: Piccolo
|
|upkeep
|turn|10
|
|t:|1743840974
|-end|p1a: Walking Wake|Protosynthesis|[silent]
|switch|p1a: Landorus|Landorus-Therian, M|76/100
|-ability|p1a: Landorus|Intimidate|boost
|-unboost|p2a: Piccolo|atk|1
|move|p2a: Piccolo|Light Screen|p2a: Piccolo
|-sidestart|p2: u.lose.i.win8374|move: Light Screen
|
|upkeep
|turn|11
|
|t:|1743840976
|move|p1a: Landorus|Brick Break|p2a: Piccolo
|-sideend|p2: u.lose.i.win8374|Reflect
|-sideend|p2: u.lose.i.win8374|move: Light Screen
|-damage|p2a: Piccolo|10/100
|move|p2a: Piccolo|Spirit Break|p1a: Landorus
|-damage|p1a: Landorus|53/100
|-unboost|p1a: Landorus|spa|1
|
|upkeep
|turn|12
|
|t:|1743840983
|move|p2a: Piccolo|Reflect|p2a: Piccolo
|-sidestart|p2: u.lose.i.win8374|Reflect
|move|p1a: Landorus|Brick Break|p2a: Piccolo
|-sideend|p2: u.lose.i.win8374|Reflect
|-damage|p2a: Piccolo|0 fnt
|faint|p2a: Piccolo
|
|upkeep
|
|t:|1743840988
|switch|p2a: Say his words!!!!|Zarude|100/100
|turn|13
|
|t:|1743840993
|move|p1a: Landorus|Brick Break|p2a: Say his words!!!!
|-supereffective|p2a: Say his words!!!!
|-damage|p2a: Say his words!!!!|33/100
|-enditem|p2a: Say his words!!!!|Weakness Policy
|-boost|p2a: Say his words!!!!|atk|2|[from] item: Weakness Policy
|-boost|p2a: Say his words!!!!|spa|2|[from] item: Weakness Policy
|move|p2a: Say his words!!!!|Trailblaze|p1a: Landorus
|-damage|p1a: Landorus|6/100
|-boost|p2a: Say his words!!!!|spe|1
|
|upkeep
|turn|14
|c|☆u.lose.i.win8374|Not the brick break lando
|
|t:|1743841003
|move|p2a: Say his words!!!!|Trailblaze|p1a: Landorus
|-damage|p1a: Landorus|0 fnt
|-boost|p2a: Say his words!!!!|spe|1
|faint|p1a: Landorus
|
|upkeep
|
|t:|1743841008
|switch|p1a: Moltres|Moltres|100/100
|turn|15
|
|t:|1743841015
|move|p2a: Say his words!!!!|Knock Off|p1a: Moltres
|-damage|p1a: Moltres|14/100
|-enditem|p1a: Moltres|Heavy-Duty Boots|[from] move: Knock Off|[of] p2a: Say his words!!!!
|move|p1a: Moltres|Fire Blast|p2a: Say his words!!!!|[miss]
|-miss|p1a: Moltres|p2a: Say his words!!!!
|
|upkeep
|turn|16
|c|☆u.lose.i.win8374|The gods have blessed me
|
|t:|1743841030
|move|p2a: Say his words!!!!|Knock Off|p1a: Moltres
|-damage|p1a: Moltres|0 fnt
|faint|p1a: Moltres
|
|upkeep
|
|t:|1743841052
|switch|p1a: Kyurem|Kyurem|100/100
|-ability|p1a: Kyurem|Pressure
|turn|17
|
|t:|1743841058
|move|p2a: Say his words!!!!|Knock Off|p1a: Kyurem
|-damage|p1a: Kyurem|24/100
|-enditem|p1a: Kyurem|Loaded Dice|[from] move: Knock Off|[of] p2a: Say his words!!!!
|move|p1a: Kyurem|Icicle Spear|p2a: Say his words!!!!
|-supereffective|p2a: Say his words!!!!
|-damage|p2a: Say his words!!!!|8/100
|-supereffective|p2a: Say his words!!!!
|-damage|p2a: Say his words!!!!|0 fnt
|faint|p2a: Say his words!!!!
|-hitcount|p2: Say his words!!!!|2
|
|upkeep
|
|t:|1743841075
|switch|p2a: Vegeta|Greninja, M|100/100
|turn|18
|
|t:|1743841080
|switch|p1a: Primarina|Primarina, M|100/100
|move|p2a: Vegeta|Dark Pulse|p1a: Primarina
|-resisted|p1a: Primarina
|-damage|p1a: Primarina|85/100
|
|-heal|p1a: Primarina|91/100|[from] item: Leftovers
|upkeep
|turn|19
|
|t:|1743841089
|move|p2a: Vegeta|Surf|p1a: Primarina
|-resisted|p1a: Primarina
|-damage|p1a: Primarina|73/100
|move|p1a: Primarina|Moonblast|p2a: Vegeta
|-supereffective|p2a: Vegeta
|-damage|p2a: Vegeta|0 fnt
|faint|p2a: Vegeta
|
|-heal|p1a: Primarina|79/100|[from] item: Leftovers
|upkeep
|
|t:|1743841105
|switch|p2a: Broly|Kommo-o, F|100/100
|turn|20
|
|t:|1743841109
|-terastallize|p2a: Broly|Steel
|move|p2a: Broly|Clangorous Soul|p2a: Broly
|-boost|p2a: Broly|atk|1
|-boost|p2a: Broly|def|1
|-boost|p2a: Broly|spa|1
|-boost|p2a: Broly|spd|1
|-boost|p2a: Broly|spe|1
|-damage|p2a: Broly|68/100
|-enditem|p2a: Broly|Throat Spray
|-boost|p2a: Broly|spa|1|[from] item: Throat Spray
|move|p1a: Primarina|Moonblast|p2a: Broly
|-resisted|p2a: Broly
|-damage|p2a: Broly|50/100
|
|-heal|p1a: Primarina|85/100|[from] item: Leftovers
|upkeep
|turn|21
|
|t:|1743841118
|-terastallize|p1a: Primarina|Water
|move|p2a: Broly|Flash Cannon|p1a: Primarina
|-resisted|p1a: Primarina
|-damage|p1a: Primarina|61/100
|move|p1a: Primarina|Surf|p2a: Broly
|-damage|p2a: Broly|7/100
|
|-heal|p1a: Primarina|67/100|[from] item: Leftovers
|upkeep
|turn|22
|
|t:|1743841127
|move|p2a: Broly|Drain Punch|p1a: Primarina
|-damage|p1a: Primarina|20/100
|-heal|p2a: Broly|31/100|[from] drain|[of] p1a: Primarina
|move|p1a: Primarina|Surf|p2a: Broly
|-damage|p2a: Broly|0 fnt
|faint|p2a: Broly
|
|-heal|p1a: Primarina|26/100|[from] item: Leftovers
|upkeep
|
|t:|1743841132
|switch|p2a: Goku|Blaziken, M|100/100
|-item|p2a: Goku|Air Balloon
|turn|23
|
|t:|1743841138
|move|p2a: Goku|Earthquake|p1a: Primarina
|-damage|p1a: Primarina|0 fnt
|faint|p1a: Primarina
|
|-ability|p2a: Goku|Speed Boost|boost
|-boost|p2a: Goku|spe|1
|upkeep
|
|t:|1743841146
|switch|p1a: Walking Wake|Walking Wake|89/100
|turn|24
|
|t:|1743841150
|move|p2a: Goku|Earthquake|p1a: Walking Wake
|-damage|p1a: Walking Wake|56/100
|move|p1a: Walking Wake|Hydro Steam|p2a: Goku
|-supereffective|p2a: Goku
|-damage|p2a: Goku|0 fnt
|-enditem|p2a: Goku|Air Balloon
|faint|p2a: Goku
|
|win|sevenight
|raw|sevenight's rating: 1174 &rarr; <strong>1199</strong><br />(+25 for winning)
|raw|u.lose.i.win8374's rating: 1168 &rarr; <strong>1143</strong><br />(-25 for losing)
|l|☆u.lose.i.win8374
|player|p2|
|l|☆sevenight
|player|p1|
