|j|☆End of dream
|j|☆ProteinMan11
|t:|1743903362
|gametype|singles
|player|p1|End of dream|zinnia-masters|1586
|player|p2|ProteinMan11|hiker-gen4|1577
|teamsize|p1|6
|teamsize|p2|6
|gen|9
|tier|[Gen 9] OU
|rated|
|rule|HP Percentage Mod: HP is shown in percentages
|rule|Endless Battle Clause: Forcing endless battles is banned
|rule|Species Clause: Limit one of each Pokémon
|rule|OHKO Clause: OHKO moves are banned
|rule|Evasion Items Clause: Evasion items are banned
|rule|Evasion Moves Clause: Evasion moves are banned
|rule|Sleep Moves Clause: Sleep-inducing moves are banned
|clearpoke
|poke|p1|Ursaluna, M|
|poke|p1|Corviknight, M|
|poke|p1|Dragapult, F|
|poke|p1|Darkrai|
|poke|p1|Ogerpon-Wellspring, F|
|poke|p1|Slowking-Galar, M|
|poke|p2|Ninetales-Alola, M|
|poke|p2|Dragonite, M|
|poke|p2|Deoxys-Speed|
|poke|p2|Iron Valiant|
|poke|p2|Great Tusk|
|poke|p2|Raging Bolt|
|teampreview
|inactive|Battle timer is ON: inactive players will automatically lose when time's up. (requested by ProteinMan11)
|
|t:|1743903372
|start
|switch|p1a: Ogerpon|Ogerpon-Wellspring, F|100/100
|switch|p2a: Donald Trump|Ninetales-Alola, M|100/100
|-weather|Snowscape|[from] ability: Snow Warning|[of] p2a: Donald Trump
|turn|1
|
|t:|1743903375
|move|p1a: Ogerpon|Taunt|p2a: Donald Trump
|-start|p2a: Donald Trump|move: Taunt
|cant|p2a: Donald Trump|move: Taunt|Aurora Veil
|
|-weather|Snowscape|[upkeep]
|upkeep
|turn|2
|
|t:|1743903381
|move|p1a: Ogerpon|U-turn|p2a: Donald Trump
|-resisted|p2a: Donald Trump
|-damage|p2a: Donald Trump|87/100
|
|t:|1743903387
|switch|p1a: Slowking|Slowking-Galar, M|100/100|[from] U-turn
|move|p2a: Donald Trump|Moonblast|p1a: Slowking
|-resisted|p1a: Slowking
|-damage|p1a: Slowking|90/100
|-unboost|p1a: Slowking|spa|1
|
|-weather|Snowscape|[upkeep]
|-heal|p1a: Slowking|96/100|[from] item: Leftovers
|upkeep
|turn|3
|
|t:|1743903393
|move|p2a: Donald Trump|Blizzard|p1a: Slowking
|-damage|p1a: Slowking|69/100
|move|p1a: Slowking|Sludge Bomb|p2a: Donald Trump
|-supereffective|p2a: Donald Trump
|-damage|p2a: Donald Trump|30/100
|
|-weather|Snowscape|[upkeep]
|-heal|p1a: Slowking|75/100|[from] item: Leftovers
|-end|p2a: Donald Trump|move: Taunt
|upkeep
|turn|4
|
|t:|1743903404
|move|p2a: Donald Trump|Aurora Veil|p2a: Donald Trump
|-sidestart|p2: ProteinMan11|move: Aurora Veil
|move|p1a: Slowking|Sludge Bomb|p2a: Donald Trump
|-supereffective|p2a: Donald Trump
|-damage|p2a: Donald Trump|4/100
|-status|p2a: Donald Trump|psn
|
|-weather|Snowscape|[upkeep]
|-heal|p1a: Slowking|81/100|[from] item: Leftovers
|-damage|p2a: Donald Trump|0 fnt|[from] psn
|faint|p2a: Donald Trump
|upkeep
|
|t:|1743903417
|switch|p2a: This-a-way|Deoxys-Speed, shiny|100/100
|-ability|p2a: This-a-way|Pressure
|turn|5
|
|t:|1743903428
|move|p2a: This-a-way|Cosmic Power|p2a: This-a-way
|-boost|p2a: This-a-way|def|1
|-boost|p2a: This-a-way|spd|1
|move|p1a: Slowking|Sludge Bomb|p2a: This-a-way
|-damage|p2a: This-a-way|91/100
|
|-weather|none
|-heal|p1a: Slowking|87/100|[from] item: Leftovers
|upkeep
|turn|6
|
|t:|1743903436
|move|p2a: This-a-way|Cosmic Power|p2a: This-a-way
|-boost|p2a: This-a-way|def|1
|-boost|p2a: This-a-way|spd|1
|move|p1a: Slowking|Sludge Bomb|p2a: This-a-way
|-damage|p2a: This-a-way|84/100
|
|-heal|p1a: Slowking|93/100|[from] item: Leftovers
|upkeep
|turn|7
|
|t:|1743903443
|move|p2a: This-a-way|Cosmic Power|p2a: This-a-way
|-boost|p2a: This-a-way|def|1
|-boost|p2a: This-a-way|spd|1
|move|p1a: Slowking|Sludge Bomb|p2a: This-a-way
|-damage|p2a: This-a-way|78/100
|
|-heal|p1a: Slowking|99/100|[from] item: Leftovers
|upkeep
|turn|8
|
|t:|1743903446
|move|p2a: This-a-way|Cosmic Power|p2a: This-a-way
|-boost|p2a: This-a-way|def|1
|-boost|p2a: This-a-way|spd|1
|move|p1a: Slowking|Sludge Bomb|p2a: This-a-way
|-damage|p2a: This-a-way|74/100
|
|-heal|p1a: Slowking|100/100|[from] item: Leftovers
|upkeep
|turn|9
|
|t:|1743903448
|move|p2a: This-a-way|Cosmic Power|p2a: This-a-way
|-boost|p2a: This-a-way|def|1
|-boost|p2a: This-a-way|spd|1
|move|p1a: Slowking|Sludge Bomb|p2a: This-a-way
|-damage|p2a: This-a-way|69/100
|
|upkeep
|turn|10
|
|t:|1743903450
|move|p2a: This-a-way|Cosmic Power|p2a: This-a-way
|-boost|p2a: This-a-way|def|1
|-boost|p2a: This-a-way|spd|1
|move|p1a: Slowking|Sludge Bomb|p2a: This-a-way
|-crit|p2a: This-a-way
|-damage|p2a: This-a-way|5/100
|-status|p2a: This-a-way|psn
|
|-damage|p2a: This-a-way|0 fnt|[from] psn
|faint|p2a: This-a-way
|upkeep
|c|☆ProteinMan11|Dude
|
|t:|1743903459
|switch|p2a: Please win 😢|Raging Bolt|100/100
|-enditem|p2a: Please win 😢|Booster Energy
|-activate|p2a: Please win 😢|ability: Protosynthesis|[fromitem]
|-start|p2a: Please win 😢|protosynthesisspa
|turn|11
|
|t:|1743903463
|move|p2a: Please win 😢|Calm Mind|p2a: Please win 😢
|-boost|p2a: Please win 😢|spa|1
|-boost|p2a: Please win 😢|spd|1
|-prepare|p1a: Slowking|Chilly Reception|[premajor]
|move|p1a: Slowking|Chilly Reception|p1a: Slowking
|-weather|Snowscape
|
|t:|1743903472
|switch|p1a: Ursaluna|Ursaluna, M|100/100|[from] Chilly Reception
|
|-weather|Snowscape|[upkeep]
|-sideend|p2: ProteinMan11|move: Aurora Veil
|-status|p1a: Ursaluna|brn|[from] item: Flame Orb
|upkeep
|turn|12
|
|t:|1743903479
|-terastallize|p1a: Ursaluna|Fairy
|move|p2a: Please win 😢|Dragon Pulse|p1a: Ursaluna
|-immune|p1a: Ursaluna
|move|p1a: Ursaluna|Headlong Rush|p2a: Please win 😢
|-supereffective|p2a: Please win 😢
|-damage|p2a: Please win 😢|0 fnt
|-unboost|p1a: Ursaluna|def|1
|-unboost|p1a: Ursaluna|spd|1
|faint|p2a: Please win 😢
|-end|p2a: Please win 😢|Protosynthesis|[silent]
|
|-weather|Snowscape|[upkeep]
|-damage|p1a: Ursaluna|94/100 brn|[from] brn
|upkeep
|
|t:|1743903484
|switch|p2a: Michael|Dragonite, M|100/100
|turn|13
|
|t:|1743903490
|move|p2a: Michael|Dragon Dance|p2a: Michael
|-boost|p2a: Michael|atk|1
|-boost|p2a: Michael|spe|1
|move|p1a: Ursaluna|Facade|p2a: Michael
|-damage|p2a: Michael|41/100
|
|-weather|Snowscape|[upkeep]
|-damage|p1a: Ursaluna|88/100 brn|[from] brn
|upkeep
|turn|14
|
|t:|1743903495
|switch|p1a: Corviknight|Corviknight, M|100/100
|-ability|p1a: Corviknight|Pressure
|move|p2a: Michael|Earthquake|p1a: Corviknight
|-immune|p1a: Corviknight
|
|-weather|Snowscape|[upkeep]
|upkeep
|turn|15
|
|t:|1743903502
|move|p2a: Michael|Outrage|p1a: Corviknight
|-resisted|p1a: Corviknight
|-damage|p1a: Corviknight|65/100
|-damage|p2a: Michael|25/100|[from] item: Rocky Helmet|[of] p1a: Corviknight
|move|p1a: Corviknight|Iron Defense|p1a: Corviknight
|-boost|p1a: Corviknight|def|2
|
|-weather|none
|upkeep
|turn|16
|
|t:|1743903513
|move|p2a: Michael|Outrage|p1a: Corviknight|[from] lockedmove
|-resisted|p1a: Corviknight
|-damage|p1a: Corviknight|50/100
|-damage|p2a: Michael|8/100|[from] item: Rocky Helmet|[of] p1a: Corviknight
|move|p1a: Corviknight|Roost|p1a: Corviknight
|-heal|p1a: Corviknight|99/100
|-singleturn|p1a: Corviknight|move: Roost
|
|upkeep
|turn|17
|
|t:|1743903526
|move|p2a: Michael|Outrage|p1a: Corviknight|[from] lockedmove
|-resisted|p1a: Corviknight
|-damage|p1a: Corviknight|82/100
|-damage|p2a: Michael|0 fnt|[from] item: Rocky Helmet|[of] p1a: Corviknight
|faint|p2a: Michael
|move|p1a: Corviknight|Iron Defense|p1a: Corviknight
|-boost|p1a: Corviknight|def|2
|
|upkeep
|-message|ProteinMan11 forfeited.
|
|win|End of dream
|raw|End of dream's rating: 1586 &rarr; <strong>1605</strong><br />(+19 for winning)
|raw|ProteinMan11's rating: 1577 &rarr; <strong>1558</strong><br />(-19 for losing)
|l|☆ProteinMan11
|player|p2|
