|j|☆12723 dong
|j|☆Kingdra all day
|t:|1743880809
|gametype|singles
|player|p1|12723 dong|265|1495
|player|p2|Kingdra all day|clair|1509
|teamsize|p1|6
|teamsize|p2|6
|gen|9
|tier|[Gen 9] OU
|rated|
|rule|HP Percentage Mod: HP is shown in percentages
|rule|Endless Battle Clause: Forcing endless battles is banned
|rule|Species Clause: Limit one of each Pokémon
|rule|OHKO Clause: OHKO moves are banned
|rule|Evasion Items Clause: Evasion items are banned
|rule|Evasion Moves Clause: Evasion moves are banned
|rule|Sleep Moves Clause: Sleep-inducing moves are banned
|clearpoke
|poke|p1|Cinderace, F|
|poke|p1|Kingambit, F|
|poke|p1|Great Tusk|
|poke|p1|Hatterene, F|
|poke|p1|Pecharunt|
|poke|p1|Garchomp, M|
|poke|p2|Ninetales-Alola, M|
|poke|p2|Klefki, F|
|poke|p2|Maushold-Four|
|poke|p2|Latias, F|
|poke|p2|Kyurem|
|poke|p2|Kingdra, M|
|teampreview
|inactive|Battle timer is ON: inactive players will automatically lose when time's up. (requested by Kingdra all day)
|
|t:|1743880822
|start
|switch|p1a: Cinderace|Cinderace, F|100/100
|switch|p2a: Klefki|Klefki, F|100/100
|turn|1
|
|t:|1743880826
|switch|p1a: Hatterene|Hatterene, F|100/100
|move|p2a: Klefki|Reflect|p2a: Klefki
|-sidestart|p2: Kingdra all day|Reflect
|
|upkeep
|turn|2
|
|t:|1743880833
|move|p2a: Klefki|Light Screen|p2a: Klefki
|-sidestart|p2: Kingdra all day|move: Light Screen
|move|p1a: Hatterene|Nuzzle|p2a: Klefki
|-damage|p2a: Klefki|99/100
|-status|p2a: Klefki|par
|
|upkeep
|turn|3
|
|t:|1743880838
|switch|p1a: Cinderace|Cinderace, F|100/100
|switch|p2a: Ninetales|Ninetales-Alola, M|100/100
|-weather|Snowscape|[from] ability: Snow Warning|[of] p2a: Ninetales
|
|-weather|Snowscape|[upkeep]
|upkeep
|turn|4
|
|t:|1743880844
|move|p1a: Cinderace|Pyro Ball|p2a: Ninetales
|-supereffective|p2a: Ninetales
|-damage|p2a: Ninetales|39/100
|-status|p2a: Ninetales|brn
|-damage|p1a: Cinderace|91/100|[from] item: Life Orb
|move|p2a: Ninetales|Encore|p1a: Cinderace
|-start|p1a: Cinderace|Encore
|
|-weather|Snowscape|[upkeep]
|-damage|p2a: Ninetales|33/100 brn|[from] brn
|upkeep
|turn|5
|
|t:|1743880853
|switch|p1a: Hatterene|Hatterene, F|100/100
|switch|p2a: Kingdra|Kingdra, M, shiny|100/100
|
|-weather|Snowscape|[upkeep]
|upkeep
|turn|6
|
|t:|1743880856
|switch|p2a: Ninetales|Ninetales-Alola, M|33/100 brn
|move|p1a: Hatterene|Nuzzle|p2a: Ninetales
|-damage|p2a: Ninetales|32/100 brn
|
|-weather|Snowscape|[upkeep]
|-damage|p2a: Ninetales|26/100 brn|[from] brn
|upkeep
|turn|7
|
|t:|1743880862
|switch|p1a: Kingambit|Kingambit, F|100/100
|move|p2a: Ninetales|Misty Terrain|p2a: Ninetales
|-fieldstart|move: Misty Terrain
|
|-weather|none
|-damage|p2a: Ninetales|20/100 brn|[from] brn
|upkeep
|turn|8
|
|t:|1743880876
|switch|p2a: Klefki|Klefki, F|99/100 par
|move|p1a: Kingambit|Swords Dance|p1a: Kingambit
|-boost|p1a: Kingambit|atk|2
|
|-sideend|p2: Kingdra all day|Reflect
|upkeep
|turn|9
|
|t:|1743880882
|move|p2a: Klefki|Reflect|p2a: Klefki
|-sidestart|p2: Kingdra all day|Reflect
|move|p1a: Kingambit|Swords Dance|p1a: Kingambit
|-boost|p1a: Kingambit|atk|2
|
|-sideend|p2: Kingdra all day|move: Light Screen
|upkeep
|turn|10
|
|t:|1743880891
|switch|p2a: Maushold|Maushold-Four|100/100
|move|p1a: Kingambit|Iron Head|p2a: Maushold
|-damage|p2a: Maushold|5/100
|
|upkeep
|turn|11
|
|t:|1743880905
|move|p1a: Kingambit|Sucker Punch|p2a: Maushold
|-damage|p2a: Maushold|0 fnt
|faint|p2a: Maushold
|
|-fieldend|Misty Terrain
|upkeep
|
|t:|1743880906
|switch|p2a: Ninetales|Ninetales-Alola, M|20/100 brn
|-weather|Snowscape|[from] ability: Snow Warning|[of] p2a: Ninetales
|turn|12
|
|t:|1743880915
|-end|p1a: Kingambit|fallenundefined|[silent]
|switch|p1a: Hatterene|Hatterene, F|100/100
|move|p2a: Ninetales|Encore|p1a: Hatterene
|move|p1a: Hatterene|Encore||[from] ability: Magic Bounce|[still]
|-fail|p1a: Hatterene
|
|-weather|Snowscape|[upkeep]
|-damage|p2a: Ninetales|14/100 brn|[from] brn
|upkeep
|turn|13
|
|t:|1743880923
|move|p2a: Ninetales|Misty Terrain|p2a: Ninetales
|-fieldstart|move: Misty Terrain
|move|p1a: Hatterene|Psychic Noise|p2a: Ninetales
|-damage|p2a: Ninetales|0 fnt
|faint|p2a: Ninetales
|
|-weather|Snowscape|[upkeep]
|upkeep
|
|t:|1743880939
|switch|p2a: Kyurem|Kyurem, shiny|100/100
|-ability|p2a: Kyurem|Pressure
|turn|14
|
|t:|1743880946
|-terastallize|p2a: Kyurem|Fire
|move|p2a: Kyurem|Dragon Dance|p2a: Kyurem
|-boost|p2a: Kyurem|atk|1
|-boost|p2a: Kyurem|spe|1
|move|p1a: Hatterene|Psychic Noise|p2a: Kyurem
|-damage|p2a: Kyurem|59/100
|-start|p2a: Kyurem|move: Heal Block
|
|-weather|Snowscape|[upkeep]
|upkeep
|turn|15
|inactive|12723 dong has 120 seconds left.
|
|t:|1743880990
|move|p2a: Kyurem|Icicle Spear|p1a: Hatterene
|-damage|p1a: Hatterene|76/100
|-damage|p1a: Hatterene|52/100
|-damage|p1a: Hatterene|26/100
|-crit|p1a: Hatterene
|-damage|p1a: Hatterene|0 fnt
|faint|p1a: Hatterene
|-hitcount|p1: Hatterene|4
|
|-weather|Snowscape|[upkeep]
|-end|p2a: Kyurem|move: Heal Block
|upkeep
|
|t:|1743881002
|switch|p1a: Pecharunt|Pecharunt|100/100
|-item|p1a: Pecharunt|Air Balloon
|turn|16
|
|t:|1743881006
|move|p2a: Kyurem|Icicle Spear|p1a: Pecharunt
|-damage|p1a: Pecharunt|88/100
|-enditem|p1a: Pecharunt|Air Balloon
|-damage|p1a: Pecharunt|77/100
|-damage|p1a: Pecharunt|64/100
|-damage|p1a: Pecharunt|50/100
|-damage|p1a: Pecharunt|38/100
|-hitcount|p1a: Pecharunt|5
|move|p1a: Pecharunt|Malignant Chain|p2a: Kyurem
|-damage|p2a: Kyurem|24/100
|
|-weather|none
|-sideend|p2: Kingdra all day|Reflect
|upkeep
|turn|17
|inactive|12723 dong has 120 seconds left.
|
|t:|1743881016
|switch|p1a: Kingambit|Kingambit, F|100/100
|-activate|p1a: Kingambit|ability: Supreme Overlord
|-start|p1a: Kingambit|fallen1|[silent]
|move|p2a: Kyurem|Icicle Spear|p1a: Kingambit
|-resisted|p1a: Kingambit
|-damage|p1a: Kingambit|92/100
|-resisted|p1a: Kingambit
|-damage|p1a: Kingambit|83/100
|-resisted|p1a: Kingambit
|-damage|p1a: Kingambit|73/100
|-resisted|p1a: Kingambit
|-crit|p1a: Kingambit
|-damage|p1a: Kingambit|59/100
|-hitcount|p1a: Kingambit|4
|
|-fieldend|Misty Terrain
|upkeep
|turn|18
|
|t:|1743881019
|move|p1a: Kingambit|Sucker Punch||[still]
|-fail|p1a: Kingambit
|move|p2a: Kyurem|Dragon Dance|p2a: Kyurem
|-boost|p2a: Kyurem|atk|1
|-boost|p2a: Kyurem|spe|1
|
|upkeep
|turn|19
|
|t:|1743881023
|move|p1a: Kingambit|Sucker Punch||[still]
|-fail|p1a: Kingambit
|move|p2a: Kyurem|Dragon Dance|p2a: Kyurem
|-boost|p2a: Kyurem|atk|1
|-boost|p2a: Kyurem|spe|1
|
|upkeep
|turn|20
|
|t:|1743881030
|move|p1a: Kingambit|Sucker Punch||[still]
|-fail|p1a: Kingambit
|move|p2a: Kyurem|Dragon Dance|p2a: Kyurem
|-boost|p2a: Kyurem|atk|1
|-boost|p2a: Kyurem|spe|1
|
|upkeep
|turn|21
|
|t:|1743881035
|move|p2a: Kyurem|Tera Blast|p1a: Kingambit|[anim] Tera Blast Fire
|-supereffective|p1a: Kingambit
|-damage|p1a: Kingambit|0 fnt
|faint|p1a: Kingambit
|-end|p1a: Kingambit|fallen1|[silent]
|
|upkeep
|
|t:|1743881046
|switch|p1a: Cinderace|Cinderace, F|91/100
|turn|22
|
|t:|1743881050
|move|p1a: Cinderace|Sucker Punch||[still]
|-fail|p1a: Cinderace
|move|p2a: Kyurem|Dragon Dance|p2a: Kyurem
|-boost|p2a: Kyurem|atk|1
|-boost|p2a: Kyurem|spe|1
|
|upkeep
|turn|23
|
|t:|1743881055
|move|p1a: Cinderace|Sucker Punch||[still]
|-fail|p1a: Cinderace
|move|p2a: Kyurem|Dragon Dance|p2a: Kyurem
|-boost|p2a: Kyurem|atk|1
|-boost|p2a: Kyurem|spe|1
|
|upkeep
|turn|24
|
|t:|1743881060
|move|p1a: Cinderace|Sucker Punch||[still]
|-fail|p1a: Cinderace
|move|p2a: Kyurem|Dragon Dance|p2a: Kyurem
|-boost|p2a: Kyurem|atk|0
|-boost|p2a: Kyurem|spe|0
|
|upkeep
|turn|25
|
|t:|1743881065
|move|p2a: Kyurem|Dragon Dance|p2a: Kyurem
|-boost|p2a: Kyurem|atk|0
|-boost|p2a: Kyurem|spe|0
|move|p1a: Cinderace|Double-Edge|p2a: Kyurem
|-start|p1a: Cinderace|typechange|Normal|[from] ability: Libero
|-damage|p2a: Kyurem|0 fnt
|faint|p2a: Kyurem
|-damage|p1a: Cinderace|81/100|[from] Recoil
|-damage|p1a: Cinderace|71/100|[from] item: Life Orb
|
|upkeep
|
|t:|1743881069
|switch|p2a: Klefki|Klefki, F|99/100 par
|turn|26
|
|t:|1743881072
|move|p2a: Klefki|Reflect|p2a: Klefki
|-sidestart|p2: Kingdra all day|Reflect
|move|p1a: Cinderace|Swords Dance|p1a: Cinderace
|-boost|p1a: Cinderace|atk|2
|
|upkeep
|turn|27
|
|t:|1743881079
|move|p2a: Klefki|Thunder Wave|p1a: Cinderace
|-status|p1a: Cinderace|par
|move|p1a: Cinderace|Swords Dance|p1a: Cinderace
|-boost|p1a: Cinderace|atk|2
|
|upkeep
|turn|28
|
|t:|1743881086
|move|p2a: Klefki|Light Screen|p2a: Klefki
|-sidestart|p2: Kingdra all day|move: Light Screen
|move|p1a: Cinderace|Swords Dance|p1a: Cinderace
|-boost|p1a: Cinderace|atk|2
|
|upkeep
|turn|29
|
|t:|1743881088
|move|p2a: Klefki|Spikes|p1a: Cinderace
|-sidestart|p1: 12723 dong|Spikes
|move|p1a: Cinderace|Pyro Ball|p2a: Klefki
|-supereffective|p2a: Klefki
|-damage|p2a: Klefki|0 fnt
|faint|p2a: Klefki
|-damage|p1a: Cinderace|61/100 par|[from] item: Life Orb
|
|upkeep
|
|t:|1743881094
|switch|p2a: Kingdra|Kingdra, M, shiny|100/100
|turn|30
|
|t:|1743881097
|move|p1a: Cinderace|Sucker Punch||[still]
|-fail|p1a: Cinderace
|move|p2a: Kingdra|Dragon Dance|p2a: Kingdra
|-boost|p2a: Kingdra|atk|1
|-boost|p2a: Kingdra|spe|1
|
|upkeep
|turn|31
|
|t:|1743881103
|move|p2a: Kingdra|Liquidation|p1a: Cinderace
|-damage|p1a: Cinderace|0 fnt
|faint|p1a: Cinderace
|
|upkeep
|
|t:|1743881109
|switch|p1a: Garchomp|Garchomp, M|100/100
|-damage|p1a: Garchomp|88/100|[from] Spikes
|turn|32
|
|t:|1743881115
|-terastallize|p1a: Garchomp|Fire
|move|p2a: Kingdra|Liquidation|p1a: Garchomp
|-supereffective|p1a: Garchomp
|-crit|p1a: Garchomp
|-damage|p1a: Garchomp|0 fnt
|-damage|p2a: Kingdra|88/100|[from] ability: Rough Skin|[of] p1a: Garchomp
|-damage|p2a: Kingdra|72/100|[from] item: Rocky Helmet|[of] p1a: Garchomp
|faint|p1a: Garchomp
|
|upkeep
|-message|12723 dong forfeited.
|
|win|Kingdra all day
|raw|12723 dong's rating: 1495 &rarr; <strong>1476</strong><br />(-19 for losing)
|raw|Kingdra all day's rating: 1509 &rarr; <strong>1528</strong><br />(+19 for winning)
|l|☆12723 dong
|player|p1|
|l|☆Kingdra all day
|player|p2|
