|j|☆sznxpo
|j|☆chewfive
|t:|1743875161
|gametype|singles
|player|p1|sznxpo|medium|1148
|player|p2|chewfive|265|1162
|teamsize|p1|6
|teamsize|p2|6
|gen|9
|tier|[Gen 9] OU
|rated|
|rule|HP Percentage Mod: HP is shown in percentages
|rule|Endless Battle Clause: Forcing endless battles is banned
|rule|Species Clause: Limit one of each Pokémon
|rule|OHKO Clause: OHKO moves are banned
|rule|Evasion Items Clause: Evasion items are banned
|rule|Evasion Moves Clause: Evasion moves are banned
|rule|Sleep Moves Clause: Sleep-inducing moves are banned
|clearpoke
|poke|p1|Blaziken, F|
|poke|p1|Raichu-Alola, M|
|poke|p1|Froslass, F|
|poke|p1|Milotic, M|
|poke|p1|Corviknight, M|
|poke|p1|Dragapult, F|
|poke|p2|Hoopa-Unbound|
|poke|p2|Torterra, F|
|poke|p2|Skuntank, M|
|poke|p2|Sinistcha|
|poke|p2|Hitmonlee, M|
|poke|p2|Smeargle, F|
|teampreview
|inactive|Battle timer is ON: inactive players will automatically lose when time's up. (requested by chewfive)
|
|t:|1743875187
|start
|switch|p1a: Froslass|Froslass, F|100/100
|switch|p2a: almighty skunk|Skuntank, M|100/100
|turn|1
|
|t:|1743875196
|move|p1a: Froslass|Spikes|p2a: almighty skunk
|-sidestart|p2: chewfive|Spikes
|move|p2a: almighty skunk|Foul Play|p1a: Froslass
|-supereffective|p1a: Froslass
|-damage|p1a: Froslass|19/100
|
|upkeep
|turn|2
|
|t:|1743875205
|move|p1a: Froslass|Destiny Bond|p1a: Froslass
|-singlemove|p1a: Froslass|Destiny Bond
|move|p2a: almighty skunk|Toxic Spikes|p1a: Froslass
|-sidestart|p1: sznxpo|move: Toxic Spikes
|
|upkeep
|turn|3
|
|t:|1743875228
|switch|p1a: Blaziken|Blaziken, F|100/100
|-status|p1a: Blaziken|psn
|move|p2a: almighty skunk|Foul Play|p1a: Blaziken
|-resisted|p1a: Blaziken
|-damage|p1a: Blaziken|71/100 psn
|
|-damage|p1a: Blaziken|58/100 psn|[from] psn
|upkeep
|turn|4
|
|t:|1743875243
|move|p2a: almighty skunk|Substitute|p2a: almighty skunk
|-start|p2a: almighty skunk|Substitute
|-damage|p2a: almighty skunk|76/100
|move|p1a: Blaziken|Roar|p2a: almighty skunk
|-enditem|p1a: Blaziken|Throat Spray
|-boost|p1a: Blaziken|spa|1|[from] item: Throat Spray
|drag|p2a: glegle|Smeargle, F|100/100
|-damage|p2a: glegle|88/100|[from] Spikes
|
|-damage|p1a: Blaziken|46/100 psn|[from] psn
|-ability|p1a: Blaziken|Speed Boost|boost
|-boost|p1a: Blaziken|spe|1
|upkeep
|turn|5
|c|☆chewfive|damn
|c|☆chewfive|cool set
|
|t:|1743875268
|switch|p2a: almighty skunk|Skuntank, M|76/100
|-damage|p2a: almighty skunk|63/100|[from] Spikes
|move|p1a: Blaziken|Aura Sphere|p2a: almighty skunk
|-damage|p2a: almighty skunk|2/100
|
|-damage|p1a: Blaziken|34/100 psn|[from] psn
|-ability|p1a: Blaziken|Speed Boost|boost
|-boost|p1a: Blaziken|spe|1
|upkeep
|turn|6
|
|t:|1743875281
|move|p1a: Blaziken|Flamethrower|p2a: almighty skunk
|-damage|p2a: almighty skunk|0 fnt
|faint|p2a: almighty skunk
|
|-damage|p1a: Blaziken|21/100 psn|[from] psn
|-ability|p1a: Blaziken|Speed Boost|boost
|-boost|p1a: Blaziken|spe|1
|upkeep
|inactive|chewfive has 120 seconds left.
|
|t:|1743875296
|switch|p2a: glegle|Smeargle, F|88/100
|-damage|p2a: glegle|76/100|[from] Spikes
|turn|7
|inactive|chewfive has 120 seconds left.
|
|t:|1743875312
|move|p2a: glegle|Shadow Sneak|p1a: Blaziken
|-damage|p1a: Blaziken|9/100 psn
|move|p1a: Blaziken|Aura Sphere|p2a: glegle
|-supereffective|p2a: glegle
|-damage|p2a: glegle|0 fnt
|faint|p2a: glegle
|
|-damage|p1a: Blaziken|0 fnt|[from] psn
|faint|p1a: Blaziken
|upkeep
|inactive|chewfive has 120 seconds left.
|
|t:|1743875339
|switch|p2a: the trump card|Hitmonlee, M|100/100
|switch|p1a: Dragapult|Dragapult, F|100/100
|-damage|p2a: the trump card|88/100|[from] Spikes
|turn|8
|
|t:|1743875358
|move|p2a: the trump card|Endure|p2a: the trump card
|-singleturn|p2a: the trump card|move: Endure
|move|p1a: Dragapult|Will-O-Wisp|p2a: the trump card|[miss]
|-miss|p1a: Dragapult|p2a: the trump card
|
|upkeep
|turn|9
|
|t:|1743875375
|switch|p2a: u ready?|Sinistcha|100/100
|-damage|p2a: u ready?|88/100|[from] Spikes
|move|p1a: Dragapult|Dragon Darts|p2a: u ready?
|-damage|p2a: u ready?|64/100
|-anim|p1a: Dragapult|Dragon Darts|p2a: u ready?
|-damage|p2a: u ready?|41/100
|
|upkeep
|turn|10
|
|t:|1743875388
|move|p1a: Dragapult|U-turn|p2a: u ready?
|-damage|p2a: u ready?|21/100
|
|t:|1743875392
|switch|p1a: Corviknight|Corviknight, M|100/100|[from] U-turn
|move|p2a: u ready?|Trick Room|p2a: u ready?
|-fieldstart|move: Trick Room|[of] p2a: u ready?
|
|upkeep
|turn|11
|
|t:|1743875403
|move|p2a: u ready?|Hex|p1a: Corviknight
|-damage|p1a: Corviknight|65/100
|move|p1a: Corviknight|Defog|p2a: u ready?
|-unboost|p2a: u ready?|evasion|1
|-sideend|p2: chewfive|Spikes|[from] move: Defog|[of] p1a: Corviknight
|-sideend|p1: sznxpo|Toxic Spikes|[from] move: Defog|[of] p1a: Corviknight
|
|upkeep
|turn|12
|
|t:|1743875423
|switch|p2a: TERA DEATH|Torterra, F|100/100
|switch|p1a: Milotic|Milotic, M|100/100
|
|-status|p1a: Milotic|brn|[from] item: Flame Orb
|upkeep
|turn|13
|
|t:|1743875431
|-terastallize|p2a: TERA DEATH|Poison
|-terastallize|p1a: Milotic|Water
|move|p2a: TERA DEATH|Stockpile|p2a: TERA DEATH
|-start|p2a: TERA DEATH|stockpile1
|-boost|p2a: TERA DEATH|def|1
|-boost|p2a: TERA DEATH|spd|1
|move|p1a: Milotic|Surf|p2a: TERA DEATH
|-damage|p2a: TERA DEATH|68/100
|-enditem|p2a: TERA DEATH|Maranga Berry|[eat]
|-boost|p2a: TERA DEATH|spd|1|[from] item: Maranga Berry
|
|-damage|p1a: Milotic|94/100 brn|[from] brn
|upkeep
|turn|14
|inactive|sznxpo has 120 seconds left.
|
|t:|1743875463
|move|p2a: TERA DEATH|Stockpile|p2a: TERA DEATH
|-start|p2a: TERA DEATH|stockpile2
|-boost|p2a: TERA DEATH|def|1
|-boost|p2a: TERA DEATH|spd|1
|move|p1a: Milotic|Ice Beam|p2a: TERA DEATH
|-damage|p2a: TERA DEATH|57/100
|
|-damage|p1a: Milotic|88/100 brn|[from] brn
|-fieldend|move: Trick Room
|upkeep
|turn|15
|
|t:|1743875473
|move|p1a: Milotic|Ice Beam|p2a: TERA DEATH
|-damage|p2a: TERA DEATH|46/100
|move|p2a: TERA DEATH|Leech Seed|p1a: Milotic
|-start|p1a: Milotic|move: Leech Seed
|
|-damage|p1a: Milotic|76/100 brn|[from] Leech Seed|[of] p2a: TERA DEATH
|-heal|p2a: TERA DEATH|57/100|[silent]
|-damage|p1a: Milotic|70/100 brn|[from] brn
|upkeep
|turn|16
|
|t:|1743875481
|switch|p1a: Raichu|Raichu-Alola, M|100/100
|move|p2a: TERA DEATH|Crunch|p1a: Raichu
|-supereffective|p1a: Raichu
|-damage|p1a: Raichu|4/100
|-unboost|p1a: Raichu|def|1
|
|upkeep
|turn|17
|
|t:|1743875490
|move|p1a: Raichu|Psychic|p2a: TERA DEATH
|-supereffective|p2a: TERA DEATH
|-damage|p2a: TERA DEATH|19/100
|-damage|p1a: Raichu|0 fnt|[from] item: Life Orb
|faint|p1a: Raichu
|move|p2a: TERA DEATH|Synthesis|p2a: TERA DEATH
|-heal|p2a: TERA DEATH|69/100
|
|upkeep
|
|t:|1743875500
|switch|p1a: Froslass|Froslass, F|19/100
|turn|18
|inactive|chewfive has 120 seconds left.
|
|t:|1743875507
|move|p1a: Froslass|Destiny Bond|p1a: Froslass
|-singlemove|p1a: Froslass|Destiny Bond
|move|p2a: TERA DEATH|Leech Seed|p1a: Froslass|[miss]
|-miss|p2a: TERA DEATH|p1a: Froslass
|
|upkeep
|turn|19
|
|t:|1743875515
|move|p1a: Froslass|Spikes|p2a: TERA DEATH
|-sidestart|p2: chewfive|Spikes
|move|p2a: TERA DEATH|Leech Seed|p1a: Froslass
|-start|p1a: Froslass|move: Leech Seed
|
|-damage|p1a: Froslass|7/100|[from] Leech Seed|[of] p2a: TERA DEATH
|-heal|p2a: TERA DEATH|77/100|[silent]
|upkeep
|turn|20
|
|t:|1743875521
|move|p1a: Froslass|Destiny Bond|p1a: Froslass
|-singlemove|p1a: Froslass|Destiny Bond
|move|p2a: TERA DEATH|Stockpile|p2a: TERA DEATH
|-start|p2a: TERA DEATH|stockpile3
|-boost|p2a: TERA DEATH|def|1
|-boost|p2a: TERA DEATH|spd|1
|
|-damage|p1a: Froslass|0 fnt|[from] Leech Seed|[of] p2a: TERA DEATH
|-heal|p2a: TERA DEATH|82/100|[silent]
|faint|p1a: Froslass
|upkeep
|
|t:|1743875532
|switch|p1a: Dragapult|Dragapult, F|100/100
|turn|21
|
|t:|1743875537
|move|p1a: Dragapult|Phantom Force||[still]
|-prepare|p1a: Dragapult|Phantom Force
|move|p2a: TERA DEATH|Crunch|p1a: Dragapult|[miss]
|-miss|p2a: TERA DEATH|p1a: Dragapult
|
|upkeep
|turn|22
|
|t:|1743875542
|move|p1a: Dragapult|Phantom Force|p2a: TERA DEATH|[from] lockedmove
|-damage|p2a: TERA DEATH|70/100
|move|p2a: TERA DEATH|Leech Seed|p1a: Dragapult
|-start|p1a: Dragapult|move: Leech Seed
|
|-damage|p1a: Dragapult|88/100|[from] Leech Seed|[of] p2a: TERA DEATH
|-heal|p2a: TERA DEATH|80/100|[silent]
|upkeep
|turn|23
|-message|sznxpo forfeited.
|
|win|chewfive
|raw|sznxpo's rating: 1148 &rarr; <strong>1124</strong><br />(-24 for losing)
|raw|chewfive's rating: 1162 &rarr; <strong>1186</strong><br />(+24 for winning)
|l|☆sznxpo
|player|p1|
|l|☆chewfive
|player|p2|
