|j|☆temperature111
|j|☆stenchclassic
|t:|1743928131
|gametype|singles
|player|p1|temperature111|pokemonrangerf-gen4|1320
|player|p2|stenchclassic|266|1315
|teamsize|p1|6
|teamsize|p2|6
|gen|9
|tier|[Gen 9] OU
|rated|
|rule|HP Percentage Mod: HP is shown in percentages
|rule|Endless Battle Clause: Forcing endless battles is banned
|rule|Species Clause: Limit one of each Pokémon
|rule|OHKO Clause: OHKO moves are banned
|rule|Evasion Items Clause: Evasion items are banned
|rule|Evasion Moves Clause: Evasion moves are banned
|rule|Sleep Moves Clause: Sleep-inducing moves are banned
|clearpoke
|poke|p1|Clodsire, F|
|poke|p1|Pelipper, M|
|poke|p1|Barraskewda, M|
|poke|p1|Zapdos|
|poke|p1|Incineroar, F|
|poke|p1|Corviknight, F|
|poke|p2|Kingambit, M|
|poke|p2|Empoleon, F|
|poke|p2|Smeargle, F|
|poke|p2|Serperior, F|
|poke|p2|Malamar, F|
|poke|p2|Altaria, F|
|teampreview
|inactive|Battle timer is ON: inactive players will automatically lose when time's up. (requested by temperature111)
|inactive|stenchclassic also wants the timer to be on.
|
|t:|1743928139
|start
|switch|p1a: Pelipper|Pelipper, M|100/100
|switch|p2a: Smeargle|Smeargle, F|100/100
|-weather|RainDance|[from] ability: Drizzle|[of] p1a: Pelipper
|turn|1
|
|t:|1743928147
|move|p2a: Smeargle|Sticky Web|p1a: Pelipper
|-sidestart|p1: temperature111|move: Sticky Web
|move|p1a: Pelipper|U-turn|p2a: Smeargle
|-damage|p2a: Smeargle|78/100
|
|t:|1743928155
|switch|p1a: Corviknight|Corviknight, F|100/100|[from] U-turn
|-ability|p1a: Corviknight|Pressure
|
|-weather|RainDance|[upkeep]
|upkeep
|turn|2
|
|t:|1743928161
|move|p2a: Smeargle|Glare|p1a: Corviknight
|-status|p1a: Corviknight|par
|move|p1a: Corviknight|Defog|p2a: Smeargle
|-unboost|p2a: Smeargle|evasion|1
|-sideend|p1: temperature111|Sticky Web|[from] move: Defog|[of] p1a: Corviknight
|
|-weather|RainDance|[upkeep]
|upkeep
|turn|3
|
|t:|1743928170
|move|p2a: Smeargle|Sticky Web|p1a: Corviknight
|-sidestart|p1: temperature111|move: Sticky Web
|cant|p1a: Corviknight|par
|
|-weather|RainDance|[upkeep]
|upkeep
|turn|4
|
|t:|1743928173
|move|p2a: Smeargle|Court Change|p2a: Smeargle
|-swapsideconditions
|-activate|p2a: Smeargle|move: Court Change
|cant|p1a: Corviknight|par
|
|-weather|RainDance|[upkeep]
|upkeep
|turn|5
|
|t:|1743928180
|move|p1a: Corviknight|Defog|p2a: Smeargle
|-unboost|p2a: Smeargle|evasion|1
|-sideend|p2: stenchclassic|Sticky Web|[from] move: Defog|[of] p1a: Corviknight
|move|p2a: Smeargle|Roar|p1a: Corviknight
|drag|p1a: Barraskewda|Barraskewda, M|100/100
|
|-weather|RainDance|[upkeep]
|upkeep
|turn|6
|
|t:|1743928191
|switch|p2a: Altaria|Altaria, F|100/100
|-ability|p2a: Altaria|Cloud Nine
|move|p1a: Barraskewda|Flip Turn|p2a: Altaria
|-resisted|p2a: Altaria
|-crit|p2a: Altaria
|-damage|p2a: Altaria|65/100
|
|t:|1743928206
|switch|p1a: Zapdos|Zapdos|100/100|[from] Flip Turn
|
|-weather|RainDance|[upkeep]
|upkeep
|turn|7
|
|t:|1743928215
|move|p1a: Zapdos|Thunder|p2a: Altaria|[miss]
|-miss|p1a: Zapdos|p2a: Altaria
|move|p2a: Altaria|Will-O-Wisp|p1a: Zapdos
|-status|p1a: Zapdos|brn
|
|-weather|RainDance|[upkeep]
|-damage|p1a: Zapdos|94/100 brn|[from] brn
|upkeep
|turn|8
|
|t:|1743928228
|-terastallize|p2a: Altaria|Steel
|move|p1a: Zapdos|Volt Switch|p2a: Altaria
|-damage|p2a: Altaria|39/100
|
|t:|1743928234
|switch|p1a: Clodsire|Clodsire, F|100/100|[from] Volt Switch
|move|p2a: Altaria|Fire Spin|p1a: Clodsire
|-damage|p1a: Clodsire|97/100
|-activate|p1a: Clodsire|move: Fire Spin|[of] p2a: Altaria
|
|-weather|none
|-heal|p1a: Clodsire|100/100|[from] item: Leftovers
|-damage|p1a: Clodsire|88/100|[from] move: Fire Spin|[partiallytrapped]
|upkeep
|turn|9
|
|t:|1743928240
|move|p2a: Altaria|Roost|p2a: Altaria
|-heal|p2a: Altaria|89/100
|move|p1a: Clodsire|Earthquake|p2a: Altaria
|-supereffective|p2a: Altaria
|-damage|p2a: Altaria|26/100
|
|-heal|p1a: Clodsire|94/100|[from] item: Leftovers
|-damage|p1a: Clodsire|82/100|[from] move: Fire Spin|[partiallytrapped]
|upkeep
|turn|10
|
|t:|1743928252
|move|p2a: Altaria|Will-O-Wisp|p1a: Clodsire
|-status|p1a: Clodsire|brn
|move|p1a: Clodsire|Stealth Rock|p2a: Altaria
|-sidestart|p2: stenchclassic|move: Stealth Rock
|
|-heal|p1a: Clodsire|88/100 brn|[from] item: Leftovers
|-damage|p1a: Clodsire|82/100 brn|[from] brn
|-damage|p1a: Clodsire|69/100 brn|[from] move: Fire Spin|[partiallytrapped]
|upkeep
|turn|11
|
|t:|1743928260
|move|p2a: Altaria|Roost|p2a: Altaria
|-heal|p2a: Altaria|76/100
|move|p1a: Clodsire|Earthquake|p2a: Altaria
|-supereffective|p2a: Altaria
|-damage|p2a: Altaria|45/100
|
|-heal|p1a: Clodsire|75/100 brn|[from] item: Leftovers
|-damage|p1a: Clodsire|69/100 brn|[from] brn
|-damage|p1a: Clodsire|57/100 brn|[from] move: Fire Spin|[partiallytrapped]
|upkeep
|turn|12
|
|t:|1743928270
|move|p2a: Altaria|Cotton Guard|p2a: Altaria
|-boost|p2a: Altaria|def|3
|move|p1a: Clodsire|Earthquake|p2a: Altaria
|-supereffective|p2a: Altaria
|-damage|p2a: Altaria|34/100
|
|-heal|p1a: Clodsire|63/100 brn|[from] item: Leftovers
|-damage|p1a: Clodsire|57/100 brn|[from] brn
|-damage|p1a: Clodsire|44/100 brn|[from] move: Fire Spin|[partiallytrapped]
|upkeep
|turn|13
|
|t:|1743928281
|move|p2a: Altaria|Roost|p2a: Altaria
|-heal|p2a: Altaria|84/100
|move|p1a: Clodsire|Recover|p1a: Clodsire
|-heal|p1a: Clodsire|94/100 brn
|
|-heal|p1a: Clodsire|100/100 brn|[from] item: Leftovers
|-damage|p1a: Clodsire|94/100 brn|[from] brn
|-end|p1a: Clodsire|Fire Spin|[partiallytrapped]
|upkeep
|turn|14
|
|t:|1743928299
|switch|p1a: Incineroar|Incineroar, F|100/100
|-ability|p1a: Incineroar|Intimidate|boost
|-unboost|p2a: Altaria|atk|1
|move|p2a: Altaria|Cotton Guard|p2a: Altaria
|-boost|p2a: Altaria|def|3
|
|upkeep
|turn|15
|
|t:|1743928316
|move|p2a: Altaria|Fire Spin|p1a: Incineroar
|-resisted|p1a: Incineroar
|-damage|p1a: Incineroar|97/100
|-activate|p1a: Incineroar|move: Fire Spin|[of] p2a: Altaria
|move|p1a: Incineroar|Parting Shot|p2a: Altaria
|-unboost|p2a: Altaria|atk|1
|-unboost|p2a: Altaria|spa|1
|inactive|temperature111 has 120 seconds left.
|
|t:|1743928337
|switch|p1a: Zapdos|Zapdos|94/100 brn|[from] Parting Shot
|
|-damage|p1a: Zapdos|88/100 brn|[from] brn
|upkeep
|turn|16
|
|t:|1743928345
|move|p1a: Zapdos|Volt Switch|p2a: Altaria
|-damage|p2a: Altaria|62/100
|
|t:|1743928349
|switch|p1a: Incineroar|Incineroar, F|97/100|[from] Volt Switch
|-ability|p1a: Incineroar|Intimidate|boost
|-unboost|p2a: Altaria|atk|1
|move|p2a: Altaria|Fire Spin|p1a: Incineroar
|-resisted|p1a: Incineroar
|-damage|p1a: Incineroar|96/100
|-activate|p1a: Incineroar|move: Fire Spin|[of] p2a: Altaria
|
|-damage|p1a: Incineroar|83/100|[from] move: Fire Spin|[partiallytrapped]
|upkeep
|turn|17
|
|t:|1743928354
|switch|p2a: Smeargle|Smeargle, F|78/100
|-damage|p2a: Smeargle|65/100|[from] Stealth Rock
|move|p1a: Incineroar|Parting Shot|p2a: Smeargle
|-unboost|p2a: Smeargle|atk|1
|-unboost|p2a: Smeargle|spa|1
|
|t:|1743928361
|switch|p1a: Pelipper|Pelipper, M|100/100|[from] Parting Shot
|-weather|RainDance|[from] ability: Drizzle|[of] p1a: Pelipper
|
|-weather|RainDance|[upkeep]
|upkeep
|turn|18
|
|t:|1743928367
|move|p2a: Smeargle|Glare|p1a: Pelipper
|-status|p1a: Pelipper|par
|move|p1a: Pelipper|U-turn|p2a: Smeargle
|-damage|p2a: Smeargle|45/100
|
|t:|1743928375
|switch|p1a: Zapdos|Zapdos|88/100 brn|[from] U-turn
|
|-weather|RainDance|[upkeep]
|-damage|p1a: Zapdos|82/100 brn|[from] brn
|upkeep
|turn|19
|
|t:|1743928384
|move|p1a: Zapdos|Hurricane|p2a: Smeargle
|-damage|p2a: Smeargle|0 fnt
|faint|p2a: Smeargle
|
|-weather|RainDance|[upkeep]
|-damage|p1a: Zapdos|76/100 brn|[from] brn
|upkeep
|
|t:|1743928394
|switch|p2a: Kingambit|Kingambit, M|100/100
|-damage|p2a: Kingambit|94/100|[from] Stealth Rock
|turn|20
|
|t:|1743928402
|switch|p1a: Incineroar|Incineroar, F|83/100
|-ability|p1a: Incineroar|Intimidate|boost
|-unboost|p2a: Kingambit|atk|1
|-ability|p2a: Kingambit|Defiant|boost
|-boost|p2a: Kingambit|atk|2
|move|p2a: Kingambit|Swords Dance|p2a: Kingambit
|-boost|p2a: Kingambit|atk|2
|
|-weather|RainDance|[upkeep]
|upkeep
|turn|21
|
|t:|1743928413
|move|p1a: Incineroar|Will-O-Wisp|p2a: Kingambit
|-status|p2a: Kingambit|brn
|move|p2a: Kingambit|Low Kick|p1a: Incineroar
|-supereffective|p1a: Incineroar
|-damage|p1a: Incineroar|12/100
|-damage|p2a: Kingambit|84/100 brn|[from] item: Life Orb
|
|-weather|RainDance|[upkeep]
|-damage|p2a: Kingambit|78/100 brn|[from] brn
|upkeep
|turn|22
|
|t:|1743928424
|-terastallize|p1a: Incineroar|Fire
|move|p1a: Incineroar|Drain Punch|p2a: Kingambit
|-supereffective|p2a: Kingambit
|-damage|p2a: Kingambit|19/100 brn
|-heal|p1a: Incineroar|43/100|[from] drain|[of] p2a: Kingambit
|move|p2a: Kingambit|Low Kick|p1a: Incineroar
|-damage|p1a: Incineroar|9/100
|-damage|p2a: Kingambit|9/100 brn|[from] item: Life Orb
|
|-weather|RainDance|[upkeep]
|-damage|p2a: Kingambit|3/100 brn|[from] brn
|upkeep
|turn|23
|inactive|temperature111 has 120 seconds left.
|
|t:|1743928456
|switch|p1a: Corviknight|Corviknight, F|100/100 par
|-ability|p1a: Corviknight|Pressure
|move|p2a: Kingambit|Sucker Punch||[still]
|-fail|p2a: Kingambit
|
|-weather|RainDance|[upkeep]
|-damage|p2a: Kingambit|0 fnt|[from] brn
|faint|p2a: Kingambit
|upkeep
|
|t:|1743928461
|switch|p2a: Serperior|Serperior, F|100/100
|-damage|p2a: Serperior|88/100|[from] Stealth Rock
|turn|24
|
|t:|1743928466
|move|p2a: Serperior|Leaf Storm|p1a: Corviknight
|-resisted|p1a: Corviknight
|-damage|p1a: Corviknight|89/100 par
|-boost|p2a: Serperior|spa|2
|move|p1a: Corviknight|U-turn|p2a: Serperior
|-supereffective|p2a: Serperior
|-damage|p2a: Serperior|51/100
|inactive|temperature111 has 120 seconds left.
|
|t:|1743928489
|switch|p1a: Incineroar|Incineroar, F, tera:Fire|9/100|[from] U-turn
|-ability|p1a: Incineroar|Intimidate|boost
|-boost|p2a: Serperior|atk|1
|
|-weather|none
|-heal|p2a: Serperior|57/100|[from] item: Leftovers
|upkeep
|turn|25
|
|t:|1743928496
|move|p2a: Serperior|Dragon Pulse|p1a: Incineroar
|-damage|p1a: Incineroar|0 fnt
|faint|p1a: Incineroar
|
|-heal|p2a: Serperior|63/100|[from] item: Leftovers
|upkeep
|
|t:|1743928501
|switch|p1a: Pelipper|Pelipper, M|100/100 par
|-weather|RainDance|[from] ability: Drizzle|[of] p1a: Pelipper
|turn|26
|
|t:|1743928506
|move|p2a: Serperior|Leaf Storm|p1a: Pelipper
|-damage|p1a: Pelipper|0 fnt
|-boost|p2a: Serperior|spa|2
|faint|p1a: Pelipper
|
|-weather|RainDance|[upkeep]
|-heal|p2a: Serperior|70/100|[from] item: Leftovers
|upkeep
|
|t:|1743928510
|switch|p1a: Barraskewda|Barraskewda, M|100/100
|turn|27
|
|t:|1743928516
|move|p1a: Barraskewda|Close Combat|p2a: Serperior
|-damage|p2a: Serperior|0 fnt
|-unboost|p1a: Barraskewda|def|1
|-unboost|p1a: Barraskewda|spd|1
|faint|p2a: Serperior
|
|-weather|RainDance|[upkeep]
|upkeep
|
|t:|1743928520
|switch|p2a: Altaria|Altaria, F, tera:Steel|62/100
|-ability|p2a: Altaria|Cloud Nine
|turn|28
|
|t:|1743928526
|move|p1a: Barraskewda|Close Combat|p2a: Altaria
|-supereffective|p2a: Altaria
|-damage|p2a: Altaria|0 fnt
|-unboost|p1a: Barraskewda|def|1
|-unboost|p1a: Barraskewda|spd|1
|faint|p2a: Altaria
|
|-weather|RainDance|[upkeep]
|upkeep
|
|t:|1743928533
|switch|p2a: Malamar|Malamar, F|100/100
|-damage|p2a: Malamar|88/100|[from] Stealth Rock
|turn|29
|
|t:|1743928539
|move|p1a: Barraskewda|Close Combat|p2a: Malamar
|-crit|p2a: Malamar
|-damage|p2a: Malamar|0 fnt
|-unboost|p1a: Barraskewda|def|1
|-unboost|p1a: Barraskewda|spd|1
|faint|p2a: Malamar
|
|-weather|RainDance|[upkeep]
|upkeep
|-message|stenchclassic forfeited.
|
|win|temperature111
|raw|temperature111's rating: 1320 &rarr; <strong>1340</strong><br />(+20 for winning)
|raw|stenchclassic's rating: 1315 &rarr; <strong>1295</strong><br />(-20 for losing)
|l|☆stenchclassic
|player|p2|
|l|☆temperature111
|player|p1|
