|j|☆idkopkuntal
|j|☆are you jesus?
|t:|1743826373
|gametype|singles
|player|p1|idkopkuntal|102|1074
|player|p2|are you jesus?|artist|1064
|teamsize|p1|6
|teamsize|p2|6
|gen|9
|tier|[Gen 9] OU
|rated|
|rule|HP Percentage Mod: HP is shown in percentages
|rule|Endless Battle Clause: Forcing endless battles is banned
|rule|Species Clause: Limit one of each Pokémon
|rule|OHKO Clause: OHKO moves are banned
|rule|Evasion Items Clause: Evasion items are banned
|rule|Evasion Moves Clause: Evasion moves are banned
|rule|Sleep Moves Clause: Sleep-inducing moves are banned
|clearpoke
|poke|p1|Gholdengo|
|poke|p1|Iron Valiant|
|poke|p1|Great Tusk|
|poke|p1|Dragapult, M|
|poke|p1|Clodsire, F|
|poke|p1|Kingambit, M|
|poke|p2|Azelf|
|poke|p2|Forretress, F|
|poke|p2|Chansey, F|
|poke|p2|Noivern, M|
|poke|p2|Crawdaunt, F|
|poke|p2|Raikou|
|teampreview
|c|☆are you jesus?|hi
|
|t:|1743826379
|start
|switch|p1a: Clodsire|Clodsire, F|100/100
|switch|p2a: Azelf|Azelf|100/100
|turn|1
|
|t:|1743826387
|move|p2a: Azelf|Zen Headbutt|p1a: Clodsire
|-supereffective|p1a: Clodsire
|-damage|p1a: Clodsire|0 fnt
|faint|p1a: Clodsire
|
|upkeep
|
|t:|1743826397
|switch|p1a: Dragapult|Dragapult, M|100/100
|turn|2
|
|t:|1743826403
|switch|p2a: Chansey|Chansey, F|100/100
|move|p1a: Dragapult|Shadow Ball|p2a: Chansey
|-immune|p2a: Chansey
|
|upkeep
|turn|3
|
|t:|1743826411
|switch|p1a: Iron Valiant|Iron Valiant|100/100
|-enditem|p1a: Iron Valiant|Booster Energy
|-activate|p1a: Iron Valiant|ability: Quark Drive|[fromitem]
|-start|p1a: Iron Valiant|quarkdrivespe
|move|p2a: Chansey|Thunder Wave|p1a: Iron Valiant
|-status|p1a: Iron Valiant|par
|
|upkeep
|turn|4
|
|t:|1743826435
|switch|p2a: Forretress|Forretress, F|100/100
|cant|p1a: Iron Valiant|par
|
|upkeep
|turn|5
|
|t:|1743826443
|move|p1a: Iron Valiant|Knock Off|p2a: Forretress
|-damage|p2a: Forretress|83/100
|-damage|p1a: Iron Valiant|84/100 par|[from] item: Rocky Helmet|[of] p2a: Forretress
|-enditem|p2a: Forretress|Rocky Helmet|[from] move: Knock Off|[of] p1a: Iron Valiant
|move|p2a: Forretress|Stealth Rock|p1a: Iron Valiant
|-sidestart|p1: idkopkuntal|move: Stealth Rock
|
|upkeep
|turn|6
|
|t:|1743826449
|move|p1a: Iron Valiant|Close Combat|p2a: Forretress
|-damage|p2a: Forretress|51/100
|-unboost|p1a: Iron Valiant|def|1
|-unboost|p1a: Iron Valiant|spd|1
|move|p2a: Forretress|Gyro Ball|p1a: Iron Valiant
|-supereffective|p1a: Iron Valiant
|-damage|p1a: Iron Valiant|0 fnt
|faint|p1a: Iron Valiant
|-end|p1a: Iron Valiant|Quark Drive|[silent]
|
|upkeep
|
|t:|1743826455
|switch|p1a: Gholdengo|Gholdengo|100/100
|-damage|p1a: Gholdengo|94/100|[from] Stealth Rock
|turn|7
|
|t:|1743826464
|switch|p2a: Crawdaunt|Crawdaunt, F|100/100
|move|p1a: Gholdengo|Make It Rain|p2a: Crawdaunt
|-resisted|p2a: Crawdaunt
|-damage|p2a: Crawdaunt|49/100
|-unboost|p1a: Gholdengo|spa|1
|
|-heal|p1a: Gholdengo|100/100|[from] item: Leftovers
|upkeep
|turn|8
|
|t:|1743826471
|move|p1a: Gholdengo|Make It Rain|p2a: Crawdaunt
|-resisted|p2a: Crawdaunt
|-damage|p2a: Crawdaunt|9/100
|-unboost|p1a: Gholdengo|spa|1
|move|p2a: Crawdaunt|Knock Off|p1a: Gholdengo
|-supereffective|p1a: Gholdengo
|-crit|p1a: Gholdengo
|-damage|p1a: Gholdengo|0 fnt
|-enditem|p1a: Gholdengo|Leftovers|[from] move: Knock Off|[of] p2a: Crawdaunt
|faint|p1a: Gholdengo
|-damage|p2a: Crawdaunt|0 fnt|[from] item: Life Orb
|faint|p2a: Crawdaunt
|
|upkeep
|
|t:|1743826484
|switch|p1a: Great Tusk|Great Tusk|100/100
|switch|p2a: Azelf|Azelf|100/100
|-damage|p1a: Great Tusk|98/100|[from] Stealth Rock
|turn|9
|
|t:|1743826492
|move|p2a: Azelf|Drain Punch|p1a: Great Tusk
|-damage|p1a: Great Tusk|72/100
|move|p1a: Great Tusk|Close Combat|p2a: Azelf
|-resisted|p2a: Azelf
|-damage|p2a: Azelf|55/100
|-unboost|p1a: Great Tusk|def|1
|-unboost|p1a: Great Tusk|spd|1
|
|-heal|p1a: Great Tusk|78/100|[from] item: Leftovers
|upkeep
|turn|10
|
|t:|1743826499
|switch|p2a: Harlan Ellison|Noivern, M|100/100
|move|p1a: Great Tusk|Headlong Rush|p2a: Harlan Ellison
|-immune|p2a: Harlan Ellison
|
|-heal|p1a: Great Tusk|84/100|[from] item: Leftovers
|upkeep
|turn|11
|
|t:|1743826508
|move|p2a: Harlan Ellison|Draco Meteor|p1a: Great Tusk
|-damage|p1a: Great Tusk|0 fnt
|-unboost|p2a: Harlan Ellison|spa|2
|faint|p1a: Great Tusk
|-end|p1a: Great Tusk|Protosynthesis|[silent]
|
|upkeep
|
|t:|1743826514
|switch|p1a: Dragapult|Dragapult, M|100/100
|-damage|p1a: Dragapult|88/100|[from] Stealth Rock
|turn|12
|
|t:|1743826518
|switch|p2a: Chansey|Chansey, F|100/100
|move|p1a: Dragapult|Draco Meteor|p2a: Chansey
|-damage|p2a: Chansey|80/100
|-unboost|p1a: Dragapult|spa|2
|
|upkeep
|turn|13
|
|t:|1743826523
|move|p1a: Dragapult|Draco Meteor|p2a: Chansey
|-damage|p2a: Chansey|69/100
|-unboost|p1a: Dragapult|spa|2
|move|p2a: Chansey|Thunder Wave|p1a: Dragapult
|-status|p1a: Dragapult|par
|
|upkeep
|turn|14
|
|t:|1743826551
|switch|p2a: Azelf|Azelf|55/100
|move|p1a: Dragapult|Draco Meteor|p2a: Azelf
|-damage|p2a: Azelf|12/100
|-unboost|p1a: Dragapult|spa|2
|
|upkeep
|turn|15
|
|t:|1743826556
|move|p2a: Azelf|Ice Punch|p1a: Dragapult
|-supereffective|p1a: Dragapult
|-damage|p1a: Dragapult|0 fnt
|faint|p1a: Dragapult
|
|upkeep
|
|t:|1743826558
|switch|p1a: Kingambit|Kingambit, M|100/100
|-damage|p1a: Kingambit|94/100|[from] Stealth Rock
|-activate|p1a: Kingambit|ability: Supreme Overlord
|-start|p1a: Kingambit|fallen5|[silent]
|turn|16
|
|t:|1743826565
|switch|p2a: Forretress|Forretress, F|51/100
|move|p1a: Kingambit|Kowtow Cleave|p2a: Forretress
|-damage|p2a: Forretress|4/100
|
|upkeep
|turn|17
|
|t:|1743826570
|move|p1a: Kingambit|Sucker Punch|p2a: Forretress
|-damage|p2a: Forretress|0 fnt
|faint|p2a: Forretress
|
|upkeep
|
|t:|1743826577
|switch|p2a: Azelf|Azelf|12/100
|turn|18
|
|t:|1743826580
|move|p1a: Kingambit|Sucker Punch|p2a: Azelf
|-supereffective|p2a: Azelf
|-damage|p2a: Azelf|0 fnt
|faint|p2a: Azelf
|
|upkeep
|
|t:|1743826584
|switch|p2a: Harlan Ellison|Noivern, M|100/100
|turn|19
|
|t:|1743826589
|move|p2a: Harlan Ellison|Flamethrower|p1a: Kingambit
|-supereffective|p1a: Kingambit
|-damage|p1a: Kingambit|21/100
|move|p1a: Kingambit|Kowtow Cleave|p2a: Harlan Ellison
|-damage|p2a: Harlan Ellison|0 fnt
|faint|p2a: Harlan Ellison
|
|upkeep
|
|t:|1743826596
|switch|p2a: Raikou|Raikou|100/100
|-ability|p2a: Raikou|Pressure
|turn|20
|
|t:|1743826601
|move|p1a: Kingambit|Sucker Punch|p2a: Raikou
|-damage|p2a: Raikou|3/100
|move|p2a: Raikou|Thunderbolt|p1a: Kingambit
|-damage|p1a: Kingambit|0 fnt
|faint|p1a: Kingambit
|-end|p1a: Kingambit|fallen5|[silent]
|
|win|are you jesus?
|raw|idkopkuntal's rating: 1074 &rarr; <strong>1052</strong><br />(-22 for losing)
|raw|are you jesus?'s rating: 1064 &rarr; <strong>1095</strong><br />(+31 for winning)
|l|☆are you jesus?
|player|p2|
|l|☆idkopkuntal
|player|p1|
