|j|☆Un0eg0
|j|☆Mhk897
|t:|1743902627
|gametype|singles
|player|p1|Un0eg0|dancer|1325
|player|p2|Mhk897|102|1361
|teamsize|p1|6
|teamsize|p2|6
|gen|9
|tier|[Gen 9] OU
|rated|
|rule|HP Percentage Mod: HP is shown in percentages
|rule|Endless Battle Clause: Forcing endless battles is banned
|rule|Species Clause: Limit one of each Pokémon
|rule|OHKO Clause: OHKO moves are banned
|rule|Evasion Items Clause: Evasion items are banned
|rule|Evasion Moves Clause: Evasion moves are banned
|rule|Sleep Moves Clause: Sleep-inducing moves are banned
|clearpoke
|poke|p1|Ceruledge, F|
|poke|p1|Iron Hands|
|poke|p1|Goodra, F|
|poke|p1|Incineroar, F|
|poke|p1|Iron Treads|
|poke|p1|Iron Moth|
|poke|p2|Dragapult, F|
|poke|p2|Iron Moth|
|poke|p2|Serperior, F|
|poke|p2|Iron Treads|
|poke|p2|Dragonite, F|
|poke|p2|Greninja-*, M|
|teampreview
|inactive|Battle timer is ON: inactive players will automatically lose when time's up. (requested by Un0eg0)
|
|t:|1743902644
|start
|switch|p1a: Robot Boy|Iron Hands|100/100
|switch|p2a: Onyxia|Dragapult, F|100/100
|turn|1
|
|t:|1743902650
|move|p2a: Onyxia|Will-O-Wisp|p1a: Robot Boy
|-status|p1a: Robot Boy|brn
|move|p1a: Robot Boy|Ice Punch|p2a: Onyxia
|-supereffective|p2a: Onyxia
|-damage|p2a: Onyxia|55/100
|
|-damage|p1a: Robot Boy|94/100 brn|[from] brn
|upkeep
|turn|2
|
|t:|1743902656
|move|p2a: Onyxia|Hex|p1a: Robot Boy
|-damage|p1a: Robot Boy|51/100 brn
|move|p1a: Robot Boy|Ice Punch|p2a: Onyxia
|-supereffective|p2a: Onyxia
|-damage|p2a: Onyxia|9/100
|-status|p2a: Onyxia|frz
|
|-heal|p1a: Robot Boy|57/100 brn|[from] item: Leftovers
|-damage|p1a: Robot Boy|51/100 brn|[from] brn
|upkeep
|turn|3
|
|t:|1743902662
|cant|p2a: Onyxia|frz
|move|p1a: Robot Boy|Ice Punch|p2a: Onyxia
|-supereffective|p2a: Onyxia
|-damage|p2a: Onyxia|0 fnt
|faint|p2a: Onyxia
|
|-heal|p1a: Robot Boy|57/100 brn|[from] item: Leftovers
|-damage|p1a: Robot Boy|51/100 brn|[from] brn
|upkeep
|
|t:|1743902665
|switch|p2a: Mistlestorm|Serperior, F|100/100
|turn|4
|
|t:|1743902668
|move|p2a: Mistlestorm|Leaf Storm|p1a: Robot Boy
|-damage|p1a: Robot Boy|11/100 brn
|-boost|p2a: Mistlestorm|spa|2
|move|p1a: Robot Boy|Ice Punch|p2a: Mistlestorm
|-supereffective|p2a: Mistlestorm
|-crit|p2a: Mistlestorm
|-damage|p2a: Mistlestorm|50/100
|
|-heal|p1a: Robot Boy|18/100 brn|[from] item: Leftovers
|-damage|p1a: Robot Boy|11/100 brn|[from] brn
|upkeep
|turn|5
|
|t:|1743902672
|move|p2a: Mistlestorm|Leaf Storm|p1a: Robot Boy
|-damage|p1a: Robot Boy|0 fnt
|-boost|p2a: Mistlestorm|spa|2
|faint|p1a: Robot Boy
|-end|p1a: Robot Boy|Quark Drive|[silent]
|
|upkeep
|
|t:|1743902674
|switch|p1a: Megaman|Ceruledge, F|100/100
|turn|6
|
|t:|1743902677
|-terastallize|p2a: Mistlestorm|Ground
|move|p2a: Mistlestorm|Tera Blast|p1a: Megaman|[anim] Tera Blast Ground
|-supereffective|p1a: Megaman
|-enditem|p1a: Megaman|Focus Sash
|-damage|p1a: Megaman|1/100
|move|p1a: Megaman|Bitter Blade|p2a: Mistlestorm
|-damage|p2a: Mistlestorm|0 fnt
|-heal|p1a: Megaman|26/100|[from] drain|[of] p2a: Mistlestorm
|faint|p2a: Mistlestorm
|
|upkeep
|
|t:|1743902687
|switch|p2a: Cosmic Kunai|Greninja, M|100/100
|turn|7
|
|t:|1743902691
|move|p2a: Cosmic Kunai|Water Shuriken|p1a: Megaman
|-supereffective|p1a: Megaman
|-damage|p1a: Megaman|3/100
|-supereffective|p1a: Megaman
|-damage|p1a: Megaman|0 fnt
|faint|p1a: Megaman
|-ability|p2a: Cosmic Kunai|Battle Bond|boost
|-boost|p2a: Cosmic Kunai|atk|1
|-boost|p2a: Cosmic Kunai|spa|1
|-boost|p2a: Cosmic Kunai|spe|1
|-activate|p2a: Cosmic Kunai|ability: Battle Bond
|-hitcount|p1: Megaman|2
|-damage|p2a: Cosmic Kunai|91/100|[from] item: Life Orb
|
|upkeep
|
|t:|1743902693
|switch|p1a: TT|Goodra, F|100/100
|turn|8
|
|t:|1743902696
|move|p2a: Cosmic Kunai|Ice Beam|p1a: TT
|-supereffective|p1a: TT
|-damage|p1a: TT|47/100
|-damage|p2a: Cosmic Kunai|81/100|[from] item: Life Orb
|move|p1a: TT|Thunderbolt|p2a: Cosmic Kunai
|-supereffective|p2a: Cosmic Kunai
|-damage|p2a: Cosmic Kunai|0 fnt
|faint|p2a: Cosmic Kunai
|
|upkeep
|
|t:|1743902704
|switch|p2a: Dragon Pow|Dragonite, F|100/100
|turn|9
|
|t:|1743902707
|switch|p1a: El Tigre|Incineroar, F|100/100
|-ability|p1a: El Tigre|Intimidate|boost
|-unboost|p2a: Dragon Pow|atk|1
|move|p2a: Dragon Pow|Scale Shot|p1a: El Tigre
|-damage|p1a: El Tigre|90/100
|-damage|p1a: El Tigre|80/100
|-damage|p1a: El Tigre|70/100
|-damage|p1a: El Tigre|61/100
|-damage|p1a: El Tigre|52/100
|-hitcount|p1a: El Tigre|5
|-unboost|p2a: Dragon Pow|def|1
|-boost|p2a: Dragon Pow|spe|1
|
|upkeep
|turn|10
|
|t:|1743902711
|switch|p2a: Shattered Sun|Iron Moth|100/100
|-enditem|p2a: Shattered Sun|Booster Energy
|-activate|p2a: Shattered Sun|ability: Quark Drive|[fromitem]
|-start|p2a: Shattered Sun|quarkdrivespe
|move|p1a: El Tigre|Knock Off|p2a: Shattered Sun
|-damage|p2a: Shattered Sun|61/100
|
|upkeep
|turn|11
|
|t:|1743902718
|move|p2a: Shattered Sun|Substitute|p2a: Shattered Sun
|-start|p2a: Shattered Sun|Substitute
|-damage|p2a: Shattered Sun|36/100
|move|p1a: El Tigre|Parting Shot|p2a: Shattered Sun
|-unboost|p2a: Shattered Sun|atk|1
|-unboost|p2a: Shattered Sun|spa|1
|
|t:|1743902720
|switch|p1a: Ultimate Big Chill|Iron Moth|100/100|[from] Parting Shot
|
|upkeep
|turn|12
|
|t:|1743902728
|move|p2a: Shattered Sun|Fiery Dance|p1a: Ultimate Big Chill
|-resisted|p1a: Ultimate Big Chill
|-damage|p1a: Ultimate Big Chill|88/100
|-boost|p2a: Shattered Sun|spa|1
|move|p1a: Ultimate Big Chill|Fiery Dance|p2a: Shattered Sun
|-resisted|p2a: Shattered Sun
|-activate|p2a: Shattered Sun|move: Substitute|[damage]
|
|upkeep
|turn|13
|c|☆Mhk897|damn'
|c|☆Mhk897|it is ult big chill
|c|☆Mhk897|nice one
|
|t:|1743902746
|move|p2a: Shattered Sun|Fiery Dance|p1a: Ultimate Big Chill
|-resisted|p1a: Ultimate Big Chill
|-damage|p1a: Ultimate Big Chill|65/100
|move|p1a: Ultimate Big Chill|Fiery Dance|p2a: Shattered Sun
|-resisted|p2a: Shattered Sun
|-crit|p2a: Shattered Sun
|-end|p2a: Shattered Sun|Substitute
|
|upkeep
|turn|14
|
|t:|1743902755
|move|p2a: Shattered Sun|Fiery Dance|p1a: Ultimate Big Chill
|-resisted|p1a: Ultimate Big Chill
|-damage|p1a: Ultimate Big Chill|45/100
|move|p1a: Ultimate Big Chill|Fiery Dance|p2a: Shattered Sun
|-resisted|p2a: Shattered Sun
|-damage|p2a: Shattered Sun|14/100
|
|upkeep
|turn|15
|
|t:|1743902761
|move|p1a: Ultimate Big Chill|Fiery Dance|p2a: Shattered Sun
|-resisted|p2a: Shattered Sun
|-damage|p2a: Shattered Sun|0 fnt
|-boost|p1a: Ultimate Big Chill|spa|1
|faint|p2a: Shattered Sun
|-end|p2a: Shattered Sun|Quark Drive|[silent]
|
|upkeep
|
|t:|1743902766
|switch|p2a: Dragon Pow|Dragonite, F|100/100
|turn|16
|c|☆Un0eg0|Thank you
|
|t:|1743902777
|move|p1a: Ultimate Big Chill|Fiery Dance|p2a: Dragon Pow
|-resisted|p2a: Dragon Pow
|-damage|p2a: Dragon Pow|84/100
|-boost|p1a: Ultimate Big Chill|spa|1
|move|p2a: Dragon Pow|Dragon Dance|p2a: Dragon Pow
|-boost|p2a: Dragon Pow|atk|1
|-boost|p2a: Dragon Pow|spe|1
|
|upkeep
|turn|17
|
|t:|1743902787
|-end|p1a: Ultimate Big Chill|Quark Drive|[silent]
|switch|p1a: El Tigre|Incineroar, F|52/100
|-ability|p1a: El Tigre|Intimidate|boost
|-unboost|p2a: Dragon Pow|atk|1
|move|p2a: Dragon Pow|Scale Shot|p1a: El Tigre
|-damage|p1a: El Tigre|38/100
|-damage|p1a: El Tigre|25/100
|-crit|p1a: El Tigre
|-damage|p1a: El Tigre|2/100
|-damage|p1a: El Tigre|0 fnt
|faint|p1a: El Tigre
|-hitcount|p1: El Tigre|4
|-unboost|p2a: Dragon Pow|def|1
|-boost|p2a: Dragon Pow|spe|1
|
|upkeep
|
|t:|1743902794
|switch|p1a: Rollie poly|Iron Treads|100/100
|-enditem|p1a: Rollie poly|Booster Energy
|-activate|p1a: Rollie poly|ability: Quark Drive|[fromitem]
|-start|p1a: Rollie poly|quarkdriveatk
|turn|18
|
|t:|1743902798
|-terastallize|p1a: Rollie poly|Ghost
|move|p2a: Dragon Pow|Fire Punch|p1a: Rollie poly
|-damage|p1a: Rollie poly|75/100
|move|p1a: Rollie poly|Heavy Slam|p2a: Dragon Pow
|-damage|p2a: Dragon Pow|42/100
|
|upkeep
|turn|19
|c|☆Mhk897|wp
|
|t:|1743902806
|move|p2a: Dragon Pow|Scale Shot|p1a: Rollie poly
|-damage|p1a: Rollie poly|61/100
|-damage|p1a: Rollie poly|47/100
|-damage|p1a: Rollie poly|33/100
|-damage|p1a: Rollie poly|19/100
|-hitcount|p1a: Rollie poly|4
|-unboost|p2a: Dragon Pow|def|1
|-boost|p2a: Dragon Pow|spe|1
|move|p1a: Rollie poly|Heavy Slam|p2a: Dragon Pow
|-damage|p2a: Dragon Pow|0 fnt
|faint|p2a: Dragon Pow
|
|upkeep
|
|t:|1743902815
|switch|p2a: Handheld Tank|Iron Treads|100/100
|-enditem|p2a: Handheld Tank|Booster Energy
|-activate|p2a: Handheld Tank|ability: Quark Drive|[fromitem]
|-start|p2a: Handheld Tank|quarkdrivespe
|turn|20
|c|☆Un0eg0|Ggwp
|
|t:|1743902828
|move|p2a: Handheld Tank|Earthquake|p1a: Rollie poly
|-damage|p1a: Rollie poly|0 fnt
|faint|p1a: Rollie poly
|-end|p1a: Rollie poly|Quark Drive|[silent]
|
|upkeep
|c|☆Mhk897|gg
|
|t:|1743902830
|switch|p1a: Ultimate Big Chill|Iron Moth|45/100
|turn|21
|c|☆Mhk897|lets see
|c|☆Mhk897|think you'll win
|
|t:|1743902845
|move|p1a: Ultimate Big Chill|Fiery Dance|p2a: Handheld Tank
|-supereffective|p2a: Handheld Tank
|-damage|p2a: Handheld Tank|0 fnt
|faint|p2a: Handheld Tank
|-end|p2a: Handheld Tank|Quark Drive|[silent]
|
|win|Un0eg0
|raw|Un0eg0's rating: 1325 &rarr; <strong>1347</strong><br />(+22 for winning)
|raw|Mhk897's rating: 1361 &rarr; <strong>1339</strong><br />(-22 for losing)
|c|☆Mhk897|wat
|c|☆Mhk897|is that carf?
|c|☆Un0eg0|Yeah had him scarfed
|c|☆Mhk897|scarf
|c|☆Mhk897|damnn
|c|☆Mhk897|nice
|c|☆Mhk897|wp
|c|☆Un0eg0|Wp
|l|☆Mhk897
|player|p2|
|l|☆Un0eg0
|player|p1|
