|j|☆NeqixPL
|j|☆Ghostrunner103
|t:|1743929160
|gametype|singles
|player|p1|NeqixPL|102|1168
|player|p2|Ghostrunner103|preschooler|1170
|teamsize|p1|6
|teamsize|p2|6
|gen|9
|tier|[Gen 9] OU
|rated|
|rule|HP Percentage Mod: HP is shown in percentages
|rule|Endless Battle Clause: Forcing endless battles is banned
|rule|Species Clause: Limit one of each Pokémon
|rule|OHKO Clause: OHKO moves are banned
|rule|Evasion Items Clause: Evasion items are banned
|rule|Evasion Moves Clause: Evasion moves are banned
|rule|Sleep Moves Clause: Sleep-inducing moves are banned
|clearpoke
|poke|p1|Pecharunt|
|poke|p1|Great Tusk|
|poke|p1|Tinkaton, F|
|poke|p1|Noivern, M|
|poke|p1|Meowscarada, F|
|poke|p1|Iron Moth|
|poke|p2|Haxorus, M|
|poke|p2|Darkrai|
|poke|p2|Primarina, M|
|poke|p2|Corviknight, M|
|poke|p2|Ursaluna, F|
|poke|p2|Deoxys-Speed|
|teampreview
|inactive|Battle timer is ON: inactive players will automatically lose when time's up. (requested by NeqixPL)
|
|t:|1743929175
|start
|switch|p1a: Pecharunt|Pecharunt|100/100
|switch|p2a: Ursaluna|Ursaluna, F|100/100
|turn|1
|
|t:|1743929183
|-terastallize|p1a: Pecharunt|Ghost
|move|p1a: Pecharunt|Malignant Chain|p2a: Ursaluna
|-resisted|p2a: Ursaluna
|-damage|p2a: Ursaluna|81/100
|move|p2a: Ursaluna|Swords Dance|p2a: Ursaluna
|-boost|p2a: Ursaluna|atk|2
|
|-status|p2a: Ursaluna|brn|[from] item: Flame Orb
|upkeep
|turn|2
|
|t:|1743929190
|move|p1a: Pecharunt|Malignant Chain|p2a: Ursaluna
|-resisted|p2a: Ursaluna
|-damage|p2a: Ursaluna|62/100 brn
|move|p2a: Ursaluna|Headlong Rush|p1a: Pecharunt
|-damage|p1a: Pecharunt|0 fnt
|-unboost|p2a: Ursaluna|def|1
|-unboost|p2a: Ursaluna|spd|1
|faint|p1a: Pecharunt
|
|-damage|p2a: Ursaluna|56/100 brn|[from] brn
|upkeep
|
|t:|1743929202
|switch|p1a: Meowscarada|Meowscarada, F|100/100
|turn|3
|
|t:|1743929215
|switch|p2a: Corviknight|Corviknight, M|100/100
|-ability|p2a: Corviknight|Pressure
|move|p1a: Meowscarada|Flower Trick|p2a: Corviknight
|-resisted|p2a: Corviknight
|-crit|p2a: Corviknight
|-damage|p2a: Corviknight|91/100
|-damage|p1a: Meowscarada|91/100|[from] item: Life Orb
|
|upkeep
|turn|4
|
|t:|1743929225
|move|p1a: Meowscarada|Triple Axel|p2a: Corviknight
|-damage|p2a: Corviknight|86/100
|-damage|p1a: Meowscarada|74/100|[from] item: Rocky Helmet|[of] p2a: Corviknight
|-damage|p2a: Corviknight|76/100
|-damage|p1a: Meowscarada|58/100|[from] item: Rocky Helmet|[of] p2a: Corviknight
|-damage|p2a: Corviknight|62/100
|-damage|p1a: Meowscarada|41/100|[from] item: Rocky Helmet|[of] p2a: Corviknight
|-hitcount|p2a: Corviknight|3
|-damage|p1a: Meowscarada|32/100|[from] item: Life Orb
|move|p2a: Corviknight|Brave Bird|p1a: Meowscarada
|-supereffective|p1a: Meowscarada
|-damage|p1a: Meowscarada|0 fnt
|faint|p1a: Meowscarada
|-damage|p2a: Corviknight|55/100|[from] Recoil
|
|upkeep
|
|t:|1743929231
|switch|p1a: Iron Moth|Iron Moth|100/100
|-enditem|p1a: Iron Moth|Booster Energy
|-activate|p1a: Iron Moth|ability: Quark Drive|[fromitem]
|-start|p1a: Iron Moth|quarkdrivespa
|turn|5
|
|t:|1743929244
|switch|p2a: Primarina|Primarina, M|100/100
|move|p1a: Iron Moth|Fiery Dance|p2a: Primarina
|-resisted|p2a: Primarina
|-damage|p2a: Primarina|84/100
|-boost|p1a: Iron Moth|spa|1
|
|upkeep
|turn|6
|
|t:|1743929254
|move|p1a: Iron Moth|Sludge Wave|p2a: Primarina
|-supereffective|p2a: Primarina
|-damage|p2a: Primarina|0 fnt
|faint|p2a: Primarina
|
|upkeep
|
|t:|1743929261
|switch|p2a: Deoxys|Deoxys-Speed|100/100
|-ability|p2a: Deoxys|Pressure
|turn|7
|
|t:|1743929264
|move|p2a: Deoxys|Psycho Boost|p1a: Iron Moth
|-supereffective|p1a: Iron Moth
|-damage|p1a: Iron Moth|0 fnt
|-unboost|p2a: Deoxys|spa|2
|faint|p1a: Iron Moth
|-end|p1a: Iron Moth|Quark Drive|[silent]
|-damage|p2a: Deoxys|91/100|[from] item: Life Orb
|
|upkeep
|
|t:|1743929273
|switch|p1a: Tinkaton|Tinkaton, F|100/100
|-ability|p1a: Tinkaton|Mold Breaker
|turn|8
|
|t:|1743929276
|switch|p2a: Corviknight|Corviknight, M|55/100
|-ability|p2a: Corviknight|Pressure
|move|p1a: Tinkaton|Fake Out|p2a: Corviknight
|-resisted|p2a: Corviknight
|-damage|p2a: Corviknight|51/100
|-damage|p1a: Tinkaton|84/100|[from] item: Rocky Helmet|[of] p2a: Corviknight
|-damage|p1a: Tinkaton|74/100|[from] item: Life Orb
|
|upkeep
|turn|9
|
|t:|1743929280
|move|p1a: Tinkaton|Gigaton Hammer|p2a: Corviknight
|-resisted|p2a: Corviknight
|-damage|p2a: Corviknight|29/100
|-damage|p1a: Tinkaton|64/100|[from] item: Life Orb
|move|p2a: Corviknight|Roost|p2a: Corviknight
|-heal|p2a: Corviknight|79/100
|-singleturn|p2a: Corviknight|move: Roost
|
|upkeep
|turn|10
|
|t:|1743929295
|move|p1a: Tinkaton|Ice Hammer|p2a: Corviknight
|-damage|p2a: Corviknight|60/100
|-unboost|p1a: Tinkaton|spe|1
|-damage|p1a: Tinkaton|48/100|[from] item: Rocky Helmet|[of] p2a: Corviknight
|-damage|p1a: Tinkaton|38/100|[from] item: Life Orb
|move|p2a: Corviknight|U-turn|p1a: Tinkaton
|-resisted|p1a: Tinkaton
|-damage|p1a: Tinkaton|33/100
|
|t:|1743929302
|switch|p2a: Haxorus|Haxorus, M|100/100|[from] U-turn
|-ability|p2a: Haxorus|Mold Breaker
|
|upkeep
|turn|11
|
|t:|1743929306
|move|p2a: Haxorus|Close Combat|p1a: Tinkaton
|-crit|p1a: Tinkaton
|-damage|p1a: Tinkaton|0 fnt
|-unboost|p2a: Haxorus|def|1
|-unboost|p2a: Haxorus|spd|1
|faint|p1a: Tinkaton
|
|upkeep
|
|t:|1743929314
|switch|p1a: Great Tusk|Great Tusk|100/100
|-enditem|p1a: Great Tusk|Booster Energy
|-activate|p1a: Great Tusk|ability: Protosynthesis|[fromitem]
|-start|p1a: Great Tusk|protosynthesisatk
|turn|12
|
|t:|1743929323
|switch|p2a: Corviknight|Corviknight, M|60/100
|-ability|p2a: Corviknight|Pressure
|move|p1a: Great Tusk|Rapid Spin|p2a: Corviknight
|-resisted|p2a: Corviknight
|-damage|p2a: Corviknight|53/100
|-boost|p1a: Great Tusk|spe|1
|-damage|p1a: Great Tusk|84/100|[from] item: Rocky Helmet|[of] p2a: Corviknight
|
|upkeep
|turn|13
|
|t:|1743929326
|move|p1a: Great Tusk|Supercell Slam|p2a: Corviknight
|-supereffective|p2a: Corviknight
|-damage|p2a: Corviknight|3/100
|-damage|p1a: Great Tusk|68/100|[from] item: Rocky Helmet|[of] p2a: Corviknight
|move|p2a: Corviknight|Roost|p2a: Corviknight
|-heal|p2a: Corviknight|53/100
|-singleturn|p2a: Corviknight|move: Roost
|
|upkeep
|turn|14
|
|t:|1743929339
|move|p1a: Great Tusk|Close Combat|p2a: Corviknight
|-damage|p2a: Corviknight|0 fnt
|-unboost|p1a: Great Tusk|def|1
|-unboost|p1a: Great Tusk|spd|1
|-damage|p1a: Great Tusk|51/100|[from] item: Rocky Helmet|[of] p2a: Corviknight
|faint|p2a: Corviknight
|
|upkeep
|
|t:|1743929342
|switch|p2a: Deoxys|Deoxys-Speed|91/100
|-ability|p2a: Deoxys|Pressure
|turn|15
|
|t:|1743929347
|move|p2a: Deoxys|Psycho Boost|p1a: Great Tusk
|-supereffective|p1a: Great Tusk
|-damage|p1a: Great Tusk|0 fnt
|-unboost|p2a: Deoxys|spa|2
|faint|p1a: Great Tusk
|-end|p1a: Great Tusk|Protosynthesis|[silent]
|-damage|p2a: Deoxys|81/100|[from] item: Life Orb
|
|upkeep
|
|t:|1743929349
|switch|p1a: Noivern|Noivern, M|100/100
|-item|p2a: Deoxys|Life Orb|[from] ability: Frisk|[of] p1a: Noivern
|turn|16
|
|t:|1743929361
|switch|p2a: Ursaluna|Ursaluna, F|56/100 brn
|move|p1a: Noivern|Hurricane|p2a: Ursaluna
|-damage|p2a: Ursaluna|10/100 brn
|
|-damage|p2a: Ursaluna|3/100 brn|[from] brn
|upkeep
|turn|17
|
|t:|1743929365
|move|p1a: Noivern|Psychic Noise|p2a: Ursaluna
|-damage|p2a: Ursaluna|0 fnt
|faint|p2a: Ursaluna
|
|upkeep
|
|t:|1743929373
|switch|p2a: Darkrai|Darkrai|100/100
|turn|18
|
|t:|1743929377
|move|p2a: Darkrai|Ice Beam|p1a: Noivern
|-supereffective|p1a: Noivern
|-damage|p1a: Noivern|0 fnt
|faint|p1a: Noivern
|
|win|Ghostrunner103
|raw|NeqixPL's rating: 1168 &rarr; <strong>1143</strong><br />(-25 for losing)
|raw|Ghostrunner103's rating: 1170 &rarr; <strong>1195</strong><br />(+25 for winning)
|l|☆NeqixPL
|player|p1|
|l|☆Ghostrunner103
|player|p2|
