|j|☆china sanxie
|j|☆flan727
|t:|1743912682
|gametype|singles
|player|p1|china sanxie|265|1415
|player|p2|flan727|unknownf|1481
|teamsize|p1|6
|teamsize|p2|6
|gen|9
|tier|[Gen 9] OU
|rated|
|rule|HP Percentage Mod: HP is shown in percentages
|rule|Endless Battle Clause: Forcing endless battles is banned
|rule|Species Clause: Limit one of each Pokémon
|rule|OHKO Clause: OHKO moves are banned
|rule|Evasion Items Clause: Evasion items are banned
|rule|Evasion Moves Clause: Evasion moves are banned
|rule|Sleep Moves Clause: Sleep-inducing moves are banned
|clearpoke
|poke|p1|Raging Bolt|
|poke|p1|Scizor, F|
|poke|p1|Iron Hands|
|poke|p1|Moltres|
|poke|p1|Kingambit, F|
|poke|p1|Walking Wake|
|poke|p2|Indeedee, M|
|poke|p2|Polteageist-Antique|
|poke|p2|Hatterene, F|
|poke|p2|Great Tusk|
|poke|p2|Blaziken, M|
|poke|p2|Iron Boulder|
|teampreview
|inactive|Battle timer is ON: inactive players will automatically lose when time's up. (requested by flan727)
|
|t:|1743912710
|start
|switch|p1a: Raging Bolt|Raging Bolt|100/100
|switch|p2a: publ|Indeedee, M|100/100
|-fieldstart|move: Psychic Terrain|[from] ability: Psychic Surge|[of] p2a: publ
|turn|1
|
|t:|1743912716
|move|p2a: publ|Expanding Force|p1a: Raging Bolt
|-damage|p1a: Raging Bolt|52/100
|move|p1a: Raging Bolt|Draco Meteor|p2a: publ
|-damage|p2a: publ|0 fnt
|-unboost|p1a: Raging Bolt|spa|2
|faint|p2a: publ
|-damage|p1a: Raging Bolt|42/100|[from] item: Life Orb
|
|upkeep
|
|t:|1743912723
|switch|p2a: Great Tusk|Great Tusk|100/100
|-enditem|p2a: Great Tusk|Booster Energy
|-activate|p2a: Great Tusk|ability: Protosynthesis|[fromitem]
|-start|p2a: Great Tusk|protosynthesisspe
|turn|2
|
|t:|1743912735
|-end|p1a: Raging Bolt|Protosynthesis|[silent]
|switch|p1a: Moltres|Moltres|100/100
|move|p2a: Great Tusk|Bulk Up|p2a: Great Tusk
|-boost|p2a: Great Tusk|atk|1
|-boost|p2a: Great Tusk|def|1
|
|upkeep
|turn|3
|
|t:|1743912745
|move|p2a: Great Tusk|Head Smash|p1a: Moltres
|-supereffective|p1a: Moltres
|-damage|p1a: Moltres|0 fnt
|faint|p1a: Moltres
|-damage|p2a: Great Tusk|63/100|[from] Recoil
|
|upkeep
|
|t:|1743912758
|switch|p1a: Walking Wake|Walking Wake|100/100
|turn|4
|
|t:|1743912767
|-terastallize|p2a: Great Tusk|Steel
|move|p2a: Great Tusk|Bulk Up|p2a: Great Tusk
|-boost|p2a: Great Tusk|atk|1
|-boost|p2a: Great Tusk|def|1
|move|p1a: Walking Wake|Hydro Steam|p2a: Great Tusk
|-damage|p2a: Great Tusk|0 fnt
|faint|p2a: Great Tusk
|-end|p2a: Great Tusk|Protosynthesis|[silent]
|-damage|p1a: Walking Wake|91/100|[from] item: Life Orb
|
|upkeep
|
|t:|1743912775
|switch|p2a: oolong tea|Polteageist-Antique, shiny|100/100
|turn|5
|
|t:|1743912778
|move|p1a: Walking Wake|Hydro Steam|p2a: oolong tea
|-damage|p2a: oolong tea|41/100
|-damage|p1a: Walking Wake|81/100|[from] item: Life Orb
|move|p2a: oolong tea|Shell Smash|p2a: oolong tea
|-unboost|p2a: oolong tea|def|1
|-unboost|p2a: oolong tea|spd|1
|-boost|p2a: oolong tea|atk|2
|-boost|p2a: oolong tea|spa|2
|-boost|p2a: oolong tea|spe|2
|
|upkeep
|turn|6
|
|t:|1743912787
|move|p2a: oolong tea|Shadow Ball|p1a: Walking Wake
|-damage|p1a: Walking Wake|0 fnt
|faint|p1a: Walking Wake
|-end|p1a: Walking Wake|Protosynthesis|[silent]
|
|upkeep
|
|t:|1743912795
|switch|p1a: Kingambit|Kingambit, F|100/100
|-activate|p1a: Kingambit|ability: Supreme Overlord
|-start|p1a: Kingambit|fallen2|[silent]
|turn|7
|
|t:|1743912798
|move|p2a: oolong tea|Shadow Ball|p1a: Kingambit
|-resisted|p1a: Kingambit
|-crit|p1a: Kingambit
|-damage|p1a: Kingambit|44/100
|move|p1a: Kingambit|Iron Head|p2a: oolong tea
|-damage|p2a: oolong tea|0 fnt
|faint|p2a: oolong tea
|-damage|p1a: Kingambit|34/100|[from] item: Life Orb
|
|upkeep
|
|t:|1743912802
|switch|p2a: kfc|Blaziken, M|100/100
|turn|8
|
|t:|1743912814
|move|p2a: kfc|Swords Dance|p2a: kfc
|-boost|p2a: kfc|atk|2
|move|p1a: Kingambit|Brick Break|p2a: kfc
|-damage|p2a: kfc|40/100
|-damage|p1a: Kingambit|24/100|[from] item: Life Orb
|
|-heal|p2a: kfc|46/100|[from] item: Leftovers
|-fieldend|move: Psychic Terrain
|-ability|p2a: kfc|Speed Boost|boost
|-boost|p2a: kfc|spe|1
|upkeep
|turn|9
|
|t:|1743912833
|move|p2a: kfc|Protect|p2a: kfc
|-singleturn|p2a: kfc|Protect
|move|p1a: Kingambit|Sucker Punch||[still]
|-fail|p1a: Kingambit
|
|-heal|p2a: kfc|52/100|[from] item: Leftovers
|-ability|p2a: kfc|Speed Boost|boost
|-boost|p2a: kfc|spe|1
|upkeep
|turn|10
|
|t:|1743912839
|move|p1a: Kingambit|Sucker Punch|p2a: kfc
|-resisted|p2a: kfc
|-damage|p2a: kfc|14/100
|-damage|p1a: Kingambit|14/100|[from] item: Life Orb
|move|p2a: kfc|Flare Blitz|p1a: Kingambit
|-supereffective|p1a: Kingambit
|-damage|p1a: Kingambit|0 fnt
|faint|p1a: Kingambit
|-end|p1a: Kingambit|fallen2|[silent]
|-damage|p2a: kfc|9/100|[from] Recoil
|
|-heal|p2a: kfc|15/100|[from] item: Leftovers
|-ability|p2a: kfc|Speed Boost|boost
|-boost|p2a: kfc|spe|1
|upkeep
|
|t:|1743912844
|switch|p1a: Scizor|Scizor, F|100/100
|turn|11
|
|t:|1743912846
|-terastallize|p1a: Scizor|Steel
|move|p2a: kfc|Protect|p2a: kfc
|-singleturn|p2a: kfc|Protect
|move|p1a: Scizor|Bullet Punch|p2a: kfc
|-activate|p2a: kfc|move: Protect
|
|-heal|p2a: kfc|21/100|[from] item: Leftovers
|-ability|p2a: kfc|Speed Boost|boost
|-boost|p2a: kfc|spe|1
|upkeep
|turn|12
|
|t:|1743912853
|switch|p2a: cool hat|Hatterene, F, shiny|100/100
|move|p1a: Scizor|Bullet Punch|p2a: cool hat
|-supereffective|p2a: cool hat
|-damage|p2a: cool hat|20/100
|-enditem|p2a: cool hat|Eject Button
|
|t:|1743912856
|switch|p2a: kfc|Blaziken, M|21/100
|
|-heal|p2a: kfc|27/100|[from] item: Leftovers
|upkeep
|turn|13
|
|t:|1743912859
|move|p2a: kfc|Protect|p2a: kfc
|-singleturn|p2a: kfc|Protect
|move|p1a: Scizor|Bullet Punch|p2a: kfc
|-activate|p2a: kfc|move: Protect
|
|-heal|p2a: kfc|33/100|[from] item: Leftovers
|-ability|p2a: kfc|Speed Boost|boost
|-boost|p2a: kfc|spe|1
|upkeep
|turn|14
|
|t:|1743912867
|switch|p2a: cool hat|Hatterene, F, shiny|20/100
|move|p1a: Scizor|Bullet Punch|p2a: cool hat
|-supereffective|p2a: cool hat
|-damage|p2a: cool hat|0 fnt
|faint|p2a: cool hat
|
|upkeep
|
|t:|1743912870
|switch|p2a: kfc|Blaziken, M|33/100
|turn|15
|
|t:|1743912879
|move|p2a: kfc|Protect|p2a: kfc
|-singleturn|p2a: kfc|Protect
|move|p1a: Scizor|Bullet Punch|p2a: kfc
|-activate|p2a: kfc|move: Protect
|
|-heal|p2a: kfc|39/100|[from] item: Leftovers
|-ability|p2a: kfc|Speed Boost|boost
|-boost|p2a: kfc|spe|1
|upkeep
|turn|16
|
|t:|1743912891
|switch|p1a: Raging Bolt|Raging Bolt|42/100
|move|p2a: kfc|Close Combat|p1a: Raging Bolt
|-damage|p1a: Raging Bolt|0 fnt
|-unboost|p2a: kfc|def|1
|-unboost|p2a: kfc|spd|1
|faint|p1a: Raging Bolt
|-end|p1a: Raging Bolt|Protosynthesis|[silent]
|
|-heal|p2a: kfc|45/100|[from] item: Leftovers
|-ability|p2a: kfc|Speed Boost|boost
|-boost|p2a: kfc|spe|1
|upkeep
|inactive|china sanxie has 120 seconds left.
|
|t:|1743912933
|switch|p1a: Iron Hands|Iron Hands|100/100
|-enditem|p1a: Iron Hands|Booster Energy
|-activate|p1a: Iron Hands|ability: Quark Drive|[fromitem]
|-start|p1a: Iron Hands|quarkdriveatk
|turn|17
|
|t:|1743912936
|switch|p2a: rock guy|Iron Boulder|100/100
|-enditem|p2a: rock guy|Booster Energy
|-activate|p2a: rock guy|ability: Quark Drive|[fromitem]
|-start|p2a: rock guy|quarkdrivespe
|move|p1a: Iron Hands|Drain Punch|p2a: rock guy
|-damage|p2a: rock guy|38/100
|
|upkeep
|turn|18
|inactive|china sanxie has 120 seconds left.
|
|t:|1743912948
|-end|p1a: Iron Hands|Quark Drive|[silent]
|switch|p1a: Scizor|Scizor, F, tera:Steel|100/100
|move|p2a: rock guy|Zen Headbutt|p1a: Scizor
|-resisted|p1a: Scizor
|-damage|p1a: Scizor|81/100
|
|upkeep
|turn|19
|inactive|china sanxie has 120 seconds left.
|
|t:|1743912953
|move|p1a: Scizor|Bullet Punch|p2a: rock guy
|-supereffective|p2a: rock guy
|-damage|p2a: rock guy|0 fnt
|faint|p2a: rock guy
|-end|p2a: rock guy|Quark Drive|[silent]
|
|upkeep
|
|t:|1743912956
|switch|p2a: kfc|Blaziken, M|45/100
|turn|20
|
|t:|1743912960
|move|p2a: kfc|Protect|p2a: kfc
|-singleturn|p2a: kfc|Protect
|move|p1a: Scizor|Bullet Punch|p2a: kfc
|-activate|p2a: kfc|move: Protect
|
|-heal|p2a: kfc|51/100|[from] item: Leftovers
|-ability|p2a: kfc|Speed Boost|boost
|-boost|p2a: kfc|spe|1
|upkeep
|turn|21
|
|t:|1743912962
|move|p1a: Scizor|Bullet Punch|p2a: kfc
|-resisted|p2a: kfc
|-damage|p2a: kfc|14/100
|move|p2a: kfc|Swords Dance|p2a: kfc
|-boost|p2a: kfc|atk|2
|
|-heal|p2a: kfc|20/100|[from] item: Leftovers
|-ability|p2a: kfc|Speed Boost|boost
|-boost|p2a: kfc|spe|1
|upkeep
|turn|22
|
|t:|1743912965
|move|p2a: kfc|Protect|p2a: kfc
|-singleturn|p2a: kfc|Protect
|move|p1a: Scizor|Bullet Punch|p2a: kfc
|-activate|p2a: kfc|move: Protect
|
|-heal|p2a: kfc|26/100|[from] item: Leftovers
|-ability|p2a: kfc|Speed Boost|boost
|-boost|p2a: kfc|spe|1
|upkeep
|turn|23
|
|t:|1743912969
|move|p2a: kfc|Protect|p2a: kfc
|-singleturn|p2a: kfc|Protect
|move|p1a: Scizor|Bullet Punch|p2a: kfc
|-activate|p2a: kfc|move: Protect
|
|-heal|p2a: kfc|32/100|[from] item: Leftovers
|-ability|p2a: kfc|Speed Boost|boost
|-boost|p2a: kfc|spe|1
|upkeep
|turn|24
|
|t:|1743912973
|move|p2a: kfc|Protect||[still]
|-fail|p2a: kfc
|move|p1a: Scizor|Bullet Punch|p2a: kfc
|-resisted|p2a: kfc
|-damage|p2a: kfc|0 fnt
|faint|p2a: kfc
|
|win|china sanxie
|raw|china sanxie's rating: 1415 &rarr; <strong>1440</strong><br />(+25 for winning)
|raw|flan727's rating: 1497 &rarr; <strong>1472</strong><br />(-25 for losing)
|l|☆flan727
|player|p2|
