|j|☆Rokuro & Revy
|j|☆Bum_Muncha
|t:|1743894404
|gametype|singles
|player|p1|Rokuro & Revy|dawn-gen4pt|1751
|player|p2|Bum_Muncha|102|1658
|teamsize|p1|6
|teamsize|p2|6
|gen|9
|tier|[Gen 9] OU
|rated|
|rule|HP Percentage Mod: HP is shown in percentages
|rule|Endless Battle Clause: Forcing endless battles is banned
|rule|Species Clause: Limit one of each Pokémon
|rule|OHKO Clause: OHKO moves are banned
|rule|Evasion Items Clause: Evasion items are banned
|rule|Evasion Moves Clause: Evasion moves are banned
|rule|Sleep Moves Clause: Sleep-inducing moves are banned
|clearpoke
|poke|p1|Landorus-Therian, M|
|poke|p1|Zamazenta-*|
|poke|p1|Kingambit, F|
|poke|p1|Samurott-Hisui, M|
|poke|p1|Pecharunt|
|poke|p1|Hydreigon, M|
|poke|p2|Ting-Lu|
|poke|p2|Gliscor, M|
|poke|p2|Sinistcha|
|poke|p2|Keldeo-Resolute|
|poke|p2|Tinkaton, F|
|poke|p2|Dragonite, M|
|teampreview
|
|t:|1743894446
|start
|switch|p1a: Zamazenta|Zamazenta|100/100
|switch|p2a: Tinkaton|Tinkaton, F|100/100
|-ability|p1a: Zamazenta|Dauntless Shield|boost
|-boost|p1a: Zamazenta|def|1
|-ability|p2a: Tinkaton|Mold Breaker
|-item|p2a: Tinkaton|Air Balloon
|turn|1
|
|t:|1743894454
|switch|p1a: Landorus|Landorus-Therian, M|100/100
|-ability|p1a: Landorus|Intimidate|boost
|-unboost|p2a: Tinkaton|atk|1
|switch|p2a: Sinistcha|Sinistcha|100/100
|
|upkeep
|turn|2
|
|t:|1743894457
|switch|p2a: Tinkaton|Tinkaton, F|100/100
|-ability|p2a: Tinkaton|Mold Breaker
|-item|p2a: Tinkaton|Air Balloon
|move|p1a: Landorus|U-turn|p2a: Tinkaton
|-resisted|p2a: Tinkaton
|-damage|p2a: Tinkaton|95/100
|-enditem|p2a: Tinkaton|Air Balloon
|
|t:|1743894491
|switch|p1a: Hydreigon|Hydreigon, M|100/100|[from] U-turn
|
|upkeep
|turn|3
|
|t:|1743894505
|move|p1a: Hydreigon|Substitute|p1a: Hydreigon
|-start|p1a: Hydreigon|Substitute
|-damage|p1a: Hydreigon|76/100
|move|p2a: Tinkaton|Stealth Rock|p1a: Hydreigon
|-sidestart|p1: Rokuro & Revy|move: Stealth Rock
|
|-heal|p1a: Hydreigon|82/100|[from] item: Leftovers
|upkeep
|turn|4
|
|t:|1743894510
|move|p1a: Hydreigon|Earth Power|p2a: Tinkaton
|-supereffective|p2a: Tinkaton
|-damage|p2a: Tinkaton|42/100
|move|p2a: Tinkaton|Gigaton Hammer|p1a: Hydreigon
|-end|p1a: Hydreigon|Substitute
|
|-heal|p1a: Hydreigon|88/100|[from] item: Leftovers
|upkeep
|turn|5
|
|t:|1743894517
|switch|p2a: Ting-Lu|Ting-Lu|100/100
|-ability|p2a: Ting-Lu|Vessel of Ruin
|move|p1a: Hydreigon|Earth Power|p2a: Ting-Lu
|-damage|p2a: Ting-Lu|88/100
|
|-heal|p1a: Hydreigon|94/100|[from] item: Leftovers
|-heal|p2a: Ting-Lu|94/100|[from] item: Leftovers
|upkeep
|turn|6
|l|☆Rokuro & Revy
|player|p1|
|j|☆Rokuro & Revy
|player|p1|Rokuro & Revy|dawn-gen4pt|
|
|t:|1743894526
|move|p1a: Hydreigon|Nasty Plot|p1a: Hydreigon
|-boost|p1a: Hydreigon|spa|2
|move|p2a: Ting-Lu|Spikes|p1a: Hydreigon
|-sidestart|p1: Rokuro & Revy|Spikes
|
|-heal|p1a: Hydreigon|100/100|[from] item: Leftovers
|-heal|p2a: Ting-Lu|99/100|[from] item: Leftovers
|upkeep
|turn|7
|l|☆Rokuro & Revy
|player|p1|
|j|☆Rokuro & Revy
|player|p1|Rokuro & Revy|dawn-gen4pt|
|
|t:|1743894547
|move|p1a: Hydreigon|Earth Power|p2a: Ting-Lu
|-damage|p2a: Ting-Lu|76/100
|move|p2a: Ting-Lu|Whirlwind|p1a: Hydreigon
|drag|p1a: Zamazenta|Zamazenta|100/100
|
|-heal|p2a: Ting-Lu|83/100|[from] item: Leftovers
|upkeep
|turn|8
|
|t:|1743894557
|switch|p2a: Sinistcha|Sinistcha|100/100
|move|p1a: Zamazenta|Crunch|p2a: Sinistcha
|-supereffective|p2a: Sinistcha
|-damage|p2a: Sinistcha|66/100
|
|upkeep
|turn|9
|
|t:|1743894565
|switch|p1a: Hydreigon|Hydreigon, M|100/100
|-damage|p1a: Hydreigon|88/100|[from] Stealth Rock
|move|p2a: Sinistcha|Strength Sap|p1a: Hydreigon
|-unboost|p1a: Hydreigon|atk|1
|-heal|p2a: Sinistcha|100/100
|
|-heal|p1a: Hydreigon|94/100|[from] item: Leftovers
|upkeep
|turn|10
|
|t:|1743894571
|switch|p2a: Ting-Lu|Ting-Lu|83/100
|-ability|p2a: Ting-Lu|Vessel of Ruin
|move|p1a: Hydreigon|Earth Power|p2a: Ting-Lu
|-damage|p2a: Ting-Lu|71/100
|
|-heal|p1a: Hydreigon|100/100|[from] item: Leftovers
|-heal|p2a: Ting-Lu|77/100|[from] item: Leftovers
|upkeep
|turn|11
|
|t:|1743894577
|move|p1a: Hydreigon|Nasty Plot|p1a: Hydreigon
|-boost|p1a: Hydreigon|spa|2
|move|p2a: Ting-Lu|Ruination|p1a: Hydreigon|[miss]
|-miss|p2a: Ting-Lu|p1a: Hydreigon
|
|-heal|p2a: Ting-Lu|83/100|[from] item: Leftovers
|upkeep
|turn|12
|
|t:|1743894580
|move|p1a: Hydreigon|Earth Power|p2a: Ting-Lu
|-damage|p2a: Ting-Lu|60/100
|move|p2a: Ting-Lu|Whirlwind|p1a: Hydreigon
|drag|p1a: Zamazenta|Zamazenta|100/100
|
|-heal|p2a: Ting-Lu|66/100|[from] item: Leftovers
|upkeep
|turn|13
|
|t:|1743894585
|switch|p2a: Sinistcha|Sinistcha|100/100
|move|p1a: Zamazenta|Close Combat|p2a: Sinistcha
|-immune|p2a: Sinistcha
|
|upkeep
|turn|14
|
|t:|1743894605
|switch|p1a: Hydreigon|Hydreigon, M|100/100
|-damage|p1a: Hydreigon|88/100|[from] Stealth Rock
|switch|p2a: Gliscor|Gliscor, M|100/100
|
|-heal|p1a: Hydreigon|94/100|[from] item: Leftovers
|-status|p2a: Gliscor|tox|[from] item: Toxic Orb
|upkeep
|turn|15
|
|t:|1743894611
|move|p1a: Hydreigon|Substitute|p1a: Hydreigon
|-start|p1a: Hydreigon|Substitute
|-damage|p1a: Hydreigon|69/100
|move|p2a: Gliscor|Knock Off|p1a: Hydreigon
|-resisted|p1a: Hydreigon
|-crit|p1a: Hydreigon
|-activate|p1a: Hydreigon|move: Substitute|[damage]
|
|-heal|p1a: Hydreigon|76/100|[from] item: Leftovers
|upkeep
|turn|16
|
|t:|1743894616
|switch|p2a: Ting-Lu|Ting-Lu|66/100
|-ability|p2a: Ting-Lu|Vessel of Ruin
|move|p1a: Hydreigon|Nasty Plot|p1a: Hydreigon
|-boost|p1a: Hydreigon|spa|2
|
|-heal|p1a: Hydreigon|82/100|[from] item: Leftovers
|-heal|p2a: Ting-Lu|72/100|[from] item: Leftovers
|upkeep
|turn|17
|
|t:|1743894619
|move|p1a: Hydreigon|Earth Power|p2a: Ting-Lu
|-damage|p2a: Ting-Lu|48/100
|move|p2a: Ting-Lu|Whirlwind|p1a: Hydreigon
|drag|p1a: Zamazenta|Zamazenta|100/100
|
|-heal|p2a: Ting-Lu|55/100|[from] item: Leftovers
|upkeep
|turn|18
|
|t:|1743894623
|switch|p2a: Sinistcha|Sinistcha|100/100
|move|p1a: Zamazenta|Crunch|p2a: Sinistcha
|-supereffective|p2a: Sinistcha
|-damage|p2a: Sinistcha|67/100
|-unboost|p2a: Sinistcha|def|1
|
|upkeep
|turn|19
|l|☆Rokuro & Revy
|player|p1|
|j|☆Rokuro & Revy
|player|p1|Rokuro & Revy|dawn-gen4pt|
|inactive|Battle timer is ON: inactive players will automatically lose when time's up. (requested by Bum_Muncha)
|
|t:|1743894671
|switch|p1a: Pecharunt|Pecharunt|100/100
|move|p2a: Sinistcha|Strength Sap|p1a: Pecharunt
|-unboost|p1a: Pecharunt|atk|1
|-heal|p2a: Sinistcha|100/100
|
|upkeep
|turn|20
|
|t:|1743894678
|switch|p2a: Gliscor|Gliscor, M|100/100 tox
|move|p1a: Pecharunt|Parting Shot|p2a: Gliscor
|-unboost|p2a: Gliscor|atk|1
|-unboost|p2a: Gliscor|spa|1
|
|t:|1743894685
|switch|p1a: Landorus|Landorus-Therian, M|100/100|[from] Parting Shot
|-damage|p1a: Landorus|88/100|[from] Stealth Rock
|-ability|p1a: Landorus|Intimidate|boost
|-unboost|p2a: Gliscor|atk|1
|
|upkeep
|turn|21
|
|t:|1743894690
|move|p2a: Gliscor|Knock Off|p1a: Landorus
|-damage|p1a: Landorus|77/100
|-damage|p2a: Gliscor|84/100 tox|[from] item: Rocky Helmet|[of] p1a: Landorus
|-enditem|p1a: Landorus|Rocky Helmet|[from] move: Knock Off|[of] p2a: Gliscor
|move|p1a: Landorus|Stealth Rock|p2a: Gliscor
|-sidestart|p2: Bum_Muncha|move: Stealth Rock
|
|-heal|p2a: Gliscor|97/100 tox|[from] ability: Poison Heal
|upkeep
|turn|22
|
|t:|1743894695
|move|p2a: Gliscor|Facade|p1a: Landorus
|-damage|p1a: Landorus|63/100
|move|p1a: Landorus|U-turn|p2a: Gliscor
|-resisted|p2a: Gliscor
|-damage|p2a: Gliscor|88/100 tox
|
|t:|1743894700
|switch|p1a: Samurott|Samurott-Hisui, M|100/100|[from] U-turn
|-damage|p1a: Samurott|88/100|[from] Stealth Rock
|-damage|p1a: Samurott|76/100|[from] Spikes
|
|-heal|p2a: Gliscor|100/100 tox|[from] ability: Poison Heal
|upkeep
|turn|23
|
|t:|1743894727
|switch|p2a: Dragonite|Dragonite, M|100/100
|move|p1a: Samurott|Ceaseless Edge|p2a: Dragonite
|-damage|p2a: Dragonite|80/100
|-sidestart|p2: Bum_Muncha|Spikes
|
|upkeep
|turn|24
|inactive|Rokuro & Revy has 120 seconds left.
|
|t:|1743894759
|move|p1a: Samurott|Ceaseless Edge|p2a: Dragonite
|-damage|p2a: Dragonite|40/100
|-sidestart|p2: Bum_Muncha|Spikes
|move|p2a: Dragonite|Roost|p2a: Dragonite
|-heal|p2a: Dragonite|90/100
|-singleturn|p2a: Dragonite|move: Roost
|
|upkeep
|turn|25
|j| dilf huntr
|
|t:|1743894774
|move|p1a: Samurott|Ceaseless Edge|p2a: Dragonite
|-damage|p2a: Dragonite|53/100
|-sidestart|p2: Bum_Muncha|Spikes
|move|p2a: Dragonite|Dragon Tail|p1a: Samurott
|-damage|p1a: Samurott|39/100
|drag|p1a: Kingambit|Kingambit, F|100/100
|-damage|p1a: Kingambit|94/100|[from] Stealth Rock
|-damage|p1a: Kingambit|82/100|[from] Spikes
|
|-heal|p1a: Kingambit|88/100|[from] item: Leftovers
|upkeep
|turn|26
|
|t:|1743894781
|-end|p1a: Kingambit|fallenundefined|[silent]
|switch|p1a: Landorus|Landorus-Therian, M|63/100
|-damage|p1a: Landorus|51/100|[from] Stealth Rock
|-ability|p1a: Landorus|Intimidate|boost
|-unboost|p2a: Dragonite|atk|1
|move|p2a: Dragonite|Earthquake|p1a: Landorus
|-immune|p1a: Landorus
|
|upkeep
|turn|27
|
|t:|1743894784
|move|p1a: Landorus|U-turn|p2a: Dragonite
|-resisted|p2a: Dragonite
|-damage|p2a: Dragonite|43/100
|
|t:|1743894787
|switch|p1a: Pecharunt|Pecharunt|100/100|[from] U-turn
|move|p2a: Dragonite|Roost|p2a: Dragonite
|-heal|p2a: Dragonite|93/100
|-singleturn|p2a: Dragonite|move: Roost
|
|upkeep
|turn|28
|
|t:|1743894795
|switch|p2a: Tinkaton|Tinkaton, F|42/100
|-damage|p2a: Tinkaton|36/100|[from] Stealth Rock
|-damage|p2a: Tinkaton|11/100|[from] Spikes
|-ability|p2a: Tinkaton|Mold Breaker
|move|p1a: Pecharunt|Malignant Chain|p2a: Tinkaton
|-immune|p2a: Tinkaton
|
|upkeep
|turn|29
|
|t:|1743894803
|switch|p1a: Landorus|Landorus-Therian, M|51/100
|-damage|p1a: Landorus|39/100|[from] Stealth Rock
|-ability|p1a: Landorus|Intimidate|boost
|-unboost|p2a: Tinkaton|atk|1
|move|p2a: Tinkaton|Knock Off|p1a: Landorus
|-damage|p1a: Landorus|32/100
|
|upkeep
|turn|30
|
|t:|1743894808
|move|p2a: Tinkaton|Gigaton Hammer|p1a: Landorus
|-damage|p1a: Landorus|2/100
|move|p1a: Landorus|Earthquake|p2a: Tinkaton
|-supereffective|p2a: Tinkaton
|-damage|p2a: Tinkaton|0 fnt
|faint|p2a: Tinkaton
|
|upkeep
|inactive|Bum_Muncha has 120 seconds left.
|
|t:|1743894842
|switch|p2a: Gliscor|Gliscor, M|100/100 tox
|-damage|p2a: Gliscor|88/100 tox|[from] Stealth Rock
|turn|31
|
|t:|1743894847
|switch|p1a: Pecharunt|Pecharunt|100/100
|move|p2a: Gliscor|Knock Off|p1a: Pecharunt
|-supereffective|p1a: Pecharunt
|-damage|p1a: Pecharunt|76/100
|-enditem|p1a: Pecharunt|Heavy-Duty Boots|[from] move: Knock Off|[of] p2a: Gliscor
|
|-heal|p2a: Gliscor|100/100 tox|[from] ability: Poison Heal
|upkeep
|turn|32
|
|t:|1743894853
|switch|p2a: Dragonite|Dragonite, M|93/100
|move|p1a: Pecharunt|Parting Shot|p2a: Dragonite
|-unboost|p2a: Dragonite|atk|1
|-unboost|p2a: Dragonite|spa|1
|
|t:|1743894872
|switch|p1a: Zamazenta|Zamazenta|100/100|[from] Parting Shot
|
|upkeep
|turn|33
|
|t:|1743894876
|move|p1a: Zamazenta|Stone Edge|p2a: Dragonite
|-supereffective|p2a: Dragonite
|-damage|p2a: Dragonite|31/100
|move|p2a: Dragonite|Dragon Tail|p1a: Zamazenta
|-damage|p1a: Zamazenta|77/100
|drag|p1a: Landorus|Landorus-Therian, M|2/100
|-damage|p1a: Landorus|0 fnt|[from] Stealth Rock
|faint|p1a: Landorus
|
|upkeep
|
|t:|1743894886
|switch|p1a: Zamazenta|Zamazenta|77/100
|turn|34
|
|t:|1743894902
|switch|p2a: Gliscor|Gliscor, M|100/100 tox
|-damage|p2a: Gliscor|88/100 tox|[from] Stealth Rock
|move|p1a: Zamazenta|Crunch|p2a: Gliscor
|-damage|p2a: Gliscor|66/100 tox
|-unboost|p2a: Gliscor|def|1
|
|-heal|p2a: Gliscor|78/100 tox|[from] ability: Poison Heal
|upkeep
|turn|35
|
|t:|1743894913
|switch|p1a: Hydreigon|Hydreigon, M|82/100
|-damage|p1a: Hydreigon|69/100|[from] Stealth Rock
|switch|p2a: Sinistcha|Sinistcha|100/100
|
|-heal|p1a: Hydreigon|76/100|[from] item: Leftovers
|upkeep
|turn|36
|
|t:|1743894919
|switch|p2a: Keldeo|Keldeo-Resolute|100/100
|move|p1a: Hydreigon|Substitute|p1a: Hydreigon
|-start|p1a: Hydreigon|Substitute
|-damage|p1a: Hydreigon|51/100
|
|-heal|p1a: Hydreigon|57/100|[from] item: Leftovers
|upkeep
|turn|37
|
|t:|1743894922
|move|p2a: Keldeo|Secret Sword|p1a: Hydreigon
|-supereffective|p1a: Hydreigon
|-end|p1a: Hydreigon|Substitute
|move|p1a: Hydreigon|Earth Power|p2a: Keldeo
|-damage|p2a: Keldeo|66/100
|
|-heal|p1a: Hydreigon|63/100|[from] item: Leftovers
|upkeep
|turn|38
|
|t:|1743894931
|switch|p1a: Pecharunt|Pecharunt|76/100
|-damage|p1a: Pecharunt|64/100|[from] Stealth Rock
|-damage|p1a: Pecharunt|51/100|[from] Spikes
|move|p2a: Keldeo|Surf|p1a: Pecharunt
|-damage|p1a: Pecharunt|2/100
|
|upkeep
|turn|39
|
|t:|1743894935
|move|p2a: Keldeo|Surf|p1a: Pecharunt
|-damage|p1a: Pecharunt|0 fnt
|faint|p1a: Pecharunt
|
|upkeep
|
|t:|1743894944
|switch|p1a: Zamazenta|Zamazenta|77/100
|turn|40
|
|t:|1743894947
|switch|p1a: Samurott|Samurott-Hisui, M|39/100
|-damage|p1a: Samurott|27/100|[from] Stealth Rock
|-damage|p1a: Samurott|14/100|[from] Spikes
|switch|p2a: Sinistcha|Sinistcha|100/100
|
|upkeep
|turn|41
|
|t:|1743894957
|move|p1a: Samurott|Knock Off|p2a: Sinistcha
|-supereffective|p2a: Sinistcha
|-damage|p2a: Sinistcha|43/100
|-enditem|p2a: Sinistcha|Heavy-Duty Boots|[from] move: Knock Off|[of] p1a: Samurott
|move|p2a: Sinistcha|Strength Sap|p1a: Samurott
|-unboost|p1a: Samurott|atk|1
|-heal|p2a: Sinistcha|100/100
|
|upkeep
|turn|42
|
|t:|1743894961
|move|p1a: Samurott|Ceaseless Edge|p2a: Sinistcha
|-supereffective|p2a: Sinistcha
|-damage|p2a: Sinistcha|58/100
|move|p2a: Sinistcha|Matcha Gotcha|p1a: Samurott
|-supereffective|p1a: Samurott
|-damage|p1a: Samurott|0 fnt
|-heal|p2a: Sinistcha|66/100|[from] drain|[of] p1a: Samurott
|faint|p1a: Samurott
|
|upkeep
|
|t:|1743894967
|switch|p1a: Hydreigon|Hydreigon, M|63/100
|-damage|p1a: Hydreigon|51/100|[from] Stealth Rock
|turn|43
|
|t:|1743894973
|switch|p2a: Ting-Lu|Ting-Lu|55/100
|-damage|p2a: Ting-Lu|48/100|[from] Stealth Rock
|-damage|p2a: Ting-Lu|23/100|[from] Spikes
|-ability|p2a: Ting-Lu|Vessel of Ruin
|move|p1a: Hydreigon|Dark Pulse|p2a: Ting-Lu
|-resisted|p2a: Ting-Lu
|-damage|p2a: Ting-Lu|15/100
|
|-heal|p1a: Hydreigon|57/100|[from] item: Leftovers
|-heal|p2a: Ting-Lu|21/100|[from] item: Leftovers
|upkeep
|turn|44
|
|t:|1743894980
|move|p1a: Hydreigon|Nasty Plot|p1a: Hydreigon
|-boost|p1a: Hydreigon|spa|2
|move|p2a: Ting-Lu|Ruination|p1a: Hydreigon
|-damage|p1a: Hydreigon|29/100
|
|-heal|p1a: Hydreigon|35/100|[from] item: Leftovers
|-heal|p2a: Ting-Lu|27/100|[from] item: Leftovers
|upkeep
|turn|45
|
|t:|1743894982
|move|p1a: Hydreigon|Earth Power|p2a: Ting-Lu
|-damage|p2a: Ting-Lu|1/100
|move|p2a: Ting-Lu|Whirlwind|p1a: Hydreigon
|drag|p1a: Zamazenta|Zamazenta|77/100
|
|-heal|p2a: Ting-Lu|7/100|[from] item: Leftovers
|upkeep
|turn|46
|
|t:|1743894991
|move|p1a: Zamazenta|Close Combat|p2a: Ting-Lu
|-supereffective|p2a: Ting-Lu
|-damage|p2a: Ting-Lu|0 fnt
|-unboost|p1a: Zamazenta|def|1
|-unboost|p1a: Zamazenta|spd|1
|faint|p2a: Ting-Lu
|
|upkeep
|
|t:|1743894993
|switch|p2a: Keldeo|Keldeo-Resolute|66/100
|turn|47
|
|t:|1743894997
|move|p1a: Zamazenta|Close Combat|p2a: Keldeo
|-damage|p2a: Keldeo|0 fnt
|-unboost|p1a: Zamazenta|def|1
|-unboost|p1a: Zamazenta|spd|1
|faint|p2a: Keldeo
|
|upkeep
|
|t:|1743895000
|switch|p2a: Gliscor|Gliscor, M|78/100 tox
|-damage|p2a: Gliscor|66/100 tox|[from] Stealth Rock
|turn|48
|
|t:|1743895009
|switch|p1a: Kingambit|Kingambit, F|88/100
|-damage|p1a: Kingambit|82/100|[from] Stealth Rock
|-damage|p1a: Kingambit|70/100|[from] Spikes
|-activate|p1a: Kingambit|ability: Supreme Overlord
|-start|p1a: Kingambit|fallen3|[silent]
|move|p2a: Gliscor|Knock Off|p1a: Kingambit
|-resisted|p1a: Kingambit
|-damage|p1a: Kingambit|61/100
|-enditem|p1a: Kingambit|Leftovers|[from] move: Knock Off|[of] p2a: Gliscor
|
|-heal|p2a: Gliscor|78/100 tox|[from] ability: Poison Heal
|upkeep
|turn|49
|
|t:|1743895019
|move|p2a: Gliscor|Swords Dance|p2a: Gliscor
|-boost|p2a: Gliscor|atk|2
|move|p1a: Kingambit|Iron Head|p2a: Gliscor
|-crit|p2a: Gliscor
|-damage|p2a: Gliscor|6/100 tox
|
|-heal|p2a: Gliscor|19/100 tox|[from] ability: Poison Heal
|upkeep
|turn|50
|
|t:|1743895024
|move|p2a: Gliscor|Protect|p2a: Gliscor
|-singleturn|p2a: Gliscor|Protect
|move|p1a: Kingambit|Iron Head|p2a: Gliscor
|-activate|p2a: Gliscor|move: Protect
|
|-heal|p2a: Gliscor|31/100 tox|[from] ability: Poison Heal
|upkeep
|turn|51
|
|t:|1743895027
|move|p2a: Gliscor|Swords Dance|p2a: Gliscor
|-boost|p2a: Gliscor|atk|2
|move|p1a: Kingambit|Iron Head|p2a: Gliscor
|-crit|p2a: Gliscor
|-damage|p2a: Gliscor|0 fnt
|faint|p2a: Gliscor
|
|upkeep
|-message|Bum_Muncha forfeited.
|
|win|Rokuro & Revy
|raw|Rokuro &amp; Revy's rating: 1751 &rarr; <strong>1766</strong><br />(+15 for winning)
|raw|Bum_Muncha's rating: 1658 &rarr; <strong>1643</strong><br />(-15 for losing)
|l|☆Bum_Muncha
|player|p2|
|c|☆Rokuro & Revy|ggs
|l|☆Rokuro & Revy
|player|p1|
