|j|☆Samarand
|j|☆Choof Keef
|t:|1743863881
|gametype|singles
|player|p1|Samarand|darach-caitlin|1235
|player|p2|Choof Keef|clemont|1253
|teamsize|p1|6
|teamsize|p2|6
|gen|9
|tier|[Gen 9] OU
|rated|
|rule|HP Percentage Mod: HP is shown in percentages
|rule|Endless Battle Clause: Forcing endless battles is banned
|rule|Species Clause: Limit one of each Pokémon
|rule|OHKO Clause: OHKO moves are banned
|rule|Evasion Items Clause: Evasion items are banned
|rule|Evasion Moves Clause: Evasion moves are banned
|rule|Sleep Moves Clause: Sleep-inducing moves are banned
|clearpoke
|poke|p1|Delphox, F|
|poke|p1|Ninetales-Alola, M|
|poke|p1|Okidogi, M|
|poke|p1|Kleavor, M|
|poke|p1|Volcanion|
|poke|p1|Scizor, M|
|poke|p2|Landorus-Therian, M|
|poke|p2|Zamazenta-*|
|poke|p2|Kingambit, F|
|poke|p2|Samurott-Hisui, F|
|poke|p2|Pecharunt|
|poke|p2|Hydreigon, M|
|teampreview
|inactive|Battle timer is ON: inactive players will automatically lose when time's up. (requested by Choof Keef)
|
|t:|1743863896
|start
|switch|p1a: Okidogi|Okidogi, M|100/100
|switch|p2a: Kingambit|Kingambit, F|100/100
|turn|1
|
|t:|1743863908
|-end|p2a: Kingambit|fallenundefined|[silent]
|switch|p2a: Pecharunt|Pecharunt|100/100
|move|p1a: Okidogi|Bulk Up|p1a: Okidogi
|-boost|p1a: Okidogi|atk|1
|-boost|p1a: Okidogi|def|1
|
|upkeep
|turn|2
|
|t:|1743863910
|move|p2a: Pecharunt|Parting Shot|p1a: Okidogi
|-unboost|p1a: Okidogi|atk|1
|-unboost|p1a: Okidogi|spa|1
|
|t:|1743863916
|switch|p2a: Landorus|Landorus-Therian, M|100/100|[from] Parting Shot
|-ability|p2a: Landorus|Intimidate|boost
|-unboost|p1a: Okidogi|atk|1
|move|p1a: Okidogi|Knock Off|p2a: Landorus
|-damage|p2a: Landorus|77/100
|-damage|p1a: Okidogi|84/100|[from] item: Rocky Helmet|[of] p2a: Landorus
|-enditem|p2a: Landorus|Rocky Helmet|[from] move: Knock Off|[of] p1a: Okidogi
|
|upkeep
|turn|3
|
|t:|1743863928
|switch|p1a: Ninetales|Ninetales-Alola, M|100/100
|-weather|Snowscape|[from] ability: Snow Warning|[of] p1a: Ninetales
|move|p2a: Landorus|Stealth Rock|p1a: Ninetales
|-sidestart|p1: Samarand|move: Stealth Rock
|
|-weather|Snowscape|[upkeep]
|upkeep
|turn|4
|
|t:|1743863942
|switch|p2a: Kingambit|Kingambit, F|100/100
|move|p1a: Ninetales|Aurora Veil|p1a: Ninetales
|-sidestart|p1: Samarand|move: Aurora Veil
|
|-weather|Snowscape|[upkeep]
|upkeep
|turn|5
|
|t:|1743863951
|move|p1a: Ninetales|Moonblast|p2a: Kingambit
|-damage|p2a: Kingambit|62/100
|-unboost|p2a: Kingambit|spa|1
|move|p2a: Kingambit|Iron Head|p1a: Ninetales
|-supereffective|p1a: Ninetales
|-damage|p1a: Ninetales|5/100
|
|-weather|Snowscape|[upkeep]
|-heal|p2a: Kingambit|68/100|[from] item: Leftovers
|upkeep
|turn|6
|
|t:|1743863977
|switch|p1a: Okidogi|Okidogi, M|84/100
|-damage|p1a: Okidogi|78/100|[from] Stealth Rock
|move|p2a: Kingambit|Sucker Punch||[still]
|-fail|p2a: Kingambit
|
|-weather|Snowscape|[upkeep]
|-heal|p2a: Kingambit|75/100|[from] item: Leftovers
|upkeep
|turn|7
|
|t:|1743863986
|-end|p2a: Kingambit|fallenundefined|[silent]
|switch|p2a: Landorus|Landorus-Therian, M|77/100
|-ability|p2a: Landorus|Intimidate|boost
|-unboost|p1a: Okidogi|atk|1
|move|p1a: Okidogi|Knock Off|p2a: Landorus
|-damage|p2a: Landorus|61/100
|
|-weather|none
|upkeep
|turn|8
|
|t:|1743863994
|switch|p1a: Spades|Scizor, M|100/100
|-damage|p1a: Spades|88/100|[from] Stealth Rock
|move|p2a: Landorus|Earthquake|p1a: Spades
|-damage|p1a: Spades|66/100
|
|-heal|p1a: Spades|72/100|[from] item: Leftovers
|upkeep
|turn|9
|
|t:|1743863997
|move|p2a: Landorus|U-turn|p1a: Spades
|-resisted|p1a: Spades
|-damage|p1a: Spades|66/100
|
|t:|1743863999
|switch|p2a: Pecharunt|Pecharunt|100/100|[from] U-turn
|move|p1a: Spades|Defog|p2a: Pecharunt
|-unboost|p2a: Pecharunt|evasion|1
|-sideend|p1: Samarand|Stealth Rock|[from] move: Defog|[of] p1a: Spades
|
|-heal|p1a: Spades|72/100|[from] item: Leftovers
|upkeep
|turn|10
|
|t:|1743864008
|move|p2a: Pecharunt|Parting Shot|p1a: Spades
|-unboost|p1a: Spades|atk|1
|-unboost|p1a: Spades|spa|1
|
|t:|1743864012
|switch|p2a: Landorus|Landorus-Therian, M|61/100|[from] Parting Shot
|-ability|p2a: Landorus|Intimidate|boost
|-unboost|p1a: Spades|atk|1
|move|p1a: Spades|Swords Dance|p1a: Spades
|-boost|p1a: Spades|atk|2
|
|-heal|p1a: Spades|78/100|[from] item: Leftovers
|upkeep
|turn|11
|
|t:|1743864020
|move|p2a: Landorus|U-turn|p1a: Spades
|-resisted|p1a: Spades
|-damage|p1a: Spades|73/100
|
|t:|1743864028
|switch|p2a: Zamazenta|Zamazenta|100/100|[from] U-turn
|-ability|p2a: Zamazenta|Dauntless Shield|boost
|-boost|p2a: Zamazenta|def|1
|move|p1a: Spades|Swords Dance|p1a: Spades
|-boost|p1a: Spades|atk|2
|
|-heal|p1a: Spades|79/100|[from] item: Leftovers
|-sideend|p1: Samarand|move: Aurora Veil
|upkeep
|turn|12
|
|t:|1743864047
|switch|p1a: Okidogi|Okidogi, M|78/100
|move|p2a: Zamazenta|Close Combat|p1a: Okidogi
|-resisted|p1a: Okidogi
|-damage|p1a: Okidogi|56/100
|-unboost|p2a: Zamazenta|def|1
|-unboost|p2a: Zamazenta|spd|1
|-damage|p2a: Zamazenta|84/100|[from] item: Rocky Helmet|[of] p1a: Okidogi
|
|upkeep
|turn|13
|
|t:|1743864061
|switch|p2a: Landorus|Landorus-Therian, M|61/100
|-ability|p2a: Landorus|Intimidate|boost
|-unboost|p1a: Okidogi|atk|1
|move|p1a: Okidogi|Drain Punch|p2a: Landorus
|-resisted|p2a: Landorus
|-damage|p2a: Landorus|47/100
|-heal|p1a: Okidogi|63/100|[from] drain|[of] p2a: Landorus
|-status|p2a: Landorus|tox|[from] ability: Toxic Chain|[of] p1a: Okidogi
|
|-damage|p2a: Landorus|41/100 tox|[from] psn
|upkeep
|turn|14
|
|t:|1743864079
|switch|p1a: Kleavor|Kleavor, M|100/100
|move|p2a: Landorus|Earthquake|p1a: Kleavor
|-damage|p1a: Kleavor|42/100
|
|-damage|p2a: Landorus|29/100 tox|[from] psn
|upkeep
|turn|15
|
|t:|1743864094
|move|p2a: Landorus|Stealth Rock|p1a: Kleavor
|-sidestart|p1: Samarand|move: Stealth Rock
|move|p1a: Kleavor|Stone Axe|p2a: Landorus
|-damage|p2a: Landorus|0 fnt
|-sidestart|p2: Choof Keef|move: Stealth Rock
|faint|p2a: Landorus
|
|upkeep
|
|t:|1743864115
|switch|p2a: Hydreigon|Hydreigon, M|100/100
|-damage|p2a: Hydreigon|88/100|[from] Stealth Rock
|turn|16
|
|t:|1743864120
|move|p2a: Hydreigon|Flash Cannon|p1a: Kleavor
|-supereffective|p1a: Kleavor
|-damage|p1a: Kleavor|0 fnt
|faint|p1a: Kleavor
|
|-heal|p2a: Hydreigon|94/100|[from] item: Leftovers
|upkeep
|
|t:|1743864133
|switch|p1a: Ninetales|Ninetales-Alola, M|5/100
|-damage|p1a: Ninetales|0 fnt|[from] Stealth Rock
|faint|p1a: Ninetales
|c|☆Samarand|Huh, thought snow would still go up at least
|inactive|Samarand has 120 seconds left.
|
|t:|1743864169
|switch|p1a: Spades|Scizor, M|79/100
|-damage|p1a: Spades|66/100|[from] Stealth Rock
|turn|17
|
|t:|1743864180
|switch|p2a: Zamazenta|Zamazenta|84/100
|move|p1a: Spades|Bullet Punch|p2a: Zamazenta
|-damage|p2a: Zamazenta|52/100
|
|-heal|p1a: Spades|73/100|[from] item: Leftovers
|upkeep
|turn|18
|
|t:|1743864201
|switch|p2a: Samurott|Samurott-Hisui, F|100/100
|-damage|p2a: Samurott|88/100|[from] Stealth Rock
|move|p1a: Spades|Bullet Punch|p2a: Samurott
|-resisted|p2a: Samurott
|-damage|p2a: Samurott|70/100
|
|-heal|p1a: Spades|79/100|[from] item: Leftovers
|upkeep
|turn|19
|
|t:|1743864218
|switch|p1a: Okidogi|Okidogi, M|63/100
|-damage|p1a: Okidogi|57/100|[from] Stealth Rock
|move|p2a: Samurott|Knock Off|p1a: Okidogi
|-resisted|p1a: Okidogi
|-damage|p1a: Okidogi|39/100
|-damage|p2a: Samurott|54/100|[from] item: Rocky Helmet|[of] p1a: Okidogi
|-enditem|p1a: Okidogi|Rocky Helmet|[from] move: Knock Off|[of] p2a: Samurott
|
|upkeep
|turn|20
|
|t:|1743864228
|move|p2a: Samurott|Ceaseless Edge|p1a: Okidogi
|-resisted|p1a: Okidogi
|-damage|p1a: Okidogi|21/100
|-sidestart|p1: Samarand|Spikes
|move|p1a: Okidogi|Drain Punch|p2a: Samurott
|-supereffective|p2a: Samurott
|-damage|p2a: Samurott|0 fnt
|-heal|p1a: Okidogi|48/100|[from] drain|[of] p2a: Samurott
|faint|p2a: Samurott
|
|upkeep
|
|t:|1743864236
|switch|p2a: Zamazenta|Zamazenta|52/100
|turn|21
|
|t:|1743864243
|move|p2a: Zamazenta|Close Combat|p1a: Okidogi
|-resisted|p1a: Okidogi
|-damage|p1a: Okidogi|24/100
|-unboost|p2a: Zamazenta|def|1
|-unboost|p2a: Zamazenta|spd|1
|move|p1a: Okidogi|Counter|p2a: Zamazenta
|-damage|p2a: Zamazenta|0 fnt
|faint|p2a: Zamazenta
|
|upkeep
|
|t:|1743864253
|switch|p2a: Pecharunt|Pecharunt|100/100
|turn|22
|
|t:|1743864255
|move|p2a: Pecharunt|Hex|p1a: Okidogi
|-damage|p1a: Okidogi|3/100
|move|p1a: Okidogi|Knock Off|p2a: Pecharunt
|-supereffective|p2a: Pecharunt
|-damage|p2a: Pecharunt|55/100
|-enditem|p2a: Pecharunt|Heavy-Duty Boots|[from] move: Knock Off|[of] p1a: Okidogi
|
|upkeep
|turn|23
|
|t:|1743864264
|move|p2a: Pecharunt|Hex|p1a: Okidogi
|-damage|p1a: Okidogi|0 fnt
|faint|p1a: Okidogi
|
|upkeep
|inactive|Samarand has 120 seconds left.
|
|t:|1743864294
|switch|p1a: Spades|Scizor, M|79/100
|-damage|p1a: Spades|66/100|[from] Stealth Rock
|-damage|p1a: Spades|54/100|[from] Spikes
|turn|24
|
|t:|1743864299
|move|p2a: Pecharunt|Parting Shot|p1a: Spades
|-unboost|p1a: Spades|atk|1
|-unboost|p1a: Spades|spa|1
|
|t:|1743864300
|switch|p2a: Hydreigon|Hydreigon, M|94/100|[from] Parting Shot
|-damage|p2a: Hydreigon|82/100|[from] Stealth Rock
|move|p1a: Spades|Defog|p2a: Hydreigon
|-unboost|p2a: Hydreigon|evasion|1
|-sideend|p2: Choof Keef|Stealth Rock|[from] move: Defog|[of] p1a: Spades
|-sideend|p1: Samarand|Spikes|[from] move: Defog|[of] p1a: Spades
|-sideend|p1: Samarand|Stealth Rock|[from] move: Defog|[of] p1a: Spades
|
|-heal|p2a: Hydreigon|88/100|[from] item: Leftovers
|-heal|p1a: Spades|60/100|[from] item: Leftovers
|upkeep
|turn|25
|
|t:|1743864307
|switch|p1a: Volcanion|Volcanion|100/100
|move|p2a: Hydreigon|Nasty Plot|p2a: Hydreigon
|-boost|p2a: Hydreigon|spa|2
|
|-heal|p2a: Hydreigon|94/100|[from] item: Leftovers
|upkeep
|turn|26
|
|t:|1743864314
|move|p2a: Hydreigon|Draco Meteor|p1a: Volcanion
|-damage|p1a: Volcanion|8/100
|-unboost|p2a: Hydreigon|spa|2
|move|p1a: Volcanion|Sludge Bomb|p2a: Hydreigon
|-damage|p2a: Hydreigon|55/100
|
|-heal|p2a: Hydreigon|61/100|[from] item: Leftovers
|upkeep
|turn|27
|
|t:|1743864321
|move|p2a: Hydreigon|Flash Cannon|p1a: Volcanion
|-resisted|p1a: Volcanion
|-damage|p1a: Volcanion|4/100
|move|p1a: Volcanion|Sludge Bomb|p2a: Hydreigon
|-damage|p2a: Hydreigon|20/100
|
|-heal|p2a: Hydreigon|26/100|[from] item: Leftovers
|upkeep
|turn|28
|
|t:|1743864324
|move|p2a: Hydreigon|Flash Cannon|p1a: Volcanion
|-resisted|p1a: Volcanion
|-damage|p1a: Volcanion|0 fnt
|faint|p1a: Volcanion
|
|-heal|p2a: Hydreigon|33/100|[from] item: Leftovers
|upkeep
|
|t:|1743864329
|switch|p1a: Spades|Scizor, M|60/100
|turn|29
|
|t:|1743864342
|switch|p2a: Pecharunt|Pecharunt|55/100
|move|p1a: Spades|Bullet Punch|p2a: Pecharunt
|-damage|p2a: Pecharunt|32/100
|
|-heal|p1a: Spades|66/100|[from] item: Leftovers
|upkeep
|turn|30
|
|t:|1743864371
|switch|p1a: Delphox|Delphox, F|100/100
|move|p2a: Pecharunt|Recover|p2a: Pecharunt
|-heal|p2a: Pecharunt|82/100
|
|upkeep
|turn|31
|inactive|Samarand has 120 seconds left.
|
|t:|1743864394
|switch|p2a: Hydreigon|Hydreigon, M|33/100
|move|p1a: Delphox|Calm Mind|p1a: Delphox
|-boost|p1a: Delphox|spa|1
|-boost|p1a: Delphox|spd|1
|
|-heal|p2a: Hydreigon|39/100|[from] item: Leftovers
|upkeep
|turn|32
|inactive|Samarand has 120 seconds left.
|inactive|Samarand has 90 seconds left.
|
|t:|1743864453
|-terastallize|p1a: Delphox|Fairy
|move|p1a: Delphox|Calm Mind|p1a: Delphox
|-boost|p1a: Delphox|spa|1
|-boost|p1a: Delphox|spd|1
|move|p2a: Hydreigon|Draco Meteor|p1a: Delphox
|-immune|p1a: Delphox
|
|-heal|p2a: Hydreigon|45/100|[from] item: Leftovers
|upkeep
|turn|33
|
|t:|1743864466
|move|p1a: Delphox|Flamethrower|p2a: Hydreigon
|-resisted|p2a: Hydreigon
|-damage|p2a: Hydreigon|0 fnt
|faint|p2a: Hydreigon
|
|upkeep
|
|t:|1743864468
|switch|p2a: Kingambit|Kingambit, F|75/100
|-activate|p2a: Kingambit|ability: Supreme Overlord
|-start|p2a: Kingambit|fallen4|[silent]
|turn|34
|
|t:|1743864472
|-terastallize|p2a: Kingambit|Ghost
|move|p1a: Delphox|Flamethrower|p2a: Kingambit
|-damage|p2a: Kingambit|0 fnt
|faint|p2a: Kingambit
|-end|p2a: Kingambit|fallen4|[silent]
|
|upkeep
|-message|Choof Keef forfeited.
|
|win|Samarand
|raw|Samarand's rating: 1235 &rarr; <strong>1261</strong><br />(+26 for winning)
|raw|Choof Keef's rating: 1253 &rarr; <strong>1227</strong><br />(-26 for losing)
|l|☆Choof Keef
|player|p2|
|l|☆Samarand
|player|p1|
