|j|☆Danix507
|j|☆Chase5423
|t:|1743923583
|gametype|singles
|player|p1|Danix507|hilbert-wonderlauncher|1235
|player|p2|Chase5423|veteran|1296
|teamsize|p1|6
|teamsize|p2|6
|gen|9
|tier|[Gen 9] OU
|rated|
|rule|HP Percentage Mod: HP is shown in percentages
|rule|Endless Battle Clause: Forcing endless battles is banned
|rule|Species Clause: Limit one of each Pokémon
|rule|OHKO Clause: OHKO moves are banned
|rule|Evasion Items Clause: Evasion items are banned
|rule|Evasion Moves Clause: Evasion moves are banned
|rule|Sleep Moves Clause: Sleep-inducing moves are banned
|clearpoke
|poke|p1|Blissey, F|
|poke|p1|Amoonguss, M|
|poke|p1|Bronzong|
|poke|p1|Gliscor, M|
|poke|p1|Dondozo, M|
|poke|p1|Alomomola, F|
|poke|p2|Slowbro-Galar, F|
|poke|p2|Serperior, M|
|poke|p2|Zoroark-Hisui, M|
|poke|p2|Great Tusk|
|poke|p2|Ditto|
|poke|p2|Walking Wake|
|teampreview
|
|t:|1743923618
|start
|switch|p1a: Gliscor|Gliscor, M, shiny|100/100
|switch|p2a: Danger Noodle|Serperior, M|100/100
|turn|1
|inactive|Battle timer is ON: inactive players will automatically lose when time's up. (requested by Chase5423)
|
|t:|1743923626
|move|p1a: Gliscor|Protect|p1a: Gliscor
|-singleturn|p1a: Gliscor|Protect
|move|p2a: Danger Noodle|Trick|p1a: Gliscor
|-activate|p1a: Gliscor|move: Protect
|
|-status|p1a: Gliscor|tox|[from] item: Toxic Orb
|upkeep
|turn|2
|
|t:|1743923632
|switch|p2a: It’s You|Ditto|100/100
|-transform|p2a: It’s You|p1a: Gliscor|[from] ability: Imposter
|move|p1a: Gliscor|Knock Off|p2a: It’s You
|-damage|p2a: It’s You|80/100
|-enditem|p2a: It’s You|Choice Scarf|[from] move: Knock Off|[of] p1a: Gliscor
|
|upkeep
|turn|3
|
|t:|1743923643
|move|p2a: It’s You|Spikes|p1a: Gliscor
|-sidestart|p1: Danix507|Spikes
|move|p1a: Gliscor|Spikes|p2a: It’s You
|-sidestart|p2: Chase5423|Spikes
|
|upkeep
|turn|4
|
|t:|1743923647
|move|p1a: Gliscor|Spikes|p2a: It’s You
|-sidestart|p2: Chase5423|Spikes
|move|p2a: It’s You|Spikes|p1a: Gliscor
|-sidestart|p1: Danix507|Spikes
|
|upkeep
|turn|5
|
|t:|1743923652
|switch|p2a: Pain Train|Great Tusk|100/100
|-damage|p2a: Pain Train|84/100|[from] Spikes
|move|p1a: Gliscor|Spikes|p2a: Pain Train
|-sidestart|p2: Chase5423|Spikes
|
|upkeep
|turn|6
|
|t:|1743923661
|move|p1a: Gliscor|Protect|p1a: Gliscor
|-singleturn|p1a: Gliscor|Protect
|move|p2a: Pain Train|Rapid Spin|p1a: Gliscor
|-activate|p1a: Gliscor|move: Protect
|
|upkeep
|turn|7
|
|t:|1743923686
|switch|p1a: Bronzong|Bronzong|100/100
|move|p2a: Pain Train|Rapid Spin|p1a: Bronzong
|-resisted|p1a: Bronzong
|-damage|p1a: Bronzong|93/100
|-boost|p2a: Pain Train|spe|1
|-sideend|p2: Chase5423|Spikes|[from] move: Rapid Spin|[of] p2a: Pain Train
|
|-heal|p1a: Bronzong|99/100|[from] item: Leftovers
|upkeep
|turn|8
|inactive|Chase5423 has 120 seconds left.
|
|t:|1743923718
|-end|p2a: Pain Train|Protosynthesis|[silent]
|switch|p2a: Danger Noodle|Serperior, M|100/100
|move|p1a: Bronzong|Stealth Rock|p2a: Danger Noodle
|-sidestart|p2: Chase5423|move: Stealth Rock
|
|-heal|p1a: Bronzong|100/100|[from] item: Leftovers
|upkeep
|turn|9
|
|t:|1743923727
|switch|p1a: Amoonguss|Amoonguss, M|100/100
|move|p2a: Danger Noodle|Shadow Ball|p1a: Amoonguss
|-damage|p1a: Amoonguss|44/100
|
|upkeep
|turn|10
|
|t:|1743923736
|switch|p1a: Blissey|Blissey, F, shiny|100/100
|move|p2a: Danger Noodle|Shadow Ball|p1a: Blissey
|-immune|p1a: Blissey
|
|upkeep
|turn|11
|
|t:|1743923743
|switch|p2a: Danger Noodle|Serperior, M|100/100
|-damage|p2a: Danger Noodle|88/100|[from] Stealth Rock
|move|p1a: Blissey|Seismic Toss|p2a: Danger Noodle
|-damage|p2a: Danger Noodle|54/100
|
|-heal|p2a: Danger Noodle|60/100|[from] item: Leftovers
|upkeep
|turn|12
|
|t:|1743923748
|move|p2a: Danger Noodle|Substitute|p2a: Danger Noodle
|-start|p2a: Danger Noodle|Substitute
|-damage|p2a: Danger Noodle|35/100
|move|p1a: Blissey|Calm Mind|p1a: Blissey
|-boost|p1a: Blissey|spa|1
|-boost|p1a: Blissey|spd|1
|
|-heal|p2a: Danger Noodle|41/100|[from] item: Leftovers
|upkeep
|turn|13
|
|t:|1743923752
|move|p2a: Danger Noodle|Glare|p1a: Blissey
|-status|p1a: Blissey|par
|cant|p1a: Blissey|par
|
|-heal|p2a: Danger Noodle|48/100|[from] item: Leftovers
|upkeep
|turn|14
|
|t:|1743923755
|move|p2a: Danger Noodle|Leaf Storm|p1a: Blissey
|-damage|p1a: Blissey|90/100 par
|-boost|p2a: Danger Noodle|spa|2
|move|p1a: Blissey|Flamethrower|p2a: Danger Noodle
|-supereffective|p2a: Danger Noodle
|-end|p2a: Danger Noodle|Substitute
|
|-heal|p2a: Danger Noodle|54/100|[from] item: Leftovers
|upkeep
|turn|15
|
|t:|1743923763
|switch|p2a: Pain Train|Great Tusk|84/100
|-damage|p2a: Pain Train|81/100|[from] Stealth Rock
|move|p1a: Blissey|Flamethrower|p2a: Pain Train
|-damage|p2a: Pain Train|55/100
|
|upkeep
|turn|16
|
|t:|1743923775
|-curestatus|p1a: Blissey|par|[from] ability: Natural Cure
|switch|p1a: Alomomola|Alomomola, F, shiny|100/100
|move|p2a: Pain Train|Rapid Spin|p1a: Alomomola
|-damage|p1a: Alomomola|90/100
|-boost|p2a: Pain Train|spe|1
|-sideend|p2: Chase5423|Stealth Rock|[from] move: Rapid Spin|[of] p2a: Pain Train
|
|upkeep
|turn|17
|
|t:|1743923790
|move|p2a: Pain Train|Close Combat|p1a: Alomomola
|-damage|p1a: Alomomola|52/100
|-unboost|p2a: Pain Train|def|1
|-unboost|p2a: Pain Train|spd|1
|move|p1a: Alomomola|Wish|p1a: Alomomola
|
|upkeep
|turn|18
|
|t:|1743923799
|move|p2a: Pain Train|Ice Spinner|p1a: Alomomola
|-resisted|p1a: Alomomola
|-damage|p1a: Alomomola|43/100
|move|p1a: Alomomola|Scald|p2a: Pain Train
|-supereffective|p2a: Pain Train
|-damage|p2a: Pain Train|15/100
|
|-heal|p1a: Alomomola|93/100|[from] move: Wish|[wisher] Alomomola
|upkeep
|turn|19
|
|t:|1743923809
|-end|p2a: Pain Train|Protosynthesis|[silent]
|switch|p2a: Danger Noodle|Serperior, M|54/100
|move|p1a: Alomomola|Wish|p1a: Alomomola
|
|-heal|p2a: Danger Noodle|60/100|[from] item: Leftovers
|upkeep
|turn|20
|
|t:|1743923817
|switch|p1a: Amoonguss|Amoonguss, M|77/100
|move|p2a: Danger Noodle|Substitute|p2a: Danger Noodle
|-start|p2a: Danger Noodle|Substitute
|-damage|p2a: Danger Noodle|35/100
|
|-heal|p1a: Amoonguss|100/100|[from] move: Wish|[wisher] Alomomola
|-heal|p2a: Danger Noodle|41/100|[from] item: Leftovers
|upkeep
|turn|21
|
|t:|1743923825
|switch|p1a: Blissey|Blissey, F, shiny|90/100
|move|p2a: Danger Noodle|Glare|p1a: Blissey
|-status|p1a: Blissey|par
|
|-heal|p2a: Danger Noodle|48/100|[from] item: Leftovers
|upkeep
|turn|22
|
|t:|1743923828
|move|p2a: Danger Noodle|Leaf Storm|p1a: Blissey
|-crit|p1a: Blissey
|-damage|p1a: Blissey|68/100 par
|-boost|p2a: Danger Noodle|spa|2
|cant|p1a: Blissey|par
|
|-heal|p2a: Danger Noodle|54/100|[from] item: Leftovers
|upkeep
|turn|23
|
|t:|1743923835
|move|p2a: Danger Noodle|Leaf Storm|p1a: Blissey|[miss]
|-miss|p2a: Danger Noodle|p1a: Blissey
|move|p1a: Blissey|Calm Mind|p1a: Blissey
|-boost|p1a: Blissey|spa|1
|-boost|p1a: Blissey|spd|1
|
|-heal|p2a: Danger Noodle|60/100|[from] item: Leftovers
|upkeep
|turn|24
|
|t:|1743923839
|move|p2a: Danger Noodle|Leaf Storm|p1a: Blissey
|-damage|p1a: Blissey|49/100 par
|-boost|p2a: Danger Noodle|spa|2
|move|p1a: Blissey|Calm Mind|p1a: Blissey
|-boost|p1a: Blissey|spa|1
|-boost|p1a: Blissey|spd|1
|
|-heal|p2a: Danger Noodle|66/100|[from] item: Leftovers
|upkeep
|turn|25
|
|t:|1743923843
|move|p2a: Danger Noodle|Leaf Storm|p1a: Blissey
|-damage|p1a: Blissey|27/100 par
|-boost|p2a: Danger Noodle|spa|2
|cant|p1a: Blissey|par
|
|-heal|p2a: Danger Noodle|72/100|[from] item: Leftovers
|upkeep
|turn|26
|
|t:|1743923847
|move|p2a: Danger Noodle|Leaf Storm|p1a: Blissey
|-damage|p1a: Blissey|0 fnt
|faint|p1a: Blissey
|
|-heal|p2a: Danger Noodle|79/100|[from] item: Leftovers
|upkeep
|
|t:|1743923852
|switch|p1a: Alomomola|Alomomola, F, shiny|100/100
|turn|27
|
|t:|1743923859
|switch|p1a: Amoonguss|Amoonguss, M|100/100
|move|p2a: Danger Noodle|Leaf Storm|p1a: Amoonguss
|-resisted|p1a: Amoonguss
|-damage|p1a: Amoonguss|56/100
|
|-heal|p2a: Danger Noodle|85/100|[from] item: Leftovers
|upkeep
|turn|28
|
|t:|1743923866
|-terastallize|p2a: Danger Noodle|Fire
|move|p2a: Danger Noodle|Tera Blast|p1a: Amoonguss|[anim] Tera Blast Fire
|-supereffective|p1a: Amoonguss
|-damage|p1a: Amoonguss|0 fnt
|faint|p1a: Amoonguss
|
|-heal|p2a: Danger Noodle|91/100|[from] item: Leftovers
|upkeep
|-message|Danix507 forfeited.
|
|win|Chase5423
|raw|Danix507's rating: 1235 &rarr; <strong>1214</strong><br />(-21 for losing)
|raw|Chase5423's rating: 1296 &rarr; <strong>1317</strong><br />(+21 for winning)
|l|☆Danix507
|player|p1|
|l|☆Chase5423
|player|p2|
