|j|☆lc872244
|j|☆shinygz
|t:|1743828513
|gametype|singles
|player|p1|lc872244|marley|1140
|player|p2|shinygz|pilot|1202
|teamsize|p1|6
|teamsize|p2|6
|gen|9
|tier|[Gen 9] OU
|rated|
|rule|HP Percentage Mod: HP is shown in percentages
|rule|Endless Battle Clause: Forcing endless battles is banned
|rule|Species Clause: Limit one of each Pokémon
|rule|OHKO Clause: OHKO moves are banned
|rule|Evasion Items Clause: Evasion items are banned
|rule|Evasion Moves Clause: Evasion moves are banned
|rule|Sleep Moves Clause: Sleep-inducing moves are banned
|clearpoke
|poke|p1|Samurott-Hisui, M|
|poke|p1|Gardevoir, M|
|poke|p1|Clodsire, F|
|poke|p1|Zoroark-Hisui, F|
|poke|p1|Hydrapple, M|
|poke|p1|Ceruledge, F|
|poke|p2|Ribombee, M|
|poke|p2|Garchomp, M|
|poke|p2|Gholdengo|
|poke|p2|Weavile, M|
|poke|p2|Great Tusk|
|poke|p2|Latias, F|
|teampreview
|inactive|Battle timer is ON: inactive players will automatically lose when time's up. (requested by shinygz)
|
|t:|1743828529
|start
|switch|p1a: Samurott|Samurott-Hisui, M, shiny|100/100
|switch|p2a: Ribombee|Ribombee, M|100/100
|turn|1
|
|t:|1743828539
|switch|p1a: Clodsire|Clodsire, F|100/100
|move|p2a: Ribombee|Sticky Web|p1a: Clodsire
|-sidestart|p1: lc872244|move: Sticky Web
|
|upkeep
|turn|2
|
|t:|1743828545
|move|p2a: Ribombee|Stun Spore|p1a: Clodsire
|-status|p1a: Clodsire|par
|cant|p1a: Clodsire|par
|
|upkeep
|turn|3
|
|t:|1743828551
|move|p2a: Ribombee|Psychic Noise|p1a: Clodsire
|-supereffective|p1a: Clodsire
|-damage|p1a: Clodsire|80/100 par
|-start|p1a: Clodsire|move: Heal Block
|cant|p1a: Clodsire|par
|
|upkeep
|turn|4
|
|t:|1743828559
|switch|p2a: Garchomp|Garchomp, M|100/100
|move|p1a: Clodsire|Stealth Rock|p2a: Garchomp
|-sidestart|p2: shinygz|move: Stealth Rock
|
|-end|p1a: Clodsire|move: Heal Block
|upkeep
|turn|5
|
|t:|1743828569
|switch|p1a: Hydrapple|Hydrapple, M|100/100
|move|p2a: Garchomp|Swords Dance|p2a: Garchomp
|-boost|p2a: Garchomp|atk|2
|
|upkeep
|turn|6
|
|t:|1743828578
|-terastallize|p1a: Hydrapple|Steel
|move|p2a: Garchomp|Scale Shot|p1a: Hydrapple
|-resisted|p1a: Hydrapple
|-damage|p1a: Hydrapple|92/100
|-resisted|p1a: Hydrapple
|-damage|p1a: Hydrapple|82/100
|-resisted|p1a: Hydrapple
|-damage|p1a: Hydrapple|73/100
|-resisted|p1a: Hydrapple
|-damage|p1a: Hydrapple|64/100
|-hitcount|p1a: Hydrapple|4
|-unboost|p2a: Garchomp|def|1
|-boost|p2a: Garchomp|spe|1
|move|p1a: Hydrapple|Fickle Beam|p2a: Garchomp|[anim] Fickle Beam All Out
|-activate|p1a: Hydrapple|move: Fickle Beam
|-supereffective|p2a: Garchomp
|-damage|p2a: Garchomp|0 fnt
|faint|p2a: Garchomp
|
|upkeep
|
|t:|1743828591
|switch|p2a: Great Tusk|Great Tusk|100/100
|-damage|p2a: Great Tusk|98/100|[from] Stealth Rock
|turn|7
|
|t:|1743828607
|switch|p1a: Ceruledge|Ceruledge, F|100/100
|-activate|p1a: Ceruledge|move: Sticky Web
|-unboost|p1a: Ceruledge|spe|1
|move|p2a: Great Tusk|Earthquake|p1a: Ceruledge
|-supereffective|p1a: Ceruledge
|-enditem|p1a: Ceruledge|Focus Sash
|-damage|p1a: Ceruledge|1/100
|-ability|p1a: Ceruledge|Weak Armor|boost
|-unboost|p1a: Ceruledge|def|1
|-boost|p1a: Ceruledge|spe|2
|
|-heal|p2a: Great Tusk|100/100|[from] item: Leftovers
|upkeep
|turn|8
|inactive|lc872244 has 120 seconds left.
|
|t:|1743828645
|move|p1a: Ceruledge|Poltergeist|p2a: Great Tusk
|-activate|p2a: Great Tusk|move: Poltergeist|Leftovers
|-damage|p2a: Great Tusk|63/100
|move|p2a: Great Tusk|Earthquake|p1a: Ceruledge
|-supereffective|p1a: Ceruledge
|-damage|p1a: Ceruledge|0 fnt
|faint|p1a: Ceruledge
|
|-heal|p2a: Great Tusk|69/100|[from] item: Leftovers
|upkeep
|
|t:|1743828658
|switch|p1a: Gardevoir|Gardevoir, M|100/100
|-activate|p1a: Gardevoir|move: Sticky Web
|-unboost|p1a: Gardevoir|spe|1
|turn|9
|
|t:|1743828667
|move|p2a: Great Tusk|Rapid Spin|p1a: Gardevoir
|-damage|p1a: Gardevoir|68/100
|-boost|p2a: Great Tusk|spe|1
|-sideend|p2: shinygz|Stealth Rock|[from] move: Rapid Spin|[of] p2a: Great Tusk
|move|p1a: Gardevoir|Alluring Voice|p2a: Great Tusk
|-supereffective|p2a: Great Tusk
|-damage|p2a: Great Tusk|0 fnt
|faint|p2a: Great Tusk
|-end|p2a: Great Tusk|Protosynthesis|[silent]
|
|upkeep
|
|t:|1743828680
|switch|p2a: Gholdengo|Gholdengo|100/100
|-ability|p1a: Gardevoir|Good as Gold|[from] ability: Trace|[of] p2a: Gholdengo
|turn|10
|inactive|lc872244 has 120 seconds left.
|
|t:|1743828689
|switch|p1a: Hydrapple|Hydrapple, M, tera:Steel|97/100
|move|p2a: Gholdengo|Make It Rain|p1a: Hydrapple
|-resisted|p1a: Hydrapple
|-damage|p1a: Hydrapple|68/100
|-unboost|p2a: Gholdengo|spa|1
|
|upkeep
|turn|11
|
|t:|1743828695
|switch|p2a: Ribombee|Ribombee, M|100/100
|move|p1a: Hydrapple|Earth Power|p2a: Ribombee
|-resisted|p2a: Ribombee
|-damage|p2a: Ribombee|76/100
|
|upkeep
|turn|12
|
|t:|1743828703
|move|p2a: Ribombee|Moonblast|p1a: Hydrapple
|-resisted|p1a: Hydrapple
|-damage|p1a: Hydrapple|49/100
|-unboost|p1a: Hydrapple|spa|1
|move|p1a: Hydrapple|Giga Drain|p2a: Ribombee
|-resisted|p2a: Ribombee
|-damage|p2a: Ribombee|53/100
|-heal|p1a: Hydrapple|56/100|[from] drain|[of] p2a: Ribombee
|
|upkeep
|turn|13
|
|t:|1743828710
|switch|p1a: Clodsire|Clodsire, F|80/100 par
|-activate|p1a: Clodsire|move: Sticky Web
|-unboost|p1a: Clodsire|spe|1
|move|p2a: Ribombee|Stun Spore|p1a: Clodsire
|-fail|p1a: Clodsire|par
|
|-heal|p1a: Clodsire|86/100 par|[from] item: Leftovers
|upkeep
|turn|14
|
|t:|1743828719
|switch|p2a: Weavile|Weavile, M|100/100
|-ability|p2a: Weavile|Pressure
|move|p1a: Clodsire|Stealth Rock|p2a: Weavile
|-sidestart|p2: shinygz|move: Stealth Rock
|
|-heal|p1a: Clodsire|92/100 par|[from] item: Leftovers
|upkeep
|turn|15
|
|t:|1743828727
|move|p2a: Weavile|Swords Dance|p2a: Weavile
|-boost|p2a: Weavile|atk|2
|move|p1a: Clodsire|Toxic|p2a: Weavile
|-status|p2a: Weavile|tox
|
|-heal|p1a: Clodsire|99/100 par|[from] item: Leftovers
|-damage|p2a: Weavile|94/100 tox|[from] psn
|upkeep
|turn|16
|
|t:|1743828736
|switch|p1a: Samurott|Samurott-Hisui, M, shiny|100/100
|-activate|p1a: Samurott|move: Sticky Web
|-unboost|p1a: Samurott|spe|1
|move|p2a: Weavile|Icicle Crash|p1a: Samurott
|-resisted|p1a: Samurott
|-crit|p1a: Samurott
|-damage|p1a: Samurott|27/100
|
|-damage|p2a: Weavile|82/100 tox|[from] psn
|upkeep
|turn|17
|
|t:|1743828747
|move|p2a: Weavile|Knock Off|p1a: Samurott
|-resisted|p1a: Samurott
|-damage|p1a: Samurott|0 fnt
|-enditem|p1a: Samurott|Choice Scarf|[from] move: Knock Off|[of] p2a: Weavile
|faint|p1a: Samurott
|
|-damage|p2a: Weavile|64/100 tox|[from] psn
|upkeep
|
|t:|1743828763
|switch|p1a: Clodsire|Clodsire, F|99/100 par
|-activate|p1a: Clodsire|move: Sticky Web
|-unboost|p1a: Clodsire|spe|1
|turn|18
|
|t:|1743828768
|switch|p1a: Hydrapple|Hydrapple, M, tera:Steel|89/100
|move|p2a: Weavile|Icicle Crash|p1a: Hydrapple
|-resisted|p1a: Hydrapple
|-damage|p1a: Hydrapple|62/100
|
|-damage|p2a: Weavile|40/100 tox|[from] psn
|upkeep
|turn|19
|
|t:|1743828774
|switch|p1a: Gardevoir|Gardevoir, M|68/100
|-activate|p1a: Gardevoir|move: Sticky Web
|-unboost|p1a: Gardevoir|spe|1
|-ability|p1a: Gardevoir|Pressure
|-ability|p1a: Gardevoir|Pressure|[from] ability: Trace|[of] p2a: Weavile
|move|p2a: Weavile|Knock Off|p1a: Gardevoir
|-damage|p1a: Gardevoir|0 fnt
|-enditem|p1a: Gardevoir|Choice Scarf|[from] move: Knock Off|[of] p2a: Weavile
|faint|p1a: Gardevoir
|
|-damage|p2a: Weavile|10/100 tox|[from] psn
|upkeep
|
|t:|1743828788
|switch|p1a: Hydrapple|Hydrapple, M|100/100
|-activate|p1a: Hydrapple|move: Sticky Web
|-unboost|p1a: Hydrapple|spe|1
|-start|p1a: Hydrapple|typechange|Steel|[silent]
|turn|20
|
|t:|1743828803
|move|p2a: Weavile|Knock Off|p1a: Hydrapple
|-supereffective|p1a: Hydrapple
|-damage|p1a: Hydrapple|0 fnt
|replace|p1a: Zoroark|Zoroark-Hisui, F
|-end|p1a: Zoroark|Illusion
|-enditem|p1a: Zoroark|Life Orb|[from] move: Knock Off|[of] p2a: Weavile
|faint|p1a: Zoroark
|
|-damage|p2a: Weavile|0 fnt|[from] psn
|faint|p2a: Weavile
|upkeep
|
|t:|1743828814
|switch|p2a: Gholdengo|Gholdengo|100/100
|switch|p1a: Clodsire|Clodsire, F|99/100 par
|-damage|p2a: Gholdengo|94/100|[from] Stealth Rock
|-activate|p1a: Clodsire|move: Sticky Web
|-unboost|p1a: Clodsire|spe|1
|turn|21
|
|t:|1743828825
|switch|p2a: Latias|Latias, F|100/100
|-damage|p2a: Latias|88/100|[from] Stealth Rock
|move|p1a: Clodsire|Earthquake|p2a: Latias
|-immune|p2a: Latias|[from] ability: Levitate
|
|-heal|p1a: Clodsire|100/100 par|[from] item: Leftovers
|upkeep
|turn|22
|
|t:|1743828834
|-terastallize|p2a: Latias|Poison
|move|p2a: Latias|Calm Mind|p2a: Latias
|-boost|p2a: Latias|spa|1
|-boost|p2a: Latias|spd|1
|cant|p1a: Clodsire|par
|
|upkeep
|turn|23
|
|t:|1743828845
|switch|p1a: Hydrapple|Hydrapple, M, tera:Steel|95/100
|move|p2a: Latias|Calm Mind|p2a: Latias
|-boost|p2a: Latias|spa|1
|-boost|p2a: Latias|spd|1
|
|upkeep
|turn|24
|
|t:|1743828851
|move|p2a: Latias|Aura Sphere|p1a: Hydrapple
|-supereffective|p1a: Hydrapple
|-damage|p1a: Hydrapple|15/100
|move|p1a: Hydrapple|Nasty Plot|p1a: Hydrapple
|-boost|p1a: Hydrapple|spa|2
|
|upkeep
|turn|25
|
|t:|1743828860
|move|p2a: Latias|Aura Sphere|p1a: Hydrapple
|-supereffective|p1a: Hydrapple
|-damage|p1a: Hydrapple|0 fnt
|faint|p1a: Hydrapple
|
|upkeep
|
|t:|1743828863
|switch|p1a: Clodsire|Clodsire, F|100/100 par
|-activate|p1a: Clodsire|move: Sticky Web
|-unboost|p1a: Clodsire|spe|1
|turn|26
|
|t:|1743828870
|move|p2a: Latias|Stored Power|p1a: Clodsire
|-supereffective|p1a: Clodsire
|-damage|p1a: Clodsire|59/100 par
|move|p1a: Clodsire|Stealth Rock||[still]
|-fail|p1a: Clodsire
|
|-heal|p1a: Clodsire|65/100 par|[from] item: Leftovers
|upkeep
|turn|27
|-message|lc872244 forfeited.
|
|win|shinygz
|raw|lc872244's rating: 1140 &rarr; <strong>1119</strong><br />(-21 for losing)
|raw|shinygz's rating: 1202 &rarr; <strong>1223</strong><br />(+21 for winning)
|l|☆lc872244
|player|p1|
|l|☆shinygz
|player|p2|
