|j|☆Pedro_Gil_2502
|j|☆cuervotesteador
|t:|1743875146
|gametype|singles
|player|p1|Pedro_Gil_2502|waiter-gen4dp|1452
|player|p2|cuervotesteador|102|1409
|teamsize|p1|6
|teamsize|p2|6
|gen|9
|tier|[Gen 9] OU
|rated|
|rule|HP Percentage Mod: HP is shown in percentages
|rule|Endless Battle Clause: Forcing endless battles is banned
|rule|Species Clause: Limit one of each Pokémon
|rule|OHKO Clause: OHKO moves are banned
|rule|Evasion Items Clause: Evasion items are banned
|rule|Evasion Moves Clause: Evasion moves are banned
|rule|Sleep Moves Clause: Sleep-inducing moves are banned
|clearpoke
|poke|p1|Ting-Lu|
|poke|p1|Kyurem|
|poke|p1|Great Tusk|
|poke|p1|Ogerpon-Cornerstone, F|
|poke|p1|Samurott-Hisui, M|
|poke|p1|Pecharunt|
|poke|p2|Hitmonchan, M|
|poke|p2|Moltres|
|poke|p2|Frosmoth, M|
|poke|p2|Iron Crown|
|poke|p2|Landorus-Therian, M|
|poke|p2|Ogerpon-Wellspring, F|
|teampreview
|inactive|Battle timer is ON: inactive players will automatically lose when time's up. (requested by Pedro_Gil_2502)
|
|t:|1743875166
|start
|switch|p1a: Kyurem|Kyurem|100/100
|switch|p2a: Hitmonchan|Hitmonchan, M|100/100
|-ability|p1a: Kyurem|Pressure
|turn|1
|
|t:|1743875172
|switch|p1a: Pecharunt|Pecharunt|100/100
|move|p2a: Hitmonchan|Drain Punch|p1a: Pecharunt
|-immune|p1a: Pecharunt
|
|upkeep
|turn|2
|
|t:|1743875178
|move|p1a: Pecharunt|Malignant Chain|p2a: Hitmonchan
|-damage|p2a: Hitmonchan|52/100
|-status|p2a: Hitmonchan|tox
|-start|p2a: Hitmonchan|confusion|[from] ability: Poison Puppeteer|[of] p1a: Pecharunt
|-activate|p2a: Hitmonchan|confusion
|move|p2a: Hitmonchan|Knock Off|p1a: Pecharunt
|-supereffective|p1a: Pecharunt
|-damage|p1a: Pecharunt|62/100
|-enditem|p1a: Pecharunt|Heavy-Duty Boots|[from] move: Knock Off|[of] p2a: Hitmonchan
|
|-damage|p2a: Hitmonchan|46/100 tox|[from] psn
|upkeep
|turn|3
|
|t:|1743875190
|switch|p2a: Iron Crown|Iron Crown|100/100
|move|p1a: Pecharunt|Parting Shot|p2a: Iron Crown
|-unboost|p2a: Iron Crown|atk|1
|-unboost|p2a: Iron Crown|spa|1
|
|t:|1743875194
|switch|p1a: Samurott|Samurott-Hisui, M|100/100|[from] Parting Shot
|
|upkeep
|turn|4
|
|t:|1743875198
|move|p2a: Iron Crown|Volt Switch|p1a: Samurott
|-supereffective|p1a: Samurott
|-damage|p1a: Samurott|53/100
|
|t:|1743875202
|-end|p2a: Iron Crown|Quark Drive|[silent]
|switch|p2a: Moltres|Moltres|100/100|[from] Volt Switch
|move|p1a: Samurott|Ceaseless Edge|p2a: Moltres
|-damage|p2a: Moltres|72/100
|-status|p1a: Samurott|brn|[from] ability: Flame Body|[of] p2a: Moltres
|-sidestart|p2: cuervotesteador|Spikes
|
|-damage|p1a: Samurott|46/100 brn|[from] brn
|upkeep
|turn|5
|
|t:|1743875212
|move|p1a: Samurott|Ceaseless Edge|p2a: Moltres
|-damage|p2a: Moltres|57/100
|-sidestart|p2: cuervotesteador|Spikes
|move|p2a: Moltres|U-turn|p1a: Samurott
|-supereffective|p1a: Samurott
|-damage|p1a: Samurott|11/100 brn
|
|t:|1743875220
|switch|p2a: Landorus|Landorus-Therian, M|100/100|[from] U-turn
|-ability|p2a: Landorus|Intimidate|boost
|-unboost|p1a: Samurott|atk|1
|
|-damage|p1a: Samurott|5/100 brn|[from] brn
|upkeep
|turn|6
|
|t:|1743875226
|move|p2a: Landorus|U-turn|p1a: Samurott
|-supereffective|p1a: Samurott
|-damage|p1a: Samurott|0 fnt
|faint|p1a: Samurott
|
|t:|1743875233
|switch|p2a: Moltres|Moltres|57/100|[from] U-turn
|
|upkeep
|
|t:|1743875244
|switch|p1a: Ting-Lu|Ting-Lu|100/100
|-ability|p1a: Ting-Lu|Vessel of Ruin
|turn|7
|
|t:|1743875249
|move|p2a: Moltres|Roost|p2a: Moltres
|-heal|p2a: Moltres|100/100
|-singleturn|p2a: Moltres|move: Roost
|move|p1a: Ting-Lu|Stealth Rock|p2a: Moltres
|-sidestart|p2: cuervotesteador|move: Stealth Rock
|
|upkeep
|turn|8
|
|t:|1743875256
|move|p2a: Moltres|U-turn|p1a: Ting-Lu
|-supereffective|p1a: Ting-Lu
|-damage|p1a: Ting-Lu|88/100
|
|t:|1743875264
|switch|p2a: Landorus|Landorus-Therian, M|100/100|[from] U-turn
|-damage|p2a: Landorus|88/100|[from] Stealth Rock
|-ability|p2a: Landorus|Intimidate|boost
|-unboost|p1a: Ting-Lu|atk|1
|move|p1a: Ting-Lu|Ruination|p2a: Landorus
|-damage|p2a: Landorus|44/100
|
|-heal|p1a: Ting-Lu|95/100|[from] item: Leftovers
|upkeep
|turn|9
|
|t:|1743875275
|move|p2a: Landorus|Stealth Rock|p1a: Ting-Lu
|-sidestart|p1: Pedro_Gil_2502|move: Stealth Rock
|move|p1a: Ting-Lu|Ruination|p2a: Landorus
|-damage|p2a: Landorus|22/100
|
|-heal|p1a: Ting-Lu|100/100|[from] item: Leftovers
|upkeep
|turn|10
|
|t:|1743875284
|switch|p2a: Hitmonchan|Hitmonchan, M|46/100 tox
|-damage|p2a: Hitmonchan|29/100 tox|[from] Spikes
|-damage|p2a: Hitmonchan|23/100 tox|[from] Stealth Rock
|move|p1a: Ting-Lu|Whirlwind|p2a: Hitmonchan
|drag|p2a: Iron Crown|Iron Crown|100/100
|-damage|p2a: Iron Crown|84/100|[from] Spikes
|-damage|p2a: Iron Crown|78/100|[from] Stealth Rock
|
|upkeep
|turn|11
|
|t:|1743875293
|move|p2a: Iron Crown|Future Sight|p1a: Ting-Lu
|-start|p2a: Iron Crown|move: Future Sight
|move|p1a: Ting-Lu|Whirlwind|p2a: Iron Crown
|-end|p2a: Iron Crown|Quark Drive|[silent]
|drag|p2a: Moltres|Moltres|100/100
|
|upkeep
|turn|12
|
|t:|1743875300
|move|p1a: Ting-Lu|Ruination|p2a: Moltres
|-damage|p2a: Moltres|51/100
|move|p2a: Moltres|Roar|p1a: Ting-Lu
|drag|p1a: Kyurem|Kyurem|100/100
|-ability|p1a: Kyurem|Pressure
|
|upkeep
|turn|13
|
|t:|1743875308
|switch|p1a: Ting-Lu|Ting-Lu|100/100
|-damage|p1a: Ting-Lu|94/100|[from] Stealth Rock
|-ability|p1a: Ting-Lu|Vessel of Ruin
|move|p2a: Moltres|U-turn|p1a: Ting-Lu
|-supereffective|p1a: Ting-Lu
|-damage|p1a: Ting-Lu|81/100
|
|t:|1743875316
|switch|p2a: Ogerpon|Ogerpon-Wellspring, F|100/100|[from] U-turn
|-damage|p2a: Ogerpon|84/100|[from] Spikes
|-damage|p2a: Ogerpon|72/100|[from] Stealth Rock
|
|-end|p1a: Ting-Lu|move: Future Sight
|-immune|p1a: Ting-Lu
|-heal|p1a: Ting-Lu|88/100|[from] item: Leftovers
|upkeep
|turn|14
|
|t:|1743875325
|move|p2a: Ogerpon|Ivy Cudgel|p1a: Ting-Lu|[anim] Ivy Cudgel Water
|-supereffective|p1a: Ting-Lu
|-damage|p1a: Ting-Lu|40/100
|move|p1a: Ting-Lu|Whirlwind|p2a: Ogerpon
|drag|p2a: Hitmonchan|Hitmonchan, M|23/100 tox
|-damage|p2a: Hitmonchan|6/100 tox|[from] Spikes
|-damage|p2a: Hitmonchan|0 fnt|[from] Stealth Rock
|faint|p2a: Hitmonchan
|
|-heal|p1a: Ting-Lu|46/100|[from] item: Leftovers
|upkeep
|
|t:|1743875337
|switch|p2a: Ogerpon|Ogerpon-Wellspring, F|72/100
|-damage|p2a: Ogerpon|55/100|[from] Spikes
|-damage|p2a: Ogerpon|43/100|[from] Stealth Rock
|turn|15
|
|t:|1743875342
|move|p2a: Ogerpon|Horn Leech|p1a: Ting-Lu
|-supereffective|p1a: Ting-Lu
|-damage|p1a: Ting-Lu|11/100
|-heal|p2a: Ogerpon|73/100|[from] drain|[of] p1a: Ting-Lu
|move|p1a: Ting-Lu|Whirlwind|p2a: Ogerpon
|drag|p2a: Frosmoth|Frosmoth, M|100/100
|
|-heal|p1a: Ting-Lu|17/100|[from] item: Leftovers
|upkeep
|turn|16
|
|t:|1743875351
|move|p2a: Frosmoth|Ice Beam|p1a: Ting-Lu
|-supereffective|p1a: Ting-Lu
|-damage|p1a: Ting-Lu|0 fnt
|faint|p1a: Ting-Lu
|
|upkeep
|
|t:|1743875356
|switch|p1a: Ogerpon|Ogerpon-Cornerstone, F|100/100
|-damage|p1a: Ogerpon|88/100|[from] Stealth Rock
|turn|17
|
|t:|1743875361
|switch|p2a: Moltres|Moltres|51/100
|move|p1a: Ogerpon|Ivy Cudgel|p2a: Moltres|[anim] Ivy Cudgel Rock
|-supereffective|p2a: Moltres
|-damage|p2a: Moltres|0 fnt
|faint|p2a: Moltres
|
|upkeep
|
|t:|1743875368
|switch|p2a: Landorus|Landorus-Therian, M|22/100
|-damage|p2a: Landorus|10/100|[from] Stealth Rock
|-ability|p2a: Landorus|Intimidate|boost
|-unboost|p1a: Ogerpon|atk|1
|turn|18
|
|t:|1743875375
|-terastallize|p2a: Landorus|Flying
|move|p2a: Landorus|Tera Blast|p1a: Ogerpon|[anim] Tera Blast Flying
|-damage|p1a: Ogerpon|4/100
|move|p1a: Ogerpon|Ivy Cudgel|p2a: Landorus|[anim] Ivy Cudgel Rock
|-supereffective|p2a: Landorus
|-damage|p2a: Landorus|0 fnt
|faint|p2a: Landorus
|
|upkeep
|
|t:|1743875385
|switch|p2a: Iron Crown|Iron Crown|78/100
|-damage|p2a: Iron Crown|61/100|[from] Spikes
|-damage|p2a: Iron Crown|55/100|[from] Stealth Rock
|turn|19
|
|t:|1743875391
|move|p1a: Ogerpon|Low Kick|p2a: Iron Crown
|-damage|p2a: Iron Crown|25/100
|move|p2a: Iron Crown|Tachyon Cutter|p1a: Ogerpon
|-supereffective|p1a: Ogerpon
|-crit|p1a: Ogerpon
|-damage|p1a: Ogerpon|0 fnt
|faint|p1a: Ogerpon
|-hitcount|p1: Ogerpon|1
|
|upkeep
|
|t:|1743875396
|switch|p1a: Great Tusk|Great Tusk|100/100
|-damage|p1a: Great Tusk|98/100|[from] Stealth Rock
|turn|20
|
|t:|1743875401
|-terastallize|p1a: Great Tusk|Steel
|move|p2a: Iron Crown|Psychic Noise|p1a: Great Tusk
|-resisted|p1a: Great Tusk
|-damage|p1a: Great Tusk|68/100
|-start|p1a: Great Tusk|move: Heal Block
|move|p1a: Great Tusk|Rapid Spin|p2a: Iron Crown
|-resisted|p2a: Iron Crown
|-damage|p2a: Iron Crown|17/100
|-boost|p1a: Great Tusk|spe|1
|-sideend|p1: Pedro_Gil_2502|Stealth Rock|[from] move: Rapid Spin|[of] p1a: Great Tusk
|
|upkeep
|turn|21
|
|t:|1743875412
|move|p1a: Great Tusk|Knock Off|p2a: Iron Crown
|-supereffective|p2a: Iron Crown
|-damage|p2a: Iron Crown|0 fnt
|-enditem|p2a: Iron Crown|Assault Vest|[from] move: Knock Off|[of] p1a: Great Tusk
|faint|p2a: Iron Crown
|-end|p2a: Iron Crown|Quark Drive|[silent]
|
|-end|p1a: Great Tusk|move: Heal Block
|upkeep
|
|t:|1743875419
|switch|p2a: Frosmoth|Frosmoth, M|100/100
|turn|22
|
|t:|1743875434
|move|p1a: Great Tusk|Knock Off|p2a: Frosmoth
|-damage|p2a: Frosmoth|49/100
|-enditem|p2a: Frosmoth|Heavy-Duty Boots|[from] move: Knock Off|[of] p1a: Great Tusk
|move|p2a: Frosmoth|Quiver Dance|p2a: Frosmoth
|-boost|p2a: Frosmoth|spa|1
|-boost|p2a: Frosmoth|spd|1
|-boost|p2a: Frosmoth|spe|1
|
|-heal|p1a: Great Tusk|74/100|[from] item: Leftovers
|upkeep
|turn|23
|
|t:|1743875443
|move|p1a: Great Tusk|Close Combat|p2a: Frosmoth
|-damage|p2a: Frosmoth|0 fnt
|-unboost|p1a: Great Tusk|def|1
|-unboost|p1a: Great Tusk|spd|1
|faint|p2a: Frosmoth
|
|-heal|p1a: Great Tusk|81/100|[from] item: Leftovers
|upkeep
|c|☆Pedro_Gil_2502|Wp
|-message|cuervotesteador forfeited.
|
|win|Pedro_Gil_2502
|raw|Pedro_Gil_2502's rating: 1452 &rarr; <strong>1470</strong><br />(+18 for winning)
|raw|cuervotesteador's rating: 1409 &rarr; <strong>1391</strong><br />(-18 for losing)
|l|☆cuervotesteador
|player|p2|
|l|☆Pedro_Gil_2502
|player|p1|
