|j|☆mossytreefrog
|j|☆KingGumbi
|t:|1743907775
|gametype|singles
|player|p1|mossytreefrog|pokemaniac|1131
|player|p2|KingGumbi|bugcatcher-gen4dp|1175
|teamsize|p1|6
|teamsize|p2|6
|gen|9
|tier|[Gen 9] OU
|rated|
|rule|HP Percentage Mod: HP is shown in percentages
|rule|Endless Battle Clause: Forcing endless battles is banned
|rule|Species Clause: Limit one of each Pokémon
|rule|OHKO Clause: OHKO moves are banned
|rule|Evasion Items Clause: Evasion items are banned
|rule|Evasion Moves Clause: Evasion moves are banned
|rule|Sleep Moves Clause: Sleep-inducing moves are banned
|clearpoke
|poke|p1|Banette, F|
|poke|p1|Muk, M|
|poke|p1|Eelektross, M|
|poke|p1|Latias, F|
|poke|p1|Landorus-Therian, M|
|poke|p1|Araquanid, M|
|poke|p2|Araquanid, F|
|poke|p2|Kleavor, M|
|poke|p2|Yanmega, M|
|poke|p2|Lokix, M|
|poke|p2|Ribombee, M|
|poke|p2|Scizor, M|
|teampreview
|inactive|Battle timer is ON: inactive players will automatically lose when time's up. (requested by mossytreefrog)
|inactive|KingGumbi also wants the timer to be on.
|
|t:|1743907778
|start
|switch|p1a: eel|Eelektross, M, shiny|100/100
|switch|p2a: Kleavor|Kleavor, M|100/100
|turn|1
|
|t:|1743907784
|move|p2a: Kleavor|Stone Axe|p1a: eel
|-damage|p1a: eel|2/100
|-sidestart|p1: mossytreefrog|move: Stealth Rock
|move|p1a: eel|Coil|p1a: eel
|-boost|p1a: eel|atk|1
|-boost|p1a: eel|def|1
|-boost|p1a: eel|accuracy|1
|
|-heal|p1a: eel|8/100|[from] item: Leftovers
|upkeep
|turn|2
|
|t:|1743907797
|move|p2a: Kleavor|Stone Axe|p1a: eel
|-damage|p1a: eel|0 fnt
|faint|p1a: eel
|
|upkeep
|
|t:|1743907810
|switch|p1a: sabre|Landorus-Therian, M, shiny|100/100
|-damage|p1a: sabre|88/100|[from] Stealth Rock
|-ability|p1a: sabre|Intimidate|boost
|-unboost|p2a: Kleavor|atk|1
|turn|3
|
|t:|1743907818
|move|p1a: sabre|Earthquake|p2a: Kleavor
|-damage|p2a: Kleavor|29/100
|move|p2a: Kleavor|Stone Axe|p1a: sabre|[miss]
|-miss|p2a: Kleavor|p1a: sabre
|
|upkeep
|turn|4
|
|t:|1743907824
|switch|p2a: Yanmega|Yanmega, M|100/100
|move|p1a: sabre|Earthquake|p2a: Yanmega
|-immune|p2a: Yanmega
|
|upkeep
|turn|5
|
|t:|1743907835
|-terastallize|p2a: Yanmega|Ground
|move|p2a: Yanmega|Air Slash|p1a: sabre
|-damage|p1a: sabre|17/100
|cant|p1a: sabre|flinch
|
|upkeep
|turn|6
|
|t:|1743907848
|move|p2a: Yanmega|Air Slash|p1a: sabre
|-damage|p1a: sabre|0 fnt
|faint|p1a: sabre
|
|upkeep
|
|t:|1743907852
|switch|p1a: booger|Muk, M, shiny|100/100
|-damage|p1a: booger|88/100|[from] Stealth Rock
|turn|7
|
|t:|1743907867
|switch|p2a: Scizor|Scizor, M|100/100
|move|p1a: booger|Ice Punch|p2a: Scizor
|-resisted|p2a: Scizor
|-damage|p2a: Scizor|87/100
|-damage|p1a: booger|72/100|[from] item: Rocky Helmet|[of] p2a: Scizor
|
|-heal|p1a: booger|78/100|[from] item: Leftovers
|upkeep
|turn|8
|
|t:|1743907877
|move|p2a: Scizor|Swords Dance|p2a: Scizor
|-boost|p2a: Scizor|atk|2
|move|p1a: booger|Curse|p1a: booger
|-unboost|p1a: booger|spe|1
|-boost|p1a: booger|atk|1
|-boost|p1a: booger|def|1
|
|-heal|p1a: booger|84/100|[from] item: Leftovers
|upkeep
|turn|9
|
|t:|1743907887
|move|p2a: Scizor|Swords Dance|p2a: Scizor
|-boost|p2a: Scizor|atk|2
|move|p1a: booger|Curse|p1a: booger
|-unboost|p1a: booger|spe|1
|-boost|p1a: booger|atk|1
|-boost|p1a: booger|def|1
|
|-heal|p1a: booger|90/100|[from] item: Leftovers
|upkeep
|turn|10
|
|t:|1743907897
|move|p2a: Scizor|Swords Dance|p2a: Scizor
|-boost|p2a: Scizor|atk|2
|move|p1a: booger|Drain Punch|p2a: Scizor
|-damage|p2a: Scizor|27/100
|-heal|p1a: booger|100/100|[from] drain|[of] p2a: Scizor
|-damage|p1a: booger|84/100|[from] item: Rocky Helmet|[of] p2a: Scizor
|
|-heal|p1a: booger|90/100|[from] item: Leftovers
|upkeep
|turn|11
|
|t:|1743907906
|move|p2a: Scizor|Bullet Punch|p1a: booger
|-damage|p1a: booger|23/100
|move|p1a: booger|Drain Punch|p2a: Scizor
|-damage|p2a: Scizor|0 fnt
|-heal|p1a: booger|32/100|[from] drain|[of] p2a: Scizor
|-damage|p1a: booger|16/100|[from] item: Rocky Helmet|[of] p2a: Scizor
|faint|p2a: Scizor
|
|-heal|p1a: booger|22/100|[from] item: Leftovers
|upkeep
|
|t:|1743907916
|switch|p2a: Yanmega|Yanmega, M, tera:Ground|100/100
|turn|12
|
|t:|1743907919
|move|p2a: Yanmega|Air Slash|p1a: booger
|-damage|p1a: booger|0 fnt
|faint|p1a: booger
|
|upkeep
|
|t:|1743907927
|switch|p1a: golden|Latias, F, shiny|100/100
|-damage|p1a: golden|88/100|[from] Stealth Rock
|turn|13
|
|t:|1743907931
|move|p2a: Yanmega|Air Slash|p1a: golden|[miss]
|-miss|p2a: Yanmega|p1a: golden
|move|p1a: golden|Agility|p1a: golden
|-boost|p1a: golden|spe|2
|
|upkeep
|turn|14
|
|t:|1743907937
|switch|p2a: Araquanid|Araquanid, F|100/100
|move|p1a: golden|Calm Mind|p1a: golden
|-boost|p1a: golden|spa|1
|-boost|p1a: golden|spd|1
|
|upkeep
|turn|15
|
|t:|1743907943
|move|p1a: golden|Calm Mind|p1a: golden
|-boost|p1a: golden|spa|1
|-boost|p1a: golden|spd|1
|move|p2a: Araquanid|Liquidation|p1a: golden
|-resisted|p1a: golden
|-damage|p1a: golden|67/100
|
|upkeep
|turn|16
|
|t:|1743907952
|move|p1a: golden|Calm Mind|p1a: golden
|-boost|p1a: golden|spa|1
|-boost|p1a: golden|spd|1
|move|p2a: Araquanid|Liquidation|p1a: golden
|-resisted|p1a: golden
|-damage|p1a: golden|49/100
|
|upkeep
|turn|17
|
|t:|1743907959
|move|p1a: golden|Stored Power|p2a: Araquanid
|-damage|p2a: Araquanid|0 fnt
|faint|p2a: Araquanid
|
|upkeep
|
|t:|1743907962
|switch|p2a: Lokix|Lokix, M|100/100
|turn|18
|
|t:|1743907969
|-terastallize|p1a: golden|Poison
|move|p2a: Lokix|First Impression|p1a: golden
|-resisted|p1a: golden
|-damage|p1a: golden|3/100
|-damage|p2a: Lokix|91/100|[from] item: Life Orb
|move|p1a: golden|Aura Sphere|p2a: Lokix
|-damage|p2a: Lokix|1/100
|
|upkeep
|turn|19
|
|t:|1743907978
|move|p1a: golden|Aura Sphere|p2a: Lokix
|-damage|p2a: Lokix|0 fnt
|faint|p2a: Lokix
|
|upkeep
|
|t:|1743907981
|switch|p2a: Ribombee|Ribombee, M|100/100
|turn|20
|
|t:|1743907985
|move|p1a: golden|Stored Power|p2a: Ribombee
|-enditem|p2a: Ribombee|Focus Sash
|-damage|p2a: Ribombee|1/100
|move|p2a: Ribombee|Moonblast|p1a: golden
|-resisted|p1a: golden
|-damage|p1a: golden|0 fnt
|faint|p1a: golden
|
|upkeep
|
|t:|1743907998
|switch|p1a: dew dan|Araquanid, M, shiny|100/100
|turn|21
|
|t:|1743908008
|move|p2a: Ribombee|Moonblast|p1a: dew dan
|-damage|p1a: dew dan|67/100
|move|p1a: dew dan|Liquidation|p2a: Ribombee
|-damage|p2a: Ribombee|0 fnt
|faint|p2a: Ribombee
|
|upkeep
|
|t:|1743908013
|switch|p2a: Yanmega|Yanmega, M, tera:Ground|100/100
|turn|22
|
|t:|1743908022
|move|p2a: Yanmega|Air Slash|p1a: dew dan
|-supereffective|p1a: dew dan
|-damage|p1a: dew dan|0 fnt
|faint|p1a: dew dan
|
|upkeep
|
|t:|1743908026
|switch|p1a: demon|Banette, F, shiny|100/100
|-damage|p1a: demon|88/100|[from] Stealth Rock
|turn|23
|
|t:|1743908031
|move|p2a: Yanmega|Air Slash|p1a: demon
|-damage|p1a: demon|4/100
|move|p1a: demon|Knock Off|p2a: Yanmega
|-damage|p2a: Yanmega|45/100
|-enditem|p2a: Yanmega|Choice Specs|[from] move: Knock Off|[of] p1a: demon
|-damage|p1a: demon|0 fnt|[from] item: Life Orb
|faint|p1a: demon
|
|win|KingGumbi
|raw|mossytreefrog's rating: 1131 &rarr; <strong>1109</strong><br />(-22 for losing)
|raw|KingGumbi's rating: 1175 &rarr; <strong>1197</strong><br />(+22 for winning)
|l|☆mossytreefrog
|player|p1|
|l|☆KingGumbi
|player|p2|
|j|☆KingGumbi
|player|p2|KingGumbi|bugcatcher-gen4dp|
|l|☆KingGumbi
|player|p2|
