|j|☆VANYR
|j|☆DBest04
|t:|1743866514
|gametype|singles
|player|p1|VANYR|grimsley|1540
|player|p2|DBest04|170|1564
|teamsize|p1|6
|teamsize|p2|6
|gen|9
|tier|[Gen 9] OU
|rated|
|rule|HP Percentage Mod: HP is shown in percentages
|rule|Endless Battle Clause: Forcing endless battles is banned
|rule|Species Clause: Limit one of each Pokémon
|rule|OHKO Clause: OHKO moves are banned
|rule|Evasion Items Clause: Evasion items are banned
|rule|Evasion Moves Clause: Evasion moves are banned
|rule|Sleep Moves Clause: Sleep-inducing moves are banned
|clearpoke
|poke|p1|Glimmora, M|
|poke|p1|Samurott-Hisui, M|
|poke|p1|Kleavor, M|
|poke|p1|Sinistcha-Masterpiece|
|poke|p1|Heatran, F|
|poke|p1|Conkeldurr, M|
|poke|p2|Cinderace, M|
|poke|p2|Kingambit, M|
|poke|p2|Ribombee, F|
|poke|p2|Gholdengo|
|poke|p2|Empoleon, M|
|poke|p2|Serperior, F|
|teampreview
|inactive|Battle timer is ON: inactive players will automatically lose when time's up. (requested by DBest04)
|inactive|VANYR also wants the timer to be on.
|
|t:|1743866522
|start
|switch|p1a: Kleavor|Kleavor, M|100/100
|switch|p2a: Lemillion|Gholdengo|100/100
|-item|p2a: Lemillion|Air Balloon
|turn|1
|
|t:|1743866525
|move|p1a: Kleavor|Stone Axe|p2a: Lemillion
|-resisted|p2a: Lemillion
|-damage|p2a: Lemillion|61/100
|-enditem|p2a: Lemillion|Air Balloon
|-sidestart|p2: DBest04|move: Stealth Rock
|move|p2a: Lemillion|Make It Rain|p1a: Kleavor
|-supereffective|p1a: Kleavor
|-damage|p1a: Kleavor|0 fnt
|-unboost|p2a: Lemillion|spa|1
|faint|p1a: Kleavor
|
|upkeep
|
|t:|1743866528
|switch|p1a: Samurott|Samurott-Hisui, M|100/100
|turn|2
|
|t:|1743866531
|switch|p2a: Leviathan|Serperior, F, shiny|100/100
|-damage|p2a: Leviathan|88/100|[from] Stealth Rock
|move|p1a: Samurott|Ceaseless Edge|p2a: Leviathan
|-damage|p2a: Leviathan|12/100
|-sidestart|p2: DBest04|Spikes
|
|upkeep
|turn|3
|
|t:|1743866533
|move|p1a: Samurott|Sucker Punch|p2a: Leviathan
|-damage|p2a: Leviathan|0 fnt
|faint|p2a: Leviathan
|
|upkeep
|
|t:|1743866539
|switch|p2a: Bumblebee|Ribombee, F, shiny|100/100
|-damage|p2a: Bumblebee|76/100|[from] Stealth Rock
|-damage|p2a: Bumblebee|63/100|[from] Spikes
|turn|4
|
|t:|1743866547
|switch|p1a: Heatran|Heatran, F|100/100
|move|p2a: Bumblebee|Sticky Web|p1a: Heatran
|-sidestart|p1: VANYR|move: Sticky Web
|
|upkeep
|turn|5
|
|t:|1743866555
|move|p2a: Bumblebee|U-turn|p1a: Heatran
|-resisted|p1a: Heatran
|-damage|p1a: Heatran|98/100
|
|t:|1743866557
|switch|p2a: Ace|Cinderace, M|100/100|[from] U-turn
|move|p1a: Heatran|Flash Cannon|p2a: Ace
|-resisted|p2a: Ace
|-damage|p2a: Ace|69/100
|
|upkeep
|turn|6
|
|t:|1743866564
|move|p2a: Ace|Court Change|p2a: Ace
|-swapsideconditions
|-activate|p2a: Ace|move: Court Change
|move|p1a: Heatran|Flash Cannon|p2a: Ace
|-resisted|p2a: Ace
|-damage|p2a: Ace|38/100
|
|upkeep
|turn|7
|
|t:|1743866572
|switch|p2a: Kingpen|Empoleon, M, shiny|100/100
|-activate|p2a: Kingpen|move: Sticky Web
|-unboost|p2a: Kingpen|spe|1
|-ability|p2a: Kingpen|Competitive|boost
|-boost|p2a: Kingpen|spa|2
|move|p1a: Heatran|Power Gem|p2a: Kingpen
|-resisted|p2a: Kingpen
|-damage|p2a: Kingpen|91/100
|
|upkeep
|turn|8
|
|t:|1743866582
|move|p1a: Heatran|Earth Power|p2a: Kingpen
|-supereffective|p2a: Kingpen
|-damage|p2a: Kingpen|53/100
|-unboost|p2a: Kingpen|spd|1
|-ability|p2a: Kingpen|Competitive|boost
|-boost|p2a: Kingpen|spa|2
|move|p2a: Kingpen|Surf|p1a: Heatran
|-supereffective|p1a: Heatran
|-damage|p1a: Heatran|0 fnt
|faint|p1a: Heatran
|
|upkeep
|
|t:|1743866586
|switch|p1a: Conkeldurr|Conkeldurr, M|100/100
|-damage|p1a: Conkeldurr|95/100|[from] Stealth Rock
|-damage|p1a: Conkeldurr|82/100|[from] Spikes
|turn|9
|inactive|DBest04 has 120 seconds left.
|inactive|DBest04 has 90 seconds left.
|
|t:|1743866649
|switch|p2a: Bumblebee|Ribombee, F, shiny|63/100
|-activate|p2a: Bumblebee|move: Sticky Web
|-unboost|p2a: Bumblebee|spe|1
|move|p1a: Conkeldurr|Thunder Punch|p2a: Bumblebee
|-damage|p2a: Bumblebee|3/100
|
|upkeep
|turn|10
|inactive|VANYR has 120 seconds left.
|
|t:|1743866694
|switch|p1a: Glimmora|Glimmora, M|100/100
|-damage|p1a: Glimmora|88/100|[from] Stealth Rock
|-damage|p1a: Glimmora|76/100|[from] Spikes
|move|p2a: Bumblebee|Moonblast|p1a: Glimmora
|-resisted|p1a: Glimmora
|-damage|p1a: Glimmora|65/100
|
|-heal|p1a: Glimmora|71/100|[from] item: Black Sludge
|upkeep
|turn|11
|
|t:|1743866701
|switch|p2a: A Man's World|Kingambit, M, shiny|100/100
|-activate|p2a: A Man's World|move: Sticky Web
|-unboost|p2a: A Man's World|spe|1
|-ability|p2a: A Man's World|Defiant|boost
|-boost|p2a: A Man's World|atk|2
|move|p1a: Glimmora|Earth Power|p2a: A Man's World
|-supereffective|p2a: A Man's World
|-damage|p2a: A Man's World|69/100
|-unboost|p2a: A Man's World|spd|1
|-ability|p2a: A Man's World|Defiant|boost
|-boost|p2a: A Man's World|atk|2
|
|-heal|p1a: Glimmora|77/100|[from] item: Black Sludge
|upkeep
|turn|12
|inactive|VANYR has 120 seconds left.
|
|t:|1743866712
|move|p2a: A Man's World|Sucker Punch|p1a: Glimmora
|-damage|p1a: Glimmora|0 fnt
|-activate|p1a: Glimmora|ability: Toxic Debris
|-sidestart|p2: DBest04|move: Toxic Spikes
|faint|p1a: Glimmora
|
|upkeep
|
|t:|1743866714
|switch|p1a: Conkeldurr|Conkeldurr, M|82/100
|-damage|p1a: Conkeldurr|76/100|[from] Stealth Rock
|-damage|p1a: Conkeldurr|64/100|[from] Spikes
|turn|13
|inactive|DBest04 has 90 seconds left.
|inactive|DBest04 has 60 seconds left.
|
|t:|1743866772
|switch|p2a: Bumblebee|Ribombee, F, shiny|3/100
|-activate|p2a: Bumblebee|move: Sticky Web
|-unboost|p2a: Bumblebee|spe|1
|-status|p2a: Bumblebee|psn
|move|p1a: Conkeldurr|Drain Punch|p2a: Bumblebee
|-resisted|p2a: Bumblebee
|-damage|p2a: Bumblebee|0 fnt
|-heal|p1a: Conkeldurr|65/100|[from] drain|[of] p2a: Bumblebee
|faint|p2a: Bumblebee
|
|upkeep
|inactive|DBest04 has 60 seconds left.
|
|t:|1743866781
|switch|p2a: Lemillion|Gholdengo|61/100
|-activate|p2a: Lemillion|move: Sticky Web
|-unboost|p2a: Lemillion|spe|1
|turn|14
|
|t:|1743866798
|move|p2a: Lemillion|Make It Rain|p1a: Conkeldurr
|-damage|p1a: Conkeldurr|0 fnt
|-unboost|p2a: Lemillion|spa|1
|faint|p1a: Conkeldurr
|
|upkeep
|
|t:|1743866801
|switch|p1a: Samurott|Samurott-Hisui, M|100/100
|-damage|p1a: Samurott|88/100|[from] Stealth Rock
|-damage|p1a: Samurott|75/100|[from] Spikes
|turn|15
|
|t:|1743866805
|switch|p2a: Ace|Cinderace, M|38/100
|move|p1a: Samurott|Ceaseless Edge|p2a: Ace
|-damage|p2a: Ace|0 fnt
|-sidestart|p2: DBest04|Spikes
|faint|p2a: Ace
|
|upkeep
|inactive|DBest04 has 60 seconds left.
|
|t:|1743866836
|switch|p2a: Kingpen|Empoleon, M, shiny|53/100
|-activate|p2a: Kingpen|move: Sticky Web
|-unboost|p2a: Kingpen|spe|1
|-ability|p2a: Kingpen|Competitive|boost
|-boost|p2a: Kingpen|spa|2
|-damage|p2a: Kingpen|41/100|[from] Spikes
|turn|16
|
|t:|1743866844
|move|p2a: Kingpen|Vacuum Wave|p1a: Samurott
|-supereffective|p1a: Samurott
|-damage|p1a: Samurott|2/100
|move|p1a: Samurott|Ceaseless Edge|p2a: Kingpen|[miss]
|-miss|p1a: Samurott|p2a: Kingpen
|
|upkeep
|turn|17
|
|t:|1743866848
|move|p1a: Samurott|Sucker Punch|p2a: Kingpen
|-damage|p2a: Kingpen|0 fnt
|faint|p2a: Kingpen
|
|upkeep
|inactive|DBest04 has 60 seconds left.
|
|t:|1743866879
|switch|p2a: A Man's World|Kingambit, M, shiny|69/100
|-activate|p2a: A Man's World|move: Sticky Web
|-unboost|p2a: A Man's World|spe|1
|-ability|p2a: A Man's World|Defiant|boost
|-boost|p2a: A Man's World|atk|2
|-damage|p2a: A Man's World|56/100|[from] Spikes
|turn|18
|
|t:|1743866884
|move|p1a: Samurott|Sucker Punch|p2a: A Man's World
|-resisted|p2a: A Man's World
|-damage|p2a: A Man's World|38/100
|move|p2a: A Man's World|Sucker Punch||[still]
|-fail|p2a: A Man's World
|
|upkeep
|turn|19
|
|t:|1743866889
|-terastallize|p1a: Samurott|Water
|move|p2a: A Man's World|Sucker Punch|p1a: Samurott
|-damage|p1a: Samurott|0 fnt
|faint|p1a: Samurott
|
|upkeep
|-message|VANYR forfeited.
|
|win|DBest04
|raw|VANYR's rating: 1540 &rarr; <strong>1521</strong><br />(-19 for losing)
|raw|DBest04's rating: 1564 &rarr; <strong>1583</strong><br />(+19 for winning)
|l|☆VANYR
|player|p1|
|l|☆DBest04
|player|p2|
