|j|☆ZarrHaka
|j|☆Xnl
|t:|1743804385
|gametype|singles
|player|p1|ZarrHaka|170|1093
|player|p2|Xnl|depotagent|1133
|teamsize|p1|6
|teamsize|p2|6
|gen|9
|tier|[Gen 9] OU
|rated|
|rule|HP Percentage Mod: HP is shown in percentages
|rule|Endless Battle Clause: Forcing endless battles is banned
|rule|Species Clause: Limit one of each Pokémon
|rule|OHKO Clause: OHKO moves are banned
|rule|Evasion Items Clause: Evasion items are banned
|rule|Evasion Moves Clause: Evasion moves are banned
|rule|Sleep Moves Clause: Sleep-inducing moves are banned
|clearpoke
|poke|p1|Persian-Alola, F|
|poke|p1|Espeon, F|
|poke|p1|Lycanroc-Midnight, F|
|poke|p1|Cramorant, F|
|poke|p1|Dudunsparce-*, M|
|poke|p1|Regidrago|
|poke|p2|Serperior, F|
|poke|p2|Jirachi|
|poke|p2|Clefable, F|
|poke|p2|Iron Hands|
|poke|p2|Dragonite, M|
|poke|p2|Talonflame, M|
|teampreview
|
|t:|1743804396
|start
|switch|p1a: Dudunsparce|Dudunsparce-Three-Segment, M|100/100
|switch|p2a: Serperior|Serperior, F|100/100
|turn|1
|
|t:|1743804402
|move|p2a: Serperior|Glare|p1a: Dudunsparce
|-status|p1a: Dudunsparce|par
|move|p1a: Dudunsparce|Glare|p2a: Serperior
|-status|p2a: Serperior|par
|
|upkeep
|turn|2
|
|t:|1743804411
|move|p2a: Serperior|Leaf Storm|p1a: Dudunsparce
|-damage|p1a: Dudunsparce|69/100 par
|-boost|p2a: Serperior|spa|2
|move|p1a: Dudunsparce|Dragon Tail|p2a: Serperior
|-damage|p2a: Serperior|81/100 par
|drag|p2a: Iron Hands|Iron Hands|100/100
|
|-heal|p1a: Dudunsparce|75/100 par|[from] item: Leftovers
|upkeep
|turn|3
|
|t:|1743804419
|move|p2a: Iron Hands|Swords Dance|p2a: Iron Hands
|-boost|p2a: Iron Hands|atk|2
|move|p1a: Dudunsparce|Body Slam|p2a: Iron Hands
|-damage|p2a: Iron Hands|74/100
|
|-heal|p1a: Dudunsparce|81/100 par|[from] item: Leftovers
|upkeep
|turn|4
|
|t:|1743804422
|move|p2a: Iron Hands|Drain Punch|p1a: Dudunsparce
|-supereffective|p1a: Dudunsparce
|-damage|p1a: Dudunsparce|0 fnt
|-heal|p2a: Iron Hands|100/100|[from] drain|[of] p1a: Dudunsparce
|faint|p1a: Dudunsparce
|
|upkeep
|
|t:|1743804428
|switch|p1a: Regidrago|Regidrago|100/100
|turn|5
|
|t:|1743804430
|move|p1a: Regidrago|Dragon Energy|p2a: Iron Hands
|-damage|p2a: Iron Hands|1/100
|move|p2a: Iron Hands|Ice Punch|p1a: Regidrago
|-supereffective|p1a: Regidrago
|-damage|p1a: Regidrago|0 fnt
|faint|p1a: Regidrago
|
|upkeep
|
|t:|1743804441
|switch|p1a: Espeon|Espeon, F|100/100
|turn|6
|
|t:|1743804450
|move|p1a: Espeon|Alluring Voice|p2a: Iron Hands
|-supereffective|p2a: Iron Hands
|-damage|p2a: Iron Hands|0 fnt
|faint|p2a: Iron Hands
|-end|p2a: Iron Hands|Quark Drive|[silent]
|
|upkeep
|
|t:|1743804452
|switch|p2a: Jirachi|Jirachi|100/100
|turn|7
|
|t:|1743804456
|switch|p1a: Persian|Persian-Alola, F|100/100
|move|p2a: Jirachi|Body Slam|p1a: Persian
|-damage|p1a: Persian|89/100
|-status|p1a: Persian|par
|-damage|p2a: Jirachi|84/100|[from] item: Rocky Helmet|[of] p1a: Persian
|
|-heal|p2a: Jirachi|90/100|[from] item: Leftovers
|upkeep
|turn|8
|
|t:|1743804464
|switch|p2a: Talonflame|Talonflame, M|100/100
|move|p1a: Persian|Foul Play|p2a: Talonflame
|-damage|p2a: Talonflame|79/100
|
|upkeep
|turn|9
|
|t:|1743804469
|move|p2a: Talonflame|U-turn|p1a: Persian
|-supereffective|p1a: Persian
|-damage|p1a: Persian|74/100 par
|-damage|p2a: Talonflame|62/100|[from] item: Rocky Helmet|[of] p1a: Persian
|
|t:|1743804472
|switch|p2a: Clefable|Clefable, F|100/100|[from] U-turn
|move|p1a: Persian|Thunder|p2a: Clefable
|-crit|p2a: Clefable
|-damage|p2a: Clefable|63/100
|
|-heal|p2a: Clefable|70/100|[from] item: Leftovers
|upkeep
|turn|10
|
|t:|1743804485
|move|p2a: Clefable|Protect|p2a: Clefable
|-singleturn|p2a: Clefable|Protect
|cant|p1a: Persian|par
|
|-heal|p2a: Clefable|76/100|[from] item: Leftovers
|upkeep
|turn|11
|
|t:|1743804488
|move|p2a: Clefable|Moonblast|p1a: Persian
|-supereffective|p1a: Persian
|-damage|p1a: Persian|0 fnt
|faint|p1a: Persian
|
|-heal|p2a: Clefable|82/100|[from] item: Leftovers
|upkeep
|
|t:|1743804498
|switch|p1a: Cramorant|Cramorant, F|100/100
|turn|12
|
|t:|1743804501
|move|p1a: Cramorant|Surf|p2a: Clefable
|-formechange|p1a: Cramorant|Cramorant-Gulping|
|-damage|p2a: Clefable|50/100
|move|p2a: Clefable|Thunder Wave|p1a: Cramorant
|-status|p1a: Cramorant|par
|
|-heal|p2a: Clefable|56/100|[from] item: Leftovers
|upkeep
|turn|13
|
|t:|1743804507
|move|p2a: Clefable|Protect|p2a: Clefable
|-singleturn|p2a: Clefable|Protect
|move|p1a: Cramorant|Surf|p2a: Clefable
|-activate|p2a: Clefable|move: Protect
|
|-heal|p2a: Clefable|63/100|[from] item: Leftovers
|upkeep
|turn|14
|
|t:|1743804509
|move|p2a: Clefable|Calm Mind|p2a: Clefable
|-boost|p2a: Clefable|spa|1
|-boost|p2a: Clefable|spd|1
|move|p1a: Cramorant|Surf|p2a: Clefable
|-damage|p2a: Clefable|40/100
|
|-heal|p2a: Clefable|47/100|[from] item: Leftovers
|upkeep
|turn|15
|
|t:|1743804518
|move|p2a: Clefable|Protect|p2a: Clefable
|-singleturn|p2a: Clefable|Protect
|cant|p1a: Cramorant|par
|
|-heal|p2a: Clefable|53/100|[from] item: Leftovers
|upkeep
|turn|16
|
|t:|1743804521
|move|p2a: Clefable|Calm Mind|p2a: Clefable
|-boost|p2a: Clefable|spa|1
|-boost|p2a: Clefable|spd|1
|move|p1a: Cramorant|Surf|p2a: Clefable
|-damage|p2a: Clefable|38/100
|
|-heal|p2a: Clefable|44/100|[from] item: Leftovers
|upkeep
|turn|17
|
|t:|1743804525
|move|p2a: Clefable|Protect|p2a: Clefable
|-singleturn|p2a: Clefable|Protect
|move|p1a: Cramorant|Defog|p2a: Clefable
|-activate|p2a: Clefable|move: Protect
|
|-heal|p2a: Clefable|50/100|[from] item: Leftovers
|upkeep
|turn|18
|
|t:|1743804527
|move|p2a: Clefable|Calm Mind|p2a: Clefable
|-boost|p2a: Clefable|spa|1
|-boost|p2a: Clefable|spd|1
|cant|p1a: Cramorant|par
|
|-heal|p2a: Clefable|56/100|[from] item: Leftovers
|upkeep
|turn|19
|
|t:|1743804531
|move|p2a: Clefable|Protect|p2a: Clefable
|-singleturn|p2a: Clefable|Protect
|move|p1a: Cramorant|Surf|p2a: Clefable
|-activate|p2a: Clefable|move: Protect
|
|-heal|p2a: Clefable|62/100|[from] item: Leftovers
|upkeep
|turn|20
|
|t:|1743804535
|move|p2a: Clefable|Calm Mind|p2a: Clefable
|-boost|p2a: Clefable|spa|1
|-boost|p2a: Clefable|spd|1
|cant|p1a: Cramorant|par
|
|-heal|p2a: Clefable|69/100|[from] item: Leftovers
|upkeep
|turn|21
|
|t:|1743804538
|switch|p1a: Espeon|Espeon, F|100/100
|move|p2a: Clefable|Protect||[still]
|-fail|p2a: Clefable
|
|-heal|p2a: Clefable|75/100|[from] item: Leftovers
|upkeep
|turn|22
|
|t:|1743804543
|move|p1a: Espeon|Trick|p2a: Clefable
|-activate|p1a: Espeon|move: Trick|[of] p2a: Clefable
|-item|p2a: Clefable|Choice Specs|[from] move: Trick
|-item|p1a: Espeon|Leftovers|[from] move: Trick
|move|p2a: Clefable|Moonblast|p1a: Espeon
|-damage|p1a: Espeon|0 fnt
|faint|p1a: Espeon
|
|upkeep
|
|t:|1743804548
|switch|p1a: Lycanroc|Lycanroc-Midnight, F, shiny|100/100
|turn|23
|
|t:|1743804553
|move|p1a: Lycanroc|Stone Edge|p2a: Clefable
|-crit|p2a: Clefable
|-damage|p2a: Clefable|20/100
|move|p2a: Clefable|Moonblast|p1a: Lycanroc
|-damage|p1a: Lycanroc|0 fnt
|faint|p1a: Lycanroc
|
|upkeep
|
|t:|1743804558
|switch|p1a: Cramorant|Cramorant, F|100/100 par
|turn|24
|
|t:|1743804560
|move|p2a: Clefable|Moonblast|p1a: Cramorant
|-damage|p1a: Cramorant|0 fnt
|faint|p1a: Cramorant
|
|win|Xnl
|raw|ZarrHaka's rating: 1093 &rarr; <strong>1072</strong><br />(-21 for losing)
|raw|Xnl's rating: 1133 &rarr; <strong>1155</strong><br />(+22 for winning)
|l|☆ZarrHaka
|player|p1|
|l|☆Xnl
|player|p2|
