|j|☆Mawile438
|j|☆okfernankk
|t:|1743779499
|gametype|singles
|player|p1|Mawile438|101|1533
|player|p2|okfernankk|266|1592
|teamsize|p1|6
|teamsize|p2|6
|gen|9
|tier|[Gen 9] OU
|rated|
|rule|HP Percentage Mod: HP is shown in percentages
|rule|Endless Battle Clause: Forcing endless battles is banned
|rule|Species Clause: Limit one of each Pokémon
|rule|OHKO Clause: OHKO moves are banned
|rule|Evasion Items Clause: Evasion items are banned
|rule|Evasion Moves Clause: Evasion moves are banned
|rule|Sleep Moves Clause: Sleep-inducing moves are banned
|clearpoke
|poke|p1|Tyranitar, F|
|poke|p1|Excadrill, F|
|poke|p1|Mandibuzz, F|
|poke|p1|Glimmora, F|
|poke|p1|Arcanine-Hisui, F|
|poke|p1|Primarina, F|
|poke|p2|Hydrapple, M|
|poke|p2|Skarmory, F|
|poke|p2|Tyranitar, M|
|poke|p2|Alomomola, F|
|poke|p2|Clodsire, F|
|poke|p2|Clefable, M|
|teampreview
|inactive|Battle timer is ON: inactive players will automatically lose when time's up. (requested by Mawile438)
|
|t:|1743779524
|start
|switch|p1a: Glimmora|Glimmora, F, shiny|100/100
|switch|p2a: Clodsire|Clodsire, F|100/100
|turn|1
|inactive|Mawile438 has 120 seconds left.
|
|t:|1743779561
|switch|p1a: Excadrill|Excadrill, F, shiny|100/100
|move|p2a: Clodsire|Earthquake|p1a: Excadrill
|-supereffective|p1a: Excadrill
|-damage|p1a: Excadrill|7/100
|
|upkeep
|turn|2
|
|t:|1743779570
|switch|p1a: Tyranitar|Tyranitar, F, shiny|100/100
|-weather|Sandstorm|[from] ability: Sand Stream|[of] p1a: Tyranitar
|switch|p2a: Skarmory|Skarmory, F|100/100
|
|-weather|Sandstorm|[upkeep]
|upkeep
|turn|3
|
|t:|1743779576
|switch|p1a: Glimmora|Glimmora, F, shiny|100/100
|move|p2a: Skarmory|Spikes|p1a: Glimmora
|-sidestart|p1: Mawile438|Spikes
|
|-weather|Sandstorm|[upkeep]
|upkeep
|turn|4
|
|t:|1743779586
|switch|p2a: Clodsire|Clodsire, F|100/100
|move|p1a: Glimmora|Meteor Beam||[still]
|-prepare|p1a: Glimmora|Meteor Beam
|-boost|p1a: Glimmora|spa|1
|-enditem|p1a: Glimmora|Power Herb
|-anim|p1a: Glimmora|Meteor Beam|p2a: Clodsire
|-resisted|p2a: Clodsire
|-crit|p2a: Clodsire
|-damage|p2a: Clodsire|67/100
|
|-weather|Sandstorm|[upkeep]
|upkeep
|turn|5
|
|t:|1743779591
|-terastallize|p1a: Glimmora|Grass
|move|p1a: Glimmora|Energy Ball|p2a: Clodsire
|-damage|p2a: Clodsire|37/100
|move|p2a: Clodsire|Recover|p2a: Clodsire
|-heal|p2a: Clodsire|87/100
|
|-weather|Sandstorm|[upkeep]
|-damage|p1a: Glimmora|94/100|[from] Sandstorm
|upkeep
|turn|6
|
|t:|1743779596
|move|p1a: Glimmora|Energy Ball|p2a: Clodsire
|-damage|p2a: Clodsire|54/100
|move|p2a: Clodsire|Toxic|p1a: Glimmora
|-status|p1a: Glimmora|tox
|
|-weather|none
|-damage|p1a: Glimmora|88/100 tox|[from] psn
|upkeep
|turn|7
|
|t:|1743779599
|move|p1a: Glimmora|Energy Ball|p2a: Clodsire
|-damage|p2a: Clodsire|23/100
|move|p2a: Clodsire|Recover|p2a: Clodsire
|-heal|p2a: Clodsire|73/100
|
|-damage|p1a: Glimmora|76/100 tox|[from] psn
|upkeep
|turn|8
|
|t:|1743779601
|move|p1a: Glimmora|Energy Ball|p2a: Clodsire
|-damage|p2a: Clodsire|42/100
|move|p2a: Clodsire|Recover|p2a: Clodsire
|-heal|p2a: Clodsire|92/100
|
|-damage|p1a: Glimmora|57/100 tox|[from] psn
|upkeep
|turn|9
|
|t:|1743779605
|switch|p2a: Hydrapple|Hydrapple, M|100/100
|move|p1a: Glimmora|Energy Ball|p2a: Hydrapple
|-resisted|p2a: Hydrapple
|-damage|p2a: Hydrapple|82/100
|
|-damage|p1a: Glimmora|32/100 tox|[from] psn
|upkeep
|turn|10
|
|t:|1743779607
|switch|p2a: Clodsire|Clodsire, F|92/100
|move|p1a: Glimmora|Sludge Wave|p2a: Clodsire
|-resisted|p2a: Clodsire
|-damage|p2a: Clodsire|84/100
|
|-damage|p1a: Glimmora|1/100 tox|[from] psn
|upkeep
|turn|11
|
|t:|1743779610
|move|p1a: Glimmora|Energy Ball|p2a: Clodsire
|-damage|p2a: Clodsire|52/100
|move|p2a: Clodsire|Recover|p2a: Clodsire
|-heal|p2a: Clodsire|100/100
|
|-damage|p1a: Glimmora|0 fnt|[from] psn
|faint|p1a: Glimmora
|upkeep
|
|t:|1743779616
|switch|p1a: Mandibuzz|Mandibuzz, F, shiny|100/100
|turn|12
|
|t:|1743779621
|move|p1a: Mandibuzz|Defog|p2a: Clodsire
|-unboost|p2a: Clodsire|evasion|1
|-sideend|p1: Mawile438|Spikes|[from] move: Defog|[of] p1a: Mandibuzz
|move|p2a: Clodsire|Toxic|p1a: Mandibuzz
|-status|p1a: Mandibuzz|tox
|
|-damage|p1a: Mandibuzz|94/100 tox|[from] psn
|upkeep
|turn|13
|-message|Mawile438 forfeited.
|
|win|okfernankk
|raw|Mawile438's rating: 1533 &rarr; <strong>1516</strong><br />(-17 for losing)
|raw|okfernankk's rating: 1592 &rarr; <strong>1609</strong><br />(+17 for winning)
|l|☆Mawile438
|player|p1|
|l|☆okfernankk
|player|p2|
