|j|☆menghuantianqi
|j|☆iiZyd
|t:|1743935818
|gametype|singles
|player|p1|menghuantianqi|bellelba|1107
|player|p2|iiZyd|265|1126
|teamsize|p1|6
|teamsize|p2|6
|gen|9
|tier|[Gen 9] OU
|rated|
|rule|HP Percentage Mod: HP is shown in percentages
|rule|Endless Battle Clause: Forcing endless battles is banned
|rule|Species Clause: Limit one of each Pokémon
|rule|OHKO Clause: OHKO moves are banned
|rule|Evasion Items Clause: Evasion items are banned
|rule|Evasion Moves Clause: Evasion moves are banned
|rule|Sleep Moves Clause: Sleep-inducing moves are banned
|clearpoke
|poke|p1|Landorus-Therian, M|
|poke|p1|Kingambit, M|
|poke|p1|Dragonite, F|
|poke|p1|Gliscor, F|
|poke|p1|Gholdengo|
|poke|p1|Great Tusk|
|poke|p2|Abomasnow, F|
|poke|p2|Aipom, M|
|poke|p2|Alcremie, F|
|poke|p2|Alomomola, M|
|poke|p2|Altaria, M|
|poke|p2|Ambipom, M|
|teampreview
|inactive|Battle timer is ON: inactive players will automatically lose when time's up. (requested by iiZyd)
|
|t:|1743935830
|start
|switch|p1a: Dragonite|Dragonite, F|100/100
|switch|p2a: Aipom|Aipom, M|100/100
|turn|1
|
|t:|1743935839
|move|p2a: Aipom|Thunder Wave|p1a: Dragonite
|-status|p1a: Dragonite|par
|move|p1a: Dragonite|Dragon Dance|p1a: Dragonite
|-boost|p1a: Dragonite|atk|1
|-boost|p1a: Dragonite|spe|1
|
|upkeep
|turn|2
|
|t:|1743935847
|move|p2a: Aipom|Knock Off|p1a: Dragonite
|-damage|p1a: Dragonite|91/100 par
|-enditem|p1a: Dragonite|Heavy-Duty Boots|[from] move: Knock Off|[of] p2a: Aipom
|move|p1a: Dragonite|Dragon Dance|p1a: Dragonite
|-boost|p1a: Dragonite|atk|1
|-boost|p1a: Dragonite|spe|1
|
|upkeep
|turn|3
|inactive|iiZyd has 120 seconds left.
|
|t:|1743935893
|move|p2a: Aipom|Endeavor|p1a: Dragonite
|-damage|p1a: Dragonite|66/100 par
|move|p1a: Dragonite|Dragon Dance|p1a: Dragonite
|-boost|p1a: Dragonite|atk|1
|-boost|p1a: Dragonite|spe|1
|
|upkeep
|turn|4
|
|t:|1743935910
|switch|p2a: Abomasnow|Abomasnow, F, shiny|100/100
|-weather|Snowscape|[from] ability: Snow Warning|[of] p2a: Abomasnow
|cant|p1a: Dragonite|par
|
|-weather|Snowscape|[upkeep]
|upkeep
|turn|5
|
|t:|1743935918
|-terastallize|p1a: Dragonite|Normal
|move|p1a: Dragonite|Facade|p2a: Abomasnow
|-damage|p2a: Abomasnow|0 fnt
|faint|p2a: Abomasnow
|
|-weather|Snowscape|[upkeep]
|upkeep
|
|t:|1743935923
|switch|p2a: Aipom|Aipom, M|100/100
|turn|6
|
|t:|1743935930
|move|p2a: Aipom|Knock Off|p1a: Dragonite
|-damage|p1a: Dragonite|53/100 par
|move|p1a: Dragonite|Facade|p2a: Aipom
|-enditem|p2a: Aipom|Focus Sash
|-damage|p2a: Aipom|1/100
|
|-weather|Snowscape|[upkeep]
|upkeep
|turn|7
|
|t:|1743935939
|move|p1a: Dragonite|Extreme Speed|p2a: Aipom
|-damage|p2a: Aipom|0 fnt
|faint|p2a: Aipom
|
|-weather|Snowscape|[upkeep]
|upkeep
|
|t:|1743935948
|switch|p2a: Alcremie|Alcremie, F, shiny|100/100
|turn|8
|
|t:|1743935961
|-terastallize|p2a: Alcremie|Steel
|move|p1a: Dragonite|Facade|p2a: Alcremie
|-resisted|p2a: Alcremie
|-damage|p2a: Alcremie|8/100
|move|p2a: Alcremie|Psyshock|p1a: Dragonite
|-crit|p1a: Dragonite
|-damage|p1a: Dragonite|25/100 par
|
|-weather|none
|-heal|p2a: Alcremie|14/100|[from] item: Leftovers
|upkeep
|turn|9
|
|t:|1743935972
|move|p1a: Dragonite|Extreme Speed|p2a: Alcremie
|-resisted|p2a: Alcremie
|-damage|p2a: Alcremie|0 fnt
|faint|p2a: Alcremie
|
|upkeep
|
|t:|1743935976
|switch|p2a: Alomomola|Alomomola, M|100/100
|turn|10
|
|t:|1743935980
|cant|p1a: Dragonite|par
|move|p2a: Alomomola|Scald|p1a: Dragonite
|-damage|p1a: Dragonite|12/100 par
|
|upkeep
|turn|11
|
|t:|1743935986
|move|p1a: Dragonite|Facade|p2a: Alomomola
|-damage|p2a: Alomomola|0 fnt
|faint|p2a: Alomomola
|
|upkeep
|
|t:|1743935990
|switch|p2a: Ambipom|Ambipom, M|100/100
|turn|12
|
|t:|1743935993
|move|p2a: Ambipom|Fake Out|p1a: Dragonite
|-damage|p1a: Dragonite|0 fnt
|faint|p1a: Dragonite
|-damage|p2a: Ambipom|91/100|[from] item: Life Orb
|
|upkeep
|
|t:|1743936002
|switch|p1a: Landorus|Landorus-Therian, M|100/100
|-ability|p1a: Landorus|Intimidate|boost
|-unboost|p2a: Ambipom|atk|1
|turn|13
|
|t:|1743936006
|move|p2a: Ambipom|Last Resort|p1a: Landorus
|-damage|p1a: Landorus|65/100
|-damage|p2a: Ambipom|74/100|[from] item: Rocky Helmet|[of] p1a: Landorus
|-damage|p2a: Ambipom|64/100|[from] item: Life Orb
|move|p1a: Landorus|Earthquake|p2a: Ambipom
|-damage|p2a: Ambipom|0 fnt
|faint|p2a: Ambipom
|
|upkeep
|
|t:|1743936009
|switch|p2a: Altaria|Altaria, M|100/100
|turn|14
|
|t:|1743936019
|move|p2a: Altaria|Dragon Dance|p2a: Altaria
|-boost|p2a: Altaria|atk|1
|-boost|p2a: Altaria|spe|1
|move|p1a: Landorus|U-turn|p2a: Altaria
|-resisted|p2a: Altaria
|-damage|p2a: Altaria|87/100
|
|t:|1743936032
|switch|p1a: Great Tusk|Great Tusk|100/100|[from] U-turn
|
|upkeep
|turn|15
|
|t:|1743936037
|move|p2a: Altaria|Brave Bird|p1a: Great Tusk
|-supereffective|p1a: Great Tusk
|-damage|p1a: Great Tusk|10/100
|-damage|p2a: Altaria|70/100|[from] item: Rocky Helmet|[of] p1a: Great Tusk
|-damage|p2a: Altaria|32/100|[from] Recoil
|move|p1a: Great Tusk|Ice Spinner|p2a: Altaria
|-supereffective|p2a: Altaria
|-damage|p2a: Altaria|0 fnt
|faint|p2a: Altaria
|
|win|menghuantianqi
|raw|menghuantianqi's rating: 1107 &rarr; <strong>1133</strong><br />(+26 for winning)
|raw|iiZyd's rating: 1126 &rarr; <strong>1100</strong><br />(-26 for losing)
|l|☆iiZyd
|player|p2|
|l|☆menghuantianqi
|player|p1|
