|j|☆Sheel_Valia
|j|☆Migstaper
|t:|1743857753
|gametype|singles
|player|p1|Sheel_Valia|265|1530
|player|p2|Migstaper|ltsurge|1554
|teamsize|p1|6
|teamsize|p2|6
|gen|9
|tier|[Gen 9] OU
|rated|
|rule|HP Percentage Mod: HP is shown in percentages
|rule|Endless Battle Clause: Forcing endless battles is banned
|rule|Species Clause: Limit one of each Pokémon
|rule|OHKO Clause: OHKO moves are banned
|rule|Evasion Items Clause: Evasion items are banned
|rule|Evasion Moves Clause: Evasion moves are banned
|rule|Sleep Moves Clause: Sleep-inducing moves are banned
|clearpoke
|poke|p1|Rotom-Wash|
|poke|p1|Toxapex, M|
|poke|p1|Ting-Lu|
|poke|p1|Dragapult, F|
|poke|p1|Kingambit, M|
|poke|p1|Hatterene, F|
|poke|p2|Dragonite, M|
|poke|p2|Iron Valiant|
|poke|p2|Kingambit, M|
|poke|p2|Dragapult, M|
|poke|p2|Heatran, M|
|poke|p2|Great Tusk|
|teampreview
|inactive|Battle timer is ON: inactive players will automatically lose when time's up. (requested by Sheel_Valia)
|
|t:|1743857763
|start
|switch|p1a: Rotom|Rotom-Wash, shiny|100/100
|switch|p2a: fAegon|Dragonite, M|100/100
|turn|1
|
|t:|1743857773
|move|p1a: Rotom|Trick|p2a: fAegon
|-activate|p1a: Rotom|move: Trick|[of] p2a: fAegon
|-item|p2a: fAegon|Choice Scarf|[from] move: Trick
|-item|p1a: Rotom|Lum Berry|[from] move: Trick
|move|p2a: fAegon|Dragon Dance|p2a: fAegon
|-boost|p2a: fAegon|atk|1
|-boost|p2a: fAegon|spe|1
|
|upkeep
|turn|2
|
|t:|1743857784
|switch|p2a: Benjamin Tribe|Heatran, M, shiny|100/100
|move|p1a: Rotom|Volt Switch|p2a: Benjamin Tribe
|-damage|p2a: Benjamin Tribe|72/100
|
|t:|1743857789
|switch|p1a: Ting-Lu|Ting-Lu|100/100|[from] Volt Switch
|-ability|p1a: Ting-Lu|Vessel of Ruin
|
|-heal|p2a: Benjamin Tribe|78/100|[from] item: Leftovers
|upkeep
|turn|3
|
|t:|1743857809
|switch|p2a: Noah Job Daniel|Iron Valiant, shiny|100/100
|-enditem|p2a: Noah Job Daniel|Booster Energy
|-activate|p2a: Noah Job Daniel|ability: Quark Drive|[fromitem]
|-start|p2a: Noah Job Daniel|quarkdrivespe
|move|p1a: Ting-Lu|Stealth Rock|p2a: Noah Job Daniel
|-sidestart|p2: Migstaper|move: Stealth Rock
|
|upkeep
|turn|4
|
|t:|1743857818
|switch|p1a: Toxapex|Toxapex, M, shiny|100/100
|move|p2a: Noah Job Daniel|Calm Mind|p2a: Noah Job Daniel
|-boost|p2a: Noah Job Daniel|spa|1
|-boost|p2a: Noah Job Daniel|spd|1
|
|upkeep
|turn|5
|
|t:|1743857830
|-terastallize|p2a: Noah Job Daniel|Electric
|move|p2a: Noah Job Daniel|Thunderbolt|p1a: Toxapex
|-supereffective|p1a: Toxapex
|-damage|p1a: Toxapex|0 fnt
|faint|p1a: Toxapex
|
|upkeep
|
|t:|1743857835
|switch|p1a: Ting-Lu|Ting-Lu|100/100
|-ability|p1a: Ting-Lu|Vessel of Ruin
|turn|6
|
|t:|1743857840
|move|p2a: Noah Job Daniel|Moonblast|p1a: Ting-Lu
|-supereffective|p1a: Ting-Lu
|-damage|p1a: Ting-Lu|12/100
|move|p1a: Ting-Lu|Earthquake|p2a: Noah Job Daniel
|-supereffective|p2a: Noah Job Daniel
|-damage|p2a: Noah Job Daniel|0 fnt
|faint|p2a: Noah Job Daniel
|-end|p2a: Noah Job Daniel|Quark Drive|[silent]
|
|-heal|p1a: Ting-Lu|18/100|[from] item: Leftovers
|upkeep
|
|t:|1743857868
|switch|p2a: ROMANS 10:9|Great Tusk, shiny|100/100
|-damage|p2a: ROMANS 10:9|98/100|[from] Stealth Rock
|-enditem|p2a: ROMANS 10:9|Booster Energy
|-activate|p2a: ROMANS 10:9|ability: Protosynthesis|[fromitem]
|-start|p2a: ROMANS 10:9|protosynthesisatk
|turn|7
|
|t:|1743857878
|move|p2a: ROMANS 10:9|Ice Spinner|p1a: Ting-Lu
|-supereffective|p1a: Ting-Lu
|-crit|p1a: Ting-Lu
|-damage|p1a: Ting-Lu|0 fnt
|faint|p1a: Ting-Lu
|
|upkeep
|
|t:|1743857881
|switch|p1a: Rotom|Rotom-Wash, shiny|100/100
|turn|8
|
|t:|1743857888
|-end|p2a: ROMANS 10:9|Protosynthesis|[silent]
|switch|p2a: Benjamin Tribe|Heatran, M, shiny|78/100
|-damage|p2a: Benjamin Tribe|66/100|[from] Stealth Rock
|move|p1a: Rotom|Hydro Pump|p2a: Benjamin Tribe
|-supereffective|p2a: Benjamin Tribe
|-damage|p2a: Benjamin Tribe|0 fnt
|faint|p2a: Benjamin Tribe
|
|upkeep
|
|t:|1743857904
|switch|p2a: Apologia|Dragapult, M, shiny|100/100
|-damage|p2a: Apologia|88/100|[from] Stealth Rock
|turn|9
|
|t:|1743857909
|move|p2a: Apologia|Shadow Ball|p1a: Rotom
|-damage|p1a: Rotom|53/100
|move|p1a: Rotom|Will-O-Wisp|p2a: Apologia|[miss]
|-miss|p1a: Rotom|p2a: Apologia
|
|upkeep
|turn|10
|
|t:|1743857916
|switch|p1a: Kingambit|Kingambit, M, shiny|100/100
|-activate|p1a: Kingambit|ability: Supreme Overlord
|-start|p1a: Kingambit|fallen2|[silent]
|move|p2a: Apologia|Shadow Ball|p1a: Kingambit
|-resisted|p1a: Kingambit
|-damage|p1a: Kingambit|84/100
|
|upkeep
|turn|11
|
|t:|1743857925
|switch|p2a: ROMANS 10:9|Great Tusk, shiny|98/100
|-damage|p2a: ROMANS 10:9|95/100|[from] Stealth Rock
|move|p1a: Kingambit|Iron Head|p2a: ROMANS 10:9
|-damage|p2a: ROMANS 10:9|53/100
|
|upkeep
|turn|12
|
|t:|1743857943
|-end|p1a: Kingambit|fallen2|[silent]
|switch|p1a: Rotom|Rotom-Wash, shiny|53/100
|move|p2a: ROMANS 10:9|Ice Spinner|p1a: Rotom
|-resisted|p1a: Rotom
|-damage|p1a: Rotom|35/100
|
|upkeep
|turn|13
|
|t:|1743857952
|move|p2a: ROMANS 10:9|Body Press|p1a: Rotom
|-damage|p1a: Rotom|0 fnt
|faint|p1a: Rotom
|
|upkeep
|
|t:|1743857954
|switch|p1a: Hatterene|Hatterene, F|100/100
|turn|14
|
|t:|1743857963
|move|p2a: ROMANS 10:9|Rapid Spin|p1a: Hatterene
|-damage|p1a: Hatterene|81/100
|-boost|p2a: ROMANS 10:9|spe|1
|-sideend|p2: Migstaper|Stealth Rock|[from] move: Rapid Spin|[of] p2a: ROMANS 10:9
|move|p1a: Hatterene|Trick Room|p1a: Hatterene
|-fieldstart|move: Trick Room|[of] p1a: Hatterene
|
|upkeep
|turn|15
|
|t:|1743857975
|-end|p2a: ROMANS 10:9|Protosynthesis|[silent]
|switch|p2a: Mind Games|Kingambit, M, shiny|100/100
|-activate|p2a: Mind Games|ability: Supreme Overlord
|-start|p2a: Mind Games|fallen2|[silent]
|move|p1a: Hatterene|Psyshock|p2a: Mind Games
|-immune|p2a: Mind Games
|
|upkeep
|turn|16
|
|t:|1743857985
|move|p1a: Hatterene|Mystical Fire|p2a: Mind Games
|-supereffective|p2a: Mind Games
|-crit|p2a: Mind Games
|-damage|p2a: Mind Games|26/100
|-unboost|p2a: Mind Games|spa|1
|-damage|p1a: Hatterene|71/100|[from] item: Life Orb
|move|p2a: Mind Games|Kowtow Cleave|p1a: Hatterene
|-damage|p1a: Hatterene|0 fnt
|faint|p1a: Hatterene
|
|upkeep
|
|t:|1743857994
|switch|p1a: Kingambit|Kingambit, M, shiny|84/100
|-activate|p1a: Kingambit|ability: Supreme Overlord
|-start|p1a: Kingambit|fallen4|[silent]
|turn|17
|
|t:|1743857999
|move|p1a: Kingambit|Iron Head|p2a: Mind Games
|-resisted|p2a: Mind Games
|-damage|p2a: Mind Games|4/100
|cant|p2a: Mind Games|flinch
|
|upkeep
|turn|18
|
|t:|1743858016
|move|p2a: Mind Games|Sucker Punch|p1a: Kingambit
|-resisted|p1a: Kingambit
|-damage|p1a: Kingambit|67/100
|move|p1a: Kingambit|Iron Head|p2a: Mind Games
|-resisted|p2a: Mind Games
|-damage|p2a: Mind Games|0 fnt
|faint|p2a: Mind Games
|-end|p2a: Mind Games|fallen2|[silent]
|
|-fieldend|move: Trick Room
|upkeep
|
|t:|1743858031
|switch|p2a: ROMANS 10:9|Great Tusk, shiny|53/100
|turn|19
|
|t:|1743858047
|move|p1a: Kingambit|Sucker Punch|p2a: ROMANS 10:9
|-resisted|p2a: ROMANS 10:9
|-damage|p2a: ROMANS 10:9|27/100
|move|p2a: ROMANS 10:9|Earthquake|p1a: Kingambit
|-supereffective|p1a: Kingambit
|-damage|p1a: Kingambit|0 fnt
|faint|p1a: Kingambit
|-end|p1a: Kingambit|fallen4|[silent]
|
|upkeep
|
|t:|1743858052
|switch|p1a: Dragapult|Dragapult, F, shiny|100/100
|turn|20
|
|t:|1743858057
|move|p1a: Dragapult|Dragon Darts|p2a: ROMANS 10:9
|-damage|p2a: ROMANS 10:9|9/100
|-anim|p1a: Dragapult|Dragon Darts|p2a: ROMANS 10:9
|-damage|p2a: ROMANS 10:9|0 fnt
|faint|p2a: ROMANS 10:9
|-end|p2a: ROMANS 10:9|Protosynthesis|[silent]
|
|upkeep
|
|t:|1743858064
|switch|p2a: fAegon|Dragonite, M|100/100
|turn|21
|
|t:|1743858067
|-terastallize|p1a: Dragapult|Fairy
|move|p2a: fAegon|Outrage|p1a: Dragapult
|-immune|p1a: Dragapult
|move|p1a: Dragapult|Substitute|p1a: Dragapult
|-start|p1a: Dragapult|Substitute
|-damage|p1a: Dragapult|76/100
|
|-heal|p1a: Dragapult|82/100|[from] item: Leftovers
|upkeep
|turn|22
|
|t:|1743858079
|switch|p2a: Apologia|Dragapult, M, shiny|88/100
|move|p1a: Dragapult|Dragon Dance|p1a: Dragapult
|-boost|p1a: Dragapult|atk|1
|-boost|p1a: Dragapult|spe|1
|
|-heal|p1a: Dragapult|88/100|[from] item: Leftovers
|upkeep
|turn|23
|
|t:|1743858090
|move|p2a: Apologia|Shadow Ball|p1a: Dragapult
|-damage|p1a: Dragapult|38/100
|-unboost|p1a: Dragapult|spd|1
|move|p1a: Dragapult|Dragon Darts|p2a: Apologia
|-supereffective|p2a: Apologia
|-damage|p2a: Apologia|0 fnt
|faint|p2a: Apologia
|
|-heal|p1a: Dragapult|44/100|[from] item: Leftovers
|upkeep
|
|t:|1743858101
|switch|p2a: fAegon|Dragonite, M|100/100
|turn|24
|
|t:|1743858105
|move|p2a: fAegon|Extreme Speed|p1a: Dragapult
|-end|p1a: Dragapult|Substitute
|move|p1a: Dragapult|Dragon Darts|p2a: fAegon
|-supereffective|p2a: fAegon
|-damage|p2a: fAegon|54/100
|-anim|p1a: Dragapult|Dragon Darts|p2a: fAegon
|-supereffective|p2a: fAegon
|-crit|p2a: fAegon
|-damage|p2a: fAegon|0 fnt
|faint|p2a: fAegon
|
|win|Sheel_Valia
|raw|Sheel_Valia's rating: 1530 &rarr; <strong>1551</strong><br />(+21 for winning)
|raw|Migstaper's rating: 1554 &rarr; <strong>1533</strong><br />(-21 for losing)
|l|☆Sheel_Valia
|player|p1|
