|j|☆smallbruto
|j|☆guesyo
|t:|1743864499
|gametype|singles
|player|p1|smallbruto|bruno|1387
|player|p2|guesyo|unknownf|1443
|teamsize|p1|6
|teamsize|p2|6
|gen|9
|tier|[Gen 9] OU
|rated|
|rule|HP Percentage Mod: HP is shown in percentages
|rule|Endless Battle Clause: Forcing endless battles is banned
|rule|Species Clause: Limit one of each Pokémon
|rule|OHKO Clause: OHKO moves are banned
|rule|Evasion Items Clause: Evasion items are banned
|rule|Evasion Moves Clause: Evasion moves are banned
|rule|Sleep Moves Clause: Sleep-inducing moves are banned
|clearpoke
|poke|p1|Dragapult, F|
|poke|p1|Landorus-Therian, M|
|poke|p1|Grimmsnarl, M|
|poke|p1|Cinderace, F|
|poke|p1|Jolteon, F|
|poke|p1|Grafaiai, M|
|poke|p2|Garganacl, M|
|poke|p2|Weezing-Galar, F|
|poke|p2|Corviknight, M|
|poke|p2|Dragapult, M|
|poke|p2|Slowking-Galar, F|
|poke|p2|Samurott-Hisui, F|
|teampreview
|inactive|Battle timer is ON: inactive players will automatically lose when time's up. (requested by smallbruto)
|
|t:|1743864516
|start
|switch|p1a: Landorus|Landorus-Therian, M|100/100
|switch|p2a: Garganacl|Garganacl, M|100/100
|-ability|p1a: Landorus|Intimidate|boost
|-unboost|p2a: Garganacl|atk|1
|turn|1
|
|t:|1743864523
|switch|p2a: Corviknight|Corviknight, M|100/100
|-ability|p2a: Corviknight|Pressure
|move|p1a: Landorus|Stealth Rock|p2a: Corviknight
|-sidestart|p2: guesyo|move: Stealth Rock
|
|upkeep
|turn|2
|
|t:|1743864529
|move|p1a: Landorus|U-turn|p2a: Corviknight
|-resisted|p2a: Corviknight
|-crit|p2a: Corviknight
|-damage|p2a: Corviknight|95/100
|-damage|p1a: Landorus|84/100|[from] item: Rocky Helmet|[of] p2a: Corviknight
|
|t:|1743864535
|switch|p1a: Cinderace|Cinderace, F|100/100|[from] U-turn
|move|p2a: Corviknight|Iron Defense|p2a: Corviknight
|-boost|p2a: Corviknight|def|2
|
|upkeep
|turn|3
|
|t:|1743864552
|move|p1a: Cinderace|U-turn|p2a: Corviknight
|-start|p1a: Cinderace|typechange|Bug|[from] ability: Libero
|-resisted|p2a: Corviknight
|-damage|p2a: Corviknight|92/100
|-damage|p1a: Cinderace|84/100|[from] item: Rocky Helmet|[of] p2a: Corviknight
|
|t:|1743864556
|switch|p1a: Dragapult|Dragapult, F|100/100|[from] U-turn
|move|p2a: Corviknight|Iron Defense|p2a: Corviknight
|-boost|p2a: Corviknight|def|2
|
|upkeep
|turn|4
|
|t:|1743864561
|switch|p2a: Garganacl|Garganacl, M|100/100
|-damage|p2a: Garganacl|88/100|[from] Stealth Rock
|move|p1a: Dragapult|Shadow Ball|p2a: Garganacl
|-damage|p2a: Garganacl|73/100
|-damage|p1a: Dragapult|91/100|[from] item: Life Orb
|
|-heal|p2a: Garganacl|79/100|[from] item: Leftovers
|upkeep
|turn|5
|
|t:|1743864565
|move|p1a: Dragapult|Hydro Pump|p2a: Garganacl
|-supereffective|p2a: Garganacl
|-damage|p2a: Garganacl|20/100
|-damage|p1a: Dragapult|81/100|[from] item: Life Orb
|move|p2a: Garganacl|Salt Cure|p1a: Dragapult
|-damage|p1a: Dragapult|61/100
|-start|p1a: Dragapult|Salt Cure
|
|-heal|p2a: Garganacl|26/100|[from] item: Leftovers
|-damage|p1a: Dragapult|48/100|[from] Salt Cure
|upkeep
|turn|6
|
|t:|1743864579
|move|p1a: Dragapult|Draco Meteor|p2a: Garganacl
|-damage|p2a: Garganacl|0 fnt
|-unboost|p1a: Dragapult|spa|2
|faint|p2a: Garganacl
|-damage|p1a: Dragapult|39/100|[from] item: Life Orb
|
|-damage|p1a: Dragapult|26/100|[from] Salt Cure
|upkeep
|
|t:|1743864586
|switch|p2a: Weezing|Weezing-Galar, F|100/100
|-ability|p2a: Weezing|Neutralizing Gas
|-damage|p2a: Weezing|88/100|[from] Stealth Rock
|turn|7
|
|t:|1743864598
|switch|p1a: Grafaiai|Grafaiai, M|100/100
|move|p2a: Weezing|Defog|p1a: Grafaiai
|-unboost|p1a: Grafaiai|evasion|1
|-sideend|p2: guesyo|Stealth Rock|[from] move: Defog|[of] p2a: Weezing
|
|-heal|p2a: Weezing|94/100|[from] item: Black Sludge
|upkeep
|turn|8
|
|t:|1743864608
|move|p1a: Grafaiai|Encore|p2a: Weezing
|-start|p2a: Weezing|Encore
|move|p2a: Weezing|Defog|p1a: Grafaiai
|-unboost|p1a: Grafaiai|evasion|1
|
|-heal|p2a: Weezing|99/100|[from] item: Black Sludge
|upkeep
|turn|9
|
|t:|1743864612
|-end|p2a: Weezing|ability: Neutralizing Gas
|switch|p2a: Samurott|Samurott-Hisui, F|100/100
|move|p1a: Grafaiai|Parting Shot|p2a: Samurott
|-hint|Since gen 7, Dark is immune to Prankster moves.
|-immune|p2a: Samurott
|
|upkeep
|turn|10
|
|t:|1743864622
|switch|p1a: Landorus|Landorus-Therian, M|84/100
|-ability|p1a: Landorus|Intimidate|boost
|-unboost|p2a: Samurott|atk|1
|move|p2a: Samurott|Flip Turn|p1a: Landorus
|-supereffective|p1a: Landorus
|-damage|p1a: Landorus|44/100
|-damage|p2a: Samurott|84/100|[from] item: Rocky Helmet|[of] p1a: Landorus
|
|t:|1743864625
|switch|p2a: Dragapult|Dragapult, M|100/100|[from] Flip Turn
|
|upkeep
|turn|11
|
|t:|1743864632
|switch|p1a: Grimmsnarl|Grimmsnarl, M|100/100
|move|p2a: Dragapult|Dragon Darts|p1a: Grimmsnarl
|-immune|p1a: Grimmsnarl
|
|upkeep
|turn|12
|
|t:|1743864641
|switch|p2a: Corviknight|Corviknight, M|92/100
|-ability|p2a: Corviknight|Pressure
|move|p1a: Grimmsnarl|Reflect|p1a: Grimmsnarl
|-sidestart|p1: smallbruto|Reflect
|
|upkeep
|turn|13
|
|t:|1743864654
|switch|p2a: Weezing|Weezing-Galar, F|99/100
|-ability|p2a: Weezing|Neutralizing Gas
|move|p1a: Grimmsnarl|Parting Shot|p2a: Weezing
|-unboost|p2a: Weezing|atk|1
|-unboost|p2a: Weezing|spa|1
|
|t:|1743864675
|switch|p1a: Jolteon|Jolteon, F|100/100|[from] Parting Shot
|
|-heal|p2a: Weezing|100/100|[from] item: Black Sludge
|upkeep
|turn|14
|
|t:|1743864681
|-end|p2a: Weezing|ability: Neutralizing Gas
|switch|p2a: Slowking|Slowking-Galar, F|100/100
|move|p1a: Jolteon|Volt Switch|p2a: Slowking
|-damage|p2a: Slowking|81/100
|
|t:|1743864687
|switch|p1a: Cinderace|Cinderace, F|84/100|[from] Volt Switch
|
|upkeep
|turn|15
|
|t:|1743864694
|switch|p2a: Weezing|Weezing-Galar, F|100/100
|-ability|p2a: Weezing|Neutralizing Gas
|move|p1a: Cinderace|Pyro Ball|p2a: Weezing
|-damage|p2a: Weezing|66/100
|
|-heal|p2a: Weezing|72/100|[from] item: Black Sludge
|upkeep
|turn|16
|inactive|smallbruto has 120 seconds left.
|
|t:|1743864730
|move|p1a: Cinderace|U-turn|p2a: Weezing
|-resisted|p2a: Weezing
|-damage|p2a: Weezing|68/100
|
|t:|1743864732
|switch|p1a: Landorus|Landorus-Therian, M|44/100|[from] U-turn
|move|p2a: Weezing|Strange Steam|p1a: Landorus
|-damage|p1a: Landorus|7/100
|
|-heal|p2a: Weezing|74/100|[from] item: Black Sludge
|upkeep
|turn|17
|
|t:|1743864740
|-end|p2a: Weezing|ability: Neutralizing Gas
|-ability|p1a: Landorus|Intimidate|boost
|-unboost|p2a: Weezing|atk|1
|switch|p2a: Corviknight|Corviknight, M|92/100
|-ability|p2a: Corviknight|Pressure
|move|p1a: Landorus|Earthquake|p2a: Corviknight
|-immune|p2a: Corviknight
|
|upkeep
|turn|18
|
|t:|1743864750
|move|p1a: Landorus|Stealth Rock|p2a: Corviknight
|-sidestart|p2: guesyo|move: Stealth Rock
|move|p2a: Corviknight|Body Press|p1a: Landorus
|-resisted|p1a: Landorus
|-damage|p1a: Landorus|0 fnt
|-damage|p2a: Corviknight|76/100|[from] item: Rocky Helmet|[of] p1a: Landorus
|faint|p1a: Landorus
|
|upkeep
|
|t:|1743864765
|switch|p1a: Cinderace|Cinderace, F|84/100
|turn|19
|
|t:|1743864768
|switch|p2a: Weezing|Weezing-Galar, F|74/100
|-ability|p2a: Weezing|Neutralizing Gas
|-damage|p2a: Weezing|62/100|[from] Stealth Rock
|move|p1a: Cinderace|Pyro Ball|p2a: Weezing
|-damage|p2a: Weezing|22/100
|
|-heal|p2a: Weezing|28/100|[from] item: Black Sludge
|-sideend|p1: smallbruto|Reflect
|upkeep
|turn|20
|
|t:|1743864777
|-end|p2a: Weezing|ability: Neutralizing Gas
|switch|p2a: Samurott|Samurott-Hisui, F|84/100
|-damage|p2a: Samurott|72/100|[from] Stealth Rock
|move|p1a: Cinderace|Pyro Ball|p2a: Samurott
|-resisted|p2a: Samurott
|-damage|p2a: Samurott|35/100
|
|upkeep
|turn|21
|
|t:|1743864788
|move|p2a: Samurott|Razor Shell|p1a: Cinderace
|-supereffective|p1a: Cinderace
|-damage|p1a: Cinderace|0 fnt
|faint|p1a: Cinderace
|
|upkeep
|
|t:|1743864801
|switch|p1a: Grimmsnarl|Grimmsnarl, M|100/100
|turn|22
|
|t:|1743864807
|switch|p2a: Corviknight|Corviknight, M|76/100
|-damage|p2a: Corviknight|63/100|[from] Stealth Rock
|-ability|p2a: Corviknight|Pressure
|move|p1a: Grimmsnarl|Reflect|p1a: Grimmsnarl
|-sidestart|p1: smallbruto|Reflect
|
|upkeep
|turn|23
|
|t:|1743864820
|move|p1a: Grimmsnarl|Parting Shot|p2a: Corviknight
|-unboost|p2a: Corviknight|atk|1
|-unboost|p2a: Corviknight|spa|1
|
|t:|1743864822
|switch|p1a: Jolteon|Jolteon, F|100/100|[from] Parting Shot
|move|p2a: Corviknight|Roost|p2a: Corviknight
|-heal|p2a: Corviknight|100/100
|-singleturn|p2a: Corviknight|move: Roost
|
|upkeep
|turn|24
|
|t:|1743864831
|switch|p2a: Slowking|Slowking-Galar, F|100/100
|-damage|p2a: Slowking|88/100|[from] Stealth Rock
|move|p1a: Jolteon|Volt Switch|p2a: Slowking
|-damage|p2a: Slowking|68/100
|
|t:|1743864846
|switch|p1a: Grafaiai|Grafaiai, M|100/100|[from] Volt Switch
|
|upkeep
|turn|25
|
|t:|1743864870
|switch|p2a: Corviknight|Corviknight, M|100/100
|-damage|p2a: Corviknight|88/100|[from] Stealth Rock
|-ability|p2a: Corviknight|Pressure
|move|p1a: Grafaiai|Copycat|p1a: Grafaiai
|move|p1a: Grafaiai|Volt Switch|p2a: Corviknight|[from] move: Copycat
|-supereffective|p2a: Corviknight
|-damage|p2a: Corviknight|64/100
|
|t:|1743864878
|switch|p1a: Jolteon|Jolteon, F|100/100|[from] Volt Switch
|
|upkeep
|turn|26
|
|t:|1743864885
|move|p1a: Jolteon|Volt Switch|p2a: Corviknight
|-supereffective|p2a: Corviknight
|-damage|p2a: Corviknight|0 fnt
|faint|p2a: Corviknight
|-message|guesyo forfeited.
|
|win|smallbruto
|raw|smallbruto's rating: 1387 &rarr; <strong>1410</strong><br />(+23 for winning)
|raw|guesyo's rating: 1443 &rarr; <strong>1420</strong><br />(-23 for losing)
|l|☆guesyo
|player|p2|
|l|☆smallbruto
|player|p1|
