|j|☆xAmethystx
|j|☆thecorporatedrone
|t:|1743783374
|gametype|singles
|player|p1|xAmethystx|miku-ground|1505
|player|p2|thecorporatedrone|benga|1509
|teamsize|p1|6
|teamsize|p2|6
|gen|9
|tier|[Gen 9] OU
|rated|
|rule|HP Percentage Mod: HP is shown in percentages
|rule|Endless Battle Clause: Forcing endless battles is banned
|rule|Species Clause: Limit one of each Pokémon
|rule|OHKO Clause: OHKO moves are banned
|rule|Evasion Items Clause: Evasion items are banned
|rule|Evasion Moves Clause: Evasion moves are banned
|rule|Sleep Moves Clause: Sleep-inducing moves are banned
|clearpoke
|poke|p1|Chandelure, M|
|poke|p1|Kingambit, F|
|poke|p1|Great Tusk|
|poke|p1|Corviknight, F|
|poke|p1|Rotom-Wash|
|poke|p1|Hatterene, F|
|poke|p2|Garganacl, M|
|poke|p2|Weezing-Galar, F|
|poke|p2|Corviknight, M|
|poke|p2|Dragapult, M|
|poke|p2|Slowking-Galar, F|
|poke|p2|Samurott-Hisui, F|
|teampreview
|
|t:|1743783392
|start
|switch|p1a: Rotom|Rotom-Wash|100/100
|switch|p2a: Samurott|Samurott-Hisui, F|100/100
|turn|1
|
|t:|1743783406
|move|p2a: Samurott|Flip Turn|p1a: Rotom
|-resisted|p1a: Rotom
|-damage|p1a: Rotom|91/100
|
|t:|1743783408
|switch|p2a: Slowking|Slowking-Galar, F|100/100|[from] Flip Turn
|move|p1a: Rotom|Will-O-Wisp|p2a: Slowking
|-status|p2a: Slowking|brn
|
|-heal|p1a: Rotom|97/100|[from] item: Leftovers
|-damage|p2a: Slowking|94/100 brn|[from] brn
|upkeep
|turn|2
|
|t:|1743783416
|move|p1a: Rotom|Protect|p1a: Rotom
|-singleturn|p1a: Rotom|Protect
|move|p2a: Slowking|Sludge Bomb|p1a: Rotom
|-activate|p1a: Rotom|move: Protect
|
|-heal|p1a: Rotom|100/100|[from] item: Leftovers
|-damage|p2a: Slowking|88/100 brn|[from] brn
|upkeep
|turn|3
|
|t:|1743783427
|move|p1a: Rotom|Volt Switch|p2a: Slowking
|-damage|p2a: Slowking|78/100 brn
|inactive|Battle timer is ON: inactive players will automatically lose when time's up. (requested by thecorporatedrone)
|
|t:|1743783431
|switch|p1a: Corviknight|Corviknight, F, shiny|100/100|[from] Volt Switch
|move|p2a: Slowking|Flamethrower|p1a: Corviknight
|-supereffective|p1a: Corviknight
|-damage|p1a: Corviknight|65/100
|
|-heal|p1a: Corviknight|72/100|[from] item: Leftovers
|-damage|p2a: Slowking|72/100 brn|[from] brn
|upkeep
|turn|4
|
|t:|1743783439
|move|p1a: Corviknight|U-turn|p2a: Slowking
|-damage|p2a: Slowking|57/100 brn
|
|t:|1743783446
|switch|p1a: Chandelure|Chandelure, M|100/100|[from] U-turn
|move|p2a: Slowking|Flamethrower|p1a: Chandelure
|-start|p1a: Chandelure|ability: Flash Fire
|
|-damage|p2a: Slowking|51/100 brn|[from] brn
|upkeep
|turn|5
|
|t:|1743783451
|move|p1a: Chandelure|Trick|p2a: Slowking
|-activate|p1a: Chandelure|move: Trick|[of] p2a: Slowking
|-item|p2a: Slowking|Choice Scarf|[from] move: Trick
|-item|p1a: Chandelure|Assault Vest|[from] move: Trick
|move|p2a: Slowking|Sludge Bomb|p1a: Chandelure
|-resisted|p1a: Chandelure
|-damage|p1a: Chandelure|82/100
|
|-damage|p2a: Slowking|45/100 brn|[from] brn
|upkeep
|turn|6
|
|t:|1743783456
|switch|p2a: Samurott|Samurott-Hisui, F|100/100
|move|p1a: Chandelure|Shadow Ball|p2a: Samurott
|-resisted|p2a: Samurott
|-damage|p2a: Samurott|64/100
|-unboost|p2a: Samurott|spd|1
|
|upkeep
|turn|7
|
|t:|1743783466
|-end|p1a: Chandelure|ability: Flash Fire|[silent]
|switch|p1a: Rotom|Rotom-Wash|100/100
|move|p2a: Samurott|Ceaseless Edge|p1a: Rotom
|-damage|p1a: Rotom|66/100
|-sidestart|p1: xAmethystx|Spikes
|
|-heal|p1a: Rotom|72/100|[from] item: Leftovers
|upkeep
|turn|8
|
|t:|1743783472
|switch|p2a: Slowking|Slowking-Galar, F|79/100 brn
|move|p1a: Rotom|Volt Switch|p2a: Slowking
|-damage|p2a: Slowking|63/100 brn
|
|t:|1743783476
|switch|p1a: Great Tusk|Great Tusk|100/100|[from] Volt Switch
|-damage|p1a: Great Tusk|88/100|[from] Spikes
|
|-damage|p2a: Slowking|57/100 brn|[from] brn
|upkeep
|turn|9
|
|t:|1743783489
|switch|p2a: Corviknight|Corviknight, M|100/100
|-ability|p2a: Corviknight|Pressure
|move|p1a: Great Tusk|Supercell Slam|p2a: Corviknight
|-supereffective|p2a: Corviknight
|-damage|p2a: Corviknight|39/100
|-damage|p1a: Great Tusk|72/100|[from] item: Rocky Helmet|[of] p2a: Corviknight
|
|upkeep
|turn|10
|
|t:|1743783497
|move|p1a: Great Tusk|Supercell Slam|p2a: Corviknight
|-supereffective|p2a: Corviknight
|-damage|p2a: Corviknight|0 fnt
|-damage|p1a: Great Tusk|55/100|[from] item: Rocky Helmet|[of] p2a: Corviknight
|faint|p2a: Corviknight
|
|upkeep
|
|t:|1743783501
|switch|p2a: Dragapult|Dragapult, M|100/100
|turn|11
|
|t:|1743783510
|-end|p1a: Great Tusk|Protosynthesis|[silent]
|switch|p1a: Kingambit|Kingambit, F|100/100
|-damage|p1a: Kingambit|88/100|[from] Spikes
|move|p2a: Dragapult|Will-O-Wisp|p1a: Kingambit|[miss]
|-miss|p2a: Dragapult|p1a: Kingambit
|
|upkeep
|turn|12
|
|t:|1743783528
|switch|p2a: Weezing|Weezing-Galar, F|100/100
|-ability|p2a: Weezing|Neutralizing Gas
|move|p1a: Kingambit|Iron Head|p2a: Weezing
|-supereffective|p2a: Weezing
|-damage|p2a: Weezing|47/100
|
|upkeep
|turn|13
|
|t:|1743783538
|move|p1a: Kingambit|Iron Head|p2a: Weezing
|-supereffective|p2a: Weezing
|-damage|p2a: Weezing|0 fnt
|faint|p2a: Weezing
|-end|p2a: Weezing|ability: Neutralizing Gas
|
|upkeep
|
|t:|1743783546
|switch|p2a: Garganacl|Garganacl, M|100/100
|turn|14
|-message|thecorporatedrone forfeited.
|
|win|xAmethystx
|raw|xAmethystx's rating: 1505 &rarr; <strong>1525</strong><br />(+20 for winning)
|raw|thecorporatedrone's rating: 1509 &rarr; <strong>1489</strong><br />(-20 for losing)
|l|☆thecorporatedrone
|player|p2|
|l|☆xAmethystx
|player|p1|
