|j|☆R. Caroline
|j|☆Ryan's World
|t:|1743834826
|gametype|singles
|player|p1|R. Caroline|pokemonrangerf-gen4|1552
|player|p2|Ryan's World|2|1484
|teamsize|p1|6
|teamsize|p2|6
|gen|9
|tier|[Gen 9] OU
|rated|
|rule|HP Percentage Mod: HP is shown in percentages
|rule|Endless Battle Clause: Forcing endless battles is banned
|rule|Species Clause: Limit one of each Pokémon
|rule|OHKO Clause: OHKO moves are banned
|rule|Evasion Items Clause: Evasion items are banned
|rule|Evasion Moves Clause: Evasion moves are banned
|rule|Sleep Moves Clause: Sleep-inducing moves are banned
|clearpoke
|poke|p1|Latias, F|
|poke|p1|Chansey, F|
|poke|p1|Ursaluna, M|
|poke|p1|Scizor, M|
|poke|p1|Umbreon, F|
|poke|p1|Mew|
|poke|p2|Weavile, F|
|poke|p2|Pecharunt|
|poke|p2|Ting-Lu|
|poke|p2|Tinkaton, F|
|poke|p2|Keldeo-Resolute|
|poke|p2|Dragonite, F|
|teampreview
|inactive|Battle timer is ON: inactive players will automatically lose when time's up. (requested by R. Caroline)
|inactive|Ryan's World has 120 seconds left.
|
|t:|1743834883
|start
|switch|p1a: Boston|Mew, shiny|100/100
|switch|p2a: Ting-Lu|Ting-Lu|100/100
|-ability|p2a: Ting-Lu|Vessel of Ruin
|turn|1
|
|t:|1743834911
|move|p1a: Boston|Trick|p2a: Ting-Lu
|-activate|p1a: Boston|move: Trick|[of] p2a: Ting-Lu
|-item|p2a: Ting-Lu|Choice Scarf|[from] move: Trick
|-item|p1a: Boston|Rocky Helmet|[from] move: Trick
|move|p2a: Ting-Lu|Spikes|p1a: Boston
|-sidestart|p1: R. Caroline|Spikes
|
|upkeep
|turn|2
|
|t:|1743834916
|move|p1a: Boston|Ice Beam|p2a: Ting-Lu
|-supereffective|p2a: Ting-Lu
|-crit|p2a: Ting-Lu
|-damage|p2a: Ting-Lu|61/100
|move|p2a: Ting-Lu|Spikes|p1a: Boston
|-sidestart|p1: R. Caroline|Spikes
|
|upkeep
|turn|3
|
|t:|1743834922
|move|p1a: Boston|Ice Beam|p2a: Ting-Lu
|-supereffective|p2a: Ting-Lu
|-damage|p2a: Ting-Lu|36/100
|move|p2a: Ting-Lu|Spikes|p1a: Boston
|-sidestart|p1: R. Caroline|Spikes
|
|upkeep
|turn|4
|
|t:|1743834932
|switch|p2a: Weavile|Weavile, F|100/100
|-ability|p2a: Weavile|Pressure
|move|p1a: Boston|Ice Beam|p2a: Weavile
|-resisted|p2a: Weavile
|-damage|p2a: Weavile|83/100
|
|upkeep
|turn|5
|
|t:|1743834941
|switch|p1a: Dinah|Umbreon, F|100/100
|-damage|p1a: Dinah|76/100|[from] Spikes
|move|p2a: Weavile|Knock Off|p1a: Dinah
|-resisted|p1a: Dinah
|-crit|p1a: Dinah
|-damage|p1a: Dinah|54/100
|-damage|p2a: Weavile|66/100|[from] item: Rocky Helmet|[of] p1a: Dinah
|-enditem|p1a: Dinah|Rocky Helmet|[from] move: Knock Off|[of] p2a: Weavile
|
|upkeep
|turn|6
|
|t:|1743834950
|switch|p2a: Keldeo|Keldeo-Resolute|100/100
|move|p1a: Dinah|Moonlight|p1a: Dinah
|-heal|p1a: Dinah|100/100
|
|upkeep
|turn|7
|
|t:|1743834956
|switch|p1a: Kori|Latias, F, shiny|100/100
|move|p2a: Keldeo|Secret Sword|p1a: Kori
|-resisted|p1a: Kori
|-damage|p1a: Kori|72/100
|
|upkeep
|turn|8
|
|t:|1743834964
|switch|p2a: Ting-Lu|Ting-Lu|36/100
|-ability|p2a: Ting-Lu|Vessel of Ruin
|move|p1a: Kori|Alluring Voice|p2a: Ting-Lu
|-supereffective|p2a: Ting-Lu
|-damage|p2a: Ting-Lu|3/100
|
|upkeep
|turn|9
|
|t:|1743834970
|move|p1a: Kori|Alluring Voice|p2a: Ting-Lu
|-supereffective|p2a: Ting-Lu
|-damage|p2a: Ting-Lu|0 fnt
|faint|p2a: Ting-Lu
|
|upkeep
|
|t:|1743834973
|switch|p2a: Weavile|Weavile, F|66/100
|-ability|p2a: Weavile|Pressure
|turn|10
|
|t:|1743834978
|switch|p1a: Dinah|Umbreon, F|100/100
|-damage|p1a: Dinah|76/100|[from] Spikes
|move|p2a: Weavile|Triple Axel|p1a: Dinah|[miss]
|-miss|p2a: Weavile|p1a: Dinah
|
|upkeep
|turn|11
|
|t:|1743834985
|switch|p2a: Tinkaton|Tinkaton, F|100/100
|-item|p2a: Tinkaton|Air Balloon
|move|p1a: Dinah|Taunt|p2a: Tinkaton
|-start|p2a: Tinkaton|move: Taunt
|
|upkeep
|turn|12
|
|t:|1743834991
|move|p2a: Tinkaton|Gigaton Hammer|p1a: Dinah
|-damage|p1a: Dinah|49/100
|move|p1a: Dinah|Thunder Wave|p2a: Tinkaton
|-status|p2a: Tinkaton|par
|
|upkeep
|turn|13
|
|t:|1743835002
|switch|p1a: Garf|Scizor, M, shiny|100/100
|switch|p2a: Keldeo|Keldeo-Resolute|100/100
|
|upkeep
|turn|14
|
|t:|1743835007
|move|p2a: Keldeo|Hydro Pump|p1a: Garf
|-damage|p1a: Garf|36/100
|move|p1a: Garf|Defog|p2a: Keldeo
|-unboost|p2a: Keldeo|evasion|1
|-sideend|p1: R. Caroline|Spikes|[from] move: Defog|[of] p1a: Garf
|
|upkeep
|turn|15
|
|t:|1743835013
|switch|p1a: Kori|Latias, F, shiny|72/100
|move|p2a: Keldeo|Secret Sword|p1a: Kori
|-resisted|p1a: Kori
|-damage|p1a: Kori|44/100
|
|upkeep
|turn|16
|
|t:|1743835020
|switch|p2a: Tinkaton|Tinkaton, F|100/100 par
|-item|p2a: Tinkaton|Air Balloon
|move|p1a: Kori|Thunderbolt|p2a: Tinkaton
|-damage|p2a: Tinkaton|64/100 par
|-enditem|p2a: Tinkaton|Air Balloon
|
|upkeep
|turn|17
|
|t:|1743835028
|switch|p1a: Etrig|Ursaluna, M, shiny|100/100
|cant|p2a: Tinkaton|par
|
|upkeep
|turn|18
|
|t:|1743835032
|cant|p2a: Tinkaton|par
|move|p1a: Etrig|Earthquake|p2a: Tinkaton
|-supereffective|p2a: Tinkaton
|-damage|p2a: Tinkaton|0 fnt
|faint|p2a: Tinkaton
|
|upkeep
|
|t:|1743835036
|switch|p2a: Keldeo|Keldeo-Resolute|100/100
|turn|19
|
|t:|1743835043
|-terastallize|p1a: Etrig|Bug
|move|p2a: Keldeo|Hydro Pump|p1a: Etrig
|-damage|p1a: Etrig|64/100
|move|p1a: Etrig|Supercell Slam|p2a: Keldeo
|-supereffective|p2a: Keldeo
|-damage|p2a: Keldeo|11/100
|
|upkeep
|turn|20
|
|t:|1743835051
|switch|p2a: Pecharunt|Pecharunt|100/100
|switch|p1a: Kori|Latias, F, shiny|44/100
|
|upkeep
|turn|21
|
|t:|1743835057
|move|p1a: Kori|Future Sight|p2a: Pecharunt
|-start|p1a: Kori|move: Future Sight
|move|p2a: Pecharunt|Hex|p1a: Kori
|-supereffective|p1a: Kori
|-damage|p1a: Kori|6/100
|
|upkeep
|turn|22
|
|t:|1743835063
|switch|p1a: Etrig|Ursaluna, M, shiny, tera:Bug|64/100
|move|p2a: Pecharunt|Malignant Chain|p1a: Etrig
|-damage|p1a: Etrig|47/100
|
|upkeep
|turn|23
|
|t:|1743835069
|move|p2a: Pecharunt|Malignant Chain|p1a: Etrig
|-damage|p1a: Etrig|29/100
|move|p1a: Etrig|Earthquake|p2a: Pecharunt
|-supereffective|p2a: Pecharunt
|-damage|p2a: Pecharunt|46/100
|
|-end|p2a: Pecharunt|move: Future Sight
|-supereffective|p2a: Pecharunt
|-damage|p2a: Pecharunt|0 fnt
|faint|p2a: Pecharunt
|upkeep
|
|t:|1743835074
|switch|p2a: Dragonite|Dragonite, F|100/100
|turn|24
|
|t:|1743835080
|switch|p1a: Boston|Mew, shiny|100/100
|move|p2a: Dragonite|Hurricane|p1a: Boston
|-damage|p1a: Boston|62/100
|
|upkeep
|turn|25
|
|t:|1743835093
|switch|p2a: Weavile|Weavile, F|66/100
|-ability|p2a: Weavile|Pressure
|move|p1a: Boston|Volt Switch|p2a: Weavile
|-damage|p2a: Weavile|40/100
|
|t:|1743835101
|switch|p1a: Garf|Scizor, M, shiny|36/100|[from] Volt Switch
|
|upkeep
|turn|26
|
|t:|1743835107
|move|p2a: Weavile|Ice Shard|p1a: Garf
|-resisted|p1a: Garf
|-damage|p1a: Garf|28/100
|move|p1a: Garf|Bullet Punch|p2a: Weavile
|-supereffective|p2a: Weavile
|-damage|p2a: Weavile|0 fnt
|faint|p2a: Weavile
|
|upkeep
|
|t:|1743835115
|switch|p2a: Keldeo|Keldeo-Resolute|11/100
|turn|27
|
|t:|1743835118
|-terastallize|p2a: Keldeo|Fighting
|move|p2a: Keldeo|Vacuum Wave|p1a: Garf
|-damage|p1a: Garf|0 fnt
|faint|p1a: Garf
|
|upkeep
|
|t:|1743835135
|switch|p1a: Etrig|Ursaluna, M, shiny, tera:Bug|29/100
|turn|28
|
|t:|1743835141
|move|p2a: Keldeo|Hydro Pump|p1a: Etrig
|-damage|p1a: Etrig|0 fnt
|faint|p1a: Etrig
|
|upkeep
|
|t:|1743835147
|switch|p1a: Boston|Mew, shiny|62/100
|turn|29
|
|t:|1743835150
|switch|p2a: Dragonite|Dragonite, F|100/100
|move|p1a: Boston|Volt Switch|p2a: Dragonite
|-damage|p2a: Dragonite|91/100
|
|t:|1743835157
|switch|p1a: Shay|Chansey, F, shiny|100/100|[from] Volt Switch
|
|upkeep
|turn|30
|
|t:|1743835162
|move|p2a: Dragonite|Earthquake|p1a: Shay
|-damage|p1a: Shay|59/100
|move|p1a: Shay|Healing Wish|p1a: Shay
|faint|p1a: Shay
|
|upkeep
|
|t:|1743835169
|switch|p1a: Kori|Latias, F, shiny|6/100
|-heal|p1a: Kori|100/100|[from] move: Healing Wish
|turn|31
|
|t:|1743835177
|move|p2a: Dragonite|Extreme Speed|p1a: Kori
|-damage|p1a: Kori|63/100
|move|p1a: Kori|Alluring Voice|p2a: Dragonite
|-supereffective|p2a: Dragonite
|-damage|p2a: Dragonite|28/100
|
|upkeep
|turn|32
|
|t:|1743835183
|switch|p1a: Dinah|Umbreon, F|49/100
|move|p2a: Dragonite|Extreme Speed|p1a: Dinah
|-damage|p1a: Dinah|29/100
|
|upkeep
|turn|33
|
|t:|1743835188
|move|p2a: Dragonite|Earthquake|p1a: Dinah
|-damage|p1a: Dinah|6/100
|move|p1a: Dinah|Foul Play|p2a: Dragonite
|-damage|p2a: Dragonite|0 fnt
|faint|p2a: Dragonite
|
|upkeep
|
|t:|1743835193
|switch|p2a: Keldeo|Keldeo-Resolute, tera:Fighting|11/100
|turn|34
|
|t:|1743835196
|move|p2a: Keldeo|Vacuum Wave|p1a: Dinah
|-supereffective|p1a: Dinah
|-damage|p1a: Dinah|0 fnt
|faint|p1a: Dinah
|
|upkeep
|
|t:|1743835199
|switch|p1a: Kori|Latias, F, shiny|63/100
|turn|35
|
|t:|1743835202
|move|p1a: Kori|Alluring Voice|p2a: Keldeo
|-supereffective|p2a: Keldeo
|-damage|p2a: Keldeo|0 fnt
|faint|p2a: Keldeo
|
|win|R. Caroline
|raw|R. Caroline's rating: 1552 &rarr; <strong>1568</strong><br />(+16 for winning)
|raw|Ryan&apos;s World's rating: 1484 &rarr; <strong>1468</strong><br />(-16 for losing)
|l|☆Ryan's World
|player|p2|
|l|☆R. Caroline
|player|p1|
