|j|☆Ball17
|j|☆nrkjr45
|t:|1743818190
|gametype|singles
|player|p1|Ball17|266|1157
|player|p2|nrkjr45|volkner|1128
|teamsize|p1|6
|teamsize|p2|6
|gen|9
|tier|[Gen 9] OU
|rated|
|rule|HP Percentage Mod: HP is shown in percentages
|rule|Endless Battle Clause: Forcing endless battles is banned
|rule|Species Clause: Limit one of each Pokémon
|rule|OHKO Clause: OHKO moves are banned
|rule|Evasion Items Clause: Evasion items are banned
|rule|Evasion Moves Clause: Evasion moves are banned
|rule|Sleep Moves Clause: Sleep-inducing moves are banned
|clearpoke
|poke|p1|Barraskewda, F|
|poke|p1|Delibird, M|
|poke|p1|Hatterene, F|
|poke|p1|Infernape, F|
|poke|p1|Orthworm, F|
|poke|p1|Iron Hands|
|poke|p2|Slowking-Galar, F|
|poke|p2|Gliscor, M|
|poke|p2|Maushold-Four|
|poke|p2|Comfey, M|
|poke|p2|Cinderace, F|
|poke|p2|Polteageist|
|teampreview
|
|t:|1743818197
|start
|switch|p1a: Barraskewda|Barraskewda, F|100/100
|switch|p2a: Maushold|Maushold-Four|100/100
|turn|1
|inactive|Battle timer is ON: inactive players will automatically lose when time's up. (requested by nrkjr45)
|
|t:|1743818204
|move|p1a: Barraskewda|Close Combat|p2a: Maushold
|-supereffective|p2a: Maushold
|-damage|p2a: Maushold|0 fnt
|-unboost|p1a: Barraskewda|def|1
|-unboost|p1a: Barraskewda|spd|1
|faint|p2a: Maushold
|
|upkeep
|
|t:|1743818207
|switch|p2a: Polteageist|Polteageist|100/100
|turn|2
|
|t:|1743818223
|switch|p1a: Delibird|Delibird, M|100/100
|move|p2a: Polteageist|Shell Smash|p2a: Polteageist
|-unboost|p2a: Polteageist|def|1
|-unboost|p2a: Polteageist|spd|1
|-boost|p2a: Polteageist|atk|2
|-boost|p2a: Polteageist|spa|2
|-boost|p2a: Polteageist|spe|2
|
|upkeep
|turn|3
|
|t:|1743818230
|move|p2a: Polteageist|Stored Power|p1a: Delibird
|-damage|p1a: Delibird|0 fnt
|faint|p1a: Delibird
|
|upkeep
|
|t:|1743818237
|switch|p1a: Hatterene|Hatterene, F|100/100
|turn|4
|
|t:|1743818244
|move|p2a: Polteageist|Shadow Ball|p1a: Hatterene
|-supereffective|p1a: Hatterene
|-enditem|p1a: Hatterene|Focus Sash
|-damage|p1a: Hatterene|1/100
|-unboost|p1a: Hatterene|spd|1
|move|p1a: Hatterene|Trick Room|p1a: Hatterene
|-fieldstart|move: Trick Room|[of] p1a: Hatterene
|
|upkeep
|turn|5
|
|t:|1743818261
|switch|p2a: Gliscor|Gliscor, M|100/100
|move|p1a: Hatterene|Psychic Noise|p2a: Gliscor
|-damage|p2a: Gliscor|49/100
|-start|p2a: Gliscor|move: Heal Block
|
|-status|p2a: Gliscor|tox|[from] item: Toxic Orb
|upkeep
|turn|6
|
|t:|1743818270
|move|p2a: Gliscor|Protect|p2a: Gliscor
|-singleturn|p2a: Gliscor|Protect
|move|p1a: Hatterene|Psychic Noise|p2a: Gliscor
|-activate|p2a: Gliscor|move: Protect
|
|-end|p2a: Gliscor|move: Heal Block
|upkeep
|turn|7
|
|t:|1743818282
|switch|p2a: Slowking|Slowking-Galar, F|100/100
|move|p1a: Hatterene|Psychic Noise|p2a: Slowking
|-damage|p2a: Slowking|74/100
|-start|p2a: Slowking|move: Heal Block
|
|upkeep
|turn|8
|
|t:|1743818293
|move|p1a: Hatterene|Dazzling Gleam|p2a: Slowking
|-resisted|p2a: Slowking
|-damage|p2a: Slowking|59/100
|move|p2a: Slowking|Sludge Bomb|p1a: Hatterene
|-supereffective|p1a: Hatterene
|-damage|p1a: Hatterene|0 fnt
|faint|p1a: Hatterene
|
|-end|p2a: Slowking|move: Heal Block
|-fieldend|move: Trick Room
|upkeep
|
|t:|1743818311
|switch|p1a: Orthworm|Orthworm, F|100/100
|turn|9
|
|t:|1743818320
|move|p1a: Orthworm|Earthquake|p2a: Slowking
|-supereffective|p2a: Slowking
|-damage|p2a: Slowking|3/100
|move|p2a: Slowking|Flamethrower|p1a: Orthworm
|-supereffective|p1a: Orthworm
|-damage|p1a: Orthworm|28/100
|-status|p1a: Orthworm|brn
|
|-heal|p1a: Orthworm|34/100 brn|[from] item: Leftovers
|-heal|p2a: Slowking|9/100|[from] item: Leftovers
|-damage|p1a: Orthworm|28/100 brn|[from] brn
|upkeep
|turn|10
|
|t:|1743818329
|switch|p2a: Gliscor|Gliscor, M|49/100 tox
|move|p1a: Orthworm|Iron Head|p2a: Gliscor
|-damage|p2a: Gliscor|38/100 tox
|
|-heal|p1a: Orthworm|34/100 brn|[from] item: Leftovers
|-heal|p2a: Gliscor|51/100 tox|[from] ability: Poison Heal
|-damage|p1a: Orthworm|28/100 brn|[from] brn
|upkeep
|turn|11
|
|t:|1743818335
|move|p2a: Gliscor|Knock Off|p1a: Orthworm
|-damage|p1a: Orthworm|13/100 brn
|-enditem|p1a: Orthworm|Leftovers|[from] move: Knock Off|[of] p2a: Gliscor
|move|p1a: Orthworm|Iron Head|p2a: Gliscor
|-damage|p2a: Gliscor|41/100 tox
|
|-heal|p2a: Gliscor|54/100 tox|[from] ability: Poison Heal
|-damage|p1a: Orthworm|7/100 brn|[from] brn
|upkeep
|turn|12
|
|t:|1743818342
|move|p2a: Gliscor|Substitute|p2a: Gliscor
|-start|p2a: Gliscor|Substitute
|-damage|p2a: Gliscor|29/100 tox
|move|p1a: Orthworm|Iron Head|p2a: Gliscor
|-activate|p2a: Gliscor|move: Substitute|[damage]
|
|-heal|p2a: Gliscor|41/100 tox|[from] ability: Poison Heal
|-damage|p1a: Orthworm|1/100 brn|[from] brn
|upkeep
|turn|13
|
|t:|1743818347
|move|p2a: Gliscor|Protect|p2a: Gliscor
|-singleturn|p2a: Gliscor|Protect
|move|p1a: Orthworm|Iron Head|p2a: Gliscor
|-activate|p2a: Gliscor|move: Protect
|
|-heal|p2a: Gliscor|54/100 tox|[from] ability: Poison Heal
|-damage|p1a: Orthworm|0 fnt|[from] brn
|faint|p1a: Orthworm
|upkeep
|
|t:|1743818354
|switch|p1a: Barraskewda|Barraskewda, F|100/100
|turn|14
|inactive|nrkjr45 has 120 seconds left.
|
|t:|1743818387
|move|p1a: Barraskewda|Liquidation|p2a: Gliscor
|-supereffective|p2a: Gliscor
|-end|p2a: Gliscor|Substitute
|move|p2a: Gliscor|Knock Off|p1a: Barraskewda
|-damage|p1a: Barraskewda|56/100
|-enditem|p1a: Barraskewda|Choice Band|[from] move: Knock Off|[of] p2a: Gliscor
|
|-heal|p2a: Gliscor|66/100 tox|[from] ability: Poison Heal
|upkeep
|turn|15
|
|t:|1743818395
|move|p2a: Gliscor|Protect|p2a: Gliscor
|-singleturn|p2a: Gliscor|Protect
|move|p1a: Barraskewda|Liquidation|p2a: Gliscor
|-activate|p2a: Gliscor|move: Protect
|
|-heal|p2a: Gliscor|79/100 tox|[from] ability: Poison Heal
|upkeep
|turn|16
|
|t:|1743818407
|move|p1a: Barraskewda|Liquidation|p2a: Gliscor
|-supereffective|p2a: Gliscor
|-damage|p2a: Gliscor|25/100 tox
|-unboost|p2a: Gliscor|def|1
|move|p2a: Gliscor|Toxic|p1a: Barraskewda
|-status|p1a: Barraskewda|tox
|
|-damage|p1a: Barraskewda|50/100 tox|[from] psn
|-heal|p2a: Gliscor|37/100 tox|[from] ability: Poison Heal
|upkeep
|turn|17
|
|t:|1743818422
|switch|p1a: Infernape|Infernape, F|100/100
|move|p2a: Gliscor|Protect||[still]
|-fail|p2a: Gliscor
|
|-heal|p2a: Gliscor|49/100 tox|[from] ability: Poison Heal
|upkeep
|turn|18
|
|t:|1743818437
|move|p1a: Infernape|Fire Punch|p2a: Gliscor
|-damage|p2a: Gliscor|16/100 tox
|move|p2a: Gliscor|Toxic|p1a: Infernape
|-status|p1a: Infernape|tox
|
|-damage|p1a: Infernape|94/100 tox|[from] psn
|-heal|p2a: Gliscor|28/100 tox|[from] ability: Poison Heal
|upkeep
|turn|19
|
|t:|1743818447
|switch|p1a: Barraskewda|Barraskewda, F|50/100 tox
|move|p2a: Gliscor|Protect||[still]
|-fail|p2a: Gliscor
|
|-damage|p1a: Barraskewda|44/100 tox|[from] psn
|-heal|p2a: Gliscor|41/100 tox|[from] ability: Poison Heal
|upkeep
|turn|20
|
|t:|1743818455
|move|p2a: Gliscor|Protect|p2a: Gliscor
|-singleturn|p2a: Gliscor|Protect
|move|p1a: Barraskewda|Liquidation|p2a: Gliscor
|-activate|p2a: Gliscor|move: Protect
|
|-damage|p1a: Barraskewda|32/100 tox|[from] psn
|-heal|p2a: Gliscor|53/100 tox|[from] ability: Poison Heal
|upkeep
|turn|21
|
|t:|1743818469
|move|p1a: Barraskewda|Liquidation|p2a: Gliscor
|-supereffective|p2a: Gliscor
|-damage|p2a: Gliscor|0 fnt
|faint|p2a: Gliscor
|
|-damage|p1a: Barraskewda|14/100 tox|[from] psn
|upkeep
|inactive|nrkjr45 has 120 seconds left.
|
|t:|1743818495
|switch|p2a: Polteageist|Polteageist|100/100
|turn|22
|inactive|nrkjr45 has 120 seconds left.
|
|t:|1743818513
|move|p1a: Barraskewda|Liquidation|p2a: Polteageist
|-damage|p2a: Polteageist|9/100
|-ability|p2a: Polteageist|Weak Armor|boost
|-unboost|p2a: Polteageist|def|1
|-boost|p2a: Polteageist|spe|2
|move|p2a: Polteageist|Shell Smash|p2a: Polteageist
|-unboost|p2a: Polteageist|def|1
|-unboost|p2a: Polteageist|spd|1
|-boost|p2a: Polteageist|atk|2
|-boost|p2a: Polteageist|spa|2
|-boost|p2a: Polteageist|spe|2
|
|-damage|p1a: Barraskewda|0 fnt|[from] psn
|faint|p1a: Barraskewda
|upkeep
|
|t:|1743818526
|switch|p1a: Iron Hands|Iron Hands|100/100
|turn|23
|
|t:|1743818531
|move|p2a: Polteageist|Stored Power|p1a: Iron Hands
|-supereffective|p1a: Iron Hands
|-damage|p1a: Iron Hands|0 fnt
|faint|p1a: Iron Hands
|-end|p1a: Iron Hands|Quark Drive|[silent]
|
|upkeep
|
|t:|1743818534
|switch|p1a: Infernape|Infernape, F|94/100 tox
|turn|24
|
|t:|1743818541
|-terastallize|p1a: Infernape|Fire
|move|p2a: Polteageist|Stored Power|p1a: Infernape
|-damage|p1a: Infernape|0 fnt
|faint|p1a: Infernape
|
|win|nrkjr45
|raw|Ball17's rating: 1157 &rarr; <strong>1130</strong><br />(-27 for losing)
|raw|nrkjr45's rating: 1128 &rarr; <strong>1155</strong><br />(+27 for winning)
|l|☆Ball17
|player|p1|
|l|☆nrkjr45
|player|p2|
