|j|☆Rookie22
|j|☆phdpokemon696969
|t:|1743794506
|gametype|singles
|player|p1|Rookie22|iris-gen5bw2|1639
|player|p2|phdpokemon696969|dancer|1731
|teamsize|p1|6
|teamsize|p2|6
|gen|9
|tier|[Gen 9] OU
|rated|
|rule|HP Percentage Mod: HP is shown in percentages
|rule|Endless Battle Clause: Forcing endless battles is banned
|rule|Species Clause: Limit one of each Pokémon
|rule|OHKO Clause: OHKO moves are banned
|rule|Evasion Items Clause: Evasion items are banned
|rule|Evasion Moves Clause: Evasion moves are banned
|rule|Sleep Moves Clause: Sleep-inducing moves are banned
|clearpoke
|poke|p1|Iron Crown|
|poke|p1|Meowscarada, F|
|poke|p1|Dragonite, F|
|poke|p1|Keldeo|
|poke|p1|Great Tusk|
|poke|p1|Raging Bolt|
|poke|p2|Ninetales, F|
|poke|p2|Walking Wake|
|poke|p2|Great Tusk|
|poke|p2|Ceruledge, F|
|poke|p2|Raging Bolt|
|poke|p2|Latios, M|
|teampreview
|inactive|Battle timer is ON: inactive players will automatically lose when time's up. (requested by Rookie22)
|
|t:|1743794521
|start
|switch|p1a: Raging Bolt|Raging Bolt|100/100
|switch|p2a: Ninetales|Ninetales, F|100/100
|-weather|SunnyDay|[from] ability: Drought|[of] p2a: Ninetales
|-activate|p1a: Raging Bolt|ability: Protosynthesis
|-start|p1a: Raging Bolt|protosynthesisspa
|turn|1
|
|t:|1743794527
|move|p2a: Ninetales|Healing Wish|p2a: Ninetales
|faint|p2a: Ninetales
|move|p1a: Raging Bolt|Calm Mind|p1a: Raging Bolt
|-boost|p1a: Raging Bolt|spa|1
|-boost|p1a: Raging Bolt|spd|1
|
|-weather|SunnyDay|[upkeep]
|upkeep
|
|t:|1743794534
|switch|p2a: Great Tusk|Great Tusk|100/100
|-activate|p2a: Great Tusk|ability: Protosynthesis
|-start|p2a: Great Tusk|protosynthesisatk
|turn|2
|
|t:|1743794538
|-terastallize|p1a: Raging Bolt|Fairy
|move|p2a: Great Tusk|Headlong Rush|p1a: Raging Bolt
|-damage|p1a: Raging Bolt|0 fnt
|-unboost|p2a: Great Tusk|def|1
|-unboost|p2a: Great Tusk|spd|1
|faint|p1a: Raging Bolt
|-end|p1a: Raging Bolt|Protosynthesis|[silent]
|
|-weather|SunnyDay|[upkeep]
|upkeep
|
|t:|1743794560
|switch|p1a: Meowscarada|Meowscarada, F|100/100
|turn|3
|
|t:|1743794569
|-end|p2a: Great Tusk|Protosynthesis|[silent]
|switch|p2a: Walking Wake|Walking Wake|100/100
|-activate|p2a: Walking Wake|ability: Protosynthesis
|-start|p2a: Walking Wake|protosynthesisspe
|move|p1a: Meowscarada|Flower Trick|p2a: Walking Wake
|-start|p1a: Meowscarada|typechange|Grass|[from] ability: Protean
|-crit|p2a: Walking Wake
|-damage|p2a: Walking Wake|49/100
|
|-weather|SunnyDay|[upkeep]
|upkeep
|turn|4
|j| Pokemon Malarkey
|l| Pokemon Malarkey
|inactive|Rookie22 has 120 seconds left.
|
|t:|1743794601
|switch|p1a: Lisan Al Gaib|Keldeo|100/100
|move|p2a: Walking Wake|Flamethrower|p1a: Lisan Al Gaib
|-resisted|p1a: Lisan Al Gaib
|-damage|p1a: Lisan Al Gaib|76/100
|
|-weather|SunnyDay|[upkeep]
|upkeep
|turn|5
|inactive|Rookie22 has 120 seconds left.
|
|t:|1743794614
|-end|p2a: Walking Wake|Protosynthesis|[silent]
|switch|p2a: Raging Bolt|Raging Bolt|100/100
|-activate|p2a: Raging Bolt|ability: Protosynthesis
|-start|p2a: Raging Bolt|protosynthesisspa
|move|p1a: Lisan Al Gaib|Aura Sphere|p2a: Raging Bolt
|-damage|p2a: Raging Bolt|35/100
|
|-weather|SunnyDay|[upkeep]
|upkeep
|turn|6
|
|t:|1743794621
|switch|p1a: Iron Crown|Iron Crown|100/100
|-end|p2a: Raging Bolt|Protosynthesis|[silent]
|switch|p2a: Ceruledge|Ceruledge, F|100/100
|
|-weather|SunnyDay|[upkeep]
|upkeep
|turn|7
|j| hrtyesfdsV
|
|t:|1743794628
|move|p1a: Iron Crown|Volt Switch|p2a: Ceruledge
|-damage|p2a: Ceruledge|74/100
|
|t:|1743794632
|-end|p1a: Iron Crown|Quark Drive|[silent]
|switch|p1a: Great Tusk|Great Tusk|100/100|[from] Volt Switch
|-activate|p1a: Great Tusk|ability: Protosynthesis
|-start|p1a: Great Tusk|protosynthesisatk
|move|p2a: Ceruledge|Bitter Blade|p1a: Great Tusk
|-damage|p1a: Great Tusk|60/100
|-heal|p2a: Ceruledge|99/100|[from] drain|[of] p1a: Great Tusk
|
|-weather|SunnyDay|[upkeep]
|-heal|p1a: Great Tusk|66/100|[from] item: Leftovers
|upkeep
|turn|8
|
|t:|1743794640
|move|p2a: Ceruledge|Bitter Blade|p1a: Great Tusk
|-damage|p1a: Great Tusk|24/100
|-heal|p2a: Ceruledge|100/100|[from] drain|[of] p1a: Great Tusk
|move|p1a: Great Tusk|Earthquake|p2a: Ceruledge
|-supereffective|p2a: Ceruledge
|-enditem|p2a: Ceruledge|Focus Sash
|-damage|p2a: Ceruledge|1/100
|-ability|p2a: Ceruledge|Weak Armor|boost
|-unboost|p2a: Ceruledge|def|1
|-boost|p2a: Ceruledge|spe|2
|
|-weather|none
|-end|p1a: Great Tusk|Protosynthesis
|-heal|p1a: Great Tusk|30/100|[from] item: Leftovers
|upkeep
|turn|9
|
|t:|1743794652
|move|p2a: Ceruledge|Bitter Blade|p1a: Great Tusk
|-damage|p1a: Great Tusk|0 fnt
|-heal|p2a: Ceruledge|20/100|[from] drain|[of] p1a: Great Tusk
|faint|p1a: Great Tusk
|-end|p1a: Great Tusk|Protosynthesis|[silent]
|
|upkeep
|
|t:|1743794675
|switch|p1a: Lisan Al Gaib|Keldeo|76/100
|turn|10
|inactive|phdpokemon696969 has 120 seconds left.
|
|t:|1743794723
|switch|p2a: Latios|Latios, M|100/100
|move|p1a: Lisan Al Gaib|Surf|p2a: Latios
|-resisted|p2a: Latios
|-damage|p2a: Latios|62/100
|
|upkeep
|turn|11
|inactive|Rookie22 has 120 seconds left.
|
|t:|1743794775
|switch|p1a: Meowscarada|Meowscarada, F|100/100
|move|p2a: Latios|Flip Turn|p1a: Meowscarada
|-resisted|p1a: Meowscarada
|-damage|p1a: Meowscarada|92/100
|inactive|phdpokemon696969 has 90 seconds left.
|inactive|phdpokemon696969 has 60 seconds left.
|
|t:|1743794818
|switch|p2a: Raging Bolt|Raging Bolt|35/100|[from] Flip Turn
|-heal|p2a: Raging Bolt|100/100|[from] move: Healing Wish
|
|upkeep
|turn|12
|inactive|phdpokemon696969 has 60 seconds left.
|
|t:|1743794835
|move|p1a: Meowscarada|Triple Axel|p2a: Raging Bolt|[miss]
|-start|p1a: Meowscarada|typechange|Ice|[from] ability: Protean
|-miss|p1a: Meowscarada|p2a: Raging Bolt
|move|p2a: Raging Bolt|Thunderbolt|p1a: Meowscarada
|-damage|p1a: Meowscarada|0 fnt
|faint|p1a: Meowscarada
|
|upkeep
|
|t:|1743794843
|switch|p1a: Iron Crown|Iron Crown|100/100
|turn|13
|
|t:|1743794855
|move|p1a: Iron Crown|Psyshock|p2a: Raging Bolt
|-damage|p2a: Raging Bolt|60/100
|move|p2a: Raging Bolt|Thunderbolt|p1a: Iron Crown
|-damage|p1a: Iron Crown|47/100
|-status|p1a: Iron Crown|par
|
|upkeep
|turn|14
|
|t:|1743794859
|move|p2a: Raging Bolt|Thunderbolt|p1a: Iron Crown
|-damage|p1a: Iron Crown|0 fnt
|faint|p1a: Iron Crown
|-end|p1a: Iron Crown|Quark Drive|[silent]
|
|upkeep
|l|☆Rookie22
|inactive|Rookie22 disconnected and has a minute to reconnect!
|player|p1|
|l| hrtyesfdsV
|inactive|Rookie22 has 30 seconds to reconnect!
|inactive|Rookie22 has 20 seconds to reconnect!
|inactive|Rookie22 has 15 seconds to reconnect!
|inactive|Rookie22 has 10 seconds to reconnect!
|inactive|Rookie22 has 5 seconds to reconnect!
|-message|Rookie22 lost due to inactivity.
|
|win|phdpokemon696969
|raw|Rookie22's rating: 1639 &rarr; <strong>1624</strong><br />(-15 for losing)
|raw|phdpokemon696969's rating: 1731 &rarr; <strong>1746</strong><br />(+15 for winning)
|l|☆phdpokemon696969
|player|p2|
