|j|‽esteostrali
|j|☆Rocktar Made
|t:|1743832519
|gametype|singles
|player|p1|esteostrali|dragontamer|1612
|player|p2|Rocktar Made|lass-gen4dp|1675
|teamsize|p1|6
|teamsize|p2|6
|gen|9
|tier|[Gen 9] OU
|rated|
|rule|HP Percentage Mod: HP is shown in percentages
|rule|Endless Battle Clause: Forcing endless battles is banned
|rule|Species Clause: Limit one of each Pokémon
|rule|OHKO Clause: OHKO moves are banned
|rule|Evasion Items Clause: Evasion items are banned
|rule|Evasion Moves Clause: Evasion moves are banned
|rule|Sleep Moves Clause: Sleep-inducing moves are banned
|clearpoke
|poke|p1|Weavile, F|
|poke|p1|Raging Bolt|
|poke|p1|Rillaboom, M|
|poke|p1|Iron Crown|
|poke|p1|Pecharunt|
|poke|p1|Great Tusk|
|poke|p2|Weezing-Galar, M|
|poke|p2|Alomomola, M|
|poke|p2|Enamorus, F|
|poke|p2|Iron Treads|
|poke|p2|Zoroark-Hisui, M|
|poke|p2|Zamazenta-*|
|teampreview
|inactive|Battle timer is ON: inactive players will automatically lose when time's up. (requested by Rocktar Made)
|j| rolanduk3
|
|t:|1743832545
|start
|switch|p1a: Weavile|Weavile, F|100/100
|switch|p2a: Alomomola|Alomomola, M|100/100
|-ability|p1a: Weavile|Pressure
|turn|1
|
|t:|1743832552
|switch|p2a: Weezing|Weezing-Galar, M|100/100
|-ability|p2a: Weezing|Neutralizing Gas
|move|p1a: Weavile|Knock Off|p2a: Weezing
|-resisted|p2a: Weezing
|-damage|p2a: Weezing|84/100
|-enditem|p2a: Weezing|Leftovers|[from] move: Knock Off|[of] p1a: Weavile
|
|upkeep
|turn|2
|
|t:|1743832565
|switch|p1a: Pecharunt|Pecharunt|100/100
|move|p2a: Weezing|Will-O-Wisp|p1a: Pecharunt
|-status|p1a: Pecharunt|brn
|
|-damage|p1a: Pecharunt|94/100 brn|[from] brn
|upkeep
|turn|3
|
|t:|1743832574
|-end|p2a: Weezing|ability: Neutralizing Gas
|switch|p2a: Alomomola|Alomomola, M|100/100
|move|p1a: Pecharunt|Shadow Ball|p2a: Alomomola
|-immune|p2a: Alomomola
|
|-damage|p1a: Pecharunt|88/100 brn|[from] brn
|upkeep
|turn|4
|
|t:|1743832594
|switch|p1a: Weavile|Weavile, F|100/100
|-ability|p1a: Weavile|Pressure
|move|p2a: Alomomola|U-turn|p1a: Weavile
|-supereffective|p1a: Weavile
|-damage|p1a: Weavile|46/100
|
|t:|1743832597
|switch|p2a: Weezing|Weezing-Galar, M|84/100|[from] U-turn
|-ability|p2a: Weezing|Neutralizing Gas
|
|upkeep
|turn|5
|
|t:|1743832603
|switch|p1a: Pecharunt|Pecharunt|88/100 brn
|move|p2a: Weezing|Strange Steam|p1a: Pecharunt
|-resisted|p1a: Pecharunt
|-damage|p1a: Pecharunt|75/100 brn
|-start|p1a: Pecharunt|confusion
|
|-damage|p1a: Pecharunt|69/100 brn|[from] brn
|upkeep
|turn|6
|
|t:|1743832610
|-end|p2a: Weezing|ability: Neutralizing Gas
|switch|p2a: Iron Treads|Iron Treads|100/100
|-activate|p1a: Pecharunt|confusion
|move|p1a: Pecharunt|Malignant Chain|p2a: Iron Treads
|-immune|p2a: Iron Treads
|
|-damage|p1a: Pecharunt|63/100 brn|[from] brn
|upkeep
|turn|7
|
|t:|1743832615
|move|p2a: Iron Treads|Stealth Rock|p1a: Pecharunt
|-sidestart|p1: esteostrali|move: Stealth Rock
|-end|p1a: Pecharunt|confusion
|move|p1a: Pecharunt|Recover|p1a: Pecharunt
|-heal|p1a: Pecharunt|100/100 brn
|
|-damage|p1a: Pecharunt|94/100 brn|[from] brn
|upkeep
|turn|8
|
|t:|1743832618
|move|p2a: Iron Treads|Knock Off|p1a: Pecharunt
|-supereffective|p1a: Pecharunt
|-damage|p1a: Pecharunt|62/100 brn
|-enditem|p1a: Pecharunt|Heavy-Duty Boots|[from] move: Knock Off|[of] p2a: Iron Treads
|move|p1a: Pecharunt|Shadow Ball|p2a: Iron Treads
|-damage|p2a: Iron Treads|72/100
|
|-heal|p2a: Iron Treads|78/100|[from] item: Leftovers
|-damage|p1a: Pecharunt|56/100 brn|[from] brn
|upkeep
|turn|9
|
|t:|1743832621
|move|p2a: Iron Treads|Earthquake|p1a: Pecharunt
|-supereffective|p1a: Pecharunt
|-damage|p1a: Pecharunt|7/100 brn
|move|p1a: Pecharunt|Recover|p1a: Pecharunt
|-heal|p1a: Pecharunt|57/100 brn
|
|-heal|p2a: Iron Treads|84/100|[from] item: Leftovers
|-damage|p1a: Pecharunt|51/100 brn|[from] brn
|upkeep
|turn|10
|
|t:|1743832625
|move|p2a: Iron Treads|Earthquake|p1a: Pecharunt
|-supereffective|p1a: Pecharunt
|-damage|p1a: Pecharunt|5/100 brn
|move|p1a: Pecharunt|Recover|p1a: Pecharunt
|-heal|p1a: Pecharunt|55/100 brn
|
|-heal|p2a: Iron Treads|90/100|[from] item: Leftovers
|-damage|p1a: Pecharunt|49/100 brn|[from] brn
|upkeep
|turn|11
|
|t:|1743832629
|switch|p1a: Rillaboom|Rillaboom, M|100/100
|-damage|p1a: Rillaboom|88/100|[from] Stealth Rock
|-fieldstart|move: Grassy Terrain|[from] ability: Grassy Surge|[of] p1a: Rillaboom
|move|p2a: Iron Treads|Earthquake|p1a: Rillaboom
|-resisted|p1a: Rillaboom
|-damage|p1a: Rillaboom|79/100
|
|-heal|p1a: Rillaboom|85/100|[from] Grassy Terrain
|-heal|p2a: Iron Treads|97/100|[from] Grassy Terrain
|-heal|p2a: Iron Treads|100/100|[from] item: Leftovers
|upkeep
|turn|12
|
|t:|1743832638
|move|p1a: Rillaboom|Wood Hammer|p2a: Iron Treads
|-damage|p2a: Iron Treads|14/100
|-damage|p1a: Rillaboom|52/100|[from] Recoil
|move|p2a: Iron Treads|Knock Off|p1a: Rillaboom
|-damage|p1a: Rillaboom|26/100
|-enditem|p1a: Rillaboom|Choice Band|[from] move: Knock Off|[of] p2a: Iron Treads
|
|-heal|p1a: Rillaboom|32/100|[from] Grassy Terrain
|-heal|p2a: Iron Treads|20/100|[from] Grassy Terrain
|-heal|p2a: Iron Treads|26/100|[from] item: Leftovers
|upkeep
|turn|13
|
|t:|1743832644
|-end|p2a: Iron Treads|Quark Drive|[silent]
|switch|p2a: Weezing|Weezing-Galar, M|84/100
|-ability|p2a: Weezing|Neutralizing Gas
|move|p1a: Rillaboom|Grassy Glide|p2a: Weezing
|-resisted|p2a: Weezing
|-damage|p2a: Weezing|71/100
|
|-heal|p1a: Rillaboom|38/100|[from] Grassy Terrain
|-heal|p2a: Weezing|77/100|[from] Grassy Terrain
|upkeep
|turn|14
|
|t:|1743832650
|move|p1a: Rillaboom|U-turn|p2a: Weezing
|-resisted|p2a: Weezing
|-damage|p2a: Weezing|74/100
|
|t:|1743832652
|switch|p1a: Pecharunt|Pecharunt|49/100 brn|[from] U-turn
|-damage|p1a: Pecharunt|37/100 brn|[from] Stealth Rock
|move|p2a: Weezing|Strange Steam|p1a: Pecharunt
|-resisted|p1a: Pecharunt
|-damage|p1a: Pecharunt|22/100 brn
|
|-heal|p1a: Pecharunt|28/100 brn|[from] Grassy Terrain
|-heal|p2a: Weezing|80/100|[from] Grassy Terrain
|-damage|p1a: Pecharunt|22/100 brn|[from] brn
|upkeep
|turn|15
|
|t:|1743832656
|-end|p2a: Weezing|ability: Neutralizing Gas
|switch|p2a: Iron Treads|Iron Treads|26/100
|move|p1a: Pecharunt|Recover|p1a: Pecharunt
|-heal|p1a: Pecharunt|72/100 brn
|
|-heal|p2a: Iron Treads|33/100|[from] Grassy Terrain
|-heal|p2a: Iron Treads|39/100|[from] item: Leftovers
|-heal|p1a: Pecharunt|78/100 brn|[from] Grassy Terrain
|-damage|p1a: Pecharunt|72/100 brn|[from] brn
|-fieldend|move: Grassy Terrain
|upkeep
|turn|16
|
|t:|1743832662
|move|p2a: Iron Treads|Earthquake|p1a: Pecharunt
|-supereffective|p1a: Pecharunt
|-damage|p1a: Pecharunt|29/100 brn
|move|p1a: Pecharunt|Shadow Ball|p2a: Iron Treads
|-damage|p2a: Iron Treads|11/100
|
|-heal|p2a: Iron Treads|18/100|[from] item: Leftovers
|-damage|p1a: Pecharunt|23/100 brn|[from] brn
|upkeep
|turn|17
|
|t:|1743832668
|move|p2a: Iron Treads|Earthquake|p1a: Pecharunt
|-supereffective|p1a: Pecharunt
|-damage|p1a: Pecharunt|0 fnt
|faint|p1a: Pecharunt
|
|-heal|p2a: Iron Treads|24/100|[from] item: Leftovers
|upkeep
|
|t:|1743832681
|switch|p1a: Rillaboom|Rillaboom, M|38/100
|-damage|p1a: Rillaboom|26/100|[from] Stealth Rock
|-fieldstart|move: Grassy Terrain|[from] ability: Grassy Surge|[of] p1a: Rillaboom
|turn|18
|
|t:|1743832685
|-end|p2a: Iron Treads|Quark Drive|[silent]
|switch|p2a: Weezing|Weezing-Galar, M|80/100
|-ability|p2a: Weezing|Neutralizing Gas
|move|p1a: Rillaboom|Grassy Glide|p2a: Weezing
|-resisted|p2a: Weezing
|-crit|p2a: Weezing
|-damage|p2a: Weezing|60/100
|
|-heal|p1a: Rillaboom|32/100|[from] Grassy Terrain
|-heal|p2a: Weezing|66/100|[from] Grassy Terrain
|upkeep
|turn|19
|
|t:|1743832690
|move|p1a: Rillaboom|U-turn|p2a: Weezing
|-resisted|p2a: Weezing
|-damage|p2a: Weezing|62/100
|
|t:|1743832695
|switch|p1a: Iron Crown|Iron Crown|100/100|[from] U-turn
|-damage|p1a: Iron Crown|94/100|[from] Stealth Rock
|move|p2a: Weezing|Will-O-Wisp|p1a: Iron Crown
|-status|p1a: Iron Crown|brn
|
|-heal|p1a: Iron Crown|100/100 brn|[from] Grassy Terrain
|-heal|p2a: Weezing|68/100|[from] Grassy Terrain
|-damage|p1a: Iron Crown|94/100 brn|[from] brn
|upkeep
|turn|20
|
|t:|1743832698
|-end|p2a: Weezing|ability: Neutralizing Gas
|switch|p2a: Alomomola|Alomomola, M|100/100
|-enditem|p1a: Iron Crown|Booster Energy
|-activate|p1a: Iron Crown|ability: Quark Drive|[fromitem]
|-start|p1a: Iron Crown|quarkdrivespe
|move|p1a: Iron Crown|Calm Mind|p1a: Iron Crown
|-boost|p1a: Iron Crown|spa|1
|-boost|p1a: Iron Crown|spd|1
|
|-heal|p1a: Iron Crown|100/100 brn|[from] Grassy Terrain
|-damage|p1a: Iron Crown|94/100 brn|[from] brn
|upkeep
|turn|21
|
|t:|1743832710
|move|p1a: Iron Crown|Calm Mind|p1a: Iron Crown
|-boost|p1a: Iron Crown|spa|1
|-boost|p1a: Iron Crown|spd|1
|move|p2a: Alomomola|Flip Turn|p1a: Iron Crown
|-damage|p1a: Iron Crown|79/100 brn
|
|t:|1743832712
|switch|p2a: Zamazenta|Zamazenta|100/100|[from] Flip Turn
|-ability|p2a: Zamazenta|Dauntless Shield|boost
|-boost|p2a: Zamazenta|def|1
|
|-heal|p1a: Iron Crown|85/100 brn|[from] Grassy Terrain
|-damage|p1a: Iron Crown|79/100 brn|[from] brn
|upkeep
|turn|22
|
|t:|1743832715
|-terastallize|p2a: Zamazenta|Dark
|move|p1a: Iron Crown|Psychic Noise|p2a: Zamazenta
|-immune|p2a: Zamazenta
|move|p2a: Zamazenta|Close Combat|p1a: Iron Crown
|-damage|p1a: Iron Crown|11/100 brn
|-unboost|p2a: Zamazenta|def|1
|-unboost|p2a: Zamazenta|spd|1
|-damage|p2a: Zamazenta|91/100|[from] item: Life Orb
|
|-heal|p1a: Iron Crown|17/100 brn|[from] Grassy Terrain
|-heal|p2a: Zamazenta|97/100|[from] Grassy Terrain
|-damage|p1a: Iron Crown|11/100 brn|[from] brn
|-fieldend|move: Grassy Terrain
|upkeep
|turn|23
|
|t:|1743832721
|switch|p2a: Alomomola|Alomomola, M|100/100
|move|p1a: Iron Crown|Tachyon Cutter|p2a: Alomomola
|-resisted|p2a: Alomomola
|-damage|p2a: Alomomola|88/100
|-resisted|p2a: Alomomola
|-damage|p2a: Alomomola|75/100
|-hitcount|p2a: Alomomola|2
|
|-damage|p1a: Iron Crown|4/100 brn|[from] brn
|upkeep
|turn|24
|
|t:|1743832727
|move|p1a: Iron Crown|Tachyon Cutter|p2a: Alomomola
|-resisted|p2a: Alomomola
|-damage|p2a: Alomomola|63/100
|-resisted|p2a: Alomomola
|-damage|p2a: Alomomola|51/100
|-hitcount|p2a: Alomomola|2
|move|p2a: Alomomola|Flip Turn|p1a: Iron Crown
|-damage|p1a: Iron Crown|0 fnt
|faint|p1a: Iron Crown
|-end|p1a: Iron Crown|Quark Drive|[silent]
|
|t:|1743832735
|switch|p2a: Enamorus|Enamorus, F|100/100|[from] Flip Turn
|
|upkeep
|
|t:|1743832744
|switch|p1a: Weavile|Weavile, F|46/100
|-ability|p1a: Weavile|Pressure
|turn|25
|
|t:|1743832748
|move|p1a: Weavile|Ice Shard|p2a: Enamorus
|-supereffective|p2a: Enamorus
|-damage|p2a: Enamorus|40/100
|move|p2a: Enamorus|Moonblast|p1a: Weavile
|-supereffective|p1a: Weavile
|-damage|p1a: Weavile|0 fnt
|faint|p1a: Weavile
|
|upkeep
|
|t:|1743832762
|switch|p1a: Rillaboom|Rillaboom, M|32/100
|-damage|p1a: Rillaboom|20/100|[from] Stealth Rock
|-fieldstart|move: Grassy Terrain|[from] ability: Grassy Surge|[of] p1a: Rillaboom
|turn|26
|
|t:|1743832768
|move|p1a: Rillaboom|Grassy Glide|p2a: Enamorus
|-resisted|p2a: Enamorus
|-damage|p2a: Enamorus|10/100
|move|p2a: Enamorus|Moonblast|p1a: Rillaboom
|-damage|p1a: Rillaboom|0 fnt
|faint|p1a: Rillaboom
|
|upkeep
|
|t:|1743832772
|switch|p1a: Raging Bolt|Raging Bolt|100/100
|-damage|p1a: Raging Bolt|88/100|[from] Stealth Rock
|turn|27
|
|t:|1743832775
|-terastallize|p1a: Raging Bolt|Fairy
|move|p2a: Enamorus|Moonblast|p1a: Raging Bolt
|-damage|p1a: Raging Bolt|42/100
|move|p1a: Raging Bolt|Calm Mind|p1a: Raging Bolt
|-boost|p1a: Raging Bolt|spa|1
|-boost|p1a: Raging Bolt|spd|1
|
|-heal|p1a: Raging Bolt|48/100|[from] Grassy Terrain
|-heal|p1a: Raging Bolt|54/100|[from] item: Leftovers
|upkeep
|turn|28
|
|t:|1743832780
|move|p1a: Raging Bolt|Thunderclap|p2a: Enamorus
|-supereffective|p2a: Enamorus
|-damage|p2a: Enamorus|0 fnt
|faint|p2a: Enamorus
|
|-heal|p1a: Raging Bolt|60/100|[from] Grassy Terrain
|-heal|p1a: Raging Bolt|66/100|[from] item: Leftovers
|upkeep
|
|t:|1743832782
|switch|p2a: Weezing|Weezing-Galar, M|100/100
|turn|29
|
|t:|1743832788
|move|p2a: Weezing|Trick|p1a: Raging Bolt
|-activate|p2a: Weezing|move: Trick|[of] p1a: Raging Bolt
|-item|p1a: Raging Bolt|Choice Specs|[from] move: Trick
|-item|p2a: Weezing|Leftovers|[from] move: Trick
|move|p1a: Raging Bolt|Thunderbolt|p2a: Weezing
|-damage|p2a: Weezing|0 fnt
|replace|p2a: Zoroark|Zoroark-Hisui, M
|-end|p2a: Zoroark|Illusion
|faint|p2a: Zoroark
|
|-heal|p1a: Raging Bolt|73/100|[from] Grassy Terrain
|upkeep
|
|t:|1743832796
|switch|p2a: Iron Treads|Iron Treads|24/100
|turn|30
|
|t:|1743832799
|-end|p1a: Raging Bolt|Protosynthesis|[silent]
|switch|p1a: Great Tusk|Great Tusk|100/100
|-damage|p1a: Great Tusk|98/100|[from] Stealth Rock
|-enditem|p1a: Great Tusk|Booster Energy
|-activate|p1a: Great Tusk|ability: Protosynthesis|[fromitem]
|-start|p1a: Great Tusk|protosynthesisspe
|move|p2a: Iron Treads|Knock Off|p1a: Great Tusk
|-resisted|p1a: Great Tusk
|-damage|p1a: Great Tusk|93/100
|
|-heal|p1a: Great Tusk|99/100|[from] Grassy Terrain
|-heal|p2a: Iron Treads|30/100|[from] Grassy Terrain
|-heal|p2a: Iron Treads|36/100|[from] item: Leftovers
|-fieldend|move: Grassy Terrain
|upkeep
|turn|31
|c| rolanduk3|omg
|
|t:|1743832805
|-end|p2a: Iron Treads|Quark Drive|[silent]
|switch|p2a: Alomomola|Alomomola, M|84/100
|move|p1a: Great Tusk|Rapid Spin|p2a: Alomomola
|-damage|p2a: Alomomola|75/100
|-boost|p1a: Great Tusk|spe|1
|-sideend|p1: esteostrali|Stealth Rock|[from] move: Rapid Spin|[of] p1a: Great Tusk
|
|upkeep
|turn|32
|
|t:|1743832819
|move|p1a: Great Tusk|Stealth Rock|p2a: Alomomola
|-sidestart|p2: Rocktar Made|move: Stealth Rock
|move|p2a: Alomomola|Scald|p1a: Great Tusk
|-supereffective|p1a: Great Tusk
|-damage|p1a: Great Tusk|61/100
|
|upkeep
|turn|33
|
|t:|1743832825
|move|p1a: Great Tusk|Headlong Rush|p2a: Alomomola
|-damage|p2a: Alomomola|43/100
|-unboost|p1a: Great Tusk|def|1
|-unboost|p1a: Great Tusk|spd|1
|move|p2a: Alomomola|Scald|p1a: Great Tusk
|-supereffective|p1a: Great Tusk
|-damage|p1a: Great Tusk|4/100
|-status|p1a: Great Tusk|brn
|
|-damage|p1a: Great Tusk|0 fnt|[from] brn
|faint|p1a: Great Tusk
|-end|p1a: Great Tusk|Protosynthesis|[silent]
|upkeep
|
|t:|1743832828
|switch|p1a: Raging Bolt|Raging Bolt, tera:Fairy|73/100
|turn|34
|
|t:|1743832834
|switch|p2a: Weezing|Weezing-Galar, M|68/100
|-ability|p2a: Weezing|Neutralizing Gas
|-damage|p2a: Weezing|56/100|[from] Stealth Rock
|move|p1a: Raging Bolt|Calm Mind|p1a: Raging Bolt
|-boost|p1a: Raging Bolt|spa|1
|-boost|p1a: Raging Bolt|spd|1
|
|upkeep
|turn|35
|-message|esteostrali forfeited.
|
|win|Rocktar Made
|raw|esteostrali's rating: 1612 &rarr; <strong>1596</strong><br />(-16 for losing)
|raw|Rocktar Made's rating: 1675 &rarr; <strong>1691</strong><br />(+16 for winning)
|l|‽esteostrali
|player|p1|
|l|☆Rocktar Made
|player|p2|
|l| rolanduk3
