|j|☆I Am The Shaman
|j|☆abrr6
|t:|1743847313
|gametype|singles
|player|p1|I Am The Shaman|rood|1441
|player|p2|abrr6|shadowtriad|1435
|teamsize|p1|6
|teamsize|p2|6
|gen|9
|tier|[Gen 9] OU
|rated|
|rule|HP Percentage Mod: HP is shown in percentages
|rule|Endless Battle Clause: Forcing endless battles is banned
|rule|Species Clause: Limit one of each Pokémon
|rule|OHKO Clause: OHKO moves are banned
|rule|Evasion Items Clause: Evasion items are banned
|rule|Evasion Moves Clause: Evasion moves are banned
|rule|Sleep Moves Clause: Sleep-inducing moves are banned
|clearpoke
|poke|p1|Dragonite, M|
|poke|p1|Ting-Lu|
|poke|p1|Gholdengo|
|poke|p1|Iron Valiant|
|poke|p1|Zamazenta-*|
|poke|p1|Kingambit, M|
|poke|p2|Bellibolt, M|
|poke|p2|Rillaboom, F|
|poke|p2|Alomomola, M|
|poke|p2|Tinkaton, F|
|poke|p2|Great Tusk|
|poke|p2|Dragapult, M|
|teampreview
|inactive|Battle timer is ON: inactive players will automatically lose when time's up. (requested by I Am The Shaman)
|
|t:|1743847344
|start
|switch|p1a: Ting-Lu|Ting-Lu|100/100
|switch|p2a: METRO BOOMER|Rillaboom, F|100/100
|-fieldstart|move: Grassy Terrain|[from] ability: Grassy Surge|[of] p2a: METRO BOOMER
|-ability|p1a: Ting-Lu|Vessel of Ruin
|turn|1
|inactive|I Am The Shaman has 120 seconds left.
|
|t:|1743847381
|switch|p1a: Kingambit|Kingambit, M|100/100
|move|p2a: METRO BOOMER|Wood Hammer|p1a: Kingambit
|-resisted|p1a: Kingambit
|-damage|p1a: Kingambit|46/100
|-damage|p2a: METRO BOOMER|84/100|[from] Recoil
|
|-heal|p2a: METRO BOOMER|90/100|[from] Grassy Terrain
|-heal|p1a: Kingambit|52/100|[from] Grassy Terrain
|upkeep
|turn|2
|inactive|I Am The Shaman has 120 seconds left.
|
|t:|1743847387
|move|p1a: Kingambit|Sucker Punch|p2a: METRO BOOMER
|-damage|p2a: METRO BOOMER|46/100
|move|p2a: METRO BOOMER|Wood Hammer|p1a: Kingambit
|-resisted|p1a: Kingambit
|-damage|p1a: Kingambit|1/100
|-damage|p2a: METRO BOOMER|30/100|[from] Recoil
|
|-heal|p2a: METRO BOOMER|37/100|[from] Grassy Terrain
|-heal|p1a: Kingambit|7/100|[from] Grassy Terrain
|upkeep
|turn|3
|
|t:|1743847396
|switch|p2a: ASAC TANK SCHRADER|Great Tusk|100/100
|move|p1a: Kingambit|Kowtow Cleave|p2a: ASAC TANK SCHRADER
|-resisted|p2a: ASAC TANK SCHRADER
|-damage|p2a: ASAC TANK SCHRADER|81/100
|
|-heal|p2a: ASAC TANK SCHRADER|87/100|[from] Grassy Terrain
|-heal|p1a: Kingambit|13/100|[from] Grassy Terrain
|upkeep
|turn|4
|
|t:|1743847424
|move|p2a: ASAC TANK SCHRADER|Headlong Rush|p1a: Kingambit
|-supereffective|p1a: Kingambit
|-damage|p1a: Kingambit|0 fnt
|-unboost|p2a: ASAC TANK SCHRADER|def|1
|-unboost|p2a: ASAC TANK SCHRADER|spd|1
|faint|p1a: Kingambit
|-end|p1a: Kingambit|fallenundefined|[silent]
|
|-heal|p2a: ASAC TANK SCHRADER|93/100|[from] Grassy Terrain
|upkeep
|
|t:|1743847431
|switch|p1a: Ting-Lu|Ting-Lu|100/100
|-ability|p1a: Ting-Lu|Vessel of Ruin
|turn|5
|
|t:|1743847434
|move|p2a: ASAC TANK SCHRADER|Close Combat|p1a: Ting-Lu
|-supereffective|p1a: Ting-Lu
|-damage|p1a: Ting-Lu|32/100
|-unboost|p2a: ASAC TANK SCHRADER|def|1
|-unboost|p2a: ASAC TANK SCHRADER|spd|1
|-enditem|p1a: Ting-Lu|Red Card|[of] p2a: ASAC TANK SCHRADER
|-end|p2a: ASAC TANK SCHRADER|Protosynthesis|[silent]
|drag|p2a: RAGNAROK|Tinkaton, F|100/100
|-item|p2a: RAGNAROK|Air Balloon
|move|p1a: Ting-Lu|Stealth Rock|p2a: RAGNAROK
|-sidestart|p2: abrr6|move: Stealth Rock
|
|-heal|p1a: Ting-Lu|39/100|[from] Grassy Terrain
|-fieldend|move: Grassy Terrain
|upkeep
|turn|6
|
|t:|1743847448
|move|p2a: RAGNAROK|Encore|p1a: Ting-Lu
|-start|p1a: Ting-Lu|Encore
|move|p1a: Ting-Lu|Stealth Rock||[still]
|-fail|p1a: Ting-Lu
|
|upkeep
|turn|7
|
|t:|1743847453
|switch|p1a: Gholdengo|Gholdengo|100/100
|-item|p1a: Gholdengo|Air Balloon
|move|p2a: RAGNAROK|Stealth Rock|p1a: Gholdengo
|-sidestart|p1: I Am The Shaman|move: Stealth Rock
|
|upkeep
|turn|8
|
|t:|1743847470
|switch|p2a: BOLTENHEIMER|Bellibolt, M, shiny|100/100
|move|p1a: Gholdengo|Nasty Plot|p1a: Gholdengo
|-boost|p1a: Gholdengo|spa|2
|
|upkeep
|turn|9
|
|t:|1743847479
|move|p1a: Gholdengo|Shadow Ball|p2a: BOLTENHEIMER
|-damage|p2a: BOLTENHEIMER|44/100
|-start|p2a: BOLTENHEIMER|Charge|Shadow Ball|[from] ability: Electromorphosis
|move|p2a: BOLTENHEIMER|Discharge|p1a: Gholdengo
|-damage|p1a: Gholdengo|31/100
|-enditem|p1a: Gholdengo|Air Balloon
|-end|p2a: BOLTENHEIMER|Charge|[silent]
|
|upkeep
|turn|10
|inactive|abrr6 has 120 seconds left.
|
|t:|1743847514
|move|p1a: Gholdengo|Shadow Ball|p2a: BOLTENHEIMER
|-damage|p2a: BOLTENHEIMER|0 fnt
|faint|p2a: BOLTENHEIMER
|
|upkeep
|inactive|abrr6 has 120 seconds left.
|
|t:|1743847526
|switch|p2a: NIGHTWING|Dragapult, M|100/100
|-damage|p2a: NIGHTWING|88/100|[from] Stealth Rock
|turn|11
|inactive|abrr6 has 120 seconds left.
|
|t:|1743847546
|switch|p1a: Ting-Lu|Ting-Lu|39/100
|-damage|p1a: Ting-Lu|32/100|[from] Stealth Rock
|-ability|p1a: Ting-Lu|Vessel of Ruin
|move|p2a: NIGHTWING|Flamethrower|p1a: Ting-Lu
|-damage|p1a: Ting-Lu|15/100
|
|upkeep
|turn|12
|
|t:|1743847555
|move|p2a: NIGHTWING|Flamethrower|p1a: Ting-Lu
|-damage|p1a: Ting-Lu|0 fnt
|faint|p1a: Ting-Lu
|
|upkeep
|
|t:|1743847583
|switch|p1a: Iron Valiant|Iron Valiant|100/100
|-damage|p1a: Iron Valiant|94/100|[from] Stealth Rock
|-enditem|p1a: Iron Valiant|Booster Energy
|-activate|p1a: Iron Valiant|ability: Quark Drive|[fromitem]
|-start|p1a: Iron Valiant|quarkdrivespe
|turn|13
|inactive|abrr6 has 120 seconds left.
|
|t:|1743847598
|switch|p2a: RAGNAROK|Tinkaton, F|100/100
|-damage|p2a: RAGNAROK|94/100|[from] Stealth Rock
|-item|p2a: RAGNAROK|Air Balloon
|move|p1a: Iron Valiant|Thunderbolt|p2a: RAGNAROK
|-damage|p2a: RAGNAROK|72/100
|-enditem|p2a: RAGNAROK|Air Balloon
|
|upkeep
|turn|14
|inactive|abrr6 has 120 seconds left.
|
|t:|1743847619
|-end|p1a: Iron Valiant|Quark Drive|[silent]
|switch|p1a: Zamazenta|Zamazenta|100/100
|-damage|p1a: Zamazenta|94/100|[from] Stealth Rock
|-ability|p1a: Zamazenta|Dauntless Shield|boost
|-boost|p1a: Zamazenta|def|1
|move|p2a: RAGNAROK|Encore||[still]
|-fail|p2a: RAGNAROK
|
|upkeep
|turn|15
|
|t:|1743847624
|move|p1a: Zamazenta|Close Combat|p2a: RAGNAROK
|-damage|p2a: RAGNAROK|3/100
|-unboost|p1a: Zamazenta|def|1
|-unboost|p1a: Zamazenta|spd|1
|-enditem|p1a: Zamazenta|Clear Amulet|[silent]|[from] ability: Pickpocket|[of] p1a: Zamazenta
|-item|p2a: RAGNAROK|Clear Amulet|[from] ability: Pickpocket|[of] p1a: Zamazenta
|move|p2a: RAGNAROK|Thunder Wave|p1a: Zamazenta
|-status|p1a: Zamazenta|par
|
|upkeep
|turn|16
|
|t:|1743847632
|move|p2a: RAGNAROK|Gigaton Hammer|p1a: Zamazenta
|-damage|p1a: Zamazenta|52/100 par
|move|p1a: Zamazenta|Close Combat|p2a: RAGNAROK
|-damage|p2a: RAGNAROK|0 fnt
|-unboost|p1a: Zamazenta|def|1
|-unboost|p1a: Zamazenta|spd|1
|faint|p2a: RAGNAROK
|
|upkeep
|
|t:|1743847650
|switch|p2a: SHAMONEAMOLA|Alomomola, M|100/100
|turn|17
|
|t:|1743847657
|switch|p1a: Iron Valiant|Iron Valiant|94/100
|-damage|p1a: Iron Valiant|88/100|[from] Stealth Rock
|move|p2a: SHAMONEAMOLA|Wish|p2a: SHAMONEAMOLA
|
|upkeep
|turn|18
|inactive|abrr6 has 120 seconds left.
|
|t:|1743847670
|move|p1a: Iron Valiant|Calm Mind|p1a: Iron Valiant
|-boost|p1a: Iron Valiant|spa|1
|-boost|p1a: Iron Valiant|spd|1
|move|p2a: SHAMONEAMOLA|Flip Turn|p1a: Iron Valiant
|-damage|p1a: Iron Valiant|66/100
|
|t:|1743847673
|switch|p2a: METRO BOOMER|Rillaboom, F|37/100|[from] Flip Turn
|-damage|p2a: METRO BOOMER|24/100|[from] Stealth Rock
|-fieldstart|move: Grassy Terrain|[from] ability: Grassy Surge|[of] p2a: METRO BOOMER
|
|-heal|p2a: METRO BOOMER|89/100|[from] move: Wish|[wisher] SHAMONEAMOLA
|-heal|p1a: Iron Valiant|72/100|[from] Grassy Terrain
|-heal|p2a: METRO BOOMER|96/100|[from] Grassy Terrain
|upkeep
|turn|19
|
|t:|1743847687
|move|p1a: Iron Valiant|Vacuum Wave|p2a: METRO BOOMER
|-damage|p2a: METRO BOOMER|60/100
|move|p2a: METRO BOOMER|Grassy Glide|p1a: Iron Valiant
|-damage|p1a: Iron Valiant|0 fnt
|faint|p1a: Iron Valiant
|-end|p1a: Iron Valiant|Quark Drive|[silent]
|
|-heal|p2a: METRO BOOMER|66/100|[from] Grassy Terrain
|upkeep
|
|t:|1743847690
|switch|p1a: Dragonite|Dragonite, M|100/100
|turn|20
|inactive|abrr6 has 120 seconds left.
|
|t:|1743847730
|switch|p2a: ASAC TANK SCHRADER|Great Tusk|93/100
|move|p1a: Dragonite|Dragon Dance|p1a: Dragonite
|-boost|p1a: Dragonite|atk|1
|-boost|p1a: Dragonite|spe|1
|
|-heal|p2a: ASAC TANK SCHRADER|99/100|[from] Grassy Terrain
|upkeep
|turn|21
|
|t:|1743847741
|-terastallize|p1a: Dragonite|Ghost
|move|p1a: Dragonite|Dragon Dance|p1a: Dragonite
|-boost|p1a: Dragonite|atk|1
|-boost|p1a: Dragonite|spe|1
|move|p2a: ASAC TANK SCHRADER|Ice Spinner|p1a: Dragonite
|-damage|p1a: Dragonite|85/100
|-fieldend|move: Grassy Terrain
|
|upkeep
|turn|22
|
|t:|1743847758
|move|p1a: Dragonite|Tera Blast|p2a: ASAC TANK SCHRADER|[anim] Tera Blast Ghost
|-damage|p2a: ASAC TANK SCHRADER|33/100
|move|p2a: ASAC TANK SCHRADER|Headlong Rush|p1a: Dragonite
|-damage|p1a: Dragonite|16/100
|-unboost|p2a: ASAC TANK SCHRADER|def|1
|-unboost|p2a: ASAC TANK SCHRADER|spd|1
|
|upkeep
|turn|23
|
|t:|1743847772
|move|p1a: Dragonite|Tera Blast|p2a: ASAC TANK SCHRADER|[anim] Tera Blast Ghost
|-damage|p2a: ASAC TANK SCHRADER|0 fnt
|faint|p2a: ASAC TANK SCHRADER
|-end|p2a: ASAC TANK SCHRADER|Protosynthesis|[silent]
|
|upkeep
|
|t:|1743847782
|switch|p2a: METRO BOOMER|Rillaboom, F|66/100
|-damage|p2a: METRO BOOMER|54/100|[from] Stealth Rock
|-fieldstart|move: Grassy Terrain|[from] ability: Grassy Surge|[of] p2a: METRO BOOMER
|turn|24
|
|t:|1743847791
|move|p2a: METRO BOOMER|Grassy Glide|p1a: Dragonite
|-damage|p1a: Dragonite|0 fnt
|faint|p1a: Dragonite
|
|-heal|p2a: METRO BOOMER|60/100|[from] Grassy Terrain
|upkeep
|
|t:|1743847795
|switch|p1a: Gholdengo|Gholdengo|31/100
|-damage|p1a: Gholdengo|25/100|[from] Stealth Rock
|turn|25
|inactive|abrr6 has 120 seconds left.
|
|t:|1743847801
|-terastallize|p2a: METRO BOOMER|Grass
|move|p2a: METRO BOOMER|Grassy Glide|p1a: Gholdengo
|-resisted|p1a: Gholdengo
|-damage|p1a: Gholdengo|0 fnt
|faint|p1a: Gholdengo
|
|-heal|p2a: METRO BOOMER|66/100|[from] Grassy Terrain
|upkeep
|
|t:|1743847803
|switch|p1a: Zamazenta|Zamazenta|52/100 par
|-damage|p1a: Zamazenta|46/100 par|[from] Stealth Rock
|turn|26
|c|☆abrr6|gg
|c|☆I Am The Shaman|gg
|c|☆abrr6|tht dnite set is so bad
|inactive|abrr6 has 120 seconds left.
|c|☆abrr6|lmao
|
|t:|1743847821
|move|p2a: METRO BOOMER|Grassy Glide|p1a: Zamazenta
|-damage|p1a: Zamazenta|0 fnt
|faint|p1a: Zamazenta
|
|win|abrr6
|raw|I Am The Shaman's rating: 1441 &rarr; <strong>1421</strong><br />(-20 for losing)
|raw|abrr6's rating: 1435 &rarr; <strong>1455</strong><br />(+20 for winning)
|c|☆I Am The Shaman|it suposedly peaked 40
|c|☆I Am The Shaman|on ladder
|c|☆abrr6|i believe it
|c|☆abrr6|doesnt mean the set isnt bad
|c|☆I Am The Shaman|i cant make it work though
|c|☆I Am The Shaman|lol true
|c|☆I Am The Shaman|ggs wp
|l|☆I Am The Shaman
|player|p1|
