|j|☆TyphlosionStan
|j|☆Dark Blue Moonn
|t:|1743792508
|gametype|singles
|player|p1|TyphlosionStan|blackbelt-gen2|1424
|player|p2|Dark Blue Moonn|worker|1432
|teamsize|p1|6
|teamsize|p2|6
|gen|9
|tier|[Gen 9] OU
|rated|
|rule|HP Percentage Mod: HP is shown in percentages
|rule|Endless Battle Clause: Forcing endless battles is banned
|rule|Species Clause: Limit one of each Pokémon
|rule|OHKO Clause: OHKO moves are banned
|rule|Evasion Items Clause: Evasion items are banned
|rule|Evasion Moves Clause: Evasion moves are banned
|rule|Sleep Moves Clause: Sleep-inducing moves are banned
|clearpoke
|poke|p1|Typhlosion-Hisui, M|
|poke|p1|Serperior, M|
|poke|p1|Dragapult, F|
|poke|p1|Tauros-Paldea-Blaze, M|
|poke|p1|Kyurem|
|poke|p1|Rotom-Wash|
|poke|p2|Garganacl, M|
|poke|p2|Weezing-Galar, F|
|poke|p2|Corviknight, M|
|poke|p2|Dragapult, M|
|poke|p2|Slowking-Galar, M|
|poke|p2|Samurott-Hisui, F|
|teampreview
|inactive|Battle timer is ON: inactive players will automatically lose when time's up. (requested by TyphlosionStan)
|
|t:|1743792517
|start
|switch|p1a: Rotom|Rotom-Wash|100/100
|switch|p2a: Samurott|Samurott-Hisui, F|100/100
|turn|1
|
|t:|1743792528
|move|p2a: Samurott|Knock Off|p1a: Rotom
|-damage|p1a: Rotom|52/100
|-damage|p2a: Samurott|84/100|[from] item: Rocky Helmet|[of] p1a: Rotom
|-enditem|p1a: Rotom|Rocky Helmet|[from] move: Knock Off|[of] p2a: Samurott
|move|p1a: Rotom|Volt Switch|p2a: Samurott
|-supereffective|p2a: Samurott
|-damage|p2a: Samurott|15/100
|
|t:|1743792537
|switch|p1a: Dragapult|Dragapult, F|100/100|[from] Volt Switch
|
|upkeep
|turn|2
|
|t:|1743792541
|switch|p2a: Garganacl|Garganacl, M|100/100
|move|p1a: Dragapult|U-turn|p2a: Garganacl
|-damage|p2a: Garganacl|87/100
|
|t:|1743792545
|switch|p1a: Serperior|Serperior, M|100/100|[from] U-turn
|
|-heal|p2a: Garganacl|93/100|[from] item: Leftovers
|upkeep
|turn|3
|
|t:|1743792550
|switch|p2a: Weezing|Weezing-Galar, F|100/100
|-ability|p2a: Weezing|Neutralizing Gas
|move|p1a: Serperior|Substitute|p1a: Serperior
|-start|p1a: Serperior|Substitute
|-damage|p1a: Serperior|76/100
|
|-heal|p1a: Serperior|82/100|[from] item: Leftovers
|upkeep
|turn|4
|
|t:|1743792554
|move|p1a: Serperior|Glare|p2a: Weezing
|-status|p2a: Weezing|par
|cant|p2a: Weezing|par
|
|-heal|p1a: Serperior|88/100|[from] item: Leftovers
|upkeep
|turn|5
|
|t:|1743792558
|move|p1a: Serperior|Leech Seed|p2a: Weezing
|-start|p2a: Weezing|move: Leech Seed
|move|p2a: Weezing|Strange Steam|p1a: Serperior
|-end|p1a: Serperior|Substitute
|
|-heal|p1a: Serperior|94/100|[from] item: Leftovers
|-damage|p2a: Weezing|88/100 par|[from] Leech Seed|[of] p1a: Serperior
|-heal|p1a: Serperior|100/100|[silent]
|upkeep
|turn|6
|
|t:|1743792565
|-end|p2a: Weezing|ability: Neutralizing Gas
|switch|p2a: Dragapult|Dragapult, M|100/100
|move|p1a: Serperior|Substitute|p1a: Serperior
|-start|p1a: Serperior|Substitute
|-damage|p1a: Serperior|76/100
|
|-heal|p1a: Serperior|82/100|[from] item: Leftovers
|upkeep
|turn|7
|
|t:|1743792569
|move|p2a: Dragapult|U-turn|p1a: Serperior
|-supereffective|p1a: Serperior
|-damage|p1a: Serperior|28/100
|
|t:|1743792571
|switch|p2a: Weezing|Weezing-Galar, F|88/100 par|[from] U-turn
|-ability|p2a: Weezing|Neutralizing Gas
|move|p1a: Serperior|Glare|p2a: Weezing
|-fail|p2a: Weezing|par
|
|-heal|p1a: Serperior|34/100|[from] item: Leftovers
|upkeep
|turn|8
|
|t:|1743792575
|-end|p2a: Weezing|ability: Neutralizing Gas
|switch|p2a: Dragapult|Dragapult, M|100/100
|move|p1a: Serperior|Leech Seed|p2a: Dragapult
|-start|p2a: Dragapult|move: Leech Seed
|
|-heal|p1a: Serperior|40/100|[from] item: Leftovers
|-damage|p2a: Dragapult|88/100|[from] Leech Seed|[of] p1a: Serperior
|-heal|p1a: Serperior|53/100|[silent]
|upkeep
|turn|9
|
|t:|1743792597
|switch|p1a: Rotom|Rotom-Wash|52/100
|move|p2a: Dragapult|U-turn|p1a: Rotom
|-damage|p1a: Rotom|26/100
|
|t:|1743792607
|switch|p2a: Samurott|Samurott-Hisui, F|15/100|[from] U-turn
|
|upkeep
|turn|10
|
|t:|1743792613
|move|p2a: Samurott|Ceaseless Edge|p1a: Rotom
|-damage|p1a: Rotom|0 fnt
|-sidestart|p1: TyphlosionStan|Spikes
|faint|p1a: Rotom
|
|upkeep
|inactive|TyphlosionStan has 120 seconds left.
|
|t:|1743792638
|switch|p1a: Dragapult|Dragapult, F|100/100
|turn|11
|
|t:|1743792643
|move|p2a: Samurott|Ceaseless Edge|p1a: Dragapult
|-supereffective|p1a: Dragapult
|-damage|p1a: Dragapult|0 fnt
|-sidestart|p1: TyphlosionStan|Spikes
|faint|p1a: Dragapult
|
|upkeep
|inactive|TyphlosionStan has 120 seconds left.
|
|t:|1743792667
|switch|p1a: COLD SHOULDAH 🥶🥶|Tauros-Paldea-Blaze, M|100/100
|-damage|p1a: COLD SHOULDAH 🥶🥶|84/100|[from] Spikes
|-ability|p1a: COLD SHOULDAH 🥶🥶|Intimidate|boost
|-unboost|p2a: Samurott|atk|1
|turn|12
|inactive|TyphlosionStan has 120 seconds left.
|
|t:|1743792691
|switch|p2a: Weezing|Weezing-Galar, F|88/100 par
|-ability|p2a: Weezing|Neutralizing Gas
|move|p1a: COLD SHOULDAH 🥶🥶|Stone Edge|p2a: Weezing
|-damage|p2a: Weezing|70/100 par
|
|-heal|p1a: COLD SHOULDAH 🥶🥶|90/100|[from] item: Leftovers
|upkeep
|turn|13
|
|t:|1743792701
|switch|p1a: Kyurem|Kyurem|100/100
|move|p2a: Weezing|Strange Steam|p1a: Kyurem
|-supereffective|p1a: Kyurem
|-damage|p1a: Kyurem|51/100
|
|upkeep
|turn|14
|
|t:|1743792708
|move|p1a: Kyurem|Ice Beam|p2a: Weezing
|-damage|p2a: Weezing|10/100 par
|move|p2a: Weezing|Will-O-Wisp|p1a: Kyurem
|-status|p1a: Kyurem|brn
|
|-damage|p1a: Kyurem|45/100 brn|[from] brn
|upkeep
|turn|15
|
|t:|1743792716
|move|p1a: Kyurem|Earth Power|p2a: Weezing
|-supereffective|p2a: Weezing
|-damage|p2a: Weezing|0 fnt
|faint|p2a: Weezing
|-end|p2a: Weezing|ability: Neutralizing Gas
|-ability|p1a: Kyurem|Pressure
|
|-damage|p1a: Kyurem|39/100 brn|[from] brn
|upkeep
|
|t:|1743792720
|switch|p2a: Dragapult|Dragapult, M|88/100
|turn|16
|
|t:|1743792728
|move|p2a: Dragapult|Hex|p1a: Kyurem
|-damage|p1a: Kyurem|0 fnt
|faint|p1a: Kyurem
|
|upkeep
|
|t:|1743792735
|switch|p1a: Typhlosion|Typhlosion-Hisui, M|100/100
|-damage|p1a: Typhlosion|84/100|[from] Spikes
|turn|17
|
|t:|1743792742
|switch|p2a: Corviknight|Corviknight, M|100/100
|-ability|p2a: Corviknight|Pressure
|-terastallize|p1a: Typhlosion|Fire
|move|p1a: Typhlosion|Infernal Parade|p2a: Corviknight
|-damage|p2a: Corviknight|54/100
|
|upkeep
|turn|18
|
|t:|1743792753
|switch|p1a: COLD SHOULDAH 🥶🥶|Tauros-Paldea-Blaze, M|90/100
|-damage|p1a: COLD SHOULDAH 🥶🥶|74/100|[from] Spikes
|-ability|p1a: COLD SHOULDAH 🥶🥶|Intimidate|boost
|-unboost|p2a: Corviknight|atk|1
|move|p2a: Corviknight|Roost|p2a: Corviknight
|-heal|p2a: Corviknight|100/100
|-singleturn|p2a: Corviknight|move: Roost
|
|-heal|p1a: COLD SHOULDAH 🥶🥶|80/100|[from] item: Leftovers
|upkeep
|turn|19
|
|t:|1743792760
|move|p1a: COLD SHOULDAH 🥶🥶|Will-O-Wisp|p2a: Corviknight
|-status|p2a: Corviknight|brn
|move|p2a: Corviknight|Iron Defense|p2a: Corviknight
|-boost|p2a: Corviknight|def|2
|
|-heal|p1a: COLD SHOULDAH 🥶🥶|86/100|[from] item: Leftovers
|-damage|p2a: Corviknight|94/100 brn|[from] brn
|upkeep
|turn|20
|
|t:|1743792764
|move|p1a: COLD SHOULDAH 🥶🥶|Bulk Up|p1a: COLD SHOULDAH 🥶🥶
|-boost|p1a: COLD SHOULDAH 🥶🥶|atk|1
|-boost|p1a: COLD SHOULDAH 🥶🥶|def|1
|move|p2a: Corviknight|Iron Defense|p2a: Corviknight
|-boost|p2a: Corviknight|def|2
|
|-heal|p1a: COLD SHOULDAH 🥶🥶|93/100|[from] item: Leftovers
|-damage|p2a: Corviknight|88/100 brn|[from] brn
|upkeep
|turn|21
|
|t:|1743792770
|move|p1a: COLD SHOULDAH 🥶🥶|Bulk Up|p1a: COLD SHOULDAH 🥶🥶
|-boost|p1a: COLD SHOULDAH 🥶🥶|atk|1
|-boost|p1a: COLD SHOULDAH 🥶🥶|def|1
|move|p2a: Corviknight|Body Press|p1a: COLD SHOULDAH 🥶🥶
|-damage|p1a: COLD SHOULDAH 🥶🥶|78/100
|
|-heal|p1a: COLD SHOULDAH 🥶🥶|85/100|[from] item: Leftovers
|-damage|p2a: Corviknight|82/100 brn|[from] brn
|upkeep
|turn|22
|
|t:|1743792780
|move|p1a: COLD SHOULDAH 🥶🥶|Stone Edge|p2a: Corviknight
|-damage|p2a: Corviknight|72/100 brn
|move|p2a: Corviknight|Iron Defense|p2a: Corviknight
|-boost|p2a: Corviknight|def|2
|
|-heal|p1a: COLD SHOULDAH 🥶🥶|91/100|[from] item: Leftovers
|-damage|p2a: Corviknight|65/100 brn|[from] brn
|upkeep
|turn|23
|
|t:|1743792785
|move|p1a: COLD SHOULDAH 🥶🥶|Bulk Up|p1a: COLD SHOULDAH 🥶🥶
|-boost|p1a: COLD SHOULDAH 🥶🥶|atk|1
|-boost|p1a: COLD SHOULDAH 🥶🥶|def|1
|move|p2a: Corviknight|Roost|p2a: Corviknight
|-heal|p2a: Corviknight|100/100 brn
|-singleturn|p2a: Corviknight|move: Roost
|
|-heal|p1a: COLD SHOULDAH 🥶🥶|97/100|[from] item: Leftovers
|-damage|p2a: Corviknight|94/100 brn|[from] brn
|upkeep
|turn|24
|
|t:|1743792792
|move|p1a: COLD SHOULDAH 🥶🥶|Body Press|p2a: Corviknight
|-damage|p2a: Corviknight|80/100 brn
|-damage|p1a: COLD SHOULDAH 🥶🥶|81/100|[from] item: Rocky Helmet|[of] p2a: Corviknight
|move|p2a: Corviknight|Body Press|p1a: COLD SHOULDAH 🥶🥶
|-damage|p1a: COLD SHOULDAH 🥶🥶|67/100
|
|-heal|p1a: COLD SHOULDAH 🥶🥶|73/100|[from] item: Leftovers
|-damage|p2a: Corviknight|74/100 brn|[from] brn
|upkeep
|turn|25
|
|t:|1743792800
|move|p1a: COLD SHOULDAH 🥶🥶|Bulk Up|p1a: COLD SHOULDAH 🥶🥶
|-boost|p1a: COLD SHOULDAH 🥶🥶|atk|1
|-boost|p1a: COLD SHOULDAH 🥶🥶|def|1
|move|p2a: Corviknight|Brave Bird|p1a: COLD SHOULDAH 🥶🥶
|-supereffective|p1a: COLD SHOULDAH 🥶🥶
|-damage|p1a: COLD SHOULDAH 🥶🥶|67/100
|-damage|p2a: Corviknight|72/100 brn|[from] Recoil
|
|-heal|p1a: COLD SHOULDAH 🥶🥶|73/100|[from] item: Leftovers
|-damage|p2a: Corviknight|66/100 brn|[from] brn
|upkeep
|turn|26
|
|t:|1743792805
|move|p1a: COLD SHOULDAH 🥶🥶|Bulk Up|p1a: COLD SHOULDAH 🥶🥶
|-boost|p1a: COLD SHOULDAH 🥶🥶|atk|1
|-boost|p1a: COLD SHOULDAH 🥶🥶|def|1
|move|p2a: Corviknight|Roost|p2a: Corviknight
|-heal|p2a: Corviknight|100/100 brn
|-singleturn|p2a: Corviknight|move: Roost
|
|-heal|p1a: COLD SHOULDAH 🥶🥶|79/100|[from] item: Leftovers
|-damage|p2a: Corviknight|94/100 brn|[from] brn
|upkeep
|turn|27
|
|t:|1743792809
|move|p1a: COLD SHOULDAH 🥶🥶|Bulk Up|p1a: COLD SHOULDAH 🥶🥶
|-boost|p1a: COLD SHOULDAH 🥶🥶|atk|1
|-boost|p1a: COLD SHOULDAH 🥶🥶|def|1
|move|p2a: Corviknight|Body Press|p1a: COLD SHOULDAH 🥶🥶
|-damage|p1a: COLD SHOULDAH 🥶🥶|70/100
|
|-heal|p1a: COLD SHOULDAH 🥶🥶|76/100|[from] item: Leftovers
|-damage|p2a: Corviknight|88/100 brn|[from] brn
|upkeep
|turn|28
|
|t:|1743792814
|move|p1a: COLD SHOULDAH 🥶🥶|Stone Edge|p2a: Corviknight
|-damage|p2a: Corviknight|74/100 brn
|move|p2a: Corviknight|Body Press|p1a: COLD SHOULDAH 🥶🥶
|-damage|p1a: COLD SHOULDAH 🥶🥶|68/100
|
|-heal|p1a: COLD SHOULDAH 🥶🥶|74/100|[from] item: Leftovers
|-damage|p2a: Corviknight|67/100 brn|[from] brn
|upkeep
|turn|29
|
|t:|1743792821
|move|p1a: COLD SHOULDAH 🥶🥶|Stone Edge|p2a: Corviknight
|-damage|p2a: Corviknight|51/100 brn
|move|p2a: Corviknight|Body Press|p1a: COLD SHOULDAH 🥶🥶
|-damage|p1a: COLD SHOULDAH 🥶🥶|65/100
|
|-heal|p1a: COLD SHOULDAH 🥶🥶|72/100|[from] item: Leftovers
|-damage|p2a: Corviknight|45/100 brn|[from] brn
|upkeep
|turn|30
|
|t:|1743792823
|move|p1a: COLD SHOULDAH 🥶🥶|Stone Edge|p2a: Corviknight
|-damage|p2a: Corviknight|30/100 brn
|move|p2a: Corviknight|Roost|p2a: Corviknight
|-heal|p2a: Corviknight|80/100 brn
|-singleturn|p2a: Corviknight|move: Roost
|
|-heal|p1a: COLD SHOULDAH 🥶🥶|78/100|[from] item: Leftovers
|-damage|p2a: Corviknight|74/100 brn|[from] brn
|upkeep
|turn|31
|
|t:|1743792827
|move|p1a: COLD SHOULDAH 🥶🥶|Will-O-Wisp|p2a: Corviknight
|-fail|p2a: Corviknight|brn
|move|p2a: Corviknight|Roost|p2a: Corviknight
|-heal|p2a: Corviknight|100/100 brn
|-singleturn|p2a: Corviknight|move: Roost
|
|-heal|p1a: COLD SHOULDAH 🥶🥶|84/100|[from] item: Leftovers
|-damage|p2a: Corviknight|94/100 brn|[from] brn
|upkeep
|turn|32
|
|t:|1743792834
|move|p1a: COLD SHOULDAH 🥶🥶|Bulk Up|p1a: COLD SHOULDAH 🥶🥶
|-boost|p1a: COLD SHOULDAH 🥶🥶|atk|0
|-boost|p1a: COLD SHOULDAH 🥶🥶|def|0
|move|p2a: Corviknight|Body Press|p1a: COLD SHOULDAH 🥶🥶
|-damage|p1a: COLD SHOULDAH 🥶🥶|75/100
|
|-heal|p1a: COLD SHOULDAH 🥶🥶|82/100|[from] item: Leftovers
|-damage|p2a: Corviknight|88/100 brn|[from] brn
|upkeep
|turn|33
|
|t:|1743792840
|move|p1a: COLD SHOULDAH 🥶🥶|Bulk Up|p1a: COLD SHOULDAH 🥶🥶
|-boost|p1a: COLD SHOULDAH 🥶🥶|atk|0
|-boost|p1a: COLD SHOULDAH 🥶🥶|def|0
|move|p2a: Corviknight|Body Press|p1a: COLD SHOULDAH 🥶🥶
|-damage|p1a: COLD SHOULDAH 🥶🥶|72/100
|
|-heal|p1a: COLD SHOULDAH 🥶🥶|79/100|[from] item: Leftovers
|-damage|p2a: Corviknight|82/100 brn|[from] brn
|upkeep
|turn|34
|
|t:|1743792843
|move|p1a: COLD SHOULDAH 🥶🥶|Bulk Up|p1a: COLD SHOULDAH 🥶🥶
|-boost|p1a: COLD SHOULDAH 🥶🥶|atk|0
|-boost|p1a: COLD SHOULDAH 🥶🥶|def|0
|move|p2a: Corviknight|Body Press|p1a: COLD SHOULDAH 🥶🥶
|-crit|p1a: COLD SHOULDAH 🥶🥶
|-damage|p1a: COLD SHOULDAH 🥶🥶|22/100
|
|-heal|p1a: COLD SHOULDAH 🥶🥶|29/100|[from] item: Leftovers
|-damage|p2a: Corviknight|75/100 brn|[from] brn
|upkeep
|turn|35
|
|t:|1743792850
|move|p1a: COLD SHOULDAH 🥶🥶|Bulk Up|p1a: COLD SHOULDAH 🥶🥶
|-boost|p1a: COLD SHOULDAH 🥶🥶|atk|0
|-boost|p1a: COLD SHOULDAH 🥶🥶|def|0
|move|p2a: Corviknight|Body Press|p1a: COLD SHOULDAH 🥶🥶
|-damage|p1a: COLD SHOULDAH 🥶🥶|20/100
|
|-heal|p1a: COLD SHOULDAH 🥶🥶|26/100|[from] item: Leftovers
|-damage|p2a: Corviknight|69/100 brn|[from] brn
|upkeep
|turn|36
|
|t:|1743792853
|move|p1a: COLD SHOULDAH 🥶🥶|Bulk Up|p1a: COLD SHOULDAH 🥶🥶
|-boost|p1a: COLD SHOULDAH 🥶🥶|atk|0
|-boost|p1a: COLD SHOULDAH 🥶🥶|def|0
|move|p2a: Corviknight|Body Press|p1a: COLD SHOULDAH 🥶🥶
|-damage|p1a: COLD SHOULDAH 🥶🥶|16/100
|
|-heal|p1a: COLD SHOULDAH 🥶🥶|23/100|[from] item: Leftovers
|-damage|p2a: Corviknight|63/100 brn|[from] brn
|upkeep
|turn|37
|
|t:|1743792856
|move|p1a: COLD SHOULDAH 🥶🥶|Bulk Up|p1a: COLD SHOULDAH 🥶🥶
|-boost|p1a: COLD SHOULDAH 🥶🥶|atk|0
|-boost|p1a: COLD SHOULDAH 🥶🥶|def|0
|move|p2a: Corviknight|Roost|p2a: Corviknight
|-heal|p2a: Corviknight|100/100 brn
|-singleturn|p2a: Corviknight|move: Roost
|
|-heal|p1a: COLD SHOULDAH 🥶🥶|29/100|[from] item: Leftovers
|-damage|p2a: Corviknight|94/100 brn|[from] brn
|upkeep
|turn|38
|
|t:|1743792859
|move|p1a: COLD SHOULDAH 🥶🥶|Bulk Up|p1a: COLD SHOULDAH 🥶🥶
|-boost|p1a: COLD SHOULDAH 🥶🥶|atk|0
|-boost|p1a: COLD SHOULDAH 🥶🥶|def|0
|move|p2a: Corviknight|Brave Bird|p1a: COLD SHOULDAH 🥶🥶
|-supereffective|p1a: COLD SHOULDAH 🥶🥶
|-damage|p1a: COLD SHOULDAH 🥶🥶|24/100
|-damage|p2a: Corviknight|93/100 brn|[from] Recoil
|
|-heal|p1a: COLD SHOULDAH 🥶🥶|31/100|[from] item: Leftovers
|-damage|p2a: Corviknight|87/100 brn|[from] brn
|upkeep
|turn|39
|
|t:|1743792864
|move|p1a: COLD SHOULDAH 🥶🥶|Bulk Up|p1a: COLD SHOULDAH 🥶🥶
|-boost|p1a: COLD SHOULDAH 🥶🥶|atk|0
|-boost|p1a: COLD SHOULDAH 🥶🥶|def|0
|move|p2a: Corviknight|Body Press|p1a: COLD SHOULDAH 🥶🥶
|-damage|p1a: COLD SHOULDAH 🥶🥶|22/100
|
|-heal|p1a: COLD SHOULDAH 🥶🥶|28/100|[from] item: Leftovers
|-damage|p2a: Corviknight|80/100 brn|[from] brn
|upkeep
|turn|40
|
|t:|1743792866
|move|p1a: COLD SHOULDAH 🥶🥶|Bulk Up|p1a: COLD SHOULDAH 🥶🥶
|-boost|p1a: COLD SHOULDAH 🥶🥶|atk|0
|-boost|p1a: COLD SHOULDAH 🥶🥶|def|0
|move|p2a: Corviknight|Body Press|p1a: COLD SHOULDAH 🥶🥶
|-damage|p1a: COLD SHOULDAH 🥶🥶|18/100
|
|-heal|p1a: COLD SHOULDAH 🥶🥶|25/100|[from] item: Leftovers
|-damage|p2a: Corviknight|74/100 brn|[from] brn
|upkeep
|turn|41
|
|t:|1743792869
|move|p1a: COLD SHOULDAH 🥶🥶|Bulk Up|p1a: COLD SHOULDAH 🥶🥶
|-boost|p1a: COLD SHOULDAH 🥶🥶|atk|0
|-boost|p1a: COLD SHOULDAH 🥶🥶|def|0
|move|p2a: Corviknight|Body Press|p1a: COLD SHOULDAH 🥶🥶
|-damage|p1a: COLD SHOULDAH 🥶🥶|15/100
|
|-heal|p1a: COLD SHOULDAH 🥶🥶|21/100|[from] item: Leftovers
|-damage|p2a: Corviknight|68/100 brn|[from] brn
|upkeep
|turn|42
|
|t:|1743792872
|move|p1a: COLD SHOULDAH 🥶🥶|Bulk Up|p1a: COLD SHOULDAH 🥶🥶
|-boost|p1a: COLD SHOULDAH 🥶🥶|atk|0
|-boost|p1a: COLD SHOULDAH 🥶🥶|def|0
|move|p2a: Corviknight|Body Press|p1a: COLD SHOULDAH 🥶🥶
|-damage|p1a: COLD SHOULDAH 🥶🥶|13/100
|
|-heal|p1a: COLD SHOULDAH 🥶🥶|19/100|[from] item: Leftovers
|-damage|p2a: Corviknight|62/100 brn|[from] brn
|upkeep
|turn|43
|
|t:|1743792874
|switch|p2a: Dragapult|Dragapult, M|88/100
|move|p1a: COLD SHOULDAH 🥶🥶|Bulk Up|p1a: COLD SHOULDAH 🥶🥶
|-boost|p1a: COLD SHOULDAH 🥶🥶|atk|0
|-boost|p1a: COLD SHOULDAH 🥶🥶|def|0
|
|-heal|p1a: COLD SHOULDAH 🥶🥶|25/100|[from] item: Leftovers
|upkeep
|turn|44
|
|t:|1743792877
|move|p2a: Dragapult|Hex|p1a: COLD SHOULDAH 🥶🥶
|-damage|p1a: COLD SHOULDAH 🥶🥶|0 fnt
|faint|p1a: COLD SHOULDAH 🥶🥶
|
|upkeep
|
|t:|1743792880
|switch|p1a: Typhlosion|Typhlosion-Hisui, M, tera:Fire|84/100
|-damage|p1a: Typhlosion|68/100|[from] Spikes
|turn|45
|
|t:|1743792882
|switch|p2a: Corviknight|Corviknight, M|62/100 brn
|-ability|p2a: Corviknight|Pressure
|move|p1a: Typhlosion|Infernal Parade|p2a: Corviknight
|-damage|p2a: Corviknight|0 fnt
|faint|p2a: Corviknight
|
|upkeep
|
|t:|1743792886
|switch|p2a: Garganacl|Garganacl, M|93/100
|turn|46
|
|t:|1743792891
|move|p1a: Typhlosion|Infernal Parade|p2a: Garganacl
|-damage|p2a: Garganacl|78/100
|move|p2a: Garganacl|Salt Cure|p1a: Typhlosion
|-supereffective|p1a: Typhlosion
|-damage|p1a: Typhlosion|28/100
|-start|p1a: Typhlosion|Salt Cure
|
|-heal|p2a: Garganacl|85/100|[from] item: Leftovers
|-damage|p1a: Typhlosion|16/100|[from] Salt Cure
|upkeep
|turn|47
|
|t:|1743792901
|switch|p2a: Samurott|Samurott-Hisui, F|15/100
|move|p1a: Typhlosion|Infernal Parade|p2a: Samurott
|-resisted|p2a: Samurott
|-damage|p2a: Samurott|0 fnt
|faint|p2a: Samurott
|
|-damage|p1a: Typhlosion|4/100|[from] Salt Cure
|upkeep
|
|t:|1743792905
|switch|p2a: Dragapult|Dragapult, M|88/100
|turn|48
|
|t:|1743792921
|switch|p2a: Slowking|Slowking-Galar, M|100/100
|move|p1a: Typhlosion|Infernal Parade|p2a: Slowking
|-supereffective|p2a: Slowking
|-damage|p2a: Slowking|62/100
|
|-damage|p1a: Typhlosion|0 fnt|[from] Salt Cure
|faint|p1a: Typhlosion
|upkeep
|
|t:|1743792927
|switch|p1a: Serperior|Serperior, M|53/100
|-damage|p1a: Serperior|37/100|[from] Spikes
|turn|49
|
|t:|1743792929
|move|p1a: Serperior|Glare|p2a: Slowking
|-status|p2a: Slowking|par
|move|p2a: Slowking|Sludge Bomb|p1a: Serperior
|-supereffective|p1a: Serperior
|-damage|p1a: Serperior|0 fnt
|faint|p1a: Serperior
|
|win|Dark Blue Moonn
|raw|TyphlosionStan's rating: 1424 &rarr; <strong>1404</strong><br />(-20 for losing)
|raw|Dark Blue Moonn's rating: 1432 &rarr; <strong>1452</strong><br />(+20 for winning)
|l|☆TyphlosionStan
|player|p1|
|l|☆Dark Blue Moonn
|player|p2|
