|j|☆ibai2808
|j|☆Skedjinet
|t:|1743842572
|gametype|singles
|player|p1|ibai2808|policeman-gen4|1121
|player|p2|Skedjinet|skier|1100
|teamsize|p1|6
|teamsize|p2|6
|gen|9
|tier|[Gen 9] OU
|rated|
|rule|HP Percentage Mod: HP is shown in percentages
|rule|Endless Battle Clause: Forcing endless battles is banned
|rule|Species Clause: Limit one of each Pokémon
|rule|OHKO Clause: OHKO moves are banned
|rule|Evasion Items Clause: Evasion items are banned
|rule|Evasion Moves Clause: Evasion moves are banned
|rule|Sleep Moves Clause: Sleep-inducing moves are banned
|clearpoke
|poke|p1|Pikachu, M|
|poke|p1|Snorlax, F|
|poke|p1|Espeon, F|
|poke|p1|Venusaur, F|
|poke|p1|Charizard, M|
|poke|p1|Blastoise, M|
|poke|p2|Zamazenta-*|
|poke|p2|Ogerpon-Wellspring, F|
|poke|p2|Slowking-Galar, M|
|poke|p2|Great Tusk|
|poke|p2|Kingambit, M|
|poke|p2|Zapdos|
|teampreview
|
|t:|1743842591
|start
|switch|p1a: Espeon|Espeon, F|100/100
|switch|p2a: Great Tusk|Great Tusk, shiny|100/100
|turn|1
|inactive|Battle timer is ON: inactive players will automatically lose when time's up. (requested by ibai2808)
|
|t:|1743842608
|move|p1a: Espeon|Alluring Voice|p2a: Great Tusk
|-supereffective|p2a: Great Tusk
|-crit|p2a: Great Tusk
|-damage|p2a: Great Tusk|0 fnt
|faint|p2a: Great Tusk
|-end|p2a: Great Tusk|Protosynthesis|[silent]
|
|upkeep
|
|t:|1743842615
|switch|p2a: IBS|Kingambit, M|100/100
|-activate|p2a: IBS|ability: Supreme Overlord
|-start|p2a: IBS|fallen1|[silent]
|turn|2
|
|t:|1743842623
|move|p1a: Espeon|Sunny Day|p1a: Espeon
|-weather|SunnyDay
|move|p2a: IBS|Kowtow Cleave|p1a: Espeon
|-supereffective|p1a: Espeon
|-enditem|p1a: Espeon|Focus Sash
|-damage|p1a: Espeon|1/100
|
|-weather|SunnyDay|[upkeep]
|upkeep
|turn|3
|
|t:|1743842632
|move|p1a: Espeon|Alluring Voice|p2a: IBS
|-damage|p2a: IBS|71/100
|move|p2a: IBS|Kowtow Cleave|p1a: Espeon
|-supereffective|p1a: Espeon
|-damage|p1a: Espeon|0 fnt
|faint|p1a: Espeon
|
|-weather|SunnyDay|[upkeep]
|-heal|p2a: IBS|77/100|[from] item: Leftovers
|upkeep
|
|t:|1743842642
|switch|p1a: Venusaur|Venusaur, F|100/100
|turn|4
|
|t:|1743842665
|-end|p2a: IBS|fallen1|[silent]
|switch|p2a: Slowking|Slowking-Galar, M|100/100
|move|p1a: Venusaur|Weather Ball|p2a: Slowking
|-damage|p2a: Slowking|67/100
|-damage|p1a: Venusaur|91/100|[from] item: Life Orb
|
|-weather|SunnyDay|[upkeep]
|upkeep
|turn|5
|
|t:|1743842678
|-terastallize|p1a: Venusaur|Fire
|move|p1a: Venusaur|Growth|p1a: Venusaur
|-boost|p1a: Venusaur|atk|2
|-boost|p1a: Venusaur|spa|2
|move|p2a: Slowking|Psyshock|p1a: Venusaur
|-damage|p1a: Venusaur|34/100
|
|-weather|SunnyDay|[upkeep]
|upkeep
|turn|6
|
|t:|1743842695
|switch|p2a: Zapdos|Zapdos|100/100
|move|p1a: Venusaur|Weather Ball|p2a: Zapdos
|-damage|p2a: Zapdos|0 fnt
|faint|p2a: Zapdos
|-damage|p1a: Venusaur|24/100|[from] item: Life Orb
|
|-weather|none
|upkeep
|
|t:|1743842709
|switch|p2a: Big Zam|Zamazenta|100/100
|-ability|p2a: Big Zam|Dauntless Shield|boost
|-boost|p2a: Big Zam|def|1
|turn|7
|
|t:|1743842720
|move|p2a: Big Zam|Crunch|p1a: Venusaur
|-damage|p1a: Venusaur|0 fnt
|faint|p1a: Venusaur
|
|upkeep
|
|t:|1743842745
|switch|p1a: Charizard|Charizard, M, shiny|100/100
|turn|8
|
|t:|1743842756
|move|p2a: Big Zam|Stone Edge|p1a: Charizard
|-supereffective|p1a: Charizard
|-damage|p1a: Charizard|0 fnt
|faint|p1a: Charizard
|
|upkeep
|
|t:|1743842760
|switch|p1a: Pikachu|Pikachu, M|100/100
|turn|9
|
|t:|1743842770
|move|p1a: Pikachu|Fake Out|p2a: Big Zam
|-damage|p2a: Big Zam|90/100
|cant|p2a: Big Zam|flinch
|
|upkeep
|turn|10
|
|t:|1743842778
|move|p2a: Big Zam|Crunch|p1a: Pikachu
|-damage|p1a: Pikachu|10/100
|move|p1a: Pikachu|Nuzzle|p2a: Big Zam
|-damage|p2a: Big Zam|82/100
|-status|p2a: Big Zam|par
|
|upkeep
|turn|11
|
|t:|1743842787
|move|p1a: Pikachu|Surf|p2a: Big Zam
|-damage|p2a: Big Zam|62/100 par
|move|p2a: Big Zam|Crunch|p1a: Pikachu
|-damage|p1a: Pikachu|0 fnt
|faint|p1a: Pikachu
|
|upkeep
|
|t:|1743842791
|switch|p1a: Blastoise|Blastoise, M|100/100
|turn|12
|
|t:|1743842798
|move|p1a: Blastoise|Shell Smash|p1a: Blastoise
|-unboost|p1a: Blastoise|def|1
|-unboost|p1a: Blastoise|spd|1
|-boost|p1a: Blastoise|atk|2
|-boost|p1a: Blastoise|spa|2
|-boost|p1a: Blastoise|spe|2
|-enditem|p1a: Blastoise|White Herb
|-clearnegativeboost|p1a: Blastoise|[silent]
|move|p2a: Big Zam|Close Combat|p1a: Blastoise
|-damage|p1a: Blastoise|27/100
|-unboost|p2a: Big Zam|def|1
|-unboost|p2a: Big Zam|spd|1
|
|upkeep
|turn|13
|
|t:|1743842811
|move|p1a: Blastoise|Surf|p2a: Big Zam
|-damage|p2a: Big Zam|0 fnt
|faint|p2a: Big Zam
|
|upkeep
|
|t:|1743842825
|switch|p2a: Slowking|Slowking-Galar, M|99/100
|turn|14
|
|t:|1743842833
|move|p1a: Blastoise|Surf|p2a: Slowking
|-damage|p2a: Slowking|44/100
|move|p2a: Slowking|Sludge Bomb|p1a: Blastoise
|-damage|p1a: Blastoise|0 fnt
|faint|p1a: Blastoise
|
|upkeep
|
|t:|1743842837
|switch|p1a: Snorlax|Snorlax, F|100/100
|turn|15
|
|t:|1743842842
|switch|p2a: Ogerpon|Ogerpon-Wellspring, F|100/100
|move|p1a: Snorlax|Curse|p1a: Snorlax
|-unboost|p1a: Snorlax|spe|1
|-boost|p1a: Snorlax|atk|1
|-boost|p1a: Snorlax|def|1
|
|upkeep
|turn|16
|
|t:|1743842852
|move|p2a: Ogerpon|Knock Off|p1a: Snorlax
|-damage|p1a: Snorlax|76/100
|-enditem|p1a: Snorlax|Leftovers|[from] move: Knock Off|[of] p2a: Ogerpon
|move|p1a: Snorlax|Curse|p1a: Snorlax
|-unboost|p1a: Snorlax|spe|1
|-boost|p1a: Snorlax|atk|1
|-boost|p1a: Snorlax|def|1
|
|upkeep
|turn|17
|
|t:|1743842862
|move|p2a: Ogerpon|Ivy Cudgel|p1a: Snorlax|[anim] Ivy Cudgel Water
|-damage|p1a: Snorlax|49/100
|move|p1a: Snorlax|Curse|p1a: Snorlax
|-unboost|p1a: Snorlax|spe|1
|-boost|p1a: Snorlax|atk|1
|-boost|p1a: Snorlax|def|1
|
|upkeep
|turn|18
|
|t:|1743842876
|move|p2a: Ogerpon|Power Whip|p1a: Snorlax|[miss]
|-miss|p2a: Ogerpon|p1a: Snorlax
|move|p1a: Snorlax|Rest|p1a: Snorlax
|-status|p1a: Snorlax|slp|[from] move: Rest
|-heal|p1a: Snorlax|100/100 slp|[silent]
|
|upkeep
|turn|19
|
|t:|1743842885
|move|p2a: Ogerpon|Power Whip|p1a: Snorlax
|-damage|p1a: Snorlax|72/100 slp
|cant|p1a: Snorlax|slp
|
|upkeep
|turn|20
|
|t:|1743842892
|move|p2a: Ogerpon|Power Whip|p1a: Snorlax
|-crit|p1a: Snorlax
|-damage|p1a: Snorlax|0 fnt
|faint|p1a: Snorlax
|
|win|Skedjinet
|raw|ibai2808's rating: 1121 &rarr; <strong>1094</strong><br />(-27 for losing)
|raw|Skedjinet's rating: 1100 &rarr; <strong>1127</strong><br />(+27 for winning)
|l|☆ibai2808
|player|p1|
|l|☆Skedjinet
|player|p2|
