|j|☆pastastraw1102
|j|☆arj.uno
|t:|1743865038
|gametype|singles
|player|p1|pastastraw1102|roxie|1237
|player|p2|arj.uno|doctor|1203
|teamsize|p1|6
|teamsize|p2|6
|gen|9
|tier|[Gen 9] OU
|rated|
|rule|HP Percentage Mod: HP is shown in percentages
|rule|Endless Battle Clause: Forcing endless battles is banned
|rule|Species Clause: Limit one of each Pokémon
|rule|OHKO Clause: OHKO moves are banned
|rule|Evasion Items Clause: Evasion items are banned
|rule|Evasion Moves Clause: Evasion moves are banned
|rule|Sleep Moves Clause: Sleep-inducing moves are banned
|clearpoke
|poke|p1|Samurott-Hisui, F|
|poke|p1|Meowscarada, F|
|poke|p1|Armarouge, M|
|poke|p1|Iron Valiant|
|poke|p1|Garchomp, M|
|poke|p1|Kingambit, M|
|poke|p2|Leavanny, M|
|poke|p2|Ninetales, F|
|poke|p2|Victreebel, M|
|poke|p2|Kilowattrel, M|
|poke|p2|Mimikyu, M|
|poke|p2|Ceruledge, F|
|teampreview
|inactive|Battle timer is ON: inactive players will automatically lose when time's up. (requested by pastastraw1102)
|
|t:|1743865041
|start
|switch|p1a: Samurott|Samurott-Hisui, F|100/100
|switch|p2a: Leavanny|Leavanny, M|100/100
|turn|1
|
|t:|1743865050
|move|p1a: Samurott|Ceaseless Edge|p2a: Leavanny
|-damage|p2a: Leavanny|45/100
|-sidestart|p2: arj.uno|Spikes
|move|p2a: Leavanny|Leaf Blade|p1a: Samurott
|-supereffective|p1a: Samurott
|-enditem|p1a: Samurott|Focus Sash
|-damage|p1a: Samurott|1/100
|
|upkeep
|turn|2
|
|t:|1743865059
|move|p1a: Samurott|Ceaseless Edge|p2a: Leavanny
|-damage|p2a: Leavanny|0 fnt
|-sidestart|p2: arj.uno|Spikes
|faint|p2a: Leavanny
|
|upkeep
|
|t:|1743865068
|switch|p2a: Kilowattrel|Kilowattrel, M|100/100
|turn|3
|
|t:|1743865074
|move|p2a: Kilowattrel|Thunder Wave|p1a: Samurott
|-status|p1a: Samurott|par
|move|p1a: Samurott|Razor Shell|p2a: Kilowattrel
|-damage|p2a: Kilowattrel|10/100
|-unboost|p2a: Kilowattrel|def|1
|-ability|p2a: Kilowattrel|Competitive|boost
|-boost|p2a: Kilowattrel|spa|2
|
|upkeep
|turn|4
|
|t:|1743865079
|move|p2a: Kilowattrel|Discharge|p1a: Samurott
|-supereffective|p1a: Samurott
|-damage|p1a: Samurott|0 fnt
|faint|p1a: Samurott
|
|upkeep
|
|t:|1743865086
|switch|p1a: Meowscarada|Meowscarada, F, shiny|100/100
|turn|5
|inactive|arj.uno has 120 seconds left.
|
|t:|1743865117
|move|p2a: Kilowattrel|Air Slash|p1a: Meowscarada
|-supereffective|p1a: Meowscarada
|-damage|p1a: Meowscarada|0 fnt
|faint|p1a: Meowscarada
|
|upkeep
|
|t:|1743865125
|switch|p1a: Garchomp|Garchomp, M, shiny|100/100
|turn|6
|
|t:|1743865128
|move|p2a: Kilowattrel|Air Slash|p1a: Garchomp
|-damage|p1a: Garchomp|29/100
|move|p1a: Garchomp|Scale Shot|p2a: Kilowattrel
|-damage|p2a: Kilowattrel|0 fnt
|faint|p2a: Kilowattrel
|-hitcount|p2: Kilowattrel|1
|-unboost|p1a: Garchomp|def|1
|-boost|p1a: Garchomp|spe|1
|
|upkeep
|
|t:|1743865133
|switch|p2a: Ninetales|Ninetales, F|100/100
|-damage|p2a: Ninetales|84/100|[from] Spikes
|-weather|SunnyDay|[from] ability: Drought|[of] p2a: Ninetales
|turn|7
|
|t:|1743865138
|move|p1a: Garchomp|Earthquake|p2a: Ninetales
|-supereffective|p2a: Ninetales
|-damage|p2a: Ninetales|0 fnt
|faint|p2a: Ninetales
|
|-weather|SunnyDay|[upkeep]
|upkeep
|
|t:|1743865143
|switch|p2a: Mimikyu|Mimikyu, M|100/100
|-damage|p2a: Mimikyu|84/100|[from] Spikes
|turn|8
|
|t:|1743865151
|switch|p1a: Armarouge|Armarouge, M, shiny|100/100
|move|p2a: Mimikyu|Play Rough|p1a: Armarouge
|-resisted|p1a: Armarouge
|-damage|p1a: Armarouge|84/100
|
|-weather|SunnyDay|[upkeep]
|upkeep
|turn|9
|
|t:|1743865157
|move|p2a: Mimikyu|Swords Dance|p2a: Mimikyu
|-boost|p2a: Mimikyu|atk|2
|move|p1a: Armarouge|Flamethrower|p2a: Mimikyu
|-activate|p2a: Mimikyu|ability: Disguise
|-damage|p2a: Mimikyu|84/100
|detailschange|p2a: Mimikyu|Mimikyu-Busted, M
|-damage|p2a: Mimikyu|72/100|[from] pokemon: Mimikyu-Busted
|
|-weather|SunnyDay|[upkeep]
|upkeep
|turn|10
|
|t:|1743865164
|-terastallize|p1a: Armarouge|Grass
|move|p2a: Mimikyu|Leech Life|p1a: Armarouge
|-supereffective|p1a: Armarouge
|-damage|p1a: Armarouge|7/100
|-heal|p2a: Mimikyu|100/100|[from] drain|[of] p1a: Armarouge
|move|p1a: Armarouge|Flamethrower|p2a: Mimikyu
|-damage|p2a: Mimikyu|4/100
|
|-weather|SunnyDay|[upkeep]
|upkeep
|turn|11
|
|t:|1743865171
|move|p2a: Mimikyu|Leech Life|p1a: Armarouge
|-supereffective|p1a: Armarouge
|-damage|p1a: Armarouge|0 fnt
|-heal|p2a: Mimikyu|10/100|[from] drain|[of] p1a: Armarouge
|faint|p1a: Armarouge
|
|-weather|SunnyDay|[upkeep]
|upkeep
|
|t:|1743865175
|switch|p1a: Kingambit|Kingambit, M|100/100
|-activate|p1a: Kingambit|ability: Supreme Overlord
|-start|p1a: Kingambit|fallen3|[silent]
|-item|p1a: Kingambit|Air Balloon
|turn|12
|
|t:|1743865180
|move|p1a: Kingambit|Sucker Punch|p2a: Mimikyu
|-damage|p2a: Mimikyu|0 fnt
|faint|p2a: Mimikyu
|
|-weather|SunnyDay|[upkeep]
|upkeep
|
|t:|1743865183
|switch|p2a: Victreebel|Victreebel, M|100/100
|-damage|p2a: Victreebel|84/100|[from] Spikes
|turn|13
|
|t:|1743865186
|move|p2a: Victreebel|Weather Ball|p1a: Kingambit
|-supereffective|p1a: Kingambit
|-damage|p1a: Kingambit|26/100
|-enditem|p1a: Kingambit|Air Balloon
|move|p1a: Kingambit|Swords Dance|p1a: Kingambit
|-boost|p1a: Kingambit|atk|2
|
|-weather|SunnyDay|[upkeep]
|upkeep
|turn|14
|
|t:|1743865190
|move|p1a: Kingambit|Sucker Punch|p2a: Victreebel
|-damage|p2a: Victreebel|0 fnt
|faint|p2a: Victreebel
|
|-weather|none
|upkeep
|
|t:|1743865192
|switch|p2a: Ceruledge|Ceruledge, F|100/100
|-damage|p2a: Ceruledge|84/100|[from] Spikes
|turn|15
|
|t:|1743865195
|-terastallize|p2a: Ceruledge|Fire
|move|p1a: Kingambit|Sucker Punch|p2a: Ceruledge
|-damage|p2a: Ceruledge|0 fnt
|faint|p2a: Ceruledge
|
|win|pastastraw1102
|raw|pastastraw1102's rating: 1237 &rarr; <strong>1260</strong><br />(+23 for winning)
|raw|arj.uno's rating: 1203 &rarr; <strong>1180</strong><br />(-23 for losing)
|l|☆arj.uno
|player|p2|
|l|☆pastastraw1102
|player|p1|
