|j|☆Kiwi Weewee
|j|☆Dixter258
|t:|1743828972
|gametype|singles
|player|p1|Kiwi Weewee|265|1124
|player|p2|Dixter258|101|1095
|teamsize|p1|6
|teamsize|p2|6
|gen|9
|tier|[Gen 9] OU
|rated|
|rule|HP Percentage Mod: HP is shown in percentages
|rule|Endless Battle Clause: Forcing endless battles is banned
|rule|Species Clause: Limit one of each Pokémon
|rule|OHKO Clause: OHKO moves are banned
|rule|Evasion Items Clause: Evasion items are banned
|rule|Evasion Moves Clause: Evasion moves are banned
|rule|Sleep Moves Clause: Sleep-inducing moves are banned
|clearpoke
|poke|p1|Tsareena, F|
|poke|p1|Meowscarada, F|
|poke|p1|Ditto|
|poke|p1|Bronzong|
|poke|p1|Greninja-*, M|
|poke|p1|Gardevoir, M|
|poke|p2|Meowscarada, F|
|poke|p2|Gengar, F|
|poke|p2|Darkrai|
|poke|p2|Toxtricity, F|
|poke|p2|Ceruledge, M|
|poke|p2|Greninja-*, F|
|teampreview
|inactive|Battle timer is ON: inactive players will automatically lose when time's up. (requested by Dixter258)
|inactive|Kiwi Weewee has 120 seconds left.
|
|t:|1743829019
|start
|switch|p1a: Bronzong|Bronzong|100/100
|switch|p2a: Meowscarada|Meowscarada, F|100/100
|turn|1
|
|t:|1743829031
|move|p2a: Meowscarada|Spikes|p1a: Bronzong
|-sidestart|p1: Kiwi Weewee|Spikes
|move|p1a: Bronzong|Stealth Rock|p2a: Meowscarada
|-sidestart|p2: Dixter258|move: Stealth Rock
|
|upkeep
|turn|2
|
|t:|1743829042
|move|p2a: Meowscarada|Taunt|p1a: Bronzong
|-start|p1a: Bronzong|move: Taunt
|move|p1a: Bronzong|Flash Cannon|p2a: Meowscarada
|-damage|p2a: Meowscarada|66/100
|
|upkeep
|turn|3
|
|t:|1743829051
|move|p2a: Meowscarada|Knock Off|p1a: Bronzong
|-supereffective|p1a: Bronzong
|-damage|p1a: Bronzong|45/100
|-enditem|p1a: Bronzong|Leftovers|[from] move: Knock Off|[of] p2a: Meowscarada
|move|p1a: Bronzong|Flash Cannon|p2a: Meowscarada
|-damage|p2a: Meowscarada|28/100
|
|upkeep
|turn|4
|
|t:|1743829076
|switch|p2a: Gengar|Gengar, F|100/100
|-damage|p2a: Gengar|88/100|[from] Stealth Rock
|move|p1a: Bronzong|Power Gem|p2a: Gengar
|-damage|p2a: Gengar|65/100
|
|-end|p1a: Bronzong|move: Taunt
|upkeep
|turn|5
|inactive|Dixter258 has 120 seconds left.
|
|t:|1743829099
|move|p2a: Gengar|Focus Blast|p1a: Bronzong
|-damage|p1a: Bronzong|0 fnt
|faint|p1a: Bronzong
|
|upkeep
|inactive|Kiwi Weewee has 120 seconds left.
|
|t:|1743829115
|switch|p1a: Greninja|Greninja, M|100/100
|-damage|p1a: Greninja|88/100|[from] Spikes
|turn|6
|inactive|Dixter258 has 120 seconds left.
|
|t:|1743829137
|switch|p2a: Meowscarada|Meowscarada, F|28/100
|-damage|p2a: Meowscarada|16/100|[from] Stealth Rock
|move|p1a: Greninja|Ice Beam|p2a: Meowscarada
|-start|p1a: Greninja|typechange|Ice|[from] ability: Protean
|-supereffective|p2a: Meowscarada
|-crit|p2a: Meowscarada
|-damage|p2a: Meowscarada|0 fnt
|faint|p2a: Meowscarada
|
|upkeep
|
|t:|1743829150
|switch|p2a: Toxtricity|Toxtricity, F|100/100
|-damage|p2a: Toxtricity|88/100|[from] Stealth Rock
|turn|7
|inactive|Dixter258 has 90 seconds left.
|
|t:|1743829180
|move|p1a: Greninja|Ice Beam|p2a: Toxtricity
|-damage|p2a: Toxtricity|0 fnt
|faint|p2a: Toxtricity
|
|upkeep
|
|t:|1743829185
|switch|p2a: Ceruledge|Ceruledge, M|100/100
|-damage|p2a: Ceruledge|76/100|[from] Stealth Rock
|turn|8
|inactive|Dixter258 has 90 seconds left.
|
|t:|1743829197
|switch|p1a: Gardevoir|Gardevoir, M|100/100
|-damage|p1a: Gardevoir|88/100|[from] Spikes
|-ability|p1a: Gardevoir|Flash Fire|[from] ability: Trace|[of] p2a: Ceruledge
|-terastallize|p2a: Ceruledge|Fire
|move|p2a: Ceruledge|Bitter Blade|p1a: Gardevoir
|-start|p1a: Gardevoir|ability: Flash Fire
|
|-heal|p2a: Ceruledge|82/100|[from] item: Leftovers
|-heal|p1a: Gardevoir|94/100|[from] item: Leftovers
|upkeep
|turn|9
|inactive|Dixter258 has 90 seconds left.
|inactive|Kiwi Weewee has 120 seconds left.
|inactive|Dixter258 has 60 seconds left.
|l|☆Dixter258
|inactive|Dixter258 disconnected and has a minute to reconnect!
|player|p2|
|j|☆Dixter258
|inactive|Dixter258 reconnected and has 35 seconds left.
|player|p2|Dixter258|101|
|inactive|Dixter258 has 30 seconds left.
|
|t:|1743829274
|-terastallize|p1a: Gardevoir|Steel
|move|p2a: Ceruledge|Shadow Sneak|p1a: Gardevoir
|-damage|p1a: Gardevoir|70/100
|move|p1a: Gardevoir|Moonblast|p2a: Ceruledge
|-resisted|p2a: Ceruledge
|-damage|p2a: Ceruledge|67/100
|
|-heal|p2a: Ceruledge|73/100|[from] item: Leftovers
|-heal|p1a: Gardevoir|76/100|[from] item: Leftovers
|upkeep
|turn|10
|inactive|Dixter258 has 30 seconds left.
|
|t:|1743829287
|move|p2a: Ceruledge|Swords Dance|p2a: Ceruledge
|-boost|p2a: Ceruledge|atk|2
|move|p1a: Gardevoir|Psychic|p2a: Ceruledge
|-damage|p2a: Ceruledge|45/100
|
|-heal|p2a: Ceruledge|51/100|[from] item: Leftovers
|-heal|p1a: Gardevoir|83/100|[from] item: Leftovers
|upkeep
|turn|11
|inactive|Dixter258 has 30 seconds left.
|inactive|Kiwi Weewee has 120 seconds left.
|
|t:|1743829306
|move|p2a: Ceruledge|Shadow Sneak|p1a: Gardevoir
|-damage|p1a: Gardevoir|34/100
|move|p1a: Gardevoir|Psychic|p2a: Ceruledge
|-damage|p2a: Ceruledge|24/100
|
|-heal|p2a: Ceruledge|30/100|[from] item: Leftovers
|-heal|p1a: Gardevoir|40/100|[from] item: Leftovers
|upkeep
|turn|12
|inactive|Dixter258 has 30 seconds left.
|inactive|Dixter258 has 20 seconds left.
|
|t:|1743829325
|switch|p2a: Darkrai|Darkrai|100/100
|move|p1a: Gardevoir|Psychic|p2a: Darkrai
|-immune|p2a: Darkrai
|
|-heal|p1a: Gardevoir|46/100|[from] item: Leftovers
|upkeep
|turn|13
|inactive|Dixter258 has 30 seconds left this turn.
|inactive|Dixter258 has 20 seconds left.
|
|t:|1743829340
|move|p2a: Darkrai|Dark Pulse|p1a: Gardevoir
|-damage|p1a: Gardevoir|16/100
|move|p1a: Gardevoir|Moonblast|p2a: Darkrai
|-supereffective|p2a: Darkrai
|-damage|p2a: Darkrai|0 fnt
|faint|p2a: Darkrai
|
|-heal|p1a: Gardevoir|22/100|[from] item: Leftovers
|upkeep
|inactive|Dixter258 has 25 seconds left this turn.
|inactive|Dixter258 has 20 seconds left.
|inactive|Dixter258 has 15 seconds left.
|
|t:|1743829352
|switch|p2a: Gengar|Gengar, F|65/100
|-damage|p2a: Gengar|53/100|[from] Stealth Rock
|turn|14
|inactive|Dixter258 has 25 seconds left this turn.
|inactive|Dixter258 has 20 seconds left.
|inactive|Dixter258 has 15 seconds left.
|
|t:|1743829364
|move|p2a: Gengar|Focus Blast|p1a: Gardevoir
|-supereffective|p1a: Gardevoir
|-damage|p1a: Gardevoir|0 fnt
|faint|p1a: Gardevoir
|
|upkeep
|inactive|Dixter258 has 20 seconds left this turn.
|
|t:|1743829375
|switch|p1a: Meowscarada|Meowscarada, F|100/100
|-damage|p1a: Meowscarada|88/100|[from] Spikes
|turn|15
|inactive|Dixter258 has 30 seconds left this turn.
|
|t:|1743829383
|move|p1a: Meowscarada|Knock Off|p2a: Gengar
|-start|p1a: Meowscarada|typechange|Dark|[from] ability: Protean
|-supereffective|p2a: Gengar
|-damage|p2a: Gengar|0 fnt
|-enditem|p2a: Gengar|Choice Specs|[from] move: Knock Off|[of] p1a: Meowscarada
|faint|p2a: Gengar
|
|upkeep
|inactive|Dixter258 has 30 seconds left this turn.
|
|t:|1743829393
|switch|p2a: Ceruledge|Ceruledge, M, tera:Fire|30/100
|-damage|p2a: Ceruledge|5/100|[from] Stealth Rock
|turn|16
|inactive|Dixter258 has 30 seconds left.
|inactive|Dixter258 has 20 seconds left.
|
|t:|1743829409
|move|p2a: Ceruledge|Shadow Sneak|p1a: Meowscarada
|-resisted|p1a: Meowscarada
|-damage|p1a: Meowscarada|75/100
|move|p1a: Meowscarada|U-turn|p2a: Ceruledge
|-resisted|p2a: Ceruledge
|-damage|p2a: Ceruledge|0 fnt
|faint|p2a: Ceruledge
|inactive|Dixter258 has 25 seconds left this turn.
|-message|Dixter258 forfeited.
|
|win|Kiwi Weewee
|inactive|Dixter258 has 30 seconds left this turn.
|raw|Kiwi Weewee's rating: 1124 &rarr; <strong>1147</strong><br />(+23 for winning)
|raw|Dixter258's rating: 1095 &rarr; <strong>1073</strong><br />(-22 for losing)
|l|☆Dixter258
|player|p2|
|l|☆Kiwi Weewee
|player|p1|
