|j|☆vacheron
|j|☆nhg445
|t:|1743779164
|gametype|singles
|player|p1|vacheron|170|1648
|player|p2|nhg445|cynthia|1649
|teamsize|p1|6
|teamsize|p2|6
|gen|9
|tier|[Gen 9] OU
|rated|
|rule|HP Percentage Mod: HP is shown in percentages
|rule|Endless Battle Clause: Forcing endless battles is banned
|rule|Species Clause: Limit one of each Pokémon
|rule|OHKO Clause: OHKO moves are banned
|rule|Evasion Items Clause: Evasion items are banned
|rule|Evasion Moves Clause: Evasion moves are banned
|rule|Sleep Moves Clause: Sleep-inducing moves are banned
|clearpoke
|poke|p1|Samurott-Hisui, F|
|poke|p1|Iron Valiant|
|poke|p1|Pecharunt|
|poke|p1|Reuniclus, F|
|poke|p1|Darkrai|
|poke|p1|Kingambit, F|
|poke|p2|Samurott-Hisui, F|
|poke|p2|Kyurem|
|poke|p2|Iron Treads|
|poke|p2|Iron Crown|
|poke|p2|Moltres|
|poke|p2|Weavile, F|
|teampreview
|inactive|Battle timer is ON: inactive players will automatically lose when time's up. (requested by nhg445)
|
|t:|1743779173
|start
|switch|p1a: Valediction|Samurott-Hisui, F|100/100
|switch|p2a: Iron Crown|Iron Crown|100/100
|turn|1
|
|t:|1743779181
|move|p2a: Iron Crown|Volt Switch|p1a: Valediction
|-supereffective|p1a: Valediction
|-enditem|p1a: Valediction|Focus Sash
|-damage|p1a: Valediction|1/100
|
|t:|1743779184
|-end|p2a: Iron Crown|Quark Drive|[silent]
|switch|p2a: Samurott|Samurott-Hisui, F|100/100|[from] Volt Switch
|move|p1a: Valediction|Ceaseless Edge|p2a: Samurott
|-resisted|p2a: Samurott
|-damage|p2a: Samurott|73/100
|-sidestart|p2: nhg445|Spikes
|
|upkeep
|turn|2
|
|t:|1743779196
|move|p1a: Valediction|Ceaseless Edge|p2a: Samurott
|-resisted|p2a: Samurott
|-damage|p2a: Samurott|46/100
|-sidestart|p2: nhg445|Spikes
|move|p2a: Samurott|Ceaseless Edge|p1a: Valediction
|-resisted|p1a: Valediction
|-damage|p1a: Valediction|0 fnt
|-sidestart|p1: vacheron|Spikes
|faint|p1a: Valediction
|
|upkeep
|
|t:|1743779203
|switch|p1a: Mani Katti|Iron Valiant|100/100
|-damage|p1a: Mani Katti|88/100|[from] Spikes
|-enditem|p1a: Mani Katti|Booster Energy
|-activate|p1a: Mani Katti|ability: Quark Drive|[fromitem]
|-start|p1a: Mani Katti|quarkdrivespa
|turn|3
|
|t:|1743779210
|move|p1a: Mani Katti|Calm Mind|p1a: Mani Katti
|-boost|p1a: Mani Katti|spa|1
|-boost|p1a: Mani Katti|spd|1
|move|p2a: Samurott|Aqua Cutter|p1a: Mani Katti
|-crit|p1a: Mani Katti
|-damage|p1a: Mani Katti|0 fnt
|faint|p1a: Mani Katti
|-end|p1a: Mani Katti|Quark Drive|[silent]
|
|upkeep
|
|t:|1743779216
|switch|p1a: Azathoth|Pecharunt|100/100
|-damage|p1a: Azathoth|88/100|[from] Spikes
|turn|4
|
|t:|1743779223
|move|p1a: Azathoth|Malignant Chain|p2a: Samurott
|-damage|p2a: Samurott|0 fnt
|faint|p2a: Samurott
|
|upkeep
|
|t:|1743779227
|switch|p2a: Iron Crown|Iron Crown|100/100
|-damage|p2a: Iron Crown|84/100|[from] Spikes
|turn|5
|
|t:|1743779230
|move|p2a: Iron Crown|Tachyon Cutter|p1a: Azathoth
|-damage|p1a: Azathoth|45/100
|-damage|p1a: Azathoth|1/100
|-hitcount|p1a: Azathoth|2
|move|p1a: Azathoth|Shadow Ball|p2a: Iron Crown
|-supereffective|p2a: Iron Crown
|-damage|p2a: Iron Crown|22/100
|
|upkeep
|turn|6
|
|t:|1743779233
|move|p2a: Iron Crown|Tachyon Cutter|p1a: Azathoth
|-damage|p1a: Azathoth|0 fnt
|faint|p1a: Azathoth
|-hitcount|p1: Azathoth|1
|
|upkeep
|
|t:|1743779235
|switch|p1a: Scarlet Devil|Darkrai|100/100
|-damage|p1a: Scarlet Devil|88/100|[from] Spikes
|turn|7
|
|t:|1743779240
|move|p1a: Scarlet Devil|Knock Off|p2a: Iron Crown
|-supereffective|p2a: Iron Crown
|-damage|p2a: Iron Crown|0 fnt
|-enditem|p2a: Iron Crown|Choice Specs|[from] move: Knock Off|[of] p1a: Scarlet Devil
|faint|p2a: Iron Crown
|-end|p2a: Iron Crown|Quark Drive|[silent]
|
|upkeep
|
|t:|1743779246
|switch|p2a: Kyurem|Kyurem|100/100
|-damage|p2a: Kyurem|84/100|[from] Spikes
|-ability|p2a: Kyurem|Pressure
|turn|8
|
|t:|1743779261
|move|p1a: Scarlet Devil|Dark Pulse|p2a: Kyurem
|-damage|p2a: Kyurem|36/100
|move|p2a: Kyurem|Dragon Dance|p2a: Kyurem
|-boost|p2a: Kyurem|atk|1
|-boost|p2a: Kyurem|spe|1
|
|upkeep
|turn|9
|
|t:|1743779268
|move|p1a: Scarlet Devil|Sucker Punch|p2a: Kyurem
|-crit|p2a: Kyurem
|-damage|p2a: Kyurem|0 fnt
|faint|p2a: Kyurem
|
|upkeep
|
|t:|1743779272
|switch|p2a: Weavile|Weavile, F|100/100
|-ability|p2a: Weavile|Pressure
|turn|10
|
|t:|1743779278
|move|p2a: Weavile|Swords Dance|p2a: Weavile
|-boost|p2a: Weavile|atk|2
|move|p1a: Scarlet Devil|Dark Pulse|p2a: Weavile
|-resisted|p2a: Weavile
|-damage|p2a: Weavile|65/100
|
|upkeep
|turn|11
|
|t:|1743779281
|move|p1a: Scarlet Devil|Sucker Punch|p2a: Weavile
|-resisted|p2a: Weavile
|-damage|p2a: Weavile|41/100
|move|p2a: Weavile|Triple Axel|p1a: Scarlet Devil
|-damage|p1a: Scarlet Devil|64/100
|-damage|p1a: Scarlet Devil|12/100
|-damage|p1a: Scarlet Devil|0 fnt
|faint|p1a: Scarlet Devil
|-hitcount|p1: Scarlet Devil|3
|
|upkeep
|
|t:|1743779285
|switch|p1a: Murasama|Kingambit, F|100/100
|-damage|p1a: Murasama|88/100|[from] Spikes
|-activate|p1a: Murasama|ability: Supreme Overlord
|-start|p1a: Murasama|fallen4|[silent]
|turn|12
|
|t:|1743779289
|move|p1a: Murasama|Sucker Punch|p2a: Weavile
|-resisted|p2a: Weavile
|-damage|p2a: Weavile|0 fnt
|faint|p2a: Weavile
|
|upkeep
|
|t:|1743779293
|switch|p2a: Moltres|Moltres|100/100
|turn|13
|
|t:|1743779299
|move|p2a: Moltres|Flamethrower|p1a: Murasama
|-supereffective|p1a: Murasama
|-damage|p1a: Murasama|15/100
|-enditem|p1a: Murasama|Weakness Policy
|-boost|p1a: Murasama|atk|2|[from] item: Weakness Policy
|-boost|p1a: Murasama|spa|2|[from] item: Weakness Policy
|move|p1a: Murasama|Kowtow Cleave|p2a: Moltres
|-damage|p2a: Moltres|12/100
|
|upkeep
|turn|14
|
|t:|1743779308
|-terastallize|p2a: Moltres|Fairy
|move|p2a: Moltres|Roost|p2a: Moltres
|-heal|p2a: Moltres|62/100
|move|p1a: Murasama|Kowtow Cleave|p2a: Moltres
|-resisted|p2a: Moltres
|-damage|p2a: Moltres|18/100
|
|upkeep
|turn|15
|
|t:|1743779315
|move|p2a: Moltres|Flamethrower|p1a: Murasama
|-supereffective|p1a: Murasama
|-damage|p1a: Murasama|0 fnt
|faint|p1a: Murasama
|-end|p1a: Murasama|fallen4|[silent]
|
|upkeep
|
|t:|1743779317
|switch|p1a: Metastasis|Reuniclus, F|100/100
|turn|16
|
|t:|1743779322
|move|p2a: Moltres|Flamethrower|p1a: Metastasis
|-damage|p1a: Metastasis|67/100
|move|p1a: Metastasis|Trick Room|p1a: Metastasis
|-fieldstart|move: Trick Room|[of] p1a: Metastasis
|
|upkeep
|turn|17
|
|t:|1743779325
|move|p1a: Metastasis|Psychic Noise|p2a: Moltres
|-damage|p2a: Moltres|0 fnt
|faint|p2a: Moltres
|
|upkeep
|
|t:|1743779327
|switch|p2a: Iron Treads|Iron Treads|100/100
|-damage|p2a: Iron Treads|84/100|[from] Spikes
|turn|18
|
|t:|1743779329
|move|p1a: Metastasis|Focus Blast|p2a: Iron Treads
|-supereffective|p2a: Iron Treads
|-damage|p2a: Iron Treads|0 fnt
|faint|p2a: Iron Treads
|-end|p2a: Iron Treads|Quark Drive|[silent]
|
|win|vacheron
|raw|vacheron's rating: 1648 &rarr; <strong>1668</strong><br />(+20 for winning)
|raw|nhg445's rating: 1649 &rarr; <strong>1629</strong><br />(-20 for losing)
|l|☆vacheron
|player|p1|
|l|☆nhg445
|player|p2|
