|j|☆Luisao
|j|☆memer_is_a_slur
|t:|1743818687
|gametype|singles
|player|p1|Luisao|2|1314
|player|p2|memer_is_a_slur|blaine|1333
|teamsize|p1|6
|teamsize|p2|6
|gen|9
|tier|[Gen 9] OU
|rated|
|rule|HP Percentage Mod: HP is shown in percentages
|rule|Endless Battle Clause: Forcing endless battles is banned
|rule|Species Clause: Limit one of each Pokémon
|rule|OHKO Clause: OHKO moves are banned
|rule|Evasion Items Clause: Evasion items are banned
|rule|Evasion Moves Clause: Evasion moves are banned
|rule|Sleep Moves Clause: Sleep-inducing moves are banned
|clearpoke
|poke|p1|Dragonite, M|
|poke|p1|Serperior, F|
|poke|p1|Donphan, M|
|poke|p1|Medicham, M|
|poke|p1|Scizor, M|
|poke|p1|Gengar, M|
|poke|p2|Blissey, F|
|poke|p2|Clefable, F|
|poke|p2|Gliscor, F|
|poke|p2|Ting-Lu|
|poke|p2|Dondozo, F|
|poke|p2|Clodsire, F|
|teampreview
|inactive|Battle timer is ON: inactive players will automatically lose when time's up. (requested by memer_is_a_slur)
|inactive|Luisao also wants the timer to be on.
|
|t:|1743818707
|start
|switch|p1a: Medicham|Medicham, M, shiny|100/100
|switch|p2a: Gliscor|Gliscor, F|100/100
|turn|1
|
|t:|1743818715
|move|p2a: Gliscor|Protect|p2a: Gliscor
|-singleturn|p2a: Gliscor|Protect
|move|p1a: Medicham|High Jump Kick|p2a: Gliscor
|-activate|p2a: Gliscor|move: Protect
|-damage|p1a: Medicham|50/100|[from] highjumpkick
|
|-status|p2a: Gliscor|tox|[from] item: Toxic Orb
|upkeep
|turn|2
|
|t:|1743818725
|move|p1a: Medicham|Ice Punch|p2a: Gliscor
|-supereffective|p2a: Gliscor
|-damage|p2a: Gliscor|0 fnt
|faint|p2a: Gliscor
|-damage|p1a: Medicham|41/100|[from] item: Life Orb
|
|upkeep
|
|t:|1743818730
|switch|p2a: Clefable|Clefable, F|100/100
|turn|3
|
|t:|1743818736
|move|p1a: Medicham|High Jump Kick|p2a: Clefable
|-resisted|p2a: Clefable
|-damage|p2a: Clefable|52/100
|-damage|p1a: Medicham|31/100|[from] item: Life Orb
|move|p2a: Clefable|Moonblast|p1a: Medicham
|-supereffective|p1a: Medicham
|-damage|p1a: Medicham|0 fnt
|faint|p1a: Medicham
|
|-heal|p2a: Clefable|58/100|[from] item: Leftovers
|upkeep
|inactive|Luisao has 120 seconds left.
|
|t:|1743818768
|switch|p1a: Scizor|Scizor, M|100/100
|turn|4
|
|t:|1743818779
|move|p2a: Clefable|Protect|p2a: Clefable
|-singleturn|p2a: Clefable|Protect
|move|p1a: Scizor|Bullet Punch|p2a: Clefable
|-activate|p2a: Clefable|move: Protect
|
|-heal|p2a: Clefable|64/100|[from] item: Leftovers
|upkeep
|turn|5
|
|t:|1743818789
|-terastallize|p2a: Clefable|Steel
|move|p1a: Scizor|Bullet Punch|p2a: Clefable
|-resisted|p2a: Clefable
|-damage|p2a: Clefable|49/100
|-damage|p1a: Scizor|91/100|[from] item: Life Orb
|move|p2a: Clefable|Knock Off|p1a: Scizor
|-damage|p1a: Scizor|75/100
|-enditem|p1a: Scizor|Life Orb|[from] move: Knock Off|[of] p2a: Clefable
|
|-heal|p2a: Clefable|55/100|[from] item: Leftovers
|upkeep
|turn|6
|inactive|Luisao has 120 seconds left.
|
|t:|1743818813
|move|p1a: Scizor|Dual Wingbeat|p2a: Clefable|[miss]
|-miss|p1a: Scizor|p2a: Clefable
|move|p2a: Clefable|Moonlight|p2a: Clefable
|-heal|p2a: Clefable|100/100
|
|upkeep
|turn|7
|inactive|Luisao has 120 seconds left.
|
|t:|1743818827
|switch|p1a: Serperior|Serperior, F, shiny|100/100
|move|p2a: Clefable|Moonblast|p1a: Serperior
|-damage|p1a: Serperior|60/100
|
|upkeep
|turn|8
|
|t:|1743818837
|switch|p2a: Blissey|Blissey, F|100/100
|move|p1a: Serperior|Leech Seed|p2a: Blissey
|-start|p2a: Blissey|move: Leech Seed
|
|-damage|p2a: Blissey|88/100|[from] Leech Seed|[of] p1a: Serperior
|-heal|p1a: Serperior|88/100|[silent]
|upkeep
|turn|9
|
|t:|1743818849
|switch|p1a: Donphan|Donphan, M|100/100
|switch|p2a: Clefable|Clefable, F, tera:Steel|100/100
|
|upkeep
|turn|10
|
|t:|1743818863
|switch|p2a: Dondozo|Dondozo, F|100/100
|move|p1a: Donphan|Earthquake|p2a: Dondozo
|-damage|p2a: Dondozo|76/100
|
|upkeep
|turn|11
|inactive|Luisao has 120 seconds left.
|
|t:|1743818879
|switch|p1a: Serperior|Serperior, F, shiny|88/100
|move|p2a: Dondozo|Waterfall|p1a: Serperior
|-resisted|p1a: Serperior
|-damage|p1a: Serperior|71/100
|
|upkeep
|turn|12
|
|t:|1743818888
|switch|p2a: Clodsire|Clodsire, F|100/100
|move|p1a: Serperior|Leaf Storm|p2a: Clodsire|[miss]
|-miss|p1a: Serperior|p2a: Clodsire
|
|upkeep
|turn|13
|inactive|Luisao has 120 seconds left.
|
|t:|1743818905
|move|p1a: Serperior|Leaf Storm|p2a: Clodsire
|-damage|p2a: Clodsire|65/100
|-boost|p1a: Serperior|spa|2
|move|p2a: Clodsire|Toxic|p1a: Serperior
|-status|p1a: Serperior|tox
|
|-damage|p1a: Serperior|65/100 tox|[from] psn
|upkeep
|turn|14
|inactive|Luisao has 120 seconds left.
|
|t:|1743818916
|-terastallize|p1a: Serperior|Grass
|move|p1a: Serperior|Leaf Storm|p2a: Clodsire
|-damage|p2a: Clodsire|0 fnt
|-boost|p1a: Serperior|spa|2
|faint|p2a: Clodsire
|
|-damage|p1a: Serperior|53/100 tox|[from] psn
|upkeep
|
|t:|1743818920
|switch|p2a: Blissey|Blissey, F|88/100
|turn|15
|inactive|Luisao has 120 seconds left.
|inactive|Luisao has 90 seconds left.
|inactive|Luisao has 60 seconds left.
|
|t:|1743819011
|move|p1a: Serperior|Leaf Storm|p2a: Blissey
|-damage|p2a: Blissey|29/100
|-boost|p1a: Serperior|spa|2
|move|p2a: Blissey|Soft-Boiled|p2a: Blissey
|-heal|p2a: Blissey|79/100
|
|-damage|p1a: Serperior|34/100 tox|[from] psn
|upkeep
|turn|16
|
|t:|1743819030
|switch|p1a: Donphan|Donphan, M|100/100
|move|p2a: Blissey|Soft-Boiled|p2a: Blissey
|-heal|p2a: Blissey|100/100
|
|upkeep
|turn|17
|
|t:|1743819051
|switch|p2a: Dondozo|Dondozo, F|76/100
|move|p1a: Donphan|Stealth Rock|p2a: Dondozo
|-sidestart|p2: memer_is_a_slur|move: Stealth Rock
|
|upkeep
|turn|18
|
|t:|1743819072
|switch|p1a: Serperior|Serperior, F, shiny, tera:Grass|34/100 tox
|move|p2a: Dondozo|Rest|p2a: Dondozo
|-status|p2a: Dondozo|slp|[from] move: Rest
|-heal|p2a: Dondozo|100/100 slp|[silent]
|
|-damage|p1a: Serperior|28/100 tox|[from] psn
|upkeep
|turn|19
|
|t:|1743819084
|switch|p2a: Clefable|Clefable, F, tera:Steel|100/100
|move|p1a: Serperior|Leaf Storm|p2a: Clefable
|-resisted|p2a: Clefable
|-damage|p2a: Clefable|68/100
|-boost|p1a: Serperior|spa|2
|
|-heal|p2a: Clefable|74/100|[from] item: Leftovers
|-damage|p1a: Serperior|16/100 tox|[from] psn
|upkeep
|turn|20
|
|t:|1743819096
|switch|p1a: Scizor|Scizor, M|75/100
|move|p2a: Clefable|Protect||[still]
|-fail|p2a: Clefable
|
|-heal|p2a: Clefable|80/100|[from] item: Leftovers
|upkeep
|turn|21
|
|t:|1743819106
|move|p2a: Clefable|Protect|p2a: Clefable
|-singleturn|p2a: Clefable|Protect
|move|p1a: Scizor|Bullet Punch|p2a: Clefable
|-activate|p2a: Clefable|move: Protect
|
|-heal|p2a: Clefable|87/100|[from] item: Leftovers
|upkeep
|turn|22
|
|t:|1743819115
|move|p1a: Scizor|Bullet Punch|p2a: Clefable
|-resisted|p2a: Clefable
|-damage|p2a: Clefable|73/100
|move|p2a: Clefable|Moonblast|p1a: Scizor
|-resisted|p1a: Scizor
|-damage|p1a: Scizor|58/100
|
|-heal|p2a: Clefable|79/100|[from] item: Leftovers
|upkeep
|turn|23
|inactive|Luisao has 60 seconds left.
|
|t:|1743819125
|move|p2a: Clefable|Protect|p2a: Clefable
|-singleturn|p2a: Clefable|Protect
|move|p1a: Scizor|Dual Wingbeat|p2a: Clefable
|-activate|p2a: Clefable|move: Protect
|
|-heal|p2a: Clefable|85/100|[from] item: Leftovers
|upkeep
|turn|24
|inactive|Luisao has 60 seconds left.
|
|t:|1743819137
|move|p1a: Scizor|Dual Wingbeat|p2a: Clefable
|-resisted|p2a: Clefable
|-damage|p2a: Clefable|76/100
|-resisted|p2a: Clefable
|-damage|p2a: Clefable|67/100
|-hitcount|p2a: Clefable|2
|move|p2a: Clefable|Moonblast|p1a: Scizor
|-resisted|p1a: Scizor
|-damage|p1a: Scizor|38/100
|-unboost|p1a: Scizor|spa|1
|
|-heal|p2a: Clefable|73/100|[from] item: Leftovers
|upkeep
|turn|25
|inactive|Luisao has 60 seconds left.
|
|t:|1743819151
|move|p2a: Clefable|Protect|p2a: Clefable
|-singleturn|p2a: Clefable|Protect
|move|p1a: Scizor|Pounce|p2a: Clefable
|-activate|p2a: Clefable|move: Protect
|
|-heal|p2a: Clefable|79/100|[from] item: Leftovers
|upkeep
|turn|26
|inactive|Luisao has 60 seconds left.
|
|t:|1743819169
|move|p1a: Scizor|Bullet Punch|p2a: Clefable
|-resisted|p2a: Clefable
|-damage|p2a: Clefable|66/100
|move|p2a: Clefable|Moonblast|p1a: Scizor
|-resisted|p1a: Scizor
|-damage|p1a: Scizor|19/100
|
|-heal|p2a: Clefable|73/100|[from] item: Leftovers
|upkeep
|turn|27
|
|t:|1743819185
|switch|p1a: Donphan|Donphan, M|100/100
|move|p2a: Clefable|Moonblast|p1a: Donphan
|-damage|p1a: Donphan|61/100
|
|-heal|p2a: Clefable|79/100|[from] item: Leftovers
|-heal|p1a: Donphan|67/100|[from] item: Leftovers
|upkeep
|turn|28
|inactive|Luisao has 60 seconds left.
|
|t:|1743819206
|move|p2a: Clefable|Protect|p2a: Clefable
|-singleturn|p2a: Clefable|Protect
|move|p1a: Donphan|Stealth Rock||[still]
|-fail|p1a: Donphan
|
|-heal|p2a: Clefable|85/100|[from] item: Leftovers
|-heal|p1a: Donphan|74/100|[from] item: Leftovers
|upkeep
|turn|29
|
|t:|1743819215
|switch|p2a: Dondozo|Dondozo, F|100/100 slp
|move|p1a: Donphan|Earthquake|p2a: Dondozo
|-damage|p2a: Dondozo|78/100 slp
|
|-heal|p1a: Donphan|80/100|[from] item: Leftovers
|upkeep
|turn|30
|
|t:|1743819227
|switch|p1a: Serperior|Serperior, F, shiny, tera:Grass|16/100 tox
|cant|p2a: Dondozo|slp
|move|p2a: Dondozo|Sleep Talk|p2a: Dondozo
|move|p2a: Dondozo|Waterfall|p1a: Serperior|[from] move: Sleep Talk
|-resisted|p1a: Serperior
|-damage|p1a: Serperior|0 fnt
|faint|p1a: Serperior
|
|upkeep
|
|t:|1743819240
|switch|p1a: Gengar|Gengar, M, shiny|100/100
|turn|31
|
|t:|1743819246
|switch|p2a: Ting-Lu|Ting-Lu|100/100
|-ability|p2a: Ting-Lu|Vessel of Ruin
|move|p1a: Gengar|Nasty Plot|p1a: Gengar
|-boost|p1a: Gengar|spa|2
|
|upkeep
|turn|32
|
|t:|1743819270
|switch|p2a: Blissey|Blissey, F|100/100
|move|p1a: Gengar|Shadow Ball|p2a: Blissey
|-immune|p2a: Blissey
|
|upkeep
|turn|33
|
|t:|1743819280
|move|p1a: Gengar|Sludge Wave|p2a: Blissey
|-damage|p2a: Blissey|69/100
|move|p2a: Blissey|Shadow Ball|p1a: Gengar
|-supereffective|p1a: Gengar
|-damage|p1a: Gengar|55/100
|
|upkeep
|turn|34
|
|t:|1743819290
|move|p1a: Gengar|Sludge Wave|p2a: Blissey
|-damage|p2a: Blissey|39/100
|move|p2a: Blissey|Calm Mind|p2a: Blissey
|-boost|p2a: Blissey|spa|1
|-boost|p2a: Blissey|spd|1
|
|upkeep
|turn|35
|
|t:|1743819297
|move|p1a: Gengar|Sludge Wave|p2a: Blissey
|-damage|p2a: Blissey|18/100
|move|p2a: Blissey|Soft-Boiled|p2a: Blissey
|-heal|p2a: Blissey|68/100
|
|upkeep
|turn|36
|
|t:|1743819304
|move|p1a: Gengar|Sludge Wave|p2a: Blissey
|-damage|p2a: Blissey|49/100
|move|p2a: Blissey|Shadow Ball|p1a: Gengar
|-supereffective|p1a: Gengar
|-damage|p1a: Gengar|0 fnt
|-start|p2a: Blissey|Disable|Shadow Ball|[from] ability: Cursed Body|[of] p1a: Gengar
|faint|p1a: Gengar
|
|upkeep
|
|t:|1743819321
|switch|p1a: Scizor|Scizor, M|19/100
|turn|37
|
|t:|1743819333
|switch|p2a: Clefable|Clefable, F, tera:Steel|85/100
|move|p1a: Scizor|Bullet Punch|p2a: Clefable
|-resisted|p2a: Clefable
|-damage|p2a: Clefable|72/100
|
|-heal|p2a: Clefable|78/100|[from] item: Leftovers
|upkeep
|turn|38
|
|t:|1743819343
|switch|p1a: Donphan|Donphan, M|80/100
|move|p2a: Clefable|Knock Off|p1a: Donphan
|-damage|p1a: Donphan|68/100
|-enditem|p1a: Donphan|Leftovers|[from] move: Knock Off|[of] p2a: Clefable
|
|-heal|p2a: Clefable|85/100|[from] item: Leftovers
|upkeep
|turn|39
|
|t:|1743819359
|switch|p2a: Ting-Lu|Ting-Lu|100/100
|-ability|p2a: Ting-Lu|Vessel of Ruin
|move|p1a: Donphan|Earthquake|p2a: Ting-Lu
|-damage|p2a: Ting-Lu|72/100
|
|upkeep
|turn|40
|
|t:|1743819369
|move|p1a: Donphan|Earthquake|p2a: Ting-Lu
|-damage|p2a: Ting-Lu|43/100
|move|p2a: Ting-Lu|Ruination|p1a: Donphan
|-damage|p1a: Donphan|35/100
|
|upkeep
|turn|41
|inactive|Luisao has 30 seconds left.
|inactive|Luisao has 20 seconds left.
|inactive|Luisao has 15 seconds left.
|inactive|Luisao has 10 seconds left.
|inactive|Luisao has 5 seconds left.
|-message|Luisao lost due to inactivity.
|
|win|memer_is_a_slur
|raw|Luisao's rating: 1314 &rarr; <strong>1295</strong><br />(-19 for losing)
|raw|memer_is_a_slur's rating: 1333 &rarr; <strong>1352</strong><br />(+19 for winning)
|l|☆memer_is_a_slur
|player|p2|
|l|☆Luisao
|player|p1|
