|j|☆inglourious bstrds
|j|☆Imnotsorrytbh
|t:|1743876860
|gametype|singles
|player|p1|inglourious bstrds|musician|1383
|player|p2|Imnotsorrytbh|colress|1417
|teamsize|p1|6
|teamsize|p2|6
|gen|9
|tier|[Gen 9] OU
|rated|
|rule|HP Percentage Mod: HP is shown in percentages
|rule|Endless Battle Clause: Forcing endless battles is banned
|rule|Species Clause: Limit one of each Pokémon
|rule|OHKO Clause: OHKO moves are banned
|rule|Evasion Items Clause: Evasion items are banned
|rule|Evasion Moves Clause: Evasion moves are banned
|rule|Sleep Moves Clause: Sleep-inducing moves are banned
|clearpoke
|poke|p1|Reuniclus, F|
|poke|p1|Garganacl, F|
|poke|p1|Sinistcha-Masterpiece|
|poke|p1|Scizor, F|
|poke|p1|Great Tusk|
|poke|p1|Greninja-*, M|
|poke|p2|Clodsire, M|
|poke|p2|Dondozo, F|
|poke|p2|Alomomola, M|
|poke|p2|Talonflame, F|
|poke|p2|Toxapex, M|
|poke|p2|Blissey, F|
|teampreview
|inactive|Battle timer is ON: inactive players will automatically lose when time's up. (requested by Imnotsorrytbh)
|
|t:|1743876916
|start
|switch|p1a: Scizor|Scizor, F|100/100
|switch|p2a: Toxapex|Toxapex, M|100/100
|turn|1
|
|t:|1743876925
|move|p1a: Scizor|Knock Off|p2a: Toxapex
|-damage|p2a: Toxapex|70/100
|-enditem|p2a: Toxapex|Heavy-Duty Boots|[from] move: Knock Off|[of] p1a: Scizor
|move|p2a: Toxapex|Infestation|p1a: Scizor
|-resisted|p1a: Scizor
|-damage|p1a: Scizor|99/100
|-activate|p1a: Scizor|move: Infestation|[of] p2a: Toxapex
|
|-damage|p1a: Scizor|86/100|[from] move: Infestation|[partiallytrapped]
|upkeep
|turn|2
|
|t:|1743876931
|move|p1a: Scizor|Knock Off|p2a: Toxapex
|-damage|p2a: Toxapex|49/100
|move|p2a: Toxapex|Haze|p2a: Toxapex
|-clearallboost
|
|-damage|p1a: Scizor|74/100|[from] move: Infestation|[partiallytrapped]
|upkeep
|turn|3
|
|t:|1743876935
|move|p1a: Scizor|Knock Off|p2a: Toxapex
|-damage|p2a: Toxapex|25/100
|move|p2a: Toxapex|Recover|p2a: Toxapex
|-heal|p2a: Toxapex|75/100
|
|-damage|p1a: Scizor|62/100|[from] move: Infestation|[partiallytrapped]
|upkeep
|turn|4
|
|t:|1743876942
|move|p1a: Scizor|Knock Off|p2a: Toxapex
|-damage|p2a: Toxapex|52/100
|move|p2a: Toxapex|Infestation|p1a: Scizor
|-resisted|p1a: Scizor
|-damage|p1a: Scizor|60/100
|
|-damage|p1a: Scizor|48/100|[from] move: Infestation|[partiallytrapped]
|upkeep
|turn|5
|
|t:|1743876950
|move|p1a: Scizor|Knock Off|p2a: Toxapex
|-damage|p2a: Toxapex|31/100
|move|p2a: Toxapex|Recover|p2a: Toxapex
|-heal|p2a: Toxapex|81/100
|
|-end|p1a: Scizor|Infestation|[partiallytrapped]
|upkeep
|turn|6
|
|t:|1743876957
|switch|p1a: Great Tusk|Great Tusk|100/100
|move|p2a: Toxapex|Toxic|p1a: Great Tusk
|-status|p1a: Great Tusk|tox
|
|-damage|p1a: Great Tusk|94/100 tox|[from] psn
|upkeep
|turn|7
|
|t:|1743876965
|switch|p2a: Alomomola|Alomomola, M|100/100
|move|p1a: Great Tusk|Stealth Rock|p2a: Alomomola
|-sidestart|p2: Imnotsorrytbh|move: Stealth Rock
|
|-damage|p1a: Great Tusk|82/100 tox|[from] psn
|upkeep
|turn|8
|inactive|Imnotsorrytbh has 120 seconds left.
|
|t:|1743877024
|move|p1a: Great Tusk|Earthquake|p2a: Alomomola
|-damage|p2a: Alomomola|74/100
|move|p2a: Alomomola|Whirlpool|p1a: Great Tusk
|-supereffective|p1a: Great Tusk
|-damage|p1a: Great Tusk|62/100 tox
|-activate|p1a: Great Tusk|move: Whirlpool|[of] p2a: Alomomola
|
|-damage|p1a: Great Tusk|43/100 tox|[from] psn
|-damage|p1a: Great Tusk|31/100 tox|[from] move: Whirlpool|[partiallytrapped]
|upkeep
|turn|9
|
|t:|1743877043
|move|p1a: Great Tusk|Earthquake|p2a: Alomomola
|-damage|p2a: Alomomola|49/100
|move|p2a: Alomomola|Wish|p2a: Alomomola
|
|-damage|p1a: Great Tusk|6/100 tox|[from] psn
|-damage|p1a: Great Tusk|0 fnt|[from] move: Whirlpool|[partiallytrapped]
|faint|p1a: Great Tusk
|-end|p1a: Great Tusk|Protosynthesis|[silent]
|upkeep
|
|t:|1743877052
|switch|p1a: Sinistcha|Sinistcha-Masterpiece|100/100
|turn|10
|
|t:|1743877063
|switch|p2a: Clodsire|Clodsire, M|100/100
|move|p1a: Sinistcha|Calm Mind|p1a: Sinistcha
|-boost|p1a: Sinistcha|spa|1
|-boost|p1a: Sinistcha|spd|1
|
|upkeep
|turn|11
|
|t:|1743877066
|switch|p1a: Garganacl|Garganacl, F|100/100
|move|p2a: Clodsire|Toxic|p1a: Garganacl
|-immune|p1a: Garganacl|[from] ability: Purifying Salt
|
|upkeep
|turn|12
|
|t:|1743877071
|switch|p2a: Alomomola|Alomomola, M|82/100
|move|p1a: Garganacl|Substitute|p1a: Garganacl
|-start|p1a: Garganacl|Substitute
|-damage|p1a: Garganacl|76/100
|
|-heal|p1a: Garganacl|82/100|[from] item: Leftovers
|upkeep
|turn|13
|
|t:|1743877077
|move|p2a: Alomomola|Wish|p2a: Alomomola
|move|p1a: Garganacl|Salt Cure|p2a: Alomomola
|-damage|p2a: Alomomola|74/100
|-start|p2a: Alomomola|Salt Cure
|
|-heal|p1a: Garganacl|88/100|[from] item: Leftovers
|-damage|p2a: Alomomola|49/100|[from] Salt Cure
|upkeep
|turn|14
|
|t:|1743877082
|switch|p2a: Toxapex|Toxapex, M|100/100
|-damage|p2a: Toxapex|88/100|[from] Stealth Rock
|move|p1a: Garganacl|Salt Cure|p2a: Toxapex
|-damage|p2a: Toxapex|79/100
|-start|p2a: Toxapex|Salt Cure
|
|-heal|p2a: Toxapex|100/100|[from] move: Wish|[wisher] Alomomola
|-heal|p1a: Garganacl|94/100|[from] item: Leftovers
|-damage|p2a: Toxapex|75/100|[from] Salt Cure
|upkeep
|turn|15
|
|t:|1743877088
|switch|p2a: Alomomola|Alomomola, M|83/100
|move|p1a: Garganacl|Salt Cure|p2a: Alomomola
|-damage|p2a: Alomomola|74/100
|-start|p2a: Alomomola|Salt Cure
|
|-heal|p1a: Garganacl|100/100|[from] item: Leftovers
|-damage|p2a: Alomomola|49/100|[from] Salt Cure
|upkeep
|turn|16
|
|t:|1743877090
|switch|p2a: Toxapex|Toxapex, M|100/100
|-damage|p2a: Toxapex|88/100|[from] Stealth Rock
|move|p1a: Garganacl|Salt Cure|p2a: Toxapex
|-damage|p2a: Toxapex|80/100
|-start|p2a: Toxapex|Salt Cure
|
|-damage|p2a: Toxapex|55/100|[from] Salt Cure
|upkeep
|turn|17
|
|t:|1743877094
|switch|p2a: Alomomola|Alomomola, M|83/100
|move|p1a: Garganacl|Salt Cure|p2a: Alomomola
|-damage|p2a: Alomomola|74/100
|-start|p2a: Alomomola|Salt Cure
|
|-damage|p2a: Alomomola|49/100|[from] Salt Cure
|upkeep
|turn|18
|
|t:|1743877098
|switch|p2a: Toxapex|Toxapex, M|88/100
|-damage|p2a: Toxapex|75/100|[from] Stealth Rock
|move|p1a: Garganacl|Salt Cure|p2a: Toxapex
|-damage|p2a: Toxapex|67/100
|-start|p2a: Toxapex|Salt Cure
|
|-damage|p2a: Toxapex|42/100|[from] Salt Cure
|upkeep
|turn|19
|
|t:|1743877100
|switch|p2a: Alomomola|Alomomola, M|83/100
|move|p1a: Garganacl|Salt Cure|p2a: Alomomola
|-damage|p2a: Alomomola|75/100
|-start|p2a: Alomomola|Salt Cure
|
|-damage|p2a: Alomomola|50/100|[from] Salt Cure
|upkeep
|turn|20
|
|t:|1743877103
|switch|p2a: Toxapex|Toxapex, M|75/100
|-damage|p2a: Toxapex|63/100|[from] Stealth Rock
|move|p1a: Garganacl|Salt Cure|p2a: Toxapex
|-damage|p2a: Toxapex|55/100
|-start|p2a: Toxapex|Salt Cure
|
|-damage|p2a: Toxapex|30/100|[from] Salt Cure
|upkeep
|turn|21
|
|t:|1743877108
|switch|p2a: Alomomola|Alomomola, M|83/100
|move|p1a: Garganacl|Salt Cure|p2a: Alomomola
|-damage|p2a: Alomomola|76/100
|-start|p2a: Alomomola|Salt Cure
|
|-damage|p2a: Alomomola|51/100|[from] Salt Cure
|upkeep
|turn|22
|
|t:|1743877111
|move|p2a: Alomomola|Wish|p2a: Alomomola
|move|p1a: Garganacl|Salt Cure|p2a: Alomomola
|-damage|p2a: Alomomola|43/100
|
|-damage|p2a: Alomomola|18/100|[from] Salt Cure
|upkeep
|turn|23
|
|t:|1743877116
|move|p2a: Alomomola|Protect|p2a: Alomomola
|-singleturn|p2a: Alomomola|Protect
|move|p1a: Garganacl|Salt Cure|p2a: Alomomola
|-activate|p2a: Alomomola|move: Protect
|
|-heal|p2a: Alomomola|68/100|[from] move: Wish|[wisher] Alomomola
|-damage|p2a: Alomomola|43/100|[from] Salt Cure
|upkeep
|turn|24
|
|t:|1743877128
|move|p2a: Alomomola|Wish|p2a: Alomomola
|move|p1a: Garganacl|Salt Cure|p2a: Alomomola
|-damage|p2a: Alomomola|35/100
|
|-damage|p2a: Alomomola|10/100|[from] Salt Cure
|upkeep
|turn|25
|
|t:|1743877136
|move|p2a: Alomomola|Protect|p2a: Alomomola
|-singleturn|p2a: Alomomola|Protect
|move|p1a: Garganacl|Salt Cure|p2a: Alomomola
|-activate|p2a: Alomomola|move: Protect
|
|-heal|p2a: Alomomola|60/100|[from] move: Wish|[wisher] Alomomola
|-damage|p2a: Alomomola|35/100|[from] Salt Cure
|upkeep
|turn|26
|
|t:|1743877146
|switch|p2a: Clodsire|Clodsire, M|100/100
|move|p1a: Garganacl|Salt Cure|p2a: Clodsire
|-resisted|p2a: Clodsire
|-damage|p2a: Clodsire|93/100
|-start|p2a: Clodsire|Salt Cure
|
|-damage|p2a: Clodsire|80/100|[from] Salt Cure
|upkeep
|turn|27
|
|t:|1743877154
|move|p1a: Garganacl|Protect|p1a: Garganacl
|-singleturn|p1a: Garganacl|Protect
|move|p2a: Clodsire|Earthquake|p1a: Garganacl
|-activate|p1a: Garganacl|move: Protect
|
|-damage|p2a: Clodsire|68/100|[from] Salt Cure
|upkeep
|turn|28
|
|t:|1743877162
|switch|p1a: Greninja|Greninja, M|100/100
|move|p2a: Clodsire|Earthquake|p1a: Greninja
|-damage|p1a: Greninja|58/100
|
|-damage|p2a: Clodsire|55/100|[from] Salt Cure
|upkeep
|turn|29
|
|t:|1743877168
|switch|p2a: Dondozo|Dondozo, F|100/100
|move|p1a: Greninja|Hydro Pump|p2a: Dondozo
|-resisted|p2a: Dondozo
|-damage|p2a: Dondozo|78/100
|
|upkeep
|turn|30
|
|t:|1743877173
|move|p1a: Greninja|U-turn|p2a: Dondozo
|-damage|p2a: Dondozo|71/100
|
|t:|1743877178
|switch|p1a: Sinistcha|Sinistcha-Masterpiece|100/100|[from] U-turn
|move|p2a: Dondozo|Body Press|p1a: Sinistcha
|-immune|p1a: Sinistcha
|
|upkeep
|turn|31
|
|t:|1743877184
|switch|p2a: Talonflame|Talonflame, F|100/100
|move|p1a: Sinistcha|Calm Mind|p1a: Sinistcha
|-boost|p1a: Sinistcha|spa|1
|-boost|p1a: Sinistcha|spd|1
|
|upkeep
|turn|32
|
|t:|1743877196
|move|p2a: Talonflame|Defog|p1a: Sinistcha
|-unboost|p1a: Sinistcha|evasion|1
|-sideend|p2: Imnotsorrytbh|Stealth Rock|[from] move: Defog|[of] p2a: Talonflame
|move|p1a: Sinistcha|Strength Sap|p2a: Talonflame
|-unboost|p2a: Talonflame|atk|1
|
|upkeep
|turn|33
|
|t:|1743877206
|switch|p2a: Toxapex|Toxapex, M|63/100
|move|p1a: Sinistcha|Calm Mind|p1a: Sinistcha
|-boost|p1a: Sinistcha|spa|1
|-boost|p1a: Sinistcha|spd|1
|
|upkeep
|turn|34
|
|t:|1743877210
|switch|p2a: Clodsire|Clodsire, M|55/100
|move|p1a: Sinistcha|Matcha Gotcha|p2a: Clodsire
|-damage|p2a: Clodsire|38/100
|-status|p2a: Clodsire|brn
|
|-damage|p2a: Clodsire|32/100 brn|[from] brn
|upkeep
|turn|35
|
|t:|1743877213
|move|p1a: Sinistcha|Matcha Gotcha|p2a: Clodsire
|-damage|p2a: Clodsire|13/100 brn
|move|p2a: Clodsire|Recover|p2a: Clodsire
|-heal|p2a: Clodsire|63/100 brn
|
|-damage|p2a: Clodsire|57/100 brn|[from] brn
|upkeep
|turn|36
|
|t:|1743877221
|move|p1a: Sinistcha|Strength Sap|p2a: Clodsire
|-unboost|p2a: Clodsire|atk|1
|move|p2a: Clodsire|Recover|p2a: Clodsire
|-heal|p2a: Clodsire|100/100 brn
|
|-damage|p2a: Clodsire|94/100 brn|[from] brn
|upkeep
|turn|37
|
|t:|1743877223
|switch|p1a: Scizor|Scizor, F|48/100
|move|p2a: Clodsire|Toxic|p1a: Scizor
|-immune|p1a: Scizor
|
|-damage|p2a: Clodsire|88/100 brn|[from] brn
|upkeep
|turn|38
|
|t:|1743877230
|switch|p2a: Toxapex|Toxapex, M|96/100
|move|p1a: Scizor|Knock Off|p2a: Toxapex
|-damage|p2a: Toxapex|73/100
|
|upkeep
|turn|39
|l|☆Imnotsorrytbh
|inactive|Imnotsorrytbh disconnected and has a minute to reconnect!
|player|p2|
|inactive|Imnotsorrytbh has 30 seconds to reconnect!
|inactive|Imnotsorrytbh has 20 seconds to reconnect!
|inactive|Imnotsorrytbh has 15 seconds to reconnect!
|inactive|Imnotsorrytbh has 10 seconds to reconnect!
|inactive|Imnotsorrytbh has 5 seconds to reconnect!
|-message|Imnotsorrytbh lost due to inactivity.
|
|win|inglourious bstrds
|raw|inglourious bstrds's rating: 1383 &rarr; <strong>1405</strong><br />(+22 for winning)
|raw|Imnotsorrytbh's rating: 1417 &rarr; <strong>1395</strong><br />(-22 for losing)
|l|☆inglourious bstrds
|player|p1|
|j|☆Imnotsorrytbh
|player|p2|Imnotsorrytbh|colress|
|l|☆Imnotsorrytbh
|player|p2|
