|j|☆Mhk897
|j|☆CaniPee 3
|t:|1743895541
|gametype|singles
|player|p1|Mhk897|102|1285
|player|p2|CaniPee 3|102|1297
|teamsize|p1|6
|teamsize|p2|6
|gen|9
|tier|[Gen 9] OU
|rated|
|rule|HP Percentage Mod: HP is shown in percentages
|rule|Endless Battle Clause: Forcing endless battles is banned
|rule|Species Clause: Limit one of each Pokémon
|rule|OHKO Clause: OHKO moves are banned
|rule|Evasion Items Clause: Evasion items are banned
|rule|Evasion Moves Clause: Evasion moves are banned
|rule|Sleep Moves Clause: Sleep-inducing moves are banned
|clearpoke
|poke|p1|Ogerpon-Cornerstone, F|
|poke|p1|Dragonite, F|
|poke|p1|Samurott-Hisui, M|
|poke|p1|Moltres|
|poke|p1|Raging Bolt|
|poke|p1|Dragapult, M|
|poke|p2|Kubfu, F|
|poke|p2|Zapdos|
|poke|p2|Tinkaton, F|
|poke|p2|Primarina, M|
|poke|p2|Samurott-Hisui, F|
|poke|p2|Heatran, F|
|teampreview
|inactive|Battle timer is ON: inactive players will automatically lose when time's up. (requested by Mhk897)
|
|t:|1743895550
|start
|switch|p1a: Dragonite|Dragonite, F|100/100
|switch|p2a: Tinkaton|Tinkaton, F|100/100
|-item|p2a: Tinkaton|Air Balloon
|turn|1
|
|t:|1743895556
|move|p1a: Dragonite|Extreme Speed|p2a: Tinkaton
|-resisted|p2a: Tinkaton
|-damage|p2a: Tinkaton|83/100
|-enditem|p2a: Tinkaton|Air Balloon
|-enditem|p1a: Dragonite|Heavy-Duty Boots|[silent]|[from] ability: Pickpocket|[of] p1a: Dragonite
|-item|p2a: Tinkaton|Heavy-Duty Boots|[from] ability: Pickpocket|[of] p1a: Dragonite
|move|p2a: Tinkaton|Thunder Wave|p1a: Dragonite
|-status|p1a: Dragonite|par
|
|upkeep
|turn|2
|
|t:|1743895567
|move|p2a: Tinkaton|Encore|p1a: Dragonite
|-start|p1a: Dragonite|Encore
|move|p1a: Dragonite|Extreme Speed|p2a: Tinkaton
|-resisted|p2a: Tinkaton
|-damage|p2a: Tinkaton|66/100
|
|upkeep
|turn|3
|
|t:|1743895571
|switch|p1a: Raging Bolt|Raging Bolt|100/100
|-enditem|p1a: Raging Bolt|Booster Energy
|-activate|p1a: Raging Bolt|ability: Protosynthesis|[fromitem]
|-start|p1a: Raging Bolt|protosynthesisspa
|move|p2a: Tinkaton|Stealth Rock|p1a: Raging Bolt
|-sidestart|p1: Mhk897|move: Stealth Rock
|
|upkeep
|turn|4
|
|t:|1743895578
|move|p2a: Tinkaton|Gigaton Hammer|p1a: Raging Bolt
|-resisted|p1a: Raging Bolt
|-damage|p1a: Raging Bolt|79/100
|move|p1a: Raging Bolt|Thunderbolt|p2a: Tinkaton
|-damage|p2a: Tinkaton|5/100
|
|upkeep
|turn|5
|
|t:|1743895591
|move|p2a: Tinkaton|Encore|p1a: Raging Bolt
|-start|p1a: Raging Bolt|Encore
|move|p1a: Raging Bolt|Thunderbolt|p2a: Tinkaton
|-damage|p2a: Tinkaton|0 fnt
|faint|p2a: Tinkaton
|
|upkeep
|
|t:|1743895603
|switch|p2a: Heatran|Heatran, F|100/100
|-item|p2a: Heatran|Air Balloon
|turn|6
|
|t:|1743895605
|move|p2a: Heatran|Magma Storm|p1a: Raging Bolt
|-resisted|p1a: Raging Bolt
|-damage|p1a: Raging Bolt|54/100
|-activate|p1a: Raging Bolt|move: Magma Storm|[of] p2a: Heatran
|move|p1a: Raging Bolt|Thunderbolt|p2a: Heatran
|-damage|p2a: Heatran|28/100
|-enditem|p2a: Heatran|Air Balloon
|
|-damage|p1a: Raging Bolt|42/100|[from] move: Magma Storm|[partiallytrapped]
|upkeep
|turn|7
|
|t:|1743895613
|move|p2a: Heatran|Earth Power|p1a: Raging Bolt
|-supereffective|p1a: Raging Bolt
|-damage|p1a: Raging Bolt|0 fnt
|faint|p1a: Raging Bolt
|-end|p1a: Raging Bolt|Protosynthesis|[silent]
|
|upkeep
|
|t:|1743895618
|switch|p1a: Dragonite|Dragonite, F|100/100 par
|-damage|p1a: Dragonite|76/100 par|[from] Stealth Rock
|turn|8
|
|t:|1743895622
|switch|p2a: Zapdos|Zapdos|100/100
|move|p1a: Dragonite|Earthquake|p2a: Zapdos
|-immune|p2a: Zapdos
|
|upkeep
|turn|9
|
|t:|1743895627
|move|p2a: Zapdos|Hurricane|p1a: Dragonite|[miss]
|-miss|p2a: Zapdos|p1a: Dragonite
|cant|p1a: Dragonite|par
|
|upkeep
|turn|10
|
|t:|1743895632
|move|p2a: Zapdos|Hurricane|p1a: Dragonite
|-damage|p1a: Dragonite|27/100 par
|move|p1a: Dragonite|Ice Spinner|p2a: Zapdos
|-supereffective|p2a: Zapdos
|-damage|p2a: Zapdos|59/100
|
|upkeep
|turn|11
|
|t:|1743895638
|move|p2a: Zapdos|Roost|p2a: Zapdos
|-heal|p2a: Zapdos|100/100
|-singleturn|p2a: Zapdos|move: Roost
|move|p1a: Dragonite|Dragon Dance|p1a: Dragonite
|-boost|p1a: Dragonite|atk|1
|-boost|p1a: Dragonite|spe|1
|
|upkeep
|turn|12
|
|t:|1743895642
|-terastallize|p1a: Dragonite|Normal
|cant|p1a: Dragonite|par
|move|p2a: Zapdos|U-turn|p1a: Dragonite
|-damage|p1a: Dragonite|13/100 par
|
|t:|1743895651
|switch|p2a: Samurott|Samurott-Hisui, F|100/100|[from] U-turn
|
|upkeep
|turn|13
|
|t:|1743895671
|move|p1a: Dragonite|Extreme Speed|p2a: Samurott
|-damage|p2a: Samurott|6/100
|move|p2a: Samurott|Ceaseless Edge|p1a: Dragonite|[miss]
|-miss|p2a: Samurott|p1a: Dragonite
|
|upkeep
|turn|14
|
|t:|1743895693
|move|p1a: Dragonite|Extreme Speed|p2a: Samurott
|-damage|p2a: Samurott|0 fnt
|faint|p2a: Samurott
|
|upkeep
|
|t:|1743895696
|switch|p2a: Zapdos|Zapdos|100/100
|turn|15
|
|t:|1743895700
|move|p1a: Dragonite|Extreme Speed|p2a: Zapdos
|-damage|p2a: Zapdos|52/100
|move|p2a: Zapdos|U-turn|p1a: Dragonite
|-damage|p1a: Dragonite|0 fnt
|faint|p1a: Dragonite
|
|t:|1743895705
|switch|p2a: Kubfu|Kubfu, F|100/100|[from] U-turn
|
|upkeep
|
|t:|1743895710
|switch|p1a: Moltres|Moltres|100/100
|turn|16
|
|t:|1743895714
|switch|p2a: Primarina|Primarina, M|100/100
|move|p1a: Moltres|U-turn|p2a: Primarina
|-resisted|p2a: Primarina
|-damage|p2a: Primarina|90/100
|
|t:|1743895718
|switch|p1a: Ogerpon|Ogerpon-Cornerstone, F|100/100|[from] U-turn
|-damage|p1a: Ogerpon|88/100|[from] Stealth Rock
|
|upkeep
|turn|17
|
|t:|1743895723
|switch|p2a: Zapdos|Zapdos|52/100
|move|p1a: Ogerpon|Swords Dance|p1a: Ogerpon
|-boost|p1a: Ogerpon|atk|2
|
|upkeep
|turn|18
|
|t:|1743895727
|move|p1a: Ogerpon|Ivy Cudgel|p2a: Zapdos|[anim] Ivy Cudgel Rock
|-supereffective|p2a: Zapdos
|-damage|p2a: Zapdos|0 fnt
|faint|p2a: Zapdos
|
|upkeep
|
|t:|1743895731
|switch|p2a: Kubfu|Kubfu, F|100/100
|turn|19
|
|t:|1743895735
|move|p1a: Ogerpon|Horn Leech|p2a: Kubfu
|-damage|p2a: Kubfu|0 fnt
|-heal|p1a: Ogerpon|100/100|[from] drain|[of] p2a: Kubfu
|faint|p2a: Kubfu
|
|upkeep
|-message|CaniPee 3 forfeited.
|
|win|Mhk897
|raw|Mhk897's rating: 1285 &rarr; <strong>1311</strong><br />(+26 for winning)
|raw|CaniPee 3's rating: 1297 &rarr; <strong>1271</strong><br />(-26 for losing)
|l|☆CaniPee 3
|player|p2|
|l|☆Mhk897
|player|p1|
