|j|☆kb0911
|j|☆BigPlayz
|t:|1743902140
|gametype|singles
|player|p1|kb0911|unknown|1190
|player|p2|BigPlayz|winona|1213
|teamsize|p1|6
|teamsize|p2|6
|gen|9
|tier|[Gen 9] OU
|rated|
|rule|HP Percentage Mod: HP is shown in percentages
|rule|Endless Battle Clause: Forcing endless battles is banned
|rule|Species Clause: Limit one of each Pokémon
|rule|OHKO Clause: OHKO moves are banned
|rule|Evasion Items Clause: Evasion items are banned
|rule|Evasion Moves Clause: Evasion moves are banned
|rule|Sleep Moves Clause: Sleep-inducing moves are banned
|clearpoke
|poke|p1|Maushold|
|poke|p1|Mimikyu, M|
|poke|p1|Meowscarada, M|
|poke|p1|Kingambit, M|
|poke|p1|Heatran, F|
|poke|p1|Primarina, M|
|poke|p2|Darkrai|
|poke|p2|Primarina, F|
|poke|p2|Dragonite, F|
|poke|p2|Ting-Lu|
|poke|p2|Kyurem|
|poke|p2|Lilligant-Hisui, F|
|teampreview
|c|☆BigPlayz|gl hf
|
|t:|1743902153
|start
|switch|p1a: Meowscarada|Meowscarada, M|100/100
|switch|p2a: Ting-Lu|Ting-Lu|100/100
|-ability|p2a: Ting-Lu|Vessel of Ruin
|turn|1
|inactive|Battle timer is ON: inactive players will automatically lose when time's up. (requested by BigPlayz)
|inactive|kb0911 has 120 seconds left.
|inactive|kb0911 has 90 seconds left.
|inactive|kb0911 has 60 seconds left.
|
|t:|1743902272
|move|p1a: Meowscarada|Flower Trick|p2a: Ting-Lu
|-start|p1a: Meowscarada|typechange|Grass|[from] ability: Protean
|-supereffective|p2a: Ting-Lu
|-crit|p2a: Ting-Lu
|-damage|p2a: Ting-Lu|39/100
|move|p2a: Ting-Lu|Whirlwind|p1a: Meowscarada
|drag|p1a: Maushold|Maushold|100/100
|
|-heal|p2a: Ting-Lu|45/100|[from] item: Leftovers
|upkeep
|turn|2
|inactive|kb0911 has 120 seconds left.
|
|t:|1743902289
|move|p1a: Maushold|Population Bomb|p2a: Ting-Lu
|-damage|p2a: Ting-Lu|38/100
|-damage|p2a: Ting-Lu|32/100
|-damage|p2a: Ting-Lu|25/100
|-damage|p2a: Ting-Lu|20/100
|-damage|p2a: Ting-Lu|14/100
|-damage|p2a: Ting-Lu|9/100
|-damage|p2a: Ting-Lu|2/100
|-damage|p2a: Ting-Lu|0 fnt
|faint|p2a: Ting-Lu
|-hitcount|p2: Ting-Lu|8
|
|upkeep
|
|t:|1743902308
|switch|p2a: Lilligant|Lilligant-Hisui, F|100/100
|turn|3
|
|t:|1743902316
|move|p1a: Maushold|Population Bomb|p2a: Lilligant
|-damage|p2a: Lilligant|84/100
|-damage|p2a: Lilligant|68/100
|-damage|p2a: Lilligant|51/100
|-damage|p2a: Lilligant|33/100
|-damage|p2a: Lilligant|17/100
|-damage|p2a: Lilligant|0 fnt
|faint|p2a: Lilligant
|-hitcount|p2: Lilligant|6
|
|upkeep
|
|t:|1743902329
|switch|p2a: Darkrai|Darkrai|100/100
|turn|4
|
|t:|1743902339
|move|p2a: Darkrai|Focus Blast|p1a: Maushold|[miss]
|-miss|p2a: Darkrai|p1a: Maushold
|move|p1a: Maushold|Population Bomb|p2a: Darkrai
|-damage|p2a: Darkrai|87/100
|-damage|p2a: Darkrai|70/100
|-damage|p2a: Darkrai|55/100
|-damage|p2a: Darkrai|41/100
|-damage|p2a: Darkrai|27/100
|-damage|p2a: Darkrai|13/100
|-damage|p2a: Darkrai|0 fnt
|faint|p2a: Darkrai
|-hitcount|p2: Darkrai|7
|
|upkeep
|c|☆BigPlayz|hmm...
|
|t:|1743902356
|switch|p2a: Primarina|Primarina, F|100/100
|turn|5
|
|t:|1743902364
|move|p1a: Maushold|Population Bomb|p2a: Primarina
|-damage|p2a: Primarina|85/100
|-damage|p2a: Primarina|69/100
|-damage|p2a: Primarina|54/100
|-damage|p2a: Primarina|39/100
|-damage|p2a: Primarina|24/100
|-damage|p2a: Primarina|7/100
|-damage|p2a: Primarina|0 fnt
|faint|p2a: Primarina
|-hitcount|p2: Primarina|7
|
|upkeep
|
|t:|1743902377
|switch|p2a: Dragonite|Dragonite, F|100/100
|turn|6
|
|t:|1743902384
|-terastallize|p2a: Dragonite|Normal
|move|p2a: Dragonite|Extreme Speed|p1a: Maushold
|-damage|p1a: Maushold|21/100
|move|p1a: Maushold|Population Bomb|p2a: Dragonite
|-damage|p2a: Dragonite|95/100
|-damage|p2a: Dragonite|83/100
|-damage|p2a: Dragonite|70/100
|-damage|p2a: Dragonite|57/100
|-damage|p2a: Dragonite|45/100
|-damage|p2a: Dragonite|32/100
|-damage|p2a: Dragonite|20/100
|-crit|p2a: Dragonite
|-damage|p2a: Dragonite|3/100
|-damage|p2a: Dragonite|0 fnt
|faint|p2a: Dragonite
|-hitcount|p2: Dragonite|9
|
|upkeep
|inactive|BigPlayz has 120 seconds left.
|
|t:|1743902401
|switch|p2a: Kyurem|Kyurem|100/100
|-ability|p2a: Kyurem|Pressure
|turn|7
|c|☆BigPlayz|gg
|
|t:|1743902407
|move|p1a: Maushold|Population Bomb|p2a: Kyurem
|-damage|p2a: Kyurem|90/100
|-crit|p2a: Kyurem
|-damage|p2a: Kyurem|73/100
|-damage|p2a: Kyurem|62/100
|-damage|p2a: Kyurem|52/100
|-damage|p2a: Kyurem|42/100
|-damage|p2a: Kyurem|32/100
|-damage|p2a: Kyurem|22/100
|-damage|p2a: Kyurem|12/100
|-damage|p2a: Kyurem|2/100
|-damage|p2a: Kyurem|0 fnt
|faint|p2a: Kyurem
|-hitcount|p2: Kyurem|10
|
|win|kb0911
|raw|kb0911's rating: 1190 &rarr; <strong>1217</strong><br />(+27 for winning)
|raw|BigPlayz's rating: 1213 &rarr; <strong>1186</strong><br />(-27 for losing)
|l|☆BigPlayz
|player|p2|
|c|☆kb0911|Gg
