|j|☆ContessaFortuna
|j|☆dang21
|t:|1743833390
|gametype|singles
|player|p1|ContessaFortuna|266|1196
|player|p2|dang21|101|1242
|teamsize|p1|6
|teamsize|p2|6
|gen|9
|tier|[Gen 9] OU
|rated|
|rule|HP Percentage Mod: HP is shown in percentages
|rule|Endless Battle Clause: Forcing endless battles is banned
|rule|Species Clause: Limit one of each Pokémon
|rule|OHKO Clause: OHKO moves are banned
|rule|Evasion Items Clause: Evasion items are banned
|rule|Evasion Moves Clause: Evasion moves are banned
|rule|Sleep Moves Clause: Sleep-inducing moves are banned
|clearpoke
|poke|p1|Alomomola, M|
|poke|p1|Lokix, F|
|poke|p1|Clefable, F|
|poke|p1|Corviknight, M|
|poke|p1|Iron Moth|
|poke|p1|Kyurem|
|poke|p2|Iron Valiant|
|poke|p2|Sylveon, M|
|poke|p2|Iron Moth|
|poke|p2|Kingambit, F|
|poke|p2|Ogerpon-Wellspring, F|
|poke|p2|Landorus-Therian, M|
|teampreview
|
|t:|1743833400
|start
|switch|p1a: Kyurem|Kyurem|100/100
|switch|p2a: Iron Moth|Iron Moth|100/100
|-ability|p1a: Kyurem|Pressure
|turn|1
|c|☆ContessaFortuna|!weakness iron moth
|c| ContessaFortuna|/raw <div class="infobox">Iron Moth (ignoring abilities):<br /><span class="message-effect-weak">Weaknesses</span>: <b>Ground</b>, Psychic, Rock, Water<br /><span class="message-effect-resist">Resistances</span>: <b>Bug</b>, <b>Fairy</b>, Fighting, Fire, <b>Grass</b>, Ice, Poison, Steel<br /><span class="message-effect-immune">Immunities</span>: Burn, Toxic</div>
|
|t:|1743833417
|move|p2a: Iron Moth|Substitute|p2a: Iron Moth
|-start|p2a: Iron Moth|Substitute
|-damage|p2a: Iron Moth|76/100
|move|p1a: Kyurem|Earth Power|p2a: Iron Moth
|-supereffective|p2a: Iron Moth
|-end|p2a: Iron Moth|Substitute
|
|upkeep
|turn|2
|
|t:|1743833428
|-end|p2a: Iron Moth|Quark Drive|[silent]
|switch|p2a: Landorus|Landorus-Therian, M|100/100
|-ability|p2a: Landorus|Intimidate|boost
|-unboost|p1a: Kyurem|atk|1
|move|p1a: Kyurem|Earth Power|p2a: Landorus
|-immune|p2a: Landorus
|
|upkeep
|turn|3
|inactive|Battle timer is ON: inactive players will automatically lose when time's up. (requested by ContessaFortuna)
|
|t:|1743833454
|switch|p1a: Corviknight|Corviknight, M|100/100
|-ability|p1a: Corviknight|Pressure
|switch|p2a: Sylveon|Sylveon, M|100/100
|
|upkeep
|turn|4
|
|t:|1743833465
|move|p1a: Corviknight|Brave Bird|p2a: Sylveon
|-damage|p2a: Sylveon|54/100
|-damage|p1a: Corviknight|85/100|[from] Recoil
|move|p2a: Sylveon|Shadow Ball|p1a: Corviknight
|-damage|p1a: Corviknight|66/100
|
|-heal|p1a: Corviknight|72/100|[from] item: Leftovers
|-heal|p2a: Sylveon|60/100|[from] item: Leftovers
|upkeep
|turn|5
|
|t:|1743833494
|switch|p2a: Landorus|Landorus-Therian, M|100/100
|-ability|p2a: Landorus|Intimidate|boost
|-unboost|p1a: Corviknight|atk|1
|move|p1a: Corviknight|Brave Bird|p2a: Landorus
|-damage|p2a: Landorus|72/100
|-damage|p1a: Corviknight|56/100|[from] item: Rocky Helmet|[of] p2a: Landorus
|-damage|p1a: Corviknight|48/100|[from] Recoil
|
|-heal|p1a: Corviknight|54/100|[from] item: Leftovers
|upkeep
|turn|6
|
|t:|1743833509
|move|p2a: Landorus|Taunt|p1a: Corviknight
|-start|p1a: Corviknight|move: Taunt
|cant|p1a: Corviknight|move: Taunt|Roost
|
|-heal|p1a: Corviknight|61/100|[from] item: Leftovers
|upkeep
|turn|7
|
|t:|1743833515
|move|p2a: Landorus|U-turn|p1a: Corviknight
|-resisted|p1a: Corviknight
|-damage|p1a: Corviknight|57/100
|
|t:|1743833544
|switch|p2a: Kingambit|Kingambit, F|100/100|[from] U-turn
|move|p1a: Corviknight|U-turn|p2a: Kingambit
|-damage|p2a: Kingambit|93/100
|inactive|ContessaFortuna has 120 seconds left.
|
|t:|1743833580
|switch|p1a: Iron Moth|Iron Moth|100/100|[from] U-turn
|-enditem|p1a: Iron Moth|Booster Energy
|-activate|p1a: Iron Moth|ability: Quark Drive|[fromitem]
|-start|p1a: Iron Moth|quarkdrivespe
|
|upkeep
|turn|8
|
|t:|1743833596
|-end|p2a: Kingambit|fallenundefined|[silent]
|switch|p2a: Sylveon|Sylveon, M|60/100
|move|p1a: Iron Moth|Fiery Dance|p2a: Sylveon
|-damage|p2a: Sylveon|38/100
|-boost|p1a: Iron Moth|spa|1
|
|-heal|p2a: Sylveon|44/100|[from] item: Leftovers
|upkeep
|turn|9
|
|t:|1743833608
|-terastallize|p2a: Sylveon|Steel
|move|p1a: Iron Moth|Sludge Wave|p2a: Sylveon
|-immune|p2a: Sylveon
|move|p2a: Sylveon|Wish|p2a: Sylveon
|
|-heal|p2a: Sylveon|50/100|[from] item: Leftovers
|upkeep
|turn|10
|inactive|ContessaFortuna has 120 seconds left.
|
|t:|1743833620
|switch|p2a: Landorus|Landorus-Therian, M|72/100
|-ability|p2a: Landorus|Intimidate|boost
|-unboost|p1a: Iron Moth|atk|1
|move|p1a: Iron Moth|Fiery Dance|p2a: Landorus
|-damage|p2a: Landorus|0 fnt
|-boost|p1a: Iron Moth|spa|1
|faint|p2a: Landorus
|
|upkeep
|inactive|dang21 has 120 seconds left.
|
|t:|1743833632
|switch|p2a: Iron Valiant|Iron Valiant|100/100
|-enditem|p2a: Iron Valiant|Booster Energy
|-activate|p2a: Iron Valiant|ability: Quark Drive|[fromitem]
|-start|p2a: Iron Valiant|quarkdrivespe
|turn|11
|c|☆ContessaFortuna|!weakness iron valiant
|c| ContessaFortuna|/raw <div class="infobox">Iron Valiant (ignoring abilities):<br /><span class="message-effect-weak">Weaknesses</span>: Fairy, Flying, Poison, Psychic, Steel<br /><span class="message-effect-resist">Resistances</span>: <b>Bug</b>, <b>Dark</b>, Fighting, Rock<br /><span class="message-effect-immune">Immunities</span>: Dragon</div>
|
|t:|1743833640
|move|p2a: Iron Valiant|Liquidation|p1a: Iron Moth
|-supereffective|p1a: Iron Moth
|-damage|p1a: Iron Moth|15/100
|-unboost|p1a: Iron Moth|def|1
|move|p1a: Iron Moth|Sludge Wave|p2a: Iron Valiant
|-supereffective|p2a: Iron Valiant
|-damage|p2a: Iron Valiant|0 fnt
|faint|p2a: Iron Valiant
|-end|p2a: Iron Valiant|Quark Drive|[silent]
|
|upkeep
|inactive|dang21 has 120 seconds left.
|
|t:|1743833652
|switch|p2a: Sylveon|Sylveon, M, tera:Steel|50/100
|turn|12
|
|t:|1743833661
|move|p2a: Sylveon|Quick Attack|p1a: Iron Moth
|-resisted|p1a: Iron Moth
|-damage|p1a: Iron Moth|8/100
|move|p1a: Iron Moth|Fiery Dance|p2a: Sylveon
|-supereffective|p2a: Sylveon
|-damage|p2a: Sylveon|0 fnt
|-boost|p1a: Iron Moth|spa|1
|faint|p2a: Sylveon
|
|upkeep
|-message|dang21 forfeited.
|
|win|ContessaFortuna
|raw|ContessaFortuna's rating: 1196 &rarr; <strong>1224</strong><br />(+28 for winning)
|raw|dang21's rating: 1242 &rarr; <strong>1214</strong><br />(-28 for losing)
|l|☆dang21
|player|p2|
|l|☆ContessaFortuna
|player|p1|
