|j|☆lolcano46
|j|☆deathclock666
|t:|1743791528
|gametype|singles
|player|p1|lolcano46|fisherman-gen4|1482
|player|p2|deathclock666|scientist-gen4dp|1441
|teamsize|p1|6
|teamsize|p2|6
|gen|9
|tier|[Gen 9] OU
|rated|
|rule|HP Percentage Mod: HP is shown in percentages
|rule|Endless Battle Clause: Forcing endless battles is banned
|rule|Species Clause: Limit one of each Pokémon
|rule|OHKO Clause: OHKO moves are banned
|rule|Evasion Items Clause: Evasion items are banned
|rule|Evasion Moves Clause: Evasion moves are banned
|rule|Sleep Moves Clause: Sleep-inducing moves are banned
|clearpoke
|poke|p1|Azelf|
|poke|p1|Ogerpon-Wellspring, F|
|poke|p1|Scizor, F|
|poke|p1|Gengar, M|
|poke|p1|Raging Bolt|
|poke|p1|Cinderace, F|
|poke|p2|Dragonite, M|
|poke|p2|Garganacl, M|
|poke|p2|Hariyama, M|
|poke|p2|Scizor, M|
|poke|p2|Mandibuzz, F|
|poke|p2|Araquanid, M|
|teampreview
|inactive|Battle timer is ON: inactive players will automatically lose when time's up. (requested by lolcano46)
|
|t:|1743791534
|start
|switch|p1a: Azelf|Azelf|100/100
|switch|p2a: Hariyama|Hariyama, M|100/100
|turn|1
|
|t:|1743791539
|move|p1a: Azelf|Psychic|p2a: Hariyama
|-supereffective|p2a: Hariyama
|-damage|p2a: Hariyama|39/100
|move|p2a: Hariyama|Knock Off|p1a: Azelf
|-supereffective|p1a: Azelf
|-damage|p1a: Azelf|14/100
|-enditem|p1a: Azelf|Expert Belt|[from] move: Knock Off|[of] p2a: Hariyama
|
|upkeep
|turn|2
|
|t:|1743791543
|move|p2a: Hariyama|Bullet Punch|p1a: Azelf
|-damage|p1a: Azelf|0 fnt
|faint|p1a: Azelf
|
|upkeep
|
|t:|1743791547
|switch|p1a: Raging Bolt|Raging Bolt|100/100
|-enditem|p1a: Raging Bolt|Booster Energy
|-activate|p1a: Raging Bolt|ability: Protosynthesis|[fromitem]
|-start|p1a: Raging Bolt|protosynthesisspa
|turn|3
|
|t:|1743791551
|move|p1a: Raging Bolt|Thunderbolt|p2a: Hariyama
|-damage|p2a: Hariyama|0 fnt
|faint|p2a: Hariyama
|
|upkeep
|
|t:|1743791553
|switch|p2a: Dragonite|Dragonite, M|100/100
|turn|4
|
|t:|1743791557
|move|p1a: Raging Bolt|Dragon Pulse|p2a: Dragonite
|-supereffective|p2a: Dragonite
|-enditem|p2a: Dragonite|Haban Berry|[eat]
|-enditem|p2a: Dragonite|Haban Berry|[weaken]
|-damage|p2a: Dragonite|72/100
|move|p2a: Dragonite|Dragon Pulse|p1a: Raging Bolt
|-supereffective|p1a: Raging Bolt
|-damage|p1a: Raging Bolt|22/100
|
|upkeep
|turn|5
|
|t:|1743791566
|-terastallize|p1a: Raging Bolt|Fairy
|move|p1a: Raging Bolt|Dragon Pulse|p2a: Dragonite
|-supereffective|p2a: Dragonite
|-damage|p2a: Dragonite|0 fnt
|faint|p2a: Dragonite
|
|upkeep
|
|t:|1743791570
|switch|p2a: Scizor|Scizor, M|100/100
|turn|6
|
|t:|1743791575
|-end|p1a: Raging Bolt|Protosynthesis|[silent]
|switch|p1a: Cinderace|Cinderace, F|100/100
|move|p2a: Scizor|Bullet Punch|p1a: Cinderace
|-resisted|p1a: Cinderace
|-damage|p1a: Cinderace|75/100
|
|upkeep
|turn|7
|
|t:|1743791580
|switch|p2a: Araquanid|Araquanid, M, shiny|100/100
|move|p1a: Cinderace|U-turn|p2a: Araquanid
|-start|p1a: Cinderace|typechange|Bug|[from] ability: Libero
|-damage|p2a: Araquanid|64/100
|
|t:|1743791586
|switch|p1a: Raging Bolt|Raging Bolt, tera:Fairy|22/100|[from] U-turn
|
|upkeep
|turn|8
|
|t:|1743791590
|switch|p2a: Garganacl|Garganacl, M|100/100
|move|p1a: Raging Bolt|Thunderbolt|p2a: Garganacl
|-damage|p2a: Garganacl|60/100
|
|upkeep
|turn|9
|
|t:|1743791595
|move|p1a: Raging Bolt|Thunderbolt|p2a: Garganacl
|-damage|p2a: Garganacl|22/100
|-enditem|p2a: Garganacl|Sitrus Berry|[eat]
|-heal|p2a: Garganacl|47/100|[from] item: Sitrus Berry
|move|p2a: Garganacl|Salt Cure|p1a: Raging Bolt
|-damage|p1a: Raging Bolt|9/100
|-start|p1a: Raging Bolt|Salt Cure
|
|-damage|p1a: Raging Bolt|0 fnt|[from] Salt Cure
|faint|p1a: Raging Bolt
|-end|p1a: Raging Bolt|Protosynthesis|[silent]
|upkeep
|
|t:|1743791602
|switch|p1a: Ogerpon|Ogerpon-Wellspring, F|100/100
|turn|10
|
|t:|1743791605
|switch|p2a: Scizor|Scizor, M|100/100
|move|p1a: Ogerpon|Swords Dance|p1a: Ogerpon
|-boost|p1a: Ogerpon|atk|2
|
|upkeep
|turn|11
|
|t:|1743791610
|move|p1a: Ogerpon|Ivy Cudgel|p2a: Scizor|[anim] Ivy Cudgel Water
|-damage|p2a: Scizor|0 fnt
|faint|p2a: Scizor
|
|upkeep
|
|t:|1743791613
|switch|p2a: Mandibuzz|Mandibuzz, F|100/100
|turn|12
|
|t:|1743791617
|move|p1a: Ogerpon|Play Rough|p2a: Mandibuzz
|-supereffective|p2a: Mandibuzz
|-damage|p2a: Mandibuzz|5/100
|move|p2a: Mandibuzz|Foul Play|p1a: Ogerpon
|-crit|p1a: Ogerpon
|-damage|p1a: Ogerpon|0 fnt
|faint|p1a: Ogerpon
|
|upkeep
|
|t:|1743791623
|switch|p1a: Scizor|Scizor, F|100/100
|turn|13
|
|t:|1743791626
|move|p1a: Scizor|Bullet Punch|p2a: Mandibuzz
|-damage|p2a: Mandibuzz|0 fnt
|faint|p2a: Mandibuzz
|
|upkeep
|
|t:|1743791629
|switch|p2a: Garganacl|Garganacl, M|47/100
|turn|14
|
|t:|1743791632
|-terastallize|p2a: Garganacl|Ghost
|move|p1a: Scizor|Close Combat|p2a: Garganacl
|-immune|p2a: Garganacl
|move|p2a: Garganacl|Recover|p2a: Garganacl
|-heal|p2a: Garganacl|97/100
|
|upkeep
|turn|15
|
|t:|1743791637
|move|p1a: Scizor|Knock Off|p2a: Garganacl
|-supereffective|p2a: Garganacl
|-damage|p2a: Garganacl|68/100
|move|p2a: Garganacl|Salt Cure|p1a: Scizor
|-damage|p1a: Scizor|86/100
|-start|p1a: Scizor|Salt Cure
|
|-damage|p1a: Scizor|61/100|[from] Salt Cure
|upkeep
|turn|16
|
|t:|1743791643
|move|p1a: Scizor|Swords Dance|p1a: Scizor
|-boost|p1a: Scizor|atk|2
|move|p2a: Garganacl|Recover|p2a: Garganacl
|-heal|p2a: Garganacl|100/100
|
|-damage|p1a: Scizor|36/100|[from] Salt Cure
|upkeep
|turn|17
|
|t:|1743791649
|move|p1a: Scizor|Bullet Punch|p2a: Garganacl
|-damage|p2a: Garganacl|50/100
|move|p2a: Garganacl|Salt Cure|p1a: Scizor
|-damage|p1a: Scizor|20/100
|
|-damage|p1a: Scizor|0 fnt|[from] Salt Cure
|faint|p1a: Scizor
|upkeep
|
|t:|1743791653
|switch|p1a: Gengar|Gengar, M|100/100
|turn|18
|
|t:|1743791656
|move|p1a: Gengar|Shadow Ball|p2a: Garganacl
|-supereffective|p2a: Garganacl
|-damage|p2a: Garganacl|16/100
|move|p2a: Garganacl|Recover|p2a: Garganacl
|-heal|p2a: Garganacl|66/100
|
|upkeep
|turn|19
|
|t:|1743791662
|move|p1a: Gengar|Shadow Ball|p2a: Garganacl
|-supereffective|p2a: Garganacl
|-damage|p2a: Garganacl|34/100
|move|p2a: Garganacl|Earthquake|p1a: Gengar
|-supereffective|p1a: Gengar
|-damage|p1a: Gengar|7/100
|-start|p2a: Garganacl|Disable|Earthquake|[from] ability: Cursed Body|[of] p1a: Gengar
|
|upkeep
|turn|20
|
|t:|1743791667
|move|p1a: Gengar|Shadow Ball|p2a: Garganacl
|-supereffective|p2a: Garganacl
|-damage|p2a: Garganacl|0 fnt
|faint|p2a: Garganacl
|
|upkeep
|
|t:|1743791669
|switch|p2a: Araquanid|Araquanid, M, shiny|64/100
|turn|21
|
|t:|1743791674
|move|p1a: Gengar|Shadow Ball|p2a: Araquanid
|-damage|p2a: Araquanid|30/100
|move|p2a: Araquanid|Liquidation|p1a: Gengar
|-damage|p1a: Gengar|0 fnt
|faint|p1a: Gengar
|
|upkeep
|
|t:|1743791679
|switch|p1a: Cinderace|Cinderace, F|75/100
|turn|22
|
|t:|1743791681
|move|p1a: Cinderace|Sucker Punch|p2a: Araquanid
|-start|p1a: Cinderace|typechange|Dark|[from] ability: Libero
|-damage|p2a: Araquanid|0 fnt
|faint|p2a: Araquanid
|
|win|lolcano46
|raw|lolcano46's rating: 1482 &rarr; <strong>1500</strong><br />(+18 for winning)
|raw|deathclock666's rating: 1441 &rarr; <strong>1423</strong><br />(-18 for losing)
|l|☆deathclock666
|player|p2|
|l|☆lolcano46
|player|p1|
