|j|☆iiZyd
|j|☆SakakiAzu
|t:|1743938360
|gametype|singles
|player|p1|iiZyd|265|1147
|player|p2|SakakiAzu|battlegirl|1111
|teamsize|p1|6
|teamsize|p2|6
|gen|9
|tier|[Gen 9] OU
|rated|
|rule|HP Percentage Mod: HP is shown in percentages
|rule|Endless Battle Clause: Forcing endless battles is banned
|rule|Species Clause: Limit one of each Pokémon
|rule|OHKO Clause: OHKO moves are banned
|rule|Evasion Items Clause: Evasion items are banned
|rule|Evasion Moves Clause: Evasion moves are banned
|rule|Sleep Moves Clause: Sleep-inducing moves are banned
|clearpoke
|poke|p1|Articuno-Galar|
|poke|p1|Avalugg-Hisui, F|
|poke|p1|Azelf|
|poke|p1|Bagon, M|
|poke|p1|Banette, F|
|poke|p1|Barboach, M|
|poke|p2|Samurott-Hisui, F|
|poke|p2|Gliscor, F|
|poke|p2|Great Tusk|
|poke|p2|Tinkaton, F|
|poke|p2|Dragapult, F|
|poke|p2|Garganacl, F|
|teampreview
|inactive|Battle timer is ON: inactive players will automatically lose when time's up. (requested by iiZyd)
|
|t:|1743938370
|start
|switch|p1a: Avalugg|Avalugg-Hisui, F|100/100
|switch|p2a: Samurott|Samurott-Hisui, F|100/100
|turn|1
|
|t:|1743938382
|move|p2a: Samurott|Ceaseless Edge|p1a: Avalugg
|-damage|p1a: Avalugg|72/100
|-sidestart|p1: iiZyd|Spikes
|move|p1a: Avalugg|Rapid Spin|p2a: Samurott
|-damage|p2a: Samurott|77/100
|-boost|p1a: Avalugg|spe|1
|-sideend|p1: iiZyd|Spikes|[from] move: Rapid Spin|[of] p1a: Avalugg
|
|upkeep
|turn|2
|
|t:|1743938393
|move|p2a: Samurott|Aqua Cutter|p1a: Avalugg
|-supereffective|p1a: Avalugg
|-damage|p1a: Avalugg|10/100
|move|p1a: Avalugg|Earthquake|p2a: Samurott
|-crit|p2a: Samurott
|-damage|p2a: Samurott|3/100
|
|upkeep
|turn|3
|
|t:|1743938402
|move|p2a: Samurott|Ceaseless Edge|p1a: Avalugg
|-damage|p1a: Avalugg|0 fnt
|-sidestart|p1: iiZyd|Spikes
|faint|p1a: Avalugg
|
|upkeep
|
|t:|1743938406
|switch|p1a: Azelf|Azelf|100/100
|turn|4
|
|t:|1743938421
|switch|p2a: Garganacl|Garganacl, F|100/100
|move|p1a: Azelf|Knock Off|p2a: Garganacl
|-damage|p2a: Garganacl|81/100
|-enditem|p2a: Garganacl|Leftovers|[from] move: Knock Off|[of] p1a: Azelf
|
|upkeep
|turn|5
|
|t:|1743938429
|move|p1a: Azelf|Stealth Rock|p2a: Garganacl
|-sidestart|p2: SakakiAzu|move: Stealth Rock
|move|p2a: Garganacl|Salt Cure|p1a: Azelf
|-damage|p1a: Azelf|78/100
|-start|p1a: Azelf|Salt Cure
|
|-damage|p1a: Azelf|65/100|[from] Salt Cure
|upkeep
|turn|6
|
|t:|1743938444
|move|p1a: Azelf|Thunder Wave|p2a: Garganacl
|-immune|p2a: Garganacl|[from] ability: Purifying Salt
|move|p2a: Garganacl|Curse|p2a: Garganacl
|-unboost|p2a: Garganacl|spe|1
|-boost|p2a: Garganacl|atk|1
|-boost|p2a: Garganacl|def|1
|
|-damage|p1a: Azelf|53/100|[from] Salt Cure
|upkeep
|turn|7
|
|t:|1743938453
|switch|p1a: Barboach|Barboach, M|100/100
|-damage|p1a: Barboach|88/100|[from] Spikes
|move|p2a: Garganacl|Curse|p2a: Garganacl
|-unboost|p2a: Garganacl|spe|1
|-boost|p2a: Garganacl|atk|1
|-boost|p2a: Garganacl|def|1
|
|upkeep
|turn|8
|
|t:|1743938463
|move|p1a: Barboach|Waterfall|p2a: Garganacl
|-supereffective|p2a: Garganacl
|-damage|p2a: Garganacl|64/100
|move|p2a: Garganacl|Salt Cure|p1a: Barboach
|-resisted|p1a: Barboach
|-damage|p1a: Barboach|64/100
|-start|p1a: Barboach|Salt Cure
|
|-damage|p1a: Barboach|39/100|[from] Salt Cure
|upkeep
|turn|9
|
|t:|1743938471
|move|p1a: Barboach|Waterfall|p2a: Garganacl
|-supereffective|p2a: Garganacl
|-damage|p2a: Garganacl|49/100
|move|p2a: Garganacl|Recover|p2a: Garganacl
|-heal|p2a: Garganacl|99/100
|
|-damage|p1a: Barboach|14/100|[from] Salt Cure
|upkeep
|turn|10
|
|t:|1743938478
|move|p1a: Barboach|Waterfall|p2a: Garganacl
|-supereffective|p2a: Garganacl
|-damage|p2a: Garganacl|82/100
|move|p2a: Garganacl|Curse|p2a: Garganacl
|-unboost|p2a: Garganacl|spe|1
|-boost|p2a: Garganacl|atk|1
|-boost|p2a: Garganacl|def|1
|
|-damage|p1a: Barboach|0 fnt|[from] Salt Cure
|faint|p1a: Barboach
|upkeep
|
|t:|1743938484
|switch|p1a: Articuno|Articuno-Galar|100/100
|turn|11
|
|t:|1743938494
|move|p1a: Articuno|Calm Mind|p1a: Articuno
|-boost|p1a: Articuno|spa|1
|-boost|p1a: Articuno|spd|1
|move|p2a: Garganacl|Salt Cure|p1a: Articuno
|-supereffective|p1a: Articuno
|-damage|p1a: Articuno|16/100
|-start|p1a: Articuno|Salt Cure
|
|-heal|p1a: Articuno|22/100|[from] item: Leftovers
|-damage|p1a: Articuno|10/100|[from] Salt Cure
|upkeep
|turn|12
|
|t:|1743938503
|move|p1a: Articuno|Freezing Glare|p2a: Garganacl
|-damage|p2a: Garganacl|28/100
|move|p2a: Garganacl|Recover|p2a: Garganacl
|-heal|p2a: Garganacl|78/100
|
|-heal|p1a: Articuno|16/100|[from] item: Leftovers
|-damage|p1a: Articuno|3/100|[from] Salt Cure
|upkeep
|turn|13
|
|t:|1743938511
|move|p1a: Articuno|Freezing Glare|p2a: Garganacl
|-damage|p2a: Garganacl|30/100
|move|p2a: Garganacl|Recover|p2a: Garganacl
|-heal|p2a: Garganacl|80/100
|
|-heal|p1a: Articuno|10/100|[from] item: Leftovers
|-damage|p1a: Articuno|0 fnt|[from] Salt Cure
|faint|p1a: Articuno
|upkeep
|
|t:|1743938517
|switch|p1a: Azelf|Azelf|53/100
|turn|14
|
|t:|1743938522
|move|p1a: Azelf|Explosion|p2a: Garganacl
|-resisted|p2a: Garganacl
|-damage|p2a: Garganacl|69/100
|faint|p1a: Azelf
|move|p2a: Garganacl|Salt Cure|p1: Azelf|[notarget]
|-fail|p2a: Garganacl
|
|upkeep
|
|t:|1743938529
|switch|p1a: Bagon|Bagon, M|100/100
|-damage|p1a: Bagon|88/100|[from] Spikes
|turn|15
|
|t:|1743938534
|move|p1a: Bagon|Iron Head|p2a: Garganacl
|-supereffective|p2a: Garganacl
|-crit|p2a: Garganacl
|-damage|p2a: Garganacl|11/100
|move|p2a: Garganacl|Salt Cure|p1a: Bagon
|-damage|p1a: Bagon|46/100
|-start|p1a: Bagon|Salt Cure
|
|-damage|p1a: Bagon|34/100|[from] Salt Cure
|upkeep
|turn|16
|
|t:|1743938544
|switch|p2a: Tinkaton|Tinkaton, F|100/100
|-damage|p2a: Tinkaton|94/100|[from] Stealth Rock
|-item|p2a: Tinkaton|Air Balloon
|move|p1a: Bagon|Iron Head|p2a: Tinkaton
|-crit|p2a: Tinkaton
|-damage|p2a: Tinkaton|48/100
|-enditem|p2a: Tinkaton|Air Balloon
|
|-damage|p1a: Bagon|22/100|[from] Salt Cure
|upkeep
|turn|17
|
|t:|1743938556
|move|p2a: Tinkaton|Knock Off|p1a: Bagon
|-damage|p1a: Bagon|2/100
|-enditem|p1a: Bagon|Eviolite|[from] move: Knock Off|[of] p2a: Tinkaton
|move|p1a: Bagon|Iron Head|p2a: Tinkaton
|-damage|p2a: Tinkaton|17/100
|
|-damage|p1a: Bagon|0 fnt|[from] Salt Cure
|faint|p1a: Bagon
|upkeep
|
|t:|1743938559
|switch|p1a: Banette|Banette, F|100/100
|-damage|p1a: Banette|88/100|[from] Spikes
|turn|18
|
|t:|1743938569
|-terastallize|p1a: Banette|Ghost
|move|p1a: Banette|Shadow Sneak|p2a: Tinkaton
|-damage|p2a: Tinkaton|0 fnt
|faint|p2a: Tinkaton
|-damage|p1a: Banette|78/100|[from] item: Life Orb
|
|upkeep
|
|t:|1743938586
|switch|p2a: Great Tusk|Great Tusk|100/100
|-damage|p2a: Great Tusk|97/100|[from] Stealth Rock
|turn|19
|
|t:|1743938594
|move|p2a: Great Tusk|Rapid Spin|p1a: Banette
|-immune|p1a: Banette
|move|p1a: Banette|Gunk Shot|p2a: Great Tusk
|-resisted|p2a: Great Tusk
|-damage|p2a: Great Tusk|79/100
|-status|p2a: Great Tusk|psn
|-damage|p1a: Banette|68/100|[from] item: Life Orb
|
|-damage|p2a: Great Tusk|66/100 psn|[from] psn
|upkeep
|turn|20
|
|t:|1743938608
|move|p1a: Banette|Shadow Sneak|p2a: Great Tusk
|-damage|p2a: Great Tusk|40/100 psn
|-damage|p1a: Banette|52/100|[from] item: Rocky Helmet|[of] p2a: Great Tusk
|-damage|p1a: Banette|42/100|[from] item: Life Orb
|move|p2a: Great Tusk|Headlong Rush|p1a: Banette
|-crit|p1a: Banette
|-damage|p1a: Banette|0 fnt
|-unboost|p2a: Great Tusk|def|1
|-unboost|p2a: Great Tusk|spd|1
|faint|p1a: Banette
|
|win|SakakiAzu
|raw|iiZyd's rating: 1147 &rarr; <strong>1119</strong><br />(-28 for losing)
|raw|SakakiAzu's rating: 1111 &rarr; <strong>1139</strong><br />(+28 for winning)
|l|☆iiZyd
|player|p1|
|l|☆SakakiAzu
|player|p2|
