|j|☆xiapuxiandiyi
|j|☆CapitolG
|t:|1743826361
|gametype|singles
|player|p1|xiapuxiandiyi|dawn|1127
|player|p2|CapitolG|1|1173
|teamsize|p1|6
|teamsize|p2|6
|gen|9
|tier|[Gen 9] OU
|rated|
|rule|HP Percentage Mod: HP is shown in percentages
|rule|Endless Battle Clause: Forcing endless battles is banned
|rule|Species Clause: Limit one of each Pokémon
|rule|OHKO Clause: OHKO moves are banned
|rule|Evasion Items Clause: Evasion items are banned
|rule|Evasion Moves Clause: Evasion moves are banned
|rule|Sleep Moves Clause: Sleep-inducing moves are banned
|clearpoke
|poke|p1|Iron Valiant|
|poke|p1|Slowking-Galar, M|
|poke|p1|Ogerpon-Wellspring, F|
|poke|p1|Zapdos|
|poke|p1|Tyranitar, F|
|poke|p1|Great Tusk|
|poke|p2|Chandelure, M|
|poke|p2|Gothitelle, F|
|poke|p2|Milotic, F|
|poke|p2|Kingambit, M|
|poke|p2|Cinderace, F|
|poke|p2|Leavanny, M|
|teampreview
|
|t:|1743826434
|start
|switch|p1a: Slowking|Slowking-Galar, M|100/100
|switch|p2a: Leavanny|Leavanny, M|100/100
|turn|1
|
|t:|1743826444
|move|p2a: Leavanny|Sticky Web|p1a: Slowking
|-sidestart|p1: xiapuxiandiyi|move: Sticky Web
|move|p1a: Slowking|Sludge Bomb|p2a: Leavanny
|-supereffective|p2a: Leavanny
|-damage|p2a: Leavanny|17/100
|-status|p2a: Leavanny|psn
|
|-damage|p2a: Leavanny|4/100 psn|[from] psn
|upkeep
|turn|2
|
|t:|1743826459
|move|p2a: Leavanny|Lunge|p1a: Slowking
|-damage|p1a: Slowking|66/100
|-unboost|p1a: Slowking|atk|1
|-damage|p2a: Leavanny|0 fnt|[from] item: Rocky Helmet|[of] p1a: Slowking
|faint|p2a: Leavanny
|move|p1a: Slowking|Future Sight|p2: Leavanny
|-start|p1a: Slowking|move: Future Sight
|
|upkeep
|
|t:|1743826467
|switch|p2a: Cinderace|Cinderace, F|100/100
|turn|3
|
|t:|1743826479
|switch|p1a: Great Tusk|Great Tusk|100/100
|-activate|p1a: Great Tusk|move: Sticky Web
|-unboost|p1a: Great Tusk|spe|1
|move|p2a: Cinderace|Court Change|p2a: Cinderace
|-start|p2a: Cinderace|typechange|Normal|[from] ability: Libero
|-swapsideconditions
|-activate|p2a: Cinderace|move: Court Change
|
|upkeep
|turn|4
|
|t:|1743826511
|switch|p2a: Chandelure|Chandelure, M|100/100
|-activate|p2a: Chandelure|move: Sticky Web
|-unboost|p2a: Chandelure|spe|1
|move|p1a: Great Tusk|Headlong Rush|p2a: Chandelure
|-supereffective|p2a: Chandelure
|-enditem|p2a: Chandelure|Focus Sash
|-damage|p2a: Chandelure|1/100
|-unboost|p1a: Great Tusk|def|1
|-unboost|p1a: Great Tusk|spd|1
|-status|p1a: Great Tusk|brn|[from] ability: Flame Body|[of] p2a: Chandelure
|
|-end|p2a: Chandelure|move: Future Sight
|-damage|p2a: Chandelure|0 fnt
|faint|p2a: Chandelure
|-damage|p1a: Great Tusk|94/100 brn|[from] brn
|upkeep
|
|t:|1743826518
|switch|p2a: Gothitelle|Gothitelle, F|100/100
|-activate|p2a: Gothitelle|move: Sticky Web
|-unboost|p2a: Gothitelle|spe|1
|-ability|p2a: Gothitelle|Competitive|boost
|-boost|p2a: Gothitelle|spa|2
|turn|5
|
|t:|1743826584
|-end|p1a: Great Tusk|Protosynthesis|[silent]
|switch|p1a: Tyranitar|Tyranitar, F|100/100
|-weather|Sandstorm|[from] ability: Sand Stream|[of] p1a: Tyranitar
|move|p2a: Gothitelle|Trick Room|p2a: Gothitelle
|-fieldstart|move: Trick Room|[of] p2a: Gothitelle
|
|-weather|Sandstorm|[upkeep]
|-damage|p2a: Gothitelle|94/100|[from] Sandstorm
|-heal|p2a: Gothitelle|100/100|[from] item: Leftovers
|upkeep
|turn|6
|
|t:|1743826627
|switch|p2a: Kingambit|Kingambit, M|100/100
|-activate|p2a: Kingambit|move: Sticky Web
|-unboost|p2a: Kingambit|spe|1
|-ability|p2a: Kingambit|Defiant|boost
|-boost|p2a: Kingambit|atk|2
|switch|p1a: Ogerpon|Ogerpon-Wellspring, F|100/100
|
|-weather|Sandstorm|[upkeep]
|-damage|p1a: Ogerpon|94/100|[from] Sandstorm
|upkeep
|turn|7
|
|t:|1743826645
|move|p2a: Kingambit|Throat Chop|p1a: Ogerpon
|-damage|p1a: Ogerpon|0 fnt
|faint|p1a: Ogerpon
|
|-weather|Sandstorm|[upkeep]
|upkeep
|
|t:|1743826671
|switch|p1a: Great Tusk|Great Tusk|94/100 brn
|turn|8
|
|t:|1743826677
|switch|p2a: Gothitelle|Gothitelle, F|100/100
|-activate|p2a: Gothitelle|move: Sticky Web
|-unboost|p2a: Gothitelle|spe|1
|-ability|p2a: Gothitelle|Competitive|boost
|-boost|p2a: Gothitelle|spa|2
|move|p1a: Great Tusk|Close Combat|p2a: Gothitelle
|-resisted|p2a: Gothitelle
|-damage|p2a: Gothitelle|85/100
|-unboost|p1a: Great Tusk|def|1
|-unboost|p1a: Great Tusk|spd|1
|
|-weather|Sandstorm|[upkeep]
|-damage|p2a: Gothitelle|78/100|[from] Sandstorm
|-heal|p2a: Gothitelle|85/100|[from] item: Leftovers
|-damage|p1a: Great Tusk|88/100 brn|[from] brn
|upkeep
|turn|9
|
|t:|1743826725
|-end|p1a: Great Tusk|Protosynthesis|[silent]
|switch|p1a: Slowking|Slowking-Galar, M|99/100
|move|p2a: Gothitelle|Psyshock|p1a: Slowking
|-damage|p1a: Slowking|25/100
|
|-weather|none
|-heal|p2a: Gothitelle|91/100|[from] item: Leftovers
|-fieldend|move: Trick Room
|upkeep
|turn|10
|
|t:|1743826747
|move|p1a: Slowking|Future Sight|p2a: Gothitelle
|-start|p1a: Slowking|move: Future Sight
|move|p2a: Gothitelle|Trick Room|p2a: Gothitelle
|-fieldstart|move: Trick Room|[of] p2a: Gothitelle
|
|-heal|p2a: Gothitelle|97/100|[from] item: Leftovers
|upkeep
|turn|11
|
|t:|1743826780
|switch|p1a: Tyranitar|Tyranitar, F|100/100
|-weather|Sandstorm|[from] ability: Sand Stream|[of] p1a: Tyranitar
|move|p2a: Gothitelle|Psyshock|p1a: Tyranitar
|-immune|p1a: Tyranitar
|
|-weather|Sandstorm|[upkeep]
|-damage|p2a: Gothitelle|91/100|[from] Sandstorm
|-heal|p2a: Gothitelle|97/100|[from] item: Leftovers
|upkeep
|turn|12
|
|t:|1743826797
|-terastallize|p2a: Gothitelle|Fairy
|move|p2a: Gothitelle|Tera Blast|p1a: Tyranitar|[anim] Tera Blast Fairy
|-supereffective|p1a: Tyranitar
|-damage|p1a: Tyranitar|10/100
|move|p1a: Tyranitar|Rock Blast|p2a: Gothitelle
|-damage|p2a: Gothitelle|81/100
|-damage|p2a: Gothitelle|65/100
|-damage|p2a: Gothitelle|49/100
|-damage|p2a: Gothitelle|34/100
|-damage|p2a: Gothitelle|18/100
|-hitcount|p2a: Gothitelle|5
|
|-weather|Sandstorm|[upkeep]
|-damage|p2a: Gothitelle|12/100|[from] Sandstorm
|-end|p2a: Gothitelle|move: Future Sight
|-damage|p2a: Gothitelle|0 fnt
|faint|p2a: Gothitelle
|upkeep
|
|t:|1743826801
|switch|p2a: Milotic|Milotic, F|100/100
|-activate|p2a: Milotic|move: Sticky Web
|-unboost|p2a: Milotic|spe|1
|-ability|p2a: Milotic|Competitive|boost
|-boost|p2a: Milotic|spa|2
|turn|13
|
|t:|1743826840
|move|p1a: Tyranitar|Protect|p1a: Tyranitar
|-singleturn|p1a: Tyranitar|Protect
|move|p2a: Milotic|Scald|p1a: Tyranitar
|-activate|p1a: Tyranitar|move: Protect
|
|-weather|Sandstorm|[upkeep]
|-damage|p2a: Milotic|94/100|[from] Sandstorm
|upkeep
|turn|14
|inactive|Battle timer is ON: inactive players will automatically lose when time's up. (requested by CapitolG)
|
|t:|1743826888
|move|p2a: Milotic|Ice Beam|p1a: Tyranitar
|-damage|p1a: Tyranitar|0 fnt
|faint|p1a: Tyranitar
|
|-weather|Sandstorm|[upkeep]
|-damage|p2a: Milotic|88/100|[from] Sandstorm
|-fieldend|move: Trick Room
|upkeep
|inactive|xiapuxiandiyi has 120 seconds left.
|
|t:|1743826919
|switch|p1a: Zapdos|Zapdos|100/100
|turn|15
|
|t:|1743826928
|move|p1a: Zapdos|Thunder|p2a: Milotic
|-supereffective|p2a: Milotic
|-damage|p2a: Milotic|26/100
|move|p2a: Milotic|Ice Beam|p1a: Zapdos
|-supereffective|p1a: Zapdos
|-damage|p1a: Zapdos|0 fnt
|faint|p1a: Zapdos
|
|-weather|none
|upkeep
|inactive|xiapuxiandiyi has 120 seconds left.
|
|t:|1743826945
|switch|p1a: Iron Valiant|Iron Valiant|100/100
|turn|16
|inactive|xiapuxiandiyi has 120 seconds left.
|
|t:|1743826955
|move|p1a: Iron Valiant|Thunderbolt|p2a: Milotic
|-supereffective|p2a: Milotic
|-damage|p2a: Milotic|0 fnt
|faint|p2a: Milotic
|
|upkeep
|
|t:|1743826961
|switch|p2a: Kingambit|Kingambit, M|100/100
|-activate|p2a: Kingambit|move: Sticky Web
|-unboost|p2a: Kingambit|spe|1
|-ability|p2a: Kingambit|Defiant|boost
|-boost|p2a: Kingambit|atk|2
|turn|17
|inactive|xiapuxiandiyi has 120 seconds left.
|
|t:|1743826978
|-end|p1a: Iron Valiant|Quark Drive|[silent]
|switch|p1a: Slowking|Slowking-Galar, M|58/100
|move|p2a: Kingambit|Iron Head|p1a: Slowking
|-damage|p1a: Slowking|0 fnt
|-damage|p2a: Kingambit|84/100|[from] item: Rocky Helmet|[of] p1a: Slowking
|faint|p1a: Slowking
|
|upkeep
|inactive|xiapuxiandiyi has 120 seconds left.
|
|t:|1743826989
|switch|p1a: Great Tusk|Great Tusk|88/100 brn
|turn|18
|inactive|xiapuxiandiyi has 120 seconds left.
|
|t:|1743826995
|switch|p2a: Cinderace|Cinderace, F|100/100
|move|p1a: Great Tusk|Close Combat|p2a: Cinderace
|-damage|p2a: Cinderace|56/100
|-unboost|p1a: Great Tusk|def|1
|-unboost|p1a: Great Tusk|spd|1
|
|-damage|p1a: Great Tusk|82/100 brn|[from] brn
|upkeep
|turn|19
|inactive|xiapuxiandiyi has 120 seconds left.
|
|t:|1743827031
|move|p2a: Cinderace|Pyro Ball|p1a: Great Tusk
|-damage|p1a: Great Tusk|22/100 brn
|move|p1a: Great Tusk|Headlong Rush|p2a: Cinderace
|-supereffective|p2a: Cinderace
|-damage|p2a: Cinderace|0 fnt
|-unboost|p1a: Great Tusk|def|1
|-unboost|p1a: Great Tusk|spd|1
|faint|p2a: Cinderace
|
|-damage|p1a: Great Tusk|16/100 brn|[from] brn
|upkeep
|inactive|CapitolG has 120 seconds left.
|
|t:|1743827067
|switch|p2a: Kingambit|Kingambit, M|84/100
|-activate|p2a: Kingambit|move: Sticky Web
|-unboost|p2a: Kingambit|spe|1
|-ability|p2a: Kingambit|Defiant|boost
|-boost|p2a: Kingambit|atk|2
|turn|20
|
|t:|1743827079
|move|p2a: Kingambit|Sucker Punch|p1a: Great Tusk
|-resisted|p1a: Great Tusk
|-damage|p1a: Great Tusk|0 fnt
|-damage|p2a: Kingambit|67/100|[from] item: Rocky Helmet|[of] p1a: Great Tusk
|faint|p1a: Great Tusk
|-end|p1a: Great Tusk|Protosynthesis|[silent]
|
|upkeep
|
|t:|1743827084
|switch|p1a: Iron Valiant|Iron Valiant|100/100
|turn|21
|
|t:|1743827091
|move|p1a: Iron Valiant|Aura Sphere|p2a: Kingambit
|-supereffective|p2a: Kingambit
|-damage|p2a: Kingambit|0 fnt
|faint|p2a: Kingambit
|
|win|xiapuxiandiyi
|raw|xiapuxiandiyi's rating: 1127 &rarr; <strong>1158</strong><br />(+31 for winning)
|raw|CapitolG's rating: 1216 &rarr; <strong>1185</strong><br />(-31 for losing)
|l|☆CapitolG
|player|p2|
|l|☆xiapuxiandiyi
|player|p1|
