|j|☆A KlNG♛♔♕
|j|☆nesnot
|t:|1743827750
|gametype|singles
|player|p1|A KlNG♛♔♕|archie-gen3|1467
|player|p2|nesnot|266|1459
|teamsize|p1|6
|teamsize|p2|6
|gen|9
|tier|[Gen 9] OU
|rated|
|rule|HP Percentage Mod: HP is shown in percentages
|rule|Endless Battle Clause: Forcing endless battles is banned
|rule|Species Clause: Limit one of each Pokémon
|rule|OHKO Clause: OHKO moves are banned
|rule|Evasion Items Clause: Evasion items are banned
|rule|Evasion Moves Clause: Evasion moves are banned
|rule|Sleep Moves Clause: Sleep-inducing moves are banned
|clearpoke
|poke|p1|Darkrai|
|poke|p1|Kyurem|
|poke|p1|Iron Crown|
|poke|p1|Moltres-Galar|
|poke|p1|Ursaluna, F|
|poke|p1|Enamorus, F|
|poke|p2|Salamence, F|
|poke|p2|Gyarados, M|
|poke|p2|Great Tusk|
|poke|p2|Iron Treads|
|poke|p2|Amoonguss, F|
|poke|p2|Darkrai|
|teampreview
|inactive|Battle timer is ON: inactive players will automatically lose when time's up. (requested by nesnot)
|
|t:|1743827774
|start
|switch|p1a: Enamorus|Enamorus, F|100/100
|switch|p2a: Darkrai|Darkrai|100/100
|turn|1
|
|t:|1743827790
|switch|p2a: Iron Treads|Iron Treads|100/100
|move|p1a: Enamorus|Alluring Voice|p2a: Iron Treads
|-resisted|p2a: Iron Treads
|-damage|p2a: Iron Treads|77/100
|
|-heal|p2a: Iron Treads|83/100|[from] item: Leftovers
|upkeep
|turn|2
|
|t:|1743827810
|move|p1a: Enamorus|Earth Power|p2a: Iron Treads
|-supereffective|p2a: Iron Treads
|-damage|p2a: Iron Treads|8/100
|move|p2a: Iron Treads|Knock Off|p1a: Enamorus
|-resisted|p1a: Enamorus
|-damage|p1a: Enamorus|81/100
|-enditem|p1a: Enamorus|Focus Sash|[from] move: Knock Off|[of] p2a: Iron Treads
|
|-heal|p2a: Iron Treads|14/100|[from] item: Leftovers
|upkeep
|turn|3
|
|t:|1743827825
|-end|p2a: Iron Treads|Quark Drive|[silent]
|switch|p2a: Amoonguss|Amoonguss, F|100/100
|move|p1a: Enamorus|Mystical Fire|p2a: Amoonguss
|-supereffective|p2a: Amoonguss
|-damage|p2a: Amoonguss|51/100
|-unboost|p2a: Amoonguss|spa|1
|
|upkeep
|turn|4
|
|t:|1743827834
|move|p1a: Enamorus|Mystical Fire|p2a: Amoonguss
|-supereffective|p2a: Amoonguss
|-damage|p2a: Amoonguss|0 fnt
|faint|p2a: Amoonguss
|
|upkeep
|
|t:|1743827859
|switch|p2a: Darkrai|Darkrai|100/100
|turn|5
|
|t:|1743827863
|-terastallize|p1a: Enamorus|Rock
|move|p2a: Darkrai|Sludge Bomb|p1a: Enamorus
|-resisted|p1a: Enamorus
|-damage|p1a: Enamorus|59/100
|-status|p1a: Enamorus|psn
|move|p1a: Enamorus|Alluring Voice|p2a: Darkrai
|-supereffective|p2a: Darkrai
|-damage|p2a: Darkrai|0 fnt
|faint|p2a: Darkrai
|
|-damage|p1a: Enamorus|47/100 psn|[from] psn
|upkeep
|
|t:|1743827871
|switch|p2a: Salamence|Salamence, F|100/100
|turn|6
|
|t:|1743827878
|-terastallize|p2a: Salamence|Fire
|move|p1a: Enamorus|Earth Power|p2a: Salamence
|-supereffective|p2a: Salamence
|-damage|p2a: Salamence|27/100
|move|p2a: Salamence|Dragon Dance|p2a: Salamence
|-boost|p2a: Salamence|atk|1
|-boost|p2a: Salamence|spe|1
|
|-damage|p1a: Enamorus|34/100 psn|[from] psn
|upkeep
|turn|7
|
|t:|1743827888
|move|p2a: Salamence|Temper Flare|p1a: Enamorus
|-resisted|p1a: Enamorus
|-damage|p1a: Enamorus|0 fnt
|faint|p1a: Enamorus
|-ability|p2a: Salamence|Moxie|boost
|-boost|p2a: Salamence|atk|1
|-damage|p2a: Salamence|17/100|[from] item: Life Orb
|
|upkeep
|
|t:|1743827892
|switch|p1a: Darkrai|Darkrai|100/100
|turn|8
|
|t:|1743827895
|move|p2a: Salamence|Dual Wingbeat|p1a: Darkrai
|-damage|p1a: Darkrai|25/100
|-damage|p1a: Darkrai|0 fnt
|faint|p1a: Darkrai
|-ability|p2a: Salamence|Moxie|boost
|-boost|p2a: Salamence|atk|1
|-hitcount|p1: Darkrai|2
|-damage|p2a: Salamence|7/100|[from] item: Life Orb
|
|upkeep
|
|t:|1743827905
|switch|p1a: Moltres|Moltres-Galar, shiny|100/100
|turn|9
|
|t:|1743827911
|switch|p1a: Ursaluna|Ursaluna, F|100/100
|move|p2a: Salamence|Dual Wingbeat|p1a: Ursaluna
|-damage|p1a: Ursaluna|35/100
|-damage|p1a: Ursaluna|0 fnt
|faint|p1a: Ursaluna
|-ability|p2a: Salamence|Moxie|boost
|-boost|p2a: Salamence|atk|1
|-hitcount|p1: Ursaluna|2
|-damage|p2a: Salamence|0 fnt|[from] item: Life Orb
|faint|p2a: Salamence
|
|upkeep
|
|t:|1743827921
|switch|p2a: Great Tusk|Great Tusk|100/100
|switch|p1a: Moltres|Moltres-Galar, shiny|100/100
|turn|10
|
|t:|1743827927
|move|p2a: Great Tusk|Ice Spinner|p1a: Moltres
|-supereffective|p1a: Moltres
|-damage|p1a: Moltres|42/100
|-ability|p1a: Moltres|Berserk|boost
|-boost|p1a: Moltres|spa|1
|move|p1a: Moltres|Agility|p1a: Moltres
|-boost|p1a: Moltres|spe|2
|
|upkeep
|turn|11
|
|t:|1743827931
|move|p1a: Moltres|Air Slash|p2a: Great Tusk
|-supereffective|p2a: Great Tusk
|-damage|p2a: Great Tusk|0 fnt
|faint|p2a: Great Tusk
|-end|p2a: Great Tusk|Protosynthesis|[silent]
|
|upkeep
|
|t:|1743827935
|switch|p2a: Gyarados|Gyarados, M|100/100
|turn|12
|
|t:|1743827938
|move|p1a: Moltres|Air Slash|p2a: Gyarados
|-damage|p2a: Gyarados|45/100
|move|p2a: Gyarados|Waterfall|p1a: Moltres
|-damage|p1a: Moltres|0 fnt
|faint|p1a: Moltres
|-ability|p2a: Gyarados|Moxie|boost
|-boost|p2a: Gyarados|atk|1
|
|-heal|p2a: Gyarados|51/100|[from] item: Leftovers
|upkeep
|
|t:|1743827944
|switch|p1a: Kyurem|Kyurem|100/100
|-ability|p1a: Kyurem|Pressure
|turn|13
|
|t:|1743827961
|move|p2a: Gyarados|Waterfall|p1a: Kyurem
|-resisted|p1a: Kyurem
|-damage|p1a: Kyurem|78/100
|move|p1a: Kyurem|Freeze-Dry|p2a: Gyarados
|-supereffective|p2a: Gyarados
|-damage|p2a: Gyarados|0 fnt
|faint|p2a: Gyarados
|
|upkeep
|
|t:|1743827964
|switch|p2a: Iron Treads|Iron Treads|14/100
|turn|14
|inactive|nesnot has 120 seconds left.
|inactive|nesnot has 90 seconds left.
|inactive|nesnot has 60 seconds left.
|inactive|nesnot has 30 seconds left.
|inactive|nesnot has 20 seconds left.
|inactive|nesnot has 15 seconds left.
|inactive|nesnot has 10 seconds left.
|inactive|nesnot has 5 seconds left.
|-message|nesnot lost due to inactivity.
|
|win|A KlNG♛♔♕
|raw|A KlNG♛♔♕'s rating: 1467 &rarr; <strong>1486</strong><br />(+19 for winning)
|raw|nesnot's rating: 1441 &rarr; <strong>1422</strong><br />(-19 for losing)
|l|☆A KlNG♛♔♕
|player|p1|
