|j|☆Mfavela42
|j|☆lc872244
|t:|1743826426
|gametype|singles
|player|p1|Mfavela42|byron|1084
|player|p2|lc872244|marley|1117
|teamsize|p1|6
|teamsize|p2|6
|gen|9
|tier|[Gen 9] OU
|rated|
|rule|HP Percentage Mod: HP is shown in percentages
|rule|Endless Battle Clause: Forcing endless battles is banned
|rule|Species Clause: Limit one of each Pokémon
|rule|OHKO Clause: OHKO moves are banned
|rule|Evasion Items Clause: Evasion items are banned
|rule|Evasion Moves Clause: Evasion moves are banned
|rule|Sleep Moves Clause: Sleep-inducing moves are banned
|clearpoke
|poke|p1|Feraligatr, M|
|poke|p1|Overqwil, M|
|poke|p1|Kleavor, M|
|poke|p1|Swampert, M|
|poke|p1|Scream Tail|
|poke|p1|Wo-Chien|
|poke|p2|Samurott-Hisui, F|
|poke|p2|Gardevoir, M|
|poke|p2|Clodsire, M|
|poke|p2|Zoroark-Hisui, M|
|poke|p2|Hydrapple, F|
|poke|p2|Ceruledge, F|
|teampreview
|
|t:|1743826439
|start
|switch|p1a: Swampert|Swampert, M|100/100
|switch|p2a: Clodsire|Clodsire, M|100/100
|turn|1
|
|t:|1743826447
|move|p1a: Swampert|Substitute|p1a: Swampert
|-start|p1a: Swampert|Substitute
|-damage|p1a: Swampert|76/100
|move|p2a: Clodsire|Stealth Rock|p1a: Swampert
|-sidestart|p1: Mfavela42|move: Stealth Rock
|
|upkeep
|turn|2
|
|t:|1743826454
|switch|p2a: Hydrapple|Hydrapple, F|100/100
|move|p1a: Swampert|Bulk Up|p1a: Swampert
|-boost|p1a: Swampert|atk|1
|-boost|p1a: Swampert|def|1
|
|upkeep
|turn|3
|
|t:|1743826468
|-terastallize|p1a: Swampert|Normal
|-singleturn|p1a: Swampert|move: Focus Punch
|move|p2a: Hydrapple|Giga Drain|p1a: Swampert
|-end|p1a: Swampert|Substitute
|move|p1a: Swampert|Focus Punch|p2a: Hydrapple
|-damage|p2a: Hydrapple|52/100
|
|upkeep
|turn|4
|
|t:|1743826479
|move|p1a: Swampert|Substitute|p1a: Swampert
|-start|p1a: Swampert|Substitute
|-damage|p1a: Swampert|51/100
|move|p2a: Hydrapple|Giga Drain|p1a: Swampert
|-end|p1a: Swampert|Substitute
|-heal|p2a: Hydrapple|62/100|[from] drain|[of] p1a: Swampert
|
|upkeep
|turn|5
|
|t:|1743826487
|move|p1a: Swampert|Bulk Up|p1a: Swampert
|-boost|p1a: Swampert|atk|1
|-boost|p1a: Swampert|def|1
|move|p2a: Hydrapple|Giga Drain|p1a: Swampert
|-damage|p1a: Swampert|9/100
|-heal|p2a: Hydrapple|79/100|[from] drain|[of] p1a: Swampert
|-enditem|p1a: Swampert|Salac Berry|[eat]
|-boost|p1a: Swampert|spe|1|[from] item: Salac Berry
|
|upkeep
|turn|6
|
|t:|1743826500
|switch|p2a: Ceruledge|Ceruledge, F|100/100
|move|p1a: Swampert|Earthquake|p2a: Ceruledge
|-supereffective|p2a: Ceruledge
|-enditem|p2a: Ceruledge|Focus Sash
|-damage|p2a: Ceruledge|1/100
|-ability|p2a: Ceruledge|Weak Armor|boost
|-unboost|p2a: Ceruledge|def|1
|-boost|p2a: Ceruledge|spe|2
|
|upkeep
|turn|7
|
|t:|1743826513
|move|p2a: Ceruledge|Shadow Sneak|p1a: Swampert
|-immune|p1a: Swampert
|move|p1a: Swampert|Substitute|p1a: Swampert
|-fail|p1a: Swampert|move: Substitute|[weak]
|
|upkeep
|turn|8
|
|t:|1743826519
|move|p2a: Ceruledge|Bitter Blade|p1a: Swampert
|-damage|p1a: Swampert|0 fnt
|-heal|p2a: Ceruledge|6/100|[from] drain|[of] p1a: Swampert
|faint|p1a: Swampert
|
|upkeep
|
|t:|1743826528
|switch|p1a: Overqwil|Overqwil, M|100/100
|-damage|p1a: Overqwil|88/100|[from] Stealth Rock
|turn|9
|
|t:|1743826534
|move|p1a: Overqwil|Aqua Jet|p2a: Ceruledge
|-supereffective|p2a: Ceruledge
|-damage|p2a: Ceruledge|0 fnt
|faint|p2a: Ceruledge
|
|upkeep
|
|t:|1743826549
|switch|p2a: Clodsire|Clodsire, M|100/100
|turn|10
|
|t:|1743826563
|move|p1a: Overqwil|Aqua Jet|p2a: Clodsire
|-supereffective|p2a: Clodsire
|-damage|p2a: Clodsire|71/100
|move|p2a: Clodsire|Earthquake|p1a: Overqwil
|-supereffective|p1a: Overqwil
|-damage|p1a: Overqwil|22/100
|-enditem|p1a: Overqwil|Figy Berry|[eat]
|-heal|p1a: Overqwil|55/100|[from] item: Figy Berry
|
|-heal|p2a: Clodsire|77/100|[from] item: Leftovers
|upkeep
|turn|11
|
|t:|1743826572
|switch|p2a: Hydrapple|Hydrapple, F|100/100
|move|p1a: Overqwil|Crunch|p2a: Hydrapple
|-damage|p2a: Hydrapple|74/100
|-unboost|p2a: Hydrapple|def|1
|
|upkeep
|turn|12
|
|t:|1743826581
|move|p1a: Overqwil|Fell Stinger|p2a: Hydrapple
|-supereffective|p2a: Hydrapple
|-damage|p2a: Hydrapple|41/100
|move|p2a: Hydrapple|Earth Power|p1a: Overqwil
|-supereffective|p1a: Overqwil
|-damage|p1a: Overqwil|0 fnt
|faint|p1a: Overqwil
|
|upkeep
|
|t:|1743826591
|switch|p1a: Kleavor|Kleavor, M|100/100
|-damage|p1a: Kleavor|76/100|[from] Stealth Rock
|turn|13
|
|t:|1743826600
|switch|p2a: Clodsire|Clodsire, M|77/100
|move|p1a: Kleavor|Fury Cutter|p2a: Clodsire
|-resisted|p2a: Clodsire
|-damage|p2a: Clodsire|61/100
|
|-heal|p2a: Clodsire|67/100|[from] item: Leftovers
|upkeep
|turn|14
|
|t:|1743826611
|move|p1a: Kleavor|Fury Cutter|p2a: Clodsire
|-resisted|p2a: Clodsire
|-damage|p2a: Clodsire|27/100
|move|p2a: Clodsire|Earthquake|p1a: Kleavor
|-damage|p1a: Kleavor|38/100
|
|-heal|p2a: Clodsire|33/100|[from] item: Leftovers
|upkeep
|turn|15
|
|t:|1743826620
|move|p1a: Kleavor|Fury Cutter|p2a: Clodsire
|-resisted|p2a: Clodsire
|-damage|p2a: Clodsire|0 fnt
|faint|p2a: Clodsire
|
|upkeep
|
|t:|1743826624
|switch|p2a: Samurott|Samurott-Hisui, F, shiny|100/100
|turn|16
|
|t:|1743826633
|move|p2a: Samurott|Ceaseless Edge|p1a: Kleavor
|-damage|p1a: Kleavor|0 fnt
|-sidestart|p1: Mfavela42|Spikes
|faint|p1a: Kleavor
|
|upkeep
|
|t:|1743826642
|switch|p1a: Scream Tail|Scream Tail|100/100
|-damage|p1a: Scream Tail|88/100|[from] Stealth Rock
|-damage|p1a: Scream Tail|76/100|[from] Spikes
|-enditem|p1a: Scream Tail|Booster Energy
|-activate|p1a: Scream Tail|ability: Protosynthesis|[fromitem]
|-start|p1a: Scream Tail|protosynthesisspe
|turn|17
|
|t:|1743826650
|switch|p2a: Hydrapple|Hydrapple, F|100/100
|move|p1a: Scream Tail|Bulk Up|p1a: Scream Tail
|-boost|p1a: Scream Tail|atk|1
|-boost|p1a: Scream Tail|def|1
|
|upkeep
|turn|18
|
|t:|1743826661
|move|p1a: Scream Tail|Ice Punch|p2a: Hydrapple
|-damage|p2a: Hydrapple|52/100
|replace|p2a: Zoroark|Zoroark-Hisui, M
|-end|p2a: Zoroark|Illusion
|move|p2a: Zoroark|Shadow Ball|p1a: Scream Tail
|-supereffective|p1a: Scream Tail
|-damage|p1a: Scream Tail|4/100
|-damage|p2a: Zoroark|42/100|[from] item: Life Orb
|
|upkeep
|turn|19
|
|t:|1743826674
|switch|p2a: Samurott|Samurott-Hisui, F, shiny|100/100
|move|p1a: Scream Tail|Psychic Fangs|p2a: Samurott
|-immune|p2a: Samurott
|
|upkeep
|turn|20
|
|t:|1743826682
|move|p2a: Samurott|Ceaseless Edge|p1a: Scream Tail
|-damage|p1a: Scream Tail|0 fnt
|-sidestart|p1: Mfavela42|Spikes
|faint|p1a: Scream Tail
|-end|p1a: Scream Tail|Protosynthesis|[silent]
|
|upkeep
|
|t:|1743826687
|switch|p1a: Wo-Chien|Wo-Chien|100/100
|-damage|p1a: Wo-Chien|88/100|[from] Stealth Rock
|-damage|p1a: Wo-Chien|72/100|[from] Spikes
|-ability|p1a: Wo-Chien|Tablets of Ruin
|turn|21
|
|t:|1743826695
|move|p2a: Samurott|Ceaseless Edge|p1a: Wo-Chien
|-resisted|p1a: Wo-Chien
|-damage|p1a: Wo-Chien|57/100
|-sidestart|p1: Mfavela42|Spikes
|move|p1a: Wo-Chien|Substitute|p1a: Wo-Chien
|-start|p1a: Wo-Chien|Substitute
|-damage|p1a: Wo-Chien|32/100
|
|-heal|p1a: Wo-Chien|38/100|[from] item: Leftovers
|upkeep
|turn|22
|
|t:|1743826707
|switch|p2a: Gardevoir|Gardevoir, M|100/100
|-ability|p2a: Gardevoir|Tablets of Ruin
|-ability|p2a: Gardevoir|Tablets of Ruin|[from] ability: Trace|[of] p1a: Wo-Chien
|move|p1a: Wo-Chien|Leech Seed|p2a: Gardevoir|[miss]
|-miss|p1a: Wo-Chien|p2a: Gardevoir
|
|-heal|p1a: Wo-Chien|44/100|[from] item: Leftovers
|upkeep
|turn|23
|
|t:|1743826719
|move|p2a: Gardevoir|Alluring Voice|p1a: Wo-Chien
|-supereffective|p1a: Wo-Chien
|-damage|p1a: Wo-Chien|0 fnt
|faint|p1a: Wo-Chien
|
|upkeep
|
|t:|1743826722
|switch|p1a: Feraligatr|Feraligatr, M|100/100
|-damage|p1a: Feraligatr|88/100|[from] Stealth Rock
|-damage|p1a: Feraligatr|64/100|[from] Spikes
|turn|24
|
|t:|1743826728
|switch|p2a: Hydrapple|Hydrapple, F|74/100
|move|p1a: Feraligatr|Dragon Dance|p1a: Feraligatr
|-boost|p1a: Feraligatr|atk|1
|-boost|p1a: Feraligatr|spe|1
|
|upkeep
|turn|25
|
|t:|1743826734
|-terastallize|p2a: Hydrapple|Steel
|move|p1a: Feraligatr|Ice Punch|p2a: Hydrapple
|-resisted|p2a: Hydrapple
|-damage|p2a: Hydrapple|52/100
|move|p2a: Hydrapple|Giga Drain|p1a: Feraligatr
|-supereffective|p1a: Feraligatr
|-crit|p1a: Feraligatr
|-damage|p1a: Feraligatr|0 fnt
|-heal|p2a: Hydrapple|75/100|[from] drain|[of] p1a: Feraligatr
|faint|p1a: Feraligatr
|
|win|lc872244
|raw|Mfavela42's rating: 1084 &rarr; <strong>1064</strong><br />(-20 for losing)
|raw|lc872244's rating: 1117 &rarr; <strong>1140</strong><br />(+23 for winning)
|l|☆Mfavela42
|player|p1|
|l|☆lc872244
|player|p2|
