|j|☆Furiousjulian
|j|☆MorelikeStanDarsh
|t:|1743863157
|gametype|singles
|player|p1|Furiousjulian|blackbelt|1386
|player|p2|MorelikeStanDarsh|ghetsis-gen5bw|1389
|teamsize|p1|6
|teamsize|p2|6
|gen|9
|tier|[Gen 9] OU
|rated|
|rule|HP Percentage Mod: HP is shown in percentages
|rule|Endless Battle Clause: Forcing endless battles is banned
|rule|Species Clause: Limit one of each Pokémon
|rule|OHKO Clause: OHKO moves are banned
|rule|Evasion Items Clause: Evasion items are banned
|rule|Evasion Moves Clause: Evasion moves are banned
|rule|Sleep Moves Clause: Sleep-inducing moves are banned
|clearpoke
|poke|p1|Arcanine-Hisui, M|
|poke|p1|Enamorus, F|
|poke|p1|Latios, M|
|poke|p1|Dondozo, F|
|poke|p1|Scyther, M|
|poke|p1|Magnezone|
|poke|p2|Raging Bolt|
|poke|p2|Torkoal, F|
|poke|p2|Iron Jugulis|
|poke|p2|Samurott-Hisui, M|
|poke|p2|Iron Moth|
|poke|p2|Great Tusk|
|teampreview
|inactive|Battle timer is ON: inactive players will automatically lose when time's up. (requested by MorelikeStanDarsh)
|
|t:|1743863179
|start
|switch|p1a: Kanine|Arcanine-Hisui, M|100/100
|switch|p2a: Samurott|Samurott-Hisui, M|100/100
|turn|1
|
|t:|1743863192
|switch|p1a: Justiceforwhales|Dondozo, F|100/100
|move|p2a: Samurott|Aqua Cutter|p1a: Justiceforwhales
|-resisted|p1a: Justiceforwhales
|-damage|p1a: Justiceforwhales|89/100
|
|upkeep
|turn|2
|
|t:|1743863206
|move|p2a: Samurott|Ceaseless Edge|p1a: Justiceforwhales
|-damage|p1a: Justiceforwhales|68/100
|-damage|p2a: Samurott|84/100|[from] item: Rocky Helmet|[of] p1a: Justiceforwhales
|-sidestart|p1: Furiousjulian|Spikes
|move|p1a: Justiceforwhales|Body Press|p2a: Samurott
|-supereffective|p2a: Samurott
|-damage|p2a: Samurott|11/100
|
|upkeep
|turn|3
|inactive|MorelikeStanDarsh has 120 seconds left.
|
|t:|1743863248
|switch|p2a: Torkoal|Torkoal, F|100/100
|-weather|SunnyDay|[from] ability: Drought|[of] p2a: Torkoal
|move|p1a: Justiceforwhales|Rest|p1a: Justiceforwhales
|-status|p1a: Justiceforwhales|slp|[from] move: Rest
|-heal|p1a: Justiceforwhales|100/100 slp|[silent]
|
|-weather|SunnyDay|[upkeep]
|upkeep
|turn|4
|
|t:|1743863261
|switch|p1a: Dreamwyvern|Latios, M, shiny|100/100
|move|p2a: Torkoal|Stealth Rock|p1a: Dreamwyvern
|-sidestart|p1: Furiousjulian|move: Stealth Rock
|
|-weather|SunnyDay|[upkeep]
|upkeep
|turn|5
|inactive|MorelikeStanDarsh has 120 seconds left.
|
|t:|1743863283
|move|p1a: Dreamwyvern|Aura Sphere|p2a: Torkoal
|-damage|p2a: Torkoal|61/100
|move|p2a: Torkoal|Will-O-Wisp|p1a: Dreamwyvern
|-status|p1a: Dreamwyvern|brn
|
|-weather|SunnyDay|[upkeep]
|-damage|p1a: Dreamwyvern|94/100 brn|[from] brn
|upkeep
|turn|6
|
|t:|1743863300
|move|p1a: Dreamwyvern|Draco Meteor|p2a: Torkoal
|-damage|p2a: Torkoal|0 fnt
|-unboost|p1a: Dreamwyvern|spa|2
|faint|p2a: Torkoal
|
|-weather|SunnyDay|[upkeep]
|-damage|p1a: Dreamwyvern|88/100 brn|[from] brn
|upkeep
|inactive|MorelikeStanDarsh has 90 seconds left.
|
|t:|1743863322
|switch|p2a: Iron Jugulis|Iron Jugulis|100/100
|-enditem|p2a: Iron Jugulis|Booster Energy
|-activate|p2a: Iron Jugulis|ability: Quark Drive|[fromitem]
|-start|p2a: Iron Jugulis|quarkdrivespe
|turn|7
|inactive|MorelikeStanDarsh has 90 seconds left.
|inactive|Furiousjulian has 120 seconds left.
|
|t:|1743863358
|switch|p1a: Probotector|Magnezone|100/100
|-damage|p1a: Probotector|88/100|[from] Spikes
|-damage|p1a: Probotector|82/100|[from] Stealth Rock
|move|p2a: Iron Jugulis|Hurricane|p1a: Probotector
|-resisted|p1a: Probotector
|-damage|p1a: Probotector|72/100
|
|-weather|SunnyDay|[upkeep]
|upkeep
|turn|8
|inactive|Furiousjulian has 120 seconds left.
|inactive|MorelikeStanDarsh has 90 seconds left.
|
|t:|1743863370
|move|p2a: Iron Jugulis|Earth Power|p1a: Probotector
|-supereffective|p1a: Probotector
|-damage|p1a: Probotector|0 fnt
|faint|p1a: Probotector
|
|-weather|SunnyDay|[upkeep]
|upkeep
|
|t:|1743863395
|switch|p1a: Dreamwyvern|Latios, M, shiny|88/100 brn
|-damage|p1a: Dreamwyvern|76/100 brn|[from] Stealth Rock
|turn|9
|inactive|MorelikeStanDarsh has 90 seconds left.
|
|t:|1743863410
|-terastallize|p1a: Dreamwyvern|Dark
|move|p2a: Iron Jugulis|Dark Pulse|p1a: Dreamwyvern
|-resisted|p1a: Dreamwyvern
|-damage|p1a: Dreamwyvern|64/100 brn
|move|p1a: Dreamwyvern|Draco Meteor|p2a: Iron Jugulis
|-damage|p2a: Iron Jugulis|16/100
|-unboost|p1a: Dreamwyvern|spa|2
|
|-weather|SunnyDay|[upkeep]
|-damage|p1a: Dreamwyvern|58/100 brn|[from] brn
|upkeep
|turn|10
|inactive|MorelikeStanDarsh has 90 seconds left.
|inactive|Furiousjulian has 90 seconds left.
|
|t:|1743863426
|move|p2a: Iron Jugulis|Hurricane|p1a: Dreamwyvern
|-damage|p1a: Dreamwyvern|29/100 brn
|-start|p1a: Dreamwyvern|confusion
|-activate|p1a: Dreamwyvern|confusion
|move|p1a: Dreamwyvern|Aura Sphere|p2a: Iron Jugulis
|-damage|p2a: Iron Jugulis|0 fnt
|faint|p2a: Iron Jugulis
|-end|p2a: Iron Jugulis|Quark Drive|[silent]
|
|-weather|none
|-damage|p1a: Dreamwyvern|23/100 brn|[from] brn
|upkeep
|
|t:|1743863451
|switch|p2a: Samurott|Samurott-Hisui, M|11/100
|turn|11
|
|t:|1743863462
|switch|p1a: Justiceforwhales|Dondozo, F|100/100 slp
|-damage|p1a: Justiceforwhales|88/100 slp|[from] Spikes
|-damage|p1a: Justiceforwhales|76/100 slp|[from] Stealth Rock
|move|p2a: Samurott|Sucker Punch||[still]
|-fail|p2a: Samurott
|
|upkeep
|turn|12
|
|t:|1743863471
|move|p2a: Samurott|Ceaseless Edge|p1a: Justiceforwhales
|-damage|p1a: Justiceforwhales|55/100 slp
|-damage|p2a: Samurott|0 fnt|[from] item: Rocky Helmet|[of] p1a: Justiceforwhales
|faint|p2a: Samurott
|cant|p1a: Justiceforwhales|slp
|move|p1a: Justiceforwhales|Sleep Talk|p1a: Justiceforwhales
|move|p1a: Justiceforwhales|Rest||[from] move: Sleep Talk|[still]
|-fail|p1a: Justiceforwhales
|
|upkeep
|
|t:|1743863483
|switch|p2a: Raging Bolt|Raging Bolt|100/100
|-item|p2a: Raging Bolt|Air Balloon
|turn|13
|
|t:|1743863487
|move|p2a: Raging Bolt|Discharge|p1a: Justiceforwhales
|-supereffective|p1a: Justiceforwhales
|-damage|p1a: Justiceforwhales|0 fnt
|faint|p1a: Justiceforwhales
|
|upkeep
|
|t:|1743863492
|switch|p1a: Tom Scarling|Scyther, M|100/100
|turn|14
|inactive|Furiousjulian has 120 seconds left.
|inactive|MorelikeStanDarsh has 90 seconds left.
|
|t:|1743863512
|move|p1a: Tom Scarling|Defog|p2a: Raging Bolt
|-unboost|p2a: Raging Bolt|evasion|1
|-sideend|p1: Furiousjulian|Spikes|[from] move: Defog|[of] p1a: Tom Scarling
|-sideend|p1: Furiousjulian|Stealth Rock|[from] move: Defog|[of] p1a: Tom Scarling
|move|p2a: Raging Bolt|Discharge|p1a: Tom Scarling
|-supereffective|p1a: Tom Scarling
|-damage|p1a: Tom Scarling|0 fnt
|faint|p1a: Tom Scarling
|
|upkeep
|inactive|Furiousjulian has 120 seconds left.
|
|t:|1743863529
|switch|p1a: Dreamwyvern|Latios, M, shiny, tera:Dark|23/100 brn
|turn|15
|inactive|MorelikeStanDarsh has 90 seconds left.
|
|t:|1743863536
|move|p2a: Raging Bolt|Thunderclap|p1a: Dreamwyvern
|-damage|p1a: Dreamwyvern|0 fnt
|faint|p1a: Dreamwyvern
|
|upkeep
|
|t:|1743863540
|switch|p1a: Kanine|Arcanine-Hisui, M|100/100
|turn|16
|
|t:|1743863553
|-end|p2a: Raging Bolt|Protosynthesis|[silent]
|switch|p2a: Great Tusk|Great Tusk|100/100
|move|p1a: Kanine|Head Smash|p2a: Great Tusk
|-resisted|p2a: Great Tusk
|-damage|p2a: Great Tusk|81/100
|-damage|p1a: Kanine|84/100|[from] item: Rocky Helmet|[of] p2a: Great Tusk
|
|upkeep
|turn|17
|
|t:|1743863563
|switch|p1a: Aguilerus|Enamorus, F|100/100
|move|p2a: Great Tusk|Ice Spinner|p1a: Aguilerus
|-supereffective|p1a: Aguilerus
|-damage|p1a: Aguilerus|4/100
|
|upkeep
|turn|18
|inactive|MorelikeStanDarsh has 90 seconds left.
|
|t:|1743863597
|-end|p2a: Great Tusk|Protosynthesis|[silent]
|switch|p2a: Iron Moth|Iron Moth|100/100
|-enditem|p2a: Iron Moth|Booster Energy
|-activate|p2a: Iron Moth|ability: Quark Drive|[fromitem]
|-start|p2a: Iron Moth|quarkdrivespe
|move|p1a: Aguilerus|Earth Power|p2a: Iron Moth
|-supereffective|p2a: Iron Moth
|-damage|p2a: Iron Moth|0 fnt
|faint|p2a: Iron Moth
|-end|p2a: Iron Moth|Quark Drive|[silent]
|
|upkeep
|
|t:|1743863610
|switch|p2a: Raging Bolt|Raging Bolt|100/100
|-item|p2a: Raging Bolt|Air Balloon
|turn|19
|
|t:|1743863618
|switch|p1a: Kanine|Arcanine-Hisui, M|84/100
|move|p2a: Raging Bolt|Thunderclap||[still]
|-fail|p2a: Raging Bolt
|
|upkeep
|turn|20
|inactive|MorelikeStanDarsh has 90 seconds left.
|
|t:|1743863647
|switch|p1a: Aguilerus|Enamorus, F|4/100
|move|p2a: Raging Bolt|Discharge|p1a: Aguilerus
|-supereffective|p1a: Aguilerus
|-damage|p1a: Aguilerus|0 fnt
|faint|p1a: Aguilerus
|
|upkeep
|-message|Furiousjulian forfeited.
|
|win|MorelikeStanDarsh
|raw|Furiousjulian's rating: 1386 &rarr; <strong>1366</strong><br />(-20 for losing)
|raw|MorelikeStanDarsh's rating: 1389 &rarr; <strong>1409</strong><br />(+20 for winning)
|l|☆Furiousjulian
|player|p1|
|l|☆MorelikeStanDarsh
|player|p2|
