|j|☆Excadrillings
|j|☆Eliano030
|t:|1743878776
|gametype|singles
|player|p1|Excadrillings|burglar|1536
|player|p2|Eliano030|1|1585
|teamsize|p1|6
|teamsize|p2|6
|gen|9
|tier|[Gen 9] OU
|rated|
|rule|HP Percentage Mod: HP is shown in percentages
|rule|Endless Battle Clause: Forcing endless battles is banned
|rule|Species Clause: Limit one of each Pokémon
|rule|OHKO Clause: OHKO moves are banned
|rule|Evasion Items Clause: Evasion items are banned
|rule|Evasion Moves Clause: Evasion moves are banned
|rule|Sleep Moves Clause: Sleep-inducing moves are banned
|clearpoke
|poke|p1|Slither Wing|
|poke|p1|Landorus-Therian, M|
|poke|p1|Weezing-Galar, M|
|poke|p1|Heatran, F|
|poke|p1|Ogerpon-Wellspring, F|
|poke|p1|Dragonite, M|
|poke|p2|Meowscarada, F|
|poke|p2|Cinderace, F|
|poke|p2|Greninja-*, M|
|poke|p2|Garganacl, M|
|poke|p2|Bronzong|
|poke|p2|Donphan, L1, F|
|teampreview
|inactive|Battle timer is ON: inactive players will automatically lose when time's up. (requested by Eliano030)
|inactive|Eliano030 has 120 seconds left.
|
|t:|1743878841
|start
|switch|p1a: Speech Impediment|Slither Wing|100/100
|switch|p2a: Meow Meow|Meowscarada, F|100/100
|turn|1
|inactive|Excadrillings has 120 seconds left.
|
|t:|1743878874
|switch|p2a: Saltilter|Garganacl, M|100/100
|move|p1a: Speech Impediment|First Impression|p2a: Saltilter
|-damage|p2a: Saltilter|82/100
|
|-heal|p2a: Saltilter|88/100|[from] item: Leftovers
|upkeep
|turn|2
|
|t:|1743878880
|move|p1a: Speech Impediment|U-turn|p2a: Saltilter
|-damage|p2a: Saltilter|73/100
|
|t:|1743878881
|-end|p1a: Speech Impediment|Protosynthesis|[silent]
|switch|p1a: Dickens|Weezing-Galar, M|100/100|[from] U-turn
|-ability|p1a: Dickens|Neutralizing Gas
|move|p2a: Saltilter|Salt Cure|p1a: Dickens
|-damage|p1a: Dickens|92/100
|-start|p1a: Dickens|Salt Cure
|
|-heal|p2a: Saltilter|79/100|[from] item: Leftovers
|-damage|p1a: Dickens|80/100|[from] Salt Cure
|upkeep
|turn|3
|
|t:|1743878889
|-end|p1a: Dickens|ability: Neutralizing Gas
|switch|p1a: Arms Race|Heatran, F|100/100
|switch|p2a: Bronthong|Bronzong, shiny|100/100
|
|upkeep
|turn|4
|
|t:|1743878897
|move|p2a: Bronthong|Protect|p2a: Bronthong
|-singleturn|p2a: Bronthong|Protect
|move|p1a: Arms Race|Will-O-Wisp|p2a: Bronthong
|-activate|p2a: Bronthong|move: Protect
|
|upkeep
|turn|5
|
|t:|1743878902
|switch|p1a: LandoGyalRizzian|Landorus-Therian, M|100/100
|-ability|p1a: LandoGyalRizzian|Intimidate|boost
|-unboost|p2a: Bronthong|atk|1
|switch|p2a: Bugs Bunny|Cinderace, F|100/100
|
|upkeep
|turn|6
|c|☆Eliano030|ok man
|c|☆Eliano030|i see
|
|t:|1743878914
|move|p2a: Bugs Bunny|U-turn|p1a: LandoGyalRizzian
|-start|p2a: Bugs Bunny|typechange|Bug|[from] ability: Libero
|-resisted|p1a: LandoGyalRizzian
|-damage|p1a: LandoGyalRizzian|83/100
|-damage|p2a: Bugs Bunny|84/100|[from] item: Rocky Helmet|[of] p1a: LandoGyalRizzian
|
|t:|1743878919
|switch|p2a: Bronthong|Bronzong, shiny|100/100|[from] U-turn
|move|p1a: LandoGyalRizzian|Stealth Rock|p2a: Bronthong
|-sidestart|p2: Eliano030|move: Stealth Rock
|
|upkeep
|turn|7
|inactive|Excadrillings has 120 seconds left.
|
|t:|1743878950
|move|p1a: LandoGyalRizzian|U-turn|p2a: Bronthong
|-damage|p2a: Bronthong|80/100
|
|t:|1743878953
|switch|p1a: Arms Race|Heatran, F|100/100|[from] U-turn
|move|p2a: Bronthong|Future Sight|p1a: Arms Race
|-start|p2a: Bronthong|move: Future Sight
|
|-heal|p2a: Bronthong|87/100|[from] item: Leftovers
|upkeep
|turn|8
|
|t:|1743878978
|move|p1a: Arms Race|Will-O-Wisp|p2a: Bronthong
|-status|p2a: Bronthong|brn
|move|p2a: Bronthong|Body Press|p1a: Arms Race
|-supereffective|p1a: Arms Race
|-damage|p1a: Arms Race|83/100
|
|-heal|p1a: Arms Race|90/100|[from] item: Leftovers
|-heal|p2a: Bronthong|93/100 brn|[from] item: Leftovers
|-damage|p2a: Bronthong|87/100 brn|[from] brn
|upkeep
|turn|9
|
|t:|1743878988
|switch|p2a: Saltilter|Garganacl, M|79/100
|-damage|p2a: Saltilter|67/100|[from] Stealth Rock
|move|p1a: Arms Race|Magma Storm|p2a: Saltilter
|-resisted|p2a: Saltilter
|-damage|p2a: Saltilter|46/100
|-activate|p2a: Saltilter|move: Magma Storm|[of] p1a: Arms Race
|
|-end|p1a: Arms Race|move: Future Sight
|-resisted|p1a: Arms Race
|-damage|p1a: Arms Race|80/100
|-heal|p1a: Arms Race|86/100|[from] item: Leftovers
|-heal|p2a: Saltilter|52/100|[from] item: Leftovers
|-damage|p2a: Saltilter|39/100|[from] move: Magma Storm|[partiallytrapped]
|upkeep
|turn|10
|
|t:|1743878995
|move|p1a: Arms Race|Earth Power|p2a: Saltilter
|-supereffective|p2a: Saltilter
|-damage|p2a: Saltilter|0 fnt
|faint|p2a: Saltilter
|
|-heal|p1a: Arms Race|92/100|[from] item: Leftovers
|upkeep
|
|t:|1743878998
|switch|p2a: Mr Frogston|Greninja, M|100/100
|-damage|p2a: Mr Frogston|88/100|[from] Stealth Rock
|turn|11
|
|t:|1743879007
|switch|p1a: Speech Impediment|Slither Wing|100/100
|move|p2a: Mr Frogston|Dark Pulse|p1a: Speech Impediment
|-resisted|p1a: Speech Impediment
|-damage|p1a: Speech Impediment|83/100
|
|upkeep
|turn|12
|
|t:|1743879014
|switch|p2a: Bronthong|Bronzong, shiny|87/100 brn
|-damage|p2a: Bronthong|80/100 brn|[from] Stealth Rock
|move|p1a: Speech Impediment|U-turn|p2a: Bronthong
|-damage|p2a: Bronthong|50/100 brn
|
|t:|1743879018
|-end|p1a: Speech Impediment|Protosynthesis|[silent]
|switch|p1a: Arms Race|Heatran, F|92/100|[from] U-turn
|
|-heal|p1a: Arms Race|98/100|[from] item: Leftovers
|-heal|p2a: Bronthong|56/100 brn|[from] item: Leftovers
|-damage|p2a: Bronthong|50/100 brn|[from] brn
|upkeep
|turn|13
|
|t:|1743879021
|move|p1a: Arms Race|Magma Storm|p2a: Bronthong
|-supereffective|p2a: Bronthong
|-damage|p2a: Bronthong|0 fnt
|faint|p2a: Bronthong
|
|-heal|p1a: Arms Race|100/100|[from] item: Leftovers
|upkeep
|
|t:|1743879026
|switch|p2a: Mr Frogston|Greninja, M|88/100
|-damage|p2a: Mr Frogston|76/100|[from] Stealth Rock
|turn|14
|
|t:|1743879044
|move|p1a: Arms Race|Protect|p1a: Arms Race
|-singleturn|p1a: Arms Race|Protect
|move|p2a: Mr Frogston|Hydro Pump|p1a: Arms Race
|-activate|p1a: Arms Race|move: Protect
|
|upkeep
|turn|15
|
|t:|1743879046
|switch|p1a: Layer Cake|Ogerpon-Wellspring, F|100/100
|move|p2a: Mr Frogston|Dark Pulse|p1a: Layer Cake
|-damage|p1a: Layer Cake|55/100
|
|upkeep
|turn|16
|
|t:|1743879055
|switch|p2a: Meow Meow|Meowscarada, F|100/100
|-damage|p2a: Meow Meow|88/100|[from] Stealth Rock
|move|p1a: Layer Cake|Power Whip|p2a: Meow Meow
|-resisted|p2a: Meow Meow
|-damage|p2a: Meow Meow|37/100
|
|upkeep
|turn|17
|
|t:|1743879061
|switch|p1a: LandoGyalRizzian|Landorus-Therian, M|83/100
|-ability|p1a: LandoGyalRizzian|Intimidate|boost
|-unboost|p2a: Meow Meow|atk|1
|move|p2a: Meow Meow|Triple Axel|p1a: LandoGyalRizzian
|-start|p2a: Meow Meow|typechange|Ice|[from] ability: Protean
|-supereffective|p1a: LandoGyalRizzian
|-damage|p1a: LandoGyalRizzian|57/100
|-damage|p2a: Meow Meow|21/100|[from] item: Rocky Helmet|[of] p1a: LandoGyalRizzian
|-supereffective|p1a: LandoGyalRizzian
|-damage|p1a: LandoGyalRizzian|6/100
|-damage|p2a: Meow Meow|4/100|[from] item: Rocky Helmet|[of] p1a: LandoGyalRizzian
|-supereffective|p1a: LandoGyalRizzian
|-damage|p1a: LandoGyalRizzian|0 fnt
|-damage|p2a: Meow Meow|0 fnt|[from] item: Rocky Helmet|[of] p1a: LandoGyalRizzian
|faint|p1a: LandoGyalRizzian
|faint|p2a: Meow Meow
|-hitcount|p1: LandoGyalRizzian|3
|
|upkeep
|
|t:|1743879069
|switch|p2a: Bugs Bunny|Cinderace, F|84/100
|switch|p1a: Layer Cake|Ogerpon-Wellspring, F|55/100
|turn|18
|
|t:|1743879075
|-terastallize|p1a: Layer Cake|Water
|detailschange|p1a: Layer Cake|Ogerpon-Wellspring-Tera, F, tera:Water
|-ability|p1a: Layer Cake|Embody Aspect (Wellspring)|boost
|-boost|p1a: Layer Cake|spd|1
|move|p2a: Bugs Bunny|U-turn|p1a: Layer Cake
|-start|p2a: Bugs Bunny|typechange|Bug|[from] ability: Libero
|-damage|p1a: Layer Cake|8/100
|
|t:|1743879082
|switch|p2a: Mr Frogston|Greninja, M|76/100|[from] U-turn
|-damage|p2a: Mr Frogston|64/100|[from] Stealth Rock
|move|p1a: Layer Cake|Ivy Cudgel|p2a: Mr Frogston|[anim] Ivy Cudgel Water
|-resisted|p2a: Mr Frogston
|-damage|p2a: Mr Frogston|0 fnt
|faint|p2a: Mr Frogston
|
|upkeep
|
|t:|1743879084
|switch|p2a: Bugs Bunny|Cinderace, F|84/100
|turn|19
|
|t:|1743879092
|switch|p1a: Arms Race|Heatran, F|100/100
|move|p2a: Bugs Bunny|Pyro Ball|p1a: Arms Race
|-start|p1a: Arms Race|ability: Flash Fire
|
|upkeep
|turn|20
|
|t:|1743879100
|move|p2a: Bugs Bunny|High Jump Kick|p1a: Arms Race
|-start|p2a: Bugs Bunny|typechange|Fighting|[from] ability: Libero
|-supereffective|p1a: Arms Race
|-damage|p1a: Arms Race|0 fnt
|faint|p1a: Arms Race
|
|upkeep
|
|t:|1743879105
|switch|p1a: Dickens|Weezing-Galar, M|80/100
|-ability|p1a: Dickens|Neutralizing Gas
|turn|21
|c|☆Excadrillings|Gg
|
|t:|1743879121
|move|p2a: Bugs Bunny|Court Change|p2a: Bugs Bunny
|-swapsideconditions
|-activate|p2a: Bugs Bunny|move: Court Change
|move|p1a: Dickens|Strange Steam|p2a: Bugs Bunny
|-supereffective|p2a: Bugs Bunny
|-damage|p2a: Bugs Bunny|9/100
|
|upkeep
|turn|22
|
|t:|1743879127
|move|p2a: Bugs Bunny|Pyro Ball|p1a: Dickens
|-damage|p1a: Dickens|55/100
|move|p1a: Dickens|Strange Steam|p2a: Bugs Bunny
|-supereffective|p2a: Bugs Bunny
|-damage|p2a: Bugs Bunny|0 fnt
|faint|p2a: Bugs Bunny
|
|upkeep
|
|t:|1743879141
|switch|p2a: Goobatron|Donphan, L1, F|100/100
|turn|23
|
|t:|1743879147
|-terastallize|p2a: Goobatron|Steel
|move|p1a: Dickens|Strange Steam|p2a: Goobatron
|-resisted|p2a: Goobatron
|-damage|p2a: Goobatron|0 fnt
|faint|p2a: Goobatron
|
|win|Excadrillings
|raw|Excadrillings's rating: 1552 &rarr; <strong>1574</strong><br />(+22 for winning)
|raw|Eliano030's rating: 1585 &rarr; <strong>1563</strong><br />(-22 for losing)
|c|☆Eliano030|gg
|l|☆Eliano030
|player|p2|
|l|☆Excadrillings
|player|p1|
