|j|☆shabealuya
|j|☆town car
|t:|1743778644
|gametype|singles
|player|p1|shabealuya|preschoolerf|1567
|player|p2|town car|swimmerfjp-gen2|1471
|teamsize|p1|6
|teamsize|p2|6
|gen|9
|tier|[Gen 9] OU
|rated|
|rule|HP Percentage Mod: HP is shown in percentages
|rule|Endless Battle Clause: Forcing endless battles is banned
|rule|Species Clause: Limit one of each Pokémon
|rule|OHKO Clause: OHKO moves are banned
|rule|Evasion Items Clause: Evasion items are banned
|rule|Evasion Moves Clause: Evasion moves are banned
|rule|Sleep Moves Clause: Sleep-inducing moves are banned
|clearpoke
|poke|p1|Araquanid, M|
|poke|p1|Iron Valiant|
|poke|p1|Kingambit, F|
|poke|p1|Greninja-*, M|
|poke|p1|Landorus-Therian, M|
|poke|p1|Gholdengo|
|poke|p2|Ninetales-Alola, M|
|poke|p2|Avalugg, F|
|poke|p2|Regice|
|poke|p2|Cetitan, M|
|poke|p2|Ceruledge, F|
|poke|p2|Slowking, F|
|teampreview
|inactive|Battle timer is ON: inactive players will automatically lose when time's up. (requested by town car)
|j| You Foolish
|
|t:|1743778661
|start
|switch|p1a: Araquanid|Araquanid, M|100/100
|switch|p2a: Ninetales|Ninetales-Alola, M|100/100
|-weather|Snowscape|[from] ability: Snow Warning|[of] p2a: Ninetales
|turn|1
|
|t:|1743778668
|move|p2a: Ninetales|Aurora Veil|p2a: Ninetales
|-sidestart|p2: town car|move: Aurora Veil
|move|p1a: Araquanid|Sticky Web|p2a: Ninetales
|-sidestart|p2: town car|move: Sticky Web
|
|-weather|Snowscape|[upkeep]
|upkeep
|turn|2
|
|t:|1743778672
|move|p2a: Ninetales|Nasty Plot|p2a: Ninetales
|-boost|p2a: Ninetales|spa|2
|move|p1a: Araquanid|Liquidation|p2a: Ninetales
|-damage|p2a: Ninetales|72/100
|-unboost|p2a: Ninetales|def|1
|
|-weather|Snowscape|[upkeep]
|upkeep
|turn|3
|
|t:|1743778679
|move|p2a: Ninetales|Moonblast|p1a: Araquanid
|-damage|p1a: Araquanid|46/100
|-unboost|p1a: Araquanid|spa|1
|move|p1a: Araquanid|Mirror Coat|p2a: Ninetales
|-damage|p2a: Ninetales|0 fnt
|faint|p2a: Ninetales
|
|-weather|Snowscape|[upkeep]
|upkeep
|
|t:|1743778692
|switch|p2a: Avalugg|Avalugg, F|100/100
|-activate|p2a: Avalugg|move: Sticky Web
|-unboost|p2a: Avalugg|spe|1
|turn|4
|
|t:|1743778699
|switch|p1a: Gholdengo|Gholdengo|100/100
|-item|p1a: Gholdengo|Air Balloon
|move|p2a: Avalugg|Crunch|p1a: Gholdengo
|-supereffective|p1a: Gholdengo
|-damage|p1a: Gholdengo|60/100
|-unboost|p1a: Gholdengo|def|1
|-enditem|p1a: Gholdengo|Air Balloon
|
|-weather|Snowscape|[upkeep]
|upkeep
|turn|5
|
|t:|1743778711
|switch|p2a: Slowking|Slowking, F|100/100
|move|p1a: Gholdengo|Recover|p1a: Gholdengo
|-heal|p1a: Gholdengo|100/100
|
|-weather|Snowscape|[upkeep]
|-sideend|p2: town car|move: Aurora Veil
|upkeep
|turn|6
|
|t:|1743778724
|switch|p2a: Regice|Regice|100/100
|-activate|p2a: Regice|move: Sticky Web
|-unboost|p2a: Regice|spe|1
|move|p1a: Gholdengo|Nasty Plot|p1a: Gholdengo
|-boost|p1a: Gholdengo|spa|2
|
|-weather|Snowscape|[upkeep]
|upkeep
|turn|7
|
|t:|1743778736
|-terastallize|p2a: Regice|Water
|move|p1a: Gholdengo|Make It Rain|p2a: Regice
|-resisted|p2a: Regice
|-damage|p2a: Regice|72/100
|-unboost|p1a: Gholdengo|spa|1
|move|p2a: Regice|Substitute|p2a: Regice
|-start|p2a: Regice|Substitute
|-damage|p2a: Regice|47/100
|
|-weather|Snowscape|[upkeep]
|-heal|p2a: Regice|53/100|[from] ability: Ice Body
|-heal|p2a: Regice|59/100|[from] item: Leftovers
|upkeep
|turn|8
|
|t:|1743778748
|move|p1a: Gholdengo|Shadow Ball|p2a: Regice
|-end|p2a: Regice|Substitute
|move|p2a: Regice|Blizzard|p1a: Gholdengo
|-resisted|p1a: Gholdengo
|-damage|p1a: Gholdengo|75/100
|
|-weather|none
|-heal|p2a: Regice|65/100|[from] item: Leftovers
|upkeep
|turn|9
|
|t:|1743778757
|move|p1a: Gholdengo|Nasty Plot|p1a: Gholdengo
|-boost|p1a: Gholdengo|spa|2
|move|p2a: Regice|Blizzard|p1a: Gholdengo
|-resisted|p1a: Gholdengo
|-damage|p1a: Gholdengo|50/100
|-status|p1a: Gholdengo|frz
|
|-heal|p2a: Regice|71/100|[from] item: Leftovers
|upkeep
|turn|10
|
|t:|1743778768
|switch|p2a: Cetitan|Cetitan, M, shiny|100/100
|-activate|p2a: Cetitan|move: Sticky Web
|-unboost|p2a: Cetitan|spe|1
|cant|p1a: Gholdengo|frz
|
|upkeep
|turn|11
|
|t:|1743778776
|switch|p1a: Iron Valiant|Iron Valiant|100/100
|move|p2a: Cetitan|Ice Spinner|p1a: Iron Valiant
|-damage|p1a: Iron Valiant|46/100
|
|upkeep
|turn|12
|
|t:|1743778783
|move|p1a: Iron Valiant|Aura Sphere|p2a: Cetitan
|-supereffective|p2a: Cetitan
|-damage|p2a: Cetitan|0 fnt
|faint|p2a: Cetitan
|-damage|p1a: Iron Valiant|36/100|[from] item: Life Orb
|
|upkeep
|
|t:|1743778793
|switch|p2a: Regice|Regice, tera:Water|71/100
|-activate|p2a: Regice|move: Sticky Web
|-unboost|p2a: Regice|spe|1
|turn|13
|
|t:|1743778799
|-end|p1a: Iron Valiant|Quark Drive|[silent]
|switch|p1a: Gholdengo|Gholdengo|50/100 frz
|move|p2a: Regice|Blizzard|p1a: Gholdengo
|-resisted|p1a: Gholdengo
|-damage|p1a: Gholdengo|23/100 frz
|
|-heal|p2a: Regice|77/100|[from] item: Leftovers
|upkeep
|turn|14
|
|t:|1743778806
|cant|p1a: Gholdengo|frz
|move|p2a: Regice|Charge Beam|p1a: Gholdengo
|-damage|p1a: Gholdengo|7/100 frz
|
|-heal|p2a: Regice|83/100|[from] item: Leftovers
|upkeep
|turn|15
|
|t:|1743778811
|cant|p1a: Gholdengo|frz
|move|p2a: Regice|Charge Beam|p1a: Gholdengo
|-damage|p1a: Gholdengo|0 fnt
|faint|p1a: Gholdengo
|
|-heal|p2a: Regice|89/100|[from] item: Leftovers
|upkeep
|
|t:|1743778820
|switch|p1a: Kingambit|Kingambit, F|100/100
|-activate|p1a: Kingambit|ability: Supreme Overlord
|-start|p1a: Kingambit|fallen1|[silent]
|turn|16
|
|t:|1743778823
|move|p1a: Kingambit|Swords Dance|p1a: Kingambit
|-boost|p1a: Kingambit|atk|2
|move|p2a: Regice|Focus Blast|p1a: Kingambit
|-supereffective|p1a: Kingambit
|-damage|p1a: Kingambit|0 fnt
|faint|p1a: Kingambit
|-end|p1a: Kingambit|fallen1|[silent]
|
|-heal|p2a: Regice|95/100|[from] item: Leftovers
|upkeep
|
|t:|1743778827
|switch|p1a: Landorus|Landorus-Therian, M|100/100
|-ability|p1a: Landorus|Intimidate|boost
|-unboost|p2a: Regice|atk|1
|turn|17
|
|t:|1743778834
|-terastallize|p1a: Landorus|Water
|move|p1a: Landorus|Earthquake|p2a: Regice
|-damage|p2a: Regice|37/100
|move|p2a: Regice|Blizzard|p1a: Landorus
|-resisted|p1a: Landorus
|-damage|p1a: Landorus|71/100
|
|-heal|p2a: Regice|43/100|[from] item: Leftovers
|upkeep
|turn|18
|
|t:|1743778842
|switch|p2a: Slowking|Slowking, F|100/100
|move|p1a: Landorus|Earthquake|p2a: Slowking
|-damage|p2a: Slowking|56/100
|
|upkeep
|turn|19
|
|t:|1743778848
|move|p1a: Landorus|U-turn|p2a: Slowking
|-supereffective|p2a: Slowking
|-damage|p2a: Slowking|10/100
|
|t:|1743778853
|switch|p1a: Iron Valiant|Iron Valiant|36/100|[from] U-turn
|move|p2a: Slowking|Thunder Wave|p1a: Iron Valiant
|-status|p1a: Iron Valiant|par
|
|upkeep
|turn|20
|
|t:|1743778859
|switch|p2a: Regice|Regice, tera:Water|43/100
|-activate|p2a: Regice|move: Sticky Web
|-unboost|p2a: Regice|spe|1
|move|p1a: Iron Valiant|Moonblast|p2a: Regice
|-damage|p2a: Regice|13/100
|-damage|p1a: Iron Valiant|27/100 par|[from] item: Life Orb
|
|-heal|p2a: Regice|19/100|[from] item: Leftovers
|upkeep
|turn|21
|
|t:|1743778871
|move|p1a: Iron Valiant|Moonblast|p2a: Regice
|-damage|p2a: Regice|0 fnt
|faint|p2a: Regice
|-damage|p1a: Iron Valiant|17/100 par|[from] item: Life Orb
|
|upkeep
|
|t:|1743778876
|switch|p2a: Ceruledge|Ceruledge, F|100/100
|-item|p2a: Ceruledge|Air Balloon
|turn|22
|
|t:|1743778881
|move|p2a: Ceruledge|Bulk Up|p2a: Ceruledge
|-boost|p2a: Ceruledge|atk|1
|-boost|p2a: Ceruledge|def|1
|cant|p1a: Iron Valiant|par
|
|upkeep
|turn|23
|
|t:|1743778887
|move|p2a: Ceruledge|Bitter Blade|p1a: Iron Valiant
|-damage|p1a: Iron Valiant|0 fnt
|faint|p1a: Iron Valiant
|-end|p1a: Iron Valiant|Quark Drive|[silent]
|
|upkeep
|
|t:|1743778889
|switch|p1a: Landorus|Landorus-Therian, M, tera:Water|71/100
|-ability|p1a: Landorus|Intimidate|boost
|-unboost|p2a: Ceruledge|atk|1
|turn|24
|
|t:|1743778898
|switch|p2a: Avalugg|Avalugg, F|100/100
|-activate|p2a: Avalugg|move: Sticky Web
|-unboost|p2a: Avalugg|spe|1
|move|p1a: Landorus|Earthquake|p2a: Avalugg
|-damage|p2a: Avalugg|78/100
|
|-heal|p2a: Avalugg|84/100|[from] item: Leftovers
|upkeep
|turn|25
|
|t:|1743778908
|switch|p1a: Araquanid|Araquanid, M|46/100
|move|p2a: Avalugg|Iron Defense|p2a: Avalugg
|-boost|p2a: Avalugg|def|2
|
|-heal|p2a: Avalugg|90/100|[from] item: Leftovers
|upkeep
|turn|26
|
|t:|1743778914
|move|p1a: Araquanid|Endeavor|p2a: Avalugg
|-damage|p2a: Avalugg|39/100
|move|p2a: Avalugg|Rapid Spin|p1a: Araquanid
|-damage|p1a: Araquanid|31/100
|-boost|p2a: Avalugg|spe|1
|-sideend|p2: town car|Sticky Web|[from] move: Rapid Spin|[of] p2a: Avalugg
|
|-heal|p2a: Avalugg|45/100|[from] item: Leftovers
|upkeep
|turn|27
|
|t:|1743778922
|move|p1a: Araquanid|Sticky Web|p2a: Avalugg
|-sidestart|p2: town car|move: Sticky Web
|move|p2a: Avalugg|Body Press|p1a: Araquanid
|-resisted|p1a: Araquanid
|-damage|p1a: Araquanid|0 fnt
|faint|p1a: Araquanid
|
|-heal|p2a: Avalugg|52/100|[from] item: Leftovers
|upkeep
|
|t:|1743778926
|switch|p1a: Greninja|Greninja, M|100/100
|turn|28
|
|t:|1743778934
|switch|p2a: Slowking|Slowking, F|44/100
|move|p1a: Greninja|Surf|p2a: Slowking
|-resisted|p2a: Slowking
|-damage|p2a: Slowking|24/100
|-damage|p1a: Greninja|91/100|[from] item: Life Orb
|
|upkeep
|turn|29
|
|t:|1743778945
|move|p1a: Greninja|Dark Pulse|p2a: Slowking
|-supereffective|p2a: Slowking
|-damage|p2a: Slowking|0 fnt
|faint|p2a: Slowking
|-ability|p1a: Greninja|Battle Bond|boost
|-boost|p1a: Greninja|atk|1
|-boost|p1a: Greninja|spa|1
|-boost|p1a: Greninja|spe|1
|-activate|p1a: Greninja|ability: Battle Bond
|-damage|p1a: Greninja|81/100|[from] item: Life Orb
|
|upkeep
|
|t:|1743778955
|switch|p2a: Avalugg|Avalugg, F|52/100
|-activate|p2a: Avalugg|move: Sticky Web
|-unboost|p2a: Avalugg|spe|1
|turn|30
|
|t:|1743778959
|move|p1a: Greninja|Surf|p2a: Avalugg
|-damage|p2a: Avalugg|0 fnt
|faint|p2a: Avalugg
|-damage|p1a: Greninja|71/100|[from] item: Life Orb
|
|upkeep
|
|t:|1743778963
|switch|p2a: Ceruledge|Ceruledge, F|100/100
|-item|p2a: Ceruledge|Air Balloon
|turn|31
|
|t:|1743778967
|move|p2a: Ceruledge|Shadow Sneak|p1a: Greninja
|-resisted|p1a: Greninja
|-damage|p1a: Greninja|51/100
|move|p1a: Greninja|Surf|p2a: Ceruledge
|-supereffective|p2a: Ceruledge
|-damage|p2a: Ceruledge|0 fnt
|-enditem|p2a: Ceruledge|Air Balloon
|faint|p2a: Ceruledge
|-damage|p1a: Greninja|42/100|[from] item: Life Orb
|
|win|shabealuya
|raw|shabealuya's rating: 1567 &rarr; <strong>1582</strong><br />(+15 for winning)
|raw|town car's rating: 1471 &rarr; <strong>1456</strong><br />(-15 for losing)
|l|☆town car
|player|p2|
|l|☆shabealuya
|player|p1|
|l| You Foolish
