|j|☆Flawless37
|j|☆GintamaXXOO
|t:|1743865690
|gametype|singles
|player|p1|Flawless37|fisherman-gen4|1513
|player|p2|GintamaXXOO|265|1486
|teamsize|p1|6
|teamsize|p2|6
|gen|9
|tier|[Gen 9] OU
|rated|
|rule|HP Percentage Mod: HP is shown in percentages
|rule|Endless Battle Clause: Forcing endless battles is banned
|rule|Species Clause: Limit one of each Pokémon
|rule|OHKO Clause: OHKO moves are banned
|rule|Evasion Items Clause: Evasion items are banned
|rule|Evasion Moves Clause: Evasion moves are banned
|rule|Sleep Moves Clause: Sleep-inducing moves are banned
|clearpoke
|poke|p1|Slowking-Galar, F|
|poke|p1|Corviknight, M|
|poke|p1|Ogerpon, F|
|poke|p1|Zapdos|
|poke|p1|Primarina, F|
|poke|p1|Dragonite, M|
|poke|p2|Kyurem|
|poke|p2|Cinderace, F|
|poke|p2|Iron Valiant|
|poke|p2|Kingambit, F|
|poke|p2|Zapdos|
|poke|p2|Landorus-Therian, M|
|teampreview
|inactive|Battle timer is ON: inactive players will automatically lose when time's up. (requested by Flawless37)
|
|t:|1743865720
|start
|switch|p1a: Ogerpon|Ogerpon, F|100/100
|switch|p2a: Zapdos|Zapdos|100/100
|turn|1
|
|t:|1743865739
|switch|p1a: Slowking|Slowking-Galar, F|100/100
|move|p2a: Zapdos|Volt Switch|p1a: Slowking
|-damage|p1a: Slowking|82/100
|
|t:|1743865744
|switch|p2a: Landorus|Landorus-Therian, M|100/100|[from] Volt Switch
|-ability|p2a: Landorus|Intimidate|boost
|-unboost|p1a: Slowking|atk|1
|
|upkeep
|turn|2
|
|t:|1743865749
|switch|p1a: Corviknight|Corviknight, M|100/100
|-ability|p1a: Corviknight|Pressure
|move|p2a: Landorus|Stealth Rock|p1a: Corviknight
|-sidestart|p1: Flawless37|move: Stealth Rock
|
|upkeep
|turn|3
|
|t:|1743865751
|move|p2a: Landorus|Taunt|p1a: Corviknight
|-start|p1a: Corviknight|move: Taunt
|cant|p1a: Corviknight|move: Taunt|Defog
|
|upkeep
|turn|4
|
|t:|1743865760
|switch|p2a: Zapdos|Zapdos|100/100
|move|p1a: Corviknight|U-turn|p2a: Zapdos
|-resisted|p2a: Zapdos
|-damage|p2a: Zapdos|95/100
|
|t:|1743865774
|switch|p1a: Slowking|Slowking-Galar, F|100/100|[from] U-turn
|
|upkeep
|turn|5
|
|t:|1743865778
|move|p2a: Zapdos|Thunder Wave|p1a: Slowking
|-status|p1a: Slowking|par
|cant|p1a: Slowking|par
|
|upkeep
|turn|6
|
|t:|1743865783
|move|p2a: Zapdos|Volt Switch|p1a: Slowking
|-damage|p1a: Slowking|82/100 par
|
|t:|1743865788
|switch|p2a: Landorus|Landorus-Therian, M|100/100|[from] Volt Switch
|-ability|p2a: Landorus|Intimidate|boost
|-unboost|p1a: Slowking|atk|1
|move|p1a: Slowking|Future Sight|p2a: Landorus
|-start|p1a: Slowking|move: Future Sight
|
|upkeep
|turn|7
|
|t:|1743865805
|switch|p2a: Cinderace|Cinderace, F|100/100
|switch|p1a: Corviknight|Corviknight, M|100/100
|-damage|p1a: Corviknight|88/100|[from] Stealth Rock
|-ability|p1a: Corviknight|Pressure
|
|upkeep
|turn|8
|
|t:|1743865827
|switch|p1a: Zapdos|Zapdos|100/100
|move|p2a: Cinderace|Pyro Ball|p1a: Zapdos
|-damage|p1a: Zapdos|61/100
|
|-end|p2a: Cinderace|move: Future Sight
|-damage|p2a: Cinderace|40/100
|upkeep
|turn|9
|
|t:|1743865841
|switch|p2a: Landorus|Landorus-Therian, M|100/100
|-ability|p2a: Landorus|Intimidate|boost
|-unboost|p1a: Zapdos|atk|1
|move|p1a: Zapdos|Roost|p1a: Zapdos
|-heal|p1a: Zapdos|100/100
|-singleturn|p1a: Zapdos|move: Roost
|
|upkeep
|turn|10
|
|t:|1743865860
|switch|p2a: Zapdos|Zapdos|95/100
|move|p1a: Zapdos|Hurricane|p2a: Zapdos|[miss]
|-miss|p1a: Zapdos|p2a: Zapdos
|
|upkeep
|turn|11
|
|t:|1743865872
|move|p1a: Zapdos|Volt Switch|p2a: Zapdos
|-damage|p2a: Zapdos|64/100
|
|t:|1743865875
|switch|p1a: Slowking|Slowking-Galar, F|100/100 par|[from] Volt Switch
|move|p2a: Zapdos|Volt Switch|p1a: Slowking
|-damage|p1a: Slowking|83/100 par
|
|t:|1743865884
|switch|p2a: Kingambit|Kingambit, F|100/100|[from] Volt Switch
|
|upkeep
|turn|12
|
|t:|1743865909
|switch|p1a: Corviknight|Corviknight, M|88/100
|-damage|p1a: Corviknight|76/100|[from] Stealth Rock
|-ability|p1a: Corviknight|Pressure
|move|p2a: Kingambit|Kowtow Cleave|p1a: Corviknight
|-damage|p1a: Corviknight|46/100
|-damage|p2a: Kingambit|84/100|[from] item: Rocky Helmet|[of] p1a: Corviknight
|
|-heal|p2a: Kingambit|90/100|[from] item: Leftovers
|upkeep
|turn|13
|
|t:|1743865925
|-end|p2a: Kingambit|fallenundefined|[silent]
|switch|p2a: Cinderace|Cinderace, F|40/100
|move|p1a: Corviknight|Defog|p2a: Cinderace
|-unboost|p2a: Cinderace|evasion|1
|-sideend|p1: Flawless37|Stealth Rock|[from] move: Defog|[of] p1a: Corviknight
|
|upkeep
|turn|14
|
|t:|1743865933
|switch|p1a: Zapdos|Zapdos|100/100
|move|p2a: Cinderace|Pyro Ball|p1a: Zapdos|[miss]
|-miss|p2a: Cinderace|p1a: Zapdos
|
|upkeep
|turn|15
|
|t:|1743865945
|switch|p2a: Landorus|Landorus-Therian, M|100/100
|-ability|p2a: Landorus|Intimidate|boost
|-unboost|p1a: Zapdos|atk|1
|switch|p1a: Ogerpon|Ogerpon, F|100/100
|
|upkeep
|turn|16
|
|t:|1743865961
|-terastallize|p1a: Ogerpon|Grass
|detailschange|p1a: Ogerpon|Ogerpon-Teal-Tera, F, tera:Grass
|-ability|p1a: Ogerpon|Embody Aspect (Teal)|boost
|-boost|p1a: Ogerpon|spe|1
|move|p1a: Ogerpon|Ivy Cudgel|p2a: Landorus
|-damage|p2a: Landorus|0 fnt
|faint|p2a: Landorus
|
|upkeep
|
|t:|1743865970
|switch|p2a: Zapdos|Zapdos|64/100
|turn|17
|
|t:|1743865983
|switch|p1a: Slowking|Slowking-Galar, F|100/100 par
|move|p2a: Zapdos|Volt Switch|p1a: Slowking
|-damage|p1a: Slowking|82/100 par
|
|t:|1743865990
|switch|p2a: Kyurem|Kyurem|100/100|[from] Volt Switch
|-ability|p2a: Kyurem|Pressure
|
|upkeep
|turn|18
|
|t:|1743866000
|move|p2a: Kyurem|Dragon Dance|p2a: Kyurem
|-boost|p2a: Kyurem|atk|1
|-boost|p2a: Kyurem|spe|1
|move|p1a: Slowking|Thunder Wave|p2a: Kyurem
|-status|p2a: Kyurem|par
|
|upkeep
|turn|19
|
|t:|1743866007
|switch|p1a: Corviknight|Corviknight, M|46/100
|-ability|p1a: Corviknight|Pressure
|move|p2a: Kyurem|Earth Power|p1a: Corviknight
|-immune|p1a: Corviknight
|
|upkeep
|turn|20
|
|t:|1743866010
|move|p2a: Kyurem|Ice Beam|p1a: Corviknight
|-damage|p1a: Corviknight|0 fnt
|faint|p1a: Corviknight
|
|upkeep
|
|t:|1743866020
|switch|p1a: Ogerpon|Ogerpon-Teal-Tera, F, tera:Grass|100/100
|-ability|p1a: Ogerpon|Embody Aspect (Teal)|boost
|-boost|p1a: Ogerpon|spe|1
|turn|21
|
|t:|1743866023
|move|p1a: Ogerpon|Superpower|p2a: Kyurem
|-supereffective|p2a: Kyurem
|-damage|p2a: Kyurem|0 fnt
|-unboost|p1a: Ogerpon|atk|1
|-unboost|p1a: Ogerpon|def|1
|faint|p2a: Kyurem
|
|upkeep
|
|t:|1743866039
|switch|p2a: Iron Valiant|Iron Valiant|100/100
|-enditem|p2a: Iron Valiant|Booster Energy
|-activate|p2a: Iron Valiant|ability: Quark Drive|[fromitem]
|-start|p2a: Iron Valiant|quarkdrivespe
|turn|22
|
|t:|1743866052
|switch|p1a: Slowking|Slowking-Galar, F|100/100 par
|move|p2a: Iron Valiant|Knock Off|p1a: Slowking
|-supereffective|p1a: Slowking
|-damage|p1a: Slowking|45/100 par
|-enditem|p1a: Slowking|Heavy-Duty Boots|[from] move: Knock Off|[of] p2a: Iron Valiant
|
|upkeep
|turn|23
|
|t:|1743866061
|move|p2a: Iron Valiant|Knock Off|p1a: Slowking
|-supereffective|p1a: Slowking
|-damage|p1a: Slowking|8/100 par
|cant|p1a: Slowking|par
|
|upkeep
|turn|24
|
|t:|1743866066
|switch|p1a: Zapdos|Zapdos|100/100
|move|p2a: Iron Valiant|Knock Off|p1a: Zapdos
|-damage|p1a: Zapdos|80/100
|-enditem|p1a: Zapdos|Heavy-Duty Boots|[from] move: Knock Off|[of] p2a: Iron Valiant
|
|upkeep
|turn|25
|
|t:|1743866084
|-terastallize|p2a: Iron Valiant|Steel
|move|p2a: Iron Valiant|Moonblast|p1a: Zapdos
|-damage|p1a: Zapdos|31/100
|move|p1a: Zapdos|Volt Switch|p2a: Iron Valiant
|-damage|p2a: Iron Valiant|44/100
|inactive|Flawless37 has 120 seconds left.
|l|☆GintamaXXOO
|inactive|GintamaXXOO disconnected and has a minute to reconnect!
|player|p2|
|inactive|Flawless37 has 90 seconds left.
|
|t:|1743866139
|switch|p1a: Primarina|Primarina, F|100/100|[from] Volt Switch
|
|upkeep
|turn|26
|j|☆GintamaXXOO
|inactive|GintamaXXOO reconnected and has 150 seconds left.
|player|p2|GintamaXXOO|265|
|
|t:|1743866146
|-end|p2a: Iron Valiant|Quark Drive|[silent]
|switch|p2a: Zapdos|Zapdos|64/100
|move|p1a: Primarina|Surf|p2a: Zapdos
|-damage|p2a: Zapdos|13/100
|
|upkeep
|turn|27
|
|t:|1743866154
|move|p2a: Zapdos|Roost|p2a: Zapdos
|-heal|p2a: Zapdos|63/100
|-singleturn|p2a: Zapdos|move: Roost
|move|p1a: Primarina|Surf|p2a: Zapdos
|-damage|p2a: Zapdos|12/100
|
|upkeep
|turn|28
|
|t:|1743866163
|move|p2a: Zapdos|Volt Switch|p1a: Primarina
|-supereffective|p1a: Primarina
|-damage|p1a: Primarina|49/100
|
|t:|1743866168
|switch|p2a: Iron Valiant|Iron Valiant, tera:Steel|44/100|[from] Volt Switch
|move|p1a: Primarina|Surf|p2a: Iron Valiant
|-damage|p2a: Iron Valiant|0 fnt
|faint|p2a: Iron Valiant
|-end|p2a: Iron Valiant|Quark Drive|[silent]
|
|-heal|p1a: Primarina|56/100|[from] item: Leftovers
|upkeep
|
|t:|1743866170
|switch|p2a: Zapdos|Zapdos|12/100
|turn|29
|inactive|Flawless37 has 120 seconds left.
|
|t:|1743866181
|switch|p1a: Slowking|Slowking-Galar, F|41/100 par
|move|p2a: Zapdos|Volt Switch|p1a: Slowking
|-damage|p1a: Slowking|25/100 par
|
|t:|1743866189
|switch|p2a: Cinderace|Cinderace, F|40/100|[from] Volt Switch
|
|upkeep
|turn|30
|inactive|Flawless37 has 120 seconds left.
|
|t:|1743866226
|move|p2a: Cinderace|Pyro Ball|p1a: Slowking
|-damage|p1a: Slowking|0 fnt
|faint|p1a: Slowking
|
|upkeep
|
|t:|1743866232
|switch|p1a: Ogerpon|Ogerpon-Teal-Tera, F, tera:Grass|100/100
|-ability|p1a: Ogerpon|Embody Aspect (Teal)|boost
|-boost|p1a: Ogerpon|spe|1
|turn|31
|
|t:|1743866240
|switch|p2a: Zapdos|Zapdos|12/100
|move|p1a: Ogerpon|Ivy Cudgel|p2a: Zapdos
|-resisted|p2a: Zapdos
|-damage|p2a: Zapdos|0 fnt
|faint|p2a: Zapdos
|
|upkeep
|
|t:|1743866248
|switch|p2a: Kingambit|Kingambit, F|90/100
|-activate|p2a: Kingambit|ability: Supreme Overlord
|-start|p2a: Kingambit|fallen4|[silent]
|turn|32
|
|t:|1743866262
|switch|p1a: Zapdos|Zapdos|31/100
|move|p2a: Kingambit|Swords Dance|p2a: Kingambit
|-boost|p2a: Kingambit|atk|2
|
|-heal|p2a: Kingambit|96/100|[from] item: Leftovers
|upkeep
|turn|33
|
|t:|1743866269
|move|p2a: Kingambit|Sucker Punch|p1a: Zapdos
|-damage|p1a: Zapdos|0 fnt
|faint|p1a: Zapdos
|
|-heal|p2a: Kingambit|100/100|[from] item: Leftovers
|upkeep
|
|t:|1743866287
|switch|p1a: Dragonite|Dragonite, M|100/100
|turn|34
|
|t:|1743866295
|move|p1a: Dragonite|Earthquake|p2a: Kingambit
|-supereffective|p2a: Kingambit
|-damage|p2a: Kingambit|47/100
|move|p2a: Kingambit|Iron Head|p1a: Dragonite
|-crit|p1a: Dragonite
|-damage|p1a: Dragonite|0 fnt
|faint|p1a: Dragonite
|
|-heal|p2a: Kingambit|54/100|[from] item: Leftovers
|upkeep
|inactive|Flawless37 has 90 seconds left.
|c|☆Flawless37|Unlucky
|
|t:|1743866336
|switch|p1a: Ogerpon|Ogerpon-Teal-Tera, F, tera:Grass|100/100
|-ability|p1a: Ogerpon|Embody Aspect (Teal)|boost
|-boost|p1a: Ogerpon|spe|1
|turn|35
|
|t:|1743866348
|move|p2a: Kingambit|Sucker Punch|p1a: Ogerpon
|-damage|p1a: Ogerpon|0 fnt
|faint|p1a: Ogerpon
|
|-heal|p2a: Kingambit|60/100|[from] item: Leftovers
|upkeep
|-message|Flawless37 forfeited.
|
|win|GintamaXXOO
|raw|Flawless37's rating: 1513 &rarr; <strong>1491</strong><br />(-22 for losing)
|raw|GintamaXXOO's rating: 1486 &rarr; <strong>1508</strong><br />(+22 for winning)
|l|☆GintamaXXOO
|player|p2|
