|j|☆toa_of_tendenseiz
|j|☆mellymelmel
|t:|1743820009
|gametype|singles
|player|p1|toa_of_tendenseiz|brawly|1191
|player|p2|mellymelmel|waiter-gen4dp|1166
|teamsize|p1|6
|teamsize|p2|6
|gen|9
|tier|[Gen 9] OU
|rated|
|rule|HP Percentage Mod: HP is shown in percentages
|rule|Endless Battle Clause: Forcing endless battles is banned
|rule|Species Clause: Limit one of each Pokémon
|rule|OHKO Clause: OHKO moves are banned
|rule|Evasion Items Clause: Evasion items are banned
|rule|Evasion Moves Clause: Evasion moves are banned
|rule|Sleep Moves Clause: Sleep-inducing moves are banned
|clearpoke
|poke|p1|Moltres|
|poke|p1|Scizor, M|
|poke|p1|Kyurem|
|poke|p1|Glimmora, F|
|poke|p1|Araquanid, F|
|poke|p1|Rillaboom, M|
|poke|p2|Ribombee, M|
|poke|p2|Dugtrio, F|
|poke|p2|Zamazenta-*|
|poke|p2|Gholdengo|
|poke|p2|Landorus-Therian, M|
|poke|p2|Gliscor, M|
|teampreview
|inactive|Battle timer is ON: inactive players will automatically lose when time's up. (requested by mellymelmel)
|
|t:|1743820023
|start
|switch|p1a: One Punch Man|Scizor, M|100/100
|switch|p2a: Ribombee|Ribombee, M|100/100
|turn|1
|inactive|mellymelmel has 120 seconds left.
|
|t:|1743820059
|move|p2a: Ribombee|Sticky Web|p1a: One Punch Man
|-sidestart|p1: toa_of_tendenseiz|move: Sticky Web
|move|p1a: One Punch Man|Dual Wingbeat|p2a: Ribombee
|-supereffective|p2a: Ribombee
|-enditem|p2a: Ribombee|Focus Sash
|-damage|p2a: Ribombee|1/100
|-supereffective|p2a: Ribombee
|-damage|p2a: Ribombee|0 fnt
|faint|p2a: Ribombee
|-hitcount|p2: Ribombee|2
|
|upkeep
|
|t:|1743820063
|switch|p2a: Landorus|Landorus-Therian, M|100/100
|-ability|p2a: Landorus|Intimidate|boost
|-unboost|p1a: One Punch Man|atk|1
|turn|2
|
|t:|1743820077
|switch|p1a: Monkey Business|Rillaboom, M, shiny|100/100
|-activate|p1a: Monkey Business|move: Sticky Web
|-unboost|p1a: Monkey Business|spe|1
|-fieldstart|move: Grassy Terrain|[from] ability: Grassy Surge|[of] p1a: Monkey Business
|move|p2a: Landorus|Stone Edge|p1a: Monkey Business
|-damage|p1a: Monkey Business|62/100
|
|-heal|p1a: Monkey Business|68/100|[from] Grassy Terrain
|upkeep
|turn|3
|
|t:|1743820091
|move|p2a: Landorus|U-turn|p1a: Monkey Business
|-supereffective|p1a: Monkey Business
|-damage|p1a: Monkey Business|14/100
|
|t:|1743820103
|switch|p2a: Gliscor|Gliscor, M|100/100|[from] U-turn
|move|p1a: Monkey Business|Knock Off|p2a: Gliscor
|-damage|p2a: Gliscor|73/100
|-enditem|p2a: Gliscor|Toxic Orb|[from] move: Knock Off|[of] p1a: Monkey Business
|
|-heal|p1a: Monkey Business|20/100|[from] Grassy Terrain
|upkeep
|turn|4
|
|t:|1743820114
|move|p1a: Monkey Business|Grassy Glide|p2a: Gliscor
|-damage|p2a: Gliscor|42/100
|move|p2a: Gliscor|Earthquake|p1a: Monkey Business
|-resisted|p1a: Monkey Business
|-damage|p1a: Monkey Business|12/100
|
|-heal|p1a: Monkey Business|18/100|[from] Grassy Terrain
|upkeep
|turn|5
|
|t:|1743820125
|move|p1a: Monkey Business|Grassy Glide|p2a: Gliscor
|-damage|p2a: Gliscor|9/100
|move|p2a: Gliscor|Toxic|p1a: Monkey Business
|-status|p1a: Monkey Business|tox
|
|-heal|p1a: Monkey Business|24/100 tox|[from] Grassy Terrain
|-damage|p1a: Monkey Business|18/100 tox|[from] psn
|upkeep
|turn|6
|
|t:|1743820137
|move|p2a: Gliscor|Protect|p2a: Gliscor
|-singleturn|p2a: Gliscor|Protect
|move|p1a: Monkey Business|Grassy Glide|p2a: Gliscor
|-activate|p2a: Gliscor|move: Protect
|
|-heal|p1a: Monkey Business|24/100 tox|[from] Grassy Terrain
|-damage|p1a: Monkey Business|12/100 tox|[from] psn
|-fieldend|move: Grassy Terrain
|upkeep
|turn|7
|
|t:|1743820159
|move|p2a: Gliscor|Spikes|p1a: Monkey Business
|-sidestart|p1: toa_of_tendenseiz|Spikes
|move|p1a: Monkey Business|Knock Off|p2a: Gliscor
|-damage|p2a: Gliscor|0 fnt
|faint|p2a: Gliscor
|
|-damage|p1a: Monkey Business|0 fnt|[from] psn
|faint|p1a: Monkey Business
|upkeep
|
|t:|1743820173
|switch|p2a: Landorus|Landorus-Therian, M|100/100
|switch|p1a: Phosphophyllite|Glimmora, F, shiny|100/100
|-ability|p2a: Landorus|Intimidate|boost
|-unboost|p1a: Phosphophyllite|atk|1
|-item|p1a: Phosphophyllite|Air Balloon
|turn|8
|inactive|mellymelmel has 120 seconds left.
|
|t:|1743820200
|move|p2a: Landorus|Earthquake|p1a: Phosphophyllite
|-immune|p1a: Phosphophyllite
|move|p1a: Phosphophyllite|Mortal Spin|p2a: Landorus
|-resisted|p2a: Landorus
|-damage|p2a: Landorus|98/100
|-status|p2a: Landorus|psn
|-sideend|p1: toa_of_tendenseiz|Spikes|[from] move: Mortal Spin|[of] p1a: Phosphophyllite
|-sideend|p1: toa_of_tendenseiz|Sticky Web|[from] move: Mortal Spin|[of] p1a: Phosphophyllite
|
|-damage|p2a: Landorus|86/100 psn|[from] psn
|upkeep
|turn|9
|
|t:|1743820213
|move|p2a: Landorus|Stone Edge|p1a: Phosphophyllite
|-damage|p1a: Phosphophyllite|52/100
|-activate|p1a: Phosphophyllite|ability: Toxic Debris
|-sidestart|p2: mellymelmel|move: Toxic Spikes
|-enditem|p1a: Phosphophyllite|Air Balloon
|move|p1a: Phosphophyllite|Power Gem|p2a: Landorus
|-damage|p2a: Landorus|35/100 psn
|
|-damage|p2a: Landorus|23/100 psn|[from] psn
|upkeep
|turn|10
|
|t:|1743820223
|move|p2a: Landorus|Earthquake|p1a: Phosphophyllite
|-supereffective|p1a: Phosphophyllite
|-damage|p1a: Phosphophyllite|0 fnt
|-activate|p1a: Phosphophyllite|ability: Toxic Debris
|-sidestart|p2: mellymelmel|move: Toxic Spikes
|faint|p1a: Phosphophyllite
|
|-damage|p2a: Landorus|10/100 psn|[from] psn
|upkeep
|
|t:|1743820235
|switch|p1a: One Punch Man|Scizor, M|100/100
|turn|11
|
|t:|1743820254
|move|p2a: Landorus|Earthquake|p1a: One Punch Man
|-damage|p1a: One Punch Man|26/100
|move|p1a: One Punch Man|U-turn|p2a: Landorus
|-resisted|p2a: Landorus
|-damage|p2a: Landorus|0 fnt
|faint|p2a: Landorus
|
|t:|1743820262
|switch|p1a: Ara Ara|Araquanid, F, shiny|100/100|[from] U-turn
|
|upkeep
|
|t:|1743820266
|switch|p2a: Gholdengo|Gholdengo|100/100
|-item|p2a: Gholdengo|Air Balloon
|turn|12
|
|t:|1743820272
|move|p2a: Gholdengo|Nasty Plot|p2a: Gholdengo
|-boost|p2a: Gholdengo|spa|2
|move|p1a: Ara Ara|Surf|p2a: Gholdengo
|-damage|p2a: Gholdengo|37/100
|-enditem|p2a: Gholdengo|Air Balloon
|
|upkeep
|turn|13
|
|t:|1743820282
|move|p2a: Gholdengo|Shadow Ball|p1a: Ara Ara
|-damage|p1a: Ara Ara|30/100
|move|p1a: Ara Ara|Surf|p2a: Gholdengo
|-damage|p2a: Gholdengo|0 fnt
|faint|p2a: Gholdengo
|
|upkeep
|
|t:|1743820285
|switch|p2a: Dugtrio|Dugtrio, F|100/100
|-status|p2a: Dugtrio|tox
|turn|14
|
|t:|1743820295
|move|p2a: Dugtrio|Stone Edge|p1a: Ara Ara
|-supereffective|p1a: Ara Ara
|-damage|p1a: Ara Ara|0 fnt
|faint|p1a: Ara Ara
|
|-damage|p2a: Dugtrio|94/100 tox|[from] psn
|upkeep
|
|t:|1743820302
|switch|p1a: One Punch Man|Scizor, M|26/100
|turn|15
|
|t:|1743820307
|move|p1a: One Punch Man|Bullet Punch|p2a: Dugtrio
|-damage|p2a: Dugtrio|0 fnt
|faint|p2a: Dugtrio
|
|upkeep
|
|t:|1743820309
|switch|p2a: Zamazenta|Zamazenta|100/100
|-status|p2a: Zamazenta|tox
|-ability|p2a: Zamazenta|Dauntless Shield|boost
|-boost|p2a: Zamazenta|def|1
|turn|16
|
|t:|1743820319
|switch|p1a: Takanashi Kiara|Moltres|100/100
|move|p2a: Zamazenta|Close Combat|p1a: Takanashi Kiara
|-resisted|p1a: Takanashi Kiara
|-damage|p1a: Takanashi Kiara|68/100
|-unboost|p2a: Zamazenta|def|1
|-unboost|p2a: Zamazenta|spd|1
|
|-damage|p2a: Zamazenta|94/100 tox|[from] psn
|upkeep
|turn|17
|-message|mellymelmel forfeited.
|
|win|toa_of_tendenseiz
|raw|toa_of_tendenseiz's rating: 1191 &rarr; <strong>1214</strong><br />(+23 for winning)
|raw|mellymelmel's rating: 1166 &rarr; <strong>1143</strong><br />(-23 for losing)
|l|☆mellymelmel
|player|p2|
|l|☆toa_of_tendenseiz
|player|p1|
