|j|☆iamfrhaan007
|j|☆El Cucuy 2025
|t:|1743862994
|gametype|singles
|player|p1|iamfrhaan007|blue|1505
|player|p2|El Cucuy 2025|265|1483
|teamsize|p1|6
|teamsize|p2|6
|gen|9
|tier|[Gen 9] OU
|rated|
|rule|HP Percentage Mod: HP is shown in percentages
|rule|Endless Battle Clause: Forcing endless battles is banned
|rule|Species Clause: Limit one of each Pokémon
|rule|OHKO Clause: OHKO moves are banned
|rule|Evasion Items Clause: Evasion items are banned
|rule|Evasion Moves Clause: Evasion moves are banned
|rule|Sleep Moves Clause: Sleep-inducing moves are banned
|clearpoke
|poke|p1|Corviknight, M|
|poke|p1|Alomomola, F|
|poke|p1|Zamazenta-*|
|poke|p1|Meowscarada, F|
|poke|p1|Landorus-Therian, M|
|poke|p1|Keldeo-Resolute|
|poke|p2|Grimmsnarl, M|
|poke|p2|Dragonite, M|
|poke|p2|Gholdengo|
|poke|p2|Great Tusk|
|poke|p2|Iron Moth|
|poke|p2|Manaphy|
|teampreview
|inactive|Battle timer is ON: inactive players will automatically lose when time's up. (requested by iamfrhaan007)
|inactive|El Cucuy 2025 has 120 seconds left.
|
|t:|1743863035
|start
|switch|p1a: Meowscarada|Meowscarada, F|100/100
|switch|p2a: Iron Moth|Iron Moth|100/100
|-enditem|p2a: Iron Moth|Booster Energy
|-activate|p2a: Iron Moth|ability: Quark Drive|[fromitem]
|-start|p2a: Iron Moth|quarkdrivespe
|turn|1
|
|t:|1743863043
|switch|p1a: Alomomola|Alomomola, F|100/100
|move|p2a: Iron Moth|Substitute|p2a: Iron Moth
|-start|p2a: Iron Moth|Substitute
|-damage|p2a: Iron Moth|76/100
|
|upkeep
|turn|2
|inactive|El Cucuy 2025 has 120 seconds left.
|
|t:|1743863099
|move|p2a: Iron Moth|Energy Ball|p1a: Alomomola
|-supereffective|p1a: Alomomola
|-damage|p1a: Alomomola|69/100
|move|p1a: Alomomola|Scald|p2a: Iron Moth
|-supereffective|p2a: Iron Moth
|-end|p2a: Iron Moth|Substitute
|
|upkeep
|turn|3
|
|t:|1743863117
|move|p2a: Iron Moth|Substitute|p2a: Iron Moth
|-start|p2a: Iron Moth|Substitute
|-damage|p2a: Iron Moth|51/100
|move|p1a: Alomomola|Flip Turn|p2a: Iron Moth
|-supereffective|p2a: Iron Moth
|-end|p2a: Iron Moth|Substitute
|
|t:|1743863124
|switch|p1a: Keldeo|Keldeo-Resolute|100/100|[from] Flip Turn
|
|upkeep
|turn|4
|
|t:|1743863137
|-terastallize|p2a: Iron Moth|Grass
|move|p2a: Iron Moth|Energy Ball|p1a: Keldeo
|-supereffective|p1a: Keldeo
|-damage|p1a: Keldeo|3/100
|move|p1a: Keldeo|Surf|p2a: Iron Moth
|-resisted|p2a: Iron Moth
|-damage|p2a: Iron Moth|28/100
|
|upkeep
|turn|5
|
|t:|1743863147
|move|p1a: Keldeo|Vacuum Wave|p2a: Iron Moth
|-damage|p2a: Iron Moth|5/100
|move|p2a: Iron Moth|Fiery Dance|p1a: Keldeo
|-resisted|p1a: Keldeo
|-damage|p1a: Keldeo|0 fnt
|-boost|p2a: Iron Moth|spa|1
|faint|p1a: Keldeo
|
|upkeep
|
|t:|1743863156
|switch|p1a: Alomomola|Alomomola, F|100/100
|turn|6
|
|t:|1743863159
|move|p2a: Iron Moth|Energy Ball|p1a: Alomomola
|-supereffective|p1a: Alomomola
|-damage|p1a: Alomomola|24/100
|move|p1a: Alomomola|Flip Turn|p2a: Iron Moth
|-resisted|p2a: Iron Moth
|-crit|p2a: Iron Moth
|-damage|p2a: Iron Moth|0 fnt
|faint|p2a: Iron Moth
|-end|p2a: Iron Moth|Quark Drive|[silent]
|
|t:|1743863168
|switch|p1a: Meowscarada|Meowscarada, F|100/100|[from] Flip Turn
|
|upkeep
|inactive|El Cucuy 2025 has 120 seconds left.
|
|t:|1743863181
|switch|p2a: Dragonite|Dragonite, M|100/100
|turn|7
|inactive|El Cucuy 2025 has 120 seconds left.
|
|t:|1743863205
|switch|p2a: Manaphy|Manaphy|100/100
|move|p1a: Meowscarada|Triple Axel|p2a: Manaphy
|-start|p1a: Meowscarada|typechange|Ice|[from] ability: Protean
|-resisted|p2a: Manaphy
|-damage|p2a: Manaphy|96/100
|-resisted|p2a: Manaphy
|-damage|p2a: Manaphy|88/100
|-resisted|p2a: Manaphy
|-damage|p2a: Manaphy|75/100
|-hitcount|p2a: Manaphy|3
|
|upkeep
|turn|8
|
|t:|1743863218
|move|p1a: Meowscarada|Flower Trick|p2a: Manaphy
|-supereffective|p2a: Manaphy
|-crit|p2a: Manaphy
|-damage|p2a: Manaphy|19/100
|move|p2a: Manaphy|Knock Off|p1a: Meowscarada
|-damage|p1a: Meowscarada|70/100
|-enditem|p1a: Meowscarada|Heavy-Duty Boots|[from] move: Knock Off|[of] p2a: Manaphy
|
|upkeep
|turn|9
|inactive|El Cucuy 2025 has 120 seconds left.
|
|t:|1743863231
|switch|p2a: Grimmsnarl|Grimmsnarl, M|100/100
|move|p1a: Meowscarada|Flower Trick|p2a: Grimmsnarl
|-crit|p2a: Grimmsnarl
|-damage|p2a: Grimmsnarl|61/100
|
|-heal|p2a: Grimmsnarl|67/100|[from] item: Leftovers
|upkeep
|turn|10
|inactive|El Cucuy 2025 has 120 seconds left.
|
|t:|1743863241
|switch|p1a: Corviknight|Corviknight, M|100/100
|-ability|p1a: Corviknight|Pressure
|move|p2a: Grimmsnarl|Bulk Up|p2a: Grimmsnarl
|-boost|p2a: Grimmsnarl|atk|1
|-boost|p2a: Grimmsnarl|def|1
|
|-heal|p2a: Grimmsnarl|73/100|[from] item: Leftovers
|upkeep
|turn|11
|
|t:|1743863252
|move|p2a: Grimmsnarl|Bulk Up|p2a: Grimmsnarl
|-boost|p2a: Grimmsnarl|atk|1
|-boost|p2a: Grimmsnarl|def|1
|move|p1a: Corviknight|U-turn|p2a: Grimmsnarl
|-damage|p2a: Grimmsnarl|64/100
|
|t:|1743863259
|switch|p1a: Meowscarada|Meowscarada, F|70/100|[from] U-turn
|
|-heal|p2a: Grimmsnarl|70/100|[from] item: Leftovers
|upkeep
|turn|12
|
|t:|1743863266
|move|p1a: Meowscarada|Flower Trick|p2a: Grimmsnarl
|-start|p1a: Meowscarada|typechange|Grass|[from] ability: Protean
|-crit|p2a: Grimmsnarl
|-damage|p2a: Grimmsnarl|11/100
|move|p2a: Grimmsnarl|Spirit Break|p1a: Meowscarada
|-crit|p1a: Meowscarada
|-damage|p1a: Meowscarada|0 fnt
|faint|p1a: Meowscarada
|
|-heal|p2a: Grimmsnarl|17/100|[from] item: Leftovers
|upkeep
|
|t:|1743863279
|switch|p1a: Landorus|Landorus-Therian, M|100/100
|-ability|p1a: Landorus|Intimidate|boost
|-unboost|p2a: Grimmsnarl|atk|1
|turn|13
|
|t:|1743863284
|move|p2a: Grimmsnarl|Rest|p2a: Grimmsnarl
|-status|p2a: Grimmsnarl|slp|[from] move: Rest
|-heal|p2a: Grimmsnarl|100/100 slp|[silent]
|move|p1a: Landorus|Earth Power|p2a: Grimmsnarl
|-damage|p2a: Grimmsnarl|74/100 slp
|
|-heal|p2a: Grimmsnarl|80/100 slp|[from] item: Leftovers
|upkeep
|turn|14
|
|t:|1743863294
|cant|p2a: Grimmsnarl|slp
|move|p2a: Grimmsnarl|Sleep Talk|p2a: Grimmsnarl
|move|p2a: Grimmsnarl|Rest||[from] move: Sleep Talk|[still]
|-fail|p2a: Grimmsnarl
|move|p1a: Landorus|Stealth Rock|p2a: Grimmsnarl
|-sidestart|p2: El Cucuy 2025|move: Stealth Rock
|
|-heal|p2a: Grimmsnarl|86/100 slp|[from] item: Leftovers
|upkeep
|turn|15
|
|t:|1743863304
|cant|p2a: Grimmsnarl|slp
|move|p2a: Grimmsnarl|Sleep Talk|p2a: Grimmsnarl
|move|p2a: Grimmsnarl|Spirit Break|p1a: Landorus|[from] move: Sleep Talk
|-damage|p1a: Landorus|70/100
|-unboost|p1a: Landorus|spa|1
|-damage|p2a: Grimmsnarl|69/100 slp|[from] item: Rocky Helmet|[of] p1a: Landorus
|move|p1a: Landorus|Taunt|p2a: Grimmsnarl
|-start|p2a: Grimmsnarl|move: Taunt
|
|-heal|p2a: Grimmsnarl|75/100 slp|[from] item: Leftovers
|upkeep
|turn|16
|
|t:|1743863318
|switch|p1a: Alomomola|Alomomola, F|58/100
|-curestatus|p2a: Grimmsnarl|slp|[msg]
|move|p2a: Grimmsnarl|Spirit Break|p1a: Alomomola
|-damage|p1a: Alomomola|27/100
|-unboost|p1a: Alomomola|spa|1
|
|-heal|p2a: Grimmsnarl|81/100|[from] item: Leftovers
|upkeep
|turn|17
|
|t:|1743863329
|switch|p1a: Landorus|Landorus-Therian, M|70/100
|-ability|p1a: Landorus|Intimidate|boost
|-unboost|p2a: Grimmsnarl|atk|1
|move|p2a: Grimmsnarl|Spirit Break|p1a: Landorus
|-damage|p1a: Landorus|47/100
|-unboost|p1a: Landorus|spa|1
|-damage|p2a: Grimmsnarl|65/100|[from] item: Rocky Helmet|[of] p1a: Landorus
|
|-heal|p2a: Grimmsnarl|71/100|[from] item: Leftovers
|upkeep
|turn|18
|
|t:|1743863342
|move|p1a: Landorus|Earth Power|p2a: Grimmsnarl
|-damage|p2a: Grimmsnarl|54/100
|move|p2a: Grimmsnarl|Spirit Break|p1a: Landorus
|-damage|p1a: Landorus|23/100
|-unboost|p1a: Landorus|spa|1
|-damage|p2a: Grimmsnarl|37/100|[from] item: Rocky Helmet|[of] p1a: Landorus
|
|-heal|p2a: Grimmsnarl|43/100|[from] item: Leftovers
|-end|p2a: Grimmsnarl|move: Taunt
|upkeep
|turn|19
|
|t:|1743863357
|move|p1a: Landorus|Taunt|p2a: Grimmsnarl
|-start|p2a: Grimmsnarl|move: Taunt
|move|p2a: Grimmsnarl|Spirit Break|p1a: Landorus
|-damage|p1a: Landorus|2/100
|-unboost|p1a: Landorus|spa|1
|-damage|p2a: Grimmsnarl|27/100|[from] item: Rocky Helmet|[of] p1a: Landorus
|
|-heal|p2a: Grimmsnarl|33/100|[from] item: Leftovers
|upkeep
|turn|20
|
|t:|1743863368
|switch|p2a: Dragonite|Dragonite, M|100/100
|move|p1a: Landorus|Earth Power|p2a: Dragonite
|-immune|p2a: Dragonite
|
|upkeep
|turn|21
|-message|iamfrhaan007 forfeited.
|
|win|El Cucuy 2025
|raw|iamfrhaan007's rating: 1505 &rarr; <strong>1484</strong><br />(-21 for losing)
|raw|El Cucuy 2025's rating: 1483 &rarr; <strong>1504</strong><br />(+21 for winning)
|l|☆El Cucuy 2025
|player|p2|
