|j|☆Peekochu
|j|☆fgodd
|t:|1743850572
|gametype|singles
|player|p1|Peekochu|266|1602
|player|p2|fgodd|169|1570
|teamsize|p1|6
|teamsize|p2|6
|gen|9
|tier|[Gen 9] OU
|rated|
|rule|HP Percentage Mod: HP is shown in percentages
|rule|Endless Battle Clause: Forcing endless battles is banned
|rule|Species Clause: Limit one of each Pokémon
|rule|OHKO Clause: OHKO moves are banned
|rule|Evasion Items Clause: Evasion items are banned
|rule|Evasion Moves Clause: Evasion moves are banned
|rule|Sleep Moves Clause: Sleep-inducing moves are banned
|clearpoke
|poke|p1|Dragonite, F|
|poke|p1|Garganacl, M|
|poke|p1|Iron Crown|
|poke|p1|Quaquaval, F|
|poke|p1|Ursaluna, F|
|poke|p1|Araquanid, F|
|poke|p2|Zamazenta-*|
|poke|p2|Gholdengo|
|poke|p2|Ting-Lu|
|poke|p2|Primarina, F|
|poke|p2|Great Tusk|
|poke|p2|Ogerpon-Wellspring, F|
|teampreview
|inactive|Battle timer is ON: inactive players will automatically lose when time's up. (requested by fgodd)
|inactive|Peekochu has 120 seconds left.
|
|t:|1743850607
|start
|switch|p1a: Ursaluna|Ursaluna, F|100/100
|switch|p2a: Zamazenta|Zamazenta|100/100
|-ability|p2a: Zamazenta|Dauntless Shield|boost
|-boost|p2a: Zamazenta|def|1
|turn|1
|
|t:|1743850628
|move|p2a: Zamazenta|Close Combat|p1a: Ursaluna
|-supereffective|p1a: Ursaluna
|-damage|p1a: Ursaluna|0 fnt
|-unboost|p2a: Zamazenta|def|1
|-unboost|p2a: Zamazenta|spd|1
|faint|p1a: Ursaluna
|
|upkeep
|
|t:|1743850633
|switch|p1a: Dragonite|Dragonite, F|100/100
|turn|2
|
|t:|1743850638
|switch|p2a: Primarina|Primarina, F|100/100
|move|p1a: Dragonite|Dragon Dance|p1a: Dragonite
|-boost|p1a: Dragonite|atk|1
|-boost|p1a: Dragonite|spe|1
|
|upkeep
|turn|3
|
|t:|1743850642
|-terastallize|p1a: Dragonite|Flying
|move|p1a: Dragonite|Dragon Dance|p1a: Dragonite
|-boost|p1a: Dragonite|atk|1
|-boost|p1a: Dragonite|spe|1
|move|p2a: Primarina|Moonblast|p1a: Dragonite
|-damage|p1a: Dragonite|77/100
|
|upkeep
|turn|4
|
|t:|1743850653
|move|p1a: Dragonite|Tera Blast|p2a: Primarina|[anim] Tera Blast Flying
|-damage|p2a: Primarina|0 fnt
|faint|p2a: Primarina
|
|upkeep
|
|t:|1743850659
|switch|p2a: Gholdengo|Gholdengo|100/100
|-item|p2a: Gholdengo|Air Balloon
|turn|5
|
|t:|1743850666
|move|p1a: Dragonite|Tera Blast|p2a: Gholdengo|[anim] Tera Blast Flying
|-resisted|p2a: Gholdengo
|-damage|p2a: Gholdengo|50/100
|-enditem|p2a: Gholdengo|Air Balloon
|move|p2a: Gholdengo|Make It Rain|p1a: Dragonite
|-damage|p1a: Dragonite|17/100
|-unboost|p2a: Gholdengo|spa|1
|
|upkeep
|turn|6
|
|t:|1743850677
|move|p1a: Dragonite|Roost|p1a: Dragonite
|-heal|p1a: Dragonite|67/100
|-hint|If a Terastallized Pokemon uses Roost, it remains Flying-type.
|move|p2a: Gholdengo|Shadow Ball|p1a: Dragonite
|-damage|p1a: Dragonite|43/100
|
|upkeep
|turn|7
|
|t:|1743850684
|switch|p2a: Ting-Lu|Ting-Lu|100/100
|-ability|p2a: Ting-Lu|Vessel of Ruin
|move|p1a: Dragonite|Roost|p1a: Dragonite
|-heal|p1a: Dragonite|93/100
|-hint|If a Terastallized Pokemon uses Roost, it remains Flying-type.
|
|upkeep
|turn|8
|
|t:|1743850687
|move|p1a: Dragonite|Tera Blast|p2a: Ting-Lu|[anim] Tera Blast Flying
|-damage|p2a: Ting-Lu|65/100
|move|p2a: Ting-Lu|Whirlwind|p1a: Dragonite
|drag|p1a: Quaquaval|Quaquaval, F|100/100
|
|-heal|p2a: Ting-Lu|71/100|[from] item: Leftovers
|upkeep
|turn|9
|
|t:|1743850699
|switch|p2a: Ogerpon|Ogerpon-Wellspring, F|100/100
|move|p1a: Quaquaval|Aqua Step|p2a: Ogerpon
|-immune|p2a: Ogerpon|[from] ability: Water Absorb
|
|upkeep
|turn|10
|j| AKARANATA
|
|t:|1743850714
|move|p2a: Ogerpon|Swords Dance|p2a: Ogerpon
|-boost|p2a: Ogerpon|atk|2
|move|p1a: Quaquaval|Rapid Spin|p2a: Ogerpon
|-damage|p2a: Ogerpon|82/100
|-boost|p1a: Quaquaval|spe|1
|
|upkeep
|turn|11
|
|t:|1743850722
|move|p1a: Quaquaval|Close Combat|p2a: Ogerpon
|-damage|p2a: Ogerpon|14/100
|-unboost|p1a: Quaquaval|def|1
|-unboost|p1a: Quaquaval|spd|1
|move|p2a: Ogerpon|Power Whip|p1a: Quaquaval
|-supereffective|p1a: Quaquaval
|-damage|p1a: Quaquaval|0 fnt
|faint|p1a: Quaquaval
|
|upkeep
|
|t:|1743850732
|switch|p1a: Dragonite|Dragonite, F, tera:Flying|93/100
|turn|12
|
|t:|1743850735
|move|p2a: Ogerpon|Ivy Cudgel|p1a: Dragonite|[anim] Ivy Cudgel Water
|-crit|p1a: Dragonite
|-damage|p1a: Dragonite|0 fnt
|faint|p1a: Dragonite
|
|upkeep
|-message|Peekochu forfeited.
|
|win|fgodd
|raw|Peekochu's rating: 1602 &rarr; <strong>1580</strong><br />(-22 for losing)
|raw|fgodd's rating: 1570 &rarr; <strong>1592</strong><br />(+22 for winning)
|l|☆Peekochu
|player|p1|
