|j|☆aaron200589
|j|☆AscentPhoenix
|t:|1743877828
|gametype|singles
|player|p1|aaron200589|giovanni|1277
|player|p2|AscentPhoenix|gambler|1246
|teamsize|p1|6
|teamsize|p2|6
|gen|9
|tier|[Gen 9] OU
|rated|
|rule|HP Percentage Mod: HP is shown in percentages
|rule|Endless Battle Clause: Forcing endless battles is banned
|rule|Species Clause: Limit one of each Pokémon
|rule|OHKO Clause: OHKO moves are banned
|rule|Evasion Items Clause: Evasion items are banned
|rule|Evasion Moves Clause: Evasion moves are banned
|rule|Sleep Moves Clause: Sleep-inducing moves are banned
|clearpoke
|poke|p1|Dondozo, F|
|poke|p1|Grimmsnarl, M|
|poke|p1|Serperior, M|
|poke|p1|Dragonite, F|
|poke|p1|Iron Treads|
|poke|p1|Hatterene, F|
|poke|p2|Clawitzer, F|
|poke|p2|Slowking-Galar, F|
|poke|p2|Avalugg, M|
|poke|p2|Jolteon, F|
|poke|p2|Kleavor, F|
|poke|p2|Great Tusk|
|teampreview
|
|t:|1743877847
|start
|switch|p1a: Grimmsnarl|Grimmsnarl, M|100/100
|switch|p2a: Kleavor|Kleavor, F|100/100
|turn|1
|
|t:|1743877859
|move|p1a: Grimmsnarl|Parting Shot|p2a: Kleavor
|-unboost|p2a: Kleavor|atk|1
|-unboost|p2a: Kleavor|spa|1
|
|t:|1743877863
|switch|p1a: Iron Treads|Iron Treads|100/100|[from] Parting Shot
|move|p2a: Kleavor|Stone Axe|p1a: Iron Treads
|-resisted|p1a: Iron Treads
|-damage|p1a: Iron Treads|96/100
|-damage|p2a: Kleavor|84/100|[from] item: Rocky Helmet|[of] p1a: Iron Treads
|-sidestart|p1: aaron200589|move: Stealth Rock
|
|upkeep
|turn|2
|
|t:|1743877878
|switch|p2a: Clawitzer|Clawitzer, F, shiny|100/100
|move|p1a: Iron Treads|Rapid Spin|p2a: Clawitzer
|-damage|p2a: Clawitzer|87/100
|-boost|p1a: Iron Treads|spe|1
|-sideend|p1: aaron200589|Stealth Rock|[from] move: Rapid Spin|[of] p1a: Iron Treads
|
|upkeep
|turn|3
|
|t:|1743877888
|move|p1a: Iron Treads|Volt Switch|p2a: Clawitzer
|-supereffective|p2a: Clawitzer
|-damage|p2a: Clawitzer|70/100
|
|t:|1743877895
|-end|p1a: Iron Treads|Quark Drive|[silent]
|switch|p1a: Hatterene|Hatterene, F|100/100|[from] Volt Switch
|move|p2a: Clawitzer|Flip Turn|p1a: Hatterene
|-damage|p1a: Hatterene|84/100
|
|t:|1743877904
|switch|p2a: Slowking|Slowking-Galar, F, shiny|100/100|[from] Flip Turn
|
|upkeep
|turn|4
|
|t:|1743877913
|-prepare|p2a: Slowking|Chilly Reception|[premajor]
|move|p2a: Slowking|Chilly Reception|p2a: Slowking
|-weather|Snowscape
|
|t:|1743877921
|switch|p2a: Jolteon|Jolteon, F|100/100|[from] Chilly Reception
|move|p1a: Hatterene|Nuzzle|p2a: Jolteon
|-immune|p2a: Jolteon|[from] ability: Volt Absorb
|
|-weather|Snowscape|[upkeep]
|upkeep
|turn|5
|
|t:|1743877938
|switch|p1a: Iron Treads|Iron Treads|96/100
|move|p2a: Jolteon|Weather Ball|p1a: Iron Treads
|-damage|p1a: Iron Treads|61/100
|
|-weather|Snowscape|[upkeep]
|upkeep
|turn|6
|
|t:|1743877957
|switch|p2a: Great Tusk|Great Tusk|100/100
|move|p1a: Iron Treads|Stealth Rock|p2a: Great Tusk
|-sidestart|p2: AscentPhoenix|move: Stealth Rock
|
|-weather|Snowscape|[upkeep]
|upkeep
|turn|7
|
|t:|1743877965
|-end|p1a: Iron Treads|Quark Drive|[silent]
|switch|p1a: Dondozo|Dondozo, F|100/100
|move|p2a: Great Tusk|Rapid Spin|p1a: Dondozo
|-damage|p1a: Dondozo|92/100
|-boost|p2a: Great Tusk|spe|1
|-sideend|p2: AscentPhoenix|Stealth Rock|[from] move: Rapid Spin|[of] p2a: Great Tusk
|
|-weather|Snowscape|[upkeep]
|upkeep
|turn|8
|
|t:|1743877975
|-end|p2a: Great Tusk|Protosynthesis|[silent]
|switch|p2a: Jolteon|Jolteon, F|100/100
|switch|p1a: Hatterene|Hatterene, F|84/100
|
|-weather|Snowscape|[upkeep]
|upkeep
|turn|9
|
|t:|1743877984
|move|p2a: Jolteon|Volt Switch|p1a: Hatterene
|-damage|p1a: Hatterene|63/100
|
|t:|1743877993
|switch|p2a: Clawitzer|Clawitzer, F, shiny|70/100|[from] Volt Switch
|move|p1a: Hatterene|Psyshock|p2a: Clawitzer
|-damage|p2a: Clawitzer|23/100
|
|-weather|Snowscape|[upkeep]
|upkeep
|turn|10
|
|t:|1743878021
|move|p2a: Clawitzer|Water Pulse|p1a: Hatterene
|-damage|p1a: Hatterene|32/100
|-start|p1a: Hatterene|confusion
|-activate|p1a: Hatterene|confusion
|-damage|p1a: Hatterene|24/100|[from] confusion
|
|-weather|Snowscape|[upkeep]
|upkeep
|turn|11
|
|t:|1743878034
|move|p2a: Clawitzer|Weather Ball|p1a: Hatterene
|-damage|p1a: Hatterene|1/100
|-activate|p1a: Hatterene|confusion
|move|p1a: Hatterene|Psyshock|p2a: Clawitzer
|-damage|p2a: Clawitzer|0 fnt
|faint|p2a: Clawitzer
|
|-weather|none
|upkeep
|
|t:|1743878044
|switch|p2a: Kleavor|Kleavor, F|84/100
|turn|12
|
|t:|1743878050
|switch|p1a: Iron Treads|Iron Treads|61/100
|move|p2a: Kleavor|Stone Axe|p1a: Iron Treads
|-resisted|p1a: Iron Treads
|-damage|p1a: Iron Treads|53/100
|-damage|p2a: Kleavor|67/100|[from] item: Rocky Helmet|[of] p1a: Iron Treads
|-sidestart|p1: aaron200589|move: Stealth Rock
|
|upkeep
|turn|13
|
|t:|1743878062
|switch|p2a: Avalugg|Avalugg, M|100/100
|move|p1a: Iron Treads|Rapid Spin|p2a: Avalugg
|-damage|p2a: Avalugg|94/100
|-boost|p1a: Iron Treads|spe|1
|-damage|p1a: Iron Treads|37/100|[from] item: Rocky Helmet|[of] p2a: Avalugg
|-sideend|p1: aaron200589|Stealth Rock|[from] move: Rapid Spin|[of] p1a: Iron Treads
|
|upkeep
|turn|14
|
|t:|1743878076
|move|p1a: Iron Treads|Earthquake|p2a: Avalugg
|-damage|p2a: Avalugg|76/100
|move|p2a: Avalugg|Body Press|p1a: Iron Treads
|-supereffective|p1a: Iron Treads
|-damage|p1a: Iron Treads|0 fnt
|-damage|p2a: Avalugg|60/100|[from] item: Rocky Helmet|[of] p1a: Iron Treads
|faint|p1a: Iron Treads
|-end|p1a: Iron Treads|Quark Drive|[silent]
|
|upkeep
|
|t:|1743878089
|switch|p1a: Grimmsnarl|Grimmsnarl, M|100/100
|turn|15
|
|t:|1743878097
|switch|p2a: Jolteon|Jolteon, F|100/100
|move|p1a: Grimmsnarl|Parting Shot|p2a: Jolteon
|-unboost|p2a: Jolteon|atk|1
|-unboost|p2a: Jolteon|spa|1
|
|t:|1743878115
|switch|p1a: Serperior|Serperior, M|100/100|[from] Parting Shot
|
|upkeep
|turn|16
|
|t:|1743878124
|move|p2a: Jolteon|Volt Switch|p1a: Serperior
|-resisted|p1a: Serperior
|-damage|p1a: Serperior|87/100
|
|t:|1743878129
|switch|p2a: Slowking|Slowking-Galar, F, shiny|100/100|[from] Volt Switch
|move|p1a: Serperior|Glare|p2a: Slowking
|-status|p2a: Slowking|par
|
|-heal|p1a: Serperior|93/100|[from] item: Leftovers
|upkeep
|turn|17
|
|t:|1743878146
|switch|p1a: Hatterene|Hatterene, F|1/100
|move|p2a: Slowking|Toxic|p1a: Hatterene
|move|p1a: Hatterene|Toxic||[from] ability: Magic Bounce|[still]
|-fail|p1a: Hatterene
|
|upkeep
|turn|18
|
|t:|1743878159
|move|p1a: Hatterene|Psyshock|p2a: Slowking
|-damage|p2a: Slowking|59/100 par
|-prepare|p2a: Slowking|Chilly Reception|[premajor]
|move|p2a: Slowking|Chilly Reception|p2a: Slowking
|-weather|Snowscape
|
|t:|1743878167
|switch|p2a: Kleavor|Kleavor, F|67/100|[from] Chilly Reception
|
|-weather|Snowscape|[upkeep]
|upkeep
|turn|19
|
|t:|1743878178
|switch|p1a: Dondozo|Dondozo, F|92/100
|move|p2a: Kleavor|Stone Axe|p1a: Dondozo
|-damage|p1a: Dondozo|70/100
|-sidestart|p1: aaron200589|move: Stealth Rock
|
|-weather|Snowscape|[upkeep]
|upkeep
|turn|20
|
|t:|1743878188
|switch|p2a: Avalugg|Avalugg, M|60/100
|move|p1a: Dondozo|Avalanche|p2a: Avalugg
|-resisted|p2a: Avalugg
|-damage|p2a: Avalugg|58/100
|-damage|p1a: Dondozo|53/100|[from] item: Rocky Helmet|[of] p2a: Avalugg
|
|-weather|Snowscape|[upkeep]
|-heal|p2a: Avalugg|64/100|[from] ability: Ice Body
|upkeep
|turn|21
|
|t:|1743878201
|move|p1a: Dondozo|Body Press|p2a: Avalugg
|-supereffective|p2a: Avalugg
|-damage|p2a: Avalugg|45/100
|-damage|p1a: Dondozo|37/100|[from] item: Rocky Helmet|[of] p2a: Avalugg
|move|p2a: Avalugg|Recover|p2a: Avalugg
|-heal|p2a: Avalugg|95/100
|
|-weather|Snowscape|[upkeep]
|-heal|p2a: Avalugg|100/100|[from] ability: Ice Body
|upkeep
|turn|22
|
|t:|1743878227
|switch|p2a: Jolteon|Jolteon, F|100/100
|move|p1a: Dondozo|Rest|p1a: Dondozo
|-status|p1a: Dondozo|slp|[from] move: Rest
|-heal|p1a: Dondozo|100/100 slp|[silent]
|-enditem|p1a: Dondozo|Chesto Berry|[eat]
|-curestatus|p1a: Dondozo|slp|[msg]
|
|-weather|Snowscape|[upkeep]
|upkeep
|turn|23
|
|t:|1743878268
|switch|p1a: Hatterene|Hatterene, F|1/100
|-damage|p1a: Hatterene|0 fnt|[from] Stealth Rock
|faint|p1a: Hatterene
|move|p2a: Jolteon|Volt Switch|p1: Hatterene|[notarget]
|-fail|p2a: Jolteon
|
|-weather|Snowscape|[upkeep]
|upkeep
|
|t:|1743878277
|switch|p1a: Serperior|Serperior, M|93/100
|-damage|p1a: Serperior|81/100|[from] Stealth Rock
|turn|24
|
|t:|1743878293
|move|p2a: Jolteon|Volt Switch|p1a: Serperior
|-resisted|p1a: Serperior
|-damage|p1a: Serperior|62/100
|
|t:|1743878297
|switch|p2a: Slowking|Slowking-Galar, F, shiny|93/100 par|[from] Volt Switch
|move|p1a: Serperior|Leaf Storm|p2a: Slowking
|-resisted|p2a: Slowking
|-damage|p2a: Slowking|77/100 par
|-boost|p1a: Serperior|spa|2
|
|-weather|Snowscape|[upkeep]
|-heal|p1a: Serperior|68/100|[from] item: Leftovers
|upkeep
|turn|25
|
|t:|1743878310
|move|p1a: Serperior|Substitute|p1a: Serperior
|-start|p1a: Serperior|Substitute
|-damage|p1a: Serperior|43/100
|move|p2a: Slowking|Toxic||[still]
|-fail|p2a: Slowking
|
|-weather|none
|-heal|p1a: Serperior|49/100|[from] item: Leftovers
|upkeep
|turn|26
|
|t:|1743878319
|move|p1a: Serperior|Leaf Storm|p2a: Slowking
|-resisted|p2a: Slowking
|-damage|p2a: Slowking|51/100 par
|-boost|p1a: Serperior|spa|2
|-prepare|p2a: Slowking|Chilly Reception|[premajor]
|move|p2a: Slowking|Chilly Reception|p2a: Slowking
|-weather|Snowscape
|
|t:|1743878328
|switch|p2a: Kleavor|Kleavor, F|67/100|[from] Chilly Reception
|
|-weather|Snowscape|[upkeep]
|-heal|p1a: Serperior|55/100|[from] item: Leftovers
|upkeep
|turn|27
|
|t:|1743878337
|move|p2a: Kleavor|U-turn|p1a: Serperior
|-supereffective|p1a: Serperior
|-end|p1a: Serperior|Substitute
|
|t:|1743878340
|switch|p2a: Slowking|Slowking-Galar, F, shiny|84/100 par|[from] U-turn
|move|p1a: Serperior|Leaf Storm|p2a: Slowking
|-resisted|p2a: Slowking
|-damage|p2a: Slowking|41/100 par
|-boost|p1a: Serperior|spa|2
|
|-weather|Snowscape|[upkeep]
|-heal|p1a: Serperior|61/100|[from] item: Leftovers
|upkeep
|turn|28
|
|t:|1743878351
|-terastallize|p1a: Serperior|Stellar
|move|p1a: Serperior|Tera Blast|p2a: Slowking|[anim] Tera Blast Stellar
|-damage|p2a: Slowking|0 fnt
|-boost|p1a: Serperior|atk|1
|faint|p2a: Slowking
|
|-weather|Snowscape|[upkeep]
|-heal|p1a: Serperior|68/100|[from] item: Leftovers
|upkeep
|
|t:|1743878362
|switch|p2a: Kleavor|Kleavor, F|67/100
|turn|29
|
|t:|1743878367
|move|p2a: Kleavor|X-Scissor|p1a: Serperior
|-supereffective|p1a: Serperior
|-damage|p1a: Serperior|0 fnt
|faint|p1a: Serperior
|
|-weather|Snowscape|[upkeep]
|upkeep
|
|t:|1743878379
|switch|p1a: Dragonite|Dragonite, F|100/100
|-damage|p1a: Dragonite|76/100|[from] Stealth Rock
|turn|30
|
|t:|1743878384
|switch|p2a: Avalugg|Avalugg, M|100/100
|move|p1a: Dragonite|Dragon Dance|p1a: Dragonite
|-boost|p1a: Dragonite|atk|1
|-boost|p1a: Dragonite|spe|1
|
|-weather|Snowscape|[upkeep]
|upkeep
|turn|31
|
|t:|1743878395
|switch|p1a: Dondozo|Dondozo, F|100/100
|-damage|p1a: Dondozo|88/100|[from] Stealth Rock
|move|p2a: Avalugg|Curse|p2a: Avalugg
|-unboost|p2a: Avalugg|spe|1
|-boost|p2a: Avalugg|atk|1
|-boost|p2a: Avalugg|def|1
|
|-weather|Snowscape|[upkeep]
|upkeep
|turn|32
|
|t:|1743878412
|switch|p1a: Grimmsnarl|Grimmsnarl, M|100/100
|-damage|p1a: Grimmsnarl|88/100|[from] Stealth Rock
|switch|p2a: Jolteon|Jolteon, F|100/100
|
|-weather|Snowscape|[upkeep]
|upkeep
|turn|33
|
|t:|1743878425
|move|p1a: Grimmsnarl|Parting Shot|p2a: Jolteon
|-unboost|p2a: Jolteon|atk|1
|-unboost|p2a: Jolteon|spa|1
|
|t:|1743878428
|switch|p1a: Dragonite|Dragonite, F|76/100|[from] Parting Shot
|-damage|p1a: Dragonite|51/100|[from] Stealth Rock
|move|p2a: Jolteon|Alluring Voice|p1a: Dragonite
|-supereffective|p1a: Dragonite
|-damage|p1a: Dragonite|24/100
|-enditem|p2a: Jolteon|Throat Spray
|-boost|p2a: Jolteon|spa|1|[from] item: Throat Spray
|
|-weather|none
|upkeep
|turn|34
|
|t:|1743878440
|move|p2a: Jolteon|Alluring Voice|p1a: Dragonite
|-supereffective|p1a: Dragonite
|-crit|p1a: Dragonite
|-damage|p1a: Dragonite|0 fnt
|faint|p1a: Dragonite
|
|upkeep
|-message|aaron200589 forfeited.
|
|win|AscentPhoenix
|raw|aaron200589's rating: 1277 &rarr; <strong>1250</strong><br />(-27 for losing)
|raw|AscentPhoenix's rating: 1246 &rarr; <strong>1273</strong><br />(+27 for winning)
|l|☆aaron200589
|player|p1|
|l|☆AscentPhoenix
|player|p2|
