|j|☆ykykp
|j|☆thekingthegoat
|t:|1743874302
|gametype|singles
|player|p1|ykykp|101|1435
|player|p2|thekingthegoat|170|1447
|teamsize|p1|6
|teamsize|p2|6
|gen|9
|tier|[Gen 9] OU
|rated|
|rule|HP Percentage Mod: HP is shown in percentages
|rule|Endless Battle Clause: Forcing endless battles is banned
|rule|Species Clause: Limit one of each Pokémon
|rule|OHKO Clause: OHKO moves are banned
|rule|Evasion Items Clause: Evasion items are banned
|rule|Evasion Moves Clause: Evasion moves are banned
|rule|Sleep Moves Clause: Sleep-inducing moves are banned
|clearpoke
|poke|p1|Porygon-Z|
|poke|p1|Ribombee, M|
|poke|p1|Ceruledge, M|
|poke|p1|Iron Treads|
|poke|p1|Iron Valiant|
|poke|p1|Gallade, M|
|poke|p2|Ting-Lu|
|poke|p2|Gliscor, M|
|poke|p2|Sinistcha-Masterpiece|
|poke|p2|Keldeo|
|poke|p2|Tinkaton, F|
|poke|p2|Dragonite, M|
|teampreview
|inactive|Battle timer is ON: inactive players will automatically lose when time's up. (requested by ykykp)
|
|t:|1743874317
|start
|switch|p1a: Ribombee|Ribombee, M|100/100
|switch|p2a: =|Tinkaton, F|100/100
|-ability|p2a: =|Mold Breaker
|-item|p2a: =|Air Balloon
|turn|1
|
|t:|1743874323
|move|p1a: Ribombee|Sticky Web|p2a: =
|-sidestart|p2: thekingthegoat|move: Sticky Web
|move|p2a: =|Encore|p1a: Ribombee
|-start|p1a: Ribombee|Encore
|
|upkeep
|turn|2
|
|t:|1743874332
|switch|p1a: Ceruledge|Ceruledge, M|100/100
|move|p2a: =|Stealth Rock|p1a: Ceruledge
|-sidestart|p1: ykykp|move: Stealth Rock
|
|upkeep
|turn|3
|
|t:|1743874341
|switch|p2a: Keldeo|Keldeo|100/100
|move|p1a: Ceruledge|Bitter Blade|p2a: Keldeo
|-resisted|p2a: Keldeo
|-damage|p2a: Keldeo|74/100
|
|upkeep
|turn|4
|
|t:|1743874348
|move|p2a: Keldeo|Surf|p1a: Ceruledge
|-supereffective|p1a: Ceruledge
|-enditem|p1a: Ceruledge|Focus Sash
|-damage|p1a: Ceruledge|1/100
|move|p1a: Ceruledge|Close Combat|p2a: Keldeo
|-damage|p2a: Keldeo|24/100
|-unboost|p1a: Ceruledge|def|1
|-unboost|p1a: Ceruledge|spd|1
|
|upkeep
|turn|5
|
|t:|1743874352
|switch|p2a: Ting-Lu|Ting-Lu|100/100
|-activate|p2a: Ting-Lu|move: Sticky Web
|-unboost|p2a: Ting-Lu|spe|1
|-ability|p2a: Ting-Lu|Vessel of Ruin
|move|p1a: Ceruledge|Shadow Sneak|p2a: Ting-Lu
|-resisted|p2a: Ting-Lu
|-damage|p2a: Ting-Lu|94/100
|
|-heal|p2a: Ting-Lu|99/100|[from] item: Leftovers
|upkeep
|turn|6
|
|t:|1743874355
|move|p1a: Ceruledge|Shadow Sneak|p2a: Ting-Lu
|-resisted|p2a: Ting-Lu
|-damage|p2a: Ting-Lu|94/100
|move|p2a: Ting-Lu|Earthquake|p1a: Ceruledge
|-supereffective|p1a: Ceruledge
|-damage|p1a: Ceruledge|0 fnt
|faint|p1a: Ceruledge
|
|-heal|p2a: Ting-Lu|100/100|[from] item: Leftovers
|upkeep
|
|t:|1743874359
|switch|p1a: Gallade|Gallade, M|100/100
|-damage|p1a: Gallade|94/100|[from] Stealth Rock
|turn|7
|
|t:|1743874364
|switch|p2a: =|Tinkaton, F|100/100
|-ability|p2a: =|Mold Breaker
|-item|p2a: =|Air Balloon
|move|p1a: Gallade|Sacred Sword|p2a: =
|-damage|p2a: =|0 fnt
|-enditem|p2a: =|Air Balloon
|faint|p2a: =
|-damage|p1a: Gallade|85/100|[from] item: Life Orb
|
|upkeep
|
|t:|1743874369
|switch|p2a: Sinistcha|Sinistcha-Masterpiece|100/100
|turn|8
|
|t:|1743874374
|move|p1a: Gallade|Knock Off|p2a: Sinistcha
|-supereffective|p2a: Sinistcha
|-damage|p2a: Sinistcha|36/100
|-enditem|p2a: Sinistcha|Heavy-Duty Boots|[from] move: Knock Off|[of] p1a: Gallade
|-damage|p1a: Gallade|75/100|[from] item: Life Orb
|move|p2a: Sinistcha|Matcha Gotcha|p1a: Gallade
|-damage|p1a: Gallade|37/100
|-heal|p2a: Sinistcha|52/100|[from] drain|[of] p1a: Gallade
|
|upkeep
|turn|9
|
|t:|1743874385
|move|p1a: Gallade|Psycho Cut|p2a: Sinistcha
|-damage|p2a: Sinistcha|4/100
|-damage|p1a: Gallade|27/100|[from] item: Life Orb
|move|p2a: Sinistcha|Strength Sap|p1a: Gallade
|-unboost|p1a: Gallade|atk|1
|-heal|p2a: Sinistcha|100/100
|
|upkeep
|turn|10
|
|t:|1743874391
|switch|p1a: Porygon-Z|Porygon-Z|100/100
|-damage|p1a: Porygon-Z|88/100|[from] Stealth Rock
|-ability|p1a: Porygon-Z|Download|boost
|-boost|p1a: Porygon-Z|spa|1
|move|p2a: Sinistcha|Strength Sap|p1a: Porygon-Z
|-unboost|p1a: Porygon-Z|atk|1
|
|upkeep
|turn|11
|
|t:|1743874396
|switch|p2a: Ting-Lu|Ting-Lu|100/100
|-activate|p2a: Ting-Lu|move: Sticky Web
|-unboost|p2a: Ting-Lu|spe|1
|-ability|p2a: Ting-Lu|Vessel of Ruin
|move|p1a: Porygon-Z|Ice Beam|p2a: Ting-Lu
|-supereffective|p2a: Ting-Lu
|-damage|p2a: Ting-Lu|50/100
|
|-heal|p2a: Ting-Lu|56/100|[from] item: Leftovers
|upkeep
|turn|12
|
|t:|1743874410
|move|p1a: Porygon-Z|Ice Beam|p2a: Ting-Lu
|-supereffective|p2a: Ting-Lu
|-damage|p2a: Ting-Lu|0 fnt
|faint|p2a: Ting-Lu
|
|upkeep
|
|t:|1743874421
|switch|p2a: Dragonite|Dragonite, M|100/100
|turn|13
|
|t:|1743874424
|-terastallize|p2a: Dragonite|Normal
|move|p2a: Dragonite|Extreme Speed|p1a: Porygon-Z
|-damage|p1a: Porygon-Z|21/100
|move|p1a: Porygon-Z|Ice Beam|p2a: Dragonite
|-damage|p2a: Dragonite|79/100
|
|upkeep
|turn|14
|
|t:|1743874451
|switch|p1a: Iron Treads|Iron Treads|100/100
|-damage|p1a: Iron Treads|97/100|[from] Stealth Rock
|-enditem|p1a: Iron Treads|Booster Energy
|-activate|p1a: Iron Treads|ability: Quark Drive|[fromitem]
|-start|p1a: Iron Treads|quarkdriveatk
|move|p2a: Dragonite|Extreme Speed|p1a: Iron Treads
|-resisted|p1a: Iron Treads
|-damage|p1a: Iron Treads|76/100
|
|upkeep
|turn|15
|
|t:|1743874466
|move|p2a: Dragonite|Extreme Speed|p1a: Iron Treads
|-resisted|p1a: Iron Treads
|-damage|p1a: Iron Treads|57/100
|move|p1a: Iron Treads|Ice Spinner|p2a: Dragonite
|-damage|p2a: Dragonite|48/100
|
|upkeep
|turn|16
|
|t:|1743874471
|move|p1a: Iron Treads|Rapid Spin|p2a: Dragonite
|-damage|p2a: Dragonite|28/100
|-boost|p1a: Iron Treads|spe|1
|-sideend|p1: ykykp|Stealth Rock|[from] move: Rapid Spin|[of] p1a: Iron Treads
|move|p2a: Dragonite|Roost|p2a: Dragonite
|-heal|p2a: Dragonite|78/100
|
|upkeep
|turn|17
|
|t:|1743874476
|move|p1a: Iron Treads|Earthquake|p2a: Dragonite
|-damage|p2a: Dragonite|18/100
|move|p2a: Dragonite|Earthquake|p1a: Iron Treads
|-supereffective|p1a: Iron Treads
|-damage|p1a: Iron Treads|0 fnt
|faint|p1a: Iron Treads
|-end|p1a: Iron Treads|Quark Drive|[silent]
|
|upkeep
|
|t:|1743874483
|switch|p1a: Ribombee|Ribombee, M|100/100
|turn|18
|
|t:|1743874505
|switch|p2a: Gliscor|Gliscor, M|100/100
|move|p1a: Ribombee|Moonblast|p2a: Gliscor
|-crit|p2a: Gliscor
|-damage|p2a: Gliscor|22/100
|
|-status|p2a: Gliscor|tox|[from] item: Toxic Orb
|upkeep
|turn|19
|
|t:|1743874508
|move|p2a: Gliscor|Protect|p2a: Gliscor
|-singleturn|p2a: Gliscor|Protect
|move|p1a: Ribombee|Moonblast|p2a: Gliscor
|-activate|p2a: Gliscor|move: Protect
|
|-heal|p2a: Gliscor|34/100 tox|[from] ability: Poison Heal
|upkeep
|turn|20
|inactive|thekingthegoat has 120 seconds left.
|
|t:|1743874540
|switch|p2a: Sinistcha|Sinistcha-Masterpiece|100/100
|-activate|p2a: Sinistcha|move: Sticky Web
|-unboost|p2a: Sinistcha|spe|1
|move|p1a: Ribombee|Moonblast|p2a: Sinistcha
|-damage|p2a: Sinistcha|55/100
|
|upkeep
|turn|21
|
|t:|1743874553
|switch|p1a: Porygon-Z|Porygon-Z|21/100
|-ability|p1a: Porygon-Z|Download|boost
|-boost|p1a: Porygon-Z|spa|1
|move|p2a: Sinistcha|Shadow Ball|p1a: Porygon-Z
|-immune|p1a: Porygon-Z
|
|upkeep
|turn|22
|inactive|thekingthegoat has 120 seconds left.
|
|t:|1743874582
|switch|p2a: Keldeo|Keldeo|24/100
|move|p1a: Porygon-Z|Ice Beam|p2a: Keldeo
|-resisted|p2a: Keldeo
|-damage|p2a: Keldeo|0 fnt
|faint|p2a: Keldeo
|
|upkeep
|
|t:|1743874585
|switch|p2a: Dragonite|Dragonite, M, tera:Normal|18/100
|turn|23
|
|t:|1743874596
|move|p2a: Dragonite|Extreme Speed|p1a: Porygon-Z
|-damage|p1a: Porygon-Z|0 fnt
|faint|p1a: Porygon-Z
|
|upkeep
|
|t:|1743874606
|switch|p1a: Ribombee|Ribombee, M|100/100
|turn|24
|inactive|thekingthegoat has 120 seconds left.
|
|t:|1743874640
|switch|p2a: Gliscor|Gliscor, M|34/100 tox
|move|p1a: Ribombee|Moonblast|p2a: Gliscor
|-damage|p2a: Gliscor|0 fnt
|faint|p2a: Gliscor
|
|upkeep
|
|t:|1743874642
|switch|p2a: Sinistcha|Sinistcha-Masterpiece|55/100
|-activate|p2a: Sinistcha|move: Sticky Web
|-unboost|p2a: Sinistcha|spe|1
|turn|25
|
|t:|1743874648
|move|p1a: Ribombee|Moonblast|p2a: Sinistcha
|-damage|p2a: Sinistcha|10/100
|-unboost|p2a: Sinistcha|spa|1
|move|p2a: Sinistcha|Shadow Ball|p1a: Ribombee
|-damage|p1a: Ribombee|64/100
|
|upkeep
|turn|26
|
|t:|1743874654
|move|p1a: Ribombee|Moonblast|p2a: Sinistcha
|-damage|p2a: Sinistcha|0 fnt
|faint|p2a: Sinistcha
|
|upkeep
|
|t:|1743874655
|switch|p2a: Dragonite|Dragonite, M, tera:Normal|18/100
|turn|27
|
|t:|1743874657
|move|p2a: Dragonite|Extreme Speed|p1a: Ribombee
|-crit|p1a: Ribombee
|-damage|p1a: Ribombee|0 fnt
|faint|p1a: Ribombee
|
|upkeep
|
|t:|1743874658
|switch|p1a: Gallade|Gallade, M|27/100
|turn|28
|
|t:|1743874661
|-terastallize|p1a: Gallade|Ghost
|move|p2a: Dragonite|Extreme Speed|p1a: Gallade
|-immune|p1a: Gallade
|move|p1a: Gallade|Sacred Sword|p2a: Dragonite
|-supereffective|p2a: Dragonite
|-crit|p2a: Dragonite
|-damage|p2a: Dragonite|0 fnt
|faint|p2a: Dragonite
|-damage|p1a: Gallade|17/100|[from] item: Life Orb
|
|win|ykykp
|raw|ykykp's rating: 1435 &rarr; <strong>1456</strong><br />(+21 for winning)
|raw|thekingthegoat's rating: 1447 &rarr; <strong>1426</strong><br />(-21 for losing)
|l|☆thekingthegoat
|player|p2|
|l|☆ykykp
|player|p1|
