|j|☆randomheadcannon
|j|☆FartInAJarRogue
|t:|1743919283
|gametype|singles
|player|p1|randomheadcannon|101|1316
|player|p2|FartInAJarRogue|li|1248
|teamsize|p1|6
|teamsize|p2|6
|gen|9
|tier|[Gen 9] OU
|rated|
|rule|HP Percentage Mod: HP is shown in percentages
|rule|Endless Battle Clause: Forcing endless battles is banned
|rule|Species Clause: Limit one of each Pokémon
|rule|OHKO Clause: OHKO moves are banned
|rule|Evasion Items Clause: Evasion items are banned
|rule|Evasion Moves Clause: Evasion moves are banned
|rule|Sleep Moves Clause: Sleep-inducing moves are banned
|clearpoke
|poke|p1|Walking Wake|
|poke|p1|Meowscarada, M|
|poke|p1|Landorus-Therian, M|
|poke|p1|Hitmonlee, M|
|poke|p1|Slowking-Galar, M|
|poke|p1|Cinderace, F|
|poke|p2|Iron Thorns|
|poke|p2|Ninetales-Alola, F|
|poke|p2|Clefable, M|
|poke|p2|Ursaluna, F|
|poke|p2|Iron Treads|
|poke|p2|Iron Moth|
|teampreview
|
|t:|1743919291
|start
|switch|p1a: Leeman|Hitmonlee, M|100/100
|switch|p2a: Ninetales|Ninetales-Alola, F|100/100
|-weather|Snowscape|[from] ability: Snow Warning|[of] p2a: Ninetales
|turn|1
|
|t:|1743919298
|move|p2a: Ninetales|Aurora Veil|p2a: Ninetales
|-sidestart|p2: FartInAJarRogue|move: Aurora Veil
|move|p1a: Leeman|High Jump Kick|p2a: Ninetales
|-damage|p2a: Ninetales|51/100
|
|-weather|Snowscape|[upkeep]
|upkeep
|turn|2
|
|t:|1743919305
|switch|p1a: Cinderace|Cinderace, F|100/100
|move|p2a: Ninetales|Moonblast|p1a: Cinderace
|-resisted|p1a: Cinderace
|-damage|p1a: Cinderace|83/100
|
|-weather|Snowscape|[upkeep]
|upkeep
|turn|3
|
|t:|1743919316
|move|p1a: Cinderace|Pyro Ball|p2a: Ninetales
|-supereffective|p2a: Ninetales
|-damage|p2a: Ninetales|11/100
|move|p2a: Ninetales|Freeze-Dry|p1a: Cinderace
|-resisted|p1a: Cinderace
|-damage|p1a: Cinderace|72/100
|-status|p1a: Cinderace|frz
|
|-weather|Snowscape|[upkeep]
|upkeep
|turn|4
|
|t:|1743919331
|switch|p2a: Iron Thorns|Iron Thorns|100/100
|-enditem|p2a: Iron Thorns|Booster Energy
|-activate|p2a: Iron Thorns|ability: Quark Drive|[fromitem]
|-start|p2a: Iron Thorns|quarkdriveatk
|-curestatus|p1a: Cinderace|frz|[from] move: Pyro Ball
|move|p1a: Cinderace|Pyro Ball|p2a: Iron Thorns
|-resisted|p2a: Iron Thorns
|-crit|p2a: Iron Thorns
|-damage|p2a: Iron Thorns|65/100
|
|-weather|Snowscape|[upkeep]
|upkeep
|turn|5
|
|t:|1743919341
|move|p1a: Cinderace|Will-O-Wisp|p2a: Iron Thorns|[miss]
|-miss|p1a: Cinderace|p2a: Iron Thorns
|move|p2a: Iron Thorns|Dragon Dance|p2a: Iron Thorns
|-boost|p2a: Iron Thorns|atk|1
|-boost|p2a: Iron Thorns|spe|1
|
|-weather|none
|upkeep
|turn|6
|
|t:|1743919348
|switch|p1a: Landorus|Landorus-Therian, M|100/100
|-ability|p1a: Landorus|Intimidate|boost
|-unboost|p2a: Iron Thorns|atk|1
|move|p2a: Iron Thorns|Earthquake|p1a: Landorus
|-immune|p1a: Landorus
|
|upkeep
|turn|7
|
|t:|1743919358
|move|p2a: Iron Thorns|Ice Punch|p1a: Landorus
|-supereffective|p1a: Landorus
|-damage|p1a: Landorus|8/100
|-damage|p2a: Iron Thorns|49/100|[from] item: Rocky Helmet|[of] p1a: Landorus
|move|p1a: Landorus|Stealth Rock|p2a: Iron Thorns
|-sidestart|p2: FartInAJarRogue|move: Stealth Rock
|
|upkeep
|turn|8
|
|t:|1743919372
|move|p2a: Iron Thorns|Ice Punch|p1a: Landorus
|-supereffective|p1a: Landorus
|-damage|p1a: Landorus|0 fnt
|-damage|p2a: Iron Thorns|32/100|[from] item: Rocky Helmet|[of] p1a: Landorus
|faint|p1a: Landorus
|
|-sideend|p2: FartInAJarRogue|move: Aurora Veil
|upkeep
|
|t:|1743919380
|switch|p1a: Leeman|Hitmonlee, M|100/100
|turn|9
|
|t:|1743919384
|move|p1a: Leeman|Mach Punch|p2a: Iron Thorns
|-supereffective|p2a: Iron Thorns
|-crit|p2a: Iron Thorns
|-damage|p2a: Iron Thorns|0 fnt
|faint|p2a: Iron Thorns
|-end|p2a: Iron Thorns|Quark Drive|[silent]
|
|upkeep
|
|t:|1743919407
|switch|p2a: Iron Moth|Iron Moth|100/100
|-damage|p2a: Iron Moth|76/100|[from] Stealth Rock
|-enditem|p2a: Iron Moth|Booster Energy
|-activate|p2a: Iron Moth|ability: Quark Drive|[fromitem]
|-start|p2a: Iron Moth|quarkdrivespa
|turn|10
|
|t:|1743919413
|switch|p1a: Slowking|Slowking-Galar, M|100/100
|move|p2a: Iron Moth|Fiery Dance|p1a: Slowking
|-damage|p1a: Slowking|65/100
|
|upkeep
|turn|11
|
|t:|1743919422
|move|p2a: Iron Moth|Fiery Dance|p1a: Slowking
|-damage|p1a: Slowking|30/100
|-boost|p2a: Iron Moth|spa|1
|move|p1a: Slowking|Thunder Wave|p2a: Iron Moth
|-status|p2a: Iron Moth|par
|
|upkeep
|turn|12
|
|t:|1743919435
|switch|p1a: Walking Wake|Walking Wake|100/100
|cant|p2a: Iron Moth|par
|
|upkeep
|turn|13
|
|t:|1743919443
|move|p1a: Walking Wake|Draco Meteor|p2a: Iron Moth
|-damage|p2a: Iron Moth|0 fnt
|-unboost|p1a: Walking Wake|spa|2
|faint|p2a: Iron Moth
|-end|p2a: Iron Moth|Quark Drive|[silent]
|
|upkeep
|
|t:|1743919458
|switch|p2a: Clefable|Clefable, M|100/100
|-damage|p2a: Clefable|88/100|[from] Stealth Rock
|turn|14
|
|t:|1743919465
|-end|p1a: Walking Wake|Protosynthesis|[silent]
|switch|p1a: Slowking|Slowking-Galar, M|64/100
|move|p2a: Clefable|Cosmic Power|p2a: Clefable
|-boost|p2a: Clefable|def|1
|-boost|p2a: Clefable|spd|1
|
|-heal|p2a: Clefable|94/100|[from] item: Leftovers
|upkeep
|turn|15
|
|t:|1743919473
|-terastallize|p2a: Clefable|Steel
|move|p2a: Clefable|Cosmic Power|p2a: Clefable
|-boost|p2a: Clefable|def|1
|-boost|p2a: Clefable|spd|1
|-prepare|p1a: Slowking|Chilly Reception|[premajor]
|move|p1a: Slowking|Chilly Reception|p1a: Slowking
|-weather|Snowscape
|
|t:|1743919477
|switch|p1a: Leeman|Hitmonlee, M|100/100|[from] Chilly Reception
|
|-weather|Snowscape|[upkeep]
|-heal|p2a: Clefable|99/100|[from] item: Leftovers
|upkeep
|turn|16
|
|t:|1743919485
|-terastallize|p1a: Leeman|Fighting
|move|p1a: Leeman|High Jump Kick|p2a: Clefable
|-supereffective|p2a: Clefable
|-damage|p2a: Clefable|0 fnt
|faint|p2a: Clefable
|
|-weather|Snowscape|[upkeep]
|upkeep
|-message|FartInAJarRogue forfeited.
|
|win|randomheadcannon
|raw|randomheadcannon's rating: 1316 &rarr; <strong>1332</strong><br />(+16 for winning)
|raw|FartInAJarRogue's rating: 1248 &rarr; <strong>1228</strong><br />(-20 for losing)
|l|☆FartInAJarRogue
|player|p2|
