|j|☆lyk394
|j|☆ubbubbu
|t:|1743801906
|gametype|singles
|player|p1|lyk394|clown|1339
|player|p2|ubbubbu|red-masters|1371
|teamsize|p1|6
|teamsize|p2|6
|gen|9
|tier|[Gen 9] OU
|rated|
|rule|HP Percentage Mod: HP is shown in percentages
|rule|Endless Battle Clause: Forcing endless battles is banned
|rule|Species Clause: Limit one of each Pokémon
|rule|OHKO Clause: OHKO moves are banned
|rule|Evasion Items Clause: Evasion items are banned
|rule|Evasion Moves Clause: Evasion moves are banned
|rule|Sleep Moves Clause: Sleep-inducing moves are banned
|clearpoke
|poke|p1|Dragonite, M|
|poke|p1|Pecharunt|
|poke|p1|Ting-Lu|
|poke|p1|Ogerpon-Wellspring, F|
|poke|p1|Cinderace, F|
|poke|p1|Darkrai|
|poke|p2|Cinderace, F|
|poke|p2|Landorus-Therian, M|
|poke|p2|Zamazenta-*|
|poke|p2|Enamorus-Therian, F|
|poke|p2|Hoopa-Unbound|
|poke|p2|Scizor, F|
|teampreview
|
|t:|1743801936
|start
|switch|p1a: Pecharunt|Pecharunt|100/100
|switch|p2a: Scizor|Scizor, F|100/100
|-item|p1a: Pecharunt|Air Balloon
|turn|1
|
|t:|1743801954
|switch|p1a: Cinderace|Cinderace, F|100/100
|move|p2a: Scizor|Knock Off|p1a: Cinderace
|-damage|p1a: Cinderace|43/100
|-enditem|p1a: Cinderace|Heavy-Duty Boots|[from] move: Knock Off|[of] p2a: Scizor
|
|upkeep
|turn|2
|
|t:|1743801964
|switch|p2a: Landorus|Landorus-Therian, M|100/100
|-ability|p2a: Landorus|Intimidate|boost
|-unboost|p1a: Cinderace|atk|1
|move|p1a: Cinderace|Will-O-Wisp|p2a: Landorus
|-status|p2a: Landorus|brn
|
|-damage|p2a: Landorus|94/100 brn|[from] brn
|upkeep
|turn|3
|
|t:|1743801974
|move|p1a: Cinderace|U-turn|p2a: Landorus
|-start|p1a: Cinderace|typechange|Bug|[from] ability: Libero
|-resisted|p2a: Landorus
|-damage|p2a: Landorus|84/100 brn
|-damage|p1a: Cinderace|26/100|[from] item: Rocky Helmet|[of] p2a: Landorus
|
|t:|1743801997
|switch|p1a: Ogerpon|Ogerpon-Wellspring, F|100/100|[from] U-turn
|move|p2a: Landorus|U-turn|p1a: Ogerpon
|-supereffective|p1a: Ogerpon
|-damage|p1a: Ogerpon|69/100
|
|t:|1743802019
|switch|p2a: Cinderace|Cinderace, F, shiny|100/100|[from] U-turn
|
|upkeep
|turn|4
|
|t:|1743802034
|-terastallize|p1a: Ogerpon|Water
|detailschange|p1a: Ogerpon|Ogerpon-Wellspring-Tera, F, tera:Water
|-ability|p1a: Ogerpon|Embody Aspect (Wellspring)|boost
|-boost|p1a: Ogerpon|spd|1
|move|p2a: Cinderace|U-turn|p1a: Ogerpon
|-start|p2a: Cinderace|typechange|Bug|[from] ability: Libero
|-damage|p1a: Ogerpon|26/100
|
|t:|1743802054
|switch|p2a: Landorus|Landorus-Therian, M|84/100 brn|[from] U-turn
|-ability|p2a: Landorus|Intimidate|boost
|-unboost|p1a: Ogerpon|atk|1
|move|p1a: Ogerpon|Swords Dance|p1a: Ogerpon
|-boost|p1a: Ogerpon|atk|2
|
|-damage|p2a: Landorus|78/100 brn|[from] brn
|upkeep
|turn|5
|
|t:|1743802071
|move|p1a: Ogerpon|Ivy Cudgel|p2a: Landorus|[anim] Ivy Cudgel Water
|-supereffective|p2a: Landorus
|-damage|p2a: Landorus|0 fnt
|faint|p2a: Landorus
|
|upkeep
|inactive|Battle timer is ON: inactive players will automatically lose when time's up. (requested by lyk394)
|
|t:|1743802115
|switch|p2a: Cinderace|Cinderace, F, shiny|100/100
|turn|6
|
|t:|1743802128
|move|p2a: Cinderace|U-turn|p1a: Ogerpon
|-start|p2a: Cinderace|typechange|Bug|[from] ability: Libero
|-damage|p1a: Ogerpon|0 fnt
|faint|p1a: Ogerpon
|
|t:|1743802151
|switch|p2a: Enamorus|Enamorus-Therian, F|100/100|[from] U-turn
|
|upkeep
|
|t:|1743802169
|switch|p1a: Pecharunt|Pecharunt|100/100
|-item|p1a: Pecharunt|Air Balloon
|turn|7
|inactive|ubbubbu has 120 seconds left.
|
|t:|1743802197
|-terastallize|p2a: Enamorus|Ground
|move|p1a: Pecharunt|Parting Shot|p2a: Enamorus
|-unboost|p2a: Enamorus|atk|1
|-unboost|p2a: Enamorus|spa|1
|
|t:|1743802210
|switch|p1a: Darkrai|Darkrai|100/100|[from] Parting Shot
|move|p2a: Enamorus|Calm Mind|p2a: Enamorus
|-boost|p2a: Enamorus|spa|1
|-boost|p2a: Enamorus|spd|1
|
|upkeep
|turn|8
|
|t:|1743802220
|switch|p2a: Scizor|Scizor, F|100/100
|move|p1a: Darkrai|Nasty Plot|p1a: Darkrai
|-boost|p1a: Darkrai|spa|2
|
|upkeep
|turn|9
|
|t:|1743802236
|switch|p1a: Pecharunt|Pecharunt|100/100
|-item|p1a: Pecharunt|Air Balloon
|switch|p2a: Zamazenta|Zamazenta|100/100
|-ability|p2a: Zamazenta|Dauntless Shield|boost
|-boost|p2a: Zamazenta|def|1
|
|upkeep
|turn|10
|
|t:|1743802249
|move|p2a: Zamazenta|Crunch|p1a: Pecharunt
|-supereffective|p1a: Pecharunt
|-damage|p1a: Pecharunt|71/100
|-enditem|p1a: Pecharunt|Air Balloon
|move|p1a: Pecharunt|Malignant Chain|p2a: Zamazenta
|-damage|p2a: Zamazenta|72/100
|
|-heal|p2a: Zamazenta|78/100|[from] item: Leftovers
|upkeep
|turn|11
|
|t:|1743802258
|switch|p2a: Scizor|Scizor, F|100/100
|move|p1a: Pecharunt|Parting Shot|p2a: Scizor
|-unboost|p2a: Scizor|atk|1
|-unboost|p2a: Scizor|spa|1
|
|t:|1743802273
|switch|p1a: Cinderace|Cinderace, F|26/100|[from] Parting Shot
|
|upkeep
|turn|12
|
|t:|1743802290
|switch|p2a: Cinderace|Cinderace, F, shiny|100/100
|move|p1a: Cinderace|Pyro Ball|p2a: Cinderace
|-resisted|p2a: Cinderace
|-damage|p2a: Cinderace|62/100
|
|upkeep
|turn|13
|
|t:|1743802314
|move|p2a: Cinderace|Pyro Ball|p1a: Cinderace
|-resisted|p1a: Cinderace
|-damage|p1a: Cinderace|0 fnt
|faint|p1a: Cinderace
|
|upkeep
|
|t:|1743802333
|switch|p1a: Ting-Lu|Ting-Lu|100/100
|-ability|p1a: Ting-Lu|Vessel of Ruin
|turn|14
|
|t:|1743802344
|move|p2a: Cinderace|U-turn|p1a: Ting-Lu
|-start|p2a: Cinderace|typechange|Bug|[from] ability: Libero
|-supereffective|p1a: Ting-Lu
|-damage|p1a: Ting-Lu|63/100
|
|t:|1743802348
|switch|p2a: Enamorus|Enamorus-Therian, F, tera:Ground|100/100|[from] U-turn
|move|p1a: Ting-Lu|Ruination|p2a: Enamorus
|-damage|p2a: Enamorus|51/100
|
|-heal|p2a: Enamorus|57/100|[from] item: Leftovers
|-heal|p1a: Ting-Lu|69/100|[from] item: Leftovers
|upkeep
|turn|15
|
|t:|1743802360
|move|p2a: Enamorus|Draining Kiss|p1a: Ting-Lu
|-supereffective|p1a: Ting-Lu
|-damage|p1a: Ting-Lu|49/100
|-heal|p2a: Enamorus|78/100|[from] drain|[of] p1a: Ting-Lu
|move|p1a: Ting-Lu|Earthquake|p2a: Enamorus
|-damage|p2a: Enamorus|42/100
|
|-heal|p2a: Enamorus|48/100|[from] item: Leftovers
|-heal|p1a: Ting-Lu|55/100|[from] item: Leftovers
|upkeep
|turn|16
|
|t:|1743802372
|switch|p1a: Pecharunt|Pecharunt|71/100
|move|p2a: Enamorus|Iron Defense|p2a: Enamorus
|-boost|p2a: Enamorus|def|2
|
|-heal|p2a: Enamorus|53/100|[from] item: Leftovers
|upkeep
|turn|17
|
|t:|1743802382
|move|p1a: Pecharunt|Malignant Chain|p2a: Enamorus
|-resisted|p2a: Enamorus
|-damage|p2a: Enamorus|41/100
|-status|p2a: Enamorus|tox
|-start|p2a: Enamorus|confusion|[from] ability: Poison Puppeteer|[of] p1a: Pecharunt
|-activate|p2a: Enamorus|confusion
|move|p2a: Enamorus|Calm Mind|p2a: Enamorus
|-boost|p2a: Enamorus|spa|1
|-boost|p2a: Enamorus|spd|1
|
|-heal|p2a: Enamorus|47/100 tox|[from] item: Leftovers
|-damage|p2a: Enamorus|41/100 tox|[from] psn
|upkeep
|turn|18
|
|t:|1743802394
|move|p1a: Pecharunt|Hex|p2a: Enamorus
|-damage|p2a: Enamorus|20/100 tox
|-end|p2a: Enamorus|confusion
|move|p2a: Enamorus|Earth Power|p1a: Pecharunt
|-supereffective|p1a: Pecharunt
|-damage|p1a: Pecharunt|0 fnt
|faint|p1a: Pecharunt
|
|-heal|p2a: Enamorus|26/100 tox|[from] item: Leftovers
|-damage|p2a: Enamorus|14/100 tox|[from] psn
|upkeep
|
|t:|1743802406
|switch|p1a: Dragonite|Dragonite, M|100/100
|turn|19
|
|t:|1743802410
|move|p1a: Dragonite|Dragon Dance|p1a: Dragonite
|-boost|p1a: Dragonite|atk|1
|-boost|p1a: Dragonite|spe|1
|move|p2a: Enamorus|Draining Kiss|p1a: Dragonite
|-supereffective|p1a: Dragonite
|-damage|p1a: Dragonite|59/100
|-heal|p2a: Enamorus|42/100 tox|[from] drain|[of] p1a: Dragonite
|
|-heal|p2a: Enamorus|48/100 tox|[from] item: Leftovers
|-damage|p2a: Enamorus|30/100 tox|[from] psn
|upkeep
|turn|20
|
|t:|1743802432
|move|p1a: Dragonite|Extreme Speed|p2a: Enamorus
|-damage|p2a: Enamorus|10/100 tox
|move|p2a: Enamorus|Draining Kiss|p1a: Dragonite
|-supereffective|p1a: Dragonite
|-damage|p1a: Dragonite|0 fnt
|-heal|p2a: Enamorus|51/100 tox|[from] drain|[of] p1a: Dragonite
|faint|p1a: Dragonite
|
|-heal|p2a: Enamorus|57/100 tox|[from] item: Leftovers
|-damage|p2a: Enamorus|33/100 tox|[from] psn
|upkeep
|inactive|lyk394 has 120 seconds left.
|
|t:|1743802453
|switch|p1a: Darkrai|Darkrai|100/100
|turn|21
|
|t:|1743802458
|move|p1a: Darkrai|Nasty Plot|p1a: Darkrai
|-boost|p1a: Darkrai|spa|2
|move|p2a: Enamorus|Draining Kiss|p1a: Darkrai
|-supereffective|p1a: Darkrai
|-damage|p1a: Darkrai|8/100
|-heal|p2a: Enamorus|88/100 tox|[from] drain|[of] p1a: Darkrai
|
|-heal|p2a: Enamorus|94/100 tox|[from] item: Leftovers
|-damage|p2a: Enamorus|64/100 tox|[from] psn
|upkeep
|turn|22
|
|t:|1743802470
|move|p1a: Darkrai|Ice Beam|p2a: Enamorus
|-supereffective|p2a: Enamorus
|-damage|p2a: Enamorus|0 fnt
|faint|p2a: Enamorus
|
|upkeep
|
|t:|1743802479
|switch|p2a: Scizor|Scizor, F|100/100
|turn|23
|
|t:|1743802482
|move|p2a: Scizor|Bullet Punch|p1a: Darkrai
|-damage|p1a: Darkrai|0 fnt
|faint|p1a: Darkrai
|
|upkeep
|
|t:|1743802486
|switch|p1a: Ting-Lu|Ting-Lu|55/100
|-ability|p1a: Ting-Lu|Vessel of Ruin
|turn|24
|-message|lyk394 forfeited.
|
|win|ubbubbu
|raw|lyk394's rating: 1339 &rarr; <strong>1321</strong><br />(-18 for losing)
|raw|ubbubbu's rating: 1371 &rarr; <strong>1389</strong><br />(+18 for winning)
|l|☆lyk394
|player|p1|
