|j|☆jonnythocolin
|j|☆le limier
|t:|1743843619
|gametype|singles
|player|p1|jonnythocolin|li|1107
|player|p2|le limier|ghetsis|1139
|teamsize|p1|6
|teamsize|p2|6
|gen|9
|tier|[Gen 9] OU
|rated|
|rule|HP Percentage Mod: HP is shown in percentages
|rule|Endless Battle Clause: Forcing endless battles is banned
|rule|Species Clause: Limit one of each Pokémon
|rule|OHKO Clause: OHKO moves are banned
|rule|Evasion Items Clause: Evasion items are banned
|rule|Evasion Moves Clause: Evasion moves are banned
|rule|Sleep Moves Clause: Sleep-inducing moves are banned
|clearpoke
|poke|p1|Clodsire, M|
|poke|p1|Gastrodon-East, M|
|poke|p1|Ninetales-Alola, F|
|poke|p1|Skeledirge, F|
|poke|p1|Brute Bonnet|
|poke|p1|Corviknight, M|
|poke|p2|Landorus-Therian, M|
|poke|p2|Iron Valiant|
|poke|p2|Iron Treads|
|poke|p2|Darkrai|
|poke|p2|Gholdengo|
|poke|p2|Zapdos|
|teampreview
|inactive|Battle timer is ON: inactive players will automatically lose when time's up. (requested by le limier)
|
|t:|1743843640
|start
|switch|p1a: Coffi|Ninetales-Alola, F|100/100
|switch|p2a: Gholdengo|Gholdengo|100/100
|-weather|Snowscape|[from] ability: Snow Warning|[of] p1a: Coffi
|turn|1
|
|t:|1743843656
|switch|p1a: Mojoncito|Clodsire, M|100/100
|move|p2a: Gholdengo|Make It Rain|p1a: Mojoncito
|-damage|p1a: Mojoncito|75/100
|-unboost|p2a: Gholdengo|spa|1
|
|-weather|Snowscape|[upkeep]
|-heal|p1a: Mojoncito|81/100|[from] item: Leftovers
|upkeep
|turn|2
|
|t:|1743843667
|switch|p2a: Landorus|Landorus-Therian, M|100/100
|-ability|p2a: Landorus|Intimidate|boost
|-unboost|p1a: Mojoncito|atk|1
|move|p1a: Mojoncito|Toxic|p2a: Landorus
|-status|p2a: Landorus|tox
|
|-weather|Snowscape|[upkeep]
|-heal|p1a: Mojoncito|87/100|[from] item: Leftovers
|-damage|p2a: Landorus|94/100 tox|[from] psn
|upkeep
|turn|3
|
|t:|1743843678
|switch|p1a: Edgar|Corviknight, M, shiny|100/100
|move|p2a: Landorus|Stealth Rock|p1a: Edgar
|-sidestart|p1: jonnythocolin|move: Stealth Rock
|
|-weather|Snowscape|[upkeep]
|-damage|p2a: Landorus|82/100 tox|[from] psn
|upkeep
|turn|4
|
|t:|1743843692
|move|p2a: Landorus|Taunt|p1a: Edgar
|-start|p1a: Edgar|move: Taunt
|cant|p1a: Edgar|move: Taunt|Defog
|
|-weather|Snowscape|[upkeep]
|-damage|p2a: Landorus|64/100 tox|[from] psn
|upkeep
|turn|5
|
|t:|1743843700
|move|p2a: Landorus|U-turn|p1a: Edgar
|-resisted|p1a: Edgar
|-damage|p1a: Edgar|98/100
|-damage|p2a: Landorus|48/100 tox|[from] item: Rocky Helmet|[of] p1a: Edgar
|
|t:|1743843707
|switch|p2a: Zapdos|Zapdos|100/100|[from] U-turn
|move|p1a: Edgar|Brave Bird|p2a: Zapdos
|-resisted|p2a: Zapdos
|-damage|p2a: Zapdos|88/100
|-damage|p1a: Edgar|94/100|[from] Recoil
|
|-weather|none
|upkeep
|turn|6
|
|t:|1743843723
|switch|p2a: Iron Treads|Iron Treads|100/100
|switch|p1a: Scorüpi|Gastrodon-East, M, shiny|100/100
|
|upkeep
|turn|7
|
|t:|1743843730
|move|p2a: Iron Treads|Knock Off|p1a: Scorüpi
|-damage|p1a: Scorüpi|68/100
|-enditem|p1a: Scorüpi|Heavy-Duty Boots|[from] move: Knock Off|[of] p2a: Iron Treads
|move|p1a: Scorüpi|Whirlpool|p2a: Iron Treads
|-supereffective|p2a: Iron Treads
|-damage|p2a: Iron Treads|69/100
|-activate|p2a: Iron Treads|move: Whirlpool|[of] p1a: Scorüpi
|
|-heal|p2a: Iron Treads|75/100|[from] item: Leftovers
|-damage|p2a: Iron Treads|62/100|[from] move: Whirlpool|[partiallytrapped]
|upkeep
|turn|8
|
|t:|1743843744
|move|p2a: Iron Treads|Ice Spinner|p1a: Scorüpi
|-crit|p1a: Scorüpi
|-damage|p1a: Scorüpi|25/100
|move|p1a: Scorüpi|Recover|p1a: Scorüpi
|-heal|p1a: Scorüpi|75/100
|
|-heal|p2a: Iron Treads|69/100|[from] item: Leftovers
|-damage|p2a: Iron Treads|56/100|[from] move: Whirlpool|[partiallytrapped]
|upkeep
|turn|9
|
|t:|1743843754
|move|p2a: Iron Treads|Ice Spinner|p1a: Scorüpi
|-damage|p1a: Scorüpi|45/100
|move|p1a: Scorüpi|Recover|p1a: Scorüpi
|-heal|p1a: Scorüpi|96/100
|
|-heal|p2a: Iron Treads|62/100|[from] item: Leftovers
|-damage|p2a: Iron Treads|50/100|[from] move: Whirlpool|[partiallytrapped]
|upkeep
|turn|10
|
|t:|1743843764
|move|p2a: Iron Treads|Ice Spinner|p1a: Scorüpi
|-damage|p1a: Scorüpi|67/100
|move|p1a: Scorüpi|Whirlpool|p2a: Iron Treads
|-supereffective|p2a: Iron Treads
|-damage|p2a: Iron Treads|18/100
|
|-heal|p2a: Iron Treads|24/100|[from] item: Leftovers
|-damage|p2a: Iron Treads|12/100|[from] move: Whirlpool|[partiallytrapped]
|upkeep
|turn|11
|
|t:|1743843779
|move|p2a: Iron Treads|Ice Spinner|p1a: Scorüpi
|-damage|p1a: Scorüpi|40/100
|move|p1a: Scorüpi|Recover|p1a: Scorüpi
|-heal|p1a: Scorüpi|90/100
|
|-heal|p2a: Iron Treads|18/100|[from] item: Leftovers
|-damage|p2a: Iron Treads|6/100|[from] move: Whirlpool|[partiallytrapped]
|upkeep
|turn|12
|
|t:|1743843789
|move|p2a: Iron Treads|Ice Spinner|p1a: Scorüpi
|-damage|p1a: Scorüpi|63/100
|move|p1a: Scorüpi|Whirlpool|p2a: Iron Treads
|-supereffective|p2a: Iron Treads
|-damage|p2a: Iron Treads|0 fnt
|faint|p2a: Iron Treads
|-end|p2a: Iron Treads|Quark Drive|[silent]
|
|upkeep
|
|t:|1743843804
|switch|p2a: Darkrai|Darkrai|100/100
|turn|13
|
|t:|1743843812
|switch|p1a: Coffi|Ninetales-Alola, F|100/100
|-damage|p1a: Coffi|76/100|[from] Stealth Rock
|-weather|Snowscape|[from] ability: Snow Warning|[of] p1a: Coffi
|move|p2a: Darkrai|Dark Pulse|p1a: Coffi
|-resisted|p1a: Coffi
|-damage|p1a: Coffi|59/100
|
|-weather|Snowscape|[upkeep]
|upkeep
|turn|14
|
|t:|1743843828
|switch|p2a: Landorus|Landorus-Therian, M|48/100 tox
|-ability|p2a: Landorus|Intimidate|boost
|-unboost|p1a: Coffi|atk|1
|move|p1a: Coffi|Aurora Veil|p1a: Coffi
|-sidestart|p1: jonnythocolin|move: Aurora Veil
|
|-weather|Snowscape|[upkeep]
|-damage|p2a: Landorus|42/100 tox|[from] psn
|upkeep
|turn|15
|
|t:|1743843837
|move|p2a: Landorus|Earth Power|p1a: Coffi
|-damage|p1a: Coffi|47/100
|move|p1a: Coffi|Freeze-Dry|p2a: Landorus
|-supereffective|p2a: Landorus
|-damage|p2a: Landorus|0 fnt
|faint|p2a: Landorus
|
|-weather|Snowscape|[upkeep]
|upkeep
|
|t:|1743843846
|switch|p2a: Gholdengo|Gholdengo|100/100
|turn|16
|
|t:|1743843851
|switch|p2a: Darkrai|Darkrai|100/100
|move|p1a: Coffi|Pain Split|p2a: Darkrai
|-sethp|p2a: Darkrai|80/100|[from] move: Pain Split|[silent]
|-sethp|p1a: Coffi|64/100|[from] move: Pain Split
|
|-weather|Snowscape|[upkeep]
|upkeep
|turn|17
|
|t:|1743843860
|-terastallize|p2a: Darkrai|Poison
|move|p2a: Darkrai|Sludge Bomb|p1a: Coffi
|-supereffective|p1a: Coffi
|-damage|p1a: Coffi|32/100
|-status|p1a: Coffi|psn
|move|p1a: Coffi|Draining Kiss|p2a: Darkrai
|-resisted|p2a: Darkrai
|-damage|p2a: Darkrai|70/100
|-heal|p1a: Coffi|38/100 psn|[from] drain|[of] p2a: Darkrai
|
|-weather|none
|-damage|p1a: Coffi|26/100 psn|[from] psn
|upkeep
|turn|18
|
|t:|1743843873
|switch|p2a: Zapdos|Zapdos|88/100
|move|p1a: Coffi|Freeze-Dry|p2a: Zapdos
|-supereffective|p2a: Zapdos
|-crit|p2a: Zapdos
|-damage|p2a: Zapdos|32/100
|
|-damage|p1a: Coffi|13/100 psn|[from] psn
|upkeep
|turn|19
|
|t:|1743843882
|move|p1a: Coffi|Freeze-Dry|p2a: Zapdos
|-supereffective|p2a: Zapdos
|-damage|p2a: Zapdos|0 fnt
|faint|p2a: Zapdos
|
|-damage|p1a: Coffi|1/100 psn|[from] psn
|upkeep
|
|t:|1743843890
|switch|p2a: Iron Valiant|Iron Valiant|100/100
|-enditem|p2a: Iron Valiant|Booster Energy
|-activate|p2a: Iron Valiant|ability: Quark Drive|[fromitem]
|-start|p2a: Iron Valiant|quarkdrivespe
|turn|20
|
|t:|1743843899
|move|p2a: Iron Valiant|Knock Off|p1a: Coffi
|-resisted|p1a: Coffi
|-damage|p1a: Coffi|0 fnt
|-enditem|p1a: Coffi|Light Clay|[from] move: Knock Off|[of] p2a: Iron Valiant
|faint|p1a: Coffi
|
|upkeep
|
|t:|1743843910
|switch|p1a: Mojoncito|Clodsire, M|87/100
|-damage|p1a: Mojoncito|81/100|[from] Stealth Rock
|turn|21
|
|t:|1743843915
|move|p2a: Iron Valiant|Knock Off|p1a: Mojoncito
|-damage|p1a: Mojoncito|66/100
|-enditem|p1a: Mojoncito|Leftovers|[from] move: Knock Off|[of] p2a: Iron Valiant
|move|p1a: Mojoncito|Curse|p1a: Mojoncito
|-unboost|p1a: Mojoncito|spe|1
|-boost|p1a: Mojoncito|atk|1
|-boost|p1a: Mojoncito|def|1
|
|-sideend|p1: jonnythocolin|move: Aurora Veil
|upkeep
|turn|22
|
|t:|1743843925
|move|p2a: Iron Valiant|Encore|p1a: Mojoncito
|-start|p1a: Mojoncito|Encore
|move|p1a: Mojoncito|Curse|p1a: Mojoncito
|-unboost|p1a: Mojoncito|spe|1
|-boost|p1a: Mojoncito|atk|1
|-boost|p1a: Mojoncito|def|1
|
|upkeep
|turn|23
|
|t:|1743843933
|move|p2a: Iron Valiant|Moonblast|p1a: Mojoncito
|-resisted|p1a: Mojoncito
|-damage|p1a: Mojoncito|54/100
|move|p1a: Mojoncito|Curse|p1a: Mojoncito
|-unboost|p1a: Mojoncito|spe|1
|-boost|p1a: Mojoncito|atk|1
|-boost|p1a: Mojoncito|def|1
|
|upkeep
|turn|24
|
|t:|1743843941
|move|p2a: Iron Valiant|Moonblast|p1a: Mojoncito
|-resisted|p1a: Mojoncito
|-damage|p1a: Mojoncito|42/100
|move|p1a: Mojoncito|Curse|p1a: Mojoncito
|-unboost|p1a: Mojoncito|spe|1
|-boost|p1a: Mojoncito|atk|1
|-boost|p1a: Mojoncito|def|1
|
|-end|p1a: Mojoncito|Encore
|upkeep
|turn|25
|
|t:|1743843951
|move|p2a: Iron Valiant|Encore|p1a: Mojoncito
|-start|p1a: Mojoncito|Encore
|move|p1a: Mojoncito|Curse|p1a: Mojoncito
|-unboost|p1a: Mojoncito|spe|1
|-boost|p1a: Mojoncito|atk|1
|-boost|p1a: Mojoncito|def|1
|
|upkeep
|turn|26
|
|t:|1743843958
|switch|p1a: Edgar|Corviknight, M, shiny|94/100
|-damage|p1a: Edgar|82/100|[from] Stealth Rock
|move|p2a: Iron Valiant|Moonblast|p1a: Edgar
|-resisted|p1a: Edgar
|-damage|p1a: Edgar|58/100
|
|upkeep
|turn|27
|
|t:|1743843966
|move|p2a: Iron Valiant|Close Combat|p1a: Edgar
|-damage|p1a: Edgar|28/100
|-unboost|p2a: Iron Valiant|def|1
|-unboost|p2a: Iron Valiant|spd|1
|-damage|p2a: Iron Valiant|84/100|[from] item: Rocky Helmet|[of] p1a: Edgar
|move|p1a: Edgar|Brave Bird|p2a: Iron Valiant
|-supereffective|p2a: Iron Valiant
|-damage|p2a: Iron Valiant|0 fnt
|faint|p2a: Iron Valiant
|-end|p2a: Iron Valiant|Quark Drive|[silent]
|-damage|p1a: Edgar|8/100|[from] Recoil
|
|upkeep
|
|t:|1743843978
|switch|p2a: Darkrai|Darkrai, tera:Poison|70/100
|turn|28
|
|t:|1743843982
|move|p2a: Darkrai|Dark Pulse|p1a: Edgar
|-damage|p1a: Edgar|0 fnt
|faint|p1a: Edgar
|
|upkeep
|
|t:|1743843989
|switch|p1a: Mojoncito|Clodsire, M|42/100
|-damage|p1a: Mojoncito|36/100|[from] Stealth Rock
|turn|29
|
|t:|1743843995
|-terastallize|p1a: Mojoncito|Dark
|move|p2a: Darkrai|Dark Pulse|p1a: Mojoncito
|-resisted|p1a: Mojoncito
|-damage|p1a: Mojoncito|25/100
|move|p1a: Mojoncito|Recover|p1a: Mojoncito
|-heal|p1a: Mojoncito|75/100
|
|upkeep
|turn|30
|
|t:|1743844004
|switch|p2a: Gholdengo|Gholdengo|100/100
|move|p1a: Mojoncito|Recover|p1a: Mojoncito
|-heal|p1a: Mojoncito|100/100
|
|upkeep
|turn|31
|
|t:|1743844012
|move|p2a: Gholdengo|Nasty Plot|p2a: Gholdengo
|-boost|p2a: Gholdengo|spa|2
|move|p1a: Mojoncito|Earthquake|p2a: Gholdengo
|-supereffective|p2a: Gholdengo
|-damage|p2a: Gholdengo|64/100
|
|upkeep
|turn|32
|
|t:|1743844019
|move|p2a: Gholdengo|Nasty Plot|p2a: Gholdengo
|-boost|p2a: Gholdengo|spa|2
|move|p1a: Mojoncito|Curse|p1a: Mojoncito
|-unboost|p1a: Mojoncito|spe|1
|-boost|p1a: Mojoncito|atk|1
|-boost|p1a: Mojoncito|def|1
|
|upkeep
|turn|33
|
|t:|1743844027
|move|p2a: Gholdengo|Recover|p2a: Gholdengo
|-heal|p2a: Gholdengo|100/100
|move|p1a: Mojoncito|Earthquake|p2a: Gholdengo
|-supereffective|p2a: Gholdengo
|-damage|p2a: Gholdengo|43/100
|
|upkeep
|turn|34
|
|t:|1743844035
|move|p2a: Gholdengo|Make It Rain|p1a: Mojoncito
|-damage|p1a: Mojoncito|72/100
|-unboost|p2a: Gholdengo|spa|1
|move|p1a: Mojoncito|Curse|p1a: Mojoncito
|-unboost|p1a: Mojoncito|spe|1
|-boost|p1a: Mojoncito|atk|1
|-boost|p1a: Mojoncito|def|1
|
|upkeep
|turn|35
|
|t:|1743844046
|move|p2a: Gholdengo|Make It Rain|p1a: Mojoncito
|-damage|p1a: Mojoncito|43/100
|-unboost|p2a: Gholdengo|spa|1
|move|p1a: Mojoncito|Recover|p1a: Mojoncito
|-heal|p1a: Mojoncito|93/100
|
|upkeep
|turn|36
|
|t:|1743844055
|move|p2a: Gholdengo|Make It Rain|p1a: Mojoncito
|-damage|p1a: Mojoncito|64/100
|-unboost|p2a: Gholdengo|spa|1
|move|p1a: Mojoncito|Earthquake|p2a: Gholdengo
|-supereffective|p2a: Gholdengo
|-damage|p2a: Gholdengo|0 fnt
|faint|p2a: Gholdengo
|
|upkeep
|
|t:|1743844064
|switch|p2a: Darkrai|Darkrai, tera:Poison|70/100
|turn|37
|
|t:|1743844072
|move|p2a: Darkrai|Trick|p1a: Mojoncito
|-activate|p2a: Darkrai|move: Trick|[of] p1a: Mojoncito
|-item|p1a: Mojoncito|Choice Scarf|[from] move: Trick
|-enditem|p2a: Darkrai|Choice Scarf|[silent]|[from] move: Trick
|move|p1a: Mojoncito|Earthquake|p2a: Darkrai
|-supereffective|p2a: Darkrai
|-damage|p2a: Darkrai|0 fnt
|faint|p2a: Darkrai
|
|win|jonnythocolin
|raw|jonnythocolin's rating: 1107 &rarr; <strong>1134</strong><br />(+27 for winning)
|raw|le limier's rating: 1139 &rarr; <strong>1112</strong><br />(-27 for losing)
|l|☆le limier
|player|p2|
|l|☆jonnythocolin
|player|p1|
