|j|☆leafsaber47
|j|☆Kanto's Finest
|t:|1743800189
|gametype|singles
|player|p1|leafsaber47|nurseryaide|1143
|player|p2|Kanto's Finest|tamer-gen1rb|1105
|teamsize|p1|6
|teamsize|p2|6
|gen|9
|tier|[Gen 9] OU
|rated|
|rule|HP Percentage Mod: HP is shown in percentages
|rule|Endless Battle Clause: Forcing endless battles is banned
|rule|Species Clause: Limit one of each Pokémon
|rule|OHKO Clause: OHKO moves are banned
|rule|Evasion Items Clause: Evasion items are banned
|rule|Evasion Moves Clause: Evasion moves are banned
|rule|Sleep Moves Clause: Sleep-inducing moves are banned
|clearpoke
|poke|p1|Dragonite, F|
|poke|p1|Serperior, M|
|poke|p1|Garchomp, M|
|poke|p1|Weavile, F|
|poke|p1|Meowscarada, M|
|poke|p1|Cinderace, M|
|poke|p2|Clefable, M|
|poke|p2|Golduck, M|
|poke|p2|Tentacruel, F|
|poke|p2|Chansey, F|
|poke|p2|Exeggutor, M|
|poke|p2|Electrode|
|teampreview
|inactive|Battle timer is ON: inactive players will automatically lose when time's up. (requested by leafsaber47)
|c|☆leafsaber47|glm8
|
|t:|1743800199
|start
|switch|p1a: Al|Weavile, F|100/100
|switch|p2a: Electrode|Electrode|100/100
|-ability|p1a: Al|Pressure
|turn|1
|c|☆Kanto's Finest|;}
|
|t:|1743800209
|move|p2a: Electrode|Discharge|p1a: Al
|-damage|p1a: Al|55/100
|-status|p1a: Al|par
|move|p1a: Al|Knock Off|p2a: Electrode
|-damage|p2a: Electrode|0 fnt
|-damage|p1a: Al|30/100 par|[from] ability: Aftermath|[of] p2a: Electrode
|-enditem|p2a: Electrode|Light Clay|[from] move: Knock Off|[of] p1a: Al
|faint|p2a: Electrode
|
|upkeep
|inactive|Kanto's Finest has 120 seconds left.
|
|t:|1743800250
|switch|p2a: Golduck|Golduck, M|100/100
|-ability|p2a: Golduck|Cloud Nine
|turn|2
|
|t:|1743800256
|switch|p1a: Lyney|Meowscarada, M, shiny|100/100
|move|p2a: Golduck|Whirlpool|p1a: Lyney|[miss]
|-miss|p2a: Golduck|p1a: Lyney
|
|upkeep
|turn|3
|inactive|Kanto's Finest has 120 seconds left.
|
|t:|1743800267
|-terastallize|p2a: Golduck|Dragon
|move|p1a: Lyney|Flower Trick|p2a: Golduck
|-start|p1a: Lyney|typechange|Grass|[from] ability: Protean
|-resisted|p2a: Golduck
|-crit|p2a: Golduck
|-damage|p2a: Golduck|75/100
|move|p2a: Golduck|Whirlpool|p1a: Lyney
|-resisted|p1a: Lyney
|-damage|p1a: Lyney|92/100
|-activate|p1a: Lyney|move: Whirlpool|[of] p2a: Golduck
|
|-damage|p1a: Lyney|80/100|[from] move: Whirlpool|[partiallytrapped]
|upkeep
|turn|4
|inactive|Kanto's Finest has 120 seconds left.
|
|t:|1743800279
|move|p2a: Golduck|Protect|p2a: Golduck
|-singleturn|p2a: Golduck|Protect
|move|p1a: Lyney|Flower Trick|p2a: Golduck
|-activate|p2a: Golduck|move: Protect
|
|-damage|p1a: Lyney|68/100|[from] move: Whirlpool|[partiallytrapped]
|upkeep
|turn|5
|inactive|Kanto's Finest has 120 seconds left.
|
|t:|1743800287
|move|p1a: Lyney|Flower Trick|p2a: Golduck
|-resisted|p2a: Golduck
|-crit|p2a: Golduck
|-damage|p2a: Golduck|46/100
|move|p2a: Golduck|Disable|p1a: Lyney
|-start|p1a: Lyney|Disable|Flower Trick
|
|-damage|p1a: Lyney|55/100|[from] move: Whirlpool|[partiallytrapped]
|upkeep
|turn|6
|
|t:|1743800295
|-activate|p1a: Lyney|move: Struggle
|move|p1a: Lyney|Struggle|p2a: Golduck
|-damage|p2a: Golduck|27/100
|-damage|p1a: Lyney|30/100|[from] recoil
|move|p2a: Golduck|Encore||[still]
|-fail|p2a: Golduck
|
|-damage|p1a: Lyney|18/100|[from] move: Whirlpool|[partiallytrapped]
|upkeep
|turn|7
|
|t:|1743800306
|move|p2a: Golduck|Protect|p2a: Golduck
|-singleturn|p2a: Golduck|Protect
|-activate|p1a: Lyney|move: Struggle
|move|p1a: Lyney|Struggle|p2a: Golduck
|-activate|p2a: Golduck|move: Protect
|
|-damage|p1a: Lyney|6/100|[from] move: Whirlpool|[partiallytrapped]
|upkeep
|turn|8
|
|t:|1743800313
|switch|p2a: Exeggutor|Exeggutor, M|100/100
|-activate|p1a: Lyney|move: Struggle
|move|p1a: Lyney|Struggle|p2a: Exeggutor
|-damage|p2a: Exeggutor|90/100
|-damage|p1a: Lyney|0 fnt|[from] recoil
|faint|p1a: Lyney
|
|upkeep
|
|t:|1743800323
|switch|p1a: Typhon|Garchomp, M, shiny|100/100
|turn|9
|
|t:|1743800326
|move|p1a: Typhon|Stealth Rock|p2a: Exeggutor
|-sidestart|p2: Kanto's Finest|move: Stealth Rock
|move|p2a: Exeggutor|Leech Seed|p1a: Typhon
|-start|p1a: Typhon|move: Leech Seed
|
|-damage|p1a: Typhon|88/100|[from] Leech Seed|[of] p2a: Exeggutor
|-heal|p2a: Exeggutor|100/100|[silent]
|upkeep
|turn|10
|
|t:|1743800335
|switch|p1a: King Kazma|Cinderace, M|100/100
|move|p2a: Exeggutor|Curse|p2a: Exeggutor
|-unboost|p2a: Exeggutor|spe|1
|-boost|p2a: Exeggutor|atk|1
|-boost|p2a: Exeggutor|def|1
|
|upkeep
|turn|11
|
|t:|1743800345
|move|p1a: King Kazma|U-turn|p2a: Exeggutor
|-start|p1a: King Kazma|typechange|Bug|[from] ability: Libero
|-supereffective|p2a: Exeggutor
|-crit|p2a: Exeggutor
|-damage|p2a: Exeggutor|0 fnt
|faint|p2a: Exeggutor
|
|t:|1743800350
|switch|p1a: Susie|Dragonite, F, shiny|100/100|[from] U-turn
|
|upkeep
|c|☆Kanto's Finest|-___-
|
|t:|1743800355
|switch|p2a: Clefable|Clefable, M|100/100
|-damage|p2a: Clefable|88/100|[from] Stealth Rock
|turn|12
|
|t:|1743800362
|switch|p1a: King Kazma|Cinderace, M|100/100
|move|p2a: Clefable|Cosmic Power|p2a: Clefable
|-boost|p2a: Clefable|def|1
|-boost|p2a: Clefable|spd|1
|
|upkeep
|turn|13
|
|t:|1743800369
|move|p1a: King Kazma|Pyro Ball|p2a: Clefable
|-damage|p2a: Clefable|55/100
|-enditem|p2a: Clefable|Red Card|[of] p1a: King Kazma
|drag|p1a: Zuo Le|Serperior, M, shiny|100/100
|move|p2a: Clefable|Cosmic Power|p2a: Clefable
|-boost|p2a: Clefable|def|1
|-boost|p2a: Clefable|spd|1
|
|upkeep
|turn|14
|
|t:|1743800377
|move|p1a: Zuo Le|Glare|p2a: Clefable
|-status|p2a: Clefable|par
|move|p2a: Clefable|Moonlight|p2a: Clefable
|-heal|p2a: Clefable|100/100 par
|
|upkeep
|turn|15
|
|t:|1743800386
|move|p1a: Zuo Le|Substitute|p1a: Zuo Le
|-start|p1a: Zuo Le|Substitute
|-damage|p1a: Zuo Le|76/100
|move|p2a: Clefable|Cosmic Power|p2a: Clefable
|-boost|p2a: Clefable|def|1
|-boost|p2a: Clefable|spd|1
|
|-heal|p1a: Zuo Le|82/100|[from] item: Leftovers
|upkeep
|turn|16
|
|t:|1743800396
|move|p1a: Zuo Le|Leaf Storm|p2a: Clefable
|-damage|p2a: Clefable|85/100 par
|-boost|p1a: Zuo Le|spa|2
|cant|p2a: Clefable|par
|
|-heal|p1a: Zuo Le|88/100|[from] item: Leftovers
|upkeep
|turn|17
|
|t:|1743800403
|move|p1a: Zuo Le|Leaf Storm|p2a: Clefable
|-damage|p2a: Clefable|68/100 par
|-boost|p1a: Zuo Le|spa|2
|move|p2a: Clefable|Flamethrower|p1a: Zuo Le
|-supereffective|p1a: Zuo Le
|-end|p1a: Zuo Le|Substitute
|
|-heal|p1a: Zuo Le|94/100|[from] item: Leftovers
|upkeep
|turn|18
|
|t:|1743800414
|switch|p1a: Typhon|Garchomp, M, shiny|88/100
|cant|p2a: Clefable|par
|
|upkeep
|turn|19
|
|t:|1743800422
|move|p1a: Typhon|Earthquake|p2a: Clefable
|-damage|p2a: Clefable|51/100 par
|move|p2a: Clefable|Moonlight|p2a: Clefable
|-heal|p2a: Clefable|100/100 par
|
|upkeep
|turn|20
|
|t:|1743800428
|move|p1a: Typhon|Earthquake|p2a: Clefable
|-damage|p2a: Clefable|85/100 par
|cant|p2a: Clefable|par
|
|upkeep
|turn|21
|
|t:|1743800433
|move|p1a: Typhon|Stone Edge|p2a: Clefable
|-damage|p2a: Clefable|76/100 par
|move|p2a: Clefable|Cosmic Power|p2a: Clefable
|-boost|p2a: Clefable|def|1
|-boost|p2a: Clefable|spd|1
|
|upkeep
|turn|22
|
|t:|1743800441
|switch|p1a: Al|Weavile, F|30/100 par
|-ability|p1a: Al|Pressure
|move|p2a: Clefable|Cosmic Power|p2a: Clefable
|-boost|p2a: Clefable|def|1
|-boost|p2a: Clefable|spd|1
|
|upkeep
|turn|23
|
|t:|1743800449
|move|p1a: Al|Triple Axel|p2a: Clefable|[miss]
|-miss|p1a: Al|p2a: Clefable
|move|p2a: Clefable|Flamethrower|p1a: Al
|-supereffective|p1a: Al
|-damage|p1a: Al|0 fnt
|faint|p1a: Al
|
|upkeep
|c|☆Kanto's Finest|gg bb
|
|t:|1743800473
|switch|p1a: Typhon|Garchomp, M, shiny|88/100
|turn|24
|
|t:|1743800480
|move|p1a: Typhon|Earthquake|p2a: Clefable
|-damage|p2a: Clefable|65/100 par
|move|p2a: Clefable|Cosmic Power|p2a: Clefable
|-boost|p2a: Clefable|def|1
|-boost|p2a: Clefable|spd|1
|
|upkeep
|turn|25
|
|t:|1743800488
|move|p1a: Typhon|Stone Edge|p2a: Clefable
|-damage|p2a: Clefable|58/100 par
|cant|p2a: Clefable|par
|
|upkeep
|turn|26
|
|t:|1743800493
|move|p1a: Typhon|Stone Edge|p2a: Clefable
|-damage|p2a: Clefable|52/100 par
|move|p2a: Clefable|Moonlight|p2a: Clefable
|-heal|p2a: Clefable|100/100 par
|
|upkeep
|turn|27
|
|t:|1743800499
|move|p1a: Typhon|Stone Edge|p2a: Clefable
|-damage|p2a: Clefable|94/100 par
|move|p2a: Clefable|Stored Power|p1a: Typhon
|-damage|p1a: Typhon|31/100
|
|upkeep
|turn|28
|
|t:|1743800504
|move|p1a: Typhon|Stone Edge|p2a: Clefable
|-damage|p2a: Clefable|87/100 par
|move|p2a: Clefable|Stored Power|p1a: Typhon
|-damage|p1a: Typhon|0 fnt
|faint|p1a: Typhon
|
|upkeep
|
|t:|1743800512
|switch|p1a: Zuo Le|Serperior, M, shiny|94/100
|turn|29
|
|t:|1743800519
|-terastallize|p1a: Zuo Le|Fire
|move|p1a: Zuo Le|Tera Blast|p2a: Clefable|[anim] Tera Blast Fire
|-damage|p2a: Clefable|80/100 par
|move|p2a: Clefable|Flamethrower|p1a: Zuo Le
|-resisted|p1a: Zuo Le
|-damage|p1a: Zuo Le|82/100
|
|-heal|p1a: Zuo Le|88/100|[from] item: Leftovers
|upkeep
|turn|30
|
|t:|1743800528
|switch|p1a: King Kazma|Cinderace, M|100/100
|move|p2a: Clefable|Stored Power|p1a: King Kazma
|-damage|p1a: King Kazma|25/100
|
|upkeep
|turn|31
|
|t:|1743800536
|move|p1a: King Kazma|Pyro Ball|p2a: Clefable
|-damage|p2a: Clefable|67/100 par
|move|p2a: Clefable|Stored Power|p1a: King Kazma
|-damage|p1a: King Kazma|0 fnt
|faint|p1a: King Kazma
|
|upkeep
|
|t:|1743800541
|switch|p1a: Susie|Dragonite, F, shiny|100/100
|turn|32
|
|t:|1743800545
|move|p1a: Susie|Earthquake|p2a: Clefable
|-damage|p2a: Clefable|59/100 par
|move|p2a: Clefable|Stored Power|p1a: Susie
|-damage|p1a: Susie|69/100
|
|upkeep
|turn|33
|
|t:|1743800553
|move|p1a: Susie|Earthquake|p2a: Clefable
|-damage|p2a: Clefable|50/100 par
|move|p2a: Clefable|Moonlight|p2a: Clefable
|-heal|p2a: Clefable|99/100 par
|
|upkeep
|turn|34
|
|t:|1743800558
|move|p1a: Susie|Dragon Dance|p1a: Susie
|-boost|p1a: Susie|atk|1
|-boost|p1a: Susie|spe|1
|move|p2a: Clefable|Stored Power|p1a: Susie
|-damage|p1a: Susie|3/100
|
|upkeep
|turn|35
|
|t:|1743800572
|move|p1a: Susie|Extreme Speed|p2a: Clefable
|-enditem|p1a: Susie|Normal Gem|[from] gem
|-damage|p2a: Clefable|91/100 par
|move|p2a: Clefable|Stored Power|p1a: Susie
|-damage|p1a: Susie|0 fnt
|faint|p1a: Susie
|
|upkeep
|
|t:|1743800578
|switch|p1a: Zuo Le|Serperior, M, shiny, tera:Fire|88/100
|turn|36
|
|t:|1743800582
|move|p1a: Zuo Le|Tera Blast|p2a: Clefable|[anim] Tera Blast Fire
|-damage|p2a: Clefable|84/100 par
|cant|p2a: Clefable|par
|
|-heal|p1a: Zuo Le|94/100|[from] item: Leftovers
|upkeep
|turn|37
|
|t:|1743800588
|move|p1a: Zuo Le|Substitute|p1a: Zuo Le
|-start|p1a: Zuo Le|Substitute
|-damage|p1a: Zuo Le|69/100
|move|p2a: Clefable|Stored Power|p1a: Zuo Le
|-end|p1a: Zuo Le|Substitute
|
|-heal|p1a: Zuo Le|75/100|[from] item: Leftovers
|upkeep
|turn|38
|
|t:|1743800595
|move|p1a: Zuo Le|Leaf Storm|p2a: Clefable
|-crit|p2a: Clefable
|-damage|p2a: Clefable|23/100 par
|-boost|p1a: Zuo Le|spa|2
|move|p2a: Clefable|Stored Power|p1a: Zuo Le
|-damage|p1a: Zuo Le|3/100
|
|-heal|p1a: Zuo Le|9/100|[from] item: Leftovers
|upkeep
|turn|39
|
|t:|1743800603
|move|p1a: Zuo Le|Leaf Storm|p2a: Clefable
|-damage|p2a: Clefable|13/100 par
|-boost|p1a: Zuo Le|spa|2
|cant|p2a: Clefable|par
|
|-heal|p1a: Zuo Le|15/100|[from] item: Leftovers
|upkeep
|turn|40
|
|t:|1743800610
|move|p1a: Zuo Le|Leaf Storm|p2a: Clefable
|-damage|p2a: Clefable|3/100 par
|-boost|p1a: Zuo Le|spa|2
|move|p2a: Clefable|Stored Power|p1a: Zuo Le
|-damage|p1a: Zuo Le|0 fnt
|faint|p1a: Zuo Le
|
|win|Kanto's Finest
|raw|leafsaber47's rating: 1143 &rarr; <strong>1115</strong><br />(-28 for losing)
|raw|Kanto&apos;s Finest's rating: 1105 &rarr; <strong>1133</strong><br />(+28 for winning)
|l|☆Kanto's Finest
|player|p2|
|c|☆leafsaber47|gg
|l|☆leafsaber47
|player|p1|
