|j|☆sikaz
|j|☆ezochop
|t:|1743851931
|gametype|singles
|player|p1|sikaz|crasherwake|1306
|player|p2|ezochop|102|1256
|teamsize|p1|6
|teamsize|p2|6
|gen|9
|tier|[Gen 9] OU
|rated|
|rule|HP Percentage Mod: HP is shown in percentages
|rule|Endless Battle Clause: Forcing endless battles is banned
|rule|Species Clause: Limit one of each Pokémon
|rule|OHKO Clause: OHKO moves are banned
|rule|Evasion Items Clause: Evasion items are banned
|rule|Evasion Moves Clause: Evasion moves are banned
|rule|Sleep Moves Clause: Sleep-inducing moves are banned
|clearpoke
|poke|p1|Rillaboom, F|
|poke|p1|Iron Moth|
|poke|p1|Greninja-*, M|
|poke|p1|Hawlucha, F|
|poke|p1|Corviknight, F|
|poke|p1|Cinderace, F|
|poke|p2|Azumarill, F|
|poke|p2|Charizard, F|
|poke|p2|Corviknight, F|
|poke|p2|Meowscarada, F|
|poke|p2|Ninetales-Alola, M|
|poke|p2|Conkeldurr, F|
|teampreview
|
|t:|1743851948
|start
|switch|p1a: Iron Moth|Iron Moth|100/100
|switch|p2a: Conkeldurr|Conkeldurr, F|100/100
|turn|1
|inactive|Battle timer is ON: inactive players will automatically lose when time's up. (requested by sikaz)
|
|t:|1743851963
|switch|p2a: Corviknight|Corviknight, F, shiny|100/100
|-ability|p2a: Corviknight|Unnerve
|move|p1a: Iron Moth|U-turn|p2a: Corviknight
|-resisted|p2a: Corviknight
|-damage|p2a: Corviknight|98/100
|
|t:|1743851967
|-end|p1a: Iron Moth|Quark Drive|[silent]
|switch|p1a: Cinderace|Cinderace, F|100/100|[from] U-turn
|
|-heal|p2a: Corviknight|100/100|[from] item: Leftovers
|upkeep
|turn|2
|
|t:|1743851977
|move|p1a: Cinderace|Pyro Ball|p2a: Corviknight
|-supereffective|p2a: Corviknight
|-damage|p2a: Corviknight|10/100
|move|p2a: Corviknight|Brave Bird|p1a: Cinderace
|-damage|p1a: Cinderace|29/100
|-damage|p2a: Corviknight|0 fnt|[from] Recoil
|faint|p2a: Corviknight
|
|upkeep
|
|t:|1743851992
|switch|p2a: Azumarill|Azumarill, F|100/100
|turn|3
|
|t:|1743852008
|switch|p1a: Corviknight|Corviknight, F|100/100
|-ability|p1a: Corviknight|Pressure
|move|p2a: Azumarill|Knock Off|p1a: Corviknight
|-damage|p1a: Corviknight|59/100
|-damage|p2a: Azumarill|84/100|[from] item: Rocky Helmet|[of] p1a: Corviknight
|-enditem|p1a: Corviknight|Rocky Helmet|[from] move: Knock Off|[of] p2a: Azumarill
|-damage|p2a: Azumarill|74/100|[from] item: Life Orb
|
|upkeep
|turn|4
|
|t:|1743852021
|switch|p1a: Rillaboom|Rillaboom, F|100/100
|-fieldstart|move: Grassy Terrain|[from] ability: Grassy Surge|[of] p1a: Rillaboom
|switch|p2a: Conkeldurr|Conkeldurr, F|100/100
|
|upkeep
|turn|5
|
|t:|1743852042
|move|p1a: Rillaboom|Wood Hammer|p2a: Conkeldurr
|-crit|p2a: Conkeldurr
|-damage|p2a: Conkeldurr|0 fnt
|faint|p2a: Conkeldurr
|-damage|p1a: Rillaboom|60/100|[from] Recoil
|
|-heal|p1a: Rillaboom|66/100|[from] Grassy Terrain
|upkeep
|
|t:|1743852049
|switch|p2a: Charizard|Charizard, F|100/100
|turn|6
|
|t:|1743852059
|switch|p1a: Iron Moth|Iron Moth|100/100
|move|p2a: Charizard|Air Slash|p1a: Iron Moth
|-damage|p1a: Iron Moth|64/100
|
|-heal|p1a: Iron Moth|70/100|[from] Grassy Terrain
|upkeep
|turn|7
|
|t:|1743852066
|move|p1a: Iron Moth|Sludge Wave|p2a: Charizard
|-damage|p2a: Charizard|53/100
|move|p2a: Charizard|Scorching Sands|p1a: Iron Moth
|-supereffective|p1a: Iron Moth
|-damage|p1a: Iron Moth|0 fnt
|faint|p1a: Iron Moth
|-end|p1a: Iron Moth|Quark Drive|[silent]
|
|upkeep
|
|t:|1743852071
|switch|p1a: Greninja|Greninja, M|100/100
|turn|8
|
|t:|1743852082
|switch|p2a: Ninetales|Ninetales-Alola, M, shiny|100/100
|-weather|Snowscape|[from] ability: Snow Warning|[of] p2a: Ninetales
|move|p1a: Greninja|Water Shuriken|p2a: Ninetales
|-damage|p2a: Ninetales|93/100
|-damage|p2a: Ninetales|84/100
|-damage|p2a: Ninetales|76/100
|-damage|p2a: Ninetales|67/100
|-damage|p2a: Ninetales|59/100
|-hitcount|p2a: Ninetales|5
|
|-weather|Snowscape|[upkeep]
|-heal|p2a: Ninetales|65/100|[from] Grassy Terrain
|-fieldend|move: Grassy Terrain
|upkeep
|turn|9
|
|t:|1743852100
|switch|p1a: Cinderace|Cinderace, F|29/100
|move|p2a: Ninetales|Aurora Veil|p2a: Ninetales
|-sidestart|p2: ezochop|move: Aurora Veil
|
|-weather|Snowscape|[upkeep]
|upkeep
|turn|10
|
|t:|1743852109
|-terastallize|p2a: Ninetales|Fairy
|move|p1a: Cinderace|Court Change|p1a: Cinderace
|-start|p1a: Cinderace|typechange|Normal|[from] ability: Libero
|-swapsideconditions
|-activate|p1a: Cinderace|move: Court Change
|move|p2a: Ninetales|Dazzling Gleam|p1a: Cinderace
|-damage|p1a: Cinderace|0 fnt
|faint|p1a: Cinderace
|
|-weather|Snowscape|[upkeep]
|upkeep
|
|t:|1743852120
|switch|p1a: Rillaboom|Rillaboom, F|66/100
|-fieldstart|move: Grassy Terrain|[from] ability: Grassy Surge|[of] p1a: Rillaboom
|turn|11
|
|t:|1743852125
|move|p2a: Ninetales|Weather Ball|p1a: Rillaboom
|-supereffective|p1a: Rillaboom
|-damage|p1a: Rillaboom|17/100
|move|p1a: Rillaboom|Wood Hammer|p2a: Ninetales
|-damage|p2a: Ninetales|0 fnt
|faint|p2a: Ninetales
|-damage|p1a: Rillaboom|0 fnt|[from] Recoil
|faint|p1a: Rillaboom
|
|-weather|Snowscape|[upkeep]
|upkeep
|
|t:|1743852137
|switch|p2a: Azumarill|Azumarill, F|74/100
|switch|p1a: Hawlucha|Hawlucha, F|100/100
|-enditem|p1a: Hawlucha|Grassy Seed
|-boost|p1a: Hawlucha|def|1|[from] item: Grassy Seed
|turn|12
|
|t:|1743852144
|-terastallize|p1a: Hawlucha|Flying
|move|p1a: Hawlucha|Acrobatics|p2a: Azumarill
|-damage|p2a: Azumarill|14/100
|move|p2a: Azumarill|Play Rough|p1a: Hawlucha
|-damage|p1a: Hawlucha|66/100
|-damage|p2a: Azumarill|4/100|[from] item: Life Orb
|
|-weather|none
|-heal|p2a: Azumarill|10/100|[from] Grassy Terrain
|upkeep
|turn|13
|
|t:|1743852154
|move|p2a: Azumarill|Aqua Jet|p1a: Hawlucha
|-damage|p1a: Hawlucha|52/100
|-damage|p2a: Azumarill|0 fnt|[from] item: Life Orb
|faint|p2a: Azumarill
|move|p1a: Hawlucha|Acrobatics|p2: Azumarill|[notarget]
|-fail|p1a: Hawlucha
|
|upkeep
|
|t:|1743852164
|switch|p2a: Meowscarada|Meowscarada, F|100/100
|turn|14
|
|t:|1743852171
|move|p1a: Hawlucha|Acrobatics|p2a: Meowscarada
|-supereffective|p2a: Meowscarada
|-enditem|p2a: Meowscarada|Focus Sash
|-damage|p2a: Meowscarada|1/100
|move|p2a: Meowscarada|Flower Trick|p1a: Hawlucha
|-resisted|p1a: Hawlucha
|-crit|p1a: Hawlucha
|-damage|p1a: Hawlucha|0 fnt
|faint|p1a: Hawlucha
|
|-heal|p2a: Meowscarada|7/100|[from] Grassy Terrain
|upkeep
|
|t:|1743852175
|switch|p1a: Greninja|Greninja, M|100/100
|turn|15
|
|t:|1743852186
|move|p1a: Greninja|Water Shuriken|p2a: Meowscarada
|-resisted|p2a: Meowscarada
|-damage|p2a: Meowscarada|2/100
|-resisted|p2a: Meowscarada
|-damage|p2a: Meowscarada|0 fnt
|faint|p2a: Meowscarada
|-ability|p1a: Greninja|Battle Bond|boost
|-boost|p1a: Greninja|atk|1
|-boost|p1a: Greninja|spa|1
|-boost|p1a: Greninja|spe|1
|-activate|p1a: Greninja|ability: Battle Bond
|-hitcount|p2: Meowscarada|2
|
|-fieldend|move: Grassy Terrain
|upkeep
|
|t:|1743852197
|switch|p2a: Charizard|Charizard, F|53/100
|turn|16
|c|☆sikaz|gg
|
|t:|1743852203
|move|p1a: Greninja|Water Shuriken|p2a: Charizard
|-supereffective|p2a: Charizard
|-damage|p2a: Charizard|34/100
|-supereffective|p2a: Charizard
|-damage|p2a: Charizard|16/100
|-supereffective|p2a: Charizard
|-damage|p2a: Charizard|0 fnt
|faint|p2a: Charizard
|-hitcount|p2: Charizard|3
|
|win|sikaz
|raw|sikaz's rating: 1306 &rarr; <strong>1323</strong><br />(+17 for winning)
|raw|ezochop's rating: 1256 &rarr; <strong>1235</strong><br />(-21 for losing)
|l|☆sikaz
|player|p1|
