|j|☆Baxpertsaurclef
|j|☆randomheadcannon
|t:|1743873204
|gametype|singles
|player|p1|Baxpertsaurclef|266|1347
|player|p2|randomheadcannon|102|1321
|teamsize|p1|6
|teamsize|p2|6
|gen|9
|tier|[Gen 9] OU
|rated|
|rule|HP Percentage Mod: HP is shown in percentages
|rule|Endless Battle Clause: Forcing endless battles is banned
|rule|Species Clause: Limit one of each Pokémon
|rule|OHKO Clause: OHKO moves are banned
|rule|Evasion Items Clause: Evasion items are banned
|rule|Evasion Moves Clause: Evasion moves are banned
|rule|Sleep Moves Clause: Sleep-inducing moves are banned
|clearpoke
|poke|p1|Azumarill, M|
|poke|p1|Kommo-o, M|
|poke|p1|Clefable, M|
|poke|p1|Corviknight, M|
|poke|p1|Ninetales-Alola, M|
|poke|p1|Arcanine-Hisui, M|
|poke|p2|Walking Wake|
|poke|p2|Meowscarada, M|
|poke|p2|Landorus-Therian, M|
|poke|p2|Hitmonlee, M|
|poke|p2|Slowking-Galar, M|
|poke|p2|Cinderace, M|
|teampreview
|inactive|Battle timer is ON: inactive players will automatically lose when time's up. (requested by Baxpertsaurclef)
|j| Socomin
|
|t:|1743873238
|start
|switch|p1a: Arcanine|Arcanine-Hisui, M|100/100
|switch|p2a: Cinderace|Cinderace, M|100/100
|turn|1
|
|t:|1743873250
|move|p2a: Cinderace|U-turn|p1a: Arcanine
|-resisted|p1a: Arcanine
|-damage|p1a: Arcanine|90/100
|
|t:|1743873255
|switch|p2a: Landorus|Landorus-Therian, M|100/100|[from] U-turn
|-ability|p2a: Landorus|Intimidate|boost
|-unboost|p1a: Arcanine|atk|1
|move|p1a: Arcanine|Flare Blitz|p2a: Landorus
|-damage|p2a: Landorus|56/100
|-damage|p1a: Arcanine|73/100|[from] item: Rocky Helmet|[of] p2a: Landorus
|
|upkeep
|turn|2
|
|t:|1743873265
|switch|p1a: Corviknight|Corviknight, M, shiny|100/100
|move|p2a: Landorus|Stealth Rock|p1a: Corviknight
|-sidestart|p1: Baxpertsaurclef|move: Stealth Rock
|
|upkeep
|turn|3
|
|t:|1743873270
|switch|p2a: Walking Wake|Walking Wake|100/100
|move|p1a: Corviknight|Defog|p2a: Walking Wake
|-unboost|p2a: Walking Wake|evasion|1
|-sideend|p1: Baxpertsaurclef|Stealth Rock|[from] move: Defog|[of] p1a: Corviknight
|
|upkeep
|turn|4
|
|t:|1743873280
|switch|p1a: Arcanine|Arcanine-Hisui, M|73/100
|move|p2a: Walking Wake|Hydro Pump|p1a: Arcanine
|-supereffective|p1a: Arcanine
|-damage|p1a: Arcanine|0 fnt
|faint|p1a: Arcanine
|
|upkeep
|
|t:|1743873284
|switch|p1a: Ninetales|Ninetales-Alola, M, shiny|100/100
|-weather|Snowscape|[from] ability: Snow Warning|[of] p1a: Ninetales
|turn|5
|
|t:|1743873289
|-end|p2a: Walking Wake|Protosynthesis|[silent]
|switch|p2a: Cinderace|Cinderace, M|100/100
|move|p1a: Ninetales|Aurora Veil|p1a: Ninetales
|-sidestart|p1: Baxpertsaurclef|move: Aurora Veil
|
|-weather|Snowscape|[upkeep]
|upkeep
|turn|6
|
|t:|1743873296
|move|p2a: Cinderace|Pyro Ball|p1a: Ninetales
|-supereffective|p1a: Ninetales
|-damage|p1a: Ninetales|64/100
|move|p1a: Ninetales|Aurora Veil||[still]
|-fail|p1a: Ninetales
|
|-weather|Snowscape|[upkeep]
|upkeep
|turn|7
|
|t:|1743873306
|switch|p1a: Kommo-o|Kommo-o, M|100/100
|move|p2a: Cinderace|Court Change|p2a: Cinderace
|-swapsideconditions
|-activate|p2a: Cinderace|move: Court Change
|
|-weather|Snowscape|[upkeep]
|upkeep
|turn|8
|
|t:|1743873315
|move|p2a: Cinderace|Will-O-Wisp|p1a: Kommo-o
|-status|p1a: Kommo-o|brn
|move|p1a: Kommo-o|Clangorous Soul|p1a: Kommo-o
|-boost|p1a: Kommo-o|atk|1
|-boost|p1a: Kommo-o|def|1
|-boost|p1a: Kommo-o|spa|1
|-boost|p1a: Kommo-o|spd|1
|-boost|p1a: Kommo-o|spe|1
|-damage|p1a: Kommo-o|68/100 brn
|-enditem|p1a: Kommo-o|Throat Spray
|-boost|p1a: Kommo-o|spa|1|[from] item: Throat Spray
|
|-weather|Snowscape|[upkeep]
|-damage|p1a: Kommo-o|61/100 brn|[from] brn
|upkeep
|turn|9
|
|t:|1743873321
|switch|p2a: Slowking|Slowking-Galar, M|100/100
|move|p1a: Kommo-o|Boomburst|p2a: Slowking
|-damage|p2a: Slowking|78/100
|
|-weather|none
|-damage|p1a: Kommo-o|55/100 brn|[from] brn
|upkeep
|turn|10
|
|t:|1743873330
|move|p1a: Kommo-o|Clangorous Soul|p1a: Kommo-o
|-boost|p1a: Kommo-o|atk|1
|-boost|p1a: Kommo-o|def|1
|-boost|p1a: Kommo-o|spa|1
|-boost|p1a: Kommo-o|spd|1
|-boost|p1a: Kommo-o|spe|1
|-damage|p1a: Kommo-o|22/100 brn
|move|p2a: Slowking|Future Sight|p1a: Kommo-o
|-start|p2a: Slowking|move: Future Sight
|
|-damage|p1a: Kommo-o|16/100 brn|[from] brn
|upkeep
|turn|11
|
|t:|1743873338
|move|p1a: Kommo-o|Boomburst|p2a: Slowking
|-damage|p2a: Slowking|46/100
|-prepare|p2a: Slowking|Chilly Reception|[premajor]
|move|p2a: Slowking|Chilly Reception|p2a: Slowking
|-weather|Snowscape
|l| Socomin
|
|t:|1743873345
|switch|p2a: Leeman|Hitmonlee, M|100/100|[from] Chilly Reception
|
|-weather|Snowscape|[upkeep]
|-damage|p1a: Kommo-o|10/100 brn|[from] brn
|upkeep
|turn|12
|
|t:|1743873354
|move|p2a: Leeman|Mach Punch|p1a: Kommo-o
|-damage|p1a: Kommo-o|0 fnt
|faint|p1a: Kommo-o
|
|-weather|Snowscape|[upkeep]
|-hint|Future Sight did not hit because the target is fainted.
|-sideend|p2: randomheadcannon|move: Aurora Veil
|upkeep
|
|t:|1743873358
|switch|p1a: Ninetales|Ninetales-Alola, M, shiny|64/100
|turn|13
|
|t:|1743873366
|-terastallize|p2a: Leeman|Fighting
|move|p2a: Leeman|Mach Punch|p1a: Ninetales
|-damage|p1a: Ninetales|27/100
|move|p1a: Ninetales|Aurora Veil|p1a: Ninetales
|-sidestart|p1: Baxpertsaurclef|move: Aurora Veil
|
|-weather|Snowscape|[upkeep]
|upkeep
|turn|14
|
|t:|1743873376
|switch|p2a: Slowking|Slowking-Galar, M|79/100
|move|p1a: Ninetales|Moonblast|p2a: Slowking
|-resisted|p2a: Slowking
|-damage|p2a: Slowking|72/100
|-unboost|p2a: Slowking|spa|1
|
|-weather|Snowscape|[upkeep]
|upkeep
|turn|15
|
|t:|1743873387
|switch|p1a: Corviknight|Corviknight, M, shiny|100/100
|move|p2a: Slowking|Future Sight|p1a: Corviknight
|-start|p2a: Slowking|move: Future Sight
|
|-weather|none
|upkeep
|turn|16
|
|t:|1743873403
|move|p1a: Corviknight|Body Press|p2a: Slowking
|-resisted|p2a: Slowking
|-damage|p2a: Slowking|65/100
|-prepare|p2a: Slowking|Chilly Reception|[premajor]
|move|p2a: Slowking|Chilly Reception|p2a: Slowking
|-weather|Snowscape
|
|t:|1743873406
|switch|p2a: Cinderace|Cinderace, M|100/100|[from] Chilly Reception
|
|-weather|Snowscape|[upkeep]
|upkeep
|turn|17
|
|t:|1743873413
|move|p2a: Cinderace|Court Change|p2a: Cinderace
|-swapsideconditions
|-activate|p2a: Cinderace|move: Court Change
|move|p1a: Corviknight|Defog|p2a: Cinderace
|-unboost|p2a: Cinderace|evasion|1
|-sideend|p2: randomheadcannon|move: Aurora Veil
|
|-weather|Snowscape|[upkeep]
|-end|p1a: Corviknight|move: Future Sight
|-resisted|p1a: Corviknight
|-damage|p1a: Corviknight|80/100
|upkeep
|turn|18
|
|t:|1743873424
|move|p2a: Cinderace|Will-O-Wisp|p1a: Corviknight
|-status|p1a: Corviknight|brn
|move|p1a: Corviknight|U-turn|p2a: Cinderace
|-resisted|p2a: Cinderace
|-damage|p2a: Cinderace|96/100
|
|t:|1743873430
|switch|p1a: Azumarill|Azumarill, M, shiny|100/100|[from] U-turn
|
|-weather|Snowscape|[upkeep]
|upkeep
|turn|19
|
|t:|1743873433
|switch|p1a: Ninetales|Ninetales-Alola, M, shiny|27/100
|move|p2a: Cinderace|Will-O-Wisp|p1a: Ninetales
|-status|p1a: Ninetales|brn
|
|-weather|Snowscape|[upkeep]
|-damage|p1a: Ninetales|21/100 brn|[from] brn
|upkeep
|turn|20
|
|t:|1743873447
|move|p2a: Cinderace|Pyro Ball|p1a: Ninetales
|-supereffective|p1a: Ninetales
|-damage|p1a: Ninetales|0 fnt
|faint|p1a: Ninetales
|
|-weather|none
|upkeep
|
|t:|1743873452
|switch|p1a: Clefable|Clefable, M, shiny|100/100
|turn|21
|
|t:|1743873458
|move|p2a: Cinderace|U-turn|p1a: Clefable
|-resisted|p1a: Clefable
|-damage|p1a: Clefable|94/100
|
|t:|1743873464
|switch|p2a: Slowking|Slowking-Galar, M|98/100|[from] U-turn
|move|p1a: Clefable|Cosmic Power|p1a: Clefable
|-boost|p1a: Clefable|def|1
|-boost|p1a: Clefable|spd|1
|
|-heal|p1a: Clefable|99/100|[from] item: Leftovers
|upkeep
|turn|22
|
|t:|1743873471
|move|p1a: Clefable|Cosmic Power|p1a: Clefable
|-boost|p1a: Clefable|def|1
|-boost|p1a: Clefable|spd|1
|move|p2a: Slowking|Sludge Bomb|p1a: Clefable
|-supereffective|p1a: Clefable
|-crit|p1a: Clefable
|-damage|p1a: Clefable|10/100
|
|-heal|p1a: Clefable|16/100|[from] item: Leftovers
|upkeep
|turn|23
|
|t:|1743873484
|switch|p2a: Meowscarada|Meowscarada, M, shiny|100/100
|-terastallize|p1a: Clefable|Steel
|move|p1a: Clefable|Moonlight|p1a: Clefable
|-heal|p1a: Clefable|66/100
|
|-heal|p1a: Clefable|72/100|[from] item: Leftovers
|upkeep
|turn|24
|
|t:|1743873492
|move|p2a: Meowscarada|Flower Trick|p1a: Clefable
|-start|p2a: Meowscarada|typechange|Grass|[from] ability: Protean
|-resisted|p1a: Clefable
|-crit|p1a: Clefable
|-damage|p1a: Clefable|54/100
|move|p1a: Clefable|Moonlight|p1a: Clefable
|-heal|p1a: Clefable|100/100
|
|upkeep
|turn|25
|
|t:|1743873498
|switch|p2a: Leeman|Hitmonlee, M, tera:Fighting|100/100
|move|p1a: Clefable|Cosmic Power|p1a: Clefable
|-boost|p1a: Clefable|def|1
|-boost|p1a: Clefable|spd|1
|
|upkeep
|turn|26
|
|t:|1743873500
|move|p2a: Leeman|High Jump Kick|p1a: Clefable
|-supereffective|p1a: Clefable
|-damage|p1a: Clefable|0 fnt
|faint|p1a: Clefable
|
|upkeep
|c|☆randomheadcannon|holy
|
|t:|1743873506
|switch|p1a: Azumarill|Azumarill, M, shiny|100/100
|turn|27
|
|t:|1743873510
|move|p2a: Leeman|High Jump Kick|p1a: Azumarill
|-resisted|p1a: Azumarill
|-damage|p1a: Azumarill|19/100
|-enditem|p1a: Azumarill|Sitrus Berry|[eat]
|-heal|p1a: Azumarill|44/100|[from] item: Sitrus Berry
|move|p1a: Azumarill|Belly Drum||[still]
|-fail|p1a: Azumarill
|
|upkeep
|turn|28
|-message|Baxpertsaurclef forfeited.
|
|win|randomheadcannon
|raw|Baxpertsaurclef's rating: 1347 &rarr; <strong>1326</strong><br />(-21 for losing)
|raw|randomheadcannon's rating: 1321 &rarr; <strong>1342</strong><br />(+21 for winning)
|l|☆Baxpertsaurclef
|player|p1|
|c|☆randomheadcannon|unreal
