|j|☆misgamer1234
|j|☆akzzsk40
|t:|1743880824
|gametype|singles
|player|p1|misgamer1234|acetrainersnow|1046
|player|p2|akzzsk40|lucas-gen4pt|1025
|teamsize|p1|6
|teamsize|p2|6
|gen|9
|tier|[Gen 9] OU
|rated|
|rule|HP Percentage Mod: HP is shown in percentages
|rule|Endless Battle Clause: Forcing endless battles is banned
|rule|Species Clause: Limit one of each Pokémon
|rule|OHKO Clause: OHKO moves are banned
|rule|Evasion Items Clause: Evasion items are banned
|rule|Evasion Moves Clause: Evasion moves are banned
|rule|Sleep Moves Clause: Sleep-inducing moves are banned
|clearpoke
|poke|p1|Ceruledge, M|
|poke|p1|Garchomp, M|
|poke|p1|Pelipper, F|
|poke|p1|Ursaluna, F|
|poke|p1|Moltres-Galar|
|poke|p1|Quaquaval, M|
|poke|p2|Luxray, M|
|poke|p2|Leafeon, M|
|poke|p2|Ninetales, F|
|poke|p2|Kingambit, M|
|poke|p2|Infernape, F|
|poke|p2|Garchomp, F|
|teampreview
|inactive|Battle timer is ON: inactive players will automatically lose when time's up. (requested by akzzsk40)
|
|t:|1743880842
|start
|switch|p1a: Pelipper|Pelipper, F|100/100
|switch|p2a: Kingambit|Kingambit, M|100/100
|turn|1
|
|t:|1743880864
|switch|p1a: Garchomp|Garchomp, M|100/100
|move|p2a: Kingambit|Swords Dance|p2a: Kingambit
|-boost|p2a: Kingambit|atk|2
|
|upkeep
|turn|2
|
|t:|1743880872
|move|p1a: Garchomp|Stealth Rock|p2a: Kingambit
|-sidestart|p2: akzzsk40|move: Stealth Rock
|move|p2a: Kingambit|Swords Dance|p2a: Kingambit
|-boost|p2a: Kingambit|atk|2
|
|upkeep
|turn|3
|
|t:|1743880878
|move|p2a: Kingambit|Sucker Punch|p1a: Garchomp
|-damage|p1a: Garchomp|27/100
|-damage|p2a: Kingambit|88/100|[from] ability: Rough Skin|[of] p1a: Garchomp
|move|p1a: Garchomp|Earthquake|p2a: Kingambit
|-supereffective|p2a: Kingambit
|-damage|p2a: Kingambit|28/100
|
|-heal|p1a: Garchomp|33/100|[from] item: Leftovers
|upkeep
|turn|4
|
|t:|1743880889
|switch|p1a: Ursaluna|Ursaluna, F|100/100
|move|p2a: Kingambit|Sucker Punch||[still]
|-fail|p2a: Kingambit
|
|-status|p1a: Ursaluna|brn|[from] item: Flame Orb
|upkeep
|turn|5
|
|t:|1743880902
|-terastallize|p2a: Kingambit|Dark
|move|p2a: Kingambit|Sucker Punch|p1a: Ursaluna
|-damage|p1a: Ursaluna|0 fnt
|faint|p1a: Ursaluna
|
|upkeep
|
|t:|1743880908
|switch|p1a: Quaquaval|Quaquaval, M|100/100
|turn|6
|
|t:|1743880917
|move|p2a: Kingambit|Sucker Punch|p1a: Quaquaval
|-resisted|p1a: Quaquaval
|-damage|p1a: Quaquaval|0 fnt
|faint|p1a: Quaquaval
|
|upkeep
|
|t:|1743880923
|switch|p1a: Pelipper|Pelipper, F|100/100
|turn|7
|
|t:|1743880928
|move|p1a: Pelipper|Ice Beam|p2a: Kingambit
|-damage|p2a: Kingambit|6/100
|move|p2a: Kingambit|Kowtow Cleave|p1a: Pelipper
|-damage|p1a: Pelipper|0 fnt
|faint|p1a: Pelipper
|
|upkeep
|
|t:|1743880936
|switch|p1a: Garchomp|Garchomp, M|33/100
|turn|8
|
|t:|1743880939
|move|p2a: Kingambit|Sucker Punch|p1a: Garchomp
|-damage|p1a: Garchomp|0 fnt
|-damage|p2a: Kingambit|0 fnt|[from] ability: Rough Skin|[of] p1a: Garchomp
|faint|p1a: Garchomp
|faint|p2a: Kingambit
|
|upkeep
|
|t:|1743880947
|switch|p1a: Moltres|Moltres-Galar|100/100
|switch|p2a: Luxray|Luxray, M|100/100
|-damage|p2a: Luxray|88/100|[from] Stealth Rock
|turn|9
|
|t:|1743880954
|move|p1a: Moltres|Nasty Plot|p1a: Moltres
|-boost|p1a: Moltres|spa|2
|move|p2a: Luxray|Trailblaze|p1a: Moltres
|-resisted|p1a: Moltres
|-damage|p1a: Moltres|90/100
|-boost|p2a: Luxray|spe|1
|
|-status|p2a: Luxray|brn|[from] item: Flame Orb
|upkeep
|turn|10
|
|t:|1743880966
|move|p2a: Luxray|Spark|p1a: Moltres
|-supereffective|p1a: Moltres
|-damage|p1a: Moltres|0 fnt
|faint|p1a: Moltres
|
|-damage|p2a: Luxray|82/100 brn|[from] brn
|upkeep
|
|t:|1743880972
|switch|p1a: Ceruledge|Ceruledge, M|100/100
|turn|11
|
|t:|1743880978
|move|p2a: Luxray|Crunch|p1a: Ceruledge
|-supereffective|p1a: Ceruledge
|-damage|p1a: Ceruledge|0 fnt
|faint|p1a: Ceruledge
|
|win|akzzsk40
|raw|misgamer1234's rating: 1046 &rarr; <strong>1028</strong><br />(-18 for losing)
|raw|akzzsk40's rating: 1025 &rarr; <strong>1063</strong><br />(+38 for winning)
|l|☆misgamer1234
|player|p1|
