|j|☆btagrere
|j|☆itspaoloooo
|t:|1743894810
|gametype|singles
|player|p1|btagrere|silver|1155
|player|p2|itspaoloooo|lucas|1126
|teamsize|p1|6
|teamsize|p2|6
|gen|9
|tier|[Gen 9] OU
|rated|
|rule|HP Percentage Mod: HP is shown in percentages
|rule|Endless Battle Clause: Forcing endless battles is banned
|rule|Species Clause: Limit one of each Pokémon
|rule|OHKO Clause: OHKO moves are banned
|rule|Evasion Items Clause: Evasion items are banned
|rule|Evasion Moves Clause: Evasion moves are banned
|rule|Sleep Moves Clause: Sleep-inducing moves are banned
|clearpoke
|poke|p1|Landorus-Therian, M|
|poke|p1|Primarina, F|
|poke|p1|Slowking-Galar, M|
|poke|p1|Beartic, F|
|poke|p1|Bronzong|
|poke|p1|Rotom-Heat|
|poke|p2|Malamar, M|
|poke|p2|Metagross|
|poke|p2|Venomoth, M|
|poke|p2|Slowbro-Galar, M|
|poke|p2|Vaporeon, F|
|poke|p2|Magcargo, M|
|teampreview
|inactive|Battle timer is ON: inactive players will automatically lose when time's up. (requested by itspaoloooo)
|
|t:|1743894837
|start
|switch|p1a: Rotom|Rotom-Heat, shiny|100/100
|switch|p2a: Magcargo|Magcargo, M|100/100
|turn|1
|
|t:|1743894846
|move|p1a: Rotom|Volt Switch|p2a: Magcargo
|-damage|p2a: Magcargo|69/100
|
|t:|1743894849
|switch|p1a: Primarina|Primarina, F, shiny|100/100|[from] Volt Switch
|move|p2a: Magcargo|Shell Smash|p2a: Magcargo
|-unboost|p2a: Magcargo|def|1
|-unboost|p2a: Magcargo|spd|1
|-boost|p2a: Magcargo|atk|2
|-boost|p2a: Magcargo|spa|2
|-boost|p2a: Magcargo|spe|2
|-enditem|p2a: Magcargo|Eject Pack
|
|t:|1743894872
|switch|p2a: Vaporeon|Vaporeon, F|100/100
|
|upkeep
|turn|2
|
|t:|1743894880
|move|p2a: Vaporeon|Copycat|p2a: Vaporeon
|move|p2a: Vaporeon|Shell Smash|p2a: Vaporeon|[from] move: Copycat
|-unboost|p2a: Vaporeon|def|1
|-unboost|p2a: Vaporeon|spd|1
|-boost|p2a: Vaporeon|atk|2
|-boost|p2a: Vaporeon|spa|2
|-boost|p2a: Vaporeon|spe|2
|-enditem|p2a: Vaporeon|White Herb
|-clearnegativeboost|p2a: Vaporeon|[silent]
|move|p1a: Primarina|Flip Turn|p2a: Vaporeon
|-immune|p2a: Vaporeon|[from] ability: Water Absorb
|
|upkeep
|turn|3
|
|t:|1743894895
|switch|p1a: Slowking|Slowking-Galar, M|100/100
|move|p2a: Vaporeon|Acid Armor|p2a: Vaporeon
|-boost|p2a: Vaporeon|def|2
|
|upkeep
|turn|4
|inactive|itspaoloooo has 120 seconds left.
|
|t:|1743894936
|move|p2a: Vaporeon|Stored Power|p1a: Slowking
|-damage|p1a: Slowking|46/100
|move|p1a: Slowking|Trick Room|p1a: Slowking
|-fieldstart|move: Trick Room|[of] p1a: Slowking
|
|-heal|p1a: Slowking|52/100|[from] item: Leftovers
|upkeep
|turn|5
|
|t:|1743894945
|-prepare|p1a: Slowking|Chilly Reception|[premajor]
|move|p1a: Slowking|Chilly Reception|p1a: Slowking
|-weather|Snowscape
|
|t:|1743894950
|switch|p1a: Bronzong|Bronzong|100/100|[from] Chilly Reception
|move|p2a: Vaporeon|Acid Armor|p2a: Vaporeon
|-boost|p2a: Vaporeon|def|2
|
|-weather|Snowscape|[upkeep]
|upkeep
|turn|6
|inactive|itspaoloooo has 120 seconds left.
|inactive|itspaoloooo has 90 seconds left.
|
|t:|1743894997
|move|p1a: Bronzong|Iron Defense|p1a: Bronzong
|-boost|p1a: Bronzong|def|2
|move|p2a: Vaporeon|Stored Power|p1a: Bronzong
|-resisted|p1a: Bronzong
|-damage|p1a: Bronzong|78/100
|
|-weather|Snowscape|[upkeep]
|-heal|p1a: Bronzong|84/100|[from] item: Leftovers
|upkeep
|turn|7
|inactive|itspaoloooo has 90 seconds left.
|
|t:|1743895006
|move|p1a: Bronzong|Iron Defense|p1a: Bronzong
|-boost|p1a: Bronzong|def|2
|move|p2a: Vaporeon|Acid Armor|p2a: Vaporeon
|-boost|p2a: Vaporeon|def|2
|
|-weather|Snowscape|[upkeep]
|-heal|p1a: Bronzong|90/100|[from] item: Leftovers
|upkeep
|turn|8
|
|t:|1743895015
|move|p1a: Bronzong|Iron Defense|p1a: Bronzong
|-boost|p1a: Bronzong|def|2
|move|p2a: Vaporeon|Surf|p1a: Bronzong
|-damage|p1a: Bronzong|33/100
|
|-weather|Snowscape|[upkeep]
|-heal|p1a: Bronzong|39/100|[from] item: Leftovers
|-fieldend|move: Trick Room
|upkeep
|turn|9
|inactive|itspaoloooo has 90 seconds left.
|-message|btagrere forfeited.
|
|win|itspaoloooo
|raw|btagrere's rating: 1155 &rarr; <strong>1126</strong><br />(-29 for losing)
|raw|itspaoloooo's rating: 1102 &rarr; <strong>1131</strong><br />(+29 for winning)
|l|☆btagrere
|player|p1|
