|j|☆ssulmaesarang
|j|☆Amaroviic_
|t:|1743863233
|gametype|singles
|player|p1|ssulmaesarang|170|1293
|player|p2|Amaroviic_|170|1253
|teamsize|p1|6
|teamsize|p2|6
|gen|9
|tier|[Gen 9] OU
|rated|
|rule|HP Percentage Mod: HP is shown in percentages
|rule|Endless Battle Clause: Forcing endless battles is banned
|rule|Species Clause: Limit one of each Pokémon
|rule|OHKO Clause: OHKO moves are banned
|rule|Evasion Items Clause: Evasion items are banned
|rule|Evasion Moves Clause: Evasion moves are banned
|rule|Sleep Moves Clause: Sleep-inducing moves are banned
|clearpoke
|poke|p1|Kingambit, M|
|poke|p1|Raging Bolt|
|poke|p1|Dragapult, M|
|poke|p1|Corviknight, M|
|poke|p1|Clefable, M|
|poke|p1|Weavile, F|
|poke|p2|Clefable, F|
|poke|p2|Salamence, M|
|poke|p2|Lokix, M|
|poke|p2|Oricorio-Pom-Pom, F|
|poke|p2|Gallade, M|
|poke|p2|Whimsicott, F|
|teampreview
|inactive|Battle timer is ON: inactive players will automatically lose when time's up. (requested by ssulmaesarang)
|
|t:|1743863244
|start
|switch|p1a: Weavile|Weavile, F|100/100
|switch|p2a: Lokix|Lokix, M|100/100
|turn|1
|
|t:|1743863249
|switch|p1a: Corviknight|Corviknight, M|100/100
|move|p2a: Lokix|Leech Life|p1a: Corviknight
|-resisted|p1a: Corviknight
|-damage|p1a: Corviknight|86/100
|-damage|p2a: Lokix|84/100|[from] item: Rocky Helmet|[of] p1a: Corviknight
|-damage|p2a: Lokix|74/100|[from] item: Life Orb
|
|upkeep
|turn|2
|
|t:|1743863266
|switch|p1a: Clefable|Clefable, M|100/100
|move|p2a: Lokix|Swords Dance|p2a: Lokix
|-boost|p2a: Lokix|atk|2
|
|upkeep
|turn|3
|
|t:|1743863273
|switch|p1a: Corviknight|Corviknight, M|86/100
|move|p2a: Lokix|Leech Life|p1a: Corviknight
|-resisted|p1a: Corviknight
|-damage|p1a: Corviknight|54/100
|-heal|p2a: Lokix|97/100|[from] drain|[of] p1a: Corviknight
|-damage|p2a: Lokix|80/100|[from] item: Rocky Helmet|[of] p1a: Corviknight
|-damage|p2a: Lokix|70/100|[from] item: Life Orb
|
|upkeep
|turn|4
|
|t:|1743863279
|move|p2a: Lokix|Knock Off|p1a: Corviknight
|-crit|p1a: Corviknight
|-damage|p1a: Corviknight|0 fnt
|-damage|p2a: Lokix|54/100|[from] item: Rocky Helmet|[of] p1a: Corviknight
|-enditem|p1a: Corviknight|Rocky Helmet|[from] move: Knock Off|[of] p2a: Lokix
|faint|p1a: Corviknight
|-damage|p2a: Lokix|44/100|[from] item: Life Orb
|
|upkeep
|
|t:|1743863286
|switch|p1a: Weavile|Weavile, F|100/100
|turn|5
|
|t:|1743863291
|move|p1a: Weavile|Ice Shard|p2a: Lokix
|-damage|p2a: Lokix|0 fnt
|faint|p2a: Lokix
|
|upkeep
|
|t:|1743863309
|switch|p2a: Clefable|Clefable, F, shiny|100/100
|turn|6
|
|t:|1743863316
|switch|p1a: Clefable|Clefable, M|100/100
|move|p2a: Clefable|Thunder Wave|p1a: Clefable
|-status|p1a: Clefable|par
|
|upkeep
|turn|7
|
|t:|1743863323
|move|p2a: Clefable|Stealth Rock|p1a: Clefable
|-sidestart|p1: ssulmaesarang|move: Stealth Rock
|move|p1a: Clefable|Thunder Wave|p2a: Clefable
|-status|p2a: Clefable|par
|
|upkeep
|turn|8
|
|t:|1743863327
|move|p1a: Clefable|Stealth Rock|p2a: Clefable
|-sidestart|p2: Amaroviic_|move: Stealth Rock
|move|p2a: Clefable|Moonblast|p1a: Clefable
|-damage|p1a: Clefable|80/100 par
|-unboost|p1a: Clefable|spa|1
|
|upkeep
|turn|9
|
|t:|1743863333
|cant|p1a: Clefable|par
|move|p2a: Clefable|Moonblast|p1a: Clefable
|-damage|p1a: Clefable|60/100 par
|
|upkeep
|turn|10
|
|t:|1743863345
|switch|p2a: Oricorio|Oricorio-Pom-Pom, F, shiny|100/100
|-damage|p2a: Oricorio|76/100|[from] Stealth Rock
|cant|p1a: Clefable|par
|
|upkeep
|turn|11
|
|t:|1743863351
|move|p2a: Oricorio|Quiver Dance|p2a: Oricorio
|-boost|p2a: Oricorio|spa|1
|-boost|p2a: Oricorio|spd|1
|-boost|p2a: Oricorio|spe|1
|move|p1a: Clefable|Moonlight|p1a: Clefable
|-heal|p1a: Clefable|100/100 par
|
|upkeep
|turn|12
|
|t:|1743863357
|move|p2a: Oricorio|Hurricane|p1a: Clefable
|-damage|p1a: Clefable|59/100 par
|-start|p1a: Clefable|confusion
|-damage|p2a: Oricorio|66/100|[from] item: Life Orb
|-activate|p1a: Clefable|confusion
|move|p1a: Clefable|Moonblast|p2a: Oricorio
|-damage|p2a: Oricorio|31/100
|-unboost|p2a: Oricorio|spa|1
|
|upkeep
|turn|13
|
|t:|1743863367
|move|p2a: Oricorio|Roost|p2a: Oricorio
|-heal|p2a: Oricorio|81/100
|-singleturn|p2a: Oricorio|move: Roost
|-end|p1a: Clefable|confusion
|move|p1a: Clefable|Moonlight|p1a: Clefable
|-heal|p1a: Clefable|100/100 par
|
|upkeep
|turn|14
|
|t:|1743863374
|move|p2a: Oricorio|Quiver Dance|p2a: Oricorio
|-boost|p2a: Oricorio|spa|1
|-boost|p2a: Oricorio|spd|1
|-boost|p2a: Oricorio|spe|1
|move|p1a: Clefable|Moonblast|p2a: Oricorio
|-damage|p2a: Oricorio|47/100
|
|upkeep
|turn|15
|
|t:|1743863381
|move|p2a: Oricorio|Roost|p2a: Oricorio
|-heal|p2a: Oricorio|97/100
|-singleturn|p2a: Oricorio|move: Roost
|cant|p1a: Clefable|par
|
|upkeep
|turn|16
|
|t:|1743863397
|move|p2a: Oricorio|Quiver Dance|p2a: Oricorio
|-boost|p2a: Oricorio|spa|1
|-boost|p2a: Oricorio|spd|1
|-boost|p2a: Oricorio|spe|1
|move|p1a: Clefable|Moonblast|p2a: Oricorio
|-damage|p2a: Oricorio|63/100
|-unboost|p2a: Oricorio|spa|1
|
|upkeep
|turn|17
|
|t:|1743863409
|move|p2a: Oricorio|Quiver Dance|p2a: Oricorio
|-boost|p2a: Oricorio|spa|1
|-boost|p2a: Oricorio|spd|1
|-boost|p2a: Oricorio|spe|1
|move|p1a: Clefable|Moonblast|p2a: Oricorio
|-damage|p2a: Oricorio|33/100
|
|upkeep
|turn|18
|
|t:|1743863418
|switch|p1a: Weavile|Weavile, F|100/100
|-damage|p1a: Weavile|76/100|[from] Stealth Rock
|move|p2a: Oricorio|Roost|p2a: Oricorio
|-heal|p2a: Oricorio|83/100
|-singleturn|p2a: Oricorio|move: Roost
|
|upkeep
|turn|19
|inactive|Amaroviic_ has 120 seconds left.
|
|t:|1743863450
|switch|p1a: Clefable|Clefable, M|100/100 par
|-terastallize|p2a: Oricorio|Ice
|move|p2a: Oricorio|Hurricane|p1a: Clefable
|-damage|p1a: Clefable|57/100 par
|-damage|p2a: Oricorio|73/100|[from] item: Life Orb
|
|upkeep
|turn|20
|
|t:|1743863458
|move|p2a: Oricorio|Hurricane|p1a: Clefable
|-damage|p1a: Clefable|10/100 par
|-damage|p2a: Oricorio|63/100|[from] item: Life Orb
|move|p1a: Clefable|Moonlight|p1a: Clefable
|-heal|p1a: Clefable|60/100 par
|
|upkeep
|turn|21
|
|t:|1743863465
|move|p2a: Oricorio|Hurricane|p1a: Clefable
|-damage|p1a: Clefable|11/100 par
|-start|p1a: Clefable|confusion
|-damage|p2a: Oricorio|53/100|[from] item: Life Orb
|-activate|p1a: Clefable|confusion
|-damage|p1a: Clefable|5/100 par|[from] confusion
|
|upkeep
|turn|22
|
|t:|1743863472
|move|p2a: Oricorio|Roost|p2a: Oricorio
|-heal|p2a: Oricorio|100/100
|-activate|p1a: Clefable|confusion
|move|p1a: Clefable|Moonlight|p1a: Clefable
|-heal|p1a: Clefable|55/100 par
|
|upkeep
|turn|23
|
|t:|1743863475
|move|p2a: Oricorio|Hurricane|p1a: Clefable
|-damage|p1a: Clefable|11/100 par
|-damage|p2a: Oricorio|91/100|[from] item: Life Orb
|-activate|p1a: Clefable|confusion
|move|p1a: Clefable|Moonlight|p1a: Clefable
|-heal|p1a: Clefable|61/100 par
|
|upkeep
|turn|24
|
|t:|1743863479
|move|p2a: Oricorio|Quiver Dance|p2a: Oricorio
|-boost|p2a: Oricorio|spa|1
|-boost|p2a: Oricorio|spd|1
|-boost|p2a: Oricorio|spe|1
|-activate|p1a: Clefable|confusion
|move|p1a: Clefable|Moonlight|p1a: Clefable
|-heal|p1a: Clefable|100/100 par
|
|upkeep
|turn|25
|
|t:|1743863482
|move|p2a: Oricorio|Quiver Dance|p2a: Oricorio
|-boost|p2a: Oricorio|spa|1
|-boost|p2a: Oricorio|spd|1
|-boost|p2a: Oricorio|spe|1
|-end|p1a: Clefable|confusion
|move|p1a: Clefable|Moonblast|p2a: Oricorio
|-damage|p2a: Oricorio|41/100
|-unboost|p2a: Oricorio|spa|1
|
|upkeep
|turn|26
|
|t:|1743863490
|move|p2a: Oricorio|Roost|p2a: Oricorio
|-heal|p2a: Oricorio|91/100
|cant|p1a: Clefable|par
|
|upkeep
|turn|27
|
|t:|1743863494
|move|p2a: Oricorio|Quiver Dance|p2a: Oricorio
|-boost|p2a: Oricorio|spa|1
|-boost|p2a: Oricorio|spd|0
|-boost|p2a: Oricorio|spe|0
|move|p1a: Clefable|Moonblast|p2a: Oricorio
|-damage|p2a: Oricorio|38/100
|-unboost|p2a: Oricorio|spa|1
|
|upkeep
|turn|28
|
|t:|1743863497
|move|p2a: Oricorio|Roost|p2a: Oricorio
|-heal|p2a: Oricorio|88/100
|move|p1a: Clefable|Moonblast|p2a: Oricorio
|-damage|p2a: Oricorio|39/100
|
|upkeep
|turn|29
|
|t:|1743863499
|move|p2a: Oricorio|Roost|p2a: Oricorio
|-heal|p2a: Oricorio|90/100
|move|p1a: Clefable|Moonblast|p2a: Oricorio
|-damage|p2a: Oricorio|41/100
|
|upkeep
|turn|30
|
|t:|1743863504
|move|p2a: Oricorio|Hurricane|p1a: Clefable
|-damage|p1a: Clefable|56/100 par
|-damage|p2a: Oricorio|31/100|[from] item: Life Orb
|move|p1a: Clefable|Moonblast|p2a: Oricorio
|-damage|p2a: Oricorio|0 fnt
|faint|p2a: Oricorio
|
|upkeep
|
|t:|1743863509
|switch|p2a: Salamence|Salamence, M|100/100
|-damage|p2a: Salamence|76/100|[from] Stealth Rock
|turn|31
|
|t:|1743863522
|move|p2a: Salamence|Dual Wingbeat|p1a: Clefable
|-damage|p1a: Clefable|30/100 par
|-damage|p1a: Clefable|1/100 par
|-hitcount|p1a: Clefable|2
|move|p1a: Clefable|Moonlight|p1a: Clefable
|-heal|p1a: Clefable|51/100 par
|
|-heal|p2a: Salamence|82/100|[from] item: Leftovers
|upkeep
|turn|32
|
|t:|1743863531
|move|p2a: Salamence|Dual Wingbeat|p1a: Clefable
|-damage|p1a: Clefable|24/100 par
|-damage|p1a: Clefable|0 fnt
|faint|p1a: Clefable
|-ability|p2a: Salamence|Moxie|boost
|-boost|p2a: Salamence|atk|1
|-hitcount|p1: Clefable|2
|
|-heal|p2a: Salamence|88/100|[from] item: Leftovers
|upkeep
|
|t:|1743863538
|switch|p1a: Weavile|Weavile, F|76/100
|-damage|p1a: Weavile|51/100|[from] Stealth Rock
|turn|33
|
|t:|1743863544
|move|p1a: Weavile|Ice Shard|p2a: Salamence
|-supereffective|p2a: Salamence
|-damage|p2a: Salamence|0 fnt
|faint|p2a: Salamence
|
|upkeep
|
|t:|1743863561
|switch|p2a: Clefable|Clefable, F, shiny|100/100 par
|-damage|p2a: Clefable|88/100 par|[from] Stealth Rock
|turn|34
|
|t:|1743863572
|switch|p1a: Kingambit|Kingambit, M|100/100
|-damage|p1a: Kingambit|94/100|[from] Stealth Rock
|-activate|p1a: Kingambit|ability: Supreme Overlord
|-start|p1a: Kingambit|fallen2|[silent]
|move|p2a: Clefable|Moonblast|p1a: Kingambit
|-crit|p1a: Kingambit
|-damage|p1a: Kingambit|43/100
|-unboost|p1a: Kingambit|spa|1
|
|upkeep
|turn|35
|
|t:|1743863583
|move|p1a: Kingambit|Iron Head|p2a: Clefable
|-supereffective|p2a: Clefable
|-damage|p2a: Clefable|0 fnt
|faint|p2a: Clefable
|
|upkeep
|
|t:|1743863587
|switch|p2a: Whimsicott|Whimsicott, F, shiny|100/100
|-damage|p2a: Whimsicott|88/100|[from] Stealth Rock
|turn|36
|
|t:|1743863592
|move|p2a: Whimsicott|Moonblast|p1a: Kingambit
|-damage|p1a: Kingambit|17/100
|move|p1a: Kingambit|Iron Head|p2a: Whimsicott
|-supereffective|p2a: Whimsicott
|-damage|p2a: Whimsicott|0 fnt
|faint|p2a: Whimsicott
|
|upkeep
|
|t:|1743863595
|switch|p2a: Gallade|Gallade, M, shiny|100/100
|-damage|p2a: Gallade|94/100|[from] Stealth Rock
|turn|37
|
|t:|1743863598
|move|p1a: Kingambit|Sucker Punch|p2a: Gallade
|-damage|p2a: Gallade|0 fnt
|faint|p2a: Gallade
|
|win|ssulmaesarang
|raw|ssulmaesarang's rating: 1293 &rarr; <strong>1315</strong><br />(+22 for winning)
|raw|Amaroviic_'s rating: 1253 &rarr; <strong>1231</strong><br />(-22 for losing)
|l|☆Amaroviic_
|player|p2|
|l|☆ssulmaesarang
|player|p1|
