|j|☆DannyOstePizza
|j|☆Dianic
|t:|1743938133
|gametype|singles
|player|p1|DannyOstePizza|266|1228
|player|p2|Dianic|169|1212
|teamsize|p1|6
|teamsize|p2|6
|gen|9
|tier|[Gen 9] OU
|rated|
|rule|HP Percentage Mod: HP is shown in percentages
|rule|Endless Battle Clause: Forcing endless battles is banned
|rule|Species Clause: Limit one of each Pokémon
|rule|OHKO Clause: OHKO moves are banned
|rule|Evasion Items Clause: Evasion items are banned
|rule|Evasion Moves Clause: Evasion moves are banned
|rule|Sleep Moves Clause: Sleep-inducing moves are banned
|clearpoke
|poke|p1|Smeargle, M|
|poke|p1|Clefable, F|
|poke|p1|Wyrdeer, F|
|poke|p1|Glaceon, M|
|poke|p1|Crawdaunt, M|
|poke|p1|Emboar, M|
|poke|p2|Serperior, F|
|poke|p2|Kommo-o, M|
|poke|p2|Deoxys-Speed|
|poke|p2|Cinderace, F|
|poke|p2|Tinkaton, F|
|poke|p2|Hydreigon, M|
|teampreview
|
|t:|1743938146
|start
|switch|p1a: Smeargle|Smeargle, M|100/100
|switch|p2a: Deoxys|Deoxys-Speed, shiny|100/100
|-ability|p2a: Deoxys|Pressure
|turn|1
|
|t:|1743938160
|-terastallize|p1a: Smeargle|Dragon
|move|p2a: Deoxys|Superpower|p1a: Smeargle
|-damage|p1a: Smeargle|13/100
|-unboost|p2a: Deoxys|atk|1
|-unboost|p2a: Deoxys|def|1
|move|p1a: Smeargle|Thunder Wave|p2a: Deoxys
|-status|p2a: Deoxys|par
|
|upkeep
|turn|2
|
|t:|1743938170
|move|p2a: Deoxys|Extreme Speed|p1a: Smeargle
|-damage|p1a: Smeargle|0 fnt
|faint|p1a: Smeargle
|
|upkeep
|
|t:|1743938179
|switch|p1a: Clefable|Clefable, F|100/100
|turn|3
|
|t:|1743938183
|move|p2a: Deoxys|Knock Off|p1a: Clefable
|-resisted|p1a: Clefable
|-damage|p1a: Clefable|86/100
|-enditem|p1a: Clefable|Leftovers|[from] move: Knock Off|[of] p2a: Deoxys
|move|p1a: Clefable|Knock Off|p2a: Deoxys
|-supereffective|p2a: Deoxys
|-damage|p2a: Deoxys|44/100 par
|-enditem|p2a: Deoxys|Focus Sash|[from] move: Knock Off|[of] p1a: Clefable
|
|upkeep
|turn|4
|
|t:|1743938194
|move|p2a: Deoxys|Psycho Boost|p1a: Clefable
|-damage|p1a: Clefable|33/100
|-unboost|p2a: Deoxys|spa|2
|move|p1a: Clefable|Knock Off|p2a: Deoxys
|-supereffective|p2a: Deoxys
|-damage|p2a: Deoxys|10/100 par
|
|upkeep
|turn|5
|
|t:|1743938204
|move|p2a: Deoxys|Extreme Speed|p1a: Clefable
|-crit|p1a: Clefable
|-damage|p1a: Clefable|0 fnt
|faint|p1a: Clefable
|
|upkeep
|
|t:|1743938211
|switch|p1a: Crawdaunt|Crawdaunt, M|100/100
|turn|6
|
|t:|1743938217
|move|p2a: Deoxys|Extreme Speed|p1a: Crawdaunt
|-damage|p1a: Crawdaunt|78/100
|move|p1a: Crawdaunt|Dragon Dance|p1a: Crawdaunt
|-boost|p1a: Crawdaunt|atk|1
|-boost|p1a: Crawdaunt|spe|1
|
|upkeep
|turn|7
|
|t:|1743938227
|move|p2a: Deoxys|Extreme Speed|p1a: Crawdaunt
|-damage|p1a: Crawdaunt|57/100
|move|p1a: Crawdaunt|Dragon Dance|p1a: Crawdaunt
|-boost|p1a: Crawdaunt|atk|1
|-boost|p1a: Crawdaunt|spe|1
|
|upkeep
|turn|8
|
|t:|1743938249
|move|p1a: Crawdaunt|Knock Off|p2a: Deoxys
|-supereffective|p2a: Deoxys
|-damage|p2a: Deoxys|0 fnt
|faint|p2a: Deoxys
|-damage|p1a: Crawdaunt|48/100|[from] item: Life Orb
|
|upkeep
|inactive|Battle timer is ON: inactive players will automatically lose when time's up. (requested by DannyOstePizza)
|
|t:|1743938256
|switch|p2a: Kommo-o|Kommo-o, M|100/100
|turn|9
|l|☆DannyOstePizza
|inactive|DannyOstePizza disconnected and has a minute to reconnect!
|player|p1|
|j|☆DannyOstePizza
|inactive|DannyOstePizza reconnected and has 130 seconds left.
|player|p1|DannyOstePizza|266|
|inactive|DannyOstePizza has 120 seconds left.
|
|t:|1743938287
|move|p1a: Crawdaunt|Knock Off|p2a: Kommo-o
|-resisted|p2a: Kommo-o
|-damage|p2a: Kommo-o|48/100
|-enditem|p2a: Kommo-o|Sitrus Berry|[from] move: Knock Off|[of] p1a: Crawdaunt
|-damage|p1a: Crawdaunt|38/100|[from] item: Life Orb
|move|p2a: Kommo-o|Aura Sphere|p1a: Crawdaunt
|-supereffective|p1a: Crawdaunt
|-damage|p1a: Crawdaunt|0 fnt
|faint|p1a: Crawdaunt
|
|upkeep
|inactive|DannyOstePizza has 120 seconds left.
|
|t:|1743938296
|switch|p1a: Wyrdeer|Wyrdeer, F|100/100
|-ability|p1a: Wyrdeer|Intimidate|boost
|-unboost|p2a: Kommo-o|atk|1
|turn|10
|inactive|DannyOstePizza has 120 seconds left.
|
|t:|1743938309
|switch|p2a: Hydreigon|Hydreigon, M|100/100
|move|p1a: Wyrdeer|Psychic Noise|p2a: Hydreigon
|-immune|p2a: Hydreigon
|
|upkeep
|turn|11
|
|t:|1743938318
|move|p2a: Hydreigon|Dark Pulse|p1a: Wyrdeer
|-supereffective|p1a: Wyrdeer
|-damage|p1a: Wyrdeer|14/100
|move|p1a: Wyrdeer|Thunder Wave|p2a: Hydreigon
|-status|p2a: Hydreigon|par
|
|-heal|p1a: Wyrdeer|20/100|[from] item: Leftovers
|upkeep
|turn|12
|
|t:|1743938327
|move|p1a: Wyrdeer|Megahorn|p2a: Hydreigon
|-supereffective|p2a: Hydreigon
|-damage|p2a: Hydreigon|5/100 par
|move|p2a: Hydreigon|Dark Pulse|p1a: Wyrdeer
|-supereffective|p1a: Wyrdeer
|-damage|p1a: Wyrdeer|0 fnt
|faint|p1a: Wyrdeer
|
|upkeep
|
|t:|1743938334
|switch|p1a: Emboar|Emboar, M|100/100
|turn|13
|
|t:|1743938339
|move|p1a: Emboar|Hammer Arm|p2a: Hydreigon
|-supereffective|p2a: Hydreigon
|-damage|p2a: Hydreigon|0 fnt
|-unboost|p1a: Emboar|spe|1
|faint|p2a: Hydreigon
|
|upkeep
|
|t:|1743938346
|switch|p2a: Kommo-o|Kommo-o, M|48/100
|turn|14
|
|t:|1743938352
|move|p2a: Kommo-o|Aura Sphere|p1a: Emboar
|-damage|p1a: Emboar|64/100
|move|p1a: Emboar|Hammer Arm|p2a: Kommo-o
|-damage|p2a: Kommo-o|0 fnt
|-unboost|p1a: Emboar|spe|1
|faint|p2a: Kommo-o
|
|upkeep
|
|t:|1743938369
|switch|p2a: Cinderace|Cinderace, F|100/100
|turn|15
|
|t:|1743938375
|move|p2a: Cinderace|High Jump Kick|p1a: Emboar
|-start|p2a: Cinderace|typechange|Fighting|[from] ability: Libero
|-damage|p1a: Emboar|0 fnt
|faint|p1a: Emboar
|
|upkeep
|
|t:|1743938380
|switch|p1a: Glaceon|Glaceon, M|100/100
|turn|16
|
|t:|1743938384
|move|p1a: Glaceon|Protect|p1a: Glaceon
|-singleturn|p1a: Glaceon|Protect
|move|p2a: Cinderace|High Jump Kick|p1a: Glaceon
|-activate|p1a: Glaceon|move: Protect
|-damage|p2a: Cinderace|50/100|[from] highjumpkick
|
|upkeep
|turn|17
|
|t:|1743938392
|move|p2a: Cinderace|High Jump Kick|p1a: Glaceon
|-supereffective|p1a: Glaceon
|-damage|p1a: Glaceon|0 fnt
|faint|p1a: Glaceon
|
|win|Dianic
|raw|DannyOstePizza's rating: 1228 &rarr; <strong>1202</strong><br />(-26 for losing)
|raw|Dianic's rating: 1212 &rarr; <strong>1238</strong><br />(+26 for winning)
|l|☆Dianic
|player|p2|
|l|☆DannyOstePizza
|player|p1|
