|j|☆N0AH__123__
|j|☆GOD D DRAGON
|t:|1743858049
|gametype|singles
|player|p1|N0AH__123__|boarder|1332
|player|p2|GOD D DRAGON|170|1325
|teamsize|p1|6
|teamsize|p2|6
|gen|9
|tier|[Gen 9] OU
|rated|
|rule|HP Percentage Mod: HP is shown in percentages
|rule|Endless Battle Clause: Forcing endless battles is banned
|rule|Species Clause: Limit one of each Pokémon
|rule|OHKO Clause: OHKO moves are banned
|rule|Evasion Items Clause: Evasion items are banned
|rule|Evasion Moves Clause: Evasion moves are banned
|rule|Sleep Moves Clause: Sleep-inducing moves are banned
|clearpoke
|poke|p1|Pelipper, F|
|poke|p1|Overqwil, M|
|poke|p1|Scizor, F|
|poke|p1|Landorus-Therian, M|
|poke|p1|Tornadus-Therian, M|
|poke|p1|Iron Treads|
|poke|p2|Espeon, M|
|poke|p2|Zarude-Dada|
|poke|p2|Thundurus-Therian, M|
|poke|p2|Tinkaton, F|
|poke|p2|Donphan, F|
|poke|p2|Raging Bolt|
|teampreview
|
|t:|1743858064
|start
|switch|p1a: Pelipper|Pelipper, F|100/100
|switch|p2a: Thundurus|Thundurus-Therian, M|100/100
|-weather|RainDance|[from] ability: Drizzle|[of] p1a: Pelipper
|turn|1
|
|t:|1743858084
|switch|p1a: Landorus|Landorus-Therian, M|100/100
|-ability|p1a: Landorus|Intimidate|boost
|-unboost|p2a: Thundurus|atk|1
|move|p2a: Thundurus|Focus Blast|p1a: Landorus|[miss]
|-miss|p2a: Thundurus|p1a: Landorus
|
|-weather|RainDance|[upkeep]
|upkeep
|turn|2
|
|t:|1743858094
|switch|p2a: Espeon|Espeon, M|100/100
|move|p1a: Landorus|Weather Ball|p2a: Espeon
|-crit|p2a: Espeon
|-damage|p2a: Espeon|18/100
|
|-weather|RainDance|[upkeep]
|upkeep
|turn|3
|
|t:|1743858102
|move|p2a: Espeon|Trick|p1a: Landorus
|-activate|p2a: Espeon|move: Trick|[of] p1a: Landorus
|-item|p1a: Landorus|Choice Scarf|[from] move: Trick
|-item|p2a: Espeon|Rocky Helmet|[from] move: Trick
|move|p1a: Landorus|U-turn|p2a: Espeon
|-supereffective|p2a: Espeon
|-damage|p2a: Espeon|0 fnt
|-damage|p1a: Landorus|84/100|[from] item: Rocky Helmet|[of] p2a: Espeon
|faint|p2a: Espeon
|inactive|Battle timer is ON: inactive players will automatically lose when time's up. (requested by GOD D DRAGON)
|
|t:|1743858135
|switch|p1a: Iron Treads|Iron Treads|100/100|[from] U-turn
|-enditem|p1a: Iron Treads|Booster Energy
|-activate|p1a: Iron Treads|ability: Quark Drive|[fromitem]
|-start|p1a: Iron Treads|quarkdrivespe
|
|-weather|RainDance|[upkeep]
|upkeep
|
|t:|1743858150
|switch|p2a: Donphan|Donphan, F|100/100
|turn|4
|
|t:|1743858158
|move|p1a: Iron Treads|Stealth Rock|p2a: Donphan
|-sidestart|p2: GOD D DRAGON|move: Stealth Rock
|move|p2a: Donphan|Earthquake|p1a: Iron Treads
|-supereffective|p1a: Iron Treads
|-damage|p1a: Iron Treads|6/100
|
|-weather|RainDance|[upkeep]
|upkeep
|turn|5
|
|t:|1743858168
|-end|p1a: Iron Treads|Quark Drive|[silent]
|switch|p1a: Landorus|Landorus-Therian, M|84/100
|-ability|p1a: Landorus|Intimidate|boost
|-unboost|p2a: Donphan|atk|1
|move|p2a: Donphan|Rapid Spin|p1a: Landorus
|-damage|p1a: Landorus|70/100
|-boost|p2a: Donphan|spe|1
|-sideend|p2: GOD D DRAGON|Stealth Rock|[from] move: Rapid Spin|[of] p2a: Donphan
|
|-weather|RainDance|[upkeep]
|upkeep
|turn|6
|
|t:|1743858180
|move|p2a: Donphan|Ice Shard|p1a: Landorus
|-supereffective|p1a: Landorus
|-damage|p1a: Landorus|21/100
|move|p1a: Landorus|U-turn|p2a: Donphan
|-damage|p2a: Donphan|86/100
|
|t:|1743858190
|switch|p1a: Overqwil|Overqwil, M|100/100|[from] U-turn
|
|-weather|RainDance|[upkeep]
|-heal|p2a: Donphan|92/100|[from] item: Leftovers
|upkeep
|turn|7
|
|t:|1743858198
|move|p1a: Overqwil|Liquidation|p2a: Donphan
|-supereffective|p2a: Donphan
|-damage|p2a: Donphan|5/100
|-unboost|p2a: Donphan|def|1
|-damage|p1a: Overqwil|91/100|[from] item: Life Orb
|move|p2a: Donphan|Earthquake|p1a: Overqwil
|-supereffective|p1a: Overqwil
|-damage|p1a: Overqwil|8/100
|
|-weather|RainDance|[upkeep]
|-heal|p2a: Donphan|12/100|[from] item: Leftovers
|upkeep
|turn|8
|
|t:|1743858210
|move|p2a: Donphan|Ice Shard|p1a: Overqwil
|-damage|p1a: Overqwil|0 fnt
|faint|p1a: Overqwil
|
|-weather|none
|-heal|p2a: Donphan|18/100|[from] item: Leftovers
|upkeep
|
|t:|1743858217
|switch|p1a: Pelipper|Pelipper, F|100/100
|-weather|RainDance|[from] ability: Drizzle|[of] p1a: Pelipper
|turn|9
|
|t:|1743858222
|move|p2a: Donphan|Endeavor|p1a: Pelipper
|-damage|p1a: Pelipper|21/100
|move|p1a: Pelipper|Weather Ball|p2a: Donphan
|-supereffective|p2a: Donphan
|-damage|p2a: Donphan|0 fnt
|faint|p2a: Donphan
|
|-weather|RainDance|[upkeep]
|upkeep
|
|t:|1743858238
|switch|p2a: Zarude|Zarude-Dada|100/100
|turn|10
|
|t:|1743858246
|switch|p1a: Landorus|Landorus-Therian, M|21/100
|-ability|p1a: Landorus|Intimidate|boost
|-unboost|p2a: Zarude|atk|1
|move|p2a: Zarude|Knock Off|p1a: Landorus
|-damage|p1a: Landorus|0 fnt
|-enditem|p1a: Landorus|Choice Scarf|[from] move: Knock Off|[of] p2a: Zarude
|faint|p1a: Landorus
|
|-weather|RainDance|[upkeep]
|upkeep
|
|t:|1743858252
|switch|p1a: Iron Treads|Iron Treads|6/100
|turn|11
|
|t:|1743858261
|move|p1a: Iron Treads|Stealth Rock|p2a: Zarude
|-sidestart|p2: GOD D DRAGON|move: Stealth Rock
|move|p2a: Zarude|Drain Punch|p1a: Iron Treads
|-supereffective|p1a: Iron Treads
|-damage|p1a: Iron Treads|0 fnt
|faint|p1a: Iron Treads
|-end|p1a: Iron Treads|Quark Drive|[silent]
|
|-weather|RainDance|[upkeep]
|upkeep
|
|t:|1743858266
|switch|p1a: Tornadus|Tornadus-Therian, M|100/100
|turn|12
|
|t:|1743858272
|-terastallize|p2a: Zarude|Poison
|move|p1a: Tornadus|Hurricane|p2a: Zarude
|-damage|p2a: Zarude|45/100
|move|p2a: Zarude|Bulk Up|p2a: Zarude
|-boost|p2a: Zarude|atk|1
|-boost|p2a: Zarude|def|1
|
|-weather|RainDance|[upkeep]
|-heal|p2a: Zarude|51/100|[from] item: Leftovers
|upkeep
|turn|13
|
|t:|1743858285
|move|p1a: Tornadus|Hurricane|p2a: Zarude
|-damage|p2a: Zarude|0 fnt
|faint|p2a: Zarude
|
|-weather|RainDance|[upkeep]
|upkeep
|
|t:|1743858292
|switch|p2a: Thundurus|Thundurus-Therian, M|100/100
|-damage|p2a: Thundurus|76/100|[from] Stealth Rock
|turn|14
|
|t:|1743858304
|-terastallize|p1a: Tornadus|Fire
|move|p1a: Tornadus|Weather Ball|p2a: Thundurus
|-crit|p2a: Thundurus
|-damage|p2a: Thundurus|0 fnt
|faint|p2a: Thundurus
|
|-weather|RainDance|[upkeep]
|upkeep
|
|t:|1743858313
|switch|p2a: Raging Bolt|Raging Bolt|100/100
|-damage|p2a: Raging Bolt|88/100|[from] Stealth Rock
|-enditem|p2a: Raging Bolt|Booster Energy
|-activate|p2a: Raging Bolt|ability: Protosynthesis|[fromitem]
|-start|p2a: Raging Bolt|protosynthesisspa
|turn|15
|
|t:|1743858322
|move|p1a: Tornadus|Knock Off|p2a: Raging Bolt
|-damage|p2a: Raging Bolt|77/100
|move|p2a: Raging Bolt|Calm Mind|p2a: Raging Bolt
|-boost|p2a: Raging Bolt|spa|1
|-boost|p2a: Raging Bolt|spd|1
|
|-weather|RainDance|[upkeep]
|upkeep
|turn|16
|
|t:|1743858330
|move|p1a: Tornadus|U-turn|p2a: Raging Bolt
|-damage|p2a: Raging Bolt|63/100
|
|t:|1743858333
|switch|p1a: Pelipper|Pelipper, F|21/100|[from] U-turn
|move|p2a: Raging Bolt|Dragon Pulse|p1a: Pelipper
|-damage|p1a: Pelipper|0 fnt
|faint|p1a: Pelipper
|
|-weather|none
|upkeep
|
|t:|1743858335
|switch|p1a: Scizor|Scizor, F|100/100
|turn|17
|
|t:|1743858345
|move|p2a: Raging Bolt|Thunderclap|p1a: Scizor
|-damage|p1a: Scizor|1/100
|move|p1a: Scizor|Close Combat|p2a: Raging Bolt
|-damage|p2a: Raging Bolt|5/100
|-unboost|p1a: Scizor|def|1
|-unboost|p1a: Scizor|spd|1
|
|upkeep
|turn|18
|
|t:|1743858354
|move|p2a: Raging Bolt|Dragon Pulse|p1a: Scizor
|-resisted|p1a: Scizor
|-damage|p1a: Scizor|0 fnt
|faint|p1a: Scizor
|
|upkeep
|
|t:|1743858357
|switch|p1a: Tornadus|Tornadus-Therian, M, tera:Fire|100/100
|turn|19
|
|t:|1743858362
|move|p2a: Raging Bolt|Thunderclap|p1a: Tornadus
|-damage|p1a: Tornadus|0 fnt
|faint|p1a: Tornadus
|
|win|GOD D DRAGON
|raw|N0AH__123__'s rating: 1332 &rarr; <strong>1312</strong><br />(-20 for losing)
|raw|GOD D DRAGON's rating: 1325 &rarr; <strong>1345</strong><br />(+20 for winning)
|l|☆N0AH__123__
|player|p1|
