|j|☆Rorle
|j|☆OnigiriDesu
|t:|1743932760
|gametype|singles
|player|p1|Rorle|101|1094
|player|p2|OnigiriDesu|hilbert|1111
|teamsize|p1|6
|teamsize|p2|6
|gen|9
|tier|[Gen 9] OU
|rated|
|rule|HP Percentage Mod: HP is shown in percentages
|rule|Endless Battle Clause: Forcing endless battles is banned
|rule|Species Clause: Limit one of each Pokémon
|rule|OHKO Clause: OHKO moves are banned
|rule|Evasion Items Clause: Evasion items are banned
|rule|Evasion Moves Clause: Evasion moves are banned
|rule|Sleep Moves Clause: Sleep-inducing moves are banned
|clearpoke
|poke|p1|Great Tusk|
|poke|p1|Goodra-Hisui, M|
|poke|p1|Mimikyu, M|
|poke|p1|Heracross, F|
|poke|p1|Araquanid, M|
|poke|p1|Moltres|
|poke|p2|Skarmory, F|
|poke|p2|Minior|
|poke|p2|Electivire, M|
|poke|p2|Blastoise, F|
|poke|p2|Kingambit, M|
|poke|p2|Toxapex, F|
|teampreview
|
|t:|1743932769
|start
|switch|p1a: Araquanid|Araquanid, M|100/100
|switch|p2a: Skarmory|Skarmory, F|100/100
|turn|1
|
|t:|1743932783
|move|p1a: Araquanid|Liquidation|p2a: Skarmory
|-damage|p2a: Skarmory|59/100
|-damage|p1a: Araquanid|84/100|[from] item: Rocky Helmet|[of] p2a: Skarmory
|move|p2a: Skarmory|Whirlwind|p1a: Araquanid
|drag|p1a: Moltres|Moltres|100/100
|-ability|p1a: Moltres|Pressure
|
|upkeep
|turn|2
|
|t:|1743932792
|move|p1a: Moltres|Flamethrower|p2a: Skarmory
|-supereffective|p2a: Skarmory
|-damage|p2a: Skarmory|0 fnt
|faint|p2a: Skarmory
|
|upkeep
|
|t:|1743932794
|switch|p2a: Minior|Minior|100/100
|-formechange|p2a: Minior|Minior-Meteor||[from] ability: Shields Down
|turn|3
|
|t:|1743932810
|switch|p1a: Araquanid|Araquanid, M|84/100
|move|p2a: Minior|Shell Smash|p2a: Minior
|-unboost|p2a: Minior|def|1
|-unboost|p2a: Minior|spd|1
|-boost|p2a: Minior|atk|2
|-boost|p2a: Minior|spa|2
|-boost|p2a: Minior|spe|2
|-enditem|p2a: Minior|White Herb
|-clearnegativeboost|p2a: Minior|[silent]
|
|-heal|p1a: Araquanid|90/100|[from] item: Leftovers
|upkeep
|turn|4
|
|t:|1743932822
|move|p2a: Minior|Acrobatics|p1a: Araquanid
|-supereffective|p1a: Araquanid
|-damage|p1a: Araquanid|0 fnt
|faint|p1a: Araquanid
|
|upkeep
|
|t:|1743932833
|switch|p1a: Goodra|Goodra-Hisui, M|100/100
|turn|5
|
|t:|1743932837
|move|p2a: Minior|Earthquake|p1a: Goodra
|-supereffective|p1a: Goodra
|-damage|p1a: Goodra|9/100
|move|p1a: Goodra|Dragon Tail|p2a: Minior
|-damage|p2a: Minior|72/100
|drag|p2a: Blastoise|Blastoise, F|100/100
|
|upkeep
|turn|6
|
|t:|1743932854
|move|p2a: Blastoise|Tera Blast|p1a: Goodra
|-resisted|p1a: Goodra
|-damage|p1a: Goodra|4/100
|move|p1a: Goodra|Thunderbolt|p2a: Blastoise
|-supereffective|p2a: Blastoise
|-damage|p2a: Blastoise|30/100
|
|upkeep
|turn|7
|
|t:|1743932861
|move|p2a: Blastoise|Tera Blast|p1a: Goodra
|-resisted|p1a: Goodra
|-damage|p1a: Goodra|0 fnt
|faint|p1a: Goodra
|
|upkeep
|
|t:|1743932882
|switch|p1a: Heracross|Heracross, F|100/100
|turn|8
|
|t:|1743932889
|move|p1a: Heracross|Trailblaze|p2a: Blastoise
|-supereffective|p2a: Blastoise
|-damage|p2a: Blastoise|0 fnt
|-boost|p1a: Heracross|spe|1
|faint|p2a: Blastoise
|
|-status|p1a: Heracross|brn|[from] item: Flame Orb
|upkeep
|
|t:|1743932893
|switch|p2a: Minior|Minior|72/100
|-formechange|p2a: Minior|Minior-Meteor||[from] ability: Shields Down
|turn|9
|
|t:|1743932906
|move|p1a: Heracross|Close Combat|p2a: Minior
|-damage|p2a: Minior|0 fnt
|-unboost|p1a: Heracross|def|1
|-unboost|p1a: Heracross|spd|1
|faint|p2a: Minior
|
|-damage|p1a: Heracross|95/100 brn|[from] brn
|upkeep
|
|t:|1743932910
|switch|p2a: Electivire|Electivire, M|100/100
|-item|p2a: Electivire|Air Balloon
|turn|10
|
|t:|1743932917
|move|p1a: Heracross|Close Combat|p2a: Electivire
|-damage|p2a: Electivire|0 fnt
|-unboost|p1a: Heracross|def|1
|-unboost|p1a: Heracross|spd|1
|-enditem|p2a: Electivire|Air Balloon
|faint|p2a: Electivire
|
|-damage|p1a: Heracross|89/100 brn|[from] brn
|upkeep
|
|t:|1743932921
|switch|p2a: Toxapex|Toxapex, F|100/100
|turn|11
|
|t:|1743932927
|move|p2a: Toxapex|Baneful Bunker|p2a: Toxapex
|-singleturn|p2a: Toxapex|move: Protect
|move|p1a: Heracross|Earthquake|p2a: Toxapex
|-activate|p2a: Toxapex|move: Protect
|
|-damage|p1a: Heracross|83/100 brn|[from] brn
|upkeep
|turn|12
|
|t:|1743932934
|move|p1a: Heracross|Earthquake|p2a: Toxapex
|-supereffective|p2a: Toxapex
|-damage|p2a: Toxapex|36/100
|move|p2a: Toxapex|Toxic||[still]
|-fail|p2a: Toxapex
|
|-heal|p2a: Toxapex|42/100|[from] item: Black Sludge
|-damage|p1a: Heracross|77/100 brn|[from] brn
|upkeep
|turn|13
|
|t:|1743932942
|move|p1a: Heracross|Earthquake|p2a: Toxapex
|-supereffective|p2a: Toxapex
|-damage|p2a: Toxapex|0 fnt
|faint|p2a: Toxapex
|
|-damage|p1a: Heracross|71/100 brn|[from] brn
|upkeep
|
|t:|1743932945
|switch|p2a: Kingambit|Kingambit, M|100/100
|turn|14
|
|t:|1743932951
|switch|p1a: Moltres|Moltres|100/100
|-ability|p1a: Moltres|Pressure
|move|p2a: Kingambit|Sucker Punch||[still]
|-fail|p2a: Kingambit
|
|upkeep
|turn|15
|
|t:|1743932958
|move|p1a: Moltres|Will-O-Wisp|p2a: Kingambit
|-status|p2a: Kingambit|brn
|move|p2a: Kingambit|Swords Dance|p2a: Kingambit
|-boost|p2a: Kingambit|atk|2
|
|-damage|p2a: Kingambit|94/100 brn|[from] brn
|upkeep
|turn|16
|
|t:|1743932967
|-terastallize|p2a: Kingambit|Dark
|move|p1a: Moltres|Flamethrower|p2a: Kingambit
|-damage|p2a: Kingambit|55/100 brn
|move|p2a: Kingambit|Swords Dance|p2a: Kingambit
|-boost|p2a: Kingambit|atk|2
|
|-heal|p2a: Kingambit|62/100 brn|[from] item: Leftovers
|-damage|p2a: Kingambit|55/100 brn|[from] brn
|upkeep
|turn|17
|
|t:|1743932979
|move|p2a: Kingambit|Sucker Punch|p1a: Moltres
|-damage|p1a: Moltres|23/100
|move|p1a: Moltres|U-turn|p2a: Kingambit
|-supereffective|p2a: Kingambit
|-damage|p2a: Kingambit|36/100 brn
|
|t:|1743932990
|switch|p1a: Heracross|Heracross, F|71/100 brn|[from] U-turn
|
|-heal|p2a: Kingambit|42/100 brn|[from] item: Leftovers
|-damage|p1a: Heracross|65/100 brn|[from] brn
|-damage|p2a: Kingambit|36/100 brn|[from] brn
|upkeep
|turn|18
|
|t:|1743933001
|move|p1a: Heracross|Close Combat|p2a: Kingambit
|-supereffective|p2a: Kingambit
|-damage|p2a: Kingambit|0 fnt
|-unboost|p1a: Heracross|def|1
|-unboost|p1a: Heracross|spd|1
|faint|p2a: Kingambit
|
|win|Rorle
|raw|Rorle's rating: 1094 &rarr; <strong>1121</strong><br />(+27 for winning)
|raw|OnigiriDesu's rating: 1111 &rarr; <strong>1085</strong><br />(-26 for losing)
|l|☆OnigiriDesu
|player|p2|
|l|☆Rorle
|player|p1|
