|j|☆El Cucuy 2025
|j|☆jimbo baldwin
|t:|1743893901
|gametype|singles
|player|p1|El Cucuy 2025|blackbelt|1545
|player|p2|jimbo baldwin|medium|1471
|teamsize|p1|6
|teamsize|p2|6
|gen|9
|tier|[Gen 9] OU
|rated|
|rule|HP Percentage Mod: HP is shown in percentages
|rule|Endless Battle Clause: Forcing endless battles is banned
|rule|Species Clause: Limit one of each Pokémon
|rule|OHKO Clause: OHKO moves are banned
|rule|Evasion Items Clause: Evasion items are banned
|rule|Evasion Moves Clause: Evasion moves are banned
|rule|Sleep Moves Clause: Sleep-inducing moves are banned
|clearpoke
|poke|p1|Grimmsnarl, M|
|poke|p1|Zamazenta-*|
|poke|p1|Kyurem|
|poke|p1|Cinderace, M|
|poke|p1|Sinistcha|
|poke|p1|Tentacruel, F|
|poke|p2|Houndstone, F|
|poke|p2|Ting-Lu|
|poke|p2|Glimmora, M|
|poke|p2|Ogerpon-Wellspring, F|
|poke|p2|Dragonite, F|
|poke|p2|Gholdengo|
|teampreview
|
|t:|1743893947
|start
|switch|p1a: Top Dog|Zamazenta|100/100
|switch|p2a: Gholdengo|Gholdengo|100/100
|-ability|p1a: Top Dog|Dauntless Shield|boost
|-boost|p1a: Top Dog|def|1
|-item|p2a: Gholdengo|Air Balloon
|turn|1
|inactive|Battle timer is ON: inactive players will automatically lose when time's up. (requested by El Cucuy 2025)
|
|t:|1743893963
|switch|p2a: Houndstone|Houndstone, F|100/100
|move|p1a: Top Dog|Crunch|p2a: Houndstone
|-supereffective|p2a: Houndstone
|-damage|p2a: Houndstone|86/100
|-damage|p1a: Top Dog|84/100|[from] item: Rocky Helmet|[of] p2a: Houndstone
|
|-heal|p1a: Top Dog|90/100|[from] item: Leftovers
|upkeep
|turn|2
|
|t:|1743893989
|switch|p1a: Dissapyur'em|Kyurem|100/100
|-ability|p1a: Dissapyur'em|Pressure
|move|p2a: Houndstone|Will-O-Wisp|p1a: Dissapyur'em
|-status|p1a: Dissapyur'em|brn
|
|-damage|p1a: Dissapyur'em|94/100 brn|[from] brn
|upkeep
|turn|3
|
|t:|1743894009
|switch|p2a: Ting-Lu|Ting-Lu|100/100
|-ability|p2a: Ting-Lu|Vessel of Ruin
|move|p1a: Dissapyur'em|Ice Beam|p2a: Ting-Lu
|-supereffective|p2a: Ting-Lu
|-damage|p2a: Ting-Lu|45/100
|
|-heal|p2a: Ting-Lu|51/100|[from] item: Leftovers
|-damage|p1a: Dissapyur'em|88/100 brn|[from] brn
|upkeep
|turn|4
|
|t:|1743894024
|switch|p2a: Gholdengo|Gholdengo|100/100
|-item|p2a: Gholdengo|Air Balloon
|move|p1a: Dissapyur'em|Ice Beam|p2a: Gholdengo
|-resisted|p2a: Gholdengo
|-damage|p2a: Gholdengo|59/100
|-enditem|p2a: Gholdengo|Air Balloon
|
|-damage|p1a: Dissapyur'em|82/100 brn|[from] brn
|upkeep
|turn|5
|inactive|jimbo baldwin has 120 seconds left.
|
|t:|1743894052
|-terastallize|p1a: Dissapyur'em|Ice
|move|p1a: Dissapyur'em|Ice Beam|p2a: Gholdengo
|-resisted|p2a: Gholdengo
|-damage|p2a: Gholdengo|8/100
|move|p2a: Gholdengo|Shadow Ball|p1a: Dissapyur'em
|-damage|p1a: Dissapyur'em|39/100 brn
|
|-damage|p1a: Dissapyur'em|33/100 brn|[from] brn
|upkeep
|turn|6
|inactive|jimbo baldwin has 120 seconds left.
|
|t:|1743894063
|move|p1a: Dissapyur'em|Ice Beam|p2a: Gholdengo
|-resisted|p2a: Gholdengo
|-damage|p2a: Gholdengo|0 fnt
|faint|p2a: Gholdengo
|
|-damage|p1a: Dissapyur'em|27/100 brn|[from] brn
|upkeep
|
|t:|1743894073
|switch|p2a: Ogerpon|Ogerpon-Wellspring, F|100/100
|turn|7
|inactive|jimbo baldwin has 120 seconds left.
|
|t:|1743894091
|switch|p1a: Cup of Joever|Sinistcha|100/100
|move|p2a: Ogerpon|Ivy Cudgel|p1a: Cup of Joever|[anim] Ivy Cudgel Water
|-resisted|p1a: Cup of Joever
|-damage|p1a: Cup of Joever|78/100
|
|upkeep
|turn|8
|
|t:|1743894108
|switch|p2a: Glimmora|Glimmora, M|100/100
|move|p1a: Cup of Joever|Calm Mind|p1a: Cup of Joever
|-boost|p1a: Cup of Joever|spa|1
|-boost|p1a: Cup of Joever|spd|1
|
|upkeep
|turn|9
|
|t:|1743894122
|move|p2a: Glimmora|Mortal Spin|p1a: Cup of Joever
|-damage|p1a: Cup of Joever|73/100
|-status|p1a: Cup of Joever|psn
|move|p1a: Cup of Joever|Matcha Gotcha|p2a: Glimmora
|-damage|p2a: Glimmora|37/100
|-heal|p1a: Cup of Joever|100/100 psn|[from] drain|[of] p2a: Glimmora
|
|-damage|p1a: Cup of Joever|88/100 psn|[from] psn
|upkeep
|turn|10
|
|t:|1743894142
|switch|p2a: Ting-Lu|Ting-Lu|51/100
|-ability|p2a: Ting-Lu|Vessel of Ruin
|move|p1a: Cup of Joever|Shadow Ball|p2a: Ting-Lu
|-resisted|p2a: Ting-Lu
|-damage|p2a: Ting-Lu|41/100
|
|-heal|p2a: Ting-Lu|48/100|[from] item: Leftovers
|-damage|p1a: Cup of Joever|76/100 psn|[from] psn
|upkeep
|turn|11
|inactive|jimbo baldwin has 90 seconds left.
|
|t:|1743894171
|-terastallize|p2a: Ting-Lu|Poison
|move|p1a: Cup of Joever|Calm Mind|p1a: Cup of Joever
|-boost|p1a: Cup of Joever|spa|1
|-boost|p1a: Cup of Joever|spd|1
|move|p2a: Ting-Lu|Ruination|p1a: Cup of Joever
|-damage|p1a: Cup of Joever|38/100 psn
|
|-heal|p2a: Ting-Lu|54/100|[from] item: Leftovers
|-damage|p1a: Cup of Joever|26/100 psn|[from] psn
|upkeep
|turn|12
|
|t:|1743894183
|move|p1a: Cup of Joever|Strength Sap|p2a: Ting-Lu
|-unboost|p2a: Ting-Lu|atk|1
|-heal|p1a: Cup of Joever|99/100 psn
|move|p2a: Ting-Lu|Whirlwind|p1a: Cup of Joever
|drag|p1a: Evil Dick|Tentacruel, F|100/100
|
|-heal|p2a: Ting-Lu|60/100|[from] item: Leftovers
|upkeep
|turn|13
|
|t:|1743894194
|move|p1a: Evil Dick|Knock Off|p2a: Ting-Lu
|-damage|p2a: Ting-Lu|51/100
|-enditem|p2a: Ting-Lu|Leftovers|[from] move: Knock Off|[of] p1a: Evil Dick
|move|p2a: Ting-Lu|Spikes|p1a: Evil Dick
|-sidestart|p1: El Cucuy 2025|Spikes
|
|upkeep
|turn|14
|
|t:|1743894211
|switch|p2a: Houndstone|Houndstone, F|86/100
|move|p1a: Evil Dick|Rapid Spin|p2a: Houndstone
|-immune|p2a: Houndstone
|
|upkeep
|turn|15
|
|t:|1743894221
|move|p1a: Evil Dick|Toxic|p2a: Houndstone
|-status|p2a: Houndstone|tox
|move|p2a: Houndstone|Poltergeist|p1a: Evil Dick
|-activate|p1a: Evil Dick|move: Poltergeist|Heavy-Duty Boots
|-damage|p1a: Evil Dick|46/100
|
|-damage|p2a: Houndstone|80/100 tox|[from] psn
|upkeep
|turn|16
|
|t:|1743894233
|switch|p1a: Press X|Grimmsnarl, M|100/100
|-damage|p1a: Press X|88/100|[from] Spikes
|move|p2a: Houndstone|Will-O-Wisp|p1a: Press X|[miss]
|-miss|p2a: Houndstone|p1a: Press X
|
|-heal|p1a: Press X|94/100|[from] item: Leftovers
|-damage|p2a: Houndstone|68/100 tox|[from] psn
|upkeep
|turn|17
|
|t:|1743894243
|move|p1a: Press X|Bulk Up|p1a: Press X
|-boost|p1a: Press X|atk|1
|-boost|p1a: Press X|def|1
|move|p2a: Houndstone|Will-O-Wisp|p1a: Press X
|-status|p1a: Press X|brn
|
|-heal|p1a: Press X|99/100 brn|[from] item: Leftovers
|-damage|p2a: Houndstone|50/100 tox|[from] psn
|-damage|p1a: Press X|94/100 brn|[from] brn
|upkeep
|turn|18
|
|t:|1743894255
|move|p1a: Press X|Spirit Break|p2a: Houndstone
|-damage|p2a: Houndstone|42/100 tox
|-unboost|p2a: Houndstone|spa|1
|-damage|p1a: Press X|78/100 brn|[from] item: Rocky Helmet|[of] p2a: Houndstone
|move|p2a: Houndstone|Roar|p1a: Press X
|drag|p1a: Top Dog|Zamazenta|90/100
|-damage|p1a: Top Dog|78/100|[from] Spikes
|
|-heal|p1a: Top Dog|84/100|[from] item: Leftovers
|-damage|p2a: Houndstone|17/100 tox|[from] psn
|upkeep
|turn|19
|
|t:|1743894267
|move|p1a: Top Dog|Crunch|p2a: Houndstone
|-supereffective|p2a: Houndstone
|-damage|p2a: Houndstone|3/100 tox
|-damage|p1a: Top Dog|68/100|[from] item: Rocky Helmet|[of] p2a: Houndstone
|move|p2a: Houndstone|Pain Split|p1a: Top Dog
|-sethp|p1a: Top Dog|35/100|[from] move: Pain Split|[silent]
|-sethp|p2a: Houndstone|39/100 tox|[from] move: Pain Split
|
|-heal|p1a: Top Dog|41/100|[from] item: Leftovers
|-damage|p2a: Houndstone|9/100 tox|[from] psn
|upkeep
|turn|20
|
|t:|1743894283
|switch|p2a: Dragonite|Dragonite, F|100/100
|move|p1a: Top Dog|Crunch|p2a: Dragonite
|-damage|p2a: Dragonite|89/100
|
|-heal|p1a: Top Dog|47/100|[from] item: Leftovers
|upkeep
|turn|21
|
|t:|1743894292
|move|p1a: Top Dog|Stone Edge|p2a: Dragonite
|-supereffective|p2a: Dragonite
|-damage|p2a: Dragonite|27/100
|move|p2a: Dragonite|Dragon Dance|p2a: Dragonite
|-boost|p2a: Dragonite|atk|1
|-boost|p2a: Dragonite|spe|1
|
|-heal|p1a: Top Dog|53/100|[from] item: Leftovers
|upkeep
|turn|22
|
|t:|1743894312
|move|p1a: Top Dog|Stone Edge|p2a: Dragonite
|-supereffective|p2a: Dragonite
|-damage|p2a: Dragonite|0 fnt
|faint|p2a: Dragonite
|
|-heal|p1a: Top Dog|60/100|[from] item: Leftovers
|upkeep
|inactive|jimbo baldwin has 60 seconds left.
|
|t:|1743894339
|switch|p2a: Ogerpon|Ogerpon-Wellspring, F|100/100
|turn|23
|
|t:|1743894350
|move|p1a: Top Dog|Body Press|p2a: Ogerpon
|-damage|p2a: Ogerpon|60/100
|move|p2a: Ogerpon|Swords Dance|p2a: Ogerpon
|-boost|p2a: Ogerpon|atk|2
|
|-heal|p1a: Top Dog|66/100|[from] item: Leftovers
|upkeep
|turn|24
|
|t:|1743894360
|move|p1a: Top Dog|Iron Defense|p1a: Top Dog
|-boost|p1a: Top Dog|def|2
|move|p2a: Ogerpon|Ivy Cudgel|p1a: Top Dog|[anim] Ivy Cudgel Water
|-damage|p1a: Top Dog|25/100
|
|-heal|p1a: Top Dog|31/100|[from] item: Leftovers
|upkeep
|turn|25
|-message|jimbo baldwin forfeited.
|
|win|El Cucuy 2025
|raw|El Cucuy 2025's rating: 1545 &rarr; <strong>1561</strong><br />(+16 for winning)
|raw|jimbo baldwin's rating: 1471 &rarr; <strong>1455</strong><br />(-16 for losing)
|l|☆jimbo baldwin
|player|p2|
|l|☆El Cucuy 2025
|player|p1|
