|j|☆gil y pollass
|j|☆cuervotesteador
|t:|1743826904
|gametype|singles
|player|p1|gil y pollass|blue-gen1|1148
|player|p2|cuervotesteador|1|1183
|teamsize|p1|6
|teamsize|p2|6
|gen|9
|tier|[Gen 9] OU
|rated|
|rule|HP Percentage Mod: HP is shown in percentages
|rule|Endless Battle Clause: Forcing endless battles is banned
|rule|Species Clause: Limit one of each Pokémon
|rule|OHKO Clause: OHKO moves are banned
|rule|Evasion Items Clause: Evasion items are banned
|rule|Evasion Moves Clause: Evasion moves are banned
|rule|Sleep Moves Clause: Sleep-inducing moves are banned
|clearpoke
|poke|p1|Gliscor, M|
|poke|p1|Metagross|
|poke|p1|Primarina, F|
|poke|p1|Serperior, M|
|poke|p1|Heatran, M|
|poke|p1|Infernape, M|
|poke|p2|Hitmonchan, M|
|poke|p2|Moltres|
|poke|p2|Frosmoth, F|
|poke|p2|Iron Crown|
|poke|p2|Landorus-Therian, M|
|poke|p2|Ogerpon-Wellspring, F|
|teampreview
|inactive|Battle timer is ON: inactive players will automatically lose when time's up. (requested by gil y pollass)
|
|t:|1743826928
|start
|switch|p1a: chistes|Gliscor, M|100/100
|switch|p2a: Hitmonchan|Hitmonchan, M|100/100
|turn|1
|
|t:|1743826936
|switch|p1a: Primarina|Primarina, F|100/100
|move|p2a: Hitmonchan|Knock Off|p1a: Primarina
|-resisted|p1a: Primarina
|-damage|p1a: Primarina|84/100
|-enditem|p1a: Primarina|Leftovers|[from] move: Knock Off|[of] p2a: Hitmonchan
|
|upkeep
|turn|2
|inactive|cuervotesteador has 120 seconds left.
|
|t:|1743826975
|switch|p2a: Iron Crown|Iron Crown|100/100
|move|p1a: Primarina|Calm Mind|p1a: Primarina
|-boost|p1a: Primarina|spa|1
|-boost|p1a: Primarina|spd|1
|
|upkeep
|turn|3
|inactive|cuervotesteador has 120 seconds left.
|
|t:|1743826985
|-terastallize|p1a: Primarina|Steel
|move|p2a: Iron Crown|Tachyon Cutter|p1a: Primarina
|-resisted|p1a: Primarina
|-damage|p1a: Primarina|79/100
|-resisted|p1a: Primarina
|-damage|p1a: Primarina|73/100
|-hitcount|p1a: Primarina|2
|move|p1a: Primarina|Psychic Noise|p2a: Iron Crown
|-damage|p2a: Iron Crown|69/100
|-start|p2a: Iron Crown|move: Heal Block
|
|upkeep
|turn|4
|inactive|cuervotesteador has 120 seconds left.
|
|t:|1743826997
|move|p2a: Iron Crown|Psychic Noise|p1a: Primarina
|-resisted|p1a: Primarina
|-damage|p1a: Primarina|66/100
|-start|p1a: Primarina|move: Heal Block
|move|p1a: Primarina|Calm Mind|p1a: Primarina
|-boost|p1a: Primarina|spa|1
|-boost|p1a: Primarina|spd|1
|
|-end|p2a: Iron Crown|move: Heal Block
|upkeep
|turn|5
|
|t:|1743827011
|move|p2a: Iron Crown|Volt Switch|p1a: Primarina
|-damage|p1a: Primarina|58/100
|
|t:|1743827015
|-end|p2a: Iron Crown|Quark Drive|[silent]
|switch|p2a: Frosmoth|Frosmoth, F|100/100|[from] Volt Switch
|move|p1a: Primarina|Calm Mind|p1a: Primarina
|-boost|p1a: Primarina|spa|1
|-boost|p1a: Primarina|spd|1
|
|-end|p1a: Primarina|move: Heal Block
|upkeep
|turn|6
|
|t:|1743827024
|move|p2a: Frosmoth|Quiver Dance|p2a: Frosmoth
|-boost|p2a: Frosmoth|spa|1
|-boost|p2a: Frosmoth|spd|1
|-boost|p2a: Frosmoth|spe|1
|move|p1a: Primarina|Psychic Noise|p2a: Frosmoth
|-damage|p2a: Frosmoth|81/100
|-start|p2a: Frosmoth|move: Heal Block
|
|upkeep
|turn|7
|
|t:|1743827032
|move|p2a: Frosmoth|Quiver Dance|p2a: Frosmoth
|-boost|p2a: Frosmoth|spa|1
|-boost|p2a: Frosmoth|spd|1
|-boost|p2a: Frosmoth|spe|1
|move|p1a: Primarina|Draining Kiss|p2a: Frosmoth
|-damage|p2a: Frosmoth|71/100
|-heal|p1a: Primarina|66/100|[from] drain|[of] p2a: Frosmoth
|
|-end|p2a: Frosmoth|move: Heal Block
|upkeep
|turn|8
|
|t:|1743827043
|move|p2a: Frosmoth|Quiver Dance|p2a: Frosmoth
|-boost|p2a: Frosmoth|spa|1
|-boost|p2a: Frosmoth|spd|1
|-boost|p2a: Frosmoth|spe|1
|move|p1a: Primarina|Psychic Noise|p2a: Frosmoth
|-damage|p2a: Frosmoth|59/100
|-start|p2a: Frosmoth|move: Heal Block
|
|upkeep
|turn|9
|
|t:|1743827052
|move|p2a: Frosmoth|Quiver Dance|p2a: Frosmoth
|-boost|p2a: Frosmoth|spa|1
|-boost|p2a: Frosmoth|spd|1
|-boost|p2a: Frosmoth|spe|1
|move|p1a: Primarina|Psychic Noise|p2a: Frosmoth
|-damage|p2a: Frosmoth|48/100
|
|-end|p2a: Frosmoth|move: Heal Block
|upkeep
|turn|10
|
|t:|1743827062
|move|p2a: Frosmoth|Quiver Dance|p2a: Frosmoth
|-boost|p2a: Frosmoth|spa|1
|-boost|p2a: Frosmoth|spd|1
|-boost|p2a: Frosmoth|spe|1
|move|p1a: Primarina|Psychic Noise|p2a: Frosmoth
|-damage|p2a: Frosmoth|39/100
|-start|p2a: Frosmoth|move: Heal Block
|
|upkeep
|turn|11
|
|t:|1743827070
|move|p2a: Frosmoth|Quiver Dance|p2a: Frosmoth
|-boost|p2a: Frosmoth|spa|1
|-boost|p2a: Frosmoth|spd|1
|-boost|p2a: Frosmoth|spe|1
|move|p1a: Primarina|Psychic Noise|p2a: Frosmoth
|-damage|p2a: Frosmoth|31/100
|
|-end|p2a: Frosmoth|move: Heal Block
|upkeep
|turn|12
|
|t:|1743827080
|move|p2a: Frosmoth|Giga Drain|p1a: Primarina
|-resisted|p1a: Primarina
|-crit|p1a: Primarina
|-damage|p1a: Primarina|26/100
|-heal|p2a: Frosmoth|53/100|[from] drain|[of] p1a: Primarina
|move|p1a: Primarina|Psychic Noise|p2a: Frosmoth
|-damage|p2a: Frosmoth|46/100
|-start|p2a: Frosmoth|move: Heal Block
|
|upkeep
|turn|13
|
|t:|1743827089
|move|p2a: Frosmoth|Ice Beam|p1a: Primarina
|-resisted|p1a: Primarina
|-damage|p1a: Primarina|7/100
|move|p1a: Primarina|Psychic Noise|p2a: Frosmoth
|-damage|p2a: Frosmoth|38/100
|
|-end|p2a: Frosmoth|move: Heal Block
|upkeep
|turn|14
|
|t:|1743827098
|move|p2a: Frosmoth|Giga Drain|p1a: Primarina
|-resisted|p1a: Primarina
|-damage|p1a: Primarina|0 fnt
|-heal|p2a: Frosmoth|41/100|[from] drain|[of] p1a: Primarina
|faint|p1a: Primarina
|
|upkeep
|
|t:|1743827102
|switch|p1a: Heatran|Heatran, M|100/100
|turn|15
|
|t:|1743827109
|move|p2a: Frosmoth|Ice Beam|p1a: Heatran
|-resisted|p1a: Heatran
|-damage|p1a: Heatran|78/100
|move|p1a: Heatran|Heat Wave|p2a: Frosmoth
|-supereffective|p2a: Frosmoth
|-crit|p2a: Frosmoth
|-damage|p2a: Frosmoth|0 fnt
|faint|p2a: Frosmoth
|
|-heal|p1a: Heatran|84/100|[from] item: Leftovers
|upkeep
|
|t:|1743827126
|switch|p2a: Ogerpon|Ogerpon-Wellspring, F|100/100
|turn|16
|
|t:|1743827135
|switch|p1a: Metagross|Metagross|100/100
|move|p2a: Ogerpon|Ivy Cudgel|p1a: Metagross|[anim] Ivy Cudgel Water
|-damage|p1a: Metagross|57/100
|
|-heal|p1a: Metagross|63/100|[from] item: Leftovers
|upkeep
|turn|17
|
|t:|1743827145
|move|p2a: Ogerpon|Swords Dance|p2a: Ogerpon
|-boost|p2a: Ogerpon|atk|2
|move|p1a: Metagross|Psychic Fangs|p2a: Ogerpon
|-damage|p2a: Ogerpon|42/100
|
|-heal|p1a: Metagross|69/100|[from] item: Leftovers
|upkeep
|turn|18
|
|t:|1743827154
|move|p2a: Ogerpon|Ivy Cudgel|p1a: Metagross|[anim] Ivy Cudgel Water
|-damage|p1a: Metagross|0 fnt
|faint|p1a: Metagross
|
|upkeep
|
|t:|1743827162
|switch|p1a: Infernape|Infernape, M|100/100
|turn|19
|
|t:|1743827168
|switch|p2a: Moltres|Moltres|100/100
|move|p1a: Infernape|Flare Blitz|p2a: Moltres
|-resisted|p2a: Moltres
|-damage|p2a: Moltres|82/100
|-damage|p1a: Infernape|92/100|[from] Recoil
|
|upkeep
|turn|20
|
|t:|1743827176
|switch|p1a: Heatran|Heatran, M|84/100
|move|p2a: Moltres|U-turn|p1a: Heatran
|-resisted|p1a: Heatran
|-damage|p1a: Heatran|81/100
|
|t:|1743827183
|switch|p2a: Ogerpon|Ogerpon-Wellspring, F|42/100|[from] U-turn
|
|-heal|p1a: Heatran|87/100|[from] item: Leftovers
|upkeep
|turn|21
|
|t:|1743827195
|move|p2a: Ogerpon|Ivy Cudgel|p1a: Heatran|[anim] Ivy Cudgel Water
|-supereffective|p1a: Heatran
|-damage|p1a: Heatran|0 fnt
|faint|p1a: Heatran
|
|upkeep
|
|t:|1743827201
|switch|p1a: Infernape|Infernape, M|92/100
|turn|22
|
|t:|1743827213
|move|p1a: Infernape|Thunder Punch|p2a: Ogerpon
|-damage|p2a: Ogerpon|14/100
|move|p2a: Ogerpon|Ivy Cudgel|p1a: Infernape|[anim] Ivy Cudgel Water
|-supereffective|p1a: Infernape
|-damage|p1a: Infernape|0 fnt
|faint|p1a: Infernape
|
|upkeep
|
|t:|1743827225
|switch|p1a: Serperior|Serperior, M|100/100
|turn|23
|c|☆gil y pollass|gg
|
|t:|1743827231
|switch|p2a: Moltres|Moltres|82/100
|move|p1a: Serperior|Leaf Storm|p2a: Moltres
|-resisted|p2a: Moltres
|-damage|p2a: Moltres|67/100
|-boost|p1a: Serperior|spa|2
|-damage|p1a: Serperior|91/100|[from] item: Life Orb
|
|upkeep
|turn|24
|
|t:|1743827239
|move|p1a: Serperior|Dragon Pulse|p2a: Moltres
|-damage|p2a: Moltres|17/100
|-damage|p1a: Serperior|81/100|[from] item: Life Orb
|move|p2a: Moltres|Flamethrower|p1a: Serperior
|-supereffective|p1a: Serperior
|-damage|p1a: Serperior|0 fnt
|faint|p1a: Serperior
|
|upkeep
|
|t:|1743827243
|switch|p1a: chistes|Gliscor, M|100/100
|turn|25
|
|t:|1743827249
|move|p1a: chistes|Facade|p2a: Moltres
|-damage|p2a: Moltres|6/100
|move|p2a: Moltres|Will-O-Wisp|p1a: chistes|[miss]
|-miss|p2a: Moltres|p1a: chistes
|
|-status|p1a: chistes|tox|[from] item: Toxic Orb
|upkeep
|turn|26
|
|t:|1743827256
|move|p1a: chistes|Facade|p2a: Moltres
|-damage|p2a: Moltres|0 fnt
|faint|p2a: Moltres
|
|upkeep
|
|t:|1743827261
|switch|p2a: Ogerpon|Ogerpon-Wellspring, F|14/100
|turn|27
|
|t:|1743827265
|-terastallize|p2a: Ogerpon|Water
|detailschange|p2a: Ogerpon|Ogerpon-Wellspring-Tera, F, tera:Water
|-ability|p2a: Ogerpon|Embody Aspect (Wellspring)|boost
|-boost|p2a: Ogerpon|spd|1
|move|p2a: Ogerpon|Ivy Cudgel|p1a: chistes|[anim] Ivy Cudgel Water
|-supereffective|p1a: chistes
|-damage|p1a: chistes|7/100 tox
|move|p1a: chistes|Facade|p2a: Ogerpon
|-damage|p2a: Ogerpon|0 fnt
|faint|p2a: Ogerpon
|
|-heal|p1a: chistes|19/100 tox|[from] ability: Poison Heal
|upkeep
|
|t:|1743827277
|switch|p2a: Iron Crown|Iron Crown|69/100
|turn|28
|
|t:|1743827297
|move|p1a: chistes|Protect|p1a: chistes
|-singleturn|p1a: chistes|Protect
|move|p2a: Iron Crown|Psychic Noise|p1a: chistes
|-activate|p1a: chistes|move: Protect
|
|-heal|p1a: chistes|32/100 tox|[from] ability: Poison Heal
|upkeep
|turn|29
|
|t:|1743827306
|move|p2a: Iron Crown|Psychic Noise|p1a: chistes
|-damage|p1a: chistes|0 fnt
|faint|p1a: chistes
|
|win|cuervotesteador
|raw|gil y pollass's rating: 1148 &rarr; <strong>1126</strong><br />(-22 for losing)
|raw|cuervotesteador's rating: 1183 &rarr; <strong>1205</strong><br />(+22 for winning)
|l|☆gil y pollass
|player|p1|
|l|☆cuervotesteador
|player|p2|
