|j|☆lyonsyonii
|j|☆aa231303
|t:|1743938964
|gametype|singles
|player|p1|lyonsyonii|1|1308
|player|p2|aa231303|iris-gen5bw2|1297
|teamsize|p1|6
|teamsize|p2|6
|gen|9
|tier|[Gen 9] OU
|rated|
|rule|HP Percentage Mod: HP is shown in percentages
|rule|Endless Battle Clause: Forcing endless battles is banned
|rule|Species Clause: Limit one of each Pokémon
|rule|OHKO Clause: OHKO moves are banned
|rule|Evasion Items Clause: Evasion items are banned
|rule|Evasion Moves Clause: Evasion moves are banned
|rule|Sleep Moves Clause: Sleep-inducing moves are banned
|clearpoke
|poke|p1|Blissey, F|
|poke|p1|Rampardos, F|
|poke|p1|Regirock|
|poke|p1|Hoopa-Unbound|
|poke|p1|Regice|
|poke|p1|Deoxys-Speed|
|poke|p2|Blaziken, M|
|poke|p2|Primarina, M|
|poke|p2|Tinkaton, F|
|poke|p2|Great Tusk|
|poke|p2|Latias, F|
|poke|p2|Hydrapple, M|
|teampreview
|inactive|Battle timer is ON: inactive players will automatically lose when time's up. (requested by lyonsyonii)
|
|t:|1743938984
|start
|switch|p1a: Regirock|Regirock|100/100
|switch|p2a: Tinkaton|Tinkaton, F|100/100
|-ability|p2a: Tinkaton|Mold Breaker
|-item|p2a: Tinkaton|Air Balloon
|turn|1
|
|t:|1743938993
|move|p2a: Tinkaton|Stealth Rock|p1a: Regirock
|-sidestart|p1: lyonsyonii|move: Stealth Rock
|move|p1a: Regirock|Substitute|p1a: Regirock
|-start|p1a: Regirock|Substitute
|-damage|p1a: Regirock|75/100
|
|-heal|p1a: Regirock|82/100|[from] item: Leftovers
|upkeep
|turn|2
|
|t:|1743939001
|move|p2a: Tinkaton|Encore|p1a: Regirock
|-start|p1a: Regirock|Encore
|move|p1a: Regirock|Substitute|p1a: Regirock
|-fail|p1a: Regirock|move: Substitute
|
|-heal|p1a: Regirock|88/100|[from] item: Leftovers
|upkeep
|turn|3
|
|t:|1743939008
|switch|p2a: Hydrapple|Hydrapple, M|100/100
|move|p1a: Regirock|Substitute|p1a: Regirock
|-fail|p1a: Regirock|move: Substitute
|
|-heal|p1a: Regirock|94/100|[from] item: Leftovers
|upkeep
|turn|4
|
|t:|1743939016
|move|p1a: Regirock|Substitute|p1a: Regirock
|-fail|p1a: Regirock|move: Substitute
|move|p2a: Hydrapple|Giga Drain|p1a: Regirock
|-supereffective|p1a: Regirock
|-end|p1a: Regirock|Substitute
|
|-heal|p1a: Regirock|99/100|[from] item: Leftovers
|-end|p1a: Regirock|Encore
|upkeep
|turn|5
|
|t:|1743939025
|switch|p1a: Blissey|Blissey, F|100/100
|-damage|p1a: Blissey|88/100|[from] Stealth Rock
|move|p2a: Hydrapple|Giga Drain|p1a: Blissey
|-damage|p1a: Blissey|74/100
|
|-heal|p1a: Blissey|80/100|[from] item: Leftovers
|upkeep
|turn|6
|
|t:|1743939031
|switch|p2a: Tinkaton|Tinkaton, F|100/100
|-ability|p2a: Tinkaton|Mold Breaker
|-item|p2a: Tinkaton|Air Balloon
|move|p1a: Blissey|Calm Mind|p1a: Blissey
|-boost|p1a: Blissey|spa|1
|-boost|p1a: Blissey|spd|1
|
|-heal|p1a: Blissey|86/100|[from] item: Leftovers
|upkeep
|turn|7
|
|t:|1743939042
|move|p2a: Tinkaton|Gigaton Hammer|p1a: Blissey
|-damage|p1a: Blissey|33/100
|move|p1a: Blissey|Psychic|p2a: Tinkaton
|-resisted|p2a: Tinkaton
|-damage|p2a: Tinkaton|87/100
|-enditem|p2a: Tinkaton|Air Balloon
|
|-heal|p1a: Blissey|39/100|[from] item: Leftovers
|upkeep
|turn|8
|
|t:|1743939067
|switch|p1a: Rampardos|Rampardos, F|100/100
|-damage|p1a: Rampardos|88/100|[from] Stealth Rock
|-ability|p1a: Rampardos|Mold Breaker
|move|p2a: Tinkaton|Encore||[still]
|-fail|p2a: Tinkaton
|
|upkeep
|turn|9
|
|t:|1743939076
|move|p1a: Rampardos|Earthquake|p2a: Tinkaton
|-supereffective|p2a: Tinkaton
|-damage|p2a: Tinkaton|0 fnt
|faint|p2a: Tinkaton
|
|upkeep
|
|t:|1743939085
|switch|p2a: Blaziken|Blaziken, M|100/100
|turn|10
|
|t:|1743939092
|move|p2a: Blaziken|Endure|p2a: Blaziken
|-singleturn|p2a: Blaziken|move: Endure
|move|p1a: Rampardos|Earthquake|p2a: Blaziken
|-supereffective|p2a: Blaziken
|-activate|p2a: Blaziken|move: Endure
|-damage|p2a: Blaziken|1/100
|-enditem|p2a: Blaziken|Weakness Policy
|-boost|p2a: Blaziken|atk|2|[from] item: Weakness Policy
|-boost|p2a: Blaziken|spa|2|[from] item: Weakness Policy
|
|-ability|p2a: Blaziken|Speed Boost|boost
|-boost|p2a: Blaziken|spe|1
|upkeep
|turn|11
|
|t:|1743939102
|switch|p1a: Regirock|Regirock|99/100
|-damage|p1a: Regirock|87/100|[from] Stealth Rock
|move|p2a: Blaziken|Reversal|p1a: Regirock
|-supereffective|p1a: Regirock
|-damage|p1a: Regirock|0 fnt
|faint|p1a: Regirock
|
|-ability|p2a: Blaziken|Speed Boost|boost
|-boost|p2a: Blaziken|spe|1
|upkeep
|-message|lyonsyonii forfeited.
|
|win|aa231303
|raw|lyonsyonii's rating: 1308 &rarr; <strong>1287</strong><br />(-21 for losing)
|raw|aa231303's rating: 1297 &rarr; <strong>1323</strong><br />(+26 for winning)
|l|☆lyonsyonii
|player|p1|
|l|☆aa231303
|player|p2|
