|j|☆orizzcorio
|j|☆seymour2
|t:|1743856504
|gametype|singles
|player|p1|orizzcorio|cynthia-masters|1646
|player|p2|seymour2|burglar|1582
|teamsize|p1|6
|teamsize|p2|6
|gen|9
|tier|[Gen 9] OU
|rated|
|rule|HP Percentage Mod: HP is shown in percentages
|rule|Endless Battle Clause: Forcing endless battles is banned
|rule|Species Clause: Limit one of each Pokémon
|rule|OHKO Clause: OHKO moves are banned
|rule|Evasion Items Clause: Evasion items are banned
|rule|Evasion Moves Clause: Evasion moves are banned
|rule|Sleep Moves Clause: Sleep-inducing moves are banned
|clearpoke
|poke|p1|Greninja-*, M|
|poke|p1|Skeledirge, M|
|poke|p1|Great Tusk|
|poke|p1|Scizor, F|
|poke|p1|Corviknight, F|
|poke|p1|Gastrodon-East, F|
|poke|p2|Venusaur, F|
|poke|p2|Torkoal, M|
|poke|p2|Walking Wake|
|poke|p2|Iron Moth|
|poke|p2|Great Tusk|
|poke|p2|Hatterene, F|
|teampreview
|inactive|Battle timer is ON: inactive players will automatically lose when time's up. (requested by orizzcorio)
|
|t:|1743856513
|start
|switch|p1a: Jiraiya|Greninja, M, shiny|100/100
|switch|p2a: Torkoal|Torkoal, M|100/100
|-weather|SunnyDay|[from] ability: Drought|[of] p2a: Torkoal
|turn|1
|inactive|seymour2 has 120 seconds left.
|
|t:|1743856549
|switch|p2a: Hatterene|Hatterene, F|100/100
|move|p1a: Jiraiya|Dark Pulse|p2a: Hatterene
|-start|p1a: Jiraiya|typechange|Dark|[from] ability: Protean
|-damage|p2a: Hatterene|40/100
|-enditem|p2a: Hatterene|Eject Button
|
|t:|1743856567
|switch|p2a: Walking Wake|Walking Wake|100/100
|-activate|p2a: Walking Wake|ability: Protosynthesis
|-start|p2a: Walking Wake|protosynthesisspe
|
|-weather|SunnyDay|[upkeep]
|upkeep
|turn|2
|
|t:|1743856577
|switch|p1a: Squall|Corviknight, F, shiny|100/100
|-ability|p1a: Squall|Pressure
|move|p2a: Walking Wake|Dragon Pulse|p1a: Squall
|-resisted|p1a: Squall
|-damage|p1a: Squall|71/100
|
|-weather|SunnyDay|[upkeep]
|upkeep
|turn|3
|
|t:|1743856586
|move|p2a: Walking Wake|Dragon Pulse|p1a: Squall
|-resisted|p1a: Squall
|-damage|p1a: Squall|38/100
|move|p1a: Squall|U-turn|p2a: Walking Wake
|-damage|p2a: Walking Wake|86/100
|
|t:|1743856593
|switch|p1a: Revolver|Scizor, F|100/100|[from] U-turn
|
|-weather|SunnyDay|[upkeep]
|upkeep
|turn|4
|
|t:|1743856600
|-end|p2a: Walking Wake|Protosynthesis|[silent]
|switch|p2a: Torkoal|Torkoal, M|100/100
|move|p1a: Revolver|U-turn|p2a: Torkoal
|-resisted|p2a: Torkoal
|-damage|p2a: Torkoal|86/100
|
|t:|1743856624
|switch|p1a: Jiraiya|Greninja, M, shiny|100/100|[from] U-turn
|
|-weather|SunnyDay|[upkeep]
|upkeep
|turn|5
|
|t:|1743856634
|switch|p2a: Hatterene|Hatterene, F|40/100
|move|p1a: Jiraiya|Dark Pulse|p2a: Hatterene
|-start|p1a: Jiraiya|typechange|Dark|[from] ability: Protean
|-damage|p2a: Hatterene|0 fnt
|faint|p2a: Hatterene
|
|-weather|SunnyDay|[upkeep]
|upkeep
|inactive|seymour2 has 120 seconds left.
|
|t:|1743856665
|switch|p2a: Walking Wake|Walking Wake|86/100
|-activate|p2a: Walking Wake|ability: Protosynthesis
|-start|p2a: Walking Wake|protosynthesisspe
|turn|6
|
|t:|1743856673
|switch|p1a: Squall|Corviknight, F, shiny|38/100
|-ability|p1a: Squall|Pressure
|move|p2a: Walking Wake|Dragon Pulse|p1a: Squall
|-resisted|p1a: Squall
|-damage|p1a: Squall|9/100
|
|-weather|SunnyDay|[upkeep]
|upkeep
|turn|7
|
|t:|1743856679
|move|p2a: Walking Wake|Dragon Pulse|p1a: Squall
|-resisted|p1a: Squall
|-damage|p1a: Squall|0 fnt
|faint|p1a: Squall
|
|-weather|SunnyDay|[upkeep]
|upkeep
|
|t:|1743856681
|switch|p1a: Revolver|Scizor, F|100/100
|turn|8
|
|t:|1743856692
|-end|p2a: Walking Wake|Protosynthesis|[silent]
|switch|p2a: Iron Moth|Iron Moth|100/100
|-enditem|p2a: Iron Moth|Booster Energy
|-activate|p2a: Iron Moth|ability: Quark Drive|[fromitem]
|-start|p2a: Iron Moth|quarkdrivespe
|move|p1a: Revolver|U-turn|p2a: Iron Moth
|-resisted|p2a: Iron Moth
|-damage|p2a: Iron Moth|79/100
|
|t:|1743856700
|switch|p1a: Soul Pyre|Skeledirge, M|100/100|[from] U-turn
|
|-weather|none
|upkeep
|turn|9
|
|t:|1743856715
|move|p2a: Iron Moth|Psychic|p1a: Soul Pyre
|-damage|p1a: Soul Pyre|68/100
|move|p1a: Soul Pyre|Substitute|p1a: Soul Pyre
|-start|p1a: Soul Pyre|Substitute
|-damage|p1a: Soul Pyre|43/100
|
|-heal|p1a: Soul Pyre|50/100|[from] item: Leftovers
|upkeep
|turn|10
|
|t:|1743856719
|move|p2a: Iron Moth|Psychic|p1a: Soul Pyre
|-end|p1a: Soul Pyre|Substitute
|move|p1a: Soul Pyre|Earth Power|p2a: Iron Moth
|-supereffective|p2a: Iron Moth
|-damage|p2a: Iron Moth|0 fnt
|faint|p2a: Iron Moth
|-end|p2a: Iron Moth|Quark Drive|[silent]
|
|-heal|p1a: Soul Pyre|56/100|[from] item: Leftovers
|upkeep
|
|t:|1743856728
|switch|p2a: Walking Wake|Walking Wake|86/100
|turn|11
|
|t:|1743856741
|switch|p1a: Squishee|Gastrodon-East, F|100/100
|move|p2a: Walking Wake|Dragon Pulse|p1a: Squishee
|-damage|p1a: Squishee|61/100
|
|upkeep
|turn|12
|
|t:|1743856750
|move|p2a: Walking Wake|Dragon Pulse|p1a: Squishee
|-damage|p1a: Squishee|17/100
|move|p1a: Squishee|Recover|p1a: Squishee
|-heal|p1a: Squishee|67/100
|
|upkeep
|turn|13
|
|t:|1743856754
|move|p2a: Walking Wake|Dragon Pulse|p1a: Squishee
|-damage|p1a: Squishee|27/100
|move|p1a: Squishee|Recover|p1a: Squishee
|-heal|p1a: Squishee|77/100
|
|upkeep
|turn|14
|
|t:|1743856762
|-end|p2a: Walking Wake|Protosynthesis|[silent]
|switch|p2a: Torkoal|Torkoal, M|86/100
|-weather|SunnyDay|[from] ability: Drought|[of] p2a: Torkoal
|move|p1a: Squishee|Recover|p1a: Squishee
|-heal|p1a: Squishee|100/100
|
|-weather|SunnyDay|[upkeep]
|upkeep
|turn|15
|
|t:|1743856774
|switch|p2a: Venusaur|Venusaur, F|100/100
|move|p1a: Squishee|Earth Power|p2a: Venusaur
|-damage|p2a: Venusaur|66/100
|
|-weather|SunnyDay|[upkeep]
|upkeep
|turn|16
|
|t:|1743856782
|switch|p1a: Revolver|Scizor, F|100/100
|move|p2a: Venusaur|Solar Beam||[still]
|-prepare|p2a: Venusaur|Solar Beam
|-anim|p2a: Venusaur|Solar Beam|p1a: Revolver
|-resisted|p1a: Revolver
|-damage|p1a: Revolver|74/100
|-damage|p2a: Venusaur|56/100|[from] item: Life Orb
|
|-weather|SunnyDay|[upkeep]
|upkeep
|turn|17
|
|t:|1743856788
|move|p1a: Revolver|Bullet Punch|p2a: Venusaur
|-damage|p2a: Venusaur|0 fnt
|faint|p2a: Venusaur
|
|-weather|SunnyDay|[upkeep]
|upkeep
|
|t:|1743856810
|switch|p2a: Great Tusk|Great Tusk|100/100
|-activate|p2a: Great Tusk|ability: Protosynthesis
|-start|p2a: Great Tusk|protosynthesisspe
|turn|18
|
|t:|1743856822
|switch|p1a: Soul Pyre|Skeledirge, M|56/100
|move|p2a: Great Tusk|Bulk Up|p2a: Great Tusk
|-boost|p2a: Great Tusk|atk|1
|-boost|p2a: Great Tusk|def|1
|
|-weather|SunnyDay|[upkeep]
|-heal|p1a: Soul Pyre|62/100|[from] item: Leftovers
|upkeep
|turn|19
|
|t:|1743856852
|move|p2a: Great Tusk|Headlong Rush|p1a: Soul Pyre
|-supereffective|p1a: Soul Pyre
|-damage|p1a: Soul Pyre|0 fnt
|-unboost|p2a: Great Tusk|def|1
|-unboost|p2a: Great Tusk|spd|1
|faint|p1a: Soul Pyre
|
|-weather|SunnyDay|[upkeep]
|upkeep
|
|t:|1743856858
|switch|p1a: Akimichi|Great Tusk|100/100
|-activate|p1a: Akimichi|ability: Protosynthesis
|-start|p1a: Akimichi|protosynthesisatk
|turn|20
|
|t:|1743856871
|move|p2a: Great Tusk|Bulk Up|p2a: Great Tusk
|-boost|p2a: Great Tusk|atk|1
|-boost|p2a: Great Tusk|def|1
|move|p1a: Akimichi|Headlong Rush|p2a: Great Tusk
|-damage|p2a: Great Tusk|61/100
|-unboost|p1a: Akimichi|def|1
|-unboost|p1a: Akimichi|spd|1
|
|-weather|SunnyDay|[upkeep]
|upkeep
|turn|21
|
|t:|1743856883
|-end|p1a: Akimichi|Protosynthesis|[silent]
|switch|p1a: Revolver|Scizor, F|74/100
|move|p2a: Great Tusk|Headlong Rush|p1a: Revolver
|-damage|p1a: Revolver|0 fnt
|-unboost|p2a: Great Tusk|def|1
|-unboost|p2a: Great Tusk|spd|1
|faint|p1a: Revolver
|
|-weather|none
|-end|p2a: Great Tusk|Protosynthesis
|upkeep
|inactive|orizzcorio has 120 seconds left.
|
|t:|1743856907
|switch|p1a: Akimichi|Great Tusk|100/100
|turn|22
|inactive|orizzcorio has 120 seconds left.
|
|t:|1743856916
|move|p2a: Great Tusk|Ice Spinner|p1a: Akimichi
|-supereffective|p1a: Akimichi
|-damage|p1a: Akimichi|32/100
|move|p1a: Akimichi|Rapid Spin|p2a: Great Tusk
|-damage|p2a: Great Tusk|49/100
|-boost|p1a: Akimichi|spe|1
|
|upkeep
|turn|23
|inactive|orizzcorio has 120 seconds left.
|
|t:|1743856928
|-terastallize|p1a: Akimichi|Ground
|move|p1a: Akimichi|Headlong Rush|p2a: Great Tusk
|-damage|p2a: Great Tusk|0 fnt
|-unboost|p1a: Akimichi|def|1
|-unboost|p1a: Akimichi|spd|1
|faint|p2a: Great Tusk
|-end|p2a: Great Tusk|Protosynthesis|[silent]
|
|upkeep
|
|t:|1743856931
|switch|p2a: Torkoal|Torkoal, M|86/100
|-weather|SunnyDay|[from] ability: Drought|[of] p2a: Torkoal
|-activate|p1a: Akimichi|ability: Protosynthesis
|-start|p1a: Akimichi|protosynthesisspe
|turn|24
|
|t:|1743856942
|move|p1a: Akimichi|Headlong Rush|p2a: Torkoal
|-supereffective|p2a: Torkoal
|-damage|p2a: Torkoal|0 fnt
|-unboost|p1a: Akimichi|def|1
|-unboost|p1a: Akimichi|spd|1
|faint|p2a: Torkoal
|
|-weather|SunnyDay|[upkeep]
|upkeep
|
|t:|1743856944
|switch|p2a: Walking Wake|Walking Wake|86/100
|-activate|p2a: Walking Wake|ability: Protosynthesis
|-start|p2a: Walking Wake|protosynthesisspe
|turn|25
|
|t:|1743856954
|move|p1a: Akimichi|Headlong Rush|p2a: Walking Wake
|-crit|p2a: Walking Wake
|-damage|p2a: Walking Wake|0 fnt
|-unboost|p1a: Akimichi|def|1
|-unboost|p1a: Akimichi|spd|1
|faint|p2a: Walking Wake
|-end|p2a: Walking Wake|Protosynthesis|[silent]
|
|win|orizzcorio
|raw|orizzcorio's rating: 1646 &rarr; <strong>1662</strong><br />(+16 for winning)
|raw|seymour2's rating: 1582 &rarr; <strong>1566</strong><br />(-16 for losing)
|l|☆seymour2
|player|p2|
|l|☆orizzcorio
|player|p1|
