|j|☆Rocktar Made
|j|☆poloniumew
|t:|1743831459
|gametype|singles
|player|p1|Rocktar Made|red|1666
|player|p2|poloniumew|2|1645
|teamsize|p1|6
|teamsize|p2|6
|gen|9
|tier|[Gen 9] OU
|rated|
|rule|HP Percentage Mod: HP is shown in percentages
|rule|Endless Battle Clause: Forcing endless battles is banned
|rule|Species Clause: Limit one of each Pokémon
|rule|OHKO Clause: OHKO moves are banned
|rule|Evasion Items Clause: Evasion items are banned
|rule|Evasion Moves Clause: Evasion moves are banned
|rule|Sleep Moves Clause: Sleep-inducing moves are banned
|clearpoke
|poke|p1|Weezing-Galar, M|
|poke|p1|Alomomola, M|
|poke|p1|Enamorus, F|
|poke|p1|Iron Treads|
|poke|p1|Dragapult, F|
|poke|p1|Zamazenta-*|
|poke|p2|Ursaluna, F|
|poke|p2|Skarmory, M|
|poke|p2|Meowscarada, M|
|poke|p2|Gliscor, M|
|poke|p2|Dragapult, M|
|poke|p2|Slowking-Galar, M|
|teampreview
|inactive|Battle timer is ON: inactive players will automatically lose when time's up. (requested by poloniumew)
|inactive|Rocktar Made also wants the timer to be on.
|
|t:|1743831486
|start
|switch|p1a: Dragapult|Dragapult, F|100/100
|switch|p2a: Meowscarada|Meowscarada, M|100/100
|turn|1
|
|t:|1743831493
|move|p1a: Dragapult|U-turn|p2a: Meowscarada
|-supereffective|p2a: Meowscarada
|-damage|p2a: Meowscarada|0 fnt
|faint|p2a: Meowscarada
|
|t:|1743831505
|switch|p1a: Iron Treads|Iron Treads|100/100|[from] U-turn
|
|upkeep
|
|t:|1743831511
|switch|p2a: Gliscor|Gliscor, M|100/100
|turn|2
|
|t:|1743831517
|move|p2a: Gliscor|Protect|p2a: Gliscor
|-singleturn|p2a: Gliscor|Protect
|move|p1a: Iron Treads|Stealth Rock|p2a: Gliscor
|-sidestart|p2: poloniumew|move: Stealth Rock
|
|-status|p2a: Gliscor|tox|[from] item: Toxic Orb
|upkeep
|turn|3
|
|t:|1743831522
|move|p2a: Gliscor|Swords Dance|p2a: Gliscor
|-boost|p2a: Gliscor|atk|2
|move|p1a: Iron Treads|Knock Off|p2a: Gliscor
|-crit|p2a: Gliscor
|-damage|p2a: Gliscor|68/100 tox
|-enditem|p2a: Gliscor|Toxic Orb|[from] move: Knock Off|[of] p1a: Iron Treads
|
|-heal|p2a: Gliscor|80/100 tox|[from] ability: Poison Heal
|upkeep
|turn|4
|
|t:|1743831529
|-end|p1a: Iron Treads|Quark Drive|[silent]
|switch|p1a: Weezing|Weezing-Galar, M|100/100
|-ability|p1a: Weezing|Neutralizing Gas
|move|p2a: Gliscor|Earthquake|p1a: Weezing
|-supereffective|p1a: Weezing
|-damage|p1a: Weezing|0 fnt
|faint|p1a: Weezing
|-end|p1a: Weezing|ability: Neutralizing Gas
|
|-heal|p2a: Gliscor|92/100 tox|[from] ability: Poison Heal
|upkeep
|
|t:|1743831534
|switch|p1a: Dragapult|Dragapult, F|100/100
|turn|5
|
|t:|1743831541
|move|p1a: Dragapult|Draco Meteor|p2a: Gliscor
|-damage|p2a: Gliscor|0 fnt
|-unboost|p1a: Dragapult|spa|2
|faint|p2a: Gliscor
|
|upkeep
|
|t:|1743831554
|switch|p2a: Dragapult|Dragapult, M|100/100
|turn|6
|
|t:|1743831559
|switch|p1a: Alomomola|Alomomola, M|100/100
|move|p2a: Dragapult|Will-O-Wisp|p1a: Alomomola
|-status|p1a: Alomomola|brn
|
|-damage|p1a: Alomomola|94/100 brn|[from] brn
|upkeep
|turn|7
|
|t:|1743831564
|move|p2a: Dragapult|Hex|p1a: Alomomola
|-damage|p1a: Alomomola|65/100 brn
|move|p1a: Alomomola|Mirror Coat|p2a: Dragapult
|-damage|p2a: Dragapult|11/100
|
|-damage|p1a: Alomomola|58/100 brn|[from] brn
|upkeep
|turn|8
|
|t:|1743831568
|move|p2a: Dragapult|Hex|p1a: Alomomola
|-damage|p1a: Alomomola|25/100 brn
|move|p1a: Alomomola|Flip Turn|p2a: Dragapult
|-resisted|p2a: Dragapult
|-damage|p2a: Dragapult|5/100
|
|t:|1743831571
|switch|p1a: Enamorus|Enamorus, F|100/100|[from] Flip Turn
|
|upkeep
|turn|9
|
|t:|1743831574
|move|p1a: Enamorus|Earth Power|p2a: Dragapult
|-damage|p2a: Dragapult|0 fnt
|faint|p2a: Dragapult
|
|upkeep
|
|t:|1743831578
|switch|p2a: Slowking|Slowking-Galar, M|100/100
|turn|10
|
|t:|1743831584
|switch|p1a: Iron Treads|Iron Treads|100/100
|move|p2a: Slowking|Psychic Noise|p1a: Iron Treads
|-resisted|p1a: Iron Treads
|-damage|p1a: Iron Treads|90/100
|-start|p1a: Iron Treads|move: Heal Block
|
|upkeep
|turn|11
|
|t:|1743831587
|move|p1a: Iron Treads|Knock Off|p2a: Slowking
|-supereffective|p2a: Slowking
|-damage|p2a: Slowking|46/100
|-enditem|p2a: Slowking|Heavy-Duty Boots|[from] move: Knock Off|[of] p1a: Iron Treads
|-prepare|p2a: Slowking|Chilly Reception|[premajor]
|move|p2a: Slowking|Chilly Reception|p2a: Slowking
|-weather|Snowscape
|
|t:|1743831591
|switch|p2a: Ursaluna|Ursaluna, F|100/100|[from] Chilly Reception
|
|-weather|Snowscape|[upkeep]
|-end|p1a: Iron Treads|move: Heal Block
|upkeep
|turn|12
|
|t:|1743831599
|-end|p1a: Iron Treads|Quark Drive|[silent]
|switch|p1a: Enamorus|Enamorus, F|100/100
|move|p2a: Ursaluna|Headlong Rush|p1a: Enamorus
|-immune|p1a: Enamorus
|
|-weather|Snowscape|[upkeep]
|upkeep
|turn|13
|
|t:|1743831603
|move|p1a: Enamorus|Moonblast|p2a: Ursaluna
|-damage|p2a: Ursaluna|60/100
|move|p2a: Ursaluna|Ice Punch|p1a: Enamorus
|-supereffective|p1a: Enamorus
|-damage|p1a: Enamorus|22/100
|
|-weather|Snowscape|[upkeep]
|upkeep
|turn|14
|
|t:|1743831609
|move|p1a: Enamorus|Moonblast|p2a: Ursaluna
|-crit|p2a: Ursaluna
|-damage|p2a: Ursaluna|3/100
|move|p2a: Ursaluna|Rest|p2a: Ursaluna
|-status|p2a: Ursaluna|slp|[from] move: Rest
|-heal|p2a: Ursaluna|100/100 slp|[silent]
|
|-weather|Snowscape|[upkeep]
|upkeep
|turn|15
|
|t:|1743831613
|move|p1a: Enamorus|Moonblast|p2a: Ursaluna
|-damage|p2a: Ursaluna|63/100 slp
|-unboost|p2a: Ursaluna|spa|1
|cant|p2a: Ursaluna|slp
|move|p2a: Ursaluna|Sleep Talk|p2a: Ursaluna
|move|p2a: Ursaluna|Headlong Rush|p1a: Enamorus|[from] move: Sleep Talk
|-immune|p1a: Enamorus
|
|-weather|none
|upkeep
|turn|16
|
|t:|1743831617
|move|p1a: Enamorus|Moonblast|p2a: Ursaluna
|-damage|p2a: Ursaluna|23/100 slp
|-unboost|p2a: Ursaluna|spa|1
|cant|p2a: Ursaluna|slp
|move|p2a: Ursaluna|Sleep Talk|p2a: Ursaluna
|move|p2a: Ursaluna|Headlong Rush|p1a: Enamorus|[from] move: Sleep Talk
|-immune|p1a: Enamorus
|
|upkeep
|turn|17
|
|t:|1743831623
|switch|p2a: Slowking|Slowking-Galar, M|79/100
|-damage|p2a: Slowking|67/100|[from] Stealth Rock
|move|p1a: Enamorus|Moonblast|p2a: Slowking
|-resisted|p2a: Slowking
|-damage|p2a: Slowking|49/100
|
|upkeep
|turn|18
|
|t:|1743831628
|switch|p1a: Iron Treads|Iron Treads|90/100
|-prepare|p2a: Slowking|Chilly Reception|[premajor]
|move|p2a: Slowking|Chilly Reception|p2a: Slowking
|-weather|Snowscape
|
|t:|1743831633
|switch|p2a: Ursaluna|Ursaluna, F|23/100 slp|[from] Chilly Reception
|
|-weather|Snowscape|[upkeep]
|-heal|p1a: Iron Treads|96/100|[from] item: Leftovers
|upkeep
|turn|19
|
|t:|1743831635
|move|p1a: Iron Treads|Earthquake|p2a: Ursaluna
|-damage|p2a: Ursaluna|0 fnt
|faint|p2a: Ursaluna
|
|-weather|Snowscape|[upkeep]
|-heal|p1a: Iron Treads|100/100|[from] item: Leftovers
|upkeep
|-message|poloniumew forfeited.
|
|win|Rocktar Made
|raw|Rocktar Made's rating: 1666 &rarr; <strong>1685</strong><br />(+19 for winning)
|raw|poloniumew's rating: 1645 &rarr; <strong>1626</strong><br />(-19 for losing)
|l|☆poloniumew
|player|p2|
|l|☆Rocktar Made
|player|p1|
