|j|☆spudcutter
|j|‽omari p
|t:|1743864364
|gametype|singles
|player|p1|spudcutter|ghetsis-gen5bw|1703
|player|p2|omari p|pokemonrangerf|1660
|teamsize|p1|6
|teamsize|p2|6
|gen|9
|tier|[Gen 9] OU
|rated|
|rule|HP Percentage Mod: HP is shown in percentages
|rule|Endless Battle Clause: Forcing endless battles is banned
|rule|Species Clause: Limit one of each Pokémon
|rule|OHKO Clause: OHKO moves are banned
|rule|Evasion Items Clause: Evasion items are banned
|rule|Evasion Moves Clause: Evasion moves are banned
|rule|Sleep Moves Clause: Sleep-inducing moves are banned
|clearpoke
|poke|p1|Toxapex, M|
|poke|p1|Dragapult, M|
|poke|p1|Great Tusk|
|poke|p1|Kingambit, M|
|poke|p1|Iron Valiant|
|poke|p1|Dondozo, F|
|poke|p2|Thundurus-Therian, M|
|poke|p2|Cinderace, F|
|poke|p2|Mandibuzz, F|
|poke|p2|Latios, M|
|poke|p2|Deoxys-Speed|
|poke|p2|Iron Hands|
|teampreview
|inactive|Battle timer is ON: inactive players will automatically lose when time's up. (requested by spudcutter)
|inactive|spudcutter has 120 seconds left.
|
|t:|1743864395
|start
|switch|p1a: Iron Valiant|Iron Valiant|100/100
|switch|p2a: Deoxys|Deoxys-Speed|100/100
|-ability|p2a: Deoxys|Pressure
|-enditem|p1a: Iron Valiant|Booster Energy
|-activate|p1a: Iron Valiant|ability: Quark Drive|[fromitem]
|-start|p1a: Iron Valiant|quarkdrivespe
|turn|1
|
|t:|1743864421
|move|p1a: Iron Valiant|Knock Off|p2a: Deoxys
|-supereffective|p2a: Deoxys
|-enditem|p2a: Deoxys|Focus Sash
|-damage|p2a: Deoxys|1/100
|move|p2a: Deoxys|Psycho Boost|p1a: Iron Valiant
|-supereffective|p1a: Iron Valiant
|-damage|p1a: Iron Valiant|0 fnt
|-unboost|p2a: Deoxys|spa|2
|faint|p1a: Iron Valiant
|-end|p1a: Iron Valiant|Quark Drive|[silent]
|
|upkeep
|
|t:|1743864425
|switch|p1a: Toxapex|Toxapex, M|100/100
|turn|2
|
|t:|1743864431
|move|p2a: Deoxys|Stealth Rock|p1a: Toxapex
|-sidestart|p1: spudcutter|move: Stealth Rock
|move|p1a: Toxapex|Sludge Bomb|p2a: Deoxys
|-damage|p2a: Deoxys|0 fnt
|faint|p2a: Deoxys
|
|upkeep
|
|t:|1743864436
|switch|p2a: Thundurus|Thundurus-Therian, M|100/100
|turn|3
|
|t:|1743864438
|move|p2a: Thundurus|Nasty Plot|p2a: Thundurus
|-boost|p2a: Thundurus|spa|2
|move|p1a: Toxapex|Sludge Bomb|p2a: Thundurus
|-damage|p2a: Thundurus|63/100
|-status|p2a: Thundurus|psn
|
|-heal|p2a: Thundurus|69/100 psn|[from] item: Leftovers
|-damage|p2a: Thundurus|57/100 psn|[from] psn
|upkeep
|turn|4
|
|t:|1743864445
|move|p2a: Thundurus|Thunderbolt|p1a: Toxapex
|-supereffective|p1a: Toxapex
|-damage|p1a: Toxapex|0 fnt
|faint|p1a: Toxapex
|
|-heal|p2a: Thundurus|63/100 psn|[from] item: Leftovers
|-damage|p2a: Thundurus|51/100 psn|[from] psn
|upkeep
|
|t:|1743864448
|switch|p1a: Dragapult|Dragapult, M|100/100
|-damage|p1a: Dragapult|88/100|[from] Stealth Rock
|turn|5
|
|t:|1743864451
|switch|p2a: Mandibuzz|Mandibuzz, F, shiny|100/100
|move|p1a: Dragapult|Dragon Darts|p2a: Mandibuzz
|-damage|p2a: Mandibuzz|85/100
|-anim|p1a: Dragapult|Dragon Darts|p2a: Mandibuzz
|-damage|p2a: Mandibuzz|69/100
|
|-heal|p1a: Dragapult|94/100|[from] item: Leftovers
|upkeep
|turn|6
|
|t:|1743864455
|switch|p1a: Great Tusk|Great Tusk|100/100
|-damage|p1a: Great Tusk|98/100|[from] Stealth Rock
|move|p2a: Mandibuzz|Roost|p2a: Mandibuzz
|-heal|p2a: Mandibuzz|100/100
|-singleturn|p2a: Mandibuzz|move: Roost
|
|-heal|p1a: Great Tusk|100/100|[from] item: Leftovers
|upkeep
|turn|7
|
|t:|1743864458
|move|p1a: Great Tusk|Rapid Spin|p2a: Mandibuzz
|-damage|p2a: Mandibuzz|90/100
|-boost|p1a: Great Tusk|spe|1
|-damage|p1a: Great Tusk|84/100|[from] item: Rocky Helmet|[of] p2a: Mandibuzz
|-sideend|p1: spudcutter|Stealth Rock|[from] move: Rapid Spin|[of] p1a: Great Tusk
|move|p2a: Mandibuzz|Toxic|p1a: Great Tusk
|-status|p1a: Great Tusk|tox
|
|-heal|p1a: Great Tusk|90/100 tox|[from] item: Leftovers
|-damage|p1a: Great Tusk|84/100 tox|[from] psn
|upkeep
|turn|8
|
|t:|1743864462
|-end|p1a: Great Tusk|Protosynthesis|[silent]
|switch|p1a: Dondozo|Dondozo, F|100/100
|move|p2a: Mandibuzz|Foul Play|p1a: Dondozo
|-damage|p1a: Dondozo|86/100
|-damage|p2a: Mandibuzz|73/100|[from] item: Rocky Helmet|[of] p1a: Dondozo
|
|upkeep
|turn|9
|
|t:|1743864467
|switch|p2a: Latios|Latios, M|100/100
|move|p1a: Dondozo|Waterfall|p2a: Latios
|-resisted|p2a: Latios
|-damage|p2a: Latios|80/100
|
|upkeep
|turn|10
|
|t:|1743864469
|switch|p1a: Kingambit|Kingambit, M|100/100
|move|p2a: Latios|Trick|p1a: Kingambit
|-activate|p2a: Latios|move: Trick|[of] p1a: Kingambit
|-item|p1a: Kingambit|Choice Scarf|[from] move: Trick
|-item|p2a: Latios|Leftovers|[from] move: Trick
|
|-heal|p2a: Latios|86/100|[from] item: Leftovers
|upkeep
|turn|11
|
|t:|1743864474
|switch|p2a: Mandibuzz|Mandibuzz, F, shiny|73/100
|move|p1a: Kingambit|Iron Head|p2a: Mandibuzz
|-damage|p2a: Mandibuzz|47/100
|-damage|p1a: Kingambit|84/100|[from] item: Rocky Helmet|[of] p2a: Mandibuzz
|
|upkeep
|turn|12
|
|t:|1743864479
|move|p2a: Mandibuzz|Roost|p2a: Mandibuzz
|-heal|p2a: Mandibuzz|97/100
|-singleturn|p2a: Mandibuzz|move: Roost
|move|p1a: Kingambit|Iron Head|p2a: Mandibuzz
|-damage|p2a: Mandibuzz|68/100
|-damage|p1a: Kingambit|67/100|[from] item: Rocky Helmet|[of] p2a: Mandibuzz
|
|upkeep
|turn|13
|
|t:|1743864482
|move|p2a: Mandibuzz|Roost|p2a: Mandibuzz
|-heal|p2a: Mandibuzz|100/100
|-singleturn|p2a: Mandibuzz|move: Roost
|move|p1a: Kingambit|Iron Head|p2a: Mandibuzz
|-damage|p2a: Mandibuzz|73/100
|-damage|p1a: Kingambit|51/100|[from] item: Rocky Helmet|[of] p2a: Mandibuzz
|
|upkeep
|turn|14
|
|t:|1743864485
|switch|p1a: Dondozo|Dondozo, F|86/100
|move|p2a: Mandibuzz|Foul Play|p1a: Dondozo
|-damage|p1a: Dondozo|72/100
|-damage|p2a: Mandibuzz|56/100|[from] item: Rocky Helmet|[of] p1a: Dondozo
|
|upkeep
|turn|15
|
|t:|1743864487
|switch|p1a: Kingambit|Kingambit, M|51/100
|move|p2a: Mandibuzz|Toxic|p1a: Kingambit
|-immune|p1a: Kingambit
|
|upkeep
|turn|16
|
|t:|1743864489
|switch|p1a: Dondozo|Dondozo, F|72/100
|move|p2a: Mandibuzz|Roost|p2a: Mandibuzz
|-heal|p2a: Mandibuzz|100/100
|-singleturn|p2a: Mandibuzz|move: Roost
|
|upkeep
|turn|17
|
|t:|1743864492
|switch|p2a: Thundurus|Thundurus-Therian, M|51/100 psn
|switch|p1a: Kingambit|Kingambit, M|51/100
|
|-heal|p2a: Thundurus|57/100 psn|[from] item: Leftovers
|-damage|p2a: Thundurus|44/100 psn|[from] psn
|upkeep
|turn|18
|
|t:|1743864495
|switch|p2a: Mandibuzz|Mandibuzz, F, shiny|100/100
|move|p1a: Kingambit|Iron Head|p2a: Mandibuzz
|-damage|p2a: Mandibuzz|75/100
|-damage|p1a: Kingambit|34/100|[from] item: Rocky Helmet|[of] p2a: Mandibuzz
|
|upkeep
|turn|19
|
|t:|1743864499
|switch|p1a: Dondozo|Dondozo, F|72/100
|move|p2a: Mandibuzz|Toxic|p1a: Dondozo
|-status|p1a: Dondozo|tox
|
|-damage|p1a: Dondozo|66/100 tox|[from] psn
|upkeep
|turn|20
|
|t:|1743864501
|switch|p2a: Thundurus|Thundurus-Therian, M|44/100 psn
|move|p1a: Dondozo|Waterfall|p2a: Thundurus
|-damage|p2a: Thundurus|5/100 psn
|
|-heal|p2a: Thundurus|11/100 psn|[from] item: Leftovers
|-damage|p2a: Thundurus|0 fnt|[from] psn
|faint|p2a: Thundurus
|-damage|p1a: Dondozo|53/100 tox|[from] psn
|upkeep
|
|t:|1743864504
|switch|p2a: Latios|Latios, M|86/100
|turn|21
|
|t:|1743864506
|switch|p1a: Kingambit|Kingambit, M|34/100
|move|p2a: Latios|Draco Meteor|p1a: Kingambit
|-resisted|p1a: Kingambit
|-damage|p1a: Kingambit|4/100
|-unboost|p2a: Latios|spa|2
|
|-heal|p2a: Latios|92/100|[from] item: Leftovers
|upkeep
|turn|22
|
|t:|1743864512
|switch|p2a: Mandibuzz|Mandibuzz, F, shiny|75/100
|move|p1a: Kingambit|Iron Head|p2a: Mandibuzz
|-damage|p2a: Mandibuzz|48/100
|-damage|p1a: Kingambit|0 fnt|[from] item: Rocky Helmet|[of] p2a: Mandibuzz
|faint|p1a: Kingambit
|
|upkeep
|
|t:|1743864514
|switch|p1a: Dragapult|Dragapult, M|94/100
|turn|23
|
|t:|1743864517
|move|p1a: Dragapult|Dragon Dance|p1a: Dragapult
|-boost|p1a: Dragapult|atk|1
|-boost|p1a: Dragapult|spe|1
|move|p2a: Mandibuzz|Roost|p2a: Mandibuzz
|-heal|p2a: Mandibuzz|98/100
|-singleturn|p2a: Mandibuzz|move: Roost
|
|-heal|p1a: Dragapult|99/100|[from] item: Leftovers
|upkeep
|turn|24
|
|t:|1743864520
|-terastallize|p1a: Dragapult|Steel
|move|p1a: Dragapult|Dragon Darts|p2a: Mandibuzz
|-damage|p2a: Mandibuzz|75/100
|-anim|p1a: Dragapult|Dragon Darts|p2a: Mandibuzz
|-damage|p2a: Mandibuzz|50/100
|move|p2a: Mandibuzz|Foul Play|p1a: Dragapult
|-damage|p1a: Dragapult|0 fnt
|faint|p1a: Dragapult
|
|upkeep
|c|☆spudcutter|Class
|
|t:|1743864528
|switch|p1a: Dondozo|Dondozo, F|53/100 tox
|turn|25
|l|☆spudcutter
|inactive|spudcutter disconnected and has a minute to reconnect!
|player|p1|
|inactive|spudcutter has 30 seconds to reconnect!
|inactive|spudcutter has 20 seconds to reconnect!
|inactive|spudcutter has 15 seconds to reconnect!
|inactive|spudcutter has 10 seconds to reconnect!
|inactive|spudcutter has 5 seconds to reconnect!
|-message|spudcutter lost due to inactivity.
|
|win|omari p
|raw|spudcutter's rating: 1703 &rarr; <strong>1681</strong><br />(-22 for losing)
|raw|omari p's rating: 1660 &rarr; <strong>1682</strong><br />(+22 for winning)
