|j|☆Magikarp but good
|j|☆jtrainer22
|t:|1743855250
|gametype|singles
|player|p1|Magikarp but good|colress|1200
|player|p2|jtrainer22|hugh|1253
|teamsize|p1|6
|teamsize|p2|6
|gen|9
|tier|[Gen 9] OU
|rated|
|rule|HP Percentage Mod: HP is shown in percentages
|rule|Endless Battle Clause: Forcing endless battles is banned
|rule|Species Clause: Limit one of each Pokémon
|rule|OHKO Clause: OHKO moves are banned
|rule|Evasion Items Clause: Evasion items are banned
|rule|Evasion Moves Clause: Evasion moves are banned
|rule|Sleep Moves Clause: Sleep-inducing moves are banned
|clearpoke
|poke|p1|Hippowdon, M|
|poke|p1|Lycanroc, F|
|poke|p1|Kingambit, M|
|poke|p1|Iron Moth|
|poke|p1|Primarina, M|
|poke|p1|Serperior, F|
|poke|p2|Walking Wake|
|poke|p2|Meowscarada, F|
|poke|p2|Landorus-Therian, M|
|poke|p2|Hitmonlee, M|
|poke|p2|Slowking-Galar, M|
|poke|p2|Cinderace, M|
|teampreview
|c|☆jtrainer22|glhf
|inactive|Battle timer is ON: inactive players will automatically lose when time's up. (requested by jtrainer22)
|
|t:|1743855265
|start
|switch|p1a: Hippowdon|Hippowdon, M|100/100
|switch|p2a: Walking Wake|Walking Wake|100/100
|-weather|Sandstorm|[from] ability: Sand Stream|[of] p1a: Hippowdon
|turn|1
|
|t:|1743855278
|switch|p1a: Serperior|Serperior, F|100/100
|move|p2a: Walking Wake|Hydro Pump|p1a: Serperior|[miss]
|-miss|p2a: Walking Wake|p1a: Serperior
|
|-weather|Sandstorm|[upkeep]
|-damage|p1a: Serperior|94/100|[from] Sandstorm
|-damage|p2a: Walking Wake|94/100|[from] Sandstorm
|upkeep
|turn|2
|
|t:|1743855288
|-end|p2a: Walking Wake|Protosynthesis|[silent]
|switch|p2a: Meowscarada|Meowscarada, F, shiny|100/100
|move|p1a: Serperior|Glare|p2a: Meowscarada
|-status|p2a: Meowscarada|par
|
|-weather|Sandstorm|[upkeep]
|-damage|p1a: Serperior|88/100|[from] Sandstorm
|-damage|p2a: Meowscarada|94/100 par|[from] Sandstorm
|upkeep
|turn|3
|
|t:|1743855297
|switch|p1a: Iron Moth|Iron Moth|100/100
|move|p2a: Meowscarada|Triple Axel|p1a: Iron Moth
|-start|p2a: Meowscarada|typechange|Ice|[from] ability: Protean
|-resisted|p1a: Iron Moth
|-crit|p1a: Iron Moth
|-damage|p1a: Iron Moth|88/100
|-resisted|p1a: Iron Moth
|-damage|p1a: Iron Moth|71/100
|-resisted|p1a: Iron Moth
|-damage|p1a: Iron Moth|46/100
|-hitcount|p1a: Iron Moth|3
|
|-weather|Sandstorm|[upkeep]
|-damage|p1a: Iron Moth|40/100|[from] Sandstorm
|-damage|p2a: Meowscarada|88/100 par|[from] Sandstorm
|upkeep
|turn|4
|
|t:|1743855310
|switch|p2a: Slowking|Slowking-Galar, M|100/100
|move|p1a: Iron Moth|Substitute|p1a: Iron Moth
|-start|p1a: Iron Moth|Substitute
|-damage|p1a: Iron Moth|15/100
|
|-weather|Sandstorm|[upkeep]
|-damage|p1a: Iron Moth|9/100|[from] Sandstorm
|-damage|p2a: Slowking|94/100|[from] Sandstorm
|upkeep
|turn|5
|
|t:|1743855323
|move|p1a: Iron Moth|Fiery Dance|p2a: Slowking
|-damage|p2a: Slowking|67/100
|-boost|p1a: Iron Moth|spa|1
|move|p2a: Slowking|Sludge Bomb|p1a: Iron Moth
|-resisted|p1a: Iron Moth
|-activate|p1a: Iron Moth|move: Substitute|[damage]
|
|-weather|Sandstorm|[upkeep]
|-damage|p1a: Iron Moth|3/100|[from] Sandstorm
|-damage|p2a: Slowking|61/100|[from] Sandstorm
|upkeep
|turn|6
|
|t:|1743855335
|move|p1a: Iron Moth|Fiery Dance|p2a: Slowking
|-damage|p2a: Slowking|21/100
|move|p2a: Slowking|Future Sight|p1a: Iron Moth
|-start|p2a: Slowking|move: Future Sight
|
|-weather|Sandstorm|[upkeep]
|-damage|p1a: Iron Moth|0 fnt|[from] Sandstorm
|-damage|p2a: Slowking|15/100|[from] Sandstorm
|faint|p1a: Iron Moth
|-end|p1a: Iron Moth|Quark Drive|[silent]
|upkeep
|
|t:|1743855347
|switch|p1a: Lycanroc|Lycanroc, F|100/100
|turn|7
|
|t:|1743855354
|switch|p2a: Landorus|Landorus-Therian, M|100/100
|-ability|p2a: Landorus|Intimidate|boost
|-unboost|p1a: Lycanroc|atk|1
|move|p1a: Lycanroc|Swords Dance|p1a: Lycanroc
|-boost|p1a: Lycanroc|atk|2
|
|-weather|Sandstorm|[upkeep]
|upkeep
|turn|8
|
|t:|1743855366
|move|p1a: Lycanroc|Stone Edge|p2a: Landorus|[miss]
|-miss|p1a: Lycanroc|p2a: Landorus
|move|p2a: Landorus|Earth Power|p1a: Lycanroc
|-supereffective|p1a: Lycanroc
|-damage|p1a: Lycanroc|22/100
|
|-weather|none
|-end|p1a: Lycanroc|move: Future Sight
|-damage|p1a: Lycanroc|0 fnt
|faint|p1a: Lycanroc
|upkeep
|
|t:|1743855379
|switch|p1a: Primarina|Primarina, M|100/100
|turn|9
|
|t:|1743855386
|move|p2a: Landorus|U-turn|p1a: Primarina
|-resisted|p1a: Primarina
|-crit|p1a: Primarina
|-damage|p1a: Primarina|82/100
|
|t:|1743855389
|switch|p2a: Slowking|Slowking-Galar, M|48/100|[from] U-turn
|move|p1a: Primarina|Hyper Voice|p2a: Slowking
|-damage|p2a: Slowking|19/100
|
|upkeep
|turn|10
|inactive|jtrainer22 has 120 seconds left.
|
|t:|1743855427
|move|p1a: Primarina|Hyper Voice|p2a: Slowking
|-damage|p2a: Slowking|0 fnt
|faint|p2a: Slowking
|
|upkeep
|
|t:|1743855434
|switch|p2a: Meowscarada|Meowscarada, F, shiny|88/100 par
|turn|11
|inactive|jtrainer22 has 120 seconds left.
|
|t:|1743855448
|-terastallize|p1a: Primarina|Steel
|move|p2a: Meowscarada|Flower Trick|p1a: Primarina
|-start|p2a: Meowscarada|typechange|Grass|[from] ability: Protean
|-resisted|p1a: Primarina
|-crit|p1a: Primarina
|-damage|p1a: Primarina|52/100
|move|p1a: Primarina|Moonblast|p2a: Meowscarada
|-damage|p2a: Meowscarada|2/100 par
|
|upkeep
|turn|12
|inactive|jtrainer22 has 120 seconds left.
|
|t:|1743855465
|cant|p2a: Meowscarada|par
|move|p1a: Primarina|Draining Kiss|p2a: Meowscarada
|-damage|p2a: Meowscarada|0 fnt
|-heal|p1a: Primarina|53/100|[from] drain|[of] p2a: Meowscarada
|faint|p2a: Meowscarada
|
|upkeep
|
|t:|1743855469
|switch|p2a: Leeman|Hitmonlee, M|100/100
|turn|13
|
|t:|1743855478
|switch|p1a: Hippowdon|Hippowdon, M|100/100
|-weather|Sandstorm|[from] ability: Sand Stream|[of] p1a: Hippowdon
|move|p2a: Leeman|Mach Punch|p1a: Hippowdon
|-damage|p1a: Hippowdon|85/100
|
|-weather|Sandstorm|[upkeep]
|-damage|p2a: Leeman|94/100|[from] Sandstorm
|upkeep
|turn|14
|
|t:|1743855487
|switch|p2a: Landorus|Landorus-Therian, M|100/100
|-ability|p2a: Landorus|Intimidate|boost
|-unboost|p1a: Hippowdon|atk|1
|move|p1a: Hippowdon|Whirlwind|p2a: Landorus
|drag|p2a: Walking Wake|Walking Wake|94/100
|
|-weather|Sandstorm|[upkeep]
|-damage|p2a: Walking Wake|88/100|[from] Sandstorm
|upkeep
|turn|15
|
|t:|1743855498
|switch|p1a: Primarina|Primarina, M, tera:Steel|53/100
|move|p2a: Walking Wake|Draco Meteor|p1a: Primarina
|-resisted|p1a: Primarina
|-damage|p1a: Primarina|10/100
|-unboost|p2a: Walking Wake|spa|2
|
|-weather|Sandstorm|[upkeep]
|-damage|p2a: Walking Wake|82/100|[from] Sandstorm
|upkeep
|turn|16
|
|t:|1743855508
|move|p2a: Walking Wake|Draco Meteor|p1a: Primarina|[miss]
|-miss|p2a: Walking Wake|p1a: Primarina
|move|p1a: Primarina|Draining Kiss|p2a: Walking Wake
|-supereffective|p2a: Walking Wake
|-damage|p2a: Walking Wake|18/100
|-heal|p1a: Primarina|55/100|[from] drain|[of] p2a: Walking Wake
|
|-weather|Sandstorm|[upkeep]
|-damage|p2a: Walking Wake|11/100|[from] Sandstorm
|upkeep
|turn|17
|
|t:|1743855517
|-end|p2a: Walking Wake|Protosynthesis|[silent]
|switch|p2a: Landorus|Landorus-Therian, M|100/100
|-ability|p2a: Landorus|Intimidate|boost
|-unboost|p1a: Primarina|atk|1
|move|p1a: Primarina|Draining Kiss|p2a: Landorus
|-damage|p2a: Landorus|71/100
|-heal|p1a: Primarina|79/100|[from] drain|[of] p2a: Landorus
|-damage|p1a: Primarina|62/100|[from] item: Rocky Helmet|[of] p2a: Landorus
|
|-weather|Sandstorm|[upkeep]
|upkeep
|turn|18
|
|t:|1743855530
|switch|p1a: Hippowdon|Hippowdon, M|85/100
|move|p2a: Landorus|Earth Power|p1a: Hippowdon
|-damage|p1a: Hippowdon|51/100
|-unboost|p1a: Hippowdon|spd|1
|
|-weather|Sandstorm|[upkeep]
|upkeep
|turn|19
|
|t:|1743855539
|switch|p1a: Serperior|Serperior, F|88/100
|move|p2a: Landorus|Earth Power|p1a: Serperior
|-resisted|p1a: Serperior
|-damage|p1a: Serperior|67/100
|
|-weather|Sandstorm|[upkeep]
|-damage|p1a: Serperior|61/100|[from] Sandstorm
|upkeep
|turn|20
|
|t:|1743855548
|move|p1a: Serperior|Glare|p2a: Landorus
|-status|p2a: Landorus|par
|move|p2a: Landorus|U-turn|p1a: Serperior
|-supereffective|p1a: Serperior
|-damage|p1a: Serperior|5/100
|
|t:|1743855555
|switch|p2a: Cinderace|Cinderace, M|100/100|[from] U-turn
|
|-weather|none
|upkeep
|turn|21
|
|t:|1743855565
|switch|p1a: Hippowdon|Hippowdon, M|51/100
|-weather|Sandstorm|[from] ability: Sand Stream|[of] p1a: Hippowdon
|move|p2a: Cinderace|U-turn|p1a: Hippowdon
|-damage|p1a: Hippowdon|41/100
|
|t:|1743855574
|switch|p2a: Leeman|Hitmonlee, M|94/100|[from] U-turn
|
|-weather|Sandstorm|[upkeep]
|-damage|p2a: Leeman|88/100|[from] Sandstorm
|upkeep
|turn|22
|
|t:|1743855579
|move|p2a: Leeman|High Jump Kick|p1a: Hippowdon|[miss]
|-miss|p2a: Leeman|p1a: Hippowdon
|-damage|p2a: Leeman|38/100|[from] highjumpkick
|move|p1a: Hippowdon|Whirlwind|p2a: Leeman
|drag|p2a: Walking Wake|Walking Wake|11/100
|
|-weather|Sandstorm|[upkeep]
|-damage|p2a: Walking Wake|5/100|[from] Sandstorm
|upkeep
|turn|23
|
|t:|1743855590
|switch|p1a: Primarina|Primarina, M, tera:Steel|62/100
|move|p2a: Walking Wake|Flamethrower|p1a: Primarina
|-supereffective|p1a: Primarina
|-damage|p1a: Primarina|0 fnt
|faint|p1a: Primarina
|
|-weather|Sandstorm|[upkeep]
|-damage|p2a: Walking Wake|0 fnt|[from] Sandstorm
|faint|p2a: Walking Wake
|-end|p2a: Walking Wake|Protosynthesis|[silent]
|upkeep
|
|t:|1743855603
|switch|p2a: Leeman|Hitmonlee, M|38/100
|switch|p1a: Serperior|Serperior, F|5/100
|turn|24
|
|t:|1743855609
|move|p2a: Leeman|Mach Punch|p1a: Serperior
|-damage|p1a: Serperior|0 fnt
|faint|p1a: Serperior
|
|-weather|Sandstorm|[upkeep]
|-damage|p2a: Leeman|32/100|[from] Sandstorm
|upkeep
|
|t:|1743855615
|switch|p1a: Hippowdon|Hippowdon, M|41/100
|turn|25
|
|t:|1743855624
|switch|p2a: Landorus|Landorus-Therian, M|71/100 par
|-ability|p2a: Landorus|Intimidate|boost
|-unboost|p1a: Hippowdon|atk|1
|move|p1a: Hippowdon|Slack Off|p1a: Hippowdon
|-heal|p1a: Hippowdon|91/100
|
|-weather|Sandstorm|[upkeep]
|upkeep
|turn|26
|
|t:|1743855632
|move|p2a: Landorus|Earth Power|p1a: Hippowdon
|-damage|p1a: Hippowdon|58/100
|move|p1a: Hippowdon|Whirlwind|p2a: Landorus
|drag|p2a: Leeman|Hitmonlee, M|32/100
|
|-weather|Sandstorm|[upkeep]
|-damage|p2a: Leeman|26/100|[from] Sandstorm
|upkeep
|turn|27
|
|t:|1743855642
|move|p2a: Leeman|High Jump Kick|p1a: Hippowdon
|-damage|p1a: Hippowdon|0 fnt
|faint|p1a: Hippowdon
|
|-weather|Sandstorm|[upkeep]
|-damage|p2a: Leeman|20/100|[from] Sandstorm
|upkeep
|
|t:|1743855647
|switch|p1a: Kingambit|Kingambit, M|100/100
|-activate|p1a: Kingambit|ability: Supreme Overlord
|-start|p1a: Kingambit|fallen5|[silent]
|turn|28
|
|t:|1743855654
|switch|p2a: Landorus|Landorus-Therian, M|71/100 par
|-ability|p2a: Landorus|Intimidate|boost
|-unboost|p1a: Kingambit|atk|1
|move|p1a: Kingambit|Sucker Punch||[still]
|-fail|p1a: Kingambit
|
|-weather|none
|upkeep
|turn|29
|
|t:|1743855661
|move|p1a: Kingambit|Swords Dance|p1a: Kingambit
|-boost|p1a: Kingambit|atk|2
|move|p2a: Landorus|Earth Power|p1a: Kingambit
|-supereffective|p1a: Kingambit
|-damage|p1a: Kingambit|36/100
|
|upkeep
|turn|30
|
|t:|1743855668
|move|p1a: Kingambit|Sucker Punch|p2a: Landorus
|-damage|p2a: Landorus|0 fnt
|-damage|p1a: Kingambit|20/100|[from] item: Rocky Helmet|[of] p2a: Landorus
|faint|p2a: Landorus
|-damage|p1a: Kingambit|10/100|[from] item: Life Orb
|
|upkeep
|
|t:|1743855674
|switch|p2a: Leeman|Hitmonlee, M|20/100
|turn|31
|c|☆jtrainer22|gg
|
|t:|1743855678
|move|p2a: Leeman|Mach Punch|p1a: Kingambit
|-supereffective|p1a: Kingambit
|-damage|p1a: Kingambit|0 fnt
|faint|p1a: Kingambit
|-end|p1a: Kingambit|fallen5|[silent]
|
|win|jtrainer22
|raw|Magikarp but good's rating: 1200 &rarr; <strong>1179</strong><br />(-21 for losing)
|raw|jtrainer22's rating: 1253 &rarr; <strong>1274</strong><br />(+21 for winning)
|l|☆Magikarp but good
|player|p1|
|l|☆jtrainer22
|player|p2|
