|j|☆Confettimaker
|j|☆Sakuta24
|t:|1743801079
|gametype|singles
|player|p1|Confettimaker|volkner|1390
|player|p2|Sakuta24|266|1328
|teamsize|p1|6
|teamsize|p2|6
|gen|9
|tier|[Gen 9] OU
|rated|
|rule|HP Percentage Mod: HP is shown in percentages
|rule|Endless Battle Clause: Forcing endless battles is banned
|rule|Species Clause: Limit one of each Pokémon
|rule|OHKO Clause: OHKO moves are banned
|rule|Evasion Items Clause: Evasion items are banned
|rule|Evasion Moves Clause: Evasion moves are banned
|rule|Sleep Moves Clause: Sleep-inducing moves are banned
|clearpoke
|poke|p1|Slowking-Galar, F|
|poke|p1|Landorus-Therian, M|
|poke|p1|Kyurem|
|poke|p1|Iron Valiant|
|poke|p1|Cinderace, F|
|poke|p1|Kingambit, F|
|poke|p2|Walking Wake|
|poke|p2|Torkoal, M|
|poke|p2|Raging Bolt|
|poke|p2|Great Tusk|
|poke|p2|Gliscor, F|
|poke|p2|Clodsire, F|
|teampreview
|inactive|Battle timer is ON: inactive players will automatically lose when time's up. (requested by Confettimaker)
|inactive|Confettimaker has 120 seconds left.
|inactive|Confettimaker has 90 seconds left.
|
|t:|1743801168
|start
|switch|p1a: Kyurem|Kyurem|100/100
|switch|p2a: Torkoal|Torkoal, M, shiny|100/100
|-ability|p1a: Kyurem|Pressure
|-weather|SunnyDay|[from] ability: Drought|[of] p2a: Torkoal
|turn|1
|inactive|Confettimaker has 120 seconds left.
|l|☆Sakuta24
|inactive|Sakuta24 disconnected and has a minute to reconnect!
|player|p2|
|j|☆Sakuta24
|inactive|Sakuta24 reconnected and has 125 seconds left.
|player|p2|Sakuta24|266|
|inactive|Sakuta24 has 120 seconds left.
|
|t:|1743801211
|move|p1a: Kyurem|Draco Meteor|p2a: Torkoal
|-damage|p2a: Torkoal|11/100
|-unboost|p1a: Kyurem|spa|2
|move|p2a: Torkoal|Stealth Rock|p1a: Kyurem
|-sidestart|p1: Confettimaker|move: Stealth Rock
|
|-weather|SunnyDay|[upkeep]
|upkeep
|turn|2
|inactive|Confettimaker has 120 seconds left.
|
|t:|1743801224
|switch|p1a: Slowking|Slowking-Galar, F|100/100
|switch|p2a: Overreacting|Clodsire, F|100/100
|
|-weather|SunnyDay|[upkeep]
|upkeep
|turn|3
|inactive|Confettimaker has 120 seconds left.
|
|t:|1743801234
|switch|p2a: Raging Bolt|Raging Bolt|100/100
|-activate|p2a: Raging Bolt|ability: Protosynthesis
|-start|p2a: Raging Bolt|protosynthesisspa
|move|p1a: Slowking|Future Sight|p2a: Raging Bolt
|-start|p1a: Slowking|move: Future Sight
|
|-weather|SunnyDay|[upkeep]
|upkeep
|turn|4
|inactive|Sakuta24 has 120 seconds left.
|
|t:|1743801255
|move|p2a: Raging Bolt|Dragon Pulse|p1a: Slowking
|-damage|p1a: Slowking|64/100
|move|p1a: Slowking|Toxic|p2a: Raging Bolt
|-status|p2a: Raging Bolt|tox
|
|-weather|SunnyDay|[upkeep]
|-damage|p2a: Raging Bolt|94/100 tox|[from] psn
|upkeep
|turn|5
|inactive|Sakuta24 has 120 seconds left.
|inactive|Confettimaker has 120 seconds left.
|
|t:|1743801271
|-end|p2a: Raging Bolt|Protosynthesis|[silent]
|switch|p2a: Gliscor|Gliscor, F, shiny|100/100
|-prepare|p1a: Slowking|Chilly Reception|[premajor]
|move|p1a: Slowking|Chilly Reception|p1a: Slowking
|-weather|Snowscape
|inactive|Confettimaker has 120 seconds left.
|
|t:|1743801277
|switch|p1a: Kyurem|Kyurem|100/100|[from] Chilly Reception
|-damage|p1a: Kyurem|76/100|[from] Stealth Rock
|-ability|p1a: Kyurem|Pressure
|
|-weather|Snowscape|[upkeep]
|-end|p2a: Gliscor|move: Future Sight
|-damage|p2a: Gliscor|59/100
|-status|p2a: Gliscor|tox|[from] item: Toxic Orb
|upkeep
|turn|6
|inactive|Confettimaker has 120 seconds left.
|
|t:|1743801289
|move|p2a: Gliscor|Protect|p2a: Gliscor
|-singleturn|p2a: Gliscor|Protect
|move|p1a: Kyurem|Blizzard|p2a: Gliscor
|-activate|p2a: Gliscor|move: Protect
|
|-weather|Snowscape|[upkeep]
|-heal|p2a: Gliscor|71/100 tox|[from] ability: Poison Heal
|upkeep
|turn|7
|inactive|Sakuta24 has 120 seconds left.
|
|t:|1743801312
|switch|p2a: Torkoal|Torkoal, M, shiny|11/100
|-weather|SunnyDay|[from] ability: Drought|[of] p2a: Torkoal
|move|p1a: Kyurem|Blizzard|p2a: Torkoal|[miss]
|-miss|p1a: Kyurem|p2a: Torkoal
|
|-weather|SunnyDay|[upkeep]
|upkeep
|turn|8
|inactive|Sakuta24 has 120 seconds left.
|
|t:|1743801321
|switch|p2a: Weird wake|Walking Wake|100/100
|-activate|p2a: Weird wake|ability: Protosynthesis
|-start|p2a: Weird wake|protosynthesisspe
|move|p1a: Kyurem|Blizzard|p2a: Weird wake|[miss]
|-miss|p1a: Kyurem|p2a: Weird wake
|
|-weather|SunnyDay|[upkeep]
|upkeep
|turn|9
|
|t:|1743801330
|-terastallize|p1a: Kyurem|Ice
|move|p2a: Weird wake|Draco Meteor|p1a: Kyurem
|-damage|p1a: Kyurem|0 fnt
|-unboost|p2a: Weird wake|spa|2
|faint|p1a: Kyurem
|
|-weather|SunnyDay|[upkeep]
|upkeep
|
|t:|1743801338
|switch|p1a: Cinderace|Cinderace, F|100/100
|turn|10
|inactive|Sakuta24 has 120 seconds left.
|
|t:|1743801381
|move|p2a: Weird wake|Draco Meteor|p1a: Cinderace
|-damage|p1a: Cinderace|35/100
|-unboost|p2a: Weird wake|spa|2
|move|p1a: Cinderace|U-turn|p2a: Weird wake
|-start|p1a: Cinderace|typechange|Bug|[from] ability: Libero
|-damage|p2a: Weird wake|63/100
|inactive|Confettimaker has 120 seconds left.
|
|t:|1743801420
|switch|p1a: Kingambit|Kingambit, F|100/100|[from] U-turn
|-damage|p1a: Kingambit|94/100|[from] Stealth Rock
|-activate|p1a: Kingambit|ability: Supreme Overlord
|-start|p1a: Kingambit|fallen1|[silent]
|
|-weather|SunnyDay|[upkeep]
|-heal|p1a: Kingambit|100/100|[from] item: Leftovers
|upkeep
|turn|11
|
|t:|1743801435
|-end|p2a: Weird wake|Protosynthesis|[silent]
|switch|p2a: Great Tusk|Great Tusk|100/100
|-activate|p2a: Great Tusk|ability: Protosynthesis
|-start|p2a: Great Tusk|protosynthesisdef
|move|p1a: Kingambit|Iron Head|p2a: Great Tusk
|-damage|p2a: Great Tusk|83/100
|-damage|p1a: Kingambit|84/100|[from] item: Rocky Helmet|[of] p2a: Great Tusk
|
|-weather|SunnyDay|[upkeep]
|-heal|p1a: Kingambit|90/100|[from] item: Leftovers
|upkeep
|turn|12
|inactive|Sakuta24 has 120 seconds left.
|
|t:|1743801449
|-end|p1a: Kingambit|fallen1|[silent]
|switch|p1a: Landorus|Landorus-Therian, M|100/100
|-damage|p1a: Landorus|88/100|[from] Stealth Rock
|-ability|p1a: Landorus|Intimidate|boost
|-unboost|p2a: Great Tusk|atk|1
|move|p2a: Great Tusk|Body Press|p1a: Landorus
|-resisted|p1a: Landorus
|-damage|p1a: Landorus|65/100
|-damage|p2a: Great Tusk|66/100|[from] item: Rocky Helmet|[of] p1a: Landorus
|
|-weather|SunnyDay|[upkeep]
|upkeep
|turn|13
|inactive|Sakuta24 has 120 seconds left.
|
|t:|1743801461
|move|p1a: Landorus|U-turn|p2a: Great Tusk
|-resisted|p2a: Great Tusk
|-damage|p2a: Great Tusk|62/100
|-damage|p1a: Landorus|49/100|[from] item: Rocky Helmet|[of] p2a: Great Tusk
|
|t:|1743801475
|switch|p1a: Slowking|Slowking-Galar, F|97/100|[from] U-turn
|move|p2a: Great Tusk|Knock Off|p1a: Slowking
|-supereffective|p1a: Slowking
|-damage|p1a: Slowking|59/100
|-enditem|p1a: Slowking|Heavy-Duty Boots|[from] move: Knock Off|[of] p2a: Great Tusk
|
|-weather|SunnyDay|[upkeep]
|upkeep
|turn|14
|inactive|Sakuta24 has 120 seconds left.
|inactive|Confettimaker has 90 seconds left.
|
|t:|1743801500
|move|p2a: Great Tusk|Knock Off|p1a: Slowking
|-supereffective|p1a: Slowking
|-damage|p1a: Slowking|35/100
|-prepare|p1a: Slowking|Chilly Reception|[premajor]
|move|p1a: Slowking|Chilly Reception|p1a: Slowking
|-weather|Snowscape
|-end|p2a: Great Tusk|Protosynthesis
|inactive|Confettimaker has 90 seconds left.
|
|t:|1743801515
|switch|p1a: Cinderace|Cinderace, F|35/100|[from] Chilly Reception
|
|-weather|Snowscape|[upkeep]
|upkeep
|turn|15
|
|t:|1743801526
|move|p1a: Cinderace|Court Change|p1a: Cinderace
|-start|p1a: Cinderace|typechange|Normal|[from] ability: Libero
|-swapsideconditions
|-activate|p1a: Cinderace|move: Court Change
|move|p2a: Great Tusk|Body Press|p1a: Cinderace
|-supereffective|p1a: Cinderace
|-damage|p1a: Cinderace|0 fnt
|faint|p1a: Cinderace
|
|-weather|Snowscape|[upkeep]
|upkeep
|
|t:|1743801535
|switch|p1a: Iron Valiant|Iron Valiant|100/100
|-enditem|p1a: Iron Valiant|Booster Energy
|-activate|p1a: Iron Valiant|ability: Quark Drive|[fromitem]
|-start|p1a: Iron Valiant|quarkdrivespe
|turn|16
|inactive|Confettimaker has 90 seconds left.
|inactive|Sakuta24 has 120 seconds left.
|
|t:|1743801565
|move|p1a: Iron Valiant|Knock Off|p2a: Great Tusk
|-resisted|p2a: Great Tusk
|-damage|p2a: Great Tusk|56/100
|-damage|p1a: Iron Valiant|84/100|[from] item: Rocky Helmet|[of] p2a: Great Tusk
|-enditem|p2a: Great Tusk|Rocky Helmet|[from] move: Knock Off|[of] p1a: Iron Valiant
|move|p2a: Great Tusk|Rapid Spin|p1a: Iron Valiant
|-damage|p1a: Iron Valiant|71/100
|-boost|p2a: Great Tusk|spe|1
|-sideend|p2: Sakuta24|Stealth Rock|[from] move: Rapid Spin|[of] p2a: Great Tusk
|
|-weather|Snowscape|[upkeep]
|upkeep
|turn|17
|inactive|Confettimaker has 90 seconds left.
|
|t:|1743801579
|-end|p2a: Great Tusk|Protosynthesis|[silent]
|switch|p2a: Gliscor|Gliscor, F, shiny|71/100 tox
|move|p1a: Iron Valiant|Moonblast|p2a: Gliscor
|-damage|p2a: Gliscor|30/100 tox
|
|-weather|Snowscape|[upkeep]
|-heal|p2a: Gliscor|43/100 tox|[from] ability: Poison Heal
|upkeep
|turn|18
|inactive|Confettimaker has 90 seconds left.
|
|t:|1743801590
|move|p2a: Gliscor|Protect|p2a: Gliscor
|-singleturn|p2a: Gliscor|Protect
|move|p1a: Iron Valiant|Moonblast|p2a: Gliscor
|-activate|p2a: Gliscor|move: Protect
|
|-weather|none
|-heal|p2a: Gliscor|55/100 tox|[from] ability: Poison Heal
|upkeep
|turn|19
|
|t:|1743801595
|switch|p2a: Overreacting|Clodsire, F|100/100
|move|p1a: Iron Valiant|Encore||[still]
|-fail|p1a: Iron Valiant
|
|upkeep
|turn|20
|inactive|Sakuta24 has 120 seconds left.
|
|t:|1743801610
|-end|p1a: Iron Valiant|Quark Drive|[silent]
|switch|p1a: Slowking|Slowking-Galar, F|69/100
|switch|p2a: Torkoal|Torkoal, M, shiny|11/100
|-weather|SunnyDay|[from] ability: Drought|[of] p2a: Torkoal
|
|-weather|SunnyDay|[upkeep]
|upkeep
|turn|21
|
|t:|1743801617
|move|p2a: Torkoal|Stealth Rock|p1a: Slowking
|-sidestart|p1: Confettimaker|move: Stealth Rock
|move|p1a: Slowking|Future Sight|p2a: Torkoal
|-start|p1a: Slowking|move: Future Sight
|
|-weather|SunnyDay|[upkeep]
|upkeep
|turn|22
|
|t:|1743801628
|move|p2a: Torkoal|Will-O-Wisp|p1a: Slowking|[miss]
|-miss|p2a: Torkoal|p1a: Slowking
|-prepare|p1a: Slowking|Chilly Reception|[premajor]
|move|p1a: Slowking|Chilly Reception|p1a: Slowking
|-weather|Snowscape
|
|t:|1743801642
|switch|p1a: Landorus|Landorus-Therian, M|49/100|[from] Chilly Reception
|-damage|p1a: Landorus|36/100|[from] Stealth Rock
|-ability|p1a: Landorus|Intimidate|boost
|-unboost|p2a: Torkoal|atk|1
|
|-weather|Snowscape|[upkeep]
|upkeep
|turn|23
|
|t:|1743801665
|switch|p2a: Raging Bolt|Raging Bolt|94/100 tox
|move|p1a: Landorus|Earth Power|p2a: Raging Bolt
|-supereffective|p2a: Raging Bolt
|-damage|p2a: Raging Bolt|57/100 tox
|
|-weather|Snowscape|[upkeep]
|-end|p2a: Raging Bolt|move: Future Sight
|-damage|p2a: Raging Bolt|32/100 tox
|-damage|p2a: Raging Bolt|26/100 tox|[from] psn
|upkeep
|turn|24
|inactive|Confettimaker has 90 seconds left.
|
|t:|1743801695
|switch|p1a: Slowking|Slowking-Galar, F|100/100
|-damage|p1a: Slowking|88/100|[from] Stealth Rock
|-end|p2a: Raging Bolt|Protosynthesis|[silent]
|switch|p2a: Gliscor|Gliscor, F, shiny|55/100 tox
|
|-weather|Snowscape|[upkeep]
|-heal|p2a: Gliscor|67/100 tox|[from] ability: Poison Heal
|upkeep
|turn|25
|
|t:|1743801704
|move|p2a: Gliscor|Protect|p2a: Gliscor
|-singleturn|p2a: Gliscor|Protect
|move|p1a: Slowking|Future Sight|p2a: Gliscor
|-start|p1a: Slowking|move: Future Sight
|
|-weather|Snowscape|[upkeep]
|-heal|p2a: Gliscor|80/100 tox|[from] ability: Poison Heal
|upkeep
|turn|26
|inactive|Confettimaker has 90 seconds left.
|
|t:|1743801710
|move|p2a: Gliscor|U-turn|p1a: Slowking
|-damage|p1a: Slowking|71/100
|
|t:|1743801717
|switch|p2a: Weird wake|Walking Wake|63/100|[from] U-turn
|move|p1a: Slowking|Toxic|p2a: Weird wake
|-status|p2a: Weird wake|tox
|
|-weather|none
|-damage|p2a: Weird wake|57/100 tox|[from] psn
|upkeep
|turn|27
|
|t:|1743801726
|move|p2a: Weird wake|Flip Turn|p1a: Slowking
|-damage|p1a: Slowking|53/100
|
|t:|1743801751
|-end|p2a: Weird wake|Protosynthesis|[silent]
|switch|p2a: Overreacting|Clodsire, F|100/100|[from] Flip Turn
|move|p1a: Slowking|Sludge Bomb|p2a: Overreacting
|-resisted|p2a: Overreacting
|-damage|p2a: Overreacting|96/100
|-enditem|p2a: Overreacting|Eject Button
|
|t:|1743801761
|switch|p2a: Gliscor|Gliscor, F, shiny|80/100 tox
|
|-end|p2a: Gliscor|move: Future Sight
|-damage|p2a: Gliscor|38/100 tox
|-heal|p2a: Gliscor|51/100 tox|[from] ability: Poison Heal
|upkeep
|turn|28
|
|t:|1743801775
|move|p2a: Gliscor|Earthquake|p1a: Slowking
|-supereffective|p1a: Slowking
|-damage|p1a: Slowking|0 fnt
|faint|p1a: Slowking
|
|-heal|p2a: Gliscor|63/100 tox|[from] ability: Poison Heal
|upkeep
|
|t:|1743801787
|switch|p1a: Landorus|Landorus-Therian, M|36/100
|-damage|p1a: Landorus|24/100|[from] Stealth Rock
|-ability|p1a: Landorus|Intimidate|boost
|-unboost|p2a: Gliscor|atk|1
|turn|29
|
|t:|1743801797
|move|p1a: Landorus|Stealth Rock|p2a: Gliscor
|-sidestart|p2: Sakuta24|move: Stealth Rock
|move|p2a: Gliscor|Toxic|p1a: Landorus
|-status|p1a: Landorus|tox
|
|-damage|p1a: Landorus|18/100 tox|[from] psn
|-heal|p2a: Gliscor|76/100 tox|[from] ability: Poison Heal
|upkeep
|turn|30
|
|t:|1743801813
|move|p2a: Gliscor|Protect|p2a: Gliscor
|-singleturn|p2a: Gliscor|Protect
|move|p1a: Landorus|Earth Power|p2a: Gliscor
|-activate|p2a: Gliscor|move: Protect
|
|-damage|p1a: Landorus|6/100 tox|[from] psn
|-heal|p2a: Gliscor|88/100 tox|[from] ability: Poison Heal
|upkeep
|turn|31
|
|t:|1743801819
|move|p1a: Landorus|U-turn|p2a: Gliscor
|-resisted|p2a: Gliscor
|-damage|p2a: Gliscor|81/100 tox
|
|t:|1743801826
|switch|p1a: Iron Valiant|Iron Valiant|71/100|[from] U-turn
|-damage|p1a: Iron Valiant|65/100|[from] Stealth Rock
|move|p2a: Gliscor|U-turn|p1a: Iron Valiant
|-resisted|p1a: Iron Valiant
|-damage|p1a: Iron Valiant|62/100
|
|t:|1743801831
|switch|p2a: Overreacting|Clodsire, F|96/100|[from] U-turn
|-damage|p2a: Overreacting|90/100|[from] Stealth Rock
|
|upkeep
|turn|32
|
|t:|1743801841
|-end|p1a: Iron Valiant|Quark Drive|[silent]
|switch|p1a: Landorus|Landorus-Therian, M|6/100 tox
|-damage|p1a: Landorus|0 fnt|[from] Stealth Rock
|faint|p1a: Landorus
|move|p2a: Overreacting|Curse|p2a: Overreacting
|-unboost|p2a: Overreacting|spe|1
|-boost|p2a: Overreacting|atk|1
|-boost|p2a: Overreacting|def|1
|
|upkeep
|
|t:|1743801851
|switch|p1a: Iron Valiant|Iron Valiant|62/100
|-damage|p1a: Iron Valiant|56/100|[from] Stealth Rock
|turn|33
|
|t:|1743801855
|switch|p2a: Gliscor|Gliscor, F, shiny|81/100 tox
|-damage|p2a: Gliscor|69/100 tox|[from] Stealth Rock
|move|p1a: Iron Valiant|Encore||[still]
|-fail|p1a: Iron Valiant
|
|-heal|p2a: Gliscor|81/100 tox|[from] ability: Poison Heal
|upkeep
|turn|34
|
|t:|1743801863
|move|p2a: Gliscor|Protect|p2a: Gliscor
|-singleturn|p2a: Gliscor|Protect
|move|p1a: Iron Valiant|Moonblast|p2a: Gliscor
|-activate|p2a: Gliscor|move: Protect
|
|-heal|p2a: Gliscor|94/100 tox|[from] ability: Poison Heal
|upkeep
|turn|35
|
|t:|1743801871
|move|p1a: Iron Valiant|Knock Off|p2a: Gliscor
|-damage|p2a: Gliscor|72/100 tox
|-enditem|p2a: Gliscor|Toxic Orb|[from] move: Knock Off|[of] p1a: Iron Valiant
|move|p2a: Gliscor|Earthquake|p1a: Iron Valiant
|-damage|p1a: Iron Valiant|14/100
|
|-heal|p2a: Gliscor|85/100 tox|[from] ability: Poison Heal
|upkeep
|turn|36
|
|t:|1743801878
|move|p2a: Gliscor|Protect|p2a: Gliscor
|-singleturn|p2a: Gliscor|Protect
|move|p1a: Iron Valiant|Moonblast|p2a: Gliscor
|-activate|p2a: Gliscor|move: Protect
|
|-heal|p2a: Gliscor|97/100 tox|[from] ability: Poison Heal
|upkeep
|turn|37
|
|t:|1743801880
|move|p1a: Iron Valiant|Moonblast|p2a: Gliscor
|-damage|p2a: Gliscor|52/100 tox
|move|p2a: Gliscor|Earthquake|p1a: Iron Valiant
|-damage|p1a: Iron Valiant|0 fnt
|faint|p1a: Iron Valiant
|-end|p1a: Iron Valiant|Quark Drive|[silent]
|
|-heal|p2a: Gliscor|64/100 tox|[from] ability: Poison Heal
|upkeep
|
|t:|1743801888
|switch|p1a: Kingambit|Kingambit, F|90/100
|-damage|p1a: Kingambit|84/100|[from] Stealth Rock
|-activate|p1a: Kingambit|ability: Supreme Overlord
|-start|p1a: Kingambit|fallen5|[silent]
|turn|38
|
|t:|1743801895
|move|p2a: Gliscor|Protect|p2a: Gliscor
|-singleturn|p2a: Gliscor|Protect
|move|p1a: Kingambit|Swords Dance|p1a: Kingambit
|-boost|p1a: Kingambit|atk|2
|
|-heal|p1a: Kingambit|90/100|[from] item: Leftovers
|-heal|p2a: Gliscor|77/100 tox|[from] ability: Poison Heal
|upkeep
|turn|39
|
|t:|1743801906
|move|p2a: Gliscor|Earthquake|p1a: Kingambit
|-supereffective|p1a: Kingambit
|-damage|p1a: Kingambit|43/100
|move|p1a: Kingambit|Kowtow Cleave|p2a: Gliscor
|-damage|p2a: Gliscor|0 fnt
|faint|p2a: Gliscor
|
|-heal|p1a: Kingambit|50/100|[from] item: Leftovers
|upkeep
|
|t:|1743801917
|switch|p2a: Great Tusk|Great Tusk|56/100
|-damage|p2a: Great Tusk|53/100|[from] Stealth Rock
|turn|40
|
|t:|1743801938
|move|p1a: Kingambit|Sucker Punch|p2a: Great Tusk
|-resisted|p2a: Great Tusk
|-damage|p2a: Great Tusk|23/100
|move|p2a: Great Tusk|Body Press|p1a: Kingambit
|-supereffective|p1a: Kingambit
|-damage|p1a: Kingambit|0 fnt
|faint|p1a: Kingambit
|-end|p1a: Kingambit|fallen5|[silent]
|
|win|Sakuta24
|raw|Confettimaker's rating: 1390 &rarr; <strong>1366</strong><br />(-24 for losing)
|raw|Sakuta24's rating: 1328 &rarr; <strong>1352</strong><br />(+24 for winning)
|c|☆Confettimaker|gg
