|j|☆craztbanana
|j|☆potato_tomato1
|t:|1743879464
|gametype|singles
|player|p1|craztbanana|palmer|1106
|player|p2|potato_tomato1|cynthia|1150
|teamsize|p1|6
|teamsize|p2|6
|gen|9
|tier|[Gen 9] OU
|rated|
|rule|HP Percentage Mod: HP is shown in percentages
|rule|Endless Battle Clause: Forcing endless battles is banned
|rule|Species Clause: Limit one of each Pokémon
|rule|OHKO Clause: OHKO moves are banned
|rule|Evasion Items Clause: Evasion items are banned
|rule|Evasion Moves Clause: Evasion moves are banned
|rule|Sleep Moves Clause: Sleep-inducing moves are banned
|clearpoke
|poke|p1|Skeledirge, F|
|poke|p1|Great Tusk|
|poke|p1|Hydrapple, F|
|poke|p1|Zoroark-Hisui, M|
|poke|p1|Swampert, M|
|poke|p1|Greninja-*, M|
|poke|p2|Spiritomb, F|
|poke|p2|Porygon-Z|
|poke|p2|Glaceon, F|
|poke|p2|Milotic, F|
|poke|p2|Lucario, M|
|poke|p2|Garchomp, F|
|teampreview
|inactive|Battle timer is ON: inactive players will automatically lose when time's up. (requested by potato_tomato1)
|
|t:|1743879475
|start
|switch|p1a: Greninja|Greninja, M|100/100
|switch|p2a: Glaceon|Glaceon, F|100/100
|turn|1
|
|t:|1743879481
|move|p2a: Glaceon|Freeze-Dry|p1a: Greninja
|-supereffective|p1a: Greninja
|-damage|p1a: Greninja|20/100
|move|p1a: Greninja|Dark Pulse|p2a: Glaceon
|-damage|p2a: Glaceon|56/100
|
|upkeep
|turn|2
|
|t:|1743879488
|move|p2a: Glaceon|Freeze-Dry|p1a: Greninja
|-supereffective|p1a: Greninja
|-damage|p1a: Greninja|0 fnt
|faint|p1a: Greninja
|
|upkeep
|
|t:|1743879495
|switch|p1a: Skeledirge|Skeledirge, F|100/100
|turn|3
|
|t:|1743879500
|switch|p2a: Milotic|Milotic, F|100/100
|move|p1a: Skeledirge|Torch Song|p2a: Milotic
|-resisted|p2a: Milotic
|-damage|p2a: Milotic|86/100
|-boost|p1a: Skeledirge|spa|1
|
|-status|p2a: Milotic|brn|[from] item: Flame Orb
|upkeep
|turn|4
|
|t:|1743879510
|move|p2a: Milotic|Scald|p1a: Skeledirge
|-supereffective|p1a: Skeledirge
|-damage|p1a: Skeledirge|37/100
|move|p1a: Skeledirge|Hex|p2a: Milotic
|-damage|p2a: Milotic|10/100 brn
|
|-heal|p1a: Skeledirge|43/100|[from] item: Leftovers
|-damage|p2a: Milotic|4/100 brn|[from] brn
|upkeep
|turn|5
|
|t:|1743879520
|switch|p1a: Queen|Hydrapple, F|100/100
|move|p2a: Milotic|Scald|p1a: Queen
|-resisted|p1a: Queen
|-damage|p1a: Queen|94/100
|-status|p1a: Queen|brn
|
|-heal|p1a: Queen|99/100 brn|[from] item: Leftovers
|-damage|p2a: Milotic|0 fnt|[from] brn
|faint|p2a: Milotic
|-damage|p1a: Queen|94/100 brn|[from] brn
|upkeep
|
|t:|1743879534
|switch|p2a: Glaceon|Glaceon, F|56/100
|turn|6
|
|t:|1743879538
|-terastallize|p1a: Queen|Fairy
|move|p2a: Glaceon|Freeze-Dry|p1a: Queen
|-damage|p1a: Queen|60/100 brn
|move|p1a: Queen|Fickle Beam|p2a: Glaceon
|-damage|p2a: Glaceon|0 fnt
|faint|p2a: Glaceon
|
|-heal|p1a: Queen|66/100 brn|[from] item: Leftovers
|-damage|p1a: Queen|60/100 brn|[from] brn
|upkeep
|
|t:|1743879549
|switch|p2a: Lucario|Lucario, M|100/100
|turn|7
|
|t:|1743879552
|move|p2a: Lucario|Flash Cannon|p1a: Queen
|-supereffective|p1a: Queen
|-damage|p1a: Queen|0 fnt
|faint|p1a: Queen
|-damage|p2a: Lucario|91/100|[from] item: Life Orb
|
|upkeep
|
|t:|1743879558
|switch|p1a: Skeledirge|Skeledirge, F|43/100
|turn|8
|
|t:|1743879561
|move|p2a: Lucario|Earthquake|p1a: Skeledirge
|-supereffective|p1a: Skeledirge
|-damage|p1a: Skeledirge|0 fnt
|faint|p1a: Skeledirge
|-damage|p2a: Lucario|81/100|[from] item: Life Orb
|
|upkeep
|
|t:|1743879567
|switch|p1a: King|Swampert, M|100/100
|turn|9
|
|t:|1743879572
|switch|p2a: Spiritomb|Spiritomb, F|100/100
|move|p1a: King|Flamethrower|p2a: Spiritomb
|-damage|p2a: Spiritomb|64/100
|
|-heal|p2a: Spiritomb|71/100|[from] item: Leftovers
|upkeep
|turn|10
|
|t:|1743879581
|switch|p1a: Great Tusk|Great Tusk|100/100
|-enditem|p1a: Great Tusk|Booster Energy
|-activate|p1a: Great Tusk|ability: Protosynthesis|[fromitem]
|-start|p1a: Great Tusk|protosynthesisatk
|move|p2a: Spiritomb|Protect||[still]
|-fail|p2a: Spiritomb
|
|-heal|p2a: Spiritomb|77/100|[from] item: Leftovers
|upkeep
|turn|11
|
|t:|1743879590
|move|p1a: Great Tusk|Stealth Rock|p2a: Spiritomb
|-sidestart|p2: potato_tomato1|move: Stealth Rock
|move|p2a: Spiritomb|Will-O-Wisp|p1a: Great Tusk
|-status|p1a: Great Tusk|brn
|
|-heal|p2a: Spiritomb|83/100|[from] item: Leftovers
|-damage|p1a: Great Tusk|94/100 brn|[from] brn
|upkeep
|turn|12
|inactive|potato_tomato1 has 120 seconds left.
|
|t:|1743879627
|move|p2a: Spiritomb|Protect|p2a: Spiritomb
|-singleturn|p2a: Spiritomb|Protect
|move|p1a: Great Tusk|Knock Off|p2a: Spiritomb
|-activate|p2a: Spiritomb|move: Protect
|
|-heal|p2a: Spiritomb|89/100|[from] item: Leftovers
|-damage|p1a: Great Tusk|88/100 brn|[from] brn
|upkeep
|turn|13
|inactive|potato_tomato1 has 120 seconds left.
|
|t:|1743879637
|switch|p2a: Porygon-Z|Porygon-Z|100/100
|-damage|p2a: Porygon-Z|88/100|[from] Stealth Rock
|move|p1a: Great Tusk|Knock Off|p2a: Porygon-Z
|-damage|p2a: Porygon-Z|54/100
|-enditem|p2a: Porygon-Z|Expert Belt|[from] move: Knock Off|[of] p1a: Great Tusk
|
|-damage|p1a: Great Tusk|82/100 brn|[from] brn
|upkeep
|turn|14
|inactive|potato_tomato1 has 120 seconds left.
|
|t:|1743879649
|move|p2a: Porygon-Z|Ice Beam|p1a: Great Tusk
|-supereffective|p1a: Great Tusk
|-damage|p1a: Great Tusk|0 fnt
|faint|p1a: Great Tusk
|-end|p1a: Great Tusk|Protosynthesis|[silent]
|
|upkeep
|
|t:|1743879654
|switch|p1a: King|Swampert, M|100/100
|turn|15
|
|t:|1743879661
|move|p1a: King|Hyper Voice|p2a: Porygon-Z
|-damage|p2a: Porygon-Z|0 fnt
|faint|p2a: Porygon-Z
|
|upkeep
|
|t:|1743879667
|switch|p2a: Spiritomb|Spiritomb, F|89/100
|-damage|p2a: Spiritomb|77/100|[from] Stealth Rock
|turn|16
|
|t:|1743879672
|switch|p1a: King|Swampert, M|100/100
|move|p2a: Spiritomb|Sucker Punch||[still]
|-fail|p2a: Spiritomb
|
|-heal|p2a: Spiritomb|83/100|[from] item: Leftovers
|upkeep
|turn|17
|
|t:|1743879680
|move|p1a: King|Earthquake|p2a: Spiritomb
|-damage|p2a: Spiritomb|30/100
|move|p2a: Spiritomb|Will-O-Wisp|p1a: King
|-status|p1a: King|brn
|
|-heal|p2a: Spiritomb|36/100|[from] item: Leftovers
|-damage|p1a: King|94/100 brn|[from] brn
|upkeep
|turn|18
|
|t:|1743879690
|move|p2a: Spiritomb|Protect|p2a: Spiritomb
|-singleturn|p2a: Spiritomb|Protect
|move|p1a: King|Earthquake|p2a: Spiritomb
|-activate|p2a: Spiritomb|move: Protect
|
|-heal|p1a: King|100/100 brn|[from] item: Leftovers
|-heal|p2a: Spiritomb|42/100|[from] item: Leftovers
|-damage|p1a: King|94/100 brn|[from] brn
|upkeep
|turn|19
|
|t:|1743879701
|move|p1a: King|Earthquake|p2a: Spiritomb
|-damage|p2a: Spiritomb|15/100
|move|p2a: Spiritomb|Poltergeist|p1a: King
|-activate|p1a: King|move: Poltergeist|Leftovers
|-damage|p1a: King|63/100 brn
|
|-heal|p1a: King|69/100 brn|[from] item: Leftovers
|-heal|p2a: Spiritomb|22/100|[from] item: Leftovers
|-damage|p1a: King|63/100 brn|[from] brn
|upkeep
|turn|20
|
|t:|1743879719
|move|p2a: Spiritomb|Protect|p2a: Spiritomb
|-singleturn|p2a: Spiritomb|Protect
|move|p1a: King|Earthquake|p2a: Spiritomb
|-activate|p2a: Spiritomb|move: Protect
|
|-heal|p1a: King|69/100 brn|[from] item: Leftovers
|-heal|p2a: Spiritomb|28/100|[from] item: Leftovers
|-damage|p1a: King|63/100 brn|[from] brn
|upkeep
|turn|21
|
|t:|1743879731
|move|p2a: Spiritomb|Sucker Punch|p1a: King
|-damage|p1a: King|40/100 brn
|move|p1a: King|Earthquake|p2a: Spiritomb
|-crit|p2a: Spiritomb
|-damage|p2a: Spiritomb|0 fnt
|faint|p2a: Spiritomb
|
|-heal|p1a: King|46/100 brn|[from] item: Leftovers
|-damage|p1a: King|40/100 brn|[from] brn
|upkeep
|
|t:|1743879744
|switch|p2a: Garchomp|Garchomp, F|100/100
|-damage|p2a: Garchomp|94/100|[from] Stealth Rock
|turn|22
|
|t:|1743879748
|move|p2a: Garchomp|Dragon Claw|p1a: King
|-damage|p1a: King|4/100 brn
|move|p1a: King|Ice Punch|p2a: Garchomp
|-supereffective|p2a: Garchomp
|-damage|p2a: Garchomp|41/100
|-damage|p1a: King|0 fnt|[from] ability: Rough Skin|[of] p2a: Garchomp
|faint|p1a: King
|
|upkeep
|
|t:|1743879756
|switch|p1a: Joker|Zoroark-Hisui, M|100/100
|turn|23
|
|t:|1743879765
|-terastallize|p2a: Garchomp|Steel
|move|p1a: Joker|Shadow Ball|p2a: Garchomp
|-damage|p2a: Garchomp|0 fnt
|faint|p2a: Garchomp
|
|upkeep
|
|t:|1743879772
|switch|p2a: Lucario|Lucario, M|81/100
|-damage|p2a: Lucario|78/100|[from] Stealth Rock
|turn|24
|
|t:|1743879776
|move|p1a: Joker|Shadow Ball|p2a: Lucario
|-damage|p2a: Lucario|0 fnt
|faint|p2a: Lucario
|
|win|craztbanana
|raw|craztbanana's rating: 1106 &rarr; <strong>1134</strong><br />(+28 for winning)
|raw|potato_tomato1's rating: 1150 &rarr; <strong>1122</strong><br />(-28 for losing)
|l|☆potato_tomato1
|player|p2|
|l|☆craztbanana
|player|p1|
