|j|☆testaltlol
|j|☆Mico Brawl Stars
|t:|1743793206
|gametype|singles
|player|p1|testaltlol|266|1217
|player|p2|Mico Brawl Stars|grimsley|1265
|teamsize|p1|6
|teamsize|p2|6
|gen|9
|tier|[Gen 9] OU
|rated|
|rule|HP Percentage Mod: HP is shown in percentages
|rule|Endless Battle Clause: Forcing endless battles is banned
|rule|Species Clause: Limit one of each Pokémon
|rule|OHKO Clause: OHKO moves are banned
|rule|Evasion Items Clause: Evasion items are banned
|rule|Evasion Moves Clause: Evasion moves are banned
|rule|Sleep Moves Clause: Sleep-inducing moves are banned
|clearpoke
|poke|p1|Glimmora, F|
|poke|p1|Skeledirge, F|
|poke|p1|Great Tusk|
|poke|p1|Grimmsnarl, M|
|poke|p1|Bronzong|
|poke|p1|Conkeldurr, M|
|poke|p2|Garganacl, M|
|poke|p2|Metagross|
|poke|p2|Volcanion|
|poke|p2|Azelf|
|poke|p2|Golem-Alola, F|
|poke|p2|Kingambit, M|
|teampreview
|inactive|Battle timer is ON: inactive players will automatically lose when time's up. (requested by Mico Brawl Stars)
|inactive|testaltlol has 120 seconds left.
|
|t:|1743793246
|start
|switch|p1a: Grimmsnarl|Grimmsnarl, M|100/100
|switch|p2a: Azelf|Azelf|100/100
|turn|1
|
|t:|1743793264
|move|p1a: Grimmsnarl|Taunt|p2a: Azelf
|-start|p2a: Azelf|move: Taunt
|move|p2a: Azelf|Explosion|p1a: Grimmsnarl
|-damage|p1a: Grimmsnarl|0 fnt
|faint|p2a: Azelf
|faint|p1a: Grimmsnarl
|
|upkeep
|inactive|testaltlol has 120 seconds left.
|inactive|testaltlol has 90 seconds left.
|c|☆Mico Brawl Stars|5 big booms
|inactive|testaltlol has 60 seconds left.
|c|☆testaltlol|dam
|
|t:|1743793380
|switch|p2a: Golem|Golem-Alola, F|100/100
|switch|p1a: Glimmora|Glimmora, F|100/100
|turn|2
|
|t:|1743793392
|move|p1a: Glimmora|Energy Ball|p2a: Golem
|-supereffective|p2a: Golem
|-damage|p2a: Golem|0 fnt
|faint|p2a: Golem
|-damage|p1a: Glimmora|91/100|[from] item: Life Orb
|
|upkeep
|
|t:|1743793399
|switch|p2a: Metagross|Metagross|100/100
|turn|3
|
|t:|1743793409
|switch|p1a: Great Tusk|Great Tusk|100/100
|move|p2a: Metagross|Explosion|p1a: Great Tusk
|-damage|p1a: Great Tusk|0 fnt
|faint|p2a: Metagross
|faint|p1a: Great Tusk
|-end|p1a: Great Tusk|Protosynthesis|[silent]
|
|upkeep
|c|☆testaltlol|great googly moogly
|
|t:|1743793421
|switch|p1a: Glimmora|Glimmora, F|91/100
|switch|p2a: Volcanion|Volcanion|100/100
|turn|4
|
|t:|1743793424
|move|p1a: Glimmora|Power Gem|p2a: Volcanion
|-supereffective|p2a: Volcanion
|-damage|p2a: Volcanion|0 fnt
|faint|p2a: Volcanion
|-damage|p1a: Glimmora|81/100|[from] item: Life Orb
|
|upkeep
|
|t:|1743793427
|switch|p2a: Garganacl|Garganacl, M|100/100
|turn|5
|
|t:|1743793436
|move|p1a: Glimmora|Energy Ball|p2a: Garganacl
|-supereffective|p2a: Garganacl
|-damage|p2a: Garganacl|21/100
|-unboost|p2a: Garganacl|spd|1
|-damage|p1a: Glimmora|71/100|[from] item: Life Orb
|move|p2a: Garganacl|Explosion|p1a: Glimmora
|-resisted|p1a: Glimmora
|-damage|p1a: Glimmora|0 fnt
|-activate|p1a: Glimmora|ability: Toxic Debris
|-sidestart|p2: Mico Brawl Stars|move: Toxic Spikes
|faint|p2a: Garganacl
|faint|p1a: Glimmora
|
|upkeep
|
|t:|1743793444
|switch|p1a: Conkeldurr|Conkeldurr, M|100/100
|switch|p2a: Kingambit|Kingambit, M|100/100
|-activate|p2a: Kingambit|ability: Supreme Overlord
|-start|p2a: Kingambit|fallen5|[silent]
|turn|6
|
|t:|1743793453
|-terastallize|p2a: Kingambit|Ghost
|move|p2a: Kingambit|Swords Dance|p2a: Kingambit
|-boost|p2a: Kingambit|atk|2
|move|p1a: Conkeldurr|Facade|p2a: Kingambit
|-immune|p2a: Kingambit
|
|-status|p1a: Conkeldurr|brn|[from] item: Flame Orb
|upkeep
|turn|7
|
|t:|1743793461
|move|p2a: Kingambit|Iron Head|p1a: Conkeldurr
|-damage|p1a: Conkeldurr|0 fnt
|faint|p1a: Conkeldurr
|
|upkeep
|
|t:|1743793464
|switch|p1a: Skeledirge|Skeledirge, F|100/100
|turn|8
|
|t:|1743793468
|move|p2a: Kingambit|Sucker Punch||[still]
|-fail|p2a: Kingambit
|move|p1a: Skeledirge|Will-O-Wisp|p2a: Kingambit
|-status|p2a: Kingambit|brn
|
|-damage|p2a: Kingambit|94/100 brn|[from] brn
|upkeep
|turn|9
|
|t:|1743793476
|-terastallize|p1a: Skeledirge|Fairy
|move|p2a: Kingambit|Sucker Punch|p1a: Skeledirge
|-resisted|p1a: Skeledirge
|-damage|p1a: Skeledirge|89/100
|move|p1a: Skeledirge|Hex|p2a: Kingambit
|-supereffective|p2a: Kingambit
|-damage|p2a: Kingambit|0 fnt
|faint|p2a: Kingambit
|-end|p2a: Kingambit|fallen5|[silent]
|
|win|testaltlol
|raw|testaltlol's rating: 1217 &rarr; <strong>1245</strong><br />(+28 for winning)
|raw|Mico Brawl Stars's rating: 1265 &rarr; <strong>1237</strong><br />(-28 for losing)
|l|☆Mico Brawl Stars
|player|p2|
|l|☆testaltlol
|player|p1|
