|j|☆Belugea
|j|☆aex27
|t:|1743869260
|gametype|singles
|player|p1|Belugea|fisherman-gen4|1407
|player|p2|aex27|cynthia-gen4|1366
|teamsize|p1|6
|teamsize|p2|6
|gen|9
|tier|[Gen 9] OU
|rated|
|rule|HP Percentage Mod: HP is shown in percentages
|rule|Endless Battle Clause: Forcing endless battles is banned
|rule|Species Clause: Limit one of each Pokémon
|rule|OHKO Clause: OHKO moves are banned
|rule|Evasion Items Clause: Evasion items are banned
|rule|Evasion Moves Clause: Evasion moves are banned
|rule|Sleep Moves Clause: Sleep-inducing moves are banned
|clearpoke
|poke|p1|Weezing-Galar, M|
|poke|p1|Sinistcha-Masterpiece|
|poke|p1|Cinderace, M|
|poke|p1|Slowking-Galar, M|
|poke|p1|Gliscor, F|
|poke|p1|Alomomola, M|
|poke|p2|Enamorus, F|
|poke|p2|Ribombee, M|
|poke|p2|Gholdengo|
|poke|p2|Landorus-Therian, M|
|poke|p2|Weavile, F|
|poke|p2|Serperior, M|
|teampreview
|inactive|Battle timer is ON: inactive players will automatically lose when time's up. (requested by Belugea)
|
|t:|1743869286
|start
|switch|p1a: Alomomola|Alomomola, M|100/100
|switch|p2a: Ribombee|Ribombee, M|100/100
|turn|1
|
|t:|1743869291
|move|p2a: Ribombee|Sticky Web|p1a: Alomomola
|-sidestart|p1: Belugea|move: Sticky Web
|move|p1a: Alomomola|Flip Turn|p2a: Ribombee
|-damage|p2a: Ribombee|66/100
|
|t:|1743869296
|switch|p1a: Cinderace|Cinderace, M|100/100|[from] Flip Turn
|
|upkeep
|turn|2
|
|t:|1743869302
|move|p2a: Ribombee|Stun Spore|p1a: Cinderace
|-status|p1a: Cinderace|par
|move|p1a: Cinderace|Pyro Ball|p2a: Ribombee
|-supereffective|p2a: Ribombee
|-damage|p2a: Ribombee|0 fnt
|faint|p2a: Ribombee
|
|upkeep
|
|t:|1743869312
|switch|p2a: Landorus|Landorus-Therian, M|100/100
|-ability|p2a: Landorus|Intimidate|boost
|-unboost|p1a: Cinderace|atk|1
|turn|3
|
|t:|1743869315
|switch|p1a: Gliscor|Gliscor, F|100/100
|move|p2a: Landorus|Taunt|p1a: Gliscor
|-start|p1a: Gliscor|move: Taunt
|
|-status|p1a: Gliscor|tox|[from] item: Toxic Orb
|upkeep
|turn|4
|
|t:|1743869324
|move|p2a: Landorus|Stealth Rock|p1a: Gliscor
|-sidestart|p1: Belugea|move: Stealth Rock
|move|p1a: Gliscor|Knock Off|p2a: Landorus
|-damage|p2a: Landorus|79/100
|-damage|p1a: Gliscor|84/100 tox|[from] item: Rocky Helmet|[of] p2a: Landorus
|-enditem|p2a: Landorus|Rocky Helmet|[from] move: Knock Off|[of] p1a: Gliscor
|
|-heal|p1a: Gliscor|96/100 tox|[from] ability: Poison Heal
|upkeep
|turn|5
|
|t:|1743869332
|move|p2a: Landorus|U-turn|p1a: Gliscor
|-resisted|p1a: Gliscor
|-damage|p1a: Gliscor|90/100 tox
|
|t:|1743869354
|switch|p2a: Weavile|Weavile, F|100/100|[from] U-turn
|-ability|p2a: Weavile|Pressure
|move|p1a: Gliscor|Knock Off|p2a: Weavile
|-resisted|p2a: Weavile
|-crit|p2a: Weavile
|-damage|p2a: Weavile|73/100
|-enditem|p2a: Weavile|Heavy-Duty Boots|[from] move: Knock Off|[of] p1a: Gliscor
|
|-heal|p1a: Gliscor|100/100 tox|[from] ability: Poison Heal
|-end|p1a: Gliscor|move: Taunt
|upkeep
|turn|6
|
|t:|1743869370
|switch|p1a: Weezing|Weezing-Galar, M|100/100
|-ability|p1a: Weezing|Neutralizing Gas
|move|p2a: Weavile|Knock Off|p1a: Weezing
|-resisted|p1a: Weezing
|-crit|p1a: Weezing
|-damage|p1a: Weezing|77/100
|-enditem|p1a: Weezing|Heavy-Duty Boots|[from] move: Knock Off|[of] p2a: Weavile
|
|upkeep
|turn|7
|
|t:|1743869380
|switch|p2a: Gholdengo|Gholdengo|100/100
|-item|p2a: Gholdengo|Air Balloon
|move|p1a: Weezing|Will-O-Wisp|p2a: Gholdengo
|-status|p2a: Gholdengo|brn
|
|-damage|p2a: Gholdengo|94/100 brn|[from] brn
|upkeep
|turn|8
|
|t:|1743869391
|-end|p1a: Weezing|ability: Neutralizing Gas
|switch|p1a: Alomomola|Alomomola, M|100/100
|-activate|p1a: Alomomola|move: Sticky Web
|-unboost|p1a: Alomomola|spe|1
|-damage|p1a: Alomomola|88/100|[from] Stealth Rock
|move|p2a: Gholdengo|Thunder Wave|p1a: Alomomola
|-status|p1a: Alomomola|par
|
|-damage|p2a: Gholdengo|88/100 brn|[from] brn
|upkeep
|turn|9
|
|t:|1743869414
|move|p2a: Gholdengo|Nasty Plot|p2a: Gholdengo
|-boost|p2a: Gholdengo|spa|2
|move|p1a: Alomomola|Flip Turn|p2a: Gholdengo
|-damage|p2a: Gholdengo|69/100 brn
|-enditem|p2a: Gholdengo|Air Balloon
|
|t:|1743869440
|switch|p1a: Gliscor|Gliscor, F|100/100 tox|[from] Flip Turn
|-damage|p1a: Gliscor|88/100 tox|[from] Stealth Rock
|
|-heal|p1a: Gliscor|100/100 tox|[from] ability: Poison Heal
|-damage|p2a: Gholdengo|63/100 brn|[from] brn
|upkeep
|turn|10
|
|t:|1743869454
|switch|p1a: Alomomola|Alomomola, M|100/100 par
|-activate|p1a: Alomomola|move: Sticky Web
|-unboost|p1a: Alomomola|spe|1
|-damage|p1a: Alomomola|88/100 par|[from] Stealth Rock
|move|p2a: Gholdengo|Make It Rain|p1a: Alomomola
|-resisted|p1a: Alomomola
|-damage|p1a: Alomomola|58/100 par
|-unboost|p2a: Gholdengo|spa|1
|
|-damage|p2a: Gholdengo|57/100 brn|[from] brn
|upkeep
|turn|11
|
|t:|1743869463
|move|p2a: Gholdengo|Recover|p2a: Gholdengo
|-heal|p2a: Gholdengo|100/100 brn
|move|p1a: Alomomola|Flip Turn|p2a: Gholdengo
|-damage|p2a: Gholdengo|82/100 brn
|
|t:|1743869471
|switch|p1a: Cinderace|Cinderace, M|100/100 par|[from] Flip Turn
|
|-damage|p2a: Gholdengo|76/100 brn|[from] brn
|upkeep
|turn|12
|
|t:|1743869479
|switch|p2a: Landorus|Landorus-Therian, M|79/100
|-ability|p2a: Landorus|Intimidate|boost
|-unboost|p1a: Cinderace|atk|1
|cant|p1a: Cinderace|par
|
|upkeep
|turn|13
|
|t:|1743869487
|switch|p1a: Gliscor|Gliscor, F|100/100 tox
|-damage|p1a: Gliscor|88/100 tox|[from] Stealth Rock
|move|p2a: Landorus|Taunt|p1a: Gliscor
|-start|p1a: Gliscor|move: Taunt
|
|-heal|p1a: Gliscor|100/100 tox|[from] ability: Poison Heal
|upkeep
|turn|14
|
|t:|1743869513
|switch|p2a: Weavile|Weavile, F|73/100
|-ability|p2a: Weavile|Pressure
|move|p1a: Gliscor|Earthquake|p2a: Weavile
|-damage|p2a: Weavile|18/100
|
|upkeep
|turn|15
|
|t:|1743869525
|switch|p1a: Weezing|Weezing-Galar, M|77/100
|-ability|p1a: Weezing|Neutralizing Gas
|-activate|p1a: Weezing|move: Sticky Web
|-unboost|p1a: Weezing|spe|1
|-damage|p1a: Weezing|65/100|[from] Stealth Rock
|move|p2a: Weavile|Triple Axel|p1a: Weezing
|-damage|p1a: Weezing|58/100
|-damage|p1a: Weezing|45/100
|-damage|p1a: Weezing|24/100
|-hitcount|p1a: Weezing|3
|
|upkeep
|turn|16
|
|t:|1743869537
|-end|p1a: Weezing|ability: Neutralizing Gas
|-ability|p2a: Weavile|Pressure
|switch|p1a: Alomomola|Alomomola, M|91/100 par
|-activate|p1a: Alomomola|move: Sticky Web
|-unboost|p1a: Alomomola|spe|1
|-damage|p1a: Alomomola|79/100 par|[from] Stealth Rock
|move|p2a: Weavile|Triple Axel|p1a: Alomomola
|-resisted|p1a: Alomomola
|-damage|p1a: Alomomola|75/100 par
|-resisted|p1a: Alomomola
|-damage|p1a: Alomomola|68/100 par
|-resisted|p1a: Alomomola
|-damage|p1a: Alomomola|57/100 par
|-hitcount|p1a: Alomomola|3
|
|upkeep
|turn|17
|
|t:|1743869553
|move|p2a: Weavile|Knock Off|p1a: Alomomola
|-damage|p1a: Alomomola|21/100 par
|-enditem|p1a: Alomomola|Assault Vest|[from] move: Knock Off|[of] p2a: Weavile
|move|p1a: Alomomola|Flip Turn|p2a: Weavile
|-damage|p2a: Weavile|0 fnt
|faint|p2a: Weavile
|
|t:|1743869565
|switch|p1a: Gliscor|Gliscor, F|100/100 tox|[from] Flip Turn
|-damage|p1a: Gliscor|88/100 tox|[from] Stealth Rock
|
|-heal|p1a: Gliscor|100/100 tox|[from] ability: Poison Heal
|upkeep
|
|t:|1743869577
|switch|p2a: Serperior|Serperior, M|100/100
|turn|18
|
|t:|1743869584
|switch|p1a: Weezing|Weezing-Galar, M|24/100
|-ability|p1a: Weezing|Neutralizing Gas
|-activate|p1a: Weezing|move: Sticky Web
|-unboost|p1a: Weezing|spe|1
|-damage|p1a: Weezing|11/100|[from] Stealth Rock
|move|p2a: Serperior|Substitute|p2a: Serperior
|-start|p2a: Serperior|Substitute
|-damage|p2a: Serperior|75/100
|
|-heal|p2a: Serperior|82/100|[from] item: Leftovers
|upkeep
|turn|19
|
|t:|1743869598
|move|p2a: Serperior|Leaf Storm|p1a: Weezing
|-resisted|p1a: Weezing
|-damage|p1a: Weezing|0 fnt
|-unboost|p2a: Serperior|spa|2
|faint|p1a: Weezing
|-end|p1a: Weezing|ability: Neutralizing Gas
|
|-heal|p2a: Serperior|88/100|[from] item: Leftovers
|upkeep
|
|t:|1743869610
|switch|p1a: Cinderace|Cinderace, M|100/100 par
|turn|20
|
|t:|1743869617
|move|p2a: Serperior|Leech Seed|p1a: Cinderace
|-start|p1a: Cinderace|move: Leech Seed
|move|p1a: Cinderace|U-turn|p2a: Serperior
|-start|p1a: Cinderace|typechange|Bug|[from] ability: Libero
|-supereffective|p2a: Serperior
|-end|p2a: Serperior|Substitute
|
|t:|1743869626
|switch|p1a: Slowking|Slowking-Galar, M|100/100|[from] U-turn
|
|-heal|p2a: Serperior|94/100|[from] item: Leftovers
|upkeep
|turn|21
|
|t:|1743869633
|switch|p2a: Gholdengo|Gholdengo|76/100 brn
|move|p1a: Slowking|Flamethrower|p2a: Gholdengo
|-supereffective|p2a: Gholdengo
|-damage|p2a: Gholdengo|25/100 brn
|
|-damage|p2a: Gholdengo|19/100 brn|[from] brn
|upkeep
|turn|22
|
|t:|1743869640
|move|p2a: Gholdengo|Thunder Wave|p1a: Slowking
|-status|p1a: Slowking|par
|move|p1a: Slowking|Flamethrower|p2a: Gholdengo
|-supereffective|p2a: Gholdengo
|-damage|p2a: Gholdengo|0 fnt
|faint|p2a: Gholdengo
|
|upkeep
|
|t:|1743869652
|switch|p2a: Serperior|Serperior, M|94/100
|turn|23
|
|t:|1743869656
|move|p2a: Serperior|Substitute|p2a: Serperior
|-start|p2a: Serperior|Substitute
|-damage|p2a: Serperior|69/100
|cant|p1a: Slowking|par
|
|-heal|p2a: Serperior|75/100|[from] item: Leftovers
|upkeep
|turn|24
|
|t:|1743869659
|move|p2a: Serperior|Leech Seed|p1a: Slowking
|-start|p1a: Slowking|move: Leech Seed
|move|p1a: Slowking|Sludge Bomb|p2a: Serperior
|-supereffective|p2a: Serperior
|-end|p2a: Serperior|Substitute
|
|-heal|p2a: Serperior|81/100|[from] item: Leftovers
|-damage|p1a: Slowking|88/100 par|[from] Leech Seed|[of] p2a: Serperior
|-heal|p2a: Serperior|98/100|[silent]
|upkeep
|turn|25
|
|t:|1743869681
|move|p2a: Serperior|Substitute|p2a: Serperior
|-start|p2a: Serperior|Substitute
|-damage|p2a: Serperior|73/100
|move|p1a: Slowking|Sludge Bomb|p2a: Serperior
|-supereffective|p2a: Serperior
|-end|p2a: Serperior|Substitute
|
|-heal|p2a: Serperior|79/100|[from] item: Leftovers
|-damage|p1a: Slowking|76/100 par|[from] Leech Seed|[of] p2a: Serperior
|-heal|p2a: Serperior|96/100|[silent]
|upkeep
|turn|26
|
|t:|1743869690
|switch|p1a: Sinistcha|Sinistcha-Masterpiece|100/100
|move|p2a: Serperior|Substitute|p2a: Serperior
|-start|p2a: Serperior|Substitute
|-damage|p2a: Serperior|71/100
|
|-heal|p2a: Serperior|77/100|[from] item: Leftovers
|upkeep
|turn|27
|
|t:|1743869704
|move|p2a: Serperior|Glare|p1a: Sinistcha
|-status|p1a: Sinistcha|par
|move|p1a: Sinistcha|Calm Mind|p1a: Sinistcha
|-boost|p1a: Sinistcha|spa|1
|-boost|p1a: Sinistcha|spd|1
|
|-heal|p2a: Serperior|83/100|[from] item: Leftovers
|upkeep
|turn|28
|
|t:|1743869711
|move|p2a: Serperior|Leaf Storm|p1a: Sinistcha
|-resisted|p1a: Sinistcha
|-damage|p1a: Sinistcha|81/100 par
|-boost|p2a: Serperior|spa|2
|cant|p1a: Sinistcha|par
|
|-heal|p2a: Serperior|90/100|[from] item: Leftovers
|upkeep
|turn|29
|
|t:|1743869716
|move|p2a: Serperior|Leaf Storm|p1a: Sinistcha
|-resisted|p1a: Sinistcha
|-damage|p1a: Sinistcha|42/100 par
|-boost|p2a: Serperior|spa|2
|move|p1a: Sinistcha|Shadow Ball|p2a: Serperior
|-end|p2a: Serperior|Substitute
|
|-heal|p2a: Serperior|96/100|[from] item: Leftovers
|upkeep
|turn|30
|
|t:|1743869727
|move|p2a: Serperior|Substitute|p2a: Serperior
|-start|p2a: Serperior|Substitute
|-damage|p2a: Serperior|71/100
|cant|p1a: Sinistcha|par
|
|-heal|p2a: Serperior|77/100|[from] item: Leftovers
|upkeep
|turn|31
|-message|Belugea forfeited.
|
|win|aex27
|raw|Belugea's rating: 1407 &rarr; <strong>1385</strong><br />(-22 for losing)
|raw|aex27's rating: 1366 &rarr; <strong>1388</strong><br />(+22 for winning)
|l|☆Belugea
|player|p1|
|c|☆aex27|Gg
