|j|☆CHILDFINDER12345
|j|☆alinare12
|t:|1743827762
|gametype|singles
|player|p1|CHILDFINDER12345|blue|1094
|player|p2|alinare12|pokemonrangerf-gen4|1131
|teamsize|p1|6
|teamsize|p2|6
|gen|9
|tier|[Gen 9] OU
|rated|
|rule|HP Percentage Mod: HP is shown in percentages
|rule|Endless Battle Clause: Forcing endless battles is banned
|rule|Species Clause: Limit one of each Pokémon
|rule|OHKO Clause: OHKO moves are banned
|rule|Evasion Items Clause: Evasion items are banned
|rule|Evasion Moves Clause: Evasion moves are banned
|rule|Sleep Moves Clause: Sleep-inducing moves are banned
|clearpoke
|poke|p1|Charizard, M|
|poke|p1|Snorlax, M|
|poke|p1|Exeggutor, F|
|poke|p1|Cloyster, F|
|poke|p1|Jolteon, M|
|poke|p1|Scyther, M|
|poke|p2|Garganacl, F|
|poke|p2|Glimmora, M|
|poke|p2|Iron Boulder|
|poke|p2|Tyranitar, F|
|poke|p2|Diancie|
|poke|p2|Ogerpon-Cornerstone, F|
|teampreview
|
|t:|1743827769
|start
|switch|p1a: Cloyster|Cloyster, F|100/100
|switch|p2a: Glimmora|Glimmora, M|100/100
|turn|1
|
|t:|1743827775
|move|p2a: Glimmora|Mortal Spin|p1a: Cloyster
|-damage|p1a: Cloyster|95/100
|-status|p1a: Cloyster|psn
|move|p1a: Cloyster|Shell Smash|p1a: Cloyster
|-unboost|p1a: Cloyster|def|1
|-unboost|p1a: Cloyster|spd|1
|-boost|p1a: Cloyster|atk|2
|-boost|p1a: Cloyster|spa|2
|-boost|p1a: Cloyster|spe|2
|
|-damage|p1a: Cloyster|83/100 psn|[from] psn
|upkeep
|turn|2
|
|t:|1743827785
|move|p2a: Glimmora|Spiky Shield|p2a: Glimmora
|-singleturn|p2a: Glimmora|move: Protect
|move|p1a: Cloyster|Rest|p1a: Cloyster
|-status|p1a: Cloyster|slp|[from] move: Rest
|-heal|p1a: Cloyster|100/100 slp|[silent]
|-enditem|p1a: Cloyster|Chesto Berry|[eat]
|-curestatus|p1a: Cloyster|slp|[msg]
|
|upkeep
|turn|3
|
|t:|1743827806
|move|p1a: Cloyster|Razor Shell|p2a: Glimmora
|-supereffective|p2a: Glimmora
|-enditem|p2a: Glimmora|Focus Sash
|-damage|p2a: Glimmora|1/100
|-activate|p2a: Glimmora|ability: Toxic Debris
|-sidestart|p1: CHILDFINDER12345|move: Toxic Spikes
|move|p2a: Glimmora|Mortal Spin|p1a: Cloyster
|-damage|p1a: Cloyster|93/100
|-status|p1a: Cloyster|psn
|
|-damage|p1a: Cloyster|81/100 psn|[from] psn
|upkeep
|turn|4
|
|t:|1743827818
|move|p1a: Cloyster|Rest|p1a: Cloyster
|-status|p1a: Cloyster|slp|[from] move: Rest
|-heal|p1a: Cloyster|100/100 slp|[silent]
|move|p2a: Glimmora|Stealth Rock|p1a: Cloyster
|-sidestart|p1: CHILDFINDER12345|move: Stealth Rock
|
|upkeep
|turn|5
|
|t:|1743827825
|cant|p1a: Cloyster|slp
|move|p2a: Glimmora|Venoshock|p1a: Cloyster
|-damage|p1a: Cloyster|0 fnt
|faint|p1a: Cloyster
|
|upkeep
|
|t:|1743827834
|switch|p1a: Scyther|Scyther, M|100/100
|-damage|p1a: Scyther|51/100|[from] Stealth Rock
|turn|6
|
|t:|1743827843
|move|p2a: Glimmora|Spiky Shield|p2a: Glimmora
|-singleturn|p2a: Glimmora|move: Protect
|move|p1a: Scyther|Trailblaze|p2a: Glimmora
|-activate|p2a: Glimmora|move: Protect
|-damage|p1a: Scyther|38/100|[from] Spiky Shield|[of] p2a: Glimmora
|
|upkeep
|turn|7
|
|t:|1743827851
|move|p1a: Scyther|Trailblaze|p2a: Glimmora
|-damage|p2a: Glimmora|0 fnt
|-boost|p1a: Scyther|spe|1
|-activate|p2a: Glimmora|ability: Toxic Debris
|-sidestart|p1: CHILDFINDER12345|move: Toxic Spikes
|faint|p2a: Glimmora
|
|upkeep
|
|t:|1743827859
|switch|p2a: Ogerpon|Ogerpon-Cornerstone, F|100/100
|turn|8
|
|t:|1743827868
|move|p2a: Ogerpon|Spiky Shield|p2a: Ogerpon
|-singleturn|p2a: Ogerpon|move: Protect
|move|p1a: Scyther|U-turn|p2a: Ogerpon
|-activate|p2a: Ogerpon|move: Protect
|-damage|p1a: Scyther|26/100|[from] Spiky Shield|[of] p2a: Ogerpon
|
|upkeep
|turn|9
|
|t:|1743827878
|switch|p2a: Tyranitar|Tyranitar, F|100/100
|-weather|Sandstorm|[from] ability: Sand Stream|[of] p2a: Tyranitar
|move|p1a: Scyther|U-turn|p2a: Tyranitar
|-supereffective|p2a: Tyranitar
|-damage|p2a: Tyranitar|50/100
|
|t:|1743827889
|switch|p1a: Exeggutor|Exeggutor, F|100/100|[from] U-turn
|-status|p1a: Exeggutor|tox
|-damage|p1a: Exeggutor|88/100 tox|[from] Stealth Rock
|
|-weather|Sandstorm|[upkeep]
|-damage|p1a: Exeggutor|82/100 tox|[from] Sandstorm
|-heal|p1a: Exeggutor|88/100 tox|[from] item: Leftovers
|-damage|p1a: Exeggutor|82/100 tox|[from] psn
|upkeep
|turn|10
|
|t:|1743827900
|move|p1a: Exeggutor|Sunny Day|p1a: Exeggutor
|-weather|SunnyDay
|move|p2a: Tyranitar|Knock Off|p1a: Exeggutor
|-supereffective|p1a: Exeggutor
|-damage|p1a: Exeggutor|0 fnt
|-enditem|p1a: Exeggutor|Leftovers|[from] move: Knock Off|[of] p2a: Tyranitar
|faint|p1a: Exeggutor
|-damage|p2a: Tyranitar|40/100|[from] item: Life Orb
|
|-weather|SunnyDay|[upkeep]
|upkeep
|
|t:|1743827909
|switch|p1a: Charizard|Charizard, M|100/100
|-damage|p1a: Charizard|51/100|[from] Stealth Rock
|turn|11
|
|t:|1743827923
|switch|p2a: Diancie|Diancie|100/100
|move|p1a: Charizard|Solar Beam||[still]
|-prepare|p1a: Charizard|Solar Beam
|-anim|p1a: Charizard|Solar Beam|p2a: Diancie
|-supereffective|p2a: Diancie
|-damage|p2a: Diancie|38/100
|
|-weather|SunnyDay|[upkeep]
|-damage|p1a: Charizard|38/100|[from] ability: Solar Power|[of] p1a: Charizard
|-heal|p1a: Charizard|44/100|[from] item: Leftovers
|upkeep
|turn|12
|
|t:|1743827934
|switch|p2a: Tyranitar|Tyranitar, F|40/100
|-weather|Sandstorm|[from] ability: Sand Stream|[of] p2a: Tyranitar
|move|p1a: Charizard|Solar Beam||[still]
|-prepare|p1a: Charizard|Solar Beam
|
|-weather|Sandstorm|[upkeep]
|-damage|p1a: Charizard|38/100|[from] Sandstorm
|-heal|p1a: Charizard|44/100|[from] item: Leftovers
|upkeep
|turn|13
|
|t:|1743827943
|move|p2a: Tyranitar|Protect|p2a: Tyranitar
|-singleturn|p2a: Tyranitar|Protect
|move|p1a: Charizard|Solar Beam|p2a: Tyranitar|[from] lockedmove
|-activate|p2a: Tyranitar|move: Protect
|
|-weather|Sandstorm|[upkeep]
|-damage|p1a: Charizard|38/100|[from] Sandstorm
|-heal|p1a: Charizard|44/100|[from] item: Leftovers
|upkeep
|turn|14
|
|t:|1743827947
|move|p1a: Charizard|Sunny Day|p1a: Charizard
|-weather|SunnyDay
|move|p2a: Tyranitar|Knock Off|p1a: Charizard
|-damage|p1a: Charizard|0 fnt
|-enditem|p1a: Charizard|Leftovers|[from] move: Knock Off|[of] p2a: Tyranitar
|faint|p1a: Charizard
|-damage|p2a: Tyranitar|30/100|[from] item: Life Orb
|
|-weather|SunnyDay|[upkeep]
|upkeep
|
|t:|1743827959
|switch|p1a: Scyther|Scyther, M|26/100
|-damage|p1a: Scyther|0 fnt|[from] Stealth Rock
|faint|p1a: Scyther
|
|t:|1743827966
|switch|p1a: Snorlax|Snorlax, M|100/100
|-status|p1a: Snorlax|tox
|-damage|p1a: Snorlax|88/100 tox|[from] Stealth Rock
|turn|15
|
|t:|1743827974
|switch|p2a: Diancie|Diancie|38/100
|move|p1a: Snorlax|Heavy Slam|p2a: Diancie
|-supereffective|p2a: Diancie
|-damage|p2a: Diancie|0 fnt
|faint|p2a: Diancie
|
|-weather|SunnyDay|[upkeep]
|-damage|p1a: Snorlax|82/100 tox|[from] psn
|upkeep
|
|t:|1743827979
|switch|p2a: Tyranitar|Tyranitar, F|30/100
|-weather|Sandstorm|[from] ability: Sand Stream|[of] p2a: Tyranitar
|turn|16
|
|t:|1743827988
|move|p2a: Tyranitar|Knock Off|p1a: Snorlax
|-damage|p1a: Snorlax|31/100 tox
|-enditem|p1a: Snorlax|Aguav Berry|[from] move: Knock Off|[of] p2a: Tyranitar
|-damage|p2a: Tyranitar|20/100|[from] item: Life Orb
|move|p1a: Snorlax|Earthquake|p2a: Tyranitar
|-supereffective|p2a: Tyranitar
|-damage|p2a: Tyranitar|0 fnt
|faint|p2a: Tyranitar
|
|-weather|Sandstorm|[upkeep]
|-damage|p1a: Snorlax|25/100 tox|[from] Sandstorm
|-damage|p1a: Snorlax|13/100 tox|[from] psn
|upkeep
|
|t:|1743827995
|switch|p2a: Ogerpon|Ogerpon-Cornerstone, F|100/100
|turn|17
|
|t:|1743828006
|move|p2a: Ogerpon|Ivy Cudgel|p1a: Snorlax|[anim] Ivy Cudgel Rock
|-crit|p1a: Snorlax
|-damage|p1a: Snorlax|0 fnt
|faint|p1a: Snorlax
|
|-weather|Sandstorm|[upkeep]
|upkeep
|
|t:|1743828012
|switch|p1a: Jolteon|Jolteon, M|100/100
|-status|p1a: Jolteon|tox
|-damage|p1a: Jolteon|88/100 tox|[from] Stealth Rock
|turn|18
|
|t:|1743828026
|move|p1a: Jolteon|Alluring Voice|p2a: Ogerpon
|-damage|p2a: Ogerpon|80/100
|move|p2a: Ogerpon|Ivy Cudgel|p1a: Jolteon|[anim] Ivy Cudgel Rock
|-damage|p1a: Jolteon|0 fnt
|faint|p1a: Jolteon
|
|win|alinare12
|raw|CHILDFINDER12345's rating: 1094 &rarr; <strong>1072</strong><br />(-22 for losing)
|raw|alinare12's rating: 1131 &rarr; <strong>1153</strong><br />(+22 for winning)
|l|☆alinare12
|player|p2|
|l|☆CHILDFINDER12345
|player|p1|
