|j|☆54 insane rats
|j|☆Nosferatwo
|t:|1743881380
|gametype|singles
|player|p1|54 insane rats|supernerd|1810
|player|p2|Nosferatwo|beauty-gen2jp|1819
|teamsize|p1|6
|teamsize|p2|6
|gen|9
|tier|[Gen 9] OU
|rated|
|rule|HP Percentage Mod: HP is shown in percentages
|rule|Endless Battle Clause: Forcing endless battles is banned
|rule|Species Clause: Limit one of each Pokémon
|rule|OHKO Clause: OHKO moves are banned
|rule|Evasion Items Clause: Evasion items are banned
|rule|Evasion Moves Clause: Evasion moves are banned
|rule|Sleep Moves Clause: Sleep-inducing moves are banned
|clearpoke
|poke|p1|Gholdengo|
|poke|p1|Gliscor, F|
|poke|p1|Toxapex, M|
|poke|p1|Clefable, M|
|poke|p1|Skarmory, M|
|poke|p1|Clodsire, F|
|poke|p2|Kyurem|
|poke|p2|Samurott-Hisui, F|
|poke|p2|Gholdengo|
|poke|p2|Dragonite, M|
|poke|p2|Great Tusk|
|poke|p2|Cinderace, M|
|teampreview
|inactive|Battle timer is ON: inactive players will automatically lose when time's up. (requested by 54 insane rats)
|
|t:|1743881387
|start
|switch|p1a: Clefable|Clefable, M|100/100
|switch|p2a: Samurott|Samurott-Hisui, F|100/100
|turn|1
|
|t:|1743881393
|switch|p2a: Gholdengo|Gholdengo|100/100
|move|p1a: Clefable|Knock Off|p2a: Gholdengo
|-supereffective|p2a: Gholdengo
|-crit|p2a: Gholdengo
|-damage|p2a: Gholdengo|47/100
|-enditem|p2a: Gholdengo|Choice Scarf|[from] move: Knock Off|[of] p1a: Clefable
|
|upkeep
|turn|2
|
|t:|1743881398
|switch|p1a: Clodsire|Clodsire, F|100/100
|move|p2a: Gholdengo|Trick|p1a: Clodsire
|-activate|p2a: Gholdengo|move: Trick|[of] p1a: Clodsire
|-enditem|p1a: Clodsire|Heavy-Duty Boots|[silent]|[from] move: Trick
|-item|p2a: Gholdengo|Heavy-Duty Boots|[from] move: Trick
|
|upkeep
|turn|3
|
|t:|1743881405
|switch|p2a: Great Tusk|Great Tusk|100/100
|move|p1a: Clodsire|Stealth Rock|p2a: Great Tusk
|-sidestart|p2: Nosferatwo|move: Stealth Rock
|
|upkeep
|turn|4
|
|t:|1743881410
|switch|p1a: Skarmory|Skarmory, M|100/100
|move|p2a: Great Tusk|Rapid Spin|p1a: Skarmory
|-resisted|p1a: Skarmory
|-damage|p1a: Skarmory|95/100
|-boost|p2a: Great Tusk|spe|1
|-damage|p2a: Great Tusk|84/100|[from] item: Rocky Helmet|[of] p1a: Skarmory
|-sideend|p2: Nosferatwo|Stealth Rock|[from] move: Rapid Spin|[of] p2a: Great Tusk
|
|upkeep
|turn|5
|
|t:|1743881414
|move|p2a: Great Tusk|Stealth Rock|p1a: Skarmory
|-sidestart|p1: 54 insane rats|move: Stealth Rock
|move|p1a: Skarmory|Spikes|p2a: Great Tusk
|-sidestart|p2: Nosferatwo|Spikes
|
|upkeep
|turn|6
|
|t:|1743881420
|move|p2a: Great Tusk|Knock Off|p1a: Skarmory
|-damage|p1a: Skarmory|75/100
|-damage|p2a: Great Tusk|68/100|[from] item: Rocky Helmet|[of] p1a: Skarmory
|-enditem|p1a: Skarmory|Rocky Helmet|[from] move: Knock Off|[of] p2a: Great Tusk
|move|p1a: Skarmory|Spikes|p2a: Great Tusk
|-sidestart|p2: Nosferatwo|Spikes
|
|upkeep
|turn|7
|
|t:|1743881426
|switch|p1a: Gholdengo|Gholdengo|100/100
|move|p2a: Great Tusk|Rapid Spin|p1a: Gholdengo
|-immune|p1a: Gholdengo
|
|upkeep
|turn|8
|
|t:|1743881430
|move|p2a: Great Tusk|Knock Off|p1a: Gholdengo
|-supereffective|p1a: Gholdengo
|-crit|p1a: Gholdengo
|-damage|p1a: Gholdengo|33/100
|-enditem|p1a: Gholdengo|Heavy-Duty Boots|[from] move: Knock Off|[of] p2a: Great Tusk
|move|p1a: Gholdengo|Make It Rain|p2a: Great Tusk
|-damage|p2a: Great Tusk|0 fnt
|-unboost|p1a: Gholdengo|spa|1
|faint|p2a: Great Tusk
|-end|p2a: Great Tusk|Protosynthesis|[silent]
|
|upkeep
|
|t:|1743881434
|switch|p2a: Samurott|Samurott-Hisui, F|100/100
|-damage|p2a: Samurott|84/100|[from] Spikes
|turn|9
|
|t:|1743881444
|switch|p1a: Clefable|Clefable, M|100/100
|move|p2a: Samurott|Ceaseless Edge|p1a: Clefable
|-resisted|p1a: Clefable
|-damage|p1a: Clefable|76/100
|-sidestart|p1: 54 insane rats|Spikes
|
|-heal|p1a: Clefable|82/100|[from] item: Leftovers
|upkeep
|turn|10
|
|t:|1743881457
|switch|p2a: Cinderace|Cinderace, M|100/100
|move|p1a: Clefable|Moonblast|p2a: Cinderace
|-resisted|p2a: Cinderace
|-damage|p2a: Cinderace|78/100
|-unboost|p2a: Cinderace|spa|1
|
|-heal|p1a: Clefable|88/100|[from] item: Leftovers
|upkeep
|turn|11
|
|t:|1743881464
|switch|p1a: Toxapex|Toxapex, M|100/100
|move|p2a: Cinderace|Gunk Shot|p1a: Toxapex
|-start|p2a: Cinderace|typechange|Poison|[from] ability: Libero
|-resisted|p1a: Toxapex
|-crit|p1a: Toxapex
|-damage|p1a: Toxapex|66/100
|
|upkeep
|turn|12
|
|t:|1743881471
|switch|p2a: Gholdengo|Gholdengo|47/100
|move|p1a: Toxapex|Infestation|p2a: Gholdengo
|-resisted|p2a: Gholdengo
|-damage|p2a: Gholdengo|47/100
|-activate|p2a: Gholdengo|move: Infestation|[of] p1a: Toxapex
|
|-damage|p2a: Gholdengo|34/100|[from] move: Infestation|[partiallytrapped]
|upkeep
|turn|13
|j| orphanofkosm
|
|t:|1743881481
|switch|p2a: Samurott|Samurott-Hisui, F|84/100
|-damage|p2a: Samurott|67/100|[from] Spikes
|switch|p1a: Clodsire|Clodsire, F|100/100
|-damage|p1a: Clodsire|94/100|[from] Stealth Rock
|-damage|p1a: Clodsire|82/100|[from] Spikes
|
|upkeep
|turn|14
|j| ds des chats
|
|t:|1743881484
|switch|p1a: Clefable|Clefable, M|88/100
|move|p2a: Samurott|Ceaseless Edge|p1a: Clefable
|-resisted|p1a: Clefable
|-damage|p1a: Clefable|66/100
|-sidestart|p1: 54 insane rats|Spikes
|
|-heal|p1a: Clefable|72/100|[from] item: Leftovers
|upkeep
|turn|15
|
|t:|1743881492
|move|p2a: Samurott|Aqua Cutter|p1a: Clefable
|-damage|p1a: Clefable|31/100
|move|p1a: Clefable|Moonblast|p2a: Samurott
|-supereffective|p2a: Samurott
|-damage|p2a: Samurott|0 fnt
|faint|p2a: Samurott
|
|-heal|p1a: Clefable|37/100|[from] item: Leftovers
|upkeep
|j| ibnebatuta3
|j| Quietstrangyr
|
|t:|1743881504
|switch|p2a: Gholdengo|Gholdengo|34/100
|turn|16
|j| alyras
|
|t:|1743881517
|switch|p1a: Toxapex|Toxapex, M|99/100
|move|p2a: Gholdengo|Make It Rain|p1a: Toxapex
|-resisted|p1a: Toxapex
|-damage|p1a: Toxapex|81/100
|-unboost|p2a: Gholdengo|spa|1
|
|upkeep
|turn|17
|
|t:|1743881526
|switch|p2a: Dragonite|Dragonite, M|100/100
|move|p1a: Toxapex|Infestation|p2a: Dragonite
|-resisted|p2a: Dragonite
|-damage|p2a: Dragonite|99/100
|-activate|p2a: Dragonite|move: Infestation|[of] p1a: Toxapex
|
|-damage|p2a: Dragonite|88/100|[from] move: Infestation|[partiallytrapped]
|upkeep
|turn|18
|
|t:|1743881533
|move|p2a: Dragonite|Earthquake|p1a: Toxapex
|-supereffective|p1a: Toxapex
|-damage|p1a: Toxapex|0 fnt
|faint|p1a: Toxapex
|
|-end|p2a: Dragonite|Infestation|[partiallytrapped]|[silent]
|upkeep
|
|t:|1743881536
|switch|p1a: Skarmory|Skarmory, M|75/100
|-damage|p1a: Skarmory|63/100|[from] Stealth Rock
|turn|19
|
|t:|1743881544
|switch|p2a: Gholdengo|Gholdengo|34/100
|move|p1a: Skarmory|Spikes|p2a: Gholdengo
|-sidestart|p2: Nosferatwo|Spikes
|
|upkeep
|turn|20
|
|t:|1743881551
|move|p2a: Gholdengo|Shadow Ball|p1a: Skarmory
|-damage|p1a: Skarmory|4/100
|move|p1a: Skarmory|Roost|p1a: Skarmory
|-heal|p1a: Skarmory|54/100
|-singleturn|p1a: Skarmory|move: Roost
|
|upkeep
|turn|21
|
|t:|1743881555
|switch|p1a: Clodsire|Clodsire, F|82/100
|-damage|p1a: Clodsire|76/100|[from] Stealth Rock
|-damage|p1a: Clodsire|59/100|[from] Spikes
|move|p2a: Gholdengo|Shadow Ball|p1a: Clodsire
|-damage|p1a: Clodsire|36/100
|
|upkeep
|turn|22
|
|t:|1743881559
|switch|p2a: Dragonite|Dragonite, M|88/100
|move|p1a: Clodsire|Recover|p1a: Clodsire
|-heal|p1a: Clodsire|86/100
|
|upkeep
|turn|23
|
|t:|1743881563
|switch|p1a: Skarmory|Skarmory, M|54/100
|-damage|p1a: Skarmory|42/100|[from] Stealth Rock
|move|p2a: Dragonite|Fire Punch|p1a: Skarmory
|-supereffective|p1a: Skarmory
|-damage|p1a: Skarmory|0 fnt
|faint|p1a: Skarmory
|
|upkeep
|j| dilf huntr
|
|t:|1743881567
|switch|p1a: Clefable|Clefable, M|37/100
|turn|24
|
|t:|1743881578
|switch|p2a: Cinderace|Cinderace, M|78/100
|move|p1a: Clefable|Moonlight|p1a: Clefable
|-heal|p1a: Clefable|87/100
|
|-heal|p1a: Clefable|93/100|[from] item: Leftovers
|upkeep
|turn|25
|
|t:|1743881583
|-terastallize|p1a: Clefable|Water
|move|p2a: Cinderace|Pyro Ball|p1a: Clefable|[miss]
|-miss|p2a: Cinderace|p1a: Clefable
|move|p1a: Clefable|Calm Mind|p1a: Clefable
|-boost|p1a: Clefable|spa|1
|-boost|p1a: Clefable|spd|1
|
|-heal|p1a: Clefable|99/100|[from] item: Leftovers
|upkeep
|turn|26
|j| Alola Magikarp
|l| Alola Magikarp
|
|t:|1743881589
|move|p2a: Cinderace|Gunk Shot|p1a: Clefable|[miss]
|-start|p2a: Cinderace|typechange|Poison|[from] ability: Libero
|-miss|p2a: Cinderace|p1a: Clefable
|move|p1a: Clefable|Knock Off|p2a: Cinderace
|-damage|p2a: Cinderace|59/100
|-enditem|p2a: Cinderace|Heavy-Duty Boots|[from] move: Knock Off|[of] p1a: Clefable
|
|-heal|p1a: Clefable|100/100|[from] item: Leftovers
|upkeep
|turn|27
|
|t:|1743881592
|move|p2a: Cinderace|Gunk Shot|p1a: Clefable|[miss]
|-miss|p2a: Cinderace|p1a: Clefable
|move|p1a: Clefable|Calm Mind|p1a: Clefable
|-boost|p1a: Clefable|spa|1
|-boost|p1a: Clefable|spd|1
|
|upkeep
|turn|28
|c|☆Nosferatwo|well
|
|t:|1743881601
|move|p2a: Cinderace|Gunk Shot|p1a: Clefable
|-damage|p1a: Clefable|56/100
|move|p1a: Clefable|Moonblast|p2a: Cinderace
|-resisted|p2a: Cinderace
|-damage|p2a: Cinderace|13/100
|-unboost|p2a: Cinderace|spa|1
|
|-heal|p1a: Clefable|62/100|[from] item: Leftovers
|upkeep
|turn|29
|
|t:|1743881604
|move|p2a: Cinderace|Gunk Shot|p1a: Clefable
|-damage|p1a: Clefable|22/100
|move|p1a: Clefable|Moonlight|p1a: Clefable
|-heal|p1a: Clefable|72/100
|
|-heal|p1a: Clefable|78/100|[from] item: Leftovers
|upkeep
|turn|30
|
|t:|1743881607
|move|p2a: Cinderace|Gunk Shot|p1a: Clefable|[miss]
|-miss|p2a: Cinderace|p1a: Clefable
|move|p1a: Clefable|Moonlight|p1a: Clefable
|-heal|p1a: Clefable|100/100
|
|upkeep
|turn|31
|
|t:|1743881612
|move|p2a: Cinderace|Gunk Shot|p1a: Clefable
|-damage|p1a: Clefable|57/100
|move|p1a: Clefable|Moonlight|p1a: Clefable
|-heal|p1a: Clefable|100/100
|
|upkeep
|turn|32
|
|t:|1743881614
|move|p2a: Cinderace|Gunk Shot|p1a: Clefable
|-damage|p1a: Clefable|53/100
|-status|p1a: Clefable|psn
|move|p1a: Clefable|Moonlight|p1a: Clefable
|-heal|p1a: Clefable|100/100 psn
|
|upkeep
|turn|33
|j| macrocosmoss
|
|t:|1743881623
|switch|p2a: Gholdengo|Gholdengo|34/100
|move|p1a: Clefable|Moonblast|p2a: Gholdengo
|-resisted|p2a: Gholdengo
|-damage|p2a: Gholdengo|0 fnt
|faint|p2a: Gholdengo
|
|upkeep
|
|t:|1743881629
|switch|p2a: Dragonite|Dragonite, M|88/100
|turn|34
|
|t:|1743881637
|-terastallize|p2a: Dragonite|Normal
|move|p2a: Dragonite|Outrage|p1a: Clefable
|-damage|p1a: Clefable|20/100 psn
|move|p1a: Clefable|Moonblast|p2a: Dragonite
|-damage|p2a: Dragonite|21/100
|-unboost|p2a: Dragonite|spa|1
|
|-heal|p1a: Clefable|26/100 psn|[from] item: Leftovers
|upkeep
|turn|35
|
|t:|1743881642
|move|p2a: Dragonite|Outrage|p1a: Clefable|[from] lockedmove
|-crit|p1a: Clefable
|-damage|p1a: Clefable|0 fnt
|faint|p1a: Clefable
|-start|p2a: Dragonite|confusion|[fatigue]
|
|upkeep
|
|t:|1743881660
|switch|p1a: Gliscor|Gliscor, F|100/100
|-damage|p1a: Gliscor|88/100|[from] Stealth Rock
|turn|36
|
|t:|1743881666
|switch|p2a: Cinderace|Cinderace, M|13/100
|-damage|p2a: Cinderace|0 fnt|[from] Spikes
|faint|p2a: Cinderace
|move|p1a: Gliscor|Facade|p2: Cinderace|[notarget]
|-fail|p1a: Gliscor
|
|-status|p1a: Gliscor|tox|[from] item: Toxic Orb
|upkeep
|
|t:|1743881667
|switch|p2a: Kyurem|Kyurem|100/100
|-damage|p2a: Kyurem|76/100|[from] Spikes
|-ability|p2a: Kyurem|Pressure
|turn|37
|
|t:|1743881675
|switch|p1a: Gholdengo|Gholdengo|33/100
|-damage|p1a: Gholdengo|27/100|[from] Stealth Rock
|-damage|p1a: Gholdengo|11/100|[from] Spikes
|move|p2a: Kyurem|Ice Beam|p1a: Gholdengo
|-resisted|p1a: Gholdengo
|-damage|p1a: Gholdengo|0 fnt
|faint|p1a: Gholdengo
|
|upkeep
|
|t:|1743881676
|switch|p1a: Clodsire|Clodsire, F|86/100
|-damage|p1a: Clodsire|80/100|[from] Stealth Rock
|-damage|p1a: Clodsire|64/100|[from] Spikes
|turn|38
|
|t:|1743881679
|move|p2a: Kyurem|Ice Beam|p1a: Clodsire
|-supereffective|p1a: Clodsire
|-damage|p1a: Clodsire|0 fnt
|faint|p1a: Clodsire
|
|upkeep
|
|t:|1743881680
|switch|p1a: Gliscor|Gliscor, F|88/100 tox
|-damage|p1a: Gliscor|75/100 tox|[from] Stealth Rock
|turn|39
|
|t:|1743881682
|move|p2a: Kyurem|Ice Beam|p1a: Gliscor
|-supereffective|p1a: Gliscor
|-damage|p1a: Gliscor|0 fnt
|faint|p1a: Gliscor
|
|win|Nosferatwo
|raw|54 insane rats's rating: 1810 &rarr; <strong>1791</strong><br />(-19 for losing)
|raw|Nosferatwo's rating: 1819 &rarr; <strong>1838</strong><br />(+19 for winning)
|l|☆54 insane rats
|player|p1|
|l| orphanofkosm
|l|☆Nosferatwo
|player|p2|
|l| dilf huntr
|l| ibnebatuta3
