|j|☆phonsei
|j|☆stingraygucci
|t:|1743829652
|gametype|singles
|player|p1|phonsei|li|1091
|player|p2|stingraygucci|guitarist|1098
|teamsize|p1|6
|teamsize|p2|6
|gen|9
|tier|[Gen 9] OU
|rated|
|rule|HP Percentage Mod: HP is shown in percentages
|rule|Endless Battle Clause: Forcing endless battles is banned
|rule|Species Clause: Limit one of each Pokémon
|rule|OHKO Clause: OHKO moves are banned
|rule|Evasion Items Clause: Evasion items are banned
|rule|Evasion Moves Clause: Evasion moves are banned
|rule|Sleep Moves Clause: Sleep-inducing moves are banned
|clearpoke
|poke|p1|Blaziken, M|
|poke|p1|Iron Valiant|
|poke|p1|Dragapult, F|
|poke|p1|Rotom-Wash|
|poke|p1|Great Tusk|
|poke|p1|Slowking, M|
|poke|p2|Landorus-Therian, M|
|poke|p2|Ursaluna, M|
|poke|p2|Glastrier|
|poke|p2|Samurott-Hisui, F|
|poke|p2|Hatterene, F|
|poke|p2|Slowking-Galar, F|
|teampreview
|inactive|Battle timer is ON: inactive players will automatically lose when time's up. (requested by stingraygucci)
|
|t:|1743829662
|start
|switch|p1a: Slowking|Slowking, M|100/100
|switch|p2a: Hatterene|Hatterene, F|100/100
|turn|1
|
|t:|1743829677
|move|p1a: Slowking|Future Sight|p2a: Hatterene
|-start|p1a: Slowking|move: Future Sight
|move|p2a: Hatterene|Trick Room|p2a: Hatterene
|-fieldstart|move: Trick Room|[of] p2a: Hatterene
|
|upkeep
|turn|2
|inactive|stingraygucci has 120 seconds left.
|
|t:|1743829702
|switch|p2a: Big Chill|Glastrier|100/100
|move|p1a: Slowking|Slack Off||[still]
|-fail|p1a: Slowking|heal
|
|upkeep
|turn|3
|inactive|stingraygucci has 120 seconds left.
|
|t:|1743829713
|-terastallize|p2a: Big Chill|Electric
|move|p2a: Big Chill|Tera Blast|p1a: Slowking|[anim] Tera Blast Electric
|-supereffective|p1a: Slowking
|-damage|p1a: Slowking|0 fnt
|faint|p1a: Slowking
|-ability|p2a: Big Chill|Chilling Neigh|boost
|-boost|p2a: Big Chill|atk|1
|
|-end|p2a: Big Chill|move: Future Sight
|-damage|p2a: Big Chill|68/100
|upkeep
|
|t:|1743829736
|switch|p1a: Great Tusk|Great Tusk|100/100
|turn|4
|
|t:|1743829746
|move|p2a: Big Chill|Icicle Crash|p1a: Great Tusk
|-supereffective|p1a: Great Tusk
|-damage|p1a: Great Tusk|5/100
|cant|p1a: Great Tusk|flinch
|
|-heal|p1a: Great Tusk|11/100|[from] item: Leftovers
|upkeep
|turn|5
|
|t:|1743829758
|move|p2a: Big Chill|High Horsepower|p1a: Great Tusk
|-damage|p1a: Great Tusk|0 fnt
|faint|p1a: Great Tusk
|-end|p1a: Great Tusk|Protosynthesis|[silent]
|-ability|p2a: Big Chill|Chilling Neigh|boost
|-boost|p2a: Big Chill|atk|1
|
|-fieldend|move: Trick Room
|upkeep
|
|t:|1743829765
|switch|p1a: Dragapult|Dragapult, F|100/100
|turn|6
|
|t:|1743829768
|move|p1a: Dragapult|Dragon Darts|p2a: Big Chill
|-damage|p2a: Big Chill|43/100
|-anim|p1a: Dragapult|Dragon Darts|p2a: Big Chill
|-damage|p2a: Big Chill|16/100
|move|p2a: Big Chill|Icicle Crash|p1a: Dragapult
|-supereffective|p1a: Dragapult
|-damage|p1a: Dragapult|0 fnt
|faint|p1a: Dragapult
|-ability|p2a: Big Chill|Chilling Neigh|boost
|-boost|p2a: Big Chill|atk|1
|
|upkeep
|
|t:|1743829775
|switch|p1a: Iron Valiant|Iron Valiant|100/100
|-enditem|p1a: Iron Valiant|Booster Energy
|-activate|p1a: Iron Valiant|ability: Quark Drive|[fromitem]
|-start|p1a: Iron Valiant|quarkdrivespe
|turn|7
|
|t:|1743829780
|move|p1a: Iron Valiant|Moonblast|p2a: Big Chill
|-damage|p2a: Big Chill|0 fnt
|faint|p2a: Big Chill
|
|upkeep
|
|t:|1743829796
|switch|p2a: Slowking|Slowking-Galar, F|100/100
|turn|8
|
|t:|1743829809
|-terastallize|p1a: Iron Valiant|Fairy
|move|p1a: Iron Valiant|Moonblast|p2a: Slowking
|-resisted|p2a: Slowking
|-damage|p2a: Slowking|77/100
|move|p2a: Slowking|Future Sight|p1a: Iron Valiant
|-start|p2a: Slowking|move: Future Sight
|
|upkeep
|turn|9
|
|t:|1743829816
|move|p1a: Iron Valiant|Shadow Ball|p2a: Slowking
|-supereffective|p2a: Slowking
|-damage|p2a: Slowking|36/100
|move|p2a: Slowking|Trick Room|p2a: Slowking
|-fieldstart|move: Trick Room|[of] p2a: Slowking
|
|upkeep
|turn|10
|
|t:|1743829821
|move|p1a: Iron Valiant|Shadow Ball|p2a: Slowking
|-supereffective|p2a: Slowking
|-damage|p2a: Slowking|0 fnt
|faint|p2a: Slowking
|
|-end|p1a: Iron Valiant|move: Future Sight
|-damage|p1a: Iron Valiant|20/100
|upkeep
|
|t:|1743829830
|switch|p2a: Ursaluna|Ursaluna, M|100/100
|turn|11
|
|t:|1743829836
|move|p2a: Ursaluna|Facade|p1a: Iron Valiant
|-damage|p1a: Iron Valiant|0 fnt
|faint|p1a: Iron Valiant
|-end|p1a: Iron Valiant|Quark Drive|[silent]
|
|-status|p2a: Ursaluna|brn|[from] item: Flame Orb
|upkeep
|
|t:|1743829840
|switch|p1a: Rotom|Rotom-Wash|100/100
|turn|12
|
|t:|1743829850
|move|p2a: Ursaluna|Facade|p1a: Rotom
|-damage|p1a: Rotom|0 fnt
|faint|p1a: Rotom
|
|-damage|p2a: Ursaluna|94/100 brn|[from] brn
|upkeep
|
|t:|1743829854
|switch|p1a: Blaziken|Blaziken, M|100/100
|turn|13
|c|☆stingraygucci|gg
|
|t:|1743829859
|switch|p2a: Landorus|Landorus-Therian, M, shiny|100/100
|-ability|p2a: Landorus|Intimidate|boost
|-unboost|p1a: Blaziken|atk|1
|move|p1a: Blaziken|Protect||[still]
|-fail|p1a: Blaziken
|
|-fieldend|move: Trick Room
|-ability|p1a: Blaziken|Speed Boost|boost
|-boost|p1a: Blaziken|spe|1
|upkeep
|turn|14
|c|☆phonsei|gg
|
|t:|1743829878
|move|p1a: Blaziken|Close Combat|p2a: Landorus
|-resisted|p2a: Landorus
|-damage|p2a: Landorus|81/100
|-unboost|p1a: Blaziken|def|1
|-unboost|p1a: Blaziken|spd|1
|-damage|p1a: Blaziken|84/100|[from] item: Rocky Helmet|[of] p2a: Landorus
|move|p2a: Landorus|Earthquake|p1a: Blaziken
|-supereffective|p1a: Blaziken
|-damage|p1a: Blaziken|0 fnt
|faint|p1a: Blaziken
|
|win|stingraygucci
|raw|phonsei's rating: 1091 &rarr; <strong>1068</strong><br />(-23 for losing)
|raw|stingraygucci's rating: 1098 &rarr; <strong>1123</strong><br />(+25 for winning)
|l|☆stingraygucci
|player|p2|
|l|☆phonsei
|player|p1|
