|j|☆ian_yo
|j|☆m340i owner
|t:|1743892492
|gametype|singles
|player|p1|ian_yo|skier|1456
|player|p2|m340i owner|265|1458
|teamsize|p1|6
|teamsize|p2|6
|gen|9
|tier|[Gen 9] OU
|rated|
|rule|HP Percentage Mod: HP is shown in percentages
|rule|Endless Battle Clause: Forcing endless battles is banned
|rule|Species Clause: Limit one of each Pokémon
|rule|OHKO Clause: OHKO moves are banned
|rule|Evasion Items Clause: Evasion items are banned
|rule|Evasion Moves Clause: Evasion moves are banned
|rule|Sleep Moves Clause: Sleep-inducing moves are banned
|clearpoke
|poke|p1|Torkoal, F|
|poke|p1|Klefki, F|
|poke|p1|Hatterene, F|
|poke|p1|Cresselia, F|
|poke|p1|Rabsca, M|
|poke|p1|Hattrem, F|
|poke|p2|Iron Valiant|
|poke|p2|Lycanroc-Dusk, F|
|poke|p2|Great Tusk|
|poke|p2|Ogerpon-Wellspring, F|
|poke|p2|Dragapult, F|
|poke|p2|Kingambit, M|
|teampreview
|inactive|Battle timer is ON: inactive players will automatically lose when time's up. (requested by ian_yo)
|j| Nosferatwo
|
|t:|1743892516
|start
|switch|p1a: Hattrem|Hattrem, F|100/100
|switch|p2a: Lycanroc|Lycanroc-Dusk, F|100/100
|turn|1
|j| green_ninja103
|c|☆m340i owner|who these people
|inactive|ian_yo has 120 seconds left.
|c| green_ninja103|wsg hattrem user
|c| green_ninja103|W team
|
|t:|1743892573
|move|p2a: Lycanroc|Accelerock|p1a: Hattrem
|-damage|p1a: Hattrem|74/100
|move|p1a: Hattrem|Trick Room|p1a: Hattrem
|-fieldstart|move: Trick Room|[of] p1a: Hattrem
|
|upkeep
|turn|2
|
|t:|1743892581
|move|p2a: Lycanroc|Accelerock|p1a: Hattrem
|-damage|p1a: Hattrem|50/100
|move|p1a: Hattrem|Psychic|p2a: Lycanroc
|-crit|p2a: Lycanroc
|-damage|p2a: Lycanroc|29/100
|
|upkeep
|turn|3
|inactive|ian_yo has 90 seconds left.
|
|t:|1743892608
|move|p2a: Lycanroc|Accelerock|p1a: Hattrem
|-damage|p1a: Hattrem|24/100
|move|p1a: Hattrem|Healing Wish|p1a: Hattrem
|faint|p1a: Hattrem
|
|upkeep
|
|t:|1743892611
|switch|p1a: Torkoal|Torkoal, F|100/100
|-weather|SunnyDay|[from] ability: Drought|[of] p1a: Torkoal
|turn|4
|
|t:|1743892615
|-terastallize|p1a: Torkoal|Fire
|move|p2a: Lycanroc|Accelerock|p1a: Torkoal
|-supereffective|p1a: Torkoal
|-damage|p1a: Torkoal|62/100
|move|p1a: Torkoal|Weather Ball|p2a: Lycanroc
|-resisted|p2a: Lycanroc
|-damage|p2a: Lycanroc|0 fnt
|faint|p2a: Lycanroc
|
|-weather|SunnyDay|[upkeep]
|upkeep
|
|t:|1743892637
|switch|p2a: Dragapult|Dragapult, F|100/100
|turn|5
|
|t:|1743892644
|switch|p1a: Klefki|Klefki, F|100/100
|move|p2a: Dragapult|Shadow Ball|p1a: Klefki
|-damage|p1a: Klefki|43/100
|
|-weather|SunnyDay|[upkeep]
|-fieldend|move: Trick Room
|upkeep
|turn|6
|
|t:|1743892649
|move|p2a: Dragapult|Shadow Ball|p1a: Klefki
|-crit|p1a: Klefki
|-damage|p1a: Klefki|0 fnt
|faint|p1a: Klefki
|
|-weather|SunnyDay|[upkeep]
|upkeep
|
|t:|1743892654
|switch|p1a: Rabsca|Rabsca, M|100/100
|turn|7
|
|t:|1743892681
|move|p2a: Dragapult|Shadow Ball|p1a: Rabsca
|-supereffective|p1a: Rabsca
|-damage|p1a: Rabsca|2/100
|move|p1a: Rabsca|Trick Room|p1a: Rabsca
|-fieldstart|move: Trick Room|[of] p1a: Rabsca
|
|-weather|SunnyDay|[upkeep]
|upkeep
|turn|8
|
|t:|1743892684
|move|p1a: Rabsca|Revival Blessing|p1a: Rabsca
|
|t:|1743892686
|-heal|p1: Klefki|50/100|[from] move: Revival Blessing
|move|p2a: Dragapult|Shadow Ball|p1a: Rabsca
|-supereffective|p1a: Rabsca
|-damage|p1a: Rabsca|0 fnt
|faint|p1a: Rabsca
|
|-weather|none
|upkeep
|
|t:|1743892687
|switch|p1a: Torkoal|Torkoal, F, tera:Fire|62/100
|-heal|p1a: Torkoal|100/100|[from] move: Healing Wish
|-weather|SunnyDay|[from] ability: Drought|[of] p1a: Torkoal
|turn|9
|
|t:|1743892704
|move|p1a: Torkoal|Eruption|p2a: Dragapult
|-resisted|p2a: Dragapult
|-damage|p2a: Dragapult|0 fnt
|faint|p2a: Dragapult
|
|-weather|SunnyDay|[upkeep]
|upkeep
|
|t:|1743892721
|switch|p2a: Kingambit|Kingambit, M|100/100
|-activate|p2a: Kingambit|ability: Supreme Overlord
|-start|p2a: Kingambit|fallen2|[silent]
|turn|10
|
|t:|1743892724
|move|p2a: Kingambit|Sucker Punch|p1a: Torkoal
|-damage|p1a: Torkoal|64/100
|move|p1a: Torkoal|Eruption|p2a: Kingambit
|-supereffective|p2a: Kingambit
|-damage|p2a: Kingambit|0 fnt
|faint|p2a: Kingambit
|-end|p2a: Kingambit|fallen2|[silent]
|
|-weather|SunnyDay|[upkeep]
|upkeep
|
|t:|1743892731
|switch|p2a: Ogerpon|Ogerpon-Wellspring, F|100/100
|turn|11
|
|t:|1743892744
|switch|p1a: Klefki|Klefki, F|50/100
|-terastallize|p2a: Ogerpon|Water
|detailschange|p2a: Ogerpon|Ogerpon-Wellspring-Tera, F, tera:Water
|-ability|p2a: Ogerpon|Embody Aspect (Wellspring)|boost
|-boost|p2a: Ogerpon|spd|1
|move|p2a: Ogerpon|Ivy Cudgel|p1a: Klefki|[anim] Ivy Cudgel Water
|-damage|p1a: Klefki|2/100
|
|-weather|SunnyDay|[upkeep]
|-fieldend|move: Trick Room
|upkeep
|turn|12
|
|t:|1743892750
|move|p1a: Klefki|Spikes|p2a: Ogerpon
|-sidestart|p2: m340i owner|Spikes
|move|p2a: Ogerpon|Horn Leech|p1a: Klefki
|-resisted|p1a: Klefki
|-damage|p1a: Klefki|0 fnt
|faint|p1a: Klefki
|
|-weather|SunnyDay|[upkeep]
|upkeep
|
|t:|1743892752
|switch|p1a: Hatterene|Hatterene, F|100/100
|turn|13
|
|t:|1743892755
|move|p2a: Ogerpon|Ivy Cudgel|p1a: Hatterene|[anim] Ivy Cudgel Water
|-damage|p1a: Hatterene|54/100
|move|p1a: Hatterene|Trick Room|p1a: Hatterene
|-fieldstart|move: Trick Room|[of] p1a: Hatterene
|
|-weather|none
|upkeep
|turn|14
|
|t:|1743892762
|move|p1a: Hatterene|Psyshock|p2a: Ogerpon
|-damage|p2a: Ogerpon|43/100
|move|p2a: Ogerpon|Horn Leech|p1a: Hatterene
|-damage|p1a: Hatterene|6/100
|-heal|p2a: Ogerpon|69/100|[from] drain|[of] p1a: Hatterene
|
|upkeep
|turn|15
|
|t:|1743892772
|move|p1a: Hatterene|Psyshock|p2a: Ogerpon
|-damage|p2a: Ogerpon|8/100
|move|p2a: Ogerpon|Horn Leech|p1a: Hatterene
|-damage|p1a: Hatterene|0 fnt
|-heal|p2a: Ogerpon|10/100|[from] drain|[of] p1a: Hatterene
|faint|p1a: Hatterene
|
|upkeep
|
|t:|1743892782
|switch|p1a: Torkoal|Torkoal, F, tera:Fire|64/100
|-weather|SunnyDay|[from] ability: Drought|[of] p1a: Torkoal
|turn|16
|
|t:|1743892793
|move|p1a: Torkoal|Weather Ball|p2a: Ogerpon
|-resisted|p2a: Ogerpon
|-damage|p2a: Ogerpon|0 fnt
|faint|p2a: Ogerpon
|
|-weather|SunnyDay|[upkeep]
|upkeep
|inactive|m340i owner has 120 seconds left.
|
|t:|1743892839
|switch|p2a: Iron Valiant|Iron Valiant|100/100
|-damage|p2a: Iron Valiant|88/100|[from] Spikes
|-enditem|p2a: Iron Valiant|Booster Energy
|-activate|p2a: Iron Valiant|ability: Quark Drive|[fromitem]
|-start|p2a: Iron Valiant|quarkdrivespe
|turn|17
|
|t:|1743892842
|move|p1a: Torkoal|Weather Ball|p2a: Iron Valiant
|-damage|p2a: Iron Valiant|0 fnt
|faint|p2a: Iron Valiant
|-end|p2a: Iron Valiant|Quark Drive|[silent]
|
|-weather|SunnyDay|[upkeep]
|-fieldend|move: Trick Room
|upkeep
|
|t:|1743892845
|switch|p2a: Great Tusk|Great Tusk|100/100
|-damage|p2a: Great Tusk|88/100|[from] Spikes
|-activate|p2a: Great Tusk|ability: Protosynthesis
|-start|p2a: Great Tusk|protosynthesisatk
|turn|18
|inactive|m340i owner has 120 seconds left.
|
|t:|1743892857
|move|p2a: Great Tusk|Headlong Rush|p1a: Torkoal
|-supereffective|p1a: Torkoal
|-damage|p1a: Torkoal|0 fnt
|-unboost|p2a: Great Tusk|def|1
|-unboost|p2a: Great Tusk|spd|1
|faint|p1a: Torkoal
|
|-weather|SunnyDay|[upkeep]
|upkeep
|
|t:|1743892860
|switch|p1a: Cresselia|Cresselia, F|100/100
|turn|19
|
|t:|1743892862
|move|p2a: Great Tusk|Ice Spinner|p1a: Cresselia
|-damage|p1a: Cresselia|75/100
|move|p1a: Cresselia|Trick Room|p1a: Cresselia
|-fieldstart|move: Trick Room|[of] p1a: Cresselia
|
|-weather|SunnyDay|[upkeep]
|upkeep
|turn|20
|
|t:|1743892869
|move|p1a: Cresselia|Moonblast|p2a: Great Tusk
|-supereffective|p2a: Great Tusk
|-damage|p2a: Great Tusk|9/100
|move|p2a: Great Tusk|Ice Spinner|p1a: Cresselia
|-damage|p1a: Cresselia|47/100
|
|-weather|none
|-end|p2a: Great Tusk|Protosynthesis
|upkeep
|-enditem|p2a: Great Tusk|Booster Energy
|-activate|p2a: Great Tusk|ability: Protosynthesis|[fromitem]
|-start|p2a: Great Tusk|protosynthesisatk
|turn|21
|
|t:|1743892879
|move|p1a: Cresselia|Moonblast|p2a: Great Tusk
|-supereffective|p2a: Great Tusk
|-damage|p2a: Great Tusk|0 fnt
|faint|p2a: Great Tusk
|-end|p2a: Great Tusk|Protosynthesis|[silent]
|
|win|ian_yo
|raw|ian_yo's rating: 1437 &rarr; <strong>1458</strong><br />(+21 for winning)
|raw|m340i owner's rating: 1458 &rarr; <strong>1437</strong><br />(-21 for losing)
|l|☆m340i owner
|player|p2|
|l| green_ninja103
|l|☆ian_yo
|player|p1|
|l| Nosferatwo
