|j|☆YobroYayWhat
|j|☆Thenix12
|t:|1743883771
|gametype|singles
|player|p1|YobroYayWhat|gambler|1254
|player|p2|Thenix12|nurse|1297
|teamsize|p1|6
|teamsize|p2|6
|gen|9
|tier|[Gen 9] OU
|rated|
|rule|HP Percentage Mod: HP is shown in percentages
|rule|Endless Battle Clause: Forcing endless battles is banned
|rule|Species Clause: Limit one of each Pokémon
|rule|OHKO Clause: OHKO moves are banned
|rule|Evasion Items Clause: Evasion items are banned
|rule|Evasion Moves Clause: Evasion moves are banned
|rule|Sleep Moves Clause: Sleep-inducing moves are banned
|clearpoke
|poke|p1|Glimmora, F|
|poke|p1|Dragapult, F|
|poke|p1|Gholdengo|
|poke|p1|Maushold-Four|
|poke|p1|Pecharunt|
|poke|p1|Iron Boulder|
|poke|p2|Emboar, M|
|poke|p2|Cinccino, M|
|poke|p2|Hydrapple, M|
|poke|p2|Iron Crown|
|poke|p2|Basculin-Blue-Striped, M|
|poke|p2|Clodsire, M|
|teampreview
|inactive|Battle timer is ON: inactive players will automatically lose when time's up. (requested by YobroYayWhat)
|
|t:|1743883798
|start
|switch|p1a: Glimmora|Glimmora, F|100/100
|switch|p2a: Basculin|Basculin-Blue-Striped, M|100/100
|turn|1
|
|t:|1743883811
|move|p2a: Basculin|Hydro Pump|p1a: Glimmora
|-supereffective|p1a: Glimmora
|-damage|p1a: Glimmora|0 fnt
|faint|p1a: Glimmora
|
|upkeep
|
|t:|1743883831
|switch|p1a: Gholdengo|Gholdengo, shiny|100/100
|turn|2
|inactive|YobroYayWhat has 120 seconds left.
|
|t:|1743883847
|switch|p2a: Clodsire|Clodsire, M|100/100
|move|p1a: Gholdengo|Make It Rain|p2a: Clodsire
|-damage|p2a: Clodsire|65/100
|-unboost|p1a: Gholdengo|spa|1
|-enditem|p1a: Gholdengo|White Herb
|-clearnegativeboost|p1a: Gholdengo|[silent]
|
|-heal|p2a: Clodsire|71/100|[from] item: Leftovers
|upkeep
|turn|3
|
|t:|1743883858
|move|p1a: Gholdengo|Nasty Plot|p1a: Gholdengo
|-boost|p1a: Gholdengo|spa|2
|move|p2a: Clodsire|Earthquake|p1a: Gholdengo
|-supereffective|p1a: Gholdengo
|-damage|p1a: Gholdengo|41/100
|
|-heal|p2a: Clodsire|77/100|[from] item: Leftovers
|upkeep
|turn|4
|
|t:|1743883872
|move|p1a: Gholdengo|Make It Rain|p2a: Clodsire
|-damage|p2a: Clodsire|42/100
|-unboost|p1a: Gholdengo|spa|1
|move|p2a: Clodsire|Earthquake|p1a: Gholdengo
|-supereffective|p1a: Gholdengo
|-damage|p1a: Gholdengo|0 fnt
|faint|p1a: Gholdengo
|
|-heal|p2a: Clodsire|48/100|[from] item: Leftovers
|upkeep
|inactive|YobroYayWhat has 120 seconds left.
|
|t:|1743883894
|switch|p1a: Iron Boulder|Iron Boulder|100/100
|-enditem|p1a: Iron Boulder|Booster Energy
|-activate|p1a: Iron Boulder|ability: Quark Drive|[fromitem]
|-start|p1a: Iron Boulder|quarkdrivespe
|turn|5
|inactive|YobroYayWhat has 120 seconds left.
|
|t:|1743883906
|switch|p2a: Hydrapple|Hydrapple, M|100/100
|move|p1a: Iron Boulder|Swords Dance|p1a: Iron Boulder
|-boost|p1a: Iron Boulder|atk|2
|
|upkeep
|turn|6
|inactive|YobroYayWhat has 120 seconds left.
|
|t:|1743883916
|move|p1a: Iron Boulder|Mighty Cleave|p2a: Hydrapple
|-damage|p2a: Hydrapple|51/100
|-damage|p1a: Iron Boulder|84/100|[from] item: Rocky Helmet|[of] p2a: Hydrapple
|move|p2a: Hydrapple|Body Press|p1a: Iron Boulder
|-damage|p1a: Iron Boulder|46/100
|
|upkeep
|turn|7
|
|t:|1743883923
|move|p1a: Iron Boulder|Mighty Cleave|p2a: Hydrapple
|-damage|p2a: Hydrapple|0 fnt
|-damage|p1a: Iron Boulder|29/100|[from] item: Rocky Helmet|[of] p2a: Hydrapple
|faint|p2a: Hydrapple
|
|upkeep
|
|t:|1743883929
|switch|p2a: Basculin|Basculin-Blue-Striped, M|100/100
|turn|8
|
|t:|1743883931
|move|p2a: Basculin|Aqua Jet|p1a: Iron Boulder
|-supereffective|p1a: Iron Boulder
|-damage|p1a: Iron Boulder|0 fnt
|faint|p1a: Iron Boulder
|-end|p1a: Iron Boulder|Quark Drive|[silent]
|
|upkeep
|
|t:|1743883950
|switch|p1a: Maushold|Maushold-Four, shiny|100/100
|turn|9
|
|t:|1743883957
|switch|p2a: Clodsire|Clodsire, M|48/100
|move|p1a: Maushold|Population Bomb|p2a: Clodsire
|-damage|p2a: Clodsire|36/100
|-damage|p2a: Clodsire|23/100
|-damage|p2a: Clodsire|11/100
|-damage|p2a: Clodsire|0 fnt
|faint|p2a: Clodsire
|-hitcount|p2: Clodsire|4
|
|upkeep
|
|t:|1743883970
|switch|p2a: Iron Crown|Iron Crown|100/100
|-enditem|p2a: Iron Crown|Booster Energy
|-activate|p2a: Iron Crown|ability: Quark Drive|[fromitem]
|-start|p2a: Iron Crown|quarkdrivespa
|turn|10
|
|t:|1743883989
|move|p1a: Maushold|Population Bomb|p2a: Iron Crown
|-resisted|p2a: Iron Crown
|-damage|p2a: Iron Crown|95/100
|-resisted|p2a: Iron Crown
|-damage|p2a: Iron Crown|89/100
|-resisted|p2a: Iron Crown
|-damage|p2a: Iron Crown|82/100
|-resisted|p2a: Iron Crown
|-damage|p2a: Iron Crown|76/100
|-resisted|p2a: Iron Crown
|-damage|p2a: Iron Crown|70/100
|-resisted|p2a: Iron Crown
|-damage|p2a: Iron Crown|64/100
|-resisted|p2a: Iron Crown
|-damage|p2a: Iron Crown|59/100
|-resisted|p2a: Iron Crown
|-damage|p2a: Iron Crown|53/100
|-resisted|p2a: Iron Crown
|-damage|p2a: Iron Crown|48/100
|-resisted|p2a: Iron Crown
|-damage|p2a: Iron Crown|41/100
|-hitcount|p2a: Iron Crown|10
|move|p2a: Iron Crown|Tachyon Cutter|p1a: Maushold
|-damage|p1a: Maushold|55/100
|-damage|p1a: Maushold|8/100
|-hitcount|p1a: Maushold|2
|
|upkeep
|turn|11
|
|t:|1743884003
|-end|p2a: Iron Crown|Quark Drive|[silent]
|switch|p2a: Cinccino|Cinccino, M|100/100
|move|p1a: Maushold|Population Bomb|p2a: Cinccino
|-damage|p2a: Cinccino|79/100
|-damage|p2a: Cinccino|59/100
|-damage|p2a: Cinccino|41/100
|-damage|p2a: Cinccino|23/100
|-damage|p2a: Cinccino|4/100
|-damage|p2a: Cinccino|0 fnt
|faint|p2a: Cinccino
|-hitcount|p2: Cinccino|6
|
|upkeep
|
|t:|1743884006
|switch|p2a: Basculin|Basculin-Blue-Striped, M|100/100
|turn|12
|
|t:|1743884009
|move|p2a: Basculin|Aqua Jet|p1a: Maushold
|-damage|p1a: Maushold|0 fnt
|faint|p1a: Maushold
|
|upkeep
|
|t:|1743884018
|switch|p1a: Pecharunt|Pecharunt|100/100
|turn|13
|
|t:|1743884021
|switch|p2a: Iron Crown|Iron Crown|41/100
|move|p1a: Pecharunt|Toxic|p2a: Iron Crown
|-immune|p2a: Iron Crown
|
|upkeep
|turn|14
|
|t:|1743884025
|move|p2a: Iron Crown|Psychic|p1a: Pecharunt
|-supereffective|p1a: Pecharunt
|-damage|p1a: Pecharunt|0 fnt
|faint|p1a: Pecharunt
|
|upkeep
|
|t:|1743884029
|switch|p1a: Dragapult|Dragapult, F|100/100
|turn|15
|
|t:|1743884033
|move|p1a: Dragapult|Substitute|p1a: Dragapult
|-start|p1a: Dragapult|Substitute
|-damage|p1a: Dragapult|76/100
|move|p2a: Iron Crown|Tachyon Cutter|p1a: Dragapult
|-end|p1a: Dragapult|Substitute
|-damage|p1a: Dragapult|44/100
|-hitcount|p1a: Dragapult|2
|
|-heal|p1a: Dragapult|50/100|[from] item: Leftovers
|upkeep
|turn|16
|
|t:|1743884048
|move|p1a: Dragapult|Phantom Force||[still]
|-prepare|p1a: Dragapult|Phantom Force
|move|p2a: Iron Crown|Tachyon Cutter|p1a: Dragapult|[miss]
|-miss|p2a: Iron Crown|p1a: Dragapult
|
|-heal|p1a: Dragapult|56/100|[from] item: Leftovers
|upkeep
|turn|17
|
|t:|1743884056
|-terastallize|p2a: Iron Crown|Dark
|move|p1a: Dragapult|Phantom Force|p2a: Iron Crown|[from] lockedmove
|-resisted|p2a: Iron Crown
|-damage|p2a: Iron Crown|15/100
|move|p2a: Iron Crown|Tachyon Cutter|p1a: Dragapult
|-damage|p1a: Dragapult|22/100
|-damage|p1a: Dragapult|0 fnt
|faint|p1a: Dragapult
|-hitcount|p1: Dragapult|2
|
|win|Thenix12
|raw|YobroYayWhat's rating: 1254 &rarr; <strong>1232</strong><br />(-22 for losing)
|raw|Thenix12's rating: 1297 &rarr; <strong>1319</strong><br />(+22 for winning)
|l|☆YobroYayWhat
|player|p1|
|l|☆Thenix12
|player|p2|
