|j|☆4G3NC Teo
|j|☆TheTyranitard
|t:|1743779768
|gametype|singles
|player|p1|4G3NC Teo|psychic|1510
|player|p2|TheTyranitard|hiker-gen4|1514
|teamsize|p1|6
|teamsize|p2|6
|gen|9
|tier|[Gen 9] OU
|rated|
|rule|HP Percentage Mod: HP is shown in percentages
|rule|Endless Battle Clause: Forcing endless battles is banned
|rule|Species Clause: Limit one of each Pokémon
|rule|OHKO Clause: OHKO moves are banned
|rule|Evasion Items Clause: Evasion items are banned
|rule|Evasion Moves Clause: Evasion moves are banned
|rule|Sleep Moves Clause: Sleep-inducing moves are banned
|clearpoke
|poke|p1|Bellossom, F|
|poke|p1|Dragapult, F|
|poke|p1|Great Tusk|
|poke|p1|Kingambit, F|
|poke|p1|Azumarill, M|
|poke|p1|Garganacl, M|
|poke|p2|Ninetales, F|
|poke|p2|Walking Wake|
|poke|p2|Ceruledge, F|
|poke|p2|Scizor, F|
|poke|p2|Great Tusk|
|poke|p2|Hatterene, F|
|teampreview
|inactive|Battle timer is ON: inactive players will automatically lose when time's up. (requested by 4G3NC Teo)
|
|t:|1743779782
|start
|switch|p1a: Ik|Azumarill, M|100/100
|switch|p2a: Ninetales|Ninetales, F|100/100
|-weather|SunnyDay|[from] ability: Drought|[of] p2a: Ninetales
|turn|1
|
|t:|1743779792
|switch|p2a: Hatterene|Hatterene, F|100/100
|move|p1a: Ik|Knock Off|p2a: Hatterene
|-damage|p2a: Hatterene|68/100
|-enditem|p2a: Hatterene|Eject Button|[from] move: Knock Off|[of] p1a: Ik
|
|-weather|SunnyDay|[upkeep]
|upkeep
|turn|2
|
|t:|1743779800
|switch|p1a: Eyesore|Garganacl, M|100/100
|move|p2a: Hatterene|Healing Wish|p2a: Hatterene
|faint|p2a: Hatterene
|
|-weather|SunnyDay|[upkeep]
|upkeep
|
|t:|1743779802
|switch|p2a: Walking Wake|Walking Wake|100/100
|-activate|p2a: Walking Wake|ability: Protosynthesis
|-start|p2a: Walking Wake|protosynthesisspa
|turn|3
|
|t:|1743779809
|move|p1a: Eyesore|Protect|p1a: Eyesore
|-singleturn|p1a: Eyesore|Protect
|move|p2a: Walking Wake|Hydro Steam|p1a: Eyesore
|-activate|p1a: Eyesore|move: Protect
|
|-weather|SunnyDay|[upkeep]
|upkeep
|turn|4
|
|t:|1743779817
|switch|p1a: Ik|Azumarill, M|100/100
|move|p2a: Walking Wake|Hydro Steam|p1a: Ik
|-resisted|p1a: Ik
|-crit|p1a: Ik
|-damage|p1a: Ik|32/100
|
|-weather|SunnyDay|[upkeep]
|upkeep
|turn|5
|
|t:|1743779825
|move|p2a: Walking Wake|Hydro Steam|p1a: Ik
|-resisted|p1a: Ik
|-damage|p1a: Ik|0 fnt
|faint|p1a: Ik
|
|-weather|SunnyDay|[upkeep]
|upkeep
|c|☆4G3NC Teo|insane crit
|
|t:|1743779838
|switch|p1a: Phobie D'impulsion|Dragapult, F|100/100
|turn|6
|
|t:|1743779845
|-terastallize|p2a: Walking Wake|Water
|move|p1a: Phobie D'impulsion|Dragon Darts|p2a: Walking Wake
|-damage|p2a: Walking Wake|77/100
|-anim|p1a: Phobie D'impulsion|Dragon Darts|p2a: Walking Wake
|-damage|p2a: Walking Wake|55/100
|move|p2a: Walking Wake|Hydro Steam|p1a: Phobie D'impulsion
|-resisted|p1a: Phobie D'impulsion
|-damage|p1a: Phobie D'impulsion|0 fnt
|faint|p1a: Phobie D'impulsion
|
|-weather|SunnyDay|[upkeep]
|upkeep
|
|t:|1743779851
|switch|p1a: Handle Me|Kingambit, F|100/100
|-activate|p1a: Handle Me|ability: Supreme Overlord
|-start|p1a: Handle Me|fallen2|[silent]
|turn|7
|
|t:|1743779861
|-end|p2a: Walking Wake|Protosynthesis|[silent]
|switch|p2a: Great Tusk|Great Tusk|100/100
|-activate|p2a: Great Tusk|ability: Protosynthesis
|-start|p2a: Great Tusk|protosynthesisatk
|move|p1a: Handle Me|Sucker Punch||[still]
|-fail|p1a: Handle Me
|
|-weather|SunnyDay|[upkeep]
|upkeep
|turn|8
|
|t:|1743779873
|-end|p1a: Handle Me|fallen2|[silent]
|switch|p1a: Naturale|Bellossom, F|100/100
|move|p2a: Great Tusk|Headlong Rush|p1a: Naturale
|-resisted|p1a: Naturale
|-damage|p1a: Naturale|72/100
|-unboost|p2a: Great Tusk|def|1
|-unboost|p2a: Great Tusk|spd|1
|
|-weather|none
|-end|p2a: Great Tusk|Protosynthesis
|-heal|p1a: Naturale|78/100|[from] item: Leftovers
|upkeep
|turn|9
|
|t:|1743779877
|-end|p2a: Great Tusk|Protosynthesis|[silent]
|switch|p2a: Ninetales|Ninetales, F|100/100
|-weather|SunnyDay|[from] ability: Drought|[of] p2a: Ninetales
|move|p1a: Naturale|Strength Sap|p2a: Ninetales
|-unboost|p2a: Ninetales|atk|1
|-heal|p1a: Naturale|100/100
|
|-weather|SunnyDay|[upkeep]
|upkeep
|turn|10
|
|t:|1743779888
|switch|p2a: Walking Wake|Walking Wake, tera:Water|55/100
|-heal|p2a: Walking Wake|100/100|[from] move: Healing Wish
|-activate|p2a: Walking Wake|ability: Protosynthesis
|-start|p2a: Walking Wake|protosynthesisspa
|switch|p1a: Eyesore|Garganacl, M|100/100
|
|-weather|SunnyDay|[upkeep]
|upkeep
|turn|11
|
|t:|1743779893
|move|p1a: Eyesore|Protect|p1a: Eyesore
|-singleturn|p1a: Eyesore|Protect
|move|p2a: Walking Wake|Hydro Steam|p1a: Eyesore
|-activate|p1a: Eyesore|move: Protect
|
|-weather|SunnyDay|[upkeep]
|upkeep
|turn|12
|
|t:|1743779897
|switch|p1a: Naturale|Bellossom, F|100/100
|move|p2a: Walking Wake|Hydro Steam|p1a: Naturale
|-resisted|p1a: Naturale
|-damage|p1a: Naturale|11/100
|
|-weather|SunnyDay|[upkeep]
|-heal|p1a: Naturale|17/100|[from] item: Leftovers
|upkeep
|turn|13
|
|t:|1743779902
|-end|p2a: Walking Wake|Protosynthesis|[silent]
|switch|p2a: Scizor|Scizor, F|100/100
|move|p1a: Naturale|Giga Drain|p2a: Scizor
|-resisted|p2a: Scizor
|-damage|p2a: Scizor|94/100
|-heal|p1a: Naturale|20/100|[from] drain|[of] p2a: Scizor
|
|-weather|SunnyDay|[upkeep]
|-heal|p1a: Naturale|26/100|[from] item: Leftovers
|upkeep
|turn|14
|
|t:|1743779909
|move|p1a: Naturale|Strength Sap|p2a: Scizor
|-unboost|p2a: Scizor|atk|1
|-heal|p1a: Naturale|100/100
|move|p2a: Scizor|U-turn|p1a: Naturale
|-supereffective|p1a: Naturale
|-damage|p1a: Naturale|46/100
|
|t:|1743779914
|switch|p2a: Ceruledge|Ceruledge, F|100/100|[from] U-turn
|
|-weather|SunnyDay|[upkeep]
|-heal|p1a: Naturale|52/100|[from] item: Leftovers
|upkeep
|turn|15
|
|t:|1743779925
|switch|p1a: Eyesore|Garganacl, M|100/100
|move|p2a: Ceruledge|Bitter Blade|p1a: Eyesore
|-resisted|p1a: Eyesore
|-damage|p1a: Eyesore|76/100
|
|-weather|SunnyDay|[upkeep]
|-heal|p1a: Eyesore|82/100|[from] item: Leftovers
|upkeep
|turn|16
|
|t:|1743779931
|switch|p2a: Ninetales|Ninetales, F|100/100
|move|p1a: Eyesore|Stealth Rock|p2a: Ninetales
|-sidestart|p2: TheTyranitard|move: Stealth Rock
|
|-weather|none
|-heal|p1a: Eyesore|88/100|[from] item: Leftovers
|upkeep
|turn|17
|
|t:|1743779935
|move|p2a: Ninetales|Encore|p1a: Eyesore
|-start|p1a: Eyesore|Encore
|move|p1a: Eyesore|Stealth Rock||[still]
|-fail|p1a: Eyesore
|
|-heal|p1a: Eyesore|95/100|[from] item: Leftovers
|upkeep
|turn|18
|
|t:|1743779959
|switch|p1a: Naturale|Bellossom, F|52/100
|move|p2a: Ninetales|Will-O-Wisp|p1a: Naturale
|-status|p1a: Naturale|brn
|
|-heal|p1a: Naturale|58/100 brn|[from] item: Leftovers
|-damage|p1a: Naturale|52/100 brn|[from] brn
|upkeep
|turn|19
|
|t:|1743779965
|switch|p2a: Scizor|Scizor, F|94/100
|-damage|p2a: Scizor|82/100|[from] Stealth Rock
|move|p1a: Naturale|Strength Sap|p2a: Scizor
|-unboost|p2a: Scizor|atk|1
|-heal|p1a: Naturale|100/100 brn
|
|-damage|p1a: Naturale|94/100 brn|[from] brn
|upkeep
|turn|20
|
|t:|1743779973
|move|p2a: Scizor|U-turn|p1a: Naturale
|-supereffective|p1a: Naturale
|-damage|p1a: Naturale|34/100 brn
|
|t:|1743779976
|switch|p2a: Ninetales|Ninetales, F|100/100|[from] U-turn
|-damage|p2a: Ninetales|76/100|[from] Stealth Rock
|-weather|SunnyDay|[from] ability: Drought|[of] p2a: Ninetales
|move|p1a: Naturale|Tera Blast|p2a: Ninetales
|-damage|p2a: Ninetales|58/100
|
|-weather|SunnyDay|[upkeep]
|-heal|p1a: Naturale|41/100 brn|[from] item: Leftovers
|-damage|p1a: Naturale|34/100 brn|[from] brn
|upkeep
|turn|21
|
|t:|1743779987
|switch|p2a: Ceruledge|Ceruledge, F|100/100
|-damage|p2a: Ceruledge|76/100|[from] Stealth Rock
|move|p1a: Naturale|Strength Sap|p2a: Ceruledge
|-unboost|p2a: Ceruledge|atk|1
|-heal|p1a: Naturale|100/100 brn
|
|-weather|SunnyDay|[upkeep]
|-damage|p1a: Naturale|94/100 brn|[from] brn
|upkeep
|turn|22
|
|t:|1743779994
|switch|p1a: Eyesore|Garganacl, M|95/100
|move|p2a: Ceruledge|Bitter Blade|p1a: Eyesore
|-resisted|p1a: Eyesore
|-crit|p1a: Eyesore
|-damage|p1a: Eyesore|58/100
|-heal|p2a: Ceruledge|99/100|[from] drain|[of] p1a: Eyesore
|
|-weather|SunnyDay|[upkeep]
|-heal|p1a: Eyesore|64/100|[from] item: Leftovers
|upkeep
|turn|23
|
|t:|1743780003
|switch|p2a: Great Tusk|Great Tusk|100/100
|-damage|p2a: Great Tusk|98/100|[from] Stealth Rock
|-activate|p2a: Great Tusk|ability: Protosynthesis
|-start|p2a: Great Tusk|protosynthesisatk
|move|p1a: Eyesore|Salt Cure|p2a: Great Tusk
|-resisted|p2a: Great Tusk
|-damage|p2a: Great Tusk|95/100
|-start|p2a: Great Tusk|Salt Cure
|
|-weather|SunnyDay|[upkeep]
|-heal|p1a: Eyesore|70/100|[from] item: Leftovers
|-damage|p2a: Great Tusk|83/100|[from] Salt Cure
|upkeep
|turn|24
|
|t:|1743780009
|move|p1a: Eyesore|Protect|p1a: Eyesore
|-singleturn|p1a: Eyesore|Protect
|move|p2a: Great Tusk|Bulk Up|p2a: Great Tusk
|-boost|p2a: Great Tusk|atk|1
|-boost|p2a: Great Tusk|def|1
|
|-weather|SunnyDay|[upkeep]
|-heal|p1a: Eyesore|76/100|[from] item: Leftovers
|-damage|p2a: Great Tusk|70/100|[from] Salt Cure
|upkeep
|turn|25
|
|t:|1743780014
|switch|p1a: Naturale|Bellossom, F|94/100 brn
|move|p2a: Great Tusk|Rapid Spin|p1a: Naturale
|-damage|p1a: Naturale|69/100 brn
|-boost|p2a: Great Tusk|spe|1
|-sideend|p2: TheTyranitard|Stealth Rock|[from] move: Rapid Spin|[of] p2a: Great Tusk
|
|-weather|SunnyDay|[upkeep]
|-heal|p1a: Naturale|75/100 brn|[from] item: Leftovers
|-damage|p1a: Naturale|69/100 brn|[from] brn
|-damage|p2a: Great Tusk|58/100|[from] Salt Cure
|upkeep
|turn|26
|
|t:|1743780027
|move|p2a: Great Tusk|Ice Spinner|p1a: Naturale
|-supereffective|p1a: Naturale
|-damage|p1a: Naturale|0 fnt
|faint|p1a: Naturale
|
|-weather|SunnyDay|[upkeep]
|-damage|p2a: Great Tusk|46/100|[from] Salt Cure
|upkeep
|
|t:|1743780039
|switch|p1a: Synopsis|Great Tusk|100/100
|-activate|p1a: Synopsis|ability: Protosynthesis
|-start|p1a: Synopsis|protosynthesisdef
|turn|27
|
|t:|1743780044
|move|p2a: Great Tusk|Ice Spinner|p1a: Synopsis
|-supereffective|p1a: Synopsis
|-damage|p1a: Synopsis|53/100
|move|p1a: Synopsis|Knock Off|p2a: Great Tusk
|-resisted|p2a: Great Tusk
|-damage|p2a: Great Tusk|39/100
|-damage|p1a: Synopsis|36/100|[from] item: Rocky Helmet|[of] p2a: Great Tusk
|-enditem|p2a: Great Tusk|Rocky Helmet|[from] move: Knock Off|[of] p1a: Synopsis
|
|-weather|none
|-end|p2a: Great Tusk|Protosynthesis
|-end|p1a: Synopsis|Protosynthesis
|-damage|p2a: Great Tusk|27/100|[from] Salt Cure
|upkeep
|-enditem|p1a: Synopsis|Booster Energy
|-activate|p1a: Synopsis|ability: Protosynthesis|[fromitem]
|-start|p1a: Synopsis|protosynthesisdef
|turn|28
|
|t:|1743780051
|move|p2a: Great Tusk|Headlong Rush|p1a: Synopsis
|-damage|p1a: Synopsis|0 fnt
|-unboost|p2a: Great Tusk|def|1
|-unboost|p2a: Great Tusk|spd|1
|faint|p1a: Synopsis
|-end|p1a: Synopsis|Protosynthesis|[silent]
|
|-damage|p2a: Great Tusk|14/100|[from] Salt Cure
|upkeep
|
|t:|1743780060
|switch|p1a: Eyesore|Garganacl, M|76/100
|turn|29
|
|t:|1743780064
|move|p1a: Eyesore|Protect|p1a: Eyesore
|-singleturn|p1a: Eyesore|Protect
|move|p2a: Great Tusk|Headlong Rush|p1a: Eyesore
|-activate|p1a: Eyesore|move: Protect
|
|-heal|p1a: Eyesore|83/100|[from] item: Leftovers
|-damage|p2a: Great Tusk|2/100|[from] Salt Cure
|upkeep
|turn|30
|
|t:|1743780073
|move|p1a: Eyesore|Protect||[still]
|-fail|p1a: Eyesore
|move|p2a: Great Tusk|Headlong Rush|p1a: Eyesore
|-supereffective|p1a: Eyesore
|-damage|p1a: Eyesore|0 fnt
|-unboost|p2a: Great Tusk|def|1
|-unboost|p2a: Great Tusk|spd|1
|faint|p1a: Eyesore
|
|-damage|p2a: Great Tusk|0 fnt|[from] Salt Cure
|faint|p2a: Great Tusk
|-end|p2a: Great Tusk|Protosynthesis|[silent]
|upkeep
|
|t:|1743780079
|switch|p2a: Ninetales|Ninetales, F|58/100
|switch|p1a: Handle Me|Kingambit, F|100/100
|-weather|SunnyDay|[from] ability: Drought|[of] p2a: Ninetales
|-activate|p1a: Handle Me|ability: Supreme Overlord
|-start|p1a: Handle Me|fallen5|[silent]
|turn|31
|
|t:|1743780088
|-terastallize|p1a: Handle Me|Dark
|move|p2a: Ninetales|Will-O-Wisp|p1a: Handle Me|[miss]
|-miss|p2a: Ninetales|p1a: Handle Me
|move|p1a: Handle Me|Kowtow Cleave|p2a: Ninetales
|-damage|p2a: Ninetales|0 fnt
|faint|p2a: Ninetales
|
|-weather|SunnyDay|[upkeep]
|upkeep
|
|t:|1743780096
|switch|p2a: Walking Wake|Walking Wake, tera:Water|100/100
|-activate|p2a: Walking Wake|ability: Protosynthesis
|-start|p2a: Walking Wake|protosynthesisspa
|turn|32
|
|t:|1743780098
|move|p1a: Handle Me|Sucker Punch|p2a: Walking Wake
|-damage|p2a: Walking Wake|0 fnt
|faint|p2a: Walking Wake
|-end|p2a: Walking Wake|Protosynthesis|[silent]
|
|-weather|SunnyDay|[upkeep]
|upkeep
|
|t:|1743780100
|switch|p2a: Scizor|Scizor, F|82/100
|turn|33
|
|t:|1743780106
|move|p2a: Scizor|U-turn|p1a: Handle Me
|-supereffective|p1a: Handle Me
|-damage|p1a: Handle Me|16/100
|
|t:|1743780110
|switch|p2a: Ceruledge|Ceruledge, F|99/100|[from] U-turn
|move|p1a: Handle Me|Kowtow Cleave|p2a: Ceruledge
|-supereffective|p2a: Ceruledge
|-damage|p2a: Ceruledge|0 fnt
|faint|p2a: Ceruledge
|
|-weather|SunnyDay|[upkeep]
|upkeep
|
|t:|1743780112
|switch|p2a: Scizor|Scizor, F|82/100
|turn|34
|
|t:|1743780114
|move|p2a: Scizor|Bullet Punch|p1a: Handle Me
|-damage|p1a: Handle Me|0 fnt
|faint|p1a: Handle Me
|-end|p1a: Handle Me|fallen5|[silent]
|
|win|TheTyranitard
|raw|4G3NC Teo's rating: 1510 &rarr; <strong>1490</strong><br />(-20 for losing)
|raw|TheTyranitard's rating: 1514 &rarr; <strong>1534</strong><br />(+20 for winning)
|l|☆4G3NC Teo
|player|p1|
|l|☆TheTyranitard
|player|p2|
