|j|☆Lusty Jove
|j|☆pjkilla
|t:|1743797473
|gametype|singles
|player|p1|Lusty Jove|169|1246
|player|p2|pjkilla|burglar|1210
|teamsize|p1|6
|teamsize|p2|6
|gen|9
|tier|[Gen 9] OU
|rated|
|rule|HP Percentage Mod: HP is shown in percentages
|rule|Endless Battle Clause: Forcing endless battles is banned
|rule|Species Clause: Limit one of each Pokémon
|rule|OHKO Clause: OHKO moves are banned
|rule|Evasion Items Clause: Evasion items are banned
|rule|Evasion Moves Clause: Evasion moves are banned
|rule|Sleep Moves Clause: Sleep-inducing moves are banned
|clearpoke
|poke|p1|Scizor, M|
|poke|p1|Kyurem|
|poke|p1|Zamazenta-*|
|poke|p1|Gliscor, M|
|poke|p1|Iron Valiant|
|poke|p1|Slowking-Galar, F|
|poke|p2|Iron Leaves|
|poke|p2|Samurott-Hisui, M|
|poke|p2|Grimmsnarl, M|
|poke|p2|Iron Crown|
|poke|p2|Conkeldurr, M|
|poke|p2|Gliscor, F|
|teampreview
|inactive|Battle timer is ON: inactive players will automatically lose when time's up. (requested by pjkilla)
|
|t:|1743797496
|start
|switch|p1a: Gliscor|Gliscor, M|100/100
|switch|p2a: Samurott|Samurott-Hisui, M|100/100
|turn|1
|
|t:|1743797504
|switch|p1a: Scizor|Scizor, M|100/100
|move|p2a: Samurott|Ceaseless Edge|p1a: Scizor
|-damage|p1a: Scizor|65/100
|-sidestart|p1: Lusty Jove|Spikes
|
|upkeep
|turn|2
|
|t:|1743797511
|switch|p2a: Gliscor|Gliscor, F|100/100
|move|p1a: Scizor|U-turn|p2a: Gliscor
|-resisted|p2a: Gliscor
|-damage|p2a: Gliscor|81/100
|
|t:|1743797515
|switch|p1a: Gliscor|Gliscor, M|100/100|[from] U-turn
|
|-status|p2a: Gliscor|tox|[from] item: Toxic Orb
|-status|p1a: Gliscor|tox|[from] item: Toxic Orb
|upkeep
|turn|3
|
|t:|1743797518
|move|p2a: Gliscor|Stealth Rock|p1a: Gliscor
|-sidestart|p1: Lusty Jove|move: Stealth Rock
|move|p1a: Gliscor|Spikes|p2a: Gliscor
|-sidestart|p2: pjkilla|Spikes
|
|-heal|p2a: Gliscor|93/100 tox|[from] ability: Poison Heal
|upkeep
|turn|4
|
|t:|1743797528
|switch|p2a: Iron Leaves|Iron Leaves|100/100
|-damage|p2a: Iron Leaves|88/100|[from] Spikes
|-enditem|p2a: Iron Leaves|Booster Energy
|-activate|p2a: Iron Leaves|ability: Quark Drive|[fromitem]
|-start|p2a: Iron Leaves|quarkdrivespe
|move|p1a: Gliscor|Spikes|p2a: Iron Leaves
|-sidestart|p2: pjkilla|Spikes
|
|upkeep
|turn|5
|
|t:|1743797531
|move|p2a: Iron Leaves|Swords Dance|p2a: Iron Leaves
|-boost|p2a: Iron Leaves|atk|2
|move|p1a: Gliscor|Toxic|p2a: Iron Leaves
|-status|p2a: Iron Leaves|tox
|
|-damage|p2a: Iron Leaves|82/100 tox|[from] psn
|upkeep
|turn|6
|
|t:|1743797547
|move|p2a: Iron Leaves|Leaf Blade|p1a: Gliscor
|-damage|p1a: Gliscor|44/100 tox
|move|p1a: Gliscor|Knock Off|p2a: Iron Leaves
|-supereffective|p2a: Iron Leaves
|-damage|p2a: Iron Leaves|53/100 tox
|
|-damage|p2a: Iron Leaves|41/100 tox|[from] psn
|-heal|p1a: Gliscor|56/100 tox|[from] ability: Poison Heal
|upkeep
|turn|7
|
|t:|1743797554
|switch|p1a: Scizor|Scizor, M|65/100
|-damage|p1a: Scizor|53/100|[from] Spikes
|-damage|p1a: Scizor|41/100|[from] Stealth Rock
|move|p2a: Iron Leaves|Leaf Blade|p1a: Scizor
|-resisted|p1a: Scizor
|-crit|p1a: Scizor
|-damage|p1a: Scizor|11/100
|
|-damage|p2a: Iron Leaves|23/100 tox|[from] psn
|upkeep
|turn|8
|
|t:|1743797566
|move|p1a: Scizor|Bullet Punch|p2a: Iron Leaves
|-damage|p2a: Iron Leaves|0 fnt
|faint|p2a: Iron Leaves
|-end|p2a: Iron Leaves|Quark Drive|[silent]
|
|upkeep
|
|t:|1743797570
|switch|p2a: Conkeldurr|Conkeldurr, M|100/100
|-damage|p2a: Conkeldurr|84/100|[from] Spikes
|turn|9
|
|t:|1743797574
|move|p1a: Scizor|Bullet Punch|p2a: Conkeldurr
|-damage|p2a: Conkeldurr|44/100
|move|p2a: Conkeldurr|Mach Punch|p1a: Scizor
|-damage|p1a: Scizor|0 fnt
|faint|p1a: Scizor
|
|-status|p2a: Conkeldurr|brn|[from] item: Flame Orb
|upkeep
|
|t:|1743797578
|switch|p1a: Iron Valiant|Iron Valiant|100/100
|-damage|p1a: Iron Valiant|88/100|[from] Spikes
|-damage|p1a: Iron Valiant|82/100|[from] Stealth Rock
|-enditem|p1a: Iron Valiant|Booster Energy
|-activate|p1a: Iron Valiant|ability: Quark Drive|[fromitem]
|-start|p1a: Iron Valiant|quarkdrivespe
|turn|10
|
|t:|1743797601
|-terastallize|p2a: Conkeldurr|Steel
|move|p1a: Iron Valiant|Calm Mind|p1a: Iron Valiant
|-boost|p1a: Iron Valiant|spa|1
|-boost|p1a: Iron Valiant|spd|1
|move|p2a: Conkeldurr|Facade|p1a: Iron Valiant
|-damage|p1a: Iron Valiant|0 fnt
|faint|p1a: Iron Valiant
|-end|p1a: Iron Valiant|Quark Drive|[silent]
|
|-damage|p2a: Conkeldurr|38/100 brn|[from] brn
|upkeep
|
|t:|1743797614
|switch|p1a: Zamazenta|Zamazenta|100/100
|-damage|p1a: Zamazenta|88/100|[from] Spikes
|-damage|p1a: Zamazenta|82/100|[from] Stealth Rock
|-ability|p1a: Zamazenta|Dauntless Shield|boost
|-boost|p1a: Zamazenta|def|1
|turn|11
|
|t:|1743797619
|switch|p2a: Gliscor|Gliscor, F|93/100 tox
|move|p1a: Zamazenta|Iron Defense|p1a: Zamazenta
|-boost|p1a: Zamazenta|def|2
|
|-heal|p2a: Gliscor|100/100 tox|[from] ability: Poison Heal
|upkeep
|turn|12
|
|t:|1743797627
|move|p1a: Zamazenta|Iron Defense|p1a: Zamazenta
|-boost|p1a: Zamazenta|def|2
|move|p2a: Gliscor|Toxic|p1a: Zamazenta
|-status|p1a: Zamazenta|tox
|
|-damage|p1a: Zamazenta|76/100 tox|[from] psn
|upkeep
|turn|13
|
|t:|1743797636
|move|p1a: Zamazenta|Iron Defense|p1a: Zamazenta
|-boost|p1a: Zamazenta|def|1
|move|p2a: Gliscor|Earthquake|p1a: Zamazenta
|-damage|p1a: Zamazenta|68/100 tox
|
|-damage|p1a: Zamazenta|56/100 tox|[from] psn
|upkeep
|turn|14
|
|t:|1743797640
|move|p1a: Zamazenta|Body Press|p2a: Gliscor
|-resisted|p2a: Gliscor
|-damage|p2a: Gliscor|48/100 tox
|-damage|p1a: Zamazenta|46/100 tox|[from] item: Life Orb
|move|p2a: Gliscor|Earthquake|p1a: Zamazenta
|-damage|p1a: Zamazenta|39/100 tox
|
|-damage|p1a: Zamazenta|20/100 tox|[from] psn
|-heal|p2a: Gliscor|60/100 tox|[from] ability: Poison Heal
|upkeep
|turn|15
|
|t:|1743797643
|move|p2a: Gliscor|Protect|p2a: Gliscor
|-singleturn|p2a: Gliscor|Protect
|move|p1a: Zamazenta|Body Press|p2a: Gliscor
|-activate|p2a: Gliscor|move: Protect
|
|-damage|p1a: Zamazenta|0 fnt|[from] psn
|faint|p1a: Zamazenta
|-heal|p2a: Gliscor|73/100 tox|[from] ability: Poison Heal
|upkeep
|
|t:|1743797646
|switch|p1a: Kyurem|Kyurem|100/100
|-damage|p1a: Kyurem|88/100|[from] Spikes
|-damage|p1a: Kyurem|63/100|[from] Stealth Rock
|-ability|p1a: Kyurem|Pressure
|turn|16
|
|t:|1743797662
|switch|p2a: Grimmsnarl|Grimmsnarl, M|100/100
|-damage|p2a: Grimmsnarl|84/100|[from] Spikes
|move|p1a: Kyurem|Dragon Dance|p1a: Kyurem
|-boost|p1a: Kyurem|atk|1
|-boost|p1a: Kyurem|spe|1
|
|upkeep
|turn|17
|
|t:|1743797668
|move|p2a: Grimmsnarl|Reflect|p2a: Grimmsnarl
|-sidestart|p2: pjkilla|Reflect
|move|p1a: Kyurem|Icicle Spear|p2a: Grimmsnarl
|-damage|p2a: Grimmsnarl|71/100
|-damage|p2a: Grimmsnarl|57/100
|-damage|p2a: Grimmsnarl|42/100
|-damage|p2a: Grimmsnarl|28/100
|-damage|p2a: Grimmsnarl|15/100
|-hitcount|p2a: Grimmsnarl|5
|
|upkeep
|turn|18
|
|t:|1743797678
|move|p2a: Grimmsnarl|Parting Shot|p1a: Kyurem
|-unboost|p1a: Kyurem|atk|1
|-unboost|p1a: Kyurem|spa|1
|
|t:|1743797682
|switch|p2a: Conkeldurr|Conkeldurr, M, tera:Steel|38/100 brn|[from] Parting Shot
|-damage|p2a: Conkeldurr|22/100 brn|[from] Spikes
|move|p1a: Kyurem|Icicle Spear|p2a: Conkeldurr
|-resisted|p2a: Conkeldurr
|-damage|p2a: Conkeldurr|19/100 brn
|-resisted|p2a: Conkeldurr
|-damage|p2a: Conkeldurr|16/100 brn
|-resisted|p2a: Conkeldurr
|-damage|p2a: Conkeldurr|13/100 brn
|-resisted|p2a: Conkeldurr
|-damage|p2a: Conkeldurr|10/100 brn
|-resisted|p2a: Conkeldurr
|-damage|p2a: Conkeldurr|7/100 brn
|-hitcount|p2a: Conkeldurr|5
|
|-damage|p2a: Conkeldurr|1/100 brn|[from] brn
|upkeep
|turn|19
|
|t:|1743797688
|-terastallize|p1a: Kyurem|Fairy
|move|p2a: Conkeldurr|Mach Punch|p1a: Kyurem
|-resisted|p1a: Kyurem
|-damage|p1a: Kyurem|43/100
|move|p1a: Kyurem|Dragon Dance|p1a: Kyurem
|-boost|p1a: Kyurem|atk|1
|-boost|p1a: Kyurem|spe|1
|
|-damage|p2a: Conkeldurr|0 fnt|[from] brn
|faint|p2a: Conkeldurr
|upkeep
|
|t:|1743797694
|switch|p2a: Samurott|Samurott-Hisui, M|100/100
|-damage|p2a: Samurott|84/100|[from] Spikes
|turn|20
|
|t:|1743797698
|move|p1a: Kyurem|Freeze-Dry|p2a: Samurott
|-supereffective|p2a: Samurott
|-damage|p2a: Samurott|22/100
|move|p2a: Samurott|Aqua Cutter|p1a: Kyurem
|-crit|p1a: Kyurem
|-damage|p1a: Kyurem|0 fnt
|faint|p1a: Kyurem
|
|upkeep
|
|t:|1743797703
|switch|p1a: Gliscor|Gliscor, M|56/100 tox
|-damage|p1a: Gliscor|44/100 tox|[from] Stealth Rock
|turn|21
|-message|Lusty Jove forfeited.
|
|win|pjkilla
|raw|Lusty Jove's rating: 1246 &rarr; <strong>1218</strong><br />(-28 for losing)
|raw|pjkilla's rating: 1210 &rarr; <strong>1238</strong><br />(+28 for winning)
|l|☆Lusty Jove
|player|p1|
|l|☆pjkilla
|player|p2|
