|j|‽kingblaze22
|j|☆1Ekans
|t:|1743814675
|gametype|singles
|player|p1|kingblaze22|ghetsis-gen5bw|1226
|player|p2|1Ekans|unknown|1245
|teamsize|p1|6
|teamsize|p2|6
|gen|9
|tier|[Gen 9] OU
|rated|
|rule|HP Percentage Mod: HP is shown in percentages
|rule|Endless Battle Clause: Forcing endless battles is banned
|rule|Species Clause: Limit one of each Pokémon
|rule|OHKO Clause: OHKO moves are banned
|rule|Evasion Items Clause: Evasion items are banned
|rule|Evasion Moves Clause: Evasion moves are banned
|rule|Sleep Moves Clause: Sleep-inducing moves are banned
|clearpoke
|poke|p1|Kyurem|
|poke|p1|Slowking-Galar, M|
|poke|p1|Perrserker, F|
|poke|p1|Zapdos-Galar|
|poke|p1|Weezing-Galar, F|
|poke|p1|Moltres-Galar|
|poke|p2|Walking Wake|
|poke|p2|Meowscarada, M|
|poke|p2|Landorus-Therian, M|
|poke|p2|Hitmonlee, M|
|poke|p2|Slowking-Galar, F|
|poke|p2|Cinderace, M|
|teampreview
|inactive|Battle timer is ON: inactive players will automatically lose when time's up. (requested by 1Ekans)
|
|t:|1743814696
|start
|switch|p1a: Moltres|Moltres-Galar|100/100
|switch|p2a: Meowscarada|Meowscarada, M, shiny|100/100
|turn|1
|
|t:|1743814703
|move|p2a: Meowscarada|Triple Axel|p1a: Moltres
|-start|p2a: Meowscarada|typechange|Ice|[from] ability: Protean
|-supereffective|p1a: Moltres
|-damage|p1a: Moltres|79/100
|-supereffective|p1a: Moltres
|-damage|p1a: Moltres|36/100
|-enditem|p1a: Moltres|Sitrus Berry|[eat]
|-heal|p1a: Moltres|61/100|[from] item: Sitrus Berry
|-supereffective|p1a: Moltres
|-damage|p1a: Moltres|1/100
|-hitcount|p1a: Moltres|3
|-ability|p1a: Moltres|Berserk|boost
|-boost|p1a: Moltres|spa|1
|move|p1a: Moltres|Agility|p1a: Moltres
|-boost|p1a: Moltres|spe|2
|
|upkeep
|turn|2
|
|t:|1743814718
|move|p2a: Meowscarada|Triple Axel|p1a: Moltres
|-supereffective|p1a: Moltres
|-damage|p1a: Moltres|0 fnt
|faint|p1a: Moltres
|-hitcount|p1: Moltres|1
|
|upkeep
|
|t:|1743814726
|switch|p1a: Perrserker|Perrserker, F|100/100
|turn|3
|
|t:|1743814732
|switch|p2a: Landorus|Landorus-Therian, M|100/100
|-ability|p2a: Landorus|Intimidate|boost
|-unboost|p1a: Perrserker|atk|1
|move|p1a: Perrserker|Stealth Rock|p2a: Landorus
|-sidestart|p2: 1Ekans|move: Stealth Rock
|
|upkeep
|turn|4
|
|t:|1743814742
|move|p1a: Perrserker|Fake Out||[still]
|-hint|Fake Out only works on your first turn out.
|-fail|p1a: Perrserker
|move|p2a: Landorus|Stealth Rock|p1a: Perrserker
|-sidestart|p1: kingblaze22|move: Stealth Rock
|
|upkeep
|turn|5
|-message|kingblaze22 forfeited.
|
|win|1Ekans
|raw|kingblaze22's rating: 1226 &rarr; <strong>1202</strong><br />(-24 for losing)
|raw|1Ekans's rating: 1245 &rarr; <strong>1269</strong><br />(+24 for winning)
|l|‽kingblaze22
|player|p1|
|l|☆1Ekans
|player|p2|
