|j|☆oddballfall
|j|☆heatmeatladderin
|t:|1743898625
|gametype|singles
|player|p1|oddballfall|lucas|1401
|player|p2|heatmeatladderin|firebreather|1355
|teamsize|p1|6
|teamsize|p2|6
|gen|9
|tier|[Gen 9] OU
|rated|
|rule|HP Percentage Mod: HP is shown in percentages
|rule|Endless Battle Clause: Forcing endless battles is banned
|rule|Species Clause: Limit one of each Pokémon
|rule|OHKO Clause: OHKO moves are banned
|rule|Evasion Items Clause: Evasion items are banned
|rule|Evasion Moves Clause: Evasion moves are banned
|rule|Sleep Moves Clause: Sleep-inducing moves are banned
|clearpoke
|poke|p1|Ting-Lu|
|poke|p1|Skarmory, F|
|poke|p1|Gholdengo|
|poke|p1|Slowking-Galar, M|
|poke|p1|Weavile, F|
|poke|p1|Salamence, F|
|poke|p2|Lilligant-Hisui, F|
|poke|p2|Araquanid, F|
|poke|p2|Samurott-Hisui, F|
|poke|p2|Iron Treads|
|poke|p2|Necrozma|
|poke|p2|Ceruledge, F|
|teampreview
|inactive|Battle timer is ON: inactive players will automatically lose when time's up. (requested by oddballfall)
|
|t:|1743898649
|start
|switch|p1a: Salamence|Salamence, F|100/100
|switch|p2a: Araquanid|Araquanid, F|100/100
|-ability|p1a: Salamence|Intimidate|boost
|-unboost|p2a: Araquanid|atk|1
|turn|1
|
|t:|1743898665
|move|p1a: Salamence|Dual Wingbeat|p2a: Araquanid
|-supereffective|p2a: Araquanid
|-damage|p2a: Araquanid|52/100
|-supereffective|p2a: Araquanid
|-damage|p2a: Araquanid|6/100
|-hitcount|p2a: Araquanid|2
|move|p2a: Araquanid|Lunge|p1a: Salamence
|-resisted|p1a: Salamence
|-damage|p1a: Salamence|95/100
|-unboost|p1a: Salamence|atk|1
|
|upkeep
|turn|2
|-enditem|p2a: Araquanid|Custap Berry|[eat]
|-activate|p2a: Araquanid|item: Custap Berry|[consumed]
|
|t:|1743898678
|switch|p1a: Gholdengo|Gholdengo|100/100
|-item|p1a: Gholdengo|Air Balloon
|move|p2a: Araquanid|Endeavor|p1a: Gholdengo
|-immune|p1a: Gholdengo
|
|upkeep
|turn|3
|
|t:|1743898690
|move|p1a: Gholdengo|Hex|p2a: Araquanid
|-damage|p2a: Araquanid|0 fnt
|faint|p2a: Araquanid
|
|upkeep
|
|t:|1743898702
|switch|p2a: Samurott|Samurott-Hisui, F|100/100
|turn|4
|
|t:|1743898706
|switch|p1a: Skarmory|Skarmory, F|100/100
|move|p2a: Samurott|Swords Dance|p2a: Samurott
|-boost|p2a: Samurott|atk|2
|
|upkeep
|turn|5
|
|t:|1743898714
|move|p2a: Samurott|Ceaseless Edge|p1a: Skarmory
|-damage|p1a: Skarmory|23/100
|-damage|p2a: Samurott|84/100|[from] item: Rocky Helmet|[of] p1a: Skarmory
|-sidestart|p1: oddballfall|Spikes
|move|p1a: Skarmory|Whirlwind|p2a: Samurott
|drag|p2a: Necrozma|Necrozma|100/100
|
|upkeep
|turn|6
|
|t:|1743898726
|switch|p1a: Ting-Lu|Ting-Lu|100/100
|-ability|p1a: Ting-Lu|Vessel of Ruin
|move|p2a: Necrozma|Meteor Beam||[still]
|-prepare|p2a: Necrozma|Meteor Beam
|-boost|p2a: Necrozma|spa|1
|-enditem|p2a: Necrozma|Power Herb
|-anim|p2a: Necrozma|Meteor Beam|p1a: Ting-Lu
|-resisted|p1a: Ting-Lu
|-damage|p1a: Ting-Lu|88/100
|
|upkeep
|turn|7
|
|t:|1743898738
|move|p2a: Necrozma|Stealth Rock|p1a: Ting-Lu
|-sidestart|p1: oddballfall|move: Stealth Rock
|move|p1a: Ting-Lu|Stealth Rock|p2a: Necrozma
|-sidestart|p2: heatmeatladderin|move: Stealth Rock
|
|upkeep
|turn|8
|
|t:|1743898750
|switch|p2a: Lilligant|Lilligant-Hisui, F|100/100
|-damage|p2a: Lilligant|95/100|[from] Stealth Rock
|move|p1a: Ting-Lu|Ruination|p2a: Lilligant
|-damage|p2a: Lilligant|48/100
|
|upkeep
|turn|9
|
|t:|1743898758
|switch|p1a: Salamence|Salamence, F|95/100
|-ability|p1a: Salamence|Intimidate|boost
|-unboost|p2a: Lilligant|atk|1
|move|p2a: Lilligant|Substitute|p2a: Lilligant
|-start|p2a: Lilligant|Substitute
|-damage|p2a: Lilligant|23/100
|
|upkeep
|turn|10
|
|t:|1743898764
|switch|p2a: Iron Treads|Iron Treads|100/100
|-damage|p2a: Iron Treads|97/100|[from] Stealth Rock
|-enditem|p2a: Iron Treads|Booster Energy
|-activate|p2a: Iron Treads|ability: Quark Drive|[fromitem]
|-start|p2a: Iron Treads|quarkdrivespe
|move|p1a: Salamence|Dual Wingbeat|p2a: Iron Treads
|-resisted|p2a: Iron Treads
|-damage|p2a: Iron Treads|88/100
|-resisted|p2a: Iron Treads
|-damage|p2a: Iron Treads|79/100
|-hitcount|p2a: Iron Treads|2
|
|upkeep
|turn|11
|
|t:|1743898775
|switch|p1a: Skarmory|Skarmory, F|23/100
|-damage|p1a: Skarmory|11/100|[from] Stealth Rock
|move|p2a: Iron Treads|Knock Off|p1a: Skarmory
|-damage|p1a: Skarmory|0 fnt
|-damage|p2a: Iron Treads|62/100|[from] item: Rocky Helmet|[of] p1a: Skarmory
|-enditem|p1a: Skarmory|Rocky Helmet|[from] move: Knock Off|[of] p2a: Iron Treads
|faint|p1a: Skarmory
|
|upkeep
|
|t:|1743898786
|switch|p1a: Gholdengo|Gholdengo|100/100
|-damage|p1a: Gholdengo|94/100|[from] Stealth Rock
|-item|p1a: Gholdengo|Air Balloon
|turn|12
|
|t:|1743898791
|move|p2a: Iron Treads|Knock Off|p1a: Gholdengo
|-supereffective|p1a: Gholdengo
|-damage|p1a: Gholdengo|55/100
|-enditem|p1a: Gholdengo|Air Balloon
|move|p1a: Gholdengo|Hex|p2a: Iron Treads
|-damage|p2a: Iron Treads|19/100
|
|upkeep
|turn|13
|
|t:|1743898805
|-terastallize|p1a: Gholdengo|Fairy
|move|p2a: Iron Treads|Earthquake|p1a: Gholdengo
|-damage|p1a: Gholdengo|23/100
|move|p1a: Gholdengo|Hex|p2a: Iron Treads
|-damage|p2a: Iron Treads|0 fnt
|faint|p2a: Iron Treads
|-end|p2a: Iron Treads|Quark Drive|[silent]
|
|upkeep
|
|t:|1743898824
|switch|p2a: Samurott|Samurott-Hisui, F|84/100
|-damage|p2a: Samurott|72/100|[from] Stealth Rock
|turn|14
|
|t:|1743898834
|move|p2a: Samurott|Ceaseless Edge|p1a: Gholdengo|[miss]
|-miss|p2a: Samurott|p1a: Gholdengo
|move|p1a: Gholdengo|Thunder Wave|p2a: Samurott
|-status|p2a: Samurott|par
|
|upkeep
|turn|15
|
|t:|1743898839
|cant|p2a: Samurott|par
|move|p1a: Gholdengo|Recover|p1a: Gholdengo
|-heal|p1a: Gholdengo|73/100
|
|upkeep
|turn|16
|
|t:|1743898843
|switch|p1a: Salamence|Salamence, F|95/100
|-ability|p1a: Salamence|Intimidate|boost
|-unboost|p2a: Samurott|atk|1
|move|p2a: Samurott|Aqua Cutter|p1a: Salamence
|-resisted|p1a: Salamence
|-damage|p1a: Salamence|80/100
|
|upkeep
|turn|17
|
|t:|1743898850
|move|p2a: Samurott|Swords Dance|p2a: Samurott
|-boost|p2a: Samurott|atk|2
|move|p1a: Salamence|Dragon Tail|p2a: Samurott
|-damage|p2a: Samurott|29/100 par
|drag|p2a: Lilligant|Lilligant-Hisui, F|23/100
|-damage|p2a: Lilligant|17/100|[from] Stealth Rock
|
|upkeep
|turn|18
|
|t:|1743898862
|move|p2a: Lilligant|Tera Blast|p1a: Salamence
|-damage|p1a: Salamence|71/100
|move|p1a: Salamence|Dragon Tail|p2a: Lilligant
|-damage|p2a: Lilligant|0 fnt
|faint|p2a: Lilligant
|
|upkeep
|
|t:|1743898870
|switch|p2a: Necrozma|Necrozma|100/100
|-damage|p2a: Necrozma|88/100|[from] Stealth Rock
|turn|19
|
|t:|1743898875
|switch|p1a: Ting-Lu|Ting-Lu|88/100
|-ability|p1a: Ting-Lu|Vessel of Ruin
|move|p2a: Necrozma|Earth Power|p1a: Ting-Lu
|-damage|p1a: Ting-Lu|74/100
|-unboost|p1a: Ting-Lu|spd|1
|
|upkeep
|turn|20
|
|t:|1743898882
|move|p2a: Necrozma|Meteor Beam||[still]
|-prepare|p2a: Necrozma|Meteor Beam
|-boost|p2a: Necrozma|spa|1
|move|p1a: Ting-Lu|Earthquake|p2a: Necrozma
|-damage|p2a: Necrozma|48/100
|
|upkeep
|turn|21
|
|t:|1743898891
|switch|p1a: Slowking|Slowking-Galar, M|100/100
|move|p2a: Necrozma|Meteor Beam|p1a: Slowking|[from] lockedmove
|-damage|p1a: Slowking|63/100
|
|upkeep
|turn|22
|
|t:|1743898906
|move|p2a: Necrozma|Earth Power|p1a: Slowking
|-supereffective|p1a: Slowking
|-damage|p1a: Slowking|0 fnt
|faint|p1a: Slowking
|
|upkeep
|
|t:|1743898911
|switch|p1a: Weavile|Weavile, F|100/100
|-ability|p1a: Weavile|Pressure
|turn|23
|
|t:|1743898924
|-terastallize|p2a: Necrozma|Ground
|move|p1a: Weavile|Knock Off|p2a: Necrozma
|-damage|p2a: Necrozma|19/100
|move|p2a: Necrozma|Earth Power|p1a: Weavile
|-damage|p1a: Weavile|1/100
|
|upkeep
|turn|24
|
|t:|1743898936
|switch|p2a: Samurott|Samurott-Hisui, F|29/100 par
|-damage|p2a: Samurott|17/100 par|[from] Stealth Rock
|move|p1a: Weavile|Ice Shard|p2a: Samurott
|-resisted|p2a: Samurott
|-damage|p2a: Samurott|3/100 par
|
|upkeep
|turn|25
|
|t:|1743898942
|move|p1a: Weavile|Ice Shard|p2a: Samurott
|-resisted|p2a: Samurott
|-damage|p2a: Samurott|0 fnt
|faint|p2a: Samurott
|
|upkeep
|
|t:|1743898944
|switch|p2a: Ceruledge|Ceruledge, F|100/100
|-damage|p2a: Ceruledge|76/100|[from] Stealth Rock
|turn|26
|
|t:|1743898949
|move|p2a: Ceruledge|Shadow Sneak|p1a: Weavile
|-resisted|p1a: Weavile
|-damage|p1a: Weavile|0 fnt
|faint|p1a: Weavile
|
|upkeep
|
|t:|1743898951
|switch|p1a: Salamence|Salamence, F|71/100
|-ability|p1a: Salamence|Intimidate|boost
|-unboost|p2a: Ceruledge|atk|1
|turn|27
|
|t:|1743898968
|move|p2a: Ceruledge|Bitter Blade|p1a: Salamence
|-resisted|p1a: Salamence
|-damage|p1a: Salamence|56/100
|-heal|p2a: Ceruledge|86/100|[from] drain|[of] p1a: Salamence
|move|p1a: Salamence|Dual Wingbeat|p2a: Ceruledge
|-damage|p2a: Ceruledge|54/100
|-ability|p2a: Ceruledge|Weak Armor|boost
|-unboost|p2a: Ceruledge|def|1
|-boost|p2a: Ceruledge|spe|2
|-damage|p2a: Ceruledge|5/100
|-ability|p2a: Ceruledge|Weak Armor|boost
|-unboost|p2a: Ceruledge|def|1
|-boost|p2a: Ceruledge|spe|2
|-hitcount|p2a: Ceruledge|2
|
|upkeep
|turn|28
|
|t:|1743898982
|move|p2a: Ceruledge|Poltergeist|p1a: Salamence|[miss]
|-miss|p2a: Ceruledge|p1a: Salamence
|move|p1a: Salamence|Earthquake|p2a: Ceruledge
|-supereffective|p2a: Ceruledge
|-damage|p2a: Ceruledge|0 fnt
|faint|p2a: Ceruledge
|
|upkeep
|
|t:|1743898990
|switch|p2a: Necrozma|Necrozma, tera:Ground|19/100
|-damage|p2a: Necrozma|13/100|[from] Stealth Rock
|turn|29
|
|t:|1743898994
|move|p2a: Necrozma|Photon Geyser|p1a: Salamence
|-damage|p1a: Salamence|2/100
|move|p1a: Salamence|Earthquake|p2a: Necrozma
|-damage|p2a: Necrozma|0 fnt
|faint|p2a: Necrozma
|
|win|oddballfall
|raw|oddballfall's rating: 1401 &rarr; <strong>1418</strong><br />(+17 for winning)
|raw|heatmeatladderin's rating: 1355 &rarr; <strong>1338</strong><br />(-17 for losing)
|l|☆heatmeatladderin
|player|p2|
|l|☆oddballfall
|player|p1|
