|j|☆The holiday person
|j|☆bade bunningham
|t:|1743865398
|gametype|singles
|player|p1|The holiday person|volkner|1660
|player|p2|bade bunningham|1|1707
|teamsize|p1|6
|teamsize|p2|6
|gen|9
|tier|[Gen 9] OU
|rated|
|rule|HP Percentage Mod: HP is shown in percentages
|rule|Endless Battle Clause: Forcing endless battles is banned
|rule|Species Clause: Limit one of each Pokémon
|rule|OHKO Clause: OHKO moves are banned
|rule|Evasion Items Clause: Evasion items are banned
|rule|Evasion Moves Clause: Evasion moves are banned
|rule|Sleep Moves Clause: Sleep-inducing moves are banned
|clearpoke
|poke|p1|Yanmega, M|
|poke|p1|Glimmora, F|
|poke|p1|Great Tusk|
|poke|p1|Zamazenta-*|
|poke|p1|Kingambit, M|
|poke|p1|Kyurem|
|poke|p2|Zapdos|
|poke|p2|Iron Crown|
|poke|p2|Garganacl, F|
|poke|p2|Great Tusk|
|poke|p2|Samurott-Hisui, F|
|poke|p2|Dragapult, F|
|teampreview
|
|t:|1743865404
|start
|switch|p1a: Napoleon|Kingambit, M|100/100
|switch|p2a: Iron Crown|Iron Crown|100/100
|turn|1
|inactive|Battle timer is ON: inactive players will automatically lose when time's up. (requested by bade bunningham)
|
|t:|1743865411
|move|p1a: Napoleon|Sucker Punch|p2a: Iron Crown
|-supereffective|p2a: Iron Crown
|-damage|p2a: Iron Crown|0 fnt
|faint|p2a: Iron Crown
|-end|p2a: Iron Crown|Quark Drive|[silent]
|
|upkeep
|
|t:|1743865415
|switch|p2a: Great Tusk|Great Tusk|100/100
|turn|2
|
|t:|1743865420
|-end|p1a: Napoleon|fallenundefined|[silent]
|switch|p1a: Amazing Tusks|Great Tusk|100/100
|move|p2a: Great Tusk|Stealth Rock|p1a: Amazing Tusks
|-sidestart|p1: The holiday person|move: Stealth Rock
|
|upkeep
|turn|3
|
|t:|1743865425
|-end|p2a: Great Tusk|Protosynthesis|[silent]
|switch|p2a: Zapdos|Zapdos|100/100
|move|p1a: Amazing Tusks|Knock Off|p2a: Zapdos
|-damage|p2a: Zapdos|76/100
|-enditem|p2a: Zapdos|Heavy-Duty Boots|[from] move: Knock Off|[of] p1a: Amazing Tusks
|
|upkeep
|turn|4
|
|t:|1743865432
|-end|p1a: Amazing Tusks|Protosynthesis|[silent]
|switch|p1a: Shiny Rock|Glimmora, F, shiny|100/100
|-damage|p1a: Shiny Rock|88/100|[from] Stealth Rock
|move|p2a: Zapdos|Thunder Wave|p1a: Shiny Rock
|-status|p1a: Shiny Rock|par
|
|upkeep
|turn|5
|
|t:|1743865441
|move|p2a: Zapdos|Volt Switch|p1a: Shiny Rock
|-damage|p1a: Shiny Rock|49/100 par
|-enditem|p1a: Shiny Rock|Red Card|[of] p2a: Zapdos
|drag|p2a: Dragapult|Dragapult, F|100/100
|move|p1a: Shiny Rock|Sludge Wave|p2a: Dragapult
|-resisted|p2a: Dragapult
|-damage|p2a: Dragapult|65/100
|
|upkeep
|turn|6
|
|t:|1743865448
|move|p2a: Dragapult|Hex|p1a: Shiny Rock
|-damage|p1a: Shiny Rock|0 fnt
|faint|p1a: Shiny Rock
|
|upkeep
|
|t:|1743865463
|switch|p1a: Bad Posture ahh|Kyurem|100/100
|-damage|p1a: Bad Posture ahh|75/100|[from] Stealth Rock
|-ability|p1a: Bad Posture ahh|Pressure
|turn|7
|j| MiniLarry
|
|t:|1743865478
|-terastallize|p1a: Bad Posture ahh|Fire
|move|p2a: Dragapult|Dragon Darts|p1a: Bad Posture ahh
|-damage|p1a: Bad Posture ahh|55/100
|-anim|p2a: Dragapult|Dragon Darts|p1a: Bad Posture ahh
|-damage|p1a: Bad Posture ahh|35/100
|move|p1a: Bad Posture ahh|Dragon Dance|p1a: Bad Posture ahh
|-boost|p1a: Bad Posture ahh|atk|1
|-boost|p1a: Bad Posture ahh|spe|1
|
|upkeep
|turn|8
|
|t:|1743865498
|switch|p2a: Samurott|Samurott-Hisui, F|100/100
|move|p1a: Bad Posture ahh|Icicle Spear|p2a: Samurott
|-resisted|p2a: Samurott
|-damage|p2a: Samurott|90/100
|-resisted|p2a: Samurott
|-damage|p2a: Samurott|78/100
|-resisted|p2a: Samurott
|-damage|p2a: Samurott|66/100
|-resisted|p2a: Samurott
|-damage|p2a: Samurott|55/100
|-resisted|p2a: Samurott
|-damage|p2a: Samurott|42/100
|-hitcount|p2a: Samurott|5
|
|upkeep
|turn|9
|
|t:|1743865502
|move|p2a: Samurott|Sucker Punch|p1a: Bad Posture ahh
|-damage|p1a: Bad Posture ahh|5/100
|move|p1a: Bad Posture ahh|Icicle Spear|p2a: Samurott
|-resisted|p2a: Samurott
|-damage|p2a: Samurott|30/100
|-resisted|p2a: Samurott
|-damage|p2a: Samurott|18/100
|-resisted|p2a: Samurott
|-damage|p2a: Samurott|6/100
|-resisted|p2a: Samurott
|-damage|p2a: Samurott|0 fnt
|faint|p2a: Samurott
|-hitcount|p2: Samurott|4
|
|upkeep
|
|t:|1743865505
|switch|p2a: Garganacl|Garganacl, F|100/100
|turn|10
|
|t:|1743865515
|move|p1a: Bad Posture ahh|Icicle Spear|p2a: Garganacl
|-damage|p2a: Garganacl|87/100
|-damage|p2a: Garganacl|72/100
|-damage|p2a: Garganacl|56/100
|-damage|p2a: Garganacl|43/100
|-damage|p2a: Garganacl|29/100
|-hitcount|p2a: Garganacl|5
|move|p2a: Garganacl|Curse|p2a: Garganacl
|-unboost|p2a: Garganacl|spe|1
|-boost|p2a: Garganacl|atk|1
|-boost|p2a: Garganacl|def|1
|
|-heal|p2a: Garganacl|35/100|[from] item: Leftovers
|upkeep
|turn|11
|
|t:|1743865523
|-terastallize|p2a: Garganacl|Water
|move|p1a: Bad Posture ahh|Icicle Spear|p2a: Garganacl
|-resisted|p2a: Garganacl
|-damage|p2a: Garganacl|30/100
|-resisted|p2a: Garganacl
|-damage|p2a: Garganacl|25/100
|-resisted|p2a: Garganacl
|-damage|p2a: Garganacl|20/100
|-resisted|p2a: Garganacl
|-crit|p2a: Garganacl
|-damage|p2a: Garganacl|9/100
|-resisted|p2a: Garganacl
|-damage|p2a: Garganacl|3/100
|-hitcount|p2a: Garganacl|5
|move|p2a: Garganacl|Recover|p2a: Garganacl
|-heal|p2a: Garganacl|53/100
|
|-heal|p2a: Garganacl|60/100|[from] item: Leftovers
|upkeep
|turn|12
|
|t:|1743865527
|switch|p1a: Amazing Tusks|Great Tusk|100/100
|move|p2a: Garganacl|Recover|p2a: Garganacl
|-heal|p2a: Garganacl|100/100
|
|upkeep
|turn|13
|
|t:|1743865531
|move|p1a: Amazing Tusks|Rapid Spin|p2a: Garganacl
|-damage|p2a: Garganacl|93/100
|-boost|p1a: Amazing Tusks|spe|1
|-sideend|p1: The holiday person|Stealth Rock|[from] move: Rapid Spin|[of] p1a: Amazing Tusks
|move|p2a: Garganacl|Curse|p2a: Garganacl
|-unboost|p2a: Garganacl|spe|1
|-boost|p2a: Garganacl|atk|1
|-boost|p2a: Garganacl|def|1
|
|-heal|p2a: Garganacl|99/100|[from] item: Leftovers
|upkeep
|turn|14
|
|t:|1743865534
|move|p1a: Amazing Tusks|Knock Off|p2a: Garganacl
|-damage|p2a: Garganacl|89/100
|-enditem|p2a: Garganacl|Leftovers|[from] move: Knock Off|[of] p1a: Amazing Tusks
|move|p2a: Garganacl|Curse|p2a: Garganacl
|-unboost|p2a: Garganacl|spe|1
|-boost|p2a: Garganacl|atk|1
|-boost|p2a: Garganacl|def|1
|
|upkeep
|turn|15
|
|t:|1743865537
|-end|p1a: Amazing Tusks|Protosynthesis|[silent]
|switch|p1a: Zamazazamazenta|Zamazenta|100/100
|-ability|p1a: Zamazazamazenta|Dauntless Shield|boost
|-boost|p1a: Zamazazamazenta|def|1
|move|p2a: Garganacl|Salt Cure|p1a: Zamazazamazenta
|-resisted|p1a: Zamazazamazenta
|-damage|p1a: Zamazazamazenta|92/100
|-start|p1a: Zamazazamazenta|Salt Cure
|
|-heal|p1a: Zamazazamazenta|99/100|[from] item: Leftovers
|-damage|p1a: Zamazazamazenta|86/100|[from] Salt Cure
|upkeep
|turn|16
|
|t:|1743865541
|move|p2a: Garganacl|Curse|p2a: Garganacl
|-unboost|p2a: Garganacl|spe|1
|-boost|p2a: Garganacl|atk|1
|-boost|p2a: Garganacl|def|1
|move|p1a: Zamazazamazenta|Roar|p2a: Garganacl
|drag|p2a: Great Tusk|Great Tusk|100/100
|
|-heal|p1a: Zamazazamazenta|92/100|[from] item: Leftovers
|-damage|p1a: Zamazazamazenta|80/100|[from] Salt Cure
|upkeep
|turn|17
|
|t:|1743865546
|move|p1a: Zamazazamazenta|Body Press|p2a: Great Tusk
|-damage|p2a: Great Tusk|54/100
|-damage|p1a: Zamazazamazenta|64/100|[from] item: Rocky Helmet|[of] p2a: Great Tusk
|move|p2a: Great Tusk|Stealth Rock|p1a: Zamazazamazenta
|-sidestart|p1: The holiday person|move: Stealth Rock
|
|-heal|p1a: Zamazazamazenta|70/100|[from] item: Leftovers
|-damage|p1a: Zamazazamazenta|57/100|[from] Salt Cure
|upkeep
|turn|18
|
|t:|1743865551
|-end|p2a: Great Tusk|Protosynthesis|[silent]
|switch|p2a: Dragapult|Dragapult, F|65/100
|move|p1a: Zamazazamazenta|Body Press|p2a: Dragapult
|-immune|p2a: Dragapult
|
|-heal|p1a: Zamazazamazenta|64/100|[from] item: Leftovers
|-damage|p1a: Zamazazamazenta|51/100|[from] Salt Cure
|upkeep
|turn|19
|
|t:|1743865556
|move|p2a: Dragapult|Hex|p1a: Zamazazamazenta
|-damage|p1a: Zamazazamazenta|28/100
|move|p1a: Zamazazamazenta|Crunch|p2a: Dragapult
|-supereffective|p2a: Dragapult
|-damage|p2a: Dragapult|1/100
|
|-heal|p1a: Zamazazamazenta|34/100|[from] item: Leftovers
|-damage|p1a: Zamazazamazenta|22/100|[from] Salt Cure
|upkeep
|turn|20
|
|t:|1743865560
|move|p2a: Dragapult|Dragon Darts|p1a: Zamazazamazenta
|-damage|p1a: Zamazazamazenta|11/100
|-anim|p2a: Dragapult|Dragon Darts|p1a: Zamazazamazenta
|-damage|p1a: Zamazazamazenta|2/100
|move|p1a: Zamazazamazenta|Crunch|p2a: Dragapult
|-supereffective|p2a: Dragapult
|-damage|p2a: Dragapult|0 fnt
|faint|p2a: Dragapult
|
|-heal|p1a: Zamazazamazenta|8/100|[from] item: Leftovers
|-damage|p1a: Zamazazamazenta|0 fnt|[from] Salt Cure
|faint|p1a: Zamazazamazenta
|upkeep
|
|t:|1743865568
|switch|p2a: Garganacl|Garganacl, F, tera:Water|89/100
|switch|p1a: Amazing Tusks|Great Tusk|100/100
|turn|21
|
|t:|1743865572
|move|p1a: Amazing Tusks|Rapid Spin|p2a: Garganacl
|-damage|p2a: Garganacl|77/100
|-boost|p1a: Amazing Tusks|spe|1
|-sideend|p1: The holiday person|Stealth Rock|[from] move: Rapid Spin|[of] p1a: Amazing Tusks
|move|p2a: Garganacl|Curse|p2a: Garganacl
|-unboost|p2a: Garganacl|spe|1
|-boost|p2a: Garganacl|atk|1
|-boost|p2a: Garganacl|def|1
|
|upkeep
|turn|22
|
|t:|1743865576
|-end|p1a: Amazing Tusks|Protosynthesis|[silent]
|switch|p1a: The Only Mega|Yanmega, M|100/100
|move|p2a: Garganacl|Recover|p2a: Garganacl
|-heal|p2a: Garganacl|100/100
|
|upkeep
|turn|23
|
|t:|1743865578
|move|p1a: The Only Mega|Bug Buzz|p2a: Garganacl
|-damage|p2a: Garganacl|69/100
|-enditem|p1a: The Only Mega|Throat Spray
|-boost|p1a: The Only Mega|spa|1|[from] item: Throat Spray
|move|p2a: Garganacl|Salt Cure|p1a: The Only Mega
|-supereffective|p1a: The Only Mega
|-damage|p1a: The Only Mega|0 fnt
|faint|p1a: The Only Mega
|
|upkeep
|
|t:|1743865587
|switch|p1a: Napoleon|Kingambit, M|100/100
|-activate|p1a: Napoleon|ability: Supreme Overlord
|-start|p1a: Napoleon|fallen3|[silent]
|turn|24
|
|t:|1743865591
|move|p1a: Napoleon|Kowtow Cleave|p2a: Garganacl
|-damage|p2a: Garganacl|33/100
|move|p2a: Garganacl|Salt Cure|p1a: Napoleon
|-resisted|p1a: Napoleon
|-damage|p1a: Napoleon|92/100
|-start|p1a: Napoleon|Salt Cure
|
|-damage|p1a: Napoleon|67/100|[from] Salt Cure
|upkeep
|turn|25
|
|t:|1743865599
|switch|p2a: Great Tusk|Great Tusk|54/100
|move|p1a: Napoleon|Kowtow Cleave|p2a: Great Tusk
|-resisted|p2a: Great Tusk
|-damage|p2a: Great Tusk|27/100
|-damage|p1a: Napoleon|51/100|[from] item: Rocky Helmet|[of] p2a: Great Tusk
|
|-damage|p1a: Napoleon|26/100|[from] Salt Cure
|upkeep
|turn|26
|
|t:|1743865607
|-end|p1a: Napoleon|fallen3|[silent]
|switch|p1a: Amazing Tusks|Great Tusk|100/100
|move|p2a: Great Tusk|Stealth Rock|p1a: Amazing Tusks
|-sidestart|p1: The holiday person|move: Stealth Rock
|
|upkeep
|turn|27
|
|t:|1743865616
|-end|p2a: Great Tusk|Protosynthesis|[silent]
|switch|p2a: Zapdos|Zapdos|76/100
|move|p1a: Amazing Tusks|Rapid Spin|p2a: Zapdos
|-damage|p2a: Zapdos|65/100
|-boost|p1a: Amazing Tusks|spe|1
|-sideend|p1: The holiday person|Stealth Rock|[from] move: Rapid Spin|[of] p1a: Amazing Tusks
|
|upkeep
|turn|28
|
|t:|1743865626
|move|p1a: Amazing Tusks|Ice Spinner|p2a: Zapdos
|-supereffective|p2a: Zapdos
|-damage|p2a: Zapdos|27/100
|move|p2a: Zapdos|Roost|p2a: Zapdos
|-heal|p2a: Zapdos|77/100
|-singleturn|p2a: Zapdos|move: Roost
|
|upkeep
|turn|29
|
|t:|1743865639
|move|p1a: Amazing Tusks|Ice Spinner|p2a: Zapdos
|-supereffective|p2a: Zapdos
|-damage|p2a: Zapdos|37/100
|move|p2a: Zapdos|Roost|p2a: Zapdos
|-heal|p2a: Zapdos|87/100
|-singleturn|p2a: Zapdos|move: Roost
|
|upkeep
|turn|30
|j| koraidrone
|
|t:|1743865659
|move|p1a: Amazing Tusks|Ice Spinner|p2a: Zapdos
|-supereffective|p2a: Zapdos
|-damage|p2a: Zapdos|50/100
|move|p2a: Zapdos|Roost|p2a: Zapdos
|-heal|p2a: Zapdos|99/100
|-singleturn|p2a: Zapdos|move: Roost
|
|upkeep
|turn|31
|
|t:|1743865669
|move|p1a: Amazing Tusks|Ice Spinner|p2a: Zapdos
|-supereffective|p2a: Zapdos
|-damage|p2a: Zapdos|60/100
|move|p2a: Zapdos|Volt Switch|p1a: Amazing Tusks
|-immune|p1a: Amazing Tusks
|
|upkeep
|turn|32
|
|t:|1743865673
|move|p1a: Amazing Tusks|Ice Spinner|p2a: Zapdos
|-supereffective|p2a: Zapdos
|-damage|p2a: Zapdos|23/100
|move|p2a: Zapdos|Roost|p2a: Zapdos
|-heal|p2a: Zapdos|73/100
|-singleturn|p2a: Zapdos|move: Roost
|
|upkeep
|turn|33
|
|t:|1743865679
|move|p1a: Amazing Tusks|Ice Spinner|p2a: Zapdos
|-supereffective|p2a: Zapdos
|-damage|p2a: Zapdos|36/100
|move|p2a: Zapdos|Roost|p2a: Zapdos
|-heal|p2a: Zapdos|86/100
|-singleturn|p2a: Zapdos|move: Roost
|
|upkeep
|turn|34
|
|t:|1743865689
|move|p1a: Amazing Tusks|Ice Spinner|p2a: Zapdos
|-supereffective|p2a: Zapdos
|-damage|p2a: Zapdos|46/100
|move|p2a: Zapdos|Roost|p2a: Zapdos
|-heal|p2a: Zapdos|96/100
|-singleturn|p2a: Zapdos|move: Roost
|
|upkeep
|turn|35
|
|t:|1743865696
|move|p1a: Amazing Tusks|Ice Spinner|p2a: Zapdos
|-supereffective|p2a: Zapdos
|-damage|p2a: Zapdos|55/100
|move|p2a: Zapdos|Hurricane|p1a: Amazing Tusks
|-supereffective|p1a: Amazing Tusks
|-damage|p1a: Amazing Tusks|0 fnt
|faint|p1a: Amazing Tusks
|-end|p1a: Amazing Tusks|Protosynthesis|[silent]
|
|upkeep
|
|t:|1743865702
|switch|p1a: Bad Posture ahh|Kyurem, tera:Fire|5/100
|-ability|p1a: Bad Posture ahh|Pressure
|turn|36
|
|t:|1743865706
|move|p1a: Bad Posture ahh|Icicle Spear|p2a: Zapdos
|-supereffective|p2a: Zapdos
|-damage|p2a: Zapdos|34/100
|-supereffective|p2a: Zapdos
|-damage|p2a: Zapdos|14/100
|-supereffective|p2a: Zapdos
|-damage|p2a: Zapdos|0 fnt
|faint|p2a: Zapdos
|-hitcount|p2: Zapdos|3
|
|upkeep
|
|t:|1743865709
|switch|p2a: Garganacl|Garganacl, F, tera:Water|33/100
|turn|37
|
|t:|1743865715
|move|p1a: Bad Posture ahh|Scale Shot|p2a: Garganacl
|-damage|p2a: Garganacl|23/100
|-damage|p2a: Garganacl|13/100
|-damage|p2a: Garganacl|2/100
|-damage|p2a: Garganacl|0 fnt
|faint|p2a: Garganacl
|-hitcount|p2: Garganacl|4
|-unboost|p1a: Bad Posture ahh|def|1
|-boost|p1a: Bad Posture ahh|spe|1
|
|upkeep
|-message|bade bunningham forfeited.
|
|win|The holiday person
|raw|The holiday person's rating: 1660 &rarr; <strong>1683</strong><br />(+23 for winning)
|raw|bade bunningham's rating: 1707 &rarr; <strong>1684</strong><br />(-23 for losing)
|l|☆bade bunningham
|player|p2|
|c|☆The holiday person|gg
|l|☆The holiday person
|player|p1|
|l| MiniLarry
|l| koraidrone
