|j|☆nosenomeables
|j|‽jlce
|t:|1743900737
|gametype|singles
|player|p1|nosenomeables|1|1149
|player|p2|jlce|102|1203
|teamsize|p1|6
|teamsize|p2|6
|gen|9
|tier|[Gen 9] OU
|rated|
|rule|HP Percentage Mod: HP is shown in percentages
|rule|Endless Battle Clause: Forcing endless battles is banned
|rule|Species Clause: Limit one of each Pokémon
|rule|OHKO Clause: OHKO moves are banned
|rule|Evasion Items Clause: Evasion items are banned
|rule|Evasion Moves Clause: Evasion moves are banned
|rule|Sleep Moves Clause: Sleep-inducing moves are banned
|clearpoke
|poke|p1|Palossand, M|
|poke|p1|Clefable, M|
|poke|p1|Grimmsnarl, M|
|poke|p1|Regidrago|
|poke|p1|Munkidori, M|
|poke|p1|Hawlucha, M|
|poke|p2|Pawmot, M|
|poke|p2|Smeargle, M|
|poke|p2|Samurott-Hisui, M|
|poke|p2|Skeledirge, F|
|poke|p2|Sinistcha|
|poke|p2|Arcanine-Hisui, F|
|teampreview
|
|t:|1743900746
|start
|switch|p1a: Regidrago|Regidrago|100/100
|switch|p2a: Samurott|Samurott-Hisui, M|100/100
|turn|1
|
|t:|1743900749
|move|p1a: Regidrago|Dragon Energy|p2a: Samurott
|-enditem|p2a: Samurott|Focus Sash
|-damage|p2a: Samurott|1/100
|move|p2a: Samurott|Ceaseless Edge|p1a: Regidrago|[miss]
|-miss|p2a: Samurott|p1a: Regidrago
|
|upkeep
|turn|2
|
|t:|1743900755
|move|p2a: Samurott|Sucker Punch|p1a: Regidrago
|-damage|p1a: Regidrago|54/100
|move|p1a: Regidrago|Dragon Energy|p2a: Samurott
|-damage|p2a: Samurott|0 fnt
|faint|p2a: Samurott
|
|upkeep
|
|t:|1743900758
|switch|p2a: Smeargle|Smeargle, M|100/100
|turn|3
|
|t:|1743900761
|move|p1a: Regidrago|Dragon Energy|p2a: Smeargle
|-enditem|p2a: Smeargle|Focus Sash
|-damage|p2a: Smeargle|1/100
|move|p2a: Smeargle|Nuzzle|p1a: Regidrago
|-resisted|p1a: Regidrago
|-damage|p1a: Regidrago|53/100
|-status|p1a: Regidrago|par
|
|upkeep
|turn|4
|
|t:|1743900769
|move|p2a: Smeargle|Sticky Web|p1a: Regidrago
|-sidestart|p1: nosenomeables|move: Sticky Web
|move|p1a: Regidrago|Dragon Energy|p2a: Smeargle
|-damage|p2a: Smeargle|0 fnt
|faint|p2a: Smeargle
|
|upkeep
|
|t:|1743900772
|switch|p2a: Arcanine|Arcanine-Hisui, F|100/100
|turn|5
|
|t:|1743900774
|move|p2a: Arcanine|Flame Charge|p1a: Regidrago
|-resisted|p1a: Regidrago
|-damage|p1a: Regidrago|38/100 par
|-boost|p2a: Arcanine|spe|1
|cant|p1a: Regidrago|par
|
|upkeep
|turn|6
|
|t:|1743900781
|move|p2a: Arcanine|Head Smash|p1a: Regidrago
|-damage|p1a: Regidrago|0 fnt
|faint|p1a: Regidrago
|
|upkeep
|
|t:|1743900802
|switch|p1a: Clefable|Clefable, M|100/100
|-activate|p1a: Clefable|move: Sticky Web
|-unboost|p1a: Clefable|spe|1
|turn|7
|
|t:|1743900809
|move|p2a: Arcanine|Head Smash|p1a: Clefable
|-damage|p1a: Clefable|23/100
|move|p1a: Clefable|Wish|p1a: Clefable
|
|-heal|p1a: Clefable|29/100|[from] item: Leftovers
|upkeep
|turn|8
|
|t:|1743900816
|switch|p1a: Palossand|Palossand, M|100/100
|-activate|p1a: Palossand|move: Sticky Web
|-unboost|p1a: Palossand|spe|1
|move|p2a: Arcanine|Flare Blitz|p1a: Palossand
|-damage|p1a: Palossand|59/100
|
|-heal|p1a: Palossand|100/100|[from] move: Wish|[wisher] Clefable
|upkeep
|turn|9
|
|t:|1743900829
|switch|p2a: Sinistcha|Sinistcha|100/100
|move|p1a: Palossand|Trick|p2a: Sinistcha
|-activate|p1a: Palossand|move: Trick|[of] p2a: Sinistcha
|-item|p2a: Sinistcha|Choice Scarf|[from] move: Trick
|-item|p1a: Palossand|Leftovers|[from] move: Trick
|
|upkeep
|turn|10
|
|t:|1743900848
|switch|p1a: Clefable|Clefable, M|29/100
|-activate|p1a: Clefable|move: Sticky Web
|-unboost|p1a: Clefable|spe|1
|move|p2a: Sinistcha|Stun Spore|p1a: Clefable
|-status|p1a: Clefable|par
|
|-heal|p1a: Clefable|35/100 par|[from] item: Leftovers
|upkeep
|turn|11
|
|t:|1743900862
|switch|p2a: Skeledirge|Skeledirge, F|100/100
|cant|p1a: Clefable|par
|
|-heal|p1a: Clefable|41/100 par|[from] item: Leftovers
|upkeep
|turn|12
|
|t:|1743900871
|switch|p1a: Hawlucha|Hawlucha, M|100/100
|-ability|p1a: Hawlucha|Mold Breaker
|move|p2a: Skeledirge|Torch Song|p1a: Hawlucha
|-damage|p1a: Hawlucha|51/100
|-boost|p2a: Skeledirge|spa|1
|
|upkeep
|turn|13
|
|t:|1743900878
|move|p1a: Hawlucha|Defog|p2a: Skeledirge
|-unboost|p2a: Skeledirge|evasion|1
|-sideend|p1: nosenomeables|Sticky Web|[from] move: Defog|[of] p1a: Hawlucha
|move|p2a: Skeledirge|Will-O-Wisp|p1a: Hawlucha
|-status|p1a: Hawlucha|brn
|
|-damage|p1a: Hawlucha|45/100 brn|[from] brn
|upkeep
|turn|14
|
|t:|1743900883
|move|p1a: Hawlucha|Throat Chop|p2a: Skeledirge
|-supereffective|p2a: Skeledirge
|-crit|p2a: Skeledirge
|-damage|p2a: Skeledirge|73/100
|-start|p2a: Skeledirge|Throat Chop|[silent]
|cant|p2a: Skeledirge|move: Throat Chop
|
|-damage|p1a: Hawlucha|39/100 brn|[from] brn
|upkeep
|turn|15
|
|t:|1743900892
|move|p1a: Hawlucha|Throat Chop|p2a: Skeledirge
|-supereffective|p2a: Skeledirge
|-damage|p2a: Skeledirge|56/100
|move|p2a: Skeledirge|Slack Off|p2a: Skeledirge
|-heal|p2a: Skeledirge|100/100
|
|-damage|p1a: Hawlucha|32/100 brn|[from] brn
|-end|p2a: Skeledirge|Throat Chop|[silent]
|upkeep
|turn|16
|
|t:|1743900897
|move|p1a: Hawlucha|Throat Chop|p2a: Skeledirge
|-supereffective|p2a: Skeledirge
|-damage|p2a: Skeledirge|83/100
|-start|p2a: Skeledirge|Throat Chop|[silent]
|move|p2a: Skeledirge|Hex|p1a: Hawlucha
|-damage|p1a: Hawlucha|0 fnt
|faint|p1a: Hawlucha
|
|upkeep
|
|t:|1743900900
|switch|p1a: Munkidori|Munkidori, M|100/100
|-item|p2a: Skeledirge|Heavy-Duty Boots|[from] ability: Frisk|[of] p1a: Munkidori
|turn|17
|
|t:|1743900908
|move|p1a: Munkidori|Trick|p2a: Skeledirge
|-activate|p1a: Munkidori|move: Trick|[of] p2a: Skeledirge
|-item|p2a: Skeledirge|Choice Scarf|[from] move: Trick
|-item|p1a: Munkidori|Heavy-Duty Boots|[from] move: Trick
|move|p2a: Skeledirge|Will-O-Wisp|p1a: Munkidori
|-status|p1a: Munkidori|brn
|
|-damage|p1a: Munkidori|95/100 brn|[from] brn
|-end|p2a: Skeledirge|Throat Chop|[silent]
|upkeep
|turn|18
|
|t:|1743900915
|switch|p2a: Arcanine|Arcanine-Hisui, F|100/100
|move|p1a: Munkidori|Psychic|p2a: Arcanine
|-damage|p2a: Arcanine|43/100
|-unboost|p2a: Arcanine|spd|1
|
|-damage|p1a: Munkidori|89/100 brn|[from] brn
|upkeep
|turn|19
|
|t:|1743900921
|switch|p2a: Skeledirge|Skeledirge, F|83/100
|move|p1a: Munkidori|Psychic|p2a: Skeledirge
|-damage|p2a: Skeledirge|51/100
|-unboost|p2a: Skeledirge|spd|1
|
|-damage|p1a: Munkidori|83/100 brn|[from] brn
|upkeep
|turn|20
|
|t:|1743900926
|switch|p1a: Clefable|Clefable, M|41/100 par
|move|p2a: Skeledirge|Hex|p1a: Clefable
|-damage|p1a: Clefable|0 fnt
|faint|p1a: Clefable
|
|upkeep
|
|t:|1743900931
|switch|p1a: Grimmsnarl|Grimmsnarl, M|100/100
|turn|21
|
|t:|1743900935
|switch|p2a: Sinistcha|Sinistcha|100/100
|move|p1a: Grimmsnarl|Substitute|p1a: Grimmsnarl
|-start|p1a: Grimmsnarl|Substitute
|-damage|p1a: Grimmsnarl|76/100
|
|-heal|p1a: Grimmsnarl|82/100|[from] item: Leftovers
|upkeep
|turn|22
|
|t:|1743900946
|move|p1a: Grimmsnarl|Bulk Up|p1a: Grimmsnarl
|-boost|p1a: Grimmsnarl|atk|1
|-boost|p1a: Grimmsnarl|def|1
|move|p2a: Sinistcha|Matcha Gotcha|p1a: Grimmsnarl
|-end|p1a: Grimmsnarl|Substitute
|
|-heal|p1a: Grimmsnarl|88/100|[from] item: Leftovers
|upkeep
|turn|23
|
|t:|1743900955
|move|p1a: Grimmsnarl|Sucker Punch|p2a: Sinistcha
|-supereffective|p2a: Sinistcha
|-damage|p2a: Sinistcha|22/100
|move|p2a: Sinistcha|Matcha Gotcha|p1a: Grimmsnarl
|-damage|p1a: Grimmsnarl|52/100
|-heal|p2a: Sinistcha|43/100|[from] drain|[of] p1a: Grimmsnarl
|
|-heal|p1a: Grimmsnarl|58/100|[from] item: Leftovers
|upkeep
|turn|24
|
|t:|1743900971
|-terastallize|p2a: Sinistcha|Grass
|move|p1a: Grimmsnarl|Substitute|p1a: Grimmsnarl
|-start|p1a: Grimmsnarl|Substitute
|-damage|p1a: Grimmsnarl|33/100
|move|p2a: Sinistcha|Matcha Gotcha|p1a: Grimmsnarl
|-crit|p1a: Grimmsnarl
|-end|p1a: Grimmsnarl|Substitute
|-heal|p2a: Sinistcha|57/100|[from] drain|[of] p1a: Grimmsnarl
|
|-heal|p1a: Grimmsnarl|39/100|[from] item: Leftovers
|upkeep
|turn|25
|
|t:|1743900979
|move|p2a: Sinistcha|Matcha Gotcha|p1a: Grimmsnarl
|-damage|p1a: Grimmsnarl|0 fnt
|-heal|p2a: Sinistcha|79/100|[from] drain|[of] p1a: Grimmsnarl
|faint|p1a: Grimmsnarl
|
|upkeep
|
|t:|1743900985
|switch|p1a: Munkidori|Munkidori, M|83/100 brn
|-item|p2a: Sinistcha|Choice Scarf|[from] ability: Frisk|[of] p1a: Munkidori
|turn|26
|
|t:|1743900991
|switch|p2a: Skeledirge|Skeledirge, F|51/100
|move|p1a: Munkidori|Sludge Wave|p2a: Skeledirge
|-resisted|p2a: Skeledirge
|-damage|p2a: Skeledirge|33/100
|
|-damage|p1a: Munkidori|77/100 brn|[from] brn
|upkeep
|turn|27
|
|t:|1743900999
|move|p1a: Munkidori|Psychic|p2a: Skeledirge
|-damage|p2a: Skeledirge|0 fnt
|faint|p2a: Skeledirge
|
|-damage|p1a: Munkidori|71/100 brn|[from] brn
|upkeep
|
|t:|1743901009
|switch|p2a: Sinistcha|Sinistcha, tera:Grass|79/100
|turn|28
|
|t:|1743901013
|move|p1a: Munkidori|Sludge Wave|p2a: Sinistcha
|-supereffective|p2a: Sinistcha
|-damage|p2a: Sinistcha|0 fnt
|faint|p2a: Sinistcha
|
|-damage|p1a: Munkidori|65/100 brn|[from] brn
|upkeep
|
|t:|1743901016
|switch|p2a: Arcanine|Arcanine-Hisui, F|43/100
|turn|29
|
|t:|1743901021
|move|p2a: Arcanine|Extreme Speed|p1a: Munkidori
|-damage|p1a: Munkidori|20/100 brn
|move|p1a: Munkidori|Psychic|p2a: Arcanine
|-damage|p2a: Arcanine|0 fnt
|faint|p2a: Arcanine
|
|-damage|p1a: Munkidori|14/100 brn|[from] brn
|upkeep
|
|t:|1743901024
|switch|p2a: Pawmot|Pawmot, M|100/100
|turn|30
|
|t:|1743901032
|move|p2a: Pawmot|Revival Blessing|p2a: Pawmot
|-enditem|p2a: Pawmot|Leppa Berry|[eat]
|-activate|p2a: Pawmot|item: Leppa Berry|Revival Blessing|[consumed]
|
|t:|1743901039
|-heal|p2: Samurott|50/100|[from] move: Revival Blessing
|move|p1a: Munkidori|Psychic|p2a: Pawmot
|-supereffective|p2a: Pawmot
|-damage|p2a: Pawmot|0 fnt
|faint|p2a: Pawmot
|
|-damage|p1a: Munkidori|8/100 brn|[from] brn
|upkeep
|
|t:|1743901041
|switch|p2a: Samurott|Samurott-Hisui, M|50/100
|turn|31
|
|t:|1743901046
|switch|p1a: Palossand|Palossand, M|100/100
|move|p2a: Samurott|Sucker Punch||[still]
|-fail|p2a: Samurott
|
|upkeep
|turn|32
|
|t:|1743901052
|move|p2a: Samurott|Ceaseless Edge|p1a: Palossand
|-supereffective|p1a: Palossand
|-damage|p1a: Palossand|38/100
|-sidestart|p1: nosenomeables|Spikes
|move|p1a: Palossand|Curse|p2a: Samurott
|-start|p2a: Samurott|Curse|[of] p1a: Palossand
|-damage|p1a: Palossand|0 fnt
|faint|p1a: Palossand
|
|-damage|p2a: Samurott|25/100|[from] Curse
|upkeep
|-message|nosenomeables forfeited.
|
|win|jlce
|raw|nosenomeables's rating: 1149 &rarr; <strong>1128</strong><br />(-21 for losing)
|raw|jlce's rating: 1203 &rarr; <strong>1224</strong><br />(+21 for winning)
|l|☆nosenomeables
|player|p1|
|l|‽jlce
|player|p2|
