|badge|p1|bronze|gen9ou|100-5
|uhtml|medal-msg|<div class="broadcast-blue">Curious what those medals under the avatar are? PS now has Ladder Seasons! For more information, check out the <a href="https://www.smogon.com/forums/threads/3740067/">thread on Smogon.</a></div>
|j|☆mr.diversity
|j|☆a jellyfish
|t:|1743877647
|gametype|singles
|player|p1|mr.diversity|bruno|1777
|player|p2|a jellyfish|yellow|1814
|teamsize|p1|6
|teamsize|p2|6
|gen|9
|tier|[Gen 9] OU
|rated|
|rule|HP Percentage Mod: HP is shown in percentages
|rule|Endless Battle Clause: Forcing endless battles is banned
|rule|Species Clause: Limit one of each Pokémon
|rule|OHKO Clause: OHKO moves are banned
|rule|Evasion Items Clause: Evasion items are banned
|rule|Evasion Moves Clause: Evasion moves are banned
|rule|Sleep Moves Clause: Sleep-inducing moves are banned
|clearpoke
|poke|p1|Landorus-Therian, M|
|poke|p1|Cinderace, M|
|poke|p1|Great Tusk|
|poke|p1|Heatran, F|
|poke|p1|Clodsire, M|
|poke|p1|Armarouge, M|
|poke|p2|Ting-Lu|
|poke|p2|Hatterene, F|
|poke|p2|Kingambit, F|
|poke|p2|Pecharunt|
|poke|p2|Ogerpon-Wellspring, F|
|poke|p2|Raging Bolt|
|teampreview
|inactive|Battle timer is ON: inactive players will automatically lose when time's up. (requested by a jellyfish)
|inactive|mr.diversity also wants the timer to be on.
|j| Treewatching
|
|t:|1743877677
|start
|switch|p1a: Cinderace|Cinderace, M|100/100
|switch|p2a: Pecharunt|Pecharunt|100/100
|turn|1
|
|t:|1743877682
|move|p1a: Cinderace|U-turn|p2a: Pecharunt
|-start|p1a: Cinderace|typechange|Bug|[from] ability: Libero
|-resisted|p2a: Pecharunt
|-damage|p2a: Pecharunt|93/100
|
|t:|1743877683
|switch|p1a: Clodsire|Clodsire, M|100/100|[from] U-turn
|move|p2a: Pecharunt|Parting Shot|p1a: Clodsire
|-unboost|p1a: Clodsire|atk|1
|-unboost|p1a: Clodsire|spa|1
|j| dilf huntr
|
|t:|1743877691
|switch|p2a: Ting-Lu|Ting-Lu|100/100|[from] Parting Shot
|-ability|p2a: Ting-Lu|Vessel of Ruin
|
|upkeep
|turn|2
|
|t:|1743877695
|move|p2a: Ting-Lu|Ruination|p1a: Clodsire|[miss]
|-miss|p2a: Ting-Lu|p1a: Clodsire
|move|p1a: Clodsire|Toxic|p2a: Ting-Lu
|-status|p2a: Ting-Lu|tox
|
|-damage|p2a: Ting-Lu|94/100 tox|[from] psn
|upkeep
|turn|3
|
|t:|1743877698
|move|p2a: Ting-Lu|Ruination|p1a: Clodsire
|-damage|p1a: Clodsire|50/100
|move|p1a: Clodsire|Stealth Rock|p2a: Ting-Lu
|-sidestart|p2: a jellyfish|move: Stealth Rock
|
|-heal|p1a: Clodsire|57/100|[from] item: Leftovers
|-damage|p2a: Ting-Lu|82/100 tox|[from] psn
|upkeep
|turn|4
|
|t:|1743877701
|switch|p1a: Landorus|Landorus-Therian, M|100/100
|-ability|p1a: Landorus|Intimidate|boost
|-unboost|p2a: Ting-Lu|atk|1
|move|p2a: Ting-Lu|Ruination|p1a: Landorus
|-damage|p1a: Landorus|51/100
|
|-damage|p2a: Ting-Lu|63/100 tox|[from] psn
|upkeep
|turn|5
|
|t:|1743877711
|move|p1a: Landorus|U-turn|p2a: Ting-Lu
|-supereffective|p2a: Ting-Lu
|-damage|p2a: Ting-Lu|14/100 tox
|-damage|p1a: Landorus|34/100|[from] item: Rocky Helmet|[of] p2a: Ting-Lu
|
|t:|1743877714
|switch|p1a: Armarouge|Armarouge, M|100/100|[from] U-turn
|move|p2a: Ting-Lu|Spikes|p1a: Armarouge
|-sidestart|p1: mr.diversity|Spikes
|
|-damage|p2a: Ting-Lu|0 fnt|[from] psn
|faint|p2a: Ting-Lu
|upkeep
|
|t:|1743877723
|switch|p2a: Raging Bolt|Raging Bolt|100/100
|-damage|p2a: Raging Bolt|88/100|[from] Stealth Rock
|turn|6
|j| usernametestset
|
|t:|1743877727
|switch|p1a: Heatran|Heatran, F|100/100
|-damage|p1a: Heatran|88/100|[from] Spikes
|move|p2a: Raging Bolt|Draco Meteor|p1a: Heatran
|-resisted|p1a: Heatran
|-damage|p1a: Heatran|37/100
|-unboost|p2a: Raging Bolt|spa|2
|
|upkeep
|turn|7
|l| usernametestset
|j| ASilentKingambitX
|
|t:|1743877746
|-end|p2a: Raging Bolt|Protosynthesis|[silent]
|switch|p2a: Pecharunt|Pecharunt|93/100
|-damage|p2a: Pecharunt|80/100|[from] Stealth Rock
|move|p1a: Heatran|Dragon Pulse|p2a: Pecharunt
|-damage|p2a: Pecharunt|35/100
|
|upkeep
|turn|8
|
|t:|1743877760
|move|p2a: Pecharunt|Shadow Ball|p1a: Heatran
|-damage|p1a: Heatran|15/100
|-unboost|p1a: Heatran|spd|1
|move|p1a: Heatran|Dragon Pulse|p2a: Pecharunt
|-crit|p2a: Pecharunt
|-damage|p2a: Pecharunt|0 fnt
|faint|p2a: Pecharunt
|
|upkeep
|
|t:|1743877763
|switch|p2a: Ogerpon|Ogerpon-Wellspring, F|100/100
|-damage|p2a: Ogerpon|88/100|[from] Stealth Rock
|turn|9
|
|t:|1743877773
|move|p2a: Ogerpon|Knock Off|p1a: Heatran
|-damage|p1a: Heatran|0 fnt
|-status|p2a: Ogerpon|brn|[from] ability: Flame Body|[of] p1a: Heatran
|-enditem|p1a: Heatran|Choice Specs|[from] move: Knock Off|[of] p2a: Ogerpon
|faint|p1a: Heatran
|
|-damage|p2a: Ogerpon|82/100 brn|[from] brn
|upkeep
|
|t:|1743877777
|switch|p1a: Armarouge|Armarouge, M|100/100
|-damage|p1a: Armarouge|88/100|[from] Spikes
|turn|10
|l| Treewatching
|
|t:|1743877783
|switch|p2a: Raging Bolt|Raging Bolt|88/100
|-damage|p2a: Raging Bolt|76/100|[from] Stealth Rock
|move|p1a: Armarouge|Endure||[still]
|-fail|p1a: Armarouge
|
|upkeep
|turn|11
|
|t:|1743877786
|switch|p1a: Clodsire|Clodsire, M|57/100
|-damage|p1a: Clodsire|44/100|[from] Spikes
|move|p2a: Raging Bolt|Draco Meteor|p1a: Clodsire
|-damage|p1a: Clodsire|0 fnt
|-unboost|p2a: Raging Bolt|spa|2
|faint|p1a: Clodsire
|
|upkeep
|
|t:|1743877789
|switch|p1a: Landorus|Landorus-Therian, M|34/100
|-ability|p1a: Landorus|Intimidate|boost
|-unboost|p2a: Raging Bolt|atk|1
|turn|12
|
|t:|1743877795
|-end|p2a: Raging Bolt|Protosynthesis|[silent]
|switch|p2a: Ogerpon|Ogerpon-Wellspring, F|82/100 brn
|-damage|p2a: Ogerpon|70/100 brn|[from] Stealth Rock
|move|p1a: Landorus|Earthquake|p2a: Ogerpon
|-resisted|p2a: Ogerpon
|-damage|p2a: Ogerpon|11/100 brn
|
|-damage|p2a: Ogerpon|5/100 brn|[from] brn
|upkeep
|turn|13
|
|t:|1743877799
|move|p2a: Ogerpon|Ivy Cudgel|p1a: Landorus|[anim] Ivy Cudgel Water
|-supereffective|p1a: Landorus
|-damage|p1a: Landorus|0 fnt
|faint|p1a: Landorus
|
|-damage|p2a: Ogerpon|0 fnt|[from] brn
|faint|p2a: Ogerpon
|upkeep
|j| alyras
|
|t:|1743877815
|switch|p2a: Hatterene|Hatterene, F|100/100
|switch|p1a: Cinderace|Cinderace, M|100/100
|-damage|p1a: Cinderace|88/100|[from] Spikes
|-damage|p2a: Hatterene|88/100|[from] Stealth Rock
|turn|14
|
|t:|1743877834
|switch|p2a: Raging Bolt|Raging Bolt|76/100
|-damage|p2a: Raging Bolt|63/100|[from] Stealth Rock
|-terastallize|p1a: Cinderace|Fire
|move|p1a: Cinderace|Pyro Ball|p2a: Raging Bolt
|-resisted|p2a: Raging Bolt
|-crit|p2a: Raging Bolt
|-damage|p2a: Raging Bolt|0 fnt
|faint|p2a: Raging Bolt
|-end|p2a: Raging Bolt|Protosynthesis|[silent]
|
|upkeep
|
|t:|1743877837
|switch|p2a: Hatterene|Hatterene, F|88/100
|-damage|p2a: Hatterene|76/100|[from] Stealth Rock
|turn|15
|
|t:|1743877853
|-terastallize|p2a: Hatterene|Water
|move|p1a: Cinderace|Pyro Ball|p2a: Hatterene
|-resisted|p2a: Hatterene
|-damage|p2a: Hatterene|27/100
|move|p2a: Hatterene|Psychic Noise|p1a: Cinderace
|-damage|p1a: Cinderace|38/100
|-start|p1a: Cinderace|move: Heal Block
|
|-heal|p2a: Hatterene|33/100|[from] item: Leftovers
|upkeep
|turn|16
|
|t:|1743877857
|move|p1a: Cinderace|Pyro Ball|p2a: Hatterene
|-resisted|p2a: Hatterene
|-damage|p2a: Hatterene|0 fnt
|faint|p2a: Hatterene
|
|-end|p1a: Cinderace|move: Heal Block
|upkeep
|
|t:|1743877859
|switch|p2a: Kingambit|Kingambit, F|100/100
|-damage|p2a: Kingambit|94/100|[from] Stealth Rock
|-activate|p2a: Kingambit|ability: Supreme Overlord
|-start|p2a: Kingambit|fallen5|[silent]
|turn|17
|
|t:|1743877864
|move|p1a: Cinderace|Pyro Ball|p2a: Kingambit
|-supereffective|p2a: Kingambit
|-damage|p2a: Kingambit|0 fnt
|faint|p2a: Kingambit
|-end|p2a: Kingambit|fallen5|[silent]
|
|win|mr.diversity
|raw|mr.diversity's rating: 1777 &rarr; <strong>1799</strong><br />(+22 for winning)
|raw|a jellyfish's rating: 1814 &rarr; <strong>1792</strong><br />(-22 for losing)
|l|☆a jellyfish
|player|p2|
|l|☆mr.diversity
|player|p1|
|l| dilf huntr
