|j|☆Dimpchampa
|j|☆The hatefull 6
|t:|1743840399
|gametype|singles
|player|p1|Dimpchampa|1|1066
|player|p2|The hatefull 6|gentleman|1120
|teamsize|p1|6
|teamsize|p2|6
|gen|9
|tier|[Gen 9] OU
|rated|
|rule|HP Percentage Mod: HP is shown in percentages
|rule|Endless Battle Clause: Forcing endless battles is banned
|rule|Species Clause: Limit one of each Pokémon
|rule|OHKO Clause: OHKO moves are banned
|rule|Evasion Items Clause: Evasion items are banned
|rule|Evasion Moves Clause: Evasion moves are banned
|rule|Sleep Moves Clause: Sleep-inducing moves are banned
|clearpoke
|poke|p1|Kingdra, M|
|poke|p1|Kingambit, F|
|poke|p1|Sawsbuck, F|
|poke|p1|Eelektross, F|
|poke|p1|Mudsdale, F|
|poke|p1|Slowking-Galar, F|
|poke|p2|Lokix, F|
|poke|p2|Mimikyu, F|
|poke|p2|Weezing-Galar, F|
|poke|p2|Muk-Alola, M|
|poke|p2|Rotom-Wash|
|poke|p2|Salazzle, F|
|teampreview
|
|t:|1743840411
|start
|switch|p1a: Kingdra|Kingdra, M|100/100
|switch|p2a: Rotom|Rotom-Wash|100/100
|turn|1
|
|t:|1743840431
|move|p2a: Rotom|Thunder Wave|p1a: Kingdra
|-status|p1a: Kingdra|par
|cant|p1a: Kingdra|par
|
|upkeep
|turn|2
|
|t:|1743840437
|move|p2a: Rotom|Thunderbolt|p1a: Kingdra
|-crit|p1a: Kingdra
|-damage|p1a: Kingdra|51/100 par
|move|p1a: Kingdra|Focus Energy|p1a: Kingdra
|-start|p1a: Kingdra|move: Focus Energy
|
|upkeep
|turn|3
|
|t:|1743840444
|move|p2a: Rotom|Thunderbolt|p1a: Kingdra
|-damage|p1a: Kingdra|16/100 par
|move|p1a: Kingdra|Dragon Pulse|p2a: Rotom
|-crit|p2a: Rotom
|-damage|p2a: Rotom|10/100
|
|upkeep
|turn|4
|
|t:|1743840455
|switch|p1a: Eelektross|Eelektross, F|100/100
|move|p2a: Rotom|Thunderbolt|p1a: Eelektross
|-resisted|p1a: Eelektross
|-damage|p1a: Eelektross|84/100
|
|upkeep
|turn|5
|
|t:|1743840464
|switch|p2a: Muk|Muk-Alola, M|100/100
|move|p1a: Eelektross|U-turn|p2a: Muk
|-damage|p2a: Muk|62/100
|
|t:|1743840469
|switch|p1a: Mudsdale|Mudsdale, F|100/100|[from] U-turn
|
|upkeep
|turn|6
|
|t:|1743840476
|switch|p2a: Weezing|Weezing-Galar, F|100/100
|move|p1a: Mudsdale|Earthquake|p2a: Weezing
|-immune|p2a: Weezing|[from] ability: Levitate
|
|upkeep
|turn|7
|
|t:|1743840482
|move|p2a: Weezing|Strange Steam|p1a: Mudsdale
|-damage|p1a: Mudsdale|72/100
|-start|p1a: Mudsdale|confusion
|-ability|p1a: Mudsdale|Stamina|boost
|-boost|p1a: Mudsdale|def|1
|-activate|p1a: Mudsdale|confusion
|-damage|p1a: Mudsdale|64/100|[from] confusion
|
|-heal|p1a: Mudsdale|71/100|[from] item: Leftovers
|upkeep
|turn|8
|
|t:|1743840493
|move|p2a: Weezing|Strange Steam|p1a: Mudsdale|[miss]
|-miss|p2a: Weezing|p1a: Mudsdale
|-activate|p1a: Mudsdale|confusion
|-damage|p1a: Mudsdale|62/100|[from] confusion
|
|-heal|p1a: Mudsdale|68/100|[from] item: Leftovers
|upkeep
|turn|9
|
|t:|1743840502
|move|p2a: Weezing|Strange Steam|p1a: Mudsdale
|-damage|p1a: Mudsdale|44/100
|-ability|p1a: Mudsdale|Stamina|boost
|-boost|p1a: Mudsdale|def|1
|-activate|p1a: Mudsdale|confusion
|move|p1a: Mudsdale|Stealth Rock|p2a: Weezing
|-sidestart|p2: The hatefull 6|move: Stealth Rock
|
|-heal|p1a: Mudsdale|50/100|[from] item: Leftovers
|upkeep
|turn|10
|
|t:|1743840516
|move|p2a: Weezing|Strange Steam|p1a: Mudsdale
|-damage|p1a: Mudsdale|23/100
|-ability|p1a: Mudsdale|Stamina|boost
|-boost|p1a: Mudsdale|def|1
|-end|p1a: Mudsdale|confusion
|move|p1a: Mudsdale|Iron Head|p2a: Weezing
|-supereffective|p2a: Weezing
|-damage|p2a: Weezing|58/100
|-damage|p1a: Mudsdale|6/100|[from] item: Rocky Helmet|[of] p2a: Weezing
|
|-heal|p1a: Mudsdale|12/100|[from] item: Leftovers
|upkeep
|turn|11
|
|t:|1743840541
|switch|p1a: Sawsbuck|Sawsbuck, F|100/100
|move|p2a: Weezing|Strange Steam|p1a: Sawsbuck
|-damage|p1a: Sawsbuck|58/100
|
|upkeep
|turn|12
|
|t:|1743840559
|move|p1a: Sawsbuck|Body Slam|p2a: Weezing
|-damage|p2a: Weezing|33/100
|-status|p2a: Weezing|par
|-damage|p1a: Sawsbuck|41/100|[from] item: Rocky Helmet|[of] p2a: Weezing
|move|p2a: Weezing|Pain Split|p1a: Sawsbuck
|-sethp|p1a: Sawsbuck|39/100|[from] move: Pain Split|[silent]
|-sethp|p2a: Weezing|35/100 par|[from] move: Pain Split
|
|upkeep
|turn|13
|
|t:|1743840575
|move|p1a: Sawsbuck|Body Slam|p2a: Weezing
|-damage|p2a: Weezing|8/100 par
|-damage|p1a: Sawsbuck|22/100|[from] item: Rocky Helmet|[of] p2a: Weezing
|move|p2a: Weezing|Defog|p1a: Sawsbuck
|-unboost|p1a: Sawsbuck|evasion|1
|-sideend|p2: The hatefull 6|Stealth Rock|[from] move: Defog|[of] p2a: Weezing
|
|upkeep
|turn|14
|
|t:|1743840583
|move|p1a: Sawsbuck|Body Slam|p2a: Weezing
|-damage|p2a: Weezing|0 fnt
|-damage|p1a: Sawsbuck|5/100|[from] item: Rocky Helmet|[of] p2a: Weezing
|faint|p2a: Weezing
|
|upkeep
|
|t:|1743840589
|switch|p2a: Muk|Muk-Alola, M|62/100
|turn|15
|
|t:|1743840593
|move|p2a: Muk|Shadow Sneak|p1a: Sawsbuck
|-immune|p1a: Sawsbuck
|move|p1a: Sawsbuck|Body Slam|p2a: Muk
|-damage|p2a: Muk|18/100
|-status|p2a: Muk|par
|
|upkeep
|turn|16
|-message|The hatefull 6 forfeited.
|
|win|Dimpchampa
|raw|Dimpchampa's rating: 1066 &rarr; <strong>1101</strong><br />(+35 for winning)
|raw|The hatefull 6's rating: 1120 &rarr; <strong>1091</strong><br />(-29 for losing)
|l|☆The hatefull 6
|player|p2|
|l|☆Dimpchampa
|player|p1|
