|j|☆kitsune rush
|j|☆gregoregoreg
|t:|1743916554
|gametype|singles
|player|p1|kitsune rush|lady-gen4|1142
|player|p2|gregoregoreg|interviewers|1183
|teamsize|p1|6
|teamsize|p2|6
|gen|9
|tier|[Gen 9] OU
|rated|
|rule|HP Percentage Mod: HP is shown in percentages
|rule|Endless Battle Clause: Forcing endless battles is banned
|rule|Species Clause: Limit one of each Pokémon
|rule|OHKO Clause: OHKO moves are banned
|rule|Evasion Items Clause: Evasion items are banned
|rule|Evasion Moves Clause: Evasion moves are banned
|rule|Sleep Moves Clause: Sleep-inducing moves are banned
|clearpoke
|poke|p1|Phanpy, L1, F|
|poke|p1|Donphan, M|
|poke|p1|Great Tusk|
|poke|p1|Iron Treads|
|poke|p1|Cloyster, F|
|poke|p1|Alomomola, F|
|poke|p2|Kyurem|
|poke|p2|Slowking-Galar, L99, F|
|poke|p2|Ogerpon-Wellspring, F|
|poke|p2|Kingambit, M|
|poke|p2|Great Tusk|
|poke|p2|Moltres|
|teampreview
|inactive|Battle timer is ON: inactive players will automatically lose when time's up. (requested by gregoregoreg)
|
|t:|1743916573
|start
|switch|p1a: baby tusk|Phanpy, L1, F|100/100
|switch|p2a: Slowking|Slowking-Galar, L99, F|100/100
|turn|1
|
|t:|1743916582
|move|p2a: Slowking|Future Sight|p1a: baby tusk
|-start|p2a: Slowking|move: Future Sight
|move|p1a: baby tusk|Endeavor|p2a: Slowking
|-damage|p2a: Slowking|4/100
|
|upkeep
|turn|2
|
|t:|1743916598
|switch|p2a: Moltres|Moltres|100/100
|move|p1a: baby tusk|Stealth Rock|p2a: Moltres
|-sidestart|p2: gregoregoreg|move: Stealth Rock
|
|upkeep
|turn|3
|
|t:|1743916609
|move|p2a: Moltres|U-turn|p1a: baby tusk
|-enditem|p1a: baby tusk|Focus Sash
|-damage|p1a: baby tusk|8/100
|
|t:|1743916612
|switch|p2a: Slowking|Slowking-Galar, L99, F|37/100|[from] U-turn
|move|p1a: baby tusk|Endeavor|p2a: Slowking
|-damage|p2a: Slowking|1/100
|
|-end|p1a: baby tusk|move: Future Sight
|-damage|p1a: baby tusk|0 fnt
|faint|p1a: baby tusk
|upkeep
|
|t:|1743916622
|switch|p1a: Iron Treads|Iron Treads|100/100
|turn|4
|
|t:|1743916629
|switch|p2a: Moltres|Moltres|100/100
|move|p1a: Iron Treads|Knock Off|p2a: Moltres
|-damage|p2a: Moltres|81/100
|-enditem|p2a: Moltres|Heavy-Duty Boots|[from] move: Knock Off|[of] p1a: Iron Treads
|
|upkeep
|turn|5
|
|t:|1743916635
|move|p1a: Iron Treads|Volt Switch|p2a: Moltres
|-supereffective|p2a: Moltres
|-crit|p2a: Moltres
|-damage|p2a: Moltres|45/100
|
|t:|1743916640
|-end|p1a: Iron Treads|Quark Drive|[silent]
|switch|p1a: Alomomola|Alomomola, F|100/100|[from] Volt Switch
|move|p2a: Moltres|Scorching Sands|p1a: Alomomola
|-damage|p1a: Alomomola|91/100
|
|upkeep
|turn|6
|
|t:|1743916646
|move|p2a: Moltres|Roost|p2a: Moltres
|-heal|p2a: Moltres|96/100
|-singleturn|p2a: Moltres|move: Roost
|move|p1a: Alomomola|Flip Turn|p2a: Moltres
|-supereffective|p2a: Moltres
|-damage|p2a: Moltres|74/100
|
|t:|1743916656
|switch|p1a: Iron Treads|Iron Treads|100/100|[from] Flip Turn
|
|upkeep
|turn|7
|
|t:|1743916664
|move|p1a: Iron Treads|Volt Switch|p2a: Moltres
|-supereffective|p2a: Moltres
|-damage|p2a: Moltres|53/100
|
|t:|1743916668
|-end|p1a: Iron Treads|Quark Drive|[silent]
|switch|p1a: Alomomola|Alomomola, F|100/100|[from] Volt Switch
|move|p2a: Moltres|Scorching Sands|p1a: Alomomola
|-damage|p1a: Alomomola|92/100
|
|upkeep
|turn|8
|
|t:|1743916671
|move|p2a: Moltres|Roost|p2a: Moltres
|-heal|p2a: Moltres|100/100
|-singleturn|p2a: Moltres|move: Roost
|move|p1a: Alomomola|Flip Turn|p2a: Moltres
|-supereffective|p2a: Moltres
|-damage|p2a: Moltres|76/100
|
|t:|1743916679
|switch|p1a: Iron Treads|Iron Treads|100/100|[from] Flip Turn
|
|upkeep
|turn|9
|
|t:|1743916682
|move|p1a: Iron Treads|Volt Switch|p2a: Moltres
|-supereffective|p2a: Moltres
|-damage|p2a: Moltres|56/100
|
|t:|1743916684
|-end|p1a: Iron Treads|Quark Drive|[silent]
|switch|p1a: Alomomola|Alomomola, F|100/100|[from] Volt Switch
|move|p2a: Moltres|Scorching Sands|p1a: Alomomola
|-damage|p1a: Alomomola|91/100
|
|upkeep
|turn|10
|
|t:|1743916686
|move|p2a: Moltres|Roost|p2a: Moltres
|-heal|p2a: Moltres|100/100
|-singleturn|p2a: Moltres|move: Roost
|move|p1a: Alomomola|Flip Turn|p2a: Moltres
|-supereffective|p2a: Moltres
|-damage|p2a: Moltres|76/100
|
|t:|1743916693
|switch|p1a: Iron Treads|Iron Treads|100/100|[from] Flip Turn
|
|upkeep
|turn|11
|
|t:|1743916696
|move|p1a: Iron Treads|Volt Switch|p2a: Moltres
|-supereffective|p2a: Moltres
|-damage|p2a: Moltres|56/100
|
|t:|1743916701
|-end|p1a: Iron Treads|Quark Drive|[silent]
|switch|p1a: Alomomola|Alomomola, F|100/100|[from] Volt Switch
|move|p2a: Moltres|Scorching Sands|p1a: Alomomola
|-damage|p1a: Alomomola|91/100
|
|upkeep
|turn|12
|
|t:|1743916704
|move|p2a: Moltres|Roost|p2a: Moltres
|-heal|p2a: Moltres|100/100
|-singleturn|p2a: Moltres|move: Roost
|move|p1a: Alomomola|Flip Turn|p2a: Moltres
|-supereffective|p2a: Moltres
|-damage|p2a: Moltres|77/100
|-status|p1a: Alomomola|brn|[from] ability: Flame Body|[of] p2a: Moltres
|
|t:|1743916707
|switch|p1a: Iron Treads|Iron Treads|100/100|[from] Flip Turn
|
|upkeep
|turn|13
|c|☆gregoregoreg|finally burned
|
|t:|1743916722
|move|p1a: Iron Treads|Volt Switch|p2a: Moltres
|-supereffective|p2a: Moltres
|-damage|p2a: Moltres|55/100
|
|t:|1743916727
|-end|p1a: Iron Treads|Quark Drive|[silent]
|switch|p1a: Alomomola|Alomomola, F|100/100 brn|[from] Volt Switch
|move|p2a: Moltres|Roost|p2a: Moltres
|-heal|p2a: Moltres|100/100
|-singleturn|p2a: Moltres|move: Roost
|
|-damage|p1a: Alomomola|94/100 brn|[from] brn
|upkeep
|turn|14
|
|t:|1743916733
|move|p2a: Moltres|U-turn|p1a: Alomomola
|-damage|p1a: Alomomola|84/100 brn
|
|t:|1743916735
|switch|p2a: Ogerpon|Ogerpon-Wellspring, F|100/100|[from] U-turn
|-damage|p2a: Ogerpon|88/100|[from] Stealth Rock
|move|p1a: Alomomola|Flip Turn|p2a: Ogerpon
|-heal|p2a: Ogerpon|100/100|[from] ability: Water Absorb|[of] p1a: Alomomola
|
|-damage|p1a: Alomomola|77/100 brn|[from] brn
|upkeep
|turn|15
|
|t:|1743916742
|switch|p1a: average tusk|Donphan, M|100/100
|move|p2a: Ogerpon|Horn Leech|p1a: average tusk
|-supereffective|p1a: average tusk
|-damage|p1a: average tusk|32/100
|
|upkeep
|turn|16
|
|t:|1743916750
|move|p2a: Ogerpon|Horn Leech|p1a: average tusk
|-supereffective|p1a: average tusk
|-damage|p1a: average tusk|0 fnt
|faint|p1a: average tusk
|
|upkeep
|
|t:|1743916751
|switch|p1a: Cloyster|Cloyster, F|100/100
|turn|17
|
|t:|1743916772
|move|p2a: Ogerpon|Horn Leech|p1a: Cloyster
|-supereffective|p1a: Cloyster
|-damage|p1a: Cloyster|23/100
|move|p1a: Cloyster|Shell Smash|p1a: Cloyster
|-unboost|p1a: Cloyster|def|1
|-unboost|p1a: Cloyster|spd|1
|-boost|p1a: Cloyster|atk|2
|-boost|p1a: Cloyster|spa|2
|-boost|p1a: Cloyster|spe|2
|
|upkeep
|turn|18
|
|t:|1743916778
|move|p1a: Cloyster|Icicle Spear|p2a: Ogerpon
|-damage|p2a: Ogerpon|68/100
|-damage|p2a: Ogerpon|35/100
|-damage|p2a: Ogerpon|5/100
|-damage|p2a: Ogerpon|0 fnt
|faint|p2a: Ogerpon
|-hitcount|p2: Ogerpon|4
|
|upkeep
|
|t:|1743916787
|switch|p2a: Kingambit|Kingambit, M|100/100
|-damage|p2a: Kingambit|94/100|[from] Stealth Rock
|-activate|p2a: Kingambit|ability: Supreme Overlord
|-start|p2a: Kingambit|fallen1|[silent]
|turn|19
|
|t:|1743916800
|switch|p1a: Great Tusk|Great Tusk|100/100
|move|p2a: Kingambit|Kowtow Cleave|p1a: Great Tusk
|-resisted|p1a: Great Tusk
|-damage|p1a: Great Tusk|81/100
|
|-heal|p1a: Great Tusk|88/100|[from] item: Leftovers
|-heal|p2a: Kingambit|100/100|[from] item: Leftovers
|upkeep
|turn|20
|
|t:|1743916805
|-end|p2a: Kingambit|fallen1|[silent]
|switch|p2a: Moltres|Moltres|100/100
|-damage|p2a: Moltres|51/100|[from] Stealth Rock
|move|p1a: Great Tusk|Bulk Up|p1a: Great Tusk
|-boost|p1a: Great Tusk|atk|1
|-boost|p1a: Great Tusk|def|1
|
|-heal|p1a: Great Tusk|94/100|[from] item: Leftovers
|upkeep
|turn|21
|
|t:|1743916817
|move|p1a: Great Tusk|Rapid Spin|p2a: Moltres
|-damage|p2a: Moltres|34/100
|-boost|p1a: Great Tusk|spe|1
|move|p2a: Moltres|Scorching Sands|p1a: Great Tusk
|-damage|p1a: Great Tusk|67/100
|-status|p1a: Great Tusk|brn
|
|-heal|p1a: Great Tusk|73/100 brn|[from] item: Leftovers
|-damage|p1a: Great Tusk|67/100 brn|[from] brn
|upkeep
|turn|22
|
|t:|1743916826
|-end|p1a: Great Tusk|Protosynthesis|[silent]
|switch|p1a: Alomomola|Alomomola, F|100/100 brn
|switch|p2a: Kyurem|Kyurem|100/100
|-damage|p2a: Kyurem|76/100|[from] Stealth Rock
|-ability|p2a: Kyurem|Pressure
|
|-heal|p2a: Kyurem|82/100|[from] item: Leftovers
|-damage|p1a: Alomomola|94/100 brn|[from] brn
|upkeep
|turn|23
|
|t:|1743916834
|-terastallize|p1a: Alomomola|Fairy
|move|p2a: Kyurem|Substitute|p2a: Kyurem
|-start|p2a: Kyurem|Substitute
|-damage|p2a: Kyurem|57/100
|move|p1a: Alomomola|Mirror Coat||[still]
|-fail|p1a: Alomomola
|
|-heal|p2a: Kyurem|63/100|[from] item: Leftovers
|-damage|p1a: Alomomola|88/100 brn|[from] brn
|upkeep
|turn|24
|
|t:|1743916841
|move|p2a: Kyurem|Protect|p2a: Kyurem
|-singleturn|p2a: Kyurem|Protect
|move|p1a: Alomomola|Play Rough|p2a: Kyurem
|-activate|p2a: Kyurem|move: Protect
|
|-heal|p2a: Kyurem|69/100|[from] item: Leftovers
|-damage|p1a: Alomomola|82/100 brn|[from] brn
|upkeep
|turn|25
|
|t:|1743916851
|move|p2a: Kyurem|Freeze-Dry|p1a: Alomomola
|-damage|p1a: Alomomola|63/100 brn
|move|p1a: Alomomola|Play Rough|p2a: Kyurem
|-supereffective|p2a: Kyurem
|-end|p2a: Kyurem|Substitute
|
|-heal|p2a: Kyurem|75/100|[from] item: Leftovers
|-damage|p1a: Alomomola|57/100 brn|[from] brn
|upkeep
|turn|26
|
|t:|1743916857
|move|p2a: Kyurem|Substitute|p2a: Kyurem
|-start|p2a: Kyurem|Substitute
|-damage|p2a: Kyurem|51/100
|move|p1a: Alomomola|Play Rough|p2a: Kyurem
|-supereffective|p2a: Kyurem
|-end|p2a: Kyurem|Substitute
|
|-heal|p2a: Kyurem|57/100|[from] item: Leftovers
|-damage|p1a: Alomomola|51/100 brn|[from] brn
|upkeep
|turn|27
|
|t:|1743916864
|switch|p1a: Iron Treads|Iron Treads|100/100
|move|p2a: Kyurem|Protect||[still]
|-fail|p2a: Kyurem
|
|-heal|p2a: Kyurem|63/100|[from] item: Leftovers
|upkeep
|turn|28
|
|t:|1743916872
|move|p2a: Kyurem|Protect|p2a: Kyurem
|-singleturn|p2a: Kyurem|Protect
|move|p1a: Iron Treads|Knock Off|p2a: Kyurem
|-activate|p2a: Kyurem|move: Protect
|
|-heal|p2a: Kyurem|69/100|[from] item: Leftovers
|upkeep
|turn|29
|
|t:|1743916879
|switch|p2a: Moltres|Moltres|34/100
|-damage|p2a: Moltres|0 fnt|[from] Stealth Rock
|faint|p2a: Moltres
|move|p1a: Iron Treads|Knock Off|p2: Moltres|[notarget]
|-fail|p1a: Iron Treads
|
|upkeep
|
|t:|1743916888
|switch|p2a: Great Tusk|Great Tusk|100/100
|-damage|p2a: Great Tusk|98/100|[from] Stealth Rock
|-enditem|p2a: Great Tusk|Booster Energy
|-activate|p2a: Great Tusk|ability: Protosynthesis|[fromitem]
|-start|p2a: Great Tusk|protosynthesisatk
|turn|30
|
|t:|1743916892
|-end|p1a: Iron Treads|Quark Drive|[silent]
|switch|p1a: Alomomola|Alomomola, F, tera:Fairy|84/100 brn
|move|p2a: Great Tusk|Rapid Spin|p1a: Alomomola
|-damage|p1a: Alomomola|66/100 brn
|-boost|p2a: Great Tusk|spe|1
|-sideend|p2: gregoregoreg|Stealth Rock|[from] move: Rapid Spin|[of] p2a: Great Tusk
|
|-damage|p1a: Alomomola|60/100 brn|[from] brn
|upkeep
|turn|31
|
|t:|1743916904
|-end|p2a: Great Tusk|Protosynthesis|[silent]
|switch|p2a: Slowking|Slowking-Galar, L99, F|34/100
|move|p1a: Alomomola|Scald|p2a: Slowking
|-damage|p2a: Slowking|25/100
|
|-damage|p1a: Alomomola|54/100 brn|[from] brn
|upkeep
|turn|32
|
|t:|1743916909
|move|p1a: Alomomola|Flip Turn|p2a: Slowking
|-crit|p2a: Slowking
|-damage|p2a: Slowking|13/100
|
|t:|1743916911
|switch|p1a: Iron Treads|Iron Treads|100/100|[from] Flip Turn
|move|p2a: Slowking|Future Sight|p1a: Iron Treads
|-start|p2a: Slowking|move: Future Sight
|
|upkeep
|turn|33
|
|t:|1743916918
|switch|p2a: Great Tusk|Great Tusk|98/100
|move|p1a: Iron Treads|Earthquake|p2a: Great Tusk
|-damage|p2a: Great Tusk|67/100
|
|upkeep
|turn|34
|
|t:|1743916925
|-end|p1a: Iron Treads|Quark Drive|[silent]
|switch|p1a: Cloyster|Cloyster, F|23/100
|move|p2a: Great Tusk|Knock Off|p1a: Cloyster
|-damage|p1a: Cloyster|0 fnt
|-enditem|p1a: Cloyster|Focus Sash|[from] move: Knock Off|[of] p2a: Great Tusk
|faint|p1a: Cloyster
|
|-hint|Future Sight did not hit because the target is fainted.
|upkeep
|
|t:|1743916935
|switch|p1a: Alomomola|Alomomola, F, tera:Fairy|87/100 brn
|turn|35
|
|t:|1743916941
|-end|p2a: Great Tusk|Protosynthesis|[silent]
|switch|p2a: Slowking|Slowking-Galar, L99, F|46/100
|move|p1a: Alomomola|Scald|p2a: Slowking
|-damage|p2a: Slowking|38/100
|
|-damage|p1a: Alomomola|81/100 brn|[from] brn
|upkeep
|turn|36
|
|t:|1743916949
|move|p1a: Alomomola|Flip Turn|p2a: Slowking
|-damage|p2a: Slowking|29/100
|
|t:|1743916952
|switch|p1a: Iron Treads|Iron Treads|100/100|[from] Flip Turn
|move|p2a: Slowking|Future Sight|p1a: Iron Treads
|-start|p2a: Slowking|move: Future Sight
|
|upkeep
|turn|37
|
|t:|1743916959
|switch|p2a: Great Tusk|Great Tusk|67/100
|move|p1a: Iron Treads|Earthquake|p2a: Great Tusk
|-damage|p2a: Great Tusk|35/100
|
|upkeep
|turn|38
|
|t:|1743916967
|-end|p1a: Iron Treads|Quark Drive|[silent]
|switch|p1a: Alomomola|Alomomola, F, tera:Fairy|100/100 brn
|move|p2a: Great Tusk|Knock Off|p1a: Alomomola
|-resisted|p1a: Alomomola
|-damage|p1a: Alomomola|87/100 brn
|-enditem|p1a: Alomomola|Assault Vest|[from] move: Knock Off|[of] p2a: Great Tusk
|
|-end|p1a: Alomomola|move: Future Sight
|-damage|p1a: Alomomola|58/100 brn
|-damage|p1a: Alomomola|51/100 brn|[from] brn
|upkeep
|turn|39
|
|t:|1743916975
|-end|p2a: Great Tusk|Protosynthesis|[silent]
|switch|p2a: Slowking|Slowking-Galar, L99, F|62/100
|move|p1a: Alomomola|Flip Turn|p2a: Slowking
|-damage|p2a: Slowking|54/100
|
|t:|1743916978
|switch|p1a: Iron Treads|Iron Treads|100/100|[from] Flip Turn
|
|upkeep
|turn|40
|
|t:|1743916983
|switch|p2a: Great Tusk|Great Tusk|35/100
|move|p1a: Iron Treads|Earthquake|p2a: Great Tusk
|-damage|p2a: Great Tusk|6/100
|
|upkeep
|turn|41
|
|t:|1743916992
|move|p1a: Iron Treads|Earthquake|p2a: Great Tusk
|-damage|p2a: Great Tusk|0 fnt
|faint|p2a: Great Tusk
|-end|p2a: Great Tusk|Protosynthesis|[silent]
|
|upkeep
|
|t:|1743917005
|switch|p2a: Kyurem|Kyurem|69/100
|-ability|p2a: Kyurem|Pressure
|turn|42
|
|t:|1743917008
|move|p2a: Kyurem|Protect|p2a: Kyurem
|-singleturn|p2a: Kyurem|Protect
|move|p1a: Iron Treads|Knock Off|p2a: Kyurem
|-activate|p2a: Kyurem|move: Protect
|
|-heal|p2a: Kyurem|75/100|[from] item: Leftovers
|upkeep
|turn|43
|
|t:|1743917016
|move|p1a: Iron Treads|Knock Off|p2a: Kyurem
|-damage|p2a: Kyurem|49/100
|-enditem|p2a: Kyurem|Leftovers|[from] move: Knock Off|[of] p1a: Iron Treads
|move|p2a: Kyurem|Substitute|p2a: Kyurem
|-start|p2a: Kyurem|Substitute
|-damage|p2a: Kyurem|24/100
|
|upkeep
|turn|44
|
|t:|1743917030
|move|p1a: Iron Treads|Earthquake|p2a: Kyurem
|-end|p2a: Kyurem|Substitute
|move|p2a: Kyurem|Earth Power|p1a: Iron Treads
|-supereffective|p1a: Iron Treads
|-damage|p1a: Iron Treads|52/100
|
|upkeep
|turn|45
|
|t:|1743917038
|move|p2a: Kyurem|Protect|p2a: Kyurem
|-singleturn|p2a: Kyurem|Protect
|move|p1a: Iron Treads|Earthquake|p2a: Kyurem
|-activate|p2a: Kyurem|move: Protect
|
|upkeep
|turn|46
|
|t:|1743917045
|switch|p2a: Slowking|Slowking-Galar, L99, F|87/100
|move|p1a: Iron Treads|Earthquake|p2a: Slowking
|-supereffective|p2a: Slowking
|-damage|p2a: Slowking|0 fnt
|faint|p2a: Slowking
|
|upkeep
|
|t:|1743917053
|switch|p2a: Kingambit|Kingambit, M|100/100
|-activate|p2a: Kingambit|ability: Supreme Overlord
|-start|p2a: Kingambit|fallen4|[silent]
|turn|47
|
|t:|1743917071
|-terastallize|p2a: Kingambit|Dark
|move|p1a: Iron Treads|Earthquake|p2a: Kingambit
|-damage|p2a: Kingambit|68/100
|move|p2a: Kingambit|Low Kick|p1a: Iron Treads
|-supereffective|p1a: Iron Treads
|-damage|p1a: Iron Treads|0 fnt
|faint|p1a: Iron Treads
|-end|p1a: Iron Treads|Quark Drive|[silent]
|
|-heal|p2a: Kingambit|74/100|[from] item: Leftovers
|upkeep
|
|t:|1743917074
|switch|p1a: Great Tusk|Great Tusk|67/100 brn
|turn|48
|
|t:|1743917088
|move|p1a: Great Tusk|Bulk Up|p1a: Great Tusk
|-boost|p1a: Great Tusk|atk|1
|-boost|p1a: Great Tusk|def|1
|move|p2a: Kingambit|Low Kick|p1a: Great Tusk
|-damage|p1a: Great Tusk|38/100 brn
|
|-heal|p1a: Great Tusk|44/100 brn|[from] item: Leftovers
|-heal|p2a: Kingambit|80/100|[from] item: Leftovers
|-damage|p1a: Great Tusk|38/100 brn|[from] brn
|upkeep
|turn|49
|
|t:|1743917098
|-end|p2a: Kingambit|fallen4|[silent]
|switch|p2a: Kyurem|Kyurem|24/100
|-ability|p2a: Kyurem|Pressure
|move|p1a: Great Tusk|Earthquake|p2a: Kyurem
|-damage|p2a: Kyurem|0 fnt
|faint|p2a: Kyurem
|
|-heal|p1a: Great Tusk|44/100 brn|[from] item: Leftovers
|-damage|p1a: Great Tusk|38/100 brn|[from] brn
|upkeep
|
|t:|1743917100
|switch|p2a: Kingambit|Kingambit, M, tera:Dark|80/100
|-activate|p2a: Kingambit|ability: Supreme Overlord
|-start|p2a: Kingambit|fallen5|[silent]
|turn|50
|
|t:|1743917112
|move|p1a: Great Tusk|Earthquake|p2a: Kingambit
|-damage|p2a: Kingambit|56/100
|move|p2a: Kingambit|Low Kick|p1a: Great Tusk
|-damage|p1a: Great Tusk|3/100 brn
|
|-heal|p1a: Great Tusk|10/100 brn|[from] item: Leftovers
|-heal|p2a: Kingambit|62/100|[from] item: Leftovers
|-damage|p1a: Great Tusk|3/100 brn|[from] brn
|upkeep
|turn|51
|
|t:|1743917123
|-end|p1a: Great Tusk|Protosynthesis|[silent]
|switch|p1a: Alomomola|Alomomola, F, tera:Fairy|85/100 brn
|move|p2a: Kingambit|Low Kick|p1a: Alomomola
|-resisted|p1a: Alomomola
|-damage|p1a: Alomomola|71/100 brn
|
|-heal|p2a: Kingambit|68/100|[from] item: Leftovers
|-damage|p1a: Alomomola|64/100 brn|[from] brn
|upkeep
|turn|52
|
|t:|1743917132
|move|p1a: Alomomola|Scald|p2a: Kingambit
|-damage|p2a: Kingambit|54/100
|-status|p2a: Kingambit|brn
|move|p2a: Kingambit|Iron Head|p1a: Alomomola
|-supereffective|p1a: Alomomola
|-damage|p1a: Alomomola|9/100 brn
|
|-heal|p2a: Kingambit|60/100 brn|[from] item: Leftovers
|-damage|p1a: Alomomola|3/100 brn|[from] brn
|-damage|p2a: Kingambit|54/100 brn|[from] brn
|upkeep
|turn|53
|
|t:|1743917143
|switch|p1a: Great Tusk|Great Tusk|3/100 brn
|move|p2a: Kingambit|Iron Head|p1a: Great Tusk
|-damage|p1a: Great Tusk|0 fnt
|faint|p1a: Great Tusk
|-end|p1a: Great Tusk|Protosynthesis|[silent]
|
|-heal|p2a: Kingambit|60/100 brn|[from] item: Leftovers
|-damage|p2a: Kingambit|54/100 brn|[from] brn
|upkeep
|
|t:|1743917146
|switch|p1a: Alomomola|Alomomola, F, tera:Fairy|36/100 brn
|turn|54
|
|t:|1743917156
|move|p1a: Alomomola|Play Rough|p2a: Kingambit
|-supereffective|p2a: Kingambit
|-damage|p2a: Kingambit|38/100 brn
|move|p2a: Kingambit|Iron Head|p1a: Alomomola
|-supereffective|p1a: Alomomola
|-damage|p1a: Alomomola|0 fnt
|faint|p1a: Alomomola
|
|win|gregoregoreg
|raw|kitsune rush's rating: 1165 &rarr; <strong>1141</strong><br />(-24 for losing)
|raw|gregoregoreg's rating: 1183 &rarr; <strong>1207</strong><br />(+24 for winning)
|c|☆gregoregoreg|gg
|l|☆gregoregoreg
|player|p2|
|l|☆kitsune rush
|player|p1|
