|j|☆DawaWasTaken
|j|☆PinkyTheKid7
|t:|1743778637
|gametype|singles
|player|p1|DawaWasTaken|cameraman|1067
|player|p2|PinkyTheKid7|ghetsis|1017
|teamsize|p1|6
|teamsize|p2|6
|gen|9
|tier|[Gen 9] OU
|rated|
|rule|HP Percentage Mod: HP is shown in percentages
|rule|Endless Battle Clause: Forcing endless battles is banned
|rule|Species Clause: Limit one of each Pokémon
|rule|OHKO Clause: OHKO moves are banned
|rule|Evasion Items Clause: Evasion items are banned
|rule|Evasion Moves Clause: Evasion moves are banned
|rule|Sleep Moves Clause: Sleep-inducing moves are banned
|clearpoke
|poke|p1|Iron Hands|
|poke|p1|Amoonguss, F|
|poke|p1|Cloyster, M|
|poke|p1|Hydreigon, M|
|poke|p1|Tornadus, M|
|poke|p1|Excadrill, M|
|poke|p2|Ogerpon-Wellspring, F|
|poke|p2|Garganacl, M|
|poke|p2|Slowking-Galar, M|
|poke|p2|Alomomola, F|
|poke|p2|Gliscor, F|
|poke|p2|Zamazenta-*|
|teampreview
|
|t:|1743778657
|start
|switch|p1a: Tornadus|Tornadus, M|100/100
|switch|p2a: Garganacl|Garganacl, M|100/100
|turn|1
|
|t:|1743778664
|move|p1a: Tornadus|Tailwind|p1a: Tornadus
|-sidestart|p1: DawaWasTaken|move: Tailwind
|move|p2a: Garganacl|Stealth Rock|p1a: Tornadus
|-sidestart|p1: DawaWasTaken|move: Stealth Rock
|
|upkeep
|turn|2
|
|t:|1743778692
|move|p1a: Tornadus|U-turn|p2a: Garganacl
|-damage|p2a: Garganacl|89/100
|
|t:|1743778696
|switch|p1a: Excadrill|Excadrill, M|100/100|[from] U-turn
|-damage|p1a: Excadrill|97/100|[from] Stealth Rock
|-ability|p1a: Excadrill|Mold Breaker
|move|p2a: Garganacl|Salt Cure|p1a: Excadrill
|-resisted|p1a: Excadrill
|-damage|p1a: Excadrill|92/100
|-start|p1a: Excadrill|Salt Cure
|
|-heal|p1a: Excadrill|98/100|[from] item: Leftovers
|-heal|p2a: Garganacl|95/100|[from] item: Leftovers
|-damage|p1a: Excadrill|73/100|[from] Salt Cure
|upkeep
|turn|3
|
|t:|1743778720
|switch|p2a: Gliscor|Gliscor, F|100/100
|move|p1a: Excadrill|Earthquake|p2a: Gliscor
|-immune|p2a: Gliscor
|
|-heal|p1a: Excadrill|79/100|[from] item: Leftovers
|-damage|p1a: Excadrill|55/100|[from] Salt Cure
|-status|p2a: Gliscor|tox|[from] item: Toxic Orb
|upkeep
|turn|4
|
|t:|1743778749
|switch|p1a: Cloyster|Cloyster, M, shiny|100/100
|move|p2a: Gliscor|Knock Off|p1a: Cloyster
|-damage|p1a: Cloyster|85/100
|-enditem|p1a: Cloyster|Heavy-Duty Boots|[from] move: Knock Off|[of] p2a: Gliscor
|
|-sideend|p1: DawaWasTaken|move: Tailwind
|upkeep
|turn|5
|
|t:|1743778763
|switch|p2a: Alomomola|Alomomola, F|100/100
|move|p1a: Cloyster|Icicle Spear|p2a: Alomomola
|-resisted|p2a: Alomomola
|-damage|p2a: Alomomola|97/100
|-resisted|p2a: Alomomola
|-damage|p2a: Alomomola|93/100
|-resisted|p2a: Alomomola
|-damage|p2a: Alomomola|90/100
|-resisted|p2a: Alomomola
|-damage|p2a: Alomomola|86/100
|-resisted|p2a: Alomomola
|-damage|p2a: Alomomola|82/100
|-hitcount|p2a: Alomomola|5
|
|upkeep
|turn|6
|
|t:|1743778778
|switch|p1a: Excadrill|Excadrill, M|55/100
|-damage|p1a: Excadrill|51/100|[from] Stealth Rock
|-ability|p1a: Excadrill|Mold Breaker
|move|p2a: Alomomola|Wish|p2a: Alomomola
|
|-heal|p1a: Excadrill|58/100|[from] item: Leftovers
|upkeep
|turn|7
|
|t:|1743778791
|move|p1a: Excadrill|Rapid Spin|p2a: Alomomola
|-damage|p2a: Alomomola|67/100
|-boost|p1a: Excadrill|spe|1
|-sideend|p1: DawaWasTaken|Stealth Rock|[from] move: Rapid Spin|[of] p1a: Excadrill
|move|p2a: Alomomola|Flip Turn|p1a: Excadrill
|-supereffective|p1a: Excadrill
|-damage|p1a: Excadrill|7/100
|
|t:|1743778806
|switch|p2a: Garganacl|Garganacl, M|95/100|[from] Flip Turn
|
|-heal|p2a: Garganacl|100/100|[from] move: Wish|[wisher] Alomomola
|-heal|p1a: Excadrill|13/100|[from] item: Leftovers
|upkeep
|turn|8
|
|t:|1743778817
|move|p1a: Excadrill|Earthquake|p2a: Garganacl
|-supereffective|p2a: Garganacl
|-damage|p2a: Garganacl|19/100
|move|p2a: Garganacl|Salt Cure|p1a: Excadrill
|-resisted|p1a: Excadrill
|-damage|p1a: Excadrill|7/100
|-start|p1a: Excadrill|Salt Cure
|
|-heal|p1a: Excadrill|13/100|[from] item: Leftovers
|-heal|p2a: Garganacl|25/100|[from] item: Leftovers
|-damage|p1a: Excadrill|0 fnt|[from] Salt Cure
|faint|p1a: Excadrill
|upkeep
|
|t:|1743778832
|switch|p1a: Iron Hands|Iron Hands|100/100
|turn|9
|
|t:|1743778841
|switch|p2a: Gliscor|Gliscor, F|100/100 tox
|move|p1a: Iron Hands|Drain Punch|p2a: Gliscor
|-resisted|p2a: Gliscor
|-damage|p2a: Gliscor|81/100 tox
|
|-heal|p2a: Gliscor|94/100 tox|[from] ability: Poison Heal
|upkeep
|turn|10
|
|t:|1743778854
|move|p2a: Gliscor|Earthquake|p1a: Iron Hands
|-supereffective|p1a: Iron Hands
|-damage|p1a: Iron Hands|47/100
|move|p1a: Iron Hands|Ice Punch|p2a: Gliscor
|-supereffective|p2a: Gliscor
|-damage|p2a: Gliscor|0 fnt
|faint|p2a: Gliscor
|
|upkeep
|
|t:|1743778871
|switch|p2a: Slowking|Slowking-Galar, M|100/100
|turn|11
|
|t:|1743778883
|move|p1a: Iron Hands|Volt Switch|p2a: Slowking
|-damage|p2a: Slowking|91/100
|
|t:|1743778886
|-end|p1a: Iron Hands|Quark Drive|[silent]
|switch|p1a: Cloyster|Cloyster, M, shiny|85/100|[from] Volt Switch
|move|p2a: Slowking|Psychic|p1a: Cloyster
|-damage|p1a: Cloyster|0 fnt
|faint|p1a: Cloyster
|
|-heal|p2a: Slowking|97/100|[from] item: Leftovers
|upkeep
|
|t:|1743778897
|switch|p1a: Hydreigon|Hydreigon, M|100/100
|turn|12
|
|t:|1743778903
|move|p1a: Hydreigon|Dark Pulse|p2a: Slowking
|-supereffective|p2a: Slowking
|-damage|p2a: Slowking|31/100
|move|p2a: Slowking|Ice Beam|p1a: Hydreigon
|-supereffective|p1a: Hydreigon
|-damage|p1a: Hydreigon|44/100
|
|-heal|p2a: Slowking|37/100|[from] item: Leftovers
|upkeep
|turn|13
|
|t:|1743778920
|switch|p2a: Alomomola|Alomomola, F|99/100
|move|p1a: Hydreigon|Dark Pulse|p2a: Alomomola
|-damage|p2a: Alomomola|70/100
|
|upkeep
|turn|14
|
|t:|1743778927
|switch|p1a: Amoonguss|Amoonguss, F, shiny|100/100
|move|p2a: Alomomola|Wish|p2a: Alomomola
|
|upkeep
|turn|15
|
|t:|1743778945
|switch|p2a: Garganacl|Garganacl, M|25/100
|move|p1a: Amoonguss|Energy Ball|p2a: Garganacl
|-supereffective|p2a: Garganacl
|-damage|p2a: Garganacl|0 fnt
|faint|p2a: Garganacl
|
|upkeep
|
|t:|1743778954
|switch|p2a: Slowking|Slowking-Galar, M|71/100
|turn|16
|
|t:|1743778974
|move|p1a: Amoonguss|Energy Ball|p2a: Slowking
|-resisted|p2a: Slowking
|-damage|p2a: Slowking|59/100
|move|p2a: Slowking|Flamethrower|p1a: Amoonguss
|-supereffective|p1a: Amoonguss
|-damage|p1a: Amoonguss|52/100
|-status|p1a: Amoonguss|brn
|
|-heal|p2a: Slowking|65/100|[from] item: Leftovers
|-damage|p1a: Amoonguss|46/100 brn|[from] brn
|upkeep
|turn|17
|
|t:|1743778988
|switch|p1a: Tornadus|Tornadus, M|100/100
|move|p2a: Slowking|Flamethrower|p1a: Tornadus
|-crit|p1a: Tornadus
|-damage|p1a: Tornadus|41/100
|
|-heal|p2a: Slowking|71/100|[from] item: Leftovers
|upkeep
|turn|18
|
|t:|1743779001
|switch|p2a: Alomomola|Alomomola, F|100/100
|-terastallize|p1a: Tornadus|Bug
|move|p1a: Tornadus|Bleakwind Storm|p2a: Alomomola|[miss]
|-miss|p1a: Tornadus|p2a: Alomomola
|
|upkeep
|turn|19
|
|t:|1743779011
|move|p1a: Tornadus|Tailwind|p1a: Tornadus
|-sidestart|p1: DawaWasTaken|move: Tailwind
|move|p2a: Alomomola|Wish|p2a: Alomomola
|
|upkeep
|turn|20
|
|t:|1743779021
|move|p1a: Tornadus|U-turn|p2a: Alomomola
|-damage|p2a: Alomomola|80/100
|
|t:|1743779030
|switch|p1a: Iron Hands|Iron Hands|47/100|[from] U-turn
|move|p2a: Alomomola|Flip Turn|p1a: Iron Hands
|-damage|p1a: Iron Hands|33/100
|
|t:|1743779046
|switch|p2a: Slowking|Slowking-Galar, M|100/100|[from] Flip Turn
|
|upkeep
|turn|21
|
|t:|1743779057
|move|p1a: Iron Hands|Drain Punch|p2a: Slowking
|-resisted|p2a: Slowking
|-damage|p2a: Slowking|88/100
|-heal|p1a: Iron Hands|38/100|[from] drain|[of] p2a: Slowking
|move|p2a: Slowking|Ice Beam|p1a: Iron Hands
|-damage|p1a: Iron Hands|9/100
|
|-heal|p2a: Slowking|94/100|[from] item: Leftovers
|upkeep
|turn|22
|
|t:|1743779069
|move|p1a: Iron Hands|Volt Switch|p2a: Slowking
|-damage|p2a: Slowking|83/100
|
|t:|1743779074
|-end|p1a: Iron Hands|Quark Drive|[silent]
|switch|p1a: Tornadus|Tornadus, M, tera:Bug|41/100|[from] Volt Switch
|move|p2a: Slowking|Psychic|p1a: Tornadus
|-damage|p1a: Tornadus|0 fnt
|faint|p1a: Tornadus
|
|-heal|p2a: Slowking|89/100|[from] item: Leftovers
|-sideend|p1: DawaWasTaken|move: Tailwind
|upkeep
|
|t:|1743779082
|switch|p1a: Iron Hands|Iron Hands|9/100
|turn|23
|
|t:|1743779087
|move|p1a: Iron Hands|Ice Punch|p2a: Slowking
|-damage|p2a: Slowking|58/100
|-status|p2a: Slowking|frz
|-curestatus|p2a: Slowking|frz|[msg]
|move|p2a: Slowking|Psychic|p1a: Iron Hands
|-supereffective|p1a: Iron Hands
|-damage|p1a: Iron Hands|0 fnt
|faint|p1a: Iron Hands
|-end|p1a: Iron Hands|Quark Drive|[silent]
|
|-heal|p2a: Slowking|64/100|[from] item: Leftovers
|upkeep
|
|t:|1743779098
|switch|p1a: Hydreigon|Hydreigon, M|44/100
|turn|24
|
|t:|1743779101
|move|p1a: Hydreigon|Dark Pulse|p2a: Slowking
|-supereffective|p2a: Slowking
|-crit|p2a: Slowking
|-damage|p2a: Slowking|0 fnt
|faint|p2a: Slowking
|
|upkeep
|
|t:|1743779107
|switch|p2a: Ogerpon|Ogerpon-Wellspring, F|100/100
|turn|25
|
|t:|1743779113
|move|p2a: Ogerpon|U-turn|p1a: Hydreigon
|-supereffective|p1a: Hydreigon
|-damage|p1a: Hydreigon|0 fnt
|faint|p1a: Hydreigon
|
|t:|1743779118
|switch|p2a: Alomomola|Alomomola, F|100/100|[from] U-turn
|
|upkeep
|
|t:|1743779122
|switch|p1a: Amoonguss|Amoonguss, F, shiny|79/100 brn
|turn|26
|
|t:|1743779128
|move|p2a: Alomomola|Wish|p2a: Alomomola
|move|p1a: Amoonguss|Toxic|p2a: Alomomola
|-status|p2a: Alomomola|tox
|
|-damage|p2a: Alomomola|94/100 tox|[from] psn
|-damage|p1a: Amoonguss|73/100 brn|[from] brn
|upkeep
|turn|27
|
|t:|1743779137
|switch|p2a: Zamazenta|Zamazenta|100/100
|-ability|p2a: Zamazenta|Dauntless Shield|boost
|-boost|p2a: Zamazenta|def|1
|move|p1a: Amoonguss|Synthesis|p1a: Amoonguss
|-heal|p1a: Amoonguss|100/100 brn
|
|-damage|p1a: Amoonguss|94/100 brn|[from] brn
|upkeep
|turn|28
|
|t:|1743779156
|move|p2a: Zamazenta|Close Combat|p1a: Amoonguss
|-resisted|p1a: Amoonguss
|-damage|p1a: Amoonguss|67/100 brn
|-unboost|p2a: Zamazenta|def|1
|-unboost|p2a: Zamazenta|spd|1
|-damage|p2a: Zamazenta|84/100|[from] item: Rocky Helmet|[of] p1a: Amoonguss
|move|p1a: Amoonguss|Toxic|p2a: Zamazenta
|-status|p2a: Zamazenta|tox
|
|-heal|p2a: Zamazenta|90/100 tox|[from] item: Leftovers
|-damage|p2a: Zamazenta|84/100 tox|[from] psn
|-damage|p1a: Amoonguss|60/100 brn|[from] brn
|upkeep
|turn|29
|
|t:|1743779170
|move|p2a: Zamazenta|Close Combat|p1a: Amoonguss
|-resisted|p1a: Amoonguss
|-damage|p1a: Amoonguss|37/100 brn
|-unboost|p2a: Zamazenta|def|1
|-unboost|p2a: Zamazenta|spd|1
|-damage|p2a: Zamazenta|67/100 tox|[from] item: Rocky Helmet|[of] p1a: Amoonguss
|move|p1a: Amoonguss|Synthesis|p1a: Amoonguss
|-heal|p1a: Amoonguss|87/100 brn
|
|-heal|p2a: Zamazenta|74/100 tox|[from] item: Leftovers
|-damage|p2a: Zamazenta|61/100 tox|[from] psn
|-damage|p1a: Amoonguss|80/100 brn|[from] brn
|upkeep
|turn|30
|
|t:|1743779184
|move|p1a: Amoonguss|Protect|p1a: Amoonguss
|-singleturn|p1a: Amoonguss|Protect
|move|p2a: Zamazenta|Close Combat|p1a: Amoonguss
|-activate|p1a: Amoonguss|move: Protect
|
|-heal|p2a: Zamazenta|67/100 tox|[from] item: Leftovers
|-damage|p2a: Zamazenta|49/100 tox|[from] psn
|-damage|p1a: Amoonguss|74/100 brn|[from] brn
|upkeep
|turn|31
|
|t:|1743779203
|switch|p2a: Alomomola|Alomomola, F|100/100 tox
|move|p1a: Amoonguss|Synthesis|p1a: Amoonguss
|-heal|p1a: Amoonguss|100/100 brn
|
|-damage|p2a: Alomomola|94/100 tox|[from] psn
|-damage|p1a: Amoonguss|94/100 brn|[from] brn
|upkeep
|turn|32
|
|t:|1743779212
|move|p2a: Alomomola|Wish|p2a: Alomomola
|move|p1a: Amoonguss|Energy Ball|p2a: Alomomola
|-supereffective|p2a: Alomomola
|-damage|p2a: Alomomola|47/100 tox
|-unboost|p2a: Alomomola|spd|1
|
|-damage|p2a: Alomomola|35/100 tox|[from] psn
|-damage|p1a: Amoonguss|88/100 brn|[from] brn
|upkeep
|turn|33
|
|t:|1743779223
|switch|p2a: Zamazenta|Zamazenta|49/100 tox
|move|p1a: Amoonguss|Energy Ball|p2a: Zamazenta
|-damage|p2a: Zamazenta|23/100 tox
|
|-heal|p2a: Zamazenta|99/100 tox|[from] move: Wish|[wisher] Alomomola
|-heal|p2a: Zamazenta|100/100 tox|[from] item: Leftovers
|-damage|p2a: Zamazenta|94/100 tox|[from] psn
|-damage|p1a: Amoonguss|82/100 brn|[from] brn
|upkeep
|turn|34
|
|t:|1743779240
|move|p2a: Zamazenta|Close Combat|p1a: Amoonguss
|-resisted|p1a: Amoonguss
|-damage|p1a: Amoonguss|56/100 brn
|-unboost|p2a: Zamazenta|def|1
|-unboost|p2a: Zamazenta|spd|1
|-damage|p2a: Zamazenta|78/100 tox|[from] item: Rocky Helmet|[of] p1a: Amoonguss
|move|p1a: Amoonguss|Energy Ball|p2a: Zamazenta
|-damage|p2a: Zamazenta|39/100 tox
|
|-heal|p2a: Zamazenta|45/100 tox|[from] item: Leftovers
|-damage|p2a: Zamazenta|33/100 tox|[from] psn
|-damage|p1a: Amoonguss|49/100 brn|[from] brn
|upkeep
|turn|35
|
|t:|1743779253
|move|p2a: Zamazenta|Close Combat|p1a: Amoonguss
|-resisted|p1a: Amoonguss
|-damage|p1a: Amoonguss|25/100 brn
|-unboost|p2a: Zamazenta|def|1
|-unboost|p2a: Zamazenta|spd|1
|-damage|p2a: Zamazenta|16/100 tox|[from] item: Rocky Helmet|[of] p1a: Amoonguss
|move|p1a: Amoonguss|Synthesis|p1a: Amoonguss
|-heal|p1a: Amoonguss|75/100 brn
|
|-heal|p2a: Zamazenta|22/100 tox|[from] item: Leftovers
|-damage|p2a: Zamazenta|4/100 tox|[from] psn
|-damage|p1a: Amoonguss|69/100 brn|[from] brn
|upkeep
|turn|36
|
|t:|1743779269
|switch|p2a: Alomomola|Alomomola, F|68/100 tox
|move|p1a: Amoonguss|Synthesis|p1a: Amoonguss
|-heal|p1a: Amoonguss|100/100 brn
|
|-damage|p2a: Alomomola|62/100 tox|[from] psn
|-damage|p1a: Amoonguss|94/100 brn|[from] brn
|upkeep
|turn|37
|
|t:|1743779285
|move|p2a: Alomomola|Wish|p2a: Alomomola
|move|p1a: Amoonguss|Energy Ball|p2a: Alomomola
|-supereffective|p2a: Alomomola
|-damage|p2a: Alomomola|15/100 tox
|
|-damage|p2a: Alomomola|3/100 tox|[from] psn
|-damage|p1a: Amoonguss|88/100 brn|[from] brn
|upkeep
|turn|38
|
|t:|1743779294
|switch|p2a: Zamazenta|Zamazenta|4/100 tox
|move|p1a: Amoonguss|Energy Ball|p2a: Zamazenta
|-damage|p2a: Zamazenta|0 fnt
|faint|p2a: Zamazenta
|
|-damage|p1a: Amoonguss|82/100 brn|[from] brn
|upkeep
|
|t:|1743779304
|switch|p2a: Alomomola|Alomomola, F|36/100 tox
|turn|39
|
|t:|1743779309
|move|p2a: Alomomola|Flip Turn|p1a: Amoonguss
|-resisted|p1a: Amoonguss
|-damage|p1a: Amoonguss|73/100 brn
|-damage|p2a: Alomomola|19/100 tox|[from] item: Rocky Helmet|[of] p1a: Amoonguss
|
|t:|1743779313
|switch|p2a: Ogerpon|Ogerpon-Wellspring, F|100/100|[from] Flip Turn
|move|p1a: Amoonguss|Energy Ball|p2a: Ogerpon
|-damage|p2a: Ogerpon|64/100
|
|-damage|p1a: Amoonguss|67/100 brn|[from] brn
|upkeep
|turn|40
|
|t:|1743779330
|-terastallize|p2a: Ogerpon|Water
|detailschange|p2a: Ogerpon|Ogerpon-Wellspring-Tera, F, tera:Water
|-ability|p2a: Ogerpon|Embody Aspect (Wellspring)|boost
|-boost|p2a: Ogerpon|spd|1
|move|p2a: Ogerpon|Ivy Cudgel|p1a: Amoonguss|[anim] Ivy Cudgel Water
|-resisted|p1a: Amoonguss
|-damage|p1a: Amoonguss|29/100 brn
|move|p1a: Amoonguss|Synthesis|p1a: Amoonguss
|-heal|p1a: Amoonguss|79/100 brn
|
|-damage|p1a: Amoonguss|73/100 brn|[from] brn
|upkeep
|turn|41
|
|t:|1743779344
|switch|p2a: Alomomola|Alomomola, F|52/100 tox
|move|p1a: Amoonguss|Energy Ball|p2a: Alomomola
|-supereffective|p2a: Alomomola
|-damage|p2a: Alomomola|5/100 tox
|
|-damage|p2a: Alomomola|0 fnt|[from] psn
|faint|p2a: Alomomola
|-damage|p1a: Amoonguss|67/100 brn|[from] brn
|upkeep
|
|t:|1743779354
|switch|p2a: Ogerpon|Ogerpon-Wellspring-Tera, F, tera:Water|64/100
|-ability|p2a: Ogerpon|Embody Aspect (Wellspring)|boost
|-boost|p2a: Ogerpon|spd|1
|turn|42
|
|t:|1743779360
|move|p2a: Ogerpon|U-turn|p1a: Amoonguss
|-damage|p1a: Amoonguss|42/100 brn
|-damage|p2a: Ogerpon|47/100|[from] item: Rocky Helmet|[of] p1a: Amoonguss
|move|p1a: Amoonguss|Energy Ball|p2a: Ogerpon
|-supereffective|p2a: Ogerpon
|-damage|p2a: Ogerpon|0 fnt
|faint|p2a: Ogerpon
|
|win|DawaWasTaken
|raw|DawaWasTaken's rating: 1067 &rarr; <strong>1093</strong><br />(+26 for winning)
|raw|PinkyTheKid7's rating: 1017 &rarr; <strong>1006</strong><br />(-11 for losing)
|l|☆PinkyTheKid7
|player|p2|
|c|☆DawaWasTaken|gg
