|j|‽jlce
|j|☆OrangeSammy
|t:|1743905129
|gametype|singles
|player|p1|jlce|102|1337
|player|p2|OrangeSammy|boarder|1324
|teamsize|p1|6
|teamsize|p2|6
|gen|9
|tier|[Gen 9] OU
|rated|
|rule|HP Percentage Mod: HP is shown in percentages
|rule|Endless Battle Clause: Forcing endless battles is banned
|rule|Species Clause: Limit one of each Pokémon
|rule|OHKO Clause: OHKO moves are banned
|rule|Evasion Items Clause: Evasion items are banned
|rule|Evasion Moves Clause: Evasion moves are banned
|rule|Sleep Moves Clause: Sleep-inducing moves are banned
|clearpoke
|poke|p1|Pawmot, F|
|poke|p1|Smeargle, M|
|poke|p1|Samurott-Hisui, F|
|poke|p1|Skeledirge, F|
|poke|p1|Sinistcha|
|poke|p1|Arcanine-Hisui, M|
|poke|p2|Ogerpon-Wellspring, F|
|poke|p2|Cinderace, M|
|poke|p2|Iron Crown|
|poke|p2|Landorus-Therian, M|
|poke|p2|Iron Valiant|
|poke|p2|Darkrai|
|teampreview
|
|t:|1743905161
|start
|switch|p1a: Samurott|Samurott-Hisui, F|100/100
|switch|p2a: Iron Valiant|Iron Valiant, shiny|100/100
|-enditem|p2a: Iron Valiant|Booster Energy
|-activate|p2a: Iron Valiant|ability: Quark Drive|[fromitem]
|-start|p2a: Iron Valiant|quarkdrivespe
|turn|1
|
|t:|1743905178
|move|p2a: Iron Valiant|Moonblast|p1a: Samurott
|-supereffective|p1a: Samurott
|-enditem|p1a: Samurott|Focus Sash
|-damage|p1a: Samurott|1/100
|move|p1a: Samurott|Razor Shell|p2a: Iron Valiant
|-damage|p2a: Iron Valiant|24/100
|-unboost|p2a: Iron Valiant|def|1
|
|upkeep
|turn|2
|
|t:|1743905196
|-end|p2a: Iron Valiant|Quark Drive|[silent]
|switch|p2a: Ogerpon|Ogerpon-Wellspring, F|100/100
|switch|p1a: Skeledirge|Skeledirge, F|100/100
|
|upkeep
|turn|3
|
|t:|1743905207
|switch|p1a: Sinistcha|Sinistcha|100/100
|move|p2a: Ogerpon|Ivy Cudgel|p1a: Sinistcha|[anim] Ivy Cudgel Water
|-resisted|p1a: Sinistcha
|-damage|p1a: Sinistcha|79/100
|
|-heal|p1a: Sinistcha|85/100|[from] item: Leftovers
|upkeep
|turn|4
|
|t:|1743905223
|switch|p2a: Cinderace|Cinderace, M|100/100
|move|p1a: Sinistcha|Matcha Gotcha|p2a: Cinderace
|-resisted|p2a: Cinderace
|-damage|p2a: Cinderace|77/100
|-heal|p1a: Sinistcha|95/100|[from] drain|[of] p2a: Cinderace
|
|-heal|p1a: Sinistcha|100/100|[from] item: Leftovers
|upkeep
|turn|5
|
|t:|1743905233
|move|p2a: Cinderace|Pyro Ball|p1a: Sinistcha
|-supereffective|p1a: Sinistcha
|-damage|p1a: Sinistcha|64/100
|move|p1a: Sinistcha|Stun Spore|p2a: Cinderace
|-status|p2a: Cinderace|par
|
|-heal|p1a: Sinistcha|70/100|[from] item: Leftovers
|upkeep
|turn|6
|
|t:|1743905243
|move|p2a: Cinderace|U-turn|p1a: Sinistcha
|-start|p2a: Cinderace|typechange|Bug|[from] ability: Libero
|-damage|p1a: Sinistcha|45/100
|
|t:|1743905252
|switch|p2a: Darkrai|Darkrai, shiny|100/100|[from] U-turn
|move|p1a: Sinistcha|Strength Sap|p2a: Darkrai
|-unboost|p2a: Darkrai|atk|1
|-heal|p1a: Sinistcha|93/100
|
|-heal|p1a: Sinistcha|99/100|[from] item: Leftovers
|upkeep
|turn|7
|
|t:|1743905261
|switch|p1a: Samurott|Samurott-Hisui, F|1/100
|move|p2a: Darkrai|Nasty Plot|p2a: Darkrai
|-boost|p2a: Darkrai|spa|2
|
|upkeep
|turn|8
|
|t:|1743905274
|move|p1a: Samurott|Sucker Punch|p2a: Darkrai
|-resisted|p2a: Darkrai
|-crit|p2a: Darkrai
|-damage|p2a: Darkrai|67/100
|move|p2a: Darkrai|Dark Pulse|p1a: Samurott
|-resisted|p1a: Samurott
|-damage|p1a: Samurott|0 fnt
|faint|p1a: Samurott
|
|-heal|p2a: Darkrai|73/100|[from] item: Leftovers
|upkeep
|
|t:|1743905277
|switch|p1a: Smeargle|Smeargle, M|100/100
|turn|9
|
|t:|1743905288
|move|p2a: Darkrai|Dark Pulse|p1a: Smeargle
|-enditem|p1a: Smeargle|Focus Sash
|-damage|p1a: Smeargle|1/100
|move|p1a: Smeargle|Nuzzle|p2a: Darkrai
|-damage|p2a: Darkrai|69/100
|-status|p2a: Darkrai|par
|
|-heal|p2a: Darkrai|75/100 par|[from] item: Leftovers
|upkeep
|turn|10
|
|t:|1743905297
|move|p1a: Smeargle|Sticky Web|p2a: Darkrai
|-sidestart|p2: OrangeSammy|move: Sticky Web
|move|p2a: Darkrai|Nasty Plot|p2a: Darkrai
|-boost|p2a: Darkrai|spa|2
|
|-heal|p2a: Darkrai|81/100 par|[from] item: Leftovers
|upkeep
|turn|11
|
|t:|1743905305
|move|p1a: Smeargle|Stone Axe|p2a: Darkrai
|-damage|p2a: Darkrai|70/100 par
|-sidestart|p2: OrangeSammy|move: Stealth Rock
|move|p2a: Darkrai|Dark Pulse|p1a: Smeargle
|-crit|p1a: Smeargle
|-damage|p1a: Smeargle|0 fnt
|faint|p1a: Smeargle
|
|-heal|p2a: Darkrai|76/100 par|[from] item: Leftovers
|upkeep
|
|t:|1743905314
|switch|p1a: Arcanine|Arcanine-Hisui, M|100/100
|turn|12
|
|t:|1743905330
|-terastallize|p2a: Darkrai|Poison
|move|p1a: Arcanine|Flame Charge|p2a: Darkrai
|-damage|p2a: Darkrai|38/100 par
|-boost|p1a: Arcanine|spe|1
|cant|p2a: Darkrai|par
|
|-heal|p2a: Darkrai|44/100 par|[from] item: Leftovers
|upkeep
|turn|13
|
|t:|1743905340
|move|p1a: Arcanine|Flare Blitz|p2a: Darkrai
|-damage|p2a: Darkrai|0 fnt
|faint|p2a: Darkrai
|
|upkeep
|
|t:|1743905356
|switch|p2a: Landorus|Landorus-Therian, M|100/100
|-damage|p2a: Landorus|88/100|[from] Stealth Rock
|-ability|p2a: Landorus|Intimidate|boost
|-unboost|p1a: Arcanine|atk|1
|turn|14
|
|t:|1743905362
|switch|p1a: Sinistcha|Sinistcha|99/100
|move|p2a: Landorus|Earthquake|p1a: Sinistcha
|-resisted|p1a: Sinistcha
|-damage|p1a: Sinistcha|79/100
|
|-heal|p1a: Sinistcha|85/100|[from] item: Leftovers
|upkeep
|turn|15
|
|t:|1743905382
|switch|p2a: Iron Crown|Iron Crown|100/100
|-activate|p2a: Iron Crown|move: Sticky Web
|-unboost|p2a: Iron Crown|spe|1
|-damage|p2a: Iron Crown|94/100|[from] Stealth Rock
|move|p1a: Sinistcha|Matcha Gotcha|p2a: Iron Crown
|-resisted|p2a: Iron Crown
|-damage|p2a: Iron Crown|85/100
|-heal|p1a: Sinistcha|90/100|[from] drain|[of] p2a: Iron Crown
|
|-heal|p1a: Sinistcha|96/100|[from] item: Leftovers
|upkeep
|turn|16
|
|t:|1743905394
|move|p1a: Sinistcha|Stun Spore|p2a: Iron Crown
|-status|p2a: Iron Crown|par
|move|p2a: Iron Crown|Psychic Noise|p1a: Sinistcha
|-damage|p1a: Sinistcha|50/100
|-start|p1a: Sinistcha|move: Heal Block
|
|upkeep
|turn|17
|
|t:|1743905401
|move|p1a: Sinistcha|Hex|p2a: Iron Crown
|-supereffective|p2a: Iron Crown
|-damage|p2a: Iron Crown|29/100 par
|move|p2a: Iron Crown|Psychic Noise|p1a: Sinistcha
|-damage|p1a: Sinistcha|0 fnt
|faint|p1a: Sinistcha
|
|upkeep
|
|t:|1743905415
|switch|p1a: Skeledirge|Skeledirge, F|100/100
|turn|18
|
|t:|1743905431
|move|p1a: Skeledirge|Torch Song|p2a: Iron Crown
|-supereffective|p2a: Iron Crown
|-damage|p2a: Iron Crown|0 fnt
|-boost|p1a: Skeledirge|spa|1
|faint|p2a: Iron Crown
|-end|p2a: Iron Crown|Quark Drive|[silent]
|
|upkeep
|
|t:|1743905437
|switch|p2a: Landorus|Landorus-Therian, M|88/100
|-damage|p2a: Landorus|76/100|[from] Stealth Rock
|-ability|p2a: Landorus|Intimidate|boost
|-unboost|p1a: Skeledirge|atk|1
|turn|19
|
|t:|1743905444
|-terastallize|p1a: Skeledirge|Fairy
|move|p2a: Landorus|Earthquake|p1a: Skeledirge
|-damage|p1a: Skeledirge|55/100
|move|p1a: Skeledirge|Will-O-Wisp|p2a: Landorus|[miss]
|-miss|p1a: Skeledirge|p2a: Landorus
|
|upkeep
|turn|20
|
|t:|1743905458
|move|p2a: Landorus|Earthquake|p1a: Skeledirge
|-damage|p1a: Skeledirge|11/100
|move|p1a: Skeledirge|Slack Off|p1a: Skeledirge
|-heal|p1a: Skeledirge|61/100
|
|upkeep
|turn|21
|
|t:|1743905465
|move|p2a: Landorus|Earthquake|p1a: Skeledirge
|-damage|p1a: Skeledirge|14/100
|move|p1a: Skeledirge|Slack Off|p1a: Skeledirge
|-heal|p1a: Skeledirge|64/100
|
|upkeep
|turn|22
|
|t:|1743905484
|switch|p2a: Ogerpon|Ogerpon-Wellspring, F|100/100
|-activate|p2a: Ogerpon|move: Sticky Web
|-unboost|p2a: Ogerpon|spe|1
|-damage|p2a: Ogerpon|88/100|[from] Stealth Rock
|move|p1a: Skeledirge|Will-O-Wisp|p2a: Ogerpon
|-status|p2a: Ogerpon|brn
|
|-damage|p2a: Ogerpon|82/100 brn|[from] brn
|upkeep
|turn|23
|
|t:|1743905496
|move|p2a: Ogerpon|Ivy Cudgel|p1a: Skeledirge|[anim] Ivy Cudgel Water
|-crit|p1a: Skeledirge
|-damage|p1a: Skeledirge|27/100
|move|p1a: Skeledirge|Slack Off|p1a: Skeledirge
|-heal|p1a: Skeledirge|77/100
|
|-damage|p2a: Ogerpon|76/100 brn|[from] brn
|upkeep
|turn|24
|
|t:|1743905504
|move|p2a: Ogerpon|Ivy Cudgel|p1a: Skeledirge|[anim] Ivy Cudgel Water
|-damage|p1a: Skeledirge|50/100
|move|p1a: Skeledirge|Torch Song|p2a: Ogerpon
|-damage|p2a: Ogerpon|26/100 brn
|-boost|p1a: Skeledirge|spa|1
|
|-damage|p2a: Ogerpon|20/100 brn|[from] brn
|upkeep
|turn|25
|
|t:|1743905532
|move|p2a: Ogerpon|Ivy Cudgel|p1a: Skeledirge|[anim] Ivy Cudgel Water
|-damage|p1a: Skeledirge|24/100
|move|p1a: Skeledirge|Slack Off|p1a: Skeledirge
|-heal|p1a: Skeledirge|74/100
|
|-damage|p2a: Ogerpon|14/100 brn|[from] brn
|upkeep
|turn|26
|
|t:|1743905540
|move|p2a: Ogerpon|Ivy Cudgel|p1a: Skeledirge|[anim] Ivy Cudgel Water
|-damage|p1a: Skeledirge|50/100
|move|p1a: Skeledirge|Torch Song|p2a: Ogerpon
|-damage|p2a: Ogerpon|0 fnt
|-boost|p1a: Skeledirge|spa|1
|faint|p2a: Ogerpon
|
|upkeep
|
|t:|1743905554
|switch|p2a: Iron Valiant|Iron Valiant, shiny|24/100
|-activate|p2a: Iron Valiant|move: Sticky Web
|-unboost|p2a: Iron Valiant|spe|1
|-damage|p2a: Iron Valiant|18/100|[from] Stealth Rock
|turn|27
|
|t:|1743905570
|move|p2a: Iron Valiant|Destiny Bond|p2a: Iron Valiant
|-singlemove|p2a: Iron Valiant|Destiny Bond
|move|p1a: Skeledirge|Slack Off|p1a: Skeledirge
|-heal|p1a: Skeledirge|99/100
|
|upkeep
|turn|28
|
|t:|1743905578
|-end|p2a: Iron Valiant|Quark Drive|[silent]
|switch|p2a: Cinderace|Cinderace, M|77/100 par
|-activate|p2a: Cinderace|move: Sticky Web
|-unboost|p2a: Cinderace|spe|1
|-damage|p2a: Cinderace|52/100 par|[from] Stealth Rock
|move|p1a: Skeledirge|Will-O-Wisp||[still]
|-fail|p1a: Skeledirge
|
|upkeep
|turn|29
|
|t:|1743905588
|move|p1a: Skeledirge|Hex|p2a: Cinderace
|-damage|p2a: Cinderace|0 fnt
|faint|p2a: Cinderace
|
|upkeep
|
|t:|1743905594
|switch|p2a: Iron Valiant|Iron Valiant, shiny|18/100
|-activate|p2a: Iron Valiant|move: Sticky Web
|-unboost|p2a: Iron Valiant|spe|1
|-damage|p2a: Iron Valiant|12/100|[from] Stealth Rock
|turn|30
|
|t:|1743905608
|move|p2a: Iron Valiant|Shadow Ball|p1a: Skeledirge
|-damage|p1a: Skeledirge|82/100
|move|p1a: Skeledirge|Torch Song|p2a: Iron Valiant
|-damage|p2a: Iron Valiant|0 fnt
|-boost|p1a: Skeledirge|spa|1
|faint|p2a: Iron Valiant
|-end|p2a: Iron Valiant|Quark Drive|[silent]
|
|upkeep
|inactive|Battle timer is ON: inactive players will automatically lose when time's up. (requested by jlce)
|c|☆OrangeSammy|gg
|
|t:|1743905623
|switch|p2a: Landorus|Landorus-Therian, M|76/100
|-damage|p2a: Landorus|64/100|[from] Stealth Rock
|-ability|p2a: Landorus|Intimidate|boost
|-unboost|p1a: Skeledirge|atk|1
|turn|31
|
|t:|1743905629
|move|p2a: Landorus|Earthquake|p1a: Skeledirge
|-damage|p1a: Skeledirge|31/100
|move|p1a: Skeledirge|Torch Song|p2a: Landorus
|-damage|p2a: Landorus|0 fnt
|-boost|p1a: Skeledirge|spa|1
|faint|p2a: Landorus
|
|win|jlce
|raw|jlce's rating: 1337 &rarr; <strong>1356</strong><br />(+19 for winning)
|raw|OrangeSammy's rating: 1324 &rarr; <strong>1305</strong><br />(-19 for losing)
|l|‽jlce
|player|p1|
|l|☆OrangeSammy
|player|p2|
