|j|☆GintamaXXOO
|j|☆R. Caroline
|t:|1743808947
|gametype|singles
|player|p1|GintamaXXOO|magmagruntf|1640
|player|p2|R. Caroline|pokemonrangerf-gen4|1610
|teamsize|p1|6
|teamsize|p2|6
|gen|9
|tier|[Gen 9] OU
|rated|
|rule|HP Percentage Mod: HP is shown in percentages
|rule|Endless Battle Clause: Forcing endless battles is banned
|rule|Species Clause: Limit one of each Pokémon
|rule|OHKO Clause: OHKO moves are banned
|rule|Evasion Items Clause: Evasion items are banned
|rule|Evasion Moves Clause: Evasion moves are banned
|rule|Sleep Moves Clause: Sleep-inducing moves are banned
|clearpoke
|poke|p1|Kyurem|
|poke|p1|Cinderace, M|
|poke|p1|Iron Valiant|
|poke|p1|Kingambit, M|
|poke|p1|Zapdos|
|poke|p1|Landorus-Therian, M|
|poke|p2|Latias, F|
|poke|p2|Chansey, F|
|poke|p2|Ursaluna, M|
|poke|p2|Scizor, M|
|poke|p2|Umbreon, F|
|poke|p2|Mew|
|teampreview
|
|t:|1743808954
|start
|switch|p1a: Homelandor|Landorus-Therian, M, shiny|100/100
|switch|p2a: Boston|Mew, shiny|100/100
|-ability|p1a: Homelandor|Intimidate|boost
|-unboost|p2a: Boston|atk|1
|turn|1
|
|t:|1743808960
|move|p2a: Boston|Ice Beam|p1a: Homelandor
|-supereffective|p1a: Homelandor
|-damage|p1a: Homelandor|0 fnt
|faint|p1a: Homelandor
|
|upkeep
|
|t:|1743809003
|switch|p1a: Mr. Freeze|Kyurem, shiny|100/100
|-ability|p1a: Mr. Freeze|Pressure
|turn|2
|inactive|Battle timer is ON: inactive players will automatically lose when time's up. (requested by GintamaXXOO)
|
|t:|1743809018
|switch|p2a: Garf|Scizor, M, shiny|100/100
|move|p1a: Mr. Freeze|Substitute|p1a: Mr. Freeze
|-start|p1a: Mr. Freeze|Substitute
|-damage|p1a: Mr. Freeze|75/100
|
|-heal|p1a: Mr. Freeze|82/100|[from] item: Leftovers
|upkeep
|turn|3
|
|t:|1743809027
|move|p1a: Mr. Freeze|Protect|p1a: Mr. Freeze
|-singleturn|p1a: Mr. Freeze|Protect
|move|p2a: Garf|Bullet Punch|p1a: Mr. Freeze
|-activate|p1a: Mr. Freeze|move: Protect
|
|-heal|p1a: Mr. Freeze|88/100|[from] item: Leftovers
|upkeep
|turn|4
|
|t:|1743809034
|move|p2a: Garf|Bullet Punch|p1a: Mr. Freeze
|-supereffective|p1a: Mr. Freeze
|-end|p1a: Mr. Freeze|Substitute
|move|p1a: Mr. Freeze|Earth Power|p2a: Garf
|-damage|p2a: Garf|65/100
|
|-heal|p1a: Mr. Freeze|94/100|[from] item: Leftovers
|upkeep
|turn|5
|
|t:|1743809042
|switch|p1a: Zapdos|Zapdos|100/100
|move|p2a: Garf|U-turn|p1a: Zapdos
|-resisted|p1a: Zapdos
|-damage|p1a: Zapdos|88/100
|
|t:|1743809057
|switch|p2a: Kori|Latias, F, shiny|100/100|[from] U-turn
|
|upkeep
|turn|6
|
|t:|1743809062
|move|p2a: Kori|Future Sight|p1a: Zapdos
|-start|p2a: Kori|move: Future Sight
|move|p1a: Zapdos|Thunder Wave|p2a: Kori
|-status|p2a: Kori|par
|
|upkeep
|turn|7
|
|t:|1743809067
|switch|p2a: Etrig|Ursaluna, M, shiny|100/100
|move|p1a: Zapdos|Volt Switch|p2a: Etrig
|-immune|p2a: Etrig
|
|upkeep
|turn|8
|
|t:|1743809073
|move|p1a: Zapdos|Hurricane|p2a: Etrig
|-damage|p2a: Etrig|73/100
|-start|p2a: Etrig|confusion
|-activate|p2a: Etrig|confusion
|-damage|p2a: Etrig|63/100|[from] confusion
|
|-end|p1a: Zapdos|move: Future Sight
|-damage|p1a: Zapdos|38/100
|upkeep
|turn|9
|
|t:|1743809081
|move|p1a: Zapdos|Roost|p1a: Zapdos
|-heal|p1a: Zapdos|88/100
|-singleturn|p1a: Zapdos|move: Roost
|-activate|p2a: Etrig|confusion
|move|p2a: Etrig|Earthquake|p1a: Zapdos
|-supereffective|p1a: Zapdos
|-damage|p1a: Zapdos|10/100
|
|upkeep
|turn|10
|
|t:|1743809090
|switch|p1a: Mr. Freeze|Kyurem, shiny|94/100
|-ability|p1a: Mr. Freeze|Pressure
|switch|p2a: Kori|Latias, F, shiny|100/100 par
|
|-heal|p1a: Mr. Freeze|99/100|[from] item: Leftovers
|upkeep
|turn|11
|
|t:|1743809099
|move|p1a: Mr. Freeze|Substitute|p1a: Mr. Freeze
|-start|p1a: Mr. Freeze|Substitute
|-damage|p1a: Mr. Freeze|75/100
|move|p2a: Kori|Alluring Voice|p1a: Mr. Freeze
|-supereffective|p1a: Mr. Freeze
|-damage|p1a: Mr. Freeze|3/100
|
|-heal|p1a: Mr. Freeze|10/100|[from] item: Leftovers
|upkeep
|turn|12
|
|t:|1743809108
|move|p1a: Mr. Freeze|Freeze-Dry|p2a: Kori
|-supereffective|p2a: Kori
|-damage|p2a: Kori|41/100 par
|move|p2a: Kori|Alluring Voice|p1a: Mr. Freeze
|-supereffective|p1a: Mr. Freeze
|-damage|p1a: Mr. Freeze|0 fnt
|faint|p1a: Mr. Freeze
|
|upkeep
|
|t:|1743809116
|switch|p1a: Iron Valiant|Iron Valiant|100/100
|-enditem|p1a: Iron Valiant|Booster Energy
|-activate|p1a: Iron Valiant|ability: Quark Drive|[fromitem]
|-start|p1a: Iron Valiant|quarkdrivespe
|turn|13
|
|t:|1743809121
|switch|p2a: Garf|Scizor, M, shiny|65/100
|move|p1a: Iron Valiant|Knock Off|p2a: Garf
|-damage|p2a: Garf|41/100
|-enditem|p2a: Garf|Heavy-Duty Boots|[from] move: Knock Off|[of] p1a: Iron Valiant
|
|upkeep
|turn|14
|
|t:|1743809127
|move|p1a: Iron Valiant|Close Combat|p2a: Garf
|-crit|p2a: Garf
|-damage|p2a: Garf|0 fnt
|-unboost|p1a: Iron Valiant|def|1
|-unboost|p1a: Iron Valiant|spd|1
|faint|p2a: Garf
|
|upkeep
|
|t:|1743809147
|switch|p2a: Etrig|Ursaluna, M, shiny|63/100
|turn|15
|
|t:|1743809152
|-terastallize|p2a: Etrig|Bug
|move|p1a: Iron Valiant|Close Combat|p2a: Etrig
|-resisted|p2a: Etrig
|-damage|p2a: Etrig|45/100
|-unboost|p1a: Iron Valiant|def|1
|-unboost|p1a: Iron Valiant|spd|1
|move|p2a: Etrig|Heavy Slam|p1a: Iron Valiant
|-supereffective|p1a: Iron Valiant
|-damage|p1a: Iron Valiant|0 fnt
|faint|p1a: Iron Valiant
|-end|p1a: Iron Valiant|Quark Drive|[silent]
|
|upkeep
|
|t:|1743809160
|switch|p1a: Cinderace|Cinderace, M|100/100
|turn|16
|
|t:|1743809163
|move|p1a: Cinderace|Pyro Ball|p2a: Etrig
|-immune|p2a: Etrig|[from] ability: Bulletproof
|move|p2a: Etrig|Earthquake|p1a: Cinderace
|-supereffective|p1a: Cinderace
|-damage|p1a: Cinderace|0 fnt
|faint|p1a: Cinderace
|
|upkeep
|-message|GintamaXXOO forfeited.
|
|win|R. Caroline
|raw|GintamaXXOO's rating: 1613 &rarr; <strong>1593</strong><br />(-20 for losing)
|raw|R. Caroline's rating: 1610 &rarr; <strong>1630</strong><br />(+20 for winning)
|l|☆GintamaXXOO
|player|p1|
