|j|☆Best pokemon names
|j|☆DXSandstormsXD
|t:|1743869361
|gametype|singles
|player|p1|Best pokemon names|battlegirl-gen4|1341
|player|p2|DXSandstormsXD|170|1350
|teamsize|p1|6
|teamsize|p2|6
|gen|9
|tier|[Gen 9] OU
|rated|
|rule|HP Percentage Mod: HP is shown in percentages
|rule|Endless Battle Clause: Forcing endless battles is banned
|rule|Species Clause: Limit one of each Pokémon
|rule|OHKO Clause: OHKO moves are banned
|rule|Evasion Items Clause: Evasion items are banned
|rule|Evasion Moves Clause: Evasion moves are banned
|rule|Sleep Moves Clause: Sleep-inducing moves are banned
|clearpoke
|poke|p1|Raging Bolt|
|poke|p1|Ogerpon-Wellspring, F|
|poke|p1|Enamorus, F|
|poke|p1|Ting-Lu|
|poke|p1|Slowking-Galar, F|
|poke|p1|Zamazenta-*|
|poke|p2|Iron Treads|
|poke|p2|Pincurchin, F|
|poke|p2|Raichu-Alola, F|
|poke|p2|Gholdengo|
|poke|p2|Weavile, F|
|poke|p2|Gyarados, F|
|teampreview
|inactive|Battle timer is ON: inactive players will automatically lose when time's up. (requested by DXSandstormsXD)
|
|t:|1743869378
|start
|switch|p1a: Raging Moon|Enamorus, F|100/100
|switch|p2a: Weavile|Weavile, F|100/100
|-ability|p2a: Weavile|Pressure
|turn|1
|
|t:|1743869388
|move|p1a: Raging Moon|Moonblast|p2a: Weavile
|-supereffective|p2a: Weavile
|-damage|p2a: Weavile|0 fnt
|faint|p2a: Weavile
|
|upkeep
|
|t:|1743869394
|switch|p2a: Iron Treads|Iron Treads|100/100
|turn|2
|
|t:|1743869398
|switch|p1a: Thesian Vessel|Ting-Lu|100/100
|-ability|p1a: Thesian Vessel|Vessel of Ruin
|move|p2a: Iron Treads|Knock Off|p1a: Thesian Vessel
|-resisted|p1a: Thesian Vessel
|-damage|p1a: Thesian Vessel|93/100
|-damage|p2a: Iron Treads|84/100|[from] item: Rocky Helmet|[of] p1a: Thesian Vessel
|-enditem|p1a: Thesian Vessel|Rocky Helmet|[from] move: Knock Off|[of] p2a: Iron Treads
|
|upkeep
|turn|3
|
|t:|1743869404
|-end|p2a: Iron Treads|Quark Drive|[silent]
|switch|p2a: Gyarados|Gyarados, F|100/100
|-ability|p2a: Gyarados|Intimidate|boost
|-unboost|p1a: Thesian Vessel|atk|1
|move|p1a: Thesian Vessel|Spikes|p2a: Gyarados
|-sidestart|p2: DXSandstormsXD|Spikes
|
|upkeep
|turn|4
|
|t:|1743869413
|move|p2a: Gyarados|Dragon Dance|p2a: Gyarados
|-boost|p2a: Gyarados|atk|1
|-boost|p2a: Gyarados|spe|1
|move|p1a: Thesian Vessel|Whirlwind|p2a: Gyarados
|drag|p2a: Iron Treads|Iron Treads|84/100
|
|upkeep
|turn|5
|
|t:|1743869419
|-terastallize|p1a: Thesian Vessel|Ghost
|move|p2a: Iron Treads|Rapid Spin|p1a: Thesian Vessel
|-immune|p1a: Thesian Vessel
|move|p1a: Thesian Vessel|Spikes|p2a: Iron Treads
|-sidestart|p2: DXSandstormsXD|Spikes
|
|upkeep
|turn|6
|
|t:|1743869423
|move|p2a: Iron Treads|Knock Off|p1a: Thesian Vessel
|-supereffective|p1a: Thesian Vessel
|-damage|p1a: Thesian Vessel|72/100
|move|p1a: Thesian Vessel|Spikes|p2a: Iron Treads
|-sidestart|p2: DXSandstormsXD|Spikes
|
|upkeep
|turn|7
|
|t:|1743869427
|-end|p2a: Iron Treads|Quark Drive|[silent]
|switch|p2a: Gholdengo|Gholdengo|100/100
|-item|p2a: Gholdengo|Air Balloon
|switch|p1a: Ogerpon|Ogerpon-Wellspring, F|100/100
|
|upkeep
|turn|8
|
|t:|1743869433
|move|p1a: Ogerpon|Knock Off|p2a: Gholdengo
|-supereffective|p2a: Gholdengo
|-damage|p2a: Gholdengo|27/100
|-enditem|p2a: Gholdengo|Air Balloon
|move|p2a: Gholdengo|Shadow Ball|p1a: Ogerpon
|-damage|p1a: Ogerpon|48/100
|
|upkeep
|turn|9
|
|t:|1743869443
|switch|p2a: Gyarados|Gyarados, F|100/100
|-ability|p2a: Gyarados|Intimidate|boost
|-unboost|p1a: Ogerpon|atk|1
|move|p1a: Ogerpon|Knock Off|p2a: Gyarados
|-damage|p2a: Gyarados|71/100
|-enditem|p2a: Gyarados|Leftovers|[from] move: Knock Off|[of] p1a: Ogerpon
|
|upkeep
|turn|10
|
|t:|1743869451
|switch|p1a: Roaring Bolt|Raging Bolt|100/100
|move|p2a: Gyarados|Dragon Dance|p2a: Gyarados
|-boost|p2a: Gyarados|atk|1
|-boost|p2a: Gyarados|spe|1
|
|upkeep
|turn|11
|inactive|Best pokemon names has 120 seconds left.
|
|t:|1743869491
|-end|p1a: Roaring Bolt|Protosynthesis|[silent]
|switch|p1a: Raging Moon|Enamorus, F|100/100
|move|p2a: Gyarados|Substitute|p2a: Gyarados
|-start|p2a: Gyarados|Substitute
|-damage|p2a: Gyarados|46/100
|
|upkeep
|turn|12
|
|t:|1743869498
|move|p1a: Raging Moon|Moonblast|p2a: Gyarados
|-end|p2a: Gyarados|Substitute
|move|p2a: Gyarados|Dragon Dance|p2a: Gyarados
|-boost|p2a: Gyarados|atk|1
|-boost|p2a: Gyarados|spe|1
|
|upkeep
|turn|13
|
|t:|1743869506
|switch|p1a: Ogerpon|Ogerpon-Wellspring, F|48/100
|move|p2a: Gyarados|Waterfall|p1a: Ogerpon
|-heal|p1a: Ogerpon|73/100|[from] ability: Water Absorb|[of] p2a: Gyarados
|
|upkeep
|turn|14
|
|t:|1743869515
|move|p2a: Gyarados|Earthquake|p1a: Ogerpon
|-resisted|p1a: Ogerpon
|-damage|p1a: Ogerpon|32/100
|move|p1a: Ogerpon|Horn Leech|p2a: Gyarados
|-damage|p2a: Gyarados|0 fnt
|-heal|p1a: Ogerpon|57/100|[from] drain|[of] p2a: Gyarados
|faint|p2a: Gyarados
|
|upkeep
|
|t:|1743869520
|switch|p2a: Pincurchin|Pincurchin, F|100/100
|-damage|p2a: Pincurchin|75/100|[from] Spikes
|-fieldstart|move: Electric Terrain|[from] ability: Electric Surge|[of] p2a: Pincurchin
|turn|15
|
|t:|1743869532
|switch|p1a: Roaring Bolt|Raging Bolt|100/100
|move|p2a: Pincurchin|Thunder Wave|p1a: Roaring Bolt|[miss]
|-miss|p2a: Pincurchin|p1a: Roaring Bolt
|
|upkeep
|turn|16
|
|t:|1743869537
|switch|p2a: Iron Treads|Iron Treads|84/100
|-activate|p2a: Iron Treads|ability: Quark Drive
|-start|p2a: Iron Treads|quarkdrivespe
|move|p1a: Roaring Bolt|Draco Meteor|p2a: Iron Treads
|-resisted|p2a: Iron Treads
|-damage|p2a: Iron Treads|27/100
|-unboost|p1a: Roaring Bolt|spa|2
|
|upkeep
|turn|17
|
|t:|1743869545
|-end|p1a: Roaring Bolt|Protosynthesis|[silent]
|switch|p1a: Thesian Vessel|Ting-Lu, tera:Ghost|72/100
|-ability|p1a: Thesian Vessel|Vessel of Ruin
|move|p2a: Iron Treads|Rapid Spin|p1a: Thesian Vessel
|-immune|p1a: Thesian Vessel
|
|upkeep
|turn|18
|
|t:|1743869549
|move|p2a: Iron Treads|Volt Switch|p1a: Thesian Vessel
|-damage|p1a: Thesian Vessel|65/100
|
|t:|1743869554
|-end|p2a: Iron Treads|Quark Drive|[silent]
|switch|p2a: Pincurchin|Pincurchin, F|75/100|[from] Volt Switch
|-damage|p2a: Pincurchin|50/100|[from] Spikes
|move|p1a: Thesian Vessel|Whirlwind|p2a: Pincurchin
|drag|p2a: Raichu|Raichu-Alola, F|100/100
|-damage|p2a: Raichu|76/100|[from] Spikes
|
|upkeep
|turn|19
|
|t:|1743869565
|move|p2a: Raichu|Thunderbolt|p1a: Thesian Vessel
|-damage|p1a: Thesian Vessel|30/100
|move|p1a: Thesian Vessel|Earthquake|p2a: Raichu
|-supereffective|p2a: Raichu
|-damage|p2a: Raichu|0 fnt
|faint|p2a: Raichu
|
|upkeep
|
|t:|1743869572
|switch|p2a: Gholdengo|Gholdengo|27/100
|-damage|p2a: Gholdengo|2/100|[from] Spikes
|turn|20
|
|t:|1743869581
|-terastallize|p2a: Gholdengo|Flying
|move|p2a: Gholdengo|Recover|p2a: Gholdengo
|-heal|p2a: Gholdengo|52/100
|move|p1a: Thesian Vessel|Earthquake|p2a: Gholdengo
|-immune|p2a: Gholdengo
|
|upkeep
|turn|21
|
|t:|1743869588
|move|p2a: Gholdengo|Shadow Ball|p1a: Thesian Vessel
|-supereffective|p1a: Thesian Vessel
|-damage|p1a: Thesian Vessel|0 fnt
|faint|p1a: Thesian Vessel
|
|upkeep
|
|t:|1743869592
|switch|p1a: Roaring Bolt|Raging Bolt|100/100
|turn|22
|
|t:|1743869602
|switch|p2a: Pincurchin|Pincurchin, F|50/100
|-damage|p2a: Pincurchin|25/100|[from] Spikes
|move|p1a: Roaring Bolt|Draco Meteor|p2a: Pincurchin
|-damage|p2a: Pincurchin|0 fnt
|-unboost|p1a: Roaring Bolt|spa|2
|faint|p2a: Pincurchin
|
|-fieldend|move: Electric Terrain
|upkeep
|
|t:|1743869609
|switch|p2a: Iron Treads|Iron Treads|27/100
|turn|23
|
|t:|1743869619
|move|p2a: Iron Treads|Rapid Spin|p1a: Roaring Bolt
|-crit|p1a: Roaring Bolt
|-damage|p1a: Roaring Bolt|80/100
|-boost|p2a: Iron Treads|spe|1
|-sideend|p2: DXSandstormsXD|Spikes|[from] move: Rapid Spin|[of] p2a: Iron Treads
|move|p1a: Roaring Bolt|Draco Meteor|p2a: Iron Treads
|-resisted|p2a: Iron Treads
|-crit|p2a: Iron Treads
|-damage|p2a: Iron Treads|0 fnt
|-unboost|p1a: Roaring Bolt|spa|2
|faint|p2a: Iron Treads
|-end|p2a: Iron Treads|Quark Drive|[silent]
|
|-heal|p1a: Roaring Bolt|86/100|[from] item: Leftovers
|upkeep
|
|t:|1743869627
|switch|p2a: Gholdengo|Gholdengo, tera:Flying|52/100
|turn|24
|
|t:|1743869631
|move|p2a: Gholdengo|Nasty Plot|p2a: Gholdengo
|-boost|p2a: Gholdengo|spa|2
|move|p1a: Roaring Bolt|Discharge|p2a: Gholdengo
|-supereffective|p2a: Gholdengo
|-damage|p2a: Gholdengo|22/100
|-status|p2a: Gholdengo|par
|
|-heal|p1a: Roaring Bolt|92/100|[from] item: Leftovers
|upkeep
|turn|25
|
|t:|1743869634
|move|p1a: Roaring Bolt|Discharge|p2a: Gholdengo
|-supereffective|p2a: Gholdengo
|-crit|p2a: Gholdengo
|-damage|p2a: Gholdengo|0 fnt
|faint|p2a: Gholdengo
|
|win|Best pokemon names
|raw|Best pokemon names's rating: 1341 &rarr; <strong>1362</strong><br />(+21 for winning)
|raw|DXSandstormsXD's rating: 1350 &rarr; <strong>1329</strong><br />(-21 for losing)
|c|☆Best pokemon names|gg
|l|☆DXSandstormsXD
|player|p2|
