|j|☆2(H2O)-Alt
|j|☆clail
|t:|1743866940
|gametype|singles
|player|p1|2(H2O)-Alt|chase|1681
|player|p2|clail|266|1697
|teamsize|p1|6
|teamsize|p2|6
|gen|9
|tier|[Gen 9] OU
|rated|
|rule|HP Percentage Mod: HP is shown in percentages
|rule|Endless Battle Clause: Forcing endless battles is banned
|rule|Species Clause: Limit one of each Pokémon
|rule|OHKO Clause: OHKO moves are banned
|rule|Evasion Items Clause: Evasion items are banned
|rule|Evasion Moves Clause: Evasion moves are banned
|rule|Sleep Moves Clause: Sleep-inducing moves are banned
|clearpoke
|poke|p1|Cinderace, M|
|poke|p1|Kingambit, M|
|poke|p1|Weavile, M|
|poke|p1|Alomomola, F|
|poke|p1|Pecharunt|
|poke|p1|Landorus-Therian, M|
|poke|p2|Ceruledge, M|
|poke|p2|Gholdengo|
|poke|p2|Ribombee, M|
|poke|p2|Great Tusk|
|poke|p2|Ogerpon-Wellspring, F|
|poke|p2|Glimmora, F|
|teampreview
|inactive|Battle timer is ON: inactive players will automatically lose when time's up. (requested by 2(H2O)-Alt)
|c|☆2(H2O)-Alt|Hf big bro
|inactive|2(H2O)-Alt has 120 seconds left.
|
|t:|1743866982
|start
|switch|p1a: Landorus|Landorus-Therian, M|100/100
|switch|p2a: Glimmora|Glimmora, F|100/100
|-ability|p1a: Landorus|Intimidate|boost
|-unboost|p2a: Glimmora|atk|1
|turn|1
|
|t:|1743867000
|move|p1a: Landorus|Earthquake|p2a: Glimmora
|-supereffective|p2a: Glimmora
|-damage|p2a: Glimmora|0 fnt
|-activate|p2a: Glimmora|ability: Toxic Debris
|-sidestart|p1: 2(H2O)-Alt|move: Toxic Spikes
|faint|p2a: Glimmora
|
|upkeep
|
|t:|1743867002
|switch|p2a: Ogerpon|Ogerpon-Wellspring, F|100/100
|turn|2
|
|t:|1743867009
|switch|p1a: Pecharunt|Pecharunt|100/100
|-item|p1a: Pecharunt|Air Balloon
|-terastallize|p2a: Ogerpon|Water
|detailschange|p2a: Ogerpon|Ogerpon-Wellspring-Tera, F, tera:Water
|-ability|p2a: Ogerpon|Embody Aspect (Wellspring)|boost
|-boost|p2a: Ogerpon|spd|1
|move|p2a: Ogerpon|Ivy Cudgel|p1a: Pecharunt|[anim] Ivy Cudgel Water
|-damage|p1a: Pecharunt|66/100
|-enditem|p1a: Pecharunt|Air Balloon
|
|upkeep
|turn|3
|
|t:|1743867018
|move|p2a: Ogerpon|Ivy Cudgel|p1a: Pecharunt|[anim] Ivy Cudgel Water
|-damage|p1a: Pecharunt|29/100
|move|p1a: Pecharunt|Recover|p1a: Pecharunt
|-heal|p1a: Pecharunt|79/100
|
|upkeep
|turn|4
|
|t:|1743867020
|move|p2a: Ogerpon|Encore|p1a: Pecharunt
|-start|p1a: Pecharunt|Encore
|move|p1a: Pecharunt|Recover|p1a: Pecharunt
|-heal|p1a: Pecharunt|100/100
|
|upkeep
|turn|5
|
|t:|1743867028
|switch|p1a: Alomomola|Alomomola, F|100/100
|-status|p1a: Alomomola|psn
|move|p2a: Ogerpon|Power Whip|p1a: Alomomola
|-supereffective|p1a: Alomomola
|-damage|p1a: Alomomola|14/100 psn
|
|-damage|p1a: Alomomola|2/100 psn|[from] psn
|upkeep
|turn|6
|
|t:|1743867036
|switch|p1a: Pecharunt|Pecharunt|100/100
|-sideend|p1: 2(H2O)-Alt|move: Toxic Spikes|[of] p1a: Pecharunt
|move|p2a: Ogerpon|U-turn|p1a: Pecharunt
|-resisted|p1a: Pecharunt
|-damage|p1a: Pecharunt|97/100
|
|t:|1743867038
|switch|p2a: Ribombee|Ribombee, M|100/100|[from] U-turn
|
|upkeep
|turn|7
|
|t:|1743867042
|move|p2a: Ribombee|Stun Spore|p1a: Pecharunt
|-status|p1a: Pecharunt|par
|move|p1a: Pecharunt|Malignant Chain|p2a: Ribombee
|-supereffective|p2a: Ribombee
|-enditem|p2a: Ribombee|Focus Sash
|-damage|p2a: Ribombee|1/100
|
|upkeep
|turn|8
|
|t:|1743867048
|switch|p1a: Alomomola|Alomomola, F|35/100 psn
|move|p2a: Ribombee|Sticky Web|p1a: Alomomola
|-sidestart|p1: 2(H2O)-Alt|move: Sticky Web
|
|-damage|p1a: Alomomola|23/100 psn|[from] psn
|upkeep
|turn|9
|
|t:|1743867051
|move|p2a: Ribombee|Moonblast|p1a: Alomomola
|-damage|p1a: Alomomola|0 fnt
|faint|p1a: Alomomola
|
|upkeep
|
|t:|1743867056
|switch|p1a: Landorus|Landorus-Therian, M|100/100
|-ability|p1a: Landorus|Intimidate|boost
|-unboost|p2a: Ribombee|atk|1
|turn|10
|
|t:|1743867059
|move|p2a: Ribombee|Stun Spore|p1a: Landorus
|-status|p1a: Landorus|par
|cant|p1a: Landorus|par
|
|upkeep
|turn|11
|
|t:|1743867061
|move|p2a: Ribombee|Moonblast|p1a: Landorus
|-damage|p1a: Landorus|59/100 par
|cant|p1a: Landorus|par
|
|upkeep
|turn|12
|
|t:|1743867065
|switch|p1a: Pecharunt|Pecharunt|97/100 par
|-activate|p1a: Pecharunt|move: Sticky Web
|-unboost|p1a: Pecharunt|spe|1
|move|p2a: Ribombee|Moonblast|p1a: Pecharunt
|-resisted|p1a: Pecharunt
|-damage|p1a: Pecharunt|79/100 par
|
|upkeep
|turn|13
|
|t:|1743867067
|move|p2a: Ribombee|Psychic Noise|p1a: Pecharunt
|-supereffective|p1a: Pecharunt
|-damage|p1a: Pecharunt|36/100 par
|-start|p1a: Pecharunt|move: Heal Block
|cant|p1a: Pecharunt|par
|
|upkeep
|turn|14
|c|☆2(H2O)-Alt|bro what
|
|t:|1743867081
|move|p2a: Ribombee|Psychic Noise|p1a: Pecharunt
|-supereffective|p1a: Pecharunt
|-damage|p1a: Pecharunt|0 fnt
|faint|p1a: Pecharunt
|
|upkeep
|
|t:|1743867083
|switch|p1a: Weavile|Weavile, M|100/100
|-activate|p1a: Weavile|move: Sticky Web
|-unboost|p1a: Weavile|spe|1
|-ability|p1a: Weavile|Pressure
|turn|15
|
|t:|1743867087
|switch|p2a: Ceruledge|Ceruledge, M|100/100
|move|p1a: Weavile|Ice Shard|p2a: Ceruledge
|-resisted|p2a: Ceruledge
|-damage|p2a: Ceruledge|82/100
|-damage|p1a: Weavile|91/100|[from] item: Life Orb
|
|upkeep
|turn|16
|
|t:|1743867089
|switch|p1a: Landorus|Landorus-Therian, M|59/100 par
|-ability|p1a: Landorus|Intimidate|boost
|-unboost|p2a: Ceruledge|atk|1
|move|p2a: Ceruledge|Bitter Blade|p1a: Landorus
|-damage|p1a: Landorus|29/100 par
|-heal|p2a: Ceruledge|100/100|[from] drain|[of] p1a: Landorus
|-damage|p2a: Ceruledge|84/100|[from] item: Rocky Helmet|[of] p1a: Landorus
|
|upkeep
|turn|17
|
|t:|1743867095
|move|p2a: Ceruledge|Bitter Blade|p1a: Landorus
|-damage|p1a: Landorus|0 fnt
|-heal|p2a: Ceruledge|100/100|[from] drain|[of] p1a: Landorus
|-damage|p2a: Ceruledge|84/100|[from] item: Rocky Helmet|[of] p1a: Landorus
|faint|p1a: Landorus
|
|upkeep
|-message|2(H2O)-Alt forfeited.
|
|win|clail
|raw|2(H2O)-Alt's rating: 1681 &rarr; <strong>1662</strong><br />(-19 for losing)
|raw|clail's rating: 1697 &rarr; <strong>1716</strong><br />(+19 for winning)
|l|☆2(H2O)-Alt
|player|p1|
|l|☆clail
|player|p2|
