|j|☆mr.diversity
|j|☆Rocktar Made
|t:|1743890011
|gametype|singles
|player|p1|mr.diversity|bruno|1807
|player|p2|Rocktar Made|lass-gen4dp|1794
|teamsize|p1|6
|teamsize|p2|6
|gen|9
|tier|[Gen 9] OU
|rated|
|rule|HP Percentage Mod: HP is shown in percentages
|rule|Endless Battle Clause: Forcing endless battles is banned
|rule|Species Clause: Limit one of each Pokémon
|rule|OHKO Clause: OHKO moves are banned
|rule|Evasion Items Clause: Evasion items are banned
|rule|Evasion Moves Clause: Evasion moves are banned
|rule|Sleep Moves Clause: Sleep-inducing moves are banned
|clearpoke
|poke|p1|Landorus-Therian, M|
|poke|p1|Cinderace, F|
|poke|p1|Great Tusk|
|poke|p1|Heatran, F|
|poke|p1|Clodsire, M|
|poke|p1|Armarouge, F|
|poke|p2|Weezing-Galar, M|
|poke|p2|Alomomola, M|
|poke|p2|Enamorus, F|
|poke|p2|Iron Treads|
|poke|p2|Lokix, M|
|poke|p2|Zamazenta-*|
|teampreview
|inactive|Battle timer is ON: inactive players will automatically lose when time's up. (requested by Rocktar Made)
|inactive|mr.diversity also wants the timer to be on.
|
|t:|1743890016
|start
|switch|p1a: Cinderace|Cinderace, F|100/100
|switch|p2a: Alomomola|Alomomola, M|100/100
|turn|1
|
|t:|1743890019
|move|p1a: Cinderace|U-turn|p2a: Alomomola
|-start|p1a: Cinderace|typechange|Bug|[from] ability: Libero
|-damage|p2a: Alomomola|65/100
|
|t:|1743890022
|switch|p1a: Armarouge|Armarouge, F|100/100|[from] U-turn
|move|p2a: Alomomola|Scald|p1a: Armarouge
|-supereffective|p1a: Armarouge
|-damage|p1a: Armarouge|65/100
|-enditem|p1a: Armarouge|Weakness Policy
|-boost|p1a: Armarouge|atk|2|[from] item: Weakness Policy
|-boost|p1a: Armarouge|spa|2|[from] item: Weakness Policy
|
|upkeep
|turn|2
|
|t:|1743890027
|move|p1a: Armarouge|Stored Power|p2a: Alomomola
|-damage|p2a: Alomomola|13/100
|move|p2a: Alomomola|Mirror Coat|p1a: Armarouge
|-damage|p1a: Armarouge|0 fnt
|faint|p1a: Armarouge
|
|upkeep
|
|t:|1743890032
|switch|p1a: Cinderace|Cinderace, F|100/100
|turn|3
|
|t:|1743890043
|switch|p2a: Weezing|Weezing-Galar, M|100/100
|-ability|p2a: Weezing|Neutralizing Gas
|move|p1a: Cinderace|Pyro Ball|p2a: Weezing
|-damage|p2a: Weezing|40/100
|
|-heal|p2a: Weezing|46/100|[from] item: Leftovers
|upkeep
|turn|4
|
|t:|1743890046
|move|p1a: Cinderace|Pyro Ball|p2a: Weezing
|-damage|p2a: Weezing|0 fnt
|faint|p2a: Weezing
|-end|p2a: Weezing|ability: Neutralizing Gas
|
|upkeep
|
|t:|1743890050
|switch|p2a: Zamazenta|Zamazenta|100/100
|-ability|p2a: Zamazenta|Dauntless Shield|boost
|-boost|p2a: Zamazenta|def|1
|turn|5
|
|t:|1743890053
|switch|p2a: Enamorus|Enamorus, F|100/100
|switch|p1a: Clodsire|Clodsire, M|100/100
|
|upkeep
|turn|6
|
|t:|1743890056
|switch|p2a: Iron Treads|Iron Treads|100/100
|move|p1a: Clodsire|Toxic|p2a: Iron Treads
|-immune|p2a: Iron Treads
|
|upkeep
|turn|7
|
|t:|1743890060
|switch|p1a: Great Tusk|Great Tusk|100/100
|-enditem|p1a: Great Tusk|Booster Energy
|-activate|p1a: Great Tusk|ability: Protosynthesis|[fromitem]
|-start|p1a: Great Tusk|protosynthesisatk
|move|p2a: Iron Treads|Knock Off|p1a: Great Tusk
|-resisted|p1a: Great Tusk
|-damage|p1a: Great Tusk|95/100
|
|upkeep
|turn|8
|
|t:|1743890067
|-end|p2a: Iron Treads|Quark Drive|[silent]
|switch|p2a: Alomomola|Alomomola, M|47/100
|move|p1a: Great Tusk|Rapid Spin|p2a: Alomomola
|-damage|p2a: Alomomola|32/100
|-boost|p1a: Great Tusk|spe|1
|
|upkeep
|turn|9
|
|t:|1743890073
|switch|p2a: Enamorus|Enamorus, F|100/100
|move|p1a: Great Tusk|Close Combat|p2a: Enamorus
|-resisted|p2a: Enamorus
|-damage|p2a: Enamorus|70/100
|-unboost|p1a: Great Tusk|def|1
|-unboost|p1a: Great Tusk|spd|1
|
|upkeep
|turn|10
|
|t:|1743890078
|move|p1a: Great Tusk|Ice Spinner|p2a: Enamorus
|-supereffective|p2a: Enamorus
|-damage|p2a: Enamorus|0 fnt
|faint|p2a: Enamorus
|
|upkeep
|
|t:|1743890080
|switch|p2a: Alomomola|Alomomola, M|66/100
|turn|11
|
|t:|1743890081
|move|p1a: Great Tusk|Close Combat|p2a: Alomomola
|-damage|p2a: Alomomola|10/100
|-unboost|p1a: Great Tusk|def|1
|-unboost|p1a: Great Tusk|spd|1
|move|p2a: Alomomola|Scald|p1a: Great Tusk
|-supereffective|p1a: Great Tusk
|-damage|p1a: Great Tusk|17/100
|
|upkeep
|turn|12
|
|t:|1743890085
|move|p1a: Great Tusk|Close Combat|p2a: Alomomola
|-damage|p2a: Alomomola|0 fnt
|-unboost|p1a: Great Tusk|def|1
|-unboost|p1a: Great Tusk|spd|1
|faint|p2a: Alomomola
|
|upkeep
|
|t:|1743890087
|switch|p2a: Lokix|Lokix, M|100/100
|turn|13
|
|t:|1743890089
|move|p2a: Lokix|First Impression|p1a: Great Tusk
|-resisted|p1a: Great Tusk
|-damage|p1a: Great Tusk|0 fnt
|faint|p1a: Great Tusk
|-end|p1a: Great Tusk|Protosynthesis|[silent]
|
|upkeep
|
|t:|1743890092
|switch|p1a: Cinderace|Cinderace, F|100/100
|turn|14
|
|t:|1743890098
|switch|p2a: Iron Treads|Iron Treads|100/100
|move|p1a: Cinderace|Pyro Ball|p2a: Iron Treads
|-supereffective|p2a: Iron Treads
|-damage|p2a: Iron Treads|0 fnt
|faint|p2a: Iron Treads
|-end|p2a: Iron Treads|Quark Drive|[silent]
|
|upkeep
|
|t:|1743890099
|switch|p2a: Zamazenta|Zamazenta|100/100
|turn|15
|
|t:|1743890101
|move|p2a: Zamazenta|Stone Edge|p1a: Cinderace|[miss]
|-miss|p2a: Zamazenta|p1a: Cinderace
|move|p1a: Cinderace|Pyro Ball|p2a: Zamazenta
|-damage|p2a: Zamazenta|18/100
|
|upkeep
|turn|16
|
|t:|1743890104
|move|p2a: Zamazenta|Stone Edge|p1a: Cinderace|[miss]
|-miss|p2a: Zamazenta|p1a: Cinderace
|move|p1a: Cinderace|Pyro Ball|p2a: Zamazenta
|-damage|p2a: Zamazenta|0 fnt
|faint|p2a: Zamazenta
|
|upkeep
|c|☆Rocktar Made|Lol
|-message|Rocktar Made forfeited.
|
|win|mr.diversity
|raw|mr.diversity's rating: 1807 &rarr; <strong>1826</strong><br />(+19 for winning)
|raw|Rocktar Made's rating: 1794 &rarr; <strong>1775</strong><br />(-19 for losing)
|l|☆mr.diversity
|player|p1|
