|j|☆0000000ahc
|j|☆cacastrophe
|t:|1743894142
|gametype|singles
|player|p1|0000000ahc|266|1424
|player|p2|cacastrophe|norman|1499
|teamsize|p1|6
|teamsize|p2|6
|gen|9
|tier|[Gen 9] OU
|rated|
|rule|HP Percentage Mod: HP is shown in percentages
|rule|Endless Battle Clause: Forcing endless battles is banned
|rule|Species Clause: Limit one of each Pokémon
|rule|OHKO Clause: OHKO moves are banned
|rule|Evasion Items Clause: Evasion items are banned
|rule|Evasion Moves Clause: Evasion moves are banned
|rule|Sleep Moves Clause: Sleep-inducing moves are banned
|clearpoke
|poke|p1|Barraskewda, M|
|poke|p1|Raging Bolt|
|poke|p1|Tornadus-Therian, M|
|poke|p1|Pelipper, F|
|poke|p1|Iron Treads|
|poke|p1|Overqwil, M|
|poke|p2|Serperior, M|
|poke|p2|Samurott-Hisui, F|
|poke|p2|Moltres|
|poke|p2|Gholdengo|
|poke|p2|Fezandipiti, M|
|poke|p2|Great Tusk|
|teampreview
|
|t:|1743894197
|start
|switch|p1a: Pelipper|Pelipper, F|100/100
|switch|p2a: Serperior|Serperior, M|100/100
|-weather|RainDance|[from] ability: Drizzle|[of] p1a: Pelipper
|turn|1
|
|t:|1743894208
|move|p2a: Serperior|Substitute|p2a: Serperior
|-start|p2a: Serperior|Substitute
|-damage|p2a: Serperior|76/100
|move|p1a: Pelipper|Hurricane|p2a: Serperior
|-supereffective|p2a: Serperior
|-end|p2a: Serperior|Substitute
|
|-weather|RainDance|[upkeep]
|-heal|p2a: Serperior|82/100|[from] item: Leftovers
|upkeep
|turn|2
|
|t:|1743894220
|move|p2a: Serperior|Substitute|p2a: Serperior
|-start|p2a: Serperior|Substitute
|-damage|p2a: Serperior|57/100
|move|p1a: Pelipper|Hurricane|p2a: Serperior
|-supereffective|p2a: Serperior
|-end|p2a: Serperior|Substitute
|
|-weather|RainDance|[upkeep]
|-heal|p2a: Serperior|63/100|[from] item: Leftovers
|upkeep
|turn|3
|
|t:|1743894227
|move|p2a: Serperior|Substitute|p2a: Serperior
|-start|p2a: Serperior|Substitute
|-damage|p2a: Serperior|38/100
|move|p1a: Pelipper|Hurricane|p2a: Serperior
|-supereffective|p2a: Serperior
|-end|p2a: Serperior|Substitute
|
|-weather|RainDance|[upkeep]
|-heal|p2a: Serperior|44/100|[from] item: Leftovers
|upkeep
|turn|4
|
|t:|1743894236
|switch|p2a: Fezandipiti|Fezandipiti, M|100/100
|move|p1a: Pelipper|Hurricane|p2a: Fezandipiti
|-damage|p2a: Fezandipiti|75/100
|-start|p2a: Fezandipiti|confusion
|
|-weather|RainDance|[upkeep]
|-heal|p2a: Fezandipiti|81/100|[from] item: Leftovers
|upkeep
|turn|5
|
|t:|1743894245
|-activate|p2a: Fezandipiti|confusion
|move|p2a: Fezandipiti|U-turn|p1a: Pelipper
|-resisted|p1a: Pelipper
|-damage|p1a: Pelipper|92/100
|-status|p1a: Pelipper|tox|[from] ability: Toxic Chain|[of] p2a: Fezandipiti
|
|t:|1743894258
|switch|p2a: Samurott|Samurott-Hisui, F|100/100|[from] U-turn
|move|p1a: Pelipper|U-turn|p2a: Samurott
|-supereffective|p2a: Samurott
|-damage|p2a: Samurott|78/100
|
|t:|1743894263
|switch|p1a: Tornadus|Tornadus-Therian, M|100/100|[from] U-turn
|
|-weather|RainDance|[upkeep]
|upkeep
|turn|6
|
|t:|1743894272
|switch|p2a: Fezandipiti|Fezandipiti, M|81/100
|move|p1a: Tornadus|Hurricane|p2a: Fezandipiti
|-damage|p2a: Fezandipiti|28/100
|
|-weather|RainDance|[upkeep]
|-heal|p2a: Fezandipiti|34/100|[from] item: Leftovers
|upkeep
|turn|7
|
|t:|1743894281
|switch|p2a: Gholdengo|Gholdengo|100/100
|move|p1a: Tornadus|Hurricane|p2a: Gholdengo
|-resisted|p2a: Gholdengo
|-damage|p2a: Gholdengo|62/100
|
|-weather|RainDance|[upkeep]
|upkeep
|turn|8
|
|t:|1743894289
|switch|p1a: Iron Treads|Iron Treads|100/100
|move|p2a: Gholdengo|Thunder Wave|p1a: Iron Treads
|-immune|p1a: Iron Treads
|
|-weather|none
|upkeep
|turn|9
|
|t:|1743894297
|switch|p2a: Samurott|Samurott-Hisui, F|78/100
|move|p1a: Iron Treads|Stealth Rock|p2a: Samurott
|-sidestart|p2: cacastrophe|move: Stealth Rock
|
|upkeep
|turn|10
|
|t:|1743894303
|-end|p1a: Iron Treads|Quark Drive|[silent]
|switch|p1a: Pelipper|Pelipper, F|92/100 tox
|-weather|RainDance|[from] ability: Drizzle|[of] p1a: Pelipper
|move|p2a: Samurott|Ceaseless Edge|p1a: Pelipper
|-damage|p1a: Pelipper|40/100 tox
|-sidestart|p1: 0000000ahc|Spikes
|
|-weather|RainDance|[upkeep]
|-damage|p1a: Pelipper|34/100 tox|[from] psn
|upkeep
|turn|11
|
|t:|1743894312
|switch|p1a: Raging Bolt|Raging Bolt|100/100
|-damage|p1a: Raging Bolt|88/100|[from] Spikes
|-enditem|p1a: Raging Bolt|Booster Energy
|-activate|p1a: Raging Bolt|ability: Protosynthesis|[fromitem]
|-start|p1a: Raging Bolt|protosynthesisspa
|move|p2a: Samurott|Ceaseless Edge|p1a: Raging Bolt
|-damage|p1a: Raging Bolt|45/100
|-sidestart|p1: 0000000ahc|Spikes
|
|-weather|RainDance|[upkeep]
|upkeep
|turn|12
|
|t:|1743894336
|switch|p2a: Great Tusk|Great Tusk|100/100
|-damage|p2a: Great Tusk|98/100|[from] Stealth Rock
|move|p1a: Raging Bolt|Dragon Pulse|p2a: Great Tusk
|-damage|p2a: Great Tusk|18/100
|
|-weather|RainDance|[upkeep]
|upkeep
|turn|13
|
|t:|1743894351
|move|p2a: Great Tusk|Rapid Spin|p1a: Raging Bolt
|-damage|p1a: Raging Bolt|31/100
|-boost|p2a: Great Tusk|spe|1
|-sideend|p2: cacastrophe|Stealth Rock|[from] move: Rapid Spin|[of] p2a: Great Tusk
|move|p1a: Raging Bolt|Weather Ball|p2a: Great Tusk
|-supereffective|p2a: Great Tusk
|-damage|p2a: Great Tusk|0 fnt
|faint|p2a: Great Tusk
|-end|p2a: Great Tusk|Protosynthesis|[silent]
|
|-weather|RainDance|[upkeep]
|upkeep
|inactive|Battle timer is ON: inactive players will automatically lose when time's up. (requested by 0000000ahc)
|
|t:|1743894415
|switch|p2a: Serperior|Serperior, M|44/100
|turn|14
|
|t:|1743894423
|move|p2a: Serperior|Substitute|p2a: Serperior
|-start|p2a: Serperior|Substitute
|-damage|p2a: Serperior|20/100
|move|p1a: Raging Bolt|Dragon Pulse|p2a: Serperior
|-end|p2a: Serperior|Substitute
|
|-weather|RainDance|[upkeep]
|-heal|p2a: Serperior|26/100|[from] item: Leftovers
|upkeep
|turn|15
|
|t:|1743894433
|move|p2a: Serperior|Substitute|p2a: Serperior
|-start|p2a: Serperior|Substitute
|-damage|p2a: Serperior|1/100
|move|p1a: Raging Bolt|Dragon Pulse|p2a: Serperior
|-end|p2a: Serperior|Substitute
|
|-weather|RainDance|[upkeep]
|-heal|p2a: Serperior|7/100|[from] item: Leftovers
|upkeep
|turn|16
|
|t:|1743894442
|switch|p2a: Fezandipiti|Fezandipiti, M|34/100
|move|p1a: Raging Bolt|Thunderclap||[still]
|-fail|p1a: Raging Bolt
|
|-weather|RainDance|[upkeep]
|-heal|p2a: Fezandipiti|40/100|[from] item: Leftovers
|upkeep
|turn|17
|
|t:|1743894448
|move|p1a: Raging Bolt|Weather Ball|p2a: Fezandipiti
|-damage|p2a: Fezandipiti|0 fnt
|faint|p2a: Fezandipiti
|
|-weather|none
|upkeep
|
|t:|1743894472
|switch|p2a: Serperior|Serperior, M|7/100
|turn|18
|
|t:|1743894476
|move|p2a: Serperior|Leech Seed|p1a: Raging Bolt
|-start|p1a: Raging Bolt|move: Leech Seed
|move|p1a: Raging Bolt|Dragon Pulse|p2a: Serperior
|-damage|p2a: Serperior|0 fnt
|faint|p2a: Serperior
|
|upkeep
|
|t:|1743894485
|switch|p2a: Samurott|Samurott-Hisui, F|78/100
|turn|19
|
|t:|1743894491
|-terastallize|p2a: Samurott|Poison
|move|p1a: Raging Bolt|Thunderclap|p2a: Samurott
|-damage|p2a: Samurott|9/100
|move|p2a: Samurott|Sucker Punch||[still]
|-fail|p2a: Samurott
|
|-damage|p1a: Raging Bolt|19/100|[from] Leech Seed|[of] p2a: Samurott
|-heal|p2a: Samurott|23/100|[silent]
|upkeep
|turn|20
|
|t:|1743894513
|move|p1a: Raging Bolt|Dragon Pulse|p2a: Samurott
|-damage|p2a: Samurott|0 fnt
|faint|p2a: Samurott
|
|upkeep
|
|t:|1743894518
|switch|p2a: Gholdengo|Gholdengo|62/100
|turn|21
|
|t:|1743894526
|move|p1a: Raging Bolt|Dragon Pulse|p2a: Gholdengo
|-resisted|p2a: Gholdengo
|-damage|p2a: Gholdengo|31/100
|move|p2a: Gholdengo|Recover|p2a: Gholdengo
|-heal|p2a: Gholdengo|81/100
|
|-damage|p1a: Raging Bolt|7/100|[from] Leech Seed|[of] p2a: Gholdengo
|-heal|p2a: Gholdengo|94/100|[silent]
|upkeep
|turn|22
|
|t:|1743894536
|move|p1a: Raging Bolt|Dragon Pulse|p2a: Gholdengo
|-resisted|p2a: Gholdengo
|-damage|p2a: Gholdengo|66/100
|move|p2a: Gholdengo|Recover|p2a: Gholdengo
|-heal|p2a: Gholdengo|100/100
|
|-damage|p1a: Raging Bolt|0 fnt|[from] Leech Seed|[of] p2a: Gholdengo
|faint|p1a: Raging Bolt
|-end|p1a: Raging Bolt|Protosynthesis|[silent]
|upkeep
|
|t:|1743894540
|switch|p1a: Pelipper|Pelipper, F|34/100 tox
|-weather|RainDance|[from] ability: Drizzle|[of] p1a: Pelipper
|turn|23
|
|t:|1743894548
|move|p2a: Gholdengo|Hex|p1a: Pelipper
|-damage|p1a: Pelipper|0 fnt
|faint|p1a: Pelipper
|
|-weather|RainDance|[upkeep]
|upkeep
|
|t:|1743894553
|switch|p1a: Tornadus|Tornadus-Therian, M|100/100
|turn|24
|
|t:|1743894556
|move|p1a: Tornadus|Weather Ball|p2a: Gholdengo
|-damage|p2a: Gholdengo|30/100
|move|p2a: Gholdengo|Thunder Wave|p1a: Tornadus|[miss]
|-miss|p2a: Gholdengo|p1a: Tornadus
|
|-weather|RainDance|[upkeep]
|upkeep
|turn|25
|c|☆0000000ahc|gg
|c|☆cacastrophe|gg
|
|t:|1743894570
|move|p1a: Tornadus|Weather Ball|p2a: Gholdengo
|-damage|p2a: Gholdengo|0 fnt
|faint|p2a: Gholdengo
|
|-weather|RainDance|[upkeep]
|upkeep
|
|t:|1743894576
|switch|p2a: Moltres|Moltres|100/100
|turn|26
|
|t:|1743894581
|move|p1a: Tornadus|Weather Ball|p2a: Moltres
|-supereffective|p2a: Moltres
|-damage|p2a: Moltres|0 fnt
|faint|p2a: Moltres
|
|win|0000000ahc
|raw|0000000ahc's rating: 1424 &rarr; <strong>1448</strong><br />(+24 for winning)
|raw|cacastrophe's rating: 1499 &rarr; <strong>1475</strong><br />(-24 for losing)
|l|☆cacastrophe
|player|p2|
