|j|☆IPlayOnAToaster
|j|☆shindig42
|t:|1743874864
|gametype|singles
|player|p1|IPlayOnAToaster|102|1462
|player|p2|shindig42|brycen|1545
|teamsize|p1|6
|teamsize|p2|6
|gen|9
|tier|[Gen 9] OU
|rated|
|rule|HP Percentage Mod: HP is shown in percentages
|rule|Endless Battle Clause: Forcing endless battles is banned
|rule|Species Clause: Limit one of each Pokémon
|rule|OHKO Clause: OHKO moves are banned
|rule|Evasion Items Clause: Evasion items are banned
|rule|Evasion Moves Clause: Evasion moves are banned
|rule|Sleep Moves Clause: Sleep-inducing moves are banned
|clearpoke
|poke|p1|Iron Crown|
|poke|p1|Samurott-Hisui, F|
|poke|p1|Moltres|
|poke|p1|Primarina, M|
|poke|p1|Landorus-Therian, M|
|poke|p1|Tentacruel, F|
|poke|p2|Pelipper, F|
|poke|p2|Barraskewda, F|
|poke|p2|Kingdra, F|
|poke|p2|Tornadus-Therian, M|
|poke|p2|Raging Bolt|
|poke|p2|Iron Treads|
|teampreview
|inactive|Battle timer is ON: inactive players will automatically lose when time's up. (requested by shindig42)
|
|t:|1743874875
|start
|switch|p1a: Samurott|Samurott-Hisui, F|100/100
|switch|p2a: Pelipper|Pelipper, F|100/100
|-weather|RainDance|[from] ability: Drizzle|[of] p2a: Pelipper
|turn|1
|
|t:|1743874883
|move|p1a: Samurott|Knock Off|p2a: Pelipper
|-damage|p2a: Pelipper|59/100
|-enditem|p2a: Pelipper|Damp Rock|[from] move: Knock Off|[of] p1a: Samurott
|move|p2a: Pelipper|U-turn|p1a: Samurott
|-supereffective|p1a: Samurott
|-damage|p1a: Samurott|81/100
|
|t:|1743874896
|switch|p2a: Barraskewda|Barraskewda, F|100/100|[from] U-turn
|
|-weather|RainDance|[upkeep]
|upkeep
|turn|2
|inactive|IPlayOnAToaster has 120 seconds left.
|
|t:|1743874930
|move|p2a: Barraskewda|Liquidation|p1a: Samurott
|-resisted|p1a: Samurott
|-damage|p1a: Samurott|25/100
|move|p1a: Samurott|Ceaseless Edge|p2a: Barraskewda|[miss]
|-miss|p1a: Samurott|p2a: Barraskewda
|
|-weather|RainDance|[upkeep]
|upkeep
|turn|3
|
|t:|1743874939
|switch|p1a: Tentacruel|Tentacruel, F|100/100
|move|p2a: Barraskewda|Liquidation|p1a: Tentacruel
|-resisted|p1a: Tentacruel
|-damage|p1a: Tentacruel|47/100
|-unboost|p1a: Tentacruel|def|1
|
|-weather|RainDance|[upkeep]
|upkeep
|turn|4
|
|t:|1743874949
|move|p2a: Barraskewda|Liquidation|p1a: Tentacruel
|-resisted|p1a: Tentacruel
|-damage|p1a: Tentacruel|0 fnt
|faint|p1a: Tentacruel
|
|-weather|RainDance|[upkeep]
|upkeep
|
|t:|1743874951
|switch|p1a: Primarina|Primarina, M|100/100
|turn|5
|
|t:|1743874961
|switch|p2a: Tornadus|Tornadus-Therian, M|100/100
|move|p1a: Primarina|Calm Mind|p1a: Primarina
|-boost|p1a: Primarina|spa|1
|-boost|p1a: Primarina|spd|1
|
|-weather|RainDance|[upkeep]
|upkeep
|turn|6
|
|t:|1743874970
|move|p2a: Tornadus|Sludge Wave|p1a: Primarina
|-supereffective|p1a: Primarina
|-damage|p1a: Primarina|62/100
|move|p1a: Primarina|Moonblast|p2a: Tornadus
|-damage|p2a: Tornadus|31/100
|
|-weather|RainDance|[upkeep]
|upkeep
|turn|7
|
|t:|1743874977
|move|p2a: Tornadus|U-turn|p1a: Primarina
|-resisted|p1a: Primarina
|-damage|p1a: Primarina|52/100
|
|t:|1743874979
|switch|p2a: Iron Treads|Iron Treads|100/100|[from] U-turn
|move|p1a: Primarina|Moonblast|p2a: Iron Treads
|-resisted|p2a: Iron Treads
|-damage|p2a: Iron Treads|47/100
|-enditem|p2a: Iron Treads|Eject Button
|
|t:|1743874993
|-end|p2a: Iron Treads|Quark Drive|[silent]
|switch|p2a: Tornadus|Tornadus-Therian, M|64/100
|
|-weather|RainDance|[upkeep]
|upkeep
|turn|8
|
|t:|1743875004
|move|p2a: Tornadus|Sludge Wave|p1a: Primarina
|-supereffective|p1a: Primarina
|-damage|p1a: Primarina|14/100
|move|p1a: Primarina|Surf|p2a: Tornadus
|-damage|p2a: Tornadus|0 fnt
|faint|p2a: Tornadus
|
|-weather|none
|upkeep
|
|t:|1743875012
|switch|p2a: Pelipper|Pelipper, F|59/100
|-weather|RainDance|[from] ability: Drizzle|[of] p2a: Pelipper
|turn|9
|
|t:|1743875020
|switch|p1a: Samurott|Samurott-Hisui, F|25/100
|switch|p2a: Iron Treads|Iron Treads|47/100
|
|-weather|RainDance|[upkeep]
|upkeep
|turn|10
|
|t:|1743875027
|switch|p1a: Moltres|Moltres|100/100
|move|p2a: Iron Treads|Earth Power|p1a: Moltres
|-immune|p1a: Moltres
|
|-weather|RainDance|[upkeep]
|upkeep
|turn|11
|
|t:|1743875033
|move|p2a: Iron Treads|Knock Off|p1a: Moltres
|-damage|p1a: Moltres|84/100
|-status|p2a: Iron Treads|brn|[from] ability: Flame Body|[of] p1a: Moltres
|-enditem|p1a: Moltres|Heavy-Duty Boots|[from] move: Knock Off|[of] p2a: Iron Treads
|move|p1a: Moltres|Will-O-Wisp|p2a: Iron Treads
|-fail|p2a: Iron Treads|brn
|
|-weather|RainDance|[upkeep]
|-damage|p2a: Iron Treads|41/100 brn|[from] brn
|upkeep
|turn|12
|
|t:|1743875038
|move|p2a: Iron Treads|Stealth Rock|p1a: Moltres
|-sidestart|p1: IPlayOnAToaster|move: Stealth Rock
|move|p1a: Moltres|Flamethrower|p2a: Iron Treads
|-supereffective|p2a: Iron Treads
|-damage|p2a: Iron Treads|0 fnt
|faint|p2a: Iron Treads
|-end|p2a: Iron Treads|Quark Drive|[silent]
|
|-weather|RainDance|[upkeep]
|upkeep
|
|t:|1743875043
|switch|p2a: Kingdra|Kingdra, F|100/100
|turn|13
|
|t:|1743875054
|switch|p1a: Samurott|Samurott-Hisui, F|25/100
|-damage|p1a: Samurott|13/100|[from] Stealth Rock
|move|p2a: Kingdra|Weather Ball|p1a: Samurott
|-resisted|p1a: Samurott
|-crit|p1a: Samurott
|-damage|p1a: Samurott|0 fnt
|faint|p1a: Samurott
|-damage|p2a: Kingdra|91/100|[from] item: Life Orb
|
|-weather|none
|upkeep
|
|t:|1743875059
|switch|p1a: Iron Crown|Iron Crown|100/100
|-damage|p1a: Iron Crown|94/100|[from] Stealth Rock
|turn|14
|
|t:|1743875063
|move|p1a: Iron Crown|Future Sight|p2a: Kingdra
|-start|p1a: Iron Crown|move: Future Sight
|move|p2a: Kingdra|Flip Turn|p1a: Iron Crown
|-damage|p1a: Iron Crown|70/100
|-damage|p2a: Kingdra|81/100|[from] item: Life Orb
|
|t:|1743875068
|switch|p2a: Pelipper|Pelipper, F|59/100|[from] Flip Turn
|-weather|RainDance|[from] ability: Drizzle|[of] p2a: Pelipper
|
|-weather|RainDance|[upkeep]
|upkeep
|turn|15
|
|t:|1743875075
|switch|p2a: Raging Bolt|Raging Bolt|100/100
|move|p1a: Iron Crown|Volt Switch|p2a: Raging Bolt
|-resisted|p2a: Raging Bolt
|-damage|p2a: Raging Bolt|96/100
|
|t:|1743875081
|-end|p1a: Iron Crown|Quark Drive|[silent]
|switch|p1a: Landorus|Landorus-Therian, M|100/100|[from] Volt Switch
|-damage|p1a: Landorus|88/100|[from] Stealth Rock
|-ability|p1a: Landorus|Intimidate|boost
|-unboost|p2a: Raging Bolt|atk|1
|
|-weather|RainDance|[upkeep]
|upkeep
|turn|16
|
|t:|1743875091
|move|p1a: Landorus|Earthquake|p2a: Raging Bolt
|-supereffective|p2a: Raging Bolt
|-damage|p2a: Raging Bolt|9/100
|move|p2a: Raging Bolt|Draco Meteor|p1a: Landorus
|-damage|p1a: Landorus|0 fnt
|-unboost|p2a: Raging Bolt|spa|2
|faint|p1a: Landorus
|
|-weather|RainDance|[upkeep]
|-end|p2a: Raging Bolt|move: Future Sight
|-damage|p2a: Raging Bolt|0 fnt
|faint|p2a: Raging Bolt
|-end|p2a: Raging Bolt|Protosynthesis|[silent]
|upkeep
|
|t:|1743875108
|switch|p1a: Moltres|Moltres|84/100
|switch|p2a: Barraskewda|Barraskewda, F|100/100
|-damage|p1a: Moltres|34/100|[from] Stealth Rock
|turn|17
|
|t:|1743875115
|move|p2a: Barraskewda|Flip Turn|p1a: Moltres
|-supereffective|p1a: Moltres
|-damage|p1a: Moltres|0 fnt
|faint|p1a: Moltres
|
|t:|1743875121
|switch|p2a: Kingdra|Kingdra, F|81/100|[from] Flip Turn
|
|-weather|RainDance|[upkeep]
|upkeep
|
|t:|1743875123
|switch|p1a: Primarina|Primarina, M|14/100
|-damage|p1a: Primarina|2/100|[from] Stealth Rock
|turn|18
|-enditem|p1a: Primarina|Custap Berry|[eat]
|-activate|p1a: Primarina|item: Custap Berry|[consumed]
|
|t:|1743875136
|move|p1a: Primarina|Moonblast|p2a: Kingdra
|-supereffective|p2a: Kingdra
|-damage|p2a: Kingdra|0 fnt
|faint|p2a: Kingdra
|
|-weather|none
|upkeep
|
|t:|1743875138
|switch|p2a: Pelipper|Pelipper, F|59/100
|-weather|RainDance|[from] ability: Drizzle|[of] p2a: Pelipper
|turn|19
|
|t:|1743875143
|move|p1a: Primarina|Moonblast|p2a: Pelipper
|-damage|p2a: Pelipper|0 fnt
|faint|p2a: Pelipper
|
|-weather|RainDance|[upkeep]
|upkeep
|
|t:|1743875145
|switch|p2a: Barraskewda|Barraskewda, F|100/100
|turn|20
|
|t:|1743875155
|-terastallize|p2a: Barraskewda|Water
|move|p2a: Barraskewda|Liquidation|p1a: Primarina
|-resisted|p1a: Primarina
|-damage|p1a: Primarina|0 fnt
|faint|p1a: Primarina
|
|-weather|RainDance|[upkeep]
|upkeep
|
|t:|1743875158
|switch|p1a: Iron Crown|Iron Crown|70/100
|-damage|p1a: Iron Crown|64/100|[from] Stealth Rock
|turn|21
|
|t:|1743875164
|-terastallize|p1a: Iron Crown|Grass
|move|p2a: Barraskewda|Liquidation|p1a: Iron Crown
|-resisted|p1a: Iron Crown
|-damage|p1a: Iron Crown|0 fnt
|faint|p1a: Iron Crown
|-end|p1a: Iron Crown|Quark Drive|[silent]
|
|win|shindig42
|raw|IPlayOnAToaster's rating: 1462 &rarr; <strong>1447</strong><br />(-15 for losing)
|raw|shindig42's rating: 1545 &rarr; <strong>1560</strong><br />(+15 for winning)
|l|☆IPlayOnAToaster
|player|p1|
|l|☆shindig42
|player|p2|
