|j|☆strawhatoscar
|j|☆satanice
|t:|1743856783
|gametype|singles
|player|p1|strawhatoscar|palmer|1190
|player|p2|satanice|skierf|1189
|teamsize|p1|6
|teamsize|p2|6
|gen|9
|tier|[Gen 9] OU
|rated|
|rule|HP Percentage Mod: HP is shown in percentages
|rule|Endless Battle Clause: Forcing endless battles is banned
|rule|Species Clause: Limit one of each Pokémon
|rule|OHKO Clause: OHKO moves are banned
|rule|Evasion Items Clause: Evasion items are banned
|rule|Evasion Moves Clause: Evasion moves are banned
|rule|Sleep Moves Clause: Sleep-inducing moves are banned
|clearpoke
|poke|p1|Zamazenta-*|
|poke|p1|Kingambit, F|
|poke|p1|Samurott-Hisui, F|
|poke|p1|Landorus-Therian, M|
|poke|p1|Iron Valiant|
|poke|p1|Iron Moth|
|poke|p2|Frosmoth, M|
|poke|p2|Cloyster, M|
|poke|p2|Mamoswine, M|
|poke|p2|Ninetales-Alola, M|
|poke|p2|Sandslash-Alola, F|
|poke|p2|Froslass, F|
|teampreview
|
|t:|1743856812
|start
|switch|p1a: Kingambit|Kingambit, F|100/100
|switch|p2a: Cloyster|Cloyster, M|100/100
|turn|1
|
|t:|1743856825
|move|p2a: Cloyster|Liquidation|p1a: Kingambit
|-damage|p1a: Kingambit|72/100
|move|p1a: Kingambit|Kowtow Cleave|p2a: Cloyster
|-damage|p2a: Cloyster|59/100
|
|-heal|p1a: Kingambit|78/100|[from] item: Leftovers
|upkeep
|turn|2
|
|t:|1743856832
|move|p2a: Cloyster|Liquidation|p1a: Kingambit
|-damage|p1a: Kingambit|52/100
|move|p1a: Kingambit|Kowtow Cleave|p2a: Cloyster
|-damage|p2a: Cloyster|15/100
|
|-heal|p1a: Kingambit|58/100|[from] item: Leftovers
|upkeep
|turn|3
|
|t:|1743856837
|move|p1a: Kingambit|Sucker Punch||[still]
|-fail|p1a: Kingambit
|move|p2a: Cloyster|Shell Smash|p2a: Cloyster
|-unboost|p2a: Cloyster|def|1
|-unboost|p2a: Cloyster|spd|1
|-boost|p2a: Cloyster|atk|2
|-boost|p2a: Cloyster|spa|2
|-boost|p2a: Cloyster|spe|2
|
|-heal|p1a: Kingambit|64/100|[from] item: Leftovers
|upkeep
|turn|4
|
|t:|1743856840
|move|p1a: Kingambit|Sucker Punch||[still]
|-fail|p1a: Kingambit
|move|p2a: Cloyster|Shell Smash|p2a: Cloyster
|-unboost|p2a: Cloyster|def|1
|-unboost|p2a: Cloyster|spd|1
|-boost|p2a: Cloyster|atk|2
|-boost|p2a: Cloyster|spa|2
|-boost|p2a: Cloyster|spe|2
|
|-heal|p1a: Kingambit|70/100|[from] item: Leftovers
|upkeep
|turn|5
|
|t:|1743856843
|move|p1a: Kingambit|Sucker Punch||[still]
|-fail|p1a: Kingambit
|move|p2a: Cloyster|Shell Smash|p2a: Cloyster
|-unboost|p2a: Cloyster|def|1
|-unboost|p2a: Cloyster|spd|1
|-boost|p2a: Cloyster|atk|2
|-boost|p2a: Cloyster|spa|2
|-boost|p2a: Cloyster|spe|2
|
|-heal|p1a: Kingambit|77/100|[from] item: Leftovers
|upkeep
|turn|6
|
|t:|1743856845
|move|p1a: Kingambit|Sucker Punch||[still]
|-fail|p1a: Kingambit
|move|p2a: Cloyster|Shell Smash|p2a: Cloyster
|-unboost|p2a: Cloyster|def|1
|-unboost|p2a: Cloyster|spd|1
|-boost|p2a: Cloyster|atk|0
|-boost|p2a: Cloyster|spa|0
|-boost|p2a: Cloyster|spe|0
|
|-heal|p1a: Kingambit|83/100|[from] item: Leftovers
|upkeep
|turn|7
|
|t:|1743856848
|move|p1a: Kingambit|Sucker Punch||[still]
|-fail|p1a: Kingambit
|move|p2a: Cloyster|Shell Smash|p2a: Cloyster
|-unboost|p2a: Cloyster|def|1
|-unboost|p2a: Cloyster|spd|1
|-boost|p2a: Cloyster|atk|0
|-boost|p2a: Cloyster|spa|0
|-boost|p2a: Cloyster|spe|0
|
|-heal|p1a: Kingambit|89/100|[from] item: Leftovers
|upkeep
|turn|8
|
|t:|1743856851
|move|p1a: Kingambit|Sucker Punch||[still]
|-fail|p1a: Kingambit
|move|p2a: Cloyster|Shell Smash|p2a: Cloyster
|-unboost|p2a: Cloyster|def|1
|-unboost|p2a: Cloyster|spd|1
|-boost|p2a: Cloyster|atk|0
|-boost|p2a: Cloyster|spa|0
|-boost|p2a: Cloyster|spe|0
|
|-heal|p1a: Kingambit|95/100|[from] item: Leftovers
|upkeep
|turn|9
|
|t:|1743856855
|move|p1a: Kingambit|Sucker Punch|p2a: Cloyster
|-damage|p2a: Cloyster|0 fnt
|faint|p2a: Cloyster
|
|-heal|p1a: Kingambit|100/100|[from] item: Leftovers
|upkeep
|
|t:|1743856859
|switch|p2a: Mamoswine|Mamoswine, M|100/100
|turn|10
|
|t:|1743856863
|-end|p1a: Kingambit|fallenundefined|[silent]
|switch|p1a: Landorus|Landorus-Therian, M|100/100
|-ability|p1a: Landorus|Intimidate|boost
|-unboost|p2a: Mamoswine|atk|1
|move|p2a: Mamoswine|Earthquake|p1a: Landorus
|-immune|p1a: Landorus
|
|upkeep
|turn|11
|
|t:|1743856869
|move|p1a: Landorus|U-turn|p2a: Mamoswine
|-damage|p2a: Mamoswine|77/100
|
|t:|1743856875
|switch|p1a: Samurott|Samurott-Hisui, F|100/100|[from] U-turn
|move|p2a: Mamoswine|Icicle Crash|p1a: Samurott
|-resisted|p1a: Samurott
|-damage|p1a: Samurott|75/100
|
|upkeep
|turn|12
|
|t:|1743856886
|move|p1a: Samurott|Ceaseless Edge|p2a: Mamoswine|[miss]
|-miss|p1a: Samurott|p2a: Mamoswine
|move|p2a: Mamoswine|Trailblaze|p1a: Samurott
|-supereffective|p1a: Samurott
|-crit|p1a: Samurott
|-damage|p1a: Samurott|0 fnt
|-boost|p2a: Mamoswine|spe|1
|faint|p1a: Samurott
|
|upkeep
|
|t:|1743856899
|switch|p1a: Landorus|Landorus-Therian, M|100/100
|-ability|p1a: Landorus|Intimidate|boost
|-unboost|p2a: Mamoswine|atk|1
|turn|13
|
|t:|1743856903
|move|p2a: Mamoswine|Icicle Crash|p1a: Landorus
|-supereffective|p1a: Landorus
|-damage|p1a: Landorus|0 fnt
|faint|p1a: Landorus
|
|upkeep
|
|t:|1743856914
|switch|p1a: Iron Valiant|Iron Valiant|100/100
|-enditem|p1a: Iron Valiant|Booster Energy
|-activate|p1a: Iron Valiant|ability: Quark Drive|[fromitem]
|-start|p1a: Iron Valiant|quarkdrivespe
|turn|14
|
|t:|1743856920
|switch|p2a: Froslass|Froslass, F|100/100
|move|p1a: Iron Valiant|Calm Mind|p1a: Iron Valiant
|-boost|p1a: Iron Valiant|spa|1
|-boost|p1a: Iron Valiant|spd|1
|
|upkeep
|turn|15
|
|t:|1743856927
|move|p1a: Iron Valiant|Moonblast|p2a: Froslass
|-enditem|p2a: Froslass|Focus Sash
|-damage|p2a: Froslass|1/100
|-unboost|p2a: Froslass|spa|1
|move|p2a: Froslass|Blizzard|p1a: Iron Valiant
|-damage|p1a: Iron Valiant|68/100
|
|upkeep
|turn|16
|
|t:|1743856939
|move|p1a: Iron Valiant|Moonblast|p2a: Froslass
|-damage|p2a: Froslass|0 fnt
|faint|p2a: Froslass
|
|upkeep
|
|t:|1743856942
|switch|p2a: Ninetales|Ninetales-Alola, M|100/100
|-weather|Snowscape|[from] ability: Snow Warning|[of] p2a: Ninetales
|turn|17
|
|t:|1743856946
|move|p1a: Iron Valiant|Moonblast|p2a: Ninetales
|-damage|p2a: Ninetales|28/100
|-unboost|p2a: Ninetales|spa|1
|move|p2a: Ninetales|Moonblast|p1a: Iron Valiant
|-supereffective|p1a: Iron Valiant
|-damage|p1a: Iron Valiant|20/100
|
|-weather|Snowscape|[upkeep]
|upkeep
|turn|18
|
|t:|1743856953
|move|p1a: Iron Valiant|Moonblast|p2a: Ninetales
|-damage|p2a: Ninetales|0 fnt
|faint|p2a: Ninetales
|
|-weather|Snowscape|[upkeep]
|upkeep
|
|t:|1743856956
|switch|p2a: Frosmoth|Frosmoth, M|100/100
|turn|19
|
|t:|1743856958
|move|p1a: Iron Valiant|Psyshock|p2a: Frosmoth
|-damage|p2a: Frosmoth|83/100
|move|p2a: Frosmoth|Quiver Dance|p2a: Frosmoth
|-boost|p2a: Frosmoth|spa|1
|-boost|p2a: Frosmoth|spd|1
|-boost|p2a: Frosmoth|spe|1
|
|-weather|Snowscape|[upkeep]
|upkeep
|turn|20
|
|t:|1743856970
|move|p1a: Iron Valiant|Moonblast|p2a: Frosmoth
|-damage|p2a: Frosmoth|53/100
|-unboost|p2a: Frosmoth|spa|1
|move|p2a: Frosmoth|Quiver Dance|p2a: Frosmoth
|-boost|p2a: Frosmoth|spa|1
|-boost|p2a: Frosmoth|spd|1
|-boost|p2a: Frosmoth|spe|1
|
|-weather|Snowscape|[upkeep]
|upkeep
|turn|21
|
|t:|1743856981
|move|p1a: Iron Valiant|Moonblast|p2a: Frosmoth
|-damage|p2a: Frosmoth|30/100
|move|p2a: Frosmoth|Ice Beam|p1a: Iron Valiant
|-damage|p1a: Iron Valiant|0 fnt
|faint|p1a: Iron Valiant
|-end|p1a: Iron Valiant|Quark Drive|[silent]
|
|-weather|none
|upkeep
|
|t:|1743856990
|switch|p1a: Iron Moth|Iron Moth|100/100
|-enditem|p1a: Iron Moth|Booster Energy
|-activate|p1a: Iron Moth|ability: Quark Drive|[fromitem]
|-start|p1a: Iron Moth|quarkdrivespe
|turn|22
|
|t:|1743856999
|-terastallize|p2a: Frosmoth|Water
|move|p1a: Iron Moth|Fiery Dance|p2a: Frosmoth
|-resisted|p2a: Frosmoth
|-damage|p2a: Frosmoth|24/100
|-boost|p1a: Iron Moth|spa|1
|move|p2a: Frosmoth|Quiver Dance|p2a: Frosmoth
|-boost|p2a: Frosmoth|spa|1
|-boost|p2a: Frosmoth|spd|1
|-boost|p2a: Frosmoth|spe|1
|
|upkeep
|turn|23
|
|t:|1743857009
|move|p2a: Frosmoth|Tera Blast|p1a: Iron Moth|[anim] Tera Blast Water
|-supereffective|p1a: Iron Moth
|-damage|p1a: Iron Moth|0 fnt
|faint|p1a: Iron Moth
|-end|p1a: Iron Moth|Quark Drive|[silent]
|
|upkeep
|
|t:|1743857013
|switch|p1a: Kingambit|Kingambit, F|100/100
|-activate|p1a: Kingambit|ability: Supreme Overlord
|-start|p1a: Kingambit|fallen4|[silent]
|turn|24
|
|t:|1743857017
|move|p2a: Frosmoth|Quiver Dance|p2a: Frosmoth
|-boost|p2a: Frosmoth|spa|1
|-boost|p2a: Frosmoth|spd|1
|-boost|p2a: Frosmoth|spe|1
|move|p1a: Kingambit|Kowtow Cleave|p2a: Frosmoth
|-damage|p2a: Frosmoth|0 fnt
|faint|p2a: Frosmoth
|
|upkeep
|
|t:|1743857023
|switch|p2a: Sandslash|Sandslash-Alola, F|100/100
|turn|25
|
|t:|1743857029
|-end|p1a: Kingambit|fallen4|[silent]
|switch|p1a: Zamazenta|Zamazenta|100/100
|-ability|p1a: Zamazenta|Dauntless Shield|boost
|-boost|p1a: Zamazenta|def|1
|move|p2a: Sandslash|Swords Dance|p2a: Sandslash
|-boost|p2a: Sandslash|atk|2
|
|upkeep
|turn|26
|
|t:|1743857047
|move|p1a: Zamazenta|Body Press|p2a: Sandslash
|-supereffective|p2a: Sandslash
|-enditem|p2a: Sandslash|Focus Sash
|-damage|p2a: Sandslash|1/100
|move|p2a: Sandslash|Triple Axel|p1a: Zamazenta
|-damage|p1a: Zamazenta|91/100
|-damage|p1a: Zamazenta|74/100
|-damage|p1a: Zamazenta|45/100
|-hitcount|p1a: Zamazenta|3
|
|-heal|p1a: Zamazenta|52/100|[from] item: Leftovers
|upkeep
|turn|27
|
|t:|1743857059
|move|p1a: Zamazenta|Body Press|p2a: Sandslash
|-supereffective|p2a: Sandslash
|-damage|p2a: Sandslash|0 fnt
|faint|p2a: Sandslash
|
|-heal|p1a: Zamazenta|58/100|[from] item: Leftovers
|upkeep
|
|t:|1743857063
|switch|p2a: Mamoswine|Mamoswine, M|77/100
|turn|28
|
|t:|1743857066
|move|p1a: Zamazenta|Body Press|p2a: Mamoswine
|-supereffective|p2a: Mamoswine
|-damage|p2a: Mamoswine|0 fnt
|faint|p2a: Mamoswine
|
|win|strawhatoscar
|raw|strawhatoscar's rating: 1190 &rarr; <strong>1215</strong><br />(+25 for winning)
|raw|satanice's rating: 1189 &rarr; <strong>1164</strong><br />(-25 for losing)
|l|☆strawhatoscar
|player|p1|
|l|☆satanice
|player|p2|
