|j|☆INGRAMASTER
|j|☆Exuaswag
|t:|1743914427
|gametype|singles
|player|p1|INGRAMASTER|lance|1113
|player|p2|Exuaswag|102|1156
|teamsize|p1|6
|teamsize|p2|6
|gen|9
|tier|[Gen 9] OU
|rated|
|rule|HP Percentage Mod: HP is shown in percentages
|rule|Endless Battle Clause: Forcing endless battles is banned
|rule|Species Clause: Limit one of each Pokémon
|rule|OHKO Clause: OHKO moves are banned
|rule|Evasion Items Clause: Evasion items are banned
|rule|Evasion Moves Clause: Evasion moves are banned
|rule|Sleep Moves Clause: Sleep-inducing moves are banned
|clearpoke
|poke|p1|Serperior, M|
|poke|p1|Cinderace, M|
|poke|p1|Blastoise, M|
|poke|p1|Krookodile, M|
|poke|p1|Dragonite, M|
|poke|p1|Hatterene, F|
|poke|p2|Gliscor, F|
|poke|p2|Ribombee, M|
|poke|p2|Gholdengo|
|poke|p2|Kyurem|
|poke|p2|Ogerpon-Wellspring, F|
|poke|p2|Cinderace, M|
|teampreview
|inactive|Battle timer is ON: inactive players will automatically lose when time's up. (requested by Exuaswag)
|
|t:|1743914448
|start
|switch|p1a: SHELLSHOKER|Blastoise, M, shiny|100/100
|switch|p2a: Shorty|Ribombee, M|100/100
|turn|1
|
|t:|1743914458
|move|p2a: Shorty|Stun Spore|p1a: SHELLSHOKER|[miss]
|-miss|p2a: Shorty|p1a: SHELLSHOKER
|move|p1a: SHELLSHOKER|Shell Smash|p1a: SHELLSHOKER
|-unboost|p1a: SHELLSHOKER|def|1
|-unboost|p1a: SHELLSHOKER|spd|1
|-boost|p1a: SHELLSHOKER|atk|2
|-boost|p1a: SHELLSHOKER|spa|2
|-boost|p1a: SHELLSHOKER|spe|2
|-enditem|p1a: SHELLSHOKER|White Herb
|-clearnegativeboost|p1a: SHELLSHOKER|[silent]
|
|upkeep
|turn|2
|
|t:|1743914473
|move|p1a: SHELLSHOKER|Flash Cannon|p2a: Shorty
|-supereffective|p2a: Shorty
|-enditem|p2a: Shorty|Focus Sash
|-damage|p2a: Shorty|1/100
|move|p2a: Shorty|Stun Spore|p1a: SHELLSHOKER
|-status|p1a: SHELLSHOKER|par
|
|upkeep
|turn|3
|
|t:|1743914482
|move|p2a: Shorty|Sticky Web|p1a: SHELLSHOKER
|-sidestart|p1: INGRAMASTER|move: Sticky Web
|cant|p1a: SHELLSHOKER|par
|
|upkeep
|turn|4
|
|t:|1743914488
|move|p2a: Shorty|Moonblast|p1a: SHELLSHOKER
|-damage|p1a: SHELLSHOKER|64/100 par
|move|p1a: SHELLSHOKER|Ice Beam|p2a: Shorty
|-damage|p2a: Shorty|0 fnt
|faint|p2a: Shorty
|
|upkeep
|
|t:|1743914501
|switch|p2a: Slim Shady|Ogerpon-Wellspring, F|100/100
|turn|5
|
|t:|1743914509
|move|p2a: Slim Shady|Horn Leech|p1a: SHELLSHOKER
|-supereffective|p1a: SHELLSHOKER
|-crit|p1a: SHELLSHOKER
|-damage|p1a: SHELLSHOKER|0 fnt
|faint|p1a: SHELLSHOKER
|
|upkeep
|
|t:|1743914517
|switch|p1a: ENDOH|Cinderace, M, shiny|100/100
|turn|6
|
|t:|1743914530
|switch|p2a: Cinderace|Cinderace, M|100/100
|move|p1a: ENDOH|Court Change|p1a: ENDOH
|-start|p1a: ENDOH|typechange|Normal|[from] ability: Libero
|-swapsideconditions
|-activate|p1a: ENDOH|move: Court Change
|
|upkeep
|turn|7
|
|t:|1743914539
|move|p1a: ENDOH|U-turn|p2a: Cinderace
|-resisted|p2a: Cinderace
|-damage|p2a: Cinderace|86/100
|
|t:|1743914547
|switch|p1a: Dragonite|Dragonite, M, shiny|100/100|[from] U-turn
|move|p2a: Cinderace|High Jump Kick|p1a: Dragonite
|-start|p2a: Cinderace|typechange|Fighting|[from] ability: Libero
|-resisted|p1a: Dragonite
|-damage|p1a: Dragonite|80/100
|-damage|p2a: Cinderace|76/100|[from] item: Life Orb
|
|upkeep
|turn|8
|
|t:|1743914563
|move|p1a: Dragonite|Extreme Speed|p2a: Cinderace
|-damage|p2a: Cinderace|9/100
|move|p2a: Cinderace|U-turn|p1a: Dragonite
|-resisted|p1a: Dragonite
|-damage|p1a: Dragonite|65/100
|-damage|p2a: Cinderace|0 fnt|[from] item: Life Orb
|faint|p2a: Cinderace
|
|upkeep
|inactive|Exuaswag has 120 seconds left.
|
|t:|1743914588
|switch|p2a: Scorpion|Gliscor, F, shiny|100/100
|turn|9
|
|t:|1743914593
|switch|p1a: Serperior|Serperior, M, shiny|100/100
|move|p2a: Scorpion|Swords Dance|p2a: Scorpion
|-boost|p2a: Scorpion|atk|2
|
|-status|p2a: Scorpion|tox|[from] item: Toxic Orb
|upkeep
|turn|10
|
|t:|1743914604
|move|p1a: Serperior|Glare||[still]
|-fail|p1a: Serperior
|move|p2a: Scorpion|Dual Wingbeat|p1a: Serperior|[miss]
|-miss|p2a: Scorpion|p1a: Serperior
|
|upkeep
|turn|11
|
|t:|1743914611
|move|p1a: Serperior|Glare||[still]
|-fail|p1a: Serperior
|move|p2a: Scorpion|Dual Wingbeat|p1a: Serperior
|-supereffective|p1a: Serperior
|-damage|p1a: Serperior|44/100
|-supereffective|p1a: Serperior
|-damage|p1a: Serperior|0 fnt
|faint|p1a: Serperior
|-hitcount|p1: Serperior|2
|
|upkeep
|
|t:|1743914639
|switch|p1a: Dragonite|Dragonite, M, shiny|65/100
|turn|12
|
|t:|1743914643
|move|p1a: Dragonite|Extreme Speed|p2a: Scorpion
|-damage|p2a: Scorpion|65/100 tox
|move|p2a: Scorpion|Dual Wingbeat|p1a: Dragonite
|-damage|p1a: Dragonite|42/100
|-damage|p1a: Dragonite|19/100
|-hitcount|p1a: Dragonite|2
|
|-heal|p2a: Scorpion|77/100 tox|[from] ability: Poison Heal
|upkeep
|turn|13
|
|t:|1743914655
|move|p1a: Dragonite|Extreme Speed|p2a: Scorpion
|-damage|p2a: Scorpion|39/100 tox
|move|p2a: Scorpion|Dual Wingbeat|p1a: Dragonite
|-damage|p1a: Dragonite|0 fnt
|faint|p1a: Dragonite
|-hitcount|p1: Dragonite|1
|
|-heal|p2a: Scorpion|52/100 tox|[from] ability: Poison Heal
|upkeep
|inactive|INGRAMASTER has 120 seconds left.
|
|t:|1743914687
|switch|p1a: Krookodile|Krookodile, M|100/100
|turn|14
|
|t:|1743914700
|move|p1a: Krookodile|Foul Play|p2a: Scorpion
|-damage|p2a: Scorpion|5/100 tox
|move|p2a: Scorpion|Earthquake|p1a: Krookodile
|-damage|p1a: Krookodile|13/100
|
|-heal|p2a: Scorpion|17/100 tox|[from] ability: Poison Heal
|upkeep
|turn|15
|inactive|INGRAMASTER has 120 seconds left.
|
|t:|1743914718
|move|p1a: Krookodile|Smack Down|p2a: Scorpion
|-damage|p2a: Scorpion|5/100 tox
|-start|p2a: Scorpion|Smack Down
|move|p2a: Scorpion|Earthquake|p1a: Krookodile
|-damage|p1a: Krookodile|0 fnt
|faint|p1a: Krookodile
|
|-heal|p2a: Scorpion|17/100 tox|[from] ability: Poison Heal
|upkeep
|
|t:|1743914729
|switch|p1a: ENDOH|Cinderace, M, shiny|100/100
|turn|16
|
|t:|1743914736
|move|p1a: ENDOH|Zen Headbutt|p2a: Scorpion
|-start|p1a: ENDOH|typechange|Psychic|[from] ability: Libero
|-damage|p2a: Scorpion|0 fnt
|faint|p2a: Scorpion
|
|upkeep
|
|t:|1743914754
|switch|p2a: Slim Shady|Ogerpon-Wellspring, F|100/100
|-activate|p2a: Slim Shady|move: Sticky Web
|-unboost|p2a: Slim Shady|spe|1
|turn|17
|
|t:|1743914764
|-terastallize|p2a: Slim Shady|Water
|detailschange|p2a: Slim Shady|Ogerpon-Wellspring-Tera, F, tera:Water
|-ability|p2a: Slim Shady|Embody Aspect (Wellspring)|boost
|-boost|p2a: Slim Shady|spd|1
|move|p1a: ENDOH|U-turn|p2a: Slim Shady
|-damage|p2a: Slim Shady|69/100
|
|t:|1743914770
|switch|p1a: Hatterene|Hatterene, F|100/100|[from] U-turn
|move|p2a: Slim Shady|Ivy Cudgel|p1a: Hatterene|[anim] Ivy Cudgel Water
|-damage|p1a: Hatterene|17/100
|
|upkeep
|turn|18
|
|t:|1743914789
|move|p2a: Slim Shady|Horn Leech|p1a: Hatterene
|-damage|p1a: Hatterene|0 fnt
|-heal|p2a: Slim Shady|78/100|[from] drain|[of] p1a: Hatterene
|faint|p1a: Hatterene
|
|upkeep
|
|t:|1743914795
|switch|p1a: ENDOH|Cinderace, M, shiny|100/100
|turn|19
|
|t:|1743914806
|move|p1a: ENDOH|Zen Headbutt|p2a: Slim Shady
|-start|p1a: ENDOH|typechange|Psychic|[from] ability: Libero
|-damage|p2a: Slim Shady|29/100
|move|p2a: Slim Shady|Ivy Cudgel|p1a: ENDOH|[anim] Ivy Cudgel Water
|-damage|p1a: ENDOH|0 fnt
|faint|p1a: ENDOH
|
|win|Exuaswag
|raw|INGRAMASTER's rating: 1113 &rarr; <strong>1091</strong><br />(-22 for losing)
|raw|Exuaswag's rating: 1156 &rarr; <strong>1178</strong><br />(+22 for winning)
|l|☆INGRAMASTER
|player|p1|
|l|☆Exuaswag
|player|p2|
