|j|☆xbes27
|j|☆daher101
|t:|1743901877
|gametype|singles
|player|p1|xbes27|juan|1263
|player|p2|daher101|102|1231
|teamsize|p1|6
|teamsize|p2|6
|gen|9
|tier|[Gen 9] OU
|rated|
|rule|HP Percentage Mod: HP is shown in percentages
|rule|Endless Battle Clause: Forcing endless battles is banned
|rule|Species Clause: Limit one of each Pokémon
|rule|OHKO Clause: OHKO moves are banned
|rule|Evasion Items Clause: Evasion items are banned
|rule|Evasion Moves Clause: Evasion moves are banned
|rule|Sleep Moves Clause: Sleep-inducing moves are banned
|clearpoke
|poke|p1|Blaziken, F|
|poke|p1|Blissey, F|
|poke|p1|Zapdos-Galar|
|poke|p1|Skarmory, M|
|poke|p1|Espeon, M|
|poke|p1|Iron Moth|
|poke|p2|Gliscor, F|
|poke|p2|Meowscarada, F|
|poke|p2|Ursaluna, F|
|poke|p2|Skarmory, F|
|poke|p2|Dragapult, F|
|poke|p2|Slowking-Galar, F|
|teampreview
|
|t:|1743901887
|start
|switch|p1a: Zapdos|Zapdos-Galar, shiny|100/100
|switch|p2a: Dragapult|Dragapult, F|100/100
|turn|1
|inactive|Battle timer is ON: inactive players will automatically lose when time's up. (requested by xbes27)
|
|t:|1743901899
|move|p2a: Dragapult|Will-O-Wisp|p1a: Zapdos
|-status|p1a: Zapdos|brn
|move|p1a: Zapdos|Knock Off|p2a: Dragapult
|-supereffective|p2a: Dragapult
|-damage|p2a: Dragapult|44/100
|-enditem|p2a: Dragapult|Heavy-Duty Boots|[from] move: Knock Off|[of] p1a: Zapdos
|-damage|p1a: Zapdos|91/100 brn|[from] item: Life Orb
|
|-damage|p1a: Zapdos|84/100 brn|[from] brn
|upkeep
|turn|2
|
|t:|1743901920
|-terastallize|p2a: Dragapult|Ghost
|move|p2a: Dragapult|Hex|p1a: Zapdos
|-damage|p1a: Zapdos|0 fnt
|faint|p1a: Zapdos
|
|upkeep
|
|t:|1743901928
|switch|p1a: Blissey|Blissey, F, shiny|100/100
|turn|3
|
|t:|1743901934
|switch|p1a: Skarmory|Skarmory, M, shiny|100/100
|move|p2a: Dragapult|U-turn|p1a: Skarmory
|-resisted|p1a: Skarmory
|-damage|p1a: Skarmory|98/100
|-damage|p2a: Dragapult|28/100|[from] item: Rocky Helmet|[of] p1a: Skarmory
|
|t:|1743901944
|switch|p2a: Skarmory|Skarmory, F|100/100|[from] U-turn
|
|upkeep
|turn|4
|
|t:|1743901952
|switch|p1a: Espeon|Espeon, M, shiny|100/100
|move|p2a: Skarmory|Stealth Rock|p1a: Espeon
|move|p1a: Espeon|Stealth Rock|p2a: Skarmory|[from] ability: Magic Bounce
|-sidestart|p2: daher101|move: Stealth Rock
|
|upkeep
|turn|5
|inactive|daher101 has 120 seconds left.
|
|t:|1743901990
|move|p1a: Espeon|Trick|p2a: Skarmory
|-activate|p1a: Espeon|move: Trick|[of] p2a: Skarmory
|-item|p2a: Skarmory|Choice Specs|[from] move: Trick
|-item|p1a: Espeon|Rocky Helmet|[from] move: Trick
|move|p2a: Skarmory|Brave Bird|p1a: Espeon
|-damage|p1a: Espeon|26/100
|-damage|p2a: Skarmory|84/100|[from] item: Rocky Helmet|[of] p1a: Espeon
|-damage|p2a: Skarmory|64/100|[from] Recoil
|
|upkeep
|turn|6
|inactive|daher101 has 120 seconds left.
|
|t:|1743902015
|switch|p1a: Skarmory|Skarmory, M, shiny|98/100
|switch|p2a: Meowscarada|Meowscarada, F|100/100
|
|upkeep
|turn|7
|
|t:|1743902039
|move|p2a: Meowscarada|U-turn|p1a: Skarmory
|-start|p2a: Meowscarada|typechange|Bug|[from] ability: Protean
|-resisted|p1a: Skarmory
|-damage|p1a: Skarmory|93/100
|-damage|p2a: Meowscarada|84/100|[from] item: Rocky Helmet|[of] p1a: Skarmory
|
|t:|1743902044
|switch|p2a: Slowking|Slowking-Galar, F|100/100|[from] U-turn
|move|p1a: Skarmory|Spikes|p2a: Slowking
|-sidestart|p2: daher101|Spikes
|
|upkeep
|turn|8
|
|t:|1743902059
|switch|p1a: Espeon|Espeon, M, shiny|26/100
|move|p2a: Slowking|Thunder Wave|p1a: Espeon
|move|p1a: Espeon|Thunder Wave|p2a: Slowking|[from] ability: Magic Bounce
|-status|p2a: Slowking|par
|
|upkeep
|turn|9
|
|t:|1743902067
|move|p1a: Espeon|Psyshock|p2a: Slowking
|-damage|p2a: Slowking|54/100 par
|move|p2a: Slowking|Sludge Bomb|p1a: Espeon
|-damage|p1a: Espeon|0 fnt
|faint|p1a: Espeon
|
|upkeep
|
|t:|1743902074
|switch|p1a: Iron Moth|Iron Moth, shiny|100/100
|-enditem|p1a: Iron Moth|Booster Energy
|-activate|p1a: Iron Moth|ability: Quark Drive|[fromitem]
|-start|p1a: Iron Moth|quarkdrivespe
|turn|10
|
|t:|1743902084
|switch|p2a: Ursaluna|Ursaluna, F|100/100
|move|p1a: Iron Moth|Substitute|p1a: Iron Moth
|-start|p1a: Iron Moth|Substitute
|-damage|p1a: Iron Moth|76/100
|
|upkeep
|turn|11
|inactive|daher101 has 120 seconds left.
|
|t:|1743902093
|move|p1a: Iron Moth|Fiery Dance|p2a: Ursaluna
|-crit|p2a: Ursaluna
|-damage|p2a: Ursaluna|55/100
|move|p2a: Ursaluna|Headlong Rush|p1a: Iron Moth
|-supereffective|p1a: Iron Moth
|-end|p1a: Iron Moth|Substitute
|-unboost|p2a: Ursaluna|def|1
|-unboost|p2a: Ursaluna|spd|1
|
|upkeep
|turn|12
|inactive|daher101 has 120 seconds left.
|
|t:|1743902109
|-terastallize|p1a: Iron Moth|Fairy
|move|p1a: Iron Moth|Dazzling Gleam|p2a: Ursaluna
|-damage|p2a: Ursaluna|7/100
|move|p2a: Ursaluna|Headlong Rush|p1a: Iron Moth
|-damage|p1a: Iron Moth|0 fnt
|-unboost|p2a: Ursaluna|def|1
|-unboost|p2a: Ursaluna|spd|1
|faint|p1a: Iron Moth
|-end|p1a: Iron Moth|Quark Drive|[silent]
|
|upkeep
|
|t:|1743902119
|switch|p1a: Blaziken|Blaziken, F, shiny|100/100
|turn|13
|
|t:|1743902123
|move|p1a: Blaziken|Protect|p1a: Blaziken
|-singleturn|p1a: Blaziken|Protect
|move|p2a: Ursaluna|Rest|p2a: Ursaluna
|-status|p2a: Ursaluna|slp|[from] move: Rest
|-heal|p2a: Ursaluna|100/100 slp|[silent]
|
|-ability|p1a: Blaziken|Speed Boost|boost
|-boost|p1a: Blaziken|spe|1
|upkeep
|turn|14
|
|t:|1743902132
|move|p1a: Blaziken|Swords Dance|p1a: Blaziken
|-boost|p1a: Blaziken|atk|2
|cant|p2a: Ursaluna|slp
|move|p2a: Ursaluna|Sleep Talk|p2a: Ursaluna
|move|p2a: Ursaluna|Ice Punch|p1a: Blaziken|[from] move: Sleep Talk
|-resisted|p1a: Blaziken
|-damage|p1a: Blaziken|80/100
|
|-ability|p1a: Blaziken|Speed Boost|boost
|-boost|p1a: Blaziken|spe|1
|upkeep
|turn|15
|inactive|daher101 has 120 seconds left.
|
|t:|1743902176
|move|p1a: Blaziken|Swords Dance|p1a: Blaziken
|-boost|p1a: Blaziken|atk|2
|cant|p2a: Ursaluna|slp
|move|p2a: Ursaluna|Sleep Talk|p2a: Ursaluna
|move|p2a: Ursaluna|Rest||[from] move: Sleep Talk|[still]
|-fail|p2a: Ursaluna
|
|-ability|p1a: Blaziken|Speed Boost|boost
|-boost|p1a: Blaziken|spe|1
|upkeep
|turn|16
|
|t:|1743902185
|move|p1a: Blaziken|Close Combat|p2a: Ursaluna
|-supereffective|p2a: Ursaluna
|-damage|p2a: Ursaluna|0 fnt
|-unboost|p1a: Blaziken|def|1
|-unboost|p1a: Blaziken|spd|1
|faint|p2a: Ursaluna
|-damage|p1a: Blaziken|70/100|[from] item: Life Orb
|
|-ability|p1a: Blaziken|Speed Boost|boost
|-boost|p1a: Blaziken|spe|1
|upkeep
|inactive|daher101 has 90 seconds left.
|
|t:|1743902213
|switch|p2a: Slowking|Slowking-Galar, F|88/100 par
|turn|17
|c|☆xbes27|I think its gg, I dont win XD
|inactive|daher101 has 90 seconds left.
|
|t:|1743902230
|move|p1a: Blaziken|Flare Blitz|p2a: Slowking
|-damage|p2a: Slowking|0 fnt
|faint|p2a: Slowking
|-damage|p1a: Blaziken|33/100|[from] Recoil
|-damage|p1a: Blaziken|23/100|[from] item: Life Orb
|
|-ability|p1a: Blaziken|Speed Boost|boost
|-boost|p1a: Blaziken|spe|1
|upkeep
|
|t:|1743902251
|switch|p2a: Gliscor|Gliscor, F|100/100
|-damage|p2a: Gliscor|88/100|[from] Stealth Rock
|turn|18
|
|t:|1743902257
|move|p1a: Blaziken|Flare Blitz|p2a: Gliscor
|-damage|p2a: Gliscor|0 fnt
|faint|p2a: Gliscor
|-damage|p1a: Blaziken|0 fnt|[from] Recoil
|faint|p1a: Blaziken
|
|upkeep
|c|☆xbes27|Nop I dont win
|c|☆xbes27|Gg
|
|t:|1743902275
|switch|p2a: Meowscarada|Meowscarada, F|84/100
|switch|p1a: Skarmory|Skarmory, M, shiny|93/100
|turn|19
|inactive|daher101 has 60 seconds left.
|
|t:|1743902306
|move|p2a: Meowscarada|Triple Axel|p1a: Skarmory
|-start|p2a: Meowscarada|typechange|Ice|[from] ability: Protean
|-damage|p1a: Skarmory|87/100
|-damage|p2a: Meowscarada|68/100|[from] item: Rocky Helmet|[of] p1a: Skarmory
|-damage|p1a: Skarmory|76/100
|-damage|p2a: Meowscarada|51/100|[from] item: Rocky Helmet|[of] p1a: Skarmory
|-hitcount|p1a: Skarmory|2
|move|p1a: Skarmory|Iron Defense|p1a: Skarmory
|-boost|p1a: Skarmory|def|2
|
|upkeep
|turn|20
|
|t:|1743902323
|move|p2a: Meowscarada|Knock Off|p1a: Skarmory
|-damage|p1a: Skarmory|67/100
|-damage|p2a: Meowscarada|35/100|[from] item: Rocky Helmet|[of] p1a: Skarmory
|-enditem|p1a: Skarmory|Rocky Helmet|[from] move: Knock Off|[of] p2a: Meowscarada
|move|p1a: Skarmory|Roost|p1a: Skarmory
|-heal|p1a: Skarmory|100/100
|-singleturn|p1a: Skarmory|move: Roost
|
|upkeep
|turn|21
|inactive|daher101 has 60 seconds left.
|
|t:|1743902351
|move|p2a: Meowscarada|Spikes|p1a: Skarmory
|-sidestart|p1: xbes27|Spikes
|move|p1a: Skarmory|Spikes|p2a: Meowscarada
|-sidestart|p2: daher101|Spikes
|
|upkeep
|turn|22
|
|t:|1743902356
|move|p2a: Meowscarada|Spikes|p1a: Skarmory
|-sidestart|p1: xbes27|Spikes
|move|p1a: Skarmory|Spikes|p2a: Meowscarada
|-sidestart|p2: daher101|Spikes
|
|upkeep
|turn|23
|
|t:|1743902360
|move|p2a: Meowscarada|Spikes|p1a: Skarmory
|-sidestart|p1: xbes27|Spikes
|move|p1a: Skarmory|Body Press|p2a: Meowscarada
|-supereffective|p2a: Meowscarada
|-damage|p2a: Meowscarada|0 fnt
|faint|p2a: Meowscarada
|
|upkeep
|inactive|daher101 has 60 seconds left.
|
|t:|1743902368
|switch|p2a: Skarmory|Skarmory, F|64/100
|-damage|p2a: Skarmory|51/100|[from] Stealth Rock
|turn|24
|inactive|daher101 has 60 seconds left.
|
|t:|1743902379
|move|p2a: Skarmory|Roost|p2a: Skarmory
|-heal|p2a: Skarmory|100/100
|-singleturn|p2a: Skarmory|move: Roost
|move|p1a: Skarmory|Iron Defense|p1a: Skarmory
|-boost|p1a: Skarmory|def|2
|
|upkeep
|turn|25
|c|☆xbes27|Oh wait a min I think I can win
|
|t:|1743902388
|switch|p2a: Dragapult|Dragapult, F, tera:Ghost|28/100
|-damage|p2a: Dragapult|16/100|[from] Stealth Rock
|-damage|p2a: Dragapult|0 fnt|[from] Spikes
|faint|p2a: Dragapult
|move|p1a: Skarmory|Body Press|p2: Dragapult|[notarget]
|-fail|p1a: Skarmory
|
|upkeep
|
|t:|1743902393
|switch|p2a: Skarmory|Skarmory, F|100/100
|-damage|p2a: Skarmory|88/100|[from] Stealth Rock
|turn|26
|
|t:|1743902399
|move|p1a: Skarmory|Body Press|p2a: Skarmory
|-damage|p2a: Skarmory|34/100
|move|p2a: Skarmory|Whirlwind|p1a: Skarmory
|drag|p1a: Blissey|Blissey, F, shiny|100/100
|-damage|p1a: Blissey|76/100|[from] Spikes
|
|-heal|p1a: Blissey|82/100|[from] item: Leftovers
|upkeep
|turn|27
|
|t:|1743902408
|move|p1a: Blissey|Thunder Wave|p2a: Skarmory
|-status|p2a: Skarmory|par
|cant|p2a: Skarmory|par
|
|-heal|p1a: Blissey|88/100|[from] item: Leftovers
|upkeep
|turn|28
|
|t:|1743902415
|move|p1a: Blissey|Seismic Toss|p2a: Skarmory
|-damage|p2a: Skarmory|4/100 par
|move|p2a: Skarmory|Whirlwind|p1a: Blissey
|drag|p1a: Skarmory|Skarmory, M, shiny|100/100
|
|upkeep
|turn|29
|
|t:|1743902421
|move|p1a: Skarmory|Body Press|p2a: Skarmory
|-damage|p2a: Skarmory|0 fnt
|faint|p2a: Skarmory
|
|win|xbes27
|raw|xbes27's rating: 1263 &rarr; <strong>1286</strong><br />(+23 for winning)
|raw|daher101's rating: 1231 &rarr; <strong>1208</strong><br />(-23 for losing)
|c|☆daher101|gg
|c|☆xbes27|Lol gg
|l|☆daher101
|player|p2|
