|j|☆Itkenreiza
|j|☆2(H2O)-Alt
|t:|1743854445
|gametype|singles
|player|p1|Itkenreiza|102|1600
|player|p2|2(H2O)-Alt|chase|1741
|teamsize|p1|6
|teamsize|p2|6
|gen|9
|tier|[Gen 9] OU
|rated|
|rule|HP Percentage Mod: HP is shown in percentages
|rule|Endless Battle Clause: Forcing endless battles is banned
|rule|Species Clause: Limit one of each Pokémon
|rule|OHKO Clause: OHKO moves are banned
|rule|Evasion Items Clause: Evasion items are banned
|rule|Evasion Moves Clause: Evasion moves are banned
|rule|Sleep Moves Clause: Sleep-inducing moves are banned
|clearpoke
|poke|p1|Cinderace, F|
|poke|p1|Enamorus, F|
|poke|p1|Ogerpon-Wellspring, F|
|poke|p1|Basculegion, M|
|poke|p1|Zapdos-Galar|
|poke|p1|Politoed, M|
|poke|p2|Cinderace, M|
|poke|p2|Kyurem|
|poke|p2|Kingambit, M|
|poke|p2|Alomomola, M|
|poke|p2|Dragapult, M|
|poke|p2|Moltres|
|teampreview
|inactive|Battle timer is ON: inactive players will automatically lose when time's up. (requested by Itkenreiza)
|c|☆2(H2O)-Alt|Hf big bri
|c|☆2(H2O)-Alt|bro
|c|☆Itkenreiza|hf homie
|
|t:|1743854472
|start
|switch|p1a: Zapdos|Zapdos-Galar|100/100
|switch|p2a: Kyurem|Kyurem|100/100
|-ability|p2a: Kyurem|Pressure
|turn|1
|
|t:|1743854482
|switch|p2a: Moltres|Moltres|100/100
|move|p1a: Zapdos|Knock Off|p2a: Moltres
|-damage|p2a: Moltres|69/100
|-status|p1a: Zapdos|brn|[from] ability: Flame Body|[of] p2a: Moltres
|-enditem|p2a: Moltres|Heavy-Duty Boots|[from] move: Knock Off|[of] p1a: Zapdos
|
|-damage|p1a: Zapdos|94/100 brn|[from] brn
|upkeep
|turn|2
|
|t:|1743854488
|switch|p1a: Politoed|Politoed, M|100/100
|-weather|RainDance|[from] ability: Drizzle|[of] p1a: Politoed
|move|p2a: Moltres|U-turn|p1a: Politoed
|-damage|p1a: Politoed|85/100
|
|t:|1743854490
|switch|p2a: Dragapult|Dragapult, M|100/100|[from] U-turn
|
|-weather|RainDance|[upkeep]
|upkeep
|turn|3
|
|t:|1743854497
|move|p2a: Dragapult|Substitute|p2a: Dragapult
|-start|p2a: Dragapult|Substitute
|-damage|p2a: Dragapult|76/100
|move|p1a: Politoed|Encore|p2a: Dragapult
|-start|p2a: Dragapult|Encore
|
|-weather|RainDance|[upkeep]
|-heal|p2a: Dragapult|82/100|[from] item: Leftovers
|upkeep
|turn|4
|
|t:|1743854502
|switch|p2a: Alomomola|Alomomola, M|100/100
|move|p1a: Politoed|Ice Beam|p2a: Alomomola
|-resisted|p2a: Alomomola
|-damage|p2a: Alomomola|94/100
|
|-weather|RainDance|[upkeep]
|upkeep
|turn|5
|
|t:|1743854510
|switch|p1a: Ogerpon|Ogerpon-Wellspring, F|100/100
|move|p2a: Alomomola|Flip Turn|p1a: Ogerpon
|-immune|p1a: Ogerpon|[from] ability: Water Absorb
|
|-weather|RainDance|[upkeep]
|upkeep
|turn|6
|
|t:|1743854521
|move|p1a: Ogerpon|Swords Dance|p1a: Ogerpon
|-boost|p1a: Ogerpon|atk|2
|move|p2a: Alomomola|Play Rough|p1a: Ogerpon
|-damage|p1a: Ogerpon|81/100
|
|-weather|RainDance|[upkeep]
|upkeep
|turn|7
|
|t:|1743854526
|switch|p2a: Dragapult|Dragapult, M|82/100
|move|p1a: Ogerpon|Horn Leech|p2a: Dragapult
|-resisted|p2a: Dragapult
|-damage|p2a: Dragapult|25/100
|-heal|p1a: Ogerpon|100/100|[from] drain|[of] p2a: Dragapult
|
|-weather|RainDance|[upkeep]
|-heal|p2a: Dragapult|31/100|[from] item: Leftovers
|upkeep
|turn|8
|
|t:|1743854545
|-terastallize|p1a: Ogerpon|Water
|detailschange|p1a: Ogerpon|Ogerpon-Wellspring-Tera, F, tera:Water
|-ability|p1a: Ogerpon|Embody Aspect (Wellspring)|boost
|-boost|p1a: Ogerpon|spd|1
|move|p2a: Dragapult|Will-O-Wisp|p1a: Ogerpon
|-status|p1a: Ogerpon|brn
|move|p1a: Ogerpon|Ivy Cudgel|p2a: Dragapult|[anim] Ivy Cudgel Water
|-resisted|p2a: Dragapult
|-damage|p2a: Dragapult|0 fnt
|faint|p2a: Dragapult
|
|-weather|RainDance|[upkeep]
|-damage|p1a: Ogerpon|95/100 brn|[from] brn
|upkeep
|
|t:|1743854555
|switch|p2a: Kyurem|Kyurem|100/100
|-ability|p2a: Kyurem|Pressure
|turn|9
|
|t:|1743854559
|move|p1a: Ogerpon|Ivy Cudgel|p2a: Kyurem|[anim] Ivy Cudgel Water
|-resisted|p2a: Kyurem
|-damage|p2a: Kyurem|45/100
|move|p2a: Kyurem|Dragon Dance|p2a: Kyurem
|-boost|p2a: Kyurem|atk|1
|-boost|p2a: Kyurem|spe|1
|
|-weather|none
|-damage|p1a: Ogerpon|89/100 brn|[from] brn
|upkeep
|turn|10
|
|t:|1743854566
|move|p2a: Kyurem|Scale Shot|p1a: Ogerpon
|-damage|p1a: Ogerpon|59/100 brn
|-damage|p1a: Ogerpon|30/100 brn
|-damage|p1a: Ogerpon|3/100 brn
|-damage|p1a: Ogerpon|0 fnt
|faint|p1a: Ogerpon
|-hitcount|p1: Ogerpon|4
|-unboost|p2a: Kyurem|def|1
|-boost|p2a: Kyurem|spe|1
|
|upkeep
|
|t:|1743854579
|switch|p1a: Politoed|Politoed, M|85/100
|-weather|RainDance|[from] ability: Drizzle|[of] p1a: Politoed
|turn|11
|
|t:|1743854581
|switch|p1a: Zapdos|Zapdos-Galar|94/100 brn
|move|p2a: Kyurem|Scale Shot|p1a: Zapdos
|-damage|p1a: Zapdos|67/100 brn
|-damage|p1a: Zapdos|43/100 brn
|-damage|p1a: Zapdos|19/100 brn
|-damage|p1a: Zapdos|0 fnt
|faint|p1a: Zapdos
|-hitcount|p1: Zapdos|4
|-unboost|p2a: Kyurem|def|1
|-boost|p2a: Kyurem|spe|1
|
|-weather|RainDance|[upkeep]
|upkeep
|
|t:|1743854585
|switch|p1a: Basculegion|Basculegion, M|100/100
|turn|12
|
|t:|1743854587
|switch|p2a: Alomomola|Alomomola, M|100/100
|move|p1a: Basculegion|Aqua Jet|p2a: Alomomola
|-resisted|p2a: Alomomola
|-damage|p2a: Alomomola|85/100
|
|-weather|RainDance|[upkeep]
|upkeep
|turn|13
|
|t:|1743854592
|switch|p1a: Enamorus|Enamorus, F|100/100
|move|p2a: Alomomola|Flip Turn|p1a: Enamorus
|-damage|p1a: Enamorus|62/100
|
|t:|1743854594
|switch|p2a: Moltres|Moltres|69/100|[from] Flip Turn
|
|-weather|RainDance|[upkeep]
|upkeep
|turn|14
|
|t:|1743854599
|move|p1a: Enamorus|Weather Ball|p2a: Moltres
|-supereffective|p2a: Moltres
|-damage|p2a: Moltres|0 fnt
|faint|p2a: Moltres
|
|-weather|RainDance|[upkeep]
|upkeep
|c|☆2(H2O)-Alt|Oh
|c|☆2(H2O)-Alt|thats cool tech
|c|☆Itkenreiza|thanks
|
|t:|1743854620
|switch|p2a: Alomomola|Alomomola, M|100/100
|turn|15
|
|t:|1743854631
|switch|p1a: Basculegion|Basculegion, M|100/100
|move|p2a: Alomomola|Scald|p1a: Basculegion
|-resisted|p1a: Basculegion
|-damage|p1a: Basculegion|89/100
|
|-weather|RainDance|[upkeep]
|upkeep
|turn|16
|
|t:|1743854642
|move|p1a: Basculegion|Head Smash|p2a: Alomomola|[miss]
|-miss|p1a: Basculegion|p2a: Alomomola
|move|p2a: Alomomola|Flip Turn|p1a: Basculegion
|-resisted|p1a: Basculegion
|-damage|p1a: Basculegion|73/100
|
|t:|1743854648
|switch|p2a: Kingambit|Kingambit, M|100/100|[from] Flip Turn
|-activate|p2a: Kingambit|ability: Supreme Overlord
|-start|p2a: Kingambit|fallen2|[silent]
|
|-weather|RainDance|[upkeep]
|upkeep
|turn|17
|
|t:|1743854658
|switch|p1a: Cinderace|Cinderace, F|100/100
|-end|p2a: Kingambit|fallen2|[silent]
|switch|p2a: Alomomola|Alomomola, M|100/100
|
|-weather|RainDance|[upkeep]
|upkeep
|turn|18
|
|t:|1743854661
|move|p1a: Cinderace|High Jump Kick|p2a: Alomomola
|-start|p1a: Cinderace|typechange|Fighting|[from] ability: Libero
|-damage|p2a: Alomomola|60/100
|move|p2a: Alomomola|Scald|p1a: Cinderace
|-damage|p1a: Cinderace|70/100
|
|-weather|none
|upkeep
|turn|19
|
|t:|1743854674
|move|p1a: Cinderace|U-turn|p2a: Alomomola
|-damage|p2a: Alomomola|46/100
|
|t:|1743854677
|switch|p1a: Politoed|Politoed, M|85/100|[from] U-turn
|-weather|RainDance|[from] ability: Drizzle|[of] p1a: Politoed
|move|p2a: Alomomola|Scald|p1a: Politoed
|-resisted|p1a: Politoed
|-damage|p1a: Politoed|77/100
|
|-weather|RainDance|[upkeep]
|upkeep
|turn|20
|
|t:|1743854688
|move|p1a: Politoed|Hydro Pump|p2a: Alomomola
|-resisted|p2a: Alomomola
|-damage|p2a: Alomomola|26/100
|move|p2a: Alomomola|Flip Turn|p1a: Politoed
|-resisted|p1a: Politoed
|-damage|p1a: Politoed|63/100
|
|t:|1743854691
|switch|p2a: Cinderace|Cinderace, M|100/100|[from] Flip Turn
|
|-weather|RainDance|[upkeep]
|upkeep
|turn|21
|
|t:|1743854697
|move|p2a: Cinderace|U-turn|p1a: Politoed
|-damage|p1a: Politoed|40/100
|
|t:|1743854699
|switch|p2a: Alomomola|Alomomola, M|59/100|[from] U-turn
|move|p1a: Politoed|Hydro Pump|p2a: Alomomola
|-resisted|p2a: Alomomola
|-crit|p2a: Alomomola
|-damage|p2a: Alomomola|32/100
|
|-weather|RainDance|[upkeep]
|upkeep
|turn|22
|
|t:|1743854708
|switch|p1a: Cinderace|Cinderace, F|70/100
|move|p2a: Alomomola|Flip Turn|p1a: Cinderace
|-supereffective|p1a: Cinderace
|-damage|p1a: Cinderace|2/100
|
|t:|1743854710
|switch|p2a: Cinderace|Cinderace, M|100/100|[from] Flip Turn
|
|-weather|RainDance|[upkeep]
|upkeep
|turn|23
|
|t:|1743854714
|move|p2a: Cinderace|Will-O-Wisp|p1a: Cinderace|[miss]
|-miss|p2a: Cinderace|p1a: Cinderace
|move|p1a: Cinderace|Weather Ball|p2a: Cinderace
|-start|p1a: Cinderace|typechange|Water|[from] ability: Libero
|-supereffective|p2a: Cinderace
|-crit|p2a: Cinderace
|-damage|p2a: Cinderace|0 fnt
|faint|p2a: Cinderace
|
|-weather|RainDance|[upkeep]
|upkeep
|c|☆Itkenreiza|hahaha
|
|t:|1743854721
|switch|p2a: Alomomola|Alomomola, M|65/100
|turn|24
|c|☆Itkenreiza|sorry
|c|☆2(H2O)-Alt|nah it’s ok
|c|☆Itkenreiza|i had to show
|c|☆2(H2O)-Alt|i missclicked anyways
|inactive|2(H2O)-Alt has 120 seconds left.
|c|☆2(H2O)-Alt|ur team is cool
|c|☆Itkenreiza|ty
|
|t:|1743854756
|move|p1a: Cinderace|High Jump Kick|p2a: Alomomola
|-damage|p2a: Alomomola|39/100
|move|p2a: Alomomola|Flip Turn|p1a: Cinderace
|-resisted|p1a: Cinderace
|-damage|p1a: Cinderace|0 fnt
|faint|p1a: Cinderace
|
|t:|1743854764
|switch|p2a: Kyurem|Kyurem|45/100|[from] Flip Turn
|-ability|p2a: Kyurem|Pressure
|
|-weather|RainDance|[upkeep]
|upkeep
|
|t:|1743854768
|switch|p1a: Enamorus|Enamorus, F|62/100
|turn|25
|
|t:|1743854776
|move|p1a: Enamorus|Superpower|p2a: Kyurem
|-supereffective|p2a: Kyurem
|-damage|p2a: Kyurem|0 fnt
|-boost|p1a: Enamorus|atk|1
|-boost|p1a: Enamorus|def|1
|faint|p2a: Kyurem
|
|-weather|RainDance|[upkeep]
|upkeep
|j| fl2124
|
|t:|1743854779
|switch|p2a: Alomomola|Alomomola, M|72/100
|turn|26
|
|t:|1743854784
|move|p1a: Enamorus|Moonblast|p2a: Alomomola
|-damage|p2a: Alomomola|44/100
|-unboost|p2a: Alomomola|spa|1
|move|p2a: Alomomola|Scald|p1a: Enamorus
|-damage|p1a: Enamorus|51/100
|
|-weather|none
|upkeep
|turn|27
|
|t:|1743854793
|move|p1a: Enamorus|Superpower|p2a: Alomomola
|-damage|p2a: Alomomola|16/100
|-boost|p1a: Enamorus|atk|1
|-boost|p1a: Enamorus|def|1
|move|p2a: Alomomola|Scald|p1a: Enamorus
|-damage|p1a: Enamorus|43/100
|
|upkeep
|turn|28
|
|t:|1743854797
|move|p1a: Enamorus|Superpower|p2a: Alomomola
|-damage|p2a: Alomomola|0 fnt
|-boost|p1a: Enamorus|atk|1
|-boost|p1a: Enamorus|def|1
|faint|p2a: Alomomola
|
|upkeep
|
|t:|1743854799
|switch|p2a: Kingambit|Kingambit, M|100/100
|-activate|p2a: Kingambit|ability: Supreme Overlord
|-start|p2a: Kingambit|fallen5|[silent]
|turn|29
|
|t:|1743854809
|move|p2a: Kingambit|Sucker Punch|p1a: Enamorus
|-resisted|p1a: Enamorus
|-damage|p1a: Enamorus|17/100
|move|p1a: Enamorus|Superpower|p2a: Kingambit
|-supereffective|p2a: Kingambit
|-damage|p2a: Kingambit|0 fnt
|-boost|p1a: Enamorus|atk|1
|-boost|p1a: Enamorus|def|1
|faint|p2a: Kingambit
|-end|p2a: Kingambit|fallen5|[silent]
|
|win|Itkenreiza
|raw|Itkenreiza's rating: 1600 &rarr; <strong>1628</strong><br />(+28 for winning)
|raw|2(H2O)-Alt's rating: 1741 &rarr; <strong>1713</strong><br />(-28 for losing)
|c|☆Itkenreiza|gg
|c|☆2(H2O)-Alt|gg
|l| fl2124
|l|☆2(H2O)-Alt
|player|p2|
|l|☆Itkenreiza
|player|p1|
