|j|☆amzamora
|j|☆sumerand
|t:|1743881193
|gametype|singles
|player|p1|amzamora|101|1221
|player|p2|sumerand|ghetsis|1197
|teamsize|p1|6
|teamsize|p2|6
|gen|9
|tier|[Gen 9] OU
|rated|
|rule|HP Percentage Mod: HP is shown in percentages
|rule|Endless Battle Clause: Forcing endless battles is banned
|rule|Species Clause: Limit one of each Pokémon
|rule|OHKO Clause: OHKO moves are banned
|rule|Evasion Items Clause: Evasion items are banned
|rule|Evasion Moves Clause: Evasion moves are banned
|rule|Sleep Moves Clause: Sleep-inducing moves are banned
|clearpoke
|poke|p1|Chandelure, F|
|poke|p1|Porygon2|
|poke|p1|Salamence, M|
|poke|p1|Rotom-Wash|
|poke|p1|Feraligatr, M|
|poke|p1|Reuniclus, F|
|poke|p2|Inteleon, F|
|poke|p2|Dragapult, M|
|poke|p2|Cinderace, F|
|poke|p2|Corviknight, F|
|poke|p2|Alomomola, F|
|poke|p2|Ting-Lu|
|teampreview
|inactive|Battle timer is ON: inactive players will automatically lose when time's up. (requested by amzamora)
|
|t:|1743881211
|start
|switch|p1a: Porygon2|Porygon2|100/100
|switch|p2a: Ting-Lu|Ting-Lu|100/100
|-ability|p2a: Ting-Lu|Vessel of Ruin
|turn|1
|
|t:|1743881219
|move|p1a: Porygon2|Ice Beam|p2a: Ting-Lu
|-supereffective|p2a: Ting-Lu
|-damage|p2a: Ting-Lu|82/100
|-status|p2a: Ting-Lu|frz
|cant|p2a: Ting-Lu|frz
|
|-heal|p2a: Ting-Lu|88/100 frz|[from] item: Leftovers
|upkeep
|turn|2
|
|t:|1743881228
|switch|p1a: Feraligatr|Feraligatr, M|100/100
|cant|p2a: Ting-Lu|frz
|
|-heal|p2a: Ting-Lu|94/100 frz|[from] item: Leftovers
|upkeep
|turn|3
|
|t:|1743881236
|move|p1a: Feraligatr|Dragon Dance|p1a: Feraligatr
|-boost|p1a: Feraligatr|atk|1
|-boost|p1a: Feraligatr|spe|1
|-curestatus|p2a: Ting-Lu|frz|[msg]
|move|p2a: Ting-Lu|Whirlwind|p1a: Feraligatr
|drag|p1a: Porygon2|Porygon2|100/100
|
|-heal|p2a: Ting-Lu|100/100|[from] item: Leftovers
|upkeep
|turn|4
|
|t:|1743881247
|move|p1a: Porygon2|Tri Attack|p2a: Ting-Lu
|-damage|p2a: Ting-Lu|86/100
|-status|p2a: Ting-Lu|frz
|cant|p2a: Ting-Lu|frz
|
|-heal|p2a: Ting-Lu|93/100 frz|[from] item: Leftovers
|upkeep
|turn|5
|c|☆amzamora|xD
|
|t:|1743881255
|switch|p1a: Feraligatr|Feraligatr, M|100/100
|cant|p2a: Ting-Lu|frz
|
|-heal|p2a: Ting-Lu|99/100 frz|[from] item: Leftovers
|upkeep
|turn|6
|
|t:|1743881263
|switch|p2a: Corviknight|Corviknight, F|100/100
|-ability|p2a: Corviknight|Pressure
|move|p1a: Feraligatr|Liquidation|p2a: Corviknight
|-damage|p2a: Corviknight|53/100
|-damage|p1a: Feraligatr|84/100|[from] item: Rocky Helmet|[of] p2a: Corviknight
|
|upkeep
|turn|7
|
|t:|1743881272
|move|p1a: Feraligatr|Dragon Dance|p1a: Feraligatr
|-boost|p1a: Feraligatr|atk|1
|-boost|p1a: Feraligatr|spe|1
|move|p2a: Corviknight|Roost|p2a: Corviknight
|-heal|p2a: Corviknight|100/100
|-singleturn|p2a: Corviknight|move: Roost
|
|upkeep
|turn|8
|
|t:|1743881280
|move|p1a: Feraligatr|Dragon Dance|p1a: Feraligatr
|-boost|p1a: Feraligatr|atk|1
|-boost|p1a: Feraligatr|spe|1
|move|p2a: Corviknight|Iron Defense|p2a: Corviknight
|-boost|p2a: Corviknight|def|2
|
|upkeep
|turn|9
|
|t:|1743881287
|move|p1a: Feraligatr|Dragon Dance|p1a: Feraligatr
|-boost|p1a: Feraligatr|atk|1
|-boost|p1a: Feraligatr|spe|1
|move|p2a: Corviknight|Iron Defense|p2a: Corviknight
|-boost|p2a: Corviknight|def|2
|
|upkeep
|turn|10
|
|t:|1743881293
|move|p1a: Feraligatr|Dragon Dance|p1a: Feraligatr
|-boost|p1a: Feraligatr|atk|1
|-boost|p1a: Feraligatr|spe|1
|move|p2a: Corviknight|Body Press|p1a: Feraligatr
|-crit|p1a: Feraligatr
|-damage|p1a: Feraligatr|0 fnt
|faint|p1a: Feraligatr
|
|upkeep
|
|t:|1743881300
|switch|p1a: Chandelure|Chandelure, F|100/100
|turn|11
|c|☆sumerand|XD?
|
|t:|1743881304
|switch|p2a: Ting-Lu|Ting-Lu|99/100 frz
|-ability|p2a: Ting-Lu|Vessel of Ruin
|move|p1a: Chandelure|Flamethrower|p2a: Ting-Lu
|-damage|p2a: Ting-Lu|62/100 frz
|-curestatus|p2a: Ting-Lu|frz|[msg]
|
|-heal|p2a: Ting-Lu|68/100|[from] item: Leftovers
|upkeep
|turn|12
|c|☆sumerand|Xd
|
|t:|1743881318
|move|p1a: Chandelure|Flamethrower|p2a: Ting-Lu
|-damage|p2a: Ting-Lu|36/100
|move|p2a: Ting-Lu|Stealth Rock|p1a: Chandelure
|-sidestart|p1: amzamora|move: Stealth Rock
|
|-heal|p2a: Ting-Lu|43/100|[from] item: Leftovers
|upkeep
|turn|13
|
|t:|1743881328
|switch|p2a: Alomomola|Alomomola, F|100/100
|move|p1a: Chandelure|Flamethrower|p2a: Alomomola
|-resisted|p2a: Alomomola
|-damage|p2a: Alomomola|55/100
|
|upkeep
|turn|14
|
|t:|1743881335
|move|p1a: Chandelure|Flamethrower|p2a: Alomomola
|-resisted|p2a: Alomomola
|-damage|p2a: Alomomola|9/100
|move|p2a: Alomomola|Wish|p2a: Alomomola
|
|upkeep
|turn|15
|
|t:|1743881348
|switch|p1a: Reuniclus|Reuniclus, F|100/100
|switch|p2a: Ting-Lu|Ting-Lu|43/100
|-ability|p2a: Ting-Lu|Vessel of Ruin
|
|-heal|p2a: Ting-Lu|95/100|[from] move: Wish|[wisher] Alomomola
|-heal|p2a: Ting-Lu|100/100|[from] item: Leftovers
|upkeep
|turn|16
|
|t:|1743881365
|switch|p1a: Chandelure|Chandelure, F|100/100
|-damage|p1a: Chandelure|76/100|[from] Stealth Rock
|move|p2a: Ting-Lu|Whirlwind|p1a: Chandelure
|drag|p1a: Porygon2|Porygon2|100/100
|-damage|p1a: Porygon2|88/100|[from] Stealth Rock
|
|upkeep
|turn|17
|
|t:|1743881374
|move|p1a: Porygon2|Ice Beam|p2a: Ting-Lu
|-supereffective|p2a: Ting-Lu
|-damage|p2a: Ting-Lu|80/100
|move|p2a: Ting-Lu|Ruination|p1a: Porygon2
|-damage|p1a: Porygon2|44/100
|
|-heal|p2a: Ting-Lu|86/100|[from] item: Leftovers
|upkeep
|turn|18
|
|t:|1743881382
|move|p1a: Porygon2|Ice Beam|p2a: Ting-Lu
|-supereffective|p2a: Ting-Lu
|-damage|p2a: Ting-Lu|66/100
|move|p2a: Ting-Lu|Whirlwind|p1a: Porygon2
|drag|p1a: Salamence|Salamence, M|100/100
|-damage|p1a: Salamence|76/100|[from] Stealth Rock
|
|-heal|p2a: Ting-Lu|72/100|[from] item: Leftovers
|upkeep
|turn|19
|-message|amzamora forfeited.
|
|win|sumerand
|raw|amzamora's rating: 1221 &rarr; <strong>1194</strong><br />(-27 for losing)
|raw|sumerand's rating: 1197 &rarr; <strong>1224</strong><br />(+27 for winning)
|l|☆amzamora
|player|p1|
