|j|☆yzl123
|j|☆Audio Peel
|t:|1743820885
|gametype|singles
|player|p1|yzl123|alder|1640
|player|p2|Audio Peel|unknownf|1818
|teamsize|p1|6
|teamsize|p2|6
|gen|9
|tier|[Gen 9] OU
|rated|
|rule|HP Percentage Mod: HP is shown in percentages
|rule|Endless Battle Clause: Forcing endless battles is banned
|rule|Species Clause: Limit one of each Pokémon
|rule|OHKO Clause: OHKO moves are banned
|rule|Evasion Items Clause: Evasion items are banned
|rule|Evasion Moves Clause: Evasion moves are banned
|rule|Sleep Moves Clause: Sleep-inducing moves are banned
|clearpoke
|poke|p1|Sinistcha|
|poke|p1|Tornadus-Therian, M|
|poke|p1|Iron Treads|
|poke|p1|Heatran, F|
|poke|p1|Clefable, M|
|poke|p1|Kommo-o, M|
|poke|p2|Iron Crown|
|poke|p2|Heatran, M|
|poke|p2|Zapdos|
|poke|p2|Rillaboom, M|
|poke|p2|Ogerpon-Wellspring, F|
|poke|p2|Great Tusk|
|teampreview
|inactive|Battle timer is ON: inactive players will automatically lose when time's up. (requested by yzl123)
|j| helintianxia
|inactive|Audio Peel has 120 seconds left.
|
|t:|1743820917
|start
|switch|p1a: Kommo-o|Kommo-o, M, shiny|100/100
|switch|p2a: Rillaboom|Rillaboom, M|100/100
|-fieldstart|move: Grassy Terrain|[from] ability: Grassy Surge|[of] p2a: Rillaboom
|turn|1
|j| MiniLarry
|
|t:|1743820928
|move|p2a: Rillaboom|U-turn|p1a: Kommo-o
|-resisted|p1a: Kommo-o
|-damage|p1a: Kommo-o|93/100
|
|t:|1743820934
|switch|p2a: Iron Crown|Iron Crown|100/100|[from] U-turn
|-enditem|p2a: Iron Crown|Booster Energy
|-activate|p2a: Iron Crown|ability: Quark Drive|[fromitem]
|-start|p2a: Iron Crown|quarkdrivespe
|move|p1a: Kommo-o|Stealth Rock|p2a: Iron Crown
|-sidestart|p2: Audio Peel|move: Stealth Rock
|
|-heal|p1a: Kommo-o|99/100|[from] Grassy Terrain
|-heal|p1a: Kommo-o|100/100|[from] item: Leftovers
|upkeep
|turn|2
|
|t:|1743820940
|move|p2a: Iron Crown|Calm Mind|p2a: Iron Crown
|-boost|p2a: Iron Crown|spa|1
|-boost|p2a: Iron Crown|spd|1
|move|p1a: Kommo-o|Flamethrower|p2a: Iron Crown
|-supereffective|p2a: Iron Crown
|-damage|p2a: Iron Crown|74/100
|
|-heal|p2a: Iron Crown|80/100|[from] Grassy Terrain
|upkeep
|turn|3
|
|t:|1743820949
|switch|p1a: 粉色恶魔的好朋友|Heatran, F|100/100
|move|p2a: Iron Crown|Calm Mind|p2a: Iron Crown
|-boost|p2a: Iron Crown|spa|1
|-boost|p2a: Iron Crown|spd|1
|
|-heal|p2a: Iron Crown|86/100|[from] Grassy Terrain
|upkeep
|turn|4
|
|t:|1743820954
|move|p2a: Iron Crown|Focus Blast|p1a: 粉色恶魔的好朋友
|-supereffective|p1a: 粉色恶魔的好朋友
|-damage|p1a: 粉色恶魔的好朋友|8/100
|move|p1a: 粉色恶魔的好朋友|Magma Storm|p2a: Iron Crown
|-supereffective|p2a: Iron Crown
|-damage|p2a: Iron Crown|47/100
|-activate|p2a: Iron Crown|move: Magma Storm|[of] p1a: 粉色恶魔的好朋友
|
|-heal|p2a: Iron Crown|53/100|[from] Grassy Terrain
|-heal|p1a: 粉色恶魔的好朋友|14/100|[from] Grassy Terrain
|-heal|p1a: 粉色恶魔的好朋友|21/100|[from] item: Leftovers
|-damage|p2a: Iron Crown|40/100|[from] move: Magma Storm|[partiallytrapped]
|upkeep
|turn|5
|
|t:|1743820960
|move|p1a: 粉色恶魔的好朋友|Protect|p1a: 粉色恶魔的好朋友
|-singleturn|p1a: 粉色恶魔的好朋友|Protect
|move|p2a: Iron Crown|Stored Power|p1a: 粉色恶魔的好朋友
|-activate|p1a: 粉色恶魔的好朋友|move: Protect
|
|-heal|p2a: Iron Crown|47/100|[from] Grassy Terrain
|-heal|p1a: 粉色恶魔的好朋友|27/100|[from] Grassy Terrain
|-heal|p1a: 粉色恶魔的好朋友|33/100|[from] item: Leftovers
|-damage|p2a: Iron Crown|34/100|[from] move: Magma Storm|[partiallytrapped]
|upkeep
|turn|6
|
|t:|1743820968
|move|p2a: Iron Crown|Focus Blast|p1a: 粉色恶魔的好朋友|[miss]
|-miss|p2a: Iron Crown|p1a: 粉色恶魔的好朋友
|move|p1a: 粉色恶魔的好朋友|Earth Power|p2a: Iron Crown
|-supereffective|p2a: Iron Crown
|-damage|p2a: Iron Crown|11/100
|
|-heal|p2a: Iron Crown|17/100|[from] Grassy Terrain
|-heal|p1a: 粉色恶魔的好朋友|39/100|[from] Grassy Terrain
|-heal|p1a: 粉色恶魔的好朋友|46/100|[from] item: Leftovers
|-damage|p2a: Iron Crown|5/100|[from] move: Magma Storm|[partiallytrapped]
|upkeep
|turn|7
|
|t:|1743820971
|move|p1a: 粉色恶魔的好朋友|Protect|p1a: 粉色恶魔的好朋友
|-singleturn|p1a: 粉色恶魔的好朋友|Protect
|move|p2a: Iron Crown|Focus Blast|p1a: 粉色恶魔的好朋友
|-activate|p1a: 粉色恶魔的好朋友|move: Protect
|
|-heal|p2a: Iron Crown|11/100|[from] Grassy Terrain
|-heal|p1a: 粉色恶魔的好朋友|52/100|[from] Grassy Terrain
|-heal|p1a: 粉色恶魔的好朋友|58/100|[from] item: Leftovers
|-damage|p2a: Iron Crown|0 fnt|[from] move: Magma Storm|[partiallytrapped]
|faint|p2a: Iron Crown
|-end|p2a: Iron Crown|Quark Drive|[silent]
|upkeep
|
|t:|1743820978
|switch|p2a: Ogerpon|Ogerpon-Wellspring, F|100/100
|-damage|p2a: Ogerpon|88/100|[from] Stealth Rock
|turn|8
|
|t:|1743820982
|switch|p1a: 可靠的背影|Tornadus-Therian, M, shiny|100/100
|move|p2a: Ogerpon|Swords Dance|p2a: Ogerpon
|-boost|p2a: Ogerpon|atk|2
|
|-heal|p2a: Ogerpon|94/100|[from] Grassy Terrain
|-fieldend|move: Grassy Terrain
|upkeep
|turn|9
|
|t:|1743820986
|-terastallize|p2a: Ogerpon|Water
|detailschange|p2a: Ogerpon|Ogerpon-Wellspring-Tera, F, tera:Water
|-ability|p2a: Ogerpon|Embody Aspect (Wellspring)|boost
|-boost|p2a: Ogerpon|spd|1
|move|p1a: 可靠的背影|U-turn|p2a: Ogerpon
|-damage|p2a: Ogerpon|76/100
|l| helintianxia
|
|t:|1743820989
|switch|p1a: Kommo-o|Kommo-o, M, shiny|100/100|[from] U-turn
|move|p2a: Ogerpon|Ivy Cudgel|p1a: Kommo-o|[anim] Ivy Cudgel Water
|-resisted|p1a: Kommo-o
|-crit|p1a: Kommo-o
|-damage|p1a: Kommo-o|24/100
|
|-heal|p1a: Kommo-o|30/100|[from] item: Leftovers
|upkeep
|turn|10
|
|t:|1743820992
|move|p1a: Kommo-o|Protect|p1a: Kommo-o
|-singleturn|p1a: Kommo-o|Protect
|move|p2a: Ogerpon|Ivy Cudgel|p1a: Kommo-o|[anim] Ivy Cudgel Water
|-activate|p1a: Kommo-o|move: Protect
|
|-heal|p1a: Kommo-o|36/100|[from] item: Leftovers
|upkeep
|turn|11
|
|t:|1743820994
|move|p2a: Ogerpon|Ivy Cudgel|p1a: Kommo-o|[anim] Ivy Cudgel Water
|-resisted|p1a: Kommo-o
|-damage|p1a: Kommo-o|0 fnt
|faint|p1a: Kommo-o
|
|upkeep
|
|t:|1743821004
|switch|p1a: 邪恶的粉色恶魔|Clefable, M, shiny|100/100
|turn|12
|
|t:|1743821008
|move|p2a: Ogerpon|Ivy Cudgel|p1a: 邪恶的粉色恶魔|[anim] Ivy Cudgel Water
|-damage|p1a: 邪恶的粉色恶魔|37/100
|move|p1a: 邪恶的粉色恶魔|Moonblast|p2a: Ogerpon
|-damage|p2a: Ogerpon|41/100
|
|-heal|p1a: 邪恶的粉色恶魔|43/100|[from] item: Leftovers
|upkeep
|turn|13
|
|t:|1743821012
|move|p2a: Ogerpon|Ivy Cudgel|p1a: 邪恶的粉色恶魔|[anim] Ivy Cudgel Water
|-damage|p1a: 邪恶的粉色恶魔|0 fnt
|faint|p1a: 邪恶的粉色恶魔
|
|upkeep
|
|t:|1743821015
|switch|p1a: 可靠的背影|Tornadus-Therian, M, shiny|100/100
|turn|14
|
|t:|1743821018
|move|p1a: 可靠的背影|Hurricane|p2a: Ogerpon
|-damage|p2a: Ogerpon|7/100
|-start|p2a: Ogerpon|confusion
|-activate|p2a: Ogerpon|confusion
|-damage|p2a: Ogerpon|0 fnt|[from] confusion
|faint|p2a: Ogerpon
|
|upkeep
|j| STKXY1
|
|t:|1743821028
|switch|p2a: Zapdos|Zapdos|100/100
|turn|15
|
|t:|1743821035
|move|p1a: 可靠的背影|Knock Off|p2a: Zapdos
|-damage|p2a: Zapdos|87/100
|-enditem|p2a: Zapdos|Heavy-Duty Boots|[from] move: Knock Off|[of] p1a: 可靠的背影
|move|p2a: Zapdos|Volt Switch|p1a: 可靠的背影
|-supereffective|p1a: 可靠的背影
|-crit|p1a: 可靠的背影
|-damage|p1a: 可靠的背影|39/100
|
|t:|1743821038
|switch|p2a: Heatran|Heatran, M|100/100|[from] Volt Switch
|-damage|p2a: Heatran|88/100|[from] Stealth Rock
|
|-heal|p2a: Heatran|94/100|[from] item: Leftovers
|upkeep
|turn|16
|
|t:|1743821051
|move|p1a: 可靠的背影|U-turn|p2a: Heatran
|-resisted|p2a: Heatran
|-damage|p2a: Heatran|91/100
|
|t:|1743821055
|switch|p1a: 粉色恶魔的好朋友|Heatran, F|58/100|[from] U-turn
|move|p2a: Heatran|Magma Storm|p1a: 粉色恶魔的好朋友
|-start|p1a: 粉色恶魔的好朋友|ability: Flash Fire
|
|-heal|p2a: Heatran|98/100|[from] item: Leftovers
|-heal|p1a: 粉色恶魔的好朋友|64/100|[from] item: Leftovers
|upkeep
|turn|17
|
|t:|1743821059
|move|p1a: 粉色恶魔的好朋友|Protect|p1a: 粉色恶魔的好朋友
|-singleturn|p1a: 粉色恶魔的好朋友|Protect
|move|p2a: Heatran|Earth Power|p1a: 粉色恶魔的好朋友
|-activate|p1a: 粉色恶魔的好朋友|move: Protect
|
|-heal|p2a: Heatran|100/100|[from] item: Leftovers
|-heal|p1a: 粉色恶魔的好朋友|70/100|[from] item: Leftovers
|upkeep
|turn|18
|
|t:|1743821064
|-terastallize|p1a: 粉色恶魔的好朋友|Bug
|move|p2a: Heatran|Protect|p2a: Heatran
|-singleturn|p2a: Heatran|Protect
|move|p1a: 粉色恶魔的好朋友|Earth Power|p2a: Heatran
|-activate|p2a: Heatran|move: Protect
|
|-heal|p1a: 粉色恶魔的好朋友|77/100|[from] item: Leftovers
|upkeep
|turn|19
|
|t:|1743821082
|switch|p2a: Rillaboom|Rillaboom, M|100/100
|-damage|p2a: Rillaboom|88/100|[from] Stealth Rock
|-fieldstart|move: Grassy Terrain|[from] ability: Grassy Surge|[of] p2a: Rillaboom
|move|p1a: 粉色恶魔的好朋友|Magma Storm|p2a: Rillaboom
|-supereffective|p2a: Rillaboom
|-damage|p2a: Rillaboom|0 fnt
|faint|p2a: Rillaboom
|
|-heal|p1a: 粉色恶魔的好朋友|83/100|[from] Grassy Terrain
|-heal|p1a: 粉色恶魔的好朋友|89/100|[from] item: Leftovers
|upkeep
|
|t:|1743821084
|switch|p2a: Zapdos|Zapdos|87/100
|-damage|p2a: Zapdos|62/100|[from] Stealth Rock
|turn|20
|
|t:|1743821088
|move|p2a: Zapdos|Hurricane|p1a: 粉色恶魔的好朋友|[miss]
|-miss|p2a: Zapdos|p1a: 粉色恶魔的好朋友
|move|p1a: 粉色恶魔的好朋友|Magma Storm|p2a: Zapdos
|-damage|p2a: Zapdos|5/100
|-activate|p2a: Zapdos|move: Magma Storm|[of] p1a: 粉色恶魔的好朋友
|
|-heal|p1a: 粉色恶魔的好朋友|95/100|[from] Grassy Terrain
|-heal|p1a: 粉色恶魔的好朋友|100/100|[from] item: Leftovers
|-damage|p2a: Zapdos|0 fnt|[from] move: Magma Storm|[partiallytrapped]
|faint|p2a: Zapdos
|upkeep
|
|t:|1743821090
|switch|p2a: Great Tusk|Great Tusk|100/100
|turn|21
|
|t:|1743821093
|move|p2a: Great Tusk|Rapid Spin|p1a: 粉色恶魔的好朋友
|-damage|p1a: 粉色恶魔的好朋友|86/100
|-boost|p2a: Great Tusk|spe|1
|-sideend|p2: Audio Peel|Stealth Rock|[from] move: Rapid Spin|[of] p2a: Great Tusk
|move|p1a: 粉色恶魔的好朋友|Magma Storm|p2a: Great Tusk
|-damage|p2a: Great Tusk|9/100
|-activate|p2a: Great Tusk|move: Magma Storm|[of] p1a: 粉色恶魔的好朋友
|
|-heal|p2a: Great Tusk|15/100|[from] Grassy Terrain
|-heal|p1a: 粉色恶魔的好朋友|92/100|[from] Grassy Terrain
|-heal|p1a: 粉色恶魔的好朋友|98/100|[from] item: Leftovers
|-damage|p2a: Great Tusk|3/100|[from] move: Magma Storm|[partiallytrapped]
|upkeep
|turn|22
|
|t:|1743821096
|move|p1a: 粉色恶魔的好朋友|Protect|p1a: 粉色恶魔的好朋友
|-singleturn|p1a: 粉色恶魔的好朋友|Protect
|move|p2a: Great Tusk|Stealth Rock|p1a: 粉色恶魔的好朋友
|-sidestart|p1: yzl123|move: Stealth Rock
|
|-heal|p2a: Great Tusk|9/100|[from] Grassy Terrain
|-heal|p1a: 粉色恶魔的好朋友|100/100|[from] Grassy Terrain
|-damage|p2a: Great Tusk|0 fnt|[from] move: Magma Storm|[partiallytrapped]
|faint|p2a: Great Tusk
|-end|p2a: Great Tusk|Protosynthesis|[silent]
|upkeep
|
|t:|1743821098
|switch|p2a: Heatran|Heatran, M|100/100
|turn|23
|
|t:|1743821100
|move|p2a: Heatran|Earth Power|p1a: 粉色恶魔的好朋友
|-resisted|p1a: 粉色恶魔的好朋友
|-damage|p1a: 粉色恶魔的好朋友|90/100
|move|p1a: 粉色恶魔的好朋友|Earth Power|p2a: Heatran
|-supereffective|p2a: Heatran
|-damage|p2a: Heatran|17/100
|
|-heal|p2a: Heatran|23/100|[from] Grassy Terrain
|-heal|p2a: Heatran|29/100|[from] item: Leftovers
|-heal|p1a: 粉色恶魔的好朋友|96/100|[from] Grassy Terrain
|-heal|p1a: 粉色恶魔的好朋友|100/100|[from] item: Leftovers
|upkeep
|turn|24
|
|t:|1743821102
|move|p2a: Heatran|Earth Power|p1a: 粉色恶魔的好朋友
|-resisted|p1a: 粉色恶魔的好朋友
|-damage|p1a: 粉色恶魔的好朋友|89/100
|-unboost|p1a: 粉色恶魔的好朋友|spd|1
|move|p1a: 粉色恶魔的好朋友|Earth Power|p2a: Heatran
|-supereffective|p2a: Heatran
|-damage|p2a: Heatran|0 fnt
|faint|p2a: Heatran
|
|win|yzl123
|raw|yzl123's rating: 1640 &rarr; <strong>1669</strong><br />(+29 for winning)
|raw|Audio Peel's rating: 1818 &rarr; <strong>1789</strong><br />(-29 for losing)
|l|☆Audio Peel
|player|p2|
|l|☆yzl123
|player|p1|
