|j|☆LusterSN
|j|☆R. Caroline
|t:|1743898005
|gametype|singles
|player|p1|LusterSN|lucas-gen4pt|1655
|player|p2|R. Caroline|pokemonrangerf-gen4|1611
|teamsize|p1|6
|teamsize|p2|6
|gen|9
|tier|[Gen 9] OU
|rated|
|rule|HP Percentage Mod: HP is shown in percentages
|rule|Endless Battle Clause: Forcing endless battles is banned
|rule|Species Clause: Limit one of each Pokémon
|rule|OHKO Clause: OHKO moves are banned
|rule|Evasion Items Clause: Evasion items are banned
|rule|Evasion Moves Clause: Evasion moves are banned
|rule|Sleep Moves Clause: Sleep-inducing moves are banned
|clearpoke
|poke|p1|Tornadus, M|
|poke|p1|Weavile, F|
|poke|p1|Great Tusk|
|poke|p1|Landorus-Therian, M|
|poke|p1|Slowking-Galar, M|
|poke|p1|Dragapult, F|
|poke|p2|Latios, M|
|poke|p2|Chansey, F|
|poke|p2|Ursaluna, M|
|poke|p2|Scizor, M|
|poke|p2|Umbreon, F|
|poke|p2|Mew|
|teampreview
|
|t:|1743898032
|start
|switch|p1a: Dragapult|Dragapult, F|100/100
|switch|p2a: Boston|Mew, shiny|100/100
|turn|1
|
|t:|1743898040
|move|p2a: Boston|Ice Beam|p1a: Dragapult
|-supereffective|p1a: Dragapult
|-damage|p1a: Dragapult|24/100
|move|p1a: Dragapult|U-turn|p2a: Boston
|-supereffective|p2a: Boston
|-damage|p2a: Boston|66/100
|inactive|Battle timer is ON: inactive players will automatically lose when time's up. (requested by LusterSN)
|
|t:|1743898045
|switch|p1a: Weavile|Weavile, F|100/100|[from] U-turn
|-ability|p1a: Weavile|Pressure
|
|upkeep
|turn|2
|
|t:|1743898051
|switch|p2a: Dinah|Umbreon, F|100/100
|move|p1a: Weavile|Knock Off|p2a: Dinah
|-resisted|p2a: Dinah
|-damage|p2a: Dinah|80/100
|-damage|p1a: Weavile|84/100|[from] item: Rocky Helmet|[of] p2a: Dinah
|-enditem|p2a: Dinah|Rocky Helmet|[from] move: Knock Off|[of] p1a: Weavile
|
|upkeep
|turn|3
|
|t:|1743898061
|switch|p1a: Landorus|Landorus-Therian, M|100/100
|-ability|p1a: Landorus|Intimidate|boost
|-fail|p2a: Dinah|unboost|Attack|[from] ability: Inner Focus|[of] p2a: Dinah
|move|p2a: Dinah|Foul Play|p1a: Landorus
|-damage|p1a: Landorus|61/100
|-damage|p2a: Dinah|64/100|[from] item: Rocky Helmet|[of] p1a: Landorus
|
|upkeep
|turn|4
|
|t:|1743898074
|move|p1a: Landorus|Stealth Rock|p2a: Dinah
|-sidestart|p2: R. Caroline|move: Stealth Rock
|move|p2a: Dinah|Foul Play|p1a: Landorus
|-damage|p1a: Landorus|25/100
|-damage|p2a: Dinah|47/100|[from] item: Rocky Helmet|[of] p1a: Landorus
|
|upkeep
|turn|5
|
|t:|1743898080
|move|p1a: Landorus|Taunt|p2a: Dinah
|-start|p2a: Dinah|move: Taunt
|cant|p2a: Dinah|move: Taunt|Moonlight
|
|upkeep
|turn|6
|
|t:|1743898091
|switch|p2a: Garf|Scizor, M, shiny|100/100
|move|p1a: Landorus|U-turn|p2a: Garf
|-resisted|p2a: Garf
|-damage|p2a: Garf|91/100
|
|t:|1743898104
|switch|p1a: Tornadus|Tornadus, M|100/100|[from] U-turn
|
|upkeep
|turn|7
|
|t:|1743898111
|move|p1a: Tornadus|Bleakwind Storm|p2a: Garf
|-damage|p2a: Garf|29/100
|move|p2a: Garf|Defog|p1a: Tornadus
|-unboost|p1a: Tornadus|evasion|1
|-sideend|p2: R. Caroline|Stealth Rock|[from] move: Defog|[of] p2a: Garf
|
|upkeep
|turn|8
|
|t:|1743898119
|switch|p2a: Shay|Chansey, F, shiny|100/100
|move|p1a: Tornadus|Bleakwind Storm|p2a: Shay
|-damage|p2a: Shay|89/100
|
|upkeep
|turn|9
|
|t:|1743898124
|move|p1a: Tornadus|Taunt|p2a: Shay
|-start|p2a: Shay|move: Taunt
|cant|p2a: Shay|move: Taunt|Stealth Rock
|
|upkeep
|turn|10
|
|t:|1743898128
|move|p1a: Tornadus|Knock Off|p2a: Shay
|-damage|p2a: Shay|64/100
|-enditem|p2a: Shay|Eviolite|[from] move: Knock Off|[of] p1a: Tornadus
|move|p2a: Shay|Seismic Toss|p1a: Tornadus
|-damage|p1a: Tornadus|67/100
|
|upkeep
|turn|11
|
|t:|1743898136
|switch|p1a: Dragapult|Dragapult, F|24/100
|move|p2a: Shay|Seismic Toss|p1a: Dragapult
|-immune|p1a: Dragapult
|
|-end|p2a: Shay|move: Taunt
|upkeep
|turn|12
|
|t:|1743898143
|move|p1a: Dragapult|U-turn|p2a: Shay
|-damage|p2a: Shay|35/100
|
|t:|1743898144
|switch|p1a: Landorus|Landorus-Therian, M|25/100|[from] U-turn
|-ability|p1a: Landorus|Intimidate|boost
|-unboost|p2a: Shay|atk|1
|move|p2a: Shay|Stealth Rock|p1a: Landorus
|-sidestart|p1: LusterSN|move: Stealth Rock
|
|upkeep
|turn|13
|
|t:|1743898150
|move|p1a: Landorus|Stealth Rock|p2a: Shay
|-sidestart|p2: R. Caroline|move: Stealth Rock
|move|p2a: Shay|Seismic Toss|p1a: Landorus
|-damage|p1a: Landorus|0 fnt
|-damage|p2a: Shay|18/100|[from] item: Rocky Helmet|[of] p1a: Landorus
|faint|p1a: Landorus
|
|upkeep
|
|t:|1743898158
|switch|p1a: Great Tusk|Great Tusk|100/100
|-damage|p1a: Great Tusk|98/100|[from] Stealth Rock
|-enditem|p1a: Great Tusk|Booster Energy
|-activate|p1a: Great Tusk|ability: Protosynthesis|[fromitem]
|-start|p1a: Great Tusk|protosynthesisatk
|turn|14
|
|t:|1743898164
|-terastallize|p2a: Shay|Ghost
|move|p1a: Great Tusk|Rapid Spin|p2a: Shay
|-immune|p2a: Shay
|move|p2a: Shay|Healing Wish|p2a: Shay
|faint|p2a: Shay
|
|upkeep
|
|t:|1743898170
|switch|p2a: Corrigan|Latios, M, shiny|100/100
|-damage|p2a: Corrigan|88/100|[from] Stealth Rock
|turn|15
|
|t:|1743898178
|-end|p1a: Great Tusk|Protosynthesis|[silent]
|switch|p1a: Slowking|Slowking-Galar, M|100/100
|move|p2a: Corrigan|Surf|p1a: Slowking
|-damage|p1a: Slowking|73/100
|
|upkeep
|turn|16
|
|t:|1743898186
|switch|p2a: Etrig|Ursaluna, M, shiny|100/100
|-damage|p2a: Etrig|94/100|[from] Stealth Rock
|-prepare|p1a: Slowking|Chilly Reception|[premajor]
|move|p1a: Slowking|Chilly Reception|p1a: Slowking
|-weather|Snowscape
|
|t:|1743898196
|switch|p1a: Great Tusk|Great Tusk|98/100|[from] Chilly Reception
|-damage|p1a: Great Tusk|95/100|[from] Stealth Rock
|
|-weather|Snowscape|[upkeep]
|upkeep
|turn|17
|
|t:|1743898203
|move|p1a: Great Tusk|Rapid Spin|p2a: Etrig
|-damage|p2a: Etrig|83/100
|-boost|p1a: Great Tusk|spe|1
|-sideend|p1: LusterSN|Stealth Rock|[from] move: Rapid Spin|[of] p1a: Great Tusk
|move|p2a: Etrig|Avalanche|p1a: Great Tusk
|-supereffective|p1a: Great Tusk
|-damage|p1a: Great Tusk|26/100
|
|-weather|Snowscape|[upkeep]
|upkeep
|turn|18
|
|t:|1743898211
|move|p1a: Great Tusk|Close Combat|p2a: Etrig
|-supereffective|p2a: Etrig
|-damage|p2a: Etrig|1/100
|-unboost|p1a: Great Tusk|def|1
|-unboost|p1a: Great Tusk|spd|1
|move|p2a: Etrig|Earthquake|p1a: Great Tusk
|-damage|p1a: Great Tusk|0 fnt
|faint|p1a: Great Tusk
|-end|p1a: Great Tusk|Protosynthesis|[silent]
|
|-weather|Snowscape|[upkeep]
|upkeep
|
|t:|1743898228
|switch|p1a: Dragapult|Dragapult, F|24/100
|turn|19
|
|t:|1743898243
|move|p1a: Dragapult|U-turn|p2a: Etrig
|-damage|p2a: Etrig|0 fnt
|faint|p2a: Etrig
|
|t:|1743898249
|switch|p1a: Tornadus|Tornadus, M|67/100|[from] U-turn
|
|-weather|Snowscape|[upkeep]
|upkeep
|
|t:|1743898267
|switch|p2a: Dinah|Umbreon, F|47/100
|-heal|p2a: Dinah|100/100|[from] move: Healing Wish
|-damage|p2a: Dinah|88/100|[from] Stealth Rock
|turn|20
|
|t:|1743898280
|move|p1a: Tornadus|Bleakwind Storm|p2a: Dinah
|-damage|p2a: Dinah|54/100
|-unboost|p2a: Dinah|spe|1
|move|p2a: Dinah|Foul Play|p1a: Tornadus
|-damage|p1a: Tornadus|10/100
|
|-weather|none
|upkeep
|turn|21
|
|t:|1743898293
|move|p1a: Tornadus|Taunt|p2a: Dinah
|-hint|Since gen 7, Dark is immune to Prankster moves.
|-immune|p2a: Dinah
|move|p2a: Dinah|Foul Play|p1a: Tornadus
|-damage|p1a: Tornadus|0 fnt
|faint|p1a: Tornadus
|
|upkeep
|
|t:|1743898297
|switch|p1a: Weavile|Weavile, F|84/100
|-ability|p1a: Weavile|Pressure
|turn|22
|
|t:|1743898310
|move|p1a: Weavile|Triple Axel|p2a: Dinah
|-damage|p2a: Dinah|45/100
|-damage|p2a: Dinah|27/100
|-damage|p2a: Dinah|2/100
|-hitcount|p2a: Dinah|3
|move|p2a: Dinah|Moonlight|p2a: Dinah
|-heal|p2a: Dinah|52/100
|
|upkeep
|turn|23
|
|t:|1743898323
|move|p1a: Weavile|Triple Axel|p2a: Dinah
|-damage|p2a: Dinah|43/100
|-damage|p2a: Dinah|26/100
|-hitcount|p2a: Dinah|2
|move|p2a: Dinah|Moonlight|p2a: Dinah
|-heal|p2a: Dinah|76/100
|
|upkeep
|turn|24
|
|t:|1743898330
|-terastallize|p1a: Weavile|Ice
|move|p1a: Weavile|Triple Axel|p2a: Dinah
|-damage|p2a: Dinah|64/100
|-damage|p2a: Dinah|41/100
|-damage|p2a: Dinah|3/100
|-hitcount|p2a: Dinah|3
|move|p2a: Dinah|Thunder Wave|p1a: Weavile
|-status|p1a: Weavile|par
|
|upkeep
|turn|25
|
|t:|1743898351
|move|p1a: Weavile|Triple Axel|p2a: Dinah|[miss]
|-miss|p1a: Weavile|p2a: Dinah
|move|p2a: Dinah|Moonlight|p2a: Dinah
|-heal|p2a: Dinah|53/100
|
|upkeep
|turn|26
|
|t:|1743898357
|move|p1a: Weavile|Triple Axel|p2a: Dinah
|-damage|p2a: Dinah|41/100
|-damage|p2a: Dinah|20/100
|-damage|p2a: Dinah|0 fnt
|faint|p2a: Dinah
|-hitcount|p2: Dinah|3
|
|upkeep
|
|t:|1743898364
|switch|p2a: Garf|Scizor, M, shiny|29/100
|turn|27
|
|t:|1743898379
|switch|p1a: Slowking|Slowking-Galar, M|100/100
|move|p2a: Garf|Bullet Punch|p1a: Slowking
|-damage|p1a: Slowking|68/100
|
|upkeep
|turn|28
|
|t:|1743898391
|move|p2a: Garf|Knock Off|p1a: Slowking
|-supereffective|p1a: Slowking
|-damage|p1a: Slowking|0 fnt
|-enditem|p1a: Slowking|Heavy-Duty Boots|[from] move: Knock Off|[of] p2a: Garf
|faint|p1a: Slowking
|
|upkeep
|
|t:|1743898394
|switch|p1a: Weavile|Weavile, F, tera:Ice|84/100 par
|-ability|p1a: Weavile|Pressure
|turn|29
|
|t:|1743898399
|move|p1a: Weavile|Ice Shard|p2a: Garf
|-resisted|p2a: Garf
|-damage|p2a: Garf|11/100
|move|p2a: Garf|Bullet Punch|p1a: Weavile
|-supereffective|p1a: Weavile
|-damage|p1a: Weavile|0 fnt
|faint|p1a: Weavile
|
|upkeep
|-message|LusterSN forfeited.
|
|win|R. Caroline
|raw|LusterSN's rating: 1655 &rarr; <strong>1632</strong><br />(-23 for losing)
|raw|R. Caroline's rating: 1611 &rarr; <strong>1634</strong><br />(+23 for winning)
|l|☆LusterSN
|player|p1|
|l|☆R. Caroline
|player|p2|
