|j|☆iamveer
|j|☆esteostrali
|t:|1743778324
|gametype|singles
|player|p1|iamveer|266|1468
|player|p2|esteostrali|dragontamer|1516
|teamsize|p1|6
|teamsize|p2|6
|gen|9
|tier|[Gen 9] OU
|rated|
|rule|HP Percentage Mod: HP is shown in percentages
|rule|Endless Battle Clause: Forcing endless battles is banned
|rule|Species Clause: Limit one of each Pokémon
|rule|OHKO Clause: OHKO moves are banned
|rule|Evasion Items Clause: Evasion items are banned
|rule|Evasion Moves Clause: Evasion moves are banned
|rule|Sleep Moves Clause: Sleep-inducing moves are banned
|clearpoke
|poke|p1|Torkoal, M|
|poke|p1|Great Tusk|
|poke|p1|Walking Wake|
|poke|p1|Lilligant-Hisui, F|
|poke|p1|Slowking-Galar, F|
|poke|p1|Meowscarada, F|
|poke|p2|Great Tusk|
|poke|p2|Iron Valiant|
|poke|p2|Kyurem|
|poke|p2|Raging Bolt|
|poke|p2|Samurott-Hisui, M|
|poke|p2|Pecharunt|
|teampreview
|inactive|Battle timer is ON: inactive players will automatically lose when time's up. (requested by iamveer)
|
|t:|1743778332
|start
|switch|p1a: Meowscarada|Meowscarada, F|100/100
|switch|p2a: Samurott|Samurott-Hisui, M|100/100
|turn|1
|
|t:|1743778341
|switch|p2a: Pecharunt|Pecharunt|100/100
|move|p1a: Meowscarada|Play Rough|p2a: Pecharunt
|-start|p1a: Meowscarada|typechange|Fairy|[from] ability: Protean
|-resisted|p2a: Pecharunt
|-damage|p2a: Pecharunt|89/100
|
|upkeep
|turn|2
|
|t:|1743778349
|switch|p1a: Slowking|Slowking-Galar, F, shiny|100/100
|move|p2a: Pecharunt|Shadow Ball|p1a: Slowking
|-supereffective|p1a: Slowking
|-damage|p1a: Slowking|64/100
|
|upkeep
|turn|3
|
|t:|1743778355
|move|p2a: Pecharunt|Shadow Ball|p1a: Slowking
|-supereffective|p1a: Slowking
|-damage|p1a: Slowking|29/100
|move|p1a: Slowking|Psychic|p2a: Pecharunt
|-supereffective|p2a: Pecharunt
|-damage|p2a: Pecharunt|25/100
|
|upkeep
|turn|4
|
|t:|1743778362
|switch|p1a: Meowscarada|Meowscarada, F|100/100
|move|p2a: Pecharunt|Recover|p2a: Pecharunt
|-heal|p2a: Pecharunt|75/100
|
|upkeep
|turn|5
|
|t:|1743778370
|switch|p2a: Iron Valiant|Iron Valiant|100/100
|-enditem|p2a: Iron Valiant|Booster Energy
|-activate|p2a: Iron Valiant|ability: Quark Drive|[fromitem]
|-start|p2a: Iron Valiant|quarkdrivespe
|move|p1a: Meowscarada|U-turn|p2a: Iron Valiant
|-start|p1a: Meowscarada|typechange|Bug|[from] ability: Protean
|-resisted|p2a: Iron Valiant
|-damage|p2a: Iron Valiant|90/100
|
|t:|1743778378
|switch|p1a: Slowking|Slowking-Galar, F, shiny|62/100|[from] U-turn
|
|upkeep
|turn|6
|
|t:|1743778388
|-end|p2a: Iron Valiant|Quark Drive|[silent]
|switch|p2a: Samurott|Samurott-Hisui, M|100/100
|move|p1a: Slowking|Sludge Bomb|p2a: Samurott
|-damage|p2a: Samurott|67/100
|
|upkeep
|turn|7
|
|t:|1743778394
|switch|p1a: Great Tusk|Great Tusk|100/100
|move|p2a: Samurott|Ceaseless Edge|p1a: Great Tusk
|-resisted|p1a: Great Tusk
|-damage|p1a: Great Tusk|85/100
|-sidestart|p1: iamveer|Spikes
|
|upkeep
|turn|8
|
|t:|1743778404
|switch|p2a: Great Tusk|Great Tusk|100/100
|move|p1a: Great Tusk|Rapid Spin|p2a: Great Tusk
|-damage|p2a: Great Tusk|89/100
|-boost|p1a: Great Tusk|spe|1
|-sideend|p1: iamveer|Spikes|[from] move: Rapid Spin|[of] p1a: Great Tusk
|
|upkeep
|turn|9
|
|t:|1743778411
|move|p1a: Great Tusk|Ice Spinner|p2a: Great Tusk
|-supereffective|p2a: Great Tusk
|-damage|p2a: Great Tusk|54/100
|move|p2a: Great Tusk|Ice Spinner|p1a: Great Tusk
|-supereffective|p1a: Great Tusk
|-damage|p1a: Great Tusk|49/100
|
|upkeep
|turn|10
|
|t:|1743778419
|move|p1a: Great Tusk|Ice Spinner|p2a: Great Tusk
|-supereffective|p2a: Great Tusk
|-damage|p2a: Great Tusk|17/100
|move|p2a: Great Tusk|Ice Spinner|p1a: Great Tusk
|-supereffective|p1a: Great Tusk
|-damage|p1a: Great Tusk|17/100
|
|upkeep
|turn|11
|
|t:|1743778430
|-end|p2a: Great Tusk|Protosynthesis|[silent]
|switch|p2a: Samurott|Samurott-Hisui, M|67/100
|move|p1a: Great Tusk|Ice Spinner|p2a: Samurott
|-resisted|p2a: Samurott
|-damage|p2a: Samurott|49/100
|
|upkeep
|turn|12
|
|t:|1743778437
|-end|p1a: Great Tusk|Protosynthesis|[silent]
|switch|p1a: Meowscarada|Meowscarada, F|100/100
|move|p2a: Samurott|Aqua Jet|p1a: Meowscarada
|-resisted|p1a: Meowscarada
|-damage|p1a: Meowscarada|87/100
|
|upkeep
|turn|13
|
|t:|1743778443
|switch|p2a: Great Tusk|Great Tusk|17/100
|move|p1a: Meowscarada|U-turn|p2a: Great Tusk
|-start|p1a: Meowscarada|typechange|Bug|[from] ability: Protean
|-resisted|p2a: Great Tusk
|-damage|p2a: Great Tusk|6/100
|
|t:|1743778451
|switch|p1a: Walking Wake|Walking Wake|100/100|[from] U-turn
|
|upkeep
|turn|14
|
|t:|1743778457
|-end|p2a: Great Tusk|Protosynthesis|[silent]
|switch|p2a: Samurott|Samurott-Hisui, M|49/100
|move|p1a: Walking Wake|Hydro Steam|p2a: Samurott
|-resisted|p2a: Samurott
|-crit|p2a: Samurott
|-damage|p2a: Samurott|9/100
|-damage|p1a: Walking Wake|91/100|[from] item: Life Orb
|
|upkeep
|turn|15
|
|t:|1743778466
|move|p1a: Walking Wake|Hydro Steam|p2a: Samurott
|-resisted|p2a: Samurott
|-damage|p2a: Samurott|0 fnt
|faint|p2a: Samurott
|-damage|p1a: Walking Wake|81/100|[from] item: Life Orb
|
|upkeep
|
|t:|1743778476
|switch|p2a: Iron Valiant|Iron Valiant|90/100
|turn|16
|
|t:|1743778481
|-end|p1a: Walking Wake|Protosynthesis|[silent]
|switch|p1a: Slowking|Slowking-Galar, F, shiny|95/100
|move|p2a: Iron Valiant|Calm Mind|p2a: Iron Valiant
|-boost|p2a: Iron Valiant|spa|1
|-boost|p2a: Iron Valiant|spd|1
|
|upkeep
|turn|17
|
|t:|1743778490
|move|p2a: Iron Valiant|Shadow Ball|p1a: Slowking
|-supereffective|p1a: Slowking
|-damage|p1a: Slowking|50/100
|-unboost|p1a: Slowking|spd|1
|move|p1a: Slowking|Sludge Bomb|p2a: Iron Valiant
|-supereffective|p2a: Iron Valiant
|-damage|p2a: Iron Valiant|14/100
|
|upkeep
|turn|18
|
|t:|1743778500
|switch|p1a: Meowscarada|Meowscarada, F|87/100
|move|p2a: Iron Valiant|Shadow Ball|p1a: Meowscarada
|-resisted|p1a: Meowscarada
|-damage|p1a: Meowscarada|59/100
|-unboost|p1a: Meowscarada|spd|1
|
|upkeep
|turn|19
|
|t:|1743778509
|move|p1a: Meowscarada|Flower Trick|p2a: Iron Valiant
|-start|p1a: Meowscarada|typechange|Grass|[from] ability: Protean
|-crit|p2a: Iron Valiant
|-damage|p2a: Iron Valiant|0 fnt
|faint|p2a: Iron Valiant
|-end|p2a: Iron Valiant|Quark Drive|[silent]
|
|upkeep
|
|t:|1743778517
|switch|p2a: Kyurem|Kyurem|100/100
|-ability|p2a: Kyurem|Pressure
|turn|20
|
|t:|1743778527
|switch|p1a: Torkoal|Torkoal, M|100/100
|-weather|SunnyDay|[from] ability: Drought|[of] p1a: Torkoal
|move|p2a: Kyurem|Dragon Dance|p2a: Kyurem
|-boost|p2a: Kyurem|atk|1
|-boost|p2a: Kyurem|spe|1
|
|-weather|SunnyDay|[upkeep]
|upkeep
|turn|21
|
|t:|1743778534
|move|p2a: Kyurem|Substitute|p2a: Kyurem
|-start|p2a: Kyurem|Substitute
|-damage|p2a: Kyurem|76/100
|move|p1a: Torkoal|Will-O-Wisp|p2a: Kyurem|[miss]
|-miss|p1a: Torkoal|p2a: Kyurem
|
|-weather|SunnyDay|[upkeep]
|upkeep
|turn|22
|
|t:|1743778540
|move|p2a: Kyurem|Dragon Dance|p2a: Kyurem
|-boost|p2a: Kyurem|atk|1
|-boost|p2a: Kyurem|spe|1
|move|p1a: Torkoal|Lava Plume|p2a: Kyurem
|-end|p2a: Kyurem|Substitute
|
|-weather|SunnyDay|[upkeep]
|upkeep
|turn|23
|
|t:|1743778547
|move|p2a: Kyurem|Scale Shot|p1a: Torkoal
|-damage|p1a: Torkoal|80/100
|-damage|p1a: Torkoal|59/100
|-damage|p1a: Torkoal|38/100
|-damage|p1a: Torkoal|19/100
|-damage|p1a: Torkoal|0 fnt
|faint|p1a: Torkoal
|-hitcount|p1: Torkoal|5
|-unboost|p2a: Kyurem|def|1
|-boost|p2a: Kyurem|spe|1
|
|-weather|SunnyDay|[upkeep]
|upkeep
|
|t:|1743778563
|switch|p1a: Meowscarada|Meowscarada, F|59/100
|turn|24
|
|t:|1743778568
|move|p1a: Meowscarada|Sucker Punch|p2a: Kyurem
|-start|p1a: Meowscarada|typechange|Dark|[from] ability: Protean
|-damage|p2a: Kyurem|28/100
|move|p2a: Kyurem|Icicle Spear|p1a: Meowscarada
|-damage|p1a: Meowscarada|17/100
|-damage|p1a: Meowscarada|0 fnt
|faint|p1a: Meowscarada
|-hitcount|p1: Meowscarada|2
|
|-weather|SunnyDay|[upkeep]
|upkeep
|
|t:|1743778577
|switch|p1a: Lilligant|Lilligant-Hisui, F|100/100
|turn|25
|
|t:|1743778585
|-terastallize|p1a: Lilligant|Steel
|move|p2a: Kyurem|Substitute|p2a: Kyurem
|-start|p2a: Kyurem|Substitute
|-damage|p2a: Kyurem|3/100
|move|p1a: Lilligant|Victory Dance|p1a: Lilligant
|-boost|p1a: Lilligant|atk|1
|-boost|p1a: Lilligant|def|1
|-boost|p1a: Lilligant|spe|1
|
|-weather|SunnyDay|[upkeep]
|upkeep
|turn|26
|
|t:|1743778595
|move|p1a: Lilligant|Triple Axel|p2a: Kyurem
|-activate|p2a: Kyurem|move: Substitute|[damage]
|-end|p2a: Kyurem|Substitute
|-damage|p2a: Kyurem|0 fnt
|faint|p2a: Kyurem
|-hitcount|p2: Kyurem|3
|-damage|p1a: Lilligant|91/100|[from] item: Life Orb
|
|-weather|SunnyDay|[upkeep]
|upkeep
|
|t:|1743778602
|switch|p2a: Pecharunt|Pecharunt|75/100
|turn|27
|
|t:|1743778608
|move|p1a: Lilligant|Triple Axel|p2a: Pecharunt
|-damage|p2a: Pecharunt|68/100
|-damage|p2a: Pecharunt|51/100
|-damage|p2a: Pecharunt|30/100
|-hitcount|p2a: Pecharunt|3
|-damage|p1a: Lilligant|81/100|[from] item: Life Orb
|move|p2a: Pecharunt|Shadow Ball|p1a: Lilligant
|-damage|p1a: Lilligant|24/100
|
|-weather|none
|upkeep
|turn|28
|
|t:|1743778619
|move|p1a: Lilligant|Triple Axel|p2a: Pecharunt
|-damage|p2a: Pecharunt|23/100
|-damage|p2a: Pecharunt|8/100
|-damage|p2a: Pecharunt|0 fnt
|faint|p2a: Pecharunt
|-hitcount|p2: Pecharunt|3
|-damage|p1a: Lilligant|14/100|[from] item: Life Orb
|
|upkeep
|
|t:|1743778624
|switch|p2a: Raging Bolt|Raging Bolt|100/100
|turn|29
|
|t:|1743778634
|move|p2a: Raging Bolt|Thunderclap|p1a: Lilligant
|-damage|p1a: Lilligant|0 fnt
|faint|p1a: Lilligant
|
|upkeep
|
|t:|1743778645
|switch|p1a: Slowking|Slowking-Galar, F, shiny|83/100
|turn|30
|
|t:|1743778657
|move|p2a: Raging Bolt|Calm Mind|p2a: Raging Bolt
|-boost|p2a: Raging Bolt|spa|1
|-boost|p2a: Raging Bolt|spd|1
|move|p1a: Slowking|Sludge Bomb|p2a: Raging Bolt
|-crit|p2a: Raging Bolt
|-damage|p2a: Raging Bolt|56/100
|
|-heal|p2a: Raging Bolt|62/100|[from] item: Leftovers
|upkeep
|turn|31
|
|t:|1743778668
|move|p2a: Raging Bolt|Thunderbolt|p1a: Slowking
|-damage|p1a: Slowking|38/100
|move|p1a: Slowking|Sludge Bomb|p2a: Raging Bolt
|-damage|p2a: Raging Bolt|44/100
|
|-heal|p2a: Raging Bolt|50/100|[from] item: Leftovers
|upkeep
|turn|32
|
|t:|1743778676
|move|p2a: Raging Bolt|Dragon Pulse|p1a: Slowking
|-damage|p1a: Slowking|0 fnt
|faint|p1a: Slowking
|
|-heal|p2a: Raging Bolt|56/100|[from] item: Leftovers
|upkeep
|
|t:|1743778682
|switch|p1a: Great Tusk|Great Tusk|17/100
|turn|33
|
|t:|1743778687
|-terastallize|p2a: Raging Bolt|Fairy
|move|p1a: Great Tusk|Headlong Rush|p2a: Raging Bolt
|-damage|p2a: Raging Bolt|6/100
|-unboost|p1a: Great Tusk|def|1
|-unboost|p1a: Great Tusk|spd|1
|move|p2a: Raging Bolt|Dragon Pulse|p1a: Great Tusk
|-damage|p1a: Great Tusk|0 fnt
|faint|p1a: Great Tusk
|-end|p1a: Great Tusk|Protosynthesis|[silent]
|
|-heal|p2a: Raging Bolt|12/100|[from] item: Leftovers
|upkeep
|
|t:|1743778697
|switch|p1a: Walking Wake|Walking Wake|81/100
|turn|34
|
|t:|1743778708
|move|p2a: Raging Bolt|Thunderclap|p1a: Walking Wake
|-damage|p1a: Walking Wake|2/100
|move|p1a: Walking Wake|Hydro Steam|p2a: Raging Bolt
|-damage|p2a: Raging Bolt|0 fnt
|faint|p2a: Raging Bolt
|-end|p2a: Raging Bolt|Protosynthesis|[silent]
|-damage|p1a: Walking Wake|0 fnt|[from] item: Life Orb
|faint|p1a: Walking Wake
|-end|p1a: Walking Wake|Protosynthesis|[silent]
|
|win|esteostrali
|raw|iamveer's rating: 1468 &rarr; <strong>1451</strong><br />(-17 for losing)
|raw|esteostrali's rating: 1516 &rarr; <strong>1533</strong><br />(+17 for winning)
|l|☆esteostrali
|player|p2|
|l|☆iamveer
|player|p1|
