|j|☆BBT94
|j|☆Trainer #39
|t:|1743856996
|gametype|singles
|player|p1|BBT94|102|1695
|player|p2|Trainer #39|pokemonbreeder|1727
|teamsize|p1|6
|teamsize|p2|6
|gen|9
|tier|[Gen 9] OU
|rated|
|rule|HP Percentage Mod: HP is shown in percentages
|rule|Endless Battle Clause: Forcing endless battles is banned
|rule|Species Clause: Limit one of each Pokémon
|rule|OHKO Clause: OHKO moves are banned
|rule|Evasion Items Clause: Evasion items are banned
|rule|Evasion Moves Clause: Evasion moves are banned
|rule|Sleep Moves Clause: Sleep-inducing moves are banned
|clearpoke
|poke|p1|Goodra-Hisui, F|
|poke|p1|Chesnaught, M|
|poke|p1|Mamoswine, F|
|poke|p1|Moltres|
|poke|p1|Slowking, F|
|poke|p1|Pecharunt|
|poke|p2|Blissey, F|
|poke|p2|Corviknight, F|
|poke|p2|Dondozo, M|
|poke|p2|Gliscor, M|
|poke|p2|Clefable, M|
|poke|p2|Slowking-Galar, M|
|teampreview
|j| AKARANATA
|inactive|Battle timer is ON: inactive players will automatically lose when time's up. (requested by BBT94)
|j| sgt. unicorn
|
|t:|1743857008
|start
|switch|p1a: Mamoswine|Mamoswine, F|100/100
|switch|p2a: 🇮🇱=ter*orists|Gliscor, M|100/100
|turn|1
|
|t:|1743857012
|move|p2a: 🇮🇱=ter*orists|Protect|p2a: 🇮🇱=ter*orists
|-singleturn|p2a: 🇮🇱=ter*orists|Protect
|move|p1a: Mamoswine|Stealth Rock|p2a: 🇮🇱=ter*orists
|-sidestart|p2: Trainer #39|move: Stealth Rock
|
|-status|p2a: 🇮🇱=ter*orists|tox|[from] item: Toxic Orb
|upkeep
|turn|2
|
|t:|1743857014
|switch|p2a: BIRDS OF A FEATHER|Corviknight, F|100/100
|-damage|p2a: BIRDS OF A FEATHER|88/100|[from] Stealth Rock
|-ability|p2a: BIRDS OF A FEATHER|Pressure
|move|p1a: Mamoswine|Icicle Crash|p2a: BIRDS OF A FEATHER
|-damage|p2a: BIRDS OF A FEATHER|58/100
|
|upkeep
|turn|3
|j| AveryRadiant
|c|☆BBT94|terrorist
|
|t:|1743857022
|switch|p1a: Moltres|Moltres|100/100
|move|p2a: BIRDS OF A FEATHER|Roost|p2a: BIRDS OF A FEATHER
|-heal|p2a: BIRDS OF A FEATHER|100/100
|-singleturn|p2a: BIRDS OF A FEATHER|move: Roost
|
|upkeep
|turn|4
|
|t:|1743857025
|switch|p2a: 🇮🇱=ter*orists|Gliscor, M|100/100 tox
|-damage|p2a: 🇮🇱=ter*orists|88/100 tox|[from] Stealth Rock
|move|p1a: Moltres|Flamethrower|p2a: 🇮🇱=ter*orists
|-damage|p2a: 🇮🇱=ter*orists|31/100 tox
|
|-heal|p2a: 🇮🇱=ter*orists|44/100 tox|[from] ability: Poison Heal
|upkeep
|turn|5
|c| sgt. unicorn|chill
|l| AveryRadiant
|
|t:|1743857031
|move|p2a: 🇮🇱=ter*orists|Protect|p2a: 🇮🇱=ter*orists
|-singleturn|p2a: 🇮🇱=ter*orists|Protect
|move|p1a: Moltres|Flamethrower|p2a: 🇮🇱=ter*orists
|-activate|p2a: 🇮🇱=ter*orists|move: Protect
|
|-heal|p2a: 🇮🇱=ter*orists|56/100 tox|[from] ability: Poison Heal
|upkeep
|turn|6
|
|t:|1743857036
|switch|p2a: brat|Blissey, F|100/100
|switch|p1a: Chesnaught|Chesnaught, M|100/100
|
|upkeep
|turn|7
|
|t:|1743857041
|switch|p2a: BIRDS OF A FEATHER|Corviknight, F|100/100
|-damage|p2a: BIRDS OF A FEATHER|88/100|[from] Stealth Rock
|-ability|p2a: BIRDS OF A FEATHER|Pressure
|move|p1a: Chesnaught|Leech Seed|p2a: BIRDS OF A FEATHER
|-start|p2a: BIRDS OF A FEATHER|move: Leech Seed
|
|-damage|p2a: BIRDS OF A FEATHER|76/100|[from] Leech Seed|[of] p1a: Chesnaught
|upkeep
|turn|8
|
|t:|1743857047
|move|p2a: BIRDS OF A FEATHER|Defog|p1a: Chesnaught
|-unboost|p1a: Chesnaught|evasion|1
|-sideend|p2: Trainer #39|Stealth Rock|[from] move: Defog|[of] p2a: BIRDS OF A FEATHER
|move|p1a: Chesnaught|Knock Off|p2a: BIRDS OF A FEATHER
|-damage|p2a: BIRDS OF A FEATHER|62/100
|-damage|p1a: Chesnaught|84/100|[from] item: Rocky Helmet|[of] p2a: BIRDS OF A FEATHER
|-enditem|p2a: BIRDS OF A FEATHER|Rocky Helmet|[from] move: Knock Off|[of] p1a: Chesnaught
|
|-damage|p2a: BIRDS OF A FEATHER|50/100|[from] Leech Seed|[of] p1a: Chesnaught
|-heal|p1a: Chesnaught|97/100|[silent]
|upkeep
|turn|9
|c|☆Trainer #39|is**** is a terrorist state
|c|☆Trainer #39|yes
|
|t:|1743857058
|move|p2a: BIRDS OF A FEATHER|Roost|p2a: BIRDS OF A FEATHER
|-heal|p2a: BIRDS OF A FEATHER|99/100
|-singleturn|p2a: BIRDS OF A FEATHER|move: Roost
|move|p1a: Chesnaught|Drain Punch|p2a: BIRDS OF A FEATHER
|-supereffective|p2a: BIRDS OF A FEATHER
|-damage|p2a: BIRDS OF A FEATHER|66/100
|-heal|p1a: Chesnaught|100/100|[from] drain|[of] p2a: BIRDS OF A FEATHER
|
|-damage|p2a: BIRDS OF A FEATHER|54/100|[from] Leech Seed|[of] p1a: Chesnaught
|upkeep
|turn|10
|c|☆BBT94|yes
|c|☆BBT94|love bro
|
|t:|1743857067
|switch|p2a: 🇮🇱=ter*orists|Gliscor, M|56/100 tox
|move|p1a: Chesnaught|Spikes|p2a: 🇮🇱=ter*orists
|-sidestart|p2: Trainer #39|Spikes
|
|-heal|p2a: 🇮🇱=ter*orists|69/100 tox|[from] ability: Poison Heal
|upkeep
|turn|11
|
|t:|1743857072
|switch|p1a: Slowking|Slowking, F|100/100
|move|p2a: 🇮🇱=ter*orists|Toxic|p1a: Slowking
|-status|p1a: Slowking|tox
|
|-heal|p2a: 🇮🇱=ter*orists|81/100 tox|[from] ability: Poison Heal
|-damage|p1a: Slowking|94/100 tox|[from] psn
|upkeep
|turn|12
|
|t:|1743857075
|switch|p2a: brat|Blissey, F|100/100
|move|p1a: Slowking|Future Sight|p2a: brat
|-start|p1a: Slowking|move: Future Sight
|
|-damage|p1a: Slowking|82/100 tox|[from] psn
|upkeep
|turn|13
|
|t:|1743857077
|move|p2a: brat|Stealth Rock|p1a: Slowking
|-sidestart|p1: BBT94|move: Stealth Rock
|-prepare|p1a: Slowking|Chilly Reception|[premajor]
|move|p1a: Slowking|Chilly Reception|p1a: Slowking
|-weather|Snowscape
|
|t:|1743857080
|switch|p1a: Mamoswine|Mamoswine, F|100/100|[from] Chilly Reception
|
|-weather|Snowscape|[upkeep]
|upkeep
|turn|14
|
|t:|1743857084
|switch|p2a: 808 and curses|Dondozo, M|100/100
|-damage|p2a: 808 and curses|88/100|[from] Spikes
|move|p1a: Mamoswine|Stealth Rock|p2a: 808 and curses
|-sidestart|p2: Trainer #39|move: Stealth Rock
|
|-weather|Snowscape|[upkeep]
|-end|p2a: 808 and curses|move: Future Sight
|-damage|p2a: 808 and curses|51/100
|-heal|p2a: 808 and curses|57/100|[from] item: Leftovers
|upkeep
|turn|15
|
|t:|1743857090
|switch|p1a: Chesnaught|Chesnaught, M|100/100
|-damage|p1a: Chesnaught|94/100|[from] Stealth Rock
|switch|p2a: BIRDS OF A FEATHER|Corviknight, F|54/100
|-damage|p2a: BIRDS OF A FEATHER|42/100|[from] Stealth Rock
|-ability|p2a: BIRDS OF A FEATHER|Pressure
|
|-weather|Snowscape|[upkeep]
|upkeep
|turn|16
|
|t:|1743857095
|move|p2a: BIRDS OF A FEATHER|Defog|p1a: Chesnaught
|-unboost|p1a: Chesnaught|evasion|1
|-sideend|p1: BBT94|Stealth Rock|[from] move: Defog|[of] p2a: BIRDS OF A FEATHER
|-sideend|p2: Trainer #39|Spikes|[from] move: Defog|[of] p2a: BIRDS OF A FEATHER
|-sideend|p2: Trainer #39|Stealth Rock|[from] move: Defog|[of] p2a: BIRDS OF A FEATHER
|move|p1a: Chesnaught|Leech Seed|p2a: BIRDS OF A FEATHER
|-start|p2a: BIRDS OF A FEATHER|move: Leech Seed
|
|-weather|Snowscape|[upkeep]
|-damage|p2a: BIRDS OF A FEATHER|30/100|[from] Leech Seed|[of] p1a: Chesnaught
|-heal|p1a: Chesnaught|100/100|[silent]
|upkeep
|turn|17
|
|t:|1743857100
|move|p2a: BIRDS OF A FEATHER|Roost|p2a: BIRDS OF A FEATHER
|-heal|p2a: BIRDS OF A FEATHER|80/100
|-singleturn|p2a: BIRDS OF A FEATHER|move: Roost
|move|p1a: Chesnaught|Drain Punch|p2a: BIRDS OF A FEATHER
|-supereffective|p2a: BIRDS OF A FEATHER
|-damage|p2a: BIRDS OF A FEATHER|50/100
|
|-weather|none
|-damage|p2a: BIRDS OF A FEATHER|37/100|[from] Leech Seed|[of] p1a: Chesnaught
|upkeep
|turn|18
|
|t:|1743857105
|move|p2a: BIRDS OF A FEATHER|Roost|p2a: BIRDS OF A FEATHER
|-heal|p2a: BIRDS OF A FEATHER|87/100
|-singleturn|p2a: BIRDS OF A FEATHER|move: Roost
|move|p1a: Chesnaught|Spikes|p2a: BIRDS OF A FEATHER
|-sidestart|p2: Trainer #39|Spikes
|
|-damage|p2a: BIRDS OF A FEATHER|75/100|[from] Leech Seed|[of] p1a: Chesnaught
|upkeep
|turn|19
|
|t:|1743857107
|switch|p2a: 🇮🇱=ter*orists|Gliscor, M|81/100 tox
|move|p1a: Chesnaught|Spikes|p2a: 🇮🇱=ter*orists
|-sidestart|p2: Trainer #39|Spikes
|
|-heal|p2a: 🇮🇱=ter*orists|93/100 tox|[from] ability: Poison Heal
|upkeep
|turn|20
|
|t:|1743857110
|switch|p2a: BIRDS OF A FEATHER|Corviknight, F|75/100
|-ability|p2a: BIRDS OF A FEATHER|Pressure
|switch|p1a: Slowking|Slowking, F|100/100 tox
|
|-damage|p1a: Slowking|94/100 tox|[from] psn
|upkeep
|turn|21
|j| idndnsjdkdk
|
|t:|1743857114
|move|p2a: BIRDS OF A FEATHER|U-turn|p1a: Slowking
|-supereffective|p1a: Slowking
|-damage|p1a: Slowking|66/100 tox
|
|t:|1743857116
|switch|p2a: brat|Blissey, F|100/100|[from] U-turn
|move|p1a: Slowking|Scald|p2a: brat
|-damage|p2a: brat|91/100
|
|-damage|p1a: Slowking|54/100 tox|[from] psn
|upkeep
|turn|22
|
|t:|1743857119
|move|p2a: brat|Stealth Rock|p1a: Slowking
|-sidestart|p1: BBT94|move: Stealth Rock
|-prepare|p1a: Slowking|Chilly Reception|[premajor]
|move|p1a: Slowking|Chilly Reception|p1a: Slowking
|-weather|Snowscape
|
|t:|1743857121
|switch|p1a: Mamoswine|Mamoswine, F|100/100|[from] Chilly Reception
|
|-weather|Snowscape|[upkeep]
|upkeep
|turn|23
|
|t:|1743857124
|switch|p2a: BIRDS OF A FEATHER|Corviknight, F|75/100
|-ability|p2a: BIRDS OF A FEATHER|Pressure
|move|p1a: Mamoswine|Icicle Crash|p2a: BIRDS OF A FEATHER
|-damage|p2a: BIRDS OF A FEATHER|44/100
|
|-weather|Snowscape|[upkeep]
|upkeep
|turn|24
|
|t:|1743857130
|move|p1a: Mamoswine|Icicle Crash|p2a: BIRDS OF A FEATHER
|-damage|p2a: BIRDS OF A FEATHER|13/100
|move|p2a: BIRDS OF A FEATHER|Roost|p2a: BIRDS OF A FEATHER
|-heal|p2a: BIRDS OF A FEATHER|63/100
|-singleturn|p2a: BIRDS OF A FEATHER|move: Roost
|
|-weather|Snowscape|[upkeep]
|upkeep
|turn|25
|
|t:|1743857134
|move|p1a: Mamoswine|Stealth Rock|p2a: BIRDS OF A FEATHER
|-sidestart|p2: Trainer #39|move: Stealth Rock
|move|p2a: BIRDS OF A FEATHER|Roost|p2a: BIRDS OF A FEATHER
|-heal|p2a: BIRDS OF A FEATHER|100/100
|-singleturn|p2a: BIRDS OF A FEATHER|move: Roost
|
|-weather|Snowscape|[upkeep]
|upkeep
|turn|26
|j| watercell
|
|t:|1743857138
|switch|p1a: Slowking|Slowking, F|88/100 tox
|move|p2a: BIRDS OF A FEATHER|Defog|p1a: Slowking
|-unboost|p1a: Slowking|evasion|1
|-sideend|p1: BBT94|Stealth Rock|[from] move: Defog|[of] p2a: BIRDS OF A FEATHER
|-sideend|p2: Trainer #39|Spikes|[from] move: Defog|[of] p2a: BIRDS OF A FEATHER
|-sideend|p2: Trainer #39|Stealth Rock|[from] move: Defog|[of] p2a: BIRDS OF A FEATHER
|
|-weather|none
|-damage|p1a: Slowking|81/100 tox|[from] psn
|upkeep
|turn|27
|
|t:|1743857141
|switch|p2a: brat|Blissey, F|91/100
|-prepare|p1a: Slowking|Chilly Reception|[premajor]
|move|p1a: Slowking|Chilly Reception|p1a: Slowking
|-weather|Snowscape
|
|t:|1743857142
|switch|p1a: Mamoswine|Mamoswine, F|100/100|[from] Chilly Reception
|
|-weather|Snowscape|[upkeep]
|upkeep
|turn|28
|
|t:|1743857145
|switch|p2a: BIRDS OF A FEATHER|Corviknight, F|100/100
|-ability|p2a: BIRDS OF A FEATHER|Pressure
|move|p1a: Mamoswine|Stealth Rock|p2a: BIRDS OF A FEATHER
|-sidestart|p2: Trainer #39|move: Stealth Rock
|
|-weather|Snowscape|[upkeep]
|upkeep
|turn|29
|
|t:|1743857148
|switch|p1a: Slowking|Slowking, F|100/100 tox
|move|p2a: BIRDS OF A FEATHER|Defog|p1a: Slowking
|-unboost|p1a: Slowking|evasion|1
|-sideend|p2: Trainer #39|Stealth Rock|[from] move: Defog|[of] p2a: BIRDS OF A FEATHER
|
|-weather|Snowscape|[upkeep]
|-damage|p1a: Slowking|94/100 tox|[from] psn
|upkeep
|turn|30
|
|t:|1743857150
|switch|p2a: brat|Blissey, F|91/100
|move|p1a: Slowking|Future Sight|p2a: brat
|-start|p1a: Slowking|move: Future Sight
|
|-weather|Snowscape|[upkeep]
|-damage|p1a: Slowking|82/100 tox|[from] psn
|upkeep
|turn|31
|
|t:|1743857156
|switch|p2a: BIRDS OF A FEATHER|Corviknight, F|100/100
|-ability|p2a: BIRDS OF A FEATHER|Pressure
|-prepare|p1a: Slowking|Chilly Reception|[premajor]
|move|p1a: Slowking|Chilly Reception|p1a: Slowking
|
|t:|1743857160
|switch|p1a: Moltres|Moltres|100/100|[from] Chilly Reception
|
|-weather|none
|upkeep
|turn|32
|
|t:|1743857167
|switch|p1a: Mamoswine|Mamoswine, F|100/100
|switch|p2a: Kanye|Slowking-Galar, M|100/100
|
|-end|p2a: Kanye|move: Future Sight
|-damage|p2a: Kanye|69/100
|upkeep
|turn|33
|
|t:|1743857171
|switch|p2a: BIRDS OF A FEATHER|Corviknight, F|100/100
|-ability|p2a: BIRDS OF A FEATHER|Pressure
|move|p1a: Mamoswine|Stealth Rock|p2a: BIRDS OF A FEATHER
|-sidestart|p2: Trainer #39|move: Stealth Rock
|
|upkeep
|turn|34
|
|t:|1743857176
|move|p1a: Mamoswine|Icicle Crash|p2a: BIRDS OF A FEATHER
|-damage|p2a: BIRDS OF A FEATHER|73/100
|move|p2a: BIRDS OF A FEATHER|Defog|p1a: Mamoswine
|-unboost|p1a: Mamoswine|evasion|1
|-sideend|p2: Trainer #39|Stealth Rock|[from] move: Defog|[of] p2a: BIRDS OF A FEATHER
|
|upkeep
|turn|35
|
|t:|1743857179
|move|p1a: Mamoswine|Icicle Crash|p2a: BIRDS OF A FEATHER
|-damage|p2a: BIRDS OF A FEATHER|44/100
|cant|p2a: BIRDS OF A FEATHER|flinch
|
|upkeep
|turn|36
|j| kingambit player
|
|t:|1743857184
|move|p1a: Mamoswine|Stealth Rock|p2a: BIRDS OF A FEATHER
|-sidestart|p2: Trainer #39|move: Stealth Rock
|move|p2a: BIRDS OF A FEATHER|Roost|p2a: BIRDS OF A FEATHER
|-heal|p2a: BIRDS OF A FEATHER|94/100
|-singleturn|p2a: BIRDS OF A FEATHER|move: Roost
|
|upkeep
|turn|37
|
|t:|1743857186
|switch|p1a: Moltres|Moltres|100/100
|move|p2a: BIRDS OF A FEATHER|Defog|p1a: Moltres
|-unboost|p1a: Moltres|evasion|1
|-sideend|p2: Trainer #39|Stealth Rock|[from] move: Defog|[of] p2a: BIRDS OF A FEATHER
|
|upkeep
|turn|38
|
|t:|1743857189
|switch|p1a: Mamoswine|Mamoswine, F|100/100
|switch|p2a: 🇮🇱=ter*orists|Gliscor, M|93/100 tox
|
|-heal|p2a: 🇮🇱=ter*orists|100/100 tox|[from] ability: Poison Heal
|upkeep
|turn|39
|
|t:|1743857191
|switch|p2a: BIRDS OF A FEATHER|Corviknight, F|94/100
|-ability|p2a: BIRDS OF A FEATHER|Pressure
|move|p1a: Mamoswine|Stealth Rock|p2a: BIRDS OF A FEATHER
|-sidestart|p2: Trainer #39|move: Stealth Rock
|
|upkeep
|turn|40
|
|t:|1743857194
|switch|p1a: Moltres|Moltres|100/100
|move|p2a: BIRDS OF A FEATHER|Defog|p1a: Moltres
|-unboost|p1a: Moltres|evasion|1
|-sideend|p2: Trainer #39|Stealth Rock|[from] move: Defog|[of] p2a: BIRDS OF A FEATHER
|
|upkeep
|turn|41
|
|t:|1743857196
|switch|p2a: 🇮🇱=ter*orists|Gliscor, M|100/100 tox
|move|p1a: Moltres|Flamethrower|p2a: 🇮🇱=ter*orists
|-damage|p2a: 🇮🇱=ter*orists|45/100 tox
|
|-heal|p2a: 🇮🇱=ter*orists|58/100 tox|[from] ability: Poison Heal
|upkeep
|turn|42
|j| Jebus1989_
|
|t:|1743857199
|switch|p1a: Slowking|Slowking, F|100/100 tox
|move|p2a: 🇮🇱=ter*orists|Protect||[still]
|-fail|p2a: 🇮🇱=ter*orists
|
|-heal|p2a: 🇮🇱=ter*orists|70/100 tox|[from] ability: Poison Heal
|-damage|p1a: Slowking|94/100 tox|[from] psn
|upkeep
|turn|43
|
|t:|1743857203
|move|p2a: 🇮🇱=ter*orists|Substitute|p2a: 🇮🇱=ter*orists
|-start|p2a: 🇮🇱=ter*orists|Substitute
|-damage|p2a: 🇮🇱=ter*orists|45/100 tox
|move|p1a: Slowking|Future Sight|p2a: 🇮🇱=ter*orists
|-start|p1a: Slowking|move: Future Sight
|
|-heal|p2a: 🇮🇱=ter*orists|58/100 tox|[from] ability: Poison Heal
|-damage|p1a: Slowking|82/100 tox|[from] psn
|upkeep
|turn|44
|
|t:|1743857205
|move|p2a: 🇮🇱=ter*orists|Protect|p2a: 🇮🇱=ter*orists
|-singleturn|p2a: 🇮🇱=ter*orists|Protect
|move|p1a: Slowking|Scald|p2a: 🇮🇱=ter*orists
|-activate|p2a: 🇮🇱=ter*orists|move: Protect
|
|-heal|p2a: 🇮🇱=ter*orists|70/100 tox|[from] ability: Poison Heal
|-damage|p1a: Slowking|64/100 tox|[from] psn
|upkeep
|turn|45
|
|t:|1743857211
|move|p2a: 🇮🇱=ter*orists|Earthquake|p1a: Slowking
|-damage|p1a: Slowking|33/100 tox
|-prepare|p1a: Slowking|Chilly Reception|[premajor]
|move|p1a: Slowking|Chilly Reception|p1a: Slowking
|-weather|Snowscape
|
|t:|1743857215
|switch|p1a: Mamoswine|Mamoswine, F|100/100|[from] Chilly Reception
|
|-weather|Snowscape|[upkeep]
|-end|p2a: 🇮🇱=ter*orists|move: Future Sight
|-end|p2a: 🇮🇱=ter*orists|Substitute
|-heal|p2a: 🇮🇱=ter*orists|83/100 tox|[from] ability: Poison Heal
|upkeep
|turn|46
|
|t:|1743857217
|switch|p2a: BIRDS OF A FEATHER|Corviknight, F|94/100
|-ability|p2a: BIRDS OF A FEATHER|Pressure
|move|p1a: Mamoswine|Stealth Rock|p2a: BIRDS OF A FEATHER
|-sidestart|p2: Trainer #39|move: Stealth Rock
|
|-weather|Snowscape|[upkeep]
|upkeep
|turn|47
|
|t:|1743857221
|switch|p1a: Chesnaught|Chesnaught, M|100/100
|move|p2a: BIRDS OF A FEATHER|Defog|p1a: Chesnaught
|-unboost|p1a: Chesnaught|evasion|1
|-sideend|p2: Trainer #39|Stealth Rock|[from] move: Defog|[of] p2a: BIRDS OF A FEATHER
|
|-weather|Snowscape|[upkeep]
|upkeep
|turn|48
|
|t:|1743857224
|switch|p2a: 🇮🇱=ter*orists|Gliscor, M|83/100 tox
|move|p1a: Chesnaught|Leech Seed|p2a: 🇮🇱=ter*orists
|-start|p2a: 🇮🇱=ter*orists|move: Leech Seed
|
|-weather|Snowscape|[upkeep]
|-damage|p2a: 🇮🇱=ter*orists|70/100 tox|[from] Leech Seed|[of] p1a: Chesnaught
|-heal|p2a: 🇮🇱=ter*orists|83/100 tox|[from] ability: Poison Heal
|upkeep
|turn|49
|
|t:|1743857228
|switch|p1a: Slowking|Slowking, F|67/100 tox
|move|p2a: 🇮🇱=ter*orists|Toxic|p1a: Slowking
|-fail|p1a: Slowking|tox
|
|-weather|none
|-damage|p2a: 🇮🇱=ter*orists|70/100 tox|[from] Leech Seed|[of] p1a: Slowking
|-heal|p1a: Slowking|78/100 tox|[silent]
|-heal|p2a: 🇮🇱=ter*orists|83/100 tox|[from] ability: Poison Heal
|-damage|p1a: Slowking|72/100 tox|[from] psn
|upkeep
|turn|50
|
|t:|1743857232
|switch|p2a: brat|Blissey, F|91/100
|-prepare|p1a: Slowking|Chilly Reception|[premajor]
|move|p1a: Slowking|Chilly Reception|p1a: Slowking
|-weather|Snowscape
|
|t:|1743857234
|switch|p1a: Mamoswine|Mamoswine, F|100/100|[from] Chilly Reception
|
|-weather|Snowscape|[upkeep]
|upkeep
|turn|51
|
|t:|1743857236
|switch|p2a: BIRDS OF A FEATHER|Corviknight, F|94/100
|-ability|p2a: BIRDS OF A FEATHER|Pressure
|move|p1a: Mamoswine|Stealth Rock|p2a: BIRDS OF A FEATHER
|-sidestart|p2: Trainer #39|move: Stealth Rock
|
|-weather|Snowscape|[upkeep]
|upkeep
|turn|52
|
|t:|1743857240
|switch|p1a: Slowking|Slowking, F|100/100 tox
|move|p2a: BIRDS OF A FEATHER|Defog|p1a: Slowking
|-unboost|p1a: Slowking|evasion|1
|-sideend|p2: Trainer #39|Stealth Rock|[from] move: Defog|[of] p2a: BIRDS OF A FEATHER
|
|-weather|Snowscape|[upkeep]
|-damage|p1a: Slowking|94/100 tox|[from] psn
|upkeep
|turn|53
|
|t:|1743857243
|switch|p2a: brat|Blissey, F|91/100
|move|p1a: Slowking|Future Sight|p2a: brat
|-start|p1a: Slowking|move: Future Sight
|
|-weather|Snowscape|[upkeep]
|-damage|p1a: Slowking|82/100 tox|[from] psn
|upkeep
|turn|54
|
|t:|1743857246
|switch|p2a: BIRDS OF A FEATHER|Corviknight, F|94/100
|-ability|p2a: BIRDS OF A FEATHER|Pressure
|-prepare|p1a: Slowking|Chilly Reception|[premajor]
|move|p1a: Slowking|Chilly Reception|p1a: Slowking
|
|t:|1743857248
|switch|p1a: Moltres|Moltres|100/100|[from] Chilly Reception
|
|-weather|none
|upkeep
|turn|55
|
|t:|1743857255
|switch|p1a: Chesnaught|Chesnaught, M|100/100
|switch|p2a: Kanye|Slowking-Galar, M|100/100
|
|-end|p2a: Kanye|move: Future Sight
|-damage|p2a: Kanye|72/100
|upkeep
|turn|56
|
|t:|1743857258
|switch|p2a: 🇮🇱=ter*orists|Gliscor, M|83/100 tox
|move|p1a: Chesnaught|Knock Off|p2a: 🇮🇱=ter*orists
|-damage|p2a: 🇮🇱=ter*orists|68/100 tox
|-enditem|p2a: 🇮🇱=ter*orists|Toxic Orb|[from] move: Knock Off|[of] p1a: Chesnaught
|
|-heal|p2a: 🇮🇱=ter*orists|80/100 tox|[from] ability: Poison Heal
|upkeep
|turn|57
|
|t:|1743857262
|switch|p1a: Slowking|Slowking, F|100/100 tox
|move|p2a: 🇮🇱=ter*orists|Toxic|p1a: Slowking
|-fail|p1a: Slowking|tox
|
|-heal|p2a: 🇮🇱=ter*orists|93/100 tox|[from] ability: Poison Heal
|-damage|p1a: Slowking|94/100 tox|[from] psn
|upkeep
|turn|58
|
|t:|1743857269
|move|p2a: 🇮🇱=ter*orists|Substitute|p2a: 🇮🇱=ter*orists
|-start|p2a: 🇮🇱=ter*orists|Substitute
|-damage|p2a: 🇮🇱=ter*orists|68/100 tox
|move|p1a: Slowking|Future Sight|p2a: 🇮🇱=ter*orists
|-start|p1a: Slowking|move: Future Sight
|
|-heal|p2a: 🇮🇱=ter*orists|80/100 tox|[from] ability: Poison Heal
|-damage|p1a: Slowking|82/100 tox|[from] psn
|upkeep
|turn|59
|
|t:|1743857272
|move|p2a: 🇮🇱=ter*orists|Earthquake|p1a: Slowking
|-damage|p1a: Slowking|53/100 tox
|move|p1a: Slowking|Scald|p2a: 🇮🇱=ter*orists
|-supereffective|p2a: 🇮🇱=ter*orists
|-end|p2a: 🇮🇱=ter*orists|Substitute
|
|-heal|p2a: 🇮🇱=ter*orists|93/100 tox|[from] ability: Poison Heal
|-damage|p1a: Slowking|35/100 tox|[from] psn
|upkeep
|turn|60
|
|t:|1743857275
|switch|p2a: Kanye|Slowking-Galar, M|100/100
|switch|p1a: Moltres|Moltres|100/100
|
|-end|p2a: Kanye|move: Future Sight
|-damage|p2a: Kanye|70/100
|upkeep
|turn|61
|
|t:|1743857279
|move|p2a: Kanye|Sludge Bomb|p1a: Moltres
|-damage|p1a: Moltres|68/100
|move|p1a: Moltres|Will-O-Wisp|p2a: Kanye
|-status|p2a: Kanye|brn
|
|-damage|p2a: Kanye|64/100 brn|[from] brn
|upkeep
|turn|62
|
|t:|1743857285
|switch|p1a: Chesnaught|Chesnaught, M|100/100
|move|p2a: Kanye|Sludge Bomb|p1a: Chesnaught
|-immune|p1a: Chesnaught|[from] ability: Bulletproof
|
|-damage|p2a: Kanye|58/100 brn|[from] brn
|upkeep
|turn|63
|
|t:|1743857289
|switch|p2a: 🇮🇱=ter*orists|Gliscor, M|93/100 tox
|move|p1a: Chesnaught|Leech Seed|p2a: 🇮🇱=ter*orists
|-start|p2a: 🇮🇱=ter*orists|move: Leech Seed
|
|-damage|p2a: 🇮🇱=ter*orists|80/100 tox|[from] Leech Seed|[of] p1a: Chesnaught
|-heal|p2a: 🇮🇱=ter*orists|93/100 tox|[from] ability: Poison Heal
|upkeep
|turn|64
|
|t:|1743857294
|switch|p1a: Slowking|Slowking, F|68/100 tox
|move|p2a: 🇮🇱=ter*orists|Toxic|p1a: Slowking
|-fail|p1a: Slowking|tox
|
|-damage|p2a: 🇮🇱=ter*orists|80/100 tox|[from] Leech Seed|[of] p1a: Slowking
|-heal|p1a: Slowking|79/100 tox|[silent]
|-heal|p2a: 🇮🇱=ter*orists|93/100 tox|[from] ability: Poison Heal
|-damage|p1a: Slowking|73/100 tox|[from] psn
|upkeep
|turn|65
|
|t:|1743857297
|switch|p2a: brat|Blissey, F|91/100
|move|p1a: Slowking|Scald|p2a: brat
|-damage|p2a: brat|81/100
|
|-damage|p1a: Slowking|61/100 tox|[from] psn
|upkeep
|turn|66
|
|t:|1743857300
|move|p2a: brat|Stealth Rock|p1a: Slowking
|-sidestart|p1: BBT94|move: Stealth Rock
|-prepare|p1a: Slowking|Chilly Reception|[premajor]
|move|p1a: Slowking|Chilly Reception|p1a: Slowking
|-weather|Snowscape
|
|t:|1743857302
|switch|p1a: Mamoswine|Mamoswine, F|100/100|[from] Chilly Reception
|
|-weather|Snowscape|[upkeep]
|upkeep
|turn|67
|
|t:|1743857304
|switch|p2a: BIRDS OF A FEATHER|Corviknight, F|94/100
|-ability|p2a: BIRDS OF A FEATHER|Pressure
|move|p1a: Mamoswine|Stealth Rock|p2a: BIRDS OF A FEATHER
|-sidestart|p2: Trainer #39|move: Stealth Rock
|
|-weather|Snowscape|[upkeep]
|upkeep
|turn|68
|
|t:|1743857308
|switch|p1a: Moltres|Moltres|68/100
|move|p2a: BIRDS OF A FEATHER|Defog|p1a: Moltres
|-unboost|p1a: Moltres|evasion|1
|-sideend|p1: BBT94|Stealth Rock|[from] move: Defog|[of] p2a: BIRDS OF A FEATHER
|-sideend|p2: Trainer #39|Stealth Rock|[from] move: Defog|[of] p2a: BIRDS OF A FEATHER
|
|-weather|Snowscape|[upkeep]
|upkeep
|turn|69
|j| jyrfcv
|
|t:|1743857312
|switch|p2a: Kanye|Slowking-Galar, M|91/100 brn
|move|p1a: Moltres|Roost|p1a: Moltres
|-heal|p1a: Moltres|100/100
|-singleturn|p1a: Moltres|move: Roost
|
|-weather|Snowscape|[upkeep]
|-damage|p2a: Kanye|85/100 brn|[from] brn
|upkeep
|turn|70
|
|t:|1743857315
|switch|p1a: Chesnaught|Chesnaught, M|100/100
|move|p2a: Kanye|Future Sight|p1a: Chesnaught
|-start|p2a: Kanye|move: Future Sight
|
|-weather|none
|-damage|p2a: Kanye|79/100 brn|[from] brn
|upkeep
|turn|71
|
|t:|1743857320
|switch|p2a: 🇮🇱=ter*orists|Gliscor, M|93/100 tox
|move|p1a: Chesnaught|Spikes|p2a: 🇮🇱=ter*orists
|-sidestart|p2: Trainer #39|Spikes
|
|-heal|p2a: 🇮🇱=ter*orists|100/100 tox|[from] ability: Poison Heal
|upkeep
|turn|72
|
|t:|1743857325
|switch|p1a: Slowking|Slowking, F|94/100 tox
|move|p2a: 🇮🇱=ter*orists|Toxic|p1a: Slowking
|-fail|p1a: Slowking|tox
|
|-end|p1a: Slowking|move: Future Sight
|-resisted|p1a: Slowking
|-damage|p1a: Slowking|82/100 tox
|-damage|p1a: Slowking|76/100 tox|[from] psn
|upkeep
|turn|73
|j| xRaekwon
|
|t:|1743857329
|switch|p2a: brat|Blissey, F|81/100
|move|p1a: Slowking|Scald|p2a: brat
|-crit|p2a: brat
|-damage|p2a: brat|67/100
|
|-damage|p1a: Slowking|63/100 tox|[from] psn
|upkeep
|turn|74
|l| jyrfcv
|l| xRaekwon
|
|t:|1743857333
|move|p2a: brat|Stealth Rock|p1a: Slowking
|-sidestart|p1: BBT94|move: Stealth Rock
|-prepare|p1a: Slowking|Chilly Reception|[premajor]
|move|p1a: Slowking|Chilly Reception|p1a: Slowking
|-weather|Snowscape
|
|t:|1743857335
|switch|p1a: Mamoswine|Mamoswine, F|100/100|[from] Chilly Reception
|
|-weather|Snowscape|[upkeep]
|upkeep
|turn|75
|j| LillieisLostAgain
|
|t:|1743857339
|switch|p2a: BIRDS OF A FEATHER|Corviknight, F|94/100
|-ability|p2a: BIRDS OF A FEATHER|Pressure
|move|p1a: Mamoswine|Stealth Rock|p2a: BIRDS OF A FEATHER
|-sidestart|p2: Trainer #39|move: Stealth Rock
|
|-weather|Snowscape|[upkeep]
|upkeep
|turn|76
|
|t:|1743857345
|switch|p1a: Chesnaught|Chesnaught, M|100/100
|-damage|p1a: Chesnaught|94/100|[from] Stealth Rock
|move|p2a: BIRDS OF A FEATHER|Defog|p1a: Chesnaught
|-unboost|p1a: Chesnaught|evasion|1
|-sideend|p1: BBT94|Stealth Rock|[from] move: Defog|[of] p2a: BIRDS OF A FEATHER
|-sideend|p2: Trainer #39|Spikes|[from] move: Defog|[of] p2a: BIRDS OF A FEATHER
|-sideend|p2: Trainer #39|Stealth Rock|[from] move: Defog|[of] p2a: BIRDS OF A FEATHER
|
|-weather|Snowscape|[upkeep]
|upkeep
|turn|77
|
|t:|1743857350
|switch|p2a: 🇮🇱=ter*orists|Gliscor, M|100/100 tox
|move|p1a: Chesnaught|Leech Seed|p2a: 🇮🇱=ter*orists
|-start|p2a: 🇮🇱=ter*orists|move: Leech Seed
|
|-weather|Snowscape|[upkeep]
|-damage|p2a: 🇮🇱=ter*orists|88/100 tox|[from] Leech Seed|[of] p1a: Chesnaught
|-heal|p1a: Chesnaught|100/100|[silent]
|-heal|p2a: 🇮🇱=ter*orists|100/100 tox|[from] ability: Poison Heal
|upkeep
|turn|78
|
|t:|1743857354
|switch|p1a: Pecharunt|Pecharunt|100/100
|move|p2a: 🇮🇱=ter*orists|Toxic|p1a: Pecharunt
|-immune|p1a: Pecharunt
|
|-weather|none
|-damage|p2a: 🇮🇱=ter*orists|88/100 tox|[from] Leech Seed|[of] p1a: Pecharunt
|-heal|p2a: 🇮🇱=ter*orists|100/100 tox|[from] ability: Poison Heal
|upkeep
|turn|79
|
|t:|1743857358
|switch|p2a: brat|Blissey, F|67/100
|move|p1a: Pecharunt|Malignant Chain|p2a: brat
|-damage|p2a: brat|56/100
|-status|p2a: brat|tox
|-start|p2a: brat|confusion|[from] ability: Poison Puppeteer|[of] p1a: Pecharunt
|
|-damage|p2a: brat|50/100 tox|[from] psn
|upkeep
|turn|80
|
|t:|1743857360
|-curestatus|p2a: brat|tox|[from] ability: Natural Cure
|switch|p2a: Kanye|Slowking-Galar, M|100/100 brn
|move|p1a: Pecharunt|Parting Shot|p2a: Kanye
|-unboost|p2a: Kanye|atk|1
|-unboost|p2a: Kanye|spa|1
|
|t:|1743857363
|switch|p1a: Mamoswine|Mamoswine, F|100/100|[from] Parting Shot
|
|-damage|p2a: Kanye|94/100 brn|[from] brn
|upkeep
|turn|81
|
|t:|1743857366
|switch|p2a: BIRDS OF A FEATHER|Corviknight, F|94/100
|-ability|p2a: BIRDS OF A FEATHER|Pressure
|move|p1a: Mamoswine|Icicle Crash|p2a: BIRDS OF A FEATHER|[miss]
|-miss|p1a: Mamoswine|p2a: BIRDS OF A FEATHER
|
|upkeep
|turn|82
|
|t:|1743857371
|move|p1a: Mamoswine|Stealth Rock|p2a: BIRDS OF A FEATHER
|-sidestart|p2: Trainer #39|move: Stealth Rock
|move|p2a: BIRDS OF A FEATHER|Defog|p1a: Mamoswine
|-unboost|p1a: Mamoswine|evasion|1
|-sideend|p2: Trainer #39|Stealth Rock|[from] move: Defog|[of] p2a: BIRDS OF A FEATHER
|
|upkeep
|turn|83
|
|t:|1743857374
|move|p1a: Mamoswine|Stealth Rock|p2a: BIRDS OF A FEATHER
|-sidestart|p2: Trainer #39|move: Stealth Rock
|move|p2a: BIRDS OF A FEATHER|Defog|p1a: Mamoswine
|-unboost|p1a: Mamoswine|evasion|1
|-sideend|p2: Trainer #39|Stealth Rock|[from] move: Defog|[of] p2a: BIRDS OF A FEATHER
|
|upkeep
|turn|84
|
|t:|1743857378
|switch|p1a: Chesnaught|Chesnaught, M|100/100
|move|p2a: BIRDS OF A FEATHER|Defog|p1a: Chesnaught
|-unboost|p1a: Chesnaught|evasion|1
|
|upkeep
|turn|85
|
|t:|1743857381
|switch|p2a: 🇮🇱=ter*orists|Gliscor, M|100/100 tox
|move|p1a: Chesnaught|Spikes|p2a: 🇮🇱=ter*orists
|-sidestart|p2: Trainer #39|Spikes
|
|upkeep
|turn|86
|
|t:|1743857385
|switch|p1a: Pecharunt|Pecharunt|100/100
|move|p2a: 🇮🇱=ter*orists|Toxic|p1a: Pecharunt
|-immune|p1a: Pecharunt
|
|upkeep
|turn|87
|
|t:|1743857387
|switch|p2a: brat|Blissey, F|50/100
|move|p1a: Pecharunt|Parting Shot|p2a: brat
|-unboost|p2a: brat|atk|1
|-unboost|p2a: brat|spa|1
|
|t:|1743857390
|switch|p1a: Chesnaught|Chesnaught, M|100/100|[from] Parting Shot
|
|upkeep
|turn|88
|
|t:|1743857392
|switch|p2a: 🇮🇱=ter*orists|Gliscor, M|100/100 tox
|move|p1a: Chesnaught|Leech Seed|p2a: 🇮🇱=ter*orists
|-start|p2a: 🇮🇱=ter*orists|move: Leech Seed
|
|-damage|p2a: 🇮🇱=ter*orists|88/100 tox|[from] Leech Seed|[of] p1a: Chesnaught
|-heal|p2a: 🇮🇱=ter*orists|100/100 tox|[from] ability: Poison Heal
|upkeep
|turn|89
|
|t:|1743857397
|switch|p1a: Slowking|Slowking, F|97/100 tox
|move|p2a: 🇮🇱=ter*orists|Earthquake|p1a: Slowking
|-damage|p1a: Slowking|67/100 tox
|
|-damage|p2a: 🇮🇱=ter*orists|88/100 tox|[from] Leech Seed|[of] p1a: Slowking
|-heal|p1a: Slowking|78/100 tox|[silent]
|-heal|p2a: 🇮🇱=ter*orists|100/100 tox|[from] ability: Poison Heal
|-damage|p1a: Slowking|72/100 tox|[from] psn
|upkeep
|turn|90
|
|t:|1743857400
|switch|p2a: brat|Blissey, F|50/100
|-prepare|p1a: Slowking|Chilly Reception|[premajor]
|move|p1a: Slowking|Chilly Reception|p1a: Slowking
|-weather|Snowscape
|
|t:|1743857409
|switch|p1a: Mamoswine|Mamoswine, F|100/100|[from] Chilly Reception
|
|-weather|Snowscape|[upkeep]
|upkeep
|turn|91
|
|t:|1743857413
|switch|p2a: BIRDS OF A FEATHER|Corviknight, F|94/100
|-ability|p2a: BIRDS OF A FEATHER|Pressure
|move|p1a: Mamoswine|Stealth Rock|p2a: BIRDS OF A FEATHER
|-sidestart|p2: Trainer #39|move: Stealth Rock
|
|-weather|Snowscape|[upkeep]
|upkeep
|turn|92
|
|t:|1743857415
|switch|p1a: Moltres|Moltres|100/100
|move|p2a: BIRDS OF A FEATHER|Defog|p1a: Moltres
|-unboost|p1a: Moltres|evasion|1
|-sideend|p2: Trainer #39|Spikes|[from] move: Defog|[of] p2a: BIRDS OF A FEATHER
|-sideend|p2: Trainer #39|Stealth Rock|[from] move: Defog|[of] p2a: BIRDS OF A FEATHER
|
|-weather|Snowscape|[upkeep]
|upkeep
|turn|93
|
|t:|1743857418
|switch|p1a: Chesnaught|Chesnaught, M|100/100
|switch|p2a: 🇮🇱=ter*orists|Gliscor, M|100/100 tox
|
|-weather|Snowscape|[upkeep]
|upkeep
|turn|94
|
|t:|1743857421
|switch|p1a: Slowking|Slowking, F|100/100 tox
|move|p2a: 🇮🇱=ter*orists|Earthquake|p1a: Slowking
|-damage|p1a: Slowking|68/100 tox
|
|-weather|none
|-damage|p1a: Slowking|62/100 tox|[from] psn
|upkeep
|turn|95
|
|t:|1743857423
|switch|p2a: brat|Blissey, F|50/100
|move|p1a: Slowking|Future Sight|p2a: brat
|-start|p1a: Slowking|move: Future Sight
|
|-damage|p1a: Slowking|49/100 tox|[from] psn
|upkeep
|turn|96
|
|t:|1743857429
|switch|p2a: BIRDS OF A FEATHER|Corviknight, F|94/100
|-ability|p2a: BIRDS OF A FEATHER|Pressure
|-prepare|p1a: Slowking|Chilly Reception|[premajor]
|move|p1a: Slowking|Chilly Reception|p1a: Slowking
|-weather|Snowscape
|
|t:|1743857432
|switch|p1a: Moltres|Moltres|100/100|[from] Chilly Reception
|
|-weather|Snowscape|[upkeep]
|upkeep
|turn|97
|
|t:|1743857437
|switch|p1a: Chesnaught|Chesnaught, M|100/100
|switch|p2a: Kanye|Slowking-Galar, M|100/100 brn
|
|-weather|Snowscape|[upkeep]
|-end|p2a: Kanye|move: Future Sight
|-damage|p2a: Kanye|67/100 brn
|-damage|p2a: Kanye|61/100 brn|[from] brn
|upkeep
|turn|98
|
|t:|1743857442
|switch|p2a: 🇮🇱=ter*orists|Gliscor, M|100/100 tox
|move|p1a: Chesnaught|Leech Seed|p2a: 🇮🇱=ter*orists
|-start|p2a: 🇮🇱=ter*orists|move: Leech Seed
|
|-weather|Snowscape|[upkeep]
|-damage|p2a: 🇮🇱=ter*orists|88/100 tox|[from] Leech Seed|[of] p1a: Chesnaught
|-heal|p2a: 🇮🇱=ter*orists|100/100 tox|[from] ability: Poison Heal
|upkeep
|turn|99
|
|t:|1743857446
|move|p2a: 🇮🇱=ter*orists|Toxic|p1a: Chesnaught
|-status|p1a: Chesnaught|tox
|move|p1a: Chesnaught|Spikes|p2a: 🇮🇱=ter*orists
|-sidestart|p2: Trainer #39|Spikes
|
|-weather|Snowscape|[upkeep]
|-damage|p2a: 🇮🇱=ter*orists|88/100 tox|[from] Leech Seed|[of] p1a: Chesnaught
|-heal|p2a: 🇮🇱=ter*orists|100/100 tox|[from] ability: Poison Heal
|-damage|p1a: Chesnaught|94/100 tox|[from] psn
|upkeep
|turn|100
|
|t:|1743857449
|move|p2a: 🇮🇱=ter*orists|Earthquake|p1a: Chesnaught
|-resisted|p1a: Chesnaught
|-damage|p1a: Chesnaught|86/100 tox
|move|p1a: Chesnaught|Knock Off|p2a: 🇮🇱=ter*orists
|-damage|p2a: 🇮🇱=ter*orists|91/100 tox
|
|-weather|none
|-damage|p2a: 🇮🇱=ter*orists|78/100 tox|[from] Leech Seed|[of] p1a: Chesnaught
|-heal|p1a: Chesnaught|97/100 tox|[silent]
|-heal|p2a: 🇮🇱=ter*orists|91/100 tox|[from] ability: Poison Heal
|-damage|p1a: Chesnaught|85/100 tox|[from] psn
|upkeep
|turn|101
|
|t:|1743857451
|move|p2a: 🇮🇱=ter*orists|Earthquake|p1a: Chesnaught
|-resisted|p1a: Chesnaught
|-damage|p1a: Chesnaught|77/100 tox
|move|p1a: Chesnaught|Spikes|p2a: 🇮🇱=ter*orists
|-sidestart|p2: Trainer #39|Spikes
|
|-damage|p2a: 🇮🇱=ter*orists|78/100 tox|[from] Leech Seed|[of] p1a: Chesnaught
|-heal|p1a: Chesnaught|89/100 tox|[silent]
|-heal|p2a: 🇮🇱=ter*orists|91/100 tox|[from] ability: Poison Heal
|-damage|p1a: Chesnaught|70/100 tox|[from] psn
|upkeep
|turn|102
|
|t:|1743857456
|switch|p1a: Moltres|Moltres|100/100
|move|p2a: 🇮🇱=ter*orists|Earthquake|p1a: Moltres
|-immune|p1a: Moltres
|
|-damage|p2a: 🇮🇱=ter*orists|78/100 tox|[from] Leech Seed|[of] p1a: Moltres
|-heal|p2a: 🇮🇱=ter*orists|91/100 tox|[from] ability: Poison Heal
|upkeep
|turn|103
|j| Zeyrho
|
|t:|1743857459
|move|p2a: 🇮🇱=ter*orists|Toxic|p1a: Moltres
|-status|p1a: Moltres|tox
|move|p1a: Moltres|Hurricane|p2a: 🇮🇱=ter*orists
|-damage|p2a: 🇮🇱=ter*orists|23/100 tox
|-start|p2a: 🇮🇱=ter*orists|confusion
|
|-damage|p2a: 🇮🇱=ter*orists|10/100 tox|[from] Leech Seed|[of] p1a: Moltres
|-heal|p2a: 🇮🇱=ter*orists|23/100 tox|[from] ability: Poison Heal
|-damage|p1a: Moltres|94/100 tox|[from] psn
|upkeep
|turn|104
|
|t:|1743857465
|switch|p2a: Kanye|Slowking-Galar, M|94/100 brn
|-damage|p2a: Kanye|77/100 brn|[from] Spikes
|switch|p1a: Mamoswine|Mamoswine, F|100/100
|
|-damage|p2a: Kanye|71/100 brn|[from] brn
|upkeep
|turn|105
|
|t:|1743857469
|switch|p1a: Moltres|Moltres|94/100 tox
|switch|p2a: BIRDS OF A FEATHER|Corviknight, F|94/100
|-ability|p2a: BIRDS OF A FEATHER|Pressure
|
|-damage|p1a: Moltres|88/100 tox|[from] psn
|upkeep
|turn|106
|
|t:|1743857472
|switch|p2a: Kanye|Slowking-Galar, M|100/100 brn
|-damage|p2a: Kanye|84/100 brn|[from] Spikes
|move|p1a: Moltres|Flamethrower|p2a: Kanye
|-damage|p2a: Kanye|50/100 brn
|
|-damage|p1a: Moltres|75/100 tox|[from] psn
|-damage|p2a: Kanye|44/100 brn|[from] brn
|upkeep
|turn|107
|
|t:|1743857475
|move|p2a: Kanye|Sludge Bomb|p1a: Moltres
|-damage|p1a: Moltres|40/100 tox
|move|p1a: Moltres|Hurricane|p2a: Kanye
|-crit|p2a: Kanye
|-damage|p2a: Kanye|0 fnt
|faint|p2a: Kanye
|
|-damage|p1a: Moltres|21/100 tox|[from] psn
|upkeep
|
|t:|1743857482
|switch|p2a: 🇮🇱=ter*orists|Gliscor, M|23/100 tox
|turn|108
|
|t:|1743857486
|switch|p1a: Pecharunt|Pecharunt|100/100
|move|p2a: 🇮🇱=ter*orists|Protect||[still]
|-fail|p2a: 🇮🇱=ter*orists
|
|-heal|p2a: 🇮🇱=ter*orists|35/100 tox|[from] ability: Poison Heal
|upkeep
|turn|109
|
|t:|1743857489
|move|p2a: 🇮🇱=ter*orists|Protect|p2a: 🇮🇱=ter*orists
|-singleturn|p2a: 🇮🇱=ter*orists|Protect
|move|p1a: Pecharunt|Hex|p2a: 🇮🇱=ter*orists
|-activate|p2a: 🇮🇱=ter*orists|move: Protect
|
|-heal|p2a: 🇮🇱=ter*orists|48/100 tox|[from] ability: Poison Heal
|upkeep
|turn|110
|
|t:|1743857491
|switch|p2a: brat|Blissey, F|50/100
|move|p1a: Pecharunt|Parting Shot|p2a: brat
|-unboost|p2a: brat|atk|1
|-unboost|p2a: brat|spa|1
|
|t:|1743857493
|switch|p1a: Mamoswine|Mamoswine, F|100/100|[from] Parting Shot
|
|upkeep
|turn|111
|
|t:|1743857496
|switch|p1a: Slowking|Slowking, F|83/100 tox
|switch|p2a: BIRDS OF A FEATHER|Corviknight, F|94/100
|-ability|p2a: BIRDS OF A FEATHER|Pressure
|
|-damage|p1a: Slowking|77/100 tox|[from] psn
|upkeep
|turn|112
|
|t:|1743857500
|switch|p2a: brat|Blissey, F|50/100
|move|p1a: Slowking|Scald|p2a: brat
|-damage|p2a: brat|40/100
|-status|p2a: brat|brn
|
|-damage|p1a: Slowking|64/100 tox|[from] psn
|-damage|p2a: brat|34/100 brn|[from] brn
|upkeep
|turn|113
|
|t:|1743857503
|move|p2a: brat|Soft-Boiled|p2a: brat
|-heal|p2a: brat|84/100 brn
|move|p1a: Slowking|Future Sight|p2a: brat
|-start|p1a: Slowking|move: Future Sight
|
|-damage|p1a: Slowking|46/100 tox|[from] psn
|-damage|p2a: brat|77/100 brn|[from] brn
|upkeep
|turn|114
|
|t:|1743857506
|-curestatus|p2a: brat|brn|[from] ability: Natural Cure
|switch|p2a: BIRDS OF A FEATHER|Corviknight, F|94/100
|-ability|p2a: BIRDS OF A FEATHER|Pressure
|-prepare|p1a: Slowking|Chilly Reception|[premajor]
|move|p1a: Slowking|Chilly Reception|p1a: Slowking
|-weather|Snowscape
|
|t:|1743857509
|switch|p1a: Moltres|Moltres|21/100 tox|[from] Chilly Reception
|
|-weather|Snowscape|[upkeep]
|-damage|p1a: Moltres|15/100 tox|[from] psn
|upkeep
|turn|115
|
|t:|1743857515
|switch|p2a: brat|Blissey, F|77/100
|move|p1a: Moltres|Roost|p1a: Moltres
|-heal|p1a: Moltres|65/100 tox
|-singleturn|p1a: Moltres|move: Roost
|
|-weather|Snowscape|[upkeep]
|-end|p2a: brat|move: Future Sight
|-damage|p2a: brat|63/100
|-damage|p1a: Moltres|53/100 tox|[from] psn
|upkeep
|turn|116
|
|t:|1743857517
|switch|p1a: Chesnaught|Chesnaught, M|70/100 tox
|move|p2a: brat|Stealth Rock|p1a: Chesnaught
|-sidestart|p1: BBT94|move: Stealth Rock
|
|-weather|Snowscape|[upkeep]
|-damage|p1a: Chesnaught|64/100 tox|[from] psn
|upkeep
|turn|117
|
|t:|1743857520
|switch|p2a: 🇮🇱=ter*orists|Gliscor, M|48/100 tox
|move|p1a: Chesnaught|Leech Seed|p2a: 🇮🇱=ter*orists
|-start|p2a: 🇮🇱=ter*orists|move: Leech Seed
|
|-weather|Snowscape|[upkeep]
|-damage|p2a: 🇮🇱=ter*orists|35/100 tox|[from] Leech Seed|[of] p1a: Chesnaught
|-heal|p1a: Chesnaught|76/100 tox|[silent]
|-heal|p2a: 🇮🇱=ter*orists|48/100 tox|[from] ability: Poison Heal
|-damage|p1a: Chesnaught|64/100 tox|[from] psn
|upkeep
|turn|118
|
|t:|1743857526
|switch|p2a: BIRDS OF A FEATHER|Corviknight, F|94/100
|-ability|p2a: BIRDS OF A FEATHER|Pressure
|move|p1a: Chesnaught|Knock Off|p2a: BIRDS OF A FEATHER
|-damage|p2a: BIRDS OF A FEATHER|85/100
|
|-weather|none
|-damage|p1a: Chesnaught|46/100 tox|[from] psn
|upkeep
|turn|119
|
|t:|1743857529
|switch|p2a: 🇮🇱=ter*orists|Gliscor, M|48/100 tox
|move|p1a: Chesnaught|Leech Seed|p2a: 🇮🇱=ter*orists|[miss]
|-miss|p1a: Chesnaught|p2a: 🇮🇱=ter*orists
|
|-heal|p2a: 🇮🇱=ter*orists|60/100 tox|[from] ability: Poison Heal
|-damage|p1a: Chesnaught|22/100 tox|[from] psn
|upkeep
|turn|120
|
|t:|1743857534
|switch|p1a: Goodra|Goodra-Hisui, F|100/100
|-damage|p1a: Goodra|94/100|[from] Stealth Rock
|move|p2a: 🇮🇱=ter*orists|Substitute|p2a: 🇮🇱=ter*orists
|-start|p2a: 🇮🇱=ter*orists|Substitute
|-damage|p2a: 🇮🇱=ter*orists|35/100 tox
|
|-heal|p2a: 🇮🇱=ter*orists|48/100 tox|[from] ability: Poison Heal
|upkeep
|turn|121
|
|t:|1743857536
|move|p2a: 🇮🇱=ter*orists|Earthquake|p1a: Goodra
|-supereffective|p1a: Goodra
|-damage|p1a: Goodra|41/100
|move|p1a: Goodra|Ice Beam|p2a: 🇮🇱=ter*orists
|-supereffective|p2a: 🇮🇱=ter*orists
|-end|p2a: 🇮🇱=ter*orists|Substitute
|
|-heal|p2a: 🇮🇱=ter*orists|60/100 tox|[from] ability: Poison Heal
|upkeep
|turn|122
|
|t:|1743857540
|switch|p1a: Mamoswine|Mamoswine, F|100/100
|move|p2a: 🇮🇱=ter*orists|Substitute|p2a: 🇮🇱=ter*orists
|-start|p2a: 🇮🇱=ter*orists|Substitute
|-damage|p2a: 🇮🇱=ter*orists|35/100 tox
|
|-heal|p2a: 🇮🇱=ter*orists|48/100 tox|[from] ability: Poison Heal
|upkeep
|turn|123
|
|t:|1743857544
|switch|p1a: Slowking|Slowking, F|79/100 tox
|move|p2a: 🇮🇱=ter*orists|Toxic|p1a: Slowking
|-fail|p1a: Slowking|tox
|
|-heal|p2a: 🇮🇱=ter*orists|60/100 tox|[from] ability: Poison Heal
|-damage|p1a: Slowking|73/100 tox|[from] psn
|upkeep
|turn|124
|
|t:|1743857547
|move|p2a: 🇮🇱=ter*orists|Earthquake|p1a: Slowking
|-damage|p1a: Slowking|40/100 tox
|move|p1a: Slowking|Scald|p2a: 🇮🇱=ter*orists
|-supereffective|p2a: 🇮🇱=ter*orists
|-end|p2a: 🇮🇱=ter*orists|Substitute
|
|-heal|p2a: 🇮🇱=ter*orists|73/100 tox|[from] ability: Poison Heal
|-damage|p1a: Slowking|28/100 tox|[from] psn
|upkeep
|turn|125
|
|t:|1743857552
|move|p2a: 🇮🇱=ter*orists|Substitute|p2a: 🇮🇱=ter*orists
|-start|p2a: 🇮🇱=ter*orists|Substitute
|-damage|p2a: 🇮🇱=ter*orists|48/100 tox
|move|p1a: Slowking|Scald|p2a: 🇮🇱=ter*orists
|-supereffective|p2a: 🇮🇱=ter*orists
|-end|p2a: 🇮🇱=ter*orists|Substitute
|
|-heal|p2a: 🇮🇱=ter*orists|60/100 tox|[from] ability: Poison Heal
|-damage|p1a: Slowking|10/100 tox|[from] psn
|upkeep
|turn|126
|
|t:|1743857555
|move|p2a: 🇮🇱=ter*orists|Earthquake|p1a: Slowking
|-damage|p1a: Slowking|0 fnt
|faint|p1a: Slowking
|
|-heal|p2a: 🇮🇱=ter*orists|73/100 tox|[from] ability: Poison Heal
|upkeep
|l| sgt. unicorn
|
|t:|1743857556
|switch|p1a: Mamoswine|Mamoswine, F|100/100
|turn|127
|
|t:|1743857559
|switch|p2a: BIRDS OF A FEATHER|Corviknight, F|85/100
|-ability|p2a: BIRDS OF A FEATHER|Pressure
|move|p1a: Mamoswine|Stealth Rock|p2a: BIRDS OF A FEATHER
|-sidestart|p2: Trainer #39|move: Stealth Rock
|
|upkeep
|turn|128
|
|t:|1743857565
|switch|p1a: Moltres|Moltres|53/100 tox
|move|p2a: BIRDS OF A FEATHER|Defog|p1a: Moltres
|-unboost|p1a: Moltres|evasion|1
|-sideend|p1: BBT94|Stealth Rock|[from] move: Defog|[of] p2a: BIRDS OF A FEATHER
|-sideend|p2: Trainer #39|Spikes|[from] move: Defog|[of] p2a: BIRDS OF A FEATHER
|-sideend|p2: Trainer #39|Stealth Rock|[from] move: Defog|[of] p2a: BIRDS OF A FEATHER
|
|-damage|p1a: Moltres|46/100 tox|[from] psn
|upkeep
|turn|129
|
|t:|1743857570
|switch|p1a: Pecharunt|Pecharunt|100/100
|switch|p2a: 808 and curses|Dondozo, M|57/100
|
|-heal|p2a: 808 and curses|63/100|[from] item: Leftovers
|upkeep
|turn|130
|
|t:|1743857575
|switch|p2a: brat|Blissey, F|63/100
|move|p1a: Pecharunt|Parting Shot|p2a: brat
|-unboost|p2a: brat|atk|1
|-unboost|p2a: brat|spa|1
|
|t:|1743857577
|switch|p1a: Mamoswine|Mamoswine, F|100/100|[from] Parting Shot
|
|upkeep
|turn|131
|
|t:|1743857580
|switch|p1a: Moltres|Moltres|46/100 tox
|switch|p2a: BIRDS OF A FEATHER|Corviknight, F|85/100
|-ability|p2a: BIRDS OF A FEATHER|Pressure
|
|-damage|p1a: Moltres|40/100 tox|[from] psn
|upkeep
|turn|132
|
|t:|1743857583
|switch|p2a: 🇮🇱=ter*orists|Gliscor, M|73/100 tox
|move|p1a: Moltres|Roost|p1a: Moltres
|-heal|p1a: Moltres|90/100 tox
|-singleturn|p1a: Moltres|move: Roost
|
|-heal|p2a: 🇮🇱=ter*orists|85/100 tox|[from] ability: Poison Heal
|-damage|p1a: Moltres|78/100 tox|[from] psn
|upkeep
|turn|133
|
|t:|1743857586
|move|p2a: 🇮🇱=ter*orists|Substitute|p2a: 🇮🇱=ter*orists
|-start|p2a: 🇮🇱=ter*orists|Substitute
|-damage|p2a: 🇮🇱=ter*orists|60/100 tox
|move|p1a: Moltres|Hurricane|p2a: 🇮🇱=ter*orists
|-end|p2a: 🇮🇱=ter*orists|Substitute
|
|-heal|p2a: 🇮🇱=ter*orists|73/100 tox|[from] ability: Poison Heal
|-damage|p1a: Moltres|59/100 tox|[from] psn
|upkeep
|turn|134
|
|t:|1743857590
|move|p2a: 🇮🇱=ter*orists|Substitute|p2a: 🇮🇱=ter*orists
|-start|p2a: 🇮🇱=ter*orists|Substitute
|-damage|p2a: 🇮🇱=ter*orists|48/100 tox
|move|p1a: Moltres|Flamethrower|p2a: 🇮🇱=ter*orists
|-end|p2a: 🇮🇱=ter*orists|Substitute
|
|-heal|p2a: 🇮🇱=ter*orists|60/100 tox|[from] ability: Poison Heal
|-damage|p1a: Moltres|34/100 tox|[from] psn
|upkeep
|turn|135
|-message|BBT94 forfeited.
|
|win|Trainer #39
|raw|BBT94's rating: 1695 &rarr; <strong>1677</strong><br />(-18 for losing)
|raw|Trainer #39's rating: 1727 &rarr; <strong>1745</strong><br />(+18 for winning)
|l|☆BBT94
|player|p1|
|l|☆Trainer #39
|player|p2|
|l| watercell
|l| LillieisLostAgain
