|j|☆CiwinJ
|j|☆sluggo mcgluggo
|t:|1743936968
|gametype|singles
|player|p1|CiwinJ|blue|1116
|player|p2|sluggo mcgluggo|cynthia|1100
|teamsize|p1|6
|teamsize|p2|6
|gen|9
|tier|[Gen 9] OU
|rated|
|rule|HP Percentage Mod: HP is shown in percentages
|rule|Endless Battle Clause: Forcing endless battles is banned
|rule|Species Clause: Limit one of each Pokémon
|rule|OHKO Clause: OHKO moves are banned
|rule|Evasion Items Clause: Evasion items are banned
|rule|Evasion Moves Clause: Evasion moves are banned
|rule|Sleep Moves Clause: Sleep-inducing moves are banned
|clearpoke
|poke|p1|Walking Wake|
|poke|p1|Torkoal, F|
|poke|p1|Corviknight, F|
|poke|p1|Zamazenta-*|
|poke|p1|Great Tusk|
|poke|p1|Ogerpon-Wellspring, F|
|poke|p2|Bellibolt, M|
|poke|p2|Basculegion, M|
|poke|p2|Dragonite, F|
|poke|p2|Iron Treads|
|poke|p2|Barraskewda, M|
|poke|p2|Pelipper, M|
|teampreview
|inactive|Battle timer is ON: inactive players will automatically lose when time's up. (requested by CiwinJ)
|
|t:|1743936999
|start
|switch|p1a: Ogerpon|Ogerpon-Wellspring, F|100/100
|switch|p2a: THE MAILMAN|Dragonite, F|100/100
|turn|1
|inactive|sluggo mcgluggo also wants the timer to be on.
|
|t:|1743937014
|move|p1a: Ogerpon|Swords Dance|p1a: Ogerpon
|-boost|p1a: Ogerpon|atk|2
|move|p2a: THE MAILMAN|Draco Meteor|p1a: Ogerpon
|-damage|p1a: Ogerpon|29/100
|-unboost|p2a: THE MAILMAN|spa|2
|-enditem|p2a: THE MAILMAN|Eject Pack
|
|t:|1743937031
|switch|p2a: SPEWMA|Barraskewda, M|100/100
|
|upkeep
|turn|2
|
|t:|1743937037
|move|p2a: SPEWMA|Close Combat|p1a: Ogerpon
|-damage|p1a: Ogerpon|0 fnt
|-unboost|p2a: SPEWMA|def|1
|-unboost|p2a: SPEWMA|spd|1
|faint|p1a: Ogerpon
|
|upkeep
|
|t:|1743937048
|switch|p1a: Zamazenta|Zamazenta|100/100
|-ability|p1a: Zamazenta|Dauntless Shield|boost
|-boost|p1a: Zamazenta|def|1
|turn|3
|
|t:|1743937055
|switch|p2a: NIGEL|Pelipper, M|100/100
|-weather|RainDance|[from] ability: Drizzle|[of] p2a: NIGEL
|move|p1a: Zamazenta|Iron Defense|p1a: Zamazenta
|-boost|p1a: Zamazenta|def|2
|
|-weather|RainDance|[upkeep]
|upkeep
|turn|4
|
|t:|1743937084
|move|p1a: Zamazenta|Stone Edge|p2a: NIGEL
|-supereffective|p2a: NIGEL
|-crit|p2a: NIGEL
|-damage|p2a: NIGEL|24/100
|move|p2a: NIGEL|Hurricane|p1a: Zamazenta
|-supereffective|p1a: Zamazenta
|-damage|p1a: Zamazenta|29/100
|-start|p1a: Zamazenta|confusion
|
|-weather|RainDance|[upkeep]
|-heal|p1a: Zamazenta|35/100|[from] item: Leftovers
|upkeep
|turn|5
|inactive|CiwinJ has 120 seconds left.
|
|t:|1743937105
|switch|p2a: ELON TUSK|Iron Treads|100/100
|-activate|p1a: Zamazenta|confusion
|move|p1a: Zamazenta|Body Press|p2a: ELON TUSK
|-supereffective|p2a: ELON TUSK
|-damage|p2a: ELON TUSK|0 fnt
|faint|p2a: ELON TUSK
|-end|p2a: ELON TUSK|Quark Drive|[silent]
|
|-weather|RainDance|[upkeep]
|-heal|p1a: Zamazenta|41/100|[from] item: Leftovers
|upkeep
|
|t:|1743937115
|switch|p2a: SPEWMA|Barraskewda, M|100/100
|turn|6
|inactive|CiwinJ has 120 seconds left.
|
|t:|1743937130
|move|p2a: SPEWMA|Flip Turn|p1a: Zamazenta
|-damage|p1a: Zamazenta|17/100
|
|t:|1743937133
|switch|p2a: KRAGGINDEEZ|Basculegion, M|100/100|[from] Flip Turn
|-end|p1a: Zamazenta|confusion
|move|p1a: Zamazenta|Body Press|p2a: KRAGGINDEEZ
|-immune|p2a: KRAGGINDEEZ
|
|-weather|RainDance|[upkeep]
|-heal|p1a: Zamazenta|23/100|[from] item: Leftovers
|upkeep
|turn|7
|
|t:|1743937145
|move|p1a: Zamazenta|Crunch|p2a: KRAGGINDEEZ
|-supereffective|p2a: KRAGGINDEEZ
|-damage|p2a: KRAGGINDEEZ|34/100
|move|p2a: KRAGGINDEEZ|Flip Turn|p1a: Zamazenta
|-damage|p1a: Zamazenta|0 fnt
|faint|p1a: Zamazenta
|
|t:|1743937163
|switch|p2a: THE MAILMAN|Dragonite, F|100/100|[from] Flip Turn
|
|-weather|RainDance|[upkeep]
|upkeep
|
|t:|1743937167
|switch|p1a: Torkoal|Torkoal, F|100/100
|-weather|SunnyDay|[from] ability: Drought|[of] p1a: Torkoal
|turn|8
|
|t:|1743937175
|move|p2a: THE MAILMAN|Draco Meteor|p1a: Torkoal
|-damage|p1a: Torkoal|16/100
|-unboost|p2a: THE MAILMAN|spa|2
|move|p1a: Torkoal|Stealth Rock|p2a: THE MAILMAN
|-sidestart|p2: sluggo mcgluggo|move: Stealth Rock
|
|-weather|SunnyDay|[upkeep]
|upkeep
|turn|9
|
|t:|1743937180
|move|p2a: THE MAILMAN|Draco Meteor|p1a: Torkoal
|-damage|p1a: Torkoal|0 fnt
|-unboost|p2a: THE MAILMAN|spa|2
|faint|p1a: Torkoal
|
|-weather|SunnyDay|[upkeep]
|upkeep
|
|t:|1743937183
|switch|p1a: Walking Wake|Walking Wake|100/100
|-activate|p1a: Walking Wake|ability: Protosynthesis
|-start|p1a: Walking Wake|protosynthesisspa
|turn|10
|inactive|sluggo mcgluggo has 120 seconds left.
|
|t:|1743937214
|switch|p2a: NIGEL|Pelipper, M|24/100
|-damage|p2a: NIGEL|0 fnt|[from] Stealth Rock
|faint|p2a: NIGEL
|move|p1a: Walking Wake|Draco Meteor|p2: NIGEL|[notarget]
|-fail|p1a: Walking Wake
|
|-weather|SunnyDay|[upkeep]
|upkeep
|inactive|sluggo mcgluggo has 120 seconds left.
|
|t:|1743937246
|switch|p2a: RICK ROSS (HUH)|Bellibolt, M|100/100
|-damage|p2a: RICK ROSS (HUH)|88/100|[from] Stealth Rock
|turn|11
|inactive|sluggo mcgluggo has 90 seconds left.
|
|t:|1743937268
|-terastallize|p2a: RICK ROSS (HUH)|Fairy
|move|p1a: Walking Wake|Draco Meteor|p2a: RICK ROSS (HUH)
|-immune|p2a: RICK ROSS (HUH)
|move|p2a: RICK ROSS (HUH)|Tera Blast|p1a: Walking Wake|[anim] Tera Blast Fairy
|-supereffective|p1a: Walking Wake
|-damage|p1a: Walking Wake|7/100
|
|-weather|SunnyDay|[upkeep]
|upkeep
|turn|12
|inactive|sluggo mcgluggo has 90 seconds left.
|
|t:|1743937276
|-end|p1a: Walking Wake|Protosynthesis|[silent]
|switch|p1a: Corviknight|Corviknight, F|100/100
|-ability|p1a: Corviknight|Pressure
|move|p2a: RICK ROSS (HUH)|Weather Ball|p1a: Corviknight
|-supereffective|p1a: Corviknight
|-damage|p1a: Corviknight|11/100
|
|-weather|SunnyDay|[upkeep]
|upkeep
|turn|13
|inactive|sluggo mcgluggo has 90 seconds left.
|
|t:|1743937287
|move|p1a: Corviknight|Brave Bird|p2a: RICK ROSS (HUH)
|-damage|p2a: RICK ROSS (HUH)|55/100
|-start|p2a: RICK ROSS (HUH)|Charge|Brave Bird|[from] ability: Electromorphosis
|-damage|p1a: Corviknight|0 fnt|[from] Recoil
|faint|p1a: Corviknight
|move|p2a: RICK ROSS (HUH)|Weather Ball|p1: Corviknight|[notarget]
|-fail|p2a: RICK ROSS (HUH)
|
|-weather|SunnyDay|[upkeep]
|upkeep
|
|t:|1743937291
|switch|p1a: Great Tusk|Great Tusk|100/100
|-activate|p1a: Great Tusk|ability: Protosynthesis
|-start|p1a: Great Tusk|protosynthesisatk
|turn|14
|inactive|sluggo mcgluggo has 90 seconds left.
|
|t:|1743937323
|-terastallize|p1a: Great Tusk|Ground
|move|p1a: Great Tusk|Headlong Rush|p2a: RICK ROSS (HUH)
|-damage|p2a: RICK ROSS (HUH)|0 fnt
|-unboost|p1a: Great Tusk|def|1
|-unboost|p1a: Great Tusk|spd|1
|faint|p2a: RICK ROSS (HUH)
|
|-weather|SunnyDay|[upkeep]
|upkeep
|
|t:|1743937332
|switch|p2a: THE MAILMAN|Dragonite, F|100/100
|-damage|p2a: THE MAILMAN|76/100|[from] Stealth Rock
|turn|15
|
|t:|1743937339
|move|p1a: Great Tusk|Headlong Rush|p2a: THE MAILMAN
|-immune|p2a: THE MAILMAN
|move|p2a: THE MAILMAN|Draco Meteor|p1a: Great Tusk
|-damage|p1a: Great Tusk|0 fnt
|-unboost|p2a: THE MAILMAN|spa|2
|faint|p1a: Great Tusk
|-end|p1a: Great Tusk|Protosynthesis|[silent]
|
|-weather|none
|upkeep
|
|t:|1743937343
|switch|p1a: Walking Wake|Walking Wake|7/100
|turn|16
|
|t:|1743937349
|move|p1a: Walking Wake|Draco Meteor|p2a: THE MAILMAN
|-supereffective|p2a: THE MAILMAN
|-damage|p2a: THE MAILMAN|0 fnt
|-unboost|p1a: Walking Wake|spa|2
|faint|p2a: THE MAILMAN
|
|upkeep
|
|t:|1743937354
|switch|p2a: SPEWMA|Barraskewda, M|100/100
|-damage|p2a: SPEWMA|88/100|[from] Stealth Rock
|turn|17
|
|t:|1743937357
|move|p2a: SPEWMA|Aqua Jet|p1a: Walking Wake
|-resisted|p1a: Walking Wake
|-damage|p1a: Walking Wake|0 fnt
|faint|p1a: Walking Wake
|-end|p1a: Walking Wake|Protosynthesis|[silent]
|
|win|sluggo mcgluggo
|raw|CiwinJ's rating: 1116 &rarr; <strong>1090</strong><br />(-26 for losing)
|raw|sluggo mcgluggo's rating: 1100 &rarr; <strong>1126</strong><br />(+26 for winning)
|l|☆CiwinJ
|player|p1|
|l|☆sluggo mcgluggo
|player|p2|
