|j|☆toa_of_tendenseiz
|j|☆CRPCgaming.TTV
|t:|1743912255
|gametype|singles
|player|p1|toa_of_tendenseiz|brawly|1253
|player|p2|CRPCgaming.TTV|backersf|1252
|teamsize|p1|6
|teamsize|p2|6
|gen|9
|tier|[Gen 9] OU
|rated|
|rule|HP Percentage Mod: HP is shown in percentages
|rule|Endless Battle Clause: Forcing endless battles is banned
|rule|Species Clause: Limit one of each Pokémon
|rule|OHKO Clause: OHKO moves are banned
|rule|Evasion Items Clause: Evasion items are banned
|rule|Evasion Moves Clause: Evasion moves are banned
|rule|Sleep Moves Clause: Sleep-inducing moves are banned
|clearpoke
|poke|p1|Moltres|
|poke|p1|Scizor, M|
|poke|p1|Kyurem|
|poke|p1|Glimmora, F|
|poke|p1|Araquanid, F|
|poke|p1|Rillaboom, M|
|poke|p2|Latias, F|
|poke|p2|Iron Crown|
|poke|p2|Kingambit, F|
|poke|p2|Garganacl, F|
|poke|p2|Glimmora, M|
|poke|p2|Garchomp, F|
|teampreview
|inactive|Battle timer is ON: inactive players will automatically lose when time's up. (requested by CRPCgaming.TTV)
|
|t:|1743912271
|start
|switch|p1a: Marshmallow|Kyurem|100/100
|switch|p2a: Latias|Latias, F|100/100
|-ability|p1a: Marshmallow|Pressure
|turn|1
|
|t:|1743912287
|-terastallize|p1a: Marshmallow|Ground
|move|p2a: Latias|Agility|p2a: Latias
|-boost|p2a: Latias|spe|2
|move|p1a: Marshmallow|Ice Beam|p2a: Latias
|-supereffective|p2a: Latias
|-crit|p2a: Latias
|-damage|p2a: Latias|0 fnt
|faint|p2a: Latias
|
|upkeep
|
|t:|1743912299
|switch|p2a: Iron Crown|Iron Crown|100/100
|turn|2
|
|t:|1743912304
|move|p2a: Iron Crown|Agility|p2a: Iron Crown
|-boost|p2a: Iron Crown|spe|2
|move|p1a: Marshmallow|Earth Power|p2a: Iron Crown
|-supereffective|p2a: Iron Crown
|-damage|p2a: Iron Crown|0 fnt
|faint|p2a: Iron Crown
|-end|p2a: Iron Crown|Quark Drive|[silent]
|
|upkeep
|
|t:|1743912313
|switch|p2a: Garganacl|Garganacl, F|100/100
|turn|3
|
|t:|1743912318
|move|p1a: Marshmallow|Earth Power|p2a: Garganacl
|-supereffective|p2a: Garganacl
|-damage|p2a: Garganacl|36/100
|move|p2a: Garganacl|Salt Cure|p1a: Marshmallow
|-resisted|p1a: Marshmallow
|-damage|p1a: Marshmallow|94/100
|-start|p1a: Marshmallow|Salt Cure
|
|-heal|p2a: Garganacl|42/100|[from] item: Leftovers
|-damage|p1a: Marshmallow|81/100|[from] Salt Cure
|upkeep
|turn|4
|
|t:|1743912330
|switch|p1a: Ara Ara|Araquanid, F, shiny|100/100
|move|p2a: Garganacl|Salt Cure|p1a: Ara Ara
|-supereffective|p1a: Ara Ara
|-damage|p1a: Ara Ara|68/100
|-start|p1a: Ara Ara|Salt Cure
|
|-heal|p2a: Garganacl|49/100|[from] item: Leftovers
|-damage|p1a: Ara Ara|43/100|[from] Salt Cure
|upkeep
|turn|5
|
|t:|1743912340
|move|p1a: Ara Ara|Sticky Web|p2a: Garganacl
|-sidestart|p2: CRPCgaming.TTV|move: Sticky Web
|move|p2a: Garganacl|Recover|p2a: Garganacl
|-heal|p2a: Garganacl|99/100
|
|-heal|p2a: Garganacl|100/100|[from] item: Leftovers
|-damage|p1a: Ara Ara|18/100|[from] Salt Cure
|upkeep
|turn|6
|-enditem|p1a: Ara Ara|Custap Berry|[eat]
|-activate|p1a: Ara Ara|item: Custap Berry|[consumed]
|
|t:|1743912351
|move|p1a: Ara Ara|Surf|p2a: Garganacl
|-supereffective|p2a: Garganacl
|-damage|p2a: Garganacl|17/100
|move|p2a: Garganacl|Curse|p2a: Garganacl
|-unboost|p2a: Garganacl|spe|1
|-boost|p2a: Garganacl|atk|1
|-boost|p2a: Garganacl|def|1
|
|-heal|p2a: Garganacl|24/100|[from] item: Leftovers
|-damage|p1a: Ara Ara|0 fnt|[from] Salt Cure
|faint|p1a: Ara Ara
|upkeep
|
|t:|1743912363
|switch|p1a: One Punch Man|Scizor, M|100/100
|turn|7
|
|t:|1743912367
|move|p1a: One Punch Man|Bullet Punch|p2a: Garganacl
|-supereffective|p2a: Garganacl
|-damage|p2a: Garganacl|0 fnt
|faint|p2a: Garganacl
|
|upkeep
|
|t:|1743912372
|switch|p2a: Glimmora|Glimmora, M|100/100
|-activate|p2a: Glimmora|move: Sticky Web
|-unboost|p2a: Glimmora|spe|1
|turn|8
|
|t:|1743912378
|move|p1a: One Punch Man|Bullet Punch|p2a: Glimmora
|-supereffective|p2a: Glimmora
|-enditem|p2a: Glimmora|Focus Sash
|-damage|p2a: Glimmora|1/100
|-activate|p2a: Glimmora|ability: Toxic Debris
|-sidestart|p1: toa_of_tendenseiz|move: Toxic Spikes
|move|p2a: Glimmora|Earth Power|p1a: One Punch Man
|-damage|p1a: One Punch Man|62/100
|
|upkeep
|turn|9
|
|t:|1743912388
|move|p1a: One Punch Man|Bullet Punch|p2a: Glimmora
|-supereffective|p2a: Glimmora
|-damage|p2a: Glimmora|0 fnt
|-activate|p2a: Glimmora|ability: Toxic Debris
|-sidestart|p1: toa_of_tendenseiz|move: Toxic Spikes
|faint|p2a: Glimmora
|
|upkeep
|
|t:|1743912398
|switch|p2a: Garchomp|Garchomp, F, shiny|100/100
|-activate|p2a: Garchomp|move: Sticky Web
|-unboost|p2a: Garchomp|spe|1
|turn|10
|
|t:|1743912405
|switch|p1a: Phosphophyllite|Glimmora, F, shiny|100/100
|-item|p1a: Phosphophyllite|Air Balloon
|move|p2a: Garchomp|Swords Dance|p2a: Garchomp
|-boost|p2a: Garchomp|atk|2
|
|upkeep
|turn|11
|
|t:|1743912415
|move|p1a: Phosphophyllite|Power Gem|p2a: Garchomp
|-resisted|p2a: Garchomp
|-damage|p2a: Garchomp|79/100
|move|p2a: Garchomp|Scale Shot|p1a: Phosphophyllite
|-damage|p1a: Phosphophyllite|66/100
|-activate|p1a: Phosphophyllite|ability: Toxic Debris
|-sidestart|p2: CRPCgaming.TTV|move: Toxic Spikes
|-enditem|p1a: Phosphophyllite|Air Balloon
|-damage|p1a: Phosphophyllite|33/100
|-activate|p1a: Phosphophyllite|ability: Toxic Debris
|-sidestart|p2: CRPCgaming.TTV|move: Toxic Spikes
|-damage|p1a: Phosphophyllite|0 fnt
|faint|p1a: Phosphophyllite
|-hitcount|p1: Phosphophyllite|3
|-unboost|p2a: Garchomp|def|1
|-boost|p2a: Garchomp|spe|1
|
|upkeep
|inactive|toa_of_tendenseiz has 120 seconds left.
|
|t:|1743912446
|switch|p1a: Takanashi Kiara|Moltres|100/100
|turn|12
|
|t:|1743912453
|move|p2a: Garchomp|Scale Shot|p1a: Takanashi Kiara
|-damage|p1a: Takanashi Kiara|81/100
|-damage|p1a: Takanashi Kiara|63/100
|-damage|p1a: Takanashi Kiara|44/100
|-crit|p1a: Takanashi Kiara
|-damage|p1a: Takanashi Kiara|15/100
|-hitcount|p1a: Takanashi Kiara|4
|-unboost|p2a: Garchomp|def|1
|-boost|p2a: Garchomp|spe|1
|move|p1a: Takanashi Kiara|Roar|p2a: Garchomp
|drag|p2a: Kingambit|Kingambit, F, shiny|100/100
|-activate|p2a: Kingambit|ability: Supreme Overlord
|-start|p2a: Kingambit|fallen4|[silent]
|-item|p2a: Kingambit|Air Balloon
|
|upkeep
|turn|13
|inactive|toa_of_tendenseiz has 120 seconds left.
|
|t:|1743912469
|move|p1a: Takanashi Kiara|Roost|p1a: Takanashi Kiara
|-heal|p1a: Takanashi Kiara|65/100
|-singleturn|p1a: Takanashi Kiara|move: Roost
|move|p2a: Kingambit|Kowtow Cleave|p1a: Takanashi Kiara
|-damage|p1a: Takanashi Kiara|19/100
|
|upkeep
|turn|14
|
|t:|1743912477
|move|p1a: Takanashi Kiara|Roost|p1a: Takanashi Kiara
|-heal|p1a: Takanashi Kiara|69/100
|-singleturn|p1a: Takanashi Kiara|move: Roost
|move|p2a: Kingambit|Kowtow Cleave|p1a: Takanashi Kiara
|-damage|p1a: Takanashi Kiara|20/100
|
|upkeep
|turn|15
|
|t:|1743912484
|move|p1a: Takanashi Kiara|Roost|p1a: Takanashi Kiara
|-heal|p1a: Takanashi Kiara|70/100
|-singleturn|p1a: Takanashi Kiara|move: Roost
|move|p2a: Kingambit|Swords Dance|p2a: Kingambit
|-boost|p2a: Kingambit|atk|2
|
|upkeep
|turn|16
|
|t:|1743912491
|move|p2a: Kingambit|Sucker Punch||[still]
|-fail|p2a: Kingambit
|move|p1a: Takanashi Kiara|Roost|p1a: Takanashi Kiara
|-heal|p1a: Takanashi Kiara|100/100
|-singleturn|p1a: Takanashi Kiara|move: Roost
|
|upkeep
|turn|17
|
|t:|1743912498
|move|p2a: Kingambit|Sucker Punch|p1a: Takanashi Kiara
|-damage|p1a: Takanashi Kiara|26/100
|move|p1a: Takanashi Kiara|Flamethrower|p2a: Kingambit
|-supereffective|p2a: Kingambit
|-damage|p2a: Kingambit|13/100
|-enditem|p2a: Kingambit|Air Balloon
|
|upkeep
|turn|18
|
|t:|1743912507
|move|p1a: Takanashi Kiara|Roost|p1a: Takanashi Kiara
|-heal|p1a: Takanashi Kiara|76/100
|-singleturn|p1a: Takanashi Kiara|move: Roost
|move|p2a: Kingambit|Kowtow Cleave|p1a: Takanashi Kiara
|-damage|p1a: Takanashi Kiara|0 fnt
|faint|p1a: Takanashi Kiara
|
|upkeep
|
|t:|1743912516
|switch|p1a: Monkey Business|Rillaboom, M, shiny|100/100
|-status|p1a: Monkey Business|tox
|-fieldstart|move: Grassy Terrain|[from] ability: Grassy Surge|[of] p1a: Monkey Business
|turn|19
|
|t:|1743912522
|move|p1a: Monkey Business|Grassy Glide|p2a: Kingambit
|-resisted|p2a: Kingambit
|-damage|p2a: Kingambit|0 fnt
|faint|p2a: Kingambit
|-end|p2a: Kingambit|fallen4|[silent]
|
|-damage|p1a: Monkey Business|94/100 tox|[from] psn
|upkeep
|-message|CRPCgaming.TTV forfeited.
|
|win|toa_of_tendenseiz
|raw|toa_of_tendenseiz's rating: 1253 &rarr; <strong>1278</strong><br />(+25 for winning)
|raw|CRPCgaming.TTV's rating: 1252 &rarr; <strong>1227</strong><br />(-25 for losing)
|l|☆CRPCgaming.TTV
|player|p2|
|l|☆toa_of_tendenseiz
|player|p1|
