|j|☆AgencyLanimort
|j|☆goat3000
|t:|1743831443
|gametype|singles
|player|p1|AgencyLanimort|2|1306
|player|p2|goat3000|169|1278
|teamsize|p1|6
|teamsize|p2|6
|gen|9
|tier|[Gen 9] OU
|rated|
|rule|HP Percentage Mod: HP is shown in percentages
|rule|Endless Battle Clause: Forcing endless battles is banned
|rule|Species Clause: Limit one of each Pokémon
|rule|OHKO Clause: OHKO moves are banned
|rule|Evasion Items Clause: Evasion items are banned
|rule|Evasion Moves Clause: Evasion moves are banned
|rule|Sleep Moves Clause: Sleep-inducing moves are banned
|clearpoke
|poke|p1|Iron Valiant|
|poke|p1|Rotom-Wash|
|poke|p1|Latios, M|
|poke|p1|Ting-Lu|
|poke|p1|Hydreigon, F|
|poke|p1|Gholdengo|
|poke|p2|Garganacl, F|
|poke|p2|Skeledirge, F|
|poke|p2|Dragapult, F|
|poke|p2|Thundurus, M|
|poke|p2|Samurott-Hisui, F|
|poke|p2|Skarmory, M|
|teampreview
|
|t:|1743831448
|start
|switch|p1a: Rotom|Rotom-Wash|100/100
|switch|p2a: Thundurus|Thundurus, M|100/100
|turn|1
|
|t:|1743831456
|move|p2a: Thundurus|Thunder Wave|p1a: Rotom|[miss]
|-miss|p2a: Thundurus|p1a: Rotom
|move|p1a: Rotom|Hydro Pump|p2a: Thundurus
|-damage|p2a: Thundurus|43/100
|
|-heal|p2a: Thundurus|49/100|[from] item: Leftovers
|upkeep
|turn|2
|c|☆goat3000|mb
|c|☆AgencyLanimort|lol
|
|t:|1743831476
|switch|p2a: Dragapult|Dragapult, F, shiny|100/100
|move|p1a: Rotom|Volt Switch|p2a: Dragapult
|-resisted|p2a: Dragapult
|-damage|p2a: Dragapult|84/100
|
|t:|1743831480
|switch|p1a: Iron Valiant|Iron Valiant|100/100|[from] Volt Switch
|
|upkeep
|turn|3
|
|t:|1743831487
|switch|p2a: Skarmory|Skarmory, M, shiny|100/100
|move|p1a: Iron Valiant|Knock Off|p2a: Skarmory
|-damage|p2a: Skarmory|83/100
|-damage|p1a: Iron Valiant|84/100|[from] item: Rocky Helmet|[of] p2a: Skarmory
|-enditem|p2a: Skarmory|Rocky Helmet|[from] move: Knock Off|[of] p1a: Iron Valiant
|
|upkeep
|turn|4
|
|t:|1743831495
|move|p1a: Iron Valiant|Thunderbolt|p2a: Skarmory
|-supereffective|p2a: Skarmory
|-damage|p2a: Skarmory|14/100
|move|p2a: Skarmory|Iron Defense|p2a: Skarmory
|-boost|p2a: Skarmory|def|2
|
|upkeep
|turn|5
|c|☆goat3000|ow man
|c|☆AgencyLanimort|oopsie
|
|t:|1743831506
|move|p1a: Iron Valiant|Moonblast|p2a: Skarmory
|-resisted|p2a: Skarmory
|-damage|p2a: Skarmory|0 fnt
|faint|p2a: Skarmory
|
|upkeep
|
|t:|1743831519
|switch|p2a: Garganacl|Garganacl, F|100/100
|turn|6
|
|t:|1743831523
|move|p1a: Iron Valiant|Close Combat|p2a: Garganacl
|-supereffective|p2a: Garganacl
|-damage|p2a: Garganacl|46/100
|-unboost|p1a: Iron Valiant|def|1
|-unboost|p1a: Iron Valiant|spd|1
|move|p2a: Garganacl|Salt Cure|p1a: Iron Valiant
|-resisted|p1a: Iron Valiant
|-damage|p1a: Iron Valiant|70/100
|-start|p1a: Iron Valiant|Salt Cure
|
|-heal|p2a: Garganacl|52/100|[from] item: Leftovers
|-damage|p1a: Iron Valiant|58/100|[from] Salt Cure
|upkeep
|turn|7
|
|t:|1743831533
|-end|p1a: Iron Valiant|Quark Drive|[silent]
|switch|p1a: Hydreigon|Hydreigon, F|100/100
|move|p2a: Garganacl|Protect||[still]
|-fail|p2a: Garganacl
|
|-heal|p2a: Garganacl|58/100|[from] item: Leftovers
|upkeep
|turn|8
|
|t:|1743831541
|move|p1a: Hydreigon|Draco Meteor|p2a: Garganacl
|-damage|p2a: Garganacl|0 fnt
|-unboost|p1a: Hydreigon|spa|2
|faint|p2a: Garganacl
|
|upkeep
|
|t:|1743831551
|switch|p2a: Thundurus|Thundurus, M|49/100
|turn|9
|
|t:|1743831558
|move|p2a: Thundurus|Nasty Plot|p2a: Thundurus
|-boost|p2a: Thundurus|spa|2
|move|p1a: Hydreigon|Draco Meteor|p2a: Thundurus
|-damage|p2a: Thundurus|0 fnt
|-unboost|p1a: Hydreigon|spa|2
|faint|p2a: Thundurus
|
|upkeep
|c|☆goat3000|whut
|c|☆AgencyLanimort|wait
|c|☆AgencyLanimort|im the realest
|c|☆AgencyLanimort|alive
|
|t:|1743831584
|switch|p2a: Dragapult|Dragapult, F, shiny|84/100
|turn|10
|
|t:|1743831588
|-terastallize|p2a: Dragapult|Fire
|-terastallize|p1a: Hydreigon|Steel
|move|p2a: Dragapult|Dragon Dance|p2a: Dragapult
|-boost|p2a: Dragapult|atk|1
|-boost|p2a: Dragapult|spe|1
|move|p1a: Hydreigon|Draco Meteor|p2a: Dragapult
|-crit|p2a: Dragapult
|-damage|p2a: Dragapult|0 fnt
|-unboost|p1a: Hydreigon|spa|2
|faint|p2a: Dragapult
|
|upkeep
|c|☆AgencyLanimort|OOOF
|c|☆goat3000|WHAT
|c|☆goat3000|wow
|c|☆goat3000|its imposible to win atp
|c|☆goat3000|gg
|c|☆AgencyLanimort|yeah
|-message|goat3000 forfeited.
|
|win|AgencyLanimort
|raw|AgencyLanimort's rating: 1306 &rarr; <strong>1324</strong><br />(+18 for winning)
|raw|goat3000's rating: 1278 &rarr; <strong>1255</strong><br />(-23 for losing)
|l|☆goat3000
|player|p2|
|l|☆AgencyLanimort
|player|p1|
