|j|☆healmostbangedme
|j|☆torito25
|t:|1743791001
|gametype|singles
|player|p1|healmostbangedme|miku-flying|1397
|player|p2|torito25|170|1383
|teamsize|p1|6
|teamsize|p2|6
|gen|9
|tier|[Gen 9] OU
|rated|
|rule|HP Percentage Mod: HP is shown in percentages
|rule|Endless Battle Clause: Forcing endless battles is banned
|rule|Species Clause: Limit one of each Pokémon
|rule|OHKO Clause: OHKO moves are banned
|rule|Evasion Items Clause: Evasion items are banned
|rule|Evasion Moves Clause: Evasion moves are banned
|rule|Sleep Moves Clause: Sleep-inducing moves are banned
|clearpoke
|poke|p1|Mienshao, F|
|poke|p1|Kyurem|
|poke|p1|Dragapult, F|
|poke|p1|Dragonite, F|
|poke|p1|Keldeo-Resolute|
|poke|p1|Zapdos|
|poke|p2|Deoxys-Speed|
|poke|p2|Iron Valiant|
|poke|p2|Ogerpon-Wellspring, F|
|poke|p2|Gholdengo|
|poke|p2|Dragonite, F|
|poke|p2|Landorus-Therian, M|
|teampreview
|inactive|Battle timer is ON: inactive players will automatically lose when time's up. (requested by torito25)
|inactive|healmostbangedme also wants the timer to be on.
|
|t:|1743791016
|start
|switch|p1a: pulter|Dragapult, F|100/100
|switch|p2a: Deoxys|Deoxys-Speed|100/100
|-ability|p2a: Deoxys|Pressure
|turn|1
|
|t:|1743791025
|switch|p2a: Landorus|Landorus-Therian, M|100/100
|-ability|p2a: Landorus|Intimidate|boost
|-fail|p1a: pulter|unboost|[from] ability: Clear Body|[of] p1a: pulter
|move|p1a: pulter|Thunder Wave|p2a: Landorus
|-immune|p2a: Landorus
|
|upkeep
|turn|2
|
|t:|1743791033
|move|p1a: pulter|Will-O-Wisp|p2a: Landorus
|-status|p2a: Landorus|brn
|move|p2a: Landorus|Stealth Rock|p1a: pulter
|-sidestart|p1: healmostbangedme|move: Stealth Rock
|
|-damage|p2a: Landorus|94/100 brn|[from] brn
|upkeep
|turn|3
|
|t:|1743791037
|move|p1a: pulter|Hex|p2a: Landorus
|-damage|p2a: Landorus|17/100 brn
|move|p2a: Landorus|Earthquake|p1a: pulter
|-damage|p1a: pulter|58/100
|
|-damage|p2a: Landorus|10/100 brn|[from] brn
|upkeep
|turn|4
|
|t:|1743791045
|switch|p2a: Ogerpon|Ogerpon-Wellspring, F|100/100
|move|p1a: pulter|Hex|p2a: Ogerpon
|-damage|p2a: Ogerpon|70/100
|
|upkeep
|turn|5
|
|t:|1743791052
|switch|p2a: Landorus|Landorus-Therian, M|10/100 brn
|-ability|p2a: Landorus|Intimidate|boost
|-fail|p1a: pulter|unboost|[from] ability: Clear Body|[of] p1a: pulter
|move|p1a: pulter|Will-O-Wisp|p2a: Landorus|[miss]
|-miss|p1a: pulter|p2a: Landorus
|
|-damage|p2a: Landorus|4/100 brn|[from] brn
|upkeep
|turn|6
|
|t:|1743791060
|move|p1a: pulter|Hex|p2a: Landorus
|-damage|p2a: Landorus|0 fnt
|faint|p2a: Landorus
|
|upkeep
|
|t:|1743791067
|switch|p2a: Deoxys|Deoxys-Speed|100/100
|-ability|p2a: Deoxys|Pressure
|turn|7
|
|t:|1743791072
|move|p2a: Deoxys|Ice Beam|p1a: pulter
|-supereffective|p1a: pulter
|-damage|p1a: pulter|0 fnt
|faint|p1a: pulter
|
|upkeep
|
|t:|1743791080
|switch|p1a: kiri|Kyurem|100/100
|-damage|p1a: kiri|76/100|[from] Stealth Rock
|-ability|p1a: kiri|Pressure
|turn|8
|
|t:|1743791086
|move|p2a: Deoxys|Meteor Beam||[still]
|-prepare|p2a: Deoxys|Meteor Beam
|-boost|p2a: Deoxys|spa|1
|-enditem|p2a: Deoxys|Power Herb
|-anim|p2a: Deoxys|Meteor Beam|p1a: kiri
|-supereffective|p1a: kiri
|-damage|p1a: kiri|0 fnt
|faint|p1a: kiri
|
|upkeep
|
|t:|1743791106
|switch|p1a: nite nite|Dragonite, F|100/100
|turn|9
|
|t:|1743791115
|-terastallize|p1a: nite nite|Normal
|move|p1a: nite nite|Extreme Speed|p2a: Deoxys
|-damage|p2a: Deoxys|27/100
|move|p2a: Deoxys|Ice Beam|p1a: nite nite
|-damage|p1a: nite nite|80/100
|
|upkeep
|turn|10
|
|t:|1743791121
|switch|p2a: Gholdengo|Gholdengo|100/100
|move|p1a: nite nite|Extreme Speed|p2a: Gholdengo
|-immune|p2a: Gholdengo
|
|upkeep
|turn|11
|
|t:|1743791133
|move|p1a: nite nite|Earthquake|p2a: Gholdengo
|-supereffective|p2a: Gholdengo
|-damage|p2a: Gholdengo|44/100
|move|p2a: Gholdengo|Make It Rain|p1a: nite nite
|-damage|p1a: nite nite|21/100
|-unboost|p2a: Gholdengo|spa|1
|
|upkeep
|turn|12
|
|t:|1743791144
|move|p1a: nite nite|Earthquake|p2a: Gholdengo
|-supereffective|p2a: Gholdengo
|-damage|p2a: Gholdengo|0 fnt
|faint|p2a: Gholdengo
|
|upkeep
|
|t:|1743791149
|switch|p2a: Dragonite|Dragonite, F|100/100
|turn|13
|
|t:|1743791153
|move|p2a: Dragonite|Ice Spinner|p1a: nite nite
|-damage|p1a: nite nite|0 fnt
|faint|p1a: nite nite
|
|upkeep
|
|t:|1743791158
|switch|p1a: mien fuher|Mienshao, F|100/100
|-damage|p1a: mien fuher|95/100|[from] Stealth Rock
|turn|14
|
|t:|1743791164
|move|p1a: mien fuher|Ice Spinner|p2a: Dragonite
|-supereffective|p2a: Dragonite
|-damage|p2a: Dragonite|21/100
|move|p2a: Dragonite|Dragon Dance|p2a: Dragonite
|-boost|p2a: Dragonite|atk|1
|-boost|p2a: Dragonite|spe|1
|
|upkeep
|turn|15
|
|t:|1743791171
|switch|p1a: zappy|Zapdos|100/100
|move|p2a: Dragonite|Earthquake|p1a: zappy
|-immune|p1a: zappy
|
|upkeep
|turn|16
|
|t:|1743791177
|move|p2a: Dragonite|Ice Spinner|p1a: zappy
|-supereffective|p1a: zappy
|-damage|p1a: zappy|17/100
|move|p1a: zappy|Hurricane|p2a: Dragonite
|-damage|p2a: Dragonite|0 fnt
|faint|p2a: Dragonite
|
|upkeep
|
|t:|1743791187
|switch|p2a: Ogerpon|Ogerpon-Wellspring, F|70/100
|turn|17
|
|t:|1743791192
|move|p2a: Ogerpon|Ivy Cudgel|p1a: zappy|[anim] Ivy Cudgel Water
|-damage|p1a: zappy|0 fnt
|faint|p1a: zappy
|
|upkeep
|
|t:|1743791197
|switch|p1a: mien fuher|Mienshao, F|100/100
|-damage|p1a: mien fuher|95/100|[from] Stealth Rock
|turn|18
|
|t:|1743791204
|move|p2a: Ogerpon|Ivy Cudgel|p1a: mien fuher|[anim] Ivy Cudgel Water
|-damage|p1a: mien fuher|0 fnt
|faint|p1a: mien fuher
|
|upkeep
|
|t:|1743791207
|switch|p1a: Keldi|Keldeo-Resolute|100/100
|turn|19
|
|t:|1743791211
|move|p2a: Ogerpon|Horn Leech|p1a: Keldi
|-supereffective|p1a: Keldi
|-damage|p1a: Keldi|0 fnt
|-heal|p2a: Ogerpon|100/100|[from] drain|[of] p1a: Keldi
|faint|p1a: Keldi
|
|win|torito25
|raw|healmostbangedme's rating: 1397 &rarr; <strong>1376</strong><br />(-21 for losing)
|raw|torito25's rating: 1383 &rarr; <strong>1404</strong><br />(+21 for winning)
|l|☆healmostbangedme
|player|p1|
|l|☆torito25
|player|p2|
