|j|☆sumerand
|j|☆Drama_Kun
|t:|1743880851
|gametype|singles
|player|p1|sumerand|ghetsis|1168
|player|p2|Drama_Kun|cynthia|1218
|teamsize|p1|6
|teamsize|p2|6
|gen|9
|tier|[Gen 9] OU
|rated|
|rule|HP Percentage Mod: HP is shown in percentages
|rule|Endless Battle Clause: Forcing endless battles is banned
|rule|Species Clause: Limit one of each Pokémon
|rule|OHKO Clause: OHKO moves are banned
|rule|Evasion Items Clause: Evasion items are banned
|rule|Evasion Moves Clause: Evasion moves are banned
|rule|Sleep Moves Clause: Sleep-inducing moves are banned
|clearpoke
|poke|p1|Inteleon, M|
|poke|p1|Dragapult, F|
|poke|p1|Cinderace, M|
|poke|p1|Corviknight, M|
|poke|p1|Alomomola, M|
|poke|p1|Ting-Lu|
|poke|p2|Charizard, F|
|poke|p2|Galvantula, F|
|poke|p2|Crawdaunt, F|
|poke|p2|Pecharunt|
|poke|p2|Hatterene, F|
|poke|p2|Iron Treads|
|teampreview
|
|t:|1743880858
|start
|switch|p1a: Dragapult|Dragapult, F|100/100
|switch|p2a: Galvantula|Galvantula, F, shiny|100/100
|turn|1
|
|t:|1743880864
|move|p1a: Dragapult|Dragon Darts|p2a: Galvantula
|-damage|p2a: Galvantula|32/100
|-anim|p1a: Dragapult|Dragon Darts|p2a: Galvantula
|-damage|p2a: Galvantula|0 fnt
|faint|p2a: Galvantula
|
|upkeep
|
|t:|1743880872
|switch|p2a: Hatterene|Hatterene, F, shiny|100/100
|turn|2
|
|t:|1743880875
|switch|p1a: Ting-Lu|Ting-Lu|100/100
|-ability|p1a: Ting-Lu|Vessel of Ruin
|move|p2a: Hatterene|Draining Kiss|p1a: Ting-Lu
|-supereffective|p1a: Ting-Lu
|-damage|p1a: Ting-Lu|81/100
|
|-heal|p1a: Ting-Lu|88/100|[from] item: Leftovers
|upkeep
|turn|3
|
|t:|1743880888
|switch|p2a: Charizard|Charizard, F, shiny|100/100
|move|p1a: Ting-Lu|Ruination|p2a: Charizard
|-damage|p2a: Charizard|50/100
|-enditem|p2a: Charizard|Sitrus Berry|[eat]
|-heal|p2a: Charizard|75/100|[from] item: Sitrus Berry
|
|-heal|p1a: Ting-Lu|94/100|[from] item: Leftovers
|upkeep
|turn|4
|
|t:|1743880898
|move|p2a: Charizard|Acrobatics|p1a: Ting-Lu
|-damage|p1a: Ting-Lu|73/100
|move|p1a: Ting-Lu|Whirlwind|p2a: Charizard
|drag|p2a: Iron Treads|Iron Treads|100/100
|
|-heal|p1a: Ting-Lu|80/100|[from] item: Leftovers
|upkeep
|turn|5
|
|t:|1743880907
|move|p2a: Iron Treads|Ice Spinner|p1a: Ting-Lu
|-supereffective|p1a: Ting-Lu
|-damage|p1a: Ting-Lu|52/100
|move|p1a: Ting-Lu|Earthquake|p2a: Iron Treads
|-supereffective|p2a: Iron Treads
|-damage|p2a: Iron Treads|38/100
|
|-heal|p1a: Ting-Lu|59/100|[from] item: Leftovers
|upkeep
|turn|6
|
|t:|1743880916
|-end|p2a: Iron Treads|Quark Drive|[silent]
|switch|p2a: Charizard|Charizard, F, shiny|75/100
|switch|p1a: Alomomola|Alomomola, M|100/100
|
|upkeep
|turn|7
|
|t:|1743880922
|move|p2a: Charizard|Substitute|p2a: Charizard
|-start|p2a: Charizard|Substitute
|-damage|p2a: Charizard|50/100
|move|p1a: Alomomola|Wish|p1a: Alomomola
|
|upkeep
|turn|8
|
|t:|1743880929
|move|p2a: Charizard|Flame Charge|p1a: Alomomola
|-resisted|p1a: Alomomola
|-damage|p1a: Alomomola|95/100
|-boost|p2a: Charizard|spe|1
|move|p1a: Alomomola|Flip Turn|p2a: Charizard
|-supereffective|p2a: Charizard
|-end|p2a: Charizard|Substitute
|
|t:|1743880937
|switch|p1a: Ting-Lu|Ting-Lu|59/100|[from] Flip Turn
|-ability|p1a: Ting-Lu|Vessel of Ruin
|
|-heal|p1a: Ting-Lu|100/100|[from] move: Wish|[wisher] Alomomola
|upkeep
|turn|9
|
|t:|1743880948
|move|p2a: Charizard|Acrobatics|p1a: Ting-Lu
|-damage|p1a: Ting-Lu|80/100
|move|p1a: Ting-Lu|Stealth Rock|p2a: Charizard
|-sidestart|p2: Drama_Kun|move: Stealth Rock
|
|-heal|p1a: Ting-Lu|86/100|[from] item: Leftovers
|upkeep
|turn|10
|
|t:|1743880958
|move|p2a: Charizard|Belly Drum||[still]
|-fail|p2a: Charizard
|move|p1a: Ting-Lu|Whirlwind|p2a: Charizard
|drag|p2a: Pecharunt|Pecharunt|100/100
|-damage|p2a: Pecharunt|88/100|[from] Stealth Rock
|-item|p2a: Pecharunt|Air Balloon
|
|-heal|p1a: Ting-Lu|92/100|[from] item: Leftovers
|upkeep
|turn|11
|c|☆sumerand|There
|c|☆sumerand|He never comes in again now
|
|t:|1743880971
|move|p2a: Pecharunt|Parting Shot|p1a: Ting-Lu
|-unboost|p1a: Ting-Lu|atk|1
|-unboost|p1a: Ting-Lu|spa|1
|
|t:|1743880975
|switch|p2a: Crawdaunt|Crawdaunt, F|100/100|[from] Parting Shot
|-damage|p2a: Crawdaunt|88/100|[from] Stealth Rock
|move|p1a: Ting-Lu|Ruination|p2a: Crawdaunt
|-damage|p2a: Crawdaunt|44/100
|
|-heal|p1a: Ting-Lu|99/100|[from] item: Leftovers
|upkeep
|turn|12
|
|t:|1743880986
|switch|p1a: Alomomola|Alomomola, M|100/100
|move|p2a: Crawdaunt|Knock Off|p1a: Alomomola
|-crit|p1a: Alomomola
|-damage|p1a: Alomomola|51/100
|-enditem|p1a: Alomomola|Heavy-Duty Boots|[from] move: Knock Off|[of] p2a: Crawdaunt
|
|upkeep
|turn|13
|
|t:|1743880994
|move|p2a: Crawdaunt|Dragon Dance|p2a: Crawdaunt
|-boost|p2a: Crawdaunt|atk|1
|-boost|p2a: Crawdaunt|spe|1
|move|p1a: Alomomola|Flip Turn|p2a: Crawdaunt
|-resisted|p2a: Crawdaunt
|-damage|p2a: Crawdaunt|33/100
|
|t:|1743881000
|switch|p1a: Inteleon|Inteleon, M|100/100|[from] Flip Turn
|
|upkeep
|turn|14
|
|t:|1743881005
|move|p1a: Inteleon|Vacuum Wave|p2a: Crawdaunt
|-supereffective|p2a: Crawdaunt
|-damage|p2a: Crawdaunt|0 fnt
|faint|p2a: Crawdaunt
|
|upkeep
|
|t:|1743881016
|switch|p2a: Pecharunt|Pecharunt|88/100
|-damage|p2a: Pecharunt|76/100|[from] Stealth Rock
|-item|p2a: Pecharunt|Air Balloon
|turn|15
|
|t:|1743881025
|switch|p1a: Ting-Lu|Ting-Lu|99/100
|-ability|p1a: Ting-Lu|Vessel of Ruin
|move|p2a: Pecharunt|Hex|p1a: Ting-Lu
|-resisted|p1a: Ting-Lu
|-damage|p1a: Ting-Lu|93/100
|
|-heal|p1a: Ting-Lu|99/100|[from] item: Leftovers
|upkeep
|turn|16
|c|☆sumerand|Gg
|
|t:|1743881035
|-terastallize|p2a: Pecharunt|Fighting
|move|p2a: Pecharunt|Tera Blast|p1a: Ting-Lu|[anim] Tera Blast Fighting
|-supereffective|p1a: Ting-Lu
|-damage|p1a: Ting-Lu|72/100
|move|p1a: Ting-Lu|Ruination|p2a: Pecharunt
|-damage|p2a: Pecharunt|38/100
|-enditem|p2a: Pecharunt|Air Balloon
|
|-heal|p1a: Ting-Lu|78/100|[from] item: Leftovers
|upkeep
|turn|17
|
|t:|1743881047
|move|p2a: Pecharunt|Tera Blast|p1a: Ting-Lu|[anim] Tera Blast Fighting
|-supereffective|p1a: Ting-Lu
|-damage|p1a: Ting-Lu|48/100
|move|p1a: Ting-Lu|Whirlwind|p2a: Pecharunt
|drag|p2a: Charizard|Charizard, F, shiny|50/100
|-damage|p2a: Charizard|0 fnt|[from] Stealth Rock
|faint|p2a: Charizard
|
|-heal|p1a: Ting-Lu|54/100|[from] item: Leftovers
|upkeep
|
|t:|1743881056
|switch|p2a: Iron Treads|Iron Treads|38/100
|-damage|p2a: Iron Treads|35/100|[from] Stealth Rock
|turn|18
|
|t:|1743881062
|-terastallize|p1a: Ting-Lu|Ghost
|move|p2a: Iron Treads|Earthquake|p1a: Ting-Lu
|-damage|p1a: Ting-Lu|29/100
|move|p1a: Ting-Lu|Earthquake|p2a: Iron Treads
|-supereffective|p2a: Iron Treads
|-damage|p2a: Iron Treads|0 fnt
|faint|p2a: Iron Treads
|-end|p2a: Iron Treads|Quark Drive|[silent]
|
|-heal|p1a: Ting-Lu|35/100|[from] item: Leftovers
|upkeep
|
|t:|1743881072
|switch|p2a: Pecharunt|Pecharunt, tera:Fighting|38/100
|-damage|p2a: Pecharunt|32/100|[from] Stealth Rock
|turn|19
|
|t:|1743881077
|move|p2a: Pecharunt|Hex|p1a: Ting-Lu
|-supereffective|p1a: Ting-Lu
|-crit|p1a: Ting-Lu
|-damage|p1a: Ting-Lu|0 fnt
|faint|p1a: Ting-Lu
|
|upkeep
|
|t:|1743881083
|switch|p1a: Inteleon|Inteleon, M|100/100
|turn|20
|
|t:|1743881088
|move|p1a: Inteleon|Surf|p2a: Pecharunt
|-damage|p2a: Pecharunt|0 fnt
|faint|p2a: Pecharunt
|
|upkeep
|
|t:|1743881091
|switch|p2a: Hatterene|Hatterene, F, shiny|100/100
|-damage|p2a: Hatterene|88/100|[from] Stealth Rock
|turn|21
|
|t:|1743881095
|move|p1a: Inteleon|Surf|p2a: Hatterene
|-damage|p2a: Hatterene|19/100
|move|p2a: Hatterene|Nuzzle|p1a: Inteleon
|-supereffective|p1a: Inteleon
|-damage|p1a: Inteleon|85/100
|-status|p1a: Inteleon|par
|
|-heal|p2a: Hatterene|25/100|[from] item: Leftovers
|upkeep
|turn|22
|c|☆sumerand|Gg
|
|t:|1743881107
|cant|p1a: Inteleon|par
|move|p2a: Hatterene|Draining Kiss|p1a: Inteleon
|-damage|p1a: Inteleon|45/100 par
|-heal|p2a: Hatterene|51/100|[from] drain|[of] p1a: Inteleon
|
|-heal|p2a: Hatterene|57/100|[from] item: Leftovers
|upkeep
|turn|23
|
|t:|1743881115
|cant|p1a: Inteleon|par
|move|p2a: Hatterene|Draining Kiss|p1a: Inteleon
|-damage|p1a: Inteleon|5/100 par
|-heal|p2a: Hatterene|84/100|[from] drain|[of] p1a: Inteleon
|
|-heal|p2a: Hatterene|90/100|[from] item: Leftovers
|upkeep
|turn|24
|
|t:|1743881127
|cant|p1a: Inteleon|par
|move|p2a: Hatterene|Psyshock|p1a: Inteleon
|-damage|p1a: Inteleon|0 fnt
|faint|p1a: Inteleon
|
|-heal|p2a: Hatterene|96/100|[from] item: Leftovers
|upkeep
|
|t:|1743881137
|switch|p1a: Cinderace|Cinderace, M|100/100
|turn|25
|
|t:|1743881141
|move|p1a: Cinderace|Pyro Ball|p2a: Hatterene
|-damage|p2a: Hatterene|50/100
|move|p2a: Hatterene|Nuzzle|p1a: Cinderace
|-damage|p1a: Cinderace|95/100
|-status|p1a: Cinderace|par
|
|-heal|p2a: Hatterene|56/100|[from] item: Leftovers
|upkeep
|turn|26
|
|t:|1743881150
|move|p1a: Cinderace|Pyro Ball|p2a: Hatterene
|-damage|p2a: Hatterene|6/100
|move|p2a: Hatterene|Draining Kiss|p1a: Cinderace
|-resisted|p1a: Cinderace
|-damage|p1a: Cinderace|80/100 par
|-heal|p2a: Hatterene|17/100|[from] drain|[of] p1a: Cinderace
|
|-heal|p2a: Hatterene|24/100|[from] item: Leftovers
|upkeep
|turn|27
|
|t:|1743881159
|move|p1a: Cinderace|Pyro Ball|p2a: Hatterene
|-damage|p2a: Hatterene|0 fnt
|faint|p2a: Hatterene
|
|win|sumerand
|raw|sumerand's rating: 1168 &rarr; <strong>1197</strong><br />(+29 for winning)
|raw|Drama_Kun's rating: 1218 &rarr; <strong>1189</strong><br />(-29 for losing)
|l|☆Drama_Kun
|player|p2|
