|j|☆Kaleor
|j|☆goober ghold
|t:|1743800116
|gametype|singles
|player|p1|Kaleor|swimmer-gen4dp|1445
|player|p2|goober ghold|proton|1374
|teamsize|p1|6
|teamsize|p2|6
|gen|9
|tier|[Gen 9] OU
|rated|
|rule|HP Percentage Mod: HP is shown in percentages
|rule|Endless Battle Clause: Forcing endless battles is banned
|rule|Species Clause: Limit one of each Pokémon
|rule|OHKO Clause: OHKO moves are banned
|rule|Evasion Items Clause: Evasion items are banned
|rule|Evasion Moves Clause: Evasion moves are banned
|rule|Sleep Moves Clause: Sleep-inducing moves are banned
|clearpoke
|poke|p1|Samurott-Hisui, F|
|poke|p1|Great Tusk|
|poke|p1|Hoopa-Unbound|
|poke|p1|Kyurem|
|poke|p1|Scizor, F|
|poke|p1|Zapdos|
|poke|p2|Indeedee, M|
|poke|p2|Ursaluna, F|
|poke|p2|Azumarill, M|
|poke|p2|Mimikyu, M|
|poke|p2|Hoopa-Unbound|
|poke|p2|Hatterene, F|
|teampreview
|inactive|Battle timer is ON: inactive players will automatically lose when time's up. (requested by Kaleor)
|
|t:|1743800133
|start
|switch|p1a: Scizor|Scizor, F|100/100
|switch|p2a: Cocaine Bear|Ursaluna, F|100/100
|turn|1
|
|t:|1743800146
|move|p1a: Scizor|U-turn|p2a: Cocaine Bear
|-damage|p2a: Cocaine Bear|59/100
|
|t:|1743800150
|switch|p1a: Zapdos|Zapdos|100/100|[from] U-turn
|move|p2a: Cocaine Bear|Ice Punch|p1a: Zapdos
|-supereffective|p1a: Zapdos
|-damage|p1a: Zapdos|54/100
|
|-status|p2a: Cocaine Bear|brn|[from] item: Flame Orb
|upkeep
|turn|2
|c|☆goober ghold|if you pull stupid fucking rng on me
|c|☆goober ghold|i will crash out
|
|t:|1743800165
|switch|p2a: Indiddy|Indeedee, M|100/100
|-fieldstart|move: Psychic Terrain|[from] ability: Psychic Surge|[of] p2a: Indiddy
|move|p1a: Zapdos|Hurricane|p2a: Indiddy
|-damage|p2a: Indiddy|49/100
|
|upkeep
|turn|3
|
|t:|1743800175
|switch|p1a: Samurott|Samurott-Hisui, F|100/100
|switch|p2a: Magic Bounce|Hatterene, F|100/100
|
|upkeep
|turn|4
|
|t:|1743800190
|move|p1a: Samurott|Ceaseless Edge|p2a: Magic Bounce
|-damage|p2a: Magic Bounce|66/100
|-sidestart|p2: goober ghold|Spikes
|move|p2a: Magic Bounce|Trick Room|p2a: Magic Bounce
|-fieldstart|move: Trick Room|[of] p2a: Magic Bounce
|
|-heal|p2a: Magic Bounce|72/100|[from] item: Leftovers
|upkeep
|turn|5
|
|t:|1743800195
|move|p2a: Magic Bounce|Calm Mind|p2a: Magic Bounce
|-boost|p2a: Magic Bounce|spa|1
|-boost|p2a: Magic Bounce|spd|1
|move|p1a: Samurott|Ceaseless Edge|p2a: Magic Bounce
|-damage|p2a: Magic Bounce|40/100
|-sidestart|p2: goober ghold|Spikes
|
|-heal|p2a: Magic Bounce|46/100|[from] item: Leftovers
|upkeep
|turn|6
|
|t:|1743800203
|move|p2a: Magic Bounce|Draining Kiss|p1a: Samurott
|-supereffective|p1a: Samurott
|-damage|p1a: Samurott|5/100
|-heal|p2a: Magic Bounce|100/100|[from] drain|[of] p1a: Samurott
|move|p1a: Samurott|Ceaseless Edge|p2a: Magic Bounce
|-damage|p2a: Magic Bounce|62/100
|-sidestart|p2: goober ghold|Spikes
|
|-heal|p2a: Magic Bounce|68/100|[from] item: Leftovers
|upkeep
|turn|7
|
|t:|1743800208
|move|p1a: Samurott|Aqua Jet|p2a: Magic Bounce
|-activate|p2a: Magic Bounce|move: Psychic Terrain
|move|p2a: Magic Bounce|Calm Mind|p2a: Magic Bounce
|-boost|p2a: Magic Bounce|spa|1
|-boost|p2a: Magic Bounce|spd|1
|
|-heal|p2a: Magic Bounce|74/100|[from] item: Leftovers
|upkeep
|turn|8
|
|t:|1743800218
|move|p1a: Samurott|Aqua Jet|p2a: Magic Bounce
|-activate|p2a: Magic Bounce|move: Psychic Terrain
|move|p2a: Magic Bounce|Draining Kiss|p1a: Samurott
|-supereffective|p1a: Samurott
|-damage|p1a: Samurott|0 fnt
|-heal|p2a: Magic Bounce|78/100|[from] drain|[of] p1a: Samurott
|faint|p1a: Samurott
|
|-heal|p2a: Magic Bounce|84/100|[from] item: Leftovers
|-fieldend|move: Trick Room
|upkeep
|
|t:|1743800231
|switch|p1a: Scizor|Scizor, F|100/100
|turn|9
|
|t:|1743800236
|switch|p1a: Hoopa|Hoopa-Unbound|100/100
|move|p2a: Magic Bounce|Mystical Fire|p1a: Hoopa
|-damage|p1a: Hoopa|79/100
|-unboost|p1a: Hoopa|spa|1
|
|-heal|p2a: Magic Bounce|89/100|[from] item: Leftovers
|-fieldend|move: Psychic Terrain
|upkeep
|turn|10
|
|t:|1743800244
|move|p1a: Hoopa|Psychic Noise|p2a: Magic Bounce
|-resisted|p2a: Magic Bounce
|-damage|p2a: Magic Bounce|81/100
|-start|p2a: Magic Bounce|move: Heal Block
|move|p2a: Magic Bounce|Trick Room|p2a: Magic Bounce
|-fieldstart|move: Trick Room|[of] p2a: Magic Bounce
|
|upkeep
|turn|11
|
|t:|1743800249
|move|p2a: Magic Bounce|Calm Mind|p2a: Magic Bounce
|-boost|p2a: Magic Bounce|spa|1
|-boost|p2a: Magic Bounce|spd|1
|move|p1a: Hoopa|Knock Off|p2a: Magic Bounce
|-damage|p2a: Magic Bounce|37/100
|-enditem|p2a: Magic Bounce|Leftovers|[from] move: Knock Off|[of] p1a: Hoopa
|
|-end|p2a: Magic Bounce|move: Heal Block
|upkeep
|turn|12
|
|t:|1743800258
|switch|p1a: Scizor|Scizor, F|100/100
|move|p2a: Magic Bounce|Draining Kiss|p1a: Scizor
|-resisted|p1a: Scizor
|-damage|p1a: Scizor|65/100
|-heal|p2a: Magic Bounce|63/100|[from] drain|[of] p1a: Scizor
|
|upkeep
|turn|13
|
|t:|1743800263
|-terastallize|p2a: Magic Bounce|Water
|move|p1a: Scizor|Bullet Punch|p2a: Magic Bounce
|-resisted|p2a: Magic Bounce
|-damage|p2a: Magic Bounce|43/100
|move|p2a: Magic Bounce|Mystical Fire|p1a: Scizor
|-supereffective|p1a: Scizor
|-damage|p1a: Scizor|0 fnt
|faint|p1a: Scizor
|
|upkeep
|
|t:|1743800269
|switch|p1a: Hoopa|Hoopa-Unbound|79/100
|turn|14
|
|t:|1743800290
|-terastallize|p1a: Hoopa|Fairy
|move|p2a: Magic Bounce|Draining Kiss|p1a: Hoopa
|-damage|p1a: Hoopa|49/100
|-heal|p2a: Magic Bounce|68/100|[from] drain|[of] p1a: Hoopa
|move|p1a: Hoopa|Thunderbolt|p2a: Magic Bounce
|-supereffective|p2a: Magic Bounce
|-damage|p2a: Magic Bounce|34/100
|
|-fieldend|move: Trick Room
|upkeep
|turn|15
|
|t:|1743800302
|move|p1a: Hoopa|Thunderbolt|p2a: Magic Bounce
|-supereffective|p2a: Magic Bounce
|-damage|p2a: Magic Bounce|4/100
|move|p2a: Magic Bounce|Trick Room|p2a: Magic Bounce
|-fieldstart|move: Trick Room|[of] p2a: Magic Bounce
|
|upkeep
|turn|16
|
|t:|1743800310
|move|p2a: Magic Bounce|Mystical Fire|p1a: Hoopa
|-damage|p1a: Hoopa|19/100
|-unboost|p1a: Hoopa|spa|1
|move|p1a: Hoopa|Thunderbolt|p2a: Magic Bounce
|-supereffective|p2a: Magic Bounce
|-damage|p2a: Magic Bounce|0 fnt
|faint|p2a: Magic Bounce
|
|upkeep
|
|t:|1743800317
|switch|p2a: Cocaine Bear|Ursaluna, F|59/100 brn
|-damage|p2a: Cocaine Bear|34/100 brn|[from] Spikes
|turn|17
|
|t:|1743800325
|switch|p1a: Great Tusk|Great Tusk|100/100
|move|p2a: Cocaine Bear|Ice Punch|p1a: Great Tusk
|-supereffective|p1a: Great Tusk
|-damage|p1a: Great Tusk|35/100
|
|-damage|p2a: Cocaine Bear|28/100 brn|[from] brn
|upkeep
|turn|18
|
|t:|1743800331
|-end|p1a: Great Tusk|Protosynthesis|[silent]
|switch|p1a: Zapdos|Zapdos|54/100
|move|p2a: Cocaine Bear|Facade|p1a: Zapdos
|-damage|p1a: Zapdos|0 fnt
|faint|p1a: Zapdos
|
|-damage|p2a: Cocaine Bear|22/100 brn|[from] brn
|upkeep
|
|t:|1743800340
|switch|p1a: Great Tusk|Great Tusk|35/100
|turn|19
|
|t:|1743800343
|-end|p1a: Great Tusk|Protosynthesis|[silent]
|switch|p1a: Hoopa|Hoopa-Unbound, tera:Fairy|19/100
|move|p2a: Cocaine Bear|Facade|p1a: Hoopa
|-damage|p1a: Hoopa|0 fnt
|faint|p1a: Hoopa
|
|-damage|p2a: Cocaine Bear|16/100 brn|[from] brn
|-fieldend|move: Trick Room
|upkeep
|
|t:|1743800350
|switch|p1a: Kyurem|Kyurem|100/100
|-ability|p1a: Kyurem|Pressure
|turn|20
|
|t:|1743800354
|switch|p2a: Indiddy|Indeedee, M|49/100
|-damage|p2a: Indiddy|24/100|[from] Spikes
|-fieldstart|move: Psychic Terrain|[from] ability: Psychic Surge|[of] p2a: Indiddy
|move|p1a: Kyurem|Freeze-Dry|p2a: Indiddy
|-damage|p2a: Indiddy|0 fnt
|faint|p2a: Indiddy
|
|upkeep
|
|t:|1743800360
|switch|p2a: Game's gone soft|Mimikyu, M|100/100
|-damage|p2a: Game's gone soft|76/100|[from] Spikes
|turn|21
|c|☆goober ghold|hehe
|c|☆goober ghold|no rng on this
|c|☆goober ghold|unless you freeze
|c|☆goober ghold|i will crash out
|
|t:|1743800386
|move|p1a: Kyurem|Ice Beam|p2a: Game's gone soft
|-activate|p2a: Game's gone soft|ability: Disguise
|-damage|p2a: Game's gone soft|76/100
|detailschange|p2a: Game's gone soft|Mimikyu-Busted, M
|-damage|p2a: Game's gone soft|63/100|[from] pokemon: Mimikyu-Busted
|-enditem|p2a: Game's gone soft|Red Card|[of] p1a: Kyurem
|drag|p1a: Great Tusk|Great Tusk|35/100
|move|p2a: Game's gone soft|Trick Room|p2a: Game's gone soft
|-fieldstart|move: Trick Room|[of] p2a: Game's gone soft
|
|upkeep
|turn|22
|
|t:|1743800395
|move|p2a: Game's gone soft|Play Rough|p1a: Great Tusk
|-supereffective|p1a: Great Tusk
|-damage|p1a: Great Tusk|0 fnt
|faint|p1a: Great Tusk
|-end|p1a: Great Tusk|Protosynthesis|[silent]
|
|upkeep
|c|☆goober ghold|gg
|
|t:|1743800398
|switch|p1a: Kyurem|Kyurem|100/100
|-ability|p1a: Kyurem|Pressure
|turn|23
|
|t:|1743800402
|move|p2a: Game's gone soft|Play Rough|p1a: Kyurem
|-supereffective|p1a: Kyurem
|-damage|p1a: Kyurem|19/100
|move|p1a: Kyurem|Ice Beam|p2a: Game's gone soft
|-damage|p2a: Game's gone soft|12/100
|
|upkeep
|turn|24
|
|t:|1743800405
|move|p2a: Game's gone soft|Play Rough|p1a: Kyurem
|-supereffective|p1a: Kyurem
|-damage|p1a: Kyurem|0 fnt
|faint|p1a: Kyurem
|
|win|goober ghold
