|j|☆Tacoloney3
|j|☆sevenighter
|t:|1743826518
|gametype|singles
|player|p1|Tacoloney3|n|1162
|player|p2|sevenighter|dawn-gen4pt|1133
|teamsize|p1|6
|teamsize|p2|6
|gen|9
|tier|[Gen 9] OU
|rated|
|rule|HP Percentage Mod: HP is shown in percentages
|rule|Endless Battle Clause: Forcing endless battles is banned
|rule|Species Clause: Limit one of each Pokémon
|rule|OHKO Clause: OHKO moves are banned
|rule|Evasion Items Clause: Evasion items are banned
|rule|Evasion Moves Clause: Evasion moves are banned
|rule|Sleep Moves Clause: Sleep-inducing moves are banned
|clearpoke
|poke|p1|Tyranitar, F|
|poke|p1|Lycanroc-Dusk, M|
|poke|p1|Excadrill, M|
|poke|p1|Corviknight, M|
|poke|p1|Rotom-Heat|
|poke|p1|Clodsire, M|
|poke|p2|Cinderace, F|
|poke|p2|Glimmora, M|
|poke|p2|Iron Valiant|
|poke|p2|Samurott-Hisui, M|
|poke|p2|Scizor, M|
|poke|p2|Meowscarada, F|
|teampreview
|inactive|Battle timer is ON: inactive players will automatically lose when time's up. (requested by sevenighter)
|
|t:|1743826526
|start
|switch|p1a: Clodsire|Clodsire, M|100/100
|switch|p2a: Meowscarada|Meowscarada, F, shiny|100/100
|turn|1
|
|t:|1743826534
|move|p2a: Meowscarada|Triple Axel|p1a: Clodsire
|-start|p2a: Meowscarada|typechange|Ice|[from] ability: Protean
|-supereffective|p1a: Clodsire
|-damage|p1a: Clodsire|78/100
|-supereffective|p1a: Clodsire
|-damage|p1a: Clodsire|34/100
|-supereffective|p1a: Clodsire
|-damage|p1a: Clodsire|0 fnt
|faint|p1a: Clodsire
|-hitcount|p1: Clodsire|3
|
|upkeep
|inactive|Tacoloney3 has 120 seconds left.
|
|t:|1743826566
|switch|p1a: Corviknight|Corviknight, M|100/100
|turn|2
|
|t:|1743826577
|switch|p2a: Cinderace|Cinderace, F|100/100
|move|p1a: Corviknight|Tailwind|p1a: Corviknight
|-sidestart|p1: Tacoloney3|move: Tailwind
|
|upkeep
|turn|3
|inactive|Tacoloney3 has 120 seconds left.
|
|t:|1743826600
|move|p2a: Cinderace|Pyro Ball|p1a: Corviknight
|-supereffective|p1a: Corviknight
|-crit|p1a: Corviknight
|-damage|p1a: Corviknight|0 fnt
|faint|p1a: Corviknight
|
|upkeep
|inactive|Tacoloney3 has 120 seconds left.
|
|t:|1743826626
|switch|p1a: Rotom|Rotom-Heat|100/100
|turn|4
|
|t:|1743826635
|switch|p2a: 92 Explorer|Glimmora, M, shiny|100/100
|move|p1a: Rotom|Thunderbolt|p2a: 92 Explorer
|-damage|p2a: 92 Explorer|68/100
|
|upkeep
|turn|5
|
|t:|1743826643
|switch|p1a: Tyranitar|Tyranitar, F|100/100
|-weather|Sandstorm|[from] ability: Sand Stream|[of] p1a: Tyranitar
|move|p2a: 92 Explorer|Power Gem|p1a: Tyranitar
|-damage|p1a: Tyranitar|79/100
|
|-weather|Sandstorm|[upkeep]
|-sideend|p1: Tacoloney3|move: Tailwind
|upkeep
|turn|6
|inactive|Tacoloney3 has 120 seconds left.
|
|t:|1743826650
|move|p2a: 92 Explorer|Earth Power|p1a: Tyranitar
|-supereffective|p1a: Tyranitar
|-damage|p1a: Tyranitar|47/100
|move|p1a: Tyranitar|Earthquake|p2a: 92 Explorer
|-supereffective|p2a: 92 Explorer
|-damage|p2a: 92 Explorer|0 fnt
|-activate|p2a: 92 Explorer|ability: Toxic Debris
|-sidestart|p1: Tacoloney3|move: Toxic Spikes
|faint|p2a: 92 Explorer
|
|-weather|Sandstorm|[upkeep]
|upkeep
|
|t:|1743826660
|switch|p2a: Scizor|Scizor, M|100/100
|turn|7
|
|t:|1743826670
|move|p2a: Scizor|Bug Bite|p1a: Tyranitar
|-supereffective|p1a: Tyranitar
|-damage|p1a: Tyranitar|0 fnt
|faint|p1a: Tyranitar
|
|-weather|Sandstorm|[upkeep]
|upkeep
|inactive|Tacoloney3 has 120 seconds left.
|
|t:|1743826686
|switch|p1a: Excadrill|Excadrill, M|100/100
|turn|8
|
|t:|1743826690
|switch|p2a: Meowscarada|Meowscarada, F, shiny|100/100
|-terastallize|p1a: Excadrill|Fire
|move|p1a: Excadrill|Rapid Spin|p2a: Meowscarada
|-damage|p2a: Meowscarada|60/100
|-boost|p1a: Excadrill|spe|1
|-sideend|p1: Tacoloney3|Toxic Spikes|[from] move: Rapid Spin|[of] p1a: Excadrill
|-damage|p1a: Excadrill|91/100|[from] item: Life Orb
|
|-weather|Sandstorm|[upkeep]
|-damage|p2a: Meowscarada|53/100|[from] Sandstorm
|upkeep
|turn|9
|
|t:|1743826702
|move|p1a: Excadrill|Tera Blast|p2a: Meowscarada|[anim] Tera Blast Fire
|-supereffective|p2a: Meowscarada
|-damage|p2a: Meowscarada|0 fnt
|faint|p2a: Meowscarada
|-damage|p1a: Excadrill|81/100|[from] item: Life Orb
|
|-weather|Sandstorm|[upkeep]
|upkeep
|
|t:|1743826709
|switch|p2a: Jack Sparrow|Samurott-Hisui, M, shiny|100/100
|turn|10
|
|t:|1743826719
|move|p1a: Excadrill|Earthquake|p2a: Jack Sparrow
|-damage|p2a: Jack Sparrow|9/100
|-damage|p1a: Excadrill|71/100|[from] item: Life Orb
|move|p2a: Jack Sparrow|Aqua Cutter|p1a: Excadrill
|-supereffective|p1a: Excadrill
|-damage|p1a: Excadrill|0 fnt
|faint|p1a: Excadrill
|
|-weather|Sandstorm|[upkeep]
|-damage|p2a: Jack Sparrow|3/100|[from] Sandstorm
|upkeep
|
|t:|1743826735
|switch|p1a: Rotom|Rotom-Heat|100/100
|turn|11
|
|t:|1743826744
|move|p2a: Jack Sparrow|Aqua Cutter|p1a: Rotom
|-supereffective|p1a: Rotom
|-damage|p1a: Rotom|0 fnt
|faint|p1a: Rotom
|
|-weather|Sandstorm|[upkeep]
|-damage|p2a: Jack Sparrow|0 fnt|[from] Sandstorm
|faint|p2a: Jack Sparrow
|upkeep
|
|t:|1743826754
|switch|p2a: Scizor|Scizor, M|100/100
|switch|p1a: Lycanroc|Lycanroc-Dusk, M|100/100
|turn|12
|
|t:|1743826764
|move|p2a: Scizor|Bullet Punch|p1a: Lycanroc
|-supereffective|p1a: Lycanroc
|-enditem|p1a: Lycanroc|Focus Sash
|-damage|p1a: Lycanroc|1/100
|move|p1a: Lycanroc|Close Combat|p2a: Scizor
|-damage|p2a: Scizor|51/100
|-unboost|p1a: Lycanroc|def|1
|-unboost|p1a: Lycanroc|spd|1
|
|-weather|none
|-heal|p2a: Scizor|57/100|[from] item: Leftovers
|upkeep
|turn|13
|
|t:|1743826774
|move|p1a: Lycanroc|Accelerock|p2a: Scizor
|-damage|p2a: Scizor|33/100
|move|p2a: Scizor|Bullet Punch|p1a: Lycanroc
|-supereffective|p1a: Lycanroc
|-damage|p1a: Lycanroc|0 fnt
|faint|p1a: Lycanroc
|
|win|sevenighter
|raw|Tacoloney3's rating: 1162 &rarr; <strong>1135</strong><br />(-27 for losing)
|raw|sevenighter's rating: 1133 &rarr; <strong>1160</strong><br />(+27 for winning)
|l|☆sevenighter
|player|p2|
|l|☆Tacoloney3
|player|p1|
