|j|☆BananaOnToast
|j|☆Yashish677
|t:|1743890984
|gametype|singles
|player|p1|BananaOnToast|170|1399
|player|p2|Yashish677|psychic-gen4|1323
|teamsize|p1|6
|teamsize|p2|6
|gen|9
|tier|[Gen 9] OU
|rated|
|rule|HP Percentage Mod: HP is shown in percentages
|rule|Endless Battle Clause: Forcing endless battles is banned
|rule|Species Clause: Limit one of each Pokémon
|rule|OHKO Clause: OHKO moves are banned
|rule|Evasion Items Clause: Evasion items are banned
|rule|Evasion Moves Clause: Evasion moves are banned
|rule|Sleep Moves Clause: Sleep-inducing moves are banned
|clearpoke
|poke|p1|Great Tusk|
|poke|p1|Corviknight, M|
|poke|p1|Scream Tail|
|poke|p1|Umbreon, M|
|poke|p1|Hydrapple, M|
|poke|p1|Ceruledge, M|
|poke|p2|Rillaboom, M|
|poke|p2|Slaking, M|
|poke|p2|Zarude|
|poke|p2|Infernape, F|
|poke|p2|Ambipom, M|
|poke|p2|Munkidori, M|
|teampreview
|inactive|Battle timer is ON: inactive players will automatically lose when time's up. (requested by Yashish677)
|inactive|BananaOnToast has 120 seconds left.
|inactive|BananaOnToast has 90 seconds left.
|inactive|BananaOnToast has 60 seconds left.
|
|t:|1743891088
|start
|switch|p1a: Ceruledge|Ceruledge, M|100/100
|switch|p2a: Zarude|Zarude|100/100
|turn|1
|
|t:|1743891109
|switch|p1a: Hydrapple|Hydrapple, M|100/100
|move|p2a: Zarude|Knock Off|p1a: Hydrapple
|-damage|p1a: Hydrapple|56/100
|-enditem|p1a: Hydrapple|Leftovers|[from] move: Knock Off|[of] p2a: Zarude
|
|upkeep
|turn|2
|
|t:|1743891126
|switch|p2a: Munkidori|Munkidori, M|100/100
|move|p1a: Hydrapple|Fickle Beam|p2a: Munkidori
|-damage|p2a: Munkidori|75/100
|
|upkeep
|turn|3
|inactive|BananaOnToast has 120 seconds left.
|inactive|Yashish677 has 120 seconds left.
|inactive|BananaOnToast has 90 seconds left.
|
|t:|1743891167
|switch|p1a: Umbreon|Umbreon, M, shiny|100/100
|move|p2a: Munkidori|Psychic|p1a: Umbreon
|-immune|p1a: Umbreon
|
|upkeep
|turn|4
|inactive|BananaOnToast has 90 seconds left.
|
|t:|1743891177
|switch|p2a: Zarude|Zarude|100/100
|move|p1a: Umbreon|Toxic|p2a: Zarude
|-status|p2a: Zarude|tox
|
|-damage|p2a: Zarude|95/100 tox|[from] psn
|upkeep
|turn|5
|
|t:|1743891181
|switch|p1a: Hydrapple|Hydrapple, M|89/100
|move|p2a: Zarude|U-turn|p1a: Hydrapple
|-supereffective|p1a: Hydrapple
|-damage|p1a: Hydrapple|51/100
|inactive|Yashish677 has 120 seconds left.
|
|t:|1743891194
|switch|p2a: Infernape|Infernape, F|100/100|[from] U-turn
|
|upkeep
|turn|6
|inactive|Yashish677 has 120 seconds left.
|inactive|Yashish677 has 90 seconds left.
|
|t:|1743891242
|switch|p1a: Ceruledge|Ceruledge, M|100/100
|move|p2a: Infernape|Flare Blitz|p1a: Ceruledge
|-start|p1a: Ceruledge|ability: Flash Fire
|
|upkeep
|turn|7
|inactive|Yashish677 has 90 seconds left.
|
|t:|1743891260
|switch|p2a: Zarude|Zarude|95/100 tox
|move|p1a: Ceruledge|Bulk Up|p1a: Ceruledge
|-boost|p1a: Ceruledge|atk|1
|-boost|p1a: Ceruledge|def|1
|
|-damage|p2a: Zarude|89/100 tox|[from] psn
|upkeep
|turn|8
|inactive|BananaOnToast has 90 seconds left.
|inactive|Yashish677 has 60 seconds left.
|
|t:|1743891293
|-terastallize|p1a: Ceruledge|Bug
|move|p2a: Zarude|Stomping Tantrum|p1a: Ceruledge
|-resisted|p1a: Ceruledge
|-damage|p1a: Ceruledge|86/100
|move|p1a: Ceruledge|Bulk Up|p1a: Ceruledge
|-boost|p1a: Ceruledge|atk|1
|-boost|p1a: Ceruledge|def|1
|
|-heal|p1a: Ceruledge|92/100|[from] item: Leftovers
|-damage|p2a: Zarude|77/100 tox|[from] psn
|upkeep
|turn|9
|inactive|Yashish677 has 60 seconds left.
|
|t:|1743891317
|move|p2a: Zarude|Stomping Tantrum|p1a: Ceruledge
|-resisted|p1a: Ceruledge
|-damage|p1a: Ceruledge|82/100
|move|p1a: Ceruledge|Bulk Up|p1a: Ceruledge
|-boost|p1a: Ceruledge|atk|1
|-boost|p1a: Ceruledge|def|1
|
|-heal|p1a: Ceruledge|88/100|[from] item: Leftovers
|-damage|p2a: Zarude|59/100 tox|[from] psn
|upkeep
|turn|10
|
|t:|1743891322
|switch|p2a: Munkidori|Munkidori, M|75/100
|move|p1a: Ceruledge|Bulk Up|p1a: Ceruledge
|-boost|p1a: Ceruledge|atk|1
|-boost|p1a: Ceruledge|def|1
|
|-heal|p1a: Ceruledge|94/100|[from] item: Leftovers
|upkeep
|turn|11
|
|t:|1743891326
|move|p2a: Munkidori|Fake Out|p1a: Ceruledge
|-damage|p1a: Ceruledge|91/100
|cant|p1a: Ceruledge|flinch
|
|-heal|p1a: Ceruledge|98/100|[from] item: Leftovers
|upkeep
|turn|12
|
|t:|1743891330
|move|p2a: Munkidori|Sludge Bomb|p1a: Ceruledge
|-damage|p1a: Ceruledge|63/100
|-status|p1a: Ceruledge|tox|[from] ability: Toxic Chain|[of] p2a: Munkidori
|move|p1a: Ceruledge|Bitter Blade|p2a: Munkidori
|-damage|p2a: Munkidori|0 fnt
|-heal|p1a: Ceruledge|97/100 tox|[from] drain|[of] p2a: Munkidori
|faint|p2a: Munkidori
|
|-heal|p1a: Ceruledge|100/100 tox|[from] item: Leftovers
|-damage|p1a: Ceruledge|94/100 tox|[from] psn
|upkeep
|
|t:|1743891340
|switch|p2a: Ambipom|Ambipom, M|100/100
|turn|13
|
|t:|1743891345
|move|p2a: Ambipom|Fake Out|p1a: Ceruledge
|-damage|p1a: Ceruledge|82/100 tox
|cant|p1a: Ceruledge|flinch
|
|-heal|p1a: Ceruledge|88/100 tox|[from] item: Leftovers
|-damage|p1a: Ceruledge|76/100 tox|[from] psn
|upkeep
|turn|14
|inactive|Yashish677 has 90 seconds left.
|
|t:|1743891351
|switch|p2a: Zarude|Zarude|59/100 tox
|move|p1a: Ceruledge|Bitter Blade|p2a: Zarude
|-supereffective|p2a: Zarude
|-damage|p2a: Zarude|0 fnt
|-heal|p1a: Ceruledge|100/100 tox|[from] drain|[of] p2a: Zarude
|faint|p2a: Zarude
|
|-damage|p1a: Ceruledge|82/100 tox|[from] psn
|upkeep
|inactive|Yashish677 has 90 seconds left.
|
|t:|1743891360
|switch|p2a: Ambipom|Ambipom, M|100/100
|turn|15
|
|t:|1743891362
|move|p2a: Ambipom|Fake Out|p1a: Ceruledge
|-damage|p1a: Ceruledge|70/100 tox
|cant|p1a: Ceruledge|flinch
|
|-heal|p1a: Ceruledge|76/100 tox|[from] item: Leftovers
|-damage|p1a: Ceruledge|51/100 tox|[from] psn
|upkeep
|turn|16
|
|t:|1743891366
|switch|p2a: Infernape|Infernape, F|100/100
|move|p1a: Ceruledge|Bitter Blade|p2a: Infernape
|-resisted|p2a: Infernape
|-damage|p2a: Infernape|0 fnt
|-heal|p1a: Ceruledge|93/100 tox|[from] drain|[of] p2a: Infernape
|faint|p2a: Infernape
|
|-heal|p1a: Ceruledge|99/100 tox|[from] item: Leftovers
|-damage|p1a: Ceruledge|68/100 tox|[from] psn
|upkeep
|
|t:|1743891370
|switch|p2a: Slaking|Slaking, M|100/100
|turn|17
|
|t:|1743891375
|move|p2a: Slaking|Giga Impact|p1a: Ceruledge
|-damage|p1a: Ceruledge|26/100 tox
|-mustrecharge|p2a: Slaking
|move|p1a: Ceruledge|Bitter Blade|p2a: Slaking
|-crit|p2a: Slaking
|-damage|p2a: Slaking|0 fnt
|-heal|p1a: Ceruledge|89/100 tox|[from] drain|[of] p2a: Slaking
|faint|p2a: Slaking
|
|-heal|p1a: Ceruledge|95/100 tox|[from] item: Leftovers
|-damage|p1a: Ceruledge|58/100 tox|[from] psn
|upkeep
|c|☆Yashish677|gg
|-message|Yashish677 forfeited.
|
|win|BananaOnToast
|raw|BananaOnToast's rating: 1399 &rarr; <strong>1415</strong><br />(+16 for winning)
|raw|Yashish677's rating: 1323 &rarr; <strong>1307</strong><br />(-16 for losing)
|l|☆Yashish677
|player|p2|
|c|☆BananaOnToast|gg
|l|☆BananaOnToast
|player|p1|
