|j|☆Nolcxntrl
|j|☆xTamer
|t:|1743909734
|gametype|singles
|player|p1|Nolcxntrl|ghetsis-gen5bw|1082
|player|p2|xTamer|2|1125
|teamsize|p1|6
|teamsize|p2|6
|gen|9
|tier|[Gen 9] OU
|rated|
|rule|HP Percentage Mod: HP is shown in percentages
|rule|Endless Battle Clause: Forcing endless battles is banned
|rule|Species Clause: Limit one of each Pokémon
|rule|OHKO Clause: OHKO moves are banned
|rule|Evasion Items Clause: Evasion items are banned
|rule|Evasion Moves Clause: Evasion moves are banned
|rule|Sleep Moves Clause: Sleep-inducing moves are banned
|clearpoke
|poke|p1|Infernape, F|
|poke|p1|Greninja-*, F|
|poke|p1|Charizard, M|
|poke|p1|Lucario, M|
|poke|p1|Garchomp, M|
|poke|p1|Primeape, M|
|poke|p2|Lucario, F|
|poke|p2|Corviknight, F|
|poke|p2|Polteageist-Antique|
|poke|p2|Garchomp, M|
|poke|p2|Iron Moth|
|poke|p2|Weezing-Galar, M|
|teampreview
|inactive|Battle timer is ON: inactive players will automatically lose when time's up. (requested by xTamer)
|
|t:|1743909754
|start
|switch|p1a: CharWalkDown|Charizard, M, shiny|100/100
|switch|p2a: Garchomp|Garchomp, M|100/100
|turn|1
|
|t:|1743909767
|move|p2a: Garchomp|Swords Dance|p2a: Garchomp
|-boost|p2a: Garchomp|atk|2
|move|p1a: CharWalkDown|Belly Drum|p1a: CharWalkDown
|-damage|p1a: CharWalkDown|50/100
|-setboost|p1a: CharWalkDown|atk|6|[from] move: Belly Drum
|-enditem|p1a: CharWalkDown|Sitrus Berry|[eat]
|-heal|p1a: CharWalkDown|75/100|[from] item: Sitrus Berry
|
|upkeep
|turn|2
|
|t:|1743909789
|switch|p2a: Weezing|Weezing-Galar, M|100/100
|-fieldstart|move: Misty Terrain|[from] ability: Misty Surge|[of] p2a: Weezing
|move|p1a: CharWalkDown|Acrobatics|p2a: Weezing
|-damage|p2a: Weezing|0 fnt
|faint|p2a: Weezing
|
|upkeep
|
|t:|1743909797
|switch|p2a: Polteageist|Polteageist-Antique, shiny|100/100
|turn|3
|
|t:|1743909804
|move|p1a: CharWalkDown|Acrobatics|p2a: Polteageist
|-enditem|p2a: Polteageist|Focus Sash
|-damage|p2a: Polteageist|1/100
|-ability|p2a: Polteageist|Weak Armor|boost
|-unboost|p2a: Polteageist|def|1
|-boost|p2a: Polteageist|spe|2
|move|p2a: Polteageist|Shell Smash|p2a: Polteageist
|-unboost|p2a: Polteageist|def|1
|-unboost|p2a: Polteageist|spd|1
|-boost|p2a: Polteageist|atk|2
|-boost|p2a: Polteageist|spa|2
|-boost|p2a: Polteageist|spe|2
|
|upkeep
|turn|4
|
|t:|1743909817
|move|p2a: Polteageist|Shadow Ball|p1a: CharWalkDown
|-damage|p1a: CharWalkDown|0 fnt
|faint|p1a: CharWalkDown
|
|upkeep
|
|t:|1743909826
|switch|p1a: CariDracEm|Lucario, M, shiny|100/100
|turn|5
|
|t:|1743909833
|move|p2a: Polteageist|Shadow Ball|p1a: CariDracEm
|-damage|p1a: CariDracEm|0 fnt
|faint|p1a: CariDracEm
|
|upkeep
|
|t:|1743909839
|switch|p1a: Luh Chomp|Garchomp, M, shiny|100/100
|turn|6
|
|t:|1743909843
|move|p2a: Polteageist|Shadow Ball|p1a: Luh Chomp
|-damage|p1a: Luh Chomp|21/100
|move|p1a: Luh Chomp|Earthquake|p2a: Polteageist
|-damage|p2a: Polteageist|0 fnt
|faint|p2a: Polteageist
|
|-fieldend|Misty Terrain
|upkeep
|
|t:|1743909852
|switch|p2a: Corviknight|Corviknight, F|100/100
|turn|7
|
|t:|1743909859
|switch|p1a: Man Man|Infernape, F, shiny|100/100
|move|p2a: Corviknight|Iron Defense|p2a: Corviknight
|-boost|p2a: Corviknight|def|2
|
|upkeep
|turn|8
|
|t:|1743909875
|-terastallize|p1a: Man Man|Electric
|move|p1a: Man Man|Thunder Punch|p2a: Corviknight
|-supereffective|p2a: Corviknight
|-damage|p2a: Corviknight|78/100
|-status|p2a: Corviknight|par
|cant|p2a: Corviknight|par
|
|-heal|p2a: Corviknight|84/100 par|[from] item: Leftovers
|upkeep
|turn|9
|
|t:|1743909887
|move|p1a: Man Man|Swords Dance|p1a: Man Man
|-boost|p1a: Man Man|atk|2
|move|p2a: Corviknight|Iron Defense|p2a: Corviknight
|-boost|p2a: Corviknight|def|2
|
|-heal|p2a: Corviknight|90/100 par|[from] item: Leftovers
|upkeep
|turn|10
|
|t:|1743909893
|move|p1a: Man Man|Swords Dance|p1a: Man Man
|-boost|p1a: Man Man|atk|2
|move|p2a: Corviknight|Iron Defense|p2a: Corviknight
|-boost|p2a: Corviknight|def|2
|
|-heal|p2a: Corviknight|97/100 par|[from] item: Leftovers
|upkeep
|turn|11
|
|t:|1743909899
|move|p1a: Man Man|Swords Dance|p1a: Man Man
|-boost|p1a: Man Man|atk|2
|move|p2a: Corviknight|Body Press|p1a: Man Man
|-damage|p1a: Man Man|0 fnt
|faint|p1a: Man Man
|
|-heal|p2a: Corviknight|100/100 par|[from] item: Leftovers
|upkeep
|
|t:|1743909911
|switch|p1a: SGA(Aura)|Greninja, F, shiny|100/100
|turn|12
|
|t:|1743909922
|move|p1a: SGA(Aura)|Dark Pulse|p2a: Corviknight
|-start|p1a: SGA(Aura)|typechange|Dark|[from] ability: Protean
|-damage|p2a: Corviknight|56/100 par
|-damage|p1a: SGA(Aura)|91/100|[from] item: Life Orb
|move|p2a: Corviknight|Body Press|p1a: SGA(Aura)
|-supereffective|p1a: SGA(Aura)
|-damage|p1a: SGA(Aura)|0 fnt
|faint|p1a: SGA(Aura)
|
|-heal|p2a: Corviknight|62/100 par|[from] item: Leftovers
|upkeep
|
|t:|1743909933
|switch|p1a: PrimeTime|Primeape, M, shiny|100/100
|turn|13
|
|t:|1743909938
|move|p1a: PrimeTime|Bulk Up|p1a: PrimeTime
|-boost|p1a: PrimeTime|atk|1
|-boost|p1a: PrimeTime|def|1
|cant|p2a: Corviknight|par
|
|-heal|p2a: Corviknight|68/100 par|[from] item: Leftovers
|upkeep
|turn|14
|
|t:|1743909946
|move|p1a: PrimeTime|Bulk Up|p1a: PrimeTime
|-boost|p1a: PrimeTime|atk|1
|-boost|p1a: PrimeTime|def|1
|move|p2a: Corviknight|Brave Bird|p1a: PrimeTime
|-supereffective|p1a: PrimeTime
|-damage|p1a: PrimeTime|53/100
|-damage|p2a: Corviknight|55/100 par|[from] Recoil
|
|-heal|p1a: PrimeTime|59/100|[from] item: Leftovers
|-heal|p2a: Corviknight|61/100 par|[from] item: Leftovers
|upkeep
|turn|15
|
|t:|1743909958
|move|p1a: PrimeTime|Rage Fist|p2a: Corviknight
|-damage|p2a: Corviknight|55/100 par
|move|p2a: Corviknight|Brave Bird|p1a: PrimeTime
|-supereffective|p1a: PrimeTime
|-damage|p1a: PrimeTime|12/100
|-damage|p2a: Corviknight|42/100 par|[from] Recoil
|
|-heal|p1a: PrimeTime|18/100|[from] item: Leftovers
|-heal|p2a: Corviknight|48/100 par|[from] item: Leftovers
|upkeep
|turn|16
|
|t:|1743909979
|move|p1a: PrimeTime|Rage Fist|p2a: Corviknight
|-crit|p2a: Corviknight
|-damage|p2a: Corviknight|0 fnt
|faint|p2a: Corviknight
|
|-heal|p1a: PrimeTime|24/100|[from] item: Leftovers
|upkeep
|
|t:|1743909986
|switch|p2a: Lucario|Lucario, F|100/100
|turn|17
|inactive|Nolcxntrl has 120 seconds left.
|
|t:|1743910012
|move|p2a: Lucario|Vacuum Wave|p1a: PrimeTime
|-damage|p1a: PrimeTime|5/100
|move|p1a: PrimeTime|Rage Fist|p2a: Lucario
|-damage|p2a: Lucario|0 fnt
|faint|p2a: Lucario
|
|-heal|p1a: PrimeTime|11/100|[from] item: Leftovers
|upkeep
|
|t:|1743910022
|switch|p2a: Iron Moth|Iron Moth|100/100
|-enditem|p2a: Iron Moth|Booster Energy
|-activate|p2a: Iron Moth|ability: Quark Drive|[fromitem]
|-start|p2a: Iron Moth|quarkdrivespa
|turn|18
|inactive|Nolcxntrl has 120 seconds left.
|
|t:|1743910040
|switch|p1a: Luh Chomp|Garchomp, M, shiny|21/100
|-terastallize|p2a: Iron Moth|Flying
|move|p2a: Iron Moth|Fiery Dance|p1a: Luh Chomp
|-resisted|p1a: Luh Chomp
|-crit|p1a: Luh Chomp
|-damage|p1a: Luh Chomp|0 fnt
|faint|p1a: Luh Chomp
|
|upkeep
|inactive|Nolcxntrl has 120 seconds left.
|
|t:|1743910051
|switch|p1a: PrimeTime|Primeape, M, shiny|11/100
|turn|19
|
|t:|1743910057
|move|p2a: Iron Moth|Fiery Dance|p1a: PrimeTime
|-damage|p1a: PrimeTime|0 fnt
|faint|p1a: PrimeTime
|
|win|xTamer
|raw|Nolcxntrl's rating: 1082 &rarr; <strong>1062</strong><br />(-20 for losing)
|raw|xTamer's rating: 1125 &rarr; <strong>1147</strong><br />(+22 for winning)
|l|☆xTamer
|player|p2|
