|j|☆ReaganSellsCrack
|j|☆ShittyHole69
|t:|1743835846
|gametype|singles
|player|p1|ReaganSellsCrack|backersf|1156
|player|p2|ShittyHole69|drayden|1176
|teamsize|p1|6
|teamsize|p2|6
|gen|9
|tier|[Gen 9] OU
|rated|
|rule|HP Percentage Mod: HP is shown in percentages
|rule|Endless Battle Clause: Forcing endless battles is banned
|rule|Species Clause: Limit one of each Pokémon
|rule|OHKO Clause: OHKO moves are banned
|rule|Evasion Items Clause: Evasion items are banned
|rule|Evasion Moves Clause: Evasion moves are banned
|rule|Sleep Moves Clause: Sleep-inducing moves are banned
|clearpoke
|poke|p1|Feraligatr, M|
|poke|p1|Araquanid, F|
|poke|p1|Gholdengo|
|poke|p1|Ceruledge, F|
|poke|p1|Raging Bolt|
|poke|p1|Kyurem|
|poke|p2|Ogerpon, F|
|poke|p2|Chandelure, F|
|poke|p2|Greninja-*, M|
|poke|p2|Mandibuzz, F|
|poke|p2|Moltres-Galar|
|poke|p2|Landorus-Therian, M|
|teampreview
|inactive|Battle timer is ON: inactive players will automatically lose when time's up. (requested by ReaganSellsCrack)
|
|t:|1743835859
|start
|switch|p1a: Dewdrop|Araquanid, F|100/100
|switch|p2a: Moltres|Moltres-Galar|100/100
|turn|1
|
|t:|1743835866
|move|p2a: Moltres|Brave Bird|p1a: Dewdrop
|-supereffective|p1a: Dewdrop
|-damage|p1a: Dewdrop|0 fnt
|faint|p1a: Dewdrop
|-damage|p2a: Moltres|66/100|[from] Recoil
|
|upkeep
|
|t:|1743835871
|switch|p1a: Zeus|Raging Bolt|100/100
|-enditem|p1a: Zeus|Booster Energy
|-activate|p1a: Zeus|ability: Protosynthesis|[fromitem]
|-start|p1a: Zeus|protosynthesisspa
|turn|2
|
|t:|1743835875
|switch|p2a: Cancerous-Therian|Landorus-Therian, M|100/100
|-ability|p2a: Cancerous-Therian|Intimidate|boost
|-unboost|p1a: Zeus|atk|1
|move|p1a: Zeus|Calm Mind|p1a: Zeus
|-boost|p1a: Zeus|spa|1
|-boost|p1a: Zeus|spd|1
|
|upkeep
|turn|3
|
|t:|1743835879
|move|p2a: Cancerous-Therian|Earthquake|p1a: Zeus
|-supereffective|p1a: Zeus
|-damage|p1a: Zeus|0 fnt
|faint|p1a: Zeus
|-end|p1a: Zeus|Protosynthesis|[silent]
|
|upkeep
|
|t:|1743835887
|switch|p1a: Freshwater|Feraligatr, M|100/100
|turn|4
|
|t:|1743835890
|move|p2a: Cancerous-Therian|Earthquake|p1a: Freshwater
|-damage|p1a: Freshwater|16/100
|move|p1a: Freshwater|Dragon Dance|p1a: Freshwater
|-boost|p1a: Freshwater|atk|1
|-boost|p1a: Freshwater|spe|1
|
|upkeep
|turn|5
|
|t:|1743835894
|switch|p2a: Torrent?|Greninja, M|100/100
|move|p1a: Freshwater|Ice Punch|p2a: Torrent?
|-resisted|p2a: Torrent?
|-damage|p2a: Torrent?|44/100
|
|upkeep
|turn|6
|
|t:|1743835897
|move|p2a: Torrent?|Water Shuriken|p1a: Freshwater
|-resisted|p1a: Freshwater
|-damage|p1a: Freshwater|10/100
|-resisted|p1a: Freshwater
|-damage|p1a: Freshwater|5/100
|-resisted|p1a: Freshwater
|-damage|p1a: Freshwater|0 fnt
|faint|p1a: Freshwater
|-ability|p2a: Torrent?|Battle Bond|boost
|-boost|p2a: Torrent?|atk|1
|-boost|p2a: Torrent?|spa|1
|-boost|p2a: Torrent?|spe|1
|-activate|p2a: Torrent?|ability: Battle Bond
|-hitcount|p1: Freshwater|3
|
|upkeep
|
|t:|1743835900
|switch|p1a: Hellblade|Ceruledge, F|100/100
|turn|7
|
|t:|1743835917
|move|p2a: Torrent?|Water Shuriken|p1a: Hellblade
|-supereffective|p1a: Hellblade
|-damage|p1a: Hellblade|72/100
|-supereffective|p1a: Hellblade
|-damage|p1a: Hellblade|43/100
|-supereffective|p1a: Hellblade
|-damage|p1a: Hellblade|12/100
|-hitcount|p1a: Hellblade|3
|move|p1a: Hellblade|Bitter Blade|p2a: Torrent?
|-resisted|p2a: Torrent?
|-damage|p2a: Torrent?|0 fnt
|-heal|p1a: Hellblade|33/100|[from] drain|[of] p2a: Torrent?
|faint|p2a: Torrent?
|
|upkeep
|
|t:|1743835930
|switch|p2a: Ogerpon-Shitspring|Ogerpon, F|100/100
|turn|8
|
|t:|1743835932
|-terastallize|p2a: Ogerpon-Shitspring|Grass
|detailschange|p2a: Ogerpon-Shitspring|Ogerpon-Teal-Tera, F, tera:Grass
|-ability|p2a: Ogerpon-Shitspring|Embody Aspect (Teal)|boost
|-boost|p2a: Ogerpon-Shitspring|spe|1
|move|p2a: Ogerpon-Shitspring|Ivy Cudgel|p1a: Hellblade
|-resisted|p1a: Hellblade
|-damage|p1a: Hellblade|0 fnt
|faint|p1a: Hellblade
|
|upkeep
|
|t:|1743835939
|switch|p1a: Shimo|Kyurem|100/100
|-ability|p1a: Shimo|Pressure
|turn|9
|
|t:|1743835945
|switch|p2a: Mandibuzz|Mandibuzz, F|100/100
|move|p1a: Shimo|Dragon Dance|p1a: Shimo
|-boost|p1a: Shimo|atk|1
|-boost|p1a: Shimo|spe|1
|
|upkeep
|turn|10
|
|t:|1743835951
|move|p1a: Shimo|Scale Shot|p2a: Mandibuzz
|-damage|p2a: Mandibuzz|89/100
|-damage|p2a: Mandibuzz|79/100
|-damage|p2a: Mandibuzz|68/100
|-damage|p2a: Mandibuzz|55/100
|-hitcount|p2a: Mandibuzz|4
|-unboost|p1a: Shimo|def|1
|-boost|p1a: Shimo|spe|1
|move|p2a: Mandibuzz|Foul Play|p1a: Shimo
|-damage|p1a: Shimo|0 fnt
|faint|p1a: Shimo
|
|upkeep
|
|t:|1743835954
|switch|p1a: Goldylocks|Gholdengo|100/100
|-item|p1a: Goldylocks|Air Balloon
|turn|11
|
|t:|1743835964
|move|p1a: Goldylocks|Nasty Plot|p1a: Goldylocks
|-boost|p1a: Goldylocks|spa|2
|move|p2a: Mandibuzz|U-turn|p1a: Goldylocks
|-resisted|p1a: Goldylocks
|-damage|p1a: Goldylocks|98/100
|-enditem|p1a: Goldylocks|Air Balloon
|
|t:|1743835966
|switch|p2a: Cancerous-Therian|Landorus-Therian, M|100/100|[from] U-turn
|-ability|p2a: Cancerous-Therian|Intimidate|boost
|-unboost|p1a: Goldylocks|atk|1
|
|upkeep
|turn|12
|
|t:|1743835974
|-terastallize|p1a: Goldylocks|Fairy
|move|p2a: Cancerous-Therian|Earthquake|p1a: Goldylocks
|-damage|p1a: Goldylocks|0 fnt
|faint|p1a: Goldylocks
|
|win|ShittyHole69
|raw|ReaganSellsCrack's rating: 1156 &rarr; <strong>1132</strong><br />(-24 for losing)
|raw|ShittyHole69's rating: 1176 &rarr; <strong>1200</strong><br />(+24 for winning)
|l|☆ReaganSellsCrack
|player|p1|
|l|☆ShittyHole69
|player|p2|
