|j|☆TOXICccccccccccccc
|j|☆Quintesshou
|t:|1743887065
|gametype|singles
|player|p1|TOXICccccccccccccc|hiker-gen4|1127
|player|p2|Quintesshou|clerkf|1124
|teamsize|p1|6
|teamsize|p2|6
|gen|9
|tier|[Gen 9] OU
|rated|
|rule|HP Percentage Mod: HP is shown in percentages
|rule|Endless Battle Clause: Forcing endless battles is banned
|rule|Species Clause: Limit one of each Pokémon
|rule|OHKO Clause: OHKO moves are banned
|rule|Evasion Items Clause: Evasion items are banned
|rule|Evasion Moves Clause: Evasion moves are banned
|rule|Sleep Moves Clause: Sleep-inducing moves are banned
|clearpoke
|poke|p1|Glimmora, M|
|poke|p1|Salazzle, F|
|poke|p1|Pecharunt|
|poke|p1|Alomomola, F|
|poke|p1|Samurott-Hisui, M|
|poke|p1|Garchomp, M|
|poke|p2|Ninetales-Alola, F|
|poke|p2|Frosmoth, F|
|poke|p2|Cetitan, F|
|poke|p2|Glaceon, F|
|poke|p2|Dewgong, F|
|poke|p2|Abomasnow, F|
|teampreview
|inactive|Battle timer is ON: inactive players will automatically lose when time's up. (requested by Quintesshou)
|inactive|TOXICccccccccccccc also wants the timer to be on.
|
|t:|1743887079
|start
|switch|p1a: Glimmora|Glimmora, M|100/100
|switch|p2a: SnowMommy|Abomasnow, F, shiny|100/100
|-weather|Snowscape|[from] ability: Snow Warning|[of] p2a: SnowMommy
|turn|1
|
|t:|1743887090
|move|p1a: Glimmora|Toxic Spikes|p2a: SnowMommy
|-sidestart|p2: Quintesshou|move: Toxic Spikes
|move|p2a: SnowMommy|Earthquake|p1a: Glimmora
|-supereffective|p1a: Glimmora
|-damage|p1a: Glimmora|0 fnt
|faint|p1a: Glimmora
|
|-weather|Snowscape|[upkeep]
|upkeep
|
|t:|1743887100
|switch|p1a: Pecharunt|Pecharunt|100/100
|-item|p1a: Pecharunt|Air Balloon
|turn|2
|
|t:|1743887107
|move|p1a: Pecharunt|Malignant Chain|p2a: SnowMommy
|-supereffective|p2a: SnowMommy
|-damage|p2a: SnowMommy|41/100
|move|p2a: SnowMommy|Avalanche|p1a: Pecharunt
|-damage|p1a: Pecharunt|69/100
|-enditem|p1a: Pecharunt|Air Balloon
|
|-weather|Snowscape|[upkeep]
|upkeep
|turn|3
|
|t:|1743887122
|switch|p2a: Bubblefreeze|Dewgong, F, shiny|100/100
|-status|p2a: Bubblefreeze|psn
|move|p1a: Pecharunt|Malignant Chain|p2a: Bubblefreeze
|-damage|p2a: Bubblefreeze|74/100 psn
|
|-weather|Snowscape|[upkeep]
|-heal|p2a: Bubblefreeze|81/100 psn|[from] ability: Ice Body
|-heal|p2a: Bubblefreeze|87/100 psn|[from] item: Leftovers
|-damage|p2a: Bubblefreeze|74/100 psn|[from] psn
|upkeep
|turn|4
|
|t:|1743887133
|move|p1a: Pecharunt|Parting Shot|p2a: Bubblefreeze
|-unboost|p2a: Bubblefreeze|atk|1
|-unboost|p2a: Bubblefreeze|spa|1
|
|t:|1743887136
|switch|p1a: Salazzle|Salazzle, F|100/100|[from] Parting Shot
|move|p2a: Bubblefreeze|Whirlpool|p1a: Salazzle
|-supereffective|p1a: Salazzle
|-damage|p1a: Salazzle|83/100
|-activate|p1a: Salazzle|move: Whirlpool|[of] p2a: Bubblefreeze
|
|-weather|Snowscape|[upkeep]
|-heal|p2a: Bubblefreeze|81/100 psn|[from] ability: Ice Body
|-heal|p1a: Salazzle|89/100|[from] item: Leftovers
|-heal|p2a: Bubblefreeze|87/100 psn|[from] item: Leftovers
|-damage|p2a: Bubblefreeze|74/100 psn|[from] psn
|-damage|p1a: Salazzle|77/100|[from] move: Whirlpool|[partiallytrapped]
|upkeep
|turn|5
|
|t:|1743887149
|move|p1a: Salazzle|Protect|p1a: Salazzle
|-singleturn|p1a: Salazzle|Protect
|move|p2a: Bubblefreeze|Perish Song|p2a: Bubblefreeze
|-start|p1a: Salazzle|perish3|[silent]
|-start|p2a: Bubblefreeze|perish3|[silent]
|-fieldactivate|move: Perish Song
|
|-weather|Snowscape|[upkeep]
|-heal|p2a: Bubblefreeze|81/100 psn|[from] ability: Ice Body
|-heal|p1a: Salazzle|83/100|[from] item: Leftovers
|-heal|p2a: Bubblefreeze|87/100 psn|[from] item: Leftovers
|-damage|p2a: Bubblefreeze|74/100 psn|[from] psn
|-damage|p1a: Salazzle|70/100|[from] move: Whirlpool|[partiallytrapped]
|-start|p1a: Salazzle|perish3
|-start|p2a: Bubblefreeze|perish3
|upkeep
|turn|6
|
|t:|1743887166
|move|p1a: Salazzle|Encore|p2a: Bubblefreeze
|-start|p2a: Bubblefreeze|Encore
|move|p2a: Bubblefreeze|Perish Song||[still]
|-fail|p2a: Bubblefreeze
|
|-weather|Snowscape|[upkeep]
|-heal|p2a: Bubblefreeze|81/100 psn|[from] ability: Ice Body
|-heal|p1a: Salazzle|77/100|[from] item: Leftovers
|-heal|p2a: Bubblefreeze|87/100 psn|[from] item: Leftovers
|-damage|p2a: Bubblefreeze|74/100 psn|[from] psn
|-damage|p1a: Salazzle|64/100|[from] move: Whirlpool|[partiallytrapped]
|-start|p1a: Salazzle|perish2
|-start|p2a: Bubblefreeze|perish2
|upkeep
|turn|7
|
|t:|1743887179
|move|p1a: Salazzle|Substitute|p1a: Salazzle
|-start|p1a: Salazzle|Substitute
|-end|p1a: Salazzle|Whirlpool|[partiallytrapped]|[silent]
|-damage|p1a: Salazzle|39/100
|move|p2a: Bubblefreeze|Perish Song||[still]
|-fail|p2a: Bubblefreeze
|
|-weather|Snowscape|[upkeep]
|-heal|p2a: Bubblefreeze|81/100 psn|[from] ability: Ice Body
|-heal|p1a: Salazzle|45/100|[from] item: Leftovers
|-heal|p2a: Bubblefreeze|87/100 psn|[from] item: Leftovers
|-damage|p2a: Bubblefreeze|74/100 psn|[from] psn
|-start|p1a: Salazzle|perish1
|-start|p2a: Bubblefreeze|perish1
|upkeep
|turn|8
|
|t:|1743887196
|switch|p2a: Frostora|Frosmoth, F, shiny|100/100
|move|p1a: Salazzle|Protect||[still]
|-fail|p1a: Salazzle
|
|-weather|none
|-heal|p1a: Salazzle|52/100|[from] item: Leftovers
|-start|p1a: Salazzle|perish0
|upkeep
|faint|p1a: Salazzle
|
|t:|1743887207
|switch|p1a: Pecharunt|Pecharunt|69/100
|turn|9
|
|t:|1743887217
|move|p1a: Pecharunt|Malignant Chain|p2a: Frostora
|-damage|p2a: Frostora|88/100
|-status|p2a: Frostora|tox
|-start|p2a: Frostora|confusion|[from] ability: Poison Puppeteer|[of] p1a: Pecharunt
|-activate|p2a: Frostora|confusion
|-damage|p2a: Frostora|81/100 tox|[from] confusion
|
|-damage|p2a: Frostora|75/100 tox|[from] psn
|upkeep
|turn|10
|
|t:|1743887226
|move|p1a: Pecharunt|Parting Shot|p2a: Frostora
|-unboost|p2a: Frostora|atk|1
|-unboost|p2a: Frostora|spa|1
|
|t:|1743887228
|switch|p1a: Samurott|Samurott-Hisui, M|100/100|[from] Parting Shot
|-activate|p2a: Frostora|confusion
|move|p2a: Frostora|Defog|p1a: Samurott
|-unboost|p1a: Samurott|evasion|1
|-sideend|p2: Quintesshou|Toxic Spikes|[from] move: Defog|[of] p2a: Frostora
|
|-damage|p2a: Frostora|62/100 tox|[from] psn
|upkeep
|turn|11
|
|t:|1743887241
|move|p1a: Samurott|Ceaseless Edge|p2a: Frostora
|-damage|p2a: Frostora|0 fnt
|-sidestart|p2: Quintesshou|Spikes
|faint|p2a: Frostora
|
|upkeep
|
|t:|1743887250
|switch|p2a: SnowMommy|Abomasnow, F, shiny|41/100
|-damage|p2a: SnowMommy|28/100|[from] Spikes
|-weather|Snowscape|[from] ability: Snow Warning|[of] p2a: SnowMommy
|turn|12
|
|t:|1743887257
|move|p1a: Samurott|Ceaseless Edge|p2a: SnowMommy
|-damage|p2a: SnowMommy|0 fnt
|-sidestart|p2: Quintesshou|Spikes
|faint|p2a: SnowMommy
|
|-weather|Snowscape|[upkeep]
|upkeep
|
|t:|1743887263
|switch|p2a: Icebreaker|Cetitan, F, shiny|100/100
|-damage|p2a: Icebreaker|84/100|[from] Spikes
|turn|13
|
|t:|1743887270
|-terastallize|p2a: Icebreaker|Fire
|move|p2a: Icebreaker|Belly Drum|p2a: Icebreaker
|-damage|p2a: Icebreaker|34/100
|-setboost|p2a: Icebreaker|atk|6|[from] move: Belly Drum
|-enditem|p2a: Icebreaker|Sitrus Berry|[eat]
|-heal|p2a: Icebreaker|59/100|[from] item: Sitrus Berry
|move|p1a: Samurott|Ceaseless Edge|p2a: Icebreaker|[miss]
|-miss|p1a: Samurott|p2a: Icebreaker
|
|-weather|Snowscape|[upkeep]
|upkeep
|turn|14
|-message|TOXICccccccccccccc forfeited.
|
|win|Quintesshou
|raw|TOXICccccccccccccc's rating: 1127 &rarr; <strong>1102</strong><br />(-25 for losing)
|raw|Quintesshou's rating: 1124 &rarr; <strong>1149</strong><br />(+25 for winning)
|l|☆TOXICccccccccccccc
|player|p1|
|l|☆Quintesshou
|player|p2|
