|j|☆Aycker
|j|☆beeboobaa
|t:|1743854407
|gametype|singles
|player|p1|Aycker|erika|1130
|player|p2|beeboobaa|101|1115
|teamsize|p1|6
|teamsize|p2|6
|gen|9
|tier|[Gen 9] OU
|rated|
|rule|HP Percentage Mod: HP is shown in percentages
|rule|Endless Battle Clause: Forcing endless battles is banned
|rule|Species Clause: Limit one of each Pokémon
|rule|OHKO Clause: OHKO moves are banned
|rule|Evasion Items Clause: Evasion items are banned
|rule|Evasion Moves Clause: Evasion moves are banned
|rule|Sleep Moves Clause: Sleep-inducing moves are banned
|clearpoke
|poke|p1|Dragapult, M|
|poke|p1|Rotom-Wash|
|poke|p1|Landorus-Therian, M|
|poke|p1|Clefable, M|
|poke|p1|Zamazenta-*|
|poke|p1|Samurott-Hisui, M|
|poke|p2|Dragonite, F|
|poke|p2|Gyarados, F|
|poke|p2|Blastoise, F|
|poke|p2|Gengar, M|
|poke|p2|Weezing, M|
|poke|p2|Clefable, F|
|teampreview
|inactive|Battle timer is ON: inactive players will automatically lose when time's up. (requested by Aycker)
|
|t:|1743854417
|start
|switch|p1a: Landorus|Landorus-Therian, M|100/100
|switch|p2a: Dragonite|Dragonite, F|100/100
|-ability|p1a: Landorus|Intimidate|boost
|-unboost|p2a: Dragonite|atk|1
|turn|1
|
|t:|1743854436
|move|p1a: Landorus|Smack Down|p2a: Dragonite
|-supereffective|p2a: Dragonite
|-damage|p2a: Dragonite|82/100
|-start|p2a: Dragonite|Smack Down
|move|p2a: Dragonite|Ice Spinner|p1a: Landorus
|-supereffective|p1a: Landorus
|-damage|p1a: Landorus|0 fnt
|faint|p1a: Landorus
|
|-heal|p2a: Dragonite|88/100|[from] item: Leftovers
|upkeep
|
|t:|1743854451
|switch|p1a: Dragapult|Dragapult, M|100/100
|turn|2
|
|t:|1743854465
|switch|p2a: Clefable|Clefable, F|100/100
|move|p1a: Dragapult|Will-O-Wisp|p2a: Clefable
|-status|p2a: Clefable|brn
|
|-damage|p2a: Clefable|94/100 brn|[from] brn
|upkeep
|turn|3
|
|t:|1743854476
|move|p1a: Dragapult|U-turn|p2a: Clefable
|-resisted|p2a: Clefable
|-damage|p2a: Clefable|87/100 brn
|
|t:|1743854481
|switch|p1a: Rotom|Rotom-Wash|100/100|[from] U-turn
|move|p2a: Clefable|Thunder Wave|p1a: Rotom
|-immune|p1a: Rotom
|
|-heal|p2a: Clefable|93/100 brn|[from] item: Leftovers
|-damage|p2a: Clefable|87/100 brn|[from] brn
|upkeep
|turn|4
|
|t:|1743854493
|move|p1a: Rotom|Volt Switch|p2a: Clefable
|-damage|p2a: Clefable|62/100 brn
|
|t:|1743854502
|switch|p1a: Zamazenta|Zamazenta|100/100|[from] Volt Switch
|-ability|p1a: Zamazenta|Dauntless Shield|boost
|-boost|p1a: Zamazenta|def|1
|move|p2a: Clefable|Calm Mind|p2a: Clefable
|-boost|p2a: Clefable|spa|1
|-boost|p2a: Clefable|spd|1
|
|-heal|p2a: Clefable|68/100 brn|[from] item: Leftovers
|-damage|p2a: Clefable|62/100 brn|[from] brn
|upkeep
|turn|5
|
|t:|1743854512
|move|p1a: Zamazenta|Heavy Slam|p2a: Clefable
|-supereffective|p2a: Clefable
|-damage|p2a: Clefable|0 fnt
|faint|p2a: Clefable
|-damage|p1a: Zamazenta|91/100|[from] item: Life Orb
|
|upkeep
|
|t:|1743854523
|switch|p2a: Gyarados|Gyarados, F|100/100
|-ability|p2a: Gyarados|Intimidate|boost
|-unboost|p1a: Zamazenta|atk|1
|turn|6
|
|t:|1743854530
|switch|p1a: Rotom|Rotom-Wash|100/100
|move|p2a: Gyarados|Dragon Dance|p2a: Gyarados
|-boost|p2a: Gyarados|atk|1
|-boost|p2a: Gyarados|spe|1
|
|upkeep
|turn|7
|inactive|beeboobaa has 120 seconds left.
|
|t:|1743854580
|-terastallize|p2a: Gyarados|Fairy
|move|p2a: Gyarados|Dragon Dance|p2a: Gyarados
|-boost|p2a: Gyarados|atk|1
|-boost|p2a: Gyarados|spe|1
|move|p1a: Rotom|Thunder Wave|p2a: Gyarados
|-status|p2a: Gyarados|par
|
|upkeep
|turn|8
|
|t:|1743854591
|move|p2a: Gyarados|Dragon Dance|p2a: Gyarados
|-boost|p2a: Gyarados|atk|1
|-boost|p2a: Gyarados|spe|1
|move|p1a: Rotom|Volt Switch|p2a: Gyarados
|-damage|p2a: Gyarados|76/100 par
|
|t:|1743854597
|switch|p1a: Zamazenta|Zamazenta|91/100|[from] Volt Switch
|
|upkeep
|turn|9
|inactive|beeboobaa has 120 seconds left.
|
|t:|1743854620
|-terastallize|p1a: Zamazenta|Steel
|move|p1a: Zamazenta|Heavy Slam|p2a: Gyarados
|-supereffective|p2a: Gyarados
|-damage|p2a: Gyarados|26/100 par
|-damage|p1a: Zamazenta|74/100|[from] item: Rocky Helmet|[of] p2a: Gyarados
|-damage|p1a: Zamazenta|64/100|[from] item: Life Orb
|move|p2a: Gyarados|Stone Edge|p1a: Zamazenta|[miss]
|-miss|p2a: Gyarados|p1a: Zamazenta
|
|upkeep
|turn|10
|
|t:|1743854631
|move|p1a: Zamazenta|Heavy Slam|p2a: Gyarados
|-supereffective|p2a: Gyarados
|-damage|p2a: Gyarados|0 fnt
|-damage|p1a: Zamazenta|48/100|[from] item: Rocky Helmet|[of] p2a: Gyarados
|faint|p2a: Gyarados
|-damage|p1a: Zamazenta|38/100|[from] item: Life Orb
|
|upkeep
|
|t:|1743854641
|switch|p2a: Dragonite|Dragonite, F|88/100
|turn|11
|
|t:|1743854651
|move|p1a: Zamazenta|Stone Edge|p2a: Dragonite|[miss]
|-miss|p1a: Zamazenta|p2a: Dragonite
|move|p2a: Dragonite|Dragon Dance|p2a: Dragonite
|-boost|p2a: Dragonite|atk|1
|-boost|p2a: Dragonite|spe|1
|
|-heal|p2a: Dragonite|94/100|[from] item: Leftovers
|upkeep
|turn|12
|inactive|beeboobaa has 120 seconds left.
|
|t:|1743854669
|move|p1a: Zamazenta|Stone Edge|p2a: Dragonite
|-supereffective|p2a: Dragonite
|-crit|p2a: Dragonite
|-damage|p2a: Dragonite|0 fnt
|faint|p2a: Dragonite
|-damage|p1a: Zamazenta|28/100|[from] item: Life Orb
|
|upkeep
|
|t:|1743854676
|switch|p2a: Blastoise|Blastoise, F|100/100
|turn|13
|
|t:|1743854680
|move|p1a: Zamazenta|Close Combat|p2a: Blastoise
|-damage|p2a: Blastoise|18/100
|-unboost|p1a: Zamazenta|def|1
|-unboost|p1a: Zamazenta|spd|1
|-damage|p1a: Zamazenta|18/100|[from] item: Life Orb
|move|p2a: Blastoise|Shell Smash|p2a: Blastoise
|-unboost|p2a: Blastoise|def|1
|-unboost|p2a: Blastoise|spd|1
|-boost|p2a: Blastoise|atk|2
|-boost|p2a: Blastoise|spa|2
|-boost|p2a: Blastoise|spe|2
|-enditem|p2a: Blastoise|White Herb
|-clearnegativeboost|p2a: Blastoise|[silent]
|
|upkeep
|turn|14
|
|t:|1743854690
|move|p2a: Blastoise|Earthquake|p1a: Zamazenta
|-supereffective|p1a: Zamazenta
|-damage|p1a: Zamazenta|0 fnt
|faint|p1a: Zamazenta
|
|upkeep
|
|t:|1743854697
|switch|p1a: Samurott|Samurott-Hisui, M|100/100
|turn|15
|
|t:|1743854709
|move|p1a: Samurott|Sucker Punch|p2a: Blastoise
|-damage|p2a: Blastoise|0 fnt
|faint|p2a: Blastoise
|
|upkeep
|
|t:|1743854728
|switch|p2a: Weezing|Weezing, M|100/100
|turn|16
|
|t:|1743854740
|switch|p1a: Rotom|Rotom-Wash|100/100
|move|p2a: Weezing|Acid Spray|p1a: Rotom
|-damage|p1a: Rotom|87/100
|-unboost|p1a: Rotom|spd|2
|
|-heal|p1a: Rotom|94/100|[from] item: Leftovers
|upkeep
|turn|17
|inactive|beeboobaa has 120 seconds left.
|
|t:|1743854769
|move|p1a: Rotom|Hydro Pump|p2a: Weezing
|-damage|p2a: Weezing|62/100
|move|p2a: Weezing|Acid Spray|p1a: Rotom
|-damage|p1a: Rotom|70/100
|-unboost|p1a: Rotom|spd|2
|
|-heal|p1a: Rotom|76/100|[from] item: Leftovers
|upkeep
|turn|18
|
|t:|1743854779
|move|p1a: Rotom|Volt Switch|p2a: Weezing
|-damage|p2a: Weezing|41/100
|
|t:|1743854782
|switch|p1a: Dragapult|Dragapult, M|100/100|[from] Volt Switch
|move|p2a: Weezing|Thunderbolt|p1a: Dragapult
|-resisted|p1a: Dragapult
|-damage|p1a: Dragapult|87/100
|
|upkeep
|turn|19
|inactive|beeboobaa has 120 seconds left.
|
|t:|1743854803
|move|p1a: Dragapult|Dragon Darts|p2a: Weezing
|-damage|p2a: Weezing|23/100
|-anim|p1a: Dragapult|Dragon Darts|p2a: Weezing
|-damage|p2a: Weezing|3/100
|move|p2a: Weezing|Acid Spray|p1a: Dragapult
|-resisted|p1a: Dragapult
|-damage|p1a: Dragapult|77/100
|-unboost|p1a: Dragapult|spd|2
|
|upkeep
|turn|20
|inactive|beeboobaa has 120 seconds left.
|
|t:|1743854817
|switch|p2a: Gengar|Gengar, M|100/100
|move|p1a: Dragapult|Hex|p2a: Gengar
|-supereffective|p2a: Gengar
|-damage|p2a: Gengar|10/100
|
|-heal|p2a: Gengar|16/100|[from] item: Leftovers
|upkeep
|turn|21
|
|t:|1743854824
|move|p1a: Dragapult|Hex|p2a: Gengar
|-supereffective|p2a: Gengar
|-damage|p2a: Gengar|0 fnt
|faint|p2a: Gengar
|
|upkeep
|-message|beeboobaa forfeited.
|
|win|Aycker
|raw|Aycker's rating: 1130 &rarr; <strong>1154</strong><br />(+24 for winning)
|raw|beeboobaa's rating: 1115 &rarr; <strong>1091</strong><br />(-24 for losing)
|l|☆Aycker
|player|p1|
|l|☆beeboobaa
|player|p2|
