|j|☆IconicWrecker
|j|☆torr Lee BB
|t:|1743871714
|gametype|singles
|player|p1|IconicWrecker|red|1098
|player|p2|torr Lee BB|policeman-gen4|1072
|teamsize|p1|6
|teamsize|p2|6
|gen|9
|tier|[Gen 9] OU
|rated|
|rule|HP Percentage Mod: HP is shown in percentages
|rule|Endless Battle Clause: Forcing endless battles is banned
|rule|Species Clause: Limit one of each Pokémon
|rule|OHKO Clause: OHKO moves are banned
|rule|Evasion Items Clause: Evasion items are banned
|rule|Evasion Moves Clause: Evasion moves are banned
|rule|Sleep Moves Clause: Sleep-inducing moves are banned
|clearpoke
|poke|p1|Ting-Lu|
|poke|p1|Skeledirge, M|
|poke|p1|Scizor, M|
|poke|p1|Volcanion|
|poke|p1|Latias, F|
|poke|p1|Armarouge, M|
|poke|p2|Salazzle, F|
|poke|p2|Morpeko, F|
|poke|p2|Torterra, M|
|poke|p2|Galvantula, F|
|poke|p2|Diancie|
|poke|p2|Dunsparce, F|
|teampreview
|inactive|Battle timer is ON: inactive players will automatically lose when time's up. (requested by IconicWrecker)
|
|t:|1743871724
|start
|switch|p1a: Latias|Latias, F, shiny|100/100
|switch|p2a: Galvantula|Galvantula, F|100/100
|turn|1
|
|t:|1743871731
|move|p1a: Latias|Light Screen|p1a: Latias
|-sidestart|p1: IconicWrecker|move: Light Screen
|move|p2a: Galvantula|Sticky Web|p1a: Latias
|-sidestart|p1: IconicWrecker|move: Sticky Web
|
|upkeep
|turn|2
|
|t:|1743871735
|move|p1a: Latias|Future Sight|p2a: Galvantula
|-start|p1a: Latias|move: Future Sight
|move|p2a: Galvantula|Thunder Wave|p1a: Latias
|-status|p1a: Latias|par
|
|upkeep
|turn|3
|
|t:|1743871742
|switch|p1a: Ting-Lu|Ting-Lu|100/100
|-activate|p1a: Ting-Lu|move: Sticky Web
|-unboost|p1a: Ting-Lu|spe|1
|-ability|p1a: Ting-Lu|Vessel of Ruin
|move|p2a: Galvantula|Bug Buzz|p1a: Ting-Lu
|-supereffective|p1a: Ting-Lu
|-damage|p1a: Ting-Lu|82/100
|
|-heal|p1a: Ting-Lu|89/100|[from] item: Leftovers
|upkeep
|turn|4
|inactive|IconicWrecker has 120 seconds left.
|
|t:|1743871773
|switch|p2a: Morpeko|Morpeko, F|100/100
|move|p1a: Ting-Lu|Stealth Rock|p2a: Morpeko
|-sidestart|p2: torr Lee BB|move: Stealth Rock
|
|-end|p2a: Morpeko|move: Future Sight
|-immune|p2a: Morpeko
|-heal|p1a: Ting-Lu|95/100|[from] item: Leftovers
|-formechange|p2a: Morpeko|Morpeko-Hangry||[from] ability: Hunger Switch
|upkeep
|turn|5
|inactive|torr Lee BB has 120 seconds left.
|
|t:|1743871794
|move|p2a: Morpeko|Rapid Spin|p1a: Ting-Lu
|-damage|p1a: Ting-Lu|88/100
|-boost|p2a: Morpeko|spe|1
|-sideend|p2: torr Lee BB|Stealth Rock|[from] move: Rapid Spin|[of] p2a: Morpeko
|move|p1a: Ting-Lu|Spikes|p2a: Morpeko
|-sidestart|p2: torr Lee BB|Spikes
|
|-heal|p1a: Ting-Lu|94/100|[from] item: Leftovers
|-formechange|p2a: Morpeko|Morpeko||[from] ability: Hunger Switch
|upkeep
|turn|6
|
|t:|1743871805
|move|p2a: Morpeko|Ice Fang|p1a: Ting-Lu
|-supereffective|p1a: Ting-Lu
|-damage|p1a: Ting-Lu|74/100
|move|p1a: Ting-Lu|Ruination|p2a: Morpeko
|-damage|p2a: Morpeko|51/100
|
|-heal|p1a: Ting-Lu|80/100|[from] item: Leftovers
|-formechange|p2a: Morpeko|Morpeko-Hangry||[from] ability: Hunger Switch
|upkeep
|turn|7
|
|t:|1743871818
|move|p2a: Morpeko|Rapid Spin|p1a: Ting-Lu
|-damage|p1a: Ting-Lu|73/100
|-boost|p2a: Morpeko|spe|1
|-sideend|p2: torr Lee BB|Spikes|[from] move: Rapid Spin|[of] p2a: Morpeko
|move|p1a: Ting-Lu|Whirlwind|p2a: Morpeko
|drag|p2a: Diancie|Diancie|100/100
|
|-heal|p1a: Ting-Lu|79/100|[from] item: Leftovers
|upkeep
|turn|8
|
|t:|1743871831
|move|p2a: Diancie|Diamond Storm|p1a: Ting-Lu
|-resisted|p1a: Ting-Lu
|-damage|p1a: Ting-Lu|70/100
|move|p1a: Ting-Lu|Ruination|p2a: Diancie
|-damage|p2a: Diancie|50/100
|
|-heal|p1a: Ting-Lu|77/100|[from] item: Leftovers
|-sideend|p1: IconicWrecker|move: Light Screen
|upkeep
|turn|9
|
|t:|1743871840
|move|p2a: Diancie|Draining Kiss|p1a: Ting-Lu
|-supereffective|p1a: Ting-Lu
|-damage|p1a: Ting-Lu|61/100
|-heal|p2a: Diancie|68/100|[from] drain|[of] p1a: Ting-Lu
|move|p1a: Ting-Lu|Whirlwind|p2a: Diancie
|drag|p2a: Galvantula|Galvantula, F|100/100
|
|-heal|p1a: Ting-Lu|67/100|[from] item: Leftovers
|upkeep
|turn|10
|
|t:|1743871853
|move|p2a: Galvantula|Bug Buzz|p1a: Ting-Lu
|-supereffective|p1a: Ting-Lu
|-damage|p1a: Ting-Lu|33/100
|move|p1a: Ting-Lu|Ruination|p2a: Galvantula
|-damage|p2a: Galvantula|51/100
|
|-heal|p1a: Ting-Lu|39/100|[from] item: Leftovers
|upkeep
|turn|11
|
|t:|1743871861
|move|p2a: Galvantula|Bug Buzz|p1a: Ting-Lu
|-supereffective|p1a: Ting-Lu
|-damage|p1a: Ting-Lu|2/100
|move|p1a: Ting-Lu|Whirlwind|p2a: Galvantula
|drag|p2a: Torterra|Torterra, M|100/100
|
|-heal|p1a: Ting-Lu|8/100|[from] item: Leftovers
|upkeep
|turn|12
|
|t:|1743871871
|move|p2a: Torterra|Shell Smash|p2a: Torterra
|-unboost|p2a: Torterra|def|1
|-unboost|p2a: Torterra|spd|1
|-boost|p2a: Torterra|atk|2
|-boost|p2a: Torterra|spa|2
|-boost|p2a: Torterra|spe|2
|move|p1a: Ting-Lu|Ruination|p2a: Torterra
|-damage|p2a: Torterra|51/100
|
|-heal|p1a: Ting-Lu|14/100|[from] item: Leftovers
|upkeep
|turn|13
|
|t:|1743871884
|move|p2a: Torterra|Rock Blast|p1a: Ting-Lu
|-resisted|p1a: Ting-Lu
|-damage|p1a: Ting-Lu|10/100
|-resisted|p1a: Ting-Lu
|-damage|p1a: Ting-Lu|6/100
|-resisted|p1a: Ting-Lu
|-damage|p1a: Ting-Lu|2/100
|-resisted|p1a: Ting-Lu
|-damage|p1a: Ting-Lu|0 fnt
|faint|p1a: Ting-Lu
|-hitcount|p1: Ting-Lu|4
|
|upkeep
|
|t:|1743871898
|switch|p1a: Skeledirge|Skeledirge, M|100/100
|-item|p1a: Skeledirge|Air Balloon
|turn|14
|
|t:|1743871910
|-terastallize|p1a: Skeledirge|Dragon
|move|p2a: Torterra|Rock Blast|p1a: Skeledirge
|-damage|p1a: Skeledirge|93/100
|-enditem|p1a: Skeledirge|Air Balloon
|-damage|p1a: Skeledirge|85/100
|-damage|p1a: Skeledirge|78/100
|-damage|p1a: Skeledirge|71/100
|-damage|p1a: Skeledirge|63/100
|-hitcount|p1a: Skeledirge|5
|move|p1a: Skeledirge|Torch Song|p2a: Torterra
|-supereffective|p2a: Torterra
|-damage|p2a: Torterra|0 fnt
|-boost|p1a: Skeledirge|spa|1
|faint|p2a: Torterra
|
|upkeep
|
|t:|1743871927
|switch|p2a: Diancie|Diancie|68/100
|turn|15
|
|t:|1743871936
|move|p1a: Skeledirge|Torch Song|p2a: Diancie
|-resisted|p2a: Diancie
|-damage|p2a: Diancie|51/100
|-boost|p1a: Skeledirge|spa|1
|move|p2a: Diancie|Draining Kiss|p1a: Skeledirge
|-supereffective|p1a: Skeledirge
|-damage|p1a: Skeledirge|32/100
|-heal|p2a: Diancie|77/100|[from] drain|[of] p1a: Skeledirge
|
|upkeep
|turn|16
|
|t:|1743871953
|switch|p1a: Scizor|Scizor, M|100/100
|-activate|p1a: Scizor|move: Sticky Web
|-unboost|p1a: Scizor|spe|1
|move|p2a: Diancie|Draining Kiss|p1a: Scizor
|-resisted|p1a: Scizor
|-damage|p1a: Scizor|91/100
|-heal|p2a: Diancie|84/100|[from] drain|[of] p1a: Scizor
|
|upkeep
|turn|17
|
|t:|1743871961
|move|p2a: Diancie|Diamond Storm|p1a: Scizor
|-damage|p1a: Scizor|55/100
|move|p1a: Scizor|Swords Dance|p1a: Scizor
|-boost|p1a: Scizor|atk|2
|
|upkeep
|turn|18
|
|t:|1743871967
|move|p2a: Diancie|Diamond Storm|p1a: Scizor
|-damage|p1a: Scizor|18/100
|-enditem|p1a: Scizor|Liechi Berry|[eat]
|-boost|p1a: Scizor|atk|1|[from] item: Liechi Berry
|move|p1a: Scizor|Swords Dance|p1a: Scizor
|-boost|p1a: Scizor|atk|2
|
|upkeep
|turn|19
|
|t:|1743871975
|move|p1a: Scizor|Bullet Punch|p2a: Diancie
|-supereffective|p2a: Diancie
|-damage|p2a: Diancie|0 fnt
|faint|p2a: Diancie
|
|upkeep
|
|t:|1743871996
|switch|p2a: Morpeko|Morpeko, F|51/100
|turn|20
|
|t:|1743872007
|move|p1a: Scizor|Bullet Punch|p2a: Morpeko
|-resisted|p2a: Morpeko
|-damage|p2a: Morpeko|0 fnt
|faint|p2a: Morpeko
|
|upkeep
|
|t:|1743872010
|switch|p2a: Salazzle|Salazzle, F|100/100
|-item|p2a: Salazzle|Air Balloon
|turn|21
|
|t:|1743872017
|move|p1a: Scizor|Bullet Punch|p2a: Salazzle
|-resisted|p2a: Salazzle
|-damage|p2a: Salazzle|0 fnt
|-enditem|p2a: Salazzle|Air Balloon
|faint|p2a: Salazzle
|
|upkeep
|
|t:|1743872021
|switch|p2a: Galvantula|Galvantula, F|51/100
|turn|22
|
|t:|1743872025
|move|p1a: Scizor|Bullet Punch|p2a: Galvantula
|-resisted|p2a: Galvantula
|-damage|p2a: Galvantula|0 fnt
|faint|p2a: Galvantula
|
|upkeep
|
|t:|1743872029
|switch|p2a: Dunsparce|Dunsparce, F|100/100
|turn|23
|
|t:|1743872036
|move|p1a: Scizor|Bullet Punch|p2a: Dunsparce
|-damage|p2a: Dunsparce|11/100
|move|p2a: Dunsparce|Body Slam|p1a: Scizor
|-resisted|p1a: Scizor
|-damage|p1a: Scizor|5/100
|-status|p1a: Scizor|par
|
|upkeep
|turn|24
|
|t:|1743872045
|move|p1a: Scizor|Bullet Punch|p2a: Dunsparce
|-damage|p2a: Dunsparce|0 fnt
|faint|p2a: Dunsparce
|
|win|IconicWrecker
|raw|IconicWrecker's rating: 1098 &rarr; <strong>1121</strong><br />(+23 for winning)
|raw|torr Lee BB's rating: 1072 &rarr; <strong>1053</strong><br />(-19 for losing)
|l|☆torr Lee BB
|player|p2|
|l|☆IconicWrecker
|player|p1|
