|j|☆TheLump
|j|☆The hatefull 6
|t:|1743857091
|gametype|singles
|player|p1|TheLump|102|1092
|player|p2|The hatefull 6|gentleman|1125
|teamsize|p1|6
|teamsize|p2|6
|gen|9
|tier|[Gen 9] OU
|rated|
|rule|HP Percentage Mod: HP is shown in percentages
|rule|Endless Battle Clause: Forcing endless battles is banned
|rule|Species Clause: Limit one of each Pokémon
|rule|OHKO Clause: OHKO moves are banned
|rule|Evasion Items Clause: Evasion items are banned
|rule|Evasion Moves Clause: Evasion moves are banned
|rule|Sleep Moves Clause: Sleep-inducing moves are banned
|clearpoke
|poke|p1|Venomoth, M|
|poke|p1|Victreebel, M|
|poke|p1|Torkoal, F|
|poke|p1|Iron Moth|
|poke|p1|Revavroom, F|
|poke|p1|Swalot, M|
|poke|p2|Lokix, M|
|poke|p2|Mimikyu, M|
|poke|p2|Weezing-Galar, F|
|poke|p2|Muk-Alola, F|
|poke|p2|Rotom-Wash|
|poke|p2|Salazzle, F|
|teampreview
|
|t:|1743857096
|start
|switch|p1a: Torkoal|Torkoal, F, shiny|100/100
|switch|p2a: Rotom|Rotom-Wash|100/100
|-weather|SunnyDay|[from] ability: Drought|[of] p1a: Torkoal
|turn|1
|
|t:|1743857106
|switch|p1a: Swalot|Swalot, M|100/100
|move|p2a: Rotom|Thunder Wave|p1a: Swalot
|-status|p1a: Swalot|par
|
|-weather|SunnyDay|[upkeep]
|upkeep
|turn|2
|
|t:|1743857114
|switch|p2a: Salazzle|Salazzle, F|100/100
|move|p1a: Swalot|Toxic|p2a: Salazzle
|-immune|p2a: Salazzle
|
|-weather|SunnyDay|[upkeep]
|upkeep
|turn|3
|
|t:|1743857121
|move|p2a: Salazzle|Encore|p1a: Swalot
|-start|p1a: Swalot|Encore
|move|p1a: Swalot|Toxic|p2a: Salazzle
|-immune|p2a: Salazzle
|
|-weather|SunnyDay|[upkeep]
|upkeep
|turn|4
|
|t:|1743857128
|switch|p1a: Torkoal|Torkoal, F, shiny|100/100
|move|p2a: Salazzle|Flamethrower|p1a: Torkoal
|-resisted|p1a: Torkoal
|-damage|p1a: Torkoal|66/100
|
|-weather|SunnyDay|[upkeep]
|upkeep
|turn|5
|
|t:|1743857137
|-terastallize|p2a: Salazzle|Flying
|move|p2a: Salazzle|Toxic|p1a: Torkoal
|-status|p1a: Torkoal|tox
|move|p1a: Torkoal|Earth Power|p2a: Salazzle
|-immune|p2a: Salazzle
|
|-weather|SunnyDay|[upkeep]
|-damage|p1a: Torkoal|60/100 tox|[from] psn
|upkeep
|turn|6
|
|t:|1743857172
|move|p2a: Salazzle|Encore|p1a: Torkoal
|-start|p1a: Torkoal|Encore
|move|p1a: Torkoal|Earth Power|p2a: Salazzle
|-immune|p2a: Salazzle
|
|-weather|SunnyDay|[upkeep]
|-damage|p1a: Torkoal|48/100 tox|[from] psn
|upkeep
|turn|7
|
|t:|1743857181
|switch|p1a: Swalot|Swalot, M|100/100 par
|move|p2a: Salazzle|Flamethrower|p1a: Swalot
|-damage|p1a: Swalot|57/100 par
|
|-weather|SunnyDay|[upkeep]
|-heal|p1a: Swalot|64/100 par|[from] item: Black Sludge
|upkeep
|turn|8
|
|t:|1743857189
|move|p2a: Salazzle|Sludge Wave|p1a: Swalot
|-resisted|p1a: Swalot
|-damage|p1a: Swalot|48/100 par
|move|p1a: Swalot|Toxic|p2a: Salazzle
|-status|p2a: Salazzle|tox
|
|-weather|none
|-heal|p1a: Swalot|54/100 par|[from] item: Black Sludge
|-damage|p2a: Salazzle|94/100 tox|[from] psn
|upkeep
|turn|9
|
|t:|1743857201
|switch|p1a: Torkoal|Torkoal, F, shiny|48/100 tox
|-weather|SunnyDay|[from] ability: Drought|[of] p1a: Torkoal
|move|p2a: Salazzle|Encore||[still]
|-fail|p2a: Salazzle
|
|-weather|SunnyDay|[upkeep]
|-damage|p2a: Salazzle|82/100 tox|[from] psn
|-damage|p1a: Torkoal|42/100 tox|[from] psn
|upkeep
|turn|10
|
|t:|1743857211
|move|p2a: Salazzle|Sludge Wave|p1a: Torkoal
|-damage|p1a: Torkoal|0 fnt
|faint|p1a: Torkoal
|
|-weather|SunnyDay|[upkeep]
|-damage|p2a: Salazzle|64/100 tox|[from] psn
|upkeep
|
|t:|1743857237
|switch|p1a: Venomoth|Venomoth, M|100/100
|turn|11
|
|t:|1743857241
|-terastallize|p1a: Venomoth|Poison
|move|p2a: Salazzle|Flamethrower|p1a: Venomoth
|-damage|p1a: Venomoth|12/100
|move|p1a: Venomoth|Quiver Dance|p1a: Venomoth
|-boost|p1a: Venomoth|spa|1
|-boost|p1a: Venomoth|spd|1
|-boost|p1a: Venomoth|spe|1
|
|-weather|SunnyDay|[upkeep]
|-heal|p1a: Venomoth|18/100|[from] item: Black Sludge
|-damage|p2a: Salazzle|39/100 tox|[from] psn
|upkeep
|turn|12
|
|t:|1743857254
|move|p1a: Venomoth|Bug Buzz|p2a: Salazzle
|-resisted|p2a: Salazzle
|-damage|p2a: Salazzle|0 fnt
|faint|p2a: Salazzle
|
|-weather|SunnyDay|[upkeep]
|-heal|p1a: Venomoth|24/100|[from] item: Black Sludge
|upkeep
|
|t:|1743857265
|switch|p2a: Lokix|Lokix, M|100/100
|turn|13
|
|t:|1743857272
|move|p2a: Lokix|First Impression|p1a: Venomoth
|-resisted|p1a: Venomoth
|-crit|p1a: Venomoth
|-damage|p1a: Venomoth|0 fnt
|faint|p1a: Venomoth
|-damage|p2a: Lokix|91/100|[from] item: Life Orb
|
|-weather|SunnyDay|[upkeep]
|upkeep
|
|t:|1743857275
|switch|p1a: Iron Moth|Iron Moth|100/100
|-enditem|p1a: Iron Moth|Booster Energy
|-activate|p1a: Iron Moth|ability: Quark Drive|[fromitem]
|-start|p1a: Iron Moth|quarkdrivespe
|turn|14
|
|t:|1743857285
|switch|p2a: Muk|Muk-Alola, F|100/100
|move|p1a: Iron Moth|Fiery Dance|p2a: Muk
|-damage|p2a: Muk|66/100
|-boost|p1a: Iron Moth|spa|1
|
|-weather|SunnyDay|[upkeep]
|upkeep
|turn|15
|
|t:|1743857294
|move|p1a: Iron Moth|Fiery Dance|p2a: Muk
|-damage|p2a: Muk|15/100
|-boost|p1a: Iron Moth|spa|1
|move|p2a: Muk|Knock Off|p1a: Iron Moth
|-damage|p1a: Iron Moth|51/100
|
|-weather|SunnyDay|[upkeep]
|upkeep
|turn|16
|
|t:|1743857303
|move|p2a: Muk|Shadow Sneak|p1a: Iron Moth
|-damage|p1a: Iron Moth|29/100
|move|p1a: Iron Moth|Fiery Dance|p2a: Muk
|-damage|p2a: Muk|0 fnt
|-boost|p1a: Iron Moth|spa|1
|faint|p2a: Muk
|
|-weather|none
|upkeep
|
|t:|1743857314
|switch|p2a: Lokix|Lokix, M|91/100
|turn|17
|l|☆The hatefull 6
|player|p2|
|
|t:|1743857421
|move|p2a: Lokix|First Impression|p1a: Iron Moth
|-resisted|p1a: Iron Moth
|-crit|p1a: Iron Moth
|-damage|p1a: Iron Moth|0 fnt
|faint|p1a: Iron Moth
|-end|p1a: Iron Moth|Quark Drive|[silent]
|-damage|p2a: Lokix|81/100|[from] item: Life Orb
|
|upkeep
|
|t:|1743857424
|switch|p1a: Revavroom|Revavroom, F|100/100
|turn|18
|j|☆The hatefull 6
|player|p2|The hatefull 6|gentleman|
|
|t:|1743857437
|switch|p2a: Rotom|Rotom-Wash|100/100
|move|p1a: Revavroom|Shift Gear|p1a: Revavroom
|-boost|p1a: Revavroom|spe|2
|-boost|p1a: Revavroom|atk|1
|
|upkeep
|turn|19
|
|t:|1743857470
|move|p1a: Revavroom|Poison Jab|p2a: Rotom
|-damage|p2a: Rotom|46/100
|-status|p2a: Rotom|psn
|move|p2a: Rotom|Thunder Wave|p1a: Revavroom
|-status|p1a: Revavroom|par
|
|-damage|p2a: Rotom|33/100 psn|[from] psn
|upkeep
|turn|20
|
|t:|1743857480
|move|p1a: Revavroom|Shift Gear|p1a: Revavroom
|-boost|p1a: Revavroom|spe|2
|-boost|p1a: Revavroom|atk|1
|move|p2a: Rotom|Thunderbolt|p1a: Revavroom
|-damage|p1a: Revavroom|48/100 par
|
|-heal|p1a: Revavroom|54/100 par|[from] item: Leftovers
|-damage|p2a: Rotom|21/100 psn|[from] psn
|upkeep
|turn|21
|
|t:|1743857526
|move|p1a: Revavroom|Poison Jab|p2a: Rotom
|-damage|p2a: Rotom|0 fnt
|faint|p2a: Rotom
|
|-heal|p1a: Revavroom|60/100 par|[from] item: Leftovers
|upkeep
|
|t:|1743857534
|switch|p2a: Mimikyu|Mimikyu, M|100/100
|turn|22
|inactive|Battle timer is ON: inactive players will automatically lose when time's up. (requested by The hatefull 6)
|inactive|TheLump has 120 seconds left.
|inactive|TheLump has 90 seconds left.
|inactiveoff|Battle timer is now OFF.
|l|☆The hatefull 6
|player|p2|
|j|☆The hatefull 6
|player|p2|The hatefull 6|gentleman|
|
|t:|1743857705
|move|p1a: Revavroom|Poison Jab|p2a: Mimikyu
|-activate|p2a: Mimikyu|ability: Disguise
|-damage|p2a: Mimikyu|100/100
|detailschange|p2a: Mimikyu|Mimikyu-Busted, M
|-damage|p2a: Mimikyu|88/100|[from] pokemon: Mimikyu-Busted
|move|p2a: Mimikyu|Drain Punch|p1a: Revavroom
|-damage|p1a: Revavroom|25/100 par
|-heal|p2a: Mimikyu|100/100|[from] drain|[of] p1a: Revavroom
|-damage|p2a: Mimikyu|91/100|[from] item: Life Orb
|
|-heal|p1a: Revavroom|31/100 par|[from] item: Leftovers
|upkeep
|turn|23
|
|t:|1743857720
|move|p1a: Revavroom|Iron Head|p2a: Mimikyu
|-supereffective|p2a: Mimikyu
|-damage|p2a: Mimikyu|0 fnt
|faint|p2a: Mimikyu
|
|-heal|p1a: Revavroom|37/100 par|[from] item: Leftovers
|upkeep
|
|t:|1743857727
|switch|p2a: Lokix|Lokix, M|81/100
|turn|24
|
|t:|1743857731
|move|p2a: Lokix|First Impression|p1a: Revavroom
|-resisted|p1a: Revavroom
|-damage|p1a: Revavroom|4/100 par
|-damage|p2a: Lokix|71/100|[from] item: Life Orb
|move|p1a: Revavroom|Poison Jab|p2a: Lokix
|-crit|p2a: Lokix
|-damage|p2a: Lokix|0 fnt
|faint|p2a: Lokix
|
|-heal|p1a: Revavroom|10/100 par|[from] item: Leftovers
|upkeep
|
|t:|1743857743
|switch|p2a: Weezing|Weezing-Galar, F|100/100
|turn|25
|
|t:|1743857750
|cant|p1a: Revavroom|par
|move|p2a: Weezing|Strange Steam|p1a: Revavroom
|-resisted|p1a: Revavroom
|-damage|p1a: Revavroom|0 fnt
|faint|p1a: Revavroom
|
|upkeep
|
|t:|1743857754
|switch|p1a: Swalot|Swalot, M|54/100 par
|turn|26
|
|t:|1743857762
|move|p2a: Weezing|Strange Steam|p1a: Swalot
|-resisted|p1a: Swalot
|-damage|p1a: Swalot|45/100 par
|move|p1a: Swalot|Thunder Wave|p2a: Weezing
|-status|p2a: Weezing|par
|
|-heal|p1a: Swalot|51/100 par|[from] item: Black Sludge
|upkeep
|turn|27
|-message|The hatefull 6 forfeited.
|
|win|TheLump
|raw|TheLump's rating: 1092 &rarr; <strong>1121</strong><br />(+29 for winning)
|raw|The hatefull 6's rating: 1125 &rarr; <strong>1098</strong><br />(-27 for losing)
|l|☆The hatefull 6
|player|p2|
