|j|☆luvbunz
|j|☆agodamongallmen
|t:|1743877723
|gametype|singles
|player|p1|luvbunz|2|1363
|player|p2|agodamongallmen|266|1359
|teamsize|p1|6
|teamsize|p2|6
|gen|9
|tier|[Gen 9] OU
|rated|
|rule|HP Percentage Mod: HP is shown in percentages
|rule|Endless Battle Clause: Forcing endless battles is banned
|rule|Species Clause: Limit one of each Pokémon
|rule|OHKO Clause: OHKO moves are banned
|rule|Evasion Items Clause: Evasion items are banned
|rule|Evasion Moves Clause: Evasion moves are banned
|rule|Sleep Moves Clause: Sleep-inducing moves are banned
|clearpoke
|poke|p1|Inteleon, M|
|poke|p1|Glimmora, M|
|poke|p1|Dragonite, F|
|poke|p1|Dragapult, M|
|poke|p1|Raging Bolt|
|poke|p1|Iron Treads|
|poke|p2|Rabsca, F|
|poke|p2|Slowking-Galar, M|
|poke|p2|Ursaluna, M|
|poke|p2|Azumarill, F|
|poke|p2|Mimikyu, F|
|poke|p2|Kingambit, F|
|teampreview
|
|t:|1743877772
|start
|switch|p1a: Dragapult|Dragapult, M|100/100
|switch|p2a: Chad|Azumarill, F|100/100
|turn|1
|
|t:|1743877785
|move|p1a: Dragapult|Will-O-Wisp|p2a: Chad|[miss]
|-miss|p1a: Dragapult|p2a: Chad
|move|p2a: Chad|Knock Off|p1a: Dragapult
|-supereffective|p1a: Dragapult
|-damage|p1a: Dragapult|0 fnt
|-enditem|p1a: Dragapult|Life Orb|[from] move: Knock Off|[of] p2a: Chad
|faint|p1a: Dragapult
|
|upkeep
|
|t:|1743877792
|switch|p1a: Raging Bolt|Raging Bolt|100/100
|-enditem|p1a: Raging Bolt|Booster Energy
|-activate|p1a: Raging Bolt|ability: Protosynthesis|[fromitem]
|-start|p1a: Raging Bolt|protosynthesisspa
|turn|2
|
|t:|1743877801
|-terastallize|p2a: Chad|Grass
|move|p1a: Raging Bolt|Calm Mind|p1a: Raging Bolt
|-boost|p1a: Raging Bolt|spa|1
|-boost|p1a: Raging Bolt|spd|1
|move|p2a: Chad|Play Rough|p1a: Raging Bolt
|-supereffective|p1a: Raging Bolt
|-damage|p1a: Raging Bolt|0 fnt
|faint|p1a: Raging Bolt
|-end|p1a: Raging Bolt|Protosynthesis|[silent]
|
|upkeep
|
|t:|1743877806
|switch|p1a: Inteleon|Inteleon, M|100/100
|turn|3
|
|t:|1743877814
|move|p1a: Inteleon|Ice Beam|p2a: Chad
|-supereffective|p2a: Chad
|-crit|p2a: Chad
|-damage|p2a: Chad|10/100
|move|p2a: Chad|Play Rough|p1a: Inteleon
|-damage|p1a: Inteleon|0 fnt
|faint|p1a: Inteleon
|
|upkeep
|
|t:|1743877829
|switch|p1a: Dragonite|Dragonite, F|100/100
|turn|4
|
|t:|1743877836
|move|p1a: Dragonite|Extreme Speed|p2a: Chad
|-damage|p2a: Chad|0 fnt
|faint|p2a: Chad
|
|upkeep
|
|t:|1743877842
|switch|p2a: Decoy|Mimikyu, F|100/100
|turn|5
|
|t:|1743877856
|switch|p1a: Glimmora|Glimmora, M|100/100
|move|p2a: Decoy|Curse|p1a: Glimmora
|-start|p1a: Glimmora|Curse|[of] p2a: Decoy
|-damage|p2a: Decoy|51/100
|
|-damage|p1a: Glimmora|76/100|[from] Curse
|upkeep
|turn|6
|
|t:|1743877869
|move|p1a: Glimmora|Mortal Spin|p2a: Decoy
|-activate|p2a: Decoy|ability: Disguise
|-damage|p2a: Decoy|51/100
|-status|p2a: Decoy|psn
|detailschange|p2a: Decoy|Mimikyu-Busted, F
|-damage|p2a: Decoy|38/100 psn|[from] pokemon: Mimikyu-Busted
|move|p2a: Decoy|Trick Room|p2a: Decoy
|-fieldstart|move: Trick Room|[of] p2a: Decoy
|
|-damage|p2a: Decoy|26/100 psn|[from] psn
|-damage|p1a: Glimmora|51/100|[from] Curse
|upkeep
|turn|7
|
|t:|1743877883
|switch|p2a: Village Crusher|Ursaluna, M|100/100
|move|p1a: Glimmora|Stealth Rock|p2a: Village Crusher
|-sidestart|p2: agodamongallmen|move: Stealth Rock
|
|-damage|p1a: Glimmora|26/100|[from] Curse
|-status|p2a: Village Crusher|brn|[from] item: Flame Orb
|upkeep
|turn|8
|
|t:|1743877896
|move|p2a: Village Crusher|Facade|p1a: Glimmora
|-resisted|p1a: Glimmora
|-damage|p1a: Glimmora|0 fnt
|-activate|p1a: Glimmora|ability: Toxic Debris
|-sidestart|p2: agodamongallmen|move: Toxic Spikes
|faint|p1a: Glimmora
|
|-damage|p2a: Village Crusher|94/100 brn|[from] brn
|upkeep
|
|t:|1743877907
|switch|p1a: Dragonite|Dragonite, F|100/100
|turn|9
|
|t:|1743877918
|-terastallize|p1a: Dragonite|Normal
|move|p2a: Village Crusher|Facade|p1a: Dragonite
|-damage|p1a: Dragonite|27/100
|move|p1a: Dragonite|Ice Spinner|p2a: Village Crusher
|-supereffective|p2a: Village Crusher
|-damage|p2a: Village Crusher|46/100 brn
|
|-damage|p2a: Village Crusher|40/100 brn|[from] brn
|upkeep
|turn|10
|
|t:|1743877933
|switch|p1a: Iron Treads|Iron Treads|100/100
|-enditem|p1a: Iron Treads|Booster Energy
|-activate|p1a: Iron Treads|ability: Quark Drive|[fromitem]
|-start|p1a: Iron Treads|quarkdrivespe
|move|p2a: Village Crusher|Facade|p1a: Iron Treads
|-resisted|p1a: Iron Treads
|-damage|p1a: Iron Treads|40/100
|
|-damage|p2a: Village Crusher|34/100 brn|[from] brn
|-fieldend|move: Trick Room
|upkeep
|turn|11
|
|t:|1743877943
|switch|p2a: Decoy|Mimikyu-Busted, F|26/100 psn
|-damage|p2a: Decoy|13/100 psn|[from] Stealth Rock
|move|p1a: Iron Treads|Earthquake|p2a: Decoy
|-damage|p2a: Decoy|0 fnt
|faint|p2a: Decoy
|
|upkeep
|
|t:|1743877950
|switch|p2a: Atonement|Rabsca, F|100/100
|turn|12
|
|t:|1743877956
|move|p1a: Iron Treads|Rock Slide|p2a: Atonement
|-supereffective|p2a: Atonement
|-damage|p2a: Atonement|63/100
|move|p2a: Atonement|Trick Room|p2a: Atonement
|-fieldstart|move: Trick Room|[of] p2a: Atonement
|
|upkeep
|turn|13
|
|t:|1743877966
|move|p2a: Atonement|Memento|p1a: Iron Treads
|-unboost|p1a: Iron Treads|atk|2
|-unboost|p1a: Iron Treads|spa|2
|faint|p2a: Atonement
|move|p1a: Iron Treads|Rock Slide|p2: Atonement|[notarget]
|-fail|p1a: Iron Treads
|
|upkeep
|
|t:|1743877968
|switch|p2a: Village Crusher|Ursaluna, M|34/100 brn
|-damage|p2a: Village Crusher|28/100 brn|[from] Stealth Rock
|turn|14
|
|t:|1743877985
|move|p2a: Village Crusher|Facade|p1a: Iron Treads
|-resisted|p1a: Iron Treads
|-damage|p1a: Iron Treads|0 fnt
|faint|p1a: Iron Treads
|-end|p1a: Iron Treads|Quark Drive|[silent]
|
|-damage|p2a: Village Crusher|22/100 brn|[from] brn
|upkeep
|
|t:|1743877989
|switch|p1a: Dragonite|Dragonite, F, tera:Normal|27/100
|turn|15
|
|t:|1743878007
|move|p1a: Dragonite|Extreme Speed|p2a: Village Crusher
|-damage|p2a: Village Crusher|0 fnt
|faint|p2a: Village Crusher
|
|upkeep
|
|t:|1743878008
|switch|p2a: Shogun|Kingambit, F|100/100
|-damage|p2a: Shogun|94/100|[from] Stealth Rock
|-activate|p2a: Shogun|ability: Supreme Overlord
|-start|p2a: Shogun|fallen4|[silent]
|turn|16
|
|t:|1743878019
|move|p2a: Shogun|Kowtow Cleave|p1a: Dragonite
|-damage|p1a: Dragonite|0 fnt
|faint|p1a: Dragonite
|
|win|agodamongallmen
|raw|luvbunz's rating: 1363 &rarr; <strong>1343</strong><br />(-20 for losing)
|raw|agodamongallmen's rating: 1359 &rarr; <strong>1379</strong><br />(+20 for winning)
|l|☆agodamongallmen
|player|p2|
|l|☆luvbunz
|player|p1|
