|j|☆Partynparadise
|j|☆animebabesscareme
|t:|1743905219
|gametype|singles
|player|p1|Partynparadise|hilbert|1284
|player|p2|animebabesscareme|bruno|1287
|teamsize|p1|6
|teamsize|p2|6
|gen|9
|tier|[Gen 9] OU
|rated|
|rule|HP Percentage Mod: HP is shown in percentages
|rule|Endless Battle Clause: Forcing endless battles is banned
|rule|Species Clause: Limit one of each Pokémon
|rule|OHKO Clause: OHKO moves are banned
|rule|Evasion Items Clause: Evasion items are banned
|rule|Evasion Moves Clause: Evasion moves are banned
|rule|Sleep Moves Clause: Sleep-inducing moves are banned
|clearpoke
|poke|p1|Grimmsnarl, M|
|poke|p1|Dragapult, F|
|poke|p1|Moltres|
|poke|p1|Zamazenta-*|
|poke|p1|Veluza, F|
|poke|p1|Slowking-Galar, F|
|poke|p2|Suicune|
|poke|p2|Raikou|
|poke|p2|Entei|
|poke|p2|Glimmora, M|
|poke|p2|Gholdengo|
|poke|p2|Great Tusk|
|teampreview
|inactive|Battle timer is ON: inactive players will automatically lose when time's up. (requested by animebabesscareme)
|
|t:|1743905238
|start
|switch|p1a: Grimmsnarl|Grimmsnarl, M|100/100
|switch|p2a: Glimmora|Glimmora, M|100/100
|turn|1
|
|t:|1743905242
|move|p1a: Grimmsnarl|Parting Shot|p2a: Glimmora
|-unboost|p2a: Glimmora|atk|1
|-unboost|p2a: Glimmora|spa|1
|
|t:|1743905245
|switch|p1a: Slowking|Slowking-Galar, F|100/100|[from] Parting Shot
|move|p2a: Glimmora|Mortal Spin|p1a: Slowking
|-resisted|p1a: Slowking
|-damage|p1a: Slowking|98/100
|
|upkeep
|turn|2
|
|t:|1743905250
|move|p2a: Glimmora|Stealth Rock|p1a: Slowking
|-sidestart|p1: Partynparadise|move: Stealth Rock
|move|p1a: Slowking|Future Sight|p2a: Glimmora
|-start|p1a: Slowking|move: Future Sight
|
|upkeep
|turn|3
|
|t:|1743905255
|move|p2a: Glimmora|Earth Power|p1a: Slowking
|-supereffective|p1a: Slowking
|-damage|p1a: Slowking|74/100
|-unboost|p1a: Slowking|spd|1
|move|p1a: Slowking|Psychic Noise|p2a: Glimmora
|-supereffective|p2a: Glimmora
|-damage|p2a: Glimmora|24/100
|-start|p2a: Glimmora|move: Heal Block
|
|upkeep
|turn|4
|
|t:|1743905260
|move|p2a: Glimmora|Earth Power|p1a: Slowking
|-supereffective|p1a: Slowking
|-crit|p1a: Slowking
|-damage|p1a: Slowking|0 fnt
|faint|p1a: Slowking
|
|-end|p2a: Glimmora|move: Future Sight
|-supereffective|p2a: Glimmora
|-damage|p2a: Glimmora|0 fnt
|faint|p2a: Glimmora
|upkeep
|inactive|Partynparadise has 120 seconds left.
|inactive|Partynparadise has 90 seconds left.
|
|t:|1743905341
|switch|p2a: Gholdengo|Gholdengo|100/100
|switch|p1a: Veluza|Veluza, F|100/100
|-damage|p1a: Veluza|88/100|[from] Stealth Rock
|turn|5
|
|t:|1743905349
|switch|p1a: Grimmsnarl|Grimmsnarl, M|100/100
|-damage|p1a: Grimmsnarl|88/100|[from] Stealth Rock
|move|p2a: Gholdengo|Dazzling Gleam|p1a: Grimmsnarl
|-supereffective|p1a: Grimmsnarl
|-damage|p1a: Grimmsnarl|47/100
|
|upkeep
|turn|6
|
|t:|1743905357
|move|p1a: Grimmsnarl|Light Screen|p1a: Grimmsnarl
|-sidestart|p1: Partynparadise|move: Light Screen
|move|p2a: Gholdengo|Nasty Plot|p2a: Gholdengo
|-boost|p2a: Gholdengo|spa|2
|
|upkeep
|turn|7
|
|t:|1743905362
|move|p1a: Grimmsnarl|Parting Shot|p2a: Gholdengo
|-immune|p2a: Gholdengo|[from] ability: Good as Gold
|move|p2a: Gholdengo|Dazzling Gleam|p1a: Grimmsnarl
|-supereffective|p1a: Grimmsnarl
|-damage|p1a: Grimmsnarl|5/100
|
|upkeep
|turn|8
|
|t:|1743905366
|move|p1a: Grimmsnarl|Reflect|p1a: Grimmsnarl
|-sidestart|p1: Partynparadise|Reflect
|move|p2a: Gholdengo|Nasty Plot|p2a: Gholdengo
|-boost|p2a: Gholdengo|spa|2
|
|upkeep
|turn|9
|
|t:|1743905369
|move|p2a: Gholdengo|Nasty Plot|p2a: Gholdengo
|-boost|p2a: Gholdengo|spa|2
|move|p1a: Grimmsnarl|Spirit Break|p2a: Gholdengo
|-resisted|p2a: Gholdengo
|-damage|p2a: Gholdengo|91/100
|-unboost|p2a: Gholdengo|spa|1
|
|-heal|p2a: Gholdengo|97/100|[from] item: Leftovers
|upkeep
|turn|10
|
|t:|1743905372
|move|p2a: Gholdengo|Nasty Plot|p2a: Gholdengo
|-boost|p2a: Gholdengo|spa|1
|move|p1a: Grimmsnarl|Spirit Break|p2a: Gholdengo
|-resisted|p2a: Gholdengo
|-damage|p2a: Gholdengo|87/100
|-unboost|p2a: Gholdengo|spa|1
|
|-heal|p2a: Gholdengo|93/100|[from] item: Leftovers
|upkeep
|turn|11
|
|t:|1743905375
|move|p2a: Gholdengo|Nasty Plot|p2a: Gholdengo
|-boost|p2a: Gholdengo|spa|1
|move|p1a: Grimmsnarl|Spirit Break|p2a: Gholdengo
|-resisted|p2a: Gholdengo
|-damage|p2a: Gholdengo|84/100
|-unboost|p2a: Gholdengo|spa|1
|
|-heal|p2a: Gholdengo|90/100|[from] item: Leftovers
|upkeep
|turn|12
|
|t:|1743905376
|switch|p1a: Moltres|Moltres|100/100
|move|p2a: Gholdengo|Nasty Plot|p2a: Gholdengo
|-boost|p2a: Gholdengo|spa|1
|
|-heal|p2a: Gholdengo|96/100|[from] item: Leftovers
|upkeep
|turn|13
|
|t:|1743905384
|switch|p2a: Raikou|Raikou|100/100
|-ability|p2a: Raikou|Pressure
|move|p1a: Moltres|Flamethrower|p2a: Raikou
|-damage|p2a: Raikou|61/100
|
|-sideend|p1: Partynparadise|move: Light Screen
|upkeep
|turn|14
|
|t:|1743905391
|switch|p1a: Grimmsnarl|Grimmsnarl, M|5/100
|-damage|p1a: Grimmsnarl|0 fnt|[from] Stealth Rock
|faint|p1a: Grimmsnarl
|move|p2a: Raikou|Thunderbolt|p1: Grimmsnarl|[notarget]
|-fail|p2a: Raikou
|
|upkeep
|
|t:|1743905393
|switch|p1a: Veluza|Veluza, F|88/100
|-damage|p1a: Veluza|76/100|[from] Stealth Rock
|turn|15
|
|t:|1743905398
|-terastallize|p1a: Veluza|Electric
|move|p2a: Raikou|Thunderbolt|p1a: Veluza
|-resisted|p1a: Veluza
|-damage|p1a: Veluza|27/100
|move|p1a: Veluza|Fillet Away||[still]
|-fail|p1a: Veluza
|
|-sideend|p1: Partynparadise|Reflect
|upkeep
|turn|16
|
|t:|1743905405
|move|p2a: Raikou|Thunderbolt|p1a: Veluza
|-resisted|p1a: Veluza
|-damage|p1a: Veluza|0 fnt
|faint|p1a: Veluza
|
|upkeep
|
|t:|1743905408
|switch|p1a: Dragapult|Dragapult, F|100/100
|-damage|p1a: Dragapult|88/100|[from] Stealth Rock
|turn|17
|
|t:|1743905419
|switch|p2a: Great Tusk|Great Tusk|100/100
|move|p1a: Dragapult|Substitute|p1a: Dragapult
|-start|p1a: Dragapult|Substitute
|-damage|p1a: Dragapult|63/100
|
|-heal|p1a: Dragapult|69/100|[from] item: Leftovers
|upkeep
|turn|18
|
|t:|1743905421
|move|p1a: Dragapult|Dragon Darts|p2a: Great Tusk
|-damage|p2a: Great Tusk|81/100
|-anim|p1a: Dragapult|Dragon Darts|p2a: Great Tusk
|-damage|p2a: Great Tusk|60/100
|move|p2a: Great Tusk|Knock Off|p1a: Dragapult
|-supereffective|p1a: Dragapult
|-end|p1a: Dragapult|Substitute
|
|-heal|p1a: Dragapult|75/100|[from] item: Leftovers
|-heal|p2a: Great Tusk|66/100|[from] item: Leftovers
|upkeep
|turn|19
|
|t:|1743905427
|switch|p1a: Moltres|Moltres|100/100
|move|p2a: Great Tusk|Ice Spinner|p1a: Moltres
|-damage|p1a: Moltres|81/100
|
|-heal|p2a: Great Tusk|72/100|[from] item: Leftovers
|upkeep
|turn|20
|
|t:|1743905431
|move|p2a: Great Tusk|Knock Off|p1a: Moltres
|-damage|p1a: Moltres|55/100
|-enditem|p1a: Moltres|Heavy-Duty Boots|[from] move: Knock Off|[of] p2a: Great Tusk
|move|p1a: Moltres|U-turn|p2a: Great Tusk
|-resisted|p2a: Great Tusk
|-damage|p2a: Great Tusk|67/100
|
|t:|1743905435
|switch|p1a: Zamazenta|Zamazenta|100/100|[from] U-turn
|-damage|p1a: Zamazenta|94/100|[from] Stealth Rock
|-ability|p1a: Zamazenta|Dauntless Shield|boost
|-boost|p1a: Zamazenta|def|1
|
|-heal|p1a: Zamazenta|100/100|[from] item: Leftovers
|-heal|p2a: Great Tusk|73/100|[from] item: Leftovers
|upkeep
|turn|21
|
|t:|1743905439
|move|p1a: Zamazenta|Substitute|p1a: Zamazenta
|-start|p1a: Zamazenta|Substitute
|-damage|p1a: Zamazenta|76/100
|move|p2a: Great Tusk|Knock Off|p1a: Zamazenta
|-resisted|p1a: Zamazenta
|-activate|p1a: Zamazenta|move: Substitute|[damage]
|
|-heal|p1a: Zamazenta|82/100|[from] item: Leftovers
|-heal|p2a: Great Tusk|79/100|[from] item: Leftovers
|upkeep
|turn|22
|
|t:|1743905443
|-end|p2a: Great Tusk|Protosynthesis|[silent]
|switch|p2a: Gholdengo|Gholdengo|96/100
|move|p1a: Zamazenta|Body Press|p2a: Gholdengo
|-immune|p2a: Gholdengo
|
|-heal|p1a: Zamazenta|88/100|[from] item: Leftovers
|-heal|p2a: Gholdengo|100/100|[from] item: Leftovers
|upkeep
|turn|23
|
|t:|1743905448
|move|p1a: Zamazenta|Crunch|p2a: Gholdengo
|-supereffective|p2a: Gholdengo
|-damage|p2a: Gholdengo|63/100
|move|p2a: Gholdengo|Dazzling Gleam|p1a: Zamazenta
|-supereffective|p1a: Zamazenta
|-end|p1a: Zamazenta|Substitute
|
|-heal|p1a: Zamazenta|94/100|[from] item: Leftovers
|-heal|p2a: Gholdengo|69/100|[from] item: Leftovers
|upkeep
|turn|24
|
|t:|1743905451
|move|p1a: Zamazenta|Crunch|p2a: Gholdengo
|-supereffective|p2a: Gholdengo
|-damage|p2a: Gholdengo|32/100
|-unboost|p2a: Gholdengo|def|1
|move|p2a: Gholdengo|Dazzling Gleam|p1a: Zamazenta
|-supereffective|p1a: Zamazenta
|-damage|p1a: Zamazenta|52/100
|
|-heal|p1a: Zamazenta|58/100|[from] item: Leftovers
|-heal|p2a: Gholdengo|38/100|[from] item: Leftovers
|upkeep
|turn|25
|
|t:|1743905456
|switch|p2a: Raikou|Raikou|61/100
|-ability|p2a: Raikou|Pressure
|move|p1a: Zamazenta|Crunch|p2a: Raikou
|-damage|p2a: Raikou|25/100
|-unboost|p2a: Raikou|def|1
|
|-heal|p1a: Zamazenta|64/100|[from] item: Leftovers
|upkeep
|turn|26
|
|t:|1743905458
|move|p1a: Zamazenta|Crunch|p2a: Raikou
|-damage|p2a: Raikou|0 fnt
|faint|p2a: Raikou
|
|-heal|p1a: Zamazenta|71/100|[from] item: Leftovers
|upkeep
|
|t:|1743905463
|switch|p2a: Suicune|Suicune|100/100
|-ability|p2a: Suicune|Pressure
|turn|27
|
|t:|1743905467
|move|p1a: Zamazenta|Body Press|p2a: Suicune
|-damage|p2a: Suicune|72/100
|move|p2a: Suicune|Substitute|p2a: Suicune
|-start|p2a: Suicune|Substitute
|-damage|p2a: Suicune|47/100
|
|-heal|p1a: Zamazenta|77/100|[from] item: Leftovers
|-heal|p2a: Suicune|53/100|[from] item: Leftovers
|upkeep
|turn|28
|
|t:|1743905471
|move|p1a: Zamazenta|Body Press|p2a: Suicune
|-crit|p2a: Suicune
|-end|p2a: Suicune|Substitute
|move|p2a: Suicune|Scald|p1a: Zamazenta
|-damage|p1a: Zamazenta|54/100
|
|-heal|p1a: Zamazenta|60/100|[from] item: Leftovers
|-heal|p2a: Suicune|59/100|[from] item: Leftovers
|upkeep
|turn|29
|
|t:|1743905476
|move|p1a: Zamazenta|Substitute|p1a: Zamazenta
|-start|p1a: Zamazenta|Substitute
|-damage|p1a: Zamazenta|36/100
|move|p2a: Suicune|Scald|p1a: Zamazenta
|-end|p1a: Zamazenta|Substitute
|
|-heal|p1a: Zamazenta|42/100|[from] item: Leftovers
|-heal|p2a: Suicune|66/100|[from] item: Leftovers
|upkeep
|turn|30
|
|t:|1743905481
|move|p1a: Zamazenta|Body Press|p2a: Suicune
|-crit|p2a: Suicune
|-damage|p2a: Suicune|22/100
|move|p2a: Suicune|Scald|p1a: Zamazenta
|-damage|p1a: Zamazenta|19/100
|
|-heal|p1a: Zamazenta|25/100|[from] item: Leftovers
|-heal|p2a: Suicune|28/100|[from] item: Leftovers
|upkeep
|turn|31
|
|t:|1743905484
|-terastallize|p2a: Suicune|Fairy
|move|p1a: Zamazenta|Body Press|p2a: Suicune
|-resisted|p2a: Suicune
|-damage|p2a: Suicune|15/100
|move|p2a: Suicune|Scald|p1a: Zamazenta
|-damage|p1a: Zamazenta|1/100
|
|-heal|p1a: Zamazenta|8/100|[from] item: Leftovers
|-heal|p2a: Suicune|21/100|[from] item: Leftovers
|upkeep
|turn|32
|
|t:|1743905489
|move|p1a: Zamazenta|Heavy Slam|p2a: Suicune
|-supereffective|p2a: Suicune
|-damage|p2a: Suicune|6/100
|move|p2a: Suicune|Scald|p1a: Zamazenta
|-damage|p1a: Zamazenta|0 fnt
|faint|p1a: Zamazenta
|
|-heal|p2a: Suicune|12/100|[from] item: Leftovers
|upkeep
|
|t:|1743905492
|switch|p1a: Moltres|Moltres|55/100
|-damage|p1a: Moltres|5/100|[from] Stealth Rock
|turn|33
|
|t:|1743905494
|move|p1a: Moltres|Flamethrower|p2a: Suicune
|-damage|p2a: Suicune|0 fnt
|faint|p2a: Suicune
|
|upkeep
|
|t:|1743905498
|switch|p2a: Great Tusk|Great Tusk|79/100
|turn|34
|
|t:|1743905500
|move|p2a: Great Tusk|Knock Off|p1a: Moltres
|-damage|p1a: Moltres|0 fnt
|faint|p1a: Moltres
|
|-heal|p2a: Great Tusk|85/100|[from] item: Leftovers
|upkeep
|
|t:|1743905503
|switch|p1a: Dragapult|Dragapult, F|75/100
|-damage|p1a: Dragapult|63/100|[from] Stealth Rock
|turn|35
|
|t:|1743905506
|move|p1a: Dragapult|Dragon Dance|p1a: Dragapult
|-boost|p1a: Dragapult|atk|1
|-boost|p1a: Dragapult|spe|1
|move|p2a: Great Tusk|Ice Spinner|p1a: Dragapult
|-supereffective|p1a: Dragapult
|-damage|p1a: Dragapult|0 fnt
|faint|p1a: Dragapult
|
|win|animebabesscareme
|raw|Partynparadise's rating: 1284 &rarr; <strong>1258</strong><br />(-26 for losing)
|raw|animebabesscareme's rating: 1266 &rarr; <strong>1292</strong><br />(+26 for winning)
|l|☆animebabesscareme
|player|p2|
|l|☆Partynparadise
|player|p1|
