|j|☆ollin34
|j|☆tohelpu
|t:|1743845294
|gametype|singles
|player|p1|ollin34|170|1115
|player|p2|tohelpu|1|1147
|teamsize|p1|6
|teamsize|p2|6
|gen|9
|tier|[Gen 9] OU
|rated|
|rule|HP Percentage Mod: HP is shown in percentages
|rule|Endless Battle Clause: Forcing endless battles is banned
|rule|Species Clause: Limit one of each Pokémon
|rule|OHKO Clause: OHKO moves are banned
|rule|Evasion Items Clause: Evasion items are banned
|rule|Evasion Moves Clause: Evasion moves are banned
|rule|Sleep Moves Clause: Sleep-inducing moves are banned
|clearpoke
|poke|p1|Tinkaton, F|
|poke|p1|Gliscor, M|
|poke|p1|Ursaluna, M|
|poke|p1|Skeledirge, M|
|poke|p1|Meowscarada, F|
|poke|p1|Galvantula, M|
|poke|p2|Gumshoos, M|
|poke|p2|Magnezone|
|poke|p2|Enamorus-Therian, F|
|poke|p2|Sableye, F|
|poke|p2|Zapdos-Galar|
|poke|p2|Ursaluna, M|
|teampreview
|
|t:|1743845301
|start
|switch|p1a: Tinkaton|Tinkaton, F|100/100
|switch|p2a: Zapdos|Zapdos-Galar|100/100
|-item|p1a: Tinkaton|Air Balloon
|turn|1
|
|t:|1743845308
|move|p2a: Zapdos|Thunderous Kick|p1a: Tinkaton
|-crit|p1a: Tinkaton
|-damage|p1a: Tinkaton|14/100
|-unboost|p1a: Tinkaton|def|1
|-enditem|p1a: Tinkaton|Air Balloon
|-enditem|p2a: Zapdos|Choice Band|[silent]|[from] ability: Pickpocket|[of] p2a: Zapdos
|-item|p1a: Tinkaton|Choice Band|[from] ability: Pickpocket|[of] p2a: Zapdos
|move|p1a: Tinkaton|Thunder Wave|p2a: Zapdos
|-status|p2a: Zapdos|par
|
|upkeep
|turn|2
|
|t:|1743845318
|switch|p1a: Galvantula|Galvantula, M|100/100
|move|p2a: Zapdos|U-turn|p1a: Galvantula
|-damage|p1a: Galvantula|60/100
|
|t:|1743845342
|switch|p2a: Gumshoos|Gumshoos, M|100/100|[from] U-turn
|
|upkeep
|turn|3
|
|t:|1743845347
|move|p1a: Galvantula|Sticky Web|p2a: Gumshoos
|-sidestart|p2: tohelpu|move: Sticky Web
|move|p2a: Gumshoos|Knock Off|p1a: Galvantula
|-damage|p1a: Galvantula|0 fnt
|-enditem|p1a: Galvantula|Focus Sash|[from] move: Knock Off|[of] p2a: Gumshoos
|faint|p1a: Galvantula
|
|upkeep
|
|t:|1743845361
|switch|p1a: Meowscarada|Meowscarada, F|100/100
|turn|4
|
|t:|1743845365
|move|p1a: Meowscarada|U-turn|p2a: Gumshoos
|-start|p1a: Meowscarada|typechange|Bug|[from] ability: Protean
|-damage|p2a: Gumshoos|43/100
|
|t:|1743845370
|switch|p1a: Skeledirge|Skeledirge, M|100/100|[from] U-turn
|move|p2a: Gumshoos|Knock Off|p1a: Skeledirge
|-supereffective|p1a: Skeledirge
|-damage|p1a: Skeledirge|0 fnt
|-enditem|p1a: Skeledirge|Assault Vest|[from] move: Knock Off|[of] p2a: Gumshoos
|faint|p1a: Skeledirge
|
|upkeep
|
|t:|1743845375
|switch|p1a: Meowscarada|Meowscarada, F|100/100
|turn|5
|
|t:|1743845380
|switch|p2a: Zapdos|Zapdos-Galar|100/100 par
|move|p1a: Meowscarada|U-turn|p2a: Zapdos
|-start|p1a: Meowscarada|typechange|Bug|[from] ability: Protean
|-resisted|p2a: Zapdos
|-damage|p2a: Zapdos|86/100 par
|
|t:|1743845386
|switch|p1a: Tinkaton|Tinkaton, F|14/100|[from] U-turn
|
|upkeep
|turn|6
|
|t:|1743845391
|move|p1a: Tinkaton|Knock Off|p2a: Zapdos
|-resisted|p2a: Zapdos
|-damage|p2a: Zapdos|75/100 par
|cant|p2a: Zapdos|par
|
|upkeep
|turn|7
|
|t:|1743845398
|switch|p1a: Meowscarada|Meowscarada, F|100/100
|cant|p2a: Zapdos|par
|
|upkeep
|turn|8
|
|t:|1743845405
|move|p1a: Meowscarada|Triple Axel|p2a: Zapdos
|-start|p1a: Meowscarada|typechange|Ice|[from] ability: Protean
|-supereffective|p2a: Zapdos
|-damage|p2a: Zapdos|43/100 par
|-supereffective|p2a: Zapdos
|-damage|p2a: Zapdos|0 fnt
|faint|p2a: Zapdos
|-hitcount|p2: Zapdos|2
|
|upkeep
|
|t:|1743845413
|switch|p2a: Magnezone|Magnezone|100/100
|-activate|p2a: Magnezone|move: Sticky Web
|-unboost|p2a: Magnezone|spe|1
|turn|9
|
|t:|1743845418
|switch|p1a: Tinkaton|Tinkaton, F|14/100
|-terastallize|p2a: Magnezone|Ice
|move|p2a: Magnezone|Tera Blast|p1a: Tinkaton|[anim] Tera Blast Ice
|-resisted|p1a: Tinkaton
|-crit|p1a: Tinkaton
|-damage|p1a: Tinkaton|0 fnt
|faint|p1a: Tinkaton
|
|upkeep
|
|t:|1743845426
|switch|p1a: Meowscarada|Meowscarada, F|100/100
|turn|10
|
|t:|1743845434
|switch|p2a: Sableye|Sableye, F|100/100
|-activate|p2a: Sableye|move: Sticky Web
|-unboost|p2a: Sableye|spe|1
|move|p1a: Meowscarada|Flower Trick|p2a: Sableye
|-start|p1a: Meowscarada|typechange|Grass|[from] ability: Protean
|-crit|p2a: Sableye
|-damage|p2a: Sableye|30/100
|
|-heal|p2a: Sableye|36/100|[from] item: Leftovers
|upkeep
|turn|11
|
|t:|1743845447
|move|p2a: Sableye|Will-O-Wisp|p1a: Meowscarada
|-status|p1a: Meowscarada|brn
|move|p1a: Meowscarada|Flower Trick|p2a: Sableye
|-crit|p2a: Sableye
|-damage|p2a: Sableye|0 fnt
|faint|p2a: Sableye
|
|-damage|p1a: Meowscarada|94/100 brn|[from] brn
|upkeep
|inactive|Battle timer is ON: inactive players will automatically lose when time's up. (requested by ollin34)
|
|t:|1743845495
|switch|p2a: Enamorus|Enamorus-Therian, F|100/100
|turn|12
|
|t:|1743845506
|switch|p1a: Gliscor|Gliscor, M|100/100
|move|p2a: Enamorus|Iron Defense|p2a: Enamorus
|-boost|p2a: Enamorus|def|2
|
|-status|p1a: Gliscor|tox|[from] item: Toxic Orb
|upkeep
|turn|13
|
|t:|1743845513
|move|p1a: Gliscor|Substitute|p1a: Gliscor
|-start|p1a: Gliscor|Substitute
|-damage|p1a: Gliscor|76/100 tox
|move|p2a: Enamorus|Calm Mind|p2a: Enamorus
|-boost|p2a: Enamorus|spa|1
|-boost|p2a: Enamorus|spd|1
|
|-heal|p1a: Gliscor|88/100 tox|[from] ability: Poison Heal
|upkeep
|turn|14
|
|t:|1743845520
|move|p1a: Gliscor|Crabhammer|p2a: Enamorus
|-damage|p2a: Enamorus|92/100
|move|p2a: Enamorus|Draining Kiss|p1a: Gliscor
|-end|p1a: Gliscor|Substitute
|-heal|p2a: Enamorus|100/100|[from] drain|[of] p1a: Gliscor
|
|-heal|p1a: Gliscor|99/100 tox|[from] ability: Poison Heal
|upkeep
|turn|15
|
|t:|1743845529
|move|p1a: Gliscor|Crabhammer|p2a: Enamorus
|-damage|p2a: Enamorus|91/100
|move|p2a: Enamorus|Draining Kiss|p1a: Gliscor
|-damage|p1a: Gliscor|60/100 tox
|-heal|p2a: Enamorus|100/100|[from] drain|[of] p1a: Gliscor
|
|-heal|p1a: Gliscor|73/100 tox|[from] ability: Poison Heal
|upkeep
|turn|16
|
|t:|1743845537
|move|p1a: Gliscor|Crabhammer|p2a: Enamorus
|-damage|p2a: Enamorus|92/100
|move|p2a: Enamorus|Draining Kiss|p1a: Gliscor
|-damage|p1a: Gliscor|28/100 tox
|-heal|p2a: Enamorus|100/100|[from] drain|[of] p1a: Gliscor
|
|-heal|p1a: Gliscor|40/100 tox|[from] ability: Poison Heal
|upkeep
|turn|17
|
|t:|1743845545
|move|p1a: Gliscor|Crabhammer|p2a: Enamorus|[miss]
|-miss|p1a: Gliscor|p2a: Enamorus
|move|p2a: Enamorus|Draining Kiss|p1a: Gliscor
|-damage|p1a: Gliscor|0 fnt
|faint|p1a: Gliscor
|
|upkeep
|
|t:|1743845550
|switch|p1a: Meowscarada|Meowscarada, F|94/100 brn
|turn|18
|
|t:|1743845558
|move|p1a: Meowscarada|Triple Axel|p2a: Enamorus
|-start|p1a: Meowscarada|typechange|Ice|[from] ability: Protean
|-supereffective|p2a: Enamorus
|-damage|p2a: Enamorus|95/100
|-supereffective|p2a: Enamorus
|-damage|p2a: Enamorus|85/100
|-supereffective|p2a: Enamorus
|-damage|p2a: Enamorus|68/100
|-hitcount|p2a: Enamorus|3
|move|p2a: Enamorus|Draining Kiss|p1a: Meowscarada
|-damage|p1a: Meowscarada|41/100 brn
|-heal|p2a: Enamorus|100/100|[from] drain|[of] p1a: Meowscarada
|
|-damage|p1a: Meowscarada|35/100 brn|[from] brn
|upkeep
|turn|19
|
|t:|1743845572
|move|p1a: Meowscarada|Triple Axel|p2a: Enamorus
|-supereffective|p2a: Enamorus
|-crit|p2a: Enamorus
|-damage|p2a: Enamorus|87/100
|-supereffective|p2a: Enamorus
|-damage|p2a: Enamorus|77/100
|-hitcount|p2a: Enamorus|2
|move|p2a: Enamorus|Iron Defense|p2a: Enamorus
|-boost|p2a: Enamorus|def|2
|
|-heal|p2a: Enamorus|83/100|[from] item: Leftovers
|-damage|p1a: Meowscarada|29/100 brn|[from] brn
|upkeep
|turn|20
|
|t:|1743845585
|move|p1a: Meowscarada|Triple Axel|p2a: Enamorus
|-supereffective|p2a: Enamorus
|-damage|p2a: Enamorus|80/100
|-hitcount|p2a: Enamorus|1
|move|p2a: Enamorus|Draining Kiss|p1a: Meowscarada
|-damage|p1a: Meowscarada|0 fnt
|-heal|p2a: Enamorus|98/100|[from] drain|[of] p1a: Meowscarada
|faint|p1a: Meowscarada
|
|-heal|p2a: Enamorus|100/100|[from] item: Leftovers
|upkeep
|
|t:|1743845589
|switch|p1a: Ursaluna|Ursaluna, M|100/100
|turn|21
|-message|ollin34 forfeited.
|
|win|tohelpu
|raw|ollin34's rating: 1115 &rarr; <strong>1092</strong><br />(-23 for losing)
|raw|tohelpu's rating: 1147 &rarr; <strong>1170</strong><br />(+23 for winning)
|l|☆ollin34
|player|p1|
|c|☆tohelpu|gg
