|j|☆ChessDennis
|j|☆The Name Change
|t:|1743828981
|gametype|singles
|player|p1|ChessDennis|101|1457
|player|p2|The Name Change|1|1474
|teamsize|p1|6
|teamsize|p2|6
|gen|9
|tier|[Gen 9] OU
|rated|
|rule|HP Percentage Mod: HP is shown in percentages
|rule|Endless Battle Clause: Forcing endless battles is banned
|rule|Species Clause: Limit one of each Pokémon
|rule|OHKO Clause: OHKO moves are banned
|rule|Evasion Items Clause: Evasion items are banned
|rule|Evasion Moves Clause: Evasion moves are banned
|rule|Sleep Moves Clause: Sleep-inducing moves are banned
|clearpoke
|poke|p1|Hydreigon, F|
|poke|p1|Gholdengo|
|poke|p1|Dragapult, M|
|poke|p1|Ogerpon-Wellspring, F|
|poke|p1|Clodsire, F|
|poke|p1|Raging Bolt|
|poke|p2|Gliscor, M|
|poke|p2|Keldeo|
|poke|p2|Ting-Lu|
|poke|p2|Sinistcha-Masterpiece|
|poke|p2|Tinkaton, F|
|poke|p2|Dragonite, F|
|teampreview
|
|t:|1743828998
|start
|switch|p1a: Ogerpon|Ogerpon-Wellspring, F|100/100
|switch|p2a: Tinkaton|Tinkaton, F|100/100
|-ability|p2a: Tinkaton|Mold Breaker
|-item|p2a: Tinkaton|Air Balloon
|turn|1
|
|t:|1743829009
|move|p1a: Ogerpon|Swords Dance|p1a: Ogerpon
|-boost|p1a: Ogerpon|atk|2
|move|p2a: Tinkaton|Thunder Wave|p1a: Ogerpon
|-status|p1a: Ogerpon|par
|
|upkeep
|turn|2
|
|t:|1743829015
|move|p2a: Tinkaton|Encore|p1a: Ogerpon
|-start|p1a: Ogerpon|Encore
|move|p1a: Ogerpon|Swords Dance|p1a: Ogerpon
|-boost|p1a: Ogerpon|atk|2
|
|upkeep
|turn|3
|
|t:|1743829021
|switch|p1a: Raging Bolt|Raging Bolt|100/100
|move|p2a: Tinkaton|Gigaton Hammer|p1a: Raging Bolt
|-resisted|p1a: Raging Bolt
|-damage|p1a: Raging Bolt|84/100
|
|upkeep
|turn|4
|
|t:|1743829028
|switch|p2a: Ting-Lu|Ting-Lu|100/100
|-ability|p2a: Ting-Lu|Vessel of Ruin
|move|p1a: Raging Bolt|Discharge|p2a: Ting-Lu
|-immune|p2a: Ting-Lu
|
|upkeep
|turn|5
|
|t:|1743829039
|-end|p1a: Raging Bolt|Protosynthesis|[silent]
|switch|p1a: Ogerpon|Ogerpon-Wellspring, F|100/100 par
|move|p2a: Ting-Lu|Spikes|p1a: Ogerpon
|-sidestart|p1: ChessDennis|Spikes
|
|upkeep
|turn|6
|
|t:|1743829050
|switch|p2a: Sinistcha|Sinistcha-Masterpiece|100/100
|move|p1a: Ogerpon|Swords Dance|p1a: Ogerpon
|-boost|p1a: Ogerpon|atk|2
|
|upkeep
|turn|7
|
|t:|1743829057
|switch|p1a: Gholdengo|Gholdengo|100/100
|-damage|p1a: Gholdengo|88/100|[from] Spikes
|move|p2a: Sinistcha|Shadow Ball|p1a: Gholdengo
|-supereffective|p1a: Gholdengo
|-damage|p1a: Gholdengo|24/100
|
|upkeep
|turn|8
|
|t:|1743829062
|switch|p2a: Ting-Lu|Ting-Lu|100/100
|-ability|p2a: Ting-Lu|Vessel of Ruin
|move|p1a: Gholdengo|Shadow Ball|p2a: Ting-Lu
|-resisted|p2a: Ting-Lu
|-damage|p2a: Ting-Lu|89/100
|
|-heal|p2a: Ting-Lu|95/100|[from] item: Leftovers
|upkeep
|turn|9
|
|t:|1743829070
|switch|p1a: Clodsire|Clodsire, F|100/100
|move|p2a: Ting-Lu|Earthquake|p1a: Clodsire
|-supereffective|p1a: Clodsire
|-damage|p1a: Clodsire|39/100
|
|-heal|p2a: Ting-Lu|100/100|[from] item: Leftovers
|upkeep
|turn|10
|
|t:|1743829079
|move|p2a: Ting-Lu|Spikes|p1a: Clodsire
|-sidestart|p1: ChessDennis|Spikes
|move|p1a: Clodsire|Recover|p1a: Clodsire
|-heal|p1a: Clodsire|89/100
|
|upkeep
|turn|11
|
|t:|1743829084
|move|p2a: Ting-Lu|Earthquake|p1a: Clodsire
|-supereffective|p1a: Clodsire
|-damage|p1a: Clodsire|23/100
|move|p1a: Clodsire|Stealth Rock|p2a: Ting-Lu
|-sidestart|p2: The Name Change|move: Stealth Rock
|
|upkeep
|turn|12
|
|t:|1743829092
|switch|p1a: Hydreigon|Hydreigon, F|100/100
|move|p2a: Ting-Lu|Whirlwind|p1a: Hydreigon
|drag|p1a: Dragapult|Dragapult, M|100/100
|-damage|p1a: Dragapult|84/100|[from] Spikes
|
|upkeep
|turn|13
|
|t:|1743829099
|move|p1a: Dragapult|Will-O-Wisp|p2a: Ting-Lu
|-status|p2a: Ting-Lu|brn
|move|p2a: Ting-Lu|Spikes|p1a: Dragapult
|-sidestart|p1: ChessDennis|Spikes
|
|-damage|p2a: Ting-Lu|94/100 brn|[from] brn
|upkeep
|turn|14
|
|t:|1743829102
|move|p1a: Dragapult|Dragon Darts|p2a: Ting-Lu
|-damage|p2a: Ting-Lu|83/100 brn
|-anim|p1a: Dragapult|Dragon Darts|p2a: Ting-Lu
|-damage|p2a: Ting-Lu|71/100 brn
|move|p2a: Ting-Lu|Ruination|p1a: Dragapult
|-damage|p1a: Dragapult|42/100
|
|-heal|p2a: Ting-Lu|78/100 brn|[from] item: Leftovers
|-damage|p2a: Ting-Lu|71/100 brn|[from] brn
|upkeep
|turn|15
|
|t:|1743829107
|switch|p2a: Tinkaton|Tinkaton, F|100/100
|-damage|p2a: Tinkaton|94/100|[from] Stealth Rock
|-ability|p2a: Tinkaton|Mold Breaker
|-item|p2a: Tinkaton|Air Balloon
|move|p1a: Dragapult|Dragon Darts|p2a: Tinkaton
|-immune|p2a: Tinkaton
|
|upkeep
|turn|16
|
|t:|1743829116
|move|p1a: Dragapult|Will-O-Wisp|p2a: Tinkaton
|-status|p2a: Tinkaton|brn
|move|p2a: Tinkaton|Gigaton Hammer|p1a: Dragapult
|-damage|p1a: Dragapult|15/100
|
|-damage|p2a: Tinkaton|88/100 brn|[from] brn
|upkeep
|turn|17
|
|t:|1743829121
|move|p1a: Dragapult|Hex|p2a: Tinkaton
|-damage|p2a: Tinkaton|34/100 brn
|-enditem|p2a: Tinkaton|Air Balloon
|move|p2a: Tinkaton|Stealth Rock|p1a: Dragapult
|-sidestart|p1: ChessDennis|move: Stealth Rock
|
|-damage|p2a: Tinkaton|28/100 brn|[from] brn
|upkeep
|turn|18
|
|t:|1743829143
|switch|p2a: Ting-Lu|Ting-Lu|71/100 brn
|-damage|p2a: Ting-Lu|65/100 brn|[from] Stealth Rock
|-ability|p2a: Ting-Lu|Vessel of Ruin
|move|p1a: Dragapult|Hex|p2a: Ting-Lu
|-resisted|p2a: Ting-Lu
|-damage|p2a: Ting-Lu|52/100 brn
|
|-heal|p2a: Ting-Lu|58/100 brn|[from] item: Leftovers
|-damage|p2a: Ting-Lu|52/100 brn|[from] brn
|upkeep
|turn|19
|
|t:|1743829151
|move|p1a: Dragapult|Dragon Darts|p2a: Ting-Lu
|-damage|p2a: Ting-Lu|40/100 brn
|-anim|p1a: Dragapult|Dragon Darts|p2a: Ting-Lu
|-damage|p2a: Ting-Lu|29/100 brn
|move|p2a: Ting-Lu|Earthquake|p1a: Dragapult
|-damage|p1a: Dragapult|0 fnt
|faint|p1a: Dragapult
|
|-heal|p2a: Ting-Lu|35/100 brn|[from] item: Leftovers
|-damage|p2a: Ting-Lu|29/100 brn|[from] brn
|upkeep
|
|t:|1743829155
|switch|p1a: Hydreigon|Hydreigon, F|100/100
|-damage|p1a: Hydreigon|88/100|[from] Stealth Rock
|turn|20
|
|t:|1743829159
|move|p1a: Hydreigon|Nasty Plot|p1a: Hydreigon
|-boost|p1a: Hydreigon|spa|2
|move|p2a: Ting-Lu|Ruination|p1a: Hydreigon
|-damage|p1a: Hydreigon|44/100
|
|-heal|p1a: Hydreigon|51/100|[from] item: Leftovers
|-heal|p2a: Ting-Lu|35/100 brn|[from] item: Leftovers
|-damage|p2a: Ting-Lu|29/100 brn|[from] brn
|upkeep
|turn|21
|
|t:|1743829162
|move|p1a: Hydreigon|Draco Meteor|p2a: Ting-Lu
|-damage|p2a: Ting-Lu|0 fnt
|-unboost|p1a: Hydreigon|spa|2
|faint|p2a: Ting-Lu
|
|-heal|p1a: Hydreigon|57/100|[from] item: Leftovers
|upkeep
|
|t:|1743829168
|switch|p2a: Keldeo|Keldeo|100/100
|turn|22
|
|t:|1743829172
|switch|p1a: Clodsire|Clodsire, F|23/100
|move|p2a: Keldeo|Aura Sphere|p1a: Clodsire
|-resisted|p1a: Clodsire
|-damage|p1a: Clodsire|10/100
|
|upkeep
|turn|23
|
|t:|1743829178
|move|p2a: Keldeo|Aura Sphere|p1a: Clodsire
|-resisted|p1a: Clodsire
|-damage|p1a: Clodsire|0 fnt
|faint|p1a: Clodsire
|
|upkeep
|
|t:|1743829180
|switch|p1a: Raging Bolt|Raging Bolt|84/100
|turn|24
|
|t:|1743829186
|switch|p2a: Tinkaton|Tinkaton, F|28/100 brn
|-damage|p2a: Tinkaton|22/100 brn|[from] Stealth Rock
|-ability|p2a: Tinkaton|Mold Breaker
|move|p1a: Raging Bolt|Calm Mind|p1a: Raging Bolt
|-boost|p1a: Raging Bolt|spa|1
|-boost|p1a: Raging Bolt|spd|1
|
|-damage|p2a: Tinkaton|16/100 brn|[from] brn
|upkeep
|turn|25
|
|t:|1743829193
|move|p2a: Tinkaton|Encore|p1a: Raging Bolt
|-start|p1a: Raging Bolt|Encore
|move|p1a: Raging Bolt|Calm Mind|p1a: Raging Bolt
|-boost|p1a: Raging Bolt|spa|1
|-boost|p1a: Raging Bolt|spd|1
|
|-damage|p2a: Tinkaton|10/100 brn|[from] brn
|upkeep
|turn|26
|
|t:|1743829199
|switch|p2a: Dragonite|Dragonite, F|100/100
|move|p1a: Raging Bolt|Calm Mind|p1a: Raging Bolt
|-boost|p1a: Raging Bolt|spa|1
|-boost|p1a: Raging Bolt|spd|1
|
|upkeep
|turn|27
|
|t:|1743829203
|move|p1a: Raging Bolt|Calm Mind|p1a: Raging Bolt
|-boost|p1a: Raging Bolt|spa|1
|-boost|p1a: Raging Bolt|spd|1
|move|p2a: Dragonite|Dragon Tail|p1a: Raging Bolt|[miss]
|-miss|p2a: Dragonite|p1a: Raging Bolt
|
|-end|p1a: Raging Bolt|Encore
|upkeep
|turn|28
|
|t:|1743829214
|-terastallize|p1a: Raging Bolt|Fairy
|move|p1a: Raging Bolt|Draco Meteor|p2a: Dragonite|[miss]
|-miss|p1a: Raging Bolt|p2a: Dragonite
|move|p2a: Dragonite|Dragon Tail|p1a: Raging Bolt
|-immune|p1a: Raging Bolt
|
|upkeep
|turn|29
|
|t:|1743829223
|move|p1a: Raging Bolt|Draco Meteor|p2a: Dragonite
|-supereffective|p2a: Dragonite
|-damage|p2a: Dragonite|0 fnt
|-unboost|p1a: Raging Bolt|spa|2
|faint|p2a: Dragonite
|
|upkeep
|inactive|Battle timer is ON: inactive players will automatically lose when time's up. (requested by ChessDennis)
|inactive|The Name Change has 120 seconds left.
|
|t:|1743829320
|switch|p2a: Tinkaton|Tinkaton, F|10/100 brn
|-damage|p2a: Tinkaton|3/100 brn|[from] Stealth Rock
|-ability|p2a: Tinkaton|Mold Breaker
|turn|30
|
|t:|1743829332
|move|p2a: Tinkaton|Encore|p1a: Raging Bolt
|-start|p1a: Raging Bolt|Encore
|move|p1a: Raging Bolt|Draco Meteor|p2a: Tinkaton
|-immune|p2a: Tinkaton
|
|-damage|p2a: Tinkaton|0 fnt|[from] brn
|faint|p2a: Tinkaton
|upkeep
|
|t:|1743829355
|switch|p2a: Sinistcha|Sinistcha-Masterpiece|100/100
|turn|31
|
|t:|1743829366
|move|p1a: Raging Bolt|Draco Meteor|p2a: Sinistcha
|-damage|p2a: Sinistcha|0 fnt
|-unboost|p1a: Raging Bolt|spa|2
|faint|p2a: Sinistcha
|
|upkeep
|
|t:|1743829383
|switch|p2a: Keldeo|Keldeo|100/100
|turn|32
|
|t:|1743829398
|move|p2a: Keldeo|Surf|p1a: Raging Bolt
|-damage|p1a: Raging Bolt|72/100
|move|p1a: Raging Bolt|Draco Meteor|p2a: Keldeo
|-damage|p2a: Keldeo|34/100
|-unboost|p1a: Raging Bolt|spa|2
|
|-end|p1a: Raging Bolt|Encore
|upkeep
|turn|33
|
|t:|1743829404
|move|p2a: Keldeo|Flip Turn|p1a: Raging Bolt
|-damage|p1a: Raging Bolt|62/100
|
|t:|1743829406
|switch|p2a: Gliscor|Gliscor, M|100/100|[from] Flip Turn
|-damage|p2a: Gliscor|88/100|[from] Stealth Rock
|move|p1a: Raging Bolt|Volt Switch|p2a: Gliscor
|-immune|p2a: Gliscor
|
|-status|p2a: Gliscor|tox|[from] item: Toxic Orb
|upkeep
|turn|34
|
|t:|1743829415
|-end|p1a: Raging Bolt|Protosynthesis|[silent]
|switch|p1a: Gholdengo|Gholdengo|24/100
|-damage|p1a: Gholdengo|0 fnt|[from] Spikes
|faint|p1a: Gholdengo
|move|p2a: Gliscor|Swords Dance|p2a: Gliscor
|-boost|p2a: Gliscor|atk|2
|
|-heal|p2a: Gliscor|100/100 tox|[from] ability: Poison Heal
|upkeep
|
|t:|1743829424
|switch|p1a: Ogerpon|Ogerpon-Wellspring, F|100/100 par
|-damage|p1a: Ogerpon|75/100 par|[from] Spikes
|-damage|p1a: Ogerpon|63/100 par|[from] Stealth Rock
|turn|35
|
|t:|1743829429
|-terastallize|p2a: Gliscor|Normal
|move|p2a: Gliscor|Facade|p1a: Ogerpon
|-damage|p1a: Ogerpon|0 fnt
|faint|p1a: Ogerpon
|
|upkeep
|
|t:|1743829438
|switch|p1a: Raging Bolt|Raging Bolt, tera:Fairy|62/100
|turn|36
|
|t:|1743829444
|move|p2a: Gliscor|Facade|p1a: Raging Bolt
|-damage|p1a: Raging Bolt|0 fnt
|faint|p1a: Raging Bolt
|-end|p1a: Raging Bolt|Protosynthesis|[silent]
|
|upkeep
|
|t:|1743829447
|switch|p1a: Hydreigon|Hydreigon, F|57/100
|-damage|p1a: Hydreigon|44/100|[from] Stealth Rock
|turn|37
|
|t:|1743829454
|move|p1a: Hydreigon|Draco Meteor|p2a: Gliscor
|-damage|p2a: Gliscor|23/100 tox
|-unboost|p1a: Hydreigon|spa|2
|move|p2a: Gliscor|Facade|p1a: Hydreigon
|-damage|p1a: Hydreigon|0 fnt
|faint|p1a: Hydreigon
|
|win|The Name Change
|raw|ChessDennis's rating: 1457 &rarr; <strong>1438</strong><br />(-19 for losing)
|raw|The Name Change's rating: 1474 &rarr; <strong>1493</strong><br />(+19 for winning)
|l|☆The Name Change
|player|p2|
