|j|☆YIN SUN SHIN
|j|☆Yoimiya fan 123
|t:|1743861756
|gametype|singles
|player|p1|YIN SUN SHIN|harlequin|1502
|player|p2|Yoimiya fan 123|flannery|1391
|teamsize|p1|6
|teamsize|p2|6
|gen|9
|tier|[Gen 9] OU
|rated|
|rule|HP Percentage Mod: HP is shown in percentages
|rule|Endless Battle Clause: Forcing endless battles is banned
|rule|Species Clause: Limit one of each Pokémon
|rule|OHKO Clause: OHKO moves are banned
|rule|Evasion Items Clause: Evasion items are banned
|rule|Evasion Moves Clause: Evasion moves are banned
|rule|Sleep Moves Clause: Sleep-inducing moves are banned
|clearpoke
|poke|p1|Ninetales-Alola, F|
|poke|p1|Rhyperior, M|
|poke|p1|Sceptile, M|
|poke|p1|Avalugg-Hisui, M|
|poke|p1|Tatsugiri, M|
|poke|p1|Zoroark-Hisui, F|
|poke|p2|Garchomp, F|
|poke|p2|Darkrai|
|poke|p2|Clodsire, M|
|poke|p2|Corviknight, F|
|poke|p2|Enamorus, F|
|poke|p2|Blaziken, F|
|teampreview
|inactive|Battle timer is ON: inactive players will automatically lose when time's up. (requested by Yoimiya fan 123)
|
|t:|1743861774
|start
|switch|p1a: Avalugg|Avalugg-Hisui, M|100/100
|switch|p2a: Darkrai|Darkrai|100/100
|turn|1
|
|t:|1743861785
|move|p2a: Darkrai|Dark Pulse|p1a: Avalugg
|-damage|p1a: Avalugg|23/100
|move|p1a: Avalugg|Mountain Gale|p2a: Darkrai
|-damage|p2a: Darkrai|20/100
|
|upkeep
|turn|2
|-enditem|p1a: Avalugg|Custap Berry|[eat]
|-activate|p1a: Avalugg|item: Custap Berry|[consumed]
|
|t:|1743861791
|switch|p2a: Corviknight|Corviknight, F|100/100
|-ability|p2a: Corviknight|Pressure
|move|p1a: Avalugg|Earthquake|p2a: Corviknight
|-immune|p2a: Corviknight
|
|upkeep
|turn|3
|
|t:|1743861806
|move|p2a: Corviknight|U-turn|p1a: Avalugg
|-damage|p1a: Avalugg|17/100
|
|t:|1743861812
|switch|p2a: Blaziken|Blaziken, F|100/100|[from] U-turn
|-item|p2a: Blaziken|Air Balloon
|move|p1a: Avalugg|Mountain Gale|p2a: Blaziken|[miss]
|-miss|p1a: Avalugg|p2a: Blaziken
|
|upkeep
|turn|4
|
|t:|1743861819
|move|p2a: Blaziken|Flare Blitz|p1a: Avalugg
|-damage|p1a: Avalugg|0 fnt
|faint|p1a: Avalugg
|-damage|p2a: Blaziken|94/100|[from] Recoil
|
|-ability|p2a: Blaziken|Speed Boost|boost
|-boost|p2a: Blaziken|spe|1
|upkeep
|
|t:|1743861828
|switch|p1a: Ninetales|Ninetales-Alola, F|100/100
|turn|5
|
|t:|1743861835
|move|p2a: Blaziken|Flare Blitz|p1a: Ninetales
|-enditem|p1a: Ninetales|Focus Sash
|-damage|p1a: Ninetales|1/100
|-status|p1a: Ninetales|brn
|replace|p1a: Zoroark|Zoroark-Hisui, F
|-end|p1a: Zoroark|Illusion
|-damage|p2a: Blaziken|66/100|[from] Recoil
|move|p1a: Zoroark|Hyper Voice|p2a: Blaziken
|-damage|p2a: Blaziken|0 fnt
|-enditem|p2a: Blaziken|Air Balloon
|faint|p2a: Blaziken
|
|-damage|p1a: Zoroark|0 fnt|[from] brn
|faint|p1a: Zoroark
|upkeep
|inactive|Yoimiya fan 123 has 120 seconds left.
|
|t:|1743861867
|switch|p1a: Ninetales|Ninetales-Alola, F|100/100
|switch|p2a: Enamorus|Enamorus, F|100/100
|-weather|Snowscape|[from] ability: Snow Warning|[of] p1a: Ninetales
|turn|6
|
|t:|1743861872
|move|p1a: Ninetales|Aurora Veil|p1a: Ninetales
|-sidestart|p1: YIN SUN SHIN|move: Aurora Veil
|move|p2a: Enamorus|Moonblast|p1a: Ninetales
|-damage|p1a: Ninetales|72/100
|
|-weather|Snowscape|[upkeep]
|upkeep
|turn|7
|
|t:|1743861884
|move|p1a: Ninetales|Freeze-Dry|p2a: Enamorus
|-supereffective|p2a: Enamorus
|-damage|p2a: Enamorus|27/100
|move|p2a: Enamorus|Moonblast|p1a: Ninetales
|-damage|p1a: Ninetales|40/100
|-unboost|p1a: Ninetales|spa|1
|
|-weather|Snowscape|[upkeep]
|-heal|p2a: Enamorus|33/100|[from] item: Leftovers
|upkeep
|turn|8
|
|t:|1743861896
|switch|p2a: Corviknight|Corviknight, F|100/100
|-ability|p2a: Corviknight|Pressure
|move|p1a: Ninetales|Freeze-Dry|p2a: Corviknight
|-damage|p2a: Corviknight|82/100
|
|-weather|Snowscape|[upkeep]
|upkeep
|turn|9
|
|t:|1743861902
|switch|p1a: Tatsugiri|Tatsugiri, M|100/100
|move|p2a: Corviknight|Defog|p1a: Tatsugiri
|-unboost|p1a: Tatsugiri|evasion|1
|-sideend|p1: YIN SUN SHIN|move: Aurora Veil
|
|-weather|Snowscape|[upkeep]
|upkeep
|turn|10
|
|t:|1743861908
|move|p1a: Tatsugiri|Rapid Spin|p2a: Corviknight
|-resisted|p2a: Corviknight
|-damage|p2a: Corviknight|80/100
|-boost|p1a: Tatsugiri|spe|1
|-damage|p1a: Tatsugiri|84/100|[from] item: Rocky Helmet|[of] p2a: Corviknight
|move|p2a: Corviknight|U-turn|p1a: Tatsugiri
|-damage|p1a: Tatsugiri|61/100
|
|t:|1743861926
|switch|p2a: Clodsire|Clodsire, M|100/100|[from] U-turn
|
|-weather|none
|-heal|p1a: Tatsugiri|67/100|[from] item: Leftovers
|upkeep
|turn|11
|
|t:|1743861932
|move|p1a: Tatsugiri|Surf|p2a: Clodsire
|-supereffective|p2a: Clodsire
|-damage|p2a: Clodsire|55/100
|move|p2a: Clodsire|Amnesia|p2a: Clodsire
|-boost|p2a: Clodsire|spd|2
|
|-heal|p1a: Tatsugiri|73/100|[from] item: Leftovers
|-heal|p2a: Clodsire|61/100|[from] item: Leftovers
|upkeep
|turn|12
|
|t:|1743861939
|switch|p1a: Ninetales|Ninetales-Alola, F|40/100
|-weather|Snowscape|[from] ability: Snow Warning|[of] p1a: Ninetales
|move|p2a: Clodsire|Recover|p2a: Clodsire
|-heal|p2a: Clodsire|100/100
|
|-weather|Snowscape|[upkeep]
|upkeep
|turn|13
|
|t:|1743861944
|move|p1a: Ninetales|Encore|p2a: Clodsire
|-start|p2a: Clodsire|Encore
|move|p2a: Clodsire|Recover||[still]
|-fail|p2a: Clodsire|heal
|
|-weather|Snowscape|[upkeep]
|upkeep
|turn|14
|
|t:|1743861947
|switch|p2a: Corviknight|Corviknight, F|80/100
|-ability|p2a: Corviknight|Pressure
|move|p1a: Ninetales|Aurora Veil|p1a: Ninetales
|-sidestart|p1: YIN SUN SHIN|move: Aurora Veil
|
|-weather|Snowscape|[upkeep]
|upkeep
|turn|15
|
|t:|1743861953
|switch|p1a: Tatsugiri|Tatsugiri, M|73/100
|move|p2a: Corviknight|Defog|p1a: Tatsugiri
|-unboost|p1a: Tatsugiri|evasion|1
|-sideend|p1: YIN SUN SHIN|move: Aurora Veil
|
|-weather|Snowscape|[upkeep]
|-heal|p1a: Tatsugiri|79/100|[from] item: Leftovers
|upkeep
|turn|16
|
|t:|1743861960
|move|p1a: Tatsugiri|Nasty Plot|p1a: Tatsugiri
|-boost|p1a: Tatsugiri|spa|2
|move|p2a: Corviknight|U-turn|p1a: Tatsugiri
|-damage|p1a: Tatsugiri|55/100
|
|t:|1743861979
|switch|p2a: Enamorus|Enamorus, F|33/100|[from] U-turn
|
|-weather|none
|-heal|p2a: Enamorus|40/100|[from] item: Leftovers
|-heal|p1a: Tatsugiri|61/100|[from] item: Leftovers
|upkeep
|turn|17
|
|t:|1743861986
|-terastallize|p1a: Tatsugiri|Fairy
|move|p2a: Enamorus|Moonblast|p1a: Tatsugiri
|-damage|p1a: Tatsugiri|0 fnt
|faint|p1a: Tatsugiri
|
|-heal|p2a: Enamorus|46/100|[from] item: Leftovers
|upkeep
|
|t:|1743861990
|switch|p1a: Ninetales|Ninetales-Alola, F|40/100
|-weather|Snowscape|[from] ability: Snow Warning|[of] p1a: Ninetales
|turn|18
|
|t:|1743861994
|switch|p2a: Corviknight|Corviknight, F|80/100
|-ability|p2a: Corviknight|Pressure
|move|p1a: Ninetales|Aurora Veil|p1a: Ninetales
|-sidestart|p1: YIN SUN SHIN|move: Aurora Veil
|
|-weather|Snowscape|[upkeep]
|upkeep
|turn|19
|
|t:|1743861998
|move|p1a: Ninetales|Freeze-Dry|p2a: Corviknight
|-damage|p2a: Corviknight|54/100
|move|p2a: Corviknight|Defog|p1a: Ninetales
|-unboost|p1a: Ninetales|evasion|1
|-sideend|p1: YIN SUN SHIN|move: Aurora Veil
|
|-weather|Snowscape|[upkeep]
|upkeep
|turn|20
|
|t:|1743862002
|move|p1a: Ninetales|Encore|p2a: Corviknight
|-start|p2a: Corviknight|Encore
|move|p2a: Corviknight|Defog|p1a: Ninetales
|-unboost|p1a: Ninetales|evasion|1
|
|-weather|Snowscape|[upkeep]
|upkeep
|turn|21
|
|t:|1743862011
|move|p1a: Ninetales|Aurora Veil|p1a: Ninetales
|-sidestart|p1: YIN SUN SHIN|move: Aurora Veil
|move|p2a: Corviknight|Defog|p1a: Ninetales
|-unboost|p1a: Ninetales|evasion|1
|-sideend|p1: YIN SUN SHIN|move: Aurora Veil
|
|-weather|Snowscape|[upkeep]
|upkeep
|turn|22
|
|t:|1743862015
|switch|p2a: Clodsire|Clodsire, M|100/100
|move|p1a: Ninetales|Freeze-Dry|p2a: Clodsire
|-supereffective|p2a: Clodsire
|-damage|p2a: Clodsire|72/100
|-status|p2a: Clodsire|frz
|
|-weather|none
|-heal|p2a: Clodsire|78/100 frz|[from] item: Leftovers
|upkeep
|turn|23
|
|t:|1743862024
|switch|p2a: Darkrai|Darkrai|20/100
|move|p1a: Ninetales|Snowscape|p1a: Ninetales
|-weather|Snowscape
|
|-weather|Snowscape|[upkeep]
|upkeep
|turn|24
|
|t:|1743862029
|move|p2a: Darkrai|Sludge Bomb|p1a: Ninetales
|-supereffective|p1a: Ninetales
|-damage|p1a: Ninetales|0 fnt
|faint|p1a: Ninetales
|
|-weather|Snowscape|[upkeep]
|upkeep
|
|t:|1743862032
|switch|p1a: Rhyperior|Rhyperior, M|100/100
|turn|25
|
|t:|1743862037
|move|p2a: Darkrai|Ice Beam|p1a: Rhyperior
|-supereffective|p1a: Rhyperior
|-damage|p1a: Rhyperior|41/100
|move|p1a: Rhyperior|Stone Edge|p2a: Darkrai
|-damage|p2a: Darkrai|0 fnt
|faint|p2a: Darkrai
|
|-weather|Snowscape|[upkeep]
|-heal|p1a: Rhyperior|47/100|[from] item: Leftovers
|upkeep
|
|t:|1743862041
|switch|p2a: Enamorus|Enamorus, F|46/100
|turn|26
|
|t:|1743862043
|move|p2a: Enamorus|Moonblast|p1a: Rhyperior
|-damage|p1a: Rhyperior|0 fnt
|faint|p1a: Rhyperior
|
|-weather|Snowscape|[upkeep]
|-heal|p2a: Enamorus|52/100|[from] item: Leftovers
|upkeep
|
|t:|1743862046
|switch|p1a: Sceptile|Sceptile, M|100/100
|turn|27
|
|t:|1743862049
|move|p2a: Enamorus|Moonblast|p1a: Sceptile
|-damage|p1a: Sceptile|32/100
|-enditem|p1a: Sceptile|Red Card|[of] p2a: Enamorus
|drag|p2a: Clodsire|Clodsire, M|78/100 frz
|move|p1a: Sceptile|Swords Dance|p1a: Sceptile
|-boost|p1a: Sceptile|atk|2
|
|-weather|none
|-heal|p2a: Clodsire|84/100 frz|[from] item: Leftovers
|upkeep
|turn|28
|
|t:|1743862055
|move|p1a: Sceptile|Leaf Blade|p2a: Clodsire
|-damage|p2a: Clodsire|39/100 frz
|-curestatus|p2a: Clodsire|frz|[msg]
|move|p2a: Clodsire|Toxic|p1a: Sceptile
|-status|p1a: Sceptile|tox
|
|-heal|p2a: Clodsire|45/100|[from] item: Leftovers
|-damage|p1a: Sceptile|26/100 tox|[from] psn
|upkeep
|turn|29
|
|t:|1743862059
|move|p1a: Sceptile|Leaf Blade|p2a: Clodsire
|-damage|p2a: Clodsire|1/100
|move|p2a: Clodsire|Earthquake|p1a: Sceptile
|-resisted|p1a: Sceptile
|-damage|p1a: Sceptile|2/100 tox
|
|-heal|p2a: Clodsire|7/100|[from] item: Leftovers
|-damage|p1a: Sceptile|0 fnt|[from] psn
|faint|p1a: Sceptile
|
|win|Yoimiya fan 123
|raw|YIN SUN SHIN's rating: 1502 &rarr; <strong>1476</strong><br />(-26 for losing)
|raw|Yoimiya fan 123's rating: 1391 &rarr; <strong>1417</strong><br />(+26 for winning)
|l|☆YIN SUN SHIN
|player|p1|
|l|☆Yoimiya fan 123
|player|p2|
