|j|☆Mustang Dijon
|j|☆Dario0215
|t:|1743805962
|gametype|singles
|player|p1|Mustang Dijon|blue|1239
|player|p2|Dario0215|266|1254
|teamsize|p1|6
|teamsize|p2|6
|gen|9
|tier|[Gen 9] OU
|rated|
|rule|HP Percentage Mod: HP is shown in percentages
|rule|Endless Battle Clause: Forcing endless battles is banned
|rule|Species Clause: Limit one of each Pokémon
|rule|OHKO Clause: OHKO moves are banned
|rule|Evasion Items Clause: Evasion items are banned
|rule|Evasion Moves Clause: Evasion moves are banned
|rule|Sleep Moves Clause: Sleep-inducing moves are banned
|clearpoke
|poke|p1|Azumarill, M|
|poke|p1|Ogerpon-Wellspring, F|
|poke|p1|Ursaluna, F|
|poke|p1|Raging Bolt|
|poke|p1|Talonflame, F|
|poke|p1|Incineroar, M|
|poke|p2|Grimmsnarl, M|
|poke|p2|Cinderace, M|
|poke|p2|Metagross|
|poke|p2|Krookodile, M|
|poke|p2|Dragonite, M|
|poke|p2|Sylveon, F|
|teampreview
|inactive|Battle timer is ON: inactive players will automatically lose when time's up. (requested by Mustang Dijon)
|inactive|Mustang Dijon has 120 seconds left.
|
|t:|1743806013
|start
|switch|p1a: Mustard|Ogerpon-Wellspring, F|100/100
|switch|p2a: TocaPingas|Grimmsnarl, M|100/100
|turn|1
|
|t:|1743806021
|move|p2a: TocaPingas|Reflect|p2a: TocaPingas
|-sidestart|p2: Dario0215|Reflect
|move|p1a: Mustard|Encore|p2a: TocaPingas
|-start|p2a: TocaPingas|Encore
|
|upkeep
|turn|2
|
|t:|1743806033
|switch|p2a: FreeRonaldinho|Metagross|100/100
|move|p1a: Mustard|U-turn|p2a: FreeRonaldinho
|-damage|p2a: FreeRonaldinho|90/100
|
|t:|1743806051
|switch|p1a: Incineroar|Incineroar, M|100/100|[from] U-turn
|-ability|p1a: Incineroar|Intimidate|boost
|-fail|p2a: FreeRonaldinho|unboost|[from] ability: Clear Body|[of] p2a: FreeRonaldinho
|
|upkeep
|turn|3
|
|t:|1743806058
|move|p1a: Incineroar|Fake Out|p2a: FreeRonaldinho
|-resisted|p2a: FreeRonaldinho
|-damage|p2a: FreeRonaldinho|87/100
|cant|p2a: FreeRonaldinho|flinch
|
|upkeep
|turn|4
|
|t:|1743806062
|move|p2a: FreeRonaldinho|Earthquake|p1a: Incineroar
|-supereffective|p1a: Incineroar
|-damage|p1a: Incineroar|40/100
|move|p1a: Incineroar|Brick Break|p2a: FreeRonaldinho
|-sideend|p2: Dario0215|Reflect
|-damage|p2a: FreeRonaldinho|65/100
|
|upkeep
|turn|5
|
|t:|1743806072
|switch|p1a: Bestburg|Talonflame, F|100/100
|move|p2a: FreeRonaldinho|Earthquake|p1a: Bestburg
|-immune|p1a: Bestburg
|
|upkeep
|turn|6
|
|t:|1743806079
|move|p1a: Bestburg|U-turn|p2a: FreeRonaldinho
|-damage|p2a: FreeRonaldinho|50/100
|
|t:|1743806082
|switch|p1a: Incineroar|Incineroar, M|40/100|[from] U-turn
|-ability|p1a: Incineroar|Intimidate|boost
|-fail|p2a: FreeRonaldinho|unboost|[from] ability: Clear Body|[of] p2a: FreeRonaldinho
|move|p2a: FreeRonaldinho|Psychic Fangs|p1a: Incineroar
|-immune|p1a: Incineroar
|
|upkeep
|turn|7
|
|t:|1743806089
|move|p1a: Incineroar|Fake Out|p2a: FreeRonaldinho
|-resisted|p2a: FreeRonaldinho
|-damage|p2a: FreeRonaldinho|45/100
|cant|p2a: FreeRonaldinho|flinch
|
|upkeep
|turn|8
|
|t:|1743806094
|switch|p1a: Bestburg|Talonflame, F|100/100
|move|p2a: FreeRonaldinho|Psychic Fangs|p1a: Bestburg
|-damage|p1a: Bestburg|38/100
|
|upkeep
|turn|9
|
|t:|1743806099
|move|p1a: Bestburg|Flare Blitz|p2a: FreeRonaldinho
|-supereffective|p2a: FreeRonaldinho
|-damage|p2a: FreeRonaldinho|0 fnt
|faint|p2a: FreeRonaldinho
|-damage|p1a: Bestburg|24/100|[from] Recoil
|
|upkeep
|
|t:|1743806108
|switch|p2a: Escritorio|Dragonite, M|100/100
|turn|10
|
|t:|1743806113
|move|p2a: Escritorio|Extreme Speed|p1a: Bestburg
|-damage|p1a: Bestburg|0 fnt
|faint|p1a: Bestburg
|
|upkeep
|
|t:|1743806116
|switch|p1a: Sayso|Azumarill, M|100/100
|turn|11
|
|t:|1743806125
|switch|p2a: TocaPingas|Grimmsnarl, M|100/100
|move|p1a: Sayso|Play Rough|p2a: TocaPingas
|-supereffective|p2a: TocaPingas
|-damage|p2a: TocaPingas|0 fnt
|faint|p2a: TocaPingas
|
|upkeep
|
|t:|1743806134
|switch|p2a: Infinity|Sylveon, F|100/100
|turn|12
|
|t:|1743806145
|move|p2a: Infinity|Hyper Voice|p1a: Sayso
|-damage|p1a: Sayso|39/100
|-enditem|p2a: Infinity|Throat Spray
|-boost|p2a: Infinity|spa|1|[from] item: Throat Spray
|move|p1a: Sayso|Liquidation|p2a: Infinity
|-damage|p2a: Infinity|15/100
|
|-heal|p1a: Sayso|46/100|[from] item: Leftovers
|upkeep
|turn|13
|
|t:|1743806153
|move|p1a: Sayso|Aqua Jet|p2a: Infinity
|-damage|p2a: Infinity|0 fnt
|faint|p2a: Infinity
|
|-heal|p1a: Sayso|52/100|[from] item: Leftovers
|upkeep
|-message|Dario0215 forfeited.
|
|win|Mustang Dijon
|raw|Mustang Dijon's rating: 1239 &rarr; <strong>1265</strong><br />(+26 for winning)
|raw|Dario0215's rating: 1254 &rarr; <strong>1228</strong><br />(-26 for losing)
|l|☆Dario0215
|player|p2|
