|j|☆ausdasdjasdwasdw
|j|☆zac_idk
|t:|1743880849
|gametype|singles
|player|p1|ausdasdjasdwasdw|265|1000
|player|p2|zac_idk|swimmerf|1000
|teamsize|p1|6
|teamsize|p2|6
|gen|9
|tier|[Gen 9] OU
|rated|
|rule|HP Percentage Mod: HP is shown in percentages
|rule|Endless Battle Clause: Forcing endless battles is banned
|rule|Species Clause: Limit one of each Pokémon
|rule|OHKO Clause: OHKO moves are banned
|rule|Evasion Items Clause: Evasion items are banned
|rule|Evasion Moves Clause: Evasion moves are banned
|rule|Sleep Moves Clause: Sleep-inducing moves are banned
|clearpoke
|poke|p1|Empoleon, F|
|poke|p1|Serperior, M|
|poke|p1|Blaziken, F|
|poke|p1|Ninetales-Alola, F|
|poke|p1|Gengar, F|
|poke|p1|Noivern, M|
|poke|p2|Meowscarada, F|
|poke|p2|Garchomp, F|
|poke|p2|Hydreigon, M|
|poke|p2|Gholdengo|
|poke|p2|Glaceon, M|
|poke|p2|Ninetales-Alola, F|
|teampreview
|
|t:|1743880858
|start
|switch|p1a: Blaziken|Blaziken, F|100/100
|switch|p2a: Ninetales|Ninetales-Alola, F|100/100
|-weather|Snowscape|[from] ability: Snow Warning|[of] p2a: Ninetales
|turn|1
|
|t:|1743880872
|move|p2a: Ninetales|Aurora Veil|p2a: Ninetales
|-sidestart|p2: zac_idk|move: Aurora Veil
|move|p1a: Blaziken|Will-O-Wisp|p2a: Ninetales
|-status|p2a: Ninetales|brn
|
|-weather|Snowscape|[upkeep]
|-damage|p2a: Ninetales|95/100 brn|[from] brn
|-ability|p1a: Blaziken|Speed Boost|boost
|-boost|p1a: Blaziken|spe|1
|upkeep
|turn|2
|
|t:|1743880884
|move|p1a: Blaziken|Fire Punch|p2a: Ninetales
|-supereffective|p2a: Ninetales
|-damage|p2a: Ninetales|51/100 brn
|-enditem|p2a: Ninetales|Eject Button
|-damage|p1a: Blaziken|90/100|[from] item: Life Orb
|
|t:|1743880904
|switch|p2a: Garchomp|Garchomp, F|100/100
|
|-weather|Snowscape|[upkeep]
|-ability|p1a: Blaziken|Speed Boost|boost
|-boost|p1a: Blaziken|spe|1
|upkeep
|turn|3
|
|t:|1743880922
|move|p1a: Blaziken|Protect|p1a: Blaziken
|-singleturn|p1a: Blaziken|Protect
|move|p2a: Garchomp|Swords Dance|p2a: Garchomp
|-boost|p2a: Garchomp|atk|2
|
|-weather|Snowscape|[upkeep]
|-ability|p1a: Blaziken|Speed Boost|boost
|-boost|p1a: Blaziken|spe|1
|upkeep
|turn|4
|
|t:|1743880938
|move|p1a: Blaziken|Will-O-Wisp|p2a: Garchomp
|-status|p2a: Garchomp|brn
|move|p2a: Garchomp|Earthquake|p1a: Blaziken
|-supereffective|p1a: Blaziken
|-damage|p1a: Blaziken|0 fnt
|faint|p1a: Blaziken
|
|-weather|Snowscape|[upkeep]
|-damage|p2a: Garchomp|94/100 brn|[from] brn
|upkeep
|
|t:|1743880947
|switch|p1a: Empoleon|Empoleon, F|100/100
|turn|5
|
|t:|1743880963
|move|p2a: Garchomp|Earthquake|p1a: Empoleon
|-supereffective|p1a: Empoleon
|-damage|p1a: Empoleon|0 fnt
|faint|p1a: Empoleon
|
|-weather|none
|-damage|p2a: Garchomp|88/100 brn|[from] brn
|-sideend|p2: zac_idk|move: Aurora Veil
|upkeep
|
|t:|1743880970
|switch|p1a: Ninetales|Ninetales-Alola, F|100/100
|-weather|Snowscape|[from] ability: Snow Warning|[of] p1a: Ninetales
|turn|6
|
|t:|1743880976
|move|p2a: Garchomp|Iron Head|p1a: Ninetales
|-supereffective|p1a: Ninetales
|-enditem|p1a: Ninetales|Focus Sash
|-damage|p1a: Ninetales|1/100
|cant|p1a: Ninetales|flinch
|
|-weather|Snowscape|[upkeep]
|-damage|p2a: Garchomp|82/100 brn|[from] brn
|upkeep
|turn|7
|
|t:|1743880986
|switch|p1a: Gengar|Gengar, F|100/100
|move|p2a: Garchomp|Iron Head|p1a: Gengar
|-damage|p1a: Gengar|50/100
|
|-weather|Snowscape|[upkeep]
|-damage|p2a: Garchomp|76/100 brn|[from] brn
|upkeep
|turn|8
|
|t:|1743880998
|move|p2a: Garchomp|Earthquake|p1a: Gengar
|-supereffective|p1a: Gengar
|-damage|p1a: Gengar|0 fnt
|faint|p1a: Gengar
|
|-weather|Snowscape|[upkeep]
|-damage|p2a: Garchomp|70/100 brn|[from] brn
|upkeep
|
|t:|1743881004
|switch|p1a: Noivern|Noivern, M|100/100
|turn|9
|
|t:|1743881009
|move|p1a: Noivern|Acrobatics|p2a: Garchomp
|-damage|p2a: Garchomp|43/100 brn
|-damage|p1a: Noivern|88/100|[from] ability: Rough Skin|[of] p2a: Garchomp
|-damage|p1a: Noivern|71/100|[from] item: Rocky Helmet|[of] p2a: Garchomp
|move|p2a: Garchomp|Dragon Claw|p1a: Noivern
|-supereffective|p1a: Noivern
|-damage|p1a: Noivern|0 fnt
|faint|p1a: Noivern
|
|-weather|Snowscape|[upkeep]
|-damage|p2a: Garchomp|37/100 brn|[from] brn
|upkeep
|
|t:|1743881021
|switch|p1a: Serperior|Serperior, M|100/100
|turn|10
|
|t:|1743881026
|move|p1a: Serperior|Knock Off|p2a: Garchomp
|-crit|p2a: Garchomp
|-damage|p2a: Garchomp|13/100 brn
|-damage|p1a: Serperior|88/100|[from] ability: Rough Skin|[of] p2a: Garchomp
|-damage|p1a: Serperior|72/100|[from] item: Rocky Helmet|[of] p2a: Garchomp
|-enditem|p2a: Garchomp|Rocky Helmet|[from] move: Knock Off|[of] p1a: Serperior
|move|p2a: Garchomp|Earthquake|p1a: Serperior
|-resisted|p1a: Serperior
|-damage|p1a: Serperior|40/100
|
|-weather|none
|-damage|p2a: Garchomp|7/100 brn|[from] brn
|upkeep
|turn|11
|
|t:|1743881041
|move|p1a: Serperior|Leaf Storm|p2a: Garchomp
|-damage|p2a: Garchomp|0 fnt
|-boost|p1a: Serperior|spa|2
|faint|p2a: Garchomp
|
|upkeep
|
|t:|1743881056
|switch|p2a: Meowscarada|Meowscarada, F|100/100
|turn|12
|
|t:|1743881069
|-terastallize|p1a: Serperior|Flying
|move|p2a: Meowscarada|Triple Axel|p1a: Serperior
|-start|p2a: Meowscarada|typechange|Ice|[from] ability: Protean
|-supereffective|p1a: Serperior
|-damage|p1a: Serperior|0 fnt
|faint|p1a: Serperior
|-hitcount|p1: Serperior|1
|
|upkeep
|
|t:|1743881078
|switch|p1a: Ninetales|Ninetales-Alola, F|1/100
|-weather|Snowscape|[from] ability: Snow Warning|[of] p1a: Ninetales
|turn|13
|
|t:|1743881096
|move|p2a: Meowscarada|Triple Axel|p1a: Ninetales
|-resisted|p1a: Ninetales
|-damage|p1a: Ninetales|0 fnt
|faint|p1a: Ninetales
|-hitcount|p1: Ninetales|1
|
|win|zac_idk
|raw|ausdasdjasdwasdw's rating: 1000 &rarr; <strong>1000</strong><br />(+0 for losing)
|raw|zac_idk's rating: 1000 &rarr; <strong>1040</strong><br />(+40 for winning)
|l|☆ausdasdjasdwasdw
|player|p1|
