|j|☆djays4
|j|☆Popvuu1001
|t:|1743918916
|gametype|singles
|player|p1|djays4|2|1178
|player|p2|Popvuu1001|1|1156
|teamsize|p1|6
|teamsize|p2|6
|gen|9
|tier|[Gen 9] OU
|rated|
|rule|HP Percentage Mod: HP is shown in percentages
|rule|Endless Battle Clause: Forcing endless battles is banned
|rule|Species Clause: Limit one of each Pokémon
|rule|OHKO Clause: OHKO moves are banned
|rule|Evasion Items Clause: Evasion items are banned
|rule|Evasion Moves Clause: Evasion moves are banned
|rule|Sleep Moves Clause: Sleep-inducing moves are banned
|clearpoke
|poke|p1|Glimmora, M|
|poke|p1|Zamazenta-*|
|poke|p1|Latias, F|
|poke|p1|Gholdengo|
|poke|p1|Dragonite, F|
|poke|p1|Iron Valiant|
|poke|p2|Quaquaval, M|
|poke|p2|Gholdengo|
|poke|p2|Iron Moth|
|poke|p2|Serperior, F|
|poke|p2|Gliscor, F|
|poke|p2|Cyclizar, M|
|teampreview
|
|t:|1743918933
|start
|switch|p1a: Glimmora|Glimmora, M, shiny|100/100
|switch|p2a: Cyclizar|Cyclizar, M|100/100
|turn|1
|
|t:|1743918947
|move|p2a: Cyclizar|U-turn|p1a: Glimmora
|-resisted|p1a: Glimmora
|-damage|p1a: Glimmora|94/100
|-activate|p1a: Glimmora|ability: Toxic Debris
|-sidestart|p2: Popvuu1001|move: Toxic Spikes
|-enditem|p1a: Glimmora|Red Card|[of] p2a: Cyclizar
|drag|p2a: Iron Moth|Iron Moth|100/100
|-sideend|p2: Popvuu1001|move: Toxic Spikes|[of] p2a: Iron Moth
|move|p1a: Glimmora|Stealth Rock|p2a: Iron Moth
|-sidestart|p2: Popvuu1001|move: Stealth Rock
|
|upkeep
|turn|2
|
|t:|1743918957
|move|p2a: Iron Moth|U-turn|p1a: Glimmora
|-resisted|p1a: Glimmora
|-damage|p1a: Glimmora|88/100
|-activate|p1a: Glimmora|ability: Toxic Debris
|-sidestart|p2: Popvuu1001|move: Toxic Spikes
|
|t:|1743918959
|-end|p2a: Iron Moth|Quark Drive|[silent]
|switch|p2a: Gliscor|Gliscor, F, shiny|100/100|[from] U-turn
|-damage|p2a: Gliscor|88/100|[from] Stealth Rock
|move|p1a: Glimmora|Power Gem|p2a: Gliscor
|-damage|p2a: Gliscor|41/100
|
|-status|p2a: Gliscor|tox|[from] item: Toxic Orb
|upkeep
|turn|3
|
|t:|1743918973
|move|p2a: Gliscor|Earthquake|p1a: Glimmora
|-supereffective|p1a: Glimmora
|-damage|p1a: Glimmora|0 fnt
|-activate|p1a: Glimmora|ability: Toxic Debris
|-sidestart|p2: Popvuu1001|move: Toxic Spikes
|faint|p1a: Glimmora
|
|-heal|p2a: Gliscor|53/100 tox|[from] ability: Poison Heal
|upkeep
|
|t:|1743918983
|switch|p1a: Dragonite|Dragonite, F|100/100
|turn|4
|
|t:|1743918992
|move|p2a: Gliscor|Knock Off|p1a: Dragonite
|-damage|p1a: Dragonite|85/100
|-enditem|p1a: Dragonite|Heavy-Duty Boots|[from] move: Knock Off|[of] p2a: Gliscor
|move|p1a: Dragonite|Dragon Dance|p1a: Dragonite
|-boost|p1a: Dragonite|atk|1
|-boost|p1a: Dragonite|spe|1
|
|-heal|p2a: Gliscor|65/100 tox|[from] ability: Poison Heal
|upkeep
|turn|5
|
|t:|1743919000
|move|p1a: Dragonite|Ice Spinner|p2a: Gliscor
|-supereffective|p2a: Gliscor
|-damage|p2a: Gliscor|0 fnt
|faint|p2a: Gliscor
|
|upkeep
|
|t:|1743919003
|switch|p2a: Cyclizar|Cyclizar, M|100/100
|turn|6
|
|t:|1743919010
|-terastallize|p2a: Cyclizar|Fairy
|move|p1a: Dragonite|Ice Spinner|p2a: Cyclizar
|-damage|p2a: Cyclizar|33/100
|move|p2a: Cyclizar|Rapid Spin|p1a: Dragonite
|-damage|p1a: Dragonite|68/100
|-boost|p2a: Cyclizar|spe|1
|-sideend|p2: Popvuu1001|Toxic Spikes|[from] move: Rapid Spin|[of] p2a: Cyclizar
|-sideend|p2: Popvuu1001|Stealth Rock|[from] move: Rapid Spin|[of] p2a: Cyclizar
|
|upkeep
|turn|7
|
|t:|1743919018
|move|p2a: Cyclizar|Draco Meteor|p1a: Dragonite
|-supereffective|p1a: Dragonite
|-damage|p1a: Dragonite|0 fnt
|-unboost|p2a: Cyclizar|spa|2
|faint|p1a: Dragonite
|
|upkeep
|
|t:|1743919025
|switch|p1a: Latias|Latias, F, shiny|100/100
|turn|8
|
|t:|1743919037
|-terastallize|p1a: Latias|Fairy
|move|p2a: Cyclizar|U-turn|p1a: Latias
|-resisted|p1a: Latias
|-damage|p1a: Latias|94/100
|
|t:|1743919040
|switch|p2a: Gholdengo|Gholdengo|100/100|[from] U-turn
|move|p1a: Latias|Calm Mind|p1a: Latias
|-boost|p1a: Latias|spa|1
|-boost|p1a: Latias|spd|1
|
|upkeep
|turn|9
|
|t:|1743919056
|switch|p1a: Iron Valiant|Iron Valiant|100/100
|-enditem|p1a: Iron Valiant|Booster Energy
|-activate|p1a: Iron Valiant|ability: Quark Drive|[fromitem]
|-start|p1a: Iron Valiant|quarkdrivespe
|move|p2a: Gholdengo|Make It Rain|p1a: Iron Valiant
|-supereffective|p1a: Iron Valiant
|-damage|p1a: Iron Valiant|0 fnt
|-unboost|p2a: Gholdengo|spa|1
|faint|p1a: Iron Valiant
|-end|p1a: Iron Valiant|Quark Drive|[silent]
|-damage|p2a: Gholdengo|91/100|[from] item: Life Orb
|
|upkeep
|
|t:|1743919064
|switch|p1a: Zamazenta|Zamazenta|100/100
|-ability|p1a: Zamazenta|Dauntless Shield|boost
|-boost|p1a: Zamazenta|def|1
|turn|10
|
|t:|1743919072
|switch|p2a: Cyclizar|Cyclizar, M, tera:Fairy|66/100
|move|p1a: Zamazenta|Crunch|p2a: Cyclizar
|-resisted|p2a: Cyclizar
|-damage|p2a: Cyclizar|49/100
|
|upkeep
|turn|11
|
|t:|1743919078
|move|p1a: Zamazenta|Body Press|p2a: Cyclizar
|-resisted|p2a: Cyclizar
|-damage|p2a: Cyclizar|14/100
|move|p2a: Cyclizar|Knock Off|p1a: Zamazenta
|-resisted|p1a: Zamazenta
|-damage|p1a: Zamazenta|96/100
|-enditem|p1a: Zamazenta|Leftovers|[from] move: Knock Off|[of] p2a: Cyclizar
|
|upkeep
|turn|12
|
|t:|1743919083
|move|p1a: Zamazenta|Iron Defense|p1a: Zamazenta
|-boost|p1a: Zamazenta|def|2
|move|p2a: Cyclizar|U-turn|p1a: Zamazenta
|-resisted|p1a: Zamazenta
|-damage|p1a: Zamazenta|94/100
|
|t:|1743919086
|switch|p2a: Serperior|Serperior, F, shiny|100/100|[from] U-turn
|
|upkeep
|turn|13
|
|t:|1743919090
|move|p1a: Zamazenta|Body Press|p2a: Serperior
|-damage|p2a: Serperior|0 fnt
|faint|p2a: Serperior
|
|upkeep
|
|t:|1743919097
|switch|p2a: Gholdengo|Gholdengo|91/100
|turn|14
|
|t:|1743919108
|move|p1a: Zamazenta|Crunch|p2a: Gholdengo
|-supereffective|p2a: Gholdengo
|-damage|p2a: Gholdengo|47/100
|move|p2a: Gholdengo|Make It Rain|p1a: Zamazenta
|-damage|p1a: Zamazenta|16/100
|-unboost|p2a: Gholdengo|spa|1
|-damage|p2a: Gholdengo|38/100|[from] item: Life Orb
|
|upkeep
|turn|15
|
|t:|1743919118
|move|p1a: Zamazenta|Crunch|p2a: Gholdengo
|-supereffective|p2a: Gholdengo
|-damage|p2a: Gholdengo|0 fnt
|faint|p2a: Gholdengo
|
|upkeep
|
|t:|1743919121
|switch|p2a: Iron Moth|Iron Moth|100/100
|turn|16
|
|t:|1743919124
|move|p2a: Iron Moth|Fiery Dance|p1a: Zamazenta
|-damage|p1a: Zamazenta|0 fnt
|-boost|p2a: Iron Moth|spa|1
|faint|p1a: Zamazenta
|
|upkeep
|
|t:|1743919131
|switch|p1a: Gholdengo|Gholdengo|100/100
|turn|17
|
|t:|1743919135
|move|p2a: Iron Moth|Fiery Dance|p1a: Gholdengo
|-supereffective|p1a: Gholdengo
|-damage|p1a: Gholdengo|0 fnt
|faint|p1a: Gholdengo
|
|upkeep
|
|t:|1743919138
|switch|p1a: Latias|Latias, F, shiny, tera:Fairy|94/100
|turn|18
|
|t:|1743919143
|move|p2a: Iron Moth|Fiery Dance|p1a: Latias
|-damage|p1a: Latias|44/100
|-boost|p2a: Iron Moth|spa|1
|-enditem|p1a: Latias|Sitrus Berry|[eat]
|-heal|p1a: Latias|69/100|[from] item: Sitrus Berry
|move|p1a: Latias|Stored Power|p2a: Iron Moth
|-supereffective|p2a: Iron Moth
|-damage|p2a: Iron Moth|85/100
|
|upkeep
|turn|19
|
|t:|1743919151
|move|p2a: Iron Moth|Fiery Dance|p1a: Latias
|-damage|p1a: Latias|1/100
|-boost|p2a: Iron Moth|spa|1
|move|p1a: Latias|Calm Mind|p1a: Latias
|-boost|p1a: Latias|spa|1
|-boost|p1a: Latias|spd|1
|
|upkeep
|turn|20
|
|t:|1743919162
|move|p2a: Iron Moth|Fiery Dance|p1a: Latias
|-damage|p1a: Latias|0 fnt
|-boost|p2a: Iron Moth|spa|1
|faint|p1a: Latias
|
|win|Popvuu1001
|raw|djays4's rating: 1178 &rarr; <strong>1151</strong><br />(-27 for losing)
|raw|Popvuu1001's rating: 1156 &rarr; <strong>1183</strong><br />(+27 for winning)
|c|☆Popvuu1001|Gg
|c|☆djays4|gg
|l|☆Popvuu1001
|player|p2|
|l|☆djays4
|player|p1|
