|j|☆PekPicPek
|j|☆Lucwasz
|t:|1743885895
|gametype|singles
|player|p1|PekPicPek|chuck|1753
|player|p2|Lucwasz|1|1656
|teamsize|p1|6
|teamsize|p2|6
|gen|9
|tier|[Gen 9] OU
|rated|
|rule|HP Percentage Mod: HP is shown in percentages
|rule|Endless Battle Clause: Forcing endless battles is banned
|rule|Species Clause: Limit one of each Pokémon
|rule|OHKO Clause: OHKO moves are banned
|rule|Evasion Items Clause: Evasion items are banned
|rule|Evasion Moves Clause: Evasion moves are banned
|rule|Sleep Moves Clause: Sleep-inducing moves are banned
|clearpoke
|poke|p1|Dragapult, F|
|poke|p1|Great Tusk|
|poke|p1|Moltres|
|poke|p1|Azumarill, M|
|poke|p1|Kingambit, M|
|poke|p1|Klawf, M|
|poke|p2|Garganacl, M|
|poke|p2|Weezing-Galar, F|
|poke|p2|Corviknight, M|
|poke|p2|Dragapult, M|
|poke|p2|Slowking-Galar, M|
|poke|p2|Samurott-Hisui, F|
|teampreview
|
|t:|1743885944
|start
|switch|p1a: Lucia|Azumarill, M|100/100
|switch|p2a: Samurott|Samurott-Hisui, F|100/100
|turn|1
|
|t:|1743885947
|move|p2a: Samurott|Flip Turn|p1a: Lucia
|-resisted|p1a: Lucia
|-damage|p1a: Lucia|87/100
|
|t:|1743885952
|switch|p2a: Weezing|Weezing-Galar, F|100/100|[from] Flip Turn
|-ability|p2a: Weezing|Neutralizing Gas
|move|p1a: Lucia|Play Rough|p2a: Weezing
|-resisted|p2a: Weezing
|-damage|p2a: Weezing|91/100
|
|upkeep
|turn|2
|
|t:|1743885955
|switch|p1a: Emily|Moltres|100/100
|move|p2a: Weezing|Will-O-Wisp|p1a: Emily|[miss]
|-miss|p2a: Weezing|p1a: Emily
|
|upkeep
|turn|3
|
|t:|1743885960
|switch|p1a: Wyatt|Klawf, M|100/100
|-end|p2a: Weezing|ability: Neutralizing Gas
|switch|p2a: Slowking|Slowking-Galar, M|100/100
|
|upkeep
|turn|4
|
|t:|1743885968
|switch|p2a: Corviknight|Corviknight, M|100/100
|-ability|p2a: Corviknight|Pressure
|move|p1a: Wyatt|Stealth Rock|p2a: Corviknight
|-sidestart|p2: Lucwasz|move: Stealth Rock
|
|upkeep
|turn|5
|
|t:|1743885984
|switch|p1a: Mr T|Great Tusk|100/100
|-enditem|p1a: Mr T|Booster Energy
|-activate|p1a: Mr T|ability: Protosynthesis|[fromitem]
|-start|p1a: Mr T|protosynthesisatk
|switch|p2a: Garganacl|Garganacl, M|100/100
|-damage|p2a: Garganacl|88/100|[from] Stealth Rock
|
|-heal|p2a: Garganacl|94/100|[from] item: Leftovers
|upkeep
|turn|6
|
|t:|1743885988
|move|p2a: Garganacl|Protect|p2a: Garganacl
|-singleturn|p2a: Garganacl|Protect
|move|p1a: Mr T|Close Combat|p2a: Garganacl
|-activate|p2a: Garganacl|move: Protect
|
|-heal|p2a: Garganacl|100/100|[from] item: Leftovers
|upkeep
|turn|7
|
|t:|1743885994
|switch|p2a: Corviknight|Corviknight, M|100/100
|-damage|p2a: Corviknight|88/100|[from] Stealth Rock
|-ability|p2a: Corviknight|Pressure
|move|p1a: Mr T|Headlong Rush|p2a: Corviknight
|-immune|p2a: Corviknight
|
|upkeep
|turn|8
|
|t:|1743885999
|move|p1a: Mr T|Close Combat|p2a: Corviknight
|-damage|p2a: Corviknight|36/100
|-unboost|p1a: Mr T|def|1
|-unboost|p1a: Mr T|spd|1
|-damage|p1a: Mr T|84/100|[from] item: Rocky Helmet|[of] p2a: Corviknight
|move|p2a: Corviknight|Iron Defense|p2a: Corviknight
|-boost|p2a: Corviknight|def|2
|
|upkeep
|turn|9
|
|t:|1743886004
|-terastallize|p1a: Mr T|Fighting
|move|p1a: Mr T|Close Combat|p2a: Corviknight
|-damage|p2a: Corviknight|2/100
|-unboost|p1a: Mr T|def|1
|-unboost|p1a: Mr T|spd|1
|-damage|p1a: Mr T|68/100|[from] item: Rocky Helmet|[of] p2a: Corviknight
|move|p2a: Corviknight|Roost|p2a: Corviknight
|-heal|p2a: Corviknight|52/100
|-singleturn|p2a: Corviknight|move: Roost
|
|upkeep
|turn|10
|
|t:|1743886010
|-end|p1a: Mr T|Protosynthesis|[silent]
|switch|p1a: Emily|Moltres|100/100
|move|p2a: Corviknight|Roost|p2a: Corviknight
|-heal|p2a: Corviknight|100/100
|-singleturn|p2a: Corviknight|move: Roost
|
|upkeep
|turn|11
|
|t:|1743886013
|switch|p1a: Mr T|Great Tusk, tera:Fighting|68/100
|switch|p2a: Garganacl|Garganacl, M|100/100
|-damage|p2a: Garganacl|88/100|[from] Stealth Rock
|
|-heal|p2a: Garganacl|94/100|[from] item: Leftovers
|upkeep
|turn|12
|
|t:|1743886017
|move|p2a: Garganacl|Protect|p2a: Garganacl
|-singleturn|p2a: Garganacl|Protect
|move|p1a: Mr T|Close Combat|p2a: Garganacl
|-activate|p2a: Garganacl|move: Protect
|
|-heal|p2a: Garganacl|100/100|[from] item: Leftovers
|upkeep
|turn|13
|
|t:|1743886023
|switch|p2a: Corviknight|Corviknight, M|100/100
|-damage|p2a: Corviknight|88/100|[from] Stealth Rock
|-ability|p2a: Corviknight|Pressure
|move|p1a: Mr T|Close Combat|p2a: Corviknight
|-damage|p2a: Corviknight|40/100
|-unboost|p1a: Mr T|def|1
|-unboost|p1a: Mr T|spd|1
|-damage|p1a: Mr T|51/100|[from] item: Rocky Helmet|[of] p2a: Corviknight
|
|upkeep
|turn|14
|
|t:|1743886027
|-end|p1a: Mr T|Protosynthesis|[silent]
|switch|p1a: Wyatt|Klawf, M|100/100
|switch|p2a: Dragapult|Dragapult, M|100/100
|
|upkeep
|turn|15
|
|t:|1743886030
|move|p2a: Dragapult|Will-O-Wisp|p1a: Wyatt
|-status|p1a: Wyatt|brn
|move|p1a: Wyatt|Knock Off|p2a: Dragapult
|-supereffective|p2a: Dragapult
|-damage|p2a: Dragapult|60/100
|-enditem|p2a: Dragapult|Heavy-Duty Boots|[from] move: Knock Off|[of] p1a: Wyatt
|
|-damage|p1a: Wyatt|94/100 brn|[from] brn
|upkeep
|turn|16
|
|t:|1743886032
|move|p2a: Dragapult|Hex|p1a: Wyatt
|-damage|p1a: Wyatt|0 fnt
|faint|p1a: Wyatt
|
|upkeep
|
|t:|1743886037
|switch|p1a: Its U-turn|Dragapult, F, shiny|100/100
|turn|17
|
|t:|1743886039
|move|p1a: Its U-turn|Draco Meteor|p2a: Dragapult
|-supereffective|p2a: Dragapult
|-damage|p2a: Dragapult|0 fnt
|-unboost|p1a: Its U-turn|spa|2
|faint|p2a: Dragapult
|
|upkeep
|
|t:|1743886042
|switch|p2a: Garganacl|Garganacl, M|100/100
|-damage|p2a: Garganacl|88/100|[from] Stealth Rock
|turn|18
|
|t:|1743886046
|switch|p1a: Mr Bushido|Kingambit, M|100/100
|-activate|p1a: Mr Bushido|ability: Supreme Overlord
|-start|p1a: Mr Bushido|fallen1|[silent]
|move|p2a: Garganacl|Salt Cure|p1a: Mr Bushido
|-resisted|p1a: Mr Bushido
|-damage|p1a: Mr Bushido|95/100
|-start|p1a: Mr Bushido|Salt Cure
|
|-heal|p2a: Garganacl|94/100|[from] item: Leftovers
|-damage|p1a: Mr Bushido|70/100|[from] Salt Cure
|upkeep
|turn|19
|
|t:|1743886050
|-end|p1a: Mr Bushido|fallen1|[silent]
|switch|p1a: Mr T|Great Tusk, tera:Fighting|51/100
|move|p2a: Garganacl|Stealth Rock|p1a: Mr T
|-sidestart|p1: PekPicPek|move: Stealth Rock
|
|-heal|p2a: Garganacl|100/100|[from] item: Leftovers
|upkeep
|turn|20
|
|t:|1743886053
|move|p2a: Garganacl|Protect|p2a: Garganacl
|-singleturn|p2a: Garganacl|Protect
|move|p1a: Mr T|Rapid Spin|p2a: Garganacl
|-activate|p2a: Garganacl|move: Protect
|
|upkeep
|turn|21
|
|t:|1743886058
|move|p1a: Mr T|Headlong Rush|p2a: Garganacl
|-supereffective|p2a: Garganacl
|-damage|p2a: Garganacl|20/100
|-unboost|p1a: Mr T|def|1
|-unboost|p1a: Mr T|spd|1
|move|p2a: Garganacl|Salt Cure|p1a: Mr T
|-resisted|p1a: Mr T
|-damage|p1a: Mr T|44/100
|-start|p1a: Mr T|Salt Cure
|
|-heal|p2a: Garganacl|26/100|[from] item: Leftovers
|-damage|p1a: Mr T|31/100|[from] Salt Cure
|upkeep
|turn|22
|
|t:|1743886061
|move|p2a: Garganacl|Protect|p2a: Garganacl
|-singleturn|p2a: Garganacl|Protect
|move|p1a: Mr T|Rapid Spin|p2a: Garganacl
|-activate|p2a: Garganacl|move: Protect
|
|-heal|p2a: Garganacl|32/100|[from] item: Leftovers
|-damage|p1a: Mr T|19/100|[from] Salt Cure
|upkeep
|turn|23
|
|t:|1743886064
|move|p1a: Mr T|Rapid Spin|p2a: Garganacl
|-resisted|p2a: Garganacl
|-damage|p2a: Garganacl|27/100
|-boost|p1a: Mr T|spe|1
|-sideend|p1: PekPicPek|Stealth Rock|[from] move: Rapid Spin|[of] p1a: Mr T
|move|p2a: Garganacl|Recover|p2a: Garganacl
|-heal|p2a: Garganacl|77/100
|
|-heal|p2a: Garganacl|83/100|[from] item: Leftovers
|-damage|p1a: Mr T|7/100|[from] Salt Cure
|upkeep
|turn|24
|
|t:|1743886068
|-end|p1a: Mr T|Protosynthesis|[silent]
|switch|p1a: Lucia|Azumarill, M|87/100
|move|p2a: Garganacl|Protect||[still]
|-fail|p2a: Garganacl
|
|-heal|p2a: Garganacl|89/100|[from] item: Leftovers
|upkeep
|turn|25
|
|t:|1743886071
|switch|p2a: Weezing|Weezing-Galar, F|91/100
|-ability|p2a: Weezing|Neutralizing Gas
|move|p1a: Lucia|Liquidation|p2a: Weezing
|-damage|p2a: Weezing|72/100
|
|upkeep
|turn|26
|
|t:|1743886077
|switch|p1a: Emily|Moltres|100/100
|move|p2a: Weezing|Defog|p1a: Emily
|-unboost|p1a: Emily|evasion|1
|-sideend|p2: Lucwasz|Stealth Rock|[from] move: Defog|[of] p2a: Weezing
|
|upkeep
|turn|27
|
|t:|1743886082
|switch|p1a: Mr Bushido|Kingambit, M|70/100
|move|p2a: Weezing|Will-O-Wisp|p1a: Mr Bushido
|-status|p1a: Mr Bushido|brn
|
|-damage|p1a: Mr Bushido|64/100 brn|[from] brn
|upkeep
|turn|28
|
|t:|1743886085
|-end|p2a: Weezing|ability: Neutralizing Gas
|-activate|p1a: Mr Bushido|ability: Supreme Overlord
|-start|p1a: Mr Bushido|fallen1|[silent]
|switch|p2a: Garganacl|Garganacl, M|89/100
|move|p1a: Mr Bushido|Swords Dance|p1a: Mr Bushido
|-boost|p1a: Mr Bushido|atk|2
|
|-heal|p2a: Garganacl|95/100|[from] item: Leftovers
|-damage|p1a: Mr Bushido|58/100 brn|[from] brn
|upkeep
|turn|29
|
|t:|1743886090
|move|p1a: Mr Bushido|Iron Head|p2a: Garganacl
|-supereffective|p2a: Garganacl
|-damage|p2a: Garganacl|30/100
|move|p2a: Garganacl|Salt Cure|p1a: Mr Bushido
|-resisted|p1a: Mr Bushido
|-damage|p1a: Mr Bushido|52/100 brn
|-start|p1a: Mr Bushido|Salt Cure
|
|-heal|p2a: Garganacl|37/100|[from] item: Leftovers
|-damage|p1a: Mr Bushido|46/100 brn|[from] brn
|-damage|p1a: Mr Bushido|21/100 brn|[from] Salt Cure
|upkeep
|turn|30
|
|t:|1743886096
|-end|p1a: Mr Bushido|fallen1|[silent]
|switch|p1a: Mr T|Great Tusk, tera:Fighting|7/100
|move|p2a: Garganacl|Protect||[still]
|-fail|p2a: Garganacl
|
|-heal|p2a: Garganacl|43/100|[from] item: Leftovers
|upkeep
|turn|31
|
|t:|1743886099
|move|p2a: Garganacl|Protect|p2a: Garganacl
|-singleturn|p2a: Garganacl|Protect
|move|p1a: Mr T|Headlong Rush|p2a: Garganacl
|-activate|p2a: Garganacl|move: Protect
|
|-heal|p2a: Garganacl|49/100|[from] item: Leftovers
|upkeep
|turn|32
|
|t:|1743886101
|switch|p2a: Corviknight|Corviknight, M|40/100
|-ability|p2a: Corviknight|Pressure
|move|p1a: Mr T|Headlong Rush|p2a: Corviknight
|-immune|p2a: Corviknight
|
|upkeep
|turn|33
|
|t:|1743886104
|-end|p1a: Mr T|Protosynthesis|[silent]
|switch|p1a: Its U-turn|Dragapult, F, shiny|100/100
|move|p2a: Corviknight|Roost|p2a: Corviknight
|-heal|p2a: Corviknight|90/100
|-singleturn|p2a: Corviknight|move: Roost
|
|upkeep
|turn|34
|
|t:|1743886108
|switch|p2a: Samurott|Samurott-Hisui, F|100/100
|move|p1a: Its U-turn|Thunderbolt|p2a: Samurott
|-supereffective|p2a: Samurott
|-damage|p2a: Samurott|0 fnt
|faint|p2a: Samurott
|
|upkeep
|
|t:|1743886112
|switch|p2a: Slowking|Slowking-Galar, M|100/100
|turn|35
|
|t:|1743886116
|switch|p1a: Lucia|Azumarill, M|87/100
|move|p2a: Slowking|Future Sight|p1a: Lucia
|-start|p2a: Slowking|move: Future Sight
|
|upkeep
|turn|36
|
|t:|1743886120
|switch|p1a: Its U-turn|Dragapult, F, shiny|100/100
|switch|p2a: Weezing|Weezing-Galar, F|72/100
|-ability|p2a: Weezing|Neutralizing Gas
|
|upkeep
|turn|37
|
|t:|1743886125
|move|p1a: Its U-turn|U-turn|p2a: Weezing
|-resisted|p2a: Weezing
|-damage|p2a: Weezing|70/100
|
|t:|1743886127
|switch|p1a: Mr T|Great Tusk, tera:Fighting|7/100|[from] U-turn
|move|p2a: Weezing|Strange Steam|p1a: Mr T
|-supereffective|p1a: Mr T
|-damage|p1a: Mr T|0 fnt
|faint|p1a: Mr T
|-end|p1a: Mr T|Protosynthesis|[silent]
|
|-hint|Future Sight did not hit because the target is fainted.
|upkeep
|
|t:|1743886130
|switch|p1a: Its U-turn|Dragapult, F, shiny|100/100
|turn|38
|
|t:|1743886133
|move|p1a: Its U-turn|Shadow Ball|p2a: Weezing
|-damage|p2a: Weezing|0 fnt
|faint|p2a: Weezing
|-end|p2a: Weezing|ability: Neutralizing Gas
|
|upkeep
|
|t:|1743886137
|switch|p2a: Garganacl|Garganacl, M|49/100
|turn|39
|
|t:|1743886139
|switch|p1a: Mr Bushido|Kingambit, M|21/100 brn
|-activate|p1a: Mr Bushido|ability: Supreme Overlord
|-start|p1a: Mr Bushido|fallen2|[silent]
|move|p2a: Garganacl|Recover|p2a: Garganacl
|-heal|p2a: Garganacl|99/100
|
|-heal|p2a: Garganacl|100/100|[from] item: Leftovers
|-damage|p1a: Mr Bushido|15/100 brn|[from] brn
|upkeep
|turn|40
|
|t:|1743886144
|move|p1a: Mr Bushido|Iron Head|p2a: Garganacl
|-supereffective|p2a: Garganacl
|-damage|p2a: Garganacl|62/100
|cant|p2a: Garganacl|flinch
|
|-heal|p2a: Garganacl|69/100|[from] item: Leftovers
|-damage|p1a: Mr Bushido|9/100 brn|[from] brn
|upkeep
|turn|41
|
|t:|1743886148
|move|p2a: Garganacl|Protect|p2a: Garganacl
|-singleturn|p2a: Garganacl|Protect
|move|p1a: Mr Bushido|Swords Dance|p1a: Mr Bushido
|-boost|p1a: Mr Bushido|atk|2
|
|-heal|p2a: Garganacl|75/100|[from] item: Leftovers
|-damage|p1a: Mr Bushido|3/100 brn|[from] brn
|upkeep
|turn|42
|
|t:|1743886153
|switch|p2a: Corviknight|Corviknight, M|90/100
|-ability|p2a: Corviknight|Pressure
|move|p1a: Mr Bushido|Kowtow Cleave|p2a: Corviknight
|-damage|p2a: Corviknight|47/100
|-damage|p1a: Mr Bushido|0 fnt|[from] item: Rocky Helmet|[of] p2a: Corviknight
|faint|p1a: Mr Bushido
|-end|p1a: Mr Bushido|fallen2|[silent]
|
|upkeep
|
|t:|1743886159
|switch|p1a: Its U-turn|Dragapult, F, shiny|100/100
|turn|43
|
|t:|1743886162
|switch|p2a: Slowking|Slowking-Galar, M|100/100
|move|p1a: Its U-turn|Thunderbolt|p2a: Slowking
|-damage|p2a: Slowking|85/100
|
|upkeep
|turn|44
|
|t:|1743886167
|move|p1a: Its U-turn|Thunderbolt|p2a: Slowking
|-damage|p2a: Slowking|69/100
|move|p2a: Slowking|Future Sight|p1a: Its U-turn
|-start|p2a: Slowking|move: Future Sight
|
|upkeep
|turn|45
|
|t:|1743886170
|switch|p1a: Emily|Moltres|100/100
|move|p2a: Slowking|Psychic Noise|p1a: Emily
|-damage|p1a: Emily|69/100
|-start|p1a: Emily|move: Heal Block
|
|upkeep
|turn|46
|
|t:|1743886173
|switch|p1a: Its U-turn|Dragapult, F, shiny|100/100
|move|p2a: Slowking|Sludge Bomb|p1a: Its U-turn
|-resisted|p1a: Its U-turn
|-damage|p1a: Its U-turn|76/100
|
|-end|p1a: Its U-turn|move: Future Sight
|-damage|p1a: Its U-turn|11/100
|upkeep
|turn|47
|
|t:|1743886177
|move|p1a: Its U-turn|U-turn|p2a: Slowking
|-damage|p2a: Slowking|52/100
|
|t:|1743886179
|switch|p1a: Lucia|Azumarill, M|87/100|[from] U-turn
|move|p2a: Slowking|Sludge Bomb|p1a: Lucia
|-supereffective|p1a: Lucia
|-damage|p1a: Lucia|38/100
|-status|p1a: Lucia|psn
|
|-damage|p1a: Lucia|26/100 psn|[from] psn
|upkeep
|turn|48
|
|t:|1743886181
|move|p1a: Lucia|Liquidation|p2a: Slowking
|-damage|p2a: Slowking|0 fnt
|faint|p2a: Slowking
|
|-damage|p1a: Lucia|13/100 psn|[from] psn
|upkeep
|
|t:|1743886185
|switch|p2a: Corviknight|Corviknight, M|47/100
|-ability|p2a: Corviknight|Pressure
|turn|49
|
|t:|1743886188
|switch|p1a: Its U-turn|Dragapult, F, shiny|11/100
|move|p2a: Corviknight|Roost|p2a: Corviknight
|-heal|p2a: Corviknight|97/100
|-singleturn|p2a: Corviknight|move: Roost
|
|upkeep
|turn|50
|
|t:|1743886191
|move|p1a: Its U-turn|Thunderbolt|p2a: Corviknight
|-supereffective|p2a: Corviknight
|-damage|p2a: Corviknight|17/100
|move|p2a: Corviknight|Brave Bird|p1a: Its U-turn
|-damage|p1a: Its U-turn|0 fnt
|faint|p1a: Its U-turn
|-damage|p2a: Corviknight|14/100|[from] Recoil
|
|upkeep
|
|t:|1743886197
|switch|p1a: Lucia|Azumarill, M|13/100 psn
|turn|51
|
|t:|1743886200
|move|p1a: Lucia|Aqua Jet|p2a: Corviknight
|-damage|p2a: Corviknight|0 fnt
|-damage|p1a: Lucia|0 fnt|[from] item: Rocky Helmet|[of] p2a: Corviknight
|faint|p2a: Corviknight
|faint|p1a: Lucia
|
|upkeep
|
|t:|1743886202
|switch|p2a: Garganacl|Garganacl, M|75/100
|switch|p1a: Emily|Moltres|69/100
|turn|52
|
|t:|1743886206
|move|p2a: Garganacl|Protect|p2a: Garganacl
|-singleturn|p2a: Garganacl|Protect
|move|p1a: Emily|Hurricane|p2a: Garganacl
|-activate|p2a: Garganacl|move: Protect
|
|-heal|p2a: Garganacl|81/100|[from] item: Leftovers
|upkeep
|turn|53
|-message|PekPicPek forfeited.
|
|win|Lucwasz
|raw|PekPicPek's rating: 1753 &rarr; <strong>1728</strong><br />(-25 for losing)
|raw|Lucwasz's rating: 1656 &rarr; <strong>1681</strong><br />(+25 for winning)
|l|☆PekPicPek
|player|p1|
|l|☆Lucwasz
|player|p2|
