|j|☆JayStarsGaming
|j|☆Harabon
|t:|1743835385
|gametype|singles
|player|p1|JayStarsGaming|2|1229
|player|p2|Harabon|265|1289
|teamsize|p1|6
|teamsize|p2|6
|gen|9
|tier|[Gen 9] OU
|rated|
|rule|HP Percentage Mod: HP is shown in percentages
|rule|Endless Battle Clause: Forcing endless battles is banned
|rule|Species Clause: Limit one of each Pokémon
|rule|OHKO Clause: OHKO moves are banned
|rule|Evasion Items Clause: Evasion items are banned
|rule|Evasion Moves Clause: Evasion moves are banned
|rule|Sleep Moves Clause: Sleep-inducing moves are banned
|clearpoke
|poke|p1|Glimmora, M|
|poke|p1|Rillaboom, M|
|poke|p1|Gholdengo|
|poke|p1|Primarina, F|
|poke|p1|Landorus-Therian, M|
|poke|p1|Zamazenta-*|
|poke|p2|Barraskewda, M|
|poke|p2|Overqwil, M|
|poke|p2|Pelipper, M|
|poke|p2|Tornadus-Therian, M|
|poke|p2|Raging Bolt|
|poke|p2|Iron Treads|
|teampreview
|inactive|Battle timer is ON: inactive players will automatically lose when time's up. (requested by JayStarsGaming)
|inactive|Harabon also wants the timer to be on.
|
|t:|1743835398
|start
|switch|p1a: Stone Free|Glimmora, M|100/100
|switch|p2a: Iron Treads|Iron Treads|100/100
|turn|1
|
|t:|1743835406
|switch|p1a: Donkey Kong|Rillaboom, M, shiny|100/100
|-fieldstart|move: Grassy Terrain|[from] ability: Grassy Surge|[of] p1a: Donkey Kong
|move|p2a: Iron Treads|Stealth Rock|p1a: Donkey Kong
|-sidestart|p1: JayStarsGaming|move: Stealth Rock
|
|upkeep
|turn|2
|
|t:|1743835416
|-end|p2a: Iron Treads|Quark Drive|[silent]
|switch|p2a: Pelipper|Pelipper, M|100/100
|-weather|RainDance|[from] ability: Drizzle|[of] p2a: Pelipper
|move|p1a: Donkey Kong|Stomping Tantrum|p2a: Pelipper
|-immune|p2a: Pelipper
|
|-weather|RainDance|[upkeep]
|upkeep
|turn|3
|
|t:|1743835423
|move|p1a: Donkey Kong|U-turn|p2a: Pelipper
|-resisted|p2a: Pelipper
|-damage|p2a: Pelipper|88/100
|-damage|p1a: Donkey Kong|91/100|[from] item: Life Orb
|
|t:|1743835437
|switch|p1a: Aqua Park|Primarina, F, shiny|100/100|[from] U-turn
|-damage|p1a: Aqua Park|88/100|[from] Stealth Rock
|move|p2a: Pelipper|U-turn|p1a: Aqua Park
|-resisted|p1a: Aqua Park
|-damage|p1a: Aqua Park|85/100
|
|t:|1743835447
|switch|p2a: Tornadus|Tornadus-Therian, M|100/100|[from] U-turn
|
|-weather|RainDance|[upkeep]
|-heal|p1a: Aqua Park|91/100|[from] Grassy Terrain
|-heal|p1a: Aqua Park|97/100|[from] item: Leftovers
|upkeep
|turn|4
|
|t:|1743835460
|-terastallize|p2a: Tornadus|Flying
|move|p2a: Tornadus|Hurricane|p1a: Aqua Park
|-damage|p1a: Aqua Park|7/100
|move|p1a: Aqua Park|Calm Mind|p1a: Aqua Park
|-boost|p1a: Aqua Park|spa|1
|-boost|p1a: Aqua Park|spd|1
|
|-weather|RainDance|[upkeep]
|-heal|p1a: Aqua Park|13/100|[from] Grassy Terrain
|-heal|p1a: Aqua Park|19/100|[from] item: Leftovers
|upkeep
|turn|5
|
|t:|1743835469
|move|p2a: Tornadus|Hurricane|p1a: Aqua Park
|-damage|p1a: Aqua Park|0 fnt
|faint|p1a: Aqua Park
|
|-weather|RainDance|[upkeep]
|-fieldend|move: Grassy Terrain
|upkeep
|
|t:|1743835473
|switch|p1a: Stone Free|Glimmora, M|100/100
|-damage|p1a: Stone Free|88/100|[from] Stealth Rock
|turn|6
|
|t:|1743835479
|switch|p2a: Iron Treads|Iron Treads|100/100
|move|p1a: Stone Free|Power Gem|p2a: Iron Treads
|-resisted|p2a: Iron Treads
|-damage|p2a: Iron Treads|79/100
|-enditem|p2a: Iron Treads|Eject Button
|-damage|p1a: Stone Free|78/100|[from] item: Life Orb
|
|t:|1743835483
|-end|p2a: Iron Treads|Quark Drive|[silent]
|switch|p2a: Barraskewda|Barraskewda, M|100/100
|
|-weather|RainDance|[upkeep]
|upkeep
|turn|7
|
|t:|1743835490
|-terastallize|p1a: Stone Free|Grass
|move|p2a: Barraskewda|Flip Turn|p1a: Stone Free
|-resisted|p1a: Stone Free
|-damage|p1a: Stone Free|35/100
|-activate|p1a: Stone Free|ability: Toxic Debris
|-sidestart|p2: Harabon|move: Toxic Spikes
|
|t:|1743835496
|switch|p2a: Iron Treads|Iron Treads|79/100|[from] Flip Turn
|move|p1a: Stone Free|Energy Ball|p2a: Iron Treads
|-damage|p2a: Iron Treads|0 fnt
|faint|p2a: Iron Treads
|-end|p2a: Iron Treads|Quark Drive|[silent]
|-damage|p1a: Stone Free|25/100|[from] item: Life Orb
|
|-weather|RainDance|[upkeep]
|upkeep
|
|t:|1743835503
|switch|p2a: Overqwil|Overqwil, M|100/100
|-sideend|p2: Harabon|move: Toxic Spikes|[of] p2a: Overqwil
|turn|8
|
|t:|1743835520
|switch|p1a: Shield Hero|Zamazenta|100/100
|-damage|p1a: Shield Hero|94/100|[from] Stealth Rock
|-ability|p1a: Shield Hero|Dauntless Shield|boost
|-boost|p1a: Shield Hero|def|1
|move|p2a: Overqwil|Crunch|p1a: Shield Hero
|-resisted|p1a: Shield Hero
|-damage|p1a: Shield Hero|81/100
|-damage|p2a: Overqwil|91/100|[from] item: Life Orb
|
|-weather|RainDance|[upkeep]
|-heal|p1a: Shield Hero|87/100|[from] item: Leftovers
|upkeep
|turn|9
|
|t:|1743835539
|switch|p2a: Tornadus|Tornadus-Therian, M, tera:Flying|100/100
|move|p1a: Shield Hero|Body Press|p2a: Tornadus
|-resisted|p2a: Tornadus
|-damage|p2a: Tornadus|66/100
|
|-weather|none
|-heal|p1a: Shield Hero|93/100|[from] item: Leftovers
|upkeep
|turn|10
|inactive|JayStarsGaming has 120 seconds left.
|
|t:|1743835561
|switch|p1a: Gold Experience|Gholdengo, shiny|100/100
|-damage|p1a: Gold Experience|94/100|[from] Stealth Rock
|move|p2a: Tornadus|U-turn|p1a: Gold Experience
|-resisted|p1a: Gold Experience
|-damage|p1a: Gold Experience|91/100
|
|t:|1743835571
|switch|p2a: Pelipper|Pelipper, M|88/100|[from] U-turn
|-weather|RainDance|[from] ability: Drizzle|[of] p2a: Pelipper
|
|-weather|RainDance|[upkeep]
|upkeep
|turn|11
|
|t:|1743835578
|switch|p2a: Raging Bolt|Raging Bolt|100/100
|move|p1a: Gold Experience|Shadow Ball|p2a: Raging Bolt
|-damage|p2a: Raging Bolt|59/100
|-unboost|p2a: Raging Bolt|spd|1
|
|-weather|RainDance|[upkeep]
|-heal|p2a: Raging Bolt|65/100|[from] item: Leftovers
|upkeep
|turn|12
|
|t:|1743835586
|move|p1a: Gold Experience|Shadow Ball|p2a: Raging Bolt
|-damage|p2a: Raging Bolt|3/100
|move|p2a: Raging Bolt|Dragon Pulse|p1a: Gold Experience
|-resisted|p1a: Gold Experience
|-damage|p1a: Gold Experience|72/100
|
|-weather|RainDance|[upkeep]
|-heal|p2a: Raging Bolt|9/100|[from] item: Leftovers
|upkeep
|turn|13
|
|t:|1743835595
|move|p2a: Raging Bolt|Thunderclap|p1a: Gold Experience
|-damage|p1a: Gold Experience|45/100
|move|p1a: Gold Experience|Dazzling Gleam|p2a: Raging Bolt
|-supereffective|p2a: Raging Bolt
|-damage|p2a: Raging Bolt|0 fnt
|faint|p2a: Raging Bolt
|-end|p2a: Raging Bolt|Protosynthesis|[silent]
|
|-weather|RainDance|[upkeep]
|upkeep
|
|t:|1743835598
|switch|p2a: Barraskewda|Barraskewda, M|100/100
|turn|14
|
|t:|1743835607
|switch|p1a: Stone Free|Glimmora, M, tera:Grass|25/100
|-damage|p1a: Stone Free|13/100|[from] Stealth Rock
|move|p2a: Barraskewda|Flip Turn|p1a: Stone Free
|-resisted|p1a: Stone Free
|-damage|p1a: Stone Free|0 fnt
|-activate|p1a: Stone Free|ability: Toxic Debris
|-sidestart|p2: Harabon|move: Toxic Spikes
|faint|p1a: Stone Free
|
|t:|1743835611
|switch|p2a: Overqwil|Overqwil, M|91/100|[from] Flip Turn
|-sideend|p2: Harabon|move: Toxic Spikes|[of] p2a: Overqwil
|
|-weather|RainDance|[upkeep]
|upkeep
|inactive|JayStarsGaming has 120 seconds left.
|
|t:|1743835647
|switch|p1a: Titan|Landorus-Therian, M|100/100
|-damage|p1a: Titan|88/100|[from] Stealth Rock
|-ability|p1a: Titan|Intimidate|boost
|-unboost|p2a: Overqwil|atk|1
|turn|15
|inactive|JayStarsGaming has 120 seconds left.
|
|t:|1743835654
|switch|p2a: Tornadus|Tornadus-Therian, M, tera:Flying|99/100
|move|p1a: Titan|Stealth Rock|p2a: Tornadus
|-sidestart|p2: Harabon|move: Stealth Rock
|
|-weather|RainDance|[upkeep]
|upkeep
|turn|16
|
|t:|1743835660
|switch|p1a: Gold Experience|Gholdengo, shiny|45/100
|-damage|p1a: Gold Experience|39/100|[from] Stealth Rock
|move|p2a: Tornadus|Hurricane|p1a: Gold Experience
|-resisted|p1a: Gold Experience
|-damage|p1a: Gold Experience|0 fnt
|faint|p1a: Gold Experience
|
|-weather|RainDance|[upkeep]
|upkeep
|inactive|JayStarsGaming has 120 seconds left.
|
|t:|1743835677
|switch|p1a: Titan|Landorus-Therian, M|88/100
|-damage|p1a: Titan|76/100|[from] Stealth Rock
|-ability|p1a: Titan|Intimidate|boost
|-unboost|p2a: Tornadus|atk|1
|turn|17
|inactive|JayStarsGaming has 120 seconds left.
|
|t:|1743835690
|move|p2a: Tornadus|Hurricane|p1a: Titan
|-damage|p1a: Titan|0 fnt
|faint|p1a: Titan
|
|-weather|none
|upkeep
|-message|JayStarsGaming forfeited.
|
|win|Harabon
|raw|JayStarsGaming's rating: 1229 &rarr; <strong>1208</strong><br />(-21 for losing)
|raw|Harabon's rating: 1289 &rarr; <strong>1310</strong><br />(+21 for winning)
|l|☆JayStarsGaming
|player|p1|
|l|☆Harabon
|player|p2|
