|j|☆nubnub100000
|j|☆kiri*spirit
|t:|1743905018
|gametype|singles
|player|p1|nubnub100000|170|1055
|player|p2|kiri*spirit|266|1091
|teamsize|p1|6
|teamsize|p2|6
|gen|9
|tier|[Gen 9] OU
|rated|
|rule|HP Percentage Mod: HP is shown in percentages
|rule|Endless Battle Clause: Forcing endless battles is banned
|rule|Species Clause: Limit one of each Pokémon
|rule|OHKO Clause: OHKO moves are banned
|rule|Evasion Items Clause: Evasion items are banned
|rule|Evasion Moves Clause: Evasion moves are banned
|rule|Sleep Moves Clause: Sleep-inducing moves are banned
|clearpoke
|poke|p1|Metagross|
|poke|p1|Conkeldurr, M|
|poke|p1|Yanmega, F|
|poke|p1|Chansey, F|
|poke|p1|Emboar, M|
|poke|p1|Gardevoir, M|
|poke|p2|Rampardos, M|
|poke|p2|Slaking, M|
|poke|p2|Hoopa-Unbound|
|poke|p2|Bastiodon, F|
|poke|p2|Pecharunt|
|poke|p2|Dragonite, F|
|teampreview
|
|t:|1743905022
|start
|switch|p1a: Chansey|Chansey, F|100/100
|switch|p2a: Rampardos|Rampardos, M|100/100
|turn|1
|c|☆nubnub100000|Funny team hooray
|c|☆kiri*spirit|yes
|inactive|Battle timer is ON: inactive players will automatically lose when time's up. (requested by nubnub100000)
|
|t:|1743905046
|move|p2a: Rampardos|Earthquake|p1a: Chansey
|-damage|p1a: Chansey|0 fnt
|faint|p1a: Chansey
|
|upkeep
|
|t:|1743905057
|switch|p1a: Conkeldurr|Conkeldurr, M|100/100
|turn|2
|
|t:|1743905069
|move|p1a: Conkeldurr|Drain Punch|p2a: Rampardos
|-supereffective|p2a: Rampardos
|-damage|p2a: Rampardos|0 fnt
|faint|p2a: Rampardos
|
|upkeep
|
|t:|1743905083
|switch|p2a: Pecharunt|Pecharunt|100/100
|turn|3
|
|t:|1743905096
|move|p2a: Pecharunt|Malignant Chain|p1a: Conkeldurr
|-damage|p1a: Conkeldurr|45/100
|move|p1a: Conkeldurr|Thunder Punch|p2a: Pecharunt
|-damage|p2a: Pecharunt|78/100
|
|upkeep
|turn|4
|
|t:|1743905112
|switch|p1a: Metagross|Metagross, shiny|100/100
|move|p2a: Pecharunt|Malignant Chain|p1a: Metagross
|-immune|p1a: Metagross
|
|upkeep
|turn|5
|
|t:|1743905127
|move|p1a: Metagross|Zen Headbutt|p2a: Pecharunt
|-supereffective|p2a: Pecharunt
|-damage|p2a: Pecharunt|0 fnt
|faint|p2a: Pecharunt
|
|upkeep
|
|t:|1743905136
|switch|p2a: Slaking|Slaking, M|100/100
|turn|6
|
|t:|1743905144
|move|p2a: Slaking|Earthquake|p1a: Metagross
|-supereffective|p1a: Metagross
|-damage|p1a: Metagross|18/100
|move|p1a: Metagross|Zen Headbutt|p2a: Slaking|[miss]
|-miss|p1a: Metagross|p2a: Slaking
|
|upkeep
|turn|7
|c|☆nubnub100000|Ahh poo
|
|t:|1743905155
|switch|p2a: Dragonite|Dragonite, F|100/100
|move|p1a: Metagross|Zen Headbutt|p2a: Dragonite
|-crit|p2a: Dragonite
|-damage|p2a: Dragonite|45/100
|
|upkeep
|turn|8
|
|t:|1743905169
|move|p2a: Dragonite|Earthquake|p1a: Metagross
|-supereffective|p1a: Metagross
|-damage|p1a: Metagross|0 fnt
|faint|p1a: Metagross
|
|upkeep
|c|☆kiri*spirit|welp
|c|☆kiri*spirit|a crit
|
|t:|1743905174
|switch|p1a: Yanmega|Yanmega, F, shiny|100/100
|turn|9
|
|t:|1743905191
|move|p2a: Dragonite|Extreme Speed|p1a: Yanmega
|-damage|p1a: Yanmega|54/100
|move|p1a: Yanmega|Bug Buzz|p2a: Dragonite
|-resisted|p2a: Dragonite
|-damage|p2a: Dragonite|23/100
|
|-ability|p1a: Yanmega|Speed Boost|boost
|-boost|p1a: Yanmega|spe|1
|upkeep
|turn|10
|
|t:|1743905201
|move|p1a: Yanmega|Air Slash|p2a: Dragonite
|-damage|p2a: Dragonite|0 fnt
|faint|p2a: Dragonite
|
|-ability|p1a: Yanmega|Speed Boost|boost
|-boost|p1a: Yanmega|spe|1
|upkeep
|
|t:|1743905209
|switch|p2a: Hoopa|Hoopa-Unbound|100/100
|turn|11
|
|t:|1743905220
|move|p1a: Yanmega|Tailwind|p1a: Yanmega
|-sidestart|p1: nubnub100000|move: Tailwind
|move|p2a: Hoopa|Thunderbolt|p1a: Yanmega
|-supereffective|p1a: Yanmega
|-damage|p1a: Yanmega|0 fnt
|faint|p1a: Yanmega
|
|upkeep
|
|t:|1743905231
|switch|p1a: Conkeldurr|Conkeldurr, M|45/100
|turn|12
|
|t:|1743905243
|-terastallize|p1a: Conkeldurr|Electric
|move|p1a: Conkeldurr|Drain Punch|p2a: Hoopa
|-damage|p2a: Hoopa|26/100
|-heal|p1a: Conkeldurr|75/100|[from] drain|[of] p2a: Hoopa
|move|p2a: Hoopa|Thunderbolt|p1a: Conkeldurr
|-resisted|p1a: Conkeldurr
|-damage|p1a: Conkeldurr|38/100
|
|upkeep
|turn|13
|
|t:|1743905252
|move|p1a: Conkeldurr|Drain Punch|p2a: Hoopa
|-damage|p2a: Hoopa|0 fnt
|-heal|p1a: Conkeldurr|48/100|[from] drain|[of] p2a: Hoopa
|faint|p2a: Hoopa
|
|upkeep
|
|t:|1743905260
|switch|p2a: Slaking|Slaking, M|100/100
|turn|14
|
|t:|1743905274
|-terastallize|p2a: Slaking|Fighting
|move|p1a: Conkeldurr|Drain Punch|p2a: Slaking
|-damage|p2a: Slaking|62/100
|-heal|p1a: Conkeldurr|71/100|[from] drain|[of] p2a: Slaking
|move|p2a: Slaking|Drain Punch|p1a: Conkeldurr
|-damage|p1a: Conkeldurr|10/100
|-heal|p2a: Slaking|88/100|[from] drain|[of] p1a: Conkeldurr
|
|-sideend|p1: nubnub100000|move: Tailwind
|upkeep
|turn|15
|
|t:|1743905290
|cant|p2a: Slaking|ability: Truant
|move|p1a: Conkeldurr|Thunder Punch|p2a: Slaking
|-damage|p2a: Slaking|53/100
|
|upkeep
|turn|16
|
|t:|1743905298
|move|p2a: Slaking|Drain Punch|p1a: Conkeldurr
|-damage|p1a: Conkeldurr|0 fnt
|-heal|p2a: Slaking|57/100|[from] drain|[of] p1a: Conkeldurr
|faint|p1a: Conkeldurr
|
|upkeep
|
|t:|1743905310
|switch|p1a: Gardevoir|Gardevoir, M, shiny|100/100
|turn|17
|
|t:|1743905328
|switch|p2a: Bastiodon|Bastiodon, F|100/100
|move|p1a: Gardevoir|Psychic|p2a: Bastiodon
|-resisted|p2a: Bastiodon
|-damage|p2a: Bastiodon|71/100
|
|-heal|p2a: Bastiodon|77/100|[from] item: Leftovers
|upkeep
|turn|18
|
|t:|1743905337
|switch|p1a: Emboar|Emboar, M, shiny|100/100
|move|p2a: Bastiodon|Metal Burst||[still]
|-fail|p2a: Bastiodon
|
|-heal|p2a: Bastiodon|83/100|[from] item: Leftovers
|upkeep
|turn|19
|
|t:|1743905352
|move|p2a: Bastiodon|Protect|p2a: Bastiodon
|-singleturn|p2a: Bastiodon|Protect
|move|p1a: Emboar|Flame Charge|p2a: Bastiodon
|-activate|p2a: Bastiodon|move: Protect
|
|-heal|p2a: Bastiodon|89/100|[from] item: Leftovers
|upkeep
|turn|20
|
|t:|1743905363
|move|p1a: Emboar|Flame Charge|p2a: Bastiodon
|-damage|p2a: Bastiodon|73/100
|-boost|p1a: Emboar|spe|1
|move|p2a: Bastiodon|Metal Burst|p1a: Emboar
|-damage|p1a: Emboar|82/100
|
|-heal|p2a: Bastiodon|79/100|[from] item: Leftovers
|upkeep
|turn|21
|
|t:|1743905378
|move|p1a: Emboar|Flame Charge|p2a: Bastiodon
|-damage|p2a: Bastiodon|63/100
|-boost|p1a: Emboar|spe|1
|move|p2a: Bastiodon|Body Press|p1a: Emboar
|-damage|p1a: Emboar|36/100
|
|-heal|p2a: Bastiodon|69/100|[from] item: Leftovers
|upkeep
|turn|22
|
|t:|1743905390
|move|p1a: Emboar|Drain Punch|p2a: Bastiodon
|-supereffective|p2a: Bastiodon
|-damage|p2a: Bastiodon|0 fnt
|-heal|p1a: Emboar|62/100|[from] drain|[of] p2a: Bastiodon
|faint|p2a: Bastiodon
|
|upkeep
|
|t:|1743905393
|switch|p2a: Slaking|Slaking, M, tera:Fighting|57/100
|turn|23
|
|t:|1743905404
|move|p1a: Emboar|Flare Blitz|p2a: Slaking
|-damage|p2a: Slaking|9/100
|-damage|p1a: Emboar|43/100|[from] Recoil
|move|p2a: Slaking|Drain Punch|p1a: Emboar
|-damage|p1a: Emboar|0 fnt
|-heal|p2a: Slaking|26/100|[from] drain|[of] p1a: Emboar
|faint|p1a: Emboar
|
|upkeep
|c|☆nubnub100000|Gg
|
|t:|1743905423
|switch|p1a: Gardevoir|Gardevoir, M, shiny|100/100
|turn|24
|c|☆kiri*spirit|gg
|
|t:|1743905427
|cant|p2a: Slaking|ability: Truant
|move|p1a: Gardevoir|Psychic|p2a: Slaking
|-supereffective|p2a: Slaking
|-damage|p2a: Slaking|0 fnt
|faint|p2a: Slaking
|
|win|nubnub100000
|raw|nubnub100000's rating: 1055 &rarr; <strong>1090</strong><br />(+35 for winning)
|raw|kiri*spirit's rating: 1091 &rarr; <strong>1065</strong><br />(-26 for losing)
|l|☆kiri*spirit
|player|p2|
|l|☆nubnub100000
|player|p1|
