|j|☆SloopJhonB
|j|☆Kronikle
|t:|1743862458
|gametype|singles
|player|p1|SloopJhonB|iono|1168
|player|p2|Kronikle|lucas|1129
|teamsize|p1|6
|teamsize|p2|6
|gen|9
|tier|[Gen 9] OU
|rated|
|rule|HP Percentage Mod: HP is shown in percentages
|rule|Endless Battle Clause: Forcing endless battles is banned
|rule|Species Clause: Limit one of each Pokémon
|rule|OHKO Clause: OHKO moves are banned
|rule|Evasion Items Clause: Evasion items are banned
|rule|Evasion Moves Clause: Evasion moves are banned
|rule|Sleep Moves Clause: Sleep-inducing moves are banned
|clearpoke
|poke|p1|Hydreigon, M|
|poke|p1|Gholdengo|
|poke|p1|Alomomola, M|
|poke|p1|Great Tusk|
|poke|p1|Slowking-Galar, F|
|poke|p1|Ogerpon-Wellspring, F|
|poke|p2|Goodra-Hisui, F|
|poke|p2|Tauros, M|
|poke|p2|Zapdos|
|poke|p2|Slowbro, M|
|poke|p2|Electivire, F|
|poke|p2|Ceruledge, M|
|teampreview
|inactive|Battle timer is ON: inactive players will automatically lose when time's up. (requested by Kronikle)
|inactive|SloopJhonB also wants the timer to be on.
|
|t:|1743862470
|start
|switch|p1a: Hydreigon|Hydreigon, M|100/100
|switch|p2a: Slowbro|Slowbro, M|100/100
|turn|1
|
|t:|1743862492
|switch|p2a: Goodra|Goodra-Hisui, F|100/100
|move|p1a: Hydreigon|U-turn|p2a: Goodra
|-resisted|p2a: Goodra
|-damage|p2a: Goodra|94/100
|-ability|p2a: Goodra|Gooey
|-unboost|p1a: Hydreigon|spe|1
|
|t:|1743862495
|switch|p1a: Great Tusk|Great Tusk|100/100|[from] U-turn
|
|upkeep
|turn|2
|
|t:|1743862514
|switch|p2a: Slowbro|Slowbro, M|100/100
|move|p1a: Great Tusk|Stealth Rock|p2a: Slowbro
|-sidestart|p2: Kronikle|move: Stealth Rock
|
|upkeep
|turn|3
|
|t:|1743862520
|-end|p1a: Great Tusk|Protosynthesis|[silent]
|switch|p1a: Ogerpon|Ogerpon-Wellspring, F|100/100
|move|p2a: Slowbro|Scald|p1a: Ogerpon
|-immune|p1a: Ogerpon|[from] ability: Water Absorb
|
|upkeep
|turn|4
|
|t:|1743862526
|move|p1a: Ogerpon|Horn Leech|p2a: Slowbro
|-supereffective|p2a: Slowbro
|-damage|p2a: Slowbro|44/100
|move|p2a: Slowbro|Thunder Wave|p1a: Ogerpon
|-status|p1a: Ogerpon|par
|
|-heal|p2a: Slowbro|50/100|[from] item: Leftovers
|upkeep
|turn|5
|
|t:|1743862539
|switch|p2a: Zapdos|Zapdos|100/100
|cant|p1a: Ogerpon|par
|
|upkeep
|turn|6
|
|t:|1743862555
|switch|p1a: Slowking|Slowking-Galar, F|100/100
|move|p2a: Zapdos|Heat Wave|p1a: Slowking
|-damage|p1a: Slowking|79/100
|
|upkeep
|turn|7
|
|t:|1743862565
|move|p2a: Zapdos|Volt Switch|p1a: Slowking
|-damage|p1a: Slowking|57/100
|
|t:|1743862573
|switch|p2a: Tauros|Tauros, M|100/100|[from] Volt Switch
|-damage|p2a: Tauros|88/100|[from] Stealth Rock
|move|p1a: Slowking|Thunder Wave|p2a: Tauros
|-status|p2a: Tauros|par
|
|upkeep
|turn|8
|
|t:|1743862582
|switch|p1a: Alomomola|Alomomola, M|100/100
|move|p2a: Tauros|Throat Chop|p1a: Alomomola
|-damage|p1a: Alomomola|75/100
|-damage|p2a: Tauros|72/100 par|[from] item: Rocky Helmet|[of] p1a: Alomomola
|
|upkeep
|turn|9
|
|t:|1743862594
|move|p2a: Tauros|Body Slam|p1a: Alomomola
|-damage|p1a: Alomomola|37/100
|-damage|p2a: Tauros|55/100 par|[from] item: Rocky Helmet|[of] p1a: Alomomola
|move|p1a: Alomomola|Flip Turn|p2a: Tauros
|-damage|p2a: Tauros|35/100 par
|
|t:|1743862599
|switch|p1a: Hydreigon|Hydreigon, M|100/100|[from] Flip Turn
|
|upkeep
|turn|10
|
|t:|1743862629
|move|p1a: Hydreigon|Dark Pulse|p2a: Tauros
|-damage|p2a: Tauros|0 fnt
|faint|p2a: Tauros
|
|upkeep
|inactive|Kronikle has 120 seconds left.
|
|t:|1743862648
|switch|p2a: Goodra|Goodra-Hisui, F|94/100
|-damage|p2a: Goodra|88/100|[from] Stealth Rock
|turn|11
|inactive|Kronikle has 120 seconds left.
|
|t:|1743862672
|switch|p1a: Slowking|Slowking-Galar, F|91/100
|move|p2a: Goodra|Draco Meteor|p1a: Slowking
|-damage|p1a: Slowking|32/100
|-unboost|p2a: Goodra|spa|2
|
|upkeep
|turn|12
|
|t:|1743862685
|switch|p2a: Electivire|Electivire, F|100/100
|-damage|p2a: Electivire|88/100|[from] Stealth Rock
|switch|p1a: Great Tusk|Great Tusk|100/100
|
|upkeep
|turn|13
|
|t:|1743862697
|-terastallize|p2a: Electivire|Water
|move|p2a: Electivire|Tera Blast|p1a: Great Tusk|[anim] Tera Blast Water
|-supereffective|p1a: Great Tusk
|-damage|p1a: Great Tusk|31/100
|move|p1a: Great Tusk|Ice Spinner|p2a: Electivire
|-resisted|p2a: Electivire
|-damage|p2a: Electivire|62/100
|
|upkeep
|turn|14
|
|t:|1743862711
|-end|p1a: Great Tusk|Protosynthesis|[silent]
|switch|p1a: Hydreigon|Hydreigon, M|100/100
|move|p2a: Electivire|Tera Blast|p1a: Hydreigon|[anim] Tera Blast Water
|-resisted|p1a: Hydreigon
|-damage|p1a: Hydreigon|76/100
|
|upkeep
|turn|15
|
|t:|1743862726
|switch|p2a: Goodra|Goodra-Hisui, F|88/100
|-damage|p2a: Goodra|82/100|[from] Stealth Rock
|move|p1a: Hydreigon|Draco Meteor|p2a: Goodra
|-damage|p2a: Goodra|42/100
|-unboost|p1a: Hydreigon|spa|2
|
|upkeep
|turn|16
|
|t:|1743862748
|switch|p1a: Slowking|Slowking-Galar, F|66/100
|move|p2a: Goodra|Draco Meteor|p1a: Slowking
|-damage|p1a: Slowking|11/100
|-unboost|p2a: Goodra|spa|2
|
|upkeep
|turn|17
|
|t:|1743862759
|switch|p1a: Hydreigon|Hydreigon, M|76/100
|move|p2a: Goodra|Draco Meteor|p1a: Hydreigon
|-supereffective|p1a: Hydreigon
|-crit|p1a: Hydreigon
|-damage|p1a: Hydreigon|0 fnt
|-unboost|p2a: Goodra|spa|2
|faint|p1a: Hydreigon
|
|upkeep
|
|t:|1743862767
|switch|p1a: Gholdengo|Gholdengo|100/100
|-item|p1a: Gholdengo|Air Balloon
|turn|18
|
|t:|1743862779
|switch|p2a: Slowbro|Slowbro, M|83/100
|-damage|p2a: Slowbro|71/100|[from] Stealth Rock
|move|p1a: Gholdengo|Nasty Plot|p1a: Gholdengo
|-boost|p1a: Gholdengo|spa|2
|
|-heal|p2a: Slowbro|77/100|[from] item: Leftovers
|upkeep
|turn|19
|
|t:|1743862792
|move|p1a: Gholdengo|Shadow Ball|p2a: Slowbro
|-supereffective|p2a: Slowbro
|-damage|p2a: Slowbro|0 fnt
|faint|p2a: Slowbro
|
|upkeep
|
|t:|1743862798
|switch|p2a: Electivire|Electivire, F, tera:Water|62/100
|-damage|p2a: Electivire|50/100|[from] Stealth Rock
|turn|20
|
|t:|1743862807
|move|p2a: Electivire|Knock Off|p1a: Gholdengo
|-supereffective|p1a: Gholdengo
|-damage|p1a: Gholdengo|54/100
|-enditem|p1a: Gholdengo|Air Balloon
|move|p1a: Gholdengo|Shadow Ball|p2a: Electivire
|-damage|p2a: Electivire|0 fnt
|faint|p2a: Electivire
|
|upkeep
|inactive|Kronikle has 120 seconds left.
|
|t:|1743862821
|switch|p2a: Goodra|Goodra-Hisui, F|42/100
|-damage|p2a: Goodra|36/100|[from] Stealth Rock
|turn|21
|inactive|Kronikle has 120 seconds left.
|
|t:|1743862827
|move|p1a: Gholdengo|Shadow Ball|p2a: Goodra
|-damage|p2a: Goodra|0 fnt
|faint|p2a: Goodra
|
|upkeep
|
|t:|1743862832
|switch|p2a: Zapdos|Zapdos|100/100
|turn|22
|
|t:|1743862851
|move|p2a: Zapdos|Heat Wave|p1a: Gholdengo
|-supereffective|p1a: Gholdengo
|-damage|p1a: Gholdengo|0 fnt
|faint|p1a: Gholdengo
|
|upkeep
|
|t:|1743862858
|switch|p1a: Ogerpon|Ogerpon-Wellspring, F|100/100 par
|turn|23
|
|t:|1743862871
|move|p2a: Zapdos|Thunderbolt|p1a: Ogerpon
|-damage|p1a: Ogerpon|41/100 par
|move|p1a: Ogerpon|Play Rough|p2a: Zapdos
|-damage|p2a: Zapdos|62/100
|
|upkeep
|turn|24
|
|t:|1743862880
|move|p2a: Zapdos|Thunderbolt|p1a: Ogerpon
|-damage|p1a: Ogerpon|0 fnt
|faint|p1a: Ogerpon
|
|upkeep
|
|t:|1743862899
|switch|p1a: Slowking|Slowking-Galar, F|45/100
|turn|25
|
|t:|1743862925
|switch|p2a: Ceruledge|Ceruledge, M|100/100
|move|p1a: Slowking|Sludge Bomb|p2a: Ceruledge
|-resisted|p2a: Ceruledge
|-damage|p2a: Ceruledge|81/100
|
|upkeep
|turn|26
|
|t:|1743862937
|move|p2a: Ceruledge|Bitter Blade|p1a: Slowking
|-crit|p1a: Slowking
|-damage|p1a: Slowking|0 fnt
|-heal|p2a: Ceruledge|100/100|[from] drain|[of] p1a: Slowking
|faint|p1a: Slowking
|
|upkeep
|
|t:|1743862941
|switch|p1a: Great Tusk|Great Tusk|31/100
|turn|27
|
|t:|1743862951
|move|p1a: Great Tusk|Headlong Rush|p2a: Ceruledge
|-supereffective|p2a: Ceruledge
|-damage|p2a: Ceruledge|0 fnt
|-unboost|p1a: Great Tusk|def|1
|-unboost|p1a: Great Tusk|spd|1
|faint|p2a: Ceruledge
|
|upkeep
|
|t:|1743862958
|switch|p2a: Zapdos|Zapdos|62/100
|turn|28
|
|t:|1743862973
|move|p1a: Great Tusk|Ice Spinner|p2a: Zapdos
|-supereffective|p2a: Zapdos
|-damage|p2a: Zapdos|0 fnt
|faint|p2a: Zapdos
|
|win|SloopJhonB
|raw|SloopJhonB's rating: 1168 &rarr; <strong>1190</strong><br />(+22 for winning)
|raw|Kronikle's rating: 1129 &rarr; <strong>1107</strong><br />(-22 for losing)
|l|☆Kronikle
|player|p2|
|l|☆SloopJhonB
|player|p1|
