|j|☆Sleeping Closet
|j|☆Jmoneyy1212
|t:|1743789567
|gametype|singles
|player|p1|Sleeping Closet|pokefan-gen4|1476
|player|p2|Jmoneyy1212|2|1516
|teamsize|p1|6
|teamsize|p2|6
|gen|9
|tier|[Gen 9] OU
|rated|
|rule|HP Percentage Mod: HP is shown in percentages
|rule|Endless Battle Clause: Forcing endless battles is banned
|rule|Species Clause: Limit one of each Pokémon
|rule|OHKO Clause: OHKO moves are banned
|rule|Evasion Items Clause: Evasion items are banned
|rule|Evasion Moves Clause: Evasion moves are banned
|rule|Sleep Moves Clause: Sleep-inducing moves are banned
|clearpoke
|poke|p1|Slowbro-Galar, M|
|poke|p1|Infernape, F|
|poke|p1|Whimsicott, F|
|poke|p1|Kingdra, F|
|poke|p1|Krookodile, F|
|poke|p1|Oricorio-Sensu, F|
|poke|p2|Scream Tail|
|poke|p2|Tyranitar, F|
|poke|p2|Kingambit, F|
|poke|p2|Excadrill, M|
|poke|p2|Alomomola, F|
|poke|p2|Great Tusk|
|teampreview
|inactive|Battle timer is ON: inactive players will automatically lose when time's up. (requested by Jmoneyy1212)
|
|t:|1743789589
|start
|switch|p1a: Goku|Infernape, F, shiny|100/100
|switch|p2a: Tyranitar|Tyranitar, F|100/100
|-weather|Sandstorm|[from] ability: Sand Stream|[of] p2a: Tyranitar
|turn|1
|
|t:|1743789594
|switch|p2a: Alomomola|Alomomola, F|100/100
|move|p1a: Goku|U-turn|p2a: Alomomola
|-damage|p2a: Alomomola|80/100
|
|t:|1743789605
|switch|p1a: Eileen|Whimsicott, F, shiny|100/100|[from] U-turn
|
|-weather|Sandstorm|[upkeep]
|-damage|p1a: Eileen|94/100|[from] Sandstorm
|-damage|p2a: Alomomola|74/100|[from] Sandstorm
|upkeep
|turn|2
|inactive|Jmoneyy1212 has 120 seconds left.
|
|t:|1743789644
|move|p1a: Eileen|U-turn|p2a: Alomomola
|-damage|p2a: Alomomola|65/100
|-damage|p1a: Eileen|85/100|[from] item: Life Orb
|
|t:|1743789650
|switch|p1a: Foo Fighters|Kingdra, F, shiny|100/100|[from] U-turn
|move|p2a: Alomomola|Flip Turn|p1a: Foo Fighters
|-resisted|p1a: Foo Fighters
|-damage|p1a: Foo Fighters|96/100
|inactive|Jmoneyy1212 has 120 seconds left.
|
|t:|1743789671
|switch|p2a: Excadrill|Excadrill, M|100/100|[from] Flip Turn
|
|-weather|Sandstorm|[upkeep]
|-damage|p1a: Foo Fighters|90/100|[from] Sandstorm
|upkeep
|turn|3
|
|t:|1743789689
|move|p2a: Excadrill|Iron Head|p1a: Foo Fighters
|-resisted|p1a: Foo Fighters
|-damage|p1a: Foo Fighters|38/100
|move|p1a: Foo Fighters|Surf|p2a: Excadrill
|-supereffective|p2a: Excadrill
|-damage|p2a: Excadrill|0 fnt
|faint|p2a: Excadrill
|
|-weather|Sandstorm|[upkeep]
|-damage|p1a: Foo Fighters|32/100|[from] Sandstorm
|upkeep
|
|t:|1743789705
|switch|p2a: Alomomola|Alomomola, F|98/100
|turn|4
|
|t:|1743789715
|move|p1a: Foo Fighters|Draco Meteor|p2a: Alomomola
|-crit|p2a: Alomomola
|-damage|p2a: Alomomola|0 fnt
|-unboost|p1a: Foo Fighters|spa|2
|faint|p2a: Alomomola
|
|-weather|Sandstorm|[upkeep]
|-damage|p1a: Foo Fighters|26/100|[from] Sandstorm
|upkeep
|
|t:|1743789733
|switch|p2a: Tyranitar|Tyranitar, F|100/100
|turn|5
|
|t:|1743789740
|move|p1a: Foo Fighters|Surf|p2a: Tyranitar
|-supereffective|p2a: Tyranitar
|-damage|p2a: Tyranitar|86/100
|move|p2a: Tyranitar|Stealth Rock|p1a: Foo Fighters
|-sidestart|p1: Sleeping Closet|move: Stealth Rock
|
|-weather|none
|-heal|p2a: Tyranitar|92/100|[from] item: Leftovers
|upkeep
|turn|6
|
|t:|1743789746
|move|p1a: Foo Fighters|Surf|p2a: Tyranitar
|-supereffective|p2a: Tyranitar
|-damage|p2a: Tyranitar|67/100
|move|p2a: Tyranitar|Thunder Wave|p1a: Foo Fighters
|-status|p1a: Foo Fighters|par
|
|-heal|p2a: Tyranitar|73/100|[from] item: Leftovers
|upkeep
|turn|7
|
|t:|1743789765
|switch|p2a: Kingambit|Kingambit, F|100/100
|-activate|p2a: Kingambit|ability: Supreme Overlord
|-start|p2a: Kingambit|fallen2|[silent]
|move|p1a: Foo Fighters|Surf|p2a: Kingambit
|-damage|p2a: Kingambit|82/100
|
|-heal|p2a: Kingambit|88/100|[from] item: Leftovers
|upkeep
|turn|8
|
|t:|1743789791
|-end|p2a: Kingambit|fallen2|[silent]
|switch|p2a: Tyranitar|Tyranitar, F|73/100
|-weather|Sandstorm|[from] ability: Sand Stream|[of] p2a: Tyranitar
|switch|p1a: Goku|Infernape, F, shiny|100/100
|-damage|p1a: Goku|88/100|[from] Stealth Rock
|
|-weather|Sandstorm|[upkeep]
|-damage|p1a: Goku|82/100|[from] Sandstorm
|-heal|p2a: Tyranitar|79/100|[from] item: Leftovers
|upkeep
|turn|9
|inactive|Jmoneyy1212 has 120 seconds left.
|
|t:|1743789804
|move|p1a: Goku|U-turn|p2a: Tyranitar
|-supereffective|p2a: Tyranitar
|-damage|p2a: Tyranitar|27/100
|
|t:|1743789807
|switch|p1a: Foo Fighters|Kingdra, F, shiny|26/100 par|[from] U-turn
|-damage|p1a: Foo Fighters|14/100 par|[from] Stealth Rock
|move|p2a: Tyranitar|Thunder Wave|p1a: Foo Fighters
|-fail|p1a: Foo Fighters|par
|
|-weather|Sandstorm|[upkeep]
|-damage|p1a: Foo Fighters|8/100 par|[from] Sandstorm
|-heal|p2a: Tyranitar|34/100|[from] item: Leftovers
|upkeep
|turn|10
|
|t:|1743789815
|move|p2a: Tyranitar|Knock Off|p1a: Foo Fighters
|-damage|p1a: Foo Fighters|0 fnt
|-enditem|p1a: Foo Fighters|Scope Lens|[from] move: Knock Off|[of] p2a: Tyranitar
|faint|p1a: Foo Fighters
|
|-weather|Sandstorm|[upkeep]
|-heal|p2a: Tyranitar|40/100|[from] item: Leftovers
|upkeep
|
|t:|1743789817
|switch|p1a: Goku|Infernape, F, shiny|82/100
|-damage|p1a: Goku|70/100|[from] Stealth Rock
|turn|11
|
|t:|1743789824
|switch|p2a: Great Tusk|Great Tusk|100/100
|move|p1a: Goku|U-turn|p2a: Great Tusk
|-resisted|p2a: Great Tusk
|-damage|p2a: Great Tusk|90/100
|-damage|p1a: Goku|53/100|[from] item: Rocky Helmet|[of] p2a: Great Tusk
|
|t:|1743789831
|switch|p1a: Eileen|Whimsicott, F, shiny|85/100|[from] U-turn
|-damage|p1a: Eileen|72/100|[from] Stealth Rock
|
|-weather|Sandstorm|[upkeep]
|-damage|p1a: Eileen|66/100|[from] Sandstorm
|upkeep
|turn|12
|
|t:|1743789840
|-terastallize|p2a: Great Tusk|Fire
|move|p1a: Eileen|Moonblast|p2a: Great Tusk
|-resisted|p2a: Great Tusk
|-damage|p2a: Great Tusk|60/100
|-unboost|p2a: Great Tusk|spa|1
|-damage|p1a: Eileen|56/100|[from] item: Life Orb
|move|p2a: Great Tusk|Ice Spinner|p1a: Eileen
|-supereffective|p1a: Eileen
|-damage|p1a: Eileen|0 fnt
|faint|p1a: Eileen
|
|-weather|none
|upkeep
|
|t:|1743789852
|switch|p1a: Hotaru|Oricorio-Sensu, F, shiny|100/100
|turn|13
|
|t:|1743789862
|-end|p2a: Great Tusk|Protosynthesis|[silent]
|switch|p2a: Tyranitar|Tyranitar, F|40/100
|-weather|Sandstorm|[from] ability: Sand Stream|[of] p2a: Tyranitar
|move|p1a: Hotaru|Defog|p2a: Tyranitar
|-unboost|p2a: Tyranitar|evasion|1
|-sideend|p1: Sleeping Closet|Stealth Rock|[from] move: Defog|[of] p1a: Hotaru
|
|-weather|Sandstorm|[upkeep]
|-damage|p1a: Hotaru|95/100|[from] Sandstorm
|-heal|p2a: Tyranitar|46/100|[from] item: Leftovers
|upkeep
|turn|14
|
|t:|1743789870
|switch|p1a: Limp Bizkit|Krookodile, F, shiny|100/100
|move|p2a: Tyranitar|Knock Off|p1a: Limp Bizkit
|-resisted|p1a: Limp Bizkit
|-damage|p1a: Limp Bizkit|74/100
|-enditem|p1a: Limp Bizkit|Focus Sash|[from] move: Knock Off|[of] p2a: Tyranitar
|
|-weather|Sandstorm|[upkeep]
|-heal|p2a: Tyranitar|52/100|[from] item: Leftovers
|upkeep
|turn|15
|
|t:|1743789881
|switch|p2a: Great Tusk|Great Tusk, tera:Fire|60/100
|move|p1a: Limp Bizkit|Earthquake|p2a: Great Tusk
|-supereffective|p2a: Great Tusk
|-damage|p2a: Great Tusk|4/100
|
|-weather|Sandstorm|[upkeep]
|-damage|p2a: Great Tusk|0 fnt|[from] Sandstorm
|faint|p2a: Great Tusk
|-end|p2a: Great Tusk|Protosynthesis|[silent]
|upkeep
|
|t:|1743789895
|switch|p2a: Scream Tail|Scream Tail, shiny|100/100
|-enditem|p2a: Scream Tail|Booster Energy
|-activate|p2a: Scream Tail|ability: Protosynthesis|[fromitem]
|-start|p2a: Scream Tail|protosynthesisdef
|turn|16
|
|t:|1743789904
|switch|p1a: Hotaru|Oricorio-Sensu, F, shiny|95/100
|move|p2a: Scream Tail|Calm Mind|p2a: Scream Tail
|-boost|p2a: Scream Tail|spa|1
|-boost|p2a: Scream Tail|spd|1
|
|-weather|Sandstorm|[upkeep]
|-damage|p1a: Hotaru|89/100|[from] Sandstorm
|-damage|p2a: Scream Tail|94/100|[from] Sandstorm
|upkeep
|turn|17
|
|t:|1743789914
|move|p1a: Hotaru|Quiver Dance|p1a: Hotaru
|-boost|p1a: Hotaru|spa|1
|-boost|p1a: Hotaru|spd|1
|-boost|p1a: Hotaru|spe|1
|move|p2a: Scream Tail|Flamethrower|p1a: Hotaru
|-damage|p1a: Hotaru|57/100
|
|-weather|none
|upkeep
|turn|18
|
|t:|1743789925
|move|p1a: Hotaru|Hurricane|p2a: Scream Tail
|-crit|p2a: Scream Tail
|-damage|p2a: Scream Tail|21/100
|-start|p2a: Scream Tail|confusion
|-activate|p2a: Scream Tail|confusion
|move|p2a: Scream Tail|Flamethrower|p1a: Hotaru
|-damage|p1a: Hotaru|25/100
|
|upkeep
|turn|19
|
|t:|1743789937
|move|p1a: Hotaru|Revelation Dance|p2a: Scream Tail
|-supereffective|p2a: Scream Tail
|-damage|p2a: Scream Tail|0 fnt
|faint|p2a: Scream Tail
|-end|p2a: Scream Tail|Protosynthesis|[silent]
|
|upkeep
|
|t:|1743789944
|switch|p2a: Tyranitar|Tyranitar, F|52/100
|-weather|Sandstorm|[from] ability: Sand Stream|[of] p2a: Tyranitar
|turn|20
|
|t:|1743789953
|move|p1a: Hotaru|Hurricane|p2a: Tyranitar
|-resisted|p2a: Tyranitar
|-damage|p2a: Tyranitar|39/100
|move|p2a: Tyranitar|Stone Edge|p1a: Hotaru
|-supereffective|p1a: Hotaru
|-damage|p1a: Hotaru|0 fnt
|faint|p1a: Hotaru
|
|-weather|Sandstorm|[upkeep]
|-heal|p2a: Tyranitar|45/100|[from] item: Leftovers
|upkeep
|
|t:|1743789965
|switch|p1a: Limp Bizkit|Krookodile, F, shiny|74/100
|turn|21
|
|t:|1743789972
|move|p1a: Limp Bizkit|Earthquake|p2a: Tyranitar
|-supereffective|p2a: Tyranitar
|-damage|p2a: Tyranitar|0 fnt
|faint|p2a: Tyranitar
|-ability|p1a: Limp Bizkit|Moxie|boost
|-boost|p1a: Limp Bizkit|atk|1
|
|-weather|Sandstorm|[upkeep]
|upkeep
|
|t:|1743789976
|switch|p2a: Kingambit|Kingambit, F|88/100
|-activate|p2a: Kingambit|ability: Supreme Overlord
|-start|p2a: Kingambit|fallen5|[silent]
|turn|22
|
|t:|1743789984
|move|p2a: Kingambit|Sucker Punch|p1a: Limp Bizkit
|-resisted|p1a: Limp Bizkit
|-crit|p1a: Limp Bizkit
|-damage|p1a: Limp Bizkit|12/100
|move|p1a: Limp Bizkit|Earthquake|p2a: Kingambit
|-supereffective|p2a: Kingambit
|-damage|p2a: Kingambit|0 fnt
|faint|p2a: Kingambit
|-end|p2a: Kingambit|fallen5|[silent]
|
|win|Sleeping Closet
|raw|Sleeping Closet's rating: 1476 &rarr; <strong>1498</strong><br />(+22 for winning)
|raw|Jmoneyy1212's rating: 1516 &rarr; <strong>1494</strong><br />(-22 for losing)
|l|☆Jmoneyy1212
|player|p2|
|l|☆Sleeping Closet
|player|p1|
