|j|☆EDark2652
|j|☆ShittyHole69
|t:|1743875853
|gametype|singles
|player|p1|EDark2652|acetrainer-gen4dp|1266
|player|p2|ShittyHole69|drayden|1220
|teamsize|p1|6
|teamsize|p2|6
|gen|9
|tier|[Gen 9] OU
|rated|
|rule|HP Percentage Mod: HP is shown in percentages
|rule|Endless Battle Clause: Forcing endless battles is banned
|rule|Species Clause: Limit one of each Pokémon
|rule|OHKO Clause: OHKO moves are banned
|rule|Evasion Items Clause: Evasion items are banned
|rule|Evasion Moves Clause: Evasion moves are banned
|rule|Sleep Moves Clause: Sleep-inducing moves are banned
|clearpoke
|poke|p1|Corviknight, F|
|poke|p1|Garganacl, M|
|poke|p1|Hatterene, F|
|poke|p1|Great Tusk|
|poke|p1|Dragapult, F|
|poke|p1|Slowking-Galar, M|
|poke|p2|Ogerpon, F|
|poke|p2|Chandelure, M|
|poke|p2|Mandibuzz, F|
|poke|p2|Moltres-Galar|
|poke|p2|Landorus-Therian, M|
|poke|p2|Comfey, M|
|teampreview
|inactive|Battle timer is ON: inactive players will automatically lose when time's up. (requested by ShittyHole69)
|
|t:|1743875889
|start
|switch|p1a: Garganacl|Garganacl, M|100/100
|switch|p2a: Ogerpon-Shitspring|Ogerpon, F|100/100
|turn|1
|
|t:|1743875896
|-terastallize|p2a: Ogerpon-Shitspring|Grass
|detailschange|p2a: Ogerpon-Shitspring|Ogerpon-Teal-Tera, F, tera:Grass
|-ability|p2a: Ogerpon-Shitspring|Embody Aspect (Teal)|boost
|-boost|p2a: Ogerpon-Shitspring|spe|1
|move|p2a: Ogerpon-Shitspring|Ivy Cudgel|p1a: Garganacl
|-supereffective|p1a: Garganacl
|-damage|p1a: Garganacl|5/100
|move|p1a: Garganacl|Stealth Rock|p2a: Ogerpon-Shitspring
|-sidestart|p2: ShittyHole69|move: Stealth Rock
|
|-heal|p1a: Garganacl|12/100|[from] item: Leftovers
|upkeep
|turn|2
|
|t:|1743875906
|switch|p1a: Corviknight|Corviknight, F|100/100
|-ability|p1a: Corviknight|Pressure
|move|p2a: Ogerpon-Shitspring|Ivy Cudgel|p1a: Corviknight
|-resisted|p1a: Corviknight
|-damage|p1a: Corviknight|81/100
|
|-heal|p1a: Corviknight|87/100|[from] item: Leftovers
|upkeep
|turn|3
|
|t:|1743875914
|switch|p2a: Mandibuzz|Mandibuzz, F|100/100
|move|p1a: Corviknight|Bulk Up|p1a: Corviknight
|-boost|p1a: Corviknight|atk|1
|-boost|p1a: Corviknight|def|1
|
|-heal|p1a: Corviknight|93/100|[from] item: Leftovers
|upkeep
|turn|4
|
|t:|1743875920
|move|p2a: Mandibuzz|Defog|p1a: Corviknight
|-unboost|p1a: Corviknight|evasion|1
|-sideend|p2: ShittyHole69|Stealth Rock|[from] move: Defog|[of] p2a: Mandibuzz
|move|p1a: Corviknight|Body Press|p2a: Mandibuzz
|-damage|p2a: Mandibuzz|83/100
|
|-heal|p1a: Corviknight|99/100|[from] item: Leftovers
|upkeep
|turn|5
|
|t:|1743875928
|switch|p2a: Chandy|Chandelure, M|100/100
|move|p1a: Corviknight|Bulk Up|p1a: Corviknight
|-boost|p1a: Corviknight|atk|1
|-boost|p1a: Corviknight|def|1
|
|-heal|p1a: Corviknight|100/100|[from] item: Leftovers
|upkeep
|turn|6
|
|t:|1743875938
|switch|p1a: Slowking|Slowking-Galar, M|100/100
|move|p2a: Chandy|Overheat|p1a: Slowking
|-damage|p1a: Slowking|11/100
|-unboost|p2a: Chandy|spa|2
|
|-heal|p1a: Slowking|17/100|[from] item: Black Sludge
|upkeep
|turn|7
|
|t:|1743875945
|switch|p1a: Great Tusk|Great Tusk|100/100
|move|p2a: Chandy|Overheat|p1a: Great Tusk
|-damage|p1a: Great Tusk|10/100
|-unboost|p2a: Chandy|spa|2
|
|-heal|p1a: Great Tusk|16/100|[from] item: Leftovers
|upkeep
|turn|8
|
|t:|1743875953
|switch|p2a: Cancerous-Therian|Landorus-Therian, M|100/100
|-ability|p2a: Cancerous-Therian|Intimidate|boost
|-unboost|p1a: Great Tusk|atk|1
|move|p1a: Great Tusk|Knock Off|p2a: Cancerous-Therian
|-damage|p2a: Cancerous-Therian|75/100
|-enditem|p2a: Cancerous-Therian|Choice Band|[from] move: Knock Off|[of] p1a: Great Tusk
|
|-heal|p1a: Great Tusk|22/100|[from] item: Leftovers
|upkeep
|turn|9
|
|t:|1743875963
|move|p2a: Cancerous-Therian|Earthquake|p1a: Great Tusk
|-damage|p1a: Great Tusk|0 fnt
|faint|p1a: Great Tusk
|-end|p1a: Great Tusk|Protosynthesis|[silent]
|
|upkeep
|
|t:|1743875969
|switch|p1a: Dragapult|Dragapult, F|100/100
|turn|10
|l|☆ShittyHole69
|inactive|ShittyHole69 disconnected and has a minute to reconnect!
|player|p2|
|j|☆ShittyHole69
|inactive|ShittyHole69 reconnected and has 115 seconds left.
|player|p2|ShittyHole69|drayden|
|
|t:|1743876010
|switch|p2a: Moltres|Moltres-Galar|100/100
|move|p1a: Dragapult|Will-O-Wisp|p2a: Moltres
|-status|p2a: Moltres|brn
|
|-damage|p2a: Moltres|94/100 brn|[from] brn
|upkeep
|turn|11
|inactive|ShittyHole69 has 120 seconds left.
|
|t:|1743876022
|switch|p1a: Hatterene|Hatterene, F|100/100
|move|p2a: Moltres|U-turn|p1a: Hatterene
|-damage|p1a: Hatterene|84/100
|
|t:|1743876026
|switch|p2a: Chandy|Chandelure, M|100/100|[from] U-turn
|
|-heal|p1a: Hatterene|90/100|[from] item: Leftovers
|upkeep
|turn|12
|
|t:|1743876034
|move|p2a: Chandy|Overheat|p1a: Hatterene
|-damage|p1a: Hatterene|0 fnt
|-unboost|p2a: Chandy|spa|2
|faint|p1a: Hatterene
|
|upkeep
|
|t:|1743876038
|switch|p1a: Dragapult|Dragapult, F|100/100
|turn|13
|
|t:|1743876041
|switch|p2a: Moltres|Moltres-Galar|94/100 brn
|move|p1a: Dragapult|Dragon Dance|p1a: Dragapult
|-boost|p1a: Dragapult|atk|1
|-boost|p1a: Dragapult|spe|1
|
|-damage|p2a: Moltres|88/100 brn|[from] brn
|upkeep
|turn|14
|
|t:|1743876049
|move|p2a: Moltres|Sucker Punch||[still]
|-fail|p2a: Moltres
|move|p1a: Dragapult|Dragon Dance|p1a: Dragapult
|-boost|p1a: Dragapult|atk|1
|-boost|p1a: Dragapult|spe|1
|
|-damage|p2a: Moltres|82/100 brn|[from] brn
|upkeep
|turn|15
|
|t:|1743876059
|switch|p2a: Mandibuzz|Mandibuzz, F|83/100
|-terastallize|p1a: Dragapult|Dragon
|move|p1a: Dragapult|Dragon Darts|p2a: Mandibuzz
|-damage|p2a: Mandibuzz|44/100
|-anim|p1a: Dragapult|Dragon Darts|p2a: Mandibuzz
|-damage|p2a: Mandibuzz|4/100
|
|upkeep
|turn|16
|
|t:|1743876069
|move|p1a: Dragapult|Dragon Darts|p2a: Mandibuzz
|-damage|p2a: Mandibuzz|0 fnt
|faint|p2a: Mandibuzz
|
|upkeep
|
|t:|1743876071
|switch|p2a: Comfey|Comfey, M|100/100
|turn|17
|
|t:|1743876075
|switch|p1a: Corviknight|Corviknight, F|100/100
|-ability|p1a: Corviknight|Pressure
|move|p2a: Comfey|Draining Kiss|p1a: Corviknight
|-resisted|p1a: Corviknight
|-damage|p1a: Corviknight|88/100
|
|-heal|p1a: Corviknight|95/100|[from] item: Leftovers
|upkeep
|turn|18
|
|t:|1743876084
|switch|p2a: Chandy|Chandelure, M|100/100
|move|p1a: Corviknight|U-turn|p2a: Chandy
|-resisted|p2a: Chandy
|-damage|p2a: Chandy|96/100
|
|t:|1743876097
|switch|p1a: Slowking|Slowking-Galar, M|50/100|[from] U-turn
|
|-heal|p1a: Slowking|57/100|[from] item: Black Sludge
|upkeep
|turn|19
|
|t:|1743876107
|move|p2a: Chandy|Overheat|p1a: Slowking
|-crit|p1a: Slowking
|-damage|p1a: Slowking|0 fnt
|-unboost|p2a: Chandy|spa|2
|faint|p1a: Slowking
|
|upkeep
|
|t:|1743876113
|switch|p1a: Dragapult|Dragapult, F, tera:Dragon|100/100
|turn|20
|
|t:|1743876117
|switch|p2a: Comfey|Comfey, M|100/100
|move|p1a: Dragapult|Dragon Dance|p1a: Dragapult
|-boost|p1a: Dragapult|atk|1
|-boost|p1a: Dragapult|spe|1
|
|upkeep
|turn|21
|
|t:|1743876122
|move|p1a: Dragapult|Will-O-Wisp|p2a: Comfey
|-status|p2a: Comfey|brn
|move|p2a: Comfey|U-turn|p1a: Dragapult
|-crit|p1a: Dragapult
|-damage|p1a: Dragapult|91/100
|
|t:|1743876126
|switch|p2a: Cancerous-Therian|Landorus-Therian, M|75/100|[from] U-turn
|-ability|p2a: Cancerous-Therian|Intimidate|boost
|-fail|p1a: Dragapult|unboost|[from] ability: Clear Body|[of] p1a: Dragapult
|
|upkeep
|turn|22
|
|t:|1743876134
|switch|p2a: Comfey|Comfey, M|100/100 brn
|move|p1a: Dragapult|Will-O-Wisp|p2a: Comfey
|-fail|p2a: Comfey|brn
|
|-damage|p2a: Comfey|94/100 brn|[from] brn
|upkeep
|turn|23
|
|t:|1743876140
|move|p1a: Dragapult|U-turn|p2a: Comfey
|-resisted|p2a: Comfey
|-damage|p2a: Comfey|73/100 brn
|
|t:|1743876143
|switch|p1a: Corviknight|Corviknight, F|95/100|[from] U-turn
|-ability|p1a: Corviknight|Pressure
|move|p2a: Comfey|U-turn|p1a: Corviknight
|-resisted|p1a: Corviknight
|-crit|p1a: Corviknight
|-damage|p1a: Corviknight|93/100
|
|t:|1743876146
|switch|p2a: Chandy|Chandelure, M|96/100|[from] U-turn
|
|-heal|p1a: Corviknight|99/100|[from] item: Leftovers
|upkeep
|turn|24
|-message|EDark2652 forfeited.
|
|win|ShittyHole69
|raw|EDark2652's rating: 1266 &rarr; <strong>1238</strong><br />(-28 for losing)
|raw|ShittyHole69's rating: 1220 &rarr; <strong>1248</strong><br />(+28 for winning)
|l|☆EDark2652
|player|p1|
