|j|☆RyanBSS
|j|☆Geeler123
|t:|1743813478
|gametype|singles
|player|p1|RyanBSS|az|1104
|player|p2|Geeler123|102|1145
|teamsize|p1|6
|teamsize|p2|6
|gen|9
|tier|[Gen 9] OU
|rated|
|rule|HP Percentage Mod: HP is shown in percentages
|rule|Endless Battle Clause: Forcing endless battles is banned
|rule|Species Clause: Limit one of each Pokémon
|rule|OHKO Clause: OHKO moves are banned
|rule|Evasion Items Clause: Evasion items are banned
|rule|Evasion Moves Clause: Evasion moves are banned
|rule|Sleep Moves Clause: Sleep-inducing moves are banned
|clearpoke
|poke|p1|Zamazenta-*|
|poke|p1|Kingambit, F|
|poke|p1|Samurott-Hisui, M|
|poke|p1|Landorus-Therian, M|
|poke|p1|Iron Valiant|
|poke|p1|Iron Moth|
|poke|p2|Blaziken, F|
|poke|p2|Gliscor, M|
|poke|p2|Gholdengo|
|poke|p2|Corviknight, F|
|poke|p2|Dragapult, M|
|poke|p2|Hatterene, F|
|teampreview
|inactive|Battle timer is ON: inactive players will automatically lose when time's up. (requested by RyanBSS)
|
|t:|1743813486
|start
|switch|p1a: Samurott|Samurott-Hisui, M|100/100
|switch|p2a: Hatterene|Hatterene, F|100/100
|turn|1
|
|t:|1743813498
|move|p1a: Samurott|Swords Dance|p1a: Samurott
|-boost|p1a: Samurott|atk|2
|move|p2a: Hatterene|Nuzzle|p1a: Samurott
|-supereffective|p1a: Samurott
|-damage|p1a: Samurott|90/100
|-status|p1a: Samurott|par
|
|upkeep
|turn|2
|
|t:|1743813505
|cant|p1a: Samurott|par
|move|p2a: Hatterene|Draining Kiss|p1a: Samurott
|-supereffective|p1a: Samurott
|-damage|p1a: Samurott|24/100 par
|
|upkeep
|turn|3
|
|t:|1743813510
|move|p1a: Samurott|Ceaseless Edge|p2a: Hatterene|[miss]
|-miss|p1a: Samurott|p2a: Hatterene
|move|p2a: Hatterene|Draining Kiss|p1a: Samurott
|-supereffective|p1a: Samurott
|-damage|p1a: Samurott|0 fnt
|faint|p1a: Samurott
|
|upkeep
|c|☆RyanBSS|Aight
|c|☆Geeler123|lol
|
|t:|1743813531
|switch|p1a: Iron Moth|Iron Moth|100/100
|-enditem|p1a: Iron Moth|Booster Energy
|-activate|p1a: Iron Moth|ability: Quark Drive|[fromitem]
|-start|p1a: Iron Moth|quarkdrivespe
|turn|4
|
|t:|1743813538
|move|p1a: Iron Moth|Fiery Dance|p2a: Hatterene
|-damage|p2a: Hatterene|61/100
|move|p2a: Hatterene|Nuzzle|p1a: Iron Moth
|-damage|p1a: Iron Moth|95/100
|-status|p1a: Iron Moth|par
|
|-heal|p2a: Hatterene|67/100|[from] item: Leftovers
|upkeep
|turn|5
|
|t:|1743813563
|move|p1a: Iron Moth|Sludge Wave|p2a: Hatterene
|-supereffective|p2a: Hatterene
|-damage|p2a: Hatterene|0 fnt
|faint|p2a: Hatterene
|
|upkeep
|inactive|Geeler123 has 120 seconds left.
|
|t:|1743813577
|switch|p2a: Gliscor|Gliscor, M|100/100
|turn|6
|
|t:|1743813583
|move|p1a: Iron Moth|Fiery Dance|p2a: Gliscor
|-damage|p2a: Gliscor|66/100
|-boost|p1a: Iron Moth|spa|1
|move|p2a: Gliscor|Swords Dance|p2a: Gliscor
|-boost|p2a: Gliscor|atk|2
|
|-status|p2a: Gliscor|tox|[from] item: Toxic Orb
|upkeep
|turn|7
|
|t:|1743813595
|move|p1a: Iron Moth|Fiery Dance|p2a: Gliscor
|-damage|p2a: Gliscor|5/100 tox
|move|p2a: Gliscor|Facade|p1a: Iron Moth
|-damage|p1a: Iron Moth|14/100 par
|
|-heal|p2a: Gliscor|18/100 tox|[from] ability: Poison Heal
|upkeep
|turn|8
|inactive|Geeler123 has 120 seconds left.
|
|t:|1743813615
|move|p1a: Iron Moth|Fiery Dance|p2a: Gliscor
|-damage|p2a: Gliscor|0 fnt
|faint|p2a: Gliscor
|
|upkeep
|
|t:|1743813620
|switch|p2a: Dragapult|Dragapult, M|100/100
|turn|9
|
|t:|1743813632
|move|p2a: Dragapult|Hex|p1a: Iron Moth
|-damage|p1a: Iron Moth|0 fnt
|faint|p1a: Iron Moth
|-end|p1a: Iron Moth|Quark Drive|[silent]
|
|upkeep
|
|t:|1743813650
|switch|p1a: Iron Valiant|Iron Valiant|100/100
|-enditem|p1a: Iron Valiant|Booster Energy
|-activate|p1a: Iron Valiant|ability: Quark Drive|[fromitem]
|-start|p1a: Iron Valiant|quarkdrivespe
|turn|10
|
|t:|1743813659
|move|p1a: Iron Valiant|Calm Mind|p1a: Iron Valiant
|-boost|p1a: Iron Valiant|spa|1
|-boost|p1a: Iron Valiant|spd|1
|move|p2a: Dragapult|Will-O-Wisp|p1a: Iron Valiant
|-status|p1a: Iron Valiant|brn
|
|-damage|p1a: Iron Valiant|94/100 brn|[from] brn
|upkeep
|turn|11
|
|t:|1743813668
|move|p1a: Iron Valiant|Calm Mind|p1a: Iron Valiant
|-boost|p1a: Iron Valiant|spa|1
|-boost|p1a: Iron Valiant|spd|1
|move|p2a: Dragapult|Hex|p1a: Iron Valiant
|-damage|p1a: Iron Valiant|47/100 brn
|
|-damage|p1a: Iron Valiant|41/100 brn|[from] brn
|upkeep
|turn|12
|
|t:|1743813675
|move|p1a: Iron Valiant|Moonblast|p2a: Dragapult
|-supereffective|p2a: Dragapult
|-damage|p2a: Dragapult|0 fnt
|faint|p2a: Dragapult
|
|-damage|p1a: Iron Valiant|35/100 brn|[from] brn
|upkeep
|
|t:|1743813691
|switch|p2a: Blaziken|Blaziken, F|100/100
|turn|13
|
|t:|1743813702
|move|p1a: Iron Valiant|Psyshock|p2a: Blaziken
|-supereffective|p2a: Blaziken
|-enditem|p2a: Blaziken|Focus Sash
|-damage|p2a: Blaziken|1/100
|move|p2a: Blaziken|Flare Blitz|p1a: Iron Valiant
|-damage|p1a: Iron Valiant|0 fnt
|faint|p1a: Iron Valiant
|-end|p1a: Iron Valiant|Quark Drive|[silent]
|-damage|p2a: Blaziken|0 fnt|[from] Recoil
|faint|p2a: Blaziken
|
|upkeep
|
|t:|1743813713
|switch|p1a: Landorus|Landorus-Therian, M|100/100
|switch|p2a: Corviknight|Corviknight, F|100/100
|-ability|p1a: Landorus|Intimidate|boost
|-unboost|p2a: Corviknight|atk|1
|-ability|p2a: Corviknight|Pressure
|turn|14
|inactive|Geeler123 has 120 seconds left.
|
|t:|1743813742
|move|p1a: Landorus|Taunt|p2a: Corviknight
|-start|p2a: Corviknight|move: Taunt
|cant|p2a: Corviknight|move: Taunt|Iron Defense
|
|upkeep
|turn|15
|
|t:|1743813754
|move|p1a: Landorus|U-turn|p2a: Corviknight
|-resisted|p2a: Corviknight
|-damage|p2a: Corviknight|97/100
|-damage|p1a: Landorus|84/100|[from] item: Rocky Helmet|[of] p2a: Corviknight
|
|t:|1743813758
|switch|p1a: Zamazenta|Zamazenta|100/100|[from] U-turn
|-ability|p1a: Zamazenta|Dauntless Shield|boost
|-boost|p1a: Zamazenta|def|1
|move|p2a: Corviknight|Body Press|p1a: Zamazenta
|-damage|p1a: Zamazenta|87/100
|
|-heal|p1a: Zamazenta|93/100|[from] item: Leftovers
|upkeep
|turn|16
|
|t:|1743813767
|switch|p2a: Gholdengo|Gholdengo|100/100
|-item|p2a: Gholdengo|Air Balloon
|move|p1a: Zamazenta|Iron Defense|p1a: Zamazenta
|-boost|p1a: Zamazenta|def|2
|
|-heal|p1a: Zamazenta|99/100|[from] item: Leftovers
|upkeep
|turn|17
|
|t:|1743813777
|-terastallize|p1a: Zamazenta|Fire
|move|p1a: Zamazenta|Crunch|p2a: Gholdengo
|-supereffective|p2a: Gholdengo
|-damage|p2a: Gholdengo|49/100
|-enditem|p2a: Gholdengo|Air Balloon
|move|p2a: Gholdengo|Make It Rain|p1a: Zamazenta
|-resisted|p1a: Zamazenta
|-damage|p1a: Zamazenta|73/100
|-unboost|p2a: Gholdengo|spa|1
|
|-heal|p1a: Zamazenta|79/100|[from] item: Leftovers
|upkeep
|turn|18
|
|t:|1743813795
|switch|p2a: Corviknight|Corviknight, F|97/100
|-ability|p2a: Corviknight|Pressure
|move|p1a: Zamazenta|Crunch|p2a: Corviknight
|-damage|p2a: Corviknight|84/100
|-unboost|p2a: Corviknight|def|1
|-damage|p1a: Zamazenta|62/100|[from] item: Rocky Helmet|[of] p2a: Corviknight
|
|-heal|p1a: Zamazenta|69/100|[from] item: Leftovers
|upkeep
|turn|19
|
|t:|1743813806
|move|p1a: Zamazenta|Body Press|p2a: Corviknight
|-damage|p2a: Corviknight|9/100
|-damage|p1a: Zamazenta|52/100|[from] item: Rocky Helmet|[of] p2a: Corviknight
|move|p2a: Corviknight|Iron Defense|p2a: Corviknight
|-boost|p2a: Corviknight|def|2
|
|-heal|p1a: Zamazenta|58/100|[from] item: Leftovers
|upkeep
|turn|20
|
|t:|1743813820
|move|p1a: Zamazenta|Body Press|p2a: Corviknight
|-damage|p2a: Corviknight|0 fnt
|-damage|p1a: Zamazenta|42/100|[from] item: Rocky Helmet|[of] p2a: Corviknight
|faint|p2a: Corviknight
|
|-heal|p1a: Zamazenta|48/100|[from] item: Leftovers
|upkeep
|
|t:|1743813826
|switch|p2a: Gholdengo|Gholdengo|49/100
|turn|21
|
|t:|1743813830
|move|p1a: Zamazenta|Crunch|p2a: Gholdengo
|-supereffective|p2a: Gholdengo
|-damage|p2a: Gholdengo|2/100
|move|p2a: Gholdengo|Shadow Ball|p1a: Zamazenta
|-damage|p1a: Zamazenta|15/100
|
|-heal|p1a: Zamazenta|21/100|[from] item: Leftovers
|upkeep
|turn|22
|-message|Geeler123 forfeited.
|
|win|RyanBSS
|raw|RyanBSS's rating: 1104 &rarr; <strong>1132</strong><br />(+28 for winning)
|raw|Geeler123's rating: 1145 &rarr; <strong>1117</strong><br />(-28 for losing)
|l|☆Geeler123
|player|p2|
