|j|☆idkman2233
|j|☆bryangeeza
|t:|1743886853
|gametype|singles
|player|p1|idkman2233|hilbert|1056
|player|p2|bryangeeza|cyclist-gen4|1089
|teamsize|p1|6
|teamsize|p2|6
|gen|9
|tier|[Gen 9] OU
|rated|
|rule|HP Percentage Mod: HP is shown in percentages
|rule|Endless Battle Clause: Forcing endless battles is banned
|rule|Species Clause: Limit one of each Pokémon
|rule|OHKO Clause: OHKO moves are banned
|rule|Evasion Items Clause: Evasion items are banned
|rule|Evasion Moves Clause: Evasion moves are banned
|rule|Sleep Moves Clause: Sleep-inducing moves are banned
|clearpoke
|poke|p1|Mimikyu, M|
|poke|p1|Cinderace, F|
|poke|p1|Dewott, M|
|poke|p1|Lucario, F|
|poke|p1|Glaceon, M|
|poke|p1|Raichu-Alola, F|
|poke|p2|Maushold|
|poke|p2|Hoopa-Unbound|
|poke|p2|Zamazenta-*|
|poke|p2|Iron Valiant|
|poke|p2|Dragapult, M|
|poke|p2|Gholdengo|
|teampreview
|inactive|Battle timer is ON: inactive players will automatically lose when time's up. (requested by bryangeeza)
|
|t:|1743886869
|start
|switch|p1a: Zara :3|Raichu-Alola, F|100/100
|switch|p2a: Dragapult|Dragapult, M, shiny|100/100
|turn|1
|
|t:|1743886881
|move|p2a: Dragapult|Will-O-Wisp|p1a: Zara :3
|-status|p1a: Zara :3|brn
|move|p1a: Zara :3|Nasty Plot|p1a: Zara :3
|-boost|p1a: Zara :3|spa|2
|
|-damage|p1a: Zara :3|94/100 brn|[from] brn
|upkeep
|turn|2
|
|t:|1743886890
|move|p2a: Dragapult|Hex|p1a: Zara :3
|-supereffective|p1a: Zara :3
|-damage|p1a: Zara :3|0 fnt
|faint|p1a: Zara :3
|
|upkeep
|
|t:|1743886897
|switch|p1a: Rouge :3|Lucario, F|100/100
|turn|3
|
|t:|1743886912
|move|p2a: Dragapult|Will-O-Wisp|p1a: Rouge :3
|-status|p1a: Rouge :3|brn
|move|p1a: Rouge :3|Swords Dance|p1a: Rouge :3
|-boost|p1a: Rouge :3|atk|2
|
|-damage|p1a: Rouge :3|94/100 brn|[from] brn
|upkeep
|turn|4
|
|t:|1743886931
|move|p2a: Dragapult|Hex|p1a: Rouge :3
|-damage|p1a: Rouge :3|7/100 brn
|move|p1a: Rouge :3|Shadow Ball|p2a: Dragapult
|-supereffective|p2a: Dragapult
|-damage|p2a: Dragapult|48/100
|
|-heal|p1a: Rouge :3|13/100 brn|[from] item: Leftovers
|-damage|p1a: Rouge :3|7/100 brn|[from] brn
|upkeep
|turn|5
|
|t:|1743886941
|move|p1a: Rouge :3|Extreme Speed|p2a: Dragapult
|-immune|p2a: Dragapult
|move|p2a: Dragapult|Dragon Darts|p1a: Rouge :3
|-resisted|p1a: Rouge :3
|-damage|p1a: Rouge :3|0 fnt
|faint|p1a: Rouge :3
|
|upkeep
|
|t:|1743886948
|switch|p1a: Snowflake:3|Glaceon, M|100/100
|turn|6
|
|t:|1743886954
|move|p2a: Dragapult|Hex|p1a: Snowflake:3
|-damage|p1a: Snowflake:3|62/100
|move|p1a: Snowflake:3|Icicle Spear|p2a: Dragapult
|-supereffective|p2a: Dragapult
|-damage|p2a: Dragapult|34/100
|-supereffective|p2a: Dragapult
|-damage|p2a: Dragapult|20/100
|-supereffective|p2a: Dragapult
|-damage|p2a: Dragapult|7/100
|-supereffective|p2a: Dragapult
|-damage|p2a: Dragapult|0 fnt
|faint|p2a: Dragapult
|-hitcount|p2: Dragapult|4
|
|upkeep
|
|t:|1743886975
|switch|p2a: Zamazenta|Zamazenta, shiny|100/100
|-ability|p2a: Zamazenta|Dauntless Shield|boost
|-boost|p2a: Zamazenta|def|1
|turn|7
|
|t:|1743886987
|-terastallize|p1a: Snowflake:3|Stellar
|move|p2a: Zamazenta|Body Press|p1a: Snowflake:3
|-supereffective|p1a: Snowflake:3
|-damage|p1a: Snowflake:3|0 fnt
|faint|p1a: Snowflake:3
|
|upkeep
|
|t:|1743886995
|switch|p1a: Mini black hole:3|Mimikyu, M, shiny|100/100
|turn|8
|
|t:|1743887006
|move|p2a: Zamazenta|Crunch|p1a: Mini black hole:3
|-activate|p1a: Mini black hole:3|ability: Disguise
|-damage|p1a: Mini black hole:3|100/100
|detailschange|p1a: Mini black hole:3|Mimikyu-Busted, M, shiny
|-damage|p1a: Mini black hole:3|88/100|[from] pokemon: Mimikyu-Busted
|move|p1a: Mini black hole:3|Swords Dance|p1a: Mini black hole:3
|-boost|p1a: Mini black hole:3|atk|2
|
|upkeep
|turn|9
|
|t:|1743887018
|move|p2a: Zamazenta|Crunch|p1a: Mini black hole:3
|-damage|p1a: Mini black hole:3|40/100
|-unboost|p1a: Mini black hole:3|def|1
|move|p1a: Mini black hole:3|Play Rough|p2a: Zamazenta
|-supereffective|p2a: Zamazenta
|-damage|p2a: Zamazenta|8/100
|
|-heal|p2a: Zamazenta|14/100|[from] item: Leftovers
|upkeep
|turn|10
|
|t:|1743887029
|move|p1a: Mini black hole:3|Shadow Sneak|p2a: Zamazenta
|-damage|p2a: Zamazenta|0 fnt
|faint|p2a: Zamazenta
|
|upkeep
|
|t:|1743887034
|switch|p2a: Iron Valiant|Iron Valiant, shiny|100/100
|-enditem|p2a: Iron Valiant|Booster Energy
|-activate|p2a: Iron Valiant|ability: Quark Drive|[fromitem]
|-start|p2a: Iron Valiant|quarkdrivespe
|turn|11
|
|t:|1743887041
|move|p1a: Mini black hole:3|Shadow Sneak|p2a: Iron Valiant
|-damage|p2a: Iron Valiant|65/100
|move|p2a: Iron Valiant|Knock Off|p1a: Mini black hole:3
|-damage|p1a: Mini black hole:3|0 fnt
|-enditem|p1a: Mini black hole:3|Expert Belt|[from] move: Knock Off|[of] p2a: Iron Valiant
|faint|p1a: Mini black hole:3
|
|upkeep
|
|t:|1743887049
|switch|p1a: Blaze :3|Cinderace, F|100/100
|turn|12
|
|t:|1743887060
|move|p2a: Iron Valiant|Swords Dance|p2a: Iron Valiant
|-boost|p2a: Iron Valiant|atk|2
|move|p1a: Blaze :3|Zen Headbutt|p2a: Iron Valiant|[miss]
|-start|p1a: Blaze :3|typechange|Psychic|[from] ability: Libero
|-miss|p1a: Blaze :3|p2a: Iron Valiant
|
|upkeep
|turn|13
|
|t:|1743887070
|move|p2a: Iron Valiant|Knock Off|p1a: Blaze :3
|-supereffective|p1a: Blaze :3
|-damage|p1a: Blaze :3|0 fnt
|-enditem|p1a: Blaze :3|Leftovers|[from] move: Knock Off|[of] p2a: Iron Valiant
|faint|p1a: Blaze :3
|
|upkeep
|
|t:|1743887076
|switch|p1a: Dewott :3|Dewott, M|100/100
|turn|14
|
|t:|1743887090
|move|p2a: Iron Valiant|Close Combat|p1a: Dewott :3
|-damage|p1a: Dewott :3|0 fnt
|-unboost|p2a: Iron Valiant|def|1
|-unboost|p2a: Iron Valiant|spd|1
|faint|p1a: Dewott :3
|
|win|bryangeeza
|raw|idkman2233's rating: 1056 &rarr; <strong>1039</strong><br />(-17 for losing)
|raw|bryangeeza's rating: 1089 &rarr; <strong>1113</strong><br />(+24 for winning)
|l|☆idkman2233
|player|p1|
|l|☆bryangeeza
|player|p2|
