|badge|p2|bronze|gen9ou|100-5
|uhtml|medal-msg|<div class="broadcast-blue">Curious what those medals under the avatar are? PS now has Ladder Seasons! For more information, check out the <a href="https://www.smogon.com/forums/threads/3740067/">thread on Smogon.</a></div>
|j|☆Peekochu
|j|☆alvar03
|t:|1743856705
|gametype|singles
|player|p1|Peekochu|266|1595
|player|p2|alvar03|alder|1858
|teamsize|p1|6
|teamsize|p2|6
|gen|9
|tier|[Gen 9] OU
|rated|
|rule|HP Percentage Mod: HP is shown in percentages
|rule|Endless Battle Clause: Forcing endless battles is banned
|rule|Species Clause: Limit one of each Pokémon
|rule|OHKO Clause: OHKO moves are banned
|rule|Evasion Items Clause: Evasion items are banned
|rule|Evasion Moves Clause: Evasion moves are banned
|rule|Sleep Moves Clause: Sleep-inducing moves are banned
|clearpoke
|poke|p1|Dragonite, M|
|poke|p1|Revavroom, M|
|poke|p1|Great Tusk|
|poke|p1|Rotom-Wash|
|poke|p1|Cinderace, F|
|poke|p1|Primarina, F|
|poke|p2|Iron Valiant|
|poke|p2|Tornadus-Therian, M|
|poke|p2|Ogerpon-Wellspring, F|
|poke|p2|Dragapult, F|
|poke|p2|Great Tusk|
|poke|p2|Cinderace, F|
|teampreview
|inactive|Battle timer is ON: inactive players will automatically lose when time's up. (requested by Peekochu)
|
|t:|1743856726
|start
|switch|p1a: Rotom|Rotom-Wash|100/100
|switch|p2a: Dragapult|Dragapult, F|100/100
|turn|1
|
|t:|1743856737
|move|p2a: Dragapult|Dragon Darts|p1a: Rotom
|-damage|p1a: Rotom|72/100
|-anim|p2a: Dragapult|Dragon Darts|p1a: Rotom
|-damage|p1a: Rotom|45/100
|-damage|p2a: Dragapult|91/100|[from] item: Life Orb
|move|p1a: Rotom|Volt Switch|p2a: Dragapult
|-resisted|p2a: Dragapult
|-damage|p2a: Dragapult|73/100
|
|t:|1743856747
|switch|p1a: Primarina|Primarina, F|100/100|[from] Volt Switch
|
|upkeep
|turn|2
|
|t:|1743856754
|switch|p2a: Ogerpon|Ogerpon-Wellspring, F|100/100
|move|p1a: Primarina|Calm Mind|p1a: Primarina
|-boost|p1a: Primarina|spa|1
|-boost|p1a: Primarina|spd|1
|
|upkeep
|turn|3
|inactive|Peekochu has 120 seconds left.
|
|t:|1743856794
|switch|p1a: Cinderace|Cinderace, F|100/100
|move|p2a: Ogerpon|Swords Dance|p2a: Ogerpon
|-boost|p2a: Ogerpon|atk|2
|
|upkeep
|turn|4
|
|t:|1743856801
|switch|p2a: Cinderace|Cinderace, F|100/100
|move|p1a: Cinderace|Gunk Shot|p2a: Cinderace
|-start|p1a: Cinderace|typechange|Poison|[from] ability: Libero
|-damage|p2a: Cinderace|36/100
|
|upkeep
|turn|5
|
|t:|1743856810
|move|p2a: Cinderace|Will-O-Wisp|p1a: Cinderace
|-status|p1a: Cinderace|brn
|move|p1a: Cinderace|U-turn|p2a: Cinderace
|-resisted|p2a: Cinderace
|-damage|p2a: Cinderace|29/100
|
|t:|1743856818
|switch|p1a: Great Tusk|Great Tusk|100/100|[from] U-turn
|-enditem|p1a: Great Tusk|Booster Energy
|-activate|p1a: Great Tusk|ability: Protosynthesis|[fromitem]
|-start|p1a: Great Tusk|protosynthesisspe
|
|upkeep
|turn|6
|
|t:|1743856826
|move|p1a: Great Tusk|Bulk Up|p1a: Great Tusk
|-boost|p1a: Great Tusk|atk|1
|-boost|p1a: Great Tusk|def|1
|move|p2a: Cinderace|Will-O-Wisp|p1a: Great Tusk
|-status|p1a: Great Tusk|brn
|
|-damage|p1a: Great Tusk|94/100 brn|[from] brn
|upkeep
|turn|7
|
|t:|1743856835
|switch|p2a: Tornadus|Tornadus-Therian, M|100/100
|move|p1a: Great Tusk|Bulk Up|p1a: Great Tusk
|-boost|p1a: Great Tusk|atk|1
|-boost|p1a: Great Tusk|def|1
|
|-damage|p1a: Great Tusk|88/100 brn|[from] brn
|upkeep
|turn|8
|
|t:|1743856840
|move|p1a: Great Tusk|Ice Spinner|p2a: Tornadus
|-supereffective|p2a: Tornadus
|-damage|p2a: Tornadus|50/100
|move|p2a: Tornadus|Bleakwind Storm|p1a: Great Tusk
|-supereffective|p1a: Great Tusk
|-damage|p1a: Great Tusk|0 fnt
|faint|p1a: Great Tusk
|-end|p1a: Great Tusk|Protosynthesis|[silent]
|
|upkeep
|
|t:|1743856846
|switch|p1a: Rotom|Rotom-Wash|45/100
|turn|9
|
|t:|1743856850
|move|p2a: Tornadus|U-turn|p1a: Rotom
|-damage|p1a: Rotom|30/100
|
|t:|1743856853
|switch|p2a: Cinderace|Cinderace, F|29/100|[from] U-turn
|move|p1a: Rotom|Volt Switch|p2a: Cinderace
|-damage|p2a: Cinderace|0 fnt
|faint|p2a: Cinderace
|
|t:|1743856857
|switch|p1a: Cinderace|Cinderace, F|100/100 brn|[from] Volt Switch
|
|-damage|p1a: Cinderace|95/100 brn|[from] brn
|upkeep
|
|t:|1743856872
|switch|p2a: Great Tusk|Great Tusk|100/100
|-enditem|p2a: Great Tusk|Booster Energy
|-activate|p2a: Great Tusk|ability: Protosynthesis|[fromitem]
|-start|p2a: Great Tusk|protosynthesisspe
|turn|10
|
|t:|1743856876
|move|p2a: Great Tusk|Bulk Up|p2a: Great Tusk
|-boost|p2a: Great Tusk|atk|1
|-boost|p2a: Great Tusk|def|1
|move|p1a: Cinderace|U-turn|p2a: Great Tusk
|-start|p1a: Cinderace|typechange|Bug|[from] ability: Libero
|-resisted|p2a: Great Tusk
|-damage|p2a: Great Tusk|97/100
|
|t:|1743856881
|switch|p1a: Rotom|Rotom-Wash|30/100|[from] U-turn
|
|-heal|p1a: Rotom|36/100|[from] item: Leftovers
|upkeep
|turn|11
|j| AveryRadiant
|
|t:|1743856885
|move|p2a: Great Tusk|Rapid Spin|p1a: Rotom
|-damage|p1a: Rotom|12/100
|-boost|p2a: Great Tusk|spe|1
|move|p1a: Rotom|Hydro Pump|p2a: Great Tusk
|-supereffective|p2a: Great Tusk
|-damage|p2a: Great Tusk|0 fnt
|faint|p2a: Great Tusk
|-end|p2a: Great Tusk|Protosynthesis|[silent]
|
|-heal|p1a: Rotom|18/100|[from] item: Leftovers
|upkeep
|
|t:|1743856896
|switch|p2a: Tornadus|Tornadus-Therian, M|83/100
|turn|12
|
|t:|1743856900
|move|p2a: Tornadus|Knock Off|p1a: Rotom
|-damage|p1a: Rotom|0 fnt
|-enditem|p1a: Rotom|Leftovers|[from] move: Knock Off|[of] p2a: Tornadus
|faint|p1a: Rotom
|
|upkeep
|
|t:|1743856911
|switch|p1a: Dragonite|Dragonite, M|100/100
|turn|13
|
|t:|1743856928
|move|p2a: Tornadus|U-turn|p1a: Dragonite
|-resisted|p1a: Dragonite
|-damage|p1a: Dragonite|97/100
|
|t:|1743856930
|switch|p2a: Dragapult|Dragapult, F|73/100|[from] U-turn
|move|p1a: Dragonite|Dragon Dance|p1a: Dragonite
|-boost|p1a: Dragonite|atk|1
|-boost|p1a: Dragonite|spe|1
|
|upkeep
|turn|14
|
|t:|1743856937
|-terastallize|p1a: Dragonite|Flying
|move|p1a: Dragonite|Tera Blast|p2a: Dragapult|[anim] Tera Blast Flying
|-damage|p2a: Dragapult|0 fnt
|faint|p2a: Dragapult
|
|upkeep
|
|t:|1743856950
|switch|p2a: Iron Valiant|Iron Valiant|100/100
|-enditem|p2a: Iron Valiant|Booster Energy
|-activate|p2a: Iron Valiant|ability: Quark Drive|[fromitem]
|-start|p2a: Iron Valiant|quarkdrivespe
|turn|15
|
|t:|1743856954
|move|p2a: Iron Valiant|Moonblast|p1a: Dragonite
|-damage|p1a: Dragonite|57/100
|-unboost|p1a: Dragonite|spa|1
|move|p1a: Dragonite|Tera Blast|p2a: Iron Valiant|[anim] Tera Blast Flying
|-supereffective|p2a: Iron Valiant
|-damage|p2a: Iron Valiant|0 fnt
|faint|p2a: Iron Valiant
|-end|p2a: Iron Valiant|Quark Drive|[silent]
|
|upkeep
|
|t:|1743856957
|switch|p2a: Tornadus|Tornadus-Therian, M|100/100
|turn|16
|
|t:|1743856960
|move|p1a: Dragonite|Roost|p1a: Dragonite
|-heal|p1a: Dragonite|100/100
|-hint|If a Terastallized Pokemon uses Roost, it remains Flying-type.
|move|p2a: Tornadus|Bleakwind Storm|p1a: Dragonite
|-damage|p1a: Dragonite|84/100
|
|upkeep
|turn|17
|j| Swampertistogood11
|
|t:|1743856967
|move|p1a: Dragonite|Dragon Dance|p1a: Dragonite
|-boost|p1a: Dragonite|atk|1
|-boost|p1a: Dragonite|spe|1
|move|p2a: Tornadus|Bleakwind Storm|p1a: Dragonite
|-damage|p1a: Dragonite|48/100
|
|upkeep
|turn|18
|
|t:|1743856974
|move|p1a: Dragonite|Roost|p1a: Dragonite
|-heal|p1a: Dragonite|98/100
|-hint|If a Terastallized Pokemon uses Roost, it remains Flying-type.
|move|p2a: Tornadus|Heat Wave|p1a: Dragonite
|-damage|p1a: Dragonite|78/100
|
|upkeep
|turn|19
|
|t:|1743856978
|move|p1a: Dragonite|Tera Blast|p2a: Tornadus|[anim] Tera Blast Flying
|-damage|p2a: Tornadus|0 fnt
|faint|p2a: Tornadus
|
|upkeep
|
|t:|1743856981
|switch|p2a: Ogerpon|Ogerpon-Wellspring, F|100/100
|turn|20
|
|t:|1743856988
|-terastallize|p2a: Ogerpon|Water
|detailschange|p2a: Ogerpon|Ogerpon-Wellspring-Tera, F, tera:Water
|-ability|p2a: Ogerpon|Embody Aspect (Wellspring)|boost
|-boost|p2a: Ogerpon|spd|1
|move|p1a: Dragonite|Tera Blast|p2a: Ogerpon|[anim] Tera Blast Flying
|-damage|p2a: Ogerpon|0 fnt
|faint|p2a: Ogerpon
|
|win|Peekochu
|raw|Peekochu's rating: 1595 &rarr; <strong>1628</strong><br />(+33 for winning)
|raw|alvar03's rating: 1858 &rarr; <strong>1825</strong><br />(-33 for losing)
|l|☆alvar03
|player|p2|
|l| Swampertistogood11
|l|☆Peekochu
|player|p1|
|l| AveryRadiant
