|j|☆kshuaib734
|j|☆mongwong
|t:|1743805591
|gametype|singles
|player|p1|kshuaib734|steven|1612
|player|p2|mongwong|silver-gen2|1686
|teamsize|p1|6
|teamsize|p2|6
|gen|9
|tier|[Gen 9] OU
|rated|
|rule|HP Percentage Mod: HP is shown in percentages
|rule|Endless Battle Clause: Forcing endless battles is banned
|rule|Species Clause: Limit one of each Pokémon
|rule|OHKO Clause: OHKO moves are banned
|rule|Evasion Items Clause: Evasion items are banned
|rule|Evasion Moves Clause: Evasion moves are banned
|rule|Sleep Moves Clause: Sleep-inducing moves are banned
|clearpoke
|poke|p1|Tyranitar, F|
|poke|p1|Jolteon, M|
|poke|p1|Pelipper, M|
|poke|p1|Quaquaval, M|
|poke|p1|Overqwil, M|
|poke|p1|Excadrill, M|
|poke|p2|Pelipper, M|
|poke|p2|Barraskewda, M|
|poke|p2|Jolteon, F|
|poke|p2|Kingdra, F|
|poke|p2|Decidueye-Hisui, M|
|poke|p2|Iron Treads|
|teampreview
|inactive|Battle timer is ON: inactive players will automatically lose when time's up. (requested by kshuaib734)
|inactive|kshuaib734 has 120 seconds left.
|
|t:|1743805625
|start
|switch|p1a: King Tyrant|Tyranitar, F|100/100
|switch|p2a: Barraskewda|Barraskewda, M|100/100
|-weather|Sandstorm|[from] ability: Sand Stream|[of] p1a: King Tyrant
|turn|1
|
|t:|1743805642
|-terastallize|p1a: King Tyrant|Ghost
|move|p2a: Barraskewda|Flip Turn|p1a: King Tyrant
|-damage|p1a: King Tyrant|76/100
|
|t:|1743805648
|switch|p2a: Pelipper|Pelipper, M|100/100|[from] Flip Turn
|-weather|RainDance|[from] ability: Drizzle|[of] p2a: Pelipper
|move|p1a: King Tyrant|Stealth Rock|p2a: Pelipper
|-sidestart|p2: mongwong|move: Stealth Rock
|
|-weather|RainDance|[upkeep]
|upkeep
|turn|2
|
|t:|1743805662
|move|p2a: Pelipper|U-turn|p1a: King Tyrant
|-resisted|p1a: King Tyrant
|-damage|p1a: King Tyrant|74/100
|
|t:|1743805668
|switch|p2a: Iron Treads|Iron Treads|100/100|[from] U-turn
|-damage|p2a: Iron Treads|97/100|[from] Stealth Rock
|move|p1a: King Tyrant|Thunderbolt|p2a: Iron Treads
|-immune|p2a: Iron Treads
|
|-weather|RainDance|[upkeep]
|-heal|p2a: Iron Treads|100/100|[from] item: Leftovers
|upkeep
|turn|3
|
|t:|1743805679
|move|p2a: Iron Treads|Stealth Rock|p1a: King Tyrant
|-sidestart|p1: kshuaib734|move: Stealth Rock
|move|p1a: King Tyrant|Knock Off|p2a: Iron Treads
|-damage|p2a: Iron Treads|62/100
|-enditem|p2a: Iron Treads|Leftovers|[from] move: Knock Off|[of] p1a: King Tyrant
|
|-weather|RainDance|[upkeep]
|upkeep
|turn|4
|
|t:|1743805696
|move|p2a: Iron Treads|Earthquake|p1a: King Tyrant
|-damage|p1a: King Tyrant|45/100
|move|p1a: King Tyrant|Ice Beam|p2a: Iron Treads
|-damage|p2a: Iron Treads|37/100
|
|-weather|RainDance|[upkeep]
|upkeep
|turn|5
|
|t:|1743805703
|switch|p1a: Tyrant's Endgame|Quaquaval, M|100/100
|-damage|p1a: Tyrant's Endgame|94/100|[from] Stealth Rock
|move|p2a: Iron Treads|Earthquake|p1a: Tyrant's Endgame
|-damage|p1a: Tyrant's Endgame|46/100
|
|-weather|RainDance|[upkeep]
|upkeep
|turn|6
|
|t:|1743805711
|move|p1a: Tyrant's Endgame|Aqua Jet|p2a: Iron Treads
|-supereffective|p2a: Iron Treads
|-damage|p2a: Iron Treads|0 fnt
|faint|p2a: Iron Treads
|-end|p2a: Iron Treads|Quark Drive|[silent]
|-ability|p1a: Tyrant's Endgame|Moxie|boost
|-boost|p1a: Tyrant's Endgame|atk|1
|
|-weather|RainDance|[upkeep]
|upkeep
|
|t:|1743805715
|switch|p2a: Kingdra|Kingdra, F|100/100
|-damage|p2a: Kingdra|88/100|[from] Stealth Rock
|turn|7
|
|t:|1743805735
|switch|p1a: King Tyrant|Tyranitar, F, tera:Ghost|45/100
|-damage|p1a: King Tyrant|33/100|[from] Stealth Rock
|-weather|Sandstorm|[from] ability: Sand Stream|[of] p1a: King Tyrant
|move|p2a: Kingdra|Weather Ball|p1a: King Tyrant
|-crit|p1a: King Tyrant
|-damage|p1a: King Tyrant|0 fnt
|faint|p1a: King Tyrant
|
|-weather|Sandstorm|[upkeep]
|-damage|p2a: Kingdra|82/100|[from] Sandstorm
|upkeep
|
|t:|1743805746
|switch|p1a: Tyrant's Legacy|Excadrill, M|100/100
|-damage|p1a: Tyrant's Legacy|97/100|[from] Stealth Rock
|turn|8
|
|t:|1743805750
|switch|p2a: Pelipper|Pelipper, M|100/100
|-damage|p2a: Pelipper|76/100|[from] Stealth Rock
|-weather|RainDance|[from] ability: Drizzle|[of] p2a: Pelipper
|move|p1a: Tyrant's Legacy|Rapid Spin|p2a: Pelipper
|-damage|p2a: Pelipper|57/100
|-boost|p1a: Tyrant's Legacy|spe|1
|-sideend|p1: kshuaib734|Stealth Rock|[from] move: Rapid Spin|[of] p1a: Tyrant's Legacy
|-damage|p1a: Tyrant's Legacy|88/100|[from] item: Life Orb
|
|-weather|RainDance|[upkeep]
|upkeep
|turn|9
|
|t:|1743805772
|move|p1a: Tyrant's Legacy|Iron Head|p2a: Pelipper
|-resisted|p2a: Pelipper
|-damage|p2a: Pelipper|31/100
|-damage|p1a: Tyrant's Legacy|78/100|[from] item: Life Orb
|move|p2a: Pelipper|U-turn|p1a: Tyrant's Legacy
|-resisted|p1a: Tyrant's Legacy
|-damage|p1a: Tyrant's Legacy|72/100
|
|t:|1743805777
|switch|p2a: Kingdra|Kingdra, F|82/100|[from] U-turn
|-damage|p2a: Kingdra|70/100|[from] Stealth Rock
|
|-weather|RainDance|[upkeep]
|upkeep
|turn|10
|inactive|kshuaib734 has 120 seconds left.
|
|t:|1743805802
|move|p2a: Kingdra|Weather Ball|p1a: Tyrant's Legacy
|-supereffective|p1a: Tyrant's Legacy
|-damage|p1a: Tyrant's Legacy|0 fnt
|faint|p1a: Tyrant's Legacy
|
|-weather|RainDance|[upkeep]
|upkeep
|
|t:|1743805807
|switch|p1a: Tyrant's Downpour|Pelipper, M|100/100
|turn|11
|inactive|kshuaib734 has 120 seconds left.
|
|t:|1743805825
|move|p2a: Kingdra|Weather Ball|p1a: Tyrant's Downpour
|-resisted|p1a: Tyrant's Downpour
|-damage|p1a: Tyrant's Downpour|27/100
|move|p1a: Tyrant's Downpour|Knock Off|p2a: Kingdra
|-crit|p2a: Kingdra
|-damage|p2a: Kingdra|44/100
|-enditem|p2a: Kingdra|Choice Specs|[from] move: Knock Off|[of] p1a: Tyrant's Downpour
|
|-weather|RainDance|[upkeep]
|upkeep
|turn|12
|inactive|kshuaib734 has 120 seconds left.
|
|t:|1743805841
|move|p2a: Kingdra|Weather Ball|p1a: Tyrant's Downpour
|-resisted|p1a: Tyrant's Downpour
|-damage|p1a: Tyrant's Downpour|0 fnt
|faint|p1a: Tyrant's Downpour
|
|-weather|RainDance|[upkeep]
|upkeep
|
|t:|1743805846
|switch|p1a: Tyrant's Envoy|Jolteon, M|100/100
|turn|13
|
|t:|1743805849
|move|p2a: Kingdra|Weather Ball|p1a: Tyrant's Envoy
|-damage|p1a: Tyrant's Envoy|16/100
|move|p1a: Tyrant's Envoy|Alluring Voice|p2a: Kingdra
|-supereffective|p2a: Kingdra
|-damage|p2a: Kingdra|0 fnt
|faint|p2a: Kingdra
|
|-weather|RainDance|[upkeep]
|-status|p1a: Tyrant's Envoy|brn|[from] item: Flame Orb
|upkeep
|
|t:|1743805861
|switch|p2a: Jolteon|Jolteon, F|100/100
|turn|14
|
|t:|1743805866
|move|p1a: Tyrant's Envoy|Weather Ball|p2a: Jolteon
|-damage|p2a: Jolteon|43/100
|move|p2a: Jolteon|Weather Ball|p1a: Tyrant's Envoy
|-damage|p1a: Tyrant's Envoy|0 fnt
|faint|p1a: Tyrant's Envoy
|
|-weather|RainDance|[upkeep]
|upkeep
|c|☆kshuaib734|need a flame orb!
|
|t:|1743805882
|switch|p1a: Tyrant's Endgame|Quaquaval, M|46/100
|turn|15
|
|t:|1743805885
|move|p1a: Tyrant's Endgame|Aqua Jet|p2a: Jolteon
|-damage|p2a: Jolteon|0 fnt
|faint|p2a: Jolteon
|-ability|p1a: Tyrant's Endgame|Moxie|boost
|-boost|p1a: Tyrant's Endgame|atk|1
|
|-weather|none
|upkeep
|
|t:|1743805889
|switch|p2a: Decidueye|Decidueye-Hisui, M|100/100
|-damage|p2a: Decidueye|94/100|[from] Stealth Rock
|turn|16
|
|t:|1743805896
|move|p1a: Tyrant's Endgame|Close Combat|p2a: Decidueye
|-damage|p2a: Decidueye|18/100
|-unboost|p1a: Tyrant's Endgame|def|1
|-unboost|p1a: Tyrant's Endgame|spd|1
|move|p2a: Decidueye|Leaf Blade|p1a: Tyrant's Endgame
|-supereffective|p1a: Tyrant's Endgame
|-crit|p1a: Tyrant's Endgame
|-damage|p1a: Tyrant's Endgame|0 fnt
|faint|p1a: Tyrant's Endgame
|
|upkeep
|
|t:|1743805905
|switch|p1a: Tyrant's Enforcer|Overqwil, M|100/100
|turn|17
|c|☆mongwong|Nah boots tera ice is more fun
|
|t:|1743805921
|move|p1a: Tyrant's Enforcer|Crunch|p2a: Decidueye
|-resisted|p2a: Decidueye
|-damage|p2a: Decidueye|1/100
|-unboost|p2a: Decidueye|def|1
|move|p2a: Decidueye|Triple Arrows|p1a: Tyrant's Enforcer
|-crit|p1a: Tyrant's Enforcer
|-damage|p1a: Tyrant's Enforcer|49/100
|
|-heal|p1a: Tyrant's Enforcer|56/100|[from] item: Leftovers
|upkeep
|turn|18
|
|t:|1743805931
|move|p1a: Tyrant's Enforcer|Crunch|p2a: Decidueye
|-resisted|p2a: Decidueye
|-damage|p2a: Decidueye|0 fnt
|faint|p2a: Decidueye
|
|-heal|p1a: Tyrant's Enforcer|62/100|[from] item: Leftovers
|upkeep
|
|t:|1743805933
|switch|p2a: Pelipper|Pelipper, M|31/100
|-damage|p2a: Pelipper|7/100|[from] Stealth Rock
|-weather|RainDance|[from] ability: Drizzle|[of] p2a: Pelipper
|turn|19
|
|t:|1743805941
|move|p1a: Tyrant's Enforcer|Crunch|p2a: Pelipper
|-damage|p2a: Pelipper|0 fnt
|faint|p2a: Pelipper
|
|-weather|RainDance|[upkeep]
|-heal|p1a: Tyrant's Enforcer|68/100|[from] item: Leftovers
|upkeep
|
|t:|1743805943
|switch|p2a: Barraskewda|Barraskewda, M|100/100
|-damage|p2a: Barraskewda|88/100|[from] Stealth Rock
|turn|20
|c|☆mongwong|Gags cutie x
|
|t:|1743805949
|-terastallize|p2a: Barraskewda|Water
|move|p2a: Barraskewda|Liquidation|p1a: Tyrant's Enforcer
|-crit|p1a: Tyrant's Enforcer
|-damage|p1a: Tyrant's Enforcer|0 fnt
|faint|p1a: Tyrant's Enforcer
|
|win|mongwong
|raw|kshuaib734's rating: 1612 &rarr; <strong>1596</strong><br />(-16 for losing)
|raw|mongwong's rating: 1686 &rarr; <strong>1702</strong><br />(+16 for winning)
|c|☆kshuaib734|gg
|l|☆kshuaib734
|player|p1|
|l|☆mongwong
|player|p2|
