|j|☆MegaMHX
|j|☆Khari
|t:|1743865745
|gametype|singles
|player|p1|MegaMHX|sada-ai|1493
|player|p2|Khari|miku-ground|1562
|teamsize|p1|6
|teamsize|p2|6
|gen|9
|tier|[Gen 9] OU
|rated|
|rule|HP Percentage Mod: HP is shown in percentages
|rule|Endless Battle Clause: Forcing endless battles is banned
|rule|Species Clause: Limit one of each Pokémon
|rule|OHKO Clause: OHKO moves are banned
|rule|Evasion Items Clause: Evasion items are banned
|rule|Evasion Moves Clause: Evasion moves are banned
|rule|Sleep Moves Clause: Sleep-inducing moves are banned
|clearpoke
|poke|p1|Crawdaunt, F|
|poke|p1|Lokix, M|
|poke|p1|Iron Moth|
|poke|p1|Iron Treads|
|poke|p1|Raging Bolt|
|poke|p1|Enamorus, F|
|poke|p2|Blaziken, M|
|poke|p2|Corviknight, F|
|poke|p2|Kyurem|
|poke|p2|Great Tusk|
|poke|p2|Iron Valiant|
|poke|p2|Araquanid, M|
|teampreview
|inactive|Battle timer is ON: inactive players will automatically lose when time's up. (requested by Khari)
|
|t:|1743865773
|start
|switch|p1a: Raging Bolt|Raging Bolt|100/100
|switch|p2a: Araquanid|Araquanid, M|100/100
|turn|1
|
|t:|1743865783
|switch|p2a: Great Tusk|Great Tusk|100/100
|move|p1a: Raging Bolt|Dragon Pulse|p2a: Great Tusk
|-damage|p2a: Great Tusk|27/100
|
|upkeep
|turn|2
|
|t:|1743865790
|move|p2a: Great Tusk|Headlong Rush|p1a: Raging Bolt
|-supereffective|p1a: Raging Bolt
|-damage|p1a: Raging Bolt|0 fnt
|-unboost|p2a: Great Tusk|def|1
|-unboost|p2a: Great Tusk|spd|1
|faint|p1a: Raging Bolt
|-end|p1a: Raging Bolt|Protosynthesis|[silent]
|
|upkeep
|
|t:|1743865795
|switch|p1a: Crawdaunt|Crawdaunt, F|100/100
|turn|3
|
|t:|1743865797
|move|p1a: Crawdaunt|Aqua Jet|p2a: Great Tusk
|-supereffective|p2a: Great Tusk
|-damage|p2a: Great Tusk|0 fnt
|faint|p2a: Great Tusk
|-end|p2a: Great Tusk|Protosynthesis|[silent]
|
|upkeep
|
|t:|1743865799
|switch|p2a: Araquanid|Araquanid, M|100/100
|turn|4
|
|t:|1743865810
|switch|p1a: Iron Treads|Iron Treads|100/100
|-enditem|p1a: Iron Treads|Booster Energy
|-activate|p1a: Iron Treads|ability: Quark Drive|[fromitem]
|-start|p1a: Iron Treads|quarkdrivespe
|move|p2a: Araquanid|Leech Life|p1a: Iron Treads
|-resisted|p1a: Iron Treads
|-damage|p1a: Iron Treads|86/100
|
|upkeep
|turn|5
|
|t:|1743865818
|move|p1a: Iron Treads|Stealth Rock|p2a: Araquanid
|-sidestart|p2: Khari|move: Stealth Rock
|move|p2a: Araquanid|Hydro Pump|p1a: Iron Treads
|-supereffective|p1a: Iron Treads
|-damage|p1a: Iron Treads|0 fnt
|faint|p1a: Iron Treads
|-end|p1a: Iron Treads|Quark Drive|[silent]
|
|upkeep
|
|t:|1743865835
|switch|p1a: Enamorus|Enamorus, F|100/100
|turn|6
|
|t:|1743865838
|move|p1a: Enamorus|Moonblast|p2a: Araquanid
|-damage|p2a: Araquanid|56/100
|move|p2a: Araquanid|Liquidation|p1a: Enamorus
|-damage|p1a: Enamorus|5/100
|
|upkeep
|turn|7
|
|t:|1743865850
|move|p1a: Enamorus|Healing Wish|p1a: Enamorus
|faint|p1a: Enamorus
|move|p2a: Araquanid|Sticky Web|p1: Enamorus
|-sidestart|p1: MegaMHX|move: Sticky Web
|
|upkeep
|
|t:|1743865862
|switch|p1a: Lokix|Lokix, M|100/100
|turn|8
|
|t:|1743865866
|switch|p2a: Corviknight|Corviknight, F|100/100
|-damage|p2a: Corviknight|88/100|[from] Stealth Rock
|-ability|p2a: Corviknight|Pressure
|move|p1a: Lokix|Knock Off|p2a: Corviknight
|-damage|p2a: Corviknight|61/100
|-damage|p1a: Lokix|84/100|[from] item: Rocky Helmet|[of] p2a: Corviknight
|-enditem|p2a: Corviknight|Rocky Helmet|[from] move: Knock Off|[of] p1a: Lokix
|
|upkeep
|turn|9
|
|t:|1743865876
|move|p1a: Lokix|U-turn|p2a: Corviknight
|-resisted|p2a: Corviknight
|-damage|p2a: Corviknight|52/100
|
|t:|1743865881
|switch|p1a: Iron Moth|Iron Moth|100/100|[from] U-turn
|-activate|p1a: Iron Moth|move: Sticky Web
|-unboost|p1a: Iron Moth|spe|1
|-enditem|p1a: Iron Moth|Booster Energy
|-activate|p1a: Iron Moth|ability: Quark Drive|[fromitem]
|-start|p1a: Iron Moth|quarkdrivespa
|move|p2a: Corviknight|Brave Bird|p1a: Iron Moth
|-damage|p1a: Iron Moth|43/100
|-damage|p2a: Corviknight|36/100|[from] Recoil
|
|upkeep
|turn|10
|
|t:|1743865890
|move|p1a: Iron Moth|Fiery Dance|p2a: Corviknight
|-supereffective|p2a: Corviknight
|-damage|p2a: Corviknight|0 fnt
|-boost|p1a: Iron Moth|spa|1
|faint|p2a: Corviknight
|
|upkeep
|
|t:|1743865896
|switch|p2a: Iron Valiant|Iron Valiant|100/100
|turn|11
|
|t:|1743865898
|move|p2a: Iron Valiant|Psychic|p1a: Iron Moth
|-supereffective|p1a: Iron Moth
|-damage|p1a: Iron Moth|0 fnt
|faint|p1a: Iron Moth
|-end|p1a: Iron Moth|Quark Drive|[silent]
|
|upkeep
|
|t:|1743865904
|switch|p1a: Crawdaunt|Crawdaunt, F|100/100
|-activate|p1a: Crawdaunt|move: Sticky Web
|-unboost|p1a: Crawdaunt|spe|1
|turn|12
|
|t:|1743865909
|-terastallize|p1a: Crawdaunt|Water
|move|p2a: Iron Valiant|Moonblast|p1a: Crawdaunt
|-damage|p1a: Crawdaunt|0 fnt
|faint|p1a: Crawdaunt
|
|upkeep
|
|t:|1743865914
|switch|p1a: Lokix|Lokix, M|84/100
|-heal|p1a: Lokix|100/100|[from] move: Healing Wish
|turn|13
|
|t:|1743865920
|-terastallize|p2a: Iron Valiant|Fairy
|move|p1a: Lokix|First Impression|p2a: Iron Valiant
|-resisted|p2a: Iron Valiant
|-damage|p2a: Iron Valiant|44/100
|move|p2a: Iron Valiant|Moonblast|p1a: Lokix
|-supereffective|p1a: Lokix
|-damage|p1a: Lokix|0 fnt
|faint|p1a: Lokix
|
|win|Khari
|raw|MegaMHX's rating: 1493 &rarr; <strong>1477</strong><br />(-16 for losing)
|raw|Khari's rating: 1562 &rarr; <strong>1578</strong><br />(+16 for winning)
|l|☆MegaMHX
|player|p1|
|l|☆Khari
|player|p2|
|j|☆Khari
|player|p2|Khari|miku-ground|
|l|☆Khari
|player|p2|
