|j|☆HWH8SB
|j|☆antwan420
|t:|1743889667
|gametype|singles
|player|p1|HWH8SB|101|1351
|player|p2|antwan420|unknown|1365
|teamsize|p1|6
|teamsize|p2|6
|gen|9
|tier|[Gen 9] OU
|rated|
|rule|HP Percentage Mod: HP is shown in percentages
|rule|Endless Battle Clause: Forcing endless battles is banned
|rule|Species Clause: Limit one of each Pokémon
|rule|OHKO Clause: OHKO moves are banned
|rule|Evasion Items Clause: Evasion items are banned
|rule|Evasion Moves Clause: Evasion moves are banned
|rule|Sleep Moves Clause: Sleep-inducing moves are banned
|clearpoke
|poke|p1|Gengar, M|
|poke|p1|Kingambit, F|
|poke|p1|Great Tusk|
|poke|p1|Zapdos|
|poke|p1|Ogerpon-Wellspring, F|
|poke|p1|Kyurem|
|poke|p2|Necrozma|
|poke|p2|Cyclizar, F|
|poke|p2|Glaceon, F|
|poke|p2|Gliscor, F|
|poke|p2|Maushold|
|poke|p2|Sinistcha|
|teampreview
|
|t:|1743889683
|start
|switch|p1a: Kyurem|Kyurem|100/100
|switch|p2a: Necrozma|Necrozma|100/100
|-ability|p1a: Kyurem|Pressure
|turn|1
|
|t:|1743889687
|move|p1a: Kyurem|Draco Meteor|p2a: Necrozma
|-crit|p2a: Necrozma
|-damage|p2a: Necrozma|0 fnt
|-unboost|p1a: Kyurem|spa|2
|faint|p2a: Necrozma
|
|upkeep
|inactive|Battle timer is ON: inactive players will automatically lose when time's up. (requested by HWH8SB)
|inactive|antwan420 has 120 seconds left.
|
|t:|1743889781
|switch|p2a: Cyclizar|Cyclizar, F|100/100
|turn|2
|
|t:|1743889789
|switch|p1a: Gengar|Gengar, M|100/100
|move|p2a: Cyclizar|Knock Off|p1a: Gengar
|-supereffective|p1a: Gengar
|-damage|p1a: Gengar|9/100
|-start|p2a: Cyclizar|Disable|Knock Off|[from] ability: Cursed Body|[of] p1a: Gengar
|-enditem|p1a: Gengar|Choice Specs|[from] move: Knock Off|[of] p2a: Cyclizar
|
|upkeep
|turn|3
|
|t:|1743889797
|move|p1a: Gengar|Dazzling Gleam|p2a: Cyclizar
|-supereffective|p2a: Cyclizar
|-damage|p2a: Cyclizar|52/100
|move|p2a: Cyclizar|Dragon Tail|p1a: Gengar
|-damage|p1a: Gengar|0 fnt
|faint|p1a: Gengar
|
|upkeep
|
|t:|1743889801
|switch|p1a: Kyurem|Kyurem|100/100
|-ability|p1a: Kyurem|Pressure
|turn|4
|
|t:|1743889806
|switch|p2a: Glaceon|Glaceon, F|100/100
|move|p1a: Kyurem|Draco Meteor|p2a: Glaceon
|-crit|p2a: Glaceon
|-damage|p2a: Glaceon|12/100
|-unboost|p1a: Kyurem|spa|2
|
|upkeep
|turn|5
|inactive|antwan420 has 120 seconds left.
|
|t:|1743889840
|move|p1a: Kyurem|Draco Meteor|p2a: Glaceon
|-damage|p2a: Glaceon|0 fnt
|-unboost|p1a: Kyurem|spa|2
|faint|p2a: Glaceon
|
|upkeep
|
|t:|1743889843
|switch|p2a: Maushold|Maushold|100/100
|turn|6
|
|t:|1743889850
|switch|p1a: Great Tusk|Great Tusk|100/100
|move|p2a: Maushold|Tidy Up|p2a: Maushold
|-boost|p2a: Maushold|atk|1
|-boost|p2a: Maushold|spe|1
|
|upkeep
|turn|7
|
|t:|1743889855
|-terastallize|p2a: Maushold|Ghost
|move|p2a: Maushold|Tidy Up|p2a: Maushold
|-boost|p2a: Maushold|atk|1
|-boost|p2a: Maushold|spe|1
|move|p1a: Great Tusk|Knock Off|p2a: Maushold
|-supereffective|p2a: Maushold
|-crit|p2a: Maushold
|-damage|p2a: Maushold|0 fnt
|-enditem|p2a: Maushold|Wide Lens|[from] move: Knock Off|[of] p1a: Great Tusk
|faint|p2a: Maushold
|
|upkeep
|-message|antwan420 forfeited.
|
|win|HWH8SB
|raw|HWH8SB's rating: 1351 &rarr; <strong>1372</strong><br />(+21 for winning)
|raw|antwan420's rating: 1365 &rarr; <strong>1344</strong><br />(-21 for losing)
|l|☆antwan420
|player|p2|
|l|☆HWH8SB
|player|p1|
