|j|☆CartiWins
|j|☆GoobNUTglizz
|t:|1743778505
|gametype|singles
|player|p1|CartiWins|265|1464
|player|p2|GoobNUTglizz|psychic-gen2|1500
|teamsize|p1|6
|teamsize|p2|6
|gen|9
|tier|[Gen 9] OU
|rated|
|rule|HP Percentage Mod: HP is shown in percentages
|rule|Endless Battle Clause: Forcing endless battles is banned
|rule|Species Clause: Limit one of each Pokémon
|rule|OHKO Clause: OHKO moves are banned
|rule|Evasion Items Clause: Evasion items are banned
|rule|Evasion Moves Clause: Evasion moves are banned
|rule|Sleep Moves Clause: Sleep-inducing moves are banned
|clearpoke
|poke|p1|Corviknight, F|
|poke|p1|Ting-Lu|
|poke|p1|Garganacl, F|
|poke|p1|Infernape, F|
|poke|p1|Chesnaught, M|
|poke|p1|Clefable, F|
|poke|p2|Glimmora, F|
|poke|p2|Zamazenta-*|
|poke|p2|Gholdengo|
|poke|p2|Dragonite, F|
|poke|p2|Weavile, M|
|poke|p2|Latias, F|
|teampreview
|inactive|Battle timer is ON: inactive players will automatically lose when time's up. (requested by GoobNUTglizz)
|
|t:|1743778515
|start
|switch|p1a: Ting-Lu|Ting-Lu|100/100
|switch|p2a: Glimmora|Glimmora, F|100/100
|-ability|p1a: Ting-Lu|Vessel of Ruin
|turn|1
|
|t:|1743778525
|move|p2a: Glimmora|Spikes|p1a: Ting-Lu
|-sidestart|p1: CartiWins|Spikes
|move|p1a: Ting-Lu|Earthquake|p2a: Glimmora
|-supereffective|p2a: Glimmora
|-damage|p2a: Glimmora|0 fnt
|-activate|p2a: Glimmora|ability: Toxic Debris
|-sidestart|p1: CartiWins|move: Toxic Spikes
|faint|p2a: Glimmora
|
|upkeep
|
|t:|1743778529
|switch|p2a: Weavile|Weavile, M|100/100
|turn|2
|
|t:|1743778537
|switch|p1a: Corviknight|Corviknight, F|100/100
|-ability|p1a: Corviknight|Pressure
|move|p2a: Weavile|Swords Dance|p2a: Weavile
|-boost|p2a: Weavile|atk|2
|
|upkeep
|turn|3
|
|t:|1743778540
|move|p2a: Weavile|Knock Off|p1a: Corviknight
|-damage|p1a: Corviknight|46/100
|-damage|p2a: Weavile|84/100|[from] item: Rocky Helmet|[of] p1a: Corviknight
|-enditem|p1a: Corviknight|Rocky Helmet|[from] move: Knock Off|[of] p2a: Weavile
|move|p1a: Corviknight|Body Press|p2a: Weavile
|-supereffective|p2a: Weavile
|-damage|p2a: Weavile|0 fnt
|faint|p2a: Weavile
|
|upkeep
|
|t:|1743778560
|switch|p2a: Gholdengo|Gholdengo|100/100
|turn|4
|
|t:|1743778568
|switch|p1a: Ting-Lu|Ting-Lu|100/100
|-damage|p1a: Ting-Lu|88/100|[from] Spikes
|-status|p1a: Ting-Lu|psn
|-ability|p1a: Ting-Lu|Vessel of Ruin
|move|p2a: Gholdengo|Thunderbolt|p1a: Ting-Lu
|-immune|p1a: Ting-Lu
|
|-heal|p1a: Ting-Lu|94/100 psn|[from] item: Leftovers
|-damage|p1a: Ting-Lu|82/100 psn|[from] psn
|upkeep
|turn|5
|
|t:|1743778584
|move|p2a: Gholdengo|Nasty Plot|p2a: Gholdengo
|-boost|p2a: Gholdengo|spa|2
|move|p1a: Ting-Lu|Earthquake|p2a: Gholdengo
|-supereffective|p2a: Gholdengo
|-enditem|p2a: Gholdengo|Shuca Berry|[eat]
|-enditem|p2a: Gholdengo|Shuca Berry|[weaken]
|-damage|p2a: Gholdengo|62/100
|
|-heal|p1a: Ting-Lu|88/100 psn|[from] item: Leftovers
|-damage|p1a: Ting-Lu|76/100 psn|[from] psn
|upkeep
|turn|6
|
|t:|1743778592
|move|p2a: Gholdengo|Dazzling Gleam|p1a: Ting-Lu
|-supereffective|p1a: Ting-Lu
|-damage|p1a: Ting-Lu|30/100 psn
|move|p1a: Ting-Lu|Earthquake|p2a: Gholdengo
|-supereffective|p2a: Gholdengo
|-damage|p2a: Gholdengo|0 fnt
|faint|p2a: Gholdengo
|
|-heal|p1a: Ting-Lu|37/100 psn|[from] item: Leftovers
|-damage|p1a: Ting-Lu|24/100 psn|[from] psn
|upkeep
|
|t:|1743778598
|switch|p2a: Dragonite|Dragonite, F|100/100
|turn|7
|
|t:|1743778603
|move|p2a: Dragonite|Ice Spinner|p1a: Ting-Lu
|-supereffective|p1a: Ting-Lu
|-damage|p1a: Ting-Lu|0 fnt
|faint|p1a: Ting-Lu
|
|upkeep
|
|t:|1743778607
|switch|p1a: Corviknight|Corviknight, F|46/100
|-ability|p1a: Corviknight|Pressure
|turn|8
|
|t:|1743778616
|switch|p2a: Zamazenta|Zamazenta|100/100
|-ability|p2a: Zamazenta|Dauntless Shield|boost
|-boost|p2a: Zamazenta|def|1
|move|p1a: Corviknight|Roost|p1a: Corviknight
|-heal|p1a: Corviknight|96/100
|-singleturn|p1a: Corviknight|move: Roost
|
|upkeep
|turn|9
|
|t:|1743778628
|move|p2a: Zamazenta|Iron Defense|p2a: Zamazenta
|-boost|p2a: Zamazenta|def|2
|move|p1a: Corviknight|Iron Defense|p1a: Corviknight
|-boost|p1a: Corviknight|def|2
|
|upkeep
|turn|10
|
|t:|1743778634
|move|p2a: Zamazenta|Iron Defense|p2a: Zamazenta
|-boost|p2a: Zamazenta|def|2
|move|p1a: Corviknight|Iron Defense|p1a: Corviknight
|-boost|p1a: Corviknight|def|2
|
|upkeep
|turn|11
|
|t:|1743778647
|move|p2a: Zamazenta|Body Press|p1a: Corviknight
|-damage|p1a: Corviknight|71/100
|move|p1a: Corviknight|Body Press|p2a: Zamazenta
|-damage|p2a: Zamazenta|82/100
|
|-heal|p2a: Zamazenta|88/100|[from] item: Leftovers
|upkeep
|turn|12
|
|t:|1743778652
|move|p2a: Zamazenta|Iron Defense|p2a: Zamazenta
|-boost|p2a: Zamazenta|def|1
|move|p1a: Corviknight|Iron Defense|p1a: Corviknight
|-boost|p1a: Corviknight|def|2
|
|-heal|p2a: Zamazenta|95/100|[from] item: Leftovers
|upkeep
|turn|13
|
|t:|1743778654
|move|p2a: Zamazenta|Body Press|p1a: Corviknight
|-damage|p1a: Corviknight|50/100
|move|p1a: Corviknight|Body Press|p2a: Zamazenta
|-damage|p2a: Zamazenta|74/100
|
|-heal|p2a: Zamazenta|80/100|[from] item: Leftovers
|upkeep
|turn|14
|
|t:|1743778659
|move|p2a: Zamazenta|Substitute|p2a: Zamazenta
|-start|p2a: Zamazenta|Substitute
|-damage|p2a: Zamazenta|55/100
|move|p1a: Corviknight|Roost|p1a: Corviknight
|-heal|p1a: Corviknight|99/100
|-singleturn|p1a: Corviknight|move: Roost
|
|-heal|p2a: Zamazenta|61/100|[from] item: Leftovers
|upkeep
|turn|15
|
|t:|1743778667
|move|p2a: Zamazenta|Body Press|p1a: Corviknight
|-damage|p1a: Corviknight|81/100
|move|p1a: Corviknight|Body Press|p2a: Zamazenta
|-activate|p2a: Zamazenta|move: Substitute|[damage]
|
|-heal|p2a: Zamazenta|67/100|[from] item: Leftovers
|upkeep
|turn|16
|
|t:|1743778678
|move|p2a: Zamazenta|Body Press|p1a: Corviknight
|-damage|p1a: Corviknight|61/100
|move|p1a: Corviknight|Body Press|p2a: Zamazenta
|-end|p2a: Zamazenta|Substitute
|
|-heal|p2a: Zamazenta|74/100|[from] item: Leftovers
|upkeep
|turn|17
|
|t:|1743778684
|move|p2a: Zamazenta|Body Press|p1a: Corviknight
|-damage|p1a: Corviknight|40/100
|move|p1a: Corviknight|Roost|p1a: Corviknight
|-heal|p1a: Corviknight|90/100
|-singleturn|p1a: Corviknight|move: Roost
|
|-heal|p2a: Zamazenta|80/100|[from] item: Leftovers
|upkeep
|turn|18
|
|t:|1743778689
|move|p2a: Zamazenta|Body Press|p1a: Corviknight
|-damage|p1a: Corviknight|69/100
|move|p1a: Corviknight|Body Press|p2a: Zamazenta
|-damage|p2a: Zamazenta|60/100
|
|-heal|p2a: Zamazenta|66/100|[from] item: Leftovers
|upkeep
|turn|19
|
|t:|1743778695
|move|p2a: Zamazenta|Body Press|p1a: Corviknight
|-damage|p1a: Corviknight|50/100
|move|p1a: Corviknight|Roost|p1a: Corviknight
|-heal|p1a: Corviknight|99/100
|-singleturn|p1a: Corviknight|move: Roost
|
|-heal|p2a: Zamazenta|72/100|[from] item: Leftovers
|upkeep
|turn|20
|
|t:|1743778710
|move|p2a: Zamazenta|Substitute|p2a: Zamazenta
|-start|p2a: Zamazenta|Substitute
|-damage|p2a: Zamazenta|47/100
|move|p1a: Corviknight|Body Press|p2a: Zamazenta
|-activate|p2a: Zamazenta|move: Substitute|[damage]
|
|-heal|p2a: Zamazenta|53/100|[from] item: Leftovers
|upkeep
|turn|21
|
|t:|1743778712
|move|p2a: Zamazenta|Crunch|p1a: Corviknight
|-damage|p1a: Corviknight|96/100
|move|p1a: Corviknight|Body Press|p2a: Zamazenta
|-end|p2a: Zamazenta|Substitute
|
|-heal|p2a: Zamazenta|60/100|[from] item: Leftovers
|upkeep
|turn|22
|
|t:|1743778720
|move|p2a: Zamazenta|Body Press|p1a: Corviknight
|-damage|p1a: Corviknight|76/100
|move|p1a: Corviknight|Body Press|p2a: Zamazenta
|-damage|p2a: Zamazenta|39/100
|
|-heal|p2a: Zamazenta|45/100|[from] item: Leftovers
|upkeep
|turn|23
|
|t:|1743778728
|move|p2a: Zamazenta|Crunch|p1a: Corviknight
|-damage|p1a: Corviknight|73/100
|move|p1a: Corviknight|Defog|p2a: Zamazenta
|-unboost|p2a: Zamazenta|evasion|1
|-sideend|p1: CartiWins|Spikes|[from] move: Defog|[of] p1a: Corviknight
|-sideend|p1: CartiWins|Toxic Spikes|[from] move: Defog|[of] p1a: Corviknight
|
|-heal|p2a: Zamazenta|51/100|[from] item: Leftovers
|upkeep
|turn|24
|
|t:|1743778733
|move|p2a: Zamazenta|Crunch|p1a: Corviknight
|-damage|p1a: Corviknight|70/100
|move|p1a: Corviknight|Body Press|p2a: Zamazenta
|-damage|p2a: Zamazenta|32/100
|
|-heal|p2a: Zamazenta|38/100|[from] item: Leftovers
|upkeep
|turn|25
|
|t:|1743778737
|switch|p1a: Chesnaught|Chesnaught, M|100/100
|move|p2a: Zamazenta|Crunch|p1a: Chesnaught
|-resisted|p1a: Chesnaught
|-damage|p1a: Chesnaught|95/100
|-damage|p2a: Zamazenta|22/100|[from] item: Rocky Helmet|[of] p1a: Chesnaught
|
|-heal|p2a: Zamazenta|28/100|[from] item: Leftovers
|upkeep
|turn|26
|
|t:|1743778742
|move|p2a: Zamazenta|Crunch|p1a: Chesnaught
|-resisted|p1a: Chesnaught
|-damage|p1a: Chesnaught|89/100
|-unboost|p1a: Chesnaught|def|1
|-damage|p2a: Zamazenta|12/100|[from] item: Rocky Helmet|[of] p1a: Chesnaught
|move|p1a: Chesnaught|Leech Seed|p2a: Zamazenta
|-start|p2a: Zamazenta|move: Leech Seed
|
|-heal|p2a: Zamazenta|18/100|[from] item: Leftovers
|-damage|p2a: Zamazenta|6/100|[from] Leech Seed|[of] p1a: Chesnaught
|-heal|p1a: Chesnaught|100/100|[silent]
|upkeep
|turn|27
|
|t:|1743778746
|move|p1a: Chesnaught|Spiky Shield|p1a: Chesnaught
|-singleturn|p1a: Chesnaught|move: Protect
|move|p2a: Zamazenta|Crunch|p1a: Chesnaught
|-activate|p1a: Chesnaught|move: Protect
|-damage|p2a: Zamazenta|0 fnt|[from] Spiky Shield|[of] p1a: Chesnaught
|faint|p2a: Zamazenta
|
|upkeep
|
|t:|1743778747
|switch|p2a: Latias|Latias, F, shiny|100/100
|turn|28
|
|t:|1743778752
|switch|p1a: Garganacl|Garganacl, F|100/100
|move|p2a: Latias|Agility|p2a: Latias
|-boost|p2a: Latias|spe|2
|
|upkeep
|turn|29
|
|t:|1743778755
|move|p2a: Latias|Calm Mind|p2a: Latias
|-boost|p2a: Latias|spa|1
|-boost|p2a: Latias|spd|1
|move|p1a: Garganacl|Salt Cure|p2a: Latias
|-damage|p2a: Latias|89/100
|-start|p2a: Latias|Salt Cure
|
|-heal|p2a: Latias|95/100|[from] item: Leftovers
|-damage|p2a: Latias|82/100|[from] Salt Cure
|upkeep
|turn|30
|
|t:|1743778758
|move|p2a: Latias|Calm Mind|p2a: Latias
|-boost|p2a: Latias|spa|1
|-boost|p2a: Latias|spd|1
|move|p1a: Garganacl|Salt Cure|p2a: Latias
|-damage|p2a: Latias|68/100
|
|-heal|p2a: Latias|75/100|[from] item: Leftovers
|-damage|p2a: Latias|62/100|[from] Salt Cure
|upkeep
|turn|31
|
|t:|1743778764
|switch|p1a: Clefable|Clefable, F|100/100
|-terastallize|p2a: Latias|Fairy
|move|p2a: Latias|Draining Kiss|p1a: Clefable
|-damage|p1a: Clefable|83/100
|-heal|p2a: Latias|76/100|[from] drain|[of] p1a: Clefable
|
|-heal|p2a: Latias|83/100|[from] item: Leftovers
|-damage|p2a: Latias|70/100|[from] Salt Cure
|upkeep
|turn|32
|
|t:|1743778769
|move|p2a: Latias|Calm Mind|p2a: Latias
|-boost|p2a: Latias|spa|1
|-boost|p2a: Latias|spd|1
|move|p1a: Clefable|Calm Mind|p1a: Clefable
|-boost|p1a: Clefable|spa|1
|-boost|p1a: Clefable|spd|1
|
|-heal|p2a: Latias|76/100|[from] item: Leftovers
|-damage|p2a: Latias|64/100|[from] Salt Cure
|upkeep
|turn|33
|
|t:|1743778773
|move|p2a: Latias|Stored Power|p1a: Clefable
|-damage|p1a: Clefable|51/100
|move|p1a: Clefable|Calm Mind|p1a: Clefable
|-boost|p1a: Clefable|spa|1
|-boost|p1a: Clefable|spd|1
|
|-heal|p2a: Latias|70/100|[from] item: Leftovers
|-damage|p2a: Latias|58/100|[from] Salt Cure
|upkeep
|turn|34
|
|t:|1743778776
|move|p2a: Latias|Calm Mind|p2a: Latias
|-boost|p2a: Latias|spa|1
|-boost|p2a: Latias|spd|1
|move|p1a: Clefable|Wish|p1a: Clefable
|
|-heal|p2a: Latias|64/100|[from] item: Leftovers
|-damage|p2a: Latias|51/100|[from] Salt Cure
|upkeep
|turn|35
|
|t:|1743778779
|move|p1a: Clefable|Protect|p1a: Clefable
|-singleturn|p1a: Clefable|Protect
|move|p2a: Latias|Calm Mind|p2a: Latias
|-boost|p2a: Latias|spa|1
|-boost|p2a: Latias|spd|1
|
|-heal|p1a: Clefable|100/100|[from] move: Wish|[wisher] Clefable
|-heal|p2a: Latias|58/100|[from] item: Leftovers
|-damage|p2a: Latias|45/100|[from] Salt Cure
|upkeep
|turn|36
|
|t:|1743778787
|move|p2a: Latias|Stored Power|p1a: Clefable
|-crit|p1a: Clefable
|-damage|p1a: Clefable|0 fnt
|faint|p1a: Clefable
|
|-heal|p2a: Latias|51/100|[from] item: Leftovers
|-damage|p2a: Latias|39/100|[from] Salt Cure
|upkeep
|
|t:|1743778790
|switch|p1a: Infernape|Infernape, F|100/100
|turn|37
|
|t:|1743778796
|move|p2a: Latias|Draining Kiss|p1a: Infernape
|-damage|p1a: Infernape|0 fnt
|-heal|p2a: Latias|100/100|[from] drain|[of] p1a: Infernape
|faint|p1a: Infernape
|
|-damage|p2a: Latias|88/100|[from] Salt Cure
|upkeep
|
|t:|1743778799
|switch|p1a: Garganacl|Garganacl, F|100/100
|turn|38
|
|t:|1743778813
|move|p2a: Latias|Stored Power|p1a: Garganacl
|-damage|p1a: Garganacl|0 fnt
|faint|p1a: Garganacl
|
|-heal|p2a: Latias|94/100|[from] item: Leftovers
|-damage|p2a: Latias|82/100|[from] Salt Cure
|upkeep
|-message|CartiWins forfeited.
|
|win|GoobNUTglizz
|raw|CartiWins's rating: 1464 &rarr; <strong>1446</strong><br />(-18 for losing)
|raw|GoobNUTglizz's rating: 1500 &rarr; <strong>1518</strong><br />(+18 for winning)
|l|☆CartiWins
|player|p1|
|l|☆GoobNUTglizz
|player|p2|
