|j|‽esteostrali
|j|☆xbatman1709x
|t:|1743847849
|gametype|singles
|player|p1|esteostrali|dragontamer|1510
|player|p2|xbatman1709x|cynthia|1487
|teamsize|p1|6
|teamsize|p2|6
|gen|9
|tier|[Gen 9] OU
|rated|
|rule|HP Percentage Mod: HP is shown in percentages
|rule|Endless Battle Clause: Forcing endless battles is banned
|rule|Species Clause: Limit one of each Pokémon
|rule|OHKO Clause: OHKO moves are banned
|rule|Evasion Items Clause: Evasion items are banned
|rule|Evasion Moves Clause: Evasion moves are banned
|rule|Sleep Moves Clause: Sleep-inducing moves are banned
|clearpoke
|poke|p1|Weavile, F|
|poke|p1|Raging Bolt|
|poke|p1|Rillaboom, F|
|poke|p1|Iron Crown|
|poke|p1|Pecharunt|
|poke|p1|Great Tusk|
|poke|p2|Kyurem|
|poke|p2|Ting-Lu|
|poke|p2|Corviknight, M|
|poke|p2|Weezing-Galar, M|
|poke|p2|Zamazenta-*|
|poke|p2|Toxapex, M|
|teampreview
|inactive|Battle timer is ON: inactive players will automatically lose when time's up. (requested by xbatman1709x)
|
|t:|1743847879
|start
|switch|p1a: Pecharunt|Pecharunt|100/100
|switch|p2a: Yami|Corviknight, M, shiny|100/100
|-ability|p2a: Yami|Pressure
|turn|1
|
|t:|1743847897
|move|p1a: Pecharunt|Shadow Ball|p2a: Yami
|-damage|p2a: Yami|66/100
|-unboost|p2a: Yami|spd|1
|move|p2a: Yami|U-turn|p1a: Pecharunt
|-resisted|p1a: Pecharunt
|-damage|p1a: Pecharunt|98/100
|
|t:|1743847902
|switch|p2a: Goliath|Ting-Lu|100/100|[from] U-turn
|-ability|p2a: Goliath|Vessel of Ruin
|
|upkeep
|turn|2
|
|t:|1743847913
|switch|p1a: Rillaboom|Rillaboom, F|100/100
|-fieldstart|move: Grassy Terrain|[from] ability: Grassy Surge|[of] p1a: Rillaboom
|move|p2a: Goliath|Earthquake|p1a: Rillaboom
|-resisted|p1a: Rillaboom
|-damage|p1a: Rillaboom|90/100
|
|-heal|p1a: Rillaboom|96/100|[from] Grassy Terrain
|upkeep
|turn|3
|
|t:|1743847916
|switch|p2a: Yami|Corviknight, M, shiny|66/100
|-ability|p2a: Yami|Pressure
|move|p1a: Rillaboom|Knock Off|p2a: Yami
|-damage|p2a: Yami|35/100
|-damage|p1a: Rillaboom|80/100|[from] item: Rocky Helmet|[of] p2a: Yami
|-enditem|p2a: Yami|Rocky Helmet|[from] move: Knock Off|[of] p1a: Rillaboom
|
|-heal|p1a: Rillaboom|86/100|[from] Grassy Terrain
|upkeep
|turn|4
|
|t:|1743847927
|switch|p1a: Raging Bolt|Raging Bolt|100/100
|move|p2a: Yami|Roost|p2a: Yami
|-heal|p2a: Yami|85/100
|-singleturn|p2a: Yami|move: Roost
|
|-heal|p2a: Yami|91/100|[from] Grassy Terrain
|upkeep
|turn|5
|
|t:|1743847935
|switch|p2a: Goliath|Ting-Lu|100/100
|-ability|p2a: Goliath|Vessel of Ruin
|move|p1a: Raging Bolt|Calm Mind|p1a: Raging Bolt
|-boost|p1a: Raging Bolt|spa|1
|-boost|p1a: Raging Bolt|spd|1
|
|upkeep
|turn|6
|
|t:|1743847939
|move|p1a: Raging Bolt|Draco Meteor|p2a: Goliath|[miss]
|-miss|p1a: Raging Bolt|p2a: Goliath
|move|p2a: Goliath|Earthquake|p1a: Raging Bolt
|-supereffective|p1a: Raging Bolt
|-damage|p1a: Raging Bolt|72/100
|
|-heal|p1a: Raging Bolt|78/100|[from] Grassy Terrain
|-fieldend|move: Grassy Terrain
|upkeep
|turn|7
|
|t:|1743847950
|switch|p2a: Sentinel|Weezing-Galar, M, shiny|100/100
|-ability|p2a: Sentinel|Neutralizing Gas
|move|p1a: Raging Bolt|Draco Meteor|p2a: Sentinel
|-immune|p2a: Sentinel
|
|upkeep
|turn|8
|
|t:|1743847957
|-end|p2a: Sentinel|ability: Neutralizing Gas
|switch|p2a: Goliath|Ting-Lu|100/100
|-ability|p2a: Goliath|Vessel of Ruin
|move|p1a: Raging Bolt|Thunderbolt|p2a: Goliath
|-immune|p2a: Goliath
|
|upkeep
|turn|9
|
|t:|1743847966
|move|p1a: Raging Bolt|Draco Meteor|p2a: Goliath
|-damage|p2a: Goliath|53/100
|-unboost|p1a: Raging Bolt|spa|2
|move|p2a: Goliath|Earthquake|p1a: Raging Bolt
|-supereffective|p1a: Raging Bolt
|-damage|p1a: Raging Bolt|22/100
|
|-heal|p2a: Goliath|59/100|[from] item: Leftovers
|upkeep
|turn|10
|
|t:|1743847974
|-end|p1a: Raging Bolt|Protosynthesis|[silent]
|switch|p1a: Rillaboom|Rillaboom, F|86/100
|-fieldstart|move: Grassy Terrain|[from] ability: Grassy Surge|[of] p1a: Rillaboom
|switch|p2a: Yami|Corviknight, M, shiny|91/100
|-ability|p2a: Yami|Pressure
|
|-heal|p1a: Rillaboom|92/100|[from] Grassy Terrain
|upkeep
|turn|11
|
|t:|1743847980
|move|p1a: Rillaboom|U-turn|p2a: Yami
|-resisted|p2a: Yami
|-damage|p2a: Yami|86/100
|
|t:|1743847982
|switch|p1a: Raging Bolt|Raging Bolt|22/100|[from] U-turn
|move|p2a: Yami|U-turn|p1a: Raging Bolt
|-damage|p1a: Raging Bolt|11/100
|
|t:|1743847990
|switch|p2a: Kyotaro|Kyurem, shiny|100/100|[from] U-turn
|-ability|p2a: Kyotaro|Pressure
|
|-heal|p1a: Raging Bolt|17/100|[from] Grassy Terrain
|upkeep
|turn|12
|
|t:|1743847998
|-end|p1a: Raging Bolt|Protosynthesis|[silent]
|switch|p1a: Iron Crown|Iron Crown|100/100
|-enditem|p1a: Iron Crown|Booster Energy
|-activate|p1a: Iron Crown|ability: Quark Drive|[fromitem]
|-start|p1a: Iron Crown|quarkdrivespe
|move|p2a: Kyotaro|Substitute|p2a: Kyotaro
|-start|p2a: Kyotaro|Substitute
|-damage|p2a: Kyotaro|76/100
|
|-heal|p2a: Kyotaro|82/100|[from] Grassy Terrain
|-heal|p2a: Kyotaro|88/100|[from] item: Leftovers
|upkeep
|turn|13
|
|t:|1743848003
|move|p2a: Kyotaro|Protect|p2a: Kyotaro
|-singleturn|p2a: Kyotaro|Protect
|move|p1a: Iron Crown|Tachyon Cutter|p2a: Kyotaro
|-activate|p2a: Kyotaro|move: Protect
|
|-heal|p2a: Kyotaro|94/100|[from] Grassy Terrain
|-heal|p2a: Kyotaro|99/100|[from] item: Leftovers
|upkeep
|turn|14
|
|t:|1743848009
|switch|p2a: Serpentine|Toxapex, M, shiny|100/100
|move|p1a: Iron Crown|Tachyon Cutter|p2a: Serpentine
|-resisted|p2a: Serpentine
|-damage|p2a: Serpentine|94/100
|-resisted|p2a: Serpentine
|-damage|p2a: Serpentine|88/100
|-hitcount|p2a: Serpentine|2
|
|-heal|p2a: Serpentine|94/100|[from] Grassy Terrain
|-fieldend|move: Grassy Terrain
|upkeep
|turn|15
|
|t:|1743848015
|move|p1a: Iron Crown|Psychic Noise|p2a: Serpentine
|-supereffective|p2a: Serpentine
|-damage|p2a: Serpentine|59/100
|-start|p2a: Serpentine|move: Heal Block
|move|p2a: Serpentine|Surf|p1a: Iron Crown
|-damage|p1a: Iron Crown|72/100
|
|upkeep
|turn|16
|
|t:|1743848023
|switch|p2a: Goliath|Ting-Lu|59/100
|-ability|p2a: Goliath|Vessel of Ruin
|move|p1a: Iron Crown|Calm Mind|p1a: Iron Crown
|-boost|p1a: Iron Crown|spa|1
|-boost|p1a: Iron Crown|spd|1
|
|-heal|p2a: Goliath|65/100|[from] item: Leftovers
|upkeep
|turn|17
|
|t:|1743848029
|move|p1a: Iron Crown|Focus Blast|p2a: Goliath
|-supereffective|p2a: Goliath
|-damage|p2a: Goliath|24/100
|move|p2a: Goliath|Earthquake|p1a: Iron Crown
|-supereffective|p1a: Iron Crown
|-damage|p1a: Iron Crown|3/100
|
|-heal|p2a: Goliath|30/100|[from] item: Leftovers
|upkeep
|turn|18
|
|t:|1743848041
|move|p1a: Iron Crown|Tachyon Cutter|p2a: Goliath
|-damage|p2a: Goliath|15/100
|-damage|p2a: Goliath|0 fnt
|faint|p2a: Goliath
|-hitcount|p2: Goliath|2
|
|upkeep
|
|t:|1743848050
|switch|p2a: Yami|Corviknight, M, shiny|86/100
|-ability|p2a: Yami|Pressure
|turn|19
|
|t:|1743848056
|move|p1a: Iron Crown|Focus Blast|p2a: Yami|[miss]
|-miss|p1a: Iron Crown|p2a: Yami
|move|p2a: Yami|U-turn|p1a: Iron Crown
|-damage|p1a: Iron Crown|0 fnt
|faint|p1a: Iron Crown
|-end|p1a: Iron Crown|Quark Drive|[silent]
|
|t:|1743848082
|switch|p2a: Kyotaro|Kyurem, shiny|99/100|[from] U-turn
|-ability|p2a: Kyotaro|Pressure
|
|-heal|p2a: Kyotaro|100/100|[from] item: Leftovers
|upkeep
|
|t:|1743848090
|switch|p1a: Weavile|Weavile, F|100/100
|-ability|p1a: Weavile|Pressure
|turn|20
|inactive|xbatman1709x has 120 seconds left.
|
|t:|1743848120
|switch|p2a: Yami|Corviknight, M, shiny|86/100
|-ability|p2a: Yami|Pressure
|move|p1a: Weavile|Knock Off|p2a: Yami
|-damage|p2a: Yami|67/100
|
|upkeep
|turn|21
|
|t:|1743848137
|switch|p1a: Great Tusk|Great Tusk|100/100
|-enditem|p1a: Great Tusk|Booster Energy
|-activate|p1a: Great Tusk|ability: Protosynthesis|[fromitem]
|-start|p1a: Great Tusk|protosynthesisspe
|move|p2a: Yami|U-turn|p1a: Great Tusk
|-resisted|p1a: Great Tusk
|-damage|p1a: Great Tusk|96/100
|inactive|xbatman1709x has 120 seconds left.
|
|t:|1743848155
|switch|p2a: Kyotaro|Kyurem, shiny|100/100|[from] U-turn
|-ability|p2a: Kyotaro|Pressure
|
|upkeep
|turn|22
|
|t:|1743848162
|move|p1a: Great Tusk|Bulk Up|p1a: Great Tusk
|-boost|p1a: Great Tusk|atk|1
|-boost|p1a: Great Tusk|def|1
|move|p2a: Kyotaro|Freeze-Dry|p1a: Great Tusk
|-supereffective|p1a: Great Tusk
|-damage|p1a: Great Tusk|5/100
|-status|p1a: Great Tusk|frz
|
|upkeep
|turn|23
|
|t:|1743848170
|cant|p1a: Great Tusk|frz
|move|p2a: Kyotaro|Substitute|p2a: Kyotaro
|-start|p2a: Kyotaro|Substitute
|-damage|p2a: Kyotaro|76/100
|
|-heal|p2a: Kyotaro|82/100|[from] item: Leftovers
|upkeep
|turn|24
|
|t:|1743848173
|cant|p1a: Great Tusk|frz
|move|p2a: Kyotaro|Freeze-Dry|p1a: Great Tusk
|-supereffective|p1a: Great Tusk
|-damage|p1a: Great Tusk|0 fnt
|faint|p1a: Great Tusk
|-end|p1a: Great Tusk|Protosynthesis|[silent]
|
|-heal|p2a: Kyotaro|88/100|[from] item: Leftovers
|upkeep
|
|t:|1743848177
|switch|p1a: Weavile|Weavile, F|100/100
|-ability|p1a: Weavile|Pressure
|turn|25
|
|t:|1743848199
|move|p1a: Weavile|Knock Off|p2a: Kyotaro
|-end|p2a: Kyotaro|Substitute
|move|p2a: Kyotaro|Earth Power|p1a: Weavile
|-damage|p1a: Weavile|61/100
|
|-heal|p2a: Kyotaro|94/100|[from] item: Leftovers
|upkeep
|turn|26
|
|t:|1743848205
|move|p2a: Kyotaro|Protect|p2a: Kyotaro
|-singleturn|p2a: Kyotaro|Protect
|move|p1a: Weavile|Low Kick|p2a: Kyotaro
|-activate|p2a: Kyotaro|move: Protect
|
|-heal|p2a: Kyotaro|99/100|[from] item: Leftovers
|upkeep
|turn|27
|
|t:|1743848211
|switch|p2a: Serpentine|Toxapex, M, shiny|92/100
|move|p1a: Weavile|Triple Axel|p2a: Serpentine
|-resisted|p2a: Serpentine
|-damage|p2a: Serpentine|88/100
|-resisted|p2a: Serpentine
|-damage|p2a: Serpentine|80/100
|-resisted|p2a: Serpentine
|-damage|p2a: Serpentine|68/100
|-hitcount|p2a: Serpentine|3
|
|upkeep
|turn|28
|
|t:|1743848217
|move|p1a: Weavile|Knock Off|p2a: Serpentine
|-damage|p2a: Serpentine|30/100
|-enditem|p2a: Serpentine|Assault Vest|[from] move: Knock Off|[of] p1a: Weavile
|move|p2a: Serpentine|Acid Spray|p1a: Weavile
|-damage|p1a: Weavile|44/100
|-unboost|p1a: Weavile|spd|2
|
|upkeep
|turn|29
|
|t:|1743848227
|switch|p1a: Pecharunt|Pecharunt|98/100
|switch|p2a: Yami|Corviknight, M, shiny|67/100
|-ability|p2a: Yami|Pressure
|
|upkeep
|turn|30
|
|t:|1743848239
|move|p1a: Pecharunt|Nasty Plot|p1a: Pecharunt
|-boost|p1a: Pecharunt|spa|2
|move|p2a: Yami|Roost|p2a: Yami
|-heal|p2a: Yami|100/100
|-singleturn|p2a: Yami|move: Roost
|
|upkeep
|turn|31
|
|t:|1743848253
|move|p1a: Pecharunt|Nasty Plot|p1a: Pecharunt
|-boost|p1a: Pecharunt|spa|2
|move|p2a: Yami|U-turn|p1a: Pecharunt
|-resisted|p1a: Pecharunt
|-damage|p1a: Pecharunt|96/100
|
|t:|1743848275
|switch|p2a: Kyotaro|Kyurem, shiny|99/100|[from] U-turn
|-ability|p2a: Kyotaro|Pressure
|
|-heal|p2a: Kyotaro|100/100|[from] item: Leftovers
|upkeep
|turn|32
|
|t:|1743848283
|-terastallize|p2a: Kyotaro|Ground
|move|p2a: Kyotaro|Earth Power|p1a: Pecharunt
|-supereffective|p1a: Pecharunt
|-damage|p1a: Pecharunt|0 fnt
|faint|p1a: Pecharunt
|
|upkeep
|
|t:|1743848289
|switch|p1a: Weavile|Weavile, F|44/100
|-ability|p1a: Weavile|Pressure
|turn|33
|
|t:|1743848295
|switch|p2a: Yami|Corviknight, M, shiny|100/100
|-ability|p2a: Yami|Pressure
|move|p1a: Weavile|Triple Axel|p2a: Yami
|-damage|p2a: Yami|94/100
|-damage|p2a: Yami|82/100
|-damage|p2a: Yami|63/100
|-hitcount|p2a: Yami|3
|
|upkeep
|turn|34
|
|t:|1743848304
|switch|p1a: Raging Bolt|Raging Bolt|17/100
|move|p2a: Yami|U-turn|p1a: Raging Bolt
|-damage|p1a: Raging Bolt|6/100
|
|t:|1743848309
|switch|p2a: Kyotaro|Kyurem, shiny, tera:Ground|100/100|[from] U-turn
|-ability|p2a: Kyotaro|Pressure
|
|upkeep
|turn|35
|-message|esteostrali forfeited.
|
|win|xbatman1709x
|raw|esteostrali's rating: 1510 &rarr; <strong>1489</strong><br />(-21 for losing)
|raw|xbatman1709x's rating: 1487 &rarr; <strong>1508</strong><br />(+21 for winning)
|l|‽esteostrali
|player|p1|
|l|☆xbatman1709x
|player|p2|
