|j|☆lupiit
|j|☆ISEEEEEEYOUBABYB0I
|t:|1743830403
|gametype|singles
|player|p1|lupiit|dragontamer|1354
|player|p2|ISEEEEEEYOUBABYB0I|unknown|1389
|teamsize|p1|6
|teamsize|p2|6
|gen|9
|tier|[Gen 9] OU
|rated|
|rule|HP Percentage Mod: HP is shown in percentages
|rule|Endless Battle Clause: Forcing endless battles is banned
|rule|Species Clause: Limit one of each Pokémon
|rule|OHKO Clause: OHKO moves are banned
|rule|Evasion Items Clause: Evasion items are banned
|rule|Evasion Moves Clause: Evasion moves are banned
|rule|Sleep Moves Clause: Sleep-inducing moves are banned
|clearpoke
|poke|p1|Blissey, F|
|poke|p1|Hoopa-Unbound|
|poke|p1|Smeargle, F|
|poke|p1|Breloom, F|
|poke|p1|Dondozo, F|
|poke|p1|Ogerpon-Wellspring, F|
|poke|p2|Great Tusk|
|poke|p2|Landorus-Therian, M|
|poke|p2|Slowking-Galar, M|
|poke|p2|Zamazenta-*|
|poke|p2|Raging Bolt|
|poke|p2|Pecharunt|
|teampreview
|inactive|Battle timer is ON: inactive players will automatically lose when time's up. (requested by ISEEEEEEYOUBABYB0I)
|
|t:|1743830409
|start
|switch|p1a: Breloom|Breloom, F|100/100
|switch|p2a: 5|Landorus-Therian, M, shiny|100/100
|-ability|p2a: 5|Intimidate|boost
|-unboost|p1a: Breloom|atk|1
|turn|1
|
|t:|1743830414
|move|p2a: 5|U-turn|p1a: Breloom
|-damage|p1a: Breloom|52/100
|
|t:|1743830419
|switch|p2a: cosmos|Pecharunt|100/100|[from] U-turn
|move|p1a: Breloom|Bullet Seed|p2a: cosmos
|-resisted|p2a: cosmos
|-damage|p2a: cosmos|97/100
|-resisted|p2a: cosmos
|-damage|p2a: cosmos|94/100
|-resisted|p2a: cosmos
|-damage|p2a: cosmos|90/100
|-resisted|p2a: cosmos
|-damage|p2a: cosmos|87/100
|-hitcount|p2a: cosmos|4
|
|-heal|p2a: cosmos|93/100|[from] item: Leftovers
|upkeep
|turn|2
|
|t:|1743830430
|switch|p1a: Blissey|Blissey, F|100/100
|move|p2a: cosmos|Malignant Chain|p1a: Blissey
|-damage|p1a: Blissey|89/100
|
|-heal|p2a: cosmos|99/100|[from] item: Leftovers
|upkeep
|turn|3
|
|t:|1743830438
|switch|p2a: D|Zamazenta, shiny|100/100
|-ability|p2a: D|Dauntless Shield|boost
|-boost|p2a: D|def|1
|move|p1a: Blissey|Stealth Rock|p2a: D
|-sidestart|p2: ISEEEEEEYOUBABYB0I|move: Stealth Rock
|
|upkeep
|turn|4
|
|t:|1743830450
|switch|p1a: Dondozo|Dondozo, F|100/100
|move|p2a: D|Close Combat|p1a: Dondozo
|-damage|p1a: Dondozo|54/100
|-unboost|p2a: D|def|1
|-unboost|p2a: D|spd|1
|
|-heal|p1a: Dondozo|60/100|[from] item: Leftovers
|upkeep
|turn|5
|
|t:|1743830463
|move|p2a: D|Close Combat|p1a: Dondozo
|-damage|p1a: Dondozo|16/100
|-unboost|p2a: D|def|1
|-unboost|p2a: D|spd|1
|move|p1a: Dondozo|Waterfall|p2a: D
|-damage|p2a: D|69/100
|
|-heal|p1a: Dondozo|22/100|[from] item: Leftovers
|upkeep
|turn|6
|
|t:|1743830471
|move|p2a: D|Close Combat|p1a: Dondozo
|-damage|p1a: Dondozo|0 fnt
|-unboost|p2a: D|def|1
|-unboost|p2a: D|spd|1
|faint|p1a: Dondozo
|
|upkeep
|
|t:|1743830478
|switch|p1a: Smeargle|Smeargle, F|100/100
|turn|7
|
|t:|1743830480
|move|p1a: Smeargle|Burning Bulwark|p1a: Smeargle
|-singleturn|p1a: Smeargle|move: Protect
|move|p2a: D|Close Combat|p1a: Smeargle
|-activate|p1a: Smeargle|move: Protect
|-status|p2a: D|brn
|
|-damage|p2a: D|63/100 brn|[from] brn
|upkeep
|turn|8
|
|t:|1743830492
|move|p2a: D|Close Combat|p1a: Smeargle
|-supereffective|p1a: Smeargle
|-enditem|p1a: Smeargle|Focus Sash
|-damage|p1a: Smeargle|1/100
|-unboost|p2a: D|def|1
|-unboost|p2a: D|spd|1
|move|p1a: Smeargle|Counter|p2a: D
|-damage|p2a: D|0 fnt
|faint|p2a: D
|
|upkeep
|
|t:|1743830502
|switch|p2a: Great Tusk|Great Tusk, shiny|100/100
|-damage|p2a: Great Tusk|98/100|[from] Stealth Rock
|turn|9
|
|t:|1743830509
|switch|p1a: Breloom|Breloom, F|52/100
|move|p2a: Great Tusk|Rapid Spin|p1a: Breloom
|-damage|p1a: Breloom|19/100
|-boost|p2a: Great Tusk|spe|1
|-sideend|p2: ISEEEEEEYOUBABYB0I|Stealth Rock|[from] move: Rapid Spin|[of] p2a: Great Tusk
|
|upkeep
|turn|10
|
|t:|1743830516
|move|p2a: Great Tusk|Rapid Spin|p1a: Breloom
|-damage|p1a: Breloom|0 fnt
|-boost|p2a: Great Tusk|spe|1
|faint|p1a: Breloom
|
|upkeep
|
|t:|1743830518
|switch|p1a: Ogerpon|Ogerpon-Wellspring, F|100/100
|turn|11
|
|t:|1743830529
|-end|p2a: Great Tusk|Protosynthesis|[silent]
|switch|p2a: Slowking|Slowking-Galar, M, shiny|100/100
|move|p1a: Ogerpon|Ivy Cudgel|p2a: Slowking|[anim] Ivy Cudgel Water
|-damage|p2a: Slowking|36/100
|
|upkeep
|turn|12
|
|t:|1743830534
|move|p1a: Ogerpon|Ivy Cudgel|p2a: Slowking|[anim] Ivy Cudgel Water
|-damage|p2a: Slowking|0 fnt
|faint|p2a: Slowking
|
|upkeep
|
|t:|1743830542
|switch|p2a: cosmos|Pecharunt|99/100
|turn|13
|
|t:|1743830546
|switch|p1a: Blissey|Blissey, F|89/100
|move|p2a: cosmos|Toxic|p1a: Blissey
|-status|p1a: Blissey|tox
|-start|p1a: Blissey|confusion|[from] ability: Poison Puppeteer|[of] p2a: cosmos
|
|-heal|p2a: cosmos|100/100|[from] item: Leftovers
|-damage|p1a: Blissey|82/100 tox|[from] psn
|upkeep
|turn|14
|
|t:|1743830558
|switch|p2a: Great Tusk|Great Tusk, shiny|98/100
|-activate|p1a: Blissey|confusion
|move|p1a: Blissey|Stealth Rock|p2a: Great Tusk
|-sidestart|p2: ISEEEEEEYOUBABYB0I|move: Stealth Rock
|
|-damage|p1a: Blissey|70/100 tox|[from] psn
|upkeep
|turn|15
|
|t:|1743830566
|-curestatus|p1a: Blissey|tox|[from] ability: Natural Cure
|switch|p1a: Smeargle|Smeargle, F|1/100
|move|p2a: Great Tusk|Close Combat|p1a: Smeargle
|-supereffective|p1a: Smeargle
|-damage|p1a: Smeargle|0 fnt
|-unboost|p2a: Great Tusk|def|1
|-unboost|p2a: Great Tusk|spd|1
|faint|p1a: Smeargle
|
|upkeep
|
|t:|1743830571
|switch|p1a: Ogerpon|Ogerpon-Wellspring, F|100/100
|turn|16
|
|t:|1743830577
|-end|p2a: Great Tusk|Protosynthesis|[silent]
|switch|p2a: cosmos|Pecharunt|100/100
|-damage|p2a: cosmos|88/100|[from] Stealth Rock
|move|p1a: Ogerpon|Ivy Cudgel|p2a: cosmos|[anim] Ivy Cudgel Water
|-crit|p2a: cosmos
|-damage|p2a: cosmos|45/100
|
|-heal|p2a: cosmos|51/100|[from] item: Leftovers
|upkeep
|turn|17
|
|t:|1743830587
|move|p1a: Ogerpon|Ivy Cudgel|p2a: cosmos|[anim] Ivy Cudgel Water
|-damage|p2a: cosmos|22/100
|move|p2a: cosmos|Toxic|p1a: Ogerpon
|-status|p1a: Ogerpon|tox
|-start|p1a: Ogerpon|confusion|[from] ability: Poison Puppeteer|[of] p2a: cosmos
|
|-heal|p2a: cosmos|28/100|[from] item: Leftovers
|-damage|p1a: Ogerpon|95/100 tox|[from] psn
|upkeep
|turn|18
|
|t:|1743830596
|-activate|p1a: Ogerpon|confusion
|-damage|p1a: Ogerpon|76/100 tox|[from] confusion
|move|p2a: cosmos|Recover|p2a: cosmos
|-heal|p2a: cosmos|78/100
|
|-heal|p2a: cosmos|84/100|[from] item: Leftovers
|-damage|p1a: Ogerpon|64/100 tox|[from] psn
|upkeep
|turn|19
|
|t:|1743830602
|-activate|p1a: Ogerpon|confusion
|-damage|p1a: Ogerpon|46/100 tox|[from] confusion
|move|p2a: cosmos|Malignant Chain|p1a: Ogerpon
|-supereffective|p1a: Ogerpon
|-damage|p1a: Ogerpon|0 fnt
|faint|p1a: Ogerpon
|
|-heal|p2a: cosmos|90/100|[from] item: Leftovers
|upkeep
|
|t:|1743830606
|switch|p1a: Hoopa|Hoopa-Unbound|100/100
|turn|20
|
|t:|1743830611
|move|p1a: Hoopa|Dark Pulse|p2a: cosmos
|-supereffective|p2a: cosmos
|-damage|p2a: cosmos|0 fnt
|faint|p2a: cosmos
|
|upkeep
|
|t:|1743830620
|switch|p2a: Raiku|Raging Bolt|100/100
|-damage|p2a: Raiku|88/100|[from] Stealth Rock
|turn|21
|
|t:|1743830624
|-terastallize|p2a: Raiku|Fairy
|move|p1a: Hoopa|Calm Mind|p1a: Hoopa
|-boost|p1a: Hoopa|spa|1
|-boost|p1a: Hoopa|spd|1
|move|p2a: Raiku|Tera Blast|p1a: Hoopa|[anim] Tera Blast Fairy
|-supereffective|p1a: Hoopa
|-damage|p1a: Hoopa|39/100
|
|-heal|p1a: Hoopa|45/100|[from] item: Leftovers
|upkeep
|turn|22
|
|t:|1743830644
|-terastallize|p1a: Hoopa|Ghost
|move|p1a: Hoopa|Calm Mind|p1a: Hoopa
|-boost|p1a: Hoopa|spa|1
|-boost|p1a: Hoopa|spd|1
|move|p2a: Raiku|Tera Blast|p1a: Hoopa|[anim] Tera Blast Fairy
|-damage|p1a: Hoopa|22/100
|
|-heal|p1a: Hoopa|28/100|[from] item: Leftovers
|upkeep
|turn|23
|
|t:|1743830654
|move|p1a: Hoopa|Substitute|p1a: Hoopa
|-start|p1a: Hoopa|Substitute
|-damage|p1a: Hoopa|3/100
|move|p2a: Raiku|Thunderbolt|p1a: Hoopa
|-activate|p1a: Hoopa|move: Substitute|[damage]
|
|-heal|p1a: Hoopa|9/100|[from] item: Leftovers
|upkeep
|turn|24
|
|t:|1743830660
|move|p1a: Hoopa|Calm Mind|p1a: Hoopa
|-boost|p1a: Hoopa|spa|1
|-boost|p1a: Hoopa|spd|1
|move|p2a: Raiku|Thunderbolt|p1a: Hoopa
|-end|p1a: Hoopa|Substitute
|
|-heal|p1a: Hoopa|15/100|[from] item: Leftovers
|upkeep
|turn|25
|
|t:|1743830669
|move|p1a: Hoopa|Calm Mind|p1a: Hoopa
|-boost|p1a: Hoopa|spa|1
|-boost|p1a: Hoopa|spd|1
|move|p2a: Raiku|Thunderbolt|p1a: Hoopa
|-damage|p1a: Hoopa|0 fnt
|faint|p1a: Hoopa
|
|upkeep
|-message|lupiit forfeited.
|
|win|ISEEEEEEYOUBABYB0I
|raw|lupiit's rating: 1354 &rarr; <strong>1336</strong><br />(-18 for losing)
|raw|ISEEEEEEYOUBABYB0I's rating: 1389 &rarr; <strong>1407</strong><br />(+18 for winning)
|l|☆lupiit
|player|p1|
|l|☆ISEEEEEEYOUBABYB0I
|player|p2|
