|j|☆TribalRaq
|j|☆Lic21b034
|t:|1743866249
|gametype|singles
|player|p1|TribalRaq|brock-gen2|1186
|player|p2|Lic21b034|scientist|1229
|teamsize|p1|6
|teamsize|p2|6
|gen|9
|tier|[Gen 9] OU
|rated|
|rule|HP Percentage Mod: HP is shown in percentages
|rule|Endless Battle Clause: Forcing endless battles is banned
|rule|Species Clause: Limit one of each Pokémon
|rule|OHKO Clause: OHKO moves are banned
|rule|Evasion Items Clause: Evasion items are banned
|rule|Evasion Moves Clause: Evasion moves are banned
|rule|Sleep Moves Clause: Sleep-inducing moves are banned
|clearpoke
|poke|p1|Lokix, F|
|poke|p1|Pecharunt|
|poke|p1|Rillaboom, M|
|poke|p1|Landorus-Therian, M|
|poke|p1|Great Tusk|
|poke|p1|Zapdos|
|poke|p2|Grafaiai, M|
|poke|p2|Kilowattrel, M|
|poke|p2|Lokix, M|
|poke|p2|Garganacl, F|
|poke|p2|Quaquaval, F|
|poke|p2|Houndstone, M|
|teampreview
|inactive|Battle timer is ON: inactive players will automatically lose when time's up. (requested by TribalRaq)
|
|t:|1743866254
|start
|switch|p1a: Lokix|Lokix, F|100/100
|switch|p2a: Garganacl|Garganacl, F|100/100
|turn|1
|
|t:|1743866261
|move|p1a: Lokix|Knock Off|p2a: Garganacl
|-crit|p2a: Garganacl
|-damage|p2a: Garganacl|31/100
|-enditem|p2a: Garganacl|Leftovers|[from] move: Knock Off|[of] p1a: Lokix
|move|p2a: Garganacl|Salt Cure|p1a: Lokix
|-supereffective|p1a: Lokix
|-damage|p1a: Lokix|57/100
|-start|p1a: Lokix|Salt Cure
|
|-damage|p1a: Lokix|45/100|[from] Salt Cure
|upkeep
|turn|2
|
|t:|1743866279
|switch|p1a: Landorus|Landorus-Therian, M|100/100
|-ability|p1a: Landorus|Intimidate|boost
|-unboost|p2a: Garganacl|atk|1
|switch|p2a: Lokix|Lokix, M|100/100
|
|upkeep
|turn|3
|
|t:|1743866290
|move|p2a: Lokix|First Impression|p1a: Landorus
|-resisted|p1a: Landorus
|-damage|p1a: Landorus|65/100
|-damage|p2a: Lokix|84/100|[from] item: Rocky Helmet|[of] p1a: Landorus
|move|p1a: Landorus|Stealth Rock|p2a: Lokix
|-sidestart|p2: Lic21b034|move: Stealth Rock
|
|upkeep
|turn|4
|
|t:|1743866299
|move|p2a: Lokix|Leech Life|p1a: Landorus
|-resisted|p1a: Landorus
|-damage|p1a: Landorus|33/100
|-heal|p2a: Lokix|100/100|[from] drain|[of] p1a: Landorus
|-damage|p2a: Lokix|84/100|[from] item: Rocky Helmet|[of] p1a: Landorus
|move|p1a: Landorus|U-turn|p2a: Lokix
|-supereffective|p2a: Lokix
|-damage|p2a: Lokix|25/100
|
|t:|1743866310
|switch|p1a: Lokix|Lokix, F|45/100|[from] U-turn
|
|upkeep
|turn|5
|
|t:|1743866318
|move|p1a: Lokix|First Impression|p2a: Lokix
|-supereffective|p2a: Lokix
|-damage|p2a: Lokix|0 fnt
|faint|p2a: Lokix
|
|upkeep
|
|t:|1743866325
|switch|p2a: Quaquaval|Quaquaval, F|100/100
|-damage|p2a: Quaquaval|94/100|[from] Stealth Rock
|turn|6
|
|t:|1743866329
|switch|p1a: Zapdos|Zapdos|100/100
|move|p2a: Quaquaval|Ice Spinner|p1a: Zapdos
|-supereffective|p1a: Zapdos
|-damage|p1a: Zapdos|64/100
|-status|p2a: Quaquaval|par|[from] ability: Static|[of] p1a: Zapdos
|-enditem|p2a: Quaquaval|Lum Berry|[eat]
|-curestatus|p2a: Quaquaval|par|[msg]
|
|upkeep
|turn|7
|
|t:|1743866342
|move|p2a: Quaquaval|Aqua Step|p1a: Zapdos
|-damage|p1a: Zapdos|35/100
|-boost|p2a: Quaquaval|spe|1
|-status|p2a: Quaquaval|par|[from] ability: Static|[of] p1a: Zapdos
|move|p1a: Zapdos|Hurricane|p2a: Quaquaval
|-supereffective|p2a: Quaquaval
|-damage|p2a: Quaquaval|0 fnt
|faint|p2a: Quaquaval
|
|upkeep
|
|t:|1743866351
|switch|p2a: Garganacl|Garganacl, F|31/100
|-damage|p2a: Garganacl|19/100|[from] Stealth Rock
|turn|8
|
|t:|1743866354
|move|p1a: Zapdos|Volt Switch|p2a: Garganacl
|-damage|p2a: Garganacl|1/100
|
|t:|1743866361
|switch|p1a: Rillaboom|Rillaboom, M|100/100|[from] Volt Switch
|-fieldstart|move: Grassy Terrain|[from] ability: Grassy Surge|[of] p1a: Rillaboom
|move|p2a: Garganacl|Recover|p2a: Garganacl
|-heal|p2a: Garganacl|51/100
|
|-heal|p2a: Garganacl|57/100|[from] Grassy Terrain
|upkeep
|turn|9
|
|t:|1743866373
|-terastallize|p2a: Garganacl|Ghost
|move|p1a: Rillaboom|Grassy Glide|p2a: Garganacl
|-damage|p2a: Garganacl|15/100
|move|p2a: Garganacl|Recover|p2a: Garganacl
|-heal|p2a: Garganacl|65/100
|
|-heal|p2a: Garganacl|71/100|[from] Grassy Terrain
|upkeep
|turn|10
|
|t:|1743866386
|switch|p1a: Landorus|Landorus-Therian, M|33/100
|-ability|p1a: Landorus|Intimidate|boost
|-unboost|p2a: Garganacl|atk|1
|move|p2a: Garganacl|Salt Cure|p1a: Landorus
|-damage|p1a: Landorus|23/100
|-start|p1a: Landorus|Salt Cure
|
|-heal|p2a: Garganacl|77/100|[from] Grassy Terrain
|-damage|p1a: Landorus|11/100|[from] Salt Cure
|upkeep
|turn|11
|
|t:|1743866397
|move|p1a: Landorus|U-turn|p2a: Garganacl
|-resisted|p2a: Garganacl
|-damage|p2a: Garganacl|71/100
|
|t:|1743866411
|switch|p1a: Lokix|Lokix, F|45/100|[from] U-turn
|move|p2a: Garganacl|Iron Defense|p2a: Garganacl
|-boost|p2a: Garganacl|def|2
|
|-heal|p1a: Lokix|51/100|[from] Grassy Terrain
|-heal|p2a: Garganacl|77/100|[from] Grassy Terrain
|upkeep
|turn|12
|
|t:|1743866418
|move|p1a: Lokix|Knock Off|p2a: Garganacl
|-supereffective|p2a: Garganacl
|-damage|p2a: Garganacl|42/100
|move|p2a: Garganacl|Salt Cure|p1a: Lokix
|-supereffective|p1a: Lokix
|-damage|p1a: Lokix|21/100
|-start|p1a: Lokix|Salt Cure
|
|-heal|p1a: Lokix|27/100|[from] Grassy Terrain
|-heal|p2a: Garganacl|48/100|[from] Grassy Terrain
|-damage|p1a: Lokix|14/100|[from] Salt Cure
|-fieldend|move: Grassy Terrain
|upkeep
|turn|13
|
|t:|1743866428
|switch|p1a: Pecharunt|Pecharunt|100/100
|move|p2a: Garganacl|Recover|p2a: Garganacl
|-heal|p2a: Garganacl|98/100
|
|upkeep
|turn|14
|
|t:|1743866455
|move|p1a: Pecharunt|Malignant Chain|p2a: Garganacl
|-resisted|p2a: Garganacl
|-damage|p2a: Garganacl|85/100
|move|p2a: Garganacl|Salt Cure|p1a: Pecharunt
|-damage|p1a: Pecharunt|94/100
|-start|p1a: Pecharunt|Salt Cure
|
|-damage|p1a: Pecharunt|81/100|[from] Salt Cure
|upkeep
|turn|15
|
|t:|1743866465
|move|p1a: Pecharunt|Hex|p2a: Garganacl
|-supereffective|p2a: Garganacl
|-damage|p2a: Garganacl|67/100
|move|p2a: Garganacl|Salt Cure|p1a: Pecharunt
|-damage|p1a: Pecharunt|75/100
|
|-damage|p1a: Pecharunt|62/100|[from] Salt Cure
|upkeep
|turn|16
|
|t:|1743866484
|move|p1a: Pecharunt|Nasty Plot|p1a: Pecharunt
|-boost|p1a: Pecharunt|spa|2
|move|p2a: Garganacl|Iron Defense|p2a: Garganacl
|-boost|p2a: Garganacl|def|2
|
|-damage|p1a: Pecharunt|50/100|[from] Salt Cure
|upkeep
|turn|17
|
|t:|1743866491
|move|p1a: Pecharunt|Nasty Plot|p1a: Pecharunt
|-boost|p1a: Pecharunt|spa|2
|move|p2a: Garganacl|Iron Defense|p2a: Garganacl
|-boost|p2a: Garganacl|def|2
|
|-damage|p1a: Pecharunt|38/100|[from] Salt Cure
|upkeep
|turn|18
|
|t:|1743866497
|move|p1a: Pecharunt|Recover|p1a: Pecharunt
|-heal|p1a: Pecharunt|88/100
|move|p2a: Garganacl|Salt Cure|p1a: Pecharunt
|-damage|p1a: Pecharunt|81/100
|
|-damage|p1a: Pecharunt|69/100|[from] Salt Cure
|upkeep
|turn|19
|
|t:|1743866505
|move|p1a: Pecharunt|Hex|p2a: Garganacl
|-supereffective|p2a: Garganacl
|-damage|p2a: Garganacl|13/100
|move|p2a: Garganacl|Salt Cure|p1a: Pecharunt
|-damage|p1a: Pecharunt|63/100
|
|-damage|p1a: Pecharunt|51/100|[from] Salt Cure
|upkeep
|turn|20
|
|t:|1743866531
|switch|p2a: Grafaiai|Grafaiai, M|100/100
|-damage|p2a: Grafaiai|88/100|[from] Stealth Rock
|move|p1a: Pecharunt|Hex|p2a: Grafaiai
|-immune|p2a: Grafaiai
|
|-damage|p1a: Pecharunt|38/100|[from] Salt Cure
|upkeep
|turn|21
|
|t:|1743866541
|move|p2a: Grafaiai|Swagger|p1a: Pecharunt
|-boost|p1a: Pecharunt|atk|2
|-start|p1a: Pecharunt|confusion
|-enditem|p2a: Grafaiai|Mirror Herb
|-boost|p2a: Grafaiai|atk|2|[from] item: Mirror Herb
|-activate|p1a: Pecharunt|confusion
|-damage|p1a: Pecharunt|29/100|[from] confusion
|
|-damage|p1a: Pecharunt|17/100|[from] Salt Cure
|upkeep
|turn|22
|c|☆TribalRaq|wow
|inactive|TribalRaq has 120 seconds left.
|
|t:|1743866565
|switch|p1a: Landorus|Landorus-Therian, M|11/100
|-ability|p1a: Landorus|Intimidate|boost
|-unboost|p2a: Grafaiai|atk|1
|move|p2a: Grafaiai|Foul Play|p1a: Landorus
|-damage|p1a: Landorus|0 fnt
|-damage|p2a: Grafaiai|72/100|[from] item: Rocky Helmet|[of] p1a: Landorus
|faint|p1a: Landorus
|
|upkeep
|inactive|TribalRaq has 120 seconds left.
|
|t:|1743866576
|switch|p1a: Great Tusk|Great Tusk|100/100
|turn|23
|inactive|TribalRaq has 120 seconds left.
|
|t:|1743866597
|move|p2a: Grafaiai|Acrobatics|p1a: Great Tusk
|-supereffective|p1a: Great Tusk
|-damage|p1a: Great Tusk|33/100
|-damage|p2a: Grafaiai|55/100|[from] item: Rocky Helmet|[of] p1a: Great Tusk
|move|p1a: Great Tusk|Headlong Rush|p2a: Grafaiai
|-supereffective|p2a: Grafaiai
|-damage|p2a: Grafaiai|0 fnt
|-unboost|p1a: Great Tusk|def|1
|-unboost|p1a: Great Tusk|spd|1
|faint|p2a: Grafaiai
|
|upkeep
|
|t:|1743866611
|switch|p2a: Houndstone|Houndstone, M|100/100
|-damage|p2a: Houndstone|88/100|[from] Stealth Rock
|turn|24
|inactive|TribalRaq has 120 seconds left.
|
|t:|1743866639
|move|p1a: Great Tusk|Knock Off|p2a: Houndstone
|-supereffective|p2a: Houndstone
|-damage|p2a: Houndstone|56/100
|-enditem|p2a: Houndstone|Leftovers|[from] move: Knock Off|[of] p1a: Great Tusk
|move|p2a: Houndstone|Will-O-Wisp|p1a: Great Tusk|[miss]
|-miss|p2a: Houndstone|p1a: Great Tusk
|
|upkeep
|turn|25
|
|t:|1743866648
|move|p1a: Great Tusk|Headlong Rush|p2a: Houndstone
|-damage|p2a: Houndstone|29/100
|-unboost|p1a: Great Tusk|def|1
|-unboost|p1a: Great Tusk|spd|1
|move|p2a: Houndstone|Body Press|p1a: Great Tusk
|-damage|p1a: Great Tusk|3/100
|-damage|p2a: Houndstone|12/100|[from] item: Rocky Helmet|[of] p1a: Great Tusk
|
|upkeep
|turn|26
|inactive|TribalRaq has 120 seconds left.
|
|t:|1743866660
|switch|p2a: Kilowattrel|Kilowattrel, M|100/100
|move|p1a: Great Tusk|Headlong Rush|p2a: Kilowattrel
|-immune|p2a: Kilowattrel
|
|upkeep
|turn|27
|inactive|TribalRaq has 120 seconds left.
|
|t:|1743866668
|switch|p2a: Garganacl|Garganacl, F, tera:Ghost|13/100
|-damage|p2a: Garganacl|1/100|[from] Stealth Rock
|move|p1a: Great Tusk|Ice Spinner|p2a: Garganacl
|-damage|p2a: Garganacl|0 fnt
|faint|p2a: Garganacl
|
|upkeep
|
|t:|1743866676
|switch|p2a: Houndstone|Houndstone, M|12/100
|-damage|p2a: Houndstone|0 fnt|[from] Stealth Rock
|faint|p2a: Houndstone
|-message|Lic21b034 forfeited.
|
|win|TribalRaq
|raw|TribalRaq's rating: 1186 &rarr; <strong>1214</strong><br />(+28 for winning)
|raw|Lic21b034's rating: 1229 &rarr; <strong>1201</strong><br />(-28 for losing)
|l|☆Lic21b034
|player|p2|
|l|☆TribalRaq
|player|p1|
