|j|☆emirkru
|j|☆sebastian.gough
|t:|1743859263
|gametype|singles
|player|p1|emirkru|alder|1068
|player|p2|sebastian.gough|benga|1090
|teamsize|p1|6
|teamsize|p2|6
|gen|9
|tier|[Gen 9] OU
|rated|
|rule|HP Percentage Mod: HP is shown in percentages
|rule|Endless Battle Clause: Forcing endless battles is banned
|rule|Species Clause: Limit one of each Pokémon
|rule|OHKO Clause: OHKO moves are banned
|rule|Evasion Items Clause: Evasion items are banned
|rule|Evasion Moves Clause: Evasion moves are banned
|rule|Sleep Moves Clause: Sleep-inducing moves are banned
|clearpoke
|poke|p1|Naclstack, M|
|poke|p1|Thundurus-Therian, M|
|poke|p1|Araquanid, M|
|poke|p1|Chandelure, F|
|poke|p1|Lilligant-Hisui, F|
|poke|p1|Torkoal, M|
|poke|p2|Greninja-*, M|
|poke|p2|Jolteon, M|
|poke|p2|Landorus-Therian, M|
|poke|p2|Zamazenta-*|
|poke|p2|Clodsire, M|
|poke|p2|Iron Crown|
|teampreview
|
|t:|1743859273
|start
|switch|p1a: Thundurus|Thundurus-Therian, M|100/100
|switch|p2a: Landorus|Landorus-Therian, M|100/100
|-ability|p2a: Landorus|Intimidate|boost
|-unboost|p1a: Thundurus|atk|1
|turn|1
|
|t:|1743859283
|move|p1a: Thundurus|Grass Knot|p2a: Landorus
|-crit|p2a: Landorus
|-damage|p2a: Landorus|21/100
|-damage|p1a: Thundurus|84/100|[from] item: Rocky Helmet|[of] p2a: Landorus
|move|p2a: Landorus|Stealth Rock|p1a: Thundurus
|-sidestart|p1: emirkru|move: Stealth Rock
|
|upkeep
|turn|2
|
|t:|1743859294
|move|p1a: Thundurus|Grass Knot|p2a: Landorus
|-damage|p2a: Landorus|0 fnt
|-damage|p1a: Thundurus|68/100|[from] item: Rocky Helmet|[of] p2a: Landorus
|faint|p2a: Landorus
|
|upkeep
|
|t:|1743859302
|switch|p2a: the fabulous ninja|Greninja, M|100/100
|turn|3
|
|t:|1743859322
|switch|p2a: Jolteon|Jolteon, M|100/100
|-item|p2a: Jolteon|Air Balloon
|switch|p1a: Araquanid|Araquanid, M, shiny|100/100
|-damage|p1a: Araquanid|76/100|[from] Stealth Rock
|
|-heal|p1a: Araquanid|82/100|[from] item: Leftovers
|upkeep
|turn|4
|
|t:|1743859334
|move|p1a: Araquanid|Protect|p1a: Araquanid
|-singleturn|p1a: Araquanid|Protect
|move|p2a: Jolteon|Thunderbolt|p1a: Araquanid
|-activate|p1a: Araquanid|move: Protect
|
|-heal|p1a: Araquanid|88/100|[from] item: Leftovers
|upkeep
|turn|5
|
|t:|1743859344
|switch|p1a: Thundurus|Thundurus-Therian, M|68/100
|-damage|p1a: Thundurus|43/100|[from] Stealth Rock
|move|p2a: Jolteon|Thunderbolt|p1a: Thundurus
|-heal|p1a: Thundurus|68/100|[from] ability: Volt Absorb|[of] p2a: Jolteon
|
|upkeep
|turn|6
|
|t:|1743859357
|move|p2a: Jolteon|Shadow Ball|p1a: Thundurus
|-damage|p1a: Thundurus|34/100
|move|p1a: Thundurus|Sludge Wave|p2a: Jolteon
|-damage|p2a: Jolteon|32/100
|-enditem|p2a: Jolteon|Air Balloon
|
|upkeep
|turn|7
|
|t:|1743859364
|switch|p1a: MC Frog|Naclstack, M|100/100
|-damage|p1a: MC Frog|88/100|[from] Stealth Rock
|move|p2a: Jolteon|Shadow Ball|p1a: MC Frog
|-damage|p1a: MC Frog|81/100
|
|upkeep
|turn|8
|
|t:|1743859373
|move|p2a: Jolteon|Thunderbolt|p1a: MC Frog
|-damage|p1a: MC Frog|54/100
|move|p1a: MC Frog|Salt Cure|p2a: Jolteon
|-damage|p2a: Jolteon|17/100
|-start|p2a: Jolteon|Salt Cure
|
|-damage|p2a: Jolteon|4/100|[from] Salt Cure
|upkeep
|turn|9
|
|t:|1743859383
|move|p1a: MC Frog|Protect|p1a: MC Frog
|-singleturn|p1a: MC Frog|Protect
|move|p2a: Jolteon|Shadow Ball|p1a: MC Frog
|-activate|p1a: MC Frog|move: Protect
|
|-damage|p2a: Jolteon|0 fnt|[from] Salt Cure
|faint|p2a: Jolteon
|upkeep
|
|t:|1743859392
|switch|p2a: Zamazenta|Zamazenta|100/100
|-ability|p2a: Zamazenta|Dauntless Shield|boost
|-boost|p2a: Zamazenta|def|1
|turn|10
|
|t:|1743859400
|-terastallize|p1a: MC Frog|Fighting
|move|p2a: Zamazenta|Body Press|p1a: MC Frog
|-damage|p1a: MC Frog|8/100
|move|p1a: MC Frog|Salt Cure|p2a: Zamazenta
|-resisted|p2a: Zamazenta
|-damage|p2a: Zamazenta|98/100
|-start|p2a: Zamazenta|Salt Cure
|
|-damage|p2a: Zamazenta|86/100|[from] Salt Cure
|upkeep
|turn|11
|
|t:|1743859411
|move|p1a: MC Frog|Protect|p1a: MC Frog
|-singleturn|p1a: MC Frog|Protect
|move|p2a: Zamazenta|Psychic Fangs|p1a: MC Frog
|-activate|p1a: MC Frog|move: Protect
|
|-damage|p2a: Zamazenta|74/100|[from] Salt Cure
|upkeep
|turn|12
|
|t:|1743859429
|switch|p1a: Araquanid|Araquanid, M, shiny|88/100
|-damage|p1a: Araquanid|63/100|[from] Stealth Rock
|move|p2a: Zamazenta|Psychic Fangs|p1a: Araquanid
|-damage|p1a: Araquanid|39/100
|
|-heal|p1a: Araquanid|45/100|[from] item: Leftovers
|-damage|p2a: Zamazenta|61/100|[from] Salt Cure
|upkeep
|turn|13
|
|t:|1743859439
|move|p2a: Zamazenta|Iron Defense|p2a: Zamazenta
|-boost|p2a: Zamazenta|def|2
|move|p1a: Araquanid|Sticky Web|p2a: Zamazenta
|-sidestart|p2: sebastian.gough|move: Sticky Web
|
|-heal|p1a: Araquanid|51/100|[from] item: Leftovers
|-damage|p2a: Zamazenta|49/100|[from] Salt Cure
|upkeep
|turn|14
|
|t:|1743859449
|move|p1a: Araquanid|Protect|p1a: Araquanid
|-singleturn|p1a: Araquanid|Protect
|move|p2a: Zamazenta|Body Press|p1a: Araquanid
|-activate|p1a: Araquanid|move: Protect
|
|-heal|p1a: Araquanid|57/100|[from] item: Leftovers
|-damage|p2a: Zamazenta|37/100|[from] Salt Cure
|upkeep
|turn|15
|
|t:|1743859460
|move|p2a: Zamazenta|Body Press|p1a: Araquanid
|-resisted|p1a: Araquanid
|-damage|p1a: Araquanid|0 fnt
|faint|p1a: Araquanid
|
|-damage|p2a: Zamazenta|24/100|[from] Salt Cure
|upkeep
|
|t:|1743859467
|switch|p1a: Torkoal|Torkoal, M|100/100
|-damage|p1a: Torkoal|76/100|[from] Stealth Rock
|-weather|SunnyDay|[from] ability: Drought|[of] p1a: Torkoal
|turn|16
|
|t:|1743859475
|move|p2a: Zamazenta|Body Press|p1a: Torkoal
|-damage|p1a: Torkoal|0 fnt
|faint|p1a: Torkoal
|
|-weather|SunnyDay|[upkeep]
|-damage|p2a: Zamazenta|12/100|[from] Salt Cure
|upkeep
|
|t:|1743859485
|switch|p1a: Lilligant|Lilligant-Hisui, F, shiny|100/100
|-damage|p1a: Lilligant|94/100|[from] Stealth Rock
|turn|17
|
|t:|1743859495
|move|p1a: Lilligant|Solar Blade||[still]
|-prepare|p1a: Lilligant|Solar Blade
|-anim|p1a: Lilligant|Solar Blade|p2a: Zamazenta
|-damage|p2a: Zamazenta|0 fnt
|faint|p2a: Zamazenta
|
|-weather|SunnyDay|[upkeep]
|upkeep
|
|t:|1743859504
|switch|p2a: Iron Crown|Iron Crown|100/100
|-activate|p2a: Iron Crown|move: Sticky Web
|-unboost|p2a: Iron Crown|spe|1
|-enditem|p2a: Iron Crown|Booster Energy
|-activate|p2a: Iron Crown|ability: Quark Drive|[fromitem]
|-start|p2a: Iron Crown|quarkdrivespa
|turn|18
|
|t:|1743859523
|move|p1a: Lilligant|Close Combat|p2a: Iron Crown
|-damage|p2a: Iron Crown|41/100
|-unboost|p1a: Lilligant|def|1
|-unboost|p1a: Lilligant|spd|1
|move|p2a: Iron Crown|Tachyon Cutter|p1a: Lilligant
|-damage|p1a: Lilligant|20/100
|-damage|p1a: Lilligant|0 fnt
|faint|p1a: Lilligant
|-hitcount|p1: Lilligant|2
|
|-weather|SunnyDay|[upkeep]
|upkeep
|
|t:|1743859526
|switch|p1a: Chandelure|Chandelure, F|100/100
|-damage|p1a: Chandelure|76/100|[from] Stealth Rock
|turn|19
|
|t:|1743859540
|move|p1a: Chandelure|Flamethrower|p2a: Iron Crown
|-supereffective|p2a: Iron Crown
|-damage|p2a: Iron Crown|0 fnt
|faint|p2a: Iron Crown
|-end|p2a: Iron Crown|Quark Drive|[silent]
|
|-weather|SunnyDay|[upkeep]
|upkeep
|
|t:|1743859546
|switch|p2a: the fabulous ninja|Greninja, M|100/100
|-activate|p2a: the fabulous ninja|move: Sticky Web
|-unboost|p2a: the fabulous ninja|spe|1
|turn|20
|
|t:|1743859555
|switch|p1a: MC Frog|Naclstack, M, tera:Fighting|8/100
|-damage|p1a: MC Frog|2/100|[from] Stealth Rock
|-terastallize|p2a: the fabulous ninja|Ground
|move|p2a: the fabulous ninja|Surf|p1a: MC Frog
|-damage|p1a: MC Frog|0 fnt
|faint|p1a: MC Frog
|-ability|p2a: the fabulous ninja|Battle Bond|boost
|-boost|p2a: the fabulous ninja|atk|1
|-boost|p2a: the fabulous ninja|spa|1
|-boost|p2a: the fabulous ninja|spe|1
|-activate|p2a: the fabulous ninja|ability: Battle Bond
|
|-weather|none
|upkeep
|
|t:|1743859566
|switch|p1a: Chandelure|Chandelure, F|76/100
|-damage|p1a: Chandelure|51/100|[from] Stealth Rock
|turn|21
|
|t:|1743859571
|move|p1a: Chandelure|Energy Ball|p2a: the fabulous ninja
|-supereffective|p2a: the fabulous ninja
|-damage|p2a: the fabulous ninja|0 fnt
|faint|p2a: the fabulous ninja
|
|upkeep
|
|t:|1743859576
|switch|p2a: Clodsire|Clodsire, M|100/100
|turn|22
|
|t:|1743859582
|move|p1a: Chandelure|Energy Ball|p2a: Clodsire
|-damage|p2a: Clodsire|82/100
|move|p2a: Clodsire|Toxic|p1a: Chandelure
|-status|p1a: Chandelure|tox
|
|-damage|p1a: Chandelure|45/100 tox|[from] psn
|upkeep
|turn|23
|
|t:|1743859590
|switch|p1a: Thundurus|Thundurus-Therian, M|34/100
|-damage|p1a: Thundurus|10/100|[from] Stealth Rock
|move|p2a: Clodsire|Earthquake|p1a: Thundurus
|-immune|p1a: Thundurus
|
|upkeep
|turn|24
|
|t:|1743859598
|move|p1a: Thundurus|Grass Knot|p2a: Clodsire
|-damage|p2a: Clodsire|47/100
|-status|p1a: Thundurus|psn|[from] ability: Poison Point|[of] p2a: Clodsire
|move|p2a: Clodsire|Toxic||[still]
|-fail|p2a: Clodsire
|
|-damage|p1a: Thundurus|0 fnt|[from] psn
|faint|p1a: Thundurus
|upkeep
|
|t:|1743859605
|switch|p1a: Chandelure|Chandelure, F|45/100 tox
|-damage|p1a: Chandelure|20/100 tox|[from] Stealth Rock
|turn|25
|
|t:|1743859610
|move|p1a: Chandelure|Overheat|p2a: Clodsire
|-damage|p2a: Clodsire|10/100
|-unboost|p1a: Chandelure|spa|2
|move|p2a: Clodsire|Earthquake|p1a: Chandelure
|-supereffective|p1a: Chandelure
|-damage|p1a: Chandelure|0 fnt
|faint|p1a: Chandelure
|
|win|sebastian.gough
|raw|emirkru's rating: 1068 &rarr; <strong>1049</strong><br />(-19 for losing)
|raw|sebastian.gough's rating: 1090 &rarr; <strong>1115</strong><br />(+25 for winning)
|l|☆emirkru
|player|p1|
|l|☆sebastian.gough
|player|p2|
