|j|☆Scizorag
|j|☆ExciveMaster
|t:|1743819454
|gametype|singles
|player|p1|Scizorag|red|1130
|player|p2|ExciveMaster|misty|1151
|teamsize|p1|6
|teamsize|p2|6
|gen|9
|tier|[Gen 9] OU
|rated|
|rule|HP Percentage Mod: HP is shown in percentages
|rule|Endless Battle Clause: Forcing endless battles is banned
|rule|Species Clause: Limit one of each Pokémon
|rule|OHKO Clause: OHKO moves are banned
|rule|Evasion Items Clause: Evasion items are banned
|rule|Evasion Moves Clause: Evasion moves are banned
|rule|Sleep Moves Clause: Sleep-inducing moves are banned
|clearpoke
|poke|p1|Kyurem|
|poke|p1|Gliscor, F|
|poke|p1|Conkeldurr, M|
|poke|p1|Iron Valiant|
|poke|p1|Samurott-Hisui, M|
|poke|p1|Raging Bolt|
|poke|p2|Smeargle, F|
|poke|p2|Bisharp, F|
|poke|p2|Milotic, M|
|poke|p2|Empoleon, F|
|poke|p2|Cinderace, M|
|poke|p2|Ogerpon, F|
|teampreview
|inactive|Battle timer is ON: inactive players will automatically lose when time's up. (requested by ExciveMaster)
|
|t:|1743819462
|start
|switch|p1a: Gliscor|Gliscor, F|100/100
|switch|p2a: Smeargle|Smeargle, F|100/100
|turn|1
|
|t:|1743819469
|move|p2a: Smeargle|Will-O-Wisp|p1a: Gliscor
|-status|p1a: Gliscor|brn
|move|p1a: Gliscor|Stealth Rock|p2a: Smeargle
|-sidestart|p2: ExciveMaster|move: Stealth Rock
|
|-damage|p1a: Gliscor|94/100 brn|[from] brn
|upkeep
|turn|2
|
|t:|1743819477
|move|p2a: Smeargle|Sticky Web|p1a: Gliscor
|-sidestart|p1: Scizorag|move: Sticky Web
|move|p1a: Gliscor|Toxic|p2a: Smeargle
|-status|p2a: Smeargle|tox
|
|-damage|p2a: Smeargle|95/100 tox|[from] psn
|-damage|p1a: Gliscor|88/100 brn|[from] brn
|upkeep
|turn|3
|
|t:|1743819486
|switch|p1a: Conkeldurr|Conkeldurr, M|100/100
|-activate|p1a: Conkeldurr|move: Sticky Web
|-unboost|p1a: Conkeldurr|spe|1
|move|p2a: Smeargle|Court Change|p2a: Smeargle
|-swapsideconditions
|-activate|p2a: Smeargle|move: Court Change
|
|-damage|p2a: Smeargle|83/100 tox|[from] psn
|upkeep
|turn|4
|
|t:|1743819507
|move|p2a: Smeargle|Sticky Web|p1a: Conkeldurr
|-sidestart|p1: Scizorag|move: Sticky Web
|move|p1a: Conkeldurr|Defog|p2a: Smeargle
|-unboost|p2a: Smeargle|evasion|1
|-sideend|p2: ExciveMaster|Sticky Web|[from] move: Defog|[of] p1a: Conkeldurr
|-sideend|p1: Scizorag|Stealth Rock|[from] move: Defog|[of] p1a: Conkeldurr
|-sideend|p1: Scizorag|Sticky Web|[from] move: Defog|[of] p1a: Conkeldurr
|
|-damage|p2a: Smeargle|65/100 tox|[from] psn
|upkeep
|turn|5
|
|t:|1743819515
|move|p1a: Conkeldurr|Mach Punch|p2a: Smeargle
|-supereffective|p2a: Smeargle
|-damage|p2a: Smeargle|0 fnt
|faint|p2a: Smeargle
|
|upkeep
|-message|ExciveMaster forfeited.
|
|win|Scizorag
|raw|Scizorag's rating: 1130 &rarr; <strong>1157</strong><br />(+27 for winning)
|raw|ExciveMaster's rating: 1151 &rarr; <strong>1124</strong><br />(-27 for losing)
|l|☆ExciveMaster
|player|p2|
