|j|☆QB1K
|j|☆Thenix12
|t:|1743936000
|gametype|singles
|player|p1|QB1K|winona|1331
|player|p2|Thenix12|nurse|1353
|teamsize|p1|6
|teamsize|p2|6
|gen|9
|tier|[Gen 9] OU
|rated|
|rule|HP Percentage Mod: HP is shown in percentages
|rule|Endless Battle Clause: Forcing endless battles is banned
|rule|Species Clause: Limit one of each Pokémon
|rule|OHKO Clause: OHKO moves are banned
|rule|Evasion Items Clause: Evasion items are banned
|rule|Evasion Moves Clause: Evasion moves are banned
|rule|Sleep Moves Clause: Sleep-inducing moves are banned
|clearpoke
|poke|p1|Tyranitar, M|
|poke|p1|Excadrill, M|
|poke|p1|Zamazenta-*|
|poke|p1|Ogerpon-Wellspring, F|
|poke|p1|Moltres|
|poke|p1|Primarina, F|
|poke|p2|Emboar, M|
|poke|p2|Cinccino, F|
|poke|p2|Hydrapple, F|
|poke|p2|Iron Crown|
|poke|p2|Basculin-Blue-Striped, M|
|poke|p2|Clodsire, F|
|teampreview
|inactive|Battle timer is ON: inactive players will automatically lose when time's up. (requested by QB1K)
|inactive|Thenix12 has 120 seconds left.
|
|t:|1743936053
|start
|switch|p1a: Ogerpon|Ogerpon-Wellspring, F|100/100
|switch|p2a: Hydrapple|Hydrapple, F|100/100
|turn|1
|
|t:|1743936064
|move|p1a: Ogerpon|U-turn|p2a: Hydrapple
|-supereffective|p2a: Hydrapple
|-damage|p2a: Hydrapple|68/100
|-damage|p1a: Ogerpon|84/100|[from] item: Rocky Helmet|[of] p2a: Hydrapple
|
|t:|1743936068
|switch|p1a: Tyranitar|Tyranitar, M|100/100|[from] U-turn
|-weather|Sandstorm|[from] ability: Sand Stream|[of] p1a: Tyranitar
|move|p2a: Hydrapple|Body Press|p1a: Tyranitar
|-supereffective|p1a: Tyranitar
|-damage|p1a: Tyranitar|10/100
|
|-weather|Sandstorm|[upkeep]
|-damage|p2a: Hydrapple|62/100|[from] Sandstorm
|upkeep
|turn|2
|
|t:|1743936085
|switch|p1a: Moltres|Moltres|100/100
|move|p2a: Hydrapple|Giga Drain|p1a: Moltres
|-resisted|p1a: Moltres
|-damage|p1a: Moltres|93/100
|-heal|p2a: Hydrapple|65/100|[from] drain|[of] p1a: Moltres
|
|-weather|Sandstorm|[upkeep]
|-damage|p1a: Moltres|87/100|[from] Sandstorm
|-damage|p2a: Hydrapple|59/100|[from] Sandstorm
|upkeep
|turn|3
|
|t:|1743936094
|switch|p2a: Clodsire|Clodsire, F|100/100
|move|p1a: Moltres|Will-O-Wisp|p2a: Clodsire
|-status|p2a: Clodsire|brn
|
|-weather|Sandstorm|[upkeep]
|-damage|p1a: Moltres|81/100|[from] Sandstorm
|-damage|p2a: Clodsire|94/100 brn|[from] brn
|upkeep
|turn|4
|
|t:|1743936097
|move|p1a: Moltres|Flamethrower|p2a: Clodsire
|-damage|p2a: Clodsire|75/100 brn
|move|p2a: Clodsire|Toxic|p1a: Moltres
|-status|p1a: Moltres|tox
|
|-weather|Sandstorm|[upkeep]
|-damage|p1a: Moltres|75/100 tox|[from] Sandstorm
|-heal|p2a: Clodsire|81/100 brn|[from] item: Leftovers
|-damage|p1a: Moltres|69/100 tox|[from] psn
|-damage|p2a: Clodsire|75/100 brn|[from] brn
|upkeep
|turn|5
|
|t:|1743936102
|move|p1a: Moltres|U-turn|p2a: Clodsire
|-resisted|p2a: Clodsire
|-damage|p2a: Clodsire|68/100 brn
|
|t:|1743936111
|switch|p1a: Tyranitar|Tyranitar, M|10/100|[from] U-turn
|move|p2a: Clodsire|Stealth Rock|p1a: Tyranitar
|-sidestart|p1: QB1K|move: Stealth Rock
|
|-weather|Sandstorm|[upkeep]
|-heal|p2a: Clodsire|74/100 brn|[from] item: Leftovers
|-damage|p2a: Clodsire|68/100 brn|[from] brn
|upkeep
|turn|6
|
|t:|1743936118
|move|p1a: Tyranitar|Knock Off|p2a: Clodsire
|-damage|p2a: Clodsire|20/100 brn
|-enditem|p2a: Clodsire|Leftovers|[from] move: Knock Off|[of] p1a: Tyranitar
|move|p2a: Clodsire|Earthquake|p1a: Tyranitar
|-supereffective|p1a: Tyranitar
|-damage|p1a: Tyranitar|0 fnt
|faint|p1a: Tyranitar
|
|-weather|Sandstorm|[upkeep]
|-damage|p2a: Clodsire|13/100 brn|[from] brn
|upkeep
|
|t:|1743936123
|switch|p1a: Excadrill|Excadrill, M, shiny|100/100
|-damage|p1a: Excadrill|97/100|[from] Stealth Rock
|-item|p1a: Excadrill|Air Balloon
|turn|7
|
|t:|1743936130
|move|p1a: Excadrill|Rapid Spin|p2a: Clodsire
|-damage|p2a: Clodsire|0 fnt
|-boost|p1a: Excadrill|spe|1
|-sideend|p1: QB1K|Stealth Rock|[from] move: Rapid Spin|[of] p1a: Excadrill
|faint|p2a: Clodsire
|
|-weather|Sandstorm|[upkeep]
|upkeep
|
|t:|1743936134
|switch|p2a: Basculin|Basculin-Blue-Striped, M|100/100
|turn|8
|
|t:|1743936147
|switch|p1a: Moltres|Moltres|69/100 tox
|move|p2a: Basculin|Hydro Pump|p1a: Moltres|[miss]
|-miss|p2a: Basculin|p1a: Moltres
|
|-weather|none
|-damage|p1a: Moltres|63/100 tox|[from] psn
|upkeep
|turn|9
|
|t:|1743936153
|move|p2a: Basculin|Hydro Pump|p1a: Moltres
|-supereffective|p1a: Moltres
|-damage|p1a: Moltres|0 fnt
|faint|p1a: Moltres
|
|upkeep
|
|t:|1743936156
|switch|p1a: Ogerpon|Ogerpon-Wellspring, F|84/100
|turn|10
|
|t:|1743936160
|switch|p2a: Hydrapple|Hydrapple, F|93/100
|move|p1a: Ogerpon|Power Whip|p2a: Hydrapple
|-resisted|p2a: Hydrapple
|-damage|p2a: Hydrapple|83/100
|-damage|p1a: Ogerpon|67/100|[from] item: Rocky Helmet|[of] p2a: Hydrapple
|
|upkeep
|turn|11
|
|t:|1743936170
|move|p1a: Ogerpon|Knock Off|p2a: Hydrapple
|-damage|p2a: Hydrapple|60/100
|-damage|p1a: Ogerpon|51/100|[from] item: Rocky Helmet|[of] p2a: Hydrapple
|-enditem|p2a: Hydrapple|Rocky Helmet|[from] move: Knock Off|[of] p1a: Ogerpon
|move|p2a: Hydrapple|Recover|p2a: Hydrapple
|-heal|p2a: Hydrapple|100/100
|
|upkeep
|turn|12
|
|t:|1743936175
|move|p1a: Ogerpon|U-turn|p2a: Hydrapple
|-supereffective|p2a: Hydrapple
|-damage|p2a: Hydrapple|71/100
|
|t:|1743936178
|switch|p1a: Primarina|Primarina, F, shiny|100/100|[from] U-turn
|move|p2a: Hydrapple|Body Press|p1a: Primarina
|-resisted|p1a: Primarina
|-damage|p1a: Primarina|90/100
|
|upkeep
|turn|13
|
|t:|1743936199
|move|p2a: Hydrapple|Protect|p2a: Hydrapple
|-singleturn|p2a: Hydrapple|Protect
|move|p1a: Primarina|Calm Mind|p1a: Primarina
|-boost|p1a: Primarina|spa|1
|-boost|p1a: Primarina|spd|1
|
|upkeep
|turn|14
|inactive|Thenix12 has 120 seconds left.
|
|t:|1743936220
|move|p1a: Primarina|Calm Mind|p1a: Primarina
|-boost|p1a: Primarina|spa|1
|-boost|p1a: Primarina|spd|1
|move|p2a: Hydrapple|Giga Drain|p1a: Primarina
|-supereffective|p1a: Primarina
|-damage|p1a: Primarina|63/100
|-heal|p2a: Hydrapple|83/100|[from] drain|[of] p1a: Primarina
|
|upkeep
|turn|15
|
|t:|1743936226
|move|p1a: Primarina|Draining Kiss|p2a: Hydrapple
|-supereffective|p2a: Hydrapple
|-damage|p2a: Hydrapple|1/100
|-heal|p1a: Primarina|100/100|[from] drain|[of] p2a: Hydrapple
|move|p2a: Hydrapple|Giga Drain|p1a: Primarina
|-supereffective|p1a: Primarina
|-damage|p1a: Primarina|77/100
|-heal|p2a: Hydrapple|12/100|[from] drain|[of] p1a: Primarina
|
|upkeep
|turn|16
|
|t:|1743936229
|move|p1a: Primarina|Draining Kiss|p2a: Hydrapple
|-supereffective|p2a: Hydrapple
|-damage|p2a: Hydrapple|0 fnt
|-heal|p1a: Primarina|86/100|[from] drain|[of] p2a: Hydrapple
|faint|p2a: Hydrapple
|
|upkeep
|
|t:|1743936231
|switch|p2a: Cinccino|Cinccino, F|100/100
|turn|17
|
|t:|1743936235
|move|p2a: Cinccino|Bullet Seed|p1a: Primarina
|-supereffective|p1a: Primarina
|-crit|p1a: Primarina
|-damage|p1a: Primarina|61/100
|-supereffective|p1a: Primarina
|-damage|p1a: Primarina|44/100
|-supereffective|p1a: Primarina
|-damage|p1a: Primarina|27/100
|-supereffective|p1a: Primarina
|-damage|p1a: Primarina|10/100
|-hitcount|p1a: Primarina|4
|move|p1a: Primarina|Surf|p2a: Cinccino
|-damage|p2a: Cinccino|0 fnt
|faint|p2a: Cinccino
|
|upkeep
|
|t:|1743936250
|switch|p2a: Emboar|Emboar, M|100/100
|turn|18
|
|t:|1743936254
|move|p2a: Emboar|Close Combat|p1a: Primarina
|-resisted|p1a: Primarina
|-damage|p1a: Primarina|0 fnt
|-unboost|p2a: Emboar|def|1
|-unboost|p2a: Emboar|spd|1
|faint|p1a: Primarina
|
|upkeep
|
|t:|1743936258
|switch|p1a: Ogerpon|Ogerpon-Wellspring, F|51/100
|turn|19
|
|t:|1743936279
|-terastallize|p2a: Emboar|Dark
|move|p1a: Ogerpon|Ivy Cudgel|p2a: Emboar|[anim] Ivy Cudgel Water
|-damage|p2a: Emboar|0 fnt
|faint|p2a: Emboar
|
|upkeep
|
|t:|1743936285
|switch|p2a: Iron Crown|Iron Crown|100/100
|-enditem|p2a: Iron Crown|Booster Energy
|-activate|p2a: Iron Crown|ability: Quark Drive|[fromitem]
|-start|p2a: Iron Crown|quarkdrivespa
|turn|20
|
|t:|1743936298
|move|p1a: Ogerpon|Knock Off|p2a: Iron Crown
|-supereffective|p2a: Iron Crown
|-damage|p2a: Iron Crown|48/100
|move|p2a: Iron Crown|Psychic|p1a: Ogerpon
|-damage|p1a: Ogerpon|0 fnt
|faint|p1a: Ogerpon
|
|upkeep
|
|t:|1743936318
|switch|p1a: Zamazenta|Zamazenta|100/100
|-ability|p1a: Zamazenta|Dauntless Shield|boost
|-boost|p1a: Zamazenta|def|1
|turn|21
|
|t:|1743936333
|-terastallize|p1a: Zamazenta|Fire
|move|p1a: Zamazenta|Crunch|p2a: Iron Crown
|-supereffective|p2a: Iron Crown
|-damage|p2a: Iron Crown|0 fnt
|faint|p2a: Iron Crown
|-end|p2a: Iron Crown|Quark Drive|[silent]
|
|upkeep
|
|t:|1743936337
|switch|p2a: Basculin|Basculin-Blue-Striped, M|100/100
|turn|22
|
|t:|1743936340
|move|p1a: Zamazenta|Body Press|p2a: Basculin
|-damage|p2a: Basculin|1/100
|move|p2a: Basculin|Hydro Pump|p1a: Zamazenta
|-supereffective|p1a: Zamazenta
|-damage|p1a: Zamazenta|2/100
|
|-heal|p1a: Zamazenta|8/100|[from] item: Leftovers
|upkeep
|turn|23
|
|t:|1743936344
|move|p2a: Basculin|Aqua Jet|p1a: Zamazenta
|-supereffective|p1a: Zamazenta
|-damage|p1a: Zamazenta|0 fnt
|faint|p1a: Zamazenta
|
|upkeep
|
|t:|1743936348
|switch|p1a: Excadrill|Excadrill, M, shiny|97/100
|-item|p1a: Excadrill|Air Balloon
|turn|24
|
|t:|1743936353
|move|p2a: Basculin|Hydro Pump|p1a: Excadrill
|-supereffective|p1a: Excadrill
|-damage|p1a: Excadrill|0 fnt
|-enditem|p1a: Excadrill|Air Balloon
|faint|p1a: Excadrill
|
|win|Thenix12
|raw|QB1K's rating: 1331 &rarr; <strong>1312</strong><br />(-19 for losing)
|raw|Thenix12's rating: 1353 &rarr; <strong>1372</strong><br />(+19 for winning)
|c|☆Thenix12|gg
|c|☆QB1K|gg
|l|☆QB1K
|player|p1|
|l|☆Thenix12
|player|p2|
