|j|☆Mister_ttar
|j|☆SeigneurFou
|t:|1743858834
|gametype|singles
|player|p1|Mister_ttar|doctor-gen8|1657
|player|p2|SeigneurFou|169|1660
|teamsize|p1|6
|teamsize|p2|6
|gen|9
|tier|[Gen 9] OU
|rated|
|rule|HP Percentage Mod: HP is shown in percentages
|rule|Endless Battle Clause: Forcing endless battles is banned
|rule|Species Clause: Limit one of each Pokémon
|rule|OHKO Clause: OHKO moves are banned
|rule|Evasion Items Clause: Evasion items are banned
|rule|Evasion Moves Clause: Evasion moves are banned
|rule|Sleep Moves Clause: Sleep-inducing moves are banned
|clearpoke
|poke|p1|Garganacl, M|
|poke|p1|Weezing-Galar, F|
|poke|p1|Corviknight, M|
|poke|p1|Dragapult, M|
|poke|p1|Slowking-Galar, M|
|poke|p1|Samurott-Hisui, F|
|poke|p2|Pecharunt|
|poke|p2|Ting-Lu|
|poke|p2|Darkrai|
|poke|p2|Gholdengo|
|poke|p2|Dragonite, F|
|poke|p2|Zapdos|
|teampreview
|inactive|Battle timer is ON: inactive players will automatically lose when time's up. (requested by SeigneurFou)
|j| kingambit player
|
|t:|1743858856
|start
|switch|p1a: Samurott|Samurott-Hisui, F|100/100
|switch|p2a: Ting-Lu|Ting-Lu|100/100
|-ability|p2a: Ting-Lu|Vessel of Ruin
|turn|1
|
|t:|1743858866
|move|p1a: Samurott|Razor Shell|p2a: Ting-Lu
|-supereffective|p2a: Ting-Lu
|-damage|p2a: Ting-Lu|46/100
|-unboost|p2a: Ting-Lu|def|1
|move|p2a: Ting-Lu|Earthquake|p1a: Samurott
|-damage|p1a: Samurott|52/100
|
|-heal|p2a: Ting-Lu|53/100|[from] item: Leftovers
|upkeep
|turn|2
|
|t:|1743858875
|switch|p2a: Zapdos|Zapdos|100/100
|move|p1a: Samurott|Razor Shell|p2a: Zapdos
|-damage|p2a: Zapdos|52/100
|-unboost|p2a: Zapdos|def|1
|
|upkeep
|turn|3
|l| kingambit player
|
|t:|1743858881
|move|p1a: Samurott|Razor Shell|p2a: Zapdos
|-damage|p2a: Zapdos|0 fnt
|-status|p1a: Samurott|par|[from] ability: Static|[of] p2a: Zapdos
|faint|p2a: Zapdos
|
|upkeep
|
|t:|1743858896
|switch|p2a: Dragonite|Dragonite, F|100/100
|turn|4
|
|t:|1743858901
|switch|p1a: Corviknight|Corviknight, M|100/100
|-ability|p1a: Corviknight|Pressure
|move|p2a: Dragonite|Thunderbolt|p1a: Corviknight
|-supereffective|p1a: Corviknight
|-damage|p1a: Corviknight|48/100
|
|upkeep
|turn|5
|
|t:|1743858911
|switch|p2a: Ting-Lu|Ting-Lu|53/100
|-ability|p2a: Ting-Lu|Vessel of Ruin
|switch|p1a: Slowking|Slowking-Galar, M|100/100
|
|-heal|p2a: Ting-Lu|59/100|[from] item: Leftovers
|upkeep
|turn|6
|
|t:|1743858919
|switch|p1a: Corviknight|Corviknight, M|48/100
|-ability|p1a: Corviknight|Pressure
|move|p2a: Ting-Lu|Stealth Rock|p1a: Corviknight
|-sidestart|p1: Mister_ttar|move: Stealth Rock
|
|-heal|p2a: Ting-Lu|65/100|[from] item: Leftovers
|upkeep
|turn|7
|
|t:|1743858926
|switch|p2a: Gholdengo|Gholdengo|100/100
|move|p1a: Corviknight|Roost|p1a: Corviknight
|-heal|p1a: Corviknight|98/100
|-singleturn|p1a: Corviknight|move: Roost
|
|upkeep
|turn|8
|
|t:|1743858932
|switch|p1a: Slowking|Slowking-Galar, M|100/100
|-damage|p1a: Slowking|88/100|[from] Stealth Rock
|move|p2a: Gholdengo|Nasty Plot|p2a: Gholdengo
|-boost|p2a: Gholdengo|spa|2
|
|upkeep
|turn|9
|
|t:|1743858944
|-terastallize|p1a: Slowking|Water
|move|p2a: Gholdengo|Shadow Ball|p1a: Slowking
|-damage|p1a: Slowking|60/100
|move|p1a: Slowking|Flamethrower|p2a: Gholdengo
|-supereffective|p2a: Gholdengo
|-damage|p2a: Gholdengo|54/100
|
|upkeep
|turn|10
|
|t:|1743858955
|move|p2a: Gholdengo|Nasty Plot|p2a: Gholdengo
|-boost|p2a: Gholdengo|spa|2
|move|p1a: Slowking|Flamethrower|p2a: Gholdengo
|-supereffective|p2a: Gholdengo
|-damage|p2a: Gholdengo|7/100
|
|upkeep
|turn|11
|
|t:|1743858961
|move|p2a: Gholdengo|Recover|p2a: Gholdengo
|-heal|p2a: Gholdengo|57/100
|move|p1a: Slowking|Flamethrower|p2a: Gholdengo
|-supereffective|p2a: Gholdengo
|-damage|p2a: Gholdengo|9/100
|
|upkeep
|turn|12
|
|t:|1743858973
|switch|p2a: Pecharunt|Pecharunt|100/100
|move|p1a: Slowking|Flamethrower|p2a: Pecharunt
|-damage|p2a: Pecharunt|78/100
|
|upkeep
|turn|13
|j| Zeyrho
|
|t:|1743858982
|switch|p1a: Garganacl|Garganacl, M|100/100
|-damage|p1a: Garganacl|88/100|[from] Stealth Rock
|move|p2a: Pecharunt|Nasty Plot|p2a: Pecharunt
|-boost|p2a: Pecharunt|spa|2
|
|-heal|p1a: Garganacl|94/100|[from] item: Leftovers
|upkeep
|turn|14
|
|t:|1743858991
|switch|p2a: Gholdengo|Gholdengo|9/100
|move|p1a: Garganacl|Salt Cure|p2a: Gholdengo
|-resisted|p2a: Gholdengo
|-damage|p2a: Gholdengo|5/100
|
|-heal|p1a: Garganacl|100/100|[from] item: Leftovers
|upkeep
|turn|15
|
|t:|1743858998
|switch|p1a: Slowking|Slowking-Galar, M, tera:Water|94/100
|-damage|p1a: Slowking|81/100|[from] Stealth Rock
|move|p2a: Gholdengo|Recover|p2a: Gholdengo
|-heal|p2a: Gholdengo|55/100
|
|upkeep
|turn|16
|
|t:|1743859009
|switch|p2a: Ting-Lu|Ting-Lu|65/100
|-ability|p2a: Ting-Lu|Vessel of Ruin
|move|p1a: Slowking|Future Sight|p2a: Ting-Lu
|-start|p1a: Slowking|move: Future Sight
|
|-heal|p2a: Ting-Lu|71/100|[from] item: Leftovers
|upkeep
|turn|17
|
|t:|1743859016
|switch|p1a: Samurott|Samurott-Hisui, F|52/100 par
|-damage|p1a: Samurott|39/100 par|[from] Stealth Rock
|move|p2a: Ting-Lu|Spikes|p1a: Samurott
|-sidestart|p1: Mister_ttar|Spikes
|
|-heal|p2a: Ting-Lu|78/100|[from] item: Leftovers
|upkeep
|turn|18
|
|t:|1743859023
|cant|p1a: Samurott|par
|move|p2a: Ting-Lu|Earthquake|p1a: Samurott
|-damage|p1a: Samurott|0 fnt
|faint|p1a: Samurott
|
|-end|p2a: Ting-Lu|move: Future Sight
|-immune|p2a: Ting-Lu
|-heal|p2a: Ting-Lu|84/100|[from] item: Leftovers
|upkeep
|
|t:|1743859028
|switch|p1a: Dragapult|Dragapult, M|100/100
|turn|19
|j| testcolisee
|
|t:|1743859037
|move|p1a: Dragapult|Will-O-Wisp|p2a: Ting-Lu
|-status|p2a: Ting-Lu|brn
|move|p2a: Ting-Lu|Earthquake|p1a: Dragapult
|-damage|p1a: Dragapult|76/100
|
|-heal|p2a: Ting-Lu|90/100 brn|[from] item: Leftovers
|-damage|p2a: Ting-Lu|84/100 brn|[from] brn
|upkeep
|turn|20
|
|t:|1743859045
|move|p1a: Dragapult|Dragon Darts|p2a: Ting-Lu
|-damage|p2a: Ting-Lu|69/100 brn
|-anim|p1a: Dragapult|Dragon Darts|p2a: Ting-Lu
|-damage|p2a: Ting-Lu|56/100 brn
|move|p2a: Ting-Lu|Spikes|p1a: Dragapult
|-sidestart|p1: Mister_ttar|Spikes
|
|-heal|p2a: Ting-Lu|63/100 brn|[from] item: Leftovers
|-damage|p2a: Ting-Lu|56/100 brn|[from] brn
|upkeep
|turn|21
|
|t:|1743859064
|move|p1a: Dragapult|Dragon Darts|p2a: Ting-Lu
|-damage|p2a: Ting-Lu|44/100 brn
|-anim|p1a: Dragapult|Dragon Darts|p2a: Ting-Lu
|-damage|p2a: Ting-Lu|31/100 brn
|move|p2a: Ting-Lu|Earthquake|p1a: Dragapult
|-damage|p1a: Dragapult|51/100
|
|-heal|p2a: Ting-Lu|37/100 brn|[from] item: Leftovers
|-damage|p2a: Ting-Lu|31/100 brn|[from] brn
|upkeep
|turn|22
|
|t:|1743859074
|move|p1a: Dragapult|U-turn|p2a: Ting-Lu
|-supereffective|p2a: Ting-Lu
|-damage|p2a: Ting-Lu|6/100 brn
|
|t:|1743859078
|switch|p1a: Corviknight|Corviknight, M|98/100|[from] U-turn
|-damage|p1a: Corviknight|85/100|[from] Stealth Rock
|-ability|p1a: Corviknight|Pressure
|move|p2a: Ting-Lu|Earthquake|p1a: Corviknight
|-immune|p1a: Corviknight
|
|-heal|p2a: Ting-Lu|12/100 brn|[from] item: Leftovers
|-damage|p2a: Ting-Lu|6/100 brn|[from] brn
|upkeep
|turn|23
|
|t:|1743859088
|switch|p1a: Slowking|Slowking-Galar, M, tera:Water|100/100
|-damage|p1a: Slowking|88/100|[from] Stealth Rock
|-damage|p1a: Slowking|71/100|[from] Spikes
|switch|p2a: Gholdengo|Gholdengo|55/100
|
|upkeep
|turn|24
|
|t:|1743859096
|switch|p2a: Ting-Lu|Ting-Lu|6/100 brn
|-ability|p2a: Ting-Lu|Vessel of Ruin
|move|p1a: Slowking|Flamethrower|p2a: Ting-Lu
|-damage|p2a: Ting-Lu|0 fnt
|faint|p2a: Ting-Lu
|
|upkeep
|
|t:|1743859105
|switch|p2a: Dragonite|Dragonite, F|100/100
|turn|25
|
|t:|1743859109
|move|p2a: Dragonite|Thunderbolt|p1a: Slowking
|-supereffective|p1a: Slowking
|-damage|p1a: Slowking|45/100
|-status|p1a: Slowking|par
|cant|p1a: Slowking|par
|
|upkeep
|turn|26
|
|t:|1743859116
|move|p2a: Dragonite|Thunderbolt|p1a: Slowking
|-supereffective|p1a: Slowking
|-damage|p1a: Slowking|20/100 par
|move|p1a: Slowking|Sludge Bomb|p2a: Dragonite
|-damage|p2a: Dragonite|85/100
|
|upkeep
|turn|27
|
|t:|1743859122
|switch|p1a: Garganacl|Garganacl, M|100/100
|-damage|p1a: Garganacl|88/100|[from] Stealth Rock
|-damage|p1a: Garganacl|72/100|[from] Spikes
|move|p2a: Dragonite|Thunderbolt|p1a: Garganacl
|-damage|p1a: Garganacl|51/100
|
|-heal|p1a: Garganacl|57/100|[from] item: Leftovers
|upkeep
|turn|28
|
|t:|1743859132
|switch|p2a: Gholdengo|Gholdengo|55/100
|move|p1a: Garganacl|Stealth Rock|p2a: Gholdengo
|-sidestart|p2: SeigneurFou|move: Stealth Rock
|
|-heal|p1a: Garganacl|64/100|[from] item: Leftovers
|upkeep
|turn|29
|
|t:|1743859137
|switch|p1a: Corviknight|Corviknight, M|85/100
|-damage|p1a: Corviknight|73/100|[from] Stealth Rock
|-ability|p1a: Corviknight|Pressure
|move|p2a: Gholdengo|Recover|p2a: Gholdengo
|-heal|p2a: Gholdengo|100/100
|
|upkeep
|turn|30
|
|t:|1743859149
|switch|p1a: Slowking|Slowking-Galar, M, tera:Water|53/100 par
|-damage|p1a: Slowking|40/100 par|[from] Stealth Rock
|-damage|p1a: Slowking|24/100 par|[from] Spikes
|move|p2a: Gholdengo|Nasty Plot|p2a: Gholdengo
|-boost|p2a: Gholdengo|spa|2
|
|upkeep
|turn|31
|
|t:|1743859157
|switch|p1a: Corviknight|Corviknight, M|73/100
|-damage|p1a: Corviknight|60/100|[from] Stealth Rock
|-ability|p1a: Corviknight|Pressure
|move|p2a: Gholdengo|Shadow Ball|p1a: Corviknight
|-damage|p1a: Corviknight|0 fnt
|faint|p1a: Corviknight
|
|upkeep
|
|t:|1743859159
|switch|p1a: Dragapult|Dragapult, M|51/100
|turn|32
|
|t:|1743859172
|-terastallize|p2a: Gholdengo|Fighting
|move|p1a: Dragapult|Hex|p2a: Gholdengo
|-damage|p2a: Gholdengo|78/100
|move|p2a: Gholdengo|Shadow Ball|p1a: Dragapult
|-supereffective|p1a: Dragapult
|-damage|p1a: Dragapult|0 fnt
|faint|p1a: Dragapult
|
|upkeep
|
|t:|1743859177
|switch|p1a: Weezing|Weezing-Galar, F|100/100
|-ability|p1a: Weezing|Neutralizing Gas
|turn|33
|
|t:|1743859192
|move|p2a: Gholdengo|Shadow Ball|p1a: Weezing
|-damage|p1a: Weezing|7/100
|move|p1a: Weezing|Strange Steam|p2a: Gholdengo
|-supereffective|p2a: Gholdengo
|-damage|p2a: Gholdengo|26/100
|
|upkeep
|turn|34
|
|t:|1743859199
|move|p2a: Gholdengo|Shadow Ball|p1a: Weezing
|-damage|p1a: Weezing|0 fnt
|faint|p1a: Weezing
|-end|p1a: Weezing|ability: Neutralizing Gas
|
|upkeep
|-message|Mister_ttar forfeited.
|
|win|SeigneurFou
|raw|Mister_ttar's rating: 1657 &rarr; <strong>1637</strong><br />(-20 for losing)
|raw|SeigneurFou's rating: 1660 &rarr; <strong>1680</strong><br />(+20 for winning)
|l|☆Mister_ttar
|player|p1|
|l|☆SeigneurFou
|player|p2|
|l| Zeyrho
