|j|☆Gaucho Amigo
|j|☆testskayo
|t:|1743936696
|gametype|singles
|player|p1|Gaucho Amigo|officer-gen2|1540
|player|p2|testskayo|169|1518
|teamsize|p1|6
|teamsize|p2|6
|gen|9
|tier|[Gen 9] OU
|rated|
|rule|HP Percentage Mod: HP is shown in percentages
|rule|Endless Battle Clause: Forcing endless battles is banned
|rule|Species Clause: Limit one of each Pokémon
|rule|OHKO Clause: OHKO moves are banned
|rule|Evasion Items Clause: Evasion items are banned
|rule|Evasion Moves Clause: Evasion moves are banned
|rule|Sleep Moves Clause: Sleep-inducing moves are banned
|clearpoke
|poke|p1|Ninetales, F|
|poke|p1|Walking Wake|
|poke|p1|Ceruledge, M|
|poke|p1|Venusaur, F|
|poke|p1|Great Tusk|
|poke|p1|Hatterene, F|
|poke|p2|Samurott-Hisui, F|
|poke|p2|Rillaboom, M|
|poke|p2|Garchomp, M|
|poke|p2|Gholdengo|
|poke|p2|Slowking-Galar, F|
|poke|p2|Serperior, M|
|teampreview
|inactive|Battle timer is ON: inactive players will automatically lose when time's up. (requested by testskayo)
|
|t:|1743936716
|start
|switch|p1a: Ninetales|Ninetales, F, shiny|100/100
|switch|p2a: Slowking|Slowking-Galar, F|100/100
|-weather|SunnyDay|[from] ability: Drought|[of] p1a: Ninetales
|turn|1
|
|t:|1743936736
|move|p1a: Ninetales|Will-O-Wisp|p2a: Slowking
|-status|p2a: Slowking|brn
|-prepare|p2a: Slowking|Chilly Reception|[premajor]
|move|p2a: Slowking|Chilly Reception|p2a: Slowking
|-weather|Snowscape
|inactive|testskayo has 120 seconds left.
|
|t:|1743936778
|switch|p2a: Samurott|Samurott-Hisui, F|100/100|[from] Chilly Reception
|
|-weather|Snowscape|[upkeep]
|upkeep
|turn|2
|
|t:|1743936787
|move|p1a: Ninetales|Will-O-Wisp|p2a: Samurott
|-status|p2a: Samurott|brn
|move|p2a: Samurott|Razor Shell|p1a: Ninetales
|-supereffective|p1a: Ninetales
|-damage|p1a: Ninetales|31/100
|
|-weather|Snowscape|[upkeep]
|-damage|p2a: Samurott|94/100 brn|[from] brn
|upkeep
|turn|3
|inactive|testskayo has 120 seconds left.
|
|t:|1743936795
|switch|p1a: Venusaur|Venusaur, F|100/100
|move|p2a: Samurott|Ceaseless Edge|p1a: Venusaur
|-damage|p1a: Venusaur|69/100
|-sidestart|p1: Gaucho Amigo|Spikes
|
|-weather|Snowscape|[upkeep]
|-heal|p2a: Samurott|100/100 brn|[from] item: Leftovers
|-damage|p2a: Samurott|94/100 brn|[from] brn
|upkeep
|turn|4
|
|t:|1743936806
|switch|p1a: Great Tusk|Great Tusk|100/100
|-damage|p1a: Great Tusk|88/100|[from] Spikes
|-enditem|p1a: Great Tusk|Booster Energy
|-activate|p1a: Great Tusk|ability: Protosynthesis|[fromitem]
|-start|p1a: Great Tusk|protosynthesisspe
|switch|p2a: Slowking|Slowking-Galar, F|100/100 brn
|
|-weather|Snowscape|[upkeep]
|-damage|p2a: Slowking|94/100 brn|[from] brn
|upkeep
|turn|5
|
|t:|1743936816
|switch|p2a: Garchomp|Garchomp, M|100/100
|move|p1a: Great Tusk|Ice Spinner|p2a: Garchomp
|-supereffective|p2a: Garchomp
|-damage|p2a: Garchomp|39/100
|-damage|p1a: Great Tusk|76/100|[from] ability: Rough Skin|[of] p2a: Garchomp
|-damage|p1a: Great Tusk|59/100|[from] item: Rocky Helmet|[of] p2a: Garchomp
|
|-weather|none
|upkeep
|turn|6
|j| Dark in the Wolves
|l| Dark in the Wolves
|
|t:|1743936835
|switch|p2a: Rillaboom|Rillaboom, M|100/100
|-fieldstart|move: Grassy Terrain|[from] ability: Grassy Surge|[of] p2a: Rillaboom
|move|p1a: Great Tusk|Rapid Spin|p2a: Rillaboom
|-damage|p2a: Rillaboom|86/100
|-boost|p1a: Great Tusk|spe|1
|-sideend|p1: Gaucho Amigo|Spikes|[from] move: Rapid Spin|[of] p1a: Great Tusk
|
|-heal|p1a: Great Tusk|65/100|[from] Grassy Terrain
|-heal|p2a: Rillaboom|92/100|[from] Grassy Terrain
|upkeep
|turn|7
|j| Sanesa8724
|inactive|Gaucho Amigo has 120 seconds left.
|
|t:|1743936868
|-end|p1a: Great Tusk|Protosynthesis|[silent]
|switch|p1a: Hatterene|Hatterene, F|100/100
|move|p2a: Rillaboom|Grassy Glide|p1a: Hatterene
|-damage|p1a: Hatterene|45/100
|-enditem|p1a: Hatterene|Eject Button
|
|t:|1743936871
|switch|p1a: Ninetales|Ninetales, F, shiny|31/100
|-weather|SunnyDay|[from] ability: Drought|[of] p1a: Ninetales
|
|-weather|SunnyDay|[upkeep]
|-heal|p1a: Ninetales|37/100|[from] Grassy Terrain
|-heal|p2a: Rillaboom|98/100|[from] Grassy Terrain
|upkeep
|turn|8
|inactive|Gaucho Amigo has 120 seconds left.
|inactive|testskayo has 120 seconds left.
|l| Sanesa8724
|
|t:|1743936901
|switch|p1a: Venusaur|Venusaur, F|69/100
|-terastallize|p2a: Rillaboom|Grass
|move|p2a: Rillaboom|Grassy Glide|p1a: Venusaur
|-resisted|p1a: Venusaur
|-damage|p1a: Venusaur|41/100
|
|-weather|SunnyDay|[upkeep]
|-heal|p1a: Venusaur|47/100|[from] Grassy Terrain
|-heal|p2a: Rillaboom|100/100|[from] Grassy Terrain
|upkeep
|turn|9
|inactive|Gaucho Amigo has 120 seconds left.
|
|t:|1743936927
|switch|p2a: Slowking|Slowking-Galar, F|100/100 brn
|move|p1a: Venusaur|Growth|p1a: Venusaur
|-boost|p1a: Venusaur|atk|2
|-boost|p1a: Venusaur|spa|2
|
|-weather|SunnyDay|[upkeep]
|-heal|p1a: Venusaur|53/100|[from] Grassy Terrain
|-damage|p2a: Slowking|94/100 brn|[from] brn
|upkeep
|turn|10
|
|t:|1743936934
|-terastallize|p1a: Venusaur|Fire
|move|p1a: Venusaur|Weather Ball|p2a: Slowking
|-damage|p2a: Slowking|0 fnt
|faint|p2a: Slowking
|-damage|p1a: Venusaur|43/100|[from] item: Life Orb
|
|-weather|SunnyDay|[upkeep]
|-heal|p1a: Venusaur|49/100|[from] Grassy Terrain
|-fieldend|move: Grassy Terrain
|upkeep
|inactive|testskayo has 90 seconds left.
|inactive|testskayo has 60 seconds left.
|
|t:|1743936986
|switch|p2a: Rillaboom|Rillaboom, M, tera:Grass|100/100
|-fieldstart|move: Grassy Terrain|[from] ability: Grassy Surge|[of] p2a: Rillaboom
|turn|11
|
|t:|1743936993
|move|p2a: Rillaboom|Grassy Glide|p1a: Venusaur
|-resisted|p1a: Venusaur
|-damage|p1a: Venusaur|0 fnt
|faint|p1a: Venusaur
|
|-weather|SunnyDay|[upkeep]
|upkeep
|inactive|Gaucho Amigo has 120 seconds left.
|
|t:|1743937031
|switch|p1a: Walking Wake|Walking Wake|100/100
|-activate|p1a: Walking Wake|ability: Protosynthesis
|-start|p1a: Walking Wake|protosynthesisspe
|turn|12
|j| CCCCold
|inactive|Gaucho Amigo has 90 seconds left.
|inactive|testskayo has 60 seconds left.
|inactive|testskayo has 30 seconds left.
|inactive|Gaucho Amigo has 60 seconds left.
|
|t:|1743937097
|switch|p2a: Garchomp|Garchomp, M|39/100
|move|p1a: Walking Wake|Hydro Steam|p2a: Garchomp
|-crit|p2a: Garchomp
|-damage|p2a: Garchomp|0 fnt
|faint|p2a: Garchomp
|
|-weather|SunnyDay|[upkeep]
|upkeep
|inactive|testskayo has 30 seconds left this turn.
|
|t:|1743937105
|switch|p2a: Samurott|Samurott-Hisui, F|94/100 brn
|turn|13
|inactive|testskayo has 30 seconds left.
|inactive|Gaucho Amigo has 60 seconds left.
|inactive|testskayo has 20 seconds left.
|inactive|testskayo has 15 seconds left.
|
|t:|1743937125
|-end|p1a: Walking Wake|Protosynthesis|[silent]
|switch|p1a: Hatterene|Hatterene, F|45/100
|move|p2a: Samurott|Ceaseless Edge|p1a: Hatterene
|-damage|p1a: Hatterene|25/100
|-sidestart|p1: Gaucho Amigo|Spikes
|
|-weather|SunnyDay|[upkeep]
|-heal|p2a: Samurott|100/100 brn|[from] Grassy Terrain
|-heal|p1a: Hatterene|31/100|[from] Grassy Terrain
|-damage|p2a: Samurott|94/100 brn|[from] brn
|upkeep
|turn|14
|inactive|testskayo has 25 seconds left this turn.
|inactive|Gaucho Amigo has 60 seconds left.
|inactive|testskayo has 20 seconds left.
|inactive|testskayo has 15 seconds left.
|l| CCCCold
|
|t:|1743937157
|switch|p2a: Gholdengo|Gholdengo|100/100
|move|p1a: Hatterene|Healing Wish|p1a: Hatterene
|faint|p1a: Hatterene
|
|-weather|none
|upkeep
|inactive|testskayo has 20 seconds left this turn.
|
|t:|1743937160
|switch|p1a: Ninetales|Ninetales, F, shiny|37/100
|-heal|p1a: Ninetales|100/100|[from] move: Healing Wish
|-damage|p1a: Ninetales|88/100|[from] Spikes
|-weather|SunnyDay|[from] ability: Drought|[of] p1a: Ninetales
|turn|15
|inactive|testskayo has 30 seconds left this turn.
|inactive|testskayo has 20 seconds left.
|
|t:|1743937171
|move|p2a: Gholdengo|Shadow Ball|p1a: Ninetales
|-crit|p1a: Ninetales
|-damage|p1a: Ninetales|25/100
|move|p1a: Ninetales|Flamethrower|p2a: Gholdengo
|-supereffective|p2a: Gholdengo
|-damage|p2a: Gholdengo|3/100
|
|-weather|SunnyDay|[upkeep]
|-heal|p2a: Gholdengo|9/100|[from] Grassy Terrain
|-heal|p1a: Ninetales|31/100|[from] Grassy Terrain
|-fieldend|move: Grassy Terrain
|upkeep
|turn|16
|inactive|testskayo has 30 seconds left this turn.
|inactive|Gaucho Amigo has 30 seconds left.
|inactive|Gaucho Amigo has 20 seconds left.
|
|t:|1743937210
|move|p2a: Gholdengo|Shadow Ball|p1a: Ninetales
|-damage|p1a: Ninetales|0 fnt
|faint|p1a: Ninetales
|
|-weather|SunnyDay|[upkeep]
|upkeep
|inactive|Gaucho Amigo has 25 seconds left this turn.
|inactive|testskayo has 30 seconds left this turn.
|inactive|Gaucho Amigo has 20 seconds left.
|
|t:|1743937217
|switch|p1a: Walking Wake|Walking Wake|100/100
|-damage|p1a: Walking Wake|88/100|[from] Spikes
|-activate|p1a: Walking Wake|ability: Protosynthesis
|-start|p1a: Walking Wake|protosynthesisspe
|turn|17
|inactive|Gaucho Amigo has 30 seconds left this turn.
|inactive|Gaucho Amigo has 20 seconds left.
|inactive|testskayo has 30 seconds left.
|inactive|Gaucho Amigo has 15 seconds left.
|inactive|Gaucho Amigo has 10 seconds left.
|inactive|Gaucho Amigo has 5 seconds left.
|
|t:|1743937244
|move|p1a: Walking Wake|Dragon Pulse|p2a: Gholdengo
|-resisted|p2a: Gholdengo
|-damage|p2a: Gholdengo|0 fnt
|faint|p2a: Gholdengo
|
|-weather|SunnyDay|[upkeep]
|upkeep
|inactive|Gaucho Amigo has 10 seconds left this turn.
|j| meeweem
|inactive|testskayo has 30 seconds left.
|inactive|testskayo has 20 seconds left.
|
|t:|1743937261
|switch|p2a: Samurott|Samurott-Hisui, F|94/100 brn
|turn|18
|inactive|Gaucho Amigo has 20 seconds left this turn.
|inactive|testskayo has 30 seconds left this turn.
|inactive|Gaucho Amigo has 15 seconds left.
|inactive|Gaucho Amigo has 10 seconds left.
|inactive|Gaucho Amigo has 5 seconds left.
|
|t:|1743937276
|-end|p1a: Walking Wake|Protosynthesis|[silent]
|switch|p1a: Great Tusk|Great Tusk|65/100
|-damage|p1a: Great Tusk|53/100|[from] Spikes
|-activate|p1a: Great Tusk|ability: Protosynthesis
|-start|p1a: Great Tusk|protosynthesisspe
|move|p2a: Samurott|Sucker Punch||[still]
|-fail|p2a: Samurott
|
|-weather|SunnyDay|[upkeep]
|-heal|p2a: Samurott|100/100 brn|[from] item: Leftovers
|-damage|p2a: Samurott|94/100 brn|[from] brn
|upkeep
|turn|19
|inactive|Gaucho Amigo has 15 seconds left this turn.
|inactive|Gaucho Amigo has 10 seconds left.
|inactive|Gaucho Amigo has 5 seconds left.
|
|t:|1743937289
|move|p1a: Great Tusk|Headlong Rush|p2a: Samurott
|-damage|p2a: Samurott|34/100 brn
|-unboost|p1a: Great Tusk|def|1
|-unboost|p1a: Great Tusk|spd|1
|move|p2a: Samurott|Ceaseless Edge|p1a: Great Tusk
|-resisted|p1a: Great Tusk
|-damage|p1a: Great Tusk|41/100
|-sidestart|p1: Gaucho Amigo|Spikes
|
|-weather|SunnyDay|[upkeep]
|-heal|p2a: Samurott|40/100 brn|[from] item: Leftovers
|-damage|p2a: Samurott|34/100 brn|[from] brn
|upkeep
|turn|20
|inactive|Gaucho Amigo has 15 seconds left this turn.
|inactive|Gaucho Amigo has 10 seconds left.
|inactive|Gaucho Amigo has 5 seconds left.
|
|t:|1743937307
|move|p1a: Great Tusk|Rapid Spin|p2a: Samurott
|-damage|p2a: Samurott|16/100 brn
|-boost|p1a: Great Tusk|spe|1
|-sideend|p1: Gaucho Amigo|Spikes|[from] move: Rapid Spin|[of] p1a: Great Tusk
|move|p2a: Samurott|Ceaseless Edge|p1a: Great Tusk
|-resisted|p1a: Great Tusk
|-damage|p1a: Great Tusk|29/100
|-sidestart|p1: Gaucho Amigo|Spikes
|
|-weather|SunnyDay|[upkeep]
|-heal|p2a: Samurott|22/100 brn|[from] item: Leftovers
|-damage|p2a: Samurott|16/100 brn|[from] brn
|upkeep
|turn|21
|inactive|Gaucho Amigo has 15 seconds left this turn.
|
|t:|1743937316
|move|p1a: Great Tusk|Rapid Spin|p2a: Samurott
|-damage|p2a: Samurott|0 fnt
|-boost|p1a: Great Tusk|spe|1
|-sideend|p1: Gaucho Amigo|Spikes|[from] move: Rapid Spin|[of] p1a: Great Tusk
|faint|p2a: Samurott
|
|-weather|SunnyDay|[upkeep]
|upkeep
|inactive|Gaucho Amigo has 20 seconds left this turn.
|
|t:|1743937320
|switch|p2a: Rillaboom|Rillaboom, M, tera:Grass|100/100
|-fieldstart|move: Grassy Terrain|[from] ability: Grassy Surge|[of] p2a: Rillaboom
|turn|22
|inactive|Gaucho Amigo has 30 seconds left this turn.
|j| hgh test
|l| hgh test
|inactive|Gaucho Amigo has 20 seconds left.
|
|t:|1743937330
|move|p2a: Rillaboom|Grassy Glide|p1a: Great Tusk
|-supereffective|p1a: Great Tusk
|-damage|p1a: Great Tusk|0 fnt
|faint|p1a: Great Tusk
|-end|p1a: Great Tusk|Protosynthesis|[silent]
|
|-weather|none
|upkeep
|inactive|Gaucho Amigo has 25 seconds left this turn.
|inactive|Gaucho Amigo has 20 seconds left.
|inactive|Gaucho Amigo has 15 seconds left.
|
|t:|1743937343
|switch|p1a: Ceruledge|Ceruledge, M|100/100
|turn|23
|inactive|Gaucho Amigo has 25 seconds left this turn.
|inactive|Gaucho Amigo has 20 seconds left.
|inactive|Gaucho Amigo has 15 seconds left.
|
|t:|1743937357
|move|p2a: Rillaboom|Grassy Glide|p1a: Ceruledge
|-resisted|p1a: Ceruledge
|-damage|p1a: Ceruledge|42/100
|-ability|p1a: Ceruledge|Weak Armor|boost
|-unboost|p1a: Ceruledge|def|1
|-boost|p1a: Ceruledge|spe|2
|move|p1a: Ceruledge|Bitter Blade|p2a: Rillaboom
|-supereffective|p2a: Rillaboom
|-damage|p2a: Rillaboom|15/100
|-heal|p1a: Ceruledge|99/100|[from] drain|[of] p2a: Rillaboom
|
|-heal|p1a: Ceruledge|100/100|[from] Grassy Terrain
|-heal|p2a: Rillaboom|21/100|[from] Grassy Terrain
|upkeep
|turn|24
|inactive|Gaucho Amigo has 25 seconds left this turn.
|inactive|Gaucho Amigo has 20 seconds left.
|
|t:|1743937363
|move|p2a: Rillaboom|Grassy Glide|p1a: Ceruledge
|-resisted|p1a: Ceruledge
|-damage|p1a: Ceruledge|22/100
|-ability|p1a: Ceruledge|Weak Armor|boost
|-unboost|p1a: Ceruledge|def|1
|-boost|p1a: Ceruledge|spe|2
|move|p1a: Ceruledge|Bitter Blade|p2a: Rillaboom
|-supereffective|p2a: Rillaboom
|-damage|p2a: Rillaboom|0 fnt
|-heal|p1a: Ceruledge|36/100|[from] drain|[of] p2a: Rillaboom
|faint|p2a: Rillaboom
|
|-heal|p1a: Ceruledge|42/100|[from] Grassy Terrain
|upkeep
|inactive|Gaucho Amigo has 25 seconds left this turn.
|
|t:|1743937366
|switch|p2a: Serperior|Serperior, M|100/100
|turn|25
|
|t:|1743937370
|move|p1a: Ceruledge|Bitter Blade|p2a: Serperior
|-supereffective|p2a: Serperior
|-damage|p2a: Serperior|0 fnt
|-heal|p1a: Ceruledge|92/100|[from] drain|[of] p2a: Serperior
|faint|p2a: Serperior
|
|win|Gaucho Amigo
|raw|Gaucho Amigo's rating: 1540 &rarr; <strong>1559</strong><br />(+19 for winning)
|raw|testskayo's rating: 1518 &rarr; <strong>1499</strong><br />(-19 for losing)
|l|☆testskayo
|player|p2|
|l|☆Gaucho Amigo
|player|p1|
