|j|☆abclsy123456789
|j|☆Succhi a Milano
|t:|1743935622
|gametype|singles
|player|p1|abclsy123456789|169|1140
|player|p2|Succhi a Milano|265|1171
|teamsize|p1|6
|teamsize|p2|6
|gen|9
|tier|[Gen 9] OU
|rated|
|rule|HP Percentage Mod: HP is shown in percentages
|rule|Endless Battle Clause: Forcing endless battles is banned
|rule|Species Clause: Limit one of each Pokémon
|rule|OHKO Clause: OHKO moves are banned
|rule|Evasion Items Clause: Evasion items are banned
|rule|Evasion Moves Clause: Evasion moves are banned
|rule|Sleep Moves Clause: Sleep-inducing moves are banned
|clearpoke
|poke|p1|Pecharunt|
|poke|p1|Dragonite, F|
|poke|p1|Zamazenta-*|
|poke|p1|Hatterene, F|
|poke|p1|Latias, F|
|poke|p1|Grimmsnarl, M|
|poke|p2|Weavile, M|
|poke|p2|Latias, F|
|poke|p2|Heatran, F|
|poke|p2|Gastrodon, F|
|poke|p2|Dusclops, F|
|poke|p2|Yanmega, M|
|teampreview
|
|t:|1743935636
|start
|switch|p1a: Grimmsnarl|Grimmsnarl, M, shiny|100/100
|switch|p2a: Gastrodon|Gastrodon, F|100/100
|turn|1
|
|t:|1743935653
|move|p1a: Grimmsnarl|Parting Shot|p2a: Gastrodon
|-unboost|p2a: Gastrodon|atk|1
|-unboost|p2a: Gastrodon|spa|1
|
|t:|1743935657
|switch|p1a: Hatterene|Hatterene, F, shiny|100/100|[from] Parting Shot
|move|p2a: Gastrodon|Hydro Pump|p1a: Hatterene
|-damage|p1a: Hatterene|68/100
|
|-heal|p1a: Hatterene|74/100|[from] item: Leftovers
|upkeep
|turn|2
|
|t:|1743935669
|switch|p2a: Heatran|Heatran, F|100/100
|move|p1a: Hatterene|Calm Mind|p1a: Hatterene
|-boost|p1a: Hatterene|spa|1
|-boost|p1a: Hatterene|spd|1
|
|-heal|p1a: Hatterene|80/100|[from] item: Leftovers
|upkeep
|turn|3
|
|t:|1743935682
|move|p2a: Heatran|Flash Cannon|p1a: Hatterene
|-supereffective|p1a: Hatterene
|-damage|p1a: Hatterene|14/100
|move|p1a: Hatterene|Mystical Fire|p2a: Heatran
|-start|p2a: Heatran|ability: Flash Fire
|
|-heal|p1a: Hatterene|20/100|[from] item: Leftovers
|upkeep
|turn|4
|
|t:|1743935696
|move|p2a: Heatran|Magma Storm|p1a: Hatterene
|-damage|p1a: Hatterene|0 fnt
|faint|p1a: Hatterene
|
|upkeep
|
|t:|1743935701
|switch|p1a: Latias|Latias, F|100/100
|turn|5
|
|t:|1743935708
|move|p1a: Latias|Surf|p2a: Heatran
|-supereffective|p2a: Heatran
|-damage|p2a: Heatran|45/100
|-damage|p1a: Latias|91/100|[from] item: Life Orb
|move|p2a: Heatran|Fire Blast|p1a: Latias
|-resisted|p1a: Latias
|-crit|p1a: Latias
|-damage|p1a: Latias|26/100
|
|-heal|p2a: Heatran|51/100|[from] item: Leftovers
|upkeep
|turn|6
|
|t:|1743935719
|-end|p2a: Heatran|ability: Flash Fire|[silent]
|switch|p2a: Gastrodon|Gastrodon, F|100/100
|move|p1a: Latias|Surf|p2a: Gastrodon
|-ability|p2a: Gastrodon|Storm Drain|boost
|-boost|p2a: Gastrodon|spa|1
|
|upkeep
|turn|7
|
|t:|1743935729
|move|p1a: Latias|Draco Meteor|p2a: Gastrodon
|-damage|p2a: Gastrodon|25/100
|-unboost|p1a: Latias|spa|2
|-damage|p1a: Latias|16/100|[from] item: Life Orb
|move|p2a: Gastrodon|Acid Armor|p2a: Gastrodon
|-boost|p2a: Gastrodon|def|2
|
|-heal|p2a: Gastrodon|31/100|[from] item: Leftovers
|upkeep
|turn|8
|
|t:|1743935740
|move|p1a: Latias|Draco Meteor|p2a: Gastrodon
|-damage|p2a: Gastrodon|0 fnt
|-unboost|p1a: Latias|spa|2
|faint|p2a: Gastrodon
|-damage|p1a: Latias|6/100|[from] item: Life Orb
|
|upkeep
|
|t:|1743935754
|switch|p2a: Weavile|Weavile, M|100/100
|turn|9
|
|t:|1743935758
|switch|p1a: Pecharunt|Pecharunt|100/100
|move|p2a: Weavile|Fake Out|p1a: Pecharunt
|-immune|p1a: Pecharunt
|
|upkeep
|turn|10
|
|t:|1743935765
|move|p2a: Weavile|Knock Off|p1a: Pecharunt
|-supereffective|p1a: Pecharunt
|-damage|p1a: Pecharunt|59/100
|-damage|p2a: Weavile|84/100|[from] item: Rocky Helmet|[of] p1a: Pecharunt
|-enditem|p1a: Pecharunt|Rocky Helmet|[from] move: Knock Off|[of] p2a: Weavile
|move|p1a: Pecharunt|Malignant Chain|p2a: Weavile
|-damage|p2a: Weavile|44/100
|
|upkeep
|turn|11
|
|t:|1743935786
|move|p2a: Weavile|Icicle Crash|p1a: Pecharunt
|-damage|p1a: Pecharunt|39/100
|move|p1a: Pecharunt|Malignant Chain|p2a: Weavile
|-damage|p2a: Weavile|3/100
|
|upkeep
|turn|12
|n|☆abclsy123456789|abclsy123456789
|
|t:|1743935795
|move|p2a: Weavile|Icicle Crash|p1a: Pecharunt
|-damage|p1a: Pecharunt|21/100
|cant|p1a: Pecharunt|flinch
|
|upkeep
|turn|13
|
|t:|1743935814
|move|p2a: Weavile|Knock Off|p1a: Pecharunt
|-supereffective|p1a: Pecharunt
|-damage|p1a: Pecharunt|0 fnt
|faint|p1a: Pecharunt
|
|upkeep
|
|t:|1743935819
|switch|p1a: Latias|Latias, F|6/100
|turn|14
|
|t:|1743935825
|move|p2a: Weavile|Knock Off|p1a: Latias
|-supereffective|p1a: Latias
|-damage|p1a: Latias|0 fnt
|-enditem|p1a: Latias|Life Orb|[from] move: Knock Off|[of] p2a: Weavile
|faint|p1a: Latias
|
|upkeep
|
|t:|1743935832
|switch|p1a: Grimmsnarl|Grimmsnarl, M, shiny|100/100
|turn|15
|
|t:|1743935836
|move|p1a: Grimmsnarl|Reflect|p1a: Grimmsnarl
|-sidestart|p1: abclsy123456789|Reflect
|move|p2a: Weavile|Icicle Crash|p1a: Grimmsnarl
|-damage|p1a: Grimmsnarl|80/100
|
|upkeep
|turn|16
|
|t:|1743935844
|move|p1a: Grimmsnarl|Light Screen|p1a: Grimmsnarl
|-sidestart|p1: abclsy123456789|move: Light Screen
|move|p2a: Weavile|Knock Off|p1a: Grimmsnarl
|-resisted|p1a: Grimmsnarl
|-damage|p1a: Grimmsnarl|75/100
|-enditem|p1a: Grimmsnarl|Light Clay|[from] move: Knock Off|[of] p2a: Weavile
|
|upkeep
|turn|17
|
|t:|1743935857
|switch|p2a: Dusclops|Dusclops, F|100/100
|move|p1a: Grimmsnarl|Parting Shot|p2a: Dusclops
|-unboost|p2a: Dusclops|atk|1
|-unboost|p2a: Dusclops|spa|1
|
|t:|1743935866
|switch|p1a: Zamazenta|Zamazenta|100/100|[from] Parting Shot
|-ability|p1a: Zamazenta|Dauntless Shield|boost
|-boost|p1a: Zamazenta|def|1
|
|upkeep
|turn|18
|
|t:|1743935872
|move|p1a: Zamazenta|Crunch|p2a: Dusclops
|-supereffective|p2a: Dusclops
|-damage|p2a: Dusclops|65/100
|move|p2a: Dusclops|Will-O-Wisp|p1a: Zamazenta|[miss]
|-miss|p2a: Dusclops|p1a: Zamazenta
|
|upkeep
|turn|19
|-message|abclsy123456789 forfeited.
|
|win|Succhi a Milano
|raw|abclsy123456789's rating: 1140 &rarr; <strong>1117</strong><br />(-23 for losing)
|raw|Succhi a Milano's rating: 1171 &rarr; <strong>1194</strong><br />(+23 for winning)
|l|☆abclsy123456789
|player|p1|
|l|☆Succhi a Milano
|player|p2|
