|j|☆54 Insane Rats
|j|☆monohue
|t:|1743814770
|gametype|singles
|player|p1|54 Insane Rats|supernerd|1730
|player|p2|monohue|scientist-gen4dp|1722
|teamsize|p1|6
|teamsize|p2|6
|gen|9
|tier|[Gen 9] OU
|rated|
|rule|HP Percentage Mod: HP is shown in percentages
|rule|Endless Battle Clause: Forcing endless battles is banned
|rule|Species Clause: Limit one of each Pokémon
|rule|OHKO Clause: OHKO moves are banned
|rule|Evasion Items Clause: Evasion items are banned
|rule|Evasion Moves Clause: Evasion moves are banned
|rule|Sleep Moves Clause: Sleep-inducing moves are banned
|clearpoke
|poke|p1|Gholdengo|
|poke|p1|Zapdos|
|poke|p1|Walking Wake|
|poke|p1|Gliscor, F|
|poke|p1|Ting-Lu|
|poke|p1|Clefable, F|
|poke|p2|Polteageist|
|poke|p2|Tinkaton, F|
|poke|p2|Hatterene, F|
|poke|p2|Infernape, M|
|poke|p2|Moltres-Galar|
|poke|p2|Zamazenta-*|
|teampreview
|inactive|Battle timer is ON: inactive players will automatically lose when time's up. (requested by 54 Insane Rats)
|c|☆monohue|aj?
|
|t:|1743814783
|start
|switch|p1a: Zapdos|Zapdos|100/100
|switch|p2a: Infernape|Infernape, M, shiny|100/100
|turn|1
|
|t:|1743814795
|switch|p2a: Tinkaton|Tinkaton, F|100/100
|-ability|p2a: Tinkaton|Mold Breaker
|move|p1a: Zapdos|Discharge|p2a: Tinkaton
|-damage|p2a: Tinkaton|71/100
|
|upkeep
|turn|2
|
|t:|1743814799
|move|p2a: Tinkaton|Knock Off|p1a: Zapdos
|-crit|p1a: Zapdos
|-damage|p1a: Zapdos|80/100
|-status|p2a: Tinkaton|par|[from] ability: Static|[of] p1a: Zapdos
|-enditem|p1a: Zapdos|Heavy-Duty Boots|[from] move: Knock Off|[of] p2a: Tinkaton
|move|p1a: Zapdos|Discharge|p2a: Tinkaton
|-damage|p2a: Tinkaton|43/100 par
|
|upkeep
|turn|3
|
|t:|1743814804
|move|p1a: Zapdos|Discharge|p2a: Tinkaton
|-damage|p2a: Tinkaton|16/100 par
|move|p2a: Tinkaton|Stealth Rock|p1a: Zapdos
|-sidestart|p1: 54 Insane Rats|move: Stealth Rock
|
|upkeep
|turn|4
|
|t:|1743814810
|move|p1a: Zapdos|Discharge|p2a: Tinkaton
|-damage|p2a: Tinkaton|0 fnt
|faint|p2a: Tinkaton
|
|upkeep
|j| spicy boii
|
|t:|1743814823
|switch|p2a: Hatterene|Hatterene, F, shiny|100/100
|turn|5
|
|t:|1743814832
|move|p1a: Zapdos|U-turn|p2a: Hatterene
|-damage|p2a: Hatterene|90/100
|
|t:|1743814833
|switch|p1a: Gliscor|Gliscor, F|100/100|[from] U-turn
|-damage|p1a: Gliscor|88/100|[from] Stealth Rock
|move|p2a: Hatterene|Calm Mind|p2a: Hatterene
|-boost|p2a: Hatterene|spa|1
|-boost|p2a: Hatterene|spd|1
|
|-heal|p2a: Hatterene|97/100|[from] item: Leftovers
|-status|p1a: Gliscor|tox|[from] item: Toxic Orb
|upkeep
|turn|6
|
|t:|1743814839
|move|p1a: Gliscor|Swords Dance|p1a: Gliscor
|-boost|p1a: Gliscor|atk|2
|move|p2a: Hatterene|Calm Mind|p2a: Hatterene
|-boost|p2a: Hatterene|spa|1
|-boost|p2a: Hatterene|spd|1
|
|-heal|p2a: Hatterene|100/100|[from] item: Leftovers
|-heal|p1a: Gliscor|100/100 tox|[from] ability: Poison Heal
|upkeep
|turn|7
|
|t:|1743814850
|-terastallize|p1a: Gliscor|Normal
|move|p1a: Gliscor|Facade|p2a: Hatterene
|-damage|p2a: Hatterene|24/100
|move|p2a: Hatterene|Draining Kiss|p1a: Gliscor
|-damage|p1a: Gliscor|58/100 tox
|-heal|p2a: Hatterene|61/100|[from] drain|[of] p1a: Gliscor
|
|-heal|p2a: Hatterene|68/100|[from] item: Leftovers
|-heal|p1a: Gliscor|70/100 tox|[from] ability: Poison Heal
|upkeep
|turn|8
|
|t:|1743814859
|switch|p2a: Polteageist|Polteageist, shiny|100/100
|move|p1a: Gliscor|Facade|p2a: Polteageist
|-immune|p2a: Polteageist
|
|-heal|p1a: Gliscor|83/100 tox|[from] ability: Poison Heal
|upkeep
|turn|9
|
|t:|1743814864
|switch|p1a: Ting-Lu|Ting-Lu|100/100
|-damage|p1a: Ting-Lu|94/100|[from] Stealth Rock
|-ability|p1a: Ting-Lu|Vessel of Ruin
|move|p2a: Polteageist|Shell Smash|p2a: Polteageist
|-unboost|p2a: Polteageist|def|1
|-unboost|p2a: Polteageist|spd|1
|-boost|p2a: Polteageist|atk|2
|-boost|p2a: Polteageist|spa|2
|-boost|p2a: Polteageist|spe|2
|
|-heal|p1a: Ting-Lu|100/100|[from] item: Leftovers
|upkeep
|turn|10
|
|t:|1743814874
|switch|p2a: Hatterene|Hatterene, F, shiny|68/100
|move|p1a: Ting-Lu|Whirlwind|p2a: Hatterene
|move|p2a: Hatterene|Whirlwind|p1a: Ting-Lu|[from] ability: Magic Bounce
|drag|p1a: Gholdengo|Gholdengo|100/100
|-damage|p1a: Gholdengo|94/100|[from] Stealth Rock
|
|-heal|p2a: Hatterene|74/100|[from] item: Leftovers
|upkeep
|turn|11
|
|t:|1743814884
|switch|p2a: Moltres|Moltres-Galar|100/100
|move|p1a: Gholdengo|Make It Rain|p2a: Moltres
|-damage|p2a: Moltres|56/100
|-unboost|p1a: Gholdengo|spa|1
|
|upkeep
|turn|12
|
|t:|1743814893
|move|p2a: Moltres|Nasty Plot|p2a: Moltres
|-boost|p2a: Moltres|spa|2
|move|p1a: Gholdengo|Thunder Wave|p2a: Moltres
|-status|p2a: Moltres|par
|
|upkeep
|turn|13
|
|t:|1743814898
|switch|p1a: Ting-Lu|Ting-Lu|100/100
|-damage|p1a: Ting-Lu|94/100|[from] Stealth Rock
|-ability|p1a: Ting-Lu|Vessel of Ruin
|cant|p2a: Moltres|par
|
|-heal|p1a: Ting-Lu|100/100|[from] item: Leftovers
|upkeep
|turn|14
|
|t:|1743814901
|move|p2a: Moltres|Air Slash|p1a: Ting-Lu
|-damage|p1a: Ting-Lu|72/100
|move|p1a: Ting-Lu|Whirlwind|p2a: Moltres
|drag|p2a: Hatterene|Hatterene, F, shiny|74/100
|
|-heal|p1a: Ting-Lu|79/100|[from] item: Leftovers
|-heal|p2a: Hatterene|80/100|[from] item: Leftovers
|upkeep
|turn|15
|
|t:|1743814907
|switch|p1a: Gliscor|Gliscor, F, tera:Normal|83/100 tox
|-damage|p1a: Gliscor|70/100 tox|[from] Stealth Rock
|move|p2a: Hatterene|Calm Mind|p2a: Hatterene
|-boost|p2a: Hatterene|spa|1
|-boost|p2a: Hatterene|spd|1
|
|-heal|p2a: Hatterene|86/100|[from] item: Leftovers
|-heal|p1a: Gliscor|83/100 tox|[from] ability: Poison Heal
|upkeep
|turn|16
|
|t:|1743814914
|move|p1a: Gliscor|Swords Dance|p1a: Gliscor
|-boost|p1a: Gliscor|atk|2
|move|p2a: Hatterene|Draining Kiss|p1a: Gliscor
|-damage|p1a: Gliscor|52/100 tox
|-heal|p2a: Hatterene|100/100|[from] drain|[of] p1a: Gliscor
|
|-heal|p1a: Gliscor|64/100 tox|[from] ability: Poison Heal
|upkeep
|turn|17
|
|t:|1743814919
|switch|p2a: Polteageist|Polteageist, shiny|100/100
|move|p1a: Gliscor|Facade|p2a: Polteageist
|-immune|p2a: Polteageist
|
|-heal|p1a: Gliscor|77/100 tox|[from] ability: Poison Heal
|upkeep
|turn|18
|
|t:|1743814925
|switch|p1a: Ting-Lu|Ting-Lu|79/100
|-damage|p1a: Ting-Lu|72/100|[from] Stealth Rock
|-ability|p1a: Ting-Lu|Vessel of Ruin
|move|p2a: Polteageist|Shell Smash|p2a: Polteageist
|-unboost|p2a: Polteageist|def|1
|-unboost|p2a: Polteageist|spd|1
|-boost|p2a: Polteageist|atk|2
|-boost|p2a: Polteageist|spa|2
|-boost|p2a: Polteageist|spe|2
|
|-heal|p1a: Ting-Lu|79/100|[from] item: Leftovers
|upkeep
|turn|19
|
|t:|1743814933
|-terastallize|p2a: Polteageist|Fighting
|move|p2a: Polteageist|Tera Blast|p1a: Ting-Lu|[anim] Tera Blast Fighting
|-supereffective|p1a: Ting-Lu
|-damage|p1a: Ting-Lu|0 fnt
|faint|p1a: Ting-Lu
|
|upkeep
|
|t:|1743814945
|switch|p1a: Clefable|Clefable, F|100/100
|turn|20
|
|t:|1743814951
|move|p2a: Polteageist|Shell Smash|p2a: Polteageist
|-unboost|p2a: Polteageist|def|1
|-unboost|p2a: Polteageist|spd|1
|-boost|p2a: Polteageist|atk|2
|-boost|p2a: Polteageist|spa|2
|-boost|p2a: Polteageist|spe|2
|move|p1a: Clefable|Moonblast|p2a: Polteageist
|-supereffective|p2a: Polteageist
|-enditem|p2a: Polteageist|Focus Sash
|-damage|p2a: Polteageist|1/100
|
|upkeep
|turn|21
|
|t:|1743814955
|move|p2a: Polteageist|Stored Power|p1a: Clefable
|-damage|p1a: Clefable|0 fnt
|faint|p1a: Clefable
|
|upkeep
|-message|54 Insane Rats forfeited.
|
|win|monohue
|raw|54 Insane Rats's rating: 1730 &rarr; <strong>1710</strong><br />(-20 for losing)
|raw|monohue's rating: 1722 &rarr; <strong>1742</strong><br />(+20 for winning)
|l|☆54 Insane Rats
|player|p1|
|l| spicy boii
