|j|☆Tapuuuuuuu
|j|☆torito25
|t:|1743890241
|gametype|singles
|player|p1|Tapuuuuuuu|2|1265
|player|p2|torito25|169|1295
|teamsize|p1|6
|teamsize|p2|6
|gen|9
|tier|[Gen 9] OU
|rated|
|rule|HP Percentage Mod: HP is shown in percentages
|rule|Endless Battle Clause: Forcing endless battles is banned
|rule|Species Clause: Limit one of each Pokémon
|rule|OHKO Clause: OHKO moves are banned
|rule|Evasion Items Clause: Evasion items are banned
|rule|Evasion Moves Clause: Evasion moves are banned
|rule|Sleep Moves Clause: Sleep-inducing moves are banned
|clearpoke
|poke|p1|Slowking-Galar, M|
|poke|p1|Haxorus, F|
|poke|p1|Moltres|
|poke|p1|Arcanine, F|
|poke|p1|Decidueye, F|
|poke|p1|Lumineon, M|
|poke|p2|Deoxys-Speed|
|poke|p2|Iron Valiant|
|poke|p2|Ogerpon-Wellspring, F|
|poke|p2|Gholdengo|
|poke|p2|Dragonite, F|
|poke|p2|Ting-Lu|
|teampreview
|inactive|Battle timer is ON: inactive players will automatically lose when time's up. (requested by torito25)
|inactive|Tapuuuuuuu has 120 seconds left.
|inactive|Tapuuuuuuu has 90 seconds left.
|
|t:|1743890312
|start
|switch|p1a: Arcanine|Arcanine, F|100/100
|switch|p2a: Ogerpon|Ogerpon-Wellspring, F|100/100
|-ability|p1a: Arcanine|Intimidate|boost
|-unboost|p2a: Ogerpon|atk|1
|turn|1
|
|t:|1743890323
|move|p2a: Ogerpon|Ivy Cudgel|p1a: Arcanine|[anim] Ivy Cudgel Water
|-supereffective|p1a: Arcanine
|-damage|p1a: Arcanine|38/100
|move|p1a: Arcanine|Will-O-Wisp|p2a: Ogerpon
|-status|p2a: Ogerpon|brn
|
|-damage|p2a: Ogerpon|95/100 brn|[from] brn
|upkeep
|turn|2
|
|t:|1743890338
|switch|p2a: Ting-Lu|Ting-Lu|100/100
|-ability|p2a: Ting-Lu|Vessel of Ruin
|-terastallize|p1a: Arcanine|Water
|move|p1a: Arcanine|Morning Sun|p1a: Arcanine
|-heal|p1a: Arcanine|88/100
|
|upkeep
|turn|3
|
|t:|1743890351
|switch|p1a: Decidueye|Decidueye, F|100/100
|move|p2a: Ting-Lu|Spikes|p1a: Decidueye
|-sidestart|p1: Tapuuuuuuu|Spikes
|
|upkeep
|turn|4
|
|t:|1743890357
|switch|p2a: Ogerpon|Ogerpon-Wellspring, F|95/100 brn
|move|p1a: Decidueye|U-turn|p2a: Ogerpon
|-supereffective|p2a: Ogerpon
|-damage|p2a: Ogerpon|2/100 brn
|
|t:|1743890371
|switch|p1a: Haxorus|Haxorus, F|100/100|[from] U-turn
|-damage|p1a: Haxorus|88/100|[from] Spikes
|-ability|p1a: Haxorus|Mold Breaker
|
|-damage|p2a: Ogerpon|0 fnt|[from] brn
|faint|p2a: Ogerpon
|upkeep
|inactive|torito25 has 120 seconds left.
|
|t:|1743890405
|switch|p2a: Ting-Lu|Ting-Lu|100/100
|-ability|p2a: Ting-Lu|Vessel of Ruin
|turn|5
|
|t:|1743890412
|move|p1a: Haxorus|Dragon Dance|p1a: Haxorus
|-boost|p1a: Haxorus|atk|1
|-boost|p1a: Haxorus|spe|1
|move|p2a: Ting-Lu|Earthquake|p1a: Haxorus
|-damage|p1a: Haxorus|44/100
|
|upkeep
|turn|6
|
|t:|1743890417
|move|p1a: Haxorus|X-Scissor|p2a: Ting-Lu
|-supereffective|p2a: Ting-Lu
|-damage|p2a: Ting-Lu|55/100
|move|p2a: Ting-Lu|Whirlwind|p1a: Haxorus
|drag|p1a: Moltres|Moltres|100/100
|
|-heal|p2a: Ting-Lu|61/100|[from] item: Leftovers
|upkeep
|turn|7
|
|t:|1743890429
|move|p1a: Moltres|Hurricane|p2a: Ting-Lu
|-damage|p2a: Ting-Lu|34/100
|-start|p2a: Ting-Lu|confusion
|-activate|p2a: Ting-Lu|confusion
|-damage|p2a: Ting-Lu|29/100|[from] confusion
|
|-heal|p2a: Ting-Lu|36/100|[from] item: Leftovers
|upkeep
|turn|8
|
|t:|1743890438
|move|p1a: Moltres|Scorching Sands|p2a: Ting-Lu
|-damage|p2a: Ting-Lu|24/100
|-end|p2a: Ting-Lu|confusion
|move|p2a: Ting-Lu|Spikes|p1a: Moltres
|-sidestart|p1: Tapuuuuuuu|Spikes
|
|-heal|p2a: Ting-Lu|30/100|[from] item: Leftovers
|upkeep
|turn|9
|
|t:|1743890445
|move|p1a: Moltres|Hurricane|p2a: Ting-Lu
|-damage|p2a: Ting-Lu|3/100
|move|p2a: Ting-Lu|Spikes|p1a: Moltres
|-sidestart|p1: Tapuuuuuuu|Spikes
|
|-heal|p2a: Ting-Lu|9/100|[from] item: Leftovers
|upkeep
|turn|10
|
|t:|1743890462
|move|p1a: Moltres|Heat Wave|p2a: Ting-Lu
|-damage|p2a: Ting-Lu|0 fnt
|faint|p2a: Ting-Lu
|
|upkeep
|
|t:|1743890467
|switch|p2a: Deoxys|Deoxys-Speed|100/100
|-ability|p2a: Deoxys|Pressure
|turn|11
|
|t:|1743890472
|move|p2a: Deoxys|Meteor Beam||[still]
|-prepare|p2a: Deoxys|Meteor Beam
|-boost|p2a: Deoxys|spa|1
|-enditem|p2a: Deoxys|Power Herb
|-anim|p2a: Deoxys|Meteor Beam|p1a: Moltres|[miss]
|-miss|p2a: Deoxys|p1a: Moltres
|move|p1a: Moltres|Hurricane|p2a: Deoxys
|-damage|p2a: Deoxys|24/100
|
|upkeep
|turn|12
|
|t:|1743890488
|move|p2a: Deoxys|Psycho Boost|p1a: Moltres|[miss]
|-miss|p2a: Deoxys|p1a: Moltres
|move|p1a: Moltres|Heat Wave|p2a: Deoxys
|-damage|p2a: Deoxys|0 fnt
|faint|p2a: Deoxys
|
|upkeep
|c|☆Tapuuuuuuu|nah wtf
|
|t:|1743890506
|switch|p2a: Gholdengo|Gholdengo|100/100
|turn|13
|c|☆Tapuuuuuuu|missing twice jus made me mad
|c|☆torito25|me too mate
|inactive|torito25 has 120 seconds left.
|
|t:|1743890532
|-terastallize|p2a: Gholdengo|Fairy
|move|p2a: Gholdengo|Shadow Ball|p1a: Moltres
|-damage|p1a: Moltres|60/100
|move|p1a: Moltres|Heat Wave|p2a: Gholdengo
|-damage|p2a: Gholdengo|40/100
|
|upkeep
|turn|14
|inactive|torito25 has 120 seconds left.
|
|t:|1743890540
|move|p2a: Gholdengo|Shadow Ball|p1a: Moltres
|-damage|p1a: Moltres|13/100
|move|p1a: Moltres|Heat Wave|p2a: Gholdengo
|-damage|p2a: Gholdengo|0 fnt
|faint|p2a: Gholdengo
|
|upkeep
|inactive|torito25 has 120 seconds left.
|
|t:|1743890547
|switch|p2a: Iron Valiant|Iron Valiant|100/100
|-enditem|p2a: Iron Valiant|Booster Energy
|-activate|p2a: Iron Valiant|ability: Quark Drive|[fromitem]
|-start|p2a: Iron Valiant|quarkdrivespe
|turn|15
|
|t:|1743890554
|move|p2a: Iron Valiant|Moonblast|p1a: Moltres
|-resisted|p1a: Moltres
|-damage|p1a: Moltres|0 fnt
|faint|p1a: Moltres
|
|upkeep
|
|t:|1743890570
|switch|p1a: Decidueye|Decidueye, F|100/100
|-damage|p1a: Decidueye|76/100|[from] Spikes
|turn|16
|
|t:|1743890584
|move|p2a: Iron Valiant|Shadow Ball|p1a: Decidueye
|-supereffective|p1a: Decidueye
|-damage|p1a: Decidueye|16/100
|-unboost|p1a: Decidueye|spd|1
|move|p1a: Decidueye|Spirit Shackle|p2a: Iron Valiant
|-damage|p2a: Iron Valiant|18/100
|-activate|p2a: Iron Valiant|trapped
|
|upkeep
|turn|17
|
|t:|1743890594
|move|p2a: Iron Valiant|Shadow Ball|p1a: Decidueye
|-supereffective|p1a: Decidueye
|-damage|p1a: Decidueye|0 fnt
|faint|p1a: Decidueye
|
|upkeep
|
|t:|1743890610
|switch|p1a: Slowking|Slowking-Galar, M|100/100
|-damage|p1a: Slowking|76/100|[from] Spikes
|turn|18
|
|t:|1743890618
|move|p2a: Iron Valiant|Destiny Bond|p2a: Iron Valiant
|-singlemove|p2a: Iron Valiant|Destiny Bond
|move|p1a: Slowking|Future Sight|p2a: Iron Valiant
|-start|p1a: Slowking|move: Future Sight
|
|upkeep
|turn|19
|
|t:|1743890627
|move|p2a: Iron Valiant|Shadow Ball|p1a: Slowking
|-supereffective|p1a: Slowking
|-damage|p1a: Slowking|43/100
|-prepare|p1a: Slowking|Chilly Reception|[premajor]
|move|p1a: Slowking|Chilly Reception|p1a: Slowking
|-weather|Snowscape
|
|t:|1743890632
|switch|p1a: Lumineon|Lumineon, M|100/100|[from] Chilly Reception
|
|-weather|Snowscape|[upkeep]
|upkeep
|turn|20
|
|t:|1743890636
|move|p2a: Iron Valiant|Destiny Bond|p2a: Iron Valiant
|-singlemove|p2a: Iron Valiant|Destiny Bond
|move|p1a: Lumineon|Encore|p2a: Iron Valiant
|-start|p2a: Iron Valiant|Encore
|
|-weather|Snowscape|[upkeep]
|-end|p2a: Iron Valiant|move: Future Sight
|-supereffective|p2a: Iron Valiant
|-damage|p2a: Iron Valiant|0 fnt
|faint|p2a: Iron Valiant
|-end|p2a: Iron Valiant|Quark Drive|[silent]
|upkeep
|
|t:|1743890647
|switch|p2a: Dragonite|Dragonite, F|100/100
|turn|21
|
|t:|1743890654
|move|p2a: Dragonite|Earthquake|p1a: Lumineon
|-damage|p1a: Lumineon|56/100
|move|p1a: Lumineon|Ice Beam|p2a: Dragonite
|-supereffective|p2a: Dragonite
|-damage|p2a: Dragonite|71/100
|
|-weather|Snowscape|[upkeep]
|upkeep
|turn|22
|
|t:|1743890669
|move|p2a: Dragonite|Dragon Dance|p2a: Dragonite
|-boost|p2a: Dragonite|atk|1
|-boost|p2a: Dragonite|spe|1
|move|p1a: Lumineon|Ice Beam|p2a: Dragonite
|-supereffective|p2a: Dragonite
|-damage|p2a: Dragonite|9/100
|
|-weather|Snowscape|[upkeep]
|upkeep
|turn|23
|
|t:|1743890673
|move|p2a: Dragonite|Earthquake|p1a: Lumineon
|-damage|p1a: Lumineon|0 fnt
|faint|p1a: Lumineon
|
|-weather|none
|upkeep
|
|t:|1743890679
|switch|p1a: Arcanine|Arcanine, F, tera:Water|88/100
|-ability|p1a: Arcanine|Intimidate|boost
|-unboost|p2a: Dragonite|atk|1
|turn|24
|
|t:|1743890685
|move|p2a: Dragonite|Extreme Speed|p1a: Arcanine
|-damage|p1a: Arcanine|68/100
|move|p1a: Arcanine|Flare Blitz|p2a: Dragonite
|-resisted|p2a: Dragonite
|-damage|p2a: Dragonite|0 fnt
|faint|p2a: Dragonite
|-damage|p1a: Arcanine|66/100|[from] Recoil
|
|win|Tapuuuuuuu
|raw|Tapuuuuuuu's rating: 1265 &rarr; <strong>1292</strong><br />(+27 for winning)
|raw|torito25's rating: 1295 &rarr; <strong>1268</strong><br />(-27 for losing)
|l|☆torito25
|player|p2|
|c|☆Tapuuuuuuu|gg
|l|☆Tapuuuuuuu
|player|p1|
