|j|☆shindig42
|j|☆uniandes5
|t:|1743877198
|gametype|singles
|player|p1|shindig42|brycen|1517
|player|p2|uniandes5|266|1498
|teamsize|p1|6
|teamsize|p2|6
|gen|9
|tier|[Gen 9] OU
|rated|
|rule|HP Percentage Mod: HP is shown in percentages
|rule|Endless Battle Clause: Forcing endless battles is banned
|rule|Species Clause: Limit one of each Pokémon
|rule|OHKO Clause: OHKO moves are banned
|rule|Evasion Items Clause: Evasion items are banned
|rule|Evasion Moves Clause: Evasion moves are banned
|rule|Sleep Moves Clause: Sleep-inducing moves are banned
|clearpoke
|poke|p1|Pelipper, M|
|poke|p1|Barraskewda, F|
|poke|p1|Kingdra, M|
|poke|p1|Tornadus-Therian, M|
|poke|p1|Raging Bolt|
|poke|p1|Iron Treads|
|poke|p2|Torkoal, M|
|poke|p2|Hatterene, F|
|poke|p2|Walking Wake|
|poke|p2|Great Tusk|
|poke|p2|Charizard, M|
|poke|p2|Latias, F|
|teampreview
|inactive|Battle timer is ON: inactive players will automatically lose when time's up. (requested by shindig42)
|inactive|uniandes5 has 120 seconds left.
|inactive|uniandes5 has 90 seconds left.
|
|t:|1743877262
|start
|switch|p1a: Barraskewda|Barraskewda, F|100/100
|switch|p2a: Walking Wake|Walking Wake|100/100
|turn|1
|
|t:|1743877271
|move|p1a: Barraskewda|Flip Turn|p2a: Walking Wake
|-resisted|p2a: Walking Wake
|-damage|p2a: Walking Wake|88/100
|
|t:|1743877273
|switch|p1a: Iron Treads|Iron Treads|100/100|[from] Flip Turn
|move|p2a: Walking Wake|Knock Off|p1a: Iron Treads
|-damage|p1a: Iron Treads|87/100
|-enditem|p1a: Iron Treads|Eject Button|[from] move: Knock Off|[of] p2a: Walking Wake
|
|upkeep
|turn|2
|
|t:|1743877284
|move|p2a: Walking Wake|Hydro Steam|p1a: Iron Treads
|-supereffective|p1a: Iron Treads
|-damage|p1a: Iron Treads|0 fnt
|faint|p1a: Iron Treads
|-end|p1a: Iron Treads|Quark Drive|[silent]
|
|upkeep
|
|t:|1743877287
|switch|p1a: Pelipper|Pelipper, M|100/100
|-weather|RainDance|[from] ability: Drizzle|[of] p1a: Pelipper
|turn|3
|
|t:|1743877293
|switch|p1a: Raging Bolt|Raging Bolt|100/100
|move|p2a: Walking Wake|Draco Meteor|p1a: Raging Bolt
|-supereffective|p1a: Raging Bolt
|-damage|p1a: Raging Bolt|0 fnt
|-unboost|p2a: Walking Wake|spa|2
|faint|p1a: Raging Bolt
|-end|p1a: Raging Bolt|Protosynthesis|[silent]
|
|-weather|RainDance|[upkeep]
|upkeep
|
|t:|1743877303
|switch|p1a: Kingdra|Kingdra, M|100/100
|turn|4
|
|t:|1743877308
|-end|p2a: Walking Wake|Protosynthesis|[silent]
|switch|p2a: Torkoal|Torkoal, M|100/100
|-weather|SunnyDay|[from] ability: Drought|[of] p2a: Torkoal
|move|p1a: Kingdra|Draco Meteor|p2a: Torkoal|[miss]
|-miss|p1a: Kingdra|p2a: Torkoal
|
|-weather|SunnyDay|[upkeep]
|upkeep
|turn|5
|
|t:|1743877317
|move|p1a: Kingdra|Draco Meteor|p2a: Torkoal
|-damage|p2a: Torkoal|13/100
|-unboost|p1a: Kingdra|spa|2
|-damage|p1a: Kingdra|91/100|[from] item: Life Orb
|move|p2a: Torkoal|Stealth Rock|p1a: Kingdra
|-sidestart|p1: shindig42|move: Stealth Rock
|
|-weather|SunnyDay|[upkeep]
|upkeep
|turn|6
|
|t:|1743877321
|switch|p2a: Walking Wake|Walking Wake|88/100
|-activate|p2a: Walking Wake|ability: Protosynthesis
|-start|p2a: Walking Wake|protosynthesisspe
|move|p1a: Kingdra|Flip Turn|p2a: Walking Wake
|-resisted|p2a: Walking Wake
|-damage|p2a: Walking Wake|85/100
|-damage|p1a: Kingdra|81/100|[from] item: Life Orb
|
|t:|1743877324
|switch|p1a: Pelipper|Pelipper, M|100/100|[from] Flip Turn
|-damage|p1a: Pelipper|76/100|[from] Stealth Rock
|-weather|RainDance|[from] ability: Drizzle|[of] p1a: Pelipper
|-end|p2a: Walking Wake|Protosynthesis
|
|-weather|RainDance|[upkeep]
|upkeep
|turn|7
|
|t:|1743877329
|move|p2a: Walking Wake|Draco Meteor|p1a: Pelipper
|-damage|p1a: Pelipper|0 fnt
|-unboost|p2a: Walking Wake|spa|2
|faint|p1a: Pelipper
|
|-weather|RainDance|[upkeep]
|upkeep
|
|t:|1743877333
|switch|p1a: Kingdra|Kingdra, M|81/100
|-damage|p1a: Kingdra|68/100|[from] Stealth Rock
|turn|8
|
|t:|1743877356
|-end|p2a: Walking Wake|Protosynthesis|[silent]
|switch|p2a: Torkoal|Torkoal, M|13/100
|-weather|SunnyDay|[from] ability: Drought|[of] p2a: Torkoal
|move|p1a: Kingdra|Weather Ball|p2a: Torkoal
|-resisted|p2a: Torkoal
|-damage|p2a: Torkoal|0 fnt
|faint|p2a: Torkoal
|-damage|p1a: Kingdra|58/100|[from] item: Life Orb
|
|-weather|SunnyDay|[upkeep]
|upkeep
|inactive|uniandes5 has 120 seconds left.
|
|t:|1743877378
|switch|p2a: StallMelter9000|Charizard, M|100/100
|turn|9
|
|t:|1743877382
|move|p2a: StallMelter9000|Solar Beam||[still]
|-prepare|p2a: StallMelter9000|Solar Beam
|-anim|p2a: StallMelter9000|Solar Beam|p1a: Kingdra
|-damage|p1a: Kingdra|0 fnt
|faint|p1a: Kingdra
|
|-weather|SunnyDay|[upkeep]
|-damage|p2a: StallMelter9000|88/100|[from] ability: Solar Power|[of] p2a: StallMelter9000
|upkeep
|
|t:|1743877388
|switch|p1a: Barraskewda|Barraskewda, F|100/100
|-damage|p1a: Barraskewda|88/100|[from] Stealth Rock
|turn|10
|
|t:|1743877404
|-terastallize|p1a: Barraskewda|Water
|move|p1a: Barraskewda|Liquidation|p2a: StallMelter9000
|-supereffective|p2a: StallMelter9000
|-damage|p2a: StallMelter9000|0 fnt
|faint|p2a: StallMelter9000
|
|-weather|SunnyDay|[upkeep]
|upkeep
|inactive|uniandes5 has 120 seconds left.
|
|t:|1743877418
|switch|p2a: Great Tusk|Great Tusk|100/100
|-activate|p2a: Great Tusk|ability: Protosynthesis
|-start|p2a: Great Tusk|protosynthesisatk
|turn|11
|
|t:|1743877423
|-end|p2a: Great Tusk|Protosynthesis|[silent]
|switch|p2a: Hatterene|Hatterene, F|100/100
|move|p1a: Barraskewda|Liquidation|p2a: Hatterene
|-damage|p2a: Hatterene|62/100
|-enditem|p2a: Hatterene|Eject Button
|
|t:|1743877431
|switch|p2a: Latias|Latias, F|100/100
|
|-weather|SunnyDay|[upkeep]
|upkeep
|turn|12
|
|t:|1743877434
|move|p1a: Barraskewda|Liquidation|p2a: Latias
|-resisted|p2a: Latias
|-damage|p2a: Latias|84/100
|-unboost|p2a: Latias|def|1
|move|p2a: Latias|Agility|p2a: Latias
|-boost|p2a: Latias|spe|2
|
|-weather|SunnyDay|[upkeep]
|upkeep
|turn|13
|
|t:|1743877439
|move|p2a: Latias|Calm Mind|p2a: Latias
|-boost|p2a: Latias|spa|1
|-boost|p2a: Latias|spd|1
|move|p1a: Barraskewda|Liquidation|p2a: Latias
|-resisted|p2a: Latias
|-crit|p2a: Latias
|-damage|p2a: Latias|43/100
|
|-weather|SunnyDay|[upkeep]
|upkeep
|turn|14
|
|t:|1743877447
|move|p2a: Latias|Calm Mind|p2a: Latias
|-boost|p2a: Latias|spa|1
|-boost|p2a: Latias|spd|1
|move|p1a: Barraskewda|Liquidation|p2a: Latias
|-resisted|p2a: Latias
|-damage|p2a: Latias|16/100
|-unboost|p2a: Latias|def|1
|
|-weather|SunnyDay|[upkeep]
|upkeep
|turn|15
|
|t:|1743877454
|move|p2a: Latias|Stored Power|p1a: Barraskewda
|-damage|p1a: Barraskewda|0 fnt
|faint|p1a: Barraskewda
|
|-weather|none
|upkeep
|
|t:|1743877456
|switch|p1a: Tornadus|Tornadus-Therian, M|100/100
|-damage|p1a: Tornadus|76/100|[from] Stealth Rock
|turn|16
|
|t:|1743877466
|move|p2a: Latias|Aura Sphere|p1a: Tornadus
|-resisted|p1a: Tornadus
|-damage|p1a: Tornadus|61/100
|move|p1a: Tornadus|U-turn|p2a: Latias
|-supereffective|p2a: Latias
|-damage|p2a: Latias|0 fnt
|faint|p2a: Latias
|
|upkeep
|
|t:|1743877475
|switch|p2a: Hatterene|Hatterene, F|62/100
|turn|17
|
|t:|1743877477
|move|p1a: Tornadus|Sludge Wave|p2a: Hatterene
|-supereffective|p2a: Hatterene
|-damage|p2a: Hatterene|0 fnt
|faint|p2a: Hatterene
|
|upkeep
|
|t:|1743877483
|switch|p2a: Walking Wake|Walking Wake|85/100
|turn|18
|
|t:|1743877491
|move|p1a: Tornadus|Bleakwind Storm|p2a: Walking Wake
|-damage|p2a: Walking Wake|47/100
|move|p2a: Walking Wake|Knock Off|p1a: Tornadus
|-damage|p1a: Tornadus|39/100
|-enditem|p1a: Tornadus|Assault Vest|[from] move: Knock Off|[of] p2a: Walking Wake
|
|upkeep
|turn|19
|
|t:|1743877498
|move|p1a: Tornadus|Sludge Wave|p2a: Walking Wake
|-damage|p2a: Walking Wake|26/100
|move|p2a: Walking Wake|Flamethrower|p1a: Tornadus
|-damage|p1a: Tornadus|4/100
|
|upkeep
|turn|20
|
|t:|1743877509
|move|p1a: Tornadus|Bleakwind Storm|p2a: Walking Wake
|-damage|p2a: Walking Wake|0 fnt
|faint|p2a: Walking Wake
|-end|p2a: Walking Wake|Protosynthesis|[silent]
|
|upkeep
|
|t:|1743877513
|switch|p2a: Great Tusk|Great Tusk|100/100
|turn|21
|
|t:|1743877516
|-terastallize|p2a: Great Tusk|Fairy
|move|p1a: Tornadus|Bleakwind Storm|p2a: Great Tusk
|-crit|p2a: Great Tusk
|-damage|p2a: Great Tusk|3/100
|move|p2a: Great Tusk|Rapid Spin|p1a: Tornadus
|-damage|p1a: Tornadus|0 fnt
|-boost|p2a: Great Tusk|spe|1
|faint|p1a: Tornadus
|
|win|uniandes5
|raw|shindig42's rating: 1517 &rarr; <strong>1496</strong><br />(-21 for losing)
|raw|uniandes5's rating: 1498 &rarr; <strong>1519</strong><br />(+21 for winning)
|c|☆shindig42|Gg
|c|☆shindig42|You almost threw
|l|☆shindig42
|player|p1|
|l|☆uniandes5
|player|p2|
