|j|☆Tinman_RPPLF
|j|☆denglinhuiliu
|t:|1743834925
|gametype|singles
|player|p1|Tinman_RPPLF|richboy|1292
|player|p2|denglinhuiliu|266|1282
|teamsize|p1|6
|teamsize|p2|6
|gen|9
|tier|[Gen 9] OU
|rated|
|rule|HP Percentage Mod: HP is shown in percentages
|rule|Endless Battle Clause: Forcing endless battles is banned
|rule|Species Clause: Limit one of each Pokémon
|rule|OHKO Clause: OHKO moves are banned
|rule|Evasion Items Clause: Evasion items are banned
|rule|Evasion Moves Clause: Evasion moves are banned
|rule|Sleep Moves Clause: Sleep-inducing moves are banned
|clearpoke
|poke|p1|Corviknight, M|
|poke|p1|Alomomola, L99, F|
|poke|p1|Grafaiai, M|
|poke|p1|Cinderace, M|
|poke|p1|Ursaluna, M|
|poke|p1|Dragapult, M|
|poke|p2|Glimmora, M|
|poke|p2|Primarina, F|
|poke|p2|Zapdos|
|poke|p2|Weavile, F|
|poke|p2|Kingambit, F|
|poke|p2|Gholdengo|
|teampreview
|
|t:|1743834947
|start
|switch|p1a: Bobo|Alomomola, L99, F|100/100
|switch|p2a: Glimmora|Glimmora, M|100/100
|turn|1
|
|t:|1743834953
|move|p2a: Glimmora|Stealth Rock|p1a: Bobo
|-sidestart|p1: Tinman_RPPLF|move: Stealth Rock
|move|p1a: Bobo|Flip Turn|p2a: Glimmora
|-supereffective|p2a: Glimmora
|-damage|p2a: Glimmora|61/100
|-activate|p2a: Glimmora|ability: Toxic Debris
|-sidestart|p1: Tinman_RPPLF|move: Toxic Spikes
|
|t:|1743834971
|switch|p1a: Hanouna|Grafaiai, M|100/100|[from] Flip Turn
|-damage|p1a: Hanouna|88/100|[from] Stealth Rock
|-sideend|p1: Tinman_RPPLF|move: Toxic Spikes|[of] p1a: Hanouna
|
|-heal|p1a: Hanouna|94/100|[from] item: Black Sludge
|upkeep
|turn|2
|
|t:|1743834988
|switch|p2a: Zapdos|Zapdos|100/100
|move|p1a: Hanouna|Encore||[still]
|-fail|p1a: Hanouna
|
|-heal|p1a: Hanouna|99/100|[from] item: Black Sludge
|upkeep
|turn|3
|
|t:|1743834997
|move|p1a: Hanouna|Parting Shot|p2a: Zapdos
|-unboost|p2a: Zapdos|atk|1
|-unboost|p2a: Zapdos|spa|1
|
|t:|1743835002
|switch|p1a: Petit Ours Brun|Ursaluna, M|100/100|[from] Parting Shot
|-damage|p1a: Petit Ours Brun|94/100|[from] Stealth Rock
|move|p2a: Zapdos|Volt Switch|p1a: Petit Ours Brun
|-immune|p1a: Petit Ours Brun
|
|-status|p1a: Petit Ours Brun|brn|[from] item: Flame Orb
|upkeep
|turn|4
|
|t:|1743835016
|switch|p2a: Gholdengo|Gholdengo|100/100
|-item|p2a: Gholdengo|Air Balloon
|move|p1a: Petit Ours Brun|Crunch|p2a: Gholdengo
|-supereffective|p2a: Gholdengo
|-damage|p2a: Gholdengo|13/100
|-unboost|p2a: Gholdengo|def|1
|-enditem|p2a: Gholdengo|Air Balloon
|
|-damage|p1a: Petit Ours Brun|88/100 brn|[from] brn
|upkeep
|turn|5
|
|t:|1743835030
|move|p2a: Gholdengo|Make It Rain|p1a: Petit Ours Brun
|-damage|p1a: Petit Ours Brun|35/100 brn
|-unboost|p2a: Gholdengo|spa|1
|move|p1a: Petit Ours Brun|Crunch|p2a: Gholdengo
|-supereffective|p2a: Gholdengo
|-damage|p2a: Gholdengo|0 fnt
|faint|p2a: Gholdengo
|
|-damage|p1a: Petit Ours Brun|29/100 brn|[from] brn
|upkeep
|
|t:|1743835036
|switch|p2a: Weavile|Weavile, F|100/100
|-ability|p2a: Weavile|Pressure
|turn|6
|
|t:|1743835045
|switch|p1a: Korvax|Corviknight, M, shiny|100/100
|-damage|p1a: Korvax|88/100|[from] Stealth Rock
|-ability|p1a: Korvax|Pressure
|-terastallize|p2a: Weavile|Ice
|move|p2a: Weavile|Triple Axel|p1a: Korvax
|-damage|p1a: Korvax|79/100
|-damage|p2a: Weavile|84/100|[from] item: Rocky Helmet|[of] p1a: Korvax
|-damage|p1a: Korvax|63/100
|-damage|p2a: Weavile|68/100|[from] item: Rocky Helmet|[of] p1a: Korvax
|-damage|p1a: Korvax|37/100
|-damage|p2a: Weavile|51/100|[from] item: Rocky Helmet|[of] p1a: Korvax
|-hitcount|p1a: Korvax|3
|
|upkeep
|turn|7
|
|t:|1743835068
|switch|p2a: Zapdos|Zapdos|100/100
|move|p1a: Korvax|Roost|p1a: Korvax
|-heal|p1a: Korvax|87/100
|-singleturn|p1a: Korvax|move: Roost
|
|upkeep
|turn|8
|
|t:|1743835081
|switch|p1a: Bobo|Alomomola, L99, F|100/100
|-damage|p1a: Bobo|88/100|[from] Stealth Rock
|move|p2a: Zapdos|Heat Wave|p1a: Bobo
|-resisted|p1a: Bobo
|-damage|p1a: Bobo|77/100
|
|-heal|p1a: Bobo|83/100|[from] item: Leftovers
|upkeep
|turn|9
|
|t:|1743835090
|switch|p2a: Primarina|Primarina, F|100/100
|move|p1a: Bobo|Protect||[still]
|-fail|p1a: Bobo
|
|-heal|p1a: Bobo|89/100|[from] item: Leftovers
|upkeep
|turn|10
|
|t:|1743835099
|move|p2a: Primarina|Energy Ball|p1a: Bobo
|-supereffective|p1a: Bobo
|-damage|p1a: Bobo|41/100
|-unboost|p1a: Bobo|spd|1
|move|p1a: Bobo|Flip Turn|p2a: Primarina
|-resisted|p2a: Primarina
|-damage|p2a: Primarina|92/100
|
|t:|1743835111
|switch|p1a: Hanouna|Grafaiai, M|99/100|[from] Flip Turn
|-damage|p1a: Hanouna|88/100|[from] Stealth Rock
|
|-heal|p1a: Hanouna|94/100|[from] item: Black Sludge
|-heal|p2a: Primarina|98/100|[from] item: Leftovers
|upkeep
|turn|11
|
|t:|1743835129
|switch|p2a: Kingambit|Kingambit, F|100/100
|-activate|p2a: Kingambit|ability: Supreme Overlord
|-start|p2a: Kingambit|fallen1|[silent]
|move|p1a: Hanouna|Parting Shot|p2a: Kingambit
|-hint|Since gen 7, Dark is immune to Prankster moves.
|-immune|p2a: Kingambit
|
|-heal|p1a: Hanouna|99/100|[from] item: Black Sludge
|upkeep
|turn|12
|
|t:|1743835144
|switch|p1a: Korvax|Corviknight, M, shiny|87/100
|-damage|p1a: Korvax|75/100|[from] Stealth Rock
|-ability|p1a: Korvax|Pressure
|move|p2a: Kingambit|Swords Dance|p2a: Kingambit
|-boost|p2a: Kingambit|atk|2
|
|upkeep
|turn|13
|
|t:|1743835154
|move|p2a: Kingambit|Kowtow Cleave|p1a: Korvax
|-damage|p1a: Korvax|12/100
|-damage|p2a: Kingambit|84/100|[from] item: Rocky Helmet|[of] p1a: Korvax
|move|p1a: Korvax|Body Press|p2a: Kingambit
|-supereffective|p2a: Kingambit
|-damage|p2a: Kingambit|0 fnt
|faint|p2a: Kingambit
|-end|p2a: Kingambit|fallen1|[silent]
|
|upkeep
|
|t:|1743835167
|switch|p2a: Zapdos|Zapdos|100/100
|turn|14
|
|t:|1743835177
|switch|p1a: Trump|Dragapult, M, shiny|100/100
|-damage|p1a: Trump|88/100|[from] Stealth Rock
|move|p2a: Zapdos|Heat Wave|p1a: Trump
|-resisted|p1a: Trump
|-damage|p1a: Trump|64/100
|
|upkeep
|turn|15
|
|t:|1743835192
|switch|p2a: Primarina|Primarina, F|98/100
|move|p1a: Trump|Will-O-Wisp|p2a: Primarina|[miss]
|-miss|p1a: Trump|p2a: Primarina
|
|-heal|p2a: Primarina|100/100|[from] item: Leftovers
|upkeep
|turn|16
|
|t:|1743835201
|switch|p2a: Glimmora|Glimmora, M|61/100
|move|p1a: Trump|U-turn|p2a: Glimmora
|-resisted|p2a: Glimmora
|-damage|p2a: Glimmora|45/100
|-activate|p2a: Glimmora|ability: Toxic Debris
|-sidestart|p1: Tinman_RPPLF|move: Toxic Spikes
|-damage|p1a: Trump|54/100|[from] item: Life Orb
|
|t:|1743835210
|switch|p1a: Hanouna|Grafaiai, M|99/100|[from] U-turn
|-damage|p1a: Hanouna|87/100|[from] Stealth Rock
|-sideend|p1: Tinman_RPPLF|move: Toxic Spikes|[of] p1a: Hanouna
|
|-heal|p1a: Hanouna|93/100|[from] item: Black Sludge
|upkeep
|turn|17
|
|t:|1743835223
|switch|p2a: Zapdos|Zapdos|100/100
|move|p1a: Hanouna|Parting Shot|p2a: Zapdos
|-unboost|p2a: Zapdos|atk|1
|-unboost|p2a: Zapdos|spa|1
|
|t:|1743835233
|switch|p1a: JPP|Cinderace, M|100/100|[from] Parting Shot
|
|upkeep
|turn|18
|
|t:|1743835239
|switch|p2a: Glimmora|Glimmora, M|45/100
|move|p1a: JPP|Court Change|p1a: JPP
|-start|p1a: JPP|typechange|Normal|[from] ability: Libero
|-swapsideconditions
|-activate|p1a: JPP|move: Court Change
|
|upkeep
|turn|19
|
|t:|1743835257
|switch|p1a: Bobo|Alomomola, L99, F|74/100
|move|p2a: Glimmora|Mortal Spin|p1a: Bobo
|-damage|p1a: Bobo|69/100
|-status|p1a: Bobo|psn
|-sideend|p2: denglinhuiliu|Stealth Rock|[from] move: Mortal Spin|[of] p2a: Glimmora
|
|-heal|p1a: Bobo|76/100 psn|[from] item: Leftovers
|-damage|p1a: Bobo|63/100 psn|[from] psn
|upkeep
|turn|20
|
|t:|1743835271
|move|p2a: Glimmora|Energy Ball|p1a: Bobo
|-supereffective|p1a: Bobo
|-damage|p1a: Bobo|13/100 psn
|move|p1a: Bobo|Wish|p1a: Bobo
|
|-heal|p1a: Bobo|19/100 psn|[from] item: Leftovers
|-damage|p1a: Bobo|7/100 psn|[from] psn
|upkeep
|turn|21
|
|t:|1743835280
|switch|p1a: Korvax|Corviknight, M, shiny|12/100
|-ability|p1a: Korvax|Pressure
|move|p2a: Glimmora|Stealth Rock|p1a: Korvax
|-sidestart|p1: Tinman_RPPLF|move: Stealth Rock
|
|-heal|p1a: Korvax|78/100|[from] move: Wish|[wisher] Bobo
|upkeep
|turn|22
|
|t:|1743835291
|switch|p2a: Zapdos|Zapdos|100/100
|move|p1a: Korvax|U-turn|p2a: Zapdos
|-resisted|p2a: Zapdos
|-damage|p2a: Zapdos|92/100
|
|t:|1743835304
|switch|p1a: JPP|Cinderace, M|100/100|[from] U-turn
|
|upkeep
|turn|23
|
|t:|1743835313
|move|p1a: JPP|Court Change|p1a: JPP
|-start|p1a: JPP|typechange|Normal|[from] ability: Libero
|-swapsideconditions
|-activate|p1a: JPP|move: Court Change
|move|p2a: Zapdos|Volt Switch|p1a: JPP
|-damage|p1a: JPP|48/100
|
|t:|1743835317
|switch|p2a: Weavile|Weavile, F, tera:Ice|51/100|[from] Volt Switch
|-ability|p2a: Weavile|Pressure
|
|upkeep
|turn|24
|
|t:|1743835332
|switch|p1a: Korvax|Corviknight, M, shiny|78/100
|-ability|p1a: Korvax|Pressure
|move|p2a: Weavile|Knock Off|p1a: Korvax
|-damage|p1a: Korvax|49/100
|-damage|p2a: Weavile|35/100|[from] item: Rocky Helmet|[of] p1a: Korvax
|-enditem|p1a: Korvax|Rocky Helmet|[from] move: Knock Off|[of] p2a: Weavile
|
|upkeep
|turn|25
|
|t:|1743835342
|switch|p2a: Zapdos|Zapdos|92/100
|move|p1a: Korvax|Body Press|p2a: Zapdos
|-resisted|p2a: Zapdos
|-damage|p2a: Zapdos|76/100
|
|upkeep
|turn|26
|
|t:|1743835357
|switch|p1a: Trump|Dragapult, M, shiny|54/100
|move|p2a: Zapdos|Heat Wave|p1a: Trump
|-resisted|p1a: Trump
|-damage|p1a: Trump|31/100
|
|upkeep
|turn|27
|
|t:|1743835378
|move|p1a: Trump|U-turn|p2a: Zapdos
|-resisted|p2a: Zapdos
|-damage|p2a: Zapdos|61/100
|-damage|p1a: Trump|22/100|[from] item: Life Orb
|
|t:|1743835398
|switch|p1a: Hanouna|Grafaiai, M|93/100|[from] U-turn
|move|p2a: Zapdos|Volt Switch|p1a: Hanouna
|-damage|p1a: Hanouna|44/100
|
|t:|1743835406
|switch|p2a: Glimmora|Glimmora, M|45/100|[from] Volt Switch
|-damage|p2a: Glimmora|33/100|[from] Stealth Rock
|
|-heal|p1a: Hanouna|50/100|[from] item: Black Sludge
|upkeep
|turn|28
|
|t:|1743835425
|move|p1a: Hanouna|Knock Off|p2a: Glimmora
|-damage|p2a: Glimmora|4/100
|-activate|p2a: Glimmora|ability: Toxic Debris
|-sidestart|p1: Tinman_RPPLF|move: Toxic Spikes
|-enditem|p2a: Glimmora|Focus Sash|[from] move: Knock Off|[of] p1a: Hanouna
|move|p2a: Glimmora|Mortal Spin|p1a: Hanouna
|-resisted|p1a: Hanouna
|-damage|p1a: Hanouna|45/100
|-sideend|p2: denglinhuiliu|Stealth Rock|[from] move: Mortal Spin|[of] p2a: Glimmora
|
|-heal|p1a: Hanouna|51/100|[from] item: Black Sludge
|upkeep
|turn|29
|
|t:|1743835440
|move|p1a: Hanouna|Knock Off|p2a: Glimmora
|-damage|p2a: Glimmora|0 fnt
|-activate|p2a: Glimmora|ability: Toxic Debris
|-sidestart|p1: Tinman_RPPLF|move: Toxic Spikes
|faint|p2a: Glimmora
|
|-heal|p1a: Hanouna|57/100|[from] item: Black Sludge
|upkeep
|
|t:|1743835445
|switch|p2a: Weavile|Weavile, F, tera:Ice|35/100
|-ability|p2a: Weavile|Pressure
|turn|30
|
|t:|1743835451
|switch|p1a: Korvax|Corviknight, M, shiny|49/100
|-ability|p1a: Korvax|Pressure
|move|p2a: Weavile|Triple Axel|p1a: Korvax
|-damage|p1a: Korvax|41/100
|-damage|p1a: Korvax|26/100
|-crit|p1a: Korvax
|-damage|p1a: Korvax|0 fnt
|faint|p1a: Korvax
|-hitcount|p1: Korvax|3
|
|upkeep
|
|t:|1743835467
|switch|p1a: Hanouna|Grafaiai, M|57/100
|-sideend|p1: Tinman_RPPLF|move: Toxic Spikes|[of] p1a: Hanouna
|turn|31
|
|t:|1743835477
|move|p2a: Weavile|Swords Dance|p2a: Weavile
|-boost|p2a: Weavile|atk|2
|move|p1a: Hanouna|Knock Off|p2a: Weavile
|-damage|p2a: Weavile|0 fnt
|-enditem|p2a: Weavile|Heavy-Duty Boots|[from] move: Knock Off|[of] p1a: Hanouna
|faint|p2a: Weavile
|
|-heal|p1a: Hanouna|63/100|[from] item: Black Sludge
|upkeep
|
|t:|1743835484
|switch|p2a: Primarina|Primarina, F|100/100
|turn|32
|
|t:|1743835496
|move|p1a: Hanouna|Parting Shot|p2a: Primarina
|-unboost|p2a: Primarina|atk|1
|-unboost|p2a: Primarina|spa|1
|
|t:|1743835500
|switch|p1a: Bobo|Alomomola, L99, F|40/100 psn|[from] Parting Shot
|move|p2a: Primarina|Calm Mind|p2a: Primarina
|-boost|p2a: Primarina|spa|1
|-boost|p2a: Primarina|spd|1
|
|-heal|p1a: Bobo|47/100 psn|[from] item: Leftovers
|-damage|p1a: Bobo|34/100 psn|[from] psn
|upkeep
|turn|33
|
|t:|1743835510
|move|p2a: Primarina|Moonblast|p1a: Bobo
|-damage|p1a: Bobo|0 fnt
|faint|p1a: Bobo
|
|upkeep
|
|t:|1743835516
|switch|p1a: Hanouna|Grafaiai, M|63/100
|turn|34
|
|t:|1743835536
|move|p1a: Hanouna|Toxic|p2a: Primarina
|-status|p2a: Primarina|tox
|move|p2a: Primarina|Calm Mind|p2a: Primarina
|-boost|p2a: Primarina|spa|1
|-boost|p2a: Primarina|spd|1
|
|-heal|p1a: Hanouna|70/100|[from] item: Black Sludge
|-damage|p2a: Primarina|94/100 tox|[from] psn
|upkeep
|turn|35
|
|t:|1743835545
|move|p1a: Hanouna|Encore|p2a: Primarina
|-start|p2a: Primarina|Encore
|move|p2a: Primarina|Calm Mind|p2a: Primarina
|-boost|p2a: Primarina|spa|1
|-boost|p2a: Primarina|spd|1
|
|-heal|p1a: Hanouna|76/100|[from] item: Black Sludge
|-heal|p2a: Primarina|100/100 tox|[from] item: Leftovers
|-damage|p2a: Primarina|88/100 tox|[from] psn
|upkeep
|turn|36
|
|t:|1743835559
|switch|p2a: Zapdos|Zapdos|61/100
|move|p1a: Hanouna|Toxic|p2a: Zapdos
|-status|p2a: Zapdos|tox
|
|-heal|p1a: Hanouna|82/100|[from] item: Black Sludge
|-damage|p2a: Zapdos|55/100 tox|[from] psn
|upkeep
|turn|37
|
|t:|1743835569
|move|p2a: Zapdos|Hurricane|p1a: Hanouna|[miss]
|-miss|p2a: Zapdos|p1a: Hanouna
|move|p1a: Hanouna|Knock Off|p2a: Zapdos
|-damage|p2a: Zapdos|23/100 tox
|-status|p1a: Hanouna|par|[from] ability: Static|[of] p2a: Zapdos
|-enditem|p2a: Zapdos|Heavy-Duty Boots|[from] move: Knock Off|[of] p1a: Hanouna
|
|-heal|p1a: Hanouna|88/100 par|[from] item: Black Sludge
|-damage|p2a: Zapdos|10/100 tox|[from] psn
|upkeep
|turn|38
|
|t:|1743835581
|move|p1a: Hanouna|Encore|p2a: Zapdos
|-start|p2a: Zapdos|Encore
|move|p2a: Zapdos|Hurricane|p1a: Hanouna
|-damage|p1a: Hanouna|15/100 par
|-start|p1a: Hanouna|confusion
|
|-heal|p1a: Hanouna|21/100 par|[from] item: Black Sludge
|-damage|p2a: Zapdos|0 fnt|[from] psn
|faint|p2a: Zapdos
|upkeep
|
|t:|1743835585
|switch|p2a: Primarina|Primarina, F|88/100 tox
|turn|39
|
|t:|1743835594
|-activate|p1a: Hanouna|confusion
|-damage|p1a: Hanouna|4/100 par|[from] confusion
|move|p2a: Primarina|Sparkling Aria|p1a: Hanouna
|-damage|p1a: Hanouna|0 fnt
|faint|p1a: Hanouna
|
|-heal|p2a: Primarina|94/100 tox|[from] item: Leftovers
|-damage|p2a: Primarina|88/100 tox|[from] psn
|upkeep
|
|t:|1743835616
|switch|p1a: Trump|Dragapult, M, shiny|22/100
|turn|40
|
|t:|1743835627
|move|p1a: Trump|Hex|p2a: Primarina
|-damage|p2a: Primarina|20/100 tox
|-damage|p1a: Trump|12/100|[from] item: Life Orb
|move|p2a: Primarina|Sparkling Aria|p1a: Trump
|-resisted|p1a: Trump
|-damage|p1a: Trump|0 fnt
|faint|p1a: Trump
|
|-heal|p2a: Primarina|26/100 tox|[from] item: Leftovers
|-damage|p2a: Primarina|14/100 tox|[from] psn
|upkeep
|
|t:|1743835641
|switch|p1a: JPP|Cinderace, M|48/100
|turn|41
|
|t:|1743835646
|move|p1a: JPP|U-turn|p2a: Primarina
|-start|p1a: JPP|typechange|Bug|[from] ability: Libero
|-resisted|p2a: Primarina
|-damage|p2a: Primarina|0 fnt
|faint|p2a: Primarina
|
|win|Tinman_RPPLF
|raw|Tinman_RPPLF's rating: 1292 &rarr; <strong>1316</strong><br />(+24 for winning)
|raw|denglinhuiliu's rating: 1282 &rarr; <strong>1258</strong><br />(-24 for losing)
|l|☆denglinhuiliu
|player|p2|
|l|☆Tinman_RPPLF
|player|p1|
