|j|☆guillawme099
|j|☆EverProtect
|t:|1743873865
|gametype|singles
|player|p1|guillawme099|will|1345
|player|p2|EverProtect|beni-ninja|1368
|teamsize|p1|6
|teamsize|p2|6
|gen|9
|tier|[Gen 9] OU
|rated|
|rule|HP Percentage Mod: HP is shown in percentages
|rule|Endless Battle Clause: Forcing endless battles is banned
|rule|Species Clause: Limit one of each Pokémon
|rule|OHKO Clause: OHKO moves are banned
|rule|Evasion Items Clause: Evasion items are banned
|rule|Evasion Moves Clause: Evasion moves are banned
|rule|Sleep Moves Clause: Sleep-inducing moves are banned
|clearpoke
|poke|p1|Hatterene, F|
|poke|p1|Raging Bolt|
|poke|p1|Slowking-Galar, M|
|poke|p1|Glastrier|
|poke|p1|Kingambit, M|
|poke|p1|Ursaluna, M|
|poke|p2|Alomomola, M|
|poke|p2|Dragapult, M|
|poke|p2|Hatterene, F|
|poke|p2|Scizor, F|
|poke|p2|Grimmsnarl, M|
|poke|p2|Great Tusk|
|teampreview
|inactive|Battle timer is ON: inactive players will automatically lose when time's up. (requested by EverProtect)
|c|☆EverProtect|hf
|
|t:|1743873873
|start
|switch|p1a: Hatterene|Hatterene, F|100/100
|switch|p2a: Great Tusk|Great Tusk|100/100
|turn|1
|
|t:|1743873877
|move|p2a: Great Tusk|Stealth Rock|p1a: Hatterene
|move|p1a: Hatterene|Stealth Rock|p2a: Great Tusk|[from] ability: Magic Bounce
|-sidestart|p2: EverProtect|move: Stealth Rock
|move|p1a: Hatterene|Trick Room|p1a: Hatterene
|-fieldstart|move: Trick Room|[of] p1a: Hatterene
|
|upkeep
|turn|2
|c|☆EverProtect|o shoot
|
|t:|1743873887
|-end|p2a: Great Tusk|Protosynthesis|[silent]
|switch|p2a: Scizor|Scizor, F|100/100
|-damage|p2a: Scizor|88/100|[from] Stealth Rock
|move|p1a: Hatterene|Future Sight|p2a: Scizor
|-start|p1a: Hatterene|move: Future Sight
|
|upkeep
|turn|3
|
|t:|1743873891
|switch|p1a: Ursaluna|Ursaluna, M|100/100
|move|p2a: Scizor|Bullet Punch|p1a: Ursaluna
|-damage|p1a: Ursaluna|80/100
|
|-status|p1a: Ursaluna|brn|[from] item: Flame Orb
|upkeep
|turn|4
|
|t:|1743873898
|move|p1a: Ursaluna|Fire Punch|p2a: Scizor
|-supereffective|p2a: Scizor
|-damage|p2a: Scizor|0 fnt
|faint|p2a: Scizor
|
|-hint|Future Sight did not hit because the target is fainted.
|-damage|p1a: Ursaluna|74/100 brn|[from] brn
|upkeep
|
|t:|1743873918
|switch|p2a: Grimmsnarl|Grimmsnarl, M|100/100
|-damage|p2a: Grimmsnarl|88/100|[from] Stealth Rock
|turn|5
|
|t:|1743873925
|move|p2a: Grimmsnarl|Reflect|p2a: Grimmsnarl
|-sidestart|p2: EverProtect|Reflect
|move|p1a: Ursaluna|Facade|p2a: Grimmsnarl
|-damage|p2a: Grimmsnarl|15/100
|
|-damage|p1a: Ursaluna|67/100 brn|[from] brn
|-fieldend|move: Trick Room
|upkeep
|turn|6
|
|t:|1743873932
|move|p2a: Grimmsnarl|Low Kick|p1a: Ursaluna
|-supereffective|p1a: Ursaluna
|-damage|p1a: Ursaluna|14/100 brn
|move|p1a: Ursaluna|Earthquake|p2a: Grimmsnarl
|-damage|p2a: Grimmsnarl|0 fnt
|faint|p2a: Grimmsnarl
|
|-damage|p1a: Ursaluna|8/100 brn|[from] brn
|upkeep
|
|t:|1743873940
|switch|p2a: Dragapult|Dragapult, M, shiny|100/100
|-damage|p2a: Dragapult|88/100|[from] Stealth Rock
|turn|7
|
|t:|1743873945
|switch|p1a: Glastrier|Glastrier|100/100
|move|p2a: Dragapult|Tera Blast|p1a: Glastrier
|-damage|p1a: Glastrier|88/100
|
|-heal|p2a: Dragapult|94/100|[from] item: Leftovers
|upkeep
|turn|8
|
|t:|1743873948
|move|p2a: Dragapult|U-turn|p1a: Glastrier
|-damage|p1a: Glastrier|71/100
|
|t:|1743873952
|switch|p2a: Alomomola|Alomomola, M|100/100|[from] U-turn
|-damage|p2a: Alomomola|88/100|[from] Stealth Rock
|move|p1a: Glastrier|Icicle Crash|p2a: Alomomola
|-resisted|p2a: Alomomola
|-damage|p2a: Alomomola|79/100
|
|upkeep
|turn|9
|
|t:|1743873956
|move|p2a: Alomomola|Flip Turn|p1a: Glastrier
|-damage|p1a: Glastrier|61/100
|
|t:|1743873959
|switch|p2a: Dragapult|Dragapult, M, shiny|94/100|[from] Flip Turn
|-damage|p2a: Dragapult|82/100|[from] Stealth Rock
|move|p1a: Glastrier|Swords Dance|p1a: Glastrier
|-boost|p1a: Glastrier|atk|2
|
|-heal|p2a: Dragapult|88/100|[from] item: Leftovers
|upkeep
|turn|10
|
|t:|1743873967
|switch|p2a: Alomomola|Alomomola, M|100/100
|-damage|p2a: Alomomola|88/100|[from] Stealth Rock
|move|p1a: Glastrier|Icicle Crash|p2a: Alomomola
|-resisted|p2a: Alomomola
|-damage|p2a: Alomomola|68/100
|
|upkeep
|turn|11
|
|t:|1743873974
|-terastallize|p1a: Glastrier|Electric
|move|p2a: Alomomola|Wish|p2a: Alomomola
|move|p1a: Glastrier|Tera Blast|p2a: Alomomola|[anim] Tera Blast Electric
|-supereffective|p2a: Alomomola
|-damage|p2a: Alomomola|0 fnt
|faint|p2a: Alomomola
|-ability|p1a: Glastrier|Chilling Neigh|boost
|-boost|p1a: Glastrier|atk|1
|
|upkeep
|
|t:|1743873981
|switch|p2a: Dragapult|Dragapult, M, shiny|88/100
|-damage|p2a: Dragapult|75/100|[from] Stealth Rock
|turn|12
|
|t:|1743873985
|-terastallize|p2a: Dragapult|Ghost
|move|p2a: Dragapult|Tera Blast|p1a: Glastrier|[anim] Tera Blast Ghost
|-damage|p1a: Glastrier|27/100
|move|p1a: Glastrier|Icicle Crash|p2a: Dragapult
|-damage|p2a: Dragapult|0 fnt
|faint|p2a: Dragapult
|-ability|p1a: Glastrier|Chilling Neigh|boost
|-boost|p1a: Glastrier|atk|1
|
|-sideend|p2: EverProtect|Reflect
|upkeep
|
|t:|1743873991
|switch|p2a: Great Tusk|Great Tusk|100/100
|turn|13
|
|t:|1743873995
|move|p2a: Great Tusk|Headlong Rush|p1a: Glastrier
|-supereffective|p1a: Glastrier
|-damage|p1a: Glastrier|0 fnt
|-unboost|p2a: Great Tusk|def|1
|-unboost|p2a: Great Tusk|spd|1
|faint|p1a: Glastrier
|
|upkeep
|
|t:|1743873998
|switch|p1a: Hatterene|Hatterene, F|100/100
|turn|14
|
|t:|1743874001
|-end|p2a: Great Tusk|Protosynthesis|[silent]
|switch|p2a: Hatterene|Hatterene, F|100/100
|-damage|p2a: Hatterene|88/100|[from] Stealth Rock
|move|p1a: Hatterene|Trick Room|p1a: Hatterene
|-fieldstart|move: Trick Room|[of] p1a: Hatterene
|
|upkeep
|turn|15
|
|t:|1743874005
|move|p2a: Hatterene|Calm Mind|p2a: Hatterene
|-boost|p2a: Hatterene|spa|1
|-boost|p2a: Hatterene|spd|1
|move|p1a: Hatterene|Healing Wish|p1a: Hatterene
|faint|p1a: Hatterene
|
|upkeep
|
|t:|1743874007
|switch|p1a: Ursaluna|Ursaluna, M|8/100 brn
|-heal|p1a: Ursaluna|100/100|[from] move: Healing Wish
|turn|16
|
|t:|1743874011
|move|p2a: Hatterene|Draining Kiss|p1a: Ursaluna
|-damage|p1a: Ursaluna|60/100
|-heal|p2a: Hatterene|100/100|[from] drain|[of] p1a: Ursaluna
|move|p1a: Ursaluna|Swords Dance|p1a: Ursaluna
|-boost|p1a: Ursaluna|atk|2
|-enditem|p2a: Hatterene|Mirror Herb
|-boost|p2a: Hatterene|atk|2|[from] item: Mirror Herb
|
|-status|p1a: Ursaluna|brn|[from] item: Flame Orb
|upkeep
|turn|17
|
|t:|1743874021
|move|p2a: Hatterene|Stored Power|p1a: Ursaluna
|-damage|p1a: Ursaluna|0 fnt
|faint|p1a: Ursaluna
|
|upkeep
|j| ZoruaZodiac
|
|t:|1743874027
|switch|p1a: Kingambit|Kingambit, M|100/100
|-activate|p1a: Kingambit|ability: Supreme Overlord
|-start|p1a: Kingambit|fallen3|[silent]
|turn|18
|
|t:|1743874030
|move|p2a: Hatterene|Mystical Fire|p1a: Kingambit
|-supereffective|p1a: Kingambit
|-damage|p1a: Kingambit|21/100
|-unboost|p1a: Kingambit|spa|1
|move|p1a: Kingambit|Iron Head|p2a: Hatterene
|-supereffective|p2a: Hatterene
|-damage|p2a: Hatterene|0 fnt
|faint|p2a: Hatterene
|
|-fieldend|move: Trick Room
|upkeep
|
|t:|1743874034
|switch|p2a: Great Tusk|Great Tusk|100/100
|turn|19
|
|t:|1743874039
|move|p2a: Great Tusk|Headlong Rush|p1a: Kingambit
|-supereffective|p1a: Kingambit
|-damage|p1a: Kingambit|0 fnt
|-unboost|p2a: Great Tusk|def|1
|-unboost|p2a: Great Tusk|spd|1
|faint|p1a: Kingambit
|-end|p1a: Kingambit|fallen3|[silent]
|
|upkeep
|
|t:|1743874042
|switch|p1a: Slowking|Slowking-Galar, M|100/100
|turn|20
|
|t:|1743874044
|move|p2a: Great Tusk|Headlong Rush|p1a: Slowking
|-supereffective|p1a: Slowking
|-damage|p1a: Slowking|0 fnt
|-unboost|p2a: Great Tusk|def|1
|-unboost|p2a: Great Tusk|spd|1
|faint|p1a: Slowking
|
|upkeep
|
|t:|1743874047
|switch|p1a: Raging Bolt|Raging Bolt|100/100
|turn|21
|c|☆EverProtect|gg ig
|
|t:|1743874052
|move|p2a: Great Tusk|Headlong Rush|p1a: Raging Bolt
|-supereffective|p1a: Raging Bolt
|-damage|p1a: Raging Bolt|0 fnt
|-unboost|p2a: Great Tusk|def|1
|-unboost|p2a: Great Tusk|spd|1
|faint|p1a: Raging Bolt
|-end|p1a: Raging Bolt|Protosynthesis|[silent]
|
|win|EverProtect
|raw|guillawme099's rating: 1345 &rarr; <strong>1326</strong><br />(-19 for losing)
|raw|EverProtect's rating: 1368 &rarr; <strong>1387</strong><br />(+19 for winning)
|l| ZoruaZodiac
|l|☆guillawme099
|player|p1|
|j| Real Earthquakes
