|j|☆yonkolevelpirate
|j|☆RenegadeArtUtube
|t:|1743791634
|gametype|singles
|player|p1|yonkolevelpirate|266|1456
|player|p2|RenegadeArtUtube|gambler|1524
|teamsize|p1|6
|teamsize|p2|6
|gen|9
|tier|[Gen 9] OU
|rated|
|rule|HP Percentage Mod: HP is shown in percentages
|rule|Endless Battle Clause: Forcing endless battles is banned
|rule|Species Clause: Limit one of each Pokémon
|rule|OHKO Clause: OHKO moves are banned
|rule|Evasion Items Clause: Evasion items are banned
|rule|Evasion Moves Clause: Evasion moves are banned
|rule|Sleep Moves Clause: Sleep-inducing moves are banned
|clearpoke
|poke|p1|Slowking-Galar, F|
|poke|p1|Primarina, F|
|poke|p1|Iron Crown|
|poke|p1|Ogerpon-Wellspring, F|
|poke|p1|Dragapult, F|
|poke|p1|Great Tusk|
|poke|p2|Blaziken, M|
|poke|p2|Ninetales-Alola, F|
|poke|p2|Polteageist-Antique|
|poke|p2|Hatterene, F|
|poke|p2|Raging Bolt|
|poke|p2|Landorus-Therian, M|
|teampreview
|inactive|Battle timer is ON: inactive players will automatically lose when time's up. (requested by yonkolevelpirate)
|inactive|RenegadeArtUtube has 120 seconds left.
|
|t:|1743791677
|start
|switch|p1a: Iron Crown|Iron Crown|100/100
|switch|p2a: Hatterene|Hatterene, F, shiny|100/100
|turn|1
|
|t:|1743791684
|-terastallize|p2a: Hatterene|Water
|move|p1a: Iron Crown|Tachyon Cutter|p2a: Hatterene
|-resisted|p2a: Hatterene
|-damage|p2a: Hatterene|86/100
|-resisted|p2a: Hatterene
|-damage|p2a: Hatterene|71/100
|-hitcount|p2a: Hatterene|2
|move|p2a: Hatterene|Nuzzle|p1a: Iron Crown
|-damage|p1a: Iron Crown|97/100
|-status|p1a: Iron Crown|par
|
|-heal|p1a: Iron Crown|100/100 par|[from] item: Leftovers
|upkeep
|turn|2
|
|t:|1743791697
|cant|p1a: Iron Crown|par
|move|p2a: Hatterene|Future Sight|p1a: Iron Crown
|-start|p2a: Hatterene|move: Future Sight
|
|upkeep
|turn|3
|
|t:|1743791703
|cant|p1a: Iron Crown|par
|move|p2a: Hatterene|Calm Mind|p2a: Hatterene
|-boost|p2a: Hatterene|spa|1
|-boost|p2a: Hatterene|spd|1
|
|upkeep
|turn|4
|
|t:|1743791711
|move|p1a: Iron Crown|Volt Switch|p2a: Hatterene
|-supereffective|p2a: Hatterene
|-crit|p2a: Hatterene
|-damage|p2a: Hatterene|0 fnt
|faint|p2a: Hatterene
|
|t:|1743791715
|-end|p1a: Iron Crown|Quark Drive|[silent]
|switch|p1a: Primarina|Primarina, F|100/100|[from] Volt Switch
|
|-end|p1a: Primarina|move: Future Sight
|-damage|p1a: Primarina|72/100
|upkeep
|c|☆RenegadeArtUtube|Omfg bro
|
|t:|1743791723
|switch|p2a: Ninetales|Ninetales-Alola, F|100/100
|-weather|Snowscape|[from] ability: Snow Warning|[of] p2a: Ninetales
|turn|5
|
|t:|1743791752
|move|p2a: Ninetales|Aurora Veil|p2a: Ninetales
|-sidestart|p2: RenegadeArtUtube|move: Aurora Veil
|move|p1a: Primarina|Moonblast|p2a: Ninetales
|-damage|p2a: Ninetales|74/100
|
|-weather|Snowscape|[upkeep]
|upkeep
|turn|6
|
|t:|1743791759
|move|p2a: Ninetales|Freeze-Dry|p1a: Primarina
|-supereffective|p1a: Primarina
|-damage|p1a: Primarina|50/100
|move|p1a: Primarina|Psychic Noise|p2a: Ninetales
|-damage|p2a: Ninetales|53/100
|-start|p2a: Ninetales|move: Heal Block
|
|-weather|Snowscape|[upkeep]
|upkeep
|turn|7
|
|t:|1743791773
|move|p2a: Ninetales|Encore|p1a: Primarina
|-start|p1a: Primarina|Encore
|move|p1a: Primarina|Psychic Noise|p2a: Ninetales
|-damage|p2a: Ninetales|31/100
|
|-weather|Snowscape|[upkeep]
|-end|p2a: Ninetales|move: Heal Block
|upkeep
|turn|8
|
|t:|1743791782
|switch|p2a: Raging Bolt|Raging Bolt|100/100
|-enditem|p2a: Raging Bolt|Booster Energy
|-activate|p2a: Raging Bolt|ability: Protosynthesis|[fromitem]
|-start|p2a: Raging Bolt|protosynthesisspa
|move|p1a: Primarina|Psychic Noise|p2a: Raging Bolt
|-resisted|p2a: Raging Bolt
|-damage|p2a: Raging Bolt|92/100
|-start|p2a: Raging Bolt|move: Heal Block
|
|-weather|Snowscape|[upkeep]
|upkeep
|turn|9
|
|t:|1743791794
|move|p2a: Raging Bolt|Weather Ball|p1a: Primarina
|-resisted|p1a: Primarina
|-damage|p1a: Primarina|36/100
|move|p1a: Primarina|Psychic Noise|p2a: Raging Bolt
|-resisted|p2a: Raging Bolt
|-damage|p2a: Raging Bolt|82/100
|
|-weather|none
|-end|p1a: Primarina|Encore
|-end|p2a: Raging Bolt|move: Heal Block
|upkeep
|turn|10
|
|t:|1743791806
|switch|p1a: Great Tusk|Great Tusk|100/100
|move|p2a: Raging Bolt|Discharge|p1a: Great Tusk
|-immune|p1a: Great Tusk
|
|upkeep
|turn|11
|inactive|yonkolevelpirate has 120 seconds left.
|
|t:|1743791848
|move|p1a: Great Tusk|Earthquake|p2a: Raging Bolt
|-supereffective|p2a: Raging Bolt
|-damage|p2a: Raging Bolt|37/100
|move|p2a: Raging Bolt|Dragon Breath|p1a: Great Tusk
|-damage|p1a: Great Tusk|28/100
|
|-heal|p1a: Great Tusk|34/100|[from] item: Leftovers
|upkeep
|turn|12
|
|t:|1743791856
|-end|p2a: Raging Bolt|Protosynthesis|[silent]
|switch|p2a: Landorus|Landorus-Therian, M|100/100
|-ability|p2a: Landorus|Intimidate|boost
|-unboost|p1a: Great Tusk|atk|1
|move|p1a: Great Tusk|Ice Spinner|p2a: Landorus
|-supereffective|p2a: Landorus
|-damage|p2a: Landorus|59/100
|-damage|p1a: Great Tusk|18/100|[from] item: Rocky Helmet|[of] p2a: Landorus
|
|-heal|p1a: Great Tusk|24/100|[from] item: Leftovers
|-sideend|p2: RenegadeArtUtube|move: Aurora Veil
|upkeep
|turn|13
|
|t:|1743791868
|move|p2a: Landorus|Earthquake|p1a: Great Tusk
|-damage|p1a: Great Tusk|0 fnt
|faint|p1a: Great Tusk
|-end|p1a: Great Tusk|Protosynthesis|[silent]
|
|upkeep
|
|t:|1743791870
|switch|p1a: Ogerpon|Ogerpon-Wellspring, F|100/100
|turn|14
|
|t:|1743791877
|move|p1a: Ogerpon|Trailblaze|p2a: Landorus
|-damage|p2a: Landorus|21/100
|-boost|p1a: Ogerpon|spe|1
|-damage|p1a: Ogerpon|84/100|[from] item: Rocky Helmet|[of] p2a: Landorus
|move|p2a: Landorus|U-turn|p1a: Ogerpon
|-supereffective|p1a: Ogerpon
|-damage|p1a: Ogerpon|17/100
|
|t:|1743791888
|switch|p2a: Raging Bolt|Raging Bolt|37/100|[from] U-turn
|
|upkeep
|turn|15
|
|t:|1743791892
|move|p1a: Ogerpon|Swords Dance|p1a: Ogerpon
|-boost|p1a: Ogerpon|atk|2
|move|p2a: Raging Bolt|Discharge|p1a: Ogerpon
|-damage|p1a: Ogerpon|0 fnt
|faint|p1a: Ogerpon
|
|upkeep
|
|t:|1743791896
|switch|p1a: Primarina|Primarina, F|36/100
|turn|16
|
|t:|1743791904
|move|p2a: Raging Bolt|Thunderclap|p1a: Primarina
|-supereffective|p1a: Primarina
|-damage|p1a: Primarina|0 fnt
|faint|p1a: Primarina
|
|upkeep
|
|t:|1743791908
|switch|p1a: Dragapult|Dragapult, F|100/100
|turn|17
|
|t:|1743791913
|-end|p2a: Raging Bolt|Protosynthesis|[silent]
|switch|p2a: Landorus|Landorus-Therian, M|21/100
|-ability|p2a: Landorus|Intimidate|boost
|-fail|p1a: Dragapult|unboost|[from] ability: Clear Body|[of] p1a: Dragapult
|move|p1a: Dragapult|Will-O-Wisp|p2a: Landorus
|-status|p2a: Landorus|brn
|
|-damage|p2a: Landorus|15/100 brn|[from] brn
|upkeep
|turn|18
|
|t:|1743791924
|move|p1a: Dragapult|Hex|p2a: Landorus
|-damage|p2a: Landorus|0 fnt
|faint|p2a: Landorus
|
|upkeep
|-message|yonkolevelpirate forfeited.
|
|win|RenegadeArtUtube
|raw|yonkolevelpirate's rating: 1456 &rarr; <strong>1440</strong><br />(-16 for losing)
|raw|RenegadeArtUtube's rating: 1524 &rarr; <strong>1540</strong><br />(+16 for winning)
|l|☆yonkolevelpirate
|player|p1|
