|badge|p1|bronze|gen9uu|100-5
|uhtml|medal-msg|<div class="broadcast-blue">Curious what those medals under the avatar are? PS now has Ladder Seasons! For more information, check out the <a href="https://www.smogon.com/forums/threads/3740067/">thread on Smogon.</a></div>
|j|☆bizarman
|j|☆Thibault56
|t:|1743784828
|gametype|singles
|player|p1|bizarman|scientist-gen4|1807
|player|p2|Thibault56|acetrainer|1773
|teamsize|p1|6
|teamsize|p2|6
|gen|9
|tier|[Gen 9] OU
|rated|
|rule|HP Percentage Mod: HP is shown in percentages
|rule|Endless Battle Clause: Forcing endless battles is banned
|rule|Species Clause: Limit one of each Pokémon
|rule|OHKO Clause: OHKO moves are banned
|rule|Evasion Items Clause: Evasion items are banned
|rule|Evasion Moves Clause: Evasion moves are banned
|rule|Sleep Moves Clause: Sleep-inducing moves are banned
|clearpoke
|poke|p1|Garchomp, F|
|poke|p1|Iron Valiant|
|poke|p1|Great Tusk|
|poke|p1|Moltres|
|poke|p1|Slowking-Galar, M|
|poke|p1|Raging Bolt|
|poke|p2|Clodsire, M|
|poke|p2|Incineroar, F|
|poke|p2|Pelipper, M|
|poke|p2|Barraskewda, M|
|poke|p2|Zapdos|
|poke|p2|Corviknight, M|
|teampreview
|j| SchoolTo1400
|j| AzovSTALL
|inactive|Battle timer is ON: inactive players will automatically lose when time's up. (requested by bizarman)
|c| AzovSTALL|...
|c| AzovSTALL|rain incineroar
|
|t:|1743784865
|start
|switch|p1a: Slowking|Slowking-Galar, M|100/100
|switch|p2a: Pelipper|Pelipper, M|100/100
|-weather|RainDance|[from] ability: Drizzle|[of] p2a: Pelipper
|turn|1
|
|t:|1743784875
|move|p2a: Pelipper|Weather Ball|p1a: Slowking
|-damage|p1a: Slowking|62/100
|-prepare|p1a: Slowking|Chilly Reception|[premajor]
|move|p1a: Slowking|Chilly Reception|p1a: Slowking
|-weather|Snowscape
|j| metaloid
|c| AzovSTALL|oh nooo
|
|t:|1743784902
|switch|p1a: Raging Bolt|Raging Bolt|100/100|[from] Chilly Reception
|-enditem|p1a: Raging Bolt|Booster Energy
|-activate|p1a: Raging Bolt|ability: Protosynthesis|[fromitem]
|-start|p1a: Raging Bolt|protosynthesisspa
|
|-weather|Snowscape|[upkeep]
|upkeep
|turn|2
|l| SchoolTo1400
|
|t:|1743784916
|-end|p1a: Raging Bolt|Protosynthesis|[silent]
|switch|p1a: Garchomp|Garchomp, F|100/100
|switch|p2a: Clodsire|Clodsire, M|100/100
|
|-weather|Snowscape|[upkeep]
|upkeep
|turn|3
|inactive|bizarman has 120 seconds left.
|
|t:|1743784934
|switch|p2a: Pelipper|Pelipper, M|100/100
|-weather|RainDance|[from] ability: Drizzle|[of] p2a: Pelipper
|move|p1a: Garchomp|Swords Dance|p1a: Garchomp
|-boost|p1a: Garchomp|atk|2
|
|-weather|RainDance|[upkeep]
|upkeep
|turn|4
|j| union boss
|inactive|bizarman has 120 seconds left.
|
|t:|1743784944
|switch|p2a: Corviknight|Corviknight, M|100/100
|-ability|p2a: Corviknight|Pressure
|move|p1a: Garchomp|Outrage|p2a: Corviknight
|-resisted|p2a: Corviknight
|-damage|p2a: Corviknight|53/100
|-damage|p1a: Garchomp|84/100|[from] item: Rocky Helmet|[of] p2a: Corviknight
|-damage|p1a: Garchomp|74/100|[from] item: Life Orb
|
|-weather|RainDance|[upkeep]
|upkeep
|turn|5
|inactive|bizarman has 120 seconds left.
|
|t:|1743784954
|move|p1a: Garchomp|Outrage|p2a: Corviknight|[from] lockedmove
|-resisted|p2a: Corviknight
|-damage|p2a: Corviknight|6/100
|-damage|p1a: Garchomp|58/100|[from] item: Rocky Helmet|[of] p2a: Corviknight
|-damage|p1a: Garchomp|48/100|[from] item: Life Orb
|move|p2a: Corviknight|Roost|p2a: Corviknight
|-heal|p2a: Corviknight|56/100
|-singleturn|p2a: Corviknight|move: Roost
|
|-weather|RainDance|[upkeep]
|upkeep
|turn|6
|
|t:|1743784964
|move|p1a: Garchomp|Outrage|p2a: Corviknight|[from] lockedmove
|-resisted|p2a: Corviknight
|-damage|p2a: Corviknight|9/100
|-damage|p1a: Garchomp|31/100|[from] item: Rocky Helmet|[of] p2a: Corviknight
|-damage|p1a: Garchomp|22/100|[from] item: Life Orb
|-start|p1a: Garchomp|confusion|[fatigue]
|move|p2a: Corviknight|Roost|p2a: Corviknight
|-heal|p2a: Corviknight|59/100
|-singleturn|p2a: Corviknight|move: Roost
|
|-weather|RainDance|[upkeep]
|upkeep
|turn|7
|
|t:|1743784976
|-activate|p1a: Garchomp|confusion
|move|p1a: Garchomp|Swords Dance|p1a: Garchomp
|-boost|p1a: Garchomp|atk|2
|move|p2a: Corviknight|Roost|p2a: Corviknight
|-heal|p2a: Corviknight|100/100
|-singleturn|p2a: Corviknight|move: Roost
|
|-weather|RainDance|[upkeep]
|upkeep
|turn|8
|j| Dionysos
|l| Dionysos
|inactive|bizarman has 120 seconds left.
|
|t:|1743784994
|-activate|p1a: Garchomp|confusion
|-damage|p1a: Garchomp|0 fnt|[from] confusion
|faint|p1a: Garchomp
|move|p2a: Corviknight|Roost||[still]
|-fail|p2a: Corviknight|heal
|
|-weather|RainDance|[upkeep]
|upkeep
|inactive|bizarman has 120 seconds left.
|
|t:|1743785004
|switch|p1a: Slowking|Slowking-Galar, M|95/100
|turn|9
|c|☆bizarman|sad
|
|t:|1743785018
|switch|p2a: Zapdos|Zapdos|100/100
|-prepare|p1a: Slowking|Chilly Reception|[premajor]
|move|p1a: Slowking|Chilly Reception|p1a: Slowking
|-weather|Snowscape
|
|t:|1743785027
|switch|p1a: Raging Bolt|Raging Bolt|100/100|[from] Chilly Reception
|
|-weather|Snowscape|[upkeep]
|upkeep
|turn|10
|
|t:|1743785039
|switch|p2a: Clodsire|Clodsire, M|100/100
|-end|p1a: Raging Bolt|Protosynthesis|[silent]
|switch|p1a: Great Tusk|Great Tusk|100/100
|
|-weather|Snowscape|[upkeep]
|upkeep
|turn|11
|
|t:|1743785045
|switch|p2a: Corviknight|Corviknight, M|100/100
|-ability|p2a: Corviknight|Pressure
|move|p1a: Great Tusk|Stealth Rock|p2a: Corviknight
|-sidestart|p2: Thibault56|move: Stealth Rock
|
|-weather|Snowscape|[upkeep]
|upkeep
|turn|12
|
|t:|1743785053
|-end|p1a: Great Tusk|Protosynthesis|[silent]
|switch|p1a: Moltres|Moltres|100/100
|move|p2a: Corviknight|Defog|p1a: Moltres
|-unboost|p1a: Moltres|evasion|1
|-sideend|p2: Thibault56|Stealth Rock|[from] move: Defog|[of] p2a: Corviknight
|
|-weather|Snowscape|[upkeep]
|upkeep
|turn|13
|
|t:|1743785061
|move|p1a: Moltres|U-turn|p2a: Corviknight
|-resisted|p2a: Corviknight
|-damage|p2a: Corviknight|98/100
|-damage|p1a: Moltres|84/100|[from] item: Rocky Helmet|[of] p2a: Corviknight
|
|t:|1743785068
|switch|p1a: Slowking|Slowking-Galar, M|100/100|[from] U-turn
|move|p2a: Corviknight|U-turn|p1a: Slowking
|-damage|p1a: Slowking|87/100
|j| JAY174
|
|t:|1743785074
|switch|p2a: Barraskewda|Barraskewda, M|100/100|[from] U-turn
|
|-weather|none
|upkeep
|turn|14
|c|☆bizarman|cant win this lol
|j| Le Bouquetin
|
|t:|1743785100
|-terastallize|p2a: Barraskewda|Water
|-terastallize|p1a: Slowking|Water
|move|p2a: Barraskewda|Flip Turn|p1a: Slowking
|-resisted|p1a: Slowking
|-damage|p1a: Slowking|54/100
|
|t:|1743785106
|switch|p2a: Corviknight|Corviknight, M|98/100|[from] Flip Turn
|-ability|p2a: Corviknight|Pressure
|move|p1a: Slowking|Future Sight|p2a: Corviknight
|-start|p1a: Slowking|move: Future Sight
|
|upkeep
|turn|15
|
|t:|1743785113
|move|p2a: Corviknight|Body Press|p1a: Slowking
|-damage|p1a: Slowking|26/100
|-prepare|p1a: Slowking|Chilly Reception|[premajor]
|move|p1a: Slowking|Chilly Reception|p1a: Slowking
|-weather|Snowscape
|
|t:|1743785119
|switch|p1a: Raging Bolt|Raging Bolt|100/100|[from] Chilly Reception
|
|-weather|Snowscape|[upkeep]
|upkeep
|turn|16
|
|t:|1743785124
|switch|p2a: Incineroar|Incineroar, F|100/100
|-ability|p2a: Incineroar|Intimidate|boost
|-unboost|p1a: Raging Bolt|atk|1
|move|p1a: Raging Bolt|Thunderbolt|p2a: Incineroar
|-damage|p2a: Incineroar|66/100
|
|-weather|Snowscape|[upkeep]
|-end|p2a: Incineroar|move: Future Sight
|-immune|p2a: Incineroar
|upkeep
|turn|17
|
|t:|1743785145
|-end|p1a: Raging Bolt|Protosynthesis|[silent]
|switch|p1a: Moltres|Moltres|84/100
|switch|p2a: Clodsire|Clodsire, M|100/100
|
|-weather|Snowscape|[upkeep]
|upkeep
|turn|18
|
|t:|1743785168
|switch|p2a: Incineroar|Incineroar, F|66/100
|-ability|p2a: Incineroar|Intimidate|boost
|-unboost|p1a: Moltres|atk|1
|move|p1a: Moltres|U-turn|p2a: Incineroar
|-damage|p2a: Incineroar|56/100
|
|t:|1743785182
|switch|p1a: Great Tusk|Great Tusk|100/100|[from] U-turn
|
|-weather|Snowscape|[upkeep]
|upkeep
|turn|19
|
|t:|1743785192
|switch|p2a: Corviknight|Corviknight, M|98/100
|-ability|p2a: Corviknight|Pressure
|move|p1a: Great Tusk|Stealth Rock|p2a: Corviknight
|-sidestart|p2: Thibault56|move: Stealth Rock
|
|-weather|none
|upkeep
|turn|20
|
|t:|1743785199
|-end|p1a: Great Tusk|Protosynthesis|[silent]
|switch|p1a: Slowking|Slowking-Galar, M, tera:Water|59/100
|move|p2a: Corviknight|Defog|p1a: Slowking
|-unboost|p1a: Slowking|evasion|1
|-sideend|p2: Thibault56|Stealth Rock|[from] move: Defog|[of] p2a: Corviknight
|
|upkeep
|turn|21
|
|t:|1743785224
|move|p2a: Corviknight|Body Press|p1a: Slowking
|-damage|p1a: Slowking|32/100
|move|p1a: Slowking|Future Sight|p2a: Corviknight
|-start|p1a: Slowking|move: Future Sight
|
|upkeep
|turn|22
|
|t:|1743785230
|switch|p1a: Moltres|Moltres|84/100
|move|p2a: Corviknight|U-turn|p1a: Moltres
|-resisted|p1a: Moltres
|-damage|p1a: Moltres|82/100
|
|t:|1743785233
|switch|p2a: Incineroar|Incineroar, F|56/100|[from] U-turn
|-ability|p2a: Incineroar|Intimidate|boost
|-unboost|p1a: Moltres|atk|1
|
|upkeep
|turn|23
|
|t:|1743785245
|move|p1a: Moltres|Flamethrower|p2a: Incineroar
|-resisted|p2a: Incineroar
|-damage|p2a: Incineroar|44/100
|move|p2a: Incineroar|Will-O-Wisp|p1a: Moltres
|-immune|p1a: Moltres
|
|-end|p2a: Incineroar|move: Future Sight
|-immune|p2a: Incineroar
|upkeep
|turn|24
|
|t:|1743785254
|move|p1a: Moltres|U-turn|p2a: Incineroar
|-crit|p2a: Incineroar
|-damage|p2a: Incineroar|23/100
|
|t:|1743785259
|switch|p1a: Raging Bolt|Raging Bolt|100/100|[from] U-turn
|move|p2a: Incineroar|Knock Off|p1a: Raging Bolt
|-damage|p1a: Raging Bolt|76/100
|
|upkeep
|turn|25
|
|t:|1743785267
|switch|p2a: Clodsire|Clodsire, M|100/100
|move|p1a: Raging Bolt|Dragon Pulse|p2a: Clodsire
|-damage|p2a: Clodsire|75/100
|
|-heal|p2a: Clodsire|81/100|[from] item: Leftovers
|upkeep
|turn|26
|
|t:|1743785278
|-end|p1a: Raging Bolt|Protosynthesis|[silent]
|switch|p1a: Great Tusk|Great Tusk|100/100
|move|p2a: Clodsire|Toxic|p1a: Great Tusk
|-status|p1a: Great Tusk|tox
|
|-heal|p2a: Clodsire|88/100|[from] item: Leftovers
|-damage|p1a: Great Tusk|94/100 tox|[from] psn
|upkeep
|turn|27
|
|t:|1743785286
|switch|p2a: Corviknight|Corviknight, M|98/100
|-ability|p2a: Corviknight|Pressure
|move|p1a: Great Tusk|Stealth Rock|p2a: Corviknight
|-sidestart|p2: Thibault56|move: Stealth Rock
|
|-damage|p1a: Great Tusk|82/100 tox|[from] psn
|upkeep
|turn|28
|
|t:|1743785301
|-end|p1a: Great Tusk|Protosynthesis|[silent]
|switch|p1a: Moltres|Moltres|82/100
|move|p2a: Corviknight|Defog|p1a: Moltres
|-unboost|p1a: Moltres|evasion|1
|-sideend|p2: Thibault56|Stealth Rock|[from] move: Defog|[of] p2a: Corviknight
|
|upkeep
|turn|29
|inactive|Thibault56 has 120 seconds left.
|
|t:|1743785342
|switch|p2a: Pelipper|Pelipper, M|100/100
|-weather|RainDance|[from] ability: Drizzle|[of] p2a: Pelipper
|move|p1a: Moltres|Flamethrower|p2a: Pelipper
|-resisted|p2a: Pelipper
|-damage|p2a: Pelipper|87/100
|
|-weather|RainDance|[upkeep]
|upkeep
|turn|30
|
|t:|1743785350
|move|p1a: Moltres|U-turn|p2a: Pelipper
|-resisted|p2a: Pelipper
|-damage|p2a: Pelipper|79/100
|
|t:|1743785353
|switch|p1a: Slowking|Slowking-Galar, M, tera:Water|65/100|[from] U-turn
|move|p2a: Pelipper|U-turn|p1a: Slowking
|-crit|p1a: Slowking
|-damage|p1a: Slowking|53/100
|inactive|Thibault56 has 120 seconds left.
|
|t:|1743785359
|switch|p2a: Barraskewda|Barraskewda, M, tera:Water|100/100|[from] U-turn
|
|-weather|RainDance|[upkeep]
|upkeep
|turn|31
|
|t:|1743785366
|switch|p1a: Raging Bolt|Raging Bolt|76/100
|move|p2a: Barraskewda|Liquidation|p1a: Raging Bolt
|-resisted|p1a: Raging Bolt
|-crit|p1a: Raging Bolt
|-damage|p1a: Raging Bolt|0 fnt
|faint|p1a: Raging Bolt
|-end|p1a: Raging Bolt|Protosynthesis|[silent]
|
|-weather|RainDance|[upkeep]
|upkeep
|c|☆bizarman|gg
|-message|bizarman forfeited.
|
|win|Thibault56
|raw|bizarman's rating: 1807 &rarr; <strong>1785</strong><br />(-22 for losing)
|raw|Thibault56's rating: 1773 &rarr; <strong>1795</strong><br />(+22 for winning)
|l|☆Thibault56
|player|p2|
|l|☆bizarman
|player|p1|
|l| metaloid
|l| JAY174
