|j|☆dunkpepe
|j|☆votebiden2024
|t:|1743833454
|gametype|singles
|player|p1|dunkpepe|dawn|1547
|player|p2|votebiden2024|169|1657
|teamsize|p1|6
|teamsize|p2|6
|gen|9
|tier|[Gen 9] OU
|rated|
|rule|HP Percentage Mod: HP is shown in percentages
|rule|Endless Battle Clause: Forcing endless battles is banned
|rule|Species Clause: Limit one of each Pokémon
|rule|OHKO Clause: OHKO moves are banned
|rule|Evasion Items Clause: Evasion items are banned
|rule|Evasion Moves Clause: Evasion moves are banned
|rule|Sleep Moves Clause: Sleep-inducing moves are banned
|clearpoke
|poke|p1|Ting-Lu|
|poke|p1|Gliscor, F|
|poke|p1|Sinistcha|
|poke|p1|Keldeo|
|poke|p1|Tinkaton, F|
|poke|p1|Dragonite, M|
|poke|p2|Alomomola, F|
|poke|p2|Hawlucha, M|
|poke|p2|Zamazenta-*|
|poke|p2|Ting-Lu|
|poke|p2|Hoopa-Unbound|
|poke|p2|Darkrai|
|teampreview
|inactive|Battle timer is ON: inactive players will automatically lose when time's up. (requested by dunkpepe)
|
|t:|1743833477
|start
|switch|p1a: My Little Pwny|Keldeo|100/100
|switch|p2a: Zamazenta|Zamazenta|100/100
|-ability|p2a: Zamazenta|Dauntless Shield|boost
|-boost|p2a: Zamazenta|def|1
|turn|1
|
|t:|1743833484
|switch|p1a: Dance Armstrong|Gliscor, F|100/100
|move|p2a: Zamazenta|Close Combat|p1a: Dance Armstrong
|-resisted|p1a: Dance Armstrong
|-crit|p1a: Dance Armstrong
|-damage|p1a: Dance Armstrong|47/100
|-unboost|p2a: Zamazenta|def|1
|-unboost|p2a: Zamazenta|spd|1
|
|-status|p1a: Dance Armstrong|tox|[from] item: Toxic Orb
|upkeep
|turn|2
|
|t:|1743833491
|switch|p2a: Darkrai|Darkrai|100/100
|move|p1a: Dance Armstrong|Protect||[still]
|-fail|p1a: Dance Armstrong
|
|-heal|p1a: Dance Armstrong|59/100 tox|[from] ability: Poison Heal
|upkeep
|turn|3
|
|t:|1743833515
|switch|p1a: Tinkki Minaj|Tinkaton, F|100/100
|-ability|p1a: Tinkki Minaj|Mold Breaker
|-item|p1a: Tinkki Minaj|Air Balloon
|move|p2a: Darkrai|Ice Beam|p1a: Tinkki Minaj
|-resisted|p1a: Tinkki Minaj
|-damage|p1a: Tinkki Minaj|78/100
|-enditem|p1a: Tinkki Minaj|Air Balloon
|
|upkeep
|turn|4
|
|t:|1743833523
|switch|p2a: Hawlucha|Hawlucha, M|100/100
|-ability|p2a: Hawlucha|Mold Breaker
|move|p1a: Tinkki Minaj|Stealth Rock|p2a: Hawlucha
|-sidestart|p2: votebiden2024|move: Stealth Rock
|
|upkeep
|turn|5
|
|t:|1743833526
|move|p1a: Tinkki Minaj|Thunder Wave|p2a: Hawlucha
|-status|p2a: Hawlucha|par
|move|p2a: Hawlucha|Defog|p1a: Tinkki Minaj
|-unboost|p1a: Tinkki Minaj|evasion|1
|-sideend|p2: votebiden2024|Stealth Rock|[from] move: Defog|[of] p2a: Hawlucha
|
|upkeep
|turn|6
|
|t:|1743833530
|move|p1a: Tinkki Minaj|Stealth Rock|p2a: Hawlucha
|-sidestart|p2: votebiden2024|move: Stealth Rock
|move|p2a: Hawlucha|U-turn|p1a: Tinkki Minaj
|-resisted|p1a: Tinkki Minaj
|-damage|p1a: Tinkki Minaj|74/100
|
|t:|1743833547
|switch|p2a: Zamazenta|Zamazenta|100/100|[from] U-turn
|-damage|p2a: Zamazenta|94/100|[from] Stealth Rock
|
|upkeep
|turn|7
|inactive|dunkpepe has 120 seconds left.
|
|t:|1743833581
|switch|p1a: Tchavis Scott|Sinistcha|100/100
|move|p2a: Zamazenta|Ice Fang|p1a: Tchavis Scott
|-supereffective|p1a: Tchavis Scott
|-crit|p1a: Tchavis Scott
|-damage|p1a: Tchavis Scott|26/100
|
|upkeep
|turn|8
|
|t:|1743833589
|switch|p1a: My Little Pwny|Keldeo|100/100
|move|p2a: Zamazenta|Ice Fang|p1a: My Little Pwny
|-resisted|p1a: My Little Pwny
|-damage|p1a: My Little Pwny|79/100
|
|upkeep
|turn|9
|
|t:|1743833595
|switch|p2a: Alomomola|Alomomola, F|100/100
|-damage|p2a: Alomomola|88/100|[from] Stealth Rock
|move|p1a: My Little Pwny|Flip Turn|p2a: Alomomola
|-resisted|p2a: Alomomola
|-damage|p2a: Alomomola|83/100
|
|t:|1743833597
|switch|p1a: Tchavis Scott|Sinistcha|26/100|[from] Flip Turn
|
|upkeep
|turn|10
|
|t:|1743833623
|switch|p2a: Hoopa|Hoopa-Unbound|100/100
|-damage|p2a: Hoopa|88/100|[from] Stealth Rock
|move|p1a: Tchavis Scott|Strength Sap|p2a: Hoopa
|-unboost|p2a: Hoopa|atk|1
|-heal|p1a: Tchavis Scott|100/100
|
|upkeep
|turn|11
|
|t:|1743833632
|switch|p1a: Cuphead|Ting-Lu|100/100
|-ability|p1a: Cuphead|Vessel of Ruin
|move|p2a: Hoopa|Grass Knot|p1a: Cuphead
|-supereffective|p1a: Cuphead
|-damage|p1a: Cuphead|61/100
|
|-heal|p1a: Cuphead|67/100|[from] item: Leftovers
|upkeep
|turn|12
|
|t:|1743833638
|move|p2a: Hoopa|Grass Knot|p1a: Cuphead
|-supereffective|p1a: Cuphead
|-damage|p1a: Cuphead|23/100
|move|p1a: Cuphead|Spikes|p2a: Hoopa
|-sidestart|p2: votebiden2024|Spikes
|
|-heal|p1a: Cuphead|29/100|[from] item: Leftovers
|upkeep
|turn|13
|
|t:|1743833647
|switch|p2a: Hawlucha|Hawlucha, M|100/100 par
|-damage|p2a: Hawlucha|88/100 par|[from] Stealth Rock
|-ability|p2a: Hawlucha|Mold Breaker
|switch|p1a: Tinkki Minaj|Tinkaton, F|74/100
|-ability|p1a: Tinkki Minaj|Mold Breaker
|
|-heal|p2a: Hawlucha|94/100 par|[from] item: Leftovers
|upkeep
|turn|14
|
|t:|1743833651
|move|p1a: Tinkki Minaj|Gigaton Hammer|p2a: Hawlucha
|-damage|p2a: Hawlucha|56/100 par
|move|p2a: Hawlucha|Defog|p1a: Tinkki Minaj
|-unboost|p1a: Tinkki Minaj|evasion|1
|-sideend|p2: votebiden2024|Spikes|[from] move: Defog|[of] p2a: Hawlucha
|-sideend|p2: votebiden2024|Stealth Rock|[from] move: Defog|[of] p2a: Hawlucha
|
|-heal|p2a: Hawlucha|62/100 par|[from] item: Leftovers
|upkeep
|turn|15
|
|t:|1743833663
|move|p1a: Tinkki Minaj|Stealth Rock|p2a: Hawlucha
|-sidestart|p2: votebiden2024|move: Stealth Rock
|move|p2a: Hawlucha|Roost|p2a: Hawlucha
|-heal|p2a: Hawlucha|100/100 par
|-singleturn|p2a: Hawlucha|move: Roost
|
|upkeep
|turn|16
|
|t:|1743833671
|move|p1a: Tinkki Minaj|Encore|p2a: Hawlucha
|-start|p2a: Hawlucha|Encore
|move|p2a: Hawlucha|Roost||[still]
|-fail|p2a: Hawlucha|heal
|
|upkeep
|turn|17
|
|t:|1743833684
|switch|p1a: Dance Armstrong|Gliscor, F|59/100 tox
|switch|p2a: Alomomola|Alomomola, F|100/100
|-damage|p2a: Alomomola|88/100|[from] Stealth Rock
|
|-heal|p1a: Dance Armstrong|72/100 tox|[from] ability: Poison Heal
|upkeep
|turn|18
|
|t:|1743833686
|move|p1a: Dance Armstrong|Protect|p1a: Dance Armstrong
|-singleturn|p1a: Dance Armstrong|Protect
|move|p2a: Alomomola|Flip Turn|p1a: Dance Armstrong
|-activate|p1a: Dance Armstrong|move: Protect
|
|-heal|p1a: Dance Armstrong|84/100 tox|[from] ability: Poison Heal
|upkeep
|turn|19
|
|t:|1743833693
|move|p1a: Dance Armstrong|Knock Off|p2a: Alomomola
|-damage|p2a: Alomomola|71/100
|-enditem|p2a: Alomomola|Assault Vest|[from] move: Knock Off|[of] p1a: Dance Armstrong
|move|p2a: Alomomola|Flip Turn|p1a: Dance Armstrong
|-supereffective|p1a: Dance Armstrong
|-damage|p1a: Dance Armstrong|60/100 tox
|
|t:|1743833697
|switch|p2a: Darkrai|Darkrai|100/100|[from] Flip Turn
|-damage|p2a: Darkrai|88/100|[from] Stealth Rock
|
|-heal|p1a: Dance Armstrong|72/100 tox|[from] ability: Poison Heal
|upkeep
|turn|20
|
|t:|1743833704
|switch|p1a: Tinkki Minaj|Tinkaton, F|74/100
|-ability|p1a: Tinkki Minaj|Mold Breaker
|-terastallize|p2a: Darkrai|Dark
|move|p2a: Darkrai|Dark Pulse|p1a: Tinkki Minaj
|-resisted|p1a: Tinkki Minaj
|-damage|p1a: Tinkki Minaj|38/100
|
|upkeep
|turn|21
|
|t:|1743833713
|switch|p2a: Alomomola|Alomomola, F|100/100
|-damage|p2a: Alomomola|88/100|[from] Stealth Rock
|move|p1a: Tinkki Minaj|Thunder Wave|p2a: Alomomola
|-status|p2a: Alomomola|par
|
|upkeep
|turn|22
|
|t:|1743833718
|switch|p1a: Tchavis Scott|Sinistcha|100/100
|cant|p2a: Alomomola|par
|
|upkeep
|turn|23
|
|t:|1743833722
|move|p1a: Tchavis Scott|Matcha Gotcha|p2a: Alomomola
|-supereffective|p2a: Alomomola
|-damage|p2a: Alomomola|39/100 par
|cant|p2a: Alomomola|par
|
|upkeep
|turn|24
|
|t:|1743833731
|switch|p2a: Hawlucha|Hawlucha, M|100/100 par
|-damage|p2a: Hawlucha|88/100 par|[from] Stealth Rock
|-ability|p2a: Hawlucha|Mold Breaker
|move|p1a: Tchavis Scott|Matcha Gotcha|p2a: Hawlucha
|-resisted|p2a: Hawlucha
|-damage|p2a: Hawlucha|65/100 par
|
|-heal|p2a: Hawlucha|71/100 par|[from] item: Leftovers
|upkeep
|turn|25
|
|t:|1743833734
|move|p1a: Tchavis Scott|Strength Sap|p2a: Hawlucha
|-unboost|p2a: Hawlucha|atk|1
|cant|p2a: Hawlucha|par
|
|-heal|p2a: Hawlucha|77/100 par|[from] item: Leftovers
|upkeep
|turn|26
|
|t:|1743833739
|move|p1a: Tchavis Scott|Shadow Ball|p2a: Hawlucha
|-crit|p2a: Hawlucha
|-damage|p2a: Hawlucha|10/100 par
|cant|p2a: Hawlucha|par
|
|-heal|p2a: Hawlucha|16/100 par|[from] item: Leftovers
|upkeep
|turn|27
|
|t:|1743833745
|switch|p2a: Ting-Lu|Ting-Lu|100/100
|-damage|p2a: Ting-Lu|94/100|[from] Stealth Rock
|-ability|p2a: Ting-Lu|Vessel of Ruin
|move|p1a: Tchavis Scott|Shadow Ball|p2a: Ting-Lu
|-resisted|p2a: Ting-Lu
|-damage|p2a: Ting-Lu|86/100
|-unboost|p2a: Ting-Lu|spd|1
|
|upkeep
|turn|28
|
|t:|1743833748
|move|p1a: Tchavis Scott|Matcha Gotcha|p2a: Ting-Lu
|-supereffective|p2a: Ting-Lu
|-damage|p2a: Ting-Lu|26/100
|-status|p2a: Ting-Lu|brn
|move|p2a: Ting-Lu|Throat Chop|p1a: Tchavis Scott
|-supereffective|p1a: Tchavis Scott
|-damage|p1a: Tchavis Scott|58/100
|-start|p1a: Tchavis Scott|Throat Chop|[silent]
|
|-damage|p2a: Ting-Lu|19/100 brn|[from] brn
|upkeep
|turn|29
|
|t:|1743833757
|move|p1a: Tchavis Scott|Matcha Gotcha|p2a: Ting-Lu
|-supereffective|p2a: Ting-Lu
|-damage|p2a: Ting-Lu|0 fnt
|-heal|p1a: Tchavis Scott|72/100|[from] drain|[of] p2a: Ting-Lu
|faint|p2a: Ting-Lu
|
|-end|p1a: Tchavis Scott|Throat Chop|[silent]
|upkeep
|
|t:|1743833760
|switch|p2a: Darkrai|Darkrai, tera:Dark|88/100
|-damage|p2a: Darkrai|76/100|[from] Stealth Rock
|turn|30
|
|t:|1743833764
|switch|p1a: Cuphead|Ting-Lu|29/100
|-ability|p1a: Cuphead|Vessel of Ruin
|move|p2a: Darkrai|Dark Pulse|p1a: Cuphead
|-resisted|p1a: Cuphead
|-damage|p1a: Cuphead|12/100
|
|-heal|p1a: Cuphead|19/100|[from] item: Leftovers
|upkeep
|turn|31
|
|t:|1743833771
|move|p2a: Darkrai|Dark Pulse|p1a: Cuphead
|-resisted|p1a: Cuphead
|-crit|p1a: Cuphead
|-damage|p1a: Cuphead|0 fnt
|faint|p1a: Cuphead
|
|upkeep
|
|t:|1743833785
|switch|p1a: Secret Service|Dragonite, M|100/100
|turn|32
|
|t:|1743833789
|move|p2a: Darkrai|Dark Pulse|p1a: Secret Service
|-damage|p1a: Secret Service|61/100
|move|p1a: Secret Service|Dragon Tail|p2a: Darkrai
|-damage|p2a: Darkrai|28/100
|drag|p2a: Hoopa|Hoopa-Unbound|88/100
|-damage|p2a: Hoopa|76/100|[from] Stealth Rock
|
|upkeep
|turn|33
|
|t:|1743833806
|move|p1a: Secret Service|Extreme Speed|p2a: Hoopa
|-damage|p2a: Hoopa|20/100
|move|p2a: Hoopa|Psychic|p1a: Secret Service
|-damage|p1a: Secret Service|11/100
|
|upkeep
|turn|34
|
|t:|1743833814
|switch|p2a: Alomomola|Alomomola, F|73/100 par
|-damage|p2a: Alomomola|60/100 par|[from] Stealth Rock
|move|p1a: Secret Service|Extreme Speed|p2a: Alomomola
|-damage|p2a: Alomomola|39/100 par
|
|upkeep
|turn|35
|
|t:|1743833821
|move|p1a: Secret Service|Roost|p1a: Secret Service
|-heal|p1a: Secret Service|61/100
|-singleturn|p1a: Secret Service|move: Roost
|cant|p2a: Alomomola|par
|
|upkeep
|turn|36
|
|t:|1743833827
|switch|p2a: Zamazenta|Zamazenta|94/100
|-damage|p2a: Zamazenta|88/100|[from] Stealth Rock
|move|p1a: Secret Service|Dragon Tail|p2a: Zamazenta
|-damage|p2a: Zamazenta|56/100
|drag|p2a: Hoopa|Hoopa-Unbound|20/100
|-damage|p2a: Hoopa|8/100|[from] Stealth Rock
|
|upkeep
|turn|37
|
|t:|1743833837
|move|p1a: Secret Service|Extreme Speed|p2a: Hoopa
|-damage|p2a: Hoopa|0 fnt
|faint|p2a: Hoopa
|
|upkeep
|-message|votebiden2024 forfeited.
|
|win|dunkpepe
|raw|dunkpepe's rating: 1547 &rarr; <strong>1573</strong><br />(+26 for winning)
|raw|votebiden2024's rating: 1657 &rarr; <strong>1631</strong><br />(-26 for losing)
|l|☆votebiden2024
|player|p2|
|l|☆dunkpepe
|player|p1|
