|j|☆Something147
|j|☆LandotheRandoPando
|t:|1743789065
|gametype|singles
|player|p1|Something147|bede-leader|1279
|player|p2|LandotheRandoPando|2|1285
|teamsize|p1|6
|teamsize|p2|6
|gen|9
|tier|[Gen 9] OU
|rated|
|rule|HP Percentage Mod: HP is shown in percentages
|rule|Endless Battle Clause: Forcing endless battles is banned
|rule|Species Clause: Limit one of each Pokémon
|rule|OHKO Clause: OHKO moves are banned
|rule|Evasion Items Clause: Evasion items are banned
|rule|Evasion Moves Clause: Evasion moves are banned
|rule|Sleep Moves Clause: Sleep-inducing moves are banned
|clearpoke
|poke|p1|Alomomola, M|
|poke|p1|Toxapex, F|
|poke|p1|Clodsire, M|
|poke|p1|Blissey, F|
|poke|p1|Dondozo, F|
|poke|p1|Talonflame, M|
|poke|p2|Iron Treads|
|poke|p2|Dragonite, M|
|poke|p2|Barraskewda, F|
|poke|p2|Pelipper, F|
|poke|p2|Bellibolt, F|
|poke|p2|Basculegion, M|
|teampreview
|inactive|Battle timer is ON: inactive players will automatically lose when time's up. (requested by Something147)
|
|t:|1743789080
|start
|switch|p1a: Blissey|Blissey, F|100/100
|switch|p2a: Iron Treads|Iron Treads|100/100
|turn|1
|j| LesNeuilles
|l| LesNeuilles
|
|t:|1743789101
|switch|p1a: Toxapex|Toxapex, F|100/100
|move|p2a: Iron Treads|Stealth Rock|p1a: Toxapex
|-sidestart|p1: Something147|move: Stealth Rock
|
|upkeep
|turn|2
|
|t:|1743789108
|move|p2a: Iron Treads|Volt Switch|p1a: Toxapex
|-supereffective|p1a: Toxapex
|-damage|p1a: Toxapex|77/100
|
|t:|1743789113
|-end|p2a: Iron Treads|Quark Drive|[silent]
|switch|p2a: Bellibolt|Bellibolt, F|100/100|[from] Volt Switch
|move|p1a: Toxapex|Infestation|p2a: Bellibolt
|-damage|p2a: Bellibolt|99/100
|-activate|p2a: Bellibolt|move: Infestation|[of] p1a: Toxapex
|-start|p2a: Bellibolt|Charge|Infestation|[from] ability: Electromorphosis
|
|-damage|p2a: Bellibolt|86/100|[from] move: Infestation|[partiallytrapped]
|upkeep
|turn|3
|
|t:|1743789122
|switch|p1a: Clodsire|Clodsire, M|100/100
|move|p2a: Bellibolt|Volt Switch|p1a: Clodsire
|-immune|p1a: Clodsire
|-end|p2a: Bellibolt|Charge|[silent]
|
|-end|p2a: Bellibolt|Infestation|[partiallytrapped]|[silent]
|upkeep
|turn|4
|
|t:|1743789126
|switch|p2a: Iron Treads|Iron Treads|100/100
|move|p1a: Clodsire|Toxic|p2a: Iron Treads
|-immune|p2a: Iron Treads
|
|upkeep
|turn|5
|
|t:|1743789135
|switch|p1a: Toxapex|Toxapex, F|100/100
|move|p2a: Iron Treads|Earth Power|p1a: Toxapex
|-supereffective|p1a: Toxapex
|-damage|p1a: Toxapex|53/100
|
|upkeep
|turn|6
|
|t:|1743789141
|switch|p1a: Alomomola|Alomomola, M|100/100
|move|p2a: Iron Treads|Earth Power|p1a: Alomomola
|-damage|p1a: Alomomola|69/100
|
|upkeep
|turn|7
|
|t:|1743789147
|move|p1a: Alomomola|Protect|p1a: Alomomola
|-singleturn|p1a: Alomomola|Protect
|move|p2a: Iron Treads|Volt Switch|p1a: Alomomola
|-activate|p1a: Alomomola|move: Protect
|
|upkeep
|turn|8
|
|t:|1743789153
|switch|p1a: Clodsire|Clodsire, M|100/100
|move|p2a: Iron Treads|Earth Power|p1a: Clodsire
|-supereffective|p1a: Clodsire
|-damage|p1a: Clodsire|73/100
|
|upkeep
|turn|9
|
|t:|1743789161
|switch|p1a: Toxapex|Toxapex, F|86/100
|move|p2a: Iron Treads|Earth Power|p1a: Toxapex
|-supereffective|p1a: Toxapex
|-damage|p1a: Toxapex|41/100
|
|upkeep
|turn|10
|
|t:|1743789168
|switch|p1a: Alomomola|Alomomola, M|100/100
|move|p2a: Iron Treads|Volt Switch|p1a: Alomomola
|-supereffective|p1a: Alomomola
|-damage|p1a: Alomomola|69/100
|
|t:|1743789175
|-end|p2a: Iron Treads|Quark Drive|[silent]
|switch|p2a: Dragonite|Dragonite, M|100/100|[from] Volt Switch
|
|upkeep
|turn|11
|
|t:|1743789179
|move|p2a: Dragonite|Draco Meteor|p1a: Alomomola
|-damage|p1a: Alomomola|0 fnt
|-unboost|p2a: Dragonite|spa|2
|-enditem|p2a: Dragonite|Eject Pack
|faint|p1a: Alomomola
|
|t:|1743789184
|switch|p2a: Pelipper|Pelipper, F|100/100
|-weather|RainDance|[from] ability: Drizzle|[of] p2a: Pelipper
|
|-weather|RainDance|[upkeep]
|upkeep
|
|t:|1743789193
|switch|p1a: Blissey|Blissey, F|100/100
|turn|12
|
|t:|1743789199
|move|p1a: Blissey|Stealth Rock|p2a: Pelipper
|-sidestart|p2: LandotheRandoPando|move: Stealth Rock
|move|p2a: Pelipper|U-turn|p1a: Blissey
|-damage|p1a: Blissey|81/100
|
|t:|1743789201
|switch|p2a: Iron Treads|Iron Treads|100/100|[from] U-turn
|-damage|p2a: Iron Treads|98/100|[from] Stealth Rock
|
|-weather|RainDance|[upkeep]
|upkeep
|turn|13
|
|t:|1743789206
|switch|p1a: Toxapex|Toxapex, F|74/100
|move|p2a: Iron Treads|Rapid Spin|p1a: Toxapex
|-damage|p1a: Toxapex|67/100
|-boost|p2a: Iron Treads|spe|1
|-sideend|p2: LandotheRandoPando|Stealth Rock|[from] move: Rapid Spin|[of] p2a: Iron Treads
|
|-weather|RainDance|[upkeep]
|upkeep
|turn|14
|
|t:|1743789218
|switch|p1a: Blissey|Blissey, F|81/100
|move|p2a: Iron Treads|Earth Power|p1a: Blissey
|-damage|p1a: Blissey|74/100
|
|-weather|RainDance|[upkeep]
|upkeep
|turn|15
|
|t:|1743789222
|move|p2a: Iron Treads|Volt Switch|p1a: Blissey
|-damage|p1a: Blissey|70/100
|
|t:|1743789227
|-end|p2a: Iron Treads|Quark Drive|[silent]
|switch|p2a: Basculegion|Basculegion, M|100/100|[from] Volt Switch
|move|p1a: Blissey|Seismic Toss|p2a: Basculegion
|-immune|p2a: Basculegion
|
|-weather|RainDance|[upkeep]
|upkeep
|turn|16
|
|t:|1743789233
|switch|p1a: Dondozo|Dondozo, F|100/100
|move|p2a: Basculegion|Flip Turn|p1a: Dondozo
|-resisted|p1a: Dondozo
|-damage|p1a: Dondozo|78/100
|
|t:|1743789239
|switch|p2a: Bellibolt|Bellibolt, F|86/100|[from] Flip Turn
|
|-weather|RainDance|[upkeep]
|upkeep
|turn|17
|
|t:|1743789242
|switch|p1a: Clodsire|Clodsire, M|73/100
|move|p2a: Bellibolt|Weather Ball|p1a: Clodsire
|-supereffective|p1a: Clodsire
|-damage|p1a: Clodsire|21/100
|
|-weather|RainDance|[upkeep]
|upkeep
|turn|18
|
|t:|1743789252
|switch|p1a: Blissey|Blissey, F|70/100
|move|p2a: Bellibolt|Volt Switch|p1a: Blissey
|-damage|p1a: Blissey|60/100
|
|t:|1743789259
|switch|p2a: Basculegion|Basculegion, M|100/100|[from] Volt Switch
|
|-weather|none
|upkeep
|turn|19
|
|t:|1743789266
|move|p2a: Basculegion|Wave Crash|p1a: Blissey
|-damage|p1a: Blissey|0 fnt
|faint|p1a: Blissey
|-damage|p2a: Basculegion|64/100|[from] Recoil
|
|upkeep
|
|t:|1743789273
|switch|p1a: Talonflame|Talonflame, M|100/100
|turn|20
|
|t:|1743789277
|move|p1a: Talonflame|Will-O-Wisp|p2a: Basculegion
|-status|p2a: Basculegion|brn
|move|p2a: Basculegion|Wave Crash|p1a: Talonflame
|-supereffective|p1a: Talonflame
|-damage|p1a: Talonflame|0 fnt
|faint|p1a: Talonflame
|-damage|p2a: Basculegion|33/100 brn|[from] Recoil
|
|-damage|p2a: Basculegion|26/100 brn|[from] brn
|upkeep
|
|t:|1743789283
|switch|p1a: Clodsire|Clodsire, M|21/100
|turn|21
|
|t:|1743789287
|-terastallize|p1a: Clodsire|Steel
|move|p2a: Basculegion|Wave Crash|p1a: Clodsire
|-damage|p1a: Clodsire|0 fnt
|faint|p1a: Clodsire
|-damage|p2a: Basculegion|18/100 brn|[from] Recoil
|
|-damage|p2a: Basculegion|12/100 brn|[from] brn
|upkeep
|-message|Something147 forfeited.
|
|win|LandotheRandoPando
|raw|Something147's rating: 1279 &rarr; <strong>1254</strong><br />(-25 for losing)
|raw|LandotheRandoPando's rating: 1285 &rarr; <strong>1310</strong><br />(+25 for winning)
|c|☆LandotheRandoPando|I love stall
|l|☆Something147
|player|p1|
