|j|☆jcgolden
|j|☆Power5121
|t:|1743856070
|gametype|singles
|player|p1|jcgolden|266|1197
|player|p2|Power5121|zinnia|1179
|teamsize|p1|6
|teamsize|p2|6
|gen|9
|tier|[Gen 9] OU
|rated|
|rule|HP Percentage Mod: HP is shown in percentages
|rule|Endless Battle Clause: Forcing endless battles is banned
|rule|Species Clause: Limit one of each Pokémon
|rule|OHKO Clause: OHKO moves are banned
|rule|Evasion Items Clause: Evasion items are banned
|rule|Evasion Moves Clause: Evasion moves are banned
|rule|Sleep Moves Clause: Sleep-inducing moves are banned
|clearpoke
|poke|p1|Dragonite, F|
|poke|p1|Salamence, F|
|poke|p1|Walking Wake|
|poke|p1|Dragapult, F|
|poke|p1|Mew|
|poke|p1|Iron Treads|
|poke|p2|Toxapex, F|
|poke|p2|Sinistcha-Masterpiece|
|poke|p2|Mandibuzz, F|
|poke|p2|Grimmsnarl, M|
|poke|p2|Dragonite, F|
|poke|p2|Articuno-Galar|
|teampreview
|inactive|Battle timer is ON: inactive players will automatically lose when time's up. (requested by Power5121)
|c|☆jcgolden|oh no
|
|t:|1743856097
|start
|switch|p1a: Mew|Mew|100/100
|switch|p2a: Articuno|Articuno-Galar|100/100
|turn|1
|
|t:|1743856109
|move|p1a: Mew|Dragon Dance|p1a: Mew
|-boost|p1a: Mew|atk|1
|-boost|p1a: Mew|spe|1
|move|p2a: Articuno|U-turn|p1a: Mew
|-supereffective|p1a: Mew
|-damage|p1a: Mew|73/100
|
|t:|1743856113
|switch|p2a: Grimmsnarl|Grimmsnarl, M|100/100|[from] U-turn
|
|upkeep
|turn|2
|
|t:|1743856120
|move|p2a: Grimmsnarl|Sucker Punch|p1a: Mew
|-supereffective|p1a: Mew
|-damage|p1a: Mew|4/100
|move|p1a: Mew|Earthquake|p2a: Grimmsnarl
|-damage|p2a: Grimmsnarl|34/100
|
|upkeep
|turn|3
|
|t:|1743856127
|switch|p2a: Dragonite|Dragonite, F|100/100
|move|p1a: Mew|Dragon Dance|p1a: Mew
|-boost|p1a: Mew|atk|1
|-boost|p1a: Mew|spe|1
|
|upkeep
|turn|4
|
|t:|1743856132
|move|p2a: Dragonite|Extreme Speed|p1a: Mew
|-damage|p1a: Mew|0 fnt
|faint|p1a: Mew
|
|upkeep
|
|t:|1743856144
|switch|p1a: Dragonite|Dragonite, F|100/100
|turn|5
|c|☆Power5121|What are oh noing about
|
|t:|1743856154
|switch|p2a: Grimmsnarl|Grimmsnarl, M|34/100
|move|p1a: Dragonite|Dragon Dance|p1a: Dragonite
|-boost|p1a: Dragonite|atk|1
|-boost|p1a: Dragonite|spe|1
|
|upkeep
|turn|6
|
|t:|1743856162
|move|p2a: Grimmsnarl|Trick|p1a: Dragonite
|-activate|p2a: Grimmsnarl|move: Trick|[of] p1a: Dragonite
|-item|p1a: Dragonite|Choice Scarf|[from] move: Trick
|-item|p2a: Grimmsnarl|Weakness Policy|[from] move: Trick
|move|p1a: Dragonite|Earthquake|p2a: Grimmsnarl
|-damage|p2a: Grimmsnarl|0 fnt
|faint|p2a: Grimmsnarl
|
|upkeep
|
|t:|1743856169
|switch|p2a: Articuno|Articuno-Galar|100/100
|turn|7
|
|t:|1743856174
|switch|p1a: Walking Wake|Walking Wake|100/100
|-enditem|p1a: Walking Wake|Booster Energy
|-activate|p1a: Walking Wake|ability: Protosynthesis|[fromitem]
|-start|p1a: Walking Wake|protosynthesisspa
|move|p2a: Articuno|Future Sight|p1a: Walking Wake
|-start|p2a: Articuno|move: Future Sight
|
|upkeep
|turn|8
|
|t:|1743856182
|move|p1a: Walking Wake|Agility|p1a: Walking Wake
|-boost|p1a: Walking Wake|spe|2
|move|p2a: Articuno|Recover||[still]
|-fail|p2a: Articuno|heal
|
|upkeep
|turn|9
|
|t:|1743856191
|move|p1a: Walking Wake|Dragon Pulse|p2a: Articuno
|-damage|p2a: Articuno|41/100
|move|p2a: Articuno|Freezing Glare|p1a: Walking Wake
|-damage|p1a: Walking Wake|38/100
|-status|p1a: Walking Wake|frz
|
|-end|p1a: Walking Wake|move: Future Sight
|-damage|p1a: Walking Wake|0 fnt
|faint|p1a: Walking Wake
|-end|p1a: Walking Wake|Protosynthesis|[silent]
|upkeep
|
|t:|1743856212
|switch|p1a: Dragapult|Dragapult, F|100/100
|turn|10
|c|☆Power5121|Is that a almost mono dragon team
|
|t:|1743856240
|switch|p2a: Mandibuzz|Mandibuzz, F|100/100
|move|p1a: Dragapult|Dragon Pulse|p2a: Mandibuzz
|-damage|p2a: Mandibuzz|77/100
|
|upkeep
|turn|11
|
|t:|1743856248
|move|p1a: Dragapult|Thunderbolt|p2a: Mandibuzz
|-supereffective|p2a: Mandibuzz
|-damage|p2a: Mandibuzz|45/100
|-status|p2a: Mandibuzz|par
|cant|p2a: Mandibuzz|par
|
|upkeep
|turn|12
|
|t:|1743856255
|switch|p2a: Dragonite|Dragonite, F|100/100
|move|p1a: Dragapult|Thunderbolt|p2a: Dragonite
|-damage|p2a: Dragonite|88/100
|
|upkeep
|turn|13
|
|t:|1743856263
|move|p1a: Dragapult|Dragon Pulse|p2a: Dragonite
|-supereffective|p2a: Dragonite
|-damage|p2a: Dragonite|12/100
|move|p2a: Dragonite|Dragon Dance|p2a: Dragonite
|-boost|p2a: Dragonite|atk|1
|-boost|p2a: Dragonite|spe|1
|
|upkeep
|turn|14
|
|t:|1743856271
|-terastallize|p1a: Dragapult|Ghost
|move|p1a: Dragapult|Dragon Pulse|p2a: Dragonite
|-supereffective|p2a: Dragonite
|-damage|p2a: Dragonite|0 fnt
|faint|p2a: Dragonite
|
|upkeep
|
|t:|1743856281
|switch|p2a: Mandibuzz|Mandibuzz, F|45/100 par
|turn|15
|
|t:|1743856284
|move|p1a: Dragapult|Thunderbolt|p2a: Mandibuzz
|-supereffective|p2a: Mandibuzz
|-damage|p2a: Mandibuzz|11/100 par
|cant|p2a: Mandibuzz|par
|
|upkeep
|turn|16
|
|t:|1743856289
|move|p1a: Dragapult|Thunderbolt|p2a: Mandibuzz
|-supereffective|p2a: Mandibuzz
|-damage|p2a: Mandibuzz|0 fnt
|faint|p2a: Mandibuzz
|
|upkeep
|
|t:|1743856292
|switch|p2a: Sinistcha|Sinistcha-Masterpiece|100/100
|turn|17
|
|t:|1743856298
|-terastallize|p2a: Sinistcha|Steel
|move|p1a: Dragapult|Shadow Ball|p2a: Sinistcha
|-damage|p2a: Sinistcha|48/100
|move|p2a: Sinistcha|Calm Mind|p2a: Sinistcha
|-boost|p2a: Sinistcha|spa|1
|-boost|p2a: Sinistcha|spd|1
|
|-heal|p2a: Sinistcha|55/100|[from] item: Leftovers
|upkeep
|turn|18
|
|t:|1743856309
|move|p1a: Dragapult|Shadow Ball|p2a: Sinistcha
|-damage|p2a: Sinistcha|20/100
|move|p2a: Sinistcha|Strength Sap|p1a: Dragapult
|-unboost|p1a: Dragapult|atk|1
|-heal|p2a: Sinistcha|92/100
|
|-heal|p2a: Sinistcha|98/100|[from] item: Leftovers
|upkeep
|turn|19
|
|t:|1743856318
|move|p1a: Dragapult|Thunderbolt|p2a: Sinistcha
|-damage|p2a: Sinistcha|76/100
|-status|p2a: Sinistcha|par
|cant|p2a: Sinistcha|par
|
|-heal|p2a: Sinistcha|82/100 par|[from] item: Leftovers
|upkeep
|turn|20
|
|t:|1743856327
|move|p1a: Dragapult|Shadow Ball|p2a: Sinistcha
|-damage|p2a: Sinistcha|48/100 par
|-unboost|p2a: Sinistcha|spd|1
|move|p2a: Sinistcha|Matcha Gotcha|p1a: Dragapult
|-damage|p1a: Dragapult|49/100
|-heal|p2a: Sinistcha|72/100 par|[from] drain|[of] p1a: Dragapult
|-start|p2a: Sinistcha|Disable|Matcha Gotcha|[from] ability: Cursed Body|[of] p1a: Dragapult
|
|-heal|p2a: Sinistcha|78/100 par|[from] item: Leftovers
|upkeep
|turn|21
|
|t:|1743856339
|move|p1a: Dragapult|Shadow Ball|p2a: Sinistcha
|-damage|p2a: Sinistcha|22/100 par
|move|p2a: Sinistcha|Calm Mind|p2a: Sinistcha
|-boost|p2a: Sinistcha|spa|1
|-boost|p2a: Sinistcha|spd|1
|
|-heal|p2a: Sinistcha|28/100 par|[from] item: Leftovers
|upkeep
|turn|22
|c|☆Power5121|Woah
|
|t:|1743856346
|move|p1a: Dragapult|Shadow Ball|p2a: Sinistcha
|-damage|p2a: Sinistcha|0 fnt
|faint|p2a: Sinistcha
|
|upkeep
|c|☆jcgolden|nom
|c|☆jcgolden|gg tho
|c|☆Power5121|Gg
|
|t:|1743856364
|switch|p2a: Articuno|Articuno-Galar|41/100
|turn|23
|
|t:|1743856367
|move|p1a: Dragapult|Thunderbolt|p2a: Articuno
|-supereffective|p2a: Articuno
|-damage|p2a: Articuno|0 fnt
|faint|p2a: Articuno
|
|upkeep
|
|t:|1743856371
|switch|p2a: Toxapex|Toxapex, F|100/100
|turn|24
|
|t:|1743856374
|move|p1a: Dragapult|Thunderbolt|p2a: Toxapex
|-supereffective|p2a: Toxapex
|-damage|p2a: Toxapex|57/100
|-status|p2a: Toxapex|par
|move|p2a: Toxapex|Toxic Spikes|p1a: Dragapult
|-sidestart|p1: jcgolden|move: Toxic Spikes
|
|-heal|p2a: Toxapex|63/100 par|[from] item: Leftovers
|upkeep
|turn|25
|
|t:|1743856385
|move|p1a: Dragapult|Thunderbolt|p2a: Toxapex
|-supereffective|p2a: Toxapex
|-damage|p2a: Toxapex|23/100 par
|cant|p2a: Toxapex|par
|
|-heal|p2a: Toxapex|29/100 par|[from] item: Leftovers
|upkeep
|turn|26
|
|t:|1743856392
|move|p1a: Dragapult|Thunderbolt|p2a: Toxapex
|-supereffective|p2a: Toxapex
|-damage|p2a: Toxapex|0 fnt
|faint|p2a: Toxapex
|
|win|jcgolden
|raw|jcgolden's rating: 1197 &rarr; <strong>1221</strong><br />(+24 for winning)
|raw|Power5121's rating: 1179 &rarr; <strong>1155</strong><br />(-24 for losing)
|c|☆jcgolden|:)
|l|☆jcgolden
|player|p1|
|l|☆Power5121
|player|p2|
