|j|☆backwardmuk
|j|☆opgamer21
|t:|1743847778
|gametype|singles
|player|p1|backwardmuk|veteran-gen4|1616
|player|p2|opgamer21|1|1633
|teamsize|p1|6
|teamsize|p2|6
|gen|9
|tier|[Gen 9] OU
|rated|
|rule|HP Percentage Mod: HP is shown in percentages
|rule|Endless Battle Clause: Forcing endless battles is banned
|rule|Species Clause: Limit one of each Pokémon
|rule|OHKO Clause: OHKO moves are banned
|rule|Evasion Items Clause: Evasion items are banned
|rule|Evasion Moves Clause: Evasion moves are banned
|rule|Sleep Moves Clause: Sleep-inducing moves are banned
|clearpoke
|poke|p1|Pecharunt|
|poke|p1|Dondozo, M|
|poke|p1|Blissey, F|
|poke|p1|Ting-Lu|
|poke|p1|Weezing-Galar, F|
|poke|p1|Gliscor, M|
|poke|p2|Ribombee, M|
|poke|p2|Iron Crown|
|poke|p2|Gholdengo|
|poke|p2|Iron Moth|
|poke|p2|Great Tusk|
|poke|p2|Raging Bolt|
|teampreview
|inactive|Battle timer is ON: inactive players will automatically lose when time's up. (requested by backwardmuk)
|inactive|opgamer21 has 120 seconds left.
|
|t:|1743847812
|start
|switch|p1a: Blissey|Blissey, F|100/100
|switch|p2a: Ribombee|Ribombee, M|100/100
|turn|1
|
|t:|1743847816
|move|p2a: Ribombee|Sticky Web|p1a: Blissey
|-sidestart|p1: backwardmuk|move: Sticky Web
|move|p1a: Blissey|Stealth Rock|p2a: Ribombee
|-sidestart|p2: opgamer21|move: Stealth Rock
|
|upkeep
|turn|2
|
|t:|1743847822
|switch|p1a: Pecharunt|Pecharunt|100/100
|move|p2a: Ribombee|Stun Spore|p1a: Pecharunt
|-status|p1a: Pecharunt|par
|
|upkeep
|turn|3
|
|t:|1743847831
|move|p2a: Ribombee|Skill Swap||[still]
|-fail|p2a: Ribombee
|cant|p1a: Pecharunt|par
|
|upkeep
|turn|4
|
|t:|1743847839
|move|p2a: Ribombee|Moonblast|p1a: Pecharunt
|-resisted|p1a: Pecharunt
|-damage|p1a: Pecharunt|81/100 par
|-unboost|p1a: Pecharunt|spa|1
|move|p1a: Pecharunt|Toxic|p2a: Ribombee
|-status|p2a: Ribombee|tox
|-start|p2a: Ribombee|confusion|[from] ability: Poison Puppeteer|[of] p1a: Pecharunt
|
|-damage|p2a: Ribombee|94/100 tox|[from] psn
|upkeep
|turn|5
|
|t:|1743847845
|-activate|p2a: Ribombee|confusion
|-damage|p2a: Ribombee|86/100 tox|[from] confusion
|move|p1a: Pecharunt|Recover|p1a: Pecharunt
|-heal|p1a: Pecharunt|100/100 par
|
|-damage|p2a: Ribombee|74/100 tox|[from] psn
|upkeep
|turn|6
|
|t:|1743847848
|-end|p2a: Ribombee|confusion
|move|p2a: Ribombee|Moonblast|p1a: Pecharunt
|-resisted|p1a: Pecharunt
|-damage|p1a: Pecharunt|80/100 par
|cant|p1a: Pecharunt|par
|
|-damage|p2a: Ribombee|55/100 tox|[from] psn
|upkeep
|turn|7
|
|t:|1743847853
|move|p2a: Ribombee|Moonblast|p1a: Pecharunt
|-resisted|p1a: Pecharunt
|-damage|p1a: Pecharunt|59/100 par
|move|p1a: Pecharunt|Recover|p1a: Pecharunt
|-heal|p1a: Pecharunt|100/100 par
|
|-damage|p2a: Ribombee|31/100 tox|[from] psn
|upkeep
|turn|8
|
|t:|1743847857
|move|p2a: Ribombee|Moonblast|p1a: Pecharunt
|-resisted|p1a: Pecharunt
|-damage|p1a: Pecharunt|82/100 par
|cant|p1a: Pecharunt|par
|
|-damage|p2a: Ribombee|0 fnt|[from] psn
|faint|p2a: Ribombee
|upkeep
|
|t:|1743847861
|switch|p2a: Iron Crown|Iron Crown|100/100
|-damage|p2a: Iron Crown|94/100|[from] Stealth Rock
|turn|9
|
|t:|1743847871
|switch|p1a: Gliscor|Gliscor, M|100/100
|move|p2a: Iron Crown|Psyshock|p1a: Gliscor
|-damage|p1a: Gliscor|52/100
|
|-status|p1a: Gliscor|tox|[from] item: Toxic Orb
|upkeep
|turn|10
|
|t:|1743847887
|move|p2a: Iron Crown|Psyshock|p1a: Gliscor
|-damage|p1a: Gliscor|8/100 tox
|move|p1a: Gliscor|Knock Off|p2a: Iron Crown
|-supereffective|p2a: Iron Crown
|-damage|p2a: Iron Crown|48/100
|-enditem|p2a: Iron Crown|Choice Specs|[from] move: Knock Off|[of] p1a: Gliscor
|
|-heal|p1a: Gliscor|21/100 tox|[from] ability: Poison Heal
|upkeep
|turn|11
|
|t:|1743847894
|move|p1a: Gliscor|Protect|p1a: Gliscor
|-singleturn|p1a: Gliscor|Protect
|move|p2a: Iron Crown|Focus Blast|p1a: Gliscor
|-activate|p1a: Gliscor|move: Protect
|
|-heal|p1a: Gliscor|33/100 tox|[from] ability: Poison Heal
|upkeep
|turn|12
|
|t:|1743847898
|move|p2a: Iron Crown|Psyshock|p1a: Gliscor
|-damage|p1a: Gliscor|2/100 tox
|move|p1a: Gliscor|Knock Off|p2a: Iron Crown
|-supereffective|p2a: Iron Crown
|-damage|p2a: Iron Crown|20/100
|
|-heal|p1a: Gliscor|15/100 tox|[from] ability: Poison Heal
|upkeep
|turn|13
|
|t:|1743847907
|-end|p2a: Iron Crown|Quark Drive|[silent]
|switch|p2a: Iron Moth|Iron Moth|100/100
|-damage|p2a: Iron Moth|76/100|[from] Stealth Rock
|-enditem|p2a: Iron Moth|Booster Energy
|-activate|p2a: Iron Moth|ability: Quark Drive|[fromitem]
|-start|p2a: Iron Moth|quarkdrivespe
|move|p1a: Gliscor|Protect||[still]
|-fail|p1a: Gliscor
|
|-heal|p1a: Gliscor|27/100 tox|[from] ability: Poison Heal
|upkeep
|turn|14
|
|t:|1743847910
|move|p1a: Gliscor|Protect|p1a: Gliscor
|-singleturn|p1a: Gliscor|Protect
|move|p2a: Iron Moth|Fiery Dance|p1a: Gliscor
|-activate|p1a: Gliscor|move: Protect
|
|-heal|p1a: Gliscor|40/100 tox|[from] ability: Poison Heal
|upkeep
|turn|15
|
|t:|1743847914
|switch|p1a: Ting-Lu|Ting-Lu|100/100
|-ability|p1a: Ting-Lu|Vessel of Ruin
|move|p2a: Iron Moth|Fiery Dance|p1a: Ting-Lu
|-damage|p1a: Ting-Lu|84/100
|
|upkeep
|turn|16
|
|t:|1743847917
|move|p2a: Iron Moth|Dazzling Gleam|p1a: Ting-Lu
|-supereffective|p1a: Ting-Lu
|-damage|p1a: Ting-Lu|62/100
|move|p1a: Ting-Lu|Earthquake|p2a: Iron Moth
|-supereffective|p2a: Iron Moth
|-damage|p2a: Iron Moth|0 fnt
|faint|p2a: Iron Moth
|-end|p2a: Iron Moth|Quark Drive|[silent]
|
|upkeep
|
|t:|1743847919
|switch|p2a: Great Tusk|Great Tusk|100/100
|-damage|p2a: Great Tusk|98/100|[from] Stealth Rock
|turn|17
|
|t:|1743847923
|switch|p1a: Pecharunt|Pecharunt|82/100 par
|move|p2a: Great Tusk|Headlong Rush|p1a: Pecharunt
|-supereffective|p1a: Pecharunt
|-damage|p1a: Pecharunt|20/100 par
|-unboost|p2a: Great Tusk|def|1
|-unboost|p2a: Great Tusk|spd|1
|
|upkeep
|turn|18
|
|t:|1743847927
|move|p2a: Great Tusk|Headlong Rush|p1a: Pecharunt
|-supereffective|p1a: Pecharunt
|-damage|p1a: Pecharunt|0 fnt
|-unboost|p2a: Great Tusk|def|1
|-unboost|p2a: Great Tusk|spd|1
|faint|p1a: Pecharunt
|
|upkeep
|
|t:|1743847932
|switch|p1a: Dondozo|Dondozo, M|100/100
|turn|19
|
|t:|1743847935
|move|p2a: Great Tusk|Rapid Spin|p1a: Dondozo
|-damage|p1a: Dondozo|92/100
|-boost|p2a: Great Tusk|spe|1
|-sideend|p2: opgamer21|Stealth Rock|[from] move: Rapid Spin|[of] p2a: Great Tusk
|move|p1a: Dondozo|Avalanche|p2a: Great Tusk
|-supereffective|p2a: Great Tusk
|-damage|p2a: Great Tusk|59/100
|
|upkeep
|turn|20
|
|t:|1743847942
|-end|p2a: Great Tusk|Protosynthesis|[silent]
|switch|p2a: Iron Crown|Iron Crown|20/100
|move|p1a: Dondozo|Avalanche|p2a: Iron Crown
|-resisted|p2a: Iron Crown
|-damage|p2a: Iron Crown|12/100
|
|upkeep
|turn|21
|
|t:|1743847949
|switch|p1a: Weezing|Weezing-Galar, F|100/100
|-ability|p1a: Weezing|Neutralizing Gas
|move|p2a: Iron Crown|Volt Switch|p1a: Weezing
|-damage|p1a: Weezing|69/100
|
|t:|1743847953
|-end|p2a: Iron Crown|Quark Drive|[silent]
|switch|p2a: Gholdengo|Gholdengo|100/100|[from] Volt Switch
|-item|p2a: Gholdengo|Air Balloon
|
|upkeep
|turn|22
|
|t:|1743847957
|-end|p1a: Weezing|ability: Neutralizing Gas
|switch|p1a: Blissey|Blissey, F|100/100
|move|p2a: Gholdengo|Nasty Plot|p2a: Gholdengo
|-boost|p2a: Gholdengo|spa|2
|
|upkeep
|turn|23
|
|t:|1743847962
|-terastallize|p1a: Blissey|Dark
|move|p2a: Gholdengo|Psyshock|p1a: Blissey
|-immune|p1a: Blissey
|move|p1a: Blissey|Calm Mind|p1a: Blissey
|-boost|p1a: Blissey|spa|1
|-boost|p1a: Blissey|spd|1
|
|upkeep
|turn|24
|
|t:|1743847967
|switch|p2a: Iron Crown|Iron Crown|12/100
|move|p1a: Blissey|Flamethrower|p2a: Iron Crown
|-supereffective|p2a: Iron Crown
|-damage|p2a: Iron Crown|0 fnt
|faint|p2a: Iron Crown
|-end|p2a: Iron Crown|Quark Drive|[silent]
|
|upkeep
|
|t:|1743847968
|switch|p2a: Great Tusk|Great Tusk|59/100
|turn|25
|
|t:|1743847973
|-end|p2a: Great Tusk|Protosynthesis|[silent]
|switch|p2a: Raging Bolt|Raging Bolt|100/100
|-enditem|p2a: Raging Bolt|Booster Energy
|-activate|p2a: Raging Bolt|ability: Protosynthesis|[fromitem]
|-start|p2a: Raging Bolt|protosynthesisspa
|switch|p1a: Gliscor|Gliscor, M|40/100 tox
|
|-heal|p1a: Gliscor|52/100 tox|[from] ability: Poison Heal
|upkeep
|turn|26
|
|t:|1743847982
|move|p2a: Raging Bolt|Calm Mind|p2a: Raging Bolt
|-boost|p2a: Raging Bolt|spa|1
|-boost|p2a: Raging Bolt|spd|1
|move|p1a: Gliscor|Toxic|p2a: Raging Bolt
|-status|p2a: Raging Bolt|tox
|
|-damage|p2a: Raging Bolt|94/100 tox|[from] psn
|-heal|p1a: Gliscor|65/100 tox|[from] ability: Poison Heal
|upkeep
|turn|27
|
|t:|1743847986
|move|p1a: Gliscor|Protect|p1a: Gliscor
|-singleturn|p1a: Gliscor|Protect
|move|p2a: Raging Bolt|Calm Mind|p2a: Raging Bolt
|-boost|p2a: Raging Bolt|spa|1
|-boost|p2a: Raging Bolt|spd|1
|
|-damage|p2a: Raging Bolt|82/100 tox|[from] psn
|-heal|p1a: Gliscor|77/100 tox|[from] ability: Poison Heal
|upkeep
|turn|28
|
|t:|1743847988
|switch|p1a: Ting-Lu|Ting-Lu|62/100
|-ability|p1a: Ting-Lu|Vessel of Ruin
|move|p2a: Raging Bolt|Dragon Pulse|p1a: Ting-Lu
|-damage|p1a: Ting-Lu|12/100
|
|-damage|p2a: Raging Bolt|64/100 tox|[from] psn
|upkeep
|turn|29
|
|t:|1743847991
|move|p1a: Ting-Lu|Protect|p1a: Ting-Lu
|-singleturn|p1a: Ting-Lu|Protect
|move|p2a: Raging Bolt|Dragon Pulse|p1a: Ting-Lu
|-activate|p1a: Ting-Lu|move: Protect
|
|-damage|p2a: Raging Bolt|39/100 tox|[from] psn
|upkeep
|turn|30
|
|t:|1743847994
|move|p2a: Raging Bolt|Dragon Pulse|p1a: Ting-Lu
|-damage|p1a: Ting-Lu|0 fnt
|faint|p1a: Ting-Lu
|
|-damage|p2a: Raging Bolt|8/100 tox|[from] psn
|upkeep
|
|t:|1743847996
|switch|p1a: Gliscor|Gliscor, M|77/100 tox
|turn|31
|
|t:|1743848005
|move|p1a: Gliscor|Protect|p1a: Gliscor
|-singleturn|p1a: Gliscor|Protect
|move|p2a: Raging Bolt|Dragon Pulse|p1a: Gliscor
|-activate|p1a: Gliscor|move: Protect
|
|-damage|p2a: Raging Bolt|0 fnt|[from] psn
|faint|p2a: Raging Bolt
|-end|p2a: Raging Bolt|Protosynthesis|[silent]
|-heal|p1a: Gliscor|90/100 tox|[from] ability: Poison Heal
|upkeep
|
|t:|1743848007
|switch|p2a: Gholdengo|Gholdengo|100/100
|-item|p2a: Gholdengo|Air Balloon
|turn|32
|
|t:|1743848009
|switch|p1a: Blissey|Blissey, F, tera:Dark|100/100
|-terastallize|p2a: Gholdengo|Fairy
|move|p2a: Gholdengo|Nasty Plot|p2a: Gholdengo
|-boost|p2a: Gholdengo|spa|2
|
|upkeep
|turn|33
|
|t:|1743848012
|move|p2a: Gholdengo|Nasty Plot|p2a: Gholdengo
|-boost|p2a: Gholdengo|spa|2
|move|p1a: Blissey|Calm Mind|p1a: Blissey
|-boost|p1a: Blissey|spa|1
|-boost|p1a: Blissey|spd|1
|
|upkeep
|turn|34
|
|t:|1743848014
|move|p2a: Gholdengo|Nasty Plot|p2a: Gholdengo
|-boost|p2a: Gholdengo|spa|2
|move|p1a: Blissey|Calm Mind|p1a: Blissey
|-boost|p1a: Blissey|spa|1
|-boost|p1a: Blissey|spd|1
|
|upkeep
|turn|35
|
|t:|1743848016
|move|p2a: Gholdengo|Make It Rain|p1a: Blissey
|-damage|p1a: Blissey|63/100
|-unboost|p2a: Gholdengo|spa|1
|move|p1a: Blissey|Calm Mind|p1a: Blissey
|-boost|p1a: Blissey|spa|1
|-boost|p1a: Blissey|spd|1
|
|upkeep
|turn|36
|
|t:|1743848019
|move|p2a: Gholdengo|Make It Rain|p1a: Blissey
|-damage|p1a: Blissey|38/100
|-unboost|p2a: Gholdengo|spa|1
|move|p1a: Blissey|Soft-Boiled|p1a: Blissey
|-heal|p1a: Blissey|88/100
|
|upkeep
|turn|37
|
|t:|1743848021
|move|p2a: Gholdengo|Make It Rain|p1a: Blissey
|-damage|p1a: Blissey|66/100
|-unboost|p2a: Gholdengo|spa|1
|move|p1a: Blissey|Calm Mind|p1a: Blissey
|-boost|p1a: Blissey|spa|1
|-boost|p1a: Blissey|spd|1
|
|upkeep
|turn|38
|
|t:|1743848024
|move|p2a: Gholdengo|Nasty Plot|p2a: Gholdengo
|-boost|p2a: Gholdengo|spa|2
|move|p1a: Blissey|Soft-Boiled|p1a: Blissey
|-heal|p1a: Blissey|100/100
|
|upkeep
|turn|39
|
|t:|1743848025
|move|p2a: Gholdengo|Nasty Plot|p2a: Gholdengo
|-boost|p2a: Gholdengo|spa|1
|move|p1a: Blissey|Flamethrower|p2a: Gholdengo
|-damage|p2a: Gholdengo|47/100
|-enditem|p2a: Gholdengo|Air Balloon
|
|upkeep
|turn|40
|
|t:|1743848027
|move|p2a: Gholdengo|Make It Rain|p1a: Blissey
|-damage|p1a: Blissey|74/100
|-unboost|p2a: Gholdengo|spa|1
|move|p1a: Blissey|Flamethrower|p2a: Gholdengo
|-damage|p2a: Gholdengo|0 fnt
|faint|p2a: Gholdengo
|
|upkeep
|
|t:|1743848031
|switch|p2a: Great Tusk|Great Tusk|59/100
|turn|41
|
|t:|1743848037
|move|p2a: Great Tusk|Close Combat|p1a: Blissey
|-supereffective|p1a: Blissey
|-damage|p1a: Blissey|0 fnt
|-unboost|p2a: Great Tusk|def|1
|-unboost|p2a: Great Tusk|spd|1
|faint|p1a: Blissey
|
|upkeep
|
|t:|1743848039
|switch|p1a: Dondozo|Dondozo, M|92/100
|turn|42
|
|t:|1743848041
|move|p2a: Great Tusk|Close Combat|p1a: Dondozo
|-damage|p1a: Dondozo|66/100
|-unboost|p2a: Great Tusk|def|1
|-unboost|p2a: Great Tusk|spd|1
|move|p1a: Dondozo|Avalanche|p2a: Great Tusk
|-supereffective|p2a: Great Tusk
|-damage|p2a: Great Tusk|22/100
|
|upkeep
|turn|43
|
|t:|1743848042
|move|p2a: Great Tusk|Close Combat|p1a: Dondozo
|-damage|p1a: Dondozo|40/100
|-unboost|p2a: Great Tusk|def|1
|-unboost|p2a: Great Tusk|spd|1
|move|p1a: Dondozo|Avalanche|p2a: Great Tusk
|-supereffective|p2a: Great Tusk
|-damage|p2a: Great Tusk|0 fnt
|faint|p2a: Great Tusk
|-end|p2a: Great Tusk|Protosynthesis|[silent]
|
|win|backwardmuk
|raw|backwardmuk's rating: 1616 &rarr; <strong>1637</strong><br />(+21 for winning)
|raw|opgamer21's rating: 1633 &rarr; <strong>1612</strong><br />(-21 for losing)
|l|☆opgamer21
|player|p2|
|l|☆backwardmuk
|player|p1|
