|j|☆fdfghfhg
|j|☆Djrjchshfhv
|t:|1743881689
|gametype|singles
|player|p1|fdfghfhg|1|1000
|player|p2|Djrjchshfhv|1|1000
|teamsize|p1|6
|teamsize|p2|1
|gen|9
|tier|[Gen 9] OU
|rated|
|rule|HP Percentage Mod: HP is shown in percentages
|rule|Endless Battle Clause: Forcing endless battles is banned
|rule|Species Clause: Limit one of each Pokémon
|rule|OHKO Clause: OHKO moves are banned
|rule|Evasion Items Clause: Evasion items are banned
|rule|Evasion Moves Clause: Evasion moves are banned
|rule|Sleep Moves Clause: Sleep-inducing moves are banned
|clearpoke
|poke|p1|Espurr, F|
|poke|p1|Rillaboom, M|
|poke|p1|Garchomp, M|
|poke|p1|Hawlucha, F|
|poke|p1|Gholdengo|
|poke|p1|Walking Wake|
|poke|p2|Regidrago|
|teampreview
|
|t:|1743881697
|start
|switch|p1a: Garchomp|Garchomp, M|100/100
|switch|p2a: Regidrago|Regidrago|100/100
|turn|1
|
|t:|1743881704
|move|p2a: Regidrago|Dragon Energy|p1a: Garchomp
|-supereffective|p1a: Garchomp
|-damage|p1a: Garchomp|0 fnt
|faint|p1a: Garchomp
|
|upkeep
|
|t:|1743881708
|switch|p1a: Walking Wake|Walking Wake|100/100
|turn|2
|
|t:|1743881713
|-terastallize|p2a: Regidrago|Dragon
|move|p1a: Walking Wake|Flamethrower|p2a: Regidrago
|-resisted|p2a: Regidrago
|-damage|p2a: Regidrago|81/100
|move|p2a: Regidrago|Dragon Energy|p1a: Walking Wake
|-supereffective|p1a: Walking Wake
|-damage|p1a: Walking Wake|0 fnt
|faint|p1a: Walking Wake
|-end|p1a: Walking Wake|Protosynthesis|[silent]
|
|upkeep
|
|t:|1743881722
|switch|p1a: Gholdengo|Gholdengo|100/100
|-item|p1a: Gholdengo|Air Balloon
|turn|3
|
|t:|1743881727
|move|p2a: Regidrago|Dragon Energy|p1a: Gholdengo
|-resisted|p1a: Gholdengo
|-damage|p1a: Gholdengo|50/100
|-enditem|p1a: Gholdengo|Air Balloon
|move|p1a: Gholdengo|Nasty Plot|p1a: Gholdengo
|-boost|p1a: Gholdengo|spa|2
|
|upkeep
|turn|4
|
|t:|1743881737
|move|p2a: Regidrago|Dragon Energy|p1a: Gholdengo
|-resisted|p1a: Gholdengo
|-damage|p1a: Gholdengo|4/100
|move|p1a: Gholdengo|Nasty Plot|p1a: Gholdengo
|-boost|p1a: Gholdengo|spa|2
|
|upkeep
|turn|5
|
|t:|1743881747
|move|p2a: Regidrago|Dragon Energy|p1a: Gholdengo
|-resisted|p1a: Gholdengo
|-damage|p1a: Gholdengo|0 fnt
|faint|p1a: Gholdengo
|
|upkeep
|
|t:|1743881752
|switch|p1a: Hawlucha|Hawlucha, F|100/100
|turn|6
|
|t:|1743881762
|move|p2a: Regidrago|Dragon Energy|p1a: Hawlucha
|-damage|p1a: Hawlucha|0 fnt
|faint|p1a: Hawlucha
|
|upkeep
|
|t:|1743881768
|switch|p1a: Espurr|Espurr, F, shiny|100/100
|turn|7
|
|t:|1743881772
|move|p1a: Espurr|Fake Out|p2a: Regidrago
|-damage|p2a: Regidrago|75/100
|cant|p2a: Regidrago|flinch
|
|upkeep
|turn|8
|
|t:|1743881777
|move|p2a: Regidrago|Dragon Energy|p1a: Espurr
|-damage|p1a: Espurr|15/100
|move|p1a: Espurr|Thunder Wave|p2a: Regidrago
|-status|p2a: Regidrago|par
|
|upkeep
|turn|9
|
|t:|1743881786
|move|p2a: Regidrago|Dragon Energy|p1a: Espurr
|-damage|p1a: Espurr|0 fnt
|faint|p1a: Espurr
|
|upkeep
|
|t:|1743881790
|switch|p1a: Rillaboom|Rillaboom, M|100/100
|-fieldstart|move: Grassy Terrain|[from] ability: Grassy Surge|[of] p1a: Rillaboom
|turn|10
|
|t:|1743881800
|move|p1a: Rillaboom|Low Kick|p2a: Regidrago
|-damage|p2a: Regidrago|26/100 par
|-activate|p2a: Regidrago|move: Struggle
|move|p2a: Regidrago|Struggle|p1a: Rillaboom
|-damage|p1a: Rillaboom|87/100
|-damage|p2a: Regidrago|1/100 par|[from] recoil
|
|-heal|p1a: Rillaboom|94/100|[from] Grassy Terrain
|-heal|p2a: Regidrago|7/100 par|[from] Grassy Terrain
|upkeep
|turn|11
|
|t:|1743881811
|move|p1a: Rillaboom|Low Kick|p2a: Regidrago
|-damage|p2a: Regidrago|0 fnt
|faint|p2a: Regidrago
|
|win|fdfghfhg
|raw|fdfghfhg's rating: 1000 &rarr; <strong>1040</strong><br />(+40 for winning)
|raw|Djrjchshfhv's rating: 1000 &rarr; <strong>1000</strong><br />(+0 for losing)
|l|☆Djrjchshfhv
|player|p2|
