|j|☆bibodies cominup
|j|‽omari p
|t:|1743875615
|gametype|singles
|player|p1|bibodies cominup|169|1722
|player|p2|omari p|pokemonrangerf|1664
|teamsize|p1|6
|teamsize|p2|6
|gen|9
|tier|[Gen 9] OU
|rated|
|rule|HP Percentage Mod: HP is shown in percentages
|rule|Endless Battle Clause: Forcing endless battles is banned
|rule|Species Clause: Limit one of each Pokémon
|rule|OHKO Clause: OHKO moves are banned
|rule|Evasion Items Clause: Evasion items are banned
|rule|Evasion Moves Clause: Evasion moves are banned
|rule|Sleep Moves Clause: Sleep-inducing moves are banned
|clearpoke
|poke|p1|Iron Moth|
|poke|p1|Kingambit, M|
|poke|p1|Iron Valiant|
|poke|p1|Rillaboom, M|
|poke|p1|Ogerpon-Cornerstone, F|
|poke|p1|Raging Bolt|
|poke|p2|Thundurus-Therian, M|
|poke|p2|Cinderace, M|
|poke|p2|Mandibuzz, F|
|poke|p2|Latios, M|
|poke|p2|Deoxys-Speed|
|poke|p2|Iron Hands|
|teampreview
|j| lowladderubersnoob
|inactive|Battle timer is ON: inactive players will automatically lose when time's up. (requested by bibodies cominup)
|inactive|omari p has 120 seconds left.
|j| Takeaseatkod
|inactive|omari p has 90 seconds left.
|j| Just-JayPe
|
|t:|1743875686
|start
|switch|p1a: Spirit Monger|Ogerpon-Cornerstone, F|100/100
|switch|p2a: Deoxys|Deoxys-Speed|100/100
|-ability|p2a: Deoxys|Pressure
|turn|1
|inactive|bibodies cominup has 120 seconds left.
|
|t:|1743875733
|move|p2a: Deoxys|Psycho Boost|p1a: Spirit Monger
|-damage|p1a: Spirit Monger|26/100
|-unboost|p2a: Deoxys|spa|2
|move|p1a: Spirit Monger|Ivy Cudgel|p2a: Deoxys|[anim] Ivy Cudgel Rock
|-damage|p2a: Deoxys|13/100
|
|upkeep
|turn|2
|
|t:|1743875741
|move|p2a: Deoxys|Stealth Rock|p1a: Spirit Monger
|-sidestart|p1: bibodies cominup|move: Stealth Rock
|move|p1a: Spirit Monger|Ivy Cudgel|p2a: Deoxys|[anim] Ivy Cudgel Rock
|-damage|p2a: Deoxys|0 fnt
|faint|p2a: Deoxys
|
|upkeep
|
|t:|1743875745
|switch|p2a: Latios|Latios, M|100/100
|turn|3
|
|t:|1743875748
|move|p2a: Latios|Ice Beam|p1a: Spirit Monger
|-supereffective|p1a: Spirit Monger
|-damage|p1a: Spirit Monger|0 fnt
|faint|p1a: Spirit Monger
|
|upkeep
|
|t:|1743875751
|switch|p1a: Calamity|Iron Valiant, shiny|100/100
|-damage|p1a: Calamity|94/100|[from] Stealth Rock
|-enditem|p1a: Calamity|Booster Energy
|-activate|p1a: Calamity|ability: Quark Drive|[fromitem]
|-start|p1a: Calamity|quarkdrivespe
|turn|4
|
|t:|1743875754
|switch|p2a: Cinderace|Cinderace, M|100/100
|move|p1a: Calamity|Calm Mind|p1a: Calamity
|-boost|p1a: Calamity|spa|1
|-boost|p1a: Calamity|spd|1
|
|upkeep
|turn|5
|
|t:|1743875757
|move|p1a: Calamity|Shadow Ball|p2a: Cinderace
|-damage|p2a: Cinderace|41/100
|move|p2a: Cinderace|Pyro Ball|p1a: Calamity
|-damage|p1a: Calamity|0 fnt
|faint|p1a: Calamity
|-end|p1a: Calamity|Quark Drive|[silent]
|
|upkeep
|
|t:|1743875766
|switch|p1a: Symbolism|Iron Moth, shiny|100/100
|-damage|p1a: Symbolism|76/100|[from] Stealth Rock
|-enditem|p1a: Symbolism|Booster Energy
|-activate|p1a: Symbolism|ability: Quark Drive|[fromitem]
|-start|p1a: Symbolism|quarkdrivespe
|turn|6
|
|t:|1743875769
|move|p2a: Cinderace|Sucker Punch|p1a: Symbolism
|-start|p2a: Cinderace|typechange|Dark|[from] ability: Libero
|-crit|p1a: Symbolism
|-damage|p1a: Symbolism|0 fnt
|faint|p1a: Symbolism
|-end|p1a: Symbolism|Quark Drive|[silent]
|
|upkeep
|
|t:|1743875781
|switch|p1a: Kong|Rillaboom, M, shiny|100/100
|-damage|p1a: Kong|88/100|[from] Stealth Rock
|-fieldstart|move: Grassy Terrain|[from] ability: Grassy Surge|[of] p1a: Kong
|turn|7
|
|t:|1743875794
|switch|p2a: Mandibuzz|Mandibuzz, F, shiny|100/100
|move|p1a: Kong|Grassy Glide|p2a: Mandibuzz
|-resisted|p2a: Mandibuzz
|-damage|p2a: Mandibuzz|82/100
|-damage|p1a: Kong|72/100|[from] item: Rocky Helmet|[of] p2a: Mandibuzz
|
|-heal|p1a: Kong|78/100|[from] Grassy Terrain
|upkeep
|turn|8
|
|t:|1743875798
|switch|p1a: Byakko|Raging Bolt|100/100
|-damage|p1a: Byakko|88/100|[from] Stealth Rock
|-enditem|p1a: Byakko|Booster Energy
|-activate|p1a: Byakko|ability: Protosynthesis|[fromitem]
|-start|p1a: Byakko|protosynthesisspa
|move|p2a: Mandibuzz|Toxic|p1a: Byakko
|-status|p1a: Byakko|tox
|
|-heal|p1a: Byakko|94/100 tox|[from] Grassy Terrain
|-damage|p1a: Byakko|88/100 tox|[from] psn
|upkeep
|turn|9
|
|t:|1743875803
|switch|p2a: Cinderace|Cinderace, M|41/100
|move|p1a: Byakko|Calm Mind|p1a: Byakko
|-boost|p1a: Byakko|spa|1
|-boost|p1a: Byakko|spd|1
|
|-heal|p2a: Cinderace|47/100|[from] Grassy Terrain
|-heal|p1a: Byakko|94/100 tox|[from] Grassy Terrain
|-damage|p1a: Byakko|82/100 tox|[from] psn
|upkeep
|turn|10
|
|t:|1743875805
|switch|p2a: Iron Hands|Iron Hands|100/100
|move|p1a: Byakko|Dragon Pulse|p2a: Iron Hands
|-damage|p2a: Iron Hands|46/100
|
|-heal|p1a: Byakko|88/100 tox|[from] Grassy Terrain
|-heal|p2a: Iron Hands|52/100|[from] Grassy Terrain
|-damage|p1a: Byakko|70/100 tox|[from] psn
|upkeep
|turn|11
|
|t:|1743875808
|move|p1a: Byakko|Dragon Pulse|p2a: Iron Hands
|-damage|p2a: Iron Hands|2/100
|move|p2a: Iron Hands|Close Combat|p1a: Byakko
|-damage|p1a: Byakko|2/100 tox
|-unboost|p2a: Iron Hands|def|1
|-unboost|p2a: Iron Hands|spd|1
|
|-heal|p1a: Byakko|8/100 tox|[from] Grassy Terrain
|-heal|p2a: Iron Hands|8/100|[from] Grassy Terrain
|-damage|p1a: Byakko|0 fnt|[from] psn
|faint|p1a: Byakko
|-end|p1a: Byakko|Protosynthesis|[silent]
|-fieldend|move: Grassy Terrain
|upkeep
|inactive|bibodies cominup has 120 seconds left.
|l| lowladderubersnoob
|inactive|bibodies cominup has 90 seconds left.
|
|t:|1743875871
|switch|p1a: Kong|Rillaboom, M, shiny|78/100
|-damage|p1a: Kong|66/100|[from] Stealth Rock
|-fieldstart|move: Grassy Terrain|[from] ability: Grassy Surge|[of] p1a: Kong
|turn|12
|l| Takeaseatkod
|inactive|omari p has 120 seconds left.
|
|t:|1743875915
|move|p1a: Kong|U-turn|p2a: Iron Hands
|-resisted|p2a: Iron Hands
|-damage|p2a: Iron Hands|0 fnt
|faint|p2a: Iron Hands
|-end|p2a: Iron Hands|Quark Drive|[silent]
|
|t:|1743875918
|switch|p1a: Overgod|Kingambit, M, shiny|100/100|[from] U-turn
|-damage|p1a: Overgod|94/100|[from] Stealth Rock
|-activate|p1a: Overgod|ability: Supreme Overlord
|-start|p1a: Overgod|fallen4|[silent]
|
|-heal|p1a: Overgod|100/100|[from] Grassy Terrain
|upkeep
|
|t:|1743875922
|switch|p2a: Latios|Latios, M|100/100
|turn|13
|
|t:|1743875929
|-terastallize|p1a: Overgod|Dark
|move|p2a: Latios|Trick|p1a: Overgod
|-activate|p2a: Latios|move: Trick|[of] p1a: Overgod
|-item|p1a: Overgod|Choice Scarf|[from] move: Trick
|-item|p2a: Latios|Lum Berry|[from] move: Trick
|move|p1a: Overgod|Swords Dance|p1a: Overgod
|-boost|p1a: Overgod|atk|2
|
|upkeep
|turn|14
|-message|bibodies cominup forfeited.
|
|win|omari p
|raw|bibodies cominup's rating: 1722 &rarr; <strong>1699</strong><br />(-23 for losing)
|raw|omari p's rating: 1664 &rarr; <strong>1687</strong><br />(+23 for winning)
|l|☆bibodies cominup
|player|p1|
|l| Just-JayPe
