|j|☆Boneyard00
|j|☆Forzeys
|t:|1743904360
|gametype|singles
|player|p1|Boneyard00|acetrainer-gen4dp|1154
|player|p2|Forzeys|shadowtriad|1158
|teamsize|p1|6
|teamsize|p2|6
|gen|9
|tier|[Gen 9] OU
|rated|
|rule|HP Percentage Mod: HP is shown in percentages
|rule|Endless Battle Clause: Forcing endless battles is banned
|rule|Species Clause: Limit one of each Pokémon
|rule|OHKO Clause: OHKO moves are banned
|rule|Evasion Items Clause: Evasion items are banned
|rule|Evasion Moves Clause: Evasion moves are banned
|rule|Sleep Moves Clause: Sleep-inducing moves are banned
|clearpoke
|poke|p1|Talonflame, F|
|poke|p1|Sawsbuck-Winter, M|
|poke|p1|Basculegion, M|
|poke|p1|Electivire, F|
|poke|p1|Avalugg, M|
|poke|p1|Vespiquen, F|
|poke|p2|Zamazenta-*|
|poke|p2|Corviknight, M|
|poke|p2|Gholdengo|
|poke|p2|Primarina, M|
|poke|p2|Garganacl, F|
|poke|p2|Garchomp, F|
|teampreview
|inactive|Battle timer is ON: inactive players will automatically lose when time's up. (requested by Forzeys)
|inactive|Forzeys has 120 seconds left.
|
|t:|1743904392
|start
|switch|p1a: Bashigon|Basculegion, M|100/100
|switch|p2a: Garchomp|Garchomp, F|100/100
|turn|1
|
|t:|1743904413
|switch|p2a: Corviknight|Corviknight, M|100/100
|-ability|p2a: Corviknight|Pressure
|move|p1a: Bashigon|Flip Turn|p2a: Corviknight
|-damage|p2a: Corviknight|60/100
|-damage|p1a: Bashigon|84/100|[from] item: Rocky Helmet|[of] p2a: Corviknight
|
|t:|1743904416
|switch|p1a: Haywire|Electivire, F|100/100|[from] Flip Turn
|
|upkeep
|turn|2
|
|t:|1743904437
|switch|p2a: Garchomp|Garchomp, F|100/100
|move|p1a: Haywire|Flamethrower|p2a: Garchomp
|-resisted|p2a: Garchomp
|-damage|p2a: Garchomp|83/100
|
|upkeep
|turn|3
|
|t:|1743904445
|switch|p1a: Laurentor|Avalugg, M|100/100
|move|p2a: Garchomp|Earthquake|p1a: Laurentor
|-damage|p1a: Laurentor|74/100
|
|upkeep
|turn|4
|
|t:|1743904461
|switch|p2a: Primarina|Primarina, M|100/100
|move|p1a: Laurentor|Avalanche|p2a: Primarina
|-resisted|p2a: Primarina
|-damage|p2a: Primarina|87/100
|
|upkeep
|turn|5
|inactive|Forzeys has 120 seconds left.
|
|t:|1743904480
|switch|p1a: Haywire|Electivire, F|100/100
|move|p2a: Primarina|Draining Kiss|p1a: Haywire
|-damage|p1a: Haywire|76/100
|-heal|p2a: Primarina|100/100|[from] drain|[of] p1a: Haywire
|
|upkeep
|turn|6
|inactive|Forzeys has 120 seconds left.
|
|t:|1743904506
|switch|p1a: Laurentor|Avalugg, M|74/100
|switch|p2a: Garchomp|Garchomp, F|83/100
|
|upkeep
|turn|7
|inactive|Forzeys has 120 seconds left.
|
|t:|1743904514
|switch|p2a: Garganacl|Garganacl, F|100/100
|move|p1a: Laurentor|Recover|p1a: Laurentor
|-heal|p1a: Laurentor|100/100
|
|upkeep
|turn|8
|
|t:|1743904522
|switch|p1a: Bashigon|Basculegion, M|84/100
|move|p2a: Garganacl|Stealth Rock|p1a: Bashigon
|-sidestart|p1: Boneyard00|move: Stealth Rock
|
|upkeep
|turn|9
|
|t:|1743904535
|switch|p2a: Primarina|Primarina, M|100/100
|move|p1a: Bashigon|Wave Crash|p2a: Primarina
|-resisted|p2a: Primarina
|-damage|p2a: Primarina|31/100
|-damage|p1a: Bashigon|63/100|[from] Recoil
|
|upkeep
|turn|10
|
|t:|1743904551
|move|p1a: Bashigon|Wave Crash|p2a: Primarina
|-resisted|p2a: Primarina
|-damage|p2a: Primarina|0 fnt
|faint|p2a: Primarina
|-damage|p1a: Bashigon|54/100|[from] Recoil
|
|upkeep
|
|t:|1743904559
|switch|p2a: Garchomp|Garchomp, F|83/100
|turn|11
|
|t:|1743904563
|move|p2a: Garchomp|Scale Shot|p1a: Bashigon
|-crit|p1a: Bashigon
|-damage|p1a: Bashigon|31/100
|-damage|p1a: Bashigon|15/100
|-damage|p1a: Bashigon|0 fnt
|faint|p1a: Bashigon
|-hitcount|p1: Bashigon|3
|-unboost|p2a: Garchomp|def|1
|-boost|p2a: Garchomp|spe|1
|
|upkeep
|
|t:|1743904566
|switch|p1a: Laurentor|Avalugg, M|100/100
|-damage|p1a: Laurentor|76/100|[from] Stealth Rock
|turn|12
|
|t:|1743904575
|switch|p2a: Zamazenta|Zamazenta|100/100
|-ability|p2a: Zamazenta|Dauntless Shield|boost
|-boost|p2a: Zamazenta|def|1
|move|p1a: Laurentor|Rapid Spin|p2a: Zamazenta
|-damage|p2a: Zamazenta|93/100
|-boost|p1a: Laurentor|spe|1
|-sideend|p1: Boneyard00|Stealth Rock|[from] move: Rapid Spin|[of] p1a: Laurentor
|
|upkeep
|turn|13
|
|t:|1743904585
|switch|p1a: Caribbean|Talonflame, F|100/100
|move|p2a: Zamazenta|Stone Edge|p1a: Caribbean|[miss]
|-miss|p2a: Zamazenta|p1a: Caribbean
|
|upkeep
|turn|14
|
|t:|1743904590
|move|p2a: Zamazenta|Stone Edge|p1a: Caribbean
|-supereffective|p1a: Caribbean
|-crit|p1a: Caribbean
|-damage|p1a: Caribbean|0 fnt
|faint|p1a: Caribbean
|
|upkeep
|
|t:|1743904594
|switch|p1a: Vicky|Vespiquen, F|100/100
|-ability|p1a: Vicky|Pressure
|turn|15
|
|t:|1743904597
|-terastallize|p1a: Vicky|Steel
|move|p2a: Zamazenta|Stone Edge|p1a: Vicky
|-resisted|p1a: Vicky
|-damage|p1a: Vicky|85/100
|move|p1a: Vicky|Defend Order|p1a: Vicky
|-boost|p1a: Vicky|def|1
|-boost|p1a: Vicky|spd|1
|
|-heal|p1a: Vicky|91/100|[from] item: Leftovers
|upkeep
|turn|16
|
|t:|1743904605
|move|p2a: Zamazenta|Close Combat|p1a: Vicky
|-supereffective|p1a: Vicky
|-damage|p1a: Vicky|12/100
|-unboost|p2a: Zamazenta|def|1
|-unboost|p2a: Zamazenta|spd|1
|move|p1a: Vicky|Toxic|p2a: Zamazenta
|-status|p2a: Zamazenta|tox
|
|-heal|p1a: Vicky|18/100|[from] item: Leftovers
|-damage|p2a: Zamazenta|87/100 tox|[from] psn
|upkeep
|turn|17
|
|t:|1743904613
|move|p2a: Zamazenta|Close Combat|p1a: Vicky
|-supereffective|p1a: Vicky
|-damage|p1a: Vicky|0 fnt
|-unboost|p2a: Zamazenta|def|1
|-unboost|p2a: Zamazenta|spd|1
|faint|p1a: Vicky
|
|-damage|p2a: Zamazenta|74/100 tox|[from] psn
|upkeep
|
|t:|1743904617
|switch|p1a: Haywire|Electivire, F|76/100
|turn|18
|
|t:|1743904620
|move|p2a: Zamazenta|Close Combat|p1a: Haywire
|-damage|p1a: Haywire|0 fnt
|-unboost|p2a: Zamazenta|def|1
|-unboost|p2a: Zamazenta|spd|1
|faint|p1a: Haywire
|
|-damage|p2a: Zamazenta|56/100 tox|[from] psn
|upkeep
|-message|Boneyard00 forfeited.
|
|win|Forzeys
|raw|Boneyard00's rating: 1154 &rarr; <strong>1129</strong><br />(-25 for losing)
|raw|Forzeys's rating: 1158 &rarr; <strong>1183</strong><br />(+25 for winning)
|l|☆Boneyard00
|player|p1|
|l|☆Forzeys
|player|p2|
