|j|☆OsmiumCrusader76
|j|☆ssulmaesarang
|t:|1743854101
|gametype|singles
|player|p1|OsmiumCrusader76|2|1237
|player|p2|ssulmaesarang|101|1252
|teamsize|p1|6
|teamsize|p2|6
|gen|9
|tier|[Gen 9] OU
|rated|
|rule|HP Percentage Mod: HP is shown in percentages
|rule|Endless Battle Clause: Forcing endless battles is banned
|rule|Species Clause: Limit one of each Pokémon
|rule|OHKO Clause: OHKO moves are banned
|rule|Evasion Items Clause: Evasion items are banned
|rule|Evasion Moves Clause: Evasion moves are banned
|rule|Sleep Moves Clause: Sleep-inducing moves are banned
|clearpoke
|poke|p1|Kingambit, F|
|poke|p1|Gliscor, M|
|poke|p1|Corviknight, M|
|poke|p1|Ogerpon-Wellspring, F|
|poke|p1|Zamazenta-*|
|poke|p1|Pecharunt|
|poke|p2|Ogerpon-Wellspring, F|
|poke|p2|Raging Bolt|
|poke|p2|Dragapult, F|
|poke|p2|Corviknight, F|
|poke|p2|Clefable, M|
|poke|p2|Weavile, F|
|teampreview
|inactive|Battle timer is ON: inactive players will automatically lose when time's up. (requested by ssulmaesarang)
|inactive|OsmiumCrusader76 has 120 seconds left.
|
|t:|1743854165
|start
|switch|p1a: Ogerpon|Ogerpon-Wellspring, F|100/100
|switch|p2a: Dragapult|Dragapult, F|100/100
|turn|1
|
|t:|1743854182
|switch|p1a: Gliscor|Gliscor, M|100/100
|move|p2a: Dragapult|U-turn|p1a: Gliscor
|-resisted|p1a: Gliscor
|-damage|p1a: Gliscor|94/100
|
|t:|1743854189
|switch|p2a: Ogerpon|Ogerpon-Wellspring, F|100/100|[from] U-turn
|
|-status|p1a: Gliscor|tox|[from] item: Toxic Orb
|upkeep
|turn|2
|
|t:|1743854199
|move|p2a: Ogerpon|Swords Dance|p2a: Ogerpon
|-boost|p2a: Ogerpon|atk|2
|move|p1a: Gliscor|Toxic|p2a: Ogerpon
|-status|p2a: Ogerpon|tox
|
|-damage|p2a: Ogerpon|95/100 tox|[from] psn
|-heal|p1a: Gliscor|100/100 tox|[from] ability: Poison Heal
|upkeep
|turn|3
|
|t:|1743854207
|switch|p1a: Pecharunt|Pecharunt|100/100
|move|p2a: Ogerpon|Swords Dance|p2a: Ogerpon
|-boost|p2a: Ogerpon|atk|2
|
|-damage|p2a: Ogerpon|83/100 tox|[from] psn
|upkeep
|turn|4
|
|t:|1743854217
|move|p2a: Ogerpon|Ivy Cudgel|p1a: Pecharunt|[anim] Ivy Cudgel Water
|-damage|p1a: Pecharunt|23/100
|move|p1a: Pecharunt|Malignant Chain|p2a: Ogerpon
|-supereffective|p2a: Ogerpon
|-damage|p2a: Ogerpon|14/100 tox
|
|-damage|p2a: Ogerpon|0 fnt|[from] psn
|faint|p2a: Ogerpon
|upkeep
|
|t:|1743854229
|switch|p2a: Weavile|Weavile, F|100/100
|turn|5
|inactive|OsmiumCrusader76 has 120 seconds left.
|inactive|OsmiumCrusader76 has 90 seconds left.
|
|t:|1743854314
|move|p2a: Weavile|Triple Axel|p1a: Pecharunt|[miss]
|-miss|p2a: Weavile|p1a: Pecharunt
|move|p1a: Pecharunt|Recover|p1a: Pecharunt
|-heal|p1a: Pecharunt|73/100
|
|upkeep
|turn|6
|
|t:|1743854320
|-terastallize|p2a: Weavile|Ice
|move|p2a: Weavile|Triple Axel|p1a: Pecharunt
|-damage|p1a: Pecharunt|63/100
|-damage|p1a: Pecharunt|43/100
|-hitcount|p1a: Pecharunt|2
|move|p1a: Pecharunt|Parting Shot|p2a: Weavile
|-unboost|p2a: Weavile|atk|1
|-unboost|p2a: Weavile|spa|1
|
|t:|1743854328
|switch|p1a: Zamazenta|Zamazenta|100/100|[from] Parting Shot
|-ability|p1a: Zamazenta|Dauntless Shield|boost
|-boost|p1a: Zamazenta|def|1
|
|upkeep
|turn|7
|
|t:|1743854334
|switch|p2a: Clefable|Clefable, M|100/100
|move|p1a: Zamazenta|Heavy Slam|p2a: Clefable
|-supereffective|p2a: Clefable
|-damage|p2a: Clefable|9/100
|
|upkeep
|turn|8
|
|t:|1743854344
|switch|p2a: Corviknight|Corviknight, F|100/100
|move|p1a: Zamazenta|Heavy Slam|p2a: Corviknight
|-resisted|p2a: Corviknight
|-damage|p2a: Corviknight|95/100
|-damage|p1a: Zamazenta|84/100|[from] item: Rocky Helmet|[of] p2a: Corviknight
|
|upkeep
|turn|9
|inactive|OsmiumCrusader76 has 90 seconds left.
|inactive|OsmiumCrusader76 has 60 seconds left.
|
|t:|1743854396
|switch|p1a: Ogerpon|Ogerpon-Wellspring, F|100/100
|switch|p2a: Weavile|Weavile, F, tera:Ice|100/100
|
|upkeep
|turn|10
|
|t:|1743854403
|switch|p1a: Corviknight|Corviknight, M|100/100
|move|p2a: Weavile|Triple Axel|p1a: Corviknight
|-damage|p1a: Corviknight|85/100
|-damage|p2a: Weavile|84/100|[from] item: Rocky Helmet|[of] p1a: Corviknight
|-damage|p1a: Corviknight|54/100
|-damage|p2a: Weavile|68/100|[from] item: Rocky Helmet|[of] p1a: Corviknight
|-damage|p1a: Corviknight|7/100
|-damage|p2a: Weavile|51/100|[from] item: Rocky Helmet|[of] p1a: Corviknight
|-hitcount|p1a: Corviknight|3
|
|upkeep
|turn|11
|
|t:|1743854413
|move|p2a: Weavile|Triple Axel|p1a: Corviknight
|-damage|p1a: Corviknight|0 fnt
|-damage|p2a: Weavile|35/100|[from] item: Rocky Helmet|[of] p1a: Corviknight
|faint|p1a: Corviknight
|-hitcount|p1: Corviknight|1
|
|upkeep
|inactive|OsmiumCrusader76 has 60 seconds left.
|inactive|OsmiumCrusader76 has 30 seconds left.
|
|t:|1743854448
|switch|p1a: Zamazenta|Zamazenta|84/100
|turn|12
|
|t:|1743854464
|switch|p2a: Clefable|Clefable, M|9/100
|move|p1a: Zamazenta|Crunch|p2a: Clefable
|-resisted|p2a: Clefable
|-damage|p2a: Clefable|0 fnt
|faint|p2a: Clefable
|
|upkeep
|
|t:|1743854472
|switch|p2a: Corviknight|Corviknight, F|95/100
|turn|13
|inactive|OsmiumCrusader76 has 30 seconds left.
|
|t:|1743854501
|switch|p2a: Dragapult|Dragapult, F|100/100
|move|p1a: Zamazenta|Close Combat|p2a: Dragapult
|-immune|p2a: Dragapult
|
|upkeep
|turn|14
|
|t:|1743854510
|switch|p1a: Gliscor|Gliscor, M|100/100 tox
|move|p2a: Dragapult|Shadow Ball|p1a: Gliscor
|-damage|p1a: Gliscor|60/100 tox
|
|-heal|p1a: Gliscor|72/100 tox|[from] ability: Poison Heal
|upkeep
|turn|15
|
|t:|1743854517
|move|p2a: Dragapult|Shadow Ball|p1a: Gliscor
|-damage|p1a: Gliscor|26/100 tox
|-unboost|p1a: Gliscor|spd|1
|move|p1a: Gliscor|Knock Off|p2a: Dragapult
|-supereffective|p2a: Dragapult
|-damage|p2a: Dragapult|41/100
|-enditem|p2a: Dragapult|Choice Specs|[from] move: Knock Off|[of] p1a: Gliscor
|
|-heal|p1a: Gliscor|38/100 tox|[from] ability: Poison Heal
|upkeep
|turn|16
|
|t:|1743854525
|move|p1a: Gliscor|Protect|p1a: Gliscor
|-singleturn|p1a: Gliscor|Protect
|move|p2a: Dragapult|Shadow Ball|p1a: Gliscor
|-activate|p1a: Gliscor|move: Protect
|
|-heal|p1a: Gliscor|50/100 tox|[from] ability: Poison Heal
|upkeep
|turn|17
|inactive|OsmiumCrusader76 has 60 seconds left.
|
|t:|1743854531
|switch|p1a: Zamazenta|Zamazenta|84/100
|move|p2a: Dragapult|Draco Meteor|p1a: Zamazenta
|-damage|p1a: Zamazenta|29/100
|-unboost|p2a: Dragapult|spa|2
|
|upkeep
|turn|18
|
|t:|1743854537
|switch|p2a: Corviknight|Corviknight, F|95/100
|move|p1a: Zamazenta|Crunch|p2a: Corviknight
|-damage|p2a: Corviknight|80/100
|-damage|p1a: Zamazenta|12/100|[from] item: Rocky Helmet|[of] p2a: Corviknight
|
|upkeep
|turn|19
|
|t:|1743854554
|switch|p2a: Dragapult|Dragapult, F|41/100
|move|p1a: Zamazenta|Close Combat|p2a: Dragapult
|-immune|p2a: Dragapult
|
|upkeep
|turn|20
|inactive|OsmiumCrusader76 has 60 seconds left.
|
|t:|1743854576
|switch|p1a: Gliscor|Gliscor, M|50/100 tox
|move|p2a: Dragapult|Shadow Ball|p1a: Gliscor
|-damage|p1a: Gliscor|21/100 tox
|
|-heal|p1a: Gliscor|33/100 tox|[from] ability: Poison Heal
|upkeep
|turn|21
|
|t:|1743854583
|switch|p2a: Weavile|Weavile, F, tera:Ice|35/100
|move|p1a: Gliscor|Protect||[still]
|-fail|p1a: Gliscor
|
|-heal|p1a: Gliscor|46/100 tox|[from] ability: Poison Heal
|upkeep
|turn|22
|
|t:|1743854591
|switch|p1a: Zamazenta|Zamazenta|12/100
|move|p2a: Weavile|Triple Axel|p1a: Zamazenta
|-damage|p1a: Zamazenta|0 fnt
|faint|p1a: Zamazenta
|-hitcount|p1: Zamazenta|1
|
|upkeep
|
|t:|1743854594
|switch|p1a: Kingambit|Kingambit, F|100/100
|-activate|p1a: Kingambit|ability: Supreme Overlord
|-start|p1a: Kingambit|fallen2|[silent]
|turn|23
|
|t:|1743854599
|switch|p2a: Corviknight|Corviknight, F|80/100
|move|p1a: Kingambit|Kowtow Cleave|p2a: Corviknight
|-damage|p2a: Corviknight|44/100
|-damage|p1a: Kingambit|84/100|[from] item: Rocky Helmet|[of] p2a: Corviknight
|
|-heal|p1a: Kingambit|90/100|[from] item: Leftovers
|upkeep
|turn|24
|inactive|OsmiumCrusader76 has 90 seconds left.
|
|t:|1743854609
|-end|p1a: Kingambit|fallen2|[silent]
|switch|p1a: Gliscor|Gliscor, M|46/100 tox
|move|p2a: Corviknight|Roost|p2a: Corviknight
|-heal|p2a: Corviknight|94/100
|-singleturn|p2a: Corviknight|move: Roost
|
|-heal|p1a: Gliscor|58/100 tox|[from] ability: Poison Heal
|upkeep
|turn|25
|
|t:|1743854618
|move|p1a: Gliscor|Knock Off|p2a: Corviknight
|-damage|p2a: Corviknight|82/100
|-damage|p1a: Gliscor|41/100 tox|[from] item: Rocky Helmet|[of] p2a: Corviknight
|-enditem|p2a: Corviknight|Rocky Helmet|[from] move: Knock Off|[of] p1a: Gliscor
|move|p2a: Corviknight|Iron Defense|p2a: Corviknight
|-boost|p2a: Corviknight|def|2
|
|-heal|p1a: Gliscor|54/100 tox|[from] ability: Poison Heal
|upkeep
|turn|26
|
|t:|1743854627
|switch|p1a: Pecharunt|Pecharunt|43/100
|switch|p2a: Weavile|Weavile, F, tera:Ice|35/100
|
|upkeep
|turn|27
|
|t:|1743854632
|switch|p1a: Ogerpon|Ogerpon-Wellspring, F|100/100
|move|p2a: Weavile|Triple Axel|p1a: Ogerpon
|-damage|p1a: Ogerpon|75/100
|-damage|p1a: Ogerpon|22/100
|-damage|p1a: Ogerpon|0 fnt
|faint|p1a: Ogerpon
|-hitcount|p1: Ogerpon|3
|
|upkeep
|
|t:|1743854635
|switch|p1a: Kingambit|Kingambit, F|90/100
|-activate|p1a: Kingambit|ability: Supreme Overlord
|-start|p1a: Kingambit|fallen3|[silent]
|turn|28
|
|t:|1743854640
|switch|p2a: Corviknight|Corviknight, F|82/100
|move|p1a: Kingambit|Swords Dance|p1a: Kingambit
|-boost|p1a: Kingambit|atk|2
|
|-heal|p1a: Kingambit|96/100|[from] item: Leftovers
|upkeep
|turn|29
|
|t:|1743854657
|-terastallize|p1a: Kingambit|Dark
|move|p2a: Corviknight|Roost|p2a: Corviknight
|-heal|p2a: Corviknight|100/100
|-singleturn|p2a: Corviknight|move: Roost
|move|p1a: Kingambit|Kowtow Cleave|p2a: Corviknight
|-damage|p2a: Corviknight|0 fnt
|faint|p2a: Corviknight
|
|-heal|p1a: Kingambit|100/100|[from] item: Leftovers
|upkeep
|
|t:|1743854667
|switch|p2a: Raging Bolt|Raging Bolt|100/100
|-enditem|p2a: Raging Bolt|Booster Energy
|-activate|p2a: Raging Bolt|ability: Protosynthesis|[fromitem]
|-start|p2a: Raging Bolt|protosynthesisspa
|turn|30
|inactive|OsmiumCrusader76 has 120 seconds left.
|
|t:|1743854711
|move|p2a: Raging Bolt|Thunderbolt|p1a: Kingambit
|-damage|p1a: Kingambit|37/100
|-status|p1a: Kingambit|par
|cant|p1a: Kingambit|par
|
|-heal|p1a: Kingambit|43/100 par|[from] item: Leftovers
|upkeep
|turn|31
|
|t:|1743854725
|move|p2a: Raging Bolt|Thunderclap|p1a: Kingambit
|-damage|p1a: Kingambit|0 fnt
|faint|p1a: Kingambit
|-end|p1a: Kingambit|fallen3|[silent]
|
|upkeep
|-message|OsmiumCrusader76 forfeited.
|
|win|ssulmaesarang
|raw|OsmiumCrusader76's rating: 1237 &rarr; <strong>1213</strong><br />(-24 for losing)
|raw|ssulmaesarang's rating: 1252 &rarr; <strong>1276</strong><br />(+24 for winning)
|l|☆OsmiumCrusader76
|player|p1|
