|j|☆helmp
|j|☆D1Grandmaster
|t:|1743907746
|gametype|singles
|player|p1|helmp|n|1286
|player|p2|D1Grandmaster|lusamine-nihilego|1284
|teamsize|p1|6
|teamsize|p2|6
|gen|9
|tier|[Gen 9] OU
|rated|
|rule|HP Percentage Mod: HP is shown in percentages
|rule|Endless Battle Clause: Forcing endless battles is banned
|rule|Species Clause: Limit one of each Pokémon
|rule|OHKO Clause: OHKO moves are banned
|rule|Evasion Items Clause: Evasion items are banned
|rule|Evasion Moves Clause: Evasion moves are banned
|rule|Sleep Moves Clause: Sleep-inducing moves are banned
|clearpoke
|poke|p1|Enamorus, F|
|poke|p1|Dragonite, F|
|poke|p1|Dondozo, F|
|poke|p1|Clefable, F|
|poke|p1|Darkrai|
|poke|p1|Ogerpon-Wellspring, F|
|poke|p2|Alomomola, M|
|poke|p2|Excadrill, M|
|poke|p2|Garganacl, F|
|poke|p2|Hippowdon, F|
|poke|p2|Lycanroc, M|
|poke|p2|Corviknight, F|
|teampreview
|inactive|Battle timer is ON: inactive players will automatically lose when time's up. (requested by D1Grandmaster)
|
|t:|1743907759
|start
|switch|p1a: nice hydro steam|Ogerpon-Wellspring, F|100/100
|switch|p2a: Hippowdon|Hippowdon, F, shiny|100/100
|-weather|Sandstorm|[from] ability: Sand Stream|[of] p2a: Hippowdon
|turn|1
|
|t:|1743907769
|switch|p2a: Corviknight|Corviknight, F, shiny|100/100
|-ability|p2a: Corviknight|Pressure
|move|p1a: nice hydro steam|Ivy Cudgel|p2a: Corviknight|[anim] Ivy Cudgel Water
|-crit|p2a: Corviknight
|-damage|p2a: Corviknight|45/100
|
|-weather|Sandstorm|[upkeep]
|-damage|p1a: nice hydro steam|95/100|[from] Sandstorm
|upkeep
|turn|2
|
|t:|1743907776
|move|p1a: nice hydro steam|Ivy Cudgel|p2a: Corviknight|[anim] Ivy Cudgel Water
|-damage|p2a: Corviknight|13/100
|move|p2a: Corviknight|Roost|p2a: Corviknight
|-heal|p2a: Corviknight|63/100
|-singleturn|p2a: Corviknight|move: Roost
|
|-weather|Sandstorm|[upkeep]
|-damage|p1a: nice hydro steam|89/100|[from] Sandstorm
|upkeep
|turn|3
|
|t:|1743907803
|switch|p1a: proto teams suck|Enamorus, F, shiny|100/100
|move|p2a: Corviknight|Roost|p2a: Corviknight
|-heal|p2a: Corviknight|100/100
|-singleturn|p2a: Corviknight|move: Roost
|
|-weather|Sandstorm|[upkeep]
|-damage|p1a: proto teams suck|94/100|[from] Sandstorm
|upkeep
|turn|4
|
|t:|1743907820
|switch|p2a: Alomomola|Alomomola, M, shiny|100/100
|move|p1a: proto teams suck|Mystical Fire|p2a: Alomomola
|-resisted|p2a: Alomomola
|-damage|p2a: Alomomola|95/100
|-unboost|p2a: Alomomola|spa|1
|
|-weather|Sandstorm|[upkeep]
|-damage|p1a: proto teams suck|88/100|[from] Sandstorm
|-damage|p2a: Alomomola|88/100|[from] Sandstorm
|upkeep
|turn|5
|
|t:|1743907827
|switch|p1a: unconcerned|Clefable, F|100/100
|move|p2a: Alomomola|Mirror Coat||[still]
|-fail|p2a: Alomomola
|
|-weather|none
|upkeep
|turn|6
|
|t:|1743907831
|move|p2a: Alomomola|Flip Turn|p1a: unconcerned
|-damage|p1a: unconcerned|83/100
|
|t:|1743907833
|switch|p2a: Hippowdon|Hippowdon, F, shiny|100/100|[from] Flip Turn
|-weather|Sandstorm|[from] ability: Sand Stream|[of] p2a: Hippowdon
|move|p1a: unconcerned|Cosmic Power|p1a: unconcerned
|-boost|p1a: unconcerned|def|1
|-boost|p1a: unconcerned|spd|1
|
|-weather|Sandstorm|[upkeep]
|-heal|p1a: unconcerned|89/100|[from] item: Leftovers
|upkeep
|turn|7
|
|t:|1743907844
|move|p1a: unconcerned|Cosmic Power|p1a: unconcerned
|-boost|p1a: unconcerned|def|1
|-boost|p1a: unconcerned|spd|1
|move|p2a: Hippowdon|Stealth Rock|p1a: unconcerned
|-sidestart|p1: helmp|move: Stealth Rock
|
|-weather|Sandstorm|[upkeep]
|-heal|p1a: unconcerned|95/100|[from] item: Leftovers
|upkeep
|turn|8
|
|t:|1743907860
|move|p1a: unconcerned|Stored Power|p2a: Hippowdon
|-damage|p2a: Hippowdon|69/100
|move|p2a: Hippowdon|Whirlwind|p1a: unconcerned
|drag|p1a: i defy torkoal|Dragonite, F|100/100
|-damage|p1a: i defy torkoal|76/100|[from] Stealth Rock
|
|-weather|Sandstorm|[upkeep]
|-damage|p1a: i defy torkoal|70/100|[from] Sandstorm
|upkeep
|turn|9
|
|t:|1743907871
|move|p1a: i defy torkoal|Outrage|p2a: Hippowdon
|-damage|p2a: Hippowdon|30/100
|move|p2a: Hippowdon|Slack Off|p2a: Hippowdon
|-heal|p2a: Hippowdon|80/100
|
|-weather|Sandstorm|[upkeep]
|-damage|p1a: i defy torkoal|63/100|[from] Sandstorm
|upkeep
|turn|10
|
|t:|1743907878
|switch|p2a: Corviknight|Corviknight, F, shiny|100/100
|-ability|p2a: Corviknight|Pressure
|move|p1a: i defy torkoal|Outrage|p2a: Corviknight|[from] lockedmove
|-resisted|p2a: Corviknight
|-damage|p2a: Corviknight|79/100
|-damage|p1a: i defy torkoal|47/100|[from] item: Rocky Helmet|[of] p2a: Corviknight
|-start|p1a: i defy torkoal|confusion|[fatigue]
|
|-weather|none
|upkeep
|turn|11
|
|t:|1743907908
|switch|p1a: unconcerned|Clefable, F|95/100
|move|p2a: Corviknight|U-turn|p1a: unconcerned
|-resisted|p1a: unconcerned
|-damage|p1a: unconcerned|87/100
|
|t:|1743907930
|switch|p2a: Hippowdon|Hippowdon, F, shiny|80/100|[from] U-turn
|-weather|Sandstorm|[from] ability: Sand Stream|[of] p2a: Hippowdon
|
|-weather|Sandstorm|[upkeep]
|-heal|p1a: unconcerned|93/100|[from] item: Leftovers
|upkeep
|turn|12
|
|t:|1743907949
|switch|p1a: yourpoliticsBORE|Dondozo, F|100/100
|move|p2a: Hippowdon|Earthquake|p1a: yourpoliticsBORE
|-damage|p1a: yourpoliticsBORE|79/100
|
|-weather|Sandstorm|[upkeep]
|-damage|p1a: yourpoliticsBORE|73/100|[from] Sandstorm
|upkeep
|turn|13
|inactive|D1Grandmaster has 120 seconds left.
|
|t:|1743907985
|switch|p2a: Corviknight|Corviknight, F, shiny|79/100
|-ability|p2a: Corviknight|Pressure
|move|p1a: yourpoliticsBORE|Waterfall|p2a: Corviknight
|-damage|p2a: Corviknight|60/100
|-damage|p1a: yourpoliticsBORE|56/100|[from] item: Rocky Helmet|[of] p2a: Corviknight
|
|-weather|Sandstorm|[upkeep]
|-damage|p1a: yourpoliticsBORE|50/100|[from] Sandstorm
|upkeep
|turn|14
|inactive|D1Grandmaster has 120 seconds left.
|
|t:|1743907997
|move|p2a: Corviknight|Roost|p2a: Corviknight
|-heal|p2a: Corviknight|100/100
|-singleturn|p2a: Corviknight|move: Roost
|move|p1a: yourpoliticsBORE|Rest|p1a: yourpoliticsBORE
|-status|p1a: yourpoliticsBORE|slp|[from] move: Rest
|-heal|p1a: yourpoliticsBORE|100/100 slp|[silent]
|
|-weather|Sandstorm|[upkeep]
|-damage|p1a: yourpoliticsBORE|94/100 slp|[from] Sandstorm
|upkeep
|turn|15
|
|t:|1743908011
|move|p2a: Corviknight|U-turn|p1a: yourpoliticsBORE
|-damage|p1a: yourpoliticsBORE|86/100 slp
|inactive|D1Grandmaster has 120 seconds left.
|
|t:|1743908022
|switch|p2a: Garganacl|Garganacl, F, shiny|100/100|[from] U-turn
|cant|p1a: yourpoliticsBORE|slp
|move|p1a: yourpoliticsBORE|Sleep Talk|p1a: yourpoliticsBORE
|move|p1a: yourpoliticsBORE|Rest||[from] move: Sleep Talk|[still]
|-fail|p1a: yourpoliticsBORE
|
|-weather|none
|upkeep
|turn|16
|
|t:|1743908030
|cant|p1a: yourpoliticsBORE|slp
|move|p2a: Garganacl|Salt Cure|p1a: yourpoliticsBORE
|-damage|p1a: yourpoliticsBORE|77/100 slp
|-start|p1a: yourpoliticsBORE|Salt Cure
|
|-damage|p1a: yourpoliticsBORE|52/100 slp|[from] Salt Cure
|upkeep
|turn|17
|
|t:|1743908037
|switch|p2a: Corviknight|Corviknight, F, shiny|100/100
|-ability|p2a: Corviknight|Pressure
|-curestatus|p1a: yourpoliticsBORE|slp|[msg]
|move|p1a: yourpoliticsBORE|Waterfall|p2a: Corviknight
|-damage|p2a: Corviknight|81/100
|-damage|p1a: yourpoliticsBORE|36/100|[from] item: Rocky Helmet|[of] p2a: Corviknight
|
|-damage|p1a: yourpoliticsBORE|11/100|[from] Salt Cure
|upkeep
|turn|18
|
|t:|1743908043
|move|p2a: Corviknight|Brave Bird|p1a: yourpoliticsBORE
|-damage|p1a: yourpoliticsBORE|0 fnt
|faint|p1a: yourpoliticsBORE
|-damage|p2a: Corviknight|77/100|[from] Recoil
|
|upkeep
|
|t:|1743908047
|switch|p1a: proto teams suck|Enamorus, F, shiny|88/100
|-damage|p1a: proto teams suck|63/100|[from] Stealth Rock
|turn|19
|
|t:|1743908050
|switch|p2a: Alomomola|Alomomola, M, shiny|100/100
|-terastallize|p1a: proto teams suck|Stellar
|move|p1a: proto teams suck|Tera Blast|p2a: Alomomola|[anim] Tera Blast Stellar
|-damage|p2a: Alomomola|81/100
|-boost|p1a: proto teams suck|atk|1
|-boost|p1a: proto teams suck|spa|1
|
|upkeep
|turn|20
|
|t:|1743908058
|move|p1a: proto teams suck|Tera Blast|p2a: Alomomola|[anim] Tera Blast Stellar
|-damage|p2a: Alomomola|54/100
|-boost|p1a: proto teams suck|atk|1
|-boost|p1a: proto teams suck|spa|1
|move|p2a: Alomomola|Mirror Coat|p1a: proto teams suck
|-damage|p1a: proto teams suck|0 fnt
|faint|p1a: proto teams suck
|
|upkeep
|
|t:|1743908070
|switch|p1a: buff dark void|Darkrai|100/100
|-damage|p1a: buff dark void|88/100|[from] Stealth Rock
|turn|21
|
|t:|1743908083
|move|p1a: buff dark void|Dark Pulse|p2a: Alomomola
|-damage|p2a: Alomomola|24/100
|move|p2a: Alomomola|Flip Turn|p1a: buff dark void
|-damage|p1a: buff dark void|65/100
|
|t:|1743908086
|switch|p2a: Hippowdon|Hippowdon, F, shiny|80/100|[from] Flip Turn
|-weather|Sandstorm|[from] ability: Sand Stream|[of] p2a: Hippowdon
|
|-weather|Sandstorm|[upkeep]
|-damage|p1a: buff dark void|59/100|[from] Sandstorm
|upkeep
|turn|22
|
|t:|1743908106
|switch|p2a: Garganacl|Garganacl, F, shiny|100/100
|move|p1a: buff dark void|Dark Pulse|p2a: Garganacl
|-damage|p2a: Garganacl|75/100
|-enditem|p2a: Garganacl|Maranga Berry|[eat]
|-boost|p2a: Garganacl|spd|1|[from] item: Maranga Berry
|
|-weather|Sandstorm|[upkeep]
|-damage|p1a: buff dark void|53/100|[from] Sandstorm
|upkeep
|turn|23
|
|t:|1743908129
|switch|p1a: nice hydro steam|Ogerpon-Wellspring, F|89/100
|-damage|p1a: nice hydro steam|76/100|[from] Stealth Rock
|move|p2a: Garganacl|Salt Cure|p1a: nice hydro steam
|-damage|p1a: nice hydro steam|59/100
|-start|p1a: nice hydro steam|Salt Cure
|
|-weather|Sandstorm|[upkeep]
|-damage|p1a: nice hydro steam|53/100|[from] Sandstorm
|-damage|p1a: nice hydro steam|28/100|[from] Salt Cure
|upkeep
|turn|24
|
|t:|1743908146
|switch|p2a: Corviknight|Corviknight, F, shiny|77/100
|-ability|p2a: Corviknight|Pressure
|move|p1a: nice hydro steam|Ivy Cudgel|p2a: Corviknight|[anim] Ivy Cudgel Water
|-damage|p2a: Corviknight|42/100
|
|-weather|Sandstorm|[upkeep]
|-damage|p1a: nice hydro steam|22/100|[from] Sandstorm
|-damage|p1a: nice hydro steam|0 fnt|[from] Salt Cure
|faint|p1a: nice hydro steam
|upkeep
|
|t:|1743908161
|switch|p1a: unconcerned|Clefable, F|93/100
|turn|25
|
|t:|1743908169
|move|p2a: Corviknight|U-turn|p1a: unconcerned
|-resisted|p1a: unconcerned
|-damage|p1a: unconcerned|85/100
|
|t:|1743908173
|switch|p2a: Excadrill|Excadrill, M, shiny|100/100|[from] U-turn
|move|p1a: unconcerned|Fire Blast|p2a: Excadrill
|-supereffective|p2a: Excadrill
|-damage|p2a: Excadrill|10/100
|-status|p2a: Excadrill|brn
|
|-weather|none
|-heal|p1a: unconcerned|91/100|[from] item: Leftovers
|-damage|p2a: Excadrill|4/100 brn|[from] brn
|upkeep
|turn|26
|
|t:|1743908193
|switch|p2a: Hippowdon|Hippowdon, F, shiny|80/100
|-weather|Sandstorm|[from] ability: Sand Stream|[of] p2a: Hippowdon
|switch|p1a: i defy torkoal|Dragonite, F|47/100
|-damage|p1a: i defy torkoal|22/100|[from] Stealth Rock
|
|-weather|Sandstorm|[upkeep]
|-damage|p1a: i defy torkoal|16/100|[from] Sandstorm
|upkeep
|turn|27
|
|t:|1743908206
|switch|p2a: Corviknight|Corviknight, F, shiny|42/100
|-ability|p2a: Corviknight|Pressure
|move|p1a: i defy torkoal|Earthquake|p2a: Corviknight
|-immune|p2a: Corviknight
|
|-weather|Sandstorm|[upkeep]
|-damage|p1a: i defy torkoal|10/100|[from] Sandstorm
|upkeep
|turn|28
|
|t:|1743908215
|move|p1a: i defy torkoal|Outrage|p2a: Corviknight
|-resisted|p2a: Corviknight
|-damage|p2a: Corviknight|20/100
|-damage|p1a: i defy torkoal|0 fnt|[from] item: Rocky Helmet|[of] p2a: Corviknight
|faint|p1a: i defy torkoal
|move|p2a: Corviknight|Roost|p2a: Corviknight
|-heal|p2a: Corviknight|70/100
|-singleturn|p2a: Corviknight|move: Roost
|
|-weather|Sandstorm|[upkeep]
|upkeep
|
|t:|1743908218
|switch|p1a: unconcerned|Clefable, F|91/100
|turn|29
|
|t:|1743908226
|switch|p2a: Garganacl|Garganacl, F, shiny|75/100
|move|p1a: unconcerned|Cosmic Power|p1a: unconcerned
|-boost|p1a: unconcerned|def|1
|-boost|p1a: unconcerned|spd|1
|
|-weather|Sandstorm|[upkeep]
|-heal|p1a: unconcerned|97/100|[from] item: Leftovers
|upkeep
|turn|30
|
|t:|1743908231
|move|p1a: unconcerned|Cosmic Power|p1a: unconcerned
|-boost|p1a: unconcerned|def|1
|-boost|p1a: unconcerned|spd|1
|move|p2a: Garganacl|Salt Cure|p1a: unconcerned
|-damage|p1a: unconcerned|89/100
|-start|p1a: unconcerned|Salt Cure
|
|-weather|none
|-heal|p1a: unconcerned|95/100|[from] item: Leftovers
|upkeep
|turn|31
|
|t:|1743908237
|switch|p2a: Excadrill|Excadrill, M, shiny|4/100 brn
|move|p1a: unconcerned|Cosmic Power|p1a: unconcerned
|-boost|p1a: unconcerned|def|1
|-boost|p1a: unconcerned|spd|1
|
|-heal|p1a: unconcerned|100/100|[from] item: Leftovers
|-damage|p2a: Excadrill|0 fnt|[from] brn
|faint|p2a: Excadrill
|upkeep
|
|t:|1743908241
|switch|p2a: Hippowdon|Hippowdon, F, shiny|80/100
|-weather|Sandstorm|[from] ability: Sand Stream|[of] p2a: Hippowdon
|turn|32
|
|t:|1743908245
|move|p1a: unconcerned|Stored Power|p2a: Hippowdon
|-damage|p2a: Hippowdon|38/100
|move|p2a: Hippowdon|Whirlwind|p1a: unconcerned
|drag|p1a: buff dark void|Darkrai|53/100
|-damage|p1a: buff dark void|41/100|[from] Stealth Rock
|
|-weather|Sandstorm|[upkeep]
|-damage|p1a: buff dark void|35/100|[from] Sandstorm
|upkeep
|turn|33
|
|t:|1743908258
|switch|p2a: Corviknight|Corviknight, F, shiny|70/100
|-ability|p2a: Corviknight|Pressure
|move|p1a: buff dark void|Ice Beam|p2a: Corviknight
|-damage|p2a: Corviknight|20/100
|
|-weather|Sandstorm|[upkeep]
|-damage|p1a: buff dark void|29/100|[from] Sandstorm
|upkeep
|turn|34
|
|t:|1743908267
|move|p1a: buff dark void|Ice Beam|p2a: Corviknight
|-damage|p2a: Corviknight|0 fnt
|faint|p2a: Corviknight
|
|-weather|Sandstorm|[upkeep]
|-damage|p1a: buff dark void|23/100|[from] Sandstorm
|upkeep
|inactive|D1Grandmaster has 120 seconds left.
|inactive|D1Grandmaster has 90 seconds left.
|inactive|D1Grandmaster has 60 seconds left.
|inactive|D1Grandmaster has 30 seconds left.
|inactive|D1Grandmaster has 20 seconds left.
|
|t:|1743908399
|switch|p2a: Lycanroc|Lycanroc, M, shiny|100/100
|turn|35
|inactive|D1Grandmaster has 30 seconds left this turn.
|inactive|D1Grandmaster has 20 seconds left.
|inactive|D1Grandmaster has 15 seconds left.
|inactive|D1Grandmaster has 10 seconds left.
|
|t:|1743908419
|move|p2a: Lycanroc|Swords Dance|p2a: Lycanroc
|-boost|p2a: Lycanroc|atk|2
|move|p1a: buff dark void|Ice Beam|p2a: Lycanroc
|-damage|p2a: Lycanroc|46/100
|
|-weather|Sandstorm|[upkeep]
|-damage|p1a: buff dark void|17/100|[from] Sandstorm
|upkeep
|turn|36
|inactive|D1Grandmaster has 20 seconds left this turn.
|
|t:|1743908423
|move|p2a: Lycanroc|Tera Blast|p1a: buff dark void
|-damage|p1a: buff dark void|0 fnt
|faint|p1a: buff dark void
|-damage|p2a: Lycanroc|36/100|[from] item: Life Orb
|
|-weather|none
|upkeep
|inactive|D1Grandmaster has 25 seconds left this turn.
|
|t:|1743908426
|switch|p1a: unconcerned|Clefable, F|100/100
|turn|37
|
|t:|1743908432
|move|p2a: Lycanroc|Stone Edge|p1a: unconcerned
|-damage|p1a: unconcerned|0 fnt
|faint|p1a: unconcerned
|-damage|p2a: Lycanroc|26/100|[from] item: Life Orb
|
|win|D1Grandmaster
|raw|helmp's rating: 1286 &rarr; <strong>1261</strong><br />(-25 for losing)
|raw|D1Grandmaster's rating: 1284 &rarr; <strong>1309</strong><br />(+25 for winning)
|l|☆helmp
|player|p1|
|l|☆D1Grandmaster
|player|p2|
