|j|☆jondiiii
|j|☆CrazedJuggernaut
|t:|1743788618
|gametype|singles
|player|p1|jondiiii|guzma|1414
|player|p2|CrazedJuggernaut|marshal|1400
|teamsize|p1|6
|teamsize|p2|6
|gen|9
|tier|[Gen 9] OU
|rated|
|rule|HP Percentage Mod: HP is shown in percentages
|rule|Endless Battle Clause: Forcing endless battles is banned
|rule|Species Clause: Limit one of each Pokémon
|rule|OHKO Clause: OHKO moves are banned
|rule|Evasion Items Clause: Evasion items are banned
|rule|Evasion Moves Clause: Evasion moves are banned
|rule|Sleep Moves Clause: Sleep-inducing moves are banned
|clearpoke
|poke|p1|Cinderace, M|
|poke|p1|Samurott-Hisui, M|
|poke|p1|Kingambit, M|
|poke|p1|Ceruledge, M|
|poke|p1|Garchomp, M|
|poke|p1|Umbreon, M|
|poke|p2|Ting-Lu|
|poke|p2|Great Tusk|
|poke|p2|Corviknight, F|
|poke|p2|Ogerpon-Wellspring, F|
|poke|p2|Chandelure, F|
|poke|p2|Iron Valiant|
|teampreview
|inactive|Battle timer is ON: inactive players will automatically lose when time's up. (requested by jondiiii)
|
|t:|1743788647
|start
|switch|p1a: Musashi|Samurott-Hisui, M|100/100
|switch|p2a: Ogerpon|Ogerpon-Wellspring, F|100/100
|turn|1
|
|t:|1743788665
|switch|p1a: Jeff|Garchomp, M|100/100
|move|p2a: Ogerpon|Power Whip|p1a: Jeff
|-damage|p1a: Jeff|53/100
|-damage|p2a: Ogerpon|88/100|[from] ability: Rough Skin|[of] p1a: Jeff
|-damage|p2a: Ogerpon|72/100|[from] item: Rocky Helmet|[of] p1a: Jeff
|
|upkeep
|turn|2
|
|t:|1743788695
|move|p2a: Ogerpon|Ivy Cudgel|p1a: Jeff|[anim] Ivy Cudgel Water
|-damage|p1a: Jeff|17/100
|move|p1a: Jeff|Dragon Tail|p2a: Ogerpon
|-damage|p2a: Ogerpon|38/100
|drag|p2a: Chandelure|Chandelure, F, shiny|100/100
|
|upkeep
|turn|3
|
|t:|1743788705
|switch|p2a: Corviknight|Corviknight, F|100/100
|-ability|p2a: Corviknight|Pressure
|move|p1a: Jeff|Earthquake|p2a: Corviknight
|-immune|p2a: Corviknight
|
|upkeep
|turn|4
|
|t:|1743788709
|move|p2a: Corviknight|Brave Bird|p1a: Jeff
|-damage|p1a: Jeff|0 fnt
|-damage|p2a: Corviknight|88/100|[from] ability: Rough Skin|[of] p1a: Jeff
|-damage|p2a: Corviknight|71/100|[from] item: Rocky Helmet|[of] p1a: Jeff
|faint|p1a: Jeff
|-damage|p2a: Corviknight|66/100|[from] Recoil
|
|-heal|p2a: Corviknight|72/100|[from] item: Leftovers
|upkeep
|
|t:|1743788713
|switch|p1a: Ace|Cinderace, M|100/100
|turn|5
|
|t:|1743788718
|switch|p2a: Chandelure|Chandelure, F, shiny|100/100
|move|p1a: Ace|Will-O-Wisp|p2a: Chandelure
|-start|p2a: Chandelure|ability: Flash Fire
|
|upkeep
|turn|6
|
|t:|1743788736
|move|p1a: Ace|U-turn|p2a: Chandelure
|-resisted|p2a: Chandelure
|-damage|p2a: Chandelure|92/100
|
|t:|1743788739
|switch|p1a: Musashi|Samurott-Hisui, M|100/100|[from] U-turn
|move|p2a: Chandelure|Flamethrower|p1a: Musashi
|-resisted|p1a: Musashi
|-damage|p1a: Musashi|49/100
|
|upkeep
|turn|7
|
|t:|1743788756
|-end|p2a: Chandelure|ability: Flash Fire|[silent]
|switch|p2a: Corviknight|Corviknight, F|72/100
|-ability|p2a: Corviknight|Pressure
|move|p1a: Musashi|Aqua Jet|p2a: Corviknight
|-damage|p2a: Corviknight|56/100
|
|-heal|p2a: Corviknight|62/100|[from] item: Leftovers
|upkeep
|turn|8
|
|t:|1743788769
|move|p1a: Musashi|Ceaseless Edge|p2a: Corviknight
|-damage|p2a: Corviknight|18/100
|-sidestart|p2: CrazedJuggernaut|Spikes
|move|p2a: Corviknight|U-turn|p1a: Musashi
|-supereffective|p1a: Musashi
|-damage|p1a: Musashi|18/100
|
|t:|1743788775
|switch|p2a: Great Tusk|Great Tusk|100/100|[from] U-turn
|-damage|p2a: Great Tusk|88/100|[from] Spikes
|-enditem|p2a: Great Tusk|Booster Energy
|-activate|p2a: Great Tusk|ability: Protosynthesis|[fromitem]
|-start|p2a: Great Tusk|protosynthesisspe
|
|upkeep
|turn|9
|
|t:|1743788782
|move|p2a: Great Tusk|Rapid Spin|p1a: Musashi
|-damage|p1a: Musashi|1/100
|-boost|p2a: Great Tusk|spe|1
|-sideend|p2: CrazedJuggernaut|Spikes|[from] move: Rapid Spin|[of] p2a: Great Tusk
|move|p1a: Musashi|Razor Shell|p2a: Great Tusk
|-supereffective|p2a: Great Tusk
|-damage|p2a: Great Tusk|17/100
|-unboost|p2a: Great Tusk|def|1
|
|upkeep
|turn|10
|
|t:|1743788792
|-end|p2a: Great Tusk|Protosynthesis|[silent]
|switch|p2a: Ogerpon|Ogerpon-Wellspring, F|38/100
|move|p1a: Musashi|Aqua Jet|p2a: Ogerpon
|-heal|p2a: Ogerpon|63/100|[from] ability: Water Absorb|[of] p1a: Musashi
|
|upkeep
|turn|11
|
|t:|1743788798
|move|p2a: Ogerpon|Ivy Cudgel|p1a: Musashi|[anim] Ivy Cudgel Water
|-resisted|p1a: Musashi
|-damage|p1a: Musashi|0 fnt
|faint|p1a: Musashi
|
|upkeep
|
|t:|1743788811
|switch|p1a: Moody Blues|Ceruledge, M|100/100
|turn|12
|
|t:|1743788827
|move|p2a: Ogerpon|Ivy Cudgel|p1a: Moody Blues|[anim] Ivy Cudgel Water
|-supereffective|p1a: Moody Blues
|-enditem|p1a: Moody Blues|Focus Sash
|-damage|p1a: Moody Blues|1/100
|-ability|p1a: Moody Blues|Weak Armor|boost
|-unboost|p1a: Moody Blues|def|1
|-boost|p1a: Moody Blues|spe|2
|move|p1a: Moody Blues|Bitter Blade|p2a: Ogerpon
|-crit|p2a: Ogerpon
|-damage|p2a: Ogerpon|0 fnt
|-heal|p1a: Moody Blues|33/100|[from] drain|[of] p2a: Ogerpon
|faint|p2a: Ogerpon
|
|upkeep
|inactive|CrazedJuggernaut has 120 seconds left.
|inactive|CrazedJuggernaut has 90 seconds left.
|
|t:|1743788886
|switch|p2a: Ting-Lu|Ting-Lu|100/100
|-ability|p2a: Ting-Lu|Vessel of Ruin
|turn|13
|inactive|CrazedJuggernaut has 90 seconds left.
|
|t:|1743788895
|move|p1a: Moody Blues|Bitter Blade|p2a: Ting-Lu
|-damage|p2a: Ting-Lu|72/100
|-heal|p1a: Moody Blues|59/100|[from] drain|[of] p2a: Ting-Lu
|move|p2a: Ting-Lu|Whirlwind|p1a: Moody Blues
|drag|p1a: Ace|Cinderace, M|100/100
|
|-heal|p2a: Ting-Lu|78/100|[from] item: Leftovers
|upkeep
|turn|14
|
|t:|1743788912
|move|p1a: Ace|U-turn|p2a: Ting-Lu
|-supereffective|p2a: Ting-Lu
|-damage|p2a: Ting-Lu|53/100
|
|t:|1743788920
|switch|p1a: Umbreon|Umbreon, M, shiny|100/100|[from] U-turn
|move|p2a: Ting-Lu|Earthquake|p1a: Umbreon
|-damage|p1a: Umbreon|76/100
|
|-heal|p1a: Umbreon|82/100|[from] item: Leftovers
|-heal|p2a: Ting-Lu|59/100|[from] item: Leftovers
|upkeep
|turn|15
|
|t:|1743788925
|switch|p2a: Corviknight|Corviknight, F|18/100
|-ability|p2a: Corviknight|Pressure
|move|p1a: Umbreon|Wish|p1a: Umbreon
|
|-heal|p2a: Corviknight|24/100|[from] item: Leftovers
|-heal|p1a: Umbreon|88/100|[from] item: Leftovers
|upkeep
|turn|16
|
|t:|1743788954
|switch|p2a: Ting-Lu|Ting-Lu|59/100
|-ability|p2a: Ting-Lu|Vessel of Ruin
|switch|p1a: Moody Blues|Ceruledge, M|59/100
|
|-heal|p1a: Moody Blues|100/100|[from] move: Wish|[wisher] Umbreon
|-heal|p2a: Ting-Lu|65/100|[from] item: Leftovers
|upkeep
|turn|17
|
|t:|1743788966
|move|p1a: Moody Blues|Bitter Blade|p2a: Ting-Lu
|-damage|p2a: Ting-Lu|36/100
|move|p2a: Ting-Lu|Earthquake|p1a: Moody Blues
|-supereffective|p1a: Moody Blues
|-crit|p1a: Moody Blues
|-damage|p1a: Moody Blues|0 fnt
|faint|p1a: Moody Blues
|
|-heal|p2a: Ting-Lu|42/100|[from] item: Leftovers
|upkeep
|
|t:|1743788979
|switch|p1a: Ace|Cinderace, M|100/100
|turn|18
|
|t:|1743788992
|switch|p2a: Great Tusk|Great Tusk|17/100
|move|p1a: Ace|Will-O-Wisp|p2a: Great Tusk
|-status|p2a: Great Tusk|brn
|
|-damage|p2a: Great Tusk|11/100 brn|[from] brn
|upkeep
|turn|19
|
|t:|1743788997
|switch|p1a: Umbreon|Umbreon, M, shiny|88/100
|move|p2a: Great Tusk|Headlong Rush|p1a: Umbreon
|-damage|p1a: Umbreon|71/100
|-unboost|p2a: Great Tusk|def|1
|-unboost|p2a: Great Tusk|spd|1
|
|-heal|p1a: Umbreon|77/100|[from] item: Leftovers
|-damage|p2a: Great Tusk|5/100 brn|[from] brn
|upkeep
|turn|20
|
|t:|1743789004
|-end|p2a: Great Tusk|Protosynthesis|[silent]
|switch|p2a: Corviknight|Corviknight, F|24/100
|-ability|p2a: Corviknight|Pressure
|move|p1a: Umbreon|Wish|p1a: Umbreon
|
|-heal|p2a: Corviknight|31/100|[from] item: Leftovers
|-heal|p1a: Umbreon|83/100|[from] item: Leftovers
|upkeep
|turn|21
|
|t:|1743789012
|move|p2a: Corviknight|Roost|p2a: Corviknight
|-heal|p2a: Corviknight|81/100
|-singleturn|p2a: Corviknight|move: Roost
|move|p1a: Umbreon|Roar|p2a: Corviknight
|drag|p2a: Chandelure|Chandelure, F, shiny|92/100
|
|-heal|p1a: Umbreon|100/100|[from] move: Wish|[wisher] Umbreon
|upkeep
|turn|22
|
|t:|1743789025
|move|p2a: Chandelure|Trick|p1a: Umbreon
|-activate|p2a: Chandelure|move: Trick|[of] p1a: Umbreon
|-item|p1a: Umbreon|Choice Specs|[from] move: Trick
|-item|p2a: Chandelure|Leftovers|[from] move: Trick
|move|p1a: Umbreon|Wish|p1a: Umbreon
|
|-heal|p2a: Chandelure|99/100|[from] item: Leftovers
|upkeep
|turn|23
|
|t:|1743789037
|switch|p1a: Ace|Cinderace, M|100/100
|move|p2a: Chandelure|Flamethrower|p1a: Ace
|-resisted|p1a: Ace
|-damage|p1a: Ace|62/100
|
|-heal|p1a: Ace|100/100|[from] move: Wish|[wisher] Umbreon
|-heal|p2a: Chandelure|100/100|[from] item: Leftovers
|upkeep
|turn|24
|
|t:|1743789044
|move|p1a: Ace|U-turn|p2a: Chandelure
|-resisted|p2a: Chandelure
|-damage|p2a: Chandelure|93/100
|
|t:|1743789047
|switch|p1a: Umbreon|Umbreon, M, shiny|100/100|[from] U-turn
|move|p2a: Chandelure|Shadow Ball|p1a: Umbreon
|-resisted|p1a: Umbreon
|-crit|p1a: Umbreon
|-damage|p1a: Umbreon|76/100
|
|-heal|p2a: Chandelure|99/100|[from] item: Leftovers
|upkeep
|turn|25
|
|t:|1743789057
|switch|p2a: Great Tusk|Great Tusk|5/100 brn
|move|p1a: Umbreon|Toxic||[still]
|-fail|p1a: Umbreon
|
|-damage|p2a: Great Tusk|0 fnt|[from] brn
|faint|p2a: Great Tusk
|-end|p2a: Great Tusk|Protosynthesis|[silent]
|upkeep
|
|t:|1743789063
|switch|p2a: Corviknight|Corviknight, F|81/100
|-ability|p2a: Corviknight|Pressure
|turn|26
|
|t:|1743789085
|switch|p1a: Ace|Cinderace, M|100/100
|move|p2a: Corviknight|U-turn|p1a: Ace
|-resisted|p1a: Ace
|-damage|p1a: Ace|90/100
|
|t:|1743789091
|switch|p2a: Chandelure|Chandelure, F, shiny|99/100|[from] U-turn
|
|-heal|p2a: Chandelure|100/100|[from] item: Leftovers
|upkeep
|turn|27
|
|t:|1743789101
|move|p1a: Ace|U-turn|p2a: Chandelure
|-resisted|p2a: Chandelure
|-damage|p2a: Chandelure|93/100
|
|t:|1743789103
|switch|p1a: Umbreon|Umbreon, M, shiny|76/100|[from] U-turn
|move|p2a: Chandelure|Flamethrower|p1a: Umbreon
|-damage|p1a: Umbreon|44/100
|
|-heal|p2a: Chandelure|99/100|[from] item: Leftovers
|upkeep
|turn|28
|
|t:|1743789106
|move|p2a: Chandelure|Shadow Ball|p1a: Umbreon
|-resisted|p1a: Umbreon
|-damage|p1a: Umbreon|28/100
|move|p1a: Umbreon|Wish|p1a: Umbreon
|
|-heal|p2a: Chandelure|100/100|[from] item: Leftovers
|upkeep
|turn|29
|
|t:|1743789113
|switch|p1a: Yoshihiro|Kingambit, M|100/100
|-activate|p1a: Yoshihiro|ability: Supreme Overlord
|-start|p1a: Yoshihiro|fallen3|[silent]
|move|p2a: Chandelure|Flamethrower|p1a: Yoshihiro
|-supereffective|p1a: Yoshihiro
|-damage|p1a: Yoshihiro|0 fnt
|faint|p1a: Yoshihiro
|-end|p1a: Yoshihiro|fallen3|[silent]
|
|upkeep
|-message|jondiiii forfeited.
|
|win|CrazedJuggernaut
|raw|jondiiii's rating: 1414 &rarr; <strong>1393</strong><br />(-21 for losing)
|raw|CrazedJuggernaut's rating: 1400 &rarr; <strong>1421</strong><br />(+21 for winning)
|l|☆jondiiii
|player|p1|
|l|☆CrazedJuggernaut
|player|p2|
