|j|☆Flavt
|j|☆darthtormentor
|t:|1743867145
|gametype|singles
|player|p1|Flavt|cyrus|1505
|player|p2|darthtormentor|266|1500
|teamsize|p1|6
|teamsize|p2|6
|gen|9
|tier|[Gen 9] OU
|rated|
|rule|HP Percentage Mod: HP is shown in percentages
|rule|Endless Battle Clause: Forcing endless battles is banned
|rule|Species Clause: Limit one of each Pokémon
|rule|OHKO Clause: OHKO moves are banned
|rule|Evasion Items Clause: Evasion items are banned
|rule|Evasion Moves Clause: Evasion moves are banned
|rule|Sleep Moves Clause: Sleep-inducing moves are banned
|clearpoke
|poke|p1|Torkoal, M|
|poke|p1|Venusaur, F|
|poke|p1|Cinderace, M|
|poke|p1|Slither Wing|
|poke|p1|Slowking-Galar, F|
|poke|p1|Mandibuzz, F|
|poke|p2|Zamazenta-*|
|poke|p2|Ogerpon-Wellspring, F|
|poke|p2|Slowking-Galar, F|
|poke|p2|Great Tusk|
|poke|p2|Kingambit, M|
|poke|p2|Zapdos|
|teampreview
|inactive|Battle timer is ON: inactive players will automatically lose when time's up. (requested by darthtormentor)
|
|t:|1743867160
|start
|switch|p1a: Cinderace|Cinderace, M, shiny|100/100
|switch|p2a: Slowking|Slowking-Galar, F|100/100
|turn|1
|
|t:|1743867169
|move|p1a: Cinderace|Pyro Ball|p2a: Slowking
|-damage|p2a: Slowking|35/100
|-status|p2a: Slowking|brn
|move|p2a: Slowking|Sludge Bomb|p1a: Cinderace
|-damage|p1a: Cinderace|33/100
|
|-damage|p2a: Slowking|29/100 brn|[from] brn
|upkeep
|turn|2
|
|t:|1743867178
|switch|p2a: Zapdos|Zapdos|100/100
|move|p1a: Cinderace|U-turn|p2a: Zapdos
|-start|p1a: Cinderace|typechange|Bug|[from] ability: Libero
|-resisted|p2a: Zapdos
|-damage|p2a: Zapdos|89/100
|
|t:|1743867185
|switch|p1a: Slowking|Slowking-Galar, F, shiny|100/100|[from] U-turn
|
|upkeep
|turn|3
|
|t:|1743867192
|move|p2a: Zapdos|Volt Switch|p1a: Slowking
|-damage|p1a: Slowking|89/100
|
|t:|1743867196
|switch|p2a: Slowking|Slowking-Galar, F|62/100 brn|[from] Volt Switch
|move|p1a: Slowking|Ice Beam|p2a: Slowking
|-damage|p2a: Slowking|49/100 brn
|
|-damage|p2a: Slowking|43/100 brn|[from] brn
|upkeep
|turn|4
|
|t:|1743867203
|move|p2a: Slowking|Psyshock|p1a: Slowking
|-damage|p1a: Slowking|50/100
|move|p1a: Slowking|Future Sight|p2a: Slowking
|-start|p1a: Slowking|move: Future Sight
|
|-damage|p2a: Slowking|37/100 brn|[from] brn
|upkeep
|turn|5
|
|t:|1743867213
|switch|p1a: Mandibuzz|Mandibuzz, F, shiny|100/100
|move|p2a: Slowking|Psyshock|p1a: Mandibuzz
|-immune|p1a: Mandibuzz
|
|-damage|p2a: Slowking|31/100 brn|[from] brn
|upkeep
|turn|6
|
|t:|1743867218
|switch|p2a: Kingambit|Kingambit, M|100/100
|move|p1a: Mandibuzz|U-turn|p2a: Kingambit
|-damage|p2a: Kingambit|92/100
|
|t:|1743867225
|switch|p1a: Cinderace|Cinderace, M, shiny|33/100|[from] U-turn
|
|-end|p2a: Kingambit|move: Future Sight
|-immune|p2a: Kingambit
|-heal|p2a: Kingambit|98/100|[from] item: Leftovers
|upkeep
|turn|7
|
|t:|1743867230
|-end|p2a: Kingambit|fallenundefined|[silent]
|switch|p2a: Zapdos|Zapdos|89/100
|move|p1a: Cinderace|Pyro Ball|p2a: Zapdos
|-damage|p2a: Zapdos|44/100
|
|upkeep
|turn|8
|
|t:|1743867238
|move|p1a: Cinderace|Pyro Ball|p2a: Zapdos
|-damage|p2a: Zapdos|3/100
|move|p2a: Zapdos|Roost|p2a: Zapdos
|-heal|p2a: Zapdos|53/100
|-singleturn|p2a: Zapdos|move: Roost
|
|upkeep
|turn|9
|
|t:|1743867245
|switch|p1a: Torkoal|Torkoal, M|100/100
|-weather|SunnyDay|[from] ability: Drought|[of] p1a: Torkoal
|move|p2a: Zapdos|Roost|p2a: Zapdos
|-heal|p2a: Zapdos|100/100
|-singleturn|p2a: Zapdos|move: Roost
|
|-weather|SunnyDay|[upkeep]
|upkeep
|turn|10
|
|t:|1743867248
|move|p2a: Zapdos|Volt Switch|p1a: Torkoal
|-damage|p1a: Torkoal|63/100
|
|t:|1743867250
|switch|p2a: Slowking|Slowking-Galar, F|64/100 brn|[from] Volt Switch
|move|p1a: Torkoal|Stealth Rock|p2a: Slowking
|-sidestart|p2: darthtormentor|move: Stealth Rock
|
|-weather|SunnyDay|[upkeep]
|-damage|p2a: Slowking|58/100 brn|[from] brn
|upkeep
|turn|11
|
|t:|1743867259
|switch|p1a: Mandibuzz|Mandibuzz, F, shiny|100/100
|move|p2a: Slowking|Sludge Bomb|p1a: Mandibuzz
|-damage|p1a: Mandibuzz|65/100
|
|-weather|SunnyDay|[upkeep]
|-damage|p2a: Slowking|52/100 brn|[from] brn
|upkeep
|turn|12
|
|t:|1743867268
|move|p1a: Mandibuzz|U-turn|p2a: Slowking
|-damage|p2a: Slowking|40/100 brn
|
|t:|1743867271
|switch|p1a: Cinderace|Cinderace, M, shiny|33/100|[from] U-turn
|move|p2a: Slowking|Sludge Bomb|p1a: Cinderace
|-damage|p1a: Cinderace|0 fnt
|faint|p1a: Cinderace
|
|-weather|SunnyDay|[upkeep]
|-damage|p2a: Slowking|34/100 brn|[from] brn
|upkeep
|
|t:|1743867273
|switch|p1a: Slither Wing|Slither Wing, shiny|100/100
|-activate|p1a: Slither Wing|ability: Protosynthesis
|-start|p1a: Slither Wing|protosynthesisatk
|turn|13
|
|t:|1743867279
|switch|p2a: Zapdos|Zapdos|100/100
|move|p1a: Slither Wing|Flare Blitz|p2a: Zapdos
|-damage|p2a: Zapdos|0 fnt
|faint|p2a: Zapdos
|-damage|p1a: Slither Wing|60/100|[from] Recoil
|
|-weather|SunnyDay|[upkeep]
|upkeep
|
|t:|1743867289
|switch|p2a: Zamazenta|Zamazenta|100/100
|-damage|p2a: Zamazenta|94/100|[from] Stealth Rock
|-ability|p2a: Zamazenta|Dauntless Shield|boost
|-boost|p2a: Zamazenta|def|1
|turn|14
|
|t:|1743867300
|-end|p1a: Slither Wing|Protosynthesis|[silent]
|switch|p1a: Venusaur|Venusaur, F, shiny|100/100
|move|p2a: Zamazenta|Stone Edge|p1a: Venusaur
|-crit|p1a: Venusaur
|-damage|p1a: Venusaur|39/100
|
|-weather|SunnyDay|[upkeep]
|upkeep
|turn|15
|
|t:|1743867309
|move|p1a: Venusaur|Earth Power|p2a: Zamazenta
|-damage|p2a: Zamazenta|60/100
|-damage|p1a: Venusaur|29/100|[from] item: Life Orb
|move|p2a: Zamazenta|Ice Fang|p1a: Venusaur
|-supereffective|p1a: Venusaur
|-damage|p1a: Venusaur|0 fnt
|faint|p1a: Venusaur
|
|-weather|SunnyDay|[upkeep]
|upkeep
|
|t:|1743867313
|switch|p1a: Slither Wing|Slither Wing, shiny|60/100
|-activate|p1a: Slither Wing|ability: Protosynthesis
|-start|p1a: Slither Wing|protosynthesisatk
|turn|16
|
|t:|1743867317
|move|p2a: Zamazenta|Stone Edge|p1a: Slither Wing
|-damage|p1a: Slither Wing|19/100
|move|p1a: Slither Wing|Flare Blitz|p2a: Zamazenta
|-damage|p2a: Zamazenta|0 fnt
|faint|p2a: Zamazenta
|-damage|p1a: Slither Wing|0 fnt|[from] Recoil
|faint|p1a: Slither Wing
|-end|p1a: Slither Wing|Protosynthesis|[silent]
|
|-weather|none
|upkeep
|
|t:|1743867323
|switch|p2a: Slowking|Slowking-Galar, F|67/100 brn
|switch|p1a: Torkoal|Torkoal, M|63/100
|-damage|p2a: Slowking|55/100 brn|[from] Stealth Rock
|-weather|SunnyDay|[from] ability: Drought|[of] p1a: Torkoal
|turn|17
|
|t:|1743867330
|switch|p1a: Mandibuzz|Mandibuzz, F, shiny|65/100
|move|p2a: Slowking|Sludge Bomb|p1a: Mandibuzz
|-damage|p1a: Mandibuzz|27/100
|
|-weather|SunnyDay|[upkeep]
|-damage|p2a: Slowking|49/100 brn|[from] brn
|upkeep
|turn|18
|
|t:|1743867337
|switch|p2a: Kingambit|Kingambit, M|98/100
|-damage|p2a: Kingambit|92/100|[from] Stealth Rock
|-activate|p2a: Kingambit|ability: Supreme Overlord
|-start|p2a: Kingambit|fallen2|[silent]
|move|p1a: Mandibuzz|Foul Play|p2a: Kingambit
|-resisted|p2a: Kingambit
|-damage|p2a: Kingambit|72/100
|
|-weather|SunnyDay|[upkeep]
|-heal|p2a: Kingambit|79/100|[from] item: Leftovers
|upkeep
|turn|19
|
|t:|1743867348
|move|p1a: Mandibuzz|Roost|p1a: Mandibuzz
|-heal|p1a: Mandibuzz|78/100
|-singleturn|p1a: Mandibuzz|move: Roost
|move|p2a: Kingambit|Swords Dance|p2a: Kingambit
|-boost|p2a: Kingambit|atk|2
|
|-weather|SunnyDay|[upkeep]
|-heal|p2a: Kingambit|85/100|[from] item: Leftovers
|upkeep
|turn|20
|
|t:|1743867353
|move|p1a: Mandibuzz|Foul Play|p2a: Kingambit
|-resisted|p2a: Kingambit
|-damage|p2a: Kingambit|45/100
|move|p2a: Kingambit|Low Kick|p1a: Mandibuzz
|-damage|p1a: Mandibuzz|44/100
|
|-weather|SunnyDay|[upkeep]
|-heal|p2a: Kingambit|51/100|[from] item: Leftovers
|upkeep
|turn|21
|
|t:|1743867360
|move|p1a: Mandibuzz|Roost|p1a: Mandibuzz
|-heal|p1a: Mandibuzz|95/100
|-singleturn|p1a: Mandibuzz|move: Roost
|move|p2a: Kingambit|Low Kick|p1a: Mandibuzz
|-supereffective|p1a: Mandibuzz
|-damage|p1a: Mandibuzz|27/100
|
|-weather|SunnyDay|[upkeep]
|-heal|p2a: Kingambit|57/100|[from] item: Leftovers
|upkeep
|turn|22
|
|t:|1743867363
|move|p1a: Mandibuzz|Roost|p1a: Mandibuzz
|-heal|p1a: Mandibuzz|77/100
|-singleturn|p1a: Mandibuzz|move: Roost
|move|p2a: Kingambit|Low Kick|p1a: Mandibuzz
|-supereffective|p1a: Mandibuzz
|-damage|p1a: Mandibuzz|15/100
|
|-weather|SunnyDay|[upkeep]
|-heal|p2a: Kingambit|63/100|[from] item: Leftovers
|upkeep
|turn|23
|
|t:|1743867365
|move|p1a: Mandibuzz|Roost|p1a: Mandibuzz
|-heal|p1a: Mandibuzz|65/100
|-singleturn|p1a: Mandibuzz|move: Roost
|move|p2a: Kingambit|Low Kick|p1a: Mandibuzz
|-supereffective|p1a: Mandibuzz
|-damage|p1a: Mandibuzz|4/100
|
|-weather|SunnyDay|[upkeep]
|-heal|p2a: Kingambit|70/100|[from] item: Leftovers
|upkeep
|turn|24
|
|t:|1743867368
|move|p1a: Mandibuzz|Foul Play|p2a: Kingambit
|-resisted|p2a: Kingambit
|-damage|p2a: Kingambit|25/100
|move|p2a: Kingambit|Low Kick|p1a: Mandibuzz
|-damage|p1a: Mandibuzz|0 fnt
|faint|p1a: Mandibuzz
|
|-weather|none
|-heal|p2a: Kingambit|31/100|[from] item: Leftovers
|upkeep
|
|t:|1743867370
|switch|p1a: Torkoal|Torkoal, M|63/100
|-weather|SunnyDay|[from] ability: Drought|[of] p1a: Torkoal
|turn|25
|
|t:|1743867373
|move|p2a: Kingambit|Kowtow Cleave|p1a: Torkoal
|-damage|p1a: Torkoal|0 fnt
|faint|p1a: Torkoal
|
|-weather|SunnyDay|[upkeep]
|-heal|p2a: Kingambit|37/100|[from] item: Leftovers
|upkeep
|
|t:|1743867376
|switch|p1a: Slowking|Slowking-Galar, F, shiny|83/100
|turn|26
|
|t:|1743867377
|move|p2a: Kingambit|Kowtow Cleave|p1a: Slowking
|-supereffective|p1a: Slowking
|-damage|p1a: Slowking|0 fnt
|faint|p1a: Slowking
|
|win|darthtormentor
|raw|Flavt's rating: 1505 &rarr; <strong>1485</strong><br />(-20 for losing)
|raw|darthtormentor's rating: 1500 &rarr; <strong>1520</strong><br />(+20 for winning)
|l|☆Flavt
|player|p1|
|l|☆darthtormentor
|player|p2|
