|j|☆Monsieur Callisto
|j|☆sorrybutimoutside
|t:|1743916902
|gametype|singles
|player|p1|Monsieur Callisto|gentleman-gen4|1167
|player|p2|sorrybutimoutside|n-masters|1100
|teamsize|p1|6
|teamsize|p2|6
|gen|9
|tier|[Gen 9] OU
|rated|
|rule|HP Percentage Mod: HP is shown in percentages
|rule|Endless Battle Clause: Forcing endless battles is banned
|rule|Species Clause: Limit one of each Pokémon
|rule|OHKO Clause: OHKO moves are banned
|rule|Evasion Items Clause: Evasion items are banned
|rule|Evasion Moves Clause: Evasion moves are banned
|rule|Sleep Moves Clause: Sleep-inducing moves are banned
|clearpoke
|poke|p1|Regirock|
|poke|p1|Regice|
|poke|p1|Registeel|
|poke|p1|Yanmega, M|
|poke|p1|Blastoise, M|
|poke|p1|Mamoswine, M|
|poke|p2|Ribombee, M|
|poke|p2|Kyurem|
|poke|p2|Raging Bolt|
|poke|p2|Iron Valiant|
|poke|p2|Gholdengo|
|poke|p2|Iron Moth|
|teampreview
|inactive|Battle timer is ON: inactive players will automatically lose when time's up. (requested by sorrybutimoutside)
|
|t:|1743916918
|start
|switch|p1a: Regirock|Regirock|100/100
|switch|p2a: Ribombee|Ribombee, M|100/100
|turn|1
|
|t:|1743916925
|move|p2a: Ribombee|Sticky Web|p1a: Regirock
|-sidestart|p1: Monsieur Callisto|move: Sticky Web
|move|p1a: Regirock|Stealth Rock|p2a: Ribombee
|-sidestart|p2: sorrybutimoutside|move: Stealth Rock
|
|upkeep
|turn|2
|
|t:|1743916930
|move|p2a: Ribombee|Moonblast|p1a: Regirock
|-damage|p1a: Regirock|64/100
|-unboost|p1a: Regirock|spa|1
|move|p1a: Regirock|Stone Edge|p2a: Ribombee
|-supereffective|p2a: Ribombee
|-enditem|p2a: Ribombee|Focus Sash
|-damage|p2a: Ribombee|1/100
|
|upkeep
|turn|3
|
|t:|1743916940
|move|p2a: Ribombee|Moonblast|p1a: Regirock
|-damage|p1a: Regirock|29/100
|-unboost|p1a: Regirock|spa|1
|move|p1a: Regirock|Heavy Slam|p2a: Ribombee
|-supereffective|p2a: Ribombee
|-damage|p2a: Ribombee|0 fnt
|faint|p2a: Ribombee
|
|upkeep
|
|t:|1743916955
|switch|p2a: Raging Bolt|Raging Bolt|100/100
|-damage|p2a: Raging Bolt|88/100|[from] Stealth Rock
|-enditem|p2a: Raging Bolt|Booster Energy
|-activate|p2a: Raging Bolt|ability: Protosynthesis|[fromitem]
|-start|p2a: Raging Bolt|protosynthesisspa
|turn|4
|
|t:|1743916962
|move|p2a: Raging Bolt|Dragon Pulse|p1a: Regirock
|-crit|p1a: Regirock
|-damage|p1a: Regirock|0 fnt
|faint|p1a: Regirock
|
|upkeep
|
|t:|1743916968
|switch|p1a: Blastoise|Blastoise, M|100/100
|-activate|p1a: Blastoise|move: Sticky Web
|-unboost|p1a: Blastoise|spe|1
|turn|5
|
|t:|1743916976
|-terastallize|p1a: Blastoise|Grass
|move|p2a: Raging Bolt|Thunderbolt|p1a: Blastoise
|-resisted|p1a: Blastoise
|-damage|p1a: Blastoise|80/100
|move|p1a: Blastoise|Rapid Spin|p2a: Raging Bolt
|-damage|p2a: Raging Bolt|79/100
|-boost|p1a: Blastoise|spe|1
|-sideend|p1: Monsieur Callisto|Sticky Web|[from] move: Rapid Spin|[of] p1a: Blastoise
|
|upkeep
|turn|6
|
|t:|1743916986
|move|p2a: Raging Bolt|Calm Mind|p2a: Raging Bolt
|-boost|p2a: Raging Bolt|spa|1
|-boost|p2a: Raging Bolt|spd|1
|move|p1a: Blastoise|Ice Beam|p2a: Raging Bolt
|-supereffective|p2a: Raging Bolt
|-damage|p2a: Raging Bolt|53/100
|
|upkeep
|turn|7
|
|t:|1743916996
|move|p2a: Raging Bolt|Dragon Pulse|p1a: Blastoise
|-damage|p1a: Blastoise|18/100
|move|p1a: Blastoise|Ice Beam|p2a: Raging Bolt
|-supereffective|p2a: Raging Bolt
|-damage|p2a: Raging Bolt|28/100
|
|upkeep
|turn|8
|
|t:|1743917004
|move|p2a: Raging Bolt|Dragon Pulse|p1a: Blastoise
|-damage|p1a: Blastoise|0 fnt
|faint|p1a: Blastoise
|
|upkeep
|
|t:|1743917009
|switch|p1a: Mamoswine|Mamoswine, M|100/100
|turn|9
|
|t:|1743917017
|move|p1a: Mamoswine|Ice Shard|p2a: Raging Bolt
|-supereffective|p2a: Raging Bolt
|-damage|p2a: Raging Bolt|0 fnt
|faint|p2a: Raging Bolt
|-end|p2a: Raging Bolt|Protosynthesis|[silent]
|
|upkeep
|
|t:|1743917021
|switch|p2a: Kyurem|Kyurem|100/100
|-damage|p2a: Kyurem|76/100|[from] Stealth Rock
|-ability|p2a: Kyurem|Pressure
|turn|10
|
|t:|1743917027
|move|p2a: Kyurem|Icicle Spear|p1a: Mamoswine
|-damage|p1a: Mamoswine|92/100
|-damage|p1a: Mamoswine|83/100
|-damage|p1a: Mamoswine|74/100
|-damage|p1a: Mamoswine|65/100
|-damage|p1a: Mamoswine|56/100
|-hitcount|p1a: Mamoswine|5
|move|p1a: Mamoswine|Icicle Crash|p2a: Kyurem
|-damage|p2a: Kyurem|12/100
|
|upkeep
|turn|11
|
|t:|1743917037
|switch|p2a: Iron Valiant|Iron Valiant|100/100
|-damage|p2a: Iron Valiant|94/100|[from] Stealth Rock
|-enditem|p2a: Iron Valiant|Booster Energy
|-activate|p2a: Iron Valiant|ability: Quark Drive|[fromitem]
|-start|p2a: Iron Valiant|quarkdriveatk
|move|p1a: Mamoswine|Ice Shard|p2a: Iron Valiant
|-damage|p2a: Iron Valiant|56/100
|
|upkeep
|turn|12
|
|t:|1743917047
|move|p2a: Iron Valiant|Close Combat|p1a: Mamoswine
|-supereffective|p1a: Mamoswine
|-damage|p1a: Mamoswine|0 fnt
|-unboost|p2a: Iron Valiant|def|1
|-unboost|p2a: Iron Valiant|spd|1
|faint|p1a: Mamoswine
|
|upkeep
|
|t:|1743917054
|switch|p1a: Yanmega|Yanmega, M|100/100
|turn|13
|
|t:|1743917068
|move|p2a: Iron Valiant|Knock Off|p1a: Yanmega
|-damage|p1a: Yanmega|39/100
|-enditem|p1a: Yanmega|Focus Sash|[from] move: Knock Off|[of] p2a: Iron Valiant
|move|p1a: Yanmega|Air Slash|p2a: Iron Valiant
|-supereffective|p2a: Iron Valiant
|-damage|p2a: Iron Valiant|0 fnt
|faint|p2a: Iron Valiant
|-end|p2a: Iron Valiant|Quark Drive|[silent]
|
|-ability|p1a: Yanmega|Speed Boost|boost
|-boost|p1a: Yanmega|spe|1
|upkeep
|
|t:|1743917072
|switch|p2a: Gholdengo|Gholdengo|100/100
|-damage|p2a: Gholdengo|95/100|[from] Stealth Rock
|-item|p2a: Gholdengo|Air Balloon
|turn|14
|
|t:|1743917083
|move|p1a: Yanmega|Bug Buzz|p2a: Gholdengo
|-resisted|p2a: Gholdengo
|-damage|p2a: Gholdengo|82/100
|-enditem|p2a: Gholdengo|Air Balloon
|move|p2a: Gholdengo|Shadow Ball|p1a: Yanmega
|-damage|p1a: Yanmega|0 fnt
|faint|p1a: Yanmega
|
|upkeep
|
|t:|1743917096
|switch|p1a: Registeel|Registeel|100/100
|turn|15
|
|t:|1743917101
|move|p2a: Gholdengo|Nasty Plot|p2a: Gholdengo
|-boost|p2a: Gholdengo|spa|2
|move|p1a: Registeel|Curse|p1a: Registeel
|-unboost|p1a: Registeel|spe|1
|-boost|p1a: Registeel|atk|1
|-boost|p1a: Registeel|def|1
|
|upkeep
|turn|16
|
|t:|1743917109
|move|p2a: Gholdengo|Nasty Plot|p2a: Gholdengo
|-boost|p2a: Gholdengo|spa|2
|move|p1a: Registeel|Earthquake|p2a: Gholdengo
|-supereffective|p2a: Gholdengo
|-damage|p2a: Gholdengo|30/100
|
|upkeep
|turn|17
|inactive|sorrybutimoutside has 120 seconds left.
|
|t:|1743917142
|move|p2a: Gholdengo|Shadow Ball|p1a: Registeel
|-damage|p1a: Registeel|29/100
|move|p1a: Registeel|Earthquake|p2a: Gholdengo
|-supereffective|p2a: Gholdengo
|-damage|p2a: Gholdengo|0 fnt
|faint|p2a: Gholdengo
|
|-heal|p1a: Registeel|35/100|[from] item: Leftovers
|upkeep
|
|t:|1743917145
|switch|p2a: Iron Moth|Iron Moth|100/100
|-damage|p2a: Iron Moth|76/100|[from] Stealth Rock
|-enditem|p2a: Iron Moth|Booster Energy
|-activate|p2a: Iron Moth|ability: Quark Drive|[fromitem]
|-start|p2a: Iron Moth|quarkdrivespa
|turn|18
|
|t:|1743917158
|move|p2a: Iron Moth|Fiery Dance|p1a: Registeel
|-supereffective|p1a: Registeel
|-damage|p1a: Registeel|0 fnt
|faint|p1a: Registeel
|
|upkeep
|
|t:|1743917163
|switch|p1a: Regice|Regice|100/100
|turn|19
|
|t:|1743917171
|move|p2a: Iron Moth|Substitute|p2a: Iron Moth
|-start|p2a: Iron Moth|Substitute
|-damage|p2a: Iron Moth|51/100
|move|p1a: Regice|Thunderbolt|p2a: Iron Moth
|-end|p2a: Iron Moth|Substitute
|
|upkeep
|turn|20
|
|t:|1743917179
|-terastallize|p2a: Iron Moth|Fire
|move|p2a: Iron Moth|Fiery Dance|p1a: Regice
|-supereffective|p1a: Regice
|-damage|p1a: Regice|15/100
|move|p1a: Regice|Thunderbolt|p2a: Iron Moth
|-damage|p2a: Iron Moth|16/100
|
|upkeep
|turn|21
|
|t:|1743917189
|move|p2a: Iron Moth|Fiery Dance|p1a: Regice
|-supereffective|p1a: Regice
|-damage|p1a: Regice|0 fnt
|-boost|p2a: Iron Moth|spa|1
|faint|p1a: Regice
|
|win|sorrybutimoutside
|raw|Monsieur Callisto's rating: 1167 &rarr; <strong>1137</strong><br />(-30 for losing)
|raw|sorrybutimoutside's rating: 1100 &rarr; <strong>1130</strong><br />(+30 for winning)
|l|☆Monsieur Callisto
|player|p1|
|l|☆sorrybutimoutside
|player|p2|
