|j|☆tap water gang
|j|☆UltraGodGreninja
|t:|1743871119
|gametype|singles
|player|p1|tap water gang|sage-gen2jp|1392
|player|p2|UltraGodGreninja|skyla|1378
|teamsize|p1|6
|teamsize|p2|6
|gen|9
|tier|[Gen 9] OU
|rated|
|rule|HP Percentage Mod: HP is shown in percentages
|rule|Endless Battle Clause: Forcing endless battles is banned
|rule|Species Clause: Limit one of each Pokémon
|rule|OHKO Clause: OHKO moves are banned
|rule|Evasion Items Clause: Evasion items are banned
|rule|Evasion Moves Clause: Evasion moves are banned
|rule|Sleep Moves Clause: Sleep-inducing moves are banned
|clearpoke
|poke|p1|Gholdengo|
|poke|p1|Keldeo|
|poke|p1|Zapdos|
|poke|p1|Kyurem|
|poke|p1|Scream Tail|
|poke|p1|Garchomp, M|
|poke|p2|Greninja-*, M|
|poke|p2|Great Tusk|
|poke|p2|Skarmory, M|
|poke|p2|Latios, M|
|poke|p2|Ting-Lu|
|poke|p2|Gliscor, M|
|teampreview
|
|t:|1743871132
|start
|switch|p1a: Zapdos|Zapdos|100/100
|switch|p2a: Latios|Latios, M|100/100
|turn|1
|
|t:|1743871141
|move|p2a: Latios|Ice Beam|p1a: Zapdos
|-supereffective|p1a: Zapdos
|-damage|p1a: Zapdos|0 fnt
|faint|p1a: Zapdos
|
|upkeep
|
|t:|1743871145
|switch|p1a: Keldeo|Keldeo|100/100
|turn|2
|
|t:|1743871148
|switch|p2a: Skarmory|Skarmory, M|100/100
|move|p1a: Keldeo|Flip Turn|p2a: Skarmory
|-damage|p2a: Skarmory|92/100
|-damage|p1a: Keldeo|84/100|[from] item: Rocky Helmet|[of] p2a: Skarmory
|
|t:|1743871153
|switch|p1a: Gholdengo|Gholdengo|100/100|[from] Flip Turn
|
|upkeep
|turn|3
|
|t:|1743871158
|switch|p2a: Ting-Lu|Ting-Lu|100/100
|-ability|p2a: Ting-Lu|Vessel of Ruin
|-terastallize|p1a: Gholdengo|Steel
|move|p1a: Gholdengo|Make It Rain|p2a: Ting-Lu
|-damage|p2a: Ting-Lu|43/100
|-unboost|p1a: Gholdengo|spa|1
|
|-heal|p2a: Ting-Lu|49/100|[from] item: Leftovers
|upkeep
|turn|4
|
|t:|1743871169
|move|p1a: Gholdengo|Make It Rain|p2a: Ting-Lu
|-damage|p2a: Ting-Lu|11/100
|-unboost|p1a: Gholdengo|spa|1
|move|p2a: Ting-Lu|Spikes|p1a: Gholdengo
|-sidestart|p1: tap water gang|Spikes
|
|-heal|p2a: Ting-Lu|17/100|[from] item: Leftovers
|upkeep
|turn|5
|
|t:|1743871178
|switch|p1a: Garchomp|Garchomp, M|100/100
|-damage|p1a: Garchomp|88/100|[from] Spikes
|move|p2a: Ting-Lu|Earthquake|p1a: Garchomp
|-damage|p1a: Garchomp|51/100
|
|-heal|p2a: Ting-Lu|23/100|[from] item: Leftovers
|upkeep
|turn|6
|
|t:|1743871187
|switch|p2a: Latios|Latios, M|100/100
|move|p1a: Garchomp|Stealth Rock|p2a: Latios
|-sidestart|p2: UltraGodGreninja|move: Stealth Rock
|
|upkeep
|turn|7
|
|t:|1743871192
|move|p2a: Latios|Draco Meteor|p1a: Garchomp
|-supereffective|p1a: Garchomp
|-damage|p1a: Garchomp|0 fnt
|-unboost|p2a: Latios|spa|2
|faint|p1a: Garchomp
|
|upkeep
|
|t:|1743871194
|switch|p1a: Scream Tail|Scream Tail|100/100
|-damage|p1a: Scream Tail|88/100|[from] Spikes
|turn|8
|
|t:|1743871200
|-end|p1a: Scream Tail|Protosynthesis|[silent]
|switch|p1a: Gholdengo|Gholdengo, tera:Steel|100/100
|-damage|p1a: Gholdengo|88/100|[from] Spikes
|switch|p2a: Greninja|Greninja, M|100/100
|-damage|p2a: Greninja|88/100|[from] Stealth Rock
|
|upkeep
|turn|9
|
|t:|1743871209
|move|p2a: Greninja|U-turn|p1a: Gholdengo
|-start|p2a: Greninja|typechange|Bug|[from] ability: Protean
|-resisted|p1a: Gholdengo
|-damage|p1a: Gholdengo|64/100
|
|t:|1743871213
|switch|p2a: Ting-Lu|Ting-Lu|23/100|[from] U-turn
|-damage|p2a: Ting-Lu|17/100|[from] Stealth Rock
|-ability|p2a: Ting-Lu|Vessel of Ruin
|move|p1a: Gholdengo|Make It Rain|p2a: Ting-Lu
|-damage|p2a: Ting-Lu|0 fnt
|-unboost|p1a: Gholdengo|spa|1
|faint|p2a: Ting-Lu
|
|upkeep
|
|t:|1743871224
|switch|p2a: Gliscor|Gliscor, M|100/100
|-damage|p2a: Gliscor|88/100|[from] Stealth Rock
|turn|10
|
|t:|1743871229
|move|p1a: Gholdengo|Make It Rain|p2a: Gliscor
|-damage|p2a: Gliscor|7/100
|-unboost|p1a: Gholdengo|spa|1
|move|p2a: Gliscor|Swords Dance|p2a: Gliscor
|-boost|p2a: Gliscor|atk|2
|
|-status|p2a: Gliscor|tox|[from] item: Toxic Orb
|upkeep
|turn|11
|
|t:|1743871238
|move|p1a: Gholdengo|Make It Rain|p2a: Gliscor
|-damage|p2a: Gliscor|0 fnt
|-unboost|p1a: Gholdengo|spa|1
|faint|p2a: Gliscor
|
|upkeep
|
|t:|1743871246
|switch|p2a: Greninja|Greninja, M|88/100
|-damage|p2a: Greninja|76/100|[from] Stealth Rock
|turn|12
|
|t:|1743871250
|move|p2a: Greninja|Liquidation|p1a: Gholdengo
|-start|p2a: Greninja|typechange|Water|[from] ability: Protean
|-damage|p1a: Gholdengo|3/100
|move|p1a: Gholdengo|Make It Rain|p2a: Greninja
|-resisted|p2a: Greninja
|-damage|p2a: Greninja|33/100
|-unboost|p1a: Gholdengo|spa|1
|
|upkeep
|turn|13
|
|t:|1743871260
|switch|p1a: Keldeo|Keldeo|84/100
|move|p2a: Greninja|Liquidation|p1a: Keldeo
|-resisted|p1a: Keldeo
|-damage|p1a: Keldeo|56/100
|-unboost|p1a: Keldeo|def|1
|
|upkeep
|turn|14
|
|t:|1743871268
|switch|p2a: Latios|Latios, M|100/100
|-damage|p2a: Latios|88/100|[from] Stealth Rock
|move|p1a: Keldeo|Flip Turn|p2a: Latios
|-resisted|p2a: Latios
|-crit|p2a: Latios
|-damage|p2a: Latios|74/100
|
|t:|1743871270
|switch|p1a: Scream Tail|Scream Tail|88/100|[from] Flip Turn
|-damage|p1a: Scream Tail|76/100|[from] Spikes
|
|-heal|p1a: Scream Tail|82/100|[from] item: Leftovers
|upkeep
|turn|15
|
|t:|1743871279
|switch|p2a: Greninja|Greninja, M|33/100
|-damage|p2a: Greninja|20/100|[from] Stealth Rock
|move|p1a: Scream Tail|Wish|p1a: Scream Tail
|
|-heal|p1a: Scream Tail|88/100|[from] item: Leftovers
|upkeep
|turn|16
|
|t:|1743871291
|move|p1a: Scream Tail|Protect|p1a: Scream Tail
|-singleturn|p1a: Scream Tail|Protect
|move|p2a: Greninja|Gunk Shot|p1a: Scream Tail
|-start|p2a: Greninja|typechange|Poison|[from] ability: Protean
|-activate|p1a: Scream Tail|move: Protect
|
|-heal|p1a: Scream Tail|100/100|[from] move: Wish|[wisher] Scream Tail
|upkeep
|turn|17
|
|t:|1743871299
|-end|p1a: Scream Tail|Protosynthesis|[silent]
|switch|p1a: Gholdengo|Gholdengo, tera:Steel|3/100
|-damage|p1a: Gholdengo|0 fnt|[from] Spikes
|faint|p1a: Gholdengo
|move|p2a: Greninja|Gunk Shot|p1: Gholdengo|[notarget]
|-fail|p2a: Greninja
|
|upkeep
|
|t:|1743871303
|switch|p1a: Kyurem|Kyurem|100/100
|-damage|p1a: Kyurem|88/100|[from] Spikes
|-ability|p1a: Kyurem|Pressure
|turn|18
|
|t:|1743871310
|switch|p2a: Skarmory|Skarmory, M|92/100
|-damage|p2a: Skarmory|80/100|[from] Stealth Rock
|move|p1a: Kyurem|Scale Shot|p2a: Skarmory
|-resisted|p2a: Skarmory
|-damage|p2a: Skarmory|76/100
|-resisted|p2a: Skarmory
|-damage|p2a: Skarmory|72/100
|-resisted|p2a: Skarmory
|-damage|p2a: Skarmory|68/100
|-resisted|p2a: Skarmory
|-damage|p2a: Skarmory|64/100
|-resisted|p2a: Skarmory
|-damage|p2a: Skarmory|60/100
|-hitcount|p2a: Skarmory|5
|-unboost|p1a: Kyurem|def|1
|-boost|p1a: Kyurem|spe|1
|
|upkeep
|turn|19
|
|t:|1743871325
|move|p1a: Kyurem|Icicle Spear|p2a: Skarmory
|-damage|p2a: Skarmory|52/100
|-damage|p2a: Skarmory|44/100
|-damage|p2a: Skarmory|36/100
|-damage|p2a: Skarmory|28/100
|-damage|p2a: Skarmory|19/100
|-hitcount|p2a: Skarmory|5
|move|p2a: Skarmory|Whirlwind|p1a: Kyurem
|drag|p1a: Keldeo|Keldeo|56/100
|
|upkeep
|turn|20
|
|t:|1743871335
|move|p1a: Keldeo|Surf|p2a: Skarmory
|-damage|p2a: Skarmory|0 fnt
|faint|p2a: Skarmory
|
|upkeep
|
|t:|1743871344
|switch|p2a: Greninja|Greninja, M|20/100
|-damage|p2a: Greninja|8/100|[from] Stealth Rock
|turn|21
|
|t:|1743871349
|move|p1a: Keldeo|Vacuum Wave|p2a: Greninja
|-supereffective|p2a: Greninja
|-damage|p2a: Greninja|0 fnt
|faint|p2a: Greninja
|
|upkeep
|
|t:|1743871353
|switch|p2a: Latios|Latios, M|74/100
|-damage|p2a: Latios|62/100|[from] Stealth Rock
|turn|22
|
|t:|1743871359
|switch|p1a: Scream Tail|Scream Tail|100/100
|-damage|p1a: Scream Tail|88/100|[from] Spikes
|move|p2a: Latios|Thunderbolt|p1a: Scream Tail
|-damage|p1a: Scream Tail|54/100
|
|-heal|p1a: Scream Tail|60/100|[from] item: Leftovers
|upkeep
|turn|23
|-message|UltraGodGreninja forfeited.
|
|win|tap water gang
|raw|tap water gang's rating: 1392 &rarr; <strong>1411</strong><br />(+19 for winning)
|raw|UltraGodGreninja's rating: 1378 &rarr; <strong>1359</strong><br />(-19 for losing)
|l|☆UltraGodGreninja
|player|p2|
|l|☆tap water gang
|player|p1|
