|j|☆FayaWizard
|j|☆teamskullenoxa
|t:|1743894791
|gametype|singles
|player|p1|FayaWizard|miku-ground|1682
|player|p2|teamskullenoxa|1|1647
|teamsize|p1|6
|teamsize|p2|6
|gen|9
|tier|[Gen 9] OU
|rated|
|rule|HP Percentage Mod: HP is shown in percentages
|rule|Endless Battle Clause: Forcing endless battles is banned
|rule|Species Clause: Limit one of each Pokémon
|rule|OHKO Clause: OHKO moves are banned
|rule|Evasion Items Clause: Evasion items are banned
|rule|Evasion Moves Clause: Evasion moves are banned
|rule|Sleep Moves Clause: Sleep-inducing moves are banned
|clearpoke
|poke|p1|Heatran, M|
|poke|p1|Hydrapple, F|
|poke|p1|Blissey, F|
|poke|p1|Alomomola, F|
|poke|p1|Gliscor, M|
|poke|p1|Corviknight, M|
|poke|p2|Typhlosion-Hisui, F|
|poke|p2|Hatterene, F|
|poke|p2|Torkoal, F|
|poke|p2|Lilligant-Hisui, F|
|poke|p2|Landorus-Therian, M|
|poke|p2|Walking Wake|
|teampreview
|inactive|Battle timer is ON: inactive players will automatically lose when time's up. (requested by FayaWizard)
|
|t:|1743894800
|start
|switch|p1a: Gliscor|Gliscor, M|100/100
|switch|p2a: Torkoal|Torkoal, F|100/100
|-weather|SunnyDay|[from] ability: Drought|[of] p2a: Torkoal
|turn|1
|
|t:|1743894806
|move|p1a: Gliscor|Protect|p1a: Gliscor
|-singleturn|p1a: Gliscor|Protect
|move|p2a: Torkoal|Stealth Rock|p1a: Gliscor
|-sidestart|p1: FayaWizard|move: Stealth Rock
|
|-weather|SunnyDay|[upkeep]
|-status|p1a: Gliscor|tox|[from] item: Toxic Orb
|upkeep
|turn|2
|
|t:|1743894809
|switch|p2a: Hatterene|Hatterene, F|100/100
|move|p1a: Gliscor|Knock Off|p2a: Hatterene
|-damage|p2a: Hatterene|80/100
|-enditem|p2a: Hatterene|Eject Button|[from] move: Knock Off|[of] p1a: Gliscor
|
|-weather|SunnyDay|[upkeep]
|upkeep
|turn|3
|
|t:|1743894813
|move|p1a: Gliscor|Knock Off|p2a: Hatterene
|-damage|p2a: Hatterene|66/100
|move|p2a: Hatterene|Psychic Noise|p1a: Gliscor
|-damage|p1a: Gliscor|69/100 tox
|-start|p1a: Gliscor|move: Heal Block
|
|-weather|SunnyDay|[upkeep]
|upkeep
|turn|4
|
|t:|1743894815
|move|p1a: Gliscor|Protect|p1a: Gliscor
|-singleturn|p1a: Gliscor|Protect
|move|p2a: Hatterene|Dazzling Gleam|p1a: Gliscor
|-activate|p1a: Gliscor|move: Protect
|
|-weather|SunnyDay|[upkeep]
|-end|p1a: Gliscor|move: Heal Block
|upkeep
|turn|5
|
|t:|1743894820
|switch|p1a: Heatran|Heatran, M|100/100
|move|p2a: Hatterene|Psychic Noise|p1a: Heatran
|-resisted|p1a: Heatran
|-damage|p1a: Heatran|85/100
|-start|p1a: Heatran|move: Heal Block
|
|-weather|SunnyDay|[upkeep]
|upkeep
|turn|6
|
|t:|1743894825
|switch|p2a: Walking Wake|Walking Wake|100/100
|-activate|p2a: Walking Wake|ability: Protosynthesis
|-start|p2a: Walking Wake|protosynthesisspa
|move|p1a: Heatran|Lava Plume|p2a: Walking Wake
|-resisted|p2a: Walking Wake
|-damage|p2a: Walking Wake|86/100
|
|-weather|SunnyDay|[upkeep]
|-end|p1a: Heatran|move: Heal Block
|upkeep
|turn|7
|
|t:|1743894829
|switch|p1a: Blissey|Blissey, F|100/100
|move|p2a: Walking Wake|Hydro Steam|p1a: Blissey
|-damage|p1a: Blissey|73/100
|
|-weather|SunnyDay|[upkeep]
|upkeep
|turn|8
|
|t:|1743894844
|-end|p2a: Walking Wake|Protosynthesis|[silent]
|switch|p2a: Landorus|Landorus-Therian, M|100/100
|-ability|p2a: Landorus|Intimidate|boost
|-unboost|p1a: Blissey|atk|1
|move|p1a: Blissey|Soft-Boiled|p1a: Blissey
|-heal|p1a: Blissey|100/100
|
|-weather|none
|upkeep
|turn|9
|
|t:|1743894847
|switch|p1a: Gliscor|Gliscor, M|69/100 tox
|-damage|p1a: Gliscor|56/100 tox|[from] Stealth Rock
|move|p2a: Landorus|U-turn|p1a: Gliscor
|-resisted|p1a: Gliscor
|-damage|p1a: Gliscor|47/100 tox
|
|t:|1743894868
|switch|p2a: Lilligant|Lilligant-Hisui, F|100/100|[from] U-turn
|
|-heal|p1a: Gliscor|59/100 tox|[from] ability: Poison Heal
|upkeep
|turn|10
|
|t:|1743894875
|switch|p1a: Corviknight|Corviknight, M|100/100
|-ability|p1a: Corviknight|Pressure
|move|p2a: Lilligant|Triple Axel|p1a: Corviknight
|-damage|p1a: Corviknight|96/100
|-damage|p1a: Corviknight|88/100
|-damage|p1a: Corviknight|75/100
|-hitcount|p1a: Corviknight|3
|
|upkeep
|turn|11
|
|t:|1743894881
|move|p2a: Lilligant|Close Combat|p1a: Corviknight
|-damage|p1a: Corviknight|38/100
|-unboost|p2a: Lilligant|def|1
|-unboost|p2a: Lilligant|spd|1
|move|p1a: Corviknight|Roost|p1a: Corviknight
|-heal|p1a: Corviknight|88/100
|-singleturn|p1a: Corviknight|move: Roost
|
|upkeep
|turn|12
|
|t:|1743894886
|switch|p2a: Torkoal|Torkoal, F|100/100
|-weather|SunnyDay|[from] ability: Drought|[of] p2a: Torkoal
|move|p1a: Corviknight|Defog|p2a: Torkoal
|-unboost|p2a: Torkoal|evasion|1
|-sideend|p1: FayaWizard|Stealth Rock|[from] move: Defog|[of] p1a: Corviknight
|
|-weather|SunnyDay|[upkeep]
|upkeep
|turn|13
|
|t:|1743894894
|switch|p1a: Gliscor|Gliscor, M|59/100 tox
|move|p2a: Torkoal|Body Press|p1a: Gliscor
|-resisted|p1a: Gliscor
|-damage|p1a: Gliscor|50/100 tox
|
|-weather|SunnyDay|[upkeep]
|-heal|p1a: Gliscor|62/100 tox|[from] ability: Poison Heal
|upkeep
|turn|14
|
|t:|1743894898
|move|p1a: Gliscor|Knock Off|p2a: Torkoal
|-damage|p2a: Torkoal|83/100
|-enditem|p2a: Torkoal|Heat Rock|[from] move: Knock Off|[of] p1a: Gliscor
|move|p2a: Torkoal|Stealth Rock|p1a: Gliscor
|-sidestart|p1: FayaWizard|move: Stealth Rock
|
|-weather|SunnyDay|[upkeep]
|-heal|p1a: Gliscor|75/100 tox|[from] ability: Poison Heal
|upkeep
|turn|15
|
|t:|1743894903
|switch|p2a: Walking Wake|Walking Wake|86/100
|-activate|p2a: Walking Wake|ability: Protosynthesis
|-start|p2a: Walking Wake|protosynthesisspa
|move|p1a: Gliscor|Knock Off|p2a: Walking Wake
|-damage|p2a: Walking Wake|63/100
|-enditem|p2a: Walking Wake|Choice Scarf|[from] move: Knock Off|[of] p1a: Gliscor
|
|-weather|SunnyDay|[upkeep]
|-heal|p1a: Gliscor|87/100 tox|[from] ability: Poison Heal
|upkeep
|turn|16
|
|t:|1743894908
|move|p1a: Gliscor|Protect|p1a: Gliscor
|-singleturn|p1a: Gliscor|Protect
|move|p2a: Walking Wake|Hydro Steam|p1a: Gliscor
|-activate|p1a: Gliscor|move: Protect
|
|-weather|SunnyDay|[upkeep]
|-heal|p1a: Gliscor|99/100 tox|[from] ability: Poison Heal
|upkeep
|turn|17
|
|t:|1743894918
|switch|p1a: Alomomola|Alomomola, F|100/100
|-terastallize|p2a: Walking Wake|Water
|move|p2a: Walking Wake|Hydro Steam|p1a: Alomomola
|-resisted|p1a: Alomomola
|-damage|p1a: Alomomola|36/100
|
|-weather|SunnyDay|[upkeep]
|upkeep
|turn|18
|
|t:|1743894923
|move|p1a: Alomomola|Protect|p1a: Alomomola
|-singleturn|p1a: Alomomola|Protect
|move|p2a: Walking Wake|Hydro Steam|p1a: Alomomola
|-activate|p1a: Alomomola|move: Protect
|
|-weather|SunnyDay|[upkeep]
|upkeep
|turn|19
|
|t:|1743894927
|switch|p1a: Blissey|Blissey, F|100/100
|move|p2a: Walking Wake|Hydro Steam|p1a: Blissey
|-damage|p1a: Blissey|64/100
|
|-weather|none
|-end|p2a: Walking Wake|Protosynthesis
|upkeep
|turn|20
|
|t:|1743894934
|-end|p2a: Walking Wake|Protosynthesis|[silent]
|switch|p2a: Hatterene|Hatterene, F|66/100
|move|p1a: Blissey|Soft-Boiled|p1a: Blissey
|-heal|p1a: Blissey|100/100
|
|upkeep
|turn|21
|
|t:|1743894942
|switch|p1a: Heatran|Heatran, M|85/100
|move|p2a: Hatterene|Psychic Noise|p1a: Heatran
|-resisted|p1a: Heatran
|-damage|p1a: Heatran|72/100
|-start|p1a: Heatran|move: Heal Block
|
|upkeep
|turn|22
|
|t:|1743894946
|move|p1a: Heatran|Stealth Rock|p2a: Hatterene
|move|p2a: Hatterene|Stealth Rock||[from] ability: Magic Bounce|[still]
|-fail|p2a: Hatterene
|move|p2a: Hatterene|Nuzzle|p1a: Heatran
|-damage|p1a: Heatran|69/100
|-status|p1a: Heatran|par
|
|-end|p1a: Heatran|move: Heal Block
|upkeep
|turn|23
|
|t:|1743894950
|switch|p2a: Walking Wake|Walking Wake, tera:Water|63/100
|move|p1a: Heatran|Lava Plume|p2a: Walking Wake
|-resisted|p2a: Walking Wake
|-damage|p2a: Walking Wake|42/100
|
|upkeep
|turn|24
|
|t:|1743894956
|switch|p1a: Hydrapple|Hydrapple, F|100/100
|move|p2a: Walking Wake|Hydro Steam|p1a: Hydrapple
|-resisted|p1a: Hydrapple
|-damage|p1a: Hydrapple|85/100
|
|upkeep
|turn|25
|
|t:|1743894958
|switch|p1a: Blissey|Blissey, F|100/100
|move|p2a: Walking Wake|Draco Meteor|p1a: Blissey
|-damage|p1a: Blissey|78/100
|-unboost|p2a: Walking Wake|spa|2
|
|upkeep
|turn|26
|
|t:|1743894965
|-end|p2a: Walking Wake|Protosynthesis|[silent]
|switch|p2a: Lilligant|Lilligant-Hisui, F|100/100
|move|p1a: Blissey|Seismic Toss|p2a: Lilligant
|-damage|p2a: Lilligant|67/100
|
|upkeep
|turn|27
|
|t:|1743894970
|switch|p1a: Corviknight|Corviknight, M|88/100
|-ability|p1a: Corviknight|Pressure
|move|p2a: Lilligant|Victory Dance|p2a: Lilligant
|-boost|p2a: Lilligant|atk|1
|-boost|p2a: Lilligant|def|1
|-boost|p2a: Lilligant|spe|1
|
|upkeep
|turn|28
|
|t:|1743894977
|move|p2a: Lilligant|Close Combat|p1a: Corviknight
|-damage|p1a: Corviknight|32/100
|-unboost|p2a: Lilligant|def|1
|-unboost|p2a: Lilligant|spd|1
|move|p1a: Corviknight|Iron Defense|p1a: Corviknight
|-boost|p1a: Corviknight|def|2
|
|upkeep
|turn|29
|
|t:|1743894981
|move|p2a: Lilligant|Close Combat|p1a: Corviknight
|-damage|p1a: Corviknight|4/100
|-unboost|p2a: Lilligant|def|1
|-unboost|p2a: Lilligant|spd|1
|move|p1a: Corviknight|Roost|p1a: Corviknight
|-heal|p1a: Corviknight|54/100
|-singleturn|p1a: Corviknight|move: Roost
|
|upkeep
|turn|30
|
|t:|1743894985
|switch|p2a: Typhlosion|Typhlosion-Hisui, F|100/100
|move|p1a: Corviknight|Roost|p1a: Corviknight
|-heal|p1a: Corviknight|100/100
|-singleturn|p1a: Corviknight|move: Roost
|
|upkeep
|turn|31
|
|t:|1743894991
|switch|p1a: Alomomola|Alomomola, F|69/100
|move|p2a: Typhlosion|Eruption|p1a: Alomomola
|-resisted|p1a: Alomomola
|-damage|p1a: Alomomola|20/100
|
|upkeep
|turn|32
|
|t:|1743894993
|move|p1a: Alomomola|Protect|p1a: Alomomola
|-singleturn|p1a: Alomomola|Protect
|move|p2a: Typhlosion|Eruption|p1a: Alomomola
|-activate|p1a: Alomomola|move: Protect
|
|upkeep
|turn|33
|
|t:|1743894997
|switch|p1a: Blissey|Blissey, F|78/100
|move|p2a: Typhlosion|Eruption|p1a: Blissey
|-damage|p1a: Blissey|54/100
|
|upkeep
|turn|34
|
|t:|1743895015
|switch|p2a: Lilligant|Lilligant-Hisui, F|67/100
|move|p1a: Blissey|Soft-Boiled|p1a: Blissey
|-heal|p1a: Blissey|100/100
|
|upkeep
|turn|35
|
|t:|1743895021
|switch|p2a: Typhlosion|Typhlosion-Hisui, F|100/100
|switch|p1a: Corviknight|Corviknight, M|100/100
|-ability|p1a: Corviknight|Pressure
|
|upkeep
|turn|36
|
|t:|1743895027
|switch|p1a: Blissey|Blissey, F|100/100
|move|p2a: Typhlosion|Overheat|p1a: Blissey
|-damage|p1a: Blissey|80/100
|-unboost|p2a: Typhlosion|spa|2
|
|upkeep
|turn|37
|
|t:|1743895031
|switch|p2a: Hatterene|Hatterene, F|66/100
|switch|p1a: Gliscor|Gliscor, M|99/100 tox
|-damage|p1a: Gliscor|87/100 tox|[from] Stealth Rock
|
|-heal|p1a: Gliscor|99/100 tox|[from] ability: Poison Heal
|upkeep
|turn|38
|
|t:|1743895033
|move|p1a: Gliscor|Knock Off|p2a: Hatterene
|-damage|p2a: Hatterene|54/100
|move|p2a: Hatterene|Psychic Noise|p1a: Gliscor
|-damage|p1a: Gliscor|71/100 tox
|-start|p1a: Gliscor|move: Heal Block
|
|upkeep
|turn|39
|
|t:|1743895039
|move|p1a: Gliscor|Protect|p1a: Gliscor
|-singleturn|p1a: Gliscor|Protect
|move|p2a: Hatterene|Dazzling Gleam|p1a: Gliscor
|-activate|p1a: Gliscor|move: Protect
|
|-end|p1a: Gliscor|move: Heal Block
|upkeep
|turn|40
|
|t:|1743895043
|switch|p1a: Heatran|Heatran, M|69/100 par
|move|p2a: Hatterene|Psychic Noise|p1a: Heatran
|-resisted|p1a: Heatran
|-damage|p1a: Heatran|55/100 par
|-start|p1a: Heatran|move: Heal Block
|
|upkeep
|turn|41
|
|t:|1743895060
|switch|p2a: Walking Wake|Walking Wake, tera:Water|42/100
|move|p1a: Heatran|Lava Plume|p2a: Walking Wake
|-resisted|p2a: Walking Wake
|-damage|p2a: Walking Wake|23/100
|
|-end|p1a: Heatran|move: Heal Block
|upkeep
|turn|42
|
|t:|1743895071
|-end|p2a: Walking Wake|Protosynthesis|[silent]
|switch|p2a: Lilligant|Lilligant-Hisui, F|67/100
|switch|p1a: Hydrapple|Hydrapple, F|100/100
|
|upkeep
|turn|43
|
|t:|1743895075
|move|p2a: Lilligant|Triple Axel|p1a: Hydrapple
|-supereffective|p1a: Hydrapple
|-damage|p1a: Hydrapple|84/100
|-supereffective|p1a: Hydrapple
|-damage|p1a: Hydrapple|57/100
|-supereffective|p1a: Hydrapple
|-crit|p1a: Hydrapple
|-damage|p1a: Hydrapple|0 fnt
|faint|p1a: Hydrapple
|-hitcount|p1: Hydrapple|3
|
|upkeep
|
|t:|1743895081
|switch|p1a: Corviknight|Corviknight, M|100/100
|-ability|p1a: Corviknight|Pressure
|turn|44
|
|t:|1743895092
|switch|p2a: Landorus|Landorus-Therian, M|100/100
|-ability|p2a: Landorus|Intimidate|boost
|-unboost|p1a: Corviknight|atk|1
|move|p1a: Corviknight|Defog|p2a: Landorus
|-unboost|p2a: Landorus|evasion|1
|-sideend|p1: FayaWizard|Stealth Rock|[from] move: Defog|[of] p1a: Corviknight
|
|upkeep
|turn|45
|
|t:|1743895097
|switch|p1a: Gliscor|Gliscor, M|71/100 tox
|move|p2a: Landorus|U-turn|p1a: Gliscor
|-resisted|p1a: Gliscor
|-damage|p1a: Gliscor|60/100 tox
|
|t:|1743895101
|switch|p2a: Lilligant|Lilligant-Hisui, F|67/100|[from] U-turn
|
|-heal|p1a: Gliscor|72/100 tox|[from] ability: Poison Heal
|upkeep
|turn|46
|
|t:|1743895108
|switch|p2a: Torkoal|Torkoal, F|83/100
|-weather|SunnyDay|[from] ability: Drought|[of] p2a: Torkoal
|switch|p1a: Corviknight|Corviknight, M|100/100
|-ability|p1a: Corviknight|Pressure
|
|-weather|SunnyDay|[upkeep]
|upkeep
|turn|47
|
|t:|1743895111
|switch|p1a: Gliscor|Gliscor, M|72/100 tox
|move|p2a: Torkoal|Stealth Rock|p1a: Gliscor
|-sidestart|p1: FayaWizard|move: Stealth Rock
|
|-weather|SunnyDay|[upkeep]
|-heal|p1a: Gliscor|85/100 tox|[from] ability: Poison Heal
|upkeep
|turn|48
|
|t:|1743895116
|move|p1a: Gliscor|Knock Off|p2a: Torkoal
|-damage|p2a: Torkoal|72/100
|move|p2a: Torkoal|Lava Plume|p1a: Gliscor
|-damage|p1a: Gliscor|54/100 tox
|
|-weather|SunnyDay|[upkeep]
|-heal|p1a: Gliscor|67/100 tox|[from] ability: Poison Heal
|upkeep
|turn|49
|
|t:|1743895122
|switch|p2a: Walking Wake|Walking Wake, tera:Water|23/100
|-activate|p2a: Walking Wake|ability: Protosynthesis
|-start|p2a: Walking Wake|protosynthesisspa
|move|p1a: Gliscor|Protect||[still]
|-fail|p1a: Gliscor
|
|-weather|SunnyDay|[upkeep]
|-heal|p1a: Gliscor|79/100 tox|[from] ability: Poison Heal
|upkeep
|turn|50
|
|t:|1743895125
|move|p1a: Gliscor|Protect|p1a: Gliscor
|-singleturn|p1a: Gliscor|Protect
|move|p2a: Walking Wake|Hydro Steam|p1a: Gliscor
|-activate|p1a: Gliscor|move: Protect
|
|-weather|none
|-end|p2a: Walking Wake|Protosynthesis
|-heal|p1a: Gliscor|92/100 tox|[from] ability: Poison Heal
|upkeep
|turn|51
|
|t:|1743895131
|switch|p1a: Alomomola|Alomomola, F|53/100
|move|p2a: Walking Wake|Draco Meteor|p1a: Alomomola|[miss]
|-miss|p2a: Walking Wake|p1a: Alomomola
|
|upkeep
|turn|52
|
|t:|1743895135
|move|p1a: Alomomola|Protect|p1a: Alomomola
|-singleturn|p1a: Alomomola|Protect
|move|p2a: Walking Wake|Draco Meteor|p1a: Alomomola
|-activate|p1a: Alomomola|move: Protect
|
|upkeep
|turn|53
|
|t:|1743895138
|switch|p1a: Blissey|Blissey, F|80/100
|move|p2a: Walking Wake|Dragon Pulse|p1a: Blissey
|-damage|p1a: Blissey|65/100
|
|upkeep
|turn|54
|
|t:|1743895141
|move|p2a: Walking Wake|Draco Meteor|p1a: Blissey
|-damage|p1a: Blissey|43/100
|-unboost|p2a: Walking Wake|spa|2
|move|p1a: Blissey|Soft-Boiled|p1a: Blissey
|-heal|p1a: Blissey|93/100
|
|upkeep
|turn|55
|
|t:|1743895151
|-end|p2a: Walking Wake|Protosynthesis|[silent]
|switch|p2a: Landorus|Landorus-Therian, M|100/100
|-ability|p2a: Landorus|Intimidate|boost
|-unboost|p1a: Blissey|atk|1
|switch|p1a: Alomomola|Alomomola, F|86/100
|
|upkeep
|turn|56
|
|t:|1743895154
|move|p2a: Landorus|U-turn|p1a: Alomomola
|-damage|p1a: Alomomola|71/100
|
|t:|1743895157
|switch|p2a: Torkoal|Torkoal, F|72/100|[from] U-turn
|-weather|SunnyDay|[from] ability: Drought|[of] p2a: Torkoal
|move|p1a: Alomomola|Flip Turn|p2a: Torkoal
|-supereffective|p2a: Torkoal
|-damage|p2a: Torkoal|60/100
|
|t:|1743895163
|switch|p1a: Gliscor|Gliscor, M|92/100 tox|[from] Flip Turn
|-damage|p1a: Gliscor|79/100 tox|[from] Stealth Rock
|
|-weather|SunnyDay|[upkeep]
|-heal|p1a: Gliscor|92/100 tox|[from] ability: Poison Heal
|upkeep
|turn|57
|
|t:|1743895172
|switch|p2a: Lilligant|Lilligant-Hisui, F|67/100
|move|p1a: Gliscor|Spikes|p2a: Lilligant
|-sidestart|p2: teamskullenoxa|Spikes
|
|-weather|SunnyDay|[upkeep]
|-heal|p1a: Gliscor|100/100 tox|[from] ability: Poison Heal
|upkeep
|turn|58
|
|t:|1743895177
|switch|p1a: Corviknight|Corviknight, M|100/100
|-ability|p1a: Corviknight|Pressure
|move|p2a: Lilligant|Triple Axel|p1a: Corviknight
|-damage|p1a: Corviknight|96/100
|-hitcount|p1a: Corviknight|1
|
|-weather|SunnyDay|[upkeep]
|upkeep
|turn|59
|
|t:|1743895186
|switch|p2a: Torkoal|Torkoal, F|60/100
|-damage|p2a: Torkoal|47/100|[from] Spikes
|switch|p1a: Gliscor|Gliscor, M|100/100 tox
|-damage|p1a: Gliscor|88/100 tox|[from] Stealth Rock
|
|-weather|SunnyDay|[upkeep]
|-heal|p1a: Gliscor|100/100 tox|[from] ability: Poison Heal
|upkeep
|turn|60
|
|t:|1743895190
|move|p1a: Gliscor|Protect|p1a: Gliscor
|-singleturn|p1a: Gliscor|Protect
|move|p2a: Torkoal|Rapid Spin|p1a: Gliscor
|-activate|p1a: Gliscor|move: Protect
|
|-weather|none
|upkeep
|turn|61
|
|t:|1743895192
|move|p1a: Gliscor|Spikes|p2a: Torkoal
|-sidestart|p2: teamskullenoxa|Spikes
|move|p2a: Torkoal|Rapid Spin|p1a: Gliscor
|-damage|p1a: Gliscor|94/100 tox
|-boost|p2a: Torkoal|spe|1
|-sideend|p2: teamskullenoxa|Spikes|[from] move: Rapid Spin|[of] p2a: Torkoal
|
|-heal|p1a: Gliscor|100/100 tox|[from] ability: Poison Heal
|upkeep
|turn|62
|
|t:|1743895196
|move|p1a: Gliscor|Knock Off|p2a: Torkoal
|-damage|p2a: Torkoal|38/100
|move|p2a: Torkoal|Lava Plume|p1a: Gliscor
|-damage|p1a: Gliscor|79/100 tox
|
|-heal|p1a: Gliscor|92/100 tox|[from] ability: Poison Heal
|upkeep
|turn|63
|
|t:|1743895201
|switch|p2a: Lilligant|Lilligant-Hisui, F|67/100
|move|p1a: Gliscor|Spikes|p2a: Lilligant
|-sidestart|p2: teamskullenoxa|Spikes
|
|-heal|p1a: Gliscor|100/100 tox|[from] ability: Poison Heal
|upkeep
|turn|64
|
|t:|1743895206
|switch|p1a: Corviknight|Corviknight, M|96/100
|-ability|p1a: Corviknight|Pressure
|move|p2a: Lilligant|Triple Axel|p1a: Corviknight|[miss]
|-miss|p2a: Lilligant|p1a: Corviknight
|
|upkeep
|turn|65
|
|t:|1743895212
|move|p2a: Lilligant|Victory Dance|p2a: Lilligant
|-boost|p2a: Lilligant|atk|1
|-boost|p2a: Lilligant|def|1
|-boost|p2a: Lilligant|spe|1
|move|p1a: Corviknight|Body Press|p2a: Lilligant
|-damage|p2a: Lilligant|40/100
|
|upkeep
|turn|66
|
|t:|1743895217
|move|p2a: Lilligant|Triple Axel|p1a: Corviknight
|-damage|p1a: Corviknight|89/100
|-damage|p1a: Corviknight|76/100
|-damage|p1a: Corviknight|54/100
|-hitcount|p1a: Corviknight|3
|move|p1a: Corviknight|Iron Defense|p1a: Corviknight
|-boost|p1a: Corviknight|def|2
|
|upkeep
|turn|67
|
|t:|1743895231
|switch|p2a: Landorus|Landorus-Therian, M|100/100
|-ability|p2a: Landorus|Intimidate|boost
|-unboost|p1a: Corviknight|atk|1
|move|p1a: Corviknight|Roost|p1a: Corviknight
|-heal|p1a: Corviknight|100/100
|-singleturn|p1a: Corviknight|move: Roost
|
|upkeep
|turn|68
|
|t:|1743895237
|move|p2a: Landorus|U-turn|p1a: Corviknight
|-resisted|p1a: Corviknight
|-damage|p1a: Corviknight|99/100
|
|t:|1743895239
|switch|p2a: Torkoal|Torkoal, F|38/100|[from] U-turn
|-damage|p2a: Torkoal|25/100|[from] Spikes
|-weather|SunnyDay|[from] ability: Drought|[of] p2a: Torkoal
|move|p1a: Corviknight|Body Press|p2a: Torkoal
|-damage|p2a: Torkoal|0 fnt
|faint|p2a: Torkoal
|
|-weather|SunnyDay|[upkeep]
|upkeep
|inactive|teamskullenoxa has 120 seconds left.
|
|t:|1743895284
|switch|p2a: Hatterene|Hatterene, F|54/100
|-damage|p2a: Hatterene|41/100|[from] Spikes
|turn|69
|
|t:|1743895290
|switch|p1a: Heatran|Heatran, M|55/100 par
|move|p2a: Hatterene|Psychic Noise|p1a: Heatran
|-resisted|p1a: Heatran
|-damage|p1a: Heatran|42/100 par
|-start|p1a: Heatran|move: Heal Block
|
|-weather|SunnyDay|[upkeep]
|upkeep
|turn|70
|
|t:|1743895295
|move|p2a: Hatterene|Healing Wish|p2a: Hatterene
|faint|p2a: Hatterene
|move|p1a: Heatran|Lava Plume|p2: Hatterene|[notarget]
|-fail|p1a: Heatran
|
|-weather|SunnyDay|[upkeep]
|-end|p1a: Heatran|move: Heal Block
|upkeep
|
|t:|1743895297
|switch|p2a: Walking Wake|Walking Wake, tera:Water|23/100
|-heal|p2a: Walking Wake|100/100|[from] move: Healing Wish
|-damage|p2a: Walking Wake|88/100|[from] Spikes
|-activate|p2a: Walking Wake|ability: Protosynthesis
|-start|p2a: Walking Wake|protosynthesisspa
|turn|71
|
|t:|1743895302
|move|p2a: Walking Wake|Hydro Steam|p1a: Heatran
|-supereffective|p1a: Heatran
|-damage|p1a: Heatran|0 fnt
|faint|p1a: Heatran
|
|-weather|SunnyDay|[upkeep]
|upkeep
|
|t:|1743895305
|switch|p1a: Alomomola|Alomomola, F|100/100
|turn|72
|
|t:|1743895311
|-end|p2a: Walking Wake|Protosynthesis|[silent]
|switch|p2a: Lilligant|Lilligant-Hisui, F|40/100
|-damage|p2a: Lilligant|28/100|[from] Spikes
|move|p1a: Alomomola|Protect||[still]
|-fail|p1a: Alomomola
|
|-weather|none
|upkeep
|turn|73
|
|t:|1743895319
|switch|p1a: Corviknight|Corviknight, M|99/100
|-ability|p1a: Corviknight|Pressure
|move|p2a: Lilligant|Triple Axel|p1a: Corviknight
|-damage|p1a: Corviknight|94/100
|-damage|p1a: Corviknight|86/100
|-hitcount|p1a: Corviknight|2
|
|upkeep
|turn|74
|
|t:|1743895343
|switch|p2a: Typhlosion|Typhlosion-Hisui, F|100/100
|-damage|p2a: Typhlosion|88/100|[from] Spikes
|move|p1a: Corviknight|Iron Defense|p1a: Corviknight
|-boost|p1a: Corviknight|def|2
|
|upkeep
|turn|75
|
|t:|1743895359
|switch|p1a: Alomomola|Alomomola, F|100/100
|move|p2a: Typhlosion|Eruption|p1a: Alomomola
|-resisted|p1a: Alomomola
|-damage|p1a: Alomomola|58/100
|
|upkeep
|turn|76
|
|t:|1743895363
|move|p2a: Typhlosion|Eruption|p1a: Alomomola
|-resisted|p1a: Alomomola
|-damage|p1a: Alomomola|20/100
|move|p1a: Alomomola|Wish|p1a: Alomomola
|
|upkeep
|turn|77
|
|t:|1743895366
|move|p1a: Alomomola|Protect|p1a: Alomomola
|-singleturn|p1a: Alomomola|Protect
|move|p2a: Typhlosion|Eruption|p1a: Alomomola
|-activate|p1a: Alomomola|move: Protect
|
|-heal|p1a: Alomomola|70/100|[from] move: Wish|[wisher] Alomomola
|upkeep
|turn|78
|
|t:|1743895390
|switch|p2a: Landorus|Landorus-Therian, M|100/100
|-ability|p2a: Landorus|Intimidate|boost
|-unboost|p1a: Alomomola|atk|1
|move|p1a: Alomomola|Wish|p1a: Alomomola
|
|upkeep
|turn|79
|
|t:|1743895411
|move|p2a: Landorus|Stone Edge|p1a: Alomomola|[miss]
|-miss|p2a: Landorus|p1a: Alomomola
|move|p1a: Alomomola|Flip Turn|p2a: Landorus
|-supereffective|p2a: Landorus
|-damage|p2a: Landorus|76/100
|
|t:|1743895414
|switch|p1a: Gliscor|Gliscor, M|100/100 tox|[from] Flip Turn
|-damage|p1a: Gliscor|88/100 tox|[from] Stealth Rock
|
|-heal|p1a: Gliscor|100/100 tox|[from] move: Wish|[wisher] Alomomola
|upkeep
|turn|80
|
|t:|1743895416
|move|p2a: Landorus|Stone Edge|p1a: Gliscor
|-damage|p1a: Gliscor|72/100 tox
|move|p1a: Gliscor|Spikes|p2a: Landorus
|-sidestart|p2: teamskullenoxa|Spikes
|
|-heal|p1a: Gliscor|85/100 tox|[from] ability: Poison Heal
|upkeep
|turn|81
|
|t:|1743895421
|switch|p2a: Lilligant|Lilligant-Hisui, F|28/100
|-damage|p2a: Lilligant|11/100|[from] Spikes
|move|p1a: Gliscor|Spikes|p2a: Lilligant
|-sidestart|p2: teamskullenoxa|Spikes
|
|-heal|p1a: Gliscor|97/100 tox|[from] ability: Poison Heal
|upkeep
|turn|82
|
|t:|1743895424
|switch|p1a: Corviknight|Corviknight, M|86/100
|-ability|p1a: Corviknight|Pressure
|move|p2a: Lilligant|Victory Dance|p2a: Lilligant
|-boost|p2a: Lilligant|atk|1
|-boost|p2a: Lilligant|def|1
|-boost|p2a: Lilligant|spe|1
|
|upkeep
|turn|83
|
|t:|1743895427
|move|p2a: Lilligant|Close Combat|p1a: Corviknight
|-damage|p1a: Corviknight|28/100
|-unboost|p2a: Lilligant|def|1
|-unboost|p2a: Lilligant|spd|1
|move|p1a: Corviknight|Body Press|p2a: Lilligant
|-damage|p2a: Lilligant|0 fnt
|faint|p2a: Lilligant
|
|upkeep
|
|t:|1743895445
|switch|p2a: Walking Wake|Walking Wake, tera:Water|88/100
|-damage|p2a: Walking Wake|63/100|[from] Spikes
|turn|84
|
|t:|1743895450
|move|p2a: Walking Wake|Dragon Pulse|p1a: Corviknight
|-resisted|p1a: Corviknight
|-damage|p1a: Corviknight|0 fnt
|faint|p1a: Corviknight
|
|upkeep
|j| atlas tales
|
|t:|1743895455
|switch|p1a: Blissey|Blissey, F|93/100
|turn|85
|
|t:|1743895461
|move|p2a: Walking Wake|Hydro Steam|p1a: Blissey
|-damage|p1a: Blissey|75/100
|move|p1a: Blissey|Seismic Toss|p2a: Walking Wake
|-damage|p2a: Walking Wake|34/100
|
|upkeep
|turn|86
|
|t:|1743895469
|move|p2a: Walking Wake|Hydro Steam|p1a: Blissey
|-damage|p1a: Blissey|57/100
|move|p1a: Blissey|Seismic Toss|p2a: Walking Wake
|-damage|p2a: Walking Wake|4/100
|
|upkeep
|turn|87
|
|t:|1743895473
|move|p2a: Walking Wake|Hydro Steam|p1a: Blissey
|-damage|p1a: Blissey|40/100
|move|p1a: Blissey|Soft-Boiled|p1a: Blissey
|-heal|p1a: Blissey|90/100
|
|upkeep
|turn|88
|
|t:|1743895477
|move|p2a: Walking Wake|Hydro Steam|p1a: Blissey
|-damage|p1a: Blissey|72/100
|move|p1a: Blissey|Seismic Toss|p2a: Walking Wake
|-damage|p2a: Walking Wake|0 fnt
|faint|p2a: Walking Wake
|-end|p2a: Walking Wake|Protosynthesis|[silent]
|
|upkeep
|
|t:|1743895483
|switch|p2a: Landorus|Landorus-Therian, M|76/100
|-ability|p2a: Landorus|Intimidate|boost
|-unboost|p1a: Blissey|atk|1
|turn|89
|
|t:|1743895492
|switch|p1a: Gliscor|Gliscor, M|97/100 tox
|-damage|p1a: Gliscor|85/100 tox|[from] Stealth Rock
|move|p2a: Landorus|U-turn|p1a: Gliscor
|-resisted|p1a: Gliscor
|-damage|p1a: Gliscor|73/100 tox
|
|t:|1743895494
|switch|p2a: Typhlosion|Typhlosion-Hisui, F|88/100|[from] U-turn
|-damage|p2a: Typhlosion|64/100|[from] Spikes
|
|-heal|p1a: Gliscor|86/100 tox|[from] ability: Poison Heal
|upkeep
|turn|90
|
|t:|1743895504
|move|p1a: Gliscor|Protect|p1a: Gliscor
|-singleturn|p1a: Gliscor|Protect
|move|p2a: Typhlosion|Solar Beam||[still]
|-prepare|p2a: Typhlosion|Solar Beam
|
|-heal|p1a: Gliscor|98/100 tox|[from] ability: Poison Heal
|upkeep
|turn|91
|
|t:|1743895509
|move|p2a: Typhlosion|Solar Beam|p1a: Gliscor|[from] lockedmove
|-damage|p1a: Gliscor|56/100 tox
|move|p1a: Gliscor|Knock Off|p2a: Typhlosion
|-supereffective|p2a: Typhlosion
|-damage|p2a: Typhlosion|0 fnt
|-enditem|p2a: Typhlosion|Choice Scarf|[from] move: Knock Off|[of] p1a: Gliscor
|faint|p2a: Typhlosion
|
|-heal|p1a: Gliscor|69/100 tox|[from] ability: Poison Heal
|upkeep
|
|t:|1743895515
|switch|p2a: Landorus|Landorus-Therian, M|76/100
|-ability|p2a: Landorus|Intimidate|boost
|-unboost|p1a: Gliscor|atk|1
|turn|92
|
|t:|1743895517
|move|p2a: Landorus|Stone Edge|p1a: Gliscor
|-damage|p1a: Gliscor|41/100 tox
|move|p1a: Gliscor|Toxic|p2a: Landorus
|-status|p2a: Landorus|tox
|
|-damage|p2a: Landorus|70/100 tox|[from] psn
|-heal|p1a: Gliscor|54/100 tox|[from] ability: Poison Heal
|upkeep
|turn|93
|
|t:|1743895520
|move|p1a: Gliscor|Protect|p1a: Gliscor
|-singleturn|p1a: Gliscor|Protect
|move|p2a: Landorus|Stone Edge|p1a: Gliscor
|-activate|p1a: Gliscor|move: Protect
|
|-damage|p2a: Landorus|58/100 tox|[from] psn
|-heal|p1a: Gliscor|66/100 tox|[from] ability: Poison Heal
|upkeep
|turn|94
|-message|teamskullenoxa forfeited.
|
|win|FayaWizard
|raw|FayaWizard's rating: 1682 &rarr; <strong>1700</strong><br />(+18 for winning)
|raw|teamskullenoxa's rating: 1647 &rarr; <strong>1629</strong><br />(-18 for losing)
|l|☆teamskullenoxa
|player|p2|
|l|☆FayaWizard
|player|p1|
|l| atlas tales
