|j|☆gabb_brn
|j|☆vergilspard4
|t:|1743887807
|gametype|singles
|player|p1|gabb_brn|bruno|1207
|player|p2|vergilspard4|n|1175
|teamsize|p1|6
|teamsize|p2|6
|gen|9
|tier|[Gen 9] OU
|rated|
|rule|HP Percentage Mod: HP is shown in percentages
|rule|Endless Battle Clause: Forcing endless battles is banned
|rule|Species Clause: Limit one of each Pokémon
|rule|OHKO Clause: OHKO moves are banned
|rule|Evasion Items Clause: Evasion items are banned
|rule|Evasion Moves Clause: Evasion moves are banned
|rule|Sleep Moves Clause: Sleep-inducing moves are banned
|clearpoke
|poke|p1|Skeledirge, F|
|poke|p1|Manaphy|
|poke|p1|Gholdengo|
|poke|p1|Landorus-Therian, M|
|poke|p1|Amoonguss, M|
|poke|p1|Great Tusk|
|poke|p2|Kingambit, M|
|poke|p2|Garganacl, M|
|poke|p2|Greninja-*, M|
|poke|p2|Iron Moth|
|poke|p2|Goodra-Hisui, M|
|poke|p2|Iron Leaves|
|teampreview
|c|☆vergilspard4|glhf
|
|t:|1743887833
|start
|switch|p1a: Landorus|Landorus-Therian, M|100/100
|switch|p2a: Garganacl|Garganacl, M, shiny|100/100
|-ability|p1a: Landorus|Intimidate|boost
|-unboost|p2a: Garganacl|atk|1
|turn|1
|
|t:|1743887843
|move|p1a: Landorus|Taunt|p2a: Garganacl
|-start|p2a: Garganacl|move: Taunt
|move|p2a: Garganacl|Salt Cure|p1a: Landorus
|-damage|p1a: Landorus|93/100
|-start|p1a: Landorus|Salt Cure
|
|-damage|p1a: Landorus|81/100|[from] Salt Cure
|upkeep
|turn|2
|
|t:|1743887850
|move|p1a: Landorus|Stealth Rock|p2a: Garganacl
|-sidestart|p2: vergilspard4|move: Stealth Rock
|move|p2a: Garganacl|Salt Cure|p1a: Landorus
|-damage|p1a: Landorus|75/100
|
|-damage|p1a: Landorus|62/100|[from] Salt Cure
|upkeep
|turn|3
|c|☆gabb_brn|?
|
|t:|1743887858
|move|p1a: Landorus|U-turn|p2a: Garganacl
|-damage|p2a: Garganacl|89/100
|
|t:|1743887864
|switch|p1a: Gholdengo|Gholdengo|100/100|[from] U-turn
|move|p2a: Garganacl|Salt Cure|p1a: Gholdengo
|-resisted|p1a: Gholdengo
|-damage|p1a: Gholdengo|95/100
|-start|p1a: Gholdengo|Salt Cure
|
|-damage|p1a: Gholdengo|70/100|[from] Salt Cure
|-end|p2a: Garganacl|move: Taunt
|upkeep
|turn|4
|c|☆vergilspard4|good luck have fun
|
|t:|1743887874
|move|p1a: Gholdengo|Make It Rain|p2a: Garganacl
|-supereffective|p2a: Garganacl
|-damage|p2a: Garganacl|0 fnt
|-unboost|p1a: Gholdengo|spa|1
|faint|p2a: Garganacl
|
|-damage|p1a: Gholdengo|46/100|[from] Salt Cure
|upkeep
|
|t:|1743887880
|switch|p2a: Iron Moth|Iron Moth, shiny|100/100
|-damage|p2a: Iron Moth|76/100|[from] Stealth Rock
|-enditem|p2a: Iron Moth|Booster Energy
|-activate|p2a: Iron Moth|ability: Quark Drive|[fromitem]
|-start|p2a: Iron Moth|quarkdrivespa
|turn|5
|
|t:|1743887902
|switch|p1a: trippy troppy|Manaphy, shiny|100/100
|move|p2a: Iron Moth|Fiery Dance|p1a: trippy troppy
|-resisted|p1a: trippy troppy
|-crit|p1a: trippy troppy
|-damage|p1a: trippy troppy|73/100
|-boost|p2a: Iron Moth|spa|1
|
|-heal|p1a: trippy troppy|79/100|[from] item: Leftovers
|upkeep
|turn|6
|
|t:|1743887912
|move|p2a: Iron Moth|Sludge Wave|p1a: trippy troppy
|-damage|p1a: trippy troppy|22/100
|move|p1a: trippy troppy|Take Heart|p1a: trippy troppy
|-boost|p1a: trippy troppy|spa|1
|-boost|p1a: trippy troppy|spd|1
|
|-heal|p1a: trippy troppy|28/100|[from] item: Leftovers
|upkeep
|turn|7
|
|t:|1743887943
|switch|p1a: Gholdengo|Gholdengo|46/100
|move|p2a: Iron Moth|Sludge Wave|p1a: Gholdengo
|-immune|p1a: Gholdengo
|
|upkeep
|turn|8
|
|t:|1743887957
|move|p1a: Gholdengo|Shadow Ball|p2a: Iron Moth
|-damage|p2a: Iron Moth|32/100
|move|p2a: Iron Moth|Fiery Dance|p1a: Gholdengo
|-supereffective|p1a: Gholdengo
|-damage|p1a: Gholdengo|0 fnt
|faint|p1a: Gholdengo
|
|upkeep
|inactive|Battle timer is ON: inactive players will automatically lose when time's up. (requested by vergilspard4)
|l|☆gabb_brn
|inactive|gabb_brn disconnected and has a minute to reconnect!
|player|p1|
|j|☆gabb_brn
|inactive|gabb_brn reconnected and has 130 seconds left.
|player|p1|gabb_brn|bruno|
|
|t:|1743887991
|switch|p1a: Landorus|Landorus-Therian, M|62/100
|-ability|p1a: Landorus|Intimidate|boost
|-unboost|p2a: Iron Moth|atk|1
|turn|9
|
|t:|1743887999
|move|p2a: Iron Moth|Fiery Dance|p1a: Landorus
|-damage|p1a: Landorus|0 fnt
|-boost|p2a: Iron Moth|spa|1
|faint|p1a: Landorus
|
|upkeep
|
|t:|1743888004
|switch|p1a: bombardirocrocodlo|Skeledirge, F, shiny|100/100
|turn|10
|
|t:|1743888012
|move|p2a: Iron Moth|Dazzling Gleam|p1a: bombardirocrocodlo
|-resisted|p1a: bombardirocrocodlo
|-damage|p1a: bombardirocrocodlo|81/100
|move|p1a: bombardirocrocodlo|Hex|p2a: Iron Moth
|-damage|p2a: Iron Moth|8/100
|
|upkeep
|turn|11
|
|t:|1743888019
|move|p2a: Iron Moth|Sludge Wave|p1a: bombardirocrocodlo
|-resisted|p1a: bombardirocrocodlo
|-damage|p1a: bombardirocrocodlo|47/100
|-status|p1a: bombardirocrocodlo|psn
|move|p1a: bombardirocrocodlo|Torch Song|p2a: Iron Moth
|-resisted|p2a: Iron Moth
|-damage|p2a: Iron Moth|0 fnt
|-boost|p1a: bombardirocrocodlo|spa|1
|faint|p2a: Iron Moth
|-end|p2a: Iron Moth|Quark Drive|[silent]
|
|-damage|p1a: bombardirocrocodlo|34/100 psn|[from] psn
|upkeep
|
|t:|1743888023
|switch|p2a: Greninja|Greninja, M, shiny|100/100
|-damage|p2a: Greninja|88/100|[from] Stealth Rock
|turn|12
|
|t:|1743888034
|-terastallize|p1a: bombardirocrocodlo|Fairy
|move|p2a: Greninja|Dark Pulse|p1a: bombardirocrocodlo
|-start|p2a: Greninja|typechange|Dark|[from] ability: Protean
|-resisted|p1a: bombardirocrocodlo
|-damage|p1a: bombardirocrocodlo|8/100 psn
|-damage|p2a: Greninja|78/100|[from] item: Life Orb
|move|p1a: bombardirocrocodlo|Will-O-Wisp|p2a: Greninja
|-status|p2a: Greninja|brn
|
|-damage|p1a: bombardirocrocodlo|0 fnt|[from] psn
|faint|p1a: bombardirocrocodlo
|-damage|p2a: Greninja|73/100 brn|[from] brn
|upkeep
|
|t:|1743888048
|switch|p1a: Great Tusk|Great Tusk|100/100
|turn|13
|
|t:|1743888051
|move|p2a: Greninja|Surf|p1a: Great Tusk
|-supereffective|p1a: Great Tusk
|-damage|p1a: Great Tusk|5/100
|-damage|p2a: Greninja|63/100 brn|[from] item: Life Orb
|move|p1a: Great Tusk|Close Combat|p2a: Greninja
|-supereffective|p2a: Greninja
|-damage|p2a: Greninja|0 fnt
|-unboost|p1a: Great Tusk|def|1
|-unboost|p1a: Great Tusk|spd|1
|faint|p2a: Greninja
|
|-heal|p1a: Great Tusk|12/100|[from] item: Leftovers
|upkeep
|
|t:|1743888056
|switch|p2a: Iron Leaves|Iron Leaves|100/100
|-damage|p2a: Iron Leaves|88/100|[from] Stealth Rock
|-enditem|p2a: Iron Leaves|Booster Energy
|-activate|p2a: Iron Leaves|ability: Quark Drive|[fromitem]
|-start|p2a: Iron Leaves|quarkdriveatk
|turn|14
|
|t:|1743888067
|move|p2a: Iron Leaves|Psyblade|p1a: Great Tusk
|-supereffective|p1a: Great Tusk
|-crit|p1a: Great Tusk
|-damage|p1a: Great Tusk|0 fnt
|faint|p1a: Great Tusk
|-end|p1a: Great Tusk|Protosynthesis|[silent]
|
|upkeep
|
|t:|1743888073
|switch|p1a: Amoonguss|Amoonguss, M, shiny|100/100
|turn|15
|
|t:|1743888076
|move|p2a: Iron Leaves|Psyblade|p1a: Amoonguss
|-supereffective|p1a: Amoonguss
|-damage|p1a: Amoonguss|19/100
|move|p1a: Amoonguss|Sludge Bomb|p2a: Iron Leaves
|-supereffective|p2a: Iron Leaves
|-damage|p2a: Iron Leaves|33/100
|
|-heal|p1a: Amoonguss|26/100|[from] item: Black Sludge
|upkeep
|turn|16
|
|t:|1743888084
|move|p2a: Iron Leaves|Psyblade|p1a: Amoonguss
|-supereffective|p1a: Amoonguss
|-damage|p1a: Amoonguss|0 fnt
|faint|p1a: Amoonguss
|
|upkeep
|-message|gabb_brn forfeited.
|
|win|vergilspard4
|raw|gabb_brn's rating: 1207 &rarr; <strong>1180</strong><br />(-27 for losing)
|raw|vergilspard4's rating: 1175 &rarr; <strong>1202</strong><br />(+27 for winning)
|l|☆gabb_brn
|player|p1|
|c|☆vergilspard4|gg
|l|☆vergilspard4
|player|p2|
