|j|☆D3NiR
|j|☆air555
|t:|1743858169
|gametype|singles
|player|p1|D3NiR|marlon|1223
|player|p2|air555|pokemonranger-gen4|1242
|teamsize|p1|6
|teamsize|p2|6
|gen|9
|tier|[Gen 9] OU
|rated|
|rule|HP Percentage Mod: HP is shown in percentages
|rule|Endless Battle Clause: Forcing endless battles is banned
|rule|Species Clause: Limit one of each Pokémon
|rule|OHKO Clause: OHKO moves are banned
|rule|Evasion Items Clause: Evasion items are banned
|rule|Evasion Moves Clause: Evasion moves are banned
|rule|Sleep Moves Clause: Sleep-inducing moves are banned
|clearpoke
|poke|p1|Alomomola, F|
|poke|p1|Slowking-Galar, F|
|poke|p1|Tornadus-Therian, M|
|poke|p1|Gliscor, M|
|poke|p1|Jumpluff, M|
|poke|p1|Iron Treads|
|poke|p2|Sceptile, M|
|poke|p2|Gholdengo|
|poke|p2|Great Tusk|
|poke|p2|Ogerpon-Cornerstone, F|
|poke|p2|Araquanid, F|
|poke|p2|Rotom-Heat|
|teampreview
|inactive|Battle timer is ON: inactive players will automatically lose when time's up. (requested by D3NiR)
|
|t:|1743858182
|start
|switch|p1a: Gliscor|Gliscor, M|100/100
|switch|p2a: Rotom|Rotom-Heat|100/100
|turn|1
|
|t:|1743858193
|move|p2a: Rotom|Will-O-Wisp|p1a: Gliscor
|-status|p1a: Gliscor|brn
|move|p1a: Gliscor|Spikes|p2a: Rotom
|-sidestart|p2: air555|Spikes
|
|-damage|p1a: Gliscor|94/100 brn|[from] brn
|upkeep
|turn|2
|
|t:|1743858203
|move|p2a: Rotom|Overheat|p1a: Gliscor
|-damage|p1a: Gliscor|31/100 brn
|-unboost|p2a: Rotom|spa|2
|move|p1a: Gliscor|Toxic|p2a: Rotom
|-status|p2a: Rotom|tox
|
|-damage|p2a: Rotom|94/100 tox|[from] psn
|-damage|p1a: Gliscor|25/100 brn|[from] brn
|upkeep
|turn|3
|
|t:|1743858213
|move|p1a: Gliscor|Protect|p1a: Gliscor
|-singleturn|p1a: Gliscor|Protect
|move|p2a: Rotom|Overheat|p1a: Gliscor
|-activate|p1a: Gliscor|move: Protect
|
|-heal|p2a: Rotom|100/100 tox|[from] item: Leftovers
|-damage|p2a: Rotom|88/100 tox|[from] psn
|-damage|p1a: Gliscor|19/100 brn|[from] brn
|upkeep
|turn|4
|
|t:|1743858228
|switch|p2a: Great Tusk|Great Tusk|100/100
|-damage|p2a: Great Tusk|88/100|[from] Spikes
|-enditem|p2a: Great Tusk|Booster Energy
|-activate|p2a: Great Tusk|ability: Protosynthesis|[fromitem]
|-start|p2a: Great Tusk|protosynthesisatk
|switch|p1a: Slowking|Slowking-Galar, F|100/100
|
|upkeep
|turn|5
|
|t:|1743858241
|switch|p1a: Gliscor|Gliscor, M|19/100 brn
|move|p2a: Great Tusk|Headlong Rush|p1a: Gliscor
|-immune|p1a: Gliscor
|
|-damage|p1a: Gliscor|13/100 brn|[from] brn
|upkeep
|turn|6
|
|t:|1743858254
|move|p1a: Gliscor|Protect|p1a: Gliscor
|-singleturn|p1a: Gliscor|Protect
|move|p2a: Great Tusk|Stealth Rock|p1a: Gliscor
|-sidestart|p1: D3NiR|move: Stealth Rock
|
|-damage|p1a: Gliscor|6/100 brn|[from] brn
|upkeep
|turn|7
|
|t:|1743858261
|move|p2a: Great Tusk|Rapid Spin|p1a: Gliscor
|-damage|p1a: Gliscor|0 fnt
|-boost|p2a: Great Tusk|spe|1
|-sideend|p2: air555|Spikes|[from] move: Rapid Spin|[of] p2a: Great Tusk
|faint|p1a: Gliscor
|
|upkeep
|
|t:|1743858267
|switch|p1a: Jumpluff|Jumpluff, M|100/100
|-damage|p1a: Jumpluff|76/100|[from] Stealth Rock
|turn|8
|
|t:|1743858278
|-end|p2a: Great Tusk|Protosynthesis|[silent]
|switch|p2a: Rotom|Rotom-Heat|88/100 tox
|move|p1a: Jumpluff|Switcheroo|p2a: Rotom
|-activate|p1a: Jumpluff|move: Trick|[of] p2a: Rotom
|-item|p2a: Rotom|Choice Scarf|[from] move: Switcheroo
|-item|p1a: Jumpluff|Leftovers|[from] move: Switcheroo
|
|-heal|p1a: Jumpluff|82/100|[from] item: Leftovers
|-damage|p2a: Rotom|82/100 tox|[from] psn
|upkeep
|turn|9
|
|t:|1743858291
|switch|p1a: Alomomola|Alomomola, F|100/100
|move|p2a: Rotom|Volt Switch|p1a: Alomomola
|-supereffective|p1a: Alomomola
|-damage|p1a: Alomomola|39/100
|
|t:|1743858299
|switch|p2a: Ogerpon|Ogerpon-Cornerstone, F|100/100|[from] Volt Switch
|
|upkeep
|turn|10
|
|t:|1743858310
|move|p1a: Alomomola|Protect|p1a: Alomomola
|-singleturn|p1a: Alomomola|Protect
|move|p2a: Ogerpon|Trailblaze|p1a: Alomomola
|-activate|p1a: Alomomola|move: Protect
|
|upkeep
|turn|11
|
|t:|1743858332
|switch|p1a: Jumpluff|Jumpluff, M|82/100
|-damage|p1a: Jumpluff|57/100|[from] Stealth Rock
|move|p2a: Ogerpon|Trailblaze|p1a: Jumpluff
|-resisted|p1a: Jumpluff
|-damage|p1a: Jumpluff|48/100
|-boost|p2a: Ogerpon|spe|1
|
|-heal|p1a: Jumpluff|54/100|[from] item: Leftovers
|upkeep
|turn|12
|
|t:|1743858355
|move|p2a: Ogerpon|Swords Dance|p2a: Ogerpon
|-boost|p2a: Ogerpon|atk|2
|move|p1a: Jumpluff|Encore|p2a: Ogerpon
|-start|p2a: Ogerpon|Encore
|
|-heal|p1a: Jumpluff|61/100|[from] item: Leftovers
|upkeep
|turn|13
|
|t:|1743858362
|move|p2a: Ogerpon|Swords Dance|p2a: Ogerpon
|-boost|p2a: Ogerpon|atk|2
|move|p1a: Jumpluff|Leech Seed|p2a: Ogerpon
|-immune|p2a: Ogerpon
|
|-heal|p1a: Jumpluff|67/100|[from] item: Leftovers
|upkeep
|turn|14
|
|t:|1743858372
|move|p2a: Ogerpon|Swords Dance|p2a: Ogerpon
|-boost|p2a: Ogerpon|atk|2
|move|p1a: Jumpluff|Leech Seed|p2a: Ogerpon
|-immune|p2a: Ogerpon
|
|-heal|p1a: Jumpluff|73/100|[from] item: Leftovers
|upkeep
|turn|15
|
|t:|1743858380
|move|p2a: Ogerpon|Swords Dance|p2a: Ogerpon
|-boost|p2a: Ogerpon|atk|0
|move|p1a: Jumpluff|Encore||[still]
|-fail|p1a: Jumpluff
|
|-heal|p1a: Jumpluff|79/100|[from] item: Leftovers
|-end|p2a: Ogerpon|Encore
|upkeep
|turn|16
|
|t:|1743858387
|move|p2a: Ogerpon|Ivy Cudgel|p1a: Jumpluff|[anim] Ivy Cudgel Rock
|-supereffective|p1a: Jumpluff
|-damage|p1a: Jumpluff|0 fnt
|faint|p1a: Jumpluff
|
|upkeep
|-message|D3NiR forfeited.
|
|win|air555
|raw|D3NiR's rating: 1223 &rarr; <strong>1199</strong><br />(-24 for losing)
|raw|air555's rating: 1242 &rarr; <strong>1266</strong><br />(+24 for winning)
|l|☆D3NiR
|player|p1|
|l|☆air555
|player|p2|
