|j|☆qoobs
|j|☆EDETANVS
|t:|1743802502
|gametype|singles
|player|p1|qoobs|leon|1170
|player|p2|EDETANVS|veteran|1213
|teamsize|p1|6
|teamsize|p2|6
|gen|9
|tier|[Gen 9] OU
|rated|
|rule|HP Percentage Mod: HP is shown in percentages
|rule|Endless Battle Clause: Forcing endless battles is banned
|rule|Species Clause: Limit one of each Pokémon
|rule|OHKO Clause: OHKO moves are banned
|rule|Evasion Items Clause: Evasion items are banned
|rule|Evasion Moves Clause: Evasion moves are banned
|rule|Sleep Moves Clause: Sleep-inducing moves are banned
|clearpoke
|poke|p1|Gholdengo|
|poke|p1|Slowking-Galar, F|
|poke|p1|Corviknight, F|
|poke|p1|Garganacl, M|
|poke|p1|Zamazenta-*|
|poke|p1|Dragapult, M|
|poke|p2|Cottonee, L1, M|
|poke|p2|Ditto|
|poke|p2|Pineco, L1, M|
|poke|p2|Cinderace, M|
|poke|p2|Salazzle, F|
|poke|p2|Kingambit, M|
|teampreview
|inactive|Battle timer is ON: inactive players will automatically lose when time's up. (requested by qoobs)
|
|t:|1743802512
|start
|switch|p1a: Garganacl|Garganacl, M|100/100
|switch|p2a: Cottonee|Cottonee, L1, M|100/100
|turn|1
|
|t:|1743802520
|move|p2a: Cottonee|Leech Seed|p1a: Garganacl
|-start|p1a: Garganacl|move: Leech Seed
|move|p1a: Garganacl|Stealth Rock|p2a: Cottonee
|-sidestart|p2: EDETANVS|move: Stealth Rock
|
|-damage|p1a: Garganacl|88/100|[from] Leech Seed|[of] p2a: Cottonee
|upkeep
|turn|2
|
|t:|1743802525
|move|p2a: Cottonee|Substitute|p2a: Cottonee
|-start|p2a: Cottonee|Substitute
|-damage|p2a: Cottonee|75/100
|move|p1a: Garganacl|Salt Cure|p2a: Cottonee
|-end|p2a: Cottonee|Substitute
|
|-heal|p1a: Garganacl|94/100|[from] item: Leftovers
|-damage|p1a: Garganacl|82/100|[from] Leech Seed|[of] p2a: Cottonee
|-heal|p2a: Cottonee|100/100|[silent]
|upkeep
|turn|3
|
|t:|1743802534
|switch|p1a: Dragapult|Dragapult, M|100/100
|move|p2a: Cottonee|Substitute|p2a: Cottonee
|-start|p2a: Cottonee|Substitute
|-damage|p2a: Cottonee|75/100
|
|upkeep
|turn|4
|
|t:|1743802540
|move|p2a: Cottonee|Leech Seed|p1a: Dragapult
|-start|p1a: Dragapult|move: Leech Seed
|move|p1a: Dragapult|U-turn|p2a: Cottonee
|-end|p2a: Cottonee|Substitute
|
|t:|1743802548
|switch|p1a: Garganacl|Garganacl, M|82/100|[from] U-turn
|
|-heal|p1a: Garganacl|88/100|[from] item: Leftovers
|upkeep
|turn|5
|
|t:|1743802554
|move|p2a: Cottonee|Leech Seed|p1a: Garganacl|[miss]
|-miss|p2a: Cottonee|p1a: Garganacl
|move|p1a: Garganacl|Salt Cure|p2a: Cottonee
|-damage|p2a: Cottonee|0 fnt
|faint|p2a: Cottonee
|
|-heal|p1a: Garganacl|94/100|[from] item: Leftovers
|upkeep
|
|t:|1743802565
|switch|p2a: Salazzle|Salazzle, F|100/100
|-damage|p2a: Salazzle|76/100|[from] Stealth Rock
|-item|p2a: Salazzle|Air Balloon
|turn|6
|
|t:|1743802570
|move|p2a: Salazzle|Toxic|p1a: Garganacl
|-immune|p1a: Garganacl|[from] ability: Purifying Salt
|move|p1a: Garganacl|Salt Cure|p2a: Salazzle
|-supereffective|p2a: Salazzle
|-damage|p2a: Salazzle|26/100
|-start|p2a: Salazzle|Salt Cure
|-enditem|p2a: Salazzle|Air Balloon
|
|-heal|p1a: Garganacl|100/100|[from] item: Leftovers
|-damage|p2a: Salazzle|13/100|[from] Salt Cure
|upkeep
|turn|7
|-message|EDETANVS forfeited.
|
|win|qoobs
|raw|qoobs's rating: 1170 &rarr; <strong>1198</strong><br />(+28 for winning)
|raw|EDETANVS's rating: 1213 &rarr; <strong>1185</strong><br />(-28 for losing)
|l|☆EDETANVS
|player|p2|
|l|☆qoobs
|player|p1|
