|j|☆Treewatching
|j|☆MegaMarowak usher
|t:|1743825776
|gametype|singles
|player|p1|Treewatching|will|1201
|player|p2|MegaMarowak usher|1|1230
|teamsize|p1|6
|teamsize|p2|6
|gen|9
|tier|[Gen 9] OU
|rated|
|rule|HP Percentage Mod: HP is shown in percentages
|rule|Endless Battle Clause: Forcing endless battles is banned
|rule|Species Clause: Limit one of each Pokémon
|rule|OHKO Clause: OHKO moves are banned
|rule|Evasion Items Clause: Evasion items are banned
|rule|Evasion Moves Clause: Evasion moves are banned
|rule|Sleep Moves Clause: Sleep-inducing moves are banned
|clearpoke
|poke|p1|Cinderace, F|
|poke|p1|Pecharunt|
|poke|p1|Dragapult, F|
|poke|p1|Ting-Lu|
|poke|p1|Gliscor, M|
|poke|p1|Samurott-Hisui, M|
|poke|p2|Gliscor, F|
|poke|p2|Slowking-Galar, F|
|poke|p2|Mienshao, F|
|poke|p2|Quaquaval, F|
|poke|p2|Sableye, F|
|poke|p2|Arcanine-Hisui, M|
|teampreview
|inactive|Battle timer is ON: inactive players will automatically lose when time's up. (requested by Treewatching)
|
|t:|1743825806
|start
|switch|p1a: Samurott|Samurott-Hisui, M|100/100
|switch|p2a: Quaquaval|Quaquaval, F|100/100
|turn|1
|
|t:|1743825818
|switch|p1a: Pecharunt|Pecharunt|100/100
|move|p2a: Quaquaval|Aqua Step|p1a: Pecharunt
|-damage|p1a: Pecharunt|76/100
|-boost|p2a: Quaquaval|spe|1
|
|upkeep
|turn|2
|
|t:|1743825832
|-terastallize|p2a: Quaquaval|Steel
|move|p2a: Quaquaval|Swords Dance|p2a: Quaquaval
|-boost|p2a: Quaquaval|atk|2
|move|p1a: Pecharunt|Malignant Chain|p2a: Quaquaval
|-immune|p2a: Quaquaval
|
|upkeep
|turn|3
|
|t:|1743825861
|move|p2a: Quaquaval|Swords Dance|p2a: Quaquaval
|-boost|p2a: Quaquaval|atk|2
|move|p1a: Pecharunt|Parting Shot|p2a: Quaquaval
|-unboost|p2a: Quaquaval|atk|1
|-unboost|p2a: Quaquaval|spa|1
|
|t:|1743825872
|switch|p1a: Ting-Lu|Ting-Lu|100/100|[from] Parting Shot
|-ability|p1a: Ting-Lu|Vessel of Ruin
|
|upkeep
|turn|4
|inactive|MegaMarowak usher has 120 seconds left.
|
|t:|1743825892
|-terastallize|p1a: Ting-Lu|Poison
|move|p2a: Quaquaval|Triple Axel|p1a: Ting-Lu|[miss]
|-miss|p2a: Quaquaval|p1a: Ting-Lu
|move|p1a: Ting-Lu|Whirlwind|p2a: Quaquaval
|drag|p2a: Sableye|Sableye, F|100/100
|
|upkeep
|turn|5
|inactive|MegaMarowak usher has 120 seconds left.
|inactive|MegaMarowak usher has 90 seconds left.
|
|t:|1743825946
|switch|p2a: Gliscor|Gliscor, F, shiny|100/100
|switch|p1a: Cinderace|Cinderace, F|100/100
|
|-status|p2a: Gliscor|tox|[from] item: Toxic Orb
|upkeep
|turn|6
|inactive|Treewatching has 120 seconds left.
|
|t:|1743825972
|move|p1a: Cinderace|U-turn|p2a: Gliscor
|-start|p1a: Cinderace|typechange|Bug|[from] ability: Libero
|-resisted|p2a: Gliscor
|-crit|p2a: Gliscor
|-damage|p2a: Gliscor|84/100 tox
|inactive|Treewatching has 120 seconds left.
|
|t:|1743825977
|switch|p1a: Gliscor|Gliscor, M|100/100|[from] U-turn
|move|p2a: Gliscor|Substitute|p2a: Gliscor
|-start|p2a: Gliscor|Substitute
|-damage|p2a: Gliscor|59/100 tox
|
|-heal|p2a: Gliscor|71/100 tox|[from] ability: Poison Heal
|-status|p1a: Gliscor|tox|[from] item: Toxic Orb
|upkeep
|turn|7
|inactive|Treewatching has 120 seconds left.
|
|t:|1743825988
|move|p2a: Gliscor|Crabhammer|p1a: Gliscor
|-supereffective|p1a: Gliscor
|-damage|p1a: Gliscor|67/100 tox
|move|p1a: Gliscor|Swords Dance|p1a: Gliscor
|-boost|p1a: Gliscor|atk|2
|
|-heal|p2a: Gliscor|84/100 tox|[from] ability: Poison Heal
|-heal|p1a: Gliscor|79/100 tox|[from] ability: Poison Heal
|upkeep
|turn|8
|inactive|Treewatching has 120 seconds left.
|c|☆Treewatching|CRABHAMMER?!?!?!?!?
|
|t:|1743826004
|move|p1a: Gliscor|Protect|p1a: Gliscor
|-singleturn|p1a: Gliscor|Protect
|move|p2a: Gliscor|Crabhammer|p1a: Gliscor
|-activate|p1a: Gliscor|move: Protect
|
|-heal|p2a: Gliscor|96/100 tox|[from] ability: Poison Heal
|-heal|p1a: Gliscor|92/100 tox|[from] ability: Poison Heal
|upkeep
|turn|9
|inactive|Treewatching has 120 seconds left.
|
|t:|1743826017
|move|p2a: Gliscor|Crabhammer|p1a: Gliscor
|-supereffective|p1a: Gliscor
|-damage|p1a: Gliscor|57/100 tox
|move|p1a: Gliscor|Facade|p2a: Gliscor
|-end|p2a: Gliscor|Substitute
|
|-heal|p2a: Gliscor|100/100 tox|[from] ability: Poison Heal
|-heal|p1a: Gliscor|70/100 tox|[from] ability: Poison Heal
|upkeep
|turn|10
|inactive|MegaMarowak usher has 60 seconds left.
|
|t:|1743826049
|switch|p2a: Arcanine|Arcanine-Hisui, M|100/100
|-ability|p2a: Arcanine|Intimidate|boost
|-unboost|p1a: Gliscor|atk|1
|move|p1a: Gliscor|Protect||[still]
|-fail|p1a: Gliscor
|
|-heal|p1a: Gliscor|82/100 tox|[from] ability: Poison Heal
|upkeep
|turn|11
|inactive|MegaMarowak usher has 60 seconds left.
|
|t:|1743826073
|switch|p2a: Sableye|Sableye, F|100/100
|move|p1a: Gliscor|Knock Off|p2a: Sableye
|-damage|p2a: Sableye|67/100
|-enditem|p2a: Sableye|Light Clay|[from] move: Knock Off|[of] p1a: Gliscor
|
|-heal|p1a: Gliscor|95/100 tox|[from] ability: Poison Heal
|upkeep
|turn|12
|inactive|Treewatching has 120 seconds left.
|inactive|MegaMarowak usher has 30 seconds left.
|inactive|MegaMarowak usher has 20 seconds left.
|
|t:|1743826114
|switch|p1a: Cinderace|Cinderace, F|100/100
|move|p2a: Sableye|Recover|p2a: Sableye
|-heal|p2a: Sableye|100/100
|
|upkeep
|turn|13
|inactive|MegaMarowak usher has 30 seconds left this turn.
|inactive|MegaMarowak usher has 20 seconds left.
|inactive|MegaMarowak usher has 15 seconds left.
|inactive|MegaMarowak usher has 10 seconds left.
|
|t:|1743826137
|switch|p2a: Gliscor|Gliscor, F, shiny|100/100 tox
|move|p1a: Cinderace|Will-O-Wisp||[still]
|-fail|p1a: Cinderace
|
|upkeep
|turn|14
|inactive|MegaMarowak usher has 20 seconds left this turn.
|inactive|MegaMarowak usher has 15 seconds left.
|c|☆Treewatching|you have a v cool team
|c|☆Treewatching|but i need to go to bed, i am sorry, gg
|inactive|Treewatching has 90 seconds left.
|-message|Treewatching forfeited.
|
|win|MegaMarowak usher
|inactive|MegaMarowak usher has 20 seconds left this turn.
|raw|Treewatching's rating: 1201 &rarr; <strong>1178</strong><br />(-23 for losing)
|raw|MegaMarowak usher's rating: 1230 &rarr; <strong>1253</strong><br />(+23 for winning)
|l|☆Treewatching
|player|p1|
