|j|☆Cashmeere
|j|☆1WunnaGunna
|t:|1743827612
|gametype|singles
|player|p1|Cashmeere|265|1077
|player|p2|1WunnaGunna|unknown|1132
|teamsize|p1|6
|teamsize|p2|6
|gen|9
|tier|[Gen 9] OU
|rated|
|rule|HP Percentage Mod: HP is shown in percentages
|rule|Endless Battle Clause: Forcing endless battles is banned
|rule|Species Clause: Limit one of each Pokémon
|rule|OHKO Clause: OHKO moves are banned
|rule|Evasion Items Clause: Evasion items are banned
|rule|Evasion Moves Clause: Evasion moves are banned
|rule|Sleep Moves Clause: Sleep-inducing moves are banned
|clearpoke
|poke|p1|Slowking-Galar, M|
|poke|p1|Gliscor, M|
|poke|p1|Landorus-Therian, M|
|poke|p1|Cinderace, F|
|poke|p1|Latios, M|
|poke|p1|Kingambit, F|
|poke|p2|Decidueye-Hisui, M|
|poke|p2|Heatran, M|
|poke|p2|Ceruledge, M|
|poke|p2|Hydreigon, M|
|poke|p2|Noivern, F|
|poke|p2|Iron Moth|
|teampreview
|inactive|Battle timer is ON: inactive players will automatically lose when time's up. (requested by 1WunnaGunna)
|
|t:|1743827633
|start
|switch|p1a: Landorus|Landorus-Therian, M|100/100
|switch|p2a: Veldanava|Hydreigon, M|100/100
|-ability|p1a: Landorus|Intimidate|boost
|-unboost|p2a: Veldanava|atk|1
|turn|1
|
|t:|1743827642
|switch|p2a: Velgrynd|Noivern, F, shiny|100/100
|-item|p1a: Landorus|Choice Scarf|[from] ability: Frisk|[of] p2a: Velgrynd
|move|p1a: Landorus|U-turn|p2a: Velgrynd
|-resisted|p2a: Velgrynd
|-damage|p2a: Velgrynd|87/100
|
|t:|1743827654
|switch|p1a: Slowking|Slowking-Galar, M, shiny|100/100|[from] U-turn
|
|upkeep
|turn|2
|
|t:|1743827663
|move|p2a: Velgrynd|U-turn|p1a: Slowking
|-damage|p1a: Slowking|89/100
|
|t:|1743827669
|switch|p2a: Vulcan|Heatran, M|100/100|[from] U-turn
|move|p1a: Slowking|Toxic|p2a: Vulcan
|-immune|p2a: Vulcan
|
|-heal|p1a: Slowking|95/100|[from] item: Black Sludge
|upkeep
|turn|3
|
|t:|1743827674
|move|p2a: Vulcan|Stealth Rock|p1a: Slowking
|-sidestart|p1: Cashmeere|move: Stealth Rock
|-prepare|p1a: Slowking|Chilly Reception|[premajor]
|move|p1a: Slowking|Chilly Reception|p1a: Slowking
|-weather|Snowscape
|
|t:|1743827678
|switch|p1a: Landorus|Landorus-Therian, M|100/100|[from] Chilly Reception
|-damage|p1a: Landorus|88/100|[from] Stealth Rock
|-ability|p1a: Landorus|Intimidate|boost
|-unboost|p2a: Vulcan|atk|1
|
|-weather|Snowscape|[upkeep]
|upkeep
|turn|4
|
|t:|1743827701
|switch|p2a: Velgrynd|Noivern, F, shiny|87/100
|-item|p1a: Landorus|Choice Scarf|[from] ability: Frisk|[of] p2a: Velgrynd
|move|p1a: Landorus|Earthquake|p2a: Velgrynd
|-immune|p2a: Velgrynd
|
|-weather|Snowscape|[upkeep]
|upkeep
|turn|5
|
|t:|1743827727
|switch|p1a: Slowking|Slowking-Galar, M, shiny|100/100
|-damage|p1a: Slowking|88/100|[from] Stealth Rock
|move|p2a: Velgrynd|Draco Meteor|p1a: Slowking
|-damage|p1a: Slowking|63/100
|-unboost|p2a: Velgrynd|spa|2
|
|-weather|Snowscape|[upkeep]
|-heal|p1a: Slowking|69/100|[from] item: Black Sludge
|upkeep
|turn|6
|inactive|Cashmeere has 120 seconds left.
|inactive|Cashmeere has 90 seconds left.
|
|t:|1743827782
|move|p2a: Velgrynd|U-turn|p1a: Slowking
|-damage|p1a: Slowking|58/100
|
|t:|1743827790
|switch|p2a: Vulcan|Heatran, M|100/100|[from] U-turn
|-prepare|p1a: Slowking|Chilly Reception|[premajor]
|move|p1a: Slowking|Chilly Reception|p1a: Slowking
|-message|Cashmeere forfeited.
|
|win|1WunnaGunna
|raw|Cashmeere's rating: 1077 &rarr; <strong>1059</strong><br />(-18 for losing)
|raw|1WunnaGunna's rating: 1132 &rarr; <strong>1153</strong><br />(+21 for winning)
|l|☆Cashmeere
|player|p1|
|l|☆1WunnaGunna
|player|p2|
