|j|☆circus abuser
|j|☆henry151th
|t:|1743848634
|gametype|singles
|player|p1|circus abuser|fisherman-gen4|1402
|player|p2|henry151th|wallace|1419
|teamsize|p1|6
|teamsize|p2|6
|gen|9
|tier|[Gen 9] OU
|rated|
|rule|HP Percentage Mod: HP is shown in percentages
|rule|Endless Battle Clause: Forcing endless battles is banned
|rule|Species Clause: Limit one of each Pokémon
|rule|OHKO Clause: OHKO moves are banned
|rule|Evasion Items Clause: Evasion items are banned
|rule|Evasion Moves Clause: Evasion moves are banned
|rule|Sleep Moves Clause: Sleep-inducing moves are banned
|clearpoke
|poke|p1|Garganacl, M|
|poke|p1|Weezing-Galar, F|
|poke|p1|Corviknight, M|
|poke|p1|Dragapult, M|
|poke|p1|Slowking-Galar, M|
|poke|p1|Samurott-Hisui, F|
|poke|p2|Primarina, M|
|poke|p2|Meowscarada, M|
|poke|p2|Heatran, M|
|poke|p2|Dragapult, F|
|poke|p2|Iron Valiant|
|poke|p2|Great Tusk|
|teampreview
|
|t:|1743848653
|start
|switch|p1a: Acupuncturist|Samurott-Hisui, F|100/100
|switch|p2a: Primarina|Primarina, M|100/100
|turn|1
|
|t:|1743848657
|move|p1a: Acupuncturist|Flip Turn|p2a: Primarina
|-resisted|p2a: Primarina
|-damage|p2a: Primarina|82/100
|
|t:|1743848660
|switch|p1a: Trudeau-king|Slowking-Galar, M|100/100|[from] Flip Turn
|move|p2a: Primarina|Moonblast|p1a: Trudeau-king
|-resisted|p1a: Trudeau-king
|-damage|p1a: Trudeau-king|89/100
|
|upkeep
|turn|2
|
|t:|1743848665
|switch|p2a: Heatran|Heatran, M|100/100
|move|p1a: Trudeau-king|Future Sight|p2a: Heatran
|-start|p1a: Trudeau-king|move: Future Sight
|
|upkeep
|turn|3
|
|t:|1743848672
|switch|p1a: Acupuncturist|Samurott-Hisui, F|100/100
|move|p2a: Heatran|Stealth Rock|p1a: Acupuncturist
|-sidestart|p1: circus abuser|move: Stealth Rock
|
|upkeep
|turn|4
|
|t:|1743848690
|switch|p2a: Meowscarada|Meowscarada, M|100/100
|move|p1a: Acupuncturist|Flip Turn|p2a: Meowscarada
|-resisted|p2a: Meowscarada
|-damage|p2a: Meowscarada|79/100
|
|t:|1743848694
|switch|p1a: Specialist|Dragapult, M|100/100|[from] Flip Turn
|
|-end|p2a: Meowscarada|move: Future Sight
|-immune|p2a: Meowscarada
|upkeep
|turn|5
|
|t:|1743848698
|move|p2a: Meowscarada|Knock Off|p1a: Specialist
|-start|p2a: Meowscarada|typechange|Dark|[from] ability: Protean
|-supereffective|p1a: Specialist
|-damage|p1a: Specialist|0 fnt
|-enditem|p1a: Specialist|Heavy-Duty Boots|[from] move: Knock Off|[of] p2a: Meowscarada
|faint|p1a: Specialist
|
|upkeep
|
|t:|1743848709
|switch|p1a: Nurse|Weezing-Galar, F|100/100
|-ability|p1a: Nurse|Neutralizing Gas
|-damage|p1a: Nurse|88/100|[from] Stealth Rock
|turn|6
|inactive|Battle timer is ON: inactive players will automatically lose when time's up. (requested by circus abuser)
|
|t:|1743848714
|switch|p2a: Primarina|Primarina, M|82/100
|move|p1a: Nurse|Defog|p2a: Primarina
|-unboost|p2a: Primarina|evasion|1
|-sideend|p1: circus abuser|Stealth Rock|[from] move: Defog|[of] p1a: Nurse
|
|-heal|p1a: Nurse|94/100|[from] item: Black Sludge
|upkeep
|turn|7
|
|t:|1743848718
|move|p2a: Primarina|Psychic Noise|p1a: Nurse
|-supereffective|p1a: Nurse
|-damage|p1a: Nurse|17/100
|-start|p1a: Nurse|move: Heal Block
|move|p1a: Nurse|Strange Steam|p2a: Primarina
|-damage|p2a: Primarina|65/100
|
|upkeep
|turn|8
|
|t:|1743848732
|move|p2a: Primarina|Moonblast|p1a: Nurse
|-resisted|p1a: Nurse
|-damage|p1a: Nurse|0 fnt
|faint|p1a: Nurse
|-end|p1a: Nurse|ability: Neutralizing Gas
|
|upkeep
|
|t:|1743848735
|switch|p1a: Trudeau-king|Slowking-Galar, M|100/100
|turn|9
|
|t:|1743848744
|move|p2a: Primarina|Flip Turn|p1a: Trudeau-king
|-damage|p1a: Trudeau-king|84/100
|
|t:|1743848747
|switch|p2a: Great Tusk|Great Tusk|100/100|[from] Flip Turn
|move|p1a: Trudeau-king|Future Sight|p2a: Great Tusk
|-start|p1a: Trudeau-king|move: Future Sight
|
|upkeep
|turn|10
|
|t:|1743848751
|move|p2a: Great Tusk|Knock Off|p1a: Trudeau-king
|-supereffective|p1a: Trudeau-king
|-damage|p1a: Trudeau-king|19/100
|-enditem|p1a: Trudeau-king|Assault Vest|[from] move: Knock Off|[of] p2a: Great Tusk
|move|p1a: Trudeau-king|Psychic Noise|p2a: Great Tusk
|-supereffective|p2a: Great Tusk
|-damage|p2a: Great Tusk|20/100
|-start|p2a: Great Tusk|move: Heal Block
|
|upkeep
|turn|11
|
|t:|1743848759
|-end|p2a: Great Tusk|Protosynthesis|[silent]
|switch|p2a: Meowscarada|Meowscarada, M|79/100
|move|p1a: Trudeau-king|Flamethrower|p2a: Meowscarada
|-supereffective|p2a: Meowscarada
|-damage|p2a: Meowscarada|0 fnt
|faint|p2a: Meowscarada
|
|-hint|Future Sight did not hit because the target is fainted.
|upkeep
|
|t:|1743848767
|switch|p2a: Great Tusk|Great Tusk|20/100
|turn|12
|
|t:|1743848774
|switch|p1a: Plague Doctor|Corviknight, M|100/100
|-ability|p1a: Plague Doctor|Pressure
|move|p2a: Great Tusk|Knock Off|p1a: Plague Doctor
|-damage|p1a: Plague Doctor|82/100
|-damage|p2a: Great Tusk|3/100|[from] item: Rocky Helmet|[of] p1a: Plague Doctor
|-enditem|p1a: Plague Doctor|Rocky Helmet|[from] move: Knock Off|[of] p2a: Great Tusk
|
|upkeep
|turn|13
|
|t:|1743848780
|move|p2a: Great Tusk|Ice Spinner|p1a: Plague Doctor
|-damage|p1a: Plague Doctor|68/100
|move|p1a: Plague Doctor|Brave Bird|p2a: Great Tusk
|-supereffective|p2a: Great Tusk
|-damage|p2a: Great Tusk|0 fnt
|faint|p2a: Great Tusk
|-end|p2a: Great Tusk|Protosynthesis|[silent]
|-damage|p1a: Plague Doctor|67/100|[from] Recoil
|
|upkeep
|
|t:|1743848784
|switch|p2a: Heatran|Heatran, M|100/100
|turn|14
|
|t:|1743848793
|switch|p2a: Iron Valiant|Iron Valiant|100/100
|-enditem|p2a: Iron Valiant|Booster Energy
|-activate|p2a: Iron Valiant|ability: Quark Drive|[fromitem]
|-start|p2a: Iron Valiant|quarkdrivespe
|switch|p1a: Dr. Garg|Garganacl, M|100/100
|
|upkeep
|turn|15
|
|t:|1743848799
|move|p2a: Iron Valiant|Calm Mind|p2a: Iron Valiant
|-boost|p2a: Iron Valiant|spa|1
|-boost|p2a: Iron Valiant|spd|1
|move|p1a: Dr. Garg|Salt Cure|p2a: Iron Valiant
|-resisted|p2a: Iron Valiant
|-damage|p2a: Iron Valiant|92/100
|-start|p2a: Iron Valiant|Salt Cure
|
|-damage|p2a: Iron Valiant|80/100|[from] Salt Cure
|upkeep
|turn|16
|
|t:|1743848804
|switch|p1a: Acupuncturist|Samurott-Hisui, F|100/100
|move|p2a: Iron Valiant|Close Combat|p1a: Acupuncturist
|-supereffective|p1a: Acupuncturist
|-damage|p1a: Acupuncturist|0 fnt
|-unboost|p2a: Iron Valiant|def|1
|-unboost|p2a: Iron Valiant|spd|1
|faint|p1a: Acupuncturist
|
|-damage|p2a: Iron Valiant|67/100|[from] Salt Cure
|upkeep
|
|t:|1743848807
|switch|p1a: Trudeau-king|Slowking-Galar, M|53/100
|turn|17
|
|t:|1743848815
|-terastallize|p2a: Iron Valiant|Steel
|move|p2a: Iron Valiant|Psyshock|p1a: Trudeau-king
|-damage|p1a: Trudeau-king|13/100
|move|p1a: Trudeau-king|Future Sight|p2a: Iron Valiant
|-start|p1a: Trudeau-king|move: Future Sight
|
|-damage|p2a: Iron Valiant|42/100|[from] Salt Cure
|upkeep
|turn|18
|
|t:|1743848826
|move|p2a: Iron Valiant|Psyshock|p1a: Trudeau-king
|-damage|p1a: Trudeau-king|0 fnt
|faint|p1a: Trudeau-king
|
|-damage|p2a: Iron Valiant|17/100|[from] Salt Cure
|upkeep
|
|t:|1743848828
|switch|p1a: Dr. Garg|Garganacl, M|100/100
|turn|19
|
|t:|1743848831
|move|p1a: Dr. Garg|Protect|p1a: Dr. Garg
|-singleturn|p1a: Dr. Garg|Protect
|move|p2a: Iron Valiant|Close Combat|p1a: Dr. Garg
|-activate|p1a: Dr. Garg|move: Protect
|
|-end|p2a: Iron Valiant|move: Future Sight
|-resisted|p2a: Iron Valiant
|-damage|p2a: Iron Valiant|0 fnt
|faint|p2a: Iron Valiant
|-end|p2a: Iron Valiant|Quark Drive|[silent]
|upkeep
|
|t:|1743848834
|switch|p2a: Primarina|Primarina, M|65/100
|turn|20
|
|t:|1743848839
|-terastallize|p1a: Dr. Garg|Fairy
|move|p2a: Primarina|Surf|p1a: Dr. Garg
|-damage|p1a: Dr. Garg|65/100
|move|p1a: Dr. Garg|Salt Cure|p2a: Primarina
|-damage|p2a: Primarina|47/100
|-start|p2a: Primarina|Salt Cure
|
|-heal|p1a: Dr. Garg|71/100|[from] item: Leftovers
|-damage|p2a: Primarina|22/100|[from] Salt Cure
|upkeep
|turn|21
|
|t:|1743848845
|move|p1a: Dr. Garg|Protect|p1a: Dr. Garg
|-singleturn|p1a: Dr. Garg|Protect
|move|p2a: Primarina|Flip Turn|p1a: Dr. Garg
|-activate|p1a: Dr. Garg|move: Protect
|
|-heal|p1a: Dr. Garg|77/100|[from] item: Leftovers
|-damage|p2a: Primarina|0 fnt|[from] Salt Cure
|faint|p2a: Primarina
|upkeep
|
|t:|1743848858
|switch|p2a: Dragapult|Dragapult, F|100/100
|turn|22
|
|t:|1743848865
|move|p2a: Dragapult|U-turn|p1a: Dr. Garg
|-resisted|p1a: Dr. Garg
|-damage|p1a: Dr. Garg|72/100
|
|t:|1743848868
|switch|p2a: Heatran|Heatran, M|100/100|[from] U-turn
|move|p1a: Dr. Garg|Salt Cure|p2a: Heatran
|-damage|p2a: Heatran|89/100
|-start|p2a: Heatran|Salt Cure
|
|-heal|p2a: Heatran|96/100|[from] item: Leftovers
|-heal|p1a: Dr. Garg|78/100|[from] item: Leftovers
|-damage|p2a: Heatran|71/100|[from] Salt Cure
|upkeep
|turn|23
|-message|henry151th forfeited.
|
|win|circus abuser
|raw|circus abuser's rating: 1402 &rarr; <strong>1423</strong><br />(+21 for winning)
|raw|henry151th's rating: 1419 &rarr; <strong>1398</strong><br />(-21 for losing)
|l|☆henry151th
|player|p2|
