|j|☆The Wonder of UU
|j|☆hentro faux
|t:|1743869224
|gametype|singles
|player|p1|The Wonder of UU|steven|1432
|player|p2|hentro faux|265|1557
|teamsize|p1|6
|teamsize|p2|6
|gen|9
|tier|[Gen 9] OU
|rated|
|rule|HP Percentage Mod: HP is shown in percentages
|rule|Endless Battle Clause: Forcing endless battles is banned
|rule|Species Clause: Limit one of each Pokémon
|rule|OHKO Clause: OHKO moves are banned
|rule|Evasion Items Clause: Evasion items are banned
|rule|Evasion Moves Clause: Evasion moves are banned
|rule|Sleep Moves Clause: Sleep-inducing moves are banned
|clearpoke
|poke|p1|Lilligant-Hisui, F|
|poke|p1|Ninetales, F|
|poke|p1|Great Tusk|
|poke|p1|Walking Wake|
|poke|p1|Ceruledge, F|
|poke|p1|Leavanny, F|
|poke|p2|Blissey, F|
|poke|p2|Cinderace, F|
|poke|p2|Dondozo, F|
|poke|p2|Cresselia, F|
|poke|p2|Raging Bolt|
|poke|p2|Gliscor, F|
|teampreview
|
|t:|1743869258
|start
|switch|p1a: Ninetales|Ninetales, F|100/100
|switch|p2a: Raging Bolt|Raging Bolt|100/100
|-weather|SunnyDay|[from] ability: Drought|[of] p1a: Ninetales
|-activate|p2a: Raging Bolt|ability: Protosynthesis
|-start|p2a: Raging Bolt|protosynthesisspa
|turn|1
|
|t:|1743869270
|move|p1a: Ninetales|Will-O-Wisp|p2a: Raging Bolt
|-status|p2a: Raging Bolt|brn
|move|p2a: Raging Bolt|Dragon Pulse|p1a: Ninetales
|-damage|p1a: Ninetales|40/100
|
|-weather|SunnyDay|[upkeep]
|-damage|p2a: Raging Bolt|94/100 brn|[from] brn
|upkeep
|turn|2
|inactive|Battle timer is ON: inactive players will automatically lose when time's up. (requested by hentro faux)
|
|t:|1743869282
|switch|p1a: Leavanny|Leavanny, F|100/100
|move|p2a: Raging Bolt|Thunderbolt|p1a: Leavanny
|-resisted|p1a: Leavanny
|-damage|p1a: Leavanny|45/100
|
|-weather|SunnyDay|[upkeep]
|-heal|p2a: Raging Bolt|100/100 brn|[from] item: Leftovers
|-damage|p2a: Raging Bolt|94/100 brn|[from] brn
|upkeep
|turn|3
|
|t:|1743869298
|move|p2a: Raging Bolt|Thunderclap|p1a: Leavanny
|-resisted|p1a: Leavanny
|-damage|p1a: Leavanny|5/100
|move|p1a: Leavanny|Triple Axel|p2a: Raging Bolt
|-supereffective|p2a: Raging Bolt
|-damage|p2a: Raging Bolt|85/100 brn
|-supereffective|p2a: Raging Bolt
|-damage|p2a: Raging Bolt|66/100 brn
|-supereffective|p2a: Raging Bolt
|-damage|p2a: Raging Bolt|36/100 brn
|-hitcount|p2a: Raging Bolt|3
|
|-weather|SunnyDay|[upkeep]
|-heal|p2a: Raging Bolt|42/100 brn|[from] item: Leftovers
|-damage|p2a: Raging Bolt|36/100 brn|[from] brn
|upkeep
|turn|4
|
|t:|1743869311
|move|p1a: Leavanny|Sticky Web|p2a: Raging Bolt
|-sidestart|p2: hentro faux|move: Sticky Web
|move|p2a: Raging Bolt|Dragon Pulse|p1a: Leavanny
|-damage|p1a: Leavanny|0 fnt
|faint|p1a: Leavanny
|
|-weather|SunnyDay|[upkeep]
|-heal|p2a: Raging Bolt|42/100 brn|[from] item: Leftovers
|-damage|p2a: Raging Bolt|36/100 brn|[from] brn
|upkeep
|
|t:|1743869316
|switch|p1a: Great Tusk|Great Tusk|100/100
|-activate|p1a: Great Tusk|ability: Protosynthesis
|-start|p1a: Great Tusk|protosynthesisatk
|turn|5
|
|t:|1743869322
|move|p1a: Great Tusk|Ice Spinner|p2a: Raging Bolt
|-supereffective|p2a: Raging Bolt
|-damage|p2a: Raging Bolt|0 fnt
|faint|p2a: Raging Bolt
|-end|p2a: Raging Bolt|Protosynthesis|[silent]
|
|-weather|SunnyDay|[upkeep]
|upkeep
|
|t:|1743869324
|switch|p2a: Cresselia|Cresselia, F, shiny|100/100
|turn|6
|
|t:|1743869330
|move|p1a: Great Tusk|Taunt|p2a: Cresselia
|-start|p2a: Cresselia|move: Taunt
|cant|p2a: Cresselia|move: Taunt|Calm Mind
|
|-weather|SunnyDay|[upkeep]
|upkeep
|turn|7
|
|t:|1743869336
|move|p1a: Great Tusk|Ice Spinner|p2a: Cresselia
|-damage|p2a: Cresselia|82/100
|move|p2a: Cresselia|Moonblast|p1a: Great Tusk
|-supereffective|p1a: Great Tusk
|-damage|p1a: Great Tusk|48/100
|
|-weather|SunnyDay|[upkeep]
|upkeep
|turn|8
|
|t:|1743869361
|-terastallize|p1a: Great Tusk|Steel
|move|p1a: Great Tusk|Ice Spinner|p2a: Cresselia
|-damage|p2a: Cresselia|62/100
|move|p2a: Cresselia|Moonblast|p1a: Great Tusk
|-resisted|p1a: Great Tusk
|-damage|p1a: Great Tusk|35/100
|
|-weather|none
|-end|p1a: Great Tusk|Protosynthesis
|-end|p2a: Cresselia|move: Taunt
|upkeep
|turn|9
|
|t:|1743869367
|move|p1a: Great Tusk|Taunt|p2a: Cresselia
|-start|p2a: Cresselia|move: Taunt
|cant|p2a: Cresselia|move: Taunt|Moonlight
|
|upkeep
|turn|10
|
|t:|1743869376
|-end|p1a: Great Tusk|Protosynthesis|[silent]
|switch|p1a: Ninetales|Ninetales, F|40/100
|-weather|SunnyDay|[from] ability: Drought|[of] p1a: Ninetales
|switch|p2a: Gliscor|Gliscor, F|100/100
|
|-weather|SunnyDay|[upkeep]
|-status|p2a: Gliscor|tox|[from] item: Toxic Orb
|upkeep
|turn|11
|inactive|The Wonder of UU has 120 seconds left.
|inactive|The Wonder of UU has 90 seconds left.
|
|t:|1743869439
|move|p1a: Ninetales|Healing Wish|p1a: Ninetales
|faint|p1a: Ninetales
|move|p2a: Gliscor|Knock Off|p1: Ninetales|[notarget]
|-fail|p2a: Gliscor
|
|-weather|SunnyDay|[upkeep]
|upkeep
|
|t:|1743869444
|switch|p1a: Great Tusk|Great Tusk, tera:Steel|35/100
|-heal|p1a: Great Tusk|100/100|[from] move: Healing Wish
|-activate|p1a: Great Tusk|ability: Protosynthesis
|-start|p1a: Great Tusk|protosynthesisatk
|turn|12
|
|t:|1743869451
|move|p2a: Gliscor|Protect|p2a: Gliscor
|-singleturn|p2a: Gliscor|Protect
|move|p1a: Great Tusk|Taunt|p2a: Gliscor
|-activate|p2a: Gliscor|move: Protect
|
|-weather|SunnyDay|[upkeep]
|upkeep
|turn|13
|
|t:|1743869455
|move|p2a: Gliscor|Earthquake|p1a: Great Tusk
|-supereffective|p1a: Great Tusk
|-crit|p1a: Great Tusk
|-damage|p1a: Great Tusk|13/100
|move|p1a: Great Tusk|Ice Spinner|p2a: Gliscor
|-supereffective|p2a: Gliscor
|-damage|p2a: Gliscor|0 fnt
|faint|p2a: Gliscor
|
|-weather|SunnyDay|[upkeep]
|upkeep
|
|t:|1743869462
|switch|p2a: Cinderace|Cinderace, F|100/100
|turn|14
|inactive|The Wonder of UU has 120 seconds left.
|
|t:|1743869468
|-end|p1a: Great Tusk|Protosynthesis|[silent]
|switch|p1a: Ceruledge|Ceruledge, F|100/100
|move|p2a: Cinderace|Pyro Ball|p1a: Ceruledge
|-resisted|p1a: Ceruledge
|-damage|p1a: Ceruledge|36/100
|-ability|p1a: Ceruledge|Weak Armor|boost
|-unboost|p1a: Ceruledge|def|1
|-boost|p1a: Ceruledge|spe|2
|
|-weather|SunnyDay|[upkeep]
|upkeep
|turn|15
|inactive|The Wonder of UU has 120 seconds left.
|
|t:|1743869481
|move|p1a: Ceruledge|Poltergeist|p2a: Cinderace
|-activate|p2a: Cinderace|move: Poltergeist|Heavy-Duty Boots
|-damage|p2a: Cinderace|17/100
|move|p2a: Cinderace|Pyro Ball|p1a: Ceruledge
|-resisted|p1a: Ceruledge
|-damage|p1a: Ceruledge|0 fnt
|faint|p1a: Ceruledge
|
|-weather|SunnyDay|[upkeep]
|upkeep
|inactive|The Wonder of UU has 120 seconds left.
|
|t:|1743869486
|switch|p1a: Lilligant|Lilligant-Hisui, F|100/100
|turn|16
|
|t:|1743869492
|switch|p2a: Cresselia|Cresselia, F, shiny|62/100
|move|p1a: Lilligant|Solar Blade||[still]
|-prepare|p1a: Lilligant|Solar Blade
|-anim|p1a: Lilligant|Solar Blade|p2a: Cresselia
|-damage|p2a: Cresselia|18/100
|-damage|p1a: Lilligant|91/100|[from] item: Life Orb
|
|-weather|SunnyDay|[upkeep]
|upkeep
|turn|17
|
|t:|1743869499
|move|p1a: Lilligant|Solar Blade||[still]
|-prepare|p1a: Lilligant|Solar Blade
|-anim|p1a: Lilligant|Solar Blade|p2a: Cresselia
|-damage|p2a: Cresselia|0 fnt
|faint|p2a: Cresselia
|-damage|p1a: Lilligant|81/100|[from] item: Life Orb
|
|-weather|none
|upkeep
|
|t:|1743869506
|switch|p2a: Cinderace|Cinderace, F|17/100
|turn|18
|
|t:|1743869511
|move|p2a: Cinderace|Pyro Ball|p1a: Lilligant
|-supereffective|p1a: Lilligant
|-damage|p1a: Lilligant|0 fnt
|faint|p1a: Lilligant
|
|upkeep
|
|t:|1743869513
|switch|p1a: Walking Wake|Walking Wake|100/100
|turn|19
|
|t:|1743869525
|switch|p2a: Blissey|Blissey, F|100/100
|move|p1a: Walking Wake|Dragon Pulse|p2a: Blissey
|-damage|p2a: Blissey|84/100
|
|upkeep
|turn|20
|inactive|The Wonder of UU has 120 seconds left.
|
|t:|1743869557
|-end|p1a: Walking Wake|Protosynthesis|[silent]
|switch|p1a: Great Tusk|Great Tusk, tera:Steel|13/100
|move|p2a: Blissey|Seismic Toss|p1a: Great Tusk
|-damage|p1a: Great Tusk|0 fnt
|faint|p1a: Great Tusk
|-end|p1a: Great Tusk|Protosynthesis|[silent]
|
|upkeep
|inactive|The Wonder of UU has 120 seconds left.
|-message|The Wonder of UU forfeited.
|
|win|hentro faux
|raw|The Wonder of UU's rating: 1432 &rarr; <strong>1419</strong><br />(-13 for losing)
|raw|hentro faux's rating: 1557 &rarr; <strong>1570</strong><br />(+13 for winning)
|l|☆The Wonder of UU
|player|p1|
|l|☆hentro faux
|player|p2|
