|j|☆GOD D DRAGON
|j|☆spacklezort
|t:|1743858722
|gametype|singles
|player|p1|GOD D DRAGON|170|1345
|player|p2|spacklezort|101|1350
|teamsize|p1|6
|teamsize|p2|6
|gen|9
|tier|[Gen 9] OU
|rated|
|rule|HP Percentage Mod: HP is shown in percentages
|rule|Endless Battle Clause: Forcing endless battles is banned
|rule|Species Clause: Limit one of each Pokémon
|rule|OHKO Clause: OHKO moves are banned
|rule|Evasion Items Clause: Evasion items are banned
|rule|Evasion Moves Clause: Evasion moves are banned
|rule|Sleep Moves Clause: Sleep-inducing moves are banned
|clearpoke
|poke|p1|Espeon, M|
|poke|p1|Zarude-Dada|
|poke|p1|Thundurus-Therian, M|
|poke|p1|Tinkaton, F|
|poke|p1|Donphan, F|
|poke|p1|Raging Bolt|
|poke|p2|Iron Treads|
|poke|p2|Sinistcha|
|poke|p2|Alomomola, F|
|poke|p2|Ursaluna, M|
|poke|p2|Iron Valiant|
|poke|p2|Zamazenta-*|
|teampreview
|
|t:|1743858756
|start
|switch|p1a: Thundurus|Thundurus-Therian, M|100/100
|switch|p2a: Silicon Valley|Iron Valiant|100/100
|turn|1
|
|t:|1743858771
|-end|p2a: Silicon Valley|Quark Drive|[silent]
|switch|p2a: Mojave|Iron Treads|100/100
|move|p1a: Thundurus|Sludge Wave|p2a: Mojave
|-immune|p2a: Mojave
|
|upkeep
|turn|2
|
|t:|1743858779
|move|p1a: Thundurus|Focus Blast|p2a: Mojave
|-supereffective|p2a: Mojave
|-damage|p2a: Mojave|8/100
|move|p2a: Mojave|Knock Off|p1a: Thundurus
|-damage|p1a: Thundurus|59/100
|-enditem|p1a: Thundurus|Expert Belt|[from] move: Knock Off|[of] p2a: Mojave
|
|-heal|p2a: Mojave|14/100|[from] item: Leftovers
|upkeep
|turn|3
|
|t:|1743858789
|-end|p2a: Mojave|Quark Drive|[silent]
|switch|p2a: Japantown|Sinistcha|100/100
|move|p1a: Thundurus|Dark Pulse|p2a: Japantown
|-supereffective|p2a: Japantown
|-damage|p2a: Japantown|25/100
|
|upkeep
|turn|4
|
|t:|1743858802
|switch|p2a: Mojave|Iron Treads|14/100
|move|p1a: Thundurus|Sludge Wave|p2a: Mojave
|-immune|p2a: Mojave
|
|-heal|p2a: Mojave|20/100|[from] item: Leftovers
|upkeep
|turn|5
|
|t:|1743858810
|-end|p2a: Mojave|Quark Drive|[silent]
|switch|p2a: Silicon Valley|Iron Valiant|100/100
|move|p1a: Thundurus|Dark Pulse|p2a: Silicon Valley
|-resisted|p2a: Silicon Valley
|-damage|p2a: Silicon Valley|89/100
|
|upkeep
|turn|6
|
|t:|1743858817
|move|p2a: Silicon Valley|Moonblast|p1a: Thundurus
|-damage|p1a: Thundurus|0 fnt
|faint|p1a: Thundurus
|
|upkeep
|inactive|Battle timer is ON: inactive players will automatically lose when time's up. (requested by spacklezort)
|
|t:|1743858830
|switch|p1a: Tinkaton|Tinkaton, F|100/100
|-ability|p1a: Tinkaton|Mold Breaker
|turn|7
|
|t:|1743858844
|-end|p2a: Silicon Valley|Quark Drive|[silent]
|switch|p2a: Big Bear|Ursaluna, M|100/100
|move|p1a: Tinkaton|Thunder Wave|p2a: Big Bear
|-immune|p2a: Big Bear
|
|-status|p2a: Big Bear|brn|[from] item: Flame Orb
|upkeep
|turn|8
|
|t:|1743858856
|move|p1a: Tinkaton|Ice Hammer|p2a: Big Bear
|-supereffective|p2a: Big Bear
|-damage|p2a: Big Bear|60/100 brn
|-unboost|p1a: Tinkaton|spe|1
|move|p2a: Big Bear|Headlong Rush|p1a: Tinkaton
|-supereffective|p1a: Tinkaton
|-damage|p1a: Tinkaton|0 fnt
|-unboost|p2a: Big Bear|def|1
|-unboost|p2a: Big Bear|spd|1
|faint|p1a: Tinkaton
|
|-damage|p2a: Big Bear|53/100 brn|[from] brn
|upkeep
|
|t:|1743858872
|switch|p1a: Espeon|Espeon, M|100/100
|turn|9
|
|t:|1743858893
|switch|p2a: Monterey|Alomomola, F|100/100
|move|p1a: Espeon|Psychic|p2a: Monterey
|-crit|p2a: Monterey
|-damage|p2a: Monterey|39/100
|
|upkeep
|turn|10
|
|t:|1743858911
|switch|p2a: Zamazenta|Zamazenta|100/100
|-ability|p2a: Zamazenta|Dauntless Shield|boost
|-boost|p2a: Zamazenta|def|1
|move|p1a: Espeon|Psychic|p2a: Zamazenta
|-supereffective|p2a: Zamazenta
|-damage|p2a: Zamazenta|8/100
|
|upkeep
|turn|11
|
|t:|1743858919
|move|p1a: Espeon|Psychic|p2a: Zamazenta
|-supereffective|p2a: Zamazenta
|-damage|p2a: Zamazenta|0 fnt
|faint|p2a: Zamazenta
|
|upkeep
|
|t:|1743858924
|switch|p2a: Big Bear|Ursaluna, M|53/100 brn
|turn|12
|
|t:|1743858928
|move|p1a: Espeon|Psychic|p2a: Big Bear
|-damage|p2a: Big Bear|8/100 brn
|move|p2a: Big Bear|Facade|p1a: Espeon
|-damage|p1a: Espeon|0 fnt
|faint|p1a: Espeon
|
|-damage|p2a: Big Bear|2/100 brn|[from] brn
|upkeep
|
|t:|1743858943
|switch|p1a: Donphan|Donphan, F|100/100
|turn|13
|
|t:|1743858948
|switch|p2a: Silicon Valley|Iron Valiant|89/100
|move|p1a: Donphan|Ice Shard|p2a: Silicon Valley
|-damage|p2a: Silicon Valley|72/100
|
|upkeep
|turn|14
|
|t:|1743858955
|move|p2a: Silicon Valley|Trick|p1a: Donphan
|-activate|p2a: Silicon Valley|move: Trick|[of] p1a: Donphan
|-item|p1a: Donphan|Choice Specs|[from] move: Trick
|-item|p2a: Silicon Valley|Leftovers|[from] move: Trick
|move|p1a: Donphan|Earthquake|p2a: Silicon Valley
|-damage|p2a: Silicon Valley|6/100
|
|-heal|p2a: Silicon Valley|12/100|[from] item: Leftovers
|upkeep
|turn|15
|
|t:|1743858971
|move|p2a: Silicon Valley|Moonblast|p1a: Donphan
|-damage|p1a: Donphan|41/100
|move|p1a: Donphan|Earthquake|p2a: Silicon Valley
|-damage|p2a: Silicon Valley|0 fnt
|faint|p2a: Silicon Valley
|-end|p2a: Silicon Valley|Quark Drive|[silent]
|
|upkeep
|inactive|spacklezort has 120 seconds left.
|
|t:|1743859001
|switch|p2a: Monterey|Alomomola, F|73/100
|turn|16
|
|t:|1743859005
|move|p1a: Donphan|Earthquake|p2a: Monterey
|-damage|p2a: Monterey|40/100
|move|p2a: Monterey|Flip Turn|p1a: Donphan
|-supereffective|p1a: Donphan
|-damage|p1a: Donphan|18/100
|inactive|spacklezort has 120 seconds left.
|
|t:|1743859026
|switch|p2a: Mojave|Iron Treads|20/100|[from] Flip Turn
|
|-heal|p2a: Mojave|26/100|[from] item: Leftovers
|upkeep
|turn|17
|
|t:|1743859048
|move|p2a: Mojave|Earthquake|p1a: Donphan
|-damage|p1a: Donphan|0 fnt
|faint|p1a: Donphan
|
|-heal|p2a: Mojave|32/100|[from] item: Leftovers
|upkeep
|
|t:|1743859055
|switch|p1a: Zarude|Zarude-Dada|100/100
|turn|18
|
|t:|1743859058
|-end|p2a: Mojave|Quark Drive|[silent]
|switch|p2a: Big Bear|Ursaluna, M|2/100 brn
|move|p1a: Zarude|Bulk Up|p1a: Zarude
|-boost|p1a: Zarude|atk|1
|-boost|p1a: Zarude|def|1
|
|-damage|p2a: Big Bear|0 fnt|[from] brn
|faint|p2a: Big Bear
|upkeep
|
|t:|1743859062
|switch|p2a: Monterey|Alomomola, F|73/100
|turn|19
|
|t:|1743859070
|move|p1a: Zarude|Petal Blizzard|p2a: Monterey
|-supereffective|p2a: Monterey
|-damage|p2a: Monterey|0 fnt
|faint|p2a: Monterey
|
|upkeep
|-message|spacklezort forfeited.
|
|win|GOD D DRAGON
|raw|GOD D DRAGON's rating: 1327 &rarr; <strong>1348</strong><br />(+21 for winning)
|raw|spacklezort's rating: 1350 &rarr; <strong>1329</strong><br />(-21 for losing)
|l|☆spacklezort
|player|p2|
|j|☆spacklezort
|player|p2|spacklezort|101|
