|j|☆showbegin
|j|☆nvvyona
|t:|1743912691
|gametype|singles
|player|p1|showbegin|lucas|1507
|player|p2|nvvyona|karen|1511
|teamsize|p1|6
|teamsize|p2|6
|gen|9
|tier|[Gen 9] OU
|rated|
|rule|HP Percentage Mod: HP is shown in percentages
|rule|Endless Battle Clause: Forcing endless battles is banned
|rule|Species Clause: Limit one of each Pokémon
|rule|OHKO Clause: OHKO moves are banned
|rule|Evasion Items Clause: Evasion items are banned
|rule|Evasion Moves Clause: Evasion moves are banned
|rule|Sleep Moves Clause: Sleep-inducing moves are banned
|clearpoke
|poke|p1|Pelipper, F|
|poke|p1|Clodsire, M|
|poke|p1|Barraskewda, M|
|poke|p1|Incineroar, F|
|poke|p1|Zapdos|
|poke|p1|Corviknight, F|
|poke|p2|Raging Bolt|
|poke|p2|Ting-Lu|
|poke|p2|Corviknight, M|
|poke|p2|Meowscarada, M|
|poke|p2|Kyurem|
|poke|p2|Scizor, F|
|teampreview
|inactive|Battle timer is ON: inactive players will automatically lose when time's up. (requested by showbegin)
|
|t:|1743912703
|start
|switch|p1a: Corviknight|Corviknight, F, shiny|100/100
|switch|p2a: Kyurem|Kyurem|100/100
|-ability|p2a: Kyurem|Pressure
|-ability|p1a: Corviknight|Pressure
|turn|1
|
|t:|1743912710
|switch|p2a: Scizor|Scizor, F|100/100
|move|p1a: Corviknight|Body Press|p2a: Scizor
|-damage|p2a: Scizor|74/100
|
|upkeep
|turn|2
|
|t:|1743912717
|switch|p2a: Corviknight|Corviknight, M|100/100
|-ability|p2a: Corviknight|Pressure
|move|p1a: Corviknight|U-turn|p2a: Corviknight
|-resisted|p2a: Corviknight
|-damage|p2a: Corviknight|98/100
|-damage|p1a: Corviknight|84/100|[from] item: Rocky Helmet|[of] p2a: Corviknight
|
|t:|1743912723
|switch|p1a: Zapdos|Zapdos, shiny|100/100|[from] U-turn
|
|upkeep
|turn|3
|
|t:|1743912728
|switch|p1a: Pelipper|Pelipper, F|100/100
|-weather|RainDance|[from] ability: Drizzle|[of] p1a: Pelipper
|switch|p2a: Ting-Lu|Ting-Lu|100/100
|-ability|p2a: Ting-Lu|Vessel of Ruin
|
|-weather|RainDance|[upkeep]
|upkeep
|turn|4
|
|t:|1743912732
|move|p1a: Pelipper|U-turn|p2a: Ting-Lu
|-supereffective|p2a: Ting-Lu
|-damage|p2a: Ting-Lu|90/100
|
|t:|1743912736
|switch|p1a: Clodsire|Clodsire, M|100/100|[from] U-turn
|move|p2a: Ting-Lu|Spikes|p1a: Clodsire
|-sidestart|p1: showbegin|Spikes
|
|-weather|RainDance|[upkeep]
|-heal|p2a: Ting-Lu|97/100|[from] item: Leftovers
|upkeep
|turn|5
|
|t:|1743912740
|move|p2a: Ting-Lu|Earthquake|p1a: Clodsire
|-supereffective|p1a: Clodsire
|-damage|p1a: Clodsire|20/100
|move|p1a: Clodsire|Toxic|p2a: Ting-Lu
|-status|p2a: Ting-Lu|tox
|
|-weather|RainDance|[upkeep]
|-heal|p2a: Ting-Lu|100/100 tox|[from] item: Leftovers
|-heal|p1a: Clodsire|26/100|[from] item: Leftovers
|-damage|p2a: Ting-Lu|94/100 tox|[from] psn
|upkeep
|turn|6
|
|t:|1743912746
|switch|p1a: Corviknight|Corviknight, F, shiny|84/100
|-ability|p1a: Corviknight|Pressure
|move|p2a: Ting-Lu|Earthquake|p1a: Corviknight
|-immune|p1a: Corviknight
|
|-weather|RainDance|[upkeep]
|-heal|p2a: Ting-Lu|100/100 tox|[from] item: Leftovers
|-damage|p2a: Ting-Lu|88/100 tox|[from] psn
|upkeep
|turn|7
|
|t:|1743912749
|switch|p2a: Raging Bolt|Raging Bolt|100/100
|move|p1a: Corviknight|Defog|p2a: Raging Bolt
|-unboost|p2a: Raging Bolt|evasion|1
|-sideend|p1: showbegin|Spikes|[from] move: Defog|[of] p1a: Corviknight
|
|-weather|RainDance|[upkeep]
|upkeep
|turn|8
|
|t:|1743912755
|switch|p1a: Incineroar|Incineroar, F, shiny|100/100
|-ability|p1a: Incineroar|Intimidate|boost
|-unboost|p2a: Raging Bolt|atk|1
|move|p2a: Raging Bolt|Draco Meteor|p1a: Incineroar|[miss]
|-miss|p2a: Raging Bolt|p1a: Incineroar
|
|-weather|RainDance|[upkeep]
|upkeep
|turn|9
|
|t:|1743912760
|move|p2a: Raging Bolt|Draco Meteor|p1a: Incineroar
|-damage|p1a: Incineroar|4/100
|-unboost|p2a: Raging Bolt|spa|2
|move|p1a: Incineroar|Parting Shot|p2a: Raging Bolt
|-unboost|p2a: Raging Bolt|atk|1
|-unboost|p2a: Raging Bolt|spa|1
|
|t:|1743912767
|switch|p1a: Clodsire|Clodsire, M|26/100|[from] Parting Shot
|
|-weather|RainDance|[upkeep]
|-heal|p1a: Clodsire|32/100|[from] item: Leftovers
|upkeep
|turn|10
|
|t:|1743912771
|move|p2a: Raging Bolt|Draco Meteor|p1a: Clodsire
|-damage|p1a: Clodsire|8/100
|-unboost|p2a: Raging Bolt|spa|2
|move|p1a: Clodsire|Recover|p1a: Clodsire
|-heal|p1a: Clodsire|58/100
|
|-weather|none
|-heal|p1a: Clodsire|64/100|[from] item: Leftovers
|upkeep
|turn|11
|
|t:|1743912776
|-end|p2a: Raging Bolt|Protosynthesis|[silent]
|switch|p2a: Scizor|Scizor, F|74/100
|move|p1a: Clodsire|Stealth Rock|p2a: Scizor
|-sidestart|p2: nvvyona|move: Stealth Rock
|
|-heal|p1a: Clodsire|70/100|[from] item: Leftovers
|upkeep
|turn|12
|
|t:|1743912781
|switch|p1a: Corviknight|Corviknight, F, shiny|84/100
|-ability|p1a: Corviknight|Pressure
|move|p2a: Scizor|U-turn|p1a: Corviknight
|-resisted|p1a: Corviknight
|-damage|p1a: Corviknight|75/100
|-damage|p2a: Scizor|58/100|[from] item: Rocky Helmet|[of] p1a: Corviknight
|
|t:|1743912784
|switch|p2a: Raging Bolt|Raging Bolt|100/100|[from] U-turn
|-damage|p2a: Raging Bolt|88/100|[from] Stealth Rock
|
|upkeep
|turn|13
|
|t:|1743912789
|switch|p1a: Clodsire|Clodsire, M|70/100
|move|p2a: Raging Bolt|Draco Meteor|p1a: Clodsire
|-damage|p1a: Clodsire|6/100
|-unboost|p2a: Raging Bolt|spa|2
|
|-heal|p1a: Clodsire|12/100|[from] item: Leftovers
|upkeep
|turn|14
|
|t:|1743912807
|switch|p1a: Incineroar|Incineroar, F, shiny|4/100
|-ability|p1a: Incineroar|Intimidate|boost
|-unboost|p2a: Raging Bolt|atk|1
|move|p2a: Raging Bolt|Draco Meteor|p1a: Incineroar
|-damage|p1a: Incineroar|0 fnt
|-unboost|p2a: Raging Bolt|spa|2
|faint|p1a: Incineroar
|
|upkeep
|
|t:|1743912813
|switch|p1a: Clodsire|Clodsire, M|12/100
|turn|15
|
|t:|1743912816
|move|p2a: Raging Bolt|Draco Meteor|p1a: Clodsire|[miss]
|-miss|p2a: Raging Bolt|p1a: Clodsire
|move|p1a: Clodsire|Recover|p1a: Clodsire
|-heal|p1a: Clodsire|62/100
|
|-heal|p1a: Clodsire|69/100|[from] item: Leftovers
|upkeep
|turn|16
|c|☆nvvyona|nice play dude
|
|t:|1743912831
|-end|p2a: Raging Bolt|Protosynthesis|[silent]
|switch|p2a: Corviknight|Corviknight, M|98/100
|-damage|p2a: Corviknight|86/100|[from] Stealth Rock
|-ability|p2a: Corviknight|Pressure
|switch|p1a: Pelipper|Pelipper, F|100/100
|-weather|RainDance|[from] ability: Drizzle|[of] p1a: Pelipper
|
|-weather|RainDance|[upkeep]
|upkeep
|turn|17
|
|t:|1743912835
|move|p2a: Corviknight|Defog|p1a: Pelipper
|-unboost|p1a: Pelipper|evasion|1
|-sideend|p2: nvvyona|Stealth Rock|[from] move: Defog|[of] p2a: Corviknight
|move|p1a: Pelipper|Surf|p2a: Corviknight
|-damage|p2a: Corviknight|45/100
|
|-weather|RainDance|[upkeep]
|upkeep
|turn|18
|
|t:|1743912839
|switch|p2a: Raging Bolt|Raging Bolt|88/100
|move|p1a: Pelipper|Surf|p2a: Raging Bolt
|-resisted|p2a: Raging Bolt
|-damage|p2a: Raging Bolt|67/100
|
|-weather|RainDance|[upkeep]
|upkeep
|turn|19
|
|t:|1743912843
|switch|p1a: Corviknight|Corviknight, F, shiny|75/100
|-ability|p1a: Corviknight|Pressure
|move|p2a: Raging Bolt|Draco Meteor|p1a: Corviknight
|-resisted|p1a: Corviknight
|-damage|p1a: Corviknight|22/100
|-unboost|p2a: Raging Bolt|spa|2
|
|-weather|RainDance|[upkeep]
|upkeep
|turn|20
|
|t:|1743912848
|-end|p2a: Raging Bolt|Protosynthesis|[silent]
|switch|p2a: Meowscarada|Meowscarada, M|100/100
|switch|p1a: Clodsire|Clodsire, M|69/100
|
|-weather|RainDance|[upkeep]
|-heal|p1a: Clodsire|75/100|[from] item: Leftovers
|upkeep
|turn|21
|
|t:|1743912852
|switch|p1a: Corviknight|Corviknight, F, shiny|22/100
|-ability|p1a: Corviknight|Pressure
|move|p2a: Meowscarada|Triple Axel|p1a: Corviknight
|-start|p2a: Meowscarada|typechange|Ice|[from] ability: Protean
|-damage|p1a: Corviknight|15/100
|-damage|p2a: Meowscarada|84/100|[from] item: Rocky Helmet|[of] p1a: Corviknight
|-damage|p1a: Corviknight|4/100
|-damage|p2a: Meowscarada|68/100|[from] item: Rocky Helmet|[of] p1a: Corviknight
|-damage|p1a: Corviknight|0 fnt
|-damage|p2a: Meowscarada|51/100|[from] item: Rocky Helmet|[of] p1a: Corviknight
|faint|p1a: Corviknight
|-hitcount|p1: Corviknight|3
|
|-weather|RainDance|[upkeep]
|upkeep
|
|t:|1743912855
|switch|p1a: Barraskewda|Barraskewda, M, shiny|100/100
|turn|22
|
|t:|1743912863
|switch|p2a: Corviknight|Corviknight, M|45/100
|-ability|p2a: Corviknight|Pressure
|move|p1a: Barraskewda|Close Combat|p2a: Corviknight
|-damage|p2a: Corviknight|8/100
|-unboost|p1a: Barraskewda|def|1
|-unboost|p1a: Barraskewda|spd|1
|-damage|p1a: Barraskewda|84/100|[from] item: Rocky Helmet|[of] p2a: Corviknight
|
|-weather|RainDance|[upkeep]
|upkeep
|turn|23
|
|t:|1743912872
|move|p1a: Barraskewda|Close Combat|p2a: Corviknight
|-damage|p2a: Corviknight|0 fnt
|-unboost|p1a: Barraskewda|def|1
|-unboost|p1a: Barraskewda|spd|1
|-damage|p1a: Barraskewda|68/100|[from] item: Rocky Helmet|[of] p2a: Corviknight
|faint|p2a: Corviknight
|
|-weather|none
|upkeep
|
|t:|1743912882
|switch|p2a: Scizor|Scizor, F|58/100
|turn|24
|
|t:|1743912888
|switch|p1a: Pelipper|Pelipper, F|100/100
|-weather|RainDance|[from] ability: Drizzle|[of] p1a: Pelipper
|move|p2a: Scizor|U-turn|p1a: Pelipper
|-resisted|p1a: Pelipper
|-damage|p1a: Pelipper|71/100
|
|t:|1743912895
|switch|p2a: Raging Bolt|Raging Bolt|67/100|[from] U-turn
|
|-weather|RainDance|[upkeep]
|upkeep
|turn|25
|
|t:|1743912901
|-end|p2a: Raging Bolt|Protosynthesis|[silent]
|switch|p2a: Ting-Lu|Ting-Lu|88/100 tox
|-ability|p2a: Ting-Lu|Vessel of Ruin
|move|p1a: Pelipper|U-turn|p2a: Ting-Lu
|-supereffective|p2a: Ting-Lu
|-damage|p2a: Ting-Lu|78/100 tox
|
|t:|1743912904
|switch|p1a: Barraskewda|Barraskewda, M, shiny|68/100|[from] U-turn
|
|-weather|RainDance|[upkeep]
|-heal|p2a: Ting-Lu|85/100 tox|[from] item: Leftovers
|-damage|p2a: Ting-Lu|78/100 tox|[from] psn
|upkeep
|turn|26
|
|t:|1743912914
|switch|p2a: Raging Bolt|Raging Bolt|67/100
|move|p1a: Barraskewda|Flip Turn|p2a: Raging Bolt
|-resisted|p2a: Raging Bolt
|-damage|p2a: Raging Bolt|33/100
|
|t:|1743912924
|switch|p1a: Clodsire|Clodsire, M|75/100|[from] Flip Turn
|
|-weather|RainDance|[upkeep]
|-heal|p1a: Clodsire|81/100|[from] item: Leftovers
|upkeep
|turn|27
|
|t:|1743912929
|-end|p2a: Raging Bolt|Protosynthesis|[silent]
|switch|p2a: Scizor|Scizor, F|58/100
|move|p1a: Clodsire|Stealth Rock|p2a: Scizor
|-sidestart|p2: nvvyona|move: Stealth Rock
|
|-weather|RainDance|[upkeep]
|-heal|p1a: Clodsire|87/100|[from] item: Leftovers
|upkeep
|turn|28
|
|t:|1743912933
|switch|p1a: Pelipper|Pelipper, F|71/100
|move|p2a: Scizor|U-turn|p1a: Pelipper
|-resisted|p1a: Pelipper
|-damage|p1a: Pelipper|43/100
|
|t:|1743912938
|switch|p2a: Kyurem|Kyurem|100/100|[from] U-turn
|-damage|p2a: Kyurem|76/100|[from] Stealth Rock
|-ability|p2a: Kyurem|Pressure
|
|-weather|RainDance|[upkeep]
|upkeep
|turn|29
|
|t:|1743912943
|switch|p1a: Clodsire|Clodsire, M|87/100
|move|p2a: Kyurem|Freeze-Dry|p1a: Clodsire
|-supereffective|p1a: Clodsire
|-damage|p1a: Clodsire|45/100
|
|-weather|RainDance|[upkeep]
|-heal|p1a: Clodsire|51/100|[from] item: Leftovers
|upkeep
|turn|30
|
|t:|1743912946
|move|p2a: Kyurem|Icicle Spear|p1a: Clodsire
|-supereffective|p1a: Clodsire
|-damage|p1a: Clodsire|16/100
|-supereffective|p1a: Clodsire
|-damage|p1a: Clodsire|0 fnt
|faint|p1a: Clodsire
|-hitcount|p1: Clodsire|2
|
|-weather|RainDance|[upkeep]
|upkeep
|
|t:|1743912950
|switch|p1a: Barraskewda|Barraskewda, M, shiny|68/100
|turn|31
|
|t:|1743912960
|switch|p2a: Meowscarada|Meowscarada, M|51/100
|move|p1a: Barraskewda|Close Combat|p2a: Meowscarada
|-supereffective|p2a: Meowscarada
|-damage|p2a: Meowscarada|0 fnt
|-unboost|p1a: Barraskewda|def|1
|-unboost|p1a: Barraskewda|spd|1
|faint|p2a: Meowscarada
|
|-weather|none
|upkeep
|
|t:|1743912969
|switch|p2a: Raging Bolt|Raging Bolt|33/100
|-damage|p2a: Raging Bolt|21/100|[from] Stealth Rock
|turn|32
|
|t:|1743912974
|switch|p1a: Pelipper|Pelipper, F|43/100
|-weather|RainDance|[from] ability: Drizzle|[of] p1a: Pelipper
|move|p2a: Raging Bolt|Thunderclap||[still]
|-fail|p2a: Raging Bolt
|
|-weather|RainDance|[upkeep]
|upkeep
|turn|33
|
|t:|1743912980
|move|p2a: Raging Bolt|Thunderclap||[still]
|-fail|p2a: Raging Bolt
|move|p1a: Pelipper|Roost|p1a: Pelipper
|-heal|p1a: Pelipper|93/100
|-singleturn|p1a: Pelipper|move: Roost
|
|-weather|RainDance|[upkeep]
|upkeep
|turn|34
|
|t:|1743912985
|switch|p1a: Barraskewda|Barraskewda, M, shiny|68/100
|move|p2a: Raging Bolt|Thunderclap||[still]
|-fail|p2a: Raging Bolt
|
|-weather|RainDance|[upkeep]
|upkeep
|turn|35
|
|t:|1743912987
|move|p2a: Raging Bolt|Thunderclap|p1a: Barraskewda
|-supereffective|p1a: Barraskewda
|-damage|p1a: Barraskewda|0 fnt
|faint|p1a: Barraskewda
|
|-weather|RainDance|[upkeep]
|upkeep
|
|t:|1743912990
|switch|p1a: Zapdos|Zapdos, shiny|100/100
|turn|36
|
|t:|1743912994
|-end|p2a: Raging Bolt|Protosynthesis|[silent]
|switch|p2a: Ting-Lu|Ting-Lu|78/100 tox
|-damage|p2a: Ting-Lu|72/100 tox|[from] Stealth Rock
|-ability|p2a: Ting-Lu|Vessel of Ruin
|move|p1a: Zapdos|Weather Ball|p2a: Ting-Lu
|-supereffective|p2a: Ting-Lu
|-damage|p2a: Ting-Lu|33/100 tox
|
|-weather|RainDance|[upkeep]
|-heal|p2a: Ting-Lu|39/100 tox|[from] item: Leftovers
|-damage|p2a: Ting-Lu|33/100 tox|[from] psn
|upkeep
|turn|37
|
|t:|1743912999
|move|p1a: Zapdos|Weather Ball|p2a: Ting-Lu
|-supereffective|p2a: Ting-Lu
|-damage|p2a: Ting-Lu|0 fnt
|faint|p2a: Ting-Lu
|
|-weather|RainDance|[upkeep]
|upkeep
|
|t:|1743913007
|switch|p2a: Scizor|Scizor, F|58/100
|-damage|p2a: Scizor|46/100|[from] Stealth Rock
|turn|38
|
|t:|1743913010
|move|p2a: Scizor|Bullet Punch|p1a: Zapdos
|-resisted|p1a: Zapdos
|-damage|p1a: Zapdos|67/100
|-status|p2a: Scizor|par|[from] ability: Static|[of] p1a: Zapdos
|move|p1a: Zapdos|Hurricane|p2a: Scizor
|-damage|p2a: Scizor|0 fnt
|faint|p2a: Scizor
|
|-weather|RainDance|[upkeep]
|upkeep
|
|t:|1743913013
|switch|p2a: Kyurem|Kyurem|76/100
|-damage|p2a: Kyurem|51/100|[from] Stealth Rock
|-ability|p2a: Kyurem|Pressure
|turn|39
|
|t:|1743913022
|-terastallize|p1a: Zapdos|Steel
|move|p1a: Zapdos|Hurricane|p2a: Kyurem
|-damage|p2a: Kyurem|0 fnt
|faint|p2a: Kyurem
|
|-weather|none
|upkeep
|
|t:|1743913026
|switch|p2a: Raging Bolt|Raging Bolt|21/100
|-damage|p2a: Raging Bolt|8/100|[from] Stealth Rock
|turn|40
|
|t:|1743913035
|move|p1a: Zapdos|Weather Ball|p2a: Raging Bolt
|-damage|p2a: Raging Bolt|0 fnt
|faint|p2a: Raging Bolt
|-end|p2a: Raging Bolt|Protosynthesis|[silent]
|
|win|showbegin
|raw|showbegin's rating: 1507 &rarr; <strong>1527</strong><br />(+20 for winning)
|raw|nvvyona's rating: 1511 &rarr; <strong>1491</strong><br />(-20 for losing)
|l|☆nvvyona
|player|p2|
|l|☆showbegin
|player|p1|
