|j|☆denglinhuiliu
|j|☆PumpkinShadow
|t:|1743833705
|gametype|singles
|player|p1|denglinhuiliu|266|1289
|player|p2|PumpkinShadow|drayden|1225
|teamsize|p1|6
|teamsize|p2|6
|gen|9
|tier|[Gen 9] OU
|rated|
|rule|HP Percentage Mod: HP is shown in percentages
|rule|Endless Battle Clause: Forcing endless battles is banned
|rule|Species Clause: Limit one of each Pokémon
|rule|OHKO Clause: OHKO moves are banned
|rule|Evasion Items Clause: Evasion items are banned
|rule|Evasion Moves Clause: Evasion moves are banned
|rule|Sleep Moves Clause: Sleep-inducing moves are banned
|clearpoke
|poke|p1|Glimmora, F|
|poke|p1|Primarina, M|
|poke|p1|Zapdos|
|poke|p1|Weavile, M|
|poke|p1|Kingambit, F|
|poke|p1|Gholdengo|
|poke|p2|Pelipper, M|
|poke|p2|Barraskewda, F|
|poke|p2|Zapdos|
|poke|p2|Corviknight, F|
|poke|p2|Clodsire, M|
|poke|p2|Incineroar, F|
|teampreview
|
|t:|1743833719
|start
|switch|p1a: Primarina|Primarina, M|100/100
|switch|p2a: Pelipper|Pelipper, M|100/100
|-weather|RainDance|[from] ability: Drizzle|[of] p2a: Pelipper
|turn|1
|
|t:|1743833729
|switch|p2a: Clodsire|Clodsire, M|100/100
|move|p1a: Primarina|Moonblast|p2a: Clodsire
|-resisted|p2a: Clodsire
|-damage|p2a: Clodsire|87/100
|
|-weather|RainDance|[upkeep]
|-heal|p2a: Clodsire|94/100|[from] item: Leftovers
|upkeep
|turn|2
|
|t:|1743833737
|-terastallize|p1a: Primarina|Steel
|move|p1a: Primarina|Sparkling Aria|p2a: Clodsire
|-heal|p2a: Clodsire|100/100|[from] ability: Water Absorb|[of] p1a: Primarina
|move|p2a: Clodsire|Stealth Rock|p1a: Primarina
|-sidestart|p1: denglinhuiliu|move: Stealth Rock
|
|-weather|RainDance|[upkeep]
|upkeep
|turn|3
|
|t:|1743833749
|switch|p1a: Glimmora|Glimmora, F|100/100
|-damage|p1a: Glimmora|88/100|[from] Stealth Rock
|move|p2a: Clodsire|Earthquake|p1a: Glimmora
|-supereffective|p1a: Glimmora
|-damage|p1a: Glimmora|0 fnt
|-activate|p1a: Glimmora|ability: Toxic Debris
|-sidestart|p2: PumpkinShadow|move: Toxic Spikes
|faint|p1a: Glimmora
|
|-weather|RainDance|[upkeep]
|upkeep
|
|t:|1743833760
|switch|p1a: Weavile|Weavile, M|100/100
|-ability|p1a: Weavile|Pressure
|turn|4
|
|t:|1743833767
|switch|p2a: Corviknight|Corviknight, F, shiny|100/100
|-ability|p2a: Corviknight|Pressure
|move|p1a: Weavile|Knock Off|p2a: Corviknight
|-damage|p2a: Corviknight|72/100
|-damage|p1a: Weavile|84/100|[from] item: Rocky Helmet|[of] p2a: Corviknight
|-enditem|p2a: Corviknight|Rocky Helmet|[from] move: Knock Off|[of] p1a: Weavile
|
|-weather|RainDance|[upkeep]
|upkeep
|turn|5
|
|t:|1743833776
|move|p1a: Weavile|Swords Dance|p1a: Weavile
|-boost|p1a: Weavile|atk|2
|move|p2a: Corviknight|U-turn|p1a: Weavile
|-supereffective|p1a: Weavile
|-damage|p1a: Weavile|32/100
|
|t:|1743833782
|switch|p2a: Incineroar|Incineroar, F, shiny|100/100|[from] U-turn
|-ability|p2a: Incineroar|Intimidate|boost
|-unboost|p1a: Weavile|atk|1
|
|-weather|RainDance|[upkeep]
|upkeep
|turn|6
|
|t:|1743833790
|move|p1a: Weavile|Triple Axel|p2a: Incineroar
|-resisted|p2a: Incineroar
|-damage|p2a: Incineroar|96/100
|-resisted|p2a: Incineroar
|-damage|p2a: Incineroar|87/100
|-resisted|p2a: Incineroar
|-damage|p2a: Incineroar|73/100
|-hitcount|p2a: Incineroar|3
|move|p2a: Incineroar|Drain Punch|p1a: Weavile
|-supereffective|p1a: Weavile
|-damage|p1a: Weavile|0 fnt
|-heal|p2a: Incineroar|84/100|[from] drain|[of] p1a: Weavile
|faint|p1a: Weavile
|
|-weather|RainDance|[upkeep]
|upkeep
|
|t:|1743833800
|switch|p1a: Primarina|Primarina, M, tera:Steel|100/100
|-damage|p1a: Primarina|94/100|[from] Stealth Rock
|turn|7
|
|t:|1743833811
|switch|p2a: Clodsire|Clodsire, M|100/100
|-sideend|p2: PumpkinShadow|move: Toxic Spikes|[of] p2a: Clodsire
|move|p1a: Primarina|Calm Mind|p1a: Primarina
|-boost|p1a: Primarina|spa|1
|-boost|p1a: Primarina|spd|1
|
|-weather|RainDance|[upkeep]
|-heal|p1a: Primarina|100/100|[from] item: Leftovers
|upkeep
|turn|8
|
|t:|1743833816
|move|p1a: Primarina|Moonblast|p2a: Clodsire
|-resisted|p2a: Clodsire
|-damage|p2a: Clodsire|80/100
|move|p2a: Clodsire|Earthquake|p1a: Primarina
|-supereffective|p1a: Primarina
|-damage|p1a: Primarina|40/100
|
|-weather|none
|-heal|p1a: Primarina|47/100|[from] item: Leftovers
|-heal|p2a: Clodsire|87/100|[from] item: Leftovers
|upkeep
|turn|9
|
|t:|1743833824
|move|p1a: Primarina|Energy Ball|p2a: Clodsire
|-damage|p2a: Clodsire|60/100
|move|p2a: Clodsire|Earthquake|p1a: Primarina
|-supereffective|p1a: Primarina
|-damage|p1a: Primarina|0 fnt
|faint|p1a: Primarina
|
|-heal|p2a: Clodsire|66/100|[from] item: Leftovers
|upkeep
|
|t:|1743833837
|switch|p1a: Gholdengo|Gholdengo|100/100
|-damage|p1a: Gholdengo|94/100|[from] Stealth Rock
|-item|p1a: Gholdengo|Air Balloon
|turn|10
|
|t:|1743833847
|switch|p2a: Pelipper|Pelipper, M|100/100
|-weather|RainDance|[from] ability: Drizzle|[of] p2a: Pelipper
|move|p1a: Gholdengo|Nasty Plot|p1a: Gholdengo
|-boost|p1a: Gholdengo|spa|2
|
|-weather|RainDance|[upkeep]
|upkeep
|turn|11
|
|t:|1743833852
|move|p1a: Gholdengo|Shadow Ball|p2a: Pelipper
|-damage|p2a: Pelipper|0 fnt
|faint|p2a: Pelipper
|
|-weather|RainDance|[upkeep]
|upkeep
|
|t:|1743833856
|switch|p2a: Barraskewda|Barraskewda, F|100/100
|turn|12
|
|t:|1743833865
|-terastallize|p2a: Barraskewda|Water
|move|p2a: Barraskewda|Liquidation|p1a: Gholdengo
|-damage|p1a: Gholdengo|0 fnt
|-enditem|p1a: Gholdengo|Air Balloon
|faint|p1a: Gholdengo
|
|-weather|RainDance|[upkeep]
|upkeep
|
|t:|1743833870
|switch|p1a: Kingambit|Kingambit, F|100/100
|-damage|p1a: Kingambit|94/100|[from] Stealth Rock
|-activate|p1a: Kingambit|ability: Supreme Overlord
|-start|p1a: Kingambit|fallen4|[silent]
|turn|13
|
|t:|1743833875
|move|p1a: Kingambit|Sucker Punch|p2a: Barraskewda
|-damage|p2a: Barraskewda|0 fnt
|faint|p2a: Barraskewda
|
|-weather|RainDance|[upkeep]
|-heal|p1a: Kingambit|100/100|[from] item: Leftovers
|upkeep
|
|t:|1743833878
|switch|p2a: Incineroar|Incineroar, F, shiny|84/100
|-ability|p2a: Incineroar|Intimidate|boost
|-unboost|p1a: Kingambit|atk|1
|turn|14
|
|t:|1743833884
|-end|p1a: Kingambit|fallen4|[silent]
|switch|p1a: Zapdos|Zapdos|100/100
|move|p2a: Incineroar|Will-O-Wisp|p1a: Zapdos
|-status|p1a: Zapdos|brn
|
|-weather|RainDance|[upkeep]
|-damage|p1a: Zapdos|94/100 brn|[from] brn
|upkeep
|turn|15
|
|t:|1743833891
|switch|p2a: Zapdos|Zapdos, shiny|100/100
|move|p1a: Zapdos|Hurricane|p2a: Zapdos
|-resisted|p2a: Zapdos
|-damage|p2a: Zapdos|70/100
|
|-weather|RainDance|[upkeep]
|-damage|p1a: Zapdos|88/100 brn|[from] brn
|upkeep
|turn|16
|
|t:|1743833900
|move|p2a: Zapdos|Thunder|p1a: Zapdos
|-damage|p1a: Zapdos|19/100 brn
|move|p1a: Zapdos|Volt Switch|p2a: Zapdos
|-damage|p2a: Zapdos|25/100
|
|t:|1743833905
|switch|p1a: Kingambit|Kingambit, F|100/100|[from] Volt Switch
|-damage|p1a: Kingambit|94/100|[from] Stealth Rock
|-activate|p1a: Kingambit|ability: Supreme Overlord
|-start|p1a: Kingambit|fallen4|[silent]
|
|-weather|RainDance|[upkeep]
|-heal|p1a: Kingambit|100/100|[from] item: Leftovers
|upkeep
|turn|17
|
|t:|1743833910
|switch|p2a: Incineroar|Incineroar, F, shiny|84/100
|-ability|p2a: Incineroar|Intimidate|boost
|-unboost|p1a: Kingambit|atk|1
|move|p1a: Kingambit|Iron Head|p2a: Incineroar
|-resisted|p2a: Incineroar
|-damage|p2a: Incineroar|69/100
|
|-weather|none
|upkeep
|turn|18
|
|t:|1743833923
|-end|p1a: Kingambit|fallen4|[silent]
|switch|p1a: Zapdos|Zapdos|19/100 brn
|move|p2a: Incineroar|Drain Punch|p1a: Zapdos
|-resisted|p1a: Zapdos
|-damage|p1a: Zapdos|7/100 brn
|-heal|p2a: Incineroar|74/100|[from] drain|[of] p1a: Zapdos
|
|-damage|p1a: Zapdos|0 fnt|[from] brn
|faint|p1a: Zapdos
|upkeep
|
|t:|1743833930
|switch|p1a: Kingambit|Kingambit, F|100/100
|-damage|p1a: Kingambit|94/100|[from] Stealth Rock
|-activate|p1a: Kingambit|ability: Supreme Overlord
|-start|p1a: Kingambit|fallen5|[silent]
|turn|19
|
|t:|1743833936
|move|p1a: Kingambit|Sucker Punch||[still]
|-fail|p1a: Kingambit
|move|p2a: Incineroar|Will-O-Wisp|p1a: Kingambit
|-status|p1a: Kingambit|brn
|
|-heal|p1a: Kingambit|100/100 brn|[from] item: Leftovers
|-damage|p1a: Kingambit|94/100 brn|[from] brn
|upkeep
|turn|20
|
|t:|1743833945
|move|p1a: Kingambit|Kowtow Cleave|p2a: Incineroar
|-resisted|p2a: Incineroar
|-damage|p2a: Incineroar|62/100
|move|p2a: Incineroar|Drain Punch|p1a: Kingambit
|-supereffective|p1a: Kingambit
|-damage|p1a: Kingambit|28/100 brn
|-heal|p2a: Incineroar|93/100|[from] drain|[of] p1a: Kingambit
|
|-heal|p1a: Kingambit|34/100 brn|[from] item: Leftovers
|-damage|p1a: Kingambit|28/100 brn|[from] brn
|upkeep
|turn|21
|l|☆denglinhuiliu
|player|p1|
|inactive|Battle timer is ON: inactive players will automatically lose when time's up. (requested by PumpkinShadow)
|inactive|denglinhuiliu has 30 seconds to reconnect!
|j|☆denglinhuiliu
|inactive|denglinhuiliu reconnected and has 120 seconds left.
|player|p1|denglinhuiliu|266|
|
|t:|1743834018
|move|p1a: Kingambit|Kowtow Cleave|p2a: Incineroar
|-resisted|p2a: Incineroar
|-damage|p2a: Incineroar|81/100
|move|p2a: Incineroar|Drain Punch|p1a: Kingambit
|-supereffective|p1a: Kingambit
|-damage|p1a: Kingambit|0 fnt
|-heal|p2a: Incineroar|94/100|[from] drain|[of] p1a: Kingambit
|faint|p1a: Kingambit
|-end|p1a: Kingambit|fallen5|[silent]
|
|win|PumpkinShadow
|raw|denglinhuiliu's rating: 1289 &rarr; <strong>1259</strong><br />(-30 for losing)
|raw|PumpkinShadow's rating: 1225 &rarr; <strong>1255</strong><br />(+30 for winning)
|l|☆denglinhuiliu
|player|p1|
|l|☆PumpkinShadow
|player|p2|
