|j|☆Victeam1610
|j|☆Gen1elite
|t:|1743846668
|gametype|singles
|player|p1|Victeam1610|scientist|1167
|player|p2|Gen1elite|red|1223
|teamsize|p1|6
|teamsize|p2|6
|gen|9
|tier|[Gen 9] OU
|rated|
|rule|HP Percentage Mod: HP is shown in percentages
|rule|Endless Battle Clause: Forcing endless battles is banned
|rule|Species Clause: Limit one of each Pokémon
|rule|OHKO Clause: OHKO moves are banned
|rule|Evasion Items Clause: Evasion items are banned
|rule|Evasion Moves Clause: Evasion moves are banned
|rule|Sleep Moves Clause: Sleep-inducing moves are banned
|clearpoke
|poke|p1|Clodsire, M|
|poke|p1|Samurott-Hisui, M|
|poke|p1|Scizor, F|
|poke|p1|Raichu-Alola, M|
|poke|p1|Kyurem|
|poke|p1|Chandelure, F|
|poke|p2|Clefable, M|
|poke|p2|Exeggutor, M|
|poke|p2|Snorlax, M|
|poke|p2|Dugtrio, M|
|poke|p2|Dragonite, M|
|poke|p2|Tentacruel, M|
|teampreview
|inactive|Battle timer is ON: inactive players will automatically lose when time's up. (requested by Victeam1610)
|
|t:|1743846676
|start
|switch|p1a: Baxalibur|Kyurem, shiny|100/100
|switch|p2a: Snorlax|Snorlax, M|100/100
|-ability|p1a: Baxalibur|Pressure
|turn|1
|
|t:|1743846684
|switch|p2a: Dugtrio|Dugtrio, M|100/100
|move|p1a: Baxalibur|Reflect|p1a: Baxalibur
|-sidestart|p1: Victeam1610|Reflect
|
|upkeep
|turn|2
|
|t:|1743846690
|move|p2a: Dugtrio|Stealth Rock|p1a: Baxalibur
|-sidestart|p1: Victeam1610|move: Stealth Rock
|move|p1a: Baxalibur|Light Screen|p1a: Baxalibur
|-sidestart|p1: Victeam1610|move: Light Screen
|
|upkeep
|turn|3
|
|t:|1743846697
|switch|p2a: Tentacruel|Tentacruel, M|100/100
|move|p1a: Baxalibur|Freeze-Dry|p2a: Tentacruel
|-supereffective|p2a: Tentacruel
|-damage|p2a: Tentacruel|60/100
|
|-heal|p2a: Tentacruel|66/100|[from] item: Black Sludge
|upkeep
|turn|4
|
|t:|1743846707
|move|p1a: Baxalibur|Freeze-Dry|p2a: Tentacruel
|-supereffective|p2a: Tentacruel
|-damage|p2a: Tentacruel|30/100
|move|p2a: Tentacruel|Toxic Spikes|p1a: Baxalibur
|-sidestart|p1: Victeam1610|move: Toxic Spikes
|
|-heal|p2a: Tentacruel|36/100|[from] item: Black Sludge
|upkeep
|turn|5
|
|t:|1743846715
|switch|p1a: Non détestable|Clodsire, M|100/100
|-damage|p1a: Non détestable|94/100|[from] Stealth Rock
|-sideend|p1: Victeam1610|move: Toxic Spikes|[of] p1a: Non détestable
|move|p2a: Tentacruel|Water Pulse|p1a: Non détestable
|-heal|p1a: Non détestable|100/100|[from] ability: Water Absorb|[of] p2a: Tentacruel
|
|-heal|p2a: Tentacruel|42/100|[from] item: Black Sludge
|upkeep
|turn|6
|
|t:|1743846726
|switch|p2a: Dugtrio|Dugtrio, M|100/100
|move|p1a: Non détestable|Stealth Rock|p2a: Dugtrio
|-sidestart|p2: Gen1elite|move: Stealth Rock
|
|upkeep
|turn|7
|
|t:|1743846735
|-terastallize|p1a: Non détestable|Flying
|move|p2a: Dugtrio|Earthquake|p1a: Non détestable
|-immune|p1a: Non détestable
|move|p1a: Non détestable|Earthquake|p2a: Dugtrio
|-damage|p2a: Dugtrio|25/100
|
|upkeep
|turn|8
|
|t:|1743846743
|move|p2a: Dugtrio|Endeavor|p1a: Non détestable
|-damage|p1a: Non détestable|12/100
|move|p1a: Non détestable|Earthquake|p2a: Dugtrio
|-damage|p2a: Dugtrio|0 fnt
|faint|p2a: Dugtrio
|
|-heal|p1a: Non détestable|18/100|[from] item: Leftovers
|-sideend|p1: Victeam1610|Reflect
|upkeep
|
|t:|1743846753
|switch|p2a: Tentacruel|Tentacruel, M|42/100
|-damage|p2a: Tentacruel|30/100|[from] Stealth Rock
|turn|9
|
|t:|1743846758
|move|p2a: Tentacruel|Rapid Spin|p1a: Non détestable
|-damage|p1a: Non détestable|9/100
|-boost|p2a: Tentacruel|spe|1
|-sideend|p2: Gen1elite|Stealth Rock|[from] move: Rapid Spin|[of] p2a: Tentacruel
|move|p1a: Non détestable|Recover|p1a: Non détestable
|-heal|p1a: Non détestable|59/100
|
|-heal|p2a: Tentacruel|36/100|[from] item: Black Sludge
|-heal|p1a: Non détestable|65/100|[from] item: Leftovers
|-sideend|p1: Victeam1610|move: Light Screen
|upkeep
|turn|10
|
|t:|1743846769
|move|p2a: Tentacruel|Toxic Spikes|p1a: Non détestable
|-sidestart|p1: Victeam1610|move: Toxic Spikes
|move|p1a: Non détestable|Recover|p1a: Non détestable
|-heal|p1a: Non détestable|100/100
|
|-heal|p2a: Tentacruel|42/100|[from] item: Black Sludge
|upkeep
|turn|11
|
|t:|1743846776
|move|p2a: Tentacruel|Rapid Spin|p1a: Non détestable
|-damage|p1a: Non détestable|92/100
|-boost|p2a: Tentacruel|spe|1
|move|p1a: Non détestable|Earthquake|p2a: Tentacruel
|-supereffective|p2a: Tentacruel
|-damage|p2a: Tentacruel|0 fnt
|faint|p2a: Tentacruel
|
|-heal|p1a: Non détestable|98/100|[from] item: Leftovers
|upkeep
|inactive|Gen1elite has 120 seconds left.
|
|t:|1743846807
|switch|p2a: Dragonite|Dragonite, M|100/100
|turn|12
|
|t:|1743846811
|move|p2a: Dragonite|Dragon Dance|p2a: Dragonite
|-boost|p2a: Dragonite|atk|1
|-boost|p2a: Dragonite|spe|1
|move|p1a: Non détestable|Stealth Rock|p2a: Dragonite
|-sidestart|p2: Gen1elite|move: Stealth Rock
|
|-heal|p1a: Non détestable|100/100|[from] item: Leftovers
|upkeep
|turn|13
|
|t:|1743846818
|move|p2a: Dragonite|Dragon Dance|p2a: Dragonite
|-boost|p2a: Dragonite|atk|1
|-boost|p2a: Dragonite|spe|1
|move|p1a: Non détestable|Toxic|p2a: Dragonite
|-status|p2a: Dragonite|tox
|
|-damage|p2a: Dragonite|94/100 tox|[from] psn
|upkeep
|turn|14
|
|t:|1743846828
|switch|p1a: Dame mante|Scizor, F, shiny|100/100
|-damage|p1a: Dame mante|88/100|[from] Stealth Rock
|move|p2a: Dragonite|Dragon Rush|p1a: Dame mante
|-resisted|p1a: Dame mante
|-damage|p1a: Dame mante|23/100
|
|-damage|p2a: Dragonite|82/100 tox|[from] psn
|upkeep
|turn|15
|
|t:|1743846841
|move|p1a: Dame mante|Bullet Punch|p2a: Dragonite
|-damage|p2a: Dragonite|35/100 tox
|move|p2a: Dragonite|Dragon Rush|p1a: Dame mante
|-resisted|p1a: Dame mante
|-damage|p1a: Dame mante|0 fnt
|faint|p1a: Dame mante
|
|-damage|p2a: Dragonite|16/100 tox|[from] psn
|upkeep
|
|t:|1743846849
|switch|p1a: Roronoa|Samurott-Hisui, M|100/100
|-damage|p1a: Roronoa|88/100|[from] Stealth Rock
|-status|p1a: Roronoa|psn
|turn|16
|
|t:|1743846856
|move|p1a: Roronoa|Protect|p1a: Roronoa
|-singleturn|p1a: Roronoa|Protect
|move|p2a: Dragonite|Extreme Speed|p1a: Roronoa
|-activate|p1a: Roronoa|move: Protect
|
|-damage|p2a: Dragonite|0 fnt|[from] psn
|faint|p2a: Dragonite
|-damage|p1a: Roronoa|76/100 psn|[from] psn
|upkeep
|
|t:|1743846870
|switch|p2a: Snorlax|Snorlax, M|100/100
|-damage|p2a: Snorlax|88/100|[from] Stealth Rock
|turn|17
|
|t:|1743846877
|move|p1a: Roronoa|Ceaseless Edge|p2a: Snorlax
|-damage|p2a: Snorlax|33/100
|-sidestart|p2: Gen1elite|Spikes
|-damage|p1a: Roronoa|66/100 psn|[from] item: Life Orb
|move|p2a: Snorlax|Gunk Shot|p1a: Roronoa|[miss]
|-miss|p2a: Snorlax|p1a: Roronoa
|
|-damage|p1a: Roronoa|53/100 psn|[from] psn
|upkeep
|turn|18
|
|t:|1743846890
|move|p1a: Roronoa|Ceaseless Edge|p2a: Snorlax
|-damage|p2a: Snorlax|0 fnt
|-sidestart|p2: Gen1elite|Spikes
|faint|p2a: Snorlax
|-damage|p1a: Roronoa|43/100 psn|[from] item: Life Orb
|
|-damage|p1a: Roronoa|31/100 psn|[from] psn
|upkeep
|
|t:|1743846899
|switch|p2a: Clefable|Clefable, M|100/100
|-damage|p2a: Clefable|88/100|[from] Stealth Rock
|-damage|p2a: Clefable|72/100|[from] Spikes
|turn|19
|
|t:|1743846904
|move|p1a: Roronoa|Razor Shell|p2a: Clefable
|-damage|p2a: Clefable|8/100
|-unboost|p2a: Clefable|def|1
|-damage|p1a: Roronoa|21/100 psn|[from] item: Life Orb
|move|p2a: Clefable|Calm Mind|p2a: Clefable
|-boost|p2a: Clefable|spa|1
|-boost|p2a: Clefable|spd|1
|
|-heal|p2a: Clefable|14/100|[from] item: Leftovers
|-damage|p1a: Roronoa|8/100 psn|[from] psn
|upkeep
|turn|20
|-message|Gen1elite forfeited.
|
|win|Victeam1610
|raw|Victeam1610's rating: 1167 &rarr; <strong>1196</strong><br />(+29 for winning)
|raw|Gen1elite's rating: 1223 &rarr; <strong>1194</strong><br />(-29 for losing)
|l|☆Gen1elite
|player|p2|
|l|☆Victeam1610
|player|p1|
