|j|☆RandomWitch
|j|☆ikthoizzykil
|t:|1743908250
|gametype|singles
|player|p1|RandomWitch|unknownf|1416
|player|p2|ikthoizzykil|101|1447
|teamsize|p1|6
|teamsize|p2|6
|gen|9
|tier|[Gen 9] OU
|rated|
|rule|HP Percentage Mod: HP is shown in percentages
|rule|Endless Battle Clause: Forcing endless battles is banned
|rule|Species Clause: Limit one of each Pokémon
|rule|OHKO Clause: OHKO moves are banned
|rule|Evasion Items Clause: Evasion items are banned
|rule|Evasion Moves Clause: Evasion moves are banned
|rule|Sleep Moves Clause: Sleep-inducing moves are banned
|clearpoke
|poke|p1|Enamorus, F|
|poke|p1|Corviknight, M|
|poke|p1|Cinderace, M|
|poke|p1|Slowking-Galar, F|
|poke|p1|Raging Bolt|
|poke|p1|Gliscor, F|
|poke|p2|Metagross|
|poke|p2|Darkrai|
|poke|p2|Ceruledge, M|
|poke|p2|Primarina, F|
|poke|p2|Great Tusk|
|poke|p2|Zapdos|
|teampreview
|inactive|Battle timer is ON: inactive players will automatically lose when time's up. (requested by ikthoizzykil)
|
|t:|1743908264
|start
|switch|p1a: Cinderace|Cinderace, M|100/100
|switch|p2a: Darkrai|Darkrai|100/100
|turn|1
|
|t:|1743908279
|switch|p2a: Ceruledge|Ceruledge, M|100/100
|move|p1a: Cinderace|Sucker Punch||[still]
|-fail|p1a: Cinderace
|
|upkeep
|turn|2
|
|t:|1743908297
|move|p1a: Cinderace|U-turn|p2a: Ceruledge
|-start|p1a: Cinderace|typechange|Bug|[from] ability: Libero
|-resisted|p2a: Ceruledge
|-damage|p2a: Ceruledge|93/100
|
|t:|1743908304
|switch|p1a: Raging Bolt|Raging Bolt|100/100|[from] U-turn
|move|p2a: Ceruledge|Bulk Up|p2a: Ceruledge
|-boost|p2a: Ceruledge|atk|1
|-boost|p2a: Ceruledge|def|1
|
|-heal|p2a: Ceruledge|99/100|[from] item: Leftovers
|upkeep
|turn|3
|
|t:|1743908313
|move|p1a: Raging Bolt|Discharge|p2a: Ceruledge
|-damage|p2a: Ceruledge|63/100
|move|p2a: Ceruledge|Poltergeist|p1a: Raging Bolt
|-activate|p1a: Raging Bolt|move: Poltergeist|Heavy-Duty Boots
|-damage|p1a: Raging Bolt|34/100
|
|-heal|p2a: Ceruledge|69/100|[from] item: Leftovers
|upkeep
|turn|4
|
|t:|1743908327
|move|p1a: Raging Bolt|Draco Meteor|p2a: Ceruledge
|-damage|p2a: Ceruledge|14/100
|-unboost|p1a: Raging Bolt|spa|2
|move|p2a: Ceruledge|Poltergeist|p1a: Raging Bolt
|-activate|p1a: Raging Bolt|move: Poltergeist|Heavy-Duty Boots
|-damage|p1a: Raging Bolt|0 fnt
|faint|p1a: Raging Bolt
|-end|p1a: Raging Bolt|Protosynthesis|[silent]
|
|-heal|p2a: Ceruledge|21/100|[from] item: Leftovers
|upkeep
|
|t:|1743908339
|switch|p1a: Cinderace|Cinderace, M|100/100
|turn|5
|
|t:|1743908362
|move|p1a: Cinderace|U-turn|p2a: Ceruledge
|-start|p1a: Cinderace|typechange|Bug|[from] ability: Libero
|-resisted|p2a: Ceruledge
|-damage|p2a: Ceruledge|15/100
|
|t:|1743908365
|switch|p1a: Gliscor|Gliscor, F|100/100|[from] U-turn
|move|p2a: Ceruledge|Bulk Up|p2a: Ceruledge
|-boost|p2a: Ceruledge|atk|1
|-boost|p2a: Ceruledge|def|1
|
|-heal|p2a: Ceruledge|21/100|[from] item: Leftovers
|-status|p1a: Gliscor|tox|[from] item: Toxic Orb
|upkeep
|turn|6
|
|t:|1743908379
|-terastallize|p2a: Ceruledge|Bug
|move|p1a: Gliscor|Toxic|p2a: Ceruledge
|-status|p2a: Ceruledge|tox
|move|p2a: Ceruledge|Bitter Blade|p1a: Gliscor
|-damage|p1a: Gliscor|41/100 tox
|-heal|p2a: Ceruledge|51/100 tox|[from] drain|[of] p1a: Gliscor
|
|-heal|p2a: Ceruledge|57/100 tox|[from] item: Leftovers
|-heal|p1a: Gliscor|53/100 tox|[from] ability: Poison Heal
|-damage|p2a: Ceruledge|51/100 tox|[from] psn
|upkeep
|turn|7
|
|t:|1743908396
|move|p1a: Gliscor|Spikes|p2a: Ceruledge
|-sidestart|p2: ikthoizzykil|Spikes
|move|p2a: Ceruledge|Bulk Up|p2a: Ceruledge
|-boost|p2a: Ceruledge|atk|1
|-boost|p2a: Ceruledge|def|1
|
|-heal|p2a: Ceruledge|57/100 tox|[from] item: Leftovers
|-heal|p1a: Gliscor|66/100 tox|[from] ability: Poison Heal
|-damage|p2a: Ceruledge|45/100 tox|[from] psn
|upkeep
|turn|8
|
|t:|1743908404
|move|p1a: Gliscor|Protect|p1a: Gliscor
|-singleturn|p1a: Gliscor|Protect
|move|p2a: Ceruledge|Bitter Blade|p1a: Gliscor
|-activate|p1a: Gliscor|move: Protect
|
|-heal|p2a: Ceruledge|51/100 tox|[from] item: Leftovers
|-heal|p1a: Gliscor|78/100 tox|[from] ability: Poison Heal
|-damage|p2a: Ceruledge|33/100 tox|[from] psn
|upkeep
|turn|9
|
|t:|1743908416
|move|p1a: Gliscor|Spikes|p2a: Ceruledge
|-sidestart|p2: ikthoizzykil|Spikes
|move|p2a: Ceruledge|Bitter Blade|p1a: Gliscor
|-damage|p1a: Gliscor|2/100 tox
|-heal|p2a: Ceruledge|70/100 tox|[from] drain|[of] p1a: Gliscor
|
|-heal|p2a: Ceruledge|77/100 tox|[from] item: Leftovers
|-heal|p1a: Gliscor|15/100 tox|[from] ability: Poison Heal
|-damage|p2a: Ceruledge|52/100 tox|[from] psn
|upkeep
|turn|10
|
|t:|1743908442
|switch|p2a: Great Tusk|Great Tusk|100/100
|move|p1a: Gliscor|Protect||[still]
|-fail|p1a: Gliscor
|
|-heal|p1a: Gliscor|27/100 tox|[from] ability: Poison Heal
|upkeep
|turn|11
|
|t:|1743908451
|move|p2a: Great Tusk|Ice Spinner|p1a: Gliscor
|-supereffective|p1a: Gliscor
|-damage|p1a: Gliscor|0 fnt
|faint|p1a: Gliscor
|
|upkeep
|
|t:|1743908456
|switch|p1a: Enamorus|Enamorus, F|100/100
|turn|12
|
|t:|1743908476
|-end|p2a: Great Tusk|Protosynthesis|[silent]
|switch|p2a: Metagross|Metagross|100/100
|-damage|p2a: Metagross|84/100|[from] Spikes
|move|p1a: Enamorus|Draining Kiss|p2a: Metagross
|-resisted|p2a: Metagross
|-damage|p2a: Metagross|77/100
|
|upkeep
|turn|13
|
|t:|1743908490
|switch|p1a: Corviknight|Corviknight, M|100/100
|-ability|p1a: Corviknight|Pressure
|move|p2a: Metagross|Psychic Fangs|p1a: Corviknight
|-resisted|p1a: Corviknight
|-damage|p1a: Corviknight|87/100
|
|-heal|p1a: Corviknight|93/100|[from] item: Leftovers
|upkeep
|turn|14
|
|t:|1743908500
|switch|p2a: Great Tusk|Great Tusk|100/100
|move|p1a: Corviknight|U-turn|p2a: Great Tusk
|-resisted|p2a: Great Tusk
|-damage|p2a: Great Tusk|96/100
|
|t:|1743908515
|switch|p1a: Enamorus|Enamorus, F|100/100|[from] U-turn
|
|upkeep
|turn|15
|
|t:|1743908524
|switch|p1a: Corviknight|Corviknight, M|93/100
|-ability|p1a: Corviknight|Pressure
|-end|p2a: Great Tusk|Protosynthesis|[silent]
|switch|p2a: Metagross|Metagross|77/100
|-damage|p2a: Metagross|61/100|[from] Spikes
|
|-heal|p1a: Corviknight|99/100|[from] item: Leftovers
|upkeep
|turn|16
|
|t:|1743908542
|switch|p2a: Zapdos|Zapdos|100/100
|move|p1a: Corviknight|U-turn|p2a: Zapdos
|-resisted|p2a: Zapdos
|-damage|p2a: Zapdos|95/100
|-status|p1a: Corviknight|par|[from] ability: Static|[of] p2a: Zapdos
|
|t:|1743908548
|switch|p1a: Slowking|Slowking-Galar, F|100/100|[from] U-turn
|
|upkeep
|turn|17
|
|t:|1743908555
|move|p2a: Zapdos|U-turn|p1a: Slowking
|-damage|p1a: Slowking|87/100
|
|t:|1743908562
|switch|p2a: Great Tusk|Great Tusk|96/100|[from] U-turn
|move|p1a: Slowking|Sludge Bomb|p2a: Great Tusk
|-resisted|p2a: Great Tusk
|-damage|p2a: Great Tusk|70/100
|-status|p2a: Great Tusk|psn
|
|-damage|p2a: Great Tusk|57/100 psn|[from] psn
|upkeep
|turn|18
|
|t:|1743908581
|move|p2a: Great Tusk|Rapid Spin|p1a: Slowking
|-damage|p1a: Slowking|69/100
|-boost|p2a: Great Tusk|spe|1
|-sideend|p2: ikthoizzykil|Spikes|[from] move: Rapid Spin|[of] p2a: Great Tusk
|move|p1a: Slowking|Future Sight|p2a: Great Tusk
|-start|p1a: Slowking|move: Future Sight
|
|-damage|p2a: Great Tusk|45/100 psn|[from] psn
|upkeep
|turn|19
|
|t:|1743908598
|switch|p1a: Corviknight|Corviknight, M|99/100 par
|-ability|p1a: Corviknight|Pressure
|move|p2a: Great Tusk|Knock Off|p1a: Corviknight
|-damage|p1a: Corviknight|80/100 par
|-enditem|p1a: Corviknight|Leftovers|[from] move: Knock Off|[of] p2a: Great Tusk
|
|-damage|p2a: Great Tusk|33/100 psn|[from] psn
|upkeep
|turn|20
|
|t:|1743908611
|-end|p2a: Great Tusk|Protosynthesis|[silent]
|switch|p2a: Darkrai|Darkrai|100/100
|switch|p1a: Cinderace|Cinderace, M|100/100
|
|-end|p2a: Darkrai|move: Future Sight
|-immune|p2a: Darkrai
|upkeep
|turn|21
|
|t:|1743908622
|switch|p2a: Zapdos|Zapdos|95/100
|move|p1a: Cinderace|U-turn|p2a: Zapdos
|-start|p1a: Cinderace|typechange|Bug|[from] ability: Libero
|-resisted|p2a: Zapdos
|-damage|p2a: Zapdos|85/100
|
|t:|1743908626
|switch|p1a: Slowking|Slowking-Galar, F|100/100|[from] U-turn
|
|upkeep
|turn|22
|
|t:|1743908634
|move|p2a: Zapdos|U-turn|p1a: Slowking
|-damage|p1a: Slowking|87/100
|
|t:|1743908639
|switch|p2a: Metagross|Metagross|61/100|[from] U-turn
|move|p1a: Slowking|Sludge Bomb|p2a: Metagross
|-immune|p2a: Metagross
|
|upkeep
|turn|23
|
|t:|1743908649
|switch|p2a: Zapdos|Zapdos|85/100
|switch|p1a: Corviknight|Corviknight, M|80/100 par
|-ability|p1a: Corviknight|Pressure
|
|upkeep
|turn|24
|
|t:|1743908656
|move|p2a: Zapdos|Discharge|p1a: Corviknight
|-supereffective|p1a: Corviknight
|-damage|p1a: Corviknight|12/100 par
|move|p1a: Corviknight|U-turn|p2a: Zapdos
|-resisted|p2a: Zapdos
|-damage|p2a: Zapdos|79/100
|
|t:|1743908662
|switch|p1a: Cinderace|Cinderace, M|100/100|[from] U-turn
|
|upkeep
|turn|25
|
|t:|1743908672
|switch|p2a: Ceruledge|Ceruledge, M, tera:Bug|52/100 tox
|move|p1a: Cinderace|U-turn|p2a: Ceruledge
|-start|p1a: Cinderace|typechange|Bug|[from] ability: Libero
|-damage|p2a: Ceruledge|19/100 tox
|
|t:|1743908675
|switch|p1a: Enamorus|Enamorus, F|100/100|[from] U-turn
|
|-heal|p2a: Ceruledge|25/100 tox|[from] item: Leftovers
|-damage|p2a: Ceruledge|19/100 tox|[from] psn
|upkeep
|turn|26
|
|t:|1743908702
|-terastallize|p1a: Enamorus|Stellar
|move|p1a: Enamorus|Tera Blast|p2a: Ceruledge|[anim] Tera Blast Stellar
|-supereffective|p2a: Ceruledge
|-damage|p2a: Ceruledge|0 fnt
|-boost|p1a: Enamorus|atk|1
|-boost|p1a: Enamorus|spa|1
|faint|p2a: Ceruledge
|
|upkeep
|
|t:|1743908709
|switch|p2a: Metagross|Metagross|61/100
|turn|27
|
|t:|1743908717
|switch|p1a: Cinderace|Cinderace, M|100/100
|move|p2a: Metagross|Meteor Mash|p1a: Cinderace
|-resisted|p1a: Cinderace
|-damage|p1a: Cinderace|75/100
|
|upkeep
|turn|28
|
|t:|1743908728
|switch|p2a: Zapdos|Zapdos|79/100
|move|p1a: Cinderace|Pyro Ball|p2a: Zapdos|[miss]
|-miss|p1a: Cinderace|p2a: Zapdos
|
|upkeep
|turn|29
|
|t:|1743908738
|move|p1a: Cinderace|Pyro Ball|p2a: Zapdos
|-damage|p2a: Zapdos|46/100
|move|p2a: Zapdos|Discharge|p1a: Cinderace
|-damage|p1a: Cinderace|37/100
|
|upkeep
|turn|30
|
|t:|1743908745
|move|p1a: Cinderace|Pyro Ball|p2a: Zapdos
|-damage|p2a: Zapdos|12/100
|move|p2a: Zapdos|Roost|p2a: Zapdos
|-heal|p2a: Zapdos|62/100
|-singleturn|p2a: Zapdos|move: Roost
|
|upkeep
|turn|31
|
|t:|1743908753
|move|p1a: Cinderace|Pyro Ball|p2a: Zapdos|[miss]
|-miss|p1a: Cinderace|p2a: Zapdos
|move|p2a: Zapdos|Roost|p2a: Zapdos
|-heal|p2a: Zapdos|100/100
|-singleturn|p2a: Zapdos|move: Roost
|
|upkeep
|turn|32
|c|☆ikthoizzykil|mb
|
|t:|1743908763
|move|p1a: Cinderace|Pyro Ball|p2a: Zapdos
|-damage|p2a: Zapdos|68/100
|move|p2a: Zapdos|Discharge|p1a: Cinderace
|-damage|p1a: Cinderace|0 fnt
|faint|p1a: Cinderace
|
|upkeep
|
|t:|1743908777
|switch|p1a: Slowking|Slowking-Galar, F|100/100
|turn|33
|
|t:|1743908787
|move|p2a: Zapdos|U-turn|p1a: Slowking
|-damage|p1a: Slowking|88/100
|
|t:|1743908792
|switch|p2a: Metagross|Metagross|61/100|[from] U-turn
|move|p1a: Slowking|Thunder Wave|p2a: Metagross
|-status|p2a: Metagross|par
|
|upkeep
|turn|34
|
|t:|1743908802
|switch|p1a: Corviknight|Corviknight, M|12/100 par
|-ability|p1a: Corviknight|Pressure
|move|p2a: Metagross|Meteor Mash|p1a: Corviknight
|-resisted|p1a: Corviknight
|-damage|p1a: Corviknight|0 fnt
|faint|p1a: Corviknight
|
|upkeep
|
|t:|1743908816
|switch|p1a: Slowking|Slowking-Galar, F|100/100
|turn|35
|
|t:|1743908820
|move|p2a: Metagross|Psychic Fangs|p1a: Slowking
|-damage|p1a: Slowking|57/100
|move|p1a: Slowking|Future Sight|p2a: Metagross
|-start|p1a: Slowking|move: Future Sight
|
|upkeep
|turn|36
|
|t:|1743908826
|cant|p2a: Metagross|par
|-prepare|p1a: Slowking|Chilly Reception|[premajor]
|move|p1a: Slowking|Chilly Reception|p1a: Slowking
|-weather|Snowscape
|
|t:|1743908831
|switch|p1a: Enamorus|Enamorus, F, tera:Stellar|100/100|[from] Chilly Reception
|
|-weather|Snowscape|[upkeep]
|upkeep
|turn|37
|
|t:|1743908838
|move|p2a: Metagross|Bullet Punch|p1a: Enamorus
|-supereffective|p1a: Enamorus
|-damage|p1a: Enamorus|34/100
|move|p1a: Enamorus|Earth Power|p2a: Metagross
|-supereffective|p2a: Metagross
|-damage|p2a: Metagross|21/100 par
|
|-weather|Snowscape|[upkeep]
|-end|p2a: Metagross|move: Future Sight
|-resisted|p2a: Metagross
|-damage|p2a: Metagross|14/100 par
|upkeep
|turn|38
|-message|RandomWitch forfeited.
|
|win|ikthoizzykil
|raw|RandomWitch's rating: 1416 &rarr; <strong>1398</strong><br />(-18 for losing)
|raw|ikthoizzykil's rating: 1447 &rarr; <strong>1465</strong><br />(+18 for winning)
|l|☆RandomWitch
|player|p1|
