|j|☆juicelightning
|j|☆jyvon12811
|t:|1743797892
|gametype|singles
|player|p1|juicelightning|benga|1470
|player|p2|jyvon12811|2|1476
|teamsize|p1|6
|teamsize|p2|6
|gen|9
|tier|[Gen 9] OU
|rated|
|rule|HP Percentage Mod: HP is shown in percentages
|rule|Endless Battle Clause: Forcing endless battles is banned
|rule|Species Clause: Limit one of each Pokémon
|rule|OHKO Clause: OHKO moves are banned
|rule|Evasion Items Clause: Evasion items are banned
|rule|Evasion Moves Clause: Evasion moves are banned
|rule|Sleep Moves Clause: Sleep-inducing moves are banned
|clearpoke
|poke|p1|Cinderace, F|
|poke|p1|Ogerpon, F|
|poke|p1|Milotic, M|
|poke|p1|Ribombee, F|
|poke|p1|Kingambit, M|
|poke|p1|Malamar, M|
|poke|p2|Ting-Lu|
|poke|p2|Samurott-Hisui, F|
|poke|p2|Pecharunt|
|poke|p2|Gholdengo|
|poke|p2|Great Tusk|
|poke|p2|Dragonite, M|
|teampreview
|inactive|Battle timer is ON: inactive players will automatically lose when time's up. (requested by jyvon12811)
|inactive|juicelightning also wants the timer to be on.
|inactive|jyvon12811 has 120 seconds left.
|
|t:|1743797923
|start
|switch|p1a: Ribombee|Ribombee, F|100/100
|switch|p2a: Pecharunt|Pecharunt|100/100
|turn|1
|
|t:|1743797930
|move|p1a: Ribombee|Sticky Web|p2a: Pecharunt
|-sidestart|p2: jyvon12811|move: Sticky Web
|move|p2a: Pecharunt|Malignant Chain|p1a: Ribombee
|-supereffective|p1a: Ribombee
|-damage|p1a: Ribombee|2/100
|
|upkeep
|turn|2
|
|t:|1743797941
|switch|p2a: Ting-Lu|Ting-Lu|100/100
|-activate|p2a: Ting-Lu|move: Sticky Web
|-unboost|p2a: Ting-Lu|spe|1
|-ability|p2a: Ting-Lu|Vessel of Ruin
|move|p1a: Ribombee|Psychic|p2a: Ting-Lu
|-immune|p2a: Ting-Lu
|
|upkeep
|turn|3
|
|t:|1743797969
|move|p1a: Ribombee|Moonblast|p2a: Ting-Lu
|-supereffective|p2a: Ting-Lu
|-damage|p2a: Ting-Lu|65/100
|move|p2a: Ting-Lu|Earthquake|p1a: Ribombee
|-resisted|p1a: Ribombee
|-damage|p1a: Ribombee|0 fnt
|faint|p1a: Ribombee
|
|-heal|p2a: Ting-Lu|71/100|[from] item: Leftovers
|upkeep
|
|t:|1743797974
|switch|p1a: Ogerpon|Ogerpon, F|100/100
|turn|4
|
|t:|1743797984
|switch|p2a: Pecharunt|Pecharunt|100/100
|move|p1a: Ogerpon|Trailblaze|p2a: Pecharunt
|-resisted|p2a: Pecharunt
|-damage|p2a: Pecharunt|93/100
|-boost|p1a: Ogerpon|spe|1
|
|upkeep
|turn|5
|
|t:|1743797994
|move|p1a: Ogerpon|Knock Off|p2a: Pecharunt
|-supereffective|p2a: Pecharunt
|-damage|p2a: Pecharunt|49/100
|-enditem|p2a: Pecharunt|Heavy-Duty Boots|[from] move: Knock Off|[of] p1a: Ogerpon
|move|p2a: Pecharunt|Malignant Chain|p1a: Ogerpon
|-supereffective|p1a: Ogerpon
|-damage|p1a: Ogerpon|39/100
|-status|p1a: Ogerpon|tox
|-start|p1a: Ogerpon|confusion|[from] ability: Poison Puppeteer|[of] p2a: Pecharunt
|-enditem|p1a: Ogerpon|Weakness Policy
|-boost|p1a: Ogerpon|atk|2|[from] item: Weakness Policy
|-boost|p1a: Ogerpon|spa|2|[from] item: Weakness Policy
|
|-damage|p1a: Ogerpon|33/100 tox|[from] psn
|upkeep
|turn|6
|
|t:|1743798017
|switch|p2a: Samurott|Samurott-Hisui, F|100/100
|-activate|p1a: Ogerpon|confusion
|-damage|p1a: Ogerpon|0 fnt|[from] confusion
|faint|p1a: Ogerpon
|
|upkeep
|
|t:|1743798023
|switch|p1a: Cinderace|Cinderace, F|100/100
|turn|7
|
|t:|1743798039
|move|p1a: Cinderace|Court Change|p1a: Cinderace
|-start|p1a: Cinderace|typechange|Normal|[from] ability: Libero
|-swapsideconditions
|-activate|p1a: Cinderace|move: Court Change
|move|p2a: Samurott|Ceaseless Edge|p1a: Cinderace
|-damage|p1a: Cinderace|47/100
|-sidestart|p1: juicelightning|Spikes
|
|upkeep
|turn|8
|
|t:|1743798050
|move|p1a: Cinderace|High Jump Kick|p2a: Samurott
|-supereffective|p2a: Samurott
|-damage|p2a: Samurott|9/100
|move|p2a: Samurott|Sacred Sword|p1a: Cinderace
|-supereffective|p1a: Cinderace
|-damage|p1a: Cinderace|0 fnt
|faint|p1a: Cinderace
|
|upkeep
|
|t:|1743798056
|switch|p1a: Malamar|Malamar, M|100/100
|-activate|p1a: Malamar|move: Sticky Web
|-boost|p1a: Malamar|spe|1
|-damage|p1a: Malamar|88/100|[from] Spikes
|turn|9
|
|t:|1743798069
|switch|p2a: Gholdengo|Gholdengo|100/100
|-item|p2a: Gholdengo|Air Balloon
|move|p1a: Malamar|Superpower|p2a: Gholdengo
|-immune|p2a: Gholdengo
|
|upkeep
|turn|10
|
|t:|1743798081
|move|p1a: Malamar|Knock Off|p2a: Gholdengo
|-supereffective|p2a: Gholdengo
|-damage|p2a: Gholdengo|44/100
|-enditem|p2a: Gholdengo|Air Balloon
|move|p2a: Gholdengo|Thunder Wave|p1a: Malamar
|-status|p1a: Malamar|par
|
|upkeep
|turn|11
|
|t:|1743798090
|move|p2a: Gholdengo|Recover|p2a: Gholdengo
|-heal|p2a: Gholdengo|94/100
|move|p1a: Malamar|Knock Off|p2a: Gholdengo
|-supereffective|p2a: Gholdengo
|-damage|p2a: Gholdengo|59/100
|
|upkeep
|turn|12
|
|t:|1743798099
|switch|p1a: Kingambit|Kingambit, M|100/100
|-activate|p1a: Kingambit|move: Sticky Web
|-unboost|p1a: Kingambit|spe|1
|-ability|p1a: Kingambit|Defiant|boost
|-boost|p1a: Kingambit|atk|2
|-damage|p1a: Kingambit|88/100|[from] Spikes
|move|p2a: Gholdengo|Thunder Wave|p1a: Kingambit|[miss]
|-miss|p2a: Gholdengo|p1a: Kingambit
|
|upkeep
|turn|13
|
|t:|1743798126
|switch|p2a: Great Tusk|Great Tusk|100/100
|move|p1a: Kingambit|Kowtow Cleave|p2a: Great Tusk
|-resisted|p2a: Great Tusk
|-damage|p2a: Great Tusk|67/100
|-damage|p1a: Kingambit|72/100|[from] item: Rocky Helmet|[of] p2a: Great Tusk
|
|upkeep
|turn|14
|
|t:|1743798142
|-terastallize|p1a: Kingambit|Flying
|move|p2a: Great Tusk|Ice Spinner|p1a: Kingambit
|-supereffective|p1a: Kingambit
|-damage|p1a: Kingambit|33/100
|move|p1a: Kingambit|Iron Head|p2a: Great Tusk
|-damage|p2a: Great Tusk|4/100
|-damage|p1a: Kingambit|16/100|[from] item: Rocky Helmet|[of] p2a: Great Tusk
|
|upkeep
|turn|15
|
|t:|1743798156
|move|p1a: Kingambit|Sucker Punch|p2a: Great Tusk
|-resisted|p2a: Great Tusk
|-damage|p2a: Great Tusk|0 fnt
|-damage|p1a: Kingambit|0 fnt|[from] item: Rocky Helmet|[of] p2a: Great Tusk
|faint|p2a: Great Tusk
|-end|p2a: Great Tusk|Protosynthesis|[silent]
|faint|p1a: Kingambit
|
|upkeep
|
|t:|1743798175
|switch|p2a: Pecharunt|Pecharunt|49/100
|switch|p1a: Milotic|Milotic, M|100/100
|-activate|p1a: Milotic|move: Sticky Web
|-unboost|p1a: Milotic|spe|1
|-ability|p1a: Milotic|Competitive|boost
|-boost|p1a: Milotic|spa|2
|-damage|p1a: Milotic|88/100|[from] Spikes
|turn|16
|inactive|juicelightning has 120 seconds left.
|
|t:|1743798229
|move|p2a: Pecharunt|Malignant Chain|p1a: Milotic
|-damage|p1a: Milotic|68/100
|move|p1a: Milotic|Coil|p1a: Milotic
|-boost|p1a: Milotic|atk|1
|-boost|p1a: Milotic|def|1
|-boost|p1a: Milotic|accuracy|1
|
|-heal|p1a: Milotic|74/100|[from] item: Leftovers
|upkeep
|turn|17
|
|t:|1743798239
|move|p2a: Pecharunt|Malignant Chain|p1a: Milotic
|-damage|p1a: Milotic|55/100
|-status|p1a: Milotic|tox
|-start|p1a: Milotic|confusion|[from] ability: Poison Puppeteer|[of] p2a: Pecharunt
|-activate|p1a: Milotic|confusion
|-damage|p1a: Milotic|50/100 tox|[from] confusion
|
|-heal|p1a: Milotic|56/100 tox|[from] item: Leftovers
|-damage|p1a: Milotic|50/100 tox|[from] psn
|upkeep
|turn|18
|
|t:|1743798255
|move|p2a: Pecharunt|Recover|p2a: Pecharunt
|-heal|p2a: Pecharunt|99/100
|-activate|p1a: Milotic|confusion
|-damage|p1a: Milotic|45/100 tox|[from] confusion
|
|-heal|p1a: Milotic|51/100 tox|[from] item: Leftovers
|-damage|p1a: Milotic|39/100 tox|[from] psn
|upkeep
|turn|19
|
|t:|1743798279
|switch|p2a: Gholdengo|Gholdengo|59/100
|-end|p1a: Milotic|confusion
|move|p1a: Milotic|Recover|p1a: Milotic
|-heal|p1a: Milotic|89/100 tox
|
|-heal|p1a: Milotic|95/100 tox|[from] item: Leftovers
|-damage|p1a: Milotic|77/100 tox|[from] psn
|upkeep
|turn|20
|
|t:|1743798289
|move|p2a: Gholdengo|Hex|p1a: Milotic
|-damage|p1a: Milotic|41/100 tox
|move|p1a: Milotic|Hydro Pump|p2a: Gholdengo
|-damage|p2a: Gholdengo|0 fnt
|faint|p2a: Gholdengo
|
|-heal|p1a: Milotic|47/100 tox|[from] item: Leftovers
|-damage|p1a: Milotic|23/100 tox|[from] psn
|upkeep
|inactive|jyvon12811 has 120 seconds left.
|
|t:|1743798304
|switch|p2a: Dragonite|Dragonite, M|100/100
|turn|21
|
|t:|1743798313
|-terastallize|p2a: Dragonite|Normal
|move|p2a: Dragonite|Extreme Speed|p1a: Milotic
|-damage|p1a: Milotic|0 fnt
|faint|p1a: Milotic
|
|upkeep
|
|t:|1743798317
|switch|p1a: Malamar|Malamar, M|88/100 par
|-activate|p1a: Malamar|move: Sticky Web
|-boost|p1a: Malamar|spe|1
|-damage|p1a: Malamar|76/100 par|[from] Spikes
|turn|22
|
|t:|1743798337
|move|p2a: Dragonite|Extreme Speed|p1a: Malamar
|-damage|p1a: Malamar|17/100 par
|move|p1a: Malamar|Superpower|p2a: Dragonite
|-supereffective|p2a: Dragonite
|-damage|p2a: Dragonite|71/100
|-boost|p1a: Malamar|atk|1
|-boost|p1a: Malamar|def|1
|
|upkeep
|turn|23
|
|t:|1743798349
|move|p2a: Dragonite|Extreme Speed|p1a: Malamar
|-crit|p1a: Malamar
|-damage|p1a: Malamar|0 fnt
|faint|p1a: Malamar
|
|win|jyvon12811
|raw|juicelightning's rating: 1470 &rarr; <strong>1450</strong><br />(-20 for losing)
|raw|jyvon12811's rating: 1476 &rarr; <strong>1496</strong><br />(+20 for winning)
|l|☆juicelightning
|player|p1|
|l|☆jyvon12811
|player|p2|
