|j|☆RenegadeArtUtube
|j|☆armpit fan!
|t:|1743800936
|gametype|singles
|player|p1|RenegadeArtUtube|gambler|1577
|player|p2|armpit fan!|lady-gen4|1520
|teamsize|p1|6
|teamsize|p2|6
|gen|9
|tier|[Gen 9] OU
|rated|
|rule|HP Percentage Mod: HP is shown in percentages
|rule|Endless Battle Clause: Forcing endless battles is banned
|rule|Species Clause: Limit one of each Pokémon
|rule|OHKO Clause: OHKO moves are banned
|rule|Evasion Items Clause: Evasion items are banned
|rule|Evasion Moves Clause: Evasion moves are banned
|rule|Sleep Moves Clause: Sleep-inducing moves are banned
|clearpoke
|poke|p1|Blaziken, M|
|poke|p1|Ninetales-Alola, F|
|poke|p1|Polteageist-Antique|
|poke|p1|Hatterene, F|
|poke|p1|Raging Bolt|
|poke|p1|Landorus-Therian, M|
|poke|p2|Hydrapple, F|
|poke|p2|Corviknight, F|
|poke|p2|Jirachi|
|poke|p2|Dragapult, F|
|poke|p2|Cinderace, F|
|poke|p2|Slowking-Galar, M|
|teampreview
|inactive|Battle timer is ON: inactive players will automatically lose when time's up. (requested by RenegadeArtUtube)
|
|t:|1743800959
|start
|switch|p1a: Raging Bolt|Raging Bolt|100/100
|switch|p2a: Jirachi|Jirachi|100/100
|-enditem|p1a: Raging Bolt|Booster Energy
|-activate|p1a: Raging Bolt|ability: Protosynthesis|[fromitem]
|-start|p1a: Raging Bolt|protosynthesisspa
|turn|1
|
|t:|1743800971
|move|p2a: Jirachi|Stealth Rock|p1a: Raging Bolt
|-sidestart|p1: RenegadeArtUtube|move: Stealth Rock
|move|p1a: Raging Bolt|Discharge|p2a: Jirachi
|-damage|p2a: Jirachi|46/100
|
|upkeep
|turn|2
|
|t:|1743800979
|move|p2a: Jirachi|Ice Punch|p1a: Raging Bolt
|-supereffective|p1a: Raging Bolt
|-damage|p1a: Raging Bolt|72/100
|-status|p1a: Raging Bolt|frz
|cant|p1a: Raging Bolt|frz
|
|upkeep
|turn|3
|c|☆RenegadeArtUtube|Omfg
|
|t:|1743800994
|move|p2a: Jirachi|Ice Punch|p1a: Raging Bolt
|-supereffective|p1a: Raging Bolt
|-damage|p1a: Raging Bolt|42/100 frz
|cant|p1a: Raging Bolt|frz
|
|upkeep
|turn|4
|c|☆armpit fan!|respect the strat
|
|t:|1743801000
|move|p2a: Jirachi|Ice Punch|p1a: Raging Bolt
|-supereffective|p1a: Raging Bolt
|-damage|p1a: Raging Bolt|13/100 frz
|cant|p1a: Raging Bolt|frz
|
|upkeep
|turn|5
|c|☆RenegadeArtUtube|I don’t have to respect the strat
|
|t:|1743801027
|move|p2a: Jirachi|Ice Punch|p1a: Raging Bolt
|-supereffective|p1a: Raging Bolt
|-damage|p1a: Raging Bolt|0 fnt
|faint|p1a: Raging Bolt
|-end|p1a: Raging Bolt|Protosynthesis|[silent]
|
|upkeep
|c|☆armpit fan!|👎
|inactive|RenegadeArtUtube has 120 seconds left.
|
|t:|1743801048
|switch|p1a: Blaziken|Blaziken, M, shiny|100/100
|-damage|p1a: Blaziken|88/100|[from] Stealth Rock
|turn|6
|
|t:|1743801069
|switch|p2a: Hydrapple|Hydrapple, F|100/100
|move|p1a: Blaziken|Knock Off|p2a: Hydrapple
|-damage|p2a: Hydrapple|78/100
|-enditem|p2a: Hydrapple|Heavy-Duty Boots|[from] move: Knock Off|[of] p1a: Blaziken
|
|-ability|p1a: Blaziken|Speed Boost|boost
|-boost|p1a: Blaziken|spe|1
|upkeep
|turn|7
|inactive|RenegadeArtUtube has 120 seconds left.
|
|t:|1743801084
|-terastallize|p1a: Blaziken|Ghost
|move|p1a: Blaziken|Swords Dance|p1a: Blaziken
|-boost|p1a: Blaziken|atk|2
|move|p2a: Hydrapple|Earth Power|p1a: Blaziken
|-damage|p1a: Blaziken|43/100
|
|-ability|p1a: Blaziken|Speed Boost|boost
|-boost|p1a: Blaziken|spe|1
|upkeep
|turn|8
|inactive|RenegadeArtUtube has 120 seconds left.
|
|t:|1743801098
|move|p1a: Blaziken|Blaze Kick|p2a: Hydrapple
|-crit|p2a: Hydrapple
|-damage|p2a: Hydrapple|0 fnt
|faint|p2a: Hydrapple
|
|-ability|p1a: Blaziken|Speed Boost|boost
|-boost|p1a: Blaziken|spe|1
|upkeep
|inactive|armpit fan! has 120 seconds left.
|
|t:|1743801127
|switch|p2a: Cinderace|Cinderace, F|100/100
|turn|9
|
|t:|1743801133
|move|p2a: Cinderace|Sucker Punch||[still]
|-fail|p2a: Cinderace
|move|p1a: Blaziken|Swords Dance|p1a: Blaziken
|-boost|p1a: Blaziken|atk|2
|
|-ability|p1a: Blaziken|Speed Boost|boost
|-boost|p1a: Blaziken|spe|1
|upkeep
|turn|10
|
|t:|1743801141
|move|p2a: Cinderace|Sucker Punch||[still]
|-fail|p2a: Cinderace
|move|p1a: Blaziken|Swords Dance|p1a: Blaziken
|-boost|p1a: Blaziken|atk|2
|
|-ability|p1a: Blaziken|Speed Boost|boost
|-boost|p1a: Blaziken|spe|1
|upkeep
|turn|11
|
|t:|1743801150
|switch|p1a: Landorus|Landorus-Therian, M|100/100
|-damage|p1a: Landorus|88/100|[from] Stealth Rock
|-ability|p1a: Landorus|Intimidate|boost
|-unboost|p2a: Cinderace|atk|1
|move|p2a: Cinderace|Sucker Punch||[still]
|-fail|p2a: Cinderace
|
|upkeep
|turn|12
|
|t:|1743801158
|move|p2a: Cinderace|Will-O-Wisp|p1a: Landorus
|-status|p1a: Landorus|brn
|move|p1a: Landorus|Stealth Rock|p2a: Cinderace
|-sidestart|p2: armpit fan!|move: Stealth Rock
|
|-damage|p1a: Landorus|82/100 brn|[from] brn
|upkeep
|turn|13
|
|t:|1743801167
|move|p2a: Cinderace|Pyro Ball|p1a: Landorus
|-damage|p1a: Landorus|38/100 brn
|move|p1a: Landorus|U-turn|p2a: Cinderace
|-resisted|p2a: Cinderace
|-damage|p2a: Cinderace|91/100
|
|t:|1743801177
|switch|p1a: Hatterene|Hatterene, F, shiny|100/100|[from] U-turn
|-damage|p1a: Hatterene|88/100|[from] Stealth Rock
|
|upkeep
|turn|14
|
|t:|1743801183
|move|p2a: Cinderace|Pyro Ball|p1a: Hatterene
|-damage|p1a: Hatterene|59/100
|move|p1a: Hatterene|Nuzzle|p2a: Cinderace
|-damage|p2a: Cinderace|85/100
|-status|p2a: Cinderace|par
|
|upkeep
|turn|15
|c|☆armpit fan!|nuzzle is cheap
|
|t:|1743801194
|switch|p2a: Jirachi|Jirachi|46/100
|move|p1a: Hatterene|Future Sight|p2a: Jirachi
|-start|p1a: Hatterene|move: Future Sight
|
|upkeep
|turn|16
|
|t:|1743801201
|switch|p1a: Landorus|Landorus-Therian, M|38/100 brn
|-damage|p1a: Landorus|26/100 brn|[from] Stealth Rock
|-ability|p1a: Landorus|Intimidate|boost
|-unboost|p2a: Jirachi|atk|1
|move|p2a: Jirachi|Iron Head|p1a: Landorus
|-damage|p1a: Landorus|4/100 brn
|-damage|p2a: Jirachi|30/100|[from] item: Rocky Helmet|[of] p1a: Landorus
|
|-damage|p1a: Landorus|0 fnt|[from] brn
|faint|p1a: Landorus
|upkeep
|
|t:|1743801222
|switch|p1a: Ninetales|Ninetales-Alola, F|100/100
|-damage|p1a: Ninetales|76/100|[from] Stealth Rock
|-weather|Snowscape|[from] ability: Snow Warning|[of] p1a: Ninetales
|turn|17
|
|t:|1743801229
|move|p1a: Ninetales|Aurora Veil|p1a: Ninetales
|-sidestart|p1: RenegadeArtUtube|move: Aurora Veil
|move|p2a: Jirachi|Thunder Wave|p1a: Ninetales
|-status|p1a: Ninetales|par
|
|-weather|Snowscape|[upkeep]
|-end|p2a: Jirachi|move: Future Sight
|-resisted|p2a: Jirachi
|-crit|p2a: Jirachi
|-damage|p2a: Jirachi|13/100
|upkeep
|turn|18
|
|t:|1743801244
|switch|p2a: Slowking|Slowking-Galar, M|100/100
|switch|p1a: Polteageist|Polteageist-Antique|100/100
|-damage|p1a: Polteageist|88/100|[from] Stealth Rock
|
|-weather|Snowscape|[upkeep]
|upkeep
|turn|19
|
|t:|1743801253
|move|p1a: Polteageist|Shell Smash|p1a: Polteageist
|-unboost|p1a: Polteageist|def|1
|-unboost|p1a: Polteageist|spd|1
|-boost|p1a: Polteageist|atk|2
|-boost|p1a: Polteageist|spa|2
|-boost|p1a: Polteageist|spe|2
|-enditem|p1a: Polteageist|White Herb
|-clearnegativeboost|p1a: Polteageist|[silent]
|move|p2a: Slowking|Psychic Noise|p1a: Polteageist
|-damage|p1a: Polteageist|72/100
|-start|p1a: Polteageist|move: Heal Block
|
|-weather|Snowscape|[upkeep]
|upkeep
|turn|20
|
|t:|1743801270
|move|p1a: Polteageist|Shadow Ball|p2a: Slowking
|-supereffective|p2a: Slowking
|-damage|p2a: Slowking|0 fnt
|faint|p2a: Slowking
|
|-weather|Snowscape|[upkeep]
|-end|p1a: Polteageist|move: Heal Block
|upkeep
|
|t:|1743801278
|switch|p2a: Cinderace|Cinderace, F|85/100 par
|turn|21
|
|t:|1743801283
|cant|p2a: Cinderace|par
|move|p1a: Polteageist|Shadow Ball|p2a: Cinderace
|-damage|p2a: Cinderace|0 fnt
|faint|p2a: Cinderace
|
|-weather|none
|upkeep
|
|t:|1743801290
|switch|p2a: Corviknight|Corviknight, F|100/100
|-damage|p2a: Corviknight|88/100|[from] Stealth Rock
|-ability|p2a: Corviknight|Pressure
|turn|22
|
|t:|1743801297
|move|p1a: Polteageist|Shadow Ball|p2a: Corviknight
|-damage|p2a: Corviknight|1/100
|move|p2a: Corviknight|Roost|p2a: Corviknight
|-heal|p2a: Corviknight|51/100
|-singleturn|p2a: Corviknight|move: Roost
|
|upkeep
|turn|23
|c|☆armpit fan!|gg
|-message|armpit fan! forfeited.
|
|win|RenegadeArtUtube
|raw|RenegadeArtUtube's rating: 1577 &rarr; <strong>1594</strong><br />(+17 for winning)
|raw|armpit fan!'s rating: 1520 &rarr; <strong>1503</strong><br />(-17 for losing)
|l|☆armpit fan!
|player|p2|
|c|☆RenegadeArtUtube|GG
