|j|☆PinkPanther080129
|j|☆LordFueg
|t:|1743812264
|gametype|singles
|player|p1|PinkPanther080129|palmer|1604
|player|p2|LordFueg|265|1625
|teamsize|p1|6
|teamsize|p2|6
|gen|9
|tier|[Gen 9] OU
|rated|
|rule|HP Percentage Mod: HP is shown in percentages
|rule|Endless Battle Clause: Forcing endless battles is banned
|rule|Species Clause: Limit one of each Pokémon
|rule|OHKO Clause: OHKO moves are banned
|rule|Evasion Items Clause: Evasion items are banned
|rule|Evasion Moves Clause: Evasion moves are banned
|rule|Sleep Moves Clause: Sleep-inducing moves are banned
|clearpoke
|poke|p1|Slowking-Galar, F|
|poke|p1|Corviknight, M|
|poke|p1|Ting-Lu|
|poke|p1|Iron Valiant|
|poke|p1|Dragapult, M|
|poke|p1|Kingambit, M|
|poke|p2|Indeedee, M|
|poke|p2|Hatterene, F|
|poke|p2|Maushold|
|poke|p2|Armarouge, M|
|poke|p2|Polteageist|
|poke|p2|Hawlucha, F|
|teampreview
|inactive|Battle timer is ON: inactive players will automatically lose when time's up. (requested by LordFueg)
|inactive|PinkPanther080129 also wants the timer to be on.
|
|t:|1743812279
|start
|switch|p1a: Corviknight|Corviknight, M, shiny|100/100
|switch|p2a: Indeedee|Indeedee, M|100/100
|-fieldstart|move: Psychic Terrain|[from] ability: Psychic Surge|[of] p2a: Indeedee
|-ability|p1a: Corviknight|Pressure
|turn|1
|
|t:|1743812291
|switch|p2a: Hatterene|Hatterene, F|100/100
|move|p1a: Corviknight|Defog|p2a: Hatterene
|move|p2a: Hatterene|Defog|p1a: Corviknight|[from] ability: Magic Bounce
|-unboost|p1a: Corviknight|evasion|1
|-fieldend|move: Psychic Terrain
|
|upkeep
|turn|2
|
|t:|1743812298
|move|p1a: Corviknight|U-turn|p2a: Hatterene
|-damage|p2a: Hatterene|89/100
|-enditem|p2a: Hatterene|Eject Button
|
|t:|1743812306
|switch|p2a: Indeedee|Indeedee, M|100/100
|-fieldstart|move: Psychic Terrain|[from] ability: Psychic Surge|[of] p2a: Indeedee
|
|upkeep
|turn|3
|
|t:|1743812314
|switch|p2a: Hatterene|Hatterene, F|89/100
|move|p1a: Corviknight|Defog|p2a: Hatterene
|move|p2a: Hatterene|Defog|p1a: Corviknight|[from] ability: Magic Bounce
|-unboost|p1a: Corviknight|evasion|1
|-fieldend|move: Psychic Terrain
|
|upkeep
|turn|4
|
|t:|1743812323
|move|p1a: Corviknight|U-turn|p2a: Hatterene
|-damage|p2a: Hatterene|77/100
|
|t:|1743812341
|switch|p1a: Ting-Lu|Ting-Lu|100/100|[from] U-turn
|-ability|p1a: Ting-Lu|Vessel of Ruin
|move|p2a: Hatterene|Nuzzle|p1a: Ting-Lu
|-immune|p1a: Ting-Lu
|
|upkeep
|turn|5
|
|t:|1743812350
|move|p1a: Ting-Lu|Stealth Rock|p2a: Hatterene
|move|p2a: Hatterene|Stealth Rock|p1a: Ting-Lu|[from] ability: Magic Bounce
|-sidestart|p1: PinkPanther080129|move: Stealth Rock
|move|p2a: Hatterene|Calm Mind|p2a: Hatterene
|-boost|p2a: Hatterene|spa|1
|-boost|p2a: Hatterene|spd|1
|
|upkeep
|turn|6
|
|t:|1743812356
|move|p1a: Ting-Lu|Ruination|p2a: Hatterene
|-damage|p2a: Hatterene|39/100
|move|p2a: Hatterene|Draining Kiss|p1a: Ting-Lu
|-supereffective|p1a: Ting-Lu
|-damage|p1a: Ting-Lu|74/100
|-heal|p2a: Hatterene|71/100|[from] drain|[of] p1a: Ting-Lu
|
|-heal|p1a: Ting-Lu|81/100|[from] item: Leftovers
|upkeep
|turn|7
|
|t:|1743812368
|switch|p1a: Slowking|Slowking-Galar, F|100/100
|move|p2a: Hatterene|Nuzzle|p1a: Slowking
|-damage|p1a: Slowking|96/100
|-status|p1a: Slowking|par
|
|upkeep
|turn|8
|
|t:|1743812381
|move|p2a: Hatterene|Psyshock|p1a: Slowking
|-damage|p1a: Slowking|45/100 par
|move|p1a: Slowking|Sludge Bomb|p2a: Hatterene
|-supereffective|p2a: Hatterene
|-crit|p2a: Hatterene
|-damage|p2a: Hatterene|0 fnt
|faint|p2a: Hatterene
|
|upkeep
|c|☆PinkPanther080129|mb bro
|
|t:|1743812396
|switch|p2a: Indeedee|Indeedee, M|100/100
|-fieldstart|move: Psychic Terrain|[from] ability: Psychic Surge|[of] p2a: Indeedee
|turn|9
|
|t:|1743812406
|switch|p2a: Armarouge|Armarouge, M|100/100
|move|p1a: Slowking|Thunder Wave|p2a: Armarouge
|-status|p2a: Armarouge|par
|
|upkeep
|turn|10
|j| Deadbyflinch
|
|t:|1743812420
|cant|p2a: Armarouge|par
|-prepare|p1a: Slowking|Chilly Reception|[premajor]
|move|p1a: Slowking|Chilly Reception|p1a: Slowking
|-weather|Snowscape
|c|☆PinkPanther080129|im so sorry
|
|t:|1743812439
|switch|p1a: Ting-Lu|Ting-Lu|81/100|[from] Chilly Reception
|-damage|p1a: Ting-Lu|74/100|[from] Stealth Rock
|-ability|p1a: Ting-Lu|Vessel of Ruin
|
|-weather|Snowscape|[upkeep]
|-heal|p1a: Ting-Lu|81/100|[from] item: Leftovers
|upkeep
|turn|11
|
|t:|1743812451
|move|p1a: Ting-Lu|Ruination|p2a: Armarouge
|-damage|p2a: Armarouge|51/100 par
|cant|p2a: Armarouge|par
|
|-weather|Snowscape|[upkeep]
|-heal|p1a: Ting-Lu|87/100|[from] item: Leftovers
|upkeep
|turn|12
|inactive|LordFueg has 120 seconds left.
|
|t:|1743812482
|move|p1a: Ting-Lu|Earthquake|p2a: Armarouge
|-supereffective|p2a: Armarouge
|-damage|p2a: Armarouge|0 fnt
|faint|p2a: Armarouge
|
|-weather|Snowscape|[upkeep]
|-heal|p1a: Ting-Lu|93/100|[from] item: Leftovers
|upkeep
|inactive|LordFueg has 120 seconds left.
|
|t:|1743812499
|switch|p2a: Hawlucha|Hawlucha, F|100/100
|-enditem|p2a: Hawlucha|Psychic Seed
|-boost|p2a: Hawlucha|spd|1|[from] item: Psychic Seed
|turn|13
|
|t:|1743812505
|move|p2a: Hawlucha|Swords Dance|p2a: Hawlucha
|-boost|p2a: Hawlucha|atk|2
|move|p1a: Ting-Lu|Whirlwind|p2a: Hawlucha
|drag|p2a: Maushold|Maushold|100/100
|
|-weather|Snowscape|[upkeep]
|-heal|p1a: Ting-Lu|99/100|[from] item: Leftovers
|upkeep
|turn|14
|inactive|LordFueg has 120 seconds left.
|
|t:|1743812520
|move|p2a: Maushold|Tidy Up|p2a: Maushold
|-sideend|p1: PinkPanther080129|Stealth Rock
|-activate|p2a: Maushold|move: Tidy Up
|-boost|p2a: Maushold|atk|1
|-boost|p2a: Maushold|spe|1
|move|p1a: Ting-Lu|Earthquake|p2a: Maushold
|-damage|p2a: Maushold|45/100
|
|-weather|none
|-heal|p1a: Ting-Lu|100/100|[from] item: Leftovers
|upkeep
|turn|15
|
|t:|1743812526
|switch|p1a: Corviknight|Corviknight, M, shiny|100/100
|-ability|p1a: Corviknight|Pressure
|move|p2a: Maushold|Population Bomb|p1a: Corviknight
|-resisted|p1a: Corviknight
|-damage|p1a: Corviknight|96/100
|-damage|p2a: Maushold|29/100|[from] item: Rocky Helmet|[of] p1a: Corviknight
|-resisted|p1a: Corviknight
|-damage|p1a: Corviknight|91/100
|-damage|p2a: Maushold|12/100|[from] item: Rocky Helmet|[of] p1a: Corviknight
|-resisted|p1a: Corviknight
|-damage|p1a: Corviknight|87/100
|-damage|p2a: Maushold|0 fnt|[from] item: Rocky Helmet|[of] p1a: Corviknight
|faint|p2a: Maushold
|-hitcount|p1a: Corviknight|3
|
|upkeep
|
|t:|1743812532
|switch|p2a: Hawlucha|Hawlucha, F|100/100
|turn|16
|
|t:|1743812535
|move|p2a: Hawlucha|Swords Dance|p2a: Hawlucha
|-boost|p2a: Hawlucha|atk|2
|move|p1a: Corviknight|Brave Bird|p2a: Hawlucha
|-supereffective|p2a: Hawlucha
|-damage|p2a: Hawlucha|0 fnt
|faint|p2a: Hawlucha
|-damage|p1a: Corviknight|62/100|[from] Recoil
|
|-fieldend|move: Psychic Terrain
|upkeep
|
|t:|1743812540
|switch|p2a: Indeedee|Indeedee, M|100/100
|-fieldstart|move: Psychic Terrain|[from] ability: Psychic Surge|[of] p2a: Indeedee
|turn|17
|
|t:|1743812543
|move|p2a: Indeedee|Healing Wish|p2a: Indeedee
|faint|p2a: Indeedee
|move|p1a: Corviknight|Defog|p2: Indeedee|[notarget]
|-fail|p1a: Corviknight
|
|upkeep
|
|t:|1743812547
|switch|p2a: Polteageist|Polteageist|100/100
|turn|18
|
|t:|1743812554
|move|p2a: Polteageist|Shell Smash|p2a: Polteageist
|-unboost|p2a: Polteageist|def|1
|-unboost|p2a: Polteageist|spd|1
|-boost|p2a: Polteageist|atk|2
|-boost|p2a: Polteageist|spa|2
|-boost|p2a: Polteageist|spe|2
|move|p1a: Corviknight|Defog|p2a: Polteageist
|-unboost|p2a: Polteageist|evasion|1
|-fieldend|move: Psychic Terrain
|
|upkeep
|turn|19
|
|t:|1743812562
|move|p2a: Polteageist|Shadow Ball|p1a: Corviknight
|-damage|p1a: Corviknight|0 fnt
|faint|p1a: Corviknight
|
|upkeep
|
|t:|1743812573
|switch|p1a: Ting-Lu|Ting-Lu|100/100
|-ability|p1a: Ting-Lu|Vessel of Ruin
|turn|20
|c|☆PinkPanther080129|gg
|
|t:|1743812595
|-terastallize|p2a: Polteageist|Fighting
|move|p2a: Polteageist|Tera Blast|p1a: Ting-Lu|[anim] Tera Blast Fighting
|-supereffective|p1a: Ting-Lu
|-damage|p1a: Ting-Lu|21/100
|move|p1a: Ting-Lu|Earthquake|p2a: Polteageist
|-enditem|p2a: Polteageist|Focus Sash
|-damage|p2a: Polteageist|1/100
|-ability|p2a: Polteageist|Weak Armor|boost
|-unboost|p2a: Polteageist|def|1
|-boost|p2a: Polteageist|spe|2
|
|-heal|p1a: Ting-Lu|27/100|[from] item: Leftovers
|upkeep
|turn|21
|
|t:|1743812608
|move|p2a: Polteageist|Shadow Ball|p1a: Ting-Lu
|-resisted|p1a: Ting-Lu
|-damage|p1a: Ting-Lu|8/100
|move|p1a: Ting-Lu|Earthquake|p2a: Polteageist
|-damage|p2a: Polteageist|0 fnt
|faint|p2a: Polteageist
|
|win|PinkPanther080129
|raw|PinkPanther080129's rating: 1604 &rarr; <strong>1625</strong><br />(+21 for winning)
|raw|LordFueg's rating: 1625 &rarr; <strong>1604</strong><br />(-21 for losing)
|l|☆LordFueg
|player|p2|
|l|☆PinkPanther080129
|player|p1|
