|j|☆alanfournumbers
|j|☆armpit fan!
|t:|1743795277
|gametype|singles
|player|p1|alanfournumbers|102|1593
|player|p2|armpit fan!|lady-gen4|1528
|teamsize|p1|6
|teamsize|p2|6
|gen|9
|tier|[Gen 9] OU
|rated|
|rule|HP Percentage Mod: HP is shown in percentages
|rule|Endless Battle Clause: Forcing endless battles is banned
|rule|Species Clause: Limit one of each Pokémon
|rule|OHKO Clause: OHKO moves are banned
|rule|Evasion Items Clause: Evasion items are banned
|rule|Evasion Moves Clause: Evasion moves are banned
|rule|Sleep Moves Clause: Sleep-inducing moves are banned
|clearpoke
|poke|p1|Latios, M|
|poke|p1|Magnezone|
|poke|p1|Samurott-Hisui, F|
|poke|p1|Slowking-Galar, M|
|poke|p1|Maushold-Four|
|poke|p1|Lokix, F|
|poke|p2|Hydrapple, M|
|poke|p2|Corviknight, M|
|poke|p2|Jirachi|
|poke|p2|Dragapult, M|
|poke|p2|Cinderace, F|
|poke|p2|Slowking-Galar, M|
|teampreview
|inactive|Battle timer is ON: inactive players will automatically lose when time's up. (requested by armpit fan!)
|inactive|armpit fan! has 120 seconds left.
|
|t:|1743795314
|start
|switch|p1a: Samurott|Samurott-Hisui, F|100/100
|switch|p2a: Cinderace|Cinderace, F|100/100
|turn|1
|
|t:|1743795324
|move|p1a: Samurott|Razor Shell|p2a: Cinderace
|-supereffective|p2a: Cinderace
|-damage|p2a: Cinderace|0 fnt
|faint|p2a: Cinderace
|
|upkeep
|
|t:|1743795340
|switch|p2a: Dragapult|Dragapult, M|100/100
|turn|2
|
|t:|1743795347
|switch|p1a: Slowking|Slowking-Galar, M|100/100
|move|p2a: Dragapult|U-turn|p1a: Slowking
|-crit|p1a: Slowking
|-damage|p1a: Slowking|74/100
|
|t:|1743795360
|switch|p2a: Jirachi|Jirachi|100/100|[from] U-turn
|
|upkeep
|turn|3
|
|t:|1743795367
|move|p2a: Jirachi|Thunder Wave|p1a: Slowking
|-status|p1a: Slowking|par
|-prepare|p1a: Slowking|Chilly Reception|[premajor]
|move|p1a: Slowking|Chilly Reception|p1a: Slowking
|-weather|Snowscape
|
|t:|1743795375
|switch|p1a: Magnezone|Magnezone|100/100|[from] Chilly Reception
|
|-weather|Snowscape|[upkeep]
|upkeep
|turn|4
|
|t:|1743795386
|move|p2a: Jirachi|Stealth Rock|p1a: Magnezone
|-sidestart|p1: alanfournumbers|move: Stealth Rock
|move|p1a: Magnezone|Discharge|p2a: Jirachi
|-damage|p2a: Jirachi|62/100
|-status|p2a: Jirachi|par
|
|-weather|Snowscape|[upkeep]
|upkeep
|turn|5
|
|t:|1743795398
|move|p1a: Magnezone|Discharge|p2a: Jirachi
|-damage|p2a: Jirachi|22/100 par
|move|p2a: Jirachi|Ice Punch|p1a: Magnezone
|-resisted|p1a: Magnezone
|-damage|p1a: Magnezone|92/100
|
|-weather|Snowscape|[upkeep]
|upkeep
|turn|6
|
|t:|1743795410
|move|p1a: Magnezone|Discharge|p2a: Jirachi
|-damage|p2a: Jirachi|0 fnt
|faint|p2a: Jirachi
|
|-weather|Snowscape|[upkeep]
|upkeep
|
|t:|1743795423
|switch|p2a: Hydrapple|Hydrapple, M|100/100
|turn|7
|
|t:|1743795437
|switch|p1a: Slowking|Slowking-Galar, M|100/100 par
|move|p2a: Hydrapple|Earth Power|p1a: Slowking
|-supereffective|p1a: Slowking
|-damage|p1a: Slowking|59/100 par
|
|-weather|none
|upkeep
|turn|8
|
|t:|1743795450
|switch|p2a: Dragapult|Dragapult, M|100/100
|switch|p1a: Latios|Latios, M|100/100
|-damage|p1a: Latios|88/100|[from] Stealth Rock
|
|upkeep
|turn|9
|
|t:|1743795478
|switch|p1a: Magnezone|Magnezone|92/100
|-damage|p1a: Magnezone|86/100|[from] Stealth Rock
|move|p2a: Dragapult|Shadow Ball|p1a: Magnezone
|-damage|p1a: Magnezone|11/100
|-unboost|p1a: Magnezone|spd|1
|
|upkeep
|turn|10
|
|t:|1743795483
|switch|p1a: Samurott|Samurott-Hisui, F|100/100
|-damage|p1a: Samurott|88/100|[from] Stealth Rock
|move|p2a: Dragapult|Shadow Ball|p1a: Samurott
|-resisted|p1a: Samurott
|-damage|p1a: Samurott|48/100
|
|upkeep
|turn|11
|
|t:|1743795492
|switch|p2a: Corviknight|Corviknight, M|100/100
|-ability|p2a: Corviknight|Pressure
|move|p1a: Samurott|Ceaseless Edge|p2a: Corviknight
|-damage|p2a: Corviknight|72/100
|-damage|p1a: Samurott|31/100|[from] item: Rocky Helmet|[of] p2a: Corviknight
|-sidestart|p2: armpit fan!|Spikes
|
|upkeep
|turn|12
|
|t:|1743795511
|move|p1a: Samurott|Ceaseless Edge|p2a: Corviknight
|-damage|p2a: Corviknight|44/100
|-damage|p1a: Samurott|15/100|[from] item: Rocky Helmet|[of] p2a: Corviknight
|-sidestart|p2: armpit fan!|Spikes
|move|p2a: Corviknight|Roost|p2a: Corviknight
|-heal|p2a: Corviknight|94/100
|-singleturn|p2a: Corviknight|move: Roost
|
|upkeep
|turn|13
|
|t:|1743795525
|switch|p1a: Magnezone|Magnezone|11/100
|-damage|p1a: Magnezone|5/100|[from] Stealth Rock
|switch|p2a: Hydrapple|Hydrapple, M|100/100
|
|upkeep
|turn|14
|
|t:|1743795537
|move|p1a: Magnezone|Volt Switch|p2a: Hydrapple
|-resisted|p2a: Hydrapple
|-damage|p2a: Hydrapple|91/100
|
|t:|1743795550
|switch|p1a: Slowking|Slowking-Galar, M|92/100 par|[from] Volt Switch
|move|p2a: Hydrapple|Giga Drain|p1a: Slowking
|-resisted|p1a: Slowking
|-damage|p1a: Slowking|79/100 par
|-heal|p2a: Hydrapple|97/100|[from] drain|[of] p1a: Slowking
|
|upkeep
|turn|15
|
|t:|1743795558
|move|p2a: Hydrapple|Nasty Plot|p2a: Hydrapple
|-boost|p2a: Hydrapple|spa|2
|-prepare|p1a: Slowking|Chilly Reception|[premajor]
|move|p1a: Slowking|Chilly Reception|p1a: Slowking
|-weather|Snowscape
|
|t:|1743795567
|switch|p1a: Latios|Latios, M|88/100|[from] Chilly Reception
|-damage|p1a: Latios|76/100|[from] Stealth Rock
|
|-weather|Snowscape|[upkeep]
|upkeep
|turn|16
|
|t:|1743795573
|-terastallize|p2a: Hydrapple|Fairy
|move|p1a: Latios|Luster Purge|p2a: Hydrapple
|-damage|p2a: Hydrapple|30/100
|move|p2a: Hydrapple|Fickle Beam|p1a: Latios
|-supereffective|p1a: Latios
|-damage|p1a: Latios|0 fnt
|faint|p1a: Latios
|
|-weather|Snowscape|[upkeep]
|upkeep
|inactive|alanfournumbers has 120 seconds left.
|
|t:|1743795616
|switch|p1a: Lokix|Lokix, F|100/100
|-damage|p1a: Lokix|76/100|[from] Stealth Rock
|turn|17
|
|t:|1743795628
|switch|p2a: Slowking|Slowking-Galar, M|100/100
|move|p1a: Lokix|U-turn|p2a: Slowking
|-damage|p2a: Slowking|51/100
|
|t:|1743795652
|switch|p1a: Maushold|Maushold-Four|100/100|[from] U-turn
|-damage|p1a: Maushold|88/100|[from] Stealth Rock
|
|-weather|Snowscape|[upkeep]
|upkeep
|turn|18
|
|t:|1743795658
|switch|p2a: Corviknight|Corviknight, M|94/100
|-ability|p2a: Corviknight|Pressure
|move|p1a: Maushold|Tidy Up|p1a: Maushold
|-sideend|p1: alanfournumbers|Stealth Rock
|-sideend|p2: armpit fan!|Spikes
|-activate|p1a: Maushold|move: Tidy Up
|-boost|p1a: Maushold|atk|1
|-boost|p1a: Maushold|spe|1
|
|-weather|Snowscape|[upkeep]
|upkeep
|turn|19
|
|t:|1743795683
|switch|p1a: Slowking|Slowking-Galar, M|100/100 par
|move|p2a: Corviknight|Roost|p2a: Corviknight
|-heal|p2a: Corviknight|100/100
|-singleturn|p2a: Corviknight|move: Roost
|
|-weather|none
|upkeep
|turn|20
|
|t:|1743795699
|switch|p2a: Slowking|Slowking-Galar, M|85/100
|-prepare|p1a: Slowking|Chilly Reception|[premajor]
|cant|p1a: Slowking|par
|
|upkeep
|turn|21
|
|t:|1743795710
|move|p2a: Slowking|Psychic Noise|p1a: Slowking
|-damage|p1a: Slowking|85/100 par
|-start|p1a: Slowking|move: Heal Block
|move|p1a: Slowking|Future Sight|p2a: Slowking
|-start|p1a: Slowking|move: Future Sight
|
|upkeep
|turn|22
|
|t:|1743795723
|move|p2a: Slowking|Future Sight|p1a: Slowking
|-start|p2a: Slowking|move: Future Sight
|-prepare|p1a: Slowking|Chilly Reception|[premajor]
|move|p1a: Slowking|Chilly Reception|p1a: Slowking
|-weather|Snowscape
|
|t:|1743795739
|switch|p1a: Lokix|Lokix, F|76/100|[from] Chilly Reception
|
|-weather|Snowscape|[upkeep]
|upkeep
|turn|23
|
|t:|1743795753
|move|p1a: Lokix|U-turn|p2a: Slowking
|-crit|p2a: Slowking
|-damage|p2a: Slowking|7/100
|inactive|alanfournumbers has 90 seconds left.
|
|t:|1743795770
|switch|p1a: Slowking|Slowking-Galar, M|100/100 par|[from] U-turn
|-prepare|p2a: Slowking|Chilly Reception|[premajor]
|move|p2a: Slowking|Chilly Reception|p2a: Slowking
|
|t:|1743795795
|switch|p2a: Hydrapple|Hydrapple, M, tera:Fairy|63/100|[from] Chilly Reception
|
|-weather|Snowscape|[upkeep]
|-end|p2a: Hydrapple|move: Future Sight
|-damage|p2a: Hydrapple|21/100
|upkeep
|turn|24
|inactive|alanfournumbers has 90 seconds left.
|
|t:|1743795810
|switch|p2a: Slowking|Slowking-Galar, M|41/100
|move|p1a: Slowking|Sludge Bomb|p2a: Slowking
|-resisted|p2a: Slowking
|-damage|p2a: Slowking|31/100
|
|-weather|Snowscape|[upkeep]
|-end|p1a: Slowking|move: Future Sight
|-damage|p1a: Slowking|75/100 par
|upkeep
|turn|25
|inactive|alanfournumbers has 90 seconds left.
|
|t:|1743795820
|move|p2a: Slowking|Psychic Noise|p1a: Slowking
|-damage|p1a: Slowking|58/100 par
|-start|p1a: Slowking|move: Heal Block
|-prepare|p1a: Slowking|Chilly Reception|[premajor]
|cant|p1a: Slowking|par
|
|-weather|Snowscape|[upkeep]
|upkeep
|turn|26
|
|t:|1743795832
|-prepare|p2a: Slowking|Chilly Reception|[premajor]
|move|p2a: Slowking|Chilly Reception|p2a: Slowking
|
|t:|1743795834
|switch|p2a: Hydrapple|Hydrapple, M, tera:Fairy|54/100|[from] Chilly Reception
|-prepare|p1a: Slowking|Chilly Reception|[premajor]
|move|p1a: Slowking|Chilly Reception|p1a: Slowking
|
|t:|1743795845
|switch|p1a: Lokix|Lokix, F|76/100|[from] Chilly Reception
|
|-weather|none
|upkeep
|turn|27
|inactive|armpit fan! has 120 seconds left.
|inactive|armpit fan! has 90 seconds left.
|
|t:|1743795912
|switch|p2a: Slowking|Slowking-Galar, M|64/100
|move|p1a: Lokix|U-turn|p2a: Slowking
|-damage|p2a: Slowking|16/100
|inactive|alanfournumbers has 90 seconds left.
|
|t:|1743795935
|switch|p1a: Samurott|Samurott-Hisui, F|15/100|[from] U-turn
|
|upkeep
|turn|28
|inactive|armpit fan! has 90 seconds left.
|
|t:|1743795952
|switch|p2a: Hydrapple|Hydrapple, M, tera:Fairy|87/100
|move|p1a: Samurott|Razor Shell|p2a: Hydrapple
|-damage|p2a: Hydrapple|44/100
|-unboost|p2a: Hydrapple|def|1
|
|upkeep
|turn|29
|inactive|armpit fan! has 90 seconds left.
|
|t:|1743795977
|switch|p2a: Dragapult|Dragapult, M|100/100
|move|p1a: Samurott|Razor Shell|p2a: Dragapult
|-resisted|p2a: Dragapult
|-damage|p2a: Dragapult|59/100
|-unboost|p2a: Dragapult|def|1
|
|upkeep
|turn|30
|inactive|alanfournumbers has 60 seconds left.
|inactive|armpit fan! has 60 seconds left.
|
|t:|1743796011
|move|p2a: Dragapult|U-turn|p1a: Samurott
|-supereffective|p1a: Samurott
|-damage|p1a: Samurott|0 fnt
|faint|p1a: Samurott
|inactive|armpit fan! has 60 seconds left.
|
|t:|1743796023
|switch|p2a: Hydrapple|Hydrapple, M, tera:Fairy|77/100|[from] U-turn
|
|upkeep
|inactive|alanfournumbers has 60 seconds left.
|inactive|alanfournumbers has 30 seconds left.
|
|t:|1743796059
|switch|p1a: Lokix|Lokix, F|76/100
|turn|31
|
|t:|1743796066
|-terastallize|p1a: Lokix|Bug
|move|p1a: Lokix|U-turn|p2a: Hydrapple
|-resisted|p2a: Hydrapple
|-damage|p2a: Hydrapple|23/100
|
|t:|1743796071
|switch|p1a: Slowking|Slowking-Galar, M|91/100 par|[from] U-turn
|move|p2a: Hydrapple|Fickle Beam|p1a: Slowking|[anim] Fickle Beam All Out
|-activate|p2a: Hydrapple|move: Fickle Beam
|-damage|p1a: Slowking|44/100 par
|
|upkeep
|turn|32
|inactive|alanfournumbers has 30 seconds left.
|
|t:|1743796092
|switch|p2a: Dragapult|Dragapult, M|59/100
|-prepare|p1a: Slowking|Chilly Reception|[premajor]
|move|p1a: Slowking|Chilly Reception|p1a: Slowking
|-weather|Snowscape
|inactive|alanfournumbers has 30 seconds left.
|
|t:|1743796106
|switch|p1a: Lokix|Lokix, F, tera:Bug|76/100|[from] Chilly Reception
|
|-weather|Snowscape|[upkeep]
|upkeep
|turn|33
|inactive|alanfournumbers has 30 seconds left.
|
|t:|1743796120
|switch|p2a: Slowking|Slowking-Galar, M|49/100
|move|p1a: Lokix|U-turn|p2a: Slowking
|-damage|p2a: Slowking|0 fnt
|faint|p2a: Slowking
|inactive|alanfournumbers has 30 seconds left this turn.
|
|t:|1743796129
|switch|p1a: Slowking|Slowking-Galar, M|77/100 par|[from] U-turn
|
|-weather|Snowscape|[upkeep]
|upkeep
|inactive|alanfournumbers has 30 seconds left this turn.
|
|t:|1743796134
|switch|p2a: Dragapult|Dragapult, M|59/100
|turn|34
|
|t:|1743796143
|move|p2a: Dragapult|Shadow Ball|p1a: Slowking
|-supereffective|p1a: Slowking
|-damage|p1a: Slowking|10/100 par
|-unboost|p1a: Slowking|spd|1
|-prepare|p1a: Slowking|Chilly Reception|[premajor]
|move|p1a: Slowking|Chilly Reception|p1a: Slowking
|j| Pokemh
|inactive|alanfournumbers has 30 seconds left.
|
|t:|1743796160
|switch|p1a: Maushold|Maushold-Four|88/100|[from] Chilly Reception
|
|-weather|Snowscape|[upkeep]
|upkeep
|turn|35
|inactive|alanfournumbers has 30 seconds left.
|inactive|alanfournumbers has 20 seconds left.
|
|t:|1743796176
|switch|p2a: Corviknight|Corviknight, M|100/100
|-ability|p2a: Corviknight|Pressure
|switch|p1a: Slowking|Slowking-Galar, M|44/100 par
|
|-weather|Snowscape|[upkeep]
|upkeep
|turn|36
|inactive|alanfournumbers has 30 seconds left this turn.
|inactive|alanfournumbers has 20 seconds left.
|
|t:|1743796188
|switch|p2a: Hydrapple|Hydrapple, M, tera:Fairy|56/100
|move|p1a: Slowking|Thunder Wave|p2a: Hydrapple
|-status|p2a: Hydrapple|par
|
|-weather|none
|upkeep
|turn|37
|inactive|alanfournumbers has 30 seconds left this turn.
|inactive|alanfournumbers has 20 seconds left.
|inactive|alanfournumbers has 15 seconds left.
|
|t:|1743796207
|move|p2a: Hydrapple|Earth Power|p1a: Slowking
|-supereffective|p1a: Slowking
|-damage|p1a: Slowking|8/100 par
|-prepare|p1a: Slowking|Chilly Reception|[premajor]
|cant|p1a: Slowking|par
|
|upkeep
|turn|38
|inactive|alanfournumbers has 25 seconds left this turn.
|inactive|alanfournumbers has 20 seconds left.
|inactive|armpit fan! has 120 seconds left.
|inactive|alanfournumbers has 15 seconds left.
|inactive|alanfournumbers has 10 seconds left.
|
|t:|1743796224
|move|p2a: Hydrapple|Giga Drain|p1a: Slowking
|-resisted|p1a: Slowking
|-damage|p1a: Slowking|0 fnt
|-heal|p2a: Hydrapple|60/100 par|[from] drain|[of] p1a: Slowking
|faint|p1a: Slowking
|
|upkeep
|inactive|alanfournumbers has 15 seconds left this turn.
|
|t:|1743796228
|switch|p1a: Lokix|Lokix, F, tera:Bug|76/100
|turn|39
|inactive|alanfournumbers has 25 seconds left this turn.
|inactive|alanfournumbers has 20 seconds left.
|inactive|armpit fan! has 120 seconds left.
|inactive|alanfournumbers has 15 seconds left.
|inactive|alanfournumbers has 10 seconds left.
|
|t:|1743796251
|switch|p2a: Dragapult|Dragapult, M|59/100
|move|p1a: Lokix|Leech Life|p2a: Dragapult
|-resisted|p2a: Dragapult
|-damage|p2a: Dragapult|0 fnt
|-heal|p1a: Lokix|100/100|[from] drain|[of] p2a: Dragapult
|faint|p2a: Dragapult
|
|upkeep
|inactive|alanfournumbers has 15 seconds left this turn.
|
|t:|1743796259
|switch|p2a: Corviknight|Corviknight, M|100/100
|-ability|p2a: Corviknight|Pressure
|turn|40
|inactive|alanfournumbers has 25 seconds left this turn.
|inactive|alanfournumbers has 20 seconds left.
|
|t:|1743796267
|move|p1a: Lokix|Leech Life|p2a: Corviknight
|-resisted|p2a: Corviknight
|-damage|p2a: Corviknight|79/100
|-damage|p1a: Lokix|84/100|[from] item: Rocky Helmet|[of] p2a: Corviknight
|move|p2a: Corviknight|Body Press|p1a: Lokix
|-resisted|p1a: Lokix
|-damage|p1a: Lokix|64/100
|
|upkeep
|turn|41
|inactive|alanfournumbers has 30 seconds left this turn.
|inactive|alanfournumbers has 20 seconds left.
|inactive|alanfournumbers has 15 seconds left.
|inactive|alanfournumbers has 10 seconds left.
|
|t:|1743796290
|switch|p1a: Maushold|Maushold-Four|88/100
|move|p2a: Corviknight|Body Press|p1a: Maushold
|-supereffective|p1a: Maushold
|-damage|p1a: Maushold|7/100
|
|upkeep
|turn|42
|inactive|alanfournumbers has 20 seconds left this turn.
|inactive|alanfournumbers has 15 seconds left.
|inactive|alanfournumbers has 10 seconds left.
|
|t:|1743796302
|move|p1a: Maushold|Bite|p2a: Corviknight
|-damage|p2a: Corviknight|67/100
|-damage|p1a: Maushold|0 fnt|[from] item: Rocky Helmet|[of] p2a: Corviknight
|faint|p1a: Maushold
|move|p2a: Corviknight|Roost|p2a: Corviknight
|-heal|p2a: Corviknight|100/100
|-singleturn|p2a: Corviknight|move: Roost
|
|upkeep
|inactive|alanfournumbers has 15 seconds left this turn.
|inactive|alanfournumbers has 10 seconds left.
|
|t:|1743796312
|switch|p1a: Magnezone|Magnezone|5/100
|turn|43
|inactive|alanfournumbers has 20 seconds left this turn.
|inactive|alanfournumbers has 15 seconds left.
|inactive|alanfournumbers has 10 seconds left.
|
|t:|1743796323
|move|p1a: Magnezone|Discharge|p2a: Corviknight
|-supereffective|p2a: Corviknight
|-damage|p2a: Corviknight|5/100
|move|p2a: Corviknight|Body Press|p1a: Magnezone
|-supereffective|p1a: Magnezone
|-damage|p1a: Magnezone|0 fnt
|faint|p1a: Magnezone
|
|upkeep
|inactive|alanfournumbers has 15 seconds left this turn.
|inactive|alanfournumbers has 10 seconds left.
|
|t:|1743796332
|switch|p1a: Lokix|Lokix, F, tera:Bug|64/100
|turn|44
|inactive|alanfournumbers has 20 seconds left this turn.
|c|☆armpit fan!|this is so close lol
|inactive|alanfournumbers has 15 seconds left.
|
|t:|1743796342
|move|p1a: Lokix|Leech Life|p2a: Corviknight
|-resisted|p2a: Corviknight
|-damage|p2a: Corviknight|0 fnt
|-heal|p1a: Lokix|67/100|[from] drain|[of] p2a: Corviknight
|-damage|p1a: Lokix|51/100|[from] item: Rocky Helmet|[of] p2a: Corviknight
|faint|p2a: Corviknight
|
|upkeep
|inactive|alanfournumbers has 20 seconds left this turn.
|
|t:|1743796344
|switch|p2a: Hydrapple|Hydrapple, M, tera:Fairy|93/100 par
|turn|45
|inactive|alanfournumbers has 30 seconds left this turn.
|c|☆alanfournumbers|bluddd
|inactive|alanfournumbers has 20 seconds left.
|
|t:|1743796354
|move|p1a: Lokix|Leech Life|p2a: Hydrapple
|-resisted|p2a: Hydrapple
|-crit|p2a: Hydrapple
|-damage|p2a: Hydrapple|0 fnt
|-heal|p1a: Lokix|100/100|[from] drain|[of] p2a: Hydrapple
|faint|p2a: Hydrapple
|
|win|alanfournumbers
|inactive|alanfournumbers has 25 seconds left this turn.
|raw|alanfournumbers's rating: 1593 &rarr; <strong>1609</strong><br />(+16 for winning)
|raw|armpit fan!'s rating: 1528 &rarr; <strong>1512</strong><br />(-16 for losing)
|c|☆armpit fan!|ahhhh
|c|☆armpit fan!|gg wp
|c|☆alanfournumbers|damn
|c|☆alanfournumbers|i wonder what woulda happened
|c|☆alanfournumbers|without crit
|c|☆armpit fan!|same im calcing rn
|j| Tree69420
|c|☆armpit fan!|og it didnt matter at all lokix is insane
|c| Tree69420|hi
|c| Tree69420|what the fuck
|c|☆alanfournumbers|yeah this guy crazy
|c|☆armpit fan!|gg tho
|l|☆armpit fan!
|player|p2|
|c|☆alanfournumbers|ggs wp brother
|l|☆alanfournumbers
|player|p1|
|l| Tree69420
