|j|☆real glim shady
|j|☆Amphibi
|t:|1743862090
|gametype|singles
|player|p1|real glim shady|veteran|1622
|player|p2|Amphibi|acetrainer-gen4dp|1623
|teamsize|p1|6
|teamsize|p2|6
|gen|9
|tier|[Gen 9] OU
|rated|
|rule|HP Percentage Mod: HP is shown in percentages
|rule|Endless Battle Clause: Forcing endless battles is banned
|rule|Species Clause: Limit one of each Pokémon
|rule|OHKO Clause: OHKO moves are banned
|rule|Evasion Items Clause: Evasion items are banned
|rule|Evasion Moves Clause: Evasion moves are banned
|rule|Sleep Moves Clause: Sleep-inducing moves are banned
|clearpoke
|poke|p1|Moltres|
|poke|p1|Garganacl, F|
|poke|p1|Primarina, M|
|poke|p1|Great Tusk|
|poke|p1|Dragapult, F|
|poke|p1|Samurott-Hisui, F|
|poke|p2|Raging Bolt|
|poke|p2|Araquanid, F|
|poke|p2|Zamazenta-*|
|poke|p2|Darkrai|
|poke|p2|Iron Moth|
|poke|p2|Gholdengo|
|teampreview
|inactive|Battle timer is ON: inactive players will automatically lose when time's up. (requested by real glim shady)
|j| fasterfaster88
|inactive|Amphibi has 120 seconds left.
|c| fasterfaster88|tell me im a genius man
|inactive|Amphibi has 90 seconds left.
|
|t:|1743862164
|start
|switch|p1a: Samurott|Samurott-Hisui, F|100/100
|switch|p2a: Araquanid|Araquanid, F|100/100
|turn|1
|
|t:|1743862170
|move|p1a: Samurott|Ceaseless Edge|p2a: Araquanid
|-damage|p2a: Araquanid|58/100
|-sidestart|p2: Amphibi|Spikes
|move|p2a: Araquanid|Sticky Web|p1a: Samurott
|-sidestart|p1: real glim shady|move: Sticky Web
|
|upkeep
|turn|2
|
|t:|1743862175
|move|p1a: Samurott|Encore|p2a: Araquanid
|-start|p2a: Araquanid|Encore
|move|p2a: Araquanid|Sticky Web||[still]
|-fail|p2a: Araquanid
|
|upkeep
|turn|3
|
|t:|1743862184
|switch|p2a: Zamazenta|Zamazenta|100/100
|-damage|p2a: Zamazenta|88/100|[from] Spikes
|-ability|p2a: Zamazenta|Dauntless Shield|boost
|-boost|p2a: Zamazenta|def|1
|move|p1a: Samurott|Ceaseless Edge|p2a: Zamazenta
|-resisted|p2a: Zamazenta
|-damage|p2a: Zamazenta|76/100
|-sidestart|p2: Amphibi|Spikes
|
|-heal|p2a: Zamazenta|82/100|[from] item: Leftovers
|upkeep
|turn|4
|
|t:|1743862200
|switch|p1a: Moltres|Moltres|100/100
|move|p2a: Zamazenta|Crunch|p1a: Moltres
|-damage|p1a: Moltres|81/100
|-status|p2a: Zamazenta|brn|[from] ability: Flame Body|[of] p1a: Moltres
|
|-heal|p2a: Zamazenta|88/100 brn|[from] item: Leftovers
|-damage|p2a: Zamazenta|82/100 brn|[from] brn
|upkeep
|turn|5
|
|t:|1743862213
|switch|p2a: Araquanid|Araquanid, F|58/100
|-damage|p2a: Araquanid|41/100|[from] Spikes
|move|p1a: Moltres|U-turn|p2a: Araquanid
|-damage|p2a: Araquanid|25/100
|
|t:|1743862220
|switch|p1a: Samurott|Samurott-Hisui, F|100/100|[from] U-turn
|
|upkeep
|turn|6
|-enditem|p2a: Araquanid|Custap Berry|[eat]
|-activate|p2a: Araquanid|item: Custap Berry|[consumed]
|
|t:|1743862223
|move|p2a: Araquanid|Leech Life|p1a: Samurott
|-supereffective|p1a: Samurott
|-damage|p1a: Samurott|48/100
|-heal|p2a: Araquanid|50/100|[from] drain|[of] p1a: Samurott
|move|p1a: Samurott|Ceaseless Edge|p2a: Araquanid
|-damage|p2a: Araquanid|3/100
|-sidestart|p2: Amphibi|Spikes
|
|upkeep
|turn|7
|
|t:|1743862232
|move|p1a: Samurott|Knock Off|p2a: Araquanid
|-damage|p2a: Araquanid|0 fnt
|faint|p2a: Araquanid
|
|upkeep
|
|t:|1743862241
|switch|p2a: Raging Bolt|Raging Bolt|100/100
|-damage|p2a: Raging Bolt|76/100|[from] Spikes
|turn|8
|
|t:|1743862265
|switch|p1a: Garganacl|Garganacl, F|100/100
|-activate|p1a: Garganacl|move: Sticky Web
|-unboost|p1a: Garganacl|spe|1
|move|p2a: Raging Bolt|Volt Switch|p1a: Garganacl
|-damage|p1a: Garganacl|71/100
|
|t:|1743862273
|-end|p2a: Raging Bolt|Protosynthesis|[silent]
|switch|p2a: Gholdengo|Gholdengo|100/100|[from] Volt Switch
|-item|p2a: Gholdengo|Air Balloon
|
|-heal|p1a: Garganacl|77/100|[from] item: Leftovers
|upkeep
|turn|9
|j| ASilentKingambitX
|
|t:|1743862292
|switch|p1a: Dragapult|Dragapult, F|100/100
|-activate|p1a: Dragapult|move: Sticky Web
|-unboost|p1a: Dragapult|spe|1
|move|p2a: Gholdengo|Nasty Plot|p2a: Gholdengo
|-boost|p2a: Gholdengo|spa|2
|
|upkeep
|turn|10
|
|t:|1743862301
|move|p2a: Gholdengo|Shadow Ball|p1a: Dragapult
|-supereffective|p1a: Dragapult
|-crit|p1a: Dragapult
|-damage|p1a: Dragapult|0 fnt
|faint|p1a: Dragapult
|
|upkeep
|
|t:|1743862305
|switch|p1a: Samurott|Samurott-Hisui, F|48/100
|turn|11
|l| ASilentKingambitX
|
|t:|1743862314
|-terastallize|p2a: Gholdengo|Fairy
|move|p1a: Samurott|Knock Off|p2a: Gholdengo
|-resisted|p2a: Gholdengo
|-damage|p2a: Gholdengo|74/100
|-enditem|p2a: Gholdengo|Air Balloon
|move|p2a: Gholdengo|Nasty Plot|p2a: Gholdengo
|-boost|p2a: Gholdengo|spa|2
|
|upkeep
|turn|12
|
|t:|1743862321
|move|p1a: Samurott|Razor Shell|p2a: Gholdengo
|-damage|p2a: Gholdengo|15/100
|move|p2a: Gholdengo|Dazzling Gleam|p1a: Samurott
|-supereffective|p1a: Samurott
|-damage|p1a: Samurott|0 fnt
|faint|p1a: Samurott
|
|upkeep
|
|t:|1743862336
|switch|p1a: Primarina|Primarina, M|100/100
|-activate|p1a: Primarina|move: Sticky Web
|-unboost|p1a: Primarina|spe|1
|turn|13
|
|t:|1743862343
|move|p2a: Gholdengo|Make It Rain|p1a: Primarina
|-damage|p1a: Primarina|0 fnt
|-unboost|p2a: Gholdengo|spa|1
|faint|p1a: Primarina
|
|upkeep
|
|t:|1743862348
|switch|p1a: Moltres|Moltres|81/100
|turn|14
|
|t:|1743862351
|move|p2a: Gholdengo|Shadow Ball|p1a: Moltres
|-damage|p1a: Moltres|0 fnt
|faint|p1a: Moltres
|
|upkeep
|-message|real glim shady forfeited.
|
|win|Amphibi
|raw|real glim shady's rating: 1622 &rarr; <strong>1602</strong><br />(-20 for losing)
|raw|Amphibi's rating: 1623 &rarr; <strong>1643</strong><br />(+20 for winning)
|l|☆real glim shady
|player|p1|
|l|☆Amphibi
|player|p2|
