|j|☆Respect ur Alders
|j|☆R. Caroline
|t:|1743888588
|gametype|singles
|player|p1|Respect ur Alders|alder|1581
|player|p2|R. Caroline|pokemonrangerf-gen4|1578
|teamsize|p1|6
|teamsize|p2|6
|gen|9
|tier|[Gen 9] OU
|rated|
|rule|HP Percentage Mod: HP is shown in percentages
|rule|Endless Battle Clause: Forcing endless battles is banned
|rule|Species Clause: Limit one of each Pokémon
|rule|OHKO Clause: OHKO moves are banned
|rule|Evasion Items Clause: Evasion items are banned
|rule|Evasion Moves Clause: Evasion moves are banned
|rule|Sleep Moves Clause: Sleep-inducing moves are banned
|clearpoke
|poke|p1|Landorus-Therian, M|
|poke|p1|Kyurem|
|poke|p1|Dragapult, M|
|poke|p1|Scizor, F|
|poke|p1|Kingambit, F|
|poke|p1|Ogerpon-Wellspring, F|
|poke|p2|Latias, F|
|poke|p2|Chansey, F|
|poke|p2|Ursaluna, M|
|poke|p2|Scizor, M|
|poke|p2|Umbreon, F|
|poke|p2|Mew|
|teampreview
|inactive|Battle timer is ON: inactive players will automatically lose when time's up. (requested by Respect ur Alders)
|
|t:|1743888592
|start
|switch|p1a: Dragapult|Dragapult, M|100/100
|switch|p2a: Boston|Mew, shiny|100/100
|turn|1
|
|t:|1743888599
|move|p2a: Boston|Ice Beam|p1a: Dragapult
|-supereffective|p1a: Dragapult
|-damage|p1a: Dragapult|33/100
|move|p1a: Dragapult|Shadow Ball|p2a: Boston
|-supereffective|p2a: Boston
|-damage|p2a: Boston|0 fnt
|faint|p2a: Boston
|
|upkeep
|
|t:|1743888607
|switch|p2a: Dinah|Umbreon, F|100/100
|turn|2
|
|t:|1743888611
|switch|p1a: Landorus|Landorus-Therian, M|100/100
|-ability|p1a: Landorus|Intimidate|boost
|-fail|p2a: Dinah|unboost|Attack|[from] ability: Inner Focus|[of] p2a: Dinah
|move|p2a: Dinah|Foul Play|p1a: Landorus
|-damage|p1a: Landorus|41/100
|
|upkeep
|turn|3
|
|t:|1743888618
|move|p1a: Landorus|U-turn|p2a: Dinah
|-supereffective|p2a: Dinah
|-damage|p2a: Dinah|51/100
|-damage|p1a: Landorus|24/100|[from] item: Rocky Helmet|[of] p2a: Dinah
|
|t:|1743888629
|switch|p1a: Kingambit|Kingambit, F|100/100|[from] U-turn
|move|p2a: Dinah|Foul Play|p1a: Kingambit
|-resisted|p1a: Kingambit
|-damage|p1a: Kingambit|79/100
|
|-heal|p1a: Kingambit|85/100|[from] item: Leftovers
|upkeep
|turn|4
|
|t:|1743888636
|move|p2a: Dinah|Thunder Wave|p1a: Kingambit
|-status|p1a: Kingambit|par
|cant|p1a: Kingambit|par
|
|-heal|p1a: Kingambit|91/100 par|[from] item: Leftovers
|upkeep
|turn|5
|
|t:|1743888642
|move|p2a: Dinah|Taunt|p1a: Kingambit
|-start|p1a: Kingambit|move: Taunt
|cant|p1a: Kingambit|move: Taunt|Swords Dance
|
|-heal|p1a: Kingambit|97/100 par|[from] item: Leftovers
|upkeep
|turn|6
|
|t:|1743888650
|-end|p1a: Kingambit|fallenundefined|[silent]
|switch|p1a: Landorus|Landorus-Therian, M|24/100
|-ability|p1a: Landorus|Intimidate|boost
|-fail|p2a: Dinah|unboost|Attack|[from] ability: Inner Focus|[of] p2a: Dinah
|move|p2a: Dinah|Moonlight|p2a: Dinah
|-heal|p2a: Dinah|100/100
|
|upkeep
|turn|7
|
|t:|1743888657
|move|p1a: Landorus|U-turn|p2a: Dinah
|-supereffective|p2a: Dinah
|-damage|p2a: Dinah|54/100
|-damage|p1a: Landorus|8/100|[from] item: Rocky Helmet|[of] p2a: Dinah
|
|t:|1743888661
|switch|p1a: Scizor|Scizor, F|100/100|[from] U-turn
|move|p2a: Dinah|Foul Play|p1a: Scizor
|-damage|p1a: Scizor|49/100
|
|upkeep
|turn|8
|
|t:|1743888668
|switch|p2a: Garf|Scizor, M, shiny|100/100
|move|p1a: Scizor|Close Combat|p2a: Garf
|-damage|p2a: Garf|63/100
|-unboost|p1a: Scizor|def|1
|-unboost|p1a: Scizor|spd|1
|
|upkeep
|turn|9
|
|t:|1743888679
|switch|p1a: Ogerpon|Ogerpon-Wellspring, F|100/100
|move|p2a: Garf|Knock Off|p1a: Ogerpon
|-damage|p1a: Ogerpon|73/100
|
|upkeep
|turn|10
|
|t:|1743888685
|-terastallize|p2a: Garf|Dragon
|move|p1a: Ogerpon|Ivy Cudgel|p2a: Garf|[anim] Ivy Cudgel Water
|-resisted|p2a: Garf
|-damage|p2a: Garf|38/100
|move|p2a: Garf|U-turn|p1a: Ogerpon
|-supereffective|p1a: Ogerpon
|-damage|p1a: Ogerpon|0 fnt
|faint|p1a: Ogerpon
|
|t:|1743888700
|switch|p2a: Kori|Latias, F, shiny|100/100|[from] U-turn
|
|upkeep
|
|t:|1743888708
|switch|p1a: Dragapult|Dragapult, M|33/100
|turn|11
|
|t:|1743888711
|switch|p2a: Shay|Chansey, F, shiny|100/100
|move|p1a: Dragapult|U-turn|p2a: Shay
|-damage|p2a: Shay|82/100
|
|t:|1743888715
|switch|p1a: Landorus|Landorus-Therian, M|8/100|[from] U-turn
|-ability|p1a: Landorus|Intimidate|boost
|-unboost|p2a: Shay|atk|1
|
|upkeep
|turn|12
|
|t:|1743888720
|switch|p2a: Kori|Latias, F, shiny|100/100
|move|p1a: Landorus|Earthquake|p2a: Kori
|-immune|p2a: Kori|[from] ability: Levitate
|
|upkeep
|turn|13
|
|t:|1743888731
|switch|p1a: Dragapult|Dragapult, M|33/100
|move|p2a: Kori|Alluring Voice|p1a: Dragapult
|-supereffective|p1a: Dragapult
|-damage|p1a: Dragapult|0 fnt
|faint|p1a: Dragapult
|
|upkeep
|
|t:|1743888737
|switch|p1a: Kyurem|Kyurem|100/100
|-ability|p1a: Kyurem|Pressure
|turn|14
|
|t:|1743888741
|switch|p2a: Shay|Chansey, F, shiny|82/100
|move|p1a: Kyurem|Ice Beam|p2a: Shay
|-damage|p2a: Shay|66/100
|
|upkeep
|turn|15
|
|t:|1743888748
|switch|p1a: Landorus|Landorus-Therian, M|8/100
|-ability|p1a: Landorus|Intimidate|boost
|-unboost|p2a: Shay|atk|1
|move|p2a: Shay|Stealth Rock|p1a: Landorus
|-sidestart|p1: Respect ur Alders|move: Stealth Rock
|
|upkeep
|turn|16
|
|t:|1743888760
|switch|p2a: Garf|Scizor, M, shiny, tera:Dragon|38/100
|move|p1a: Landorus|U-turn|p2a: Garf
|-damage|p2a: Garf|4/100
|
|t:|1743888770
|switch|p1a: Scizor|Scizor, F|49/100|[from] U-turn
|-damage|p1a: Scizor|36/100|[from] Stealth Rock
|
|upkeep
|turn|17
|
|t:|1743888775
|move|p2a: Garf|Bullet Punch|p1a: Scizor
|-resisted|p1a: Scizor
|-damage|p1a: Scizor|20/100
|move|p1a: Scizor|Bullet Punch|p2a: Garf
|-damage|p2a: Garf|0 fnt
|faint|p2a: Garf
|
|upkeep
|
|t:|1743888787
|switch|p2a: Kori|Latias, F, shiny|100/100
|turn|18
|
|t:|1743888799
|move|p1a: Scizor|Bullet Punch|p2a: Kori
|-damage|p2a: Kori|52/100
|move|p2a: Kori|Surf|p1a: Scizor
|-crit|p1a: Scizor
|-damage|p1a: Scizor|0 fnt
|faint|p1a: Scizor
|
|upkeep
|
|t:|1743888810
|switch|p1a: Kyurem|Kyurem|100/100
|-damage|p1a: Kyurem|76/100|[from] Stealth Rock
|-ability|p1a: Kyurem|Pressure
|turn|19
|
|t:|1743888816
|switch|p2a: Shay|Chansey, F, shiny|66/100
|switch|p1a: Kingambit|Kingambit, F|97/100 par
|-damage|p1a: Kingambit|91/100 par|[from] Stealth Rock
|-activate|p1a: Kingambit|ability: Supreme Overlord
|-start|p1a: Kingambit|fallen3|[silent]
|
|-heal|p1a: Kingambit|97/100 par|[from] item: Leftovers
|upkeep
|turn|20
|
|t:|1743888825
|switch|p2a: Dinah|Umbreon, F|54/100
|move|p1a: Kingambit|Swords Dance|p1a: Kingambit
|-boost|p1a: Kingambit|atk|2
|
|-heal|p1a: Kingambit|100/100 par|[from] item: Leftovers
|upkeep
|turn|21
|
|t:|1743888839
|-terastallize|p1a: Kingambit|Fairy
|move|p2a: Dinah|Moonlight|p2a: Dinah
|-heal|p2a: Dinah|100/100
|cant|p1a: Kingambit|par
|
|upkeep
|turn|22
|
|t:|1743888852
|move|p2a: Dinah|Foul Play|p1a: Kingambit
|-resisted|p1a: Kingambit
|-damage|p1a: Kingambit|62/100 par
|move|p1a: Kingambit|Tera Blast|p2a: Dinah|[anim] Tera Blast Fairy
|-supereffective|p2a: Dinah
|-damage|p2a: Dinah|0 fnt
|faint|p2a: Dinah
|
|-heal|p1a: Kingambit|68/100 par|[from] item: Leftovers
|upkeep
|
|t:|1743888859
|switch|p2a: Etrig|Ursaluna, M, shiny|100/100
|turn|23
|
|t:|1743888863
|move|p2a: Etrig|Gunk Shot|p1a: Kingambit
|-supereffective|p1a: Kingambit
|-damage|p1a: Kingambit|0 fnt
|faint|p1a: Kingambit
|-end|p1a: Kingambit|fallen3|[silent]
|
|upkeep
|
|t:|1743888866
|switch|p1a: Kyurem|Kyurem|76/100
|-damage|p1a: Kyurem|51/100|[from] Stealth Rock
|-ability|p1a: Kyurem|Pressure
|turn|24
|
|t:|1743888873
|switch|p2a: Shay|Chansey, F, shiny|66/100
|move|p1a: Kyurem|Ice Beam|p2a: Shay
|-damage|p2a: Shay|48/100
|
|upkeep
|turn|25
|
|t:|1743888878
|move|p1a: Kyurem|Ice Beam|p2a: Shay
|-damage|p2a: Shay|32/100
|move|p2a: Shay|Soft-Boiled|p2a: Shay
|-heal|p2a: Shay|82/100
|
|upkeep
|turn|26
|-message|Respect ur Alders forfeited.
|
|win|R. Caroline
|raw|Respect ur Alders's rating: 1581 &rarr; <strong>1561</strong><br />(-20 for losing)
|raw|R. Caroline's rating: 1578 &rarr; <strong>1598</strong><br />(+20 for winning)
|l|☆Respect ur Alders
|player|p1|
