|j|☆A9MG
|j|☆976-EVILL
|t:|1743899320
|gametype|singles
|player|p1|A9MG|nurseryaide|1423
|player|p2|976-EVILL|shelly|1447
|teamsize|p1|6
|teamsize|p2|6
|gen|9
|tier|[Gen 9] OU
|rated|
|rule|HP Percentage Mod: HP is shown in percentages
|rule|Endless Battle Clause: Forcing endless battles is banned
|rule|Species Clause: Limit one of each Pokémon
|rule|OHKO Clause: OHKO moves are banned
|rule|Evasion Items Clause: Evasion items are banned
|rule|Evasion Moves Clause: Evasion moves are banned
|rule|Sleep Moves Clause: Sleep-inducing moves are banned
|clearpoke
|poke|p1|Azumarill, F|
|poke|p1|Great Tusk|
|poke|p1|Iron Moth|
|poke|p1|Iron Valiant|
|poke|p1|Landorus-Therian, M|
|poke|p1|Zarude|
|poke|p2|Dragonite, F|
|poke|p2|Ting-Lu|
|poke|p2|Gholdengo|
|poke|p2|Iron Valiant|
|poke|p2|Zamazenta-*|
|poke|p2|Kingambit, M|
|teampreview
|inactive|Battle timer is ON: inactive players will automatically lose when time's up. (requested by A9MG)
|inactive|976-EVILL has 120 seconds left.
|
|t:|1743899361
|start
|switch|p1a: Azumarill|Azumarill, F|100/100
|switch|p2a: Ting-Lu|Ting-Lu|100/100
|-ability|p2a: Ting-Lu|Vessel of Ruin
|turn|1
|
|t:|1743899368
|move|p1a: Azumarill|Liquidation|p2a: Ting-Lu
|-supereffective|p2a: Ting-Lu
|-damage|p2a: Ting-Lu|18/100
|-enditem|p2a: Ting-Lu|Red Card|[of] p1a: Azumarill
|drag|p1a: Zarude|Zarude|100/100
|move|p2a: Ting-Lu|Stealth Rock|p1a: Zarude
|-sidestart|p1: A9MG|move: Stealth Rock
|
|upkeep
|turn|2
|
|t:|1743899381
|move|p1a: Zarude|Power Whip|p2a: Ting-Lu|[miss]
|-miss|p1a: Zarude|p2a: Ting-Lu
|move|p2a: Ting-Lu|Ruination|p1a: Zarude|[miss]
|-miss|p2a: Ting-Lu|p1a: Zarude
|
|upkeep
|turn|3
|
|t:|1743899389
|move|p1a: Zarude|Knock Off|p2a: Ting-Lu
|-resisted|p2a: Ting-Lu
|-damage|p2a: Ting-Lu|8/100
|move|p2a: Ting-Lu|Ruination|p1a: Zarude
|-damage|p1a: Zarude|50/100
|
|upkeep
|turn|4
|
|t:|1743899401
|move|p1a: Zarude|Crunch|p2a: Ting-Lu
|-resisted|p2a: Ting-Lu
|-damage|p2a: Ting-Lu|0 fnt
|faint|p2a: Ting-Lu
|
|upkeep
|inactive|976-EVILL has 120 seconds left.
|
|t:|1743899443
|switch|p2a: Dragonite|Dragonite, F|100/100
|turn|5
|
|t:|1743899452
|move|p2a: Dragonite|Dragon Dance|p2a: Dragonite
|-boost|p2a: Dragonite|atk|1
|-boost|p2a: Dragonite|spe|1
|move|p1a: Zarude|U-turn|p2a: Dragonite
|-resisted|p2a: Dragonite
|-damage|p2a: Dragonite|94/100
|
|t:|1743899458
|switch|p1a: Great Tusk|Great Tusk|100/100|[from] U-turn
|-damage|p1a: Great Tusk|97/100|[from] Stealth Rock
|-enditem|p1a: Great Tusk|Booster Energy
|-activate|p1a: Great Tusk|ability: Protosynthesis|[fromitem]
|-start|p1a: Great Tusk|protosynthesisspe
|
|upkeep
|turn|6
|inactive|976-EVILL has 120 seconds left.
|
|t:|1743899473
|-terastallize|p2a: Dragonite|Ghost
|move|p1a: Great Tusk|Knock Off|p2a: Dragonite
|-supereffective|p2a: Dragonite
|-damage|p2a: Dragonite|28/100
|-enditem|p2a: Dragonite|Heavy-Duty Boots|[from] move: Knock Off|[of] p1a: Great Tusk
|move|p2a: Dragonite|Dragon Dance|p2a: Dragonite
|-boost|p2a: Dragonite|atk|1
|-boost|p2a: Dragonite|spe|1
|
|upkeep
|turn|7
|inactive|976-EVILL has 120 seconds left.
|
|t:|1743899483
|move|p2a: Dragonite|Tera Blast|p1a: Great Tusk|[anim] Tera Blast Ghost
|-damage|p1a: Great Tusk|36/100
|move|p1a: Great Tusk|Knock Off|p2a: Dragonite
|-supereffective|p2a: Dragonite
|-damage|p2a: Dragonite|0 fnt
|faint|p2a: Dragonite
|
|upkeep
|inactive|976-EVILL has 120 seconds left.
|
|t:|1743899488
|switch|p2a: Iron Valiant|Iron Valiant|100/100
|-enditem|p2a: Iron Valiant|Booster Energy
|-activate|p2a: Iron Valiant|ability: Quark Drive|[fromitem]
|-start|p2a: Iron Valiant|quarkdrivespe
|turn|8
|inactive|976-EVILL has 120 seconds left.
|
|t:|1743899500
|move|p2a: Iron Valiant|Moonblast|p1a: Great Tusk
|-supereffective|p1a: Great Tusk
|-damage|p1a: Great Tusk|0 fnt
|faint|p1a: Great Tusk
|-end|p1a: Great Tusk|Protosynthesis|[silent]
|
|upkeep
|
|t:|1743899505
|switch|p1a: Azumarill|Azumarill, F|100/100
|-damage|p1a: Azumarill|88/100|[from] Stealth Rock
|turn|9
|
|t:|1743899515
|-terastallize|p1a: Azumarill|Steel
|move|p2a: Iron Valiant|Thunderbolt|p1a: Azumarill
|-damage|p1a: Azumarill|49/100
|move|p1a: Azumarill|Liquidation|p2a: Iron Valiant
|-damage|p2a: Iron Valiant|0 fnt
|faint|p2a: Iron Valiant
|-end|p2a: Iron Valiant|Quark Drive|[silent]
|
|upkeep
|inactive|976-EVILL has 120 seconds left.
|
|t:|1743899535
|switch|p2a: Kingambit|Kingambit, M|100/100
|-activate|p2a: Kingambit|ability: Supreme Overlord
|-start|p2a: Kingambit|fallen3|[silent]
|turn|10
|
|t:|1743899540
|move|p2a: Kingambit|Kowtow Cleave|p1a: Azumarill
|-damage|p1a: Azumarill|0 fnt
|faint|p1a: Azumarill
|
|upkeep
|
|t:|1743899545
|switch|p1a: Iron Moth|Iron Moth|100/100
|-damage|p1a: Iron Moth|76/100|[from] Stealth Rock
|-enditem|p1a: Iron Moth|Booster Energy
|-activate|p1a: Iron Moth|ability: Quark Drive|[fromitem]
|-start|p1a: Iron Moth|quarkdrivespe
|turn|11
|
|t:|1743899558
|move|p1a: Iron Moth|Fiery Dance|p2a: Kingambit
|-supereffective|p2a: Kingambit
|-damage|p2a: Kingambit|10/100
|move|p2a: Kingambit|Kowtow Cleave|p1a: Iron Moth
|-damage|p1a: Iron Moth|0 fnt
|faint|p1a: Iron Moth
|-end|p1a: Iron Moth|Quark Drive|[silent]
|
|upkeep
|
|t:|1743899566
|switch|p1a: Landorus|Landorus-Therian, M|100/100
|-damage|p1a: Landorus|88/100|[from] Stealth Rock
|-ability|p1a: Landorus|Intimidate|boost
|-unboost|p2a: Kingambit|atk|1
|turn|12
|
|t:|1743899576
|move|p2a: Kingambit|Sucker Punch|p1a: Landorus
|-damage|p1a: Landorus|52/100
|-damage|p2a: Kingambit|0 fnt|[from] item: Rocky Helmet|[of] p1a: Landorus
|faint|p2a: Kingambit
|-end|p2a: Kingambit|fallen3|[silent]
|move|p1a: Landorus|Earth Power|p2: Kingambit|[notarget]
|-fail|p1a: Landorus
|
|upkeep
|inactive|976-EVILL has 120 seconds left.
|
|t:|1743899602
|switch|p2a: Zamazenta|Zamazenta|100/100
|-ability|p2a: Zamazenta|Dauntless Shield|boost
|-boost|p2a: Zamazenta|def|1
|turn|13
|
|t:|1743899610
|move|p2a: Zamazenta|Ice Fang|p1a: Landorus
|-supereffective|p1a: Landorus
|-damage|p1a: Landorus|0 fnt
|-damage|p2a: Zamazenta|84/100|[from] item: Rocky Helmet|[of] p1a: Landorus
|faint|p1a: Landorus
|
|upkeep
|
|t:|1743899616
|switch|p1a: Iron Valiant|Iron Valiant|100/100
|-damage|p1a: Iron Valiant|94/100|[from] Stealth Rock
|turn|14
|
|t:|1743899623
|switch|p2a: Gholdengo|Gholdengo|100/100
|-item|p2a: Gholdengo|Air Balloon
|move|p1a: Iron Valiant|Shadow Ball|p2a: Gholdengo
|-supereffective|p2a: Gholdengo
|-damage|p2a: Gholdengo|1/100
|-enditem|p2a: Gholdengo|Air Balloon
|
|upkeep
|turn|15
|
|t:|1743899632
|move|p1a: Iron Valiant|Shadow Ball|p2a: Gholdengo
|-supereffective|p2a: Gholdengo
|-damage|p2a: Gholdengo|0 fnt
|faint|p2a: Gholdengo
|
|upkeep
|
|t:|1743899633
|switch|p2a: Zamazenta|Zamazenta|84/100
|turn|16
|
|t:|1743899653
|-end|p1a: Iron Valiant|Quark Drive|[silent]
|switch|p1a: Zarude|Zarude|50/100
|-damage|p1a: Zarude|38/100|[from] Stealth Rock
|move|p2a: Zamazenta|Howl|p2a: Zamazenta
|-boost|p2a: Zamazenta|atk|1
|
|upkeep
|turn|17
|
|t:|1743899671
|move|p2a: Zamazenta|Howl|p2a: Zamazenta
|-boost|p2a: Zamazenta|atk|1
|move|p1a: Zarude|Power Whip|p2a: Zamazenta
|-damage|p2a: Zamazenta|27/100
|
|upkeep
|turn|18
|
|t:|1743899691
|move|p2a: Zamazenta|Close Combat|p1a: Zarude
|-supereffective|p1a: Zarude
|-crit|p1a: Zarude
|-damage|p1a: Zarude|0 fnt
|-unboost|p2a: Zamazenta|def|1
|-unboost|p2a: Zamazenta|spd|1
|faint|p1a: Zarude
|
|upkeep
|c|☆A9MG|gg
|
|t:|1743899698
|switch|p1a: Iron Valiant|Iron Valiant|94/100
|-damage|p1a: Iron Valiant|88/100|[from] Stealth Rock
|turn|19
|
|t:|1743899704
|move|p1a: Iron Valiant|Vacuum Wave|p2a: Zamazenta
|-damage|p2a: Zamazenta|0 fnt
|faint|p2a: Zamazenta
|
|win|A9MG
|raw|A9MG's rating: 1423 &rarr; <strong>1444</strong><br />(+21 for winning)
|raw|976-EVILL's rating: 1447 &rarr; <strong>1426</strong><br />(-21 for losing)
|c|☆976-EVILL|g
|l|☆976-EVILL
|player|p2|
