|j|☆jidushan
|j|☆asheroakthorn
|t:|1743830816
|gametype|singles
|player|p1|jidushan|1|1418
|player|p2|asheroakthorn|266|1355
|teamsize|p1|6
|teamsize|p2|6
|gen|9
|tier|[Gen 9] OU
|rated|
|rule|HP Percentage Mod: HP is shown in percentages
|rule|Endless Battle Clause: Forcing endless battles is banned
|rule|Species Clause: Limit one of each Pokémon
|rule|OHKO Clause: OHKO moves are banned
|rule|Evasion Items Clause: Evasion items are banned
|rule|Evasion Moves Clause: Evasion moves are banned
|rule|Sleep Moves Clause: Sleep-inducing moves are banned
|clearpoke
|poke|p1|Maushold-Four|
|poke|p1|Garchomp, M|
|poke|p1|Clawitzer, M|
|poke|p1|Cloyster, M|
|poke|p1|Azumarill, F|
|poke|p1|Lucario, M|
|poke|p2|Scizor, M|
|poke|p2|Primarina, M|
|poke|p2|Landorus-Therian, M|
|poke|p2|Kyurem|
|poke|p2|Slowking-Galar, M|
|poke|p2|Meowscarada, M|
|teampreview
|inactive|Battle timer is ON: inactive players will automatically lose when time's up. (requested by jidushan)
|
|t:|1743830830
|start
|switch|p1a: Azumarill|Azumarill, F|100/100
|switch|p2a: Meowscarada|Meowscarada, M|100/100
|turn|1
|
|t:|1743830836
|switch|p1a: Lucario|Lucario, M, shiny|100/100
|-terastallize|p2a: Meowscarada|Grass
|move|p2a: Meowscarada|Flower Trick|p1a: Lucario
|-resisted|p1a: Lucario
|-crit|p1a: Lucario
|-damage|p1a: Lucario|45/100
|
|upkeep
|turn|2
|
|t:|1743830851
|-terastallize|p1a: Lucario|Flying
|move|p2a: Meowscarada|Flower Trick|p1a: Lucario
|-resisted|p1a: Lucario
|-crit|p1a: Lucario
|-damage|p1a: Lucario|0 fnt
|faint|p1a: Lucario
|
|upkeep
|
|t:|1743830861
|switch|p1a: Garchomp|Garchomp, M|100/100
|turn|3
|
|t:|1743830869
|move|p2a: Meowscarada|Flower Trick|p1a: Garchomp
|-crit|p1a: Garchomp
|-damage|p1a: Garchomp|44/100
|move|p1a: Garchomp|Stealth Rock|p2a: Meowscarada
|-sidestart|p2: asheroakthorn|move: Stealth Rock
|
|upkeep
|turn|4
|
|t:|1743830875
|move|p2a: Meowscarada|Flower Trick|p1a: Garchomp
|-crit|p1a: Garchomp
|-damage|p1a: Garchomp|0 fnt
|faint|p1a: Garchomp
|
|upkeep
|
|t:|1743830891
|switch|p1a: Cloyster|Cloyster, M, shiny|100/100
|turn|5
|
|t:|1743830894
|move|p2a: Meowscarada|Flower Trick|p1a: Cloyster
|-supereffective|p1a: Cloyster
|-crit|p1a: Cloyster
|-enditem|p1a: Cloyster|Focus Sash
|-damage|p1a: Cloyster|1/100
|move|p1a: Cloyster|Shell Smash|p1a: Cloyster
|-unboost|p1a: Cloyster|def|1
|-unboost|p1a: Cloyster|spd|1
|-boost|p1a: Cloyster|atk|2
|-boost|p1a: Cloyster|spa|2
|-boost|p1a: Cloyster|spe|2
|
|upkeep
|turn|6
|
|t:|1743830896
|move|p1a: Cloyster|Ice Shard|p2a: Meowscarada
|-supereffective|p2a: Meowscarada
|-damage|p2a: Meowscarada|0 fnt
|faint|p2a: Meowscarada
|
|upkeep
|
|t:|1743830899
|switch|p2a: Scizor|Scizor, M|100/100
|turn|7
|
|t:|1743830904
|switch|p1a: Clawitzer|Clawitzer, M, shiny|100/100
|move|p2a: Scizor|Bullet Punch|p1a: Clawitzer
|-resisted|p1a: Clawitzer
|-damage|p1a: Clawitzer|82/100
|
|upkeep
|turn|8
|
|t:|1743830907
|move|p2a: Scizor|Knock Off|p1a: Clawitzer
|-damage|p1a: Clawitzer|40/100
|-enditem|p1a: Clawitzer|Choice Specs|[from] move: Knock Off|[of] p2a: Scizor
|move|p1a: Clawitzer|Water Pulse|p2a: Scizor
|-damage|p2a: Scizor|35/100
|
|upkeep
|turn|9
|
|t:|1743830915
|move|p2a: Scizor|U-turn|p1a: Clawitzer
|-damage|p1a: Clawitzer|0 fnt
|faint|p1a: Clawitzer
|
|t:|1743830929
|switch|p2a: Slowking|Slowking-Galar, M|100/100|[from] U-turn
|
|upkeep
|
|t:|1743830936
|switch|p1a: Maushold|Maushold-Four|100/100
|turn|10
|
|t:|1743830942
|move|p1a: Maushold|Tidy Up|p1a: Maushold
|-sideend|p2: asheroakthorn|Stealth Rock
|-activate|p1a: Maushold|move: Tidy Up
|-boost|p1a: Maushold|atk|1
|-boost|p1a: Maushold|spe|1
|move|p2a: Slowking|Thunder Wave|p1a: Maushold
|-status|p1a: Maushold|par
|
|upkeep
|turn|11
|
|t:|1743830948
|move|p1a: Maushold|Tidy Up|p1a: Maushold
|-boost|p1a: Maushold|atk|1
|-boost|p1a: Maushold|spe|1
|move|p2a: Slowking|Future Sight|p1a: Maushold
|-start|p2a: Slowking|move: Future Sight
|
|upkeep
|turn|12
|
|t:|1743830957
|move|p1a: Maushold|Population Bomb|p2a: Slowking
|-damage|p2a: Slowking|77/100
|-damage|p2a: Slowking|54/100
|-damage|p2a: Slowking|30/100
|-damage|p2a: Slowking|7/100
|-damage|p2a: Slowking|0 fnt
|faint|p2a: Slowking
|-hitcount|p2: Slowking|5
|
|upkeep
|
|t:|1743830960
|switch|p2a: Landorus|Landorus-Therian, M|100/100
|-ability|p2a: Landorus|Intimidate|boost
|-unboost|p1a: Maushold|atk|1
|turn|13
|
|t:|1743830962
|move|p2a: Landorus|Earthquake|p1a: Maushold
|-damage|p1a: Maushold|31/100 par
|move|p1a: Maushold|Population Bomb|p2a: Landorus
|-damage|p2a: Landorus|82/100
|-damage|p1a: Maushold|14/100 par|[from] item: Rocky Helmet|[of] p2a: Landorus
|-damage|p2a: Landorus|65/100
|-damage|p1a: Maushold|0 fnt|[from] item: Rocky Helmet|[of] p2a: Landorus
|faint|p1a: Maushold
|-hitcount|p2a: Landorus|2
|
|-hint|Future Sight did not hit because the target is fainted.
|upkeep
|
|t:|1743830967
|switch|p1a: Azumarill|Azumarill, F|100/100
|turn|14
|
|t:|1743830970
|move|p2a: Landorus|Taunt|p1a: Azumarill
|-start|p1a: Azumarill|move: Taunt
|move|p1a: Azumarill|Liquidation|p2a: Landorus
|-supereffective|p2a: Landorus
|-damage|p2a: Landorus|0 fnt
|-damage|p1a: Azumarill|84/100|[from] item: Rocky Helmet|[of] p2a: Landorus
|faint|p2a: Landorus
|
|upkeep
|
|t:|1743830974
|switch|p2a: Primarina|Primarina, M|100/100
|turn|15
|
|t:|1743830976
|move|p2a: Primarina|Psychic Noise|p1a: Azumarill
|-damage|p1a: Azumarill|57/100
|-start|p1a: Azumarill|move: Heal Block
|move|p1a: Azumarill|Liquidation|p2a: Primarina
|-resisted|p2a: Primarina
|-damage|p2a: Primarina|43/100
|
|upkeep
|turn|16
|
|t:|1743830981
|move|p2a: Primarina|Moonblast|p1a: Azumarill
|-damage|p1a: Azumarill|0 fnt
|faint|p1a: Azumarill
|
|upkeep
|-message|jidushan forfeited.
|
|win|asheroakthorn
|raw|jidushan's rating: 1418 &rarr; <strong>1394</strong><br />(-24 for losing)
|raw|asheroakthorn's rating: 1355 &rarr; <strong>1379</strong><br />(+24 for winning)
|l|☆jidushan
|player|p1|
