|j|☆Marty10101
|j|☆jxrx
|t:|1743871671
|gametype|singles
|player|p1|Marty10101|ltsurge|1271
|player|p2|jxrx|norman|1221
|teamsize|p1|6
|teamsize|p2|6
|gen|9
|tier|[Gen 9] OU
|rated|
|rule|HP Percentage Mod: HP is shown in percentages
|rule|Endless Battle Clause: Forcing endless battles is banned
|rule|Species Clause: Limit one of each Pokémon
|rule|OHKO Clause: OHKO moves are banned
|rule|Evasion Items Clause: Evasion items are banned
|rule|Evasion Moves Clause: Evasion moves are banned
|rule|Sleep Moves Clause: Sleep-inducing moves are banned
|clearpoke
|poke|p1|Gliscor, F|
|poke|p1|Toxapex, F|
|poke|p1|Pecharunt|
|poke|p1|Cinderace, F|
|poke|p1|Tinkaton, F|
|poke|p1|Blissey, F|
|poke|p2|Moltres|
|poke|p2|Great Tusk|
|poke|p2|Muk-Alola, F|
|poke|p2|Dragapult, M|
|poke|p2|Empoleon, M|
|poke|p2|Jumpluff, M|
|teampreview
|
|t:|1743871678
|start
|switch|p1a: Toxapex|Toxapex, F|100/100
|switch|p2a: Jumpluff|Jumpluff, M|100/100
|turn|1
|inactive|Battle timer is ON: inactive players will automatically lose when time's up. (requested by jxrx)
|
|t:|1743871684
|move|p2a: Jumpluff|Stun Spore|p1a: Toxapex|[miss]
|-miss|p2a: Jumpluff|p1a: Toxapex
|move|p1a: Toxapex|Toxic Spikes|p2a: Jumpluff
|-sidestart|p2: jxrx|move: Toxic Spikes
|
|upkeep
|turn|2
|
|t:|1743871689
|move|p2a: Jumpluff|Encore|p1a: Toxapex
|-start|p1a: Toxapex|Encore
|move|p1a: Toxapex|Toxic Spikes|p2a: Jumpluff
|-sidestart|p2: jxrx|move: Toxic Spikes
|
|upkeep
|turn|3
|
|t:|1743871696
|switch|p1a: Blissey|Blissey, F|100/100
|move|p2a: Jumpluff|Stun Spore|p1a: Blissey
|-status|p1a: Blissey|par
|
|upkeep
|turn|4
|
|t:|1743871702
|move|p2a: Jumpluff|U-turn|p1a: Blissey
|-damage|p1a: Blissey|92/100 par
|
|t:|1743871708
|switch|p2a: Great Tusk|Great Tusk|100/100|[from] U-turn
|move|p1a: Blissey|Flamethrower|p2a: Great Tusk
|-damage|p2a: Great Tusk|76/100
|
|-heal|p1a: Blissey|98/100 par|[from] item: Leftovers
|upkeep
|turn|5
|
|t:|1743871717
|-curestatus|p1a: Blissey|par|[from] ability: Natural Cure
|switch|p1a: Tinkaton|Tinkaton, F|100/100
|-item|p1a: Tinkaton|Air Balloon
|move|p2a: Great Tusk|Stealth Rock|p1a: Tinkaton
|-sidestart|p1: Marty10101|move: Stealth Rock
|
|upkeep
|turn|6
|
|t:|1743871725
|-end|p2a: Great Tusk|Protosynthesis|[silent]
|switch|p2a: Moltres|Moltres|100/100
|move|p1a: Tinkaton|Encore||[still]
|-fail|p1a: Tinkaton
|
|upkeep
|turn|7
|
|t:|1743871730
|move|p1a: Tinkaton|Stealth Rock|p2a: Moltres
|-sidestart|p2: jxrx|move: Stealth Rock
|move|p2a: Moltres|U-turn|p1a: Tinkaton
|-resisted|p1a: Tinkaton
|-damage|p1a: Tinkaton|96/100
|-enditem|p1a: Tinkaton|Air Balloon
|-enditem|p2a: Moltres|Rocky Helmet|[silent]|[from] ability: Pickpocket|[of] p2a: Moltres
|-item|p1a: Tinkaton|Rocky Helmet|[from] ability: Pickpocket|[of] p2a: Moltres
|
|t:|1743871734
|switch|p2a: Great Tusk|Great Tusk|76/100|[from] U-turn
|
|upkeep
|turn|8
|
|t:|1743871742
|switch|p1a: Gliscor|Gliscor, F|100/100
|-damage|p1a: Gliscor|88/100|[from] Stealth Rock
|move|p2a: Great Tusk|Headlong Rush|p1a: Gliscor
|-immune|p1a: Gliscor
|
|-status|p1a: Gliscor|tox|[from] item: Toxic Orb
|upkeep
|turn|9
|
|t:|1743871758
|move|p1a: Gliscor|Protect|p1a: Gliscor
|-singleturn|p1a: Gliscor|Protect
|move|p2a: Great Tusk|Rapid Spin|p1a: Gliscor
|-activate|p1a: Gliscor|move: Protect
|
|-heal|p1a: Gliscor|100/100 tox|[from] ability: Poison Heal
|upkeep
|turn|10
|
|t:|1743871768
|move|p2a: Great Tusk|Ice Spinner|p1a: Gliscor
|-supereffective|p1a: Gliscor
|-damage|p1a: Gliscor|29/100 tox
|move|p1a: Gliscor|Toxic|p2a: Great Tusk
|-status|p2a: Great Tusk|tox
|
|-damage|p2a: Great Tusk|70/100 tox|[from] psn
|-heal|p1a: Gliscor|42/100 tox|[from] ability: Poison Heal
|upkeep
|turn|11
|
|t:|1743871777
|-end|p2a: Great Tusk|Protosynthesis|[silent]
|switch|p2a: Muk|Muk-Alola, F|100/100
|-sideend|p2: jxrx|move: Toxic Spikes|[of] p2a: Muk
|-damage|p2a: Muk|88/100|[from] Stealth Rock
|move|p1a: Gliscor|Protect||[still]
|-fail|p1a: Gliscor
|
|-heal|p1a: Gliscor|54/100 tox|[from] ability: Poison Heal
|upkeep
|turn|12
|
|t:|1743871785
|switch|p2a: Jumpluff|Jumpluff, M|100/100
|-damage|p2a: Jumpluff|76/100|[from] Stealth Rock
|move|p1a: Gliscor|Earthquake|p2a: Jumpluff
|-immune|p2a: Jumpluff
|
|-heal|p1a: Gliscor|67/100 tox|[from] ability: Poison Heal
|upkeep
|turn|13
|
|t:|1743871795
|move|p2a: Jumpluff|Strength Sap|p1a: Gliscor
|-unboost|p1a: Gliscor|atk|1
|-heal|p2a: Jumpluff|100/100
|move|p1a: Gliscor|Toxic|p2a: Jumpluff
|-status|p2a: Jumpluff|tox
|
|-damage|p2a: Jumpluff|94/100 tox|[from] psn
|-heal|p1a: Gliscor|79/100 tox|[from] ability: Poison Heal
|upkeep
|turn|14
|
|t:|1743871810
|switch|p1a: Blissey|Blissey, F|98/100
|-damage|p1a: Blissey|86/100|[from] Stealth Rock
|move|p2a: Jumpluff|U-turn|p1a: Blissey
|-damage|p1a: Blissey|78/100
|
|t:|1743871823
|switch|p2a: Muk|Muk-Alola, F|88/100|[from] U-turn
|-damage|p2a: Muk|76/100|[from] Stealth Rock
|
|-heal|p1a: Blissey|84/100|[from] item: Leftovers
|upkeep
|turn|15
|
|t:|1743871831
|move|p1a: Blissey|Flamethrower|p2a: Muk
|-damage|p2a: Muk|69/100
|move|p2a: Muk|Knock Off|p1a: Blissey
|-damage|p1a: Blissey|53/100
|-enditem|p1a: Blissey|Leftovers|[from] move: Knock Off|[of] p2a: Muk
|
|upkeep
|turn|16
|
|t:|1743871838
|move|p1a: Blissey|Soft-Boiled|p1a: Blissey
|-heal|p1a: Blissey|100/100
|move|p2a: Muk|Drain Punch|p1a: Blissey
|-supereffective|p1a: Blissey
|-damage|p1a: Blissey|69/100
|-heal|p2a: Muk|96/100|[from] drain|[of] p1a: Blissey
|-status|p1a: Blissey|psn|[from] ability: Poison Touch|[of] p2a: Muk
|
|-damage|p1a: Blissey|56/100 psn|[from] psn
|upkeep
|turn|17
|
|t:|1743871849
|-curestatus|p1a: Blissey|psn|[from] ability: Natural Cure
|switch|p1a: Pecharunt|Pecharunt|100/100
|-damage|p1a: Pecharunt|88/100|[from] Stealth Rock
|move|p2a: Muk|Drain Punch|p1a: Pecharunt
|-immune|p1a: Pecharunt
|
|upkeep
|turn|18
|
|t:|1743871861
|switch|p2a: Empoleon|Empoleon, M|100/100
|-damage|p2a: Empoleon|95/100|[from] Stealth Rock
|move|p1a: Pecharunt|Destiny Bond|p1a: Pecharunt
|-singlemove|p1a: Pecharunt|Destiny Bond
|
|-heal|p2a: Empoleon|100/100|[from] item: Leftovers
|upkeep
|turn|19
|
|t:|1743871869
|move|p1a: Pecharunt|Shadow Ball|p2a: Empoleon
|-damage|p2a: Empoleon|65/100
|move|p2a: Empoleon|Agility|p2a: Empoleon
|-boost|p2a: Empoleon|spe|2
|
|-heal|p2a: Empoleon|71/100|[from] item: Leftovers
|upkeep
|turn|20
|
|t:|1743871877
|move|p2a: Empoleon|Surf|p1a: Pecharunt
|-damage|p1a: Pecharunt|31/100
|move|p1a: Pecharunt|Shadow Ball|p2a: Empoleon
|-damage|p2a: Empoleon|35/100
|-unboost|p2a: Empoleon|spd|1
|-ability|p2a: Empoleon|Competitive|boost
|-boost|p2a: Empoleon|spa|2
|
|-heal|p2a: Empoleon|41/100|[from] item: Leftovers
|upkeep
|turn|21
|
|t:|1743871888
|switch|p1a: Blissey|Blissey, F|56/100
|-damage|p1a: Blissey|44/100|[from] Stealth Rock
|move|p2a: Empoleon|Surf|p1a: Blissey
|-damage|p1a: Blissey|10/100
|
|-heal|p2a: Empoleon|47/100|[from] item: Leftovers
|upkeep
|turn|22
|
|t:|1743871897
|move|p2a: Empoleon|Surf|p1a: Blissey
|-damage|p1a: Blissey|0 fnt
|faint|p1a: Blissey
|
|-heal|p2a: Empoleon|53/100|[from] item: Leftovers
|upkeep
|
|t:|1743871909
|switch|p1a: Toxapex|Toxapex, F|100/100
|-damage|p1a: Toxapex|88/100|[from] Stealth Rock
|turn|23
|
|t:|1743871912
|move|p2a: Empoleon|Flash Cannon|p1a: Toxapex
|-resisted|p1a: Toxapex
|-damage|p1a: Toxapex|63/100
|move|p1a: Toxapex|Haze|p1a: Toxapex
|-clearallboost
|
|-heal|p2a: Empoleon|59/100|[from] item: Leftovers
|-heal|p1a: Toxapex|69/100|[from] item: Black Sludge
|upkeep
|turn|24
|
|t:|1743871923
|move|p2a: Empoleon|Flash Cannon|p1a: Toxapex
|-resisted|p1a: Toxapex
|-damage|p1a: Toxapex|55/100
|move|p1a: Toxapex|Toxic Spikes|p2a: Empoleon
|-sidestart|p2: jxrx|move: Toxic Spikes
|
|-heal|p2a: Empoleon|65/100|[from] item: Leftovers
|-heal|p1a: Toxapex|61/100|[from] item: Black Sludge
|upkeep
|turn|25
|
|t:|1743871932
|move|p2a: Empoleon|Flash Cannon|p1a: Toxapex
|-resisted|p1a: Toxapex
|-damage|p1a: Toxapex|47/100
|move|p1a: Toxapex|Toxic Spikes|p2a: Empoleon
|-sidestart|p2: jxrx|move: Toxic Spikes
|
|-heal|p2a: Empoleon|71/100|[from] item: Leftovers
|-heal|p1a: Toxapex|53/100|[from] item: Black Sludge
|upkeep
|turn|26
|
|t:|1743871942
|switch|p2a: Jumpluff|Jumpluff, M|94/100 tox
|-damage|p2a: Jumpluff|69/100 tox|[from] Stealth Rock
|move|p1a: Toxapex|Recover|p1a: Toxapex
|-heal|p1a: Toxapex|100/100
|
|-damage|p2a: Jumpluff|63/100 tox|[from] psn
|upkeep
|turn|27
|
|t:|1743871954
|switch|p1a: Pecharunt|Pecharunt|31/100
|-damage|p1a: Pecharunt|19/100|[from] Stealth Rock
|move|p2a: Jumpluff|Strength Sap|p1a: Pecharunt
|-unboost|p1a: Pecharunt|atk|1
|-heal|p2a: Jumpluff|100/100 tox
|
|-damage|p2a: Jumpluff|88/100 tox|[from] psn
|upkeep
|turn|28
|
|t:|1743871965
|move|p2a: Jumpluff|Stun Spore|p1a: Pecharunt
|-status|p1a: Pecharunt|par
|move|p1a: Pecharunt|Shadow Ball|p2a: Jumpluff
|-damage|p2a: Jumpluff|61/100 tox
|
|-damage|p2a: Jumpluff|42/100 tox|[from] psn
|upkeep
|turn|29
|
|t:|1743871972
|move|p2a: Jumpluff|U-turn|p1a: Pecharunt
|-resisted|p1a: Pecharunt
|-damage|p1a: Pecharunt|18/100 par
|
|t:|1743871977
|switch|p2a: Muk|Muk-Alola, F|96/100|[from] U-turn
|-damage|p2a: Muk|84/100|[from] Stealth Rock
|-sideend|p2: jxrx|move: Toxic Spikes|[of] p2a: Muk
|move|p1a: Pecharunt|Destiny Bond|p1a: Pecharunt
|-singlemove|p1a: Pecharunt|Destiny Bond
|
|upkeep
|turn|30
|
|t:|1743871986
|move|p1a: Pecharunt|Parting Shot|p2a: Muk
|-unboost|p2a: Muk|atk|1
|-unboost|p2a: Muk|spa|1
|
|t:|1743871990
|switch|p1a: Gliscor|Gliscor, F|79/100 tox|[from] Parting Shot
|-damage|p1a: Gliscor|67/100 tox|[from] Stealth Rock
|move|p2a: Muk|Knock Off|p1a: Gliscor
|-damage|p1a: Gliscor|52/100 tox
|-enditem|p1a: Gliscor|Toxic Orb|[from] move: Knock Off|[of] p2a: Muk
|
|-heal|p1a: Gliscor|65/100 tox|[from] ability: Poison Heal
|upkeep
|turn|31
|
|t:|1743872001
|switch|p2a: Jumpluff|Jumpluff, M|42/100 tox
|-damage|p2a: Jumpluff|17/100 tox|[from] Stealth Rock
|move|p1a: Gliscor|Earthquake|p2a: Jumpluff
|-immune|p2a: Jumpluff
|
|-damage|p2a: Jumpluff|11/100 tox|[from] psn
|-heal|p1a: Gliscor|77/100 tox|[from] ability: Poison Heal
|upkeep
|turn|32
|
|t:|1743872015
|move|p1a: Gliscor|Protect|p1a: Gliscor
|-singleturn|p1a: Gliscor|Protect
|move|p2a: Jumpluff|Strength Sap|p1a: Gliscor
|-activate|p1a: Gliscor|move: Protect
|
|-damage|p2a: Jumpluff|0 fnt|[from] psn
|faint|p2a: Jumpluff
|-heal|p1a: Gliscor|89/100 tox|[from] ability: Poison Heal
|upkeep
|
|t:|1743872017
|switch|p2a: Empoleon|Empoleon, M|71/100
|-damage|p2a: Empoleon|65/100|[from] Stealth Rock
|turn|33
|
|t:|1743872036
|switch|p1a: Tinkaton|Tinkaton, F|96/100
|-damage|p1a: Tinkaton|90/100|[from] Stealth Rock
|move|p2a: Empoleon|Ice Beam|p1a: Tinkaton
|-resisted|p1a: Tinkaton
|-damage|p1a: Tinkaton|74/100
|
|-heal|p2a: Empoleon|71/100|[from] item: Leftovers
|upkeep
|turn|34
|
|t:|1743872046
|switch|p2a: Moltres|Moltres|100/100
|-damage|p2a: Moltres|51/100|[from] Stealth Rock
|move|p1a: Tinkaton|Encore||[still]
|-fail|p1a: Tinkaton
|
|upkeep
|turn|35
|
|t:|1743872053
|move|p1a: Tinkaton|Gigaton Hammer|p2a: Moltres
|-resisted|p2a: Moltres
|-damage|p2a: Moltres|31/100
|move|p2a: Moltres|Roar|p1a: Tinkaton
|drag|p1a: Pecharunt|Pecharunt|18/100 par
|-damage|p1a: Pecharunt|5/100 par|[from] Stealth Rock
|
|upkeep
|turn|36
|
|t:|1743872063
|move|p2a: Moltres|Flamethrower|p1a: Pecharunt
|-damage|p1a: Pecharunt|0 fnt
|faint|p1a: Pecharunt
|
|upkeep
|
|t:|1743872069
|switch|p1a: Cinderace|Cinderace, F|100/100
|turn|37
|
|t:|1743872077
|move|p1a: Cinderace|Pyro Ball|p2a: Moltres
|-resisted|p2a: Moltres
|-damage|p2a: Moltres|9/100
|move|p2a: Moltres|Roost|p2a: Moltres
|-heal|p2a: Moltres|59/100
|-singleturn|p2a: Moltres|move: Roost
|
|upkeep
|turn|38
|
|t:|1743872086
|move|p1a: Cinderace|Pyro Ball|p2a: Moltres
|-resisted|p2a: Moltres
|-damage|p2a: Moltres|38/100
|move|p2a: Moltres|Roost|p2a: Moltres
|-heal|p2a: Moltres|88/100
|-singleturn|p2a: Moltres|move: Roost
|
|upkeep
|turn|39
|
|t:|1743872095
|move|p1a: Cinderace|U-turn|p2a: Moltres
|-start|p1a: Cinderace|typechange|Bug|[from] ability: Libero
|-resisted|p2a: Moltres
|-damage|p2a: Moltres|82/100
|
|t:|1743872106
|switch|p1a: Tinkaton|Tinkaton, F|74/100|[from] U-turn
|-damage|p1a: Tinkaton|68/100|[from] Stealth Rock
|move|p2a: Moltres|Roar|p1a: Tinkaton
|drag|p1a: Toxapex|Toxapex, F|100/100
|-damage|p1a: Toxapex|88/100|[from] Stealth Rock
|
|-heal|p1a: Toxapex|94/100|[from] item: Black Sludge
|upkeep
|turn|40
|
|t:|1743872124
|move|p2a: Moltres|U-turn|p1a: Toxapex
|-resisted|p1a: Toxapex
|-damage|p1a: Toxapex|89/100
|
|t:|1743872126
|switch|p2a: Empoleon|Empoleon, M|71/100|[from] U-turn
|-damage|p2a: Empoleon|65/100|[from] Stealth Rock
|move|p1a: Toxapex|Toxic Spikes|p2a: Empoleon
|-sidestart|p2: jxrx|move: Toxic Spikes
|
|-heal|p2a: Empoleon|71/100|[from] item: Leftovers
|-heal|p1a: Toxapex|95/100|[from] item: Black Sludge
|upkeep
|turn|41
|
|t:|1743872141
|move|p2a: Empoleon|Flash Cannon|p1a: Toxapex
|-resisted|p1a: Toxapex
|-damage|p1a: Toxapex|82/100
|move|p1a: Toxapex|Toxic Spikes|p2a: Empoleon
|-sidestart|p2: jxrx|move: Toxic Spikes
|
|-heal|p2a: Empoleon|77/100|[from] item: Leftovers
|-heal|p1a: Toxapex|88/100|[from] item: Black Sludge
|upkeep
|turn|42
|
|t:|1743872169
|switch|p2a: Muk|Muk-Alola, F|84/100
|-damage|p2a: Muk|72/100|[from] Stealth Rock
|-sideend|p2: jxrx|move: Toxic Spikes|[of] p2a: Muk
|switch|p1a: Tinkaton|Tinkaton, F|68/100
|-damage|p1a: Tinkaton|62/100|[from] Stealth Rock
|
|upkeep
|turn|43
|
|t:|1743872184
|switch|p2a: Moltres|Moltres|82/100
|-damage|p2a: Moltres|33/100|[from] Stealth Rock
|move|p1a: Tinkaton|Fake Out|p2a: Moltres
|-damage|p2a: Moltres|26/100
|
|upkeep
|turn|44
|
|t:|1743872196
|move|p1a: Tinkaton|Gigaton Hammer|p2a: Moltres
|-resisted|p2a: Moltres
|-damage|p2a: Moltres|7/100
|move|p2a: Moltres|Roost|p2a: Moltres
|-heal|p2a: Moltres|57/100
|-singleturn|p2a: Moltres|move: Roost
|
|upkeep
|turn|45
|
|t:|1743872207
|switch|p1a: Gliscor|Gliscor, F|89/100 tox
|-damage|p1a: Gliscor|77/100 tox|[from] Stealth Rock
|move|p2a: Moltres|Roost|p2a: Moltres
|-heal|p2a: Moltres|100/100
|-singleturn|p2a: Moltres|move: Roost
|
|-heal|p1a: Gliscor|89/100 tox|[from] ability: Poison Heal
|upkeep
|turn|46
|
|t:|1743872215
|move|p1a: Gliscor|Toxic|p2a: Moltres
|-status|p2a: Moltres|tox
|move|p2a: Moltres|U-turn|p1a: Gliscor
|-resisted|p1a: Gliscor
|-damage|p1a: Gliscor|85/100 tox
|
|t:|1743872219
|switch|p2a: Empoleon|Empoleon, M|77/100|[from] U-turn
|-damage|p2a: Empoleon|71/100|[from] Stealth Rock
|
|-heal|p2a: Empoleon|77/100|[from] item: Leftovers
|-heal|p1a: Gliscor|97/100 tox|[from] ability: Poison Heal
|upkeep
|turn|47
|
|t:|1743872227
|move|p1a: Gliscor|Protect|p1a: Gliscor
|-singleturn|p1a: Gliscor|Protect
|move|p2a: Empoleon|Ice Beam|p1a: Gliscor
|-activate|p1a: Gliscor|move: Protect
|
|-heal|p2a: Empoleon|83/100|[from] item: Leftovers
|-heal|p1a: Gliscor|100/100 tox|[from] ability: Poison Heal
|upkeep
|turn|48
|
|t:|1743872238
|move|p1a: Gliscor|Substitute|p1a: Gliscor
|-start|p1a: Gliscor|Substitute
|-damage|p1a: Gliscor|76/100 tox
|move|p2a: Empoleon|Ice Beam|p1a: Gliscor
|-supereffective|p1a: Gliscor
|-end|p1a: Gliscor|Substitute
|
|-heal|p2a: Empoleon|89/100|[from] item: Leftovers
|-heal|p1a: Gliscor|88/100 tox|[from] ability: Poison Heal
|upkeep
|turn|49
|
|t:|1743872246
|move|p1a: Gliscor|Protect|p1a: Gliscor
|-singleturn|p1a: Gliscor|Protect
|move|p2a: Empoleon|Agility|p2a: Empoleon
|-boost|p2a: Empoleon|spe|2
|
|-heal|p2a: Empoleon|95/100|[from] item: Leftovers
|-heal|p1a: Gliscor|100/100 tox|[from] ability: Poison Heal
|upkeep
|turn|50
|
|t:|1743872256
|switch|p1a: Toxapex|Toxapex, F|100/100
|-damage|p1a: Toxapex|88/100|[from] Stealth Rock
|move|p2a: Empoleon|Ice Beam|p1a: Toxapex
|-resisted|p1a: Toxapex
|-damage|p1a: Toxapex|79/100
|
|-heal|p2a: Empoleon|100/100|[from] item: Leftovers
|-heal|p1a: Toxapex|85/100|[from] item: Black Sludge
|upkeep
|turn|51
|
|t:|1743872266
|move|p2a: Empoleon|Flash Cannon|p1a: Toxapex
|-resisted|p1a: Toxapex
|-damage|p1a: Toxapex|71/100
|move|p1a: Toxapex|Haze|p1a: Toxapex
|-clearallboost
|
|-heal|p1a: Toxapex|77/100|[from] item: Black Sludge
|upkeep
|turn|52
|
|t:|1743872278
|switch|p2a: Great Tusk|Great Tusk|70/100 tox
|move|p1a: Toxapex|Toxic Spikes|p2a: Great Tusk
|-sidestart|p2: jxrx|move: Toxic Spikes
|
|-heal|p1a: Toxapex|83/100|[from] item: Black Sludge
|-damage|p2a: Great Tusk|63/100 tox|[from] psn
|upkeep
|turn|53
|
|t:|1743872288
|move|p1a: Toxapex|Baneful Bunker|p1a: Toxapex
|-singleturn|p1a: Toxapex|move: Protect
|move|p2a: Great Tusk|Rapid Spin|p1a: Toxapex
|-activate|p1a: Toxapex|move: Protect
|
|-heal|p1a: Toxapex|89/100|[from] item: Black Sludge
|-damage|p2a: Great Tusk|51/100 tox|[from] psn
|upkeep
|turn|54
|
|t:|1743872300
|switch|p1a: Tinkaton|Tinkaton, F|62/100
|-damage|p1a: Tinkaton|56/100|[from] Stealth Rock
|move|p2a: Great Tusk|Rapid Spin|p1a: Tinkaton
|-resisted|p1a: Tinkaton
|-damage|p1a: Tinkaton|44/100
|-boost|p2a: Great Tusk|spe|1
|-damage|p2a: Great Tusk|34/100 tox|[from] item: Rocky Helmet|[of] p1a: Tinkaton
|-sideend|p2: jxrx|Toxic Spikes|[from] move: Rapid Spin|[of] p2a: Great Tusk
|-sideend|p2: jxrx|Stealth Rock|[from] move: Rapid Spin|[of] p2a: Great Tusk
|
|-damage|p2a: Great Tusk|16/100 tox|[from] psn
|upkeep
|turn|55
|
|t:|1743872313
|-end|p2a: Great Tusk|Protosynthesis|[silent]
|switch|p2a: Moltres|Moltres|100/100 tox
|move|p1a: Tinkaton|Fake Out|p2a: Moltres
|-damage|p2a: Moltres|94/100 tox
|-status|p1a: Tinkaton|brn|[from] ability: Flame Body|[of] p2a: Moltres
|
|-damage|p2a: Moltres|88/100 tox|[from] psn
|-damage|p1a: Tinkaton|38/100 brn|[from] brn
|upkeep
|turn|56
|
|t:|1743872324
|move|p1a: Tinkaton|Stealth Rock|p2a: Moltres
|-sidestart|p2: jxrx|move: Stealth Rock
|move|p2a: Moltres|Flamethrower|p1a: Tinkaton
|-supereffective|p1a: Tinkaton
|-crit|p1a: Tinkaton
|-damage|p1a: Tinkaton|0 fnt
|faint|p1a: Tinkaton
|
|-damage|p2a: Moltres|76/100 tox|[from] psn
|upkeep
|
|t:|1743872333
|switch|p1a: Toxapex|Toxapex, F|100/100
|-damage|p1a: Toxapex|88/100|[from] Stealth Rock
|turn|57
|inactive|jxrx has 120 seconds left.
|
|t:|1743872387
|move|p1a: Toxapex|Toxic Spikes|p2a: Moltres
|-sidestart|p2: jxrx|move: Toxic Spikes
|move|p2a: Moltres|Roar|p1a: Toxapex
|drag|p1a: Gliscor|Gliscor, F|100/100 tox
|-damage|p1a: Gliscor|88/100 tox|[from] Stealth Rock
|
|-heal|p1a: Gliscor|100/100 tox|[from] ability: Poison Heal
|-damage|p2a: Moltres|58/100 tox|[from] psn
|upkeep
|turn|58
|
|t:|1743872399
|move|p1a: Gliscor|Substitute|p1a: Gliscor
|-start|p1a: Gliscor|Substitute
|-damage|p1a: Gliscor|76/100 tox
|move|p2a: Moltres|Roost|p2a: Moltres
|-heal|p2a: Moltres|100/100 tox
|-singleturn|p2a: Moltres|move: Roost
|
|-heal|p1a: Gliscor|88/100 tox|[from] ability: Poison Heal
|-damage|p2a: Moltres|76/100 tox|[from] psn
|upkeep
|turn|59
|
|t:|1743872408
|switch|p2a: Great Tusk|Great Tusk|16/100 tox
|move|p1a: Gliscor|Protect||[still]
|-fail|p1a: Gliscor
|
|-damage|p2a: Great Tusk|10/100 tox|[from] psn
|-heal|p1a: Gliscor|100/100 tox|[from] ability: Poison Heal
|upkeep
|turn|60
|inactive|jxrx has 120 seconds left.
|
|t:|1743872416
|move|p1a: Gliscor|Protect|p1a: Gliscor
|-singleturn|p1a: Gliscor|Protect
|move|p2a: Great Tusk|Rapid Spin|p1a: Gliscor
|-activate|p1a: Gliscor|move: Protect
|
|-damage|p2a: Great Tusk|0 fnt|[from] psn
|faint|p2a: Great Tusk
|-end|p2a: Great Tusk|Protosynthesis|[silent]
|upkeep
|inactive|jxrx has 120 seconds left.
|inactive|jxrx has 90 seconds left.
|inactive|jxrx has 60 seconds left.
|inactive|jxrx has 30 seconds left.
|inactive|jxrx has 20 seconds left.
|
|t:|1743872525
|switch|p2a: Empoleon|Empoleon, M|100/100
|-damage|p2a: Empoleon|95/100|[from] Stealth Rock
|turn|61
|inactive|jxrx has 30 seconds left this turn.
|
|t:|1743872530
|move|p1a: Gliscor|Earthquake|p2a: Empoleon
|-supereffective|p2a: Empoleon
|-damage|p2a: Empoleon|19/100
|move|p2a: Empoleon|Agility|p2a: Empoleon
|-boost|p2a: Empoleon|spe|2
|
|-heal|p2a: Empoleon|25/100|[from] item: Leftovers
|upkeep
|turn|62
|
|t:|1743872538
|move|p2a: Empoleon|Ice Beam|p1a: Gliscor
|-supereffective|p1a: Gliscor
|-end|p1a: Gliscor|Substitute
|move|p1a: Gliscor|Earthquake|p2a: Empoleon
|-supereffective|p2a: Empoleon
|-damage|p2a: Empoleon|0 fnt
|faint|p2a: Empoleon
|
|upkeep
|
|t:|1743872542
|switch|p2a: Muk|Muk-Alola, F|72/100
|-damage|p2a: Muk|59/100|[from] Stealth Rock
|-sideend|p2: jxrx|move: Toxic Spikes|[of] p2a: Muk
|turn|63
|
|t:|1743872549
|switch|p2a: Dragapult|Dragapult, M|100/100
|-damage|p2a: Dragapult|88/100|[from] Stealth Rock
|move|p1a: Gliscor|Earthquake|p2a: Dragapult
|-damage|p2a: Dragapult|45/100
|
|-heal|p2a: Dragapult|51/100|[from] item: Leftovers
|upkeep
|turn|64
|inactive|jxrx has 60 seconds left.
|
|t:|1743872557
|move|p2a: Dragapult|Substitute|p2a: Dragapult
|-start|p2a: Dragapult|Substitute
|-damage|p2a: Dragapult|26/100
|move|p1a: Gliscor|Toxic||[still]
|-fail|p1a: Gliscor
|
|-heal|p2a: Dragapult|32/100|[from] item: Leftovers
|upkeep
|turn|65
|
|t:|1743872566
|move|p2a: Dragapult|Phantom Force||[still]
|-prepare|p2a: Dragapult|Phantom Force
|move|p1a: Gliscor|Substitute|p1a: Gliscor
|-start|p1a: Gliscor|Substitute
|-damage|p1a: Gliscor|76/100 tox
|
|-heal|p2a: Dragapult|38/100|[from] item: Leftovers
|-heal|p1a: Gliscor|88/100 tox|[from] ability: Poison Heal
|upkeep
|turn|66
|
|t:|1743872578
|move|p2a: Dragapult|Phantom Force|p1a: Gliscor|[from] lockedmove
|-end|p1a: Gliscor|Substitute
|move|p1a: Gliscor|Earthquake|p2a: Dragapult
|-end|p2a: Dragapult|Substitute
|
|-heal|p2a: Dragapult|44/100|[from] item: Leftovers
|-heal|p1a: Gliscor|100/100 tox|[from] ability: Poison Heal
|upkeep
|turn|67
|
|t:|1743872588
|move|p2a: Dragapult|Dragon Dance|p2a: Dragapult
|-boost|p2a: Dragapult|atk|1
|-boost|p2a: Dragapult|spe|1
|move|p1a: Gliscor|Earthquake|p2a: Dragapult
|-damage|p2a: Dragapult|3/100
|
|-heal|p2a: Dragapult|9/100|[from] item: Leftovers
|upkeep
|turn|68
|
|t:|1743872595
|move|p2a: Dragapult|Dragon Darts|p1a: Gliscor
|-damage|p1a: Gliscor|78/100 tox
|-anim|p2a: Dragapult|Dragon Darts|p1a: Gliscor
|-damage|p1a: Gliscor|56/100 tox
|move|p1a: Gliscor|Earthquake|p2a: Dragapult
|-damage|p2a: Dragapult|0 fnt
|faint|p2a: Dragapult
|
|-heal|p1a: Gliscor|69/100 tox|[from] ability: Poison Heal
|upkeep
|-message|jxrx forfeited.
|
|win|Marty10101
|raw|Marty10101's rating: 1271 &rarr; <strong>1292</strong><br />(+21 for winning)
|raw|jxrx's rating: 1221 &rarr; <strong>1200</strong><br />(-21 for losing)
|l|☆jxrx
|player|p2|
|l|☆Marty10101
|player|p1|
|j|☆Marty10101
|player|p1|Marty10101|ltsurge|
