|j|☆b888izi
|j|☆stenchclassic
|t:|1743936908
|gametype|singles
|player|p1|b888izi|red|1123
|player|p2|stenchclassic|266|1167
|teamsize|p1|6
|teamsize|p2|6
|gen|9
|tier|[Gen 9] OU
|rated|
|rule|HP Percentage Mod: HP is shown in percentages
|rule|Endless Battle Clause: Forcing endless battles is banned
|rule|Species Clause: Limit one of each Pokémon
|rule|OHKO Clause: OHKO moves are banned
|rule|Evasion Items Clause: Evasion items are banned
|rule|Evasion Moves Clause: Evasion moves are banned
|rule|Sleep Moves Clause: Sleep-inducing moves are banned
|clearpoke
|poke|p1|Pikachu, F|
|poke|p1|Blastoise, F|
|poke|p1|Charizard, M|
|poke|p1|Venusaur, F|
|poke|p1|Snorlax, M|
|poke|p1|Lapras, F|
|poke|p2|Kingambit, M|
|poke|p2|Smeargle, F|
|poke|p2|Serperior, M|
|poke|p2|Malamar, F|
|poke|p2|Pecharunt|
|poke|p2|Moltres|
|teampreview
|inactive|Battle timer is ON: inactive players will automatically lose when time's up. (requested by stenchclassic)
|inactive|b888izi has 120 seconds left.
|
|t:|1743936967
|start
|switch|p1a: Blastoise|Blastoise, F|100/100
|switch|p2a: Smeargle|Smeargle, F|100/100
|turn|1
|
|t:|1743936987
|move|p2a: Smeargle|Sticky Web|p1a: Blastoise
|-sidestart|p1: b888izi|move: Sticky Web
|move|p1a: Blastoise|Shell Smash|p1a: Blastoise
|-unboost|p1a: Blastoise|def|1
|-unboost|p1a: Blastoise|spd|1
|-boost|p1a: Blastoise|atk|2
|-boost|p1a: Blastoise|spa|2
|-boost|p1a: Blastoise|spe|2
|-enditem|p1a: Blastoise|White Herb
|-clearnegativeboost|p1a: Blastoise|[silent]
|
|upkeep
|turn|2
|
|t:|1743936995
|move|p1a: Blastoise|Rapid Spin|p2a: Smeargle
|-damage|p2a: Smeargle|58/100
|-boost|p1a: Blastoise|spe|1
|-sideend|p1: b888izi|Sticky Web|[from] move: Rapid Spin|[of] p1a: Blastoise
|move|p2a: Smeargle|Roar|p1a: Blastoise
|drag|p1a: Charizard|Charizard, M|100/100
|
|upkeep
|turn|3
|
|t:|1743937007
|switch|p2a: Moltres|Moltres|100/100
|move|p1a: Charizard|Focus Blast|p2a: Moltres
|-resisted|p2a: Moltres
|-damage|p2a: Moltres|80/100
|
|upkeep
|turn|4
|
|t:|1743937017
|move|p1a: Charizard|Hurricane|p2a: Moltres
|-damage|p2a: Moltres|22/100
|move|p2a: Moltres|Roost|p2a: Moltres
|-heal|p2a: Moltres|72/100
|-singleturn|p2a: Moltres|move: Roost
|
|upkeep
|turn|5
|
|t:|1743937025
|switch|p1a: Blastoise|Blastoise, F|100/100
|switch|p2a: Pecharunt|Pecharunt|100/100
|
|upkeep
|turn|6
|
|t:|1743937034
|switch|p1a: Snorlax|Snorlax, M|100/100
|move|p2a: Pecharunt|Malignant Chain|p1a: Snorlax
|-damage|p1a: Snorlax|88/100
|
|upkeep
|turn|7
|
|t:|1743937046
|move|p2a: Pecharunt|Parting Shot|p1a: Snorlax
|-unboost|p1a: Snorlax|atk|1
|-unboost|p1a: Snorlax|spa|1
|
|t:|1743937050
|switch|p2a: Malamar|Malamar, F|100/100|[from] Parting Shot
|move|p1a: Snorlax|Curse|p1a: Snorlax
|-unboost|p1a: Snorlax|spe|1
|-boost|p1a: Snorlax|atk|1
|-boost|p1a: Snorlax|def|1
|
|upkeep
|turn|8
|
|t:|1743937063
|switch|p1a: Charizard|Charizard, M|100/100
|move|p2a: Malamar|Superpower|p1a: Charizard
|-resisted|p1a: Charizard
|-crit|p1a: Charizard
|-damage|p1a: Charizard|63/100
|-boost|p2a: Malamar|atk|1
|-boost|p2a: Malamar|def|1
|
|upkeep
|turn|9
|
|t:|1743937071
|move|p1a: Charizard|Will-O-Wisp|p2a: Malamar
|-status|p2a: Malamar|brn
|move|p2a: Malamar|Liquidation|p1a: Charizard
|-supereffective|p1a: Charizard
|-damage|p1a: Charizard|11/100
|
|-damage|p2a: Malamar|94/100 brn|[from] brn
|upkeep
|turn|10
|
|t:|1743937084
|switch|p1a: Venusaur|Venusaur, F|100/100
|move|p2a: Malamar|Superpower|p1a: Venusaur
|-resisted|p1a: Venusaur
|-damage|p1a: Venusaur|87/100
|-boost|p2a: Malamar|atk|1
|-boost|p2a: Malamar|def|1
|
|-heal|p1a: Venusaur|93/100|[from] item: Leftovers
|-damage|p2a: Malamar|88/100 brn|[from] brn
|upkeep
|turn|11
|
|t:|1743937095
|move|p2a: Malamar|Knock Off|p1a: Venusaur
|-crit|p1a: Venusaur
|-damage|p1a: Venusaur|33/100
|-enditem|p1a: Venusaur|Leftovers|[from] move: Knock Off|[of] p2a: Malamar
|move|p1a: Venusaur|Leech Seed|p2a: Malamar
|-start|p2a: Malamar|move: Leech Seed
|
|-damage|p2a: Malamar|76/100 brn|[from] Leech Seed|[of] p1a: Venusaur
|-heal|p1a: Venusaur|44/100|[silent]
|-damage|p2a: Malamar|70/100 brn|[from] brn
|upkeep
|turn|12
|
|t:|1743937106
|switch|p2a: Smeargle|Smeargle, F|58/100
|move|p1a: Venusaur|Giga Drain|p2a: Smeargle
|-damage|p2a: Smeargle|8/100
|-heal|p1a: Venusaur|65/100|[from] drain|[of] p2a: Smeargle
|
|upkeep
|turn|13
|
|t:|1743937118
|move|p2a: Smeargle|Sticky Web|p1a: Venusaur
|-sidestart|p1: b888izi|move: Sticky Web
|move|p1a: Venusaur|Substitute|p1a: Venusaur
|-start|p1a: Venusaur|Substitute
|-damage|p1a: Venusaur|40/100
|
|upkeep
|turn|14
|
|t:|1743937124
|move|p1a: Venusaur|Giga Drain|p2a: Smeargle
|-damage|p2a: Smeargle|0 fnt
|-heal|p1a: Venusaur|43/100|[from] drain|[of] p2a: Smeargle
|faint|p2a: Smeargle
|
|upkeep
|
|t:|1743937141
|switch|p2a: Serperior|Serperior, M|100/100
|turn|15
|
|t:|1743937158
|move|p2a: Serperior|Leaf Storm|p1a: Venusaur
|-resisted|p1a: Venusaur
|-activate|p1a: Venusaur|move: Substitute|[damage]
|-boost|p2a: Serperior|spa|2
|move|p1a: Venusaur|Sludge Bomb|p2a: Serperior
|-supereffective|p2a: Serperior
|-damage|p2a: Serperior|24/100
|
|-heal|p2a: Serperior|30/100|[from] item: Leftovers
|upkeep
|turn|16
|
|t:|1743937167
|-terastallize|p2a: Serperior|Fighting
|move|p2a: Serperior|Dragon Pulse|p1a: Venusaur
|-end|p1a: Venusaur|Substitute
|move|p1a: Venusaur|Sludge Bomb|p2a: Serperior
|-damage|p2a: Serperior|0 fnt
|faint|p2a: Serperior
|
|upkeep
|
|t:|1743937177
|switch|p2a: Pecharunt|Pecharunt|100/100
|turn|17
|
|t:|1743937181
|move|p2a: Pecharunt|Malignant Chain|p1a: Venusaur
|-damage|p1a: Venusaur|22/100
|move|p1a: Venusaur|Leech Seed|p2a: Pecharunt
|-start|p2a: Pecharunt|move: Leech Seed
|
|-damage|p2a: Pecharunt|88/100|[from] Leech Seed|[of] p1a: Venusaur
|-heal|p1a: Venusaur|35/100|[silent]
|upkeep
|turn|18
|-message|stenchclassic forfeited.
|
|win|b888izi
|raw|b888izi's rating: 1123 &rarr; <strong>1151</strong><br />(+28 for winning)
|raw|stenchclassic's rating: 1167 &rarr; <strong>1139</strong><br />(-28 for losing)
|l|☆stenchclassic
|player|p2|
|l|☆b888izi
|player|p1|
