|j|☆AbyssalWerksHATER
|j|☆NickFrazer
|t:|1743858060
|gametype|singles
|player|p1|AbyssalWerksHATER|giovanni|1160
|player|p2|NickFrazer|pilot|1218
|teamsize|p1|6
|teamsize|p2|6
|gen|9
|tier|[Gen 9] OU
|rated|
|rule|HP Percentage Mod: HP is shown in percentages
|rule|Endless Battle Clause: Forcing endless battles is banned
|rule|Species Clause: Limit one of each Pokémon
|rule|OHKO Clause: OHKO moves are banned
|rule|Evasion Items Clause: Evasion items are banned
|rule|Evasion Moves Clause: Evasion moves are banned
|rule|Sleep Moves Clause: Sleep-inducing moves are banned
|clearpoke
|poke|p1|Glimmora, F|
|poke|p1|Kingambit, F|
|poke|p1|Dondozo, F|
|poke|p1|Kyurem|
|poke|p1|Ting-Lu|
|poke|p1|Dragapult, F|
|poke|p2|Garchomp, F|
|poke|p2|Arcanine-Hisui, M|
|poke|p2|Weezing-Galar, F|
|poke|p2|Araquanid, F|
|poke|p2|Polteageist-Antique|
|poke|p2|Krookodile, M|
|teampreview
|inactive|Battle timer is ON: inactive players will automatically lose when time's up. (requested by AbyssalWerksHATER)
|
|t:|1743858067
|start
|switch|p1a: Glimmora|Glimmora, F|100/100
|switch|p2a: Weezing|Weezing-Galar, F|100/100
|-ability|p2a: Weezing|Neutralizing Gas
|turn|1
|
|t:|1743858081
|-end|p2a: Weezing|ability: Neutralizing Gas
|switch|p2a: Garchomp|Garchomp, F|100/100
|move|p1a: Glimmora|Meteor Beam||[still]
|-prepare|p1a: Glimmora|Meteor Beam
|-boost|p1a: Glimmora|spa|1
|-enditem|p1a: Glimmora|Power Herb
|-anim|p1a: Glimmora|Meteor Beam|p2a: Garchomp
|-resisted|p2a: Garchomp
|-damage|p2a: Garchomp|51/100
|
|upkeep
|turn|2
|
|t:|1743858091
|move|p1a: Glimmora|Energy Ball|p2a: Garchomp
|-damage|p2a: Garchomp|3/100
|move|p2a: Garchomp|Earthquake|p1a: Glimmora
|-supereffective|p1a: Glimmora
|-damage|p1a: Glimmora|0 fnt
|-activate|p1a: Glimmora|ability: Toxic Debris
|-sidestart|p2: NickFrazer|move: Toxic Spikes
|faint|p1a: Glimmora
|
|upkeep
|
|t:|1743858102
|switch|p1a: Dragapult|Dragapult, F|100/100
|turn|3
|
|t:|1743858105
|move|p1a: Dragapult|Dragon Darts|p2a: Garchomp
|-supereffective|p2a: Garchomp
|-damage|p2a: Garchomp|0 fnt
|faint|p2a: Garchomp
|
|upkeep
|
|t:|1743858107
|switch|p2a: Weezing|Weezing-Galar, F|100/100
|-ability|p2a: Weezing|Neutralizing Gas
|-sideend|p2: NickFrazer|move: Toxic Spikes|[of] p2a: Weezing
|turn|4
|
|t:|1743858113
|move|p1a: Dragapult|Phantom Force||[still]
|-prepare|p1a: Dragapult|Phantom Force
|move|p2a: Weezing|Will-O-Wisp|p1a: Dragapult|[miss]
|-miss|p2a: Weezing|p1a: Dragapult
|
|upkeep
|turn|5
|
|t:|1743858116
|move|p1a: Dragapult|Phantom Force|p2a: Weezing|[from] lockedmove
|-damage|p2a: Weezing|64/100
|move|p2a: Weezing|Will-O-Wisp|p1a: Dragapult|[miss]
|-miss|p2a: Weezing|p1a: Dragapult
|
|-heal|p2a: Weezing|70/100|[from] item: Black Sludge
|upkeep
|turn|6
|
|t:|1743858123
|switch|p1a: Ting-Lu|Ting-Lu|100/100
|move|p2a: Weezing|Will-O-Wisp|p1a: Ting-Lu
|-status|p1a: Ting-Lu|brn
|
|-heal|p2a: Weezing|76/100|[from] item: Black Sludge
|-damage|p1a: Ting-Lu|94/100 brn|[from] brn
|upkeep
|turn|7
|
|t:|1743858131
|move|p2a: Weezing|Strange Steam|p1a: Ting-Lu
|-supereffective|p1a: Ting-Lu
|-damage|p1a: Ting-Lu|42/100 brn
|-start|p1a: Ting-Lu|confusion
|-activate|p1a: Ting-Lu|confusion
|move|p1a: Ting-Lu|Stealth Rock|p2a: Weezing
|-sidestart|p2: NickFrazer|move: Stealth Rock
|
|-heal|p2a: Weezing|82/100|[from] item: Black Sludge
|-heal|p1a: Ting-Lu|48/100 brn|[from] item: Leftovers
|-damage|p1a: Ting-Lu|42/100 brn|[from] brn
|upkeep
|turn|8
|
|t:|1743858139
|move|p2a: Weezing|Strange Steam|p1a: Ting-Lu
|-supereffective|p1a: Ting-Lu
|-damage|p1a: Ting-Lu|0 fnt
|faint|p1a: Ting-Lu
|
|-heal|p2a: Weezing|88/100|[from] item: Black Sludge
|upkeep
|
|t:|1743858152
|switch|p1a: Kyurem|Kyurem|100/100
|turn|9
|
|t:|1743858156
|move|p1a: Kyurem|Substitute|p1a: Kyurem
|-start|p1a: Kyurem|Substitute
|-damage|p1a: Kyurem|76/100
|move|p2a: Weezing|Will-O-Wisp||[still]
|-fail|p2a: Weezing
|
|-heal|p2a: Weezing|93/100|[from] item: Black Sludge
|upkeep
|turn|10
|
|t:|1743858163
|-end|p2a: Weezing|ability: Neutralizing Gas
|-ability|p1a: Kyurem|Pressure
|switch|p2a: Araquanid|Araquanid, F|100/100
|-damage|p2a: Araquanid|76/100|[from] Stealth Rock
|move|p1a: Kyurem|Icicle Spear|p2a: Araquanid
|-resisted|p2a: Araquanid
|-damage|p2a: Araquanid|66/100
|-resisted|p2a: Araquanid
|-crit|p2a: Araquanid
|-damage|p2a: Araquanid|52/100
|-resisted|p2a: Araquanid
|-damage|p2a: Araquanid|43/100
|-resisted|p2a: Araquanid
|-damage|p2a: Araquanid|34/100
|-hitcount|p2a: Araquanid|4
|-enditem|p2a: Araquanid|Red Card|[of] p1a: Kyurem
|drag|p1a: Kingambit|Kingambit, F|100/100
|-activate|p1a: Kingambit|ability: Supreme Overlord
|-start|p1a: Kingambit|fallen2|[silent]
|
|upkeep
|turn|11
|
|t:|1743858173
|move|p1a: Kingambit|Kowtow Cleave|p2a: Araquanid
|-damage|p2a: Araquanid|0 fnt
|faint|p2a: Araquanid
|
|upkeep
|
|t:|1743858179
|switch|p2a: Weezing|Weezing-Galar, F|93/100
|-ability|p2a: Weezing|Neutralizing Gas
|-damage|p2a: Weezing|81/100|[from] Stealth Rock
|turn|12
|
|t:|1743858185
|move|p2a: Weezing|Will-O-Wisp|p1a: Kingambit
|-status|p1a: Kingambit|brn
|-enditem|p1a: Kingambit|Lum Berry|[eat]
|-curestatus|p1a: Kingambit|brn|[msg]
|move|p1a: Kingambit|Iron Head|p2a: Weezing
|-supereffective|p2a: Weezing
|-damage|p2a: Weezing|1/100
|
|-heal|p2a: Weezing|7/100|[from] item: Black Sludge
|upkeep
|turn|13
|
|t:|1743858193
|move|p2a: Weezing|Will-O-Wisp|p1a: Kingambit|[miss]
|-miss|p2a: Weezing|p1a: Kingambit
|move|p1a: Kingambit|Iron Head|p2a: Weezing
|-supereffective|p2a: Weezing
|-damage|p2a: Weezing|0 fnt
|faint|p2a: Weezing
|-end|p2a: Weezing|ability: Neutralizing Gas
|-activate|p1a: Kingambit|ability: Supreme Overlord
|-start|p1a: Kingambit|fallen2|[silent]
|
|upkeep
|
|t:|1743858195
|switch|p2a: Arcanine|Arcanine-Hisui, M|100/100
|-damage|p2a: Arcanine|75/100|[from] Stealth Rock
|turn|14
|
|t:|1743858200
|move|p1a: Kingambit|Sucker Punch|p2a: Arcanine
|-damage|p2a: Arcanine|19/100
|move|p2a: Arcanine|Flare Blitz|p1a: Kingambit
|-supereffective|p1a: Kingambit
|-damage|p1a: Kingambit|11/100
|
|upkeep
|turn|15
|
|t:|1743858210
|move|p1a: Kingambit|Sucker Punch|p2a: Arcanine
|-damage|p2a: Arcanine|0 fnt
|faint|p2a: Arcanine
|
|upkeep
|
|t:|1743858213
|switch|p2a: Krookodile|Krookodile, M|100/100
|-damage|p2a: Krookodile|94/100|[from] Stealth Rock
|turn|16
|
|t:|1743858222
|-end|p1a: Kingambit|fallen2|[silent]
|switch|p1a: Dondozo|Dondozo, F|100/100
|move|p2a: Krookodile|Hone Claws|p2a: Krookodile
|-boost|p2a: Krookodile|atk|1
|-boost|p2a: Krookodile|accuracy|1
|
|upkeep
|turn|17
|
|t:|1743858227
|move|p2a: Krookodile|Knock Off|p1a: Dondozo
|-damage|p1a: Dondozo|78/100
|-enditem|p1a: Dondozo|Leftovers|[from] move: Knock Off|[of] p2a: Krookodile
|move|p1a: Dondozo|Liquidation|p2a: Krookodile
|-supereffective|p2a: Krookodile
|-crit|p2a: Krookodile
|-damage|p2a: Krookodile|0 fnt
|faint|p2a: Krookodile
|
|upkeep
|
|t:|1743858234
|switch|p2a: Polteageist|Polteageist-Antique|100/100
|-damage|p2a: Polteageist|88/100|[from] Stealth Rock
|turn|18
|
|t:|1743858236
|move|p2a: Polteageist|Shell Smash|p2a: Polteageist
|-unboost|p2a: Polteageist|def|1
|-unboost|p2a: Polteageist|spd|1
|-boost|p2a: Polteageist|atk|2
|-boost|p2a: Polteageist|spa|2
|-boost|p2a: Polteageist|spe|2
|move|p1a: Dondozo|Liquidation|p2a: Polteageist
|-damage|p2a: Polteageist|34/100
|
|upkeep
|turn|19
|
|t:|1743858240
|move|p2a: Polteageist|Giga Drain|p1a: Dondozo
|-supereffective|p1a: Dondozo
|-damage|p1a: Dondozo|25/100
|-heal|p2a: Polteageist|86/100|[from] drain|[of] p1a: Dondozo
|move|p1a: Dondozo|Liquidation|p2a: Polteageist
|-damage|p2a: Polteageist|28/100
|
|upkeep
|turn|20
|
|t:|1743858243
|move|p2a: Polteageist|Giga Drain|p1a: Dondozo
|-supereffective|p1a: Dondozo
|-damage|p1a: Dondozo|0 fnt
|-heal|p2a: Polteageist|52/100|[from] drain|[of] p1a: Dondozo
|faint|p1a: Dondozo
|
|upkeep
|
|t:|1743858246
|switch|p1a: Dragapult|Dragapult, F|100/100
|turn|21
|
|t:|1743858249
|move|p2a: Polteageist|Shadow Ball|p1a: Dragapult
|-supereffective|p1a: Dragapult
|-enditem|p1a: Dragapult|Focus Sash
|-damage|p1a: Dragapult|1/100
|move|p1a: Dragapult|Dragon Darts|p2a: Polteageist
|-damage|p2a: Polteageist|0 fnt
|faint|p2a: Polteageist
|
|win|AbyssalWerksHATER
|raw|AbyssalWerksHATER's rating: 1160 &rarr; <strong>1189</strong><br />(+29 for winning)
|raw|NickFrazer's rating: 1218 &rarr; <strong>1189</strong><br />(-29 for losing)
|l|☆NickFrazer
|player|p2|
