|j|☆Kawapungaka
|j|☆moronicmonki
|t:|1743785688
|gametype|singles
|player|p1|Kawapungaka|hilbert|1548
|player|p2|moronicmonki|iris-gen5bw2|1534
|teamsize|p1|6
|teamsize|p2|6
|gen|9
|tier|[Gen 9] OU
|rated|
|rule|HP Percentage Mod: HP is shown in percentages
|rule|Endless Battle Clause: Forcing endless battles is banned
|rule|Species Clause: Limit one of each Pokémon
|rule|OHKO Clause: OHKO moves are banned
|rule|Evasion Items Clause: Evasion items are banned
|rule|Evasion Moves Clause: Evasion moves are banned
|rule|Sleep Moves Clause: Sleep-inducing moves are banned
|clearpoke
|poke|p1|Landorus-Therian, M|
|poke|p1|Great Tusk|
|poke|p1|Ogerpon-Wellspring, F|
|poke|p1|Kingambit, M|
|poke|p1|Slowking-Galar, M|
|poke|p1|Raging Bolt|
|poke|p2|Iron Valiant|
|poke|p2|Rillaboom, M|
|poke|p2|Arcanine-Hisui, F|
|poke|p2|Primarina, F|
|poke|p2|Kingambit, F|
|poke|p2|Corviknight, F|
|teampreview
|inactive|Battle timer is ON: inactive players will automatically lose when time's up. (requested by Kawapungaka)
|
|t:|1743785695
|start
|switch|p1a: Landorus|Landorus-Therian, M|100/100
|switch|p2a: Corviknight|Corviknight, F|100/100
|-ability|p1a: Landorus|Intimidate|boost
|-unboost|p2a: Corviknight|atk|1
|-ability|p2a: Corviknight|Pressure
|turn|1
|
|t:|1743785703
|move|p1a: Landorus|Stealth Rock|p2a: Corviknight
|-sidestart|p2: moronicmonki|move: Stealth Rock
|move|p2a: Corviknight|U-turn|p1a: Landorus
|-resisted|p1a: Landorus
|-damage|p1a: Landorus|96/100
|-damage|p2a: Corviknight|84/100|[from] item: Rocky Helmet|[of] p1a: Landorus
|
|t:|1743785707
|switch|p2a: Primarina|Primarina, F|100/100|[from] U-turn
|-damage|p2a: Primarina|88/100|[from] Stealth Rock
|
|upkeep
|turn|2
|
|t:|1743785711
|move|p1a: Landorus|U-turn|p2a: Primarina
|-resisted|p2a: Primarina
|-damage|p2a: Primarina|75/100
|
|t:|1743785714
|switch|p1a: Slowking|Slowking-Galar, M, shiny|100/100|[from] U-turn
|move|p2a: Primarina|Moonblast|p1a: Slowking
|-resisted|p1a: Slowking
|-damage|p1a: Slowking|79/100
|
|upkeep
|turn|3
|
|t:|1743785722
|switch|p2a: Kingambit|Kingambit, F|100/100
|-damage|p2a: Kingambit|94/100|[from] Stealth Rock
|move|p1a: Slowking|Future Sight|p2a: Kingambit
|-start|p1a: Slowking|move: Future Sight
|
|-heal|p2a: Kingambit|100/100|[from] item: Leftovers
|upkeep
|turn|4
|
|t:|1743785730
|switch|p1a: Landorus|Landorus-Therian, M|96/100
|-ability|p1a: Landorus|Intimidate|boost
|-unboost|p2a: Kingambit|atk|1
|move|p2a: Kingambit|Kowtow Cleave|p1a: Landorus
|-damage|p1a: Landorus|62/100
|-damage|p2a: Kingambit|84/100|[from] item: Rocky Helmet|[of] p1a: Landorus
|
|-heal|p2a: Kingambit|90/100|[from] item: Leftovers
|upkeep
|turn|5
|
|t:|1743785733
|-end|p2a: Kingambit|fallenundefined|[silent]
|switch|p2a: Corviknight|Corviknight, F|84/100
|-damage|p2a: Corviknight|72/100|[from] Stealth Rock
|-ability|p2a: Corviknight|Pressure
|move|p1a: Landorus|Earth Power|p2a: Corviknight
|-immune|p2a: Corviknight
|
|-end|p2a: Corviknight|move: Future Sight
|-resisted|p2a: Corviknight
|-damage|p2a: Corviknight|48/100
|upkeep
|turn|6
|
|t:|1743785735
|move|p1a: Landorus|Taunt|p2a: Corviknight
|-start|p2a: Corviknight|move: Taunt
|cant|p2a: Corviknight|move: Taunt|Roost
|
|upkeep
|turn|7
|
|t:|1743785739
|move|p1a: Landorus|U-turn|p2a: Corviknight
|-resisted|p2a: Corviknight
|-damage|p2a: Corviknight|45/100
|-damage|p1a: Landorus|45/100|[from] item: Rocky Helmet|[of] p2a: Corviknight
|
|t:|1743785741
|switch|p1a: Great Tusk|Great Tusk|100/100|[from] U-turn
|move|p2a: Corviknight|U-turn|p1a: Great Tusk
|-resisted|p1a: Great Tusk
|-damage|p1a: Great Tusk|96/100
|-damage|p2a: Corviknight|29/100|[from] item: Rocky Helmet|[of] p1a: Great Tusk
|
|t:|1743785747
|switch|p2a: Arcanine|Arcanine-Hisui, F|100/100|[from] U-turn
|-ability|p2a: Arcanine|Intimidate|boost
|-unboost|p1a: Great Tusk|atk|1
|
|upkeep
|turn|8
|
|t:|1743785756
|-end|p1a: Great Tusk|Protosynthesis|[silent]
|switch|p1a: Landorus|Landorus-Therian, M|45/100
|-ability|p1a: Landorus|Intimidate|boost
|-unboost|p2a: Arcanine|atk|1
|switch|p2a: Corviknight|Corviknight, F|29/100
|-damage|p2a: Corviknight|17/100|[from] Stealth Rock
|-ability|p2a: Corviknight|Pressure
|
|upkeep
|turn|9
|
|t:|1743785764
|move|p1a: Landorus|Taunt|p2a: Corviknight
|-start|p2a: Corviknight|move: Taunt
|move|p2a: Corviknight|Brave Bird|p1a: Landorus
|-damage|p1a: Landorus|8/100
|-damage|p2a: Corviknight|0 fnt|[from] item: Rocky Helmet|[of] p1a: Landorus
|faint|p2a: Corviknight
|
|upkeep
|
|t:|1743785769
|switch|p2a: Rillaboom|Rillaboom, M|100/100
|-damage|p2a: Rillaboom|88/100|[from] Stealth Rock
|-fieldstart|move: Grassy Terrain|[from] ability: Grassy Surge|[of] p2a: Rillaboom
|turn|10
|
|t:|1743785777
|move|p1a: Landorus|U-turn|p2a: Rillaboom
|-supereffective|p2a: Rillaboom
|-damage|p2a: Rillaboom|52/100
|
|t:|1743785783
|switch|p1a: Raging Bolt|Raging Bolt|100/100|[from] U-turn
|-enditem|p1a: Raging Bolt|Booster Energy
|-activate|p1a: Raging Bolt|ability: Protosynthesis|[fromitem]
|-start|p1a: Raging Bolt|protosynthesisspa
|move|p2a: Rillaboom|Knock Off|p1a: Raging Bolt
|-damage|p1a: Raging Bolt|79/100
|
|-heal|p1a: Raging Bolt|85/100|[from] Grassy Terrain
|-heal|p2a: Rillaboom|58/100|[from] Grassy Terrain
|upkeep
|turn|11
|
|t:|1743785788
|move|p1a: Raging Bolt|Dragon Pulse|p2a: Rillaboom
|-damage|p2a: Rillaboom|0 fnt
|faint|p2a: Rillaboom
|
|-heal|p1a: Raging Bolt|91/100|[from] Grassy Terrain
|upkeep
|
|t:|1743785791
|switch|p2a: Iron Valiant|Iron Valiant|100/100
|-damage|p2a: Iron Valiant|94/100|[from] Stealth Rock
|-enditem|p2a: Iron Valiant|Booster Energy
|-activate|p2a: Iron Valiant|ability: Quark Drive|[fromitem]
|-start|p2a: Iron Valiant|quarkdrivespe
|turn|12
|
|t:|1743785796
|-end|p2a: Iron Valiant|Quark Drive|[silent]
|switch|p2a: Kingambit|Kingambit, F|90/100
|-damage|p2a: Kingambit|84/100|[from] Stealth Rock
|-activate|p2a: Kingambit|ability: Supreme Overlord
|-start|p2a: Kingambit|fallen2|[silent]
|move|p1a: Raging Bolt|Thunderclap||[still]
|-fail|p1a: Raging Bolt
|
|-heal|p1a: Raging Bolt|97/100|[from] Grassy Terrain
|-heal|p2a: Kingambit|90/100|[from] Grassy Terrain
|-heal|p2a: Kingambit|96/100|[from] item: Leftovers
|upkeep
|turn|13
|
|t:|1743785803
|move|p1a: Raging Bolt|Thunderbolt|p2a: Kingambit
|-damage|p2a: Kingambit|31/100
|move|p2a: Kingambit|Swords Dance|p2a: Kingambit
|-boost|p2a: Kingambit|atk|2
|
|-heal|p1a: Raging Bolt|100/100|[from] Grassy Terrain
|-heal|p2a: Kingambit|37/100|[from] Grassy Terrain
|-heal|p2a: Kingambit|43/100|[from] item: Leftovers
|upkeep
|turn|14
|
|t:|1743785807
|move|p1a: Raging Bolt|Thunderbolt|p2a: Kingambit
|-damage|p2a: Kingambit|0 fnt
|faint|p2a: Kingambit
|-end|p2a: Kingambit|fallen2|[silent]
|
|upkeep
|-message|moronicmonki forfeited.
|
|win|Kawapungaka
|raw|Kawapungaka's rating: 1548 &rarr; <strong>1567</strong><br />(+19 for winning)
|raw|moronicmonki's rating: 1534 &rarr; <strong>1515</strong><br />(-19 for losing)
|l|☆moronicmonki
|player|p2|
|l|☆Kawapungaka
|player|p1|
