|j|‽eeveestark
|j|☆yitiio
|t:|1743912606
|gametype|singles
|player|p1|eeveestark|102|1153
|player|p2|yitiio|169|1188
|teamsize|p1|6
|teamsize|p2|6
|gen|9
|tier|[Gen 9] OU
|rated|
|rule|HP Percentage Mod: HP is shown in percentages
|rule|Endless Battle Clause: Forcing endless battles is banned
|rule|Species Clause: Limit one of each Pokémon
|rule|OHKO Clause: OHKO moves are banned
|rule|Evasion Items Clause: Evasion items are banned
|rule|Evasion Moves Clause: Evasion moves are banned
|rule|Sleep Moves Clause: Sleep-inducing moves are banned
|clearpoke
|poke|p1|Glimmora, M|
|poke|p1|Zamazenta-*|
|poke|p1|Latias, F|
|poke|p1|Gholdengo|
|poke|p1|Dragonite, F|
|poke|p1|Weavile, F|
|poke|p2|Great Tusk|
|poke|p2|Raging Bolt|
|poke|p2|Ninetales, F|
|poke|p2|Slither Wing|
|poke|p2|Walking Wake|
|poke|p2|Kingambit, F|
|teampreview
|
|t:|1743912618
|start
|switch|p1a: Glimmora|Glimmora, M|100/100
|switch|p2a: Great Tusk|Great Tusk|100/100
|turn|1
|inactive|Battle timer is ON: inactive players will automatically lose when time's up. (requested by yitiio)
|
|t:|1743912627
|move|p2a: Great Tusk|Earthquake|p1a: Glimmora
|-supereffective|p1a: Glimmora
|-damage|p1a: Glimmora|0 fnt
|-activate|p1a: Glimmora|ability: Toxic Debris
|-sidestart|p2: yitiio|move: Toxic Spikes
|faint|p1a: Glimmora
|
|upkeep
|
|t:|1743912637
|switch|p1a: Weavile|Weavile, F|100/100
|turn|2
|
|t:|1743912644
|-terastallize|p2a: Great Tusk|Poison
|move|p1a: Weavile|Triple Axel|p2a: Great Tusk
|-damage|p2a: Great Tusk|93/100
|-damage|p2a: Great Tusk|78/100
|-damage|p2a: Great Tusk|56/100
|-hitcount|p2a: Great Tusk|3
|-damage|p1a: Weavile|91/100|[from] item: Life Orb
|move|p2a: Great Tusk|Rapid Spin|p1a: Weavile
|-damage|p1a: Weavile|67/100
|-boost|p2a: Great Tusk|spe|1
|-sideend|p2: yitiio|Toxic Spikes|[from] move: Rapid Spin|[of] p2a: Great Tusk
|
|-heal|p2a: Great Tusk|62/100|[from] item: Leftovers
|upkeep
|turn|3
|
|t:|1743912654
|move|p2a: Great Tusk|Bulk Up|p2a: Great Tusk
|-boost|p2a: Great Tusk|atk|1
|-boost|p2a: Great Tusk|def|1
|move|p1a: Weavile|Knock Off|p2a: Great Tusk
|-damage|p2a: Great Tusk|37/100
|-enditem|p2a: Great Tusk|Leftovers|[from] move: Knock Off|[of] p1a: Weavile
|-damage|p1a: Weavile|57/100|[from] item: Life Orb
|
|upkeep
|turn|4
|
|t:|1743912663
|move|p2a: Great Tusk|Earthquake|p1a: Weavile
|-damage|p1a: Weavile|0 fnt
|faint|p1a: Weavile
|
|upkeep
|
|t:|1743912665
|switch|p1a: Dragonite|Dragonite, F|100/100
|turn|5
|
|t:|1743912669
|move|p2a: Great Tusk|Ice Spinner|p1a: Dragonite
|-supereffective|p1a: Dragonite
|-damage|p1a: Dragonite|34/100
|move|p1a: Dragonite|Earthquake|p2a: Great Tusk
|-supereffective|p2a: Great Tusk
|-damage|p2a: Great Tusk|6/100
|
|upkeep
|turn|6
|
|t:|1743912688
|move|p1a: Dragonite|Extreme Speed|p2a: Great Tusk
|-damage|p2a: Great Tusk|0 fnt
|faint|p2a: Great Tusk
|-end|p2a: Great Tusk|Protosynthesis|[silent]
|
|upkeep
|
|t:|1743912690
|switch|p2a: Ninetales|Ninetales, F|100/100
|-weather|SunnyDay|[from] ability: Drought|[of] p2a: Ninetales
|turn|7
|
|t:|1743912700
|move|p2a: Ninetales|Weather Ball|p1a: Dragonite
|-resisted|p1a: Dragonite
|-damage|p1a: Dragonite|5/100
|move|p1a: Dragonite|Earthquake|p2a: Ninetales
|-supereffective|p2a: Ninetales
|-damage|p2a: Ninetales|0 fnt
|faint|p2a: Ninetales
|
|-weather|SunnyDay|[upkeep]
|upkeep
|
|t:|1743912712
|switch|p2a: Walking Wake|Walking Wake|100/100
|-activate|p2a: Walking Wake|ability: Protosynthesis
|-start|p2a: Walking Wake|protosynthesisspe
|turn|8
|
|t:|1743912721
|-terastallize|p1a: Dragonite|Normal
|move|p1a: Dragonite|Extreme Speed|p2a: Walking Wake
|-damage|p2a: Walking Wake|47/100
|move|p2a: Walking Wake|Hydro Steam|p1a: Dragonite
|-damage|p1a: Dragonite|0 fnt
|faint|p1a: Dragonite
|
|-weather|SunnyDay|[upkeep]
|upkeep
|
|t:|1743912726
|switch|p1a: Gholdengo|Gholdengo|100/100
|turn|9
|
|t:|1743912730
|move|p2a: Walking Wake|Hydro Steam|p1a: Gholdengo
|-damage|p1a: Gholdengo|0 fnt
|faint|p1a: Gholdengo
|
|-weather|SunnyDay|[upkeep]
|upkeep
|
|t:|1743912734
|switch|p1a: Zamazenta|Zamazenta|100/100
|-ability|p1a: Zamazenta|Dauntless Shield|boost
|-boost|p1a: Zamazenta|def|1
|turn|10
|
|t:|1743912740
|move|p2a: Walking Wake|Hydro Steam|p1a: Zamazenta
|-damage|p1a: Zamazenta|26/100
|move|p1a: Zamazenta|Crunch|p2a: Walking Wake
|-damage|p2a: Walking Wake|24/100
|
|-weather|SunnyDay|[upkeep]
|-heal|p1a: Zamazenta|33/100|[from] item: Leftovers
|upkeep
|turn|11
|
|t:|1743912747
|move|p2a: Walking Wake|Hydro Steam|p1a: Zamazenta
|-damage|p1a: Zamazenta|0 fnt
|faint|p1a: Zamazenta
|
|-weather|SunnyDay|[upkeep]
|upkeep
|
|t:|1743912750
|switch|p1a: Latias|Latias, F|100/100
|turn|12
|
|t:|1743912756
|move|p2a: Walking Wake|Hydro Steam|p1a: Latias
|-resisted|p1a: Latias
|-damage|p1a: Latias|65/100
|move|p1a: Latias|Draining Kiss|p2a: Walking Wake
|-supereffective|p2a: Walking Wake
|-damage|p2a: Walking Wake|0 fnt
|-heal|p1a: Latias|82/100|[from] drain|[of] p2a: Walking Wake
|faint|p2a: Walking Wake
|-end|p2a: Walking Wake|Protosynthesis|[silent]
|
|-weather|SunnyDay|[upkeep]
|-heal|p1a: Latias|88/100|[from] item: Leftovers
|upkeep
|
|t:|1743912763
|switch|p2a: Kingambit|Kingambit, F|100/100
|turn|13
|
|t:|1743912774
|move|p1a: Latias|Agility|p1a: Latias
|-boost|p1a: Latias|spe|2
|move|p2a: Kingambit|Kowtow Cleave|p1a: Latias
|-supereffective|p1a: Latias
|-damage|p1a: Latias|0 fnt
|faint|p1a: Latias
|
|win|yitiio
|raw|eeveestark's rating: 1153 &rarr; <strong>1131</strong><br />(-22 for losing)
|raw|yitiio's rating: 1188 &rarr; <strong>1210</strong><br />(+22 for winning)
|l|‽eeveestark
|player|p1|
|l|☆yitiio
|player|p2|
