|j|☆sumerand
|j|☆jondiiii
|t:|1743884435
|gametype|singles
|player|p1|sumerand|ghetsis|1326
|player|p2|jondiiii|guzma|1293
|teamsize|p1|6
|teamsize|p2|6
|gen|9
|tier|[Gen 9] OU
|rated|
|rule|HP Percentage Mod: HP is shown in percentages
|rule|Endless Battle Clause: Forcing endless battles is banned
|rule|Species Clause: Limit one of each Pokémon
|rule|OHKO Clause: OHKO moves are banned
|rule|Evasion Items Clause: Evasion items are banned
|rule|Evasion Moves Clause: Evasion moves are banned
|rule|Sleep Moves Clause: Sleep-inducing moves are banned
|clearpoke
|poke|p1|Inteleon, F|
|poke|p1|Dragapult, F|
|poke|p1|Cinderace, M|
|poke|p1|Corviknight, F|
|poke|p1|Alomomola, F|
|poke|p1|Ting-Lu|
|poke|p2|Cinderace, M|
|poke|p2|Samurott-Hisui, M|
|poke|p2|Kingambit, M|
|poke|p2|Ceruledge, M|
|poke|p2|Garchomp, M|
|poke|p2|Umbreon, M|
|teampreview
|inactive|Battle timer is ON: inactive players will automatically lose when time's up. (requested by jondiiii)
|
|t:|1743884460
|start
|switch|p1a: Cinderace|Cinderace, M|100/100
|switch|p2a: Ace|Cinderace, M|100/100
|turn|1
|
|t:|1743884466
|move|p2a: Ace|U-turn|p1a: Cinderace
|-resisted|p1a: Cinderace
|-damage|p1a: Cinderace|85/100
|
|t:|1743884470
|switch|p2a: Jeff|Garchomp, M|100/100|[from] U-turn
|move|p1a: Cinderace|U-turn|p2a: Jeff
|-start|p1a: Cinderace|typechange|Bug|[from] ability: Libero
|-damage|p2a: Jeff|80/100
|-damage|p1a: Cinderace|73/100|[from] ability: Rough Skin|[of] p2a: Jeff
|-damage|p1a: Cinderace|56/100|[from] item: Rocky Helmet|[of] p2a: Jeff
|
|t:|1743884480
|switch|p1a: Inteleon|Inteleon, F|100/100|[from] U-turn
|
|upkeep
|turn|2
|
|t:|1743884492
|switch|p2a: Musashi|Samurott-Hisui, M|100/100
|-terastallize|p1a: Inteleon|Water
|move|p1a: Inteleon|Surf|p2a: Musashi
|-resisted|p2a: Musashi
|-damage|p2a: Musashi|58/100
|
|upkeep
|turn|3
|inactive|jondiiii has 120 seconds left.
|
|t:|1743884524
|switch|p1a: Alomomola|Alomomola, F|100/100
|move|p2a: Musashi|Ceaseless Edge|p1a: Alomomola
|-damage|p1a: Alomomola|73/100
|-sidestart|p1: sumerand|Spikes
|
|upkeep
|turn|4
|
|t:|1743884533
|move|p2a: Musashi|Aqua Jet|p1a: Alomomola
|-resisted|p1a: Alomomola
|-damage|p1a: Alomomola|68/100
|move|p1a: Alomomola|Play Rough|p2a: Musashi|[miss]
|-miss|p1a: Alomomola|p2a: Musashi
|
|upkeep
|turn|5
|
|t:|1743884543
|switch|p2a: Umbreon|Umbreon, M, shiny|100/100
|move|p1a: Alomomola|Flip Turn|p2a: Umbreon
|-damage|p2a: Umbreon|88/100
|
|t:|1743884548
|switch|p1a: Cinderace|Cinderace, M|56/100|[from] Flip Turn
|
|-heal|p2a: Umbreon|94/100|[from] item: Leftovers
|upkeep
|turn|6
|
|t:|1743884555
|move|p1a: Cinderace|Court Change|p1a: Cinderace
|-start|p1a: Cinderace|typechange|Normal|[from] ability: Libero
|-swapsideconditions
|-activate|p1a: Cinderace|move: Court Change
|move|p2a: Umbreon|Wish|p2a: Umbreon
|
|-heal|p2a: Umbreon|100/100|[from] item: Leftovers
|upkeep
|turn|7
|
|t:|1743884565
|switch|p2a: Jeff|Garchomp, M|80/100
|-damage|p2a: Jeff|68/100|[from] Spikes
|move|p1a: Cinderace|U-turn|p2a: Jeff
|-damage|p2a: Jeff|53/100
|-damage|p1a: Cinderace|44/100|[from] ability: Rough Skin|[of] p2a: Jeff
|-damage|p1a: Cinderace|27/100|[from] item: Rocky Helmet|[of] p2a: Jeff
|
|t:|1743884574
|switch|p1a: Inteleon|Inteleon, F, tera:Water|100/100|[from] U-turn
|
|-heal|p2a: Jeff|99/100|[from] move: Wish|[wisher] Umbreon
|upkeep
|turn|8
|
|t:|1743884593
|switch|p2a: Umbreon|Umbreon, M, shiny|100/100
|-damage|p2a: Umbreon|88/100|[from] Spikes
|move|p1a: Inteleon|Surf|p2a: Umbreon
|-damage|p2a: Umbreon|36/100
|
|-heal|p2a: Umbreon|42/100|[from] item: Leftovers
|upkeep
|turn|9
|
|t:|1743884602
|move|p2a: Umbreon|Protect|p2a: Umbreon
|-singleturn|p2a: Umbreon|Protect
|move|p1a: Inteleon|Surf|p2a: Umbreon
|-activate|p2a: Umbreon|move: Protect
|
|-heal|p2a: Umbreon|48/100|[from] item: Leftovers
|upkeep
|turn|10
|
|t:|1743884627
|move|p2a: Umbreon|Protect||[still]
|-fail|p2a: Umbreon
|move|p1a: Inteleon|Surf|p2a: Umbreon
|-damage|p2a: Umbreon|0 fnt
|faint|p2a: Umbreon
|
|upkeep
|
|t:|1743884637
|switch|p2a: Musashi|Samurott-Hisui, M|58/100
|-damage|p2a: Musashi|46/100|[from] Spikes
|turn|11
|
|t:|1743884654
|switch|p1a: Alomomola|Alomomola, F|100/100
|move|p2a: Musashi|Ceaseless Edge|p1a: Alomomola
|-damage|p1a: Alomomola|75/100
|-sidestart|p1: sumerand|Spikes
|
|upkeep
|turn|12
|
|t:|1743884664
|move|p2a: Musashi|Ceaseless Edge|p1a: Alomomola
|-damage|p1a: Alomomola|48/100
|-sidestart|p1: sumerand|Spikes
|move|p1a: Alomomola|Wish|p1a: Alomomola
|
|upkeep
|turn|13
|
|t:|1743884683
|switch|p2a: Jeff|Garchomp, M|99/100
|-damage|p2a: Jeff|88/100|[from] Spikes
|move|p1a: Alomomola|Flip Turn|p2a: Jeff
|-damage|p2a: Jeff|77/100
|-damage|p1a: Alomomola|36/100|[from] ability: Rough Skin|[of] p2a: Jeff
|-damage|p1a: Alomomola|19/100|[from] item: Rocky Helmet|[of] p2a: Jeff
|
|t:|1743884696
|switch|p1a: Inteleon|Inteleon, F, tera:Water|100/100|[from] Flip Turn
|-damage|p1a: Inteleon|84/100|[from] Spikes
|
|-heal|p1a: Inteleon|100/100|[from] move: Wish|[wisher] Alomomola
|upkeep
|turn|14
|
|t:|1743884704
|move|p1a: Inteleon|Surf|p2a: Jeff
|-damage|p2a: Jeff|0 fnt
|faint|p2a: Jeff
|
|upkeep
|
|t:|1743884718
|switch|p2a: Musashi|Samurott-Hisui, M|46/100
|-damage|p2a: Musashi|34/100|[from] Spikes
|turn|15
|
|t:|1743884722
|move|p2a: Musashi|Aqua Jet|p1a: Inteleon
|-resisted|p1a: Inteleon
|-damage|p1a: Inteleon|81/100
|move|p1a: Inteleon|Surf|p2a: Musashi
|-resisted|p2a: Musashi
|-damage|p2a: Musashi|0 fnt
|faint|p2a: Musashi
|
|upkeep
|
|t:|1743884733
|switch|p2a: Yoshihiro|Kingambit, M|100/100
|-damage|p2a: Yoshihiro|88/100|[from] Spikes
|-activate|p2a: Yoshihiro|ability: Supreme Overlord
|-start|p2a: Yoshihiro|fallen3|[silent]
|turn|16
|
|t:|1743884739
|move|p1a: Inteleon|Surf|p2a: Yoshihiro
|-crit|p2a: Yoshihiro
|-damage|p2a: Yoshihiro|0 fnt
|faint|p2a: Yoshihiro
|-end|p2a: Yoshihiro|fallen3|[silent]
|
|upkeep
|-message|jondiiii forfeited.
|
|win|sumerand
|raw|sumerand's rating: 1326 &rarr; <strong>1344</strong><br />(+18 for winning)
|raw|jondiiii's rating: 1293 &rarr; <strong>1270</strong><br />(-23 for losing)
|l|☆jondiiii
|player|p2|
