|j|☆Virtus
|j|☆kldkmd
|t:|1743837068
|gametype|singles
|player|p1|Virtus|102|1146
|player|p2|kldkmd|dawn-gen4pt|1120
|teamsize|p1|6
|teamsize|p2|6
|gen|9
|tier|[Gen 9] OU
|rated|
|rule|HP Percentage Mod: HP is shown in percentages
|rule|Endless Battle Clause: Forcing endless battles is banned
|rule|Species Clause: Limit one of each Pokémon
|rule|OHKO Clause: OHKO moves are banned
|rule|Evasion Items Clause: Evasion items are banned
|rule|Evasion Moves Clause: Evasion moves are banned
|rule|Sleep Moves Clause: Sleep-inducing moves are banned
|clearpoke
|poke|p1|Mew|
|poke|p1|Espeon, F|
|poke|p1|Darkrai|
|poke|p1|Landorus-Therian, M|
|poke|p1|Kingambit, M|
|poke|p1|Ogerpon-Wellspring, F|
|poke|p2|Volcanion|
|poke|p2|Gliscor, M|
|poke|p2|Fezandipiti, M|
|poke|p2|Meowscarada, F|
|poke|p2|Murkrow, M|
|poke|p2|Quaquaval, F|
|teampreview
|
|t:|1743837098
|start
|switch|p1a: Mew|Mew|100/100
|switch|p2a: 21|Quaquaval, F|100/100
|turn|1
|
|t:|1743837107
|switch|p2a: 12.|Meowscarada, F|100/100
|move|p1a: Mew|Will-O-Wisp|p2a: 12.|[miss]
|-miss|p1a: Mew|p2a: 12.
|
|upkeep
|turn|2
|
|t:|1743837118
|move|p2a: 12.|U-turn|p1a: Mew
|-start|p2a: 12.|typechange|Bug|[from] ability: Protean
|-supereffective|p1a: Mew
|-damage|p1a: Mew|29/100
|-enditem|p1a: Mew|Sitrus Berry|[eat]
|-heal|p1a: Mew|54/100|[from] item: Sitrus Berry
|
|t:|1743837122
|switch|p2a: 12~|Volcanion|100/100|[from] U-turn
|move|p1a: Mew|Will-O-Wisp|p2a: 12~
|-immune|p2a: 12~
|
|upkeep
|turn|3
|
|t:|1743837143
|move|p2a: 12~|Heat Wave|p1a: Mew
|-damage|p1a: Mew|25/100
|move|p1a: Mew|Thunder Wave|p2a: 12~
|-status|p2a: 12~|par
|
|upkeep
|turn|4
|
|t:|1743837150
|move|p1a: Mew|U-turn|p2a: 12~
|-resisted|p2a: 12~
|-damage|p2a: 12~|92/100 par
|
|t:|1743837157
|switch|p1a: Ogerpon|Ogerpon-Wellspring, F|100/100|[from] U-turn
|cant|p2a: 12~|par
|
|upkeep
|turn|5
|
|t:|1743837169
|switch|p2a: 3.+|Gliscor, M|100/100
|move|p1a: Ogerpon|Swords Dance|p1a: Ogerpon
|-boost|p1a: Ogerpon|atk|2
|
|-status|p2a: 3.+|tox|[from] item: Toxic Orb
|upkeep
|turn|6
|
|t:|1743837192
|switch|p2a: 12~|Volcanion|92/100 par
|move|p1a: Ogerpon|Ivy Cudgel|p2a: 12~|[anim] Ivy Cudgel Water
|-heal|p2a: 12~|100/100 par|[from] ability: Water Absorb|[of] p1a: Ogerpon
|
|upkeep
|turn|7
|
|t:|1743837208
|move|p1a: Ogerpon|Knock Off|p2a: 12~
|-damage|p2a: 12~|27/100 par
|-enditem|p2a: 12~|Choice Scarf|[from] move: Knock Off|[of] p1a: Ogerpon
|move|p2a: 12~|Heat Wave|p1a: Ogerpon
|-damage|p1a: Ogerpon|47/100
|
|upkeep
|turn|8
|
|t:|1743837219
|move|p1a: Ogerpon|Knock Off|p2a: 12~
|-damage|p2a: 12~|0 fnt
|faint|p2a: 12~
|
|upkeep
|
|t:|1743837221
|switch|p2a: 12.|Meowscarada, F|100/100
|turn|9
|
|t:|1743837226
|move|p2a: 12.|U-turn|p1a: Ogerpon
|-start|p2a: 12.|typechange|Bug|[from] ability: Protean
|-supereffective|p1a: Ogerpon
|-damage|p1a: Ogerpon|0 fnt
|faint|p1a: Ogerpon
|inactive|Battle timer is ON: inactive players will automatically lose when time's up. (requested by Virtus)
|
|t:|1743837267
|switch|p2a: 4.|Fezandipiti, M|100/100|[from] U-turn
|
|upkeep
|
|t:|1743837280
|switch|p1a: Landorus|Landorus-Therian, M|100/100
|-ability|p1a: Landorus|Intimidate|boost
|-unboost|p2a: 4.|atk|1
|turn|10
|
|t:|1743837290
|switch|p2a: 3.+|Gliscor, M|100/100 tox
|move|p1a: Landorus|Stone Edge|p2a: 3.+
|-damage|p2a: 3.+|66/100 tox
|
|-heal|p2a: 3.+|78/100 tox|[from] ability: Poison Heal
|upkeep
|turn|11
|
|t:|1743837298
|switch|p1a: Mew|Mew|25/100
|move|p2a: 3.+|Knock Off|p1a: Mew
|-supereffective|p1a: Mew
|-damage|p1a: Mew|1/100
|
|-heal|p2a: 3.+|91/100 tox|[from] ability: Poison Heal
|upkeep
|turn|12
|
|t:|1743837308
|move|p2a: 3.+|Protect|p2a: 3.+
|-singleturn|p2a: 3.+|Protect
|move|p1a: Mew|U-turn|p2a: 3.+
|-activate|p2a: 3.+|move: Protect
|
|-heal|p2a: 3.+|100/100 tox|[from] ability: Poison Heal
|upkeep
|turn|13
|
|t:|1743837317
|move|p2a: 3.+|U-turn|p1a: Mew
|-supereffective|p1a: Mew
|-damage|p1a: Mew|0 fnt
|faint|p1a: Mew
|
|t:|1743837338
|switch|p2a: 21|Quaquaval, F|100/100|[from] U-turn
|
|upkeep
|
|t:|1743837349
|switch|p1a: Espeon|Espeon, F|100/100
|turn|14
|
|t:|1743837371
|switch|p2a: 12.|Meowscarada, F|100/100
|move|p1a: Espeon|Alluring Voice|p2a: 12.
|-supereffective|p2a: 12.
|-damage|p2a: 12.|17/100
|
|upkeep
|turn|15
|
|t:|1743837385
|move|p1a: Espeon|Alluring Voice|p2a: 12.
|-supereffective|p2a: 12.
|-damage|p2a: 12.|0 fnt
|faint|p2a: 12.
|
|upkeep
|
|t:|1743837395
|switch|p2a: 4.|Fezandipiti, M|100/100
|turn|16
|
|t:|1743837401
|switch|p1a: Kingambit|Kingambit, M|100/100
|-activate|p1a: Kingambit|ability: Supreme Overlord
|-start|p1a: Kingambit|fallen2|[silent]
|move|p2a: 4.|U-turn|p1a: Kingambit
|-damage|p1a: Kingambit|90/100
|
|t:|1743837411
|switch|p2a: 3.+|Gliscor, M|100/100 tox|[from] U-turn
|
|upkeep
|turn|17
|
|t:|1743837420
|-end|p1a: Kingambit|fallen2|[silent]
|switch|p1a: Landorus|Landorus-Therian, M|100/100
|-ability|p1a: Landorus|Intimidate|boost
|-unboost|p2a: 3.+|atk|1
|move|p2a: 3.+|Earthquake|p1a: Landorus
|-immune|p1a: Landorus
|
|upkeep
|turn|18
|
|t:|1743837429
|move|p2a: 3.+|Protect|p2a: 3.+
|-singleturn|p2a: 3.+|Protect
|move|p1a: Landorus|U-turn|p2a: 3.+
|-activate|p2a: 3.+|move: Protect
|
|upkeep
|turn|19
|
|t:|1743837447
|move|p1a: Landorus|U-turn|p2a: 3.+
|-resisted|p2a: 3.+
|-damage|p2a: 3.+|88/100 tox
|
|t:|1743837456
|switch|p1a: Espeon|Espeon, F|100/100|[from] U-turn
|move|p2a: 3.+|U-turn|p1a: Espeon
|-supereffective|p1a: Espeon
|-damage|p1a: Espeon|62/100
|
|t:|1743837476
|switch|p2a: 4.|Fezandipiti, M|100/100|[from] U-turn
|
|upkeep
|turn|20
|
|t:|1743837482
|move|p1a: Espeon|Psychic|p2a: 4.
|-supereffective|p2a: 4.
|-damage|p2a: 4.|44/100
|move|p2a: 4.|U-turn|p1a: Espeon
|-supereffective|p1a: Espeon
|-damage|p1a: Espeon|0 fnt
|faint|p1a: Espeon
|
|t:|1743837495
|switch|p2a: 21|Quaquaval, F|100/100|[from] U-turn
|
|upkeep
|
|t:|1743837514
|switch|p1a: Darkrai|Darkrai|100/100
|turn|21
|
|t:|1743837533
|switch|p2a: 7+1|Murkrow, M|100/100
|move|p1a: Darkrai|Thunder|p2a: 7+1
|-supereffective|p2a: 7+1
|-damage|p2a: 7+1|20/100
|
|upkeep
|turn|22
|
|t:|1743837549
|move|p2a: 7+1|Thunder Wave|p1a: Darkrai
|-hint|Since gen 7, Dark is immune to Prankster moves.
|-immune|p1a: Darkrai
|move|p1a: Darkrai|Dark Pulse|p2a: 7+1
|-resisted|p2a: 7+1
|-damage|p2a: 7+1|0 fnt
|faint|p2a: 7+1
|
|upkeep
|
|t:|1743837561
|switch|p2a: 4.|Fezandipiti, M|44/100
|turn|23
|
|t:|1743837567
|switch|p1a: Kingambit|Kingambit, M|90/100
|-activate|p1a: Kingambit|ability: Supreme Overlord
|-start|p1a: Kingambit|fallen3|[silent]
|move|p2a: 4.|Roost|p2a: 4.
|-heal|p2a: 4.|94/100
|-singleturn|p2a: 4.|move: Roost
|
|-heal|p2a: 4.|99/100|[from] item: Leftovers
|upkeep
|turn|24
|
|t:|1743837586
|move|p2a: 4.|U-turn|p1a: Kingambit
|-crit|p1a: Kingambit
|-damage|p1a: Kingambit|75/100
|
|t:|1743837589
|switch|p2a: 3.+|Gliscor, M|88/100 tox|[from] U-turn
|move|p1a: Kingambit|Swords Dance|p1a: Kingambit
|-boost|p1a: Kingambit|atk|2
|
|-heal|p2a: 3.+|100/100 tox|[from] ability: Poison Heal
|upkeep
|turn|25
|
|t:|1743837602
|move|p2a: 3.+|Earthquake|p1a: Kingambit
|-supereffective|p1a: Kingambit
|-damage|p1a: Kingambit|27/100
|move|p1a: Kingambit|Swords Dance|p1a: Kingambit
|-boost|p1a: Kingambit|atk|2
|
|upkeep
|turn|26
|
|t:|1743837611
|-terastallize|p2a: 3.+|Fairy
|move|p2a: 3.+|Earthquake|p1a: Kingambit
|-supereffective|p1a: Kingambit
|-damage|p1a: Kingambit|0 fnt
|faint|p1a: Kingambit
|-end|p1a: Kingambit|fallen3|[silent]
|
|upkeep
|
|t:|1743837627
|switch|p1a: Landorus|Landorus-Therian, M|100/100
|-ability|p1a: Landorus|Intimidate|boost
|-unboost|p2a: 3.+|atk|1
|turn|27
|
|t:|1743837633
|move|p2a: 3.+|Protect|p2a: 3.+
|-singleturn|p2a: 3.+|Protect
|move|p1a: Landorus|Earthquake|p2a: 3.+
|-activate|p2a: 3.+|move: Protect
|
|upkeep
|turn|28
|
|t:|1743837638
|move|p1a: Landorus|Earthquake|p2a: 3.+
|-damage|p2a: 3.+|49/100 tox
|move|p2a: 3.+|Knock Off|p1a: Landorus
|-damage|p1a: Landorus|83/100
|-enditem|p1a: Landorus|Choice Band|[from] move: Knock Off|[of] p2a: 3.+
|
|-heal|p2a: 3.+|62/100 tox|[from] ability: Poison Heal
|upkeep
|turn|29
|
|t:|1743837652
|move|p2a: 3.+|Protect|p2a: 3.+
|-singleturn|p2a: 3.+|Protect
|move|p1a: Landorus|Earthquake|p2a: 3.+
|-activate|p2a: 3.+|move: Protect
|
|-heal|p2a: 3.+|74/100 tox|[from] ability: Poison Heal
|upkeep
|turn|30
|
|t:|1743837659
|switch|p2a: 21|Quaquaval, F|100/100
|move|p1a: Landorus|Earthquake|p2a: 21
|-damage|p2a: 21|30/100
|
|upkeep
|turn|31
|inactive|Virtus has 120 seconds left.
|
|t:|1743837699
|switch|p2a: 3.+|Gliscor, M, tera:Fairy|74/100 tox
|-terastallize|p1a: Landorus|Bug
|move|p1a: Landorus|Earthquake|p2a: 3.+
|-damage|p2a: 3.+|39/100 tox
|
|-heal|p2a: 3.+|52/100 tox|[from] ability: Poison Heal
|upkeep
|turn|32
|
|t:|1743837708
|switch|p1a: Darkrai|Darkrai|100/100
|move|p2a: 3.+|Protect||[still]
|-fail|p2a: 3.+
|
|-heal|p2a: 3.+|64/100 tox|[from] ability: Poison Heal
|upkeep
|turn|33
|
|t:|1743837721
|move|p2a: 3.+|Protect|p2a: 3.+
|-singleturn|p2a: 3.+|Protect
|move|p1a: Darkrai|Thunder|p2a: 3.+
|-activate|p2a: 3.+|move: Protect
|
|-heal|p2a: 3.+|76/100 tox|[from] ability: Poison Heal
|upkeep
|turn|34
|
|t:|1743837731
|move|p1a: Darkrai|Thunder|p2a: 3.+|[miss]
|-miss|p1a: Darkrai|p2a: 3.+
|move|p2a: 3.+|Knock Off|p1a: Darkrai
|-resisted|p1a: Darkrai
|-damage|p1a: Darkrai|85/100
|-enditem|p1a: Darkrai|Wide Lens|[from] move: Knock Off|[of] p2a: 3.+
|
|-heal|p2a: 3.+|89/100 tox|[from] ability: Poison Heal
|upkeep
|turn|35
|
|t:|1743837741
|move|p2a: 3.+|Protect|p2a: 3.+
|-singleturn|p2a: 3.+|Protect
|move|p1a: Darkrai|Thunder|p2a: 3.+
|-activate|p2a: 3.+|move: Protect
|
|-heal|p2a: 3.+|100/100 tox|[from] ability: Poison Heal
|upkeep
|turn|36
|
|t:|1743837748
|move|p1a: Darkrai|Thunder|p2a: 3.+|[miss]
|-miss|p1a: Darkrai|p2a: 3.+
|move|p2a: 3.+|U-turn|p1a: Darkrai
|-supereffective|p1a: Darkrai
|-damage|p1a: Darkrai|44/100
|
|t:|1743837754
|switch|p2a: 4.|Fezandipiti, M|99/100|[from] U-turn
|
|-heal|p2a: 4.|100/100|[from] item: Leftovers
|upkeep
|turn|37
|
|t:|1743837765
|move|p1a: Darkrai|Thunder|p2a: 4.|[miss]
|-miss|p1a: Darkrai|p2a: 4.
|move|p2a: 4.|Toxic|p1a: Darkrai
|-status|p1a: Darkrai|tox
|
|-damage|p1a: Darkrai|38/100 tox|[from] psn
|upkeep
|turn|38
|-message|Virtus forfeited.
|
|win|kldkmd
|raw|Virtus's rating: 1146 &rarr; <strong>1119</strong><br />(-27 for losing)
|raw|kldkmd's rating: 1120 &rarr; <strong>1147</strong><br />(+27 for winning)
|l|☆Virtus
|player|p1|
|l|☆kldkmd
|player|p2|
