|j|☆chip witley
|j|☆Astelzhang
|t:|1743870375
|gametype|singles
|player|p1|chip witley|lance|1719
|player|p2|Astelzhang|170|1676
|teamsize|p1|6
|teamsize|p2|6
|gen|9
|tier|[Gen 9] OU
|rated|
|rule|HP Percentage Mod: HP is shown in percentages
|rule|Endless Battle Clause: Forcing endless battles is banned
|rule|Species Clause: Limit one of each Pokémon
|rule|OHKO Clause: OHKO moves are banned
|rule|Evasion Items Clause: Evasion items are banned
|rule|Evasion Moves Clause: Evasion moves are banned
|rule|Sleep Moves Clause: Sleep-inducing moves are banned
|clearpoke
|poke|p1|Veluza, M|
|poke|p1|Grimmsnarl, M|
|poke|p1|Kommo-o, F|
|poke|p1|Toxtricity, F|
|poke|p1|Maushold|
|poke|p1|Scizor, F|
|poke|p2|Garganacl, F|
|poke|p2|Dragapult, F|
|poke|p2|Moltres|
|poke|p2|Great Tusk|
|poke|p2|Iron Crown|
|poke|p2|Meowscarada, F|
|teampreview
|inactive|Battle timer is ON: inactive players will automatically lose when time's up. (requested by Astelzhang)
|
|t:|1743870392
|start
|switch|p1a: Grimmsnarl|Grimmsnarl, M|100/100
|switch|p2a: Dragapult|Dragapult, F|100/100
|turn|1
|
|t:|1743870401
|switch|p2a: Garganacl|Garganacl, F|100/100
|move|p1a: Grimmsnarl|Spirit Break|p2a: Garganacl
|-damage|p2a: Garganacl|81/100
|-unboost|p2a: Garganacl|spa|1
|
|-heal|p2a: Garganacl|87/100|[from] item: Leftovers
|upkeep
|turn|2
|
|t:|1743870421
|move|p1a: Grimmsnarl|Reflect|p1a: Grimmsnarl
|-sidestart|p1: chip witley|Reflect
|move|p2a: Garganacl|Salt Cure|p1a: Grimmsnarl
|-damage|p1a: Grimmsnarl|93/100
|-start|p1a: Grimmsnarl|Salt Cure
|
|-heal|p2a: Garganacl|94/100|[from] item: Leftovers
|-damage|p1a: Grimmsnarl|80/100|[from] Salt Cure
|upkeep
|turn|3
|j| Queijolol
|
|t:|1743870433
|move|p1a: Grimmsnarl|Light Screen|p1a: Grimmsnarl
|-sidestart|p1: chip witley|move: Light Screen
|move|p2a: Garganacl|Stealth Rock|p1a: Grimmsnarl
|-sidestart|p1: chip witley|move: Stealth Rock
|
|-heal|p2a: Garganacl|99/100|[from] item: Leftovers
|-damage|p1a: Grimmsnarl|68/100|[from] Salt Cure
|upkeep
|turn|4
|l| Queijolol
|
|t:|1743870446
|move|p1a: Grimmsnarl|Parting Shot|p2a: Garganacl
|-unboost|p2a: Garganacl|atk|1
|-unboost|p2a: Garganacl|spa|1
|
|t:|1743870452
|switch|p1a: Toxtricity|Toxtricity, F|100/100|[from] Parting Shot
|-damage|p1a: Toxtricity|88/100|[from] Stealth Rock
|move|p2a: Garganacl|Salt Cure|p1a: Toxtricity
|-damage|p1a: Toxtricity|80/100
|-start|p1a: Toxtricity|Salt Cure
|
|-heal|p2a: Garganacl|100/100|[from] item: Leftovers
|-damage|p1a: Toxtricity|68/100|[from] Salt Cure
|upkeep
|turn|5
|
|t:|1743870473
|move|p2a: Garganacl|Protect|p2a: Garganacl
|-singleturn|p2a: Garganacl|Protect
|move|p1a: Toxtricity|Overdrive|p2a: Garganacl
|-activate|p2a: Garganacl|move: Protect
|
|-damage|p1a: Toxtricity|55/100|[from] Salt Cure
|upkeep
|turn|6
|
|t:|1743870488
|move|p1a: Toxtricity|Boomburst|p2a: Garganacl
|-resisted|p2a: Garganacl
|-damage|p2a: Garganacl|72/100
|-damage|p1a: Toxtricity|45/100|[from] item: Life Orb
|move|p2a: Garganacl|Salt Cure|p1a: Toxtricity
|-damage|p1a: Toxtricity|38/100
|
|-heal|p2a: Garganacl|78/100|[from] item: Leftovers
|-damage|p1a: Toxtricity|26/100|[from] Salt Cure
|upkeep
|turn|7
|
|t:|1743870500
|switch|p1a: Maushold|Maushold|100/100
|-damage|p1a: Maushold|88/100|[from] Stealth Rock
|move|p2a: Garganacl|Salt Cure|p1a: Maushold
|-damage|p1a: Maushold|81/100
|-start|p1a: Maushold|Salt Cure
|
|-heal|p2a: Garganacl|84/100|[from] item: Leftovers
|-damage|p1a: Maushold|68/100|[from] Salt Cure
|upkeep
|turn|8
|
|t:|1743870512
|move|p1a: Maushold|Tidy Up|p1a: Maushold
|-sideend|p1: chip witley|Stealth Rock
|-activate|p1a: Maushold|move: Tidy Up
|-boost|p1a: Maushold|atk|1
|-boost|p1a: Maushold|spe|1
|move|p2a: Garganacl|Salt Cure|p1a: Maushold
|-damage|p1a: Maushold|62/100
|
|-heal|p2a: Garganacl|90/100|[from] item: Leftovers
|-damage|p1a: Maushold|49/100|[from] Salt Cure
|upkeep
|turn|9
|
|t:|1743870524
|switch|p1a: Scizor|Scizor, F|100/100
|move|p2a: Garganacl|Salt Cure|p1a: Scizor
|-damage|p1a: Scizor|96/100
|-start|p1a: Scizor|Salt Cure
|
|-heal|p2a: Garganacl|96/100|[from] item: Leftovers
|-damage|p1a: Scizor|71/100|[from] Salt Cure
|-sideend|p1: chip witley|Reflect
|upkeep
|turn|10
|
|t:|1743870537
|switch|p1a: Toxtricity|Toxtricity, F|26/100
|move|p2a: Garganacl|Salt Cure|p1a: Toxtricity
|-damage|p1a: Toxtricity|9/100
|-start|p1a: Toxtricity|Salt Cure
|
|-heal|p2a: Garganacl|100/100|[from] item: Leftovers
|-damage|p1a: Toxtricity|0 fnt|[from] Salt Cure
|faint|p1a: Toxtricity
|-sideend|p1: chip witley|move: Light Screen
|upkeep
|
|t:|1743870548
|switch|p1a: Scizor|Scizor, F|71/100
|turn|11
|
|t:|1743870555
|switch|p2a: Iron Crown|Iron Crown|100/100
|move|p1a: Scizor|Close Combat|p2a: Iron Crown
|-crit|p2a: Iron Crown
|-damage|p2a: Iron Crown|0 fnt
|-unboost|p1a: Scizor|def|1
|-unboost|p1a: Scizor|spd|1
|faint|p2a: Iron Crown
|-end|p2a: Iron Crown|Quark Drive|[silent]
|-damage|p1a: Scizor|61/100|[from] item: Life Orb
|
|upkeep
|
|t:|1743870566
|switch|p2a: Moltres|Moltres|100/100
|turn|12
|
|t:|1743870570
|switch|p1a: Grimmsnarl|Grimmsnarl, M|68/100
|move|p2a: Moltres|Hurricane|p1a: Grimmsnarl
|-damage|p1a: Grimmsnarl|0 fnt
|faint|p1a: Grimmsnarl
|
|upkeep
|
|t:|1743870577
|switch|p1a: Maushold|Maushold|49/100
|turn|13
|
|t:|1743870581
|move|p1a: Maushold|Population Bomb|p2a: Moltres
|-damage|p2a: Moltres|88/100
|-status|p1a: Maushold|brn|[from] ability: Flame Body|[of] p2a: Moltres
|-damage|p2a: Moltres|82/100
|-damage|p2a: Moltres|76/100
|-damage|p2a: Moltres|69/100
|-damage|p2a: Moltres|64/100
|-damage|p2a: Moltres|58/100
|-damage|p2a: Moltres|52/100
|-hitcount|p2a: Moltres|7
|move|p2a: Moltres|Hurricane|p1a: Maushold
|-damage|p1a: Maushold|0 fnt
|faint|p1a: Maushold
|
|upkeep
|
|t:|1743870587
|switch|p1a: Veluza|Veluza, M|100/100
|turn|14
|
|t:|1743870600
|switch|p2a: Meowscarada|Meowscarada, F|100/100
|-terastallize|p1a: Veluza|Electric
|move|p1a: Veluza|Fillet Away|p1a: Veluza
|-boost|p1a: Veluza|atk|2
|-boost|p1a: Veluza|spa|2
|-boost|p1a: Veluza|spe|2
|-damage|p1a: Veluza|50/100
|
|upkeep
|turn|15
|
|t:|1743870615
|move|p2a: Meowscarada|Sucker Punch||[still]
|-fail|p2a: Meowscarada
|move|p1a: Veluza|Recover|p1a: Veluza
|-heal|p1a: Veluza|100/100
|
|upkeep
|turn|16
|
|t:|1743870625
|move|p2a: Meowscarada|Sucker Punch|p1a: Veluza
|-start|p2a: Meowscarada|typechange|Dark|[from] ability: Protean
|-damage|p1a: Veluza|30/100
|move|p1a: Veluza|Aqua Cutter|p2a: Meowscarada
|-damage|p2a: Meowscarada|0 fnt
|faint|p2a: Meowscarada
|
|upkeep
|
|t:|1743870642
|switch|p2a: Dragapult|Dragapult, F|100/100
|turn|17
|
|t:|1743870649
|move|p2a: Dragapult|Quick Attack|p1a: Veluza
|-damage|p1a: Veluza|3/100
|move|p1a: Veluza|Recover|p1a: Veluza
|-heal|p1a: Veluza|53/100
|
|upkeep
|turn|18
|
|t:|1743870661
|switch|p2a: Moltres|Moltres|52/100
|move|p1a: Veluza|Psycho Cut|p2a: Moltres
|-crit|p2a: Moltres
|-damage|p2a: Moltres|0 fnt
|faint|p2a: Moltres
|
|upkeep
|
|t:|1743870671
|switch|p2a: Garganacl|Garganacl, F|100/100
|turn|19
|
|t:|1743870676
|-terastallize|p2a: Garganacl|Fairy
|move|p1a: Veluza|Psycho Cut|p2a: Garganacl
|-crit|p2a: Garganacl
|-damage|p2a: Garganacl|16/100
|move|p2a: Garganacl|Salt Cure|p1a: Veluza
|-damage|p1a: Veluza|32/100
|-start|p1a: Veluza|Salt Cure
|
|-heal|p2a: Garganacl|22/100|[from] item: Leftovers
|-damage|p1a: Veluza|20/100|[from] Salt Cure
|upkeep
|turn|20
|
|t:|1743870688
|move|p2a: Garganacl|Protect|p2a: Garganacl
|-singleturn|p2a: Garganacl|Protect
|move|p1a: Veluza|Recover|p1a: Veluza
|-heal|p1a: Veluza|70/100
|
|-heal|p2a: Garganacl|28/100|[from] item: Leftovers
|-damage|p1a: Veluza|57/100|[from] Salt Cure
|upkeep
|turn|21
|
|t:|1743870705
|switch|p2a: Great Tusk|Great Tusk|100/100
|move|p1a: Veluza|Psycho Cut|p2a: Great Tusk
|-supereffective|p2a: Great Tusk
|-crit|p2a: Great Tusk
|-damage|p2a: Great Tusk|0 fnt
|faint|p2a: Great Tusk
|-end|p2a: Great Tusk|Protosynthesis|[silent]
|
|-damage|p1a: Veluza|45/100|[from] Salt Cure
|upkeep
|
|t:|1743870717
|switch|p2a: Garganacl|Garganacl, F, tera:Fairy|28/100
|turn|22
|
|t:|1743870722
|move|p1a: Veluza|Psycho Cut|p2a: Garganacl
|-crit|p2a: Garganacl
|-damage|p2a: Garganacl|0 fnt
|faint|p2a: Garganacl
|
|-damage|p1a: Veluza|32/100|[from] Salt Cure
|upkeep
|
|t:|1743870730
|switch|p2a: Dragapult|Dragapult, F|100/100
|turn|23
|
|t:|1743870733
|move|p1a: Veluza|Psycho Cut|p2a: Dragapult
|-damage|p2a: Dragapult|0 fnt
|faint|p2a: Dragapult
|
|win|chip witley
|raw|chip witley's rating: 1719 &rarr; <strong>1737</strong><br />(+18 for winning)
|raw|Astelzhang's rating: 1676 &rarr; <strong>1658</strong><br />(-18 for losing)
|l|☆Astelzhang
|player|p2|
|j| Partynparadise
