|j|☆Professor Champion
|j|☆andy miloknockis
|t:|1743788752
|gametype|singles
|player|p1|Professor Champion|ingo|1329
|player|p2|andy miloknockis|flannery|1343
|teamsize|p1|6
|teamsize|p2|6
|gen|9
|tier|[Gen 9] OU
|rated|
|rule|HP Percentage Mod: HP is shown in percentages
|rule|Endless Battle Clause: Forcing endless battles is banned
|rule|Species Clause: Limit one of each Pokémon
|rule|OHKO Clause: OHKO moves are banned
|rule|Evasion Items Clause: Evasion items are banned
|rule|Evasion Moves Clause: Evasion moves are banned
|rule|Sleep Moves Clause: Sleep-inducing moves are banned
|clearpoke
|poke|p1|Iron Moth|
|poke|p1|Samurott-Hisui, M|
|poke|p1|Ogerpon-Wellspring, F|
|poke|p1|Raging Bolt|
|poke|p1|Weavile, M|
|poke|p1|Great Tusk|
|poke|p2|Scizor, M|
|poke|p2|Grafaiai, F|
|poke|p2|Gholdengo|
|poke|p2|Ting-Lu|
|poke|p2|Volcanion|
|poke|p2|Electivire, M|
|teampreview
|inactive|Battle timer is ON: inactive players will automatically lose when time's up. (requested by Professor Champion)
|
|t:|1743788760
|start
|switch|p1a: Saumrott|Samurott-Hisui, M|100/100
|switch|p2a: Ting-Lu|Ting-Lu|100/100
|-ability|p2a: Ting-Lu|Vessel of Ruin
|turn|1
|
|t:|1743788769
|move|p1a: Saumrott|Ceaseless Edge|p2a: Ting-Lu
|-resisted|p2a: Ting-Lu
|-damage|p2a: Ting-Lu|92/100
|-sidestart|p2: andy miloknockis|Spikes
|move|p2a: Ting-Lu|Stealth Rock|p1a: Saumrott
|-sidestart|p1: Professor Champion|move: Stealth Rock
|
|upkeep
|turn|2
|
|t:|1743788775
|move|p1a: Saumrott|Ceaseless Edge|p2a: Ting-Lu
|-resisted|p2a: Ting-Lu
|-damage|p2a: Ting-Lu|82/100
|-sidestart|p2: andy miloknockis|Spikes
|move|p2a: Ting-Lu|Spikes|p1a: Saumrott
|-sidestart|p1: Professor Champion|Spikes
|
|upkeep
|turn|3
|
|t:|1743788781
|move|p1a: Saumrott|Ceaseless Edge|p2a: Ting-Lu|[miss]
|-miss|p1a: Saumrott|p2a: Ting-Lu
|move|p2a: Ting-Lu|Ruination|p1a: Saumrott
|-damage|p1a: Saumrott|51/100
|
|upkeep
|turn|4
|
|t:|1743788788
|move|p1a: Saumrott|Ceaseless Edge|p2a: Ting-Lu
|-resisted|p2a: Ting-Lu
|-damage|p2a: Ting-Lu|72/100
|-sidestart|p2: andy miloknockis|Spikes
|move|p2a: Ting-Lu|Spikes|p1a: Saumrott
|-sidestart|p1: Professor Champion|Spikes
|
|upkeep
|turn|5
|
|t:|1743788795
|move|p1a: Saumrott|Aqua Cutter|p2a: Ting-Lu
|-supereffective|p2a: Ting-Lu
|-damage|p2a: Ting-Lu|36/100
|move|p2a: Ting-Lu|Whirlwind|p1a: Saumrott
|drag|p1a: Raigng Bolt|Raging Bolt|100/100
|-damage|p1a: Raigng Bolt|88/100|[from] Stealth Rock
|-damage|p1a: Raigng Bolt|72/100|[from] Spikes
|-enditem|p1a: Raigng Bolt|Booster Energy
|-activate|p1a: Raigng Bolt|ability: Protosynthesis|[fromitem]
|-start|p1a: Raigng Bolt|protosynthesisspa
|
|upkeep
|turn|6
|
|t:|1743788817
|-end|p1a: Raigng Bolt|Protosynthesis|[silent]
|switch|p1a: Great Tuks|Great Tusk|100/100
|-damage|p1a: Great Tuks|98/100|[from] Stealth Rock
|-damage|p1a: Great Tuks|81/100|[from] Spikes
|-enditem|p1a: Great Tuks|Booster Energy
|-activate|p1a: Great Tuks|ability: Protosynthesis|[fromitem]
|-start|p1a: Great Tuks|protosynthesisspe
|move|p2a: Ting-Lu|Whirlwind|p1a: Great Tuks
|-end|p1a: Great Tuks|Protosynthesis|[silent]
|drag|p1a: Iron Moht|Iron Moth|100/100
|-damage|p1a: Iron Moht|76/100|[from] Stealth Rock
|-damage|p1a: Iron Moht|59/100|[from] Spikes
|-enditem|p1a: Iron Moht|Booster Energy
|-activate|p1a: Iron Moht|ability: Quark Drive|[fromitem]
|-start|p1a: Iron Moht|quarkdrivespe
|
|upkeep
|turn|7
|inactive|Professor Champion has 120 seconds left.
|
|t:|1743788846
|move|p1a: Iron Moht|Dazzling Gleam|p2a: Ting-Lu
|-supereffective|p2a: Ting-Lu
|-damage|p2a: Ting-Lu|4/100
|move|p2a: Ting-Lu|Whirlwind|p1a: Iron Moht
|-end|p1a: Iron Moht|Quark Drive|[silent]
|drag|p1a: Raigng Bolt|Raging Bolt|72/100
|-damage|p1a: Raigng Bolt|59/100|[from] Stealth Rock
|-damage|p1a: Raigng Bolt|43/100|[from] Spikes
|
|upkeep
|turn|8
|inactive|Professor Champion has 120 seconds left.
|
|t:|1743788856
|move|p1a: Raigng Bolt|Dragon Pulse|p2a: Ting-Lu
|-damage|p2a: Ting-Lu|0 fnt
|faint|p2a: Ting-Lu
|
|upkeep
|
|t:|1743788864
|switch|p2a: Electivire|Electivire, M|100/100
|-item|p2a: Electivire|Air Balloon
|turn|9
|inactive|Professor Champion has 120 seconds left.
|
|t:|1743788874
|-terastallize|p2a: Electivire|Fairy
|move|p1a: Raigng Bolt|Thunderclap||[still]
|-fail|p1a: Raigng Bolt
|move|p2a: Electivire|Bulk Up|p2a: Electivire
|-boost|p2a: Electivire|atk|1
|-boost|p2a: Electivire|def|1
|
|upkeep
|turn|10
|
|t:|1743788883
|move|p1a: Raigng Bolt|Thunderclap|p2a: Electivire
|-ability|p2a: Electivire|Motor Drive|boost
|-boost|p2a: Electivire|spe|1
|move|p2a: Electivire|Tera Blast|p1a: Raigng Bolt|[anim] Tera Blast Fairy
|-supereffective|p1a: Raigng Bolt
|-damage|p1a: Raigng Bolt|0 fnt
|faint|p1a: Raigng Bolt
|-end|p1a: Raigng Bolt|Protosynthesis|[silent]
|
|upkeep
|c|☆Professor Champion|Well this is bad
|inactive|Professor Champion has 120 seconds left.
|c|☆andy miloknockis|lol
|
|t:|1743788905
|switch|p1a: Great Tuks|Great Tusk|81/100
|-damage|p1a: Great Tuks|78/100|[from] Stealth Rock
|-damage|p1a: Great Tuks|61/100|[from] Spikes
|turn|11
|
|t:|1743788911
|switch|p2a: Gholdengo|Gholdengo|100/100
|-item|p2a: Gholdengo|Air Balloon
|move|p1a: Great Tuks|Rapid Spin|p2a: Gholdengo
|-immune|p2a: Gholdengo
|
|upkeep
|turn|12
|inactive|Professor Champion has 120 seconds left.
|-message|Professor Champion forfeited.
|
|win|andy miloknockis
|raw|Professor Champion's rating: 1329 &rarr; <strong>1309</strong><br />(-20 for losing)
|raw|andy miloknockis's rating: 1328 &rarr; <strong>1348</strong><br />(+20 for winning)
|l|☆Professor Champion
|player|p1|
|l|☆andy miloknockis
|player|p2|
