|j|☆RenegadeArtUtube
|j|☆ne_kerel
|t:|1743803258
|gametype|singles
|player|p1|RenegadeArtUtube|gambler|1548
|player|p2|ne_kerel|fisherman-gen4|1466
|teamsize|p1|6
|teamsize|p2|6
|gen|9
|tier|[Gen 9] OU
|rated|
|rule|HP Percentage Mod: HP is shown in percentages
|rule|Endless Battle Clause: Forcing endless battles is banned
|rule|Species Clause: Limit one of each Pokémon
|rule|OHKO Clause: OHKO moves are banned
|rule|Evasion Items Clause: Evasion items are banned
|rule|Evasion Moves Clause: Evasion moves are banned
|rule|Sleep Moves Clause: Sleep-inducing moves are banned
|clearpoke
|poke|p1|Blaziken, M|
|poke|p1|Ninetales-Alola, F|
|poke|p1|Polteageist-Antique|
|poke|p1|Hatterene, F|
|poke|p1|Raging Bolt|
|poke|p1|Landorus-Therian, M|
|poke|p2|Whimsicott, M|
|poke|p2|Ceruledge, F|
|poke|p2|Walking Wake|
|poke|p2|Comfey, F|
|poke|p2|Great Tusk|
|poke|p2|Torkoal, F|
|teampreview
|inactive|Battle timer is ON: inactive players will automatically lose when time's up. (requested by RenegadeArtUtube)
|
|t:|1743803287
|start
|switch|p1a: Hatterene|Hatterene, F, shiny|100/100
|switch|p2a: Torkoal|Torkoal, F|100/100
|-weather|SunnyDay|[from] ability: Drought|[of] p2a: Torkoal
|turn|1
|
|t:|1743803313
|switch|p2a: Whimsicott|Whimsicott, M|100/100
|move|p1a: Hatterene|Future Sight|p2a: Whimsicott
|-start|p1a: Hatterene|move: Future Sight
|
|-weather|SunnyDay|[upkeep]
|upkeep
|turn|2
|
|t:|1743803320
|move|p2a: Whimsicott|Growth|p2a: Whimsicott
|-boost|p2a: Whimsicott|atk|2
|-boost|p2a: Whimsicott|spa|2
|move|p1a: Hatterene|Calm Mind|p1a: Hatterene
|-boost|p1a: Hatterene|spa|1
|-boost|p1a: Hatterene|spd|1
|
|-weather|SunnyDay|[upkeep]
|upkeep
|turn|3
|
|t:|1743803337
|move|p2a: Whimsicott|Shadow Ball|p1a: Hatterene
|-supereffective|p1a: Hatterene
|-damage|p1a: Hatterene|27/100
|-damage|p2a: Whimsicott|91/100|[from] item: Life Orb
|move|p1a: Hatterene|Draining Kiss|p2a: Whimsicott
|-damage|p2a: Whimsicott|43/100
|-heal|p1a: Hatterene|61/100|[from] drain|[of] p2a: Whimsicott
|
|-weather|SunnyDay|[upkeep]
|-end|p2a: Whimsicott|move: Future Sight
|-damage|p2a: Whimsicott|0 fnt
|faint|p2a: Whimsicott
|upkeep
|inactive|ne_kerel has 120 seconds left.
|
|t:|1743803361
|switch|p2a: Ceruledge|Ceruledge, F|100/100
|turn|4
|
|t:|1743803381
|move|p2a: Ceruledge|Swords Dance|p2a: Ceruledge
|-boost|p2a: Ceruledge|atk|2
|move|p1a: Hatterene|Future Sight|p2a: Ceruledge
|-start|p1a: Hatterene|move: Future Sight
|
|-weather|SunnyDay|[upkeep]
|upkeep
|turn|5
|inactive|ne_kerel has 120 seconds left.
|
|t:|1743803396
|move|p2a: Ceruledge|Bitter Blade|p1a: Hatterene
|-damage|p1a: Hatterene|0 fnt
|faint|p1a: Hatterene
|
|-weather|SunnyDay|[upkeep]
|upkeep
|
|t:|1743803410
|switch|p1a: Ninetales|Ninetales-Alola, F|100/100
|-weather|Snowscape|[from] ability: Snow Warning|[of] p1a: Ninetales
|turn|6
|
|t:|1743803415
|switch|p1a: Landorus|Landorus-Therian, M|100/100
|-ability|p1a: Landorus|Intimidate|boost
|-unboost|p2a: Ceruledge|atk|1
|move|p2a: Ceruledge|Bitter Blade|p1a: Landorus
|-crit|p1a: Landorus
|-damage|p1a: Landorus|0 fnt
|-damage|p2a: Ceruledge|84/100|[from] item: Rocky Helmet|[of] p1a: Landorus
|faint|p1a: Landorus
|
|-weather|Snowscape|[upkeep]
|-end|p2a: Ceruledge|move: Future Sight
|-damage|p2a: Ceruledge|21/100
|upkeep
|inactive|RenegadeArtUtube has 120 seconds left.
|
|t:|1743803437
|switch|p1a: Raging Bolt|Raging Bolt|100/100
|-enditem|p1a: Raging Bolt|Booster Energy
|-activate|p1a: Raging Bolt|ability: Protosynthesis|[fromitem]
|-start|p1a: Raging Bolt|protosynthesisspa
|turn|7
|
|t:|1743803447
|move|p2a: Ceruledge|Swords Dance|p2a: Ceruledge
|-boost|p2a: Ceruledge|atk|2
|move|p1a: Raging Bolt|Discharge|p2a: Ceruledge
|-damage|p2a: Ceruledge|0 fnt
|faint|p2a: Ceruledge
|
|-weather|Snowscape|[upkeep]
|upkeep
|
|t:|1743803457
|switch|p2a: Torkoal|Torkoal, F|100/100
|-weather|SunnyDay|[from] ability: Drought|[of] p2a: Torkoal
|turn|8
|
|t:|1743803467
|move|p1a: Raging Bolt|Weather Ball|p2a: Torkoal
|-resisted|p2a: Torkoal
|-damage|p2a: Torkoal|52/100
|move|p2a: Torkoal|Stealth Rock|p1a: Raging Bolt
|-sidestart|p1: RenegadeArtUtube|move: Stealth Rock
|
|-weather|SunnyDay|[upkeep]
|upkeep
|turn|9
|
|t:|1743803482
|switch|p2a: Walking Wake|Walking Wake|100/100
|-activate|p2a: Walking Wake|ability: Protosynthesis
|-start|p2a: Walking Wake|protosynthesisspe
|move|p1a: Raging Bolt|Dragon Breath|p2a: Walking Wake
|-supereffective|p2a: Walking Wake
|-damage|p2a: Walking Wake|5/100
|-status|p2a: Walking Wake|par
|
|-weather|SunnyDay|[upkeep]
|upkeep
|turn|10
|
|t:|1743803494
|move|p1a: Raging Bolt|Thunderclap|p2a: Walking Wake
|-damage|p2a: Walking Wake|0 fnt
|faint|p2a: Walking Wake
|-end|p2a: Walking Wake|Protosynthesis|[silent]
|
|-weather|SunnyDay|[upkeep]
|upkeep
|
|t:|1743803500
|switch|p2a: Comfey|Comfey, F|100/100
|turn|11
|
|t:|1743803516
|-terastallize|p1a: Raging Bolt|Fairy
|move|p2a: Comfey|Growth|p2a: Comfey
|-boost|p2a: Comfey|atk|2
|-boost|p2a: Comfey|spa|2
|move|p1a: Raging Bolt|Discharge|p2a: Comfey
|-damage|p2a: Comfey|40/100
|
|-weather|SunnyDay|[upkeep]
|upkeep
|turn|12
|
|t:|1743803539
|move|p2a: Comfey|Draining Kiss|p1a: Raging Bolt
|-damage|p1a: Raging Bolt|64/100
|-heal|p2a: Comfey|79/100|[from] drain|[of] p1a: Raging Bolt
|move|p1a: Raging Bolt|Discharge|p2a: Comfey
|-damage|p2a: Comfey|13/100
|
|-weather|SunnyDay|[upkeep]
|upkeep
|turn|13
|
|t:|1743803556
|move|p2a: Comfey|Stored Power|p1a: Raging Bolt
|-crit|p1a: Raging Bolt
|-damage|p1a: Raging Bolt|0 fnt
|faint|p1a: Raging Bolt
|-end|p1a: Raging Bolt|Protosynthesis|[silent]
|
|-weather|SunnyDay|[upkeep]
|upkeep
|c|☆RenegadeArtUtube|I hate this fucking game
|inactive|RenegadeArtUtube has 120 seconds left.
|
|t:|1743803596
|switch|p1a: Blaziken|Blaziken, M, shiny|100/100
|-damage|p1a: Blaziken|88/100|[from] Stealth Rock
|turn|14
|
|t:|1743803601
|move|p2a: Comfey|Draining Kiss|p1a: Blaziken
|-damage|p1a: Blaziken|27/100
|-heal|p2a: Comfey|59/100|[from] drain|[of] p1a: Blaziken
|move|p1a: Blaziken|Blaze Kick|p2a: Comfey
|-damage|p2a: Comfey|0 fnt
|faint|p2a: Comfey
|
|-weather|SunnyDay|[upkeep]
|-ability|p1a: Blaziken|Speed Boost|boost
|-boost|p1a: Blaziken|spe|1
|upkeep
|
|t:|1743803617
|switch|p2a: Great Tusk|Great Tusk|100/100
|-activate|p2a: Great Tusk|ability: Protosynthesis
|-start|p2a: Great Tusk|protosynthesisatk
|turn|15
|
|t:|1743803627
|move|p1a: Blaziken|Blaze Kick|p2a: Great Tusk
|-damage|p2a: Great Tusk|50/100
|move|p2a: Great Tusk|Headlong Rush|p1a: Blaziken
|-supereffective|p1a: Blaziken
|-damage|p1a: Blaziken|0 fnt
|-unboost|p2a: Great Tusk|def|1
|-unboost|p2a: Great Tusk|spd|1
|faint|p1a: Blaziken
|
|-weather|none
|-end|p2a: Great Tusk|Protosynthesis
|upkeep
|inactive|RenegadeArtUtube has 120 seconds left.
|
|t:|1743803642
|switch|p1a: Ninetales|Ninetales-Alola, F|100/100
|-damage|p1a: Ninetales|76/100|[from] Stealth Rock
|-weather|Snowscape|[from] ability: Snow Warning|[of] p1a: Ninetales
|turn|16
|inactive|RenegadeArtUtube has 120 seconds left.
|inactive|RenegadeArtUtube has 90 seconds left.
|
|t:|1743803681
|-end|p2a: Great Tusk|Protosynthesis|[silent]
|switch|p2a: Torkoal|Torkoal, F|52/100
|-weather|SunnyDay|[from] ability: Drought|[of] p2a: Torkoal
|move|p1a: Ninetales|Draining Kiss|p2a: Torkoal
|-resisted|p2a: Torkoal
|-damage|p2a: Torkoal|43/100
|-heal|p1a: Ninetales|83/100|[from] drain|[of] p2a: Torkoal
|
|-weather|SunnyDay|[upkeep]
|upkeep
|turn|17
|inactive|RenegadeArtUtube has 90 seconds left.
|
|t:|1743803702
|switch|p1a: Polteageist|Polteageist-Antique|100/100
|-damage|p1a: Polteageist|88/100|[from] Stealth Rock
|move|p2a: Torkoal|Will-O-Wisp|p1a: Polteageist
|-status|p1a: Polteageist|brn
|
|-weather|SunnyDay|[upkeep]
|-damage|p1a: Polteageist|82/100 brn|[from] brn
|upkeep
|turn|18
|inactive|RenegadeArtUtube has 90 seconds left.
|
|t:|1743803716
|switch|p2a: Great Tusk|Great Tusk|50/100
|-activate|p2a: Great Tusk|ability: Protosynthesis
|-start|p2a: Great Tusk|protosynthesisatk
|move|p1a: Polteageist|Shell Smash|p1a: Polteageist
|-unboost|p1a: Polteageist|def|1
|-unboost|p1a: Polteageist|spd|1
|-boost|p1a: Polteageist|atk|2
|-boost|p1a: Polteageist|spa|2
|-boost|p1a: Polteageist|spe|2
|-enditem|p1a: Polteageist|White Herb
|-clearnegativeboost|p1a: Polteageist|[silent]
|
|-weather|SunnyDay|[upkeep]
|-damage|p1a: Polteageist|76/100 brn|[from] brn
|upkeep
|turn|19
|inactive|RenegadeArtUtube has 90 seconds left.
|inactive|ne_kerel has 120 seconds left.
|
|t:|1743803741
|move|p1a: Polteageist|Shadow Ball|p2a: Great Tusk
|-damage|p2a: Great Tusk|0 fnt
|faint|p2a: Great Tusk
|-end|p2a: Great Tusk|Protosynthesis|[silent]
|
|-weather|SunnyDay|[upkeep]
|-damage|p1a: Polteageist|70/100 brn|[from] brn
|upkeep
|inactive|ne_kerel has 120 seconds left.
|
|t:|1743803748
|switch|p2a: Torkoal|Torkoal, F|43/100
|turn|20
|c|☆RenegadeArtUtube|GG
|
|t:|1743803756
|move|p1a: Polteageist|Shadow Ball|p2a: Torkoal
|-damage|p2a: Torkoal|0 fnt
|faint|p2a: Torkoal
|
|win|RenegadeArtUtube
|raw|RenegadeArtUtube's rating: 1548 &rarr; <strong>1563</strong><br />(+15 for winning)
|raw|ne_kerel's rating: 1466 &rarr; <strong>1451</strong><br />(-15 for losing)
|l|☆ne_kerel
|player|p2|
