|j|☆nube4real
|j|☆somebody8160
|t:|1743829044
|gametype|singles
|player|p1|nube4real|170|1162
|player|p2|somebody8160|gentleman-gen4|1217
|teamsize|p1|6
|teamsize|p2|6
|gen|9
|tier|[Gen 9] OU
|rated|
|rule|HP Percentage Mod: HP is shown in percentages
|rule|Endless Battle Clause: Forcing endless battles is banned
|rule|Species Clause: Limit one of each Pokémon
|rule|OHKO Clause: OHKO moves are banned
|rule|Evasion Items Clause: Evasion items are banned
|rule|Evasion Moves Clause: Evasion moves are banned
|rule|Sleep Moves Clause: Sleep-inducing moves are banned
|clearpoke
|poke|p1|Thundurus, M|
|poke|p1|Breloom, M|
|poke|p1|Blaziken, F|
|poke|p1|Scizor, M|
|poke|p1|Clodsire, M|
|poke|p1|Blastoise, M|
|poke|p2|Kingambit, M|
|poke|p2|Dragonite, M|
|poke|p2|Meowscarada, M|
|poke|p2|Milotic, M|
|poke|p2|Blaziken, M|
|poke|p2|Galvantula, M|
|teampreview
|c|☆somebody8160|glhf
|
|t:|1743829060
|start
|switch|p1a: Breloom|Breloom, M, shiny|100/100
|switch|p2a: Galvantula|Galvantula, M|100/100
|turn|1
|
|t:|1743829069
|move|p2a: Galvantula|Sticky Web|p1a: Breloom
|-sidestart|p1: nube4real|move: Sticky Web
|move|p1a: Breloom|Rock Tomb|p2a: Galvantula
|-supereffective|p2a: Galvantula
|-damage|p2a: Galvantula|0 fnt
|faint|p2a: Galvantula
|
|upkeep
|
|t:|1743829081
|switch|p2a: Meowscarada|Meowscarada, M|100/100
|turn|2
|
|t:|1743829091
|move|p1a: Breloom|Mach Punch|p2a: Meowscarada
|-supereffective|p2a: Meowscarada
|-damage|p2a: Meowscarada|0 fnt
|faint|p2a: Meowscarada
|
|upkeep
|
|t:|1743829094
|switch|p2a: Dragonite|Dragonite, M|100/100
|turn|3
|c|☆somebody8160|im fr about to get swept by breloom
|
|t:|1743829105
|-terastallize|p1a: Breloom|Rock
|move|p2a: Dragonite|Dragon Dance|p2a: Dragonite
|-boost|p2a: Dragonite|atk|1
|-boost|p2a: Dragonite|spe|1
|move|p1a: Breloom|Rock Tomb|p2a: Dragonite
|-supereffective|p2a: Dragonite
|-damage|p2a: Dragonite|48/100
|-unboost|p2a: Dragonite|spe|1
|
|upkeep
|turn|4
|c|☆somebody8160|:broken-heart:
|
|t:|1743829117
|move|p2a: Dragonite|Extreme Speed|p1a: Breloom
|-resisted|p1a: Breloom
|-damage|p1a: Breloom|74/100
|move|p1a: Breloom|Rock Tomb|p2a: Dragonite
|-supereffective|p2a: Dragonite
|-damage|p2a: Dragonite|0 fnt
|faint|p2a: Dragonite
|
|upkeep
|
|t:|1743829126
|switch|p2a: Milotic|Milotic, M|100/100
|turn|5
|
|t:|1743829131
|move|p2a: Milotic|Scald|p1a: Breloom
|-supereffective|p1a: Breloom
|-damage|p1a: Breloom|0 fnt
|faint|p1a: Breloom
|
|upkeep
|c|☆somebody8160|im so washed
|
|t:|1743829139
|switch|p1a: Blastoise|Blastoise, M|100/100
|-activate|p1a: Blastoise|move: Sticky Web
|-unboost|p1a: Blastoise|spe|1
|turn|6
|
|t:|1743829148
|move|p2a: Milotic|Alluring Voice|p1a: Blastoise
|-damage|p1a: Blastoise|83/100
|move|p1a: Blastoise|Rapid Spin|p2a: Milotic
|-damage|p2a: Milotic|90/100
|-boost|p1a: Blastoise|spe|1
|-sideend|p1: nube4real|Sticky Web|[from] move: Rapid Spin|[of] p1a: Blastoise
|
|-heal|p2a: Milotic|96/100|[from] item: Leftovers
|-heal|p1a: Blastoise|89/100|[from] item: Leftovers
|upkeep
|turn|7
|
|t:|1743829166
|switch|p1a: Thundurus|Thundurus, M|100/100
|move|p2a: Milotic|Alluring Voice|p1a: Thundurus
|-damage|p1a: Thundurus|73/100
|
|-heal|p2a: Milotic|100/100|[from] item: Leftovers
|upkeep
|turn|8
|
|t:|1743829174
|move|p1a: Thundurus|Knock Off|p2a: Milotic
|-damage|p2a: Milotic|82/100
|-enditem|p2a: Milotic|Leftovers|[from] move: Knock Off|[of] p1a: Thundurus
|move|p2a: Milotic|Ice Beam|p1a: Thundurus
|-supereffective|p1a: Thundurus
|-enditem|p1a: Thundurus|Yache Berry|[eat]
|-enditem|p1a: Thundurus|Yache Berry|[weaken]
|-damage|p1a: Thundurus|40/100
|
|upkeep
|turn|9
|
|t:|1743829183
|move|p1a: Thundurus|Thunderbolt|p2a: Milotic
|-supereffective|p2a: Milotic
|-damage|p2a: Milotic|14/100
|move|p2a: Milotic|Ice Beam|p1a: Thundurus
|-supereffective|p1a: Thundurus
|-damage|p1a: Thundurus|0 fnt
|faint|p1a: Thundurus
|
|upkeep
|
|t:|1743829194
|switch|p1a: Scizor|Scizor, M|100/100
|turn|10
|
|t:|1743829197
|move|p1a: Scizor|Bullet Punch|p2a: Milotic
|-resisted|p2a: Milotic
|-damage|p2a: Milotic|0 fnt
|faint|p2a: Milotic
|
|upkeep
|
|t:|1743829205
|switch|p2a: Blaziken|Blaziken, M|100/100
|turn|11
|
|t:|1743829213
|switch|p1a: Blastoise|Blastoise, M|89/100
|move|p2a: Blaziken|Swords Dance|p2a: Blaziken
|-boost|p2a: Blaziken|atk|2
|
|-heal|p1a: Blastoise|95/100|[from] item: Leftovers
|-ability|p2a: Blaziken|Speed Boost|boost
|-boost|p2a: Blaziken|spe|1
|upkeep
|turn|12
|
|t:|1743829226
|move|p2a: Blaziken|Thunder Punch|p1a: Blastoise
|-supereffective|p1a: Blastoise
|-damage|p1a: Blastoise|0 fnt
|faint|p1a: Blastoise
|
|-ability|p2a: Blaziken|Speed Boost|boost
|-boost|p2a: Blaziken|spe|1
|upkeep
|
|t:|1743829235
|switch|p1a: Clodsire|Clodsire, M, shiny|100/100
|turn|13
|
|t:|1743829239
|move|p2a: Blaziken|Fire Punch|p1a: Clodsire
|-damage|p1a: Clodsire|57/100
|move|p1a: Clodsire|Earthquake|p2a: Blaziken
|-supereffective|p2a: Blaziken
|-damage|p2a: Blaziken|1/100
|
|-heal|p1a: Clodsire|63/100|[from] item: Leftovers
|-ability|p2a: Blaziken|Speed Boost|boost
|-boost|p2a: Blaziken|spe|1
|upkeep
|turn|14
|
|t:|1743829252
|move|p2a: Blaziken|Fire Punch|p1a: Clodsire
|-damage|p1a: Clodsire|16/100
|move|p1a: Clodsire|Earthquake|p2a: Blaziken
|-supereffective|p2a: Blaziken
|-damage|p2a: Blaziken|0 fnt
|faint|p2a: Blaziken
|
|-heal|p1a: Clodsire|22/100|[from] item: Leftovers
|upkeep
|
|t:|1743829255
|switch|p2a: Kingambit|Kingambit, M|100/100
|turn|15
|
|t:|1743829276
|-terastallize|p2a: Kingambit|Dark
|move|p2a: Kingambit|Swords Dance|p2a: Kingambit
|-boost|p2a: Kingambit|atk|2
|move|p1a: Clodsire|Stealth Rock|p2a: Kingambit
|-sidestart|p2: somebody8160|move: Stealth Rock
|
|-heal|p1a: Clodsire|28/100|[from] item: Leftovers
|upkeep
|turn|16
|
|t:|1743829288
|move|p2a: Kingambit|Swords Dance|p2a: Kingambit
|-boost|p2a: Kingambit|atk|2
|move|p1a: Clodsire|Earthquake|p2a: Kingambit
|-damage|p2a: Kingambit|77/100
|
|-heal|p2a: Kingambit|83/100|[from] item: Leftovers
|-heal|p1a: Clodsire|35/100|[from] item: Leftovers
|upkeep
|turn|17
|
|t:|1743829300
|move|p2a: Kingambit|Kowtow Cleave|p1a: Clodsire
|-damage|p1a: Clodsire|0 fnt
|faint|p1a: Clodsire
|
|-heal|p2a: Kingambit|90/100|[from] item: Leftovers
|upkeep
|
|t:|1743829311
|switch|p1a: Blaziken|Blaziken, F, shiny|100/100
|turn|18
|
|t:|1743829315
|move|p1a: Blaziken|Protect|p1a: Blaziken
|-singleturn|p1a: Blaziken|Protect
|move|p2a: Kingambit|Sucker Punch||[still]
|-fail|p2a: Kingambit
|
|-heal|p2a: Kingambit|96/100|[from] item: Leftovers
|-ability|p1a: Blaziken|Speed Boost|boost
|-boost|p1a: Blaziken|spe|1
|upkeep
|turn|19
|
|t:|1743829325
|move|p1a: Blaziken|Protect||[still]
|-fail|p1a: Blaziken
|move|p2a: Kingambit|Sucker Punch||[still]
|-fail|p2a: Kingambit
|
|-heal|p2a: Kingambit|100/100|[from] item: Leftovers
|-ability|p1a: Blaziken|Speed Boost|boost
|-boost|p1a: Blaziken|spe|1
|upkeep
|turn|20
|inactive|Battle timer is ON: inactive players will automatically lose when time's up. (requested by somebody8160)
|
|t:|1743829337
|move|p1a: Blaziken|Protect|p1a: Blaziken
|-singleturn|p1a: Blaziken|Protect
|move|p2a: Kingambit|Swords Dance|p2a: Kingambit
|-boost|p2a: Kingambit|atk|2
|
|-ability|p1a: Blaziken|Speed Boost|boost
|-boost|p1a: Blaziken|spe|1
|upkeep
|turn|21
|c|☆somebody8160|gg
|c|☆somebody8160|im cooked
|
|t:|1743829353
|move|p1a: Blaziken|Close Combat|p2a: Kingambit
|-supereffective|p2a: Kingambit
|-damage|p2a: Kingambit|8/100
|-unboost|p1a: Blaziken|def|1
|-unboost|p1a: Blaziken|spd|1
|move|p2a: Kingambit|Kowtow Cleave|p1a: Blaziken
|-resisted|p1a: Blaziken
|-damage|p1a: Blaziken|0 fnt
|faint|p1a: Blaziken
|
|-heal|p2a: Kingambit|14/100|[from] item: Leftovers
|upkeep
|c|☆somebody8160|OH
|
|t:|1743829365
|switch|p1a: Scizor|Scizor, M|100/100
|turn|22
|
|t:|1743829371
|move|p1a: Scizor|Bullet Punch|p2a: Kingambit
|-damage|p2a: Kingambit|0 fnt
|faint|p2a: Kingambit
|
|win|nube4real
|raw|nube4real's rating: 1162 &rarr; <strong>1191</strong><br />(+29 for winning)
|raw|somebody8160's rating: 1217 &rarr; <strong>1188</strong><br />(-29 for losing)
|c|☆somebody8160|gg
|l|☆somebody8160
|player|p2|
|l|☆nube4real
|player|p1|
|j|☆nube4real
|player|p1|nube4real|170|
|l|☆nube4real
|player|p1|
