|j|☆Coldwiii
|j|☆Seltzergod
|t:|1743869888
|gametype|singles
|player|p1|Coldwiii|wattson|1520
|player|p2|Seltzergod|flannery|1492
|teamsize|p1|6
|teamsize|p2|6
|gen|9
|tier|[Gen 9] OU
|rated|
|rule|HP Percentage Mod: HP is shown in percentages
|rule|Endless Battle Clause: Forcing endless battles is banned
|rule|Species Clause: Limit one of each Pokémon
|rule|OHKO Clause: OHKO moves are banned
|rule|Evasion Items Clause: Evasion items are banned
|rule|Evasion Moves Clause: Evasion moves are banned
|rule|Sleep Moves Clause: Sleep-inducing moves are banned
|clearpoke
|poke|p1|Ting-Lu|
|poke|p1|Latios, M|
|poke|p1|Skeledirge, F|
|poke|p1|Corviknight, F|
|poke|p1|Arcanine-Hisui, F|
|poke|p1|Hatterene, F|
|poke|p2|Bombirdier, M|
|poke|p2|Great Tusk|
|poke|p2|Muk, F|
|poke|p2|Alomomola, F|
|poke|p2|Ting-Lu|
|poke|p2|Kyurem|
|teampreview
|c|☆Coldwiii|glhf
|c|☆Seltzergod|u2
|
|t:|1743869940
|start
|switch|p1a: Ting-Lu|Ting-Lu|100/100
|switch|p2a: Savior|Alomomola, F|100/100
|-ability|p1a: Ting-Lu|Vessel of Ruin
|turn|1
|
|t:|1743869948
|move|p1a: Ting-Lu|Stealth Rock|p2a: Savior
|-sidestart|p2: Seltzergod|move: Stealth Rock
|move|p2a: Savior|Flip Turn|p1a: Ting-Lu
|-supereffective|p1a: Ting-Lu
|-damage|p1a: Ting-Lu|81/100
|
|t:|1743869954
|switch|p2a: XIV|Ting-Lu|100/100|[from] Flip Turn
|-damage|p2a: XIV|94/100|[from] Stealth Rock
|-ability|p2a: XIV|Vessel of Ruin
|
|-heal|p2a: XIV|100/100|[from] item: Leftovers
|-heal|p1a: Ting-Lu|87/100|[from] item: Leftovers
|upkeep
|turn|2
|
|t:|1743870014
|switch|p2a: Monster Munch|Muk, F|100/100
|-damage|p2a: Monster Munch|88/100|[from] Stealth Rock
|switch|p1a: Corviknight|Corviknight, F, shiny|100/100
|-ability|p1a: Corviknight|Pressure
|
|upkeep
|turn|3
|
|t:|1743870025
|move|p1a: Corviknight|Brave Bird|p2a: Monster Munch
|-damage|p2a: Monster Munch|50/100
|-damage|p1a: Corviknight|88/100|[from] Recoil
|move|p2a: Monster Munch|Knock Off|p1a: Corviknight
|-damage|p1a: Corviknight|68/100
|-damage|p2a: Monster Munch|34/100|[from] item: Rocky Helmet|[of] p1a: Corviknight
|-enditem|p1a: Corviknight|Rocky Helmet|[from] move: Knock Off|[of] p2a: Monster Munch
|
|upkeep
|turn|4
|
|t:|1743870033
|switch|p2a: Savior|Alomomola, F|100/100
|move|p1a: Corviknight|Brave Bird|p2a: Savior
|-damage|p2a: Savior|76/100
|-damage|p1a: Corviknight|59/100|[from] Recoil
|
|upkeep
|turn|5
|
|t:|1743870040
|move|p1a: Corviknight|Roost|p1a: Corviknight
|-heal|p1a: Corviknight|100/100
|-singleturn|p1a: Corviknight|move: Roost
|move|p2a: Savior|Wish|p2a: Savior
|
|upkeep
|turn|6
|
|t:|1743870055
|switch|p1a: Latios|Latios, M, shiny|100/100
|move|p2a: Savior|Flip Turn|p1a: Latios
|-resisted|p1a: Latios
|-damage|p1a: Latios|89/100
|
|t:|1743870062
|switch|p2a: Monster Munch|Muk, F|34/100|[from] Flip Turn
|-damage|p2a: Monster Munch|22/100|[from] Stealth Rock
|
|-heal|p2a: Monster Munch|79/100|[from] move: Wish|[wisher] Savior
|upkeep
|turn|7
|
|t:|1743870076
|switch|p2a: XIV|Ting-Lu|100/100
|-damage|p2a: XIV|94/100|[from] Stealth Rock
|-ability|p2a: XIV|Vessel of Ruin
|-terastallize|p1a: Latios|Steel
|move|p1a: Latios|Calm Mind|p1a: Latios
|-boost|p1a: Latios|spa|1
|-boost|p1a: Latios|spd|1
|
|-heal|p2a: XIV|100/100|[from] item: Leftovers
|upkeep
|turn|8
|
|t:|1743870091
|move|p1a: Latios|Draco Meteor|p2a: XIV
|-damage|p2a: XIV|48/100
|-unboost|p1a: Latios|spa|2
|move|p2a: XIV|Earthquake|p1a: Latios
|-immune|p1a: Latios|[from] ability: Levitate
|
|-heal|p2a: XIV|55/100|[from] item: Leftovers
|upkeep
|turn|9
|c|☆Seltzergod|oops
|
|t:|1743870101
|move|p1a: Latios|Calm Mind|p1a: Latios
|-boost|p1a: Latios|spa|1
|-boost|p1a: Latios|spd|1
|move|p2a: XIV|Ruination|p1a: Latios
|-damage|p1a: Latios|45/100
|
|-heal|p2a: XIV|61/100|[from] item: Leftovers
|upkeep
|turn|10
|
|t:|1743870108
|move|p1a: Latios|Calm Mind|p1a: Latios
|-boost|p1a: Latios|spa|1
|-boost|p1a: Latios|spd|1
|move|p2a: XIV|Whirlwind|p1a: Latios
|drag|p1a: Arcanine|Arcanine-Hisui, F|100/100
|
|-heal|p2a: XIV|67/100|[from] item: Leftovers
|upkeep
|turn|11
|
|t:|1743870118
|switch|p1a: Latios|Latios, M, shiny, tera:Steel|45/100
|switch|p2a: Savior|Alomomola, F|100/100
|
|upkeep
|turn|12
|
|t:|1743870124
|move|p1a: Latios|Recover|p1a: Latios
|-heal|p1a: Latios|95/100
|move|p2a: Savior|Flip Turn|p1a: Latios
|-damage|p1a: Latios|75/100
|
|t:|1743870132
|switch|p2a: Monster Munch|Muk, F|79/100|[from] Flip Turn
|-damage|p2a: Monster Munch|66/100|[from] Stealth Rock
|
|upkeep
|turn|13
|
|t:|1743870137
|move|p1a: Latios|Calm Mind|p1a: Latios
|-boost|p1a: Latios|spa|1
|-boost|p1a: Latios|spd|1
|move|p2a: Monster Munch|Drain Punch|p1a: Latios
|-supereffective|p1a: Latios
|-damage|p1a: Latios|13/100
|-heal|p2a: Monster Munch|89/100|[from] drain|[of] p1a: Latios
|
|upkeep
|turn|14
|
|t:|1743870148
|switch|p2a: XIV|Ting-Lu|67/100
|-damage|p2a: XIV|61/100|[from] Stealth Rock
|-ability|p2a: XIV|Vessel of Ruin
|move|p1a: Latios|Recover|p1a: Latios
|-heal|p1a: Latios|63/100
|
|-heal|p2a: XIV|67/100|[from] item: Leftovers
|upkeep
|turn|15
|
|t:|1743870157
|move|p1a: Latios|Draco Meteor|p2a: XIV
|-damage|p2a: XIV|14/100
|-unboost|p1a: Latios|spa|2
|move|p2a: XIV|Whirlwind|p1a: Latios
|drag|p1a: Ting-Lu|Ting-Lu|87/100
|-ability|p1a: Ting-Lu|Vessel of Ruin
|
|-heal|p2a: XIV|20/100|[from] item: Leftovers
|-heal|p1a: Ting-Lu|93/100|[from] item: Leftovers
|upkeep
|turn|16
|
|t:|1743870170
|switch|p2a: Skeleton Balloon|Bombirdier, M|100/100
|move|p1a: Ting-Lu|Earthquake|p2a: Skeleton Balloon
|-immune|p2a: Skeleton Balloon
|
|-heal|p1a: Ting-Lu|99/100|[from] item: Leftovers
|upkeep
|turn|17
|
|t:|1743870180
|move|p2a: Skeleton Balloon|Knock Off|p1a: Ting-Lu
|-resisted|p1a: Ting-Lu
|-crit|p1a: Ting-Lu
|-damage|p1a: Ting-Lu|83/100
|-enditem|p1a: Ting-Lu|Leftovers|[from] move: Knock Off|[of] p2a: Skeleton Balloon
|move|p1a: Ting-Lu|Ruination|p2a: Skeleton Balloon
|-damage|p2a: Skeleton Balloon|51/100
|
|upkeep
|turn|18
|
|t:|1743870189
|switch|p1a: Arcanine|Arcanine-Hisui, F|100/100
|move|p2a: Skeleton Balloon|Brave Bird|p1a: Arcanine
|-resisted|p1a: Arcanine
|-damage|p1a: Arcanine|65/100
|-damage|p2a: Skeleton Balloon|37/100|[from] Recoil
|
|upkeep
|turn|19
|
|t:|1743870204
|switch|p2a: Tutankhamun|Great Tusk|100/100
|-damage|p2a: Tutankhamun|98/100|[from] Stealth Rock
|-enditem|p2a: Tutankhamun|Booster Energy
|-activate|p2a: Tutankhamun|ability: Protosynthesis|[fromitem]
|-start|p2a: Tutankhamun|protosynthesisspe
|move|p1a: Arcanine|Head Smash|p2a: Tutankhamun|[miss]
|-miss|p1a: Arcanine|p2a: Tutankhamun
|
|upkeep
|turn|20
|
|t:|1743870212
|switch|p1a: Corviknight|Corviknight, F, shiny|100/100
|-ability|p1a: Corviknight|Pressure
|move|p2a: Tutankhamun|Rapid Spin|p1a: Corviknight
|-resisted|p1a: Corviknight
|-damage|p1a: Corviknight|96/100
|-boost|p2a: Tutankhamun|spe|1
|-sideend|p2: Seltzergod|Stealth Rock|[from] move: Rapid Spin|[of] p2a: Tutankhamun
|
|upkeep
|turn|21
|
|t:|1743870224
|-end|p2a: Tutankhamun|Protosynthesis|[silent]
|switch|p2a: Savior|Alomomola, F|100/100
|switch|p1a: Latios|Latios, M, shiny, tera:Steel|63/100
|
|upkeep
|turn|22
|
|t:|1743870230
|move|p1a: Latios|Recover|p1a: Latios
|-heal|p1a: Latios|100/100
|move|p2a: Savior|Wish|p2a: Savior
|
|upkeep
|turn|23
|
|t:|1743870235
|move|p1a: Latios|Calm Mind|p1a: Latios
|-boost|p1a: Latios|spa|1
|-boost|p1a: Latios|spd|1
|move|p2a: Savior|Flip Turn|p1a: Latios
|-damage|p1a: Latios|76/100
|
|t:|1743870237
|switch|p2a: XIV|Ting-Lu|20/100|[from] Flip Turn
|-ability|p2a: XIV|Vessel of Ruin
|
|-heal|p2a: XIV|66/100|[from] move: Wish|[wisher] Savior
|-heal|p2a: XIV|72/100|[from] item: Leftovers
|upkeep
|turn|24
|
|t:|1743870250
|move|p1a: Latios|Draco Meteor|p2a: XIV
|-crit|p2a: XIV
|-damage|p2a: XIV|0 fnt
|-unboost|p1a: Latios|spa|2
|faint|p2a: XIV
|
|upkeep
|c|☆Seltzergod|wp
|
|t:|1743870261
|switch|p2a: Monster Munch|Muk, F|89/100
|turn|25
|
|t:|1743870274
|switch|p1a: Corviknight|Corviknight, F, shiny|96/100
|-ability|p1a: Corviknight|Pressure
|move|p2a: Monster Munch|Knock Off|p1a: Corviknight
|-damage|p1a: Corviknight|84/100
|
|upkeep
|turn|26
|
|t:|1743870287
|move|p1a: Corviknight|Brave Bird|p2a: Monster Munch
|-damage|p2a: Monster Munch|48/100
|-damage|p1a: Corviknight|70/100|[from] Recoil
|move|p2a: Monster Munch|Drain Punch|p1a: Corviknight
|-damage|p1a: Corviknight|56/100
|-heal|p2a: Monster Munch|55/100|[from] drain|[of] p1a: Corviknight
|
|upkeep
|turn|27
|
|t:|1743870295
|move|p1a: Corviknight|Roost|p1a: Corviknight
|-heal|p1a: Corviknight|100/100
|-singleturn|p1a: Corviknight|move: Roost
|move|p2a: Monster Munch|Drain Punch|p1a: Corviknight
|-supereffective|p1a: Corviknight
|-damage|p1a: Corviknight|73/100
|-heal|p2a: Monster Munch|69/100|[from] drain|[of] p1a: Corviknight
|
|upkeep
|turn|28
|
|t:|1743870309
|switch|p1a: Arcanine|Arcanine-Hisui, F|65/100
|move|p2a: Monster Munch|Drain Punch|p1a: Arcanine
|-supereffective|p1a: Arcanine
|-damage|p1a: Arcanine|1/100
|-heal|p2a: Monster Munch|94/100|[from] drain|[of] p1a: Arcanine
|-status|p1a: Arcanine|psn|[from] ability: Poison Touch|[of] p2a: Monster Munch
|
|-damage|p1a: Arcanine|0 fnt|[from] psn
|faint|p1a: Arcanine
|upkeep
|
|t:|1743870329
|switch|p1a: Ting-Lu|Ting-Lu|83/100
|-ability|p1a: Ting-Lu|Vessel of Ruin
|turn|29
|
|t:|1743870334
|move|p2a: Monster Munch|Poison Jab|p1a: Ting-Lu
|-resisted|p1a: Ting-Lu
|-damage|p1a: Ting-Lu|73/100
|-status|p1a: Ting-Lu|psn|[from] ability: Poison Touch|[of] p2a: Monster Munch
|move|p1a: Ting-Lu|Earthquake|p2a: Monster Munch
|-supereffective|p2a: Monster Munch
|-damage|p2a: Monster Munch|15/100
|
|-damage|p1a: Ting-Lu|61/100 psn|[from] psn
|upkeep
|turn|30
|
|t:|1743870361
|switch|p2a: Savior|Alomomola, F|100/100
|switch|p1a: Hatterene|Hatterene, F, shiny|100/100
|
|upkeep
|turn|31
|
|t:|1743870371
|move|p2a: Savior|Wish|p2a: Savior
|move|p1a: Hatterene|Nuzzle|p2a: Savior
|-supereffective|p2a: Savior
|-damage|p2a: Savior|95/100
|-status|p2a: Savior|par
|
|upkeep
|turn|32
|
|t:|1743870389
|move|p1a: Hatterene|Psyshock|p2a: Savior
|-damage|p2a: Savior|74/100 par
|move|p2a: Savior|Flip Turn|p1a: Hatterene
|-damage|p1a: Hatterene|82/100
|
|t:|1743870395
|switch|p2a: Monster Munch|Muk, F|15/100|[from] Flip Turn
|
|-heal|p2a: Monster Munch|72/100|[from] move: Wish|[wisher] Savior
|-heal|p1a: Hatterene|88/100|[from] item: Leftovers
|upkeep
|turn|33
|
|t:|1743870402
|move|p2a: Monster Munch|Poison Jab|p1a: Hatterene
|-supereffective|p1a: Hatterene
|-damage|p1a: Hatterene|0 fnt
|faint|p1a: Hatterene
|
|upkeep
|
|t:|1743870417
|switch|p1a: Latios|Latios, M, shiny, tera:Steel|76/100
|turn|34
|
|t:|1743870421
|move|p1a: Latios|Psychic Noise|p2a: Monster Munch
|-supereffective|p2a: Monster Munch
|-damage|p2a: Monster Munch|22/100
|-start|p2a: Monster Munch|move: Heal Block
|cant|p2a: Monster Munch|move: Heal Block|Drain Punch
|
|upkeep
|turn|35
|
|t:|1743870437
|switch|p2a: Savior|Alomomola, F|100/100 par
|move|p1a: Latios|Psychic Noise|p2a: Savior
|-damage|p2a: Savior|61/100 par
|-start|p2a: Savior|move: Heal Block
|
|upkeep
|turn|36
|
|t:|1743870444
|move|p1a: Latios|Draco Meteor|p2a: Savior
|-damage|p2a: Savior|0 fnt
|-unboost|p1a: Latios|spa|2
|faint|p2a: Savior
|
|upkeep
|
|t:|1743870488
|switch|p2a: Monster Munch|Muk, F|22/100
|turn|37
|
|t:|1743870500
|-terastallize|p2a: Monster Munch|Dark
|move|p1a: Latios|Psychic Noise|p2a: Monster Munch
|-immune|p2a: Monster Munch
|move|p2a: Monster Munch|Drain Punch|p1a: Latios
|-supereffective|p1a: Latios
|-damage|p1a: Latios|4/100
|-heal|p2a: Monster Munch|48/100|[from] drain|[of] p1a: Latios
|
|upkeep
|turn|38
|
|t:|1743870515
|switch|p1a: Skeledirge|Skeledirge, F|100/100
|move|p2a: Monster Munch|Drain Punch|p1a: Skeledirge
|-immune|p1a: Skeledirge
|
|upkeep
|turn|39
|
|t:|1743870562
|switch|p2a: Skeleton Balloon|Bombirdier, M|37/100
|move|p1a: Skeledirge|Will-O-Wisp|p2a: Skeleton Balloon|[miss]
|-miss|p1a: Skeledirge|p2a: Skeleton Balloon
|
|upkeep
|turn|40
|
|t:|1743870575
|move|p2a: Skeleton Balloon|Knock Off|p1a: Skeledirge
|-supereffective|p1a: Skeledirge
|-damage|p1a: Skeledirge|50/100
|-enditem|p1a: Skeledirge|Heavy-Duty Boots|[from] move: Knock Off|[of] p2a: Skeleton Balloon
|move|p1a: Skeledirge|Will-O-Wisp|p2a: Skeleton Balloon
|-status|p2a: Skeleton Balloon|brn
|
|-damage|p2a: Skeleton Balloon|31/100 brn|[from] brn
|upkeep
|turn|41
|
|t:|1743870600
|move|p2a: Skeleton Balloon|Knock Off|p1a: Skeledirge
|-supereffective|p1a: Skeledirge
|-damage|p1a: Skeledirge|34/100
|move|p1a: Skeledirge|Slack Off|p1a: Skeledirge
|-heal|p1a: Skeledirge|84/100
|
|-damage|p2a: Skeleton Balloon|25/100 brn|[from] brn
|upkeep
|turn|42
|
|t:|1743870620
|switch|p2a: Metal Cooler|Kyurem|100/100
|-ability|p2a: Metal Cooler|Pressure
|move|p1a: Skeledirge|Slack Off|p1a: Skeledirge
|-heal|p1a: Skeledirge|100/100
|
|upkeep
|turn|43
|
|t:|1743870632
|switch|p1a: Corviknight|Corviknight, F, shiny|73/100
|-ability|p1a: Corviknight|Pressure
|move|p2a: Metal Cooler|Shadow Ball|p1a: Corviknight
|-damage|p1a: Corviknight|32/100
|-unboost|p1a: Corviknight|spd|1
|
|upkeep
|turn|44
|
|t:|1743870644
|move|p2a: Metal Cooler|Shadow Ball|p1a: Corviknight
|-damage|p1a: Corviknight|0 fnt
|faint|p1a: Corviknight
|
|upkeep
|
|t:|1743870652
|switch|p1a: Latios|Latios, M, shiny, tera:Steel|4/100
|turn|45
|
|t:|1743870658
|switch|p2a: Skeleton Balloon|Bombirdier, M|25/100 brn
|move|p1a: Latios|Recover|p1a: Latios
|-heal|p1a: Latios|55/100
|
|-damage|p2a: Skeleton Balloon|19/100 brn|[from] brn
|upkeep
|turn|46
|
|t:|1743870681
|switch|p1a: Ting-Lu|Ting-Lu|61/100 psn
|-ability|p1a: Ting-Lu|Vessel of Ruin
|move|p2a: Skeleton Balloon|Knock Off|p1a: Ting-Lu
|-resisted|p1a: Ting-Lu
|-damage|p1a: Ting-Lu|57/100 psn
|
|-damage|p1a: Ting-Lu|44/100 psn|[from] psn
|-damage|p2a: Skeleton Balloon|13/100 brn|[from] brn
|upkeep
|turn|47
|
|t:|1743870693
|move|p2a: Skeleton Balloon|Brave Bird|p1a: Ting-Lu
|-damage|p1a: Ting-Lu|31/100 psn
|-damage|p2a: Skeleton Balloon|4/100 brn|[from] Recoil
|move|p1a: Ting-Lu|Stealth Rock|p2a: Skeleton Balloon
|-sidestart|p2: Seltzergod|move: Stealth Rock
|
|-damage|p1a: Ting-Lu|18/100 psn|[from] psn
|-damage|p2a: Skeleton Balloon|0 fnt|[from] brn
|faint|p2a: Skeleton Balloon
|upkeep
|
|t:|1743870706
|switch|p2a: Monster Munch|Muk, F, tera:Dark|48/100
|-damage|p2a: Monster Munch|36/100|[from] Stealth Rock
|turn|48
|
|t:|1743870726
|move|p2a: Monster Munch|Drain Punch|p1a: Ting-Lu
|-supereffective|p1a: Ting-Lu
|-damage|p1a: Ting-Lu|0 fnt
|-heal|p2a: Monster Munch|47/100|[from] drain|[of] p1a: Ting-Lu
|faint|p1a: Ting-Lu
|
|upkeep
|
|t:|1743870732
|switch|p1a: Skeledirge|Skeledirge, F|100/100
|turn|49
|
|t:|1743870740
|switch|p2a: Tutankhamun|Great Tusk|98/100
|-damage|p2a: Tutankhamun|95/100|[from] Stealth Rock
|move|p1a: Skeledirge|Will-O-Wisp|p2a: Tutankhamun
|-status|p2a: Tutankhamun|brn
|
|-damage|p2a: Tutankhamun|88/100 brn|[from] brn
|upkeep
|turn|50
|
|t:|1743870755
|-end|p2a: Tutankhamun|Protosynthesis|[silent]
|switch|p2a: Metal Cooler|Kyurem|100/100
|-damage|p2a: Metal Cooler|76/100|[from] Stealth Rock
|-ability|p2a: Metal Cooler|Pressure
|move|p1a: Skeledirge|Hex|p2a: Metal Cooler
|-damage|p2a: Metal Cooler|54/100
|
|upkeep
|turn|51
|
|t:|1743870787
|move|p2a: Metal Cooler|Shadow Ball|p1a: Skeledirge
|-supereffective|p1a: Skeledirge
|-damage|p1a: Skeledirge|17/100
|-unboost|p1a: Skeledirge|spd|1
|move|p1a: Skeledirge|Hex|p2a: Metal Cooler
|-damage|p2a: Metal Cooler|30/100
|
|upkeep
|turn|52
|
|t:|1743870795
|switch|p1a: Latios|Latios, M, shiny, tera:Steel|55/100
|move|p2a: Metal Cooler|Shadow Ball|p1a: Latios
|-damage|p1a: Latios|15/100
|
|upkeep
|turn|53
|
|t:|1743870803
|switch|p2a: Tutankhamun|Great Tusk|88/100 brn
|-damage|p2a: Tutankhamun|85/100 brn|[from] Stealth Rock
|move|p1a: Latios|Psychic Noise|p2a: Tutankhamun
|-supereffective|p2a: Tutankhamun
|-damage|p2a: Tutankhamun|0 fnt
|faint|p2a: Tutankhamun
|-end|p2a: Tutankhamun|Protosynthesis|[silent]
|
|upkeep
|
|t:|1743870809
|switch|p2a: Monster Munch|Muk, F, tera:Dark|47/100
|-damage|p2a: Monster Munch|34/100|[from] Stealth Rock
|turn|54
|
|t:|1743870822
|move|p1a: Latios|Draco Meteor|p2a: Monster Munch
|-damage|p2a: Monster Munch|0 fnt
|-unboost|p1a: Latios|spa|2
|faint|p2a: Monster Munch
|
|upkeep
|
|t:|1743870824
|switch|p2a: Metal Cooler|Kyurem|30/100
|-damage|p2a: Metal Cooler|5/100|[from] Stealth Rock
|-ability|p2a: Metal Cooler|Pressure
|turn|55
|c|☆Seltzergod|gg
|
|t:|1743870850
|move|p1a: Latios|Psychic Noise|p2a: Metal Cooler
|-damage|p2a: Metal Cooler|0 fnt
|faint|p2a: Metal Cooler
|
|win|Coldwiii
|raw|Coldwiii's rating: 1520 &rarr; <strong>1538</strong><br />(+18 for winning)
|raw|Seltzergod's rating: 1492 &rarr; <strong>1474</strong><br />(-18 for losing)
|c|☆Coldwiii|gg
|l|☆Seltzergod
|player|p2|
|l|☆Coldwiii
|player|p1|
