|j|☆Coldwiii
|j|☆sleepdeprevation
|t:|1743883996
|gametype|singles
|player|p1|Coldwiii|wattson|1508
|player|p2|sleepdeprevation|ruinmaniac|1547
|teamsize|p1|6
|teamsize|p2|6
|gen|9
|tier|[Gen 9] OU
|rated|
|rule|HP Percentage Mod: HP is shown in percentages
|rule|Endless Battle Clause: Forcing endless battles is banned
|rule|Species Clause: Limit one of each Pokémon
|rule|OHKO Clause: OHKO moves are banned
|rule|Evasion Items Clause: Evasion items are banned
|rule|Evasion Moves Clause: Evasion moves are banned
|rule|Sleep Moves Clause: Sleep-inducing moves are banned
|clearpoke
|poke|p1|Latios, M|
|poke|p1|Skeledirge, F|
|poke|p1|Toxapex, F|
|poke|p1|Mandibuzz, F|
|poke|p1|Iron Treads|
|poke|p1|Lokix, F|
|poke|p2|Zamazenta-*|
|poke|p2|Landorus-Therian, M|
|poke|p2|Iron Valiant|
|poke|p2|Iron Moth|
|poke|p2|Serperior, F|
|poke|p2|Armarouge, M|
|teampreview
|inactive|Battle timer is ON: inactive players will automatically lose when time's up. (requested by sleepdeprevation)
|c|☆Coldwiii|glhf
|
|t:|1743884016
|start
|switch|p1a: Mandibuzz|Mandibuzz, F|100/100
|switch|p2a: Armarouge|Armarouge, M|100/100
|turn|1
|
|t:|1743884032
|move|p2a: Armarouge|Calm Mind|p2a: Armarouge
|-boost|p2a: Armarouge|spa|1
|-boost|p2a: Armarouge|spd|1
|move|p1a: Mandibuzz|Toxic|p2a: Armarouge
|-status|p2a: Armarouge|tox
|
|-damage|p2a: Armarouge|94/100 tox|[from] psn
|upkeep
|turn|2
|
|t:|1743884048
|switch|p1a: Toxapex|Toxapex, F, shiny|100/100
|move|p2a: Armarouge|Armor Cannon|p1a: Toxapex
|-resisted|p1a: Toxapex
|-damage|p1a: Toxapex|81/100
|-unboost|p2a: Armarouge|def|1
|-unboost|p2a: Armarouge|spd|1
|
|-damage|p2a: Armarouge|82/100 tox|[from] psn
|upkeep
|turn|3
|inactive|Coldwiii has 120 seconds left.
|
|t:|1743884074
|move|p2a: Armarouge|Psyshock|p1a: Toxapex
|-supereffective|p1a: Toxapex
|-damage|p1a: Toxapex|0 fnt
|faint|p1a: Toxapex
|
|-damage|p2a: Armarouge|64/100 tox|[from] psn
|upkeep
|c|☆Coldwiii|dang
|
|t:|1743884097
|switch|p1a: Lokix|Lokix, F|100/100
|turn|4
|
|t:|1743884104
|switch|p2a: Landorus|Landorus-Therian, M|100/100
|-ability|p2a: Landorus|Intimidate|boost
|-unboost|p1a: Lokix|atk|1
|move|p1a: Lokix|U-turn|p2a: Landorus
|-resisted|p2a: Landorus
|-damage|p2a: Landorus|69/100
|-damage|p1a: Lokix|84/100|[from] item: Rocky Helmet|[of] p2a: Landorus
|
|t:|1743884115
|switch|p1a: Mandibuzz|Mandibuzz, F|100/100|[from] U-turn
|
|upkeep
|turn|5
|
|t:|1743884123
|move|p2a: Landorus|Taunt|p1a: Mandibuzz
|-start|p1a: Mandibuzz|move: Taunt
|cant|p1a: Mandibuzz|move: Taunt|Toxic
|
|upkeep
|turn|6
|
|t:|1743884129
|move|p2a: Landorus|U-turn|p1a: Mandibuzz
|-damage|p1a: Mandibuzz|89/100
|-damage|p2a: Landorus|52/100|[from] item: Rocky Helmet|[of] p1a: Mandibuzz
|
|t:|1743884132
|switch|p2a: Iron Valiant|Iron Valiant|100/100|[from] U-turn
|-enditem|p2a: Iron Valiant|Booster Energy
|-activate|p2a: Iron Valiant|ability: Quark Drive|[fromitem]
|-start|p2a: Iron Valiant|quarkdrivespe
|move|p1a: Mandibuzz|Foul Play|p2a: Iron Valiant
|-resisted|p2a: Iron Valiant
|-damage|p2a: Iron Valiant|90/100
|
|upkeep
|turn|7
|inactive|Coldwiii has 120 seconds left.
|
|t:|1743884169
|switch|p1a: Iron Treads|Iron Treads|100/100
|move|p2a: Iron Valiant|Moonblast|p1a: Iron Treads
|-resisted|p1a: Iron Treads
|-damage|p1a: Iron Treads|80/100
|
|-heal|p1a: Iron Treads|86/100|[from] item: Leftovers
|upkeep
|turn|8
|
|t:|1743884190
|-end|p2a: Iron Valiant|Quark Drive|[silent]
|switch|p2a: Serperior|Serperior, F|100/100
|-terastallize|p1a: Iron Treads|Ghost
|move|p1a: Iron Treads|Earthquake|p2a: Serperior
|-resisted|p2a: Serperior
|-damage|p2a: Serperior|79/100
|
|-heal|p2a: Serperior|85/100|[from] item: Leftovers
|-heal|p1a: Iron Treads|92/100|[from] item: Leftovers
|upkeep
|turn|9
|
|t:|1743884203
|-end|p1a: Iron Treads|Quark Drive|[silent]
|switch|p1a: Skeledirge|Skeledirge, F|100/100
|move|p2a: Serperior|Glare|p1a: Skeledirge
|-status|p1a: Skeledirge|par
|
|-heal|p2a: Serperior|92/100|[from] item: Leftovers
|upkeep
|turn|10
|inactive|Coldwiii has 90 seconds left.
|
|t:|1743884218
|switch|p2a: Iron Moth|Iron Moth|100/100
|-enditem|p2a: Iron Moth|Booster Energy
|-activate|p2a: Iron Moth|ability: Quark Drive|[fromitem]
|-start|p2a: Iron Moth|quarkdrivespe
|move|p1a: Skeledirge|Torch Song|p2a: Iron Moth
|-resisted|p2a: Iron Moth
|-damage|p2a: Iron Moth|86/100
|-boost|p1a: Skeledirge|spa|1
|
|upkeep
|turn|11
|inactive|Coldwiii has 90 seconds left.
|
|t:|1743884231
|move|p2a: Iron Moth|Fiery Dance|p1a: Skeledirge
|-resisted|p1a: Skeledirge
|-damage|p1a: Skeledirge|79/100 par
|-boost|p2a: Iron Moth|spa|1
|move|p1a: Skeledirge|Hex|p2a: Iron Moth
|-damage|p2a: Iron Moth|49/100
|
|upkeep
|turn|12
|
|t:|1743884241
|move|p2a: Iron Moth|Sludge Wave|p1a: Skeledirge
|-resisted|p1a: Skeledirge
|-damage|p1a: Skeledirge|53/100 par
|cant|p1a: Skeledirge|par
|
|upkeep
|turn|13
|
|t:|1743884250
|move|p2a: Iron Moth|Toxic Spikes|p1a: Skeledirge
|-sidestart|p1: Coldwiii|move: Toxic Spikes
|move|p1a: Skeledirge|Slack Off|p1a: Skeledirge
|-heal|p1a: Skeledirge|100/100 par
|
|upkeep
|turn|14
|
|t:|1743884268
|move|p2a: Iron Moth|Fiery Dance|p1a: Skeledirge
|-resisted|p1a: Skeledirge
|-damage|p1a: Skeledirge|80/100 par
|-boost|p2a: Iron Moth|spa|1
|cant|p1a: Skeledirge|par
|
|upkeep
|turn|15
|
|t:|1743884274
|-terastallize|p2a: Iron Moth|Ground
|move|p2a: Iron Moth|Tera Blast|p1a: Skeledirge|[anim] Tera Blast Ground
|-supereffective|p1a: Skeledirge
|-damage|p1a: Skeledirge|0 fnt
|faint|p1a: Skeledirge
|
|upkeep
|
|t:|1743884288
|switch|p1a: Lokix|Lokix, F|84/100
|-status|p1a: Lokix|psn
|turn|16
|
|t:|1743884294
|-end|p2a: Iron Moth|Quark Drive|[silent]
|switch|p2a: Zamazenta|Zamazenta|100/100
|-ability|p2a: Zamazenta|Dauntless Shield|boost
|-boost|p2a: Zamazenta|def|1
|move|p1a: Lokix|Leech Life|p2a: Zamazenta
|-resisted|p2a: Zamazenta
|-damage|p2a: Zamazenta|72/100
|-heal|p1a: Lokix|100/100 psn|[from] drain|[of] p2a: Zamazenta
|
|-heal|p2a: Zamazenta|79/100|[from] item: Leftovers
|-damage|p1a: Lokix|88/100 psn|[from] psn
|upkeep
|turn|17
|-message|Coldwiii forfeited.
|
|win|sleepdeprevation
|raw|Coldwiii's rating: 1508 &rarr; <strong>1490</strong><br />(-18 for losing)
|raw|sleepdeprevation's rating: 1547 &rarr; <strong>1565</strong><br />(+18 for winning)
|l|☆Coldwiii
|player|p1|
|l|☆sleepdeprevation
|player|p2|
