|j|☆dsqsdqdD
|j|☆ZhuaZi
|t:|1743918298
|gametype|singles
|player|p1|dsqsdqdD|chuck|1114
|player|p2|ZhuaZi|266|1162
|teamsize|p1|6
|teamsize|p2|6
|gen|9
|tier|[Gen 9] OU
|rated|
|rule|HP Percentage Mod: HP is shown in percentages
|rule|Endless Battle Clause: Forcing endless battles is banned
|rule|Species Clause: Limit one of each Pokémon
|rule|OHKO Clause: OHKO moves are banned
|rule|Evasion Items Clause: Evasion items are banned
|rule|Evasion Moves Clause: Evasion moves are banned
|rule|Sleep Moves Clause: Sleep-inducing moves are banned
|clearpoke
|poke|p1|Entei|
|poke|p1|Torkoal, M|
|poke|p1|Leafeon, M|
|poke|p1|Salamence, F|
|poke|p1|Lilligant-Hisui, F|
|poke|p1|Ninetales, M|
|poke|p2|Dragapult, F|
|poke|p2|Gholdengo|
|poke|p2|Zamazenta-*|
|poke|p2|Skarmory, F|
|poke|p2|Chansey, F|
|poke|p2|Landorus-Therian, M|
|teampreview
|
|t:|1743918315
|start
|switch|p1a: Torkoal|Torkoal, M|100/100
|switch|p2a: Landorus|Landorus-Therian, M|100/100
|-ability|p2a: Landorus|Intimidate|boost
|-unboost|p1a: Torkoal|atk|1
|-weather|SunnyDay|[from] ability: Drought|[of] p1a: Torkoal
|turn|1
|
|t:|1743918325
|move|p2a: Landorus|Earthquake|p1a: Torkoal
|-supereffective|p1a: Torkoal
|-damage|p1a: Torkoal|19/100
|move|p1a: Torkoal|Stealth Rock|p2a: Landorus
|-sidestart|p2: ZhuaZi|move: Stealth Rock
|
|-weather|SunnyDay|[upkeep]
|upkeep
|turn|2
|
|t:|1743918355
|switch|p2a: Zamazenta|Zamazenta|100/100
|-damage|p2a: Zamazenta|94/100|[from] Stealth Rock
|-ability|p2a: Zamazenta|Dauntless Shield|boost
|-boost|p2a: Zamazenta|def|1
|move|p1a: Torkoal|Rapid Spin|p2a: Zamazenta
|-damage|p2a: Zamazenta|91/100
|-boost|p1a: Torkoal|spe|1
|
|-weather|SunnyDay|[upkeep]
|-heal|p2a: Zamazenta|97/100|[from] item: Leftovers
|upkeep
|turn|3
|
|t:|1743918367
|move|p2a: Zamazenta|Body Press|p1a: Torkoal
|-damage|p1a: Torkoal|0 fnt
|faint|p1a: Torkoal
|
|-weather|SunnyDay|[upkeep]
|-heal|p2a: Zamazenta|100/100|[from] item: Leftovers
|upkeep
|
|t:|1743918381
|switch|p1a: Entei|Entei|100/100
|-ability|p1a: Entei|Pressure
|turn|4
|
|t:|1743918408
|move|p1a: Entei|Eruption|p2a: Zamazenta
|-damage|p2a: Zamazenta|8/100
|move|p2a: Zamazenta|Iron Defense|p2a: Zamazenta
|-boost|p2a: Zamazenta|def|2
|
|-weather|SunnyDay|[upkeep]
|-heal|p2a: Zamazenta|14/100|[from] item: Leftovers
|upkeep
|turn|5
|
|t:|1743918418
|switch|p2a: Chansey|Chansey, F|100/100
|-damage|p2a: Chansey|88/100|[from] Stealth Rock
|move|p1a: Entei|Eruption|p2a: Chansey
|-damage|p2a: Chansey|65/100
|
|-weather|SunnyDay|[upkeep]
|upkeep
|turn|6
|
|t:|1743918435
|switch|p1a: Ninetales|Ninetales, M|100/100
|move|p2a: Chansey|Stealth Rock|p1a: Ninetales
|-sidestart|p1: dsqsdqdD|move: Stealth Rock
|
|-weather|SunnyDay|[upkeep]
|upkeep
|turn|7
|
|t:|1743918445
|move|p1a: Ninetales|Encore|p2a: Chansey
|-start|p2a: Chansey|Encore
|move|p2a: Chansey|Stealth Rock||[still]
|-fail|p2a: Chansey
|
|-weather|SunnyDay|[upkeep]
|upkeep
|turn|8
|
|t:|1743918464
|switch|p1a: Lilligant|Lilligant-Hisui, F|100/100
|-damage|p1a: Lilligant|94/100|[from] Stealth Rock
|switch|p2a: Landorus|Landorus-Therian, M|100/100
|-damage|p2a: Landorus|88/100|[from] Stealth Rock
|-ability|p2a: Landorus|Intimidate|boost
|-unboost|p1a: Lilligant|atk|1
|
|-weather|none
|upkeep
|turn|9
|
|t:|1743918481
|-terastallize|p2a: Landorus|Ice
|move|p2a: Landorus|Tera Blast|p1a: Lilligant|[anim] Tera Blast Ice
|-supereffective|p1a: Lilligant
|-damage|p1a: Lilligant|0 fnt
|faint|p1a: Lilligant
|
|upkeep
|
|t:|1743918487
|switch|p1a: Ninetales|Ninetales, M|100/100
|-damage|p1a: Ninetales|76/100|[from] Stealth Rock
|-weather|SunnyDay|[from] ability: Drought|[of] p1a: Ninetales
|turn|10
|
|t:|1743918505
|switch|p2a: Chansey|Chansey, F|65/100
|-damage|p2a: Chansey|52/100|[from] Stealth Rock
|switch|p1a: Entei|Entei|100/100
|-damage|p1a: Entei|75/100|[from] Stealth Rock
|-ability|p1a: Entei|Pressure
|
|-weather|SunnyDay|[upkeep]
|upkeep
|turn|11
|
|t:|1743918515
|switch|p1a: Leafeon|Leafeon, M|100/100
|-damage|p1a: Leafeon|88/100|[from] Stealth Rock
|move|p2a: Chansey|Seismic Toss|p1a: Leafeon
|-damage|p1a: Leafeon|55/100
|
|-weather|SunnyDay|[upkeep]
|upkeep
|turn|12
|
|t:|1743918526
|switch|p2a: Zamazenta|Zamazenta|14/100
|-damage|p2a: Zamazenta|8/100|[from] Stealth Rock
|move|p1a: Leafeon|Swords Dance|p1a: Leafeon
|-boost|p1a: Leafeon|atk|2
|
|-weather|SunnyDay|[upkeep]
|-heal|p2a: Zamazenta|14/100|[from] item: Leftovers
|upkeep
|turn|13
|
|t:|1743918537
|move|p1a: Leafeon|Solar Blade||[still]
|-prepare|p1a: Leafeon|Solar Blade
|-anim|p1a: Leafeon|Solar Blade|p2a: Zamazenta
|-damage|p2a: Zamazenta|0 fnt
|faint|p2a: Zamazenta
|
|-weather|SunnyDay|[upkeep]
|upkeep
|
|t:|1743918547
|switch|p2a: Skarmory|Skarmory, F|100/100
|-damage|p2a: Skarmory|88/100|[from] Stealth Rock
|turn|14
|
|t:|1743918552
|-terastallize|p1a: Leafeon|Fire
|move|p1a: Leafeon|Tera Blast|p2a: Skarmory|[anim] Tera Blast Fire
|-supereffective|p2a: Skarmory
|-damage|p2a: Skarmory|0 fnt
|faint|p2a: Skarmory
|
|-weather|SunnyDay|[upkeep]
|upkeep
|
|t:|1743918571
|switch|p2a: Dragapult|Dragapult, F|100/100
|-damage|p2a: Dragapult|88/100|[from] Stealth Rock
|turn|15
|
|t:|1743918582
|move|p1a: Leafeon|Solar Blade||[still]
|-prepare|p1a: Leafeon|Solar Blade
|-anim|p1a: Leafeon|Solar Blade|p2a: Dragapult
|-resisted|p2a: Dragapult
|-damage|p2a: Dragapult|9/100
|move|p2a: Dragapult|Shadow Ball|p1a: Leafeon
|-damage|p1a: Leafeon|0 fnt
|faint|p1a: Leafeon
|
|-weather|SunnyDay|[upkeep]
|upkeep
|
|t:|1743918604
|switch|p1a: Entei|Entei|75/100
|-damage|p1a: Entei|50/100|[from] Stealth Rock
|-ability|p1a: Entei|Pressure
|turn|16
|
|t:|1743918610
|move|p1a: Entei|Weather Ball|p2a: Dragapult
|-resisted|p2a: Dragapult
|-damage|p2a: Dragapult|0 fnt
|faint|p2a: Dragapult
|
|-weather|SunnyDay|[upkeep]
|upkeep
|
|t:|1743918622
|switch|p2a: Landorus|Landorus-Therian, M, tera:Ice|88/100
|-damage|p2a: Landorus|63/100|[from] Stealth Rock
|-ability|p2a: Landorus|Intimidate|boost
|-unboost|p1a: Entei|atk|1
|turn|17
|
|t:|1743918627
|move|p1a: Entei|Weather Ball|p2a: Landorus
|-supereffective|p2a: Landorus
|-damage|p2a: Landorus|0 fnt
|faint|p2a: Landorus
|
|-weather|none
|upkeep
|
|t:|1743918633
|switch|p2a: Gholdengo|Gholdengo|100/100
|-damage|p2a: Gholdengo|94/100|[from] Stealth Rock
|-item|p2a: Gholdengo|Air Balloon
|turn|18
|
|t:|1743918640
|switch|p1a: Ninetales|Ninetales, M|76/100
|-damage|p1a: Ninetales|51/100|[from] Stealth Rock
|-weather|SunnyDay|[from] ability: Drought|[of] p1a: Ninetales
|move|p2a: Gholdengo|Shadow Ball|p1a: Ninetales
|-damage|p1a: Ninetales|18/100
|
|-weather|SunnyDay|[upkeep]
|upkeep
|turn|19
|
|t:|1743918650
|move|p1a: Ninetales|Overheat|p2a: Gholdengo
|-supereffective|p2a: Gholdengo
|-damage|p2a: Gholdengo|9/100
|-unboost|p1a: Ninetales|spa|2
|-enditem|p2a: Gholdengo|Air Balloon
|move|p2a: Gholdengo|Shadow Ball|p1a: Ninetales
|-damage|p1a: Ninetales|0 fnt
|faint|p1a: Ninetales
|
|-weather|SunnyDay|[upkeep]
|upkeep
|
|t:|1743918661
|switch|p1a: Entei|Entei|50/100
|-damage|p1a: Entei|25/100|[from] Stealth Rock
|-ability|p1a: Entei|Pressure
|turn|20
|
|t:|1743918667
|switch|p2a: Chansey|Chansey, F|52/100
|-damage|p2a: Chansey|40/100|[from] Stealth Rock
|move|p1a: Entei|Weather Ball|p2a: Chansey
|-crit|p2a: Chansey
|-damage|p2a: Chansey|17/100
|
|-weather|SunnyDay|[upkeep]
|upkeep
|turn|21
|
|t:|1743918676
|move|p1a: Entei|Weather Ball|p2a: Chansey
|-damage|p2a: Chansey|1/100
|move|p2a: Chansey|Soft-Boiled|p2a: Chansey
|-heal|p2a: Chansey|51/100
|
|-weather|SunnyDay|[upkeep]
|upkeep
|turn|22
|
|t:|1743918682
|switch|p1a: Salamence|Salamence, F|100/100
|-damage|p1a: Salamence|76/100|[from] Stealth Rock
|move|p2a: Chansey|Soft-Boiled|p2a: Chansey
|-heal|p2a: Chansey|100/100
|
|-weather|SunnyDay|[upkeep]
|-heal|p1a: Salamence|82/100|[from] item: Leftovers
|upkeep
|turn|23
|
|t:|1743918691
|move|p1a: Salamence|Dragon Dance|p1a: Salamence
|-boost|p1a: Salamence|atk|1
|-boost|p1a: Salamence|spe|1
|move|p2a: Chansey|Seismic Toss|p1a: Salamence
|-damage|p1a: Salamence|53/100
|
|-weather|SunnyDay|[upkeep]
|-heal|p1a: Salamence|59/100|[from] item: Leftovers
|upkeep
|turn|24
|
|t:|1743918703
|move|p1a: Salamence|Dragon Dance|p1a: Salamence
|-boost|p1a: Salamence|atk|1
|-boost|p1a: Salamence|spe|1
|move|p2a: Chansey|Seismic Toss|p1a: Salamence
|-damage|p1a: Salamence|30/100
|
|-weather|SunnyDay|[upkeep]
|-heal|p1a: Salamence|36/100|[from] item: Leftovers
|upkeep
|turn|25
|
|t:|1743918710
|move|p1a: Salamence|Roost|p1a: Salamence
|-heal|p1a: Salamence|86/100
|-singleturn|p1a: Salamence|move: Roost
|move|p2a: Chansey|Seismic Toss|p1a: Salamence
|-damage|p1a: Salamence|57/100
|
|-weather|none
|-heal|p1a: Salamence|63/100|[from] item: Leftovers
|upkeep
|turn|26
|
|t:|1743918719
|move|p1a: Salamence|Roost|p1a: Salamence
|-heal|p1a: Salamence|100/100
|-singleturn|p1a: Salamence|move: Roost
|move|p2a: Chansey|Shadow Ball|p1a: Salamence
|-damage|p1a: Salamence|90/100
|
|-heal|p1a: Salamence|96/100|[from] item: Leftovers
|upkeep
|turn|27
|
|t:|1743918730
|switch|p2a: Gholdengo|Gholdengo|9/100
|-damage|p2a: Gholdengo|3/100|[from] Stealth Rock
|move|p1a: Salamence|Dual Wingbeat|p2a: Gholdengo
|-resisted|p2a: Gholdengo
|-damage|p2a: Gholdengo|0 fnt
|faint|p2a: Gholdengo
|-ability|p1a: Salamence|Moxie|boost
|-boost|p1a: Salamence|atk|1
|-hitcount|p2: Gholdengo|1
|
|-heal|p1a: Salamence|100/100|[from] item: Leftovers
|upkeep
|
|t:|1743918740
|switch|p2a: Chansey|Chansey, F|100/100
|-damage|p2a: Chansey|88/100|[from] Stealth Rock
|turn|28
|
|t:|1743918745
|move|p1a: Salamence|Dual Wingbeat|p2a: Chansey|[miss]
|-miss|p1a: Salamence|p2a: Chansey
|move|p2a: Chansey|Seismic Toss|p1a: Salamence
|-damage|p1a: Salamence|72/100
|
|-heal|p1a: Salamence|78/100|[from] item: Leftovers
|upkeep
|turn|29
|
|t:|1743918772
|move|p1a: Salamence|Dual Wingbeat|p2a: Chansey
|-damage|p2a: Chansey|0 fnt
|faint|p2a: Chansey
|-hitcount|p2: Chansey|1
|
|win|dsqsdqdD
|raw|dsqsdqdD's rating: 1114 &rarr; <strong>1142</strong><br />(+28 for winning)
|raw|ZhuaZi's rating: 1162 &rarr; <strong>1134</strong><br />(-28 for losing)
|l|☆ZhuaZi
|player|p2|
|l|☆dsqsdqdD
|player|p1|
