|j|☆HedgeWilliam
|j|☆Gen1elite
|t:|1743876125
|gametype|singles
|player|p1|HedgeWilliam|pokemaniac|1244
|player|p2|Gen1elite|red|1194
|teamsize|p1|6
|teamsize|p2|6
|gen|9
|tier|[Gen 9] OU
|rated|
|rule|HP Percentage Mod: HP is shown in percentages
|rule|Endless Battle Clause: Forcing endless battles is banned
|rule|Species Clause: Limit one of each Pokémon
|rule|OHKO Clause: OHKO moves are banned
|rule|Evasion Items Clause: Evasion items are banned
|rule|Evasion Moves Clause: Evasion moves are banned
|rule|Sleep Moves Clause: Sleep-inducing moves are banned
|clearpoke
|poke|p1|Arcanine-Hisui, M|
|poke|p1|Landorus-Therian, M|
|poke|p1|Kingambit, F|
|poke|p1|Slowking-Galar, F|
|poke|p1|Corviknight, F|
|poke|p1|Primarina, F|
|poke|p2|Pikachu, M|
|poke|p2|Gengar, F|
|poke|p2|Blastoise, M|
|poke|p2|Clefable, F|
|poke|p2|Rhydon, F|
|poke|p2|Snorlax, M|
|teampreview
|inactive|Battle timer is ON: inactive players will automatically lose when time's up. (requested by HedgeWilliam)
|
|t:|1743876147
|start
|switch|p1a: Landorus|Landorus-Therian, M|100/100
|switch|p2a: Snorlax|Snorlax, M|100/100
|-ability|p1a: Landorus|Intimidate|boost
|-unboost|p2a: Snorlax|atk|1
|turn|1
|
|t:|1743876158
|move|p1a: Landorus|Stealth Rock|p2a: Snorlax
|-sidestart|p2: Gen1elite|move: Stealth Rock
|move|p2a: Snorlax|Blizzard|p1a: Landorus
|-supereffective|p1a: Landorus
|-damage|p1a: Landorus|0 fnt
|faint|p1a: Landorus
|
|upkeep
|
|t:|1743876172
|switch|p1a: Slowking|Slowking-Galar, F|100/100
|turn|2
|
|t:|1743876199
|switch|p2a: Clefable|Clefable, F|100/100
|-damage|p2a: Clefable|88/100|[from] Stealth Rock
|move|p1a: Slowking|Thunder Wave|p2a: Clefable
|-status|p2a: Clefable|par
|
|-heal|p2a: Clefable|94/100 par|[from] item: Leftovers
|upkeep
|turn|3
|
|t:|1743876209
|switch|p2a: Rhydon|Rhydon, F|100/100
|-damage|p2a: Rhydon|94/100|[from] Stealth Rock
|move|p1a: Slowking|Sludge Wave|p2a: Rhydon
|-resisted|p2a: Rhydon
|-damage|p2a: Rhydon|81/100
|
|upkeep
|turn|4
|
|t:|1743876227
|switch|p1a: Corviknight|Corviknight, F|100/100
|move|p2a: Rhydon|Supercell Slam|p1a: Corviknight
|-supereffective|p1a: Corviknight
|-damage|p1a: Corviknight|49/100
|-damage|p2a: Rhydon|65/100|[from] item: Rocky Helmet|[of] p1a: Corviknight
|
|upkeep
|turn|5
|
|t:|1743876238
|move|p1a: Corviknight|Roost|p1a: Corviknight
|-heal|p1a: Corviknight|99/100
|-singleturn|p1a: Corviknight|move: Roost
|move|p2a: Rhydon|Supercell Slam|p1a: Corviknight
|-damage|p1a: Corviknight|72/100
|-damage|p2a: Rhydon|48/100|[from] item: Rocky Helmet|[of] p1a: Corviknight
|
|upkeep
|turn|6
|
|t:|1743876255
|move|p1a: Corviknight|Body Press|p2a: Rhydon
|-supereffective|p2a: Rhydon
|-damage|p2a: Rhydon|22/100
|move|p2a: Rhydon|Heat Crash|p1a: Corviknight
|-supereffective|p1a: Corviknight
|-damage|p1a: Corviknight|55/100
|-damage|p2a: Rhydon|5/100|[from] item: Rocky Helmet|[of] p1a: Corviknight
|
|upkeep
|turn|7
|inactive|Gen1elite has 120 seconds left.
|
|t:|1743876274
|switch|p2a: Gengar|Gengar, F|100/100
|-damage|p2a: Gengar|88/100|[from] Stealth Rock
|move|p1a: Corviknight|Roost|p1a: Corviknight
|-heal|p1a: Corviknight|100/100
|-singleturn|p1a: Corviknight|move: Roost
|
|upkeep
|turn|8
|
|t:|1743876283
|move|p2a: Gengar|Encore|p1a: Corviknight
|-start|p1a: Corviknight|Encore
|move|p1a: Corviknight|Roost||[still]
|-fail|p1a: Corviknight|heal
|
|upkeep
|turn|9
|
|t:|1743876293
|switch|p1a: Primarina|Primarina, F|100/100
|move|p2a: Gengar|Shadow Ball|p1a: Primarina
|-damage|p1a: Primarina|53/100
|-damage|p2a: Gengar|78/100|[from] item: Life Orb
|
|-heal|p1a: Primarina|59/100|[from] item: Leftovers
|upkeep
|turn|10
|
|t:|1743876304
|move|p2a: Gengar|Sludge Wave|p1a: Primarina
|-supereffective|p1a: Primarina
|-damage|p1a: Primarina|0 fnt
|faint|p1a: Primarina
|-damage|p2a: Gengar|68/100|[from] item: Life Orb
|
|upkeep
|
|t:|1743876328
|switch|p1a: E5|Kingambit, F, shiny|100/100
|-activate|p1a: E5|ability: Supreme Overlord
|-start|p1a: E5|fallen2|[silent]
|turn|11
|
|t:|1743876342
|move|p2a: Gengar|Destiny Bond|p2a: Gengar
|-singlemove|p2a: Gengar|Destiny Bond
|move|p1a: E5|Kowtow Cleave|p2a: Gengar
|-supereffective|p2a: Gengar
|-damage|p2a: Gengar|0 fnt
|faint|p2a: Gengar
|-activate|p2a: Gengar|move: Destiny Bond
|faint|p1a: E5
|-end|p1a: E5|fallen2|[silent]
|
|upkeep
|
|t:|1743876355
|switch|p2a: Blastoise|Blastoise, M|100/100
|switch|p1a: Slowking|Slowking-Galar, F|100/100
|-damage|p2a: Blastoise|88/100|[from] Stealth Rock
|turn|12
|
|t:|1743876361
|move|p2a: Blastoise|Rapid Spin|p1a: Slowking
|-damage|p1a: Slowking|92/100
|-boost|p2a: Blastoise|spe|1
|-sideend|p2: Gen1elite|Stealth Rock|[from] move: Rapid Spin|[of] p2a: Blastoise
|move|p1a: Slowking|Thunder Wave|p2a: Blastoise
|-status|p2a: Blastoise|par
|
|upkeep
|turn|13
|
|t:|1743876370
|cant|p2a: Blastoise|par
|move|p1a: Slowking|Future Sight|p2a: Blastoise
|-start|p1a: Slowking|move: Future Sight
|
|upkeep
|turn|14
|
|t:|1743876375
|move|p2a: Blastoise|Hydro Pump|p1a: Slowking|[miss]
|-miss|p2a: Blastoise|p1a: Slowking
|-prepare|p1a: Slowking|Chilly Reception|[premajor]
|move|p1a: Slowking|Chilly Reception|p1a: Slowking
|-weather|Snowscape
|
|t:|1743876388
|switch|p1a: Corviknight|Corviknight, F|100/100|[from] Chilly Reception
|
|-weather|Snowscape|[upkeep]
|upkeep
|turn|15
|
|t:|1743876400
|move|p1a: Corviknight|Body Press|p2a: Blastoise
|-damage|p2a: Blastoise|65/100 par
|move|p2a: Blastoise|Hydro Pump|p1a: Corviknight
|-damage|p1a: Corviknight|58/100
|
|-weather|Snowscape|[upkeep]
|-end|p2a: Blastoise|move: Future Sight
|-damage|p2a: Blastoise|25/100 par
|upkeep
|turn|16
|
|t:|1743876412
|-terastallize|p2a: Blastoise|Dragon
|move|p1a: Corviknight|Roost|p1a: Corviknight
|-heal|p1a: Corviknight|100/100
|-singleturn|p1a: Corviknight|move: Roost
|move|p2a: Blastoise|Dragon Pulse|p1a: Corviknight
|-resisted|p1a: Corviknight
|-damage|p1a: Corviknight|82/100
|
|-weather|Snowscape|[upkeep]
|upkeep
|turn|17
|
|t:|1743876424
|switch|p2a: Rhydon|Rhydon, F|5/100
|move|p1a: Corviknight|Body Press|p2a: Rhydon
|-supereffective|p2a: Rhydon
|-damage|p2a: Rhydon|0 fnt
|faint|p2a: Rhydon
|
|-weather|Snowscape|[upkeep]
|upkeep
|
|t:|1743876434
|switch|p2a: Pikachu|Pikachu, M|100/100
|turn|18
|
|t:|1743876444
|switch|p1a: Slowking|Slowking-Galar, F|100/100
|move|p2a: Pikachu|Thunder|p1a: Slowking|[miss]
|-miss|p2a: Pikachu|p1a: Slowking
|
|-weather|none
|upkeep
|turn|19
|
|t:|1743876460
|switch|p2a: Blastoise|Blastoise, M, tera:Dragon|25/100 par
|move|p1a: Slowking|Future Sight|p2a: Blastoise
|-start|p1a: Slowking|move: Future Sight
|
|upkeep
|turn|20
|
|t:|1743876466
|move|p1a: Slowking|Sludge Wave|p2a: Blastoise
|-damage|p2a: Blastoise|0 fnt
|faint|p2a: Blastoise
|
|upkeep
|
|t:|1743876476
|switch|p2a: Snorlax|Snorlax, M|100/100
|turn|21
|
|t:|1743876481
|move|p1a: Slowking|Thunder Wave|p2a: Snorlax
|-status|p2a: Snorlax|par
|move|p2a: Snorlax|Fire Blast|p1a: Slowking|[miss]
|-miss|p2a: Snorlax|p1a: Slowking
|
|-end|p2a: Snorlax|move: Future Sight
|-damage|p2a: Snorlax|66/100 par
|upkeep
|turn|22
|
|t:|1743876496
|-prepare|p1a: Slowking|Chilly Reception|[premajor]
|move|p1a: Slowking|Chilly Reception|p1a: Slowking
|-weather|Snowscape
|
|t:|1743876499
|switch|p1a: Corviknight|Corviknight, F|82/100|[from] Chilly Reception
|cant|p2a: Snorlax|par
|
|-weather|Snowscape|[upkeep]
|upkeep
|turn|23
|
|t:|1743876512
|-terastallize|p1a: Corviknight|Water
|move|p1a: Corviknight|Body Press|p2a: Snorlax
|-supereffective|p2a: Snorlax
|-damage|p2a: Snorlax|13/100 par
|move|p2a: Snorlax|Thunder|p1a: Corviknight|[miss]
|-miss|p2a: Snorlax|p1a: Corviknight
|
|-weather|Snowscape|[upkeep]
|upkeep
|turn|24
|
|t:|1743876522
|move|p1a: Corviknight|Body Press|p2a: Snorlax
|-supereffective|p2a: Snorlax
|-damage|p2a: Snorlax|0 fnt
|faint|p2a: Snorlax
|
|-weather|Snowscape|[upkeep]
|upkeep
|
|t:|1743876532
|switch|p2a: Clefable|Clefable, F|94/100 par
|turn|25
|
|t:|1743876555
|move|p1a: Corviknight|U-turn|p2a: Clefable
|-resisted|p2a: Clefable
|-damage|p2a: Clefable|89/100 par
|
|t:|1743876558
|switch|p1a: Slowking|Slowking-Galar, F|100/100|[from] U-turn
|cant|p2a: Clefable|par
|
|-weather|Snowscape|[upkeep]
|-heal|p2a: Clefable|95/100 par|[from] item: Leftovers
|upkeep
|turn|26
|
|t:|1743876568
|move|p1a: Slowking|Sludge Wave|p2a: Clefable
|-supereffective|p2a: Clefable
|-damage|p2a: Clefable|9/100 par
|cant|p2a: Clefable|par
|
|-weather|none
|-heal|p2a: Clefable|15/100 par|[from] item: Leftovers
|upkeep
|turn|27
|
|t:|1743876587
|move|p1a: Slowking|Sludge Wave|p2a: Clefable
|-supereffective|p2a: Clefable
|-damage|p2a: Clefable|0 fnt
|faint|p2a: Clefable
|
|upkeep
|
|t:|1743876592
|switch|p2a: Pikachu|Pikachu, M|100/100
|turn|28
|
|t:|1743876598
|move|p2a: Pikachu|Charge Beam|p1a: Slowking
|-damage|p1a: Slowking|76/100
|-boost|p2a: Pikachu|spa|1
|move|p1a: Slowking|Future Sight|p2a: Pikachu
|-start|p1a: Slowking|move: Future Sight
|
|upkeep
|turn|29
|
|t:|1743876606
|move|p2a: Pikachu|Thunder|p1a: Slowking
|-damage|p1a: Slowking|2/100
|move|p1a: Slowking|Sludge Wave|p2a: Pikachu
|-damage|p2a: Pikachu|0 fnt
|faint|p2a: Pikachu
|
|win|HedgeWilliam
|raw|HedgeWilliam's rating: 1244 &rarr; <strong>1265</strong><br />(+21 for winning)
|raw|Gen1elite's rating: 1194 &rarr; <strong>1173</strong><br />(-21 for losing)
|l|☆Gen1elite
|player|p2|
|c|☆HedgeWilliam|Gg
|l|☆HedgeWilliam
|player|p1|
