|j|☆Kafloepp
|j|☆quetzuma
|t:|1743864824
|gametype|singles
|player|p1|Kafloepp|101|1326
|player|p2|quetzuma|swimmer-gen4dp|1372
|teamsize|p1|6
|teamsize|p2|6
|gen|9
|tier|[Gen 9] OU
|rated|
|rule|HP Percentage Mod: HP is shown in percentages
|rule|Endless Battle Clause: Forcing endless battles is banned
|rule|Species Clause: Limit one of each Pokémon
|rule|OHKO Clause: OHKO moves are banned
|rule|Evasion Items Clause: Evasion items are banned
|rule|Evasion Moves Clause: Evasion moves are banned
|rule|Sleep Moves Clause: Sleep-inducing moves are banned
|clearpoke
|poke|p1|Quaquaval, F|
|poke|p1|Rillaboom, M|
|poke|p1|Hawlucha, F|
|poke|p1|Iron Treads|
|poke|p1|Dragapult, F|
|poke|p1|Raging Bolt|
|poke|p2|Quaquaval, F|
|poke|p2|Cinderace, M|
|poke|p2|Ting-Lu|
|poke|p2|Deoxys-Defense|
|poke|p2|Skarmory, M|
|poke|p2|Dragapult, F|
|teampreview
|inactive|Battle timer is ON: inactive players will automatically lose when time's up. (requested by quetzuma)
|
|t:|1743864840
|start
|switch|p1a: Iron Treads|Iron Treads|100/100
|switch|p2a: Dragapult|Dragapult, F|100/100
|-enditem|p1a: Iron Treads|Booster Energy
|-activate|p1a: Iron Treads|ability: Quark Drive|[fromitem]
|-start|p1a: Iron Treads|quarkdrivespe
|turn|1
|j| darklucas2.0
|l| darklucas2.0
|inactive|quetzuma has 120 seconds left.
|inactive|quetzuma has 90 seconds left.
|
|t:|1743864916
|switch|p2a: Skarmory|Skarmory, M|100/100
|move|p1a: Iron Treads|Earth Power|p2a: Skarmory
|-immune|p2a: Skarmory
|
|upkeep
|turn|2
|
|t:|1743864922
|move|p1a: Iron Treads|Stealth Rock|p2a: Skarmory
|-sidestart|p2: quetzuma|move: Stealth Rock
|move|p2a: Skarmory|Stealth Rock|p1a: Iron Treads
|-sidestart|p1: Kafloepp|move: Stealth Rock
|
|upkeep
|turn|3
|
|t:|1743864927
|move|p1a: Iron Treads|Rapid Spin|p2a: Skarmory
|-resisted|p2a: Skarmory
|-damage|p2a: Skarmory|98/100
|-boost|p1a: Iron Treads|spe|1
|-damage|p1a: Iron Treads|84/100|[from] item: Rocky Helmet|[of] p2a: Skarmory
|-sideend|p1: Kafloepp|Stealth Rock|[from] move: Rapid Spin|[of] p1a: Iron Treads
|move|p2a: Skarmory|Body Press|p1a: Iron Treads
|-supereffective|p1a: Iron Treads
|-damage|p1a: Iron Treads|23/100
|
|upkeep
|turn|4
|
|t:|1743864937
|move|p1a: Iron Treads|Steel Beam|p2a: Skarmory
|-resisted|p2a: Skarmory
|-damage|p2a: Skarmory|64/100
|-damage|p1a: Iron Treads|0 fnt|[from] steelbeam
|faint|p1a: Iron Treads
|-end|p1a: Iron Treads|Quark Drive|[silent]
|move|p2a: Skarmory|Stealth Rock|p1: Iron Treads
|-sidestart|p1: Kafloepp|move: Stealth Rock
|
|upkeep
|
|t:|1743864944
|switch|p1a: Dragapult|Dragapult, F|100/100
|turn|5
|
|t:|1743864947
|switch|p2a: Ting-Lu|Ting-Lu|100/100
|-damage|p2a: Ting-Lu|94/100|[from] Stealth Rock
|-ability|p2a: Ting-Lu|Vessel of Ruin
|move|p1a: Dragapult|Will-O-Wisp|p2a: Ting-Lu
|-status|p2a: Ting-Lu|brn
|
|-heal|p2a: Ting-Lu|100/100 brn|[from] item: Leftovers
|-damage|p2a: Ting-Lu|94/100 brn|[from] brn
|upkeep
|turn|6
|
|t:|1743864958
|switch|p1a: Rillaboom|Rillaboom, M|100/100
|-damage|p1a: Rillaboom|88/100|[from] Stealth Rock
|-fieldstart|move: Grassy Terrain|[from] ability: Grassy Surge|[of] p1a: Rillaboom
|move|p2a: Ting-Lu|Ruination|p1a: Rillaboom
|-damage|p1a: Rillaboom|44/100
|
|-heal|p1a: Rillaboom|51/100|[from] Grassy Terrain
|-heal|p2a: Ting-Lu|100/100 brn|[from] Grassy Terrain
|-damage|p2a: Ting-Lu|94/100 brn|[from] brn
|upkeep
|turn|7
|
|t:|1743864964
|switch|p2a: Skarmory|Skarmory, M|64/100
|-damage|p2a: Skarmory|52/100|[from] Stealth Rock
|move|p1a: Rillaboom|Wood Hammer|p2a: Skarmory
|-resisted|p2a: Skarmory
|-damage|p2a: Skarmory|33/100
|-damage|p1a: Rillaboom|34/100|[from] item: Rocky Helmet|[of] p2a: Skarmory
|-damage|p1a: Rillaboom|28/100|[from] Recoil
|
|-heal|p1a: Rillaboom|35/100|[from] Grassy Terrain
|upkeep
|turn|8
|
|t:|1743864978
|switch|p1a: Hawlucha|Hawlucha, F, shiny|100/100
|-damage|p1a: Hawlucha|88/100|[from] Stealth Rock
|-enditem|p1a: Hawlucha|Grassy Seed
|-boost|p1a: Hawlucha|def|1|[from] item: Grassy Seed
|move|p2a: Skarmory|Roost|p2a: Skarmory
|-heal|p2a: Skarmory|83/100
|-singleturn|p2a: Skarmory|move: Roost
|
|-heal|p2a: Skarmory|89/100|[from] Grassy Terrain
|upkeep
|turn|9
|
|t:|1743864986
|switch|p2a: Deoxys|Deoxys-Defense|100/100
|-damage|p2a: Deoxys|88/100|[from] Stealth Rock
|-ability|p2a: Deoxys|Pressure
|move|p1a: Hawlucha|Encore||[still]
|-fail|p1a: Hawlucha
|
|-heal|p2a: Deoxys|94/100|[from] Grassy Terrain
|-heal|p2a: Deoxys|100/100|[from] item: Leftovers
|upkeep
|turn|10
|
|t:|1743864989
|move|p1a: Hawlucha|Swords Dance|p1a: Hawlucha
|-boost|p1a: Hawlucha|atk|2
|move|p2a: Deoxys|Thunder Wave|p1a: Hawlucha
|-status|p1a: Hawlucha|par
|
|-fieldend|move: Grassy Terrain
|upkeep
|turn|11
|-message|Kafloepp forfeited.
|
|win|quetzuma
|raw|Kafloepp's rating: 1326 &rarr; <strong>1309</strong><br />(-17 for losing)
|raw|quetzuma's rating: 1372 &rarr; <strong>1389</strong><br />(+17 for winning)
|l|☆Kafloepp
|player|p1|
|l|☆quetzuma
|player|p2|
