|j|☆life orb trump
|j|‽JackRG1
|t:|1743818591
|gametype|singles
|player|p1|life orb trump|preschooler|1494
|player|p2|JackRG1|iris|1499
|teamsize|p1|6
|teamsize|p2|6
|gen|9
|tier|[Gen 9] OU
|rated|
|rule|HP Percentage Mod: HP is shown in percentages
|rule|Endless Battle Clause: Forcing endless battles is banned
|rule|Species Clause: Limit one of each Pokémon
|rule|OHKO Clause: OHKO moves are banned
|rule|Evasion Items Clause: Evasion items are banned
|rule|Evasion Moves Clause: Evasion moves are banned
|rule|Sleep Moves Clause: Sleep-inducing moves are banned
|clearpoke
|poke|p1|Hippowdon, F|
|poke|p1|Excadrill, M|
|poke|p1|Corviknight, F|
|poke|p1|Ogerpon-Wellspring, F|
|poke|p1|Garganacl, M|
|poke|p1|Enamorus, F|
|poke|p2|Ting-Lu|
|poke|p2|Slowking-Galar, M|
|poke|p2|Corviknight, M|
|poke|p2|Cinderace, M|
|poke|p2|Zamazenta-*|
|poke|p2|Sinistcha|
|teampreview
|inactive|Battle timer is ON: inactive players will automatically lose when time's up. (requested by JackRG1)
|
|t:|1743818616
|start
|switch|p1a: Hippowdon|Hippowdon, F|100/100
|switch|p2a: Slowking|Slowking-Galar, M|100/100
|-weather|Sandstorm|[from] ability: Sand Stream|[of] p1a: Hippowdon
|turn|1
|
|t:|1743818622
|move|p1a: Hippowdon|Stealth Rock|p2a: Slowking
|-sidestart|p2: JackRG1|move: Stealth Rock
|move|p2a: Slowking|Future Sight|p1a: Hippowdon
|-start|p2a: Slowking|move: Future Sight
|
|-weather|Sandstorm|[upkeep]
|-damage|p2a: Slowking|94/100|[from] Sandstorm
|upkeep
|turn|2
|
|t:|1743818626
|-prepare|p2a: Slowking|Chilly Reception|[premajor]
|move|p2a: Slowking|Chilly Reception|p2a: Slowking
|-weather|Snowscape
|
|t:|1743818628
|switch|p2a: Zamazenta|Zamazenta|100/100|[from] Chilly Reception
|-damage|p2a: Zamazenta|94/100|[from] Stealth Rock
|-ability|p2a: Zamazenta|Dauntless Shield|boost
|-boost|p2a: Zamazenta|def|1
|move|p1a: Hippowdon|Roar|p2a: Zamazenta
|drag|p2a: Cinderace|Cinderace, M|100/100
|
|-weather|Snowscape|[upkeep]
|upkeep
|turn|3
|
|t:|1743818638
|move|p2a: Cinderace|Will-O-Wisp|p1a: Hippowdon
|-status|p1a: Hippowdon|brn
|move|p1a: Hippowdon|Earthquake|p2a: Cinderace
|-supereffective|p2a: Cinderace
|-damage|p2a: Cinderace|55/100
|
|-weather|Snowscape|[upkeep]
|-end|p1a: Hippowdon|move: Future Sight
|-damage|p1a: Hippowdon|56/100 brn
|-damage|p1a: Hippowdon|50/100 brn|[from] brn
|upkeep
|turn|4
|
|t:|1743818643
|move|p2a: Cinderace|Court Change|p2a: Cinderace
|-swapsideconditions
|-activate|p2a: Cinderace|move: Court Change
|move|p1a: Hippowdon|Stealth Rock|p2a: Cinderace
|-sidestart|p2: JackRG1|move: Stealth Rock
|
|-weather|Snowscape|[upkeep]
|-damage|p1a: Hippowdon|44/100 brn|[from] brn
|upkeep
|turn|5
|
|t:|1743818646
|move|p2a: Cinderace|U-turn|p1a: Hippowdon
|-damage|p1a: Hippowdon|34/100 brn
|-damage|p2a: Cinderace|39/100|[from] item: Rocky Helmet|[of] p1a: Hippowdon
|
|t:|1743818648
|switch|p2a: Slowking|Slowking-Galar, M|100/100|[from] U-turn
|-damage|p2a: Slowking|88/100|[from] Stealth Rock
|move|p1a: Hippowdon|Slack Off|p1a: Hippowdon
|-heal|p1a: Hippowdon|84/100 brn
|
|-weather|Snowscape|[upkeep]
|-damage|p1a: Hippowdon|78/100 brn|[from] brn
|upkeep
|turn|6
|
|t:|1743818654
|switch|p1a: Excadrill|Excadrill, M|100/100
|-damage|p1a: Excadrill|97/100|[from] Stealth Rock
|-item|p1a: Excadrill|Air Balloon
|move|p2a: Slowking|Future Sight|p1a: Excadrill
|-start|p2a: Slowking|move: Future Sight
|
|-weather|none
|upkeep
|turn|7
|
|t:|1743818657
|switch|p2a: Zamazenta|Zamazenta|94/100
|-damage|p2a: Zamazenta|88/100|[from] Stealth Rock
|move|p1a: Excadrill|Swords Dance|p1a: Excadrill
|-boost|p1a: Excadrill|atk|2
|
|upkeep
|turn|8
|
|t:|1743818665
|switch|p1a: Hippowdon|Hippowdon, F|78/100 brn
|-damage|p1a: Hippowdon|71/100 brn|[from] Stealth Rock
|-weather|Sandstorm|[from] ability: Sand Stream|[of] p1a: Hippowdon
|move|p2a: Zamazenta|Close Combat|p1a: Hippowdon
|-damage|p1a: Hippowdon|13/100 brn
|-unboost|p2a: Zamazenta|def|1
|-unboost|p2a: Zamazenta|spd|1
|-damage|p2a: Zamazenta|72/100|[from] item: Rocky Helmet|[of] p1a: Hippowdon
|
|-weather|Sandstorm|[upkeep]
|-damage|p2a: Zamazenta|65/100|[from] Sandstorm
|-end|p1a: Hippowdon|move: Future Sight
|-damage|p1a: Hippowdon|0 fnt
|faint|p1a: Hippowdon
|upkeep
|
|t:|1743818673
|switch|p1a: Enamorus|Enamorus, F|100/100
|-damage|p1a: Enamorus|76/100|[from] Stealth Rock
|turn|9
|
|t:|1743818688
|switch|p2a: Slowking|Slowking-Galar, M|100/100
|-damage|p2a: Slowking|88/100|[from] Stealth Rock
|move|p1a: Enamorus|Earth Power|p2a: Slowking
|-supereffective|p2a: Slowking
|-enditem|p2a: Slowking|Shuca Berry|[eat]
|-enditem|p2a: Slowking|Shuca Berry|[weaken]
|-damage|p2a: Slowking|55/100
|
|-weather|Sandstorm|[upkeep]
|-damage|p1a: Enamorus|69/100|[from] Sandstorm
|-damage|p2a: Slowking|48/100|[from] Sandstorm
|upkeep
|turn|10
|
|t:|1743818697
|switch|p1a: Excadrill|Excadrill, M|97/100
|-damage|p1a: Excadrill|94/100|[from] Stealth Rock
|-item|p1a: Excadrill|Air Balloon
|switch|p2a: Corviknight|Corviknight, M, shiny|100/100
|-damage|p2a: Corviknight|88/100|[from] Stealth Rock
|-ability|p2a: Corviknight|Pressure
|
|-weather|Sandstorm|[upkeep]
|upkeep
|turn|11
|
|t:|1743818704
|move|p1a: Excadrill|Rapid Spin|p2a: Corviknight
|-resisted|p2a: Corviknight
|-damage|p2a: Corviknight|82/100
|-boost|p1a: Excadrill|spe|1
|-damage|p1a: Excadrill|78/100|[from] item: Rocky Helmet|[of] p2a: Corviknight
|-sideend|p1: life orb trump|Stealth Rock|[from] move: Rapid Spin|[of] p1a: Excadrill
|move|p2a: Corviknight|Defog|p1a: Excadrill
|-unboost|p1a: Excadrill|evasion|1
|-sideend|p2: JackRG1|Stealth Rock|[from] move: Defog|[of] p2a: Corviknight
|
|-weather|Sandstorm|[upkeep]
|upkeep
|turn|12
|
|t:|1743818718
|switch|p1a: Enamorus|Enamorus, F|69/100
|move|p2a: Corviknight|Body Press|p1a: Enamorus
|-resisted|p1a: Enamorus
|-damage|p1a: Enamorus|61/100
|
|-weather|none
|upkeep
|turn|13
|
|t:|1743818727
|switch|p2a: Slowking|Slowking-Galar, M|82/100
|move|p1a: Enamorus|Mystical Fire|p2a: Slowking
|-damage|p2a: Slowking|54/100
|-unboost|p2a: Slowking|spa|1
|
|upkeep
|turn|14
|l|‽JackRG1
|inactive|JackRG1 disconnected and has a minute to reconnect!
|player|p2|
|j|‽JackRG1
|inactive|JackRG1 reconnected and has 120 seconds left.
|player|p2|JackRG1|iris|
|n|‽JackRG1|jackrg1
|n|‽JackRG1|jackrg1
|n|‽JackRG1|jackrg1
|n|‽JackRG1|jackrg1
|n|‽JackRG1|jackrg1
|n|‽JackRG1|jackrg1
|n|‽JackRG1|jackrg1
|n|‽JackRG1|jackrg1
|n|‽JackRG1|jackrg1
|n|‽JackRG1|jackrg1
|n|‽JackRG1|jackrg1
|n|‽JackRG1|jackrg1
|n|‽JackRG1|jackrg1
|n|‽JackRG1|jackrg1
|inactive|life orb trump has 120 seconds left.
|
|t:|1743818770
|switch|p1a: Garganacl|Garganacl, M|100/100
|-prepare|p2a: Slowking|Chilly Reception|[premajor]
|move|p2a: Slowking|Chilly Reception|p2a: Slowking
|-weather|Snowscape
|
|t:|1743818773
|switch|p2a: Zamazenta|Zamazenta|65/100|[from] Chilly Reception
|
|-weather|Snowscape|[upkeep]
|upkeep
|turn|15
|inactive|life orb trump has 120 seconds left.
|
|t:|1743818784
|-terastallize|p1a: Garganacl|Fairy
|move|p2a: Zamazenta|Close Combat|p1a: Garganacl
|-resisted|p1a: Garganacl
|-damage|p1a: Garganacl|70/100
|-unboost|p2a: Zamazenta|def|1
|-unboost|p2a: Zamazenta|spd|1
|move|p1a: Garganacl|Salt Cure|p2a: Zamazenta
|-resisted|p2a: Zamazenta
|-damage|p2a: Zamazenta|56/100
|-start|p2a: Zamazenta|Salt Cure
|
|-weather|Snowscape|[upkeep]
|-heal|p1a: Garganacl|76/100|[from] item: Leftovers
|-damage|p2a: Zamazenta|43/100|[from] Salt Cure
|upkeep
|turn|16
|
|t:|1743818791
|switch|p2a: Slowking|Slowking-Galar, M|87/100
|move|p1a: Garganacl|Curse|p1a: Garganacl
|-unboost|p1a: Garganacl|spe|1
|-boost|p1a: Garganacl|atk|1
|-boost|p1a: Garganacl|def|1
|
|-weather|Snowscape|[upkeep]
|-heal|p1a: Garganacl|82/100|[from] item: Leftovers
|upkeep
|turn|17
|
|t:|1743818794
|move|p1a: Garganacl|Earthquake|p2a: Slowking
|-supereffective|p2a: Slowking
|-damage|p2a: Slowking|37/100
|-prepare|p2a: Slowking|Chilly Reception|[premajor]
|move|p2a: Slowking|Chilly Reception|p2a: Slowking
|
|t:|1743818797
|switch|p2a: Sinistcha|Sinistcha|100/100|[from] Chilly Reception
|
|-weather|Snowscape|[upkeep]
|-heal|p1a: Garganacl|89/100|[from] item: Leftovers
|upkeep
|turn|18
|
|t:|1743818800
|move|p2a: Sinistcha|Calm Mind|p2a: Sinistcha
|-boost|p2a: Sinistcha|spa|1
|-boost|p2a: Sinistcha|spd|1
|move|p1a: Garganacl|Salt Cure|p2a: Sinistcha
|-damage|p2a: Sinistcha|85/100
|-start|p2a: Sinistcha|Salt Cure
|
|-weather|none
|-heal|p2a: Sinistcha|92/100|[from] item: Leftovers
|-heal|p1a: Garganacl|95/100|[from] item: Leftovers
|-damage|p2a: Sinistcha|79/100|[from] Salt Cure
|upkeep
|turn|19
|
|t:|1743818807
|switch|p1a: Corviknight|Corviknight, F|100/100
|-ability|p1a: Corviknight|Pressure
|move|p2a: Sinistcha|Matcha Gotcha|p1a: Corviknight
|-resisted|p1a: Corviknight
|-damage|p1a: Corviknight|89/100
|-heal|p2a: Sinistcha|86/100|[from] drain|[of] p1a: Corviknight
|
|-heal|p2a: Sinistcha|92/100|[from] item: Leftovers
|-heal|p1a: Corviknight|95/100|[from] item: Leftovers
|-damage|p2a: Sinistcha|80/100|[from] Salt Cure
|upkeep
|turn|20
|
|t:|1743818812
|move|p2a: Sinistcha|Strength Sap|p1a: Corviknight
|-unboost|p1a: Corviknight|atk|1
|-heal|p2a: Sinistcha|100/100
|move|p1a: Corviknight|Brave Bird|p2a: Sinistcha
|-supereffective|p2a: Sinistcha
|-damage|p2a: Sinistcha|66/100
|-damage|p1a: Corviknight|85/100|[from] Recoil
|
|-heal|p2a: Sinistcha|72/100|[from] item: Leftovers
|-heal|p1a: Corviknight|91/100|[from] item: Leftovers
|-damage|p2a: Sinistcha|59/100|[from] Salt Cure
|upkeep
|turn|21
|
|t:|1743818815
|move|p2a: Sinistcha|Shadow Ball|p1a: Corviknight
|-damage|p1a: Corviknight|45/100
|move|p1a: Corviknight|U-turn|p2a: Sinistcha
|-damage|p2a: Sinistcha|53/100
|
|t:|1743818824
|switch|p1a: Enamorus|Enamorus, F|61/100|[from] U-turn
|
|-heal|p2a: Sinistcha|59/100|[from] item: Leftovers
|-damage|p2a: Sinistcha|46/100|[from] Salt Cure
|upkeep
|turn|22
|
|t:|1743818826
|switch|p2a: Slowking|Slowking-Galar, M|70/100
|move|p1a: Enamorus|Moonblast|p2a: Slowking
|-resisted|p2a: Slowking
|-damage|p2a: Slowking|40/100
|-unboost|p2a: Slowking|spa|1
|
|upkeep
|turn|23
|
|t:|1743818847
|move|p1a: Enamorus|Moonblast|p2a: Slowking
|-resisted|p2a: Slowking
|-damage|p2a: Slowking|11/100
|-prepare|p2a: Slowking|Chilly Reception|[premajor]
|move|p2a: Slowking|Chilly Reception|p2a: Slowking
|-weather|Snowscape
|
|t:|1743818856
|switch|p2a: Cinderace|Cinderace, M|39/100|[from] Chilly Reception
|
|-weather|Snowscape|[upkeep]
|upkeep
|turn|24
|
|t:|1743818863
|switch|p1a: Garganacl|Garganacl, M, tera:Fairy|95/100
|move|p2a: Cinderace|Pyro Ball|p1a: Garganacl
|-damage|p1a: Garganacl|64/100
|
|-weather|Snowscape|[upkeep]
|-heal|p1a: Garganacl|70/100|[from] item: Leftovers
|upkeep
|turn|25
|
|t:|1743818871
|move|p2a: Cinderace|U-turn|p1a: Garganacl
|-resisted|p1a: Garganacl
|-damage|p1a: Garganacl|64/100
|
|t:|1743818873
|switch|p2a: Sinistcha|Sinistcha|46/100|[from] U-turn
|move|p1a: Garganacl|Salt Cure|p2a: Sinistcha
|-damage|p2a: Sinistcha|37/100
|-start|p2a: Sinistcha|Salt Cure
|
|-weather|Snowscape|[upkeep]
|-heal|p2a: Sinistcha|43/100|[from] item: Leftovers
|-heal|p1a: Garganacl|70/100|[from] item: Leftovers
|-damage|p2a: Sinistcha|31/100|[from] Salt Cure
|upkeep
|turn|26
|
|t:|1743818884
|switch|p1a: Enamorus|Enamorus, F|61/100
|move|p2a: Sinistcha|Strength Sap|p1a: Enamorus
|-boost|p1a: Enamorus|atk|1
|-heal|p2a: Sinistcha|92/100
|
|-weather|Snowscape|[upkeep]
|-heal|p2a: Sinistcha|98/100|[from] item: Leftovers
|-damage|p2a: Sinistcha|85/100|[from] Salt Cure
|upkeep
|turn|27
|
|t:|1743818889
|switch|p2a: Corviknight|Corviknight, M, shiny|82/100
|-ability|p2a: Corviknight|Pressure
|move|p1a: Enamorus|Moonblast|p2a: Corviknight
|-resisted|p2a: Corviknight
|-damage|p2a: Corviknight|44/100
|
|-weather|none
|upkeep
|turn|28
|
|t:|1743818904
|switch|p1a: Garganacl|Garganacl, M, tera:Fairy|70/100
|move|p2a: Corviknight|Roost|p2a: Corviknight
|-heal|p2a: Corviknight|94/100
|-singleturn|p2a: Corviknight|move: Roost
|
|-heal|p1a: Garganacl|76/100|[from] item: Leftovers
|upkeep
|turn|29
|
|t:|1743818910
|switch|p2a: Slowking|Slowking-Galar, M|44/100
|move|p1a: Garganacl|Curse|p1a: Garganacl
|-unboost|p1a: Garganacl|spe|1
|-boost|p1a: Garganacl|atk|1
|-boost|p1a: Garganacl|def|1
|
|-heal|p1a: Garganacl|83/100|[from] item: Leftovers
|upkeep
|turn|30
|
|t:|1743818915
|switch|p2a: Sinistcha|Sinistcha|85/100
|move|p1a: Garganacl|Salt Cure|p2a: Sinistcha
|-damage|p2a: Sinistcha|70/100
|-start|p2a: Sinistcha|Salt Cure
|
|-heal|p2a: Sinistcha|76/100|[from] item: Leftovers
|-heal|p1a: Garganacl|89/100|[from] item: Leftovers
|-damage|p2a: Sinistcha|63/100|[from] Salt Cure
|upkeep
|turn|31
|
|t:|1743818921
|switch|p1a: Enamorus|Enamorus, F|61/100
|move|p2a: Sinistcha|Matcha Gotcha|p1a: Enamorus
|-resisted|p1a: Enamorus
|-damage|p1a: Enamorus|40/100
|-heal|p2a: Sinistcha|72/100|[from] drain|[of] p1a: Enamorus
|
|-heal|p2a: Sinistcha|78/100|[from] item: Leftovers
|-damage|p2a: Sinistcha|66/100|[from] Salt Cure
|upkeep
|turn|32
|
|t:|1743818925
|switch|p2a: Slowking|Slowking-Galar, M|77/100
|move|p1a: Enamorus|Earth Power|p2a: Slowking
|-supereffective|p2a: Slowking
|-damage|p2a: Slowking|10/100
|-unboost|p2a: Slowking|spd|1
|
|upkeep
|turn|33
|
|t:|1743818934
|switch|p1a: Ogerpon|Ogerpon-Wellspring, F|100/100
|switch|p2a: Corviknight|Corviknight, M, shiny|94/100
|-ability|p2a: Corviknight|Pressure
|
|upkeep
|turn|34
|
|t:|1743818943
|move|p1a: Ogerpon|Swords Dance|p1a: Ogerpon
|-boost|p1a: Ogerpon|atk|2
|move|p2a: Corviknight|Iron Defense|p2a: Corviknight
|-boost|p2a: Corviknight|def|2
|
|upkeep
|turn|35
|
|t:|1743818958
|switch|p1a: Garganacl|Garganacl, M, tera:Fairy|89/100
|move|p2a: Corviknight|Body Press|p1a: Garganacl
|-resisted|p1a: Garganacl
|-damage|p1a: Garganacl|75/100
|
|-heal|p1a: Garganacl|81/100|[from] item: Leftovers
|upkeep
|turn|36
|
|t:|1743818960
|switch|p2a: Sinistcha|Sinistcha|66/100
|move|p1a: Garganacl|Curse|p1a: Garganacl
|-unboost|p1a: Garganacl|spe|1
|-boost|p1a: Garganacl|atk|1
|-boost|p1a: Garganacl|def|1
|
|-heal|p2a: Sinistcha|72/100|[from] item: Leftovers
|-heal|p1a: Garganacl|87/100|[from] item: Leftovers
|upkeep
|turn|37
|
|t:|1743818974
|move|p2a: Sinistcha|Calm Mind|p2a: Sinistcha
|-boost|p2a: Sinistcha|spa|1
|-boost|p2a: Sinistcha|spd|1
|move|p1a: Garganacl|Salt Cure|p2a: Sinistcha
|-damage|p2a: Sinistcha|59/100
|-start|p2a: Sinistcha|Salt Cure
|
|-heal|p2a: Sinistcha|65/100|[from] item: Leftovers
|-heal|p1a: Garganacl|93/100|[from] item: Leftovers
|-damage|p2a: Sinistcha|53/100|[from] Salt Cure
|upkeep
|turn|38
|
|t:|1743818991
|switch|p1a: Enamorus|Enamorus, F|40/100
|move|p2a: Sinistcha|Shadow Ball|p1a: Enamorus
|-damage|p1a: Enamorus|0 fnt
|faint|p1a: Enamorus
|
|-heal|p2a: Sinistcha|59/100|[from] item: Leftovers
|-damage|p2a: Sinistcha|46/100|[from] Salt Cure
|upkeep
|
|t:|1743818996
|switch|p1a: Ogerpon|Ogerpon-Wellspring, F|100/100
|turn|39
|
|t:|1743818998
|move|p1a: Ogerpon|Swords Dance|p1a: Ogerpon
|-boost|p1a: Ogerpon|atk|2
|move|p2a: Sinistcha|Strength Sap|p1a: Ogerpon
|-unboost|p1a: Ogerpon|atk|1
|-heal|p2a: Sinistcha|100/100
|
|-damage|p2a: Sinistcha|88/100|[from] Salt Cure
|upkeep
|turn|40
|
|t:|1743819001
|move|p1a: Ogerpon|Swords Dance|p1a: Ogerpon
|-boost|p1a: Ogerpon|atk|2
|move|p2a: Sinistcha|Matcha Gotcha|p1a: Ogerpon
|-damage|p1a: Ogerpon|46/100
|-heal|p2a: Sinistcha|100/100|[from] drain|[of] p1a: Ogerpon
|
|-damage|p2a: Sinistcha|88/100|[from] Salt Cure
|upkeep
|turn|41
|
|t:|1743819015
|switch|p2a: Corviknight|Corviknight, M, shiny|94/100
|-ability|p2a: Corviknight|Pressure
|move|p1a: Ogerpon|Play Rough|p2a: Corviknight
|-resisted|p2a: Corviknight
|-damage|p2a: Corviknight|68/100
|-damage|p1a: Ogerpon|29/100|[from] item: Rocky Helmet|[of] p2a: Corviknight
|
|upkeep
|turn|42
|
|t:|1743819022
|move|p1a: Ogerpon|Ivy Cudgel|p2a: Corviknight|[anim] Ivy Cudgel Water
|-damage|p2a: Corviknight|0 fnt
|faint|p2a: Corviknight
|
|upkeep
|
|t:|1743819028
|switch|p2a: Cinderace|Cinderace, M|39/100
|turn|43
|
|t:|1743819034
|switch|p1a: Garganacl|Garganacl, M, tera:Fairy|93/100
|move|p2a: Cinderace|U-turn|p1a: Garganacl
|-resisted|p1a: Garganacl
|-damage|p1a: Garganacl|87/100
|
|t:|1743819036
|switch|p2a: Sinistcha|Sinistcha|88/100|[from] U-turn
|
|-heal|p2a: Sinistcha|94/100|[from] item: Leftovers
|-heal|p1a: Garganacl|93/100|[from] item: Leftovers
|upkeep
|turn|44
|
|t:|1743819045
|move|p2a: Sinistcha|Calm Mind|p2a: Sinistcha
|-boost|p2a: Sinistcha|spa|1
|-boost|p2a: Sinistcha|spd|1
|move|p1a: Garganacl|Curse|p1a: Garganacl
|-unboost|p1a: Garganacl|spe|1
|-boost|p1a: Garganacl|atk|1
|-boost|p1a: Garganacl|def|1
|
|-heal|p2a: Sinistcha|99/100|[from] item: Leftovers
|-heal|p1a: Garganacl|99/100|[from] item: Leftovers
|upkeep
|turn|45
|
|t:|1743819051
|move|p2a: Sinistcha|Calm Mind|p2a: Sinistcha
|-boost|p2a: Sinistcha|spa|1
|-boost|p2a: Sinistcha|spd|1
|move|p1a: Garganacl|Curse|p1a: Garganacl
|-unboost|p1a: Garganacl|spe|1
|-boost|p1a: Garganacl|atk|1
|-boost|p1a: Garganacl|def|1
|
|-heal|p2a: Sinistcha|100/100|[from] item: Leftovers
|-heal|p1a: Garganacl|100/100|[from] item: Leftovers
|upkeep
|turn|46
|
|t:|1743819054
|move|p2a: Sinistcha|Calm Mind|p2a: Sinistcha
|-boost|p2a: Sinistcha|spa|1
|-boost|p2a: Sinistcha|spd|1
|move|p1a: Garganacl|Salt Cure|p2a: Sinistcha
|-damage|p2a: Sinistcha|81/100
|-start|p2a: Sinistcha|Salt Cure
|
|-heal|p2a: Sinistcha|87/100|[from] item: Leftovers
|-damage|p2a: Sinistcha|75/100|[from] Salt Cure
|upkeep
|turn|47
|
|t:|1743819056
|move|p2a: Sinistcha|Matcha Gotcha|p1a: Garganacl
|-damage|p1a: Garganacl|43/100
|-heal|p2a: Sinistcha|100/100|[from] drain|[of] p1a: Garganacl
|move|p1a: Garganacl|Curse|p1a: Garganacl
|-unboost|p1a: Garganacl|spe|1
|-boost|p1a: Garganacl|atk|1
|-boost|p1a: Garganacl|def|1
|
|-heal|p1a: Garganacl|49/100|[from] item: Leftovers
|-damage|p2a: Sinistcha|88/100|[from] Salt Cure
|upkeep
|turn|48
|
|t:|1743819060
|move|p2a: Sinistcha|Matcha Gotcha|p1a: Garganacl
|-damage|p1a: Garganacl|0 fnt
|-heal|p2a: Sinistcha|100/100|[from] drain|[of] p1a: Garganacl
|faint|p1a: Garganacl
|
|-damage|p2a: Sinistcha|88/100|[from] Salt Cure
|upkeep
|-message|life orb trump forfeited.
|
|win|JackRG1
|raw|life orb trump's rating: 1494 &rarr; <strong>1474</strong><br />(-20 for losing)
|raw|JackRG1's rating: 1499 &rarr; <strong>1519</strong><br />(+20 for winning)
|l|☆life orb trump
|player|p1|
|l|‽JackRG1
|player|p2|
