|j|☆ykykp
|j|☆emaytetehew
|t:|1743875215
|gametype|singles
|player|p1|ykykp|101|1456
|player|p2|emaytetehew|2|1462
|teamsize|p1|6
|teamsize|p2|6
|gen|9
|tier|[Gen 9] OU
|rated|
|rule|HP Percentage Mod: HP is shown in percentages
|rule|Endless Battle Clause: Forcing endless battles is banned
|rule|Species Clause: Limit one of each Pokémon
|rule|OHKO Clause: OHKO moves are banned
|rule|Evasion Items Clause: Evasion items are banned
|rule|Evasion Moves Clause: Evasion moves are banned
|rule|Sleep Moves Clause: Sleep-inducing moves are banned
|clearpoke
|poke|p1|Porygon-Z|
|poke|p1|Ribombee, M|
|poke|p1|Ceruledge, M|
|poke|p1|Iron Treads|
|poke|p1|Iron Valiant|
|poke|p1|Gallade, M|
|poke|p2|Sableye, M|
|poke|p2|Kyurem|
|poke|p2|Azelf|
|poke|p2|Enamorus, F|
|poke|p2|Lucario, M|
|poke|p2|Arcanine-Hisui, M|
|teampreview
|inactive|Battle timer is ON: inactive players will automatically lose when time's up. (requested by ykykp)
|
|t:|1743875240
|start
|switch|p1a: Ribombee|Ribombee, M|100/100
|switch|p2a: Sableye|Sableye, M|100/100
|turn|1
|
|t:|1743875244
|move|p2a: Sableye|Taunt|p1a: Ribombee
|-start|p1a: Ribombee|move: Taunt
|cant|p1a: Ribombee|move: Taunt|Sticky Web
|
|upkeep
|turn|2
|
|t:|1743875257
|switch|p1a: Iron Treads|Iron Treads|100/100
|-enditem|p1a: Iron Treads|Booster Energy
|-activate|p1a: Iron Treads|ability: Quark Drive|[fromitem]
|-start|p1a: Iron Treads|quarkdriveatk
|move|p2a: Sableye|Light Screen|p2a: Sableye
|-sidestart|p2: emaytetehew|move: Light Screen
|
|upkeep
|turn|3
|
|t:|1743875262
|move|p2a: Sableye|Reflect|p2a: Sableye
|-sidestart|p2: emaytetehew|Reflect
|move|p1a: Iron Treads|Earthquake|p2a: Sableye
|-damage|p2a: Sableye|55/100
|
|upkeep
|turn|4
|
|t:|1743875284
|move|p1a: Iron Treads|Rapid Spin|p2a: Sableye
|-immune|p2a: Sableye
|move|p2a: Sableye|Knock Off|p1a: Iron Treads
|-damage|p1a: Iron Treads|85/100
|
|upkeep
|turn|5
|
|t:|1743875290
|move|p1a: Iron Treads|Earthquake|p2a: Sableye
|-damage|p2a: Sableye|8/100
|move|p2a: Sableye|Knock Off|p1a: Iron Treads
|-damage|p1a: Iron Treads|69/100
|
|upkeep
|turn|6
|
|t:|1743875297
|move|p1a: Iron Treads|Ice Spinner|p2a: Sableye
|-damage|p2a: Sableye|0 fnt
|faint|p2a: Sableye
|
|upkeep
|
|t:|1743875309
|switch|p2a: Kyurem|Kyurem|100/100
|-ability|p2a: Kyurem|Pressure
|turn|7
|
|t:|1743875318
|-end|p1a: Iron Treads|Quark Drive|[silent]
|switch|p1a: Ribombee|Ribombee, M|100/100
|move|p2a: Kyurem|Dragon Dance|p2a: Kyurem
|-boost|p2a: Kyurem|atk|1
|-boost|p2a: Kyurem|spe|1
|
|upkeep
|turn|8
|
|t:|1743875327
|move|p2a: Kyurem|Icicle Spear|p1a: Ribombee
|-damage|p1a: Ribombee|62/100
|-crit|p1a: Ribombee
|-damage|p1a: Ribombee|5/100
|-damage|p1a: Ribombee|0 fnt
|faint|p1a: Ribombee
|-hitcount|p1: Ribombee|3
|
|upkeep
|inactive|ykykp has 120 seconds left.
|
|t:|1743875370
|switch|p1a: Ceruledge|Ceruledge, M|100/100
|turn|9
|
|t:|1743875392
|move|p2a: Kyurem|Icicle Spear|p1a: Ceruledge
|-resisted|p1a: Ceruledge
|-damage|p1a: Ceruledge|86/100
|-resisted|p1a: Ceruledge
|-damage|p1a: Ceruledge|73/100
|-resisted|p1a: Ceruledge
|-damage|p1a: Ceruledge|59/100
|-resisted|p1a: Ceruledge
|-damage|p1a: Ceruledge|45/100
|-resisted|p1a: Ceruledge
|-damage|p1a: Ceruledge|31/100
|-hitcount|p1a: Ceruledge|5
|move|p1a: Ceruledge|Bitter Blade|p2a: Kyurem
|-damage|p2a: Kyurem|77/100
|-heal|p1a: Ceruledge|47/100|[from] drain|[of] p2a: Kyurem
|
|-sideend|p2: emaytetehew|move: Light Screen
|upkeep
|turn|10
|inactive|ykykp has 120 seconds left.
|
|t:|1743875415
|move|p1a: Ceruledge|Shadow Sneak|p2a: Kyurem
|-damage|p2a: Kyurem|65/100
|move|p2a: Kyurem|Dragon Dance|p2a: Kyurem
|-boost|p2a: Kyurem|atk|1
|-boost|p2a: Kyurem|spe|1
|
|-sideend|p2: emaytetehew|Reflect
|upkeep
|turn|11
|
|t:|1743875420
|move|p2a: Kyurem|Icicle Spear|p1a: Ceruledge
|-resisted|p1a: Ceruledge
|-damage|p1a: Ceruledge|29/100
|-resisted|p1a: Ceruledge
|-damage|p1a: Ceruledge|10/100
|-resisted|p1a: Ceruledge
|-damage|p1a: Ceruledge|0 fnt
|faint|p1a: Ceruledge
|-hitcount|p1: Ceruledge|3
|
|upkeep
|-message|ykykp forfeited.
|
|win|emaytetehew
|raw|ykykp's rating: 1456 &rarr; <strong>1436</strong><br />(-20 for losing)
|raw|emaytetehew's rating: 1462 &rarr; <strong>1482</strong><br />(+20 for winning)
|l|☆ykykp
|player|p1|
|l|☆emaytetehew
|player|p2|
