|j|☆twistmebabe
|j|☆cat3039
|t:|1743860625
|gametype|singles
|player|p1|twistmebabe|wallace|1395
|player|p2|cat3039|ltsurge|1460
|teamsize|p1|6
|teamsize|p2|6
|gen|9
|tier|[Gen 9] OU
|rated|
|rule|HP Percentage Mod: HP is shown in percentages
|rule|Endless Battle Clause: Forcing endless battles is banned
|rule|Species Clause: Limit one of each Pokémon
|rule|OHKO Clause: OHKO moves are banned
|rule|Evasion Items Clause: Evasion items are banned
|rule|Evasion Moves Clause: Evasion moves are banned
|rule|Sleep Moves Clause: Sleep-inducing moves are banned
|clearpoke
|poke|p1|Ninetales, M|
|poke|p1|Walking Wake|
|poke|p1|Leavanny, M|
|poke|p1|Great Tusk|
|poke|p1|Iron Moth|
|poke|p1|Ceruledge, F|
|poke|p2|Great Tusk|
|poke|p2|Ninetales, M|
|poke|p2|Whimsicott, F|
|poke|p2|Walking Wake|
|poke|p2|Iron Moth|
|poke|p2|Comfey, F|
|teampreview
|inactive|Battle timer is ON: inactive players will automatically lose when time's up. (requested by twistmebabe)
|inactive|cat3039 also wants the timer to be on.
|j| Vargi
|l| Vargi
|
|t:|1743860639
|start
|switch|p1a: Iron Moth|Iron Moth, shiny|100/100
|switch|p2a: Great Tusk|Great Tusk|100/100
|-enditem|p1a: Iron Moth|Booster Energy
|-activate|p1a: Iron Moth|ability: Quark Drive|[fromitem]
|-start|p1a: Iron Moth|quarkdrivespa
|turn|1
|
|t:|1743860656
|-end|p2a: Great Tusk|Protosynthesis|[silent]
|switch|p2a: Ninetales|Ninetales, M|100/100
|-weather|SunnyDay|[from] ability: Drought|[of] p2a: Ninetales
|move|p1a: Iron Moth|Energy Ball|p2a: Ninetales
|-resisted|p2a: Ninetales
|-damage|p2a: Ninetales|79/100
|
|-weather|SunnyDay|[upkeep]
|upkeep
|turn|2
|
|t:|1743860673
|move|p1a: Iron Moth|Fiery Dance|p2a: Ninetales
|-resisted|p2a: Ninetales
|-damage|p2a: Ninetales|38/100
|move|p2a: Ninetales|Weather Ball|p1a: Iron Moth
|-resisted|p1a: Iron Moth
|-damage|p1a: Iron Moth|80/100
|
|-weather|SunnyDay|[upkeep]
|upkeep
|turn|3
|
|t:|1743860683
|switch|p2a: Walking Wake|Walking Wake|100/100
|-activate|p2a: Walking Wake|ability: Protosynthesis
|-start|p2a: Walking Wake|protosynthesisspe
|move|p1a: Iron Moth|Fiery Dance|p2a: Walking Wake
|-resisted|p2a: Walking Wake
|-damage|p2a: Walking Wake|75/100
|-boost|p1a: Iron Moth|spa|1
|
|-weather|SunnyDay|[upkeep]
|upkeep
|turn|4
|
|t:|1743860713
|-end|p1a: Iron Moth|Quark Drive|[silent]
|switch|p1a: Ninetales|Ninetales, M, shiny|100/100
|move|p2a: Walking Wake|Hydro Steam|p1a: Ninetales
|-supereffective|p1a: Ninetales
|-damage|p1a: Ninetales|0 fnt
|faint|p1a: Ninetales
|
|-weather|SunnyDay|[upkeep]
|upkeep
|
|t:|1743860722
|switch|p1a: Leavanny|Leavanny, M, shiny|100/100
|turn|5
|
|t:|1743860732
|-end|p2a: Walking Wake|Protosynthesis|[silent]
|switch|p2a: Whimsicott|Whimsicott, F|100/100
|move|p1a: Leavanny|Sticky Web|p2a: Whimsicott
|-sidestart|p2: cat3039|move: Sticky Web
|
|-weather|SunnyDay|[upkeep]
|upkeep
|turn|6
|
|t:|1743860743
|move|p1a: Leavanny|Triple Axel|p2a: Whimsicott
|-supereffective|p2a: Whimsicott
|-damage|p2a: Whimsicott|87/100
|-hitcount|p2a: Whimsicott|1
|move|p2a: Whimsicott|Moonblast|p1a: Leavanny
|-damage|p1a: Leavanny|56/100
|-unboost|p1a: Leavanny|spa|1
|-enditem|p1a: Leavanny|Eject Pack
|
|t:|1743860757
|switch|p1a: Iron Moth|Iron Moth, shiny|80/100
|
|-weather|SunnyDay|[upkeep]
|upkeep
|turn|7
|inactive|cat3039 has 120 seconds left.
|
|t:|1743860797
|move|p1a: Iron Moth|Fiery Dance|p2a: Whimsicott
|-supereffective|p2a: Whimsicott
|-damage|p2a: Whimsicott|0 fnt
|-boost|p1a: Iron Moth|spa|1
|faint|p2a: Whimsicott
|
|-weather|SunnyDay|[upkeep]
|upkeep
|inactive|cat3039 has 90 seconds left.
|
|t:|1743860835
|switch|p2a: Great Tusk|Great Tusk|100/100
|-activate|p2a: Great Tusk|move: Sticky Web
|-unboost|p2a: Great Tusk|spe|1
|-activate|p2a: Great Tusk|ability: Protosynthesis
|-start|p2a: Great Tusk|protosynthesisatk
|turn|8
|inactive|cat3039 has 90 seconds left.
|
|t:|1743860843
|-terastallize|p2a: Great Tusk|Steel
|move|p1a: Iron Moth|Energy Ball|p2a: Great Tusk
|-resisted|p2a: Great Tusk
|-damage|p2a: Great Tusk|61/100
|move|p2a: Great Tusk|Rapid Spin|p1a: Iron Moth
|-damage|p1a: Iron Moth|42/100
|-boost|p2a: Great Tusk|spe|1
|-sideend|p2: cat3039|Sticky Web|[from] move: Rapid Spin|[of] p2a: Great Tusk
|
|-weather|none
|-end|p2a: Great Tusk|Protosynthesis
|upkeep
|turn|9
|inactive|cat3039 has 90 seconds left.
|
|t:|1743860863
|-end|p2a: Great Tusk|Protosynthesis|[silent]
|switch|p2a: Ninetales|Ninetales, M|38/100
|-weather|SunnyDay|[from] ability: Drought|[of] p2a: Ninetales
|move|p1a: Iron Moth|Fiery Dance|p2a: Ninetales
|-resisted|p2a: Ninetales
|-damage|p2a: Ninetales|0 fnt
|-boost|p1a: Iron Moth|spa|1
|faint|p2a: Ninetales
|
|-weather|SunnyDay|[upkeep]
|upkeep
|
|t:|1743860868
|switch|p2a: Walking Wake|Walking Wake|75/100
|-activate|p2a: Walking Wake|ability: Protosynthesis
|-start|p2a: Walking Wake|protosynthesisspe
|turn|10
|
|t:|1743860879
|move|p2a: Walking Wake|Hydro Steam|p1a: Iron Moth
|-supereffective|p1a: Iron Moth
|-damage|p1a: Iron Moth|0 fnt
|faint|p1a: Iron Moth
|-end|p1a: Iron Moth|Quark Drive|[silent]
|
|-weather|SunnyDay|[upkeep]
|upkeep
|
|t:|1743860884
|switch|p1a: Leavanny|Leavanny, M, shiny|56/100
|turn|11
|inactive|cat3039 has 90 seconds left.
|
|t:|1743860891
|move|p1a: Leavanny|Sticky Web|p2a: Walking Wake
|-sidestart|p2: cat3039|move: Sticky Web
|move|p2a: Walking Wake|Hydro Steam|p1a: Leavanny
|-resisted|p1a: Leavanny
|-damage|p1a: Leavanny|0 fnt
|faint|p1a: Leavanny
|
|-weather|SunnyDay|[upkeep]
|upkeep
|
|t:|1743860908
|switch|p1a: Walking Wake|Walking Wake|100/100
|-activate|p1a: Walking Wake|ability: Protosynthesis
|-start|p1a: Walking Wake|protosynthesisspa
|turn|12
|
|t:|1743860918
|-end|p2a: Walking Wake|Protosynthesis|[silent]
|switch|p2a: Comfey|Comfey, F|100/100
|-activate|p2a: Comfey|move: Sticky Web
|-unboost|p2a: Comfey|spe|1
|move|p1a: Walking Wake|Draco Meteor|p2a: Comfey
|-immune|p2a: Comfey
|
|-weather|SunnyDay|[upkeep]
|upkeep
|turn|13
|
|t:|1743860934
|-end|p1a: Walking Wake|Protosynthesis|[silent]
|switch|p1a: Ceruledge|Ceruledge, F, shiny|100/100
|move|p2a: Comfey|Growth|p2a: Comfey
|-boost|p2a: Comfey|atk|2
|-boost|p2a: Comfey|spa|2
|
|-weather|SunnyDay|[upkeep]
|upkeep
|turn|14
|inactive|cat3039 has 90 seconds left.
|
|t:|1743860950
|move|p1a: Ceruledge|Bitter Blade|p2a: Comfey
|-damage|p2a: Comfey|4/100
|move|p2a: Comfey|Stored Power|p1a: Ceruledge
|-damage|p1a: Ceruledge|36/100
|
|-weather|SunnyDay|[upkeep]
|-heal|p2a: Comfey|10/100|[from] item: Leftovers
|upkeep
|turn|15
|inactive|cat3039 has 90 seconds left.
|
|t:|1743860964
|move|p2a: Comfey|Draining Kiss|p1a: Ceruledge
|-resisted|p1a: Ceruledge
|-damage|p1a: Ceruledge|10/100
|-heal|p2a: Comfey|29/100|[from] drain|[of] p1a: Ceruledge
|move|p1a: Ceruledge|Shadow Sneak|p2a: Comfey
|-damage|p2a: Comfey|0 fnt
|faint|p2a: Comfey
|
|-weather|SunnyDay|[upkeep]
|upkeep
|inactive|cat3039 has 90 seconds left.
|
|t:|1743860976
|switch|p2a: Iron Moth|Iron Moth|100/100
|-activate|p2a: Iron Moth|move: Sticky Web
|-unboost|p2a: Iron Moth|spe|1
|-enditem|p2a: Iron Moth|Booster Energy
|-activate|p2a: Iron Moth|ability: Quark Drive|[fromitem]
|-start|p2a: Iron Moth|quarkdrivespa
|turn|16
|inactive|cat3039 has 90 seconds left.
|
|t:|1743860987
|move|p1a: Ceruledge|Bitter Blade|p2a: Iron Moth
|-resisted|p2a: Iron Moth
|-damage|p2a: Iron Moth|47/100
|-heal|p1a: Ceruledge|38/100|[from] drain|[of] p2a: Iron Moth
|move|p2a: Iron Moth|Substitute|p2a: Iron Moth
|-start|p2a: Iron Moth|Substitute
|-damage|p2a: Iron Moth|22/100
|
|-weather|none
|upkeep
|turn|17
|inactive|cat3039 has 90 seconds left.
|
|t:|1743860995
|move|p1a: Ceruledge|Bitter Blade|p2a: Iron Moth
|-resisted|p2a: Iron Moth
|-end|p2a: Iron Moth|Substitute
|-heal|p1a: Ceruledge|51/100|[from] drain|[of] p2a: Iron Moth
|move|p2a: Iron Moth|Sludge Wave|p1a: Ceruledge
|-resisted|p1a: Ceruledge
|-damage|p1a: Ceruledge|14/100
|
|upkeep
|turn|18
|
|t:|1743861005
|move|p1a: Ceruledge|Bitter Blade|p2a: Iron Moth
|-resisted|p2a: Iron Moth
|-damage|p2a: Iron Moth|0 fnt
|-heal|p1a: Ceruledge|25/100|[from] drain|[of] p2a: Iron Moth
|faint|p2a: Iron Moth
|-end|p2a: Iron Moth|Quark Drive|[silent]
|
|upkeep
|
|t:|1743861010
|switch|p2a: Walking Wake|Walking Wake|75/100
|-activate|p2a: Walking Wake|move: Sticky Web
|-unboost|p2a: Walking Wake|spe|1
|turn|19
|
|t:|1743861026
|move|p1a: Ceruledge|Bitter Blade|p2a: Walking Wake
|-resisted|p2a: Walking Wake
|-damage|p2a: Walking Wake|61/100
|-heal|p1a: Ceruledge|33/100|[from] drain|[of] p2a: Walking Wake
|move|p2a: Walking Wake|Hydro Steam|p1a: Ceruledge
|-supereffective|p1a: Ceruledge
|-damage|p1a: Ceruledge|0 fnt
|faint|p1a: Ceruledge
|
|upkeep
|
|t:|1743861033
|switch|p1a: Walking Wake|Walking Wake|100/100
|turn|20
|
|t:|1743861039
|-end|p2a: Walking Wake|Protosynthesis|[silent]
|switch|p2a: Great Tusk|Great Tusk, tera:Steel|61/100
|-activate|p2a: Great Tusk|move: Sticky Web
|-unboost|p2a: Great Tusk|spe|1
|move|p1a: Walking Wake|Dragon Pulse|p2a: Great Tusk
|-resisted|p2a: Great Tusk
|-damage|p2a: Great Tusk|4/100
|
|upkeep
|turn|21
|
|t:|1743861049
|move|p1a: Walking Wake|Dragon Pulse|p2a: Great Tusk
|-resisted|p2a: Great Tusk
|-damage|p2a: Great Tusk|0 fnt
|faint|p2a: Great Tusk
|-end|p2a: Great Tusk|Protosynthesis|[silent]
|
|upkeep
|
|t:|1743861051
|switch|p2a: Walking Wake|Walking Wake|61/100
|-activate|p2a: Walking Wake|move: Sticky Web
|-unboost|p2a: Walking Wake|spe|1
|turn|22
|
|t:|1743861054
|move|p1a: Walking Wake|Dragon Pulse|p2a: Walking Wake
|-supereffective|p2a: Walking Wake
|-damage|p2a: Walking Wake|0 fnt
|faint|p2a: Walking Wake
|-end|p2a: Walking Wake|Protosynthesis|[silent]
|
|win|twistmebabe
|raw|twistmebabe's rating: 1395 &rarr; <strong>1419</strong><br />(+24 for winning)
|raw|cat3039's rating: 1460 &rarr; <strong>1436</strong><br />(-24 for losing)
|l|☆cat3039
|player|p2|
|l|☆twistmebabe
|player|p1|
