|j|☆Neleixys
|j|☆FittedCrib04
|t:|1743871260
|gametype|singles
|player|p1|Neleixys|parasollady-gen4|1407
|player|p2|FittedCrib04|wallace|1451
|teamsize|p1|6
|teamsize|p2|6
|gen|9
|tier|[Gen 9] OU
|rated|
|rule|HP Percentage Mod: HP is shown in percentages
|rule|Endless Battle Clause: Forcing endless battles is banned
|rule|Species Clause: Limit one of each Pokémon
|rule|OHKO Clause: OHKO moves are banned
|rule|Evasion Items Clause: Evasion items are banned
|rule|Evasion Moves Clause: Evasion moves are banned
|rule|Sleep Moves Clause: Sleep-inducing moves are banned
|clearpoke
|poke|p1|Cinderace, F|
|poke|p1|Manaphy|
|poke|p1|Uxie|
|poke|p1|Gholdengo|
|poke|p1|Raging Bolt|
|poke|p1|Meowscarada, F|
|poke|p2|Suicune|
|poke|p2|Corviknight, M|
|poke|p2|Cresselia, F|
|poke|p2|Darkrai|
|poke|p2|Meowscarada, F|
|poke|p2|Skeledirge, M|
|teampreview
|inactive|Battle timer is ON: inactive players will automatically lose when time's up. (requested by Neleixys)
|
|t:|1743871269
|start
|switch|p1a: Uxie|Uxie|100/100
|switch|p2a: Meowscarada|Meowscarada, F|100/100
|turn|1
|
|t:|1743871277
|move|p2a: Meowscarada|Toxic Spikes|p1a: Uxie
|-sidestart|p1: Neleixys|move: Toxic Spikes
|move|p1a: Uxie|Thunder Wave|p2a: Meowscarada
|-status|p2a: Meowscarada|par
|
|upkeep
|turn|2
|
|t:|1743871285
|switch|p2a: The Indomitable|Suicune|100/100
|-ability|p2a: The Indomitable|Pressure
|move|p1a: Uxie|Reflect|p1a: Uxie
|-sidestart|p1: Neleixys|Reflect
|
|upkeep
|turn|3
|
|t:|1743871291
|switch|p2a: Meowscarada|Meowscarada, F|100/100 par
|move|p1a: Uxie|Thunder Wave|p2a: Meowscarada
|-fail|p2a: Meowscarada|par
|
|upkeep
|turn|4
|
|t:|1743871302
|cant|p2a: Meowscarada|par
|move|p1a: Uxie|Light Screen|p1a: Uxie
|-sidestart|p1: Neleixys|move: Light Screen
|
|upkeep
|turn|5
|
|t:|1743871315
|move|p2a: Meowscarada|Toxic Spikes|p1a: Uxie
|-sidestart|p1: Neleixys|move: Toxic Spikes
|move|p1a: Uxie|Memento|p2a: Meowscarada
|-unboost|p2a: Meowscarada|atk|2
|-unboost|p2a: Meowscarada|spa|2
|faint|p1a: Uxie
|
|upkeep
|
|t:|1743871325
|switch|p1a: Cinderace|Cinderace, F|100/100
|turn|6
|
|t:|1743871332
|switch|p2a: The Indomitable|Suicune|100/100
|-ability|p2a: The Indomitable|Pressure
|move|p1a: Cinderace|Bulk Up|p1a: Cinderace
|-boost|p1a: Cinderace|atk|1
|-boost|p1a: Cinderace|def|1
|
|upkeep
|turn|7
|
|t:|1743871341
|move|p1a: Cinderace|High Jump Kick|p2a: The Indomitable
|-damage|p2a: The Indomitable|52/100
|move|p2a: The Indomitable|Substitute|p2a: The Indomitable
|-start|p2a: The Indomitable|Substitute
|-damage|p2a: The Indomitable|27/100
|
|-heal|p2a: The Indomitable|34/100|[from] item: Leftovers
|upkeep
|turn|8
|
|t:|1743871350
|move|p2a: The Indomitable|Protect|p2a: The Indomitable
|-singleturn|p2a: The Indomitable|Protect
|move|p1a: Cinderace|High Jump Kick|p2a: The Indomitable
|-activate|p2a: The Indomitable|move: Protect
|-damage|p1a: Cinderace|51/100|[from] highjumpkick
|
|-heal|p2a: The Indomitable|40/100|[from] item: Leftovers
|upkeep
|turn|9
|
|t:|1743871359
|move|p1a: Cinderace|Zen Headbutt|p2a: The Indomitable
|-end|p2a: The Indomitable|Substitute
|move|p2a: The Indomitable|Scald|p1a: Cinderace
|-supereffective|p1a: Cinderace
|-damage|p1a: Cinderace|14/100
|
|-heal|p2a: The Indomitable|46/100|[from] item: Leftovers
|-sideend|p1: Neleixys|Reflect
|upkeep
|turn|10
|
|t:|1743871370
|move|p2a: The Indomitable|Protect|p2a: The Indomitable
|-singleturn|p2a: The Indomitable|Protect
|move|p1a: Cinderace|Zen Headbutt|p2a: The Indomitable
|-activate|p2a: The Indomitable|move: Protect
|
|-heal|p2a: The Indomitable|52/100|[from] item: Leftovers
|upkeep
|turn|11
|
|t:|1743871384
|move|p1a: Cinderace|Zen Headbutt|p2a: The Indomitable
|-damage|p2a: The Indomitable|24/100
|cant|p2a: The Indomitable|flinch
|
|-heal|p2a: The Indomitable|30/100|[from] item: Leftovers
|-sideend|p1: Neleixys|move: Light Screen
|upkeep
|turn|12
|
|t:|1743871393
|move|p2a: The Indomitable|Protect|p2a: The Indomitable
|-singleturn|p2a: The Indomitable|Protect
|move|p1a: Cinderace|Zen Headbutt|p2a: The Indomitable
|-activate|p2a: The Indomitable|move: Protect
|
|-heal|p2a: The Indomitable|37/100|[from] item: Leftovers
|upkeep
|turn|13
|
|t:|1743871400
|switch|p2a: The Unbothered|Skeledirge, M|100/100
|move|p1a: Cinderace|High Jump Kick|p2a: The Unbothered
|-immune|p2a: The Unbothered
|-damage|p1a: Cinderace|0 fnt|[from] highjumpkick
|faint|p1a: Cinderace
|
|upkeep
|
|t:|1743871410
|switch|p1a: Manaphy|Manaphy|100/100
|-status|p1a: Manaphy|tox
|turn|14
|
|t:|1743871419
|switch|p2a: The Indomitable|Suicune|37/100
|-ability|p2a: The Indomitable|Pressure
|move|p1a: Manaphy|Tail Glow|p1a: Manaphy
|-boost|p1a: Manaphy|spa|3
|
|-heal|p2a: The Indomitable|43/100|[from] item: Leftovers
|-damage|p1a: Manaphy|94/100 tox|[from] psn
|upkeep
|turn|15
|
|t:|1743871429
|switch|p2a: The Light|Cresselia, F|100/100
|move|p1a: Manaphy|Energy Ball|p2a: The Light
|-damage|p2a: The Light|59/100
|
|-damage|p1a: Manaphy|82/100 tox|[from] psn
|upkeep
|turn|16
|
|t:|1743871444
|move|p2a: The Light|Trick|p1a: Manaphy
|-activate|p2a: The Light|move: Trick|[of] p1a: Manaphy
|-item|p1a: Manaphy|Choice Scarf|[from] move: Trick
|-item|p2a: The Light|Salac Berry|[from] move: Trick
|move|p1a: Manaphy|Surf|p2a: The Light
|-damage|p2a: The Light|0 fnt
|faint|p2a: The Light
|
|-damage|p1a: Manaphy|63/100 tox|[from] psn
|upkeep
|
|t:|1743871453
|switch|p2a: Meowscarada|Meowscarada, F|100/100 par
|turn|17
|
|t:|1743871462
|switch|p1a: Gholdengo|Gholdengo|100/100
|-item|p1a: Gholdengo|Air Balloon
|move|p2a: Meowscarada|Flower Trick|p1a: Gholdengo
|-resisted|p1a: Gholdengo
|-crit|p1a: Gholdengo
|-damage|p1a: Gholdengo|75/100
|-enditem|p1a: Gholdengo|Air Balloon
|
|upkeep
|turn|18
|
|t:|1743871476
|switch|p2a: The Menace|Darkrai|100/100
|move|p1a: Gholdengo|Nasty Plot|p1a: Gholdengo
|-boost|p1a: Gholdengo|spa|2
|
|upkeep
|turn|19
|
|t:|1743871485
|-terastallize|p1a: Gholdengo|Fairy
|move|p2a: The Menace|Dark Pulse|p1a: Gholdengo
|-resisted|p1a: Gholdengo
|-damage|p1a: Gholdengo|48/100
|move|p1a: Gholdengo|Make It Rain|p2a: The Menace
|-damage|p2a: The Menace|0 fnt
|-unboost|p1a: Gholdengo|spa|1
|faint|p2a: The Menace
|
|upkeep
|
|t:|1743871490
|switch|p2a: The Unbothered|Skeledirge, M|100/100
|turn|20
|
|t:|1743871498
|move|p1a: Gholdengo|Shadow Ball|p2a: The Unbothered
|-supereffective|p2a: The Unbothered
|-damage|p2a: The Unbothered|34/100
|move|p2a: The Unbothered|Torch Song|p1a: Gholdengo
|-damage|p1a: Gholdengo|13/100
|-boost|p2a: The Unbothered|spa|1
|
|upkeep
|turn|21
|
|t:|1743871508
|-terastallize|p2a: The Unbothered|Water
|move|p1a: Gholdengo|Shadow Ball|p2a: The Unbothered
|-damage|p2a: The Unbothered|5/100
|move|p2a: The Unbothered|Slack Off|p2a: The Unbothered
|-heal|p2a: The Unbothered|55/100
|
|upkeep
|turn|22
|
|t:|1743871517
|move|p1a: Gholdengo|Psyshock|p2a: The Unbothered
|-damage|p2a: The Unbothered|30/100
|move|p2a: The Unbothered|Slack Off|p2a: The Unbothered
|-heal|p2a: The Unbothered|80/100
|
|upkeep
|turn|23
|
|t:|1743871524
|move|p1a: Gholdengo|Nasty Plot|p1a: Gholdengo
|-boost|p1a: Gholdengo|spa|2
|move|p2a: The Unbothered|Slack Off|p2a: The Unbothered
|-heal|p2a: The Unbothered|100/100
|
|upkeep
|turn|24
|
|t:|1743871530
|move|p1a: Gholdengo|Shadow Ball|p2a: The Unbothered
|-damage|p2a: The Unbothered|71/100
|move|p2a: The Unbothered|Torch Song|p1a: Gholdengo
|-damage|p1a: Gholdengo|0 fnt
|-boost|p2a: The Unbothered|spa|1
|faint|p1a: Gholdengo
|
|upkeep
|
|t:|1743871538
|switch|p1a: Meowscarada|Meowscarada, F|100/100
|-status|p1a: Meowscarada|tox
|turn|25
|
|t:|1743871558
|switch|p2a: The Replacement|Corviknight, M|100/100
|-ability|p2a: The Replacement|Pressure
|move|p1a: Meowscarada|Hone Claws|p1a: Meowscarada
|-boost|p1a: Meowscarada|atk|1
|-boost|p1a: Meowscarada|accuracy|1
|
|-damage|p1a: Meowscarada|94/100 tox|[from] psn
|upkeep
|turn|26
|
|t:|1743871568
|move|p1a: Meowscarada|Throat Chop|p2a: The Replacement
|-damage|p2a: The Replacement|67/100
|-start|p2a: The Replacement|Throat Chop|[silent]
|-damage|p1a: Meowscarada|78/100 tox|[from] item: Rocky Helmet|[of] p2a: The Replacement
|move|p2a: The Replacement|Brave Bird|p1a: Meowscarada
|-supereffective|p1a: Meowscarada
|-damage|p1a: Meowscarada|0 fnt
|faint|p1a: Meowscarada
|-damage|p2a: The Replacement|48/100|[from] Recoil
|
|upkeep
|
|t:|1743871576
|switch|p1a: Raging Bolt|Raging Bolt|100/100
|-status|p1a: Raging Bolt|tox
|-enditem|p1a: Raging Bolt|Booster Energy
|-activate|p1a: Raging Bolt|ability: Protosynthesis|[fromitem]
|-start|p1a: Raging Bolt|protosynthesisspa
|turn|27
|
|t:|1743871590
|move|p1a: Raging Bolt|Thunderbolt|p2a: The Replacement
|-supereffective|p2a: The Replacement
|-damage|p2a: The Replacement|0 fnt
|faint|p2a: The Replacement
|
|-damage|p1a: Raging Bolt|94/100 tox|[from] psn
|upkeep
|
|t:|1743871593
|switch|p2a: The Indomitable|Suicune|43/100
|-ability|p2a: The Indomitable|Pressure
|turn|28
|
|t:|1743871599
|move|p2a: The Indomitable|Protect|p2a: The Indomitable
|-singleturn|p2a: The Indomitable|Protect
|move|p1a: Raging Bolt|Thunderbolt|p2a: The Indomitable
|-activate|p2a: The Indomitable|move: Protect
|
|-heal|p2a: The Indomitable|49/100|[from] item: Leftovers
|-damage|p1a: Raging Bolt|82/100 tox|[from] psn
|upkeep
|turn|29
|
|t:|1743871607
|switch|p2a: Meowscarada|Meowscarada, F|100/100 par
|move|p1a: Raging Bolt|Thunderbolt|p2a: Meowscarada
|-resisted|p2a: Meowscarada
|-damage|p2a: Meowscarada|39/100 par
|
|-damage|p1a: Raging Bolt|64/100 tox|[from] psn
|upkeep
|turn|30
|
|t:|1743871615
|move|p2a: Meowscarada|Knock Off|p1a: Raging Bolt
|-damage|p1a: Raging Bolt|38/100 tox
|move|p1a: Raging Bolt|Dragon Pulse|p2a: Meowscarada
|-damage|p2a: Meowscarada|0 fnt
|faint|p2a: Meowscarada
|
|-damage|p1a: Raging Bolt|14/100 tox|[from] psn
|upkeep
|
|t:|1743871623
|switch|p2a: The Indomitable|Suicune|49/100
|-ability|p2a: The Indomitable|Pressure
|turn|31
|
|t:|1743871629
|move|p2a: The Indomitable|Protect|p2a: The Indomitable
|-singleturn|p2a: The Indomitable|Protect
|move|p1a: Raging Bolt|Thunderclap||[still]
|-fail|p1a: Raging Bolt
|
|-heal|p2a: The Indomitable|55/100|[from] item: Leftovers
|-damage|p1a: Raging Bolt|0 fnt|[from] psn
|faint|p1a: Raging Bolt
|-end|p1a: Raging Bolt|Protosynthesis|[silent]
|upkeep
|
|t:|1743871636
|switch|p1a: Manaphy|Manaphy|63/100 tox
|turn|32
|
|t:|1743871645
|move|p1a: Manaphy|Energy Ball|p2a: The Indomitable
|-supereffective|p2a: The Indomitable
|-crit|p2a: The Indomitable
|-damage|p2a: The Indomitable|13/100
|move|p2a: The Indomitable|Scald|p1a: Manaphy
|-resisted|p1a: Manaphy
|-damage|p1a: Manaphy|51/100 tox
|
|-heal|p2a: The Indomitable|19/100|[from] item: Leftovers
|-damage|p1a: Manaphy|45/100 tox|[from] psn
|upkeep
|turn|33
|
|t:|1743871656
|switch|p2a: The Unbothered|Skeledirge, M, tera:Water|71/100
|move|p1a: Manaphy|Energy Ball|p2a: The Unbothered
|-supereffective|p2a: The Unbothered
|-damage|p2a: The Unbothered|32/100
|
|-damage|p1a: Manaphy|33/100 tox|[from] psn
|upkeep
|turn|34
|
|t:|1743871664
|move|p1a: Manaphy|Energy Ball|p2a: The Unbothered
|-supereffective|p2a: The Unbothered
|-damage|p2a: The Unbothered|0 fnt
|faint|p2a: The Unbothered
|
|-damage|p1a: Manaphy|14/100 tox|[from] psn
|upkeep
|
|t:|1743871670
|switch|p2a: The Indomitable|Suicune|19/100
|-ability|p2a: The Indomitable|Pressure
|turn|35
|
|t:|1743871674
|move|p2a: The Indomitable|Protect|p2a: The Indomitable
|-singleturn|p2a: The Indomitable|Protect
|move|p1a: Manaphy|Energy Ball|p2a: The Indomitable
|-activate|p2a: The Indomitable|move: Protect
|
|-heal|p2a: The Indomitable|25/100|[from] item: Leftovers
|-damage|p1a: Manaphy|0 fnt|[from] psn
|faint|p1a: Manaphy
|
|win|FittedCrib04
|raw|Neleixys's rating: 1407 &rarr; <strong>1390</strong><br />(-17 for losing)
|raw|FittedCrib04's rating: 1451 &rarr; <strong>1468</strong><br />(+17 for winning)
|l|☆Neleixys
|player|p1|
|l|☆FittedCrib04
|player|p2|
