|j|☆Cabrollins27
|j|☆arj.uno
|t:|1743871471
|gametype|singles
|player|p1|Cabrollins27|101|1164
|player|p2|arj.uno|doctor|1212
|teamsize|p1|6
|teamsize|p2|6
|gen|9
|tier|[Gen 9] OU
|rated|
|rule|HP Percentage Mod: HP is shown in percentages
|rule|Endless Battle Clause: Forcing endless battles is banned
|rule|Species Clause: Limit one of each Pokémon
|rule|OHKO Clause: OHKO moves are banned
|rule|Evasion Items Clause: Evasion items are banned
|rule|Evasion Moves Clause: Evasion moves are banned
|rule|Sleep Moves Clause: Sleep-inducing moves are banned
|clearpoke
|poke|p1|Kingambit, F|
|poke|p1|Gholdengo|
|poke|p1|Gliscor, F|
|poke|p1|Clefable, M|
|poke|p1|Kyurem|
|poke|p1|Iron Moth|
|poke|p2|Serperior, M|
|poke|p2|Quaquaval, M|
|poke|p2|Clefable, F|
|poke|p2|Tauros, M|
|poke|p2|Heracross, M|
|poke|p2|Skeledirge, M|
|teampreview
|inactive|Battle timer is ON: inactive players will automatically lose when time's up. (requested by Cabrollins27)
|
|t:|1743871485
|start
|switch|p1a: Kyurem|Kyurem|100/100
|switch|p2a: Clefable|Clefable, F|100/100
|-ability|p1a: Kyurem|Pressure
|turn|1
|
|t:|1743871495
|switch|p1a: Gholdengo|Gholdengo|100/100
|-item|p1a: Gholdengo|Air Balloon
|move|p2a: Clefable|Thunder Wave|p1a: Gholdengo
|-immune|p1a: Gholdengo|[from] ability: Good as Gold
|
|upkeep
|turn|2
|
|t:|1743871503
|move|p1a: Gholdengo|Nasty Plot|p1a: Gholdengo
|-boost|p1a: Gholdengo|spa|2
|move|p2a: Clefable|Stealth Rock|p1a: Gholdengo
|-sidestart|p1: Cabrollins27|move: Stealth Rock
|
|upkeep
|turn|3
|
|t:|1743871511
|move|p1a: Gholdengo|Shadow Ball|p2a: Clefable
|-damage|p2a: Clefable|27/100
|-unboost|p2a: Clefable|spd|1
|move|p2a: Clefable|Alluring Voice|p1a: Gholdengo
|-resisted|p1a: Gholdengo
|-damage|p1a: Gholdengo|88/100
|-enditem|p1a: Gholdengo|Air Balloon
|
|-heal|p2a: Clefable|33/100|[from] item: Leftovers
|upkeep
|turn|4
|
|t:|1743871521
|move|p1a: Gholdengo|Shadow Ball|p2a: Clefable
|-damage|p2a: Clefable|0 fnt
|faint|p2a: Clefable
|
|upkeep
|
|t:|1743871529
|switch|p2a: Skeledirge|Skeledirge, M|100/100
|turn|5
|
|t:|1743871535
|-terastallize|p2a: Skeledirge|Fairy
|move|p1a: Gholdengo|Shadow Ball|p2a: Skeledirge
|-damage|p2a: Skeledirge|58/100
|move|p2a: Skeledirge|Torch Song|p1a: Gholdengo
|-supereffective|p1a: Gholdengo
|-damage|p1a: Gholdengo|20/100
|-boost|p2a: Skeledirge|spa|1
|
|-heal|p2a: Skeledirge|64/100|[from] item: Leftovers
|upkeep
|turn|6
|
|t:|1743871546
|move|p1a: Gholdengo|Make It Rain|p2a: Skeledirge
|-supereffective|p2a: Skeledirge
|-damage|p2a: Skeledirge|0 fnt
|-unboost|p1a: Gholdengo|spa|1
|faint|p2a: Skeledirge
|
|upkeep
|
|t:|1743871548
|switch|p2a: Serperior|Serperior, M|100/100
|turn|7
|
|t:|1743871554
|move|p2a: Serperior|Leaf Storm|p1a: Gholdengo
|-resisted|p1a: Gholdengo
|-damage|p1a: Gholdengo|0 fnt
|-boost|p2a: Serperior|spa|2
|faint|p1a: Gholdengo
|
|upkeep
|
|t:|1743871566
|switch|p1a: Iron Moth|Iron Moth|100/100
|-damage|p1a: Iron Moth|76/100|[from] Stealth Rock
|-enditem|p1a: Iron Moth|Booster Energy
|-activate|p1a: Iron Moth|ability: Quark Drive|[fromitem]
|-start|p1a: Iron Moth|quarkdrivespa
|turn|8
|
|t:|1743871572
|move|p2a: Serperior|Gastro Acid|p1a: Iron Moth
|-endability|p1a: Iron Moth
|-end|p1a: Iron Moth|Quark Drive|[silent]
|move|p1a: Iron Moth|Fiery Dance|p2a: Serperior
|-supereffective|p2a: Serperior
|-damage|p2a: Serperior|0 fnt
|-boost|p1a: Iron Moth|spa|1
|faint|p2a: Serperior
|
|upkeep
|
|t:|1743871575
|switch|p2a: Quaquaval|Quaquaval, M|100/100
|turn|9
|
|t:|1743871581
|move|p1a: Iron Moth|Energy Ball|p2a: Quaquaval
|-supereffective|p2a: Quaquaval
|-damage|p2a: Quaquaval|0 fnt
|faint|p2a: Quaquaval
|
|upkeep
|
|t:|1743871585
|switch|p2a: Heracross|Heracross, M|100/100
|turn|10
|
|t:|1743871588
|move|p1a: Iron Moth|Fiery Dance|p2a: Heracross
|-supereffective|p2a: Heracross
|-damage|p2a: Heracross|0 fnt
|faint|p2a: Heracross
|
|upkeep
|
|t:|1743871590
|switch|p2a: Tauros|Tauros, M|100/100
|turn|11
|
|t:|1743871596
|move|p2a: Tauros|Rock Slide|p1a: Iron Moth|[miss]
|-miss|p2a: Tauros|p1a: Iron Moth
|move|p1a: Iron Moth|Fiery Dance|p2a: Tauros
|-damage|p2a: Tauros|9/100
|-boost|p1a: Iron Moth|spa|1
|
|upkeep
|turn|12
|
|t:|1743871612
|move|p1a: Iron Moth|Fiery Dance|p2a: Tauros
|-damage|p2a: Tauros|0 fnt
|-boost|p1a: Iron Moth|spa|1
|faint|p2a: Tauros
|
|win|Cabrollins27
|raw|Cabrollins27's rating: 1164 &rarr; <strong>1192</strong><br />(+28 for winning)
|raw|arj.uno's rating: 1212 &rarr; <strong>1184</strong><br />(-28 for losing)
|l|☆arj.uno
|player|p2|
|l|☆Cabrollins27
|player|p1|
