|j|☆Wrenellen
|j|☆4G3NC Teo
|t:|1743783655
|gametype|singles
|player|p1|Wrenellen|grimsley|1578
|player|p2|4G3NC Teo|psychic|1596
|teamsize|p1|6
|teamsize|p2|6
|gen|9
|tier|[Gen 9] OU
|rated|
|rule|HP Percentage Mod: HP is shown in percentages
|rule|Endless Battle Clause: Forcing endless battles is banned
|rule|Species Clause: Limit one of each Pokémon
|rule|OHKO Clause: OHKO moves are banned
|rule|Evasion Items Clause: Evasion items are banned
|rule|Evasion Moves Clause: Evasion moves are banned
|rule|Sleep Moves Clause: Sleep-inducing moves are banned
|clearpoke
|poke|p1|Slither Wing|
|poke|p1|Araquanid, M|
|poke|p1|Iron Valiant|
|poke|p1|Ceruledge, F|
|poke|p1|Iron Treads|
|poke|p1|Ogerpon-Cornerstone, F|
|poke|p2|Bellossom, M|
|poke|p2|Dragapult, F|
|poke|p2|Great Tusk|
|poke|p2|Kingambit, F|
|poke|p2|Azumarill, M|
|poke|p2|Garganacl, M|
|teampreview
|
|t:|1743783660
|start
|switch|p1a: Araquanid|Araquanid, M|100/100
|switch|p2a: Eyesore|Garganacl, M|100/100
|turn|1
|
|t:|1743783665
|move|p1a: Araquanid|Sticky Web|p2a: Eyesore
|-sidestart|p2: 4G3NC Teo|move: Sticky Web
|move|p2a: Eyesore|Salt Cure|p1a: Araquanid
|-supereffective|p1a: Araquanid
|-damage|p1a: Araquanid|72/100
|-start|p1a: Araquanid|Salt Cure
|
|-damage|p1a: Araquanid|47/100|[from] Salt Cure
|upkeep
|turn|2
|
|t:|1743783672
|move|p2a: Eyesore|Protect|p2a: Eyesore
|-singleturn|p2a: Eyesore|Protect
|move|p1a: Araquanid|Surf|p2a: Eyesore
|-activate|p2a: Eyesore|move: Protect
|
|-damage|p1a: Araquanid|22/100|[from] Salt Cure
|upkeep
|turn|3
|-enditem|p1a: Araquanid|Custap Berry|[eat]
|-activate|p1a: Araquanid|item: Custap Berry|[consumed]
|
|t:|1743783678
|switch|p2a: Ik|Azumarill, M|100/100
|-activate|p2a: Ik|move: Sticky Web
|-unboost|p2a: Ik|spe|1
|move|p1a: Araquanid|Surf|p2a: Ik
|-resisted|p2a: Ik
|-damage|p2a: Ik|82/100
|
|-damage|p1a: Araquanid|0 fnt|[from] Salt Cure
|faint|p1a: Araquanid
|upkeep
|inactive|Battle timer is ON: inactive players will automatically lose when time's up. (requested by 4G3NC Teo)
|
|t:|1743783687
|switch|p1a: Slitheryn Moon|Slither Wing|100/100
|-enditem|p1a: Slitheryn Moon|Booster Energy
|-activate|p1a: Slitheryn Moon|ability: Protosynthesis|[fromitem]
|-start|p1a: Slitheryn Moon|protosynthesisatk
|turn|4
|
|t:|1743783692
|switch|p2a: Synopsis|Great Tusk|100/100
|-activate|p2a: Synopsis|move: Sticky Web
|-unboost|p2a: Synopsis|spe|1
|-enditem|p2a: Synopsis|Booster Energy
|-activate|p2a: Synopsis|ability: Protosynthesis|[fromitem]
|-start|p2a: Synopsis|protosynthesisdef
|move|p1a: Slitheryn Moon|Acrobatics|p2a: Synopsis
|-supereffective|p2a: Synopsis
|-damage|p2a: Synopsis|48/100
|
|upkeep
|turn|5
|
|t:|1743783705
|move|p1a: Slitheryn Moon|Acrobatics|p2a: Synopsis
|-supereffective|p2a: Synopsis
|-damage|p2a: Synopsis|0 fnt
|faint|p2a: Synopsis
|-end|p2a: Synopsis|Protosynthesis|[silent]
|
|upkeep
|
|t:|1743783707
|switch|p2a: Phobie D'impulsion|Dragapult, F|100/100
|turn|6
|
|t:|1743783714
|move|p2a: Phobie D'impulsion|Will-O-Wisp|p1a: Slitheryn Moon
|-status|p1a: Slitheryn Moon|brn
|move|p1a: Slitheryn Moon|Acrobatics|p2a: Phobie D'impulsion
|-damage|p2a: Phobie D'impulsion|65/100
|
|-damage|p1a: Slitheryn Moon|94/100 brn|[from] brn
|upkeep
|turn|7
|
|t:|1743783718
|move|p2a: Phobie D'impulsion|Hex|p1a: Slitheryn Moon
|-damage|p1a: Slitheryn Moon|39/100 brn
|move|p1a: Slitheryn Moon|Acrobatics|p2a: Phobie D'impulsion
|-damage|p2a: Phobie D'impulsion|27/100
|
|-damage|p1a: Slitheryn Moon|33/100 brn|[from] brn
|upkeep
|turn|8
|
|t:|1743783721
|move|p2a: Phobie D'impulsion|Hex|p1a: Slitheryn Moon
|-damage|p1a: Slitheryn Moon|0 fnt
|faint|p1a: Slitheryn Moon
|-end|p1a: Slitheryn Moon|Protosynthesis|[silent]
|
|upkeep
|
|t:|1743783724
|switch|p1a: Iron Treads|Iron Treads|100/100
|-enditem|p1a: Iron Treads|Booster Energy
|-activate|p1a: Iron Treads|ability: Quark Drive|[fromitem]
|-start|p1a: Iron Treads|quarkdrivespe
|turn|9
|
|t:|1743783728
|switch|p2a: Naturale|Bellossom, M|100/100
|-activate|p2a: Naturale|move: Sticky Web
|-unboost|p2a: Naturale|spe|1
|move|p1a: Iron Treads|Earth Power|p2a: Naturale
|-resisted|p2a: Naturale
|-damage|p2a: Naturale|85/100
|
|-heal|p2a: Naturale|91/100|[from] item: Leftovers
|upkeep
|turn|10
|
|t:|1743783737
|move|p1a: Iron Treads|Steel Beam|p2a: Naturale
|-damage|p2a: Naturale|35/100
|-damage|p1a: Iron Treads|50/100|[from] steelbeam
|move|p2a: Naturale|Strength Sap|p1a: Iron Treads
|-unboost|p1a: Iron Treads|atk|1
|-heal|p2a: Naturale|100/100
|
|upkeep
|turn|11
|
|t:|1743783757
|move|p1a: Iron Treads|Steel Beam|p2a: Naturale
|-damage|p2a: Naturale|49/100
|-damage|p1a: Iron Treads|0 fnt|[from] steelbeam
|faint|p1a: Iron Treads
|-end|p1a: Iron Treads|Quark Drive|[silent]
|move|p2a: Naturale|Quiver Dance|p2a: Naturale
|-boost|p2a: Naturale|spa|1
|-boost|p2a: Naturale|spd|1
|-boost|p2a: Naturale|spe|1
|
|-heal|p2a: Naturale|55/100|[from] item: Leftovers
|upkeep
|
|t:|1743783764
|switch|p1a: Ceruledge|Ceruledge, F|100/100
|turn|12
|
|t:|1743783767
|switch|p2a: Eyesore|Garganacl, M|100/100
|-activate|p2a: Eyesore|move: Sticky Web
|-unboost|p2a: Eyesore|spe|1
|move|p1a: Ceruledge|Bitter Blade|p2a: Eyesore
|-resisted|p2a: Eyesore
|-damage|p2a: Eyesore|85/100
|
|-heal|p2a: Eyesore|91/100|[from] item: Leftovers
|upkeep
|turn|13
|
|t:|1743783772
|switch|p1a: Iron Valiant|Iron Valiant|100/100
|-enditem|p1a: Iron Valiant|Booster Energy
|-activate|p1a: Iron Valiant|ability: Quark Drive|[fromitem]
|-start|p1a: Iron Valiant|quarkdrivespa
|move|p2a: Eyesore|Salt Cure|p1a: Iron Valiant
|-resisted|p1a: Iron Valiant
|-damage|p1a: Iron Valiant|92/100
|-start|p1a: Iron Valiant|Salt Cure
|
|-heal|p2a: Eyesore|97/100|[from] item: Leftovers
|-damage|p1a: Iron Valiant|80/100|[from] Salt Cure
|upkeep
|turn|14
|
|t:|1743783778
|move|p1a: Iron Valiant|Moonblast|p2a: Eyesore
|-damage|p2a: Eyesore|55/100
|-unboost|p2a: Eyesore|spa|1
|move|p2a: Eyesore|Stealth Rock|p1a: Iron Valiant
|-sidestart|p1: Wrenellen|move: Stealth Rock
|
|-heal|p2a: Eyesore|61/100|[from] item: Leftovers
|-damage|p1a: Iron Valiant|67/100|[from] Salt Cure
|upkeep
|turn|15
|
|t:|1743783782
|move|p2a: Eyesore|Protect|p2a: Eyesore
|-singleturn|p2a: Eyesore|Protect
|move|p1a: Iron Valiant|Moonblast|p2a: Eyesore
|-activate|p2a: Eyesore|move: Protect
|
|-heal|p2a: Eyesore|67/100|[from] item: Leftovers
|-damage|p1a: Iron Valiant|55/100|[from] Salt Cure
|upkeep
|turn|16
|
|t:|1743783786
|move|p1a: Iron Valiant|Moonblast|p2a: Eyesore
|-damage|p2a: Eyesore|19/100
|move|p2a: Eyesore|Recover|p2a: Eyesore
|-heal|p2a: Eyesore|69/100
|
|-heal|p2a: Eyesore|75/100|[from] item: Leftovers
|-damage|p1a: Iron Valiant|42/100|[from] Salt Cure
|upkeep
|turn|17
|j| Tabata tyrogue
|
|t:|1743783789
|move|p2a: Eyesore|Protect|p2a: Eyesore
|-singleturn|p2a: Eyesore|Protect
|move|p1a: Iron Valiant|Calm Mind|p1a: Iron Valiant
|-boost|p1a: Iron Valiant|spa|1
|-boost|p1a: Iron Valiant|spd|1
|
|-heal|p2a: Eyesore|81/100|[from] item: Leftovers
|-damage|p1a: Iron Valiant|30/100|[from] Salt Cure
|upkeep
|turn|18
|
|t:|1743783791
|move|p1a: Iron Valiant|Moonblast|p2a: Eyesore
|-damage|p2a: Eyesore|18/100
|move|p2a: Eyesore|Recover|p2a: Eyesore
|-heal|p2a: Eyesore|68/100
|
|-heal|p2a: Eyesore|74/100|[from] item: Leftovers
|-damage|p1a: Iron Valiant|17/100|[from] Salt Cure
|upkeep
|turn|19
|
|t:|1743783794
|move|p2a: Eyesore|Protect|p2a: Eyesore
|-singleturn|p2a: Eyesore|Protect
|move|p1a: Iron Valiant|Moonblast|p2a: Eyesore
|-activate|p2a: Eyesore|move: Protect
|
|-heal|p2a: Eyesore|80/100|[from] item: Leftovers
|-damage|p1a: Iron Valiant|5/100|[from] Salt Cure
|upkeep
|turn|20
|
|t:|1743783797
|move|p1a: Iron Valiant|Moonblast|p2a: Eyesore
|-damage|p2a: Eyesore|18/100
|move|p2a: Eyesore|Recover|p2a: Eyesore
|-heal|p2a: Eyesore|68/100
|
|-heal|p2a: Eyesore|74/100|[from] item: Leftovers
|-damage|p1a: Iron Valiant|0 fnt|[from] Salt Cure
|faint|p1a: Iron Valiant
|-end|p1a: Iron Valiant|Quark Drive|[silent]
|upkeep
|
|t:|1743783800
|switch|p1a: Ogerpon|Ogerpon-Cornerstone, F|100/100
|-damage|p1a: Ogerpon|88/100|[from] Stealth Rock
|turn|21
|
|t:|1743783813
|switch|p2a: Naturale|Bellossom, M|55/100
|-activate|p2a: Naturale|move: Sticky Web
|-unboost|p2a: Naturale|spe|1
|move|p1a: Ogerpon|Power Whip|p2a: Naturale
|-resisted|p2a: Naturale
|-damage|p2a: Naturale|31/100
|
|-heal|p2a: Naturale|38/100|[from] item: Leftovers
|upkeep
|turn|22
|
|t:|1743783816
|move|p1a: Ogerpon|Ivy Cudgel|p2a: Naturale|[anim] Ivy Cudgel Rock
|-damage|p2a: Naturale|0 fnt
|faint|p2a: Naturale
|
|upkeep
|
|t:|1743783822
|switch|p2a: Phobie D'impulsion|Dragapult, F|27/100
|turn|23
|
|t:|1743783825
|switch|p1a: Ceruledge|Ceruledge, F|100/100
|-damage|p1a: Ceruledge|76/100|[from] Stealth Rock
|move|p2a: Phobie D'impulsion|Thunder Wave|p1a: Ceruledge
|-status|p1a: Ceruledge|par
|
|upkeep
|turn|24
|
|t:|1743783832
|switch|p2a: Eyesore|Garganacl, M|74/100
|-activate|p2a: Eyesore|move: Sticky Web
|-unboost|p2a: Eyesore|spe|1
|move|p1a: Ceruledge|Bitter Blade|p2a: Eyesore
|-resisted|p2a: Eyesore
|-damage|p2a: Eyesore|59/100
|-heal|p1a: Ceruledge|86/100 par|[from] drain|[of] p2a: Eyesore
|
|-heal|p2a: Eyesore|65/100|[from] item: Leftovers
|upkeep
|turn|25
|l| Tabata tyrogue
|
|t:|1743783838
|move|p1a: Ceruledge|Close Combat|p2a: Eyesore
|-supereffective|p2a: Eyesore
|-damage|p2a: Eyesore|14/100
|-unboost|p1a: Ceruledge|def|1
|-unboost|p1a: Ceruledge|spd|1
|move|p2a: Eyesore|Recover|p2a: Eyesore
|-heal|p2a: Eyesore|64/100
|
|-heal|p2a: Eyesore|70/100|[from] item: Leftovers
|upkeep
|turn|26
|
|t:|1743783843
|move|p2a: Eyesore|Protect|p2a: Eyesore
|-singleturn|p2a: Eyesore|Protect
|move|p1a: Ceruledge|Swords Dance|p1a: Ceruledge
|-boost|p1a: Ceruledge|atk|2
|
|-heal|p2a: Eyesore|76/100|[from] item: Leftovers
|upkeep
|turn|27
|
|t:|1743783848
|-terastallize|p2a: Eyesore|Ghost
|cant|p1a: Ceruledge|par
|move|p2a: Eyesore|Salt Cure|p1a: Ceruledge
|-supereffective|p1a: Ceruledge
|-damage|p1a: Ceruledge|32/100 par
|-start|p1a: Ceruledge|Salt Cure
|-ability|p1a: Ceruledge|Weak Armor|boost
|-unboost|p1a: Ceruledge|def|1
|-boost|p1a: Ceruledge|spe|2
|
|-heal|p2a: Eyesore|82/100|[from] item: Leftovers
|-damage|p1a: Ceruledge|19/100 par|[from] Salt Cure
|upkeep
|turn|28
|
|t:|1743783853
|move|p2a: Eyesore|Protect|p2a: Eyesore
|-singleturn|p2a: Eyesore|Protect
|move|p1a: Ceruledge|Poltergeist|p2a: Eyesore
|-activate|p2a: Eyesore|move: Protect
|
|-heal|p2a: Eyesore|89/100|[from] item: Leftovers
|-damage|p1a: Ceruledge|7/100 par|[from] Salt Cure
|upkeep
|turn|29
|
|t:|1743783859
|switch|p2a: Ik|Azumarill, M|82/100
|-activate|p2a: Ik|move: Sticky Web
|-unboost|p2a: Ik|spe|1
|move|p1a: Ceruledge|Bitter Blade|p2a: Ik
|-resisted|p2a: Ik
|-damage|p2a: Ik|39/100
|-heal|p1a: Ceruledge|37/100 par|[from] drain|[of] p2a: Ik
|
|-damage|p1a: Ceruledge|25/100 par|[from] Salt Cure
|upkeep
|turn|30
|
|t:|1743783863
|move|p2a: Ik|Aqua Jet|p1a: Ceruledge
|-supereffective|p1a: Ceruledge
|-damage|p1a: Ceruledge|0 fnt
|faint|p1a: Ceruledge
|
|upkeep
|
|t:|1743783865
|switch|p1a: Ogerpon|Ogerpon-Cornerstone, F|88/100
|-damage|p1a: Ogerpon|76/100|[from] Stealth Rock
|turn|31
|
|t:|1743783868
|move|p1a: Ogerpon|Ivy Cudgel|p2a: Ik|[anim] Ivy Cudgel Rock
|-crit|p2a: Ik
|-damage|p2a: Ik|0 fnt
|faint|p2a: Ik
|
|upkeep
|
|t:|1743783871
|switch|p2a: Phobie D'impulsion|Dragapult, F|27/100
|turn|32
|
|t:|1743783874
|move|p2a: Phobie D'impulsion|Thunder Wave|p1a: Ogerpon
|-status|p1a: Ogerpon|par
|cant|p1a: Ogerpon|par
|
|upkeep
|turn|33
|
|t:|1743783878
|move|p2a: Phobie D'impulsion|Hex|p1a: Ogerpon
|-damage|p1a: Ogerpon|10/100 par
|move|p1a: Ogerpon|Ivy Cudgel|p2a: Phobie D'impulsion|[anim] Ivy Cudgel Rock
|-damage|p2a: Phobie D'impulsion|0 fnt
|faint|p2a: Phobie D'impulsion
|
|upkeep
|
|t:|1743783881
|switch|p2a: Eyesore|Garganacl, M, tera:Ghost|89/100
|-activate|p2a: Eyesore|move: Sticky Web
|-unboost|p2a: Eyesore|spe|1
|turn|34
|
|t:|1743783883
|move|p1a: Ogerpon|Ivy Cudgel|p2a: Eyesore|[anim] Ivy Cudgel Rock
|-damage|p2a: Eyesore|49/100
|move|p2a: Eyesore|Salt Cure|p1a: Ogerpon
|-damage|p1a: Ogerpon|0 fnt
|faint|p1a: Ogerpon
|
|win|4G3NC Teo
|raw|Wrenellen's rating: 1578 &rarr; <strong>1559</strong><br />(-19 for losing)
|raw|4G3NC Teo's rating: 1596 &rarr; <strong>1615</strong><br />(+19 for winning)
|l|☆Wrenellen
|player|p1|
|l|☆4G3NC Teo
|player|p2|
|j| Tabata tyrogue
|l| Tabata tyrogue
