|j|‽omari p
|j|☆oz of the og
|t:|1743865689
|gametype|singles
|player|p1|omari p|pokemonrangerf|1701
|player|p2|oz of the og|morty-gen2|1688
|teamsize|p1|6
|teamsize|p2|6
|gen|9
|tier|[Gen 9] OU
|rated|
|rule|HP Percentage Mod: HP is shown in percentages
|rule|Endless Battle Clause: Forcing endless battles is banned
|rule|Species Clause: Limit one of each Pokémon
|rule|OHKO Clause: OHKO moves are banned
|rule|Evasion Items Clause: Evasion items are banned
|rule|Evasion Moves Clause: Evasion moves are banned
|rule|Sleep Moves Clause: Sleep-inducing moves are banned
|clearpoke
|poke|p1|Thundurus-Therian, M|
|poke|p1|Cinderace, M|
|poke|p1|Mandibuzz, F|
|poke|p1|Latios, M|
|poke|p1|Deoxys-Speed|
|poke|p1|Iron Hands|
|poke|p2|Darkrai|
|poke|p2|Gliscor, F|
|poke|p2|Raging Bolt|
|poke|p2|Iron Treads|
|poke|p2|Zamazenta-*|
|poke|p2|Samurott-Hisui, F|
|teampreview
|inactive|Battle timer is ON: inactive players will automatically lose when time's up. (requested by oz of the og)
|
|t:|1743865695
|start
|switch|p1a: Iron Hands|Iron Hands|100/100
|switch|p2a: Samurott|Samurott-Hisui, F|100/100
|turn|1
|
|t:|1743865701
|move|p2a: Samurott|Razor Shell|p1a: Iron Hands
|-damage|p1a: Iron Hands|58/100
|move|p1a: Iron Hands|Close Combat|p2a: Samurott
|-supereffective|p2a: Samurott
|-enditem|p2a: Samurott|Focus Sash
|-damage|p2a: Samurott|1/100
|-unboost|p1a: Iron Hands|def|1
|-unboost|p1a: Iron Hands|spd|1
|
|upkeep
|turn|2
|
|t:|1743865712
|-end|p1a: Iron Hands|Quark Drive|[silent]
|switch|p1a: Mandibuzz|Mandibuzz, F, shiny|100/100
|move|p2a: Samurott|Ceaseless Edge|p1a: Mandibuzz
|-resisted|p1a: Mandibuzz
|-crit|p1a: Mandibuzz
|-damage|p1a: Mandibuzz|78/100
|-damage|p2a: Samurott|0 fnt|[from] item: Rocky Helmet|[of] p1a: Mandibuzz
|faint|p2a: Samurott
|
|upkeep
|
|t:|1743865715
|switch|p2a: Raging Bolt|Raging Bolt|100/100
|-enditem|p2a: Raging Bolt|Booster Energy
|-activate|p2a: Raging Bolt|ability: Protosynthesis|[fromitem]
|-start|p2a: Raging Bolt|protosynthesisspa
|turn|3
|
|t:|1743865724
|switch|p1a: Iron Hands|Iron Hands|58/100
|move|p2a: Raging Bolt|Calm Mind|p2a: Raging Bolt
|-boost|p2a: Raging Bolt|spa|1
|-boost|p2a: Raging Bolt|spd|1
|
|upkeep
|turn|4
|j| MiniLarry
|
|t:|1743865731
|move|p2a: Raging Bolt|Dragon Pulse|p1a: Iron Hands
|-damage|p1a: Iron Hands|12/100
|move|p1a: Iron Hands|Close Combat|p2a: Raging Bolt
|-damage|p2a: Raging Bolt|37/100
|-unboost|p1a: Iron Hands|def|1
|-unboost|p1a: Iron Hands|spd|1
|
|upkeep
|turn|5
|
|t:|1743865736
|move|p2a: Raging Bolt|Dragon Pulse|p1a: Iron Hands
|-damage|p1a: Iron Hands|0 fnt
|faint|p1a: Iron Hands
|-end|p1a: Iron Hands|Quark Drive|[silent]
|
|upkeep
|
|t:|1743865739
|switch|p1a: Deoxys|Deoxys-Speed|100/100
|-ability|p1a: Deoxys|Pressure
|turn|6
|
|t:|1743865743
|move|p2a: Raging Bolt|Thunderclap||[still]
|-fail|p2a: Raging Bolt
|move|p1a: Deoxys|Nasty Plot|p1a: Deoxys
|-boost|p1a: Deoxys|spa|2
|
|upkeep
|turn|7
|
|t:|1743865746
|move|p2a: Raging Bolt|Thunderclap||[still]
|-fail|p2a: Raging Bolt
|move|p1a: Deoxys|Stealth Rock|p2a: Raging Bolt
|-sidestart|p2: oz of the og|move: Stealth Rock
|
|upkeep
|turn|8
|
|t:|1743865750
|move|p2a: Raging Bolt|Thunderclap|p1a: Deoxys
|-enditem|p1a: Deoxys|Focus Sash
|-damage|p1a: Deoxys|1/100
|move|p1a: Deoxys|Ice Beam|p2a: Raging Bolt
|-supereffective|p2a: Raging Bolt
|-damage|p2a: Raging Bolt|0 fnt
|faint|p2a: Raging Bolt
|-end|p2a: Raging Bolt|Protosynthesis|[silent]
|
|upkeep
|
|t:|1743865754
|switch|p2a: Iron Treads|Iron Treads|100/100
|-damage|p2a: Iron Treads|97/100|[from] Stealth Rock
|-enditem|p2a: Iron Treads|Booster Energy
|-activate|p2a: Iron Treads|ability: Quark Drive|[fromitem]
|-start|p2a: Iron Treads|quarkdrivespe
|turn|9
|
|t:|1743865760
|switch|p1a: Mandibuzz|Mandibuzz, F, shiny|78/100
|move|p2a: Iron Treads|Rapid Spin|p1a: Mandibuzz
|-damage|p1a: Mandibuzz|69/100
|-boost|p2a: Iron Treads|spe|1
|-damage|p2a: Iron Treads|81/100|[from] item: Rocky Helmet|[of] p1a: Mandibuzz
|-sideend|p2: oz of the og|Stealth Rock|[from] move: Rapid Spin|[of] p2a: Iron Treads
|
|upkeep
|turn|10
|
|t:|1743865763
|move|p2a: Iron Treads|Stealth Rock|p1a: Mandibuzz
|-sidestart|p1: omari p|move: Stealth Rock
|move|p1a: Mandibuzz|Roost|p1a: Mandibuzz
|-heal|p1a: Mandibuzz|100/100
|-singleturn|p1a: Mandibuzz|move: Roost
|
|upkeep
|turn|11
|
|t:|1743865770
|-end|p2a: Iron Treads|Quark Drive|[silent]
|switch|p2a: Gliscor|Gliscor, F|100/100
|move|p1a: Mandibuzz|Defog|p2a: Gliscor
|-unboost|p2a: Gliscor|evasion|1
|-sideend|p1: omari p|Stealth Rock|[from] move: Defog|[of] p1a: Mandibuzz
|
|-status|p2a: Gliscor|tox|[from] item: Toxic Orb
|upkeep
|turn|12
|
|t:|1743865773
|switch|p1a: Deoxys|Deoxys-Speed|1/100
|-ability|p1a: Deoxys|Pressure
|move|p2a: Gliscor|Knock Off|p1a: Deoxys
|-supereffective|p1a: Deoxys
|-damage|p1a: Deoxys|0 fnt
|faint|p1a: Deoxys
|
|upkeep
|
|t:|1743865776
|switch|p1a: Cinderace|Cinderace, M|100/100
|turn|13
|
|t:|1743865779
|move|p1a: Cinderace|Pyro Ball|p2a: Gliscor
|-damage|p2a: Gliscor|54/100 tox
|move|p2a: Gliscor|Toxic|p1a: Cinderace|[miss]
|-miss|p2a: Gliscor|p1a: Cinderace
|
|-heal|p2a: Gliscor|67/100 tox|[from] ability: Poison Heal
|upkeep
|turn|14
|
|t:|1743865784
|move|p2a: Gliscor|Protect|p2a: Gliscor
|-singleturn|p2a: Gliscor|Protect
|move|p1a: Cinderace|Pyro Ball|p2a: Gliscor
|-activate|p2a: Gliscor|move: Protect
|
|-heal|p2a: Gliscor|79/100 tox|[from] ability: Poison Heal
|upkeep
|turn|15
|
|t:|1743865787
|move|p1a: Cinderace|Pyro Ball|p2a: Gliscor
|-crit|p2a: Gliscor
|-damage|p2a: Gliscor|16/100 tox
|move|p2a: Gliscor|Toxic|p1a: Cinderace
|-status|p1a: Cinderace|tox
|
|-damage|p1a: Cinderace|95/100 tox|[from] psn
|-heal|p2a: Gliscor|28/100 tox|[from] ability: Poison Heal
|upkeep
|turn|16
|j| 54 insane rats
|
|t:|1743865791
|move|p2a: Gliscor|Protect|p2a: Gliscor
|-singleturn|p2a: Gliscor|Protect
|move|p1a: Cinderace|Pyro Ball|p2a: Gliscor
|-activate|p2a: Gliscor|move: Protect
|
|-damage|p1a: Cinderace|83/100 tox|[from] psn
|-heal|p2a: Gliscor|41/100 tox|[from] ability: Poison Heal
|upkeep
|turn|17
|
|t:|1743865794
|-terastallize|p2a: Gliscor|Water
|move|p1a: Cinderace|Pyro Ball|p2a: Gliscor
|-resisted|p2a: Gliscor
|-damage|p2a: Gliscor|19/100 tox
|move|p2a: Gliscor|Knock Off|p1a: Cinderace
|-damage|p1a: Cinderace|54/100 tox
|-enditem|p1a: Cinderace|Flame Plate|[from] move: Knock Off|[of] p2a: Gliscor
|
|-damage|p1a: Cinderace|36/100 tox|[from] psn
|-heal|p2a: Gliscor|31/100 tox|[from] ability: Poison Heal
|upkeep
|turn|18
|j| koraidrone
|
|t:|1743865804
|move|p1a: Cinderace|High Jump Kick|p2a: Gliscor
|-start|p1a: Cinderace|typechange|Fighting|[from] ability: Libero
|-damage|p2a: Gliscor|0 fnt
|faint|p2a: Gliscor
|
|-damage|p1a: Cinderace|12/100 tox|[from] psn
|upkeep
|
|t:|1743865813
|switch|p2a: Zamazenta|Zamazenta|100/100
|-ability|p2a: Zamazenta|Dauntless Shield|boost
|-boost|p2a: Zamazenta|def|1
|turn|19
|
|t:|1743865817
|move|p2a: Zamazenta|Iron Defense|p2a: Zamazenta
|-boost|p2a: Zamazenta|def|2
|move|p1a: Cinderace|High Jump Kick|p2a: Zamazenta|[miss]
|-miss|p1a: Cinderace|p2a: Zamazenta
|-damage|p1a: Cinderace|0 fnt|[from] highjumpkick
|faint|p1a: Cinderace
|
|upkeep
|
|t:|1743865821
|switch|p1a: Latios|Latios, M|100/100
|turn|20
|
|t:|1743865824
|move|p1a: Latios|Luster Purge|p2a: Zamazenta
|-supereffective|p2a: Zamazenta
|-damage|p2a: Zamazenta|22/100
|move|p2a: Zamazenta|Body Press|p1a: Latios
|-resisted|p1a: Latios
|-damage|p1a: Latios|43/100
|
|-heal|p2a: Zamazenta|28/100|[from] item: Leftovers
|upkeep
|turn|21
|
|t:|1743865831
|switch|p1a: Thundurus|Thundurus-Therian, M|100/100
|move|p2a: Zamazenta|Body Press|p1a: Thundurus
|-resisted|p1a: Thundurus
|-damage|p1a: Thundurus|39/100
|
|-heal|p2a: Zamazenta|34/100|[from] item: Leftovers
|-heal|p1a: Thundurus|45/100|[from] item: Leftovers
|upkeep
|turn|22
|
|t:|1743865836
|switch|p1a: Mandibuzz|Mandibuzz, F, shiny|100/100
|move|p2a: Zamazenta|Body Press|p1a: Mandibuzz
|-damage|p1a: Mandibuzz|55/100
|-damage|p2a: Zamazenta|18/100|[from] item: Rocky Helmet|[of] p1a: Mandibuzz
|
|-heal|p2a: Zamazenta|24/100|[from] item: Leftovers
|upkeep
|turn|23
|
|t:|1743865841
|move|p2a: Zamazenta|Iron Defense|p2a: Zamazenta
|-boost|p2a: Zamazenta|def|2
|move|p1a: Mandibuzz|Roost|p1a: Mandibuzz
|-heal|p1a: Mandibuzz|100/100
|-singleturn|p1a: Mandibuzz|move: Roost
|
|-heal|p2a: Zamazenta|30/100|[from] item: Leftovers
|upkeep
|turn|24
|
|t:|1743865844
|move|p2a: Zamazenta|Iron Defense|p2a: Zamazenta
|-boost|p2a: Zamazenta|def|1
|move|p1a: Mandibuzz|Toxic|p2a: Zamazenta
|-status|p2a: Zamazenta|tox
|
|-heal|p2a: Zamazenta|36/100 tox|[from] item: Leftovers
|-damage|p2a: Zamazenta|30/100 tox|[from] psn
|upkeep
|turn|25
|
|t:|1743865846
|move|p2a: Zamazenta|Body Press|p1a: Mandibuzz
|-damage|p1a: Mandibuzz|26/100
|-damage|p2a: Zamazenta|13/100 tox|[from] item: Rocky Helmet|[of] p1a: Mandibuzz
|move|p1a: Mandibuzz|Roost|p1a: Mandibuzz
|-heal|p1a: Mandibuzz|76/100
|-singleturn|p1a: Mandibuzz|move: Roost
|
|-heal|p2a: Zamazenta|20/100 tox|[from] item: Leftovers
|-damage|p2a: Zamazenta|7/100 tox|[from] psn
|upkeep
|turn|26
|l| koraidrone
|
|t:|1743865853
|move|p2a: Zamazenta|Body Press|p1a: Mandibuzz
|-damage|p1a: Mandibuzz|0 fnt
|-damage|p2a: Zamazenta|0 fnt|[from] item: Rocky Helmet|[of] p1a: Mandibuzz
|faint|p1a: Mandibuzz
|faint|p2a: Zamazenta
|
|upkeep
|
|t:|1743865857
|switch|p2a: Darkrai|Darkrai|100/100
|switch|p1a: Latios|Latios, M|43/100
|turn|27
|
|t:|1743865861
|move|p1a: Latios|Draco Meteor|p2a: Darkrai
|-damage|p2a: Darkrai|8/100
|-unboost|p1a: Latios|spa|2
|move|p2a: Darkrai|Ice Beam|p1a: Latios
|-supereffective|p1a: Latios
|-damage|p1a: Latios|0 fnt
|faint|p1a: Latios
|
|upkeep
|
|t:|1743865866
|switch|p1a: Thundurus|Thundurus-Therian, M|45/100
|turn|28
|
|t:|1743865869
|-terastallize|p1a: Thundurus|Fairy
|move|p2a: Darkrai|Ice Beam|p1a: Thundurus
|-damage|p1a: Thundurus|6/100
|move|p1a: Thundurus|Agility|p1a: Thundurus
|-boost|p1a: Thundurus|spe|2
|
|-heal|p1a: Thundurus|13/100|[from] item: Leftovers
|upkeep
|turn|29
|
|t:|1743865874
|move|p1a: Thundurus|Thunderbolt|p2a: Darkrai
|-damage|p2a: Darkrai|0 fnt
|faint|p2a: Darkrai
|
|-heal|p1a: Thundurus|19/100|[from] item: Leftovers
|upkeep
|
|t:|1743865875
|switch|p2a: Iron Treads|Iron Treads|81/100
|turn|30
|
|t:|1743865881
|move|p1a: Thundurus|Focus Blast|p2a: Iron Treads|[miss]
|-miss|p1a: Thundurus|p2a: Iron Treads
|move|p2a: Iron Treads|Earthquake|p1a: Thundurus
|-damage|p1a: Thundurus|0 fnt
|faint|p1a: Thundurus
|
|win|oz of the og
|raw|omari p's rating: 1701 &rarr; <strong>1680</strong><br />(-21 for losing)
|raw|oz of the og's rating: 1688 &rarr; <strong>1709</strong><br />(+21 for winning)
|l|☆oz of the og
|player|p2|
|l| 54 insane rats
