|j|☆adiiiie
|j|☆AlphaOnDc
|t:|1743927988
|gametype|singles
|player|p1|adiiiie|102|1193
|player|p2|AlphaOnDc|dawn|1195
|teamsize|p1|6
|teamsize|p2|6
|gen|9
|tier|[Gen 9] OU
|rated|
|rule|HP Percentage Mod: HP is shown in percentages
|rule|Endless Battle Clause: Forcing endless battles is banned
|rule|Species Clause: Limit one of each Pokémon
|rule|OHKO Clause: OHKO moves are banned
|rule|Evasion Items Clause: Evasion items are banned
|rule|Evasion Moves Clause: Evasion moves are banned
|rule|Sleep Moves Clause: Sleep-inducing moves are banned
|clearpoke
|poke|p1|Blaziken, F|
|poke|p1|Galvantula, M|
|poke|p1|Clodsire, F|
|poke|p1|Hatterene, F|
|poke|p1|Brambleghast, F|
|poke|p1|Crawdaunt, F|
|poke|p2|Quaquaval, M|
|poke|p2|Clodsire, M|
|poke|p2|Great Tusk|
|poke|p2|Iron Valiant|
|poke|p2|Zapdos|
|poke|p2|Garganacl, F|
|teampreview
|
|t:|1743928001
|start
|switch|p1a: Galvantula|Galvantula, M|100/100
|switch|p2a: Garganacl|Garganacl, F|100/100
|turn|1
|
|t:|1743928015
|move|p1a: Galvantula|Sticky Web|p2a: Garganacl
|-sidestart|p2: AlphaOnDc|move: Sticky Web
|move|p2a: Garganacl|Salt Cure|p1a: Galvantula
|-supereffective|p1a: Galvantula
|-damage|p1a: Galvantula|49/100
|-start|p1a: Galvantula|Salt Cure
|
|-damage|p1a: Galvantula|36/100|[from] Salt Cure
|upkeep
|turn|2
|
|t:|1743928028
|switch|p1a: Blaziken|Blaziken, F|100/100
|move|p2a: Garganacl|Stealth Rock|p1a: Blaziken
|-sidestart|p1: adiiiie|move: Stealth Rock
|
|upkeep
|turn|3
|
|t:|1743928033
|move|p1a: Blaziken|Focus Energy|p1a: Blaziken
|-start|p1a: Blaziken|move: Focus Energy
|move|p2a: Garganacl|Salt Cure|p1a: Blaziken
|-damage|p1a: Blaziken|77/100
|-start|p1a: Blaziken|Salt Cure
|
|-damage|p1a: Blaziken|64/100|[from] Salt Cure
|-ability|p1a: Blaziken|Speed Boost|boost
|-boost|p1a: Blaziken|spe|1
|upkeep
|turn|4
|
|t:|1743928043
|move|p1a: Blaziken|Overheat|p2a: Garganacl
|-resisted|p2a: Garganacl
|-crit|p2a: Garganacl
|-damage|p2a: Garganacl|51/100
|-unboost|p1a: Blaziken|spa|2
|move|p2a: Garganacl|Salt Cure|p1a: Blaziken
|-damage|p1a: Blaziken|41/100
|
|-heal|p2a: Garganacl|57/100|[from] item: Leftovers
|-damage|p1a: Blaziken|29/100|[from] Salt Cure
|-ability|p1a: Blaziken|Speed Boost|boost
|-boost|p1a: Blaziken|spe|1
|upkeep
|turn|5
|
|t:|1743928056
|move|p2a: Garganacl|Protect|p2a: Garganacl
|-singleturn|p2a: Garganacl|Protect
|move|p1a: Blaziken|Scorching Sands|p2a: Garganacl
|-activate|p2a: Garganacl|move: Protect
|
|-heal|p2a: Garganacl|63/100|[from] item: Leftovers
|-damage|p1a: Blaziken|17/100|[from] Salt Cure
|-ability|p1a: Blaziken|Speed Boost|boost
|-boost|p1a: Blaziken|spe|1
|upkeep
|turn|6
|
|t:|1743928070
|switch|p2a: Zapdos|Zapdos|100/100
|move|p1a: Blaziken|Overheat|p2a: Zapdos
|-crit|p2a: Zapdos
|-damage|p2a: Zapdos|0 fnt
|-unboost|p1a: Blaziken|spa|2
|faint|p2a: Zapdos
|
|-damage|p1a: Blaziken|4/100|[from] Salt Cure
|-ability|p1a: Blaziken|Speed Boost|boost
|-boost|p1a: Blaziken|spe|1
|upkeep
|
|t:|1743928086
|switch|p2a: Garganacl|Garganacl, F|63/100
|-activate|p2a: Garganacl|move: Sticky Web
|-unboost|p2a: Garganacl|spe|1
|turn|7
|
|t:|1743928101
|switch|p1a: Crawdaunt|Crawdaunt, F|100/100
|-damage|p1a: Crawdaunt|88/100|[from] Stealth Rock
|move|p2a: Garganacl|Protect||[still]
|-fail|p2a: Garganacl
|
|-heal|p2a: Garganacl|70/100|[from] item: Leftovers
|upkeep
|turn|8
|
|t:|1743928116
|-terastallize|p1a: Crawdaunt|Water
|move|p1a: Crawdaunt|Crabhammer|p2a: Garganacl
|-supereffective|p2a: Garganacl
|-damage|p2a: Garganacl|0 fnt
|faint|p2a: Garganacl
|
|upkeep
|
|t:|1743928124
|switch|p2a: Great Tusk|Great Tusk|100/100
|-activate|p2a: Great Tusk|move: Sticky Web
|-unboost|p2a: Great Tusk|spe|1
|turn|9
|
|t:|1743928133
|move|p2a: Great Tusk|Rapid Spin|p1a: Crawdaunt
|-damage|p1a: Crawdaunt|69/100
|-boost|p2a: Great Tusk|spe|1
|-sideend|p2: AlphaOnDc|Sticky Web|[from] move: Rapid Spin|[of] p2a: Great Tusk
|move|p1a: Crawdaunt|Crabhammer|p2a: Great Tusk
|-supereffective|p2a: Great Tusk
|-damage|p2a: Great Tusk|0 fnt
|faint|p2a: Great Tusk
|-end|p2a: Great Tusk|Protosynthesis|[silent]
|
|upkeep
|
|t:|1743928143
|switch|p2a: Quaquaval|Quaquaval, M|100/100
|-item|p2a: Quaquaval|Air Balloon
|turn|10
|
|t:|1743928151
|-terastallize|p2a: Quaquaval|Steel
|move|p1a: Crawdaunt|Aqua Jet|p2a: Quaquaval
|-damage|p2a: Quaquaval|46/100
|-enditem|p2a: Quaquaval|Air Balloon
|move|p2a: Quaquaval|Aqua Step|p1a: Crawdaunt
|-resisted|p1a: Crawdaunt
|-damage|p1a: Crawdaunt|43/100
|-boost|p2a: Quaquaval|spe|1
|
|upkeep
|turn|11
|
|t:|1743928164
|move|p1a: Crawdaunt|Aqua Jet|p2a: Quaquaval
|-damage|p2a: Quaquaval|0 fnt
|faint|p2a: Quaquaval
|
|upkeep
|
|t:|1743928170
|switch|p2a: Iron Valiant|Iron Valiant|100/100
|-enditem|p2a: Iron Valiant|Booster Energy
|-activate|p2a: Iron Valiant|ability: Quark Drive|[fromitem]
|-start|p2a: Iron Valiant|quarkdrivespe
|turn|12
|
|t:|1743928176
|move|p1a: Crawdaunt|Aqua Jet|p2a: Iron Valiant
|-damage|p2a: Iron Valiant|49/100
|move|p2a: Iron Valiant|Moonblast|p1a: Crawdaunt
|-damage|p1a: Crawdaunt|0 fnt
|faint|p1a: Crawdaunt
|
|upkeep
|
|t:|1743928189
|switch|p1a: Hatterene|Hatterene, F|100/100
|-damage|p1a: Hatterene|88/100|[from] Stealth Rock
|turn|13
|
|t:|1743928194
|move|p2a: Iron Valiant|Moonblast|p1a: Hatterene
|-damage|p1a: Hatterene|43/100
|move|p1a: Hatterene|Draining Kiss|p2a: Iron Valiant
|-supereffective|p2a: Iron Valiant
|-crit|p2a: Iron Valiant
|-damage|p2a: Iron Valiant|0 fnt
|-heal|p1a: Hatterene|76/100|[from] drain|[of] p2a: Iron Valiant
|faint|p2a: Iron Valiant
|-end|p2a: Iron Valiant|Quark Drive|[silent]
|
|-heal|p1a: Hatterene|82/100|[from] item: Leftovers
|upkeep
|
|t:|1743928205
|switch|p2a: Clodsire|Clodsire, M, shiny|100/100
|turn|14
|-message|AlphaOnDc forfeited.
|
|win|adiiiie
|raw|adiiiie's rating: 1193 &rarr; <strong>1218</strong><br />(+25 for winning)
|raw|AlphaOnDc's rating: 1195 &rarr; <strong>1170</strong><br />(-25 for losing)
|l|☆AlphaOnDc
|player|p2|
|l|☆adiiiie
|player|p1|
