|j|☆Homosapien96
|j|☆Thelastdudemanpp
|t:|1743871263
|gametype|singles
|player|p1|Homosapien96|n|1159
|player|p2|Thelastdudemanpp|wattson|1134
|teamsize|p1|6
|teamsize|p2|6
|gen|9
|tier|[Gen 9] OU
|rated|
|rule|HP Percentage Mod: HP is shown in percentages
|rule|Endless Battle Clause: Forcing endless battles is banned
|rule|Species Clause: Limit one of each Pokémon
|rule|OHKO Clause: OHKO moves are banned
|rule|Evasion Items Clause: Evasion items are banned
|rule|Evasion Moves Clause: Evasion moves are banned
|rule|Sleep Moves Clause: Sleep-inducing moves are banned
|clearpoke
|poke|p1|Farigiraf, M|
|poke|p1|Golurk|
|poke|p1|Grimmsnarl, M|
|poke|p1|Rotom-Heat|
|poke|p1|Glastrier|
|poke|p1|Hariyama, F|
|poke|p2|Komala, M|
|poke|p2|Great Tusk|
|poke|p2|Scizor, F|
|poke|p2|Comfey, F|
|poke|p2|Salazzle, F|
|poke|p2|Mew|
|teampreview
|inactive|Battle timer is ON: inactive players will automatically lose when time's up. (requested by Thelastdudemanpp)
|
|t:|1743871283
|start
|switch|p1a: Farigiraf|Farigiraf, M|100/100
|switch|p2a: Cat man|Mew|100/100
|turn|1
|
|t:|1743871302
|move|p2a: Cat man|Trick|p1a: Farigiraf
|-activate|p2a: Cat man|move: Trick|[of] p1a: Farigiraf
|-item|p1a: Farigiraf|Choice Scarf|[from] move: Trick
|-item|p2a: Cat man|Leftovers|[from] move: Trick
|move|p1a: Farigiraf|Nasty Plot|p1a: Farigiraf
|-boost|p1a: Farigiraf|spa|2
|
|upkeep
|turn|2
|
|t:|1743871326
|switch|p1a: Grimmsnarl|Grimmsnarl, M|100/100
|move|p2a: Cat man|Triple Axel|p1a: Grimmsnarl
|-damage|p1a: Grimmsnarl|93/100
|-damage|p1a: Grimmsnarl|78/100
|-damage|p1a: Grimmsnarl|56/100
|-hitcount|p1a: Grimmsnarl|3
|
|upkeep
|turn|3
|inactive|Thelastdudemanpp has 120 seconds left.
|
|t:|1743871346
|move|p1a: Grimmsnarl|Reflect|p1a: Grimmsnarl
|-sidestart|p1: Homosapien96|Reflect
|move|p2a: Cat man|Triple Axel|p1a: Grimmsnarl
|-damage|p1a: Grimmsnarl|52/100
|-damage|p1a: Grimmsnarl|45/100
|-hitcount|p1a: Grimmsnarl|2
|
|upkeep
|turn|4
|
|t:|1743871354
|switch|p2a: Iron Scissors|Scizor, F|100/100
|move|p1a: Grimmsnarl|Light Screen|p1a: Grimmsnarl
|-sidestart|p1: Homosapien96|move: Light Screen
|
|upkeep
|turn|5
|
|t:|1743871365
|move|p2a: Iron Scissors|Bullet Punch|p1a: Grimmsnarl
|-supereffective|p1a: Grimmsnarl
|-damage|p1a: Grimmsnarl|0 fnt
|faint|p1a: Grimmsnarl
|
|upkeep
|
|t:|1743871391
|switch|p1a: Glastrier|Glastrier|100/100
|turn|6
|
|t:|1743871396
|-terastallize|p1a: Glastrier|Flying
|move|p2a: Iron Scissors|Bullet Punch|p1a: Glastrier
|-damage|p1a: Glastrier|88/100
|move|p1a: Glastrier|Swords Dance|p1a: Glastrier
|-boost|p1a: Glastrier|atk|2
|
|upkeep
|turn|7
|
|t:|1743871411
|move|p2a: Iron Scissors|U-turn|p1a: Glastrier
|-resisted|p1a: Glastrier
|-damage|p1a: Glastrier|82/100
|inactive|Thelastdudemanpp has 120 seconds left.
|
|t:|1743871436
|switch|p2a: Dave|Komala, M|100/100|[from] U-turn
|-ability|p2a: Dave|Comatose
|move|p1a: Glastrier|High Horsepower|p2a: Dave
|-damage|p2a: Dave|0 fnt
|faint|p2a: Dave
|-ability|p1a: Glastrier|Chilling Neigh|boost
|-boost|p1a: Glastrier|atk|1
|
|upkeep
|inactive|Thelastdudemanpp has 120 seconds left.
|
|t:|1743871464
|switch|p2a: Lizard Economy|Salazzle, F|100/100
|turn|8
|
|t:|1743871470
|move|p2a: Lizard Economy|Overheat|p1a: Glastrier
|-damage|p1a: Glastrier|58/100
|-unboost|p2a: Lizard Economy|spa|2
|-enditem|p2a: Lizard Economy|Eject Pack
|
|t:|1743871482
|switch|p2a: Iron Scissors|Scizor, F|100/100
|move|p1a: Glastrier|High Horsepower|p2a: Iron Scissors
|-damage|p2a: Iron Scissors|10/100
|
|upkeep
|turn|9
|
|t:|1743871493
|move|p2a: Iron Scissors|Bullet Punch|p1a: Glastrier
|-damage|p1a: Glastrier|46/100
|move|p1a: Glastrier|High Horsepower|p2a: Iron Scissors
|-damage|p2a: Iron Scissors|0 fnt
|faint|p2a: Iron Scissors
|-ability|p1a: Glastrier|Chilling Neigh|boost
|-boost|p1a: Glastrier|atk|1
|
|upkeep
|
|t:|1743871496
|switch|p2a: Cat man|Mew|100/100
|turn|10
|
|t:|1743871506
|move|p2a: Cat man|Triple Axel|p1a: Glastrier|[miss]
|-miss|p2a: Cat man|p1a: Glastrier
|move|p1a: Glastrier|Icicle Crash|p2a: Cat man
|-damage|p2a: Cat man|0 fnt
|faint|p2a: Cat man
|-ability|p1a: Glastrier|Chilling Neigh|boost
|-boost|p1a: Glastrier|atk|1
|
|-sideend|p1: Homosapien96|Reflect
|upkeep
|-message|Thelastdudemanpp forfeited.
|
|win|Homosapien96
|raw|Homosapien96's rating: 1159 &rarr; <strong>1182</strong><br />(+23 for winning)
|raw|Thelastdudemanpp's rating: 1134 &rarr; <strong>1111</strong><br />(-23 for losing)
|l|☆Thelastdudemanpp
|player|p2|
|l|☆Homosapien96
|player|p1|
