|j|☆Alpha Rong Yuan
|j|☆ScryBound
|t:|1743830001
|gametype|singles
|player|p1|Alpha Rong Yuan|2|1162
|player|p2|ScryBound|cynthia-gen4|1138
|teamsize|p1|6
|teamsize|p2|6
|gen|9
|tier|[Gen 9] OU
|rated|
|rule|HP Percentage Mod: HP is shown in percentages
|rule|Endless Battle Clause: Forcing endless battles is banned
|rule|Species Clause: Limit one of each Pokémon
|rule|OHKO Clause: OHKO moves are banned
|rule|Evasion Items Clause: Evasion items are banned
|rule|Evasion Moves Clause: Evasion moves are banned
|rule|Sleep Moves Clause: Sleep-inducing moves are banned
|clearpoke
|poke|p1|Pelipper, F|
|poke|p1|Barraskewda, M|
|poke|p1|Raging Bolt|
|poke|p1|Weezing-Galar, F|
|poke|p1|Floatzel, F|
|poke|p1|Alomomola, F|
|poke|p2|Landorus-Therian, M|
|poke|p2|Weavile, F|
|poke|p2|Skarmory, F|
|poke|p2|Vileplume, F|
|poke|p2|Slowking-Galar, M|
|poke|p2|Volcanion|
|teampreview
|
|t:|1743830022
|start
|switch|p1a: Raging Bolt|Raging Bolt|100/100
|switch|p2a: Vileplume|Vileplume, F|100/100
|turn|1
|
|t:|1743830035
|move|p1a: Raging Bolt|Volt Switch|p2a: Vileplume
|-resisted|p2a: Vileplume
|-damage|p2a: Vileplume|79/100
|
|t:|1743830038
|-end|p1a: Raging Bolt|Protosynthesis|[silent]
|switch|p1a: Weezing|Weezing-Galar, F|100/100|[from] Volt Switch
|-fieldstart|move: Misty Terrain|[from] ability: Misty Surge|[of] p1a: Weezing
|move|p2a: Vileplume|Moonblast|p1a: Weezing
|-resisted|p1a: Weezing
|-damage|p1a: Weezing|85/100
|
|-heal|p1a: Weezing|91/100|[from] item: Leftovers
|upkeep
|turn|2
|
|t:|1743830063
|switch|p2a: Volcanion|Volcanion|100/100
|move|p1a: Weezing|Clear Smog|p2a: Volcanion
|-damage|p2a: Volcanion|83/100
|-clearboost|p2a: Volcanion
|
|-heal|p1a: Weezing|97/100|[from] item: Leftovers
|upkeep
|turn|3
|
|t:|1743830083
|switch|p1a: Alomomola|Alomomola, F|100/100
|move|p2a: Volcanion|Steam Eruption|p1a: Alomomola
|-resisted|p1a: Alomomola
|-damage|p1a: Alomomola|47/100
|
|upkeep
|turn|4
|c|☆ScryBound|oh my god
|c|☆ScryBound|it did that much???
|
|t:|1743830105
|switch|p1a: Raging Bolt|Raging Bolt|100/100
|move|p2a: Volcanion|Steam Eruption|p1a: Raging Bolt
|-resisted|p1a: Raging Bolt
|-damage|p1a: Raging Bolt|74/100
|
|upkeep
|turn|5
|
|t:|1743830117
|switch|p2a: Landorus|Landorus-Therian, M|100/100
|-ability|p2a: Landorus|Intimidate|boost
|-unboost|p1a: Raging Bolt|atk|1
|move|p1a: Raging Bolt|Volt Switch|p2a: Landorus
|-immune|p2a: Landorus
|
|-fieldend|Misty Terrain
|upkeep
|turn|6
|
|t:|1743830131
|-end|p1a: Raging Bolt|Protosynthesis|[silent]
|switch|p1a: Pelipper|Pelipper, F|100/100
|-weather|RainDance|[from] ability: Drizzle|[of] p1a: Pelipper
|move|p2a: Landorus|U-turn|p1a: Pelipper
|-resisted|p1a: Pelipper
|-damage|p1a: Pelipper|87/100
|
|t:|1743830136
|switch|p2a: Volcanion|Volcanion|83/100|[from] U-turn
|
|-weather|RainDance|[upkeep]
|upkeep
|turn|7
|
|t:|1743830152
|move|p2a: Volcanion|Steam Eruption|p1a: Pelipper
|-resisted|p1a: Pelipper
|-damage|p1a: Pelipper|18/100
|move|p1a: Pelipper|U-turn|p2a: Volcanion
|-resisted|p2a: Volcanion
|-damage|p2a: Volcanion|79/100
|
|t:|1743830170
|switch|p1a: Raging Bolt|Raging Bolt|74/100|[from] U-turn
|
|-weather|RainDance|[upkeep]
|upkeep
|turn|8
|
|t:|1743830180
|switch|p2a: Slowking|Slowking-Galar, M|100/100
|-end|p1a: Raging Bolt|Protosynthesis|[silent]
|switch|p1a: Floatzel|Floatzel, F|100/100
|
|-weather|RainDance|[upkeep]
|upkeep
|turn|9
|
|t:|1743830200
|-terastallize|p2a: Slowking|Water
|move|p1a: Floatzel|Flip Turn|p2a: Slowking
|-resisted|p2a: Slowking
|-damage|p2a: Slowking|67/100
|
|t:|1743830209
|switch|p1a: Alomomola|Alomomola, F|81/100|[from] Flip Turn
|move|p2a: Slowking|Future Sight|p1a: Alomomola
|-start|p2a: Slowking|move: Future Sight
|
|-weather|RainDance|[upkeep]
|upkeep
|turn|10
|
|t:|1743830216
|move|p1a: Alomomola|Wish|p1a: Alomomola
|move|p2a: Slowking|Toxic|p1a: Alomomola
|-status|p1a: Alomomola|tox
|
|-weather|none
|-damage|p1a: Alomomola|74/100 tox|[from] psn
|upkeep
|turn|11
|
|t:|1743830224
|switch|p2a: Skarmory|Skarmory, F|100/100
|move|p1a: Alomomola|Flip Turn|p2a: Skarmory
|-damage|p2a: Skarmory|86/100
|-damage|p1a: Alomomola|58/100 tox|[from] item: Rocky Helmet|[of] p2a: Skarmory
|
|t:|1743830232
|switch|p1a: Pelipper|Pelipper, F|18/100|[from] Flip Turn
|-weather|RainDance|[from] ability: Drizzle|[of] p1a: Pelipper
|
|-weather|RainDance|[upkeep]
|-end|p1a: Pelipper|move: Future Sight
|-damage|p1a: Pelipper|0 fnt
|faint|p1a: Pelipper
|upkeep
|-message|Alpha Rong Yuan forfeited.
|
|win|ScryBound
|raw|Alpha Rong Yuan's rating: 1162 &rarr; <strong>1135</strong><br />(-27 for losing)
|raw|ScryBound's rating: 1138 &rarr; <strong>1165</strong><br />(+27 for winning)
|l|☆Alpha Rong Yuan
|player|p1|
|l|☆ScryBound
|player|p2|
