|j|☆ifeellikejohngotti
|j|☆davo578
|t:|1743837046
|gametype|singles
|player|p1|ifeellikejohngotti|2|1157
|player|p2|davo578|2|1162
|teamsize|p1|6
|teamsize|p2|6
|gen|9
|tier|[Gen 9] OU
|rated|
|rule|HP Percentage Mod: HP is shown in percentages
|rule|Endless Battle Clause: Forcing endless battles is banned
|rule|Species Clause: Limit one of each Pokémon
|rule|OHKO Clause: OHKO moves are banned
|rule|Evasion Items Clause: Evasion items are banned
|rule|Evasion Moves Clause: Evasion moves are banned
|rule|Sleep Moves Clause: Sleep-inducing moves are banned
|clearpoke
|poke|p1|Landorus-Therian, M|
|poke|p1|Corviknight, F|
|poke|p1|Glimmora, M|
|poke|p1|Iron Moth|
|poke|p1|Cinderace, M|
|poke|p1|Dondozo, F|
|poke|p2|Gardevoir, M|
|poke|p2|Ursaluna, M|
|poke|p2|Scizor, M|
|poke|p2|Bellibolt, F|
|poke|p2|Cresselia, F|
|poke|p2|Samurott-Hisui, F|
|teampreview
|
|t:|1743837055
|start
|switch|p1a: Dondozo|Dondozo, F|100/100
|switch|p2a: Gardevoir|Gardevoir, M|100/100
|-ability|p2a: Gardevoir|Unaware|[from] ability: Trace|[of] p1a: Dondozo
|turn|1
|
|t:|1743837076
|move|p2a: Gardevoir|Moonblast|p1a: Dondozo
|-damage|p1a: Dondozo|46/100
|-unboost|p1a: Dondozo|spa|1
|move|p1a: Dondozo|Curse|p1a: Dondozo
|-unboost|p1a: Dondozo|spe|1
|-boost|p1a: Dondozo|atk|1
|-boost|p1a: Dondozo|def|1
|
|-heal|p1a: Dondozo|52/100|[from] item: Leftovers
|upkeep
|turn|2
|
|t:|1743837091
|switch|p1a: Cinderace|Cinderace, M|100/100
|move|p2a: Gardevoir|Moonblast|p1a: Cinderace
|-resisted|p1a: Cinderace
|-damage|p1a: Cinderace|43/100
|
|upkeep
|turn|3
|
|t:|1743837099
|switch|p2a: Bellibolt|Bellibolt, F|100/100
|move|p1a: Cinderace|Gunk Shot|p2a: Bellibolt
|-start|p1a: Cinderace|typechange|Poison|[from] ability: Libero
|-damage|p2a: Bellibolt|58/100
|-start|p2a: Bellibolt|Charge|Gunk Shot|[from] ability: Electromorphosis
|
|upkeep
|turn|4
|
|t:|1743837112
|move|p1a: Cinderace|Gunk Shot|p2a: Bellibolt
|-damage|p2a: Bellibolt|12/100
|-start|p2a: Bellibolt|Charge|Gunk Shot|[from] ability: Electromorphosis
|move|p2a: Bellibolt|Chilling Water|p1a: Cinderace
|-damage|p1a: Cinderace|17/100
|-unboost|p1a: Cinderace|atk|1
|
|upkeep
|turn|5
|
|t:|1743837119
|switch|p2a: Surgery|Scizor, M, shiny|100/100
|move|p1a: Cinderace|Gunk Shot|p2a: Surgery
|-immune|p2a: Surgery
|
|upkeep
|turn|6
|
|t:|1743837130
|switch|p1a: Corviknight|Corviknight, F|100/100
|move|p2a: Surgery|Knock Off|p1a: Corviknight
|-damage|p1a: Corviknight|57/100
|-enditem|p1a: Corviknight|Leftovers|[from] move: Knock Off|[of] p2a: Surgery
|
|upkeep
|turn|7
|
|t:|1743837140
|switch|p2a: Bellibolt|Bellibolt, F|12/100
|move|p1a: Corviknight|Brave Bird|p2a: Bellibolt
|-resisted|p2a: Bellibolt
|-damage|p2a: Bellibolt|0 fnt
|-damage|p1a: Corviknight|41/100|[from] item: Rocky Helmet|[of] p2a: Bellibolt
|faint|p2a: Bellibolt
|-damage|p1a: Corviknight|37/100|[from] Recoil
|
|upkeep
|
|t:|1743837144
|switch|p2a: Samurott|Samurott-Hisui, F|100/100
|turn|8
|
|t:|1743837150
|move|p2a: Samurott|Ceaseless Edge|p1a: Corviknight|[miss]
|-miss|p2a: Samurott|p1a: Corviknight
|move|p1a: Corviknight|Body Press|p2a: Samurott
|-supereffective|p2a: Samurott
|-damage|p2a: Samurott|54/100
|
|upkeep
|turn|9
|
|t:|1743837158
|switch|p1a: Landorus|Landorus-Therian, M|100/100
|-ability|p1a: Landorus|Intimidate|boost
|-unboost|p2a: Samurott|atk|1
|move|p2a: Samurott|Ceaseless Edge|p1a: Landorus|[miss]
|-miss|p2a: Samurott|p1a: Landorus
|
|upkeep
|turn|10
|
|t:|1743837165
|move|p2a: Samurott|Ceaseless Edge|p1a: Landorus
|-damage|p1a: Landorus|65/100
|-sidestart|p1: ifeellikejohngotti|Spikes
|move|p1a: Landorus|U-turn|p2a: Samurott
|-supereffective|p2a: Samurott
|-damage|p2a: Samurott|0 fnt
|faint|p2a: Samurott
|
|t:|1743837172
|switch|p1a: Glimmora|Glimmora, M|100/100|[from] U-turn
|-damage|p1a: Glimmora|88/100|[from] Spikes
|
|-heal|p1a: Glimmora|94/100|[from] item: Black Sludge
|upkeep
|
|t:|1743837177
|switch|p2a: Surgery|Scizor, M, shiny|100/100
|turn|11
|
|t:|1743837184
|-terastallize|p2a: Surgery|Steel
|move|p1a: Glimmora|Spiky Shield|p1a: Glimmora
|-singleturn|p1a: Glimmora|move: Protect
|move|p2a: Surgery|Bullet Punch|p1a: Glimmora
|-activate|p1a: Glimmora|move: Protect
|-damage|p2a: Surgery|88/100|[from] Spiky Shield|[of] p1a: Glimmora
|
|-heal|p1a: Glimmora|100/100|[from] item: Black Sludge
|upkeep
|turn|12
|
|t:|1743837196
|move|p2a: Surgery|Bullet Punch|p1a: Glimmora
|-supereffective|p1a: Glimmora
|-damage|p1a: Glimmora|0 fnt
|faint|p1a: Glimmora
|
|upkeep
|
|t:|1743837203
|switch|p1a: Iron Moth|Iron Moth|100/100
|-damage|p1a: Iron Moth|88/100|[from] Spikes
|turn|13
|
|t:|1743837211
|switch|p2a: Gardevoir|Gardevoir, M|100/100
|move|p1a: Iron Moth|Fiery Dance|p2a: Gardevoir
|-damage|p2a: Gardevoir|55/100
|-boost|p1a: Iron Moth|spa|1
|
|upkeep
|turn|14
|
|t:|1743837218
|-terastallize|p1a: Iron Moth|Fire
|move|p1a: Iron Moth|Agility|p1a: Iron Moth
|-boost|p1a: Iron Moth|spe|2
|move|p2a: Gardevoir|Psyshock|p1a: Iron Moth
|-damage|p1a: Iron Moth|0 fnt
|faint|p1a: Iron Moth
|-end|p1a: Iron Moth|Quark Drive|[silent]
|
|upkeep
|
|t:|1743837225
|switch|p1a: Cinderace|Cinderace, M|17/100
|-ability|p2a: Gardevoir|Libero|[from] ability: Trace|[of] p1a: Cinderace
|-damage|p1a: Cinderace|5/100|[from] Spikes
|turn|15
|
|t:|1743837234
|switch|p2a: Cresselia|Cresselia, F|100/100
|move|p1a: Cinderace|U-turn|p2a: Cresselia
|-start|p1a: Cinderace|typechange|Bug|[from] ability: Libero
|-supereffective|p2a: Cresselia
|-damage|p2a: Cresselia|50/100
|
|t:|1743837239
|switch|p1a: Dondozo|Dondozo, F|52/100|[from] U-turn
|-damage|p1a: Dondozo|39/100|[from] Spikes
|
|-heal|p2a: Cresselia|57/100|[from] item: Leftovers
|-heal|p1a: Dondozo|45/100|[from] item: Leftovers
|upkeep
|turn|16
|
|t:|1743837252
|move|p2a: Cresselia|Calm Mind|p2a: Cresselia
|-boost|p2a: Cresselia|spa|1
|-boost|p2a: Cresselia|spd|1
|move|p1a: Dondozo|Curse|p1a: Dondozo
|-unboost|p1a: Dondozo|spe|1
|-boost|p1a: Dondozo|atk|1
|-boost|p1a: Dondozo|def|1
|
|-heal|p2a: Cresselia|63/100|[from] item: Leftovers
|-heal|p1a: Dondozo|51/100|[from] item: Leftovers
|upkeep
|turn|17
|inactive|Battle timer is ON: inactive players will automatically lose when time's up. (requested by ifeellikejohngotti)
|
|t:|1743837263
|move|p2a: Cresselia|Calm Mind|p2a: Cresselia
|-boost|p2a: Cresselia|spa|1
|-boost|p2a: Cresselia|spd|1
|move|p1a: Dondozo|Curse|p1a: Dondozo
|-unboost|p1a: Dondozo|spe|1
|-boost|p1a: Dondozo|atk|1
|-boost|p1a: Dondozo|def|1
|
|-heal|p2a: Cresselia|69/100|[from] item: Leftovers
|-heal|p1a: Dondozo|58/100|[from] item: Leftovers
|upkeep
|turn|18
|
|t:|1743837272
|move|p2a: Cresselia|Calm Mind|p2a: Cresselia
|-boost|p2a: Cresselia|spa|1
|-boost|p2a: Cresselia|spd|1
|move|p1a: Dondozo|Curse|p1a: Dondozo
|-unboost|p1a: Dondozo|spe|1
|-boost|p1a: Dondozo|atk|1
|-boost|p1a: Dondozo|def|1
|
|-heal|p2a: Cresselia|75/100|[from] item: Leftovers
|-heal|p1a: Dondozo|64/100|[from] item: Leftovers
|upkeep
|turn|19
|
|t:|1743837275
|move|p2a: Cresselia|Stored Power|p1a: Dondozo
|-damage|p1a: Dondozo|22/100
|move|p1a: Dondozo|Curse|p1a: Dondozo
|-unboost|p1a: Dondozo|spe|1
|-boost|p1a: Dondozo|atk|1
|-boost|p1a: Dondozo|def|1
|
|-heal|p2a: Cresselia|81/100|[from] item: Leftovers
|-heal|p1a: Dondozo|28/100|[from] item: Leftovers
|upkeep
|turn|20
|
|t:|1743837281
|move|p2a: Cresselia|Stored Power|p1a: Dondozo
|-damage|p1a: Dondozo|0 fnt
|faint|p1a: Dondozo
|
|-heal|p2a: Cresselia|87/100|[from] item: Leftovers
|upkeep
|
|t:|1743837284
|switch|p1a: Landorus|Landorus-Therian, M|65/100
|-ability|p1a: Landorus|Intimidate|boost
|-unboost|p2a: Cresselia|atk|1
|turn|21
|
|t:|1743837291
|move|p1a: Landorus|U-turn|p2a: Cresselia
|-supereffective|p2a: Cresselia
|-damage|p2a: Cresselia|32/100
|
|t:|1743837295
|switch|p1a: Cinderace|Cinderace, M|5/100|[from] U-turn
|-damage|p1a: Cinderace|0 fnt|[from] Spikes
|faint|p1a: Cinderace
|move|p2a: Cresselia|Stored Power|p1: Cinderace|[notarget]
|-fail|p2a: Cresselia
|
|-heal|p2a: Cresselia|38/100|[from] item: Leftovers
|upkeep
|
|t:|1743837298
|switch|p1a: Landorus|Landorus-Therian, M|65/100
|-ability|p1a: Landorus|Intimidate|boost
|-unboost|p2a: Cresselia|atk|1
|turn|22
|
|t:|1743837302
|move|p1a: Landorus|Stone Edge|p2a: Cresselia
|-damage|p2a: Cresselia|0 fnt
|faint|p2a: Cresselia
|
|upkeep
|
|t:|1743837309
|switch|p2a: Ursaluna|Ursaluna, M|100/100
|turn|23
|
|t:|1743837314
|switch|p1a: Corviknight|Corviknight, F|37/100
|move|p2a: Ursaluna|Ice Punch|p1a: Corviknight
|-damage|p1a: Corviknight|12/100
|
|upkeep
|turn|24
|
|t:|1743837318
|move|p1a: Corviknight|Body Press|p2a: Ursaluna
|-supereffective|p2a: Ursaluna
|-damage|p2a: Ursaluna|73/100
|move|p2a: Ursaluna|Earthquake|p1a: Corviknight
|-immune|p1a: Corviknight
|
|upkeep
|turn|25
|
|t:|1743837324
|move|p1a: Corviknight|Body Press|p2a: Ursaluna
|-supereffective|p2a: Ursaluna
|-damage|p2a: Ursaluna|47/100
|move|p2a: Ursaluna|Drain Punch|p1a: Corviknight
|-damage|p1a: Corviknight|0 fnt
|-heal|p2a: Ursaluna|52/100|[from] drain|[of] p1a: Corviknight
|faint|p1a: Corviknight
|
|upkeep
|
|t:|1743837328
|switch|p1a: Landorus|Landorus-Therian, M|65/100
|-ability|p1a: Landorus|Intimidate|boost
|-unboost|p2a: Ursaluna|atk|1
|turn|26
|
|t:|1743837335
|move|p1a: Landorus|Earthquake|p2a: Ursaluna
|-damage|p2a: Ursaluna|0 fnt
|faint|p2a: Ursaluna
|
|upkeep
|
|t:|1743837338
|switch|p2a: Gardevoir|Gardevoir, M|55/100
|-ability|p2a: Gardevoir|Intimidate|boost
|-unboost|p1a: Landorus|atk|1
|-ability|p2a: Gardevoir|Intimidate|[from] ability: Trace|[of] p1a: Landorus
|turn|27
|
|t:|1743837345
|move|p1a: Landorus|Earthquake|p2a: Gardevoir
|-damage|p2a: Gardevoir|0 fnt
|faint|p2a: Gardevoir
|
|upkeep
|
|t:|1743837348
|switch|p2a: Surgery|Scizor, M, shiny, tera:Steel|88/100
|turn|28
|
|t:|1743837351
|move|p2a: Surgery|Bullet Punch|p1a: Landorus
|-damage|p1a: Landorus|0 fnt
|faint|p1a: Landorus
|
|win|davo578
|raw|ifeellikejohngotti's rating: 1157 &rarr; <strong>1132</strong><br />(-25 for losing)
|raw|davo578's rating: 1162 &rarr; <strong>1187</strong><br />(+25 for winning)
|c|☆ifeellikejohngotti|gg
|l|☆davo578
|player|p2|
|l|☆ifeellikejohngotti
|player|p1|
