|j|☆Kainoa55
|j|☆Ash's First Girl
|t:|1743885331
|gametype|singles
|player|p1|Kainoa55|ingo|1286
|player|p2|Ash's First Girl|bruno-gen2|1265
|teamsize|p1|6
|teamsize|p2|6
|gen|9
|tier|[Gen 9] OU
|rated|
|rule|HP Percentage Mod: HP is shown in percentages
|rule|Endless Battle Clause: Forcing endless battles is banned
|rule|Species Clause: Limit one of each Pokémon
|rule|OHKO Clause: OHKO moves are banned
|rule|Evasion Items Clause: Evasion items are banned
|rule|Evasion Moves Clause: Evasion moves are banned
|rule|Sleep Moves Clause: Sleep-inducing moves are banned
|clearpoke
|poke|p1|Eelektross, F|
|poke|p1|Gallade, M|
|poke|p1|Ursaluna, F|
|poke|p1|Salamence, M|
|poke|p1|Froslass, F|
|poke|p1|Krookodile, F|
|poke|p2|Scizor, M|
|poke|p2|Tinkaton, F|
|poke|p2|Arcanine-Hisui, M|
|poke|p2|Zapdos|
|poke|p2|Primarina, F|
|poke|p2|Ursaluna, F|
|teampreview
|inactive|Battle timer is ON: inactive players will automatically lose when time's up. (requested by Kainoa55)
|c|☆Ash's First Girl|Eel
|
|t:|1743885363
|start
|switch|p1a: Froslass|Froslass, F|100/100
|switch|p2a: Toothfairy|Tinkaton, F|100/100
|turn|1
|
|t:|1743885386
|move|p1a: Froslass|Poltergeist|p2a: Toothfairy
|-activate|p2a: Toothfairy|move: Poltergeist|Eject Button
|-damage|p2a: Toothfairy|12/100
|-enditem|p2a: Toothfairy|Eject Button
|
|t:|1743885394
|switch|p2a: Dynamite|Arcanine-Hisui, M|100/100
|
|upkeep
|turn|2
|
|t:|1743885402
|switch|p1a: Krookodile|Krookodile, F|100/100
|move|p2a: Dynamite|Flare Blitz|p1a: Krookodile
|-damage|p1a: Krookodile|29/100
|
|upkeep
|turn|3
|
|t:|1743885412
|move|p2a: Dynamite|Flare Blitz|p1a: Krookodile
|-damage|p1a: Krookodile|0 fnt
|faint|p1a: Krookodile
|
|upkeep
|
|t:|1743885416
|switch|p1a: Ursaluna|Ursaluna, F|100/100
|turn|4
|
|t:|1743885435
|move|p1a: Ursaluna|Protect|p1a: Ursaluna
|-singleturn|p1a: Ursaluna|Protect
|move|p2a: Dynamite|Flare Blitz|p1a: Ursaluna
|-activate|p1a: Ursaluna|move: Protect
|
|-status|p1a: Ursaluna|brn|[from] item: Flame Orb
|upkeep
|turn|5
|
|t:|1743885443
|move|p2a: Dynamite|Flare Blitz|p1a: Ursaluna
|-damage|p1a: Ursaluna|55/100 brn
|move|p1a: Ursaluna|Earthquake|p2a: Dynamite
|-supereffective|p2a: Dynamite
|-damage|p2a: Dynamite|0 fnt
|faint|p2a: Dynamite
|
|-damage|p1a: Ursaluna|49/100 brn|[from] brn
|upkeep
|
|t:|1743885454
|switch|p2a: Baby|Primarina, F|100/100
|turn|6
|
|t:|1743885465
|-terastallize|p1a: Ursaluna|Poison
|move|p2a: Baby|Hyper Voice|p1a: Ursaluna
|-damage|p1a: Ursaluna|2/100 brn
|move|p1a: Ursaluna|Gunk Shot|p2a: Baby
|-supereffective|p2a: Baby
|-damage|p2a: Baby|0 fnt
|faint|p2a: Baby
|
|-damage|p1a: Ursaluna|0 fnt|[from] brn
|faint|p1a: Ursaluna
|upkeep
|
|t:|1743885486
|switch|p2a: Shawk|Zapdos|100/100
|switch|p1a: Froslass|Froslass, F|100/100
|turn|7
|
|t:|1743885495
|switch|p2a: Sylvester|Scizor, M|100/100
|move|p1a: Froslass|Ice Spinner|p2a: Sylvester
|-resisted|p2a: Sylvester
|-damage|p2a: Sylvester|78/100
|
|-heal|p2a: Sylvester|84/100|[from] item: Leftovers
|upkeep
|turn|8
|
|t:|1743885504
|switch|p1a: Eelektross|Eelektross, F|100/100
|move|p2a: Sylvester|Bullet Punch|p1a: Eelektross
|-resisted|p1a: Eelektross
|-damage|p1a: Eelektross|83/100
|
|-heal|p2a: Sylvester|90/100|[from] item: Leftovers
|upkeep
|turn|9
|
|t:|1743885517
|switch|p2a: Night|Ursaluna, F|100/100
|move|p1a: Eelektross|Grass Knot|p2a: Night
|-supereffective|p2a: Night
|-damage|p2a: Night|0 fnt
|faint|p2a: Night
|
|upkeep
|
|t:|1743885521
|switch|p2a: Sylvester|Scizor, M|90/100
|turn|10
|
|t:|1743885524
|switch|p1a: Salamence|Salamence, M|100/100
|-terastallize|p2a: Sylvester|Water
|move|p2a: Sylvester|Swords Dance|p2a: Sylvester
|-boost|p2a: Sylvester|atk|2
|
|-heal|p2a: Sylvester|96/100|[from] item: Leftovers
|upkeep
|turn|11
|
|t:|1743885545
|move|p2a: Sylvester|Bullet Punch|p1a: Salamence
|-damage|p1a: Salamence|11/100
|move|p1a: Salamence|Dragon Claw|p2a: Sylvester
|-damage|p2a: Sylvester|53/100
|
|-heal|p2a: Sylvester|59/100|[from] item: Leftovers
|upkeep
|turn|12
|
|t:|1743885553
|move|p2a: Sylvester|Bullet Punch|p1a: Salamence
|-damage|p1a: Salamence|0 fnt
|faint|p1a: Salamence
|
|-heal|p2a: Sylvester|65/100|[from] item: Leftovers
|upkeep
|
|t:|1743885555
|switch|p1a: Eelektross|Eelektross, F|83/100
|turn|13
|
|t:|1743885558
|move|p2a: Sylvester|Bug Bite|p1a: Eelektross
|-damage|p1a: Eelektross|0 fnt
|faint|p1a: Eelektross
|
|-heal|p2a: Sylvester|71/100|[from] item: Leftovers
|upkeep
|
|t:|1743885565
|switch|p1a: Froslass|Froslass, F|100/100
|turn|14
|
|t:|1743885568
|move|p2a: Sylvester|Bullet Punch|p1a: Froslass
|-supereffective|p1a: Froslass
|-damage|p1a: Froslass|0 fnt
|faint|p1a: Froslass
|
|-heal|p2a: Sylvester|77/100|[from] item: Leftovers
|upkeep
|-message|Kainoa55 forfeited.
|
|win|Ash's First Girl
|raw|Kainoa55's rating: 1286 &rarr; <strong>1259</strong><br />(-27 for losing)
|raw|Ash&apos;s First Girl's rating: 1265 &rarr; <strong>1292</strong><br />(+27 for winning)
|l|☆Kainoa55
|player|p1|
|l|☆Ash's First Girl
|player|p2|
