|j|☆Topclass-A
|j|☆maractus' no1 fan
|t:|1743916327
|gametype|singles
|player|p1|Topclass-A|169|1642
|player|p2|maractus' no1 fan|pokemonbreeder-gen4|1592
|teamsize|p1|6
|teamsize|p2|6
|gen|9
|tier|[Gen 9] OU
|rated|
|rule|HP Percentage Mod: HP is shown in percentages
|rule|Endless Battle Clause: Forcing endless battles is banned
|rule|Species Clause: Limit one of each Pokémon
|rule|OHKO Clause: OHKO moves are banned
|rule|Evasion Items Clause: Evasion items are banned
|rule|Evasion Moves Clause: Evasion moves are banned
|rule|Sleep Moves Clause: Sleep-inducing moves are banned
|clearpoke
|poke|p1|Samurott-Hisui, F|
|poke|p1|Kingambit, F|
|poke|p1|Great Tusk|
|poke|p1|Ogerpon-Wellspring, F|
|poke|p1|Landorus-Therian, M|
|poke|p1|Moltres|
|poke|p2|Blastoise, M|
|poke|p2|Pelipper, M|
|poke|p2|Dragapult, M|
|poke|p2|Latias, F|
|poke|p2|Azumarill, F|
|poke|p2|Iron Treads|
|teampreview
|inactive|Battle timer is ON: inactive players will automatically lose when time's up. (requested by Topclass-A)
|
|t:|1743916332
|start
|switch|p1a: Samurott|Samurott-Hisui, F|100/100
|switch|p2a: Iron Treads|Iron Treads|100/100
|turn|1
|
|t:|1743916335
|move|p2a: Iron Treads|Stealth Rock|p1a: Samurott
|-sidestart|p1: Topclass-A|move: Stealth Rock
|move|p1a: Samurott|Aqua Cutter|p2a: Iron Treads
|-supereffective|p2a: Iron Treads
|-damage|p2a: Iron Treads|8/100
|
|upkeep
|turn|2
|
|t:|1743916341
|move|p2a: Iron Treads|Earthquake|p1a: Samurott
|-damage|p1a: Samurott|44/100
|move|p1a: Samurott|Ceaseless Edge|p2a: Iron Treads
|-damage|p2a: Iron Treads|0 fnt
|-sidestart|p2: maractus' no1 fan|Spikes
|faint|p2a: Iron Treads
|-end|p2a: Iron Treads|Quark Drive|[silent]
|
|upkeep
|
|t:|1743916356
|switch|p2a: Pelipper|Pelipper, M|100/100
|-weather|RainDance|[from] ability: Drizzle|[of] p2a: Pelipper
|turn|3
|j| happy snake year
|
|t:|1743916363
|move|p1a: Samurott|Ceaseless Edge|p2a: Pelipper
|-damage|p2a: Pelipper|63/100
|-sidestart|p2: maractus' no1 fan|Spikes
|move|p2a: Pelipper|Hurricane|p1a: Samurott
|-damage|p1a: Samurott|0 fnt
|faint|p1a: Samurott
|
|-weather|RainDance|[upkeep]
|upkeep
|
|t:|1743916371
|switch|p1a: Kingambit|Kingambit, F|100/100
|-damage|p1a: Kingambit|94/100|[from] Stealth Rock
|-activate|p1a: Kingambit|ability: Supreme Overlord
|-start|p1a: Kingambit|fallen1|[silent]
|turn|4
|
|t:|1743916376
|move|p1a: Kingambit|Kowtow Cleave|p2a: Pelipper
|-damage|p2a: Pelipper|14/100
|move|p2a: Pelipper|Weather Ball|p1a: Kingambit
|-damage|p1a: Kingambit|35/100
|
|-weather|RainDance|[upkeep]
|upkeep
|turn|5
|
|t:|1743916387
|switch|p2a: Azumarill|Azumarill, F|100/100
|-damage|p2a: Azumarill|84/100|[from] Spikes
|move|p1a: Kingambit|Kowtow Cleave|p2a: Azumarill
|-resisted|p2a: Azumarill
|-damage|p2a: Azumarill|52/100
|
|-weather|RainDance|[upkeep]
|upkeep
|turn|6
|
|t:|1743916400
|move|p2a: Azumarill|Aqua Jet|p1a: Kingambit
|-damage|p1a: Kingambit|0 fnt
|faint|p1a: Kingambit
|-end|p1a: Kingambit|fallen1|[silent]
|
|-weather|RainDance|[upkeep]
|upkeep
|
|t:|1743916404
|switch|p1a: Ogerpon|Ogerpon-Wellspring, F|100/100
|-damage|p1a: Ogerpon|88/100|[from] Stealth Rock
|turn|7
|
|t:|1743916406
|move|p1a: Ogerpon|Power Whip|p2a: Azumarill|[miss]
|-miss|p1a: Ogerpon|p2a: Azumarill
|move|p2a: Azumarill|Play Rough|p1a: Ogerpon
|-damage|p1a: Ogerpon|9/100
|-unboost|p1a: Ogerpon|atk|1
|
|-weather|RainDance|[upkeep]
|upkeep
|turn|8
|
|t:|1743916412
|move|p1a: Ogerpon|Power Whip|p2a: Azumarill
|-supereffective|p2a: Azumarill
|-damage|p2a: Azumarill|0 fnt
|faint|p2a: Azumarill
|
|-weather|RainDance|[upkeep]
|upkeep
|
|t:|1743916424
|switch|p2a: Latias|Latias, F|100/100
|turn|9
|
|t:|1743916427
|move|p1a: Ogerpon|Knock Off|p2a: Latias
|-supereffective|p2a: Latias
|-damage|p2a: Latias|62/100
|-enditem|p2a: Latias|Weakness Policy
|-boost|p2a: Latias|atk|2|[from] item: Weakness Policy
|-boost|p2a: Latias|spa|2|[from] item: Weakness Policy
|move|p2a: Latias|Agility|p2a: Latias
|-boost|p2a: Latias|spe|2
|
|-weather|RainDance|[upkeep]
|upkeep
|turn|10
|
|t:|1743916430
|move|p2a: Latias|Stored Power|p1a: Ogerpon
|-damage|p1a: Ogerpon|0 fnt
|faint|p1a: Ogerpon
|
|-weather|none
|upkeep
|
|t:|1743916433
|switch|p1a: Moltres|Moltres|100/100
|turn|11
|
|t:|1743916439
|move|p2a: Latias|Stored Power|p1a: Moltres
|-damage|p1a: Moltres|24/100
|move|p1a: Moltres|U-turn|p2a: Latias
|-supereffective|p2a: Latias
|-damage|p2a: Latias|38/100
|
|t:|1743916446
|switch|p1a: Great Tusk|Great Tusk|100/100|[from] U-turn
|-damage|p1a: Great Tusk|98/100|[from] Stealth Rock
|-enditem|p1a: Great Tusk|Booster Energy
|-activate|p1a: Great Tusk|ability: Protosynthesis|[fromitem]
|-start|p1a: Great Tusk|protosynthesisatk
|
|upkeep
|turn|12
|
|t:|1743916458
|move|p2a: Latias|Stored Power|p1a: Great Tusk
|-supereffective|p1a: Great Tusk
|-damage|p1a: Great Tusk|0 fnt
|faint|p1a: Great Tusk
|-end|p1a: Great Tusk|Protosynthesis|[silent]
|
|upkeep
|-message|Topclass-A forfeited.
|
|win|maractus' no1 fan
|raw|Topclass-A's rating: 1642 &rarr; <strong>1619</strong><br />(-23 for losing)
|raw|maractus&apos; no1 fan's rating: 1592 &rarr; <strong>1615</strong><br />(+23 for winning)
|l|☆Topclass-A
|player|p1|
|l|☆maractus' no1 fan
|player|p2|
|l| happy snake year
