|j|☆azzertttty
|j|‽itsumade mars
|t:|1743890011
|gametype|singles
|player|p1|azzertttty|skier|1339
|player|p2|itsumade mars|drayden|1331
|teamsize|p1|6
|teamsize|p2|6
|gen|9
|tier|[Gen 9] OU
|rated|
|rule|HP Percentage Mod: HP is shown in percentages
|rule|Endless Battle Clause: Forcing endless battles is banned
|rule|Species Clause: Limit one of each Pokémon
|rule|OHKO Clause: OHKO moves are banned
|rule|Evasion Items Clause: Evasion items are banned
|rule|Evasion Moves Clause: Evasion moves are banned
|rule|Sleep Moves Clause: Sleep-inducing moves are banned
|clearpoke
|poke|p1|Glimmora, M|
|poke|p1|Kingambit, F|
|poke|p1|Darkrai|
|poke|p1|Zamazenta-*|
|poke|p1|Dragonite, F|
|poke|p1|Iron Valiant|
|poke|p2|Slowking-Galar, M|
|poke|p2|Skeledirge, M|
|poke|p2|Froslass, F|
|poke|p2|Araquanid, M|
|poke|p2|Landorus-Therian, M|
|poke|p2|Great Tusk|
|teampreview
|inactive|Battle timer is ON: inactive players will automatically lose when time's up. (requested by itsumade mars)
|
|t:|1743890024
|start
|switch|p1a: Glimmora|Glimmora, M|100/100
|switch|p2a: Landorus|Landorus-Therian, M|100/100
|-ability|p2a: Landorus|Intimidate|boost
|-unboost|p1a: Glimmora|atk|1
|turn|1
|
|t:|1743890040
|move|p2a: Landorus|Gravity|p2a: Landorus
|-fieldstart|move: Gravity
|move|p1a: Glimmora|Power Gem|p2a: Landorus
|-damage|p2a: Landorus|43/100
|
|upkeep
|turn|2
|
|t:|1743890056
|move|p2a: Landorus|Sandsear Storm|p1a: Glimmora
|-supereffective|p1a: Glimmora
|-enditem|p1a: Glimmora|Focus Sash
|-damage|p1a: Glimmora|1/100
|move|p1a: Glimmora|Power Gem|p2a: Landorus
|-damage|p2a: Landorus|0 fnt
|faint|p2a: Landorus
|
|upkeep
|
|t:|1743890071
|switch|p2a: Slowking|Slowking-Galar, M|100/100
|turn|3
|
|t:|1743890075
|move|p1a: Glimmora|Earth Power|p2a: Slowking
|-supereffective|p2a: Slowking
|-damage|p2a: Slowking|49/100
|-prepare|p2a: Slowking|Chilly Reception|[premajor]
|move|p2a: Slowking|Chilly Reception|p2a: Slowking
|-weather|Snowscape
|
|t:|1743890078
|switch|p2a: Froslass|Froslass, F|100/100|[from] Chilly Reception
|
|-weather|Snowscape|[upkeep]
|upkeep
|turn|4
|
|t:|1743890084
|move|p2a: Froslass|Night Shade|p1a: Glimmora
|-damage|p1a: Glimmora|0 fnt
|faint|p1a: Glimmora
|
|-weather|Snowscape|[upkeep]
|upkeep
|
|t:|1743890093
|switch|p1a: Zamazenta|Zamazenta|100/100
|-ability|p1a: Zamazenta|Dauntless Shield|boost
|-boost|p1a: Zamazenta|def|1
|turn|5
|
|t:|1743890101
|move|p1a: Zamazenta|Crunch|p2a: Froslass
|-supereffective|p2a: Froslass
|-damage|p2a: Froslass|60/100
|-start|p1a: Zamazenta|Disable|Crunch|[from] ability: Cursed Body|[of] p2a: Froslass
|move|p2a: Froslass|Aurora Veil|p2a: Froslass
|-sidestart|p2: itsumade mars|move: Aurora Veil
|
|-weather|Snowscape|[upkeep]
|-fieldend|move: Gravity
|upkeep
|turn|6
|
|t:|1743890111
|move|p2a: Froslass|Will-O-Wisp|p1a: Zamazenta|[miss]
|-miss|p2a: Froslass|p1a: Zamazenta
|move|p1a: Zamazenta|Roar|p2a: Froslass
|drag|p2a: Araquanid|Araquanid, M|100/100
|
|-weather|Snowscape|[upkeep]
|upkeep
|turn|7
|
|t:|1743890118
|move|p1a: Zamazenta|Body Press|p2a: Araquanid
|-resisted|p2a: Araquanid
|-damage|p2a: Araquanid|90/100
|move|p2a: Araquanid|Sticky Web|p1a: Zamazenta
|-sidestart|p1: azzertttty|move: Sticky Web
|
|-weather|Snowscape|[upkeep]
|upkeep
|turn|8
|
|t:|1743890135
|switch|p2a: Slowking|Slowking-Galar, M|82/100
|move|p1a: Zamazenta|Roar|p2a: Slowking
|drag|p2a: Froslass|Froslass, F|60/100
|
|-weather|Snowscape|[upkeep]
|-end|p1a: Zamazenta|Disable
|upkeep
|turn|9
|
|t:|1743890143
|move|p1a: Zamazenta|Crunch|p2a: Froslass
|-supereffective|p2a: Froslass
|-damage|p2a: Froslass|39/100
|move|p2a: Froslass|Will-O-Wisp|p1a: Zamazenta
|-status|p1a: Zamazenta|brn
|
|-weather|Snowscape|[upkeep]
|-damage|p1a: Zamazenta|94/100 brn|[from] brn
|upkeep
|turn|10
|
|t:|1743890157
|move|p1a: Zamazenta|Crunch|p2a: Froslass
|-supereffective|p2a: Froslass
|-damage|p2a: Froslass|29/100
|-unboost|p2a: Froslass|def|1
|-start|p1a: Zamazenta|Disable|Crunch|[from] ability: Cursed Body|[of] p2a: Froslass
|move|p2a: Froslass|Night Shade|p1a: Zamazenta
|-damage|p1a: Zamazenta|69/100 brn
|
|-weather|none
|-heal|p1a: Zamazenta|75/100 brn|[from] item: Leftovers
|-damage|p1a: Zamazenta|69/100 brn|[from] brn
|upkeep
|turn|11
|
|t:|1743890171
|switch|p1a: Dragonite|Dragonite, F|100/100
|move|p2a: Froslass|Night Shade|p1a: Dragonite
|-damage|p1a: Dragonite|70/100
|
|upkeep
|turn|12
|
|t:|1743890179
|move|p2a: Froslass|Will-O-Wisp|p1a: Dragonite|[miss]
|-miss|p2a: Froslass|p1a: Dragonite
|move|p1a: Dragonite|Earthquake|p2a: Froslass
|-damage|p2a: Froslass|0 fnt
|faint|p2a: Froslass
|
|-sideend|p2: itsumade mars|move: Aurora Veil
|upkeep
|
|t:|1743890188
|switch|p2a: Great Tusk|Great Tusk|100/100
|turn|13
|
|t:|1743890195
|switch|p1a: Zamazenta|Zamazenta|69/100 brn
|-activate|p1a: Zamazenta|move: Sticky Web
|-unboost|p1a: Zamazenta|spe|1
|move|p2a: Great Tusk|Bulk Up|p2a: Great Tusk
|-boost|p2a: Great Tusk|atk|1
|-boost|p2a: Great Tusk|def|1
|
|-heal|p1a: Zamazenta|75/100 brn|[from] item: Leftovers
|-damage|p1a: Zamazenta|69/100 brn|[from] brn
|upkeep
|turn|14
|
|t:|1743890200
|move|p2a: Great Tusk|Headlong Rush|p1a: Zamazenta
|-damage|p1a: Zamazenta|0 fnt
|-unboost|p2a: Great Tusk|def|1
|-unboost|p2a: Great Tusk|spd|1
|faint|p1a: Zamazenta
|
|upkeep
|
|t:|1743890207
|switch|p1a: Iron Valiant|Iron Valiant|100/100
|-activate|p1a: Iron Valiant|move: Sticky Web
|-unboost|p1a: Iron Valiant|spe|1
|-enditem|p1a: Iron Valiant|Booster Energy
|-activate|p1a: Iron Valiant|ability: Quark Drive|[fromitem]
|-start|p1a: Iron Valiant|quarkdrivespa
|turn|15
|
|t:|1743890235
|move|p2a: Great Tusk|Headlong Rush|p1a: Iron Valiant
|-damage|p1a: Iron Valiant|0 fnt
|-unboost|p2a: Great Tusk|def|1
|-unboost|p2a: Great Tusk|spd|1
|faint|p1a: Iron Valiant
|-end|p1a: Iron Valiant|Quark Drive|[silent]
|
|upkeep
|
|t:|1743890240
|switch|p1a: Dragonite|Dragonite, F|70/100
|turn|16
|
|t:|1743890258
|move|p1a: Dragonite|Extreme Speed|p2a: Great Tusk
|-damage|p2a: Great Tusk|67/100
|move|p2a: Great Tusk|Knock Off|p1a: Dragonite
|-damage|p1a: Dragonite|14/100
|-enditem|p1a: Dragonite|Heavy-Duty Boots|[from] move: Knock Off|[of] p2a: Great Tusk
|
|upkeep
|turn|17
|
|t:|1743890282
|-end|p2a: Great Tusk|Protosynthesis|[silent]
|switch|p2a: Araquanid|Araquanid, M|90/100
|move|p1a: Dragonite|Extreme Speed|p2a: Araquanid
|-damage|p2a: Araquanid|59/100
|
|upkeep
|turn|18
|
|t:|1743890293
|move|p1a: Dragonite|Ice Spinner|p2a: Araquanid
|-resisted|p2a: Araquanid
|-damage|p2a: Araquanid|45/100
|move|p2a: Araquanid|Reflect|p2a: Araquanid
|-sidestart|p2: itsumade mars|Reflect
|
|upkeep
|turn|19
|
|t:|1743890306
|switch|p2a: Great Tusk|Great Tusk|67/100
|move|p1a: Dragonite|Extreme Speed|p2a: Great Tusk
|-crit|p2a: Great Tusk
|-damage|p2a: Great Tusk|35/100
|
|upkeep
|turn|20
|
|t:|1743890314
|move|p1a: Dragonite|Extreme Speed|p2a: Great Tusk
|-damage|p2a: Great Tusk|24/100
|move|p2a: Great Tusk|Bulk Up|p2a: Great Tusk
|-boost|p2a: Great Tusk|atk|1
|-boost|p2a: Great Tusk|def|1
|
|upkeep
|turn|21
|
|t:|1743890318
|move|p1a: Dragonite|Extreme Speed|p2a: Great Tusk
|-damage|p2a: Great Tusk|17/100
|move|p2a: Great Tusk|Rapid Spin|p1a: Dragonite
|-damage|p1a: Dragonite|0 fnt
|-boost|p2a: Great Tusk|spe|1
|faint|p1a: Dragonite
|
|upkeep
|
|t:|1743890324
|switch|p1a: Darkrai|Darkrai|100/100
|-activate|p1a: Darkrai|move: Sticky Web
|-unboost|p1a: Darkrai|spe|1
|turn|22
|
|t:|1743890342
|move|p2a: Great Tusk|Headlong Rush|p1a: Darkrai
|-damage|p1a: Darkrai|0 fnt
|-unboost|p2a: Great Tusk|def|1
|-unboost|p2a: Great Tusk|spd|1
|faint|p1a: Darkrai
|
|-sideend|p2: itsumade mars|Reflect
|upkeep
|
|t:|1743890344
|switch|p1a: Kingambit|Kingambit, F|100/100
|-activate|p1a: Kingambit|move: Sticky Web
|-unboost|p1a: Kingambit|spe|1
|-activate|p1a: Kingambit|ability: Supreme Overlord
|-start|p1a: Kingambit|fallen5|[silent]
|turn|23
|
|t:|1743890361
|move|p1a: Kingambit|Sucker Punch||[still]
|-fail|p1a: Kingambit
|move|p2a: Great Tusk|Bulk Up|p2a: Great Tusk
|-boost|p2a: Great Tusk|atk|1
|-boost|p2a: Great Tusk|def|1
|
|upkeep
|turn|24
|
|t:|1743890376
|-terastallize|p1a: Kingambit|Flying
|move|p2a: Great Tusk|Headlong Rush|p1a: Kingambit
|-immune|p1a: Kingambit
|move|p1a: Kingambit|Kowtow Cleave|p2a: Great Tusk
|-resisted|p2a: Great Tusk
|-damage|p2a: Great Tusk|0 fnt
|faint|p2a: Great Tusk
|-end|p2a: Great Tusk|Protosynthesis|[silent]
|
|upkeep
|inactive|itsumade mars has 120 seconds left.
|
|t:|1743890400
|switch|p2a: Skeledirge|Skeledirge, M|100/100
|turn|25
|
|t:|1743890410
|move|p2a: Skeledirge|Will-O-Wisp|p1a: Kingambit|[miss]
|-miss|p2a: Skeledirge|p1a: Kingambit
|move|p1a: Kingambit|Kowtow Cleave|p2a: Skeledirge
|-supereffective|p2a: Skeledirge
|-enditem|p2a: Skeledirge|Colbur Berry|[eat]
|-enditem|p2a: Skeledirge|Colbur Berry|[weaken]
|-damage|p2a: Skeledirge|23/100
|
|upkeep
|turn|26
|
|t:|1743890419
|move|p2a: Skeledirge|Will-O-Wisp|p1a: Kingambit
|-status|p1a: Kingambit|brn
|move|p1a: Kingambit|Kowtow Cleave|p2a: Skeledirge
|-supereffective|p2a: Skeledirge
|-damage|p2a: Skeledirge|0 fnt
|faint|p2a: Skeledirge
|
|-damage|p1a: Kingambit|94/100 brn|[from] brn
|upkeep
|
|t:|1743890427
|switch|p2a: Araquanid|Araquanid, M|45/100
|turn|27
|
|t:|1743890431
|move|p1a: Kingambit|Sucker Punch||[still]
|-fail|p1a: Kingambit
|move|p2a: Araquanid|Reflect|p2a: Araquanid
|-sidestart|p2: itsumade mars|Reflect
|
|-damage|p1a: Kingambit|88/100 brn|[from] brn
|upkeep
|turn|28
|
|t:|1743890437
|move|p1a: Kingambit|Sucker Punch|p2a: Araquanid
|-damage|p2a: Araquanid|26/100
|move|p2a: Araquanid|Liquidation|p1a: Kingambit
|-damage|p1a: Kingambit|39/100 brn
|
|-damage|p1a: Kingambit|33/100 brn|[from] brn
|upkeep
|turn|29
|
|t:|1743890444
|move|p1a: Kingambit|Low Kick|p2a: Araquanid
|-resisted|p2a: Araquanid
|-damage|p2a: Araquanid|21/100
|move|p2a: Araquanid|Liquidation|p1a: Kingambit
|-damage|p1a: Kingambit|0 fnt
|faint|p1a: Kingambit
|-end|p1a: Kingambit|fallen5|[silent]
|
|win|itsumade mars
|raw|azzertttty's rating: 1339 &rarr; <strong>1319</strong><br />(-20 for losing)
|raw|itsumade mars's rating: 1331 &rarr; <strong>1351</strong><br />(+20 for winning)
|l|☆azzertttty
|player|p1|
|l|‽itsumade mars
|player|p2|
