|j|☆coconutwader
|j|☆technogiri
|t:|1743917339
|gametype|singles
|player|p1|coconutwader|blue|1119
|player|p2|technogiri|marshal|1146
|teamsize|p1|6
|teamsize|p2|6
|gen|9
|tier|[Gen 9] OU
|rated|
|rule|HP Percentage Mod: HP is shown in percentages
|rule|Endless Battle Clause: Forcing endless battles is banned
|rule|Species Clause: Limit one of each Pokémon
|rule|OHKO Clause: OHKO moves are banned
|rule|Evasion Items Clause: Evasion items are banned
|rule|Evasion Moves Clause: Evasion moves are banned
|rule|Sleep Moves Clause: Sleep-inducing moves are banned
|clearpoke
|poke|p1|Samurott-Hisui, F|
|poke|p1|Gliscor, M|
|poke|p1|Great Tusk|
|poke|p1|Tinkaton, F|
|poke|p1|Dragapult, F|
|poke|p1|Garganacl, F|
|poke|p2|Ogerpon, F|
|poke|p2|Greninja-*, F|
|poke|p2|Forretress, F|
|poke|p2|Goodra-Hisui, F|
|poke|p2|Thundurus-Therian, M|
|poke|p2|Revavroom, M|
|teampreview
|inactive|Battle timer is ON: inactive players will automatically lose when time's up. (requested by technogiri)
|
|t:|1743917347
|start
|switch|p1a: Great Tusk|Great Tusk|100/100
|switch|p2a: Thundurus|Thundurus-Therian, M|100/100
|turn|1
|
|t:|1743917355
|move|p2a: Thundurus|Sludge Wave|p1a: Great Tusk
|-resisted|p1a: Great Tusk
|-damage|p1a: Great Tusk|74/100
|move|p1a: Great Tusk|Ice Spinner|p2a: Thundurus
|-supereffective|p2a: Thundurus
|-damage|p2a: Thundurus|19/100
|
|upkeep
|turn|2
|
|t:|1743917363
|move|p2a: Thundurus|Sludge Wave|p1a: Great Tusk
|-resisted|p1a: Great Tusk
|-damage|p1a: Great Tusk|48/100
|move|p1a: Great Tusk|Ice Spinner|p2a: Thundurus
|-supereffective|p2a: Thundurus
|-damage|p2a: Thundurus|0 fnt
|faint|p2a: Thundurus
|
|upkeep
|
|t:|1743917368
|switch|p2a: Revavroom|Revavroom, M|100/100
|-item|p2a: Revavroom|Air Balloon
|turn|3
|
|t:|1743917378
|move|p1a: Great Tusk|Rapid Spin|p2a: Revavroom
|-resisted|p2a: Revavroom
|-damage|p2a: Revavroom|92/100
|-boost|p1a: Great Tusk|spe|1
|-enditem|p2a: Revavroom|Air Balloon
|move|p2a: Revavroom|Shift Gear|p2a: Revavroom
|-boost|p2a: Revavroom|spe|2
|-boost|p2a: Revavroom|atk|1
|
|upkeep
|turn|4
|
|t:|1743917397
|move|p2a: Revavroom|Poison Jab|p1a: Great Tusk
|-resisted|p1a: Great Tusk
|-damage|p1a: Great Tusk|27/100
|-damage|p2a: Revavroom|75/100|[from] item: Rocky Helmet|[of] p1a: Great Tusk
|move|p1a: Great Tusk|Headlong Rush|p2a: Revavroom
|-supereffective|p2a: Revavroom
|-damage|p2a: Revavroom|0 fnt
|-unboost|p1a: Great Tusk|def|1
|-unboost|p1a: Great Tusk|spd|1
|faint|p2a: Revavroom
|
|upkeep
|
|t:|1743917407
|switch|p2a: Greninja|Greninja, F|100/100
|turn|5
|
|t:|1743917411
|move|p1a: Great Tusk|Close Combat|p2a: Greninja
|-supereffective|p2a: Greninja
|-damage|p2a: Greninja|0 fnt
|-unboost|p1a: Great Tusk|def|1
|-unboost|p1a: Great Tusk|spd|1
|faint|p2a: Greninja
|
|upkeep
|
|t:|1743917416
|switch|p2a: Forretress|Forretress, F|100/100
|turn|6
|
|t:|1743917419
|move|p1a: Great Tusk|Headlong Rush|p2a: Forretress
|-damage|p2a: Forretress|68/100
|-unboost|p1a: Great Tusk|def|1
|-unboost|p1a: Great Tusk|spd|1
|move|p2a: Forretress|Body Press|p1a: Great Tusk
|-damage|p1a: Great Tusk|0 fnt
|-damage|p2a: Forretress|51/100|[from] item: Rocky Helmet|[of] p1a: Great Tusk
|faint|p1a: Great Tusk
|-end|p1a: Great Tusk|Protosynthesis|[silent]
|
|upkeep
|
|t:|1743917433
|switch|p1a: Garganacl|Garganacl, F|100/100
|turn|7
|
|t:|1743917437
|move|p1a: Garganacl|Salt Cure|p2a: Forretress
|-damage|p2a: Forretress|43/100
|-start|p2a: Forretress|Salt Cure
|move|p2a: Forretress|Stealth Rock|p1a: Garganacl
|-sidestart|p1: coconutwader|move: Stealth Rock
|
|-damage|p2a: Forretress|19/100|[from] Salt Cure
|upkeep
|turn|8
|
|t:|1743917455
|move|p1a: Garganacl|Earthquake|p2a: Forretress
|-damage|p2a: Forretress|5/100
|move|p2a: Forretress|Gyro Ball|p1a: Garganacl
|-supereffective|p1a: Garganacl
|-damage|p1a: Garganacl|87/100
|
|-heal|p1a: Garganacl|93/100|[from] item: Leftovers
|-damage|p2a: Forretress|0 fnt|[from] Salt Cure
|faint|p2a: Forretress
|upkeep
|
|t:|1743917460
|switch|p2a: Ogerpon|Ogerpon, F|100/100
|turn|9
|
|t:|1743917468
|-terastallize|p2a: Ogerpon|Grass
|detailschange|p2a: Ogerpon|Ogerpon-Teal-Tera, F, tera:Grass
|-ability|p2a: Ogerpon|Embody Aspect (Teal)|boost
|-boost|p2a: Ogerpon|spe|1
|move|p2a: Ogerpon|Ivy Cudgel|p1a: Garganacl
|-supereffective|p1a: Garganacl
|-damage|p1a: Garganacl|0 fnt
|faint|p1a: Garganacl
|
|upkeep
|
|t:|1743917492
|switch|p1a: Tinkaton|Tinkaton, F|100/100
|-damage|p1a: Tinkaton|94/100|[from] Stealth Rock
|-item|p1a: Tinkaton|Air Balloon
|turn|10
|
|t:|1743917499
|move|p2a: Ogerpon|Ivy Cudgel|p1a: Tinkaton
|-resisted|p1a: Tinkaton
|-damage|p1a: Tinkaton|30/100
|-enditem|p1a: Tinkaton|Air Balloon
|move|p1a: Tinkaton|Gigaton Hammer|p2a: Ogerpon
|-damage|p2a: Ogerpon|40/100
|
|upkeep
|turn|11
|
|t:|1743917507
|move|p2a: Ogerpon|Ivy Cudgel|p1a: Tinkaton
|-resisted|p1a: Tinkaton
|-crit|p1a: Tinkaton
|-damage|p1a: Tinkaton|0 fnt
|faint|p1a: Tinkaton
|
|upkeep
|
|t:|1743917512
|switch|p1a: Dragapult|Dragapult, F|100/100
|turn|12
|
|t:|1743917515
|move|p2a: Ogerpon|Ivy Cudgel|p1a: Dragapult
|-resisted|p1a: Dragapult
|-damage|p1a: Dragapult|28/100
|move|p1a: Dragapult|Draco Meteor|p2a: Ogerpon
|-damage|p2a: Ogerpon|0 fnt
|-unboost|p1a: Dragapult|spa|2
|faint|p2a: Ogerpon
|
|upkeep
|
|t:|1743917519
|switch|p2a: Goodra|Goodra-Hisui, F|100/100
|turn|13
|
|t:|1743917527
|move|p1a: Dragapult|U-turn|p2a: Goodra
|-resisted|p2a: Goodra
|-damage|p2a: Goodra|93/100
|
|t:|1743917532
|switch|p1a: Samurott|Samurott-Hisui, F|100/100|[from] U-turn
|move|p2a: Goodra|Dragon Tail|p1a: Samurott|[miss]
|-miss|p2a: Goodra|p1a: Samurott
|
|upkeep
|turn|14
|
|t:|1743917538
|move|p1a: Samurott|Knock Off|p2a: Goodra
|-damage|p2a: Goodra|53/100
|-enditem|p2a: Goodra|Assault Vest|[from] move: Knock Off|[of] p1a: Samurott
|move|p2a: Goodra|Acid Spray|p1a: Samurott
|-damage|p1a: Samurott|80/100
|-unboost|p1a: Samurott|spd|2
|
|upkeep
|turn|15
|
|t:|1743917545
|move|p1a: Samurott|Ceaseless Edge|p2a: Goodra
|-damage|p2a: Goodra|11/100
|-sidestart|p2: technogiri|Spikes
|move|p2a: Goodra|Draco Meteor|p1a: Samurott
|-damage|p1a: Samurott|0 fnt
|-unboost|p2a: Goodra|spa|2
|faint|p1a: Samurott
|
|upkeep
|
|t:|1743917553
|switch|p1a: Dragapult|Dragapult, F|28/100
|turn|16
|-message|technogiri forfeited.
|
|win|coconutwader
|raw|coconutwader's rating: 1119 &rarr; <strong>1146</strong><br />(+27 for winning)
|raw|technogiri's rating: 1146 &rarr; <strong>1119</strong><br />(-27 for losing)
|l|☆technogiri
|player|p2|
|l|☆coconutwader
|player|p1|
