|j|☆Yrgran
|j|☆zhiyongyici
|t:|1743896891
|gametype|singles
|player|p1|Yrgran|hilbert|1293
|player|p2|zhiyongyici|pokekid|1360
|teamsize|p1|6
|teamsize|p2|6
|gen|9
|tier|[Gen 9] OU
|rated|
|rule|HP Percentage Mod: HP is shown in percentages
|rule|Endless Battle Clause: Forcing endless battles is banned
|rule|Species Clause: Limit one of each Pokémon
|rule|OHKO Clause: OHKO moves are banned
|rule|Evasion Items Clause: Evasion items are banned
|rule|Evasion Moves Clause: Evasion moves are banned
|rule|Sleep Moves Clause: Sleep-inducing moves are banned
|clearpoke
|poke|p1|Corviknight, F|
|poke|p1|Blissey, F|
|poke|p1|Toxapex, M|
|poke|p1|Sinistcha|
|poke|p1|Gliscor, F|
|poke|p1|Dondozo, M|
|poke|p2|Ogerpon-Wellspring, F|
|poke|p2|Scizor, F|
|poke|p2|Mamoswine, F|
|poke|p2|Zamazenta-*|
|poke|p2|Landorus-Therian, M|
|poke|p2|Raging Bolt|
|teampreview
|inactive|Battle timer is ON: inactive players will automatically lose when time's up. (requested by Yrgran)
|
|t:|1743896908
|start
|switch|p1a: Gliscor|Gliscor, F|100/100
|switch|p2a: Mamoswine|Mamoswine, F|100/100
|turn|1
|
|t:|1743896934
|move|p1a: Gliscor|Protect|p1a: Gliscor
|-singleturn|p1a: Gliscor|Protect
|move|p2a: Mamoswine|Icicle Crash|p1a: Gliscor
|-activate|p1a: Gliscor|move: Protect
|
|-status|p1a: Gliscor|tox|[from] item: Toxic Orb
|upkeep
|turn|2
|
|t:|1743896963
|switch|p1a: Toxapex|Toxapex, M, shiny|100/100
|move|p2a: Mamoswine|Icicle Crash|p1a: Toxapex
|-resisted|p1a: Toxapex
|-crit|p1a: Toxapex
|-damage|p1a: Toxapex|73/100
|
|upkeep
|turn|3
|
|t:|1743896968
|move|p1a: Toxapex|Baneful Bunker|p1a: Toxapex
|-singleturn|p1a: Toxapex|move: Protect
|move|p2a: Mamoswine|Earthquake|p1a: Toxapex
|-activate|p1a: Toxapex|move: Protect
|
|upkeep
|turn|4
|
|t:|1743896970
|switch|p1a: Corviknight|Corviknight, F, shiny|100/100
|-ability|p1a: Corviknight|Pressure
|move|p2a: Mamoswine|Icicle Crash|p1a: Corviknight
|-damage|p1a: Corviknight|73/100
|
|-heal|p1a: Corviknight|79/100|[from] item: Leftovers
|upkeep
|turn|5
|inactive|Yrgran has 120 seconds left.
|
|t:|1743897004
|switch|p2a: Scizor|Scizor, F|100/100
|move|p1a: Corviknight|Iron Defense|p1a: Corviknight
|-boost|p1a: Corviknight|def|2
|
|-heal|p1a: Corviknight|85/100|[from] item: Leftovers
|upkeep
|turn|6
|
|t:|1743897012
|move|p1a: Corviknight|Iron Defense|p1a: Corviknight
|-boost|p1a: Corviknight|def|2
|move|p2a: Scizor|U-turn|p1a: Corviknight
|-resisted|p1a: Corviknight
|-damage|p1a: Corviknight|83/100
|
|t:|1743897014
|switch|p2a: Raging Bolt|Raging Bolt|100/100|[from] U-turn
|
|-heal|p1a: Corviknight|89/100|[from] item: Leftovers
|upkeep
|turn|7
|
|t:|1743897020
|switch|p1a: Blissey|Blissey, F, shiny|100/100
|move|p2a: Raging Bolt|Thunderbolt|p1a: Blissey
|-damage|p1a: Blissey|81/100
|-damage|p2a: Raging Bolt|91/100|[from] item: Life Orb
|
|upkeep
|turn|8
|
|t:|1743897028
|-end|p2a: Raging Bolt|Protosynthesis|[silent]
|switch|p2a: Zamazenta|Zamazenta|100/100
|-ability|p2a: Zamazenta|Dauntless Shield|boost
|-boost|p2a: Zamazenta|def|1
|move|p1a: Blissey|Psychic|p2a: Zamazenta
|-supereffective|p2a: Zamazenta
|-damage|p2a: Zamazenta|70/100
|-unboost|p2a: Zamazenta|spd|1
|
|upkeep
|turn|9
|
|t:|1743897043
|switch|p1a: Corviknight|Corviknight, F, shiny|89/100
|-ability|p1a: Corviknight|Pressure
|move|p2a: Zamazenta|Close Combat|p1a: Corviknight
|-damage|p1a: Corviknight|33/100
|-unboost|p2a: Zamazenta|def|1
|-unboost|p2a: Zamazenta|spd|1
|
|-heal|p1a: Corviknight|39/100|[from] item: Leftovers
|upkeep
|turn|10
|
|t:|1743897054
|switch|p2a: Mamoswine|Mamoswine, F|100/100
|switch|p1a: Sinistcha|Sinistcha|100/100
|
|upkeep
|turn|11
|
|t:|1743897060
|move|p1a: Sinistcha|Strength Sap|p2a: Mamoswine
|-unboost|p2a: Mamoswine|atk|1
|move|p2a: Mamoswine|Icicle Crash|p1a: Sinistcha
|-supereffective|p1a: Sinistcha
|-damage|p1a: Sinistcha|48/100
|
|upkeep
|turn|12
|
|t:|1743897064
|move|p1a: Sinistcha|Strength Sap|p2a: Mamoswine
|-unboost|p2a: Mamoswine|atk|1
|-heal|p1a: Sinistcha|100/100
|move|p2a: Mamoswine|Icicle Crash|p1a: Sinistcha|[miss]
|-miss|p2a: Mamoswine|p1a: Sinistcha
|
|upkeep
|turn|13
|
|t:|1743897091
|switch|p2a: Scizor|Scizor, F|100/100
|move|p1a: Sinistcha|Calm Mind|p1a: Sinistcha
|-boost|p1a: Sinistcha|spa|1
|-boost|p1a: Sinistcha|spd|1
|
|upkeep
|turn|14
|inactive|zhiyongyici has 120 seconds left.
|
|t:|1743897112
|-terastallize|p2a: Scizor|Dark
|move|p1a: Sinistcha|Strength Sap|p2a: Scizor
|-unboost|p2a: Scizor|atk|1
|move|p2a: Scizor|Thief|p1a: Sinistcha
|-supereffective|p1a: Sinistcha
|-damage|p1a: Sinistcha|35/100
|
|upkeep
|turn|15
|inactive|zhiyongyici has 120 seconds left.
|
|t:|1743897120
|switch|p2a: Raging Bolt|Raging Bolt|91/100
|move|p1a: Sinistcha|Strength Sap|p2a: Raging Bolt
|-unboost|p2a: Raging Bolt|atk|1
|-heal|p1a: Sinistcha|79/100
|
|upkeep
|turn|16
|
|t:|1743897129
|switch|p1a: Blissey|Blissey, F, shiny|81/100
|move|p2a: Raging Bolt|Draco Meteor|p1a: Blissey
|-damage|p1a: Blissey|52/100
|-unboost|p2a: Raging Bolt|spa|2
|-damage|p2a: Raging Bolt|81/100|[from] item: Life Orb
|
|upkeep
|turn|17
|
|t:|1743897134
|-end|p2a: Raging Bolt|Protosynthesis|[silent]
|switch|p2a: Scizor|Scizor, F, tera:Dark|100/100
|move|p1a: Blissey|Soft-Boiled|p1a: Blissey
|-heal|p1a: Blissey|100/100
|
|upkeep
|turn|18
|
|t:|1743897142
|switch|p1a: Dondozo|Dondozo, M, shiny|100/100
|move|p2a: Scizor|Close Combat|p1a: Dondozo
|-damage|p1a: Dondozo|81/100
|-unboost|p2a: Scizor|def|1
|-unboost|p2a: Scizor|spd|1
|
|-heal|p1a: Dondozo|88/100|[from] item: Leftovers
|upkeep
|turn|19
|
|t:|1743897151
|switch|p2a: Ogerpon|Ogerpon-Wellspring, F|100/100
|move|p1a: Dondozo|Substitute|p1a: Dondozo
|-start|p1a: Dondozo|Substitute
|-damage|p1a: Dondozo|63/100
|
|-heal|p1a: Dondozo|69/100|[from] item: Leftovers
|upkeep
|turn|20
|
|t:|1743897155
|-terastallize|p1a: Dondozo|Fighting
|move|p2a: Ogerpon|Ivy Cudgel|p1a: Dondozo|[anim] Ivy Cudgel Water
|-end|p1a: Dondozo|Substitute
|move|p1a: Dondozo|Curse|p1a: Dondozo
|-unboost|p1a: Dondozo|spe|1
|-boost|p1a: Dondozo|atk|1
|-boost|p1a: Dondozo|def|1
|
|-heal|p1a: Dondozo|75/100|[from] item: Leftovers
|upkeep
|turn|21
|
|t:|1743897165
|move|p2a: Ogerpon|Play Rough|p1a: Dondozo|[miss]
|-miss|p2a: Ogerpon|p1a: Dondozo
|move|p1a: Dondozo|Body Press|p2a: Ogerpon
|-damage|p2a: Ogerpon|11/100
|
|-heal|p1a: Dondozo|81/100|[from] item: Leftovers
|upkeep
|turn|22
|
|t:|1743897173
|move|p2a: Ogerpon|Play Rough|p1a: Dondozo
|-supereffective|p1a: Dondozo
|-damage|p1a: Dondozo|58/100
|move|p1a: Dondozo|Body Press|p2a: Ogerpon
|-damage|p2a: Ogerpon|0 fnt
|faint|p2a: Ogerpon
|
|-heal|p1a: Dondozo|65/100|[from] item: Leftovers
|upkeep
|
|t:|1743897198
|switch|p2a: Raging Bolt|Raging Bolt|81/100
|turn|23
|
|t:|1743897203
|switch|p1a: Blissey|Blissey, F, shiny|100/100
|move|p2a: Raging Bolt|Volt Switch|p1a: Blissey
|-damage|p1a: Blissey|84/100
|-damage|p2a: Raging Bolt|71/100|[from] item: Life Orb
|
|t:|1743897209
|-end|p2a: Raging Bolt|Protosynthesis|[silent]
|switch|p2a: Zamazenta|Zamazenta|70/100|[from] Volt Switch
|
|upkeep
|turn|24
|
|t:|1743897213
|switch|p1a: Sinistcha|Sinistcha|79/100
|move|p2a: Zamazenta|Ice Fang|p1a: Sinistcha
|-supereffective|p1a: Sinistcha
|-damage|p1a: Sinistcha|29/100
|
|upkeep
|turn|25
|
|t:|1743897219
|move|p2a: Zamazenta|Ice Fang|p1a: Sinistcha
|-supereffective|p1a: Sinistcha
|-damage|p1a: Sinistcha|0 fnt
|faint|p1a: Sinistcha
|
|upkeep
|
|t:|1743897222
|switch|p1a: Corviknight|Corviknight, F, shiny|39/100
|-ability|p1a: Corviknight|Pressure
|turn|26
|
|t:|1743897229
|switch|p2a: Landorus|Landorus-Therian, M|100/100
|-ability|p2a: Landorus|Intimidate|boost
|-unboost|p1a: Corviknight|atk|1
|move|p1a: Corviknight|Roost|p1a: Corviknight
|-heal|p1a: Corviknight|89/100
|-singleturn|p1a: Corviknight|move: Roost
|
|-heal|p1a: Corviknight|95/100|[from] item: Leftovers
|upkeep
|turn|27
|
|t:|1743897242
|switch|p1a: Gliscor|Gliscor, F|100/100 tox
|move|p2a: Landorus|Crunch|p1a: Gliscor
|-damage|p1a: Gliscor|76/100 tox
|
|-heal|p1a: Gliscor|89/100 tox|[from] ability: Poison Heal
|upkeep
|turn|28
|
|t:|1743897249
|switch|p2a: Mamoswine|Mamoswine, F|100/100
|move|p1a: Gliscor|Toxic|p2a: Mamoswine
|-status|p2a: Mamoswine|tox
|
|-heal|p1a: Gliscor|100/100 tox|[from] ability: Poison Heal
|-damage|p2a: Mamoswine|94/100 tox|[from] psn
|upkeep
|turn|29
|
|t:|1743897261
|move|p1a: Gliscor|Protect|p1a: Gliscor
|-singleturn|p1a: Gliscor|Protect
|move|p2a: Mamoswine|Icicle Crash|p1a: Gliscor
|-activate|p1a: Gliscor|move: Protect
|
|-damage|p2a: Mamoswine|82/100 tox|[from] psn
|upkeep
|turn|30
|
|t:|1743897267
|switch|p1a: Corviknight|Corviknight, F, shiny|95/100
|-ability|p1a: Corviknight|Pressure
|move|p2a: Mamoswine|Icicle Crash|p1a: Corviknight
|-damage|p1a: Corviknight|66/100
|
|-heal|p1a: Corviknight|72/100|[from] item: Leftovers
|-damage|p2a: Mamoswine|64/100 tox|[from] psn
|upkeep
|turn|31
|
|t:|1743897275
|switch|p2a: Zamazenta|Zamazenta|70/100
|move|p1a: Corviknight|Body Press|p2a: Zamazenta
|-damage|p2a: Zamazenta|46/100
|
|-heal|p1a: Corviknight|78/100|[from] item: Leftovers
|upkeep
|turn|32
|
|t:|1743897284
|move|p2a: Zamazenta|Close Combat|p1a: Corviknight
|-damage|p1a: Corviknight|15/100
|-unboost|p2a: Zamazenta|def|1
|-unboost|p2a: Zamazenta|spd|1
|move|p1a: Corviknight|Iron Defense|p1a: Corviknight
|-boost|p1a: Corviknight|def|2
|
|-heal|p1a: Corviknight|21/100|[from] item: Leftovers
|upkeep
|turn|33
|
|t:|1743897293
|switch|p1a: Dondozo|Dondozo, M, shiny, tera:Fighting|65/100
|move|p2a: Zamazenta|Close Combat|p1a: Dondozo
|-damage|p1a: Dondozo|22/100
|-unboost|p2a: Zamazenta|def|1
|-unboost|p2a: Zamazenta|spd|1
|
|-heal|p1a: Dondozo|28/100|[from] item: Leftovers
|upkeep
|turn|34
|
|t:|1743897297
|move|p2a: Zamazenta|Close Combat|p1a: Dondozo
|-damage|p1a: Dondozo|0 fnt
|-unboost|p2a: Zamazenta|def|1
|-unboost|p2a: Zamazenta|spd|1
|faint|p1a: Dondozo
|
|upkeep
|
|t:|1743897301
|switch|p1a: Gliscor|Gliscor, F|100/100 tox
|turn|35
|
|t:|1743897311
|switch|p2a: Mamoswine|Mamoswine, F|64/100 tox
|move|p1a: Gliscor|Earthquake|p2a: Mamoswine
|-damage|p2a: Mamoswine|31/100 tox
|
|-damage|p2a: Mamoswine|25/100 tox|[from] psn
|upkeep
|turn|36
|
|t:|1743897317
|move|p1a: Gliscor|Protect|p1a: Gliscor
|-singleturn|p1a: Gliscor|Protect
|move|p2a: Mamoswine|Earthquake|p1a: Gliscor
|-activate|p1a: Gliscor|move: Protect
|
|-damage|p2a: Mamoswine|12/100 tox|[from] psn
|upkeep
|turn|37
|
|t:|1743897325
|move|p1a: Gliscor|Knock Off|p2a: Mamoswine
|-damage|p2a: Mamoswine|0 fnt
|-enditem|p2a: Mamoswine|Assault Vest|[from] move: Knock Off|[of] p1a: Gliscor
|faint|p2a: Mamoswine
|
|upkeep
|
|t:|1743897332
|switch|p2a: Raging Bolt|Raging Bolt|71/100
|turn|38
|
|t:|1743897336
|switch|p1a: Toxapex|Toxapex, M, shiny|100/100
|move|p2a: Raging Bolt|Draco Meteor|p1a: Toxapex
|-damage|p1a: Toxapex|37/100
|-unboost|p2a: Raging Bolt|spa|2
|-damage|p2a: Raging Bolt|61/100|[from] item: Life Orb
|
|upkeep
|turn|39
|
|t:|1743897340
|move|p1a: Toxapex|Baneful Bunker|p1a: Toxapex
|-singleturn|p1a: Toxapex|move: Protect
|move|p2a: Raging Bolt|Volt Switch|p1a: Toxapex
|-activate|p1a: Toxapex|move: Protect
|
|upkeep
|turn|40
|
|t:|1743897344
|switch|p1a: Blissey|Blissey, F, shiny|84/100
|move|p2a: Raging Bolt|Volt Switch|p1a: Blissey
|-damage|p1a: Blissey|77/100
|-damage|p2a: Raging Bolt|51/100|[from] item: Life Orb
|
|t:|1743897346
|-end|p2a: Raging Bolt|Protosynthesis|[silent]
|switch|p2a: Zamazenta|Zamazenta|46/100|[from] Volt Switch
|
|upkeep
|turn|41
|
|t:|1743897350
|switch|p1a: Gliscor|Gliscor, F|100/100 tox
|move|p2a: Zamazenta|Ice Fang|p1a: Gliscor
|-supereffective|p1a: Gliscor
|-damage|p1a: Gliscor|0 fnt
|faint|p1a: Gliscor
|
|upkeep
|
|t:|1743897354
|switch|p1a: Toxapex|Toxapex, M, shiny|71/100
|turn|42
|
|t:|1743897358
|switch|p2a: Landorus|Landorus-Therian, M|100/100
|-ability|p2a: Landorus|Intimidate|boost
|-unboost|p1a: Toxapex|atk|1
|move|p1a: Toxapex|Toxic|p2a: Landorus
|-status|p2a: Landorus|tox
|
|-damage|p2a: Landorus|95/100 tox|[from] psn
|upkeep
|turn|43
|
|t:|1743897365
|move|p1a: Toxapex|Baneful Bunker|p1a: Toxapex
|-singleturn|p1a: Toxapex|move: Protect
|move|p2a: Landorus|U-turn|p1a: Toxapex
|-activate|p1a: Toxapex|move: Protect
|
|-damage|p2a: Landorus|83/100 tox|[from] psn
|upkeep
|turn|44
|
|t:|1743897368
|switch|p1a: Corviknight|Corviknight, F, shiny|21/100
|-ability|p1a: Corviknight|Pressure
|move|p2a: Landorus|U-turn|p1a: Corviknight
|-resisted|p1a: Corviknight
|-damage|p1a: Corviknight|17/100
|
|t:|1743897375
|switch|p2a: Zamazenta|Zamazenta|46/100|[from] U-turn
|
|-heal|p1a: Corviknight|23/100|[from] item: Leftovers
|upkeep
|turn|45
|-message|Yrgran forfeited.
|
|win|zhiyongyici
|raw|Yrgran's rating: 1293 &rarr; <strong>1273</strong><br />(-20 for losing)
|raw|zhiyongyici's rating: 1360 &rarr; <strong>1376</strong><br />(+16 for winning)
|l|☆Yrgran
|player|p1|
