|j|☆kennojex
|j|☆jiotave
|t:|1743881291
|gametype|singles
|player|p1|kennojex|volkner|1403
|player|p2|jiotave|hilbert|1482
|teamsize|p1|6
|teamsize|p2|6
|gen|9
|tier|[Gen 9] OU
|rated|
|rule|HP Percentage Mod: HP is shown in percentages
|rule|Endless Battle Clause: Forcing endless battles is banned
|rule|Species Clause: Limit one of each Pokémon
|rule|OHKO Clause: OHKO moves are banned
|rule|Evasion Items Clause: Evasion items are banned
|rule|Evasion Moves Clause: Evasion moves are banned
|rule|Sleep Moves Clause: Sleep-inducing moves are banned
|clearpoke
|poke|p1|Dondozo, M|
|poke|p1|Tinkaton, F|
|poke|p1|Raging Bolt|
|poke|p1|Ceruledge, F|
|poke|p1|Ting-Lu|
|poke|p1|Zamazenta-*|
|poke|p2|Pelipper, M|
|poke|p2|Bellibolt, M|
|poke|p2|Golduck, M|
|poke|p2|Dragonite, F|
|poke|p2|Iron Treads|
|poke|p2|Barraskewda, M|
|teampreview
|inactive|Battle timer is ON: inactive players will automatically lose when time's up. (requested by jiotave)
|
|t:|1743881302
|start
|switch|p1a: Zamazenta|Zamazenta|100/100
|switch|p2a: Pelipper|Pelipper, M|100/100
|-ability|p1a: Zamazenta|Dauntless Shield|boost
|-boost|p1a: Zamazenta|def|1
|-weather|RainDance|[from] ability: Drizzle|[of] p2a: Pelipper
|turn|1
|
|t:|1743881312
|move|p1a: Zamazenta|Substitute|p1a: Zamazenta
|-start|p1a: Zamazenta|Substitute
|-damage|p1a: Zamazenta|75/100
|move|p2a: Pelipper|Hurricane|p1a: Zamazenta
|-supereffective|p1a: Zamazenta
|-end|p1a: Zamazenta|Substitute
|
|-weather|RainDance|[upkeep]
|-heal|p1a: Zamazenta|82/100|[from] item: Leftovers
|upkeep
|turn|2
|
|t:|1743881321
|move|p1a: Zamazenta|Substitute|p1a: Zamazenta
|-start|p1a: Zamazenta|Substitute
|-damage|p1a: Zamazenta|57/100
|move|p2a: Pelipper|Hurricane|p1a: Zamazenta
|-supereffective|p1a: Zamazenta
|-end|p1a: Zamazenta|Substitute
|
|-weather|RainDance|[upkeep]
|-heal|p1a: Zamazenta|63/100|[from] item: Leftovers
|upkeep
|turn|3
|
|t:|1743881331
|switch|p1a: Raging Bolt|Raging Bolt|100/100
|move|p2a: Pelipper|Hurricane|p1a: Raging Bolt
|-resisted|p1a: Raging Bolt
|-damage|p1a: Raging Bolt|84/100
|
|-weather|RainDance|[upkeep]
|upkeep
|turn|4
|
|t:|1743881340
|switch|p2a: Iron Treads|Iron Treads|100/100
|move|p1a: Raging Bolt|Dragon Pulse|p2a: Iron Treads
|-resisted|p2a: Iron Treads
|-damage|p2a: Iron Treads|68/100
|-enditem|p2a: Iron Treads|Eject Button
|
|t:|1743881357
|-end|p2a: Iron Treads|Quark Drive|[silent]
|switch|p2a: Bellibolt|Bellibolt, M|100/100
|
|-weather|RainDance|[upkeep]
|upkeep
|turn|5
|
|t:|1743881364
|-terastallize|p2a: Bellibolt|Fairy
|move|p1a: Raging Bolt|Taunt|p2a: Bellibolt
|-start|p2a: Bellibolt|move: Taunt
|move|p2a: Bellibolt|Tera Blast|p1a: Raging Bolt|[anim] Tera Blast Fairy
|-supereffective|p1a: Raging Bolt
|-damage|p1a: Raging Bolt|8/100
|
|-weather|RainDance|[upkeep]
|upkeep
|turn|6
|
|t:|1743881375
|move|p1a: Raging Bolt|Volt Switch|p2a: Bellibolt
|-damage|p2a: Bellibolt|75/100
|-start|p2a: Bellibolt|Charge|Volt Switch|[from] ability: Electromorphosis
|
|t:|1743881378
|-end|p1a: Raging Bolt|Protosynthesis|[silent]
|switch|p1a: Tinkaton|Tinkaton, F|100/100|[from] Volt Switch
|-item|p1a: Tinkaton|Air Balloon
|move|p2a: Bellibolt|Volt Switch|p1a: Tinkaton
|-damage|p1a: Tinkaton|44/100
|-enditem|p1a: Tinkaton|Air Balloon
|-end|p2a: Bellibolt|Charge|[silent]
|
|t:|1743881387
|switch|p2a: Barraskewda|Barraskewda, M|100/100|[from] Volt Switch
|
|-weather|RainDance|[upkeep]
|upkeep
|turn|7
|
|t:|1743881393
|switch|p1a: Dondozo|Dondozo, M|100/100
|move|p2a: Barraskewda|Flip Turn|p1a: Dondozo
|-resisted|p1a: Dondozo
|-damage|p1a: Dondozo|87/100
|-damage|p2a: Barraskewda|91/100|[from] item: Life Orb
|
|t:|1743881405
|switch|p2a: Bellibolt|Bellibolt, M, tera:Fairy|75/100|[from] Flip Turn
|
|-weather|RainDance|[upkeep]
|upkeep
|turn|8
|
|t:|1743881413
|switch|p1a: Raging Bolt|Raging Bolt|8/100
|move|p2a: Bellibolt|Tera Blast|p1a: Raging Bolt|[anim] Tera Blast Fairy
|-supereffective|p1a: Raging Bolt
|-damage|p1a: Raging Bolt|0 fnt
|faint|p1a: Raging Bolt
|-end|p1a: Raging Bolt|Protosynthesis|[silent]
|
|-weather|none
|upkeep
|
|t:|1743881419
|switch|p1a: Ceruledge|Ceruledge, F|100/100
|turn|9
|
|t:|1743881430
|move|p1a: Ceruledge|Swords Dance|p1a: Ceruledge
|-boost|p1a: Ceruledge|atk|2
|move|p2a: Bellibolt|Volt Switch|p1a: Ceruledge
|-damage|p1a: Ceruledge|60/100
|
|t:|1743881438
|switch|p2a: Pelipper|Pelipper, M|100/100|[from] Volt Switch
|-weather|RainDance|[from] ability: Drizzle|[of] p2a: Pelipper
|
|-weather|RainDance|[upkeep]
|upkeep
|turn|10
|
|t:|1743881461
|move|p1a: Ceruledge|Poltergeist|p2a: Pelipper
|-activate|p2a: Pelipper|move: Poltergeist|Damp Rock
|-damage|p2a: Pelipper|22/100
|move|p2a: Pelipper|Surf|p1a: Ceruledge
|-supereffective|p1a: Ceruledge
|-damage|p1a: Ceruledge|0 fnt
|faint|p1a: Ceruledge
|
|-weather|RainDance|[upkeep]
|upkeep
|
|t:|1743881470
|switch|p1a: Tinkaton|Tinkaton, F|44/100
|turn|11
|
|t:|1743881475
|switch|p2a: Iron Treads|Iron Treads|68/100
|move|p1a: Tinkaton|Stealth Rock|p2a: Iron Treads
|-sidestart|p2: jiotave|move: Stealth Rock
|
|-weather|RainDance|[upkeep]
|upkeep
|turn|12
|
|t:|1743881483
|move|p2a: Iron Treads|Rapid Spin|p1a: Tinkaton
|-resisted|p1a: Tinkaton
|-damage|p1a: Tinkaton|38/100
|-boost|p2a: Iron Treads|spe|1
|-sideend|p2: jiotave|Stealth Rock|[from] move: Rapid Spin|[of] p2a: Iron Treads
|move|p1a: Tinkaton|Encore|p2a: Iron Treads
|-start|p2a: Iron Treads|Encore
|
|-weather|RainDance|[upkeep]
|upkeep
|turn|13
|
|t:|1743881492
|-end|p2a: Iron Treads|Quark Drive|[silent]
|switch|p2a: Golduck|Golduck, M|100/100
|move|p1a: Tinkaton|Gigaton Hammer|p2a: Golduck
|-resisted|p2a: Golduck
|-damage|p2a: Golduck|73/100
|
|-weather|RainDance|[upkeep]
|upkeep
|turn|14
|
|t:|1743881520
|move|p2a: Golduck|Surf|p1a: Tinkaton
|-damage|p1a: Tinkaton|0 fnt
|faint|p1a: Tinkaton
|-damage|p2a: Golduck|63/100|[from] item: Life Orb
|
|-weather|RainDance|[upkeep]
|upkeep
|
|t:|1743881528
|switch|p1a: Dondozo|Dondozo, M|87/100
|turn|15
|
|t:|1743881534
|move|p2a: Golduck|Nasty Plot|p2a: Golduck
|-boost|p2a: Golduck|spa|2
|move|p1a: Dondozo|Curse|p1a: Dondozo
|-unboost|p1a: Dondozo|spe|1
|-boost|p1a: Dondozo|atk|1
|-boost|p1a: Dondozo|def|1
|
|-weather|RainDance|[upkeep]
|upkeep
|turn|16
|
|t:|1743881546
|move|p2a: Golduck|Surf|p1a: Dondozo
|-resisted|p1a: Dondozo
|-damage|p1a: Dondozo|52/100
|-damage|p2a: Golduck|53/100|[from] item: Life Orb
|move|p1a: Dondozo|Curse|p1a: Dondozo
|-unboost|p1a: Dondozo|spe|1
|-boost|p1a: Dondozo|atk|1
|-boost|p1a: Dondozo|def|1
|
|-weather|none
|upkeep
|turn|17
|
|t:|1743881559
|switch|p2a: Vhagar|Dragonite, F, shiny|100/100
|move|p1a: Dondozo|Rest|p1a: Dondozo
|-status|p1a: Dondozo|slp|[from] move: Rest
|-heal|p1a: Dondozo|100/100 slp|[silent]
|
|upkeep
|turn|18
|
|t:|1743881568
|move|p2a: Vhagar|Draco Meteor|p1a: Dondozo
|-damage|p1a: Dondozo|42/100 slp
|-unboost|p2a: Vhagar|spa|2
|-enditem|p2a: Vhagar|Eject Pack
|
|t:|1743881573
|switch|p2a: Pelipper|Pelipper, M|22/100
|-weather|RainDance|[from] ability: Drizzle|[of] p2a: Pelipper
|cant|p1a: Dondozo|slp
|move|p1a: Dondozo|Sleep Talk|p1a: Dondozo
|move|p1a: Dondozo|Waterfall|p2a: Pelipper|[from] move: Sleep Talk
|-resisted|p2a: Pelipper
|-damage|p2a: Pelipper|0 fnt
|faint|p2a: Pelipper
|
|-weather|RainDance|[upkeep]
|upkeep
|
|t:|1743881588
|switch|p2a: Vhagar|Dragonite, F, shiny|100/100
|turn|19
|
|t:|1743881605
|switch|p1a: Ting-Lu|Ting-Lu|100/100
|-ability|p1a: Ting-Lu|Vessel of Ruin
|move|p2a: Vhagar|Hurricane|p1a: Ting-Lu
|-damage|p1a: Ting-Lu|77/100
|
|-weather|RainDance|[upkeep]
|-heal|p1a: Ting-Lu|83/100|[from] item: Leftovers
|upkeep
|turn|20
|
|t:|1743881617
|move|p2a: Vhagar|Low Kick|p1a: Ting-Lu
|-supereffective|p1a: Ting-Lu
|-damage|p1a: Ting-Lu|43/100
|move|p1a: Ting-Lu|Ruination|p2a: Vhagar
|-damage|p2a: Vhagar|51/100
|
|-weather|RainDance|[upkeep]
|-heal|p1a: Ting-Lu|50/100|[from] item: Leftovers
|upkeep
|turn|21
|
|t:|1743881626
|move|p2a: Vhagar|Roost|p2a: Vhagar
|-heal|p2a: Vhagar|100/100
|-singleturn|p2a: Vhagar|move: Roost
|move|p1a: Ting-Lu|Rest|p1a: Ting-Lu
|-status|p1a: Ting-Lu|slp|[from] move: Rest
|-heal|p1a: Ting-Lu|100/100 slp|[silent]
|
|-weather|RainDance|[upkeep]
|upkeep
|turn|22
|
|t:|1743881636
|move|p2a: Vhagar|Low Kick|p1a: Ting-Lu
|-supereffective|p1a: Ting-Lu
|-damage|p1a: Ting-Lu|61/100 slp
|cant|p1a: Ting-Lu|slp
|move|p1a: Ting-Lu|Sleep Talk|p1a: Ting-Lu
|move|p1a: Ting-Lu|Ruination|p2a: Vhagar|[from] move: Sleep Talk
|-damage|p2a: Vhagar|51/100
|
|-weather|RainDance|[upkeep]
|-heal|p1a: Ting-Lu|67/100 slp|[from] item: Leftovers
|upkeep
|turn|23
|
|t:|1743881649
|move|p2a: Vhagar|Low Kick|p1a: Ting-Lu
|-supereffective|p1a: Ting-Lu
|-damage|p1a: Ting-Lu|26/100 slp
|cant|p1a: Ting-Lu|slp
|move|p1a: Ting-Lu|Sleep Talk|p1a: Ting-Lu
|move|p1a: Ting-Lu|Ruination|p2a: Vhagar|[from] move: Sleep Talk
|-damage|p2a: Vhagar|26/100
|
|-weather|RainDance|[upkeep]
|-heal|p1a: Ting-Lu|32/100 slp|[from] item: Leftovers
|upkeep
|turn|24
|
|t:|1743881662
|move|p2a: Vhagar|Roost|p2a: Vhagar
|-heal|p2a: Vhagar|76/100
|-singleturn|p2a: Vhagar|move: Roost
|-curestatus|p1a: Ting-Lu|slp|[msg]
|move|p1a: Ting-Lu|Rest|p1a: Ting-Lu
|-status|p1a: Ting-Lu|slp|[from] move: Rest
|-heal|p1a: Ting-Lu|100/100 slp|[silent]
|
|-weather|RainDance|[upkeep]
|upkeep
|turn|25
|
|t:|1743881675
|switch|p1a: Dondozo|Dondozo, M|42/100 slp
|move|p2a: Vhagar|Low Kick|p1a: Dondozo
|-damage|p1a: Dondozo|27/100 slp
|
|-weather|none
|upkeep
|turn|26
|
|t:|1743881682
|switch|p1a: Ting-Lu|Ting-Lu|100/100 slp
|-ability|p1a: Ting-Lu|Vessel of Ruin
|move|p2a: Vhagar|Hurricane|p1a: Ting-Lu
|-damage|p1a: Ting-Lu|80/100 slp
|
|-heal|p1a: Ting-Lu|87/100 slp|[from] item: Leftovers
|upkeep
|turn|27
|
|t:|1743881695
|-terastallize|p1a: Ting-Lu|Water
|move|p2a: Vhagar|Low Kick|p1a: Ting-Lu
|-damage|p1a: Ting-Lu|67/100 slp
|cant|p1a: Ting-Lu|slp
|
|-heal|p1a: Ting-Lu|73/100 slp|[from] item: Leftovers
|upkeep
|turn|28
|
|t:|1743881708
|switch|p2a: Bellibolt|Bellibolt, M, tera:Fairy|75/100
|cant|p1a: Ting-Lu|slp
|move|p1a: Ting-Lu|Sleep Talk|p1a: Ting-Lu
|move|p1a: Ting-Lu|Ruination|p2a: Bellibolt|[from] move: Sleep Talk
|-damage|p2a: Bellibolt|38/100
|-start|p2a: Bellibolt|Charge|Ruination|[from] ability: Electromorphosis
|
|-heal|p1a: Ting-Lu|80/100 slp|[from] item: Leftovers
|upkeep
|turn|29
|
|t:|1743881721
|move|p2a: Bellibolt|Volt Switch|p1a: Ting-Lu
|-supereffective|p1a: Ting-Lu
|-damage|p1a: Ting-Lu|26/100 slp
|-end|p2a: Bellibolt|Charge|[silent]
|
|t:|1743881727
|switch|p2a: Iron Treads|Iron Treads|68/100|[from] Volt Switch
|-curestatus|p1a: Ting-Lu|slp|[msg]
|move|p1a: Ting-Lu|Rest|p1a: Ting-Lu
|-status|p1a: Ting-Lu|slp|[from] move: Rest
|-heal|p1a: Ting-Lu|100/100 slp|[silent]
|
|upkeep
|turn|30
|
|t:|1743881737
|move|p2a: Iron Treads|Volt Switch|p1a: Ting-Lu
|-supereffective|p1a: Ting-Lu
|-damage|p1a: Ting-Lu|89/100 slp
|
|t:|1743881743
|-end|p2a: Iron Treads|Quark Drive|[silent]
|switch|p2a: Bellibolt|Bellibolt, M, tera:Fairy|38/100|[from] Volt Switch
|cant|p1a: Ting-Lu|slp
|move|p1a: Ting-Lu|Sleep Talk|p1a: Ting-Lu
|move|p1a: Ting-Lu|Earthquake|p2a: Bellibolt|[from] move: Sleep Talk
|-damage|p2a: Bellibolt|3/100
|-start|p2a: Bellibolt|Charge|Earthquake|[from] ability: Electromorphosis
|
|-heal|p1a: Ting-Lu|95/100 slp|[from] item: Leftovers
|upkeep
|turn|31
|
|t:|1743881757
|switch|p1a: Dondozo|Dondozo, M|27/100 slp
|move|p2a: Bellibolt|Thunder|p1a: Dondozo|[miss]
|-miss|p2a: Bellibolt|p1a: Dondozo
|-end|p2a: Bellibolt|Charge|[silent]
|
|upkeep
|turn|32
|
|t:|1743881764
|move|p2a: Bellibolt|Volt Switch|p1a: Dondozo
|-supereffective|p1a: Dondozo
|-damage|p1a: Dondozo|0 fnt
|faint|p1a: Dondozo
|
|t:|1743881780
|switch|p2a: Vhagar|Dragonite, F, shiny|76/100|[from] Volt Switch
|
|upkeep
|
|t:|1743881792
|switch|p1a: Ting-Lu|Ting-Lu, tera:Water|95/100 slp
|-ability|p1a: Ting-Lu|Vessel of Ruin
|turn|33
|
|t:|1743881797
|switch|p2a: Bellibolt|Bellibolt, M, tera:Fairy|3/100
|cant|p1a: Ting-Lu|slp
|move|p1a: Ting-Lu|Sleep Talk|p1a: Ting-Lu
|move|p1a: Ting-Lu|Rest||[from] move: Sleep Talk|[still]
|-fail|p1a: Ting-Lu
|
|-heal|p1a: Ting-Lu|100/100 slp|[from] item: Leftovers
|upkeep
|turn|34
|
|t:|1743881808
|move|p2a: Bellibolt|Thunder|p1a: Ting-Lu
|-supereffective|p1a: Ting-Lu
|-damage|p1a: Ting-Lu|55/100 slp
|-curestatus|p1a: Ting-Lu|slp|[msg]
|move|p1a: Ting-Lu|Earthquake|p2a: Bellibolt
|-damage|p2a: Bellibolt|0 fnt
|faint|p2a: Bellibolt
|
|-heal|p1a: Ting-Lu|61/100|[from] item: Leftovers
|upkeep
|
|t:|1743881821
|switch|p2a: Golduck|Golduck, M|53/100
|turn|35
|
|t:|1743881830
|move|p2a: Golduck|Nasty Plot|p2a: Golduck
|-boost|p2a: Golduck|spa|2
|move|p1a: Ting-Lu|Earthquake|p2a: Golduck
|-damage|p2a: Golduck|2/100
|
|-heal|p1a: Ting-Lu|67/100|[from] item: Leftovers
|upkeep
|turn|36
|
|t:|1743881841
|move|p2a: Golduck|Surf|p1a: Ting-Lu
|-resisted|p1a: Ting-Lu
|-crit|p1a: Ting-Lu
|-damage|p1a: Ting-Lu|33/100
|-damage|p2a: Golduck|0 fnt|[from] item: Life Orb
|faint|p2a: Golduck
|move|p1a: Ting-Lu|Rest|p1a: Ting-Lu
|-status|p1a: Ting-Lu|slp|[from] move: Rest
|-heal|p1a: Ting-Lu|100/100 slp|[silent]
|
|upkeep
|
|t:|1743881852
|switch|p2a: Vhagar|Dragonite, F, shiny|76/100
|turn|37
|
|t:|1743881857
|move|p2a: Vhagar|Hurricane|p1a: Ting-Lu
|-damage|p1a: Ting-Lu|78/100 slp
|cant|p1a: Ting-Lu|slp
|move|p1a: Ting-Lu|Sleep Talk|p1a: Ting-Lu
|move|p1a: Ting-Lu|Earthquake|p2a: Vhagar|[from] move: Sleep Talk
|-immune|p2a: Vhagar
|
|-heal|p1a: Ting-Lu|84/100 slp|[from] item: Leftovers
|upkeep
|turn|38
|
|t:|1743881869
|move|p2a: Vhagar|Low Kick|p1a: Ting-Lu
|-damage|p1a: Ting-Lu|65/100 slp
|cant|p1a: Ting-Lu|slp
|move|p1a: Ting-Lu|Sleep Talk|p1a: Ting-Lu
|move|p1a: Ting-Lu|Earthquake|p2a: Vhagar|[from] move: Sleep Talk
|-immune|p2a: Vhagar
|
|-heal|p1a: Ting-Lu|71/100 slp|[from] item: Leftovers
|upkeep
|turn|39
|
|t:|1743881881
|move|p2a: Vhagar|Low Kick|p1a: Ting-Lu
|-damage|p1a: Ting-Lu|51/100 slp
|-curestatus|p1a: Ting-Lu|slp|[msg]
|move|p1a: Ting-Lu|Ruination|p2a: Vhagar|[miss]
|-miss|p1a: Ting-Lu|p2a: Vhagar
|
|-heal|p1a: Ting-Lu|58/100|[from] item: Leftovers
|upkeep
|turn|40
|
|t:|1743881891
|move|p2a: Vhagar|Low Kick|p1a: Ting-Lu
|-damage|p1a: Ting-Lu|39/100
|move|p1a: Ting-Lu|Ruination|p2a: Vhagar
|-damage|p2a: Vhagar|38/100
|
|-heal|p1a: Ting-Lu|45/100|[from] item: Leftovers
|upkeep
|turn|41
|
|t:|1743881902
|move|p2a: Vhagar|Draco Meteor|p1a: Ting-Lu
|-damage|p1a: Ting-Lu|20/100
|-unboost|p2a: Vhagar|spa|2
|move|p1a: Ting-Lu|Rest|p1a: Ting-Lu
|-status|p1a: Ting-Lu|slp|[from] move: Rest
|-heal|p1a: Ting-Lu|100/100 slp|[silent]
|
|upkeep
|turn|42
|
|t:|1743881922
|move|p2a: Vhagar|Roost|p2a: Vhagar
|-heal|p2a: Vhagar|88/100
|-singleturn|p2a: Vhagar|move: Roost
|cant|p1a: Ting-Lu|slp
|move|p1a: Ting-Lu|Sleep Talk|p1a: Ting-Lu
|move|p1a: Ting-Lu|Rest||[from] move: Sleep Talk|[still]
|-fail|p1a: Ting-Lu
|
|upkeep
|turn|43
|
|t:|1743881934
|move|p2a: Vhagar|Low Kick|p1a: Ting-Lu
|-damage|p1a: Ting-Lu|82/100 slp
|cant|p1a: Ting-Lu|slp
|move|p1a: Ting-Lu|Sleep Talk|p1a: Ting-Lu
|move|p1a: Ting-Lu|Ruination|p2a: Vhagar|[from] move: Sleep Talk
|-damage|p2a: Vhagar|44/100
|
|-heal|p1a: Ting-Lu|88/100 slp|[from] item: Leftovers
|upkeep
|turn|44
|
|t:|1743881946
|move|p2a: Vhagar|Roost|p2a: Vhagar
|-heal|p2a: Vhagar|95/100
|-singleturn|p2a: Vhagar|move: Roost
|-curestatus|p1a: Ting-Lu|slp|[msg]
|move|p1a: Ting-Lu|Ruination|p2a: Vhagar|[miss]
|-miss|p1a: Ting-Lu|p2a: Vhagar
|
|-heal|p1a: Ting-Lu|94/100|[from] item: Leftovers
|upkeep
|turn|45
|
|t:|1743881959
|move|p2a: Vhagar|Low Kick|p1a: Ting-Lu
|-damage|p1a: Ting-Lu|73/100
|move|p1a: Ting-Lu|Ruination|p2a: Vhagar
|-damage|p2a: Vhagar|48/100
|
|-heal|p1a: Ting-Lu|80/100|[from] item: Leftovers
|upkeep
|turn|46
|
|t:|1743881968
|move|p2a: Vhagar|Low Kick|p1a: Ting-Lu
|-damage|p1a: Ting-Lu|61/100
|move|p1a: Ting-Lu|Ruination|p2a: Vhagar|[miss]
|-miss|p1a: Ting-Lu|p2a: Vhagar
|
|-heal|p1a: Ting-Lu|67/100|[from] item: Leftovers
|upkeep
|turn|47
|
|t:|1743881977
|move|p2a: Vhagar|Low Kick|p1a: Ting-Lu
|-damage|p1a: Ting-Lu|46/100
|move|p1a: Ting-Lu|Ruination|p2a: Vhagar
|-damage|p2a: Vhagar|24/100
|
|-heal|p1a: Ting-Lu|52/100|[from] item: Leftovers
|upkeep
|turn|48
|
|t:|1743881986
|move|p2a: Vhagar|Roost|p2a: Vhagar
|-heal|p2a: Vhagar|74/100
|-singleturn|p2a: Vhagar|move: Roost
|move|p1a: Ting-Lu|Earthquake|p2a: Vhagar
|-damage|p2a: Vhagar|32/100
|
|-heal|p1a: Ting-Lu|58/100|[from] item: Leftovers
|upkeep
|turn|49
|
|t:|1743882001
|move|p2a: Vhagar|Low Kick|p1a: Ting-Lu
|-crit|p1a: Ting-Lu
|-damage|p1a: Ting-Lu|27/100
|move|p1a: Ting-Lu|Ruination|p2a: Vhagar
|-damage|p2a: Vhagar|17/100
|
|-heal|p1a: Ting-Lu|33/100|[from] item: Leftovers
|upkeep
|turn|50
|
|t:|1743882010
|move|p2a: Vhagar|Roost|p2a: Vhagar
|-heal|p2a: Vhagar|67/100
|-singleturn|p2a: Vhagar|move: Roost
|move|p1a: Ting-Lu|Rest|p1a: Ting-Lu
|-status|p1a: Ting-Lu|slp|[from] move: Rest
|-heal|p1a: Ting-Lu|100/100 slp|[silent]
|
|upkeep
|turn|51
|
|t:|1743882020
|move|p2a: Vhagar|Low Kick|p1a: Ting-Lu
|-damage|p1a: Ting-Lu|80/100 slp
|cant|p1a: Ting-Lu|slp
|move|p1a: Ting-Lu|Sleep Talk|p1a: Ting-Lu
|move|p1a: Ting-Lu|Earthquake|p2a: Vhagar|[from] move: Sleep Talk
|-immune|p2a: Vhagar
|
|-heal|p1a: Ting-Lu|86/100 slp|[from] item: Leftovers
|upkeep
|turn|52
|
|t:|1743882032
|switch|p1a: Zamazenta|Zamazenta|63/100
|move|p2a: Vhagar|Low Kick|p1a: Zamazenta
|-crit|p1a: Zamazenta
|-damage|p1a: Zamazenta|25/100
|
|-heal|p1a: Zamazenta|31/100|[from] item: Leftovers
|upkeep
|turn|53
|
|t:|1743882050
|move|p1a: Zamazenta|Iron Defense|p1a: Zamazenta
|-boost|p1a: Zamazenta|def|2
|move|p2a: Vhagar|Hurricane|p1a: Zamazenta|[miss]
|-miss|p2a: Vhagar|p1a: Zamazenta
|
|-heal|p1a: Zamazenta|38/100|[from] item: Leftovers
|upkeep
|turn|54
|c|☆jiotave|ROBBED
|
|t:|1743882064
|move|p1a: Zamazenta|Body Press|p2a: Vhagar
|-resisted|p2a: Vhagar
|-damage|p2a: Vhagar|28/100
|move|p2a: Vhagar|Hurricane|p1a: Zamazenta
|-supereffective|p1a: Zamazenta
|-damage|p1a: Zamazenta|0 fnt
|faint|p1a: Zamazenta
|
|upkeep
|
|t:|1743882068
|switch|p1a: Ting-Lu|Ting-Lu, tera:Water|86/100 slp
|-ability|p1a: Ting-Lu|Vessel of Ruin
|turn|55
|
|t:|1743882080
|move|p2a: Vhagar|Low Kick|p1a: Ting-Lu
|-damage|p1a: Ting-Lu|67/100 slp
|cant|p1a: Ting-Lu|slp
|move|p1a: Ting-Lu|Sleep Talk|p1a: Ting-Lu
|move|p1a: Ting-Lu|Rest||[from] move: Sleep Talk|[still]
|-fail|p1a: Ting-Lu
|
|-heal|p1a: Ting-Lu|73/100 slp|[from] item: Leftovers
|upkeep
|turn|56
|
|t:|1743882092
|move|p2a: Vhagar|Low Kick|p1a: Ting-Lu
|-damage|p1a: Ting-Lu|55/100 slp
|-curestatus|p1a: Ting-Lu|slp|[msg]
|move|p1a: Ting-Lu|Earthquake|p2a: Vhagar
|-immune|p2a: Vhagar
|
|-heal|p1a: Ting-Lu|61/100|[from] item: Leftovers
|upkeep
|turn|57
|
|t:|1743882102
|move|p2a: Vhagar|Low Kick|p1a: Ting-Lu
|-damage|p1a: Ting-Lu|41/100
|move|p1a: Ting-Lu|Earthquake|p2a: Vhagar
|-immune|p2a: Vhagar
|
|-heal|p1a: Ting-Lu|47/100|[from] item: Leftovers
|upkeep
|turn|58
|c|☆jiotave|HAHAHAHAHAHAHAHAHA. EASY BATTLE
|c|☆jiotave|BTEBYE
|c|☆jiotave|BYE BYE
|
|t:|1743882119
|move|p2a: Vhagar|Low Kick|p1a: Ting-Lu
|-damage|p1a: Ting-Lu|29/100
|move|p1a: Ting-Lu|Earthquake|p2a: Vhagar
|-immune|p2a: Vhagar
|
|-heal|p1a: Ting-Lu|35/100|[from] item: Leftovers
|upkeep
|turn|59
|
|t:|1743882129
|move|p2a: Vhagar|Low Kick|p1a: Ting-Lu
|-damage|p1a: Ting-Lu|14/100
|move|p1a: Ting-Lu|Rest|p1a: Ting-Lu
|-status|p1a: Ting-Lu|slp|[from] move: Rest
|-heal|p1a: Ting-Lu|100/100 slp|[silent]
|
|upkeep
|turn|60
|
|t:|1743882138
|move|p2a: Vhagar|Low Kick|p1a: Ting-Lu
|-damage|p1a: Ting-Lu|81/100 slp
|cant|p1a: Ting-Lu|slp
|move|p1a: Ting-Lu|Sleep Talk|p1a: Ting-Lu
|move|p1a: Ting-Lu|Earthquake|p2a: Vhagar|[from] move: Sleep Talk
|-immune|p2a: Vhagar
|
|-heal|p1a: Ting-Lu|87/100 slp|[from] item: Leftovers
|upkeep
|turn|61
|
|t:|1743882153
|move|p2a: Vhagar|Low Kick|p1a: Ting-Lu
|-damage|p1a: Ting-Lu|68/100 slp
|cant|p1a: Ting-Lu|slp
|move|p1a: Ting-Lu|Sleep Talk|p1a: Ting-Lu
|move|p1a: Ting-Lu|Earthquake|p2a: Vhagar|[from] move: Sleep Talk
|-immune|p2a: Vhagar
|
|-heal|p1a: Ting-Lu|74/100 slp|[from] item: Leftovers
|upkeep
|turn|62
|
|t:|1743882168
|move|p2a: Vhagar|Hurricane|p1a: Ting-Lu|[miss]
|-miss|p2a: Vhagar|p1a: Ting-Lu
|-curestatus|p1a: Ting-Lu|slp|[msg]
|move|p1a: Ting-Lu|Ruination|p2a: Vhagar
|-damage|p2a: Vhagar|14/100
|
|-heal|p1a: Ting-Lu|80/100|[from] item: Leftovers
|upkeep
|turn|63
|
|t:|1743882179
|move|p2a: Vhagar|Low Kick|p1a: Ting-Lu
|-damage|p1a: Ting-Lu|62/100
|move|p1a: Ting-Lu|Earthquake|p2a: Vhagar
|-immune|p2a: Vhagar
|
|-heal|p1a: Ting-Lu|68/100|[from] item: Leftovers
|upkeep
|turn|64
|
|t:|1743882188
|move|p2a: Vhagar|Low Kick|p1a: Ting-Lu
|-damage|p1a: Ting-Lu|49/100
|move|p1a: Ting-Lu|Earthquake|p2a: Vhagar
|-immune|p2a: Vhagar
|
|-heal|p1a: Ting-Lu|56/100|[from] item: Leftovers
|upkeep
|turn|65
|
|t:|1743882197
|move|p2a: Vhagar|Low Kick|p1a: Ting-Lu
|-damage|p1a: Ting-Lu|37/100
|move|p1a: Ting-Lu|Ruination|p2a: Vhagar
|-damage|p2a: Vhagar|8/100
|
|-heal|p1a: Ting-Lu|43/100|[from] item: Leftovers
|upkeep
|turn|66
|c|☆jiotave|HAHAHAHAHAHAHAHA
|
|t:|1743882210
|move|p2a: Vhagar|Low Kick|p1a: Ting-Lu
|-damage|p1a: Ting-Lu|22/100
|move|p1a: Ting-Lu|Earthquake|p2a: Vhagar
|-immune|p2a: Vhagar
|
|-heal|p1a: Ting-Lu|29/100|[from] item: Leftovers
|upkeep
|turn|67
|
|t:|1743882219
|move|p2a: Vhagar|Low Kick|p1a: Ting-Lu
|-damage|p1a: Ting-Lu|8/100
|move|p1a: Ting-Lu|Rest|p1a: Ting-Lu
|-status|p1a: Ting-Lu|slp|[from] move: Rest
|-heal|p1a: Ting-Lu|100/100 slp|[silent]
|
|upkeep
|turn|68
|c|☆jiotave|0/0 rest bro
|c|☆jiotave|Lol
|
|t:|1743882238
|move|p2a: Vhagar|Hurricane|p1a: Ting-Lu
|-damage|p1a: Ting-Lu|89/100 slp
|cant|p1a: Ting-Lu|slp
|move|p1a: Ting-Lu|Sleep Talk|p1a: Ting-Lu
|move|p1a: Ting-Lu|Earthquake|p2a: Vhagar|[from] move: Sleep Talk
|-immune|p2a: Vhagar
|
|-heal|p1a: Ting-Lu|95/100 slp|[from] item: Leftovers
|upkeep
|turn|69
|inactive|jiotave has 120 seconds left.
|
|t:|1743882265
|move|p2a: Vhagar|Low Kick|p1a: Ting-Lu
|-damage|p1a: Ting-Lu|75/100 slp
|cant|p1a: Ting-Lu|slp
|move|p1a: Ting-Lu|Sleep Talk|p1a: Ting-Lu
|move|p1a: Ting-Lu|Ruination|p2a: Vhagar|[from] move: Sleep Talk
|-damage|p2a: Vhagar|4/100
|
|-heal|p1a: Ting-Lu|81/100 slp|[from] item: Leftovers
|upkeep
|turn|70
|inactive|jiotave has 120 seconds left.
|inactive|jiotave has 90 seconds left.
|
|t:|1743882316
|move|p2a: Vhagar|Low Kick|p1a: Ting-Lu
|-crit|p1a: Ting-Lu
|-damage|p1a: Ting-Lu|53/100 slp
|-curestatus|p1a: Ting-Lu|slp|[msg]
|move|p1a: Ting-Lu|Ruination|p2a: Vhagar
|-damage|p2a: Vhagar|2/100
|
|-heal|p1a: Ting-Lu|59/100|[from] item: Leftovers
|upkeep
|turn|71
|
|t:|1743882341
|move|p2a: Vhagar|Low Kick|p1a: Ting-Lu
|-damage|p1a: Ting-Lu|41/100
|move|p1a: Ting-Lu|Earthquake|p2a: Vhagar
|-immune|p2a: Vhagar
|
|-heal|p1a: Ting-Lu|47/100|[from] item: Leftovers
|upkeep
|turn|72
|c|☆jiotave|HAHAHAHAHAHAHAHA
|
|t:|1743882352
|move|p2a: Vhagar|Low Kick|p1a: Ting-Lu
|-damage|p1a: Ting-Lu|28/100
|move|p1a: Ting-Lu|Ruination|p2a: Vhagar
|-damage|p2a: Vhagar|1/100
|
|-heal|p1a: Ting-Lu|35/100|[from] item: Leftovers
|upkeep
|turn|73
|
|t:|1743882361
|move|p2a: Vhagar|Low Kick|p1a: Ting-Lu
|-damage|p1a: Ting-Lu|14/100
|move|p1a: Ting-Lu|Ruination|p2a: Vhagar
|-damage|p2a: Vhagar|1/100
|
|-heal|p1a: Ting-Lu|20/100|[from] item: Leftovers
|upkeep
|turn|74
|inactive|jiotave has 90 seconds left.
|c|☆jiotave|HAHAHAHAHAHAHAHAHAGA
|c|☆jiotave|0% CHANCE
|c|☆jiotave|YOU LOSE
|
|t:|1743882384
|move|p2a: Vhagar|Draco Meteor|p1a: Ting-Lu
|-damage|p1a: Ting-Lu|7/100
|-unboost|p2a: Vhagar|spa|2
|move|p1a: Ting-Lu|Sleep Talk||[still]
|-fail|p1a: Ting-Lu
|
|-heal|p1a: Ting-Lu|13/100|[from] item: Leftovers
|upkeep
|turn|75
|
|t:|1743882394
|move|p2a: Vhagar|Hurricane|p1a: Ting-Lu
|-damage|p1a: Ting-Lu|6/100
|move|p1a: Ting-Lu|Earthquake|p2a: Vhagar
|-immune|p2a: Vhagar
|
|-heal|p1a: Ting-Lu|12/100|[from] item: Leftovers
|upkeep
|turn|76
|
|t:|1743882403
|switch|p2a: Iron Treads|Iron Treads|68/100
|move|p1a: Ting-Lu|Ruination|p2a: Iron Treads|[miss]
|-miss|p1a: Ting-Lu|p2a: Iron Treads
|
|-heal|p1a: Ting-Lu|18/100|[from] item: Leftovers
|upkeep
|turn|77
|inactive|jiotave has 90 seconds left.
|c|☆kennojex|gg
|
|t:|1743882413
|move|p2a: Iron Treads|Volt Switch|p1a: Ting-Lu
|-supereffective|p1a: Ting-Lu
|-damage|p1a: Ting-Lu|7/100
|
|t:|1743882417
|-end|p2a: Iron Treads|Quark Drive|[silent]
|switch|p2a: Vhagar|Dragonite, F, shiny|1/100|[from] Volt Switch
|move|p1a: Ting-Lu|Earthquake|p2a: Vhagar
|-immune|p2a: Vhagar
|
|-heal|p1a: Ting-Lu|13/100|[from] item: Leftovers
|upkeep
|turn|78
|
|t:|1743882427
|move|p2a: Vhagar|Draco Meteor|p1a: Ting-Lu
|-damage|p1a: Ting-Lu|0 fnt
|-unboost|p2a: Vhagar|spa|2
|faint|p1a: Ting-Lu
|
|win|jiotave
|raw|kennojex's rating: 1403 &rarr; <strong>1387</strong><br />(-16 for losing)
|raw|jiotave's rating: 1482 &rarr; <strong>1498</strong><br />(+16 for winning)
