|j|☆1digo11
|j|☆xMythicgs
|t:|1743807592
|gametype|singles
|player|p1|1digo11|veteran|1097
|player|p2|xMythicgs|102|1103
|teamsize|p1|6
|teamsize|p2|6
|gen|9
|tier|[Gen 9] OU
|rated|
|rule|HP Percentage Mod: HP is shown in percentages
|rule|Endless Battle Clause: Forcing endless battles is banned
|rule|Species Clause: Limit one of each Pokémon
|rule|OHKO Clause: OHKO moves are banned
|rule|Evasion Items Clause: Evasion items are banned
|rule|Evasion Moves Clause: Evasion moves are banned
|rule|Sleep Moves Clause: Sleep-inducing moves are banned
|clearpoke
|poke|p1|Gliscor, F|
|poke|p1|Garganacl, M|
|poke|p1|Toxapex, M|
|poke|p1|Clodsire, M|
|poke|p1|Corviknight, M|
|poke|p1|Uxie|
|poke|p2|Pecharunt|
|poke|p2|Araquanid, F|
|poke|p2|Gliscor, M|
|poke|p2|Glimmora, M|
|poke|p2|Arcanine-Hisui, F|
|poke|p2|Tinkaton, F|
|teampreview
|inactive|Battle timer is ON: inactive players will automatically lose when time's up. (requested by 1digo11)
|
|t:|1743807599
|start
|switch|p1a: Smartass|Uxie|100/100
|switch|p2a: Glimmora|Glimmora, M|100/100
|turn|1
|
|t:|1743807605
|move|p2a: Glimmora|Spikes|p1a: Smartass
|-sidestart|p1: 1digo11|Spikes
|move|p1a: Smartass|Encore|p2a: Glimmora
|-start|p2a: Glimmora|Encore
|
|upkeep
|turn|2
|
|t:|1743807610
|move|p2a: Glimmora|Spikes|p1a: Smartass
|-sidestart|p1: 1digo11|Spikes
|move|p1a: Smartass|Stealth Rock|p2a: Glimmora
|-sidestart|p2: xMythicgs|move: Stealth Rock
|
|upkeep
|turn|3
|
|t:|1743807614
|move|p2a: Glimmora|Spikes|p1a: Smartass
|-sidestart|p1: 1digo11|Spikes
|move|p1a: Smartass|Mystical Power|p2a: Glimmora
|-supereffective|p2a: Glimmora
|-damage|p2a: Glimmora|37/100
|-boost|p1a: Smartass|spa|1
|
|upkeep
|turn|4
|
|t:|1743807626
|switch|p2a: Gliscor|Gliscor, M|100/100
|-damage|p2a: Gliscor|88/100|[from] Stealth Rock
|move|p1a: Smartass|Mystical Power|p2a: Gliscor|[miss]
|-miss|p1a: Smartass|p2a: Gliscor
|
|-status|p2a: Gliscor|tox|[from] item: Toxic Orb
|upkeep
|turn|5
|
|t:|1743807638
|move|p2a: Gliscor|Stealth Rock|p1a: Smartass
|-sidestart|p1: 1digo11|move: Stealth Rock
|move|p1a: Smartass|Dazzling Gleam|p2a: Gliscor
|-damage|p2a: Gliscor|51/100 tox
|
|-heal|p2a: Gliscor|63/100 tox|[from] ability: Poison Heal
|upkeep
|turn|6
|
|t:|1743807651
|move|p2a: Gliscor|Crabhammer|p1a: Smartass
|-damage|p1a: Smartass|80/100
|move|p1a: Smartass|Mystical Power|p2a: Gliscor
|-damage|p2a: Gliscor|17/100 tox
|-boost|p1a: Smartass|spa|1
|
|-heal|p1a: Smartass|86/100|[from] item: Leftovers
|-heal|p2a: Gliscor|30/100 tox|[from] ability: Poison Heal
|upkeep
|turn|7
|
|t:|1743807670
|move|p2a: Gliscor|U-turn|p1a: Smartass
|-supereffective|p1a: Smartass
|-damage|p1a: Smartass|57/100
|
|t:|1743807675
|switch|p2a: Glimmora|Glimmora, M|37/100|[from] U-turn
|-damage|p2a: Glimmora|25/100|[from] Stealth Rock
|move|p1a: Smartass|Mystical Power|p2a: Glimmora
|-supereffective|p2a: Glimmora
|-crit|p2a: Glimmora
|-damage|p2a: Glimmora|0 fnt
|-boost|p1a: Smartass|spa|1
|faint|p2a: Glimmora
|
|-heal|p1a: Smartass|63/100|[from] item: Leftovers
|upkeep
|
|t:|1743807686
|switch|p2a: Araquanid|Araquanid, F|100/100
|-damage|p2a: Araquanid|76/100|[from] Stealth Rock
|turn|8
|
|t:|1743807706
|move|p1a: Smartass|Mystical Power|p2a: Araquanid
|-damage|p2a: Araquanid|38/100
|-boost|p1a: Smartass|spa|1
|move|p2a: Araquanid|Sticky Web|p1a: Smartass
|-sidestart|p1: 1digo11|move: Sticky Web
|
|-heal|p1a: Smartass|69/100|[from] item: Leftovers
|upkeep
|turn|9
|
|t:|1743807716
|move|p1a: Smartass|Mystical Power|p2a: Araquanid
|-damage|p2a: Araquanid|0 fnt
|-boost|p1a: Smartass|spa|1
|faint|p2a: Araquanid
|
|-heal|p1a: Smartass|76/100|[from] item: Leftovers
|upkeep
|
|t:|1743807725
|switch|p2a: Pecharunt|Pecharunt|100/100
|-damage|p2a: Pecharunt|88/100|[from] Stealth Rock
|-item|p2a: Pecharunt|Air Balloon
|turn|10
|
|t:|1743807736
|move|p2a: Pecharunt|Shadow Ball|p1a: Smartass
|-supereffective|p1a: Smartass
|-damage|p1a: Smartass|28/100
|-unboost|p1a: Smartass|spd|1
|move|p1a: Smartass|Dazzling Gleam|p2a: Pecharunt
|-resisted|p2a: Pecharunt
|-damage|p2a: Pecharunt|53/100
|-enditem|p2a: Pecharunt|Air Balloon
|
|-heal|p1a: Smartass|34/100|[from] item: Leftovers
|upkeep
|turn|11
|
|t:|1743807747
|move|p2a: Pecharunt|Shadow Ball|p1a: Smartass
|-supereffective|p1a: Smartass
|-damage|p1a: Smartass|0 fnt
|faint|p1a: Smartass
|
|upkeep
|
|t:|1743807765
|switch|p1a: FlynCrabsTheySaid|Gliscor, F|100/100
|-damage|p1a: FlynCrabsTheySaid|88/100|[from] Stealth Rock
|turn|12
|
|t:|1743807777
|switch|p2a: Gliscor|Gliscor, M|30/100 tox
|-damage|p2a: Gliscor|17/100 tox|[from] Stealth Rock
|move|p1a: FlynCrabsTheySaid|Swords Dance|p1a: FlynCrabsTheySaid
|-boost|p1a: FlynCrabsTheySaid|atk|2
|
|-heal|p2a: Gliscor|30/100 tox|[from] ability: Poison Heal
|-status|p1a: FlynCrabsTheySaid|tox|[from] item: Toxic Orb
|upkeep
|turn|13
|
|t:|1743807787
|move|p2a: Gliscor|Crabhammer|p1a: FlynCrabsTheySaid
|-supereffective|p1a: FlynCrabsTheySaid
|-damage|p1a: FlynCrabsTheySaid|38/100 tox
|move|p1a: FlynCrabsTheySaid|Dual Wingbeat|p2a: Gliscor
|-damage|p2a: Gliscor|3/100 tox
|-damage|p2a: Gliscor|0 fnt
|faint|p2a: Gliscor
|-hitcount|p2: Gliscor|2
|
|-heal|p1a: FlynCrabsTheySaid|50/100 tox|[from] ability: Poison Heal
|upkeep
|
|t:|1743807796
|switch|p2a: Arcanine|Arcanine-Hisui, F|100/100
|-damage|p2a: Arcanine|76/100|[from] Stealth Rock
|-ability|p2a: Arcanine|Intimidate|boost
|-unboost|p1a: FlynCrabsTheySaid|atk|1
|turn|14
|
|t:|1743807802
|move|p1a: FlynCrabsTheySaid|Protect|p1a: FlynCrabsTheySaid
|-singleturn|p1a: FlynCrabsTheySaid|Protect
|move|p2a: Arcanine|Extreme Speed|p1a: FlynCrabsTheySaid
|-activate|p1a: FlynCrabsTheySaid|move: Protect
|
|-heal|p1a: FlynCrabsTheySaid|63/100 tox|[from] ability: Poison Heal
|upkeep
|turn|15
|
|t:|1743807812
|move|p2a: Arcanine|Extreme Speed|p1a: FlynCrabsTheySaid
|-damage|p1a: FlynCrabsTheySaid|36/100 tox
|move|p1a: FlynCrabsTheySaid|Earthquake|p2a: Arcanine
|-supereffective|p2a: Arcanine
|-damage|p2a: Arcanine|0 fnt
|faint|p2a: Arcanine
|
|-heal|p1a: FlynCrabsTheySaid|48/100 tox|[from] ability: Poison Heal
|upkeep
|
|t:|1743807820
|switch|p2a: Tinkaton|Tinkaton, F|100/100
|-damage|p2a: Tinkaton|94/100|[from] Stealth Rock
|-item|p2a: Tinkaton|Air Balloon
|turn|16
|
|t:|1743807840
|move|p1a: FlynCrabsTheySaid|Protect|p1a: FlynCrabsTheySaid
|-singleturn|p1a: FlynCrabsTheySaid|Protect
|move|p2a: Tinkaton|Fake Out|p1a: FlynCrabsTheySaid
|-activate|p1a: FlynCrabsTheySaid|move: Protect
|
|-heal|p1a: FlynCrabsTheySaid|61/100 tox|[from] ability: Poison Heal
|upkeep
|turn|17
|
|t:|1743807849
|move|p2a: Tinkaton|Gigaton Hammer|p1a: FlynCrabsTheySaid
|-damage|p1a: FlynCrabsTheySaid|8/100 tox
|move|p1a: FlynCrabsTheySaid|Swords Dance|p1a: FlynCrabsTheySaid
|-boost|p1a: FlynCrabsTheySaid|atk|2
|
|-heal|p1a: FlynCrabsTheySaid|20/100 tox|[from] ability: Poison Heal
|upkeep
|turn|18
|
|t:|1743807857
|move|p2a: Tinkaton|Play Rough|p1a: FlynCrabsTheySaid
|-damage|p1a: FlynCrabsTheySaid|0 fnt
|faint|p1a: FlynCrabsTheySaid
|
|upkeep
|
|t:|1743807870
|switch|p1a: PhosphorusOxygen|Garganacl, M|100/100
|-damage|p1a: PhosphorusOxygen|75/100|[from] Spikes
|-damage|p1a: PhosphorusOxygen|63/100|[from] Stealth Rock
|-activate|p1a: PhosphorusOxygen|move: Sticky Web
|-unboost|p1a: PhosphorusOxygen|spe|1
|turn|19
|
|t:|1743807885
|move|p1a: PhosphorusOxygen|Protect|p1a: PhosphorusOxygen
|-singleturn|p1a: PhosphorusOxygen|Protect
|move|p2a: Tinkaton|Play Rough|p1a: PhosphorusOxygen
|-activate|p1a: PhosphorusOxygen|move: Protect
|
|-heal|p1a: PhosphorusOxygen|69/100|[from] item: Leftovers
|upkeep
|turn|20
|
|t:|1743807895
|move|p2a: Tinkaton|Gigaton Hammer|p1a: PhosphorusOxygen
|-supereffective|p1a: PhosphorusOxygen
|-damage|p1a: PhosphorusOxygen|13/100
|move|p1a: PhosphorusOxygen|Salt Cure|p2a: Tinkaton
|-resisted|p2a: Tinkaton
|-crit|p2a: Tinkaton
|-damage|p2a: Tinkaton|81/100
|-start|p2a: Tinkaton|Salt Cure
|-enditem|p2a: Tinkaton|Air Balloon
|
|-heal|p1a: PhosphorusOxygen|19/100|[from] item: Leftovers
|-damage|p2a: Tinkaton|56/100|[from] Salt Cure
|upkeep
|turn|21
|
|t:|1743807907
|move|p1a: PhosphorusOxygen|Protect|p1a: PhosphorusOxygen
|-singleturn|p1a: PhosphorusOxygen|Protect
|move|p2a: Tinkaton|Play Rough|p1a: PhosphorusOxygen
|-activate|p1a: PhosphorusOxygen|move: Protect
|
|-heal|p1a: PhosphorusOxygen|25/100|[from] item: Leftovers
|-damage|p2a: Tinkaton|31/100|[from] Salt Cure
|upkeep
|turn|22
|
|t:|1743807919
|switch|p1a: ArmoredHonch|Corviknight, M|100/100
|-damage|p1a: ArmoredHonch|88/100|[from] Stealth Rock
|move|p2a: Tinkaton|Play Rough|p1a: ArmoredHonch
|-resisted|p1a: ArmoredHonch
|-damage|p1a: ArmoredHonch|76/100
|
|-heal|p1a: ArmoredHonch|83/100|[from] item: Leftovers
|-damage|p2a: Tinkaton|6/100|[from] Salt Cure
|upkeep
|turn|23
|
|t:|1743807932
|switch|p2a: Pecharunt|Pecharunt|53/100
|-damage|p2a: Pecharunt|41/100|[from] Stealth Rock
|move|p1a: ArmoredHonch|Body Press|p2a: Pecharunt
|-immune|p2a: Pecharunt
|
|-heal|p1a: ArmoredHonch|89/100|[from] item: Leftovers
|upkeep
|turn|24
|
|t:|1743807941
|move|p2a: Pecharunt|Shadow Ball|p1a: ArmoredHonch
|-damage|p1a: ArmoredHonch|62/100
|move|p1a: ArmoredHonch|Brave Bird|p2a: Pecharunt
|-damage|p2a: Pecharunt|13/100
|-damage|p1a: ArmoredHonch|55/100|[from] Recoil
|
|-heal|p1a: ArmoredHonch|61/100|[from] item: Leftovers
|upkeep
|turn|25
|
|t:|1743807949
|move|p2a: Pecharunt|Shadow Ball|p1a: ArmoredHonch
|-damage|p1a: ArmoredHonch|32/100
|move|p1a: ArmoredHonch|Brave Bird|p2a: Pecharunt
|-damage|p2a: Pecharunt|0 fnt
|faint|p2a: Pecharunt
|-damage|p1a: ArmoredHonch|29/100|[from] Recoil
|
|-heal|p1a: ArmoredHonch|35/100|[from] item: Leftovers
|upkeep
|
|t:|1743807958
|switch|p2a: Tinkaton|Tinkaton, F|6/100
|-damage|p2a: Tinkaton|0 fnt|[from] Stealth Rock
|faint|p2a: Tinkaton
|
|win|1digo11
|raw|1digo11's rating: 1097 &rarr; <strong>1123</strong><br />(+26 for winning)
|raw|xMythicgs's rating: 1103 &rarr; <strong>1078</strong><br />(-25 for losing)
|c|☆xMythicgs|gg
|c|☆1digo11|gg
|l|☆1digo11
|player|p1|
|l|☆xMythicgs
|player|p2|
