|j|☆TheTyranitard
|j|☆TeaPause
|t:|1743892452
|gametype|singles
|player|p1|TheTyranitard|hiker-gen4|1486
|player|p2|TeaPause|waiter|1469
|teamsize|p1|6
|teamsize|p2|6
|gen|9
|tier|[Gen 9] OU
|rated|
|rule|HP Percentage Mod: HP is shown in percentages
|rule|Endless Battle Clause: Forcing endless battles is banned
|rule|Species Clause: Limit one of each Pokémon
|rule|OHKO Clause: OHKO moves are banned
|rule|Evasion Items Clause: Evasion items are banned
|rule|Evasion Moves Clause: Evasion moves are banned
|rule|Sleep Moves Clause: Sleep-inducing moves are banned
|clearpoke
|poke|p1|Pelipper, M|
|poke|p1|Basculegion, M|
|poke|p1|Barraskewda, M|
|poke|p1|Dragonite, M|
|poke|p1|Bellibolt, M|
|poke|p1|Iron Treads|
|poke|p2|Scyther, M|
|poke|p2|Great Tusk|
|poke|p2|Magnezone|
|poke|p2|Weavile, F|
|poke|p2|Slowking, M|
|poke|p2|Iron Valiant|
|teampreview
|inactive|Battle timer is ON: inactive players will automatically lose when time's up. (requested by TeaPause)
|
|t:|1743892479
|start
|switch|p1a: Bellibolt|Bellibolt, M|100/100
|switch|p2a: Slowking|Slowking, M|100/100
|turn|1
|
|t:|1743892489
|move|p1a: Bellibolt|Volt Switch|p2a: Slowking
|-supereffective|p2a: Slowking
|-damage|p2a: Slowking|51/100
|
|t:|1743892498
|switch|p1a: Iron Treads|Iron Treads|100/100|[from] Volt Switch
|move|p2a: Slowking|Future Sight|p1a: Iron Treads
|-start|p2a: Slowking|move: Future Sight
|
|upkeep
|turn|2
|
|t:|1743892505
|move|p1a: Iron Treads|Stealth Rock|p2a: Slowking
|-sidestart|p2: TeaPause|move: Stealth Rock
|move|p2a: Slowking|Scald|p1a: Iron Treads
|-supereffective|p1a: Iron Treads
|-damage|p1a: Iron Treads|35/100
|-enditem|p1a: Iron Treads|Eject Button
|
|t:|1743892520
|-end|p1a: Iron Treads|Quark Drive|[silent]
|switch|p1a: Dragonite|Dragonite, M|100/100
|
|upkeep
|turn|3
|
|t:|1743892527
|move|p1a: Dragonite|Draco Meteor|p2a: Slowking
|-crit|p2a: Slowking
|-damage|p2a: Slowking|0 fnt
|-unboost|p1a: Dragonite|spa|2
|-enditem|p1a: Dragonite|Eject Pack
|faint|p2a: Slowking
|
|t:|1743892542
|switch|p1a: Pelipper|Pelipper, M|100/100
|-weather|RainDance|[from] ability: Drizzle|[of] p1a: Pelipper
|
|-weather|RainDance|[upkeep]
|-end|p1a: Pelipper|move: Future Sight
|-damage|p1a: Pelipper|48/100
|upkeep
|
|t:|1743892558
|switch|p2a: Great Tusk|Great Tusk|100/100
|-damage|p2a: Great Tusk|98/100|[from] Stealth Rock
|-enditem|p2a: Great Tusk|Booster Energy
|-activate|p2a: Great Tusk|ability: Protosynthesis|[fromitem]
|-start|p2a: Great Tusk|protosynthesisatk
|turn|4
|
|t:|1743892564
|switch|p1a: Barraskewda|Barraskewda, M|100/100
|move|p2a: Great Tusk|Rapid Spin|p1a: Barraskewda
|-damage|p1a: Barraskewda|51/100
|-boost|p2a: Great Tusk|spe|1
|-sideend|p2: TeaPause|Stealth Rock|[from] move: Rapid Spin|[of] p2a: Great Tusk
|
|-weather|RainDance|[upkeep]
|upkeep
|turn|5
|
|t:|1743892577
|move|p1a: Barraskewda|Flip Turn|p2a: Great Tusk
|-supereffective|p2a: Great Tusk
|-damage|p2a: Great Tusk|0 fnt
|faint|p2a: Great Tusk
|-end|p2a: Great Tusk|Protosynthesis|[silent]
|
|t:|1743892583
|switch|p1a: Basculegion|Basculegion, M|100/100|[from] Flip Turn
|
|-weather|RainDance|[upkeep]
|upkeep
|
|t:|1743892591
|switch|p2a: Magnezone|Magnezone|100/100
|turn|6
|
|t:|1743892597
|move|p1a: Basculegion|Flip Turn|p2a: Magnezone
|-damage|p2a: Magnezone|27/100
|
|t:|1743892603
|switch|p1a: Iron Treads|Iron Treads|35/100|[from] Flip Turn
|move|p2a: Magnezone|Volt Switch|p1a: Iron Treads
|-immune|p1a: Iron Treads
|
|-weather|RainDance|[upkeep]
|upkeep
|turn|7
|
|t:|1743892611
|move|p1a: Iron Treads|Stealth Rock|p2a: Magnezone
|-sidestart|p2: TeaPause|move: Stealth Rock
|move|p2a: Magnezone|Body Press|p1a: Iron Treads
|-supereffective|p1a: Iron Treads
|-damage|p1a: Iron Treads|0 fnt
|faint|p1a: Iron Treads
|-end|p1a: Iron Treads|Quark Drive|[silent]
|
|-weather|RainDance|[upkeep]
|upkeep
|
|t:|1743892629
|switch|p1a: Basculegion|Basculegion, M|100/100
|turn|8
|
|t:|1743892639
|move|p1a: Basculegion|Flip Turn|p2a: Magnezone
|-damage|p2a: Magnezone|0 fnt
|faint|p2a: Magnezone
|
|t:|1743892642
|switch|p1a: Barraskewda|Barraskewda, M|51/100|[from] Flip Turn
|
|-weather|RainDance|[upkeep]
|upkeep
|
|t:|1743892649
|switch|p2a: Scyther|Scyther, M|100/100
|-damage|p2a: Scyther|51/100|[from] Stealth Rock
|turn|9
|
|t:|1743892661
|move|p1a: Barraskewda|Aqua Jet|p2a: Scyther
|-damage|p2a: Scyther|5/100
|move|p2a: Scyther|Bug Bite|p1a: Barraskewda
|-damage|p1a: Barraskewda|0 fnt
|faint|p1a: Barraskewda
|
|-weather|RainDance|[upkeep]
|upkeep
|
|t:|1743892666
|switch|p1a: Basculegion|Basculegion, M|100/100
|turn|10
|
|t:|1743892674
|move|p1a: Basculegion|Aqua Jet|p2a: Scyther
|-damage|p2a: Scyther|0 fnt
|faint|p2a: Scyther
|
|-weather|none
|upkeep
|
|t:|1743892683
|switch|p2a: Weavile|Weavile, F|100/100
|-damage|p2a: Weavile|76/100|[from] Stealth Rock
|-ability|p2a: Weavile|Pressure
|turn|11
|
|t:|1743892691
|switch|p1a: Pelipper|Pelipper, M|48/100
|-weather|RainDance|[from] ability: Drizzle|[of] p1a: Pelipper
|move|p2a: Weavile|Knock Off|p1a: Pelipper
|-damage|p1a: Pelipper|0 fnt
|-enditem|p1a: Pelipper|Damp Rock|[from] move: Knock Off|[of] p2a: Weavile
|faint|p1a: Pelipper
|-damage|p2a: Weavile|66/100|[from] item: Life Orb
|
|-weather|RainDance|[upkeep]
|upkeep
|
|t:|1743892696
|switch|p1a: Basculegion|Basculegion, M|100/100
|turn|12
|
|t:|1743892704
|move|p1a: Basculegion|Aqua Jet|p2a: Weavile
|-crit|p2a: Weavile
|-damage|p2a: Weavile|0 fnt
|faint|p2a: Weavile
|
|-weather|RainDance|[upkeep]
|upkeep
|-message|TeaPause forfeited.
|
|win|TheTyranitard
|raw|TheTyranitard's rating: 1486 &rarr; <strong>1505</strong><br />(+19 for winning)
|raw|TeaPause's rating: 1469 &rarr; <strong>1450</strong><br />(-19 for losing)
|l|☆TeaPause
|player|p2|
|l|☆TheTyranitard
|player|p1|
