|j|☆alinare12
|j|☆qwolff
|t:|1743825420
|gametype|singles
|player|p1|alinare12|pokemonrangerf-gen4|1167
|player|p2|qwolff|101|1241
|teamsize|p1|6
|teamsize|p2|6
|gen|9
|tier|[Gen 9] OU
|rated|
|rule|HP Percentage Mod: HP is shown in percentages
|rule|Endless Battle Clause: Forcing endless battles is banned
|rule|Species Clause: Limit one of each Pokémon
|rule|OHKO Clause: OHKO moves are banned
|rule|Evasion Items Clause: Evasion items are banned
|rule|Evasion Moves Clause: Evasion moves are banned
|rule|Sleep Moves Clause: Sleep-inducing moves are banned
|clearpoke
|poke|p1|Garganacl, F|
|poke|p1|Glimmora, F|
|poke|p1|Iron Boulder|
|poke|p1|Tyranitar, F|
|poke|p1|Diancie|
|poke|p1|Ogerpon-Cornerstone, F|
|poke|p2|Dragonite, M|
|poke|p2|Dragapult, M|
|poke|p2|Kyurem|
|poke|p2|Cinderace, F|
|poke|p2|Weavile, F|
|poke|p2|Iron Valiant|
|teampreview
|
|t:|1743825432
|start
|switch|p1a: Glimmora|Glimmora, F|100/100
|switch|p2a: Kyurem|Kyurem|100/100
|-ability|p2a: Kyurem|Pressure
|turn|1
|
|t:|1743825440
|switch|p1a: Diancie|Diancie|100/100
|move|p2a: Kyurem|Earth Power|p1a: Diancie
|-supereffective|p1a: Diancie
|-damage|p1a: Diancie|54/100
|-damage|p2a: Kyurem|91/100|[from] item: Life Orb
|
|upkeep
|turn|2
|
|t:|1743825454
|switch|p2a: Cinderace|Cinderace, F|100/100
|-terastallize|p1a: Diancie|Fairy
|move|p1a: Diancie|Diamond Storm|p2a: Cinderace
|-supereffective|p2a: Cinderace
|-damage|p2a: Cinderace|0 fnt
|faint|p2a: Cinderace
|
|upkeep
|
|t:|1743825469
|switch|p2a: Iron Valiant|Iron Valiant|100/100
|-enditem|p2a: Iron Valiant|Booster Energy
|-activate|p2a: Iron Valiant|ability: Quark Drive|[fromitem]
|-start|p2a: Iron Valiant|quarkdrivespe
|turn|3
|
|t:|1743825505
|switch|p1a: Glimmora|Glimmora, F|100/100
|move|p2a: Iron Valiant|Spirit Break|p1a: Glimmora
|-resisted|p1a: Glimmora
|-damage|p1a: Glimmora|78/100
|-unboost|p1a: Glimmora|spa|1
|-activate|p1a: Glimmora|ability: Toxic Debris
|-sidestart|p2: qwolff|move: Toxic Spikes
|
|upkeep
|turn|4
|
|t:|1743825574
|-end|p2a: Iron Valiant|Quark Drive|[silent]
|switch|p2a: Kyurem|Kyurem|91/100
|-status|p2a: Kyurem|psn
|-ability|p2a: Kyurem|Pressure
|move|p1a: Glimmora|Spiky Shield||[still]
|-fail|p1a: Glimmora
|
|-damage|p2a: Kyurem|78/100 psn|[from] psn
|upkeep
|turn|5
|
|t:|1743825584
|switch|p1a: Tyranitar|Tyranitar, F|100/100
|-weather|Sandstorm|[from] ability: Sand Stream|[of] p1a: Tyranitar
|move|p2a: Kyurem|Earth Power|p1a: Tyranitar
|-supereffective|p1a: Tyranitar
|-damage|p1a: Tyranitar|60/100
|-damage|p2a: Kyurem|68/100 psn|[from] item: Life Orb
|
|-weather|Sandstorm|[upkeep]
|-damage|p2a: Kyurem|62/100 psn|[from] Sandstorm
|-damage|p2a: Kyurem|50/100 psn|[from] psn
|upkeep
|turn|6
|
|t:|1743825595
|move|p2a: Kyurem|Earth Power|p1a: Tyranitar
|-supereffective|p1a: Tyranitar
|-crit|p1a: Tyranitar
|-damage|p1a: Tyranitar|5/100
|-damage|p2a: Kyurem|40/100 psn|[from] item: Life Orb
|move|p1a: Tyranitar|Knock Off|p2a: Kyurem
|-damage|p2a: Kyurem|0 fnt
|-enditem|p2a: Kyurem|Life Orb|[from] move: Knock Off|[of] p1a: Tyranitar
|faint|p2a: Kyurem
|-damage|p1a: Tyranitar|0 fnt|[from] item: Life Orb
|faint|p1a: Tyranitar
|
|-weather|Sandstorm|[upkeep]
|upkeep
|l|☆qwolff
|player|p2|
|j|☆qwolff
|player|p2|qwolff|101|
|
|t:|1743825634
|switch|p2a: Weavile|Weavile, F|100/100
|switch|p1a: Glimmora|Glimmora, F|78/100
|-status|p2a: Weavile|psn
|turn|7
|
|t:|1743825664
|move|p2a: Weavile|Knock Off|p1a: Glimmora
|-damage|p1a: Glimmora|7/100
|-activate|p1a: Glimmora|ability: Toxic Debris
|-sidestart|p2: qwolff|move: Toxic Spikes
|-enditem|p1a: Glimmora|Focus Sash|[from] move: Knock Off|[of] p2a: Weavile
|move|p1a: Glimmora|Stealth Rock|p2a: Weavile
|-sidestart|p2: qwolff|move: Stealth Rock
|
|-weather|Sandstorm|[upkeep]
|-damage|p2a: Weavile|94/100 psn|[from] Sandstorm
|-damage|p2a: Weavile|82/100 psn|[from] psn
|upkeep
|turn|8
|
|t:|1743825671
|move|p1a: Glimmora|Spiky Shield|p1a: Glimmora
|-singleturn|p1a: Glimmora|move: Protect
|move|p2a: Weavile|Knock Off|p1a: Glimmora
|-activate|p1a: Glimmora|move: Protect
|-damage|p2a: Weavile|70/100 psn|[from] Spiky Shield|[of] p1a: Glimmora
|
|-weather|Sandstorm|[upkeep]
|-damage|p2a: Weavile|63/100 psn|[from] Sandstorm
|-damage|p2a: Weavile|51/100 psn|[from] psn
|upkeep
|turn|9
|
|t:|1743825680
|move|p2a: Weavile|Knock Off|p1a: Glimmora
|-damage|p1a: Glimmora|0 fnt
|faint|p1a: Glimmora
|
|-weather|none
|-damage|p2a: Weavile|39/100 psn|[from] psn
|upkeep
|
|t:|1743825691
|switch|p1a: Ogerpon|Ogerpon-Cornerstone, F|100/100
|turn|10
|
|t:|1743825695
|move|p1a: Ogerpon|Spiky Shield|p1a: Ogerpon
|-singleturn|p1a: Ogerpon|move: Protect
|move|p2a: Weavile|Knock Off|p1a: Ogerpon
|-activate|p1a: Ogerpon|move: Protect
|-damage|p2a: Weavile|26/100 psn|[from] Spiky Shield|[of] p1a: Ogerpon
|
|-damage|p2a: Weavile|14/100 psn|[from] psn
|upkeep
|turn|11
|
|t:|1743825704
|move|p1a: Ogerpon|U-turn|p2a: Weavile
|-supereffective|p2a: Weavile
|-damage|p2a: Weavile|0 fnt
|faint|p2a: Weavile
|
|t:|1743825714
|switch|p1a: Garganacl|Garganacl, F|100/100|[from] U-turn
|
|upkeep
|
|t:|1743825731
|switch|p2a: Dragapult|Dragapult, M|100/100
|-status|p2a: Dragapult|tox
|-damage|p2a: Dragapult|88/100 tox|[from] Stealth Rock
|turn|12
|
|t:|1743825735
|move|p2a: Dragapult|Surf|p1a: Garganacl
|-supereffective|p1a: Garganacl
|-damage|p1a: Garganacl|58/100
|move|p1a: Garganacl|Salt Cure|p2a: Dragapult
|-damage|p2a: Dragapult|70/100 tox
|-start|p2a: Dragapult|Salt Cure
|
|-heal|p1a: Garganacl|64/100|[from] item: Leftovers
|-damage|p2a: Dragapult|64/100 tox|[from] psn
|-damage|p2a: Dragapult|52/100 tox|[from] Salt Cure
|upkeep
|turn|13
|
|t:|1743825754
|move|p2a: Dragapult|Surf|p1a: Garganacl
|-supereffective|p1a: Garganacl
|-damage|p1a: Garganacl|17/100
|move|p1a: Garganacl|Recover|p1a: Garganacl
|-heal|p1a: Garganacl|67/100
|
|-heal|p1a: Garganacl|73/100|[from] item: Leftovers
|-damage|p2a: Dragapult|40/100 tox|[from] psn
|-damage|p2a: Dragapult|28/100 tox|[from] Salt Cure
|upkeep
|turn|14
|
|t:|1743825762
|move|p1a: Garganacl|Protect|p1a: Garganacl
|-singleturn|p1a: Garganacl|Protect
|move|p2a: Dragapult|Surf|p1a: Garganacl
|-activate|p1a: Garganacl|move: Protect
|
|-heal|p1a: Garganacl|79/100|[from] item: Leftovers
|-damage|p2a: Dragapult|10/100 tox|[from] psn
|-damage|p2a: Dragapult|0 fnt|[from] Salt Cure
|faint|p2a: Dragapult
|upkeep
|
|t:|1743825770
|switch|p2a: Iron Valiant|Iron Valiant|100/100
|-status|p2a: Iron Valiant|tox
|-damage|p2a: Iron Valiant|94/100 tox|[from] Stealth Rock
|turn|15
|
|t:|1743825773
|move|p2a: Iron Valiant|Swords Dance|p2a: Iron Valiant
|-boost|p2a: Iron Valiant|atk|2
|move|p1a: Garganacl|Salt Cure|p2a: Iron Valiant
|-resisted|p2a: Iron Valiant
|-crit|p2a: Iron Valiant
|-damage|p2a: Iron Valiant|82/100 tox
|-start|p2a: Iron Valiant|Salt Cure
|
|-heal|p1a: Garganacl|85/100|[from] item: Leftovers
|-damage|p2a: Iron Valiant|76/100 tox|[from] psn
|-damage|p2a: Iron Valiant|63/100 tox|[from] Salt Cure
|upkeep
|turn|16
|
|t:|1743825780
|move|p2a: Iron Valiant|Drain Punch|p1a: Garganacl
|-supereffective|p1a: Garganacl
|-damage|p1a: Garganacl|0 fnt
|-heal|p2a: Iron Valiant|100/100 tox|[from] drain|[of] p1a: Garganacl
|faint|p1a: Garganacl
|
|-damage|p2a: Iron Valiant|88/100 tox|[from] psn
|-damage|p2a: Iron Valiant|76/100 tox|[from] Salt Cure
|upkeep
|
|t:|1743825788
|switch|p1a: Iron Boulder|Iron Boulder|100/100
|-enditem|p1a: Iron Boulder|Booster Energy
|-activate|p1a: Iron Boulder|ability: Quark Drive|[fromitem]
|-start|p1a: Iron Boulder|quarkdrivespe
|turn|17
|
|t:|1743825820
|move|p1a: Iron Boulder|Mighty Cleave|p2a: Iron Valiant
|-resisted|p2a: Iron Valiant
|-damage|p2a: Iron Valiant|47/100 tox
|move|p2a: Iron Valiant|Knock Off|p1a: Iron Boulder
|-supereffective|p1a: Iron Boulder
|-damage|p1a: Iron Boulder|0 fnt
|faint|p1a: Iron Boulder
|-end|p1a: Iron Boulder|Quark Drive|[silent]
|
|-damage|p2a: Iron Valiant|28/100 tox|[from] psn
|-damage|p2a: Iron Valiant|16/100 tox|[from] Salt Cure
|upkeep
|
|t:|1743825829
|switch|p1a: Ogerpon|Ogerpon-Cornerstone, F|100/100
|turn|18
|
|t:|1743825833
|move|p1a: Ogerpon|Spiky Shield|p1a: Ogerpon
|-singleturn|p1a: Ogerpon|move: Protect
|move|p2a: Iron Valiant|Drain Punch|p1a: Ogerpon
|-activate|p1a: Ogerpon|move: Protect
|-damage|p2a: Iron Valiant|3/100 tox|[from] Spiky Shield|[of] p1a: Ogerpon
|
|-damage|p2a: Iron Valiant|0 fnt|[from] psn
|faint|p2a: Iron Valiant
|-end|p2a: Iron Valiant|Quark Drive|[silent]
|upkeep
|
|t:|1743825839
|switch|p2a: Dragonite|Dragonite, M|100/100
|turn|19
|
|t:|1743825843
|-terastallize|p2a: Dragonite|Normal
|move|p1a: Ogerpon|Ivy Cudgel|p2a: Dragonite|[anim] Ivy Cudgel Rock
|-damage|p2a: Dragonite|66/100
|move|p2a: Dragonite|Dragon Dance|p2a: Dragonite
|-boost|p2a: Dragonite|atk|1
|-boost|p2a: Dragonite|spe|1
|
|upkeep
|turn|20
|
|t:|1743825856
|move|p2a: Dragonite|Earthquake|p1a: Ogerpon
|-damage|p1a: Ogerpon|21/100
|move|p1a: Ogerpon|Horn Leech|p2a: Dragonite
|-damage|p2a: Dragonite|18/100
|-heal|p1a: Ogerpon|46/100|[from] drain|[of] p2a: Dragonite
|
|upkeep
|turn|21
|
|t:|1743825863
|move|p1a: Ogerpon|Spiky Shield|p1a: Ogerpon
|-singleturn|p1a: Ogerpon|move: Protect
|move|p2a: Dragonite|Earthquake|p1a: Ogerpon
|-activate|p1a: Ogerpon|move: Protect
|
|upkeep
|turn|22
|
|t:|1743825883
|move|p2a: Dragonite|Earthquake|p1a: Ogerpon
|-damage|p1a: Ogerpon|0 fnt
|faint|p1a: Ogerpon
|
|upkeep
|
|t:|1743825886
|switch|p1a: Diancie|Diancie, tera:Fairy|54/100
|turn|23
|
|t:|1743825905
|move|p2a: Dragonite|Extreme Speed|p1a: Diancie
|-damage|p1a: Diancie|0 fnt
|faint|p1a: Diancie
|
|win|qwolff
|raw|alinare12's rating: 1167 &rarr; <strong>1147</strong><br />(-20 for losing)
|raw|qwolff's rating: 1241 &rarr; <strong>1261</strong><br />(+20 for winning)
|l|☆qwolff
|player|p2|
|l|☆alinare12
|player|p1|
