|j|☆yuh mans
|j|☆Celeryyyy
|inactive|Battle timer is ON: inactive players will automatically lose when time's up.
|t:|1743878024
|gametype|singles
|player|p1|yuh mans|boarder|
|player|p2|Celeryyyy|lacey|
|teamsize|p1|3
|teamsize|p2|3
|gen|9
|tier|[Gen 9] OU
|rated|Tournament battle
|rule|HP Percentage Mod: HP is shown in percentages
|rule|Endless Battle Clause: Forcing endless battles is banned
|rule|Species Clause: Limit one of each Pokémon
|rule|OHKO Clause: OHKO moves are banned
|rule|Evasion Items Clause: Evasion items are banned
|rule|Evasion Moves Clause: Evasion moves are banned
|rule|Sleep Moves Clause: Sleep-inducing moves are banned
|clearpoke
|poke|p1|Scrafty, M|
|poke|p1|Cinderace, F|
|poke|p1|Dipplin, F|
|poke|p2|Toxapex, F|
|poke|p2|Samurott-Hisui, F|
|poke|p2|Salazzle, F|
|teampreview
|j|*Lady Monita ❄
|inactive|yuh mans also wants the timer to be on.
|
|t:|1743878039
|start
|switch|p1a: Cinderace|Cinderace, F|100/100
|switch|p2a: Samurott|Samurott-Hisui, F, shiny|100/100
|turn|1
|
|t:|1743878047
|switch|p2a: Toxapex|Toxapex, F, shiny|100/100
|move|p1a: Cinderace|U-turn|p2a: Toxapex
|-start|p1a: Cinderace|typechange|Bug|[from] ability: Libero
|-resisted|p2a: Toxapex
|-damage|p2a: Toxapex|86/100
|-damage|p1a: Cinderace|84/100|[from] item: Rocky Helmet|[of] p2a: Toxapex
|
|t:|1743878056
|switch|p1a: Scrafty|Scrafty, M|100/100|[from] U-turn
|
|upkeep
|turn|2
|
|t:|1743878060
|move|p1a: Scrafty|Dragon Dance|p1a: Scrafty
|-boost|p1a: Scrafty|atk|1
|-boost|p1a: Scrafty|spe|1
|move|p2a: Toxapex|Toxic|p1a: Scrafty
|-status|p1a: Scrafty|tox
|-enditem|p1a: Scrafty|Lum Berry|[eat]
|-curestatus|p1a: Scrafty|tox|[msg]
|
|upkeep
|turn|3
|
|t:|1743878069
|-terastallize|p1a: Scrafty|Steel
|move|p1a: Scrafty|Dragon Dance|p1a: Scrafty
|-boost|p1a: Scrafty|atk|1
|-boost|p1a: Scrafty|spe|1
|move|p2a: Toxapex|Toxic|p1a: Scrafty
|-immune|p1a: Scrafty
|
|upkeep
|turn|4
|
|t:|1743878082
|move|p1a: Scrafty|Knock Off|p2a: Toxapex
|-damage|p2a: Toxapex|41/100
|-damage|p1a: Scrafty|84/100|[from] item: Rocky Helmet|[of] p2a: Toxapex
|-enditem|p2a: Toxapex|Rocky Helmet|[from] move: Knock Off|[of] p1a: Scrafty
|move|p2a: Toxapex|Liquidation|p1a: Scrafty
|-damage|p1a: Scrafty|62/100
|
|upkeep
|turn|5
|j| Legobff
|
|t:|1743878090
|move|p1a: Scrafty|Dragon Dance|p1a: Scrafty
|-boost|p1a: Scrafty|atk|1
|-boost|p1a: Scrafty|spe|1
|move|p2a: Toxapex|Liquidation|p1a: Scrafty
|-damage|p1a: Scrafty|41/100
|
|upkeep
|turn|6
|
|t:|1743878097
|move|p1a: Scrafty|Knock Off|p2a: Toxapex
|-damage|p2a: Toxapex|6/100
|move|p2a: Toxapex|Liquidation|p1a: Scrafty
|-damage|p1a: Scrafty|21/100
|
|upkeep
|turn|7
|
|t:|1743878101
|move|p1a: Scrafty|Knock Off|p2a: Toxapex
|-damage|p2a: Toxapex|0 fnt
|faint|p2a: Toxapex
|-ability|p1a: Scrafty|Moxie|boost
|-boost|p1a: Scrafty|atk|1
|
|upkeep
|
|t:|1743878105
|switch|p2a: Salazzle|Salazzle, F, shiny|100/100
|turn|8
|j| Inthefun08
|
|t:|1743878109
|move|p1a: Scrafty|Knock Off|p2a: Salazzle
|-enditem|p2a: Salazzle|Focus Sash
|-damage|p2a: Salazzle|1/100
|move|p2a: Salazzle|Flamethrower|p1a: Scrafty
|-supereffective|p1a: Scrafty
|-damage|p1a: Scrafty|0 fnt
|faint|p1a: Scrafty
|
|upkeep
|
|t:|1743878114
|switch|p1a: Cinderace|Cinderace, F|84/100
|turn|9
|
|t:|1743878119
|move|p2a: Salazzle|Protect|p2a: Salazzle
|-singleturn|p2a: Salazzle|Protect
|move|p1a: Cinderace|U-turn|p2a: Salazzle
|-start|p1a: Cinderace|typechange|Bug|[from] ability: Libero
|-activate|p2a: Salazzle|move: Protect
|
|upkeep
|turn|10
|c| Legobff|sash clutch
|j| TeDu4
|
|t:|1743878126
|move|p1a: Cinderace|U-turn|p2a: Salazzle
|-resisted|p2a: Salazzle
|-damage|p2a: Salazzle|0 fnt
|faint|p2a: Salazzle
|
|t:|1743878129
|switch|p1a: Dipplin|Dipplin, F|100/100|[from] U-turn
|
|upkeep
|c|☆Celeryyyy|yeah
|
|t:|1743878132
|switch|p2a: Samurott|Samurott-Hisui, F, shiny|100/100
|turn|11
|
|t:|1743878137
|move|p2a: Samurott|X-Scissor|p1a: Dipplin
|-supereffective|p1a: Dipplin
|-damage|p1a: Dipplin|63/100
|move|p1a: Dipplin|Giga Drain|p2a: Samurott
|-supereffective|p2a: Samurott
|-damage|p2a: Samurott|49/100
|-heal|p1a: Dipplin|85/100|[from] drain|[of] p2a: Samurott
|
|upkeep
|turn|12
|l| TeDu4
|
|t:|1743878146
|-terastallize|p2a: Samurott|Bug
|move|p2a: Samurott|X-Scissor|p1a: Dipplin
|-supereffective|p1a: Dipplin
|-damage|p1a: Dipplin|31/100
|move|p1a: Dipplin|Giga Drain|p2a: Samurott
|-resisted|p2a: Samurott
|-damage|p2a: Samurott|37/100
|-heal|p1a: Dipplin|36/100|[from] drain|[of] p2a: Samurott
|
|upkeep
|turn|13
|
|t:|1743878153
|move|p2a: Samurott|X-Scissor|p1a: Dipplin
|-supereffective|p1a: Dipplin
|-damage|p1a: Dipplin|0 fnt
|faint|p1a: Dipplin
|
|upkeep
|
|t:|1743878155
|switch|p1a: Cinderace|Cinderace, F|84/100
|turn|14
|
|t:|1743878157
|move|p1a: Cinderace|Pyro Ball|p2a: Samurott
|-supereffective|p2a: Samurott
|-damage|p2a: Samurott|0 fnt
|faint|p2a: Samurott
|
|win|yuh mans
|n|☆yuh mans|yuhmans
|n|☆Celeryyyy|celeryyyy
|n|*Lady Monita ❄|ladymonita
|n| Legobff|legobff
|n| Inthefun08|inthefun08
