|j|☆china sanxie
|j|☆ChampionEthan95
|t:|1743854736
|gametype|singles
|player|p1|china sanxie|101|1299
|player|p2|ChampionEthan95|ethan|1268
|teamsize|p1|6
|teamsize|p2|6
|gen|9
|tier|[Gen 9] OU
|rated|
|rule|HP Percentage Mod: HP is shown in percentages
|rule|Endless Battle Clause: Forcing endless battles is banned
|rule|Species Clause: Limit one of each Pokémon
|rule|OHKO Clause: OHKO moves are banned
|rule|Evasion Items Clause: Evasion items are banned
|rule|Evasion Moves Clause: Evasion moves are banned
|rule|Sleep Moves Clause: Sleep-inducing moves are banned
|clearpoke
|poke|p1|Raging Bolt|
|poke|p1|Scizor, F|
|poke|p1|Iron Hands|
|poke|p1|Moltres|
|poke|p1|Kingambit, F|
|poke|p1|Great Tusk|
|poke|p2|Ninetales, F|
|poke|p2|Walking Wake|
|poke|p2|Venusaur, F|
|poke|p2|Great Tusk|
|poke|p2|Hatterene, F|
|poke|p2|Charizard, M|
|teampreview
|inactive|Battle timer is ON: inactive players will automatically lose when time's up. (requested by china sanxie)
|inactive|ChampionEthan95 has 120 seconds left.
|inactive|ChampionEthan95 has 90 seconds left.
|inactive|ChampionEthan95 has 60 seconds left.
|inactive|ChampionEthan95 has 30 seconds left.
|inactive|ChampionEthan95 has 20 seconds left.
|
|t:|1743854984
|start
|switch|p1a: Raging Bolt|Raging Bolt|100/100
|switch|p2a: Ninetales|Ninetales, F|100/100
|-weather|SunnyDay|[from] ability: Drought|[of] p2a: Ninetales
|-activate|p1a: Raging Bolt|ability: Protosynthesis
|-start|p1a: Raging Bolt|protosynthesisspa
|turn|1
|inactive|china sanxie has 120 seconds left.
|
|t:|1743855014
|switch|p2a: Hatterene|Hatterene, F|100/100
|move|p1a: Raging Bolt|Draco Meteor|p2a: Hatterene
|-immune|p2a: Hatterene
|
|-weather|SunnyDay|[upkeep]
|upkeep
|turn|2
|inactive|ChampionEthan95 has 90 seconds left.
|
|t:|1743855020
|move|p1a: Raging Bolt|Weather Ball|p2a: Hatterene
|-damage|p2a: Hatterene|15/100
|-enditem|p2a: Hatterene|Eject Button
|-damage|p1a: Raging Bolt|91/100|[from] item: Life Orb
|inactive|ChampionEthan95 has 90 seconds left.
|
|t:|1743855028
|switch|p2a: Walking Wake|Walking Wake|100/100
|-activate|p2a: Walking Wake|ability: Protosynthesis
|-start|p2a: Walking Wake|protosynthesisspe
|
|-weather|SunnyDay|[upkeep]
|upkeep
|turn|3
|inactive|china sanxie has 120 seconds left.
|
|t:|1743855057
|-end|p1a: Raging Bolt|Protosynthesis|[silent]
|switch|p1a: Scizor|Scizor, F|100/100
|move|p2a: Walking Wake|Draco Meteor|p1a: Scizor|[miss]
|-miss|p2a: Walking Wake|p1a: Scizor
|
|-weather|SunnyDay|[upkeep]
|upkeep
|turn|4
|
|t:|1743855065
|-end|p2a: Walking Wake|Protosynthesis|[silent]
|switch|p2a: Hatterene|Hatterene, F|15/100
|move|p1a: Scizor|U-turn|p2a: Hatterene
|-damage|p2a: Hatterene|0 fnt
|faint|p2a: Hatterene
|
|t:|1743855075
|switch|p1a: Iron Hands|Iron Hands|100/100|[from] U-turn
|-enditem|p1a: Iron Hands|Booster Energy
|-activate|p1a: Iron Hands|ability: Quark Drive|[fromitem]
|-start|p1a: Iron Hands|quarkdriveatk
|
|-weather|SunnyDay|[upkeep]
|upkeep
|
|t:|1743855090
|switch|p2a: Walking Wake|Walking Wake|100/100
|-activate|p2a: Walking Wake|ability: Protosynthesis
|-start|p2a: Walking Wake|protosynthesisspe
|turn|5
|inactive|china sanxie has 120 seconds left.
|
|t:|1743855114
|move|p2a: Walking Wake|Draco Meteor|p1a: Iron Hands
|-damage|p1a: Iron Hands|25/100
|-unboost|p2a: Walking Wake|spa|2
|move|p1a: Iron Hands|Supercell Slam|p2a: Walking Wake
|-damage|p2a: Walking Wake|31/100
|
|-weather|SunnyDay|[upkeep]
|upkeep
|turn|6
|inactive|china sanxie has 120 seconds left.
|
|t:|1743855126
|-end|p2a: Walking Wake|Protosynthesis|[silent]
|switch|p2a: Charizard|Charizard, M, shiny|100/100
|move|p1a: Iron Hands|Drain Punch|p2a: Charizard
|-resisted|p2a: Charizard
|-crit|p2a: Charizard
|-damage|p2a: Charizard|46/100
|-heal|p1a: Iron Hands|43/100|[from] drain|[of] p2a: Charizard
|-enditem|p2a: Charizard|Sitrus Berry|[eat]
|-heal|p2a: Charizard|70/100|[from] item: Sitrus Berry
|
|-weather|SunnyDay|[upkeep]
|upkeep
|turn|7
|inactive|china sanxie has 120 seconds left.
|
|t:|1743855164
|move|p2a: Charizard|Acrobatics|p1a: Iron Hands
|-damage|p1a: Iron Hands|16/100
|move|p1a: Iron Hands|Supercell Slam|p2a: Charizard
|-supereffective|p2a: Charizard
|-crit|p2a: Charizard
|-damage|p2a: Charizard|0 fnt
|faint|p2a: Charizard
|
|-weather|SunnyDay|[upkeep]
|upkeep
|inactive|ChampionEthan95 has 90 seconds left.
|
|t:|1743855198
|switch|p2a: Venusaur|Venusaur, F|100/100
|turn|8
|
|t:|1743855207
|move|p2a: Venusaur|Weather Ball|p1a: Iron Hands
|-damage|p1a: Iron Hands|0 fnt
|faint|p1a: Iron Hands
|-end|p1a: Iron Hands|Quark Drive|[silent]
|-damage|p2a: Venusaur|91/100|[from] item: Life Orb
|
|-weather|none
|upkeep
|inactive|china sanxie has 90 seconds left.
|inactive|china sanxie has 60 seconds left.
|
|t:|1743855284
|switch|p1a: Scizor|Scizor, F|100/100
|turn|9
|
|t:|1743855298
|switch|p2a: Ninetales|Ninetales, F|100/100
|-weather|SunnyDay|[from] ability: Drought|[of] p2a: Ninetales
|move|p1a: Scizor|U-turn|p2a: Ninetales
|-resisted|p2a: Ninetales
|-damage|p2a: Ninetales|76/100
|inactive|china sanxie has 30 seconds left.
|inactive|china sanxie has 20 seconds left.
|inactive|china sanxie has 15 seconds left.
|
|t:|1743855328
|switch|p1a: Raging Bolt|Raging Bolt|91/100|[from] U-turn
|-activate|p1a: Raging Bolt|ability: Protosynthesis
|-start|p1a: Raging Bolt|protosynthesisspa
|
|-weather|SunnyDay|[upkeep]
|upkeep
|turn|10
|inactive|china sanxie has 25 seconds left this turn.
|
|t:|1743855347
|switch|p2a: Great Tusk|Great Tusk|100/100
|-activate|p2a: Great Tusk|ability: Protosynthesis
|-start|p2a: Great Tusk|protosynthesisatk
|move|p1a: Raging Bolt|Draco Meteor|p2a: Great Tusk|[miss]
|-miss|p1a: Raging Bolt|p2a: Great Tusk
|
|-weather|SunnyDay|[upkeep]
|upkeep
|turn|11
|inactive|china sanxie has 30 seconds left.
|inactive|ChampionEthan95 has 90 seconds left.
|
|t:|1743855362
|-end|p2a: Great Tusk|Protosynthesis|[silent]
|switch|p2a: Walking Wake|Walking Wake|31/100
|-activate|p2a: Walking Wake|ability: Protosynthesis
|-start|p2a: Walking Wake|protosynthesisspe
|-end|p1a: Raging Bolt|Protosynthesis|[silent]
|switch|p1a: Moltres|Moltres|100/100
|
|-weather|SunnyDay|[upkeep]
|upkeep
|turn|12
|inactive|china sanxie has 30 seconds left.
|inactive|ChampionEthan95 has 90 seconds left.
|inactive|china sanxie has 20 seconds left.
|
|t:|1743855384
|switch|p1a: Scizor|Scizor, F|100/100
|move|p2a: Walking Wake|Draco Meteor|p1a: Scizor
|-resisted|p1a: Scizor
|-damage|p1a: Scizor|32/100
|-unboost|p2a: Walking Wake|spa|2
|
|-weather|SunnyDay|[upkeep]
|upkeep
|turn|13
|inactive|china sanxie has 30 seconds left this turn.
|inactive|ChampionEthan95 has 90 seconds left.
|
|t:|1743855397
|-end|p2a: Walking Wake|Protosynthesis|[silent]
|switch|p2a: Great Tusk|Great Tusk|100/100
|-activate|p2a: Great Tusk|ability: Protosynthesis
|-start|p2a: Great Tusk|protosynthesisatk
|move|p1a: Scizor|U-turn|p2a: Great Tusk
|-resisted|p2a: Great Tusk
|-damage|p2a: Great Tusk|87/100
|-damage|p1a: Scizor|16/100|[from] item: Rocky Helmet|[of] p2a: Great Tusk
|inactive|china sanxie has 30 seconds left this turn.
|
|t:|1743855406
|switch|p1a: Moltres|Moltres|100/100|[from] U-turn
|
|-weather|SunnyDay|[upkeep]
|upkeep
|turn|14
|inactive|ChampionEthan95 has 90 seconds left.
|
|t:|1743855449
|move|p2a: Great Tusk|Ice Spinner|p1a: Moltres
|-damage|p1a: Moltres|69/100
|-status|p2a: Great Tusk|brn|[from] ability: Flame Body|[of] p1a: Moltres
|move|p1a: Moltres|Air Slash|p2a: Great Tusk
|-supereffective|p2a: Great Tusk
|-damage|p2a: Great Tusk|0 fnt
|faint|p2a: Great Tusk
|-end|p2a: Great Tusk|Protosynthesis|[silent]
|
|-weather|SunnyDay|[upkeep]
|upkeep
|inactive|ChampionEthan95 has 60 seconds left.
|
|t:|1743855461
|switch|p2a: Walking Wake|Walking Wake|31/100
|-activate|p2a: Walking Wake|ability: Protosynthesis
|-start|p2a: Walking Wake|protosynthesisspe
|turn|15
|
|t:|1743855475
|move|p2a: Walking Wake|Hydro Steam|p1a: Moltres
|-supereffective|p1a: Moltres
|-damage|p1a: Moltres|0 fnt
|faint|p1a: Moltres
|
|-weather|SunnyDay|[upkeep]
|upkeep
|
|t:|1743855480
|switch|p1a: Kingambit|Kingambit, F|100/100
|-activate|p1a: Kingambit|ability: Supreme Overlord
|-start|p1a: Kingambit|fallen2|[silent]
|turn|16
|
|t:|1743855489
|-end|p2a: Walking Wake|Protosynthesis|[silent]
|switch|p2a: Ninetales|Ninetales, F|76/100
|move|p1a: Kingambit|Sucker Punch||[still]
|-fail|p1a: Kingambit
|
|-weather|none
|upkeep
|turn|17
|inactive|china sanxie has 60 seconds left.
|
|t:|1743855497
|move|p2a: Ninetales|Encore|p1a: Kingambit
|-start|p1a: Kingambit|Encore
|move|p1a: Kingambit|Sucker Punch||[still]
|-fail|p1a: Kingambit
|
|upkeep
|turn|18
|
|t:|1743855501
|-end|p1a: Kingambit|fallen2|[silent]
|switch|p1a: Scizor|Scizor, F|16/100
|move|p2a: Ninetales|Will-O-Wisp|p1a: Scizor
|-status|p1a: Scizor|brn
|
|-damage|p1a: Scizor|10/100 brn|[from] brn
|upkeep
|turn|19
|
|t:|1743855506
|switch|p2a: Venusaur|Venusaur, F|91/100
|move|p1a: Scizor|U-turn|p2a: Venusaur
|-damage|p2a: Venusaur|63/100
|
|t:|1743855510
|switch|p1a: Raging Bolt|Raging Bolt|91/100|[from] U-turn
|
|upkeep
|turn|20
|
|t:|1743855518
|move|p2a: Venusaur|Earth Power|p1a: Raging Bolt
|-supereffective|p1a: Raging Bolt
|-damage|p1a: Raging Bolt|41/100
|-damage|p2a: Venusaur|53/100|[from] item: Life Orb
|move|p1a: Raging Bolt|Draco Meteor|p2a: Venusaur
|-damage|p2a: Venusaur|0 fnt
|-unboost|p1a: Raging Bolt|spa|2
|faint|p2a: Venusaur
|-damage|p1a: Raging Bolt|31/100|[from] item: Life Orb
|
|upkeep
|
|t:|1743855528
|switch|p2a: Ninetales|Ninetales, F|76/100
|-weather|SunnyDay|[from] ability: Drought|[of] p2a: Ninetales
|-activate|p1a: Raging Bolt|ability: Protosynthesis
|-start|p1a: Raging Bolt|protosynthesisspd
|turn|21
|inactive|ChampionEthan95 has 120 seconds left.
|
|t:|1743855538
|-end|p1a: Raging Bolt|Protosynthesis|[silent]
|switch|p1a: Scizor|Scizor, F|10/100 brn
|move|p2a: Ninetales|Healing Wish|p2a: Ninetales
|faint|p2a: Ninetales
|
|-weather|SunnyDay|[upkeep]
|-damage|p1a: Scizor|4/100 brn|[from] brn
|upkeep
|inactive|ChampionEthan95 has 120 seconds left.
|
|t:|1743855543
|switch|p2a: Walking Wake|Walking Wake|31/100
|-heal|p2a: Walking Wake|100/100|[from] move: Healing Wish
|-activate|p2a: Walking Wake|ability: Protosynthesis
|-start|p2a: Walking Wake|protosynthesisspe
|turn|22
|
|t:|1743855547
|move|p1a: Scizor|Bullet Punch|p2a: Walking Wake
|-resisted|p2a: Walking Wake
|-damage|p2a: Walking Wake|91/100
|move|p2a: Walking Wake|Hydro Steam|p1a: Scizor
|-damage|p1a: Scizor|0 fnt
|faint|p1a: Scizor
|
|-weather|SunnyDay|[upkeep]
|upkeep
|
|t:|1743855559
|switch|p1a: Kingambit|Kingambit, F|100/100
|-activate|p1a: Kingambit|ability: Supreme Overlord
|-start|p1a: Kingambit|fallen3|[silent]
|turn|23
|
|t:|1743855564
|-terastallize|p1a: Kingambit|Dark
|move|p1a: Kingambit|Sucker Punch|p2a: Walking Wake
|-damage|p2a: Walking Wake|4/100
|-damage|p1a: Kingambit|91/100|[from] item: Life Orb
|move|p2a: Walking Wake|Hydro Steam|p1a: Kingambit
|-damage|p1a: Kingambit|14/100
|
|-weather|SunnyDay|[upkeep]
|upkeep
|turn|24
|l|☆ChampionEthan95
|inactive|ChampionEthan95 disconnected and has a minute to reconnect!
|player|p2|
|inactive|ChampionEthan95 has 30 seconds to reconnect!
|inactive|ChampionEthan95 has 20 seconds to reconnect!
|inactive|ChampionEthan95 has 15 seconds to reconnect!
|inactive|ChampionEthan95 has 10 seconds to reconnect!
|inactive|ChampionEthan95 has 5 seconds to reconnect!
|-message|ChampionEthan95 lost due to inactivity.
|
|win|china sanxie
|raw|china sanxie's rating: 1299 &rarr; <strong>1322</strong><br />(+23 for winning)
|raw|ChampionEthan95's rating: 1268 &rarr; <strong>1245</strong><br />(-23 for losing)
|l|☆china sanxie
|player|p1|
