|j|☆youinjks
|j|☆staaars
|t:|1743799790
|gametype|singles
|player|p1|youinjks|ash-unova|1152
|player|p2|staaars|petrel|1195
|teamsize|p1|6
|teamsize|p2|6
|gen|9
|tier|[Gen 9] OU
|rated|
|rule|HP Percentage Mod: HP is shown in percentages
|rule|Endless Battle Clause: Forcing endless battles is banned
|rule|Species Clause: Limit one of each Pokémon
|rule|OHKO Clause: OHKO moves are banned
|rule|Evasion Items Clause: Evasion items are banned
|rule|Evasion Moves Clause: Evasion moves are banned
|rule|Sleep Moves Clause: Sleep-inducing moves are banned
|clearpoke
|poke|p1|Pikachu-World, M|
|poke|p1|Pelipper, M|
|poke|p1|Zapdos|
|poke|p1|Dragapult, M|
|poke|p1|Blaziken, F|
|poke|p1|Great Tusk|
|poke|p2|Tyranitar, F|
|poke|p2|Gliscor, M|
|poke|p2|Clodsire, M|
|poke|p2|Clefable, F|
|poke|p2|Ting-Lu|
|poke|p2|Kingambit, F|
|teampreview
|inactive|Battle timer is ON: inactive players will automatically lose when time's up. (requested by youinjks)
|
|t:|1743799831
|start
|switch|p1a: Blaziken|Blaziken, F|100/100
|switch|p2a: Gliscor|Gliscor, M|100/100
|turn|1
|
|t:|1743799856
|-terastallize|p1a: Blaziken|Ghost
|move|p1a: Blaziken|Flare Blitz|p2a: Gliscor
|-damage|p2a: Gliscor|51/100
|-damage|p1a: Blaziken|82/100|[from] Recoil
|-damage|p1a: Blaziken|72/100|[from] item: Life Orb
|move|p2a: Gliscor|Dual Wingbeat|p1a: Blaziken
|-damage|p1a: Blaziken|47/100
|-damage|p1a: Blaziken|25/100
|-hitcount|p1a: Blaziken|2
|
|-ability|p1a: Blaziken|Speed Boost|boost
|-boost|p1a: Blaziken|spe|1
|-status|p2a: Gliscor|tox|[from] item: Toxic Orb
|upkeep
|turn|2
|inactive|youinjks has 120 seconds left.
|
|t:|1743799878
|move|p2a: Gliscor|Protect|p2a: Gliscor
|-singleturn|p2a: Gliscor|Protect
|move|p1a: Blaziken|Flare Blitz|p2a: Gliscor
|-activate|p2a: Gliscor|move: Protect
|
|-heal|p2a: Gliscor|63/100 tox|[from] ability: Poison Heal
|-ability|p1a: Blaziken|Speed Boost|boost
|-boost|p1a: Blaziken|spe|1
|upkeep
|turn|3
|
|t:|1743799887
|move|p1a: Blaziken|Flare Blitz|p2a: Gliscor
|-crit|p2a: Gliscor
|-damage|p2a: Gliscor|0 fnt
|faint|p2a: Gliscor
|-damage|p1a: Blaziken|2/100|[from] Recoil
|-damage|p1a: Blaziken|0 fnt|[from] item: Life Orb
|faint|p1a: Blaziken
|
|upkeep
|
|t:|1743799914
|switch|p1a: Pelipper|Pelipper, M|100/100
|switch|p2a: Tyranitar|Tyranitar, F|100/100
|-weather|Sandstorm|[from] ability: Sand Stream|[of] p2a: Tyranitar
|-weather|RainDance|[from] ability: Drizzle|[of] p1a: Pelipper
|turn|4
|
|t:|1743799923
|-terastallize|p2a: Tyranitar|Steel
|move|p2a: Tyranitar|Thunder Wave|p1a: Pelipper|[miss]
|-miss|p2a: Tyranitar|p1a: Pelipper
|move|p1a: Pelipper|U-turn|p2a: Tyranitar
|-resisted|p2a: Tyranitar
|-damage|p2a: Tyranitar|97/100
|
|t:|1743799935
|switch|p1a: Dragapult|Dragapult, M|100/100|[from] U-turn
|
|-weather|RainDance|[upkeep]
|-heal|p2a: Tyranitar|100/100|[from] item: Leftovers
|upkeep
|turn|5
|
|t:|1743799948
|move|p1a: Dragapult|U-turn|p2a: Tyranitar
|-resisted|p2a: Tyranitar
|-damage|p2a: Tyranitar|95/100
|
|t:|1743799951
|switch|p1a: Pikachu|Pikachu-World, M|100/100|[from] U-turn
|move|p2a: Tyranitar|Knock Off|p1a: Pikachu
|-damage|p1a: Pikachu|0 fnt
|-enditem|p1a: Pikachu|Light Ball|[from] move: Knock Off|[of] p2a: Tyranitar
|faint|p1a: Pikachu
|
|-weather|RainDance|[upkeep]
|-heal|p2a: Tyranitar|100/100|[from] item: Leftovers
|upkeep
|
|t:|1743799959
|switch|p1a: Dragapult|Dragapult, M|100/100
|turn|6
|
|t:|1743799963
|move|p1a: Dragapult|Flamethrower|p2a: Tyranitar
|-supereffective|p2a: Tyranitar
|-damage|p2a: Tyranitar|79/100
|move|p2a: Tyranitar|Knock Off|p1a: Dragapult
|-supereffective|p1a: Dragapult
|-damage|p1a: Dragapult|0 fnt
|-enditem|p1a: Dragapult|Choice Specs|[from] move: Knock Off|[of] p2a: Tyranitar
|faint|p1a: Dragapult
|
|-weather|RainDance|[upkeep]
|-heal|p2a: Tyranitar|85/100|[from] item: Leftovers
|upkeep
|
|t:|1743799974
|switch|p1a: Great Tusk|Great Tusk|100/100
|turn|7
|
|t:|1743799983
|switch|p2a: Clefable|Clefable, F|100/100
|move|p1a: Great Tusk|Headlong Rush|p2a: Clefable
|-damage|p2a: Clefable|55/100
|-unboost|p1a: Great Tusk|def|1
|-unboost|p1a: Great Tusk|spd|1
|
|-weather|RainDance|[upkeep]
|-heal|p2a: Clefable|61/100|[from] item: Leftovers
|upkeep
|turn|8
|
|t:|1743799994
|-end|p1a: Great Tusk|Protosynthesis|[silent]
|switch|p1a: Zapdos|Zapdos|100/100
|move|p2a: Clefable|Draining Kiss|p1a: Zapdos
|-damage|p1a: Zapdos|85/100
|-heal|p2a: Clefable|72/100|[from] drain|[of] p1a: Zapdos
|
|-weather|RainDance|[upkeep]
|-heal|p2a: Clefable|78/100|[from] item: Leftovers
|upkeep
|turn|9
|
|t:|1743800002
|switch|p2a: Tyranitar|Tyranitar, F, tera:Steel|85/100
|-weather|Sandstorm|[from] ability: Sand Stream|[of] p2a: Tyranitar
|move|p1a: Zapdos|Hurricane|p2a: Tyranitar
|-resisted|p2a: Tyranitar
|-damage|p2a: Tyranitar|71/100
|
|-weather|Sandstorm|[upkeep]
|-damage|p1a: Zapdos|79/100|[from] Sandstorm
|-heal|p2a: Tyranitar|77/100|[from] item: Leftovers
|upkeep
|turn|10
|
|t:|1743800011
|switch|p1a: Great Tusk|Great Tusk|100/100
|move|p2a: Tyranitar|Knock Off|p1a: Great Tusk
|-resisted|p1a: Great Tusk
|-damage|p1a: Great Tusk|86/100
|-damage|p2a: Tyranitar|60/100|[from] item: Rocky Helmet|[of] p1a: Great Tusk
|-enditem|p1a: Great Tusk|Rocky Helmet|[from] move: Knock Off|[of] p2a: Tyranitar
|
|-weather|Sandstorm|[upkeep]
|-heal|p2a: Tyranitar|67/100|[from] item: Leftovers
|upkeep
|turn|11
|
|t:|1743800033
|switch|p2a: Clefable|Clefable, F|78/100
|move|p1a: Great Tusk|Headlong Rush|p2a: Clefable
|-crit|p2a: Clefable
|-damage|p2a: Clefable|11/100
|-unboost|p1a: Great Tusk|def|1
|-unboost|p1a: Great Tusk|spd|1
|
|-weather|Sandstorm|[upkeep]
|-heal|p2a: Clefable|17/100|[from] item: Leftovers
|upkeep
|turn|12
|
|t:|1743800042
|switch|p2a: Ting-Lu|Ting-Lu|100/100
|-ability|p2a: Ting-Lu|Vessel of Ruin
|move|p1a: Great Tusk|Headlong Rush|p2a: Ting-Lu
|-damage|p2a: Ting-Lu|71/100
|-unboost|p1a: Great Tusk|def|1
|-unboost|p1a: Great Tusk|spd|1
|
|-weather|Sandstorm|[upkeep]
|-heal|p2a: Ting-Lu|77/100|[from] item: Leftovers
|upkeep
|turn|13
|
|t:|1743800053
|move|p1a: Great Tusk|Ice Spinner|p2a: Ting-Lu
|-supereffective|p2a: Ting-Lu
|-damage|p2a: Ting-Lu|52/100
|move|p2a: Ting-Lu|Mean Look|p1a: Great Tusk
|-activate|p1a: Great Tusk|trapped
|
|-weather|none
|-heal|p2a: Ting-Lu|59/100|[from] item: Leftovers
|upkeep
|turn|14
|
|t:|1743800075
|move|p1a: Great Tusk|Headlong Rush|p2a: Ting-Lu
|-damage|p2a: Ting-Lu|33/100
|-unboost|p1a: Great Tusk|def|1
|-unboost|p1a: Great Tusk|spd|1
|move|p2a: Ting-Lu|Sandstorm|p2a: Ting-Lu
|-weather|Sandstorm
|
|-weather|Sandstorm|[upkeep]
|-heal|p2a: Ting-Lu|39/100|[from] item: Leftovers
|upkeep
|turn|15
|
|t:|1743800082
|move|p1a: Great Tusk|Headlong Rush|p2a: Ting-Lu
|-damage|p2a: Ting-Lu|9/100
|-unboost|p1a: Great Tusk|def|1
|-unboost|p1a: Great Tusk|spd|1
|move|p2a: Ting-Lu|Ruination|p1a: Great Tusk
|-damage|p1a: Great Tusk|43/100
|
|-weather|Sandstorm|[upkeep]
|-heal|p2a: Ting-Lu|15/100|[from] item: Leftovers
|upkeep
|turn|16
|
|t:|1743800093
|switch|p2a: Kingambit|Kingambit, F|100/100
|-activate|p2a: Kingambit|ability: Supreme Overlord
|-start|p2a: Kingambit|fallen1|[silent]
|move|p1a: Great Tusk|Headlong Rush|p2a: Kingambit
|-supereffective|p2a: Kingambit
|-damage|p2a: Kingambit|5/100
|-unboost|p1a: Great Tusk|def|1
|-unboost|p1a: Great Tusk|spd|1
|
|-weather|Sandstorm|[upkeep]
|-heal|p2a: Kingambit|11/100|[from] item: Leftovers
|upkeep
|turn|17
|
|t:|1743800104
|-end|p1a: Great Tusk|Protosynthesis|[silent]
|switch|p1a: Pelipper|Pelipper, M|100/100
|-weather|RainDance|[from] ability: Drizzle|[of] p1a: Pelipper
|move|p2a: Kingambit|Sucker Punch||[still]
|-fail|p2a: Kingambit
|
|-weather|RainDance|[upkeep]
|-heal|p2a: Kingambit|17/100|[from] item: Leftovers
|upkeep
|turn|18
|
|t:|1743800113
|-end|p2a: Kingambit|fallen1|[silent]
|switch|p2a: Tyranitar|Tyranitar, F, tera:Steel|67/100
|-weather|Sandstorm|[from] ability: Sand Stream|[of] p2a: Tyranitar
|move|p1a: Pelipper|Hurricane|p2a: Tyranitar
|-resisted|p2a: Tyranitar
|-damage|p2a: Tyranitar|56/100
|
|-weather|Sandstorm|[upkeep]
|-damage|p1a: Pelipper|94/100|[from] Sandstorm
|-heal|p2a: Tyranitar|62/100|[from] item: Leftovers
|upkeep
|turn|19
|
|t:|1743800119
|move|p1a: Pelipper|Knock Off|p2a: Tyranitar
|-damage|p2a: Tyranitar|52/100
|-enditem|p2a: Tyranitar|Leftovers|[from] move: Knock Off|[of] p1a: Pelipper
|move|p2a: Tyranitar|Dragon Tail|p1a: Pelipper
|-damage|p1a: Pelipper|81/100
|drag|p1a: Zapdos|Zapdos|79/100
|
|-weather|Sandstorm|[upkeep]
|-damage|p1a: Zapdos|73/100|[from] Sandstorm
|upkeep
|turn|20
|
|t:|1743800129
|move|p1a: Zapdos|Discharge|p2a: Tyranitar
|-damage|p2a: Tyranitar|30/100
|move|p2a: Tyranitar|Thunder Wave|p1a: Zapdos
|-immune|p1a: Zapdos
|
|-weather|Sandstorm|[upkeep]
|-damage|p1a: Zapdos|67/100|[from] Sandstorm
|upkeep
|turn|21
|
|t:|1743800134
|move|p1a: Zapdos|Discharge|p2a: Tyranitar
|-damage|p2a: Tyranitar|11/100
|move|p2a: Tyranitar|Stealth Rock|p1a: Zapdos
|-sidestart|p1: youinjks|move: Stealth Rock
|
|-weather|Sandstorm|[upkeep]
|-damage|p1a: Zapdos|61/100|[from] Sandstorm
|upkeep
|turn|22
|
|t:|1743800141
|switch|p2a: Clodsire|Clodsire, M|100/100
|move|p1a: Zapdos|Discharge|p2a: Clodsire
|-immune|p2a: Clodsire
|
|-weather|none
|upkeep
|turn|23
|
|t:|1743800146
|switch|p1a: Pelipper|Pelipper, M|81/100
|-damage|p1a: Pelipper|57/100|[from] Stealth Rock
|-weather|RainDance|[from] ability: Drizzle|[of] p1a: Pelipper
|move|p2a: Clodsire|Poison Jab|p1a: Pelipper
|-damage|p1a: Pelipper|40/100
|
|-weather|RainDance|[upkeep]
|upkeep
|turn|24
|
|t:|1743800153
|move|p1a: Pelipper|Hurricane|p2a: Clodsire
|-damage|p2a: Clodsire|80/100
|move|p2a: Clodsire|Poison Jab|p1a: Pelipper
|-damage|p1a: Pelipper|24/100
|-status|p1a: Pelipper|psn
|
|-weather|RainDance|[upkeep]
|-heal|p2a: Clodsire|86/100|[from] item: Leftovers
|-damage|p1a: Pelipper|11/100 psn|[from] psn
|upkeep
|turn|25
|
|t:|1743800174
|switch|p2a: Ting-Lu|Ting-Lu|15/100
|-ability|p2a: Ting-Lu|Vessel of Ruin
|move|p1a: Pelipper|Knock Off|p2a: Ting-Lu
|-resisted|p2a: Ting-Lu
|-damage|p2a: Ting-Lu|12/100
|-enditem|p2a: Ting-Lu|Leftovers|[from] move: Knock Off|[of] p1a: Pelipper
|
|-weather|RainDance|[upkeep]
|-damage|p1a: Pelipper|0 fnt|[from] psn
|faint|p1a: Pelipper
|upkeep
|
|t:|1743800181
|switch|p1a: Great Tusk|Great Tusk|43/100
|-damage|p1a: Great Tusk|40/100|[from] Stealth Rock
|turn|26
|
|t:|1743800202
|move|p1a: Great Tusk|Headlong Rush|p2a: Ting-Lu
|-damage|p2a: Ting-Lu|0 fnt
|-unboost|p1a: Great Tusk|def|1
|-unboost|p1a: Great Tusk|spd|1
|faint|p2a: Ting-Lu
|
|-weather|RainDance|[upkeep]
|upkeep
|
|t:|1743800223
|switch|p2a: Tyranitar|Tyranitar, F, tera:Steel|11/100
|-weather|Sandstorm|[from] ability: Sand Stream|[of] p2a: Tyranitar
|turn|27
|
|t:|1743800229
|move|p1a: Great Tusk|Headlong Rush|p2a: Tyranitar
|-supereffective|p2a: Tyranitar
|-damage|p2a: Tyranitar|0 fnt
|-unboost|p1a: Great Tusk|def|1
|-unboost|p1a: Great Tusk|spd|1
|faint|p2a: Tyranitar
|
|-weather|Sandstorm|[upkeep]
|upkeep
|
|t:|1743800233
|switch|p2a: Kingambit|Kingambit, F|17/100
|-activate|p2a: Kingambit|ability: Supreme Overlord
|-start|p2a: Kingambit|fallen3|[silent]
|turn|28
|
|t:|1743800246
|-end|p1a: Great Tusk|Protosynthesis|[silent]
|switch|p1a: Zapdos|Zapdos|61/100
|move|p2a: Kingambit|Sucker Punch||[still]
|-fail|p2a: Kingambit
|
|-weather|Sandstorm|[upkeep]
|-damage|p1a: Zapdos|55/100|[from] Sandstorm
|-heal|p2a: Kingambit|24/100|[from] item: Leftovers
|upkeep
|turn|29
|
|t:|1743800257
|-end|p2a: Kingambit|fallen3|[silent]
|switch|p2a: Clodsire|Clodsire, M|86/100
|move|p1a: Zapdos|Roost|p1a: Zapdos
|-heal|p1a: Zapdos|100/100
|-singleturn|p1a: Zapdos|move: Roost
|
|-weather|Sandstorm|[upkeep]
|-damage|p1a: Zapdos|94/100|[from] Sandstorm
|-heal|p2a: Clodsire|92/100|[from] item: Leftovers
|upkeep
|turn|30
|
|t:|1743800262
|move|p1a: Zapdos|Hurricane|p2a: Clodsire|[miss]
|-miss|p1a: Zapdos|p2a: Clodsire
|move|p2a: Clodsire|Poison Jab|p1a: Zapdos
|-damage|p1a: Zapdos|79/100
|-status|p1a: Zapdos|psn
|-status|p2a: Clodsire|par|[from] ability: Static|[of] p1a: Zapdos
|
|-weather|Sandstorm|[upkeep]
|-damage|p1a: Zapdos|73/100 psn|[from] Sandstorm
|-heal|p2a: Clodsire|98/100 par|[from] item: Leftovers
|-damage|p1a: Zapdos|60/100 psn|[from] psn
|upkeep
|turn|31
|
|t:|1743800271
|move|p1a: Zapdos|Hurricane|p2a: Clodsire|[miss]
|-miss|p1a: Zapdos|p2a: Clodsire
|move|p2a: Clodsire|Poison Jab|p1a: Zapdos
|-damage|p1a: Zapdos|45/100 psn
|
|-weather|none
|-heal|p2a: Clodsire|100/100 par|[from] item: Leftovers
|-damage|p1a: Zapdos|33/100 psn|[from] psn
|upkeep
|turn|32
|
|t:|1743800274
|move|p1a: Zapdos|Roost|p1a: Zapdos
|-heal|p1a: Zapdos|83/100 psn
|-singleturn|p1a: Zapdos|move: Roost
|move|p2a: Clodsire|Poison Jab|p1a: Zapdos
|-damage|p1a: Zapdos|68/100 psn
|
|-damage|p1a: Zapdos|56/100 psn|[from] psn
|upkeep
|turn|33
|
|t:|1743800284
|move|p1a: Zapdos|Hurricane|p2a: Clodsire
|-damage|p2a: Clodsire|76/100 par
|move|p2a: Clodsire|Poison Jab|p1a: Zapdos
|-damage|p1a: Zapdos|40/100 psn
|
|-heal|p2a: Clodsire|82/100 par|[from] item: Leftovers
|-damage|p1a: Zapdos|28/100 psn|[from] psn
|upkeep
|turn|34
|
|t:|1743800288
|move|p1a: Zapdos|Roost|p1a: Zapdos
|-heal|p1a: Zapdos|78/100 psn
|-singleturn|p1a: Zapdos|move: Roost
|cant|p2a: Clodsire|par
|
|-heal|p2a: Clodsire|88/100 par|[from] item: Leftovers
|-damage|p1a: Zapdos|66/100 psn|[from] psn
|upkeep
|turn|35
|
|t:|1743800296
|switch|p1a: Great Tusk|Great Tusk|40/100
|-damage|p1a: Great Tusk|37/100|[from] Stealth Rock
|move|p2a: Clodsire|Amnesia|p2a: Clodsire
|-boost|p2a: Clodsire|spd|2
|
|-heal|p2a: Clodsire|94/100 par|[from] item: Leftovers
|upkeep
|turn|36
|
|t:|1743800308
|switch|p2a: Clefable|Clefable, F|17/100
|move|p1a: Great Tusk|Rapid Spin|p2a: Clefable
|-damage|p2a: Clefable|4/100
|-boost|p1a: Great Tusk|spe|1
|-sideend|p1: youinjks|Stealth Rock|[from] move: Rapid Spin|[of] p1a: Great Tusk
|
|-heal|p2a: Clefable|10/100|[from] item: Leftovers
|upkeep
|turn|37
|
|t:|1743800313
|move|p1a: Great Tusk|Ice Spinner|p2a: Clefable
|-damage|p2a: Clefable|0 fnt
|faint|p2a: Clefable
|
|upkeep
|
|t:|1743800318
|switch|p2a: Kingambit|Kingambit, F|24/100
|-activate|p2a: Kingambit|ability: Supreme Overlord
|-start|p2a: Kingambit|fallen4|[silent]
|turn|38
|inactive|youinjks has 120 seconds left.
|
|t:|1743800357
|move|p1a: Great Tusk|Ice Spinner|p2a: Kingambit
|-resisted|p2a: Kingambit
|-damage|p2a: Kingambit|13/100
|move|p2a: Kingambit|Iron Head|p1a: Great Tusk
|-damage|p1a: Great Tusk|0 fnt
|faint|p1a: Great Tusk
|-end|p1a: Great Tusk|Protosynthesis|[silent]
|
|-heal|p2a: Kingambit|19/100|[from] item: Leftovers
|upkeep
|
|t:|1743800362
|switch|p1a: Zapdos|Zapdos|66/100 psn
|turn|39
|
|t:|1743800366
|move|p2a: Kingambit|Sucker Punch|p1a: Zapdos
|-damage|p1a: Zapdos|28/100 psn
|-status|p2a: Kingambit|par|[from] ability: Static|[of] p1a: Zapdos
|move|p1a: Zapdos|Discharge|p2a: Kingambit
|-damage|p2a: Kingambit|0 fnt
|faint|p2a: Kingambit
|-end|p2a: Kingambit|fallen4|[silent]
|
|-damage|p1a: Zapdos|15/100 psn|[from] psn
|upkeep
|
|t:|1743800367
|switch|p2a: Clodsire|Clodsire, M|94/100 par
|turn|40
|
|t:|1743800369
|move|p1a: Zapdos|Roost|p1a: Zapdos
|-heal|p1a: Zapdos|66/100 psn
|-singleturn|p1a: Zapdos|move: Roost
|move|p2a: Clodsire|Poison Jab|p1a: Zapdos
|-damage|p1a: Zapdos|51/100 psn
|
|-heal|p2a: Clodsire|99/100 par|[from] item: Leftovers
|-damage|p1a: Zapdos|38/100 psn|[from] psn
|upkeep
|turn|41
|
|t:|1743800375
|move|p1a: Zapdos|Roost|p1a: Zapdos
|-heal|p1a: Zapdos|88/100 psn
|-singleturn|p1a: Zapdos|move: Roost
|move|p2a: Clodsire|Amnesia|p2a: Clodsire
|-boost|p2a: Clodsire|spd|2
|
|-heal|p2a: Clodsire|100/100 par|[from] item: Leftovers
|-damage|p1a: Zapdos|76/100 psn|[from] psn
|upkeep
|turn|42
|-message|youinjks forfeited.
|
|win|staaars
|raw|youinjks's rating: 1152 &rarr; <strong>1130</strong><br />(-22 for losing)
|raw|staaars's rating: 1195 &rarr; <strong>1217</strong><br />(+22 for winning)
|l|☆youinjks
|player|p1|
|l|☆staaars
|player|p2|
