|j|☆Darky0505
|j|☆kldkmd
|t:|1743808178
|gametype|singles
|player|p1|Darky0505|101|1205
|player|p2|kldkmd|dawn-gen4pt|1168
|teamsize|p1|6
|teamsize|p2|6
|gen|9
|tier|[Gen 9] OU
|rated|
|rule|HP Percentage Mod: HP is shown in percentages
|rule|Endless Battle Clause: Forcing endless battles is banned
|rule|Species Clause: Limit one of each Pokémon
|rule|OHKO Clause: OHKO moves are banned
|rule|Evasion Items Clause: Evasion items are banned
|rule|Evasion Moves Clause: Evasion moves are banned
|rule|Sleep Moves Clause: Sleep-inducing moves are banned
|clearpoke
|poke|p1|Walking Wake|
|poke|p1|Corviknight, F|
|poke|p1|Clefable, F|
|poke|p1|Ceruledge, F|
|poke|p1|Kingambit, M|
|poke|p1|Rillaboom, M|
|poke|p2|Volcanion|
|poke|p2|Meowscarada, M|
|poke|p2|Gliscor, F|
|poke|p2|Fezandipiti, M|
|poke|p2|Murkrow, F|
|poke|p2|Glimmora, M|
|teampreview
|inactive|Battle timer is ON: inactive players will automatically lose when time's up. (requested by kldkmd)
|
|t:|1743808192
|start
|switch|p1a: Corviknight|Corviknight, F|100/100
|switch|p2a: 12~|Volcanion|100/100
|-ability|p1a: Corviknight|Pressure
|turn|1
|
|t:|1743808209
|switch|p1a: Walking Wake|Walking Wake|100/100
|-enditem|p1a: Walking Wake|Booster Energy
|-activate|p1a: Walking Wake|ability: Protosynthesis|[fromitem]
|-start|p1a: Walking Wake|protosynthesisspe
|move|p2a: 12~|Heat Wave|p1a: Walking Wake
|-resisted|p1a: Walking Wake
|-damage|p1a: Walking Wake|86/100
|
|upkeep
|turn|2
|
|t:|1743808225
|switch|p2a: 4.|Fezandipiti, M|100/100
|move|p1a: Walking Wake|Draco Meteor|p2a: 4.
|-immune|p2a: 4.
|
|upkeep
|turn|3
|
|t:|1743808237
|move|p1a: Walking Wake|Hydro Pump|p2a: 4.
|-damage|p2a: 4.|69/100
|move|p2a: 4.|Toxic|p1a: Walking Wake
|-status|p1a: Walking Wake|tox
|
|-heal|p2a: 4.|75/100|[from] item: Leftovers
|-damage|p1a: Walking Wake|79/100 tox|[from] psn
|upkeep
|turn|4
|
|t:|1743808253
|-end|p1a: Walking Wake|Protosynthesis|[silent]
|switch|p1a: Corviknight|Corviknight, F|100/100
|-ability|p1a: Corviknight|Pressure
|move|p2a: 4.|Roost|p2a: 4.
|-heal|p2a: 4.|100/100
|-singleturn|p2a: 4.|move: Roost
|
|upkeep
|turn|5
|
|t:|1743808260
|move|p2a: 4.|U-turn|p1a: Corviknight
|-resisted|p1a: Corviknight
|-damage|p1a: Corviknight|98/100
|-damage|p2a: 4.|84/100|[from] item: Rocky Helmet|[of] p1a: Corviknight
|
|t:|1743808263
|switch|p2a: 3.+|Gliscor, F|100/100|[from] U-turn
|move|p1a: Corviknight|Iron Head|p2a: 3.+
|-damage|p2a: 3.+|86/100
|
|-status|p2a: 3.+|tox|[from] item: Toxic Orb
|upkeep
|turn|6
|
|t:|1743808274
|move|p2a: 3.+|U-turn|p1a: Corviknight
|-resisted|p1a: Corviknight
|-damage|p1a: Corviknight|96/100
|-damage|p2a: 3.+|69/100 tox|[from] item: Rocky Helmet|[of] p1a: Corviknight
|
|t:|1743808282
|switch|p2a: 61|Glimmora, M|100/100|[from] U-turn
|move|p1a: Corviknight|U-turn|p2a: 61
|-resisted|p2a: 61
|-damage|p2a: 61|93/100
|-activate|p2a: 61|ability: Toxic Debris
|-sidestart|p1: Darky0505|move: Toxic Spikes
|
|t:|1743808298
|switch|p1a: Walking Wake|Walking Wake|79/100 tox|[from] U-turn
|
|-damage|p1a: Walking Wake|73/100 tox|[from] psn
|upkeep
|turn|7
|
|t:|1743808303
|move|p2a: 61|Spiky Shield|p2a: 61
|-singleturn|p2a: 61|move: Protect
|move|p1a: Walking Wake|Hydro Pump|p2a: 61
|-activate|p2a: 61|move: Protect
|
|-damage|p1a: Walking Wake|61/100 tox|[from] psn
|upkeep
|turn|8
|
|t:|1743808311
|switch|p2a: 4.|Fezandipiti, M|84/100
|move|p1a: Walking Wake|Hydro Pump|p2a: 4.
|-damage|p2a: 4.|53/100
|
|-heal|p2a: 4.|59/100|[from] item: Leftovers
|-damage|p1a: Walking Wake|43/100 tox|[from] psn
|upkeep
|turn|9
|
|t:|1743808319
|move|p1a: Walking Wake|Hydro Pump|p2a: 4.
|-damage|p2a: 4.|30/100
|move|p2a: 4.|Roost|p2a: 4.
|-heal|p2a: 4.|80/100
|-singleturn|p2a: 4.|move: Roost
|
|-heal|p2a: 4.|86/100|[from] item: Leftovers
|-damage|p1a: Walking Wake|18/100 tox|[from] psn
|upkeep
|turn|10
|
|t:|1743808344
|move|p1a: Walking Wake|Hydro Pump|p2a: 4.
|-damage|p2a: 4.|57/100
|move|p2a: 4.|Roost|p2a: 4.
|-heal|p2a: 4.|100/100
|-singleturn|p2a: 4.|move: Roost
|
|-damage|p1a: Walking Wake|0 fnt|[from] psn
|faint|p1a: Walking Wake
|-end|p1a: Walking Wake|Protosynthesis|[silent]
|upkeep
|inactive|Darky0505 has 120 seconds left.
|
|t:|1743808358
|switch|p1a: Corviknight|Corviknight, F|96/100
|-ability|p1a: Corviknight|Pressure
|turn|11
|
|t:|1743808364
|move|p2a: 4.|U-turn|p1a: Corviknight
|-resisted|p1a: Corviknight
|-damage|p1a: Corviknight|94/100
|-damage|p2a: 4.|84/100|[from] item: Rocky Helmet|[of] p1a: Corviknight
|
|t:|1743808367
|switch|p2a: 61|Glimmora, M|93/100|[from] U-turn
|move|p1a: Corviknight|Iron Head|p2a: 61
|-supereffective|p2a: 61
|-damage|p2a: 61|44/100
|-activate|p2a: 61|ability: Toxic Debris
|-sidestart|p1: Darky0505|move: Toxic Spikes
|
|upkeep
|turn|12
|
|t:|1743808378
|move|p2a: 61|Spiky Shield|p2a: 61
|-singleturn|p2a: 61|move: Protect
|move|p1a: Corviknight|Iron Head|p2a: 61
|-activate|p2a: 61|move: Protect
|-damage|p1a: Corviknight|82/100|[from] Spiky Shield|[of] p2a: 61
|
|upkeep
|turn|13
|
|t:|1743808385
|move|p2a: 61|Endure||[still]
|-fail|p2a: 61
|move|p1a: Corviknight|Iron Head|p2a: 61
|-supereffective|p2a: 61
|-damage|p2a: 61|0 fnt
|faint|p2a: 61
|
|upkeep
|
|t:|1743808392
|switch|p2a: 12~|Volcanion|100/100
|turn|14
|
|t:|1743808413
|switch|p1a: Clefable|Clefable, F|100/100
|-status|p1a: Clefable|tox
|move|p2a: 12~|Steam Eruption|p1a: Clefable
|-damage|p1a: Clefable|46/100 tox
|
|upkeep
|turn|15
|
|t:|1743808423
|switch|p1a: Rillaboom|Rillaboom, M|100/100
|-status|p1a: Rillaboom|tox
|-fieldstart|move: Grassy Terrain|[from] ability: Grassy Surge|[of] p1a: Rillaboom
|move|p2a: 12~|Steam Eruption|p1a: Rillaboom
|-resisted|p1a: Rillaboom
|-damage|p1a: Rillaboom|86/100 tox
|
|-heal|p1a: Rillaboom|92/100 tox|[from] Grassy Terrain
|-damage|p1a: Rillaboom|86/100 tox|[from] psn
|upkeep
|turn|16
|
|t:|1743808436
|switch|p2a: 3.+|Gliscor, F|69/100 tox
|move|p1a: Rillaboom|Knock Off|p2a: 3.+
|-damage|p2a: 3.+|52/100 tox
|-enditem|p2a: 3.+|Toxic Orb|[from] move: Knock Off|[of] p1a: Rillaboom
|
|-heal|p1a: Rillaboom|92/100 tox|[from] Grassy Terrain
|-heal|p2a: 3.+|64/100 tox|[from] ability: Poison Heal
|-damage|p1a: Rillaboom|79/100 tox|[from] psn
|upkeep
|turn|17
|
|t:|1743808451
|switch|p1a: Clefable|Clefable, F|46/100 tox
|move|p2a: 3.+|Protect||[still]
|-fail|p2a: 3.+
|
|-heal|p1a: Clefable|52/100 tox|[from] Grassy Terrain
|-heal|p2a: 3.+|76/100 tox|[from] ability: Poison Heal
|upkeep
|turn|18
|
|t:|1743808461
|move|p2a: 3.+|U-turn|p1a: Clefable
|-resisted|p1a: Clefable
|-damage|p1a: Clefable|45/100 tox
|
|t:|1743808470
|switch|p2a: 4.|Fezandipiti, M|84/100|[from] U-turn
|move|p1a: Clefable|Moonlight|p1a: Clefable
|-heal|p1a: Clefable|95/100 tox
|
|-heal|p2a: 4.|90/100|[from] Grassy Terrain
|-heal|p2a: 4.|96/100|[from] item: Leftovers
|-heal|p1a: Clefable|100/100 tox|[from] Grassy Terrain
|upkeep
|turn|19
|
|t:|1743808480
|move|p2a: 4.|Play Rough|p1a: Clefable
|-damage|p1a: Clefable|78/100 tox
|move|p1a: Clefable|Calm Mind|p1a: Clefable
|-boost|p1a: Clefable|spa|1
|-boost|p1a: Clefable|spd|1
|
|-heal|p2a: 4.|100/100|[from] Grassy Terrain
|-heal|p1a: Clefable|84/100 tox|[from] Grassy Terrain
|-fieldend|move: Grassy Terrain
|upkeep
|turn|20
|
|t:|1743808490
|move|p2a: 4.|U-turn|p1a: Clefable
|-resisted|p1a: Clefable
|-damage|p1a: Clefable|78/100 tox
|
|t:|1743808493
|switch|p2a: 76|Murkrow, F|100/100|[from] U-turn
|move|p1a: Clefable|Calm Mind|p1a: Clefable
|-boost|p1a: Clefable|spa|1
|-boost|p1a: Clefable|spd|1
|
|upkeep
|turn|21
|
|t:|1743808500
|move|p2a: 76|Haze|p2a: 76
|-clearallboost
|move|p1a: Clefable|Moonblast|p2a: 76
|-supereffective|p2a: 76
|-damage|p2a: 76|11/100
|-unboost|p2a: 76|spa|1
|
|upkeep
|turn|22
|
|t:|1743808510
|move|p2a: 76|Tailwind|p2a: 76
|-sidestart|p2: kldkmd|move: Tailwind
|move|p1a: Clefable|Moonblast|p2a: 76
|-supereffective|p2a: 76
|-damage|p2a: 76|0 fnt
|faint|p2a: 76
|
|upkeep
|
|t:|1743808524
|switch|p2a: 12~|Volcanion|100/100
|turn|23
|
|t:|1743808545
|switch|p1a: Rillaboom|Rillaboom, M|79/100 tox
|-fieldstart|move: Grassy Terrain|[from] ability: Grassy Surge|[of] p1a: Rillaboom
|move|p2a: 12~|Heat Wave|p1a: Rillaboom
|-supereffective|p1a: Rillaboom
|-damage|p1a: Rillaboom|20/100 tox
|
|-heal|p1a: Rillaboom|26/100 tox|[from] Grassy Terrain
|-damage|p1a: Rillaboom|20/100 tox|[from] psn
|upkeep
|turn|24
|
|t:|1743808554
|move|p2a: 12~|Heat Wave|p1a: Rillaboom
|-supereffective|p1a: Rillaboom
|-damage|p1a: Rillaboom|0 fnt
|faint|p1a: Rillaboom
|
|upkeep
|
|t:|1743808568
|switch|p1a: Ceruledge|Ceruledge, F|100/100
|-status|p1a: Ceruledge|tox
|turn|25
|
|t:|1743808575
|switch|p2a: 12.|Meowscarada, M|100/100
|move|p1a: Ceruledge|Poltergeist|p2a: 12.
|-activate|p2a: 12.|move: Poltergeist|Expert Belt
|-resisted|p2a: 12.
|-damage|p2a: 12.|55/100
|
|-heal|p2a: 12.|61/100|[from] Grassy Terrain
|-damage|p1a: Ceruledge|94/100 tox|[from] psn
|-sideend|p2: kldkmd|move: Tailwind
|upkeep
|turn|26
|
|t:|1743808589
|switch|p1a: Corviknight|Corviknight, F|82/100
|-ability|p1a: Corviknight|Pressure
|move|p2a: 12.|Knock Off|p1a: Corviknight
|-start|p2a: 12.|typechange|Dark|[from] ability: Protean
|-damage|p1a: Corviknight|55/100
|-damage|p2a: 12.|44/100|[from] item: Rocky Helmet|[of] p1a: Corviknight
|-enditem|p1a: Corviknight|Rocky Helmet|[from] move: Knock Off|[of] p2a: 12.
|
|-heal|p2a: 12.|50/100|[from] Grassy Terrain
|upkeep
|turn|27
|
|t:|1743808601
|switch|p2a: 3.+|Gliscor, F|76/100 tox
|move|p1a: Corviknight|Roost|p1a: Corviknight
|-heal|p1a: Corviknight|100/100
|-singleturn|p1a: Corviknight|move: Roost
|
|-heal|p2a: 3.+|89/100 tox|[from] ability: Poison Heal
|-fieldend|move: Grassy Terrain
|upkeep
|turn|28
|
|t:|1743808613
|move|p2a: 3.+|Earthquake|p1a: Corviknight
|-immune|p1a: Corviknight
|move|p1a: Corviknight|Defog|p2a: 3.+
|-unboost|p2a: 3.+|evasion|1
|-sideend|p1: Darky0505|Toxic Spikes|[from] move: Defog|[of] p1a: Corviknight
|
|-heal|p2a: 3.+|100/100 tox|[from] ability: Poison Heal
|upkeep
|turn|29
|
|t:|1743808622
|move|p2a: 3.+|U-turn|p1a: Corviknight
|-resisted|p1a: Corviknight
|-damage|p1a: Corviknight|98/100
|
|t:|1743808626
|switch|p2a: 12~|Volcanion|100/100|[from] U-turn
|move|p1a: Corviknight|U-turn|p2a: 12~
|-resisted|p2a: 12~
|-damage|p2a: 12~|94/100
|
|t:|1743808633
|switch|p1a: Ceruledge|Ceruledge, F|94/100 tox|[from] U-turn
|
|-damage|p1a: Ceruledge|88/100 tox|[from] psn
|upkeep
|turn|30
|
|t:|1743808641
|move|p2a: 12~|Earth Power|p1a: Ceruledge
|-supereffective|p1a: Ceruledge
|-damage|p1a: Ceruledge|20/100 tox
|move|p1a: Ceruledge|Poltergeist|p2a: 12~
|-activate|p2a: 12~|move: Poltergeist|Choice Scarf
|-damage|p2a: 12~|35/100
|
|-damage|p1a: Ceruledge|8/100 tox|[from] psn
|upkeep
|turn|31
|
|t:|1743808649
|move|p1a: Ceruledge|Shadow Sneak|p2a: 12~
|-damage|p2a: 12~|14/100
|move|p2a: 12~|Earth Power|p1a: Ceruledge
|-supereffective|p1a: Ceruledge
|-damage|p1a: Ceruledge|0 fnt
|faint|p1a: Ceruledge
|
|upkeep
|
|t:|1743808655
|switch|p1a: Kingambit|Kingambit, M|100/100
|-activate|p1a: Kingambit|ability: Supreme Overlord
|-start|p1a: Kingambit|fallen3|[silent]
|-item|p1a: Kingambit|Air Balloon
|turn|32
|
|t:|1743808665
|switch|p2a: 3.+|Gliscor, F|100/100 tox
|move|p1a: Kingambit|Sucker Punch||[still]
|-fail|p1a: Kingambit
|
|upkeep
|turn|33
|
|t:|1743808676
|-end|p1a: Kingambit|fallen3|[silent]
|switch|p1a: Corviknight|Corviknight, F|98/100
|-ability|p1a: Corviknight|Pressure
|move|p2a: 3.+|U-turn|p1a: Corviknight
|-resisted|p1a: Corviknight
|-damage|p1a: Corviknight|96/100
|
|t:|1743808682
|switch|p2a: 12~|Volcanion|14/100|[from] U-turn
|
|upkeep
|turn|34
|
|t:|1743808698
|-terastallize|p1a: Corviknight|Flying
|move|p2a: 12~|Heat Wave|p1a: Corviknight
|-damage|p1a: Corviknight|45/100
|move|p1a: Corviknight|Iron Head|p2a: 12~
|-resisted|p2a: 12~
|-damage|p2a: 12~|9/100
|
|upkeep
|turn|35
|
|t:|1743808719
|switch|p1a: Clefable|Clefable, F|78/100 tox
|move|p2a: 12~|Heat Wave|p1a: Clefable
|-damage|p1a: Clefable|32/100 tox
|
|upkeep
|turn|36
|
|t:|1743808740
|move|p2a: 12~|Heat Wave|p1a: Clefable
|-damage|p1a: Clefable|0 fnt
|faint|p1a: Clefable
|
|upkeep
|
|t:|1743808745
|switch|p1a: Kingambit|Kingambit, M|100/100
|-activate|p1a: Kingambit|ability: Supreme Overlord
|-start|p1a: Kingambit|fallen4|[silent]
|-item|p1a: Kingambit|Air Balloon
|turn|37
|
|t:|1743808751
|switch|p2a: 3.+|Gliscor, F|100/100 tox
|move|p1a: Kingambit|Kowtow Cleave|p2a: 3.+
|-damage|p2a: 3.+|57/100 tox
|
|-heal|p2a: 3.+|70/100 tox|[from] ability: Poison Heal
|upkeep
|turn|38
|
|t:|1743808759
|move|p2a: 3.+|U-turn|p1a: Kingambit
|-damage|p1a: Kingambit|88/100
|-enditem|p1a: Kingambit|Air Balloon
|
|t:|1743808765
|switch|p2a: 12.|Meowscarada, M|50/100|[from] U-turn
|move|p1a: Kingambit|Iron Head|p2a: 12.
|-damage|p2a: 12.|0 fnt
|faint|p2a: 12.
|
|upkeep
|
|t:|1743808772
|switch|p2a: 3.+|Gliscor, F|70/100 tox
|turn|39
|
|t:|1743808776
|move|p2a: 3.+|Earthquake|p1a: Kingambit
|-supereffective|p1a: Kingambit
|-damage|p1a: Kingambit|36/100
|move|p1a: Kingambit|Swords Dance|p1a: Kingambit
|-boost|p1a: Kingambit|atk|2
|
|-heal|p2a: 3.+|82/100 tox|[from] ability: Poison Heal
|upkeep
|turn|40
|
|t:|1743808784
|move|p1a: Kingambit|Sucker Punch|p2a: 3.+
|-damage|p2a: 3.+|12/100 tox
|move|p2a: 3.+|Earthquake|p1a: Kingambit
|-supereffective|p1a: Kingambit
|-damage|p1a: Kingambit|0 fnt
|faint|p1a: Kingambit
|-end|p1a: Kingambit|fallen4|[silent]
|
|-heal|p2a: 3.+|25/100 tox|[from] ability: Poison Heal
|upkeep
|
|t:|1743808792
|switch|p1a: Corviknight|Corviknight, F, tera:Flying|45/100
|-ability|p1a: Corviknight|Pressure
|turn|41
|c|☆Darky0505|gg
|
|t:|1743808798
|move|p2a: 3.+|Protect|p2a: 3.+
|-singleturn|p2a: 3.+|Protect
|move|p1a: Corviknight|Iron Head|p2a: 3.+
|-activate|p2a: 3.+|move: Protect
|
|-heal|p2a: 3.+|37/100 tox|[from] ability: Poison Heal
|upkeep
|turn|42
|
|t:|1743808814
|move|p2a: 3.+|Toxic|p1a: Corviknight
|-status|p1a: Corviknight|tox
|move|p1a: Corviknight|Iron Head|p2a: 3.+
|-damage|p2a: 3.+|23/100 tox
|
|-heal|p2a: 3.+|35/100 tox|[from] ability: Poison Heal
|-damage|p1a: Corviknight|39/100 tox|[from] psn
|upkeep
|turn|43
|-message|Darky0505 forfeited.
|
|win|kldkmd
|raw|Darky0505's rating: 1205 &rarr; <strong>1177</strong><br />(-28 for losing)
|raw|kldkmd's rating: 1168 &rarr; <strong>1196</strong><br />(+28 for winning)
|l|☆Darky0505
|player|p1|
|c|☆kldkmd|bb
|l|☆kldkmd
|player|p2|
