|j|☆lc872244
|j|☆Waterpon400
|t:|1743828058
|gametype|singles
|player|p1|lc872244|marley|1191
|player|p2|Waterpon400|linebacker|1203
|teamsize|p1|6
|teamsize|p2|6
|gen|9
|tier|[Gen 9] OU
|rated|
|rule|HP Percentage Mod: HP is shown in percentages
|rule|Endless Battle Clause: Forcing endless battles is banned
|rule|Species Clause: Limit one of each Pokémon
|rule|OHKO Clause: OHKO moves are banned
|rule|Evasion Items Clause: Evasion items are banned
|rule|Evasion Moves Clause: Evasion moves are banned
|rule|Sleep Moves Clause: Sleep-inducing moves are banned
|clearpoke
|poke|p1|Samurott-Hisui, M|
|poke|p1|Gardevoir, F|
|poke|p1|Clodsire, M|
|poke|p1|Zoroark-Hisui, M|
|poke|p1|Hydrapple, M|
|poke|p1|Ceruledge, M|
|poke|p2|Araquanid, M|
|poke|p2|Ogerpon-Wellspring, F|
|poke|p2|Great Tusk|
|poke|p2|Gholdengo|
|poke|p2|Iron Moth|
|poke|p2|Kyurem|
|teampreview
|inactive|Battle timer is ON: inactive players will automatically lose when time's up. (requested by Waterpon400)
|
|t:|1743828068
|start
|switch|p1a: Samurott|Samurott-Hisui, M, shiny|100/100
|switch|p2a: Araquanid|Araquanid, M|100/100
|turn|1
|
|t:|1743828077
|move|p1a: Samurott|Knock Off|p2a: Araquanid
|-damage|p2a: Araquanid|53/100
|-enditem|p2a: Araquanid|Custap Berry|[from] move: Knock Off|[of] p1a: Samurott
|move|p2a: Araquanid|Sticky Web|p1a: Samurott
|-sidestart|p1: lc872244|move: Sticky Web
|
|upkeep
|turn|2
|
|t:|1743828089
|switch|p1a: Ceruledge|Ceruledge, M|100/100
|-activate|p1a: Ceruledge|move: Sticky Web
|-unboost|p1a: Ceruledge|spe|1
|move|p2a: Araquanid|Endeavor|p1a: Ceruledge
|-immune|p1a: Ceruledge
|
|upkeep
|turn|3
|
|t:|1743828097
|move|p1a: Ceruledge|Swords Dance|p1a: Ceruledge
|-boost|p1a: Ceruledge|atk|2
|move|p2a: Araquanid|Liquidation|p1a: Ceruledge
|-supereffective|p1a: Ceruledge
|-enditem|p1a: Ceruledge|Focus Sash
|-damage|p1a: Ceruledge|1/100
|-ability|p1a: Ceruledge|Weak Armor|boost
|-unboost|p1a: Ceruledge|def|1
|-boost|p1a: Ceruledge|spe|2
|
|upkeep
|turn|4
|
|t:|1743828118
|move|p1a: Ceruledge|Bitter Blade|p2a: Araquanid
|-damage|p2a: Araquanid|1/100
|-heal|p1a: Ceruledge|31/100|[from] drain|[of] p2a: Araquanid
|move|p2a: Araquanid|Liquidation|p1a: Ceruledge
|-supereffective|p1a: Ceruledge
|-damage|p1a: Ceruledge|0 fnt
|faint|p1a: Ceruledge
|
|upkeep
|
|t:|1743828130
|switch|p1a: Clodsire|Clodsire, M|100/100
|-activate|p1a: Clodsire|move: Sticky Web
|-unboost|p1a: Clodsire|spe|1
|turn|5
|
|t:|1743828137
|move|p2a: Araquanid|Liquidation|p1a: Clodsire
|-supereffective|p1a: Clodsire
|-crit|p1a: Clodsire
|-damage|p1a: Clodsire|0 fnt
|faint|p1a: Clodsire
|
|upkeep
|
|t:|1743828144
|switch|p1a: Samurott|Samurott-Hisui, M, shiny|100/100
|-activate|p1a: Samurott|move: Sticky Web
|-unboost|p1a: Samurott|spe|1
|turn|6
|
|t:|1743828148
|move|p1a: Samurott|Ceaseless Edge|p2a: Araquanid
|-damage|p2a: Araquanid|0 fnt
|-sidestart|p2: Waterpon400|Spikes
|faint|p2a: Araquanid
|
|upkeep
|
|t:|1743828156
|switch|p2a: Ogerpon|Ogerpon-Wellspring, F|100/100
|-damage|p2a: Ogerpon|88/100|[from] Spikes
|turn|7
|
|t:|1743828161
|switch|p1a: Hydrapple|Hydrapple, M|100/100
|move|p2a: Ogerpon|Swords Dance|p2a: Ogerpon
|-boost|p2a: Ogerpon|atk|2
|
|upkeep
|turn|8
|inactive|Waterpon400 has 120 seconds left.
|
|t:|1743828192
|switch|p2a: Great Tusk|Great Tusk|100/100
|move|p1a: Hydrapple|Nasty Plot|p1a: Hydrapple
|-boost|p1a: Hydrapple|spa|2
|
|upkeep
|turn|9
|
|t:|1743828200
|-terastallize|p1a: Hydrapple|Steel
|move|p2a: Great Tusk|Rapid Spin|p1a: Hydrapple
|-resisted|p1a: Hydrapple
|-damage|p1a: Hydrapple|94/100
|-boost|p2a: Great Tusk|spe|1
|-sideend|p2: Waterpon400|Spikes|[from] move: Rapid Spin|[of] p2a: Great Tusk
|move|p1a: Hydrapple|Earth Power|p2a: Great Tusk
|-damage|p2a: Great Tusk|9/100
|
|upkeep
|turn|10
|
|t:|1743828212
|move|p2a: Great Tusk|Headlong Rush|p1a: Hydrapple
|-supereffective|p1a: Hydrapple
|-damage|p1a: Hydrapple|0 fnt
|-unboost|p2a: Great Tusk|def|1
|-unboost|p2a: Great Tusk|spd|1
|faint|p1a: Hydrapple
|
|upkeep
|
|t:|1743828222
|switch|p1a: Gardevoir|Gardevoir, F|100/100
|-activate|p1a: Gardevoir|move: Sticky Web
|-unboost|p1a: Gardevoir|spe|1
|turn|11
|
|t:|1743828228
|move|p2a: Great Tusk|Headlong Rush|p1a: Gardevoir
|-damage|p1a: Gardevoir|0 fnt
|-unboost|p2a: Great Tusk|def|1
|-unboost|p2a: Great Tusk|spd|1
|faint|p1a: Gardevoir
|
|upkeep
|
|t:|1743828232
|switch|p1a: Samurott|Samurott-Hisui, M, shiny|100/100
|-activate|p1a: Samurott|move: Sticky Web
|-unboost|p1a: Samurott|spe|1
|turn|12
|
|t:|1743828238
|move|p2a: Great Tusk|Close Combat|p1a: Samurott
|-supereffective|p1a: Samurott
|-damage|p1a: Samurott|0 fnt
|-unboost|p2a: Great Tusk|def|1
|-unboost|p2a: Great Tusk|spd|1
|faint|p1a: Samurott
|
|upkeep
|
|t:|1743828241
|switch|p1a: Zoroark|Zoroark-Hisui, M|100/100
|-activate|p1a: Zoroark|move: Sticky Web
|-unboost|p1a: Zoroark|spe|1
|turn|13
|
|t:|1743828249
|-terastallize|p2a: Great Tusk|Dark
|move|p2a: Great Tusk|Knock Off|p1a: Zoroark
|-supereffective|p1a: Zoroark
|-damage|p1a: Zoroark|0 fnt
|-enditem|p1a: Zoroark|Life Orb|[from] move: Knock Off|[of] p2a: Great Tusk
|faint|p1a: Zoroark
|
|win|Waterpon400
|raw|lc872244's rating: 1191 &rarr; <strong>1167</strong><br />(-24 for losing)
|raw|Waterpon400's rating: 1203 &rarr; <strong>1227</strong><br />(+24 for winning)
|l|☆lc872244
|player|p1|
|l|☆Waterpon400
|player|p2|
