|j|☆shalazizi
|j|☆picture of
|t:|1743918802
|gametype|singles
|player|p1|shalazizi|n|1228
|player|p2|picture of|benga|1259
|teamsize|p1|6
|teamsize|p2|6
|gen|9
|tier|[Gen 9] OU
|rated|
|rule|HP Percentage Mod: HP is shown in percentages
|rule|Endless Battle Clause: Forcing endless battles is banned
|rule|Species Clause: Limit one of each Pokémon
|rule|OHKO Clause: OHKO moves are banned
|rule|Evasion Items Clause: Evasion items are banned
|rule|Evasion Moves Clause: Evasion moves are banned
|rule|Sleep Moves Clause: Sleep-inducing moves are banned
|clearpoke
|poke|p1|Pecharunt|
|poke|p1|Latias, F|
|poke|p1|Tyranitar, F|
|poke|p1|Goodra-Hisui, M|
|poke|p1|Ting-Lu|
|poke|p1|Rillaboom, F|
|poke|p2|Ribombee, F|
|poke|p2|Iron Treads|
|poke|p2|Meowscarada, M|
|poke|p2|Zamazenta-*|
|poke|p2|Gholdengo|
|poke|p2|Raging Bolt|
|teampreview
|inactive|Battle timer is ON: inactive players will automatically lose when time's up. (requested by shalazizi)
|
|t:|1743918811
|start
|switch|p1a: Ting-Lu|Ting-Lu|100/100
|switch|p2a: Ribombee|Ribombee, F|100/100
|-ability|p1a: Ting-Lu|Vessel of Ruin
|turn|1
|l|☆picture of
|inactive|picture of disconnected and has a minute to reconnect!
|player|p2|
|
|t:|1743918827
|move|p2a: Ribombee|Stun Spore|p1a: Ting-Lu
|-status|p1a: Ting-Lu|par
|move|p1a: Ting-Lu|Spikes|p2a: Ribombee
|-sidestart|p2: picture of|Spikes
|
|upkeep
|turn|2
|j|☆picture of
|inactive|picture of reconnected and has 130 seconds left.
|player|p2|picture of|benga|
|inactive|picture of has 120 seconds left.
|
|t:|1743918858
|move|p2a: Ribombee|Sticky Web|p1a: Ting-Lu
|-sidestart|p1: shalazizi|move: Sticky Web
|move|p1a: Ting-Lu|Ruination|p2a: Ribombee
|-damage|p2a: Ribombee|50/100
|
|upkeep
|turn|3
|
|t:|1743918864
|move|p2a: Ribombee|Quiver Dance|p2a: Ribombee
|-boost|p2a: Ribombee|spa|1
|-boost|p2a: Ribombee|spd|1
|-boost|p2a: Ribombee|spe|1
|cant|p1a: Ting-Lu|par
|
|upkeep
|turn|4
|
|t:|1743918876
|move|p2a: Ribombee|Moonblast|p1a: Ting-Lu
|-supereffective|p1a: Ting-Lu
|-damage|p1a: Ting-Lu|58/100 par
|move|p1a: Ting-Lu|Whirlwind|p2a: Ribombee
|drag|p2a: Gholdengo|Gholdengo|100/100
|-item|p2a: Gholdengo|Air Balloon
|
|-heal|p1a: Ting-Lu|64/100 par|[from] item: Leftovers
|upkeep
|turn|5
|
|t:|1743918889
|switch|p2a: Ribombee|Ribombee, F|50/100
|-damage|p2a: Ribombee|38/100|[from] Spikes
|switch|p1a: Goodra|Goodra-Hisui, M|100/100
|-activate|p1a: Goodra|move: Sticky Web
|-unboost|p1a: Goodra|spe|1
|
|upkeep
|turn|6
|
|t:|1743918902
|move|p2a: Ribombee|Stun Spore|p1a: Goodra
|-ability|p1a: Goodra|Sap Sipper|boost
|-boost|p1a: Goodra|atk|1
|move|p1a: Goodra|Flash Cannon|p2a: Ribombee
|-supereffective|p2a: Ribombee
|-damage|p2a: Ribombee|0 fnt
|faint|p2a: Ribombee
|
|upkeep
|
|t:|1743918909
|switch|p2a: Zamazenta|Zamazenta, shiny|100/100
|-damage|p2a: Zamazenta|88/100|[from] Spikes
|-ability|p2a: Zamazenta|Dauntless Shield|boost
|-boost|p2a: Zamazenta|def|1
|turn|7
|
|t:|1743918916
|switch|p1a: Pecharunt|Pecharunt|100/100
|-item|p1a: Pecharunt|Air Balloon
|move|p2a: Zamazenta|Substitute|p2a: Zamazenta
|-start|p2a: Zamazenta|Substitute
|-damage|p2a: Zamazenta|63/100
|
|-heal|p2a: Zamazenta|69/100|[from] item: Leftovers
|upkeep
|turn|8
|
|t:|1743918928
|move|p2a: Zamazenta|Crunch|p1a: Pecharunt
|-supereffective|p1a: Pecharunt
|-damage|p1a: Pecharunt|82/100
|-unboost|p1a: Pecharunt|def|1
|-enditem|p1a: Pecharunt|Air Balloon
|move|p1a: Pecharunt|Night Shade|p2a: Zamazenta
|-end|p2a: Zamazenta|Substitute
|
|-heal|p2a: Zamazenta|76/100|[from] item: Leftovers
|upkeep
|turn|9
|
|t:|1743918945
|switch|p1a: Rillaboom|Rillaboom, F|100/100
|-activate|p1a: Rillaboom|move: Sticky Web
|-unboost|p1a: Rillaboom|spe|1
|-fieldstart|move: Grassy Terrain|[from] ability: Grassy Surge|[of] p1a: Rillaboom
|move|p2a: Zamazenta|Crunch|p1a: Rillaboom
|-damage|p1a: Rillaboom|84/100
|-damage|p2a: Zamazenta|59/100|[from] item: Rocky Helmet|[of] p1a: Rillaboom
|
|-heal|p2a: Zamazenta|65/100|[from] Grassy Terrain
|-heal|p2a: Zamazenta|72/100|[from] item: Leftovers
|-heal|p1a: Rillaboom|90/100|[from] Grassy Terrain
|upkeep
|turn|10
|
|t:|1743918959
|switch|p1a: Pecharunt|Pecharunt|82/100
|-activate|p1a: Pecharunt|move: Sticky Web
|-unboost|p1a: Pecharunt|spe|1
|move|p2a: Zamazenta|Substitute|p2a: Zamazenta
|-start|p2a: Zamazenta|Substitute
|-damage|p2a: Zamazenta|47/100
|
|-heal|p2a: Zamazenta|53/100|[from] Grassy Terrain
|-heal|p2a: Zamazenta|59/100|[from] item: Leftovers
|-heal|p1a: Pecharunt|88/100|[from] Grassy Terrain
|upkeep
|turn|11
|l|☆picture of
|inactive|picture of disconnected and has a minute to reconnect!
|player|p2|
|j|☆picture of
|inactive|picture of reconnected and has 140 seconds left.
|player|p2|picture of|benga|
|
|t:|1743918974
|move|p2a: Zamazenta|Crunch|p1a: Pecharunt
|-supereffective|p1a: Pecharunt
|-damage|p1a: Pecharunt|69/100
|move|p1a: Pecharunt|Night Shade|p2a: Zamazenta
|-end|p2a: Zamazenta|Substitute
|
|-heal|p2a: Zamazenta|65/100|[from] Grassy Terrain
|-heal|p2a: Zamazenta|72/100|[from] item: Leftovers
|-heal|p1a: Pecharunt|75/100|[from] Grassy Terrain
|upkeep
|turn|12
|
|t:|1743918986
|move|p2a: Zamazenta|Substitute|p2a: Zamazenta
|-start|p2a: Zamazenta|Substitute
|-damage|p2a: Zamazenta|47/100
|move|p1a: Pecharunt|Night Shade|p2a: Zamazenta
|-end|p2a: Zamazenta|Substitute
|
|-heal|p2a: Zamazenta|53/100|[from] Grassy Terrain
|-heal|p2a: Zamazenta|59/100|[from] item: Leftovers
|-heal|p1a: Pecharunt|81/100|[from] Grassy Terrain
|upkeep
|turn|13
|
|t:|1743918995
|move|p2a: Zamazenta|Crunch|p1a: Pecharunt
|-supereffective|p1a: Pecharunt
|-damage|p1a: Pecharunt|61/100
|move|p1a: Pecharunt|Night Shade|p2a: Zamazenta
|-damage|p2a: Zamazenta|33/100
|
|-heal|p2a: Zamazenta|40/100|[from] Grassy Terrain
|-heal|p2a: Zamazenta|46/100|[from] item: Leftovers
|-heal|p1a: Pecharunt|67/100|[from] Grassy Terrain
|-fieldend|move: Grassy Terrain
|upkeep
|turn|14
|
|t:|1743919006
|switch|p2a: Gholdengo|Gholdengo|100/100
|-item|p2a: Gholdengo|Air Balloon
|move|p1a: Pecharunt|Night Shade|p2a: Gholdengo
|-damage|p2a: Gholdengo|74/100
|-enditem|p2a: Gholdengo|Air Balloon
|
|upkeep
|turn|15
|
|t:|1743919015
|switch|p1a: Goodra|Goodra-Hisui, M|100/100
|-activate|p1a: Goodra|move: Sticky Web
|-unboost|p1a: Goodra|spe|1
|-terastallize|p2a: Gholdengo|Steel
|move|p2a: Gholdengo|Thunder Wave|p1a: Goodra
|-status|p1a: Goodra|par
|
|upkeep
|turn|16
|
|t:|1743919026
|switch|p2a: Iron Treads|Iron Treads|100/100
|move|p1a: Goodra|Flamethrower|p2a: Iron Treads
|-supereffective|p2a: Iron Treads
|-damage|p2a: Iron Treads|18/100
|
|upkeep
|turn|17
|
|t:|1743919039
|switch|p1a: Ting-Lu|Ting-Lu|64/100 par
|-activate|p1a: Ting-Lu|move: Sticky Web
|-unboost|p1a: Ting-Lu|spe|1
|-ability|p1a: Ting-Lu|Vessel of Ruin
|move|p2a: Iron Treads|Rapid Spin|p1a: Ting-Lu
|-damage|p1a: Ting-Lu|56/100 par
|-boost|p2a: Iron Treads|spe|1
|-sideend|p2: picture of|Spikes|[from] move: Rapid Spin|[of] p2a: Iron Treads
|
|-heal|p1a: Ting-Lu|62/100 par|[from] item: Leftovers
|upkeep
|turn|18
|
|t:|1743919061
|move|p2a: Iron Treads|Ice Spinner|p1a: Ting-Lu
|-supereffective|p1a: Ting-Lu
|-damage|p1a: Ting-Lu|35/100 par
|move|p1a: Ting-Lu|Spikes|p2a: Iron Treads
|-sidestart|p2: picture of|Spikes
|
|-heal|p1a: Ting-Lu|42/100 par|[from] item: Leftovers
|upkeep
|turn|19
|
|t:|1743919072
|move|p2a: Iron Treads|Rapid Spin|p1a: Ting-Lu
|-damage|p1a: Ting-Lu|33/100 par
|-boost|p2a: Iron Treads|spe|1
|-sideend|p2: picture of|Spikes|[from] move: Rapid Spin|[of] p2a: Iron Treads
|move|p1a: Ting-Lu|Whirlwind|p2a: Iron Treads
|-end|p2a: Iron Treads|Quark Drive|[silent]
|drag|p2a: Meowscarada|Meowscarada, M|100/100
|
|-heal|p1a: Ting-Lu|40/100 par|[from] item: Leftovers
|upkeep
|turn|20
|
|t:|1743919083
|switch|p1a: Pecharunt|Pecharunt|67/100
|-activate|p1a: Pecharunt|move: Sticky Web
|-unboost|p1a: Pecharunt|spe|1
|move|p2a: Meowscarada|U-turn|p1a: Pecharunt
|-start|p2a: Meowscarada|typechange|Bug|[from] ability: Protean
|-resisted|p1a: Pecharunt
|-damage|p1a: Pecharunt|61/100
|
|t:|1743919093
|switch|p2a: Raging Bolt|Raging Bolt|100/100|[from] U-turn
|-enditem|p2a: Raging Bolt|Booster Energy
|-activate|p2a: Raging Bolt|ability: Protosynthesis|[fromitem]
|-start|p2a: Raging Bolt|protosynthesisspa
|
|upkeep
|turn|21
|
|t:|1743919100
|switch|p1a: Ting-Lu|Ting-Lu|40/100 par
|-activate|p1a: Ting-Lu|move: Sticky Web
|-unboost|p1a: Ting-Lu|spe|1
|-ability|p1a: Ting-Lu|Vessel of Ruin
|move|p2a: Raging Bolt|Draco Meteor|p1a: Ting-Lu
|-damage|p1a: Ting-Lu|1/100 par
|-unboost|p2a: Raging Bolt|spa|2
|
|-heal|p1a: Ting-Lu|7/100 par|[from] item: Leftovers
|upkeep
|turn|22
|l|☆picture of
|inactive|picture of disconnected and has a minute to reconnect!
|player|p2|
|
|t:|1743919113
|switch|p1a: Tyranitar|Tyranitar, F|100/100
|-activate|p1a: Tyranitar|move: Sticky Web
|-unboost|p1a: Tyranitar|spe|1
|-weather|Sandstorm|[from] ability: Sand Stream|[of] p1a: Tyranitar
|move|p2a: Raging Bolt|Draco Meteor|p1a: Tyranitar
|-damage|p1a: Tyranitar|81/100
|-unboost|p2a: Raging Bolt|spa|2
|
|-weather|Sandstorm|[upkeep]
|-damage|p2a: Raging Bolt|94/100|[from] Sandstorm
|upkeep
|turn|23
|inactive|picture of has 30 seconds to reconnect!
|j|☆picture of
|inactive|picture of reconnected and has 120 seconds left.
|player|p2|picture of|benga|
|
|t:|1743919149
|-end|p2a: Raging Bolt|Protosynthesis|[silent]
|switch|p2a: Iron Treads|Iron Treads|18/100
|move|p1a: Tyranitar|High Horsepower|p2a: Iron Treads
|-supereffective|p2a: Iron Treads
|-damage|p2a: Iron Treads|0 fnt
|faint|p2a: Iron Treads
|-end|p2a: Iron Treads|Quark Drive|[silent]
|
|-weather|Sandstorm|[upkeep]
|upkeep
|
|t:|1743919154
|switch|p2a: Meowscarada|Meowscarada, M|100/100
|turn|24
|
|t:|1743919160
|switch|p1a: Pecharunt|Pecharunt|61/100
|-activate|p1a: Pecharunt|move: Sticky Web
|-unboost|p1a: Pecharunt|spe|1
|move|p2a: Meowscarada|Flower Trick|p1a: Pecharunt
|-start|p2a: Meowscarada|typechange|Grass|[from] ability: Protean
|-resisted|p1a: Pecharunt
|-crit|p1a: Pecharunt
|-damage|p1a: Pecharunt|46/100
|
|-weather|Sandstorm|[upkeep]
|-damage|p2a: Meowscarada|94/100|[from] Sandstorm
|-damage|p1a: Pecharunt|40/100|[from] Sandstorm
|upkeep
|turn|25
|
|t:|1743919173
|switch|p2a: Gholdengo|Gholdengo, tera:Steel|74/100
|move|p1a: Pecharunt|Recover|p1a: Pecharunt
|-heal|p1a: Pecharunt|90/100
|
|-weather|Sandstorm|[upkeep]
|-damage|p1a: Pecharunt|84/100|[from] Sandstorm
|upkeep
|turn|26
|
|t:|1743919183
|switch|p1a: Goodra|Goodra-Hisui, M|100/100 par
|-activate|p1a: Goodra|move: Sticky Web
|-unboost|p1a: Goodra|spe|1
|move|p2a: Gholdengo|Hex|p1a: Goodra
|-damage|p1a: Goodra|75/100 par
|
|-weather|none
|upkeep
|turn|27
|
|t:|1743919195
|move|p2a: Gholdengo|Hex|p1a: Goodra
|-damage|p1a: Goodra|50/100 par
|move|p1a: Goodra|Flamethrower|p2a: Gholdengo
|-supereffective|p2a: Gholdengo
|-damage|p2a: Gholdengo|10/100
|
|upkeep
|turn|28
|
|t:|1743919204
|move|p2a: Gholdengo|Hex|p1a: Goodra
|-damage|p1a: Goodra|25/100 par
|cant|p1a: Goodra|par
|
|upkeep
|turn|29
|
|t:|1743919210
|move|p2a: Gholdengo|Hex|p1a: Goodra
|-damage|p1a: Goodra|1/100 par
|cant|p1a: Goodra|par
|
|upkeep
|turn|30
|
|t:|1743919216
|move|p2a: Gholdengo|Hex|p1a: Goodra
|-damage|p1a: Goodra|0 fnt
|faint|p1a: Goodra
|
|upkeep
|
|t:|1743919224
|switch|p1a: Latias|Latias, F|100/100
|turn|31
|
|t:|1743919228
|move|p1a: Latias|Alluring Voice|p2a: Gholdengo
|-resisted|p2a: Gholdengo
|-crit|p2a: Gholdengo
|-damage|p2a: Gholdengo|0 fnt
|faint|p2a: Gholdengo
|
|upkeep
|
|t:|1743919234
|switch|p2a: Meowscarada|Meowscarada, M|94/100
|turn|32
|
|t:|1743919240
|-terastallize|p1a: Latias|Fairy
|move|p1a: Latias|Alluring Voice|p2a: Meowscarada
|-supereffective|p2a: Meowscarada
|-damage|p2a: Meowscarada|0 fnt
|faint|p2a: Meowscarada
|
|upkeep
|l|☆picture of
|inactive|picture of disconnected and has a minute to reconnect!
|player|p2|
|j|☆picture of
|inactive|picture of reconnected and has 130 seconds left.
|player|p2|picture of|benga|
|
|t:|1743919270
|switch|p2a: Raging Bolt|Raging Bolt|94/100
|turn|33
|
|t:|1743919276
|switch|p1a: Tyranitar|Tyranitar, F|81/100
|-activate|p1a: Tyranitar|move: Sticky Web
|-unboost|p1a: Tyranitar|spe|1
|-weather|Sandstorm|[from] ability: Sand Stream|[of] p1a: Tyranitar
|move|p2a: Raging Bolt|Thunderclap||[still]
|-fail|p2a: Raging Bolt
|
|-weather|Sandstorm|[upkeep]
|-damage|p2a: Raging Bolt|88/100|[from] Sandstorm
|upkeep
|turn|34
|
|t:|1743919288
|move|p2a: Raging Bolt|Calm Mind|p2a: Raging Bolt
|-boost|p2a: Raging Bolt|spa|1
|-boost|p2a: Raging Bolt|spd|1
|move|p1a: Tyranitar|High Horsepower|p2a: Raging Bolt
|-supereffective|p2a: Raging Bolt
|-damage|p2a: Raging Bolt|25/100
|
|-weather|Sandstorm|[upkeep]
|-damage|p2a: Raging Bolt|19/100|[from] Sandstorm
|upkeep
|turn|35
|
|t:|1743919297
|move|p2a: Raging Bolt|Thunderclap|p1a: Tyranitar
|-damage|p1a: Tyranitar|58/100
|move|p1a: Tyranitar|High Horsepower|p2a: Raging Bolt
|-supereffective|p2a: Raging Bolt
|-damage|p2a: Raging Bolt|0 fnt
|faint|p2a: Raging Bolt
|-end|p2a: Raging Bolt|Protosynthesis|[silent]
|
|-weather|Sandstorm|[upkeep]
|upkeep
|
|t:|1743919299
|switch|p2a: Zamazenta|Zamazenta, shiny|46/100
|turn|36
|
|t:|1743919306
|switch|p1a: Pecharunt|Pecharunt|84/100
|-activate|p1a: Pecharunt|move: Sticky Web
|-unboost|p1a: Pecharunt|spe|1
|move|p2a: Zamazenta|Crunch|p1a: Pecharunt
|-supereffective|p1a: Pecharunt
|-damage|p1a: Pecharunt|64/100
|
|-weather|Sandstorm|[upkeep]
|-damage|p2a: Zamazenta|40/100|[from] Sandstorm
|-damage|p1a: Pecharunt|58/100|[from] Sandstorm
|-heal|p2a: Zamazenta|46/100|[from] item: Leftovers
|upkeep
|turn|37
|-message|picture of forfeited.
|
|win|shalazizi
|raw|shalazizi's rating: 1228 &rarr; <strong>1255</strong><br />(+27 for winning)
|raw|picture of's rating: 1259 &rarr; <strong>1232</strong><br />(-27 for losing)
|l|☆picture of
|player|p2|
|c|☆shalazizi|gg
