|j|☆bidoooferNEW
|j|☆kshuaib734
|t:|1743888767
|gametype|singles
|player|p1|bidoooferNEW|265|1628
|player|p2|kshuaib734|steven|1620
|teamsize|p1|6
|teamsize|p2|6
|gen|9
|tier|[Gen 9] OU
|rated|
|rule|HP Percentage Mod: HP is shown in percentages
|rule|Endless Battle Clause: Forcing endless battles is banned
|rule|Species Clause: Limit one of each Pokémon
|rule|OHKO Clause: OHKO moves are banned
|rule|Evasion Items Clause: Evasion items are banned
|rule|Evasion Moves Clause: Evasion moves are banned
|rule|Sleep Moves Clause: Sleep-inducing moves are banned
|clearpoke
|poke|p1|Torkoal, M|
|poke|p1|Walking Wake|
|poke|p1|Raging Bolt|
|poke|p1|Great Tusk|
|poke|p1|Iron Valiant|
|poke|p1|Hatterene, F|
|poke|p2|Tyranitar, F|
|poke|p2|Jolteon, M|
|poke|p2|Pelipper, F|
|poke|p2|Quaquaval, M|
|poke|p2|Overqwil, F|
|poke|p2|Excadrill, F|
|teampreview
|inactive|Battle timer is ON: inactive players will automatically lose when time's up. (requested by kshuaib734)
|
|t:|1743888770
|start
|switch|p1a: Iron Valiant|Iron Valiant, shiny|100/100
|switch|p2a: King Tyrant|Tyranitar, F|100/100
|-weather|Sandstorm|[from] ability: Sand Stream|[of] p2a: King Tyrant
|-enditem|p1a: Iron Valiant|Booster Energy
|-activate|p1a: Iron Valiant|ability: Quark Drive|[fromitem]
|-start|p1a: Iron Valiant|quarkdrivespe
|turn|1
|
|t:|1743888784
|switch|p2a: Tyrant's Envoy|Jolteon, M|100/100
|move|p1a: Iron Valiant|Swords Dance|p1a: Iron Valiant
|-boost|p1a: Iron Valiant|atk|2
|
|-weather|Sandstorm|[upkeep]
|-damage|p1a: Iron Valiant|94/100|[from] Sandstorm
|-damage|p2a: Tyrant's Envoy|94/100|[from] Sandstorm
|-status|p2a: Tyrant's Envoy|brn|[from] item: Flame Orb
|upkeep
|turn|2
|
|t:|1743888794
|move|p2a: Tyrant's Envoy|Alluring Voice|p1a: Iron Valiant
|-supereffective|p1a: Iron Valiant
|-crit|p1a: Iron Valiant
|-damage|p1a: Iron Valiant|0 fnt
|faint|p1a: Iron Valiant
|-end|p1a: Iron Valiant|Quark Drive|[silent]
|
|-weather|Sandstorm|[upkeep]
|-damage|p2a: Tyrant's Envoy|88/100 brn|[from] Sandstorm
|-damage|p2a: Tyrant's Envoy|82/100 brn|[from] brn
|upkeep
|
|t:|1743888805
|switch|p1a: Hatterene|Hatterene, F|100/100
|turn|3
|
|t:|1743888808
|move|p2a: Tyrant's Envoy|Volt Switch|p1a: Hatterene
|-crit|p1a: Hatterene
|-damage|p1a: Hatterene|64/100
|
|t:|1743888814
|switch|p2a: Tyrant's Enforcer|Overqwil, F|100/100|[from] Volt Switch
|move|p1a: Hatterene|Mystical Fire|p2a: Tyrant's Enforcer
|-damage|p2a: Tyrant's Enforcer|80/100
|-unboost|p2a: Tyrant's Enforcer|spa|1
|
|-weather|Sandstorm|[upkeep]
|-damage|p2a: Tyrant's Enforcer|73/100|[from] Sandstorm
|-damage|p1a: Hatterene|58/100|[from] Sandstorm
|-heal|p2a: Tyrant's Enforcer|80/100|[from] item: Leftovers
|upkeep
|turn|4
|
|t:|1743888824
|switch|p1a: Torkoal|Torkoal, M|100/100
|-weather|SunnyDay|[from] ability: Drought|[of] p1a: Torkoal
|move|p2a: Tyrant's Enforcer|Crunch|p1a: Torkoal
|-damage|p1a: Torkoal|81/100
|-unboost|p1a: Torkoal|def|1
|
|-weather|SunnyDay|[upkeep]
|-heal|p2a: Tyrant's Enforcer|86/100|[from] item: Leftovers
|upkeep
|turn|5
|
|t:|1743888833
|move|p2a: Tyrant's Enforcer|Taunt|p1a: Torkoal
|-start|p1a: Torkoal|move: Taunt
|cant|p1a: Torkoal|move: Taunt|Stealth Rock
|
|-weather|SunnyDay|[upkeep]
|-heal|p2a: Tyrant's Enforcer|92/100|[from] item: Leftovers
|upkeep
|turn|6
|
|t:|1743888840
|switch|p2a: King Tyrant|Tyranitar, F|100/100
|-weather|Sandstorm|[from] ability: Sand Stream|[of] p2a: King Tyrant
|switch|p1a: Raging Bolt|Raging Bolt|100/100
|
|-weather|Sandstorm|[upkeep]
|-damage|p1a: Raging Bolt|94/100|[from] Sandstorm
|-heal|p1a: Raging Bolt|100/100|[from] item: Leftovers
|upkeep
|turn|7
|
|t:|1743888849
|move|p1a: Raging Bolt|Calm Mind|p1a: Raging Bolt
|-boost|p1a: Raging Bolt|spa|1
|-boost|p1a: Raging Bolt|spd|1
|move|p2a: King Tyrant|Ice Beam|p1a: Raging Bolt
|-supereffective|p1a: Raging Bolt
|-damage|p1a: Raging Bolt|76/100
|
|-weather|Sandstorm|[upkeep]
|-damage|p1a: Raging Bolt|70/100|[from] Sandstorm
|-heal|p1a: Raging Bolt|76/100|[from] item: Leftovers
|upkeep
|turn|8
|
|t:|1743888858
|move|p1a: Raging Bolt|Calm Mind|p1a: Raging Bolt
|-boost|p1a: Raging Bolt|spa|1
|-boost|p1a: Raging Bolt|spd|1
|move|p2a: King Tyrant|Knock Off|p1a: Raging Bolt
|-damage|p1a: Raging Bolt|38/100
|-enditem|p1a: Raging Bolt|Leftovers|[from] move: Knock Off|[of] p2a: King Tyrant
|
|-weather|Sandstorm|[upkeep]
|-damage|p1a: Raging Bolt|32/100|[from] Sandstorm
|upkeep
|turn|9
|
|t:|1743888867
|move|p1a: Raging Bolt|Dragon Pulse|p2a: King Tyrant
|-damage|p2a: King Tyrant|49/100
|move|p2a: King Tyrant|Stealth Rock|p1a: Raging Bolt
|-sidestart|p1: bidoooferNEW|move: Stealth Rock
|
|-weather|Sandstorm|[upkeep]
|-damage|p1a: Raging Bolt|26/100|[from] Sandstorm
|upkeep
|turn|10
|
|t:|1743888876
|switch|p2a: Tyrant's Legacy|Excadrill, F|100/100
|move|p1a: Raging Bolt|Dragon Pulse|p2a: Tyrant's Legacy
|-resisted|p2a: Tyrant's Legacy
|-damage|p2a: Tyrant's Legacy|37/100
|
|-weather|none
|upkeep
|turn|11
|
|t:|1743888892
|switch|p2a: King Tyrant|Tyranitar, F|49/100
|-weather|Sandstorm|[from] ability: Sand Stream|[of] p2a: King Tyrant
|-terastallize|p1a: Raging Bolt|Flying
|move|p1a: Raging Bolt|Dragon Pulse|p2a: King Tyrant
|-damage|p2a: King Tyrant|2/100
|
|-weather|Sandstorm|[upkeep]
|-damage|p1a: Raging Bolt|19/100|[from] Sandstorm
|upkeep
|turn|12
|
|t:|1743888902
|move|p1a: Raging Bolt|Dragon Pulse|p2a: King Tyrant
|-damage|p2a: King Tyrant|0 fnt
|faint|p2a: King Tyrant
|
|-weather|Sandstorm|[upkeep]
|-damage|p1a: Raging Bolt|13/100|[from] Sandstorm
|upkeep
|
|t:|1743888909
|switch|p2a: Tyrant's Envoy|Jolteon, M|82/100 brn
|turn|13
|
|t:|1743888913
|move|p1a: Raging Bolt|Thunderclap|p2a: Tyrant's Envoy
|-resisted|p2a: Tyrant's Envoy
|-damage|p2a: Tyrant's Envoy|29/100 brn
|move|p2a: Tyrant's Envoy|Volt Switch|p1a: Raging Bolt
|-supereffective|p1a: Raging Bolt
|-damage|p1a: Raging Bolt|0 fnt
|faint|p1a: Raging Bolt
|-end|p1a: Raging Bolt|Protosynthesis|[silent]
|
|t:|1743888920
|switch|p2a: Tyrant's Downpour|Pelipper, F|100/100|[from] Volt Switch
|-weather|RainDance|[from] ability: Drizzle|[of] p2a: Tyrant's Downpour
|
|-weather|RainDance|[upkeep]
|upkeep
|
|t:|1743888925
|switch|p1a: Hatterene|Hatterene, F|58/100
|-damage|p1a: Hatterene|45/100|[from] Stealth Rock
|turn|14
|
|t:|1743888933
|-terastallize|p2a: Tyrant's Downpour|Ghost
|move|p2a: Tyrant's Downpour|U-turn|p1a: Hatterene
|-damage|p1a: Hatterene|38/100
|
|t:|1743888938
|switch|p2a: Tyrant's Legacy|Excadrill, F|37/100|[from] U-turn
|move|p1a: Hatterene|Mystical Fire|p2a: Tyrant's Legacy
|-supereffective|p2a: Tyrant's Legacy
|-crit|p2a: Tyrant's Legacy
|-damage|p2a: Tyrant's Legacy|0 fnt
|faint|p2a: Tyrant's Legacy
|
|-weather|RainDance|[upkeep]
|upkeep
|
|t:|1743888946
|switch|p2a: Tyrant's Endgame|Quaquaval, M|100/100
|turn|15
|
|t:|1743888955
|switch|p1a: Torkoal|Torkoal, M|81/100
|-damage|p1a: Torkoal|56/100|[from] Stealth Rock
|-weather|SunnyDay|[from] ability: Drought|[of] p1a: Torkoal
|move|p2a: Tyrant's Endgame|Aqua Step|p1a: Torkoal
|-supereffective|p1a: Torkoal
|-damage|p1a: Torkoal|19/100
|-boost|p2a: Tyrant's Endgame|spe|1
|
|-weather|SunnyDay|[upkeep]
|upkeep
|turn|16
|
|t:|1743888969
|switch|p1a: Walking Wake|Walking Wake|100/100
|-damage|p1a: Walking Wake|88/100|[from] Stealth Rock
|-activate|p1a: Walking Wake|ability: Protosynthesis
|-start|p1a: Walking Wake|protosynthesisspe
|move|p2a: Tyrant's Endgame|Aqua Step|p1a: Walking Wake
|-resisted|p1a: Walking Wake
|-damage|p1a: Walking Wake|82/100
|-boost|p2a: Tyrant's Endgame|spe|1
|
|-weather|SunnyDay|[upkeep]
|upkeep
|turn|17
|
|t:|1743888981
|switch|p2a: Tyrant's Downpour|Pelipper, F, tera:Ghost|100/100
|-weather|RainDance|[from] ability: Drizzle|[of] p2a: Tyrant's Downpour
|-end|p1a: Walking Wake|Protosynthesis
|move|p1a: Walking Wake|Dragon Pulse|p2a: Tyrant's Downpour
|-damage|p2a: Tyrant's Downpour|37/100
|
|-weather|RainDance|[upkeep]
|upkeep
|turn|18
|
|t:|1743888990
|switch|p2a: Tyrant's Enforcer|Overqwil, F|92/100
|move|p1a: Walking Wake|Dragon Pulse|p2a: Tyrant's Enforcer
|-damage|p2a: Tyrant's Enforcer|48/100
|
|-weather|RainDance|[upkeep]
|-heal|p2a: Tyrant's Enforcer|54/100|[from] item: Leftovers
|upkeep
|turn|19
|
|t:|1743889001
|move|p2a: Tyrant's Enforcer|Crunch|p1a: Walking Wake
|-damage|p1a: Walking Wake|49/100
|move|p1a: Walking Wake|Dragon Pulse|p2a: Tyrant's Enforcer
|-damage|p2a: Tyrant's Enforcer|10/100
|
|-weather|RainDance|[upkeep]
|-heal|p2a: Tyrant's Enforcer|16/100|[from] item: Leftovers
|upkeep
|turn|20
|
|t:|1743889009
|-end|p1a: Walking Wake|Protosynthesis|[silent]
|switch|p1a: Great Tusk|Great Tusk|100/100
|move|p2a: Tyrant's Enforcer|Liquidation|p1a: Great Tusk
|-supereffective|p1a: Great Tusk
|-damage|p1a: Great Tusk|58/100
|
|-weather|RainDance|[upkeep]
|-heal|p2a: Tyrant's Enforcer|22/100|[from] item: Leftovers
|upkeep
|turn|21
|
|t:|1743889019
|move|p2a: Tyrant's Enforcer|Liquidation|p1a: Great Tusk
|-supereffective|p1a: Great Tusk
|-damage|p1a: Great Tusk|14/100
|-unboost|p1a: Great Tusk|def|1
|move|p1a: Great Tusk|Rapid Spin|p2a: Tyrant's Enforcer
|-damage|p2a: Tyrant's Enforcer|9/100
|-boost|p1a: Great Tusk|spe|1
|-sideend|p1: bidoooferNEW|Stealth Rock|[from] move: Rapid Spin|[of] p1a: Great Tusk
|
|-weather|RainDance|[upkeep]
|-heal|p2a: Tyrant's Enforcer|15/100|[from] item: Leftovers
|upkeep
|turn|22
|
|t:|1743889030
|-end|p1a: Great Tusk|Protosynthesis|[silent]
|switch|p1a: Hatterene|Hatterene, F|38/100
|move|p2a: Tyrant's Enforcer|Liquidation|p1a: Hatterene
|-damage|p1a: Hatterene|11/100
|
|-weather|RainDance|[upkeep]
|-heal|p2a: Tyrant's Enforcer|21/100|[from] item: Leftovers
|upkeep
|turn|23
|
|t:|1743889039
|move|p2a: Tyrant's Enforcer|Crunch|p1a: Hatterene
|-damage|p1a: Hatterene|0 fnt
|faint|p1a: Hatterene
|
|-weather|RainDance|[upkeep]
|-heal|p2a: Tyrant's Enforcer|27/100|[from] item: Leftovers
|upkeep
|
|t:|1743889043
|switch|p1a: Walking Wake|Walking Wake|49/100
|turn|24
|
|t:|1743889049
|move|p2a: Tyrant's Enforcer|Crunch|p1a: Walking Wake
|-damage|p1a: Walking Wake|18/100
|move|p1a: Walking Wake|Dragon Pulse|p2a: Tyrant's Enforcer
|-damage|p2a: Tyrant's Enforcer|0 fnt
|faint|p2a: Tyrant's Enforcer
|
|-weather|none
|upkeep
|
|t:|1743889058
|switch|p2a: Tyrant's Envoy|Jolteon, M|29/100 brn
|turn|25
|
|t:|1743889066
|-end|p1a: Walking Wake|Protosynthesis|[silent]
|switch|p1a: Torkoal|Torkoal, M|19/100
|-weather|SunnyDay|[from] ability: Drought|[of] p1a: Torkoal
|move|p2a: Tyrant's Envoy|Alluring Voice|p1a: Torkoal
|-resisted|p1a: Torkoal
|-damage|p1a: Torkoal|6/100
|
|-weather|SunnyDay|[upkeep]
|-damage|p2a: Tyrant's Envoy|23/100 brn|[from] brn
|upkeep
|turn|26
|
|t:|1743889075
|switch|p1a: Great Tusk|Great Tusk|14/100
|-activate|p1a: Great Tusk|ability: Protosynthesis
|-start|p1a: Great Tusk|protosynthesisspe
|move|p2a: Tyrant's Envoy|Alluring Voice|p1a: Great Tusk
|-supereffective|p1a: Great Tusk
|-damage|p1a: Great Tusk|0 fnt
|faint|p1a: Great Tusk
|-end|p1a: Great Tusk|Protosynthesis|[silent]
|
|-weather|SunnyDay|[upkeep]
|-damage|p2a: Tyrant's Envoy|17/100 brn|[from] brn
|upkeep
|-message|bidoooferNEW forfeited.
|
|win|kshuaib734
|raw|bidoooferNEW's rating: 1628 &rarr; <strong>1608</strong><br />(-20 for losing)
|raw|kshuaib734's rating: 1620 &rarr; <strong>1640</strong><br />(+20 for winning)
|l|☆bidoooferNEW
|player|p1|
|l|☆kshuaib734
|player|p2|
