|j|☆inglourious bstrds
|j|‽XIXINANA
|t:|1743874672
|gametype|singles
|player|p1|inglourious bstrds|musician|1357
|player|p2|XIXINANA|hilbert|1349
|teamsize|p1|6
|teamsize|p2|6
|gen|9
|tier|[Gen 9] OU
|rated|
|rule|HP Percentage Mod: HP is shown in percentages
|rule|Endless Battle Clause: Forcing endless battles is banned
|rule|Species Clause: Limit one of each Pokémon
|rule|OHKO Clause: OHKO moves are banned
|rule|Evasion Items Clause: Evasion items are banned
|rule|Evasion Moves Clause: Evasion moves are banned
|rule|Sleep Moves Clause: Sleep-inducing moves are banned
|clearpoke
|poke|p1|Reuniclus, F|
|poke|p1|Garganacl, F|
|poke|p1|Sinistcha-Masterpiece|
|poke|p1|Great Tusk|
|poke|p1|Scizor, F|
|poke|p1|Darkrai|
|poke|p2|Iron Valiant|
|poke|p2|Braviary-Hisui, M|
|poke|p2|Enamorus-Therian, F|
|poke|p2|Fezandipiti, M|
|poke|p2|Brute Bonnet|
|poke|p2|Magmortar, M|
|teampreview
|inactive|Battle timer is ON: inactive players will automatically lose when time's up. (requested by XIXINANA)
|
|t:|1743874688
|start
|switch|p1a: Garganacl|Garganacl, F|100/100
|switch|p2a: Fezandipiti|Fezandipiti, M|100/100
|turn|1
|
|t:|1743874693
|-terastallize|p2a: Fezandipiti|Fairy
|move|p2a: Fezandipiti|Play Rough|p1a: Garganacl
|-damage|p1a: Garganacl|73/100
|move|p1a: Garganacl|Salt Cure|p2a: Fezandipiti
|-damage|p2a: Fezandipiti|82/100
|-start|p2a: Fezandipiti|Salt Cure
|
|-heal|p1a: Garganacl|79/100|[from] item: Leftovers
|-damage|p2a: Fezandipiti|70/100|[from] Salt Cure
|upkeep
|turn|2
|
|t:|1743874705
|switch|p2a: Iron Valiant|Iron Valiant|100/100
|move|p1a: Garganacl|Substitute|p1a: Garganacl
|-start|p1a: Garganacl|Substitute
|-damage|p1a: Garganacl|54/100
|
|-heal|p1a: Garganacl|60/100|[from] item: Leftovers
|upkeep
|turn|3
|
|t:|1743874713
|move|p2a: Iron Valiant|Moonblast|p1a: Garganacl
|-end|p1a: Garganacl|Substitute
|-damage|p2a: Iron Valiant|91/100|[from] item: Life Orb
|move|p1a: Garganacl|Recover|p1a: Garganacl
|-heal|p1a: Garganacl|100/100
|
|upkeep
|turn|4
|
|t:|1743874721
|-end|p2a: Iron Valiant|Quark Drive|[silent]
|switch|p2a: Braviary|Braviary-Hisui, M|100/100
|move|p1a: Garganacl|Salt Cure|p2a: Braviary
|-supereffective|p2a: Braviary
|-damage|p2a: Braviary|62/100
|-start|p2a: Braviary|Salt Cure
|
|-damage|p2a: Braviary|50/100|[from] Salt Cure
|upkeep
|turn|5
|
|t:|1743874728
|move|p1a: Garganacl|Protect|p1a: Garganacl
|-singleturn|p1a: Garganacl|Protect
|move|p2a: Braviary|Psychic|p1a: Garganacl
|-activate|p1a: Garganacl|move: Protect
|
|-damage|p2a: Braviary|37/100|[from] Salt Cure
|upkeep
|turn|6
|
|t:|1743874736
|move|p2a: Braviary|Psychic|p1a: Garganacl
|-damage|p1a: Garganacl|33/100
|move|p1a: Garganacl|Recover|p1a: Garganacl
|-heal|p1a: Garganacl|83/100
|
|-heal|p1a: Garganacl|89/100|[from] item: Leftovers
|-damage|p2a: Braviary|25/100|[from] Salt Cure
|upkeep
|turn|7
|
|t:|1743874742
|move|p1a: Garganacl|Protect|p1a: Garganacl
|-singleturn|p1a: Garganacl|Protect
|move|p2a: Braviary|Psychic|p1a: Garganacl
|-activate|p1a: Garganacl|move: Protect
|
|-heal|p1a: Garganacl|95/100|[from] item: Leftovers
|-damage|p2a: Braviary|12/100|[from] Salt Cure
|upkeep
|turn|8
|
|t:|1743874758
|move|p2a: Braviary|Heat Wave|p1a: Garganacl
|-resisted|p1a: Garganacl
|-damage|p1a: Garganacl|67/100
|move|p1a: Garganacl|Substitute|p1a: Garganacl
|-start|p1a: Garganacl|Substitute
|-damage|p1a: Garganacl|42/100
|
|-heal|p1a: Garganacl|49/100|[from] item: Leftovers
|-damage|p2a: Braviary|0 fnt|[from] Salt Cure
|faint|p2a: Braviary
|upkeep
|
|t:|1743874772
|switch|p2a: Iron Valiant|Iron Valiant|91/100
|turn|9
|
|t:|1743874777
|move|p2a: Iron Valiant|Moonblast|p1a: Garganacl
|-end|p1a: Garganacl|Substitute
|-damage|p2a: Iron Valiant|81/100|[from] item: Life Orb
|move|p1a: Garganacl|Recover|p1a: Garganacl
|-heal|p1a: Garganacl|99/100
|
|-heal|p1a: Garganacl|100/100|[from] item: Leftovers
|upkeep
|turn|10
|
|t:|1743874789
|move|p2a: Iron Valiant|Close Combat|p1a: Garganacl
|-supereffective|p1a: Garganacl
|-damage|p1a: Garganacl|33/100
|-unboost|p2a: Iron Valiant|def|1
|-unboost|p2a: Iron Valiant|spd|1
|-damage|p2a: Iron Valiant|71/100|[from] item: Life Orb
|move|p1a: Garganacl|Salt Cure|p2a: Iron Valiant
|-resisted|p2a: Iron Valiant
|-damage|p2a: Iron Valiant|58/100
|-start|p2a: Iron Valiant|Salt Cure
|
|-heal|p1a: Garganacl|39/100|[from] item: Leftovers
|-damage|p2a: Iron Valiant|46/100|[from] Salt Cure
|upkeep
|turn|11
|inactive|inglourious bstrds has 120 seconds left.
|
|t:|1743874828
|move|p2a: Iron Valiant|Moonblast|p1a: Garganacl
|-damage|p1a: Garganacl|0 fnt
|faint|p1a: Garganacl
|-damage|p2a: Iron Valiant|36/100|[from] item: Life Orb
|
|-damage|p2a: Iron Valiant|24/100|[from] Salt Cure
|upkeep
|
|t:|1743874838
|switch|p1a: Darkrai|Darkrai|100/100
|turn|12
|
|t:|1743874843
|move|p2a: Iron Valiant|Vacuum Wave|p1a: Darkrai
|-supereffective|p1a: Darkrai
|-damage|p1a: Darkrai|36/100
|-damage|p2a: Iron Valiant|14/100|[from] item: Life Orb
|move|p1a: Darkrai|Ice Beam|p2a: Iron Valiant
|-damage|p2a: Iron Valiant|0 fnt
|faint|p2a: Iron Valiant
|-end|p2a: Iron Valiant|Quark Drive|[silent]
|
|upkeep
|
|t:|1743874854
|switch|p2a: Fezandipiti|Fezandipiti, M, tera:Fairy|70/100
|turn|13
|
|t:|1743874867
|switch|p1a: Scizor|Scizor, F|100/100
|move|p2a: Fezandipiti|Brave Bird|p1a: Scizor
|-damage|p1a: Scizor|59/100
|-damage|p2a: Fezandipiti|56/100|[from] Recoil
|
|upkeep
|turn|14
|
|t:|1743874878
|move|p2a: Fezandipiti|Brave Bird|p1a: Scizor
|-damage|p1a: Scizor|22/100
|-damage|p2a: Fezandipiti|44/100|[from] Recoil
|move|p1a: Scizor|U-turn|p2a: Fezandipiti
|-resisted|p2a: Fezandipiti
|-damage|p2a: Fezandipiti|4/100
|
|t:|1743874885
|switch|p1a: Darkrai|Darkrai|36/100|[from] U-turn
|
|upkeep
|turn|15
|
|t:|1743874888
|move|p2a: Fezandipiti|Quick Attack|p1a: Darkrai
|-damage|p1a: Darkrai|19/100
|move|p1a: Darkrai|Ice Beam|p2a: Fezandipiti
|-damage|p2a: Fezandipiti|0 fnt
|faint|p2a: Fezandipiti
|
|upkeep
|
|t:|1743874907
|switch|p2a: Magmortar|Magmortar, M|100/100
|turn|16
|
|t:|1743874913
|switch|p1a: Reuniclus|Reuniclus, F|100/100
|move|p2a: Magmortar|Flame Charge|p1a: Reuniclus
|-damage|p1a: Reuniclus|80/100
|-boost|p2a: Magmortar|spe|1
|-damage|p2a: Magmortar|91/100|[from] item: Life Orb
|
|upkeep
|turn|17
|
|t:|1743874920
|move|p2a: Magmortar|Fire Blast|p1a: Reuniclus|[miss]
|-miss|p2a: Magmortar|p1a: Reuniclus
|move|p1a: Reuniclus|Future Sight|p2a: Magmortar
|-start|p1a: Reuniclus|move: Future Sight
|
|upkeep
|turn|18
|
|t:|1743874924
|move|p2a: Magmortar|Fire Blast|p1a: Reuniclus
|-damage|p1a: Reuniclus|47/100
|-damage|p2a: Magmortar|81/100|[from] item: Life Orb
|move|p1a: Reuniclus|Shadow Ball|p2a: Magmortar
|-damage|p2a: Magmortar|49/100
|
|upkeep
|turn|19
|
|t:|1743874934
|switch|p2a: Brute Bonnet|Brute Bonnet|100/100
|move|p1a: Reuniclus|Focus Blast|p2a: Brute Bonnet
|-supereffective|p2a: Brute Bonnet
|-damage|p2a: Brute Bonnet|45/100
|
|-end|p2a: Brute Bonnet|move: Future Sight
|-immune|p2a: Brute Bonnet
|upkeep
|turn|20
|
|t:|1743874949
|switch|p1a: Great Tusk|Great Tusk|100/100
|move|p2a: Brute Bonnet|Payback|p1a: Great Tusk
|-resisted|p1a: Great Tusk
|-crit|p1a: Great Tusk
|-damage|p1a: Great Tusk|82/100
|-damage|p2a: Brute Bonnet|28/100|[from] item: Rocky Helmet|[of] p1a: Great Tusk
|-damage|p2a: Brute Bonnet|18/100|[from] item: Life Orb
|
|upkeep
|turn|21
|
|t:|1743874959
|move|p1a: Great Tusk|Ice Spinner|p2a: Brute Bonnet
|-supereffective|p2a: Brute Bonnet
|-damage|p2a: Brute Bonnet|0 fnt
|faint|p2a: Brute Bonnet
|-end|p2a: Brute Bonnet|Protosynthesis|[silent]
|
|upkeep
|
|t:|1743874962
|switch|p2a: Enamorus|Enamorus-Therian, F|100/100
|turn|22
|
|t:|1743874974
|move|p1a: Great Tusk|Ice Spinner|p2a: Enamorus
|-supereffective|p2a: Enamorus
|-damage|p2a: Enamorus|52/100
|move|p2a: Enamorus|Draining Kiss|p1a: Great Tusk
|-supereffective|p1a: Great Tusk
|-damage|p1a: Great Tusk|0 fnt
|-heal|p2a: Enamorus|100/100|[from] drain|[of] p1a: Great Tusk
|-damage|p2a: Enamorus|84/100|[from] item: Rocky Helmet|[of] p1a: Great Tusk
|faint|p1a: Great Tusk
|-end|p1a: Great Tusk|Protosynthesis|[silent]
|
|-heal|p2a: Enamorus|90/100|[from] item: Leftovers
|upkeep
|
|t:|1743874981
|switch|p1a: Reuniclus|Reuniclus, F|80/100
|turn|23
|
|t:|1743874988
|-terastallize|p1a: Reuniclus|Electric
|move|p2a: Enamorus|Calm Mind|p2a: Enamorus
|-boost|p2a: Enamorus|spa|1
|-boost|p2a: Enamorus|spd|1
|move|p1a: Reuniclus|Thunder|p2a: Enamorus
|-supereffective|p2a: Enamorus
|-damage|p2a: Enamorus|18/100
|-status|p2a: Enamorus|par
|
|-heal|p2a: Enamorus|24/100 par|[from] item: Leftovers
|upkeep
|turn|24
|
|t:|1743875001
|move|p1a: Reuniclus|Shadow Ball|p2a: Enamorus
|-damage|p2a: Enamorus|6/100 par
|move|p2a: Enamorus|Draining Kiss|p1a: Reuniclus
|-damage|p1a: Reuniclus|60/100
|-heal|p2a: Enamorus|25/100 par|[from] drain|[of] p1a: Reuniclus
|
|-heal|p2a: Enamorus|31/100 par|[from] item: Leftovers
|upkeep
|turn|25
|
|t:|1743875010
|move|p1a: Reuniclus|Thunder|p2a: Enamorus
|-supereffective|p2a: Enamorus
|-damage|p2a: Enamorus|0 fnt
|faint|p2a: Enamorus
|
|upkeep
|
|t:|1743875014
|switch|p2a: Magmortar|Magmortar, M|49/100
|turn|26
|-message|XIXINANA forfeited.
|
|win|inglourious bstrds
|raw|inglourious bstrds's rating: 1357 &rarr; <strong>1377</strong><br />(+20 for winning)
|raw|XIXINANA's rating: 1349 &rarr; <strong>1329</strong><br />(-20 for losing)
|l|‽XIXINANA
|player|p2|
|l|☆inglourious bstrds
|player|p1|
