|j|☆oeoqoso
|j|☆naotokuro
|t:|1743844456
|gametype|singles
|player|p1|oeoqoso|169|1131
|player|p2|naotokuro|266|1126
|teamsize|p1|6
|teamsize|p2|6
|gen|9
|tier|[Gen 9] OU
|rated|
|rule|HP Percentage Mod: HP is shown in percentages
|rule|Endless Battle Clause: Forcing endless battles is banned
|rule|Species Clause: Limit one of each Pokémon
|rule|OHKO Clause: OHKO moves are banned
|rule|Evasion Items Clause: Evasion items are banned
|rule|Evasion Moves Clause: Evasion moves are banned
|rule|Sleep Moves Clause: Sleep-inducing moves are banned
|clearpoke
|poke|p1|Skarmory, M|
|poke|p1|Tornadus-Therian, M|
|poke|p1|Maushold-Four|
|poke|p1|Raging Bolt|
|poke|p1|Donphan, M|
|poke|p1|Garganacl, M|
|poke|p2|Sandslash-Alola, M|
|poke|p2|Ninetales-Alola, M|
|poke|p2|Charizard, M|
|poke|p2|Blastoise, M|
|poke|p2|Pikachu-Hoenn, M|
|poke|p2|Espeon, M|
|teampreview
|inactive|Battle timer is ON: inactive players will automatically lose when time's up. (requested by oeoqoso)
|
|t:|1743844475
|start
|switch|p1a: Skarmory|Skarmory, M, shiny|100/100
|switch|p2a: Ninetales|Ninetales-Alola, M|100/100
|-weather|Snowscape|[from] ability: Snow Warning|[of] p2a: Ninetales
|turn|1
|
|t:|1743844482
|move|p2a: Ninetales|Aurora Veil|p2a: Ninetales
|-sidestart|p2: naotokuro|move: Aurora Veil
|move|p1a: Skarmory|Stealth Rock|p2a: Ninetales
|-sidestart|p2: naotokuro|move: Stealth Rock
|
|-weather|Snowscape|[upkeep]
|upkeep
|turn|2
|
|t:|1743844490
|move|p2a: Ninetales|Encore|p1a: Skarmory
|-start|p1a: Skarmory|Encore
|move|p1a: Skarmory|Stealth Rock||[still]
|-fail|p1a: Skarmory
|
|-weather|Snowscape|[upkeep]
|upkeep
|turn|3
|
|t:|1743844498
|switch|p2a: Sandslash|Sandslash-Alola, M, shiny|100/100
|-damage|p2a: Sandslash|88/100|[from] Stealth Rock
|switch|p1a: Garganacl|Garganacl, M|100/100
|
|-weather|Snowscape|[upkeep]
|upkeep
|turn|4
|
|t:|1743844514
|move|p2a: Sandslash|Icicle Spear|p1a: Garganacl
|-damage|p1a: Garganacl|94/100
|-damage|p1a: Garganacl|88/100
|-damage|p1a: Garganacl|81/100
|-damage|p1a: Garganacl|75/100
|-damage|p1a: Garganacl|69/100
|-hitcount|p1a: Garganacl|5
|move|p1a: Garganacl|Salt Cure|p2a: Sandslash
|-damage|p2a: Sandslash|84/100
|-start|p2a: Sandslash|Salt Cure
|
|-weather|Snowscape|[upkeep]
|-heal|p1a: Garganacl|75/100|[from] item: Leftovers
|-damage|p2a: Sandslash|59/100|[from] Salt Cure
|upkeep
|turn|5
|
|t:|1743844524
|move|p2a: Sandslash|Swords Dance|p2a: Sandslash
|-boost|p2a: Sandslash|atk|2
|move|p1a: Garganacl|Fire Punch|p2a: Sandslash
|-supereffective|p2a: Sandslash
|-damage|p2a: Sandslash|36/100
|
|-weather|none
|-heal|p1a: Garganacl|81/100|[from] item: Leftovers
|-damage|p2a: Sandslash|11/100|[from] Salt Cure
|upkeep
|turn|6
|
|t:|1743844535
|move|p2a: Sandslash|Icicle Spear|p1a: Garganacl
|-damage|p1a: Garganacl|68/100
|-damage|p1a: Garganacl|55/100
|-damage|p1a: Garganacl|42/100
|-damage|p1a: Garganacl|31/100
|-hitcount|p1a: Garganacl|4
|move|p1a: Garganacl|Recover|p1a: Garganacl
|-heal|p1a: Garganacl|81/100
|
|-heal|p1a: Garganacl|87/100|[from] item: Leftovers
|-damage|p2a: Sandslash|0 fnt|[from] Salt Cure
|faint|p2a: Sandslash
|upkeep
|
|t:|1743844543
|switch|p2a: Ninetales|Ninetales-Alola, M|100/100
|-damage|p2a: Ninetales|76/100|[from] Stealth Rock
|-weather|Snowscape|[from] ability: Snow Warning|[of] p2a: Ninetales
|turn|7
|
|t:|1743844549
|move|p2a: Ninetales|Encore|p1a: Garganacl
|-start|p1a: Garganacl|Encore
|move|p1a: Garganacl|Recover|p1a: Garganacl
|-heal|p1a: Garganacl|100/100
|
|-weather|Snowscape|[upkeep]
|upkeep
|turn|8
|
|t:|1743844556
|switch|p2a: Blastoise|Blastoise, M|100/100
|-damage|p2a: Blastoise|88/100|[from] Stealth Rock
|switch|p1a: Skarmory|Skarmory, M, shiny|100/100
|
|-weather|Snowscape|[upkeep]
|-sideend|p2: naotokuro|move: Aurora Veil
|upkeep
|turn|9
|
|t:|1743844570
|move|p2a: Blastoise|Wave Crash|p1a: Skarmory
|-crit|p1a: Skarmory
|-damage|p1a: Skarmory|41/100
|-damage|p2a: Blastoise|69/100|[from] Recoil
|move|p1a: Skarmory|Whirlwind|p2a: Blastoise
|drag|p2a: Charizard|Charizard, M|100/100
|
|-weather|Snowscape|[upkeep]
|-heal|p1a: Skarmory|47/100|[from] item: Leftovers
|upkeep
|turn|10
|
|t:|1743844580
|move|p2a: Charizard|Fire Blast|p1a: Skarmory
|-supereffective|p1a: Skarmory
|-damage|p1a: Skarmory|0 fnt
|faint|p1a: Skarmory
|
|-weather|Snowscape|[upkeep]
|upkeep
|
|t:|1743844584
|switch|p1a: Garganacl|Garganacl, M|100/100
|turn|11
|
|t:|1743844589
|move|p2a: Charizard|Focus Blast|p1a: Garganacl|[miss]
|-miss|p2a: Charizard|p1a: Garganacl
|move|p1a: Garganacl|Salt Cure|p2a: Charizard
|-supereffective|p2a: Charizard
|-damage|p2a: Charizard|24/100
|-start|p2a: Charizard|Salt Cure
|
|-weather|none
|-damage|p2a: Charizard|11/100|[from] Salt Cure
|upkeep
|turn|12
|
|t:|1743844601
|move|p2a: Charizard|Focus Blast|p1a: Garganacl
|-supereffective|p1a: Garganacl
|-damage|p1a: Garganacl|30/100
|move|p1a: Garganacl|Recover|p1a: Garganacl
|-heal|p1a: Garganacl|80/100
|
|-heal|p1a: Garganacl|86/100|[from] item: Leftovers
|-damage|p2a: Charizard|0 fnt|[from] Salt Cure
|faint|p2a: Charizard
|upkeep
|
|t:|1743844608
|switch|p2a: Blastoise|Blastoise, M|69/100
|-damage|p2a: Blastoise|57/100|[from] Stealth Rock
|turn|13
|
|t:|1743844611
|move|p2a: Blastoise|Rapid Spin|p1a: Garganacl
|-resisted|p1a: Garganacl
|-damage|p1a: Garganacl|82/100
|-boost|p2a: Blastoise|spe|1
|-sideend|p2: naotokuro|Stealth Rock|[from] move: Rapid Spin|[of] p2a: Blastoise
|move|p1a: Garganacl|Salt Cure|p2a: Blastoise
|-damage|p2a: Blastoise|43/100
|-start|p2a: Blastoise|Salt Cure
|
|-heal|p1a: Garganacl|88/100|[from] item: Leftovers
|-damage|p2a: Blastoise|18/100|[from] Salt Cure
|upkeep
|turn|14
|
|t:|1743844618
|move|p2a: Blastoise|Life Dew|p2a: Blastoise
|-heal|p2a: Blastoise|43/100
|move|p1a: Garganacl|Recover|p1a: Garganacl
|-heal|p1a: Garganacl|100/100
|
|-damage|p2a: Blastoise|18/100|[from] Salt Cure
|upkeep
|turn|15
|
|t:|1743844626
|move|p2a: Blastoise|Wave Crash|p1a: Garganacl
|-supereffective|p1a: Garganacl
|-damage|p1a: Garganacl|26/100
|-damage|p2a: Blastoise|0 fnt|[from] Recoil
|faint|p2a: Blastoise
|move|p1a: Garganacl|Salt Cure|p2: Blastoise|[notarget]
|-fail|p1a: Garganacl
|
|-heal|p1a: Garganacl|32/100|[from] item: Leftovers
|upkeep
|
|t:|1743844636
|switch|p2a: Ninetales|Ninetales-Alola, M|76/100
|-weather|Snowscape|[from] ability: Snow Warning|[of] p2a: Ninetales
|turn|16
|
|t:|1743844640
|move|p2a: Ninetales|Moonblast|p1a: Garganacl
|-damage|p1a: Garganacl|7/100
|move|p1a: Garganacl|Salt Cure|p2a: Ninetales
|-supereffective|p2a: Ninetales
|-damage|p2a: Ninetales|51/100
|-start|p2a: Ninetales|Salt Cure
|
|-weather|Snowscape|[upkeep]
|-heal|p1a: Garganacl|14/100|[from] item: Leftovers
|-damage|p2a: Ninetales|39/100|[from] Salt Cure
|upkeep
|turn|17
|
|t:|1743844645
|move|p2a: Ninetales|Moonblast|p1a: Garganacl
|-damage|p1a: Garganacl|0 fnt
|faint|p1a: Garganacl
|
|-weather|Snowscape|[upkeep]
|-damage|p2a: Ninetales|26/100|[from] Salt Cure
|upkeep
|
|t:|1743844654
|switch|p1a: Donphan|Donphan, M|100/100
|turn|18
|
|t:|1743844659
|move|p2a: Ninetales|Aurora Veil|p2a: Ninetales
|-sidestart|p2: naotokuro|move: Aurora Veil
|move|p1a: Donphan|Stealth Rock|p2a: Ninetales
|-sidestart|p2: naotokuro|move: Stealth Rock
|
|-weather|Snowscape|[upkeep]
|-damage|p2a: Ninetales|14/100|[from] Salt Cure
|upkeep
|turn|19
|
|t:|1743844667
|move|p2a: Ninetales|Freeze-Dry|p1a: Donphan
|-supereffective|p1a: Donphan
|-damage|p1a: Donphan|50/100
|-status|p1a: Donphan|frz
|cant|p1a: Donphan|frz
|
|-weather|Snowscape|[upkeep]
|-heal|p1a: Donphan|56/100 frz|[from] item: Leftovers
|-damage|p2a: Ninetales|2/100|[from] Salt Cure
|upkeep
|turn|20
|
|t:|1743844672
|move|p2a: Ninetales|Moonblast|p1a: Donphan
|-damage|p1a: Donphan|18/100 frz
|-curestatus|p1a: Donphan|frz|[msg]
|move|p1a: Donphan|Earthquake|p2a: Ninetales
|-damage|p2a: Ninetales|0 fnt
|faint|p2a: Ninetales
|
|-weather|none
|-heal|p1a: Donphan|24/100|[from] item: Leftovers
|upkeep
|
|t:|1743844680
|switch|p2a: Espeon|Espeon, M|100/100
|-damage|p2a: Espeon|88/100|[from] Stealth Rock
|turn|21
|
|t:|1743844692
|move|p2a: Espeon|Psychic|p1a: Donphan
|-damage|p1a: Donphan|0 fnt
|faint|p1a: Donphan
|
|upkeep
|
|t:|1743844699
|switch|p1a: Maushold|Maushold-Four, shiny|100/100
|turn|22
|
|t:|1743844702
|-terastallize|p1a: Maushold|Normal
|-terastallize|p2a: Espeon|Psychic
|move|p1a: Maushold|Population Bomb|p2a: Espeon
|-damage|p2a: Espeon|73/100
|-damage|p2a: Espeon|59/100
|-damage|p2a: Espeon|44/100
|-damage|p2a: Espeon|31/100
|-damage|p2a: Espeon|17/100
|-damage|p2a: Espeon|3/100
|-damage|p2a: Espeon|0 fnt
|faint|p2a: Espeon
|-hitcount|p2: Espeon|7
|
|upkeep
|
|t:|1743844717
|switch|p2a: Pikachu|Pikachu-Hoenn, M|100/100
|-damage|p2a: Pikachu|88/100|[from] Stealth Rock
|turn|23
|
|t:|1743844722
|move|p2a: Pikachu|Fake Out|p1a: Maushold
|-damage|p1a: Maushold|80/100
|cant|p1a: Maushold|flinch
|
|upkeep
|turn|24
|
|t:|1743844729
|move|p1a: Maushold|Population Bomb|p2a: Pikachu
|-damage|p2a: Pikachu|59/100
|-damage|p2a: Pikachu|31/100
|-damage|p2a: Pikachu|6/100
|-status|p1a: Maushold|par|[from] ability: Static|[of] p2a: Pikachu
|-damage|p2a: Pikachu|0 fnt
|faint|p2a: Pikachu
|-hitcount|p2: Pikachu|4
|
|win|oeoqoso
|raw|oeoqoso's rating: 1131 &rarr; <strong>1156</strong><br />(+25 for winning)
|raw|naotokuro's rating: 1126 &rarr; <strong>1101</strong><br />(-25 for losing)
|l|☆naotokuro
|player|p2|
|l|☆oeoqoso
|player|p1|
