|j|☆Khari
|j|☆THRZ_Dayy
|t:|1743864546
|gametype|singles
|player|p1|Khari|miku-ground|1515
|player|p2|THRZ_Dayy|janitor|1621
|teamsize|p1|6
|teamsize|p2|6
|gen|9
|tier|[Gen 9] OU
|rated|
|rule|HP Percentage Mod: HP is shown in percentages
|rule|Endless Battle Clause: Forcing endless battles is banned
|rule|Species Clause: Limit one of each Pokémon
|rule|OHKO Clause: OHKO moves are banned
|rule|Evasion Items Clause: Evasion items are banned
|rule|Evasion Moves Clause: Evasion moves are banned
|rule|Sleep Moves Clause: Sleep-inducing moves are banned
|clearpoke
|poke|p1|Blaziken, M|
|poke|p1|Corviknight, F|
|poke|p1|Kyurem|
|poke|p1|Great Tusk|
|poke|p1|Iron Valiant|
|poke|p1|Araquanid, M|
|poke|p2|Hippowdon, M|
|poke|p2|Garganacl, F|
|poke|p2|Gholdengo|
|poke|p2|Hatterene, F|
|poke|p2|Excadrill, F|
|poke|p2|Ogerpon-Wellspring, F|
|teampreview
|inactive|Battle timer is ON: inactive players will automatically lose when time's up. (requested by Khari)
|
|t:|1743864550
|start
|switch|p1a: Araquanid|Araquanid, M|100/100
|switch|p2a: On my wrist|Ogerpon-Wellspring, F|100/100
|turn|1
|
|t:|1743864553
|move|p2a: On my wrist|U-turn|p1a: Araquanid
|-damage|p1a: Araquanid|70/100
|
|t:|1743864555
|switch|p2a: Don't want ur swag|Hatterene, F|100/100|[from] U-turn
|move|p1a: Araquanid|Leech Life|p2a: Don't want ur swag
|-damage|p2a: Don't want ur swag|63/100
|-heal|p1a: Araquanid|88/100|[from] drain|[of] p2a: Don't want ur swag
|
|upkeep
|turn|2
|
|t:|1743864559
|move|p1a: Araquanid|Liquidation|p2a: Don't want ur swag
|-damage|p2a: Don't want ur swag|0 fnt
|faint|p2a: Don't want ur swag
|
|upkeep
|
|t:|1743864566
|switch|p2a: On my wrist|Ogerpon-Wellspring, F|100/100
|turn|3
|
|t:|1743864568
|move|p2a: On my wrist|Horn Leech|p1a: Araquanid
|-damage|p1a: Araquanid|37/100
|move|p1a: Araquanid|Leech Life|p2a: On my wrist
|-supereffective|p2a: On my wrist
|-damage|p2a: On my wrist|27/100
|-heal|p1a: Araquanid|70/100|[from] drain|[of] p2a: On my wrist
|
|upkeep
|turn|4
|
|t:|1743864573
|switch|p2a: Diamonds Tucked|Hippowdon, M|100/100
|-weather|Sandstorm|[from] ability: Sand Stream|[of] p2a: Diamonds Tucked
|move|p1a: Araquanid|Sticky Web|p2a: Diamonds Tucked
|-sidestart|p2: THRZ_Dayy|move: Sticky Web
|
|-weather|Sandstorm|[upkeep]
|-damage|p1a: Araquanid|64/100|[from] Sandstorm
|upkeep
|turn|5
|
|t:|1743864578
|switch|p2a: Fly as a kite|Gholdengo|100/100
|-item|p2a: Fly as a kite|Air Balloon
|move|p1a: Araquanid|Hydro Pump|p2a: Fly as a kite
|-damage|p2a: Fly as a kite|57/100
|-enditem|p2a: Fly as a kite|Air Balloon
|
|-weather|Sandstorm|[upkeep]
|-damage|p1a: Araquanid|58/100|[from] Sandstorm
|upkeep
|turn|6
|
|t:|1743864583
|move|p2a: Fly as a kite|Shadow Ball|p1a: Araquanid
|-damage|p1a: Araquanid|32/100
|move|p1a: Araquanid|Liquidation|p2a: Fly as a kite
|-damage|p2a: Fly as a kite|8/100
|
|-weather|Sandstorm|[upkeep]
|-damage|p1a: Araquanid|26/100|[from] Sandstorm
|upkeep
|turn|7
|
|t:|1743864589
|move|p2a: Fly as a kite|Shadow Ball|p1a: Araquanid
|-damage|p1a: Araquanid|0 fnt
|faint|p1a: Araquanid
|
|-weather|Sandstorm|[upkeep]
|upkeep
|
|t:|1743864596
|switch|p1a: joltee|Blaziken, M|100/100
|-item|p1a: joltee|Air Balloon
|turn|8
|
|t:|1743864600
|move|p1a: joltee|Swords Dance|p1a: joltee
|-boost|p1a: joltee|atk|2
|move|p2a: Fly as a kite|Shadow Ball|p1a: joltee
|-damage|p1a: joltee|46/100
|-enditem|p1a: joltee|Air Balloon
|
|-weather|none
|-ability|p1a: joltee|Speed Boost|boost
|-boost|p1a: joltee|spe|1
|upkeep
|turn|9
|
|t:|1743864603
|switch|p2a: Diamonds Tucked|Hippowdon, M|100/100
|-activate|p2a: Diamonds Tucked|move: Sticky Web
|-unboost|p2a: Diamonds Tucked|spe|1
|-weather|Sandstorm|[from] ability: Sand Stream|[of] p2a: Diamonds Tucked
|move|p1a: joltee|Flare Blitz|p2a: Diamonds Tucked
|-damage|p2a: Diamonds Tucked|36/100
|-damage|p1a: joltee|30/100|[from] item: Rocky Helmet|[of] p2a: Diamonds Tucked
|-damage|p1a: joltee|0 fnt|[from] Recoil
|faint|p1a: joltee
|
|-weather|Sandstorm|[upkeep]
|upkeep
|
|t:|1743864607
|switch|p1a: Kyurem|Kyurem|100/100
|-ability|p1a: Kyurem|Pressure
|turn|10
|
|t:|1743864613
|switch|p2a: In the cut|Garganacl, F|100/100
|-activate|p2a: In the cut|move: Sticky Web
|-unboost|p2a: In the cut|spe|1
|move|p1a: Kyurem|Freeze-Dry|p2a: In the cut
|-damage|p2a: In the cut|75/100
|
|-weather|Sandstorm|[upkeep]
|-damage|p1a: Kyurem|94/100|[from] Sandstorm
|-heal|p2a: In the cut|81/100|[from] item: Leftovers
|upkeep
|turn|11
|
|t:|1743864618
|switch|p1a: Great Tusk|Great Tusk|100/100
|move|p2a: In the cut|Salt Cure|p1a: Great Tusk
|-resisted|p1a: Great Tusk
|-damage|p1a: Great Tusk|98/100
|-start|p1a: Great Tusk|Salt Cure
|
|-weather|Sandstorm|[upkeep]
|-heal|p2a: In the cut|87/100|[from] item: Leftovers
|-damage|p1a: Great Tusk|86/100|[from] Salt Cure
|upkeep
|turn|12
|
|t:|1743864635
|switch|p2a: On my wrist|Ogerpon-Wellspring, F|27/100
|-activate|p2a: On my wrist|move: Sticky Web
|-unboost|p2a: On my wrist|spe|1
|move|p1a: Great Tusk|Stealth Rock|p2a: On my wrist
|-sidestart|p2: THRZ_Dayy|move: Stealth Rock
|
|-weather|Sandstorm|[upkeep]
|-damage|p2a: On my wrist|21/100|[from] Sandstorm
|-damage|p1a: Great Tusk|73/100|[from] Salt Cure
|upkeep
|turn|13
|
|t:|1743864643
|move|p1a: Great Tusk|Close Combat|p2a: On my wrist
|-damage|p2a: On my wrist|0 fnt
|-unboost|p1a: Great Tusk|def|1
|-unboost|p1a: Great Tusk|spd|1
|faint|p2a: On my wrist
|
|-weather|none
|-damage|p1a: Great Tusk|61/100|[from] Salt Cure
|upkeep
|
|t:|1743864649
|switch|p2a: Diamonds Tucked|Hippowdon, M|36/100
|-activate|p2a: Diamonds Tucked|move: Sticky Web
|-unboost|p2a: Diamonds Tucked|spe|1
|-damage|p2a: Diamonds Tucked|30/100|[from] Stealth Rock
|-weather|Sandstorm|[from] ability: Sand Stream|[of] p2a: Diamonds Tucked
|turn|14
|
|t:|1743864652
|move|p1a: Great Tusk|Close Combat|p2a: Diamonds Tucked
|-damage|p2a: Diamonds Tucked|0 fnt
|-unboost|p1a: Great Tusk|def|1
|-unboost|p1a: Great Tusk|spd|1
|-damage|p1a: Great Tusk|44/100|[from] item: Rocky Helmet|[of] p2a: Diamonds Tucked
|faint|p2a: Diamonds Tucked
|
|-weather|Sandstorm|[upkeep]
|-damage|p1a: Great Tusk|32/100|[from] Salt Cure
|upkeep
|
|t:|1743864653
|switch|p2a: Spin ona ghost|Excadrill, F|100/100
|-damage|p2a: Spin ona ghost|97/100|[from] Stealth Rock
|-item|p2a: Spin ona ghost|Air Balloon
|turn|15
|
|t:|1743864657
|-end|p1a: Great Tusk|Protosynthesis|[silent]
|switch|p1a: Corviknight|Corviknight, F|100/100
|-ability|p1a: Corviknight|Pressure
|move|p2a: Spin ona ghost|Rapid Spin|p1a: Corviknight
|-resisted|p1a: Corviknight
|-damage|p1a: Corviknight|94/100
|-boost|p2a: Spin ona ghost|spe|1
|-damage|p2a: Spin ona ghost|81/100|[from] item: Rocky Helmet|[of] p1a: Corviknight
|-sideend|p2: THRZ_Dayy|Stealth Rock|[from] move: Rapid Spin|[of] p2a: Spin ona ghost
|-sideend|p2: THRZ_Dayy|Sticky Web|[from] move: Rapid Spin|[of] p2a: Spin ona ghost
|
|-weather|Sandstorm|[upkeep]
|upkeep
|turn|16
|
|t:|1743864663
|switch|p2a: In the cut|Garganacl, F|87/100
|move|p1a: Corviknight|Brave Bird|p2a: In the cut
|-resisted|p2a: In the cut
|-damage|p2a: In the cut|75/100
|-damage|p1a: Corviknight|91/100|[from] Recoil
|
|-weather|Sandstorm|[upkeep]
|-heal|p2a: In the cut|82/100|[from] item: Leftovers
|upkeep
|turn|17
|
|t:|1743864665
|move|p1a: Corviknight|U-turn|p2a: In the cut
|-damage|p2a: In the cut|72/100
|
|t:|1743864669
|switch|p1a: Iron Valiant|Iron Valiant|100/100|[from] U-turn
|move|p2a: In the cut|Curse|p2a: In the cut
|-unboost|p2a: In the cut|spe|1
|-boost|p2a: In the cut|atk|1
|-boost|p2a: In the cut|def|1
|
|-weather|Sandstorm|[upkeep]
|-damage|p1a: Iron Valiant|94/100|[from] Sandstorm
|-heal|p2a: In the cut|78/100|[from] item: Leftovers
|upkeep
|turn|18
|
|t:|1743864674
|move|p1a: Iron Valiant|Close Combat|p2a: In the cut
|-supereffective|p2a: In the cut
|-damage|p2a: In the cut|34/100
|-unboost|p1a: Iron Valiant|def|1
|-unboost|p1a: Iron Valiant|spd|1
|move|p2a: In the cut|Salt Cure|p1a: Iron Valiant
|-resisted|p1a: Iron Valiant
|-damage|p1a: Iron Valiant|75/100
|-start|p1a: Iron Valiant|Salt Cure
|
|-weather|none
|-heal|p2a: In the cut|40/100|[from] item: Leftovers
|-damage|p1a: Iron Valiant|62/100|[from] Salt Cure
|upkeep
|turn|19
|
|t:|1743864692
|-terastallize|p2a: In the cut|Bug
|move|p1a: Iron Valiant|Close Combat|p2a: In the cut
|-resisted|p2a: In the cut
|-damage|p2a: In the cut|29/100
|-unboost|p1a: Iron Valiant|def|1
|-unboost|p1a: Iron Valiant|spd|1
|move|p2a: In the cut|Recover|p2a: In the cut
|-heal|p2a: In the cut|79/100
|
|-heal|p2a: In the cut|85/100|[from] item: Leftovers
|-damage|p1a: Iron Valiant|50/100|[from] Salt Cure
|upkeep
|turn|20
|
|t:|1743864698
|move|p1a: Iron Valiant|Moonblast|p2a: In the cut
|-damage|p2a: In the cut|51/100
|move|p2a: In the cut|Curse|p2a: In the cut
|-unboost|p2a: In the cut|spe|1
|-boost|p2a: In the cut|atk|1
|-boost|p2a: In the cut|def|1
|
|-heal|p2a: In the cut|57/100|[from] item: Leftovers
|-damage|p1a: Iron Valiant|37/100|[from] Salt Cure
|upkeep
|turn|21
|
|t:|1743864703
|-end|p1a: Iron Valiant|Quark Drive|[silent]
|switch|p1a: Corviknight|Corviknight, F|91/100
|-ability|p1a: Corviknight|Pressure
|move|p2a: In the cut|Recover|p2a: In the cut
|-heal|p2a: In the cut|100/100
|
|upkeep
|turn|22
|
|t:|1743864706
|move|p1a: Corviknight|U-turn|p2a: In the cut
|-damage|p2a: In the cut|96/100
|
|t:|1743864707
|switch|p1a: Kyurem|Kyurem|94/100|[from] U-turn
|-ability|p1a: Kyurem|Pressure
|move|p2a: In the cut|Salt Cure|p1a: Kyurem
|-supereffective|p1a: Kyurem
|-damage|p1a: Kyurem|42/100
|-start|p1a: Kyurem|Salt Cure
|
|-heal|p2a: In the cut|100/100|[from] item: Leftovers
|-damage|p1a: Kyurem|29/100|[from] Salt Cure
|upkeep
|turn|23
|
|t:|1743864711
|move|p1a: Kyurem|Ice Beam|p2a: In the cut
|-damage|p2a: In the cut|56/100
|move|p2a: In the cut|Curse|p2a: In the cut
|-unboost|p2a: In the cut|spe|1
|-boost|p2a: In the cut|atk|1
|-boost|p2a: In the cut|def|1
|
|-heal|p2a: In the cut|62/100|[from] item: Leftovers
|-damage|p1a: Kyurem|17/100|[from] Salt Cure
|upkeep
|turn|24
|
|t:|1743864714
|move|p1a: Kyurem|Ice Beam|p2a: In the cut
|-damage|p2a: In the cut|16/100
|move|p2a: In the cut|Recover|p2a: In the cut
|-heal|p2a: In the cut|66/100
|
|-heal|p2a: In the cut|72/100|[from] item: Leftovers
|-damage|p1a: Kyurem|5/100|[from] Salt Cure
|upkeep
|turn|25
|
|t:|1743864717
|move|p1a: Kyurem|Ice Beam|p2a: In the cut
|-damage|p2a: In the cut|24/100
|move|p2a: In the cut|Recover|p2a: In the cut
|-heal|p2a: In the cut|74/100
|
|-heal|p2a: In the cut|80/100|[from] item: Leftovers
|-damage|p1a: Kyurem|0 fnt|[from] Salt Cure
|faint|p1a: Kyurem
|upkeep
|
|t:|1743864721
|switch|p1a: Iron Valiant|Iron Valiant|37/100
|turn|26
|
|t:|1743864724
|-terastallize|p1a: Iron Valiant|Fairy
|move|p1a: Iron Valiant|Moonblast|p2a: In the cut
|-damage|p2a: In the cut|35/100
|move|p2a: In the cut|Earthquake|p1a: Iron Valiant
|-damage|p1a: Iron Valiant|0 fnt
|faint|p1a: Iron Valiant
|-end|p1a: Iron Valiant|Quark Drive|[silent]
|
|-heal|p2a: In the cut|41/100|[from] item: Leftovers
|upkeep
|
|t:|1743864728
|switch|p1a: Corviknight|Corviknight, F|91/100
|-ability|p1a: Corviknight|Pressure
|turn|27
|
|t:|1743864729
|move|p1a: Corviknight|Brave Bird|p2a: In the cut
|-supereffective|p2a: In the cut
|-damage|p2a: In the cut|23/100
|-damage|p1a: Corviknight|85/100|[from] Recoil
|move|p2a: In the cut|Recover|p2a: In the cut
|-heal|p2a: In the cut|73/100
|
|-heal|p2a: In the cut|79/100|[from] item: Leftovers
|upkeep
|turn|28
|-message|Khari forfeited.
|
|win|THRZ_Dayy
|raw|Khari's rating: 1515 &rarr; <strong>1501</strong><br />(-14 for losing)
|raw|THRZ_Dayy's rating: 1621 &rarr; <strong>1635</strong><br />(+14 for winning)
|l|☆Khari
|player|p1|
