|j|‽XIXINANA
|j|☆Thenix12
|t:|1743886225
|gametype|singles
|player|p1|XIXINANA|hilbert|1312
|player|p2|Thenix12|nurse|1338
|teamsize|p1|6
|teamsize|p2|6
|gen|9
|tier|[Gen 9] OU
|rated|
|rule|HP Percentage Mod: HP is shown in percentages
|rule|Endless Battle Clause: Forcing endless battles is banned
|rule|Species Clause: Limit one of each Pokémon
|rule|OHKO Clause: OHKO moves are banned
|rule|Evasion Items Clause: Evasion items are banned
|rule|Evasion Moves Clause: Evasion moves are banned
|rule|Sleep Moves Clause: Sleep-inducing moves are banned
|clearpoke
|poke|p1|Iron Valiant|
|poke|p1|Braviary, M|
|poke|p1|Enamorus-Therian, F|
|poke|p1|Articuno|
|poke|p1|Brute Bonnet|
|poke|p1|Magmortar, F|
|poke|p2|Emboar, M|
|poke|p2|Cinccino, F|
|poke|p2|Hydrapple, F|
|poke|p2|Iron Crown|
|poke|p2|Basculin-Blue-Striped, F|
|poke|p2|Clodsire, M|
|teampreview
|inactive|Battle timer is ON: inactive players will automatically lose when time's up. (requested by XIXINANA)
|
|t:|1743886241
|start
|switch|p1a: Articuno|Articuno|100/100
|switch|p2a: Basculin|Basculin-Blue-Striped, F|100/100
|-ability|p1a: Articuno|Pressure
|turn|1
|
|t:|1743886258
|switch|p2a: Iron Crown|Iron Crown|100/100
|-enditem|p2a: Iron Crown|Booster Energy
|-activate|p2a: Iron Crown|ability: Quark Drive|[fromitem]
|-start|p2a: Iron Crown|quarkdrivespa
|move|p1a: Articuno|Freeze-Dry|p2a: Iron Crown
|-resisted|p2a: Iron Crown
|-damage|p2a: Iron Crown|86/100
|
|upkeep
|turn|2
|
|t:|1743886270
|switch|p1a: Magmortar|Magmortar, F|100/100
|move|p2a: Iron Crown|Tachyon Cutter|p1a: Magmortar
|-resisted|p1a: Magmortar
|-damage|p1a: Magmortar|79/100
|-resisted|p1a: Magmortar
|-damage|p1a: Magmortar|60/100
|-hitcount|p1a: Magmortar|2
|
|upkeep
|turn|3
|
|t:|1743886279
|move|p2a: Iron Crown|Psychic|p1a: Magmortar
|-damage|p1a: Magmortar|0 fnt
|faint|p1a: Magmortar
|
|upkeep
|
|t:|1743886289
|switch|p1a: Brute Bonnet|Brute Bonnet|100/100
|turn|4
|
|t:|1743886294
|move|p2a: Iron Crown|Focus Blast|p1a: Brute Bonnet
|-supereffective|p1a: Brute Bonnet
|-damage|p1a: Brute Bonnet|13/100
|move|p1a: Brute Bonnet|Payback|p2a: Iron Crown
|-supereffective|p2a: Iron Crown
|-damage|p2a: Iron Crown|0 fnt
|faint|p2a: Iron Crown
|-end|p2a: Iron Crown|Quark Drive|[silent]
|-damage|p1a: Brute Bonnet|3/100|[from] item: Life Orb
|
|upkeep
|
|t:|1743886304
|switch|p2a: Basculin|Basculin-Blue-Striped, F|100/100
|turn|5
|
|t:|1743886307
|move|p1a: Brute Bonnet|Sucker Punch|p2a: Basculin
|-damage|p2a: Basculin|6/100
|-damage|p1a: Brute Bonnet|0 fnt|[from] item: Life Orb
|faint|p1a: Brute Bonnet
|-end|p1a: Brute Bonnet|Protosynthesis|[silent]
|move|p2a: Basculin|Tera Blast|p1: Brute Bonnet|[notarget]
|-fail|p2a: Basculin
|
|upkeep
|
|t:|1743886327
|switch|p1a: Iron Valiant|Iron Valiant|100/100
|turn|6
|
|t:|1743886334
|move|p2a: Basculin|Aqua Jet|p1a: Iron Valiant
|-crit|p1a: Iron Valiant
|-damage|p1a: Iron Valiant|65/100
|move|p1a: Iron Valiant|Psychic|p2a: Basculin
|-damage|p2a: Basculin|0 fnt
|faint|p2a: Basculin
|-damage|p1a: Iron Valiant|56/100|[from] item: Life Orb
|
|upkeep
|
|t:|1743886347
|switch|p2a: Emboar|Emboar, M|100/100
|turn|7
|
|t:|1743886368
|-terastallize|p2a: Emboar|Dark
|move|p1a: Iron Valiant|Psychic|p2a: Emboar
|-immune|p2a: Emboar
|move|p2a: Emboar|Flare Blitz|p1a: Iron Valiant
|-damage|p1a: Iron Valiant|0 fnt
|faint|p1a: Iron Valiant
|-end|p1a: Iron Valiant|Quark Drive|[silent]
|-damage|p2a: Emboar|87/100|[from] Recoil
|
|upkeep
|inactive|XIXINANA has 120 seconds left.
|
|t:|1743886387
|switch|p1a: Enamorus|Enamorus-Therian, F|100/100
|turn|8
|
|t:|1743886396
|switch|p2a: Clodsire|Clodsire, M|100/100
|move|p1a: Enamorus|Moonblast|p2a: Clodsire
|-resisted|p2a: Clodsire
|-damage|p2a: Clodsire|86/100
|-unboost|p2a: Clodsire|spa|1
|
|-heal|p2a: Clodsire|92/100|[from] item: Leftovers
|upkeep
|turn|9
|
|t:|1743886407
|move|p1a: Enamorus|Earth Power|p2a: Clodsire
|-supereffective|p2a: Clodsire
|-damage|p2a: Clodsire|57/100
|move|p2a: Clodsire|Stealth Rock|p1a: Enamorus
|-sidestart|p1: XIXINANA|move: Stealth Rock
|
|-heal|p2a: Clodsire|63/100|[from] item: Leftovers
|upkeep
|turn|10
|
|t:|1743886414
|move|p1a: Enamorus|Earth Power|p2a: Clodsire
|-supereffective|p2a: Clodsire
|-damage|p2a: Clodsire|27/100
|move|p2a: Clodsire|Recover|p2a: Clodsire
|-heal|p2a: Clodsire|77/100
|
|-heal|p2a: Clodsire|83/100|[from] item: Leftovers
|upkeep
|turn|11
|
|t:|1743886418
|move|p1a: Enamorus|Earth Power|p2a: Clodsire
|-supereffective|p2a: Clodsire
|-damage|p2a: Clodsire|44/100
|move|p2a: Clodsire|Toxic|p1a: Enamorus
|-status|p1a: Enamorus|tox
|
|-heal|p2a: Clodsire|51/100|[from] item: Leftovers
|-damage|p1a: Enamorus|94/100 tox|[from] psn
|upkeep
|turn|12
|
|t:|1743886428
|move|p1a: Enamorus|Earth Power|p2a: Clodsire
|-supereffective|p2a: Clodsire
|-damage|p2a: Clodsire|15/100
|move|p2a: Clodsire|Recover|p2a: Clodsire
|-heal|p2a: Clodsire|65/100
|
|-heal|p1a: Enamorus|100/100 tox|[from] item: Leftovers
|-heal|p2a: Clodsire|71/100|[from] item: Leftovers
|-damage|p1a: Enamorus|88/100 tox|[from] psn
|upkeep
|turn|13
|
|t:|1743886452
|switch|p1a: Braviary|Braviary, M|100/100
|-damage|p1a: Braviary|76/100|[from] Stealth Rock
|move|p2a: Clodsire|Recover|p2a: Clodsire
|-heal|p2a: Clodsire|100/100
|
|upkeep
|turn|14
|
|t:|1743886470
|-terastallize|p1a: Braviary|Normal
|move|p1a: Braviary|Body Slam|p2a: Clodsire
|-damage|p2a: Clodsire|0 fnt
|faint|p2a: Clodsire
|
|upkeep
|
|t:|1743886477
|switch|p2a: Hydrapple|Hydrapple, F|100/100
|turn|15
|
|t:|1743886483
|move|p1a: Braviary|Brave Bird|p2a: Hydrapple
|-supereffective|p2a: Hydrapple
|-damage|p2a: Hydrapple|6/100
|-damage|p1a: Braviary|59/100|[from] item: Rocky Helmet|[of] p2a: Hydrapple
|-damage|p1a: Braviary|21/100|[from] Recoil
|-damage|p1a: Braviary|11/100|[from] item: Life Orb
|move|p2a: Hydrapple|Body Press|p1a: Braviary
|-supereffective|p1a: Braviary
|-damage|p1a: Braviary|0 fnt
|faint|p1a: Braviary
|
|upkeep
|
|t:|1743886497
|switch|p1a: Articuno|Articuno|100/100
|-damage|p1a: Articuno|51/100|[from] Stealth Rock
|-ability|p1a: Articuno|Pressure
|turn|16
|
|t:|1743886501
|move|p1a: Articuno|Agility|p1a: Articuno
|-boost|p1a: Articuno|spe|2
|move|p2a: Hydrapple|Body Press|p1a: Articuno
|-damage|p1a: Articuno|19/100
|
|upkeep
|turn|17
|
|t:|1743886510
|move|p1a: Articuno|Freeze-Dry|p2a: Hydrapple
|-supereffective|p2a: Hydrapple
|-damage|p2a: Hydrapple|0 fnt
|faint|p2a: Hydrapple
|
|upkeep
|
|t:|1743886513
|switch|p2a: Emboar|Emboar, M, tera:Dark|87/100
|turn|18
|
|t:|1743886517
|move|p2a: Emboar|Sucker Punch|p1a: Articuno
|-damage|p1a: Articuno|0 fnt
|faint|p1a: Articuno
|
|upkeep
|
|t:|1743886521
|switch|p1a: Enamorus|Enamorus-Therian, F|88/100 tox
|-damage|p1a: Enamorus|64/100 tox|[from] Stealth Rock
|turn|19
|
|t:|1743886526
|switch|p2a: Cinccino|Cinccino, F|100/100
|move|p1a: Enamorus|Moonblast|p2a: Cinccino
|-damage|p2a: Cinccino|0 fnt
|faint|p2a: Cinccino
|
|-heal|p1a: Enamorus|70/100 tox|[from] item: Leftovers
|-damage|p1a: Enamorus|64/100 tox|[from] psn
|upkeep
|
|t:|1743886532
|switch|p2a: Emboar|Emboar, M, tera:Dark|87/100
|turn|20
|
|t:|1743886536
|move|p2a: Emboar|Flare Blitz|p1a: Enamorus
|-damage|p1a: Enamorus|0 fnt
|faint|p1a: Enamorus
|-damage|p2a: Emboar|69/100|[from] Recoil
|
|win|Thenix12
|raw|XIXINANA's rating: 1291 &rarr; <strong>1269</strong><br />(-22 for losing)
|raw|Thenix12's rating: 1338 &rarr; <strong>1355</strong><br />(+17 for winning)
|l|‽XIXINANA
|player|p1|
|c|☆Thenix12|gg
|l|☆Thenix12
|player|p2|
