|j|☆brodiewhaat.
|j|☆ian_yo
|t:|1743808074
|gametype|singles
|player|p1|brodiewhaat.|bugcatcher-gen4dp|1471
|player|p2|ian_yo|skier|1501
|teamsize|p1|6
|teamsize|p2|6
|gen|9
|tier|[Gen 9] OU
|rated|
|rule|HP Percentage Mod: HP is shown in percentages
|rule|Endless Battle Clause: Forcing endless battles is banned
|rule|Species Clause: Limit one of each Pokémon
|rule|OHKO Clause: OHKO moves are banned
|rule|Evasion Items Clause: Evasion items are banned
|rule|Evasion Moves Clause: Evasion moves are banned
|rule|Sleep Moves Clause: Sleep-inducing moves are banned
|clearpoke
|poke|p1|Pelipper, M|
|poke|p1|Golduck, M|
|poke|p1|Barraskewda, M|
|poke|p1|Zapdos|
|poke|p1|Weezing-Galar, M|
|poke|p1|Goodra-Hisui, M|
|poke|p2|Torkoal, M|
|poke|p2|Klefki, M|
|poke|p2|Hatterene, F|
|poke|p2|Cresselia, F|
|poke|p2|Rabsca, M|
|poke|p2|Toedscruel, F|
|teampreview
|inactive|Battle timer is ON: inactive players will automatically lose when time's up. (requested by ian_yo)
|inactive|brodiewhaat. also wants the timer to be on.
|c|☆brodiewhaat.|no ursaluna for this type of team is so absurd im boutta get goobed
|inactive|brodiewhaat. has 120 seconds left.
|
|t:|1743808121
|start
|switch|p1a: Pelipper|Pelipper, M|100/100
|switch|p2a: Klefki|Klefki, M|100/100
|-weather|RainDance|[from] ability: Drizzle|[of] p1a: Pelipper
|turn|1
|
|t:|1743808133
|switch|p1a: Goodra|Goodra-Hisui, M|100/100
|move|p2a: Klefki|Trick Room|p2a: Klefki
|-fieldstart|move: Trick Room|[of] p2a: Klefki
|
|-weather|RainDance|[upkeep]
|upkeep
|turn|2
|
|t:|1743808158
|move|p2a: Klefki|Spikes|p1a: Goodra
|-sidestart|p1: brodiewhaat.|Spikes
|move|p1a: Goodra|Knock Off|p2a: Klefki
|-resisted|p2a: Klefki
|-damage|p2a: Klefki|88/100
|-enditem|p2a: Klefki|Focus Sash|[from] move: Knock Off|[of] p1a: Goodra
|
|-weather|RainDance|[upkeep]
|upkeep
|turn|3
|c|☆brodiewhaat.|o
|c|☆brodiewhaat.|not screens
|
|t:|1743808175
|move|p2a: Klefki|Spikes|p1a: Goodra
|-sidestart|p1: brodiewhaat.|Spikes
|move|p1a: Goodra|Flash Cannon|p2a: Klefki
|-crit|p2a: Klefki
|-damage|p2a: Klefki|39/100
|
|-weather|RainDance|[upkeep]
|upkeep
|turn|4
|
|t:|1743808181
|move|p2a: Klefki|Calm Mind|p2a: Klefki
|-boost|p2a: Klefki|spa|1
|-boost|p2a: Klefki|spd|1
|move|p1a: Goodra|Flash Cannon|p2a: Klefki
|-damage|p2a: Klefki|14/100
|
|-weather|RainDance|[upkeep]
|upkeep
|turn|5
|
|t:|1743808187
|move|p2a: Klefki|Spikes|p1a: Goodra
|-sidestart|p1: brodiewhaat.|Spikes
|move|p1a: Goodra|Flash Cannon|p2a: Klefki
|-damage|p2a: Klefki|0 fnt
|faint|p2a: Klefki
|
|-weather|RainDance|[upkeep]
|-fieldend|move: Trick Room
|upkeep
|
|t:|1743808191
|switch|p2a: Torkoal|Torkoal, M|100/100
|-weather|SunnyDay|[from] ability: Drought|[of] p2a: Torkoal
|turn|6
|
|t:|1743808196
|switch|p2a: Toedscruel|Toedscruel, F|100/100
|move|p1a: Goodra|Draco Meteor|p2a: Toedscruel
|-damage|p2a: Toedscruel|64/100
|-unboost|p1a: Goodra|spa|2
|
|-weather|SunnyDay|[upkeep]
|upkeep
|turn|7
|
|t:|1743808200
|switch|p1a: Weezing|Weezing-Galar, M|100/100
|move|p2a: Toedscruel|Trick Room|p2a: Toedscruel
|-fieldstart|move: Trick Room|[of] p2a: Toedscruel
|
|-weather|SunnyDay|[upkeep]
|upkeep
|turn|8
|
|t:|1743808204
|switch|p2a: Torkoal|Torkoal, M|100/100
|move|p1a: Weezing|Defog|p2a: Torkoal
|-unboost|p2a: Torkoal|evasion|1
|-sideend|p1: brodiewhaat.|Spikes|[from] move: Defog|[of] p1a: Weezing
|
|-weather|SunnyDay|[upkeep]
|upkeep
|turn|9
|
|t:|1743808210
|switch|p1a: Pelipper|Pelipper, M|100/100
|-weather|RainDance|[from] ability: Drizzle|[of] p1a: Pelipper
|-terastallize|p2a: Torkoal|Fire
|move|p2a: Torkoal|Eruption|p1a: Pelipper
|-resisted|p1a: Pelipper
|-damage|p1a: Pelipper|59/100
|
|-weather|RainDance|[upkeep]
|upkeep
|turn|10
|
|t:|1743808215
|switch|p2a: Toedscruel|Toedscruel, F|64/100
|move|p1a: Pelipper|Roost|p1a: Pelipper
|-heal|p1a: Pelipper|100/100
|-singleturn|p1a: Pelipper|move: Roost
|
|-weather|RainDance|[upkeep]
|upkeep
|turn|11
|
|t:|1743808226
|move|p1a: Pelipper|Hurricane|p2a: Toedscruel
|-supereffective|p2a: Toedscruel
|-damage|p2a: Toedscruel|0 fnt
|faint|p2a: Toedscruel
|
|-weather|RainDance|[upkeep]
|-fieldend|move: Trick Room
|upkeep
|-message|ian_yo forfeited.
|
|win|brodiewhaat.
|raw|brodiewhaat.'s rating: 1471 &rarr; <strong>1493</strong><br />(+22 for winning)
|raw|ian_yo's rating: 1501 &rarr; <strong>1479</strong><br />(-22 for losing)
|l|☆ian_yo
|player|p2|
|l|☆brodiewhaat.
|player|p1|
