|j|☆clail
|j|☆chip witley
|t:|1743874331
|gametype|singles
|player|p1|clail|265|1715
|player|p2|chip witley|lance|1675
|teamsize|p1|6
|teamsize|p2|6
|gen|9
|tier|[Gen 9] OU
|rated|
|rule|HP Percentage Mod: HP is shown in percentages
|rule|Endless Battle Clause: Forcing endless battles is banned
|rule|Species Clause: Limit one of each Pokémon
|rule|OHKO Clause: OHKO moves are banned
|rule|Evasion Items Clause: Evasion items are banned
|rule|Evasion Moves Clause: Evasion moves are banned
|rule|Sleep Moves Clause: Sleep-inducing moves are banned
|clearpoke
|poke|p1|Ceruledge, M|
|poke|p1|Gholdengo|
|poke|p1|Ribombee, M|
|poke|p1|Great Tusk|
|poke|p1|Ogerpon-Wellspring, F|
|poke|p1|Glimmora, F|
|poke|p2|Mabosstiff, F|
|poke|p2|Slowking-Galar, M|
|poke|p2|Zapdos|
|poke|p2|Kyurem|
|poke|p2|Zamazenta-*|
|poke|p2|Iron Treads|
|teampreview
|
|t:|1743874335
|start
|switch|p1a: Ogerpon|Ogerpon-Wellspring, F|100/100
|switch|p2a: Iron Treads|Iron Treads|100/100
|-enditem|p2a: Iron Treads|Booster Energy
|-activate|p2a: Iron Treads|ability: Quark Drive|[fromitem]
|-start|p2a: Iron Treads|quarkdrivespe
|turn|1
|
|t:|1743874337
|move|p2a: Iron Treads|Stealth Rock|p1a: Ogerpon
|-sidestart|p1: clail|move: Stealth Rock
|move|p1a: Ogerpon|Ivy Cudgel|p2a: Iron Treads|[anim] Ivy Cudgel Water
|-supereffective|p2a: Iron Treads
|-damage|p2a: Iron Treads|0 fnt
|faint|p2a: Iron Treads
|-end|p2a: Iron Treads|Quark Drive|[silent]
|
|upkeep
|
|t:|1743874342
|switch|p2a: Kyurem|Kyurem|100/100
|-ability|p2a: Kyurem|Pressure
|turn|2
|
|t:|1743874344
|move|p1a: Ogerpon|U-turn|p2a: Kyurem
|-damage|p2a: Kyurem|73/100
|
|t:|1743874347
|switch|p1a: Ceruledge|Ceruledge, M|100/100|[from] U-turn
|move|p2a: Kyurem|Freeze-Dry|p1a: Ceruledge
|-resisted|p1a: Ceruledge
|-damage|p1a: Ceruledge|70/100
|
|upkeep
|turn|3
|
|t:|1743874354
|switch|p2a: Zapdos|Zapdos|100/100
|move|p1a: Ceruledge|Poltergeist|p2a: Zapdos
|-activate|p2a: Zapdos|move: Poltergeist|Heavy-Duty Boots
|-damage|p2a: Zapdos|59/100
|
|upkeep
|turn|4
|
|t:|1743874358
|move|p1a: Ceruledge|Swords Dance|p1a: Ceruledge
|-boost|p1a: Ceruledge|atk|2
|move|p2a: Zapdos|Thunder Wave|p1a: Ceruledge
|-status|p1a: Ceruledge|par
|
|upkeep
|turn|5
|
|t:|1743874361
|move|p2a: Zapdos|Volt Switch|p1a: Ceruledge
|-damage|p1a: Ceruledge|36/100 par
|
|t:|1743874363
|switch|p2a: Zamazenta|Zamazenta|100/100|[from] Volt Switch
|-ability|p2a: Zamazenta|Dauntless Shield|boost
|-boost|p2a: Zamazenta|def|1
|move|p1a: Ceruledge|Poltergeist|p2a: Zamazenta
|-activate|p2a: Zamazenta|move: Poltergeist|Heavy-Duty Boots
|-damage|p2a: Zamazenta|31/100
|
|upkeep
|turn|6
|
|t:|1743874367
|move|p1a: Ceruledge|Shadow Sneak|p2a: Zamazenta
|-damage|p2a: Zamazenta|4/100
|move|p2a: Zamazenta|Crunch|p1a: Ceruledge
|-supereffective|p1a: Ceruledge
|-damage|p1a: Ceruledge|0 fnt
|faint|p1a: Ceruledge
|
|upkeep
|
|t:|1743874371
|switch|p1a: Great Tusk|Great Tusk|100/100
|-damage|p1a: Great Tusk|98/100|[from] Stealth Rock
|turn|7
|
|t:|1743874379
|switch|p2a: Zapdos|Zapdos|59/100
|move|p1a: Great Tusk|Rapid Spin|p2a: Zapdos
|-damage|p2a: Zapdos|47/100
|-boost|p1a: Great Tusk|spe|1
|-sideend|p1: clail|Stealth Rock|[from] move: Rapid Spin|[of] p1a: Great Tusk
|
|upkeep
|turn|8
|
|t:|1743874383
|-end|p1a: Great Tusk|Protosynthesis|[silent]
|switch|p1a: Glimmora|Glimmora, F|100/100
|move|p2a: Zapdos|Roost|p2a: Zapdos
|-heal|p2a: Zapdos|97/100
|-singleturn|p2a: Zapdos|move: Roost
|
|upkeep
|turn|9
|
|t:|1743874385
|switch|p2a: Slowking|Slowking-Galar, M|100/100
|move|p1a: Glimmora|Stealth Rock|p2a: Slowking
|-sidestart|p2: chip witley|move: Stealth Rock
|
|upkeep
|turn|10
|
|t:|1743874388
|move|p1a: Glimmora|Meteor Beam||[still]
|-prepare|p1a: Glimmora|Meteor Beam
|-boost|p1a: Glimmora|spa|1
|-enditem|p1a: Glimmora|Power Herb
|-anim|p1a: Glimmora|Meteor Beam|p2a: Slowking|[miss]
|-miss|p1a: Glimmora|p2a: Slowking
|move|p2a: Slowking|Thunder Wave|p1a: Glimmora
|-status|p1a: Glimmora|par
|
|upkeep
|turn|11
|
|t:|1743874392
|move|p1a: Glimmora|Earth Power|p2a: Slowking
|-supereffective|p2a: Slowking
|-damage|p2a: Slowking|48/100
|move|p2a: Slowking|Psychic Noise|p1a: Glimmora
|-supereffective|p1a: Glimmora
|-damage|p1a: Glimmora|28/100 par
|-start|p1a: Glimmora|move: Heal Block
|
|upkeep
|turn|12
|
|t:|1743874397
|switch|p2a: Mabosstiff|Mabosstiff, F|100/100
|-damage|p2a: Mabosstiff|88/100|[from] Stealth Rock
|cant|p1a: Glimmora|par
|
|-end|p1a: Glimmora|move: Heal Block
|upkeep
|turn|13
|
|t:|1743874402
|move|p2a: Mabosstiff|Psychic Fangs|p1a: Glimmora
|-supereffective|p1a: Glimmora
|-damage|p1a: Glimmora|0 fnt
|-activate|p1a: Glimmora|ability: Toxic Debris
|-sidestart|p2: chip witley|move: Toxic Spikes
|faint|p1a: Glimmora
|
|upkeep
|
|t:|1743874405
|switch|p1a: Ribombee|Ribombee, M|100/100
|turn|14
|
|t:|1743874413
|switch|p1a: Gholdengo|Gholdengo|100/100
|-item|p1a: Gholdengo|Air Balloon
|switch|p2a: Slowking|Slowking-Galar, M|81/100
|-sideend|p2: chip witley|move: Toxic Spikes|[of] p2a: Slowking
|
|upkeep
|turn|15
|
|t:|1743874418
|switch|p2a: Mabosstiff|Mabosstiff, F|88/100
|-damage|p2a: Mabosstiff|76/100|[from] Stealth Rock
|move|p1a: Gholdengo|Nasty Plot|p1a: Gholdengo
|-boost|p1a: Gholdengo|spa|2
|
|upkeep
|turn|16
|
|t:|1743874421
|move|p2a: Mabosstiff|Crunch|p1a: Gholdengo
|-supereffective|p1a: Gholdengo
|-damage|p1a: Gholdengo|0 fnt
|-enditem|p1a: Gholdengo|Air Balloon
|faint|p1a: Gholdengo
|
|upkeep
|
|t:|1743874424
|switch|p1a: Great Tusk|Great Tusk|98/100
|turn|17
|
|t:|1743874428
|switch|p2a: Zapdos|Zapdos|97/100
|move|p1a: Great Tusk|Close Combat|p2a: Zapdos
|-resisted|p2a: Zapdos
|-damage|p2a: Zapdos|76/100
|-unboost|p1a: Great Tusk|def|1
|-unboost|p1a: Great Tusk|spd|1
|-status|p1a: Great Tusk|par|[from] ability: Static|[of] p2a: Zapdos
|
|upkeep
|turn|18
|
|t:|1743874431
|-end|p1a: Great Tusk|Protosynthesis|[silent]
|switch|p1a: Ribombee|Ribombee, M|100/100
|move|p2a: Zapdos|Hurricane|p1a: Ribombee
|-supereffective|p1a: Ribombee
|-enditem|p1a: Ribombee|Focus Sash
|-damage|p1a: Ribombee|1/100
|
|upkeep
|turn|19
|
|t:|1743874434
|switch|p2a: Slowking|Slowking-Galar, M|100/100
|move|p1a: Ribombee|Moonblast|p2a: Slowking
|-resisted|p2a: Slowking
|-damage|p2a: Slowking|88/100
|-unboost|p2a: Slowking|spa|1
|
|upkeep
|turn|20
|-message|clail forfeited.
|
|win|chip witley
|raw|clail's rating: 1715 &rarr; <strong>1693</strong><br />(-22 for losing)
|raw|chip witley's rating: 1675 &rarr; <strong>1697</strong><br />(+22 for winning)
|l|☆clail
|player|p1|
