|j|☆Scizzor97
|j|☆TeaPause
|t:|1743886729
|gametype|singles
|player|p1|Scizzor97|101|1384
|player|p2|TeaPause|waiter|1398
|teamsize|p1|6
|teamsize|p2|6
|gen|9
|tier|[Gen 9] OU
|rated|
|rule|HP Percentage Mod: HP is shown in percentages
|rule|Endless Battle Clause: Forcing endless battles is banned
|rule|Species Clause: Limit one of each Pokémon
|rule|OHKO Clause: OHKO moves are banned
|rule|Evasion Items Clause: Evasion items are banned
|rule|Evasion Moves Clause: Evasion moves are banned
|rule|Sleep Moves Clause: Sleep-inducing moves are banned
|clearpoke
|poke|p1|Iron Hands|
|poke|p1|Tatsugiri-Stretchy, M|
|poke|p1|Corviknight, F|
|poke|p1|Coalossal, F|
|poke|p1|Dragapult, F|
|poke|p1|Toxicroak, M|
|poke|p2|Scyther, M|
|poke|p2|Great Tusk|
|poke|p2|Magnezone|
|poke|p2|Weavile, F|
|poke|p2|Slowking, M|
|poke|p2|Iron Valiant|
|teampreview
|inactive|Battle timer is ON: inactive players will automatically lose when time's up. (requested by TeaPause)
|
|t:|1743886743
|start
|switch|p1a: Dragapult|Dragapult, F|100/100
|switch|p2a: Magnezone|Magnezone|100/100
|turn|1
|
|t:|1743886749
|move|p1a: Dragapult|U-turn|p2a: Magnezone
|-resisted|p2a: Magnezone
|-damage|p2a: Magnezone|95/100
|
|t:|1743886751
|switch|p1a: Iron Hands|Iron Hands, shiny|100/100|[from] U-turn
|move|p2a: Magnezone|Flash Cannon|p1a: Iron Hands
|-resisted|p1a: Iron Hands
|-damage|p1a: Iron Hands|82/100
|-unboost|p1a: Iron Hands|spd|1
|
|upkeep
|turn|2
|
|t:|1743886765
|-terastallize|p2a: Magnezone|Ground
|move|p2a: Magnezone|Tera Blast|p1a: Iron Hands|[anim] Tera Blast Ground
|-supereffective|p1a: Iron Hands
|-damage|p1a: Iron Hands|0 fnt
|faint|p1a: Iron Hands
|-end|p1a: Iron Hands|Quark Drive|[silent]
|
|upkeep
|
|t:|1743886771
|switch|p1a: Tatsugiri|Tatsugiri-Stretchy, M, shiny|100/100
|turn|3
|
|t:|1743886777
|move|p1a: Tatsugiri|Surf|p2a: Magnezone
|-supereffective|p2a: Magnezone
|-damage|p2a: Magnezone|21/100
|move|p2a: Magnezone|Volt Switch|p1a: Tatsugiri
|-damage|p1a: Tatsugiri|41/100
|
|t:|1743886786
|switch|p2a: Iron Valiant|Iron Valiant|100/100|[from] Volt Switch
|
|upkeep
|turn|4
|
|t:|1743886791
|move|p2a: Iron Valiant|Trick|p1a: Tatsugiri
|-activate|p2a: Iron Valiant|move: Trick|[of] p1a: Tatsugiri
|-item|p1a: Tatsugiri|Choice Scarf|[from] move: Trick
|-item|p2a: Iron Valiant|Focus Sash|[from] move: Trick
|move|p1a: Tatsugiri|Surf|p2a: Iron Valiant
|-damage|p2a: Iron Valiant|11/100
|
|upkeep
|turn|5
|
|t:|1743886799
|-end|p2a: Iron Valiant|Quark Drive|[silent]
|switch|p2a: Slowking|Slowking, M|100/100
|move|p1a: Tatsugiri|Surf|p2a: Slowking
|-resisted|p2a: Slowking
|-damage|p2a: Slowking|85/100
|
|upkeep
|turn|6
|
|t:|1743886807
|switch|p1a: Dragapult|Dragapult, F|100/100
|move|p2a: Slowking|Future Sight|p1a: Dragapult
|-start|p2a: Slowking|move: Future Sight
|
|upkeep
|turn|7
|
|t:|1743886811
|move|p1a: Dragapult|Shadow Ball|p2a: Slowking
|-supereffective|p2a: Slowking
|-damage|p2a: Slowking|13/100
|-prepare|p2a: Slowking|Chilly Reception|[premajor]
|move|p2a: Slowking|Chilly Reception|p2a: Slowking
|-weather|Snowscape
|
|t:|1743886817
|switch|p2a: Weavile|Weavile, F|100/100|[from] Chilly Reception
|-ability|p2a: Weavile|Pressure
|
|-weather|Snowscape|[upkeep]
|upkeep
|turn|8
|
|t:|1743886823
|switch|p1a: Corviknight|Corviknight, F, shiny|100/100
|-ability|p1a: Corviknight|Pressure
|move|p2a: Weavile|Knock Off|p1a: Corviknight
|-damage|p1a: Corviknight|62/100
|-damage|p2a: Weavile|84/100|[from] item: Rocky Helmet|[of] p1a: Corviknight
|-enditem|p1a: Corviknight|Rocky Helmet|[from] move: Knock Off|[of] p2a: Weavile
|-damage|p2a: Weavile|74/100|[from] item: Life Orb
|
|-weather|Snowscape|[upkeep]
|-end|p1a: Corviknight|move: Future Sight
|-resisted|p1a: Corviknight
|-damage|p1a: Corviknight|41/100
|upkeep
|turn|9
|
|t:|1743886837
|switch|p2a: Slowking|Slowking, M|46/100
|move|p1a: Corviknight|Roost|p1a: Corviknight
|-heal|p1a: Corviknight|91/100
|-singleturn|p1a: Corviknight|move: Roost
|
|-weather|Snowscape|[upkeep]
|upkeep
|turn|10
|
|t:|1743886844
|move|p1a: Corviknight|Brave Bird|p2a: Slowking
|-damage|p2a: Slowking|10/100
|-damage|p1a: Corviknight|74/100|[from] item: Rocky Helmet|[of] p2a: Slowking
|-damage|p1a: Corviknight|64/100|[from] Recoil
|move|p2a: Slowking|Future Sight|p1a: Corviknight
|-start|p2a: Slowking|move: Future Sight
|
|-weather|Snowscape|[upkeep]
|upkeep
|turn|11
|
|t:|1743886854
|switch|p2a: Great Tusk|Great Tusk|100/100
|-enditem|p2a: Great Tusk|Booster Energy
|-activate|p2a: Great Tusk|ability: Protosynthesis|[fromitem]
|-start|p2a: Great Tusk|protosynthesisatk
|move|p1a: Corviknight|Brave Bird|p2a: Great Tusk
|-supereffective|p2a: Great Tusk
|-damage|p2a: Great Tusk|46/100
|-damage|p1a: Corviknight|47/100|[from] Recoil
|
|-weather|none
|upkeep
|turn|12
|
|t:|1743886865
|move|p2a: Great Tusk|Temper Flare|p1a: Corviknight
|-supereffective|p1a: Corviknight
|-damage|p1a: Corviknight|8/100
|move|p1a: Corviknight|Roost|p1a: Corviknight
|-heal|p1a: Corviknight|58/100
|-singleturn|p1a: Corviknight|move: Roost
|
|-end|p1a: Corviknight|move: Future Sight
|-resisted|p1a: Corviknight
|-damage|p1a: Corviknight|40/100
|upkeep
|turn|13
|
|t:|1743886876
|move|p2a: Great Tusk|Close Combat|p1a: Corviknight
|-damage|p1a: Corviknight|0 fnt
|-unboost|p2a: Great Tusk|def|1
|-unboost|p2a: Great Tusk|spd|1
|faint|p1a: Corviknight
|
|upkeep
|
|t:|1743886881
|switch|p1a: Dragapult|Dragapult, F|100/100
|turn|14
|
|t:|1743886890
|move|p1a: Dragapult|Shadow Ball|p2a: Great Tusk
|-damage|p2a: Great Tusk|0 fnt
|faint|p2a: Great Tusk
|-end|p2a: Great Tusk|Protosynthesis|[silent]
|
|upkeep
|
|t:|1743886895
|switch|p2a: Weavile|Weavile, F|74/100
|-ability|p2a: Weavile|Pressure
|turn|15
|
|t:|1743886902
|switch|p1a: Tatsugiri|Tatsugiri-Stretchy, M, shiny|41/100
|move|p2a: Weavile|Knock Off|p1a: Tatsugiri
|-damage|p1a: Tatsugiri|0 fnt
|-enditem|p1a: Tatsugiri|Choice Scarf|[from] move: Knock Off|[of] p2a: Weavile
|faint|p1a: Tatsugiri
|-damage|p2a: Weavile|64/100|[from] item: Life Orb
|
|upkeep
|
|t:|1743886904
|switch|p1a: Toxicroak|Toxicroak, M, shiny|100/100
|turn|16
|
|t:|1743886914
|switch|p2a: Slowking|Slowking, M|44/100
|move|p1a: Toxicroak|Drain Punch|p2a: Slowking
|-resisted|p2a: Slowking
|-damage|p2a: Slowking|29/100
|-damage|p1a: Toxicroak|84/100|[from] item: Rocky Helmet|[of] p2a: Slowking
|
|upkeep
|turn|17
|
|t:|1743886922
|move|p1a: Toxicroak|Poison Jab|p2a: Slowking
|-damage|p2a: Slowking|0 fnt
|-damage|p1a: Toxicroak|67/100|[from] item: Rocky Helmet|[of] p2a: Slowking
|faint|p2a: Slowking
|
|upkeep
|
|t:|1743886928
|switch|p2a: Scyther|Scyther, M|100/100
|turn|18
|
|t:|1743886933
|move|p2a: Scyther|Swords Dance|p2a: Scyther
|-boost|p2a: Scyther|atk|2
|move|p1a: Toxicroak|Poison Jab|p2a: Scyther
|-damage|p2a: Scyther|67/100
|
|upkeep
|turn|19
|
|t:|1743886938
|move|p2a: Scyther|Dual Wingbeat|p1a: Toxicroak
|-supereffective|p1a: Toxicroak
|-damage|p1a: Toxicroak|0 fnt
|faint|p1a: Toxicroak
|-hitcount|p1: Toxicroak|1
|
|upkeep
|
|t:|1743886941
|switch|p1a: Coalossal|Coalossal, F, shiny|100/100
|turn|20
|
|t:|1743886950
|move|p2a: Scyther|Dual Wingbeat|p1a: Coalossal
|-resisted|p1a: Coalossal
|-damage|p1a: Coalossal|80/100
|-resisted|p1a: Coalossal
|-damage|p1a: Coalossal|57/100
|-hitcount|p1a: Coalossal|2
|move|p1a: Coalossal|Will-O-Wisp|p2a: Scyther
|-status|p2a: Scyther|brn
|
|-damage|p2a: Scyther|61/100 brn|[from] brn
|upkeep
|turn|21
|
|t:|1743886962
|move|p2a: Scyther|Dual Wingbeat|p1a: Coalossal
|-resisted|p1a: Coalossal
|-damage|p1a: Coalossal|46/100
|-resisted|p1a: Coalossal
|-damage|p1a: Coalossal|36/100
|-hitcount|p1a: Coalossal|2
|move|p1a: Coalossal|Meteor Beam||[still]
|-prepare|p1a: Coalossal|Meteor Beam
|-boost|p1a: Coalossal|spa|1
|-enditem|p1a: Coalossal|Power Herb
|-anim|p1a: Coalossal|Meteor Beam|p2a: Scyther
|-supereffective|p2a: Scyther
|-damage|p2a: Scyther|0 fnt
|faint|p2a: Scyther
|
|upkeep
|
|t:|1743886977
|switch|p2a: Magnezone|Magnezone, tera:Ground|21/100
|turn|22
|
|t:|1743886983
|move|p1a: Coalossal|Scald|p2a: Magnezone
|-supereffective|p2a: Magnezone
|-damage|p2a: Magnezone|0 fnt
|faint|p2a: Magnezone
|
|upkeep
|
|t:|1743886989
|switch|p2a: Iron Valiant|Iron Valiant|11/100
|turn|23
|
|t:|1743886992
|move|p2a: Iron Valiant|Drain Punch|p1a: Coalossal
|-supereffective|p1a: Coalossal
|-damage|p1a: Coalossal|0 fnt
|-heal|p2a: Iron Valiant|33/100|[from] drain|[of] p1a: Coalossal
|faint|p1a: Coalossal
|
|upkeep
|
|t:|1743886995
|switch|p1a: Dragapult|Dragapult, F|100/100
|turn|24
|
|t:|1743887002
|-terastallize|p1a: Dragapult|Fire
|move|p1a: Dragapult|Fire Blast|p2a: Iron Valiant
|-damage|p2a: Iron Valiant|0 fnt
|faint|p2a: Iron Valiant
|-end|p2a: Iron Valiant|Quark Drive|[silent]
|
|upkeep
|
|t:|1743887008
|switch|p2a: Weavile|Weavile, F|64/100
|-ability|p2a: Weavile|Pressure
|turn|25
|
|t:|1743887012
|move|p1a: Dragapult|Fire Blast|p2a: Weavile
|-supereffective|p2a: Weavile
|-damage|p2a: Weavile|0 fnt
|faint|p2a: Weavile
|
|win|Scizzor97
|raw|Scizzor97's rating: 1384 &rarr; <strong>1405</strong><br />(+21 for winning)
|raw|TeaPause's rating: 1398 &rarr; <strong>1377</strong><br />(-21 for losing)
|l|☆Scizzor97
|player|p1|
|l|☆TeaPause
|player|p2|
