|j|‽JackRG1
|j|☆Ryan Cowtinho
|t:|1743871118
|gametype|singles
|player|p1|JackRG1|iris|1550
|player|p2|Ryan Cowtinho|169|1591
|teamsize|p1|6
|teamsize|p2|6
|gen|9
|tier|[Gen 9] OU
|rated|
|rule|HP Percentage Mod: HP is shown in percentages
|rule|Endless Battle Clause: Forcing endless battles is banned
|rule|Species Clause: Limit one of each Pokémon
|rule|OHKO Clause: OHKO moves are banned
|rule|Evasion Items Clause: Evasion items are banned
|rule|Evasion Moves Clause: Evasion moves are banned
|rule|Sleep Moves Clause: Sleep-inducing moves are banned
|clearpoke
|poke|p1|Slowking-Galar, M|
|poke|p1|Corviknight, M|
|poke|p1|Cinderace, M|
|poke|p1|Zamazenta-*|
|poke|p1|Sinistcha|
|poke|p1|Clodsire, F|
|poke|p2|Iron Treads|
|poke|p2|Rillaboom, M|
|poke|p2|Dragapult, M|
|poke|p2|Hawlucha, M|
|poke|p2|Ogerpon-Wellspring, F|
|poke|p2|Iron Moth|
|teampreview
|inactive|Battle timer is ON: inactive players will automatically lose when time's up. (requested by JackRG1)
|
|t:|1743871133
|start
|switch|p1a: Cinderace|Cinderace, M|100/100
|switch|p2a: Iron Treads|Iron Treads|100/100
|-enditem|p2a: Iron Treads|Booster Energy
|-activate|p2a: Iron Treads|ability: Quark Drive|[fromitem]
|-start|p2a: Iron Treads|quarkdrivespe
|turn|1
|
|t:|1743871139
|switch|p1a: Corviknight|Corviknight, M, shiny|100/100
|-ability|p1a: Corviknight|Pressure
|move|p2a: Iron Treads|Earth Power|p1a: Corviknight
|-immune|p1a: Corviknight
|
|upkeep
|turn|2
|
|t:|1743871142
|move|p2a: Iron Treads|Stealth Rock|p1a: Corviknight
|-sidestart|p1: JackRG1|move: Stealth Rock
|move|p1a: Corviknight|Body Press|p2a: Iron Treads
|-supereffective|p2a: Iron Treads
|-damage|p2a: Iron Treads|51/100
|
|upkeep
|turn|3
|
|t:|1743871147
|-end|p2a: Iron Treads|Quark Drive|[silent]
|switch|p2a: Iron Moth|Iron Moth|100/100
|-enditem|p2a: Iron Moth|Booster Energy
|-activate|p2a: Iron Moth|ability: Quark Drive|[fromitem]
|-start|p2a: Iron Moth|quarkdrivespe
|move|p1a: Corviknight|Defog|p2a: Iron Moth
|-unboost|p2a: Iron Moth|evasion|1
|-sideend|p1: JackRG1|Stealth Rock|[from] move: Defog|[of] p1a: Corviknight
|
|upkeep
|turn|4
|
|t:|1743871152
|-end|p2a: Iron Moth|Quark Drive|[silent]
|switch|p2a: Rillaboom|Rillaboom, M|100/100
|-fieldstart|move: Grassy Terrain|[from] ability: Grassy Surge|[of] p2a: Rillaboom
|switch|p1a: Clodsire|Clodsire, F|100/100
|
|upkeep
|turn|5
|
|t:|1743871154
|switch|p1a: Corviknight|Corviknight, M, shiny|100/100
|-ability|p1a: Corviknight|Pressure
|move|p2a: Rillaboom|U-turn|p1a: Corviknight
|-resisted|p1a: Corviknight
|-damage|p1a: Corviknight|97/100
|-damage|p2a: Rillaboom|84/100|[from] item: Rocky Helmet|[of] p1a: Corviknight
|
|t:|1743871157
|switch|p2a: Dragapult|Dragapult, M|100/100|[from] U-turn
|
|upkeep
|turn|6
|
|t:|1743871161
|switch|p1a: Cinderace|Cinderace, M|100/100
|-terastallize|p2a: Dragapult|Ghost
|move|p2a: Dragapult|Shadow Ball|p1a: Cinderace
|-damage|p1a: Cinderace|23/100
|
|-heal|p1a: Cinderace|29/100|[from] Grassy Terrain
|upkeep
|turn|7
|
|t:|1743871165
|switch|p1a: Clodsire|Clodsire, F|100/100
|move|p2a: Dragapult|Shadow Ball|p1a: Clodsire
|-damage|p1a: Clodsire|66/100
|
|-heal|p1a: Clodsire|72/100|[from] Grassy Terrain
|upkeep
|turn|8
|
|t:|1743871170
|switch|p2a: Iron Treads|Iron Treads|51/100
|move|p1a: Clodsire|Stealth Rock|p2a: Iron Treads
|-sidestart|p2: Ryan Cowtinho|move: Stealth Rock
|
|-heal|p2a: Iron Treads|57/100|[from] Grassy Terrain
|-heal|p1a: Clodsire|78/100|[from] Grassy Terrain
|upkeep
|turn|9
|
|t:|1743871173
|switch|p1a: Sinistcha|Sinistcha|100/100
|move|p2a: Iron Treads|Rapid Spin|p1a: Sinistcha
|-immune|p1a: Sinistcha
|
|-heal|p2a: Iron Treads|63/100|[from] Grassy Terrain
|upkeep
|turn|10
|
|t:|1743871175
|move|p2a: Iron Treads|Stealth Rock|p1a: Sinistcha
|-sidestart|p1: JackRG1|move: Stealth Rock
|move|p1a: Sinistcha|Matcha Gotcha|p2a: Iron Treads
|-damage|p2a: Iron Treads|6/100
|-status|p2a: Iron Treads|brn
|
|-heal|p2a: Iron Treads|12/100 brn|[from] Grassy Terrain
|-damage|p2a: Iron Treads|6/100 brn|[from] brn
|upkeep
|turn|11
|
|t:|1743871179
|switch|p1a: Corviknight|Corviknight, M, shiny|97/100
|-damage|p1a: Corviknight|85/100|[from] Stealth Rock
|-ability|p1a: Corviknight|Pressure
|move|p2a: Iron Treads|Steel Beam|p1a: Corviknight
|-resisted|p1a: Corviknight
|-damage|p1a: Corviknight|60/100
|-damage|p2a: Iron Treads|0 fnt|[from] steelbeam
|faint|p2a: Iron Treads
|-end|p2a: Iron Treads|Quark Drive|[silent]
|
|-fieldend|move: Grassy Terrain
|upkeep
|
|t:|1743871186
|switch|p2a: Iron Moth|Iron Moth|100/100
|-damage|p2a: Iron Moth|76/100|[from] Stealth Rock
|turn|12
|
|t:|1743871189
|switch|p1a: Clodsire|Clodsire, F|78/100
|move|p2a: Iron Moth|Fiery Dance|p1a: Clodsire
|-damage|p1a: Clodsire|57/100
|-boost|p2a: Iron Moth|spa|1
|
|upkeep
|turn|13
|
|t:|1743871193
|move|p2a: Iron Moth|Fiery Dance|p1a: Clodsire
|-damage|p1a: Clodsire|34/100
|-boost|p2a: Iron Moth|spa|1
|move|p1a: Clodsire|Recover|p1a: Clodsire
|-heal|p1a: Clodsire|84/100
|
|upkeep
|turn|14
|
|t:|1743871196
|move|p2a: Iron Moth|Fiery Dance|p1a: Clodsire
|-damage|p1a: Clodsire|63/100
|move|p1a: Clodsire|Earthquake|p2a: Iron Moth
|-supereffective|p2a: Iron Moth
|-damage|p2a: Iron Moth|0 fnt
|faint|p2a: Iron Moth
|-end|p2a: Iron Moth|Quark Drive|[silent]
|
|upkeep
|
|t:|1743871198
|switch|p2a: Hawlucha|Hawlucha, M|100/100
|-damage|p2a: Hawlucha|88/100|[from] Stealth Rock
|turn|15
|
|t:|1743871205
|move|p2a: Hawlucha|Encore|p1a: Clodsire
|-start|p1a: Clodsire|Encore
|move|p1a: Clodsire|Earthquake|p2a: Hawlucha
|-immune|p2a: Hawlucha
|
|upkeep
|turn|16
|
|t:|1743871214
|switch|p1a: Slowking|Slowking-Galar, M|100/100
|-damage|p1a: Slowking|88/100|[from] Stealth Rock
|move|p2a: Hawlucha|Swords Dance|p2a: Hawlucha
|-boost|p2a: Hawlucha|atk|2
|
|upkeep
|turn|17
|
|t:|1743871217
|switch|p2a: Rillaboom|Rillaboom, M|84/100
|-damage|p2a: Rillaboom|71/100|[from] Stealth Rock
|-fieldstart|move: Grassy Terrain|[from] ability: Grassy Surge|[of] p2a: Rillaboom
|move|p1a: Slowking|Thunder Wave|p2a: Rillaboom
|-status|p2a: Rillaboom|par
|
|-heal|p2a: Rillaboom|78/100 par|[from] Grassy Terrain
|-heal|p1a: Slowking|94/100|[from] Grassy Terrain
|upkeep
|turn|18
|
|t:|1743871220
|switch|p1a: Corviknight|Corviknight, M, shiny|60/100
|-damage|p1a: Corviknight|48/100|[from] Stealth Rock
|-ability|p1a: Corviknight|Pressure
|move|p2a: Rillaboom|U-turn|p1a: Corviknight
|-resisted|p1a: Corviknight
|-damage|p1a: Corviknight|44/100
|-damage|p2a: Rillaboom|61/100 par|[from] item: Rocky Helmet|[of] p1a: Corviknight
|
|t:|1743871225
|switch|p2a: Ogerpon|Ogerpon-Wellspring, F|100/100|[from] U-turn
|-damage|p2a: Ogerpon|88/100|[from] Stealth Rock
|
|-heal|p2a: Ogerpon|94/100|[from] Grassy Terrain
|upkeep
|turn|19
|
|t:|1743871230
|move|p2a: Ogerpon|Swords Dance|p2a: Ogerpon
|-boost|p2a: Ogerpon|atk|2
|move|p1a: Corviknight|Brave Bird|p2a: Ogerpon
|-supereffective|p2a: Ogerpon
|-damage|p2a: Ogerpon|2/100
|-damage|p1a: Corviknight|21/100|[from] Recoil
|
|-heal|p2a: Ogerpon|8/100|[from] Grassy Terrain
|upkeep
|turn|20
|
|t:|1743871233
|move|p2a: Ogerpon|Ivy Cudgel|p1a: Corviknight|[anim] Ivy Cudgel Water
|-damage|p1a: Corviknight|0 fnt
|faint|p1a: Corviknight
|
|-heal|p2a: Ogerpon|14/100|[from] Grassy Terrain
|upkeep
|
|t:|1743871234
|switch|p1a: Cinderace|Cinderace, M|29/100
|turn|21
|
|t:|1743871237
|move|p1a: Cinderace|U-turn|p2a: Ogerpon
|-supereffective|p2a: Ogerpon
|-damage|p2a: Ogerpon|0 fnt
|faint|p2a: Ogerpon
|
|t:|1743871241
|switch|p1a: Clodsire|Clodsire, F|63/100|[from] U-turn
|
|-heal|p1a: Clodsire|69/100|[from] Grassy Terrain
|upkeep
|
|t:|1743871245
|switch|p2a: Dragapult|Dragapult, M, tera:Ghost|100/100
|-damage|p2a: Dragapult|88/100|[from] Stealth Rock
|turn|22
|
|t:|1743871249
|move|p2a: Dragapult|Draco Meteor|p1a: Clodsire
|-damage|p1a: Clodsire|21/100
|-unboost|p2a: Dragapult|spa|2
|move|p1a: Clodsire|Toxic|p2a: Dragapult
|-status|p2a: Dragapult|tox
|
|-heal|p2a: Dragapult|94/100 tox|[from] Grassy Terrain
|-heal|p1a: Clodsire|27/100|[from] Grassy Terrain
|-damage|p2a: Dragapult|88/100 tox|[from] psn
|upkeep
|turn|23
|
|t:|1743871266
|switch|p2a: Hawlucha|Hawlucha, M|88/100
|-damage|p2a: Hawlucha|76/100|[from] Stealth Rock
|-enditem|p2a: Hawlucha|Grassy Seed
|-boost|p2a: Hawlucha|def|1|[from] item: Grassy Seed
|-terastallize|p1a: Clodsire|Steel
|move|p1a: Clodsire|Recover|p1a: Clodsire
|-heal|p1a: Clodsire|77/100
|
|-heal|p1a: Clodsire|83/100|[from] Grassy Terrain
|upkeep
|turn|24
|
|t:|1743871271
|switch|p1a: Slowking|Slowking-Galar, M|100/100
|-damage|p1a: Slowking|88/100|[from] Stealth Rock
|move|p2a: Hawlucha|Encore||[still]
|-fail|p2a: Hawlucha
|
|-heal|p1a: Slowking|94/100|[from] Grassy Terrain
|-fieldend|move: Grassy Terrain
|upkeep
|turn|25
|
|t:|1743871277
|move|p2a: Hawlucha|Swords Dance|p2a: Hawlucha
|-boost|p2a: Hawlucha|atk|2
|move|p1a: Slowking|Ice Beam|p2a: Hawlucha
|-supereffective|p2a: Hawlucha
|-damage|p2a: Hawlucha|16/100
|
|upkeep
|turn|26
|
|t:|1743871280
|move|p2a: Hawlucha|Acrobatics|p1a: Slowking
|-damage|p1a: Slowking|24/100
|move|p1a: Slowking|Ice Beam|p2a: Hawlucha
|-supereffective|p2a: Hawlucha
|-damage|p2a: Hawlucha|0 fnt
|faint|p2a: Hawlucha
|
|upkeep
|
|t:|1743871282
|switch|p2a: Dragapult|Dragapult, M, tera:Ghost|88/100 tox
|-damage|p2a: Dragapult|76/100 tox|[from] Stealth Rock
|turn|27
|
|t:|1743871285
|move|p2a: Dragapult|Shadow Ball|p1a: Slowking
|-supereffective|p1a: Slowking
|-damage|p1a: Slowking|0 fnt
|faint|p1a: Slowking
|
|-damage|p2a: Dragapult|70/100 tox|[from] psn
|upkeep
|
|t:|1743871289
|switch|p1a: Clodsire|Clodsire, F, tera:Steel|83/100
|turn|28
|
|t:|1743871292
|move|p2a: Dragapult|Shadow Ball|p1a: Clodsire
|-damage|p1a: Clodsire|43/100
|move|p1a: Clodsire|Earthquake|p2a: Dragapult
|-damage|p2a: Dragapult|34/100 tox
|
|-damage|p2a: Dragapult|22/100 tox|[from] psn
|upkeep
|turn|29
|
|t:|1743871293
|move|p2a: Dragapult|Shadow Ball|p1a: Clodsire
|-damage|p1a: Clodsire|3/100
|-unboost|p1a: Clodsire|spd|1
|move|p1a: Clodsire|Recover|p1a: Clodsire
|-heal|p1a: Clodsire|53/100
|
|-damage|p2a: Dragapult|4/100 tox|[from] psn
|upkeep
|turn|30
|
|t:|1743871299
|move|p2a: Dragapult|Shadow Ball|p1a: Clodsire
|-damage|p1a: Clodsire|2/100
|move|p1a: Clodsire|Recover|p1a: Clodsire
|-heal|p1a: Clodsire|52/100
|
|-damage|p2a: Dragapult|0 fnt|[from] psn
|faint|p2a: Dragapult
|upkeep
|-message|Ryan Cowtinho forfeited.
|
|win|JackRG1
|raw|JackRG1's rating: 1550 &rarr; <strong>1572</strong><br />(+22 for winning)
|raw|Ryan Cowtinho's rating: 1591 &rarr; <strong>1569</strong><br />(-22 for losing)
|l|☆Ryan Cowtinho
|player|p2|
