|j|☆xMUSLiM_LOVEx
|j|☆UCB0
|t:|1743778800
|gametype|singles
|player|p1|xMUSLiM_LOVEx|266|1274
|player|p2|UCB0|n|1278
|teamsize|p1|6
|teamsize|p2|6
|gen|9
|tier|[Gen 9] OU
|rated|
|rule|HP Percentage Mod: HP is shown in percentages
|rule|Endless Battle Clause: Forcing endless battles is banned
|rule|Species Clause: Limit one of each Pokémon
|rule|OHKO Clause: OHKO moves are banned
|rule|Evasion Items Clause: Evasion items are banned
|rule|Evasion Moves Clause: Evasion moves are banned
|rule|Sleep Moves Clause: Sleep-inducing moves are banned
|clearpoke
|poke|p1|Zamazenta-*|
|poke|p1|Kingambit, M|
|poke|p1|Samurott-Hisui, F|
|poke|p1|Landorus-Therian, M|
|poke|p1|Iron Valiant|
|poke|p1|Iron Moth|
|poke|p2|Excadrill, M|
|poke|p2|Abomasnow, M|
|poke|p2|Gastrodon-East, F|
|poke|p2|Iron Moth|
|poke|p2|Skarmory, M|
|poke|p2|Morpeko, F|
|teampreview
|c|☆xMUSLiM_LOVEx|glhf
|inactive|Battle timer is ON: inactive players will automatically lose when time's up. (requested by xMUSLiM_LOVEx)
|
|t:|1743778810
|start
|switch|p1a: Samurott|Samurott-Hisui, F|100/100
|switch|p2a: Gastrodon|Gastrodon-East, F|100/100
|turn|1
|
|t:|1743778817
|move|p1a: Samurott|Ceaseless Edge|p2a: Gastrodon
|-crit|p2a: Gastrodon
|-damage|p2a: Gastrodon|8/100
|-sidestart|p2: UCB0|Spikes
|move|p2a: Gastrodon|Earth Power|p1a: Samurott
|-damage|p1a: Samurott|49/100
|
|upkeep
|turn|2
|
|t:|1743778825
|switch|p2a: Skarmory|Skarmory, M|100/100
|move|p1a: Samurott|Ceaseless Edge|p2a: Skarmory
|-damage|p2a: Skarmory|74/100
|-damage|p1a: Samurott|32/100|[from] item: Rocky Helmet|[of] p2a: Skarmory
|-sidestart|p2: UCB0|Spikes
|
|upkeep
|turn|3
|
|t:|1743778833
|move|p1a: Samurott|Knock Off|p2a: Skarmory
|-damage|p2a: Skarmory|47/100
|-damage|p1a: Samurott|16/100|[from] item: Rocky Helmet|[of] p2a: Skarmory
|-enditem|p2a: Skarmory|Rocky Helmet|[from] move: Knock Off|[of] p1a: Samurott
|move|p2a: Skarmory|Body Press|p1a: Samurott
|-supereffective|p1a: Samurott
|-damage|p1a: Samurott|0 fnt
|faint|p1a: Samurott
|
|upkeep
|
|t:|1743778841
|switch|p1a: Iron Moth|Iron Moth|100/100
|-enditem|p1a: Iron Moth|Booster Energy
|-activate|p1a: Iron Moth|ability: Quark Drive|[fromitem]
|-start|p1a: Iron Moth|quarkdrivespe
|turn|4
|
|t:|1743778847
|switch|p2a: Gastrodon|Gastrodon-East, F|8/100
|-damage|p2a: Gastrodon|0 fnt|[from] Spikes
|faint|p2a: Gastrodon
|move|p1a: Iron Moth|Fiery Dance|p2: Gastrodon|[notarget]
|-fail|p1a: Iron Moth
|
|upkeep
|
|t:|1743778855
|switch|p2a: Mothra|Iron Moth, shiny|100/100
|-damage|p2a: Mothra|84/100|[from] Spikes
|-enditem|p2a: Mothra|Booster Energy
|-activate|p2a: Mothra|ability: Quark Drive|[fromitem]
|-start|p2a: Mothra|quarkdrivespe
|turn|5
|
|t:|1743778862
|-terastallize|p1a: Iron Moth|Ground
|move|p2a: Mothra|Psychic|p1a: Iron Moth
|-damage|p1a: Iron Moth|71/100
|move|p1a: Iron Moth|Tera Blast|p2a: Mothra|[anim] Tera Blast Ground
|-supereffective|p2a: Mothra
|-damage|p2a: Mothra|0 fnt
|faint|p2a: Mothra
|-end|p2a: Mothra|Quark Drive|[silent]
|
|upkeep
|
|t:|1743778873
|switch|p2a: Abomasnow|Abomasnow, M, shiny|100/100
|-damage|p2a: Abomasnow|84/100|[from] Spikes
|-weather|Snowscape|[from] ability: Snow Warning|[of] p2a: Abomasnow
|turn|6
|
|t:|1743778880
|-terastallize|p2a: Abomasnow|Fire
|move|p1a: Iron Moth|Fiery Dance|p2a: Abomasnow
|-resisted|p2a: Abomasnow
|-damage|p2a: Abomasnow|58/100
|move|p2a: Abomasnow|Icicle Spear|p1a: Iron Moth
|-supereffective|p1a: Iron Moth
|-damage|p1a: Iron Moth|37/100
|-supereffective|p1a: Iron Moth
|-damage|p1a: Iron Moth|3/100
|-supereffective|p1a: Iron Moth
|-damage|p1a: Iron Moth|0 fnt
|faint|p1a: Iron Moth
|-end|p1a: Iron Moth|Quark Drive|[silent]
|-hitcount|p1: Iron Moth|3
|
|-weather|Snowscape|[upkeep]
|upkeep
|
|t:|1743778892
|switch|p1a: Landorus|Landorus-Therian, M|100/100
|-ability|p1a: Landorus|Intimidate|boost
|-unboost|p2a: Abomasnow|atk|1
|turn|7
|
|t:|1743778897
|move|p1a: Landorus|Earthquake|p2a: Abomasnow
|-supereffective|p2a: Abomasnow
|-damage|p2a: Abomasnow|0 fnt
|faint|p2a: Abomasnow
|
|-weather|Snowscape|[upkeep]
|upkeep
|
|t:|1743778903
|switch|p2a: Skarmory|Skarmory, M|47/100
|turn|8
|
|t:|1743778909
|move|p1a: Landorus|Taunt|p2a: Skarmory
|-start|p2a: Skarmory|move: Taunt
|cant|p2a: Skarmory|move: Taunt|Stealth Rock
|
|-weather|Snowscape|[upkeep]
|upkeep
|turn|9
|
|t:|1743778913
|switch|p1a: Iron Valiant|Iron Valiant|100/100
|-enditem|p1a: Iron Valiant|Booster Energy
|-activate|p1a: Iron Valiant|ability: Quark Drive|[fromitem]
|-start|p1a: Iron Valiant|quarkdrivespe
|move|p2a: Skarmory|Body Press|p1a: Iron Valiant
|-resisted|p1a: Iron Valiant
|-damage|p1a: Iron Valiant|80/100
|
|-weather|Snowscape|[upkeep]
|upkeep
|turn|10
|
|t:|1743778923
|move|p1a: Iron Valiant|Thunderbolt|p2a: Skarmory
|-supereffective|p2a: Skarmory
|-damage|p2a: Skarmory|0 fnt
|faint|p2a: Skarmory
|
|-weather|none
|upkeep
|
|t:|1743778929
|switch|p2a: Morpeko|Morpeko, F, shiny|100/100
|turn|11
|
|t:|1743778933
|move|p2a: Morpeko|Fake Out|p1a: Iron Valiant
|-damage|p1a: Iron Valiant|64/100
|cant|p1a: Iron Valiant|flinch
|
|-formechange|p2a: Morpeko|Morpeko-Hangry||[from] ability: Hunger Switch
|upkeep
|turn|12
|
|t:|1743778940
|move|p1a: Iron Valiant|Moonblast|p2a: Morpeko
|-supereffective|p2a: Morpeko
|-damage|p2a: Morpeko|0 fnt
|faint|p2a: Morpeko
|
|upkeep
|
|t:|1743778946
|switch|p2a: Excadrill|Excadrill, M|100/100
|-damage|p2a: Excadrill|84/100|[from] Spikes
|-ability|p2a: Excadrill|Mold Breaker
|turn|13
|
|t:|1743778953
|move|p1a: Iron Valiant|Moonblast|p2a: Excadrill
|-resisted|p2a: Excadrill
|-damage|p2a: Excadrill|51/100
|move|p2a: Excadrill|Earthquake|p1a: Iron Valiant
|-damage|p1a: Iron Valiant|0 fnt
|faint|p1a: Iron Valiant
|-end|p1a: Iron Valiant|Quark Drive|[silent]
|
|upkeep
|
|t:|1743778955
|switch|p1a: Landorus|Landorus-Therian, M|100/100
|-ability|p1a: Landorus|Intimidate|boost
|-unboost|p2a: Excadrill|atk|1
|turn|14
|
|t:|1743778963
|move|p2a: Excadrill|Earthquake|p1a: Landorus
|-immune|p1a: Landorus
|move|p1a: Landorus|Earthquake|p2a: Excadrill
|-supereffective|p2a: Excadrill
|-damage|p2a: Excadrill|0 fnt
|faint|p2a: Excadrill
|
|win|xMUSLiM_LOVEx
|raw|xMUSLiM_LOVEx's rating: 1274 &rarr; <strong>1299</strong><br />(+25 for winning)
|raw|UCB0's rating: 1278 &rarr; <strong>1253</strong><br />(-25 for losing)
|l|☆xMUSLiM_LOVEx
|player|p1|
|l|☆UCB0
|player|p2|
