|j|☆gimmicks strategy
|j|☆ganjaman1
|t:|1743872051
|gametype|singles
|player|p1|gimmicks strategy|170|1562
|player|p2|ganjaman1|musician|1533
|teamsize|p1|6
|teamsize|p2|6
|gen|9
|tier|[Gen 9] OU
|rated|
|rule|HP Percentage Mod: HP is shown in percentages
|rule|Endless Battle Clause: Forcing endless battles is banned
|rule|Species Clause: Limit one of each Pokémon
|rule|OHKO Clause: OHKO moves are banned
|rule|Evasion Items Clause: Evasion items are banned
|rule|Evasion Moves Clause: Evasion moves are banned
|rule|Sleep Moves Clause: Sleep-inducing moves are banned
|clearpoke
|poke|p1|Blissey, F|
|poke|p1|Dondozo, F|
|poke|p1|Gliscor, M|
|poke|p1|Clodsire, M|
|poke|p1|Amoonguss, F|
|poke|p1|Clefable, M|
|poke|p2|Garganacl, M|
|poke|p2|Weezing-Galar, F|
|poke|p2|Corviknight, M|
|poke|p2|Dragapult, M|
|poke|p2|Slowking-Galar, M|
|poke|p2|Samurott-Hisui, F|
|teampreview
|inactive|Battle timer is ON: inactive players will automatically lose when time's up. (requested by ganjaman1)
|c|☆ganjaman1|lovely
|
|t:|1743872066
|start
|switch|p1a: Gliscor|Gliscor, M|100/100
|switch|p2a: Samurott|Samurott-Hisui, F|100/100
|turn|1
|
|t:|1743872073
|move|p1a: Gliscor|Protect|p1a: Gliscor
|-singleturn|p1a: Gliscor|Protect
|move|p2a: Samurott|Knock Off|p1a: Gliscor
|-activate|p1a: Gliscor|move: Protect
|
|-status|p1a: Gliscor|tox|[from] item: Toxic Orb
|upkeep
|turn|2
|
|t:|1743872084
|switch|p2a: Corviknight|Corviknight, M|100/100
|-ability|p2a: Corviknight|Pressure
|move|p1a: Gliscor|Toxic|p2a: Corviknight
|-immune|p2a: Corviknight
|
|upkeep
|turn|3
|
|t:|1743872093
|move|p1a: Gliscor|Knock Off|p2a: Corviknight
|-damage|p2a: Corviknight|86/100
|-damage|p1a: Gliscor|84/100 tox|[from] item: Rocky Helmet|[of] p2a: Corviknight
|-enditem|p2a: Corviknight|Rocky Helmet|[from] move: Knock Off|[of] p1a: Gliscor
|move|p2a: Corviknight|Brave Bird|p1a: Gliscor
|-damage|p1a: Gliscor|62/100 tox
|-damage|p2a: Corviknight|80/100|[from] Recoil
|
|-heal|p1a: Gliscor|75/100 tox|[from] ability: Poison Heal
|upkeep
|turn|4
|
|t:|1743872107
|switch|p1a: Clefable|Clefable, M|100/100
|move|p2a: Corviknight|Iron Defense|p2a: Corviknight
|-boost|p2a: Corviknight|def|2
|
|upkeep
|turn|5
|
|t:|1743872119
|switch|p2a: Slowking|Slowking-Galar, M|100/100
|move|p1a: Clefable|Moonblast|p2a: Slowking
|-resisted|p2a: Slowking
|-damage|p2a: Slowking|95/100
|
|upkeep
|turn|6
|
|t:|1743872129
|switch|p1a: Blissey|Blissey, F|100/100
|move|p2a: Slowking|Psychic Noise|p1a: Blissey
|-damage|p1a: Blissey|91/100
|-start|p1a: Blissey|move: Heal Block
|
|upkeep
|turn|7
|
|t:|1743872139
|switch|p2a: Garganacl|Garganacl, M|100/100
|move|p1a: Blissey|Stealth Rock|p2a: Garganacl
|-sidestart|p2: ganjaman1|move: Stealth Rock
|
|-end|p1a: Blissey|move: Heal Block
|upkeep
|turn|8
|
|t:|1743872145
|switch|p1a: Gliscor|Gliscor, M|75/100 tox
|move|p2a: Garganacl|Stealth Rock|p1a: Gliscor
|-sidestart|p1: gimmicks strategy|move: Stealth Rock
|
|-heal|p1a: Gliscor|87/100 tox|[from] ability: Poison Heal
|upkeep
|turn|9
|
|t:|1743872153
|switch|p2a: Corviknight|Corviknight, M|80/100
|-damage|p2a: Corviknight|68/100|[from] Stealth Rock
|-ability|p2a: Corviknight|Pressure
|move|p1a: Gliscor|Spikes|p2a: Corviknight
|-sidestart|p2: ganjaman1|Spikes
|
|-heal|p1a: Gliscor|99/100 tox|[from] ability: Poison Heal
|upkeep
|turn|10
|
|t:|1743872166
|switch|p1a: Clefable|Clefable, M|100/100
|switch|p2a: Weezing|Weezing-Galar, F|100/100
|-ability|p2a: Weezing|Neutralizing Gas
|-damage|p2a: Weezing|88/100|[from] Stealth Rock
|-damage|p2a: Weezing|76/100|[from] Spikes
|
|-heal|p2a: Weezing|82/100|[from] item: Black Sludge
|-damage|p1a: Clefable|88/100|[from] item: Sticky Barb
|upkeep
|turn|11
|
|t:|1743872181
|switch|p1a: Amoonguss|Amoonguss, F|100/100
|move|p2a: Weezing|Defog|p1a: Amoonguss
|-unboost|p1a: Amoonguss|evasion|1
|-sideend|p1: gimmicks strategy|Stealth Rock|[from] move: Defog|[of] p2a: Weezing
|-sideend|p2: ganjaman1|Spikes|[from] move: Defog|[of] p2a: Weezing
|-sideend|p2: ganjaman1|Stealth Rock|[from] move: Defog|[of] p2a: Weezing
|
|-heal|p2a: Weezing|88/100|[from] item: Black Sludge
|upkeep
|turn|12
|
|t:|1743872192
|-end|p2a: Weezing|ability: Neutralizing Gas
|switch|p2a: Slowking|Slowking-Galar, M|100/100
|switch|p1a: Blissey|Blissey, F|91/100
|
|upkeep
|turn|13
|
|t:|1743872210
|switch|p2a: Samurott|Samurott-Hisui, F|100/100
|move|p1a: Blissey|Stealth Rock|p2a: Samurott
|-sidestart|p2: ganjaman1|move: Stealth Rock
|
|upkeep
|turn|14
|
|t:|1743872215
|switch|p1a: Gliscor|Gliscor, M|99/100 tox
|move|p2a: Samurott|Ceaseless Edge|p1a: Gliscor
|-damage|p1a: Gliscor|72/100 tox
|-sidestart|p1: gimmicks strategy|Spikes
|
|-heal|p1a: Gliscor|84/100 tox|[from] ability: Poison Heal
|upkeep
|turn|15
|
|t:|1743872225
|switch|p2a: Corviknight|Corviknight, M|68/100
|-damage|p2a: Corviknight|55/100|[from] Stealth Rock
|-ability|p2a: Corviknight|Pressure
|move|p1a: Gliscor|Toxic|p2a: Corviknight
|-immune|p2a: Corviknight
|
|-heal|p1a: Gliscor|97/100 tox|[from] ability: Poison Heal
|upkeep
|turn|16
|
|t:|1743872236
|move|p1a: Gliscor|Knock Off|p2a: Corviknight
|-damage|p2a: Corviknight|47/100
|move|p2a: Corviknight|Roost|p2a: Corviknight
|-heal|p2a: Corviknight|97/100
|-singleturn|p2a: Corviknight|move: Roost
|
|-heal|p1a: Gliscor|100/100 tox|[from] ability: Poison Heal
|upkeep
|turn|17
|
|t:|1743872245
|switch|p1a: Clefable|Clefable, M|88/100
|move|p2a: Corviknight|Iron Defense|p2a: Corviknight
|-boost|p2a: Corviknight|def|2
|
|upkeep
|turn|18
|
|t:|1743872268
|switch|p2a: Slowking|Slowking-Galar, M|100/100
|-damage|p2a: Slowking|88/100|[from] Stealth Rock
|move|p1a: Clefable|Moonblast|p2a: Slowking
|-resisted|p2a: Slowking
|-damage|p2a: Slowking|82/100
|
|upkeep
|turn|19
|
|t:|1743872276
|switch|p1a: Blissey|Blissey, F|91/100
|move|p2a: Slowking|Future Sight|p1a: Blissey
|-start|p2a: Slowking|move: Future Sight
|
|upkeep
|turn|20
|
|t:|1743872283
|switch|p2a: Samurott|Samurott-Hisui, F|100/100
|-damage|p2a: Samurott|88/100|[from] Stealth Rock
|move|p1a: Blissey|Seismic Toss|p2a: Samurott
|-damage|p2a: Samurott|57/100
|
|upkeep
|turn|21
|
|t:|1743872298
|switch|p1a: Gliscor|Gliscor, M|100/100 tox
|move|p2a: Samurott|Razor Shell|p1a: Gliscor
|-supereffective|p1a: Gliscor
|-damage|p1a: Gliscor|34/100 tox
|-unboost|p1a: Gliscor|def|1
|
|-end|p1a: Gliscor|move: Future Sight
|-damage|p1a: Gliscor|0 fnt
|faint|p1a: Gliscor
|upkeep
|c|☆gimmicks strategy|gg
|c|☆ganjaman1|and thts folks how to deal with stall
|c|☆ganjaman1|gg
|-message|gimmicks strategy forfeited.
|
|win|ganjaman1
|raw|gimmicks strategy's rating: 1562 &rarr; <strong>1540</strong><br />(-22 for losing)
|raw|ganjaman1's rating: 1533 &rarr; <strong>1555</strong><br />(+22 for winning)
|l|☆gimmicks strategy
|player|p1|
|l|☆ganjaman1
|player|p2|
