|j|☆veilure
|j|☆carve the moon
|t:|1743816511
|gametype|singles
|player|p1|veilure|skierf-gen4dp|1493
|player|p2|carve the moon|lusamine-masters|1566
|teamsize|p1|6
|teamsize|p2|6
|gen|9
|tier|[Gen 9] OU
|rated|
|rule|HP Percentage Mod: HP is shown in percentages
|rule|Endless Battle Clause: Forcing endless battles is banned
|rule|Species Clause: Limit one of each Pokémon
|rule|OHKO Clause: OHKO moves are banned
|rule|Evasion Items Clause: Evasion items are banned
|rule|Evasion Moves Clause: Evasion moves are banned
|rule|Sleep Moves Clause: Sleep-inducing moves are banned
|clearpoke
|poke|p1|Comfey, M|
|poke|p1|Whimsicott, M|
|poke|p1|Iron Moth|
|poke|p1|Walking Wake|
|poke|p1|Great Tusk|
|poke|p1|Ninetales, F|
|poke|p2|Glimmora, F|
|poke|p2|Zamazenta-*|
|poke|p2|Latias, F|
|poke|p2|Gholdengo|
|poke|p2|Dragonite, F|
|poke|p2|Weavile, F|
|teampreview
|inactive|Battle timer is ON: inactive players will automatically lose when time's up. (requested by carve the moon)
|
|t:|1743816521
|start
|switch|p1a: Ninetales|Ninetales, F|100/100
|switch|p2a: Glimmora|Glimmora, F|100/100
|-weather|SunnyDay|[from] ability: Drought|[of] p1a: Ninetales
|turn|1
|inactive|veilure has 120 seconds left.
|
|t:|1743816553
|switch|p1a: Iron Moth|Iron Moth|100/100
|-enditem|p1a: Iron Moth|Booster Energy
|-activate|p1a: Iron Moth|ability: Quark Drive|[fromitem]
|-start|p1a: Iron Moth|quarkdrivespa
|move|p2a: Glimmora|Stealth Rock|p1a: Iron Moth
|-sidestart|p1: veilure|move: Stealth Rock
|
|-weather|SunnyDay|[upkeep]
|upkeep
|turn|2
|
|t:|1743816557
|move|p1a: Iron Moth|Fiery Dance|p2a: Glimmora
|-resisted|p2a: Glimmora
|-damage|p2a: Glimmora|63/100
|-boost|p1a: Iron Moth|spa|1
|-enditem|p2a: Glimmora|Red Card|[of] p1a: Iron Moth
|-end|p1a: Iron Moth|Quark Drive|[silent]
|drag|p1a: Great Tusk|Great Tusk|100/100
|-damage|p1a: Great Tusk|98/100|[from] Stealth Rock
|-activate|p1a: Great Tusk|ability: Protosynthesis
|-start|p1a: Great Tusk|protosynthesisspe
|move|p2a: Glimmora|Earth Power|p1a: Great Tusk
|-damage|p1a: Great Tusk|62/100
|-unboost|p1a: Great Tusk|spd|1
|
|-weather|SunnyDay|[upkeep]
|upkeep
|turn|3
|
|t:|1743816564
|switch|p2a: Gholdengo|Gholdengo|100/100
|move|p1a: Great Tusk|Headlong Rush|p2a: Gholdengo
|-supereffective|p2a: Gholdengo
|-damage|p2a: Gholdengo|1/100
|-unboost|p1a: Great Tusk|def|1
|-unboost|p1a: Great Tusk|spd|1
|
|-weather|SunnyDay|[upkeep]
|upkeep
|turn|4
|-enditem|p2a: Gholdengo|Custap Berry|[eat]
|-activate|p2a: Gholdengo|item: Custap Berry|[consumed]
|
|t:|1743816580
|move|p2a: Gholdengo|Dazzling Gleam|p1a: Great Tusk
|-supereffective|p1a: Great Tusk
|-damage|p1a: Great Tusk|0 fnt
|faint|p1a: Great Tusk
|-end|p1a: Great Tusk|Protosynthesis|[silent]
|
|-weather|SunnyDay|[upkeep]
|upkeep
|j| GoofyRonald756
|
|t:|1743816591
|switch|p1a: Iron Moth|Iron Moth|100/100
|-damage|p1a: Iron Moth|76/100|[from] Stealth Rock
|turn|5
|
|t:|1743816594
|switch|p2a: Glimmora|Glimmora, F|63/100
|move|p1a: Iron Moth|Fiery Dance|p2a: Glimmora
|-resisted|p2a: Glimmora
|-damage|p2a: Glimmora|36/100
|-boost|p1a: Iron Moth|spa|1
|
|-weather|SunnyDay|[upkeep]
|upkeep
|turn|6
|c| GoofyRonald756|Iron moth click earth power
|inactive|veilure has 120 seconds left.
|
|t:|1743816647
|move|p1a: Iron Moth|Fiery Dance|p2a: Glimmora
|-resisted|p2a: Glimmora
|-damage|p2a: Glimmora|0 fnt
|faint|p2a: Glimmora
|
|-weather|SunnyDay|[upkeep]
|upkeep
|
|t:|1743816655
|switch|p2a: Dragonite|Dragonite, F|100/100
|turn|7
|
|t:|1743816658
|move|p1a: Iron Moth|Sludge Wave|p2a: Dragonite
|-damage|p2a: Dragonite|62/100
|-status|p2a: Dragonite|psn
|move|p2a: Dragonite|Earthquake|p1a: Iron Moth
|-supereffective|p1a: Iron Moth
|-damage|p1a: Iron Moth|0 fnt
|faint|p1a: Iron Moth
|-end|p1a: Iron Moth|Quark Drive|[silent]
|
|-weather|SunnyDay|[upkeep]
|-damage|p2a: Dragonite|50/100 psn|[from] psn
|upkeep
|
|t:|1743816675
|switch|p1a: Whimsicott|Whimsicott, M|100/100
|-damage|p1a: Whimsicott|88/100|[from] Stealth Rock
|turn|8
|
|t:|1743816679
|move|p2a: Dragonite|Extreme Speed|p1a: Whimsicott
|-damage|p1a: Whimsicott|49/100
|move|p1a: Whimsicott|Moonblast|p2a: Dragonite
|-supereffective|p2a: Dragonite
|-damage|p2a: Dragonite|0 fnt
|faint|p2a: Dragonite
|-damage|p1a: Whimsicott|39/100|[from] item: Life Orb
|
|-weather|none
|upkeep
|
|t:|1743816687
|switch|p2a: Weavile|Weavile, F|100/100
|turn|9
|inactive|veilure has 120 seconds left.
|
|t:|1743816715
|move|p2a: Weavile|Triple Axel|p1a: Whimsicott
|-supereffective|p1a: Whimsicott
|-damage|p1a: Whimsicott|6/100
|-supereffective|p1a: Whimsicott
|-damage|p1a: Whimsicott|0 fnt
|faint|p1a: Whimsicott
|-hitcount|p1: Whimsicott|2
|-damage|p2a: Weavile|91/100|[from] item: Life Orb
|
|upkeep
|
|t:|1743816719
|switch|p1a: Ninetales|Ninetales, F|100/100
|-damage|p1a: Ninetales|76/100|[from] Stealth Rock
|-weather|SunnyDay|[from] ability: Drought|[of] p1a: Ninetales
|turn|10
|
|t:|1743816733
|move|p2a: Weavile|Knock Off|p1a: Ninetales
|-crit|p1a: Ninetales
|-damage|p1a: Ninetales|0 fnt
|-enditem|p1a: Ninetales|Heat Rock|[from] move: Knock Off|[of] p2a: Weavile
|faint|p1a: Ninetales
|-damage|p2a: Weavile|81/100|[from] item: Life Orb
|
|-weather|SunnyDay|[upkeep]
|upkeep
|
|t:|1743816738
|switch|p1a: Comfey|Comfey, M|100/100
|-damage|p1a: Comfey|88/100|[from] Stealth Rock
|turn|11
|
|t:|1743816742
|move|p2a: Weavile|Upper Hand|p1a: Comfey
|-resisted|p1a: Comfey
|-damage|p1a: Comfey|71/100
|-damage|p2a: Weavile|71/100|[from] item: Life Orb
|cant|p1a: Comfey|flinch
|
|-weather|SunnyDay|[upkeep]
|upkeep
|turn|12
|
|t:|1743816751
|move|p2a: Weavile|Upper Hand|p1a: Comfey
|-resisted|p1a: Comfey
|-damage|p1a: Comfey|55/100
|-damage|p2a: Weavile|61/100|[from] item: Life Orb
|cant|p1a: Comfey|flinch
|
|-weather|SunnyDay|[upkeep]
|upkeep
|turn|13
|
|t:|1743816761
|move|p2a: Weavile|Upper Hand||[still]
|-fail|p2a: Weavile
|move|p1a: Comfey|Growth|p1a: Comfey
|-boost|p1a: Comfey|atk|2
|-boost|p1a: Comfey|spa|2
|
|-weather|SunnyDay|[upkeep]
|upkeep
|turn|14
|
|t:|1743816765
|move|p2a: Weavile|Upper Hand||[still]
|-fail|p2a: Weavile
|move|p1a: Comfey|Growth|p1a: Comfey
|-boost|p1a: Comfey|atk|2
|-boost|p1a: Comfey|spa|2
|
|-weather|SunnyDay|[upkeep]
|upkeep
|turn|15
|
|t:|1743816767
|move|p2a: Weavile|Upper Hand|p1a: Comfey
|-resisted|p1a: Comfey
|-damage|p1a: Comfey|38/100
|-damage|p2a: Weavile|51/100|[from] item: Life Orb
|cant|p1a: Comfey|flinch
|
|-weather|SunnyDay|[upkeep]
|upkeep
|turn|16
|
|t:|1743816770
|move|p2a: Weavile|Upper Hand||[still]
|-fail|p2a: Weavile
|move|p1a: Comfey|Synthesis|p1a: Comfey
|-heal|p1a: Comfey|100/100
|
|-weather|SunnyDay|[upkeep]
|upkeep
|turn|17
|
|t:|1743816773
|move|p2a: Weavile|Upper Hand||[still]
|-fail|p2a: Weavile
|move|p1a: Comfey|Growth|p1a: Comfey
|-boost|p1a: Comfey|atk|2
|-boost|p1a: Comfey|spa|2
|
|-weather|none
|upkeep
|turn|18
|
|t:|1743816778
|move|p2a: Weavile|Upper Hand|p1a: Comfey
|-resisted|p1a: Comfey
|-damage|p1a: Comfey|83/100
|-damage|p2a: Weavile|41/100|[from] item: Life Orb
|cant|p1a: Comfey|flinch
|
|upkeep
|turn|19
|
|t:|1743816799
|move|p2a: Weavile|Upper Hand|p1a: Comfey
|-resisted|p1a: Comfey
|-damage|p1a: Comfey|68/100
|-damage|p2a: Weavile|31/100|[from] item: Life Orb
|cant|p1a: Comfey|flinch
|
|upkeep
|turn|20
|
|t:|1743816805
|move|p2a: Weavile|Upper Hand|p1a: Comfey
|-resisted|p1a: Comfey
|-damage|p1a: Comfey|51/100
|-damage|p2a: Weavile|21/100|[from] item: Life Orb
|cant|p1a: Comfey|flinch
|
|upkeep
|turn|21
|
|t:|1743816811
|move|p1a: Comfey|Synthesis|p1a: Comfey
|-heal|p1a: Comfey|100/100
|move|p2a: Weavile|Triple Axel|p1a: Comfey
|-damage|p1a: Comfey|85/100
|-damage|p1a: Comfey|52/100
|-damage|p1a: Comfey|8/100
|-hitcount|p1a: Comfey|3
|-damage|p2a: Weavile|11/100|[from] item: Life Orb
|
|upkeep
|turn|22
|
|t:|1743816814
|move|p2a: Weavile|Upper Hand|p1a: Comfey
|-resisted|p1a: Comfey
|-damage|p1a: Comfey|0 fnt
|faint|p1a: Comfey
|-damage|p2a: Weavile|1/100|[from] item: Life Orb
|
|upkeep
|c|☆veilure|GAH
|c|☆veilure|MiSCLICK
|
|t:|1743816824
|switch|p1a: Walking Wake|Walking Wake|100/100
|-damage|p1a: Walking Wake|88/100|[from] Stealth Rock
|turn|23
|
|t:|1743816832
|move|p2a: Weavile|Knock Off|p1a: Walking Wake
|-crit|p1a: Walking Wake
|-damage|p1a: Walking Wake|0 fnt
|-enditem|p1a: Walking Wake|Assault Vest|[from] move: Knock Off|[of] p2a: Weavile
|faint|p1a: Walking Wake
|-end|p1a: Walking Wake|Protosynthesis|[silent]
|-damage|p2a: Weavile|0 fnt|[from] item: Life Orb
|faint|p2a: Weavile
|
|win|carve the moon
|raw|veilure's rating: 1493 &rarr; <strong>1477</strong><br />(-16 for losing)
|raw|carve the moon's rating: 1566 &rarr; <strong>1582</strong><br />(+16 for winning)
|l|☆veilure
|player|p1|
|c|☆carve the moon|gg
