|j|☆zukario2
|j|☆BIG Ghettie
|t:|1743838010
|gametype|singles
|player|p1|zukario2|2|1321
|player|p2|BIG Ghettie|ghetsis|1266
|teamsize|p1|6
|teamsize|p2|6
|gen|9
|tier|[Gen 9] OU
|rated|
|rule|HP Percentage Mod: HP is shown in percentages
|rule|Endless Battle Clause: Forcing endless battles is banned
|rule|Species Clause: Limit one of each Pokémon
|rule|OHKO Clause: OHKO moves are banned
|rule|Evasion Items Clause: Evasion items are banned
|rule|Evasion Moves Clause: Evasion moves are banned
|rule|Sleep Moves Clause: Sleep-inducing moves are banned
|clearpoke
|poke|p1|Cinderace, M|
|poke|p1|Zapdos|
|poke|p1|Ting-Lu|
|poke|p1|Gholdengo|
|poke|p1|Zamazenta-*|
|poke|p1|Ogerpon-Wellspring, F|
|poke|p2|Gengar, F|
|poke|p2|Arcanine-Hisui, F|
|poke|p2|Blastoise, F|
|poke|p2|Skarmory, F|
|poke|p2|Metagross|
|poke|p2|Gliscor, M|
|teampreview
|inactive|Battle timer is ON: inactive players will automatically lose when time's up. (requested by zukario2)
|inactive|BIG Ghettie has 120 seconds left.
|
|t:|1743838045
|start
|switch|p1a: Ting-Lu|Ting-Lu|100/100
|switch|p2a: Gliscor|Gliscor, M, shiny|100/100
|-ability|p1a: Ting-Lu|Vessel of Ruin
|turn|1
|
|t:|1743838057
|move|p2a: Gliscor|Toxic|p1a: Ting-Lu
|-status|p1a: Ting-Lu|tox
|move|p1a: Ting-Lu|Stealth Rock|p2a: Gliscor
|-sidestart|p2: BIG Ghettie|move: Stealth Rock
|
|-damage|p1a: Ting-Lu|94/100 tox|[from] psn
|-status|p2a: Gliscor|tox|[from] item: Toxic Orb
|upkeep
|turn|2
|
|t:|1743838077
|switch|p1a: Gholdengo|Gholdengo|100/100
|-item|p1a: Gholdengo|Air Balloon
|move|p2a: Gliscor|Spikes|p1a: Gholdengo
|-sidestart|p1: zukario2|Spikes
|
|upkeep
|turn|3
|
|t:|1743838092
|switch|p2a: Sky|Skarmory, F, shiny|100/100
|-damage|p2a: Sky|88/100|[from] Stealth Rock
|move|p1a: Gholdengo|Hex|p2a: Sky
|-damage|p2a: Sky|54/100
|
|upkeep
|turn|4
|
|t:|1743838102
|move|p1a: Gholdengo|Nasty Plot|p1a: Gholdengo
|-boost|p1a: Gholdengo|spa|2
|move|p2a: Sky|Roost|p2a: Sky
|-heal|p2a: Sky|100/100
|-singleturn|p2a: Sky|move: Roost
|
|upkeep
|turn|5
|
|t:|1743838114
|move|p1a: Gholdengo|Nasty Plot|p1a: Gholdengo
|-boost|p1a: Gholdengo|spa|2
|move|p2a: Sky|Stealth Rock|p1a: Gholdengo
|-sidestart|p1: zukario2|move: Stealth Rock
|
|upkeep
|turn|6
|inactive|BIG Ghettie has 120 seconds left.
|inactive|BIG Ghettie has 90 seconds left.
|
|t:|1743838198
|switch|p2a: Big Ghettie|Metagross, shiny|100/100
|-damage|p2a: Big Ghettie|94/100|[from] Stealth Rock
|move|p1a: Gholdengo|Make It Rain|p2a: Big Ghettie
|-resisted|p2a: Big Ghettie
|-damage|p2a: Big Ghettie|33/100
|-unboost|p1a: Gholdengo|spa|1
|
|upkeep
|turn|7
|
|t:|1743838210
|move|p2a: Big Ghettie|Bullet Punch|p1a: Gholdengo
|-resisted|p1a: Gholdengo
|-damage|p1a: Gholdengo|86/100
|-enditem|p1a: Gholdengo|Air Balloon
|move|p1a: Gholdengo|Hex|p2a: Big Ghettie
|-supereffective|p2a: Big Ghettie
|-damage|p2a: Big Ghettie|0 fnt
|faint|p2a: Big Ghettie
|
|upkeep
|
|t:|1743838218
|switch|p2a: Joker|Gengar, F, shiny|100/100
|-damage|p2a: Joker|88/100|[from] Stealth Rock
|turn|8
|
|t:|1743838230
|-terastallize|p1a: Gholdengo|Fairy
|move|p2a: Joker|Shadow Ball|p1a: Gholdengo
|-damage|p1a: Gholdengo|40/100
|move|p1a: Gholdengo|Make It Rain|p2a: Joker
|-damage|p2a: Joker|0 fnt
|-unboost|p1a: Gholdengo|spa|1
|faint|p2a: Joker
|
|upkeep
|
|t:|1743838243
|switch|p2a: Rocky|Arcanine-Hisui, F, shiny|100/100
|-damage|p2a: Rocky|76/100|[from] Stealth Rock
|turn|9
|inactive|BIG Ghettie has 60 seconds left.
|
|t:|1743838269
|switch|p1a: Ting-Lu|Ting-Lu|94/100 tox
|-damage|p1a: Ting-Lu|82/100 tox|[from] Spikes
|-damage|p1a: Ting-Lu|76/100 tox|[from] Stealth Rock
|-ability|p1a: Ting-Lu|Vessel of Ruin
|move|p2a: Rocky|Flare Blitz|p1a: Ting-Lu
|-damage|p1a: Ting-Lu|43/100 tox
|
|-heal|p1a: Ting-Lu|49/100 tox|[from] item: Leftovers
|-damage|p1a: Ting-Lu|43/100 tox|[from] psn
|upkeep
|turn|10
|
|t:|1743838282
|move|p2a: Rocky|Flare Blitz|p1a: Ting-Lu
|-damage|p1a: Ting-Lu|14/100 tox
|move|p1a: Ting-Lu|Earthquake|p2a: Rocky
|-supereffective|p2a: Rocky
|-damage|p2a: Rocky|0 fnt
|faint|p2a: Rocky
|
|-heal|p1a: Ting-Lu|20/100 tox|[from] item: Leftovers
|-damage|p1a: Ting-Lu|8/100 tox|[from] psn
|upkeep
|
|t:|1743838291
|switch|p2a: Flow|Blastoise, F, shiny|100/100
|-damage|p2a: Flow|88/100|[from] Stealth Rock
|turn|11
|
|t:|1743838300
|move|p2a: Flow|Shell Smash|p2a: Flow
|-unboost|p2a: Flow|def|1
|-unboost|p2a: Flow|spd|1
|-boost|p2a: Flow|atk|2
|-boost|p2a: Flow|spa|2
|-boost|p2a: Flow|spe|2
|-enditem|p2a: Flow|White Herb
|-clearnegativeboost|p2a: Flow|[silent]
|move|p1a: Ting-Lu|Whirlwind|p2a: Flow
|drag|p2a: Gliscor|Gliscor, M, shiny|100/100 tox
|-damage|p2a: Gliscor|88/100 tox|[from] Stealth Rock
|
|-heal|p1a: Ting-Lu|14/100 tox|[from] item: Leftovers
|-heal|p2a: Gliscor|100/100 tox|[from] ability: Poison Heal
|-damage|p1a: Ting-Lu|0 fnt|[from] psn
|faint|p1a: Ting-Lu
|upkeep
|
|t:|1743838317
|switch|p1a: Ogerpon|Ogerpon-Wellspring, F|100/100
|-damage|p1a: Ogerpon|88/100|[from] Spikes
|-damage|p1a: Ogerpon|76/100|[from] Stealth Rock
|turn|12
|inactive|BIG Ghettie has 60 seconds left.
|
|t:|1743838341
|-terastallize|p2a: Gliscor|Water
|move|p1a: Ogerpon|Ivy Cudgel|p2a: Gliscor|[anim] Ivy Cudgel Water
|-resisted|p2a: Gliscor
|-damage|p2a: Gliscor|78/100 tox
|move|p2a: Gliscor|Toxic|p1a: Ogerpon
|-status|p1a: Ogerpon|tox
|
|-damage|p1a: Ogerpon|70/100 tox|[from] psn
|-heal|p2a: Gliscor|90/100 tox|[from] ability: Poison Heal
|upkeep
|turn|13
|
|t:|1743838356
|move|p2a: Gliscor|Protect|p2a: Gliscor
|-singleturn|p2a: Gliscor|Protect
|move|p1a: Ogerpon|Horn Leech|p2a: Gliscor
|-activate|p2a: Gliscor|move: Protect
|
|-damage|p1a: Ogerpon|58/100 tox|[from] psn
|-heal|p2a: Gliscor|100/100 tox|[from] ability: Poison Heal
|upkeep
|turn|14
|
|t:|1743838378
|switch|p2a: Sky|Skarmory, F, shiny|100/100
|-damage|p2a: Sky|88/100|[from] Stealth Rock
|move|p1a: Ogerpon|Horn Leech|p2a: Sky
|-resisted|p2a: Sky
|-damage|p2a: Sky|80/100
|-heal|p1a: Ogerpon|63/100 tox|[from] drain|[of] p2a: Sky
|-damage|p1a: Ogerpon|46/100 tox|[from] item: Rocky Helmet|[of] p2a: Sky
|
|-damage|p1a: Ogerpon|28/100 tox|[from] psn
|upkeep
|turn|15
|
|t:|1743838393
|switch|p1a: Zapdos|Zapdos|100/100
|-damage|p1a: Zapdos|76/100|[from] Stealth Rock
|move|p2a: Sky|Iron Defense|p2a: Sky
|-boost|p2a: Sky|def|2
|
|upkeep
|turn|16
|inactive|BIG Ghettie has 30 seconds left.
|
|t:|1743838412
|move|p1a: Zapdos|Thunderbolt|p2a: Sky
|-supereffective|p2a: Sky
|-damage|p2a: Sky|14/100
|move|p2a: Sky|Body Press|p1a: Zapdos
|-resisted|p1a: Zapdos
|-damage|p1a: Zapdos|60/100
|-damage|p2a: Sky|0 fnt|[from] item: Rocky Helmet|[of] p1a: Zapdos
|faint|p2a: Sky
|
|upkeep
|inactive|BIG Ghettie has 30 seconds left.
|
|t:|1743838425
|switch|p2a: Gliscor|Gliscor, M, shiny, tera:Water|100/100 tox
|-damage|p2a: Gliscor|88/100 tox|[from] Stealth Rock
|turn|17
|inactive|BIG Ghettie has 30 seconds left.
|
|t:|1743838430
|move|p1a: Zapdos|Thunderbolt|p2a: Gliscor
|-supereffective|p2a: Gliscor
|-damage|p2a: Gliscor|28/100 tox
|move|p2a: Gliscor|Toxic|p1a: Zapdos
|-status|p1a: Zapdos|tox
|
|-damage|p1a: Zapdos|54/100 tox|[from] psn
|-heal|p2a: Gliscor|41/100 tox|[from] ability: Poison Heal
|upkeep
|turn|18
|inactive|BIG Ghettie has 30 seconds left.
|
|t:|1743838444
|move|p2a: Gliscor|Protect|p2a: Gliscor
|-singleturn|p2a: Gliscor|Protect
|move|p1a: Zapdos|Roost|p1a: Zapdos
|-heal|p1a: Zapdos|100/100 tox
|-singleturn|p1a: Zapdos|move: Roost
|
|-damage|p1a: Zapdos|88/100 tox|[from] psn
|-heal|p2a: Gliscor|53/100 tox|[from] ability: Poison Heal
|upkeep
|turn|19
|inactive|BIG Ghettie has 30 seconds left.
|inactive|BIG Ghettie has 20 seconds left.
|inactive|BIG Ghettie has 15 seconds left.
|inactive|BIG Ghettie has 10 seconds left.
|inactive|BIG Ghettie has 5 seconds left.
|
|t:|1743838482
|move|p2a: Gliscor|Protect||[still]
|-fail|p2a: Gliscor
|move|p1a: Zapdos|Thunderbolt|p2a: Gliscor
|-supereffective|p2a: Gliscor
|-damage|p2a: Gliscor|0 fnt
|faint|p2a: Gliscor
|
|-damage|p1a: Zapdos|70/100 tox|[from] psn
|upkeep
|inactive|BIG Ghettie has 10 seconds left this turn.
|inactive|BIG Ghettie has 5 seconds left.
|
|t:|1743838487
|switch|p2a: Flow|Blastoise, F, shiny|88/100
|-damage|p2a: Flow|76/100|[from] Stealth Rock
|turn|20
|inactive|BIG Ghettie has 15 seconds left this turn.
|
|t:|1743838495
|move|p2a: Flow|Shell Smash|p2a: Flow
|-unboost|p2a: Flow|def|1
|-unboost|p2a: Flow|spd|1
|-boost|p2a: Flow|atk|2
|-boost|p2a: Flow|spa|2
|-boost|p2a: Flow|spe|2
|move|p1a: Zapdos|Thunderbolt|p2a: Flow
|-supereffective|p2a: Flow
|-damage|p2a: Flow|0 fnt
|faint|p2a: Flow
|
|win|zukario2
|inactive|BIG Ghettie has 20 seconds left this turn.
|raw|zukario2's rating: 1321 &rarr; <strong>1338</strong><br />(+17 for winning)
|raw|BIG Ghettie's rating: 1266 &rarr; <strong>1245</strong><br />(-21 for losing)
|l|☆BIG Ghettie
|player|p2|
|l|☆zukario2
|player|p1|
