|j|☆Ndi Eze
|j|☆tyreek10
|t:|1743837659
|gametype|singles
|player|p1|Ndi Eze|marshal|1243
|player|p2|tyreek10|cynthia-gen4|1309
|teamsize|p1|6
|teamsize|p2|6
|gen|9
|tier|[Gen 9] OU
|rated|
|rule|HP Percentage Mod: HP is shown in percentages
|rule|Endless Battle Clause: Forcing endless battles is banned
|rule|Species Clause: Limit one of each Pokémon
|rule|OHKO Clause: OHKO moves are banned
|rule|Evasion Items Clause: Evasion items are banned
|rule|Evasion Moves Clause: Evasion moves are banned
|rule|Sleep Moves Clause: Sleep-inducing moves are banned
|clearpoke
|poke|p1|Mamoswine, M|
|poke|p1|Garganacl, F|
|poke|p1|Iron Moth|
|poke|p1|Quaquaval, F|
|poke|p1|Zapdos|
|poke|p1|Araquanid, F|
|poke|p2|Iron Crown|
|poke|p2|Iron Hands|
|poke|p2|Grimmsnarl, M|
|poke|p2|Great Tusk|
|poke|p2|Dragonite, M|
|poke|p2|Glimmora, F|
|teampreview
|inactive|Battle timer is ON: inactive players will automatically lose when time's up. (requested by tyreek10)
|
|t:|1743837682
|start
|switch|p1a: Zapdos|Zapdos, shiny|100/100
|switch|p2a: Grimmsnarl|Grimmsnarl, M, shiny|100/100
|turn|1
|
|t:|1743837698
|move|p2a: Grimmsnarl|Light Screen|p2a: Grimmsnarl
|-sidestart|p2: tyreek10|move: Light Screen
|move|p1a: Zapdos|Thunder Wave|p2a: Grimmsnarl
|-status|p2a: Grimmsnarl|par
|
|upkeep
|turn|2
|inactive|Ndi Eze has 120 seconds left.
|
|t:|1743837737
|move|p1a: Zapdos|Volt Switch|p2a: Grimmsnarl
|-crit|p2a: Grimmsnarl
|-damage|p2a: Grimmsnarl|52/100 par
|
|t:|1743837747
|switch|p1a: Araquanid|Araquanid, F, shiny|100/100|[from] Volt Switch
|move|p2a: Grimmsnarl|Spirit Break|p1a: Araquanid
|-damage|p1a: Araquanid|69/100
|-unboost|p1a: Araquanid|spa|1
|
|upkeep
|turn|3
|
|t:|1743837758
|move|p2a: Grimmsnarl|Reflect|p2a: Grimmsnarl
|-sidestart|p2: tyreek10|Reflect
|move|p1a: Araquanid|Sticky Web|p2a: Grimmsnarl
|-sidestart|p2: tyreek10|move: Sticky Web
|
|upkeep
|turn|4
|inactive|Ndi Eze has 120 seconds left.
|
|t:|1743837772
|move|p1a: Araquanid|Liquidation|p2a: Grimmsnarl
|-damage|p2a: Grimmsnarl|21/100 par
|move|p2a: Grimmsnarl|Spirit Break|p1a: Araquanid
|-damage|p1a: Araquanid|34/100
|-unboost|p1a: Araquanid|spa|1
|
|upkeep
|turn|5
|
|t:|1743837781
|move|p2a: Grimmsnarl|Parting Shot|p1a: Araquanid
|-unboost|p1a: Araquanid|atk|1
|-unboost|p1a: Araquanid|spa|1
|
|t:|1743837785
|switch|p2a: Dragonite|Dragonite, M|100/100|[from] Parting Shot
|move|p1a: Araquanid|Liquidation|p2a: Dragonite
|-resisted|p2a: Dragonite
|-damage|p2a: Dragonite|95/100
|
|upkeep
|turn|6
|
|t:|1743837795
|move|p2a: Dragonite|Dragon Dance|p2a: Dragonite
|-boost|p2a: Dragonite|atk|1
|-boost|p2a: Dragonite|spe|1
|move|p1a: Araquanid|Pounce|p2a: Dragonite
|-resisted|p2a: Dragonite
|-damage|p2a: Dragonite|91/100
|-unboost|p2a: Dragonite|spe|1
|
|upkeep
|turn|7
|
|t:|1743837805
|move|p2a: Dragonite|Dragon Dance|p2a: Dragonite
|-boost|p2a: Dragonite|atk|1
|-boost|p2a: Dragonite|spe|1
|move|p1a: Araquanid|Pounce|p2a: Dragonite
|-resisted|p2a: Dragonite
|-damage|p2a: Dragonite|88/100
|-unboost|p2a: Dragonite|spe|1
|
|upkeep
|turn|8
|
|t:|1743837812
|move|p2a: Dragonite|Dragon Dance|p2a: Dragonite
|-boost|p2a: Dragonite|atk|1
|-boost|p2a: Dragonite|spe|1
|move|p1a: Araquanid|Pounce|p2a: Dragonite
|-resisted|p2a: Dragonite
|-damage|p2a: Dragonite|84/100
|-unboost|p2a: Dragonite|spe|1
|
|-sideend|p2: tyreek10|move: Light Screen
|upkeep
|turn|9
|
|t:|1743837825
|move|p2a: Dragonite|Dragon Dance|p2a: Dragonite
|-boost|p2a: Dragonite|atk|1
|-boost|p2a: Dragonite|spe|1
|move|p1a: Araquanid|Pounce|p2a: Dragonite
|-resisted|p2a: Dragonite
|-damage|p2a: Dragonite|81/100
|-unboost|p2a: Dragonite|spe|1
|
|upkeep
|turn|10
|
|t:|1743837848
|move|p2a: Dragonite|Dragon Dance|p2a: Dragonite
|-boost|p2a: Dragonite|atk|1
|-boost|p2a: Dragonite|spe|1
|move|p1a: Araquanid|Pounce|p2a: Dragonite
|-resisted|p2a: Dragonite
|-damage|p2a: Dragonite|77/100
|-unboost|p2a: Dragonite|spe|1
|
|-sideend|p2: tyreek10|Reflect
|upkeep
|turn|11
|
|t:|1743837856
|move|p2a: Dragonite|Scale Shot|p1a: Araquanid
|-damage|p1a: Araquanid|0 fnt
|faint|p1a: Araquanid
|-hitcount|p1: Araquanid|1
|-unboost|p2a: Dragonite|def|1
|-boost|p2a: Dragonite|spe|1
|
|upkeep
|
|t:|1743837878
|switch|p1a: Mamoswine|Mamoswine, M|100/100
|turn|12
|
|t:|1743837884
|move|p1a: Mamoswine|Ice Shard|p2a: Dragonite
|-supereffective|p2a: Dragonite
|-damage|p2a: Dragonite|0 fnt
|faint|p2a: Dragonite
|
|upkeep
|
|t:|1743837889
|switch|p2a: Grimmsnarl|Grimmsnarl, M, shiny|21/100 par
|-activate|p2a: Grimmsnarl|move: Sticky Web
|-unboost|p2a: Grimmsnarl|spe|1
|turn|13
|
|t:|1743837900
|move|p1a: Mamoswine|Ice Shard|p2a: Grimmsnarl
|-damage|p2a: Grimmsnarl|0 fnt
|faint|p2a: Grimmsnarl
|
|upkeep
|
|t:|1743837917
|switch|p2a: Great Tusk|Great Tusk|100/100
|-activate|p2a: Great Tusk|move: Sticky Web
|-unboost|p2a: Great Tusk|spe|1
|-enditem|p2a: Great Tusk|Booster Energy
|-activate|p2a: Great Tusk|ability: Protosynthesis|[fromitem]
|-start|p2a: Great Tusk|protosynthesisatk
|turn|14
|
|t:|1743837927
|switch|p1a: Zapdos|Zapdos, shiny|100/100
|move|p2a: Great Tusk|Rapid Spin|p1a: Zapdos
|-damage|p1a: Zapdos|80/100
|-boost|p2a: Great Tusk|spe|1
|-status|p2a: Great Tusk|par|[from] ability: Static|[of] p1a: Zapdos
|-sideend|p2: tyreek10|Sticky Web|[from] move: Rapid Spin|[of] p2a: Great Tusk
|
|upkeep
|turn|15
|
|t:|1743837937
|move|p1a: Zapdos|Hurricane|p2a: Great Tusk
|-supereffective|p2a: Great Tusk
|-damage|p2a: Great Tusk|0 fnt
|faint|p2a: Great Tusk
|-end|p2a: Great Tusk|Protosynthesis|[silent]
|
|upkeep
|
|t:|1743837956
|switch|p2a: Iron Hands|Iron Hands|100/100
|turn|16
|
|t:|1743837984
|move|p1a: Zapdos|Hurricane|p2a: Iron Hands
|-damage|p2a: Iron Hands|56/100
|move|p2a: Iron Hands|Swords Dance|p2a: Iron Hands
|-boost|p2a: Iron Hands|atk|2
|
|-heal|p2a: Iron Hands|62/100|[from] item: Leftovers
|upkeep
|turn|17
|
|t:|1743837997
|-terastallize|p2a: Iron Hands|Steel
|move|p1a: Zapdos|Hurricane|p2a: Iron Hands
|-resisted|p2a: Iron Hands
|-damage|p2a: Iron Hands|40/100
|-start|p2a: Iron Hands|confusion
|-activate|p2a: Iron Hands|confusion
|-damage|p2a: Iron Hands|24/100|[from] confusion
|
|-heal|p2a: Iron Hands|30/100|[from] item: Leftovers
|upkeep
|turn|18
|-message|tyreek10 forfeited.
|
|win|Ndi Eze
|raw|Ndi Eze's rating: 1243 &rarr; <strong>1273</strong><br />(+30 for winning)
|raw|tyreek10's rating: 1309 &rarr; <strong>1285</strong><br />(-24 for losing)
|l|☆tyreek10
|player|p2|
|l|☆Ndi Eze
|player|p1|
