|j|☆todorookie
|j|☆Vbgr
|t:|1743936960
|gametype|singles
|player|p1|todorookie|n|1499
|player|p2|Vbgr|ingo|1587
|teamsize|p1|6
|teamsize|p2|6
|gen|9
|tier|[Gen 9] OU
|rated|
|rule|HP Percentage Mod: HP is shown in percentages
|rule|Endless Battle Clause: Forcing endless battles is banned
|rule|Species Clause: Limit one of each Pokémon
|rule|OHKO Clause: OHKO moves are banned
|rule|Evasion Items Clause: Evasion items are banned
|rule|Evasion Moves Clause: Evasion moves are banned
|rule|Sleep Moves Clause: Sleep-inducing moves are banned
|clearpoke
|poke|p1|Garganacl, M|
|poke|p1|Weezing-Galar, F|
|poke|p1|Corviknight, M|
|poke|p1|Dragapult, M|
|poke|p1|Slowking-Galar, F|
|poke|p1|Samurott-Hisui, F|
|poke|p2|Thundurus, M|
|poke|p2|Kyurem|
|poke|p2|Cinderace, F|
|poke|p2|Ursaluna, F|
|poke|p2|Skarmory, F|
|poke|p2|Primarina, M|
|teampreview
|inactive|Battle timer is ON: inactive players will automatically lose when time's up. (requested by todorookie)
|
|t:|1743936971
|start
|switch|p1a: Garganacl|Garganacl, M|100/100
|switch|p2a: Kyurem|Kyurem|100/100
|-ability|p2a: Kyurem|Pressure
|turn|1
|
|t:|1743936977
|-terastallize|p2a: Kyurem|Ground
|move|p2a: Kyurem|Earth Power|p1a: Garganacl
|-supereffective|p1a: Garganacl
|-damage|p1a: Garganacl|3/100
|move|p1a: Garganacl|Stealth Rock|p2a: Kyurem
|-sidestart|p2: Vbgr|move: Stealth Rock
|
|-heal|p1a: Garganacl|10/100|[from] item: Leftovers
|upkeep
|turn|2
|
|t:|1743936986
|switch|p2a: Cinderace|Cinderace, F|100/100
|switch|p1a: Corviknight|Corviknight, M|100/100
|-ability|p1a: Corviknight|Pressure
|
|upkeep
|turn|3
|
|t:|1743936990
|move|p2a: Cinderace|Court Change|p2a: Cinderace
|-start|p2a: Cinderace|typechange|Normal|[from] ability: Libero
|-swapsideconditions
|-activate|p2a: Cinderace|move: Court Change
|move|p1a: Corviknight|Body Press|p2a: Cinderace
|-supereffective|p2a: Cinderace
|-damage|p2a: Cinderace|21/100
|
|upkeep
|turn|4
|
|t:|1743936997
|move|p2a: Cinderace|Pyro Ball|p1a: Corviknight
|-supereffective|p1a: Corviknight
|-damage|p1a: Corviknight|50/100
|move|p1a: Corviknight|Body Press|p2a: Cinderace
|-supereffective|p2a: Cinderace
|-damage|p2a: Cinderace|0 fnt
|faint|p2a: Cinderace
|
|upkeep
|
|t:|1743937002
|switch|p2a: Primarina|Primarina, M|100/100
|turn|5
|
|t:|1743937008
|switch|p1a: Slowking|Slowking-Galar, F|100/100
|-damage|p1a: Slowking|88/100|[from] Stealth Rock
|move|p2a: Primarina|Surf|p1a: Slowking
|-damage|p1a: Slowking|67/100
|
|upkeep
|turn|6
|
|t:|1743937016
|move|p2a: Primarina|Flip Turn|p1a: Slowking
|-damage|p1a: Slowking|53/100
|
|t:|1743937019
|switch|p2a: Ursaluna|Ursaluna, F|100/100|[from] Flip Turn
|move|p1a: Slowking|Flamethrower|p2a: Ursaluna
|-damage|p2a: Ursaluna|76/100
|-status|p2a: Ursaluna|brn
|
|-damage|p2a: Ursaluna|70/100 brn|[from] brn
|upkeep
|turn|7
|
|t:|1743937026
|switch|p1a: Corviknight|Corviknight, M|50/100
|-damage|p1a: Corviknight|38/100|[from] Stealth Rock
|-ability|p1a: Corviknight|Pressure
|move|p2a: Ursaluna|Facade|p1a: Corviknight
|-resisted|p1a: Corviknight
|-damage|p1a: Corviknight|3/100
|-damage|p2a: Ursaluna|53/100 brn|[from] item: Rocky Helmet|[of] p1a: Corviknight
|
|-damage|p2a: Ursaluna|47/100 brn|[from] brn
|upkeep
|turn|8
|
|t:|1743937035
|move|p2a: Ursaluna|Facade|p1a: Corviknight
|-resisted|p1a: Corviknight
|-damage|p1a: Corviknight|0 fnt
|-damage|p2a: Ursaluna|31/100 brn|[from] item: Rocky Helmet|[of] p1a: Corviknight
|faint|p1a: Corviknight
|
|-damage|p2a: Ursaluna|24/100 brn|[from] brn
|upkeep
|
|t:|1743937048
|switch|p1a: Samurott|Samurott-Hisui, F|100/100
|-damage|p1a: Samurott|88/100|[from] Stealth Rock
|turn|9
|
|t:|1743937053
|switch|p2a: Skarmory|Skarmory, F|100/100
|move|p1a: Samurott|Ceaseless Edge|p2a: Skarmory
|-damage|p2a: Skarmory|73/100
|-damage|p1a: Samurott|72/100|[from] item: Rocky Helmet|[of] p2a: Skarmory
|-sidestart|p2: Vbgr|Spikes
|
|upkeep
|turn|10
|
|t:|1743937066
|switch|p1a: Garganacl|Garganacl, M|10/100
|-damage|p1a: Garganacl|0 fnt|[from] Stealth Rock
|faint|p1a: Garganacl
|move|p2a: Skarmory|Brave Bird|p1: Garganacl|[notarget]
|-fail|p2a: Skarmory
|
|upkeep
|
|t:|1743937076
|switch|p1a: Dragapult|Dragapult, M|100/100
|turn|11
|
|t:|1743937079
|switch|p2a: Primarina|Primarina, M|100/100
|-damage|p2a: Primarina|88/100|[from] Spikes
|move|p1a: Dragapult|Will-O-Wisp|p2a: Primarina
|-status|p2a: Primarina|brn
|
|-damage|p2a: Primarina|82/100 brn|[from] brn
|upkeep
|turn|12
|
|t:|1743937089
|move|p1a: Dragapult|U-turn|p2a: Primarina
|-resisted|p2a: Primarina
|-damage|p2a: Primarina|67/100 brn
|
|t:|1743937093
|switch|p1a: Slowking|Slowking-Galar, F|87/100|[from] U-turn
|-damage|p1a: Slowking|74/100|[from] Stealth Rock
|move|p2a: Primarina|Moonblast|p1a: Slowking
|-resisted|p1a: Slowking
|-damage|p1a: Slowking|63/100
|-unboost|p1a: Slowking|spa|1
|
|-damage|p2a: Primarina|61/100 brn|[from] brn
|upkeep
|turn|13
|
|t:|1743937103
|move|p2a: Primarina|Flip Turn|p1a: Slowking
|-damage|p1a: Slowking|56/100
|
|t:|1743937110
|switch|p2a: Kyurem|Kyurem, tera:Ground|100/100|[from] Flip Turn
|-damage|p2a: Kyurem|88/100|[from] Spikes
|-ability|p2a: Kyurem|Pressure
|move|p1a: Slowking|Sludge Bomb|p2a: Kyurem
|-resisted|p2a: Kyurem
|-damage|p2a: Kyurem|76/100
|
|upkeep
|turn|14
|
|t:|1743937122
|switch|p1a: Weezing|Weezing-Galar, F|100/100
|-ability|p1a: Weezing|Neutralizing Gas
|move|p2a: Kyurem|Earth Power|p1a: Weezing
|-supereffective|p1a: Weezing
|-crit|p1a: Weezing
|-damage|p1a: Weezing|0 fnt
|faint|p1a: Weezing
|-end|p1a: Weezing|ability: Neutralizing Gas
|-ability|p2a: Kyurem|Pressure
|
|upkeep
|
|t:|1743937134
|switch|p1a: Samurott|Samurott-Hisui, F|72/100
|-damage|p1a: Samurott|59/100|[from] Stealth Rock
|turn|15
|inactive|todorookie has 120 seconds left.
|inactive|todorookie has 90 seconds left.
|
|t:|1743937212
|switch|p2a: Skarmory|Skarmory, F|73/100
|move|p1a: Samurott|Razor Shell|p2a: Skarmory
|-damage|p2a: Skarmory|42/100
|-damage|p1a: Samurott|43/100|[from] item: Rocky Helmet|[of] p2a: Skarmory
|
|upkeep
|turn|16
|
|t:|1743937222
|-terastallize|p1a: Samurott|Water
|move|p1a: Samurott|Razor Shell|p2a: Skarmory
|-damage|p2a: Skarmory|2/100
|-unboost|p2a: Skarmory|def|1
|-damage|p1a: Samurott|26/100|[from] item: Rocky Helmet|[of] p2a: Skarmory
|move|p2a: Skarmory|Roost|p2a: Skarmory
|-heal|p2a: Skarmory|52/100
|-singleturn|p2a: Skarmory|move: Roost
|
|upkeep
|turn|17
|c|☆Vbgr|broooo
|
|t:|1743937233
|move|p1a: Samurott|Razor Shell|p2a: Skarmory
|-damage|p2a: Skarmory|0 fnt
|-damage|p1a: Samurott|10/100|[from] item: Rocky Helmet|[of] p2a: Skarmory
|faint|p2a: Skarmory
|
|upkeep
|
|t:|1743937236
|switch|p2a: Thundurus|Thundurus, M|100/100
|turn|18
|
|t:|1743937242
|move|p1a: Samurott|Razor Shell|p2a: Thundurus
|-damage|p2a: Thundurus|0 fnt
|faint|p2a: Thundurus
|
|upkeep
|
|t:|1743937247
|switch|p2a: Primarina|Primarina, M|61/100 brn
|-damage|p2a: Primarina|49/100 brn|[from] Spikes
|turn|19
|inactive|todorookie has 90 seconds left.
|
|t:|1743937265
|move|p2a: Primarina|Aqua Jet|p1a: Samurott
|-resisted|p1a: Samurott
|-damage|p1a: Samurott|6/100
|move|p1a: Samurott|Razor Shell|p2a: Primarina|[miss]
|-miss|p1a: Samurott|p2a: Primarina
|
|-damage|p2a: Primarina|43/100 brn|[from] brn
|upkeep
|turn|20
|inactive|todorookie has 90 seconds left.
|
|t:|1743937272
|move|p2a: Primarina|Aqua Jet|p1a: Samurott
|-resisted|p1a: Samurott
|-damage|p1a: Samurott|4/100
|move|p1a: Samurott|Razor Shell|p2a: Primarina
|-resisted|p2a: Primarina
|-damage|p2a: Primarina|0 fnt
|faint|p2a: Primarina
|
|upkeep
|
|t:|1743937278
|switch|p2a: Kyurem|Kyurem, tera:Ground|76/100
|-damage|p2a: Kyurem|64/100|[from] Spikes
|-ability|p2a: Kyurem|Pressure
|turn|21
|c|☆todorookie|lol
|c|☆todorookie|gg
|
|t:|1743937286
|move|p1a: Samurott|Razor Shell|p2a: Kyurem
|-supereffective|p2a: Kyurem
|-damage|p2a: Kyurem|0 fnt
|faint|p2a: Kyurem
|
|upkeep
|c|☆Vbgr|gg
|-message|Vbgr forfeited.
|
|win|todorookie
|raw|todorookie's rating: 1499 &rarr; <strong>1524</strong><br />(+25 for winning)
|raw|Vbgr's rating: 1587 &rarr; <strong>1562</strong><br />(-25 for losing)
|l|☆Vbgr
|player|p2|
|l|☆todorookie
|player|p1|
