|j|☆currieman69
|j|☆yangde
|t:|1743927037
|gametype|singles
|player|p1|currieman69|marlon|1223
|player|p2|yangde|101|1299
|teamsize|p1|6
|teamsize|p2|6
|gen|9
|tier|[Gen 9] OU
|rated|
|rule|HP Percentage Mod: HP is shown in percentages
|rule|Endless Battle Clause: Forcing endless battles is banned
|rule|Species Clause: Limit one of each Pokémon
|rule|OHKO Clause: OHKO moves are banned
|rule|Evasion Items Clause: Evasion items are banned
|rule|Evasion Moves Clause: Evasion moves are banned
|rule|Sleep Moves Clause: Sleep-inducing moves are banned
|clearpoke
|poke|p1|Frosmoth, F|
|poke|p1|Cinccino, F|
|poke|p1|Incineroar, M|
|poke|p1|Weezing-Galar, F|
|poke|p1|Sinistcha-Masterpiece|
|poke|p1|Alomomola, F|
|poke|p2|Ogerpon-Wellspring, F|
|poke|p2|Iron Moth|
|poke|p2|Iron Valiant|
|poke|p2|Raging Bolt|
|poke|p2|Kingambit, F|
|poke|p2|Great Tusk|
|teampreview
|
|t:|1743927053
|start
|switch|p1a: Sinistcha|Sinistcha-Masterpiece|100/100
|switch|p2a: Great Tusk|Great Tusk|100/100
|turn|1
|
|t:|1743927061
|move|p2a: Great Tusk|Stealth Rock|p1a: Sinistcha
|-sidestart|p1: currieman69|move: Stealth Rock
|move|p1a: Sinistcha|Matcha Gotcha|p2a: Great Tusk
|-supereffective|p2a: Great Tusk
|-damage|p2a: Great Tusk|0 fnt
|faint|p2a: Great Tusk
|-end|p2a: Great Tusk|Protosynthesis|[silent]
|
|upkeep
|
|t:|1743927096
|switch|p2a: Iron Valiant|Iron Valiant|100/100
|-enditem|p2a: Iron Valiant|Booster Energy
|-activate|p2a: Iron Valiant|ability: Quark Drive|[fromitem]
|-start|p2a: Iron Valiant|quarkdrivespe
|turn|2
|
|t:|1743927121
|move|p2a: Iron Valiant|Calm Mind|p2a: Iron Valiant
|-boost|p2a: Iron Valiant|spa|1
|-boost|p2a: Iron Valiant|spd|1
|move|p1a: Sinistcha|Matcha Gotcha|p2a: Iron Valiant
|-damage|p2a: Iron Valiant|60/100
|
|upkeep
|turn|3
|
|t:|1743927133
|move|p2a: Iron Valiant|Shadow Ball|p1a: Sinistcha
|-supereffective|p1a: Sinistcha
|-damage|p1a: Sinistcha|1/100
|move|p1a: Sinistcha|Calm Mind|p1a: Sinistcha
|-boost|p1a: Sinistcha|spa|1
|-boost|p1a: Sinistcha|spd|1
|
|upkeep
|turn|4
|
|t:|1743927163
|move|p2a: Iron Valiant|Moonblast|p1a: Sinistcha
|-damage|p1a: Sinistcha|0 fnt
|faint|p1a: Sinistcha
|
|upkeep
|
|t:|1743927172
|switch|p1a: Incineroar|Incineroar, M, shiny|100/100
|-ability|p1a: Incineroar|Intimidate|boost
|-unboost|p2a: Iron Valiant|atk|1
|turn|5
|
|t:|1743927185
|move|p2a: Iron Valiant|Moonblast|p1a: Incineroar
|-damage|p1a: Incineroar|32/100
|move|p1a: Incineroar|Flare Blitz|p2a: Iron Valiant
|-damage|p2a: Iron Valiant|0 fnt
|faint|p2a: Iron Valiant
|-end|p2a: Iron Valiant|Quark Drive|[silent]
|-damage|p1a: Incineroar|18/100|[from] Recoil
|
|upkeep
|
|t:|1743927195
|switch|p2a: Iron Moth|Iron Moth|100/100
|-enditem|p2a: Iron Moth|Booster Energy
|-activate|p2a: Iron Moth|ability: Quark Drive|[fromitem]
|-start|p2a: Iron Moth|quarkdrivespe
|turn|6
|
|t:|1743927236
|move|p2a: Iron Moth|Sludge Wave|p1a: Incineroar
|-damage|p1a: Incineroar|0 fnt
|faint|p1a: Incineroar
|
|upkeep
|
|t:|1743927252
|switch|p1a: Alomomola|Alomomola, F|100/100
|-damage|p1a: Alomomola|88/100|[from] Stealth Rock
|turn|7
|
|t:|1743927261
|-terastallize|p2a: Iron Moth|Fairy
|move|p2a: Iron Moth|Dazzling Gleam|p1a: Alomomola
|-damage|p1a: Alomomola|49/100
|move|p1a: Alomomola|Mirror Coat|p2a: Iron Moth
|-damage|p2a: Iron Moth|0 fnt
|faint|p2a: Iron Moth
|-end|p2a: Iron Moth|Quark Drive|[silent]
|
|upkeep
|
|t:|1743927269
|switch|p2a: Raging Bolt|Raging Bolt|100/100
|turn|8
|
|t:|1743927291
|switch|p1a: Weezing|Weezing-Galar, F, shiny|100/100
|-ability|p1a: Weezing|Neutralizing Gas
|-damage|p1a: Weezing|88/100|[from] Stealth Rock
|move|p2a: Raging Bolt|Volt Switch|p1a: Weezing
|-damage|p1a: Weezing|29/100
|
|t:|1743927299
|-end|p2a: Raging Bolt|Protosynthesis|[silent]
|switch|p2a: Ogerpon|Ogerpon-Wellspring, F|100/100|[from] Volt Switch
|
|upkeep
|turn|9
|
|t:|1743927332
|-terastallize|p1a: Weezing|Water
|move|p2a: Ogerpon|Swords Dance|p2a: Ogerpon
|-boost|p2a: Ogerpon|atk|2
|move|p1a: Weezing|Pain Split|p2a: Ogerpon
|-sethp|p2a: Ogerpon|66/100|[from] move: Pain Split|[silent]
|-sethp|p1a: Weezing|60/100|[from] move: Pain Split
|
|upkeep
|turn|10
|
|t:|1743927343
|move|p2a: Ogerpon|Power Whip|p1a: Weezing
|-supereffective|p1a: Weezing
|-damage|p1a: Weezing|0 fnt
|faint|p1a: Weezing
|-end|p1a: Weezing|ability: Neutralizing Gas
|
|upkeep
|
|t:|1743927350
|switch|p1a: Cinccino|Cinccino, F|100/100
|-damage|p1a: Cinccino|88/100|[from] Stealth Rock
|turn|11
|
|t:|1743927367
|move|p1a: Cinccino|Tail Slap|p2a: Ogerpon
|-damage|p2a: Ogerpon|44/100
|-damage|p2a: Ogerpon|25/100
|-damage|p2a: Ogerpon|3/100
|-damage|p2a: Ogerpon|0 fnt
|faint|p2a: Ogerpon
|-hitcount|p2: Ogerpon|4
|
|upkeep
|
|t:|1743927376
|switch|p2a: Raging Bolt|Raging Bolt|100/100
|turn|12
|
|t:|1743927392
|move|p1a: Cinccino|Triple Axel|p2a: Raging Bolt|[miss]
|-miss|p1a: Cinccino|p2a: Raging Bolt
|move|p2a: Raging Bolt|Dragon Pulse|p1a: Cinccino
|-damage|p1a: Cinccino|0 fnt
|faint|p1a: Cinccino
|
|upkeep
|
|t:|1743927408
|switch|p1a: Frosmoth|Frosmoth, F, shiny|100/100
|-damage|p1a: Frosmoth|51/100|[from] Stealth Rock
|turn|13
|
|t:|1743927422
|move|p2a: Raging Bolt|Thunderclap||[still]
|-fail|p2a: Raging Bolt
|move|p1a: Frosmoth|Quiver Dance|p1a: Frosmoth
|-boost|p1a: Frosmoth|spa|1
|-boost|p1a: Frosmoth|spd|1
|-boost|p1a: Frosmoth|spe|1
|
|-heal|p1a: Frosmoth|57/100|[from] item: Leftovers
|upkeep
|turn|14
|
|t:|1743927432
|move|p1a: Frosmoth|Quiver Dance|p1a: Frosmoth
|-boost|p1a: Frosmoth|spa|1
|-boost|p1a: Frosmoth|spd|1
|-boost|p1a: Frosmoth|spe|1
|move|p2a: Raging Bolt|Volt Switch|p1a: Frosmoth
|-damage|p1a: Frosmoth|49/100
|
|t:|1743927443
|-end|p2a: Raging Bolt|Protosynthesis|[silent]
|switch|p2a: Kingambit|Kingambit, F|100/100|[from] Volt Switch
|-activate|p2a: Kingambit|ability: Supreme Overlord
|-start|p2a: Kingambit|fallen4|[silent]
|
|-heal|p1a: Frosmoth|55/100|[from] item: Leftovers
|upkeep
|turn|15
|
|t:|1743927453
|move|p1a: Frosmoth|Ice Beam|p2a: Kingambit
|-resisted|p2a: Kingambit
|-damage|p2a: Kingambit|64/100
|move|p2a: Kingambit|Iron Head|p1a: Frosmoth
|-supereffective|p1a: Frosmoth
|-damage|p1a: Frosmoth|0 fnt
|faint|p1a: Frosmoth
|
|-heal|p2a: Kingambit|71/100|[from] item: Leftovers
|upkeep
|
|t:|1743927464
|switch|p1a: Alomomola|Alomomola, F|83/100
|-damage|p1a: Alomomola|70/100|[from] Stealth Rock
|turn|16
|
|t:|1743927473
|move|p1a: Alomomola|Wish|p1a: Alomomola
|move|p2a: Kingambit|Kowtow Cleave|p1a: Alomomola
|-damage|p1a: Alomomola|22/100
|-damage|p2a: Kingambit|54/100|[from] item: Rocky Helmet|[of] p1a: Alomomola
|
|-heal|p2a: Kingambit|60/100|[from] item: Leftovers
|upkeep
|turn|17
|
|t:|1743927491
|move|p1a: Alomomola|Wish||[still]
|-fail|p1a: Alomomola
|move|p2a: Kingambit|Swords Dance|p2a: Kingambit
|-boost|p2a: Kingambit|atk|2
|
|-heal|p1a: Alomomola|72/100|[from] move: Wish|[wisher] Alomomola
|-heal|p2a: Kingambit|66/100|[from] item: Leftovers
|upkeep
|turn|18
|
|t:|1743927501
|move|p1a: Alomomola|Flip Turn|p2a: Kingambit
|-damage|p2a: Kingambit|55/100
|move|p2a: Kingambit|Swords Dance|p2a: Kingambit
|-boost|p2a: Kingambit|atk|2
|
|-heal|p2a: Kingambit|61/100|[from] item: Leftovers
|upkeep
|turn|19
|
|t:|1743927510
|move|p2a: Kingambit|Kowtow Cleave|p1a: Alomomola
|-damage|p1a: Alomomola|0 fnt
|-damage|p2a: Kingambit|44/100|[from] item: Rocky Helmet|[of] p1a: Alomomola
|faint|p1a: Alomomola
|
|win|yangde
|raw|currieman69's rating: 1223 &rarr; <strong>1203</strong><br />(-20 for losing)
|raw|yangde's rating: 1299 &rarr; <strong>1319</strong><br />(+20 for winning)
|l|☆yangde
|player|p2|
|l|☆currieman69
|player|p1|
