|j|☆123ebolaman
|j|☆0xfirar
|t:|1743938678
|gametype|singles
|player|p1|123ebolaman|blackbelt-gen4dp|1368
|player|p2|0xfirar|169|1355
|teamsize|p1|6
|teamsize|p2|6
|gen|9
|tier|[Gen 9] OU
|rated|
|rule|HP Percentage Mod: HP is shown in percentages
|rule|Endless Battle Clause: Forcing endless battles is banned
|rule|Species Clause: Limit one of each Pokémon
|rule|OHKO Clause: OHKO moves are banned
|rule|Evasion Items Clause: Evasion items are banned
|rule|Evasion Moves Clause: Evasion moves are banned
|rule|Sleep Moves Clause: Sleep-inducing moves are banned
|clearpoke
|poke|p1|Pelipper, M|
|poke|p1|Ogerpon-Wellspring, F|
|poke|p1|Barraskewda, F|
|poke|p1|Talonflame, F|
|poke|p1|Scizor, M|
|poke|p1|Great Tusk|
|poke|p2|Iron Treads|
|poke|p2|Darkrai|
|poke|p2|Sylveon, M|
|poke|p2|Slowking, M|
|poke|p2|Meowscarada, F|
|poke|p2|Garchomp, M|
|teampreview
|inactive|Battle timer is ON: inactive players will automatically lose when time's up. (requested by 123ebolaman)
|
|t:|1743938695
|start
|switch|p1a: Pelipper|Pelipper, M|100/100
|switch|p2a: Meowscarada|Meowscarada, F|100/100
|-weather|RainDance|[from] ability: Drizzle|[of] p1a: Pelipper
|turn|1
|
|t:|1743938704
|move|p2a: Meowscarada|U-turn|p1a: Pelipper
|-start|p2a: Meowscarada|typechange|Bug|[from] ability: Protean
|-resisted|p1a: Pelipper
|-damage|p1a: Pelipper|76/100
|
|t:|1743938717
|switch|p2a: Garchomp|Garchomp, M|100/100|[from] U-turn
|move|p1a: Pelipper|U-turn|p2a: Garchomp
|-damage|p2a: Garchomp|95/100
|-damage|p1a: Pelipper|64/100|[from] ability: Rough Skin|[of] p2a: Garchomp
|-damage|p1a: Pelipper|47/100|[from] item: Rocky Helmet|[of] p2a: Garchomp
|
|t:|1743938731
|switch|p1a: Great Tusk|Great Tusk|100/100|[from] U-turn
|
|-weather|RainDance|[upkeep]
|upkeep
|turn|2
|
|t:|1743938739
|switch|p2a: Slowking|Slowking, M|100/100
|move|p1a: Great Tusk|Ice Spinner|p2a: Slowking
|-resisted|p2a: Slowking
|-damage|p2a: Slowking|91/100
|
|-weather|RainDance|[upkeep]
|upkeep
|turn|3
|
|t:|1743938747
|move|p1a: Great Tusk|Knock Off|p2a: Slowking
|-supereffective|p2a: Slowking
|-damage|p2a: Slowking|44/100
|-enditem|p2a: Slowking|Heavy-Duty Boots|[from] move: Knock Off|[of] p1a: Great Tusk
|move|p2a: Slowking|Scald|p1a: Great Tusk
|-supereffective|p1a: Great Tusk
|-damage|p1a: Great Tusk|0 fnt
|faint|p1a: Great Tusk
|-end|p1a: Great Tusk|Protosynthesis|[silent]
|
|-weather|RainDance|[upkeep]
|upkeep
|
|t:|1743938758
|switch|p1a: Ogerpon|Ogerpon-Wellspring, F|100/100
|turn|4
|
|t:|1743938762
|switch|p2a: Meowscarada|Meowscarada, F|100/100
|move|p1a: Ogerpon|Swords Dance|p1a: Ogerpon
|-boost|p1a: Ogerpon|atk|2
|
|-weather|RainDance|[upkeep]
|upkeep
|turn|5
|inactive|0xfirar has 120 seconds left.
|
|t:|1743938796
|move|p2a: Meowscarada|U-turn|p1a: Ogerpon
|-start|p2a: Meowscarada|typechange|Bug|[from] ability: Protean
|-supereffective|p1a: Ogerpon
|-damage|p1a: Ogerpon|0 fnt
|faint|p1a: Ogerpon
|inactive|0xfirar has 120 seconds left.
|
|t:|1743938805
|switch|p2a: Slowking|Slowking, M|77/100|[from] U-turn
|
|-weather|RainDance|[upkeep]
|upkeep
|
|t:|1743938809
|switch|p1a: Talonflame|Talonflame, F|100/100
|turn|6
|
|t:|1743938814
|move|p1a: Talonflame|Hurricane|p2a: Slowking
|-damage|p2a: Slowking|37/100
|-start|p2a: Slowking|confusion
|-activate|p2a: Slowking|confusion
|-damage|p2a: Slowking|32/100|[from] confusion
|
|-weather|RainDance|[upkeep]
|upkeep
|turn|7
|
|t:|1743938827
|switch|p2a: Sylveon|Sylveon, M|100/100
|move|p1a: Talonflame|Hurricane|p2a: Sylveon
|-damage|p2a: Sylveon|62/100
|-start|p2a: Sylveon|confusion
|
|-weather|RainDance|[upkeep]
|-heal|p2a: Sylveon|69/100|[from] item: Leftovers
|upkeep
|turn|8
|inactive|0xfirar has 120 seconds left.
|
|t:|1743938852
|switch|p1a: Scizor|Scizor, M|100/100
|-activate|p2a: Sylveon|confusion
|move|p2a: Sylveon|Hyper Voice|p1a: Scizor
|-resisted|p1a: Scizor
|-damage|p1a: Scizor|75/100
|
|-weather|none
|-heal|p1a: Scizor|81/100|[from] item: Leftovers
|-heal|p2a: Sylveon|75/100|[from] item: Leftovers
|upkeep
|turn|9
|inactive|123ebolaman has 120 seconds left.
|
|t:|1743938884
|switch|p2a: Garchomp|Garchomp, M|95/100
|move|p1a: Scizor|Swords Dance|p1a: Scizor
|-boost|p1a: Scizor|atk|2
|
|-heal|p1a: Scizor|87/100|[from] item: Leftovers
|upkeep
|turn|10
|
|t:|1743938899
|move|p1a: Scizor|Dual Wingbeat|p2a: Garchomp
|-damage|p2a: Garchomp|67/100
|-damage|p1a: Scizor|75/100|[from] ability: Rough Skin|[of] p2a: Garchomp
|-damage|p1a: Scizor|58/100|[from] item: Rocky Helmet|[of] p2a: Garchomp
|-damage|p2a: Garchomp|38/100
|-damage|p1a: Scizor|46/100|[from] ability: Rough Skin|[of] p2a: Garchomp
|-damage|p1a: Scizor|29/100|[from] item: Rocky Helmet|[of] p2a: Garchomp
|-hitcount|p2a: Garchomp|2
|move|p2a: Garchomp|Dragon Tail|p1a: Scizor
|-resisted|p1a: Scizor
|-damage|p1a: Scizor|17/100
|drag|p1a: Barraskewda|Barraskewda, F|100/100
|
|upkeep
|turn|11
|inactive|0xfirar has 120 seconds left.
|
|t:|1743938914
|-terastallize|p1a: Barraskewda|Water
|move|p1a: Barraskewda|Flip Turn|p2a: Garchomp
|-damage|p2a: Garchomp|0 fnt
|-damage|p1a: Barraskewda|88/100|[from] ability: Rough Skin|[of] p2a: Garchomp
|-damage|p1a: Barraskewda|71/100|[from] item: Rocky Helmet|[of] p2a: Garchomp
|faint|p2a: Garchomp
|
|t:|1743938922
|switch|p1a: Pelipper|Pelipper, M|47/100|[from] Flip Turn
|-weather|RainDance|[from] ability: Drizzle|[of] p1a: Pelipper
|
|-weather|RainDance|[upkeep]
|upkeep
|inactive|0xfirar has 120 seconds left.
|
|t:|1743938935
|switch|p2a: Slowking|Slowking, M|65/100
|turn|12
|
|t:|1743938940
|move|p1a: Pelipper|Roost|p1a: Pelipper
|-heal|p1a: Pelipper|97/100
|-singleturn|p1a: Pelipper|move: Roost
|-prepare|p2a: Slowking|Chilly Reception|[premajor]
|move|p2a: Slowking|Chilly Reception|p2a: Slowking
|-weather|Snowscape
|inactive|0xfirar has 120 seconds left.
|
|t:|1743938956
|switch|p2a: Meowscarada|Meowscarada, F|100/100|[from] Chilly Reception
|
|-weather|Snowscape|[upkeep]
|upkeep
|turn|13
|
|t:|1743938963
|move|p2a: Meowscarada|Knock Off|p1a: Pelipper
|-start|p2a: Meowscarada|typechange|Dark|[from] ability: Protean
|-damage|p1a: Pelipper|28/100
|-enditem|p1a: Pelipper|Damp Rock|[from] move: Knock Off|[of] p2a: Meowscarada
|move|p1a: Pelipper|U-turn|p2a: Meowscarada
|-supereffective|p2a: Meowscarada
|-damage|p2a: Meowscarada|74/100
|
|t:|1743938980
|switch|p1a: Scizor|Scizor, M|17/100|[from] U-turn
|
|-weather|Snowscape|[upkeep]
|-heal|p1a: Scizor|23/100|[from] item: Leftovers
|upkeep
|turn|14
|
|t:|1743938986
|move|p1a: Scizor|Bullet Punch|p2a: Meowscarada
|-damage|p2a: Meowscarada|22/100
|move|p2a: Meowscarada|Knock Off|p1a: Scizor
|-damage|p1a: Scizor|0 fnt
|-enditem|p1a: Scizor|Leftovers|[from] move: Knock Off|[of] p2a: Meowscarada
|faint|p1a: Scizor
|
|-weather|Snowscape|[upkeep]
|upkeep
|
|t:|1743938999
|switch|p1a: Pelipper|Pelipper, M|28/100
|-weather|RainDance|[from] ability: Drizzle|[of] p1a: Pelipper
|turn|15
|
|t:|1743939005
|switch|p1a: Talonflame|Talonflame, F|100/100
|move|p2a: Meowscarada|Knock Off|p1a: Talonflame
|-damage|p1a: Talonflame|0 fnt
|-enditem|p1a: Talonflame|Choice Specs|[from] move: Knock Off|[of] p2a: Meowscarada
|faint|p1a: Talonflame
|
|-weather|RainDance|[upkeep]
|upkeep
|
|t:|1743939013
|switch|p1a: Barraskewda|Barraskewda, F, tera:Water|71/100
|turn|16
|
|t:|1743939033
|move|p1a: Barraskewda|Liquidation|p2a: Meowscarada
|-damage|p2a: Meowscarada|0 fnt
|faint|p2a: Meowscarada
|
|-weather|RainDance|[upkeep]
|upkeep
|
|t:|1743939042
|switch|p2a: Slowking|Slowking, M|98/100
|turn|17
|
|t:|1743939048
|move|p1a: Barraskewda|Liquidation|p2a: Slowking
|-resisted|p2a: Slowking
|-damage|p2a: Slowking|37/100
|-prepare|p2a: Slowking|Chilly Reception|[premajor]
|move|p2a: Slowking|Chilly Reception|p2a: Slowking
|-weather|Snowscape
|inactive|0xfirar has 120 seconds left.
|
|t:|1743939076
|switch|p2a: Darkrai|Darkrai|100/100|[from] Chilly Reception
|
|-weather|Snowscape|[upkeep]
|upkeep
|turn|18
|
|t:|1743939081
|switch|p1a: Pelipper|Pelipper, M|28/100
|-weather|RainDance|[from] ability: Drizzle|[of] p1a: Pelipper
|move|p2a: Darkrai|Dark Pulse|p1a: Pelipper
|-damage|p1a: Pelipper|0 fnt
|faint|p1a: Pelipper
|
|-weather|RainDance|[upkeep]
|upkeep
|
|t:|1743939089
|switch|p1a: Barraskewda|Barraskewda, F, tera:Water|71/100
|turn|19
|
|t:|1743939104
|switch|p2a: Iron Treads|Iron Treads|100/100
|-item|p2a: Iron Treads|Air Balloon
|move|p1a: Barraskewda|Liquidation|p2a: Iron Treads
|-supereffective|p2a: Iron Treads
|-damage|p2a: Iron Treads|0 fnt
|-enditem|p2a: Iron Treads|Air Balloon
|faint|p2a: Iron Treads
|-end|p2a: Iron Treads|Quark Drive|[silent]
|
|-weather|RainDance|[upkeep]
|upkeep
|
|t:|1743939114
|switch|p2a: Slowking|Slowking, M|70/100
|turn|20
|
|t:|1743939122
|move|p1a: Barraskewda|Liquidation|p2a: Slowking
|-resisted|p2a: Slowking
|-damage|p2a: Slowking|13/100
|-prepare|p2a: Slowking|Chilly Reception|[premajor]
|move|p2a: Slowking|Chilly Reception|p2a: Slowking
|-weather|Snowscape
|
|t:|1743939129
|switch|p2a: Darkrai|Darkrai|100/100|[from] Chilly Reception
|
|-weather|Snowscape|[upkeep]
|upkeep
|turn|21
|
|t:|1743939134
|move|p2a: Darkrai|Dark Pulse|p1a: Barraskewda
|-damage|p1a: Barraskewda|0 fnt
|faint|p1a: Barraskewda
|
|win|0xfirar
|raw|123ebolaman's rating: 1368 &rarr; <strong>1347</strong><br />(-21 for losing)
|raw|0xfirar's rating: 1355 &rarr; <strong>1376</strong><br />(+21 for winning)
|c|☆123ebolaman|gg
|c|☆0xfirar|gg
|l|☆123ebolaman
|player|p1|
|l|☆0xfirar
|player|p2|
