|j|☆pengzhengzhe
|j|☆brodiewhaat.
|t:|1743918769
|gametype|singles
|player|p1|pengzhengzhe|1|1223
|player|p2|brodiewhaat.|dragontamer|1291
|teamsize|p1|6
|teamsize|p2|6
|gen|9
|tier|[Gen 9] OU
|rated|
|rule|HP Percentage Mod: HP is shown in percentages
|rule|Endless Battle Clause: Forcing endless battles is banned
|rule|Species Clause: Limit one of each Pokémon
|rule|OHKO Clause: OHKO moves are banned
|rule|Evasion Items Clause: Evasion items are banned
|rule|Evasion Moves Clause: Evasion moves are banned
|rule|Sleep Moves Clause: Sleep-inducing moves are banned
|clearpoke
|poke|p1|Ceruledge, M|
|poke|p1|Glimmora, F|
|poke|p1|Kyurem|
|poke|p1|Kingambit, F|
|poke|p1|Iron Valiant|
|poke|p1|Gholdengo|
|poke|p2|Meowscarada, F|
|poke|p2|Samurott-Hisui, M|
|poke|p2|Gholdengo|
|poke|p2|Great Tusk|
|poke|p2|Tornadus-Therian, M|
|poke|p2|Heatran, M|
|teampreview
|inactive|Battle timer is ON: inactive players will automatically lose when time's up. (requested by brodiewhaat.)
|
|t:|1743918784
|start
|switch|p1a: Glimmora|Glimmora, F|100/100
|switch|p2a: Samurott|Samurott-Hisui, M|100/100
|turn|1
|
|t:|1743918794
|move|p2a: Samurott|Razor Shell|p1a: Glimmora
|-supereffective|p1a: Glimmora
|-enditem|p1a: Glimmora|Focus Sash
|-damage|p1a: Glimmora|1/100
|-activate|p1a: Glimmora|ability: Toxic Debris
|-sidestart|p2: brodiewhaat.|move: Toxic Spikes
|move|p1a: Glimmora|Mortal Spin|p2a: Samurott
|-damage|p2a: Samurott|92/100
|-status|p2a: Samurott|psn
|
|-damage|p2a: Samurott|80/100 psn|[from] psn
|upkeep
|turn|2
|
|t:|1743918807
|move|p2a: Samurott|Razor Shell|p1a: Glimmora
|-supereffective|p1a: Glimmora
|-damage|p1a: Glimmora|0 fnt
|-activate|p1a: Glimmora|ability: Toxic Debris
|-sidestart|p2: brodiewhaat.|move: Toxic Spikes
|faint|p1a: Glimmora
|
|-damage|p2a: Samurott|68/100 psn|[from] psn
|upkeep
|inactive|pengzhengzhe has 120 seconds left.
|
|t:|1743918836
|switch|p1a: Kyurem|Kyurem|100/100
|-ability|p1a: Kyurem|Pressure
|turn|3
|
|t:|1743918847
|switch|p2a: Heatran|Heatran, M|100/100
|-item|p2a: Heatran|Air Balloon
|move|p1a: Kyurem|Dragon Dance|p1a: Kyurem
|-boost|p1a: Kyurem|atk|1
|-boost|p1a: Kyurem|spe|1
|
|upkeep
|turn|4
|inactive|pengzhengzhe has 120 seconds left.
|
|t:|1743918873
|switch|p1a: Gholdengo|Gholdengo|100/100
|move|p2a: Heatran|Magma Storm|p1a: Gholdengo
|-supereffective|p1a: Gholdengo
|-damage|p1a: Gholdengo|0 fnt
|faint|p1a: Gholdengo
|
|upkeep
|inactive|pengzhengzhe has 120 seconds left.
|
|t:|1743918886
|switch|p1a: Iron Valiant|Iron Valiant|100/100
|-enditem|p1a: Iron Valiant|Booster Energy
|-activate|p1a: Iron Valiant|ability: Quark Drive|[fromitem]
|-start|p1a: Iron Valiant|quarkdrivespe
|turn|5
|inactive|brodiewhaat. has 120 seconds left.
|
|t:|1743918930
|move|p1a: Iron Valiant|Calm Mind|p1a: Iron Valiant
|-boost|p1a: Iron Valiant|spa|1
|-boost|p1a: Iron Valiant|spd|1
|move|p2a: Heatran|Magma Storm|p1a: Iron Valiant
|-damage|p1a: Iron Valiant|28/100
|-activate|p1a: Iron Valiant|move: Magma Storm|[of] p2a: Heatran
|
|-damage|p1a: Iron Valiant|15/100|[from] move: Magma Storm|[partiallytrapped]
|upkeep
|turn|6
|
|t:|1743918938
|switch|p2a: Gholdengo|Gholdengo|100/100
|-item|p2a: Gholdengo|Air Balloon
|move|p1a: Iron Valiant|Vacuum Wave|p2a: Gholdengo
|-immune|p2a: Gholdengo
|
|-end|p1a: Iron Valiant|Magma Storm|[partiallytrapped]|[silent]
|upkeep
|turn|7
|
|t:|1743918946
|move|p1a: Iron Valiant|Shadow Ball|p2a: Gholdengo
|-supereffective|p2a: Gholdengo
|-damage|p2a: Gholdengo|46/100
|-enditem|p2a: Gholdengo|Air Balloon
|move|p2a: Gholdengo|Shadow Ball|p1a: Iron Valiant
|-damage|p1a: Iron Valiant|0 fnt
|faint|p1a: Iron Valiant
|-end|p1a: Iron Valiant|Quark Drive|[silent]
|
|upkeep
|
|t:|1743918959
|switch|p1a: Kingambit|Kingambit, F, shiny|100/100
|-activate|p1a: Kingambit|ability: Supreme Overlord
|-start|p1a: Kingambit|fallen3|[silent]
|-item|p1a: Kingambit|Air Balloon
|turn|8
|inactive|brodiewhaat. has 120 seconds left.
|inactive|brodiewhaat. has 90 seconds left.
|
|t:|1743919021
|switch|p2a: Great Tusk|Great Tusk|100/100
|-status|p2a: Great Tusk|tox
|move|p1a: Kingambit|Kowtow Cleave|p2a: Great Tusk
|-resisted|p2a: Great Tusk
|-damage|p2a: Great Tusk|84/100 tox
|
|-heal|p2a: Great Tusk|91/100 tox|[from] item: Leftovers
|-damage|p2a: Great Tusk|84/100 tox|[from] psn
|upkeep
|turn|9
|
|t:|1743919043
|-end|p1a: Kingambit|fallen3|[silent]
|switch|p1a: Kyurem|Kyurem|100/100
|-ability|p1a: Kyurem|Pressure
|move|p2a: Great Tusk|Knock Off|p1a: Kyurem
|-damage|p1a: Kyurem|73/100
|-enditem|p1a: Kyurem|Loaded Dice|[from] move: Knock Off|[of] p2a: Great Tusk
|
|-heal|p2a: Great Tusk|91/100 tox|[from] item: Leftovers
|-damage|p2a: Great Tusk|78/100 tox|[from] psn
|upkeep
|turn|10
|inactive|brodiewhaat. has 60 seconds left.
|
|t:|1743919069
|move|p1a: Kyurem|Icicle Spear|p2a: Great Tusk
|-supereffective|p2a: Great Tusk
|-damage|p2a: Great Tusk|67/100 tox
|-supereffective|p2a: Great Tusk
|-damage|p2a: Great Tusk|55/100 tox
|-hitcount|p2a: Great Tusk|2
|move|p2a: Great Tusk|Rapid Spin|p1a: Kyurem
|-damage|p1a: Kyurem|58/100
|-boost|p2a: Great Tusk|spe|1
|-sideend|p2: brodiewhaat.|Toxic Spikes|[from] move: Rapid Spin|[of] p2a: Great Tusk
|
|-heal|p2a: Great Tusk|61/100 tox|[from] item: Leftovers
|-damage|p2a: Great Tusk|43/100 tox|[from] psn
|upkeep
|turn|11
|inactive|brodiewhaat. has 60 seconds left.
|c|☆pengzhengzhe|？
|
|t:|1743919083
|move|p1a: Kyurem|Icicle Spear|p2a: Great Tusk
|-supereffective|p2a: Great Tusk
|-damage|p2a: Great Tusk|30/100 tox
|-supereffective|p2a: Great Tusk
|-damage|p2a: Great Tusk|17/100 tox
|-hitcount|p2a: Great Tusk|2
|move|p2a: Great Tusk|Body Press|p1a: Kyurem
|-supereffective|p1a: Kyurem
|-damage|p1a: Kyurem|0 fnt
|faint|p1a: Kyurem
|
|-heal|p2a: Great Tusk|24/100 tox|[from] item: Leftovers
|-damage|p2a: Great Tusk|0 fnt|[from] psn
|faint|p2a: Great Tusk
|-end|p2a: Great Tusk|Protosynthesis|[silent]
|upkeep
|inactive|brodiewhaat. has 60 seconds left.
|c|☆pengzhengzhe|noTAT
|
|t:|1743919112
|switch|p1a: Ceruledge|Ceruledge, M|100/100
|switch|p2a: Samurott|Samurott-Hisui, M|68/100 psn
|turn|12
|
|t:|1743919117
|move|p2a: Samurott|Flip Turn|p1a: Ceruledge
|-supereffective|p1a: Ceruledge
|-damage|p1a: Ceruledge|20/100
|-ability|p1a: Ceruledge|Weak Armor|boost
|-unboost|p1a: Ceruledge|def|1
|-boost|p1a: Ceruledge|spe|2
|
|t:|1743919127
|switch|p2a: Heatran|Heatran, M|100/100|[from] Flip Turn
|-item|p2a: Heatran|Air Balloon
|move|p1a: Ceruledge|Swords Dance|p1a: Ceruledge
|-boost|p1a: Ceruledge|atk|2
|
|upkeep
|turn|13
|
|t:|1743919140
|move|p1a: Ceruledge|Poltergeist|p2a: Heatran
|-activate|p2a: Heatran|move: Poltergeist|Air Balloon
|-damage|p2a: Heatran|0 fnt
|-enditem|p2a: Heatran|Air Balloon
|faint|p2a: Heatran
|
|upkeep
|
|t:|1743919165
|switch|p2a: Gholdengo|Gholdengo|46/100
|turn|14
|
|t:|1743919171
|move|p1a: Ceruledge|Shadow Sneak|p2a: Gholdengo
|-supereffective|p2a: Gholdengo
|-damage|p2a: Gholdengo|0 fnt
|faint|p2a: Gholdengo
|
|upkeep
|
|t:|1743919182
|switch|p2a: Tornadus|Tornadus-Therian, M|100/100
|turn|15
|
|t:|1743919188
|move|p1a: Ceruledge|Poltergeist|p2a: Tornadus
|-activate|p2a: Tornadus|move: Poltergeist|Assault Vest
|-damage|p2a: Tornadus|0 fnt
|faint|p2a: Tornadus
|
|upkeep
|c|☆brodiewhaat.|gg
|c|☆pengzhengzhe|gg
|-message|brodiewhaat. forfeited.
|
|win|pengzhengzhe
|raw|pengzhengzhe's rating: 1223 &rarr; <strong>1253</strong><br />(+30 for winning)
|raw|brodiewhaat.'s rating: 1291 &rarr; <strong>1261</strong><br />(-30 for losing)
|l|☆brodiewhaat.
|player|p2|
|l|☆pengzhengzhe
|player|p1|
