|j|☆zac_idk
|j|☆Retien
|t:|1743805303
|gametype|singles
|player|p1|zac_idk|swimmerf|1091
|player|p2|Retien|depotagent|1153
|teamsize|p1|6
|teamsize|p2|6
|gen|9
|tier|[Gen 9] OU
|rated|
|rule|HP Percentage Mod: HP is shown in percentages
|rule|Endless Battle Clause: Forcing endless battles is banned
|rule|Species Clause: Limit one of each Pokémon
|rule|OHKO Clause: OHKO moves are banned
|rule|Evasion Items Clause: Evasion items are banned
|rule|Evasion Moves Clause: Evasion moves are banned
|rule|Sleep Moves Clause: Sleep-inducing moves are banned
|clearpoke
|poke|p1|Weavile, M|
|poke|p1|Ninetales-Alola, F|
|poke|p1|Glaceon, F|
|poke|p1|Gholdengo|
|poke|p1|Darkrai|
|poke|p1|Salamence, F|
|poke|p2|Regigigas|
|poke|p2|Samurott-Hisui, F|
|poke|p2|Ogerpon-Wellspring, F|
|poke|p2|Zapdos|
|poke|p2|Pecharunt|
|poke|p2|Great Tusk|
|teampreview
|inactive|Battle timer is ON: inactive players will automatically lose when time's up. (requested by Retien)
|
|t:|1743805313
|start
|switch|p1a: Ninetales|Ninetales-Alola, F|100/100
|switch|p2a: DARKK|Samurott-Hisui, F|100/100
|-weather|Snowscape|[from] ability: Snow Warning|[of] p1a: Ninetales
|turn|1
|
|t:|1743805324
|move|p1a: Ninetales|Aurora Veil|p1a: Ninetales
|-sidestart|p1: zac_idk|move: Aurora Veil
|move|p2a: DARKK|Ceaseless Edge|p1a: Ninetales
|-resisted|p1a: Ninetales
|-damage|p1a: Ninetales|87/100
|-sidestart|p1: zac_idk|Spikes
|-enditem|p1a: Ninetales|Eject Button
|
|t:|1743805342
|switch|p1a: Glaceon|Glaceon, F|100/100
|-damage|p1a: Glaceon|88/100|[from] Spikes
|
|-weather|Snowscape|[upkeep]
|-heal|p1a: Glaceon|94/100|[from] ability: Ice Body
|-heal|p1a: Glaceon|99/100|[from] item: Leftovers
|upkeep
|turn|2
|
|t:|1743805357
|move|p2a: DARKK|Ceaseless Edge|p1a: Glaceon
|-damage|p1a: Glaceon|80/100
|-sidestart|p1: zac_idk|Spikes
|move|p1a: Glaceon|Calm Mind|p1a: Glaceon
|-boost|p1a: Glaceon|spa|1
|-boost|p1a: Glaceon|spd|1
|
|-weather|Snowscape|[upkeep]
|-heal|p1a: Glaceon|86/100|[from] ability: Ice Body
|-heal|p1a: Glaceon|92/100|[from] item: Leftovers
|upkeep
|turn|3
|
|t:|1743805368
|move|p2a: DARKK|Ceaseless Edge|p1a: Glaceon
|-damage|p1a: Glaceon|73/100
|-sidestart|p1: zac_idk|Spikes
|move|p1a: Glaceon|Calm Mind|p1a: Glaceon
|-boost|p1a: Glaceon|spa|1
|-boost|p1a: Glaceon|spd|1
|
|-weather|Snowscape|[upkeep]
|-heal|p1a: Glaceon|79/100|[from] ability: Ice Body
|-heal|p1a: Glaceon|85/100|[from] item: Leftovers
|upkeep
|turn|4
|
|t:|1743805381
|move|p2a: DARKK|Flip Turn|p1a: Glaceon
|-damage|p1a: Glaceon|75/100
|
|t:|1743805395
|switch|p2a: Gna|Pecharunt|100/100|[from] Flip Turn
|-item|p2a: Gna|Air Balloon
|move|p1a: Glaceon|Calm Mind|p1a: Glaceon
|-boost|p1a: Glaceon|spa|1
|-boost|p1a: Glaceon|spd|1
|
|-weather|Snowscape|[upkeep]
|-heal|p1a: Glaceon|81/100|[from] ability: Ice Body
|-heal|p1a: Glaceon|86/100|[from] item: Leftovers
|upkeep
|turn|5
|
|t:|1743805411
|move|p2a: Gna|Malignant Chain|p1a: Glaceon
|-damage|p1a: Glaceon|78/100
|move|p1a: Glaceon|Ice Beam|p2a: Gna
|-damage|p2a: Gna|0 fnt
|-enditem|p2a: Gna|Air Balloon
|faint|p2a: Gna
|
|-weather|none
|-heal|p1a: Glaceon|84/100|[from] item: Leftovers
|-sideend|p1: zac_idk|move: Aurora Veil
|upkeep
|
|t:|1743805423
|switch|p2a: Static 100%|Zapdos|100/100
|turn|6
|
|t:|1743805437
|move|p2a: Static 100%|Discharge|p1a: Glaceon
|-damage|p1a: Glaceon|65/100
|move|p1a: Glaceon|Ice Beam|p2a: Static 100%
|-supereffective|p2a: Static 100%
|-damage|p2a: Static 100%|0 fnt
|faint|p2a: Static 100%
|
|-heal|p1a: Glaceon|71/100|[from] item: Leftovers
|upkeep
|
|t:|1743805448
|switch|p2a: LA TUEUR|Regigigas|100/100
|-start|p2a: LA TUEUR|ability: Slow Start
|turn|7
|
|t:|1743805454
|move|p2a: LA TUEUR|Protect|p2a: LA TUEUR
|-singleturn|p2a: LA TUEUR|Protect
|move|p1a: Glaceon|Ice Beam|p2a: LA TUEUR
|-activate|p2a: LA TUEUR|move: Protect
|
|-heal|p1a: Glaceon|77/100|[from] item: Leftovers
|-status|p2a: LA TUEUR|brn|[from] item: Flame Orb
|upkeep
|turn|8
|
|t:|1743805470
|move|p1a: Glaceon|Protect|p1a: Glaceon
|-singleturn|p1a: Glaceon|Protect
|move|p2a: LA TUEUR|Facade|p1a: Glaceon
|-activate|p1a: Glaceon|move: Protect
|
|-heal|p1a: Glaceon|82/100|[from] item: Leftovers
|-damage|p2a: LA TUEUR|94/100 brn|[from] brn
|upkeep
|turn|9
|
|t:|1743805484
|move|p1a: Glaceon|Ice Beam|p2a: LA TUEUR
|-damage|p2a: LA TUEUR|5/100 brn
|move|p2a: LA TUEUR|Facade|p1a: Glaceon
|-damage|p1a: Glaceon|44/100
|
|-heal|p1a: Glaceon|50/100|[from] item: Leftovers
|-damage|p2a: LA TUEUR|0 fnt|[from] brn
|faint|p2a: LA TUEUR
|-end|p2a: LA TUEUR|Slow Start|[silent]
|upkeep
|
|t:|1743805491
|switch|p2a: AHHHHHH|Ogerpon-Wellspring, F|100/100
|turn|10
|
|t:|1743805500
|move|p1a: Glaceon|Protect|p1a: Glaceon
|-singleturn|p1a: Glaceon|Protect
|move|p2a: AHHHHHH|Ivy Cudgel|p1a: Glaceon|[anim] Ivy Cudgel Water
|-activate|p1a: Glaceon|move: Protect
|
|-heal|p1a: Glaceon|55/100|[from] item: Leftovers
|upkeep
|turn|11
|
|t:|1743805522
|move|p2a: AHHHHHH|Encore|p1a: Glaceon
|-start|p1a: Glaceon|Encore
|move|p1a: Glaceon|Protect||[still]
|-fail|p1a: Glaceon
|
|-heal|p1a: Glaceon|61/100|[from] item: Leftovers
|upkeep
|turn|12
|
|t:|1743805530
|move|p1a: Glaceon|Protect|p1a: Glaceon
|-singleturn|p1a: Glaceon|Protect
|move|p2a: AHHHHHH|Swords Dance|p2a: AHHHHHH
|-boost|p2a: AHHHHHH|atk|2
|
|-heal|p1a: Glaceon|67/100|[from] item: Leftovers
|upkeep
|turn|13
|
|t:|1743805539
|move|p1a: Glaceon|Protect||[still]
|-fail|p1a: Glaceon
|move|p2a: AHHHHHH|Ivy Cudgel|p1a: Glaceon|[anim] Ivy Cudgel Water
|-damage|p1a: Glaceon|0 fnt
|faint|p1a: Glaceon
|
|upkeep
|
|t:|1743805549
|switch|p1a: Ace🫡|Salamence, F|100/100
|turn|14
|
|t:|1743805562
|move|p2a: AHHHHHH|Power Whip|p1a: Ace🫡
|-resisted|p1a: Ace🫡
|-damage|p1a: Ace🫡|62/100
|move|p1a: Ace🫡|Temper Flare|p2a: AHHHHHH
|-damage|p2a: AHHHHHH|63/100
|
|-heal|p1a: Ace🫡|68/100|[from] item: Leftovers
|upkeep
|turn|15
|
|t:|1743805572
|-terastallize|p2a: AHHHHHH|Water
|detailschange|p2a: AHHHHHH|Ogerpon-Wellspring-Tera, F, tera:Water
|-ability|p2a: AHHHHHH|Embody Aspect (Wellspring)|boost
|-boost|p2a: AHHHHHH|spd|1
|move|p2a: AHHHHHH|Ivy Cudgel|p1a: Ace🫡|[anim] Ivy Cudgel Water
|-resisted|p1a: Ace🫡
|-damage|p1a: Ace🫡|0 fnt
|faint|p1a: Ace🫡
|
|upkeep
|
|t:|1743805586
|switch|p1a: Gholdengo|Gholdengo|100/100
|-damage|p1a: Gholdengo|76/100|[from] Spikes
|turn|16
|
|t:|1743805592
|move|p1a: Gholdengo|Thunderbolt|p2a: AHHHHHH
|-supereffective|p2a: AHHHHHH
|-damage|p2a: AHHHHHH|13/100
|move|p2a: AHHHHHH|Ivy Cudgel|p1a: Gholdengo|[anim] Ivy Cudgel Water
|-damage|p1a: Gholdengo|0 fnt
|faint|p1a: Gholdengo
|
|upkeep
|
|t:|1743805602
|switch|p1a: Weavile|Weavile, M|100/100
|-damage|p1a: Weavile|76/100|[from] Spikes
|-ability|p1a: Weavile|Pressure
|turn|17
|
|t:|1743805608
|move|p1a: Weavile|Fake Out|p2a: AHHHHHH
|-damage|p2a: AHHHHHH|0 fnt
|faint|p2a: AHHHHHH
|
|upkeep
|
|t:|1743805611
|switch|p2a: DARKK|Samurott-Hisui, F|100/100
|turn|18
|
|t:|1743805620
|move|p1a: Weavile|Shadow Claw|p2a: DARKK
|-resisted|p2a: DARKK
|-damage|p2a: DARKK|86/100
|move|p2a: DARKK|Aqua Cutter|p1a: Weavile
|-damage|p1a: Weavile|0 fnt
|faint|p1a: Weavile
|
|upkeep
|
|t:|1743805629
|switch|p1a: Darkrai|Darkrai|100/100
|-damage|p1a: Darkrai|76/100|[from] Spikes
|turn|19
|
|t:|1743805638
|move|p1a: Darkrai|X-Scissor|p2a: DARKK
|-supereffective|p2a: DARKK
|-damage|p2a: DARKK|38/100
|move|p2a: DARKK|Ceaseless Edge|p1a: Darkrai
|-resisted|p1a: Darkrai
|-damage|p1a: Darkrai|41/100
|
|upkeep
|turn|20
|
|t:|1743805646
|move|p1a: Darkrai|X-Scissor|p2a: DARKK
|-supereffective|p2a: DARKK
|-damage|p2a: DARKK|0 fnt
|faint|p2a: DARKK
|
|upkeep
|
|t:|1743805649
|switch|p2a: Manny|Great Tusk|100/100
|turn|21
|
|t:|1743805664
|move|p1a: Darkrai|Ice Beam|p2a: Manny
|-supereffective|p2a: Manny
|-crit|p2a: Manny
|-damage|p2a: Manny|30/100
|-status|p2a: Manny|frz
|cant|p2a: Manny|frz
|
|upkeep
|turn|22
|
|t:|1743805672
|move|p1a: Darkrai|Ice Beam|p2a: Manny
|-supereffective|p2a: Manny
|-damage|p2a: Manny|0 fnt
|faint|p2a: Manny
|-end|p2a: Manny|Protosynthesis|[silent]
|
|win|zac_idk
|raw|zac_idk's rating: 1091 &rarr; <strong>1122</strong><br />(+31 for winning)
|raw|Retien's rating: 1153 &rarr; <strong>1124</strong><br />(-29 for losing)
|l|☆Retien
|player|p2|
