|j|☆scarface755
|j|☆GoodDarkrai
|t:|1743866051
|gametype|singles
|player|p1|scarface755|102|1208
|player|p2|GoodDarkrai|2|1219
|teamsize|p1|6
|teamsize|p2|6
|gen|9
|tier|[Gen 9] OU
|rated|
|rule|HP Percentage Mod: HP is shown in percentages
|rule|Endless Battle Clause: Forcing endless battles is banned
|rule|Species Clause: Limit one of each Pokémon
|rule|OHKO Clause: OHKO moves are banned
|rule|Evasion Items Clause: Evasion items are banned
|rule|Evasion Moves Clause: Evasion moves are banned
|rule|Sleep Moves Clause: Sleep-inducing moves are banned
|clearpoke
|poke|p1|Lokix, F|
|poke|p1|Garchomp, F|
|poke|p1|Zamazenta-*|
|poke|p1|Latias, F|
|poke|p1|Tentacruel, F|
|poke|p1|Gholdengo|
|poke|p2|Darkrai|
|poke|p2|Zoroark-Hisui, M|
|poke|p2|Ceruledge, M|
|poke|p2|Metagross|
|poke|p2|Ribombee, M|
|poke|p2|Pawmot, F|
|teampreview
|
|t:|1743866095
|start
|switch|p1a: Tentacruel|Tentacruel, F|100/100
|switch|p2a: Ribombee|Ribombee, M|100/100
|turn|1
|inactive|Battle timer is ON: inactive players will automatically lose when time's up. (requested by scarface755)
|
|t:|1743866142
|move|p2a: Ribombee|Bug Buzz|p1a: Tentacruel
|-resisted|p1a: Tentacruel
|-damage|p1a: Tentacruel|87/100
|-unboost|p1a: Tentacruel|spd|1
|move|p1a: Tentacruel|Sludge Bomb|p2a: Ribombee
|-supereffective|p2a: Ribombee
|-damage|p2a: Ribombee|10/100
|
|upkeep
|turn|2
|
|t:|1743866148
|move|p2a: Ribombee|Bug Buzz|p1a: Tentacruel
|-resisted|p1a: Tentacruel
|-damage|p1a: Tentacruel|66/100
|move|p1a: Tentacruel|Rapid Spin|p2a: Ribombee
|-damage|p2a: Ribombee|0 fnt
|-boost|p1a: Tentacruel|spe|1
|faint|p2a: Ribombee
|
|upkeep
|inactive|GoodDarkrai has 120 seconds left.
|
|t:|1743866182
|switch|p2a: Darkrai|Darkrai, shiny|100/100
|turn|3
|
|t:|1743866188
|move|p1a: Tentacruel|Flip Turn|p2a: Darkrai
|-damage|p2a: Darkrai|67/100
|replace|p2a: Zoroark|Zoroark-Hisui, M
|-end|p2a: Zoroark|Illusion
|inactive|scarface755 has 120 seconds left.
|
|t:|1743866223
|switch|p1a: Lokix|Lokix, F|100/100|[from] Flip Turn
|move|p2a: Zoroark|Bitter Malice|p1a: Lokix
|-resisted|p1a: Lokix
|-damage|p1a: Lokix|43/100
|-unboost|p1a: Lokix|atk|1
|
|upkeep
|turn|4
|inactive|scarface755 has 120 seconds left.
|inactive|GoodDarkrai has 120 seconds left.
|inactive|GoodDarkrai has 90 seconds left.
|
|t:|1743866306
|move|p1a: Lokix|First Impression|p2a: Zoroark
|-resisted|p2a: Zoroark
|-damage|p2a: Zoroark|27/100
|move|p2a: Zoroark|Bitter Malice|p1a: Lokix
|-resisted|p1a: Lokix
|-damage|p1a: Lokix|0 fnt
|faint|p1a: Lokix
|
|upkeep
|inactive|scarface755 has 120 seconds left.
|
|t:|1743866321
|switch|p1a: Zamazenta|Zamazenta|100/100
|-ability|p1a: Zamazenta|Dauntless Shield|boost
|-boost|p1a: Zamazenta|def|1
|turn|5
|
|t:|1743866333
|move|p1a: Zamazenta|Crunch|p2a: Zoroark
|-supereffective|p2a: Zoroark
|-damage|p2a: Zoroark|0 fnt
|faint|p2a: Zoroark
|
|upkeep
|
|t:|1743866336
|switch|p2a: Ceruledge|Ceruledge, M|100/100
|turn|6
|
|t:|1743866342
|move|p1a: Zamazenta|Iron Defense|p1a: Zamazenta
|-boost|p1a: Zamazenta|def|2
|move|p2a: Ceruledge|Poltergeist|p1a: Zamazenta
|-activate|p1a: Zamazenta|move: Poltergeist|Leftovers
|-damage|p1a: Zamazenta|74/100
|
|-heal|p1a: Zamazenta|80/100|[from] item: Leftovers
|upkeep
|turn|7
|inactive|GoodDarkrai has 90 seconds left.
|
|t:|1743866371
|move|p1a: Zamazenta|Iron Defense|p1a: Zamazenta
|-boost|p1a: Zamazenta|def|2
|move|p2a: Ceruledge|Poltergeist|p1a: Zamazenta|[miss]
|-miss|p2a: Ceruledge|p1a: Zamazenta
|
|-heal|p1a: Zamazenta|86/100|[from] item: Leftovers
|upkeep
|turn|8
|
|t:|1743866378
|move|p1a: Zamazenta|Iron Defense|p1a: Zamazenta
|-boost|p1a: Zamazenta|def|1
|move|p2a: Ceruledge|Poltergeist|p1a: Zamazenta
|-activate|p1a: Zamazenta|move: Poltergeist|Leftovers
|-damage|p1a: Zamazenta|70/100
|
|-heal|p1a: Zamazenta|76/100|[from] item: Leftovers
|upkeep
|turn|9
|
|t:|1743866401
|move|p1a: Zamazenta|Crunch|p2a: Ceruledge
|-supereffective|p2a: Ceruledge
|-damage|p2a: Ceruledge|30/100
|-ability|p2a: Ceruledge|Weak Armor|boost
|-unboost|p2a: Ceruledge|def|1
|-boost|p2a: Ceruledge|spe|2
|move|p2a: Ceruledge|Poltergeist|p1a: Zamazenta
|-activate|p1a: Zamazenta|move: Poltergeist|Leftovers
|-damage|p1a: Zamazenta|60/100
|
|-heal|p1a: Zamazenta|66/100|[from] item: Leftovers
|upkeep
|turn|10
|
|t:|1743866406
|move|p2a: Ceruledge|Poltergeist|p1a: Zamazenta
|-activate|p1a: Zamazenta|move: Poltergeist|Leftovers
|-damage|p1a: Zamazenta|49/100
|move|p1a: Zamazenta|Crunch|p2a: Ceruledge
|-supereffective|p2a: Ceruledge
|-damage|p2a: Ceruledge|0 fnt
|faint|p2a: Ceruledge
|
|-heal|p1a: Zamazenta|56/100|[from] item: Leftovers
|upkeep
|
|t:|1743866409
|switch|p2a: Darkrai|Darkrai, shiny|100/100
|turn|11
|
|t:|1743866416
|-terastallize|p2a: Darkrai|Poison
|move|p1a: Zamazenta|Body Press|p2a: Darkrai
|-resisted|p2a: Darkrai
|-damage|p2a: Darkrai|4/100
|move|p2a: Darkrai|Sludge Bomb|p1a: Zamazenta
|-damage|p1a: Zamazenta|12/100
|
|-heal|p1a: Zamazenta|18/100|[from] item: Leftovers
|upkeep
|turn|12
|inactive|GoodDarkrai has 90 seconds left.
|
|t:|1743866434
|move|p1a: Zamazenta|Body Press|p2a: Darkrai
|-resisted|p2a: Darkrai
|-damage|p2a: Darkrai|0 fnt
|faint|p2a: Darkrai
|
|-heal|p1a: Zamazenta|24/100|[from] item: Leftovers
|upkeep
|
|t:|1743866437
|switch|p2a: Metagross|Metagross|100/100
|turn|13
|
|t:|1743866439
|move|p1a: Zamazenta|Body Press|p2a: Metagross
|-crit|p2a: Metagross
|-damage|p2a: Metagross|0 fnt
|faint|p2a: Metagross
|
|-heal|p1a: Zamazenta|30/100|[from] item: Leftovers
|upkeep
|
|t:|1743866441
|switch|p2a: Pawmot|Pawmot, F|100/100
|turn|14
|
|t:|1743866443
|move|p1a: Zamazenta|Body Press|p2a: Pawmot
|-damage|p2a: Pawmot|0 fnt
|faint|p2a: Pawmot
|
|win|scarface755
|raw|scarface755's rating: 1208 &rarr; <strong>1234</strong><br />(+26 for winning)
|raw|GoodDarkrai's rating: 1219 &rarr; <strong>1193</strong><br />(-26 for losing)
|l|☆GoodDarkrai
|player|p2|
|l|☆scarface755
|player|p1|
