|j|☆Midoriashonen
|j|☆xTamer
|t:|1743914941
|gametype|singles
|player|p1|Midoriashonen|169|1087
|player|p2|xTamer|2|1115
|teamsize|p1|6
|teamsize|p2|6
|gen|9
|tier|[Gen 9] OU
|rated|
|rule|HP Percentage Mod: HP is shown in percentages
|rule|Endless Battle Clause: Forcing endless battles is banned
|rule|Species Clause: Limit one of each Pokémon
|rule|OHKO Clause: OHKO moves are banned
|rule|Evasion Items Clause: Evasion items are banned
|rule|Evasion Moves Clause: Evasion moves are banned
|rule|Sleep Moves Clause: Sleep-inducing moves are banned
|clearpoke
|poke|p1|Pelipper, M|
|poke|p1|Araquanid, M|
|poke|p1|Kingambit, M|
|poke|p1|Slowking-Galar, M|
|poke|p1|Samurott-Hisui, M|
|poke|p1|Zapdos|
|poke|p2|Lucario, M|
|poke|p2|Skarmory, F|
|poke|p2|Polteageist-Antique|
|poke|p2|Garchomp, M|
|poke|p2|Iron Moth|
|poke|p2|Weezing-Galar, F|
|teampreview
|inactive|Battle timer is ON: inactive players will automatically lose when time's up. (requested by xTamer)
|
|t:|1743914949
|start
|switch|p1a: Araquanid|Araquanid, M, shiny|100/100
|switch|p2a: Lucario|Lucario, M|100/100
|turn|1
|
|t:|1743914957
|move|p2a: Lucario|Aura Sphere|p1a: Araquanid
|-resisted|p1a: Araquanid
|-damage|p1a: Araquanid|80/100
|-damage|p2a: Lucario|91/100|[from] item: Life Orb
|move|p1a: Araquanid|Sticky Web|p2a: Lucario
|-sidestart|p2: xTamer|move: Sticky Web
|
|upkeep
|turn|2
|
|t:|1743914966
|switch|p2a: Skarmory|Skarmory, F|100/100
|move|p1a: Araquanid|Leech Life|p2a: Skarmory
|-resisted|p2a: Skarmory
|-damage|p2a: Skarmory|98/100
|-heal|p1a: Araquanid|81/100|[from] drain|[of] p2a: Skarmory
|-damage|p1a: Araquanid|65/100|[from] item: Rocky Helmet|[of] p2a: Skarmory
|
|upkeep
|turn|3
|
|t:|1743914976
|move|p2a: Skarmory|Stealth Rock|p1a: Araquanid
|-sidestart|p1: Midoriashonen|move: Stealth Rock
|move|p1a: Araquanid|Reflect|p1a: Araquanid
|-sidestart|p1: Midoriashonen|Reflect
|
|upkeep
|turn|4
|
|t:|1743914983
|switch|p2a: Weezing|Weezing-Galar, F|100/100
|-activate|p2a: Weezing|move: Sticky Web
|-unboost|p2a: Weezing|spe|1
|-fieldstart|move: Misty Terrain|[from] ability: Misty Surge|[of] p2a: Weezing
|switch|p1a: Pelipper|Pelipper, M|100/100
|-damage|p1a: Pelipper|76/100|[from] Stealth Rock
|-weather|RainDance|[from] ability: Drizzle|[of] p1a: Pelipper
|
|-weather|RainDance|[upkeep]
|upkeep
|turn|5
|
|t:|1743914996
|move|p1a: Pelipper|Chilling Water|p2a: Weezing
|-damage|p2a: Weezing|73/100
|-unboost|p2a: Weezing|atk|1
|move|p2a: Weezing|Will-O-Wisp|p1a: Pelipper
|-status|p1a: Pelipper|brn
|
|-weather|RainDance|[upkeep]
|-heal|p2a: Weezing|79/100|[from] item: Black Sludge
|-damage|p1a: Pelipper|69/100 brn|[from] brn
|upkeep
|turn|6
|
|t:|1743915014
|switch|p2a: Skarmory|Skarmory, F|98/100
|move|p1a: Pelipper|Chilling Water|p2a: Skarmory
|-damage|p2a: Skarmory|59/100
|-unboost|p2a: Skarmory|atk|1
|
|-weather|RainDance|[upkeep]
|-damage|p1a: Pelipper|63/100 brn|[from] brn
|upkeep
|turn|7
|
|t:|1743915024
|move|p2a: Skarmory|Roost|p2a: Skarmory
|-heal|p2a: Skarmory|100/100
|-singleturn|p2a: Skarmory|move: Roost
|move|p1a: Pelipper|Roost|p1a: Pelipper
|-heal|p1a: Pelipper|100/100 brn
|-singleturn|p1a: Pelipper|move: Roost
|
|-weather|RainDance|[upkeep]
|-damage|p1a: Pelipper|94/100 brn|[from] brn
|-sideend|p1: Midoriashonen|Reflect
|upkeep
|turn|8
|
|t:|1743915034
|switch|p2a: Weezing|Weezing-Galar, F|79/100
|-activate|p2a: Weezing|move: Sticky Web
|-unboost|p2a: Weezing|spe|1
|move|p1a: Pelipper|U-turn|p2a: Weezing
|-resisted|p2a: Weezing
|-damage|p2a: Weezing|78/100
|
|t:|1743915041
|switch|p1a: Zapdos|Zapdos|100/100|[from] U-turn
|-damage|p1a: Zapdos|76/100|[from] Stealth Rock
|
|-weather|RainDance|[upkeep]
|-heal|p1a: Zapdos|82/100|[from] item: Leftovers
|-heal|p2a: Weezing|84/100|[from] item: Black Sludge
|-fieldend|Misty Terrain
|upkeep
|turn|9
|
|t:|1743915051
|move|p1a: Zapdos|Hurricane|p2a: Weezing
|-damage|p2a: Weezing|24/100
|move|p2a: Weezing|Sludge Bomb|p1a: Zapdos
|-damage|p1a: Zapdos|55/100
|
|-weather|RainDance|[upkeep]
|-heal|p1a: Zapdos|62/100|[from] item: Leftovers
|-heal|p2a: Weezing|30/100|[from] item: Black Sludge
|upkeep
|turn|10
|
|t:|1743915061
|move|p1a: Zapdos|Thunder|p2a: Weezing
|-damage|p2a: Weezing|0 fnt
|faint|p2a: Weezing
|
|-weather|RainDance|[upkeep]
|-heal|p1a: Zapdos|68/100|[from] item: Leftovers
|upkeep
|
|t:|1743915067
|switch|p2a: Garchomp|Garchomp, M|100/100
|-activate|p2a: Garchomp|move: Sticky Web
|-unboost|p2a: Garchomp|spe|1
|turn|11
|
|t:|1743915072
|move|p1a: Zapdos|Hurricane|p2a: Garchomp
|-damage|p2a: Garchomp|35/100
|move|p2a: Garchomp|Swords Dance|p2a: Garchomp
|-boost|p2a: Garchomp|atk|2
|
|-weather|none
|-heal|p1a: Zapdos|74/100|[from] item: Leftovers
|upkeep
|turn|12
|-message|xTamer forfeited.
|
|win|Midoriashonen
|raw|Midoriashonen's rating: 1087 &rarr; <strong>1116</strong><br />(+29 for winning)
|raw|xTamer's rating: 1115 &rarr; <strong>1088</strong><br />(-27 for losing)
|l|☆xTamer
|player|p2|
|l|☆Midoriashonen
|player|p1|
