|j|☆Syaklin
|j|☆Zeeplesaurus99
|t:|1743866916
|gametype|singles
|player|p1|Syaklin|1|1387
|player|p2|Zeeplesaurus99|169|1377
|teamsize|p1|6
|teamsize|p2|6
|gen|9
|tier|[Gen 9] OU
|rated|
|rule|HP Percentage Mod: HP is shown in percentages
|rule|Endless Battle Clause: Forcing endless battles is banned
|rule|Species Clause: Limit one of each Pokémon
|rule|OHKO Clause: OHKO moves are banned
|rule|Evasion Items Clause: Evasion items are banned
|rule|Evasion Moves Clause: Evasion moves are banned
|rule|Sleep Moves Clause: Sleep-inducing moves are banned
|clearpoke
|poke|p1|Zapdos|
|poke|p1|Pelipper, M|
|poke|p1|Barraskewda, M|
|poke|p1|Great Tusk|
|poke|p1|Iron Valiant|
|poke|p1|Basculegion-F, F|
|poke|p2|Araquanid, F|
|poke|p2|Iron Treads|
|poke|p2|Cinderace, M|
|poke|p2|Kingambit, F|
|poke|p2|Pecharunt|
|poke|p2|Dragonite, M|
|teampreview
|inactive|Battle timer is ON: inactive players will automatically lose when time's up. (requested by Syaklin)
|inactive|Zeeplesaurus99 also wants the timer to be on.
|
|t:|1743866924
|start
|switch|p1a: Pelipper|Pelipper, M|100/100
|switch|p2a: Araquanid|Araquanid, F, shiny|100/100
|-weather|RainDance|[from] ability: Drizzle|[of] p1a: Pelipper
|turn|1
|
|t:|1743866928
|move|p1a: Pelipper|Hurricane|p2a: Araquanid
|-supereffective|p2a: Araquanid
|-damage|p2a: Araquanid|42/100
|move|p2a: Araquanid|Sticky Web|p1a: Pelipper
|-sidestart|p1: Syaklin|move: Sticky Web
|
|-weather|RainDance|[upkeep]
|upkeep
|turn|2
|
|t:|1743866932
|move|p1a: Pelipper|Hurricane|p2a: Araquanid
|-supereffective|p2a: Araquanid
|-damage|p2a: Araquanid|0 fnt
|faint|p2a: Araquanid
|
|-weather|RainDance|[upkeep]
|upkeep
|
|t:|1743866936
|switch|p2a: Dragonite|Dragonite, M|100/100
|turn|3
|
|t:|1743866938
|move|p2a: Dragonite|Dragon Dance|p2a: Dragonite
|-boost|p2a: Dragonite|atk|1
|-boost|p2a: Dragonite|spe|1
|move|p1a: Pelipper|U-turn|p2a: Dragonite
|-resisted|p2a: Dragonite
|-damage|p2a: Dragonite|98/100
|
|t:|1743866942
|switch|p1a: Great Tusk|Great Tusk|100/100|[from] U-turn
|
|-weather|RainDance|[upkeep]
|upkeep
|turn|4
|
|t:|1743866966
|switch|p2a: Pecharunt|Pecharunt|100/100
|-item|p2a: Pecharunt|Air Balloon
|move|p1a: Great Tusk|Rapid Spin|p2a: Pecharunt
|-immune|p2a: Pecharunt
|
|-weather|RainDance|[upkeep]
|upkeep
|turn|5
|
|t:|1743866974
|move|p2a: Pecharunt|Shadow Ball|p1a: Great Tusk
|-damage|p1a: Great Tusk|55/100
|move|p1a: Great Tusk|Knock Off|p2a: Pecharunt
|-supereffective|p2a: Pecharunt
|-damage|p2a: Pecharunt|56/100
|-enditem|p2a: Pecharunt|Air Balloon
|
|-weather|RainDance|[upkeep]
|upkeep
|turn|6
|
|t:|1743866980
|-terastallize|p2a: Pecharunt|Fighting
|move|p2a: Pecharunt|Shadow Ball|p1a: Great Tusk
|-damage|p1a: Great Tusk|9/100
|move|p1a: Great Tusk|Headlong Rush|p2a: Pecharunt
|-damage|p2a: Pecharunt|13/100
|-unboost|p1a: Great Tusk|def|1
|-unboost|p1a: Great Tusk|spd|1
|
|-weather|RainDance|[upkeep]
|upkeep
|turn|7
|
|t:|1743866985
|move|p2a: Pecharunt|Shadow Ball|p1a: Great Tusk
|-damage|p1a: Great Tusk|0 fnt
|faint|p1a: Great Tusk
|-end|p1a: Great Tusk|Protosynthesis|[silent]
|
|-weather|RainDance|[upkeep]
|upkeep
|
|t:|1743866989
|switch|p1a: Barraskewda|Barraskewda, M|100/100
|-activate|p1a: Barraskewda|move: Sticky Web
|-unboost|p1a: Barraskewda|spe|1
|turn|8
|
|t:|1743866994
|move|p1a: Barraskewda|Flip Turn|p2a: Pecharunt
|-damage|p2a: Pecharunt|0 fnt
|faint|p2a: Pecharunt
|
|t:|1743867008
|switch|p1a: Basculegion|Basculegion-F, F|100/100|[from] Flip Turn
|-activate|p1a: Basculegion|move: Sticky Web
|-unboost|p1a: Basculegion|spe|1
|
|-weather|none
|upkeep
|
|t:|1743867015
|switch|p2a: Dragonite|Dragonite, M|98/100
|turn|9
|
|t:|1743867017
|move|p2a: Dragonite|Dragon Dance|p2a: Dragonite
|-boost|p2a: Dragonite|atk|1
|-boost|p2a: Dragonite|spe|1
|move|p1a: Basculegion|Ice Beam|p2a: Dragonite
|-supereffective|p2a: Dragonite
|-damage|p2a: Dragonite|0 fnt
|faint|p2a: Dragonite
|
|upkeep
|
|t:|1743867027
|switch|p2a: Kingambit|Kingambit, F|100/100
|-activate|p2a: Kingambit|ability: Supreme Overlord
|-start|p2a: Kingambit|fallen3|[silent]
|turn|10
|
|t:|1743867034
|switch|p1a: Iron Valiant|Iron Valiant|100/100
|-activate|p1a: Iron Valiant|move: Sticky Web
|-unboost|p1a: Iron Valiant|spe|1
|-enditem|p1a: Iron Valiant|Booster Energy
|-activate|p1a: Iron Valiant|ability: Quark Drive|[fromitem]
|-start|p1a: Iron Valiant|quarkdrivespa
|move|p2a: Kingambit|Kowtow Cleave|p1a: Iron Valiant
|-resisted|p1a: Iron Valiant
|-damage|p1a: Iron Valiant|77/100
|
|upkeep
|turn|11
|
|t:|1743867044
|move|p1a: Iron Valiant|Encore|p2a: Kingambit
|-start|p2a: Kingambit|Encore
|move|p2a: Kingambit|Kowtow Cleave|p1a: Iron Valiant
|-resisted|p1a: Iron Valiant
|-damage|p1a: Iron Valiant|52/100
|
|upkeep
|turn|12
|
|t:|1743867050
|-end|p2a: Kingambit|fallen3|[silent]
|switch|p2a: Cinderace|Cinderace, M|100/100
|move|p1a: Iron Valiant|Moonblast|p2a: Cinderace
|-resisted|p2a: Cinderace
|-damage|p2a: Cinderace|59/100
|
|upkeep
|turn|13
|
|t:|1743867056
|move|p2a: Cinderace|Pyro Ball|p1a: Iron Valiant
|-damage|p1a: Iron Valiant|0 fnt
|faint|p1a: Iron Valiant
|-end|p1a: Iron Valiant|Quark Drive|[silent]
|
|upkeep
|
|t:|1743867059
|switch|p1a: Pelipper|Pelipper, M|100/100
|-weather|RainDance|[from] ability: Drizzle|[of] p1a: Pelipper
|turn|14
|
|t:|1743867074
|move|p2a: Cinderace|Sucker Punch|p1a: Pelipper
|-damage|p1a: Pelipper|84/100
|move|p1a: Pelipper|Surf|p2a: Cinderace
|-supereffective|p2a: Cinderace
|-damage|p2a: Cinderace|0 fnt
|faint|p2a: Cinderace
|
|-weather|RainDance|[upkeep]
|upkeep
|
|t:|1743867078
|switch|p2a: Iron Treads|Iron Treads|100/100
|-enditem|p2a: Iron Treads|Booster Energy
|-activate|p2a: Iron Treads|ability: Quark Drive|[fromitem]
|-start|p2a: Iron Treads|quarkdriveatk
|turn|15
|
|t:|1743867080
|move|p2a: Iron Treads|Supercell Slam|p1a: Pelipper
|-supereffective|p1a: Pelipper
|-damage|p1a: Pelipper|0 fnt
|faint|p1a: Pelipper
|
|-weather|RainDance|[upkeep]
|upkeep
|
|t:|1743867086
|switch|p1a: Barraskewda|Barraskewda, M|100/100
|-activate|p1a: Barraskewda|move: Sticky Web
|-unboost|p1a: Barraskewda|spe|1
|turn|16
|
|t:|1743867091
|move|p1a: Barraskewda|Liquidation|p2a: Iron Treads
|-supereffective|p2a: Iron Treads
|-crit|p2a: Iron Treads
|-damage|p2a: Iron Treads|0 fnt
|faint|p2a: Iron Treads
|-end|p2a: Iron Treads|Quark Drive|[silent]
|
|-weather|RainDance|[upkeep]
|upkeep
|
|t:|1743867093
|switch|p2a: Kingambit|Kingambit, F|100/100
|-activate|p2a: Kingambit|ability: Supreme Overlord
|-start|p2a: Kingambit|fallen5|[silent]
|turn|17
|
|t:|1743867097
|move|p2a: Kingambit|Sucker Punch|p1a: Barraskewda
|-damage|p1a: Barraskewda|0 fnt
|faint|p1a: Barraskewda
|
|-weather|RainDance|[upkeep]
|upkeep
|
|t:|1743867100
|switch|p1a: Zapdos|Zapdos|100/100
|turn|18
|
|t:|1743867103
|move|p1a: Zapdos|Thunder|p2a: Kingambit
|-damage|p2a: Kingambit|42/100
|-status|p2a: Kingambit|par
|move|p2a: Kingambit|Kowtow Cleave|p1a: Zapdos
|-damage|p1a: Zapdos|0 fnt
|faint|p1a: Zapdos
|
|-weather|RainDance|[upkeep]
|upkeep
|
|t:|1743867106
|switch|p1a: Basculegion|Basculegion-F, F|100/100
|-activate|p1a: Basculegion|move: Sticky Web
|-unboost|p1a: Basculegion|spe|1
|turn|19
|
|t:|1743867111
|move|p2a: Kingambit|Sucker Punch|p1a: Basculegion
|-supereffective|p1a: Basculegion
|-damage|p1a: Basculegion|0 fnt
|faint|p1a: Basculegion
|
|win|Zeeplesaurus99
|raw|Syaklin's rating: 1387 &rarr; <strong>1366</strong><br />(-21 for losing)
|raw|Zeeplesaurus99's rating: 1377 &rarr; <strong>1398</strong><br />(+21 for winning)
|l|☆Syaklin
|player|p1|
|l|☆Zeeplesaurus99
|player|p2|
