|j|☆Gayroach
|j|☆Ghostrunner103
|t:|1743826659
|gametype|singles
|player|p1|Gayroach|pokekid|1081
|player|p2|Ghostrunner103|preschooler|1121
|teamsize|p1|6
|teamsize|p2|6
|gen|9
|tier|[Gen 9] OU
|rated|
|rule|HP Percentage Mod: HP is shown in percentages
|rule|Endless Battle Clause: Forcing endless battles is banned
|rule|Species Clause: Limit one of each Pokémon
|rule|OHKO Clause: OHKO moves are banned
|rule|Evasion Items Clause: Evasion items are banned
|rule|Evasion Moves Clause: Evasion moves are banned
|rule|Sleep Moves Clause: Sleep-inducing moves are banned
|clearpoke
|poke|p1|Torkoal, M|
|poke|p1|Rotom-Heat|
|poke|p1|Moltres-Galar|
|poke|p1|Scovillain, F|
|poke|p1|Arcanine-Hisui, F|
|poke|p1|Heatran, F|
|poke|p2|Kleavor, F|
|poke|p2|Keldeo|
|poke|p2|Dragapult, M|
|poke|p2|Hoopa-Unbound|
|poke|p2|Gliscor, M|
|poke|p2|Gholdengo|
|teampreview
|inactive|Battle timer is ON: inactive players will automatically lose when time's up. (requested by Ghostrunner103)
|
|t:|1743826682
|start
|switch|p1a: Torkoal|Torkoal, M|100/100
|switch|p2a: Kleavor|Kleavor, F|100/100
|-weather|SunnyDay|[from] ability: Drought|[of] p1a: Torkoal
|turn|1
|
|t:|1743826691
|move|p2a: Kleavor|Stone Axe|p1a: Torkoal
|-supereffective|p1a: Torkoal
|-damage|p1a: Torkoal|2/100
|-sidestart|p1: Gayroach|move: Stealth Rock
|move|p1a: Torkoal|Shell Smash|p1a: Torkoal
|-unboost|p1a: Torkoal|def|1
|-unboost|p1a: Torkoal|spd|1
|-boost|p1a: Torkoal|atk|2
|-boost|p1a: Torkoal|spa|2
|-boost|p1a: Torkoal|spe|2
|
|-weather|SunnyDay|[upkeep]
|-heal|p1a: Torkoal|8/100|[from] item: Leftovers
|upkeep
|turn|2
|
|t:|1743826703
|move|p2a: Kleavor|Stone Axe|p1a: Torkoal
|-supereffective|p1a: Torkoal
|-damage|p1a: Torkoal|0 fnt
|faint|p1a: Torkoal
|
|-weather|SunnyDay|[upkeep]
|upkeep
|
|t:|1743826710
|switch|p1a: Scovillain|Scovillain, F|100/100
|-damage|p1a: Scovillain|76/100|[from] Stealth Rock
|turn|3
|c|☆Ghostrunner103|Hello fire gym leader
|
|t:|1743826726
|switch|p2a: Hoopa|Hoopa-Unbound|100/100
|move|p1a: Scovillain|Solar Beam||[still]
|-prepare|p1a: Scovillain|Solar Beam
|-anim|p1a: Scovillain|Solar Beam|p2a: Hoopa
|-crit|p2a: Hoopa
|-damage|p2a: Hoopa|49/100
|
|-weather|SunnyDay|[upkeep]
|upkeep
|turn|4
|
|t:|1743826735
|move|p1a: Scovillain|Solar Beam||[still]
|-prepare|p1a: Scovillain|Solar Beam
|-anim|p1a: Scovillain|Solar Beam|p2a: Hoopa
|-damage|p2a: Hoopa|19/100
|move|p2a: Hoopa|Psychic|p1a: Scovillain
|-damage|p1a: Scovillain|0 fnt
|faint|p1a: Scovillain
|
|-weather|SunnyDay|[upkeep]
|upkeep
|
|t:|1743826747
|switch|p1a: Moltres|Moltres-Galar, shiny|100/100
|-damage|p1a: Moltres|76/100|[from] Stealth Rock
|turn|5
|
|t:|1743826760
|move|p1a: Moltres|Agility|p1a: Moltres
|-boost|p1a: Moltres|spe|2
|move|p2a: Hoopa|Thunderbolt|p1a: Moltres
|-supereffective|p1a: Moltres
|-crit|p1a: Moltres
|-damage|p1a: Moltres|0 fnt
|faint|p1a: Moltres
|
|-weather|none
|upkeep
|-message|Gayroach forfeited.
|
|win|Ghostrunner103
|raw|Gayroach's rating: 1081 &rarr; <strong>1061</strong><br />(-20 for losing)
|raw|Ghostrunner103's rating: 1121 &rarr; <strong>1143</strong><br />(+22 for winning)
|l|☆Gayroach
|player|p1|
|l|☆Ghostrunner103
|player|p2|
