|j|‽zord2050
|j|☆Matatex
|t:|1743889701
|gametype|singles
|player|p1|zord2050|burglar|1110
|player|p2|Matatex|hiker|1125
|teamsize|p1|6
|teamsize|p2|6
|gen|9
|tier|[Gen 9] OU
|rated|
|rule|HP Percentage Mod: HP is shown in percentages
|rule|Endless Battle Clause: Forcing endless battles is banned
|rule|Species Clause: Limit one of each Pokémon
|rule|OHKO Clause: OHKO moves are banned
|rule|Evasion Items Clause: Evasion items are banned
|rule|Evasion Moves Clause: Evasion moves are banned
|rule|Sleep Moves Clause: Sleep-inducing moves are banned
|clearpoke
|poke|p1|Falinks|
|poke|p1|Breloom, M|
|poke|p1|Orthworm, F|
|poke|p1|Kingambit, M|
|poke|p1|Greninja-*, M|
|poke|p1|Raging Bolt|
|poke|p2|Darkrai|
|poke|p2|Blaziken, M|
|poke|p2|Great Tusk|
|poke|p2|Primarina, F|
|poke|p2|Raging Bolt|
|poke|p2|Scizor, M|
|teampreview
|inactive|Battle timer is ON: inactive players will automatically lose when time's up. (requested by zord2050)
|
|t:|1743889709
|start
|switch|p1a: Breloom|Breloom, M|100/100
|switch|p2a: Darkrai|Darkrai|100/100
|turn|1
|
|t:|1743889714
|move|p2a: Darkrai|Will-O-Wisp|p1a: Breloom
|-status|p1a: Breloom|brn
|move|p1a: Breloom|Bulk Up|p1a: Breloom
|-boost|p1a: Breloom|atk|1
|-boost|p1a: Breloom|def|1
|
|-damage|p1a: Breloom|94/100 brn|[from] brn
|upkeep
|turn|2
|
|t:|1743889725
|switch|p2a: Great Tusk|Great Tusk|100/100
|-terastallize|p1a: Breloom|Fighting
|move|p1a: Breloom|Mach Punch|p2a: Great Tusk
|-damage|p2a: Great Tusk|80/100
|-damage|p1a: Breloom|78/100 brn|[from] item: Rocky Helmet|[of] p2a: Great Tusk
|-damage|p1a: Breloom|68/100 brn|[from] item: Life Orb
|
|-damage|p1a: Breloom|62/100 brn|[from] brn
|upkeep
|turn|3
|
|t:|1743889733
|move|p1a: Breloom|Bullet Seed|p2a: Great Tusk
|-supereffective|p2a: Great Tusk
|-damage|p2a: Great Tusk|62/100
|-supereffective|p2a: Great Tusk
|-damage|p2a: Great Tusk|44/100
|-hitcount|p2a: Great Tusk|2
|-damage|p1a: Breloom|52/100 brn|[from] item: Life Orb
|move|p2a: Great Tusk|Knock Off|p1a: Breloom
|-resisted|p1a: Breloom
|-damage|p1a: Breloom|38/100 brn
|-enditem|p1a: Breloom|Life Orb|[from] move: Knock Off|[of] p2a: Great Tusk
|
|-damage|p1a: Breloom|32/100 brn|[from] brn
|upkeep
|turn|4
|
|t:|1743889743
|move|p1a: Breloom|Bullet Seed|p2a: Great Tusk
|-supereffective|p2a: Great Tusk
|-damage|p2a: Great Tusk|30/100
|-supereffective|p2a: Great Tusk
|-crit|p2a: Great Tusk
|-damage|p2a: Great Tusk|9/100
|-supereffective|p2a: Great Tusk
|-damage|p2a: Great Tusk|0 fnt
|faint|p2a: Great Tusk
|-end|p2a: Great Tusk|Protosynthesis|[silent]
|-hitcount|p2: Great Tusk|3
|
|-damage|p1a: Breloom|26/100 brn|[from] brn
|upkeep
|
|t:|1743889748
|switch|p2a: Blaziken|Blaziken, M|100/100
|turn|5
|
|t:|1743889751
|move|p2a: Blaziken|Protect|p2a: Blaziken
|-singleturn|p2a: Blaziken|Protect
|move|p1a: Breloom|Mach Punch|p2a: Blaziken
|-activate|p2a: Blaziken|move: Protect
|
|-damage|p1a: Breloom|20/100 brn|[from] brn
|-ability|p2a: Blaziken|Speed Boost|boost
|-boost|p2a: Blaziken|spe|1
|upkeep
|turn|6
|
|t:|1743889756
|move|p1a: Breloom|Mach Punch|p2a: Blaziken
|-damage|p2a: Blaziken|53/100
|move|p2a: Blaziken|Swords Dance|p2a: Blaziken
|-boost|p2a: Blaziken|atk|2
|
|-heal|p2a: Blaziken|59/100|[from] item: Leftovers
|-damage|p1a: Breloom|14/100 brn|[from] brn
|-ability|p2a: Blaziken|Speed Boost|boost
|-boost|p2a: Blaziken|spe|1
|upkeep
|turn|7
|
|t:|1743889760
|move|p1a: Breloom|Mach Punch|p2a: Blaziken
|-damage|p2a: Blaziken|12/100
|move|p2a: Blaziken|Flare Blitz|p1a: Breloom
|-damage|p1a: Breloom|0 fnt
|faint|p1a: Breloom
|-damage|p2a: Blaziken|8/100|[from] Recoil
|
|-heal|p2a: Blaziken|14/100|[from] item: Leftovers
|-ability|p2a: Blaziken|Speed Boost|boost
|-boost|p2a: Blaziken|spe|1
|upkeep
|
|t:|1743889773
|switch|p1a: Raging Bolt|Raging Bolt|100/100
|-enditem|p1a: Raging Bolt|Booster Energy
|-activate|p1a: Raging Bolt|ability: Protosynthesis|[fromitem]
|-start|p1a: Raging Bolt|protosynthesisspa
|turn|8
|
|t:|1743889779
|switch|p2a: Raging Bolt|Raging Bolt|100/100
|-enditem|p2a: Raging Bolt|Booster Energy
|-activate|p2a: Raging Bolt|ability: Protosynthesis|[fromitem]
|-start|p2a: Raging Bolt|protosynthesisspa
|move|p1a: Raging Bolt|Thunderclap||[still]
|-fail|p1a: Raging Bolt
|
|upkeep
|turn|9
|
|t:|1743889786
|-terastallize|p2a: Raging Bolt|Fairy
|move|p2a: Raging Bolt|Draco Meteor|p1a: Raging Bolt|[miss]
|-miss|p2a: Raging Bolt|p1a: Raging Bolt
|move|p1a: Raging Bolt|Dragon Pulse|p2a: Raging Bolt
|-immune|p2a: Raging Bolt
|
|upkeep
|turn|10
|
|t:|1743889796
|move|p1a: Raging Bolt|Thunderclap||[still]
|-fail|p1a: Raging Bolt
|move|p2a: Raging Bolt|Calm Mind|p2a: Raging Bolt
|-boost|p2a: Raging Bolt|spa|1
|-boost|p2a: Raging Bolt|spd|1
|
|upkeep
|turn|11
|
|t:|1743889801
|-end|p1a: Raging Bolt|Protosynthesis|[silent]
|switch|p1a: Orthworm|Orthworm, F|100/100
|move|p2a: Raging Bolt|Draco Meteor|p1a: Orthworm
|-resisted|p1a: Orthworm
|-damage|p1a: Orthworm|25/100
|-unboost|p2a: Raging Bolt|spa|2
|
|-heal|p1a: Orthworm|32/100|[from] item: Leftovers
|upkeep
|turn|12
|
|t:|1743889809
|move|p2a: Raging Bolt|Thunderbolt|p1a: Orthworm
|-damage|p1a: Orthworm|0 fnt
|faint|p1a: Orthworm
|
|upkeep
|
|t:|1743889815
|switch|p1a: Greninja|Greninja, M|100/100
|turn|13
|
|t:|1743889818
|move|p2a: Raging Bolt|Thunderclap|p1a: Greninja
|-supereffective|p1a: Greninja
|-damage|p1a: Greninja|0 fnt
|faint|p1a: Greninja
|
|upkeep
|
|t:|1743889824
|switch|p1a: Falinks|Falinks, shiny|100/100
|turn|14
|
|t:|1743889829
|move|p2a: Raging Bolt|Thunderclap||[still]
|-fail|p2a: Raging Bolt
|move|p1a: Falinks|No Retreat|p1a: Falinks
|-boost|p1a: Falinks|atk|1
|-boost|p1a: Falinks|def|1
|-boost|p1a: Falinks|spa|1
|-boost|p1a: Falinks|spd|1
|-boost|p1a: Falinks|spe|1
|-start|p1a: Falinks|move: No Retreat
|
|upkeep
|turn|15
|
|t:|1743889839
|move|p1a: Falinks|Iron Head|p2a: Raging Bolt
|-supereffective|p2a: Raging Bolt
|-damage|p2a: Raging Bolt|28/100
|move|p2a: Raging Bolt|Draco Meteor|p1a: Falinks
|-damage|p1a: Falinks|37/100
|-unboost|p2a: Raging Bolt|spa|2
|
|upkeep
|turn|16
|
|t:|1743889849
|move|p2a: Raging Bolt|Thunderclap|p1a: Falinks
|-damage|p1a: Falinks|15/100
|move|p1a: Falinks|Iron Head|p2a: Raging Bolt
|-supereffective|p2a: Raging Bolt
|-damage|p2a: Raging Bolt|0 fnt
|faint|p2a: Raging Bolt
|-end|p2a: Raging Bolt|Protosynthesis|[silent]
|
|upkeep
|
|t:|1743889860
|switch|p2a: Scizor|Scizor, M|100/100
|turn|17
|
|t:|1743889868
|move|p2a: Scizor|Bullet Punch|p1a: Falinks
|-damage|p1a: Falinks|0 fnt
|faint|p1a: Falinks
|
|upkeep
|
|t:|1743889875
|switch|p1a: Kingambit|Kingambit, M|100/100
|-activate|p1a: Kingambit|ability: Supreme Overlord
|-start|p1a: Kingambit|fallen4|[silent]
|turn|18
|
|t:|1743889882
|switch|p2a: Blaziken|Blaziken, M|14/100
|move|p1a: Kingambit|Swords Dance|p1a: Kingambit
|-boost|p1a: Kingambit|atk|2
|
|-heal|p2a: Blaziken|20/100|[from] item: Leftovers
|upkeep
|turn|19
|
|t:|1743889887
|move|p1a: Kingambit|Sucker Punch||[still]
|-fail|p1a: Kingambit
|move|p2a: Blaziken|Swords Dance|p2a: Blaziken
|-boost|p2a: Blaziken|atk|2
|
|-heal|p2a: Blaziken|26/100|[from] item: Leftovers
|-ability|p2a: Blaziken|Speed Boost|boost
|-boost|p2a: Blaziken|spe|1
|upkeep
|turn|20
|
|t:|1743889892
|move|p1a: Kingambit|Sucker Punch||[still]
|-fail|p1a: Kingambit
|move|p2a: Blaziken|Swords Dance|p2a: Blaziken
|-boost|p2a: Blaziken|atk|2
|
|-heal|p2a: Blaziken|32/100|[from] item: Leftovers
|-ability|p2a: Blaziken|Speed Boost|boost
|-boost|p2a: Blaziken|spe|1
|upkeep
|turn|21
|
|t:|1743889897
|move|p2a: Blaziken|Protect|p2a: Blaziken
|-singleturn|p2a: Blaziken|Protect
|move|p1a: Kingambit|Substitute|p1a: Kingambit
|-start|p1a: Kingambit|Substitute
|-damage|p1a: Kingambit|75/100
|
|-heal|p2a: Blaziken|38/100|[from] item: Leftovers
|-heal|p1a: Kingambit|82/100|[from] item: Leftovers
|-ability|p2a: Blaziken|Speed Boost|boost
|-boost|p2a: Blaziken|spe|1
|upkeep
|turn|22
|
|t:|1743889907
|move|p2a: Blaziken|Swords Dance|p2a: Blaziken
|-boost|p2a: Blaziken|atk|2
|move|p1a: Kingambit|Iron Head|p2a: Blaziken
|-resisted|p2a: Blaziken
|-damage|p2a: Blaziken|0 fnt
|faint|p2a: Blaziken
|
|-heal|p1a: Kingambit|88/100|[from] item: Leftovers
|upkeep
|
|t:|1743889915
|switch|p2a: Scizor|Scizor, M|100/100
|turn|23
|
|t:|1743889922
|move|p2a: Scizor|U-turn|p1a: Kingambit
|-end|p1a: Kingambit|Substitute
|
|t:|1743889926
|switch|p2a: Primarina|Primarina, F|100/100|[from] U-turn
|move|p1a: Kingambit|Swords Dance|p1a: Kingambit
|-boost|p1a: Kingambit|atk|2
|
|-heal|p1a: Kingambit|94/100|[from] item: Leftovers
|upkeep
|turn|24
|
|t:|1743889930
|move|p1a: Kingambit|Sucker Punch|p2a: Primarina
|-resisted|p2a: Primarina
|-damage|p2a: Primarina|0 fnt
|faint|p2a: Primarina
|
|-heal|p1a: Kingambit|99/100|[from] item: Leftovers
|upkeep
|
|t:|1743889934
|switch|p2a: Darkrai|Darkrai|100/100
|turn|25
|
|t:|1743889940
|move|p1a: Kingambit|Sucker Punch||[still]
|-fail|p1a: Kingambit
|move|p2a: Darkrai|Trick|p1a: Kingambit
|-activate|p2a: Darkrai|move: Trick|[of] p1a: Kingambit
|-item|p1a: Kingambit|Choice Scarf|[from] move: Trick
|-item|p2a: Darkrai|Leftovers|[from] move: Trick
|
|upkeep
|turn|26
|
|t:|1743889949
|move|p2a: Darkrai|Will-O-Wisp|p1a: Kingambit|[miss]
|-miss|p2a: Darkrai|p1a: Kingambit
|move|p1a: Kingambit|Iron Head|p2a: Darkrai
|-damage|p2a: Darkrai|0 fnt
|faint|p2a: Darkrai
|
|upkeep
|-message|Matatex forfeited.
|
|win|zord2050
|raw|zord2050's rating: 1110 &rarr; <strong>1138</strong><br />(+28 for winning)
|raw|Matatex's rating: 1146 &rarr; <strong>1118</strong><br />(-28 for losing)
|l|☆Matatex
|player|p2|
|l|‽zord2050
|player|p1|
