|j|☆malpicatepica
|j|☆HarryBobber
|t:|1743785162
|gametype|singles
|player|p1|malpicatepica|102|1434
|player|p2|HarryBobber|2|1422
|teamsize|p1|6
|teamsize|p2|6
|gen|9
|tier|[Gen 9] OU
|rated|
|rule|HP Percentage Mod: HP is shown in percentages
|rule|Endless Battle Clause: Forcing endless battles is banned
|rule|Species Clause: Limit one of each Pokémon
|rule|OHKO Clause: OHKO moves are banned
|rule|Evasion Items Clause: Evasion items are banned
|rule|Evasion Moves Clause: Evasion moves are banned
|rule|Sleep Moves Clause: Sleep-inducing moves are banned
|clearpoke
|poke|p1|Iron Treads|
|poke|p1|Kyurem|
|poke|p1|Gholdengo|
|poke|p1|Ting-Lu|
|poke|p1|Sinistcha-Masterpiece|
|poke|p1|Inteleon, M|
|poke|p2|Iron Treads|
|poke|p2|Greninja-*, M|
|poke|p2|Iron Valiant|
|poke|p2|Dragonite, M|
|poke|p2|Glimmora, F|
|poke|p2|Gholdengo|
|teampreview
|inactive|Battle timer is ON: inactive players will automatically lose when time's up. (requested by HarryBobber)
|
|t:|1743785172
|start
|switch|p1a: Kyurem|Kyurem|100/100
|switch|p2a: Iron Treads|Iron Treads|100/100
|-ability|p1a: Kyurem|Pressure
|-enditem|p2a: Iron Treads|Booster Energy
|-activate|p2a: Iron Treads|ability: Quark Drive|[fromitem]
|-start|p2a: Iron Treads|quarkdrivespe
|turn|1
|
|t:|1743785176
|move|p2a: Iron Treads|Stealth Rock|p1a: Kyurem
|-sidestart|p1: malpicatepica|move: Stealth Rock
|move|p1a: Kyurem|Earth Power|p2a: Iron Treads
|-supereffective|p2a: Iron Treads
|-damage|p2a: Iron Treads|16/100
|
|upkeep
|turn|2
|
|t:|1743785183
|switch|p1a: Ting-Lu|Ting-Lu|100/100
|-damage|p1a: Ting-Lu|94/100|[from] Stealth Rock
|-ability|p1a: Ting-Lu|Vessel of Ruin
|move|p2a: Iron Treads|Steel Beam|p1a: Ting-Lu
|-damage|p1a: Ting-Lu|73/100
|-damage|p2a: Iron Treads|0 fnt|[from] steelbeam
|faint|p2a: Iron Treads
|-end|p2a: Iron Treads|Quark Drive|[silent]
|
|-heal|p1a: Ting-Lu|79/100|[from] item: Leftovers
|upkeep
|
|t:|1743785193
|switch|p2a: Greninja|Greninja, M|100/100
|turn|3
|
|t:|1743785197
|move|p2a: Greninja|Hydro Pump|p1a: Ting-Lu
|-supereffective|p1a: Ting-Lu
|-damage|p1a: Ting-Lu|20/100
|-damage|p2a: Greninja|91/100|[from] item: Life Orb
|move|p1a: Ting-Lu|Spikes|p2a: Greninja
|-sidestart|p2: HarryBobber|Spikes
|
|-heal|p1a: Ting-Lu|27/100|[from] item: Leftovers
|upkeep
|turn|4
|
|t:|1743785210
|move|p2a: Greninja|Hydro Pump|p1a: Ting-Lu
|-supereffective|p1a: Ting-Lu
|-damage|p1a: Ting-Lu|0 fnt
|faint|p1a: Ting-Lu
|-ability|p2a: Greninja|Battle Bond|boost
|-boost|p2a: Greninja|atk|1
|-boost|p2a: Greninja|spa|1
|-boost|p2a: Greninja|spe|1
|-activate|p2a: Greninja|ability: Battle Bond
|-damage|p2a: Greninja|81/100|[from] item: Life Orb
|
|upkeep
|
|t:|1743785224
|switch|p1a: Kyurem|Kyurem|100/100
|-damage|p1a: Kyurem|76/100|[from] Stealth Rock
|-ability|p1a: Kyurem|Pressure
|turn|5
|
|t:|1743785228
|move|p2a: Greninja|Dark Pulse|p1a: Kyurem
|-damage|p1a: Kyurem|12/100
|-damage|p2a: Greninja|71/100|[from] item: Life Orb
|move|p1a: Kyurem|Freeze-Dry|p2a: Greninja
|-supereffective|p2a: Greninja
|-damage|p2a: Greninja|0 fnt
|faint|p2a: Greninja
|
|-heal|p1a: Kyurem|18/100|[from] item: Leftovers
|upkeep
|
|t:|1743785235
|switch|p2a: Iron Valiant|Iron Valiant|100/100
|-damage|p2a: Iron Valiant|88/100|[from] Spikes
|-enditem|p2a: Iron Valiant|Booster Energy
|-activate|p2a: Iron Valiant|ability: Quark Drive|[fromitem]
|-start|p2a: Iron Valiant|quarkdrivespe
|turn|6
|
|t:|1743785240
|move|p2a: Iron Valiant|Knock Off|p1a: Kyurem
|-damage|p1a: Kyurem|0 fnt
|-enditem|p1a: Kyurem|Leftovers|[from] move: Knock Off|[of] p2a: Iron Valiant
|faint|p1a: Kyurem
|
|upkeep
|
|t:|1743785243
|switch|p1a: Sinistcha|Sinistcha-Masterpiece|100/100
|-damage|p1a: Sinistcha|88/100|[from] Stealth Rock
|turn|7
|
|t:|1743785252
|move|p2a: Iron Valiant|Swords Dance|p2a: Iron Valiant
|-boost|p2a: Iron Valiant|atk|2
|move|p1a: Sinistcha|Strength Sap|p2a: Iron Valiant
|-unboost|p2a: Iron Valiant|atk|1
|-heal|p1a: Sinistcha|100/100
|
|upkeep
|turn|8
|
|t:|1743785260
|move|p2a: Iron Valiant|Encore|p1a: Sinistcha
|-start|p1a: Sinistcha|Encore
|move|p1a: Sinistcha|Strength Sap|p2a: Iron Valiant
|-unboost|p2a: Iron Valiant|atk|1
|
|upkeep
|turn|9
|
|t:|1743785266
|switch|p1a: Gholdengo|Gholdengo|100/100
|-damage|p1a: Gholdengo|94/100|[from] Stealth Rock
|move|p2a: Iron Valiant|Swords Dance|p2a: Iron Valiant
|-boost|p2a: Iron Valiant|atk|2
|
|upkeep
|turn|10
|
|t:|1743785277
|-terastallize|p1a: Gholdengo|Flying
|move|p2a: Iron Valiant|Knock Off|p1a: Gholdengo
|-damage|p1a: Gholdengo|14/100
|-enditem|p1a: Gholdengo|Choice Scarf|[from] move: Knock Off|[of] p2a: Iron Valiant
|move|p1a: Gholdengo|Make It Rain|p2a: Iron Valiant
|-supereffective|p2a: Iron Valiant
|-damage|p2a: Iron Valiant|0 fnt
|-unboost|p1a: Gholdengo|spa|1
|faint|p2a: Iron Valiant
|-end|p2a: Iron Valiant|Quark Drive|[silent]
|
|upkeep
|inactive|HarryBobber has 120 seconds left.
|inactive|HarryBobber has 90 seconds left.
|
|t:|1743785357
|switch|p2a: Glimmora|Glimmora, F|100/100
|-damage|p2a: Glimmora|88/100|[from] Spikes
|turn|11
|
|t:|1743785372
|move|p2a: Glimmora|Meteor Beam||[still]
|-prepare|p2a: Glimmora|Meteor Beam
|-boost|p2a: Glimmora|spa|1
|-enditem|p2a: Glimmora|Power Herb
|-anim|p2a: Glimmora|Meteor Beam|p1a: Gholdengo|[miss]
|-miss|p2a: Glimmora|p1a: Gholdengo
|move|p1a: Gholdengo|Trick||[still]
|-fail|p1a: Gholdengo
|
|upkeep
|turn|12
|inactive|HarryBobber has 90 seconds left.
|
|t:|1743785387
|move|p2a: Glimmora|Sludge Wave|p1a: Gholdengo
|-damage|p1a: Gholdengo|0 fnt
|faint|p1a: Gholdengo
|
|upkeep
|
|t:|1743785390
|switch|p1a: Iron Treads|Iron Treads|100/100
|turn|13
|inactive|HarryBobber has 90 seconds left.
|
|t:|1743785428
|move|p1a: Iron Treads|Earthquake|p2a: Glimmora
|-supereffective|p2a: Glimmora
|-damage|p2a: Glimmora|0 fnt
|-activate|p2a: Glimmora|ability: Toxic Debris
|-sidestart|p1: malpicatepica|move: Toxic Spikes
|faint|p2a: Glimmora
|
|upkeep
|
|t:|1743785431
|switch|p2a: Dragonite|Dragonite, M|100/100
|turn|14
|
|t:|1743785434
|move|p1a: Iron Treads|Rapid Spin|p2a: Dragonite
|-damage|p2a: Dragonite|93/100
|-boost|p1a: Iron Treads|spe|1
|-sideend|p1: malpicatepica|Toxic Spikes|[from] move: Rapid Spin|[of] p1a: Iron Treads
|-sideend|p1: malpicatepica|Stealth Rock|[from] move: Rapid Spin|[of] p1a: Iron Treads
|move|p2a: Dragonite|Dragon Dance|p2a: Dragonite
|-boost|p2a: Dragonite|atk|1
|-boost|p2a: Dragonite|spe|1
|
|upkeep
|turn|15
|
|t:|1743785443
|-terastallize|p2a: Dragonite|Normal
|move|p1a: Iron Treads|Knock Off|p2a: Dragonite
|-damage|p2a: Dragonite|66/100
|-enditem|p2a: Dragonite|Heavy-Duty Boots|[from] move: Knock Off|[of] p1a: Iron Treads
|move|p2a: Dragonite|Dragon Dance|p2a: Dragonite
|-boost|p2a: Dragonite|atk|1
|-boost|p2a: Dragonite|spe|1
|
|upkeep
|turn|16
|
|t:|1743785446
|move|p2a: Dragonite|Earthquake|p1a: Iron Treads
|-supereffective|p1a: Iron Treads
|-damage|p1a: Iron Treads|0 fnt
|faint|p1a: Iron Treads
|-end|p1a: Iron Treads|Quark Drive|[silent]
|
|upkeep
|
|t:|1743785448
|switch|p1a: Sinistcha|Sinistcha-Masterpiece|100/100
|turn|17
|
|t:|1743785467
|switch|p2a: Gholdengo|Gholdengo|100/100
|-item|p2a: Gholdengo|Air Balloon
|move|p1a: Sinistcha|Strength Sap|p2a: Gholdengo
|-immune|p2a: Gholdengo|[from] ability: Good as Gold
|
|upkeep
|turn|18
|
|t:|1743785473
|switch|p1a: Inteleon|Inteleon, M|100/100
|move|p2a: Gholdengo|Shadow Ball|p1a: Inteleon
|-damage|p1a: Inteleon|40/100
|
|upkeep
|turn|19
|
|t:|1743785482
|switch|p2a: Dragonite|Dragonite, M, tera:Normal|66/100
|-damage|p2a: Dragonite|53/100|[from] Spikes
|move|p1a: Inteleon|Snipe Shot|p2a: Dragonite
|-damage|p2a: Dragonite|12/100
|
|upkeep
|turn|20
|
|t:|1743785490
|switch|p1a: Sinistcha|Sinistcha-Masterpiece|100/100
|move|p2a: Dragonite|Extreme Speed|p1a: Sinistcha
|-immune|p1a: Sinistcha
|
|upkeep
|turn|21
|inactive|HarryBobber has 120 seconds left.
|
|t:|1743785500
|move|p2a: Dragonite|Roost|p2a: Dragonite
|-heal|p2a: Dragonite|62/100
|move|p1a: Sinistcha|Shadow Ball|p2a: Dragonite
|-immune|p2a: Dragonite
|
|upkeep
|turn|22
|
|t:|1743785508
|switch|p2a: Gholdengo|Gholdengo|100/100
|-item|p2a: Gholdengo|Air Balloon
|move|p1a: Sinistcha|Calm Mind|p1a: Sinistcha
|-boost|p1a: Sinistcha|spa|1
|-boost|p1a: Sinistcha|spd|1
|
|upkeep
|turn|23
|
|t:|1743785512
|move|p2a: Gholdengo|Nasty Plot|p2a: Gholdengo
|-boost|p2a: Gholdengo|spa|2
|move|p1a: Sinistcha|Shadow Ball|p2a: Gholdengo
|-supereffective|p2a: Gholdengo
|-damage|p2a: Gholdengo|9/100
|-enditem|p2a: Gholdengo|Air Balloon
|
|upkeep
|turn|24
|
|t:|1743785515
|move|p2a: Gholdengo|Shadow Ball|p1a: Sinistcha
|-supereffective|p1a: Sinistcha
|-damage|p1a: Sinistcha|0 fnt
|faint|p1a: Sinistcha
|
|upkeep
|
|t:|1743785517
|switch|p1a: Inteleon|Inteleon, M|40/100
|turn|25
|
|t:|1743785520
|move|p1a: Inteleon|Snipe Shot|p2a: Gholdengo
|-crit|p2a: Gholdengo
|-damage|p2a: Gholdengo|0 fnt
|faint|p2a: Gholdengo
|
|upkeep
|
|t:|1743785523
|switch|p2a: Dragonite|Dragonite, M, tera:Normal|62/100
|-damage|p2a: Dragonite|50/100|[from] Spikes
|turn|26
|
|t:|1743785526
|move|p2a: Dragonite|Extreme Speed|p1a: Inteleon
|-damage|p1a: Inteleon|0 fnt
|faint|p1a: Inteleon
|
|win|HarryBobber
|raw|malpicatepica's rating: 1434 &rarr; <strong>1413</strong><br />(-21 for losing)
|raw|HarryBobber's rating: 1422 &rarr; <strong>1443</strong><br />(+21 for winning)
|l|☆HarryBobber
|player|p2|
|l|☆malpicatepica
|player|p1|
