|j|☆box shidder
|j|☆sveinung12321
|t:|1743838875
|gametype|singles
|player|p1|box shidder|cynthia|1584
|player|p2|sveinung12321|265|1516
|teamsize|p1|6
|teamsize|p2|6
|gen|9
|tier|[Gen 9] OU
|rated|
|rule|HP Percentage Mod: HP is shown in percentages
|rule|Endless Battle Clause: Forcing endless battles is banned
|rule|Species Clause: Limit one of each Pokémon
|rule|OHKO Clause: OHKO moves are banned
|rule|Evasion Items Clause: Evasion items are banned
|rule|Evasion Moves Clause: Evasion moves are banned
|rule|Sleep Moves Clause: Sleep-inducing moves are banned
|clearpoke
|poke|p1|Kyurem|
|poke|p1|Slowking-Galar, F|
|poke|p1|Moltres|
|poke|p1|Porygon-Z|
|poke|p1|Araquanid, M|
|poke|p1|Iron Treads|
|poke|p2|Zapdos|
|poke|p2|Corviknight, M|
|poke|p2|Iron Valiant|
|poke|p2|Great Tusk|
|poke|p2|Dragapult, F|
|poke|p2|Slowbro, M|
|teampreview
|inactive|Battle timer is ON: inactive players will automatically lose when time's up. (requested by box shidder)
|
|t:|1743838894
|start
|switch|p1a: -> sticky web <-|Araquanid, M|100/100
|switch|p2a: Dragapult|Dragapult, F|100/100
|turn|1
|
|t:|1743838901
|move|p2a: Dragapult|Dragon Darts|p1a: -> sticky web <-
|-damage|p1a: -> sticky web <-|57/100
|-anim|p2a: Dragapult|Dragon Darts|p1a: -> sticky web <-
|-damage|p1a: -> sticky web <-|13/100
|move|p1a: -> sticky web <-|Sticky Web|p2a: Dragapult
|-sidestart|p2: sveinung12321|move: Sticky Web
|
|upkeep
|turn|2
|-enditem|p1a: -> sticky web <-|Custap Berry|[eat]
|-activate|p1a: -> sticky web <-|item: Custap Berry|[consumed]
|
|t:|1743838907
|move|p1a: -> sticky web <-|Liquidation|p2a: Dragapult
|-resisted|p2a: Dragapult
|-damage|p2a: Dragapult|59/100
|move|p2a: Dragapult|Dragon Darts|p1a: -> sticky web <-
|-damage|p1a: -> sticky web <-|0 fnt
|faint|p1a: -> sticky web <-
|
|upkeep
|
|t:|1743838915
|switch|p1a: zoomer|Iron Treads|100/100
|turn|3
|
|t:|1743838924
|switch|p2a: Great Tusk|Great Tusk|100/100
|-activate|p2a: Great Tusk|move: Sticky Web
|-unboost|p2a: Great Tusk|spe|1
|-end|p1a: zoomer|Quark Drive|[silent]
|switch|p1a: steel chair|Porygon-Z|100/100
|-ability|p1a: steel chair|Download|boost
|-boost|p1a: steel chair|spa|1
|
|upkeep
|turn|4
|
|t:|1743838949
|-end|p2a: Great Tusk|Protosynthesis|[silent]
|switch|p2a: Iron Valiant|Iron Valiant|100/100
|-activate|p2a: Iron Valiant|move: Sticky Web
|-unboost|p2a: Iron Valiant|spe|1
|-enditem|p2a: Iron Valiant|Booster Energy
|-activate|p2a: Iron Valiant|ability: Quark Drive|[fromitem]
|-start|p2a: Iron Valiant|quarkdrivespa
|move|p1a: steel chair|Ice Beam|p2a: Iron Valiant
|-damage|p2a: Iron Valiant|14/100
|
|upkeep
|turn|5
|
|t:|1743838960
|move|p1a: steel chair|Ice Beam|p2a: Iron Valiant
|-damage|p2a: Iron Valiant|0 fnt
|faint|p2a: Iron Valiant
|-end|p2a: Iron Valiant|Quark Drive|[silent]
|
|upkeep
|
|t:|1743838962
|switch|p2a: Corviknight|Corviknight, M|100/100
|-ability|p2a: Corviknight|Pressure
|turn|6
|
|t:|1743838966
|move|p1a: steel chair|Thunderbolt|p2a: Corviknight
|-supereffective|p2a: Corviknight
|-damage|p2a: Corviknight|0 fnt
|faint|p2a: Corviknight
|
|upkeep
|
|t:|1743838971
|switch|p2a: Dragapult|Dragapult, F|59/100
|-activate|p2a: Dragapult|move: Sticky Web
|-fail|p2a: Dragapult|unboost|[from] ability: Clear Body|[of] p2a: Dragapult
|turn|7
|
|t:|1743838978
|switch|p1a: zoomer|Iron Treads|100/100
|move|p2a: Dragapult|Dragon Darts|p1a: zoomer
|-resisted|p1a: zoomer
|-damage|p1a: zoomer|85/100
|-anim|p2a: Dragapult|Dragon Darts|p1a: zoomer
|-resisted|p1a: zoomer
|-damage|p1a: zoomer|69/100
|
|-heal|p1a: zoomer|75/100|[from] item: Leftovers
|upkeep
|turn|8
|
|t:|1743838982
|switch|p2a: Great Tusk|Great Tusk|100/100
|-activate|p2a: Great Tusk|move: Sticky Web
|-unboost|p2a: Great Tusk|spe|1
|move|p1a: zoomer|Knock Off|p2a: Great Tusk
|-resisted|p2a: Great Tusk
|-crit|p2a: Great Tusk
|-damage|p2a: Great Tusk|85/100
|-enditem|p2a: Great Tusk|Leftovers|[from] move: Knock Off|[of] p1a: zoomer
|
|-heal|p1a: zoomer|81/100|[from] item: Leftovers
|upkeep
|turn|9
|
|t:|1743838993
|-terastallize|p1a: zoomer|Ghost
|move|p1a: zoomer|Iron Defense|p1a: zoomer
|-boost|p1a: zoomer|def|2
|move|p2a: Great Tusk|Rapid Spin|p1a: zoomer
|-immune|p1a: zoomer
|
|-heal|p1a: zoomer|87/100|[from] item: Leftovers
|upkeep
|turn|10
|
|t:|1743838996
|move|p1a: zoomer|Iron Defense|p1a: zoomer
|-boost|p1a: zoomer|def|2
|move|p2a: Great Tusk|Stealth Rock|p1a: zoomer
|-sidestart|p1: box shidder|move: Stealth Rock
|
|-heal|p1a: zoomer|94/100|[from] item: Leftovers
|upkeep
|turn|11
|
|t:|1743839003
|move|p1a: zoomer|Body Press|p2a: Great Tusk
|-damage|p2a: Great Tusk|48/100
|move|p2a: Great Tusk|Headlong Rush|p1a: zoomer
|-damage|p1a: zoomer|70/100
|-unboost|p2a: Great Tusk|def|1
|-unboost|p2a: Great Tusk|spd|1
|
|-heal|p1a: zoomer|77/100|[from] item: Leftovers
|upkeep
|turn|12
|
|t:|1743839008
|-end|p2a: Great Tusk|Protosynthesis|[silent]
|switch|p2a: Zapdos|Zapdos|100/100
|move|p1a: zoomer|Knock Off|p2a: Zapdos
|-damage|p2a: Zapdos|65/100
|-enditem|p2a: Zapdos|Heavy-Duty Boots|[from] move: Knock Off|[of] p1a: zoomer
|
|-heal|p1a: zoomer|83/100|[from] item: Leftovers
|upkeep
|turn|13
|
|t:|1743839013
|move|p1a: zoomer|Rapid Spin|p2a: Zapdos
|-damage|p2a: Zapdos|46/100
|-boost|p1a: zoomer|spe|1
|-sideend|p1: box shidder|Stealth Rock|[from] move: Rapid Spin|[of] p1a: zoomer
|move|p2a: Zapdos|Hurricane|p1a: zoomer
|-damage|p1a: zoomer|8/100
|
|-heal|p1a: zoomer|14/100|[from] item: Leftovers
|upkeep
|turn|14
|
|t:|1743839021
|-end|p1a: zoomer|Quark Drive|[silent]
|switch|p1a: guess my set|Kyurem|100/100
|-ability|p1a: guess my set|Pressure
|move|p2a: Zapdos|Roost|p2a: Zapdos
|-heal|p2a: Zapdos|96/100
|-singleturn|p2a: Zapdos|move: Roost
|
|upkeep
|turn|15
|
|t:|1743839026
|switch|p1a: zoop|Slowking-Galar, F|100/100
|move|p2a: Zapdos|Volt Switch|p1a: zoop
|-damage|p1a: zoop|77/100
|
|t:|1743839029
|switch|p2a: Dragapult|Dragapult, F|59/100|[from] Volt Switch
|-activate|p2a: Dragapult|move: Sticky Web
|-fail|p2a: Dragapult|unboost|[from] ability: Clear Body|[of] p2a: Dragapult
|
|-heal|p1a: zoop|83/100|[from] item: Black Sludge
|upkeep
|turn|16
|
|t:|1743839034
|switch|p1a: gambling denier|Moltres|100/100
|move|p2a: Dragapult|U-turn|p1a: gambling denier
|-resisted|p1a: gambling denier
|-damage|p1a: gambling denier|95/100
|
|t:|1743839037
|switch|p2a: Zapdos|Zapdos|96/100|[from] U-turn
|
|upkeep
|turn|17
|
|t:|1743839043
|switch|p1a: zoop|Slowking-Galar, F|100/100
|move|p2a: Zapdos|Hurricane|p1a: zoop
|-damage|p1a: zoop|68/100
|
|-heal|p1a: zoop|74/100|[from] item: Black Sludge
|upkeep
|turn|18
|
|t:|1743839045
|move|p2a: Zapdos|Volt Switch|p1a: zoop
|-damage|p1a: zoop|52/100
|
|t:|1743839047
|switch|p2a: Great Tusk|Great Tusk|48/100|[from] Volt Switch
|-activate|p2a: Great Tusk|move: Sticky Web
|-unboost|p2a: Great Tusk|spe|1
|-prepare|p1a: zoop|Chilly Reception|[premajor]
|move|p1a: zoop|Chilly Reception|p1a: zoop
|-weather|Snowscape
|
|t:|1743839051
|switch|p1a: guess my set|Kyurem|100/100|[from] Chilly Reception
|-ability|p1a: guess my set|Pressure
|
|-weather|Snowscape|[upkeep]
|upkeep
|turn|19
|
|t:|1743839055
|move|p1a: guess my set|Freeze-Dry|p2a: Great Tusk
|-supereffective|p2a: Great Tusk
|-damage|p2a: Great Tusk|0 fnt
|faint|p2a: Great Tusk
|-end|p2a: Great Tusk|Protosynthesis|[silent]
|
|-weather|Snowscape|[upkeep]
|upkeep
|
|t:|1743839058
|switch|p2a: Dragapult|Dragapult, F|59/100
|-activate|p2a: Dragapult|move: Sticky Web
|-fail|p2a: Dragapult|unboost|[from] ability: Clear Body|[of] p2a: Dragapult
|turn|20
|
|t:|1743839061
|move|p1a: guess my set|Freeze-Dry|p2a: Dragapult
|-supereffective|p2a: Dragapult
|-damage|p2a: Dragapult|0 fnt
|faint|p2a: Dragapult
|
|-weather|Snowscape|[upkeep]
|upkeep
|c|☆sveinung12321|actually, scarf + webs is next level
|c|☆sveinung12321|kudos
|c|☆sveinung12321|gg
|c|☆box shidder|hahaha
|c|☆box shidder|gg
|c|☆box shidder|not my team tho
|-message|sveinung12321 forfeited.
|
|win|box shidder
|raw|box shidder's rating: 1584 &rarr; <strong>1600</strong><br />(+16 for winning)
|raw|sveinung12321's rating: 1516 &rarr; <strong>1500</strong><br />(-16 for losing)
|c|☆sveinung12321|ah
|c|☆box shidder|found it somewhere
|c|☆sveinung12321|its good
|c|☆box shidder|its fire
|c|☆sveinung12321|yeah
|l|☆sveinung12321
|player|p2|
|l|☆box shidder
|player|p1|
|j|☆box shidder
|player|p1|box shidder|cynthia|
