|j|☆ConeFearer
|j|☆Edk895
|t:|1743833871
|gametype|singles
|player|p1|ConeFearer|boarder|1443
|player|p2|Edk895|102|1436
|teamsize|p1|6
|teamsize|p2|6
|gen|9
|tier|[Gen 9] OU
|rated|
|rule|HP Percentage Mod: HP is shown in percentages
|rule|Endless Battle Clause: Forcing endless battles is banned
|rule|Species Clause: Limit one of each Pokémon
|rule|OHKO Clause: OHKO moves are banned
|rule|Evasion Items Clause: Evasion items are banned
|rule|Evasion Moves Clause: Evasion moves are banned
|rule|Sleep Moves Clause: Sleep-inducing moves are banned
|clearpoke
|poke|p1|Ting-Lu|
|poke|p1|Pecharunt|
|poke|p1|Iron Valiant|
|poke|p1|Garganacl, F|
|poke|p1|Lokix, F|
|poke|p1|Hydrapple, M|
|poke|p2|Araquanid, F|
|poke|p2|Gliscor, F|
|poke|p2|Iron Treads|
|poke|p2|Breloom, M|
|poke|p2|Gholdengo|
|poke|p2|Iron Valiant|
|teampreview
|inactive|Battle timer is ON: inactive players will automatically lose when time's up. (requested by Edk895)
|
|t:|1743833921
|start
|switch|p1a: Hydrapple|Hydrapple, M|100/100
|switch|p2a: Araquanid|Araquanid, F|100/100
|turn|1
|
|t:|1743833932
|move|p1a: Hydrapple|Nasty Plot|p1a: Hydrapple
|-boost|p1a: Hydrapple|spa|2
|move|p2a: Araquanid|Sticky Web|p1a: Hydrapple
|-sidestart|p1: ConeFearer|move: Sticky Web
|
|upkeep
|turn|2
|
|t:|1743833939
|move|p2a: Araquanid|Endure|p2a: Araquanid
|-singleturn|p2a: Araquanid|move: Endure
|move|p1a: Hydrapple|Nasty Plot|p1a: Hydrapple
|-boost|p1a: Hydrapple|spa|2
|
|upkeep
|turn|3
|inactive|ConeFearer has 120 seconds left.
|
|t:|1743833976
|move|p1a: Hydrapple|Draco Meteor|p2a: Araquanid
|-damage|p2a: Araquanid|0 fnt
|-unboost|p1a: Hydrapple|spa|2
|faint|p2a: Araquanid
|
|upkeep
|inactive|Edk895 has 120 seconds left.
|
|t:|1743834002
|switch|p2a: Iron Treads|Iron Treads|100/100
|turn|4
|
|t:|1743834009
|move|p2a: Iron Treads|Ice Spinner|p1a: Hydrapple
|-supereffective|p1a: Hydrapple
|-damage|p1a: Hydrapple|50/100
|move|p1a: Hydrapple|Earth Power|p2a: Iron Treads
|-supereffective|p2a: Iron Treads
|-damage|p2a: Iron Treads|0 fnt
|faint|p2a: Iron Treads
|-end|p2a: Iron Treads|Quark Drive|[silent]
|
|upkeep
|j| Assfryioh
|inactive|Edk895 has 120 seconds left.
|
|t:|1743834025
|switch|p2a: Iron Valiant|Iron Valiant|100/100
|-enditem|p2a: Iron Valiant|Booster Energy
|-activate|p2a: Iron Valiant|ability: Quark Drive|[fromitem]
|-start|p2a: Iron Valiant|quarkdrivespe
|turn|5
|
|t:|1743834034
|-terastallize|p1a: Hydrapple|Poison
|move|p2a: Iron Valiant|Spirit Break|p1a: Hydrapple
|-resisted|p1a: Hydrapple
|-damage|p1a: Hydrapple|39/100
|-unboost|p1a: Hydrapple|spa|1
|move|p1a: Hydrapple|Giga Drain|p2a: Iron Valiant
|-damage|p2a: Iron Valiant|25/100
|-heal|p1a: Hydrapple|66/100|[from] drain|[of] p2a: Iron Valiant
|
|upkeep
|turn|6
|inactive|Edk895 has 120 seconds left.
|
|t:|1743834056
|move|p2a: Iron Valiant|Encore|p1a: Hydrapple
|-start|p1a: Hydrapple|Encore
|move|p1a: Hydrapple|Giga Drain|p2a: Iron Valiant
|-damage|p2a: Iron Valiant|0 fnt
|-heal|p1a: Hydrapple|74/100|[from] drain|[of] p2a: Iron Valiant
|faint|p2a: Iron Valiant
|-end|p2a: Iron Valiant|Quark Drive|[silent]
|
|upkeep
|inactive|Edk895 has 90 seconds left.
|
|t:|1743834113
|switch|p2a: Gholdengo|Gholdengo|100/100
|turn|7
|
|t:|1743834139
|switch|p1a: Ting-Lu|Ting-Lu|100/100
|-activate|p1a: Ting-Lu|move: Sticky Web
|-unboost|p1a: Ting-Lu|spe|1
|-ability|p1a: Ting-Lu|Vessel of Ruin
|move|p2a: Gholdengo|Dazzling Gleam|p1a: Ting-Lu
|-supereffective|p1a: Ting-Lu
|-damage|p1a: Ting-Lu|80/100
|
|-heal|p1a: Ting-Lu|86/100|[from] item: Leftovers
|upkeep
|turn|8
|inactive|ConeFearer has 120 seconds left.
|
|t:|1743834160
|switch|p2a: Breloom|Breloom, M|100/100
|move|p1a: Ting-Lu|Ruination|p2a: Breloom
|-damage|p2a: Breloom|51/100
|
|-heal|p1a: Ting-Lu|93/100|[from] item: Leftovers
|upkeep
|turn|9
|inactive|ConeFearer has 120 seconds left.
|inactive|Edk895 has 60 seconds left.
|
|t:|1743834183
|switch|p1a: Pecharunt|Pecharunt|100/100
|move|p2a: Breloom|Swords Dance|p2a: Breloom
|-boost|p2a: Breloom|atk|2
|
|upkeep
|turn|10
|inactive|Edk895 has 60 seconds left.
|inactive|ConeFearer has 120 seconds left.
|
|t:|1743834214
|-terastallize|p2a: Breloom|Ghost
|move|p1a: Pecharunt|Foul Play|p2a: Breloom
|-supereffective|p2a: Breloom
|-damage|p2a: Breloom|0 fnt
|faint|p2a: Breloom
|
|upkeep
|inactive|Edk895 has 60 seconds left.
|
|t:|1743834224
|switch|p2a: Gliscor|Gliscor, F|100/100
|turn|11
|
|t:|1743834229
|move|p1a: Pecharunt|Parting Shot|p2a: Gliscor
|-unboost|p2a: Gliscor|atk|1
|-unboost|p2a: Gliscor|spa|1
|
|t:|1743834235
|switch|p1a: Garganacl|Garganacl, F|100/100|[from] Parting Shot
|move|p2a: Gliscor|Knock Off|p1a: Garganacl
|-damage|p1a: Garganacl|92/100
|-enditem|p1a: Garganacl|Heavy-Duty Boots|[from] move: Knock Off|[of] p2a: Gliscor
|
|-status|p2a: Gliscor|tox|[from] item: Toxic Orb
|upkeep
|turn|12
|
|t:|1743834243
|move|p2a: Gliscor|Spikes|p1a: Garganacl
|-sidestart|p1: ConeFearer|Spikes
|move|p1a: Garganacl|Salt Cure|p2a: Gliscor
|-damage|p2a: Gliscor|93/100 tox
|-start|p2a: Gliscor|Salt Cure
|
|-heal|p2a: Gliscor|100/100 tox|[from] ability: Poison Heal
|-damage|p2a: Gliscor|88/100 tox|[from] Salt Cure
|upkeep
|turn|13
|inactive|Edk895 has 60 seconds left.
|
|t:|1743834276
|move|p2a: Gliscor|Spikes|p1a: Garganacl
|-sidestart|p1: ConeFearer|Spikes
|move|p1a: Garganacl|Stealth Rock|p2a: Gliscor
|-sidestart|p2: Edk895|move: Stealth Rock
|
|-heal|p2a: Gliscor|100/100 tox|[from] ability: Poison Heal
|-damage|p2a: Gliscor|88/100 tox|[from] Salt Cure
|upkeep
|turn|14
|inactive|Edk895 has 60 seconds left.
|
|t:|1743834295
|move|p2a: Gliscor|Earthquake|p1a: Garganacl
|-supereffective|p1a: Garganacl
|-damage|p1a: Garganacl|61/100
|move|p1a: Garganacl|Ice Punch|p2a: Gliscor
|-supereffective|p2a: Gliscor
|-damage|p2a: Gliscor|47/100 tox
|
|-heal|p2a: Gliscor|60/100 tox|[from] ability: Poison Heal
|-damage|p2a: Gliscor|47/100 tox|[from] Salt Cure
|upkeep
|turn|15
|inactive|Edk895 has 60 seconds left.
|-message|Edk895 forfeited.
|
|win|ConeFearer
|raw|ConeFearer's rating: 1443 &rarr; <strong>1461</strong><br />(+18 for winning)
|raw|Edk895's rating: 1416 &rarr; <strong>1398</strong><br />(-18 for losing)
|l|☆Edk895
|player|p2|
|l|☆ConeFearer
|player|p1|
