|j|☆abroba27
|j|☆Santicel
|t:|1743811374
|gametype|singles
|player|p1|abroba27|cynthia-gen4|1080
|player|p2|Santicel|falkner|1141
|teamsize|p1|6
|teamsize|p2|6
|gen|9
|tier|[Gen 9] OU
|rated|
|rule|HP Percentage Mod: HP is shown in percentages
|rule|Endless Battle Clause: Forcing endless battles is banned
|rule|Species Clause: Limit one of each Pokémon
|rule|OHKO Clause: OHKO moves are banned
|rule|Evasion Items Clause: Evasion items are banned
|rule|Evasion Moves Clause: Evasion moves are banned
|rule|Sleep Moves Clause: Sleep-inducing moves are banned
|clearpoke
|poke|p1|Pikachu-Original, M|
|poke|p1|Charizard, M|
|poke|p1|Lapras, F|
|poke|p1|Tauros, M|
|poke|p1|Muk, F|
|poke|p1|Squirtle, M|
|poke|p2|Meowscarada, F|
|poke|p2|Gholdengo|
|poke|p2|Tauros-Paldea-Aqua, M|
|poke|p2|Mimikyu, M|
|poke|p2|Garganacl, F|
|poke|p2|Venusaur, M|
|teampreview
|inactive|Battle timer is ON: inactive players will automatically lose when time's up. (requested by abroba27)
|
|t:|1743811394
|start
|switch|p1a: Lapras|Lapras, F|100/100
|switch|p2a: Tauros|Tauros-Paldea-Aqua, M|100/100
|-ability|p2a: Tauros|Intimidate|boost
|-unboost|p1a: Lapras|atk|1
|turn|1
|
|t:|1743811403
|switch|p2a: Venusaur|Venusaur, M|100/100
|switch|p1a: Muk|Muk, F|100/100
|
|upkeep
|turn|2
|
|t:|1743811411
|move|p2a: Venusaur|Earth Power|p1a: Muk
|-supereffective|p1a: Muk
|-damage|p1a: Muk|61/100
|-damage|p2a: Venusaur|91/100|[from] item: Life Orb
|move|p1a: Muk|Knock Off|p2a: Venusaur
|-damage|p2a: Venusaur|51/100
|-enditem|p2a: Venusaur|Life Orb|[from] move: Knock Off|[of] p1a: Muk
|
|upkeep
|turn|3
|
|t:|1743811422
|switch|p1a: Charizard|Charizard, M|100/100
|move|p2a: Venusaur|Giga Drain|p1a: Charizard
|-resisted|p1a: Charizard
|-damage|p1a: Charizard|90/100
|-heal|p2a: Venusaur|56/100|[from] drain|[of] p1a: Charizard
|
|upkeep
|turn|4
|
|t:|1743811432
|switch|p2a: Garganacl|Garganacl, F, shiny|100/100
|move|p1a: Charizard|Substitute|p1a: Charizard
|-start|p1a: Charizard|Substitute
|-damage|p1a: Charizard|65/100
|
|upkeep
|turn|5
|
|t:|1743811440
|move|p1a: Charizard|Belly Drum|p1a: Charizard
|-damage|p1a: Charizard|16/100
|-setboost|p1a: Charizard|atk|6|[from] move: Belly Drum
|-enditem|p1a: Charizard|Salac Berry|[eat]
|-boost|p1a: Charizard|spe|1|[from] item: Salac Berry
|move|p2a: Garganacl|Salt Cure|p1a: Charizard
|-supereffective|p1a: Charizard
|-end|p1a: Charizard|Substitute
|
|upkeep
|turn|6
|
|t:|1743811452
|move|p1a: Charizard|Acrobatics|p2a: Garganacl
|-resisted|p2a: Garganacl
|-crit|p2a: Garganacl
|-damage|p2a: Garganacl|31/100
|move|p2a: Garganacl|Salt Cure|p1a: Charizard
|-supereffective|p1a: Charizard
|-damage|p1a: Charizard|0 fnt
|faint|p1a: Charizard
|
|-heal|p2a: Garganacl|37/100|[from] item: Leftovers
|upkeep
|
|t:|1743811457
|switch|p1a: Lapras|Lapras, F|100/100
|turn|7
|
|t:|1743811467
|switch|p2a: Venusaur|Venusaur, M|56/100
|move|p1a: Lapras|Dragon Dance|p1a: Lapras
|-boost|p1a: Lapras|atk|1
|-boost|p1a: Lapras|spe|1
|
|upkeep
|turn|8
|
|t:|1743811476
|move|p1a: Lapras|Icicle Spear|p2a: Venusaur
|-supereffective|p2a: Venusaur
|-damage|p2a: Venusaur|12/100
|-supereffective|p2a: Venusaur
|-damage|p2a: Venusaur|0 fnt
|faint|p2a: Venusaur
|-hitcount|p2: Venusaur|2
|
|upkeep
|
|t:|1743811482
|switch|p2a: Meowscarada|Meowscarada, F, shiny|100/100
|turn|9
|
|t:|1743811487
|switch|p1a: Muk|Muk, F|61/100
|move|p2a: Meowscarada|Flower Trick|p1a: Muk
|-resisted|p1a: Muk
|-crit|p1a: Muk
|-damage|p1a: Muk|31/100
|
|upkeep
|turn|10
|
|t:|1743811500
|move|p2a: Meowscarada|Knock Off|p1a: Muk
|-damage|p1a: Muk|0 fnt
|-enditem|p1a: Muk|Assault Vest|[from] move: Knock Off|[of] p2a: Meowscarada
|faint|p1a: Muk
|
|upkeep
|
|t:|1743811504
|switch|p1a: Squirtle|Squirtle, M|100/100
|turn|11
|
|t:|1743811510
|move|p2a: Meowscarada|Flower Trick|p1a: Squirtle
|-supereffective|p1a: Squirtle
|-crit|p1a: Squirtle
|-enditem|p1a: Squirtle|Focus Sash
|-damage|p1a: Squirtle|1/100
|move|p1a: Squirtle|Shell Smash|p1a: Squirtle
|-unboost|p1a: Squirtle|def|1
|-unboost|p1a: Squirtle|spd|1
|-boost|p1a: Squirtle|atk|2
|-boost|p1a: Squirtle|spa|2
|-boost|p1a: Squirtle|spe|2
|
|upkeep
|turn|12
|
|t:|1743811521
|move|p1a: Squirtle|Ice Beam|p2a: Meowscarada
|-supereffective|p2a: Meowscarada
|-enditem|p2a: Meowscarada|Focus Sash
|-damage|p2a: Meowscarada|1/100
|move|p2a: Meowscarada|Flower Trick|p1a: Squirtle
|-supereffective|p1a: Squirtle
|-crit|p1a: Squirtle
|-damage|p1a: Squirtle|0 fnt
|faint|p1a: Squirtle
|
|upkeep
|
|t:|1743811527
|switch|p1a: Tauros|Tauros, M|100/100
|turn|13
|
|t:|1743811542
|switch|p2a: Gholdengo|Gholdengo|100/100
|move|p1a: Tauros|Body Slam|p2a: Gholdengo
|-immune|p2a: Gholdengo
|
|upkeep
|turn|14
|
|t:|1743811549
|move|p1a: Tauros|Earthquake|p2a: Gholdengo
|-supereffective|p2a: Gholdengo
|-damage|p2a: Gholdengo|34/100
|move|p2a: Gholdengo|Focus Blast|p1a: Tauros|[miss]
|-miss|p2a: Gholdengo|p1a: Tauros
|
|upkeep
|turn|15
|
|t:|1743811556
|move|p1a: Tauros|Earthquake|p2a: Gholdengo
|-supereffective|p2a: Gholdengo
|-damage|p2a: Gholdengo|0 fnt
|faint|p2a: Gholdengo
|
|upkeep
|
|t:|1743811563
|switch|p2a: Tauros|Tauros-Paldea-Aqua, M|100/100
|-ability|p2a: Tauros|Intimidate|boost
|-unboost|p1a: Tauros|atk|1
|turn|16
|
|t:|1743811569
|switch|p1a: Pikachu|Pikachu-Original, M|100/100
|move|p2a: Tauros|Close Combat|p1a: Pikachu
|-damage|p1a: Pikachu|0 fnt
|-unboost|p2a: Tauros|def|1
|-unboost|p2a: Tauros|spd|1
|-status|p2a: Tauros|par|[from] ability: Static|[of] p1a: Pikachu
|faint|p1a: Pikachu
|
|upkeep
|
|t:|1743811573
|switch|p1a: Tauros|Tauros, M|100/100
|turn|17
|
|t:|1743811581
|move|p1a: Tauros|Wild Charge|p2a: Tauros
|-supereffective|p2a: Tauros
|-damage|p2a: Tauros|6/100 par
|-damage|p1a: Tauros|77/100|[from] Recoil
|cant|p2a: Tauros|par
|
|upkeep
|turn|18
|
|t:|1743811589
|move|p2a: Tauros|Aqua Jet|p1a: Tauros
|-damage|p1a: Tauros|55/100
|move|p1a: Tauros|Earthquake|p2a: Tauros
|-damage|p2a: Tauros|0 fnt
|faint|p2a: Tauros
|
|upkeep
|
|t:|1743811598
|switch|p2a: Garganacl|Garganacl, F, shiny|37/100
|turn|19
|
|t:|1743811605
|move|p1a: Tauros|Earthquake|p2a: Garganacl
|-supereffective|p2a: Garganacl
|-damage|p2a: Garganacl|9/100
|move|p2a: Garganacl|Recover|p2a: Garganacl
|-heal|p2a: Garganacl|59/100
|
|-heal|p2a: Garganacl|65/100|[from] item: Leftovers
|upkeep
|turn|20
|
|t:|1743811625
|move|p1a: Tauros|Body Slam|p2a: Garganacl
|-resisted|p2a: Garganacl
|-damage|p2a: Garganacl|54/100
|move|p2a: Garganacl|Salt Cure|p1a: Tauros
|-damage|p1a: Tauros|38/100
|-start|p1a: Tauros|Salt Cure
|
|-heal|p2a: Garganacl|60/100|[from] item: Leftovers
|-damage|p1a: Tauros|25/100|[from] Salt Cure
|upkeep
|turn|21
|inactive|Santicel has 120 seconds left.
|
|t:|1743811646
|move|p1a: Tauros|Close Combat|p2a: Garganacl
|-supereffective|p2a: Garganacl
|-damage|p2a: Garganacl|23/100
|-unboost|p1a: Tauros|def|1
|-unboost|p1a: Tauros|spd|1
|move|p2a: Garganacl|Earthquake|p1a: Tauros
|-damage|p1a: Tauros|0 fnt
|faint|p1a: Tauros
|
|-heal|p2a: Garganacl|29/100|[from] item: Leftovers
|upkeep
|
|t:|1743811653
|switch|p1a: Lapras|Lapras, F|100/100
|turn|22
|inactive|Santicel has 120 seconds left.
|
|t:|1743811683
|-terastallize|p2a: Garganacl|Grass
|move|p1a: Lapras|Dragon Dance|p1a: Lapras
|-boost|p1a: Lapras|atk|1
|-boost|p1a: Lapras|spe|1
|move|p2a: Garganacl|Salt Cure|p1a: Lapras
|-supereffective|p1a: Lapras
|-damage|p1a: Lapras|72/100
|-start|p1a: Lapras|Salt Cure
|
|-heal|p2a: Garganacl|36/100|[from] item: Leftovers
|-damage|p1a: Lapras|47/100|[from] Salt Cure
|upkeep
|turn|23
|
|t:|1743811700
|move|p1a: Lapras|Icicle Spear|p2a: Garganacl
|-supereffective|p2a: Garganacl
|-damage|p2a: Garganacl|20/100
|-supereffective|p2a: Garganacl
|-damage|p2a: Garganacl|2/100
|-supereffective|p2a: Garganacl
|-damage|p2a: Garganacl|0 fnt
|faint|p2a: Garganacl
|-hitcount|p2: Garganacl|3
|
|-damage|p1a: Lapras|22/100|[from] Salt Cure
|upkeep
|inactive|Santicel has 90 seconds left.
|
|t:|1743811717
|switch|p2a: Meowscarada|Meowscarada, F, shiny|1/100
|turn|24
|inactive|Santicel has 90 seconds left.
|
|t:|1743811741
|move|p1a: Lapras|Ice Shard|p2a: Meowscarada
|-supereffective|p2a: Meowscarada
|-crit|p2a: Meowscarada
|-damage|p2a: Meowscarada|0 fnt
|faint|p2a: Meowscarada
|
|-damage|p1a: Lapras|0 fnt|[from] Salt Cure
|faint|p1a: Lapras
|
|win|Santicel
|raw|abroba27's rating: 1080 &rarr; <strong>1062</strong><br />(-18 for losing)
|raw|Santicel's rating: 1141 &rarr; <strong>1162</strong><br />(+21 for winning)
|l|☆abroba27
|player|p1|
