|j|☆saintbernard
|j|☆Mewizard113
|inactive|Battle timer is ON: inactive players will automatically lose when time's up.
|t:|1743784261
|gametype|singles
|player|p1|saintbernard|2|
|player|p2|Mewizard113|psychic-gen4|
|teamsize|p1|5
|teamsize|p2|5
|gen|9
|tier|[Gen 9] OU
|rated|Tournament battle
|rule|HP Percentage Mod: HP is shown in percentages
|rule|Endless Battle Clause: Forcing endless battles is banned
|rule|Species Clause: Limit one of each Pokémon
|rule|OHKO Clause: OHKO moves are banned
|rule|Evasion Items Clause: Evasion items are banned
|rule|Evasion Moves Clause: Evasion moves are banned
|rule|Sleep Moves Clause: Sleep-inducing moves are banned
|clearpoke
|poke|p1|Croagunk, F|
|poke|p1|Mareep, M|
|poke|p1|Pikipek, M|
|poke|p1|Piplup, M|
|poke|p1|Medicham, M|
|poke|p2|Ursaring, F|
|poke|p2|Chewtle, F|
|poke|p2|Cyndaquil, M|
|poke|p2|Torchic, F|
|poke|p2|Shellos, M|
|teampreview
|j|*Lady Monita ❄
|c|☆Mewizard113|glhf
|
|t:|1743784282
|start
|switch|p1a: Croagunk|Croagunk, F|100/100
|switch|p2a: Chewtle|Chewtle, F|100/100
|turn|1
|
|t:|1743784295
|switch|p2a: Torchic|Torchic, F|100/100
|move|p1a: Croagunk|Bulk Up|p1a: Croagunk
|-boost|p1a: Croagunk|atk|1
|-boost|p1a: Croagunk|def|1
|
|upkeep
|turn|2
|inactive|saintbernard has 120 seconds left.
|
|t:|1743784331
|move|p2a: Torchic|Swords Dance|p2a: Torchic
|-boost|p2a: Torchic|atk|2
|move|p1a: Croagunk|Drain Punch|p2a: Torchic
|-damage|p2a: Torchic|17/100
|
|-ability|p2a: Torchic|Speed Boost|boost
|-boost|p2a: Torchic|spe|1
|upkeep
|turn|3
|inactive|saintbernard has 120 seconds left.
|
|t:|1743784341
|move|p2a: Torchic|Flare Blitz|p1a: Croagunk
|-damage|p1a: Croagunk|0 fnt
|faint|p1a: Croagunk
|-damage|p2a: Torchic|0 fnt|[from] Recoil
|faint|p2a: Torchic
|
|upkeep
|inactive|saintbernard has 120 seconds left.
|
|t:|1743784352
|switch|p2a: Chewtle|Chewtle, F|100/100
|switch|p1a: Pikipek|Pikipek, M|100/100
|turn|4
|inactive|saintbernard has 120 seconds left.
|
|t:|1743784371
|move|p1a: Pikipek|Bullet Seed|p2a: Chewtle
|-supereffective|p2a: Chewtle
|-damage|p2a: Chewtle|72/100
|-supereffective|p2a: Chewtle
|-damage|p2a: Chewtle|43/100
|-supereffective|p2a: Chewtle
|-damage|p2a: Chewtle|13/100
|-supereffective|p2a: Chewtle
|-crit|p2a: Chewtle
|-damage|p2a: Chewtle|0 fnt
|faint|p2a: Chewtle
|-hitcount|p2: Chewtle|4
|
|upkeep
|
|t:|1743784383
|switch|p2a: Cyndaquil|Cyndaquil, M|100/100
|turn|5
|inactive|saintbernard has 120 seconds left.
|c|☆Mewizard113|ts pmo
|
|t:|1743784407
|switch|p1a: Piplup|Piplup, M|100/100
|move|p2a: Cyndaquil|Eruption|p1a: Piplup
|-resisted|p1a: Piplup
|-crit|p1a: Piplup
|-damage|p1a: Piplup|58/100
|
|upkeep
|turn|6
|j| Inthefun08
|
|t:|1743784416
|switch|p2a: Shellos|Shellos, M|100/100
|move|p1a: Piplup|Waterfall|p2a: Shellos
|-ability|p2a: Shellos|Storm Drain|boost
|-boost|p2a: Shellos|spa|1
|
|upkeep
|turn|7
|l| Inthefun08
|
|t:|1743784421
|move|p1a: Piplup|Triple Axel|p2a: Shellos
|-resisted|p2a: Shellos
|-damage|p2a: Shellos|98/100
|-resisted|p2a: Shellos
|-damage|p2a: Shellos|93/100
|-hitcount|p2a: Shellos|2
|move|p2a: Shellos|Stealth Rock|p1a: Piplup
|-sidestart|p1: saintbernard|move: Stealth Rock
|
|upkeep
|turn|8
|inactive|saintbernard has 120 seconds left.
|inactive|saintbernard has 90 seconds left.
|
|t:|1743784468
|switch|p1a: Mareep|Mareep, M|100/100
|-damage|p1a: Mareep|88/100|[from] Stealth Rock
|move|p2a: Shellos|Surf|p1a: Mareep
|-damage|p1a: Mareep|63/100
|
|upkeep
|turn|9
|
|t:|1743784479
|switch|p2a: Ursaring|Ursaring, F|100/100
|move|p1a: Mareep|Cotton Guard|p1a: Mareep
|-boost|p1a: Mareep|def|3
|
|-status|p2a: Ursaring|brn|[from] item: Flame Orb
|upkeep
|turn|10
|
|t:|1743784490
|move|p2a: Ursaring|Earthquake|p1a: Mareep
|-supereffective|p1a: Mareep
|-damage|p1a: Mareep|0 fnt
|faint|p1a: Mareep
|
|-damage|p2a: Ursaring|94/100 brn|[from] brn
|upkeep
|inactive|saintbernard has 90 seconds left.
|
|t:|1743784502
|switch|p1a: Medicham|Medicham, M|100/100
|-damage|p1a: Medicham|94/100|[from] Stealth Rock
|turn|11
|
|t:|1743784506
|-terastallize|p2a: Ursaring|Ground
|move|p1a: Medicham|Fake Out|p2a: Ursaring
|-damage|p2a: Ursaring|69/100 brn
|-damage|p1a: Medicham|84/100|[from] item: Life Orb
|cant|p2a: Ursaring|flinch
|
|-damage|p2a: Ursaring|63/100 brn|[from] brn
|upkeep
|turn|12
|
|t:|1743784524
|move|p1a: Medicham|Close Combat|p2a: Ursaring
|-damage|p2a: Ursaring|0 fnt
|-unboost|p1a: Medicham|def|1
|-unboost|p1a: Medicham|spd|1
|faint|p2a: Ursaring
|-damage|p1a: Medicham|74/100|[from] item: Life Orb
|
|upkeep
|
|t:|1743784529
|switch|p2a: Cyndaquil|Cyndaquil, M|100/100
|turn|13
|
|t:|1743784543
|switch|p1a: Piplup|Piplup, M|58/100
|-damage|p1a: Piplup|46/100|[from] Stealth Rock
|move|p2a: Cyndaquil|Extrasensory|p1a: Piplup
|-damage|p1a: Piplup|27/100
|
|upkeep
|turn|14
|
|t:|1743784549
|switch|p2a: Shellos|Shellos, M|93/100
|move|p1a: Piplup|Waterfall|p2a: Shellos
|-ability|p2a: Shellos|Storm Drain|boost
|-boost|p2a: Shellos|spa|1
|
|upkeep
|turn|15
|
|t:|1743784555
|move|p1a: Piplup|Triple Axel|p2a: Shellos
|-resisted|p2a: Shellos
|-damage|p2a: Shellos|90/100
|-resisted|p2a: Shellos
|-damage|p2a: Shellos|85/100
|-resisted|p2a: Shellos
|-damage|p2a: Shellos|77/100
|-hitcount|p2a: Shellos|3
|move|p2a: Shellos|Surf|p1a: Piplup
|-resisted|p1a: Piplup
|-damage|p1a: Piplup|10/100
|
|upkeep
|turn|16
|inactive|saintbernard has 120 seconds left.
|
|t:|1743784570
|move|p1a: Piplup|Triple Axel|p2a: Shellos
|-resisted|p2a: Shellos
|-damage|p2a: Shellos|75/100
|-resisted|p2a: Shellos
|-damage|p2a: Shellos|70/100
|-hitcount|p2a: Shellos|2
|move|p2a: Shellos|Surf|p1a: Piplup
|-resisted|p1a: Piplup
|-damage|p1a: Piplup|0 fnt
|faint|p1a: Piplup
|
|upkeep
|
|t:|1743784580
|switch|p1a: Pikipek|Pikipek, M|100/100
|-damage|p1a: Pikipek|76/100|[from] Stealth Rock
|turn|17
|
|t:|1743784584
|switch|p2a: Cyndaquil|Cyndaquil, M|100/100
|move|p1a: Pikipek|Bullet Seed|p2a: Cyndaquil
|-resisted|p2a: Cyndaquil
|-damage|p2a: Cyndaquil|91/100
|-resisted|p2a: Cyndaquil
|-damage|p2a: Cyndaquil|81/100
|-resisted|p2a: Cyndaquil
|-damage|p2a: Cyndaquil|72/100
|-resisted|p2a: Cyndaquil
|-damage|p2a: Cyndaquil|63/100
|-resisted|p2a: Cyndaquil
|-damage|p2a: Cyndaquil|54/100
|-hitcount|p2a: Cyndaquil|5
|
|upkeep
|turn|18
|
|t:|1743784597
|move|p2a: Cyndaquil|Flamethrower|p1a: Pikipek
|-damage|p1a: Pikipek|0 fnt
|faint|p1a: Pikipek
|
|upkeep
|inactive|saintbernard has 120 seconds left.
|
|t:|1743784608
|switch|p1a: Medicham|Medicham, M|74/100
|-damage|p1a: Medicham|68/100|[from] Stealth Rock
|turn|19
|inactive|saintbernard has 120 seconds left.
|
|t:|1743784619
|move|p1a: Medicham|Fake Out|p2a: Cyndaquil
|-damage|p2a: Cyndaquil|0 fnt
|faint|p2a: Cyndaquil
|-damage|p1a: Medicham|58/100|[from] item: Life Orb
|
|upkeep
|
|t:|1743784621
|switch|p2a: Shellos|Shellos, M|70/100
|turn|20
|inactive|saintbernard has 120 seconds left.
|
|t:|1743784639
|move|p1a: Medicham|Close Combat|p2a: Shellos
|-damage|p2a: Shellos|0 fnt
|-unboost|p1a: Medicham|def|1
|-unboost|p1a: Medicham|spd|1
|faint|p2a: Shellos
|-damage|p1a: Medicham|48/100|[from] item: Life Orb
|
|win|saintbernard
|n|☆saintbernard|saintbernard
|n|☆Mewizard113|mewizard113
|n|*Lady Monita ❄|ladymonita
