|j|☆NickyTheNick
|j|‽itzbruhcon
|t:|1743911935
|gametype|singles
|player|p1|NickyTheNick|lass|1240
|player|p2|itzbruhcon|hugh|1276
|teamsize|p1|6
|teamsize|p2|6
|gen|9
|tier|[Gen 9] OU
|rated|
|rule|HP Percentage Mod: HP is shown in percentages
|rule|Endless Battle Clause: Forcing endless battles is banned
|rule|Species Clause: Limit one of each Pokémon
|rule|OHKO Clause: OHKO moves are banned
|rule|Evasion Items Clause: Evasion items are banned
|rule|Evasion Moves Clause: Evasion moves are banned
|rule|Sleep Moves Clause: Sleep-inducing moves are banned
|clearpoke
|poke|p1|Gliscor, F|
|poke|p1|Moltres-Galar|
|poke|p1|Maushold-Four|
|poke|p1|Clefable, F|
|poke|p1|Ceruledge, M|
|poke|p1|Deoxys-Speed|
|poke|p2|Cinderace, F|
|poke|p2|Walking Wake|
|poke|p2|Hatterene, F|
|poke|p2|Kingambit, F|
|poke|p2|Gliscor, F|
|poke|p2|Great Tusk|
|teampreview
|
|t:|1743911947
|start
|switch|p1a: orbulon|Deoxys-Speed|100/100
|switch|p2a: Walking Wake|Walking Wake|100/100
|-ability|p1a: orbulon|Pressure
|turn|1
|
|t:|1743911961
|move|p1a: orbulon|Thunder Wave|p2a: Walking Wake|[miss]
|-miss|p1a: orbulon|p2a: Walking Wake
|move|p2a: Walking Wake|Flip Turn|p1a: orbulon
|-damage|p1a: orbulon|80/100
|
|t:|1743911966
|-end|p2a: Walking Wake|Protosynthesis|[silent]
|switch|p2a: Gliscor|Gliscor, F|100/100|[from] Flip Turn
|
|-status|p2a: Gliscor|tox|[from] item: Toxic Orb
|upkeep
|turn|2
|
|t:|1743911970
|move|p1a: orbulon|Psycho Boost|p2a: Gliscor
|-crit|p2a: Gliscor
|-damage|p2a: Gliscor|24/100 tox
|-unboost|p1a: orbulon|spa|2
|move|p2a: Gliscor|Earthquake|p1a: orbulon
|-damage|p1a: orbulon|36/100
|
|-heal|p2a: Gliscor|36/100 tox|[from] ability: Poison Heal
|upkeep
|turn|3
|
|t:|1743911978
|move|p2a: Gliscor|Protect|p2a: Gliscor
|-singleturn|p2a: Gliscor|Protect
|move|p1a: orbulon|Night Shade|p2a: Gliscor
|-activate|p2a: Gliscor|move: Protect
|
|-heal|p2a: Gliscor|49/100 tox|[from] ability: Poison Heal
|upkeep
|turn|4
|
|t:|1743911988
|move|p1a: orbulon|Taunt|p2a: Gliscor
|-start|p2a: Gliscor|move: Taunt
|move|p2a: Gliscor|Earthquake|p1a: orbulon
|-damage|p1a: orbulon|0 fnt
|faint|p1a: orbulon
|
|-heal|p2a: Gliscor|61/100 tox|[from] ability: Poison Heal
|upkeep
|
|t:|1743911993
|switch|p1a: machiavelli|Moltres-Galar|100/100
|turn|5
|
|t:|1743911999
|move|p1a: machiavelli|Agility|p1a: machiavelli
|-boost|p1a: machiavelli|spe|2
|move|p2a: Gliscor|U-turn|p1a: machiavelli
|-damage|p1a: machiavelli|81/100
|
|t:|1743912006
|switch|p2a: Hatterene|Hatterene, F|100/100|[from] U-turn
|
|upkeep
|turn|6
|
|t:|1743912010
|move|p1a: machiavelli|Air Slash|p2a: Hatterene
|-damage|p2a: Hatterene|61/100
|move|p2a: Hatterene|Mystical Fire|p1a: machiavelli
|-damage|p1a: machiavelli|64/100
|-unboost|p1a: machiavelli|spa|1
|
|-heal|p2a: Hatterene|67/100|[from] item: Leftovers
|upkeep
|turn|7
|
|t:|1743912018
|switch|p1a: eu e voce|Maushold-Four|100/100
|move|p2a: Hatterene|Mystical Fire|p1a: eu e voce
|-damage|p1a: eu e voce|64/100
|-unboost|p1a: eu e voce|spa|1
|
|-heal|p2a: Hatterene|73/100|[from] item: Leftovers
|upkeep
|turn|8
|
|t:|1743912024
|switch|p2a: Great Tusk|Great Tusk, shiny|100/100
|move|p1a: eu e voce|Population Bomb|p2a: Great Tusk
|-damage|p2a: Great Tusk|93/100
|-damage|p1a: eu e voce|48/100|[from] item: Rocky Helmet|[of] p2a: Great Tusk
|-damage|p2a: Great Tusk|86/100
|-damage|p1a: eu e voce|31/100|[from] item: Rocky Helmet|[of] p2a: Great Tusk
|-damage|p2a: Great Tusk|78/100
|-damage|p1a: eu e voce|14/100|[from] item: Rocky Helmet|[of] p2a: Great Tusk
|-damage|p2a: Great Tusk|71/100
|-damage|p1a: eu e voce|0 fnt|[from] item: Rocky Helmet|[of] p2a: Great Tusk
|faint|p1a: eu e voce
|-hitcount|p2a: Great Tusk|4
|
|upkeep
|
|t:|1743912027
|switch|p1a: machiavelli|Moltres-Galar|64/100
|turn|9
|
|t:|1743912033
|move|p2a: Great Tusk|Knock Off|p1a: machiavelli
|-resisted|p1a: machiavelli
|-damage|p1a: machiavelli|45/100
|-enditem|p1a: machiavelli|Chesto Berry|[from] move: Knock Off|[of] p2a: Great Tusk
|-ability|p1a: machiavelli|Berserk|boost
|-boost|p1a: machiavelli|spa|1
|move|p1a: machiavelli|Agility|p1a: machiavelli
|-boost|p1a: machiavelli|spe|2
|
|upkeep
|turn|10
|
|t:|1743912040
|move|p1a: machiavelli|Air Slash|p2a: Great Tusk
|-supereffective|p2a: Great Tusk
|-damage|p2a: Great Tusk|0 fnt
|faint|p2a: Great Tusk
|-end|p2a: Great Tusk|Protosynthesis|[silent]
|
|upkeep
|
|t:|1743912044
|switch|p2a: Hatterene|Hatterene, F|73/100
|turn|11
|
|t:|1743912047
|move|p1a: machiavelli|Air Slash|p2a: Hatterene
|-damage|p2a: Hatterene|19/100
|cant|p2a: Hatterene|flinch
|
|-heal|p2a: Hatterene|25/100|[from] item: Leftovers
|upkeep
|turn|12
|
|t:|1743912052
|move|p1a: machiavelli|Air Slash|p2a: Hatterene
|-damage|p2a: Hatterene|0 fnt
|faint|p2a: Hatterene
|
|upkeep
|
|t:|1743912056
|switch|p2a: Gliscor|Gliscor, F|61/100 tox
|turn|13
|
|t:|1743912059
|move|p2a: Gliscor|Protect|p2a: Gliscor
|-singleturn|p2a: Gliscor|Protect
|move|p1a: machiavelli|Fiery Wrath|p2a: Gliscor
|-activate|p2a: Gliscor|move: Protect
|
|-heal|p2a: Gliscor|74/100 tox|[from] ability: Poison Heal
|upkeep
|turn|14
|
|t:|1743912063
|move|p1a: machiavelli|Fiery Wrath|p2a: Gliscor
|-damage|p2a: Gliscor|22/100 tox
|move|p2a: Gliscor|U-turn|p1a: machiavelli
|-damage|p1a: machiavelli|29/100
|
|t:|1743912068
|switch|p2a: Kingambit|Kingambit, F|100/100|[from] U-turn
|-activate|p2a: Kingambit|ability: Supreme Overlord
|-start|p2a: Kingambit|fallen2|[silent]
|
|upkeep
|turn|15
|
|t:|1743912071
|move|p1a: machiavelli|Fiery Wrath|p2a: Kingambit
|-resisted|p2a: Kingambit
|-damage|p2a: Kingambit|65/100
|cant|p2a: Kingambit|flinch
|
|-heal|p2a: Kingambit|71/100|[from] item: Leftovers
|upkeep
|turn|16
|
|t:|1743912076
|move|p1a: machiavelli|Fiery Wrath|p2a: Kingambit
|-resisted|p2a: Kingambit
|-damage|p2a: Kingambit|33/100
|move|p2a: Kingambit|Iron Head|p1a: machiavelli
|-damage|p1a: machiavelli|0 fnt
|faint|p1a: machiavelli
|
|-heal|p2a: Kingambit|40/100|[from] item: Leftovers
|upkeep
|
|t:|1743912089
|switch|p1a: queen|Clefable, F|100/100
|turn|17
|
|t:|1743912092
|move|p2a: Kingambit|Swords Dance|p2a: Kingambit
|-boost|p2a: Kingambit|atk|2
|move|p1a: queen|Thunderbolt|p2a: Kingambit
|-damage|p2a: Kingambit|0 fnt
|faint|p2a: Kingambit
|-end|p2a: Kingambit|fallen2|[silent]
|
|upkeep
|
|t:|1743912100
|switch|p2a: Cinderace|Cinderace, F, shiny|100/100
|turn|18
|
|t:|1743912108
|switch|p1a: count rapula|Gliscor, F|100/100
|move|p2a: Cinderace|Gunk Shot|p1a: count rapula
|-start|p2a: Cinderace|typechange|Poison|[from] ability: Libero
|-resisted|p1a: count rapula
|-damage|p1a: count rapula|69/100
|
|-status|p1a: count rapula|tox|[from] item: Toxic Orb
|upkeep
|turn|19
|
|t:|1743912127
|switch|p2a: Gliscor|Gliscor, F|22/100 tox
|switch|p1a: queen|Clefable, F|100/100
|
|-heal|p2a: Gliscor|35/100 tox|[from] ability: Poison Heal
|upkeep
|turn|20
|
|t:|1743912160
|move|p2a: Gliscor|Earthquake|p1a: queen
|-damage|p1a: queen|63/100
|move|p1a: queen|Moonblast|p2a: Gliscor
|-crit|p2a: Gliscor
|-damage|p2a: Gliscor|0 fnt
|faint|p2a: Gliscor
|
|upkeep
|
|t:|1743912165
|switch|p2a: Cinderace|Cinderace, F, shiny|100/100
|turn|21
|
|t:|1743912169
|move|p2a: Cinderace|Pyro Ball|p1a: queen
|-damage|p1a: queen|0 fnt
|faint|p1a: queen
|
|upkeep
|
|t:|1743912180
|switch|p1a: scarmiglione|Ceruledge, M|100/100
|turn|22
|
|t:|1743912190
|switch|p2a: Walking Wake|Walking Wake|100/100
|move|p1a: scarmiglione|Swords Dance|p1a: scarmiglione
|-boost|p1a: scarmiglione|atk|2
|
|upkeep
|turn|23
|
|t:|1743912198
|move|p2a: Walking Wake|Scald|p1a: scarmiglione
|-supereffective|p1a: scarmiglione
|-damage|p1a: scarmiglione|3/100
|move|p1a: scarmiglione|Poltergeist|p2a: Walking Wake|[miss]
|-miss|p1a: scarmiglione|p2a: Walking Wake
|
|upkeep
|turn|24
|c|☆NickyTheNick|FUCK
|c|☆NickyTheNick|ME
|c|☆NickyTheNick|GG
|
|t:|1743912217
|move|p1a: scarmiglione|Shadow Sneak|p2a: Walking Wake
|-damage|p2a: Walking Wake|54/100
|move|p2a: Walking Wake|Scald|p1a: scarmiglione
|-supereffective|p1a: scarmiglione
|-damage|p1a: scarmiglione|0 fnt
|faint|p1a: scarmiglione
|
|upkeep
|
|t:|1743912222
|switch|p1a: count rapula|Gliscor, F|69/100 tox
|turn|25
|
|t:|1743912229
|-terastallize|p1a: count rapula|Water
|move|p2a: Walking Wake|Scald|p1a: count rapula
|-resisted|p1a: count rapula
|-damage|p1a: count rapula|45/100 tox
|move|p1a: count rapula|Toxic|p2a: Walking Wake|[miss]
|-miss|p1a: count rapula|p2a: Walking Wake
|
|-heal|p1a: count rapula|57/100 tox|[from] ability: Poison Heal
|upkeep
|turn|26
|
|t:|1743912238
|move|p2a: Walking Wake|Draco Meteor|p1a: count rapula
|-damage|p1a: count rapula|0 fnt
|-unboost|p2a: Walking Wake|spa|2
|faint|p1a: count rapula
|
|win|itzbruhcon
|raw|NickyTheNick's rating: 1240 &rarr; <strong>1218</strong><br />(-22 for losing)
|raw|itzbruhcon's rating: 1276 &rarr; <strong>1298</strong><br />(+22 for winning)
|l|‽itzbruhcon
|player|p2|
|l|☆NickyTheNick
|player|p1|
