|j|☆Madolche1102
|j|☆Plata251
|t:|1743908376
|gametype|singles
|player|p1|Madolche1102|2|1274
|player|p2|Plata251|pokefan-gen2|1301
|teamsize|p1|6
|teamsize|p2|6
|gen|9
|tier|[Gen 9] OU
|rated|
|rule|HP Percentage Mod: HP is shown in percentages
|rule|Endless Battle Clause: Forcing endless battles is banned
|rule|Species Clause: Limit one of each Pokémon
|rule|OHKO Clause: OHKO moves are banned
|rule|Evasion Items Clause: Evasion items are banned
|rule|Evasion Moves Clause: Evasion moves are banned
|rule|Sleep Moves Clause: Sleep-inducing moves are banned
|clearpoke
|poke|p1|Torkoal, F|
|poke|p1|Lilligant-Hisui, F|
|poke|p1|Whimsicott, F|
|poke|p1|Sawsbuck, F|
|poke|p1|Leavanny, F|
|poke|p1|Venusaur, F|
|poke|p2|Delphox, M|
|poke|p2|Ting-Lu|
|poke|p2|Garganacl, M|
|poke|p2|Gholdengo|
|poke|p2|Great Tusk|
|poke|p2|Ribombee, M|
|teampreview
|
|t:|1743908386
|start
|switch|p1a: Sol|Torkoal, F, shiny|100/100
|switch|p2a: Delphox|Delphox, M|100/100
|-weather|SunnyDay|[from] ability: Drought|[of] p1a: Sol
|turn|1
|inactive|Battle timer is ON: inactive players will automatically lose when time's up. (requested by Plata251)
|
|t:|1743908394
|move|p2a: Delphox|Nasty Plot|p2a: Delphox
|-boost|p2a: Delphox|spa|2
|move|p1a: Sol|Stealth Rock|p2a: Delphox
|-sidestart|p2: Plata251|move: Stealth Rock
|
|-weather|SunnyDay|[upkeep]
|upkeep
|turn|2
|
|t:|1743908402
|switch|p1a: Hojas|Leavanny, F|100/100
|move|p2a: Delphox|Encore||[still]
|-fail|p2a: Delphox
|
|-weather|SunnyDay|[upkeep]
|upkeep
|turn|3
|
|t:|1743908409
|switch|p2a: Great Tusk|Great Tusk|100/100
|-activate|p2a: Great Tusk|ability: Protosynthesis
|-start|p2a: Great Tusk|protosynthesisspe
|move|p1a: Hojas|Knock Off|p2a: Great Tusk
|-resisted|p2a: Great Tusk
|-damage|p2a: Great Tusk|87/100
|-enditem|p2a: Great Tusk|Heavy-Duty Boots|[from] move: Knock Off|[of] p1a: Hojas
|-damage|p1a: Hojas|91/100|[from] item: Life Orb
|
|-weather|SunnyDay|[upkeep]
|upkeep
|turn|4
|
|t:|1743908420
|move|p1a: Hojas|Triple Axel|p2a: Great Tusk
|-supereffective|p2a: Great Tusk
|-damage|p2a: Great Tusk|76/100
|-supereffective|p2a: Great Tusk
|-damage|p2a: Great Tusk|55/100
|-supereffective|p2a: Great Tusk
|-damage|p2a: Great Tusk|20/100
|-hitcount|p2a: Great Tusk|3
|-damage|p1a: Hojas|81/100|[from] item: Life Orb
|move|p2a: Great Tusk|Rapid Spin|p1a: Hojas
|-damage|p1a: Hojas|60/100
|-boost|p2a: Great Tusk|spe|1
|-sideend|p2: Plata251|Stealth Rock|[from] move: Rapid Spin|[of] p2a: Great Tusk
|
|-weather|SunnyDay|[upkeep]
|upkeep
|turn|5
|
|t:|1743908434
|move|p2a: Great Tusk|Ice Spinner|p1a: Hojas
|-supereffective|p1a: Hojas
|-damage|p1a: Hojas|0 fnt
|faint|p1a: Hojas
|
|-weather|SunnyDay|[upkeep]
|upkeep
|
|t:|1743908447
|switch|p1a: Flores|Lilligant-Hisui, F|100/100
|turn|6
|
|t:|1743908456
|move|p2a: Great Tusk|Ice Spinner|p1a: Flores
|-supereffective|p1a: Flores
|-damage|p1a: Flores|23/100
|move|p1a: Flores|Solar Blade||[still]
|-prepare|p1a: Flores|Solar Blade
|-anim|p1a: Flores|Solar Blade|p2a: Great Tusk
|-supereffective|p2a: Great Tusk
|-damage|p2a: Great Tusk|0 fnt
|faint|p2a: Great Tusk
|-end|p2a: Great Tusk|Protosynthesis|[silent]
|-damage|p1a: Flores|13/100|[from] item: Life Orb
|
|-weather|SunnyDay|[upkeep]
|upkeep
|
|t:|1743908460
|switch|p2a: Ribombee|Ribombee, M|100/100
|turn|7
|
|t:|1743908471
|move|p1a: Flores|Triple Axel|p2a: Ribombee
|-damage|p2a: Ribombee|84/100
|-damage|p2a: Ribombee|50/100
|-damage|p2a: Ribombee|0 fnt
|faint|p2a: Ribombee
|-hitcount|p2: Ribombee|3
|-damage|p1a: Flores|3/100|[from] item: Life Orb
|
|-weather|SunnyDay|[upkeep]
|upkeep
|
|t:|1743908485
|switch|p2a: Garganacl|Garganacl, M|100/100
|turn|8
|
|t:|1743908488
|switch|p2a: Delphox|Delphox, M|100/100
|move|p1a: Flores|Solar Blade||[still]
|-prepare|p1a: Flores|Solar Blade
|-anim|p1a: Flores|Solar Blade|p2a: Delphox
|-resisted|p2a: Delphox
|-damage|p2a: Delphox|36/100
|-damage|p1a: Flores|0 fnt|[from] item: Life Orb
|faint|p1a: Flores
|
|-weather|none
|upkeep
|
|t:|1743908499
|switch|p1a: Sol|Torkoal, F, shiny|100/100
|-weather|SunnyDay|[from] ability: Drought|[of] p1a: Sol
|turn|9
|
|t:|1743908507
|move|p2a: Delphox|Fire Blast|p1a: Sol
|-resisted|p1a: Sol
|-damage|p1a: Sol|47/100
|move|p1a: Sol|Stealth Rock|p2a: Delphox
|-sidestart|p2: Plata251|move: Stealth Rock
|
|-weather|SunnyDay|[upkeep]
|upkeep
|turn|10
|
|t:|1743908516
|switch|p1a: Ramas|Sawsbuck, F, shiny|100/100
|move|p2a: Delphox|Fire Blast|p1a: Ramas|[miss]
|-miss|p2a: Delphox|p1a: Ramas
|
|-weather|SunnyDay|[upkeep]
|upkeep
|turn|11
|
|t:|1743908524
|move|p1a: Ramas|Double-Edge|p2a: Delphox
|-damage|p2a: Delphox|0 fnt
|faint|p2a: Delphox
|-damage|p1a: Ramas|89/100|[from] Recoil
|-damage|p1a: Ramas|79/100|[from] item: Life Orb
|
|-weather|SunnyDay|[upkeep]
|upkeep
|
|t:|1743908537
|switch|p2a: Ting-Lu|Ting-Lu|100/100
|-damage|p2a: Ting-Lu|94/100|[from] Stealth Rock
|-ability|p2a: Ting-Lu|Vessel of Ruin
|turn|12
|
|t:|1743908543
|move|p1a: Ramas|Swords Dance|p1a: Ramas
|-boost|p1a: Ramas|atk|2
|move|p2a: Ting-Lu|Stealth Rock|p1a: Ramas
|-sidestart|p1: Madolche1102|move: Stealth Rock
|
|-weather|SunnyDay|[upkeep]
|-heal|p2a: Ting-Lu|100/100|[from] item: Leftovers
|upkeep
|turn|13
|
|t:|1743908551
|switch|p2a: Gholdengo|Gholdengo|100/100
|-damage|p2a: Gholdengo|94/100|[from] Stealth Rock
|-item|p2a: Gholdengo|Air Balloon
|move|p1a: Ramas|Horn Leech|p2a: Gholdengo
|-resisted|p2a: Gholdengo
|-damage|p2a: Gholdengo|61/100
|-heal|p1a: Ramas|100/100|[from] drain|[of] p2a: Gholdengo
|-enditem|p2a: Gholdengo|Air Balloon
|-damage|p1a: Ramas|91/100|[from] item: Life Orb
|
|-weather|SunnyDay|[upkeep]
|upkeep
|turn|14
|-message|Plata251 forfeited.
|
|win|Madolche1102
|raw|Madolche1102's rating: 1274 &rarr; <strong>1301</strong><br />(+27 for winning)
|raw|Plata251's rating: 1301 &rarr; <strong>1279</strong><br />(-22 for losing)
|l|☆Plata251
|player|p2|
|l|☆Madolche1102
|player|p1|
