|j|☆Dribblz
|j|☆Waterpon400
|t:|1743830640
|gametype|singles
|player|p1|Dribblz|roxanne|1185
|player|p2|Waterpon400|linebacker|1242
|teamsize|p1|6
|teamsize|p2|6
|gen|9
|tier|[Gen 9] OU
|rated|
|rule|HP Percentage Mod: HP is shown in percentages
|rule|Endless Battle Clause: Forcing endless battles is banned
|rule|Species Clause: Limit one of each Pokémon
|rule|OHKO Clause: OHKO moves are banned
|rule|Evasion Items Clause: Evasion items are banned
|rule|Evasion Moves Clause: Evasion moves are banned
|rule|Sleep Moves Clause: Sleep-inducing moves are banned
|clearpoke
|poke|p1|Samurott-Hisui, M|
|poke|p1|Iron Valiant|
|poke|p1|Bisharp, M|
|poke|p1|Ceruledge, M|
|poke|p1|Kleavor, M|
|poke|p1|Corviknight, M|
|poke|p2|Araquanid, F|
|poke|p2|Ogerpon-Wellspring, F|
|poke|p2|Great Tusk|
|poke|p2|Gholdengo|
|poke|p2|Iron Moth|
|poke|p2|Kyurem|
|teampreview
|inactive|Battle timer is ON: inactive players will automatically lose when time's up. (requested by Waterpon400)
|
|t:|1743830662
|start
|switch|p1a: Kleavor|Kleavor, M|100/100
|switch|p2a: Araquanid|Araquanid, F|100/100
|turn|1
|
|t:|1743830676
|switch|p2a: Gholdengo|Gholdengo|100/100
|-item|p2a: Gholdengo|Air Balloon
|move|p1a: Kleavor|Stone Axe|p2a: Gholdengo|[miss]
|-miss|p1a: Kleavor|p2a: Gholdengo
|
|upkeep
|turn|2
|
|t:|1743830687
|move|p1a: Kleavor|U-turn|p2a: Gholdengo
|-resisted|p2a: Gholdengo
|-damage|p2a: Gholdengo|90/100
|-enditem|p2a: Gholdengo|Air Balloon
|
|t:|1743830696
|switch|p1a: Bisharp|Bisharp, M|100/100|[from] U-turn
|move|p2a: Gholdengo|Shadow Ball|p1a: Bisharp
|-resisted|p1a: Bisharp
|-damage|p1a: Bisharp|80/100
|
|upkeep
|turn|3
|
|t:|1743830707
|switch|p2a: Araquanid|Araquanid, F|100/100
|move|p1a: Bisharp|Swords Dance|p1a: Bisharp
|-boost|p1a: Bisharp|atk|2
|
|upkeep
|turn|4
|
|t:|1743830714
|move|p1a: Bisharp|Iron Head|p2a: Araquanid
|-resisted|p2a: Araquanid
|-crit|p2a: Araquanid
|-damage|p2a: Araquanid|49/100
|move|p2a: Araquanid|Sticky Web|p1a: Bisharp
|-sidestart|p1: Dribblz|move: Sticky Web
|
|upkeep
|turn|5
|
|t:|1743830723
|move|p1a: Bisharp|Iron Head|p2a: Araquanid
|-resisted|p2a: Araquanid
|-damage|p2a: Araquanid|12/100
|move|p2a: Araquanid|Liquidation|p1a: Bisharp
|-damage|p1a: Bisharp|38/100
|
|upkeep
|turn|6
|-enditem|p2a: Araquanid|Custap Berry|[eat]
|-activate|p2a: Araquanid|item: Custap Berry|[consumed]
|
|t:|1743830731
|move|p2a: Araquanid|Liquidation|p1a: Bisharp
|-damage|p1a: Bisharp|0 fnt
|faint|p1a: Bisharp
|
|upkeep
|
|t:|1743830741
|switch|p1a: Kleavor|Kleavor, M|100/100
|-activate|p1a: Kleavor|move: Sticky Web
|-unboost|p1a: Kleavor|spe|1
|turn|7
|
|t:|1743830748
|move|p1a: Kleavor|Stone Axe|p2a: Araquanid
|-supereffective|p2a: Araquanid
|-damage|p2a: Araquanid|0 fnt
|-sidestart|p2: Waterpon400|move: Stealth Rock
|faint|p2a: Araquanid
|
|upkeep
|
|t:|1743830752
|switch|p2a: Great Tusk|Great Tusk|100/100
|turn|8
|
|t:|1743830764
|switch|p1a: Corviknight|Corviknight, M|100/100
|-ability|p1a: Corviknight|Pressure
|move|p2a: Great Tusk|Rapid Spin|p1a: Corviknight
|-resisted|p1a: Corviknight
|-damage|p1a: Corviknight|94/100
|-boost|p2a: Great Tusk|spe|1
|-damage|p2a: Great Tusk|84/100|[from] item: Rocky Helmet|[of] p1a: Corviknight
|-sideend|p2: Waterpon400|Stealth Rock|[from] move: Rapid Spin|[of] p2a: Great Tusk
|
|upkeep
|turn|9
|
|t:|1743830776
|-end|p2a: Great Tusk|Protosynthesis|[silent]
|switch|p2a: Gholdengo|Gholdengo|90/100
|move|p1a: Corviknight|Brave Bird|p2a: Gholdengo
|-resisted|p2a: Gholdengo
|-damage|p2a: Gholdengo|70/100
|-damage|p1a: Corviknight|89/100|[from] Recoil
|
|upkeep
|turn|10
|
|t:|1743830791
|switch|p1a: Samurott|Samurott-Hisui, M|100/100
|-activate|p1a: Samurott|move: Sticky Web
|-unboost|p1a: Samurott|spe|1
|move|p2a: Gholdengo|Nasty Plot|p2a: Gholdengo
|-boost|p2a: Gholdengo|spa|2
|
|upkeep
|turn|11
|
|t:|1743830803
|move|p1a: Samurott|Ceaseless Edge|p2a: Gholdengo
|-supereffective|p2a: Gholdengo
|-damage|p2a: Gholdengo|0 fnt
|-sidestart|p2: Waterpon400|Spikes
|faint|p2a: Gholdengo
|
|upkeep
|
|t:|1743830826
|switch|p2a: Kyurem|Kyurem|100/100
|-damage|p2a: Kyurem|88/100|[from] Spikes
|-ability|p2a: Kyurem|Pressure
|turn|12
|
|t:|1743830850
|move|p1a: Samurott|Ceaseless Edge|p2a: Kyurem
|-damage|p2a: Kyurem|47/100
|-sidestart|p2: Waterpon400|Spikes
|move|p2a: Kyurem|Dragon Dance|p2a: Kyurem
|-boost|p2a: Kyurem|atk|1
|-boost|p2a: Kyurem|spe|1
|
|upkeep
|turn|13
|
|t:|1743830861
|move|p2a: Kyurem|Dragon Dance|p2a: Kyurem
|-boost|p2a: Kyurem|atk|1
|-boost|p2a: Kyurem|spe|1
|move|p1a: Samurott|Ceaseless Edge|p2a: Kyurem
|-crit|p2a: Kyurem
|-damage|p2a: Kyurem|0 fnt
|-sidestart|p2: Waterpon400|Spikes
|faint|p2a: Kyurem
|
|upkeep
|
|t:|1743830870
|switch|p2a: Great Tusk|Great Tusk|84/100
|turn|14
|
|t:|1743830874
|switch|p1a: Ceruledge|Ceruledge, M, shiny|100/100
|-activate|p1a: Ceruledge|move: Sticky Web
|-unboost|p1a: Ceruledge|spe|1
|move|p2a: Great Tusk|Rapid Spin|p1a: Ceruledge
|-immune|p1a: Ceruledge
|
|upkeep
|turn|15
|
|t:|1743830891
|-terastallize|p1a: Ceruledge|Ice
|move|p2a: Great Tusk|Headlong Rush|p1a: Ceruledge
|-damage|p1a: Ceruledge|13/100
|-unboost|p2a: Great Tusk|def|1
|-unboost|p2a: Great Tusk|spd|1
|move|p1a: Ceruledge|Tera Blast|p2a: Great Tusk|[anim] Tera Blast Ice
|-supereffective|p2a: Great Tusk
|-damage|p2a: Great Tusk|0 fnt
|faint|p2a: Great Tusk
|-end|p2a: Great Tusk|Protosynthesis|[silent]
|
|upkeep
|
|t:|1743830904
|switch|p2a: Iron Moth|Iron Moth|100/100
|-damage|p2a: Iron Moth|76/100|[from] Spikes
|-enditem|p2a: Iron Moth|Booster Energy
|-activate|p2a: Iron Moth|ability: Quark Drive|[fromitem]
|-start|p2a: Iron Moth|quarkdrivespa
|turn|16
|l|☆Waterpon400
|inactive|Waterpon400 disconnected and has a minute to reconnect!
|player|p2|
|inactive|Dribblz has 120 seconds left.
|
|t:|1743830941
|move|p2a: Iron Moth|Fiery Dance|p1a: Ceruledge
|-start|p1a: Ceruledge|ability: Flash Fire
|move|p1a: Ceruledge|Bitter Blade|p2a: Iron Moth
|-resisted|p2a: Iron Moth
|-damage|p2a: Iron Moth|23/100
|-heal|p1a: Ceruledge|37/100|[from] drain|[of] p2a: Iron Moth
|
|upkeep
|turn|17
|inactive|Dribblz has 120 seconds left.
|j|☆Waterpon400
|inactive|Waterpon400 reconnected and has 130 seconds left.
|player|p2|Waterpon400|linebacker|
|
|t:|1743830972
|move|p2a: Iron Moth|Sludge Wave|p1a: Ceruledge
|-damage|p1a: Ceruledge|1/100
|move|p1a: Ceruledge|Bitter Blade|p2a: Iron Moth
|-resisted|p2a: Iron Moth
|-damage|p2a: Iron Moth|0 fnt
|-heal|p1a: Ceruledge|11/100|[from] drain|[of] p2a: Iron Moth
|faint|p2a: Iron Moth
|-end|p2a: Iron Moth|Quark Drive|[silent]
|
|upkeep
|
|t:|1743830977
|switch|p2a: Ogerpon|Ogerpon-Wellspring, F|100/100
|-damage|p2a: Ogerpon|76/100|[from] Spikes
|turn|18
|
|t:|1743830987
|move|p2a: Ogerpon|Swords Dance|p2a: Ogerpon
|-boost|p2a: Ogerpon|atk|2
|move|p1a: Ceruledge|Poison Jab|p2a: Ogerpon
|-supereffective|p2a: Ogerpon
|-damage|p2a: Ogerpon|9/100
|
|upkeep
|turn|19
|
|t:|1743830998
|move|p2a: Ogerpon|Horn Leech|p1a: Ceruledge
|-damage|p1a: Ceruledge|0 fnt
|-heal|p2a: Ogerpon|15/100|[from] drain|[of] p1a: Ceruledge
|faint|p1a: Ceruledge
|
|upkeep
|
|t:|1743831006
|switch|p1a: Corviknight|Corviknight, M|89/100
|-ability|p1a: Corviknight|Pressure
|turn|20
|
|t:|1743831013
|-terastallize|p2a: Ogerpon|Water
|detailschange|p2a: Ogerpon|Ogerpon-Wellspring-Tera, F, tera:Water
|-ability|p2a: Ogerpon|Embody Aspect (Wellspring)|boost
|-boost|p2a: Ogerpon|spd|1
|move|p2a: Ogerpon|Ivy Cudgel|p1a: Corviknight|[anim] Ivy Cudgel Water
|-damage|p1a: Corviknight|0 fnt
|faint|p1a: Corviknight
|
|upkeep
|c|☆Dribblz|Ah well, it was a good run
|
|t:|1743831034
|switch|p1a: Iron Valiant|Iron Valiant|100/100
|-activate|p1a: Iron Valiant|move: Sticky Web
|-unboost|p1a: Iron Valiant|spe|1
|-enditem|p1a: Iron Valiant|Booster Energy
|-activate|p1a: Iron Valiant|ability: Quark Drive|[fromitem]
|-start|p1a: Iron Valiant|quarkdrivespa
|turn|21
|
|t:|1743831044
|move|p2a: Ogerpon|Horn Leech|p1a: Iron Valiant
|-crit|p1a: Iron Valiant
|-damage|p1a: Iron Valiant|0 fnt
|-heal|p2a: Ogerpon|63/100|[from] drain|[of] p1a: Iron Valiant
|faint|p1a: Iron Valiant
|-end|p1a: Iron Valiant|Quark Drive|[silent]
|
|upkeep
|
|t:|1743831052
|switch|p1a: Kleavor|Kleavor, M|100/100
|-activate|p1a: Kleavor|move: Sticky Web
|-unboost|p1a: Kleavor|spe|1
|turn|22
|
|t:|1743831059
|move|p2a: Ogerpon|Ivy Cudgel|p1a: Kleavor|[anim] Ivy Cudgel Water
|-supereffective|p1a: Kleavor
|-enditem|p1a: Kleavor|Focus Sash
|-damage|p1a: Kleavor|1/100
|move|p1a: Kleavor|X-Scissor|p2a: Ogerpon
|-damage|p2a: Ogerpon|0 fnt
|faint|p2a: Ogerpon
|
|win|Dribblz
|raw|Dribblz's rating: 1185 &rarr; <strong>1214</strong><br />(+29 for winning)
|raw|Waterpon400's rating: 1242 &rarr; <strong>1213</strong><br />(-29 for losing)
|l|☆Waterpon400
|player|p2|
|c|☆Dribblz|Oh yay
|l|☆Dribblz
|player|p1|
