|j|☆iron taky
|j|☆PKmemes19
|t:|1743885124
|gametype|singles
|player|p1|iron taky|hugh|1558
|player|p2|PKmemes19|burgh|1520
|teamsize|p1|6
|teamsize|p2|6
|gen|9
|tier|[Gen 9] OU
|rated|
|rule|HP Percentage Mod: HP is shown in percentages
|rule|Endless Battle Clause: Forcing endless battles is banned
|rule|Species Clause: Limit one of each Pokémon
|rule|OHKO Clause: OHKO moves are banned
|rule|Evasion Items Clause: Evasion items are banned
|rule|Evasion Moves Clause: Evasion moves are banned
|rule|Sleep Moves Clause: Sleep-inducing moves are banned
|clearpoke
|poke|p1|Ting-Lu|
|poke|p1|Pecharunt|
|poke|p1|Zamazenta-*|
|poke|p1|Moltres|
|poke|p1|Dragonite, M|
|poke|p1|Ogerpon-Wellspring, F|
|poke|p2|Samurott-Hisui, F|
|poke|p2|Iron Valiant|
|poke|p2|Pecharunt|
|poke|p2|Reuniclus, M|
|poke|p2|Darkrai|
|poke|p2|Kingambit, M|
|teampreview
|c|☆iron taky|hf
|c|☆PKmemes19|glhf
|
|t:|1743885259
|start
|switch|p1a: Zamazenta|Zamazenta|100/100
|switch|p2a: Shirai-Ryu|Samurott-Hisui, F|100/100
|-ability|p1a: Zamazenta|Dauntless Shield|boost
|-boost|p1a: Zamazenta|def|1
|turn|1
|
|t:|1743885267
|move|p1a: Zamazenta|Crunch|p2a: Shirai-Ryu
|-resisted|p2a: Shirai-Ryu
|-damage|p2a: Shirai-Ryu|85/100
|move|p2a: Shirai-Ryu|Taunt|p1a: Zamazenta
|-start|p1a: Zamazenta|move: Taunt
|
|upkeep
|turn|2
|
|t:|1743885271
|move|p1a: Zamazenta|Close Combat|p2a: Shirai-Ryu
|-supereffective|p2a: Shirai-Ryu
|-damage|p2a: Shirai-Ryu|0 fnt
|-unboost|p1a: Zamazenta|def|1
|-unboost|p1a: Zamazenta|spd|1
|faint|p2a: Shirai-Ryu
|
|upkeep
|
|t:|1743885282
|switch|p2a: The Baby|Reuniclus, M|100/100
|turn|3
|
|t:|1743885312
|switch|p1a: Ting-Lu|Ting-Lu|100/100
|-ability|p1a: Ting-Lu|Vessel of Ruin
|move|p2a: The Baby|Trick Room|p2a: The Baby
|-fieldstart|move: Trick Room|[of] p2a: The Baby
|
|upkeep
|turn|4
|
|t:|1743885322
|move|p2a: The Baby|Focus Blast|p1a: Ting-Lu
|-supereffective|p1a: Ting-Lu
|-damage|p1a: Ting-Lu|61/100
|move|p1a: Ting-Lu|Stealth Rock|p2a: The Baby
|-sidestart|p2: PKmemes19|move: Stealth Rock
|
|-heal|p1a: Ting-Lu|67/100|[from] item: Leftovers
|upkeep
|turn|5
|
|t:|1743885328
|move|p2a: The Baby|Focus Blast|p1a: Ting-Lu
|-supereffective|p1a: Ting-Lu
|-crit|p1a: Ting-Lu
|-damage|p1a: Ting-Lu|6/100
|move|p1a: Ting-Lu|Ruination|p2a: The Baby
|-damage|p2a: The Baby|50/100
|
|-heal|p1a: Ting-Lu|12/100|[from] item: Leftovers
|upkeep
|turn|6
|
|t:|1743885344
|move|p2a: The Baby|Focus Blast|p1a: Ting-Lu
|-supereffective|p1a: Ting-Lu
|-damage|p1a: Ting-Lu|0 fnt
|faint|p1a: Ting-Lu
|
|upkeep
|
|t:|1743885361
|switch|p1a: Zamazenta|Zamazenta|100/100
|turn|7
|c|☆iron taky|fuck
|
|t:|1743885376
|-terastallize|p1a: Zamazenta|Dark
|move|p2a: The Baby|Psychic Noise|p1a: Zamazenta
|-immune|p1a: Zamazenta
|move|p1a: Zamazenta|Crunch|p2a: The Baby
|-supereffective|p2a: The Baby
|-damage|p2a: The Baby|0 fnt
|faint|p2a: The Baby
|
|-fieldend|move: Trick Room
|upkeep
|
|t:|1743885382
|switch|p2a: Sir Robin|Iron Valiant|100/100
|-damage|p2a: Sir Robin|94/100|[from] Stealth Rock
|-enditem|p2a: Sir Robin|Booster Energy
|-activate|p2a: Sir Robin|ability: Quark Drive|[fromitem]
|-start|p2a: Sir Robin|quarkdrivespa
|turn|8
|c|☆iron taky|thats wild
|c|☆iron taky|that that worked
|
|t:|1743885406
|switch|p1a: Moltres|Moltres|100/100
|move|p2a: Sir Robin|Moonblast|p1a: Moltres
|-resisted|p1a: Moltres
|-damage|p1a: Moltres|68/100
|-unboost|p1a: Moltres|spa|1
|
|upkeep
|turn|9
|
|t:|1743885415
|-end|p2a: Sir Robin|Quark Drive|[silent]
|switch|p2a: Betelgeuse|Pecharunt|100/100
|-damage|p2a: Betelgeuse|88/100|[from] Stealth Rock
|move|p1a: Moltres|Roar|p2a: Betelgeuse
|drag|p2a: 90%|Kingambit, M|100/100
|-damage|p2a: 90%|94/100|[from] Stealth Rock
|-activate|p2a: 90%|ability: Supreme Overlord
|-start|p2a: 90%|fallen2|[silent]
|
|upkeep
|turn|10
|
|t:|1743885435
|-end|p2a: 90%|fallen2|[silent]
|switch|p2a: Betelgeuse|Pecharunt|88/100
|-damage|p2a: Betelgeuse|76/100|[from] Stealth Rock
|move|p1a: Moltres|Roost|p1a: Moltres
|-heal|p1a: Moltres|100/100
|-singleturn|p1a: Moltres|move: Roost
|
|upkeep
|turn|11
|
|t:|1743885449
|move|p2a: Betelgeuse|Malignant Chain|p1a: Moltres
|-damage|p1a: Moltres|61/100
|move|p1a: Moltres|U-turn|p2a: Betelgeuse
|-resisted|p2a: Betelgeuse
|-damage|p2a: Betelgeuse|73/100
|
|t:|1743885471
|switch|p1a: Pecharunt|Pecharunt|100/100|[from] U-turn
|
|upkeep
|turn|12
|
|t:|1743885486
|move|p2a: Betelgeuse|Shadow Ball|p1a: Pecharunt
|-supereffective|p1a: Pecharunt
|-damage|p1a: Pecharunt|39/100
|-unboost|p1a: Pecharunt|spd|1
|move|p1a: Pecharunt|Shadow Ball|p2a: Betelgeuse
|-supereffective|p2a: Betelgeuse
|-damage|p2a: Betelgeuse|16/100
|-unboost|p2a: Betelgeuse|spd|1
|
|upkeep
|turn|13
|
|t:|1743885492
|move|p2a: Betelgeuse|Shadow Ball|p1a: Pecharunt
|-supereffective|p1a: Pecharunt
|-damage|p1a: Pecharunt|0 fnt
|faint|p1a: Pecharunt
|
|upkeep
|
|t:|1743885520
|switch|p1a: Ogerpon|Ogerpon-Wellspring, F|100/100
|turn|14
|
|t:|1743885525
|move|p1a: Ogerpon|Ivy Cudgel|p2a: Betelgeuse|[anim] Ivy Cudgel Water
|-damage|p2a: Betelgeuse|0 fnt
|faint|p2a: Betelgeuse
|
|upkeep
|
|t:|1743885533
|switch|p2a: Krueger|Darkrai|100/100
|-damage|p2a: Krueger|88/100|[from] Stealth Rock
|turn|15
|
|t:|1743885544
|switch|p1a: Moltres|Moltres|61/100
|-terastallize|p2a: Krueger|Dark
|move|p2a: Krueger|Dark Pulse|p1a: Moltres
|-damage|p1a: Moltres|0 fnt
|faint|p1a: Moltres
|
|upkeep
|
|t:|1743885547
|switch|p1a: Zamazenta|Zamazenta, tera:Dark|100/100
|turn|16
|
|t:|1743885558
|switch|p1a: Ogerpon|Ogerpon-Wellspring, F|100/100
|switch|p2a: Sir Robin|Iron Valiant|94/100
|-damage|p2a: Sir Robin|88/100|[from] Stealth Rock
|
|upkeep
|turn|17
|
|t:|1743885562
|move|p1a: Ogerpon|Ivy Cudgel|p2a: Sir Robin|[anim] Ivy Cudgel Water
|-damage|p2a: Sir Robin|17/100
|move|p2a: Sir Robin|Moonblast|p1a: Ogerpon
|-damage|p1a: Ogerpon|38/100
|-unboost|p1a: Ogerpon|spa|1
|
|upkeep
|turn|18
|
|t:|1743885567
|move|p2a: Sir Robin|Vacuum Wave|p1a: Ogerpon
|-damage|p1a: Ogerpon|10/100
|move|p1a: Ogerpon|Ivy Cudgel|p2a: Sir Robin|[anim] Ivy Cudgel Water
|-damage|p2a: Sir Robin|0 fnt
|faint|p2a: Sir Robin
|-end|p2a: Sir Robin|Quark Drive|[silent]
|
|upkeep
|
|t:|1743885571
|switch|p2a: Krueger|Darkrai, tera:Dark|88/100
|-damage|p2a: Krueger|76/100|[from] Stealth Rock
|turn|19
|
|t:|1743885576
|move|p2a: Krueger|Ice Beam|p1a: Ogerpon
|-damage|p1a: Ogerpon|0 fnt
|faint|p1a: Ogerpon
|
|upkeep
|
|t:|1743885580
|switch|p1a: Zamazenta|Zamazenta, tera:Dark|100/100
|turn|20
|
|t:|1743885582
|move|p1a: Zamazenta|Close Combat|p2a: Krueger
|-supereffective|p2a: Krueger
|-damage|p2a: Krueger|0 fnt
|-unboost|p1a: Zamazenta|def|1
|-unboost|p1a: Zamazenta|spd|1
|faint|p2a: Krueger
|
|upkeep
|
|t:|1743885584
|switch|p2a: 90%|Kingambit, M|94/100
|-damage|p2a: 90%|88/100|[from] Stealth Rock
|-activate|p2a: 90%|ability: Supreme Overlord
|-start|p2a: 90%|fallen5|[silent]
|turn|21
|
|t:|1743885586
|move|p2a: 90%|Sucker Punch|p1a: Zamazenta
|-resisted|p1a: Zamazenta
|-damage|p1a: Zamazenta|60/100
|move|p1a: Zamazenta|Close Combat|p2a: 90%
|-supereffective|p2a: 90%
|-damage|p2a: 90%|0 fnt
|-unboost|p1a: Zamazenta|def|1
|-unboost|p1a: Zamazenta|spd|1
|faint|p2a: 90%
|-end|p2a: 90%|fallen5|[silent]
|
|win|iron taky
|raw|iron taky's rating: 1558 &rarr; <strong>1576</strong><br />(+18 for winning)
|raw|PKmemes19's rating: 1520 &rarr; <strong>1502</strong><br />(-18 for losing)
|c|☆iron taky|ggs
|c|☆PKmemes19|ggs
|l|☆PKmemes19
|player|p2|
|l|☆iron taky
|player|p1|
|j|☆iron taky
|player|p1|iron taky|hugh|
