|j|☆clg4h
|j|☆Lewy
|t:|1743809464
|gametype|singles
|player|p1|clg4h|265|1117
|player|p2|Lewy|hilbert|1091
|teamsize|p1|6
|teamsize|p2|6
|gen|9
|tier|[Gen 9] OU
|rated|
|rule|HP Percentage Mod: HP is shown in percentages
|rule|Endless Battle Clause: Forcing endless battles is banned
|rule|Species Clause: Limit one of each Pokémon
|rule|OHKO Clause: OHKO moves are banned
|rule|Evasion Items Clause: Evasion items are banned
|rule|Evasion Moves Clause: Evasion moves are banned
|rule|Sleep Moves Clause: Sleep-inducing moves are banned
|clearpoke
|poke|p1|Hitmonchan, M|
|poke|p1|Slowbro-Galar, M|
|poke|p1|Azumarill, M|
|poke|p1|Polteageist|
|poke|p1|Corviknight, F|
|poke|p1|Glimmora, F|
|poke|p2|Dragapult, F|
|poke|p2|Armarouge, M|
|poke|p2|Noctowl, M|
|poke|p2|Iron Valiant|
|poke|p2|Samurott-Hisui, M|
|poke|p2|Haxorus, F|
|teampreview
|inactive|Battle timer is ON: inactive players will automatically lose when time's up. (requested by clg4h)
|
|t:|1743809471
|start
|switch|p1a: Glimmora|Glimmora, F|100/100
|switch|p2a: s|Samurott-Hisui, M, shiny|100/100
|turn|1
|
|t:|1743809478
|move|p2a: s|Ceaseless Edge|p1a: Glimmora
|-damage|p1a: Glimmora|68/100
|-activate|p1a: Glimmora|ability: Toxic Debris
|-sidestart|p2: Lewy|move: Toxic Spikes
|-sidestart|p1: clg4h|Spikes
|move|p1a: Glimmora|Stealth Rock|p2a: s
|-sidestart|p2: Lewy|move: Stealth Rock
|
|-heal|p1a: Glimmora|74/100|[from] item: Leftovers
|upkeep
|turn|2
|
|t:|1743809492
|switch|p1a: Corviknight|Corviknight, F|100/100
|-ability|p1a: Corviknight|Pressure
|move|p2a: s|Razor Shell|p1a: Corviknight
|-damage|p1a: Corviknight|61/100
|-unboost|p1a: Corviknight|def|1
|
|upkeep
|turn|3
|
|t:|1743809505
|move|p2a: s|Knock Off|p1a: Corviknight
|-damage|p1a: Corviknight|8/100
|-enditem|p1a: Corviknight|Heavy-Duty Boots|[from] move: Knock Off|[of] p2a: s
|move|p1a: Corviknight|Brave Bird|p2a: s
|-damage|p2a: s|28/100
|-damage|p1a: Corviknight|0 fnt|[from] Recoil
|faint|p1a: Corviknight
|
|upkeep
|
|t:|1743809514
|switch|p1a: Glimmora|Glimmora, F|74/100
|-damage|p1a: Glimmora|62/100|[from] Spikes
|turn|4
|
|t:|1743809524
|move|p2a: s|Razor Shell|p1a: Glimmora|[miss]
|-miss|p2a: s|p1a: Glimmora
|move|p1a: Glimmora|Spikes|p2a: s
|-sidestart|p2: Lewy|Spikes
|
|-heal|p1a: Glimmora|68/100|[from] item: Leftovers
|upkeep
|turn|5
|
|t:|1743809532
|move|p2a: s|Razor Shell|p1a: Glimmora
|-supereffective|p1a: Glimmora
|-damage|p1a: Glimmora|0 fnt
|-activate|p1a: Glimmora|ability: Toxic Debris
|-sidestart|p2: Lewy|move: Toxic Spikes
|faint|p1a: Glimmora
|
|upkeep
|
|t:|1743809542
|switch|p1a: Azumarill|Azumarill, M|100/100
|-damage|p1a: Azumarill|88/100|[from] Spikes
|turn|6
|
|t:|1743809552
|move|p2a: s|Knock Off|p1a: Azumarill
|-resisted|p1a: Azumarill
|-damage|p1a: Azumarill|67/100
|-enditem|p1a: Azumarill|Sitrus Berry|[from] move: Knock Off|[of] p2a: s
|move|p1a: Azumarill|Belly Drum|p1a: Azumarill
|-damage|p1a: Azumarill|17/100
|-setboost|p1a: Azumarill|atk|6|[from] move: Belly Drum
|
|upkeep
|turn|7
|
|t:|1743809560
|move|p2a: s|Aqua Jet|p1a: Azumarill
|-resisted|p1a: Azumarill
|-damage|p1a: Azumarill|6/100
|move|p1a: Azumarill|Aqua Jet|p2a: s
|-resisted|p2a: s
|-damage|p2a: s|0 fnt
|faint|p2a: s
|
|upkeep
|
|t:|1743809576
|switch|p2a: D|Dragapult, F|100/100
|-status|p2a: D|tox
|-damage|p2a: D|88/100 tox|[from] Stealth Rock
|-damage|p2a: D|76/100 tox|[from] Spikes
|turn|8
|
|t:|1743809584
|move|p1a: Azumarill|Aqua Jet|p2a: D
|-resisted|p2a: D
|-damage|p2a: D|44/100 tox
|move|p2a: D|U-turn|p1a: Azumarill
|-resisted|p1a: Azumarill
|-damage|p1a: Azumarill|0 fnt
|faint|p1a: Azumarill
|
|t:|1743809588
|switch|p2a: n|Noctowl, M|100/100|[from] U-turn
|
|upkeep
|
|t:|1743809596
|switch|p1a: Slowbro|Slowbro-Galar, M|100/100
|-damage|p1a: Slowbro|88/100|[from] Spikes
|turn|9
|
|t:|1743809600
|move|p2a: n|Defog|p1a: Slowbro
|-unboost|p1a: Slowbro|evasion|1
|-sideend|p1: clg4h|Spikes|[from] move: Defog|[of] p2a: n
|-sideend|p2: Lewy|Spikes|[from] move: Defog|[of] p2a: n
|-sideend|p2: Lewy|Toxic Spikes|[from] move: Defog|[of] p2a: n
|-sideend|p2: Lewy|Stealth Rock|[from] move: Defog|[of] p2a: n
|move|p1a: Slowbro|Shell Side Arm|p2a: n|[anim] Shell Side Arm Physical
|-damage|p2a: n|58/100
|-hint|Physical Shell Side Arm
|
|upkeep
|turn|10
|
|t:|1743809614
|switch|p2a: D|Dragapult, F|44/100 tox
|move|p1a: Slowbro|Ice Beam|p2a: D
|-supereffective|p2a: D
|-damage|p2a: D|0 fnt
|faint|p2a: D
|
|upkeep
|
|t:|1743809625
|switch|p2a: a|Armarouge, M|100/100
|turn|11
|
|t:|1743809629
|move|p2a: a|Calm Mind|p2a: a
|-boost|p2a: a|spa|1
|-boost|p2a: a|spd|1
|move|p1a: Slowbro|Psychic|p2a: a
|-resisted|p2a: a
|-damage|p2a: a|80/100
|-unboost|p2a: a|spd|1
|
|upkeep
|turn|12
|
|t:|1743809641
|move|p2a: a|Calm Mind|p2a: a
|-boost|p2a: a|spa|1
|-boost|p2a: a|spd|1
|move|p1a: Slowbro|Psychic|p2a: a
|-resisted|p2a: a
|-damage|p2a: a|61/100
|-unboost|p2a: a|spd|1
|
|upkeep
|turn|13
|-activate|p1a: Slowbro|ability: Quick Draw
|
|t:|1743809649
|move|p1a: Slowbro|Psychic|p2a: a
|-resisted|p2a: a
|-damage|p2a: a|31/100
|move|p2a: a|Calm Mind|p2a: a
|-boost|p2a: a|spa|1
|-boost|p2a: a|spd|1
|
|upkeep
|turn|14
|
|t:|1743809657
|move|p2a: a|Psyshock|p1a: Slowbro
|-damage|p1a: Slowbro|0 fnt
|faint|p1a: Slowbro
|
|upkeep
|
|t:|1743809661
|switch|p1a: Polteageist|Polteageist|100/100
|turn|15
|
|t:|1743809673
|move|p2a: a|Psyshock|p1a: Polteageist
|-enditem|p1a: Polteageist|Focus Sash
|-damage|p1a: Polteageist|1/100
|move|p1a: Polteageist|Shadow Ball|p2a: a
|-supereffective|p2a: a
|-crit|p2a: a
|-damage|p2a: a|0 fnt
|faint|p2a: a
|
|upkeep
|
|t:|1743809679
|switch|p2a: Iron Valiant|Iron Valiant|100/100
|-enditem|p2a: Iron Valiant|Booster Energy
|-activate|p2a: Iron Valiant|ability: Quark Drive|[fromitem]
|-start|p2a: Iron Valiant|quarkdrivespe
|turn|16
|
|t:|1743809686
|move|p2a: Iron Valiant|Moonblast|p1a: Polteageist
|-damage|p1a: Polteageist|0 fnt
|faint|p1a: Polteageist
|
|upkeep
|
|t:|1743809690
|switch|p1a: Hitmonchan|Hitmonchan, M|100/100
|turn|17
|
|t:|1743809692
|move|p2a: Iron Valiant|Moonblast|p1a: Hitmonchan
|-supereffective|p1a: Hitmonchan
|-damage|p1a: Hitmonchan|0 fnt
|faint|p1a: Hitmonchan
|
|win|Lewy
|raw|clg4h's rating: 1117 &rarr; <strong>1090</strong><br />(-27 for losing)
|raw|Lewy's rating: 1091 &rarr; <strong>1119</strong><br />(+28 for winning)
|c|☆Lewy|gg
|l|☆clg4h
|player|p1|
