|j|☆PrayStar
|j|☆YaBoiDon
|t:|1743865230
|gametype|singles
|player|p1|PrayStar|266|1273
|player|p2|YaBoiDon|dancer|1287
|teamsize|p1|6
|teamsize|p2|6
|gen|9
|tier|[Gen 9] OU
|rated|
|rule|HP Percentage Mod: HP is shown in percentages
|rule|Endless Battle Clause: Forcing endless battles is banned
|rule|Species Clause: Limit one of each Pokémon
|rule|OHKO Clause: OHKO moves are banned
|rule|Evasion Items Clause: Evasion items are banned
|rule|Evasion Moves Clause: Evasion moves are banned
|rule|Sleep Moves Clause: Sleep-inducing moves are banned
|clearpoke
|poke|p1|Pelipper, F|
|poke|p1|Greninja-*, M|
|poke|p1|Basculegion, M|
|poke|p1|Sandy Shocks|
|poke|p1|Scizor, F|
|poke|p1|Raging Bolt|
|poke|p2|Incineroar, M|
|poke|p2|Lycanroc-Dusk, F|
|poke|p2|Ninetales-Alola, F|
|poke|p2|Kommo-o, F|
|poke|p2|Mimikyu, M|
|poke|p2|Primarina, M|
|teampreview
|
|t:|1743865241
|start
|switch|p1a: Scizor|Scizor, F, shiny|100/100
|switch|p2a: Ninetales|Ninetales-Alola, F|100/100
|-weather|Snowscape|[from] ability: Snow Warning|[of] p2a: Ninetales
|turn|1
|
|t:|1743865253
|switch|p2a: Incineroar|Incineroar, M|100/100
|-ability|p2a: Incineroar|Intimidate|boost
|-unboost|p1a: Scizor|atk|1
|move|p1a: Scizor|Bullet Punch|p2a: Incineroar
|-resisted|p2a: Incineroar
|-damage|p2a: Incineroar|92/100
|
|-weather|Snowscape|[upkeep]
|upkeep
|turn|2
|
|t:|1743865271
|switch|p1a: Pelipper|Pelipper, F, shiny|100/100
|-weather|RainDance|[from] ability: Drizzle|[of] p1a: Pelipper
|move|p2a: Incineroar|Knock Off|p1a: Pelipper
|-damage|p1a: Pelipper|60/100
|-enditem|p1a: Pelipper|Damp Rock|[from] move: Knock Off|[of] p2a: Incineroar
|
|-weather|RainDance|[upkeep]
|upkeep
|turn|3
|j| shuita.otter
|
|t:|1743865291
|switch|p2a: Ninetales|Ninetales-Alola, F|100/100
|-weather|Snowscape|[from] ability: Snow Warning|[of] p2a: Ninetales
|move|p1a: Pelipper|Ice Beam|p2a: Ninetales
|-resisted|p2a: Ninetales
|-damage|p2a: Ninetales|85/100
|
|-weather|Snowscape|[upkeep]
|upkeep
|turn|4
|
|t:|1743865307
|move|p2a: Ninetales|Aurora Veil|p2a: Ninetales
|-sidestart|p2: YaBoiDon|move: Aurora Veil
|move|p1a: Pelipper|Hurricane|p2a: Ninetales
|-damage|p2a: Ninetales|55/100
|-start|p2a: Ninetales|confusion
|
|-weather|Snowscape|[upkeep]
|upkeep
|turn|5
|
|t:|1743865335
|switch|p2a: Primarina|Primarina, M|100/100
|switch|p1a: Scizor|Scizor, F, shiny|100/100
|
|-weather|Snowscape|[upkeep]
|upkeep
|turn|6
|
|t:|1743865346
|move|p1a: Scizor|Swords Dance|p1a: Scizor
|-boost|p1a: Scizor|atk|2
|move|p2a: Primarina|Surf|p1a: Scizor
|-damage|p1a: Scizor|38/100
|
|-weather|Snowscape|[upkeep]
|upkeep
|turn|7
|
|t:|1743865357
|move|p1a: Scizor|Bullet Punch|p2a: Primarina
|-damage|p2a: Primarina|60/100
|move|p2a: Primarina|Surf|p1a: Scizor
|-damage|p1a: Scizor|0 fnt
|faint|p1a: Scizor
|
|-weather|none
|upkeep
|
|t:|1743865384
|switch|p1a: Raging Bolt|Raging Bolt|100/100
|-enditem|p1a: Raging Bolt|Booster Energy
|-activate|p1a: Raging Bolt|ability: Protosynthesis|[fromitem]
|-start|p1a: Raging Bolt|protosynthesisspa
|turn|8
|
|t:|1743865413
|move|p1a: Raging Bolt|Volt Switch|p2a: Primarina
|-supereffective|p2a: Primarina
|-damage|p2a: Primarina|32/100
|
|t:|1743865422
|-end|p1a: Raging Bolt|Protosynthesis|[silent]
|switch|p1a: Pelipper|Pelipper, F, shiny|60/100|[from] Volt Switch
|-weather|RainDance|[from] ability: Drizzle|[of] p1a: Pelipper
|move|p2a: Primarina|Moonblast|p1a: Pelipper
|-crit|p1a: Pelipper
|-damage|p1a: Pelipper|0 fnt
|faint|p1a: Pelipper
|
|-weather|RainDance|[upkeep]
|upkeep
|
|t:|1743865439
|switch|p1a: Basculegion|Basculegion, M, shiny|100/100
|turn|9
|
|t:|1743865460
|move|p1a: Basculegion|Wave Crash|p2a: Primarina
|-resisted|p2a: Primarina
|-damage|p2a: Primarina|0 fnt
|faint|p2a: Primarina
|-damage|p1a: Basculegion|91/100|[from] Recoil
|
|-weather|RainDance|[upkeep]
|upkeep
|
|t:|1743865462
|switch|p2a: Ninetales|Ninetales-Alola, F|55/100
|-weather|Snowscape|[from] ability: Snow Warning|[of] p2a: Ninetales
|turn|10
|
|t:|1743865475
|switch|p2a: Incineroar|Incineroar, M|92/100
|-ability|p2a: Incineroar|Intimidate|boost
|-unboost|p1a: Basculegion|atk|1
|move|p1a: Basculegion|Wave Crash|p2a: Incineroar
|-supereffective|p2a: Incineroar
|-damage|p2a: Incineroar|47/100
|-damage|p1a: Basculegion|75/100|[from] Recoil
|
|-weather|Snowscape|[upkeep]
|upkeep
|turn|11
|
|t:|1743865508
|switch|p1a: Greninja|Greninja, M|100/100
|move|p2a: Incineroar|Knock Off|p1a: Greninja
|-resisted|p1a: Greninja
|-damage|p1a: Greninja|72/100
|-enditem|p1a: Greninja|Life Orb|[from] move: Knock Off|[of] p2a: Incineroar
|
|-weather|Snowscape|[upkeep]
|-sideend|p2: YaBoiDon|move: Aurora Veil
|upkeep
|turn|12
|
|t:|1743865536
|switch|p2a: Mimikyu|Mimikyu, M|100/100
|move|p1a: Greninja|Surf|p2a: Mimikyu
|-activate|p2a: Mimikyu|ability: Disguise
|-damage|p2a: Mimikyu|100/100
|detailschange|p2a: Mimikyu|Mimikyu-Busted, M
|-damage|p2a: Mimikyu|88/100|[from] pokemon: Mimikyu-Busted
|-enditem|p2a: Mimikyu|Red Card|[of] p1a: Greninja
|drag|p1a: Basculegion|Basculegion, M, shiny|75/100
|
|-weather|Snowscape|[upkeep]
|upkeep
|turn|13
|
|t:|1743865573
|move|p2a: Mimikyu|Shadow Claw|p1a: Basculegion
|-supereffective|p1a: Basculegion
|-damage|p1a: Basculegion|4/100
|move|p1a: Basculegion|Wave Crash|p2a: Mimikyu
|-damage|p2a: Mimikyu|0 fnt
|faint|p2a: Mimikyu
|-damage|p1a: Basculegion|0 fnt|[from] Recoil
|faint|p1a: Basculegion
|
|-weather|Snowscape|[upkeep]
|upkeep
|
|t:|1743865590
|switch|p2a: Lycanroc|Lycanroc-Dusk, F|100/100
|switch|p1a: Greninja|Greninja, M|72/100
|turn|14
|
|t:|1743865627
|move|p1a: Greninja|Surf|p2a: Lycanroc
|-supereffective|p2a: Lycanroc
|-damage|p2a: Lycanroc|0 fnt
|faint|p2a: Lycanroc
|-ability|p1a: Greninja|Battle Bond|boost
|-boost|p1a: Greninja|atk|1
|-boost|p1a: Greninja|spa|1
|-boost|p1a: Greninja|spe|1
|-activate|p1a: Greninja|ability: Battle Bond
|
|-weather|none
|upkeep
|
|t:|1743865629
|switch|p2a: Kommo-o|Kommo-o, F|100/100
|turn|15
|inactive|Battle timer is ON: inactive players will automatically lose when time's up. (requested by PrayStar)
|
|t:|1743865642
|move|p1a: Greninja|Ice Beam|p2a: Kommo-o
|-supereffective|p2a: Kommo-o
|-damage|p2a: Kommo-o|4/100
|-enditem|p2a: Kommo-o|Sitrus Berry|[eat]
|-heal|p2a: Kommo-o|29/100|[from] item: Sitrus Berry
|move|p2a: Kommo-o|Drain Punch|p1a: Greninja
|-supereffective|p1a: Greninja
|-damage|p1a: Greninja|0 fnt
|-heal|p2a: Kommo-o|64/100|[from] drain|[of] p1a: Greninja
|faint|p1a: Greninja
|
|upkeep
|inactive|PrayStar has 120 seconds left.
|
|t:|1743865679
|switch|p1a: Raging Bolt|Raging Bolt|100/100
|turn|16
|
|t:|1743865686
|switch|p2a: Ninetales|Ninetales-Alola, F|55/100
|-weather|Snowscape|[from] ability: Snow Warning|[of] p2a: Ninetales
|-terastallize|p1a: Raging Bolt|Steel
|move|p1a: Raging Bolt|Dragon Pulse|p2a: Ninetales
|-immune|p2a: Ninetales
|
|-weather|Snowscape|[upkeep]
|upkeep
|turn|17
|inactive|PrayStar has 120 seconds left.
|
|t:|1743865703
|move|p2a: Ninetales|Encore|p1a: Raging Bolt
|-start|p1a: Raging Bolt|Encore
|move|p1a: Raging Bolt|Dragon Pulse|p2a: Ninetales
|-immune|p2a: Ninetales
|
|-weather|Snowscape|[upkeep]
|upkeep
|turn|18
|
|t:|1743865711
|-end|p1a: Raging Bolt|Protosynthesis|[silent]
|switch|p1a: Sandy Shocks|Sandy Shocks, shiny|100/100
|-enditem|p1a: Sandy Shocks|Booster Energy
|-activate|p1a: Sandy Shocks|ability: Protosynthesis|[fromitem]
|-start|p1a: Sandy Shocks|protosynthesisspe
|move|p2a: Ninetales|Aurora Veil|p2a: Ninetales
|-sidestart|p2: YaBoiDon|move: Aurora Veil
|
|-weather|Snowscape|[upkeep]
|upkeep
|turn|19
|inactive|PrayStar has 120 seconds left.
|
|t:|1743865733
|move|p1a: Sandy Shocks|Earth Power|p2a: Ninetales
|-damage|p2a: Ninetales|30/100
|move|p2a: Ninetales|Freeze-Dry|p1a: Sandy Shocks
|-supereffective|p1a: Sandy Shocks
|-damage|p1a: Sandy Shocks|39/100
|-status|p1a: Sandy Shocks|frz
|
|-weather|Snowscape|[upkeep]
|upkeep
|turn|20
|inactive|PrayStar has 120 seconds left.
|
|t:|1743865743
|-curestatus|p1a: Sandy Shocks|frz|[msg]
|move|p1a: Sandy Shocks|Stealth Rock|p2a: Ninetales
|-sidestart|p2: YaBoiDon|move: Stealth Rock
|move|p2a: Ninetales|Freeze-Dry|p1a: Sandy Shocks
|-supereffective|p1a: Sandy Shocks
|-damage|p1a: Sandy Shocks|0 fnt
|faint|p1a: Sandy Shocks
|-end|p1a: Sandy Shocks|Protosynthesis|[silent]
|
|-weather|none
|upkeep
|
|t:|1743865754
|switch|p1a: Raging Bolt|Raging Bolt, tera:Steel|100/100
|turn|21
|
|t:|1743865765
|move|p1a: Raging Bolt|Thunderclap|p2a: Ninetales
|-damage|p2a: Ninetales|6/100
|move|p2a: Ninetales|Moonblast|p1a: Raging Bolt
|-resisted|p1a: Raging Bolt
|-damage|p1a: Raging Bolt|87/100
|
|upkeep
|turn|22
|
|t:|1743865775
|move|p1a: Raging Bolt|Thunderclap||[still]
|-fail|p1a: Raging Bolt
|move|p2a: Ninetales|Encore|p1a: Raging Bolt
|-start|p1a: Raging Bolt|Encore
|
|upkeep
|turn|23
|inactive|PrayStar has 120 seconds left.
|
|t:|1743865781
|switch|p2a: Kommo-o|Kommo-o, F|64/100
|-damage|p2a: Kommo-o|58/100|[from] Stealth Rock
|move|p1a: Raging Bolt|Thunderclap||[still]
|-fail|p1a: Raging Bolt
|
|upkeep
|turn|24
|
|t:|1743865788
|move|p1a: Raging Bolt|Thunderclap||[still]
|-fail|p1a: Raging Bolt
|move|p2a: Kommo-o|Clangorous Soul|p2a: Kommo-o
|-boost|p2a: Kommo-o|atk|1
|-boost|p2a: Kommo-o|def|1
|-boost|p2a: Kommo-o|spa|1
|-boost|p2a: Kommo-o|spd|1
|-boost|p2a: Kommo-o|spe|1
|-damage|p2a: Kommo-o|25/100
|
|upkeep
|turn|25
|
|t:|1743865802
|move|p1a: Raging Bolt|Thunderclap|p2a: Kommo-o
|-resisted|p2a: Kommo-o
|-damage|p2a: Kommo-o|16/100
|move|p2a: Kommo-o|Drain Punch|p1a: Raging Bolt
|-supereffective|p1a: Raging Bolt
|-damage|p1a: Raging Bolt|22/100
|-heal|p2a: Kommo-o|63/100|[from] drain|[of] p1a: Raging Bolt
|
|-end|p1a: Raging Bolt|Encore
|-sideend|p2: YaBoiDon|move: Aurora Veil
|upkeep
|turn|26
|
|t:|1743865813
|-terastallize|p2a: Kommo-o|Normal
|move|p2a: Kommo-o|Drain Punch|p1a: Raging Bolt
|-supereffective|p1a: Raging Bolt
|-damage|p1a: Raging Bolt|0 fnt
|-heal|p2a: Kommo-o|79/100|[from] drain|[of] p1a: Raging Bolt
|faint|p1a: Raging Bolt
|-end|p1a: Raging Bolt|Protosynthesis|[silent]
|
|win|YaBoiDon
|raw|PrayStar's rating: 1273 &rarr; <strong>1249</strong><br />(-24 for losing)
|raw|YaBoiDon's rating: 1287 &rarr; <strong>1311</strong><br />(+24 for winning)
|l|☆YaBoiDon
|player|p2|
|l|☆PrayStar
|player|p1|
|l| shuita.otter
