|j|☆RyvalMD
|j|☆BlackStar150520
|t:|1743839597
|gametype|singles
|player|p1|RyvalMD|2|1624
|player|p2|BlackStar150520|unknown|1716
|teamsize|p1|6
|teamsize|p2|6
|gen|9
|tier|[Gen 9] OU
|rated|
|rule|HP Percentage Mod: HP is shown in percentages
|rule|Endless Battle Clause: Forcing endless battles is banned
|rule|Species Clause: Limit one of each Pokémon
|rule|OHKO Clause: OHKO moves are banned
|rule|Evasion Items Clause: Evasion items are banned
|rule|Evasion Moves Clause: Evasion moves are banned
|rule|Sleep Moves Clause: Sleep-inducing moves are banned
|clearpoke
|poke|p1|Clefable, F|
|poke|p1|Gliscor, F|
|poke|p1|Dragapult, F|
|poke|p1|Kingambit, M|
|poke|p1|Darkrai|
|poke|p1|Slowking-Galar, F|
|poke|p2|Meowscarada, F|
|poke|p2|Great Tusk|
|poke|p2|Pecharunt|
|poke|p2|Dragonite, M|
|poke|p2|Alomomola, F|
|poke|p2|Gliscor, F|
|teampreview
|inactive|Battle timer is ON: inactive players will automatically lose when time's up. (requested by BlackStar150520)
|l|☆RyvalMD
|inactive|RyvalMD disconnected and has a minute to reconnect!
|player|p1|
|j|☆RyvalMD
|inactive|RyvalMD reconnected and has 130 seconds left.
|player|p1|RyvalMD|2|
|inactive|RyvalMD has 120 seconds left.
|
|t:|1743839637
|start
|switch|p1a: Dragapult|Dragapult, F|100/100
|switch|p2a: Momo|Alomomola, F|100/100
|turn|1
|
|t:|1743839644
|move|p2a: Momo|Protect|p2a: Momo
|-singleturn|p2a: Momo|Protect
|move|p1a: Dragapult|U-turn|p2a: Momo
|-activate|p2a: Momo|move: Protect
|
|upkeep
|turn|2
|
|t:|1743839646
|move|p1a: Dragapult|U-turn|p2a: Momo
|-damage|p2a: Momo|87/100
|
|t:|1743839649
|switch|p1a: Slowking|Slowking-Galar, F|100/100|[from] U-turn
|move|p2a: Momo|Flip Turn|p1a: Slowking
|-damage|p1a: Slowking|83/100
|
|t:|1743839658
|switch|p2a: Neferpitou|Meowscarada, F|100/100|[from] Flip Turn
|
|upkeep
|turn|3
|
|t:|1743839664
|switch|p1a: Clefable|Clefable, F|100/100
|move|p2a: Neferpitou|Spikes|p1a: Clefable
|-start|p2a: Neferpitou|typechange|Ground|[from] ability: Protean
|-sidestart|p1: RyvalMD|Spikes
|
|upkeep
|turn|4
|
|t:|1743839669
|move|p2a: Neferpitou|Spikes|p1a: Clefable
|-sidestart|p1: RyvalMD|Spikes
|move|p1a: Clefable|Thunder Wave|p2a: Neferpitou
|-immune|p2a: Neferpitou
|
|upkeep
|turn|5
|
|t:|1743839676
|move|p2a: Neferpitou|Spikes|p1a: Clefable
|-sidestart|p1: RyvalMD|Spikes
|move|p1a: Clefable|Moonblast|p2a: Neferpitou
|-damage|p2a: Neferpitou|55/100
|-unboost|p2a: Neferpitou|spa|1
|
|upkeep
|turn|6
|
|t:|1743839686
|move|p2a: Neferpitou|U-turn|p1a: Clefable
|-resisted|p1a: Clefable
|-damage|p1a: Clefable|93/100
|-damage|p2a: Neferpitou|39/100|[from] item: Rocky Helmet|[of] p1a: Clefable
|
|t:|1743839690
|switch|p2a: 🦇|Gliscor, F|100/100|[from] U-turn
|move|p1a: Clefable|Moonblast|p2a: 🦇
|-damage|p2a: 🦇|63/100
|
|-status|p2a: 🦇|tox|[from] item: Toxic Orb
|upkeep
|turn|7
|
|t:|1743839704
|switch|p2a: Phantom|Pecharunt|100/100
|switch|p1a: Dragapult|Dragapult, F|100/100
|
|upkeep
|turn|8
|
|t:|1743839714
|move|p1a: Dragapult|Will-O-Wisp|p2a: Phantom
|-status|p2a: Phantom|brn
|move|p2a: Phantom|Malignant Chain|p1a: Dragapult
|-resisted|p1a: Dragapult
|-damage|p1a: Dragapult|80/100
|-status|p1a: Dragapult|tox
|-start|p1a: Dragapult|confusion|[from] ability: Poison Puppeteer|[of] p2a: Phantom
|
|-damage|p1a: Dragapult|74/100 tox|[from] psn
|-damage|p2a: Phantom|94/100 brn|[from] brn
|upkeep
|turn|9
|
|t:|1743839719
|switch|p2a: Momo|Alomomola, F|100/100
|-activate|p1a: Dragapult|confusion
|move|p1a: Dragapult|Hex|p2a: Momo
|-damage|p2a: Momo|79/100
|
|-damage|p1a: Dragapult|62/100 tox|[from] psn
|upkeep
|turn|10
|
|t:|1743839727
|move|p2a: Momo|Protect|p2a: Momo
|-singleturn|p2a: Momo|Protect
|-end|p1a: Dragapult|confusion
|move|p1a: Dragapult|U-turn|p2a: Momo
|-activate|p2a: Momo|move: Protect
|
|-damage|p1a: Dragapult|44/100 tox|[from] psn
|upkeep
|turn|11
|
|t:|1743839731
|move|p1a: Dragapult|U-turn|p2a: Momo
|-damage|p2a: Momo|65/100
|
|t:|1743839735
|switch|p1a: Slowking|Slowking-Galar, F|100/100|[from] U-turn
|move|p2a: Momo|Flip Turn|p1a: Slowking
|-crit|p1a: Slowking
|-damage|p1a: Slowking|76/100
|
|t:|1743839742
|switch|p2a: Neferpitou|Meowscarada, F|39/100|[from] Flip Turn
|
|upkeep
|turn|12
|
|t:|1743839746
|switch|p1a: Clefable|Clefable, F|93/100
|move|p2a: Neferpitou|Knock Off|p1a: Clefable
|-start|p2a: Neferpitou|typechange|Dark|[from] ability: Protean
|-resisted|p1a: Clefable
|-damage|p1a: Clefable|76/100
|-damage|p2a: Neferpitou|22/100|[from] item: Rocky Helmet|[of] p1a: Clefable
|-enditem|p1a: Clefable|Rocky Helmet|[from] move: Knock Off|[of] p2a: Neferpitou
|
|upkeep
|turn|13
|
|t:|1743839753
|move|p2a: Neferpitou|U-turn|p1a: Clefable
|-resisted|p1a: Clefable
|-damage|p1a: Clefable|69/100
|
|t:|1743839756
|switch|p2a: Momo|Alomomola, F|99/100|[from] U-turn
|move|p1a: Clefable|Moonblast|p2a: Momo
|-damage|p2a: Momo|76/100
|
|upkeep
|turn|14
|
|t:|1743839760
|switch|p2a: 🦇|Gliscor, F|63/100 tox
|move|p1a: Clefable|Thunder Wave|p2a: 🦇
|-immune|p2a: 🦇
|
|-heal|p2a: 🦇|76/100 tox|[from] ability: Poison Heal
|upkeep
|turn|15
|j| shupple
|
|t:|1743839765
|move|p2a: 🦇|Swords Dance|p2a: 🦇
|-boost|p2a: 🦇|atk|2
|move|p1a: Clefable|Moonblast|p2a: 🦇
|-damage|p2a: 🦇|35/100 tox
|-unboost|p2a: 🦇|spa|1
|
|-heal|p2a: 🦇|47/100 tox|[from] ability: Poison Heal
|upkeep
|turn|16
|l|☆RyvalMD
|inactive|RyvalMD disconnected and has a minute to reconnect!
|player|p1|
|j|☆RyvalMD
|inactive|RyvalMD reconnected and has 130 seconds left.
|player|p1|RyvalMD|2|
|
|t:|1743839787
|move|p2a: 🦇|Earthquake|p1a: Clefable
|-damage|p1a: Clefable|19/100
|move|p1a: Clefable|Moonblast|p2a: 🦇
|-damage|p2a: 🦇|6/100 tox
|
|-heal|p2a: 🦇|19/100 tox|[from] ability: Poison Heal
|upkeep
|turn|17
|
|t:|1743839799
|move|p2a: 🦇|Earthquake|p1a: Clefable
|-damage|p1a: Clefable|0 fnt
|faint|p1a: Clefable
|
|-heal|p2a: 🦇|31/100 tox|[from] ability: Poison Heal
|upkeep
|
|t:|1743839801
|switch|p1a: Dragapult|Dragapult, F|44/100 tox
|turn|18
|
|t:|1743839808
|switch|p2a: Momo|Alomomola, F|100/100
|move|p1a: Dragapult|U-turn|p2a: Momo
|-damage|p2a: Momo|85/100
|
|t:|1743839823
|switch|p1a: Darkrai|Darkrai|100/100|[from] U-turn
|
|upkeep
|turn|19
|
|t:|1743839827
|move|p1a: Darkrai|Knock Off|p2a: Momo
|-damage|p2a: Momo|61/100
|-enditem|p2a: Momo|Heavy-Duty Boots|[from] move: Knock Off|[of] p1a: Darkrai
|move|p2a: Momo|Flip Turn|p1a: Darkrai
|-damage|p1a: Darkrai|74/100
|
|t:|1743839834
|switch|p2a: 🦣|Great Tusk|100/100|[from] Flip Turn
|
|upkeep
|turn|20
|
|t:|1743839842
|-terastallize|p1a: Darkrai|Poison
|move|p1a: Darkrai|Ice Beam|p2a: 🦣
|-supereffective|p2a: 🦣
|-damage|p2a: 🦣|3/100
|move|p2a: 🦣|Headlong Rush|p1a: Darkrai
|-supereffective|p1a: Darkrai
|-damage|p1a: Darkrai|0 fnt
|-unboost|p2a: 🦣|def|1
|-unboost|p2a: 🦣|spd|1
|faint|p1a: Darkrai
|
|upkeep
|
|t:|1743839853
|switch|p1a: Dragapult|Dragapult, F|44/100 tox
|turn|21
|
|t:|1743839856
|-end|p2a: 🦣|Protosynthesis|[silent]
|switch|p2a: Momo|Alomomola, F|94/100
|move|p1a: Dragapult|U-turn|p2a: Momo
|-damage|p2a: Momo|79/100
|
|t:|1743839859
|switch|p1a: Gliscor|Gliscor, F|100/100|[from] U-turn
|
|-status|p1a: Gliscor|tox|[from] item: Toxic Orb
|upkeep
|turn|22
|
|t:|1743839865
|move|p1a: Gliscor|Spikes|p2a: Momo
|-sidestart|p2: BlackStar150520|Spikes
|move|p2a: Momo|Wish|p2a: Momo
|
|upkeep
|turn|23
|
|t:|1743839870
|switch|p2a: 🦇|Gliscor, F|31/100 tox
|move|p1a: Gliscor|Toxic|p2a: 🦇|[miss]
|-miss|p1a: Gliscor|p2a: 🦇
|
|-heal|p2a: 🦇|100/100 tox|[from] move: Wish|[wisher] Momo
|upkeep
|turn|24
|
|t:|1743839874
|switch|p1a: Dragapult|Dragapult, F|44/100 tox
|move|p2a: 🦇|Swords Dance|p2a: 🦇
|-boost|p2a: 🦇|atk|2
|
|-damage|p1a: Dragapult|38/100 tox|[from] psn
|upkeep
|turn|25
|
|t:|1743839878
|move|p1a: Dragapult|Hex|p2a: 🦇
|-damage|p2a: 🦇|37/100 tox
|move|p2a: 🦇|Knock Off|p1a: Dragapult
|-supereffective|p1a: Dragapult
|-damage|p1a: Dragapult|0 fnt
|-enditem|p1a: Dragapult|Heavy-Duty Boots|[from] move: Knock Off|[of] p2a: 🦇
|faint|p1a: Dragapult
|
|-heal|p2a: 🦇|49/100 tox|[from] ability: Poison Heal
|upkeep
|
|t:|1743839882
|switch|p1a: Kingambit|Kingambit, M|100/100
|-activate|p1a: Kingambit|ability: Supreme Overlord
|-start|p1a: Kingambit|fallen3|[silent]
|turn|26
|
|t:|1743839886
|move|p2a: 🦇|Earthquake|p1a: Kingambit
|-supereffective|p1a: Kingambit
|-damage|p1a: Kingambit|12/100
|move|p1a: Kingambit|Iron Head|p2a: 🦇
|-damage|p2a: 🦇|0 fnt
|faint|p2a: 🦇
|
|upkeep
|
|t:|1743839891
|switch|p2a: Momo|Alomomola, F|100/100
|-damage|p2a: Momo|88/100|[from] Spikes
|turn|27
|
|t:|1743839895
|move|p1a: Kingambit|Low Kick|p2a: Momo
|-damage|p2a: Momo|66/100
|move|p2a: Momo|Flip Turn|p1a: Kingambit
|-damage|p1a: Kingambit|1/100
|
|t:|1743839899
|switch|p2a: Phantom|Pecharunt|94/100 brn|[from] Flip Turn
|
|-damage|p2a: Phantom|88/100 brn|[from] brn
|upkeep
|turn|28
|
|t:|1743839903
|move|p1a: Kingambit|Sucker Punch|p2a: Phantom
|-supereffective|p2a: Phantom
|-damage|p2a: Phantom|39/100 brn
|move|p2a: Phantom|Hex|p1a: Kingambit
|-resisted|p1a: Kingambit
|-damage|p1a: Kingambit|0 fnt
|faint|p1a: Kingambit
|-end|p1a: Kingambit|fallen3|[silent]
|
|-damage|p2a: Phantom|33/100 brn|[from] brn
|upkeep
|
|t:|1743839906
|switch|p1a: Gliscor|Gliscor, F|100/100 tox
|turn|29
|
|t:|1743839911
|switch|p2a: Neferpitou|Meowscarada, F|22/100
|move|p1a: Gliscor|Earthquake|p2a: Neferpitou
|-resisted|p2a: Neferpitou
|-crit|p2a: Neferpitou
|-damage|p2a: Neferpitou|0 fnt
|faint|p2a: Neferpitou
|
|upkeep
|
|t:|1743839915
|switch|p2a: Momo|Alomomola, F|99/100
|-damage|p2a: Momo|87/100|[from] Spikes
|turn|30
|
|t:|1743839919
|move|p1a: Gliscor|Toxic|p2a: Momo|[miss]
|-miss|p1a: Gliscor|p2a: Momo
|move|p2a: Momo|Wish|p2a: Momo
|
|upkeep
|turn|31
|
|t:|1743839924
|move|p1a: Gliscor|Toxic|p2a: Momo
|-status|p2a: Momo|tox
|move|p2a: Momo|Flip Turn|p1a: Gliscor
|-supereffective|p1a: Gliscor
|-damage|p1a: Gliscor|80/100 tox
|
|t:|1743839926
|switch|p2a: 🦣|Great Tusk|3/100|[from] Flip Turn
|
|-heal|p2a: 🦣|75/100|[from] move: Wish|[wisher] Momo
|-heal|p1a: Gliscor|93/100 tox|[from] ability: Poison Heal
|upkeep
|turn|32
|
|t:|1743839935
|-end|p2a: 🦣|Protosynthesis|[silent]
|switch|p2a: Momo|Alomomola, F|100/100 tox
|-damage|p2a: Momo|88/100 tox|[from] Spikes
|move|p1a: Gliscor|Toxic|p2a: Momo
|-fail|p2a: Momo|tox
|
|-heal|p1a: Gliscor|100/100 tox|[from] ability: Poison Heal
|-damage|p2a: Momo|82/100 tox|[from] psn
|upkeep
|turn|33
|
|t:|1743839941
|move|p1a: Gliscor|Spikes|p2a: Momo
|-sidestart|p2: BlackStar150520|Spikes
|move|p2a: Momo|Flip Turn|p1a: Gliscor
|-supereffective|p1a: Gliscor
|-damage|p1a: Gliscor|78/100 tox
|
|t:|1743839947
|switch|p2a: Phantom|Pecharunt|33/100 brn|[from] Flip Turn
|
|-heal|p1a: Gliscor|91/100 tox|[from] ability: Poison Heal
|-damage|p2a: Phantom|27/100 brn|[from] brn
|upkeep
|turn|34
|j| frindlebabbin
|
|t:|1743839953
|switch|p2a: Momo|Alomomola, F|100/100 tox
|-damage|p2a: Momo|84/100 tox|[from] Spikes
|move|p1a: Gliscor|Earthquake|p2a: Momo
|-damage|p2a: Momo|59/100 tox
|
|-heal|p1a: Gliscor|100/100 tox|[from] ability: Poison Heal
|-damage|p2a: Momo|53/100 tox|[from] psn
|upkeep
|turn|35
|
|t:|1743839962
|move|p1a: Gliscor|Protect|p1a: Gliscor
|-singleturn|p1a: Gliscor|Protect
|move|p2a: Momo|Wish|p2a: Momo
|
|-damage|p2a: Momo|41/100 tox|[from] psn
|upkeep
|turn|36
|
|t:|1743839966
|move|p1a: Gliscor|Spikes|p2a: Momo
|-sidestart|p2: BlackStar150520|Spikes
|move|p2a: Momo|Flip Turn|p1a: Gliscor
|-supereffective|p1a: Gliscor
|-damage|p1a: Gliscor|80/100 tox
|
|t:|1743839967
|switch|p2a: Phantom|Pecharunt|27/100 brn|[from] Flip Turn
|
|-heal|p2a: Phantom|98/100 brn|[from] move: Wish|[wisher] Momo
|-heal|p1a: Gliscor|93/100 tox|[from] ability: Poison Heal
|-damage|p2a: Phantom|92/100 brn|[from] brn
|upkeep
|turn|37
|
|t:|1743839973
|move|p1a: Gliscor|Earthquake|p2a: Phantom
|-supereffective|p2a: Phantom
|-damage|p2a: Phantom|63/100 brn
|move|p2a: Phantom|Parting Shot|p1a: Gliscor
|-unboost|p1a: Gliscor|atk|1
|-unboost|p1a: Gliscor|spa|1
|
|t:|1743839977
|switch|p2a: 🦣|Great Tusk|75/100|[from] Parting Shot
|
|-heal|p1a: Gliscor|100/100 tox|[from] ability: Poison Heal
|upkeep
|turn|38
|
|t:|1743839980
|move|p2a: 🦣|Rapid Spin|p1a: Gliscor
|-crit|p1a: Gliscor
|-damage|p1a: Gliscor|83/100 tox
|-boost|p2a: 🦣|spe|1
|-sideend|p2: BlackStar150520|Spikes|[from] move: Rapid Spin|[of] p2a: 🦣
|move|p1a: Gliscor|Toxic|p2a: 🦣
|-status|p2a: 🦣|tox
|
|-damage|p2a: 🦣|69/100 tox|[from] psn
|-heal|p1a: Gliscor|96/100 tox|[from] ability: Poison Heal
|upkeep
|turn|39
|
|t:|1743839981
|-end|p2a: 🦣|Protosynthesis|[silent]
|switch|p2a: Momo|Alomomola, F|74/100 tox
|switch|p1a: Slowking|Slowking-Galar, F|100/100
|
|-damage|p2a: Momo|68/100 tox|[from] psn
|upkeep
|turn|40
|
|t:|1743839986
|move|p2a: Momo|Wish|p2a: Momo
|move|p1a: Slowking|Future Sight|p2a: Momo
|-start|p1a: Slowking|move: Future Sight
|
|-damage|p2a: Momo|56/100 tox|[from] psn
|upkeep
|turn|41
|
|t:|1743839993
|move|p2a: Momo|Flip Turn|p1a: Slowking
|-damage|p1a: Slowking|82/100
|
|t:|1743839995
|switch|p2a: Phantom|Pecharunt|63/100 brn|[from] Flip Turn
|-prepare|p1a: Slowking|Chilly Reception|[premajor]
|move|p1a: Slowking|Chilly Reception|p1a: Slowking
|-weather|Snowscape
|
|t:|1743839999
|switch|p1a: Gliscor|Gliscor, F|96/100 tox|[from] Chilly Reception
|
|-weather|Snowscape|[upkeep]
|-heal|p2a: Phantom|100/100 brn|[from] move: Wish|[wisher] Momo
|-heal|p1a: Gliscor|100/100 tox|[from] ability: Poison Heal
|-damage|p2a: Phantom|94/100 brn|[from] brn
|upkeep
|turn|42
|
|t:|1743840008
|-terastallize|p2a: Phantom|Dark
|move|p1a: Gliscor|Spikes|p2a: Phantom
|-sidestart|p2: BlackStar150520|Spikes
|move|p2a: Phantom|Parting Shot|p1a: Gliscor
|-unboost|p1a: Gliscor|atk|1
|-unboost|p1a: Gliscor|spa|1
|
|t:|1743840011
|switch|p2a: Momo|Alomomola, F|89/100 tox|[from] Parting Shot
|-damage|p2a: Momo|77/100 tox|[from] Spikes
|
|-weather|Snowscape|[upkeep]
|-end|p2a: Momo|move: Future Sight
|-damage|p2a: Momo|45/100 tox
|-damage|p2a: Momo|39/100 tox|[from] psn
|upkeep
|turn|43
|
|t:|1743840016
|switch|p2a: Phantom|Pecharunt, tera:Dark|94/100 brn
|move|p1a: Gliscor|Spikes|p2a: Phantom
|-sidestart|p2: BlackStar150520|Spikes
|
|-weather|Snowscape|[upkeep]
|-damage|p2a: Phantom|88/100 brn|[from] brn
|upkeep
|turn|44
|
|t:|1743840023
|move|p1a: Gliscor|Toxic||[still]
|-fail|p1a: Gliscor
|move|p2a: Phantom|Hex|p1a: Gliscor
|-damage|p1a: Gliscor|48/100 tox
|
|-weather|Snowscape|[upkeep]
|-heal|p1a: Gliscor|60/100 tox|[from] ability: Poison Heal
|-damage|p2a: Phantom|82/100 brn|[from] brn
|upkeep
|turn|45
|
|t:|1743840031
|move|p1a: Gliscor|Protect|p1a: Gliscor
|-singleturn|p1a: Gliscor|Protect
|move|p2a: Phantom|Hex|p1a: Gliscor
|-activate|p1a: Gliscor|move: Protect
|
|-weather|none
|-heal|p1a: Gliscor|73/100 tox|[from] ability: Poison Heal
|-damage|p2a: Phantom|76/100 brn|[from] brn
|upkeep
|turn|46
|
|t:|1743840035
|switch|p1a: Slowking|Slowking-Galar, F|100/100
|move|p2a: Phantom|Parting Shot|p1a: Slowking
|-unboost|p1a: Slowking|atk|1
|-unboost|p1a: Slowking|spa|1
|
|t:|1743840044
|switch|p2a: 🦣|Great Tusk|69/100 tox|[from] Parting Shot
|
|-damage|p2a: 🦣|62/100 tox|[from] psn
|upkeep
|turn|47
|
|t:|1743840051
|move|p2a: 🦣|Rapid Spin|p1a: Slowking
|-damage|p1a: Slowking|83/100
|-boost|p2a: 🦣|spe|1
|-sideend|p2: BlackStar150520|Spikes|[from] move: Rapid Spin|[of] p2a: 🦣
|move|p1a: Slowking|Ice Beam|p2a: 🦣
|-supereffective|p2a: 🦣
|-damage|p2a: 🦣|20/100 tox
|
|-damage|p2a: 🦣|8/100 tox|[from] psn
|upkeep
|turn|48
|
|t:|1743840056
|-end|p2a: 🦣|Protosynthesis|[silent]
|switch|p2a: Momo|Alomomola, F|72/100 tox
|switch|p1a: Gliscor|Gliscor, F|73/100 tox
|
|-heal|p1a: Gliscor|85/100 tox|[from] ability: Poison Heal
|-damage|p2a: Momo|66/100 tox|[from] psn
|upkeep
|turn|49
|
|t:|1743840059
|move|p1a: Gliscor|Spikes|p2a: Momo
|-sidestart|p2: BlackStar150520|Spikes
|move|p2a: Momo|Wish|p2a: Momo
|
|-heal|p1a: Gliscor|98/100 tox|[from] ability: Poison Heal
|-damage|p2a: Momo|54/100 tox|[from] psn
|upkeep
|turn|50
|
|t:|1743840069
|move|p1a: Gliscor|Earthquake|p2a: Momo
|-damage|p2a: Momo|31/100 tox
|move|p2a: Momo|Flip Turn|p1a: Gliscor
|-supereffective|p1a: Gliscor
|-damage|p1a: Gliscor|77/100 tox
|
|t:|1743840071
|switch|p2a: 🦣|Great Tusk|8/100 tox|[from] Flip Turn
|
|-heal|p2a: 🦣|79/100 tox|[from] move: Wish|[wisher] Momo
|-damage|p2a: 🦣|73/100 tox|[from] psn
|-heal|p1a: Gliscor|90/100 tox|[from] ability: Poison Heal
|upkeep
|turn|51
|
|t:|1743840076
|-end|p2a: 🦣|Protosynthesis|[silent]
|switch|p2a: Phantom|Pecharunt, tera:Dark|76/100 brn
|move|p1a: Gliscor|Protect||[still]
|-fail|p1a: Gliscor
|
|-heal|p1a: Gliscor|100/100 tox|[from] ability: Poison Heal
|-damage|p2a: Phantom|70/100 brn|[from] brn
|upkeep
|turn|52
|
|t:|1743840081
|switch|p1a: Slowking|Slowking-Galar, F|100/100
|move|p2a: Phantom|Parting Shot|p1a: Slowking
|-unboost|p1a: Slowking|atk|1
|-unboost|p1a: Slowking|spa|1
|
|t:|1743840085
|switch|p2a: 🦣|Great Tusk|73/100 tox|[from] Parting Shot
|
|-damage|p2a: 🦣|67/100 tox|[from] psn
|upkeep
|turn|53
|
|t:|1743840089
|move|p2a: 🦣|Headlong Rush|p1a: Slowking
|-supereffective|p1a: Slowking
|-damage|p1a: Slowking|0 fnt
|-unboost|p2a: 🦣|def|1
|-unboost|p2a: 🦣|spd|1
|faint|p1a: Slowking
|
|-damage|p2a: 🦣|55/100 tox|[from] psn
|upkeep
|
|t:|1743840092
|switch|p1a: Gliscor|Gliscor, F|100/100 tox
|turn|54
|
|t:|1743840097
|-end|p2a: 🦣|Protosynthesis|[silent]
|switch|p2a: Phantom|Pecharunt, tera:Dark|70/100 brn
|move|p1a: Gliscor|Earthquake|p2a: Phantom
|-damage|p2a: Phantom|55/100 brn
|
|-damage|p2a: Phantom|49/100 brn|[from] brn
|upkeep
|turn|55
|-message|RyvalMD forfeited.
|
|win|BlackStar150520
|raw|RyvalMD's rating: 1624 &rarr; <strong>1609</strong><br />(-15 for losing)
|raw|BlackStar150520's rating: 1716 &rarr; <strong>1731</strong><br />(+15 for winning)
|l|☆RyvalMD
|player|p1|
