|j|☆notus126
|j|☆Z-Pokemaster2000
|t:|1743870346
|gametype|singles
|player|p1|notus126|dawn|1602
|player|p2|Z-Pokemaster2000|265|1653
|teamsize|p1|6
|teamsize|p2|6
|gen|9
|tier|[Gen 9] OU
|rated|
|rule|HP Percentage Mod: HP is shown in percentages
|rule|Endless Battle Clause: Forcing endless battles is banned
|rule|Species Clause: Limit one of each Pokémon
|rule|OHKO Clause: OHKO moves are banned
|rule|Evasion Items Clause: Evasion items are banned
|rule|Evasion Moves Clause: Evasion moves are banned
|rule|Sleep Moves Clause: Sleep-inducing moves are banned
|clearpoke
|poke|p1|Ninetales-Alola, F|
|poke|p1|Kyurem|
|poke|p1|Iron Crown|
|poke|p1|Iron Treads|
|poke|p1|Samurott-Hisui, F|
|poke|p1|Gliscor, F|
|poke|p2|Okidogi, M|
|poke|p2|Alcremie-Matcha-Cream, F|
|poke|p2|Grimmsnarl, M|
|poke|p2|Great Tusk|
|poke|p2|Hydrapple, F|
|poke|p2|Kingambit, M|
|teampreview
|inactive|Battle timer is ON: inactive players will automatically lose when time's up. (requested by Z-Pokemaster2000)
|
|t:|1743870363
|start
|switch|p1a: Iron Crown|Iron Crown|100/100
|switch|p2a: Okidogi|Okidogi, M|100/100
|-enditem|p1a: Iron Crown|Booster Energy
|-activate|p1a: Iron Crown|ability: Quark Drive|[fromitem]
|-start|p1a: Iron Crown|quarkdrivespe
|turn|1
|
|t:|1743870373
|move|p1a: Iron Crown|Calm Mind|p1a: Iron Crown
|-boost|p1a: Iron Crown|spa|1
|-boost|p1a: Iron Crown|spd|1
|move|p2a: Okidogi|Knock Off|p1a: Iron Crown
|-supereffective|p1a: Iron Crown
|-damage|p1a: Iron Crown|55/100
|
|upkeep
|turn|2
|
|t:|1743870379
|switch|p2a: Kingambit|Kingambit, M, shiny|100/100
|move|p1a: Iron Crown|Psyshock|p2a: Kingambit
|-immune|p2a: Kingambit
|
|upkeep
|turn|3
|
|t:|1743870386
|move|p2a: Kingambit|Sucker Punch|p1a: Iron Crown
|-supereffective|p1a: Iron Crown
|-damage|p1a: Iron Crown|0 fnt
|faint|p1a: Iron Crown
|-end|p1a: Iron Crown|Quark Drive|[silent]
|
|upkeep
|
|t:|1743870392
|switch|p1a: Gliscor|Gliscor, F|100/100
|turn|4
|
|t:|1743870403
|move|p1a: Gliscor|Earthquake|p2a: Kingambit
|-supereffective|p2a: Kingambit
|-damage|p2a: Kingambit|52/100
|move|p2a: Kingambit|Swords Dance|p2a: Kingambit
|-boost|p2a: Kingambit|atk|2
|
|-heal|p2a: Kingambit|59/100|[from] item: Leftovers
|-status|p1a: Gliscor|tox|[from] item: Toxic Orb
|upkeep
|turn|5
|
|t:|1743870412
|move|p1a: Gliscor|Earthquake|p2a: Kingambit
|-supereffective|p2a: Kingambit
|-damage|p2a: Kingambit|10/100
|move|p2a: Kingambit|Kowtow Cleave|p1a: Gliscor
|-damage|p1a: Gliscor|51/100 tox
|
|-heal|p2a: Kingambit|16/100|[from] item: Leftovers
|-heal|p1a: Gliscor|64/100 tox|[from] ability: Poison Heal
|upkeep
|turn|6
|
|t:|1743870420
|-end|p2a: Kingambit|fallenundefined|[silent]
|switch|p2a: Hydrapple|Hydrapple, F, shiny|100/100
|move|p1a: Gliscor|Earthquake|p2a: Hydrapple
|-resisted|p2a: Hydrapple
|-damage|p2a: Hydrapple|87/100
|
|-heal|p1a: Gliscor|76/100 tox|[from] ability: Poison Heal
|upkeep
|turn|7
|
|t:|1743870430
|move|p1a: Gliscor|U-turn|p2a: Hydrapple
|-supereffective|p2a: Hydrapple
|-damage|p2a: Hydrapple|62/100
|
|t:|1743870438
|switch|p1a: Ninetales|Ninetales-Alola, F|100/100|[from] U-turn
|-weather|Snowscape|[from] ability: Snow Warning|[of] p1a: Ninetales
|move|p2a: Hydrapple|Fickle Beam|p1a: Ninetales
|-immune|p1a: Ninetales
|
|-weather|Snowscape|[upkeep]
|upkeep
|turn|8
|
|t:|1743870447
|switch|p2a: Grimmsnarl|Grimmsnarl, M, shiny|100/100
|move|p1a: Ninetales|Aurora Veil|p1a: Ninetales
|-sidestart|p1: notus126|move: Aurora Veil
|
|-weather|Snowscape|[upkeep]
|upkeep
|turn|9
|
|t:|1743870463
|switch|p1a: Iron Treads|Iron Treads|100/100
|-enditem|p1a: Iron Treads|Booster Energy
|-activate|p1a: Iron Treads|ability: Quark Drive|[fromitem]
|-start|p1a: Iron Treads|quarkdrivespe
|move|p2a: Grimmsnarl|Light Screen|p2a: Grimmsnarl
|-sidestart|p2: Z-Pokemaster2000|move: Light Screen
|
|-weather|Snowscape|[upkeep]
|upkeep
|turn|10
|
|t:|1743870470
|move|p2a: Grimmsnarl|Reflect|p2a: Grimmsnarl
|-sidestart|p2: Z-Pokemaster2000|Reflect
|move|p1a: Iron Treads|Stealth Rock|p2a: Grimmsnarl
|-sidestart|p2: Z-Pokemaster2000|move: Stealth Rock
|
|-weather|Snowscape|[upkeep]
|upkeep
|turn|11
|
|t:|1743870481
|move|p1a: Iron Treads|Steel Beam|p2a: Grimmsnarl
|-supereffective|p2a: Grimmsnarl
|-damage|p2a: Grimmsnarl|43/100
|-damage|p1a: Iron Treads|50/100|[from] steelbeam
|move|p2a: Grimmsnarl|Drain Punch|p1a: Iron Treads
|-supereffective|p1a: Iron Treads
|-damage|p1a: Iron Treads|28/100
|-heal|p2a: Grimmsnarl|53/100|[from] drain|[of] p1a: Iron Treads
|
|-weather|none
|upkeep
|turn|12
|
|t:|1743870495
|-end|p1a: Iron Treads|Quark Drive|[silent]
|switch|p1a: Gliscor|Gliscor, F|76/100 tox
|move|p2a: Grimmsnarl|Drain Punch|p1a: Gliscor
|-resisted|p1a: Gliscor
|-damage|p1a: Gliscor|73/100 tox
|-heal|p2a: Grimmsnarl|54/100|[from] drain|[of] p1a: Gliscor
|
|-heal|p1a: Gliscor|85/100 tox|[from] ability: Poison Heal
|upkeep
|turn|13
|
|t:|1743870505
|switch|p2a: Hydrapple|Hydrapple, F, shiny|96/100
|-damage|p2a: Hydrapple|83/100|[from] Stealth Rock
|move|p1a: Gliscor|Toxic|p2a: Hydrapple
|-status|p2a: Hydrapple|tox
|
|-heal|p1a: Gliscor|98/100 tox|[from] ability: Poison Heal
|-damage|p2a: Hydrapple|77/100 tox|[from] psn
|upkeep
|turn|14
|
|t:|1743870517
|move|p1a: Gliscor|Protect|p1a: Gliscor
|-singleturn|p1a: Gliscor|Protect
|move|p2a: Hydrapple|Giga Drain|p1a: Gliscor
|-activate|p1a: Gliscor|move: Protect
|
|-heal|p1a: Gliscor|100/100 tox|[from] ability: Poison Heal
|-damage|p2a: Hydrapple|65/100 tox|[from] psn
|upkeep
|turn|15
|
|t:|1743870526
|switch|p1a: Ninetales|Ninetales-Alola, F|100/100
|-weather|Snowscape|[from] ability: Snow Warning|[of] p1a: Ninetales
|move|p2a: Hydrapple|Giga Drain|p1a: Ninetales
|-damage|p1a: Ninetales|73/100
|-heal|p2a: Hydrapple|77/100 tox|[from] drain|[of] p1a: Ninetales
|
|-weather|Snowscape|[upkeep]
|-damage|p2a: Hydrapple|59/100 tox|[from] psn
|-sideend|p1: notus126|move: Aurora Veil
|upkeep
|turn|16
|
|t:|1743870535
|move|p1a: Ninetales|Aurora Veil|p1a: Ninetales
|-sidestart|p1: notus126|move: Aurora Veil
|move|p2a: Hydrapple|Giga Drain|p1a: Ninetales
|-damage|p1a: Ninetales|46/100
|-heal|p2a: Hydrapple|70/100 tox|[from] drain|[of] p1a: Ninetales
|
|-weather|Snowscape|[upkeep]
|-damage|p2a: Hydrapple|46/100 tox|[from] psn
|-sideend|p2: Z-Pokemaster2000|move: Light Screen
|upkeep
|turn|17
|
|t:|1743870544
|switch|p2a: Okidogi|Okidogi, M|100/100
|-damage|p2a: Okidogi|94/100|[from] Stealth Rock
|move|p1a: Ninetales|Freeze-Dry|p2a: Okidogi
|-damage|p2a: Okidogi|80/100
|
|-weather|Snowscape|[upkeep]
|-sideend|p2: Z-Pokemaster2000|Reflect
|upkeep
|turn|18
|
|t:|1743870556
|switch|p1a: Gliscor|Gliscor, F|100/100 tox
|move|p2a: Okidogi|Drain Punch|p1a: Gliscor
|-resisted|p1a: Gliscor
|-damage|p1a: Gliscor|95/100 tox
|-heal|p2a: Okidogi|83/100|[from] drain|[of] p1a: Gliscor
|
|-weather|Snowscape|[upkeep]
|-heal|p1a: Gliscor|100/100 tox|[from] ability: Poison Heal
|upkeep
|turn|19
|
|t:|1743870566
|move|p1a: Gliscor|Earthquake|p2a: Okidogi
|-supereffective|p2a: Okidogi
|-damage|p2a: Okidogi|31/100
|move|p2a: Okidogi|Ice Punch|p1a: Gliscor
|-supereffective|p1a: Gliscor
|-damage|p1a: Gliscor|69/100 tox
|
|-weather|none
|-heal|p1a: Gliscor|82/100 tox|[from] ability: Poison Heal
|upkeep
|turn|20
|
|t:|1743870588
|switch|p2a: Hydrapple|Hydrapple, F, shiny|79/100 tox
|-damage|p2a: Hydrapple|67/100 tox|[from] Stealth Rock
|move|p1a: Gliscor|Earthquake|p2a: Hydrapple
|-resisted|p2a: Hydrapple
|-damage|p2a: Hydrapple|53/100 tox
|
|-heal|p1a: Gliscor|94/100 tox|[from] ability: Poison Heal
|-damage|p2a: Hydrapple|47/100 tox|[from] psn
|upkeep
|turn|21
|
|t:|1743870598
|switch|p2a: Okidogi|Okidogi, M|31/100
|-damage|p2a: Okidogi|25/100|[from] Stealth Rock
|move|p1a: Gliscor|Protect||[still]
|-fail|p1a: Gliscor
|
|-heal|p1a: Gliscor|100/100 tox|[from] ability: Poison Heal
|upkeep
|turn|22
|
|t:|1743870606
|switch|p2a: Hydrapple|Hydrapple, F, shiny|80/100 tox
|-damage|p2a: Hydrapple|68/100 tox|[from] Stealth Rock
|move|p1a: Gliscor|Earthquake|p2a: Hydrapple
|-resisted|p2a: Hydrapple
|-damage|p2a: Hydrapple|56/100 tox
|
|-damage|p2a: Hydrapple|50/100 tox|[from] psn
|upkeep
|turn|23
|
|t:|1743870616
|move|p1a: Gliscor|U-turn|p2a: Hydrapple
|-supereffective|p2a: Hydrapple
|-damage|p2a: Hydrapple|25/100 tox
|
|t:|1743870619
|switch|p1a: Ninetales|Ninetales-Alola, F|46/100|[from] U-turn
|-weather|Snowscape|[from] ability: Snow Warning|[of] p1a: Ninetales
|move|p2a: Hydrapple|Giga Drain|p1a: Ninetales
|-damage|p1a: Ninetales|15/100
|-heal|p2a: Hydrapple|39/100 tox|[from] drain|[of] p1a: Ninetales
|
|-weather|Snowscape|[upkeep]
|-damage|p2a: Hydrapple|26/100 tox|[from] psn
|-sideend|p1: notus126|move: Aurora Veil
|upkeep
|turn|24
|
|t:|1743870635
|switch|p2a: Grimmsnarl|Grimmsnarl, M, shiny|54/100
|-damage|p2a: Grimmsnarl|42/100|[from] Stealth Rock
|move|p1a: Ninetales|Aurora Veil|p1a: Ninetales
|-sidestart|p1: notus126|move: Aurora Veil
|
|-weather|Snowscape|[upkeep]
|upkeep
|turn|25
|
|t:|1743870643
|move|p2a: Grimmsnarl|Light Screen|p2a: Grimmsnarl
|-sidestart|p2: Z-Pokemaster2000|move: Light Screen
|move|p1a: Ninetales|Moonblast|p2a: Grimmsnarl
|-supereffective|p2a: Grimmsnarl
|-damage|p2a: Grimmsnarl|11/100
|-unboost|p2a: Grimmsnarl|spa|1
|
|-weather|Snowscape|[upkeep]
|upkeep
|turn|26
|
|t:|1743870652
|move|p2a: Grimmsnarl|Reflect|p2a: Grimmsnarl
|-sidestart|p2: Z-Pokemaster2000|Reflect
|move|p1a: Ninetales|Moonblast|p2a: Grimmsnarl
|-supereffective|p2a: Grimmsnarl
|-damage|p2a: Grimmsnarl|0 fnt
|faint|p2a: Grimmsnarl
|
|-weather|Snowscape|[upkeep]
|upkeep
|
|t:|1743870657
|switch|p2a: Okidogi|Okidogi, M|25/100
|-damage|p2a: Okidogi|18/100|[from] Stealth Rock
|turn|27
|
|t:|1743870663
|switch|p1a: Gliscor|Gliscor, F|100/100 tox
|move|p2a: Okidogi|Knock Off|p1a: Gliscor
|-damage|p1a: Gliscor|89/100 tox
|-enditem|p1a: Gliscor|Toxic Orb|[from] move: Knock Off|[of] p2a: Okidogi
|
|-weather|none
|-heal|p1a: Gliscor|100/100 tox|[from] ability: Poison Heal
|upkeep
|turn|28
|
|t:|1743870673
|switch|p2a: Hydrapple|Hydrapple, F, shiny|60/100 tox
|-damage|p2a: Hydrapple|47/100 tox|[from] Stealth Rock
|move|p1a: Gliscor|Earthquake|p2a: Hydrapple
|-resisted|p2a: Hydrapple
|-damage|p2a: Hydrapple|41/100 tox
|
|-damage|p2a: Hydrapple|35/100 tox|[from] psn
|upkeep
|turn|29
|
|t:|1743870682
|switch|p2a: Great Tusk|Great Tusk, shiny|100/100
|-damage|p2a: Great Tusk|97/100|[from] Stealth Rock
|move|p1a: Gliscor|Protect||[still]
|-fail|p1a: Gliscor
|
|-heal|p2a: Great Tusk|100/100|[from] item: Leftovers
|upkeep
|turn|30
|
|t:|1743870689
|-end|p2a: Great Tusk|Protosynthesis|[silent]
|switch|p2a: Hydrapple|Hydrapple, F, shiny|68/100 tox
|-damage|p2a: Hydrapple|56/100 tox|[from] Stealth Rock
|move|p1a: Gliscor|Toxic|p2a: Hydrapple
|-fail|p2a: Hydrapple|tox
|
|-damage|p2a: Hydrapple|50/100 tox|[from] psn
|upkeep
|turn|31
|
|t:|1743870704
|move|p1a: Gliscor|U-turn|p2a: Hydrapple
|-supereffective|p2a: Hydrapple
|-damage|p2a: Hydrapple|38/100 tox
|
|t:|1743870712
|switch|p1a: Kyurem|Kyurem|100/100|[from] U-turn
|-ability|p1a: Kyurem|Pressure
|move|p2a: Hydrapple|Giga Drain|p1a: Kyurem
|-resisted|p1a: Kyurem
|-damage|p1a: Kyurem|87/100
|-heal|p2a: Hydrapple|44/100 tox|[from] drain|[of] p1a: Kyurem
|
|-damage|p2a: Hydrapple|32/100 tox|[from] psn
|-sideend|p1: notus126|move: Aurora Veil
|upkeep
|turn|32
|
|t:|1743870729
|switch|p2a: Okidogi|Okidogi, M|18/100
|-damage|p2a: Okidogi|12/100|[from] Stealth Rock
|move|p1a: Kyurem|Icicle Spear|p2a: Okidogi
|-damage|p2a: Okidogi|7/100
|-damage|p2a: Okidogi|2/100
|-damage|p2a: Okidogi|0 fnt
|faint|p2a: Okidogi
|-hitcount|p2: Okidogi|3
|
|-sideend|p2: Z-Pokemaster2000|move: Light Screen
|upkeep
|
|t:|1743870735
|switch|p2a: Kingambit|Kingambit, M, shiny|16/100
|-damage|p2a: Kingambit|10/100|[from] Stealth Rock
|-activate|p2a: Kingambit|ability: Supreme Overlord
|-start|p2a: Kingambit|fallen2|[silent]
|turn|33
|j| Dude201
|
|t:|1743870747
|switch|p1a: Gliscor|Gliscor, F|100/100 tox
|move|p2a: Kingambit|Iron Head|p1a: Gliscor
|-damage|p1a: Gliscor|72/100 tox
|
|-heal|p2a: Kingambit|16/100|[from] item: Leftovers
|-heal|p1a: Gliscor|85/100 tox|[from] ability: Poison Heal
|-sideend|p2: Z-Pokemaster2000|Reflect
|upkeep
|turn|34
|
|t:|1743870756
|-end|p2a: Kingambit|fallen2|[silent]
|switch|p2a: Hydrapple|Hydrapple, F, shiny|65/100 tox
|-damage|p2a: Hydrapple|53/100 tox|[from] Stealth Rock
|move|p1a: Gliscor|Earthquake|p2a: Hydrapple
|-resisted|p2a: Hydrapple
|-damage|p2a: Hydrapple|40/100 tox
|
|-heal|p1a: Gliscor|97/100 tox|[from] ability: Poison Heal
|-damage|p2a: Hydrapple|34/100 tox|[from] psn
|upkeep
|turn|35
|
|t:|1743870766
|move|p1a: Gliscor|Protect|p1a: Gliscor
|-singleturn|p1a: Gliscor|Protect
|move|p2a: Hydrapple|Giga Drain|p1a: Gliscor
|-activate|p1a: Gliscor|move: Protect
|
|-heal|p1a: Gliscor|100/100 tox|[from] ability: Poison Heal
|-damage|p2a: Hydrapple|22/100 tox|[from] psn
|upkeep
|turn|36
|
|t:|1743870775
|move|p1a: Gliscor|U-turn|p2a: Hydrapple
|-supereffective|p2a: Hydrapple
|-damage|p2a: Hydrapple|0 fnt
|faint|p2a: Hydrapple
|
|t:|1743870783
|switch|p1a: Ninetales|Ninetales-Alola, F|15/100|[from] U-turn
|-weather|Snowscape|[from] ability: Snow Warning|[of] p1a: Ninetales
|
|-weather|Snowscape|[upkeep]
|upkeep
|
|t:|1743870787
|switch|p2a: Great Tusk|Great Tusk, shiny|100/100
|-damage|p2a: Great Tusk|97/100|[from] Stealth Rock
|turn|37
|
|t:|1743870794
|move|p1a: Ninetales|Aurora Veil|p1a: Ninetales
|-sidestart|p1: notus126|move: Aurora Veil
|move|p2a: Great Tusk|Rapid Spin|p1a: Ninetales
|-damage|p1a: Ninetales|8/100
|-boost|p2a: Great Tusk|spe|1
|-sideend|p2: Z-Pokemaster2000|Stealth Rock|[from] move: Rapid Spin|[of] p2a: Great Tusk
|
|-weather|Snowscape|[upkeep]
|-heal|p2a: Great Tusk|100/100|[from] item: Leftovers
|upkeep
|turn|38
|l| Dude201
|
|t:|1743870807
|move|p2a: Great Tusk|Temper Flare|p1a: Ninetales
|-supereffective|p1a: Ninetales
|-damage|p1a: Ninetales|0 fnt
|faint|p1a: Ninetales
|
|-weather|Snowscape|[upkeep]
|upkeep
|
|t:|1743870817
|switch|p1a: Kyurem|Kyurem|87/100
|-ability|p1a: Kyurem|Pressure
|turn|39
|
|t:|1743870826
|move|p2a: Great Tusk|Close Combat|p1a: Kyurem
|-supereffective|p1a: Kyurem
|-damage|p1a: Kyurem|41/100
|-unboost|p2a: Great Tusk|def|1
|-unboost|p2a: Great Tusk|spd|1
|move|p1a: Kyurem|Dragon Dance|p1a: Kyurem
|-boost|p1a: Kyurem|atk|1
|-boost|p1a: Kyurem|spe|1
|
|-weather|Snowscape|[upkeep]
|upkeep
|turn|40
|
|t:|1743870839
|move|p1a: Kyurem|Icicle Spear|p2a: Great Tusk
|-supereffective|p2a: Great Tusk
|-damage|p2a: Great Tusk|59/100
|-supereffective|p2a: Great Tusk
|-damage|p2a: Great Tusk|17/100
|-supereffective|p2a: Great Tusk
|-damage|p2a: Great Tusk|0 fnt
|faint|p2a: Great Tusk
|-end|p2a: Great Tusk|Protosynthesis|[silent]
|-hitcount|p2: Great Tusk|3
|
|-weather|none
|upkeep
|
|t:|1743870848
|switch|p2a: Kingambit|Kingambit, M, shiny|16/100
|-activate|p2a: Kingambit|ability: Supreme Overlord
|-start|p2a: Kingambit|fallen4|[silent]
|turn|41
|
|t:|1743870853
|switch|p1a: Gliscor|Gliscor, F|100/100 tox
|move|p2a: Kingambit|Sucker Punch||[still]
|-fail|p2a: Kingambit
|
|-heal|p2a: Kingambit|23/100|[from] item: Leftovers
|upkeep
|turn|42
|
|t:|1743870860
|move|p1a: Gliscor|Earthquake|p2a: Kingambit
|-supereffective|p2a: Kingambit
|-damage|p2a: Kingambit|0 fnt
|faint|p2a: Kingambit
|-end|p2a: Kingambit|fallen4|[silent]
|
|upkeep
|
|t:|1743870862
|switch|p2a: Alcremie|Alcremie-Matcha-Cream, F, shiny|100/100
|turn|43
|
|t:|1743870866
|-terastallize|p2a: Alcremie|Poison
|move|p1a: Gliscor|Toxic|p2a: Alcremie|[miss]
|-miss|p1a: Gliscor|p2a: Alcremie
|move|p2a: Alcremie|Acid Armor|p2a: Alcremie
|-boost|p2a: Alcremie|def|2
|
|upkeep
|turn|44
|
|t:|1743870876
|move|p1a: Gliscor|Earthquake|p2a: Alcremie
|-supereffective|p2a: Alcremie
|-damage|p2a: Alcremie|63/100
|move|p2a: Alcremie|Acid Armor|p2a: Alcremie
|-boost|p2a: Alcremie|def|2
|
|-heal|p2a: Alcremie|69/100|[from] item: Leftovers
|-sideend|p1: notus126|move: Aurora Veil
|upkeep
|turn|45
|
|t:|1743870885
|move|p1a: Gliscor|Earthquake|p2a: Alcremie
|-supereffective|p2a: Alcremie
|-damage|p2a: Alcremie|49/100
|move|p2a: Alcremie|Acid Armor|p2a: Alcremie
|-boost|p2a: Alcremie|def|2
|
|-heal|p2a: Alcremie|55/100|[from] item: Leftovers
|upkeep
|turn|46
|
|t:|1743870899
|move|p1a: Gliscor|U-turn|p2a: Alcremie
|-resisted|p2a: Alcremie
|-damage|p2a: Alcremie|53/100
|
|t:|1743870902
|switch|p1a: Samurott|Samurott-Hisui, F|100/100|[from] U-turn
|move|p2a: Alcremie|Recover|p2a: Alcremie
|-heal|p2a: Alcremie|100/100
|
|upkeep
|turn|47
|
|t:|1743870908
|move|p1a: Samurott|Knock Off|p2a: Alcremie
|-damage|p2a: Alcremie|90/100
|-enditem|p2a: Alcremie|Leftovers|[from] move: Knock Off|[of] p1a: Samurott
|move|p2a: Alcremie|Calm Mind|p2a: Alcremie
|-boost|p2a: Alcremie|spa|1
|-boost|p2a: Alcremie|spd|1
|
|upkeep
|turn|48
|
|t:|1743870922
|switch|p1a: Iron Treads|Iron Treads|28/100
|move|p2a: Alcremie|Alluring Voice|p1a: Iron Treads
|-resisted|p1a: Iron Treads
|-damage|p1a: Iron Treads|0 fnt
|faint|p1a: Iron Treads
|-end|p1a: Iron Treads|Quark Drive|[silent]
|
|upkeep
|
|t:|1743870931
|switch|p1a: Gliscor|Gliscor, F|100/100 tox
|turn|49
|
|t:|1743870935
|move|p1a: Gliscor|Earthquake|p2a: Alcremie
|-supereffective|p2a: Alcremie
|-damage|p2a: Alcremie|73/100
|move|p2a: Alcremie|Calm Mind|p2a: Alcremie
|-boost|p2a: Alcremie|spa|1
|-boost|p2a: Alcremie|spd|1
|
|upkeep
|turn|50
|-message|notus126 forfeited.
|
|win|Z-Pokemaster2000
|raw|notus126's rating: 1602 &rarr; <strong>1585</strong><br />(-17 for losing)
|raw|Z-Pokemaster2000's rating: 1653 &rarr; <strong>1670</strong><br />(+17 for winning)
|l|☆notus126
|player|p1|
|l|☆Z-Pokemaster2000
|player|p2|
