|badge|p1|silver|gen9ou|30-5
|uhtml|medal-msg|<div class="broadcast-blue">Curious what those medals under the avatar are? PS now has Ladder Seasons! For more information, check out the <a href="https://www.smogon.com/forums/threads/3740067/">thread on Smogon.</a></div>
|badge|p2|silver|gen9ou|30-5
|uhtml|medal-msg|<div class="broadcast-blue">Curious what those medals under the avatar are? PS now has Ladder Seasons! For more information, check out the <a href="https://www.smogon.com/forums/threads/3740067/">thread on Smogon.</a></div>
|j|☆Johnny tots
|j|☆Joltinjoe18
|t:|1743812902
|gametype|singles
|player|p1|Johnny tots|2|1945
|player|p2|Joltinjoe18|colress|1974
|teamsize|p1|6
|teamsize|p2|6
|gen|9
|tier|[Gen 9] OU
|rated|
|rule|HP Percentage Mod: HP is shown in percentages
|rule|Endless Battle Clause: Forcing endless battles is banned
|rule|Species Clause: Limit one of each Pokémon
|rule|OHKO Clause: OHKO moves are banned
|rule|Evasion Items Clause: Evasion items are banned
|rule|Evasion Moves Clause: Evasion moves are banned
|rule|Sleep Moves Clause: Sleep-inducing moves are banned
|clearpoke
|poke|p1|Klefki, F|
|poke|p1|Manaphy|
|poke|p1|Kyurem|
|poke|p1|Cinderace, M|
|poke|p1|Iron Valiant|
|poke|p1|Clefable, M|
|poke|p2|Heatran, M|
|poke|p2|Landorus-Therian, M|
|poke|p2|Zamazenta-*|
|poke|p2|Dragapult, F|
|poke|p2|Quaquaval, F|
|poke|p2|Slowking-Galar, F|
|teampreview
|j| Deadbyflinch
|inactive|Battle timer is ON: inactive players will automatically lose when time's up. (requested by Johnny tots)
|
|t:|1743812921
|start
|switch|p1a: Manaphy|Manaphy|100/100
|switch|p2a: Quaquaval|Quaquaval, F|100/100
|turn|1
|
|t:|1743812925
|switch|p1a: Klefki|Klefki, F|100/100
|move|p2a: Quaquaval|Close Combat|p1a: Klefki
|-damage|p1a: Klefki|53/100
|-unboost|p2a: Quaquaval|def|1
|-unboost|p2a: Quaquaval|spd|1
|
|upkeep
|turn|2
|
|t:|1743812928
|switch|p2a: Landorus|Landorus-Therian, M|100/100
|-ability|p2a: Landorus|Intimidate|boost
|-unboost|p1a: Klefki|atk|1
|move|p1a: Klefki|Reflect|p1a: Klefki
|-sidestart|p1: Johnny tots|Reflect
|
|upkeep
|turn|3
|
|t:|1743812931
|move|p1a: Klefki|Light Screen|p1a: Klefki
|-sidestart|p1: Johnny tots|move: Light Screen
|move|p2a: Landorus|Earthquake|p1a: Klefki
|-supereffective|p1a: Klefki
|-damage|p1a: Klefki|0 fnt
|faint|p1a: Klefki
|
|upkeep
|
|t:|1743812949
|switch|p1a: Iron Valiant|Iron Valiant|100/100
|-enditem|p1a: Iron Valiant|Booster Energy
|-activate|p1a: Iron Valiant|ability: Quark Drive|[fromitem]
|-start|p1a: Iron Valiant|quarkdrivespe
|turn|4
|
|t:|1743812953
|move|p1a: Iron Valiant|Swords Dance|p1a: Iron Valiant
|-boost|p1a: Iron Valiant|atk|2
|move|p2a: Landorus|Earthquake|p1a: Iron Valiant
|-crit|p1a: Iron Valiant
|-damage|p1a: Iron Valiant|0 fnt
|faint|p1a: Iron Valiant
|-end|p1a: Iron Valiant|Quark Drive|[silent]
|
|upkeep
|c|☆Johnny tots|Really
|c|☆Joltinjoe18|mb
|
|t:|1743812960
|switch|p1a: Manaphy|Manaphy|100/100
|turn|5
|
|t:|1743812966
|switch|p2a: Zamazenta|Zamazenta|100/100
|-ability|p2a: Zamazenta|Dauntless Shield|boost
|-boost|p2a: Zamazenta|def|1
|move|p1a: Manaphy|Acid Armor|p1a: Manaphy
|-boost|p1a: Manaphy|def|2
|
|upkeep
|turn|6
|
|t:|1743812968
|move|p1a: Manaphy|Scald|p2a: Zamazenta
|-damage|p2a: Zamazenta|69/100
|-status|p2a: Zamazenta|brn
|move|p2a: Zamazenta|Roar|p1a: Manaphy
|drag|p1a: Clefable|Clefable, M|100/100
|
|-heal|p2a: Zamazenta|75/100 brn|[from] item: Leftovers
|-damage|p2a: Zamazenta|69/100 brn|[from] brn
|upkeep
|turn|7
|c|☆Johnny tots|All good
|j| ASilentKingambitX
|
|t:|1743812980
|move|p1a: Clefable|Moonblast|p2a: Zamazenta
|-supereffective|p2a: Zamazenta
|-damage|p2a: Zamazenta|8/100 brn
|move|p2a: Zamazenta|Roar|p1a: Clefable
|drag|p1a: Cinderace|Cinderace, M|100/100
|
|-heal|p2a: Zamazenta|14/100 brn|[from] item: Leftovers
|-damage|p2a: Zamazenta|8/100 brn|[from] brn
|upkeep
|turn|8
|c|☆Joltinjoe18|justice aquired
|
|t:|1743812988
|switch|p2a: Dragapult|Dragapult, F|100/100
|move|p1a: Cinderace|Swords Dance|p1a: Cinderace
|-boost|p1a: Cinderace|atk|2
|
|upkeep
|turn|9
|
|t:|1743812993
|switch|p2a: Zamazenta|Zamazenta|8/100 brn
|move|p1a: Cinderace|Pyro Ball|p2a: Zamazenta
|-damage|p2a: Zamazenta|0 fnt
|faint|p2a: Zamazenta
|
|-sideend|p1: Johnny tots|Reflect
|upkeep
|j| ichigo39
|inactive|Joltinjoe18 has 120 seconds left.
|
|t:|1743813031
|switch|p2a: Landorus|Landorus-Therian, M|100/100
|-ability|p2a: Landorus|Intimidate|boost
|-unboost|p1a: Cinderace|atk|1
|turn|10
|
|t:|1743813041
|move|p1a: Cinderace|Sucker Punch|p2a: Landorus
|-damage|p2a: Landorus|60/100
|move|p2a: Landorus|Earthquake|p1a: Cinderace
|-supereffective|p1a: Cinderace
|-damage|p1a: Cinderace|0 fnt
|faint|p1a: Cinderace
|
|-sideend|p1: Johnny tots|move: Light Screen
|upkeep
|
|t:|1743813044
|switch|p1a: Manaphy|Manaphy|100/100
|turn|11
|j| harold712
|
|t:|1743813052
|move|p2a: Landorus|Earthquake|p1a: Manaphy
|-damage|p1a: Manaphy|22/100
|move|p1a: Manaphy|Acid Armor|p1a: Manaphy
|-boost|p1a: Manaphy|def|2
|
|-heal|p1a: Manaphy|28/100|[from] item: Leftovers
|upkeep
|turn|12
|
|t:|1743813069
|move|p2a: Landorus|Earthquake|p1a: Manaphy
|-damage|p1a: Manaphy|0 fnt
|faint|p1a: Manaphy
|
|upkeep
|
|t:|1743813072
|switch|p1a: Clefable|Clefable, M|100/100
|turn|13
|
|t:|1743813073
|move|p2a: Landorus|Earthquake|p1a: Clefable
|-damage|p1a: Clefable|19/100
|move|p1a: Clefable|Moonblast|p2a: Landorus
|-damage|p2a: Landorus|7/100
|
|-heal|p1a: Clefable|25/100|[from] item: Leftovers
|upkeep
|turn|14
|
|t:|1743813076
|move|p2a: Landorus|Earthquake|p1a: Clefable
|-damage|p1a: Clefable|0 fnt
|faint|p1a: Clefable
|
|upkeep
|
|t:|1743813078
|switch|p1a: Kyurem|Kyurem|100/100
|-ability|p1a: Kyurem|Pressure
|turn|15
|
|t:|1743813079
|move|p2a: Landorus|Earthquake|p1a: Kyurem
|-damage|p1a: Kyurem|22/100
|move|p1a: Kyurem|Dragon Dance|p1a: Kyurem
|-boost|p1a: Kyurem|atk|1
|-boost|p1a: Kyurem|spe|1
|
|upkeep
|turn|16
|
|t:|1743813083
|switch|p2a: Slowking|Slowking-Galar, F|100/100
|move|p1a: Kyurem|Icicle Spear|p2a: Slowking
|-crit|p2a: Slowking
|-damage|p2a: Slowking|76/100
|-damage|p2a: Slowking|60/100
|-damage|p2a: Slowking|44/100
|-damage|p2a: Slowking|26/100
|-hitcount|p2a: Slowking|4
|
|upkeep
|turn|17
|
|t:|1743813090
|move|p1a: Kyurem|Dragon Dance|p1a: Kyurem
|-boost|p1a: Kyurem|atk|1
|-boost|p1a: Kyurem|spe|1
|move|p2a: Slowking|Toxic|p1a: Kyurem
|-status|p1a: Kyurem|tox
|
|-damage|p1a: Kyurem|16/100 tox|[from] psn
|upkeep
|turn|18
|
|t:|1743813092
|move|p1a: Kyurem|Icicle Spear|p2a: Slowking
|-damage|p2a: Slowking|5/100
|-damage|p2a: Slowking|0 fnt
|faint|p2a: Slowking
|-hitcount|p2: Slowking|2
|
|-damage|p1a: Kyurem|4/100 tox|[from] psn
|upkeep
|
|t:|1743813093
|switch|p2a: Landorus|Landorus-Therian, M|7/100
|-ability|p2a: Landorus|Intimidate|boost
|-unboost|p1a: Kyurem|atk|1
|turn|19
|c|☆Joltinjoe18|gg
|c|☆Johnny tots|Gg
|
|t:|1743813099
|move|p1a: Kyurem|Icicle Spear|p2a: Landorus
|-supereffective|p2a: Landorus
|-damage|p2a: Landorus|0 fnt
|faint|p2a: Landorus
|-hitcount|p2: Landorus|1
|
|-damage|p1a: Kyurem|0 fnt|[from] psn
|faint|p1a: Kyurem
|
|win|Joltinjoe18
|raw|Johnny tots's rating: 1945 &rarr; <strong>1927</strong><br />(-18 for losing)
|raw|Joltinjoe18's rating: 1974 &rarr; <strong>1992</strong><br />(+18 for winning)
|l|☆Johnny tots
|player|p1|
|l| harold712
|l| Deadbyflinch
|l| ASilentKingambitX
