|badge|p2|bronze|gen9ou|100-5
|uhtml|medal-msg|<div class="broadcast-blue">Curious what those medals under the avatar are? PS now has Ladder Seasons! For more information, check out the <a href="https://www.smogon.com/forums/threads/3740067/">thread on Smogon.</a></div>
|j|☆turnyacc
|j|☆2(H2O)
|t:|1743829437
|gametype|singles
|player|p1|turnyacc|266|1754
|player|p2|2(H2O)|chase|1860
|teamsize|p1|6
|teamsize|p2|6
|gen|9
|tier|[Gen 9] OU
|rated|
|rule|HP Percentage Mod: HP is shown in percentages
|rule|Endless Battle Clause: Forcing endless battles is banned
|rule|Species Clause: Limit one of each Pokémon
|rule|OHKO Clause: OHKO moves are banned
|rule|Evasion Items Clause: Evasion items are banned
|rule|Evasion Moves Clause: Evasion moves are banned
|rule|Sleep Moves Clause: Sleep-inducing moves are banned
|clearpoke
|poke|p1|Moltres|
|poke|p1|Clodsire, M|
|poke|p1|Raging Bolt|
|poke|p1|Great Tusk|
|poke|p1|Clefable, F|
|poke|p1|Iron Crown|
|poke|p2|Raging Bolt|
|poke|p2|Slowking-Galar, M|
|poke|p2|Landorus-Therian, M|
|poke|p2|Kingambit, M|
|poke|p2|Meowscarada, M|
|poke|p2|Kyurem|
|teampreview
|c|☆2(H2O)|hf big bro
|c|☆turnyacc|u2
|j| NotLookinForAName
|l| NotLookinForAName
|inactive|Battle timer is ON: inactive players will automatically lose when time's up. (requested by turnyacc)
|
|t:|1743829554
|start
|switch|p1a: Moltres|Moltres|100/100
|switch|p2a: Meowscarada|Meowscarada, M|100/100
|turn|1
|
|t:|1743829560
|move|p2a: Meowscarada|Knock Off|p1a: Moltres
|-start|p2a: Meowscarada|typechange|Dark|[from] ability: Protean
|-damage|p1a: Moltres|68/100
|-enditem|p1a: Moltres|Heavy-Duty Boots|[from] move: Knock Off|[of] p2a: Meowscarada
|move|p1a: Moltres|Will-O-Wisp|p2a: Meowscarada
|-status|p2a: Meowscarada|brn
|
|-damage|p2a: Meowscarada|94/100 brn|[from] brn
|upkeep
|turn|2
|
|t:|1743829574
|switch|p2a: Landorus|Landorus-Therian, M|100/100
|-ability|p2a: Landorus|Intimidate|boost
|-unboost|p1a: Moltres|atk|1
|move|p1a: Moltres|U-turn|p2a: Landorus
|-resisted|p2a: Landorus
|-damage|p2a: Landorus|96/100
|-damage|p1a: Moltres|52/100|[from] item: Rocky Helmet|[of] p2a: Landorus
|inactive|turnyacc has 120 seconds left.
|
|t:|1743829608
|switch|p1a: Great Tusk|Great Tusk|100/100|[from] U-turn
|
|upkeep
|turn|3
|inactive|turnyacc has 120 seconds left.
|
|t:|1743829615
|move|p2a: Landorus|Taunt|p1a: Great Tusk
|-start|p1a: Great Tusk|move: Taunt
|move|p1a: Great Tusk|Knock Off|p2a: Landorus
|-damage|p2a: Landorus|61/100
|-damage|p1a: Great Tusk|84/100|[from] item: Rocky Helmet|[of] p2a: Landorus
|-enditem|p2a: Landorus|Rocky Helmet|[from] move: Knock Off|[of] p1a: Great Tusk
|
|upkeep
|turn|4
|
|t:|1743829622
|move|p2a: Landorus|U-turn|p1a: Great Tusk
|-resisted|p1a: Great Tusk
|-damage|p1a: Great Tusk|77/100
|
|t:|1743829628
|switch|p2a: Slowking|Slowking-Galar, M|100/100|[from] U-turn
|move|p1a: Great Tusk|Rapid Spin|p2a: Slowking
|-damage|p2a: Slowking|83/100
|-boost|p1a: Great Tusk|spe|1
|
|upkeep
|turn|5
|
|t:|1743829634
|switch|p2a: Landorus|Landorus-Therian, M|61/100
|-ability|p2a: Landorus|Intimidate|boost
|-unboost|p1a: Great Tusk|atk|1
|move|p1a: Great Tusk|Headlong Rush|p2a: Landorus
|-immune|p2a: Landorus
|
|-end|p1a: Great Tusk|move: Taunt
|upkeep
|turn|6
|
|t:|1743829638
|move|p1a: Great Tusk|Ice Spinner|p2a: Landorus
|-supereffective|p2a: Landorus
|-damage|p2a: Landorus|0 fnt
|faint|p2a: Landorus
|
|upkeep
|
|t:|1743829642
|switch|p2a: Amarok|Kyurem|100/100
|-ability|p2a: Amarok|Pressure
|turn|7
|
|t:|1743829646
|move|p1a: Great Tusk|Knock Off|p2a: Amarok
|-damage|p2a: Amarok|79/100
|-enditem|p2a: Amarok|Loaded Dice|[from] move: Knock Off|[of] p1a: Great Tusk
|move|p2a: Amarok|Dragon Dance|p2a: Amarok
|-boost|p2a: Amarok|atk|1
|-boost|p2a: Amarok|spe|1
|
|upkeep
|turn|8
|
|t:|1743829652
|-end|p1a: Great Tusk|Protosynthesis|[silent]
|switch|p1a: Moltres|Moltres|52/100
|move|p2a: Amarok|Dragon Dance|p2a: Amarok
|-boost|p2a: Amarok|atk|1
|-boost|p2a: Amarok|spe|1
|
|upkeep
|turn|9
|
|t:|1743829655
|move|p2a: Amarok|Icicle Spear|p1a: Moltres
|-damage|p1a: Moltres|32/100
|-damage|p1a: Moltres|13/100
|-hitcount|p1a: Moltres|2
|move|p1a: Moltres|Will-O-Wisp|p2a: Amarok
|-status|p2a: Amarok|brn
|
|-damage|p2a: Amarok|73/100 brn|[from] brn
|upkeep
|turn|10
|j| m0chaman_829
|
|t:|1743829660
|move|p2a: Amarok|Icicle Spear|p1a: Moltres
|-damage|p1a: Moltres|2/100
|-damage|p1a: Moltres|0 fnt
|faint|p1a: Moltres
|-hitcount|p1: Moltres|2
|
|-damage|p2a: Amarok|67/100 brn|[from] brn
|upkeep
|
|t:|1743829675
|switch|p1a: Clefable|Clefable, F|100/100
|turn|11
|j| atlas tales
|
|t:|1743829686
|switch|p2a: Slowking|Slowking-Galar, M|100/100
|move|p1a: Clefable|Wish|p1a: Clefable
|
|upkeep
|turn|12
|
|t:|1743829689
|move|p1a: Clefable|Thunder Wave|p2a: Slowking
|-status|p2a: Slowking|par
|move|p2a: Slowking|Future Sight|p1a: Clefable
|-start|p2a: Slowking|move: Future Sight
|
|upkeep
|turn|13
|j| lowladderubersnoob
|
|t:|1743829694
|move|p1a: Clefable|Wish|p1a: Clefable
|-prepare|p2a: Slowking|Chilly Reception|[premajor]
|move|p2a: Slowking|Chilly Reception|p2a: Slowking
|-weather|Snowscape
|
|t:|1743829698
|switch|p2a: Raging Bolt|Raging Bolt|100/100|[from] Chilly Reception
|
|-weather|Snowscape|[upkeep]
|upkeep
|turn|14
|
|t:|1743829705
|switch|p1a: Clodsire|Clodsire, M|100/100
|move|p2a: Raging Bolt|Thunderbolt|p1a: Clodsire
|-immune|p1a: Clodsire
|
|-weather|Snowscape|[upkeep]
|-end|p1a: Clodsire|move: Future Sight
|-supereffective|p1a: Clodsire
|-crit|p1a: Clodsire
|-damage|p1a: Clodsire|23/100
|-heal|p1a: Clodsire|65/100|[from] move: Wish|[wisher] Clefable
|-heal|p1a: Clodsire|71/100|[from] item: Leftovers
|upkeep
|turn|15
|
|t:|1743829714
|-end|p2a: Raging Bolt|Protosynthesis|[silent]
|switch|p2a: Meowscarada|Meowscarada, M|94/100 brn
|move|p1a: Clodsire|Stealth Rock|p2a: Meowscarada
|-sidestart|p2: 2(H2O)|move: Stealth Rock
|
|-weather|Snowscape|[upkeep]
|-heal|p1a: Clodsire|77/100|[from] item: Leftovers
|-damage|p2a: Meowscarada|88/100 brn|[from] brn
|upkeep
|turn|16
|l| atlas tales
|j| atlas tales
|
|t:|1743829732
|switch|p1a: Clefable|Clefable, F|100/100
|move|p2a: Meowscarada|U-turn|p1a: Clefable
|-start|p2a: Meowscarada|typechange|Bug|[from] ability: Protean
|-resisted|p1a: Clefable
|-damage|p1a: Clefable|94/100
|
|t:|1743829735
|switch|p2a: Slowking|Slowking-Galar, M|100/100 par|[from] U-turn
|
|-weather|Snowscape|[upkeep]
|-heal|p1a: Clefable|100/100|[from] item: Leftovers
|upkeep
|turn|17
|
|t:|1743829739
|switch|p1a: Iron Crown|Iron Crown|100/100
|move|p2a: Slowking|Future Sight|p1a: Iron Crown
|-start|p2a: Slowking|move: Future Sight
|
|-weather|none
|upkeep
|turn|18
|
|t:|1743829746
|move|p1a: Iron Crown|Future Sight|p2a: Slowking
|-start|p1a: Iron Crown|move: Future Sight
|-prepare|p2a: Slowking|Chilly Reception|[premajor]
|cant|p2a: Slowking|par
|
|upkeep
|turn|19
|
|t:|1743829753
|move|p1a: Iron Crown|Tachyon Cutter|p2a: Slowking
|-damage|p2a: Slowking|87/100 par
|-damage|p2a: Slowking|74/100 par
|-hitcount|p2a: Slowking|2
|-prepare|p2a: Slowking|Chilly Reception|[premajor]
|move|p2a: Slowking|Chilly Reception|p2a: Slowking
|-weather|Snowscape
|
|t:|1743829760
|switch|p2a: Meowscarada|Meowscarada, M|88/100 brn|[from] Chilly Reception
|-damage|p2a: Meowscarada|76/100 brn|[from] Stealth Rock
|
|-weather|Snowscape|[upkeep]
|-end|p1a: Iron Crown|move: Future Sight
|-resisted|p1a: Iron Crown
|-damage|p1a: Iron Crown|95/100
|-damage|p2a: Meowscarada|70/100 brn|[from] brn
|upkeep
|turn|20
|
|t:|1743829768
|move|p2a: Meowscarada|U-turn|p1a: Iron Crown
|-start|p2a: Meowscarada|typechange|Bug|[from] ability: Protean
|-damage|p1a: Iron Crown|76/100
|
|t:|1743829772
|switch|p2a: Slowking|Slowking-Galar, M|100/100 par|[from] U-turn
|move|p1a: Iron Crown|Tachyon Cutter|p2a: Slowking
|-damage|p2a: Slowking|85/100 par
|-crit|p2a: Slowking
|-damage|p2a: Slowking|65/100 par
|-hitcount|p2a: Slowking|2
|
|-weather|Snowscape|[upkeep]
|-end|p2a: Slowking|move: Future Sight
|-damage|p2a: Slowking|35/100 par
|upkeep
|turn|21
|
|t:|1743829781
|switch|p2a: Raging Bolt|Raging Bolt|100/100
|-damage|p2a: Raging Bolt|88/100|[from] Stealth Rock
|move|p1a: Iron Crown|Future Sight|p2a: Raging Bolt
|-start|p1a: Iron Crown|move: Future Sight
|
|-weather|Snowscape|[upkeep]
|upkeep
|turn|22
|
|t:|1743829786
|move|p1a: Iron Crown|Volt Switch|p2a: Raging Bolt
|-resisted|p2a: Raging Bolt
|-damage|p2a: Raging Bolt|83/100
|
|t:|1743829788
|-end|p1a: Iron Crown|Quark Drive|[silent]
|switch|p1a: Clodsire|Clodsire, M|77/100|[from] Volt Switch
|move|p2a: Raging Bolt|Draco Meteor|p1a: Clodsire
|-damage|p1a: Clodsire|12/100
|-unboost|p2a: Raging Bolt|spa|2
|
|-weather|Snowscape|[upkeep]
|-heal|p1a: Clodsire|18/100|[from] item: Leftovers
|upkeep
|turn|23
|
|t:|1743829798
|-end|p2a: Raging Bolt|Protosynthesis|[silent]
|switch|p2a: Meowscarada|Meowscarada, M|70/100 brn
|-damage|p2a: Meowscarada|57/100 brn|[from] Stealth Rock
|move|p1a: Clodsire|Recover|p1a: Clodsire
|-heal|p1a: Clodsire|68/100
|
|-weather|none
|-end|p2a: Meowscarada|move: Future Sight
|-immune|p2a: Meowscarada
|-heal|p1a: Clodsire|74/100|[from] item: Leftovers
|-damage|p2a: Meowscarada|51/100 brn|[from] brn
|upkeep
|turn|24
|j| dilf huntr
|
|t:|1743829827
|move|p2a: Meowscarada|U-turn|p1a: Clodsire
|-start|p2a: Meowscarada|typechange|Bug|[from] ability: Protean
|-resisted|p1a: Clodsire
|-damage|p1a: Clodsire|65/100
|
|t:|1743829833
|switch|p2a: Amarok|Kyurem|67/100 brn|[from] U-turn
|-damage|p2a: Amarok|42/100 brn|[from] Stealth Rock
|-ability|p2a: Amarok|Pressure
|move|p1a: Clodsire|Recover|p1a: Clodsire
|-heal|p1a: Clodsire|100/100
|
|-damage|p2a: Amarok|36/100 brn|[from] brn
|upkeep
|turn|25
|
|t:|1743829839
|switch|p1a: Clefable|Clefable, F|100/100
|move|p2a: Amarok|Icicle Spear|p1a: Clefable
|-damage|p1a: Clefable|95/100
|-damage|p1a: Clefable|89/100
|-damage|p1a: Clefable|84/100
|-damage|p1a: Clefable|78/100
|-hitcount|p1a: Clefable|4
|
|-heal|p1a: Clefable|85/100|[from] item: Leftovers
|-damage|p2a: Amarok|30/100 brn|[from] brn
|upkeep
|turn|26
|
|t:|1743829842
|switch|p2a: Slowking|Slowking-Galar, M|69/100 par
|move|p1a: Clefable|Wish|p1a: Clefable
|
|-heal|p1a: Clefable|91/100|[from] item: Leftovers
|upkeep
|turn|27
|
|t:|1743829846
|switch|p1a: Iron Crown|Iron Crown|76/100
|cant|p2a: Slowking|par
|
|-heal|p1a: Iron Crown|100/100|[from] move: Wish|[wisher] Clefable
|upkeep
|turn|28
|
|t:|1743829850
|move|p1a: Iron Crown|Future Sight|p2a: Slowking
|-start|p1a: Iron Crown|move: Future Sight
|move|p2a: Slowking|Future Sight|p1a: Iron Crown
|-start|p2a: Slowking|move: Future Sight
|
|upkeep
|turn|29
|
|t:|1743829855
|move|p1a: Iron Crown|Tachyon Cutter|p2a: Slowking
|-damage|p2a: Slowking|54/100 par
|-damage|p2a: Slowking|41/100 par
|-hitcount|p2a: Slowking|2
|-prepare|p2a: Slowking|Chilly Reception|[premajor]
|move|p2a: Slowking|Chilly Reception|p2a: Slowking
|-weather|Snowscape
|
|t:|1743829863
|switch|p2a: Meowscarada|Meowscarada, M|51/100 brn|[from] Chilly Reception
|-damage|p2a: Meowscarada|39/100 brn|[from] Stealth Rock
|
|-weather|Snowscape|[upkeep]
|-damage|p2a: Meowscarada|33/100 brn|[from] brn
|upkeep
|turn|30
|
|t:|1743829865
|move|p2a: Meowscarada|Knock Off|p1a: Iron Crown
|-start|p2a: Meowscarada|typechange|Dark|[from] ability: Protean
|-supereffective|p1a: Iron Crown
|-damage|p1a: Iron Crown|54/100
|-enditem|p1a: Iron Crown|Assault Vest|[from] move: Knock Off|[of] p2a: Meowscarada
|move|p1a: Iron Crown|Tachyon Cutter|p2a: Meowscarada
|-damage|p2a: Meowscarada|0 fnt
|faint|p2a: Meowscarada
|-hitcount|p2: Meowscarada|1
|
|-weather|Snowscape|[upkeep]
|-hint|Future Sight did not hit because the target is fainted.
|-end|p1a: Iron Crown|move: Future Sight
|-resisted|p1a: Iron Crown
|-damage|p1a: Iron Crown|45/100
|upkeep
|
|t:|1743829876
|switch|p2a: Kingambit|Kingambit, M|100/100
|-damage|p2a: Kingambit|94/100|[from] Stealth Rock
|-activate|p2a: Kingambit|ability: Supreme Overlord
|-start|p2a: Kingambit|fallen2|[silent]
|turn|31
|
|t:|1743829883
|-end|p1a: Iron Crown|Quark Drive|[silent]
|switch|p1a: Great Tusk|Great Tusk|77/100
|move|p2a: Kingambit|Iron Head|p1a: Great Tusk
|-damage|p1a: Great Tusk|36/100
|
|-weather|Snowscape|[upkeep]
|upkeep
|turn|32
|
|t:|1743829896
|-end|p2a: Kingambit|fallen2|[silent]
|switch|p2a: Amarok|Kyurem|30/100 brn
|-damage|p2a: Amarok|5/100 brn|[from] Stealth Rock
|-ability|p2a: Amarok|Pressure
|move|p1a: Great Tusk|Knock Off|p2a: Amarok
|-damage|p2a: Amarok|0 fnt
|faint|p2a: Amarok
|
|-weather|Snowscape|[upkeep]
|upkeep
|
|t:|1743829897
|switch|p2a: Raging Bolt|Raging Bolt|83/100
|-damage|p2a: Raging Bolt|71/100|[from] Stealth Rock
|turn|33
|
|t:|1743829902
|move|p1a: Great Tusk|Headlong Rush|p2a: Raging Bolt
|-supereffective|p2a: Raging Bolt
|-damage|p2a: Raging Bolt|0 fnt
|-unboost|p1a: Great Tusk|def|1
|-unboost|p1a: Great Tusk|spd|1
|faint|p2a: Raging Bolt
|-end|p2a: Raging Bolt|Protosynthesis|[silent]
|
|-weather|none
|upkeep
|
|t:|1743829905
|switch|p2a: Kingambit|Kingambit, M|94/100
|-damage|p2a: Kingambit|88/100|[from] Stealth Rock
|-activate|p2a: Kingambit|ability: Supreme Overlord
|-start|p2a: Kingambit|fallen4|[silent]
|turn|34
|
|t:|1743829911
|-end|p1a: Great Tusk|Protosynthesis|[silent]
|switch|p1a: Iron Crown|Iron Crown|45/100
|move|p2a: Kingambit|Sucker Punch||[still]
|-fail|p2a: Kingambit
|
|upkeep
|turn|35
|
|t:|1743829918
|-end|p2a: Kingambit|fallen4|[silent]
|switch|p2a: Slowking|Slowking-Galar, M|75/100 par
|move|p1a: Iron Crown|Volt Switch|p2a: Slowking
|-damage|p2a: Slowking|61/100 par
|
|t:|1743829925
|-end|p1a: Iron Crown|Quark Drive|[silent]
|switch|p1a: Great Tusk|Great Tusk|36/100|[from] Volt Switch
|
|upkeep
|turn|36
|
|t:|1743829928
|move|p1a: Great Tusk|Knock Off|p2a: Slowking
|-supereffective|p2a: Slowking
|-damage|p2a: Slowking|0 fnt
|-enditem|p2a: Slowking|Heavy-Duty Boots|[from] move: Knock Off|[of] p1a: Great Tusk
|faint|p2a: Slowking
|
|upkeep
|
|t:|1743829930
|switch|p2a: Kingambit|Kingambit, M|88/100
|-damage|p2a: Kingambit|82/100|[from] Stealth Rock
|-activate|p2a: Kingambit|ability: Supreme Overlord
|-start|p2a: Kingambit|fallen5|[silent]
|turn|37
|
|t:|1743829934
|move|p1a: Great Tusk|Knock Off|p2a: Kingambit
|-resisted|p2a: Kingambit
|-damage|p2a: Kingambit|69/100
|-enditem|p2a: Kingambit|Black Glasses|[from] move: Knock Off|[of] p1a: Great Tusk
|move|p2a: Kingambit|Swords Dance|p2a: Kingambit
|-boost|p2a: Kingambit|atk|2
|
|upkeep
|turn|38
|
|t:|1743829941
|move|p2a: Kingambit|Sucker Punch|p1a: Great Tusk
|-resisted|p1a: Great Tusk
|-damage|p1a: Great Tusk|0 fnt
|faint|p1a: Great Tusk
|-end|p1a: Great Tusk|Protosynthesis|[silent]
|
|upkeep
|j| bikingtotop100
|l| m0chaman_829
|
|t:|1743829952
|switch|p1a: Clefable|Clefable, F|91/100
|turn|39
|j| m0chaman_829
|
|t:|1743829963
|-terastallize|p2a: Kingambit|Dark
|-terastallize|p1a: Clefable|Water
|move|p2a: Kingambit|Kowtow Cleave|p1a: Clefable
|-damage|p1a: Clefable|0 fnt
|faint|p1a: Clefable
|
|upkeep
|
|t:|1743829970
|switch|p1a: Clodsire|Clodsire, M|100/100
|turn|40
|
|t:|1743829979
|move|p2a: Kingambit|Kowtow Cleave|p1a: Clodsire
|-damage|p1a: Clodsire|0 fnt
|faint|p1a: Clodsire
|
|upkeep
|
|t:|1743829982
|switch|p1a: Raging Bolt|Raging Bolt|100/100
|turn|41
|
|t:|1743829985
|move|p2a: Kingambit|Kowtow Cleave|p1a: Raging Bolt
|-damage|p1a: Raging Bolt|0 fnt
|faint|p1a: Raging Bolt
|-end|p1a: Raging Bolt|Protosynthesis|[silent]
|
|upkeep
|c|☆turnyacc|bruh
|c|☆turnyacc|gg
|-message|turnyacc forfeited.
|
|win|2(H2O)
|raw|turnyacc's rating: 1754 &rarr; <strong>1740</strong><br />(-14 for losing)
|raw|2(H2O)'s rating: 1860 &rarr; <strong>1874</strong><br />(+14 for winning)
|l|☆turnyacc
|player|p1|
|l| atlas tales
