|j|☆urshifu742
|j|☆momoLFT
|t:|1743938918
|gametype|singles
|player|p1|urshifu742|psychicf-gen4|1190
|player|p2|momoLFT|hilda-wonderlauncher|1209
|teamsize|p1|6
|teamsize|p2|6
|gen|9
|tier|[Gen 9] OU
|rated|
|rule|HP Percentage Mod: HP is shown in percentages
|rule|Endless Battle Clause: Forcing endless battles is banned
|rule|Species Clause: Limit one of each Pokémon
|rule|OHKO Clause: OHKO moves are banned
|rule|Evasion Items Clause: Evasion items are banned
|rule|Evasion Moves Clause: Evasion moves are banned
|rule|Sleep Moves Clause: Sleep-inducing moves are banned
|clearpoke
|poke|p1|Araquanid, M|
|poke|p1|Raging Bolt|
|poke|p1|Iron Moth|
|poke|p1|Great Tusk|
|poke|p1|Gholdengo|
|poke|p1|Kingambit, M|
|poke|p2|Rillaboom, F|
|poke|p2|Swampert, F|
|poke|p2|Ogerpon-Cornerstone, F|
|poke|p2|Tyranitar, M|
|poke|p2|Glimmora, F|
|poke|p2|Slowbro, F|
|teampreview
|
|t:|1743938987
|start
|switch|p1a: Iron Moth|Iron Moth|100/100
|switch|p2a: Ogerpon|Ogerpon-Cornerstone, F|100/100
|-enditem|p1a: Iron Moth|Booster Energy
|-activate|p1a: Iron Moth|ability: Quark Drive|[fromitem]
|-start|p1a: Iron Moth|quarkdrivespa
|turn|1
|
|t:|1743939005
|move|p2a: Ogerpon|Ivy Cudgel|p1a: Iron Moth|[anim] Ivy Cudgel Rock
|-supereffective|p1a: Iron Moth
|-damage|p1a: Iron Moth|0 fnt
|faint|p1a: Iron Moth
|-end|p1a: Iron Moth|Quark Drive|[silent]
|
|upkeep
|
|t:|1743939014
|switch|p1a: Gholdengo|Gholdengo|100/100
|-item|p1a: Gholdengo|Air Balloon
|turn|2
|j| why clap
|
|t:|1743939021
|move|p2a: Ogerpon|U-turn|p1a: Gholdengo
|-resisted|p1a: Gholdengo
|-damage|p1a: Gholdengo|93/100
|-enditem|p1a: Gholdengo|Air Balloon
|
|t:|1743939026
|switch|p2a: Swampert|Swampert, F|100/100|[from] U-turn
|move|p1a: Gholdengo|Make It Rain|p2a: Swampert
|-resisted|p2a: Swampert
|-damage|p2a: Swampert|78/100
|-unboost|p1a: Gholdengo|spa|1
|
|upkeep
|turn|3
|l| why clap
|
|t:|1743939054
|switch|p1a: Araquanid|Araquanid, M|100/100
|move|p2a: Swampert|Earthquake|p1a: Araquanid
|-resisted|p1a: Araquanid
|-damage|p1a: Araquanid|78/100
|
|upkeep
|turn|4
|
|t:|1743939073
|move|p2a: Swampert|Smack Down|p1a: Araquanid
|-supereffective|p1a: Araquanid
|-damage|p1a: Araquanid|49/100
|move|p1a: Araquanid|Giga Drain|p2a: Swampert
|-supereffective|p2a: Swampert
|-damage|p2a: Swampert|51/100
|-heal|p1a: Araquanid|62/100|[from] drain|[of] p2a: Swampert
|
|upkeep
|turn|5
|
|t:|1743939082
|switch|p2a: Ogerpon|Ogerpon-Cornerstone, F|100/100
|move|p1a: Araquanid|Giga Drain|p2a: Ogerpon
|-damage|p2a: Ogerpon|90/100
|-heal|p1a: Araquanid|67/100|[from] drain|[of] p2a: Ogerpon
|
|upkeep
|turn|6
|
|t:|1743939093
|move|p2a: Ogerpon|Ivy Cudgel|p1a: Araquanid|[anim] Ivy Cudgel Rock
|-supereffective|p1a: Araquanid
|-damage|p1a: Araquanid|0 fnt
|faint|p1a: Araquanid
|
|upkeep
|
|t:|1743939101
|switch|p1a: Kingambit|Kingambit, M|100/100
|-activate|p1a: Kingambit|ability: Supreme Overlord
|-start|p1a: Kingambit|fallen2|[silent]
|turn|7
|
|t:|1743939120
|move|p2a: Ogerpon|U-turn|p1a: Kingambit
|-damage|p1a: Kingambit|76/100
|
|t:|1743939132
|switch|p2a: Swampert|Swampert, F|51/100|[from] U-turn
|move|p1a: Kingambit|Thunder Wave|p2a: Swampert
|-immune|p2a: Swampert
|
|upkeep
|turn|8
|
|t:|1743939149
|-terastallize|p1a: Kingambit|Fairy
|move|p1a: Kingambit|Kowtow Cleave|p2a: Swampert
|-damage|p2a: Swampert|1/100
|move|p2a: Swampert|Earthquake|p1a: Kingambit
|-damage|p1a: Kingambit|35/100
|
|upkeep
|turn|9
|
|t:|1743939164
|move|p1a: Kingambit|Kowtow Cleave|p2a: Swampert
|-damage|p2a: Swampert|0 fnt
|faint|p2a: Swampert
|
|upkeep
|
|t:|1743939187
|switch|p2a: Glimmora|Glimmora, F|100/100
|turn|10
|
|t:|1743939222
|-end|p1a: Kingambit|fallen2|[silent]
|switch|p1a: Gholdengo|Gholdengo|93/100
|move|p2a: Glimmora|Earth Power|p1a: Gholdengo
|-supereffective|p1a: Gholdengo
|-damage|p1a: Gholdengo|7/100
|
|upkeep
|turn|11
|
|t:|1743939238
|switch|p2a: Rillaboom|Rillaboom, F|100/100
|-fieldstart|move: Grassy Terrain|[from] ability: Grassy Surge|[of] p2a: Rillaboom
|move|p1a: Gholdengo|Make It Rain|p2a: Rillaboom
|-damage|p2a: Rillaboom|48/100
|-unboost|p1a: Gholdengo|spa|1
|
|-heal|p1a: Gholdengo|14/100|[from] Grassy Terrain
|-heal|p2a: Rillaboom|54/100|[from] Grassy Terrain
|upkeep
|turn|12
|
|t:|1743939254
|move|p2a: Rillaboom|Grassy Glide|p1a: Gholdengo
|-resisted|p1a: Gholdengo
|-damage|p1a: Gholdengo|0 fnt
|faint|p1a: Gholdengo
|
|-heal|p2a: Rillaboom|61/100|[from] Grassy Terrain
|upkeep
|
|t:|1743939269
|switch|p1a: Great Tusk|Great Tusk|100/100
|-enditem|p1a: Great Tusk|Booster Energy
|-activate|p1a: Great Tusk|ability: Protosynthesis|[fromitem]
|-start|p1a: Great Tusk|protosynthesisatk
|turn|13
|
|t:|1743939276
|move|p2a: Rillaboom|Grassy Glide|p1a: Great Tusk
|-supereffective|p1a: Great Tusk
|-damage|p1a: Great Tusk|42/100
|move|p1a: Great Tusk|Ice Spinner|p2a: Rillaboom
|-supereffective|p2a: Rillaboom
|-crit|p2a: Rillaboom
|-damage|p2a: Rillaboom|0 fnt
|-fieldend|move: Grassy Terrain
|faint|p2a: Rillaboom
|
|upkeep
|
|t:|1743939304
|switch|p2a: Glimmora|Glimmora, F|100/100
|turn|14
|
|t:|1743939322
|move|p1a: Great Tusk|Headlong Rush|p2a: Glimmora
|-supereffective|p2a: Glimmora
|-enditem|p2a: Glimmora|Focus Sash
|-damage|p2a: Glimmora|1/100
|-unboost|p1a: Great Tusk|def|1
|-unboost|p1a: Great Tusk|spd|1
|-activate|p2a: Glimmora|ability: Toxic Debris
|-sidestart|p1: urshifu742|move: Toxic Spikes
|move|p2a: Glimmora|Earth Power|p1a: Great Tusk
|-damage|p1a: Great Tusk|0 fnt
|faint|p1a: Great Tusk
|-end|p1a: Great Tusk|Protosynthesis|[silent]
|
|upkeep
|
|t:|1743939341
|switch|p1a: Kingambit|Kingambit, M, tera:Fairy|35/100
|-status|p1a: Kingambit|psn
|-enditem|p1a: Kingambit|Lum Berry|[eat]
|-curestatus|p1a: Kingambit|psn|[msg]
|-activate|p1a: Kingambit|ability: Supreme Overlord
|-start|p1a: Kingambit|fallen4|[silent]
|turn|15
|
|t:|1743939355
|move|p1a: Kingambit|Sucker Punch||[still]
|-fail|p1a: Kingambit
|move|p2a: Glimmora|Spikes|p1a: Kingambit
|-sidestart|p1: urshifu742|Spikes
|
|upkeep
|turn|16
|
|t:|1743939361
|move|p2a: Glimmora|Power Gem|p1a: Kingambit
|-damage|p1a: Kingambit|0 fnt
|faint|p1a: Kingambit
|-end|p1a: Kingambit|fallen4|[silent]
|
|upkeep
|
|t:|1743939366
|switch|p1a: Raging Bolt|Raging Bolt|100/100
|-status|p1a: Raging Bolt|psn
|-damage|p1a: Raging Bolt|88/100 psn|[from] Spikes
|-enditem|p1a: Raging Bolt|Booster Energy
|-activate|p1a: Raging Bolt|ability: Protosynthesis|[fromitem]
|-start|p1a: Raging Bolt|protosynthesisspa
|turn|17
|c|☆urshifu742|Gg
|c|☆momoLFT|gg
|
|t:|1743939385
|move|p2a: Glimmora|Earth Power|p1a: Raging Bolt
|-supereffective|p1a: Raging Bolt
|-damage|p1a: Raging Bolt|16/100 psn
|move|p1a: Raging Bolt|Thunderbolt|p2a: Glimmora
|-damage|p2a: Glimmora|0 fnt
|faint|p2a: Glimmora
|
|-damage|p1a: Raging Bolt|4/100 psn|[from] psn
|upkeep
|
|t:|1743939395
|switch|p2a: Tyranitar|Tyranitar, M|100/100
|-weather|Sandstorm|[from] ability: Sand Stream|[of] p2a: Tyranitar
|turn|18
|
|t:|1743939403
|move|p1a: Raging Bolt|Thunderclap|p2a: Tyranitar
|-crit|p2a: Tyranitar
|-damage|p2a: Tyranitar|58/100
|move|p2a: Tyranitar|Knock Off|p1a: Raging Bolt
|-damage|p1a: Raging Bolt|0 fnt
|faint|p1a: Raging Bolt
|-end|p1a: Raging Bolt|Protosynthesis|[silent]
|
|win|momoLFT
|raw|urshifu742's rating: 1190 &rarr; <strong>1166</strong><br />(-24 for losing)
|raw|momoLFT's rating: 1209 &rarr; <strong>1233</strong><br />(+24 for winning)
|l|☆momoLFT
|player|p2|
