|j|☆metakill4r
|j|☆mamabama
|t:|1743926339
|gametype|singles
|player|p1|metakill4r|boarder|1516
|player|p2|mamabama|brycenman|1510
|teamsize|p1|6
|teamsize|p2|6
|gen|9
|tier|[Gen 9] OU
|rated|
|rule|HP Percentage Mod: HP is shown in percentages
|rule|Endless Battle Clause: Forcing endless battles is banned
|rule|Species Clause: Limit one of each Pokémon
|rule|OHKO Clause: OHKO moves are banned
|rule|Evasion Items Clause: Evasion items are banned
|rule|Evasion Moves Clause: Evasion moves are banned
|rule|Sleep Moves Clause: Sleep-inducing moves are banned
|clearpoke
|poke|p1|Landorus-Therian, M|
|poke|p1|Talonflame, M|
|poke|p1|Kyurem|
|poke|p1|Slowking-Galar, F|
|poke|p1|Scizor, M|
|poke|p1|Darkrai|
|poke|p2|Cinderace, M|
|poke|p2|Meowscarada, F|
|poke|p2|Magnezone|
|poke|p2|Sandy Shocks|
|poke|p2|Gliscor, M|
|poke|p2|Slowking-Galar, F|
|teampreview
|inactive|Battle timer is ON: inactive players will automatically lose when time's up. (requested by metakill4r)
|
|t:|1743926359
|start
|switch|p1a: Landorus|Landorus-Therian, M|100/100
|switch|p2a: Queen|Slowking-Galar, F|100/100
|-ability|p1a: Landorus|Intimidate|boost
|-unboost|p2a: Queen|atk|1
|turn|1
|
|t:|1743926365
|switch|p1a: Slowking|Slowking-Galar, F|100/100
|move|p2a: Queen|Ice Beam|p1a: Slowking
|-damage|p1a: Slowking|90/100
|
|upkeep
|turn|2
|
|t:|1743926372
|move|p1a: Slowking|Psyshock|p2a: Queen
|-damage|p2a: Queen|64/100
|move|p2a: Queen|Future Sight|p1a: Slowking
|-start|p2a: Queen|move: Future Sight
|
|-heal|p2a: Queen|71/100|[from] item: Leftovers
|upkeep
|turn|3
|
|t:|1743926379
|move|p1a: Slowking|Sludge Bomb|p2a: Queen
|-resisted|p2a: Queen
|-crit|p2a: Queen
|-damage|p2a: Queen|52/100
|-prepare|p2a: Queen|Chilly Reception|[premajor]
|move|p2a: Queen|Chilly Reception|p2a: Queen
|-weather|Snowscape
|
|t:|1743926381
|switch|p2a: Furry 2.0|Meowscarada, F|100/100|[from] Chilly Reception
|
|-weather|Snowscape|[upkeep]
|upkeep
|turn|4
|
|t:|1743926387
|switch|p1a: Talonflame|Talonflame, M|100/100
|move|p2a: Furry 2.0|U-turn|p1a: Talonflame
|-start|p2a: Furry 2.0|typechange|Bug|[from] ability: Protean
|-resisted|p1a: Talonflame
|-damage|p1a: Talonflame|93/100
|
|t:|1743926391
|switch|p2a: Queen|Slowking-Galar, F|85/100|[from] U-turn
|
|-weather|Snowscape|[upkeep]
|-end|p1a: Talonflame|move: Future Sight
|-damage|p1a: Talonflame|34/100
|-heal|p2a: Queen|91/100|[from] item: Leftovers
|upkeep
|turn|5
|
|t:|1743926398
|move|p1a: Talonflame|Roost|p1a: Talonflame
|-heal|p1a: Talonflame|84/100
|-singleturn|p1a: Talonflame|move: Roost
|-prepare|p2a: Queen|Chilly Reception|[premajor]
|move|p2a: Queen|Chilly Reception|p2a: Queen
|
|t:|1743926403
|switch|p2a: Kanye|Magnezone|100/100|[from] Chilly Reception
|
|-weather|Snowscape|[upkeep]
|upkeep
|turn|6
|
|t:|1743926409
|switch|p1a: Slowking|Slowking-Galar, F|100/100
|move|p2a: Kanye|Flash Cannon|p1a: Slowking
|-damage|p1a: Slowking|59/100
|
|-weather|Snowscape|[upkeep]
|upkeep
|turn|7
|
|t:|1743926414
|switch|p2a: Queen|Slowking-Galar, F|100/100
|move|p1a: Slowking|Flamethrower|p2a: Queen
|-damage|p2a: Queen|83/100
|
|-weather|none
|-heal|p2a: Queen|89/100|[from] item: Leftovers
|upkeep
|turn|8
|
|t:|1743926418
|move|p1a: Slowking|Psyshock|p2a: Queen
|-damage|p2a: Queen|53/100
|move|p2a: Queen|Future Sight|p1a: Slowking
|-start|p2a: Queen|move: Future Sight
|
|-heal|p2a: Queen|59/100|[from] item: Leftovers
|upkeep
|turn|9
|
|t:|1743926423
|move|p1a: Slowking|Psyshock|p2a: Queen
|-damage|p2a: Queen|21/100
|-prepare|p2a: Queen|Chilly Reception|[premajor]
|move|p2a: Queen|Chilly Reception|p2a: Queen
|-weather|Snowscape
|
|t:|1743926426
|switch|p2a: Furry 2.0|Meowscarada, F|100/100|[from] Chilly Reception
|
|-weather|Snowscape|[upkeep]
|upkeep
|turn|10
|
|t:|1743926441
|switch|p1a: Landorus|Landorus-Therian, M|100/100
|-ability|p1a: Landorus|Intimidate|boost
|-unboost|p2a: Furry 2.0|atk|1
|move|p2a: Furry 2.0|U-turn|p1a: Landorus
|-start|p2a: Furry 2.0|typechange|Bug|[from] ability: Protean
|-resisted|p1a: Landorus
|-crit|p1a: Landorus
|-damage|p1a: Landorus|79/100
|-damage|p2a: Furry 2.0|84/100|[from] item: Rocky Helmet|[of] p1a: Landorus
|
|t:|1743926445
|switch|p2a: Furry|Cinderace, M|100/100|[from] U-turn
|
|-weather|Snowscape|[upkeep]
|-end|p1a: Landorus|move: Future Sight
|-damage|p1a: Landorus|26/100
|upkeep
|turn|11
|
|t:|1743926455
|switch|p1a: Talonflame|Talonflame, M|84/100
|move|p2a: Furry|Pyro Ball|p1a: Talonflame
|-resisted|p1a: Talonflame
|-damage|p1a: Talonflame|55/100
|
|-weather|Snowscape|[upkeep]
|upkeep
|turn|12
|
|t:|1743926462
|switch|p2a: Queen|Slowking-Galar, F|54/100
|move|p1a: Talonflame|Roost|p1a: Talonflame
|-heal|p1a: Talonflame|100/100
|-singleturn|p1a: Talonflame|move: Roost
|
|-weather|Snowscape|[upkeep]
|-heal|p2a: Queen|60/100|[from] item: Leftovers
|upkeep
|turn|13
|
|t:|1743926471
|switch|p1a: Darkrai|Darkrai|100/100
|-prepare|p2a: Queen|Chilly Reception|[premajor]
|move|p2a: Queen|Chilly Reception|p2a: Queen
|
|t:|1743926478
|switch|p2a: Furry|Cinderace, M|100/100|[from] Chilly Reception
|
|-weather|none
|upkeep
|turn|14
|
|t:|1743926483
|switch|p1a: Landorus|Landorus-Therian, M|26/100
|-ability|p1a: Landorus|Intimidate|boost
|-unboost|p2a: Furry|atk|1
|move|p2a: Furry|U-turn|p1a: Landorus
|-start|p2a: Furry|typechange|Bug|[from] ability: Libero
|-resisted|p1a: Landorus
|-damage|p1a: Landorus|15/100
|-damage|p2a: Furry|84/100|[from] item: Rocky Helmet|[of] p1a: Landorus
|
|t:|1743926487
|switch|p2a: Queen|Slowking-Galar, F|93/100|[from] U-turn
|
|-heal|p2a: Queen|99/100|[from] item: Leftovers
|upkeep
|turn|15
|
|t:|1743926494
|move|p1a: Landorus|Stealth Rock|p2a: Queen
|-sidestart|p2: mamabama|move: Stealth Rock
|move|p2a: Queen|Future Sight|p1a: Landorus
|-start|p2a: Queen|move: Future Sight
|
|-heal|p2a: Queen|100/100|[from] item: Leftovers
|upkeep
|turn|16
|
|t:|1743926498
|move|p1a: Landorus|Earth Power|p2a: Queen
|-supereffective|p2a: Queen
|-damage|p2a: Queen|62/100
|-prepare|p2a: Queen|Chilly Reception|[premajor]
|move|p2a: Queen|Chilly Reception|p2a: Queen
|-weather|Snowscape
|
|t:|1743926503
|switch|p2a: Furry|Cinderace, M|84/100|[from] Chilly Reception
|
|-weather|Snowscape|[upkeep]
|upkeep
|turn|17
|
|t:|1743926512
|move|p2a: Furry|Court Change|p2a: Furry
|-start|p2a: Furry|typechange|Normal|[from] ability: Libero
|-swapsideconditions
|-activate|p2a: Furry|move: Court Change
|move|p1a: Landorus|Stealth Rock|p2a: Furry
|-sidestart|p2: mamabama|move: Stealth Rock
|
|-weather|Snowscape|[upkeep]
|-end|p1a: Landorus|move: Future Sight
|-damage|p1a: Landorus|0 fnt
|faint|p1a: Landorus
|upkeep
|
|t:|1743926536
|switch|p1a: Darkrai|Darkrai|100/100
|-damage|p1a: Darkrai|88/100|[from] Stealth Rock
|turn|18
|
|t:|1743926540
|move|p1a: Darkrai|Dark Pulse|p2a: Furry
|-damage|p2a: Furry|22/100
|move|p2a: Furry|U-turn|p1a: Darkrai
|-supereffective|p1a: Darkrai
|-damage|p1a: Darkrai|27/100
|
|t:|1743926546
|switch|p2a: Furry 2.0|Meowscarada, F|84/100|[from] U-turn
|-damage|p2a: Furry 2.0|72/100|[from] Stealth Rock
|
|-weather|Snowscape|[upkeep]
|upkeep
|turn|19
|
|t:|1743926552
|switch|p1a: Talonflame|Talonflame, M|100/100
|move|p2a: Furry 2.0|U-turn|p1a: Talonflame
|-start|p2a: Furry 2.0|typechange|Bug|[from] ability: Protean
|-resisted|p1a: Talonflame
|-damage|p1a: Talonflame|93/100
|
|t:|1743926557
|switch|p2a: FerroShocks|Sandy Shocks|100/100|[from] U-turn
|-damage|p2a: FerroShocks|94/100|[from] Stealth Rock
|
|-weather|Snowscape|[upkeep]
|upkeep
|turn|20
|
|t:|1743926563
|move|p2a: FerroShocks|Volt Switch|p1a: Talonflame
|-supereffective|p1a: Talonflame
|-damage|p1a: Talonflame|5/100
|
|t:|1743926570
|-end|p2a: FerroShocks|Protosynthesis|[silent]
|switch|p2a: Gli Gli|Gliscor, M|100/100|[from] Volt Switch
|-damage|p2a: Gli Gli|88/100|[from] Stealth Rock
|move|p1a: Talonflame|Defog|p2a: Gli Gli
|-unboost|p2a: Gli Gli|evasion|1
|-sideend|p2: mamabama|Stealth Rock|[from] move: Defog|[of] p1a: Talonflame
|-sideend|p1: metakill4r|Stealth Rock|[from] move: Defog|[of] p1a: Talonflame
|
|-weather|none
|-status|p2a: Gli Gli|tox|[from] item: Toxic Orb
|upkeep
|turn|21
|
|t:|1743926578
|move|p1a: Talonflame|Roost|p1a: Talonflame
|-heal|p1a: Talonflame|55/100
|-singleturn|p1a: Talonflame|move: Roost
|move|p2a: Gli Gli|Toxic|p1a: Talonflame
|-status|p1a: Talonflame|tox
|
|-damage|p1a: Talonflame|49/100 tox|[from] psn
|-heal|p2a: Gli Gli|100/100 tox|[from] ability: Poison Heal
|upkeep
|turn|22
|
|t:|1743926587
|switch|p1a: Gucci Mane|Kyurem|100/100
|-ability|p1a: Gucci Mane|Pressure
|move|p2a: Gli Gli|Earthquake|p1a: Gucci Mane
|-damage|p1a: Gucci Mane|63/100
|
|upkeep
|turn|23
|
|t:|1743926597
|switch|p2a: Queen|Slowking-Galar, F|96/100
|move|p1a: Gucci Mane|Icicle Spear|p2a: Queen
|-damage|p2a: Queen|81/100
|-damage|p2a: Queen|69/100
|-damage|p2a: Queen|56/100
|-damage|p2a: Queen|43/100
|-hitcount|p2a: Queen|4
|
|-heal|p2a: Queen|49/100|[from] item: Leftovers
|upkeep
|turn|24
|
|t:|1743926610
|switch|p2a: Kanye|Magnezone|100/100
|-terastallize|p1a: Gucci Mane|Ice
|move|p1a: Gucci Mane|Icicle Spear|p2a: Kanye
|-resisted|p2a: Kanye
|-damage|p2a: Kanye|93/100
|-resisted|p2a: Kanye
|-damage|p2a: Kanye|86/100
|-resisted|p2a: Kanye
|-damage|p2a: Kanye|78/100
|-resisted|p2a: Kanye
|-damage|p2a: Kanye|71/100
|-hitcount|p2a: Kanye|4
|
|upkeep
|turn|25
|
|t:|1743926618
|-terastallize|p2a: Kanye|Ghost
|move|p1a: Gucci Mane|Earth Power|p2a: Kanye
|-damage|p2a: Kanye|39/100
|move|p2a: Kanye|Flash Cannon|p1a: Gucci Mane
|-supereffective|p1a: Gucci Mane
|-damage|p1a: Gucci Mane|0 fnt
|faint|p1a: Gucci Mane
|
|upkeep
|
|t:|1743926625
|switch|p1a: Darkrai|Darkrai|27/100
|turn|26
|
|t:|1743926630
|move|p1a: Darkrai|Dark Pulse|p2a: Kanye
|-supereffective|p2a: Kanye
|-damage|p2a: Kanye|0 fnt
|faint|p2a: Kanye
|
|upkeep
|
|t:|1743926632
|switch|p2a: Furry 2.0|Meowscarada, F|72/100
|turn|27
|
|t:|1743926636
|switch|p1a: Talonflame|Talonflame, M|49/100 tox
|move|p2a: Furry 2.0|U-turn|p1a: Talonflame
|-start|p2a: Furry 2.0|typechange|Bug|[from] ability: Protean
|-resisted|p1a: Talonflame
|-damage|p1a: Talonflame|41/100 tox
|
|t:|1743926638
|switch|p2a: FerroShocks|Sandy Shocks|94/100|[from] U-turn
|
|-damage|p1a: Talonflame|35/100 tox|[from] psn
|upkeep
|turn|28
|
|t:|1743926645
|switch|p1a: Slowking|Slowking-Galar, F|92/100
|move|p2a: FerroShocks|Volt Switch|p1a: Slowking
|-damage|p1a: Slowking|74/100
|
|t:|1743926652
|-end|p2a: FerroShocks|Protosynthesis|[silent]
|switch|p2a: Gli Gli|Gliscor, M|100/100 tox|[from] Volt Switch
|
|upkeep
|turn|29
|
|t:|1743926656
|move|p2a: Gli Gli|Earthquake|p1a: Slowking
|-supereffective|p1a: Slowking
|-damage|p1a: Slowking|7/100
|move|p1a: Slowking|Ice Beam|p2a: Gli Gli
|-supereffective|p2a: Gli Gli
|-damage|p2a: Gli Gli|0 fnt
|faint|p2a: Gli Gli
|
|upkeep
|
|t:|1743926660
|switch|p2a: Furry 2.0|Meowscarada, F|72/100
|turn|30
|
|t:|1743926665
|switch|p1a: Talonflame|Talonflame, M|35/100 tox
|move|p2a: Furry 2.0|U-turn|p1a: Talonflame
|-start|p2a: Furry 2.0|typechange|Bug|[from] ability: Protean
|-resisted|p1a: Talonflame
|-damage|p1a: Talonflame|28/100 tox
|-status|p2a: Furry 2.0|brn|[from] ability: Flame Body|[of] p1a: Talonflame
|
|t:|1743926667
|switch|p2a: FerroShocks|Sandy Shocks|94/100|[from] U-turn
|
|-damage|p1a: Talonflame|22/100 tox|[from] psn
|upkeep
|turn|31
|
|t:|1743926682
|move|p2a: FerroShocks|Volt Switch|p1a: Talonflame
|-supereffective|p1a: Talonflame
|-damage|p1a: Talonflame|0 fnt
|faint|p1a: Talonflame
|
|t:|1743926688
|-end|p2a: FerroShocks|Protosynthesis|[silent]
|switch|p2a: Furry 2.0|Meowscarada, F|72/100 brn|[from] Volt Switch
|
|-damage|p2a: Furry 2.0|66/100 brn|[from] brn
|upkeep
|
|t:|1743926697
|switch|p1a: Scizor|Scizor, M|100/100
|turn|32
|
|t:|1743926705
|move|p1a: Scizor|Bullet Punch|p2a: Furry 2.0
|-damage|p2a: Furry 2.0|0 fnt
|faint|p2a: Furry 2.0
|
|upkeep
|
|t:|1743926708
|switch|p2a: Queen|Slowking-Galar, F|83/100
|turn|33
|
|t:|1743926711
|move|p1a: Scizor|Bullet Punch|p2a: Queen
|-damage|p2a: Queen|26/100
|move|p2a: Queen|Fire Blast|p1a: Scizor
|-supereffective|p1a: Scizor
|-damage|p1a: Scizor|0 fnt
|faint|p1a: Scizor
|
|-heal|p2a: Queen|32/100|[from] item: Leftovers
|upkeep
|
|t:|1743926723
|switch|p1a: Darkrai|Darkrai|27/100
|turn|34
|
|t:|1743926728
|move|p1a: Darkrai|Dark Pulse|p2a: Queen
|-supereffective|p2a: Queen
|-damage|p2a: Queen|0 fnt
|faint|p2a: Queen
|
|upkeep
|
|t:|1743926731
|switch|p2a: FerroShocks|Sandy Shocks|94/100
|turn|35
|
|t:|1743926735
|switch|p1a: Slowking|Slowking-Galar, F|41/100
|move|p2a: FerroShocks|Earth Power|p1a: Slowking
|-supereffective|p1a: Slowking
|-damage|p1a: Slowking|0 fnt
|faint|p1a: Slowking
|
|upkeep
|
|t:|1743926739
|switch|p1a: Darkrai|Darkrai|27/100
|turn|36
|
|t:|1743926742
|move|p1a: Darkrai|Ice Beam|p2a: FerroShocks
|-supereffective|p2a: FerroShocks
|-damage|p2a: FerroShocks|20/100
|move|p2a: FerroShocks|Earth Power|p1a: Darkrai
|-damage|p1a: Darkrai|0 fnt
|faint|p1a: Darkrai
|
|win|mamabama
|raw|metakill4r's rating: 1516 &rarr; <strong>1496</strong><br />(-20 for losing)
|raw|mamabama's rating: 1510 &rarr; <strong>1530</strong><br />(+20 for winning)
|l|☆metakill4r
|player|p1|
|l|☆mamabama
|player|p2|
