|j|☆jacksonjack
|j|☆flyingtaco43
|t:|1743829193
|gametype|singles
|player|p1|jacksonjack|102|1774
|player|p2|flyingtaco43|elesa|1828
|teamsize|p1|6
|teamsize|p2|6
|gen|9
|tier|[Gen 9] OU
|rated|
|rule|HP Percentage Mod: HP is shown in percentages
|rule|Endless Battle Clause: Forcing endless battles is banned
|rule|Species Clause: Limit one of each Pokémon
|rule|OHKO Clause: OHKO moves are banned
|rule|Evasion Items Clause: Evasion items are banned
|rule|Evasion Moves Clause: Evasion moves are banned
|rule|Sleep Moves Clause: Sleep-inducing moves are banned
|clearpoke
|poke|p1|Dragonite, M|
|poke|p1|Ting-Lu|
|poke|p1|Iron Moth|
|poke|p1|Iron Valiant|
|poke|p1|Kyurem|
|poke|p1|Gholdengo|
|poke|p2|Ting-Lu|
|poke|p2|Corviknight, F|
|poke|p2|Darkrai|
|poke|p2|Cinderace, F|
|poke|p2|Kyurem|
|poke|p2|Slowking-Galar, F|
|teampreview
|j| ASilentKingambitX
|
|t:|1743829229
|start
|switch|p1a: Gholdengo|Gholdengo|100/100
|switch|p2a: Daylight Robbery|Cinderace, F|100/100
|turn|1
|
|t:|1743829235
|switch|p1a: Ting-Lu|Ting-Lu|100/100
|-ability|p1a: Ting-Lu|Vessel of Ruin
|move|p2a: Daylight Robbery|Pyro Ball|p1a: Ting-Lu
|-damage|p1a: Ting-Lu|73/100
|
|upkeep
|turn|2
|
|t:|1743829241
|move|p2a: Daylight Robbery|U-turn|p1a: Ting-Lu
|-supereffective|p1a: Ting-Lu
|-damage|p1a: Ting-Lu|50/100
|-damage|p2a: Daylight Robbery|84/100|[from] item: Rocky Helmet|[of] p1a: Ting-Lu
|
|t:|1743829244
|switch|p2a: The Walk|Kyurem|100/100|[from] U-turn
|-ability|p2a: The Walk|Pressure
|move|p1a: Ting-Lu|Ruination|p2a: The Walk
|-damage|p2a: The Walk|51/100
|
|upkeep
|turn|3
|
|t:|1743829255
|switch|p1a: Gholdengo|Gholdengo|100/100
|move|p2a: The Walk|Ice Beam|p1a: Gholdengo
|-resisted|p1a: Gholdengo
|-damage|p1a: Gholdengo|62/100
|
|upkeep
|turn|4
|
|t:|1743829260
|switch|p2a: Headlock|Ting-Lu|100/100
|-ability|p2a: Headlock|Vessel of Ruin
|move|p1a: Gholdengo|Make It Rain|p2a: Headlock
|-damage|p2a: Headlock|74/100
|-unboost|p1a: Gholdengo|spa|1
|
|-heal|p2a: Headlock|80/100|[from] item: Leftovers
|upkeep
|turn|5
|
|t:|1743829268
|switch|p1a: Ting-Lu|Ting-Lu|50/100
|-ability|p1a: Ting-Lu|Vessel of Ruin
|move|p2a: Headlock|Stealth Rock|p1a: Ting-Lu
|-sidestart|p1: jacksonjack|move: Stealth Rock
|
|-heal|p2a: Headlock|86/100|[from] item: Leftovers
|upkeep
|turn|6
|
|t:|1743829271
|switch|p2a: The Walk|Kyurem|51/100
|-ability|p2a: The Walk|Pressure
|move|p1a: Ting-Lu|Stealth Rock|p2a: The Walk
|-sidestart|p2: flyingtaco43|move: Stealth Rock
|
|upkeep
|turn|7
|
|t:|1743829283
|move|p2a: The Walk|Ice Beam|p1a: Ting-Lu
|-supereffective|p1a: Ting-Lu
|-damage|p1a: Ting-Lu|0 fnt
|faint|p1a: Ting-Lu
|
|upkeep
|
|t:|1743829300
|switch|p1a: Gholdengo|Gholdengo|62/100
|-damage|p1a: Gholdengo|56/100|[from] Stealth Rock
|turn|8
|
|t:|1743829312
|switch|p1a: Kyurem|Kyurem|100/100
|-damage|p1a: Kyurem|76/100|[from] Stealth Rock
|-ability|p1a: Kyurem|Pressure
|move|p2a: The Walk|Ice Beam|p1a: Kyurem
|-damage|p1a: Kyurem|11/100
|
|upkeep
|turn|9
|
|t:|1743829320
|move|p2a: The Walk|Ice Beam|p1a: Kyurem
|-crit|p1a: Kyurem
|-damage|p1a: Kyurem|0 fnt
|faint|p1a: Kyurem
|
|upkeep
|
|t:|1743829325
|switch|p1a: Gholdengo|Gholdengo|56/100
|-damage|p1a: Gholdengo|50/100|[from] Stealth Rock
|turn|10
|
|t:|1743829331
|move|p1a: Gholdengo|Dazzling Gleam|p2a: The Walk
|-supereffective|p2a: The Walk
|-damage|p2a: The Walk|0 fnt
|faint|p2a: The Walk
|
|upkeep
|
|t:|1743829335
|switch|p2a: Daylight Robbery|Cinderace, F|84/100
|turn|11
|
|t:|1743829337
|switch|p1a: Iron Moth|Iron Moth|100/100
|-damage|p1a: Iron Moth|76/100|[from] Stealth Rock
|-enditem|p1a: Iron Moth|Booster Energy
|-activate|p1a: Iron Moth|ability: Quark Drive|[fromitem]
|-start|p1a: Iron Moth|quarkdrivespe
|move|p2a: Daylight Robbery|Pyro Ball|p1a: Iron Moth
|-resisted|p1a: Iron Moth
|-damage|p1a: Iron Moth|42/100
|
|upkeep
|turn|12
|
|t:|1743829342
|switch|p2a: Headlock|Ting-Lu|86/100
|-damage|p2a: Headlock|80/100|[from] Stealth Rock
|-ability|p2a: Headlock|Vessel of Ruin
|move|p1a: Iron Moth|Sludge Wave|p2a: Headlock
|-resisted|p2a: Headlock
|-damage|p2a: Headlock|70/100
|
|-heal|p2a: Headlock|76/100|[from] item: Leftovers
|upkeep
|turn|13
|
|t:|1743829352
|move|p1a: Iron Moth|Dazzling Gleam|p2a: Headlock
|-supereffective|p2a: Headlock
|-damage|p2a: Headlock|52/100
|move|p2a: Headlock|Earthquake|p1a: Iron Moth
|-supereffective|p1a: Iron Moth
|-damage|p1a: Iron Moth|0 fnt
|faint|p1a: Iron Moth
|-end|p1a: Iron Moth|Quark Drive|[silent]
|
|-heal|p2a: Headlock|58/100|[from] item: Leftovers
|upkeep
|
|t:|1743829356
|switch|p1a: Iron Valiant|Iron Valiant|100/100
|-damage|p1a: Iron Valiant|94/100|[from] Stealth Rock
|-enditem|p1a: Iron Valiant|Booster Energy
|-activate|p1a: Iron Valiant|ability: Quark Drive|[fromitem]
|-start|p1a: Iron Valiant|quarkdrivespe
|turn|14
|j| m0chaman_829
|
|t:|1743829373
|move|p1a: Iron Valiant|Close Combat|p2a: Headlock
|-supereffective|p2a: Headlock
|-damage|p2a: Headlock|0 fnt
|-unboost|p1a: Iron Valiant|def|1
|-unboost|p1a: Iron Valiant|spd|1
|faint|p2a: Headlock
|
|upkeep
|
|t:|1743829376
|switch|p2a: Hide and Seek|Slowking-Galar, F|100/100
|turn|15
|j| QD KING
|
|t:|1743829390
|-terastallize|p1a: Iron Valiant|Dark
|move|p1a: Iron Valiant|Knock Off|p2a: Hide and Seek
|-supereffective|p2a: Hide and Seek
|-damage|p2a: Hide and Seek|13/100
|-enditem|p2a: Hide and Seek|Heavy-Duty Boots|[from] move: Knock Off|[of] p1a: Iron Valiant
|move|p2a: Hide and Seek|Psyshock|p1a: Iron Valiant
|-immune|p1a: Iron Valiant
|
|upkeep
|turn|16
|
|t:|1743829401
|move|p1a: Iron Valiant|Knock Off|p2a: Hide and Seek
|-supereffective|p2a: Hide and Seek
|-damage|p2a: Hide and Seek|0 fnt
|faint|p2a: Hide and Seek
|
|upkeep
|j| lowladderubersnoob
|
|t:|1743829403
|switch|p2a: Goodnight and Go|Darkrai|100/100
|-damage|p2a: Goodnight and Go|88/100|[from] Stealth Rock
|turn|17
|j| dilf huntr
|
|t:|1743829410
|-terastallize|p2a: Goodnight and Go|Poison
|move|p2a: Goodnight and Go|Sludge Bomb|p1a: Iron Valiant
|-damage|p1a: Iron Valiant|0 fnt
|faint|p1a: Iron Valiant
|-end|p1a: Iron Valiant|Quark Drive|[silent]
|
|upkeep
|
|t:|1743829416
|switch|p1a: Gholdengo|Gholdengo|50/100
|-damage|p1a: Gholdengo|44/100|[from] Stealth Rock
|turn|18
|
|t:|1743829421
|switch|p2a: Daylight Robbery|Cinderace, F|84/100
|move|p1a: Gholdengo|Shadow Ball|p2a: Daylight Robbery
|-damage|p2a: Daylight Robbery|34/100
|-unboost|p2a: Daylight Robbery|spd|1
|
|upkeep
|turn|19
|l| m0chaman_829
|
|t:|1743829427
|move|p1a: Gholdengo|Shadow Ball|p2a: Daylight Robbery
|-damage|p2a: Daylight Robbery|0 fnt
|faint|p2a: Daylight Robbery
|
|upkeep
|
|t:|1743829428
|switch|p2a: Goodnight and Go|Darkrai, tera:Poison|88/100
|-damage|p2a: Goodnight and Go|76/100|[from] Stealth Rock
|turn|20
|
|t:|1743829434
|switch|p1a: Dragonite|Dragonite, M|100/100
|move|p2a: Goodnight and Go|Dark Pulse|p1a: Dragonite
|-damage|p1a: Dragonite|78/100
|
|upkeep
|turn|21
|j| m0chaman_829
|l| m0chaman_829
|j| NotLookinForAName
|
|t:|1743829448
|switch|p2a: Clear the Area|Corviknight, F|100/100
|-damage|p2a: Clear the Area|88/100|[from] Stealth Rock
|-ability|p2a: Clear the Area|Pressure
|switch|p1a: Gholdengo|Gholdengo|44/100
|-damage|p1a: Gholdengo|38/100|[from] Stealth Rock
|
|upkeep
|turn|22
|
|t:|1743829453
|move|p1a: Gholdengo|Shadow Ball|p2a: Clear the Area
|-damage|p2a: Clear the Area|46/100
|-unboost|p2a: Clear the Area|spd|1
|move|p2a: Clear the Area|Roost|p2a: Clear the Area
|-heal|p2a: Clear the Area|96/100
|-singleturn|p2a: Clear the Area|move: Roost
|
|upkeep
|turn|23
|
|t:|1743829459
|switch|p2a: Goodnight and Go|Darkrai, tera:Poison|76/100
|-damage|p2a: Goodnight and Go|63/100|[from] Stealth Rock
|move|p1a: Gholdengo|Shadow Ball|p2a: Goodnight and Go
|-damage|p2a: Goodnight and Go|7/100
|
|upkeep
|turn|24
|
|t:|1743829470
|switch|p1a: Dragonite|Dragonite, M|78/100
|move|p2a: Goodnight and Go|Dark Pulse|p1a: Dragonite
|-damage|p1a: Dragonite|30/100
|
|upkeep
|turn|25
|
|t:|1743829478
|move|p1a: Dragonite|Extreme Speed|p2a: Goodnight and Go
|-damage|p2a: Goodnight and Go|0 fnt
|faint|p2a: Goodnight and Go
|
|upkeep
|
|t:|1743829479
|switch|p2a: Clear the Area|Corviknight, F|96/100
|-damage|p2a: Clear the Area|84/100|[from] Stealth Rock
|-ability|p2a: Clear the Area|Pressure
|turn|26
|-message|flyingtaco43 forfeited.
|
|win|jacksonjack
|raw|jacksonjack's rating: 1774 &rarr; <strong>1797</strong><br />(+23 for winning)
|raw|flyingtaco43's rating: 1828 &rarr; <strong>1805</strong><br />(-23 for losing)
|l|☆flyingtaco43
|player|p2|
|l|☆jacksonjack
|player|p1|
|l| NotLookinForAName
|l| dilf huntr
|l| lowladderubersnoob
