|j|☆tohelpu
|j|☆Power5121
|t:|1743841348
|gametype|singles
|player|p1|tohelpu|1|1178
|player|p2|Power5121|zinnia|1175
|teamsize|p1|6
|teamsize|p2|6
|gen|9
|tier|[Gen 9] OU
|rated|
|rule|HP Percentage Mod: HP is shown in percentages
|rule|Endless Battle Clause: Forcing endless battles is banned
|rule|Species Clause: Limit one of each Pokémon
|rule|OHKO Clause: OHKO moves are banned
|rule|Evasion Items Clause: Evasion items are banned
|rule|Evasion Moves Clause: Evasion moves are banned
|rule|Sleep Moves Clause: Sleep-inducing moves are banned
|clearpoke
|poke|p1|Wyrdeer, M|
|poke|p1|Charizard, F|
|poke|p1|Hatterene, F|
|poke|p1|Volbeat, M|
|poke|p1|Armarouge, F|
|poke|p1|Greninja-*, F|
|poke|p2|Toxapex, F|
|poke|p2|Sinistcha-Masterpiece|
|poke|p2|Mandibuzz, F|
|poke|p2|Grimmsnarl, M|
|poke|p2|Dragonite, F|
|poke|p2|Articuno-Galar|
|teampreview
|inactive|Battle timer is ON: inactive players will automatically lose when time's up. (requested by Power5121)
|
|t:|1743841364
|start
|switch|p1a: Volbeat|Volbeat, M|100/100
|switch|p2a: Articuno|Articuno-Galar|100/100
|turn|1
|
|t:|1743841374
|move|p1a: Volbeat|Thunder Wave|p2a: Articuno
|-status|p2a: Articuno|par
|cant|p2a: Articuno|par
|
|upkeep
|turn|2
|
|t:|1743841379
|move|p1a: Volbeat|Sunny Day|p1a: Volbeat
|-weather|SunnyDay
|move|p2a: Articuno|Freezing Glare|p1a: Volbeat
|-damage|p1a: Volbeat|37/100
|
|-weather|SunnyDay|[upkeep]
|upkeep
|turn|3
|
|t:|1743841385
|switch|p1a: Charizard|Charizard, F|100/100
|move|p2a: Articuno|U-turn|p1a: Charizard
|-resisted|p1a: Charizard
|-damage|p1a: Charizard|97/100
|
|t:|1743841391
|switch|p2a: Sinistcha|Sinistcha-Masterpiece|100/100|[from] U-turn
|
|-weather|SunnyDay|[upkeep]
|-damage|p1a: Charizard|85/100|[from] ability: Solar Power|[of] p1a: Charizard
|upkeep
|turn|4
|
|t:|1743841397
|move|p1a: Charizard|Fire Blast|p2a: Sinistcha
|-supereffective|p2a: Sinistcha
|-damage|p2a: Sinistcha|0 fnt
|faint|p2a: Sinistcha
|
|-weather|SunnyDay|[upkeep]
|-damage|p1a: Charizard|72/100|[from] ability: Solar Power|[of] p1a: Charizard
|upkeep
|
|t:|1743841406
|switch|p2a: Dragonite|Dragonite, F|100/100
|turn|5
|
|t:|1743841410
|switch|p1a: Volbeat|Volbeat, M|37/100
|move|p2a: Dragonite|Dragon Dance|p2a: Dragonite
|-boost|p2a: Dragonite|atk|1
|-boost|p2a: Dragonite|spe|1
|
|-weather|SunnyDay|[upkeep]
|upkeep
|turn|6
|
|t:|1743841417
|move|p2a: Dragonite|Extreme Speed|p1a: Volbeat
|-damage|p1a: Volbeat|0 fnt
|faint|p1a: Volbeat
|
|-weather|SunnyDay|[upkeep]
|upkeep
|
|t:|1743841423
|switch|p1a: Hatterene|Hatterene, F|100/100
|turn|7
|
|t:|1743841427
|move|p2a: Dragonite|Earthquake|p1a: Hatterene
|-damage|p1a: Hatterene|54/100
|move|p1a: Hatterene|Trick|p2a: Dragonite
|-activate|p1a: Hatterene|move: Trick|[of] p2a: Dragonite
|-item|p2a: Dragonite|Choice Specs|[from] move: Trick
|-item|p1a: Hatterene|Heavy-Duty Boots|[from] move: Trick
|
|-weather|SunnyDay|[upkeep]
|upkeep
|turn|8
|
|t:|1743841438
|-terastallize|p2a: Dragonite|Normal
|move|p2a: Dragonite|Extreme Speed|p1a: Hatterene
|-damage|p1a: Hatterene|0 fnt
|faint|p1a: Hatterene
|
|-weather|SunnyDay|[upkeep]
|upkeep
|
|t:|1743841449
|switch|p1a: Wyrdeer|Wyrdeer, M|100/100
|-ability|p1a: Wyrdeer|Intimidate|boost
|-unboost|p2a: Dragonite|atk|1
|turn|9
|
|t:|1743841460
|switch|p2a: Grimmsnarl|Grimmsnarl, M|100/100
|move|p1a: Wyrdeer|Psyshield Bash|p2a: Grimmsnarl
|-immune|p2a: Grimmsnarl
|
|-weather|none
|upkeep
|turn|10
|
|t:|1743841469
|switch|p1a: Charizard|Charizard, F|72/100
|move|p2a: Grimmsnarl|False Surrender|p1a: Charizard
|-damage|p1a: Charizard|27/100
|
|upkeep
|turn|11
|
|t:|1743841477
|move|p2a: Grimmsnarl|False Surrender|p1a: Charizard
|-damage|p1a: Charizard|0 fnt
|faint|p1a: Charizard
|
|upkeep
|
|t:|1743841488
|switch|p1a: Armarouge|Armarouge, F|100/100
|turn|12
|
|t:|1743841496
|-terastallize|p1a: Armarouge|Fighting
|move|p2a: Grimmsnarl|False Surrender|p1a: Armarouge
|-resisted|p1a: Armarouge
|-damage|p1a: Armarouge|80/100
|-ability|p1a: Armarouge|Weak Armor|boost
|-unboost|p1a: Armarouge|def|1
|-boost|p1a: Armarouge|spe|2
|move|p1a: Armarouge|Calm Mind|p1a: Armarouge
|-boost|p1a: Armarouge|spa|1
|-boost|p1a: Armarouge|spd|1
|
|-heal|p1a: Armarouge|86/100|[from] item: Leftovers
|upkeep
|turn|13
|
|t:|1743841507
|switch|p2a: Mandibuzz|Mandibuzz, F|100/100
|move|p1a: Armarouge|Armor Cannon|p2a: Mandibuzz
|-damage|p2a: Mandibuzz|44/100
|-unboost|p1a: Armarouge|def|1
|-unboost|p1a: Armarouge|spd|1
|
|-heal|p1a: Armarouge|92/100|[from] item: Leftovers
|upkeep
|turn|14
|
|t:|1743841516
|switch|p2a: Toxapex|Toxapex, F|100/100
|move|p1a: Armarouge|Armor Cannon|p2a: Toxapex
|-resisted|p2a: Toxapex
|-damage|p2a: Toxapex|61/100
|-unboost|p1a: Armarouge|def|1
|-unboost|p1a: Armarouge|spd|1
|
|-heal|p1a: Armarouge|98/100|[from] item: Leftovers
|-heal|p2a: Toxapex|67/100|[from] item: Leftovers
|upkeep
|turn|15
|
|t:|1743841529
|switch|p2a: Grimmsnarl|Grimmsnarl, M|100/100
|move|p1a: Armarouge|Psyshock|p2a: Grimmsnarl
|-immune|p2a: Grimmsnarl
|
|-heal|p1a: Armarouge|100/100|[from] item: Leftovers
|upkeep
|turn|16
|
|t:|1743841536
|move|p2a: Grimmsnarl|Trick|p1a: Armarouge
|-activate|p2a: Grimmsnarl|move: Trick|[of] p1a: Armarouge
|-item|p1a: Armarouge|Choice Scarf|[from] move: Trick
|-item|p2a: Grimmsnarl|Leftovers|[from] move: Trick
|move|p1a: Armarouge|Armor Cannon|p2a: Grimmsnarl
|-damage|p2a: Grimmsnarl|0 fnt
|-unboost|p1a: Armarouge|def|1
|-unboost|p1a: Armarouge|spd|1
|faint|p2a: Grimmsnarl
|
|upkeep
|
|t:|1743841542
|switch|p2a: Toxapex|Toxapex, F|99/100
|turn|17
|
|t:|1743841549
|move|p1a: Armarouge|Armor Cannon|p2a: Toxapex
|-resisted|p2a: Toxapex
|-damage|p2a: Toxapex|61/100
|-unboost|p1a: Armarouge|def|1
|-unboost|p1a: Armarouge|spd|1
|move|p2a: Toxapex|Toxic Spikes|p1a: Armarouge
|-sidestart|p1: tohelpu|move: Toxic Spikes
|
|-heal|p2a: Toxapex|67/100|[from] item: Leftovers
|upkeep
|turn|18
|
|t:|1743841557
|move|p1a: Armarouge|Armor Cannon|p2a: Toxapex
|-resisted|p2a: Toxapex
|-damage|p2a: Toxapex|28/100
|-unboost|p1a: Armarouge|def|1
|-unboost|p1a: Armarouge|spd|1
|move|p2a: Toxapex|Poison Jab|p1a: Armarouge
|-damage|p1a: Armarouge|18/100
|-ability|p1a: Armarouge|Weak Armor|boost
|-boost|p1a: Armarouge|spe|2
|
|-heal|p2a: Toxapex|34/100|[from] item: Leftovers
|upkeep
|turn|19
|
|t:|1743841572
|switch|p2a: Articuno|Articuno-Galar|100/100 par
|move|p1a: Armarouge|Armor Cannon|p2a: Articuno
|-damage|p2a: Articuno|8/100 par
|-unboost|p1a: Armarouge|spd|1
|
|upkeep
|turn|20
|
|t:|1743841579
|move|p1a: Armarouge|Armor Cannon|p2a: Articuno
|-damage|p2a: Articuno|0 fnt
|-unboost|p1a: Armarouge|spd|1
|faint|p2a: Articuno
|
|upkeep
|
|t:|1743841590
|switch|p2a: Dragonite|Dragonite, F, tera:Normal|100/100
|turn|21
|
|t:|1743841595
|move|p2a: Dragonite|Extreme Speed|p1a: Armarouge
|-damage|p1a: Armarouge|0 fnt
|faint|p1a: Armarouge
|
|upkeep
|
|t:|1743841602
|switch|p1a: Greninja|Greninja, F|100/100
|-status|p1a: Greninja|psn
|turn|22
|
|t:|1743841607
|move|p2a: Dragonite|Extreme Speed|p1a: Greninja
|-damage|p1a: Greninja|35/100 psn
|move|p1a: Greninja|U-turn|p2a: Dragonite
|-start|p1a: Greninja|typechange|Bug|[from] ability: Protean
|-crit|p2a: Dragonite
|-damage|p2a: Dragonite|70/100
|
|t:|1743841614
|switch|p1a: Wyrdeer|Wyrdeer, M|100/100|[from] U-turn
|-status|p1a: Wyrdeer|psn
|-ability|p1a: Wyrdeer|Intimidate|boost
|-unboost|p2a: Dragonite|atk|1
|
|-damage|p1a: Wyrdeer|88/100 psn|[from] psn
|upkeep
|turn|23
|
|t:|1743841623
|switch|p2a: Mandibuzz|Mandibuzz, F|44/100
|switch|p1a: Greninja|Greninja, F|35/100 psn
|
|-damage|p1a: Greninja|23/100 psn|[from] psn
|upkeep
|turn|24
|
|t:|1743841631
|move|p1a: Greninja|Rock Slide|p2a: Mandibuzz
|-start|p1a: Greninja|typechange|Rock|[from] ability: Protean
|-supereffective|p2a: Mandibuzz
|-damage|p2a: Mandibuzz|0 fnt
|faint|p2a: Mandibuzz
|
|-damage|p1a: Greninja|10/100 psn|[from] psn
|upkeep
|
|t:|1743841636
|switch|p2a: Toxapex|Toxapex, F|67/100
|turn|25
|
|t:|1743841650
|move|p1a: Greninja|Rock Slide|p2a: Toxapex
|-damage|p2a: Toxapex|44/100
|cant|p2a: Toxapex|flinch
|
|-heal|p2a: Toxapex|50/100|[from] item: Leftovers
|-damage|p1a: Greninja|0 fnt|[from] psn
|faint|p1a: Greninja
|upkeep
|
|t:|1743841658
|switch|p1a: Wyrdeer|Wyrdeer, M|88/100 psn
|-ability|p1a: Wyrdeer|Intimidate|boost
|-unboost|p2a: Toxapex|atk|1
|turn|26
|
|t:|1743841663
|move|p2a: Toxapex|Baneful Bunker|p2a: Toxapex
|-singleturn|p2a: Toxapex|move: Protect
|move|p1a: Wyrdeer|Psyshield Bash|p2a: Toxapex
|-activate|p2a: Toxapex|move: Protect
|
|-heal|p2a: Toxapex|56/100|[from] item: Leftovers
|-damage|p1a: Wyrdeer|76/100 psn|[from] psn
|upkeep
|turn|27
|
|t:|1743841671
|move|p1a: Wyrdeer|Psyshield Bash|p2a: Toxapex
|-supereffective|p2a: Toxapex
|-damage|p2a: Toxapex|9/100
|-boost|p1a: Wyrdeer|def|1
|move|p2a: Toxapex|Recover|p2a: Toxapex
|-heal|p2a: Toxapex|59/100
|
|-heal|p2a: Toxapex|65/100|[from] item: Leftovers
|-damage|p1a: Wyrdeer|63/100 psn|[from] psn
|upkeep
|turn|28
|
|t:|1743841679
|move|p1a: Wyrdeer|Psyshield Bash|p2a: Toxapex
|-supereffective|p2a: Toxapex
|-damage|p2a: Toxapex|15/100
|-boost|p1a: Wyrdeer|def|1
|move|p2a: Toxapex|Recover|p2a: Toxapex
|-heal|p2a: Toxapex|65/100
|
|-heal|p2a: Toxapex|71/100|[from] item: Leftovers
|-damage|p1a: Wyrdeer|51/100 psn|[from] psn
|upkeep
|turn|29
|c|☆tohelpu|gg
|
|t:|1743841689
|move|p2a: Toxapex|Baneful Bunker|p2a: Toxapex
|-singleturn|p2a: Toxapex|move: Protect
|move|p1a: Wyrdeer|Psyshield Bash|p2a: Toxapex
|-activate|p2a: Toxapex|move: Protect
|
|-heal|p2a: Toxapex|77/100|[from] item: Leftovers
|-damage|p1a: Wyrdeer|39/100 psn|[from] psn
|upkeep
|turn|30
|c|☆Power5121|Gg
|c|☆Power5121|Your team is creative
|
|t:|1743841704
|move|p1a: Wyrdeer|Psyshield Bash|p2a: Toxapex
|-supereffective|p2a: Toxapex
|-damage|p2a: Toxapex|29/100
|-boost|p1a: Wyrdeer|def|1
|move|p2a: Toxapex|Recover|p2a: Toxapex
|-heal|p2a: Toxapex|79/100
|
|-heal|p2a: Toxapex|86/100|[from] item: Leftovers
|-damage|p1a: Wyrdeer|26/100 psn|[from] psn
|upkeep
|turn|31
|inactive|tohelpu has 120 seconds left.
|c|☆tohelpu|Alright
|
|t:|1743841737
|move|p2a: Toxapex|Baneful Bunker|p2a: Toxapex
|-singleturn|p2a: Toxapex|move: Protect
|move|p1a: Wyrdeer|Psyshield Bash|p2a: Toxapex
|-activate|p2a: Toxapex|move: Protect
|
|-heal|p2a: Toxapex|92/100|[from] item: Leftovers
|-damage|p1a: Wyrdeer|14/100 psn|[from] psn
|upkeep
|turn|32
|
|t:|1743841745
|move|p1a: Wyrdeer|Psyshield Bash|p2a: Toxapex
|-supereffective|p2a: Toxapex
|-damage|p2a: Toxapex|49/100
|-boost|p1a: Wyrdeer|def|1
|move|p2a: Toxapex|Recover|p2a: Toxapex
|-heal|p2a: Toxapex|99/100
|
|-heal|p2a: Toxapex|100/100|[from] item: Leftovers
|-damage|p1a: Wyrdeer|1/100 psn|[from] psn
|upkeep
|turn|33
|
|t:|1743841754
|switch|p2a: Dragonite|Dragonite, F, tera:Normal|70/100
|move|p1a: Wyrdeer|Psyshield Bash|p2a: Dragonite
|-damage|p2a: Dragonite|29/100
|-boost|p1a: Wyrdeer|def|1
|
|-damage|p1a: Wyrdeer|0 fnt|[from] psn
|faint|p1a: Wyrdeer
|
|win|Power5121
|raw|tohelpu's rating: 1178 &rarr; <strong>1153</strong><br />(-25 for losing)
|raw|Power5121's rating: 1175 &rarr; <strong>1200</strong><br />(+25 for winning)
|l|☆tohelpu
|player|p1|
|l|☆Power5121
|player|p2|
