|j|☆yylz
|j|☆thattykid
|t:|1743780610
|gametype|singles
|player|p1|yylz|dawn|1167
|player|p2|thattykid|265|1169
|teamsize|p1|6
|teamsize|p2|6
|gen|9
|tier|[Gen 9] OU
|rated|
|rule|HP Percentage Mod: HP is shown in percentages
|rule|Endless Battle Clause: Forcing endless battles is banned
|rule|Species Clause: Limit one of each Pokémon
|rule|OHKO Clause: OHKO moves are banned
|rule|Evasion Items Clause: Evasion items are banned
|rule|Evasion Moves Clause: Evasion moves are banned
|rule|Sleep Moves Clause: Sleep-inducing moves are banned
|clearpoke
|poke|p1|Pelipper, M|
|poke|p1|Barraskewda, M|
|poke|p1|Zapdos|
|poke|p1|Corviknight, M|
|poke|p1|Clodsire, F|
|poke|p1|Incineroar, M|
|poke|p2|Dragonite, M|
|poke|p2|Jirachi|
|poke|p2|Landorus-Therian, M|
|poke|p2|Primarina, M|
|poke|p2|Pecharunt|
|poke|p2|Goodra-Hisui, M|
|teampreview
|inactive|Battle timer is ON: inactive players will automatically lose when time's up. (requested by yylz)
|
|t:|1743780638
|start
|switch|p1a: Pelipper|Pelipper, M|100/100
|switch|p2a: Bruh|Jirachi|100/100
|-weather|RainDance|[from] ability: Drizzle|[of] p1a: Pelipper
|turn|1
|
|t:|1743780647
|move|p2a: Bruh|Body Slam|p1a: Pelipper
|-damage|p1a: Pelipper|79/100
|-status|p1a: Pelipper|par
|move|p1a: Pelipper|U-turn|p2a: Bruh
|-damage|p2a: Bruh|91/100
|
|t:|1743780663
|switch|p1a: Barraskewda|Barraskewda, M|100/100|[from] U-turn
|
|-weather|RainDance|[upkeep]
|-heal|p2a: Bruh|97/100|[from] item: Leftovers
|upkeep
|turn|2
|
|t:|1743780669
|-terastallize|p1a: Barraskewda|Water
|move|p1a: Barraskewda|Liquidation|p2a: Bruh
|-damage|p2a: Bruh|0 fnt
|faint|p2a: Bruh
|
|-weather|RainDance|[upkeep]
|upkeep
|
|t:|1743780675
|switch|p2a: Yellow-Dong|Dragonite, M|100/100
|turn|3
|
|t:|1743780681
|switch|p1a: Incineroar|Incineroar, M, shiny|100/100
|-ability|p1a: Incineroar|Intimidate|boost
|-unboost|p2a: Yellow-Dong|atk|1
|move|p2a: Yellow-Dong|Dragon Claw|p1a: Incineroar
|-damage|p1a: Incineroar|83/100
|
|-weather|RainDance|[upkeep]
|upkeep
|turn|4
|
|t:|1743780689
|switch|p2a: Flying-Dog|Landorus-Therian, M|100/100
|-ability|p2a: Flying-Dog|Intimidate|boost
|-unboost|p1a: Incineroar|atk|1
|move|p1a: Incineroar|Will-O-Wisp|p2a: Flying-Dog
|-status|p2a: Flying-Dog|brn
|
|-weather|RainDance|[upkeep]
|-damage|p2a: Flying-Dog|95/100 brn|[from] brn
|upkeep
|turn|5
|
|t:|1743780698
|switch|p1a: Zapdos|Zapdos, shiny|100/100
|move|p2a: Flying-Dog|Substitute|p2a: Flying-Dog
|-start|p2a: Flying-Dog|Substitute
|-damage|p2a: Flying-Dog|70/100 brn
|
|-weather|RainDance|[upkeep]
|-heal|p2a: Flying-Dog|76/100 brn|[from] item: Leftovers
|-damage|p2a: Flying-Dog|70/100 brn|[from] brn
|upkeep
|turn|6
|
|t:|1743780706
|move|p1a: Zapdos|Weather Ball|p2a: Flying-Dog
|-supereffective|p2a: Flying-Dog
|-end|p2a: Flying-Dog|Substitute
|move|p2a: Flying-Dog|Smack Down|p1a: Zapdos
|-supereffective|p1a: Zapdos
|-damage|p1a: Zapdos|75/100
|-start|p1a: Zapdos|Smack Down
|
|-weather|RainDance|[upkeep]
|-heal|p2a: Flying-Dog|76/100 brn|[from] item: Leftovers
|-damage|p2a: Flying-Dog|70/100 brn|[from] brn
|upkeep
|turn|7
|
|t:|1743780717
|switch|p2a: GOO-BOY|Goodra-Hisui, M|100/100
|move|p1a: Zapdos|Weather Ball|p2a: GOO-BOY
|-resisted|p2a: GOO-BOY
|-damage|p2a: GOO-BOY|89/100
|
|-weather|RainDance|[upkeep]
|upkeep
|turn|8
|
|t:|1743780730
|move|p1a: Zapdos|Volt Switch|p2a: GOO-BOY
|-resisted|p2a: GOO-BOY
|-damage|p2a: GOO-BOY|80/100
|
|t:|1743780743
|switch|p1a: Clodsire|Clodsire, F|100/100|[from] Volt Switch
|move|p2a: GOO-BOY|Thunder|p1a: Clodsire
|-immune|p1a: Clodsire
|
|-weather|none
|upkeep
|turn|9
|
|t:|1743780751
|switch|p2a: Flying-Dog|Landorus-Therian, M|70/100 brn
|-ability|p2a: Flying-Dog|Intimidate|boost
|-unboost|p1a: Clodsire|atk|1
|move|p1a: Clodsire|Toxic||[still]
|-fail|p1a: Clodsire
|
|-heal|p2a: Flying-Dog|76/100 brn|[from] item: Leftovers
|-damage|p2a: Flying-Dog|70/100 brn|[from] brn
|upkeep
|turn|10
|
|t:|1743780762
|move|p2a: Flying-Dog|Substitute|p2a: Flying-Dog
|-start|p2a: Flying-Dog|Substitute
|-damage|p2a: Flying-Dog|45/100 brn
|move|p1a: Clodsire|Stealth Rock|p2a: Flying-Dog
|-sidestart|p2: thattykid|move: Stealth Rock
|
|-heal|p2a: Flying-Dog|51/100 brn|[from] item: Leftovers
|-damage|p2a: Flying-Dog|45/100 brn|[from] brn
|upkeep
|turn|11
|
|t:|1743780772
|switch|p1a: Pelipper|Pelipper, M|79/100 par
|-weather|RainDance|[from] ability: Drizzle|[of] p1a: Pelipper
|move|p2a: Flying-Dog|Bulk Up|p2a: Flying-Dog
|-boost|p2a: Flying-Dog|atk|1
|-boost|p2a: Flying-Dog|def|1
|
|-weather|RainDance|[upkeep]
|-heal|p2a: Flying-Dog|51/100 brn|[from] item: Leftovers
|-damage|p2a: Flying-Dog|45/100 brn|[from] brn
|upkeep
|turn|12
|
|t:|1743780784
|move|p2a: Flying-Dog|Smack Down|p1a: Pelipper
|-supereffective|p1a: Pelipper
|-damage|p1a: Pelipper|59/100 par
|-start|p1a: Pelipper|Smack Down
|move|p1a: Pelipper|Weather Ball|p2a: Flying-Dog
|-supereffective|p2a: Flying-Dog
|-end|p2a: Flying-Dog|Substitute
|
|-weather|RainDance|[upkeep]
|-heal|p2a: Flying-Dog|51/100 brn|[from] item: Leftovers
|-damage|p2a: Flying-Dog|45/100 brn|[from] brn
|upkeep
|turn|13
|
|t:|1743780798
|switch|p2a: GOO-BOY|Goodra-Hisui, M|80/100
|-damage|p2a: GOO-BOY|74/100|[from] Stealth Rock
|move|p1a: Pelipper|U-turn|p2a: GOO-BOY
|-resisted|p2a: GOO-BOY
|-damage|p2a: GOO-BOY|69/100
|-ability|p2a: GOO-BOY|Gooey
|-unboost|p1a: Pelipper|spe|1
|
|t:|1743780806
|switch|p1a: Barraskewda|Barraskewda, M, tera:Water|100/100|[from] U-turn
|
|-weather|RainDance|[upkeep]
|upkeep
|turn|14
|
|t:|1743780814
|move|p1a: Barraskewda|Close Combat|p2a: GOO-BOY
|-supereffective|p2a: GOO-BOY
|-damage|p2a: GOO-BOY|0 fnt
|-unboost|p1a: Barraskewda|def|1
|-unboost|p1a: Barraskewda|spd|1
|-ability|p2a: GOO-BOY|Gooey
|-unboost|p1a: Barraskewda|spe|1
|faint|p2a: GOO-BOY
|
|-weather|RainDance|[upkeep]
|upkeep
|-message|thattykid forfeited.
|
|win|yylz
|raw|yylz's rating: 1167 &rarr; <strong>1192</strong><br />(+25 for winning)
|raw|thattykid's rating: 1169 &rarr; <strong>1144</strong><br />(-25 for losing)
|l|☆thattykid
|player|p2|
