|j|☆metakill4r
|j|☆EpicUmbreon29
|t:|1743912852
|gametype|singles
|player|p1|metakill4r|boarder|1598
|player|p2|EpicUmbreon29|grimsley|1654
|teamsize|p1|6
|teamsize|p2|6
|gen|9
|tier|[Gen 9] OU
|rated|
|rule|HP Percentage Mod: HP is shown in percentages
|rule|Endless Battle Clause: Forcing endless battles is banned
|rule|Species Clause: Limit one of each Pokémon
|rule|OHKO Clause: OHKO moves are banned
|rule|Evasion Items Clause: Evasion items are banned
|rule|Evasion Moves Clause: Evasion moves are banned
|rule|Sleep Moves Clause: Sleep-inducing moves are banned
|clearpoke
|poke|p1|Ninetales-Alola, F|
|poke|p1|Great Tusk|
|poke|p1|Slowking-Galar, M|
|poke|p1|Kyurem|
|poke|p1|Gholdengo|
|poke|p1|Greninja-*, M|
|poke|p2|Kyurem|
|poke|p2|Reuniclus, F|
|poke|p2|Araquanid, M|
|poke|p2|Indeedee, M|
|poke|p2|Hawlucha, M|
|poke|p2|Great Tusk|
|teampreview
|inactive|Battle timer is ON: inactive players will automatically lose when time's up. (requested by metakill4r)
|
|t:|1743912871
|start
|switch|p1a: Kyurem|Kyurem|100/100
|switch|p2a: Reuniclus|Reuniclus, F|100/100
|-ability|p1a: Kyurem|Pressure
|turn|1
|
|t:|1743912879
|switch|p1a: Slowking|Slowking-Galar, M|100/100
|move|p2a: Reuniclus|Calm Mind|p2a: Reuniclus
|-boost|p2a: Reuniclus|spa|1
|-boost|p2a: Reuniclus|spd|1
|
|upkeep
|turn|2
|
|t:|1743912883
|switch|p1a: Gholdengo|Gholdengo|100/100
|move|p2a: Reuniclus|Calm Mind|p2a: Reuniclus
|-boost|p2a: Reuniclus|spa|1
|-boost|p2a: Reuniclus|spd|1
|
|upkeep
|turn|3
|
|t:|1743912887
|move|p1a: Gholdengo|Trick|p2a: Reuniclus
|-activate|p1a: Gholdengo|move: Trick|[of] p2a: Reuniclus
|-item|p2a: Reuniclus|Choice Scarf|[from] move: Trick
|-item|p1a: Gholdengo|Life Orb|[from] move: Trick
|move|p2a: Reuniclus|Calm Mind|p2a: Reuniclus
|-boost|p2a: Reuniclus|spa|1
|-boost|p2a: Reuniclus|spd|1
|
|upkeep
|turn|4
|
|t:|1743912893
|switch|p1a: Ninetales|Ninetales-Alola, F|100/100
|-weather|Snowscape|[from] ability: Snow Warning|[of] p1a: Ninetales
|switch|p2a: Araquanid|Araquanid, M|100/100
|
|-weather|Snowscape|[upkeep]
|upkeep
|turn|5
|
|t:|1743912900
|move|p1a: Ninetales|Aurora Veil|p1a: Ninetales
|-sidestart|p1: metakill4r|move: Aurora Veil
|move|p2a: Araquanid|Sticky Web|p1a: Ninetales
|-sidestart|p1: metakill4r|move: Sticky Web
|
|-weather|Snowscape|[upkeep]
|upkeep
|turn|6
|
|t:|1743912903
|switch|p1a: Kyurem|Kyurem|100/100
|-activate|p1a: Kyurem|move: Sticky Web
|-unboost|p1a: Kyurem|spe|1
|-ability|p1a: Kyurem|Pressure
|move|p2a: Araquanid|Sticky Web||[still]
|-fail|p2a: Araquanid
|
|-weather|Snowscape|[upkeep]
|upkeep
|turn|7
|
|t:|1743912911
|move|p1a: Kyurem|Dragon Dance|p1a: Kyurem
|-boost|p1a: Kyurem|atk|1
|-boost|p1a: Kyurem|spe|1
|move|p2a: Araquanid|Endeavor|p1a: Kyurem
|-damage|p1a: Kyurem|87/100
|
|-weather|Snowscape|[upkeep]
|upkeep
|turn|8
|
|t:|1743912917
|move|p1a: Kyurem|Dragon Dance|p1a: Kyurem
|-boost|p1a: Kyurem|atk|1
|-boost|p1a: Kyurem|spe|1
|move|p2a: Araquanid|Surf|p1a: Kyurem
|-resisted|p1a: Kyurem
|-damage|p1a: Kyurem|75/100
|
|-weather|none
|upkeep
|turn|9
|
|t:|1743912925
|move|p1a: Kyurem|Dragon Dance|p1a: Kyurem
|-boost|p1a: Kyurem|atk|1
|-boost|p1a: Kyurem|spe|1
|move|p2a: Araquanid|Surf|p1a: Kyurem
|-resisted|p1a: Kyurem
|-damage|p1a: Kyurem|63/100
|
|upkeep
|turn|10
|
|t:|1743912928
|move|p1a: Kyurem|Scale Shot|p2a: Araquanid
|-damage|p2a: Araquanid|70/100
|-damage|p2a: Araquanid|35/100
|-damage|p2a: Araquanid|1/100
|-crit|p2a: Araquanid
|-damage|p2a: Araquanid|0 fnt
|faint|p2a: Araquanid
|-hitcount|p2: Araquanid|4
|-unboost|p1a: Kyurem|def|1
|-boost|p1a: Kyurem|spe|1
|
|upkeep
|
|t:|1743912930
|switch|p2a: Reuniclus|Reuniclus, F|100/100
|turn|11
|
|t:|1743912938
|move|p1a: Kyurem|Icicle Spear|p2a: Reuniclus
|-damage|p2a: Reuniclus|78/100
|-damage|p2a: Reuniclus|54/100
|-damage|p2a: Reuniclus|30/100
|-damage|p2a: Reuniclus|5/100
|-damage|p2a: Reuniclus|0 fnt
|faint|p2a: Reuniclus
|-hitcount|p2: Reuniclus|5
|
|upkeep
|-message|EpicUmbreon29 forfeited.
|
|win|metakill4r
|raw|metakill4r's rating: 1598 &rarr; <strong>1621</strong><br />(+23 for winning)
|raw|EpicUmbreon29's rating: 1654 &rarr; <strong>1631</strong><br />(-23 for losing)
|l|☆EpicUmbreon29
|player|p2|
|l|☆metakill4r
|player|p1|
