|j|☆stacyannglick
|j|☆R. Caroline
|t:|1743888034
|gametype|singles
|player|p1|stacyannglick|parasollady|1621
|player|p2|R. Caroline|pokemonrangerf-gen4|1615
|teamsize|p1|6
|teamsize|p2|6
|gen|9
|tier|[Gen 9] OU
|rated|
|rule|HP Percentage Mod: HP is shown in percentages
|rule|Endless Battle Clause: Forcing endless battles is banned
|rule|Species Clause: Limit one of each Pokémon
|rule|OHKO Clause: OHKO moves are banned
|rule|Evasion Items Clause: Evasion items are banned
|rule|Evasion Moves Clause: Evasion moves are banned
|rule|Sleep Moves Clause: Sleep-inducing moves are banned
|clearpoke
|poke|p1|Pelipper, F|
|poke|p1|Barraskewda, F|
|poke|p1|Iron Treads|
|poke|p1|Thundurus-Therian, M|
|poke|p1|Greninja-*, M|
|poke|p1|Mamoswine, F|
|poke|p2|Latias, F|
|poke|p2|Chansey, F|
|poke|p2|Ursaluna, M|
|poke|p2|Scizor, M|
|poke|p2|Umbreon, F|
|poke|p2|Mew|
|teampreview
|inactive|Battle timer is ON: inactive players will automatically lose when time's up. (requested by stacyannglick)
|inactive|R. Caroline has 120 seconds left.
|
|t:|1743888087
|start
|switch|p1a: raini rodriguez|Pelipper, F, shiny|100/100
|switch|p2a: Boston|Mew, shiny|100/100
|-weather|RainDance|[from] ability: Drizzle|[of] p1a: raini rodriguez
|turn|1
|
|t:|1743888097
|switch|p1a: dink|Mamoswine, F|100/100
|move|p2a: Boston|Volt Switch|p1a: dink
|-immune|p1a: dink
|
|-weather|RainDance|[upkeep]
|upkeep
|turn|2
|
|t:|1743888104
|switch|p2a: Dinah|Umbreon, F|100/100
|move|p1a: dink|Icicle Crash|p2a: Dinah
|-damage|p2a: Dinah|63/100
|
|-weather|RainDance|[upkeep]
|upkeep
|turn|3
|
|t:|1743888111
|switch|p1a: stacy’s ace stace|Thundurus-Therian, M|100/100
|switch|p2a: Garf|Scizor, M, shiny|100/100
|
|-weather|RainDance|[upkeep]
|upkeep
|turn|4
|
|t:|1743888118
|switch|p2a: Shay|Chansey, F, shiny|100/100
|move|p1a: stacy’s ace stace|Substitute|p1a: stacy’s ace stace
|-start|p1a: stacy’s ace stace|Substitute
|-damage|p1a: stacy’s ace stace|76/100
|
|-weather|RainDance|[upkeep]
|-heal|p1a: stacy’s ace stace|82/100|[from] item: Leftovers
|upkeep
|turn|5
|
|t:|1743888125
|move|p1a: stacy’s ace stace|Nasty Plot|p1a: stacy’s ace stace
|-boost|p1a: stacy’s ace stace|spa|2
|move|p2a: Shay|Stealth Rock|p1a: stacy’s ace stace
|-sidestart|p1: stacyannglick|move: Stealth Rock
|
|-weather|RainDance|[upkeep]
|-heal|p1a: stacy’s ace stace|88/100|[from] item: Leftovers
|upkeep
|turn|6
|
|t:|1743888131
|move|p1a: stacy’s ace stace|Nasty Plot|p1a: stacy’s ace stace
|-boost|p1a: stacy’s ace stace|spa|2
|move|p2a: Shay|Seismic Toss|p1a: stacy’s ace stace
|-end|p1a: stacy’s ace stace|Substitute
|
|-weather|RainDance|[upkeep]
|-heal|p1a: stacy’s ace stace|94/100|[from] item: Leftovers
|upkeep
|turn|7
|
|t:|1743888139
|move|p1a: stacy’s ace stace|Substitute|p1a: stacy’s ace stace
|-start|p1a: stacy’s ace stace|Substitute
|-damage|p1a: stacy’s ace stace|69/100
|move|p2a: Shay|Seismic Toss|p1a: stacy’s ace stace
|-end|p1a: stacy’s ace stace|Substitute
|
|-weather|RainDance|[upkeep]
|-heal|p1a: stacy’s ace stace|75/100|[from] item: Leftovers
|upkeep
|turn|8
|
|t:|1743888146
|move|p1a: stacy’s ace stace|Thunder|p2a: Shay
|-damage|p2a: Shay|57/100
|-status|p2a: Shay|par
|cant|p2a: Shay|par
|
|-weather|none
|-heal|p1a: stacy’s ace stace|81/100|[from] item: Leftovers
|upkeep
|turn|9
|
|t:|1743888153
|move|p1a: stacy’s ace stace|Substitute|p1a: stacy’s ace stace
|-start|p1a: stacy’s ace stace|Substitute
|-damage|p1a: stacy’s ace stace|56/100
|cant|p2a: Shay|par
|
|-heal|p1a: stacy’s ace stace|62/100|[from] item: Leftovers
|upkeep
|turn|10
|
|t:|1743888159
|move|p1a: stacy’s ace stace|Nasty Plot|p1a: stacy’s ace stace
|-boost|p1a: stacy’s ace stace|spa|2
|move|p2a: Shay|Soft-Boiled|p2a: Shay
|-heal|p2a: Shay|100/100 par
|
|-heal|p1a: stacy’s ace stace|68/100|[from] item: Leftovers
|upkeep
|turn|11
|
|t:|1743888166
|move|p1a: stacy’s ace stace|Thunder|p2a: Shay
|-damage|p2a: Shay|36/100 par
|cant|p2a: Shay|par
|
|-heal|p1a: stacy’s ace stace|74/100|[from] item: Leftovers
|upkeep
|turn|12
|
|t:|1743888172
|move|p1a: stacy’s ace stace|Thunder|p2a: Shay|[miss]
|-miss|p1a: stacy’s ace stace|p2a: Shay
|move|p2a: Shay|Soft-Boiled|p2a: Shay
|-heal|p2a: Shay|86/100 par
|
|-heal|p1a: stacy’s ace stace|80/100|[from] item: Leftovers
|upkeep
|turn|13
|
|t:|1743888179
|move|p1a: stacy’s ace stace|Thunder|p2a: Shay
|-damage|p2a: Shay|17/100 par
|cant|p2a: Shay|par
|
|-heal|p1a: stacy’s ace stace|86/100|[from] item: Leftovers
|upkeep
|turn|14
|-message|R. Caroline forfeited.
|
|win|stacyannglick
|raw|stacyannglick's rating: 1621 &rarr; <strong>1641</strong><br />(+20 for winning)
|raw|R. Caroline's rating: 1615 &rarr; <strong>1595</strong><br />(-20 for losing)
|l|☆R. Caroline
|player|p2|
|l|☆stacyannglick
|player|p1|
