|j|☆Vbgr
|j|☆pincurchinisgod
|t:|1743935917
|gametype|singles
|player|p1|Vbgr|ingo|1561
|player|p2|pincurchinisgod|chuck|1566
|teamsize|p1|6
|teamsize|p2|6
|gen|9
|tier|[Gen 9] OU
|rated|
|rule|HP Percentage Mod: HP is shown in percentages
|rule|Endless Battle Clause: Forcing endless battles is banned
|rule|Species Clause: Limit one of each Pokémon
|rule|OHKO Clause: OHKO moves are banned
|rule|Evasion Items Clause: Evasion items are banned
|rule|Evasion Moves Clause: Evasion moves are banned
|rule|Sleep Moves Clause: Sleep-inducing moves are banned
|clearpoke
|poke|p1|Thundurus, M|
|poke|p1|Kyurem|
|poke|p1|Cinderace, M|
|poke|p1|Ursaluna, M|
|poke|p1|Skarmory, M|
|poke|p1|Primarina, F|
|poke|p2|Palossand, M|
|poke|p2|Garganacl, M|
|poke|p2|Tyranitar, F|
|poke|p2|Garchomp, F|
|poke|p2|Weezing-Galar, F|
|poke|p2|Electrode-Hisui|
|teampreview
|
|t:|1743935924
|start
|switch|p1a: Kyurem|Kyurem|100/100
|switch|p2a: Electrode|Electrode-Hisui|100/100
|-ability|p1a: Kyurem|Pressure
|turn|1
|inactive|Battle timer is ON: inactive players will automatically lose when time's up. (requested by Vbgr)
|
|t:|1743935928
|move|p2a: Electrode|Thunder Wave|p1a: Kyurem
|-status|p1a: Kyurem|par
|move|p1a: Kyurem|Ice Beam|p2a: Electrode
|-supereffective|p2a: Electrode
|-damage|p2a: Electrode|0 fnt
|faint|p2a: Electrode
|
|upkeep
|
|t:|1743935939
|switch|p2a: Garganacl|Garganacl, M|100/100
|turn|2
|
|t:|1743935942
|switch|p1a: Ursaluna|Ursaluna, M|100/100
|move|p2a: Garganacl|Iron Defense|p2a: Garganacl
|-boost|p2a: Garganacl|def|2
|
|-status|p1a: Ursaluna|brn|[from] item: Flame Orb
|upkeep
|turn|3
|
|t:|1743935949
|move|p1a: Ursaluna|Headlong Rush|p2a: Garganacl
|-supereffective|p2a: Garganacl
|-damage|p2a: Garganacl|28/100
|-unboost|p1a: Ursaluna|def|1
|-unboost|p1a: Ursaluna|spd|1
|move|p2a: Garganacl|Salt Cure|p1a: Ursaluna
|-resisted|p1a: Ursaluna
|-damage|p1a: Ursaluna|93/100 brn
|-start|p1a: Ursaluna|Salt Cure
|
|-heal|p2a: Garganacl|34/100|[from] item: Leftovers
|-damage|p1a: Ursaluna|87/100 brn|[from] brn
|-damage|p1a: Ursaluna|74/100 brn|[from] Salt Cure
|upkeep
|turn|4
|
|t:|1743935953
|move|p2a: Garganacl|Protect|p2a: Garganacl
|-singleturn|p2a: Garganacl|Protect
|move|p1a: Ursaluna|Swords Dance|p1a: Ursaluna
|-boost|p1a: Ursaluna|atk|2
|
|-heal|p2a: Garganacl|40/100|[from] item: Leftovers
|-damage|p1a: Ursaluna|68/100 brn|[from] brn
|-damage|p1a: Ursaluna|55/100 brn|[from] Salt Cure
|upkeep
|turn|5
|
|t:|1743935959
|switch|p2a: Weezing|Weezing-Galar, F|100/100
|move|p1a: Ursaluna|Facade|p2a: Weezing
|-damage|p2a: Weezing|0 fnt
|-damage|p1a: Ursaluna|39/100 brn|[from] item: Rocky Helmet|[of] p2a: Weezing
|faint|p2a: Weezing
|
|-damage|p1a: Ursaluna|33/100 brn|[from] brn
|-damage|p1a: Ursaluna|20/100 brn|[from] Salt Cure
|upkeep
|
|t:|1743935964
|switch|p2a: Garchomp|Garchomp, F|100/100
|turn|6
|
|t:|1743935972
|switch|p1a: Skarmory|Skarmory, M|100/100
|move|p2a: Garchomp|Earthquake|p1a: Skarmory
|-immune|p1a: Skarmory
|
|upkeep
|turn|7
|
|t:|1743935976
|move|p2a: Garchomp|Stealth Rock|p1a: Skarmory
|-sidestart|p1: Vbgr|move: Stealth Rock
|move|p1a: Skarmory|Stealth Rock|p2a: Garchomp
|-sidestart|p2: pincurchinisgod|move: Stealth Rock
|
|upkeep
|turn|8
|
|t:|1743935985
|switch|p1a: Thundurus|Thundurus, M|100/100
|move|p2a: Garchomp|Spikes|p1a: Thundurus
|-sidestart|p1: Vbgr|Spikes
|
|upkeep
|turn|9
|
|t:|1743935989
|move|p1a: Thundurus|Hammer Arm|p2a: Garchomp
|-damage|p2a: Garchomp|81/100
|-unboost|p1a: Thundurus|spe|1
|-damage|p1a: Thundurus|88/100|[from] ability: Rough Skin|[of] p2a: Garchomp
|-damage|p1a: Thundurus|72/100|[from] item: Rocky Helmet|[of] p2a: Garchomp
|move|p2a: Garchomp|Dragon Tail|p1a: Thundurus
|-damage|p1a: Thundurus|34/100
|drag|p1a: Primarina|Primarina, F|100/100
|-damage|p1a: Primarina|88/100|[from] Stealth Rock
|-damage|p1a: Primarina|76/100|[from] Spikes
|
|upkeep
|turn|10
|
|t:|1743936009
|switch|p2a: Garganacl|Garganacl, M|40/100
|-damage|p2a: Garganacl|28/100|[from] Stealth Rock
|move|p1a: Primarina|Moonblast|p2a: Garganacl
|-damage|p2a: Garganacl|0 fnt
|faint|p2a: Garganacl
|
|upkeep
|
|t:|1743936012
|switch|p2a: Tyranitar|Tyranitar, F|100/100
|-damage|p2a: Tyranitar|88/100|[from] Stealth Rock
|-weather|Sandstorm|[from] ability: Sand Stream|[of] p2a: Tyranitar
|turn|11
|
|t:|1743936021
|move|p2a: Tyranitar|Stone Edge|p1a: Primarina
|-damage|p1a: Primarina|0 fnt
|faint|p1a: Primarina
|
|-weather|Sandstorm|[upkeep]
|upkeep
|
|t:|1743936033
|switch|p1a: Thundurus|Thundurus, M|34/100
|turn|12
|
|t:|1743936037
|switch|p2a: Palossand|Palossand, M, shiny|100/100
|-damage|p2a: Palossand|94/100|[from] Stealth Rock
|move|p1a: Thundurus|U-turn|p2a: Palossand
|-resisted|p2a: Palossand
|-damage|p2a: Palossand|85/100
|
|t:|1743936040
|switch|p1a: Kyurem|Kyurem|100/100 par|[from] U-turn
|-damage|p1a: Kyurem|76/100 par|[from] Stealth Rock
|-damage|p1a: Kyurem|63/100 par|[from] Spikes
|-ability|p1a: Kyurem|Pressure
|
|-weather|Sandstorm|[upkeep]
|-damage|p1a: Kyurem|57/100 par|[from] Sandstorm
|-heal|p2a: Palossand|91/100|[from] item: Leftovers
|upkeep
|turn|13
|
|t:|1743936051
|move|p1a: Kyurem|Ice Beam|p2a: Palossand
|-supereffective|p2a: Palossand
|-damage|p2a: Palossand|0 fnt
|faint|p2a: Palossand
|
|-weather|Sandstorm|[upkeep]
|-damage|p1a: Kyurem|51/100 par|[from] Sandstorm
|upkeep
|
|t:|1743936054
|switch|p2a: Tyranitar|Tyranitar, F|88/100
|-damage|p2a: Tyranitar|76/100|[from] Stealth Rock
|turn|14
|
|t:|1743936057
|move|p2a: Tyranitar|Stone Edge|p1a: Kyurem
|-supereffective|p1a: Kyurem
|-damage|p1a: Kyurem|0 fnt
|faint|p1a: Kyurem
|
|-weather|Sandstorm|[upkeep]
|upkeep
|
|t:|1743936063
|switch|p1a: Ursaluna|Ursaluna, M|20/100 brn
|-damage|p1a: Ursaluna|14/100 brn|[from] Stealth Rock
|-damage|p1a: Ursaluna|1/100 brn|[from] Spikes
|turn|15
|
|t:|1743936065
|move|p2a: Tyranitar|Knock Off|p1a: Ursaluna
|-damage|p1a: Ursaluna|0 fnt
|-enditem|p1a: Ursaluna|Flame Orb|[from] move: Knock Off|[of] p2a: Tyranitar
|faint|p1a: Ursaluna
|
|-weather|Sandstorm|[upkeep]
|upkeep
|
|t:|1743936069
|switch|p1a: Skarmory|Skarmory, M|100/100
|-damage|p1a: Skarmory|88/100|[from] Stealth Rock
|turn|16
|
|t:|1743936073
|move|p2a: Tyranitar|Stone Edge|p1a: Skarmory|[miss]
|-miss|p2a: Tyranitar|p1a: Skarmory
|move|p1a: Skarmory|Whirlwind|p2a: Tyranitar
|drag|p2a: Garchomp|Garchomp, F|81/100
|-damage|p2a: Garchomp|75/100|[from] Stealth Rock
|
|-weather|Sandstorm|[upkeep]
|upkeep
|turn|17
|
|t:|1743936079
|move|p2a: Garchomp|Spikes|p1a: Skarmory
|-sidestart|p1: Vbgr|Spikes
|move|p1a: Skarmory|Whirlwind|p2a: Garchomp
|drag|p2a: Tyranitar|Tyranitar, F|76/100
|-damage|p2a: Tyranitar|64/100|[from] Stealth Rock
|
|-weather|Sandstorm|[upkeep]
|upkeep
|turn|18
|
|t:|1743936084
|move|p2a: Tyranitar|Stone Edge|p1a: Skarmory
|-damage|p1a: Skarmory|53/100
|move|p1a: Skarmory|Whirlwind|p2a: Tyranitar
|drag|p2a: Garchomp|Garchomp, F|75/100
|-damage|p2a: Garchomp|68/100|[from] Stealth Rock
|
|-weather|none
|upkeep
|turn|19
|
|t:|1743936092
|move|p1a: Skarmory|Roost|p1a: Skarmory
|-heal|p1a: Skarmory|100/100
|-singleturn|p1a: Skarmory|move: Roost
|move|p2a: Garchomp|Dragon Tail|p1a: Skarmory
|-resisted|p1a: Skarmory
|-damage|p1a: Skarmory|92/100
|-damage|p2a: Garchomp|52/100|[from] item: Rocky Helmet|[of] p1a: Skarmory
|drag|p1a: Cinderace|Cinderace, M|100/100
|
|upkeep
|turn|20
|
|t:|1743936103
|switch|p1a: Skarmory|Skarmory, M|92/100
|-damage|p1a: Skarmory|80/100|[from] Stealth Rock
|move|p2a: Garchomp|Earthquake|p1a: Skarmory
|-immune|p1a: Skarmory
|
|upkeep
|turn|21
|
|t:|1743936109
|move|p2a: Garchomp|Dragon Tail|p1a: Skarmory
|-resisted|p1a: Skarmory
|-damage|p1a: Skarmory|72/100
|-damage|p2a: Garchomp|35/100|[from] item: Rocky Helmet|[of] p1a: Skarmory
|drag|p1a: Thundurus|Thundurus, M|34/100
|
|upkeep
|turn|22
|
|t:|1743936117
|move|p1a: Thundurus|Hammer Arm|p2a: Garchomp
|-damage|p2a: Garchomp|17/100
|-unboost|p1a: Thundurus|spe|1
|-damage|p1a: Thundurus|22/100|[from] ability: Rough Skin|[of] p2a: Garchomp
|-damage|p1a: Thundurus|6/100|[from] item: Rocky Helmet|[of] p2a: Garchomp
|move|p2a: Garchomp|Dragon Tail|p1a: Thundurus
|-damage|p1a: Thundurus|0 fnt
|faint|p1a: Thundurus
|
|upkeep
|
|t:|1743936126
|switch|p1a: Skarmory|Skarmory, M|72/100
|-damage|p1a: Skarmory|60/100|[from] Stealth Rock
|turn|23
|
|t:|1743936131
|move|p1a: Skarmory|Roost|p1a: Skarmory
|-heal|p1a: Skarmory|100/100
|-singleturn|p1a: Skarmory|move: Roost
|move|p2a: Garchomp|Dragon Tail|p1a: Skarmory
|-resisted|p1a: Skarmory
|-damage|p1a: Skarmory|92/100
|-damage|p2a: Garchomp|0 fnt|[from] item: Rocky Helmet|[of] p1a: Skarmory
|faint|p2a: Garchomp
|drag|p1a: Cinderace|Cinderace, M|100/100
|
|upkeep
|
|t:|1743936134
|switch|p2a: Tyranitar|Tyranitar, F|64/100
|-damage|p2a: Tyranitar|51/100|[from] Stealth Rock
|-weather|Sandstorm|[from] ability: Sand Stream|[of] p2a: Tyranitar
|turn|24
|inactive|pincurchinisgod has 120 seconds left.
|inactive|pincurchinisgod has 90 seconds left.
|
|t:|1743936202
|-terastallize|p2a: Tyranitar|Flying
|move|p1a: Cinderace|U-turn|p2a: Tyranitar
|-start|p1a: Cinderace|typechange|Bug|[from] ability: Libero
|-resisted|p2a: Tyranitar
|-damage|p2a: Tyranitar|36/100
|
|t:|1743936208
|switch|p1a: Skarmory|Skarmory, M|92/100|[from] U-turn
|-damage|p1a: Skarmory|80/100|[from] Stealth Rock
|move|p2a: Tyranitar|Tera Blast|p1a: Skarmory|[anim] Tera Blast Flying
|-resisted|p1a: Skarmory
|-damage|p1a: Skarmory|65/100
|
|-weather|Sandstorm|[upkeep]
|-damage|p2a: Tyranitar|30/100|[from] Sandstorm
|upkeep
|turn|25
|
|t:|1743936214
|move|p2a: Tyranitar|Stone Edge|p1a: Skarmory
|-damage|p1a: Skarmory|30/100
|move|p1a: Skarmory|Roost|p1a: Skarmory
|-heal|p1a: Skarmory|80/100
|-singleturn|p1a: Skarmory|move: Roost
|
|-weather|Sandstorm|[upkeep]
|-damage|p2a: Tyranitar|24/100|[from] Sandstorm
|upkeep
|turn|26
|
|t:|1743936217
|move|p2a: Tyranitar|Stone Edge|p1a: Skarmory
|-damage|p1a: Skarmory|42/100
|move|p1a: Skarmory|Roost|p1a: Skarmory
|-heal|p1a: Skarmory|92/100
|-singleturn|p1a: Skarmory|move: Roost
|
|-weather|Sandstorm|[upkeep]
|-damage|p2a: Tyranitar|18/100|[from] Sandstorm
|upkeep
|turn|27
|
|t:|1743936220
|move|p2a: Tyranitar|Stone Edge|p1a: Skarmory|[miss]
|-miss|p2a: Tyranitar|p1a: Skarmory
|move|p1a: Skarmory|Brave Bird|p2a: Tyranitar
|-damage|p2a: Tyranitar|0 fnt
|faint|p2a: Tyranitar
|-damage|p1a: Skarmory|86/100|[from] Recoil
|
|win|Vbgr
|raw|Vbgr's rating: 1561 &rarr; <strong>1581</strong><br />(+20 for winning)
|raw|pincurchinisgod's rating: 1566 &rarr; <strong>1546</strong><br />(-20 for losing)
|l|☆Vbgr
|player|p1|
