|j|☆nesnot
|j|☆les amateur
|t:|1743819257
|gametype|singles
|player|p1|nesnot|266|1294
|player|p2|les amateur|169|1237
|teamsize|p1|6
|teamsize|p2|6
|gen|9
|tier|[Gen 9] OU
|rated|
|rule|HP Percentage Mod: HP is shown in percentages
|rule|Endless Battle Clause: Forcing endless battles is banned
|rule|Species Clause: Limit one of each Pokémon
|rule|OHKO Clause: OHKO moves are banned
|rule|Evasion Items Clause: Evasion items are banned
|rule|Evasion Moves Clause: Evasion moves are banned
|rule|Sleep Moves Clause: Sleep-inducing moves are banned
|clearpoke
|poke|p1|Salamence, M|
|poke|p1|Gyarados, F|
|poke|p1|Great Tusk|
|poke|p1|Iron Treads|
|poke|p1|Amoonguss, F|
|poke|p1|Darkrai|
|poke|p2|Great Tusk|
|poke|p2|Kingambit, M|
|poke|p2|Hatterene, F|
|poke|p2|Hydrapple, M|
|poke|p2|Moltres|
|poke|p2|Pecharunt|
|teampreview
|inactive|Battle timer is ON: inactive players will automatically lose when time's up. (requested by les amateur)
|inactive|nesnot also wants the timer to be on.
|
|t:|1743819274
|start
|switch|p1a: Darkrai|Darkrai|100/100
|switch|p2a: Great Tusk|Great Tusk|100/100
|turn|1
|
|t:|1743819281
|move|p1a: Darkrai|Will-O-Wisp|p2a: Great Tusk
|-status|p2a: Great Tusk|brn
|move|p2a: Great Tusk|Stealth Rock|p1a: Darkrai
|-sidestart|p1: nesnot|move: Stealth Rock
|
|-damage|p2a: Great Tusk|94/100 brn|[from] brn
|upkeep
|turn|2
|
|t:|1743819300
|move|p1a: Darkrai|Ice Beam|p2a: Great Tusk
|-supereffective|p2a: Great Tusk
|-damage|p2a: Great Tusk|39/100 brn
|move|p2a: Great Tusk|Earthquake|p1a: Darkrai
|-damage|p1a: Darkrai|73/100
|
|-damage|p2a: Great Tusk|32/100 brn|[from] brn
|upkeep
|turn|3
|
|t:|1743819307
|switch|p1a: Great Tusk|Great Tusk|100/100
|-end|p2a: Great Tusk|Protosynthesis|[silent]
|switch|p2a: Kingambit|Kingambit, M|100/100
|
|upkeep
|turn|4
|
|t:|1743819312
|-end|p2a: Kingambit|fallenundefined|[silent]
|switch|p2a: Pecharunt|Pecharunt|100/100
|move|p1a: Great Tusk|Rapid Spin|p2a: Pecharunt
|-immune|p2a: Pecharunt
|
|upkeep
|turn|5
|
|t:|1743819323
|switch|p2a: Moltres|Moltres|100/100
|move|p1a: Great Tusk|Headlong Rush|p2a: Moltres
|-immune|p2a: Moltres
|
|upkeep
|turn|6
|
|t:|1743819330
|-end|p1a: Great Tusk|Protosynthesis|[silent]
|switch|p1a: Iron Treads|Iron Treads|100/100
|-damage|p1a: Iron Treads|97/100|[from] Stealth Rock
|move|p2a: Moltres|Will-O-Wisp|p1a: Iron Treads|[miss]
|-miss|p2a: Moltres|p1a: Iron Treads
|
|-heal|p1a: Iron Treads|100/100|[from] item: Leftovers
|upkeep
|turn|7
|
|t:|1743819335
|move|p1a: Iron Treads|Knock Off|p2a: Moltres
|-damage|p2a: Moltres|78/100
|-enditem|p2a: Moltres|Heavy-Duty Boots|[from] move: Knock Off|[of] p1a: Iron Treads
|move|p2a: Moltres|Will-O-Wisp|p1a: Iron Treads|[miss]
|-miss|p2a: Moltres|p1a: Iron Treads
|
|upkeep
|turn|8
|c|☆nesnot|Sorry
|
|t:|1743819343
|move|p1a: Iron Treads|Stealth Rock|p2a: Moltres
|-sidestart|p2: les amateur|move: Stealth Rock
|move|p2a: Moltres|Roost|p2a: Moltres
|-heal|p2a: Moltres|100/100
|-singleturn|p2a: Moltres|move: Roost
|
|upkeep
|turn|9
|
|t:|1743819349
|-end|p1a: Iron Treads|Quark Drive|[silent]
|switch|p1a: Darkrai|Darkrai|73/100
|-damage|p1a: Darkrai|60/100|[from] Stealth Rock
|move|p2a: Moltres|Will-O-Wisp|p1a: Darkrai
|-status|p1a: Darkrai|brn
|-enditem|p1a: Darkrai|Lum Berry|[eat]
|-curestatus|p1a: Darkrai|brn|[msg]
|
|upkeep
|turn|10
|
|t:|1743819357
|move|p1a: Darkrai|Sludge Bomb|p2a: Moltres
|-damage|p2a: Moltres|78/100
|move|p2a: Moltres|Fire Blast|p1a: Darkrai|[miss]
|-miss|p2a: Moltres|p1a: Darkrai
|
|upkeep
|turn|11
|
|t:|1743819362
|move|p1a: Darkrai|Sludge Bomb|p2a: Moltres
|-damage|p2a: Moltres|55/100
|move|p2a: Moltres|Fire Blast|p1a: Darkrai
|-damage|p1a: Darkrai|0 fnt
|faint|p1a: Darkrai
|
|upkeep
|
|t:|1743819371
|switch|p1a: Gyarados|Gyarados, F|100/100
|-damage|p1a: Gyarados|76/100|[from] Stealth Rock
|turn|12
|
|t:|1743819380
|-terastallize|p2a: Moltres|Water
|move|p1a: Gyarados|Waterfall|p2a: Moltres
|-resisted|p2a: Moltres
|-damage|p2a: Moltres|35/100
|move|p2a: Moltres|Will-O-Wisp|p1a: Gyarados
|-status|p1a: Gyarados|brn
|
|-heal|p1a: Gyarados|82/100 brn|[from] item: Leftovers
|-damage|p1a: Gyarados|76/100 brn|[from] brn
|upkeep
|turn|13
|
|t:|1743819387
|switch|p1a: Amoonguss|Amoonguss, F|100/100
|-damage|p1a: Amoonguss|88/100|[from] Stealth Rock
|move|p2a: Moltres|Roost|p2a: Moltres
|-heal|p2a: Moltres|85/100
|
|upkeep
|turn|14
|
|t:|1743819391
|move|p2a: Moltres|Fire Blast|p1a: Amoonguss
|-supereffective|p1a: Amoonguss
|-damage|p1a: Amoonguss|0 fnt
|faint|p1a: Amoonguss
|
|upkeep
|
|t:|1743819398
|switch|p1a: Great Tusk|Great Tusk|100/100
|turn|15
|
|t:|1743819401
|move|p1a: Great Tusk|Headlong Rush|p2a: Moltres
|-damage|p2a: Moltres|23/100
|-unboost|p1a: Great Tusk|def|1
|-unboost|p1a: Great Tusk|spd|1
|-status|p1a: Great Tusk|brn|[from] ability: Flame Body|[of] p2a: Moltres
|move|p2a: Moltres|Will-O-Wisp|p1a: Great Tusk
|-fail|p1a: Great Tusk|brn
|
|-damage|p1a: Great Tusk|94/100 brn|[from] brn
|upkeep
|turn|16
|
|t:|1743819419
|switch|p2a: Hydrapple|Hydrapple, M|100/100
|-damage|p2a: Hydrapple|88/100|[from] Stealth Rock
|move|p1a: Great Tusk|Headlong Rush|p2a: Hydrapple
|-resisted|p2a: Hydrapple
|-damage|p2a: Hydrapple|79/100
|-unboost|p1a: Great Tusk|def|1
|-unboost|p1a: Great Tusk|spd|1
|
|-damage|p1a: Great Tusk|88/100 brn|[from] brn
|upkeep
|turn|17
|
|t:|1743819428
|move|p1a: Great Tusk|Rapid Spin|p2a: Hydrapple
|-damage|p2a: Hydrapple|73/100
|-boost|p1a: Great Tusk|spe|1
|-sideend|p1: nesnot|Stealth Rock|[from] move: Rapid Spin|[of] p1a: Great Tusk
|move|p2a: Hydrapple|Leaf Storm|p1a: Great Tusk
|-supereffective|p1a: Great Tusk
|-damage|p1a: Great Tusk|0 fnt
|-unboost|p2a: Hydrapple|spa|2
|faint|p1a: Great Tusk
|-end|p1a: Great Tusk|Protosynthesis|[silent]
|
|upkeep
|
|t:|1743819432
|switch|p1a: Salamence|Salamence, M|100/100
|turn|18
|
|t:|1743819435
|switch|p2a: Hatterene|Hatterene, F|100/100
|-damage|p2a: Hatterene|88/100|[from] Stealth Rock
|move|p1a: Salamence|Dragon Dance|p1a: Salamence
|-boost|p1a: Salamence|atk|1
|-boost|p1a: Salamence|spe|1
|
|upkeep
|turn|19
|
|t:|1743819441
|-terastallize|p1a: Salamence|Fire
|move|p1a: Salamence|Dual Wingbeat|p2a: Hatterene
|-damage|p2a: Hatterene|39/100
|-damage|p2a: Hatterene|0 fnt
|faint|p2a: Hatterene
|-ability|p1a: Salamence|Moxie|boost
|-boost|p1a: Salamence|atk|1
|-hitcount|p2: Hatterene|2
|-damage|p1a: Salamence|91/100|[from] item: Life Orb
|
|upkeep
|
|t:|1743819456
|switch|p2a: Pecharunt|Pecharunt|100/100
|turn|20
|
|t:|1743819461
|move|p1a: Salamence|Earthquake|p2a: Pecharunt
|-supereffective|p2a: Pecharunt
|-damage|p2a: Pecharunt|0 fnt
|faint|p2a: Pecharunt
|-ability|p1a: Salamence|Moxie|boost
|-boost|p1a: Salamence|atk|1
|-damage|p1a: Salamence|81/100|[from] item: Life Orb
|
|upkeep
|
|t:|1743819472
|switch|p2a: Great Tusk|Great Tusk|32/100 brn
|-damage|p2a: Great Tusk|29/100 brn|[from] Stealth Rock
|turn|21
|
|t:|1743819475
|move|p1a: Salamence|Earthquake|p2a: Great Tusk
|-damage|p2a: Great Tusk|0 fnt
|faint|p2a: Great Tusk
|-end|p2a: Great Tusk|Protosynthesis|[silent]
|-ability|p1a: Salamence|Moxie|boost
|-boost|p1a: Salamence|atk|1
|-damage|p1a: Salamence|71/100|[from] item: Life Orb
|
|upkeep
|
|t:|1743819480
|switch|p2a: Moltres|Moltres, tera:Water|23/100
|-damage|p2a: Moltres|11/100|[from] Stealth Rock
|turn|22
|
|t:|1743819497
|move|p1a: Salamence|Temper Flare|p2a: Moltres
|-resisted|p2a: Moltres
|-damage|p2a: Moltres|0 fnt
|faint|p2a: Moltres
|-ability|p1a: Salamence|Moxie|boost
|-boost|p1a: Salamence|atk|1
|-damage|p1a: Salamence|61/100|[from] item: Life Orb
|
|upkeep
|
|t:|1743819500
|switch|p2a: Kingambit|Kingambit, M|100/100
|-damage|p2a: Kingambit|94/100|[from] Stealth Rock
|-activate|p2a: Kingambit|ability: Supreme Overlord
|-start|p2a: Kingambit|fallen4|[silent]
|turn|23
|
|t:|1743819505
|move|p2a: Kingambit|Sucker Punch|p1a: Salamence
|-damage|p1a: Salamence|0 fnt
|faint|p1a: Salamence
|
|-heal|p2a: Kingambit|100/100|[from] item: Leftovers
|upkeep
|
|t:|1743819507
|switch|p1a: Iron Treads|Iron Treads|100/100
|turn|24
|
|t:|1743819513
|move|p1a: Iron Treads|Earthquake|p2a: Kingambit
|-supereffective|p2a: Kingambit
|-damage|p2a: Kingambit|40/100
|move|p2a: Kingambit|Low Kick|p1a: Iron Treads
|-supereffective|p1a: Iron Treads
|-damage|p1a: Iron Treads|0 fnt
|faint|p1a: Iron Treads
|-end|p1a: Iron Treads|Quark Drive|[silent]
|
|-heal|p2a: Kingambit|47/100|[from] item: Leftovers
|upkeep
|-message|nesnot forfeited.
|
|win|les amateur
|raw|nesnot's rating: 1294 &rarr; <strong>1265</strong><br />(-29 for losing)
|raw|les amateur's rating: 1237 &rarr; <strong>1266</strong><br />(+29 for winning)
|l|☆nesnot
|player|p1|
