|j|☆stacyannglick
|j|☆kshuaib734
|t:|1743809103
|gametype|singles
|player|p1|stacyannglick|parasollady|1648
|player|p2|kshuaib734|steven|1658
|teamsize|p1|6
|teamsize|p2|6
|gen|9
|tier|[Gen 9] OU
|rated|
|rule|HP Percentage Mod: HP is shown in percentages
|rule|Endless Battle Clause: Forcing endless battles is banned
|rule|Species Clause: Limit one of each Pokémon
|rule|OHKO Clause: OHKO moves are banned
|rule|Evasion Items Clause: Evasion items are banned
|rule|Evasion Moves Clause: Evasion moves are banned
|rule|Sleep Moves Clause: Sleep-inducing moves are banned
|clearpoke
|poke|p1|Pelipper, F|
|poke|p1|Barraskewda, F|
|poke|p1|Iron Treads|
|poke|p1|Thundurus-Therian, M|
|poke|p1|Greninja-*, M|
|poke|p1|Mamoswine, F|
|poke|p2|Tyranitar, F|
|poke|p2|Jolteon, F|
|poke|p2|Pelipper, M|
|poke|p2|Quaquaval, F|
|poke|p2|Overqwil, F|
|poke|p2|Excadrill, M|
|teampreview
|inactive|Battle timer is ON: inactive players will automatically lose when time's up. (requested by kshuaib734)
|
|t:|1743809133
|start
|switch|p1a: dink|Mamoswine, F|100/100
|switch|p2a: King Tyrant|Tyranitar, F|100/100
|-weather|Sandstorm|[from] ability: Sand Stream|[of] p2a: King Tyrant
|turn|1
|
|t:|1743809150
|move|p1a: dink|Icicle Crash|p2a: King Tyrant
|-damage|p2a: King Tyrant|52/100
|move|p2a: King Tyrant|Stealth Rock|p1a: dink
|-sidestart|p1: stacyannglick|move: Stealth Rock
|
|-weather|Sandstorm|[upkeep]
|upkeep
|turn|2
|
|t:|1743809170
|move|p1a: dink|Icicle Crash|p2a: King Tyrant
|-damage|p2a: King Tyrant|9/100
|move|p2a: King Tyrant|Knock Off|p1a: dink
|-damage|p1a: dink|54/100
|-enditem|p1a: dink|Choice Band|[from] move: Knock Off|[of] p2a: King Tyrant
|
|-weather|Sandstorm|[upkeep]
|upkeep
|turn|3
|
|t:|1743809190
|switch|p2a: Tyrant's Downpour|Pelipper, M|100/100
|-weather|RainDance|[from] ability: Drizzle|[of] p2a: Tyrant's Downpour
|move|p1a: dink|Icicle Crash|p2a: Tyrant's Downpour
|-damage|p2a: Tyrant's Downpour|69/100
|
|-weather|RainDance|[upkeep]
|upkeep
|turn|4
|
|t:|1743809204
|move|p1a: dink|Icicle Crash|p2a: Tyrant's Downpour
|-damage|p2a: Tyrant's Downpour|35/100
|move|p2a: Tyrant's Downpour|U-turn|p1a: dink
|-damage|p1a: dink|43/100
|
|t:|1743809213
|switch|p2a: Tyrant's Envoy|Jolteon, F|100/100|[from] U-turn
|
|-weather|RainDance|[upkeep]
|-status|p2a: Tyrant's Envoy|brn|[from] item: Flame Orb
|upkeep
|turn|5
|
|t:|1743809221
|move|p1a: dink|Ice Shard|p2a: Tyrant's Envoy
|-damage|p2a: Tyrant's Envoy|59/100 brn
|move|p2a: Tyrant's Envoy|Weather Ball|p1a: dink
|-supereffective|p1a: dink
|-damage|p1a: dink|0 fnt
|faint|p1a: dink
|
|-weather|RainDance|[upkeep]
|-damage|p2a: Tyrant's Envoy|53/100 brn|[from] brn
|upkeep
|
|t:|1743809228
|switch|p1a: glindseylou|Barraskewda, F, shiny|100/100
|-damage|p1a: glindseylou|88/100|[from] Stealth Rock
|turn|6
|
|t:|1743809240
|switch|p2a: Tyrant's Downpour|Pelipper, M|35/100
|-terastallize|p1a: glindseylou|Water
|move|p1a: glindseylou|Liquidation|p2a: Tyrant's Downpour
|-resisted|p2a: Tyrant's Downpour
|-damage|p2a: Tyrant's Downpour|0 fnt
|faint|p2a: Tyrant's Downpour
|
|-weather|RainDance|[upkeep]
|upkeep
|
|t:|1743809249
|switch|p2a: Tyrant's Endgame|Quaquaval, F|100/100
|turn|7
|
|t:|1743809265
|move|p1a: glindseylou|Liquidation|p2a: Tyrant's Endgame
|-resisted|p2a: Tyrant's Endgame
|-damage|p2a: Tyrant's Endgame|7/100
|-unboost|p2a: Tyrant's Endgame|def|1
|move|p2a: Tyrant's Endgame|Aqua Step|p1a: glindseylou
|-resisted|p1a: glindseylou
|-damage|p1a: glindseylou|10/100
|-boost|p2a: Tyrant's Endgame|spe|1
|
|-weather|RainDance|[upkeep]
|upkeep
|turn|8
|
|t:|1743809286
|move|p2a: Tyrant's Endgame|Aqua Jet|p1a: glindseylou
|-resisted|p1a: glindseylou
|-damage|p1a: glindseylou|0 fnt
|faint|p1a: glindseylou
|-ability|p2a: Tyrant's Endgame|Moxie|boost
|-boost|p2a: Tyrant's Endgame|atk|1
|
|-weather|RainDance|[upkeep]
|upkeep
|
|t:|1743809289
|switch|p1a: dinkdinkdink|Greninja, M|100/100
|-damage|p1a: dinkdinkdink|88/100|[from] Stealth Rock
|turn|9
|
|t:|1743809298
|-terastallize|p2a: Tyrant's Endgame|Water
|move|p2a: Tyrant's Endgame|Aqua Jet|p1a: dinkdinkdink
|-resisted|p1a: dinkdinkdink
|-damage|p1a: dinkdinkdink|25/100
|move|p1a: dinkdinkdink|Water Shuriken|p2a: Tyrant's Endgame
|-resisted|p2a: Tyrant's Endgame
|-damage|p2a: Tyrant's Endgame|0 fnt
|faint|p2a: Tyrant's Endgame
|-ability|p1a: dinkdinkdink|Battle Bond|boost
|-boost|p1a: dinkdinkdink|atk|1
|-boost|p1a: dinkdinkdink|spa|1
|-boost|p1a: dinkdinkdink|spe|1
|-activate|p1a: dinkdinkdink|ability: Battle Bond
|-hitcount|p2: Tyrant's Endgame|1
|
|-weather|RainDance|[upkeep]
|upkeep
|
|t:|1743809311
|switch|p2a: King Tyrant|Tyranitar, F|9/100
|-weather|Sandstorm|[from] ability: Sand Stream|[of] p2a: King Tyrant
|turn|10
|
|t:|1743809317
|move|p1a: dinkdinkdink|Water Shuriken|p2a: King Tyrant
|-supereffective|p2a: King Tyrant
|-damage|p2a: King Tyrant|0 fnt
|faint|p2a: King Tyrant
|-hitcount|p2: King Tyrant|1
|
|-weather|Sandstorm|[upkeep]
|-damage|p1a: dinkdinkdink|19/100|[from] Sandstorm
|upkeep
|
|t:|1743809325
|switch|p2a: Tyrant's Legacy|Excadrill, M|100/100
|turn|11
|
|t:|1743809331
|move|p1a: dinkdinkdink|Water Shuriken|p2a: Tyrant's Legacy
|-supereffective|p2a: Tyrant's Legacy
|-damage|p2a: Tyrant's Legacy|70/100
|-supereffective|p2a: Tyrant's Legacy
|-damage|p2a: Tyrant's Legacy|36/100
|-supereffective|p2a: Tyrant's Legacy
|-damage|p2a: Tyrant's Legacy|2/100
|-supereffective|p2a: Tyrant's Legacy
|-damage|p2a: Tyrant's Legacy|0 fnt
|faint|p2a: Tyrant's Legacy
|-hitcount|p2: Tyrant's Legacy|4
|
|-weather|Sandstorm|[upkeep]
|-damage|p1a: dinkdinkdink|13/100|[from] Sandstorm
|upkeep
|
|t:|1743809341
|switch|p2a: Tyrant's Envoy|Jolteon, F|53/100 brn
|turn|12
|
|t:|1743809349
|move|p1a: dinkdinkdink|Water Shuriken|p2a: Tyrant's Envoy
|-damage|p2a: Tyrant's Envoy|40/100 brn
|-damage|p2a: Tyrant's Envoy|25/100 brn
|-damage|p2a: Tyrant's Envoy|12/100 brn
|-damage|p2a: Tyrant's Envoy|0 fnt
|faint|p2a: Tyrant's Envoy
|-hitcount|p2: Tyrant's Envoy|4
|
|-weather|Sandstorm|[upkeep]
|-damage|p1a: dinkdinkdink|7/100|[from] Sandstorm
|upkeep
|
|t:|1743809359
|switch|p2a: Tyrant's Enforcer|Overqwil, F|100/100
|turn|13
|
|t:|1743809362
|move|p1a: dinkdinkdink|Surf|p2a: Tyrant's Enforcer
|-damage|p2a: Tyrant's Enforcer|19/100
|move|p2a: Tyrant's Enforcer|Spikes|p1a: dinkdinkdink
|-sidestart|p1: stacyannglick|Spikes
|
|-weather|Sandstorm|[upkeep]
|-damage|p1a: dinkdinkdink|1/100|[from] Sandstorm
|-damage|p2a: Tyrant's Enforcer|13/100|[from] Sandstorm
|-heal|p2a: Tyrant's Enforcer|19/100|[from] item: Leftovers
|upkeep
|turn|14
|c|☆stacyannglick|gg
|-message|kshuaib734 forfeited.
|
|win|stacyannglick
|raw|stacyannglick's rating: 1648 &rarr; <strong>1669</strong><br />(+21 for winning)
|raw|kshuaib734's rating: 1658 &rarr; <strong>1637</strong><br />(-21 for losing)
|l|☆kshuaib734
|player|p2|
|l|☆stacyannglick
|player|p1|
