|j|☆rogo2030
|j|☆smallbruto
|t:|1743784946
|gametype|singles
|player|p1|rogo2030|102|1361
|player|p2|smallbruto|bruno|1343
|teamsize|p1|6
|teamsize|p2|6
|gen|9
|tier|[Gen 9] OU
|rated|
|rule|HP Percentage Mod: HP is shown in percentages
|rule|Endless Battle Clause: Forcing endless battles is banned
|rule|Species Clause: Limit one of each Pokémon
|rule|OHKO Clause: OHKO moves are banned
|rule|Evasion Items Clause: Evasion items are banned
|rule|Evasion Moves Clause: Evasion moves are banned
|rule|Sleep Moves Clause: Sleep-inducing moves are banned
|clearpoke
|poke|p1|Scizor, F|
|poke|p1|Corviknight, F|
|poke|p1|Ting-Lu|
|poke|p1|Slowking-Galar, F|
|poke|p1|Iron Valiant|
|poke|p1|Ogerpon-Wellspring, F|
|poke|p2|Dragapult, F|
|poke|p2|Landorus-Therian, M|
|poke|p2|Grimmsnarl, M|
|poke|p2|Cinderace, F|
|poke|p2|Jolteon, F|
|poke|p2|Grafaiai, M|
|teampreview
|inactive|Battle timer is ON: inactive players will automatically lose when time's up. (requested by rogo2030)
|
|t:|1743784968
|start
|switch|p1a: Scizor|Scizor, F|100/100
|switch|p2a: Cinderace|Cinderace, F|100/100
|turn|1
|
|t:|1743784982
|switch|p1a: Ting-Lu|Ting-Lu|100/100
|-ability|p1a: Ting-Lu|Vessel of Ruin
|move|p2a: Cinderace|Pyro Ball|p1a: Ting-Lu|[miss]
|-miss|p2a: Cinderace|p1a: Ting-Lu
|
|upkeep
|turn|2
|
|t:|1743784998
|move|p2a: Cinderace|High Jump Kick|p1a: Ting-Lu
|-start|p2a: Cinderace|typechange|Fighting|[from] ability: Libero
|-supereffective|p1a: Ting-Lu
|-crit|p1a: Ting-Lu
|-damage|p1a: Ting-Lu|4/100
|move|p1a: Ting-Lu|Ruination|p2a: Cinderace
|-damage|p2a: Cinderace|51/100
|
|-heal|p1a: Ting-Lu|11/100|[from] item: Leftovers
|upkeep
|turn|3
|
|t:|1743785011
|switch|p1a: Corviknight|Corviknight, F|100/100
|-ability|p1a: Corviknight|Pressure
|move|p2a: Cinderace|U-turn|p1a: Corviknight
|-resisted|p1a: Corviknight
|-damage|p1a: Corviknight|97/100
|-damage|p2a: Cinderace|34/100|[from] item: Rocky Helmet|[of] p1a: Corviknight
|
|t:|1743785031
|switch|p2a: Dragapult|Dragapult, F|100/100|[from] U-turn
|
|upkeep
|turn|4
|
|t:|1743785049
|move|p2a: Dragapult|Shadow Ball|p1a: Corviknight
|-damage|p1a: Corviknight|55/100
|-damage|p2a: Dragapult|91/100|[from] item: Life Orb
|move|p1a: Corviknight|U-turn|p2a: Dragapult
|-resisted|p2a: Dragapult
|-damage|p2a: Dragapult|80/100
|inactive|rogo2030 has 120 seconds left.
|
|t:|1743785070
|switch|p1a: Scizor|Scizor, F|100/100|[from] U-turn
|
|upkeep
|turn|5
|
|t:|1743785077
|move|p2a: Dragapult|U-turn|p1a: Scizor
|-resisted|p1a: Scizor
|-damage|p1a: Scizor|88/100
|-damage|p2a: Dragapult|71/100|[from] item: Life Orb
|
|t:|1743785083
|switch|p2a: Grafaiai|Grafaiai, M|100/100|[from] U-turn
|move|p1a: Scizor|Knock Off|p2a: Grafaiai
|-crit|p2a: Grafaiai
|-damage|p2a: Grafaiai|0 fnt
|-enditem|p2a: Grafaiai|Leftovers|[from] move: Knock Off|[of] p1a: Scizor
|faint|p2a: Grafaiai
|
|upkeep
|
|t:|1743785092
|switch|p2a: Landorus|Landorus-Therian, M|100/100
|-ability|p2a: Landorus|Intimidate|boost
|-unboost|p1a: Scizor|atk|1
|turn|6
|
|t:|1743785098
|switch|p1a: Corviknight|Corviknight, F|55/100
|-ability|p1a: Corviknight|Pressure
|move|p2a: Landorus|Stealth Rock|p1a: Corviknight
|-sidestart|p1: rogo2030|move: Stealth Rock
|
|upkeep
|turn|7
|
|t:|1743785104
|switch|p2a: Cinderace|Cinderace, F|34/100
|move|p1a: Corviknight|Roost|p1a: Corviknight
|-heal|p1a: Corviknight|100/100
|-singleturn|p1a: Corviknight|move: Roost
|
|upkeep
|turn|8
|
|t:|1743785111
|move|p2a: Cinderace|Pyro Ball|p1a: Corviknight|[miss]
|-miss|p2a: Cinderace|p1a: Corviknight
|move|p1a: Corviknight|Body Press|p2a: Cinderace
|-damage|p2a: Cinderace|0 fnt
|faint|p2a: Cinderace
|
|upkeep
|inactive|smallbruto has 120 seconds left.
|
|t:|1743785167
|switch|p2a: Jolteon|Jolteon, F|100/100
|turn|9
|inactive|smallbruto has 90 seconds left.
|
|t:|1743785184
|switch|p1a: Slowking|Slowking-Galar, F|100/100
|move|p2a: Jolteon|Shadow Ball|p1a: Slowking
|-supereffective|p1a: Slowking
|-damage|p1a: Slowking|59/100
|
|upkeep
|turn|10
|
|t:|1743785190
|move|p2a: Jolteon|Shadow Ball|p1a: Slowking
|-supereffective|p1a: Slowking
|-damage|p1a: Slowking|18/100
|move|p1a: Slowking|Toxic|p2a: Jolteon
|-status|p2a: Jolteon|tox
|
|-damage|p2a: Jolteon|95/100 tox|[from] psn
|upkeep
|turn|11
|
|t:|1743785199
|switch|p1a: Ting-Lu|Ting-Lu|11/100
|-damage|p1a: Ting-Lu|4/100|[from] Stealth Rock
|-ability|p1a: Ting-Lu|Vessel of Ruin
|move|p2a: Jolteon|Shadow Ball|p1a: Ting-Lu
|-resisted|p1a: Ting-Lu
|-damage|p1a: Ting-Lu|0 fnt
|faint|p1a: Ting-Lu
|
|-damage|p2a: Jolteon|83/100 tox|[from] psn
|upkeep
|
|t:|1743785207
|switch|p1a: Ogerpon|Ogerpon-Wellspring, F|100/100
|-damage|p1a: Ogerpon|88/100|[from] Stealth Rock
|turn|12
|
|t:|1743785213
|switch|p2a: Dragapult|Dragapult, F|71/100
|move|p1a: Ogerpon|Ivy Cudgel|p2a: Dragapult|[anim] Ivy Cudgel Water
|-resisted|p2a: Dragapult
|-damage|p2a: Dragapult|33/100
|
|upkeep
|turn|13
|
|t:|1743785227
|move|p2a: Dragapult|Shadow Ball|p1a: Ogerpon
|-damage|p1a: Ogerpon|36/100
|-damage|p2a: Dragapult|23/100|[from] item: Life Orb
|move|p1a: Ogerpon|Ivy Cudgel|p2a: Dragapult|[anim] Ivy Cudgel Water
|-resisted|p2a: Dragapult
|-damage|p2a: Dragapult|0 fnt
|faint|p2a: Dragapult
|
|upkeep
|
|t:|1743785235
|switch|p2a: Jolteon|Jolteon, F|83/100 tox
|turn|14
|
|t:|1743785242
|move|p2a: Jolteon|Volt Switch|p1a: Ogerpon
|-damage|p1a: Ogerpon|0 fnt
|faint|p1a: Ogerpon
|
|t:|1743785252
|switch|p2a: Grimmsnarl|Grimmsnarl, M|100/100|[from] Volt Switch
|
|upkeep
|
|t:|1743785257
|switch|p1a: Scizor|Scizor, F|88/100
|-damage|p1a: Scizor|76/100|[from] Stealth Rock
|turn|15
|
|t:|1743785264
|switch|p2a: Landorus|Landorus-Therian, M|100/100
|-ability|p2a: Landorus|Intimidate|boost
|-unboost|p1a: Scizor|atk|1
|move|p1a: Scizor|Bullet Punch|p2a: Landorus
|-damage|p2a: Landorus|65/100
|-damage|p1a: Scizor|60/100|[from] item: Rocky Helmet|[of] p2a: Landorus
|
|upkeep
|turn|16
|
|t:|1743785278
|switch|p1a: Corviknight|Corviknight, F|100/100
|-damage|p1a: Corviknight|88/100|[from] Stealth Rock
|-ability|p1a: Corviknight|Pressure
|move|p2a: Landorus|Earthquake|p1a: Corviknight
|-immune|p1a: Corviknight
|
|upkeep
|turn|17
|
|t:|1743785292
|switch|p2a: Grimmsnarl|Grimmsnarl, M|100/100
|move|p1a: Corviknight|Defog|p2a: Grimmsnarl
|-unboost|p2a: Grimmsnarl|evasion|1
|-sideend|p1: rogo2030|Stealth Rock|[from] move: Defog|[of] p1a: Corviknight
|
|upkeep
|turn|18
|
|t:|1743785297
|move|p2a: Grimmsnarl|Reflect|p2a: Grimmsnarl
|-sidestart|p2: smallbruto|Reflect
|move|p1a: Corviknight|Body Press|p2a: Grimmsnarl
|-damage|p2a: Grimmsnarl|85/100
|
|upkeep
|turn|19
|
|t:|1743785303
|move|p2a: Grimmsnarl|Parting Shot|p1a: Corviknight
|-unboost|p1a: Corviknight|atk|1
|-unboost|p1a: Corviknight|spa|1
|
|t:|1743785306
|switch|p2a: Jolteon|Jolteon, F|83/100 tox|[from] Parting Shot
|move|p1a: Corviknight|Body Press|p2a: Jolteon
|-damage|p2a: Jolteon|58/100 tox
|
|-damage|p2a: Jolteon|53/100 tox|[from] psn
|upkeep
|turn|20
|
|t:|1743785328
|move|p2a: Jolteon|Volt Switch|p1a: Corviknight
|-supereffective|p1a: Corviknight
|-damage|p1a: Corviknight|0 fnt
|faint|p1a: Corviknight
|
|t:|1743785337
|switch|p2a: Grimmsnarl|Grimmsnarl, M|85/100|[from] Volt Switch
|
|upkeep
|
|t:|1743785350
|switch|p1a: Scizor|Scizor, F|60/100
|turn|21
|
|t:|1743785355
|switch|p2a: Landorus|Landorus-Therian, M|65/100
|-ability|p2a: Landorus|Intimidate|boost
|-unboost|p1a: Scizor|atk|1
|move|p1a: Scizor|Bullet Punch|p2a: Landorus
|-damage|p2a: Landorus|48/100
|-damage|p1a: Scizor|43/100|[from] item: Rocky Helmet|[of] p2a: Landorus
|
|upkeep
|turn|22
|
|t:|1743785364
|move|p1a: Scizor|Bullet Punch|p2a: Landorus
|-damage|p2a: Landorus|31/100
|-damage|p1a: Scizor|27/100|[from] item: Rocky Helmet|[of] p2a: Landorus
|move|p2a: Landorus|Earthquake|p1a: Scizor
|-damage|p1a: Scizor|0 fnt
|faint|p1a: Scizor
|
|upkeep
|
|t:|1743785381
|switch|p1a: Iron Valiant|Iron Valiant|100/100
|-enditem|p1a: Iron Valiant|Booster Energy
|-activate|p1a: Iron Valiant|ability: Quark Drive|[fromitem]
|-start|p1a: Iron Valiant|quarkdrivespe
|turn|23
|
|t:|1743785388
|switch|p2a: Grimmsnarl|Grimmsnarl, M|85/100
|move|p1a: Iron Valiant|Moonblast|p2a: Grimmsnarl
|-supereffective|p2a: Grimmsnarl
|-damage|p2a: Grimmsnarl|14/100
|-unboost|p2a: Grimmsnarl|spa|1
|
|upkeep
|turn|24
|
|t:|1743785396
|move|p2a: Grimmsnarl|Light Screen|p2a: Grimmsnarl
|-sidestart|p2: smallbruto|move: Light Screen
|move|p1a: Iron Valiant|Moonblast|p2a: Grimmsnarl
|-supereffective|p2a: Grimmsnarl
|-damage|p2a: Grimmsnarl|0 fnt
|faint|p2a: Grimmsnarl
|
|upkeep
|
|t:|1743785406
|switch|p2a: Jolteon|Jolteon, F|53/100 tox
|turn|25
|
|t:|1743785411
|move|p1a: Iron Valiant|Moonblast|p2a: Jolteon
|-damage|p2a: Jolteon|22/100 tox
|move|p2a: Jolteon|Thunderbolt|p1a: Iron Valiant
|-damage|p1a: Iron Valiant|0 fnt
|faint|p1a: Iron Valiant
|-end|p1a: Iron Valiant|Quark Drive|[silent]
|
|-damage|p2a: Jolteon|16/100 tox|[from] psn
|-sideend|p2: smallbruto|Reflect
|upkeep
|
|t:|1743785423
|switch|p1a: Slowking|Slowking-Galar, F|51/100
|turn|26
|
|t:|1743785451
|-terastallize|p1a: Slowking|Grass
|move|p2a: Jolteon|Thunderbolt|p1a: Slowking
|-resisted|p1a: Slowking
|-damage|p1a: Slowking|33/100
|move|p1a: Slowking|Sludge Bomb|p2a: Jolteon
|-damage|p2a: Jolteon|0 fnt
|faint|p2a: Jolteon
|
|upkeep
|
|t:|1743785457
|switch|p2a: Landorus|Landorus-Therian, M|31/100
|-ability|p2a: Landorus|Intimidate|boost
|-unboost|p1a: Slowking|atk|1
|turn|27
|
|t:|1743785465
|move|p2a: Landorus|U-turn|p1a: Slowking
|-supereffective|p1a: Slowking
|-damage|p1a: Slowking|0 fnt
|faint|p1a: Slowking
|
|win|smallbruto
|raw|rogo2030's rating: 1361 &rarr; <strong>1340</strong><br />(-21 for losing)
|raw|smallbruto's rating: 1343 &rarr; <strong>1364</strong><br />(+21 for winning)
|l|☆rogo2030
|player|p1|
|l|☆smallbruto
|player|p2|
