|j|☆Shubway
|j|☆EDark2652
|t:|1743876177
|gametype|singles
|player|p1|Shubway|2|1221
|player|p2|EDark2652|acetrainer-gen4dp|1238
|teamsize|p1|6
|teamsize|p2|6
|gen|9
|tier|[Gen 9] OU
|rated|
|rule|HP Percentage Mod: HP is shown in percentages
|rule|Endless Battle Clause: Forcing endless battles is banned
|rule|Species Clause: Limit one of each Pokémon
|rule|OHKO Clause: OHKO moves are banned
|rule|Evasion Items Clause: Evasion items are banned
|rule|Evasion Moves Clause: Evasion moves are banned
|rule|Sleep Moves Clause: Sleep-inducing moves are banned
|clearpoke
|poke|p1|Pincurchin, F|
|poke|p1|Iron Moth|
|poke|p1|Suicune|
|poke|p1|Iron Treads|
|poke|p1|Zarude|
|poke|p1|Iron Hands|
|poke|p2|Corviknight, M|
|poke|p2|Garganacl, M|
|poke|p2|Hatterene, F|
|poke|p2|Great Tusk|
|poke|p2|Dragapult, F|
|poke|p2|Slowking-Galar, M|
|teampreview
|
|t:|1743876228
|start
|switch|p1a: Suicune|Suicune|100/100
|switch|p2a: Garganacl|Garganacl, M|100/100
|-ability|p1a: Suicune|Pressure
|turn|1
|
|t:|1743876235
|move|p1a: Suicune|Substitute|p1a: Suicune
|-start|p1a: Suicune|Substitute
|-damage|p1a: Suicune|75/100
|move|p2a: Garganacl|Salt Cure|p1a: Suicune
|-activate|p1a: Suicune|move: Substitute|[damage]
|
|-heal|p1a: Suicune|82/100|[from] item: Leftovers
|upkeep
|turn|2
|
|t:|1743876255
|switch|p2a: Hatterene|Hatterene, F|100/100
|move|p1a: Suicune|Calm Mind|p1a: Suicune
|-boost|p1a: Suicune|spa|1
|-boost|p1a: Suicune|spd|1
|
|-heal|p1a: Suicune|88/100|[from] item: Leftovers
|upkeep
|turn|3
|
|t:|1743876269
|move|p1a: Suicune|Calm Mind|p1a: Suicune
|-boost|p1a: Suicune|spa|1
|-boost|p1a: Suicune|spd|1
|move|p2a: Hatterene|Calm Mind|p2a: Hatterene
|-boost|p2a: Hatterene|spa|1
|-boost|p2a: Hatterene|spd|1
|
|-heal|p1a: Suicune|94/100|[from] item: Leftovers
|upkeep
|turn|4
|
|t:|1743876276
|move|p1a: Suicune|Scald|p2a: Hatterene
|-damage|p2a: Hatterene|66/100
|move|p2a: Hatterene|Calm Mind|p2a: Hatterene
|-boost|p2a: Hatterene|spa|1
|-boost|p2a: Hatterene|spd|1
|
|-heal|p1a: Suicune|99/100|[from] item: Leftovers
|-heal|p2a: Hatterene|72/100|[from] item: Leftovers
|upkeep
|turn|5
|
|t:|1743876283
|move|p1a: Suicune|Scald|p2a: Hatterene
|-damage|p2a: Hatterene|45/100
|-status|p2a: Hatterene|brn
|move|p2a: Hatterene|Giga Drain|p1a: Suicune
|-supereffective|p1a: Suicune
|-end|p1a: Suicune|Substitute
|-heal|p2a: Hatterene|56/100 brn|[from] drain|[of] p1a: Suicune
|
|-heal|p1a: Suicune|100/100|[from] item: Leftovers
|-heal|p2a: Hatterene|62/100 brn|[from] item: Leftovers
|-damage|p2a: Hatterene|56/100 brn|[from] brn
|upkeep
|turn|6
|
|t:|1743876296
|move|p1a: Suicune|Scald|p2a: Hatterene
|-damage|p2a: Hatterene|32/100 brn
|move|p2a: Hatterene|Giga Drain|p1a: Suicune
|-supereffective|p1a: Suicune
|-damage|p1a: Suicune|59/100
|-heal|p2a: Hatterene|58/100 brn|[from] drain|[of] p1a: Suicune
|
|-heal|p1a: Suicune|66/100|[from] item: Leftovers
|-heal|p2a: Hatterene|64/100 brn|[from] item: Leftovers
|-damage|p2a: Hatterene|58/100 brn|[from] brn
|upkeep
|turn|7
|
|t:|1743876307
|switch|p1a: Iron Treads|Iron Treads|100/100
|-item|p1a: Iron Treads|Air Balloon
|move|p2a: Hatterene|Nuzzle|p1a: Iron Treads
|-immune|p1a: Iron Treads
|
|-heal|p2a: Hatterene|64/100 brn|[from] item: Leftovers
|-damage|p2a: Hatterene|58/100 brn|[from] brn
|upkeep
|turn|8
|
|t:|1743876321
|switch|p2a: Corviknight|Corviknight, M|100/100
|-ability|p2a: Corviknight|Pressure
|move|p1a: Iron Treads|Iron Head|p2a: Corviknight
|-resisted|p2a: Corviknight
|-damage|p2a: Corviknight|85/100
|
|-heal|p2a: Corviknight|92/100|[from] item: Leftovers
|upkeep
|turn|9
|
|t:|1743876344
|-end|p1a: Iron Treads|Quark Drive|[silent]
|switch|p1a: Iron Moth|Iron Moth|100/100
|-enditem|p1a: Iron Moth|Booster Energy
|-activate|p1a: Iron Moth|ability: Quark Drive|[fromitem]
|-start|p1a: Iron Moth|quarkdrivespe
|move|p2a: Corviknight|U-turn|p1a: Iron Moth
|-resisted|p1a: Iron Moth
|-damage|p1a: Iron Moth|95/100
|
|t:|1743876351
|switch|p2a: Slowking|Slowking-Galar, M|100/100|[from] U-turn
|
|upkeep
|turn|10
|
|t:|1743876377
|-end|p1a: Iron Moth|Quark Drive|[silent]
|switch|p1a: Pincurchin|Pincurchin, F|100/100
|-fieldstart|move: Electric Terrain|[from] ability: Electric Surge|[of] p1a: Pincurchin
|move|p2a: Slowking|Eerie Spell|p1a: Pincurchin
|-damage|p1a: Pincurchin|72/100
|
|upkeep
|turn|11
|
|t:|1743876385
|move|p2a: Slowking|Flamethrower|p1a: Pincurchin
|-damage|p1a: Pincurchin|50/100
|move|p1a: Pincurchin|Discharge|p2a: Slowking
|-damage|p2a: Slowking|74/100
|-status|p2a: Slowking|par
|
|-heal|p2a: Slowking|80/100 par|[from] item: Black Sludge
|upkeep
|turn|12
|
|t:|1743876394
|move|p1a: Pincurchin|Spikes|p2a: Slowking
|-sidestart|p2: EDark2652|Spikes
|move|p2a: Slowking|Flamethrower|p1a: Pincurchin
|-damage|p1a: Pincurchin|29/100
|
|-heal|p2a: Slowking|87/100 par|[from] item: Black Sludge
|upkeep
|turn|13
|
|t:|1743876400
|move|p1a: Pincurchin|Discharge|p2a: Slowking
|-damage|p2a: Slowking|61/100 par
|move|p2a: Slowking|Toxic|p1a: Pincurchin
|-status|p1a: Pincurchin|tox
|
|-heal|p2a: Slowking|67/100 par|[from] item: Black Sludge
|-damage|p1a: Pincurchin|23/100 tox|[from] psn
|upkeep
|turn|14
|
|t:|1743876410
|switch|p2a: Great Tusk|Great Tusk|100/100
|-damage|p2a: Great Tusk|88/100|[from] Spikes
|move|p1a: Pincurchin|Scald|p2a: Great Tusk
|-supereffective|p2a: Great Tusk
|-damage|p2a: Great Tusk|32/100
|-status|p2a: Great Tusk|brn
|
|-heal|p2a: Great Tusk|38/100 brn|[from] item: Leftovers
|-damage|p1a: Pincurchin|11/100 tox|[from] psn
|-damage|p2a: Great Tusk|32/100 brn|[from] brn
|upkeep
|turn|15
|
|t:|1743876422
|switch|p1a: Iron Moth|Iron Moth|95/100
|-activate|p1a: Iron Moth|ability: Quark Drive
|-start|p1a: Iron Moth|quarkdrivespe
|move|p2a: Great Tusk|Rapid Spin|p1a: Iron Moth
|-damage|p1a: Iron Moth|80/100
|-boost|p2a: Great Tusk|spe|1
|-sideend|p2: EDark2652|Spikes|[from] move: Rapid Spin|[of] p2a: Great Tusk
|
|-heal|p2a: Great Tusk|38/100 brn|[from] item: Leftovers
|-damage|p2a: Great Tusk|32/100 brn|[from] brn
|upkeep
|turn|16
|
|t:|1743876434
|-end|p2a: Great Tusk|Protosynthesis|[silent]
|switch|p2a: Slowking|Slowking-Galar, M|99/100 par
|move|p1a: Iron Moth|Fiery Dance|p2a: Slowking
|-damage|p2a: Slowking|70/100 par
|-boost|p1a: Iron Moth|spa|1
|
|-heal|p2a: Slowking|76/100 par|[from] item: Black Sludge
|upkeep
|turn|17
|
|t:|1743876443
|-terastallize|p1a: Iron Moth|Ground
|move|p1a: Iron Moth|Tera Blast|p2a: Slowking|[anim] Tera Blast Ground
|-supereffective|p2a: Slowking
|-damage|p2a: Slowking|0 fnt
|faint|p2a: Slowking
|
|-fieldend|move: Electric Terrain
|-end|p1a: Iron Moth|Quark Drive
|upkeep
|
|t:|1743876454
|switch|p2a: Dragapult|Dragapult, F|100/100
|turn|18
|
|t:|1743876460
|-end|p1a: Iron Moth|Quark Drive|[silent]
|switch|p1a: Pincurchin|Pincurchin, F|11/100 tox
|-fieldstart|move: Electric Terrain|[from] ability: Electric Surge|[of] p1a: Pincurchin
|move|p2a: Dragapult|Dragon Dance|p2a: Dragapult
|-boost|p2a: Dragapult|atk|1
|-boost|p2a: Dragapult|spe|1
|
|-damage|p1a: Pincurchin|5/100 tox|[from] psn
|upkeep
|turn|19
|
|t:|1743876494
|move|p2a: Dragapult|Dragon Dance|p2a: Dragapult
|-boost|p2a: Dragapult|atk|1
|-boost|p2a: Dragapult|spe|1
|move|p1a: Pincurchin|Thunder Wave|p2a: Dragapult
|-status|p2a: Dragapult|par
|
|-damage|p1a: Pincurchin|0 fnt|[from] psn
|faint|p1a: Pincurchin
|upkeep
|
|t:|1743876500
|switch|p1a: Zarude|Zarude|100/100
|-enditem|p1a: Zarude|Electric Seed
|-boost|p1a: Zarude|def|1|[from] item: Electric Seed
|turn|20
|
|t:|1743876508
|-terastallize|p2a: Dragapult|Dragon
|move|p2a: Dragapult|U-turn|p1a: Zarude
|-supereffective|p1a: Zarude
|-damage|p1a: Zarude|0 fnt
|faint|p1a: Zarude
|
|t:|1743876518
|switch|p2a: Garganacl|Garganacl, M|100/100|[from] U-turn
|
|upkeep
|
|t:|1743876526
|switch|p1a: Iron Treads|Iron Treads|100/100
|-item|p1a: Iron Treads|Air Balloon
|-activate|p1a: Iron Treads|ability: Quark Drive
|-start|p1a: Iron Treads|quarkdrivespe
|turn|21
|
|t:|1743876532
|move|p1a: Iron Treads|Earthquake|p2a: Garganacl
|-supereffective|p2a: Garganacl
|-damage|p2a: Garganacl|57/100
|move|p2a: Garganacl|Salt Cure|p1a: Iron Treads
|-resisted|p1a: Iron Treads
|-damage|p1a: Iron Treads|97/100
|-start|p1a: Iron Treads|Salt Cure
|-enditem|p1a: Iron Treads|Air Balloon
|
|-heal|p2a: Garganacl|63/100|[from] item: Leftovers
|-damage|p1a: Iron Treads|72/100|[from] Salt Cure
|upkeep
|turn|22
|
|t:|1743876542
|-end|p1a: Iron Treads|Quark Drive|[silent]
|switch|p1a: Suicune|Suicune|66/100
|-ability|p1a: Suicune|Pressure
|move|p2a: Garganacl|Recover|p2a: Garganacl
|-heal|p2a: Garganacl|100/100
|
|-heal|p1a: Suicune|72/100|[from] item: Leftovers
|upkeep
|turn|23
|
|t:|1743876548
|switch|p2a: Hatterene|Hatterene, F|58/100 brn
|move|p1a: Suicune|Substitute|p1a: Suicune
|-start|p1a: Suicune|Substitute
|-damage|p1a: Suicune|47/100
|
|-heal|p1a: Suicune|53/100|[from] item: Leftovers
|-heal|p2a: Hatterene|64/100 brn|[from] item: Leftovers
|-damage|p2a: Hatterene|58/100 brn|[from] brn
|upkeep
|turn|24
|
|t:|1743876556
|move|p1a: Suicune|Scald|p2a: Hatterene
|-damage|p2a: Hatterene|31/100 brn
|move|p2a: Hatterene|Giga Drain|p1a: Suicune
|-supereffective|p1a: Suicune
|-end|p1a: Suicune|Substitute
|-heal|p2a: Hatterene|47/100 brn|[from] drain|[of] p1a: Suicune
|
|-heal|p1a: Suicune|59/100|[from] item: Leftovers
|-heal|p2a: Hatterene|53/100 brn|[from] item: Leftovers
|-damage|p2a: Hatterene|47/100 brn|[from] brn
|upkeep
|turn|25
|
|t:|1743876567
|switch|p1a: Iron Treads|Iron Treads|72/100
|-activate|p1a: Iron Treads|ability: Quark Drive
|-start|p1a: Iron Treads|quarkdrivespe
|move|p2a: Hatterene|Giga Drain|p1a: Iron Treads
|-damage|p1a: Iron Treads|28/100
|-heal|p2a: Hatterene|69/100 brn|[from] drain|[of] p1a: Iron Treads
|
|-heal|p2a: Hatterene|75/100 brn|[from] item: Leftovers
|-damage|p2a: Hatterene|69/100 brn|[from] brn
|-fieldend|move: Electric Terrain
|-end|p1a: Iron Treads|Quark Drive
|upkeep
|turn|26
|
|t:|1743876583
|switch|p2a: Corviknight|Corviknight, M|92/100
|-ability|p2a: Corviknight|Pressure
|move|p1a: Iron Treads|Iron Head|p2a: Corviknight
|-resisted|p2a: Corviknight
|-damage|p2a: Corviknight|78/100
|
|-heal|p2a: Corviknight|84/100|[from] item: Leftovers
|upkeep
|turn|27
|
|t:|1743876594
|move|p1a: Iron Treads|Rapid Spin|p2a: Corviknight
|-resisted|p2a: Corviknight
|-damage|p2a: Corviknight|78/100
|-boost|p1a: Iron Treads|spe|1
|move|p2a: Corviknight|U-turn|p1a: Iron Treads
|-resisted|p1a: Iron Treads
|-damage|p1a: Iron Treads|22/100
|
|t:|1743876604
|switch|p2a: Garganacl|Garganacl, M|100/100|[from] U-turn
|
|upkeep
|turn|28
|
|t:|1743876608
|move|p1a: Iron Treads|Earthquake|p2a: Garganacl
|-supereffective|p2a: Garganacl
|-damage|p2a: Garganacl|57/100
|move|p2a: Garganacl|Stealth Rock|p1a: Iron Treads
|-sidestart|p1: Shubway|move: Stealth Rock
|
|-heal|p2a: Garganacl|63/100|[from] item: Leftovers
|upkeep
|turn|29
|
|t:|1743876612
|move|p1a: Iron Treads|Iron Head|p2a: Garganacl
|-supereffective|p2a: Garganacl
|-crit|p2a: Garganacl
|-damage|p2a: Garganacl|1/100
|move|p2a: Garganacl|Salt Cure|p1a: Iron Treads
|-resisted|p1a: Iron Treads
|-damage|p1a: Iron Treads|19/100
|-start|p1a: Iron Treads|Salt Cure
|
|-heal|p2a: Garganacl|7/100|[from] item: Leftovers
|-damage|p1a: Iron Treads|0 fnt|[from] Salt Cure
|faint|p1a: Iron Treads
|-end|p1a: Iron Treads|Quark Drive|[silent]
|upkeep
|
|t:|1743876618
|switch|p1a: Iron Moth|Iron Moth, tera:Ground|80/100
|-damage|p1a: Iron Moth|74/100|[from] Stealth Rock
|turn|30
|
|t:|1743876626
|move|p1a: Iron Moth|Fiery Dance|p2a: Garganacl
|-resisted|p2a: Garganacl
|-damage|p2a: Garganacl|0 fnt
|-boost|p1a: Iron Moth|spa|1
|faint|p2a: Garganacl
|
|upkeep
|
|t:|1743876631
|switch|p2a: Dragapult|Dragapult, F, tera:Dragon|100/100 par
|turn|31
|
|t:|1743876638
|move|p1a: Iron Moth|Tera Blast|p2a: Dragapult|[anim] Tera Blast Ground
|-damage|p2a: Dragapult|18/100 par
|move|p2a: Dragapult|Dragon Darts|p1a: Iron Moth
|-damage|p1a: Iron Moth|20/100
|-anim|p2a: Dragapult|Dragon Darts|p1a: Iron Moth
|-damage|p1a: Iron Moth|0 fnt
|faint|p1a: Iron Moth
|-end|p1a: Iron Moth|Quark Drive|[silent]
|
|upkeep
|
|t:|1743876646
|switch|p1a: Suicune|Suicune|59/100
|-damage|p1a: Suicune|47/100|[from] Stealth Rock
|-ability|p1a: Suicune|Pressure
|turn|32
|
|t:|1743876652
|switch|p2a: Hatterene|Hatterene, F|69/100 brn
|move|p1a: Suicune|Ice Beam|p2a: Hatterene
|-damage|p2a: Hatterene|50/100 brn
|
|-heal|p1a: Suicune|53/100|[from] item: Leftovers
|-heal|p2a: Hatterene|56/100 brn|[from] item: Leftovers
|-damage|p2a: Hatterene|50/100 brn|[from] brn
|upkeep
|turn|33
|
|t:|1743876655
|switch|p1a: Iron Hands|Iron Hands|100/100
|-damage|p1a: Iron Hands|94/100|[from] Stealth Rock
|move|p2a: Hatterene|Giga Drain|p1a: Iron Hands
|-damage|p1a: Iron Hands|76/100
|-heal|p2a: Hatterene|65/100 brn|[from] drain|[of] p1a: Iron Hands
|
|-heal|p2a: Hatterene|71/100 brn|[from] item: Leftovers
|-damage|p2a: Hatterene|65/100 brn|[from] brn
|upkeep
|turn|34
|
|t:|1743876665
|move|p1a: Iron Hands|Supercell Slam|p2a: Hatterene
|-damage|p2a: Hatterene|0 fnt
|faint|p2a: Hatterene
|
|upkeep
|
|t:|1743876672
|switch|p2a: Great Tusk|Great Tusk|32/100 brn
|turn|35
|
|t:|1743876675
|move|p2a: Great Tusk|Earthquake|p1a: Iron Hands
|-supereffective|p1a: Iron Hands
|-damage|p1a: Iron Hands|42/100
|move|p1a: Iron Hands|Ice Punch|p2a: Great Tusk
|-supereffective|p2a: Great Tusk
|-damage|p2a: Great Tusk|0 fnt
|faint|p2a: Great Tusk
|-end|p2a: Great Tusk|Protosynthesis|[silent]
|
|upkeep
|
|t:|1743876683
|switch|p2a: Dragapult|Dragapult, F, tera:Dragon|18/100 par
|turn|36
|
|t:|1743876686
|move|p2a: Dragapult|Will-O-Wisp|p1a: Iron Hands
|-status|p1a: Iron Hands|brn
|move|p1a: Iron Hands|Ice Punch|p2a: Dragapult
|-supereffective|p2a: Dragapult
|-crit|p2a: Dragapult
|-damage|p2a: Dragapult|0 fnt
|faint|p2a: Dragapult
|
|-damage|p1a: Iron Hands|36/100 brn|[from] brn
|upkeep
|
|t:|1743876695
|switch|p2a: Corviknight|Corviknight, M|78/100
|-ability|p2a: Corviknight|Pressure
|turn|37
|
|t:|1743876702
|-end|p1a: Iron Hands|Quark Drive|[silent]
|switch|p1a: Suicune|Suicune|53/100
|-damage|p1a: Suicune|41/100|[from] Stealth Rock
|-ability|p1a: Suicune|Pressure
|move|p2a: Corviknight|Roost|p2a: Corviknight
|-heal|p2a: Corviknight|100/100
|-singleturn|p2a: Corviknight|move: Roost
|
|-heal|p1a: Suicune|47/100|[from] item: Leftovers
|upkeep
|turn|38
|
|t:|1743876707
|move|p1a: Suicune|Scald|p2a: Corviknight
|-crit|p2a: Corviknight
|-damage|p2a: Corviknight|74/100
|move|p2a: Corviknight|Bulk Up|p2a: Corviknight
|-boost|p2a: Corviknight|atk|1
|-boost|p2a: Corviknight|def|1
|
|-heal|p1a: Suicune|53/100|[from] item: Leftovers
|-heal|p2a: Corviknight|80/100|[from] item: Leftovers
|upkeep
|turn|39
|
|t:|1743876717
|move|p1a: Suicune|Scald|p2a: Corviknight
|-damage|p2a: Corviknight|61/100
|move|p2a: Corviknight|Bulk Up|p2a: Corviknight
|-boost|p2a: Corviknight|atk|1
|-boost|p2a: Corviknight|def|1
|
|-heal|p1a: Suicune|59/100|[from] item: Leftovers
|-heal|p2a: Corviknight|68/100|[from] item: Leftovers
|upkeep
|turn|40
|
|t:|1743876721
|move|p1a: Suicune|Scald|p2a: Corviknight
|-damage|p2a: Corviknight|47/100
|move|p2a: Corviknight|Roost|p2a: Corviknight
|-heal|p2a: Corviknight|97/100
|-singleturn|p2a: Corviknight|move: Roost
|
|-heal|p1a: Suicune|65/100|[from] item: Leftovers
|-heal|p2a: Corviknight|100/100|[from] item: Leftovers
|upkeep
|turn|41
|
|t:|1743876727
|move|p1a: Suicune|Scald|p2a: Corviknight
|-damage|p2a: Corviknight|83/100
|move|p2a: Corviknight|Body Press|p1a: Suicune
|-damage|p1a: Suicune|43/100
|
|-heal|p1a: Suicune|49/100|[from] item: Leftovers
|-heal|p2a: Corviknight|89/100|[from] item: Leftovers
|upkeep
|turn|42
|
|t:|1743876736
|move|p1a: Suicune|Scald|p2a: Corviknight
|-damage|p2a: Corviknight|72/100
|move|p2a: Corviknight|Bulk Up|p2a: Corviknight
|-boost|p2a: Corviknight|atk|1
|-boost|p2a: Corviknight|def|1
|
|-heal|p1a: Suicune|55/100|[from] item: Leftovers
|-heal|p2a: Corviknight|78/100|[from] item: Leftovers
|upkeep
|turn|43
|
|t:|1743876748
|move|p1a: Suicune|Scald|p2a: Corviknight
|-damage|p2a: Corviknight|59/100
|move|p2a: Corviknight|Bulk Up|p2a: Corviknight
|-boost|p2a: Corviknight|atk|1
|-boost|p2a: Corviknight|def|1
|
|-heal|p1a: Suicune|62/100|[from] item: Leftovers
|-heal|p2a: Corviknight|65/100|[from] item: Leftovers
|upkeep
|turn|44
|
|t:|1743876755
|move|p1a: Suicune|Scald|p2a: Corviknight
|-damage|p2a: Corviknight|47/100
|-status|p2a: Corviknight|brn
|move|p2a: Corviknight|Roost|p2a: Corviknight
|-heal|p2a: Corviknight|97/100 brn
|-singleturn|p2a: Corviknight|move: Roost
|
|-heal|p1a: Suicune|68/100|[from] item: Leftovers
|-heal|p2a: Corviknight|100/100 brn|[from] item: Leftovers
|-damage|p2a: Corviknight|94/100 brn|[from] brn
|upkeep
|turn|45
|
|t:|1743876766
|move|p1a: Suicune|Calm Mind|p1a: Suicune
|-boost|p1a: Suicune|spa|1
|-boost|p1a: Suicune|spd|1
|move|p2a: Corviknight|Body Press|p1a: Suicune
|-damage|p1a: Suicune|50/100
|
|-heal|p1a: Suicune|56/100|[from] item: Leftovers
|-heal|p2a: Corviknight|100/100 brn|[from] item: Leftovers
|-damage|p2a: Corviknight|94/100 brn|[from] brn
|upkeep
|turn|46
|
|t:|1743876785
|move|p1a: Suicune|Calm Mind|p1a: Suicune
|-boost|p1a: Suicune|spa|1
|-boost|p1a: Suicune|spd|1
|move|p2a: Corviknight|Body Press|p1a: Suicune
|-damage|p1a: Suicune|40/100
|
|-heal|p1a: Suicune|47/100|[from] item: Leftovers
|-heal|p2a: Corviknight|100/100 brn|[from] item: Leftovers
|-damage|p2a: Corviknight|94/100 brn|[from] brn
|upkeep
|turn|47
|
|t:|1743876807
|move|p1a: Suicune|Calm Mind|p1a: Suicune
|-boost|p1a: Suicune|spa|1
|-boost|p1a: Suicune|spd|1
|move|p2a: Corviknight|Body Press|p1a: Suicune
|-damage|p1a: Suicune|30/100
|
|-heal|p1a: Suicune|36/100|[from] item: Leftovers
|-heal|p2a: Corviknight|100/100 brn|[from] item: Leftovers
|-damage|p2a: Corviknight|94/100 brn|[from] brn
|upkeep
|turn|48
|
|t:|1743876813
|move|p1a: Suicune|Scald|p2a: Corviknight
|-damage|p2a: Corviknight|43/100 brn
|move|p2a: Corviknight|Body Press|p1a: Suicune
|-damage|p1a: Suicune|18/100
|
|-heal|p1a: Suicune|25/100|[from] item: Leftovers
|-heal|p2a: Corviknight|49/100 brn|[from] item: Leftovers
|-damage|p2a: Corviknight|43/100 brn|[from] brn
|upkeep
|turn|49
|
|t:|1743876823
|move|p1a: Suicune|Scald|p2a: Corviknight
|-damage|p2a: Corviknight|0 fnt
|faint|p2a: Corviknight
|
|win|Shubway
|raw|Shubway's rating: 1221 &rarr; <strong>1247</strong><br />(+26 for winning)
|raw|EDark2652's rating: 1238 &rarr; <strong>1212</strong><br />(-26 for losing)
|l|☆EDark2652
|player|p2|
|l|☆Shubway
|player|p1|
