|j|☆dzorovich02
|j|☆jxhlsy
|t:|1743784808
|gametype|singles
|player|p1|dzorovich02|1|1064
|player|p2|jxhlsy|youngcouple-gen4dp|1065
|teamsize|p1|6
|teamsize|p2|6
|gen|9
|tier|[Gen 9] OU
|rated|
|rule|HP Percentage Mod: HP is shown in percentages
|rule|Endless Battle Clause: Forcing endless battles is banned
|rule|Species Clause: Limit one of each Pokémon
|rule|OHKO Clause: OHKO moves are banned
|rule|Evasion Items Clause: Evasion items are banned
|rule|Evasion Moves Clause: Evasion moves are banned
|rule|Sleep Moves Clause: Sleep-inducing moves are banned
|clearpoke
|poke|p1|Corviknight, M|
|poke|p1|Dragonite, M|
|poke|p1|Sandy Shocks|
|poke|p1|Slowking-Galar, F|
|poke|p1|Meowscarada, M|
|poke|p1|Alomomola, F|
|poke|p2|Ting-Lu|
|poke|p2|Zapdos|
|poke|p2|Alomomola, M|
|poke|p2|Houndoom, M|
|poke|p2|Ceruledge, F|
|poke|p2|Ursaluna, M|
|teampreview
|
|t:|1743784842
|start
|switch|p1a: footjob|Meowscarada, M|100/100
|switch|p2a: Ting-Lu|Ting-Lu|100/100
|-ability|p2a: Ting-Lu|Vessel of Ruin
|turn|1
|
|t:|1743784853
|move|p1a: footjob|Flower Trick|p2a: Ting-Lu
|-start|p1a: footjob|typechange|Grass|[from] ability: Protean
|-supereffective|p2a: Ting-Lu
|-crit|p2a: Ting-Lu
|-damage|p2a: Ting-Lu|63/100
|move|p2a: Ting-Lu|Spikes|p1a: footjob
|-sidestart|p1: dzorovich02|Spikes
|
|-heal|p2a: Ting-Lu|69/100|[from] item: Leftovers
|upkeep
|turn|2
|
|t:|1743784865
|move|p1a: footjob|Flower Trick|p2a: Ting-Lu
|-supereffective|p2a: Ting-Lu
|-crit|p2a: Ting-Lu
|-damage|p2a: Ting-Lu|32/100
|move|p2a: Ting-Lu|Stealth Rock|p1a: footjob
|-sidestart|p1: dzorovich02|move: Stealth Rock
|
|-heal|p2a: Ting-Lu|39/100|[from] item: Leftovers
|upkeep
|turn|3
|
|t:|1743784876
|switch|p2a: Ceruledge|Ceruledge, F|100/100
|move|p1a: footjob|Flower Trick|p2a: Ceruledge
|-resisted|p2a: Ceruledge
|-crit|p2a: Ceruledge
|-damage|p2a: Ceruledge|61/100
|-ability|p2a: Ceruledge|Weak Armor|boost
|-unboost|p2a: Ceruledge|def|1
|-boost|p2a: Ceruledge|spe|2
|
|upkeep
|turn|4
|
|t:|1743784889
|switch|p1a: Olamamalo|Alomomola, F|100/100
|-damage|p1a: Olamamalo|88/100|[from] Spikes
|-damage|p1a: Olamamalo|76/100|[from] Stealth Rock
|move|p2a: Ceruledge|Bitter Blade|p1a: Olamamalo
|-resisted|p1a: Olamamalo
|-damage|p1a: Olamamalo|63/100
|-heal|p2a: Ceruledge|73/100|[from] drain|[of] p1a: Olamamalo
|
|-heal|p1a: Olamamalo|69/100|[from] item: Leftovers
|upkeep
|turn|5
|
|t:|1743784903
|move|p2a: Ceruledge|Destiny Bond|p2a: Ceruledge
|-singlemove|p2a: Ceruledge|Destiny Bond
|move|p1a: Olamamalo|Scald|p2a: Ceruledge
|-supereffective|p2a: Ceruledge
|-damage|p2a: Ceruledge|39/100
|
|-heal|p1a: Olamamalo|76/100|[from] item: Leftovers
|upkeep
|turn|6
|c|☆dzorovich02|lmfao
|
|t:|1743784918
|move|p2a: Ceruledge|Bitter Blade|p1a: Olamamalo
|-resisted|p1a: Olamamalo
|-damage|p1a: Olamamalo|62/100
|-heal|p2a: Ceruledge|51/100|[from] drain|[of] p1a: Olamamalo
|move|p1a: Olamamalo|Flip Turn|p2a: Ceruledge
|-supereffective|p2a: Ceruledge
|-damage|p2a: Ceruledge|0 fnt
|faint|p2a: Ceruledge
|c|☆dzorovich02|LMFAO
|c|☆dzorovich02|goon
|
|t:|1743784935
|switch|p1a: Cro|Corviknight, M|100/100|[from] Flip Turn
|-damage|p1a: Cro|88/100|[from] Stealth Rock
|
|upkeep
|
|t:|1743784941
|switch|p2a: Zapdos|Zapdos|100/100
|turn|7
|
|t:|1743784951
|switch|p1a: Love Docta|Sandy Shocks|100/100
|move|p2a: Zapdos|Thunder|p1a: Love Docta
|-immune|p1a: Love Docta
|
|upkeep
|turn|8
|
|t:|1743784964
|switch|p2a: Ursaluna|Ursaluna, M|100/100
|-terastallize|p1a: Love Docta|Ice
|move|p1a: Love Docta|Tera Blast|p2a: Ursaluna|[anim] Tera Blast Ice
|-supereffective|p2a: Ursaluna
|-damage|p2a: Ursaluna|34/100
|
|upkeep
|turn|9
|
|t:|1743784976
|move|p1a: Love Docta|Tera Blast|p2a: Ursaluna|[anim] Tera Blast Ice
|-supereffective|p2a: Ursaluna
|-damage|p2a: Ursaluna|0 fnt
|faint|p2a: Ursaluna
|
|upkeep
|
|t:|1743784983
|switch|p2a: Ting-Lu|Ting-Lu|39/100
|-ability|p2a: Ting-Lu|Vessel of Ruin
|turn|10
|c|☆dzorovich02|u a whole novel bro
|
|t:|1743784989
|move|p1a: Love Docta|Tera Blast|p2a: Ting-Lu|[anim] Tera Blast Ice
|-supereffective|p2a: Ting-Lu
|-damage|p2a: Ting-Lu|0 fnt
|faint|p2a: Ting-Lu
|
|upkeep
|
|t:|1743784996
|switch|p2a: Houndoom|Houndoom, M|100/100
|turn|11
|
|t:|1743785008
|move|p1a: Love Docta|Earth Power|p2a: Houndoom
|-supereffective|p2a: Houndoom
|-enditem|p2a: Houndoom|Focus Sash
|-damage|p2a: Houndoom|1/100
|move|p2a: Houndoom|Comeuppance|p1a: Love Docta
|-damage|p1a: Love Docta|0 fnt
|faint|p1a: Love Docta
|-end|p1a: Love Docta|Protosynthesis|[silent]
|
|upkeep
|
|t:|1743785016
|switch|p1a: Olamamalo|Alomomola, F|96/100
|-damage|p1a: Olamamalo|83/100|[from] Spikes
|-damage|p1a: Olamamalo|71/100|[from] Stealth Rock
|turn|12
|
|t:|1743785022
|move|p1a: Olamamalo|Protect|p1a: Olamamalo
|-singleturn|p1a: Olamamalo|Protect
|move|p2a: Houndoom|Destiny Bond|p2a: Houndoom
|-singlemove|p2a: Houndoom|Destiny Bond
|
|-heal|p1a: Olamamalo|77/100|[from] item: Leftovers
|upkeep
|turn|13
|c|☆dzorovich02|reading u like a 6 part series
|
|t:|1743785030
|move|p2a: Houndoom|Destiny Bond||[still]
|-fail|p2a: Houndoom
|move|p1a: Olamamalo|Flip Turn|p2a: Houndoom
|-supereffective|p2a: Houndoom
|-damage|p2a: Houndoom|0 fnt
|faint|p2a: Houndoom
|
|t:|1743785054
|switch|p1a: cheese touch|Dragonite, M, shiny|100/100|[from] Flip Turn
|
|upkeep
|
|t:|1743785059
|switch|p2a: Zapdos|Zapdos|100/100
|turn|14
|
|t:|1743785064
|-terastallize|p2a: Zapdos|Electric
|move|p2a: Zapdos|Thunder|p1a: cheese touch|[miss]
|-miss|p2a: Zapdos|p1a: cheese touch
|move|p1a: cheese touch|Ice Spinner|p2a: Zapdos
|-damage|p2a: Zapdos|62/100
|-status|p1a: cheese touch|par|[from] ability: Static|[of] p2a: Zapdos
|
|upkeep
|turn|15
|
|t:|1743785077
|move|p2a: Zapdos|Thunder|p1a: cheese touch
|-damage|p1a: cheese touch|41/100 par
|cant|p1a: cheese touch|par
|
|upkeep
|turn|16
|
|t:|1743785086
|move|p1a: cheese touch|Extreme Speed|p2a: Zapdos
|-damage|p2a: Zapdos|24/100
|move|p2a: Zapdos|Thunder|p1a: cheese touch|[miss]
|-miss|p2a: Zapdos|p1a: cheese touch
|
|upkeep
|turn|17
|
|t:|1743785093
|move|p1a: cheese touch|Extreme Speed|p2a: Zapdos
|-damage|p2a: Zapdos|0 fnt
|faint|p2a: Zapdos
|
|upkeep
|c|☆dzorovich02|nice job using ur wish support
|inactive|Battle timer is ON: inactive players will automatically lose when time's up. (requested by dzorovich02)
|inactive|jxhlsy has 120 seconds left.
|inactive|jxhlsy has 90 seconds left.
|inactive|jxhlsy has 60 seconds left.
|inactive|jxhlsy has 30 seconds left.
|inactive|jxhlsy has 20 seconds left.
|inactive|jxhlsy has 15 seconds left.
|c|☆dzorovich02|l
|inactive|jxhlsy has 10 seconds left.
|c|☆dzorovich02|L
|inactive|jxhlsy has 5 seconds left.
|-message|jxhlsy lost due to inactivity.
|
|win|dzorovich02
|raw|dzorovich02's rating: 1064 &rarr; <strong>1094</strong><br />(+30 for winning)
|raw|jxhlsy's rating: 1065 &rarr; <strong>1045</strong><br />(-20 for losing)
