|j|☆djays4
|j|☆Minoluck
|t:|1743915047
|gametype|singles
|player|p1|djays4|2|1104
|player|p2|Minoluck|gentleman-gen4|1134
|teamsize|p1|6
|teamsize|p2|6
|gen|9
|tier|[Gen 9] OU
|rated|
|rule|HP Percentage Mod: HP is shown in percentages
|rule|Endless Battle Clause: Forcing endless battles is banned
|rule|Species Clause: Limit one of each Pokémon
|rule|OHKO Clause: OHKO moves are banned
|rule|Evasion Items Clause: Evasion items are banned
|rule|Evasion Moves Clause: Evasion moves are banned
|rule|Sleep Moves Clause: Sleep-inducing moves are banned
|clearpoke
|poke|p1|Glimmora, M|
|poke|p1|Zamazenta-*|
|poke|p1|Latias, F|
|poke|p1|Gholdengo|
|poke|p1|Dragonite, M|
|poke|p1|Ogerpon-Wellspring, F|
|poke|p2|Jirachi|
|poke|p2|Lokix, F|
|poke|p2|Mimikyu, M|
|poke|p2|Gyarados, M|
|poke|p2|Cinderace, F|
|poke|p2|Ting-Lu|
|teampreview
|
|t:|1743915059
|start
|switch|p1a: Glimmora|Glimmora, M, shiny|100/100
|switch|p2a: Jirachi|Jirachi|100/100
|turn|1
|
|t:|1743915067
|move|p2a: Jirachi|Doom Desire|p1a: Glimmora
|-start|p2a: Jirachi|Doom Desire
|move|p1a: Glimmora|Stealth Rock|p2a: Jirachi
|-sidestart|p2: Minoluck|move: Stealth Rock
|
|upkeep
|turn|2
|
|t:|1743915072
|move|p2a: Jirachi|Flash Cannon|p1a: Glimmora
|-supereffective|p1a: Glimmora
|-damage|p1a: Glimmora|17/100
|-enditem|p1a: Glimmora|Red Card|[of] p2a: Jirachi
|drag|p2a: Cinderace|Cinderace, F|100/100
|move|p1a: Glimmora|Earth Power|p2a: Cinderace
|-supereffective|p2a: Cinderace
|-damage|p2a: Cinderace|26/100
|
|upkeep
|turn|3
|
|t:|1743915083
|move|p2a: Cinderace|Iron Head|p1a: Glimmora
|-start|p2a: Cinderace|typechange|Steel|[from] ability: Libero
|-supereffective|p1a: Glimmora
|-damage|p1a: Glimmora|0 fnt
|-activate|p1a: Glimmora|ability: Toxic Debris
|-sidestart|p2: Minoluck|move: Toxic Spikes
|faint|p1a: Glimmora
|
|-hint|Doom Desire did not hit because the target is fainted.
|upkeep
|
|t:|1743915104
|switch|p1a: Ogerpon|Ogerpon-Wellspring, F|100/100
|turn|4
|
|t:|1743915109
|switch|p2a: Gyarados|Gyarados, M|100/100
|-damage|p2a: Gyarados|76/100|[from] Stealth Rock
|-ability|p2a: Gyarados|Intimidate|boost
|-unboost|p1a: Ogerpon|atk|1
|move|p1a: Ogerpon|Swords Dance|p1a: Ogerpon
|-boost|p1a: Ogerpon|atk|2
|
|-heal|p2a: Gyarados|82/100|[from] item: Leftovers
|upkeep
|turn|5
|
|t:|1743915120
|move|p1a: Ogerpon|Swords Dance|p1a: Ogerpon
|-boost|p1a: Ogerpon|atk|2
|move|p2a: Gyarados|Dragon Dance|p2a: Gyarados
|-boost|p2a: Gyarados|atk|1
|-boost|p2a: Gyarados|spe|1
|
|-heal|p2a: Gyarados|88/100|[from] item: Leftovers
|upkeep
|turn|6
|
|t:|1743915125
|move|p2a: Gyarados|Crunch|p1a: Ogerpon
|-damage|p1a: Ogerpon|40/100
|move|p1a: Ogerpon|Horn Leech|p2a: Gyarados
|-damage|p2a: Gyarados|0 fnt
|-heal|p1a: Ogerpon|88/100|[from] drain|[of] p2a: Gyarados
|faint|p2a: Gyarados
|
|upkeep
|
|t:|1743915132
|switch|p2a: Cinderace|Cinderace, F|26/100
|turn|7
|
|t:|1743915140
|move|p2a: Cinderace|Court Change|p2a: Cinderace
|-start|p2a: Cinderace|typechange|Normal|[from] ability: Libero
|-swapsideconditions
|-activate|p2a: Cinderace|move: Court Change
|move|p1a: Ogerpon|Trailblaze|p2a: Cinderace
|-damage|p2a: Cinderace|0 fnt
|-boost|p1a: Ogerpon|spe|1
|faint|p2a: Cinderace
|
|upkeep
|
|t:|1743915143
|switch|p2a: Lokix|Lokix, F|100/100
|turn|8
|
|t:|1743915152
|move|p2a: Lokix|First Impression|p1a: Ogerpon
|-supereffective|p1a: Ogerpon
|-damage|p1a: Ogerpon|0 fnt
|faint|p1a: Ogerpon
|-damage|p2a: Lokix|91/100|[from] item: Life Orb
|
|upkeep
|inactive|Battle timer is ON: inactive players will automatically lose when time's up. (requested by Minoluck)
|
|t:|1743915159
|switch|p1a: Dragonite|Dragonite, M|100/100
|turn|9
|
|t:|1743915164
|move|p2a: Lokix|U-turn|p1a: Dragonite
|-resisted|p1a: Dragonite
|-damage|p1a: Dragonite|80/100
|-damage|p2a: Lokix|81/100|[from] item: Life Orb
|
|t:|1743915169
|switch|p2a: Ting-Lu|Ting-Lu|100/100|[from] U-turn
|-ability|p2a: Ting-Lu|Vessel of Ruin
|move|p1a: Dragonite|Dragon Dance|p1a: Dragonite
|-boost|p1a: Dragonite|atk|1
|-boost|p1a: Dragonite|spe|1
|
|upkeep
|turn|10
|
|t:|1743915178
|move|p1a: Dragonite|Dragon Dance|p1a: Dragonite
|-boost|p1a: Dragonite|atk|1
|-boost|p1a: Dragonite|spe|1
|move|p2a: Ting-Lu|Whirlwind|p1a: Dragonite
|drag|p1a: Latias|Latias, F, shiny|100/100
|-damage|p1a: Latias|88/100|[from] Stealth Rock
|
|upkeep
|turn|11
|
|t:|1743915191
|move|p1a: Latias|Draining Kiss|p2a: Ting-Lu
|-supereffective|p2a: Ting-Lu
|-damage|p2a: Ting-Lu|85/100
|-heal|p1a: Latias|100/100|[from] drain|[of] p2a: Ting-Lu
|move|p2a: Ting-Lu|Ruination|p1a: Latias|[miss]
|-miss|p2a: Ting-Lu|p1a: Latias
|
|-heal|p2a: Ting-Lu|91/100|[from] item: Leftovers
|upkeep
|turn|12
|
|t:|1743915212
|move|p1a: Latias|Calm Mind|p1a: Latias
|-boost|p1a: Latias|spa|1
|-boost|p1a: Latias|spd|1
|move|p2a: Ting-Lu|Whirlwind|p1a: Latias
|drag|p1a: Gholdengo|Gholdengo|100/100
|-damage|p1a: Gholdengo|94/100|[from] Stealth Rock
|
|-heal|p2a: Ting-Lu|97/100|[from] item: Leftovers
|upkeep
|turn|13
|
|t:|1743915222
|move|p1a: Gholdengo|Nasty Plot|p1a: Gholdengo
|-boost|p1a: Gholdengo|spa|2
|move|p2a: Ting-Lu|Earthquake|p1a: Gholdengo
|-supereffective|p1a: Gholdengo
|-crit|p1a: Gholdengo
|-damage|p1a: Gholdengo|0 fnt
|faint|p1a: Gholdengo
|
|-heal|p2a: Ting-Lu|100/100|[from] item: Leftovers
|upkeep
|
|t:|1743915230
|switch|p1a: Dragonite|Dragonite, M|80/100
|turn|14
|
|t:|1743915238
|move|p1a: Dragonite|Ice Spinner|p2a: Ting-Lu
|-supereffective|p2a: Ting-Lu
|-damage|p2a: Ting-Lu|66/100
|move|p2a: Ting-Lu|Ruination|p1a: Dragonite
|-damage|p1a: Dragonite|40/100
|
|-heal|p2a: Ting-Lu|72/100|[from] item: Leftovers
|upkeep
|turn|15
|
|t:|1743915249
|move|p1a: Dragonite|Ice Spinner|p2a: Ting-Lu
|-supereffective|p2a: Ting-Lu
|-damage|p2a: Ting-Lu|41/100
|move|p2a: Ting-Lu|Whirlwind|p1a: Dragonite
|drag|p1a: Latias|Latias, F, shiny|100/100
|-damage|p1a: Latias|88/100|[from] Stealth Rock
|
|-heal|p2a: Ting-Lu|47/100|[from] item: Leftovers
|upkeep
|turn|16
|
|t:|1743915259
|switch|p2a: Lokix|Lokix, F|81/100
|move|p1a: Latias|Draining Kiss|p2a: Lokix
|-supereffective|p2a: Lokix
|-crit|p2a: Lokix
|-damage|p2a: Lokix|0 fnt
|-heal|p1a: Latias|100/100|[from] drain|[of] p2a: Lokix
|faint|p2a: Lokix
|
|upkeep
|
|t:|1743915264
|switch|p2a: Jirachi|Jirachi|100/100
|turn|17
|
|t:|1743915269
|move|p2a: Jirachi|Doom Desire|p1a: Latias
|-start|p2a: Jirachi|Doom Desire
|move|p1a: Latias|Calm Mind|p1a: Latias
|-boost|p1a: Latias|spa|1
|-boost|p1a: Latias|spd|1
|
|upkeep
|turn|18
|
|t:|1743915273
|move|p2a: Jirachi|Flash Cannon|p1a: Latias
|-damage|p1a: Latias|80/100
|move|p1a: Latias|Calm Mind|p1a: Latias
|-boost|p1a: Latias|spa|1
|-boost|p1a: Latias|spd|1
|
|upkeep
|turn|19
|
|t:|1743915279
|move|p2a: Jirachi|Flash Cannon|p1a: Latias
|-damage|p1a: Latias|63/100
|-unboost|p1a: Latias|spd|1
|move|p1a: Latias|Calm Mind|p1a: Latias
|-boost|p1a: Latias|spa|1
|-boost|p1a: Latias|spd|1
|
|-end|p1a: Latias|move: Doom Desire
|-damage|p1a: Latias|33/100
|-enditem|p1a: Latias|Sitrus Berry|[eat]
|-heal|p1a: Latias|58/100|[from] item: Sitrus Berry
|upkeep
|turn|20
|
|t:|1743915291
|move|p2a: Jirachi|Doom Desire|p1a: Latias
|-start|p2a: Jirachi|Doom Desire
|move|p1a: Latias|Stored Power|p2a: Jirachi
|-resisted|p2a: Jirachi
|-damage|p2a: Jirachi|69/100
|
|upkeep
|turn|21
|
|t:|1743915302
|move|p2a: Jirachi|Flash Cannon|p1a: Latias
|-damage|p1a: Latias|42/100
|move|p1a: Latias|Draining Kiss|p2a: Jirachi
|-resisted|p2a: Jirachi
|-damage|p2a: Jirachi|52/100
|-heal|p1a: Latias|55/100|[from] drain|[of] p2a: Jirachi
|
|upkeep
|turn|22
|
|t:|1743915310
|move|p2a: Jirachi|Thunder|p1a: Latias
|-resisted|p1a: Latias
|-damage|p1a: Latias|48/100
|move|p1a: Latias|Draining Kiss|p2a: Jirachi
|-resisted|p2a: Jirachi
|-damage|p2a: Jirachi|35/100
|-heal|p1a: Latias|61/100|[from] drain|[of] p2a: Jirachi
|
|-end|p1a: Latias|move: Doom Desire
|-damage|p1a: Latias|31/100
|upkeep
|turn|23
|
|t:|1743915324
|move|p2a: Jirachi|Thunder|p1a: Latias|[miss]
|-miss|p2a: Jirachi|p1a: Latias
|move|p1a: Latias|Stored Power|p2a: Jirachi
|-resisted|p2a: Jirachi
|-damage|p2a: Jirachi|6/100
|
|upkeep
|turn|24
|
|t:|1743915332
|move|p2a: Jirachi|Thunder|p1a: Latias
|-resisted|p1a: Latias
|-damage|p1a: Latias|25/100
|move|p1a: Latias|Draining Kiss|p2a: Jirachi
|-resisted|p2a: Jirachi
|-damage|p2a: Jirachi|0 fnt
|-heal|p1a: Latias|29/100|[from] drain|[of] p2a: Jirachi
|faint|p2a: Jirachi
|
|upkeep
|
|t:|1743915337
|switch|p2a: Mimikyu|Mimikyu, M|100/100
|turn|25
|
|t:|1743915342
|move|p2a: Mimikyu|Swords Dance|p2a: Mimikyu
|-boost|p2a: Mimikyu|atk|2
|move|p1a: Latias|Draining Kiss|p2a: Mimikyu
|-activate|p2a: Mimikyu|ability: Disguise
|-damage|p2a: Mimikyu|100/100
|detailschange|p2a: Mimikyu|Mimikyu-Busted, M
|-damage|p2a: Mimikyu|88/100|[from] pokemon: Mimikyu-Busted
|
|upkeep
|turn|26
|
|t:|1743915350
|move|p2a: Mimikyu|Shadow Sneak|p1a: Latias
|-supereffective|p1a: Latias
|-damage|p1a: Latias|0 fnt
|faint|p1a: Latias
|-damage|p2a: Mimikyu|78/100|[from] item: Life Orb
|
|upkeep
|
|t:|1743915355
|switch|p1a: Dragonite|Dragonite, M|40/100
|turn|27
|
|t:|1743915363
|move|p1a: Dragonite|Extreme Speed|p2a: Mimikyu
|-immune|p2a: Mimikyu
|move|p2a: Mimikyu|Play Rough|p1a: Dragonite
|-supereffective|p1a: Dragonite
|-damage|p1a: Dragonite|0 fnt
|faint|p1a: Dragonite
|-damage|p2a: Mimikyu|68/100|[from] item: Life Orb
|
|upkeep
|
|t:|1743915368
|switch|p1a: Zamazenta|Zamazenta|100/100
|-damage|p1a: Zamazenta|94/100|[from] Stealth Rock
|-status|p1a: Zamazenta|psn
|-ability|p1a: Zamazenta|Dauntless Shield|boost
|-boost|p1a: Zamazenta|def|1
|turn|28
|
|t:|1743915376
|move|p1a: Zamazenta|Crunch|p2a: Mimikyu
|-damage|p2a: Mimikyu|29/100
|move|p2a: Mimikyu|Play Rough|p1a: Zamazenta
|-supereffective|p1a: Zamazenta
|-damage|p1a: Zamazenta|0 fnt
|faint|p1a: Zamazenta
|-damage|p2a: Mimikyu|19/100|[from] item: Life Orb
|
|win|Minoluck
|raw|djays4's rating: 1104 &rarr; <strong>1081</strong><br />(-23 for losing)
|raw|Minoluck's rating: 1134 &rarr; <strong>1157</strong><br />(+23 for winning)
|l|☆Minoluck
|player|p2|
|l|☆djays4
|player|p1|
