|j|☆Plogop
|j|☆flan727
|t:|1743913303
|gametype|singles
|player|p1|Plogop|erika|1512
|player|p2|flan727|unknownf|1472
|teamsize|p1|6
|teamsize|p2|6
|gen|9
|tier|[Gen 9] OU
|rated|
|rule|HP Percentage Mod: HP is shown in percentages
|rule|Endless Battle Clause: Forcing endless battles is banned
|rule|Species Clause: Limit one of each Pokémon
|rule|OHKO Clause: OHKO moves are banned
|rule|Evasion Items Clause: Evasion items are banned
|rule|Evasion Moves Clause: Evasion moves are banned
|rule|Sleep Moves Clause: Sleep-inducing moves are banned
|clearpoke
|poke|p1|Ceruledge, M|
|poke|p1|Deoxys-Speed|
|poke|p1|Iron Crown|
|poke|p1|Scizor, M|
|poke|p1|Dragonite, M|
|poke|p1|Iron Boulder|
|poke|p2|Indeedee, M|
|poke|p2|Polteageist-Antique|
|poke|p2|Hatterene, F|
|poke|p2|Maushold-Four|
|poke|p2|Blaziken, M|
|poke|p2|Iron Boulder|
|teampreview
|inactive|Battle timer is ON: inactive players will automatically lose when time's up. (requested by flan727)
|inactive|Plogop has 120 seconds left.
|
|t:|1743913338
|start
|switch|p1a: Scizor|Scizor, M|100/100
|switch|p2a: publ|Indeedee, M|100/100
|-fieldstart|move: Psychic Terrain|[from] ability: Psychic Surge|[of] p2a: publ
|turn|1
|
|t:|1743913359
|switch|p2a: cool hat|Hatterene, F, shiny|100/100
|move|p1a: Scizor|Knock Off|p2a: cool hat
|-damage|p2a: cool hat|69/100
|-enditem|p2a: cool hat|Eject Button|[from] move: Knock Off|[of] p1a: Scizor
|
|upkeep
|turn|2
|
|t:|1743913384
|switch|p1a: Ceruledge|Ceruledge, M|100/100
|move|p2a: cool hat|Mystical Fire|p1a: Ceruledge
|-resisted|p1a: Ceruledge
|-damage|p1a: Ceruledge|85/100
|-unboost|p1a: Ceruledge|spa|1
|
|upkeep
|turn|3
|
|t:|1743913400
|move|p1a: Ceruledge|Bitter Blade|p2a: cool hat
|-damage|p2a: cool hat|30/100
|-heal|p1a: Ceruledge|100/100|[from] drain|[of] p2a: cool hat
|move|p2a: cool hat|Calm Mind|p2a: cool hat
|-boost|p2a: cool hat|spa|1
|-boost|p2a: cool hat|spd|1
|
|upkeep
|turn|4
|
|t:|1743913406
|move|p1a: Ceruledge|Bitter Blade|p2a: cool hat
|-damage|p2a: cool hat|0 fnt
|faint|p2a: cool hat
|
|upkeep
|
|t:|1743913410
|switch|p2a: rock guy|Iron Boulder|100/100
|-enditem|p2a: rock guy|Booster Energy
|-activate|p2a: rock guy|ability: Quark Drive|[fromitem]
|-start|p2a: rock guy|quarkdrivespe
|turn|5
|inactive|Plogop has 120 seconds left.
|
|t:|1743913442
|move|p1a: Ceruledge|Endure|p1a: Ceruledge
|-singleturn|p1a: Ceruledge|move: Endure
|move|p2a: rock guy|Swords Dance|p2a: rock guy
|-boost|p2a: rock guy|atk|2
|
|upkeep
|turn|6
|inactive|Plogop has 120 seconds left.
|
|t:|1743913463
|switch|p1a: Scizor|Scizor, M|100/100
|move|p2a: rock guy|Swords Dance|p2a: rock guy
|-boost|p2a: rock guy|atk|2
|
|upkeep
|turn|7
|inactive|Plogop has 120 seconds left.
|
|t:|1743913480
|move|p2a: rock guy|Mighty Cleave|p1a: Scizor
|-crit|p1a: Scizor
|-damage|p1a: Scizor|0 fnt
|faint|p1a: Scizor
|
|upkeep
|
|t:|1743913504
|switch|p1a: Deoxys|Deoxys-Speed|100/100
|-ability|p1a: Deoxys|Pressure
|turn|8
|
|t:|1743913516
|move|p2a: rock guy|Mighty Cleave|p1a: Deoxys
|-enditem|p1a: Deoxys|Focus Sash
|-damage|p1a: Deoxys|1/100
|move|p1a: Deoxys|Taunt|p2a: rock guy
|-start|p2a: rock guy|move: Taunt
|
|-fieldend|move: Psychic Terrain
|upkeep
|turn|9
|
|t:|1743913520
|move|p2a: rock guy|Mighty Cleave|p1a: Deoxys
|-damage|p1a: Deoxys|0 fnt
|faint|p1a: Deoxys
|
|upkeep
|
|t:|1743913523
|switch|p1a: Ceruledge|Ceruledge, M|100/100
|turn|10
|
|t:|1743913526
|move|p1a: Ceruledge|Endure|p1a: Ceruledge
|-singleturn|p1a: Ceruledge|move: Endure
|move|p2a: rock guy|Mighty Cleave|p1a: Ceruledge
|-supereffective|p1a: Ceruledge
|-activate|p1a: Ceruledge|move: Endure
|-damage|p1a: Ceruledge|1/100
|-ability|p1a: Ceruledge|Weak Armor|boost
|-unboost|p1a: Ceruledge|def|1
|-boost|p1a: Ceruledge|spe|2
|-enditem|p1a: Ceruledge|Weakness Policy
|-boost|p1a: Ceruledge|atk|2|[from] item: Weakness Policy
|-boost|p1a: Ceruledge|spa|2|[from] item: Weakness Policy
|
|upkeep
|turn|11
|
|t:|1743913531
|move|p1a: Ceruledge|Close Combat|p2a: rock guy
|-damage|p2a: rock guy|5/100
|-unboost|p1a: Ceruledge|def|1
|-unboost|p1a: Ceruledge|spd|1
|move|p2a: rock guy|Mighty Cleave|p1a: Ceruledge
|-supereffective|p1a: Ceruledge
|-damage|p1a: Ceruledge|0 fnt
|faint|p1a: Ceruledge
|
|-end|p2a: rock guy|move: Taunt
|upkeep
|c|☆Plogop|bruh are you kidding me
|inactive|Plogop has 120 seconds left.
|
|t:|1743913549
|switch|p1a: Dragonite|Dragonite, M|100/100
|turn|12
|
|t:|1743913565
|-end|p2a: rock guy|Quark Drive|[silent]
|switch|p2a: publ|Indeedee, M|100/100
|-fieldstart|move: Psychic Terrain|[from] ability: Psychic Surge|[of] p2a: publ
|-terastallize|p1a: Dragonite|Ground
|move|p1a: Dragonite|Scale Shot|p2a: publ
|-damage|p2a: publ|72/100
|-damage|p2a: publ|41/100
|-damage|p2a: publ|12/100
|-damage|p2a: publ|0 fnt
|faint|p2a: publ
|-hitcount|p2: publ|4
|-unboost|p1a: Dragonite|def|1
|-boost|p1a: Dragonite|spe|1
|
|upkeep
|
|t:|1743913573
|switch|p2a: Maushold|Maushold-Four|100/100
|turn|13
|
|t:|1743913578
|move|p1a: Dragonite|Scale Shot|p2a: Maushold|[miss]
|-miss|p1a: Dragonite|p2a: Maushold
|move|p2a: Maushold|Population Bomb|p1a: Dragonite
|-damage|p1a: Dragonite|91/100
|-damage|p1a: Dragonite|72/100
|-damage|p1a: Dragonite|53/100
|-damage|p1a: Dragonite|36/100
|-crit|p1a: Dragonite
|-damage|p1a: Dragonite|9/100
|-damage|p1a: Dragonite|0 fnt
|faint|p1a: Dragonite
|-hitcount|p1: Dragonite|6
|
|upkeep
|c|☆flan727|sry
|
|t:|1743913589
|switch|p1a: Iron Crown|Iron Crown|100/100
|-enditem|p1a: Iron Crown|Booster Energy
|-activate|p1a: Iron Crown|ability: Quark Drive|[fromitem]
|-start|p1a: Iron Crown|quarkdrivespe
|turn|14
|
|t:|1743913599
|-terastallize|p2a: Maushold|Dark
|move|p1a: Iron Crown|Tachyon Cutter|p2a: Maushold
|-damage|p2a: Maushold|67/100
|-damage|p2a: Maushold|32/100
|-hitcount|p2a: Maushold|2
|move|p2a: Maushold|Bite|p1a: Iron Crown
|-supereffective|p1a: Iron Crown
|-damage|p1a: Iron Crown|34/100
|
|upkeep
|turn|15
|
|t:|1743913607
|move|p1a: Iron Crown|Tachyon Cutter|p2a: Maushold
|-damage|p2a: Maushold|0 fnt
|faint|p2a: Maushold
|-hitcount|p2: Maushold|1
|
|upkeep
|
|t:|1743913610
|switch|p2a: kfc|Blaziken, M|100/100
|turn|16
|
|t:|1743913616
|switch|p2a: rock guy|Iron Boulder|5/100
|move|p1a: Iron Crown|Psyshock|p2a: rock guy
|-resisted|p2a: rock guy
|-damage|p2a: rock guy|0 fnt
|faint|p2a: rock guy
|-end|p2a: rock guy|Quark Drive|[silent]
|
|upkeep
|
|t:|1743913618
|switch|p2a: oolong tea|Polteageist-Antique, shiny|100/100
|turn|17
|
|t:|1743913621
|move|p1a: Iron Crown|Tachyon Cutter|p2a: oolong tea
|-damage|p2a: oolong tea|71/100
|-damage|p2a: oolong tea|43/100
|-hitcount|p2a: oolong tea|2
|move|p2a: oolong tea|Shell Smash|p2a: oolong tea
|-unboost|p2a: oolong tea|def|1
|-unboost|p2a: oolong tea|spd|1
|-boost|p2a: oolong tea|atk|2
|-boost|p2a: oolong tea|spa|2
|-boost|p2a: oolong tea|spe|2
|
|upkeep
|turn|18
|
|t:|1743913628
|move|p2a: oolong tea|Shadow Ball|p1a: Iron Crown
|-supereffective|p1a: Iron Crown
|-damage|p1a: Iron Crown|0 fnt
|faint|p1a: Iron Crown
|-end|p1a: Iron Crown|Quark Drive|[silent]
|
|upkeep
|
|t:|1743913631
|switch|p1a: Iron Boulder|Iron Boulder|100/100
|-enditem|p1a: Iron Boulder|Booster Energy
|-activate|p1a: Iron Boulder|ability: Quark Drive|[fromitem]
|-start|p1a: Iron Boulder|quarkdrivespe
|turn|19
|
|t:|1743913634
|move|p1a: Iron Boulder|Mighty Cleave|p2a: oolong tea
|-damage|p2a: oolong tea|0 fnt
|faint|p2a: oolong tea
|
|-fieldend|move: Psychic Terrain
|upkeep
|
|t:|1743913636
|switch|p2a: kfc|Blaziken, M|100/100
|turn|20
|
|t:|1743913645
|move|p1a: Iron Boulder|Zen Headbutt|p2a: kfc
|-supereffective|p2a: kfc
|-damage|p2a: kfc|0 fnt
|faint|p2a: kfc
|
|win|Plogop
|raw|Plogop's rating: 1512 &rarr; <strong>1530</strong><br />(+18 for winning)
|raw|flan727's rating: 1472 &rarr; <strong>1454</strong><br />(-18 for losing)
|c|☆Plogop|gg
|l|☆flan727
|player|p2|
|l|☆Plogop
|player|p1|
