|j|☆Azummareal
|j|☆NoNolEscargot
|t:|1743877841
|gametype|singles
|player|p1|Azummareal|zinnia|1630
|player|p2|NoNolEscargot|palmer|1574
|teamsize|p1|6
|teamsize|p2|6
|gen|9
|tier|[Gen 9] OU
|rated|
|rule|HP Percentage Mod: HP is shown in percentages
|rule|Endless Battle Clause: Forcing endless battles is banned
|rule|Species Clause: Limit one of each Pokémon
|rule|OHKO Clause: OHKO moves are banned
|rule|Evasion Items Clause: Evasion items are banned
|rule|Evasion Moves Clause: Evasion moves are banned
|rule|Sleep Moves Clause: Sleep-inducing moves are banned
|clearpoke
|poke|p1|Ogerpon-Cornerstone, F|
|poke|p1|Enamorus, F|
|poke|p1|Raging Bolt|
|poke|p1|Kyurem|
|poke|p1|Sinistcha-Masterpiece|
|poke|p1|Zamazenta-*|
|poke|p2|Rillaboom, M|
|poke|p2|Kingambit, F|
|poke|p2|Iron Valiant|
|poke|p2|Heatran, M|
|poke|p2|Great Tusk|
|poke|p2|Slowking-Galar, F|
|teampreview
|
|t:|1743877861
|start
|switch|p1a: Ogerpon|Ogerpon-Cornerstone, F|100/100
|switch|p2a: Rillaboom|Rillaboom, M|100/100
|-fieldstart|move: Grassy Terrain|[from] ability: Grassy Surge|[of] p2a: Rillaboom
|turn|1
|
|t:|1743877875
|switch|p1a: Sinistcha|Sinistcha-Masterpiece|100/100
|move|p2a: Rillaboom|Drain Punch|p1a: Sinistcha
|-immune|p1a: Sinistcha
|
|upkeep
|turn|2
|
|t:|1743877883
|switch|p1a: Ogerpon|Ogerpon-Cornerstone, F|100/100
|move|p2a: Rillaboom|Knock Off|p1a: Ogerpon
|-damage|p1a: Ogerpon|67/100
|
|-heal|p1a: Ogerpon|73/100|[from] Grassy Terrain
|upkeep
|turn|3
|inactive|Battle timer is ON: inactive players will automatically lose when time's up. (requested by NoNolEscargot)
|
|t:|1743877932
|move|p1a: Ogerpon|Spikes|p2a: Rillaboom
|-sidestart|p2: NoNolEscargot|Spikes
|move|p2a: Rillaboom|Drain Punch|p1a: Ogerpon
|-supereffective|p1a: Ogerpon
|-damage|p1a: Ogerpon|0 fnt
|faint|p1a: Ogerpon
|
|upkeep
|
|t:|1743877937
|switch|p1a: Kyurem|Kyurem|100/100
|-ability|p1a: Kyurem|Pressure
|turn|4
|
|t:|1743877947
|switch|p2a: Slowking|Slowking-Galar, F|100/100
|-damage|p2a: Slowking|88/100|[from] Spikes
|move|p1a: Kyurem|Icicle Spear|p2a: Slowking
|-damage|p2a: Slowking|74/100
|-damage|p2a: Slowking|60/100
|-damage|p2a: Slowking|46/100
|-damage|p2a: Slowking|33/100
|-damage|p2a: Slowking|19/100
|-hitcount|p2a: Slowking|5
|
|-heal|p2a: Slowking|25/100|[from] Grassy Terrain
|upkeep
|turn|5
|
|t:|1743877962
|switch|p2a: Heatran|Heatran, M|100/100
|-damage|p2a: Heatran|88/100|[from] Spikes
|move|p1a: Kyurem|Icicle Spear|p2a: Heatran
|-resisted|p2a: Heatran
|-damage|p2a: Heatran|85/100
|-resisted|p2a: Heatran
|-damage|p2a: Heatran|82/100
|-resisted|p2a: Heatran
|-damage|p2a: Heatran|80/100
|-resisted|p2a: Heatran
|-damage|p2a: Heatran|77/100
|-hitcount|p2a: Heatran|4
|
|-heal|p2a: Heatran|83/100|[from] Grassy Terrain
|-heal|p2a: Heatran|89/100|[from] item: Leftovers
|-fieldend|move: Grassy Terrain
|upkeep
|turn|6
|
|t:|1743877978
|switch|p1a: Raging Bolt|Raging Bolt|100/100
|-enditem|p1a: Raging Bolt|Booster Energy
|-activate|p1a: Raging Bolt|ability: Protosynthesis|[fromitem]
|-start|p1a: Raging Bolt|protosynthesisspa
|switch|p2a: Rillaboom|Rillaboom, M|100/100
|-damage|p2a: Rillaboom|88/100|[from] Spikes
|-fieldstart|move: Grassy Terrain|[from] ability: Grassy Surge|[of] p2a: Rillaboom
|
|-heal|p2a: Rillaboom|94/100|[from] Grassy Terrain
|-heal|p2a: Rillaboom|100/100|[from] item: Leftovers
|upkeep
|turn|7
|
|t:|1743877994
|move|p2a: Rillaboom|Swords Dance|p2a: Rillaboom
|-boost|p2a: Rillaboom|atk|2
|move|p1a: Raging Bolt|Dragon Pulse|p2a: Rillaboom
|-damage|p2a: Rillaboom|19/100
|
|-heal|p2a: Rillaboom|25/100|[from] Grassy Terrain
|-heal|p2a: Rillaboom|31/100|[from] item: Leftovers
|upkeep
|turn|8
|inactive|Azummareal has 120 seconds left.
|inactive|Azummareal has 90 seconds left.
|
|t:|1743878051
|-terastallize|p1a: Raging Bolt|Bug
|move|p2a: Rillaboom|Drain Punch|p1a: Raging Bolt
|-resisted|p1a: Raging Bolt
|-damage|p1a: Raging Bolt|76/100
|-heal|p2a: Rillaboom|45/100|[from] drain|[of] p1a: Raging Bolt
|move|p1a: Raging Bolt|Calm Mind|p1a: Raging Bolt
|-boost|p1a: Raging Bolt|spa|1
|-boost|p1a: Raging Bolt|spd|1
|
|-heal|p2a: Rillaboom|51/100|[from] Grassy Terrain
|-heal|p2a: Rillaboom|58/100|[from] item: Leftovers
|-heal|p1a: Raging Bolt|82/100|[from] Grassy Terrain
|upkeep
|turn|9
|inactive|NoNolEscargot has 120 seconds left.
|
|t:|1743878079
|switch|p2a: Slowking|Slowking-Galar, F|58/100
|-damage|p2a: Slowking|46/100|[from] Spikes
|move|p1a: Raging Bolt|Dragon Pulse|p2a: Slowking
|-damage|p2a: Slowking|0 fnt
|faint|p2a: Slowking
|
|-heal|p1a: Raging Bolt|88/100|[from] Grassy Terrain
|upkeep
|inactive|NoNolEscargot has 120 seconds left.
|
|t:|1743878091
|switch|p2a: Heatran|Heatran, M|89/100
|-damage|p2a: Heatran|77/100|[from] Spikes
|turn|10
|inactive|NoNolEscargot has 120 seconds left.
|inactive|NoNolEscargot has 90 seconds left.
|
|t:|1743878127
|move|p1a: Raging Bolt|Thunderclap|p2a: Heatran
|-damage|p2a: Heatran|22/100
|move|p2a: Heatran|Magma Storm|p1a: Raging Bolt
|-supereffective|p1a: Raging Bolt
|-damage|p1a: Raging Bolt|38/100
|-activate|p1a: Raging Bolt|move: Magma Storm|[of] p2a: Heatran
|
|-heal|p1a: Raging Bolt|44/100|[from] Grassy Terrain
|-heal|p2a: Heatran|28/100|[from] Grassy Terrain
|-heal|p2a: Heatran|34/100|[from] item: Leftovers
|-damage|p1a: Raging Bolt|32/100|[from] move: Magma Storm|[partiallytrapped]
|-fieldend|move: Grassy Terrain
|upkeep
|turn|11
|inactive|NoNolEscargot has 90 seconds left.
|
|t:|1743878140
|move|p2a: Heatran|Taunt|p1a: Raging Bolt
|-start|p1a: Raging Bolt|move: Taunt
|move|p1a: Raging Bolt|Thunderbolt|p2a: Heatran
|-damage|p2a: Heatran|0 fnt
|faint|p2a: Heatran
|
|-end|p1a: Raging Bolt|Magma Storm|[partiallytrapped]|[silent]
|upkeep
|inactive|NoNolEscargot has 90 seconds left.
|
|t:|1743878155
|switch|p2a: Kingambit|Kingambit, F|100/100
|-damage|p2a: Kingambit|88/100|[from] Spikes
|-activate|p2a: Kingambit|ability: Supreme Overlord
|-start|p2a: Kingambit|fallen2|[silent]
|turn|12
|
|t:|1743878169
|move|p1a: Raging Bolt|Thunderclap|p2a: Kingambit
|-damage|p2a: Kingambit|10/100
|move|p2a: Kingambit|Kowtow Cleave|p1a: Raging Bolt
|-damage|p1a: Raging Bolt|0 fnt
|faint|p1a: Raging Bolt
|-end|p1a: Raging Bolt|Protosynthesis|[silent]
|
|-heal|p2a: Kingambit|17/100|[from] item: Leftovers
|upkeep
|inactive|Azummareal has 90 seconds left.
|
|t:|1743878203
|switch|p1a: Zamazenta|Zamazenta, shiny|100/100
|-ability|p1a: Zamazenta|Dauntless Shield|boost
|-boost|p1a: Zamazenta|def|1
|turn|13
|
|t:|1743878210
|-end|p2a: Kingambit|fallen2|[silent]
|switch|p2a: Great Tusk|Great Tusk|100/100
|-damage|p2a: Great Tusk|88/100|[from] Spikes
|move|p1a: Zamazenta|Close Combat|p2a: Great Tusk
|-damage|p2a: Great Tusk|54/100
|-unboost|p1a: Zamazenta|def|1
|-unboost|p1a: Zamazenta|spd|1
|-damage|p1a: Zamazenta|84/100|[from] item: Rocky Helmet|[of] p2a: Great Tusk
|-damage|p1a: Zamazenta|74/100|[from] item: Life Orb
|
|upkeep
|turn|14
|
|t:|1743878223
|switch|p1a: Sinistcha|Sinistcha-Masterpiece|100/100
|move|p2a: Great Tusk|Stealth Rock|p1a: Sinistcha
|-sidestart|p1: Azummareal|move: Stealth Rock
|
|upkeep
|turn|15
|inactive|NoNolEscargot has 90 seconds left.
|
|t:|1743878241
|-end|p2a: Great Tusk|Protosynthesis|[silent]
|switch|p2a: Rillaboom|Rillaboom, M|58/100
|-damage|p2a: Rillaboom|45/100|[from] Spikes
|-fieldstart|move: Grassy Terrain|[from] ability: Grassy Surge|[of] p2a: Rillaboom
|move|p1a: Sinistcha|Matcha Gotcha|p2a: Rillaboom
|-resisted|p2a: Rillaboom
|-damage|p2a: Rillaboom|19/100
|
|-heal|p2a: Rillaboom|25/100|[from] Grassy Terrain
|-heal|p2a: Rillaboom|32/100|[from] item: Leftovers
|upkeep
|turn|16
|inactive|NoNolEscargot has 90 seconds left.
|
|t:|1743878258
|move|p2a: Rillaboom|Knock Off|p1a: Sinistcha
|-supereffective|p1a: Sinistcha
|-damage|p1a: Sinistcha|51/100
|-enditem|p1a: Sinistcha|Heavy-Duty Boots|[from] move: Knock Off|[of] p2a: Rillaboom
|move|p1a: Sinistcha|Strength Sap|p2a: Rillaboom
|-unboost|p2a: Rillaboom|atk|1
|-heal|p1a: Sinistcha|100/100
|
|-heal|p2a: Rillaboom|38/100|[from] Grassy Terrain
|-heal|p2a: Rillaboom|44/100|[from] item: Leftovers
|upkeep
|turn|17
|inactive|NoNolEscargot has 90 seconds left.
|
|t:|1743878291
|move|p2a: Rillaboom|Swords Dance|p2a: Rillaboom
|-boost|p2a: Rillaboom|atk|2
|move|p1a: Sinistcha|Calm Mind|p1a: Sinistcha
|-boost|p1a: Sinistcha|spa|1
|-boost|p1a: Sinistcha|spd|1
|
|-heal|p2a: Rillaboom|50/100|[from] Grassy Terrain
|-heal|p2a: Rillaboom|57/100|[from] item: Leftovers
|upkeep
|turn|18
|l|☆NoNolEscargot
|inactive|NoNolEscargot disconnected and has a minute to reconnect!
|player|p2|
|j|☆NoNolEscargot
|inactive|NoNolEscargot reconnected and has 55 seconds left.
|player|p2|NoNolEscargot|palmer|
|
|t:|1743878322
|move|p2a: Rillaboom|Swords Dance|p2a: Rillaboom
|-boost|p2a: Rillaboom|atk|2
|move|p1a: Sinistcha|Matcha Gotcha|p2a: Rillaboom
|-resisted|p2a: Rillaboom
|-damage|p2a: Rillaboom|22/100
|
|-heal|p2a: Rillaboom|28/100|[from] Grassy Terrain
|-heal|p2a: Rillaboom|35/100|[from] item: Leftovers
|upkeep
|turn|19
|
|t:|1743878336
|move|p2a: Rillaboom|Knock Off|p1a: Sinistcha
|-supereffective|p1a: Sinistcha
|-damage|p1a: Sinistcha|22/100
|move|p1a: Sinistcha|Hex|p2a: Rillaboom
|-damage|p2a: Rillaboom|0 fnt
|faint|p2a: Rillaboom
|
|-heal|p1a: Sinistcha|28/100|[from] Grassy Terrain
|-fieldend|move: Grassy Terrain
|upkeep
|
|t:|1743878346
|switch|p2a: Iron Valiant|Iron Valiant|100/100
|-damage|p2a: Iron Valiant|88/100|[from] Spikes
|-enditem|p2a: Iron Valiant|Booster Energy
|-activate|p2a: Iron Valiant|ability: Quark Drive|[fromitem]
|-start|p2a: Iron Valiant|quarkdrivespe
|turn|20
|inactive|Azummareal has 120 seconds left.
|
|t:|1743878355
|move|p2a: Iron Valiant|Moonblast|p1a: Sinistcha
|-damage|p1a: Sinistcha|0 fnt
|faint|p1a: Sinistcha
|
|upkeep
|inactive|Azummareal has 120 seconds left.
|l|☆NoNolEscargot
|inactive|NoNolEscargot disconnected and has a minute to reconnect!
|player|p2|
|inactive|Azummareal has 90 seconds left.
|j|☆NoNolEscargot
|inactive|NoNolEscargot reconnected.
|player|p2|NoNolEscargot|palmer|
|
|t:|1743878396
|switch|p1a: Enamorus|Enamorus, F|100/100
|-damage|p1a: Enamorus|76/100|[from] Stealth Rock
|turn|21
|inactive|NoNolEscargot has 60 seconds left.
|
|t:|1743878403
|-terastallize|p2a: Iron Valiant|Ghost
|move|p2a: Iron Valiant|Moonblast|p1a: Enamorus
|-damage|p1a: Enamorus|14/100
|-boost|p1a: Enamorus|spa|1
|move|p1a: Enamorus|Moonblast|p2a: Iron Valiant
|-damage|p2a: Iron Valiant|0 fnt
|faint|p2a: Iron Valiant
|-end|p2a: Iron Valiant|Quark Drive|[silent]
|
|upkeep
|inactive|NoNolEscargot has 60 seconds left.
|
|t:|1743878417
|switch|p2a: Kingambit|Kingambit, F|17/100
|-damage|p2a: Kingambit|4/100|[from] Spikes
|-activate|p2a: Kingambit|ability: Supreme Overlord
|-start|p2a: Kingambit|fallen4|[silent]
|turn|22
|inactive|NoNolEscargot has 60 seconds left.
|-message|NoNolEscargot forfeited.
|
|win|Azummareal
|raw|Azummareal's rating: 1630 &rarr; <strong>1647</strong><br />(+17 for winning)
|raw|NoNolEscargot's rating: 1574 &rarr; <strong>1557</strong><br />(-17 for losing)
|l|☆NoNolEscargot
|player|p2|
|l|☆Azummareal
|player|p1|
