|j|☆tperz
|j|☆jihikoi
|t:|1743904779
|gametype|singles
|player|p1|tperz|burglar|1432
|player|p2|jihikoi|riley|1389
|teamsize|p1|6
|teamsize|p2|6
|gen|9
|tier|[Gen 9] OU
|rated|
|rule|HP Percentage Mod: HP is shown in percentages
|rule|Endless Battle Clause: Forcing endless battles is banned
|rule|Species Clause: Limit one of each Pokémon
|rule|OHKO Clause: OHKO moves are banned
|rule|Evasion Items Clause: Evasion items are banned
|rule|Evasion Moves Clause: Evasion moves are banned
|rule|Sleep Moves Clause: Sleep-inducing moves are banned
|clearpoke
|poke|p1|Tyranitar, M|
|poke|p1|Ninetales-Alola, M|
|poke|p1|Latios, M|
|poke|p1|Sinistcha-Masterpiece|
|poke|p1|Magnezone|
|poke|p1|Great Tusk|
|poke|p2|Darkrai|
|poke|p2|Wo-Chien|
|poke|p2|Skeledirge, F|
|poke|p2|Hatterene, F|
|poke|p2|Dragapult, M|
|poke|p2|Garganacl, F|
|teampreview
|inactive|Battle timer is ON: inactive players will automatically lose when time's up. (requested by tperz)
|inactive|jihikoi has 120 seconds left.
|l|☆jihikoi
|inactive|jihikoi disconnected and has a minute to reconnect!
|player|p2|
|inactive|jihikoi has 30 seconds to reconnect!
|inactive|jihikoi has 20 seconds to reconnect!
|inactive|jihikoi has 15 seconds to reconnect!
|inactive|jihikoi has 10 seconds to reconnect!
|j|☆jihikoi
|inactive|jihikoi reconnected and has 70 seconds left.
|player|p2|jihikoi|riley|
|inactive|jihikoi also wants the timer to be on.
|
|t:|1743904865
|start
|switch|p1a: Ninetales|Ninetales-Alola, M|100/100
|switch|p2a: Skeledirge|Skeledirge, F|100/100
|-weather|Snowscape|[from] ability: Snow Warning|[of] p1a: Ninetales
|turn|1
|
|t:|1743904878
|switch|p1a: Tyranitar|Tyranitar, M|100/100
|-weather|Sandstorm|[from] ability: Sand Stream|[of] p1a: Tyranitar
|move|p2a: Skeledirge|Torch Song|p1a: Tyranitar
|-resisted|p1a: Tyranitar
|-damage|p1a: Tyranitar|91/100
|-boost|p2a: Skeledirge|spa|1
|
|-weather|Sandstorm|[upkeep]
|-damage|p2a: Skeledirge|94/100|[from] Sandstorm
|-heal|p2a: Skeledirge|100/100|[from] item: Leftovers
|upkeep
|turn|2
|
|t:|1743904889
|switch|p2a: Wo-Chien|Wo-Chien|100/100
|-ability|p2a: Wo-Chien|Tablets of Ruin
|move|p1a: Tyranitar|Rock Slide|p2a: Wo-Chien
|-damage|p2a: Wo-Chien|76/100
|
|-weather|Sandstorm|[upkeep]
|-damage|p2a: Wo-Chien|70/100|[from] Sandstorm
|-heal|p2a: Wo-Chien|76/100|[from] item: Leftovers
|upkeep
|turn|3
|
|t:|1743904894
|move|p1a: Tyranitar|Dragon Dance|p1a: Tyranitar
|-boost|p1a: Tyranitar|atk|1
|-boost|p1a: Tyranitar|spe|1
|move|p2a: Wo-Chien|Leech Seed|p1a: Tyranitar|[miss]
|-miss|p2a: Wo-Chien|p1a: Tyranitar
|
|-weather|Sandstorm|[upkeep]
|-damage|p2a: Wo-Chien|70/100|[from] Sandstorm
|-heal|p2a: Wo-Chien|76/100|[from] item: Leftovers
|upkeep
|turn|4
|
|t:|1743904904
|switch|p1a: Sinistcha|Sinistcha-Masterpiece|100/100
|move|p2a: Wo-Chien|Leech Seed|p1a: Sinistcha
|-immune|p1a: Sinistcha
|
|-weather|Sandstorm|[upkeep]
|-damage|p1a: Sinistcha|94/100|[from] Sandstorm
|-damage|p2a: Wo-Chien|70/100|[from] Sandstorm
|-heal|p2a: Wo-Chien|76/100|[from] item: Leftovers
|upkeep
|turn|5
|
|t:|1743904910
|move|p2a: Wo-Chien|Protect|p2a: Wo-Chien
|-singleturn|p2a: Wo-Chien|Protect
|move|p1a: Sinistcha|Matcha Gotcha|p2a: Wo-Chien
|-activate|p2a: Wo-Chien|move: Protect
|
|-weather|none
|-heal|p2a: Wo-Chien|83/100|[from] item: Leftovers
|upkeep
|turn|6
|
|t:|1743904922
|move|p1a: Sinistcha|Matcha Gotcha|p2a: Wo-Chien|[miss]
|-miss|p1a: Sinistcha|p2a: Wo-Chien
|move|p2a: Wo-Chien|Foul Play|p1a: Sinistcha
|-supereffective|p1a: Sinistcha
|-damage|p1a: Sinistcha|74/100
|
|-heal|p2a: Wo-Chien|89/100|[from] item: Leftovers
|upkeep
|turn|7
|
|t:|1743904932
|move|p2a: Wo-Chien|Foul Play|p1a: Sinistcha
|-supereffective|p1a: Sinistcha
|-crit|p1a: Sinistcha
|-damage|p1a: Sinistcha|42/100
|move|p1a: Sinistcha|Matcha Gotcha|p2a: Wo-Chien
|-resisted|p2a: Wo-Chien
|-damage|p2a: Wo-Chien|80/100
|-heal|p1a: Sinistcha|47/100|[from] drain|[of] p2a: Wo-Chien
|
|-heal|p2a: Wo-Chien|86/100|[from] item: Leftovers
|upkeep
|turn|8
|
|t:|1743904954
|move|p1a: Sinistcha|Strength Sap|p2a: Wo-Chien
|-unboost|p2a: Wo-Chien|atk|1
|-heal|p1a: Sinistcha|97/100
|move|p2a: Wo-Chien|Foul Play|p1a: Sinistcha
|-supereffective|p1a: Sinistcha
|-damage|p1a: Sinistcha|76/100
|
|-heal|p2a: Wo-Chien|92/100|[from] item: Leftovers
|upkeep
|turn|9
|inactive|tperz has 120 seconds left.
|
|t:|1743904974
|switch|p2a: Darkrai|Darkrai|100/100
|move|p1a: Sinistcha|Matcha Gotcha|p2a: Darkrai
|-damage|p2a: Darkrai|59/100
|-heal|p1a: Sinistcha|93/100|[from] drain|[of] p2a: Darkrai
|
|upkeep
|turn|10
|
|t:|1743904979
|switch|p1a: Tyranitar|Tyranitar, M|91/100
|-weather|Sandstorm|[from] ability: Sand Stream|[of] p1a: Tyranitar
|move|p2a: Darkrai|Nasty Plot|p2a: Darkrai
|-boost|p2a: Darkrai|spa|2
|
|-weather|Sandstorm|[upkeep]
|-damage|p2a: Darkrai|52/100|[from] Sandstorm
|upkeep
|turn|11
|
|t:|1743904985
|move|p2a: Darkrai|Focus Blast|p1a: Tyranitar
|-supereffective|p1a: Tyranitar
|-damage|p1a: Tyranitar|0 fnt
|faint|p1a: Tyranitar
|
|-weather|Sandstorm|[upkeep]
|-damage|p2a: Darkrai|46/100|[from] Sandstorm
|upkeep
|
|t:|1743904994
|switch|p1a: Ninetales|Ninetales-Alola, M|100/100
|-weather|Snowscape|[from] ability: Snow Warning|[of] p1a: Ninetales
|turn|12
|
|t:|1743904999
|-terastallize|p1a: Ninetales|Ice
|move|p2a: Darkrai|Focus Blast|p1a: Ninetales
|-supereffective|p1a: Ninetales
|-damage|p1a: Ninetales|0 fnt
|faint|p1a: Ninetales
|
|-weather|Snowscape|[upkeep]
|upkeep
|-message|tperz forfeited.
|
|win|jihikoi
|raw|tperz's rating: 1432 &rarr; <strong>1410</strong><br />(-22 for losing)
|raw|jihikoi's rating: 1389 &rarr; <strong>1411</strong><br />(+22 for winning)
|l|☆tperz
|player|p1|
|l|☆jihikoi
|player|p2|
