|j|☆Princessjosie1001
|j|☆sumerand
|t:|1743889725
|gametype|singles
|player|p1|Princessjosie1001|nurse|1220
|player|p2|sumerand|ghetsis|1286
|teamsize|p1|6
|teamsize|p2|6
|gen|9
|tier|[Gen 9] OU
|rated|
|rule|HP Percentage Mod: HP is shown in percentages
|rule|Endless Battle Clause: Forcing endless battles is banned
|rule|Species Clause: Limit one of each Pokémon
|rule|OHKO Clause: OHKO moves are banned
|rule|Evasion Items Clause: Evasion items are banned
|rule|Evasion Moves Clause: Evasion moves are banned
|rule|Sleep Moves Clause: Sleep-inducing moves are banned
|clearpoke
|poke|p1|Cinderace, M|
|poke|p1|Cloyster, F|
|poke|p1|Hatterene, F|
|poke|p1|Espeon, F|
|poke|p1|Jirachi|
|poke|p1|Yanmega, M|
|poke|p2|Inteleon, F|
|poke|p2|Dragapult, F|
|poke|p2|Cinderace, F|
|poke|p2|Corviknight, F|
|poke|p2|Alomomola, F|
|poke|p2|Ting-Lu|
|teampreview
|
|t:|1743889732
|start
|switch|p1a: Yanmega|Yanmega, M|100/100
|switch|p2a: Cinderace|Cinderace, F|100/100
|turn|1
|
|t:|1743889738
|move|p1a: Yanmega|Detect|p1a: Yanmega
|-singleturn|p1a: Yanmega|Protect
|move|p2a: Cinderace|Pyro Ball|p1a: Yanmega
|-activate|p1a: Yanmega|move: Protect
|
|-ability|p1a: Yanmega|Speed Boost|boost
|-boost|p1a: Yanmega|spe|1
|upkeep
|turn|2
|
|t:|1743889746
|move|p1a: Yanmega|Air Slash|p2a: Cinderace|[miss]
|-miss|p1a: Yanmega|p2a: Cinderace
|move|p2a: Cinderace|Pyro Ball|p1a: Yanmega
|-supereffective|p1a: Yanmega
|-damage|p1a: Yanmega|0 fnt
|faint|p1a: Yanmega
|
|upkeep
|
|t:|1743889756
|switch|p1a: Hatterene|Hatterene, F|100/100
|turn|3
|
|t:|1743889760
|move|p2a: Cinderace|U-turn|p1a: Hatterene
|-start|p2a: Cinderace|typechange|Bug|[from] ability: Libero
|-damage|p1a: Hatterene|55/100
|
|t:|1743889766
|switch|p2a: Ting-Lu|Ting-Lu|100/100|[from] U-turn
|-ability|p2a: Ting-Lu|Vessel of Ruin
|move|p1a: Hatterene|Nuzzle|p2a: Ting-Lu
|-immune|p2a: Ting-Lu
|
|upkeep
|turn|4
|
|t:|1743889776
|move|p1a: Hatterene|Dazzling Gleam|p2a: Ting-Lu
|-supereffective|p2a: Ting-Lu
|-damage|p2a: Ting-Lu|60/100
|move|p2a: Ting-Lu|Whirlwind|p1a: Hatterene
|move|p1a: Hatterene|Whirlwind|p2a: Ting-Lu|[from] ability: Magic Bounce
|drag|p2a: Cinderace|Cinderace, F|100/100
|
|upkeep
|turn|5
|
|t:|1743889786
|move|p2a: Cinderace|Pyro Ball|p1a: Hatterene
|-damage|p1a: Hatterene|0 fnt
|faint|p1a: Hatterene
|
|upkeep
|
|t:|1743889793
|switch|p1a: Jirachi|Jirachi|100/100
|turn|6
|
|t:|1743889797
|switch|p2a: Ting-Lu|Ting-Lu|60/100
|-ability|p2a: Ting-Lu|Vessel of Ruin
|move|p1a: Jirachi|Body Slam|p2a: Ting-Lu
|-damage|p2a: Ting-Lu|46/100
|-status|p2a: Ting-Lu|par
|
|-heal|p2a: Ting-Lu|52/100 par|[from] item: Leftovers
|upkeep
|turn|7
|
|t:|1743889808
|switch|p1a: No hazard allowed|Espeon, F|100/100
|move|p2a: Ting-Lu|Ruination|p1a: No hazard allowed
|-damage|p1a: No hazard allowed|51/100
|
|-heal|p2a: Ting-Lu|58/100 par|[from] item: Leftovers
|upkeep
|turn|8
|
|t:|1743889816
|move|p1a: No hazard allowed|Trick|p2a: Ting-Lu
|-activate|p1a: No hazard allowed|move: Trick|[of] p2a: Ting-Lu
|-item|p2a: Ting-Lu|Choice Scarf|[from] move: Trick
|-item|p1a: No hazard allowed|Leftovers|[from] move: Trick
|move|p2a: Ting-Lu|Whirlwind|p1a: No hazard allowed
|move|p1a: No hazard allowed|Whirlwind|p2a: Ting-Lu|[from] ability: Magic Bounce
|drag|p2a: Dragapult|Dragapult, F|100/100
|
|-heal|p1a: No hazard allowed|57/100|[from] item: Leftovers
|upkeep
|turn|9
|
|t:|1743889827
|move|p2a: Dragapult|U-turn|p1a: No hazard allowed
|-supereffective|p1a: No hazard allowed
|-damage|p1a: No hazard allowed|0 fnt
|faint|p1a: No hazard allowed
|
|t:|1743889837
|switch|p2a: Cinderace|Cinderace, F|100/100|[from] U-turn
|
|upkeep
|
|t:|1743889845
|switch|p1a: Cloyster|Cloyster, F|100/100
|turn|10
|
|t:|1743889849
|move|p2a: Cinderace|Pyro Ball|p1a: Cloyster
|-damage|p1a: Cloyster|53/100
|move|p1a: Cloyster|Shell Smash|p1a: Cloyster
|-unboost|p1a: Cloyster|def|1
|-unboost|p1a: Cloyster|spd|1
|-boost|p1a: Cloyster|atk|2
|-boost|p1a: Cloyster|spa|2
|-boost|p1a: Cloyster|spe|2
|
|upkeep
|turn|11
|
|t:|1743889862
|switch|p2a: Alomomola|Alomomola, F|100/100
|move|p1a: Cloyster|Shell Smash|p1a: Cloyster
|-unboost|p1a: Cloyster|def|1
|-unboost|p1a: Cloyster|spd|1
|-boost|p1a: Cloyster|atk|2
|-boost|p1a: Cloyster|spa|2
|-boost|p1a: Cloyster|spe|2
|
|upkeep
|turn|12
|
|t:|1743889871
|move|p1a: Cloyster|Rock Blast|p2a: Alomomola
|-damage|p2a: Alomomola|88/100
|-damage|p2a: Alomomola|76/100
|-damage|p2a: Alomomola|65/100
|-damage|p2a: Alomomola|51/100
|-damage|p2a: Alomomola|39/100
|-hitcount|p2a: Alomomola|5
|move|p2a: Alomomola|Flip Turn|p1a: Cloyster
|-resisted|p1a: Cloyster
|-damage|p1a: Cloyster|40/100
|
|t:|1743889882
|switch|p2a: Cinderace|Cinderace, F|100/100|[from] Flip Turn
|
|upkeep
|turn|13
|
|t:|1743889888
|move|p2a: Cinderace|Sucker Punch||[still]
|-fail|p2a: Cinderace
|move|p1a: Cloyster|Shell Smash|p1a: Cloyster
|-unboost|p1a: Cloyster|def|1
|-unboost|p1a: Cloyster|spd|1
|-boost|p1a: Cloyster|atk|2
|-boost|p1a: Cloyster|spa|2
|-boost|p1a: Cloyster|spe|2
|
|upkeep
|turn|14
|
|t:|1743889896
|move|p1a: Cloyster|Ice Shard|p2a: Cinderace
|-resisted|p2a: Cinderace
|-damage|p2a: Cinderace|52/100
|move|p2a: Cinderace|Sucker Punch||[still]
|-fail|p2a: Cinderace
|
|upkeep
|turn|15
|
|t:|1743889903
|move|p1a: Cloyster|Ice Shard|p2a: Cinderace
|-resisted|p2a: Cinderace
|-damage|p2a: Cinderace|0 fnt
|faint|p2a: Cinderace
|
|upkeep
|
|t:|1743889909
|switch|p2a: Inteleon|Inteleon, F|100/100
|turn|16
|
|t:|1743889915
|move|p2a: Inteleon|Vacuum Wave|p1a: Cloyster
|-supereffective|p1a: Cloyster
|-damage|p1a: Cloyster|0 fnt
|faint|p1a: Cloyster
|
|upkeep
|
|t:|1743889920
|switch|p1a: Cinderace|Cinderace, M|100/100
|turn|17
|
|t:|1743889924
|switch|p2a: Alomomola|Alomomola, F|73/100
|move|p1a: Cinderace|High Jump Kick|p2a: Alomomola
|-start|p1a: Cinderace|typechange|Fighting|[from] ability: Libero
|-damage|p2a: Alomomola|39/100
|
|upkeep
|turn|18
|-message|Princessjosie1001 forfeited.
|
|win|sumerand
|raw|Princessjosie1001's rating: 1220 &rarr; <strong>1200</strong><br />(-20 for losing)
|raw|sumerand's rating: 1286 &rarr; <strong>1306</strong><br />(+20 for winning)
|l|☆Princessjosie1001
|player|p1|
