|j|☆styreiz le fourbe
|j|☆45worldd
|t:|1743790138
|gametype|singles
|player|p1|styreiz le fourbe|101|1470
|player|p2|45worldd|jupiter|1513
|teamsize|p1|6
|teamsize|p2|6
|gen|9
|tier|[Gen 9] OU
|rated|
|rule|HP Percentage Mod: HP is shown in percentages
|rule|Endless Battle Clause: Forcing endless battles is banned
|rule|Species Clause: Limit one of each Pokémon
|rule|OHKO Clause: OHKO moves are banned
|rule|Evasion Items Clause: Evasion items are banned
|rule|Evasion Moves Clause: Evasion moves are banned
|rule|Sleep Moves Clause: Sleep-inducing moves are banned
|clearpoke
|poke|p1|Pelipper, F|
|poke|p1|Manaphy|
|poke|p1|Raging Bolt|
|poke|p1|Iron Treads|
|poke|p1|Dragapult, F|
|poke|p1|Gholdengo|
|poke|p2|Walking Wake|
|poke|p2|Whimsicott, F|
|poke|p2|Ninetales, M|
|poke|p2|Great Tusk|
|poke|p2|Comfey, F|
|poke|p2|Arboliva, F|
|teampreview
|
|t:|1743790155
|start
|switch|p1a: Raging Bolt|Raging Bolt|100/100
|switch|p2a: Walking Wake|Walking Wake|100/100
|turn|1
|inactive|Battle timer is ON: inactive players will automatically lose when time's up. (requested by styreiz le fourbe)
|
|t:|1743790181
|-terastallize|p1a: Raging Bolt|Fairy
|move|p2a: Walking Wake|Draco Meteor|p1a: Raging Bolt
|-immune|p1a: Raging Bolt
|move|p1a: Raging Bolt|Draco Meteor|p2a: Walking Wake
|-supereffective|p2a: Walking Wake
|-damage|p2a: Walking Wake|0 fnt
|-unboost|p1a: Raging Bolt|spa|2
|faint|p2a: Walking Wake
|-end|p2a: Walking Wake|Protosynthesis|[silent]
|
|upkeep
|
|t:|1743790193
|switch|p2a: Ninetales|Ninetales, M|100/100
|-weather|SunnyDay|[from] ability: Drought|[of] p2a: Ninetales
|-activate|p1a: Raging Bolt|ability: Protosynthesis
|-start|p1a: Raging Bolt|protosynthesisdef
|turn|2
|
|t:|1743790216
|switch|p2a: Comfey|Comfey, F|100/100
|-end|p1a: Raging Bolt|Protosynthesis|[silent]
|switch|p1a: Pelipper|Pelipper, F|100/100
|-weather|RainDance|[from] ability: Drizzle|[of] p1a: Pelipper
|
|-weather|RainDance|[upkeep]
|upkeep
|turn|3
|
|t:|1743790225
|move|p2a: Comfey|Growth|p2a: Comfey
|-boost|p2a: Comfey|atk|1
|-boost|p2a: Comfey|spa|1
|move|p1a: Pelipper|U-turn|p2a: Comfey
|-resisted|p2a: Comfey
|-damage|p2a: Comfey|95/100
|
|t:|1743790230
|switch|p1a: Gholdengo|Gholdengo|100/100|[from] U-turn
|
|-weather|RainDance|[upkeep]
|upkeep
|turn|4
|
|t:|1743790237
|-terastallize|p2a: Comfey|Ground
|move|p2a: Comfey|Tera Blast|p1a: Gholdengo|[anim] Tera Blast Ground
|-supereffective|p1a: Gholdengo
|-damage|p1a: Gholdengo|0 fnt
|faint|p1a: Gholdengo
|-damage|p2a: Comfey|85/100|[from] item: Life Orb
|
|-weather|RainDance|[upkeep]
|upkeep
|
|t:|1743790251
|switch|p1a: Manaphy|Manaphy|100/100
|turn|5
|
|t:|1743790258
|switch|p2a: Ninetales|Ninetales, M|100/100
|-weather|SunnyDay|[from] ability: Drought|[of] p2a: Ninetales
|move|p1a: Manaphy|Surf|p2a: Ninetales
|-supereffective|p2a: Ninetales
|-damage|p2a: Ninetales|51/100
|-damage|p1a: Manaphy|91/100|[from] item: Life Orb
|
|-weather|SunnyDay|[upkeep]
|upkeep
|turn|6
|
|t:|1743790269
|switch|p2a: Whimsicott|Whimsicott, F|100/100
|move|p1a: Manaphy|Surf|p2a: Whimsicott
|-resisted|p2a: Whimsicott
|-damage|p2a: Whimsicott|78/100
|-damage|p1a: Manaphy|81/100|[from] item: Life Orb
|
|-weather|SunnyDay|[upkeep]
|upkeep
|turn|7
|
|t:|1743790281
|switch|p1a: Pelipper|Pelipper, F|100/100
|-weather|RainDance|[from] ability: Drizzle|[of] p1a: Pelipper
|move|p2a: Whimsicott|Giga Drain|p1a: Pelipper
|-damage|p1a: Pelipper|46/100
|-heal|p2a: Whimsicott|100/100|[from] drain|[of] p1a: Pelipper
|-damage|p2a: Whimsicott|91/100|[from] item: Life Orb
|
|-weather|RainDance|[upkeep]
|upkeep
|turn|8
|
|t:|1743790294
|switch|p1a: Iron Treads|Iron Treads|100/100
|move|p2a: Whimsicott|Giga Drain|p1a: Iron Treads
|-damage|p1a: Iron Treads|61/100
|-heal|p2a: Whimsicott|100/100|[from] drain|[of] p1a: Iron Treads
|-damage|p2a: Whimsicott|91/100|[from] item: Life Orb
|
|-weather|RainDance|[upkeep]
|upkeep
|turn|9
|
|t:|1743790304
|switch|p2a: Great Tusk|Great Tusk|100/100
|move|p1a: Iron Treads|Rapid Spin|p2a: Great Tusk
|-damage|p2a: Great Tusk|87/100
|-boost|p1a: Iron Treads|spe|1
|-damage|p1a: Iron Treads|45/100|[from] item: Rocky Helmet|[of] p2a: Great Tusk
|
|-weather|RainDance|[upkeep]
|upkeep
|turn|10
|
|t:|1743790316
|-end|p1a: Iron Treads|Quark Drive|[silent]
|switch|p1a: Manaphy|Manaphy|81/100
|move|p2a: Great Tusk|Bulk Up|p2a: Great Tusk
|-boost|p2a: Great Tusk|atk|1
|-boost|p2a: Great Tusk|def|1
|
|-weather|RainDance|[upkeep]
|upkeep
|turn|11
|
|t:|1743790325
|-end|p2a: Great Tusk|Protosynthesis|[silent]
|switch|p2a: Ninetales|Ninetales, M|51/100
|-weather|SunnyDay|[from] ability: Drought|[of] p2a: Ninetales
|move|p1a: Manaphy|Surf|p2a: Ninetales
|-supereffective|p2a: Ninetales
|-damage|p2a: Ninetales|2/100
|-damage|p1a: Manaphy|71/100|[from] item: Life Orb
|
|-weather|SunnyDay|[upkeep]
|upkeep
|turn|12
|
|t:|1743790335
|switch|p2a: Whimsicott|Whimsicott, F|91/100
|move|p1a: Manaphy|Ice Beam|p2a: Whimsicott
|-supereffective|p2a: Whimsicott
|-damage|p2a: Whimsicott|0 fnt
|faint|p2a: Whimsicott
|-damage|p1a: Manaphy|61/100|[from] item: Life Orb
|
|-weather|SunnyDay|[upkeep]
|upkeep
|
|t:|1743790344
|switch|p2a: Great Tusk|Great Tusk|87/100
|-activate|p2a: Great Tusk|ability: Protosynthesis
|-start|p2a: Great Tusk|protosynthesisspe
|turn|13
|
|t:|1743790353
|switch|p1a: Pelipper|Pelipper, F|46/100
|-weather|RainDance|[from] ability: Drizzle|[of] p1a: Pelipper
|-end|p2a: Great Tusk|Protosynthesis
|move|p2a: Great Tusk|Bulk Up|p2a: Great Tusk
|-boost|p2a: Great Tusk|atk|1
|-boost|p2a: Great Tusk|def|1
|
|-weather|RainDance|[upkeep]
|upkeep
|turn|14
|
|t:|1743790369
|move|p2a: Great Tusk|Ice Spinner|p1a: Pelipper
|-damage|p1a: Pelipper|20/100
|move|p1a: Pelipper|Surf|p2a: Great Tusk
|-supereffective|p2a: Great Tusk
|-damage|p2a: Great Tusk|0 fnt
|faint|p2a: Great Tusk
|-end|p2a: Great Tusk|Protosynthesis|[silent]
|
|-weather|RainDance|[upkeep]
|upkeep
|
|t:|1743790376
|switch|p2a: Ninetales|Ninetales, M|2/100
|-weather|SunnyDay|[from] ability: Drought|[of] p2a: Ninetales
|turn|15
|
|t:|1743790389
|switch|p1a: Dragapult|Dragapult, F|100/100
|move|p2a: Ninetales|Weather Ball|p1a: Dragapult
|-resisted|p1a: Dragapult
|-damage|p1a: Dragapult|71/100
|
|-weather|SunnyDay|[upkeep]
|-heal|p1a: Dragapult|77/100|[from] item: Leftovers
|upkeep
|turn|16
|
|t:|1743790399
|switch|p2a: Arboliva|Arboliva, F|100/100
|move|p1a: Dragapult|Dragon Darts|p2a: Arboliva
|-damage|p2a: Arboliva|78/100
|-anim|p1a: Dragapult|Dragon Darts|p2a: Arboliva
|-damage|p2a: Arboliva|56/100
|
|-weather|SunnyDay|[upkeep]
|-heal|p1a: Dragapult|83/100|[from] item: Leftovers
|upkeep
|turn|17
|
|t:|1743790410
|move|p1a: Dragapult|Substitute|p1a: Dragapult
|-start|p1a: Dragapult|Substitute
|-damage|p1a: Dragapult|58/100
|move|p2a: Arboliva|Growth|p2a: Arboliva
|-boost|p2a: Arboliva|atk|2
|-boost|p2a: Arboliva|spa|2
|
|-weather|SunnyDay|[upkeep]
|-heal|p1a: Dragapult|64/100|[from] item: Leftovers
|upkeep
|turn|18
|
|t:|1743790419
|move|p1a: Dragapult|Dragon Darts|p2a: Arboliva
|-damage|p2a: Arboliva|33/100
|-anim|p1a: Dragapult|Dragon Darts|p2a: Arboliva
|-damage|p2a: Arboliva|12/100
|move|p2a: Arboliva|Earth Power|p1a: Dragapult
|-end|p1a: Dragapult|Substitute
|
|-weather|SunnyDay|[upkeep]
|-heal|p1a: Dragapult|70/100|[from] item: Leftovers
|upkeep
|turn|19
|-enditem|p2a: Arboliva|Custap Berry|[eat]
|-activate|p2a: Arboliva|item: Custap Berry|[consumed]
|
|t:|1743790431
|move|p2a: Arboliva|Earth Power|p1a: Dragapult
|-damage|p1a: Dragapult|0 fnt
|faint|p1a: Dragapult
|
|-weather|SunnyDay|[upkeep]
|-item|p2a: Arboliva|Custap Berry|[from] ability: Harvest
|upkeep
|
|t:|1743790442
|switch|p1a: Pelipper|Pelipper, F|20/100
|-weather|RainDance|[from] ability: Drizzle|[of] p1a: Pelipper
|turn|20
|-enditem|p2a: Arboliva|Custap Berry|[eat]
|-activate|p2a: Arboliva|item: Custap Berry|[consumed]
|
|t:|1743790449
|switch|p1a: Iron Treads|Iron Treads|45/100
|move|p2a: Arboliva|Tera Blast|p1a: Iron Treads
|-resisted|p1a: Iron Treads
|-damage|p1a: Iron Treads|7/100
|
|-weather|RainDance|[upkeep]
|-item|p2a: Arboliva|Custap Berry|[from] ability: Harvest
|upkeep
|turn|21
|-enditem|p2a: Arboliva|Custap Berry|[eat]
|-activate|p2a: Arboliva|item: Custap Berry|[consumed]
|
|t:|1743790460
|move|p2a: Arboliva|Tera Blast|p1a: Iron Treads
|-resisted|p1a: Iron Treads
|-damage|p1a: Iron Treads|0 fnt
|faint|p1a: Iron Treads
|-end|p1a: Iron Treads|Quark Drive|[silent]
|
|-weather|RainDance|[upkeep]
|-item|p2a: Arboliva|Custap Berry|[from] ability: Harvest
|upkeep
|
|t:|1743790473
|switch|p1a: Raging Bolt|Raging Bolt, tera:Fairy|100/100
|turn|22
|
|t:|1743790484
|switch|p2a: Ninetales|Ninetales, M|2/100
|-weather|SunnyDay|[from] ability: Drought|[of] p2a: Ninetales
|-activate|p1a: Raging Bolt|ability: Protosynthesis
|-start|p1a: Raging Bolt|protosynthesisspa
|move|p1a: Raging Bolt|Volt Switch|p2a: Ninetales
|-damage|p2a: Ninetales|0 fnt
|faint|p2a: Ninetales
|
|t:|1743790494
|-end|p1a: Raging Bolt|Protosynthesis|[silent]
|switch|p1a: Pelipper|Pelipper, F|20/100|[from] Volt Switch
|-weather|RainDance|[from] ability: Drizzle|[of] p1a: Pelipper
|
|-weather|RainDance|[upkeep]
|upkeep
|
|t:|1743790501
|switch|p2a: Comfey|Comfey, F, tera:Ground|85/100
|turn|23
|
|t:|1743790509
|move|p2a: Comfey|Draining Kiss|p1a: Pelipper
|-damage|p1a: Pelipper|0 fnt
|-heal|p2a: Comfey|100/100|[from] drain|[of] p1a: Pelipper
|faint|p1a: Pelipper
|-damage|p2a: Comfey|91/100|[from] item: Life Orb
|
|-weather|RainDance|[upkeep]
|upkeep
|
|t:|1743790518
|switch|p1a: Raging Bolt|Raging Bolt, tera:Fairy|100/100
|turn|24
|
|t:|1743790527
|move|p2a: Comfey|Growth|p2a: Comfey
|-boost|p2a: Comfey|atk|1
|-boost|p2a: Comfey|spa|1
|move|p1a: Raging Bolt|Weather Ball|p2a: Comfey
|-supereffective|p2a: Comfey
|-damage|p2a: Comfey|0 fnt
|faint|p2a: Comfey
|
|-weather|RainDance|[upkeep]
|upkeep
|-message|45worldd forfeited.
|
|win|styreiz le fourbe
|raw|styreiz le fourbe's rating: 1470 &rarr; <strong>1492</strong><br />(+22 for winning)
|raw|45worldd's rating: 1513 &rarr; <strong>1491</strong><br />(-22 for losing)
|l|☆45worldd
|player|p2|
|l|☆styreiz le fourbe
|player|p1|
