|j|☆gostemy
|j|☆cacastrophe
|t:|1743866182
|gametype|singles
|player|p1|gostemy|youngster|1490
|player|p2|cacastrophe|norman|1461
|teamsize|p1|6
|teamsize|p2|6
|gen|9
|tier|[Gen 9] OU
|rated|
|rule|HP Percentage Mod: HP is shown in percentages
|rule|Endless Battle Clause: Forcing endless battles is banned
|rule|Species Clause: Limit one of each Pokémon
|rule|OHKO Clause: OHKO moves are banned
|rule|Evasion Items Clause: Evasion items are banned
|rule|Evasion Moves Clause: Evasion moves are banned
|rule|Sleep Moves Clause: Sleep-inducing moves are banned
|clearpoke
|poke|p1|Iron Treads|
|poke|p1|Gholdengo|
|poke|p1|Enamorus, F|
|poke|p1|Dragonite, M|
|poke|p1|Iron Valiant|
|poke|p1|Ogerpon-Wellspring, F|
|poke|p2|Serperior, M|
|poke|p2|Samurott-Hisui, M|
|poke|p2|Moltres|
|poke|p2|Gholdengo|
|poke|p2|Fezandipiti, M|
|poke|p2|Great Tusk|
|teampreview
|
|t:|1743866191
|start
|switch|p1a: Iron Treads|Iron Treads|100/100
|switch|p2a: Serperior|Serperior, M|100/100
|-enditem|p1a: Iron Treads|Booster Energy
|-activate|p1a: Iron Treads|ability: Quark Drive|[fromitem]
|-start|p1a: Iron Treads|quarkdrivespe
|turn|1
|
|t:|1743866204
|move|p1a: Iron Treads|Stealth Rock|p2a: Serperior
|-sidestart|p2: cacastrophe|move: Stealth Rock
|move|p2a: Serperior|Glare|p1a: Iron Treads
|-status|p1a: Iron Treads|par
|
|upkeep
|turn|2
|
|t:|1743866215
|move|p2a: Serperior|Substitute|p2a: Serperior
|-start|p2a: Serperior|Substitute
|-damage|p2a: Serperior|76/100
|move|p1a: Iron Treads|Knock Off|p2a: Serperior
|-activate|p2a: Serperior|move: Substitute|[damage]
|
|-heal|p2a: Serperior|82/100|[from] item: Leftovers
|upkeep
|turn|3
|
|t:|1743866236
|-end|p1a: Iron Treads|Quark Drive|[silent]
|switch|p1a: Enamorus|Enamorus, F|100/100
|move|p2a: Serperior|Leaf Storm|p1a: Enamorus
|-resisted|p1a: Enamorus
|-damage|p1a: Enamorus|74/100
|-boost|p2a: Serperior|spa|2
|
|-heal|p2a: Serperior|88/100|[from] item: Leftovers
|upkeep
|turn|4
|
|t:|1743866244
|move|p1a: Enamorus|Moonblast|p2a: Serperior
|-end|p2a: Serperior|Substitute
|move|p2a: Serperior|Glare|p1a: Enamorus
|-status|p1a: Enamorus|par
|
|-heal|p2a: Serperior|94/100|[from] item: Leftovers
|upkeep
|turn|5
|
|t:|1743866251
|move|p2a: Serperior|Substitute|p2a: Serperior
|-start|p2a: Serperior|Substitute
|-damage|p2a: Serperior|69/100
|cant|p1a: Enamorus|par
|
|-heal|p2a: Serperior|75/100|[from] item: Leftovers
|upkeep
|turn|6
|
|t:|1743866257
|move|p2a: Serperior|Leaf Storm|p1a: Enamorus|[miss]
|-miss|p2a: Serperior|p1a: Enamorus
|cant|p1a: Enamorus|par
|
|-heal|p2a: Serperior|81/100|[from] item: Leftovers
|upkeep
|turn|7
|
|t:|1743866263
|move|p2a: Serperior|Leaf Storm|p1a: Enamorus
|-resisted|p1a: Enamorus
|-damage|p1a: Enamorus|24/100 par
|-boost|p2a: Serperior|spa|2
|move|p1a: Enamorus|Moonblast|p2a: Serperior
|-crit|p2a: Serperior
|-end|p2a: Serperior|Substitute
|
|-heal|p2a: Serperior|88/100|[from] item: Leftovers
|upkeep
|turn|8
|
|t:|1743866281
|move|p2a: Serperior|Substitute|p2a: Serperior
|-start|p2a: Serperior|Substitute
|-damage|p2a: Serperior|63/100
|move|p1a: Enamorus|Moonblast|p2a: Serperior
|-end|p2a: Serperior|Substitute
|
|-heal|p2a: Serperior|69/100|[from] item: Leftovers
|upkeep
|turn|9
|
|t:|1743866288
|switch|p1a: Iron Valiant|Iron Valiant|100/100
|-enditem|p1a: Iron Valiant|Booster Energy
|-activate|p1a: Iron Valiant|ability: Quark Drive|[fromitem]
|-start|p1a: Iron Valiant|quarkdrivespe
|move|p2a: Serperior|Substitute|p2a: Serperior
|-start|p2a: Serperior|Substitute
|-damage|p2a: Serperior|44/100
|
|-heal|p2a: Serperior|50/100|[from] item: Leftovers
|upkeep
|turn|10
|
|t:|1743866296
|move|p1a: Iron Valiant|Encore|p2a: Serperior
|-start|p2a: Serperior|Encore
|move|p2a: Serperior|Substitute|p2a: Serperior
|-fail|p2a: Serperior|move: Substitute
|
|-heal|p2a: Serperior|56/100|[from] item: Leftovers
|upkeep
|turn|11
|
|t:|1743866308
|switch|p2a: Fezandipiti|Fezandipiti, M|100/100
|-damage|p2a: Fezandipiti|88/100|[from] Stealth Rock
|move|p1a: Iron Valiant|Knock Off|p2a: Fezandipiti
|-resisted|p2a: Fezandipiti
|-damage|p2a: Fezandipiti|72/100
|-enditem|p2a: Fezandipiti|Leftovers|[from] move: Knock Off|[of] p1a: Iron Valiant
|
|upkeep
|turn|12
|
|t:|1743866316
|-end|p1a: Iron Valiant|Quark Drive|[silent]
|switch|p1a: Iron Treads|Iron Treads|100/100 par
|move|p2a: Fezandipiti|U-turn|p1a: Iron Treads
|-resisted|p1a: Iron Treads
|-damage|p1a: Iron Treads|92/100 par
|
|t:|1743866321
|switch|p2a: Serperior|Serperior, M|56/100|[from] U-turn
|-damage|p2a: Serperior|44/100|[from] Stealth Rock
|
|-heal|p2a: Serperior|50/100|[from] item: Leftovers
|upkeep
|turn|13
|
|t:|1743866329
|-end|p1a: Iron Treads|Quark Drive|[silent]
|switch|p1a: Iron Valiant|Iron Valiant|100/100
|move|p2a: Serperior|Leech Seed|p1a: Iron Valiant
|-start|p1a: Iron Valiant|move: Leech Seed
|
|-heal|p2a: Serperior|56/100|[from] item: Leftovers
|-damage|p1a: Iron Valiant|88/100|[from] Leech Seed|[of] p2a: Serperior
|-heal|p2a: Serperior|67/100|[silent]
|upkeep
|turn|14
|
|t:|1743866339
|move|p1a: Iron Valiant|Encore|p2a: Serperior
|-start|p2a: Serperior|Encore
|move|p2a: Serperior|Leech Seed||[still]
|-fail|p2a: Serperior
|
|-heal|p2a: Serperior|73/100|[from] item: Leftovers
|-damage|p1a: Iron Valiant|76/100|[from] Leech Seed|[of] p2a: Serperior
|-heal|p2a: Serperior|84/100|[silent]
|upkeep
|turn|15
|
|t:|1743866347
|switch|p2a: Fezandipiti|Fezandipiti, M|72/100
|-damage|p2a: Fezandipiti|60/100|[from] Stealth Rock
|move|p1a: Iron Valiant|Knock Off|p2a: Fezandipiti
|-resisted|p2a: Fezandipiti
|-damage|p2a: Fezandipiti|49/100
|
|-damage|p1a: Iron Valiant|63/100|[from] Leech Seed|[of] p2a: Fezandipiti
|-heal|p2a: Fezandipiti|59/100|[silent]
|upkeep
|turn|16
|
|t:|1743866368
|-end|p1a: Iron Valiant|Quark Drive|[silent]
|switch|p1a: Iron Treads|Iron Treads|92/100 par
|move|p2a: Fezandipiti|Roost|p2a: Fezandipiti
|-heal|p2a: Fezandipiti|100/100
|-singleturn|p2a: Fezandipiti|move: Roost
|
|upkeep
|turn|17
|
|t:|1743866374
|move|p2a: Fezandipiti|U-turn|p1a: Iron Treads
|-resisted|p1a: Iron Treads
|-damage|p1a: Iron Treads|85/100 par
|
|t:|1743866377
|switch|p2a: Serperior|Serperior, M|84/100|[from] U-turn
|-damage|p2a: Serperior|71/100|[from] Stealth Rock
|move|p1a: Iron Treads|Knock Off|p2a: Serperior
|-damage|p2a: Serperior|50/100
|-enditem|p2a: Serperior|Leftovers|[from] move: Knock Off|[of] p1a: Iron Treads
|
|upkeep
|turn|18
|
|t:|1743866391
|-end|p1a: Iron Treads|Quark Drive|[silent]
|switch|p1a: Ogerpon|Ogerpon-Wellspring, F|100/100
|move|p2a: Serperior|Leech Seed|p1a: Ogerpon
|-immune|p1a: Ogerpon
|
|upkeep
|turn|19
|
|t:|1743866407
|move|p2a: Serperior|Glare|p1a: Ogerpon
|-status|p1a: Ogerpon|par
|move|p1a: Ogerpon|U-turn|p2a: Serperior
|-supereffective|p2a: Serperior
|-damage|p2a: Serperior|0 fnt
|faint|p2a: Serperior
|
|t:|1743866418
|switch|p1a: Iron Treads|Iron Treads|85/100 par|[from] U-turn
|
|upkeep
|
|t:|1743866424
|switch|p2a: Samurott|Samurott-Hisui, M|100/100
|-damage|p2a: Samurott|88/100|[from] Stealth Rock
|turn|20
|
|t:|1743866431
|move|p2a: Samurott|Razor Shell|p1a: Iron Treads
|-supereffective|p1a: Iron Treads
|-damage|p1a: Iron Treads|0 fnt
|faint|p1a: Iron Treads
|-end|p1a: Iron Treads|Quark Drive|[silent]
|
|upkeep
|
|t:|1743866435
|switch|p1a: Ogerpon|Ogerpon-Wellspring, F|100/100 par
|turn|21
|
|t:|1743866449
|-terastallize|p2a: Samurott|Poison
|move|p2a: Samurott|Ceaseless Edge|p1a: Ogerpon
|-damage|p1a: Ogerpon|32/100 par
|-sidestart|p1: gostemy|Spikes
|cant|p1a: Ogerpon|par
|
|upkeep
|turn|22
|
|t:|1743866471
|move|p2a: Samurott|Ceaseless Edge|p1a: Ogerpon
|-damage|p1a: Ogerpon|0 fnt
|-sidestart|p1: gostemy|Spikes
|faint|p1a: Ogerpon
|
|upkeep
|
|t:|1743866486
|switch|p1a: Dragonite|Dragonite, M|100/100
|turn|23
|
|t:|1743866523
|switch|p2a: Great Tusk|Great Tusk|100/100
|-damage|p2a: Great Tusk|98/100|[from] Stealth Rock
|move|p1a: Dragonite|Earthquake|p2a: Great Tusk
|-damage|p2a: Great Tusk|71/100
|
|upkeep
|turn|24
|
|t:|1743866540
|switch|p1a: Gholdengo|Gholdengo|100/100
|-item|p1a: Gholdengo|Air Balloon
|move|p2a: Great Tusk|Knock Off|p1a: Gholdengo
|-supereffective|p1a: Gholdengo
|-damage|p1a: Gholdengo|47/100
|-enditem|p1a: Gholdengo|Air Balloon
|
|upkeep
|turn|25
|
|t:|1743866550
|move|p2a: Great Tusk|Headlong Rush|p1a: Gholdengo
|-supereffective|p1a: Gholdengo
|-damage|p1a: Gholdengo|0 fnt
|-unboost|p2a: Great Tusk|def|1
|-unboost|p2a: Great Tusk|spd|1
|faint|p1a: Gholdengo
|
|upkeep
|
|t:|1743866558
|switch|p1a: Iron Valiant|Iron Valiant|63/100
|-damage|p1a: Iron Valiant|47/100|[from] Spikes
|turn|26
|
|t:|1743866564
|-end|p2a: Great Tusk|Protosynthesis|[silent]
|switch|p2a: Fezandipiti|Fezandipiti, M|100/100
|-damage|p2a: Fezandipiti|88/100|[from] Stealth Rock
|move|p1a: Iron Valiant|Knock Off|p2a: Fezandipiti
|-resisted|p2a: Fezandipiti
|-damage|p2a: Fezandipiti|76/100
|
|upkeep
|turn|27
|
|t:|1743866579
|-end|p1a: Iron Valiant|Quark Drive|[silent]
|switch|p1a: Enamorus|Enamorus, F|24/100 par
|move|p2a: Fezandipiti|Beat Up|p1a: Enamorus
|-resisted|p1a: Enamorus
|-damage|p1a: Enamorus|21/100 par
|-resisted|p1a: Enamorus
|-damage|p1a: Enamorus|17/100 par
|-resisted|p1a: Enamorus
|-damage|p1a: Enamorus|15/100 par
|-resisted|p1a: Enamorus
|-crit|p1a: Enamorus
|-damage|p1a: Enamorus|10/100 par
|-resisted|p1a: Enamorus
|-crit|p1a: Enamorus
|-damage|p1a: Enamorus|5/100 par
|-hitcount|p1a: Enamorus|5
|
|upkeep
|turn|28
|
|t:|1743866594
|cant|p1a: Enamorus|par
|move|p2a: Fezandipiti|Beat Up|p1a: Enamorus
|-resisted|p1a: Enamorus
|-damage|p1a: Enamorus|3/100 par
|-resisted|p1a: Enamorus
|-damage|p1a: Enamorus|0 fnt
|faint|p1a: Enamorus
|-hitcount|p1: Enamorus|2
|
|upkeep
|
|t:|1743866602
|switch|p1a: Dragonite|Dragonite, M|100/100
|turn|29
|
|t:|1743866618
|move|p2a: Fezandipiti|Beat Up|p1a: Dragonite
|-damage|p1a: Dragonite|99/100
|-damage|p1a: Dragonite|94/100
|-damage|p1a: Dragonite|91/100
|-status|p1a: Dragonite|tox|[from] ability: Toxic Chain|[of] p2a: Fezandipiti
|-damage|p1a: Dragonite|86/100 tox
|-damage|p1a: Dragonite|82/100 tox
|-hitcount|p1a: Dragonite|5
|move|p1a: Dragonite|Dragon Dance|p1a: Dragonite
|-boost|p1a: Dragonite|atk|1
|-boost|p1a: Dragonite|spe|1
|
|-damage|p1a: Dragonite|76/100 tox|[from] psn
|upkeep
|turn|30
|
|t:|1743866636
|switch|p2a: Moltres|Moltres|100/100
|move|p1a: Dragonite|Dragon Dance|p1a: Dragonite
|-boost|p1a: Dragonite|atk|1
|-boost|p1a: Dragonite|spe|1
|
|-damage|p1a: Dragonite|64/100 tox|[from] psn
|upkeep
|turn|31
|
|t:|1743866643
|switch|p2a: Fezandipiti|Fezandipiti, M|76/100
|-damage|p2a: Fezandipiti|64/100|[from] Stealth Rock
|-terastallize|p1a: Dragonite|Normal
|move|p1a: Dragonite|Extreme Speed|p2a: Fezandipiti
|-damage|p2a: Fezandipiti|0 fnt
|faint|p2a: Fezandipiti
|
|-damage|p1a: Dragonite|46/100 tox|[from] psn
|upkeep
|
|t:|1743866659
|switch|p2a: Moltres|Moltres|100/100
|turn|32
|
|t:|1743866662
|switch|p2a: Gholdengo|Gholdengo|100/100
|-damage|p2a: Gholdengo|94/100|[from] Stealth Rock
|move|p1a: Dragonite|Extreme Speed|p2a: Gholdengo
|-immune|p2a: Gholdengo
|
|-damage|p1a: Dragonite|22/100 tox|[from] psn
|upkeep
|turn|33
|
|t:|1743866673
|move|p1a: Dragonite|Earthquake|p2a: Gholdengo
|-supereffective|p2a: Gholdengo
|-damage|p2a: Gholdengo|0 fnt
|faint|p2a: Gholdengo
|
|-damage|p1a: Dragonite|0 fnt|[from] psn
|faint|p1a: Dragonite
|upkeep
|
|t:|1743866681
|switch|p1a: Iron Valiant|Iron Valiant|47/100
|switch|p2a: Samurott|Samurott-Hisui, M, tera:Poison|88/100
|-damage|p1a: Iron Valiant|30/100|[from] Spikes
|-damage|p2a: Samurott|76/100|[from] Stealth Rock
|turn|34
|
|t:|1743866687
|move|p1a: Iron Valiant|Moonblast|p2a: Samurott
|-resisted|p2a: Samurott
|-damage|p2a: Samurott|43/100
|move|p2a: Samurott|Razor Shell|p1a: Iron Valiant
|-damage|p1a: Iron Valiant|0 fnt
|faint|p1a: Iron Valiant
|-end|p1a: Iron Valiant|Quark Drive|[silent]
|
|win|cacastrophe
|raw|gostemy's rating: 1490 &rarr; <strong>1468</strong><br />(-22 for losing)
|raw|cacastrophe's rating: 1461 &rarr; <strong>1483</strong><br />(+22 for winning)
|l|☆gostemy
|player|p1|
