|j|☆Youngkingzzz
|j|☆Hush Is Here
|t:|1743800425
|gametype|singles
|player|p1|Youngkingzzz|brawly|1047
|player|p2|Hush Is Here|caitlin|1072
|teamsize|p1|6
|teamsize|p2|6
|gen|9
|tier|[Gen 9] OU
|rated|
|rule|HP Percentage Mod: HP is shown in percentages
|rule|Endless Battle Clause: Forcing endless battles is banned
|rule|Species Clause: Limit one of each Pokémon
|rule|OHKO Clause: OHKO moves are banned
|rule|Evasion Items Clause: Evasion items are banned
|rule|Evasion Moves Clause: Evasion moves are banned
|rule|Sleep Moves Clause: Sleep-inducing moves are banned
|clearpoke
|poke|p1|Chesnaught, M|
|poke|p1|Blastoise, M|
|poke|p1|Talonflame, M|
|poke|p1|Lucario, M|
|poke|p1|Dragonite, M|
|poke|p1|Scizor, M|
|poke|p2|Lurantis, F|
|poke|p2|Cresselia, F|
|poke|p2|Hatterene, F|
|poke|p2|Chandelure, M|
|poke|p2|Azumarill, M|
|poke|p2|Hariyama, F|
|teampreview
|
|t:|1743800433
|start
|switch|p1a: Talonflame|Talonflame, M|100/100
|switch|p2a: Bimpo|Chandelure, M|100/100
|turn|1
|
|t:|1743800444
|move|p1a: Talonflame|Brave Bird|p2a: Bimpo
|-damage|p2a: Bimpo|39/100
|-damage|p1a: Talonflame|80/100|[from] Recoil
|move|p2a: Bimpo|Trick Room|p2a: Bimpo
|-fieldstart|move: Trick Room|[of] p2a: Bimpo
|
|upkeep
|turn|2
|
|t:|1743800453
|move|p2a: Bimpo|Overheat|p1a: Talonflame
|-resisted|p1a: Talonflame
|-damage|p1a: Talonflame|33/100
|-unboost|p2a: Bimpo|spa|2
|-enditem|p2a: Bimpo|Eject Pack
|
|t:|1743800484
|switch|p2a: Flebus|Azumarill, M|100/100
|move|p1a: Talonflame|Brave Bird|p2a: Flebus
|-damage|p2a: Flebus|47/100
|-enditem|p2a: Flebus|Sitrus Berry|[eat]
|-heal|p2a: Flebus|71/100|[from] item: Sitrus Berry
|-damage|p1a: Talonflame|10/100|[from] Recoil
|
|upkeep
|turn|3
|
|t:|1743800498
|switch|p1a: Scizor|Scizor, M|100/100
|move|p2a: Flebus|Aqua Jet|p1a: Scizor
|-damage|p1a: Scizor|77/100
|
|upkeep
|turn|4
|inactive|Battle timer is ON: inactive players will automatically lose when time's up. (requested by Youngkingzzz)
|
|t:|1743800545
|switch|p2a: Bob|Hariyama, F|100/100
|move|p1a: Scizor|Bullet Punch|p2a: Bob
|-damage|p2a: Bob|80/100
|
|-status|p2a: Bob|brn|[from] item: Flame Orb
|upkeep
|turn|5
|
|t:|1743800560
|switch|p1a: Blastoise|Blastoise, M|100/100
|move|p2a: Bob|Knock Off|p1a: Blastoise
|-damage|p1a: Blastoise|61/100
|-enditem|p1a: Blastoise|Assault Vest|[from] move: Knock Off|[of] p2a: Bob
|
|-damage|p2a: Bob|73/100 brn|[from] brn
|-fieldend|move: Trick Room
|upkeep
|turn|6
|
|t:|1743800573
|move|p1a: Blastoise|Surf|p2a: Bob
|-damage|p2a: Bob|45/100 brn
|move|p2a: Bob|Facade|p1a: Blastoise
|-damage|p1a: Blastoise|1/100
|
|-damage|p2a: Bob|39/100 brn|[from] brn
|upkeep
|turn|7
|
|t:|1743800602
|switch|p2a: Zorpo|Cresselia, F|100/100
|move|p1a: Blastoise|Surf|p2a: Zorpo
|-damage|p2a: Zorpo|74/100
|
|upkeep
|turn|8
|
|t:|1743800614
|move|p1a: Blastoise|Surf|p2a: Zorpo
|-damage|p2a: Zorpo|45/100
|move|p2a: Zorpo|Trick Room|p2a: Zorpo
|-fieldstart|move: Trick Room|[of] p2a: Zorpo
|
|upkeep
|turn|9
|
|t:|1743800620
|switch|p1a: Scizor|Scizor, M|77/100
|move|p2a: Zorpo|Moonblast|p1a: Scizor
|-resisted|p1a: Scizor
|-damage|p1a: Scizor|69/100
|
|upkeep
|turn|10
|inactive|Hush Is Here has 120 seconds left.
|
|t:|1743800663
|move|p1a: Scizor|Night Slash|p2a: Zorpo
|-supereffective|p2a: Zorpo
|-damage|p2a: Zorpo|22/100
|move|p2a: Zorpo|Lunar Dance|p2a: Zorpo
|faint|p2a: Zorpo
|
|upkeep
|
|t:|1743800677
|switch|p2a: Bob|Hariyama, F|39/100 brn
|-heal|p2a: Bob|100/100|[from] move: Lunar Dance
|turn|11
|
|t:|1743800684
|switch|p1a: Dragonite|Dragonite, M|100/100
|move|p2a: Bob|Fake Out|p1a: Dragonite
|-damage|p1a: Dragonite|95/100
|
|-status|p2a: Bob|brn|[from] item: Flame Orb
|upkeep
|turn|12
|
|t:|1743800709
|move|p2a: Bob|Facade|p1a: Dragonite
|-damage|p1a: Dragonite|44/100
|move|p1a: Dragonite|Dragon Dance|p1a: Dragonite
|-boost|p1a: Dragonite|atk|1
|-boost|p1a: Dragonite|spe|1
|
|-damage|p2a: Bob|94/100 brn|[from] brn
|-fieldend|move: Trick Room
|upkeep
|turn|13
|
|t:|1743800722
|move|p1a: Dragonite|Outrage|p2a: Bob
|-damage|p2a: Bob|31/100 brn
|move|p2a: Bob|Facade|p1a: Dragonite
|-damage|p1a: Dragonite|0 fnt
|faint|p1a: Dragonite
|
|-damage|p2a: Bob|25/100 brn|[from] brn
|upkeep
|
|t:|1743800733
|switch|p1a: Chesnaught|Chesnaught, M|100/100
|turn|14
|
|t:|1743800740
|switch|p2a: Bimpo|Chandelure, M|39/100
|move|p1a: Chesnaught|Wood Hammer|p2a: Bimpo
|-resisted|p2a: Bimpo
|-damage|p2a: Bimpo|13/100
|-damage|p1a: Chesnaught|91/100|[from] Recoil
|
|-heal|p1a: Chesnaught|97/100|[from] item: Leftovers
|upkeep
|turn|15
|
|t:|1743800758
|move|p2a: Bimpo|Overheat|p1a: Chesnaught
|-supereffective|p1a: Chesnaught
|-damage|p1a: Chesnaught|0 fnt
|-unboost|p2a: Bimpo|spa|2
|faint|p1a: Chesnaught
|
|upkeep
|
|t:|1743800767
|switch|p1a: Talonflame|Talonflame, M|10/100
|turn|16
|
|t:|1743800776
|move|p1a: Talonflame|Steel Wing|p2a: Bimpo
|-resisted|p2a: Bimpo
|-damage|p2a: Bimpo|1/100
|move|p2a: Bimpo|Trick Room|p2a: Bimpo
|-fieldstart|move: Trick Room|[of] p2a: Bimpo
|
|upkeep
|turn|17
|inactive|Hush Is Here has 120 seconds left.
|
|t:|1743800787
|move|p2a: Bimpo|Flare Blitz|p1a: Talonflame
|-resisted|p1a: Talonflame
|-damage|p1a: Talonflame|0 fnt
|faint|p1a: Talonflame
|-damage|p2a: Bimpo|0 fnt|[from] Recoil
|faint|p2a: Bimpo
|
|upkeep
|
|t:|1743800799
|switch|p2a: Doom Bringer|Lurantis, F|100/100
|switch|p1a: Blastoise|Blastoise, M|1/100
|turn|18
|
|t:|1743800804
|move|p2a: Doom Bringer|Superpower|p1a: Blastoise
|-damage|p1a: Blastoise|0 fnt
|-boost|p2a: Doom Bringer|atk|1
|-boost|p2a: Doom Bringer|def|1
|faint|p1a: Blastoise
|
|upkeep
|
|t:|1743800819
|switch|p1a: Scizor|Scizor, M|69/100
|turn|19
|
|t:|1743800822
|move|p2a: Doom Bringer|Superpower|p1a: Scizor
|-damage|p1a: Scizor|16/100
|-boost|p2a: Doom Bringer|atk|1
|-boost|p2a: Doom Bringer|def|1
|move|p1a: Scizor|X-Scissor|p2a: Doom Bringer
|-supereffective|p2a: Doom Bringer
|-damage|p2a: Doom Bringer|57/100
|
|upkeep
|turn|20
|
|t:|1743800833
|move|p2a: Doom Bringer|Superpower|p1a: Scizor
|-damage|p1a: Scizor|0 fnt
|-boost|p2a: Doom Bringer|atk|1
|-boost|p2a: Doom Bringer|def|1
|faint|p1a: Scizor
|
|-fieldend|move: Trick Room
|upkeep
|
|t:|1743800840
|switch|p1a: Lucario|Lucario, M|100/100
|turn|21
|
|t:|1743800851
|-terastallize|p1a: Lucario|Flying
|move|p1a: Lucario|Flash Cannon|p2a: Doom Bringer
|-damage|p2a: Doom Bringer|20/100
|-enditem|p2a: Doom Bringer|Figy Berry|[eat]
|-heal|p2a: Doom Bringer|53/100|[from] item: Figy Berry
|move|p2a: Doom Bringer|Substitute|p2a: Doom Bringer
|-start|p2a: Doom Bringer|Substitute
|-damage|p2a: Doom Bringer|28/100
|
|upkeep
|turn|22
|
|t:|1743800862
|move|p1a: Lucario|Focus Blast|p2a: Doom Bringer
|-end|p2a: Doom Bringer|Substitute
|move|p2a: Doom Bringer|Superpower|p1a: Lucario
|-resisted|p1a: Lucario
|-damage|p1a: Lucario|25/100
|-boost|p2a: Doom Bringer|atk|1
|-boost|p2a: Doom Bringer|def|1
|
|upkeep
|turn|23
|
|t:|1743800878
|move|p1a: Lucario|Focus Blast|p2a: Doom Bringer
|-damage|p2a: Doom Bringer|0 fnt
|faint|p2a: Doom Bringer
|
|upkeep
|
|t:|1743800882
|switch|p2a: Ohohoho|Hatterene, F|100/100
|turn|24
|
|t:|1743800890
|move|p1a: Lucario|Flash Cannon|p2a: Ohohoho
|-supereffective|p2a: Ohohoho
|-damage|p2a: Ohohoho|12/100
|move|p2a: Ohohoho|Mystical Fire|p1a: Lucario
|-damage|p1a: Lucario|0 fnt
|faint|p1a: Lucario
|
|win|Hush Is Here
|raw|Youngkingzzz's rating: 1047 &rarr; <strong>1031</strong><br />(-16 for losing)
|raw|Hush Is Here's rating: 1072 &rarr; <strong>1099</strong><br />(+27 for winning)
|l|☆Youngkingzzz
|player|p1|
