|j|☆BlakeAshkore
|j|☆uddiddussua
|t:|1743937618
|gametype|singles
|player|p1|BlakeAshkore|riley|1146
|player|p2|uddiddussua|169|1100
|teamsize|p1|6
|teamsize|p2|6
|gen|9
|tier|[Gen 9] OU
|rated|
|rule|HP Percentage Mod: HP is shown in percentages
|rule|Endless Battle Clause: Forcing endless battles is banned
|rule|Species Clause: Limit one of each Pokémon
|rule|OHKO Clause: OHKO moves are banned
|rule|Evasion Items Clause: Evasion items are banned
|rule|Evasion Moves Clause: Evasion moves are banned
|rule|Sleep Moves Clause: Sleep-inducing moves are banned
|clearpoke
|poke|p1|Gardevoir, F|
|poke|p1|Spiritomb, F|
|poke|p1|Dondozo, M|
|poke|p1|Scream Tail|
|poke|p1|Lucario, F|
|poke|p1|Yanmega, F|
|poke|p2|Hydrapple, M|
|poke|p2|Meowscarada, M|
|poke|p2|Heatran, F|
|poke|p2|Chandelure, F|
|poke|p2|Corviknight, M|
|poke|p2|Toxapex, F|
|teampreview
|inactive|Battle timer is ON: inactive players will automatically lose when time's up. (requested by BlakeAshkore)
|
|t:|1743937629
|start
|switch|p1a: Yanmega|Yanmega, F|100/100
|switch|p2a: Meowscarada|Meowscarada, M|100/100
|turn|1
|
|t:|1743937638
|move|p2a: Meowscarada|Triple Axel|p1a: Yanmega
|-supereffective|p1a: Yanmega
|-damage|p1a: Yanmega|75/100
|-supereffective|p1a: Yanmega
|-damage|p1a: Yanmega|25/100
|-supereffective|p1a: Yanmega
|-damage|p1a: Yanmega|0 fnt
|faint|p1a: Yanmega
|-hitcount|p1: Yanmega|3
|
|upkeep
|
|t:|1743937653
|switch|p1a: Scream Tail|Scream Tail|100/100
|-enditem|p1a: Scream Tail|Booster Energy
|-activate|p1a: Scream Tail|ability: Protosynthesis|[fromitem]
|-start|p1a: Scream Tail|protosynthesisspe
|turn|2
|inactive|BlakeAshkore has 120 seconds left.
|
|t:|1743937685
|switch|p2a: Heatran|Heatran, F|100/100
|move|p1a: Scream Tail|Dazzling Gleam|p2a: Heatran
|-resisted|p2a: Heatran
|-damage|p2a: Heatran|95/100
|
|-heal|p2a: Heatran|100/100|[from] item: Leftovers
|upkeep
|turn|3
|
|t:|1743937695
|move|p1a: Scream Tail|Thunder Wave|p2a: Heatran
|-status|p2a: Heatran|par
|cant|p2a: Heatran|par
|
|upkeep
|turn|4
|inactive|BlakeAshkore has 120 seconds left.
|
|t:|1743937717
|-end|p1a: Scream Tail|Protosynthesis|[silent]
|switch|p1a: Spiritomb|Spiritomb, F|100/100
|move|p2a: Heatran|Magma Storm|p1a: Spiritomb|[miss]
|-miss|p2a: Heatran|p1a: Spiritomb
|
|upkeep
|turn|5
|inactive|BlakeAshkore has 120 seconds left.
|
|t:|1743937728
|move|p1a: Spiritomb|Nasty Plot|p1a: Spiritomb
|-boost|p1a: Spiritomb|spa|2
|move|p2a: Heatran|Magma Storm|p1a: Spiritomb
|-damage|p1a: Spiritomb|60/100
|-activate|p1a: Spiritomb|move: Magma Storm|[of] p2a: Heatran
|
|-heal|p1a: Spiritomb|66/100|[from] item: Leftovers
|-damage|p1a: Spiritomb|53/100|[from] move: Magma Storm|[partiallytrapped]
|upkeep
|turn|6
|inactive|BlakeAshkore has 120 seconds left.
|
|t:|1743937739
|move|p1a: Spiritomb|Hex|p2a: Heatran
|-damage|p2a: Heatran|20/100 par
|move|p2a: Heatran|Lunge|p1a: Spiritomb
|-damage|p1a: Spiritomb|38/100
|-unboost|p1a: Spiritomb|atk|1
|
|-heal|p1a: Spiritomb|44/100|[from] item: Leftovers
|-heal|p2a: Heatran|27/100 par|[from] item: Leftovers
|-damage|p1a: Spiritomb|32/100|[from] move: Magma Storm|[partiallytrapped]
|upkeep
|turn|7
|
|t:|1743937752
|move|p1a: Spiritomb|Hex|p2a: Heatran
|-damage|p2a: Heatran|0 fnt
|faint|p2a: Heatran
|
|-heal|p1a: Spiritomb|38/100|[from] item: Leftovers
|-end|p1a: Spiritomb|Magma Storm|[partiallytrapped]|[silent]
|upkeep
|
|t:|1743937764
|switch|p2a: Chandelure|Chandelure, F|100/100
|turn|8
|
|t:|1743937769
|move|p2a: Chandelure|Shadow Ball|p1a: Spiritomb
|-damage|p1a: Spiritomb|0 fnt
|faint|p1a: Spiritomb
|
|upkeep
|
|t:|1743937774
|switch|p1a: Scream Tail|Scream Tail|100/100
|turn|9
|
|t:|1743937786
|-terastallize|p2a: Chandelure|Ghost
|move|p2a: Chandelure|Shadow Ball|p1a: Scream Tail
|-supereffective|p1a: Scream Tail
|-damage|p1a: Scream Tail|15/100
|-unboost|p1a: Scream Tail|spd|1
|move|p1a: Scream Tail|Thunder Wave|p2a: Chandelure|[miss]
|-miss|p1a: Scream Tail|p2a: Chandelure
|
|upkeep
|turn|10
|
|t:|1743937796
|move|p2a: Chandelure|Shadow Ball|p1a: Scream Tail
|-supereffective|p1a: Scream Tail
|-damage|p1a: Scream Tail|0 fnt
|faint|p1a: Scream Tail
|-end|p1a: Scream Tail|Protosynthesis|[silent]
|
|upkeep
|
|t:|1743937803
|switch|p1a: Lucario|Lucario, F|100/100
|-item|p1a: Lucario|Air Balloon
|turn|11
|
|t:|1743937807
|move|p2a: Chandelure|Shadow Ball|p1a: Lucario
|-damage|p1a: Lucario|0 fnt
|-enditem|p1a: Lucario|Air Balloon
|faint|p1a: Lucario
|
|upkeep
|
|t:|1743937813
|switch|p1a: Gardevoir|Gardevoir, F|100/100
|turn|12
|
|t:|1743937816
|move|p2a: Chandelure|Shadow Ball|p1a: Gardevoir
|-supereffective|p1a: Gardevoir
|-damage|p1a: Gardevoir|0 fnt
|faint|p1a: Gardevoir
|
|upkeep
|
|t:|1743937819
|switch|p1a: Dondozo|Dondozo, M|100/100
|turn|13
|
|t:|1743937824
|-terastallize|p1a: Dondozo|Dragon
|move|p2a: Chandelure|Shadow Ball|p1a: Dondozo
|-damage|p1a: Dondozo|42/100
|move|p1a: Dondozo|Curse|p1a: Dondozo
|-unboost|p1a: Dondozo|spe|1
|-boost|p1a: Dondozo|atk|1
|-boost|p1a: Dondozo|def|1
|
|-heal|p1a: Dondozo|48/100|[from] item: Leftovers
|upkeep
|turn|14
|
|t:|1743937835
|move|p2a: Chandelure|Shadow Ball|p1a: Dondozo
|-damage|p1a: Dondozo|0 fnt
|faint|p1a: Dondozo
|
|win|uddiddussua
|raw|BlakeAshkore's rating: 1146 &rarr; <strong>1118</strong><br />(-28 for losing)
|raw|uddiddussua's rating: 1100 &rarr; <strong>1128</strong><br />(+28 for winning)
|l|☆BlakeAshkore
|player|p1|
|l|☆uddiddussua
|player|p2|
