|j|☆Malygonos
|j|☆asaiifox
|t:|1743901328
|gametype|singles
|player|p1|Malygonos|iris-gen5bw2|1356
|player|p2|asaiifox|cueball-gen1rb|1422
|teamsize|p1|6
|teamsize|p2|6
|gen|9
|tier|[Gen 9] OU
|rated|
|rule|HP Percentage Mod: HP is shown in percentages
|rule|Endless Battle Clause: Forcing endless battles is banned
|rule|Species Clause: Limit one of each Pokémon
|rule|OHKO Clause: OHKO moves are banned
|rule|Evasion Items Clause: Evasion items are banned
|rule|Evasion Moves Clause: Evasion moves are banned
|rule|Sleep Moves Clause: Sleep-inducing moves are banned
|clearpoke
|poke|p1|Kyurem|
|poke|p1|Slowking-Galar, M|
|poke|p1|Iron Valiant|
|poke|p1|Great Tusk|
|poke|p1|Gholdengo|
|poke|p1|Raging Bolt|
|poke|p2|Blissey, F|
|poke|p2|Amoonguss, M|
|poke|p2|Bronzong|
|poke|p2|Gliscor, F|
|poke|p2|Dondozo, F|
|poke|p2|Alomomola, M|
|teampreview
|inactive|Battle timer is ON: inactive players will automatically lose when time's up. (requested by Malygonos)
|j| Laxwood
|inactive|Malygonos has 120 seconds left.
|inactive|asaiifox has 120 seconds left.
|inactive|Malygonos has 90 seconds left.
|
|t:|1743901403
|start
|switch|p1a: Miyu|Slowking-Galar, M, shiny|100/100
|switch|p2a: Glice2MeetU|Gliscor, F|100/100
|turn|1
|inactive|asaiifox has 120 seconds left.
|inactive|asaiifox has 90 seconds left.
|
|t:|1743901468
|move|p2a: Glice2MeetU|Protect|p2a: Glice2MeetU
|-singleturn|p2a: Glice2MeetU|Protect
|-prepare|p1a: Miyu|Chilly Reception|[premajor]
|move|p1a: Miyu|Chilly Reception|p1a: Miyu
|-weather|Snowscape
|
|t:|1743901473
|switch|p1a: Geto|Kyurem, shiny|100/100|[from] Chilly Reception
|-ability|p1a: Geto|Pressure
|
|-weather|Snowscape|[upkeep]
|-status|p2a: Glice2MeetU|tox|[from] item: Toxic Orb
|upkeep
|turn|2
|
|t:|1743901477
|switch|p2a: ForWhomIToll|Bronzong|100/100
|move|p1a: Geto|Freeze-Dry|p2a: ForWhomIToll
|-resisted|p2a: ForWhomIToll
|-damage|p2a: ForWhomIToll|81/100
|
|-weather|Snowscape|[upkeep]
|-heal|p2a: ForWhomIToll|87/100|[from] item: Leftovers
|upkeep
|turn|3
|inactive|Malygonos has 120 seconds left.
|
|t:|1743901507
|switch|p1a: Miyu|Slowking-Galar, M, shiny|100/100
|move|p2a: ForWhomIToll|Stealth Rock|p1a: Miyu
|-sidestart|p1: Malygonos|move: Stealth Rock
|
|-weather|Snowscape|[upkeep]
|-heal|p2a: ForWhomIToll|93/100|[from] item: Leftovers
|upkeep
|turn|4
|inactive|asaiifox has 120 seconds left.
|
|t:|1743901523
|move|p2a: ForWhomIToll|Protect|p2a: ForWhomIToll
|-singleturn|p2a: ForWhomIToll|Protect
|move|p1a: Miyu|Future Sight|p2a: ForWhomIToll
|-start|p1a: Miyu|move: Future Sight
|
|-weather|Snowscape|[upkeep]
|-heal|p2a: ForWhomIToll|99/100|[from] item: Leftovers
|upkeep
|turn|5
|
|t:|1743901534
|switch|p2a: MolehMolehMoleh|Alomomola, M|100/100
|move|p1a: Miyu|Thunder Wave|p2a: MolehMolehMoleh
|-status|p2a: MolehMolehMoleh|par
|
|-weather|none
|upkeep
|turn|6
|
|t:|1743901543
|move|p2a: MolehMolehMoleh|Scald|p1a: Miyu
|-damage|p1a: Miyu|92/100
|-status|p1a: Miyu|brn
|-prepare|p1a: Miyu|Chilly Reception|[premajor]
|move|p1a: Miyu|Chilly Reception|p1a: Miyu
|-weather|Snowscape
|inactive|Malygonos has 120 seconds left.
|
|t:|1743901570
|switch|p1a: Geto|Kyurem, shiny|100/100|[from] Chilly Reception
|-damage|p1a: Geto|76/100|[from] Stealth Rock
|-ability|p1a: Geto|Pressure
|
|-weather|Snowscape|[upkeep]
|-end|p2a: MolehMolehMoleh|move: Future Sight
|-damage|p2a: MolehMolehMoleh|61/100 par
|upkeep
|turn|7
|inactive|asaiifox has 120 seconds left.
|inactive|Malygonos has 120 seconds left.
|
|t:|1743901591
|switch|p2a: ForWhomIToll|Bronzong|99/100
|move|p1a: Geto|Draco Meteor|p2a: ForWhomIToll
|-resisted|p2a: ForWhomIToll
|-damage|p2a: ForWhomIToll|65/100
|-unboost|p1a: Geto|spa|2
|
|-weather|Snowscape|[upkeep]
|-heal|p2a: ForWhomIToll|71/100|[from] item: Leftovers
|upkeep
|turn|8
|inactive|Malygonos has 120 seconds left.
|
|t:|1743901607
|switch|p1a: Miyu|Slowking-Galar, M, shiny|100/100 brn
|move|p2a: ForWhomIToll|Psychic Noise|p1a: Miyu
|-damage|p1a: Miyu|87/100 brn
|-start|p1a: Miyu|move: Heal Block
|
|-weather|Snowscape|[upkeep]
|-heal|p2a: ForWhomIToll|77/100|[from] item: Leftovers
|-damage|p1a: Miyu|81/100 brn|[from] brn
|upkeep
|turn|9
|inactive|asaiifox has 120 seconds left.
|inactive|asaiifox has 90 seconds left.
|inactive|asaiifox has 60 seconds left.
|
|t:|1743901697
|move|p2a: ForWhomIToll|Protect|p2a: ForWhomIToll
|-singleturn|p2a: ForWhomIToll|Protect
|-prepare|p1a: Miyu|Chilly Reception|[premajor]
|move|p1a: Miyu|Chilly Reception|p1a: Miyu
|
|t:|1743901700
|switch|p1a: Third Rate Hero|Iron Valiant, shiny|100/100|[from] Chilly Reception
|-damage|p1a: Third Rate Hero|94/100|[from] Stealth Rock
|-enditem|p1a: Third Rate Hero|Booster Energy
|-activate|p1a: Third Rate Hero|ability: Quark Drive|[fromitem]
|-start|p1a: Third Rate Hero|quarkdrivespe
|
|-weather|Snowscape|[upkeep]
|-heal|p2a: ForWhomIToll|83/100|[from] item: Leftovers
|upkeep
|turn|10
|
|t:|1743901707
|switch|p2a: insert joke|Amoonguss, M|100/100
|move|p1a: Third Rate Hero|Knock Off|p2a: insert joke
|-damage|p2a: insert joke|78/100
|-enditem|p2a: insert joke|Heavy-Duty Boots|[from] move: Knock Off|[of] p1a: Third Rate Hero
|
|-weather|none
|upkeep
|turn|11
|
|t:|1743901726
|-end|p1a: Third Rate Hero|Quark Drive|[silent]
|switch|p1a: Johhny|Gholdengo|100/100
|-damage|p1a: Johhny|94/100|[from] Stealth Rock
|-item|p1a: Johhny|Air Balloon
|move|p2a: insert joke|Clear Smog|p1a: Johhny
|-immune|p1a: Johhny
|
|upkeep
|turn|12
|inactive|asaiifox has 60 seconds left.
|
|t:|1743901741
|switch|p2a: Eggy|Blissey, F|100/100
|move|p1a: Johhny|Nasty Plot|p1a: Johhny
|-boost|p1a: Johhny|spa|2
|
|upkeep
|turn|13
|
|t:|1743901756
|switch|p1a: Miyu|Slowking-Galar, M, shiny|100/100 brn
|move|p2a: Eggy|Calm Mind|p2a: Eggy
|-boost|p2a: Eggy|spa|1
|-boost|p2a: Eggy|spd|1
|
|-damage|p1a: Miyu|94/100 brn|[from] brn
|upkeep
|turn|14
|inactive|asaiifox has 60 seconds left.
|inactive|asaiifox has 30 seconds left.
|inactive|asaiifox has 20 seconds left.
|inactive|asaiifox has 15 seconds left.
|inactive|asaiifox has 10 seconds left.
|inactive|asaiifox has 5 seconds left.
|-message|asaiifox lost due to inactivity.
|
|win|Malygonos
|raw|Malygonos's rating: 1356 &rarr; <strong>1380</strong><br />(+24 for winning)
|raw|asaiifox's rating: 1422 &rarr; <strong>1398</strong><br />(-24 for losing)
|c|☆Malygonos|bored of ur own team lol
