|j|☆dewottsoldier370
|j|☆jarrodbennett
|t:|1743879487
|gametype|singles
|player|p1|dewottsoldier370|265|1384
|player|p2|jarrodbennett|2|1411
|teamsize|p1|6
|teamsize|p2|6
|gen|9
|tier|[Gen 9] OU
|rated|
|rule|HP Percentage Mod: HP is shown in percentages
|rule|Endless Battle Clause: Forcing endless battles is banned
|rule|Species Clause: Limit one of each Pokémon
|rule|OHKO Clause: OHKO moves are banned
|rule|Evasion Items Clause: Evasion items are banned
|rule|Evasion Moves Clause: Evasion moves are banned
|rule|Sleep Moves Clause: Sleep-inducing moves are banned
|clearpoke
|poke|p1|Garganacl, F|
|poke|p1|Hippowdon, M|
|poke|p1|Excadrill, F|
|poke|p1|Slowking-Galar, F|
|poke|p1|Ogerpon-Wellspring, F|
|poke|p1|Zamazenta-*|
|poke|p2|Ribombee, M|
|poke|p2|Cinderace, M|
|poke|p2|Serperior, M|
|poke|p2|Hitmonlee, M|
|poke|p2|Empoleon, M|
|poke|p2|Kingambit, F|
|teampreview
|
|t:|1743879505
|start
|switch|p1a: Excadrill|Excadrill, F|100/100
|switch|p2a: Ya Like Jazz?|Ribombee, M|100/100
|-item|p1a: Excadrill|Air Balloon
|turn|1
|
|t:|1743879519
|-terastallize|p2a: Ya Like Jazz?|Ghost
|move|p2a: Ya Like Jazz?|Sticky Web|p1a: Excadrill
|-sidestart|p1: dewottsoldier370|move: Sticky Web
|move|p1a: Excadrill|Iron Head|p2a: Ya Like Jazz?
|-damage|p2a: Ya Like Jazz?|19/100
|
|upkeep
|turn|2
|
|t:|1743879530
|move|p2a: Ya Like Jazz?|Charm|p1a: Excadrill
|-unboost|p1a: Excadrill|atk|2
|move|p1a: Excadrill|Iron Head|p2a: Ya Like Jazz?
|-damage|p2a: Ya Like Jazz?|0 fnt
|faint|p2a: Ya Like Jazz?
|
|upkeep
|c|☆jarrodbennett|That wasn't Rapid Spin...
|
|t:|1743879537
|switch|p2a: What's Up Doc?|Cinderace, M|100/100
|turn|3
|
|t:|1743879545
|switch|p1a: Hippowdon|Hippowdon, M|100/100
|-activate|p1a: Hippowdon|move: Sticky Web
|-unboost|p1a: Hippowdon|spe|1
|-weather|Sandstorm|[from] ability: Sand Stream|[of] p1a: Hippowdon
|move|p2a: What's Up Doc?|Court Change|p2a: What's Up Doc?
|-start|p2a: What's Up Doc?|typechange|Normal|[from] ability: Libero
|-swapsideconditions
|-activate|p2a: What's Up Doc?|move: Court Change
|
|-weather|Sandstorm|[upkeep]
|-damage|p2a: What's Up Doc?|95/100|[from] Sandstorm
|upkeep
|turn|4
|
|t:|1743879557
|move|p2a: What's Up Doc?|Pyro Ball|p1a: Hippowdon
|-damage|p1a: Hippowdon|78/100
|move|p1a: Hippowdon|Stone Edge|p2a: What's Up Doc?|[miss]
|-miss|p1a: Hippowdon|p2a: What's Up Doc?
|
|-weather|Sandstorm|[upkeep]
|-damage|p2a: What's Up Doc?|89/100|[from] Sandstorm
|upkeep
|turn|5
|
|t:|1743879567
|switch|p1a: Zamazenta|Zamazenta|100/100
|-ability|p1a: Zamazenta|Dauntless Shield|boost
|-boost|p1a: Zamazenta|def|1
|move|p2a: What's Up Doc?|Pyro Ball|p1a: Zamazenta|[miss]
|-miss|p2a: What's Up Doc?|p1a: Zamazenta
|
|-weather|Sandstorm|[upkeep]
|-damage|p1a: Zamazenta|94/100|[from] Sandstorm
|-damage|p2a: What's Up Doc?|83/100|[from] Sandstorm
|upkeep
|turn|6
|
|t:|1743879577
|move|p1a: Zamazenta|Close Combat|p2a: What's Up Doc?
|-supereffective|p2a: What's Up Doc?
|-damage|p2a: What's Up Doc?|0 fnt
|-unboost|p1a: Zamazenta|def|1
|-unboost|p1a: Zamazenta|spd|1
|faint|p2a: What's Up Doc?
|
|-weather|Sandstorm|[upkeep]
|-damage|p1a: Zamazenta|88/100|[from] Sandstorm
|upkeep
|
|t:|1743879586
|switch|p2a: Slytherin|Serperior, M|100/100
|-activate|p2a: Slytherin|move: Sticky Web
|-boost|p2a: Slytherin|spe|1
|turn|7
|
|t:|1743879590
|move|p2a: Slytherin|Leaf Storm|p1a: Zamazenta
|-damage|p1a: Zamazenta|27/100
|-boost|p2a: Slytherin|spa|2
|move|p1a: Zamazenta|Roar|p2a: Slytherin
|drag|p2a: Big Z|Empoleon, M|100/100
|-activate|p2a: Big Z|move: Sticky Web
|-unboost|p2a: Big Z|spe|1
|-ability|p2a: Big Z|Competitive|boost
|-boost|p2a: Big Z|spa|2
|
|-weather|Sandstorm|[upkeep]
|-damage|p1a: Zamazenta|21/100|[from] Sandstorm
|upkeep
|turn|8
|
|t:|1743879603
|move|p2a: Big Z|Vacuum Wave|p1a: Zamazenta
|-damage|p1a: Zamazenta|0 fnt
|faint|p1a: Zamazenta
|
|-weather|Sandstorm|[upkeep]
|upkeep
|
|t:|1743879614
|switch|p1a: Ogerpon|Ogerpon-Wellspring, F|100/100
|turn|9
|
|t:|1743879617
|-terastallize|p1a: Ogerpon|Water
|detailschange|p1a: Ogerpon|Ogerpon-Wellspring-Tera, F, tera:Water
|-ability|p1a: Ogerpon|Embody Aspect (Wellspring)|boost
|-boost|p1a: Ogerpon|spd|1
|move|p1a: Ogerpon|Power Whip|p2a: Big Z|[miss]
|-miss|p1a: Ogerpon|p2a: Big Z
|move|p2a: Big Z|Ice Beam|p1a: Ogerpon
|-resisted|p1a: Ogerpon
|-damage|p1a: Ogerpon|76/100
|
|-weather|Sandstorm|[upkeep]
|-damage|p1a: Ogerpon|70/100|[from] Sandstorm
|upkeep
|turn|10
|
|t:|1743879631
|switch|p2a: Slytherin|Serperior, M|100/100
|-activate|p2a: Slytherin|move: Sticky Web
|-boost|p2a: Slytherin|spe|1
|move|p1a: Ogerpon|Power Whip|p2a: Slytherin
|-resisted|p2a: Slytherin
|-damage|p2a: Slytherin|53/100
|
|-weather|none
|upkeep
|turn|11
|
|t:|1743879640
|switch|p1a: Slowking|Slowking-Galar, F|100/100
|move|p2a: Slytherin|Leaf Storm|p1a: Slowking
|-resisted|p1a: Slowking
|-damage|p1a: Slowking|89/100
|-boost|p2a: Slytherin|spa|2
|
|upkeep
|turn|12
|
|t:|1743879648
|switch|p2a: Taking a Dump|Kingambit, F|100/100
|-activate|p2a: Taking a Dump|move: Sticky Web
|-unboost|p2a: Taking a Dump|spe|1
|-ability|p2a: Taking a Dump|Defiant|boost
|-boost|p2a: Taking a Dump|atk|2
|move|p1a: Slowking|Sludge Bomb|p2a: Taking a Dump
|-immune|p2a: Taking a Dump
|
|upkeep
|turn|13
|
|t:|1743879658
|switch|p1a: Hippowdon|Hippowdon, M|78/100
|-weather|Sandstorm|[from] ability: Sand Stream|[of] p1a: Hippowdon
|move|p2a: Taking a Dump|Kowtow Cleave|p1a: Hippowdon
|-damage|p1a: Hippowdon|26/100
|
|-weather|Sandstorm|[upkeep]
|upkeep
|turn|14
|
|t:|1743879680
|move|p1a: Hippowdon|Earthquake|p2a: Taking a Dump
|-supereffective|p2a: Taking a Dump
|-damage|p2a: Taking a Dump|44/100
|move|p2a: Taking a Dump|Kowtow Cleave|p1a: Hippowdon
|-damage|p1a: Hippowdon|0 fnt
|faint|p1a: Hippowdon
|
|-weather|Sandstorm|[upkeep]
|upkeep
|
|t:|1743879689
|switch|p1a: Garganacl|Garganacl, F|100/100
|turn|15
|
|t:|1743879692
|move|p1a: Garganacl|Earthquake|p2a: Taking a Dump
|-supereffective|p2a: Taking a Dump
|-damage|p2a: Taking a Dump|11/100
|move|p2a: Taking a Dump|Iron Head|p1a: Garganacl
|-supereffective|p1a: Garganacl
|-damage|p1a: Garganacl|0 fnt
|faint|p1a: Garganacl
|
|-weather|Sandstorm|[upkeep]
|upkeep
|
|t:|1743879700
|switch|p1a: Excadrill|Excadrill, F|100/100
|-item|p1a: Excadrill|Air Balloon
|turn|16
|
|t:|1743879706
|move|p2a: Taking a Dump|Sucker Punch|p1a: Excadrill
|-damage|p1a: Excadrill|0 fnt
|-enditem|p1a: Excadrill|Air Balloon
|faint|p1a: Excadrill
|
|-weather|Sandstorm|[upkeep]
|upkeep
|
|t:|1743879709
|switch|p1a: Ogerpon|Ogerpon-Wellspring-Tera, F, tera:Water|70/100
|-ability|p1a: Ogerpon|Embody Aspect (Wellspring)|boost
|-boost|p1a: Ogerpon|spd|1
|turn|17
|
|t:|1743879716
|switch|p2a: Slytherin|Serperior, M|53/100
|-activate|p2a: Slytherin|move: Sticky Web
|-boost|p2a: Slytherin|spe|1
|move|p1a: Ogerpon|Ivy Cudgel|p2a: Slytherin|[anim] Ivy Cudgel Water
|-resisted|p2a: Slytherin
|-damage|p2a: Slytherin|3/100
|
|-weather|Sandstorm|[upkeep]
|-damage|p2a: Slytherin|0 fnt|[from] Sandstorm
|-damage|p1a: Ogerpon|64/100|[from] Sandstorm
|faint|p2a: Slytherin
|upkeep
|
|t:|1743879727
|switch|p2a: Kickin' Nugget|Hitmonlee, M|100/100
|-activate|p2a: Kickin' Nugget|move: Sticky Web
|-unboost|p2a: Kickin' Nugget|spe|1
|-enditem|p2a: Kickin' Nugget|White Herb
|-clearnegativeboost|p2a: Kickin' Nugget|[silent]
|turn|18
|
|t:|1743879735
|switch|p1a: Slowking|Slowking-Galar, F|100/100
|move|p2a: Kickin' Nugget|Close Combat|p1a: Slowking
|-resisted|p1a: Slowking
|-damage|p1a: Slowking|83/100
|-unboost|p2a: Kickin' Nugget|def|1
|-unboost|p2a: Kickin' Nugget|spd|1
|
|-weather|Sandstorm|[upkeep]
|-damage|p2a: Kickin' Nugget|94/100|[from] Sandstorm
|-damage|p1a: Slowking|77/100|[from] Sandstorm
|upkeep
|turn|19
|
|t:|1743879746
|move|p2a: Kickin' Nugget|Knock Off|p1a: Slowking
|-supereffective|p1a: Slowking
|-damage|p1a: Slowking|9/100
|-enditem|p1a: Slowking|Assault Vest|[from] move: Knock Off|[of] p2a: Kickin' Nugget
|move|p1a: Slowking|Flamethrower|p2a: Kickin' Nugget
|-damage|p2a: Kickin' Nugget|35/100
|
|-weather|Sandstorm|[upkeep]
|-damage|p2a: Kickin' Nugget|29/100|[from] Sandstorm
|-damage|p1a: Slowking|3/100|[from] Sandstorm
|upkeep
|turn|20
|
|t:|1743879757
|move|p2a: Kickin' Nugget|Knock Off|p1a: Slowking
|-supereffective|p1a: Slowking
|-damage|p1a: Slowking|0 fnt
|faint|p1a: Slowking
|
|-weather|none
|upkeep
|
|t:|1743879759
|switch|p1a: Ogerpon|Ogerpon-Wellspring-Tera, F, tera:Water|64/100
|-ability|p1a: Ogerpon|Embody Aspect (Wellspring)|boost
|-boost|p1a: Ogerpon|spd|1
|turn|21
|
|t:|1743879767
|move|p2a: Kickin' Nugget|Close Combat|p1a: Ogerpon
|-damage|p1a: Ogerpon|0 fnt
|-unboost|p2a: Kickin' Nugget|def|1
|-unboost|p2a: Kickin' Nugget|spd|1
|faint|p1a: Ogerpon
|
|win|jarrodbennett
|raw|dewottsoldier370's rating: 1384 &rarr; <strong>1366</strong><br />(-18 for losing)
|raw|jarrodbennett's rating: 1411 &rarr; <strong>1429</strong><br />(+18 for winning)
|l|☆dewottsoldier370
|player|p1|
