|j|☆DarKnightPT
|j|☆Z-Pokemaster2000
|t:|1743877769
|gametype|singles
|player|p1|DarKnightPT|sabrina|
|player|p2|Z-Pokemaster2000|266|
|teamsize|p1|6
|teamsize|p2|6
|gen|9
|tier|[Gen 9] OU
|rule|HP Percentage Mod: HP is shown in percentages
|rule|Endless Battle Clause: Forcing endless battles is banned
|rule|Species Clause: Limit one of each Pokémon
|rule|OHKO Clause: OHKO moves are banned
|rule|Evasion Items Clause: Evasion items are banned
|rule|Evasion Moves Clause: Evasion moves are banned
|rule|Sleep Moves Clause: Sleep-inducing moves are banned
|clearpoke
|poke|p1|Gliscor, F|
|poke|p1|Umbreon, F|
|poke|p1|Pecharunt|
|poke|p1|Iron Crown|
|poke|p1|Alomomola, F|
|poke|p1|Hoopa-Unbound|
|poke|p2|Okidogi, M|
|poke|p2|Alcremie-Matcha-Cream, F|
|poke|p2|Grimmsnarl, M|
|poke|p2|Great Tusk|
|poke|p2|Hydrapple, M|
|poke|p2|Kingambit, M|
|teampreview
|inactive|Battle timer is ON: inactive players will automatically lose when time's up. (requested by Z-Pokemaster2000)
|
|t:|1743877783
|start
|switch|p1a: Gliscor|Gliscor, F|100/100
|switch|p2a: Grimmsnarl|Grimmsnarl, M, shiny|100/100
|turn|1
|c|☆Z-Pokemaster2000|Aight game 1 was just a warm up
|c|☆Z-Pokemaster2000|You got this
|
|t:|1743877794
|move|p2a: Grimmsnarl|Parting Shot|p1a: Gliscor
|-unboost|p1a: Gliscor|atk|1
|-unboost|p1a: Gliscor|spa|1
|
|t:|1743877799
|switch|p2a: Hydrapple|Hydrapple, M, shiny|100/100|[from] Parting Shot
|move|p1a: Gliscor|Knock Off|p2a: Hydrapple
|-crit|p2a: Hydrapple
|-damage|p2a: Hydrapple|75/100
|-enditem|p2a: Hydrapple|Choice Specs|[from] move: Knock Off|[of] p1a: Gliscor
|
|-status|p1a: Gliscor|tox|[from] item: Toxic Orb
|upkeep
|turn|2
|
|t:|1743877814
|switch|p1a: Iron Crown|Iron Crown|100/100
|move|p2a: Hydrapple|Fickle Beam|p1a: Iron Crown
|-resisted|p1a: Iron Crown
|-damage|p1a: Iron Crown|86/100
|
|upkeep
|turn|3
|c|☆Z-Pokemaster2000|You dont have protect on that gliscor do you
|inactive|DarKnightPT has 270 seconds left.
|
|t:|1743877847
|switch|p2a: Okidogi|Okidogi, M|100/100
|move|p1a: Iron Crown|Volt Switch|p2a: Okidogi
|-damage|p2a: Okidogi|83/100
|
|t:|1743877861
|-end|p1a: Iron Crown|Quark Drive|[silent]
|switch|p1a: Alomomola|Alomomola, F|100/100|[from] Volt Switch
|
|upkeep
|turn|4
|
|t:|1743877866
|move|p2a: Okidogi|Knock Off|p1a: Alomomola
|-damage|p1a: Alomomola|83/100
|-damage|p2a: Okidogi|66/100|[from] item: Rocky Helmet|[of] p1a: Alomomola
|-status|p1a: Alomomola|tox|[from] ability: Toxic Chain|[of] p2a: Okidogi
|-enditem|p1a: Alomomola|Rocky Helmet|[from] move: Knock Off|[of] p2a: Okidogi
|move|p1a: Alomomola|Scald|p2a: Okidogi
|-damage|p2a: Okidogi|57/100
|
|-damage|p1a: Alomomola|77/100 tox|[from] psn
|upkeep
|turn|5
|inactive|DarKnightPT has 270 seconds left.
|
|t:|1743877878
|move|p2a: Okidogi|Drain Punch|p1a: Alomomola
|-damage|p1a: Alomomola|53/100 tox
|-heal|p2a: Okidogi|75/100|[from] drain|[of] p1a: Alomomola
|move|p1a: Alomomola|Scald|p2a: Okidogi
|-damage|p2a: Okidogi|65/100
|
|-damage|p1a: Alomomola|40/100 tox|[from] psn
|upkeep
|turn|6
|
|t:|1743877887
|move|p2a: Okidogi|Drain Punch|p1a: Alomomola
|-damage|p1a: Alomomola|18/100 tox
|-heal|p2a: Okidogi|81/100|[from] drain|[of] p1a: Alomomola
|move|p1a: Alomomola|Flip Turn|p2a: Okidogi
|-damage|p2a: Okidogi|68/100
|inactive|DarKnightPT has 270 seconds left.
|
|t:|1743877918
|switch|p1a: Gliscor|Gliscor, F|100/100 tox|[from] Flip Turn
|
|upkeep
|turn|7
|
|t:|1743877938
|move|p1a: Gliscor|Swords Dance|p1a: Gliscor
|-boost|p1a: Gliscor|atk|2
|move|p2a: Okidogi|Ice Punch|p1a: Gliscor
|-supereffective|p1a: Gliscor
|-damage|p1a: Gliscor|8/100 tox
|
|-heal|p1a: Gliscor|21/100 tox|[from] ability: Poison Heal
|upkeep
|turn|8
|
|t:|1743877945
|switch|p2a: Hydrapple|Hydrapple, M, shiny|100/100
|move|p1a: Gliscor|Protect||[still]
|-fail|p1a: Gliscor
|
|-heal|p1a: Gliscor|33/100 tox|[from] ability: Poison Heal
|upkeep
|turn|9
|c|☆Z-Pokemaster2000|...no facade then?
|inactive|Z-Pokemaster2000 has 270 seconds left.
|
|t:|1743877978
|move|p1a: Gliscor|Protect|p1a: Gliscor
|-singleturn|p1a: Gliscor|Protect
|move|p2a: Hydrapple|Giga Drain|p1a: Gliscor
|-activate|p1a: Gliscor|move: Protect
|
|-heal|p1a: Gliscor|46/100 tox|[from] ability: Poison Heal
|upkeep
|turn|10
|
|t:|1743877994
|switch|p1a: Iron Crown|Iron Crown|86/100
|move|p2a: Hydrapple|Fickle Beam|p1a: Iron Crown|[anim] Fickle Beam All Out
|-activate|p2a: Hydrapple|move: Fickle Beam
|-resisted|p1a: Iron Crown
|-damage|p1a: Iron Crown|59/100
|
|upkeep
|turn|11
|
|t:|1743878001
|move|p1a: Iron Crown|Focus Blast|p2a: Hydrapple
|-damage|p2a: Hydrapple|59/100
|move|p2a: Hydrapple|Earth Power|p1a: Iron Crown
|-supereffective|p1a: Iron Crown
|-damage|p1a: Iron Crown|16/100
|
|upkeep
|turn|12
|inactive|Z-Pokemaster2000 has 270 seconds left.
|
|t:|1743878034
|move|p1a: Iron Crown|Volt Switch|p2a: Hydrapple
|-resisted|p2a: Hydrapple
|-damage|p2a: Hydrapple|53/100
|
|t:|1743878040
|-end|p1a: Iron Crown|Quark Drive|[silent]
|switch|p1a: Umbreon|Umbreon, F|100/100|[from] Volt Switch
|move|p2a: Hydrapple|Fickle Beam|p1a: Umbreon
|-damage|p1a: Umbreon|77/100
|
|-heal|p1a: Umbreon|83/100|[from] item: Leftovers
|upkeep
|turn|13
|inactive|Z-Pokemaster2000 has 270 seconds left.
|c|☆Z-Pokemaster2000|Man apple kinda fraudulent without the specs huh
|
|t:|1743878069
|switch|p2a: Okidogi|Okidogi, M|68/100
|move|p1a: Umbreon|Toxic|p2a: Okidogi
|-immune|p2a: Okidogi
|
|-heal|p1a: Umbreon|89/100|[from] item: Leftovers
|upkeep
|turn|14
|
|t:|1743878077
|switch|p1a: Alomomola|Alomomola, F|51/100 tox
|move|p2a: Okidogi|Knock Off|p1a: Alomomola
|-damage|p1a: Alomomola|37/100 tox
|
|-damage|p1a: Alomomola|31/100 tox|[from] psn
|upkeep
|turn|15
|inactive|DarKnightPT has 270 seconds left.
|
|t:|1743878088
|move|p2a: Okidogi|Drain Punch|p1a: Alomomola
|-damage|p1a: Alomomola|10/100 tox
|-heal|p2a: Okidogi|83/100|[from] drain|[of] p1a: Alomomola
|move|p1a: Alomomola|Flip Turn|p2a: Okidogi
|-damage|p2a: Okidogi|71/100
|
|t:|1743878090
|switch|p1a: Gliscor|Gliscor, F|46/100 tox|[from] Flip Turn
|
|-heal|p1a: Gliscor|58/100 tox|[from] ability: Poison Heal
|upkeep
|turn|16
|
|t:|1743878097
|move|p1a: Gliscor|Protect|p1a: Gliscor
|-singleturn|p1a: Gliscor|Protect
|move|p2a: Okidogi|Ice Punch|p1a: Gliscor
|-activate|p1a: Gliscor|move: Protect
|
|-heal|p1a: Gliscor|71/100 tox|[from] ability: Poison Heal
|upkeep
|turn|17
|
|t:|1743878106
|move|p1a: Gliscor|Facade|p2a: Okidogi
|-damage|p2a: Okidogi|48/100
|move|p2a: Okidogi|Ice Punch|p1a: Gliscor
|-supereffective|p1a: Gliscor
|-damage|p1a: Gliscor|0 fnt
|faint|p1a: Gliscor
|
|upkeep
|inactive|DarKnightPT has 270 seconds left.
|
|t:|1743878124
|switch|p1a: Iron Crown|Iron Crown|16/100
|turn|18
|c|☆Z-Pokemaster2000|Ok now im reslly confused why you tried having him swing at gambit last game
|c|☆Z-Pokemaster2000|He was never gonna do any damage there
|
|t:|1743878149
|move|p1a: Iron Crown|Tachyon Cutter|p2a: Okidogi
|-damage|p2a: Okidogi|31/100
|-damage|p2a: Okidogi|12/100
|-hitcount|p2a: Okidogi|2
|move|p2a: Okidogi|Knock Off|p1a: Iron Crown
|-supereffective|p1a: Iron Crown
|-damage|p1a: Iron Crown|0 fnt
|-enditem|p1a: Iron Crown|Assault Vest|[from] move: Knock Off|[of] p2a: Okidogi
|faint|p1a: Iron Crown
|-end|p1a: Iron Crown|Quark Drive|[silent]
|
|upkeep
|inactive|DarKnightPT has 270 seconds left.
|c|☆DarKnightPT|i just copy pasted almost everything to be quick ngl i didn't realise i didn't have eq
|
|t:|1743878176
|switch|p1a: Hoopa|Hoopa-Unbound|100/100
|turn|19
|c|☆Z-Pokemaster2000|🤣
|
|t:|1743878194
|switch|p2a: Grimmsnarl|Grimmsnarl, M, shiny|100/100
|move|p1a: Hoopa|Hyperspace Fury|p2a: Grimmsnarl
|-resisted|p2a: Grimmsnarl
|-damage|p2a: Grimmsnarl|70/100
|-unboost|p1a: Hoopa|def|1
|
|upkeep
|turn|20
|
|t:|1743878207
|switch|p1a: Umbreon|Umbreon, F|89/100
|move|p2a: Grimmsnarl|Light Screen|p2a: Grimmsnarl
|-sidestart|p2: Z-Pokemaster2000|move: Light Screen
|
|-heal|p1a: Umbreon|95/100|[from] item: Leftovers
|upkeep
|turn|21
|
|t:|1743878225
|switch|p2a: Kingambit|Kingambit, M, shiny|100/100
|move|p1a: Umbreon|Curse|p1a: Umbreon
|-unboost|p1a: Umbreon|spe|1
|-boost|p1a: Umbreon|atk|1
|-boost|p1a: Umbreon|def|1
|
|-heal|p1a: Umbreon|100/100|[from] item: Leftovers
|upkeep
|turn|22
|
|t:|1743878234
|-end|p2a: Kingambit|fallenundefined|[silent]
|switch|p2a: Okidogi|Okidogi, M|12/100
|move|p1a: Umbreon|Curse|p1a: Umbreon
|-unboost|p1a: Umbreon|spe|1
|-boost|p1a: Umbreon|atk|1
|-boost|p1a: Umbreon|def|1
|
|upkeep
|turn|23
|inactive|DarKnightPT has 270 seconds left.
|
|t:|1743878250
|-terastallize|p1a: Umbreon|Ghost
|move|p2a: Okidogi|Poison Fang|p1a: Umbreon
|-resisted|p1a: Umbreon
|-damage|p1a: Umbreon|95/100
|-status|p1a: Umbreon|tox
|-activate|p1a: Umbreon|ability: Synchronize
|-immune|p2a: Okidogi
|move|p1a: Umbreon|Crunch|p2a: Okidogi
|-resisted|p2a: Okidogi
|-damage|p2a: Okidogi|0 fnt
|faint|p2a: Okidogi
|
|-heal|p1a: Umbreon|100/100 tox|[from] item: Leftovers
|-damage|p1a: Umbreon|94/100 tox|[from] psn
|upkeep
|c|☆Z-Pokemaster2000|YES
|c|☆Z-Pokemaster2000|Clutch king dogi comin in
|c|☆DarKnightPT|my poor umbreon always loses to rng
|
|t:|1743878278
|switch|p2a: Grimmsnarl|Grimmsnarl, M, shiny|70/100
|turn|24
|inactive|DarKnightPT has 270 seconds left.
|
|t:|1743878285
|move|p2a: Grimmsnarl|Reflect|p2a: Grimmsnarl
|-sidestart|p2: Z-Pokemaster2000|Reflect
|move|p1a: Umbreon|Toxic|p2a: Grimmsnarl
|-status|p2a: Grimmsnarl|tox
|
|-heal|p1a: Umbreon|100/100 tox|[from] item: Leftovers
|-damage|p2a: Grimmsnarl|64/100 tox|[from] psn
|-damage|p1a: Umbreon|88/100 tox|[from] psn
|upkeep
|turn|25
|c|☆Z-Pokemaster2000|Tbf its a 2/3 chance
|inactive|DarKnightPT has 270 seconds left.
|
|t:|1743878303
|switch|p1a: Alomomola|Alomomola, F|43/100 tox
|move|p2a: Grimmsnarl|Parting Shot|p1a: Alomomola
|-unboost|p1a: Alomomola|atk|1
|-unboost|p1a: Alomomola|spa|1
|
|t:|1743878317
|switch|p2a: Kingambit|Kingambit, M, shiny|100/100|[from] Parting Shot
|-activate|p2a: Kingambit|ability: Supreme Overlord
|-start|p2a: Kingambit|fallen1|[silent]
|
|-damage|p1a: Alomomola|37/100 tox|[from] psn
|upkeep
|turn|26
|
|t:|1743878324
|move|p2a: Kingambit|Swords Dance|p2a: Kingambit
|-boost|p2a: Kingambit|atk|2
|move|p1a: Alomomola|Scald|p2a: Kingambit
|-damage|p2a: Kingambit|97/100
|-status|p2a: Kingambit|brn
|
|-heal|p2a: Kingambit|100/100 brn|[from] item: Leftovers
|-damage|p1a: Alomomola|25/100 tox|[from] psn
|-damage|p2a: Kingambit|94/100 brn|[from] brn
|upkeep
|turn|27
|
|t:|1743878332
|move|p2a: Kingambit|Swords Dance|p2a: Kingambit
|-boost|p2a: Kingambit|atk|2
|move|p1a: Alomomola|Flip Turn|p2a: Kingambit
|-damage|p2a: Kingambit|90/100 brn
|
|t:|1743878350
|switch|p1a: Hoopa|Hoopa-Unbound|100/100|[from] Flip Turn
|
|-heal|p2a: Kingambit|96/100 brn|[from] item: Leftovers
|-damage|p2a: Kingambit|90/100 brn|[from] brn
|-sideend|p2: Z-Pokemaster2000|move: Light Screen
|upkeep
|turn|28
|c|☆Z-Pokemaster2000|We've been here before
|
|t:|1743878373
|move|p2a: Kingambit|Sucker Punch|p1a: Hoopa
|-damage|p1a: Hoopa|19/100
|move|p1a: Hoopa|Drain Punch|p2a: Kingambit
|-supereffective|p2a: Kingambit
|-damage|p2a: Kingambit|11/100 brn
|-heal|p1a: Hoopa|71/100|[from] drain|[of] p2a: Kingambit
|
|-heal|p2a: Kingambit|18/100 brn|[from] item: Leftovers
|-damage|p2a: Kingambit|11/100 brn|[from] brn
|upkeep
|turn|29
|c|☆DarKnightPT|wtf
|c|☆DarKnightPT|this mon is so fraudulent
|inactive|Z-Pokemaster2000 has 270 seconds left.
|c|☆Z-Pokemaster2000|I still have reflect up
|inactive|DarKnightPT has 270 seconds left.
|c|☆DarKnightPT|still
|c|☆DarKnightPT|i would expect that to ohko from full
|c|☆Z-Pokemaster2000|Nonstab 75bp
|c|☆DarKnightPT|170 atk adamant max atk choice band 4* SE...
|inactive|DarKnightPT has 240 seconds left.
|c|☆Z-Pokemaster2000|Oh....
|c|☆DarKnightPT|YEAH
|c|☆Z-Pokemaster2000|Yeah banded shouldve had that
|c|☆DarKnightPT|hoopa... you're fired
|
|t:|1743878455
|switch|p1a: Alomomola|Alomomola, F|58/100 tox
|move|p2a: Kingambit|Kowtow Cleave|p1a: Alomomola
|-crit|p1a: Alomomola
|-damage|p1a: Alomomola|0 fnt
|faint|p1a: Alomomola
|
|-heal|p2a: Kingambit|18/100 brn|[from] item: Leftovers
|-damage|p2a: Kingambit|11/100 brn|[from] brn
|upkeep
|c|☆Z-Pokemaster2000|This gambit is just the bane of your existence
|inactive|DarKnightPT has 210 seconds left.
|c|☆DarKnightPT|i put hoopa like "
|c|☆DarKnightPT|"i need smth for gambit"
|c|☆Z-Pokemaster2000|And look at thatv
|c|☆DarKnightPT|but this mon is just fraudulent
|inactive|DarKnightPT has 180 seconds left.
|c|☆Z-Pokemaster2000|You still do 🤣
|
|t:|1743878507
|switch|p1a: Umbreon|Umbreon, F, tera:Ghost|88/100 tox
|turn|30
|c|☆DarKnightPT|wait i don't think this will kill ngl
|c|☆Z-Pokemaster2000|Which one lol
|inactive|DarKnightPT has 150 seconds left.
|c|☆DarKnightPT|i will kamikaze then
|
|t:|1743878539
|move|p1a: Umbreon|Curse|p2a: Kingambit
|-start|p2a: Kingambit|Curse|[of] p1a: Umbreon
|-damage|p1a: Umbreon|38/100 tox
|move|p2a: Kingambit|Kowtow Cleave|p1a: Umbreon
|-supereffective|p1a: Umbreon
|-damage|p1a: Umbreon|0 fnt
|faint|p1a: Umbreon
|
|-heal|p2a: Kingambit|18/100 brn|[from] item: Leftovers
|-damage|p2a: Kingambit|11/100 brn|[from] brn
|-damage|p2a: Kingambit|0 fnt|[from] Curse
|faint|p2a: Kingambit
|-end|p2a: Kingambit|fallen1|[silent]
|upkeep
|inactive|Z-Pokemaster2000 has 270 seconds left.
|c|☆Z-Pokemaster2000|Hey dk
|c|☆Z-Pokemaster2000|Whats your plan for screens alcremie
|c|☆DarKnightPT|that was fun
|
|t:|1743878570
|switch|p1a: Hoopa|Hoopa-Unbound|71/100
|switch|p2a: Grimmsnarl|Grimmsnarl, M, shiny|64/100 tox
|turn|31
|inactive|DarKnightPT has 150 seconds left.
|
|t:|1743878594
|move|p2a: Grimmsnarl|Reflect||[still]
|-fail|p2a: Grimmsnarl
|move|p1a: Hoopa|Drain Punch|p2a: Grimmsnarl
|-damage|p2a: Grimmsnarl|34/100 tox
|-heal|p1a: Hoopa|90/100|[from] drain|[of] p2a: Grimmsnarl
|
|-damage|p2a: Grimmsnarl|28/100 tox|[from] psn
|-sideend|p2: Z-Pokemaster2000|Reflect
|upkeep
|turn|32
|inactive|DarKnightPT has 150 seconds left.
|inactive|Z-Pokemaster2000 has 270 seconds left.
|
|t:|1743878607
|move|p2a: Grimmsnarl|Reflect|p2a: Grimmsnarl
|-sidestart|p2: Z-Pokemaster2000|Reflect
|move|p1a: Hoopa|Drain Punch|p2a: Grimmsnarl
|-damage|p2a: Grimmsnarl|0 fnt
|-heal|p1a: Hoopa|100/100|[from] drain|[of] p2a: Grimmsnarl
|faint|p2a: Grimmsnarl
|
|upkeep
|
|t:|1743878613
|switch|p2a: Alcremie|Alcremie-Matcha-Cream, F, shiny|100/100
|turn|33
|inactive|DarKnightPT has 150 seconds left.
|
|t:|1743878625
|switch|p1a: Pecharunt|Pecharunt|100/100
|move|p2a: Alcremie|Acid Armor|p2a: Alcremie
|-boost|p2a: Alcremie|def|2
|
|upkeep
|turn|34
|
|t:|1743878630
|-terastallize|p2a: Alcremie|Poison
|move|p1a: Pecharunt|Malignant Chain|p2a: Alcremie
|-resisted|p2a: Alcremie
|-damage|p2a: Alcremie|89/100
|move|p2a: Alcremie|Acid Armor|p2a: Alcremie
|-boost|p2a: Alcremie|def|2
|
|-heal|p2a: Alcremie|95/100|[from] item: Leftovers
|upkeep
|turn|35
|
|t:|1743878637
|move|p1a: Pecharunt|Parting Shot|p2a: Alcremie
|-unboost|p2a: Alcremie|atk|1
|-unboost|p2a: Alcremie|spa|1
|
|t:|1743878639
|switch|p1a: Hoopa|Hoopa-Unbound|100/100|[from] Parting Shot
|move|p2a: Alcremie|Acid Armor|p2a: Alcremie
|-boost|p2a: Alcremie|def|2
|
|-heal|p2a: Alcremie|100/100|[from] item: Leftovers
|upkeep
|turn|36
|c|☆Z-Pokemaster2000|Either you crit this turn or youre shaking my hand
|
|t:|1743878660
|move|p1a: Hoopa|Hyperspace Fury|p2a: Alcremie
|-damage|p2a: Alcremie|89/100
|-unboost|p1a: Hoopa|def|1
|move|p2a: Alcremie|Calm Mind|p2a: Alcremie
|-boost|p2a: Alcremie|spa|1
|-boost|p2a: Alcremie|spd|1
|
|-heal|p2a: Alcremie|95/100|[from] item: Leftovers
|upkeep
|turn|37
|inactive|DarKnightPT has 180 seconds left.
|
|t:|1743878668
|move|p1a: Hoopa|Hyperspace Fury|p2a: Alcremie
|-damage|p2a: Alcremie|82/100
|-unboost|p1a: Hoopa|def|1
|move|p2a: Alcremie|Alluring Voice|p1a: Hoopa
|-supereffective|p1a: Hoopa
|-damage|p1a: Hoopa|50/100
|
|-heal|p2a: Alcremie|88/100|[from] item: Leftovers
|upkeep
|turn|38
|c|☆Z-Pokemaster2000|Oh no psyhic stab
|c|☆Z-Pokemaster2000|Youre shaking my hand even with a crit
|
|t:|1743878686
|move|p1a: Hoopa|Hyperspace Fury|p2a: Alcremie
|-damage|p2a: Alcremie|76/100
|-unboost|p1a: Hoopa|def|1
|move|p2a: Alcremie|Alluring Voice|p1a: Hoopa
|-supereffective|p1a: Hoopa
|-damage|p1a: Hoopa|0 fnt
|faint|p1a: Hoopa
|
|-heal|p2a: Alcremie|82/100|[from] item: Leftovers
|upkeep
|inactive|DarKnightPT has 180 seconds left.
|c|☆DarKnightPT|hold up i should build an actual team instead of copying smogon's non sense sets
|c|☆DarKnightPT|will take some good time tho
|
|t:|1743878716
|switch|p1a: Pecharunt|Pecharunt|100/100
|turn|39
|c|☆Z-Pokemaster2000|Correct 🤣
|c|☆Z-Pokemaster2000|Hoopa has officially been fired i trust
|
|t:|1743878737
|move|p1a: Pecharunt|Malignant Chain|p2a: Alcremie
|-resisted|p2a: Alcremie
|-damage|p2a: Alcremie|74/100
|move|p2a: Alcremie|Calm Mind|p2a: Alcremie
|-boost|p2a: Alcremie|spa|1
|-boost|p2a: Alcremie|spd|1
|
|-heal|p2a: Alcremie|80/100|[from] item: Leftovers
|-sideend|p2: Z-Pokemaster2000|Reflect
|upkeep
|turn|40
|c|☆DarKnightPT|half my mon don't even have the fucking stab move
|c|☆DarKnightPT|LMAO
|inactive|DarKnightPT has 180 seconds left.
|
|t:|1743878746
|move|p1a: Pecharunt|Parting Shot|p2a: Alcremie
|-unboost|p2a: Alcremie|atk|1
|-unboost|p2a: Alcremie|spa|1
|move|p2a: Alcremie|Calm Mind|p2a: Alcremie
|-boost|p2a: Alcremie|spa|1
|-boost|p2a: Alcremie|spd|1
|
|-heal|p2a: Alcremie|86/100|[from] item: Leftovers
|upkeep
|turn|41
|
|t:|1743878750
|move|p1a: Pecharunt|Parting Shot|p2a: Alcremie
|-unboost|p2a: Alcremie|atk|1
|-unboost|p2a: Alcremie|spa|1
|move|p2a: Alcremie|Calm Mind|p2a: Alcremie
|-boost|p2a: Alcremie|spa|1
|-boost|p2a: Alcremie|spd|1
|
|-heal|p2a: Alcremie|93/100|[from] item: Leftovers
|upkeep
|turn|42
|c|☆Z-Pokemaster2000|Youre an a-hole ya know that 🤣
|inactive|Z-Pokemaster2000 has 270 seconds left.
|
|t:|1743878783
|move|p1a: Pecharunt|Parting Shot|p2a: Alcremie
|-unboost|p2a: Alcremie|atk|1
|-unboost|p2a: Alcremie|spa|1
|move|p2a: Alcremie|Calm Mind|p2a: Alcremie
|-boost|p2a: Alcremie|spa|1
|-boost|p2a: Alcremie|spd|1
|
|-heal|p2a: Alcremie|99/100|[from] item: Leftovers
|upkeep
|turn|43
|c|☆DarKnightPT|hoopa was literally detrimental as it didn't let me spam parting shot
|
|t:|1743878800
|move|p1a: Pecharunt|Parting Shot|p2a: Alcremie
|-unboost|p2a: Alcremie|atk|1
|-unboost|p2a: Alcremie|spa|1
|move|p2a: Alcremie|Calm Mind|p2a: Alcremie
|-boost|p2a: Alcremie|spa|1
|-boost|p2a: Alcremie|spd|1
|
|-heal|p2a: Alcremie|100/100|[from] item: Leftovers
|upkeep
|turn|44
|
|t:|1743878806
|move|p1a: Pecharunt|Parting Shot|p2a: Alcremie
|-unboost|p2a: Alcremie|atk|1
|-unboost|p2a: Alcremie|spa|1
|move|p2a: Alcremie|Alluring Voice|p1a: Pecharunt
|-resisted|p1a: Pecharunt
|-damage|p1a: Pecharunt|85/100
|
|-heal|p1a: Pecharunt|92/100|[from] item: Leftovers
|upkeep
|turn|45
|inactive|DarKnightPT has 210 seconds left.
|c|☆Z-Pokemaster2000|Youre really gonna do this to us huh
|c|☆DarKnightPT|yes
|
|t:|1743878829
|move|p1a: Pecharunt|Hex|p2a: Alcremie
|-damage|p2a: Alcremie|96/100
|move|p2a: Alcremie|Acid Armor|p2a: Alcremie
|-boost|p2a: Alcremie|def|0
|
|-heal|p1a: Pecharunt|98/100|[from] item: Leftovers
|-heal|p2a: Alcremie|100/100|[from] item: Leftovers
|upkeep
|turn|46
|
|t:|1743878833
|move|p1a: Pecharunt|Hex|p2a: Alcremie
|-damage|p2a: Alcremie|96/100
|move|p2a: Alcremie|Acid Armor|p2a: Alcremie
|-boost|p2a: Alcremie|def|0
|
|-heal|p1a: Pecharunt|100/100|[from] item: Leftovers
|-heal|p2a: Alcremie|100/100|[from] item: Leftovers
|upkeep
|turn|47
|
|t:|1743878836
|move|p1a: Pecharunt|Hex|p2a: Alcremie
|-damage|p2a: Alcremie|96/100
|move|p2a: Alcremie|Acid Armor|p2a: Alcremie
|-boost|p2a: Alcremie|def|0
|
|-heal|p2a: Alcremie|100/100|[from] item: Leftovers
|upkeep
|turn|48
|
|t:|1743878839
|move|p1a: Pecharunt|Hex|p2a: Alcremie
|-damage|p2a: Alcremie|96/100
|move|p2a: Alcremie|Acid Armor|p2a: Alcremie
|-boost|p2a: Alcremie|def|0
|
|-heal|p2a: Alcremie|100/100|[from] item: Leftovers
|upkeep
|turn|49
|
|t:|1743878841
|move|p1a: Pecharunt|Hex|p2a: Alcremie
|-damage|p2a: Alcremie|96/100
|move|p2a: Alcremie|Acid Armor|p2a: Alcremie
|-boost|p2a: Alcremie|def|0
|
|-heal|p2a: Alcremie|100/100|[from] item: Leftovers
|upkeep
|turn|50
|
|t:|1743878846
|move|p1a: Pecharunt|Hex|p2a: Alcremie
|-damage|p2a: Alcremie|96/100
|move|p2a: Alcremie|Acid Armor|p2a: Alcremie
|-boost|p2a: Alcremie|def|0
|
|-heal|p2a: Alcremie|100/100|[from] item: Leftovers
|upkeep
|turn|51
|
|t:|1743878849
|move|p1a: Pecharunt|Hex|p2a: Alcremie
|-damage|p2a: Alcremie|95/100
|move|p2a: Alcremie|Acid Armor|p2a: Alcremie
|-boost|p2a: Alcremie|def|0
|
|-heal|p2a: Alcremie|100/100|[from] item: Leftovers
|upkeep
|turn|52
|
|t:|1743878852
|move|p1a: Pecharunt|Hex|p2a: Alcremie
|-crit|p2a: Alcremie
|-damage|p2a: Alcremie|77/100
|move|p2a: Alcremie|Acid Armor|p2a: Alcremie
|-boost|p2a: Alcremie|def|0
|
|-heal|p2a: Alcremie|83/100|[from] item: Leftovers
|upkeep
|turn|53
|c|☆Z-Pokemaster2000|Uh oh that was a crit
|c|☆Z-Pokemaster2000|Im in trouble
|inactive|DarKnightPT has 270 seconds left.
|c|☆DarKnightPT|ngl i should just start building the proper team
|
|t:|1743878872
|move|p1a: Pecharunt|Hex|p2a: Alcremie
|-damage|p2a: Alcremie|79/100
|move|p2a: Alcremie|Acid Armor|p2a: Alcremie
|-boost|p2a: Alcremie|def|0
|
|-heal|p2a: Alcremie|85/100|[from] item: Leftovers
|upkeep
|turn|54
|c|☆Z-Pokemaster2000|🤣
|
|t:|1743878880
|move|p1a: Pecharunt|Hex|p2a: Alcremie
|-damage|p2a: Alcremie|80/100
|move|p2a: Alcremie|Acid Armor|p2a: Alcremie
|-boost|p2a: Alcremie|def|0
|
|-heal|p2a: Alcremie|87/100|[from] item: Leftovers
|upkeep
|turn|55
|inactive|DarKnightPT has 270 seconds left.
|c|☆DarKnightPT|smogon doesn't know what stab is and hoopa is fraudulent
|
|t:|1743878903
|move|p1a: Pecharunt|Hex|p2a: Alcremie
|-damage|p2a: Alcremie|82/100
|move|p2a: Alcremie|Acid Armor|p2a: Alcremie
|-boost|p2a: Alcremie|def|0
|
|-heal|p2a: Alcremie|88/100|[from] item: Leftovers
|upkeep
|turn|56
|inactive|DarKnightPT has 270 seconds left.
|
|t:|1743878908
|move|p1a: Pecharunt|Hex|p2a: Alcremie
|-damage|p2a: Alcremie|84/100
|move|p2a: Alcremie|Acid Armor|p2a: Alcremie
|-boost|p2a: Alcremie|def|0
|
|-heal|p2a: Alcremie|90/100|[from] item: Leftovers
|upkeep
|turn|57
|
|t:|1743878910
|move|p1a: Pecharunt|Hex|p2a: Alcremie
|-damage|p2a: Alcremie|85/100
|move|p2a: Alcremie|Acid Armor|p2a: Alcremie
|-boost|p2a: Alcremie|def|0
|
|-heal|p2a: Alcremie|91/100|[from] item: Leftovers
|upkeep
|turn|58
|c|☆Z-Pokemaster2000|No psychic iron crown actually threw so hard
|
|t:|1743878929
|move|p1a: Pecharunt|Hex|p2a: Alcremie
|-damage|p2a: Alcremie|87/100
|move|p2a: Alcremie|Acid Armor|p2a: Alcremie
|-boost|p2a: Alcremie|def|0
|
|-heal|p2a: Alcremie|94/100|[from] item: Leftovers
|upkeep
|turn|59
|
|t:|1743878933
|move|p1a: Pecharunt|Malignant Chain|p2a: Alcremie
|-resisted|p2a: Alcremie
|-damage|p2a: Alcremie|91/100
|move|p2a: Alcremie|Acid Armor|p2a: Alcremie
|-boost|p2a: Alcremie|def|0
|
|-heal|p2a: Alcremie|97/100|[from] item: Leftovers
|upkeep
|turn|60
|-message|DarKnightPT forfeited.
|
|win|Z-Pokemaster2000
|l|☆DarKnightPT
|player|p1|
