|j|☆Acting Male
|j|‽Soapygoose
|t:|1743833571
|gametype|singles
|player|p1|Acting Male|darach-caitlin|1505
|player|p2|Soapygoose|benga|1471
|teamsize|p1|6
|teamsize|p2|6
|gen|9
|tier|[Gen 9] OU
|rated|
|rule|HP Percentage Mod: HP is shown in percentages
|rule|Endless Battle Clause: Forcing endless battles is banned
|rule|Species Clause: Limit one of each Pokémon
|rule|OHKO Clause: OHKO moves are banned
|rule|Evasion Items Clause: Evasion items are banned
|rule|Evasion Moves Clause: Evasion moves are banned
|rule|Sleep Moves Clause: Sleep-inducing moves are banned
|clearpoke
|poke|p1|Iron Crown|
|poke|p1|Iron Hands|
|poke|p1|Grimmsnarl, M|
|poke|p1|Great Tusk|
|poke|p1|Dragonite, M|
|poke|p1|Glimmora, M|
|poke|p2|Dragonite, F|
|poke|p2|Landorus-Therian, M|
|poke|p2|Scizor, M|
|poke|p2|Primarina, M|
|poke|p2|Raging Bolt|
|poke|p2|Pecharunt|
|teampreview
|inactive|Battle timer is ON: inactive players will automatically lose when time's up. (requested by Acting Male)
|
|t:|1743833593
|start
|switch|p1a: Iron Crown|Iron Crown|100/100
|switch|p2a: Landorus|Landorus-Therian, M|100/100
|-ability|p2a: Landorus|Intimidate|boost
|-unboost|p1a: Iron Crown|atk|1
|-enditem|p1a: Iron Crown|Booster Energy
|-activate|p1a: Iron Crown|ability: Quark Drive|[fromitem]
|-start|p1a: Iron Crown|quarkdrivespe
|turn|1
|
|t:|1743833598
|-end|p1a: Iron Crown|Quark Drive|[silent]
|switch|p1a: Grimmsnarl|Grimmsnarl, M, shiny|100/100
|move|p2a: Landorus|Stealth Rock|p1a: Grimmsnarl
|-sidestart|p1: Acting Male|move: Stealth Rock
|
|upkeep
|turn|2
|
|t:|1743833603
|move|p1a: Grimmsnarl|Reflect|p1a: Grimmsnarl
|-sidestart|p1: Acting Male|Reflect
|move|p2a: Landorus|Taunt|p1a: Grimmsnarl
|-start|p1a: Grimmsnarl|move: Taunt
|
|upkeep
|turn|3
|
|t:|1743833628
|switch|p1a: Great Tusk|Great Tusk|100/100
|-damage|p1a: Great Tusk|98/100|[from] Stealth Rock
|-enditem|p1a: Great Tusk|Booster Energy
|-activate|p1a: Great Tusk|ability: Protosynthesis|[fromitem]
|-start|p1a: Great Tusk|protosynthesisspe
|move|p2a: Landorus|U-turn|p1a: Great Tusk
|-resisted|p1a: Great Tusk
|-damage|p1a: Great Tusk|94/100
|
|t:|1743833633
|switch|p2a: Pecharunt|Pecharunt|100/100|[from] U-turn
|
|upkeep
|turn|4
|
|t:|1743833641
|switch|p2a: Landorus|Landorus-Therian, M|100/100
|-ability|p2a: Landorus|Intimidate|boost
|-unboost|p1a: Great Tusk|atk|1
|move|p1a: Great Tusk|Bulk Up|p1a: Great Tusk
|-boost|p1a: Great Tusk|atk|1
|-boost|p1a: Great Tusk|def|1
|
|upkeep
|turn|5
|
|t:|1743833647
|move|p1a: Great Tusk|Ice Spinner|p2a: Landorus
|-supereffective|p2a: Landorus
|-damage|p2a: Landorus|13/100
|-damage|p1a: Great Tusk|77/100|[from] item: Rocky Helmet|[of] p2a: Landorus
|move|p2a: Landorus|Taunt|p1a: Great Tusk
|-start|p1a: Great Tusk|move: Taunt
|
|upkeep
|turn|6
|
|t:|1743833662
|move|p1a: Great Tusk|Rapid Spin|p2a: Landorus
|-damage|p2a: Landorus|0 fnt
|-boost|p1a: Great Tusk|spe|1
|-damage|p1a: Great Tusk|61/100|[from] item: Rocky Helmet|[of] p2a: Landorus
|-sideend|p1: Acting Male|Stealth Rock|[from] move: Rapid Spin|[of] p1a: Great Tusk
|faint|p2a: Landorus
|
|upkeep
|
|t:|1743833667
|switch|p2a: Primarina|Primarina, M|100/100
|turn|7
|
|t:|1743833675
|move|p1a: Great Tusk|Headlong Rush|p2a: Primarina
|-damage|p2a: Primarina|31/100
|-unboost|p1a: Great Tusk|def|1
|-unboost|p1a: Great Tusk|spd|1
|move|p2a: Primarina|Sparkling Aria|p1a: Great Tusk
|-supereffective|p1a: Great Tusk
|-damage|p1a: Great Tusk|0 fnt
|faint|p1a: Great Tusk
|-end|p1a: Great Tusk|Protosynthesis|[silent]
|
|upkeep
|
|t:|1743833682
|switch|p1a: Iron Crown|Iron Crown|100/100
|turn|8
|
|t:|1743833687
|move|p1a: Iron Crown|Calm Mind|p1a: Iron Crown
|-boost|p1a: Iron Crown|spa|1
|-boost|p1a: Iron Crown|spd|1
|move|p2a: Primarina|Sparkling Aria|p1a: Iron Crown
|-damage|p1a: Iron Crown|51/100
|
|upkeep
|turn|9
|
|t:|1743833692
|move|p1a: Iron Crown|Calm Mind|p1a: Iron Crown
|-boost|p1a: Iron Crown|spa|1
|-boost|p1a: Iron Crown|spd|1
|move|p2a: Primarina|Sparkling Aria|p1a: Iron Crown
|-damage|p1a: Iron Crown|13/100
|
|-sideend|p1: Acting Male|Reflect
|upkeep
|turn|10
|
|t:|1743833696
|move|p1a: Iron Crown|Stored Power|p2a: Primarina
|-damage|p2a: Primarina|0 fnt
|faint|p2a: Primarina
|
|upkeep
|
|t:|1743833713
|switch|p2a: Dragonite|Dragonite, F|100/100
|turn|11
|
|t:|1743833717
|move|p1a: Iron Crown|Stored Power|p2a: Dragonite
|-damage|p2a: Dragonite|47/100
|move|p2a: Dragonite|Dragon Dance|p2a: Dragonite
|-boost|p2a: Dragonite|atk|1
|-boost|p2a: Dragonite|spe|1
|
|upkeep
|turn|12
|
|t:|1743833723
|move|p2a: Dragonite|Earthquake|p1a: Iron Crown
|-supereffective|p1a: Iron Crown
|-damage|p1a: Iron Crown|0 fnt
|faint|p1a: Iron Crown
|-end|p1a: Iron Crown|Quark Drive|[silent]
|
|upkeep
|
|t:|1743833725
|switch|p1a: Grimmsnarl|Grimmsnarl, M, shiny|100/100
|turn|13
|
|t:|1743833733
|move|p2a: Dragonite|Earthquake|p1a: Grimmsnarl
|-damage|p1a: Grimmsnarl|53/100
|move|p1a: Grimmsnarl|Spirit Break|p2a: Dragonite
|-supereffective|p2a: Dragonite
|-damage|p2a: Dragonite|0 fnt
|faint|p2a: Dragonite
|
|upkeep
|
|t:|1743833741
|switch|p2a: Pecharunt|Pecharunt|100/100
|turn|14
|
|t:|1743833749
|switch|p1a: Glimmora|Glimmora, M|100/100
|move|p2a: Pecharunt|Malignant Chain|p1a: Glimmora
|-resisted|p1a: Glimmora
|-damage|p1a: Glimmora|91/100
|
|upkeep
|turn|15
|
|t:|1743833753
|move|p2a: Pecharunt|Parting Shot|p1a: Glimmora
|-unboost|p1a: Glimmora|atk|1
|-unboost|p1a: Glimmora|spa|1
|
|t:|1743833757
|switch|p2a: Scizor|Scizor, M|100/100|[from] Parting Shot
|move|p1a: Glimmora|Meteor Beam||[still]
|-prepare|p1a: Glimmora|Meteor Beam
|-boost|p1a: Glimmora|spa|1
|-enditem|p1a: Glimmora|Power Herb
|-anim|p1a: Glimmora|Meteor Beam|p2a: Scizor
|-damage|p2a: Scizor|3/100
|
|upkeep
|turn|16
|
|t:|1743833765
|move|p2a: Scizor|Bullet Punch|p1a: Glimmora
|-supereffective|p1a: Glimmora
|-damage|p1a: Glimmora|0 fnt
|-activate|p1a: Glimmora|ability: Toxic Debris
|-sidestart|p2: Soapygoose|move: Toxic Spikes
|faint|p1a: Glimmora
|-damage|p2a: Scizor|0 fnt|[from] item: Life Orb
|faint|p2a: Scizor
|
|upkeep
|
|t:|1743833774
|switch|p1a: Dragonite|Dragonite, M|100/100
|switch|p2a: Pecharunt|Pecharunt|100/100
|-sideend|p2: Soapygoose|move: Toxic Spikes|[of] p2a: Pecharunt
|turn|17
|
|t:|1743833779
|switch|p1a: Grimmsnarl|Grimmsnarl, M, shiny|53/100
|move|p2a: Pecharunt|Malignant Chain|p1a: Grimmsnarl
|-supereffective|p1a: Grimmsnarl
|-damage|p1a: Grimmsnarl|0 fnt
|faint|p1a: Grimmsnarl
|
|upkeep
|
|t:|1743833781
|switch|p1a: Iron Hands|Iron Hands|100/100
|turn|18
|
|t:|1743833785
|move|p2a: Pecharunt|Parting Shot|p1a: Iron Hands
|-unboost|p1a: Iron Hands|atk|1
|-unboost|p1a: Iron Hands|spa|1
|
|t:|1743833787
|switch|p2a: Raging Bolt|Raging Bolt|100/100|[from] Parting Shot
|-enditem|p2a: Raging Bolt|Booster Energy
|-activate|p2a: Raging Bolt|ability: Protosynthesis|[fromitem]
|-start|p2a: Raging Bolt|protosynthesisspa
|move|p1a: Iron Hands|Swords Dance|p1a: Iron Hands
|-boost|p1a: Iron Hands|atk|2
|
|upkeep
|turn|19
|
|t:|1743833794
|move|p2a: Raging Bolt|Dragon Pulse|p1a: Iron Hands
|-damage|p1a: Iron Hands|47/100
|move|p1a: Iron Hands|Ice Punch|p2a: Raging Bolt
|-supereffective|p2a: Raging Bolt
|-damage|p2a: Raging Bolt|33/100
|
|-heal|p1a: Iron Hands|53/100|[from] item: Leftovers
|upkeep
|turn|20
|
|t:|1743833802
|move|p2a: Raging Bolt|Dragon Pulse|p1a: Iron Hands
|-damage|p1a: Iron Hands|5/100
|move|p1a: Iron Hands|Drain Punch|p2a: Raging Bolt
|-damage|p2a: Raging Bolt|0 fnt
|-heal|p1a: Iron Hands|18/100|[from] drain|[of] p2a: Raging Bolt
|faint|p2a: Raging Bolt
|-end|p2a: Raging Bolt|Protosynthesis|[silent]
|
|-heal|p1a: Iron Hands|24/100|[from] item: Leftovers
|upkeep
|
|t:|1743833807
|switch|p2a: Pecharunt|Pecharunt|100/100
|turn|21
|
|t:|1743833812
|move|p2a: Pecharunt|Malignant Chain|p1a: Iron Hands
|-damage|p1a: Iron Hands|0 fnt
|faint|p1a: Iron Hands
|-end|p1a: Iron Hands|Quark Drive|[silent]
|
|upkeep
|
|t:|1743833814
|switch|p1a: Dragonite|Dragonite, M|100/100
|turn|22
|
|t:|1743833821
|-terastallize|p2a: Pecharunt|Fairy
|move|p2a: Pecharunt|Malignant Chain|p1a: Dragonite
|-damage|p1a: Dragonite|85/100
|-status|p1a: Dragonite|tox
|-start|p1a: Dragonite|confusion|[from] ability: Poison Puppeteer|[of] p2a: Pecharunt
|-activate|p1a: Dragonite|confusion
|move|p1a: Dragonite|Dragon Dance|p1a: Dragonite
|-boost|p1a: Dragonite|atk|1
|-boost|p1a: Dragonite|spe|1
|
|-damage|p1a: Dragonite|79/100 tox|[from] psn
|upkeep
|turn|23
|
|t:|1743833846
|-end|p1a: Dragonite|confusion
|move|p1a: Dragonite|Dragon Dance|p1a: Dragonite
|-boost|p1a: Dragonite|atk|1
|-boost|p1a: Dragonite|spe|1
|move|p2a: Pecharunt|Hex|p1a: Dragonite
|-damage|p1a: Dragonite|33/100 tox
|
|-damage|p1a: Dragonite|21/100 tox|[from] psn
|upkeep
|turn|24
|
|t:|1743833850
|-terastallize|p1a: Dragonite|Fire
|move|p1a: Dragonite|Fire Punch|p2a: Pecharunt
|-damage|p2a: Pecharunt|49/100
|move|p2a: Pecharunt|Hex|p1a: Dragonite
|-damage|p1a: Dragonite|0 fnt
|faint|p1a: Dragonite
|
|win|Soapygoose
|raw|Acting Male's rating: 1505 &rarr; <strong>1483</strong><br />(-22 for losing)
|raw|Soapygoose's rating: 1471 &rarr; <strong>1493</strong><br />(+22 for winning)
|l|☆Acting Male
|player|p1|
|l|‽Soapygoose
|player|p2|
