|j|☆foobarbazqux
|j|☆surprise blissey
|t:|1743796983
|gametype|singles
|player|p1|foobarbazqux|1|1615
|player|p2|surprise blissey|blaine|1525
|teamsize|p1|6
|teamsize|p2|6
|gen|9
|tier|[Gen 9] OU
|rated|
|rule|HP Percentage Mod: HP is shown in percentages
|rule|Endless Battle Clause: Forcing endless battles is banned
|rule|Species Clause: Limit one of each Pokémon
|rule|OHKO Clause: OHKO moves are banned
|rule|Evasion Items Clause: Evasion items are banned
|rule|Evasion Moves Clause: Evasion moves are banned
|rule|Sleep Moves Clause: Sleep-inducing moves are banned
|clearpoke
|poke|p1|Araquanid, F|
|poke|p1|Cinderace, M|
|poke|p1|Kingambit, M|
|poke|p1|Serperior, F|
|poke|p1|Gliscor, F|
|poke|p1|Milotic, M|
|poke|p2|Blissey, F|
|poke|p2|Dondozo, F|
|poke|p2|Gliscor, F|
|poke|p2|Pecharunt|
|poke|p2|Regice|
|poke|p2|Clefable, F|
|teampreview
|inactive|Battle timer is ON: inactive players will automatically lose when time's up. (requested by surprise blissey)
|
|t:|1743796994
|start
|switch|p1a: Araquanid|Araquanid, F|100/100
|switch|p2a: Gliscor|Gliscor, F|100/100
|turn|1
|
|t:|1743796996
|move|p2a: Gliscor|Protect|p2a: Gliscor
|-singleturn|p2a: Gliscor|Protect
|move|p1a: Araquanid|Surf|p2a: Gliscor
|-activate|p2a: Gliscor|move: Protect
|
|-status|p2a: Gliscor|tox|[from] item: Toxic Orb
|upkeep
|turn|2
|
|t:|1743797002
|switch|p2a: Blissey|Blissey, F|100/100
|move|p1a: Araquanid|Sticky Web|p2a: Blissey
|-sidestart|p2: surprise blissey|move: Sticky Web
|
|upkeep
|turn|3
|
|t:|1743797009
|switch|p1a: Gliscor|Gliscor, F|100/100
|move|p2a: Blissey|Stealth Rock|p1a: Gliscor
|-sidestart|p1: foobarbazqux|move: Stealth Rock
|
|-status|p1a: Gliscor|tox|[from] item: Toxic Orb
|upkeep
|turn|4
|
|t:|1743797012
|switch|p2a: Gliscor|Gliscor, F|100/100 tox
|move|p1a: Gliscor|Knock Off|p2a: Gliscor
|-damage|p2a: Gliscor|84/100 tox
|-enditem|p2a: Gliscor|Toxic Orb|[from] move: Knock Off|[of] p1a: Gliscor
|
|-heal|p2a: Gliscor|97/100 tox|[from] ability: Poison Heal
|upkeep
|turn|5
|
|t:|1743797016
|move|p2a: Gliscor|Swords Dance|p2a: Gliscor
|-boost|p2a: Gliscor|atk|2
|move|p1a: Gliscor|Spikes|p2a: Gliscor
|-sidestart|p2: surprise blissey|Spikes
|
|-heal|p2a: Gliscor|100/100 tox|[from] ability: Poison Heal
|upkeep
|turn|6
|
|t:|1743797020
|switch|p1a: Araquanid|Araquanid, F|100/100
|-damage|p1a: Araquanid|75/100|[from] Stealth Rock
|move|p2a: Gliscor|Facade|p1a: Araquanid
|-damage|p1a: Araquanid|15/100
|
|upkeep
|turn|7
|-enditem|p1a: Araquanid|Custap Berry|[eat]
|-activate|p1a: Araquanid|item: Custap Berry|[consumed]
|
|t:|1743797022
|move|p2a: Gliscor|Protect|p2a: Gliscor
|-singleturn|p2a: Gliscor|Protect
|move|p1a: Araquanid|Surf|p2a: Gliscor
|-activate|p2a: Gliscor|move: Protect
|
|upkeep
|turn|8
|
|t:|1743797028
|move|p2a: Gliscor|Facade|p1a: Araquanid
|-damage|p1a: Araquanid|0 fnt
|faint|p1a: Araquanid
|
|upkeep
|
|t:|1743797030
|switch|p1a: Milotic|Milotic, M|100/100
|-damage|p1a: Milotic|88/100|[from] Stealth Rock
|turn|9
|
|t:|1743797033
|move|p2a: Gliscor|Swords Dance|p2a: Gliscor
|-boost|p2a: Gliscor|atk|2
|move|p1a: Milotic|Ice Beam|p2a: Gliscor
|-supereffective|p2a: Gliscor
|-damage|p2a: Gliscor|4/100 tox
|
|-heal|p1a: Milotic|94/100|[from] item: Leftovers
|-heal|p2a: Gliscor|17/100 tox|[from] ability: Poison Heal
|upkeep
|turn|10
|
|t:|1743797037
|move|p2a: Gliscor|Protect|p2a: Gliscor
|-singleturn|p2a: Gliscor|Protect
|move|p1a: Milotic|Ice Beam|p2a: Gliscor
|-activate|p2a: Gliscor|move: Protect
|
|-heal|p1a: Milotic|99/100|[from] item: Leftovers
|-heal|p2a: Gliscor|29/100 tox|[from] ability: Poison Heal
|upkeep
|turn|11
|
|t:|1743797042
|move|p2a: Gliscor|Facade|p1a: Milotic
|-damage|p1a: Milotic|33/100
|move|p1a: Milotic|Ice Beam|p2a: Gliscor
|-supereffective|p2a: Gliscor
|-damage|p2a: Gliscor|0 fnt
|faint|p2a: Gliscor
|
|-heal|p1a: Milotic|39/100|[from] item: Leftovers
|upkeep
|
|t:|1743797046
|switch|p2a: Pecharunt|Pecharunt|100/100
|turn|12
|
|t:|1743797049
|switch|p1a: Kingambit|Kingambit, M|100/100
|-damage|p1a: Kingambit|94/100|[from] Stealth Rock
|move|p2a: Pecharunt|Toxic|p1a: Kingambit
|-immune|p1a: Kingambit
|
|upkeep
|turn|13
|
|t:|1743797056
|move|p2a: Pecharunt|Parting Shot|p1a: Kingambit
|-unboost|p1a: Kingambit|atk|1
|-ability|p1a: Kingambit|Defiant|boost
|-boost|p1a: Kingambit|atk|2
|-unboost|p1a: Kingambit|spa|1
|-ability|p1a: Kingambit|Defiant|boost
|-boost|p1a: Kingambit|atk|2
|
|t:|1743797059
|switch|p2a: Dondozo|Dondozo, F|100/100|[from] Parting Shot
|move|p1a: Kingambit|Kowtow Cleave|p2a: Dondozo
|-damage|p2a: Dondozo|73/100
|
|upkeep
|turn|14
|
|t:|1743797063
|switch|p1a: Cinderace|Cinderace, M|100/100
|move|p2a: Dondozo|Body Press|p1a: Cinderace
|-damage|p1a: Cinderace|64/100
|
|upkeep
|turn|15
|
|t:|1743797068
|move|p1a: Cinderace|Court Change|p1a: Cinderace
|-swapsideconditions
|-activate|p1a: Cinderace|move: Court Change
|move|p2a: Dondozo|Body Press|p1a: Cinderace
|-damage|p1a: Cinderace|31/100
|
|upkeep
|turn|16
|
|t:|1743797074
|move|p1a: Cinderace|Will-O-Wisp|p2a: Dondozo
|-status|p2a: Dondozo|brn
|move|p2a: Dondozo|Avalanche|p1a: Cinderace
|-resisted|p1a: Cinderace
|-damage|p1a: Cinderace|27/100
|
|-damage|p2a: Dondozo|67/100 brn|[from] brn
|upkeep
|turn|17
|
|t:|1743797078
|move|p1a: Cinderace|U-turn|p2a: Dondozo
|-damage|p2a: Dondozo|59/100 brn
|
|t:|1743797079
|switch|p1a: Gliscor|Gliscor, F|100/100 tox|[from] U-turn
|move|p2a: Dondozo|Body Press|p1a: Gliscor
|-resisted|p1a: Gliscor
|-damage|p1a: Gliscor|95/100 tox
|
|-heal|p1a: Gliscor|100/100 tox|[from] ability: Poison Heal
|-damage|p2a: Dondozo|52/100 brn|[from] brn
|upkeep
|turn|18
|
|t:|1743797090
|switch|p2a: Clefable|Clefable, F|100/100
|move|p1a: Gliscor|Knock Off|p2a: Clefable
|-resisted|p2a: Clefable
|-damage|p2a: Clefable|93/100
|-enditem|p2a: Clefable|Sticky Barb|[from] move: Knock Off|[of] p1a: Gliscor
|
|upkeep
|turn|19
|
|t:|1743797097
|switch|p1a: Kingambit|Kingambit, M|94/100
|-activate|p1a: Kingambit|move: Sticky Web
|-unboost|p1a: Kingambit|spe|1
|-ability|p1a: Kingambit|Defiant|boost
|-boost|p1a: Kingambit|atk|2
|-damage|p1a: Kingambit|82/100|[from] Spikes
|move|p2a: Clefable|Knock Off|p1a: Kingambit
|-resisted|p1a: Kingambit
|-damage|p1a: Kingambit|76/100
|-enditem|p1a: Kingambit|Black Glasses|[from] move: Knock Off|[of] p2a: Clefable
|
|upkeep
|turn|20
|
|t:|1743797106
|switch|p2a: Dondozo|Dondozo, F|52/100 brn
|move|p1a: Kingambit|Iron Head|p2a: Dondozo
|-resisted|p2a: Dondozo
|-damage|p2a: Dondozo|41/100 brn
|
|-damage|p2a: Dondozo|35/100 brn|[from] brn
|upkeep
|turn|21
|
|t:|1743797112
|move|p2a: Dondozo|Rest|p2a: Dondozo
|-status|p2a: Dondozo|slp|[from] move: Rest
|-heal|p2a: Dondozo|100/100 slp|[silent]
|move|p1a: Kingambit|Kowtow Cleave|p2a: Dondozo
|-damage|p2a: Dondozo|79/100 slp
|
|upkeep
|turn|22
|
|t:|1743797114
|switch|p1a: Serperior|Serperior, F|100/100
|-activate|p1a: Serperior|move: Sticky Web
|-boost|p1a: Serperior|spe|1
|-damage|p1a: Serperior|88/100|[from] Spikes
|cant|p2a: Dondozo|slp
|move|p2a: Dondozo|Sleep Talk|p2a: Dondozo
|move|p2a: Dondozo|Body Press|p1a: Serperior|[from] move: Sleep Talk
|-damage|p1a: Serperior|53/100
|
|upkeep
|turn|23
|
|t:|1743797119
|switch|p2a: Regice|Regice|100/100
|move|p1a: Serperior|Leaf Storm|p2a: Regice
|-damage|p2a: Regice|74/100
|-boost|p1a: Serperior|spa|2
|-damage|p1a: Serperior|43/100|[from] item: Life Orb
|
|upkeep
|turn|24
|
|t:|1743797125
|switch|p1a: Cinderace|Cinderace, M|27/100
|move|p2a: Regice|Ice Beam|p1a: Cinderace
|-resisted|p1a: Cinderace
|-damage|p1a: Cinderace|8/100
|
|upkeep
|turn|25
|
|t:|1743797131
|switch|p2a: Dondozo|Dondozo, F|79/100 slp
|move|p1a: Cinderace|Pyro Ball|p2a: Dondozo
|-resisted|p2a: Dondozo
|-damage|p2a: Dondozo|63/100 slp
|
|upkeep
|turn|26
|
|t:|1743797133
|move|p1a: Cinderace|Pyro Ball|p2a: Dondozo
|-resisted|p2a: Dondozo
|-damage|p2a: Dondozo|47/100 slp
|cant|p2a: Dondozo|slp
|move|p2a: Dondozo|Sleep Talk|p2a: Dondozo
|move|p2a: Dondozo|Body Press|p1a: Cinderace|[from] move: Sleep Talk
|-damage|p1a: Cinderace|0 fnt
|faint|p1a: Cinderace
|
|upkeep
|
|t:|1743797136
|switch|p1a: Milotic|Milotic, M|39/100
|-activate|p1a: Milotic|move: Sticky Web
|-unboost|p1a: Milotic|spe|1
|-ability|p1a: Milotic|Competitive|boost
|-boost|p1a: Milotic|spa|2
|-damage|p1a: Milotic|27/100|[from] Spikes
|turn|27
|c|☆surprise blissey|This is really cool
|c|☆surprise blissey|I like the team
|c|☆foobarbazqux|heh thanks, it's a fun gimmick
|
|t:|1743797161
|switch|p2a: Blissey|Blissey, F|100/100
|move|p1a: Milotic|Recover|p1a: Milotic
|-heal|p1a: Milotic|77/100
|
|-heal|p1a: Milotic|83/100|[from] item: Leftovers
|upkeep
|turn|28
|c|☆foobarbazqux|can't believe I was up at like 1700 with it lol
|
|t:|1743797168
|move|p2a: Blissey|Calm Mind|p2a: Blissey
|-boost|p2a: Blissey|spa|1
|-boost|p2a: Blissey|spd|1
|move|p1a: Milotic|Dragon Tail|p2a: Blissey
|-damage|p2a: Blissey|92/100
|drag|p2a: Clefable|Clefable, F|93/100
|
|-heal|p1a: Milotic|89/100|[from] item: Leftovers
|upkeep
|turn|29
|c|☆surprise blissey|Oh word
|
|t:|1743797179
|move|p1a: Milotic|Hydro Pump|p2a: Clefable
|-damage|p2a: Clefable|27/100
|move|p2a: Clefable|Knock Off|p1a: Milotic
|-damage|p1a: Milotic|77/100
|-enditem|p1a: Milotic|Leftovers|[from] move: Knock Off|[of] p2a: Clefable
|
|upkeep
|turn|30
|
|t:|1743797184
|move|p1a: Milotic|Hydro Pump|p2a: Clefable
|-damage|p2a: Clefable|0 fnt
|faint|p2a: Clefable
|
|upkeep
|
|t:|1743797187
|switch|p2a: Regice|Regice|74/100
|turn|31
|
|t:|1743797192
|move|p2a: Regice|Body Press|p1a: Milotic
|-damage|p1a: Milotic|61/100
|move|p1a: Milotic|Hydro Pump|p2a: Regice
|-damage|p2a: Regice|41/100
|
|upkeep
|turn|32
|
|t:|1743797197
|move|p2a: Regice|Amnesia|p2a: Regice
|-boost|p2a: Regice|spd|2
|move|p1a: Milotic|Recover|p1a: Milotic
|-heal|p1a: Milotic|100/100
|
|upkeep
|turn|33
|
|t:|1743797202
|switch|p1a: Kingambit|Kingambit, M|76/100
|-activate|p1a: Kingambit|move: Sticky Web
|-unboost|p1a: Kingambit|spe|1
|-ability|p1a: Kingambit|Defiant|boost
|-boost|p1a: Kingambit|atk|2
|-damage|p1a: Kingambit|64/100|[from] Spikes
|move|p2a: Regice|Body Press|p1a: Kingambit
|-supereffective|p1a: Kingambit
|-damage|p1a: Kingambit|0 fnt
|faint|p1a: Kingambit
|
|upkeep
|c|☆foobarbazqux|ouch
|
|t:|1743797208
|switch|p1a: Gliscor|Gliscor, F|100/100 tox
|turn|34
|c|☆surprise blissey|Oof
|
|t:|1743797220
|-terastallize|p1a: Gliscor|Water
|move|p1a: Gliscor|Knock Off|p2a: Regice
|-damage|p2a: Regice|24/100
|-enditem|p2a: Regice|Heavy-Duty Boots|[from] move: Knock Off|[of] p1a: Gliscor
|move|p2a: Regice|Ice Beam|p1a: Gliscor
|-resisted|p1a: Gliscor
|-damage|p1a: Gliscor|87/100 tox
|
|-heal|p1a: Gliscor|99/100 tox|[from] ability: Poison Heal
|upkeep
|turn|35
|
|t:|1743797224
|move|p1a: Gliscor|Toxic|p2a: Regice
|-status|p2a: Regice|tox
|move|p2a: Regice|Rest|p2a: Regice
|-status|p2a: Regice|slp|[from] move: Rest
|-heal|p2a: Regice|100/100 slp|[silent]
|
|-heal|p1a: Gliscor|100/100 tox|[from] ability: Poison Heal
|upkeep
|turn|36
|
|t:|1743797239
|move|p1a: Gliscor|Spikes|p2a: Regice
|-sidestart|p2: surprise blissey|Spikes
|cant|p2a: Regice|slp
|
|upkeep
|turn|37
|
|t:|1743797248
|switch|p1a: Milotic|Milotic, M|100/100
|-activate|p1a: Milotic|move: Sticky Web
|-unboost|p1a: Milotic|spe|1
|-ability|p1a: Milotic|Competitive|boost
|-boost|p1a: Milotic|spa|2
|-damage|p1a: Milotic|88/100|[from] Spikes
|cant|p2a: Regice|slp
|
|upkeep
|turn|38
|
|t:|1743797256
|-curestatus|p2a: Regice|slp|[msg]
|move|p2a: Regice|Body Press|p1a: Milotic
|-damage|p1a: Milotic|72/100
|move|p1a: Milotic|Dragon Tail|p2a: Regice
|-damage|p2a: Regice|94/100
|drag|p2a: Pecharunt|Pecharunt|100/100
|
|upkeep
|turn|39
|
|t:|1743797261
|switch|p1a: Gliscor|Gliscor, F, tera:Water|100/100 tox
|-activate|p1a: Gliscor|move: Sticky Web
|-unboost|p1a: Gliscor|spe|1
|-damage|p1a: Gliscor|88/100 tox|[from] Spikes
|move|p2a: Pecharunt|Toxic|p1a: Gliscor
|-fail|p1a: Gliscor|tox
|
|-heal|p1a: Gliscor|100/100 tox|[from] ability: Poison Heal
|upkeep
|turn|40
|
|t:|1743797267
|-terastallize|p2a: Pecharunt|Flying
|move|p2a: Pecharunt|Hex|p1a: Gliscor
|-damage|p1a: Gliscor|67/100 tox
|move|p1a: Gliscor|Knock Off|p2a: Pecharunt
|-damage|p2a: Pecharunt|88/100
|-enditem|p2a: Pecharunt|Heavy-Duty Boots|[from] move: Knock Off|[of] p1a: Gliscor
|
|-heal|p1a: Gliscor|79/100 tox|[from] ability: Poison Heal
|upkeep
|turn|41
|
|t:|1743797274
|move|p1a: Gliscor|Protect|p1a: Gliscor
|-singleturn|p1a: Gliscor|Protect
|move|p2a: Pecharunt|Toxic|p1a: Gliscor
|-activate|p1a: Gliscor|move: Protect
|
|-heal|p1a: Gliscor|92/100 tox|[from] ability: Poison Heal
|upkeep
|turn|42
|
|t:|1743797279
|move|p2a: Pecharunt|Toxic|p1a: Gliscor
|-fail|p1a: Gliscor|tox
|move|p1a: Gliscor|Toxic|p2a: Pecharunt
|-status|p2a: Pecharunt|tox
|
|-damage|p2a: Pecharunt|82/100 tox|[from] psn
|-heal|p1a: Gliscor|100/100 tox|[from] ability: Poison Heal
|upkeep
|turn|43
|
|t:|1743797283
|move|p2a: Pecharunt|Parting Shot|p1a: Gliscor
|-unboost|p1a: Gliscor|atk|1
|-unboost|p1a: Gliscor|spa|1
|
|t:|1743797288
|switch|p2a: Regice|Regice|94/100|[from] Parting Shot
|-damage|p2a: Regice|69/100|[from] Stealth Rock
|-damage|p2a: Regice|57/100|[from] Spikes
|move|p1a: Gliscor|Spikes|p2a: Regice
|-sidestart|p2: surprise blissey|Spikes
|
|upkeep
|turn|44
|
|t:|1743797294
|move|p1a: Gliscor|Toxic|p2a: Regice
|-status|p2a: Regice|tox
|move|p2a: Regice|Ice Beam|p1a: Gliscor
|-resisted|p1a: Gliscor
|-damage|p1a: Gliscor|87/100 tox
|
|-heal|p1a: Gliscor|99/100 tox|[from] ability: Poison Heal
|-damage|p2a: Regice|51/100 tox|[from] psn
|upkeep
|turn|45
|
|t:|1743797296
|move|p1a: Gliscor|Spikes|p2a: Regice
|-sidestart|p2: surprise blissey|Spikes
|move|p2a: Regice|Amnesia|p2a: Regice
|-boost|p2a: Regice|spd|2
|
|-heal|p1a: Gliscor|100/100 tox|[from] ability: Poison Heal
|-damage|p2a: Regice|39/100 tox|[from] psn
|upkeep
|turn|46
|
|t:|1743797303
|move|p1a: Gliscor|Knock Off|p2a: Regice
|-damage|p2a: Regice|32/100 tox
|move|p2a: Regice|Amnesia|p2a: Regice
|-boost|p2a: Regice|spd|2
|
|-damage|p2a: Regice|13/100 tox|[from] psn
|upkeep
|turn|47
|
|t:|1743797307
|move|p1a: Gliscor|Protect|p1a: Gliscor
|-singleturn|p1a: Gliscor|Protect
|move|p2a: Regice|Rest|p2a: Regice
|-status|p2a: Regice|slp|[from] move: Rest
|-heal|p2a: Regice|100/100 slp|[silent]
|
|upkeep
|turn|48
|
|t:|1743797309
|switch|p1a: Milotic|Milotic, M|72/100
|-activate|p1a: Milotic|move: Sticky Web
|-unboost|p1a: Milotic|spe|1
|-ability|p1a: Milotic|Competitive|boost
|-boost|p1a: Milotic|spa|2
|-damage|p1a: Milotic|60/100|[from] Spikes
|cant|p2a: Regice|slp
|
|upkeep
|turn|49
|
|t:|1743797314
|cant|p2a: Regice|slp
|move|p1a: Milotic|Recover|p1a: Milotic
|-heal|p1a: Milotic|100/100
|
|upkeep
|turn|50
|
|t:|1743797318
|-curestatus|p2a: Regice|slp|[msg]
|move|p2a: Regice|Body Press|p1a: Milotic
|-damage|p1a: Milotic|83/100
|move|p1a: Milotic|Dragon Tail|p2a: Regice
|-damage|p2a: Regice|94/100
|drag|p2a: Blissey|Blissey, F|92/100
|
|upkeep
|turn|51
|
|t:|1743797324
|switch|p1a: Gliscor|Gliscor, F, tera:Water|100/100 tox
|-activate|p1a: Gliscor|move: Sticky Web
|-unboost|p1a: Gliscor|spe|1
|-damage|p1a: Gliscor|88/100 tox|[from] Spikes
|move|p2a: Blissey|Seismic Toss|p1a: Gliscor
|-damage|p1a: Gliscor|60/100 tox
|
|-heal|p1a: Gliscor|72/100 tox|[from] ability: Poison Heal
|upkeep
|turn|52
|
|t:|1743797332
|switch|p2a: Regice|Regice|94/100
|-damage|p2a: Regice|69/100|[from] Stealth Rock
|-damage|p2a: Regice|44/100|[from] Spikes
|move|p1a: Gliscor|Knock Off|p2a: Regice
|-damage|p2a: Regice|33/100
|
|-heal|p1a: Gliscor|85/100 tox|[from] ability: Poison Heal
|upkeep
|turn|53
|
|t:|1743797338
|move|p1a: Gliscor|Toxic|p2a: Regice
|-status|p2a: Regice|tox
|move|p2a: Regice|Rest|p2a: Regice
|-status|p2a: Regice|slp|[from] move: Rest
|-heal|p2a: Regice|100/100 slp|[silent]
|
|-heal|p1a: Gliscor|97/100 tox|[from] ability: Poison Heal
|upkeep
|turn|54
|
|t:|1743797347
|switch|p1a: Milotic|Milotic, M|83/100
|-activate|p1a: Milotic|move: Sticky Web
|-unboost|p1a: Milotic|spe|1
|-ability|p1a: Milotic|Competitive|boost
|-boost|p1a: Milotic|spa|2
|-damage|p1a: Milotic|70/100|[from] Spikes
|cant|p2a: Regice|slp
|
|upkeep
|turn|55
|
|t:|1743797350
|cant|p2a: Regice|slp
|move|p1a: Milotic|Dragon Tail|p2a: Regice
|-damage|p2a: Regice|94/100 slp
|drag|p2a: Blissey|Blissey, F|92/100
|
|upkeep
|turn|56
|
|t:|1743797356
|move|p2a: Blissey|Stealth Rock|p1a: Milotic
|-sidestart|p1: foobarbazqux|move: Stealth Rock
|move|p1a: Milotic|Hydro Pump|p2a: Blissey
|-damage|p2a: Blissey|71/100
|
|upkeep
|turn|57
|
|t:|1743797362
|move|p2a: Blissey|Seismic Toss|p1a: Milotic
|-damage|p1a: Milotic|45/100
|move|p1a: Milotic|Dragon Tail|p2a: Blissey
|-damage|p2a: Blissey|62/100
|drag|p2a: Pecharunt|Pecharunt, tera:Flying|82/100 tox
|-damage|p2a: Pecharunt|57/100 tox|[from] Stealth Rock
|
|-damage|p2a: Pecharunt|50/100 tox|[from] psn
|upkeep
|turn|58
|
|t:|1743797366
|move|p2a: Pecharunt|Hex|p1a: Milotic
|-damage|p1a: Milotic|29/100
|move|p1a: Milotic|Recover|p1a: Milotic
|-heal|p1a: Milotic|79/100
|
|-damage|p2a: Pecharunt|38/100 tox|[from] psn
|upkeep
|turn|59
|
|t:|1743797370
|switch|p1a: Gliscor|Gliscor, F, tera:Water|97/100 tox
|-activate|p1a: Gliscor|move: Sticky Web
|-unboost|p1a: Gliscor|spe|1
|-damage|p1a: Gliscor|85/100 tox|[from] Spikes
|-damage|p1a: Gliscor|72/100 tox|[from] Stealth Rock
|move|p2a: Pecharunt|Parting Shot|p1a: Gliscor
|-unboost|p1a: Gliscor|atk|1
|-unboost|p1a: Gliscor|spa|1
|
|t:|1743797377
|switch|p2a: Regice|Regice|94/100 slp|[from] Parting Shot
|-damage|p2a: Regice|69/100 slp|[from] Stealth Rock
|-damage|p2a: Regice|44/100 slp|[from] Spikes
|
|-heal|p1a: Gliscor|85/100 tox|[from] ability: Poison Heal
|upkeep
|turn|60
|
|t:|1743797382
|move|p1a: Gliscor|Knock Off|p2a: Regice
|-damage|p2a: Regice|36/100 slp
|-curestatus|p2a: Regice|slp|[msg]
|move|p2a: Regice|Body Press|p1a: Gliscor
|-damage|p1a: Gliscor|68/100 tox
|
|-heal|p1a: Gliscor|80/100 tox|[from] ability: Poison Heal
|upkeep
|turn|61
|
|t:|1743797386
|move|p1a: Gliscor|Toxic|p2a: Regice|[miss]
|-miss|p1a: Gliscor|p2a: Regice
|move|p2a: Regice|Body Press|p1a: Gliscor
|-damage|p1a: Gliscor|64/100 tox
|
|-heal|p1a: Gliscor|76/100 tox|[from] ability: Poison Heal
|upkeep
|turn|62
|
|t:|1743797388
|move|p1a: Gliscor|Toxic|p2a: Regice
|-status|p2a: Regice|tox
|move|p2a: Regice|Body Press|p1a: Gliscor
|-damage|p1a: Gliscor|58/100 tox
|
|-heal|p1a: Gliscor|71/100 tox|[from] ability: Poison Heal
|-damage|p2a: Regice|30/100 tox|[from] psn
|upkeep
|turn|63
|
|t:|1743797390
|move|p1a: Gliscor|Knock Off|p2a: Regice
|-damage|p2a: Regice|22/100 tox
|move|p2a: Regice|Rest|p2a: Regice
|-status|p2a: Regice|slp|[from] move: Rest
|-heal|p2a: Regice|100/100 slp|[silent]
|
|-heal|p1a: Gliscor|83/100 tox|[from] ability: Poison Heal
|upkeep
|turn|64
|
|t:|1743797393
|move|p1a: Gliscor|Protect|p1a: Gliscor
|-singleturn|p1a: Gliscor|Protect
|cant|p2a: Regice|slp
|
|-heal|p1a: Gliscor|96/100 tox|[from] ability: Poison Heal
|upkeep
|turn|65
|
|t:|1743797398
|switch|p1a: Milotic|Milotic, M|79/100
|-activate|p1a: Milotic|move: Sticky Web
|-unboost|p1a: Milotic|spe|1
|-ability|p1a: Milotic|Competitive|boost
|-boost|p1a: Milotic|spa|2
|-damage|p1a: Milotic|67/100|[from] Spikes
|-damage|p1a: Milotic|55/100|[from] Stealth Rock
|cant|p2a: Regice|slp
|
|upkeep
|turn|66
|
|t:|1743797400
|-curestatus|p2a: Regice|slp|[msg]
|move|p2a: Regice|Body Press|p1a: Milotic
|-damage|p1a: Milotic|37/100
|move|p1a: Milotic|Hydro Pump|p2a: Regice
|-damage|p2a: Regice|68/100
|
|upkeep
|turn|67
|
|t:|1743797403
|move|p2a: Regice|Body Press|p1a: Milotic
|-damage|p1a: Milotic|21/100
|move|p1a: Milotic|Recover|p1a: Milotic
|-heal|p1a: Milotic|71/100
|
|upkeep
|turn|68
|
|t:|1743797408
|move|p2a: Regice|Body Press|p1a: Milotic
|-damage|p1a: Milotic|55/100
|move|p1a: Milotic|Dragon Tail|p2a: Regice
|-damage|p2a: Regice|60/100
|drag|p2a: Dondozo|Dondozo, F|47/100 slp
|
|upkeep
|turn|69
|inactive|surprise blissey has 120 seconds left.
|c|☆surprise blissey|I gtg back to work sadly
|c|☆surprise blissey|gg
|c|☆foobarbazqux|gg
|-message|surprise blissey forfeited.
|
|win|foobarbazqux
|raw|foobarbazqux's rating: 1615 &rarr; <strong>1630</strong><br />(+15 for winning)
|raw|surprise blissey's rating: 1525 &rarr; <strong>1510</strong><br />(-15 for losing)
|l|☆surprise blissey
|player|p2|
|l|☆foobarbazqux
|player|p1|
