|j|☆DrearyGod
|j|☆Qiko
|t:|1743845870
|gametype|singles
|player|p1|DrearyGod|alder|1234
|player|p2|Qiko|rosa-pokestar|1266
|teamsize|p1|6
|teamsize|p2|6
|gen|9
|tier|[Gen 9] OU
|rated|
|rule|HP Percentage Mod: HP is shown in percentages
|rule|Endless Battle Clause: Forcing endless battles is banned
|rule|Species Clause: Limit one of each Pokémon
|rule|OHKO Clause: OHKO moves are banned
|rule|Evasion Items Clause: Evasion items are banned
|rule|Evasion Moves Clause: Evasion moves are banned
|rule|Sleep Moves Clause: Sleep-inducing moves are banned
|clearpoke
|poke|p1|Great Tusk|
|poke|p1|Zapdos|
|poke|p1|Meowscarada, F|
|poke|p1|Kingambit, F|
|poke|p1|Dragapult, F|
|poke|p1|Clefable, F|
|poke|p2|Zamazenta-*|
|poke|p2|Ogerpon-Wellspring, F|
|poke|p2|Slowking-Galar, F|
|poke|p2|Great Tusk|
|poke|p2|Kingambit, M|
|poke|p2|Zapdos|
|teampreview
|inactive|Battle timer is ON: inactive players will automatically lose when time's up. (requested by DrearyGod)
|
|t:|1743845884
|start
|switch|p1a: Zapdos|Zapdos|100/100
|switch|p2a: Zapdos|Zapdos|100/100
|turn|1
|
|t:|1743845891
|move|p1a: Zapdos|Volt Switch|p2a: Zapdos
|-damage|p2a: Zapdos|74/100
|
|t:|1743845894
|switch|p1a: Great Tusk|Great Tusk|100/100|[from] Volt Switch
|move|p2a: Zapdos|Volt Switch|p1a: Great Tusk
|-immune|p1a: Great Tusk
|
|upkeep
|turn|2
|
|t:|1743845907
|-end|p1a: Great Tusk|Protosynthesis|[silent]
|switch|p1a: Meowscarada|Meowscarada, F|100/100
|move|p2a: Zapdos|Hurricane|p1a: Meowscarada
|-supereffective|p1a: Meowscarada
|-damage|p1a: Meowscarada|0 fnt
|faint|p1a: Meowscarada
|
|upkeep
|
|t:|1743845924
|switch|p1a: Dragapult|Dragapult, F|100/100
|turn|3
|
|t:|1743845927
|move|p1a: Dragapult|Substitute|p1a: Dragapult
|-start|p1a: Dragapult|Substitute
|-damage|p1a: Dragapult|76/100
|move|p2a: Zapdos|Thunder Wave||[still]
|-fail|p2a: Zapdos
|
|-heal|p1a: Dragapult|82/100|[from] item: Leftovers
|upkeep
|turn|4
|c|☆DrearyGod|Who makes that play
|
|t:|1743845936
|move|p1a: Dragapult|Dragon Darts|p2a: Zapdos
|-damage|p2a: Zapdos|59/100
|-anim|p1a: Dragapult|Dragon Darts|p2a: Zapdos
|-damage|p2a: Zapdos|45/100
|move|p2a: Zapdos|Hurricane|p1a: Dragapult
|-end|p1a: Dragapult|Substitute
|
|-heal|p1a: Dragapult|88/100|[from] item: Leftovers
|upkeep
|turn|5
|
|t:|1743845944
|move|p1a: Dragapult|Substitute|p1a: Dragapult
|-start|p1a: Dragapult|Substitute
|-damage|p1a: Dragapult|63/100
|move|p2a: Zapdos|Roost|p2a: Zapdos
|-heal|p2a: Zapdos|95/100
|-singleturn|p2a: Zapdos|move: Roost
|
|-heal|p1a: Dragapult|69/100|[from] item: Leftovers
|upkeep
|turn|6
|c|☆Qiko|私は暴風の神だから。
|c|☆DrearyGod|Nani
|
|t:|1743845957
|move|p1a: Dragapult|Hex|p2a: Zapdos
|-damage|p2a: Zapdos|68/100
|move|p2a: Zapdos|Hurricane|p1a: Dragapult|[miss]
|-miss|p2a: Zapdos|p1a: Dragapult
|
|-heal|p1a: Dragapult|75/100|[from] item: Leftovers
|upkeep
|turn|7
|
|t:|1743845963
|move|p1a: Dragapult|Dragon Darts|p2a: Zapdos
|-damage|p2a: Zapdos|52/100
|-anim|p1a: Dragapult|Dragon Darts|p2a: Zapdos
|-damage|p2a: Zapdos|35/100
|move|p2a: Zapdos|Hurricane|p1a: Dragapult
|-end|p1a: Dragapult|Substitute
|
|-heal|p1a: Dragapult|81/100|[from] item: Leftovers
|upkeep
|turn|8
|
|t:|1743845973
|move|p1a: Dragapult|Dragon Darts|p2a: Zapdos
|-damage|p2a: Zapdos|20/100
|-anim|p1a: Dragapult|Dragon Darts|p2a: Zapdos
|-damage|p2a: Zapdos|5/100
|move|p2a: Zapdos|Roost|p2a: Zapdos
|-heal|p2a: Zapdos|56/100
|-singleturn|p2a: Zapdos|move: Roost
|
|-heal|p1a: Dragapult|87/100|[from] item: Leftovers
|upkeep
|turn|9
|
|t:|1743845981
|switch|p1a: Great Tusk|Great Tusk|100/100
|move|p2a: Zapdos|Roost|p2a: Zapdos
|-heal|p2a: Zapdos|100/100
|-singleturn|p2a: Zapdos|move: Roost
|
|upkeep
|turn|10
|
|t:|1743845988
|move|p1a: Great Tusk|Ice Spinner|p2a: Zapdos
|-supereffective|p2a: Zapdos
|-damage|p2a: Zapdos|59/100
|move|p2a: Zapdos|Hurricane|p1a: Great Tusk
|-supereffective|p1a: Great Tusk
|-damage|p1a: Great Tusk|0 fnt
|faint|p1a: Great Tusk
|-end|p1a: Great Tusk|Protosynthesis|[silent]
|
|upkeep
|
|t:|1743845994
|switch|p1a: Kingambit|Kingambit, F|100/100
|-activate|p1a: Kingambit|ability: Supreme Overlord
|-start|p1a: Kingambit|fallen2|[silent]
|-item|p1a: Kingambit|Air Balloon
|turn|11
|
|t:|1743846001
|move|p2a: Zapdos|Thunder Wave|p1a: Kingambit
|-status|p1a: Kingambit|par
|move|p1a: Kingambit|Kowtow Cleave|p2a: Zapdos
|-damage|p2a: Zapdos|13/100
|
|upkeep
|turn|12
|
|t:|1743846006
|move|p2a: Zapdos|Roost|p2a: Zapdos
|-heal|p2a: Zapdos|63/100
|-singleturn|p2a: Zapdos|move: Roost
|cant|p1a: Kingambit|par
|
|upkeep
|turn|13
|
|t:|1743846011
|move|p2a: Zapdos|Volt Switch|p1a: Kingambit
|-damage|p1a: Kingambit|69/100 par
|-enditem|p1a: Kingambit|Air Balloon
|
|t:|1743846016
|switch|p2a: Great Tusk|Great Tusk, shiny|100/100|[from] Volt Switch
|cant|p1a: Kingambit|par
|
|upkeep
|turn|14
|
|t:|1743846034
|-end|p1a: Kingambit|fallen2|[silent]
|switch|p1a: Zapdos|Zapdos|100/100
|move|p2a: Great Tusk|Stealth Rock|p1a: Zapdos
|-sidestart|p1: DrearyGod|move: Stealth Rock
|
|upkeep
|turn|15
|
|t:|1743846043
|move|p1a: Zapdos|Hurricane|p2a: Great Tusk
|-supereffective|p2a: Great Tusk
|-damage|p2a: Great Tusk|0 fnt
|faint|p2a: Great Tusk
|-end|p2a: Great Tusk|Protosynthesis|[silent]
|
|upkeep
|
|t:|1743846054
|switch|p2a: Slowking|Slowking-Galar, F|100/100
|turn|16
|
|t:|1743846059
|move|p1a: Zapdos|Volt Switch|p2a: Slowking
|-damage|p2a: Slowking|85/100
|
|t:|1743846061
|switch|p1a: Clefable|Clefable, F|100/100|[from] Volt Switch
|move|p2a: Slowking|Ice Beam|p1a: Clefable
|-damage|p1a: Clefable|81/100
|
|-heal|p1a: Clefable|87/100|[from] item: Leftovers
|upkeep
|turn|17
|
|t:|1743846068
|move|p1a: Clefable|Stealth Rock|p2a: Slowking
|-sidestart|p2: Qiko|move: Stealth Rock
|move|p2a: Slowking|Sludge Bomb|p1a: Clefable
|-supereffective|p1a: Clefable
|-damage|p1a: Clefable|29/100
|
|-heal|p1a: Clefable|35/100|[from] item: Leftovers
|upkeep
|turn|18
|
|t:|1743846074
|switch|p1a: Kingambit|Kingambit, F|69/100 par
|-damage|p1a: Kingambit|63/100 par|[from] Stealth Rock
|-activate|p1a: Kingambit|ability: Supreme Overlord
|-start|p1a: Kingambit|fallen2|[silent]
|move|p2a: Slowking|Sludge Bomb|p1a: Kingambit
|-immune|p1a: Kingambit
|
|upkeep
|turn|19
|
|t:|1743846078
|-terastallize|p2a: Slowking|Water
|move|p2a: Slowking|Flamethrower|p1a: Kingambit
|-supereffective|p1a: Kingambit
|-damage|p1a: Kingambit|0 fnt
|faint|p1a: Kingambit
|-end|p1a: Kingambit|fallen2|[silent]
|
|upkeep
|
|t:|1743846084
|switch|p1a: Dragapult|Dragapult, F|87/100
|-damage|p1a: Dragapult|74/100|[from] Stealth Rock
|turn|20
|
|t:|1743846088
|move|p1a: Dragapult|Dragon Darts|p2a: Slowking
|-damage|p2a: Slowking|62/100
|-anim|p1a: Dragapult|Dragon Darts|p2a: Slowking
|-damage|p2a: Slowking|41/100
|move|p2a: Slowking|Ice Beam|p1a: Dragapult
|-supereffective|p1a: Dragapult
|-damage|p1a: Dragapult|0 fnt
|faint|p1a: Dragapult
|
|upkeep
|
|t:|1743846090
|switch|p1a: Zapdos|Zapdos|100/100
|turn|21
|
|t:|1743846097
|move|p1a: Zapdos|Hurricane|p2a: Slowking
|-damage|p2a: Slowking|19/100
|-start|p2a: Slowking|confusion
|-activate|p2a: Slowking|confusion
|-damage|p2a: Slowking|14/100|[from] confusion
|
|upkeep
|turn|22
|-message|DrearyGod forfeited.
|
|win|Qiko
|raw|DrearyGod's rating: 1234 &rarr; <strong>1211</strong><br />(-23 for losing)
|raw|Qiko's rating: 1266 &rarr; <strong>1289</strong><br />(+23 for winning)
|l|☆DrearyGod
|player|p1|
