|j|☆foobarbazqux
|j|☆The holiday person
|t:|1743886918
|gametype|singles
|player|p1|foobarbazqux|265|1604
|player|p2|The holiday person|volkner|1704
|teamsize|p1|6
|teamsize|p2|6
|gen|9
|tier|[Gen 9] OU
|rated|
|rule|HP Percentage Mod: HP is shown in percentages
|rule|Endless Battle Clause: Forcing endless battles is banned
|rule|Species Clause: Limit one of each Pokémon
|rule|OHKO Clause: OHKO moves are banned
|rule|Evasion Items Clause: Evasion items are banned
|rule|Evasion Moves Clause: Evasion moves are banned
|rule|Sleep Moves Clause: Sleep-inducing moves are banned
|clearpoke
|poke|p1|Araquanid, F|
|poke|p1|Cinderace, M|
|poke|p1|Kingambit, F|
|poke|p1|Serperior, M|
|poke|p1|Gliscor, F|
|poke|p1|Milotic, M|
|poke|p2|Yanmega, M|
|poke|p2|Glimmora, F|
|poke|p2|Great Tusk|
|poke|p2|Zamazenta-*|
|poke|p2|Kingambit, M|
|poke|p2|Kyurem|
|teampreview
|
|t:|1743886932
|start
|switch|p1a: Araquanid|Araquanid, F|100/100
|switch|p2a: Bad Posture ahh|Kyurem|100/100
|-ability|p2a: Bad Posture ahh|Pressure
|turn|1
|inactive|Battle timer is ON: inactive players will automatically lose when time's up. (requested by foobarbazqux)
|
|t:|1743886938
|move|p2a: Bad Posture ahh|Dragon Dance|p2a: Bad Posture ahh
|-boost|p2a: Bad Posture ahh|atk|1
|-boost|p2a: Bad Posture ahh|spe|1
|move|p1a: Araquanid|Sticky Web|p2a: Bad Posture ahh
|-sidestart|p2: The holiday person|move: Sticky Web
|
|upkeep
|turn|2
|
|t:|1743886943
|move|p2a: Bad Posture ahh|Scale Shot|p1a: Araquanid
|-damage|p1a: Araquanid|77/100
|-damage|p1a: Araquanid|55/100
|-damage|p1a: Araquanid|35/100
|-damage|p1a: Araquanid|11/100
|-hitcount|p1a: Araquanid|4
|-unboost|p2a: Bad Posture ahh|def|1
|-boost|p2a: Bad Posture ahh|spe|1
|move|p1a: Araquanid|Endeavor|p2a: Bad Posture ahh
|-damage|p2a: Bad Posture ahh|9/100
|
|upkeep
|turn|3
|-enditem|p1a: Araquanid|Custap Berry|[eat]
|-activate|p1a: Araquanid|item: Custap Berry|[consumed]
|
|t:|1743886950
|move|p1a: Araquanid|Surf|p2a: Bad Posture ahh
|-resisted|p2a: Bad Posture ahh
|-damage|p2a: Bad Posture ahh|0 fnt
|faint|p2a: Bad Posture ahh
|
|upkeep
|c|☆foobarbazqux|lols
|
|t:|1743886956
|switch|p2a: The Only Mega|Yanmega, M|100/100
|turn|4
|
|t:|1743886960
|move|p2a: The Only Mega|Bug Buzz|p1a: Araquanid
|-damage|p1a: Araquanid|0 fnt
|faint|p1a: Araquanid
|-enditem|p2a: The Only Mega|Throat Spray
|-boost|p2a: The Only Mega|spa|1|[from] item: Throat Spray
|
|-ability|p2a: The Only Mega|Speed Boost|boost
|-boost|p2a: The Only Mega|spe|1
|upkeep
|
|t:|1743886965
|switch|p1a: Cinderace|Cinderace, M|100/100
|turn|5
|
|t:|1743886973
|-terastallize|p2a: The Only Mega|Ground
|move|p2a: The Only Mega|Tera Blast|p1a: Cinderace|[anim] Tera Blast Ground
|-supereffective|p1a: Cinderace
|-damage|p1a: Cinderace|0 fnt
|faint|p1a: Cinderace
|
|-ability|p2a: The Only Mega|Speed Boost|boost
|-boost|p2a: The Only Mega|spe|1
|upkeep
|
|t:|1743886979
|switch|p1a: Milotic|Milotic, M|100/100
|turn|6
|
|t:|1743886990
|switch|p2a: Shiny Rock|Glimmora, F, shiny|100/100
|-activate|p2a: Shiny Rock|move: Sticky Web
|-unboost|p2a: Shiny Rock|spe|1
|move|p1a: Milotic|Dragon Tail|p2a: Shiny Rock
|-damage|p2a: Shiny Rock|91/100
|-activate|p2a: Shiny Rock|ability: Toxic Debris
|-sidestart|p1: foobarbazqux|move: Toxic Spikes
|drag|p2a: The Only Mega|Yanmega, M, tera:Ground|100/100
|-activate|p2a: The Only Mega|move: Sticky Web
|-unboost|p2a: The Only Mega|spe|1
|
|upkeep
|turn|7
|
|t:|1743887002
|move|p1a: Milotic|Scald|p2a: The Only Mega
|-supereffective|p2a: The Only Mega
|-damage|p2a: The Only Mega|10/100
|move|p2a: The Only Mega|Bug Buzz|p1a: Milotic
|-damage|p1a: Milotic|67/100
|
|-heal|p1a: Milotic|73/100|[from] item: Leftovers
|-ability|p2a: The Only Mega|Speed Boost|boost
|-boost|p2a: The Only Mega|spe|1
|upkeep
|turn|8
|
|t:|1743887010
|move|p2a: The Only Mega|Air Slash|p1a: Milotic
|-damage|p1a: Milotic|44/100
|move|p1a: Milotic|Recover|p1a: Milotic
|-heal|p1a: Milotic|94/100
|
|-heal|p1a: Milotic|99/100|[from] item: Leftovers
|-ability|p2a: The Only Mega|Speed Boost|boost
|-boost|p2a: The Only Mega|spe|1
|upkeep
|turn|9
|
|t:|1743887022
|move|p2a: The Only Mega|Air Slash|p1a: Milotic
|-damage|p1a: Milotic|73/100
|move|p1a: Milotic|Scald|p2a: The Only Mega
|-supereffective|p2a: The Only Mega
|-damage|p2a: The Only Mega|0 fnt
|faint|p2a: The Only Mega
|
|-heal|p1a: Milotic|79/100|[from] item: Leftovers
|upkeep
|
|t:|1743887026
|switch|p2a: Napoleon|Kingambit, M|100/100
|-activate|p2a: Napoleon|move: Sticky Web
|-unboost|p2a: Napoleon|spe|1
|-activate|p2a: Napoleon|ability: Supreme Overlord
|-start|p2a: Napoleon|fallen2|[silent]
|turn|10
|
|t:|1743887031
|move|p1a: Milotic|Scald|p2a: Napoleon
|-damage|p2a: Napoleon|72/100
|-status|p2a: Napoleon|brn
|move|p2a: Napoleon|Kowtow Cleave|p1a: Milotic
|-damage|p1a: Milotic|54/100
|
|-heal|p1a: Milotic|60/100|[from] item: Leftovers
|-damage|p2a: Napoleon|66/100 brn|[from] brn
|upkeep
|turn|11
|
|t:|1743887037
|move|p1a: Milotic|Recover|p1a: Milotic
|-heal|p1a: Milotic|100/100
|move|p2a: Napoleon|Swords Dance|p2a: Napoleon
|-boost|p2a: Napoleon|atk|2
|
|-damage|p2a: Napoleon|59/100 brn|[from] brn
|upkeep
|turn|12
|
|t:|1743887039
|move|p2a: Napoleon|Kowtow Cleave|p1a: Milotic
|-damage|p1a: Milotic|50/100
|move|p1a: Milotic|Dragon Tail|p2a: Napoleon
|-resisted|p2a: Napoleon
|-damage|p2a: Napoleon|56/100 brn
|-end|p2a: Napoleon|fallen2|[silent]
|drag|p2a: Amazing Tusks|Great Tusk|100/100
|
|-heal|p1a: Milotic|57/100|[from] item: Leftovers
|upkeep
|turn|13
|
|t:|1743887045
|move|p2a: Amazing Tusks|Rapid Spin|p1a: Milotic
|-damage|p1a: Milotic|45/100
|-boost|p2a: Amazing Tusks|spe|1
|-sideend|p2: The holiday person|Sticky Web|[from] move: Rapid Spin|[of] p2a: Amazing Tusks
|move|p1a: Milotic|Recover|p1a: Milotic
|-heal|p1a: Milotic|95/100
|
|-heal|p1a: Milotic|100/100|[from] item: Leftovers
|upkeep
|turn|14
|
|t:|1743887048
|move|p2a: Amazing Tusks|Knock Off|p1a: Milotic
|-damage|p1a: Milotic|77/100
|-enditem|p1a: Milotic|Leftovers|[from] move: Knock Off|[of] p2a: Amazing Tusks
|move|p1a: Milotic|Scald|p2a: Amazing Tusks
|-supereffective|p2a: Amazing Tusks
|-damage|p2a: Amazing Tusks|14/100
|-status|p2a: Amazing Tusks|brn
|
|-damage|p2a: Amazing Tusks|8/100 brn|[from] brn
|upkeep
|turn|15
|
|t:|1743887054
|move|p2a: Amazing Tusks|Headlong Rush|p1a: Milotic
|-damage|p1a: Milotic|55/100
|-unboost|p2a: Amazing Tusks|def|1
|-unboost|p2a: Amazing Tusks|spd|1
|move|p1a: Milotic|Ice Beam|p2a: Amazing Tusks
|-supereffective|p2a: Amazing Tusks
|-damage|p2a: Amazing Tusks|0 fnt
|faint|p2a: Amazing Tusks
|-end|p2a: Amazing Tusks|Protosynthesis|[silent]
|
|upkeep
|
|t:|1743887057
|switch|p2a: Zamazazamazenta|Zamazenta|100/100
|-ability|p2a: Zamazazamazenta|Dauntless Shield|boost
|-boost|p2a: Zamazazamazenta|def|1
|turn|16
|
|t:|1743887061
|move|p2a: Zamazazamazenta|Roar|p1a: Milotic
|drag|p1a: Serperior|Serperior, M|100/100
|-status|p1a: Serperior|psn
|
|-damage|p1a: Serperior|88/100 psn|[from] psn
|upkeep
|turn|17
|
|t:|1743887066
|move|p2a: Zamazazamazenta|Iron Defense|p2a: Zamazazamazenta
|-boost|p2a: Zamazazamazenta|def|2
|move|p1a: Serperior|Leaf Storm|p2a: Zamazazamazenta
|-damage|p2a: Zamazazamazenta|45/100
|-boost|p1a: Serperior|spa|2
|-damage|p1a: Serperior|78/100 psn|[from] item: Life Orb
|
|-heal|p2a: Zamazazamazenta|51/100|[from] item: Leftovers
|-damage|p1a: Serperior|66/100 psn|[from] psn
|upkeep
|turn|18
|
|t:|1743887070
|move|p2a: Zamazazamazenta|Body Press|p1a: Serperior
|-damage|p1a: Serperior|0 fnt
|faint|p1a: Serperior
|
|-heal|p2a: Zamazazamazenta|57/100|[from] item: Leftovers
|upkeep
|
|t:|1743887073
|switch|p1a: Gliscor|Gliscor, F|100/100
|turn|19
|
|t:|1743887081
|move|p2a: Zamazazamazenta|Body Press|p1a: Gliscor
|-resisted|p1a: Gliscor
|-damage|p1a: Gliscor|64/100
|move|p1a: Gliscor|Toxic|p2a: Zamazazamazenta
|-status|p2a: Zamazazamazenta|tox
|
|-heal|p2a: Zamazazamazenta|63/100 tox|[from] item: Leftovers
|-damage|p2a: Zamazazamazenta|57/100 tox|[from] psn
|-status|p1a: Gliscor|tox|[from] item: Toxic Orb
|upkeep
|turn|20
|
|t:|1743887087
|move|p1a: Gliscor|Protect|p1a: Gliscor
|-singleturn|p1a: Gliscor|Protect
|move|p2a: Zamazazamazenta|Roar|p1a: Gliscor
|drag|p1a: Milotic|Milotic, M|55/100
|-status|p1a: Milotic|psn
|
|-heal|p2a: Zamazazamazenta|63/100 tox|[from] item: Leftovers
|-damage|p2a: Zamazazamazenta|51/100 tox|[from] psn
|-damage|p1a: Milotic|43/100 psn|[from] psn
|upkeep
|turn|21
|
|t:|1743887090
|move|p2a: Zamazazamazenta|Body Press|p1a: Milotic
|-damage|p1a: Milotic|0 fnt
|faint|p1a: Milotic
|
|-heal|p2a: Zamazazamazenta|57/100 tox|[from] item: Leftovers
|-damage|p2a: Zamazazamazenta|39/100 tox|[from] psn
|upkeep
|
|t:|1743887095
|switch|p1a: Gliscor|Gliscor, F|64/100 tox
|turn|22
|
|t:|1743887098
|move|p1a: Gliscor|Protect|p1a: Gliscor
|-singleturn|p1a: Gliscor|Protect
|move|p2a: Zamazazamazenta|Roar|p1a: Gliscor
|drag|p1a: Kingambit|Kingambit, F|100/100
|
|-heal|p2a: Zamazazamazenta|45/100 tox|[from] item: Leftovers
|-damage|p2a: Zamazazamazenta|20/100 tox|[from] psn
|upkeep
|turn|23
|
|t:|1743887101
|switch|p1a: Gliscor|Gliscor, F|64/100 tox
|move|p2a: Zamazazamazenta|Body Press|p1a: Gliscor
|-resisted|p1a: Gliscor
|-damage|p1a: Gliscor|25/100 tox
|
|-heal|p2a: Zamazazamazenta|26/100 tox|[from] item: Leftovers
|-damage|p2a: Zamazazamazenta|0 fnt|[from] psn
|faint|p2a: Zamazazamazenta
|-heal|p1a: Gliscor|37/100 tox|[from] ability: Poison Heal
|upkeep
|
|t:|1743887105
|switch|p2a: Shiny Rock|Glimmora, F, shiny|91/100
|turn|24
|
|t:|1743887108
|move|p1a: Gliscor|Protect|p1a: Gliscor
|-singleturn|p1a: Gliscor|Protect
|move|p2a: Shiny Rock|Power Gem|p1a: Gliscor
|-activate|p1a: Gliscor|move: Protect
|
|-heal|p1a: Gliscor|50/100 tox|[from] ability: Poison Heal
|upkeep
|turn|25
|
|t:|1743887115
|move|p2a: Shiny Rock|Power Gem|p1a: Gliscor
|-damage|p1a: Gliscor|16/100 tox
|move|p1a: Gliscor|Knock Off|p2a: Shiny Rock
|-crit|p2a: Shiny Rock
|-damage|p2a: Shiny Rock|51/100
|-activate|p2a: Shiny Rock|ability: Toxic Debris
|-sidestart|p1: foobarbazqux|move: Toxic Spikes
|-enditem|p2a: Shiny Rock|Red Card|[from] move: Knock Off|[of] p1a: Gliscor
|
|-heal|p1a: Gliscor|28/100 tox|[from] ability: Poison Heal
|upkeep
|turn|26
|
|t:|1743887120
|move|p1a: Gliscor|Protect|p1a: Gliscor
|-singleturn|p1a: Gliscor|Protect
|move|p2a: Shiny Rock|Power Gem|p1a: Gliscor
|-activate|p1a: Gliscor|move: Protect
|
|-heal|p1a: Gliscor|41/100 tox|[from] ability: Poison Heal
|upkeep
|turn|27
|
|t:|1743887123
|move|p2a: Shiny Rock|Power Gem|p1a: Gliscor
|-damage|p1a: Gliscor|6/100 tox
|move|p1a: Gliscor|Knock Off|p2a: Shiny Rock
|-damage|p2a: Shiny Rock|32/100
|
|-heal|p1a: Gliscor|18/100 tox|[from] ability: Poison Heal
|upkeep
|turn|28
|
|t:|1743887127
|move|p1a: Gliscor|Protect|p1a: Gliscor
|-singleturn|p1a: Gliscor|Protect
|move|p2a: Shiny Rock|Power Gem|p1a: Gliscor
|-activate|p1a: Gliscor|move: Protect
|
|-heal|p1a: Gliscor|31/100 tox|[from] ability: Poison Heal
|upkeep
|turn|29
|
|t:|1743887131
|move|p1a: Gliscor|Protect||[still]
|-fail|p1a: Gliscor
|move|p2a: Shiny Rock|Power Gem|p1a: Gliscor
|-damage|p1a: Gliscor|0 fnt
|faint|p1a: Gliscor
|
|upkeep
|
|t:|1743887133
|switch|p1a: Kingambit|Kingambit, F|100/100
|turn|30
|
|t:|1743887136
|move|p1a: Kingambit|Sucker Punch|p2a: Shiny Rock
|-damage|p2a: Shiny Rock|0 fnt
|faint|p2a: Shiny Rock
|
|upkeep
|c|☆foobarbazqux|gg
|
|t:|1743887139
|switch|p2a: Napoleon|Kingambit, M|56/100 brn
|-activate|p2a: Napoleon|ability: Supreme Overlord
|-start|p2a: Napoleon|fallen5|[silent]
|turn|31
|
|t:|1743887142
|-terastallize|p1a: Kingambit|Flying
|move|p2a: Napoleon|Swords Dance|p2a: Napoleon
|-boost|p2a: Napoleon|atk|2
|move|p1a: Kingambit|Low Kick|p2a: Napoleon
|-supereffective|p2a: Napoleon
|-damage|p2a: Napoleon|0 fnt
|faint|p2a: Napoleon
|-end|p2a: Napoleon|fallen5|[silent]
|
|win|foobarbazqux
|raw|foobarbazqux's rating: 1604 &rarr; <strong>1630</strong><br />(+26 for winning)
|raw|The holiday person's rating: 1704 &rarr; <strong>1678</strong><br />(-26 for losing)
|l|☆foobarbazqux
|player|p1|
|l|☆The holiday person
|player|p2|
