|j|☆Quintesshou
|j|☆ShawnHim
|t:|1743916827
|gametype|singles
|player|p1|Quintesshou|clerkf|1169
|player|p2|ShawnHim|giovanni|1209
|teamsize|p1|6
|teamsize|p2|6
|gen|9
|tier|[Gen 9] OU
|rated|
|rule|HP Percentage Mod: HP is shown in percentages
|rule|Endless Battle Clause: Forcing endless battles is banned
|rule|Species Clause: Limit one of each Pokémon
|rule|OHKO Clause: OHKO moves are banned
|rule|Evasion Items Clause: Evasion items are banned
|rule|Evasion Moves Clause: Evasion moves are banned
|rule|Sleep Moves Clause: Sleep-inducing moves are banned
|clearpoke
|poke|p1|Ninetales-Alola, F|
|poke|p1|Frosmoth, F|
|poke|p1|Cetitan, F|
|poke|p1|Glaceon, F|
|poke|p1|Dewgong, F|
|poke|p1|Abomasnow, F|
|poke|p2|Milotic, F|
|poke|p2|Gliscor, M|
|poke|p2|Blaziken, F|
|poke|p2|Gengar, M|
|poke|p2|Meowscarada, M|
|poke|p2|Chansey, F|
|teampreview
|inactive|Battle timer is ON: inactive players will automatically lose when time's up. (requested by ShawnHim)
|inactive|Quintesshou also wants the timer to be on.
|
|t:|1743916840
|start
|switch|p1a: Snowbelle|Ninetales-Alola, F, shiny|100/100
|switch|p2a: Chansey|Chansey, F|100/100
|-weather|Snowscape|[from] ability: Snow Warning|[of] p1a: Snowbelle
|turn|1
|
|t:|1743916851
|move|p1a: Snowbelle|Nasty Plot|p1a: Snowbelle
|-boost|p1a: Snowbelle|spa|2
|move|p2a: Chansey|Stealth Rock|p1a: Snowbelle
|-sidestart|p1: Quintesshou|move: Stealth Rock
|
|-weather|Snowscape|[upkeep]
|upkeep
|turn|2
|
|t:|1743916857
|move|p1a: Snowbelle|Blizzard|p2a: Chansey
|-damage|p2a: Chansey|76/100
|move|p2a: Chansey|Thunder Wave|p1a: Snowbelle
|-status|p1a: Snowbelle|par
|
|-weather|Snowscape|[upkeep]
|upkeep
|turn|3
|
|t:|1743916867
|cant|p1a: Snowbelle|par
|move|p2a: Chansey|Seismic Toss|p1a: Snowbelle
|-damage|p1a: Snowbelle|66/100 par
|
|-weather|Snowscape|[upkeep]
|upkeep
|turn|4
|
|t:|1743916876
|switch|p1a: SnowMommy|Abomasnow, F, shiny|100/100
|-damage|p1a: SnowMommy|75/100|[from] Stealth Rock
|move|p2a: Chansey|Seismic Toss|p1a: SnowMommy
|-damage|p1a: SnowMommy|49/100
|
|-weather|Snowscape|[upkeep]
|upkeep
|turn|5
|
|t:|1743916894
|switch|p2a: Blaziken|Blaziken, F|100/100
|move|p1a: SnowMommy|Wood Hammer|p2a: Blaziken
|-resisted|p2a: Blaziken
|-damage|p2a: Blaziken|63/100
|-damage|p1a: SnowMommy|40/100|[from] Recoil
|
|-weather|Snowscape|[upkeep]
|upkeep
|turn|6
|
|t:|1743916903
|move|p2a: Blaziken|Swords Dance|p2a: Blaziken
|-boost|p2a: Blaziken|atk|2
|move|p1a: SnowMommy|Earthquake|p2a: Blaziken
|-supereffective|p2a: Blaziken
|-damage|p2a: Blaziken|0 fnt
|faint|p2a: Blaziken
|
|-weather|Snowscape|[upkeep]
|upkeep
|
|t:|1743916913
|switch|p2a: Gengar|Gengar, M|100/100
|turn|7
|
|t:|1743916919
|move|p2a: Gengar|Sludge Wave|p1a: SnowMommy
|-supereffective|p1a: SnowMommy
|-damage|p1a: SnowMommy|0 fnt
|faint|p1a: SnowMommy
|-damage|p2a: Gengar|91/100|[from] item: Life Orb
|
|-weather|Snowscape|[upkeep]
|upkeep
|
|t:|1743916925
|switch|p1a: Frostora|Frosmoth, F, shiny|100/100
|turn|8
|
|t:|1743916932
|move|p2a: Gengar|Sludge Wave|p1a: Frostora
|-damage|p1a: Frostora|74/100
|-damage|p2a: Gengar|81/100|[from] item: Life Orb
|move|p1a: Frostora|Defog|p2a: Gengar
|-unboost|p2a: Gengar|evasion|1
|-sideend|p1: Quintesshou|Stealth Rock|[from] move: Defog|[of] p1a: Frostora
|
|-weather|none
|upkeep
|turn|9
|inactive|ShawnHim has 120 seconds left.
|
|t:|1743916979
|switch|p1a: Snowbelle|Ninetales-Alola, F, shiny|66/100 par
|-weather|Snowscape|[from] ability: Snow Warning|[of] p1a: Snowbelle
|move|p2a: Gengar|Sludge Wave|p1a: Snowbelle
|-supereffective|p1a: Snowbelle
|-damage|p1a: Snowbelle|0 fnt
|faint|p1a: Snowbelle
|-damage|p2a: Gengar|71/100|[from] item: Life Orb
|
|-weather|Snowscape|[upkeep]
|upkeep
|
|t:|1743916988
|switch|p1a: Icebreaker|Cetitan, F, shiny|100/100
|turn|10
|
|t:|1743916995
|move|p1a: Icebreaker|Belly Drum|p1a: Icebreaker
|-damage|p1a: Icebreaker|50/100
|-setboost|p1a: Icebreaker|atk|6|[from] move: Belly Drum
|-enditem|p1a: Icebreaker|Sitrus Berry|[eat]
|-heal|p1a: Icebreaker|75/100|[from] item: Sitrus Berry
|move|p2a: Gengar|Will-O-Wisp|p1a: Icebreaker
|-status|p1a: Icebreaker|brn
|
|-weather|Snowscape|[upkeep]
|-damage|p1a: Icebreaker|69/100 brn|[from] brn
|upkeep
|turn|11
|inactive|ShawnHim has 120 seconds left.
|
|t:|1743917013
|switch|p2a: Milotic|Milotic, F|100/100
|move|p1a: Icebreaker|Knock Off|p2a: Milotic
|-damage|p2a: Milotic|59/100
|-enditem|p2a: Milotic|Leftovers|[from] move: Knock Off|[of] p1a: Icebreaker
|
|-weather|Snowscape|[upkeep]
|-damage|p1a: Icebreaker|63/100 brn|[from] brn
|upkeep
|turn|12
|inactive|ShawnHim has 120 seconds left.
|
|t:|1743917022
|move|p1a: Icebreaker|Earthquake|p2a: Milotic
|-damage|p2a: Milotic|15/100
|move|p2a: Milotic|Recover|p2a: Milotic
|-heal|p2a: Milotic|65/100
|
|-weather|Snowscape|[upkeep]
|-damage|p1a: Icebreaker|57/100 brn|[from] brn
|upkeep
|turn|13
|
|t:|1743917035
|switch|p1a: Shivver|Glaceon, F, shiny|100/100
|move|p2a: Milotic|Recover|p2a: Milotic
|-heal|p2a: Milotic|100/100
|
|-weather|Snowscape|[upkeep]
|upkeep
|turn|14
|
|t:|1743917044
|switch|p2a: Chansey|Chansey, F|76/100
|move|p1a: Shivver|Freeze-Dry|p2a: Chansey
|-crit|p2a: Chansey
|-damage|p2a: Chansey|57/100
|-status|p2a: Chansey|frz
|
|-weather|Snowscape|[upkeep]
|upkeep
|turn|15
|
|t:|1743917060
|switch|p1a: Frostora|Frosmoth, F, shiny|74/100
|cant|p2a: Chansey|frz
|
|-weather|Snowscape|[upkeep]
|upkeep
|turn|16
|
|t:|1743917066
|move|p1a: Frostora|Quiver Dance|p1a: Frostora
|-boost|p1a: Frostora|spa|1
|-boost|p1a: Frostora|spd|1
|-boost|p1a: Frostora|spe|1
|cant|p2a: Chansey|frz
|
|-weather|none
|upkeep
|turn|17
|
|t:|1743917072
|move|p1a: Frostora|Quiver Dance|p1a: Frostora
|-boost|p1a: Frostora|spa|1
|-boost|p1a: Frostora|spd|1
|-boost|p1a: Frostora|spe|1
|cant|p2a: Chansey|frz
|
|upkeep
|turn|18
|
|t:|1743917077
|move|p1a: Frostora|Quiver Dance|p1a: Frostora
|-boost|p1a: Frostora|spa|1
|-boost|p1a: Frostora|spd|1
|-boost|p1a: Frostora|spe|1
|-curestatus|p2a: Chansey|frz|[msg]
|move|p2a: Chansey|Thunder Wave|p1a: Frostora
|-status|p1a: Frostora|par
|
|upkeep
|turn|19
|
|t:|1743917084
|cant|p1a: Frostora|par
|move|p2a: Chansey|Soft-Boiled|p2a: Chansey
|-heal|p2a: Chansey|100/100
|
|upkeep
|turn|20
|
|t:|1743917091
|move|p1a: Frostora|Quiver Dance|p1a: Frostora
|-boost|p1a: Frostora|spa|1
|-boost|p1a: Frostora|spd|1
|-boost|p1a: Frostora|spe|1
|move|p2a: Chansey|Seismic Toss|p1a: Frostora
|-damage|p1a: Frostora|45/100 par
|
|upkeep
|turn|21
|
|t:|1743917101
|cant|p1a: Frostora|par
|move|p2a: Chansey|Seismic Toss|p1a: Frostora
|-damage|p1a: Frostora|16/100 par
|
|upkeep
|turn|22
|
|t:|1743917108
|move|p1a: Frostora|Blizzard|p2a: Chansey
|-damage|p2a: Chansey|59/100
|move|p2a: Chansey|Stealth Rock|p1a: Frostora
|-sidestart|p1: Quintesshou|move: Stealth Rock
|
|upkeep
|turn|23
|
|t:|1743917117
|cant|p1a: Frostora|par
|move|p2a: Chansey|Soft-Boiled|p2a: Chansey
|-heal|p2a: Chansey|100/100
|
|upkeep
|turn|24
|
|t:|1743917122
|cant|p1a: Frostora|par
|move|p2a: Chansey|Seismic Toss|p1a: Frostora
|-damage|p1a: Frostora|0 fnt
|faint|p1a: Frostora
|
|upkeep
|-message|Quintesshou forfeited.
|
|win|ShawnHim
|raw|Quintesshou's rating: 1169 &rarr; <strong>1147</strong><br />(-22 for losing)
|raw|ShawnHim's rating: 1209 &rarr; <strong>1231</strong><br />(+22 for winning)
|l|☆Quintesshou
|player|p1|
|l|☆ShawnHim
|player|p2|
