|j|☆Dimitry5000
|j|☆01zx
|t:|1743847992
|gametype|singles
|player|p1|Dimitry5000|cyclistf-gen4|1216
|player|p2|01zx|cyrus|1271
|teamsize|p1|6
|teamsize|p2|6
|gen|9
|tier|[Gen 9] OU
|rated|
|rule|HP Percentage Mod: HP is shown in percentages
|rule|Endless Battle Clause: Forcing endless battles is banned
|rule|Species Clause: Limit one of each Pokémon
|rule|OHKO Clause: OHKO moves are banned
|rule|Evasion Items Clause: Evasion items are banned
|rule|Evasion Moves Clause: Evasion moves are banned
|rule|Sleep Moves Clause: Sleep-inducing moves are banned
|clearpoke
|poke|p1|Toxapex, M|
|poke|p1|Gliscor, M|
|poke|p1|Dondozo, F|
|poke|p1|Blissey, F|
|poke|p1|Corviknight, M|
|poke|p1|Clefable, M|
|poke|p2|Sinistcha-Masterpiece|
|poke|p2|Kleavor, F|
|poke|p2|Ursaluna, F|
|poke|p2|Alomomola, M|
|poke|p2|Samurott-Hisui, M|
|poke|p2|Glimmora, M|
|teampreview
|
|t:|1743848001
|start
|switch|p1a: Clefable|Clefable, M|100/100
|switch|p2a: Kleavor|Kleavor, F, shiny|100/100
|turn|1
|
|t:|1743848009
|move|p2a: Kleavor|Stone Axe|p1a: Clefable
|-damage|p1a: Clefable|32/100
|-sidestart|p1: Dimitry5000|move: Stealth Rock
|move|p1a: Clefable|Calm Mind|p1a: Clefable
|-boost|p1a: Clefable|spa|1
|-boost|p1a: Clefable|spd|1
|
|-heal|p1a: Clefable|39/100|[from] item: Leftovers
|upkeep
|turn|2
|
|t:|1743848018
|move|p1a: Clefable|Protect|p1a: Clefable
|-singleturn|p1a: Clefable|Protect
|move|p2a: Kleavor|Stone Axe|p1a: Clefable
|-activate|p1a: Clefable|move: Protect
|
|-heal|p1a: Clefable|45/100|[from] item: Leftovers
|upkeep
|turn|3
|
|t:|1743848029
|switch|p1a: Toxapex|Toxapex, M|100/100
|-damage|p1a: Toxapex|88/100|[from] Stealth Rock
|move|p2a: Kleavor|Stone Axe|p1a: Toxapex
|-damage|p1a: Toxapex|38/100
|-damage|p2a: Kleavor|84/100|[from] item: Rocky Helmet|[of] p1a: Toxapex
|
|upkeep
|turn|4
|inactive|Battle timer is ON: inactive players will automatically lose when time's up. (requested by 01zx)
|
|t:|1743848039
|switch|p1a: Dondozo|Dondozo, F|100/100
|-damage|p1a: Dondozo|88/100|[from] Stealth Rock
|move|p2a: Kleavor|Stone Axe|p1a: Dondozo
|-damage|p1a: Dondozo|51/100
|
|-heal|p1a: Dondozo|57/100|[from] item: Leftovers
|upkeep
|turn|5
|
|t:|1743848049
|switch|p2a: Sinistcha|Sinistcha-Masterpiece, shiny|100/100
|move|p1a: Dondozo|Waterfall|p2a: Sinistcha
|-resisted|p2a: Sinistcha
|-damage|p2a: Sinistcha|89/100
|
|-heal|p1a: Dondozo|63/100|[from] item: Leftovers
|upkeep
|turn|6
|
|t:|1743848065
|switch|p1a: Blissey|Blissey, F|100/100
|move|p2a: Sinistcha|Matcha Gotcha|p1a: Blissey
|-damage|p1a: Blissey|90/100
|-heal|p2a: Sinistcha|100/100|[from] drain|[of] p1a: Blissey
|
|upkeep
|turn|7
|
|t:|1743848075
|switch|p2a: Kleavor|Kleavor, F, shiny|84/100
|move|p1a: Blissey|Thunder Wave|p2a: Kleavor
|-status|p2a: Kleavor|par
|
|upkeep
|turn|8
|
|t:|1743848084
|switch|p1a: Corviknight|Corviknight, M|100/100
|-damage|p1a: Corviknight|88/100|[from] Stealth Rock
|cant|p2a: Kleavor|par
|
|upkeep
|turn|9
|
|t:|1743848093
|switch|p2a: Sinistcha|Sinistcha-Masterpiece, shiny|100/100
|move|p1a: Corviknight|Brave Bird|p2a: Sinistcha
|-supereffective|p2a: Sinistcha
|-damage|p2a: Sinistcha|45/100
|-damage|p1a: Corviknight|75/100|[from] Recoil
|
|upkeep
|turn|10
|
|t:|1743848102
|switch|p2a: 无限|Alomomola, M, shiny|100/100
|move|p1a: Corviknight|Brave Bird|p2a: 无限
|-damage|p2a: 无限|71/100
|-damage|p1a: Corviknight|62/100|[from] Recoil
|
|-heal|p2a: 无限|77/100|[from] item: Leftovers
|upkeep
|turn|11
|
|t:|1743848110
|move|p1a: Corviknight|Defog|p2a: 无限
|-unboost|p2a: 无限|evasion|1
|-sideend|p1: Dimitry5000|Stealth Rock|[from] move: Defog|[of] p1a: Corviknight
|move|p2a: 无限|Flip Turn|p1a: Corviknight
|-damage|p1a: Corviknight|51/100
|-damage|p2a: 无限|60/100|[from] item: Rocky Helmet|[of] p1a: Corviknight
|
|t:|1743848115
|switch|p2a: Samurott|Samurott-Hisui, M, shiny|100/100|[from] Flip Turn
|
|upkeep
|turn|12
|
|t:|1743848121
|move|p2a: Samurott|Aqua Cutter|p1a: Corviknight
|-damage|p1a: Corviknight|0 fnt
|faint|p1a: Corviknight
|
|upkeep
|
|t:|1743848126
|switch|p1a: Toxapex|Toxapex, M|71/100
|turn|13
|
|t:|1743848133
|switch|p2a: 无限|Alomomola, M, shiny|94/100
|move|p1a: Toxapex|Toxic|p2a: 无限
|-status|p2a: 无限|tox
|
|-heal|p2a: 无限|99/100 tox|[from] item: Leftovers
|-damage|p2a: 无限|94/100 tox|[from] psn
|upkeep
|turn|14
|
|t:|1743848155
|move|p2a: 无限|Flip Turn|p1a: Toxapex
|-resisted|p1a: Toxapex
|-crit|p1a: Toxapex
|-damage|p1a: Toxapex|63/100
|-damage|p2a: 无限|77/100 tox|[from] item: Rocky Helmet|[of] p1a: Toxapex
|
|t:|1743848159
|switch|p2a: Kleavor|Kleavor, F, shiny|84/100 par|[from] Flip Turn
|move|p1a: Toxapex|Surf|p2a: Kleavor
|-supereffective|p2a: Kleavor
|-damage|p2a: Kleavor|20/100 par
|
|upkeep
|turn|15
|
|t:|1743848169
|switch|p2a: 无限|Alomomola, M, shiny|100/100 tox
|move|p1a: Toxapex|Surf|p2a: 无限
|-resisted|p2a: 无限
|-damage|p2a: 无限|93/100 tox
|
|-heal|p2a: 无限|99/100 tox|[from] item: Leftovers
|-damage|p2a: 无限|93/100 tox|[from] psn
|upkeep
|turn|16
|
|t:|1743848183
|switch|p1a: Dondozo|Dondozo, F|63/100
|move|p2a: 无限|Wish|p2a: 无限
|
|-heal|p2a: 无限|99/100 tox|[from] item: Leftovers
|-heal|p1a: Dondozo|69/100|[from] item: Leftovers
|-damage|p2a: 无限|87/100 tox|[from] psn
|upkeep
|turn|17
|
|t:|1743848194
|move|p2a: 无限|Flip Turn|p1a: Dondozo
|-resisted|p1a: Dondozo
|-damage|p1a: Dondozo|66/100
|
|t:|1743848201
|switch|p2a: Kleavor|Kleavor, F, shiny|20/100 par|[from] Flip Turn
|move|p1a: Dondozo|Waterfall|p2a: Kleavor
|-supereffective|p2a: Kleavor
|-damage|p2a: Kleavor|0 fnt
|faint|p2a: Kleavor
|
|-heal|p1a: Dondozo|72/100|[from] item: Leftovers
|upkeep
|
|t:|1743848210
|switch|p2a: Sinistcha|Sinistcha-Masterpiece, shiny|45/100
|turn|18
|
|t:|1743848220
|switch|p1a: Blissey|Blissey, F|90/100
|move|p2a: Sinistcha|Strength Sap|p1a: Blissey
|-unboost|p1a: Blissey|atk|1
|-heal|p2a: Sinistcha|53/100
|
|upkeep
|turn|19
|
|t:|1743848230
|switch|p2a: 无限|Alomomola, M, shiny|100/100 tox
|move|p1a: Blissey|Thunder Wave||[still]
|-fail|p1a: Blissey
|
|-damage|p2a: 无限|94/100 tox|[from] psn
|upkeep
|turn|20
|
|t:|1743848237
|switch|p1a: Toxapex|Toxapex, M|96/100
|move|p2a: 无限|Flip Turn|p1a: Toxapex
|-resisted|p1a: Toxapex
|-damage|p1a: Toxapex|91/100
|-damage|p2a: 无限|78/100 tox|[from] item: Rocky Helmet|[of] p1a: Toxapex
|
|t:|1743848240
|switch|p2a: Ursaluna|Ursaluna, F, shiny|100/100|[from] Flip Turn
|
|-status|p2a: Ursaluna|brn|[from] item: Flame Orb
|upkeep
|turn|21
|
|t:|1743848261
|move|p2a: Ursaluna|Swords Dance|p2a: Ursaluna
|-boost|p2a: Ursaluna|atk|2
|move|p1a: Toxapex|Surf|p2a: Ursaluna
|-supereffective|p2a: Ursaluna
|-damage|p2a: Ursaluna|62/100 brn
|
|-damage|p2a: Ursaluna|55/100 brn|[from] brn
|upkeep
|turn|22
|
|t:|1743848273
|switch|p1a: Dondozo|Dondozo, F|72/100
|move|p2a: Ursaluna|Facade|p1a: Dondozo
|-damage|p1a: Dondozo|13/100
|
|-heal|p1a: Dondozo|19/100|[from] item: Leftovers
|-damage|p2a: Ursaluna|49/100 brn|[from] brn
|upkeep
|turn|23
|
|t:|1743848285
|move|p2a: Ursaluna|Facade|p1a: Dondozo
|-damage|p1a: Dondozo|0 fnt
|faint|p1a: Dondozo
|
|-damage|p2a: Ursaluna|43/100 brn|[from] brn
|upkeep
|
|t:|1743848291
|switch|p1a: Gliscor|Gliscor, M|100/100
|turn|24
|
|t:|1743848302
|move|p1a: Gliscor|Protect|p1a: Gliscor
|-singleturn|p1a: Gliscor|Protect
|move|p2a: Ursaluna|Facade|p1a: Gliscor
|-activate|p1a: Gliscor|move: Protect
|
|-damage|p2a: Ursaluna|37/100 brn|[from] brn
|-status|p1a: Gliscor|tox|[from] item: Toxic Orb
|upkeep
|turn|25
|
|t:|1743848310
|move|p1a: Gliscor|Substitute|p1a: Gliscor
|-start|p1a: Gliscor|Substitute
|-damage|p1a: Gliscor|76/100 tox
|move|p2a: Ursaluna|Facade|p1a: Gliscor
|-end|p1a: Gliscor|Substitute
|
|-heal|p1a: Gliscor|88/100 tox|[from] ability: Poison Heal
|-damage|p2a: Ursaluna|30/100 brn|[from] brn
|upkeep
|turn|26
|
|t:|1743848319
|switch|p2a: 无限|Alomomola, M, shiny|100/100 tox
|move|p1a: Gliscor|Protect||[still]
|-fail|p1a: Gliscor
|
|-heal|p1a: Gliscor|100/100 tox|[from] ability: Poison Heal
|-damage|p2a: 无限|94/100 tox|[from] psn
|upkeep
|turn|27
|
|t:|1743848329
|move|p1a: Gliscor|Substitute|p1a: Gliscor
|-start|p1a: Gliscor|Substitute
|-damage|p1a: Gliscor|76/100 tox
|move|p2a: 无限|Wish|p2a: 无限
|
|-heal|p2a: 无限|100/100 tox|[from] item: Leftovers
|-heal|p1a: Gliscor|88/100 tox|[from] ability: Poison Heal
|-damage|p2a: 无限|88/100 tox|[from] psn
|upkeep
|turn|28
|
|t:|1743848341
|move|p1a: Gliscor|Earthquake|p2a: 无限
|-damage|p2a: 无限|65/100 tox
|move|p2a: 无限|Flip Turn|p1a: Gliscor
|-supereffective|p1a: Gliscor
|-activate|p1a: Gliscor|move: Substitute|[damage]
|
|t:|1743848346
|switch|p2a: Glimmora|Glimmora, M, shiny|100/100|[from] Flip Turn
|-item|p2a: Glimmora|Air Balloon
|
|-heal|p1a: Gliscor|100/100 tox|[from] ability: Poison Heal
|upkeep
|turn|29
|
|t:|1743848357
|switch|p1a: Toxapex|Toxapex, M|100/100
|move|p2a: Glimmora|Spiky Shield||[still]
|-fail|p2a: Glimmora
|
|upkeep
|turn|30
|
|t:|1743848363
|switch|p2a: 无限|Alomomola, M, shiny|98/100 tox
|move|p1a: Toxapex|Surf|p2a: 无限
|-resisted|p2a: 无限
|-damage|p2a: 无限|91/100 tox
|
|-heal|p2a: 无限|98/100 tox|[from] item: Leftovers
|-damage|p2a: 无限|91/100 tox|[from] psn
|upkeep
|turn|31
|
|t:|1743848375
|move|p2a: 无限|Wish|p2a: 无限
|move|p1a: Toxapex|Toxic|p2a: 无限
|-fail|p2a: 无限|tox
|
|-heal|p2a: 无限|98/100 tox|[from] item: Leftovers
|-damage|p2a: 无限|85/100 tox|[from] psn
|upkeep
|turn|32
|
|t:|1743848382
|move|p2a: 无限|Flip Turn|p1a: Toxapex
|-resisted|p1a: Toxapex
|-damage|p1a: Toxapex|96/100
|-damage|p2a: 无限|68/100 tox|[from] item: Rocky Helmet|[of] p1a: Toxapex
|
|t:|1743848387
|switch|p2a: Ursaluna|Ursaluna, F, shiny|30/100 brn|[from] Flip Turn
|move|p1a: Toxapex|Toxic||[still]
|-fail|p1a: Toxapex
|
|-heal|p2a: Ursaluna|97/100 brn|[from] move: Wish|[wisher] 无限
|-damage|p2a: Ursaluna|91/100 brn|[from] brn
|upkeep
|turn|33
|
|t:|1743848397
|move|p2a: Ursaluna|Headlong Rush|p1a: Toxapex
|-supereffective|p1a: Toxapex
|-damage|p1a: Toxapex|0 fnt
|-unboost|p2a: Ursaluna|def|1
|-unboost|p2a: Ursaluna|spd|1
|-damage|p2a: Ursaluna|74/100 brn|[from] item: Rocky Helmet|[of] p1a: Toxapex
|faint|p1a: Toxapex
|
|-damage|p2a: Ursaluna|68/100 brn|[from] brn
|upkeep
|
|t:|1743848407
|switch|p1a: Gliscor|Gliscor, M|100/100 tox
|turn|34
|
|t:|1743848421
|move|p1a: Gliscor|Earthquake|p2a: Ursaluna
|-damage|p2a: Ursaluna|39/100 brn
|move|p2a: Ursaluna|Facade|p1a: Gliscor
|-damage|p1a: Gliscor|0 fnt
|faint|p1a: Gliscor
|
|-damage|p2a: Ursaluna|32/100 brn|[from] brn
|upkeep
|-message|Dimitry5000 forfeited.
|
|win|01zx
|raw|Dimitry5000's rating: 1216 &rarr; <strong>1195</strong><br />(-21 for losing)
|raw|01zx's rating: 1271 &rarr; <strong>1292</strong><br />(+21 for winning)
|l|☆Dimitry5000
|player|p1|
