|j|☆Violet1994
|j|☆kldkmd
|t:|1743916595
|gametype|singles
|player|p1|Violet1994|cheryl|1184
|player|p2|kldkmd|dawn-gen4pt|1182
|teamsize|p1|6
|teamsize|p2|6
|gen|9
|tier|[Gen 9] OU
|rated|
|rule|HP Percentage Mod: HP is shown in percentages
|rule|Endless Battle Clause: Forcing endless battles is banned
|rule|Species Clause: Limit one of each Pokémon
|rule|OHKO Clause: OHKO moves are banned
|rule|Evasion Items Clause: Evasion items are banned
|rule|Evasion Moves Clause: Evasion moves are banned
|rule|Sleep Moves Clause: Sleep-inducing moves are banned
|clearpoke
|poke|p1|Meganium, F|
|poke|p1|Clefable, M|
|poke|p1|Gardevoir, F|
|poke|p1|Milotic, F|
|poke|p1|Chandelure, M|
|poke|p1|Dragonite, M|
|poke|p2|Pelipper, F|
|poke|p2|Barraskewda, M|
|poke|p2|Greninja-*, M|
|poke|p2|Goodra-Hisui, F|
|poke|p2|Gastrodon-East, M|
|poke|p2|Weezing-Galar, M|
|teampreview
|inactive|Battle timer is ON: inactive players will automatically lose when time's up. (requested by Violet1994)
|inactive|Violet1994 has 120 seconds left.
|inactive|kldkmd has 120 seconds left.
|inactive|Violet1994 has 90 seconds left.
|
|t:|1743916664
|start
|switch|p1a: Clefable|Clefable, M, shiny|100/100
|switch|p2a: 13.|Pelipper, F|100/100
|-weather|RainDance|[from] ability: Drizzle|[of] p2a: 13.
|turn|1
|
|t:|1743916673
|switch|p2a: 4+|Gastrodon-East, M|100/100
|move|p1a: Clefable|Thunder Wave|p2a: 4+
|-immune|p2a: 4+
|
|-weather|RainDance|[upkeep]
|upkeep
|turn|2
|
|t:|1743916684
|move|p1a: Clefable|Meteor Beam||[still]
|-prepare|p1a: Clefable|Meteor Beam
|-boost|p1a: Clefable|spa|1
|-enditem|p1a: Clefable|Power Herb
|-anim|p1a: Clefable|Meteor Beam|p2a: 4+
|-resisted|p2a: 4+
|-damage|p2a: 4+|80/100
|move|p2a: 4+|Surf|p1a: Clefable
|-damage|p1a: Clefable|56/100
|
|-weather|RainDance|[upkeep]
|-heal|p2a: 4+|87/100|[from] item: Leftovers
|upkeep
|turn|3
|
|t:|1743916693
|move|p1a: Clefable|Moonblast|p2a: 4+
|-damage|p2a: 4+|40/100
|move|p2a: 4+|Surf|p1a: Clefable
|-damage|p1a: Clefable|11/100
|
|-weather|RainDance|[upkeep]
|-heal|p2a: 4+|46/100|[from] item: Leftovers
|upkeep
|turn|4
|
|t:|1743916698
|move|p2a: 4+|Protect|p2a: 4+
|-singleturn|p2a: 4+|Protect
|move|p1a: Clefable|Moonblast|p2a: 4+
|-activate|p2a: 4+|move: Protect
|
|-weather|RainDance|[upkeep]
|-heal|p2a: 4+|52/100|[from] item: Leftovers
|upkeep
|turn|5
|
|t:|1743916705
|move|p1a: Clefable|Moonblast|p2a: 4+
|-damage|p2a: 4+|6/100
|move|p2a: 4+|Recover|p2a: 4+
|-heal|p2a: 4+|56/100
|
|-weather|RainDance|[upkeep]
|-heal|p2a: 4+|62/100|[from] item: Leftovers
|upkeep
|turn|6
|
|t:|1743916708
|move|p2a: 4+|Protect|p2a: 4+
|-singleturn|p2a: 4+|Protect
|move|p1a: Clefable|Moonlight|p1a: Clefable
|-heal|p1a: Clefable|36/100
|
|-weather|RainDance|[upkeep]
|-heal|p2a: 4+|68/100|[from] item: Leftovers
|upkeep
|turn|7
|
|t:|1743916718
|switch|p1a: Meganium|Meganium, F, shiny|100/100
|move|p2a: 4+|Recover|p2a: 4+
|-heal|p2a: 4+|100/100
|
|-weather|RainDance|[upkeep]
|upkeep
|turn|8
|
|t:|1743916722
|switch|p2a: 4|Goodra-Hisui, F|100/100
|move|p1a: Meganium|Leech Seed|p2a: 4
|-ability|p2a: 4|Sap Sipper|boost
|-boost|p2a: 4|atk|1
|
|-weather|none
|upkeep
|turn|9
|
|t:|1743916728
|switch|p1a: Dragonite|Dragonite, M, shiny|100/100
|switch|p2a: 13.|Pelipper, F|100/100
|-weather|RainDance|[from] ability: Drizzle|[of] p2a: 13.
|
|-weather|RainDance|[upkeep]
|upkeep
|turn|10
|
|t:|1743916734
|switch|p2a: 3|Weezing-Galar, M|100/100
|-terastallize|p1a: Dragonite|Flying
|move|p1a: Dragonite|Tera Blast|p2a: 3|[anim] Tera Blast Flying
|-damage|p2a: 3|41/100
|
|-weather|RainDance|[upkeep]
|-heal|p2a: 3|47/100|[from] item: Leftovers
|upkeep
|turn|11
|
|t:|1743916753
|move|p1a: Dragonite|Tera Blast|p2a: 3|[anim] Tera Blast Flying
|-damage|p2a: 3|0 fnt
|faint|p2a: 3
|
|-weather|RainDance|[upkeep]
|upkeep
|
|t:|1743916756
|switch|p2a: 27.-|Barraskewda, M|100/100
|turn|12
|
|t:|1743916771
|-terastallize|p2a: 27.-|Water
|move|p2a: 27.-|Flip Turn|p1a: Dragonite
|-damage|p1a: Dragonite|26/100
|-damage|p2a: 27.-|91/100|[from] item: Life Orb
|
|t:|1743916783
|switch|p2a: 75|Greninja, M|100/100|[from] Flip Turn
|move|p1a: Dragonite|Tera Blast|p2a: 75|[anim] Tera Blast Flying
|-enditem|p2a: 75|Focus Sash
|-damage|p2a: 75|1/100
|
|-weather|RainDance|[upkeep]
|upkeep
|turn|13
|inactive|kldkmd has 120 seconds left.
|
|t:|1743916817
|switch|p1a: Meganium|Meganium, F, shiny|100/100
|move|p2a: 75|Dark Pulse|p1a: Meganium
|-damage|p1a: Meganium|69/100
|
|-weather|RainDance|[upkeep]
|upkeep
|turn|14
|inactive|kldkmd has 120 seconds left.
|
|t:|1743916830
|switch|p2a: 4|Goodra-Hisui, F|100/100
|move|p1a: Meganium|Tera Blast|p2a: 4
|-resisted|p2a: 4
|-damage|p2a: 4|97/100
|
|-weather|RainDance|[upkeep]
|upkeep
|turn|15
|inactive|kldkmd has 120 seconds left.
|
|t:|1743916847
|switch|p1a: Clefable|Clefable, M, shiny|36/100
|move|p2a: 4|Thunder|p1a: Clefable
|-damage|p1a: Clefable|2/100
|-status|p1a: Clefable|par
|
|-weather|RainDance|[upkeep]
|upkeep
|turn|16
|
|t:|1743916853
|move|p2a: 4|Flash Cannon|p1a: Clefable
|-supereffective|p1a: Clefable
|-damage|p1a: Clefable|0 fnt
|faint|p1a: Clefable
|
|-weather|none
|upkeep
|
|t:|1743916859
|switch|p1a: Chandelure|Chandelure, M, shiny|100/100
|turn|17
|
|t:|1743916868
|switch|p2a: 13.|Pelipper, F|100/100
|-weather|RainDance|[from] ability: Drizzle|[of] p2a: 13.
|move|p1a: Chandelure|Trick Room|p1a: Chandelure
|-fieldstart|move: Trick Room|[of] p1a: Chandelure
|
|-weather|RainDance|[upkeep]
|upkeep
|turn|18
|inactive|kldkmd has 120 seconds left.
|
|t:|1743916897
|move|p2a: 13.|U-turn|p1a: Chandelure
|-resisted|p1a: Chandelure
|-damage|p1a: Chandelure|98/100
|
|t:|1743916904
|switch|p2a: 4+|Gastrodon-East, M|100/100|[from] U-turn
|move|p1a: Chandelure|Shadow Ball|p2a: 4+
|-damage|p2a: 4+|67/100
|
|-weather|RainDance|[upkeep]
|-heal|p2a: 4+|73/100|[from] item: Leftovers
|upkeep
|turn|19
|
|t:|1743916916
|move|p2a: 4+|Protect|p2a: 4+
|-singleturn|p2a: 4+|Protect
|move|p1a: Chandelure|Energy Ball|p2a: 4+
|-activate|p2a: 4+|move: Protect
|
|-weather|RainDance|[upkeep]
|-heal|p2a: 4+|79/100|[from] item: Leftovers
|upkeep
|turn|20
|
|t:|1743916920
|switch|p2a: 4|Goodra-Hisui, F|97/100
|move|p1a: Chandelure|Energy Ball|p2a: 4
|-ability|p2a: 4|Sap Sipper|boost
|-boost|p2a: 4|atk|1
|
|-weather|RainDance|[upkeep]
|upkeep
|turn|21
|
|t:|1743916926
|move|p2a: 4|Surf|p1a: Chandelure
|-supereffective|p1a: Chandelure
|-damage|p1a: Chandelure|0 fnt
|faint|p1a: Chandelure
|
|-weather|RainDance|[upkeep]
|-fieldend|move: Trick Room
|upkeep
|
|t:|1743916932
|switch|p1a: Dragonite|Dragonite, M, shiny, tera:Flying|26/100
|turn|22
|
|t:|1743916941
|switch|p2a: 75|Greninja, M|1/100
|move|p1a: Dragonite|Tera Blast|p2a: 75|[anim] Tera Blast Flying
|-damage|p2a: 75|0 fnt
|faint|p2a: 75
|
|-weather|RainDance|[upkeep]
|upkeep
|
|t:|1743916946
|switch|p2a: 27.-|Barraskewda, M, tera:Water|91/100
|turn|23
|
|t:|1743916957
|move|p2a: 27.-|Flip Turn|p1a: Dragonite
|-damage|p1a: Dragonite|0 fnt
|faint|p1a: Dragonite
|-damage|p2a: 27.-|81/100|[from] item: Life Orb
|
|t:|1743916966
|switch|p2a: 4|Goodra-Hisui, F|97/100|[from] Flip Turn
|
|-weather|RainDance|[upkeep]
|upkeep
|
|t:|1743916975
|switch|p1a: Gardevoir|Gardevoir, F, shiny|100/100
|-ability|p1a: Gardevoir|Sap Sipper|[from] ability: Trace|[of] p2a: 4
|turn|24
|
|t:|1743916981
|move|p1a: Gardevoir|Moonblast|p2a: 4
|-damage|p2a: 4|75/100
|move|p2a: 4|Flash Cannon|p1a: Gardevoir
|-supereffective|p1a: Gardevoir
|-damage|p1a: Gardevoir|33/100
|
|-weather|none
|upkeep
|turn|25
|
|t:|1743916988
|move|p1a: Gardevoir|Moonblast|p2a: 4
|-damage|p2a: 4|51/100
|-unboost|p2a: 4|spa|1
|move|p2a: 4|Flash Cannon|p1a: Gardevoir
|-supereffective|p1a: Gardevoir
|-damage|p1a: Gardevoir|0 fnt
|faint|p1a: Gardevoir
|
|upkeep
|
|t:|1743916996
|switch|p1a: Milotic|Milotic, F, shiny|100/100
|turn|26
|
|t:|1743917003
|switch|p2a: 13.|Pelipper, F|100/100
|-weather|RainDance|[from] ability: Drizzle|[of] p2a: 13.
|move|p1a: Milotic|Ice Beam|p2a: 13.
|-damage|p2a: 13.|69/100
|
|-weather|RainDance|[upkeep]
|upkeep
|turn|27
|
|t:|1743917011
|move|p1a: Milotic|Scald|p2a: 13.
|-resisted|p2a: 13.
|-damage|p2a: 13.|38/100
|move|p2a: 13.|U-turn|p1a: Milotic
|-damage|p1a: Milotic|93/100
|
|t:|1743917021
|switch|p2a: 4+|Gastrodon-East, M|79/100|[from] U-turn
|
|-weather|RainDance|[upkeep]
|-heal|p1a: Milotic|99/100|[from] item: Leftovers
|-heal|p2a: 4+|85/100|[from] item: Leftovers
|upkeep
|turn|28
|
|t:|1743917027
|move|p2a: 4+|Protect|p2a: 4+
|-singleturn|p2a: 4+|Protect
|move|p1a: Milotic|Ice Beam|p2a: 4+
|-activate|p2a: 4+|move: Protect
|
|-weather|RainDance|[upkeep]
|-heal|p1a: Milotic|100/100|[from] item: Leftovers
|-heal|p2a: 4+|92/100|[from] item: Leftovers
|upkeep
|turn|29
|
|t:|1743917032
|move|p1a: Milotic|Ice Beam|p2a: 4+
|-damage|p2a: 4+|77/100
|move|p2a: 4+|Earth Power|p1a: Milotic
|-crit|p1a: Milotic
|-damage|p1a: Milotic|67/100
|
|-weather|RainDance|[upkeep]
|-heal|p1a: Milotic|73/100|[from] item: Leftovers
|-heal|p2a: 4+|84/100|[from] item: Leftovers
|upkeep
|turn|30
|
|t:|1743917039
|move|p1a: Milotic|Ice Beam|p2a: 4+
|-damage|p2a: 4+|68/100
|move|p2a: 4+|Earth Power|p1a: Milotic
|-damage|p1a: Milotic|50/100
|-unboost|p1a: Milotic|spd|1
|-ability|p1a: Milotic|Competitive|boost
|-boost|p1a: Milotic|spa|2
|
|-weather|RainDance|[upkeep]
|-heal|p1a: Milotic|56/100|[from] item: Leftovers
|-heal|p2a: 4+|75/100|[from] item: Leftovers
|upkeep
|turn|31
|
|t:|1743917051
|move|p2a: 4+|Protect|p2a: 4+
|-singleturn|p2a: 4+|Protect
|move|p1a: Milotic|Recover|p1a: Milotic
|-heal|p1a: Milotic|100/100
|
|-weather|RainDance|[upkeep]
|-heal|p2a: 4+|81/100|[from] item: Leftovers
|upkeep
|turn|32
|
|t:|1743917063
|move|p2a: 4+|Protect|p2a: 4+
|-singleturn|p2a: 4+|Protect
|move|p1a: Milotic|Ice Beam|p2a: 4+
|-activate|p2a: 4+|move: Protect
|
|-weather|RainDance|[upkeep]
|-heal|p2a: 4+|87/100|[from] item: Leftovers
|upkeep
|turn|33
|
|t:|1743917072
|move|p1a: Milotic|Ice Beam|p2a: 4+
|-damage|p2a: 4+|58/100
|move|p2a: 4+|Recover|p2a: 4+
|-heal|p2a: 4+|100/100
|
|-weather|none
|upkeep
|turn|34
|
|t:|1743917080
|switch|p2a: 13.|Pelipper, F|38/100
|-weather|RainDance|[from] ability: Drizzle|[of] p2a: 13.
|move|p1a: Milotic|Ice Beam|p2a: 13.
|-damage|p2a: 13.|0 fnt
|faint|p2a: 13.
|
|-weather|RainDance|[upkeep]
|upkeep
|
|t:|1743917087
|switch|p2a: 4|Goodra-Hisui, F|51/100
|turn|35
|
|t:|1743917090
|move|p1a: Milotic|Ice Beam|p2a: 4
|-damage|p2a: 4|34/100
|move|p2a: 4|Thunder|p1a: Milotic
|-supereffective|p1a: Milotic
|-damage|p1a: Milotic|23/100
|
|-weather|RainDance|[upkeep]
|-heal|p1a: Milotic|29/100|[from] item: Leftovers
|upkeep
|turn|36
|
|t:|1743917098
|move|p1a: Milotic|Ice Beam|p2a: 4
|-damage|p2a: 4|15/100
|move|p2a: 4|Thunder|p1a: Milotic
|-supereffective|p1a: Milotic
|-damage|p1a: Milotic|0 fnt
|faint|p1a: Milotic
|
|-weather|RainDance|[upkeep]
|upkeep
|
|t:|1743917103
|switch|p1a: Meganium|Meganium, F, shiny|69/100
|turn|37
|
|t:|1743917107
|move|p1a: Meganium|Tera Blast|p2a: 4
|-resisted|p2a: 4
|-damage|p2a: 4|11/100
|move|p2a: 4|Ice Beam|p1a: Meganium
|-supereffective|p1a: Meganium
|-damage|p1a: Meganium|11/100
|-enditem|p1a: Meganium|Sitrus Berry|[eat]
|-heal|p1a: Meganium|36/100|[from] item: Sitrus Berry
|
|-weather|RainDance|[upkeep]
|upkeep
|turn|38
|
|t:|1743917116
|move|p1a: Meganium|Tera Blast|p2a: 4
|-resisted|p2a: 4
|-damage|p2a: 4|7/100
|move|p2a: 4|Ice Beam|p1a: Meganium
|-supereffective|p1a: Meganium
|-damage|p1a: Meganium|0 fnt
|faint|p1a: Meganium
|
|win|kldkmd
|raw|Violet1994's rating: 1184 &rarr; <strong>1159</strong><br />(-25 for losing)
|raw|kldkmd's rating: 1182 &rarr; <strong>1207</strong><br />(+25 for winning)
|l|☆Violet1994
|player|p1|
|l|☆kldkmd
|player|p2|
