|j|☆mala☆huju
|j|☆RenegadeArtUtube
|t:|1743796534
|gametype|singles
|player|p1|mala☆huju|steven|1491
|player|p2|RenegadeArtUtube|gambler|1579
|teamsize|p1|6
|teamsize|p2|6
|gen|9
|tier|[Gen 9] OU
|rated|
|rule|HP Percentage Mod: HP is shown in percentages
|rule|Endless Battle Clause: Forcing endless battles is banned
|rule|Species Clause: Limit one of each Pokémon
|rule|OHKO Clause: OHKO moves are banned
|rule|Evasion Items Clause: Evasion items are banned
|rule|Evasion Moves Clause: Evasion moves are banned
|rule|Sleep Moves Clause: Sleep-inducing moves are banned
|clearpoke
|poke|p1|Zapdos|
|poke|p1|Ting-Lu|
|poke|p1|Dragapult, M|
|poke|p1|Ogerpon-Wellspring, F|
|poke|p1|Zamazenta-*|
|poke|p1|Kingambit, M|
|poke|p2|Blaziken, M|
|poke|p2|Ninetales-Alola, F|
|poke|p2|Polteageist-Antique|
|poke|p2|Hatterene, F|
|poke|p2|Raging Bolt|
|poke|p2|Landorus-Therian, M|
|teampreview
|inactive|Battle timer is ON: inactive players will automatically lose when time's up. (requested by RenegadeArtUtube)
|c|☆mala☆huju|hf
|c|☆RenegadeArtUtube|Good luck have fun
|inactive|mala☆huju has 120 seconds left.
|inactive|mala☆huju has 90 seconds left.
|inactive|mala☆huju has 60 seconds left.
|
|t:|1743796631
|start
|switch|p1a: Kingambit|Kingambit, M|100/100
|switch|p2a: Hatterene|Hatterene, F, shiny|100/100
|turn|1
|
|t:|1743796638
|switch|p2a: Landorus|Landorus-Therian, M|100/100
|-ability|p2a: Landorus|Intimidate|boost
|-unboost|p1a: Kingambit|atk|1
|move|p1a: Kingambit|Swords Dance|p1a: Kingambit
|-boost|p1a: Kingambit|atk|2
|
|upkeep
|turn|2
|
|t:|1743796647
|move|p2a: Landorus|Earthquake|p1a: Kingambit
|-supereffective|p1a: Kingambit
|-damage|p1a: Kingambit|12/100
|move|p1a: Kingambit|Kowtow Cleave|p2a: Landorus
|-damage|p2a: Landorus|11/100
|-damage|p1a: Kingambit|0 fnt|[from] item: Rocky Helmet|[of] p2a: Landorus
|faint|p1a: Kingambit
|-end|p1a: Kingambit|fallenundefined|[silent]
|
|upkeep
|
|t:|1743796657
|switch|p1a: Ogerpon|Ogerpon-Wellspring, F|100/100
|turn|3
|
|t:|1743796665
|move|p1a: Ogerpon|Ivy Cudgel|p2a: Landorus|[anim] Ivy Cudgel Water
|-supereffective|p2a: Landorus
|-damage|p2a: Landorus|0 fnt
|faint|p2a: Landorus
|
|upkeep
|
|t:|1743796690
|switch|p2a: Ninetales|Ninetales-Alola, F|100/100
|-weather|Snowscape|[from] ability: Snow Warning|[of] p2a: Ninetales
|turn|4
|
|t:|1743796696
|move|p1a: Ogerpon|Swords Dance|p1a: Ogerpon
|-boost|p1a: Ogerpon|atk|2
|move|p2a: Ninetales|Freeze-Dry|p1a: Ogerpon
|-supereffective|p1a: Ogerpon
|-damage|p1a: Ogerpon|1/100
|
|-weather|Snowscape|[upkeep]
|upkeep
|turn|5
|
|t:|1743796716
|move|p1a: Ogerpon|Ivy Cudgel|p2a: Ninetales|[anim] Ivy Cudgel Water
|-damage|p2a: Ninetales|3/100
|move|p2a: Ninetales|Freeze-Dry|p1a: Ogerpon
|-supereffective|p1a: Ogerpon
|-damage|p1a: Ogerpon|0 fnt
|faint|p1a: Ogerpon
|
|-weather|Snowscape|[upkeep]
|upkeep
|
|t:|1743796721
|switch|p1a: Dragapult|Dragapult, M|100/100
|turn|6
|inactive|RenegadeArtUtube has 120 seconds left.
|c|☆RenegadeArtUtube|Wow I'm surprised Ninetales survived that
|
|t:|1743796759
|switch|p2a: Polteageist|Polteageist-Antique|100/100
|move|p1a: Dragapult|U-turn|p2a: Polteageist
|-resisted|p2a: Polteageist
|-damage|p2a: Polteageist|83/100
|-ability|p2a: Polteageist|Weak Armor|boost
|-unboost|p2a: Polteageist|def|1
|-boost|p2a: Polteageist|spe|2
|-enditem|p2a: Polteageist|White Herb
|-clearnegativeboost|p2a: Polteageist|[silent]
|c|☆mala☆huju|snow for sure helped
|
|t:|1743796776
|switch|p1a: Zapdos|Zapdos|100/100|[from] U-turn
|
|-weather|Snowscape|[upkeep]
|upkeep
|turn|7
|
|t:|1743796797
|move|p2a: Polteageist|Shell Smash|p2a: Polteageist
|-unboost|p2a: Polteageist|def|1
|-unboost|p2a: Polteageist|spd|1
|-boost|p2a: Polteageist|atk|2
|-boost|p2a: Polteageist|spa|2
|-boost|p2a: Polteageist|spe|2
|move|p1a: Zapdos|Thunder Wave|p2a: Polteageist
|-status|p2a: Polteageist|par
|
|-weather|Snowscape|[upkeep]
|upkeep
|turn|8
|
|t:|1743796809
|cant|p2a: Polteageist|par
|move|p1a: Zapdos|Volt Switch|p2a: Polteageist
|-damage|p2a: Polteageist|35/100 par
|
|t:|1743796825
|switch|p1a: Dragapult|Dragapult, M|100/100|[from] Volt Switch
|
|-weather|none
|upkeep
|turn|9
|
|t:|1743796837
|move|p1a: Dragapult|Hex|p2a: Polteageist
|-supereffective|p2a: Polteageist
|-damage|p2a: Polteageist|0 fnt
|faint|p2a: Polteageist
|
|upkeep
|
|t:|1743796847
|switch|p2a: Hatterene|Hatterene, F, shiny|100/100
|turn|10
|
|t:|1743796860
|move|p1a: Dragapult|U-turn|p2a: Hatterene
|-damage|p2a: Hatterene|84/100
|
|t:|1743796863
|switch|p1a: Zapdos|Zapdos|100/100|[from] U-turn
|move|p2a: Hatterene|Nuzzle|p1a: Zapdos
|-damage|p1a: Zapdos|98/100
|-status|p2a: Hatterene|par|[from] ability: Static|[of] p1a: Zapdos
|
|upkeep
|turn|11
|inactive|RenegadeArtUtube has 120 seconds left.
|c|☆mala☆huju|hehe
|
|t:|1743796877
|move|p1a: Zapdos|Hurricane|p2a: Hatterene
|-damage|p2a: Hatterene|39/100 par
|move|p2a: Hatterene|Future Sight|p1a: Zapdos
|-start|p2a: Hatterene|move: Future Sight
|
|upkeep
|turn|12
|inactive|RenegadeArtUtube has 120 seconds left.
|
|t:|1743796891
|switch|p2a: Raging Bolt|Raging Bolt|100/100
|-enditem|p2a: Raging Bolt|Booster Energy
|-activate|p2a: Raging Bolt|ability: Protosynthesis|[fromitem]
|-start|p2a: Raging Bolt|protosynthesisspa
|move|p1a: Zapdos|Hurricane|p2a: Raging Bolt
|-resisted|p2a: Raging Bolt
|-damage|p2a: Raging Bolt|81/100
|-start|p2a: Raging Bolt|confusion
|
|upkeep
|turn|13
|inactive|RenegadeArtUtube has 120 seconds left.
|c|☆RenegadeArtUtube|Oh my God dude
|
|t:|1743796913
|move|p1a: Zapdos|Volt Switch|p2a: Raging Bolt
|-resisted|p2a: Raging Bolt
|-damage|p2a: Raging Bolt|75/100
|
|t:|1743796917
|switch|p1a: Ting-Lu|Ting-Lu|100/100|[from] Volt Switch
|-ability|p1a: Ting-Lu|Vessel of Ruin
|-activate|p2a: Raging Bolt|confusion
|move|p2a: Raging Bolt|Dragon Breath|p1a: Ting-Lu
|-damage|p1a: Ting-Lu|82/100
|
|-end|p1a: Ting-Lu|move: Future Sight
|-immune|p1a: Ting-Lu
|-heal|p1a: Ting-Lu|88/100|[from] item: Leftovers
|upkeep
|turn|14
|inactive|RenegadeArtUtube has 120 seconds left.
|c|☆mala☆huju|DRAGON BREATH
|c|☆mala☆huju|LMFAO
|
|t:|1743796930
|-end|p2a: Raging Bolt|Protosynthesis|[silent]
|switch|p2a: Hatterene|Hatterene, F, shiny|39/100 par
|move|p1a: Ting-Lu|Earthquake|p2a: Hatterene
|-damage|p2a: Hatterene|11/100 par
|
|-heal|p1a: Ting-Lu|94/100|[from] item: Leftovers
|upkeep
|turn|15
|inactive|RenegadeArtUtube has 120 seconds left.
|c|☆mala☆huju|why would you..
|
|t:|1743796941
|move|p1a: Ting-Lu|Earthquake|p2a: Hatterene
|-damage|p2a: Hatterene|0 fnt
|faint|p2a: Hatterene
|
|-heal|p1a: Ting-Lu|100/100|[from] item: Leftovers
|upkeep
|
|t:|1743796948
|switch|p2a: Ninetales|Ninetales-Alola, F|3/100
|-weather|Snowscape|[from] ability: Snow Warning|[of] p2a: Ninetales
|turn|16
|
|t:|1743796967
|move|p2a: Ninetales|Aurora Veil|p2a: Ninetales
|-sidestart|p2: RenegadeArtUtube|move: Aurora Veil
|move|p1a: Ting-Lu|Stealth Rock|p2a: Ninetales
|-sidestart|p2: RenegadeArtUtube|move: Stealth Rock
|
|-weather|Snowscape|[upkeep]
|upkeep
|turn|17
|inactive|RenegadeArtUtube has 120 seconds left.
|inactive|RenegadeArtUtube has 90 seconds left.
|c|☆RenegadeArtUtube|Surprise para on ground types and it does good chip damage especially with sp atk boost
|
|t:|1743797021
|move|p2a: Ninetales|Encore|p1a: Ting-Lu
|-start|p1a: Ting-Lu|Encore
|move|p1a: Ting-Lu|Stealth Rock||[still]
|-fail|p1a: Ting-Lu
|
|-weather|Snowscape|[upkeep]
|upkeep
|turn|18
|inactive|RenegadeArtUtube has 90 seconds left.
|c|☆mala☆huju|!dt dragon breath
|raw|<ul class="utilichart"><li class="result"><span class="col movenamecol"><a href="https://dex.pokemonshowdown.com/moves/dragonbreath">Dragon Breath</a></span> <span class="col typecol"><img src="//play.pokemonshowdown.com/sprites/types/Dragon.png" alt="Dragon" width="32" height="14"><img src="//play.pokemonshowdown.com/sprites/categories/Special.png" alt="Special" width="32" height="14"></span> <span class="col labelcol"><em>Power</em><br>60</span> <span class="col widelabelcol"><em>Accuracy</em><br>100%</span> <span class="col pplabelcol"><em>PP</em><br>32</span> <span class="col movedesccol">30% chance to paralyze the target.</span> </li><li style="clear:both"></li></ul>
|raw|<font size="1"><font color="#686868">Priority:</font> 0&nbsp;|&ThickSpace;<font color="#686868">Gen:</font> 2&nbsp;|&ThickSpace;&#10003; Boosted by Sheer Force&nbsp;|&ThickSpace;<font color="#686868">Z-Power:</font> 120&nbsp;|&ThickSpace;<font color="#686868">Target:</font> One Adjacent Pokémon</font>

|c|☆mala☆huju|30 % chance on 60 power not worth lol
|inactive|mala☆huju has 120 seconds left.
|
|t:|1743797051
|switch|p2a: Blaziken|Blaziken, M, shiny|100/100
|-damage|p2a: Blaziken|88/100|[from] Stealth Rock
|switch|p1a: Zapdos|Zapdos|98/100
|
|-weather|Snowscape|[upkeep]
|upkeep
|turn|19
|inactive|RenegadeArtUtube has 90 seconds left.
|c|☆RenegadeArtUtube|It's worth it to me I wanted to play something different not be a follower Lol
|
|t:|1743797084
|-terastallize|p2a: Blaziken|Ghost
|move|p2a: Blaziken|Swords Dance|p2a: Blaziken
|-boost|p2a: Blaziken|atk|2
|move|p1a: Zapdos|Thunder Wave|p2a: Blaziken
|-status|p2a: Blaziken|par
|
|-weather|Snowscape|[upkeep]
|-ability|p2a: Blaziken|Speed Boost|boost
|-boost|p2a: Blaziken|spe|1
|upkeep
|turn|20
|inactive|mala☆huju has 120 seconds left.
|
|t:|1743797116
|move|p1a: Zapdos|Hurricane|p2a: Blaziken
|-damage|p2a: Blaziken|56/100 par
|move|p2a: Blaziken|Swords Dance|p2a: Blaziken
|-boost|p2a: Blaziken|atk|2
|
|-weather|none
|-ability|p2a: Blaziken|Speed Boost|boost
|-boost|p2a: Blaziken|spe|1
|upkeep
|turn|21
|
|t:|1743797129
|move|p2a: Blaziken|Knock Off|p1a: Zapdos
|-damage|p1a: Zapdos|27/100
|-enditem|p1a: Zapdos|Heavy-Duty Boots|[from] move: Knock Off|[of] p2a: Blaziken
|move|p1a: Zapdos|Hurricane|p2a: Blaziken|[miss]
|-miss|p1a: Zapdos|p2a: Blaziken
|
|-ability|p2a: Blaziken|Speed Boost|boost
|-boost|p2a: Blaziken|spe|1
|upkeep
|turn|22
|
|t:|1743797148
|cant|p2a: Blaziken|par
|move|p1a: Zapdos|Hurricane|p2a: Blaziken|[miss]
|-miss|p1a: Zapdos|p2a: Blaziken
|
|-ability|p2a: Blaziken|Speed Boost|boost
|-boost|p2a: Blaziken|spe|1
|upkeep
|turn|23
|inactive|mala☆huju has 120 seconds left.
|
|t:|1743797173
|move|p2a: Blaziken|Knock Off|p1a: Zapdos
|-crit|p1a: Zapdos
|-damage|p1a: Zapdos|0 fnt
|faint|p1a: Zapdos
|
|-sideend|p2: RenegadeArtUtube|move: Aurora Veil
|-ability|p2a: Blaziken|Speed Boost|boost
|-boost|p2a: Blaziken|spe|1
|upkeep
|inactive|mala☆huju has 90 seconds left.
|
|t:|1743797197
|switch|p1a: Zamazenta|Zamazenta|100/100
|-ability|p1a: Zamazenta|Dauntless Shield|boost
|-boost|p1a: Zamazenta|def|1
|turn|24
|inactive|mala☆huju has 90 seconds left.
|
|t:|1743797215
|move|p2a: Blaziken|Blaze Kick|p1a: Zamazenta
|-crit|p1a: Zamazenta
|-damage|p1a: Zamazenta|0 fnt
|faint|p1a: Zamazenta
|
|-ability|p2a: Blaziken|Speed Boost|boost
|-boost|p2a: Blaziken|spe|1
|upkeep
|
|t:|1743797232
|switch|p1a: Dragapult|Dragapult, M|100/100
|turn|25
|
|t:|1743797237
|-terastallize|p1a: Dragapult|Fairy
|move|p2a: Blaziken|Knock Off|p1a: Dragapult
|-resisted|p1a: Dragapult
|-damage|p1a: Dragapult|34/100
|-enditem|p1a: Dragapult|Heavy-Duty Boots|[from] move: Knock Off|[of] p2a: Blaziken
|move|p1a: Dragapult|Hex|p2a: Blaziken
|-supereffective|p2a: Blaziken
|-damage|p2a: Blaziken|0 fnt
|faint|p2a: Blaziken
|
|upkeep
|c|☆mala☆huju|gg
|
|t:|1743797248
|switch|p2a: Raging Bolt|Raging Bolt|75/100
|-damage|p2a: Raging Bolt|63/100|[from] Stealth Rock
|turn|26
|
|t:|1743797258
|move|p2a: Raging Bolt|Thunderclap|p1a: Dragapult
|-damage|p1a: Dragapult|0 fnt
|faint|p1a: Dragapult
|
|upkeep
|
|t:|1743797261
|switch|p1a: Ting-Lu|Ting-Lu|100/100
|-ability|p1a: Ting-Lu|Vessel of Ruin
|turn|27
|
|t:|1743797266
|move|p2a: Raging Bolt|Dragon Breath|p1a: Ting-Lu
|-damage|p1a: Ting-Lu|86/100
|move|p1a: Ting-Lu|Earthquake|p2a: Raging Bolt
|-supereffective|p2a: Raging Bolt
|-damage|p2a: Raging Bolt|0 fnt
|faint|p2a: Raging Bolt
|-end|p2a: Raging Bolt|Protosynthesis|[silent]
|
|-heal|p1a: Ting-Lu|93/100|[from] item: Leftovers
|upkeep
|
|t:|1743797275
|switch|p2a: Ninetales|Ninetales-Alola, F|3/100
|-damage|p2a: Ninetales|0 fnt|[from] Stealth Rock
|faint|p2a: Ninetales
|
|win|mala☆huju
|raw|mala☆huju's rating: 1491 &rarr; <strong>1516</strong><br />(+25 for winning)
|raw|RenegadeArtUtube's rating: 1579 &rarr; <strong>1554</strong><br />(-25 for losing)
|c|☆RenegadeArtUtube|GG
