|j|☆ectozzzz
|j|☆font47
|t:|1743890131
|gametype|singles
|player|p1|ectozzzz|n|1277
|player|p2|font47|102|1256
|teamsize|p1|6
|teamsize|p2|6
|gen|9
|tier|[Gen 9] OU
|rated|
|rule|HP Percentage Mod: HP is shown in percentages
|rule|Endless Battle Clause: Forcing endless battles is banned
|rule|Species Clause: Limit one of each Pokémon
|rule|OHKO Clause: OHKO moves are banned
|rule|Evasion Items Clause: Evasion items are banned
|rule|Evasion Moves Clause: Evasion moves are banned
|rule|Sleep Moves Clause: Sleep-inducing moves are banned
|clearpoke
|poke|p1|Walking Wake|
|poke|p1|Torkoal, F|
|poke|p1|Venusaur, F|
|poke|p1|Hatterene, F|
|poke|p1|Dragonite, F|
|poke|p1|Kingambit, F|
|poke|p2|Zapdos|
|poke|p2|Toxapex, F|
|poke|p2|Darkrai|
|poke|p2|Iron Boulder|
|poke|p2|Mimikyu, F|
|poke|p2|Landorus-Therian, M|
|teampreview
|inactive|Battle timer is ON: inactive players will automatically lose when time's up. (requested by ectozzzz)
|inactive|font47 has 120 seconds left.
|c|☆ectozzzz|do you like the glory hole ??
|c|☆ectozzzz|I turn a video in ph
|inactive|font47 has 90 seconds left.
|c|☆ectozzzz|go check
|
|t:|1743890209
|start
|switch|p1a: JESE-PAMEC|Torkoal, F|100/100
|switch|p2a: Darkrai|Darkrai|100/100
|-weather|SunnyDay|[from] ability: Drought|[of] p1a: JESE-PAMEC
|turn|1
|n|‽ectozzzz|ectozzzz
|
|t:|1743890235
|move|p2a: Darkrai|Dark Pulse|p1a: JESE-PAMEC
|-damage|p1a: JESE-PAMEC|14/100
|cant|p1a: JESE-PAMEC|flinch
|
|-weather|SunnyDay|[upkeep]
|upkeep
|turn|2
|
|t:|1743890245
|move|p2a: Darkrai|Dark Pulse|p1a: JESE-PAMEC
|-damage|p1a: JESE-PAMEC|0 fnt
|faint|p1a: JESE-PAMEC
|
|-weather|SunnyDay|[upkeep]
|upkeep
|
|t:|1743890247
|switch|p1a: pffffffffffff|Walking Wake|100/100
|-activate|p1a: pffffffffffff|ability: Protosynthesis
|-start|p1a: pffffffffffff|protosynthesisspe
|turn|3
|
|t:|1743890267
|switch|p2a: Toxapex|Toxapex, F|100/100
|move|p1a: pffffffffffff|Hydro Steam|p2a: Toxapex
|-resisted|p2a: Toxapex
|-damage|p2a: Toxapex|66/100
|
|-weather|SunnyDay|[upkeep]
|-heal|p2a: Toxapex|72/100|[from] item: Leftovers
|upkeep
|turn|4
|
|t:|1743890290
|-terastallize|p1a: pffffffffffff|Water
|move|p1a: pffffffffffff|Hydro Steam|p2a: Toxapex
|-resisted|p2a: Toxapex
|-damage|p2a: Toxapex|25/100
|move|p2a: Toxapex|Infestation|p1a: pffffffffffff
|-damage|p1a: pffffffffffff|97/100
|-activate|p1a: pffffffffffff|move: Infestation|[of] p2a: Toxapex
|
|-weather|SunnyDay|[upkeep]
|-heal|p2a: Toxapex|31/100|[from] item: Leftovers
|-damage|p1a: pffffffffffff|85/100|[from] move: Infestation|[partiallytrapped]
|upkeep
|turn|5
|
|t:|1743890302
|move|p2a: Toxapex|Baneful Bunker|p2a: Toxapex
|-singleturn|p2a: Toxapex|move: Protect
|move|p1a: pffffffffffff|Hydro Steam|p2a: Toxapex
|-activate|p2a: Toxapex|move: Protect
|
|-weather|SunnyDay|[upkeep]
|-heal|p2a: Toxapex|37/100|[from] item: Leftovers
|-damage|p1a: pffffffffffff|73/100|[from] move: Infestation|[partiallytrapped]
|upkeep
|turn|6
|
|t:|1743890315
|switch|p2a: Zapdos|Zapdos, shiny|100/100
|move|p1a: pffffffffffff|Hydro Steam|p2a: Zapdos
|-damage|p2a: Zapdos|0 fnt
|faint|p2a: Zapdos
|
|-weather|SunnyDay|[upkeep]
|-end|p1a: pffffffffffff|Infestation|[partiallytrapped]|[silent]
|upkeep
|
|t:|1743890324
|switch|p2a: Toxapex|Toxapex, F|70/100
|turn|7
|
|t:|1743890327
|-end|p1a: pffffffffffff|Protosynthesis|[silent]
|switch|p1a: ANTONY|Venusaur, F|100/100
|move|p2a: Toxapex|Toxic|p1a: ANTONY
|-immune|p1a: ANTONY
|
|-weather|SunnyDay|[upkeep]
|-heal|p2a: Toxapex|76/100|[from] item: Leftovers
|upkeep
|turn|8
|
|t:|1743890335
|switch|p2a: Darkrai|Darkrai|100/100
|move|p1a: ANTONY|Growth|p1a: ANTONY
|-boost|p1a: ANTONY|atk|2
|-boost|p1a: ANTONY|spa|2
|
|-weather|none
|upkeep
|turn|9
|
|t:|1743890350
|move|p2a: Darkrai|Ice Beam|p1a: ANTONY
|-supereffective|p1a: ANTONY
|-damage|p1a: ANTONY|0 fnt
|faint|p1a: ANTONY
|
|upkeep
|
|t:|1743890354
|switch|p1a: pffffffffffff|Walking Wake, tera:Water|73/100
|turn|10
|
|t:|1743890366
|switch|p2a: Toxapex|Toxapex, F|100/100
|move|p1a: pffffffffffff|Dragon Pulse|p2a: Toxapex
|-damage|p2a: Toxapex|52/100
|
|-heal|p2a: Toxapex|58/100|[from] item: Leftovers
|upkeep
|turn|11
|
|t:|1743890374
|move|p1a: pffffffffffff|Dragon Pulse|p2a: Toxapex
|-damage|p2a: Toxapex|14/100
|move|p2a: Toxapex|Toxic|p1a: pffffffffffff
|-status|p1a: pffffffffffff|tox
|
|-heal|p2a: Toxapex|20/100|[from] item: Leftovers
|-damage|p1a: pffffffffffff|67/100 tox|[from] psn
|upkeep
|turn|12
|
|t:|1743890380
|move|p2a: Toxapex|Baneful Bunker|p2a: Toxapex
|-singleturn|p2a: Toxapex|move: Protect
|move|p1a: pffffffffffff|Dragon Pulse|p2a: Toxapex
|-activate|p2a: Toxapex|move: Protect
|
|-heal|p2a: Toxapex|26/100|[from] item: Leftovers
|-damage|p1a: pffffffffffff|54/100 tox|[from] psn
|upkeep
|turn|13
|
|t:|1743890393
|move|p2a: Toxapex|Baneful Bunker|p2a: Toxapex
|-singleturn|p2a: Toxapex|move: Protect
|move|p1a: pffffffffffff|Dragon Pulse|p2a: Toxapex
|-activate|p2a: Toxapex|move: Protect
|
|-heal|p2a: Toxapex|32/100|[from] item: Leftovers
|-damage|p1a: pffffffffffff|36/100 tox|[from] psn
|upkeep
|turn|14
|
|t:|1743890400
|move|p2a: Toxapex|Baneful Bunker||[still]
|-fail|p2a: Toxapex
|move|p1a: pffffffffffff|Dragon Pulse|p2a: Toxapex
|-damage|p2a: Toxapex|0 fnt
|faint|p2a: Toxapex
|
|-damage|p1a: pffffffffffff|11/100 tox|[from] psn
|upkeep
|
|t:|1743890421
|switch|p2a: Mimikyu|Mimikyu, F|100/100
|turn|15
|
|t:|1743890427
|-end|p1a: pffffffffffff|Protosynthesis|[silent]
|switch|p1a: IDEKA|Dragonite, F|100/100
|move|p2a: Mimikyu|Shadow Sneak|p1a: IDEKA
|-damage|p1a: IDEKA|87/100
|-damage|p2a: Mimikyu|91/100|[from] item: Life Orb
|
|upkeep
|turn|16
|
|t:|1743890432
|move|p2a: Mimikyu|Play Rough|p1a: IDEKA
|-supereffective|p1a: IDEKA
|-damage|p1a: IDEKA|0 fnt
|faint|p1a: IDEKA
|-damage|p2a: Mimikyu|81/100|[from] item: Life Orb
|
|upkeep
|
|t:|1743890439
|switch|p1a: MOIJOZEUH|Hatterene, F|100/100
|turn|17
|
|t:|1743890452
|move|p2a: Mimikyu|Shadow Claw|p1a: MOIJOZEUH
|-supereffective|p1a: MOIJOZEUH
|-damage|p1a: MOIJOZEUH|24/100
|-damage|p2a: Mimikyu|64/100|[from] item: Rocky Helmet|[of] p1a: MOIJOZEUH
|-damage|p2a: Mimikyu|54/100|[from] item: Life Orb
|move|p1a: MOIJOZEUH|Psychic|p2a: Mimikyu
|-activate|p2a: Mimikyu|ability: Disguise
|-damage|p2a: Mimikyu|54/100
|detailschange|p2a: Mimikyu|Mimikyu-Busted, F
|-damage|p2a: Mimikyu|42/100|[from] pokemon: Mimikyu-Busted
|
|upkeep
|turn|18
|
|t:|1743890466
|move|p2a: Mimikyu|Shadow Claw|p1a: MOIJOZEUH
|-supereffective|p1a: MOIJOZEUH
|-damage|p1a: MOIJOZEUH|0 fnt
|-damage|p2a: Mimikyu|25/100|[from] item: Rocky Helmet|[of] p1a: MOIJOZEUH
|faint|p1a: MOIJOZEUH
|-damage|p2a: Mimikyu|15/100|[from] item: Life Orb
|
|upkeep
|
|t:|1743890479
|switch|p1a: pffffffffffff|Walking Wake, tera:Water|11/100 tox
|turn|19
|
|t:|1743890487
|move|p2a: Mimikyu|Shadow Sneak|p1a: pffffffffffff
|-damage|p1a: pffffffffffff|0 fnt
|faint|p1a: pffffffffffff
|-end|p1a: pffffffffffff|Protosynthesis|[silent]
|-damage|p2a: Mimikyu|5/100|[from] item: Life Orb
|
|upkeep
|
|t:|1743890489
|switch|p1a: POING SUCANT|Kingambit, F|100/100
|-activate|p1a: POING SUCANT|ability: Supreme Overlord
|-start|p1a: POING SUCANT|fallen5|[silent]
|turn|20
|inactive|font47 has 120 seconds left.
|
|t:|1743890532
|move|p2a: Mimikyu|Play Rough|p1a: POING SUCANT
|-damage|p1a: POING SUCANT|56/100
|-damage|p2a: Mimikyu|0 fnt|[from] item: Life Orb
|faint|p2a: Mimikyu
|move|p1a: POING SUCANT|Swords Dance|p1a: POING SUCANT
|-boost|p1a: POING SUCANT|atk|2
|
|upkeep
|
|t:|1743890547
|switch|p2a: Landorus|Landorus-Therian, M|100/100
|-ability|p2a: Landorus|Intimidate|boost
|-unboost|p1a: POING SUCANT|atk|1
|turn|21
|
|t:|1743890550
|move|p2a: Landorus|Earthquake|p1a: POING SUCANT
|-supereffective|p1a: POING SUCANT
|-damage|p1a: POING SUCANT|0 fnt
|faint|p1a: POING SUCANT
|-end|p1a: POING SUCANT|fallen5|[silent]
|
|win|font47
