|j|☆jondiiii
|j|☆the guy245
|t:|1743873725
|gametype|singles
|player|p1|jondiiii|guzma|1356
|player|p2|the guy245|volkner|1321
|teamsize|p1|6
|teamsize|p2|6
|gen|9
|tier|[Gen 9] OU
|rated|
|rule|HP Percentage Mod: HP is shown in percentages
|rule|Endless Battle Clause: Forcing endless battles is banned
|rule|Species Clause: Limit one of each Pokémon
|rule|OHKO Clause: OHKO moves are banned
|rule|Evasion Items Clause: Evasion items are banned
|rule|Evasion Moves Clause: Evasion moves are banned
|rule|Sleep Moves Clause: Sleep-inducing moves are banned
|clearpoke
|poke|p1|Cinderace, M|
|poke|p1|Samurott-Hisui, M|
|poke|p1|Kingambit, M|
|poke|p1|Ceruledge, M|
|poke|p1|Garchomp, M|
|poke|p1|Umbreon, M|
|poke|p2|Electrode-Hisui|
|poke|p2|Samurott-Hisui, F|
|poke|p2|Hydreigon, M|
|poke|p2|Great Tusk|
|poke|p2|Sinistcha-Masterpiece|
|poke|p2|Kingambit, M|
|teampreview
|inactive|Battle timer is ON: inactive players will automatically lose when time's up. (requested by jondiiii)
|inactive|jondiiii has 120 seconds left.
|
|t:|1743873763
|start
|switch|p1a: Ace|Cinderace, M|100/100
|switch|p2a: The Baller|Electrode-Hisui|100/100
|turn|1
|
|t:|1743873773
|move|p2a: The Baller|Volt Switch|p1a: Ace
|-damage|p1a: Ace|48/100
|-damage|p2a: The Baller|91/100|[from] item: Life Orb
|
|t:|1743873780
|switch|p2a: Great Tusk|Great Tusk|100/100|[from] Volt Switch
|-enditem|p2a: Great Tusk|Booster Energy
|-activate|p2a: Great Tusk|ability: Protosynthesis|[fromitem]
|-start|p2a: Great Tusk|protosynthesisatk
|move|p1a: Ace|U-turn|p2a: Great Tusk
|-resisted|p2a: Great Tusk
|-damage|p2a: Great Tusk|93/100
|
|t:|1743873799
|switch|p1a: Jeff|Garchomp, M|100/100|[from] U-turn
|
|upkeep
|turn|2
|
|t:|1743873813
|move|p2a: Great Tusk|Bulk Up|p2a: Great Tusk
|-boost|p2a: Great Tusk|atk|1
|-boost|p2a: Great Tusk|def|1
|move|p1a: Jeff|Earthquake|p2a: Great Tusk
|-crit|p2a: Great Tusk
|-damage|p2a: Great Tusk|43/100
|
|upkeep
|turn|3
|
|t:|1743873825
|move|p2a: Great Tusk|Headlong Rush|p1a: Jeff
|-damage|p1a: Jeff|26/100
|-unboost|p2a: Great Tusk|def|1
|-unboost|p2a: Great Tusk|spd|1
|-damage|p2a: Great Tusk|31/100|[from] ability: Rough Skin|[of] p1a: Jeff
|-damage|p2a: Great Tusk|14/100|[from] item: Rocky Helmet|[of] p1a: Jeff
|move|p1a: Jeff|Dragon Tail|p2a: Great Tusk
|-damage|p2a: Great Tusk|0 fnt
|faint|p2a: Great Tusk
|-end|p2a: Great Tusk|Protosynthesis|[silent]
|
|upkeep
|
|t:|1743873836
|switch|p2a: Samurott|Samurott-Hisui, F|100/100
|turn|4
|
|t:|1743873850
|move|p2a: Samurott|Ceaseless Edge|p1a: Jeff
|-damage|p1a: Jeff|0 fnt
|-damage|p2a: Samurott|88/100|[from] ability: Rough Skin|[of] p1a: Jeff
|-damage|p2a: Samurott|72/100|[from] item: Rocky Helmet|[of] p1a: Jeff
|-sidestart|p1: jondiiii|Spikes
|faint|p1a: Jeff
|
|upkeep
|
|t:|1743873874
|switch|p1a: Musashi|Samurott-Hisui, M|100/100
|-damage|p1a: Musashi|88/100|[from] Spikes
|turn|5
|
|t:|1743873880
|move|p2a: Samurott|Ceaseless Edge|p1a: Musashi
|-resisted|p1a: Musashi
|-damage|p1a: Musashi|64/100
|-sidestart|p1: jondiiii|Spikes
|move|p1a: Musashi|Sacred Sword|p2a: Samurott
|-supereffective|p2a: Samurott
|-damage|p2a: Samurott|0 fnt
|faint|p2a: Samurott
|
|upkeep
|
|t:|1743873887
|switch|p2a: The Baller|Electrode-Hisui|91/100
|turn|6
|inactive|jondiiii has 120 seconds left.
|inactive|jondiiii has 90 seconds left.
|inactive|jondiiii has 60 seconds left.
|inactive|jondiiii has 30 seconds left.
|inactive|jondiiii has 20 seconds left.
|inactive|jondiiii has 15 seconds left.
|inactive|jondiiii has 10 seconds left.
|inactive|jondiiii has 5 seconds left.
|-message|jondiiii lost due to inactivity.
|
|win|the guy245
|raw|jondiiii's rating: 1356 &rarr; <strong>1334</strong><br />(-22 for losing)
|raw|the guy245's rating: 1321 &rarr; <strong>1343</strong><br />(+22 for winning)
|l|☆the guy245
|player|p2|
|l|☆jondiiii
|player|p1|
