|badge|p2|bronze|gen9ou|100-5
|uhtml|medal-msg|<div class="broadcast-blue">Curious what those medals under the avatar are? PS now has Ladder Seasons! For more information, check out the <a href="https://www.smogon.com/forums/threads/3740067/">thread on Smogon.</a></div>
|j|☆Billygunter
|j|☆mr.diversity
|t:|1743809628
|gametype|singles
|player|p1|Billygunter|169|1708
|player|p2|mr.diversity|bruno|1887
|teamsize|p1|6
|teamsize|p2|6
|gen|9
|tier|[Gen 9] OU
|rated|
|rule|HP Percentage Mod: HP is shown in percentages
|rule|Endless Battle Clause: Forcing endless battles is banned
|rule|Species Clause: Limit one of each Pokémon
|rule|OHKO Clause: OHKO moves are banned
|rule|Evasion Items Clause: Evasion items are banned
|rule|Evasion Moves Clause: Evasion moves are banned
|rule|Sleep Moves Clause: Sleep-inducing moves are banned
|clearpoke
|poke|p1|Cobalion|
|poke|p1|Pecharunt|
|poke|p1|Ting-Lu|
|poke|p1|Ogerpon-Wellspring, F|
|poke|p1|Dragapult, M|
|poke|p1|Great Tusk|
|poke|p2|Landorus-Therian, M|
|poke|p2|Cinderace, F|
|poke|p2|Great Tusk|
|poke|p2|Heatran, F|
|poke|p2|Clodsire, F|
|poke|p2|Armarouge, F|
|teampreview
|inactive|Battle timer is ON: inactive players will automatically lose when time's up. (requested by mr.diversity)
|
|t:|1743809636
|start
|switch|p1a: Dragapult|Dragapult, M|100/100
|switch|p2a: Cinderace|Cinderace, F|100/100
|turn|1
|
|t:|1743809643
|move|p2a: Cinderace|Sucker Punch|p1a: Dragapult
|-start|p2a: Cinderace|typechange|Dark|[from] ability: Libero
|-supereffective|p1a: Dragapult
|-damage|p1a: Dragapult|0 fnt
|faint|p1a: Dragapult
|
|upkeep
|
|t:|1743809653
|switch|p1a: Ogerpon|Ogerpon-Wellspring, F|100/100
|turn|2
|
|t:|1743809659
|switch|p2a: Clodsire|Clodsire, F|100/100
|-terastallize|p1a: Ogerpon|Water
|detailschange|p1a: Ogerpon|Ogerpon-Wellspring-Tera, F, tera:Water
|-ability|p1a: Ogerpon|Embody Aspect (Wellspring)|boost
|-boost|p1a: Ogerpon|spd|1
|move|p1a: Ogerpon|Ivy Cudgel|p2a: Clodsire|[anim] Ivy Cudgel Water
|-immune|p2a: Clodsire|[from] ability: Water Absorb
|
|upkeep
|turn|3
|
|t:|1743809670
|switch|p2a: Cinderace|Cinderace, F|100/100
|move|p1a: Ogerpon|Power Whip|p2a: Cinderace
|-resisted|p2a: Cinderace
|-crit|p2a: Cinderace
|-damage|p2a: Cinderace|13/100
|
|upkeep
|turn|4
|
|t:|1743809678
|switch|p1a: Cobalion|Cobalion|100/100
|move|p2a: Cinderace|U-turn|p1a: Cobalion
|-start|p2a: Cinderace|typechange|Bug|[from] ability: Libero
|-resisted|p1a: Cobalion
|-damage|p1a: Cobalion|92/100
|-damage|p2a: Cinderace|0 fnt|[from] item: Rocky Helmet|[of] p1a: Cobalion
|faint|p2a: Cinderace
|
|upkeep
|
|t:|1743809681
|switch|p2a: Heatran|Heatran, F|100/100
|turn|5
|
|t:|1743809700
|move|p1a: Cobalion|Stealth Rock|p2a: Heatran
|-sidestart|p2: mr.diversity|move: Stealth Rock
|move|p2a: Heatran|Magma Storm|p1a: Cobalion
|-supereffective|p1a: Cobalion
|-damage|p1a: Cobalion|0 fnt
|faint|p1a: Cobalion
|
|upkeep
|
|t:|1743809708
|switch|p1a: Ogerpon|Ogerpon-Wellspring-Tera, F, tera:Water|100/100
|-ability|p1a: Ogerpon|Embody Aspect (Wellspring)|boost
|-boost|p1a: Ogerpon|spd|1
|turn|6
|
|t:|1743809712
|move|p1a: Ogerpon|Ivy Cudgel|p2a: Heatran|[anim] Ivy Cudgel Water
|-supereffective|p2a: Heatran
|-damage|p2a: Heatran|0 fnt
|faint|p2a: Heatran
|
|upkeep
|
|t:|1743809723
|switch|p2a: Armarouge|Armarouge, F|100/100
|-damage|p2a: Armarouge|76/100|[from] Stealth Rock
|turn|7
|
|t:|1743809732
|switch|p1a: Ting-Lu|Ting-Lu|100/100
|-ability|p1a: Ting-Lu|Vessel of Ruin
|move|p2a: Armarouge|Endure||[still]
|-fail|p2a: Armarouge
|
|upkeep
|turn|8
|
|t:|1743809741
|switch|p2a: Great Tusk|Great Tusk|100/100
|-damage|p2a: Great Tusk|98/100|[from] Stealth Rock
|-enditem|p2a: Great Tusk|Booster Energy
|-activate|p2a: Great Tusk|ability: Protosynthesis|[fromitem]
|-start|p2a: Great Tusk|protosynthesisatk
|move|p1a: Ting-Lu|Spikes|p2a: Great Tusk
|-sidestart|p2: mr.diversity|Spikes
|
|upkeep
|turn|9
|
|t:|1743809751
|switch|p1a: Pecharunt|Pecharunt|100/100
|-item|p1a: Pecharunt|Air Balloon
|move|p2a: Great Tusk|Headlong Rush|p1a: Pecharunt
|-immune|p1a: Pecharunt
|
|upkeep
|turn|10
|
|t:|1743809760
|move|p2a: Great Tusk|Ice Spinner|p1a: Pecharunt
|-damage|p1a: Pecharunt|84/100
|-enditem|p1a: Pecharunt|Air Balloon
|move|p1a: Pecharunt|Malignant Chain|p2a: Great Tusk
|-resisted|p2a: Great Tusk
|-damage|p2a: Great Tusk|75/100
|
|upkeep
|turn|11
|
|t:|1743809768
|move|p2a: Great Tusk|Headlong Rush|p1a: Pecharunt
|-supereffective|p1a: Pecharunt
|-damage|p1a: Pecharunt|11/100
|-unboost|p2a: Great Tusk|def|1
|-unboost|p2a: Great Tusk|spd|1
|move|p1a: Pecharunt|Shadow Ball|p2a: Great Tusk
|-damage|p2a: Great Tusk|21/100
|
|upkeep
|turn|12
|
|t:|1743809778
|move|p2a: Great Tusk|Headlong Rush|p1a: Pecharunt
|-supereffective|p1a: Pecharunt
|-damage|p1a: Pecharunt|0 fnt
|-unboost|p2a: Great Tusk|def|1
|-unboost|p2a: Great Tusk|spd|1
|faint|p1a: Pecharunt
|
|upkeep
|
|t:|1743809786
|switch|p1a: Ogerpon|Ogerpon-Wellspring-Tera, F, tera:Water|100/100
|-ability|p1a: Ogerpon|Embody Aspect (Wellspring)|boost
|-boost|p1a: Ogerpon|spd|1
|turn|13
|
|t:|1743809791
|move|p1a: Ogerpon|Ivy Cudgel|p2a: Great Tusk|[anim] Ivy Cudgel Water
|-supereffective|p2a: Great Tusk
|-crit|p2a: Great Tusk
|-damage|p2a: Great Tusk|0 fnt
|faint|p2a: Great Tusk
|-end|p2a: Great Tusk|Protosynthesis|[silent]
|
|upkeep
|
|t:|1743809796
|switch|p2a: Landorus|Landorus-Therian, M|100/100
|-damage|p2a: Landorus|88/100|[from] Stealth Rock
|-ability|p2a: Landorus|Intimidate|boost
|-unboost|p1a: Ogerpon|atk|1
|turn|14
|
|t:|1743809801
|-terastallize|p2a: Landorus|Flying
|move|p1a: Ogerpon|Ivy Cudgel|p2a: Landorus|[anim] Ivy Cudgel Water
|-damage|p2a: Landorus|31/100
|move|p2a: Landorus|Tera Blast|p1a: Ogerpon|[anim] Tera Blast Flying
|-damage|p1a: Ogerpon|0 fnt
|faint|p1a: Ogerpon
|
|upkeep
|
|t:|1743809815
|switch|p1a: Ting-Lu|Ting-Lu|100/100
|-ability|p1a: Ting-Lu|Vessel of Ruin
|turn|15
|
|t:|1743809821
|switch|p2a: Clodsire|Clodsire, F|100/100
|-damage|p2a: Clodsire|94/100|[from] Stealth Rock
|-damage|p2a: Clodsire|82/100|[from] Spikes
|move|p1a: Ting-Lu|Whirlwind|p2a: Clodsire
|drag|p2a: Armarouge|Armarouge, F|76/100
|-damage|p2a: Armarouge|51/100|[from] Stealth Rock
|-damage|p2a: Armarouge|39/100|[from] Spikes
|
|upkeep
|turn|16
|
|t:|1743809832
|switch|p2a: Clodsire|Clodsire, F|82/100
|-damage|p2a: Clodsire|75/100|[from] Stealth Rock
|-damage|p2a: Clodsire|63/100|[from] Spikes
|move|p1a: Ting-Lu|Whirlwind|p2a: Clodsire
|drag|p2a: Armarouge|Armarouge, F|39/100
|-damage|p2a: Armarouge|14/100|[from] Stealth Rock
|-damage|p2a: Armarouge|2/100|[from] Spikes
|
|upkeep
|turn|17
|
|t:|1743809843
|move|p2a: Armarouge|Armor Cannon|p1a: Ting-Lu
|-damage|p1a: Ting-Lu|77/100
|-unboost|p2a: Armarouge|def|1
|-unboost|p2a: Armarouge|spd|1
|move|p1a: Ting-Lu|Whirlwind|p2a: Armarouge
|drag|p2a: Clodsire|Clodsire, F|63/100
|-damage|p2a: Clodsire|57/100|[from] Stealth Rock
|-damage|p2a: Clodsire|44/100|[from] Spikes
|
|-heal|p1a: Ting-Lu|83/100|[from] item: Leftovers
|-heal|p2a: Clodsire|50/100|[from] item: Leftovers
|upkeep
|turn|18
|
|t:|1743809857
|switch|p1a: Great Tusk|Great Tusk|100/100
|move|p2a: Clodsire|Toxic|p1a: Great Tusk
|-status|p1a: Great Tusk|tox
|
|-heal|p2a: Clodsire|57/100|[from] item: Leftovers
|-damage|p1a: Great Tusk|94/100 tox|[from] psn
|upkeep
|turn|19
|
|t:|1743809867
|switch|p2a: Armarouge|Armarouge, F|2/100
|-damage|p2a: Armarouge|0 fnt|[from] Stealth Rock
|faint|p2a: Armarouge
|move|p1a: Great Tusk|Rapid Spin|p2: Armarouge|[notarget]
|-fail|p1a: Great Tusk
|
|-damage|p1a: Great Tusk|82/100 tox|[from] psn
|upkeep
|
|t:|1743809869
|switch|p2a: Landorus|Landorus-Therian, M, tera:Flying|31/100
|-damage|p2a: Landorus|6/100|[from] Stealth Rock
|-ability|p2a: Landorus|Intimidate|boost
|-unboost|p1a: Great Tusk|atk|1
|turn|20
|
|t:|1743809880
|move|p1a: Great Tusk|Ice Spinner|p2a: Landorus
|-supereffective|p2a: Landorus
|-damage|p2a: Landorus|0 fnt
|faint|p2a: Landorus
|
|-damage|p1a: Great Tusk|63/100 tox|[from] psn
|upkeep
|-message|mr.diversity forfeited.
|
|win|Billygunter
|raw|Billygunter's rating: 1708 &rarr; <strong>1737</strong><br />(+29 for winning)
|raw|mr.diversity's rating: 1887 &rarr; <strong>1858</strong><br />(-29 for losing)
|l|☆mr.diversity
|player|p2|
|l|☆Billygunter
|player|p1|
