|j|☆BurgerThing
|j|☆CoconutCrabs
|t:|1743792660
|gametype|singles
|player|p1|BurgerThing|lucas-gen4pt|1608
|player|p2|CoconutCrabs|2|1720
|teamsize|p1|6
|teamsize|p2|6
|gen|9
|tier|[Gen 9] OU
|rated|
|rule|HP Percentage Mod: HP is shown in percentages
|rule|Endless Battle Clause: Forcing endless battles is banned
|rule|Species Clause: Limit one of each Pokémon
|rule|OHKO Clause: OHKO moves are banned
|rule|Evasion Items Clause: Evasion items are banned
|rule|Evasion Moves Clause: Evasion moves are banned
|rule|Sleep Moves Clause: Sleep-inducing moves are banned
|clearpoke
|poke|p1|Rillaboom, F|
|poke|p1|Great Tusk|
|poke|p1|Garganacl, F|
|poke|p1|Altaria, F|
|poke|p1|Iron Valiant|
|poke|p1|Ogerpon-Wellspring, F|
|poke|p2|Great Tusk|
|poke|p2|Landorus-Therian, M|
|poke|p2|Slowking-Galar, M|
|poke|p2|Ogerpon-Wellspring, F|
|poke|p2|Raging Bolt|
|poke|p2|Kingambit, F|
|teampreview
|c|☆BurgerThing|legit I just faced this team
|inactive|Battle timer is ON: inactive players will automatically lose when time's up. (requested by BurgerThing)
|
|t:|1743792713
|start
|switch|p1a: Great Tusk|Great Tusk|100/100
|switch|p2a: Landorus|Landorus-Therian, M|100/100
|-ability|p2a: Landorus|Intimidate|boost
|-unboost|p1a: Great Tusk|atk|1
|turn|1
|
|t:|1743792719
|-terastallize|p2a: Landorus|Flying
|move|p2a: Landorus|Tera Blast|p1a: Great Tusk|[anim] Tera Blast Flying
|-supereffective|p1a: Great Tusk
|-damage|p1a: Great Tusk|20/100
|move|p1a: Great Tusk|Ice Spinner|p2a: Landorus
|-supereffective|p2a: Landorus
|-damage|p2a: Landorus|64/100
|
|-heal|p1a: Great Tusk|26/100|[from] item: Leftovers
|upkeep
|turn|2
|
|t:|1743792725
|switch|p2a: Ogerpon|Ogerpon-Wellspring, F|100/100
|-end|p1a: Great Tusk|Protosynthesis|[silent]
|switch|p1a: Altaria|Altaria, F, shiny|100/100
|
|upkeep
|turn|3
|
|t:|1743792731
|move|p2a: Ogerpon|U-turn|p1a: Altaria
|-resisted|p1a: Altaria
|-damage|p1a: Altaria|86/100
|
|t:|1743792734
|switch|p2a: Kingambit|Kingambit, F|100/100|[from] U-turn
|move|p1a: Altaria|Will-O-Wisp|p2a: Kingambit|[miss]
|-miss|p1a: Altaria|p2a: Kingambit
|
|-heal|p1a: Altaria|92/100|[from] item: Leftovers
|upkeep
|turn|4
|
|t:|1743792738
|-end|p2a: Kingambit|fallenundefined|[silent]
|switch|p2a: Slowking|Slowking-Galar, M|100/100
|move|p1a: Altaria|Will-O-Wisp|p2a: Slowking
|-status|p2a: Slowking|brn
|
|-heal|p1a: Altaria|98/100|[from] item: Leftovers
|-damage|p2a: Slowking|94/100 brn|[from] brn
|upkeep
|turn|5
|
|t:|1743792741
|move|p1a: Altaria|Fire Spin|p2a: Slowking
|-damage|p2a: Slowking|91/100 brn
|-activate|p2a: Slowking|move: Fire Spin|[of] p1a: Altaria
|move|p2a: Slowking|Future Sight|p1a: Altaria
|-start|p2a: Slowking|move: Future Sight
|
|-heal|p1a: Altaria|100/100|[from] item: Leftovers
|-damage|p2a: Slowking|85/100 brn|[from] brn
|-damage|p2a: Slowking|73/100 brn|[from] move: Fire Spin|[partiallytrapped]
|upkeep
|turn|6
|
|t:|1743792743
|move|p1a: Altaria|Perish Song|p1a: Altaria
|-start|p1a: Altaria|perish3|[silent]
|-start|p2a: Slowking|perish3|[silent]
|-fieldactivate|move: Perish Song
|move|p2a: Slowking|Sludge Bomb|p1a: Altaria
|-damage|p1a: Altaria|78/100
|
|-heal|p1a: Altaria|84/100|[from] item: Leftovers
|-damage|p2a: Slowking|66/100 brn|[from] brn
|-damage|p2a: Slowking|54/100 brn|[from] move: Fire Spin|[partiallytrapped]
|-start|p1a: Altaria|perish3
|-start|p2a: Slowking|perish3
|upkeep
|turn|7
|
|t:|1743792749
|move|p1a: Altaria|Will-O-Wisp|p2a: Slowking
|-fail|p2a: Slowking|brn
|move|p2a: Slowking|Sludge Bomb|p1a: Altaria
|-damage|p1a: Altaria|60/100
|-status|p1a: Altaria|psn
|
|-end|p1a: Altaria|move: Future Sight
|-damage|p1a: Altaria|31/100 psn
|-heal|p1a: Altaria|38/100 psn|[from] item: Leftovers
|-damage|p1a: Altaria|25/100 psn|[from] psn
|-damage|p2a: Slowking|48/100 brn|[from] brn
|-damage|p2a: Slowking|35/100 brn|[from] move: Fire Spin|[partiallytrapped]
|-start|p1a: Altaria|perish2
|-start|p2a: Slowking|perish2
|upkeep
|turn|8
|
|t:|1743792755
|move|p1a: Altaria|Roost|p1a: Altaria
|-heal|p1a: Altaria|75/100 psn
|-singleturn|p1a: Altaria|move: Roost
|move|p2a: Slowking|Psyshock|p1a: Altaria
|-damage|p1a: Altaria|46/100 psn
|
|-heal|p1a: Altaria|52/100 psn|[from] item: Leftovers
|-damage|p1a: Altaria|40/100 psn|[from] psn
|-damage|p2a: Slowking|29/100 brn|[from] brn
|-damage|p2a: Slowking|17/100 brn|[from] move: Fire Spin|[partiallytrapped]
|-start|p1a: Altaria|perish1
|-start|p2a: Slowking|perish1
|upkeep
|turn|9
|
|t:|1743792758
|-curestatus|p1a: Altaria|psn|[from] ability: Natural Cure
|switch|p1a: Garganacl|Garganacl, F, shiny|100/100
|move|p2a: Slowking|Psyshock|p1a: Garganacl
|-damage|p1a: Garganacl|79/100
|
|-heal|p1a: Garganacl|86/100|[from] item: Leftovers
|-damage|p2a: Slowking|11/100 brn|[from] brn
|-end|p2a: Slowking|Fire Spin|[partiallytrapped]|[silent]
|-start|p2a: Slowking|perish0
|upkeep
|faint|p2a: Slowking
|
|t:|1743792761
|switch|p2a: Ogerpon|Ogerpon-Wellspring, F|100/100
|turn|10
|
|t:|1743792767
|switch|p1a: Rillaboom|Rillaboom, F, shiny|100/100
|-fieldstart|move: Grassy Terrain|[from] ability: Grassy Surge|[of] p1a: Rillaboom
|move|p2a: Ogerpon|Power Whip|p1a: Rillaboom
|-resisted|p1a: Rillaboom
|-damage|p1a: Rillaboom|48/100
|
|-heal|p1a: Rillaboom|54/100|[from] Grassy Terrain
|upkeep
|turn|11
|
|t:|1743792772
|move|p1a: Rillaboom|Grassy Glide|p2a: Ogerpon
|-damage|p2a: Ogerpon|50/100
|move|p2a: Ogerpon|U-turn|p1a: Rillaboom
|-supereffective|p1a: Rillaboom
|-damage|p1a: Rillaboom|0 fnt
|faint|p1a: Rillaboom
|
|t:|1743792781
|switch|p2a: Landorus|Landorus-Therian, M, tera:Flying|64/100|[from] U-turn
|
|upkeep
|
|t:|1743792787
|switch|p1a: Garganacl|Garganacl, F, shiny|86/100
|turn|12
|
|t:|1743792789
|move|p2a: Landorus|U-turn|p1a: Garganacl
|-damage|p1a: Garganacl|68/100
|
|t:|1743792791
|switch|p2a: Great Tusk|Great Tusk|100/100|[from] U-turn
|move|p1a: Garganacl|Salt Cure|p2a: Great Tusk
|-resisted|p2a: Great Tusk
|-damage|p2a: Great Tusk|98/100
|-start|p2a: Great Tusk|Salt Cure
|
|-heal|p2a: Great Tusk|100/100|[from] Grassy Terrain
|-heal|p1a: Garganacl|74/100|[from] Grassy Terrain
|-heal|p1a: Garganacl|80/100|[from] item: Leftovers
|-damage|p2a: Great Tusk|88/100|[from] Salt Cure
|upkeep
|turn|13
|
|t:|1743792794
|switch|p1a: Iron Valiant|Iron Valiant, shiny|100/100
|move|p2a: Great Tusk|Stealth Rock|p1a: Iron Valiant
|-sidestart|p1: BurgerThing|move: Stealth Rock
|
|-heal|p2a: Great Tusk|94/100|[from] Grassy Terrain
|-damage|p2a: Great Tusk|82/100|[from] Salt Cure
|upkeep
|turn|14
|
|t:|1743792815
|-end|p2a: Great Tusk|Protosynthesis|[silent]
|switch|p2a: Ogerpon|Ogerpon-Wellspring, F|50/100
|move|p1a: Iron Valiant|Moonblast|p2a: Ogerpon
|-damage|p2a: Ogerpon|0 fnt
|faint|p2a: Ogerpon
|
|-fieldend|move: Grassy Terrain
|upkeep
|
|t:|1743792817
|switch|p2a: Landorus|Landorus-Therian, M, tera:Flying|64/100
|-ability|p2a: Landorus|Intimidate|boost
|-unboost|p1a: Iron Valiant|atk|1
|turn|15
|
|t:|1743792819
|move|p1a: Iron Valiant|Moonblast|p2a: Landorus
|-damage|p2a: Landorus|0 fnt
|faint|p2a: Landorus
|
|upkeep
|
|t:|1743792823
|switch|p2a: Kingambit|Kingambit, F|100/100
|-activate|p2a: Kingambit|ability: Supreme Overlord
|-start|p2a: Kingambit|fallen3|[silent]
|turn|16
|
|t:|1743792828
|-end|p1a: Iron Valiant|Quark Drive|[silent]
|switch|p1a: Ogerpon|Ogerpon-Wellspring, F|100/100
|-damage|p1a: Ogerpon|88/100|[from] Stealth Rock
|move|p2a: Kingambit|Swords Dance|p2a: Kingambit
|-boost|p2a: Kingambit|atk|2
|
|upkeep
|turn|17
|
|t:|1743792835
|move|p1a: Ogerpon|Encore|p2a: Kingambit
|-start|p2a: Kingambit|Encore
|move|p2a: Kingambit|Swords Dance|p2a: Kingambit
|-boost|p2a: Kingambit|atk|2
|
|upkeep
|turn|18
|
|t:|1743792839
|-end|p2a: Kingambit|fallen3|[silent]
|switch|p2a: Great Tusk|Great Tusk|82/100
|move|p1a: Ogerpon|U-turn|p2a: Great Tusk
|-resisted|p2a: Great Tusk
|-damage|p2a: Great Tusk|72/100
|-damage|p1a: Ogerpon|72/100|[from] item: Rocky Helmet|[of] p2a: Great Tusk
|
|t:|1743792842
|switch|p1a: Iron Valiant|Iron Valiant, shiny|100/100|[from] U-turn
|-damage|p1a: Iron Valiant|94/100|[from] Stealth Rock
|
|upkeep
|turn|19
|
|t:|1743792846
|move|p1a: Iron Valiant|Aura Sphere|p2a: Great Tusk
|-damage|p2a: Great Tusk|14/100
|move|p2a: Great Tusk|Headlong Rush|p1a: Iron Valiant
|-damage|p1a: Iron Valiant|32/100
|-unboost|p2a: Great Tusk|def|1
|-unboost|p2a: Great Tusk|spd|1
|
|upkeep
|turn|20
|
|t:|1743792855
|move|p1a: Iron Valiant|Aura Sphere|p2a: Great Tusk
|-damage|p2a: Great Tusk|0 fnt
|faint|p2a: Great Tusk
|-end|p2a: Great Tusk|Protosynthesis|[silent]
|
|upkeep
|
|t:|1743792857
|switch|p2a: Raging Bolt|Raging Bolt|100/100
|-enditem|p2a: Raging Bolt|Booster Energy
|-activate|p2a: Raging Bolt|ability: Protosynthesis|[fromitem]
|-start|p2a: Raging Bolt|protosynthesisspa
|turn|21
|
|t:|1743792860
|-end|p1a: Iron Valiant|Quark Drive|[silent]
|switch|p1a: Altaria|Altaria, F, shiny|40/100
|-damage|p1a: Altaria|15/100|[from] Stealth Rock
|move|p2a: Raging Bolt|Dragon Pulse|p1a: Altaria
|-supereffective|p1a: Altaria
|-damage|p1a: Altaria|0 fnt
|faint|p1a: Altaria
|
|upkeep
|
|t:|1743792865
|switch|p1a: Great Tusk|Great Tusk|26/100
|-damage|p1a: Great Tusk|23/100|[from] Stealth Rock
|turn|22
|
|t:|1743792867
|move|p2a: Raging Bolt|Dragon Pulse|p1a: Great Tusk
|-damage|p1a: Great Tusk|0 fnt
|faint|p1a: Great Tusk
|-end|p1a: Great Tusk|Protosynthesis|[silent]
|
|upkeep
|
|t:|1743792871
|switch|p1a: Garganacl|Garganacl, F, shiny|80/100
|-damage|p1a: Garganacl|68/100|[from] Stealth Rock
|turn|23
|
|t:|1743792873
|move|p2a: Raging Bolt|Thunderbolt|p1a: Garganacl
|-damage|p1a: Garganacl|25/100
|move|p1a: Garganacl|Recover|p1a: Garganacl
|-heal|p1a: Garganacl|75/100
|
|-heal|p1a: Garganacl|82/100|[from] item: Leftovers
|upkeep
|turn|24
|
|t:|1743792876
|move|p2a: Raging Bolt|Calm Mind|p2a: Raging Bolt
|-boost|p2a: Raging Bolt|spa|1
|-boost|p2a: Raging Bolt|spd|1
|move|p1a: Garganacl|Salt Cure|p2a: Raging Bolt
|-damage|p2a: Raging Bolt|87/100
|-start|p2a: Raging Bolt|Salt Cure
|
|-heal|p1a: Garganacl|88/100|[from] item: Leftovers
|-damage|p2a: Raging Bolt|75/100|[from] Salt Cure
|upkeep
|turn|25
|
|t:|1743792881
|move|p2a: Raging Bolt|Calm Mind|p2a: Raging Bolt
|-boost|p2a: Raging Bolt|spa|1
|-boost|p2a: Raging Bolt|spd|1
|move|p1a: Garganacl|Recover|p1a: Garganacl
|-heal|p1a: Garganacl|100/100
|
|-damage|p2a: Raging Bolt|63/100|[from] Salt Cure
|upkeep
|turn|26
|
|t:|1743792886
|switch|p1a: Iron Valiant|Iron Valiant, shiny|32/100
|-damage|p1a: Iron Valiant|25/100|[from] Stealth Rock
|move|p2a: Raging Bolt|Thunderbolt|p1a: Iron Valiant
|-damage|p1a: Iron Valiant|0 fnt
|faint|p1a: Iron Valiant
|-end|p1a: Iron Valiant|Quark Drive|[silent]
|
|-damage|p2a: Raging Bolt|50/100|[from] Salt Cure
|upkeep
|
|t:|1743792894
|switch|p1a: Ogerpon|Ogerpon-Wellspring, F|72/100
|-damage|p1a: Ogerpon|59/100|[from] Stealth Rock
|turn|27
|
|t:|1743792900
|move|p2a: Raging Bolt|Thunderclap||[still]
|-fail|p2a: Raging Bolt
|move|p1a: Ogerpon|Encore|p2a: Raging Bolt
|-start|p2a: Raging Bolt|Encore
|
|-damage|p2a: Raging Bolt|38/100|[from] Salt Cure
|upkeep
|turn|28
|
|t:|1743792905
|switch|p1a: Garganacl|Garganacl, F, shiny|100/100
|-damage|p1a: Garganacl|88/100|[from] Stealth Rock
|-end|p2a: Raging Bolt|Protosynthesis|[silent]
|switch|p2a: Kingambit|Kingambit, F|100/100
|-activate|p2a: Kingambit|ability: Supreme Overlord
|-start|p2a: Kingambit|fallen4|[silent]
|
|-heal|p1a: Garganacl|94/100|[from] item: Leftovers
|upkeep
|turn|29
|
|t:|1743792908
|-terastallize|p1a: Garganacl|Water
|move|p2a: Kingambit|Iron Head|p1a: Garganacl
|-resisted|p1a: Garganacl
|-damage|p1a: Garganacl|73/100
|cant|p1a: Garganacl|flinch
|
|-heal|p1a: Garganacl|79/100|[from] item: Leftovers
|upkeep
|turn|30
|
|t:|1743792912
|move|p2a: Kingambit|Swords Dance|p2a: Kingambit
|-boost|p2a: Kingambit|atk|2
|move|p1a: Garganacl|Body Press|p2a: Kingambit
|-supereffective|p2a: Kingambit
|-damage|p2a: Kingambit|33/100
|
|-heal|p2a: Kingambit|39/100|[from] item: Leftovers
|-heal|p1a: Garganacl|86/100|[from] item: Leftovers
|upkeep
|turn|31
|
|t:|1743792916
|move|p2a: Kingambit|Kowtow Cleave|p1a: Garganacl
|-damage|p1a: Garganacl|0 fnt
|faint|p1a: Garganacl
|
|-heal|p2a: Kingambit|45/100|[from] item: Leftovers
|upkeep
|
|t:|1743792918
|switch|p1a: Ogerpon|Ogerpon-Wellspring, F|59/100
|-damage|p1a: Ogerpon|47/100|[from] Stealth Rock
|turn|32
|
|t:|1743792923
|move|p2a: Kingambit|Sucker Punch|p1a: Ogerpon
|-damage|p1a: Ogerpon|0 fnt
|faint|p1a: Ogerpon
|
|win|CoconutCrabs
|raw|BurgerThing's rating: 1608 &rarr; <strong>1594</strong><br />(-14 for losing)
|raw|CoconutCrabs's rating: 1720 &rarr; <strong>1734</strong><br />(+14 for winning)
|l|☆BurgerThing
|player|p1|
|l|☆CoconutCrabs
|player|p2|
