|j|☆alan456
|j|☆lol2kk
|t:|1743778696
|gametype|singles
|player|p1|alan456|169|1317
|player|p2|lol2kk|lance|1321
|teamsize|p1|6
|teamsize|p2|6
|gen|9
|tier|[Gen 9] OU
|rated|
|rule|HP Percentage Mod: HP is shown in percentages
|rule|Endless Battle Clause: Forcing endless battles is banned
|rule|Species Clause: Limit one of each Pokémon
|rule|OHKO Clause: OHKO moves are banned
|rule|Evasion Items Clause: Evasion items are banned
|rule|Evasion Moves Clause: Evasion moves are banned
|rule|Sleep Moves Clause: Sleep-inducing moves are banned
|clearpoke
|poke|p1|Staraptor, M|
|poke|p1|Serperior, M|
|poke|p1|Torterra, M|
|poke|p1|Mew|
|poke|p1|Corviknight, F|
|poke|p1|Ting-Lu|
|poke|p2|Iron Treads|
|poke|p2|Basculegion-F, F|
|poke|p2|Conkeldurr, M|
|poke|p2|Serperior, F|
|poke|p2|Kingambit, F|
|poke|p2|Masquerain, F|
|teampreview
|inactive|Battle timer is ON: inactive players will automatically lose when time's up. (requested by lol2kk)
|
|t:|1743778725
|start
|switch|p1a: Corviknight|Corviknight, F|100/100
|switch|p2a: Masquerain|Masquerain, F|100/100
|-ability|p2a: Masquerain|Intimidate|boost
|-unboost|p1a: Corviknight|atk|1
|-ability|p1a: Corviknight|Pressure
|turn|1
|
|t:|1743778731
|move|p2a: Masquerain|Sticky Web|p1a: Corviknight
|-sidestart|p1: alan456|move: Sticky Web
|move|p1a: Corviknight|Brave Bird|p2a: Masquerain
|-supereffective|p2a: Masquerain
|-damage|p2a: Masquerain|14/100
|-damage|p1a: Corviknight|80/100|[from] Recoil
|
|upkeep
|turn|2
|
|t:|1743778738
|move|p2a: Masquerain|Air Slash|p1a: Corviknight
|-resisted|p1a: Corviknight
|-damage|p1a: Corviknight|61/100
|move|p1a: Corviknight|Defog|p2a: Masquerain
|-unboost|p2a: Masquerain|evasion|1
|-sideend|p1: alan456|Sticky Web|[from] move: Defog|[of] p1a: Corviknight
|
|upkeep
|turn|3
|
|t:|1743778741
|move|p2a: Masquerain|Air Slash|p1a: Corviknight|[miss]
|-miss|p2a: Masquerain|p1a: Corviknight
|move|p1a: Corviknight|Roost|p1a: Corviknight
|-heal|p1a: Corviknight|100/100
|-singleturn|p1a: Corviknight|move: Roost
|
|upkeep
|turn|4
|
|t:|1743778744
|move|p2a: Masquerain|Air Slash|p1a: Corviknight
|-resisted|p1a: Corviknight
|-damage|p1a: Corviknight|82/100
|move|p1a: Corviknight|Defog|p2a: Masquerain
|-unboost|p2a: Masquerain|evasion|1
|
|upkeep
|turn|5
|
|t:|1743778746
|move|p2a: Masquerain|Air Slash|p1a: Corviknight
|-resisted|p1a: Corviknight
|-damage|p1a: Corviknight|63/100
|cant|p1a: Corviknight|flinch
|
|upkeep
|turn|6
|
|t:|1743778750
|move|p2a: Masquerain|Air Slash|p1a: Corviknight
|-resisted|p1a: Corviknight
|-damage|p1a: Corviknight|44/100
|move|p1a: Corviknight|Roost|p1a: Corviknight
|-heal|p1a: Corviknight|94/100
|-singleturn|p1a: Corviknight|move: Roost
|
|upkeep
|turn|7
|
|t:|1743778753
|move|p2a: Masquerain|Air Slash|p1a: Corviknight
|-resisted|p1a: Corviknight
|-damage|p1a: Corviknight|78/100
|move|p1a: Corviknight|Brave Bird|p2a: Masquerain
|-supereffective|p2a: Masquerain
|-damage|p2a: Masquerain|0 fnt
|faint|p2a: Masquerain
|-damage|p1a: Corviknight|75/100|[from] Recoil
|
|upkeep
|
|t:|1743778761
|switch|p2a: Serperior|Serperior, F|100/100
|turn|8
|
|t:|1743778765
|move|p2a: Serperior|Glare|p1a: Corviknight
|-status|p1a: Corviknight|par
|move|p1a: Corviknight|U-turn|p2a: Serperior
|-supereffective|p2a: Serperior
|-damage|p2a: Serperior|75/100
|
|t:|1743778769
|switch|p1a: Staraptor|Staraptor, M|100/100|[from] U-turn
|
|-heal|p2a: Serperior|81/100|[from] item: Leftovers
|upkeep
|turn|9
|
|t:|1743778773
|move|p1a: Staraptor|Brave Bird|p2a: Serperior
|-supereffective|p2a: Serperior
|-damage|p2a: Serperior|0 fnt
|faint|p2a: Serperior
|-damage|p1a: Staraptor|75/100|[from] Recoil
|
|upkeep
|
|t:|1743778783
|switch|p2a: Iron Treads|Iron Treads|100/100
|-enditem|p2a: Iron Treads|Booster Energy
|-activate|p2a: Iron Treads|ability: Quark Drive|[fromitem]
|-start|p2a: Iron Treads|quarkdrivespe
|turn|10
|
|t:|1743778790
|switch|p1a: Ting-Lu|Ting-Lu|100/100
|-ability|p1a: Ting-Lu|Vessel of Ruin
|move|p2a: Iron Treads|Stealth Rock|p1a: Ting-Lu
|-sidestart|p1: alan456|move: Stealth Rock
|
|upkeep
|turn|11
|
|t:|1743778796
|-end|p2a: Iron Treads|Quark Drive|[silent]
|switch|p2a: Basculegion|Basculegion-F, F, shiny|100/100
|move|p1a: Ting-Lu|Earthquake|p2a: Basculegion
|-damage|p2a: Basculegion|53/100
|
|upkeep
|turn|12
|
|t:|1743778811
|switch|p1a: Serperior|Serperior, M|100/100
|-damage|p1a: Serperior|88/100|[from] Stealth Rock
|move|p2a: Basculegion|Ice Beam|p1a: Serperior
|-supereffective|p1a: Serperior
|-damage|p1a: Serperior|38/100
|-status|p1a: Serperior|frz
|
|-heal|p1a: Serperior|44/100 frz|[from] item: Leftovers
|upkeep
|turn|13
|
|t:|1743778815
|move|p2a: Basculegion|Ice Beam|p1a: Serperior
|-supereffective|p1a: Serperior
|-crit|p1a: Serperior
|-damage|p1a: Serperior|0 fnt
|faint|p1a: Serperior
|
|upkeep
|
|t:|1743778823
|switch|p1a: Ting-Lu|Ting-Lu|100/100
|-damage|p1a: Ting-Lu|94/100|[from] Stealth Rock
|-ability|p1a: Ting-Lu|Vessel of Ruin
|turn|14
|
|t:|1743778825
|move|p2a: Basculegion|Ice Beam|p1a: Ting-Lu
|-supereffective|p1a: Ting-Lu
|-damage|p1a: Ting-Lu|73/100
|move|p1a: Ting-Lu|Earthquake|p2a: Basculegion
|-damage|p2a: Basculegion|4/100
|
|-heal|p1a: Ting-Lu|79/100|[from] item: Leftovers
|upkeep
|turn|15
|
|t:|1743778831
|move|p2a: Basculegion|Ice Beam|p1a: Ting-Lu
|-supereffective|p1a: Ting-Lu
|-damage|p1a: Ting-Lu|58/100
|move|p1a: Ting-Lu|Earthquake|p2a: Basculegion
|-damage|p2a: Basculegion|0 fnt
|faint|p2a: Basculegion
|
|-heal|p1a: Ting-Lu|65/100|[from] item: Leftovers
|upkeep
|
|t:|1743778837
|switch|p2a: Conkeldurr|Conkeldurr, M|100/100
|turn|16
|
|t:|1743778841
|switch|p1a: Corviknight|Corviknight, F|75/100 par
|-damage|p1a: Corviknight|63/100 par|[from] Stealth Rock
|-ability|p1a: Corviknight|Pressure
|move|p2a: Conkeldurr|Knock Off|p1a: Corviknight
|-damage|p1a: Corviknight|38/100 par
|-damage|p2a: Conkeldurr|84/100|[from] item: Rocky Helmet|[of] p1a: Corviknight
|-enditem|p1a: Corviknight|Rocky Helmet|[from] move: Knock Off|[of] p2a: Conkeldurr
|
|-status|p2a: Conkeldurr|brn|[from] item: Flame Orb
|upkeep
|turn|17
|
|t:|1743778845
|move|p2a: Conkeldurr|Drain Punch|p1a: Corviknight
|-damage|p1a: Corviknight|0 fnt
|-heal|p2a: Conkeldurr|100/100 brn|[from] drain|[of] p1a: Corviknight
|faint|p1a: Corviknight
|
|-damage|p2a: Conkeldurr|94/100 brn|[from] brn
|upkeep
|
|t:|1743778851
|switch|p1a: Staraptor|Staraptor, M|75/100
|-damage|p1a: Staraptor|51/100|[from] Stealth Rock
|turn|18
|
|t:|1743778855
|-terastallize|p2a: Conkeldurr|Normal
|move|p1a: Staraptor|Brave Bird|p2a: Conkeldurr
|-damage|p2a: Conkeldurr|23/100 brn
|-damage|p1a: Staraptor|19/100|[from] Recoil
|move|p2a: Conkeldurr|Drain Punch|p1a: Staraptor
|-damage|p1a: Staraptor|0 fnt
|-heal|p2a: Conkeldurr|31/100 brn|[from] drain|[of] p1a: Staraptor
|faint|p1a: Staraptor
|
|-damage|p2a: Conkeldurr|25/100 brn|[from] brn
|upkeep
|
|t:|1743778862
|switch|p1a: Torterra|Torterra, M|100/100
|-damage|p1a: Torterra|94/100|[from] Stealth Rock
|turn|19
|
|t:|1743778865
|move|p1a: Torterra|Bullet Seed|p2a: Conkeldurr
|-damage|p2a: Conkeldurr|14/100 brn
|-damage|p2a: Conkeldurr|4/100 brn
|-damage|p2a: Conkeldurr|0 fnt
|faint|p2a: Conkeldurr
|-hitcount|p2: Conkeldurr|3
|
|upkeep
|
|t:|1743778871
|switch|p2a: Iron Treads|Iron Treads|100/100
|turn|20
|
|t:|1743778874
|move|p2a: Iron Treads|Earthquake|p1a: Torterra
|-resisted|p1a: Torterra
|-damage|p1a: Torterra|76/100
|move|p1a: Torterra|Shell Smash|p1a: Torterra
|-unboost|p1a: Torterra|def|1
|-unboost|p1a: Torterra|spd|1
|-boost|p1a: Torterra|atk|2
|-boost|p1a: Torterra|spa|2
|-boost|p1a: Torterra|spe|2
|
|upkeep
|turn|21
|
|t:|1743778885
|move|p1a: Torterra|Headlong Rush|p2a: Iron Treads
|-supereffective|p2a: Iron Treads
|-damage|p2a: Iron Treads|0 fnt
|-unboost|p1a: Torterra|def|1
|-unboost|p1a: Torterra|spd|1
|faint|p2a: Iron Treads
|-end|p2a: Iron Treads|Quark Drive|[silent]
|
|upkeep
|
|t:|1743778888
|switch|p2a: Kingambit|Kingambit, F, shiny|100/100
|-activate|p2a: Kingambit|ability: Supreme Overlord
|-start|p2a: Kingambit|fallen5|[silent]
|turn|22
|
|t:|1743778890
|move|p2a: Kingambit|Sucker Punch|p1a: Torterra
|-damage|p1a: Torterra|0 fnt
|faint|p1a: Torterra
|
|upkeep
|
|t:|1743778894
|switch|p1a: Ting-Lu|Ting-Lu|65/100
|-damage|p1a: Ting-Lu|58/100|[from] Stealth Rock
|-ability|p1a: Ting-Lu|Vessel of Ruin
|turn|23
|
|t:|1743778896
|move|p2a: Kingambit|Swords Dance|p2a: Kingambit
|-boost|p2a: Kingambit|atk|2
|move|p1a: Ting-Lu|Earthquake|p2a: Kingambit
|-supereffective|p2a: Kingambit
|-damage|p2a: Kingambit|50/100
|
|-heal|p2a: Kingambit|56/100|[from] item: Leftovers
|-heal|p1a: Ting-Lu|65/100|[from] item: Leftovers
|upkeep
|turn|24
|
|t:|1743778899
|move|p2a: Kingambit|Iron Head|p1a: Ting-Lu
|-crit|p1a: Ting-Lu
|-damage|p1a: Ting-Lu|0 fnt
|faint|p1a: Ting-Lu
|
|-heal|p2a: Kingambit|62/100|[from] item: Leftovers
|upkeep
|
|t:|1743778900
|switch|p1a: Mew|Mew|100/100
|-damage|p1a: Mew|88/100|[from] Stealth Rock
|turn|25
|
|t:|1743778903
|-terastallize|p1a: Mew|Fairy
|move|p2a: Kingambit|Sucker Punch||[still]
|-fail|p2a: Kingambit
|move|p1a: Mew|Imprison|p1a: Mew
|-start|p1a: Mew|move: Imprison
|
|-heal|p1a: Mew|94/100|[from] item: Leftovers
|-heal|p2a: Kingambit|68/100|[from] item: Leftovers
|upkeep
|turn|26
|
|t:|1743778909
|move|p1a: Mew|Transform|p2a: Kingambit
|-transform|p1a: Mew|p2a: Kingambit
|-activate|p1a: Mew|ability: Supreme Overlord
|-start|p1a: Mew|fallen5|[silent]
|cant|p2a: Kingambit|move: Imprison|Iron Head
|
|-heal|p1a: Mew|100/100|[from] item: Leftovers
|-heal|p2a: Kingambit|74/100|[from] item: Leftovers
|upkeep
|turn|27
|
|t:|1743778915
|-activate|p2a: Kingambit|move: Struggle
|move|p2a: Kingambit|Struggle|p1a: Mew
|-damage|p1a: Mew|54/100
|-damage|p2a: Kingambit|49/100|[from] recoil
|move|p1a: Mew|Swords Dance|p1a: Mew
|-boost|p1a: Mew|atk|2
|
|-heal|p2a: Kingambit|55/100|[from] item: Leftovers
|-heal|p1a: Mew|61/100|[from] item: Leftovers
|upkeep
|turn|28
|
|t:|1743778918
|-activate|p2a: Kingambit|move: Struggle
|move|p2a: Kingambit|Struggle|p1a: Mew
|-damage|p1a: Mew|18/100
|-damage|p2a: Kingambit|30/100|[from] recoil
|move|p1a: Mew|Iron Head|p2a: Kingambit
|-resisted|p2a: Kingambit
|-damage|p2a: Kingambit|0 fnt
|faint|p2a: Kingambit
|-end|p2a: Kingambit|fallen5|[silent]
|
|win|alan456
|raw|alan456's rating: 1317 &rarr; <strong>1337</strong><br />(+20 for winning)
|raw|lol2kk's rating: 1321 &rarr; <strong>1301</strong><br />(-20 for losing)
|l|☆lol2kk
|player|p2|
|l|☆alan456
|player|p1|
