|j|☆Alexander90281
|j|☆Madam Ferix
|t:|1743890695
|gametype|singles
|player|p1|Alexander90281|tateandliza-gen3|1550
|player|p2|Madam Ferix|nita|1564
|teamsize|p1|6
|teamsize|p2|6
|gen|9
|tier|[Gen 9] OU
|rated|
|rule|HP Percentage Mod: HP is shown in percentages
|rule|Endless Battle Clause: Forcing endless battles is banned
|rule|Species Clause: Limit one of each Pokémon
|rule|OHKO Clause: OHKO moves are banned
|rule|Evasion Items Clause: Evasion items are banned
|rule|Evasion Moves Clause: Evasion moves are banned
|rule|Sleep Moves Clause: Sleep-inducing moves are banned
|clearpoke
|poke|p1|Mimikyu, M|
|poke|p1|Hatterene, F|
|poke|p1|Ursaluna, M|
|poke|p1|Breloom, M|
|poke|p1|Meowscarada, M|
|poke|p1|Vikavolt, F|
|poke|p2|Weavile, M|
|poke|p2|Glimmora, M|
|poke|p2|Garchomp, F|
|poke|p2|Hatterene, F|
|poke|p2|Gholdengo|
|poke|p2|Araquanid, M|
|teampreview
|
|t:|1743890719
|start
|switch|p1a: Hatterene|Hatterene, F|100/100
|switch|p2a: Glimmora|Glimmora, M|100/100
|turn|1
|
|t:|1743890740
|-terastallize|p1a: Hatterene|Steel
|move|p2a: Glimmora|Sludge Wave|p1a: Hatterene
|-immune|p1a: Hatterene
|move|p1a: Hatterene|Psychic Noise|p2a: Glimmora
|-supereffective|p2a: Glimmora
|-crit|p2a: Glimmora
|-damage|p2a: Glimmora|0 fnt
|faint|p2a: Glimmora
|
|upkeep
|
|t:|1743890749
|switch|p2a: Garchomp|Garchomp, F|100/100
|turn|2
|
|t:|1743890752
|move|p2a: Garchomp|Earthquake|p1a: Hatterene
|-supereffective|p1a: Hatterene
|-enditem|p1a: Hatterene|Focus Sash
|-damage|p1a: Hatterene|1/100
|-damage|p2a: Garchomp|91/100|[from] item: Life Orb
|move|p1a: Hatterene|Trick Room|p1a: Hatterene
|-fieldstart|move: Trick Room|[of] p1a: Hatterene
|
|upkeep
|turn|3
|
|t:|1743890762
|switch|p2a: Hatterene|Hatterene, F|100/100
|move|p1a: Hatterene|Psychic Noise|p2a: Hatterene
|-resisted|p2a: Hatterene
|-damage|p2a: Hatterene|75/100
|-start|p2a: Hatterene|move: Heal Block
|
|upkeep
|turn|4
|
|t:|1743890768
|move|p1a: Hatterene|Healing Wish|p1a: Hatterene
|faint|p1a: Hatterene
|move|p2a: Hatterene|Mystical Fire|p1: Hatterene|[notarget]
|-fail|p2a: Hatterene
|
|-end|p2a: Hatterene|move: Heal Block
|upkeep
|
|t:|1743890777
|switch|p1a: Ursaluna|Ursaluna, M|100/100
|turn|5
|
|t:|1743890789
|switch|p2a: Araquanid|Araquanid, M|100/100
|move|p1a: Ursaluna|Earthquake|p2a: Araquanid
|-resisted|p2a: Araquanid
|-damage|p2a: Araquanid|71/100
|
|-status|p1a: Ursaluna|brn|[from] item: Flame Orb
|upkeep
|turn|6
|
|t:|1743890801
|move|p2a: Araquanid|Endure|p2a: Araquanid
|-singleturn|p2a: Araquanid|move: Endure
|move|p1a: Ursaluna|Facade|p2a: Araquanid
|-activate|p2a: Araquanid|move: Endure
|-damage|p2a: Araquanid|1/100
|
|-damage|p1a: Ursaluna|94/100 brn|[from] brn
|-fieldend|move: Trick Room
|upkeep
|turn|7
|-enditem|p2a: Araquanid|Custap Berry|[eat]
|-activate|p2a: Araquanid|item: Custap Berry|[consumed]
|
|t:|1743890805
|switch|p1a: Mimikyu|Mimikyu, M|100/100
|move|p2a: Araquanid|Surf|p1a: Mimikyu
|-activate|p1a: Mimikyu|ability: Disguise
|-damage|p1a: Mimikyu|100/100
|detailschange|p1a: Mimikyu|Mimikyu-Busted, M
|-damage|p1a: Mimikyu|88/100|[from] pokemon: Mimikyu-Busted
|
|upkeep
|turn|8
|
|t:|1743890814
|move|p1a: Mimikyu|Play Rough|p2a: Araquanid
|-damage|p2a: Araquanid|0 fnt
|faint|p2a: Araquanid
|
|upkeep
|
|t:|1743890818
|switch|p2a: Garchomp|Garchomp, F|91/100
|turn|9
|
|t:|1743890826
|move|p2a: Garchomp|Iron Head|p1a: Mimikyu
|-supereffective|p1a: Mimikyu
|-damage|p1a: Mimikyu|27/100
|-damage|p2a: Garchomp|81/100|[from] item: Life Orb
|move|p1a: Mimikyu|Trick Room|p1a: Mimikyu
|-fieldstart|move: Trick Room|[of] p1a: Mimikyu
|
|upkeep
|turn|10
|
|t:|1743890844
|switch|p2a: Gholdengo|Gholdengo|100/100
|-item|p2a: Gholdengo|Air Balloon
|move|p1a: Mimikyu|Curse|p2a: Gholdengo
|-immune|p2a: Gholdengo|[from] ability: Good as Gold
|
|upkeep
|turn|11
|
|t:|1743890851
|switch|p2a: Hatterene|Hatterene, F|75/100
|move|p1a: Mimikyu|Play Rough|p2a: Hatterene
|-damage|p2a: Hatterene|52/100
|
|-heal|p2a: Hatterene|58/100|[from] item: Leftovers
|upkeep
|turn|12
|
|t:|1743890858
|move|p2a: Hatterene|Draining Kiss|p1a: Mimikyu
|-damage|p1a: Mimikyu|3/100
|-heal|p2a: Hatterene|76/100|[from] drain|[of] p1a: Mimikyu
|move|p1a: Mimikyu|Curse|p2a: Hatterene
|-start|p2a: Hatterene|Curse|[of] p1a: Mimikyu
|-damage|p1a: Mimikyu|0 fnt
|faint|p1a: Mimikyu
|
|-heal|p2a: Hatterene|82/100|[from] item: Leftovers
|-damage|p2a: Hatterene|57/100|[from] Curse
|upkeep
|
|t:|1743890863
|switch|p1a: Vikavolt|Vikavolt, F|100/100
|turn|13
|
|t:|1743890871
|move|p1a: Vikavolt|Bug Buzz|p2a: Hatterene
|-damage|p2a: Hatterene|0 fnt
|faint|p2a: Hatterene
|-enditem|p1a: Vikavolt|Throat Spray
|-boost|p1a: Vikavolt|spa|1|[from] item: Throat Spray
|
|-fieldend|move: Trick Room
|upkeep
|
|t:|1743890886
|switch|p2a: Garchomp|Garchomp, F|81/100
|turn|14
|
|t:|1743890891
|move|p2a: Garchomp|Iron Head|p1a: Vikavolt
|-resisted|p1a: Vikavolt
|-damage|p1a: Vikavolt|83/100
|-damage|p2a: Garchomp|71/100|[from] item: Life Orb
|move|p1a: Vikavolt|Bug Buzz|p2a: Garchomp
|-crit|p2a: Garchomp
|-damage|p2a: Garchomp|0 fnt
|faint|p2a: Garchomp
|
|upkeep
|
|t:|1743890894
|switch|p2a: Weavile|Weavile, M|100/100
|-ability|p2a: Weavile|Pressure
|turn|15
|
|t:|1743890903
|move|p2a: Weavile|Triple Axel|p1a: Vikavolt
|-damage|p1a: Vikavolt|72/100
|-damage|p1a: Vikavolt|52/100
|-damage|p1a: Vikavolt|20/100
|-hitcount|p1a: Vikavolt|3
|move|p1a: Vikavolt|Bug Buzz|p2a: Weavile
|-supereffective|p2a: Weavile
|-damage|p2a: Weavile|0 fnt
|faint|p2a: Weavile
|
|upkeep
|
|t:|1743890906
|switch|p2a: Gholdengo|Gholdengo|100/100
|-item|p2a: Gholdengo|Air Balloon
|turn|16
|
|t:|1743890924
|move|p2a: Gholdengo|Shadow Ball|p1a: Vikavolt
|-damage|p1a: Vikavolt|0 fnt
|faint|p1a: Vikavolt
|
|upkeep
|
|t:|1743890927
|switch|p1a: Meowscarada|Meowscarada, M|100/100
|turn|17
|
|t:|1743890932
|-terastallize|p2a: Gholdengo|Fairy
|move|p1a: Meowscarada|Knock Off|p2a: Gholdengo
|-start|p1a: Meowscarada|typechange|Dark|[from] ability: Protean
|-resisted|p2a: Gholdengo
|-damage|p2a: Gholdengo|78/100
|-enditem|p2a: Gholdengo|Air Balloon
|move|p2a: Gholdengo|Nasty Plot|p2a: Gholdengo
|-boost|p2a: Gholdengo|spa|2
|
|upkeep
|turn|18
|
|t:|1743890940
|switch|p1a: Breloom|Breloom, M|100/100
|move|p2a: Gholdengo|Make It Rain|p1a: Breloom
|-damage|p1a: Breloom|0 fnt
|-unboost|p2a: Gholdengo|spa|1
|faint|p1a: Breloom
|
|upkeep
|
|t:|1743890945
|switch|p1a: Ursaluna|Ursaluna, M|94/100 brn
|-heal|p1a: Ursaluna|100/100|[from] move: Healing Wish
|turn|19
|
|t:|1743890949
|move|p2a: Gholdengo|Make It Rain|p1a: Ursaluna
|-damage|p1a: Ursaluna|36/100
|-unboost|p2a: Gholdengo|spa|1
|move|p1a: Ursaluna|Earthquake|p2a: Gholdengo
|-damage|p2a: Gholdengo|33/100
|
|-status|p1a: Ursaluna|brn|[from] item: Flame Orb
|upkeep
|turn|20
|
|t:|1743890953
|move|p2a: Gholdengo|Make It Rain|p1a: Ursaluna
|-damage|p1a: Ursaluna|0 fnt
|-unboost|p2a: Gholdengo|spa|1
|faint|p1a: Ursaluna
|
|upkeep
|
|t:|1743890955
|switch|p1a: Meowscarada|Meowscarada, M|100/100
|turn|21
|
|t:|1743890957
|move|p1a: Meowscarada|Flower Trick|p2a: Gholdengo
|-start|p1a: Meowscarada|typechange|Grass|[from] ability: Protean
|-crit|p2a: Gholdengo
|-damage|p2a: Gholdengo|0 fnt
|faint|p2a: Gholdengo
|
|win|Alexander90281
|raw|Alexander90281's rating: 1550 &rarr; <strong>1571</strong><br />(+21 for winning)
|raw|Madam Ferix's rating: 1564 &rarr; <strong>1543</strong><br />(-21 for losing)
|l|☆Madam Ferix
|player|p2|
|l|☆Alexander90281
|player|p1|
