|j|☆memer_is_a_slur
|j|☆longman89
|t:|1743901383
|gametype|singles
|player|p1|memer_is_a_slur|blaine|1383
|player|p2|longman89|101|1347
|teamsize|p1|6
|teamsize|p2|6
|gen|9
|tier|[Gen 9] OU
|rated|
|rule|HP Percentage Mod: HP is shown in percentages
|rule|Endless Battle Clause: Forcing endless battles is banned
|rule|Species Clause: Limit one of each Pokémon
|rule|OHKO Clause: OHKO moves are banned
|rule|Evasion Items Clause: Evasion items are banned
|rule|Evasion Moves Clause: Evasion moves are banned
|rule|Sleep Moves Clause: Sleep-inducing moves are banned
|clearpoke
|poke|p1|Blissey, F|
|poke|p1|Clefable, M|
|poke|p1|Gliscor, M|
|poke|p1|Ting-Lu|
|poke|p1|Dondozo, F|
|poke|p1|Clodsire, F|
|poke|p2|Serperior, F|
|poke|p2|Greninja-*, M|
|poke|p2|Mew|
|poke|p2|Ogerpon-Cornerstone, F|
|poke|p2|Jirachi|
|poke|p2|Murkrow, F|
|teampreview
|inactive|Battle timer is ON: inactive players will automatically lose when time's up. (requested by memer_is_a_slur)
|l|☆longman89
|inactive|longman89 disconnected and has a minute to reconnect!
|player|p2|
|j|☆longman89
|inactive|longman89 reconnected and has 130 seconds left.
|player|p2|longman89|101|
|
|t:|1743901410
|start
|switch|p1a: mmm sand|Gliscor, M|100/100
|switch|p2a: Serperior|Serperior, F|100/100
|turn|1
|
|t:|1743901421
|move|p1a: mmm sand|Protect|p1a: mmm sand
|-singleturn|p1a: mmm sand|Protect
|move|p2a: Serperior|Glare|p1a: mmm sand
|-activate|p1a: mmm sand|move: Protect
|
|-status|p1a: mmm sand|tox|[from] item: Toxic Orb
|upkeep
|turn|2
|
|t:|1743901424
|move|p2a: Serperior|Leech Seed|p1a: mmm sand|[miss]
|-miss|p2a: Serperior|p1a: mmm sand
|move|p1a: mmm sand|Toxic|p2a: Serperior
|-status|p2a: Serperior|tox
|
|-damage|p2a: Serperior|94/100 tox|[from] psn
|upkeep
|turn|3
|
|t:|1743901427
|move|p2a: Serperior|Leech Seed|p1a: mmm sand
|-start|p1a: mmm sand|move: Leech Seed
|move|p1a: mmm sand|Knock Off|p2a: Serperior
|-damage|p2a: Serperior|74/100 tox
|-enditem|p2a: Serperior|Meadow Plate|[from] move: Knock Off|[of] p1a: mmm sand
|
|-damage|p1a: mmm sand|88/100 tox|[from] Leech Seed|[of] p2a: Serperior
|-heal|p2a: Serperior|87/100 tox|[silent]
|-damage|p2a: Serperior|74/100 tox|[from] psn
|-heal|p1a: mmm sand|100/100 tox|[from] ability: Poison Heal
|upkeep
|turn|4
|
|t:|1743901433
|switch|p1a: Clefy|Clefable, M|100/100
|move|p2a: Serperior|Leaf Storm|p1a: Clefy
|-damage|p1a: Clefy|66/100
|-boost|p2a: Serperior|spa|2
|
|-heal|p1a: Clefy|72/100|[from] item: Leftovers
|-damage|p2a: Serperior|56/100 tox|[from] psn
|upkeep
|turn|5
|
|t:|1743901437
|move|p1a: Clefy|Protect|p1a: Clefy
|-singleturn|p1a: Clefy|Protect
|move|p2a: Serperior|Glare|p1a: Clefy
|-activate|p1a: Clefy|move: Protect
|
|-heal|p1a: Clefy|78/100|[from] item: Leftovers
|-damage|p2a: Serperior|31/100 tox|[from] psn
|upkeep
|turn|6
|
|t:|1743901442
|switch|p1a: fent goblin|Clodsire, F|100/100
|move|p2a: Serperior|Leaf Storm|p1a: fent goblin|[miss]
|-miss|p2a: Serperior|p1a: fent goblin
|
|-damage|p2a: Serperior|0 fnt|[from] psn
|faint|p2a: Serperior
|upkeep
|
|t:|1743901452
|switch|p2a: Mew|Mew|100/100
|turn|7
|
|t:|1743901459
|switch|p1a: TheSlowRush|Ting-Lu|100/100
|-ability|p1a: TheSlowRush|Vessel of Ruin
|move|p2a: Mew|Ice Beam|p1a: TheSlowRush
|-supereffective|p1a: TheSlowRush
|-damage|p1a: TheSlowRush|73/100
|
|upkeep
|turn|8
|
|t:|1743901464
|-terastallize|p2a: Mew|Fighting
|move|p2a: Mew|Aura Sphere|p1a: TheSlowRush
|-supereffective|p1a: TheSlowRush
|-damage|p1a: TheSlowRush|36/100
|move|p1a: TheSlowRush|Stealth Rock|p2a: Mew
|-sidestart|p2: longman89|move: Stealth Rock
|
|upkeep
|turn|9
|
|t:|1743901467
|switch|p1a: Neverender|Blissey, F|100/100
|move|p2a: Mew|Aura Sphere|p1a: Neverender
|-supereffective|p1a: Neverender
|-damage|p1a: Neverender|74/100
|
|upkeep
|turn|10
|
|t:|1743901470
|move|p2a: Mew|Aura Sphere|p1a: Neverender
|-supereffective|p1a: Neverender
|-damage|p1a: Neverender|46/100
|move|p1a: Neverender|Calm Mind|p1a: Neverender
|-boost|p1a: Neverender|spa|1
|-boost|p1a: Neverender|spd|1
|
|upkeep
|turn|11
|
|t:|1743901473
|move|p2a: Mew|Aura Sphere|p1a: Neverender
|-supereffective|p1a: Neverender
|-damage|p1a: Neverender|28/100
|move|p1a: Neverender|Soft-Boiled|p1a: Neverender
|-heal|p1a: Neverender|78/100
|
|upkeep
|turn|12
|
|t:|1743901477
|move|p2a: Mew|Nasty Plot|p2a: Mew
|-boost|p2a: Mew|spa|2
|move|p1a: Neverender|Calm Mind|p1a: Neverender
|-boost|p1a: Neverender|spa|1
|-boost|p1a: Neverender|spd|1
|
|upkeep
|turn|13
|
|t:|1743901479
|move|p2a: Mew|Aura Sphere|p1a: Neverender
|-supereffective|p1a: Neverender
|-damage|p1a: Neverender|54/100
|move|p1a: Neverender|Calm Mind|p1a: Neverender
|-boost|p1a: Neverender|spa|1
|-boost|p1a: Neverender|spd|1
|
|upkeep
|turn|14
|
|t:|1743901481
|move|p2a: Mew|Nasty Plot|p2a: Mew
|-boost|p2a: Mew|spa|2
|move|p1a: Neverender|Soft-Boiled|p1a: Neverender
|-heal|p1a: Neverender|100/100
|
|upkeep
|turn|15
|
|t:|1743901484
|move|p2a: Mew|Nasty Plot|p2a: Mew
|-boost|p2a: Mew|spa|2
|move|p1a: Neverender|Calm Mind|p1a: Neverender
|-boost|p1a: Neverender|spa|1
|-boost|p1a: Neverender|spd|1
|
|upkeep
|turn|16
|
|t:|1743901487
|move|p2a: Mew|Aura Sphere|p1a: Neverender
|-supereffective|p1a: Neverender
|-damage|p1a: Neverender|68/100
|move|p1a: Neverender|Calm Mind|p1a: Neverender
|-boost|p1a: Neverender|spa|1
|-boost|p1a: Neverender|spd|1
|
|upkeep
|turn|17
|
|t:|1743901490
|move|p2a: Mew|Aura Sphere|p1a: Neverender
|-supereffective|p1a: Neverender
|-damage|p1a: Neverender|41/100
|move|p1a: Neverender|Calm Mind|p1a: Neverender
|-boost|p1a: Neverender|spa|1
|-boost|p1a: Neverender|spd|1
|
|upkeep
|turn|18
|
|t:|1743901493
|move|p2a: Mew|Aura Sphere|p1a: Neverender
|-supereffective|p1a: Neverender
|-damage|p1a: Neverender|16/100
|move|p1a: Neverender|Soft-Boiled|p1a: Neverender
|-heal|p1a: Neverender|66/100
|
|upkeep
|turn|19
|
|t:|1743901498
|move|p2a: Mew|Aura Sphere|p1a: Neverender
|-supereffective|p1a: Neverender
|-damage|p1a: Neverender|41/100
|move|p1a: Neverender|Soft-Boiled|p1a: Neverender
|-heal|p1a: Neverender|91/100
|
|upkeep
|turn|20
|
|t:|1743901500
|move|p2a: Mew|Aura Sphere|p1a: Neverender
|-supereffective|p1a: Neverender
|-damage|p1a: Neverender|64/100
|move|p1a: Neverender|Seismic Toss|p2a: Mew
|-damage|p2a: Mew|71/100
|
|upkeep
|turn|21
|
|t:|1743901506
|move|p2a: Mew|Aura Sphere|p1a: Neverender
|-supereffective|p1a: Neverender
|-damage|p1a: Neverender|38/100
|move|p1a: Neverender|Soft-Boiled|p1a: Neverender
|-heal|p1a: Neverender|88/100
|
|upkeep
|turn|22
|
|t:|1743901510
|move|p2a: Mew|Aura Sphere|p1a: Neverender
|-supereffective|p1a: Neverender
|-damage|p1a: Neverender|64/100
|move|p1a: Neverender|Calm Mind|p1a: Neverender
|-boost|p1a: Neverender|spa|0
|-boost|p1a: Neverender|spd|0
|
|upkeep
|turn|23
|
|t:|1743901512
|move|p2a: Mew|Aura Sphere|p1a: Neverender
|-supereffective|p1a: Neverender
|-damage|p1a: Neverender|40/100
|move|p1a: Neverender|Shadow Ball|p2a: Mew
|-damage|p2a: Mew|15/100
|
|upkeep
|turn|24
|
|t:|1743901518
|move|p2a: Mew|Aura Sphere|p1a: Neverender
|-supereffective|p1a: Neverender
|-damage|p1a: Neverender|12/100
|move|p1a: Neverender|Soft-Boiled|p1a: Neverender
|-heal|p1a: Neverender|62/100
|
|upkeep
|turn|25
|
|t:|1743901521
|move|p2a: Mew|Aura Sphere|p1a: Neverender
|-supereffective|p1a: Neverender
|-damage|p1a: Neverender|37/100
|move|p1a: Neverender|Shadow Ball|p2a: Mew
|-damage|p2a: Mew|0 fnt
|faint|p2a: Mew
|
|upkeep
|
|t:|1743901526
|switch|p2a: Jirachi|Jirachi|100/100
|-damage|p2a: Jirachi|94/100|[from] Stealth Rock
|turn|26
|
|t:|1743901528
|move|p2a: Jirachi|Iron Head|p1a: Neverender
|-damage|p1a: Neverender|0 fnt
|faint|p1a: Neverender
|
|upkeep
|
|t:|1743901531
|switch|p1a: mmm sand|Gliscor, M|100/100 tox
|turn|27
|
|t:|1743901549
|move|p2a: Jirachi|Iron Head|p1a: mmm sand
|-damage|p1a: mmm sand|79/100 tox
|cant|p1a: mmm sand|flinch
|
|-heal|p1a: mmm sand|91/100 tox|[from] ability: Poison Heal
|upkeep
|turn|28
|
|t:|1743901553
|move|p2a: Jirachi|Iron Head|p1a: mmm sand
|-damage|p1a: mmm sand|67/100 tox
|cant|p1a: mmm sand|flinch
|
|-heal|p1a: mmm sand|80/100 tox|[from] ability: Poison Heal
|upkeep
|turn|29
|
|t:|1743901557
|move|p2a: Jirachi|Iron Head|p1a: mmm sand
|-damage|p1a: mmm sand|56/100 tox
|cant|p1a: mmm sand|flinch
|
|-heal|p1a: mmm sand|68/100 tox|[from] ability: Poison Heal
|upkeep
|turn|30
|
|t:|1743901561
|move|p2a: Jirachi|Iron Head|p1a: mmm sand
|-damage|p1a: mmm sand|44/100 tox
|move|p1a: mmm sand|Knock Off|p2a: Jirachi
|-supereffective|p2a: Jirachi
|-damage|p2a: Jirachi|55/100
|-enditem|p2a: Jirachi|Choice Scarf|[from] move: Knock Off|[of] p1a: mmm sand
|
|-heal|p1a: mmm sand|57/100 tox|[from] ability: Poison Heal
|upkeep
|turn|31
|
|t:|1743901569
|move|p1a: mmm sand|Protect|p1a: mmm sand
|-singleturn|p1a: mmm sand|Protect
|move|p2a: Jirachi|Ice Punch|p1a: mmm sand
|-activate|p1a: mmm sand|move: Protect
|
|-heal|p1a: mmm sand|69/100 tox|[from] ability: Poison Heal
|upkeep
|turn|32
|
|t:|1743901574
|switch|p1a: Ahsa|Dondozo, F|100/100
|move|p2a: Jirachi|Body Slam|p1a: Ahsa
|-damage|p1a: Ahsa|89/100
|-status|p1a: Ahsa|par
|
|upkeep
|turn|33
|
|t:|1743901579
|switch|p2a: Murkrow|Murkrow, F|100/100
|-damage|p2a: Murkrow|76/100|[from] Stealth Rock
|move|p1a: Ahsa|Waterfall|p2a: Murkrow
|-damage|p2a: Murkrow|39/100
|
|upkeep
|turn|34
|
|t:|1743901586
|move|p2a: Murkrow|Perish Song|p2a: Murkrow
|-start|p1a: Ahsa|perish3|[silent]
|-start|p2a: Murkrow|perish3|[silent]
|-fieldactivate|move: Perish Song
|cant|p1a: Ahsa|par
|
|-start|p2a: Murkrow|perish3
|-start|p1a: Ahsa|perish3
|upkeep
|turn|35
|
|t:|1743901591
|move|p2a: Murkrow|Thunder Wave|p1a: Ahsa
|-fail|p1a: Ahsa|par
|move|p1a: Ahsa|Waterfall|p2a: Murkrow
|-damage|p2a: Murkrow|6/100
|
|-start|p2a: Murkrow|perish2
|-start|p1a: Ahsa|perish2
|upkeep
|turn|36
|
|t:|1743901596
|move|p2a: Murkrow|Foul Play|p1a: Ahsa
|-damage|p1a: Ahsa|73/100 par
|move|p1a: Ahsa|Waterfall|p2a: Murkrow
|-damage|p2a: Murkrow|0 fnt
|faint|p2a: Murkrow
|
|-start|p1a: Ahsa|perish1
|upkeep
|
|t:|1743901599
|switch|p2a: Ogerpon|Ogerpon-Cornerstone, F|100/100
|-damage|p2a: Ogerpon|88/100|[from] Stealth Rock
|turn|37
|
|t:|1743901604
|move|p2a: Ogerpon|Swords Dance|p2a: Ogerpon
|-boost|p2a: Ogerpon|atk|2
|move|p1a: Ahsa|Rest|p1a: Ahsa
|-status|p1a: Ahsa|slp|[from] move: Rest
|-heal|p1a: Ahsa|100/100 slp|[silent]
|
|-start|p1a: Ahsa|perish0
|upkeep
|faint|p1a: Ahsa
|
|t:|1743901610
|switch|p1a: mmm sand|Gliscor, M|69/100 tox
|turn|38
|
|t:|1743901617
|move|p2a: Ogerpon|Ivy Cudgel|p1a: mmm sand|[anim] Ivy Cudgel Rock
|-damage|p1a: mmm sand|0 fnt
|faint|p1a: mmm sand
|
|upkeep
|
|t:|1743901620
|switch|p1a: fent goblin|Clodsire, F|100/100
|turn|39
|
|t:|1743901622
|move|p2a: Ogerpon|Horn Leech|p1a: fent goblin
|-damage|p1a: fent goblin|38/100
|-heal|p2a: Ogerpon|100/100|[from] drain|[of] p1a: fent goblin
|move|p1a: fent goblin|Toxic|p2a: Ogerpon
|-status|p2a: Ogerpon|tox
|
|-damage|p2a: Ogerpon|95/100 tox|[from] psn
|upkeep
|turn|40
|
|t:|1743901625
|move|p1a: fent goblin|Protect|p1a: fent goblin
|-singleturn|p1a: fent goblin|Protect
|move|p2a: Ogerpon|Ivy Cudgel|p1a: fent goblin|[anim] Ivy Cudgel Rock
|-activate|p1a: fent goblin|move: Protect
|
|-damage|p2a: Ogerpon|83/100 tox|[from] psn
|upkeep
|turn|41
|
|t:|1743901629
|-terastallize|p1a: fent goblin|Steel
|move|p2a: Ogerpon|Ivy Cudgel|p1a: fent goblin|[anim] Ivy Cudgel Rock
|-resisted|p1a: fent goblin
|-damage|p1a: fent goblin|0 fnt
|faint|p1a: fent goblin
|
|-damage|p2a: Ogerpon|65/100 tox|[from] psn
|upkeep
|
|t:|1743901631
|switch|p1a: Clefy|Clefable, M|78/100
|turn|42
|
|t:|1743901634
|move|p1a: Clefy|Protect|p1a: Clefy
|-singleturn|p1a: Clefy|Protect
|move|p2a: Ogerpon|Ivy Cudgel|p1a: Clefy|[anim] Ivy Cudgel Rock
|-activate|p1a: Clefy|move: Protect
|
|-heal|p1a: Clefy|84/100|[from] item: Leftovers
|-damage|p2a: Ogerpon|41/100 tox|[from] psn
|upkeep
|turn|43
|
|t:|1743901638
|move|p2a: Ogerpon|Ivy Cudgel|p1a: Clefy|[anim] Ivy Cudgel Rock
|-damage|p1a: Clefy|0 fnt
|faint|p1a: Clefy
|
|-damage|p2a: Ogerpon|11/100 tox|[from] psn
|upkeep
|
|t:|1743901639
|switch|p1a: TheSlowRush|Ting-Lu|36/100
|-ability|p1a: TheSlowRush|Vessel of Ruin
|turn|44
|
|t:|1743901641
|move|p2a: Ogerpon|Horn Leech|p1a: TheSlowRush
|-supereffective|p1a: TheSlowRush
|-damage|p1a: TheSlowRush|0 fnt
|-heal|p2a: Ogerpon|42/100 tox|[from] drain|[of] p1a: TheSlowRush
|faint|p1a: TheSlowRush
|
|win|longman89
|raw|memer_is_a_slur's rating: 1383 &rarr; <strong>1361</strong><br />(-22 for losing)
|raw|longman89's rating: 1347 &rarr; <strong>1369</strong><br />(+22 for winning)
|l|☆memer_is_a_slur
|player|p1|
|c|☆longman89|Get rekt
|l|☆longman89
|player|p2|
