|j|☆niginggig
|j|☆Karivaar
|t:|1743927192
|gametype|singles
|player|p1|niginggig|169|1216
|player|p2|Karivaar|blackbelt|1235
|teamsize|p1|6
|teamsize|p2|6
|gen|9
|tier|[Gen 9] OU
|rated|
|rule|HP Percentage Mod: HP is shown in percentages
|rule|Endless Battle Clause: Forcing endless battles is banned
|rule|Species Clause: Limit one of each Pokémon
|rule|OHKO Clause: OHKO moves are banned
|rule|Evasion Items Clause: Evasion items are banned
|rule|Evasion Moves Clause: Evasion moves are banned
|rule|Sleep Moves Clause: Sleep-inducing moves are banned
|clearpoke
|poke|p1|Iron Crown|
|poke|p1|Iron Valiant|
|poke|p1|Dragonite, F|
|poke|p1|Cinderace, M|
|poke|p1|Corviknight, F|
|poke|p1|Clodsire, M|
|poke|p2|Pelipper, M|
|poke|p2|Basculegion-F, F|
|poke|p2|Zapdos|
|poke|p2|Barraskewda, M|
|poke|p2|Great Tusk|
|poke|p2|Rillaboom, F|
|teampreview
|inactive|Battle timer is ON: inactive players will automatically lose when time's up. (requested by Karivaar)
|
|t:|1743927199
|start
|switch|p1a: Iron Valiant|Iron Valiant|100/100
|switch|p2a: Le LAITIER|Pelipper, M|100/100
|-weather|RainDance|[from] ability: Drizzle|[of] p2a: Le LAITIER
|-enditem|p1a: Iron Valiant|Booster Energy
|-activate|p1a: Iron Valiant|ability: Quark Drive|[fromitem]
|-start|p1a: Iron Valiant|quarkdrivespe
|turn|1
|
|t:|1743927216
|-terastallize|p1a: Iron Valiant|Steel
|move|p1a: Iron Valiant|Swords Dance|p1a: Iron Valiant
|-boost|p1a: Iron Valiant|atk|2
|move|p2a: Le LAITIER|Hurricane|p1a: Iron Valiant
|-resisted|p1a: Iron Valiant
|-damage|p1a: Iron Valiant|69/100
|
|-weather|RainDance|[upkeep]
|upkeep
|turn|2
|
|t:|1743927226
|move|p1a: Iron Valiant|Spirit Break|p2a: Le LAITIER
|-damage|p2a: Le LAITIER|41/100
|-unboost|p2a: Le LAITIER|spa|1
|move|p2a: Le LAITIER|Weather Ball|p1a: Iron Valiant
|-damage|p1a: Iron Valiant|7/100
|
|-weather|RainDance|[upkeep]
|upkeep
|turn|3
|
|t:|1743927243
|switch|p2a: DEJA-VU|Basculegion-F, F|100/100
|move|p1a: Iron Valiant|Drain Punch|p2a: DEJA-VU
|-immune|p2a: DEJA-VU
|
|-weather|RainDance|[upkeep]
|upkeep
|turn|4
|
|t:|1743927254
|move|p1a: Iron Valiant|Spirit Break|p2a: DEJA-VU
|-damage|p2a: DEJA-VU|0 fnt
|faint|p2a: DEJA-VU
|
|-weather|RainDance|[upkeep]
|upkeep
|
|t:|1743927257
|switch|p2a: Im fast as f Boiii|Barraskewda, M|100/100
|turn|5
|
|t:|1743927271
|-end|p1a: Iron Valiant|Quark Drive|[silent]
|switch|p1a: Corviknight|Corviknight, F|100/100
|-ability|p1a: Corviknight|Pressure
|move|p2a: Im fast as f Boiii|Aqua Jet|p1a: Corviknight
|-damage|p1a: Corviknight|66/100
|
|-weather|RainDance|[upkeep]
|-heal|p1a: Corviknight|73/100|[from] item: Leftovers
|upkeep
|turn|6
|
|t:|1743927288
|switch|p2a: TRALALELO TRALALA|Zapdos|100/100
|move|p1a: Corviknight|Reflect|p1a: Corviknight
|-sidestart|p1: niginggig|Reflect
|
|-weather|RainDance|[upkeep]
|-heal|p1a: Corviknight|79/100|[from] item: Leftovers
|upkeep
|turn|7
|
|t:|1743927296
|switch|p1a: Clodsire|Clodsire, M|100/100
|move|p2a: TRALALELO TRALALA|Thunder|p1a: Clodsire
|-immune|p1a: Clodsire
|
|-weather|RainDance|[upkeep]
|upkeep
|turn|8
|
|t:|1743927302
|move|p2a: TRALALELO TRALALA|Hurricane|p1a: Clodsire
|-damage|p1a: Clodsire|66/100
|-start|p1a: Clodsire|confusion
|-activate|p1a: Clodsire|confusion
|move|p1a: Clodsire|Toxic|p2a: TRALALELO TRALALA
|-status|p2a: TRALALELO TRALALA|tox
|
|-weather|none
|-damage|p2a: TRALALELO TRALALA|94/100 tox|[from] psn
|upkeep
|turn|9
|
|t:|1743927311
|move|p2a: TRALALELO TRALALA|Hurricane|p1a: Clodsire
|-damage|p1a: Clodsire|32/100
|-activate|p1a: Clodsire|confusion
|move|p1a: Clodsire|Toxic Spikes|p2a: TRALALELO TRALALA
|-sidestart|p2: Karivaar|move: Toxic Spikes
|
|-damage|p2a: TRALALELO TRALALA|82/100 tox|[from] psn
|upkeep
|turn|10
|
|t:|1743927319
|switch|p2a: Le LAITIER|Pelipper, M|41/100
|-weather|RainDance|[from] ability: Drizzle|[of] p2a: Le LAITIER
|-end|p1a: Clodsire|confusion
|move|p1a: Clodsire|Toxic Spikes|p2a: Le LAITIER
|-sidestart|p2: Karivaar|move: Toxic Spikes
|
|-weather|RainDance|[upkeep]
|-sideend|p1: niginggig|Reflect
|upkeep
|turn|11
|
|t:|1743927326
|move|p2a: Le LAITIER|Weather Ball|p1a: Clodsire
|-supereffective|p1a: Clodsire
|-damage|p1a: Clodsire|0 fnt
|faint|p1a: Clodsire
|
|-weather|RainDance|[upkeep]
|upkeep
|
|t:|1743927334
|switch|p1a: Iron Crown|Iron Crown|100/100
|turn|12
|
|t:|1743927340
|move|p1a: Iron Crown|Volt Switch|p2a: Le LAITIER
|-supereffective|p2a: Le LAITIER
|-damage|p2a: Le LAITIER|0 fnt
|faint|p2a: Le LAITIER
|
|t:|1743927349
|-end|p1a: Iron Crown|Quark Drive|[silent]
|switch|p1a: Dragonite|Dragonite, F|100/100|[from] Volt Switch
|
|-weather|RainDance|[upkeep]
|upkeep
|
|t:|1743927359
|switch|p2a: JOHN CENA|Great Tusk|100/100
|turn|13
|
|t:|1743927368
|move|p1a: Dragonite|Scale Shot|p2a: JOHN CENA
|-damage|p2a: JOHN CENA|86/100
|-damage|p2a: JOHN CENA|72/100
|-hitcount|p2a: JOHN CENA|2
|-unboost|p1a: Dragonite|def|1
|-boost|p1a: Dragonite|spe|1
|move|p2a: JOHN CENA|Rapid Spin|p1a: Dragonite
|-damage|p1a: Dragonite|85/100
|-boost|p2a: JOHN CENA|spe|1
|-sideend|p2: Karivaar|Toxic Spikes|[from] move: Rapid Spin|[of] p2a: JOHN CENA
|
|-weather|RainDance|[upkeep]
|upkeep
|turn|14
|
|t:|1743927377
|-terastallize|p2a: JOHN CENA|Steel
|move|p1a: Dragonite|Scale Shot|p2a: JOHN CENA
|-resisted|p2a: JOHN CENA
|-damage|p2a: JOHN CENA|65/100
|-resisted|p2a: JOHN CENA
|-damage|p2a: JOHN CENA|58/100
|-resisted|p2a: JOHN CENA
|-damage|p2a: JOHN CENA|51/100
|-resisted|p2a: JOHN CENA
|-damage|p2a: JOHN CENA|44/100
|-hitcount|p2a: JOHN CENA|4
|-unboost|p1a: Dragonite|def|1
|-boost|p1a: Dragonite|spe|1
|move|p2a: JOHN CENA|Ice Spinner|p1a: Dragonite
|-supereffective|p1a: Dragonite
|-damage|p1a: Dragonite|0 fnt
|faint|p1a: Dragonite
|
|-weather|RainDance|[upkeep]
|upkeep
|
|t:|1743927401
|switch|p1a: Cinderace|Cinderace, M|100/100
|turn|15
|
|t:|1743927408
|move|p2a: JOHN CENA|Close Combat|p1a: Cinderace
|-damage|p1a: Cinderace|2/100
|-unboost|p2a: JOHN CENA|def|1
|-unboost|p2a: JOHN CENA|spd|1
|-enditem|p1a: Cinderace|Salac Berry|[eat]
|-boost|p1a: Cinderace|spe|1|[from] item: Salac Berry
|move|p1a: Cinderace|High Jump Kick|p2a: JOHN CENA
|-start|p1a: Cinderace|typechange|Fighting|[from] ability: Libero
|-supereffective|p2a: JOHN CENA
|-damage|p2a: JOHN CENA|0 fnt
|faint|p2a: JOHN CENA
|-end|p2a: JOHN CENA|Protosynthesis|[silent]
|
|-weather|RainDance|[upkeep]
|upkeep
|
|t:|1743927418
|switch|p2a: Im fast as f Boiii|Barraskewda, M|100/100
|turn|16
|
|t:|1743927426
|move|p1a: Cinderace|Sucker Punch|p2a: Im fast as f Boiii
|-damage|p2a: Im fast as f Boiii|54/100
|move|p2a: Im fast as f Boiii|Liquidation|p1a: Cinderace
|-damage|p1a: Cinderace|0 fnt
|faint|p1a: Cinderace
|
|-weather|RainDance|[upkeep]
|upkeep
|
|t:|1743927440
|switch|p1a: Corviknight|Corviknight, F|79/100
|-ability|p1a: Corviknight|Pressure
|turn|17
|
|t:|1743927453
|switch|p1a: Iron Valiant|Iron Valiant, tera:Steel|7/100
|move|p2a: Im fast as f Boiii|Liquidation|p1a: Iron Valiant
|-damage|p1a: Iron Valiant|0 fnt
|faint|p1a: Iron Valiant
|-end|p1a: Iron Valiant|Quark Drive|[silent]
|
|-weather|none
|upkeep
|
|t:|1743927458
|switch|p1a: Iron Crown|Iron Crown|100/100
|turn|18
|
|t:|1743927462
|move|p2a: Im fast as f Boiii|Liquidation|p1a: Iron Crown
|-damage|p1a: Iron Crown|23/100
|-unboost|p1a: Iron Crown|def|1
|move|p1a: Iron Crown|Volt Switch|p2a: Im fast as f Boiii
|-supereffective|p2a: Im fast as f Boiii
|-damage|p2a: Im fast as f Boiii|0 fnt
|faint|p2a: Im fast as f Boiii
|
|t:|1743927465
|-end|p1a: Iron Crown|Quark Drive|[silent]
|switch|p1a: Corviknight|Corviknight, F|79/100|[from] Volt Switch
|-ability|p1a: Corviknight|Pressure
|
|-heal|p1a: Corviknight|85/100|[from] item: Leftovers
|upkeep
|
|t:|1743927469
|switch|p2a: TRALALELO TRALALA|Zapdos|82/100 tox
|turn|19
|
|t:|1743927474
|move|p2a: TRALALELO TRALALA|Thunder|p1a: Corviknight
|-supereffective|p1a: Corviknight
|-damage|p1a: Corviknight|0 fnt
|faint|p1a: Corviknight
|
|-damage|p2a: TRALALELO TRALALA|76/100 tox|[from] psn
|upkeep
|
|t:|1743927478
|switch|p1a: Iron Crown|Iron Crown|23/100
|turn|20
|c|☆niginggig|gg
|
|t:|1743927486
|move|p1a: Iron Crown|Tachyon Cutter|p2a: TRALALELO TRALALA
|-resisted|p2a: TRALALELO TRALALA
|-damage|p2a: TRALALELO TRALALA|55/100 tox
|-resisted|p2a: TRALALELO TRALALA
|-damage|p2a: TRALALELO TRALALA|32/100 tox
|-hitcount|p2a: TRALALELO TRALALA|2
|move|p2a: TRALALELO TRALALA|Volt Switch|p1a: Iron Crown
|-damage|p1a: Iron Crown|0 fnt
|faint|p1a: Iron Crown
|-end|p1a: Iron Crown|Quark Drive|[silent]
|
|win|Karivaar
|raw|niginggig's rating: 1216 &rarr; <strong>1192</strong><br />(-24 for losing)
|raw|Karivaar's rating: 1235 &rarr; <strong>1259</strong><br />(+24 for winning)
|l|☆niginggig
|player|p1|
|l|☆Karivaar
|player|p2|
