|j|☆Dietzenbacher
|j|☆browoo42
|t:|1743825408
|gametype|singles
|player|p1|Dietzenbacher|camper|1425
|player|p2|browoo42|170|1480
|teamsize|p1|6
|teamsize|p2|6
|gen|9
|tier|[Gen 9] OU
|rated|
|rule|HP Percentage Mod: HP is shown in percentages
|rule|Endless Battle Clause: Forcing endless battles is banned
|rule|Species Clause: Limit one of each Pokémon
|rule|OHKO Clause: OHKO moves are banned
|rule|Evasion Items Clause: Evasion items are banned
|rule|Evasion Moves Clause: Evasion moves are banned
|rule|Sleep Moves Clause: Sleep-inducing moves are banned
|clearpoke
|poke|p1|Corviknight, M|
|poke|p1|Meowscarada, M|
|poke|p1|Ting-Lu|
|poke|p1|Kingambit, M|
|poke|p1|Keldeo-Resolute|
|poke|p1|Darkrai|
|poke|p2|Jirachi|
|poke|p2|Dragonite, M|
|poke|p2|Crawdaunt, M|
|poke|p2|Mew|
|poke|p2|Corviknight, F|
|poke|p2|Dragapult, F|
|teampreview
|inactive|Battle timer is ON: inactive players will automatically lose when time's up. (requested by Dietzenbacher)
|
|t:|1743825430
|start
|switch|p1a: Crit Spawner|Meowscarada, M, shiny|100/100
|switch|p2a: Dragapult|Dragapult, F|100/100
|turn|1
|
|t:|1743825436
|switch|p1a: Bulky Bird|Corviknight, M, shiny|100/100
|move|p2a: Dragapult|U-turn|p1a: Bulky Bird
|-resisted|p1a: Bulky Bird
|-damage|p1a: Bulky Bird|98/100
|-damage|p2a: Dragapult|84/100|[from] item: Rocky Helmet|[of] p1a: Bulky Bird
|
|t:|1743825443
|switch|p2a: Mew|Mew|100/100|[from] U-turn
|
|upkeep
|turn|2
|
|t:|1743825446
|move|p2a: Mew|Volt Switch|p1a: Bulky Bird
|-supereffective|p1a: Bulky Bird
|-damage|p1a: Bulky Bird|43/100
|-damage|p2a: Mew|91/100|[from] item: Life Orb
|
|t:|1743825452
|switch|p2a: Dragapult|Dragapult, F|84/100|[from] Volt Switch
|move|p1a: Bulky Bird|U-turn|p2a: Dragapult
|-resisted|p2a: Dragapult
|-damage|p2a: Dragapult|74/100
|
|t:|1743825462
|switch|p1a: Tank|Ting-Lu|100/100|[from] U-turn
|-ability|p1a: Tank|Vessel of Ruin
|
|upkeep
|turn|3
|
|t:|1743825467
|move|p2a: Dragapult|U-turn|p1a: Tank
|-supereffective|p1a: Tank
|-damage|p1a: Tank|86/100
|
|t:|1743825472
|switch|p2a: Crawdaunt|Crawdaunt, M|100/100|[from] U-turn
|move|p1a: Tank|Stealth Rock|p2a: Crawdaunt
|-sidestart|p2: browoo42|move: Stealth Rock
|
|-heal|p1a: Tank|93/100|[from] item: Leftovers
|upkeep
|turn|4
|
|t:|1743825479
|move|p2a: Crawdaunt|Swords Dance|p2a: Crawdaunt
|-boost|p2a: Crawdaunt|atk|2
|move|p1a: Tank|Whirlwind|p2a: Crawdaunt
|drag|p2a: Mew|Mew|91/100
|-damage|p2a: Mew|78/100|[from] Stealth Rock
|
|-heal|p1a: Tank|99/100|[from] item: Leftovers
|upkeep
|turn|5
|
|t:|1743825489
|move|p2a: Mew|Giga Drain|p1a: Tank
|-supereffective|p1a: Tank
|-damage|p1a: Tank|62/100
|-heal|p2a: Mew|100/100|[from] drain|[of] p1a: Tank
|-damage|p2a: Mew|91/100|[from] item: Life Orb
|move|p1a: Tank|Spikes|p2a: Mew
|-sidestart|p2: browoo42|Spikes
|
|-heal|p1a: Tank|68/100|[from] item: Leftovers
|upkeep
|turn|6
|
|t:|1743825500
|move|p2a: Mew|Volt Switch|p1a: Tank
|-immune|p1a: Tank
|move|p1a: Tank|Whirlwind|p2a: Mew
|drag|p2a: Dragonite|Dragonite, M|100/100
|-damage|p2a: Dragonite|76/100|[from] Stealth Rock
|
|-heal|p1a: Tank|74/100|[from] item: Leftovers
|upkeep
|turn|7
|
|t:|1743825509
|switch|p2a: Corviknight|Corviknight, F|100/100
|-damage|p2a: Corviknight|88/100|[from] Stealth Rock
|move|p1a: Tank|Ruination|p2a: Corviknight
|-damage|p2a: Corviknight|44/100
|
|-heal|p1a: Tank|81/100|[from] item: Leftovers
|upkeep
|turn|8
|
|t:|1743825517
|move|p2a: Corviknight|Defog|p1a: Tank
|-unboost|p1a: Tank|evasion|1
|-sideend|p2: browoo42|Spikes|[from] move: Defog|[of] p2a: Corviknight
|-sideend|p2: browoo42|Stealth Rock|[from] move: Defog|[of] p2a: Corviknight
|move|p1a: Tank|Stealth Rock|p2a: Corviknight
|-sidestart|p2: browoo42|move: Stealth Rock
|
|-heal|p1a: Tank|87/100|[from] item: Leftovers
|upkeep
|turn|9
|
|t:|1743825524
|move|p2a: Corviknight|Defog|p1a: Tank
|-unboost|p1a: Tank|evasion|1
|-sideend|p2: browoo42|Stealth Rock|[from] move: Defog|[of] p2a: Corviknight
|move|p1a: Tank|Stealth Rock|p2a: Corviknight
|-sidestart|p2: browoo42|move: Stealth Rock
|
|-heal|p1a: Tank|93/100|[from] item: Leftovers
|upkeep
|turn|10
|
|t:|1743825531
|move|p2a: Corviknight|Roost|p2a: Corviknight
|-heal|p2a: Corviknight|94/100
|-singleturn|p2a: Corviknight|move: Roost
|move|p1a: Tank|Stealth Rock||[still]
|-fail|p1a: Tank
|
|-heal|p1a: Tank|99/100|[from] item: Leftovers
|upkeep
|turn|11
|
|t:|1743825539
|move|p2a: Corviknight|Body Press|p1a: Tank
|-supereffective|p1a: Tank
|-damage|p1a: Tank|76/100
|move|p1a: Tank|Stealth Rock||[still]
|-fail|p1a: Tank
|
|-heal|p1a: Tank|83/100|[from] item: Leftovers
|upkeep
|turn|12
|
|t:|1743825547
|move|p2a: Corviknight|Defog|p1a: Tank
|-unboost|p1a: Tank|evasion|1
|-sideend|p2: browoo42|Stealth Rock|[from] move: Defog|[of] p2a: Corviknight
|move|p1a: Tank|Whirlwind|p2a: Corviknight
|drag|p2a: Crawdaunt|Crawdaunt, M|100/100
|
|-heal|p1a: Tank|89/100|[from] item: Leftovers
|upkeep
|turn|13
|
|t:|1743825554
|switch|p1a: Bulky Bird|Corviknight, M, shiny|43/100
|move|p2a: Crawdaunt|Crabhammer|p1a: Bulky Bird
|-damage|p1a: Bulky Bird|0 fnt
|-damage|p2a: Crawdaunt|84/100|[from] item: Rocky Helmet|[of] p1a: Bulky Bird
|faint|p1a: Bulky Bird
|
|upkeep
|
|t:|1743825559
|switch|p1a: Crit Spawner|Meowscarada, M, shiny|100/100
|turn|14
|
|t:|1743825564
|switch|p2a: Corviknight|Corviknight, F|94/100
|move|p1a: Crit Spawner|Knock Off|p2a: Corviknight
|-start|p1a: Crit Spawner|typechange|Dark|[from] ability: Protean
|-crit|p2a: Corviknight
|-damage|p2a: Corviknight|31/100
|-damage|p1a: Crit Spawner|84/100|[from] item: Rocky Helmet|[of] p2a: Corviknight
|-enditem|p2a: Corviknight|Rocky Helmet|[from] move: Knock Off|[of] p1a: Crit Spawner
|
|upkeep
|turn|15
|
|t:|1743825572
|move|p1a: Crit Spawner|Knock Off|p2a: Corviknight
|-damage|p2a: Corviknight|5/100
|move|p2a: Corviknight|Roost|p2a: Corviknight
|-heal|p2a: Corviknight|55/100
|-singleturn|p2a: Corviknight|move: Roost
|
|upkeep
|turn|16
|
|t:|1743825580
|switch|p1a: Hydro Pump|Keldeo-Resolute|100/100
|move|p2a: Corviknight|U-turn|p1a: Hydro Pump
|-resisted|p1a: Hydro Pump
|-damage|p1a: Hydro Pump|93/100
|
|t:|1743825586
|switch|p2a: Mew|Mew|91/100|[from] U-turn
|
|-heal|p1a: Hydro Pump|99/100|[from] item: Leftovers
|upkeep
|turn|17
|
|t:|1743825591
|switch|p1a: Tank|Ting-Lu|89/100
|-ability|p1a: Tank|Vessel of Ruin
|move|p2a: Mew|Giga Drain|p1a: Tank
|-supereffective|p1a: Tank
|-damage|p1a: Tank|53/100
|-heal|p2a: Mew|100/100|[from] drain|[of] p1a: Tank
|-damage|p2a: Mew|91/100|[from] item: Life Orb
|
|-heal|p1a: Tank|59/100|[from] item: Leftovers
|upkeep
|turn|18
|
|t:|1743825601
|move|p2a: Mew|Ice Beam|p1a: Tank
|-supereffective|p1a: Tank
|-damage|p1a: Tank|21/100
|-damage|p2a: Mew|81/100|[from] item: Life Orb
|move|p1a: Tank|Stealth Rock|p2a: Mew
|-sidestart|p2: browoo42|move: Stealth Rock
|
|-heal|p1a: Tank|27/100|[from] item: Leftovers
|upkeep
|turn|19
|
|t:|1743825610
|move|p2a: Mew|Ice Beam|p1a: Tank
|-supereffective|p1a: Tank
|-damage|p1a: Tank|0 fnt
|faint|p1a: Tank
|-damage|p2a: Mew|71/100|[from] item: Life Orb
|
|upkeep
|
|t:|1743825614
|switch|p1a: Crit Spawner|Meowscarada, M, shiny|84/100
|turn|20
|
|t:|1743825628
|switch|p2a: Crawdaunt|Crawdaunt, M|84/100
|-damage|p2a: Crawdaunt|72/100|[from] Stealth Rock
|move|p1a: Crit Spawner|Triple Axel|p2a: Crawdaunt
|-start|p1a: Crit Spawner|typechange|Ice|[from] ability: Protean
|-resisted|p2a: Crawdaunt
|-damage|p2a: Crawdaunt|62/100
|-resisted|p2a: Crawdaunt
|-damage|p2a: Crawdaunt|41/100
|-resisted|p2a: Crawdaunt
|-damage|p2a: Crawdaunt|9/100
|-hitcount|p2a: Crawdaunt|3
|
|upkeep
|turn|21
|
|t:|1743825642
|switch|p1a: Hydro Pump|Keldeo-Resolute|99/100
|move|p2a: Crawdaunt|Aqua Jet|p1a: Hydro Pump
|-resisted|p1a: Hydro Pump
|-damage|p1a: Hydro Pump|83/100
|
|-heal|p1a: Hydro Pump|89/100|[from] item: Leftovers
|upkeep
|turn|22
|
|t:|1743825651
|move|p2a: Crawdaunt|Aqua Jet|p1a: Hydro Pump
|-resisted|p1a: Hydro Pump
|-damage|p1a: Hydro Pump|72/100
|move|p1a: Hydro Pump|Secret Sword|p2a: Crawdaunt
|-supereffective|p2a: Crawdaunt
|-damage|p2a: Crawdaunt|0 fnt
|faint|p2a: Crawdaunt
|
|-heal|p1a: Hydro Pump|78/100|[from] item: Leftovers
|upkeep
|
|t:|1743825664
|switch|p2a: Mew|Mew|71/100
|-damage|p2a: Mew|58/100|[from] Stealth Rock
|turn|23
|
|t:|1743825670
|-terastallize|p1a: Hydro Pump|Flying
|move|p1a: Hydro Pump|Calm Mind|p1a: Hydro Pump
|-boost|p1a: Hydro Pump|spa|1
|-boost|p1a: Hydro Pump|spd|1
|move|p2a: Mew|Volt Switch|p1a: Hydro Pump
|-supereffective|p1a: Hydro Pump
|-damage|p1a: Hydro Pump|39/100
|-damage|p2a: Mew|48/100|[from] item: Life Orb
|
|t:|1743825691
|switch|p2a: Jirachi|Jirachi|100/100|[from] Volt Switch
|-damage|p2a: Jirachi|94/100|[from] Stealth Rock
|
|-heal|p1a: Hydro Pump|45/100|[from] item: Leftovers
|upkeep
|turn|24
|
|t:|1743825697
|move|p2a: Jirachi|Ice Punch|p1a: Hydro Pump
|-supereffective|p1a: Hydro Pump
|-damage|p1a: Hydro Pump|0 fnt
|faint|p1a: Hydro Pump
|
|upkeep
|
|t:|1743825702
|switch|p1a: Kingambit|Kingambit, M|100/100
|-activate|p1a: Kingambit|ability: Supreme Overlord
|-start|p1a: Kingambit|fallen3|[silent]
|turn|25
|
|t:|1743825706
|move|p2a: Jirachi|Ice Punch|p1a: Kingambit
|-resisted|p1a: Kingambit
|-damage|p1a: Kingambit|93/100
|move|p1a: Kingambit|Kowtow Cleave|p2a: Jirachi
|-supereffective|p2a: Jirachi
|-damage|p2a: Jirachi|0 fnt
|faint|p2a: Jirachi
|
|upkeep
|
|t:|1743825725
|switch|p2a: Corviknight|Corviknight, F|55/100
|-damage|p2a: Corviknight|42/100|[from] Stealth Rock
|turn|26
|
|t:|1743825731
|move|p2a: Corviknight|Body Press|p1a: Kingambit
|-supereffective|p1a: Kingambit
|-damage|p1a: Kingambit|16/100
|move|p1a: Kingambit|Kowtow Cleave|p2a: Corviknight
|-damage|p2a: Corviknight|0 fnt
|faint|p2a: Corviknight
|
|upkeep
|
|t:|1743825742
|switch|p2a: Dragonite|Dragonite, M|76/100
|-damage|p2a: Dragonite|51/100|[from] Stealth Rock
|turn|27
|
|t:|1743825748
|-terastallize|p2a: Dragonite|Normal
|move|p2a: Dragonite|Extreme Speed|p1a: Kingambit
|-resisted|p1a: Kingambit
|-damage|p1a: Kingambit|0 fnt
|faint|p1a: Kingambit
|-end|p1a: Kingambit|fallen3|[silent]
|
|upkeep
|
|t:|1743825754
|switch|p1a: Crit Spawner|Meowscarada, M, shiny|84/100
|turn|28
|
|t:|1743825761
|move|p2a: Dragonite|Extreme Speed|p1a: Crit Spawner
|-damage|p1a: Crit Spawner|0 fnt
|faint|p1a: Crit Spawner
|
|upkeep
|
|t:|1743825763
|switch|p1a: Darkrai|Darkrai|100/100
|turn|29
|l|☆Dietzenbacher
|inactive|Dietzenbacher disconnected and has a minute to reconnect!
|player|p1|
|
|t:|1743825780
|move|p2a: Dragonite|Extreme Speed|p1a: Darkrai
|-damage|p1a: Darkrai|5/100
|move|p1a: Darkrai|Dark Pulse|p2a: Dragonite
|-damage|p2a: Dragonite|6/100
|
|-heal|p1a: Darkrai|11/100|[from] item: Leftovers
|upkeep
|turn|30
|c|☆browoo42|gg
|inactive|Dietzenbacher has 30 seconds to reconnect!
|inactive|Dietzenbacher has 20 seconds to reconnect!
|inactive|Dietzenbacher has 15 seconds to reconnect!
|inactive|Dietzenbacher has 10 seconds to reconnect!
|inactive|Dietzenbacher has 5 seconds to reconnect!
|-message|Dietzenbacher lost due to inactivity.
|
|win|browoo42
|raw|Dietzenbacher's rating: 1425 &rarr; <strong>1408</strong><br />(-17 for losing)
|raw|browoo42's rating: 1480 &rarr; <strong>1497</strong><br />(+17 for winning)
|l|☆browoo42
|player|p2|
