|j|☆Kaelai
|j|☆hei_mao666
|t:|1743846943
|gametype|singles
|player|p1|Kaelai|bellelba|1153
|player|p2|hei_mao666|hilbert|1149
|teamsize|p1|6
|teamsize|p2|6
|gen|9
|tier|[Gen 9] OU
|rated|
|rule|HP Percentage Mod: HP is shown in percentages
|rule|Endless Battle Clause: Forcing endless battles is banned
|rule|Species Clause: Limit one of each Pokémon
|rule|OHKO Clause: OHKO moves are banned
|rule|Evasion Items Clause: Evasion items are banned
|rule|Evasion Moves Clause: Evasion moves are banned
|rule|Sleep Moves Clause: Sleep-inducing moves are banned
|clearpoke
|poke|p1|Minior|
|poke|p1|Toxapex, F|
|poke|p1|Iron Moth|
|poke|p1|Greninja-*, M|
|poke|p1|Garchomp, M|
|poke|p1|Kingambit, F|
|poke|p2|Gholdengo|
|poke|p2|Raging Bolt|
|poke|p2|Dragapult, M|
|poke|p2|Blaziken, F|
|poke|p2|Alomomola, F|
|poke|p2|Iron Valiant|
|teampreview
|inactive|Battle timer is ON: inactive players will automatically lose when time's up. (requested by Kaelai)
|
|t:|1743846963
|start
|switch|p1a: Garchomp|Garchomp, M|100/100
|switch|p2a: Raging Bolt|Raging Bolt|100/100
|turn|1
|
|t:|1743846971
|-end|p2a: Raging Bolt|Protosynthesis|[silent]
|switch|p2a: Alomomola|Alomomola, F|100/100
|move|p1a: Garchomp|Stealth Rock|p2a: Alomomola
|-sidestart|p2: hei_mao666|move: Stealth Rock
|
|upkeep
|turn|2
|
|t:|1743846978
|move|p1a: Garchomp|Spikes|p2a: Alomomola
|-sidestart|p2: hei_mao666|Spikes
|move|p2a: Alomomola|Whirlpool|p1a: Garchomp
|-damage|p1a: Garchomp|95/100
|-activate|p1a: Garchomp|move: Whirlpool|[of] p2a: Alomomola
|
|-damage|p1a: Garchomp|82/100|[from] move: Whirlpool|[partiallytrapped]
|upkeep
|turn|3
|
|t:|1743846987
|move|p2a: Alomomola|Protect|p2a: Alomomola
|-singleturn|p2a: Alomomola|Protect
|move|p1a: Garchomp|Spikes|p2a: Alomomola
|-sidestart|p2: hei_mao666|Spikes
|
|-damage|p1a: Garchomp|70/100|[from] move: Whirlpool|[partiallytrapped]
|upkeep
|turn|4
|
|t:|1743846994
|move|p1a: Garchomp|Spikes|p2a: Alomomola
|-sidestart|p2: hei_mao666|Spikes
|move|p2a: Alomomola|Whirlpool|p1a: Garchomp
|-damage|p1a: Garchomp|65/100
|
|-damage|p1a: Garchomp|52/100|[from] move: Whirlpool|[partiallytrapped]
|upkeep
|turn|5
|
|t:|1743847002
|move|p2a: Alomomola|Whirlpool|p1a: Garchomp
|-damage|p1a: Garchomp|47/100
|move|p1a: Garchomp|Dragon Tail|p2a: Alomomola
|-damage|p2a: Alomomola|86/100
|drag|p2a: Raging Bolt|Raging Bolt|100/100
|-damage|p2a: Raging Bolt|88/100|[from] Stealth Rock
|-damage|p2a: Raging Bolt|63/100|[from] Spikes
|
|-end|p1a: Garchomp|Whirlpool|[partiallytrapped]|[silent]
|upkeep
|turn|6
|
|t:|1743847011
|move|p2a: Raging Bolt|Draco Meteor|p1a: Garchomp
|-supereffective|p1a: Garchomp
|-damage|p1a: Garchomp|0 fnt
|-unboost|p2a: Raging Bolt|spa|2
|faint|p1a: Garchomp
|-damage|p2a: Raging Bolt|53/100|[from] item: Life Orb
|
|upkeep
|
|t:|1743847014
|switch|p1a: Minior|Minior|100/100
|-formechange|p1a: Minior|Minior-Meteor||[from] ability: Shields Down
|turn|7
|
|t:|1743847026
|-terastallize|p1a: Minior|Ground
|move|p1a: Minior|Shell Smash|p1a: Minior
|-unboost|p1a: Minior|def|1
|-unboost|p1a: Minior|spd|1
|-boost|p1a: Minior|atk|2
|-boost|p1a: Minior|spa|2
|-boost|p1a: Minior|spe|2
|-enditem|p1a: Minior|White Herb
|-clearnegativeboost|p1a: Minior|[silent]
|move|p2a: Raging Bolt|Discharge|p1a: Minior
|-immune|p1a: Minior
|
|upkeep
|turn|8
|
|t:|1743847037
|move|p2a: Raging Bolt|Thunderclap|p1a: Minior
|-immune|p1a: Minior
|move|p1a: Minior|Earthquake|p2a: Raging Bolt
|-supereffective|p2a: Raging Bolt
|-damage|p2a: Raging Bolt|0 fnt
|faint|p2a: Raging Bolt
|-end|p2a: Raging Bolt|Protosynthesis|[silent]
|
|upkeep
|
|t:|1743847049
|switch|p2a: Alomomola|Alomomola, F|100/100
|-damage|p2a: Alomomola|88/100|[from] Stealth Rock
|-damage|p2a: Alomomola|63/100|[from] Spikes
|turn|9
|-message|hei_mao666 forfeited.
|
|win|Kaelai
|raw|Kaelai's rating: 1153 &rarr; <strong>1178</strong><br />(+25 for winning)
|raw|hei_mao666's rating: 1149 &rarr; <strong>1124</strong><br />(-25 for losing)
|l|☆hei_mao666
|player|p2|
|l|☆Kaelai
|player|p1|
