|j|☆jxrx
|j|☆TOXICccccccccccccc
|t:|1743799560
|gametype|singles
|player|p1|jxrx|norman|1203
|player|p2|TOXICccccccccccccc|hiker-gen4|1175
|teamsize|p1|6
|teamsize|p2|6
|gen|9
|tier|[Gen 9] OU
|rated|
|rule|HP Percentage Mod: HP is shown in percentages
|rule|Endless Battle Clause: Forcing endless battles is banned
|rule|Species Clause: Limit one of each Pokémon
|rule|OHKO Clause: OHKO moves are banned
|rule|Evasion Items Clause: Evasion items are banned
|rule|Evasion Moves Clause: Evasion moves are banned
|rule|Sleep Moves Clause: Sleep-inducing moves are banned
|clearpoke
|poke|p1|Great Tusk|
|poke|p1|Muk-Alola, F|
|poke|p1|Dragapult, M|
|poke|p1|Empoleon, M|
|poke|p1|Vileplume, M|
|poke|p1|Iron Moth|
|poke|p2|Glimmora, M|
|poke|p2|Salazzle, F|
|poke|p2|Pecharunt|
|poke|p2|Alomomola, F|
|poke|p2|Samurott-Hisui, M|
|poke|p2|Garchomp, M|
|teampreview
|inactive|Battle timer is ON: inactive players will automatically lose when time's up. (requested by TOXICccccccccccccc)
|inactive|jxrx has 120 seconds left.
|inactive|jxrx has 90 seconds left.
|c|☆TOXICccccccccccccc|ಠ╭╮ಠ
|inactive|jxrx has 60 seconds left.
|
|t:|1743799654
|start
|switch|p1a: Iron Moth|Iron Moth|100/100
|switch|p2a: Samurott|Samurott-Hisui, M|100/100
|turn|1
|
|t:|1743799665
|move|p2a: Samurott|Aqua Cutter|p1a: Iron Moth
|-supereffective|p1a: Iron Moth
|-damage|p1a: Iron Moth|0 fnt
|faint|p1a: Iron Moth
|-end|p1a: Iron Moth|Quark Drive|[silent]
|
|upkeep
|inactive|jxrx has 120 seconds left.
|
|t:|1743799677
|switch|p1a: Dragapult|Dragapult, M|100/100
|turn|2
|
|t:|1743799680
|switch|p2a: Alomomola|Alomomola, F|100/100
|move|p1a: Dragapult|Dragon Dance|p1a: Dragapult
|-boost|p1a: Dragapult|atk|1
|-boost|p1a: Dragapult|spe|1
|
|upkeep
|turn|3
|
|t:|1743799686
|move|p1a: Dragapult|Substitute|p1a: Dragapult
|-start|p1a: Dragapult|Substitute
|-damage|p1a: Dragapult|76/100
|move|p2a: Alomomola|Flip Turn|p1a: Dragapult
|-resisted|p1a: Dragapult
|-activate|p1a: Dragapult|move: Substitute|[damage]
|
|t:|1743799691
|switch|p2a: Garchomp|Garchomp, M|100/100|[from] Flip Turn
|
|-heal|p1a: Dragapult|82/100|[from] item: Leftovers
|upkeep
|turn|4
|
|t:|1743799705
|switch|p1a: Great Tusk|Great Tusk|100/100
|-terastallize|p2a: Garchomp|Fire
|move|p2a: Garchomp|Scale Shot|p1a: Great Tusk
|-damage|p1a: Great Tusk|91/100
|-damage|p1a: Great Tusk|81/100
|-damage|p1a: Great Tusk|71/100
|-damage|p1a: Great Tusk|62/100
|-hitcount|p1a: Great Tusk|4
|-unboost|p2a: Garchomp|def|1
|-boost|p2a: Garchomp|spe|1
|
|upkeep
|turn|5
|
|t:|1743799714
|switch|p2a: Alomomola|Alomomola, F|100/100
|move|p1a: Great Tusk|Earthquake|p2a: Alomomola
|-damage|p2a: Alomomola|72/100
|
|upkeep
|turn|6
|
|t:|1743799716
|move|p1a: Great Tusk|Stealth Rock|p2a: Alomomola
|-sidestart|p2: TOXICccccccccccccc|move: Stealth Rock
|move|p2a: Alomomola|Flip Turn|p1a: Great Tusk
|-supereffective|p1a: Great Tusk
|-damage|p1a: Great Tusk|36/100
|
|t:|1743799720
|switch|p2a: Samurott|Samurott-Hisui, M|100/100|[from] Flip Turn
|-damage|p2a: Samurott|88/100|[from] Stealth Rock
|
|upkeep
|turn|7
|
|t:|1743799723
|-end|p1a: Great Tusk|Protosynthesis|[silent]
|switch|p1a: Vileplume|Vileplume, M|100/100
|move|p2a: Samurott|Flip Turn|p1a: Vileplume
|-resisted|p1a: Vileplume
|-damage|p1a: Vileplume|89/100
|-damage|p2a: Samurott|72/100|[from] item: Rocky Helmet|[of] p1a: Vileplume
|-status|p2a: Samurott|par|[from] ability: Effect Spore|[of] p1a: Vileplume
|
|t:|1743799725
|switch|p2a: Glimmora|Glimmora, M|100/100|[from] Flip Turn
|-damage|p2a: Glimmora|88/100|[from] Stealth Rock
|
|-heal|p2a: Glimmora|94/100|[from] item: Leftovers
|upkeep
|turn|8
|
|t:|1743799729
|switch|p1a: Empoleon|Empoleon, M|100/100
|move|p2a: Glimmora|Toxic|p1a: Empoleon
|-status|p1a: Empoleon|tox
|
|-heal|p2a: Glimmora|100/100|[from] item: Leftovers
|-damage|p1a: Empoleon|95/100 tox|[from] psn
|upkeep
|turn|9
|
|t:|1743799735
|switch|p2a: Alomomola|Alomomola, F|100/100
|move|p1a: Empoleon|Surf|p2a: Alomomola
|-resisted|p2a: Alomomola
|-damage|p2a: Alomomola|73/100
|
|-heal|p1a: Empoleon|100/100 tox|[from] item: Leftovers
|-damage|p1a: Empoleon|89/100 tox|[from] psn
|upkeep
|turn|10
|
|t:|1743799741
|switch|p1a: Muk|Muk-Alola, F|100/100
|move|p2a: Alomomola|Flip Turn|p1a: Muk
|-damage|p1a: Muk|85/100
|
|t:|1743799743
|switch|p2a: Glimmora|Glimmora, M|100/100|[from] Flip Turn
|-damage|p2a: Glimmora|88/100|[from] Stealth Rock
|
|-heal|p2a: Glimmora|94/100|[from] item: Leftovers
|upkeep
|turn|11
|
|t:|1743799773
|move|p2a: Glimmora|Toxic|p1a: Muk
|-status|p1a: Muk|tox
|move|p1a: Muk|Zen Headbutt|p2a: Glimmora
|-supereffective|p2a: Glimmora
|-damage|p2a: Glimmora|59/100
|
|-heal|p2a: Glimmora|65/100|[from] item: Leftovers
|-damage|p1a: Muk|79/100 tox|[from] psn
|upkeep
|turn|12
|inactive|jxrx has 120 seconds left.
|inactive|jxrx has 90 seconds left.
|
|t:|1743799827
|move|p2a: Glimmora|Mortal Spin|p1a: Muk
|-resisted|p1a: Muk
|-damage|p1a: Muk|75/100 tox
|-sideend|p2: TOXICccccccccccccc|Stealth Rock|[from] move: Mortal Spin|[of] p2a: Glimmora
|move|p1a: Muk|Knock Off|p2a: Glimmora
|-damage|p2a: Glimmora|33/100
|-enditem|p2a: Glimmora|Leftovers|[from] move: Knock Off|[of] p1a: Muk
|
|-damage|p1a: Muk|63/100 tox|[from] psn
|upkeep
|turn|13
|
|t:|1743799836
|move|p2a: Glimmora|Toxic Spikes|p1a: Muk
|-sidestart|p1: jxrx|move: Toxic Spikes
|move|p1a: Muk|Zen Headbutt|p2a: Glimmora
|-supereffective|p2a: Glimmora
|-damage|p2a: Glimmora|0 fnt
|faint|p2a: Glimmora
|
|-damage|p1a: Muk|45/100 tox|[from] psn
|upkeep
|
|t:|1743799852
|switch|p2a: Pecharunt|Pecharunt|100/100
|-item|p2a: Pecharunt|Air Balloon
|turn|14
|
|t:|1743799860
|move|p2a: Pecharunt|Parting Shot|p1a: Muk
|-unboost|p1a: Muk|atk|1
|-unboost|p1a: Muk|spa|1
|
|t:|1743799866
|switch|p2a: Samurott|Samurott-Hisui, M|72/100 par|[from] Parting Shot
|move|p1a: Muk|Knock Off|p2a: Samurott
|-resisted|p2a: Samurott
|-damage|p2a: Samurott|57/100 par
|-enditem|p2a: Samurott|Choice Scarf|[from] move: Knock Off|[of] p1a: Muk
|
|-damage|p1a: Muk|21/100 tox|[from] psn
|upkeep
|turn|15
|
|t:|1743799882
|move|p2a: Samurott|Ceaseless Edge|p1a: Muk
|-resisted|p1a: Muk
|-damage|p1a: Muk|0 fnt
|-sidestart|p1: jxrx|Spikes
|faint|p1a: Muk
|
|upkeep
|inactive|jxrx has 90 seconds left.
|
|t:|1743799919
|switch|p1a: Great Tusk|Great Tusk|36/100
|turn|16
|
|t:|1743799924
|switch|p2a: Pecharunt|Pecharunt|100/100
|-item|p2a: Pecharunt|Air Balloon
|move|p1a: Great Tusk|Stealth Rock|p2a: Pecharunt
|-sidestart|p2: TOXICccccccccccccc|move: Stealth Rock
|
|upkeep
|turn|17
|
|t:|1743799931
|-end|p1a: Great Tusk|Protosynthesis|[silent]
|switch|p1a: Empoleon|Empoleon, M|89/100 tox
|-damage|p1a: Empoleon|76/100 tox|[from] Spikes
|move|p2a: Pecharunt|Shadow Ball|p1a: Empoleon
|-damage|p1a: Empoleon|50/100 tox
|
|-heal|p1a: Empoleon|56/100 tox|[from] item: Leftovers
|-damage|p1a: Empoleon|50/100 tox|[from] psn
|upkeep
|turn|18
|inactive|jxrx has 90 seconds left.
|
|t:|1743799954
|switch|p2a: Alomomola|Alomomola, F|100/100
|move|p1a: Empoleon|Surf|p2a: Alomomola
|-resisted|p2a: Alomomola
|-damage|p2a: Alomomola|75/100
|
|-heal|p1a: Empoleon|56/100 tox|[from] item: Leftovers
|-damage|p1a: Empoleon|44/100 tox|[from] psn
|upkeep
|turn|19
|
|t:|1743799959
|move|p1a: Empoleon|Surf|p2a: Alomomola
|-resisted|p2a: Alomomola
|-damage|p2a: Alomomola|49/100
|move|p2a: Alomomola|Flip Turn|p1a: Empoleon
|-resisted|p1a: Empoleon
|-damage|p1a: Empoleon|34/100 tox
|
|t:|1743799968
|switch|p2a: Samurott|Samurott-Hisui, M|57/100 par|[from] Flip Turn
|-damage|p2a: Samurott|45/100 par|[from] Stealth Rock
|
|-heal|p1a: Empoleon|40/100 tox|[from] item: Leftovers
|-damage|p1a: Empoleon|23/100 tox|[from] psn
|upkeep
|turn|20
|inactive|jxrx has 90 seconds left.
|
|t:|1743799988
|move|p1a: Empoleon|Surf|p2a: Samurott
|-resisted|p2a: Samurott
|-damage|p2a: Samurott|9/100 par
|cant|p2a: Samurott|par
|
|-heal|p1a: Empoleon|28/100 tox|[from] item: Leftovers
|-damage|p1a: Empoleon|5/100 tox|[from] psn
|upkeep
|turn|21
|
|t:|1743799993
|move|p1a: Empoleon|Surf|p2a: Samurott
|-resisted|p2a: Samurott
|-damage|p2a: Samurott|0 fnt
|faint|p2a: Samurott
|
|-heal|p1a: Empoleon|11/100 tox|[from] item: Leftovers
|-damage|p1a: Empoleon|0 fnt|[from] psn
|faint|p1a: Empoleon
|upkeep
|inactive|jxrx has 90 seconds left.
|
|t:|1743800008
|switch|p2a: Garchomp|Garchomp, M, tera:Fire|100/100
|switch|p1a: Great Tusk|Great Tusk|36/100
|-damage|p2a: Garchomp|76/100|[from] Stealth Rock
|turn|22
|
|t:|1743800013
|move|p2a: Garchomp|Scale Shot|p1a: Great Tusk
|-damage|p1a: Great Tusk|27/100
|-damage|p1a: Great Tusk|18/100
|-crit|p1a: Great Tusk
|-damage|p1a: Great Tusk|2/100
|-damage|p1a: Great Tusk|0 fnt
|faint|p1a: Great Tusk
|-end|p1a: Great Tusk|Protosynthesis|[silent]
|-hitcount|p1: Great Tusk|4
|-unboost|p2a: Garchomp|def|1
|-boost|p2a: Garchomp|spe|1
|
|upkeep
|inactive|jxrx has 90 seconds left.
|
|t:|1743800033
|switch|p1a: Vileplume|Vileplume, M|89/100
|-sideend|p1: jxrx|move: Toxic Spikes|[of] p1a: Vileplume
|-damage|p1a: Vileplume|77/100|[from] Spikes
|turn|23
|
|t:|1743800039
|-terastallize|p1a: Vileplume|Water
|move|p2a: Garchomp|Earthquake|p1a: Vileplume
|-damage|p1a: Vileplume|36/100
|move|p1a: Vileplume|Strength Sap|p2a: Garchomp
|-unboost|p2a: Garchomp|atk|1
|-heal|p1a: Vileplume|100/100
|
|upkeep
|turn|24
|
|t:|1743800050
|switch|p2a: Pecharunt|Pecharunt|100/100
|-damage|p2a: Pecharunt|88/100|[from] Stealth Rock
|-item|p2a: Pecharunt|Air Balloon
|move|p1a: Vileplume|Leech Seed|p2a: Pecharunt
|-start|p2a: Pecharunt|move: Leech Seed
|
|-damage|p2a: Pecharunt|76/100|[from] Leech Seed|[of] p1a: Vileplume
|upkeep
|turn|25
|
|t:|1743800066
|move|p2a: Pecharunt|Malignant Chain|p1a: Vileplume
|-damage|p1a: Vileplume|70/100
|move|p1a: Vileplume|Giga Drain|p2a: Pecharunt
|-resisted|p2a: Pecharunt
|-damage|p2a: Pecharunt|60/100
|-heal|p1a: Vileplume|78/100|[from] drain|[of] p2a: Pecharunt
|-enditem|p2a: Pecharunt|Air Balloon
|
|-damage|p2a: Pecharunt|48/100|[from] Leech Seed|[of] p1a: Vileplume
|-heal|p1a: Vileplume|91/100|[silent]
|upkeep
|turn|26
|
|t:|1743800071
|move|p2a: Pecharunt|Malignant Chain|p1a: Vileplume
|-damage|p1a: Vileplume|57/100
|move|p1a: Vileplume|Giga Drain|p2a: Pecharunt
|-resisted|p2a: Pecharunt
|-damage|p2a: Pecharunt|35/100
|-heal|p1a: Vileplume|64/100|[from] drain|[of] p2a: Pecharunt
|
|-damage|p2a: Pecharunt|23/100|[from] Leech Seed|[of] p1a: Vileplume
|-heal|p1a: Vileplume|77/100|[silent]
|upkeep
|turn|27
|
|t:|1743800088
|move|p2a: Pecharunt|Malignant Chain|p1a: Vileplume
|-damage|p1a: Vileplume|47/100
|move|p1a: Vileplume|Giga Drain|p2a: Pecharunt
|-resisted|p2a: Pecharunt
|-damage|p2a: Pecharunt|9/100
|-heal|p1a: Vileplume|54/100|[from] drain|[of] p2a: Pecharunt
|
|-damage|p2a: Pecharunt|0 fnt|[from] Leech Seed|[of] p1a: Vileplume
|-heal|p1a: Vileplume|63/100|[silent]
|faint|p2a: Pecharunt
|upkeep
|
|t:|1743800091
|switch|p2a: Salazzle|Salazzle, F|100/100
|-damage|p2a: Salazzle|75/100|[from] Stealth Rock
|turn|28
|
|t:|1743800103
|move|p2a: Salazzle|Substitute|p2a: Salazzle
|-start|p2a: Salazzle|Substitute
|-damage|p2a: Salazzle|50/100
|move|p1a: Vileplume|Leech Seed||[still]
|-fail|p1a: Vileplume
|
|-heal|p2a: Salazzle|57/100|[from] item: Leftovers
|upkeep
|turn|29
|
|t:|1743800108
|move|p2a: Salazzle|Encore|p1a: Vileplume
|-start|p1a: Vileplume|Encore
|move|p1a: Vileplume|Leech Seed||[still]
|-fail|p1a: Vileplume
|
|-heal|p2a: Salazzle|63/100|[from] item: Leftovers
|upkeep
|turn|30
|inactive|jxrx has 120 seconds left.
|
|t:|1743800131
|switch|p1a: Dragapult|Dragapult, M|82/100
|-damage|p1a: Dragapult|69/100|[from] Spikes
|move|p2a: Salazzle|Toxic|p1a: Dragapult
|-status|p1a: Dragapult|tox
|
|-heal|p1a: Dragapult|75/100 tox|[from] item: Leftovers
|-heal|p2a: Salazzle|69/100|[from] item: Leftovers
|-damage|p1a: Dragapult|69/100 tox|[from] psn
|upkeep
|turn|31
|
|t:|1743800145
|move|p1a: Dragapult|Dragon Darts|p2a: Salazzle
|-end|p2a: Salazzle|Substitute
|-anim|p1a: Dragapult|Dragon Darts|p2a: Salazzle
|-damage|p2a: Salazzle|34/100
|move|p2a: Salazzle|Encore|p1a: Dragapult
|-start|p1a: Dragapult|Encore
|
|-heal|p1a: Dragapult|75/100 tox|[from] item: Leftovers
|-heal|p2a: Salazzle|40/100|[from] item: Leftovers
|-damage|p1a: Dragapult|63/100 tox|[from] psn
|upkeep
|turn|32
|
|t:|1743800155
|move|p2a: Salazzle|Protect|p2a: Salazzle
|-singleturn|p2a: Salazzle|Protect
|move|p1a: Dragapult|Dragon Darts|p2a: Salazzle
|-activate|p2a: Salazzle|move: Protect
|
|-heal|p1a: Dragapult|69/100 tox|[from] item: Leftovers
|-heal|p2a: Salazzle|47/100|[from] item: Leftovers
|-damage|p1a: Dragapult|51/100 tox|[from] psn
|upkeep
|turn|33
|
|t:|1743800159
|switch|p2a: Alomomola|Alomomola, F|82/100
|move|p1a: Dragapult|Dragon Darts|p2a: Alomomola
|-crit|p2a: Alomomola
|-damage|p2a: Alomomola|62/100
|-anim|p1a: Dragapult|Dragon Darts|p2a: Alomomola
|-damage|p2a: Alomomola|48/100
|
|-heal|p1a: Dragapult|57/100 tox|[from] item: Leftovers
|-damage|p1a: Dragapult|33/100 tox|[from] psn
|upkeep
|turn|34
|
|t:|1743800163
|move|p1a: Dragapult|Dragon Darts|p2a: Alomomola
|-damage|p2a: Alomomola|35/100
|-anim|p1a: Dragapult|Dragon Darts|p2a: Alomomola
|-damage|p2a: Alomomola|21/100
|move|p2a: Alomomola|Flip Turn|p1a: Dragapult
|-resisted|p1a: Dragapult
|-damage|p1a: Dragapult|21/100 tox
|
|t:|1743800167
|switch|p2a: Salazzle|Salazzle, F|47/100|[from] Flip Turn
|-damage|p2a: Salazzle|22/100|[from] Stealth Rock
|
|-heal|p1a: Dragapult|27/100 tox|[from] item: Leftovers
|-heal|p2a: Salazzle|28/100|[from] item: Leftovers
|-damage|p1a: Dragapult|0 fnt|[from] psn
|faint|p1a: Dragapult
|upkeep
|
|t:|1743800171
|switch|p1a: Vileplume|Vileplume, M, tera:Water|63/100
|-damage|p1a: Vileplume|51/100|[from] Spikes
|turn|35
|
|t:|1743800174
|move|p2a: Salazzle|Protect|p2a: Salazzle
|-singleturn|p2a: Salazzle|Protect
|move|p1a: Vileplume|Giga Drain|p2a: Salazzle
|-activate|p2a: Salazzle|move: Protect
|
|-heal|p2a: Salazzle|34/100|[from] item: Leftovers
|upkeep
|turn|36
|
|t:|1743800181
|move|p2a: Salazzle|Encore|p1a: Vileplume
|-start|p1a: Vileplume|Encore
|move|p1a: Vileplume|Giga Drain|p2a: Salazzle
|-resisted|p2a: Salazzle
|-damage|p2a: Salazzle|24/100
|-heal|p1a: Vileplume|56/100|[from] drain|[of] p2a: Salazzle
|
|-heal|p2a: Salazzle|30/100|[from] item: Leftovers
|upkeep
|turn|37
|
|t:|1743800185
|move|p2a: Salazzle|Toxic|p1a: Vileplume
|-status|p1a: Vileplume|tox
|move|p1a: Vileplume|Giga Drain|p2a: Salazzle
|-resisted|p2a: Salazzle
|-damage|p2a: Salazzle|20/100
|-heal|p1a: Vileplume|61/100 tox|[from] drain|[of] p2a: Salazzle
|
|-heal|p2a: Salazzle|26/100|[from] item: Leftovers
|-damage|p1a: Vileplume|55/100 tox|[from] psn
|upkeep
|turn|38
|-message|jxrx forfeited.
|
|win|TOXICccccccccccccc
|raw|jxrx's rating: 1203 &rarr; <strong>1176</strong><br />(-27 for losing)
|raw|TOXICccccccccccccc's rating: 1175 &rarr; <strong>1202</strong><br />(+27 for winning)
|l|☆jxrx
|player|p1|
