|j|☆LucyLikePizza
|j|☆lolcano46
|t:|1743871457
|gametype|singles
|player|p1|LucyLikePizza|2|1464
|player|p2|lolcano46|fisherman-gen4|1497
|teamsize|p1|6
|teamsize|p2|6
|gen|9
|tier|[Gen 9] OU
|rated|
|rule|HP Percentage Mod: HP is shown in percentages
|rule|Endless Battle Clause: Forcing endless battles is banned
|rule|Species Clause: Limit one of each Pokémon
|rule|OHKO Clause: OHKO moves are banned
|rule|Evasion Items Clause: Evasion items are banned
|rule|Evasion Moves Clause: Evasion moves are banned
|rule|Sleep Moves Clause: Sleep-inducing moves are banned
|clearpoke
|poke|p1|Tyranitar, M|
|poke|p1|Excadrill, F|
|poke|p1|Rotom-Wash|
|poke|p1|Garganacl, F|
|poke|p1|Dragapult, F|
|poke|p1|Enamorus-Therian, F|
|poke|p2|Azelf|
|poke|p2|Ogerpon-Wellspring, F|
|poke|p2|Scizor, M|
|poke|p2|Gengar, M|
|poke|p2|Raging Bolt|
|poke|p2|Cinderace, M|
|teampreview
|inactive|Battle timer is ON: inactive players will automatically lose when time's up. (requested by lolcano46)
|
|t:|1743871465
|start
|switch|p1a: Tyranitar|Tyranitar, M|100/100
|switch|p2a: Azelf|Azelf|100/100
|-weather|Sandstorm|[from] ability: Sand Stream|[of] p1a: Tyranitar
|turn|1
|
|t:|1743871472
|-terastallize|p2a: Azelf|Fairy
|move|p2a: Azelf|Dazzling Gleam|p1a: Tyranitar
|-supereffective|p1a: Tyranitar
|-damage|p1a: Tyranitar|67/100
|move|p1a: Tyranitar|Knock Off|p2a: Azelf
|-resisted|p2a: Azelf
|-damage|p2a: Azelf|68/100
|-enditem|p2a: Azelf|Expert Belt|[from] move: Knock Off|[of] p1a: Tyranitar
|
|-weather|Sandstorm|[upkeep]
|-damage|p2a: Azelf|61/100|[from] Sandstorm
|upkeep
|turn|2
|
|t:|1743871485
|switch|p1a: Enamorus|Enamorus-Therian, F|100/100
|move|p2a: Azelf|Dazzling Gleam|p1a: Enamorus
|-damage|p1a: Enamorus|64/100
|
|-weather|Sandstorm|[upkeep]
|-damage|p2a: Azelf|55/100|[from] Sandstorm
|upkeep
|turn|3
|
|t:|1743871493
|move|p2a: Azelf|Thunderbolt|p1a: Enamorus
|-supereffective|p1a: Enamorus
|-damage|p1a: Enamorus|3/100
|move|p1a: Enamorus|Draining Kiss|p2a: Azelf
|-damage|p2a: Azelf|13/100
|-heal|p1a: Enamorus|29/100|[from] drain|[of] p2a: Azelf
|
|-weather|Sandstorm|[upkeep]
|-damage|p2a: Azelf|7/100|[from] Sandstorm
|upkeep
|turn|4
|
|t:|1743871507
|switch|p1a: Garganacl|Garganacl, F|100/100
|move|p2a: Azelf|Flamethrower|p1a: Garganacl
|-resisted|p1a: Garganacl
|-damage|p1a: Garganacl|91/100
|
|-weather|Sandstorm|[upkeep]
|-damage|p2a: Azelf|0 fnt|[from] Sandstorm
|faint|p2a: Azelf
|-heal|p1a: Garganacl|97/100|[from] item: Leftovers
|upkeep
|
|t:|1743871515
|switch|p2a: Gengar|Gengar, M|100/100
|turn|5
|
|t:|1743871523
|move|p2a: Gengar|Trick|p1a: Garganacl
|-activate|p2a: Gengar|move: Trick|[of] p1a: Garganacl
|-item|p1a: Garganacl|Choice Scarf|[from] move: Trick
|-item|p2a: Gengar|Leftovers|[from] move: Trick
|move|p1a: Garganacl|Salt Cure|p2a: Gengar
|-damage|p2a: Gengar|74/100
|-start|p2a: Gengar|Salt Cure
|
|-weather|none
|-heal|p2a: Gengar|80/100|[from] item: Leftovers
|-damage|p2a: Gengar|68/100|[from] Salt Cure
|upkeep
|turn|6
|
|t:|1743871533
|move|p2a: Gengar|Shadow Ball|p1a: Garganacl
|-damage|p1a: Garganacl|77/100
|move|p1a: Garganacl|Salt Cure|p2a: Gengar
|-damage|p2a: Gengar|42/100
|-start|p1a: Garganacl|Disable|Salt Cure|[from] ability: Cursed Body|[of] p2a: Gengar
|
|-heal|p2a: Gengar|49/100|[from] item: Leftovers
|-damage|p2a: Gengar|36/100|[from] Salt Cure
|upkeep
|turn|7
|
|t:|1743871545
|switch|p1a: Enamorus|Enamorus-Therian, F|29/100
|move|p2a: Gengar|Thunder Wave|p1a: Enamorus
|-status|p1a: Enamorus|par
|
|-heal|p2a: Gengar|42/100|[from] item: Leftovers
|-damage|p2a: Gengar|30/100|[from] Salt Cure
|upkeep
|turn|8
|
|t:|1743871553
|switch|p1a: Tyranitar|Tyranitar, M|67/100
|-weather|Sandstorm|[from] ability: Sand Stream|[of] p1a: Tyranitar
|move|p2a: Gengar|Sludge Bomb|p1a: Tyranitar
|-resisted|p1a: Tyranitar
|-damage|p1a: Tyranitar|59/100
|
|-weather|Sandstorm|[upkeep]
|-damage|p2a: Gengar|24/100|[from] Sandstorm
|-heal|p2a: Gengar|30/100|[from] item: Leftovers
|-damage|p2a: Gengar|18/100|[from] Salt Cure
|upkeep
|turn|9
|
|t:|1743871564
|switch|p1a: Enamorus|Enamorus-Therian, F|29/100 par
|move|p2a: Gengar|Thunder Wave|p1a: Enamorus
|-fail|p1a: Enamorus|par
|
|-weather|Sandstorm|[upkeep]
|-damage|p2a: Gengar|12/100|[from] Sandstorm
|-heal|p2a: Gengar|18/100|[from] item: Leftovers
|-damage|p2a: Gengar|6/100|[from] Salt Cure
|upkeep
|turn|10
|
|t:|1743871575
|move|p2a: Gengar|Shadow Ball|p1a: Enamorus
|-damage|p1a: Enamorus|0 fnt
|faint|p1a: Enamorus
|
|-weather|Sandstorm|[upkeep]
|-damage|p2a: Gengar|0 fnt|[from] Sandstorm
|faint|p2a: Gengar
|upkeep
|
|t:|1743871583
|switch|p2a: Cinderace|Cinderace, M|100/100
|switch|p1a: Excadrill|Excadrill, F|100/100
|-item|p1a: Excadrill|Air Balloon
|turn|11
|
|t:|1743871588
|move|p2a: Cinderace|Sucker Punch|p1a: Excadrill
|-start|p2a: Cinderace|typechange|Dark|[from] ability: Libero
|-crit|p1a: Excadrill
|-damage|p1a: Excadrill|29/100
|-enditem|p1a: Excadrill|Air Balloon
|move|p1a: Excadrill|Earthquake|p2a: Cinderace
|-damage|p2a: Cinderace|29/100
|
|-weather|Sandstorm|[upkeep]
|-damage|p2a: Cinderace|23/100|[from] Sandstorm
|upkeep
|turn|12
|
|t:|1743871598
|move|p2a: Cinderace|Sucker Punch|p1a: Excadrill
|-damage|p1a: Excadrill|0 fnt
|faint|p1a: Excadrill
|
|-weather|none
|upkeep
|
|t:|1743871600
|switch|p1a: Rotom|Rotom-Wash|100/100
|turn|13
|
|t:|1743871608
|move|p2a: Cinderace|U-turn|p1a: Rotom
|-damage|p1a: Rotom|84/100
|-damage|p2a: Cinderace|7/100|[from] item: Rocky Helmet|[of] p1a: Rotom
|
|t:|1743871611
|switch|p2a: Raging Bolt|Raging Bolt|100/100|[from] U-turn
|-enditem|p2a: Raging Bolt|Booster Energy
|-activate|p2a: Raging Bolt|ability: Protosynthesis|[fromitem]
|-start|p2a: Raging Bolt|protosynthesisspa
|move|p1a: Rotom|Volt Switch|p2a: Raging Bolt
|-resisted|p2a: Raging Bolt
|-damage|p2a: Raging Bolt|95/100
|
|t:|1743871618
|switch|p1a: Tyranitar|Tyranitar, M|59/100|[from] Volt Switch
|-weather|Sandstorm|[from] ability: Sand Stream|[of] p1a: Tyranitar
|
|-weather|Sandstorm|[upkeep]
|-damage|p2a: Raging Bolt|89/100|[from] Sandstorm
|upkeep
|turn|14
|
|t:|1743871625
|move|p2a: Raging Bolt|Thunderbolt|p1a: Tyranitar
|-damage|p1a: Tyranitar|33/100
|move|p1a: Tyranitar|Ice Beam|p2a: Raging Bolt
|-supereffective|p2a: Raging Bolt
|-damage|p2a: Raging Bolt|49/100
|
|-weather|Sandstorm|[upkeep]
|-damage|p2a: Raging Bolt|43/100|[from] Sandstorm
|upkeep
|turn|15
|
|t:|1743871633
|move|p2a: Raging Bolt|Dragon Pulse|p1a: Tyranitar
|-damage|p1a: Tyranitar|10/100
|move|p1a: Tyranitar|Ice Beam|p2a: Raging Bolt
|-supereffective|p2a: Raging Bolt
|-damage|p2a: Raging Bolt|1/100
|
|-weather|Sandstorm|[upkeep]
|-damage|p2a: Raging Bolt|0 fnt|[from] Sandstorm
|faint|p2a: Raging Bolt
|-end|p2a: Raging Bolt|Protosynthesis|[silent]
|upkeep
|
|t:|1743871641
|switch|p2a: Ogerpon|Ogerpon-Wellspring, F|100/100
|turn|16
|
|t:|1743871647
|move|p2a: Ogerpon|Play Rough|p1a: Tyranitar
|-supereffective|p1a: Tyranitar
|-damage|p1a: Tyranitar|0 fnt
|faint|p1a: Tyranitar
|
|-weather|Sandstorm|[upkeep]
|-damage|p2a: Ogerpon|95/100|[from] Sandstorm
|upkeep
|
|t:|1743871653
|switch|p1a: Dragapult|Dragapult, F|100/100
|turn|17
|
|t:|1743871663
|switch|p2a: Cinderace|Cinderace, M|7/100
|move|p1a: Dragapult|U-turn|p2a: Cinderace
|-resisted|p2a: Cinderace
|-damage|p2a: Cinderace|0 fnt
|faint|p2a: Cinderace
|
|t:|1743871666
|switch|p1a: Rotom|Rotom-Wash|84/100|[from] U-turn
|
|-weather|none
|upkeep
|
|t:|1743871671
|switch|p2a: Ogerpon|Ogerpon-Wellspring, F|95/100
|turn|18
|
|t:|1743871685
|-terastallize|p1a: Rotom|Steel
|move|p2a: Ogerpon|Swords Dance|p2a: Ogerpon
|-boost|p2a: Ogerpon|atk|2
|move|p1a: Rotom|Will-O-Wisp|p2a: Ogerpon
|-status|p2a: Ogerpon|brn
|
|-damage|p2a: Ogerpon|89/100 brn|[from] brn
|upkeep
|turn|19
|
|t:|1743871692
|move|p2a: Ogerpon|Ivy Cudgel|p1a: Rotom|[anim] Ivy Cudgel Water
|-damage|p1a: Rotom|38/100
|move|p1a: Rotom|Volt Switch|p2a: Ogerpon
|-damage|p2a: Ogerpon|58/100 brn
|
|t:|1743871695
|switch|p1a: Dragapult|Dragapult, F|100/100|[from] Volt Switch
|
|-damage|p2a: Ogerpon|52/100 brn|[from] brn
|upkeep
|turn|20
|
|t:|1743871701
|move|p1a: Dragapult|U-turn|p2a: Ogerpon
|-supereffective|p2a: Ogerpon
|-damage|p2a: Ogerpon|0 fnt
|faint|p2a: Ogerpon
|
|t:|1743871704
|switch|p1a: Rotom|Rotom-Wash, tera:Steel|38/100|[from] U-turn
|
|upkeep
|
|t:|1743871707
|switch|p2a: Scizor|Scizor, M|100/100
|turn|21
|
|t:|1743871709
|move|p1a: Rotom|Will-O-Wisp|p2a: Scizor|[miss]
|-miss|p1a: Rotom|p2a: Scizor
|move|p2a: Scizor|Swords Dance|p2a: Scizor
|-boost|p2a: Scizor|atk|2
|
|upkeep
|turn|22
|
|t:|1743871715
|move|p1a: Rotom|Will-O-Wisp|p2a: Scizor
|-status|p2a: Scizor|brn
|move|p2a: Scizor|Knock Off|p1a: Rotom
|-damage|p1a: Rotom|8/100
|-damage|p2a: Scizor|84/100 brn|[from] item: Rocky Helmet|[of] p1a: Rotom
|-enditem|p1a: Rotom|Rocky Helmet|[from] move: Knock Off|[of] p2a: Scizor
|
|-damage|p2a: Scizor|78/100 brn|[from] brn
|upkeep
|turn|23
|
|t:|1743871724
|move|p2a: Scizor|Bullet Punch|p1a: Rotom
|-resisted|p1a: Rotom
|-damage|p1a: Rotom|0 fnt
|faint|p1a: Rotom
|
|-damage|p2a: Scizor|72/100 brn|[from] brn
|upkeep
|
|t:|1743871728
|switch|p1a: Garganacl|Garganacl, F|77/100
|turn|24
|
|t:|1743871731
|move|p2a: Scizor|Close Combat|p1a: Garganacl
|-supereffective|p1a: Garganacl
|-damage|p1a: Garganacl|31/100
|-unboost|p2a: Scizor|def|1
|-unboost|p2a: Scizor|spd|1
|move|p1a: Garganacl|Body Press|p2a: Scizor
|-damage|p2a: Scizor|18/100 brn
|
|-damage|p2a: Scizor|12/100 brn|[from] brn
|upkeep
|turn|25
|
|t:|1743871736
|move|p2a: Scizor|Close Combat|p1a: Garganacl
|-supereffective|p1a: Garganacl
|-damage|p1a: Garganacl|0 fnt
|-unboost|p2a: Scizor|def|1
|-unboost|p2a: Scizor|spd|1
|faint|p1a: Garganacl
|
|-damage|p2a: Scizor|6/100 brn|[from] brn
|upkeep
|
|t:|1743871738
|switch|p1a: Dragapult|Dragapult, F|100/100
|turn|26
|
|t:|1743871745
|move|p2a: Scizor|Bullet Punch|p1a: Dragapult
|-damage|p1a: Dragapult|46/100
|move|p1a: Dragapult|Hex|p2a: Scizor
|-damage|p2a: Scizor|0 fnt
|faint|p2a: Scizor
|
|win|LucyLikePizza
|raw|LucyLikePizza's rating: 1464 &rarr; <strong>1486</strong><br />(+22 for winning)
|raw|lolcano46's rating: 1497 &rarr; <strong>1475</strong><br />(-22 for losing)
|l|☆lolcano46
|player|p2|
