|j|☆Tatan19
|j|☆periodicfish
|t:|1743778520
|gametype|singles
|player|p1|Tatan19|cynthia-gen4|1164
|player|p2|periodicfish|juan|1164
|teamsize|p1|6
|teamsize|p2|6
|gen|9
|tier|[Gen 9] OU
|rated|
|rule|HP Percentage Mod: HP is shown in percentages
|rule|Endless Battle Clause: Forcing endless battles is banned
|rule|Species Clause: Limit one of each Pokémon
|rule|OHKO Clause: OHKO moves are banned
|rule|Evasion Items Clause: Evasion items are banned
|rule|Evasion Moves Clause: Evasion moves are banned
|rule|Sleep Moves Clause: Sleep-inducing moves are banned
|clearpoke
|poke|p1|Zamazenta-*|
|poke|p1|Kingambit, F|
|poke|p1|Samurott-Hisui, F|
|poke|p1|Landorus-Therian, M|
|poke|p1|Iron Valiant|
|poke|p1|Iron Moth|
|poke|p2|Samurott-Hisui, F|
|poke|p2|Breloom, F|
|poke|p2|Iron Moth|
|poke|p2|Murkrow, F|
|poke|p2|Dragapult, M|
|poke|p2|Gholdengo|
|teampreview
|
|t:|1743778533
|start
|switch|p1a: Landorus|Landorus-Therian, M|100/100
|switch|p2a: Bill|Samurott-Hisui, F|100/100
|-ability|p1a: Landorus|Intimidate|boost
|-unboost|p2a: Bill|atk|1
|turn|1
|
|t:|1743778542
|move|p1a: Landorus|U-turn|p2a: Bill
|-supereffective|p2a: Bill
|-damage|p2a: Bill|46/100
|
|t:|1743778546
|switch|p1a: Samurott|Samurott-Hisui, F|100/100|[from] U-turn
|move|p2a: Bill|Ceaseless Edge|p1a: Samurott
|-resisted|p1a: Samurott
|-damage|p1a: Samurott|80/100
|-sidestart|p1: Tatan19|Spikes
|
|upkeep
|turn|2
|
|t:|1743778555
|move|p2a: Bill|Sacred Sword|p1a: Samurott
|-supereffective|p1a: Samurott
|-damage|p1a: Samurott|0 fnt
|faint|p1a: Samurott
|
|upkeep
|
|t:|1743778561
|switch|p1a: Landorus|Landorus-Therian, M|100/100
|-ability|p1a: Landorus|Intimidate|boost
|-unboost|p2a: Bill|atk|1
|turn|3
|
|t:|1743778570
|switch|p2a: Carl|Iron Moth|100/100
|-enditem|p2a: Carl|Booster Energy
|-activate|p2a: Carl|ability: Quark Drive|[fromitem]
|-start|p2a: Carl|quarkdrivespa
|move|p1a: Landorus|Stealth Rock|p2a: Carl
|-sidestart|p2: periodicfish|move: Stealth Rock
|
|upkeep
|turn|4
|
|t:|1743778588
|-end|p2a: Carl|Quark Drive|[silent]
|switch|p2a: Bob|Murkrow, F|100/100
|-damage|p2a: Bob|76/100|[from] Stealth Rock
|move|p1a: Landorus|Earthquake|p2a: Bob
|-immune|p2a: Bob
|
|upkeep
|turn|5
|
|t:|1743778599
|move|p2a: Bob|Thunder Wave|p1a: Landorus
|-immune|p1a: Landorus
|move|p1a: Landorus|U-turn|p2a: Bob
|-damage|p2a: Bob|51/100
|c|☆Tatan19|I love Bob
|
|t:|1743778610
|switch|p1a: Iron Moth|Iron Moth|100/100|[from] U-turn
|-damage|p1a: Iron Moth|88/100|[from] Spikes
|-enditem|p1a: Iron Moth|Booster Energy
|-activate|p1a: Iron Moth|ability: Quark Drive|[fromitem]
|-start|p1a: Iron Moth|quarkdrivespe
|
|upkeep
|turn|6
|
|t:|1743778623
|move|p2a: Bob|Thunder Wave|p1a: Iron Moth
|-status|p1a: Iron Moth|par
|move|p1a: Iron Moth|Sludge Wave|p2a: Bob
|-damage|p2a: Bob|0 fnt
|faint|p2a: Bob
|
|upkeep
|
|t:|1743778636
|switch|p2a: Bill|Samurott-Hisui, F|46/100
|-damage|p2a: Bill|34/100|[from] Stealth Rock
|turn|7
|
|t:|1743778641
|move|p2a: Bill|Razor Shell|p1a: Iron Moth
|-supereffective|p1a: Iron Moth
|-damage|p1a: Iron Moth|0 fnt
|faint|p1a: Iron Moth
|-end|p1a: Iron Moth|Quark Drive|[silent]
|
|upkeep
|
|t:|1743778647
|switch|p1a: Landorus|Landorus-Therian, M|100/100
|-ability|p1a: Landorus|Intimidate|boost
|-unboost|p2a: Bill|atk|1
|turn|8
|
|t:|1743778655
|move|p1a: Landorus|U-turn|p2a: Bill
|-supereffective|p2a: Bill
|-damage|p2a: Bill|0 fnt
|faint|p2a: Bill
|
|t:|1743778675
|switch|p1a: Iron Valiant|Iron Valiant|100/100|[from] U-turn
|-damage|p1a: Iron Valiant|88/100|[from] Spikes
|-enditem|p1a: Iron Valiant|Booster Energy
|-activate|p1a: Iron Valiant|ability: Quark Drive|[fromitem]
|-start|p1a: Iron Valiant|quarkdrivespe
|
|upkeep
|
|t:|1743778683
|switch|p2a: Carl|Iron Moth|100/100
|-damage|p2a: Carl|76/100|[from] Stealth Rock
|turn|9
|
|t:|1743778694
|-terastallize|p1a: Iron Valiant|Electric
|move|p1a: Iron Valiant|Thunderbolt|p2a: Carl
|-damage|p2a: Carl|26/100
|move|p2a: Carl|Sludge Wave|p1a: Iron Valiant
|-damage|p1a: Iron Valiant|0 fnt
|faint|p1a: Iron Valiant
|-end|p1a: Iron Valiant|Quark Drive|[silent]
|
|upkeep
|
|t:|1743778706
|switch|p1a: Landorus|Landorus-Therian, M|100/100
|-ability|p1a: Landorus|Intimidate|boost
|-unboost|p2a: Carl|atk|1
|turn|10
|
|t:|1743778716
|move|p2a: Carl|Toxic|p1a: Landorus
|-status|p1a: Landorus|tox
|move|p1a: Landorus|Earthquake|p2a: Carl
|-supereffective|p2a: Carl
|-damage|p2a: Carl|0 fnt
|faint|p2a: Carl
|-end|p2a: Carl|Quark Drive|[silent]
|
|-damage|p1a: Landorus|94/100 tox|[from] psn
|upkeep
|
|t:|1743778740
|switch|p2a: Kevin|Breloom, F|100/100
|-damage|p2a: Kevin|94/100|[from] Stealth Rock
|turn|11
|
|t:|1743778748
|move|p1a: Landorus|U-turn|p2a: Kevin
|-damage|p2a: Kevin|61/100
|
|t:|1743778756
|switch|p1a: Zamazenta|Zamazenta|100/100|[from] U-turn
|-damage|p1a: Zamazenta|88/100|[from] Spikes
|-ability|p1a: Zamazenta|Dauntless Shield|boost
|-boost|p1a: Zamazenta|def|1
|move|p2a: Kevin|Bullet Seed|p1a: Zamazenta
|-damage|p1a: Zamazenta|76/100
|-damage|p1a: Zamazenta|65/100
|-damage|p1a: Zamazenta|54/100
|-damage|p1a: Zamazenta|42/100
|-hitcount|p1a: Zamazenta|4
|
|-heal|p1a: Zamazenta|48/100|[from] item: Leftovers
|upkeep
|turn|12
|
|t:|1743778780
|switch|p2a: Dragapult|Dragapult, M|100/100
|-damage|p2a: Dragapult|88/100|[from] Stealth Rock
|move|p1a: Zamazenta|Body Press|p2a: Dragapult
|-immune|p2a: Dragapult
|
|-heal|p1a: Zamazenta|54/100|[from] item: Leftovers
|upkeep
|turn|13
|
|t:|1743778793
|move|p2a: Dragapult|Will-O-Wisp|p1a: Zamazenta
|-status|p1a: Zamazenta|brn
|move|p1a: Zamazenta|Crunch|p2a: Dragapult
|-supereffective|p2a: Dragapult
|-damage|p2a: Dragapult|56/100
|
|-heal|p1a: Zamazenta|60/100 brn|[from] item: Leftovers
|-damage|p1a: Zamazenta|54/100 brn|[from] brn
|upkeep
|turn|14
|
|t:|1743778806
|move|p2a: Dragapult|Disable|p1a: Zamazenta
|-start|p1a: Zamazenta|Disable|Crunch
|cant|p1a: Zamazenta|Disable|Crunch
|
|-heal|p1a: Zamazenta|60/100 brn|[from] item: Leftovers
|-damage|p1a: Zamazenta|54/100 brn|[from] brn
|upkeep
|turn|15
|
|t:|1743778817
|switch|p1a: Landorus|Landorus-Therian, M|94/100 tox
|-ability|p1a: Landorus|Intimidate|boost
|-unboost|p2a: Dragapult|atk|1
|move|p2a: Dragapult|Phantom Force||[still]
|-prepare|p2a: Dragapult|Phantom Force
|-enditem|p2a: Dragapult|Power Herb
|-anim|p2a: Dragapult|Phantom Force|p1a: Landorus
|-damage|p1a: Landorus|65/100 tox
|-damage|p2a: Dragapult|40/100|[from] item: Rocky Helmet|[of] p1a: Landorus
|
|-damage|p1a: Landorus|59/100 tox|[from] psn
|upkeep
|turn|16
|
|t:|1743778843
|move|p2a: Dragapult|Dragon Claw|p1a: Landorus
|-damage|p1a: Landorus|33/100 tox
|-damage|p2a: Dragapult|23/100|[from] item: Rocky Helmet|[of] p1a: Landorus
|move|p1a: Landorus|Taunt|p2a: Dragapult
|-start|p2a: Dragapult|move: Taunt
|
|-damage|p1a: Landorus|21/100 tox|[from] psn
|upkeep
|turn|17
|
|t:|1743778856
|move|p2a: Dragapult|Dragon Claw|p1a: Landorus
|-damage|p1a: Landorus|0 fnt
|-damage|p2a: Dragapult|6/100|[from] item: Rocky Helmet|[of] p1a: Landorus
|faint|p1a: Landorus
|
|upkeep
|
|t:|1743778859
|switch|p1a: Kingambit|Kingambit, F|100/100
|-damage|p1a: Kingambit|88/100|[from] Spikes
|-activate|p1a: Kingambit|ability: Supreme Overlord
|-start|p1a: Kingambit|fallen4|[silent]
|turn|18
|
|t:|1743778870
|move|p2a: Dragapult|Dragon Claw|p1a: Kingambit
|-resisted|p1a: Kingambit
|-damage|p1a: Kingambit|79/100
|move|p1a: Kingambit|Swords Dance|p1a: Kingambit
|-boost|p1a: Kingambit|atk|2
|
|-heal|p1a: Kingambit|85/100|[from] item: Leftovers
|upkeep
|turn|19
|
|t:|1743778883
|move|p2a: Dragapult|Dragon Claw|p1a: Kingambit
|-resisted|p1a: Kingambit
|-damage|p1a: Kingambit|75/100
|move|p1a: Kingambit|Swords Dance|p1a: Kingambit
|-boost|p1a: Kingambit|atk|2
|
|-heal|p1a: Kingambit|81/100|[from] item: Leftovers
|-end|p2a: Dragapult|move: Taunt
|upkeep
|turn|20
|
|t:|1743778899
|move|p2a: Dragapult|Will-O-Wisp|p1a: Kingambit
|-status|p1a: Kingambit|brn
|move|p1a: Kingambit|Swords Dance|p1a: Kingambit
|-boost|p1a: Kingambit|atk|2
|
|-heal|p1a: Kingambit|87/100 brn|[from] item: Leftovers
|-damage|p1a: Kingambit|81/100 brn|[from] brn
|upkeep
|turn|21
|
|t:|1743778909
|move|p1a: Kingambit|Sucker Punch|p2a: Dragapult
|-supereffective|p2a: Dragapult
|-damage|p2a: Dragapult|0 fnt
|faint|p2a: Dragapult
|
|-heal|p1a: Kingambit|87/100 brn|[from] item: Leftovers
|-damage|p1a: Kingambit|81/100 brn|[from] brn
|upkeep
|
|t:|1743778917
|switch|p2a: Kevin|Breloom, F|61/100
|-damage|p2a: Kevin|55/100|[from] Stealth Rock
|turn|22
|
|t:|1743778922
|move|p2a: Kevin|Mach Punch|p1a: Kingambit
|-supereffective|p1a: Kingambit
|-crit|p1a: Kingambit
|-damage|p1a: Kingambit|0 fnt
|faint|p1a: Kingambit
|-end|p1a: Kingambit|fallen4|[silent]
|
|upkeep
|
|t:|1743778928
|switch|p1a: Zamazenta|Zamazenta|54/100 brn
|-damage|p1a: Zamazenta|42/100 brn|[from] Spikes
|turn|23
|
|t:|1743778952
|move|p2a: Kevin|Mach Punch|p1a: Zamazenta
|-damage|p1a: Zamazenta|15/100 brn
|move|p1a: Zamazenta|Body Press|p2a: Kevin
|-damage|p2a: Kevin|27/100
|
|-heal|p1a: Zamazenta|21/100 brn|[from] item: Leftovers
|-damage|p1a: Zamazenta|15/100 brn|[from] brn
|upkeep
|turn|24
|inactive|Battle timer is ON: inactive players will automatically lose when time's up. (requested by Tatan19)
|
|t:|1743778962
|move|p2a: Kevin|Mach Punch|p1a: Zamazenta
|-damage|p1a: Zamazenta|0 fnt
|faint|p1a: Zamazenta
|
|win|periodicfish
|raw|Tatan19's rating: 1164 &rarr; <strong>1139</strong><br />(-25 for losing)
|raw|periodicfish's rating: 1164 &rarr; <strong>1189</strong><br />(+25 for winning)
|l|☆Tatan19
|player|p1|
|c|☆periodicfish|Gg
|l|☆periodicfish
|player|p2|
|j|☆periodicfish
|player|p2|periodicfish|juan|
