|j|☆Salmonroe Sushi
|j|‽The Plant Boy
|t:|1743779329
|gametype|singles
|player|p1|Salmonroe Sushi|plasmagrunt|1163
|player|p2|The Plant Boy|psychic-gen4|1101
|teamsize|p1|6
|teamsize|p2|6
|gen|9
|tier|[Gen 9] OU
|rated|
|rule|HP Percentage Mod: HP is shown in percentages
|rule|Endless Battle Clause: Forcing endless battles is banned
|rule|Species Clause: Limit one of each Pokémon
|rule|OHKO Clause: OHKO moves are banned
|rule|Evasion Items Clause: Evasion items are banned
|rule|Evasion Moves Clause: Evasion moves are banned
|rule|Sleep Moves Clause: Sleep-inducing moves are banned
|clearpoke
|poke|p1|Excadrill, M|
|poke|p1|Weezing-Galar, F|
|poke|p1|Azumarill, M|
|poke|p1|Florges, F|
|poke|p1|Houndstone, M|
|poke|p1|Hydrapple, F|
|poke|p2|Great Tusk|
|poke|p2|Zapdos|
|poke|p2|Meowscarada, M|
|poke|p2|Kingambit, M|
|poke|p2|Dragapult, M|
|poke|p2|Clefable, M|
|teampreview
|l|☆Salmonroe Sushi
|player|p1|
|j|☆Salmonroe Sushi
|player|p1|Salmonroe Sushi|plasmagrunt|
|
|t:|1743779377
|start
|switch|p1a: Houndstone|Houndstone, M|100/100
|switch|p2a: Clefable|Clefable, M|100/100
|turn|1
|
|t:|1743779384
|move|p1a: Houndstone|Will-O-Wisp|p2a: Clefable
|-status|p2a: Clefable|brn
|move|p2a: Clefable|Stealth Rock|p1a: Houndstone
|-sidestart|p1: Salmonroe Sushi|move: Stealth Rock
|
|upkeep
|turn|2
|
|t:|1743779389
|move|p1a: Houndstone|Howl|p1a: Houndstone
|-boost|p1a: Houndstone|atk|1
|move|p2a: Clefable|Thunder Wave|p1a: Houndstone
|-status|p1a: Houndstone|par
|
|upkeep
|turn|3
|inactive|Battle timer is ON: inactive players will automatically lose when time's up. (requested by Salmonroe Sushi)
|
|t:|1743779396
|move|p2a: Clefable|Moonblast|p1a: Houndstone
|-damage|p1a: Houndstone|71/100 par
|cant|p1a: Houndstone|par
|
|-heal|p1a: Houndstone|77/100 par|[from] item: Leftovers
|upkeep
|turn|4
|
|t:|1743779403
|switch|p2a: Meowscarada|Meowscarada, M|100/100
|move|p1a: Houndstone|Howl|p1a: Houndstone
|-boost|p1a: Houndstone|atk|1
|
|-heal|p1a: Houndstone|83/100 par|[from] item: Leftovers
|upkeep
|turn|5
|
|t:|1743779410
|move|p1a: Houndstone|Shadow Sneak|p2a: Meowscarada
|-resisted|p2a: Meowscarada
|-damage|p2a: Meowscarada|79/100
|move|p2a: Meowscarada|Knock Off|p1a: Houndstone
|-start|p2a: Meowscarada|typechange|Dark|[from] ability: Protean
|-supereffective|p1a: Houndstone
|-damage|p1a: Houndstone|37/100 par
|-enditem|p1a: Houndstone|Leftovers|[from] move: Knock Off|[of] p2a: Meowscarada
|
|upkeep
|turn|6
|
|t:|1743779418
|move|p2a: Meowscarada|Knock Off|p1a: Houndstone
|-supereffective|p1a: Houndstone
|-damage|p1a: Houndstone|6/100 par
|move|p1a: Houndstone|Will-O-Wisp|p2a: Meowscarada
|-status|p2a: Meowscarada|brn
|
|-damage|p2a: Meowscarada|73/100 brn|[from] brn
|upkeep
|turn|7
|
|t:|1743779426
|move|p1a: Houndstone|Shadow Sneak|p2a: Meowscarada
|-resisted|p2a: Meowscarada
|-damage|p2a: Meowscarada|49/100 brn
|move|p2a: Meowscarada|Knock Off|p1a: Houndstone
|-supereffective|p1a: Houndstone
|-damage|p1a: Houndstone|0 fnt
|faint|p1a: Houndstone
|
|-damage|p2a: Meowscarada|43/100 brn|[from] brn
|upkeep
|
|t:|1743779429
|switch|p1a: Excadrill|Excadrill, M|100/100
|-damage|p1a: Excadrill|97/100|[from] Stealth Rock
|-ability|p1a: Excadrill|Mold Breaker
|turn|8
|
|t:|1743779438
|switch|p2a: Clefable|Clefable, M|100/100 brn
|move|p1a: Excadrill|Rapid Spin|p2a: Clefable
|-damage|p2a: Clefable|69/100 brn
|-boost|p1a: Excadrill|spe|1
|-sideend|p1: Salmonroe Sushi|Stealth Rock|[from] move: Rapid Spin|[of] p1a: Excadrill
|
|-heal|p2a: Clefable|75/100 brn|[from] item: Leftovers
|upkeep
|turn|9
|
|t:|1743779458
|switch|p1a: Hydrapple|Hydrapple, F, shiny|100/100
|move|p2a: Clefable|Thunder Wave|p1a: Hydrapple
|-status|p1a: Hydrapple|par
|
|-heal|p2a: Clefable|81/100 brn|[from] item: Leftovers
|upkeep
|turn|10
|
|t:|1743779468
|move|p2a: Clefable|Moonblast|p1a: Hydrapple
|-supereffective|p1a: Hydrapple
|-damage|p1a: Hydrapple|34/100 par
|cant|p1a: Hydrapple|par
|
|-heal|p2a: Clefable|87/100 brn|[from] item: Leftovers
|upkeep
|turn|11
|
|t:|1743779475
|-terastallize|p1a: Hydrapple|Grass
|move|p2a: Clefable|Moonblast|p1a: Hydrapple
|-damage|p1a: Hydrapple|2/100 par
|cant|p1a: Hydrapple|par
|
|-heal|p2a: Clefable|93/100 brn|[from] item: Leftovers
|upkeep
|turn|12
|
|t:|1743779488
|move|p2a: Clefable|Moonblast|p1a: Hydrapple
|-damage|p1a: Hydrapple|0 fnt
|faint|p1a: Hydrapple
|
|-heal|p2a: Clefable|99/100 brn|[from] item: Leftovers
|upkeep
|
|t:|1743779492
|switch|p1a: Weezing|Weezing-Galar, F|100/100
|-ability|p1a: Weezing|Neutralizing Gas
|turn|13
|
|t:|1743779496
|move|p1a: Weezing|Acid Spray|p2a: Clefable
|-supereffective|p2a: Clefable
|-damage|p2a: Clefable|75/100 brn
|-unboost|p2a: Clefable|spd|2
|move|p2a: Clefable|Stealth Rock|p1a: Weezing
|-sidestart|p1: Salmonroe Sushi|move: Stealth Rock
|
|-heal|p2a: Clefable|81/100 brn|[from] item: Leftovers
|-damage|p2a: Clefable|75/100 brn|[from] brn
|upkeep
|turn|14
|
|t:|1743779507
|move|p1a: Weezing|Sludge Wave|p2a: Clefable
|-supereffective|p2a: Clefable
|-damage|p2a: Clefable|0 fnt
|faint|p2a: Clefable
|
|upkeep
|
|t:|1743779519
|switch|p2a: Dragapult|Dragapult, M|100/100
|turn|15
|
|t:|1743779530
|move|p2a: Dragapult|Dragon Darts|p1a: Weezing
|-immune|p1a: Weezing
|move|p1a: Weezing|Strange Steam|p2a: Dragapult
|-supereffective|p2a: Dragapult
|-damage|p2a: Dragapult|0 fnt
|faint|p2a: Dragapult
|
|upkeep
|
|t:|1743779538
|switch|p2a: Great Tusk|Great Tusk|100/100
|turn|16
|
|t:|1743779545
|move|p2a: Great Tusk|Headlong Rush|p1a: Weezing
|-supereffective|p1a: Weezing
|-damage|p1a: Weezing|0 fnt
|-unboost|p2a: Great Tusk|def|1
|-unboost|p2a: Great Tusk|spd|1
|faint|p1a: Weezing
|-end|p1a: Weezing|ability: Neutralizing Gas
|
|upkeep
|
|t:|1743779549
|switch|p1a: Azumarill|Azumarill, M, shiny|100/100
|-damage|p1a: Azumarill|88/100|[from] Stealth Rock
|turn|17
|
|t:|1743779558
|-end|p2a: Great Tusk|Protosynthesis|[silent]
|switch|p2a: Meowscarada|Meowscarada, M|43/100 brn
|move|p1a: Azumarill|Belly Drum|p1a: Azumarill
|-damage|p1a: Azumarill|38/100
|-setboost|p1a: Azumarill|atk|6|[from] move: Belly Drum
|-enditem|p1a: Azumarill|Sitrus Berry|[eat]
|-heal|p1a: Azumarill|63/100|[from] item: Sitrus Berry
|
|-damage|p2a: Meowscarada|37/100 brn|[from] brn
|upkeep
|turn|18
|
|t:|1743779568
|move|p1a: Azumarill|Aqua Jet|p2a: Meowscarada
|-resisted|p2a: Meowscarada
|-damage|p2a: Meowscarada|0 fnt
|faint|p2a: Meowscarada
|
|upkeep
|
|t:|1743779575
|switch|p2a: Zapdos|Zapdos|100/100
|turn|19
|
|t:|1743779579
|move|p1a: Azumarill|Aqua Jet|p2a: Zapdos
|-damage|p2a: Zapdos|0 fnt
|faint|p2a: Zapdos
|
|upkeep
|
|t:|1743779583
|switch|p2a: Great Tusk|Great Tusk|100/100
|turn|20
|
|t:|1743779608
|move|p1a: Azumarill|Aqua Jet|p2a: Great Tusk
|-supereffective|p2a: Great Tusk
|-damage|p2a: Great Tusk|0 fnt
|faint|p2a: Great Tusk
|-end|p2a: Great Tusk|Protosynthesis|[silent]
|
|upkeep
|
|t:|1743779618
|switch|p2a: Kingambit|Kingambit, M|100/100
|-activate|p2a: Kingambit|ability: Supreme Overlord
|-start|p2a: Kingambit|fallen5|[silent]
|-item|p2a: Kingambit|Air Balloon
|turn|21
|
|t:|1743779635
|move|p2a: Kingambit|Sucker Punch|p1a: Azumarill
|-resisted|p1a: Azumarill
|-damage|p1a: Azumarill|32/100
|move|p1a: Azumarill|Aqua Jet|p2a: Kingambit
|-damage|p2a: Kingambit|20/100
|-enditem|p2a: Kingambit|Air Balloon
|
|upkeep
|turn|22
|
|t:|1743779646
|move|p2a: Kingambit|Sucker Punch|p1a: Azumarill
|-resisted|p1a: Azumarill
|-damage|p1a: Azumarill|0 fnt
|faint|p1a: Azumarill
|
|upkeep
|
|t:|1743779652
|switch|p1a: Excadrill|Excadrill, M|97/100
|-damage|p1a: Excadrill|94/100|[from] Stealth Rock
|-ability|p1a: Excadrill|Mold Breaker
|turn|23
|
|t:|1743779659
|move|p1a: Excadrill|Earthquake|p2a: Kingambit
|-supereffective|p2a: Kingambit
|-damage|p2a: Kingambit|0 fnt
|faint|p2a: Kingambit
|-end|p2a: Kingambit|fallen5|[silent]
|
|win|Salmonroe Sushi
|raw|Salmonroe Sushi's rating: 1163 &rarr; <strong>1184</strong><br />(+21 for winning)
|raw|The Plant Boy's rating: 1101 &rarr; <strong>1080</strong><br />(-21 for losing)
|l|‽The Plant Boy
|player|p2|
|l|☆Salmonroe Sushi
|player|p1|
