|j|☆Siisisihisia
|j|☆infernapedeath
|t:|1743859184
|gametype|singles
|player|p1|Siisisihisia|101|1316
|player|p2|infernapedeath|hiker-gen4|1281
|teamsize|p1|6
|teamsize|p2|6
|gen|9
|tier|[Gen 9] OU
|rated|
|rule|HP Percentage Mod: HP is shown in percentages
|rule|Endless Battle Clause: Forcing endless battles is banned
|rule|Species Clause: Limit one of each Pokémon
|rule|OHKO Clause: OHKO moves are banned
|rule|Evasion Items Clause: Evasion items are banned
|rule|Evasion Moves Clause: Evasion moves are banned
|rule|Sleep Moves Clause: Sleep-inducing moves are banned
|clearpoke
|poke|p1|Enamorus, F|
|poke|p1|Tyranitar, F|
|poke|p1|Excadrill, F|
|poke|p1|Weezing, M|
|poke|p1|Gliscor, F|
|poke|p1|Gengar, F|
|poke|p2|Landorus-Therian, M|
|poke|p2|Dragapult, F|
|poke|p2|Araquanid, M|
|poke|p2|Kingambit, M|
|poke|p2|Raging Bolt|
|poke|p2|Iron Valiant|
|teampreview
|
|t:|1743859201
|start
|switch|p1a: Gliscor|Gliscor, F|100/100
|switch|p2a: Araquanid|Araquanid, M|100/100
|turn|1
|inactive|Battle timer is ON: inactive players will automatically lose when time's up. (requested by Siisisihisia)
|
|t:|1743859204
|move|p1a: Gliscor|Toxic|p2a: Araquanid
|-status|p2a: Araquanid|tox
|move|p2a: Araquanid|Sticky Web|p1a: Gliscor
|-sidestart|p1: Siisisihisia|move: Sticky Web
|
|-damage|p2a: Araquanid|94/100 tox|[from] psn
|-status|p1a: Gliscor|tox|[from] item: Toxic Orb
|upkeep
|turn|2
|
|t:|1743859208
|move|p1a: Gliscor|Spikes|p2a: Araquanid
|-sidestart|p2: infernapedeath|Spikes
|move|p2a: Araquanid|Liquidation|p1a: Gliscor
|-supereffective|p1a: Gliscor
|-damage|p1a: Gliscor|0 fnt
|faint|p1a: Gliscor
|
|-damage|p2a: Araquanid|82/100 tox|[from] psn
|upkeep
|
|t:|1743859215
|switch|p1a: Tyranitar|Tyranitar, F|100/100
|-weather|Sandstorm|[from] ability: Sand Stream|[of] p1a: Tyranitar
|turn|3
|
|t:|1743859220
|move|p1a: Tyranitar|Knock Off|p2a: Araquanid
|-damage|p2a: Araquanid|33/100 tox
|-enditem|p2a: Araquanid|Focus Sash|[from] move: Knock Off|[of] p1a: Tyranitar
|move|p2a: Araquanid|Liquidation|p1a: Tyranitar
|-supereffective|p1a: Tyranitar
|-damage|p1a: Tyranitar|0 fnt
|faint|p1a: Tyranitar
|
|-weather|Sandstorm|[upkeep]
|-damage|p2a: Araquanid|27/100 tox|[from] Sandstorm
|-damage|p2a: Araquanid|8/100 tox|[from] psn
|upkeep
|
|t:|1743859230
|switch|p1a: Excadrill|Excadrill, F|100/100
|turn|4
|
|t:|1743859238
|move|p1a: Excadrill|Rapid Spin|p2a: Araquanid
|-damage|p2a: Araquanid|0 fnt
|-boost|p1a: Excadrill|spe|1
|-sideend|p1: Siisisihisia|Sticky Web|[from] move: Rapid Spin|[of] p1a: Excadrill
|faint|p2a: Araquanid
|
|-weather|Sandstorm|[upkeep]
|upkeep
|l|☆infernapedeath
|inactive|infernapedeath disconnected and has a minute to reconnect!
|player|p2|
|j|☆infernapedeath
|inactive|infernapedeath reconnected and has 120 seconds left.
|player|p2|infernapedeath|hiker-gen4|
|
|t:|1743859277
|switch|p2a: Landorus|Landorus-Therian, M|100/100
|-ability|p2a: Landorus|Intimidate|boost
|-unboost|p1a: Excadrill|atk|1
|turn|5
|inactive|infernapedeath has 120 seconds left.
|
|t:|1743859283
|switch|p1a: Enamorus|Enamorus, F|100/100
|move|p2a: Landorus|Earthquake|p1a: Enamorus
|-immune|p1a: Enamorus
|
|-weather|Sandstorm|[upkeep]
|-damage|p1a: Enamorus|94/100|[from] Sandstorm
|upkeep
|turn|6
|
|t:|1743859286
|move|p1a: Enamorus|Moonblast|p2a: Landorus
|-damage|p2a: Landorus|37/100
|move|p2a: Landorus|Rock Slide|p1a: Enamorus
|-supereffective|p1a: Enamorus
|-damage|p1a: Enamorus|7/100
|
|-weather|Sandstorm|[upkeep]
|-damage|p1a: Enamorus|1/100|[from] Sandstorm
|-heal|p2a: Landorus|43/100|[from] item: Leftovers
|upkeep
|turn|7
|
|t:|1743859298
|switch|p2a: Kingambit|Kingambit, M|100/100
|-damage|p2a: Kingambit|88/100|[from] Spikes
|-activate|p2a: Kingambit|ability: Supreme Overlord
|-start|p2a: Kingambit|fallen1|[silent]
|move|p1a: Enamorus|Moonblast|p2a: Kingambit
|-damage|p2a: Kingambit|42/100
|
|-weather|none
|upkeep
|turn|8
|
|t:|1743859306
|move|p2a: Kingambit|Sucker Punch|p1a: Enamorus
|-resisted|p1a: Enamorus
|-damage|p1a: Enamorus|0 fnt
|faint|p1a: Enamorus
|
|upkeep
|
|t:|1743859308
|switch|p1a: Weezing|Weezing, M|100/100
|-ability|p1a: Weezing|Neutralizing Gas
|turn|9
|
|t:|1743859313
|move|p1a: Weezing|Fire Blast|p2a: Kingambit|[miss]
|-miss|p1a: Weezing|p2a: Kingambit
|move|p2a: Kingambit|Swords Dance|p2a: Kingambit
|-boost|p2a: Kingambit|atk|2
|
|upkeep
|turn|10
|
|t:|1743859319
|move|p1a: Weezing|Will-O-Wisp|p2a: Kingambit
|-status|p2a: Kingambit|brn
|move|p2a: Kingambit|Kowtow Cleave|p1a: Weezing
|-damage|p1a: Weezing|60/100
|
|-damage|p2a: Kingambit|36/100 brn|[from] brn
|upkeep
|turn|11
|
|t:|1743859330
|move|p1a: Weezing|Fire Blast|p2a: Kingambit
|-supereffective|p2a: Kingambit
|-damage|p2a: Kingambit|0 fnt
|faint|p2a: Kingambit
|-end|p2a: Kingambit|fallen1|[silent]
|
|upkeep
|
|t:|1743859336
|switch|p2a: Landorus|Landorus-Therian, M|43/100
|turn|12
|
|t:|1743859340
|move|p2a: Landorus|Earthquake|p1a: Weezing
|-supereffective|p1a: Weezing
|-crit|p1a: Weezing
|-damage|p1a: Weezing|0 fnt
|faint|p1a: Weezing
|-end|p1a: Weezing|ability: Neutralizing Gas
|
|-heal|p2a: Landorus|49/100|[from] item: Leftovers
|upkeep
|
|t:|1743859344
|switch|p1a: Gengar|Gengar, F|100/100
|turn|13
|
|t:|1743859348
|move|p1a: Gengar|Shadow Ball|p2a: Landorus
|-damage|p2a: Landorus|0 fnt
|faint|p2a: Landorus
|
|upkeep
|
|t:|1743859354
|switch|p2a: Iron Valiant|Iron Valiant|100/100
|-damage|p2a: Iron Valiant|88/100|[from] Spikes
|-enditem|p2a: Iron Valiant|Booster Energy
|-activate|p2a: Iron Valiant|ability: Quark Drive|[fromitem]
|-start|p2a: Iron Valiant|quarkdrivespe
|turn|14
|
|t:|1743859358
|move|p2a: Iron Valiant|Psychic|p1a: Gengar
|-supereffective|p1a: Gengar
|-damage|p1a: Gengar|2/100
|move|p1a: Gengar|Shadow Ball|p2a: Iron Valiant
|-damage|p2a: Iron Valiant|0 fnt
|faint|p2a: Iron Valiant
|-end|p2a: Iron Valiant|Quark Drive|[silent]
|
|upkeep
|
|t:|1743859365
|switch|p2a: Raging Bolt|Raging Bolt|100/100
|-damage|p2a: Raging Bolt|88/100|[from] Spikes
|-enditem|p2a: Raging Bolt|Booster Energy
|-activate|p2a: Raging Bolt|ability: Protosynthesis|[fromitem]
|-start|p2a: Raging Bolt|protosynthesisspa
|turn|15
|
|t:|1743859370
|move|p2a: Raging Bolt|Thunderclap|p1a: Gengar
|-damage|p1a: Gengar|0 fnt
|faint|p1a: Gengar
|
|upkeep
|
|t:|1743859372
|switch|p1a: Excadrill|Excadrill, F|100/100
|turn|16
|
|t:|1743859376
|move|p1a: Excadrill|Rapid Spin|p2a: Raging Bolt
|-damage|p2a: Raging Bolt|76/100
|-boost|p1a: Excadrill|spe|1
|move|p2a: Raging Bolt|Draco Meteor|p1a: Excadrill
|-resisted|p1a: Excadrill
|-damage|p1a: Excadrill|43/100
|-unboost|p2a: Raging Bolt|spa|2
|
|upkeep
|turn|17
|
|t:|1743859384
|move|p1a: Excadrill|Swords Dance|p1a: Excadrill
|-boost|p1a: Excadrill|atk|2
|move|p2a: Raging Bolt|Draco Meteor|p1a: Excadrill|[miss]
|-miss|p2a: Raging Bolt|p1a: Excadrill
|
|upkeep
|turn|18
|
|t:|1743859388
|move|p1a: Excadrill|Earthquake|p2a: Raging Bolt
|-supereffective|p2a: Raging Bolt
|-damage|p2a: Raging Bolt|0 fnt
|faint|p2a: Raging Bolt
|-end|p2a: Raging Bolt|Protosynthesis|[silent]
|
|upkeep
|
|t:|1743859390
|switch|p2a: Dragapult|Dragapult, F|100/100
|-damage|p2a: Dragapult|88/100|[from] Spikes
|turn|19
|
|t:|1743859393
|-terastallize|p2a: Dragapult|Dragon
|move|p1a: Excadrill|Earthquake|p2a: Dragapult
|-damage|p2a: Dragapult|0 fnt
|faint|p2a: Dragapult
|
|win|Siisisihisia
|raw|Siisisihisia's rating: 1316 &rarr; <strong>1334</strong><br />(+18 for winning)
|raw|infernapedeath's rating: 1281 &rarr; <strong>1259</strong><br />(-22 for losing)
|l|☆infernapedeath
|player|p2|
|l|☆Siisisihisia
|player|p1|
