|j|☆massivesket
|j|‽AndreRWright
|t:|1743864751
|gametype|singles
|player|p1|massivesket|lucas|1322
|player|p2|AndreRWright|giovanni|1342
|teamsize|p1|6
|teamsize|p2|6
|gen|9
|tier|[Gen 9] OU
|rated|
|rule|HP Percentage Mod: HP is shown in percentages
|rule|Endless Battle Clause: Forcing endless battles is banned
|rule|Species Clause: Limit one of each Pokémon
|rule|OHKO Clause: OHKO moves are banned
|rule|Evasion Items Clause: Evasion items are banned
|rule|Evasion Moves Clause: Evasion moves are banned
|rule|Sleep Moves Clause: Sleep-inducing moves are banned
|clearpoke
|poke|p1|Azumarill, M|
|poke|p1|Serperior, M|
|poke|p1|Great Tusk|
|poke|p1|Garganacl, M|
|poke|p1|Moltres|
|poke|p1|Kingambit, M|
|poke|p2|Weezing-Galar, M|
|poke|p2|Iron Treads|
|poke|p2|Alcremie, F|
|poke|p2|Lokix, F|
|poke|p2|Hydrapple, M|
|poke|p2|Goodra-Hisui, F|
|teampreview
|inactive|Battle timer is ON: inactive players will automatically lose when time's up. (requested by massivesket)
|
|t:|1743864755
|start
|switch|p1a: Femboy IX|Azumarill, M, shiny|100/100
|switch|p2a: Weezing|Weezing-Galar, M|100/100
|-fieldstart|move: Misty Terrain|[from] ability: Misty Surge|[of] p2a: Weezing
|turn|1
|
|t:|1743864763
|switch|p1a: in garg we trust|Garganacl, M|100/100
|move|p2a: Weezing|Sludge Wave|p1a: in garg we trust
|-resisted|p1a: in garg we trust
|-damage|p1a: in garg we trust|86/100
|
|-heal|p1a: in garg we trust|93/100|[from] item: Leftovers
|upkeep
|turn|2
|
|t:|1743864774
|-terastallize|p1a: in garg we trust|Ghost
|move|p2a: Weezing|Substitute|p2a: Weezing
|-start|p2a: Weezing|Substitute
|-damage|p2a: Weezing|75/100
|move|p1a: in garg we trust|Salt Cure|p2a: Weezing
|-activate|p2a: Weezing|move: Substitute|[damage]
|
|-heal|p1a: in garg we trust|99/100|[from] item: Leftovers
|upkeep
|turn|3
|
|t:|1743864787
|move|p2a: Weezing|Strange Steam|p1a: in garg we trust
|-damage|p1a: in garg we trust|71/100
|move|p1a: in garg we trust|Iron Defense|p1a: in garg we trust
|-boost|p1a: in garg we trust|def|2
|
|-heal|p1a: in garg we trust|77/100|[from] item: Leftovers
|upkeep
|turn|4
|
|t:|1743864798
|move|p2a: Weezing|Strange Steam|p1a: in garg we trust
|-damage|p1a: in garg we trust|53/100
|move|p1a: in garg we trust|Iron Defense|p1a: in garg we trust
|-boost|p1a: in garg we trust|def|2
|
|-heal|p1a: in garg we trust|60/100|[from] item: Leftovers
|upkeep
|turn|5
|
|t:|1743864814
|switch|p2a: Hydrapple|Hydrapple, M|100/100
|move|p1a: in garg we trust|Iron Defense|p1a: in garg we trust
|-boost|p1a: in garg we trust|def|2
|
|-heal|p1a: in garg we trust|66/100|[from] item: Leftovers
|upkeep
|turn|6
|
|t:|1743864825
|-terastallize|p2a: Hydrapple|Ghost
|move|p2a: Hydrapple|Nasty Plot|p2a: Hydrapple
|-boost|p2a: Hydrapple|spa|2
|move|p1a: in garg we trust|Body Press|p2a: Hydrapple
|-immune|p2a: Hydrapple
|
|-heal|p1a: in garg we trust|72/100|[from] item: Leftovers
|upkeep
|turn|7
|
|t:|1743864837
|move|p2a: Hydrapple|Tera Blast|p1a: in garg we trust|[anim] Tera Blast Ghost
|-supereffective|p1a: in garg we trust
|-damage|p1a: in garg we trust|23/100
|move|p1a: in garg we trust|Salt Cure|p2a: Hydrapple
|-damage|p2a: Hydrapple|90/100
|-start|p2a: Hydrapple|Salt Cure
|
|-heal|p1a: in garg we trust|29/100|[from] item: Leftovers
|-damage|p2a: Hydrapple|78/100|[from] Salt Cure
|upkeep
|turn|8
|
|t:|1743864849
|move|p2a: Hydrapple|Hydro Pump|p1a: in garg we trust
|-damage|p1a: in garg we trust|0 fnt
|faint|p1a: in garg we trust
|
|-damage|p2a: Hydrapple|65/100|[from] Salt Cure
|-fieldend|Misty Terrain
|upkeep
|
|t:|1743864858
|switch|p1a: Cucked By Zygarde|Serperior, M, shiny|100/100
|turn|9
|
|t:|1743864861
|switch|p2a: Goodra|Goodra-Hisui, F|100/100
|move|p1a: Cucked By Zygarde|Leaf Storm|p2a: Goodra
|-ability|p2a: Goodra|Sap Sipper|boost
|-boost|p2a: Goodra|atk|1
|
|upkeep
|turn|10
|
|t:|1743864880
|switch|p1a: My White Ass|Great Tusk|100/100
|move|p2a: Goodra|Knock Off|p1a: My White Ass
|-resisted|p1a: My White Ass
|-damage|p1a: My White Ass|89/100
|-enditem|p1a: My White Ass|Heavy-Duty Boots|[from] move: Knock Off|[of] p2a: Goodra
|
|upkeep
|turn|11
|inactive|AndreRWright has 120 seconds left.
|
|t:|1743864920
|switch|p2a: Weezing|Weezing-Galar, M|75/100
|-fieldstart|move: Misty Terrain|[from] ability: Misty Surge|[of] p2a: Weezing
|move|p1a: My White Ass|Earthquake|p2a: Weezing
|-supereffective|p2a: Weezing
|-crit|p2a: Weezing
|-damage|p2a: Weezing|0 fnt
|faint|p2a: Weezing
|
|upkeep
|
|t:|1743864924
|switch|p2a: Lokix|Lokix, F|100/100
|turn|12
|inactive|AndreRWright has 120 seconds left.
|
|t:|1743864931
|move|p1a: My White Ass|Close Combat|p2a: Lokix
|-damage|p2a: Lokix|23/100
|-unboost|p1a: My White Ass|def|1
|-unboost|p1a: My White Ass|spd|1
|move|p2a: Lokix|U-turn|p1a: My White Ass
|-resisted|p1a: My White Ass
|-crit|p1a: My White Ass
|-damage|p1a: My White Ass|34/100
|inactive|AndreRWright has 120 seconds left.
|
|t:|1743864940
|switch|p2a: Hydrapple|Hydrapple, M, tera:Ghost|65/100|[from] U-turn
|
|upkeep
|turn|13
|
|t:|1743864943
|move|p1a: My White Ass|Ice Spinner|p2a: Hydrapple
|-damage|p2a: Hydrapple|46/100
|-fieldend|Misty Terrain
|move|p2a: Hydrapple|Giga Drain|p1a: My White Ass
|-supereffective|p1a: My White Ass
|-damage|p1a: My White Ass|0 fnt
|-heal|p2a: Hydrapple|63/100|[from] drain|[of] p1a: My White Ass
|faint|p1a: My White Ass
|-end|p1a: My White Ass|Protosynthesis|[silent]
|
|upkeep
|
|t:|1743864952
|switch|p1a: Femboy IX|Azumarill, M, shiny|100/100
|turn|14
|
|t:|1743864964
|switch|p1a: Raw Chicken|Moltres, shiny|100/100
|switch|p2a: Iron Treads|Iron Treads|100/100
|
|upkeep
|turn|15
|
|t:|1743864983
|move|p2a: Iron Treads|Knock Off|p1a: Raw Chicken
|-damage|p1a: Raw Chicken|51/100
|-enditem|p1a: Raw Chicken|Heavy-Duty Boots|[from] move: Knock Off|[of] p2a: Iron Treads
|move|p1a: Raw Chicken|Will-O-Wisp|p2a: Iron Treads
|-status|p2a: Iron Treads|brn
|
|-damage|p2a: Iron Treads|94/100 brn|[from] brn
|upkeep
|turn|16
|
|t:|1743864990
|move|p2a: Iron Treads|Knock Off|p1a: Raw Chicken
|-damage|p1a: Raw Chicken|33/100
|move|p1a: Raw Chicken|Flamethrower|p2a: Iron Treads
|-supereffective|p2a: Iron Treads
|-damage|p2a: Iron Treads|0 fnt
|faint|p2a: Iron Treads
|-end|p2a: Iron Treads|Quark Drive|[silent]
|
|upkeep
|
|t:|1743865004
|switch|p2a: Goodra|Goodra-Hisui, F|100/100
|turn|17
|
|t:|1743865009
|move|p1a: Raw Chicken|Roost|p1a: Raw Chicken
|-heal|p1a: Raw Chicken|84/100
|-singleturn|p1a: Raw Chicken|move: Roost
|move|p2a: Goodra|Ice Beam|p1a: Raw Chicken
|-resisted|p1a: Raw Chicken
|-damage|p1a: Raw Chicken|73/100
|
|upkeep
|turn|18
|
|t:|1743865017
|move|p1a: Raw Chicken|Will-O-Wisp|p2a: Goodra
|-status|p2a: Goodra|brn
|move|p2a: Goodra|Ice Beam|p1a: Raw Chicken
|-damage|p1a: Raw Chicken|53/100
|-status|p1a: Raw Chicken|frz
|
|-damage|p2a: Goodra|95/100 brn|[from] brn
|upkeep
|turn|19
|
|t:|1743865030
|switch|p2a: Hydrapple|Hydrapple, M, tera:Ghost|63/100
|cant|p1a: Raw Chicken|frz
|
|upkeep
|turn|20
|
|t:|1743865035
|cant|p1a: Raw Chicken|frz
|move|p2a: Hydrapple|Nasty Plot|p2a: Hydrapple
|-boost|p2a: Hydrapple|spa|2
|
|upkeep
|turn|21
|
|t:|1743865038
|cant|p1a: Raw Chicken|frz
|move|p2a: Hydrapple|Hydro Pump|p1a: Raw Chicken
|-supereffective|p1a: Raw Chicken
|-damage|p1a: Raw Chicken|0 fnt
|faint|p1a: Raw Chicken
|
|upkeep
|
|t:|1743865046
|switch|p1a: Cucked By Zygarde|Serperior, M, shiny|100/100
|turn|22
|
|t:|1743865064
|move|p1a: Cucked By Zygarde|Glare|p2a: Hydrapple
|-status|p2a: Hydrapple|par
|move|p2a: Hydrapple|Tera Blast|p1a: Cucked By Zygarde|[anim] Tera Blast Ghost
|-damage|p1a: Cucked By Zygarde|2/100
|
|upkeep
|turn|23
|
|t:|1743865072
|move|p1a: Cucked By Zygarde|Giga Drain|p2a: Hydrapple
|-damage|p2a: Hydrapple|31/100 par
|-heal|p1a: Cucked By Zygarde|22/100|[from] drain|[of] p2a: Hydrapple
|move|p2a: Hydrapple|Tera Blast|p1a: Cucked By Zygarde|[anim] Tera Blast Ghost
|-damage|p1a: Cucked By Zygarde|0 fnt
|faint|p1a: Cucked By Zygarde
|
|upkeep
|
|t:|1743865078
|switch|p1a: Femboy IX|Azumarill, M, shiny|100/100
|turn|24
|
|t:|1743865082
|move|p1a: Femboy IX|Play Rough|p2a: Hydrapple
|-damage|p2a: Hydrapple|0 fnt
|faint|p2a: Hydrapple
|
|upkeep
|
|t:|1743865093
|switch|p2a: Alcremie|Alcremie, F|100/100
|turn|25
|
|t:|1743865097
|move|p2a: Alcremie|Acid Armor|p2a: Alcremie
|-boost|p2a: Alcremie|def|2
|move|p1a: Femboy IX|Belly Drum|p1a: Femboy IX
|-damage|p1a: Femboy IX|50/100
|-setboost|p1a: Femboy IX|atk|6|[from] move: Belly Drum
|-enditem|p1a: Femboy IX|Sitrus Berry|[eat]
|-heal|p1a: Femboy IX|75/100|[from] item: Sitrus Berry
|
|upkeep
|turn|26
|
|t:|1743865107
|move|p2a: Alcremie|Acid Armor|p2a: Alcremie
|-boost|p2a: Alcremie|def|2
|move|p1a: Femboy IX|Play Rough|p2a: Alcremie
|-damage|p2a: Alcremie|11/100
|
|upkeep
|turn|27
|
|t:|1743865115
|move|p1a: Femboy IX|Aqua Jet|p2a: Alcremie
|-damage|p2a: Alcremie|0 fnt
|faint|p2a: Alcremie
|
|upkeep
|
|t:|1743865119
|switch|p2a: Lokix|Lokix, F|23/100
|turn|28
|
|t:|1743865122
|move|p2a: Lokix|First Impression|p1a: Femboy IX
|-resisted|p1a: Femboy IX
|-damage|p1a: Femboy IX|28/100
|move|p1a: Femboy IX|Aqua Jet|p2a: Lokix
|-damage|p2a: Lokix|0 fnt
|faint|p2a: Lokix
|
|upkeep
|
|t:|1743865128
|switch|p2a: Goodra|Goodra-Hisui, F|95/100 brn
|turn|29
|
|t:|1743865132
|move|p2a: Goodra|Flash Cannon|p1a: Femboy IX
|-damage|p1a: Femboy IX|0 fnt
|faint|p1a: Femboy IX
|
|-heal|p2a: Goodra|100/100 brn|[from] item: Leftovers
|-damage|p2a: Goodra|95/100 brn|[from] brn
|upkeep
|
|t:|1743865135
|switch|p1a: Don Hector|Kingambit, M, shiny|100/100
|-activate|p1a: Don Hector|ability: Supreme Overlord
|-start|p1a: Don Hector|fallen5|[silent]
|-item|p1a: Don Hector|Air Balloon
|turn|30
|
|t:|1743865139
|move|p2a: Goodra|Ice Beam|p1a: Don Hector
|-resisted|p1a: Don Hector
|-damage|p1a: Don Hector|88/100
|-enditem|p1a: Don Hector|Air Balloon
|move|p1a: Don Hector|Swords Dance|p1a: Don Hector
|-boost|p1a: Don Hector|atk|2
|
|-heal|p2a: Goodra|100/100 brn|[from] item: Leftovers
|-damage|p2a: Goodra|95/100 brn|[from] brn
|upkeep
|turn|31
|
|t:|1743865145
|move|p1a: Don Hector|Sucker Punch|p2a: Goodra
|-crit|p2a: Goodra
|-damage|p2a: Goodra|0 fnt
|faint|p2a: Goodra
|
|win|massivesket
|raw|massivesket's rating: 1322 &rarr; <strong>1343</strong><br />(+21 for winning)
|raw|AndreRWright's rating: 1342 &rarr; <strong>1321</strong><br />(-21 for losing)
|l|‽AndreRWright
|player|p2|
|l|☆massivesket
|player|p1|
