|j|☆Stranger-er
|j|☆Jacataca37
|inactive|Battle timer is ON: inactive players will automatically lose when time's up.
|t:|1743868341
|gametype|singles
|player|p1|Stranger-er|collector|
|player|p2|Jacataca37|lass-gen6oras|
|teamsize|p1|3
|teamsize|p2|3
|gen|9
|tier|[Gen 9] OU
|rated|Tournament battle
|rule|HP Percentage Mod: HP is shown in percentages
|rule|Endless Battle Clause: Forcing endless battles is banned
|rule|Species Clause: Limit one of each Pokémon
|rule|OHKO Clause: OHKO moves are banned
|rule|Evasion Items Clause: Evasion items are banned
|rule|Evasion Moves Clause: Evasion moves are banned
|rule|Sleep Moves Clause: Sleep-inducing moves are banned
|clearpoke
|poke|p1|Ninetales-Alola, M|
|poke|p1|Piloswine, M|
|poke|p1|Sobble, M|
|poke|p2|Dragalge, F|
|poke|p2|Tinkatuff, F|
|poke|p2|Granbull, M|
|teampreview
|j|*Lady Monita ❄
|inactive|Jacataca37 also wants the timer to be on.
|j| Xx_Wizard_xX
|j| E ram man
|
|t:|1743868358
|start
|switch|p1a: Piloswine|Piloswine, M|100/100
|switch|p2a: Dragalge|Dragalge, F|100/100
|turn|1
|j| Darkside2906
|
|t:|1743868365
|move|p1a: Piloswine|Stealth Rock|p2a: Dragalge
|-sidestart|p2: Jacataca37|move: Stealth Rock
|move|p2a: Dragalge|Flip Turn|p1a: Piloswine
|-supereffective|p1a: Piloswine
|-crit|p1a: Piloswine
|-damage|p1a: Piloswine|62/100
|-damage|p2a: Dragalge|91/100|[from] item: Life Orb
|
|t:|1743868372
|switch|p2a: Tinkatuff|Tinkatuff, F|100/100|[from] Flip Turn
|-damage|p2a: Tinkatuff|95/100|[from] Stealth Rock
|-ability|p2a: Tinkatuff|Mold Breaker
|
|-heal|p1a: Piloswine|68/100|[from] item: Leftovers
|upkeep
|turn|2
|
|t:|1743868381
|move|p2a: Tinkatuff|Encore|p1a: Piloswine
|-start|p1a: Piloswine|Encore
|move|p1a: Piloswine|Stealth Rock||[still]
|-fail|p1a: Piloswine
|
|-heal|p1a: Piloswine|74/100|[from] item: Leftovers
|upkeep
|turn|3
|j| Elora06
|
|t:|1743868384
|switch|p1a: Sobble|Sobble, M|100/100
|move|p2a: Tinkatuff|Stealth Rock|p1a: Sobble
|-sidestart|p1: Stranger-er|move: Stealth Rock
|
|upkeep
|turn|4
|j| Legobff
|
|t:|1743868396
|move|p1a: Sobble|U-turn|p2a: Tinkatuff
|-resisted|p2a: Tinkatuff
|-damage|p2a: Tinkatuff|93/100
|
|t:|1743868398
|switch|p1a: Ninetales|Ninetales-Alola, M|100/100|[from] U-turn
|-damage|p1a: Ninetales|76/100|[from] Stealth Rock
|-weather|Snowscape|[from] ability: Snow Warning|[of] p1a: Ninetales
|move|p2a: Tinkatuff|Thunder Wave|p1a: Ninetales|[miss]
|-miss|p2a: Tinkatuff|p1a: Ninetales
|
|-weather|Snowscape|[upkeep]
|upkeep
|turn|5
|
|t:|1743868405
|move|p1a: Ninetales|Aurora Veil|p1a: Ninetales
|-sidestart|p1: Stranger-er|move: Aurora Veil
|move|p2a: Tinkatuff|Encore|p1a: Ninetales
|-start|p1a: Ninetales|Encore
|
|-weather|Snowscape|[upkeep]
|upkeep
|turn|6
|
|t:|1743868410
|switch|p1a: Piloswine|Piloswine, M|74/100
|-damage|p1a: Piloswine|62/100|[from] Stealth Rock
|move|p2a: Tinkatuff|Foul Play|p1a: Piloswine
|-damage|p1a: Piloswine|51/100
|
|-weather|Snowscape|[upkeep]
|-heal|p1a: Piloswine|58/100|[from] item: Leftovers
|upkeep
|turn|7
|c| Xx_Wizard_xX|sobbles stange
|
|t:|1743868415
|switch|p2a: Granbull|Granbull, M|100/100
|-damage|p2a: Granbull|88/100|[from] Stealth Rock
|-ability|p2a: Granbull|Intimidate|boost
|-unboost|p1a: Piloswine|atk|1
|move|p1a: Piloswine|Earthquake|p2a: Granbull
|-damage|p2a: Granbull|53/100
|
|-weather|Snowscape|[upkeep]
|-heal|p1a: Piloswine|64/100|[from] item: Leftovers
|-heal|p2a: Granbull|59/100|[from] item: Leftovers
|upkeep
|turn|8
|
|t:|1743868427
|switch|p1a: Sobble|Sobble, M|100/100
|-damage|p1a: Sobble|88/100|[from] Stealth Rock
|move|p2a: Granbull|Super Fang|p1a: Sobble
|-damage|p1a: Sobble|44/100
|
|-weather|none
|-heal|p2a: Granbull|65/100|[from] item: Leftovers
|upkeep
|turn|9
|
|t:|1743868434
|move|p1a: Sobble|Surf|p2a: Granbull
|-damage|p2a: Granbull|3/100
|move|p2a: Granbull|Thunder Wave|p1a: Sobble
|-status|p1a: Sobble|par
|
|-heal|p2a: Granbull|9/100|[from] item: Leftovers
|upkeep
|turn|10
|
|t:|1743868438
|cant|p1a: Sobble|par
|move|p2a: Granbull|Play Rough|p1a: Sobble
|-damage|p1a: Sobble|0 fnt
|faint|p1a: Sobble
|
|-heal|p2a: Granbull|15/100|[from] item: Leftovers
|upkeep
|
|t:|1743868441
|switch|p1a: Ninetales|Ninetales-Alola, M|76/100
|-damage|p1a: Ninetales|51/100|[from] Stealth Rock
|-weather|Snowscape|[from] ability: Snow Warning|[of] p1a: Ninetales
|turn|11
|
|t:|1743868445
|move|p1a: Ninetales|Blizzard|p2a: Granbull
|-damage|p2a: Granbull|0 fnt
|faint|p2a: Granbull
|
|-weather|Snowscape|[upkeep]
|upkeep
|
|t:|1743868447
|switch|p2a: Tinkatuff|Tinkatuff, F|93/100
|-damage|p2a: Tinkatuff|87/100|[from] Stealth Rock
|-ability|p2a: Tinkatuff|Mold Breaker
|turn|12
|
|t:|1743868454
|move|p1a: Ninetales|Blizzard|p2a: Tinkatuff
|-resisted|p2a: Tinkatuff
|-damage|p2a: Tinkatuff|75/100
|move|p2a: Tinkatuff|Thunder Wave|p1a: Ninetales
|-status|p1a: Ninetales|par
|
|-weather|Snowscape|[upkeep]
|-sideend|p1: Stranger-er|move: Aurora Veil
|upkeep
|turn|13
|
|t:|1743868459
|move|p2a: Tinkatuff|Encore|p1a: Ninetales
|-start|p1a: Ninetales|Encore
|move|p1a: Ninetales|Blizzard|p2a: Tinkatuff
|-resisted|p2a: Tinkatuff
|-damage|p2a: Tinkatuff|65/100
|
|-weather|Snowscape|[upkeep]
|upkeep
|turn|14
|
|t:|1743868463
|move|p2a: Tinkatuff|Foul Play|p1a: Ninetales
|-resisted|p1a: Ninetales
|-damage|p1a: Ninetales|45/100 par
|move|p1a: Ninetales|Blizzard|p2a: Tinkatuff
|-resisted|p2a: Tinkatuff
|-damage|p2a: Tinkatuff|53/100
|
|-weather|Snowscape|[upkeep]
|upkeep
|turn|15
|
|t:|1743868467
|move|p2a: Tinkatuff|Foul Play|p1a: Ninetales
|-resisted|p1a: Ninetales
|-damage|p1a: Ninetales|39/100 par
|move|p1a: Ninetales|Blizzard|p2a: Tinkatuff
|-resisted|p2a: Tinkatuff
|-damage|p2a: Tinkatuff|41/100
|
|-weather|none
|-end|p1a: Ninetales|Encore
|upkeep
|turn|16
|
|t:|1743868470
|move|p2a: Tinkatuff|Foul Play|p1a: Ninetales
|-resisted|p1a: Ninetales
|-damage|p1a: Ninetales|30/100 par
|move|p1a: Ninetales|Freeze-Dry|p2a: Tinkatuff
|-resisted|p2a: Tinkatuff
|-damage|p2a: Tinkatuff|34/100
|
|upkeep
|turn|17
|
|t:|1743868473
|move|p2a: Tinkatuff|Foul Play|p1a: Ninetales
|-resisted|p1a: Ninetales
|-damage|p1a: Ninetales|21/100 par
|move|p1a: Ninetales|Freeze-Dry|p2a: Tinkatuff
|-resisted|p2a: Tinkatuff
|-damage|p2a: Tinkatuff|26/100
|-status|p2a: Tinkatuff|frz
|
|upkeep
|turn|18
|
|t:|1743868477
|switch|p1a: Piloswine|Piloswine, M|64/100
|-damage|p1a: Piloswine|51/100|[from] Stealth Rock
|cant|p2a: Tinkatuff|frz
|
|-heal|p1a: Piloswine|58/100|[from] item: Leftovers
|upkeep
|turn|19
|
|t:|1743868480
|switch|p1a: Ninetales|Ninetales-Alola, M|21/100 par
|-damage|p1a: Ninetales|0 fnt|[from] Stealth Rock
|faint|p1a: Ninetales
|cant|p2a: Tinkatuff|frz
|
|upkeep
|
|t:|1743868481
|switch|p1a: Piloswine|Piloswine, M|58/100
|-damage|p1a: Piloswine|45/100|[from] Stealth Rock
|turn|20
|
|t:|1743868486
|cant|p2a: Tinkatuff|frz
|move|p1a: Piloswine|Earthquake|p2a: Tinkatuff
|-supereffective|p2a: Tinkatuff
|-damage|p2a: Tinkatuff|0 fnt
|faint|p2a: Tinkatuff
|
|-heal|p1a: Piloswine|51/100|[from] item: Leftovers
|upkeep
|
|t:|1743868488
|switch|p2a: Dragalge|Dragalge, F|91/100
|-damage|p2a: Dragalge|78/100|[from] Stealth Rock
|turn|21
|
|t:|1743868495
|-terastallize|p1a: Piloswine|Ice
|-terastallize|p2a: Dragalge|Water
|move|p1a: Piloswine|Icicle Crash|p2a: Dragalge
|-resisted|p2a: Dragalge
|-damage|p2a: Dragalge|45/100
|cant|p2a: Dragalge|flinch
|
|-heal|p1a: Piloswine|58/100|[from] item: Leftovers
|upkeep
|turn|22
|
|t:|1743868506
|move|p1a: Piloswine|Icicle Crash|p2a: Dragalge|[miss]
|-miss|p1a: Piloswine|p2a: Dragalge
|move|p2a: Dragalge|Draco Meteor|p1a: Piloswine
|-damage|p1a: Piloswine|0 fnt
|-unboost|p2a: Dragalge|spa|2
|faint|p1a: Piloswine
|-damage|p2a: Dragalge|36/100|[from] item: Life Orb
|
|win|Jacataca37
|n|☆Stranger-er|strangerer
|n|☆Jacataca37|jacataca37
|n|*Lady Monita ❄|ladymonita
|n| Xx_Wizard_xX|xxwizardxx
|n| E ram man|eramman
|n| Darkside2906|darkside2906
|n| Elora06|elora06
|n| Legobff|legobff
