|j|☆Lupni
|j|☆Kenobi801
|t:|1743847419
|gametype|singles
|player|p1|Lupni|morty-masters|1307
|player|p2|Kenobi801|169|1390
|teamsize|p1|6
|teamsize|p2|6
|gen|9
|tier|[Gen 9] OU
|rated|
|rule|HP Percentage Mod: HP is shown in percentages
|rule|Endless Battle Clause: Forcing endless battles is banned
|rule|Species Clause: Limit one of each Pokémon
|rule|OHKO Clause: OHKO moves are banned
|rule|Evasion Items Clause: Evasion items are banned
|rule|Evasion Moves Clause: Evasion moves are banned
|rule|Sleep Moves Clause: Sleep-inducing moves are banned
|clearpoke
|poke|p1|Skarmory, M|
|poke|p1|Ting-Lu|
|poke|p1|Gholdengo|
|poke|p1|Glimmora, M|
|poke|p1|Iron Valiant|
|poke|p1|Crawdaunt, F|
|poke|p2|Tyranitar, M|
|poke|p2|Excadrill, M|
|poke|p2|Zamazenta-*|
|poke|p2|Ogerpon-Wellspring, F|
|poke|p2|Moltres|
|poke|p2|Primarina, F|
|teampreview
|inactive|Battle timer is ON: inactive players will automatically lose when time's up. (requested by Lupni)
|
|t:|1743847441
|start
|switch|p1a: Ting-Lu|Ting-Lu|100/100
|switch|p2a: Tyranitar|Tyranitar, M|100/100
|-weather|Sandstorm|[from] ability: Sand Stream|[of] p2a: Tyranitar
|-ability|p1a: Ting-Lu|Vessel of Ruin
|turn|1
|
|t:|1743847450
|switch|p2a: Moltres|Moltres|100/100
|move|p1a: Ting-Lu|Spikes|p2a: Moltres
|-sidestart|p2: Kenobi801|Spikes
|
|-weather|Sandstorm|[upkeep]
|-damage|p2a: Moltres|94/100|[from] Sandstorm
|upkeep
|turn|2
|
|t:|1743847459
|move|p2a: Moltres|Will-O-Wisp|p1a: Ting-Lu
|-status|p1a: Ting-Lu|brn
|move|p1a: Ting-Lu|Whirlwind|p2a: Moltres
|drag|p2a: Excadrill|Excadrill, M|100/100
|-item|p2a: Excadrill|Air Balloon
|
|-weather|Sandstorm|[upkeep]
|-damage|p1a: Ting-Lu|94/100 brn|[from] brn
|upkeep
|turn|3
|
|t:|1743847473
|move|p2a: Excadrill|Rapid Spin|p1a: Ting-Lu
|-damage|p1a: Ting-Lu|85/100 brn
|-boost|p2a: Excadrill|spe|1
|-sideend|p2: Kenobi801|Spikes|[from] move: Rapid Spin|[of] p2a: Excadrill
|move|p1a: Ting-Lu|Heavy Slam|p2a: Excadrill
|-resisted|p2a: Excadrill
|-damage|p2a: Excadrill|91/100
|-enditem|p2a: Excadrill|Air Balloon
|
|-weather|Sandstorm|[upkeep]
|-heal|p1a: Ting-Lu|91/100 brn|[from] item: Leftovers
|-damage|p1a: Ting-Lu|85/100 brn|[from] brn
|upkeep
|turn|4
|
|t:|1743847496
|switch|p2a: Ogerpon|Ogerpon-Wellspring, F|100/100
|switch|p1a: Crawdaunt|Crawdaunt, F|100/100
|
|-weather|Sandstorm|[upkeep]
|-damage|p2a: Ogerpon|95/100|[from] Sandstorm
|-damage|p1a: Crawdaunt|95/100|[from] Sandstorm
|upkeep
|turn|5
|
|t:|1743847507
|switch|p1a: Glimmora|Glimmora, M|100/100
|move|p2a: Ogerpon|U-turn|p1a: Glimmora
|-resisted|p1a: Glimmora
|-damage|p1a: Glimmora|85/100
|-activate|p1a: Glimmora|ability: Toxic Debris
|-sidestart|p2: Kenobi801|move: Toxic Spikes
|-enditem|p1a: Glimmora|Red Card|[of] p2a: Ogerpon
|drag|p2a: Moltres|Moltres|94/100
|
|-weather|Sandstorm|[upkeep]
|-damage|p2a: Moltres|88/100|[from] Sandstorm
|upkeep
|turn|6
|
|t:|1743847528
|switch|p2a: Excadrill|Excadrill, M|91/100
|move|p1a: Glimmora|Earth Power|p2a: Excadrill
|-supereffective|p2a: Excadrill
|-damage|p2a: Excadrill|9/100
|
|-weather|Sandstorm|[upkeep]
|upkeep
|turn|7
|
|t:|1743847536
|switch|p1a: Gholdengo|Gholdengo|100/100
|-item|p1a: Gholdengo|Air Balloon
|move|p2a: Excadrill|Rapid Spin|p1a: Gholdengo
|-immune|p1a: Gholdengo
|
|-weather|Sandstorm|[upkeep]
|upkeep
|turn|8
|
|t:|1743847541
|switch|p2a: Moltres|Moltres|88/100
|move|p1a: Gholdengo|Shadow Ball|p2a: Moltres
|-damage|p2a: Moltres|47/100
|
|-weather|none
|upkeep
|turn|9
|
|t:|1743847547
|switch|p1a: Ting-Lu|Ting-Lu|85/100 brn
|-ability|p1a: Ting-Lu|Vessel of Ruin
|move|p2a: Moltres|Roost|p2a: Moltres
|-heal|p2a: Moltres|98/100
|-singleturn|p2a: Moltres|move: Roost
|
|-heal|p1a: Ting-Lu|91/100 brn|[from] item: Leftovers
|-damage|p1a: Ting-Lu|85/100 brn|[from] brn
|upkeep
|turn|10
|
|t:|1743847551
|move|p2a: Moltres|U-turn|p1a: Ting-Lu
|-supereffective|p1a: Ting-Lu
|-damage|p1a: Ting-Lu|69/100 brn
|
|t:|1743847568
|switch|p2a: Tyranitar|Tyranitar, M|100/100|[from] U-turn
|-status|p2a: Tyranitar|psn
|-weather|Sandstorm|[from] ability: Sand Stream|[of] p2a: Tyranitar
|move|p1a: Ting-Lu|Spikes|p2a: Tyranitar
|-sidestart|p2: Kenobi801|Spikes
|
|-weather|Sandstorm|[upkeep]
|-heal|p1a: Ting-Lu|75/100 brn|[from] item: Leftovers
|-damage|p2a: Tyranitar|88/100 psn|[from] psn
|-damage|p1a: Ting-Lu|69/100 brn|[from] brn
|upkeep
|turn|11
|
|t:|1743847573
|move|p2a: Tyranitar|Stealth Rock|p1a: Ting-Lu
|-sidestart|p1: Lupni|move: Stealth Rock
|move|p1a: Ting-Lu|Spikes|p2a: Tyranitar
|-sidestart|p2: Kenobi801|Spikes
|
|-weather|Sandstorm|[upkeep]
|-heal|p1a: Ting-Lu|75/100 brn|[from] item: Leftovers
|-damage|p2a: Tyranitar|76/100 psn|[from] psn
|-damage|p1a: Ting-Lu|69/100 brn|[from] brn
|upkeep
|turn|12
|
|t:|1743847592
|move|p2a: Tyranitar|Low Kick|p1a: Ting-Lu
|-supereffective|p1a: Ting-Lu
|-damage|p1a: Ting-Lu|31/100 brn
|move|p1a: Ting-Lu|Whirlwind|p2a: Tyranitar
|drag|p2a: Zamazenta|Zamazenta|100/100
|-status|p2a: Zamazenta|psn
|-damage|p2a: Zamazenta|84/100 psn|[from] Spikes
|-ability|p2a: Zamazenta|Dauntless Shield|boost
|-boost|p2a: Zamazenta|def|1
|
|-weather|Sandstorm|[upkeep]
|-damage|p2a: Zamazenta|78/100 psn|[from] Sandstorm
|-heal|p2a: Zamazenta|84/100 psn|[from] item: Leftovers
|-heal|p1a: Ting-Lu|37/100 brn|[from] item: Leftovers
|-damage|p2a: Zamazenta|72/100 psn|[from] psn
|-damage|p1a: Ting-Lu|31/100 brn|[from] brn
|upkeep
|turn|13
|
|t:|1743847600
|move|p2a: Zamazenta|Body Press|p1a: Ting-Lu
|-supereffective|p1a: Ting-Lu
|-damage|p1a: Ting-Lu|0 fnt
|faint|p1a: Ting-Lu
|
|-weather|Sandstorm|[upkeep]
|-damage|p2a: Zamazenta|65/100 psn|[from] Sandstorm
|-heal|p2a: Zamazenta|72/100 psn|[from] item: Leftovers
|-damage|p2a: Zamazenta|59/100 psn|[from] psn
|upkeep
|
|t:|1743847603
|switch|p1a: Skarmory|Skarmory, M|100/100
|-damage|p1a: Skarmory|88/100|[from] Stealth Rock
|turn|14
|
|t:|1743847617
|switch|p2a: Moltres|Moltres|98/100
|move|p1a: Skarmory|Swords Dance|p1a: Skarmory
|-boost|p1a: Skarmory|atk|2
|
|-weather|Sandstorm|[upkeep]
|-damage|p2a: Moltres|92/100|[from] Sandstorm
|-heal|p1a: Skarmory|94/100|[from] item: Leftovers
|upkeep
|turn|15
|
|t:|1743847622
|switch|p1a: Glimmora|Glimmora, M|85/100
|-damage|p1a: Glimmora|72/100|[from] Stealth Rock
|move|p2a: Moltres|Flamethrower|p1a: Glimmora
|-resisted|p1a: Glimmora
|-damage|p1a: Glimmora|55/100
|
|-weather|Sandstorm|[upkeep]
|-damage|p2a: Moltres|86/100|[from] Sandstorm
|upkeep
|turn|16
|
|t:|1743847626
|move|p1a: Glimmora|Sludge Wave|p2a: Moltres
|-damage|p2a: Moltres|31/100
|move|p2a: Moltres|U-turn|p1a: Glimmora
|-resisted|p1a: Glimmora
|-damage|p1a: Glimmora|47/100
|-activate|p1a: Glimmora|ability: Toxic Debris
|-sidestart|p2: Kenobi801|move: Toxic Spikes
|
|t:|1743847629
|switch|p2a: Excadrill|Excadrill, M|9/100|[from] U-turn
|-damage|p2a: Excadrill|0 fnt|[from] Spikes
|faint|p2a: Excadrill
|
|-weather|Sandstorm|[upkeep]
|upkeep
|
|t:|1743847644
|switch|p2a: Ogerpon|Ogerpon-Wellspring, F|95/100
|-status|p2a: Ogerpon|tox
|-damage|p2a: Ogerpon|78/100 tox|[from] Spikes
|turn|17
|
|t:|1743847651
|move|p2a: Ogerpon|Ivy Cudgel|p1a: Glimmora|[anim] Ivy Cudgel Water
|-supereffective|p1a: Glimmora
|-damage|p1a: Glimmora|0 fnt
|faint|p1a: Glimmora
|
|-weather|none
|-damage|p2a: Ogerpon|72/100 tox|[from] psn
|upkeep
|
|t:|1743847662
|switch|p1a: Skarmory|Skarmory, M|94/100
|-damage|p1a: Skarmory|82/100|[from] Stealth Rock
|turn|18
|
|t:|1743847665
|move|p2a: Ogerpon|U-turn|p1a: Skarmory
|-resisted|p1a: Skarmory
|-damage|p1a: Skarmory|76/100
|-ability|p1a: Skarmory|Weak Armor|boost
|-unboost|p1a: Skarmory|def|1
|-boost|p1a: Skarmory|spe|2
|
|t:|1743847674
|switch|p2a: Moltres|Moltres|31/100|[from] U-turn
|move|p1a: Skarmory|Swords Dance|p1a: Skarmory
|-boost|p1a: Skarmory|atk|2
|
|-heal|p1a: Skarmory|82/100|[from] item: Leftovers
|upkeep
|turn|19
|
|t:|1743847679
|move|p1a: Skarmory|Brave Bird|p2a: Moltres
|-damage|p2a: Moltres|0 fnt
|-status|p1a: Skarmory|brn|[from] ability: Flame Body|[of] p2a: Moltres
|faint|p2a: Moltres
|-damage|p1a: Skarmory|68/100 brn|[from] Recoil
|
|-heal|p1a: Skarmory|74/100 brn|[from] item: Leftovers
|-damage|p1a: Skarmory|68/100 brn|[from] brn
|upkeep
|
|t:|1743847682
|switch|p2a: Primarina|Primarina, F|100/100
|-status|p2a: Primarina|tox
|-damage|p2a: Primarina|84/100 tox|[from] Spikes
|turn|20
|
|t:|1743847688
|move|p1a: Skarmory|Iron Head|p2a: Primarina
|-damage|p2a: Primarina|56/100 tox
|cant|p2a: Primarina|flinch
|
|-heal|p1a: Skarmory|74/100 brn|[from] item: Leftovers
|-heal|p2a: Primarina|62/100 tox|[from] item: Leftovers
|-damage|p2a: Primarina|56/100 tox|[from] psn
|-damage|p1a: Skarmory|68/100 brn|[from] brn
|upkeep
|turn|21
|
|t:|1743847698
|move|p1a: Skarmory|Iron Head|p2a: Primarina
|-damage|p2a: Primarina|28/100 tox
|move|p2a: Primarina|Calm Mind|p2a: Primarina
|-boost|p2a: Primarina|spa|1
|-boost|p2a: Primarina|spd|1
|
|-heal|p1a: Skarmory|74/100 brn|[from] item: Leftovers
|-heal|p2a: Primarina|34/100 tox|[from] item: Leftovers
|-damage|p2a: Primarina|22/100 tox|[from] psn
|-damage|p1a: Skarmory|68/100 brn|[from] brn
|upkeep
|turn|22
|
|t:|1743847704
|move|p1a: Skarmory|Iron Head|p2a: Primarina
|-damage|p2a: Primarina|0 fnt
|faint|p2a: Primarina
|
|-heal|p1a: Skarmory|74/100 brn|[from] item: Leftovers
|-damage|p1a: Skarmory|68/100 brn|[from] brn
|upkeep
|
|t:|1743847712
|switch|p2a: Zamazenta|Zamazenta|59/100 psn
|-damage|p2a: Zamazenta|43/100 psn|[from] Spikes
|turn|23
|
|t:|1743847714
|move|p1a: Skarmory|Brave Bird|p2a: Zamazenta
|-supereffective|p2a: Zamazenta
|-damage|p2a: Zamazenta|0 fnt
|faint|p2a: Zamazenta
|-damage|p1a: Skarmory|51/100 brn|[from] Recoil
|
|-heal|p1a: Skarmory|57/100 brn|[from] item: Leftovers
|-damage|p1a: Skarmory|51/100 brn|[from] brn
|upkeep
|-message|Kenobi801 forfeited.
|
|win|Lupni
|raw|Lupni's rating: 1307 &rarr; <strong>1332</strong><br />(+25 for winning)
|raw|Kenobi801's rating: 1390 &rarr; <strong>1365</strong><br />(-25 for losing)
|l|☆Kenobi801
|player|p2|
