|j|☆tohelpu
|j|☆Greeny Tree
|t:|1743848589
|gametype|singles
|player|p1|tohelpu|1|1253
|player|p2|Greeny Tree|pokekid|1219
|teamsize|p1|6
|teamsize|p2|6
|gen|9
|tier|[Gen 9] OU
|rated|
|rule|HP Percentage Mod: HP is shown in percentages
|rule|Endless Battle Clause: Forcing endless battles is banned
|rule|Species Clause: Limit one of each Pokémon
|rule|OHKO Clause: OHKO moves are banned
|rule|Evasion Items Clause: Evasion items are banned
|rule|Evasion Moves Clause: Evasion moves are banned
|rule|Sleep Moves Clause: Sleep-inducing moves are banned
|clearpoke
|poke|p1|Reuniclus, M|
|poke|p1|Slither Wing|
|poke|p1|Jirachi|
|poke|p1|Bombirdier, F|
|poke|p1|Excadrill, F|
|poke|p1|Vikavolt, F|
|poke|p2|Ninetales, M|
|poke|p2|Walking Wake|
|poke|p2|Great Tusk|
|poke|p2|Raging Bolt|
|poke|p2|Hatterene, F|
|poke|p2|Ceruledge, M|
|teampreview
|
|t:|1743848604
|start
|switch|p1a: Slither Wing|Slither Wing|100/100
|switch|p2a: Ninetales|Ninetales, M|100/100
|-weather|SunnyDay|[from] ability: Drought|[of] p2a: Ninetales
|-activate|p1a: Slither Wing|ability: Protosynthesis
|-start|p1a: Slither Wing|protosynthesisatk
|turn|1
|
|t:|1743848617
|switch|p2a: Hatterene|Hatterene, F|100/100
|-terastallize|p1a: Slither Wing|Rock
|move|p1a: Slither Wing|Tera Blast|p2a: Hatterene|[anim] Tera Blast Rock
|-damage|p2a: Hatterene|38/100
|-enditem|p2a: Hatterene|Eject Button
|
|t:|1743848646
|switch|p2a: Walking Wake|Walking Wake|100/100
|-activate|p2a: Walking Wake|ability: Protosynthesis
|-start|p2a: Walking Wake|protosynthesisspe
|
|-weather|SunnyDay|[upkeep]
|upkeep
|turn|2
|
|t:|1743848680
|-end|p1a: Slither Wing|Protosynthesis|[silent]
|switch|p1a: Vikavolt|Vikavolt, F|100/100
|move|p2a: Walking Wake|Hydro Steam|p1a: Vikavolt
|-damage|p1a: Vikavolt|0 fnt
|faint|p1a: Vikavolt
|
|-weather|SunnyDay|[upkeep]
|upkeep
|
|t:|1743848690
|switch|p1a: Reuniclus|Reuniclus, M|100/100
|turn|3
|
|t:|1743848695
|-terastallize|p2a: Walking Wake|Water
|move|p2a: Walking Wake|Hydro Steam|p1a: Reuniclus
|-damage|p1a: Reuniclus|0 fnt
|faint|p1a: Reuniclus
|
|-weather|SunnyDay|[upkeep]
|upkeep
|
|t:|1743848706
|switch|p1a: Slither Wing|Slither Wing, tera:Rock|100/100
|-activate|p1a: Slither Wing|ability: Protosynthesis
|-start|p1a: Slither Wing|protosynthesisatk
|turn|4
|
|t:|1743848711
|move|p1a: Slither Wing|First Impression|p2a: Walking Wake
|-damage|p2a: Walking Wake|9/100
|move|p2a: Walking Wake|Hydro Steam|p1a: Slither Wing
|-supereffective|p1a: Slither Wing
|-damage|p1a: Slither Wing|0 fnt
|faint|p1a: Slither Wing
|-end|p1a: Slither Wing|Protosynthesis|[silent]
|
|-weather|SunnyDay|[upkeep]
|upkeep
|
|t:|1743848722
|switch|p1a: Jirachi|Jirachi|100/100
|turn|5
|c|☆tohelpu|gg
|
|t:|1743848727
|move|p2a: Walking Wake|Hydro Steam|p1a: Jirachi
|-damage|p1a: Jirachi|0 fnt
|faint|p1a: Jirachi
|
|-weather|SunnyDay|[upkeep]
|upkeep
|
|t:|1743848733
|switch|p1a: Bombirdier|Bombirdier, F|100/100
|turn|6
|
|t:|1743848736
|move|p2a: Walking Wake|Hydro Steam|p1a: Bombirdier
|-damage|p1a: Bombirdier|0 fnt
|faint|p1a: Bombirdier
|
|-weather|SunnyDay|[upkeep]
|upkeep
|
|t:|1743848741
|switch|p1a: Excadrill|Excadrill, F|100/100
|turn|7
|
|t:|1743848744
|move|p2a: Walking Wake|Hydro Steam|p1a: Excadrill
|-supereffective|p1a: Excadrill
|-damage|p1a: Excadrill|0 fnt
|faint|p1a: Excadrill
|
|win|Greeny Tree
|raw|tohelpu's rating: 1253 &rarr; <strong>1226</strong><br />(-27 for losing)
|raw|Greeny Tree's rating: 1219 &rarr; <strong>1246</strong><br />(+27 for winning)
|l|☆tohelpu
|player|p1|
