|j|☆Skibidi Toothpaste
|j|☆yangde
|t:|1743921253
|gametype|singles
|player|p1|Skibidi Toothpaste|volkner|1251
|player|p2|yangde|101|1195
|teamsize|p1|6
|teamsize|p2|6
|gen|9
|tier|[Gen 9] OU
|rated|
|rule|HP Percentage Mod: HP is shown in percentages
|rule|Endless Battle Clause: Forcing endless battles is banned
|rule|Species Clause: Limit one of each Pokémon
|rule|OHKO Clause: OHKO moves are banned
|rule|Evasion Items Clause: Evasion items are banned
|rule|Evasion Moves Clause: Evasion moves are banned
|rule|Sleep Moves Clause: Sleep-inducing moves are banned
|clearpoke
|poke|p1|Rillaboom, F|
|poke|p1|Raging Bolt|
|poke|p1|Iron Treads|
|poke|p1|Volcanion|
|poke|p1|Feraligatr, F|
|poke|p1|Hoopa-Unbound|
|poke|p2|Ogerpon-Wellspring, F|
|poke|p2|Iron Moth|
|poke|p2|Iron Valiant|
|poke|p2|Raging Bolt|
|poke|p2|Kingambit, F|
|poke|p2|Landorus-Therian, M|
|teampreview
|inactive|Battle timer is ON: inactive players will automatically lose when time's up. (requested by Skibidi Toothpaste)
|c|☆Skibidi Toothpaste|Hf
|
|t:|1743921262
|start
|switch|p1a: The Artillery|Volcanion|100/100
|switch|p2a: Landorus|Landorus-Therian, M|100/100
|-ability|p2a: Landorus|Intimidate|boost
|-unboost|p1a: The Artillery|atk|1
|turn|1
|
|t:|1743921278
|switch|p1a: The Domain|Rillaboom, F|100/100
|-fieldstart|move: Grassy Terrain|[from] ability: Grassy Surge|[of] p1a: The Domain
|move|p2a: Landorus|Earthquake|p1a: The Domain
|-resisted|p1a: The Domain
|-damage|p1a: The Domain|85/100
|
|-heal|p1a: The Domain|91/100|[from] Grassy Terrain
|upkeep
|turn|2
|
|t:|1743921308
|switch|p2a: Iron Moth|Iron Moth|100/100
|-enditem|p2a: Iron Moth|Booster Energy
|-activate|p2a: Iron Moth|ability: Quark Drive|[fromitem]
|-start|p2a: Iron Moth|quarkdrivespe
|switch|p1a: The Apex|Feraligatr, F|100/100
|
|upkeep
|turn|3
|
|t:|1743921326
|-end|p2a: Iron Moth|Quark Drive|[silent]
|switch|p2a: Ogerpon|Ogerpon-Wellspring, F|100/100
|move|p1a: The Apex|Liquidation|p2a: Ogerpon
|-immune|p2a: Ogerpon|[from] ability: Water Absorb
|
|upkeep
|turn|4
|
|t:|1743921336
|switch|p1a: The Monolith|Raging Bolt|100/100
|-enditem|p1a: The Monolith|Grassy Seed
|-boost|p1a: The Monolith|def|1|[from] item: Grassy Seed
|move|p2a: Ogerpon|Swords Dance|p2a: Ogerpon
|-boost|p2a: Ogerpon|atk|2
|
|upkeep
|turn|5
|
|t:|1743921345
|move|p2a: Ogerpon|Swords Dance|p2a: Ogerpon
|-boost|p2a: Ogerpon|atk|2
|move|p1a: The Monolith|Calm Mind|p1a: The Monolith
|-boost|p1a: The Monolith|spa|1
|-boost|p1a: The Monolith|spd|1
|
|upkeep
|turn|6
|
|t:|1743921352
|move|p2a: Ogerpon|Play Rough|p1a: The Monolith
|-supereffective|p1a: The Monolith
|-damage|p1a: The Monolith|13/100
|-unboost|p1a: The Monolith|atk|1
|move|p1a: The Monolith|Discharge|p2a: Ogerpon
|-damage|p2a: Ogerpon|26/100
|
|-heal|p2a: Ogerpon|32/100|[from] Grassy Terrain
|-heal|p1a: The Monolith|19/100|[from] Grassy Terrain
|upkeep
|turn|7
|
|t:|1743921364
|move|p1a: The Monolith|Thunderclap|p2a: Ogerpon
|-damage|p2a: Ogerpon|0 fnt
|faint|p2a: Ogerpon
|
|-heal|p1a: The Monolith|25/100|[from] Grassy Terrain
|upkeep
|
|t:|1743921373
|switch|p2a: Landorus|Landorus-Therian, M|100/100
|-ability|p2a: Landorus|Intimidate|boost
|-unboost|p1a: The Monolith|atk|1
|turn|8
|
|t:|1743921386
|-terastallize|p1a: The Monolith|Bug
|move|p2a: Landorus|U-turn|p1a: The Monolith
|-crit|p1a: The Monolith
|-damage|p1a: The Monolith|0 fnt
|faint|p1a: The Monolith
|-end|p1a: The Monolith|Protosynthesis|[silent]
|
|t:|1743921393
|switch|p2a: Iron Moth|Iron Moth|100/100|[from] U-turn
|
|-fieldend|move: Grassy Terrain
|upkeep
|
|t:|1743921398
|switch|p1a: The Apex|Feraligatr, F|100/100
|turn|9
|
|t:|1743921407
|-end|p2a: Iron Moth|Quark Drive|[silent]
|switch|p2a: Raging Bolt|Raging Bolt|100/100
|-enditem|p2a: Raging Bolt|Booster Energy
|-activate|p2a: Raging Bolt|ability: Protosynthesis|[fromitem]
|-start|p2a: Raging Bolt|protosynthesisspa
|move|p1a: The Apex|Dragon Dance|p1a: The Apex
|-boost|p1a: The Apex|atk|1
|-boost|p1a: The Apex|spe|1
|
|upkeep
|turn|10
|
|t:|1743921416
|move|p1a: The Apex|Ice Punch|p2a: Raging Bolt
|-supereffective|p2a: Raging Bolt
|-damage|p2a: Raging Bolt|0 fnt
|faint|p2a: Raging Bolt
|-end|p2a: Raging Bolt|Protosynthesis|[silent]
|
|upkeep
|
|t:|1743921431
|switch|p2a: Iron Valiant|Iron Valiant|100/100
|-enditem|p2a: Iron Valiant|Booster Energy
|-activate|p2a: Iron Valiant|ability: Quark Drive|[fromitem]
|-start|p2a: Iron Valiant|quarkdrivespe
|turn|11
|inactive|Skibidi Toothpaste has 120 seconds left.
|
|t:|1743921462
|move|p2a: Iron Valiant|Moonblast|p1a: The Apex
|-damage|p1a: The Apex|44/100
|move|p1a: The Apex|Liquidation|p2a: Iron Valiant
|-damage|p2a: Iron Valiant|0 fnt
|faint|p2a: Iron Valiant
|-end|p2a: Iron Valiant|Quark Drive|[silent]
|
|upkeep
|
|t:|1743921473
|switch|p2a: Landorus|Landorus-Therian, M|100/100
|-ability|p2a: Landorus|Intimidate|boost
|-unboost|p1a: The Apex|atk|1
|turn|12
|
|t:|1743921489
|move|p2a: Landorus|U-turn|p1a: The Apex
|-damage|p1a: The Apex|17/100
|
|t:|1743921494
|switch|p2a: Kingambit|Kingambit, F|100/100|[from] U-turn
|-activate|p2a: Kingambit|ability: Supreme Overlord
|-start|p2a: Kingambit|fallen3|[silent]
|move|p1a: The Apex|Dragon Dance|p1a: The Apex
|-boost|p1a: The Apex|atk|1
|-boost|p1a: The Apex|spe|1
|
|upkeep
|turn|13
|
|t:|1743921506
|move|p2a: Kingambit|Sucker Punch|p1a: The Apex
|-damage|p1a: The Apex|0 fnt
|faint|p1a: The Apex
|
|upkeep
|
|t:|1743921508
|switch|p1a: The Domain|Rillaboom, F|91/100
|-fieldstart|move: Grassy Terrain|[from] ability: Grassy Surge|[of] p1a: The Domain
|turn|14
|
|t:|1743921515
|move|p1a: The Domain|Swords Dance|p1a: The Domain
|-boost|p1a: The Domain|atk|2
|move|p2a: Kingambit|Swords Dance|p2a: Kingambit
|-boost|p2a: Kingambit|atk|2
|
|-heal|p1a: The Domain|97/100|[from] Grassy Terrain
|upkeep
|turn|15
|
|t:|1743921525
|-terastallize|p2a: Kingambit|Ghost
|move|p1a: The Domain|Grassy Glide|p2a: Kingambit
|-damage|p2a: Kingambit|38/100
|move|p2a: Kingambit|Swords Dance|p2a: Kingambit
|-boost|p2a: Kingambit|atk|2
|
|-heal|p1a: The Domain|100/100|[from] Grassy Terrain
|-heal|p2a: Kingambit|44/100|[from] Grassy Terrain
|-heal|p2a: Kingambit|50/100|[from] item: Leftovers
|upkeep
|turn|16
|inactive|yangde has 120 seconds left.
|
|t:|1743921561
|move|p1a: The Domain|Grassy Glide|p2a: Kingambit
|-crit|p2a: Kingambit
|-damage|p2a: Kingambit|0 fnt
|faint|p2a: Kingambit
|-end|p2a: Kingambit|fallen3|[silent]
|
|upkeep
|-message|yangde forfeited.
|
|win|Skibidi Toothpaste
|raw|Skibidi Toothpaste's rating: 1251 &rarr; <strong>1272</strong><br />(+21 for winning)
|raw|yangde's rating: 1195 &rarr; <strong>1174</strong><br />(-21 for losing)
|l|☆yangde
|player|p2|
|l|☆Skibidi Toothpaste
|player|p1|
