|j|☆mmmyyy
|j|☆Darkii7
|t:|1743860513
|gametype|singles
|player|p1|mmmyyy|dawn|1175
|player|p2|Darkii7|cynthia-gen4|1145
|teamsize|p1|6
|teamsize|p2|6
|gen|9
|tier|[Gen 9] OU
|rated|
|rule|HP Percentage Mod: HP is shown in percentages
|rule|Endless Battle Clause: Forcing endless battles is banned
|rule|Species Clause: Limit one of each Pokémon
|rule|OHKO Clause: OHKO moves are banned
|rule|Evasion Items Clause: Evasion items are banned
|rule|Evasion Moves Clause: Evasion moves are banned
|rule|Sleep Moves Clause: Sleep-inducing moves are banned
|clearpoke
|poke|p1|Iron Crown|
|poke|p1|Garganacl, M|
|poke|p1|Enamorus-Therian, F|
|poke|p1|Landorus-Therian, M|
|poke|p1|Volcanion|
|poke|p1|Zamazenta-*|
|poke|p2|Spiritomb, M|
|poke|p2|Eelektross, F|
|poke|p2|Milotic, M|
|poke|p2|Braviary, M|
|poke|p2|Lucario, M|
|poke|p2|Garchomp, M|
|teampreview
|
|t:|1743860524
|start
|switch|p1a: Landorus|Landorus-Therian, M|100/100
|switch|p2a: hyakimaru|Garchomp, M|100/100
|-ability|p1a: Landorus|Intimidate|boost
|-unboost|p2a: hyakimaru|atk|1
|turn|1
|inactive|Battle timer is ON: inactive players will automatically lose when time's up. (requested by mmmyyy)
|
|t:|1743860533
|move|p1a: Landorus|Earthquake|p2a: hyakimaru
|-damage|p2a: hyakimaru|49/100
|move|p2a: hyakimaru|Stealth Rock|p1a: Landorus
|-sidestart|p1: mmmyyy|move: Stealth Rock
|
|upkeep
|turn|2
|
|t:|1743860548
|switch|p2a: chulo|Braviary, M|100/100
|move|p1a: Landorus|Stealth Rock|p2a: chulo
|-sidestart|p2: Darkii7|move: Stealth Rock
|
|upkeep
|turn|3
|
|t:|1743860562
|switch|p1a: Garganacl|Garganacl, M|100/100
|-damage|p1a: Garganacl|88/100|[from] Stealth Rock
|move|p2a: chulo|Bulk Up|p2a: chulo
|-boost|p2a: chulo|atk|1
|-boost|p2a: chulo|def|1
|
|-heal|p1a: Garganacl|94/100|[from] item: Leftovers
|upkeep
|turn|4
|
|t:|1743860572
|move|p2a: chulo|Bulk Up|p2a: chulo
|-boost|p2a: chulo|atk|1
|-boost|p2a: chulo|def|1
|move|p1a: Garganacl|Curse|p1a: Garganacl
|-unboost|p1a: Garganacl|spe|1
|-boost|p1a: Garganacl|atk|1
|-boost|p1a: Garganacl|def|1
|
|-heal|p1a: Garganacl|100/100|[from] item: Leftovers
|upkeep
|turn|5
|
|t:|1743860582
|move|p2a: chulo|Bulk Up|p2a: chulo
|-boost|p2a: chulo|atk|1
|-boost|p2a: chulo|def|1
|move|p1a: Garganacl|Curse|p1a: Garganacl
|-unboost|p1a: Garganacl|spe|1
|-boost|p1a: Garganacl|atk|1
|-boost|p1a: Garganacl|def|1
|
|upkeep
|turn|6
|inactive|Darkii7 has 120 seconds left.
|
|t:|1743860615
|move|p2a: chulo|Close Combat|p1a: Garganacl
|-supereffective|p1a: Garganacl
|-damage|p1a: Garganacl|49/100
|-unboost|p2a: chulo|def|1
|-unboost|p2a: chulo|spd|1
|move|p1a: Garganacl|Curse|p1a: Garganacl
|-unboost|p1a: Garganacl|spe|1
|-boost|p1a: Garganacl|atk|1
|-boost|p1a: Garganacl|def|1
|
|-heal|p1a: Garganacl|55/100|[from] item: Leftovers
|upkeep
|turn|7
|
|t:|1743860629
|-terastallize|p1a: Garganacl|Dragon
|move|p2a: chulo|Close Combat|p1a: Garganacl
|-damage|p1a: Garganacl|34/100
|-unboost|p2a: chulo|def|1
|-unboost|p2a: chulo|spd|1
|move|p1a: Garganacl|Curse|p1a: Garganacl
|-unboost|p1a: Garganacl|spe|1
|-boost|p1a: Garganacl|atk|1
|-boost|p1a: Garganacl|def|1
|
|-heal|p1a: Garganacl|41/100|[from] item: Leftovers
|upkeep
|turn|8
|
|t:|1743860641
|switch|p2a: pez|Milotic, M|100/100
|move|p1a: Garganacl|Recover|p1a: Garganacl
|-heal|p1a: Garganacl|91/100
|
|-heal|p1a: Garganacl|97/100|[from] item: Leftovers
|upkeep
|turn|9
|
|t:|1743860648
|move|p1a: Garganacl|Salt Cure|p2a: pez
|-damage|p2a: pez|65/100
|-start|p2a: pez|Salt Cure
|move|p2a: pez|Dragon Tail|p1a: Garganacl
|-supereffective|p1a: Garganacl
|-damage|p1a: Garganacl|93/100
|drag|p1a: Landorus|Landorus-Therian, M|100/100
|-damage|p1a: Landorus|88/100|[from] Stealth Rock
|-ability|p1a: Landorus|Intimidate|boost
|-unboost|p2a: pez|atk|1
|
|-damage|p2a: pez|41/100|[from] Salt Cure
|upkeep
|turn|10
|
|t:|1743860659
|move|p1a: Landorus|Earthquake|p2a: pez
|-damage|p2a: pez|0 fnt
|faint|p2a: pez
|
|upkeep
|
|t:|1743860666
|switch|p2a: chulo|Braviary, M|100/100
|turn|11
|
|t:|1743860673
|move|p1a: Landorus|U-turn|p2a: chulo
|-resisted|p2a: chulo
|-damage|p2a: chulo|86/100
|
|t:|1743860677
|switch|p1a: Garganacl|Garganacl, M, tera:Dragon|93/100|[from] U-turn
|-damage|p1a: Garganacl|80/100|[from] Stealth Rock
|move|p2a: chulo|Bulk Up|p2a: chulo
|-boost|p2a: chulo|atk|1
|-boost|p2a: chulo|def|1
|
|-heal|p1a: Garganacl|87/100|[from] item: Leftovers
|upkeep
|turn|12
|
|t:|1743860687
|move|p2a: chulo|Bulk Up|p2a: chulo
|-boost|p2a: chulo|atk|1
|-boost|p2a: chulo|def|1
|move|p1a: Garganacl|Salt Cure|p2a: chulo
|-supereffective|p2a: chulo
|-damage|p2a: chulo|69/100
|-start|p2a: chulo|Salt Cure
|
|-heal|p1a: Garganacl|93/100|[from] item: Leftovers
|-damage|p2a: chulo|57/100|[from] Salt Cure
|upkeep
|turn|13
|
|t:|1743860696
|move|p2a: chulo|Brave Bird|p1a: Garganacl
|-damage|p1a: Garganacl|30/100
|-damage|p2a: chulo|36/100|[from] Recoil
|move|p1a: Garganacl|Curse|p1a: Garganacl
|-unboost|p1a: Garganacl|spe|1
|-boost|p1a: Garganacl|atk|1
|-boost|p1a: Garganacl|def|1
|
|-heal|p1a: Garganacl|36/100|[from] item: Leftovers
|-damage|p2a: chulo|24/100|[from] Salt Cure
|upkeep
|turn|14
|
|t:|1743860707
|move|p1a: Garganacl|Protect|p1a: Garganacl
|-singleturn|p1a: Garganacl|Protect
|move|p2a: chulo|Brave Bird|p1a: Garganacl
|-activate|p1a: Garganacl|move: Protect
|
|-heal|p1a: Garganacl|42/100|[from] item: Leftovers
|-damage|p2a: chulo|11/100|[from] Salt Cure
|upkeep
|turn|15
|
|t:|1743860731
|switch|p1a: Volcanion|Volcanion|100/100
|move|p2a: chulo|Brave Bird|p1a: Volcanion
|-damage|p1a: Volcanion|18/100
|-damage|p2a: chulo|0 fnt|[from] Recoil
|faint|p2a: chulo
|
|upkeep
|
|t:|1743860738
|switch|p2a: gon|Lucario, M|100/100
|-damage|p2a: gon|98/100|[from] Stealth Rock
|turn|16
|
|t:|1743860742
|move|p2a: gon|Meteor Mash|p1a: Volcanion
|-resisted|p1a: Volcanion
|-damage|p1a: Volcanion|8/100
|-damage|p2a: gon|88/100|[from] item: Life Orb
|move|p1a: Volcanion|Flamethrower|p2a: gon
|-supereffective|p2a: gon
|-damage|p2a: gon|0 fnt
|faint|p2a: gon
|
|upkeep
|
|t:|1743860760
|switch|p2a: anguila|Eelektross, F|100/100
|-damage|p2a: anguila|88/100|[from] Stealth Rock
|turn|17
|
|t:|1743860765
|move|p1a: Volcanion|Steam Eruption|p2a: anguila
|-damage|p2a: anguila|59/100
|move|p2a: anguila|Discharge|p1a: Volcanion
|-supereffective|p1a: Volcanion
|-damage|p1a: Volcanion|0 fnt
|faint|p1a: Volcanion
|
|upkeep
|
|t:|1743860772
|switch|p1a: Garganacl|Garganacl, M, tera:Dragon|42/100
|-damage|p1a: Garganacl|30/100|[from] Stealth Rock
|turn|18
|
|t:|1743860785
|move|p2a: anguila|Knock Off|p1a: Garganacl
|-damage|p1a: Garganacl|15/100
|-enditem|p1a: Garganacl|Leftovers|[from] move: Knock Off|[of] p2a: anguila
|move|p1a: Garganacl|Recover|p1a: Garganacl
|-heal|p1a: Garganacl|65/100
|
|upkeep
|turn|19
|
|t:|1743860795
|move|p2a: anguila|Acid Spray|p1a: Garganacl
|-damage|p1a: Garganacl|58/100
|-unboost|p1a: Garganacl|spd|2
|move|p1a: Garganacl|Salt Cure|p2a: anguila
|-damage|p2a: anguila|42/100
|-start|p2a: anguila|Salt Cure
|
|-damage|p2a: anguila|30/100|[from] Salt Cure
|upkeep
|turn|20
|
|t:|1743860805
|move|p2a: anguila|Volt Switch|p1a: Garganacl
|-resisted|p1a: Garganacl
|-crit|p1a: Garganacl
|-damage|p1a: Garganacl|32/100
|
|t:|1743860808
|switch|p2a: donut|Spiritomb, M|100/100|[from] Volt Switch
|-damage|p2a: donut|88/100|[from] Stealth Rock
|move|p1a: Garganacl|Recover|p1a: Garganacl
|-heal|p1a: Garganacl|82/100
|
|-heal|p2a: donut|94/100|[from] item: Leftovers
|upkeep
|turn|21
|
|t:|1743860816
|move|p1a: Garganacl|Salt Cure|p2a: donut
|-damage|p2a: donut|84/100
|-start|p2a: donut|Salt Cure
|move|p2a: donut|Will-O-Wisp|p1a: Garganacl
|-immune|p1a: Garganacl|[from] ability: Purifying Salt
|
|-heal|p2a: donut|90/100|[from] item: Leftovers
|-damage|p2a: donut|78/100|[from] Salt Cure
|upkeep
|turn|22
|
|t:|1743860825
|move|p2a: donut|Hex|p1a: Garganacl
|-damage|p1a: Garganacl|69/100
|move|p1a: Garganacl|Curse|p1a: Garganacl
|-unboost|p1a: Garganacl|spe|1
|-boost|p1a: Garganacl|atk|1
|-boost|p1a: Garganacl|def|1
|
|-heal|p2a: donut|84/100|[from] item: Leftovers
|-damage|p2a: donut|72/100|[from] Salt Cure
|upkeep
|turn|23
|l|☆Darkii7
|inactive|Darkii7 disconnected and has a minute to reconnect!
|player|p2|
|inactive|Darkii7 has 30 seconds to reconnect!
|inactive|Darkii7 has 20 seconds to reconnect!
|inactive|Darkii7 has 15 seconds to reconnect!
|inactive|Darkii7 has 10 seconds to reconnect!
|inactive|Darkii7 has 5 seconds to reconnect!
|-message|Darkii7 lost due to inactivity.
|
|win|mmmyyy
|raw|mmmyyy's rating: 1175 &rarr; <strong>1198</strong><br />(+23 for winning)
|raw|Darkii7's rating: 1145 &rarr; <strong>1122</strong><br />(-23 for losing)
|l|☆mmmyyy
|player|p1|
