|j|☆poloniumew
|j|☆Itsterra
|t:|1743880946
|gametype|singles
|player|p1|poloniumew|266|1599
|player|p2|Itsterra|lacey|1596
|teamsize|p1|6
|teamsize|p2|6
|gen|9
|tier|[Gen 9] OU
|rated|
|rule|HP Percentage Mod: HP is shown in percentages
|rule|Endless Battle Clause: Forcing endless battles is banned
|rule|Species Clause: Limit one of each Pokémon
|rule|OHKO Clause: OHKO moves are banned
|rule|Evasion Items Clause: Evasion items are banned
|rule|Evasion Moves Clause: Evasion moves are banned
|rule|Sleep Moves Clause: Sleep-inducing moves are banned
|clearpoke
|poke|p1|Dragapult, M|
|poke|p1|Primarina, F|
|poke|p1|Iron Crown|
|poke|p1|Samurott-Hisui, M|
|poke|p1|Kingambit, F|
|poke|p1|Landorus-Therian, M|
|poke|p2|Dragapult, M|
|poke|p2|Primarina, F|
|poke|p2|Iron Crown|
|poke|p2|Samurott-Hisui, M|
|poke|p2|Kingambit, F|
|poke|p2|Landorus-Therian, M|
|teampreview
|inactive|Battle timer is ON: inactive players will automatically lose when time's up. (requested by poloniumew)
|c|☆Itsterra|nice team
|c|☆poloniumew|heh
|
|t:|1743880974
|start
|switch|p1a: Iron Brown|Iron Crown|100/100
|switch|p2a: Primarina|Primarina, F|100/100
|turn|1
|
|t:|1743881004
|switch|p2a: Kingambit|Kingambit, F|100/100
|move|p1a: Iron Brown|Tachyon Cutter|p2a: Kingambit
|-resisted|p2a: Kingambit
|-damage|p2a: Kingambit|88/100
|-resisted|p2a: Kingambit
|-damage|p2a: Kingambit|75/100
|-hitcount|p2a: Kingambit|2
|
|-heal|p2a: Kingambit|81/100|[from] item: Leftovers
|upkeep
|turn|2
|inactive|Itsterra has 120 seconds left.
|
|t:|1743881029
|-end|p2a: Kingambit|fallenundefined|[silent]
|switch|p2a: Dragapult|Dragapult, M|100/100
|move|p1a: Iron Brown|Focus Blast|p2a: Dragapult
|-immune|p2a: Dragapult
|
|upkeep
|turn|3
|inactive|Itsterra has 120 seconds left.
|
|t:|1743881039
|move|p2a: Dragapult|U-turn|p1a: Iron Brown
|-damage|p1a: Iron Brown|63/100
|inactive|Itsterra has 120 seconds left.
|
|t:|1743881051
|switch|p2a: Kingambit|Kingambit, F|81/100|[from] U-turn
|move|p1a: Iron Brown|Tachyon Cutter|p2a: Kingambit
|-resisted|p2a: Kingambit
|-damage|p2a: Kingambit|68/100
|-resisted|p2a: Kingambit
|-damage|p2a: Kingambit|56/100
|-hitcount|p2a: Kingambit|2
|
|-heal|p2a: Kingambit|62/100|[from] item: Leftovers
|upkeep
|turn|4
|inactive|Itsterra has 120 seconds left.
|
|t:|1743881060
|-end|p1a: Iron Brown|Quark Drive|[silent]
|switch|p1a: Brainrott|Samurott-Hisui, M|100/100
|move|p2a: Kingambit|Sucker Punch||[still]
|-fail|p2a: Kingambit
|
|-heal|p2a: Kingambit|68/100|[from] item: Leftovers
|upkeep
|turn|5
|inactive|Itsterra has 120 seconds left.
|
|t:|1743881079
|-end|p2a: Kingambit|fallenundefined|[silent]
|switch|p2a: Primarina|Primarina, F|100/100
|move|p1a: Brainrott|Knock Off|p2a: Primarina
|-resisted|p2a: Primarina
|-damage|p2a: Primarina|72/100
|-enditem|p2a: Primarina|Heavy-Duty Boots|[from] move: Knock Off|[of] p1a: Brainrott
|
|upkeep
|turn|6
|inactive|Itsterra has 120 seconds left.
|
|t:|1743881109
|switch|p1a: Iron Brown|Iron Crown|63/100
|move|p2a: Primarina|Surf|p1a: Iron Brown
|-damage|p1a: Iron Brown|32/100
|
|upkeep
|turn|7
|inactive|Itsterra has 90 seconds left.
|
|t:|1743881139
|move|p1a: Iron Brown|Volt Switch|p2a: Primarina
|-supereffective|p2a: Primarina
|-damage|p2a: Primarina|34/100
|
|t:|1743881163
|-end|p1a: Iron Brown|Quark Drive|[silent]
|switch|p1a: Primarinate|Primarina, F|100/100|[from] Volt Switch
|move|p2a: Primarina|Surf|p1a: Primarinate
|-resisted|p1a: Primarinate
|-damage|p1a: Primarinate|74/100
|
|upkeep
|turn|8
|inactive|Itsterra has 90 seconds left.
|inactive|Itsterra has 60 seconds left.
|
|t:|1743881204
|move|p2a: Primarina|Moonblast|p1a: Primarinate
|-damage|p1a: Primarinate|37/100
|move|p1a: Primarinate|Calm Mind|p1a: Primarinate
|-boost|p1a: Primarinate|spa|1
|-boost|p1a: Primarinate|spd|1
|
|upkeep
|turn|9
|inactive|Itsterra has 60 seconds left.
|
|t:|1743881213
|move|p2a: Primarina|Moonblast|p1a: Primarinate
|-damage|p1a: Primarinate|10/100
|-unboost|p1a: Primarinate|spa|1
|move|p1a: Primarinate|Moonblast|p2a: Primarina
|-damage|p2a: Primarina|0 fnt
|faint|p2a: Primarina
|
|upkeep
|inactive|Itsterra has 60 seconds left.
|
|t:|1743881234
|switch|p2a: Samurott|Samurott-Hisui, M|100/100
|turn|10
|
|t:|1743881236
|move|p2a: Samurott|Ceaseless Edge|p1a: Primarinate
|-resisted|p1a: Primarinate
|-damage|p1a: Primarinate|0 fnt
|-sidestart|p1: poloniumew|Spikes
|faint|p1a: Primarinate
|
|upkeep
|
|t:|1743881244
|switch|p1a: Dragooner|Dragapult, M, shiny|100/100
|-damage|p1a: Dragooner|88/100|[from] Spikes
|turn|11
|inactive|Itsterra has 60 seconds left.
|
|t:|1743881278
|switch|p2a: Landorus|Landorus-Therian, M|100/100
|-ability|p2a: Landorus|Intimidate|boost
|-fail|p1a: Dragooner|unboost|[from] ability: Clear Body|[of] p1a: Dragooner
|move|p1a: Dragooner|U-turn|p2a: Landorus
|-resisted|p2a: Landorus
|-damage|p2a: Landorus|89/100
|-damage|p1a: Dragooner|72/100|[from] item: Rocky Helmet|[of] p2a: Landorus
|
|t:|1743881289
|switch|p1a: Brainrott|Samurott-Hisui, M|100/100|[from] U-turn
|
|upkeep
|turn|12
|
|t:|1743881298
|move|p1a: Brainrott|Ceaseless Edge|p2a: Landorus
|-damage|p2a: Landorus|58/100
|-damage|p1a: Brainrott|84/100|[from] item: Rocky Helmet|[of] p2a: Landorus
|-sidestart|p2: Itsterra|Spikes
|move|p2a: Landorus|U-turn|p1a: Brainrott
|-supereffective|p1a: Brainrott
|-damage|p1a: Brainrott|25/100
|
|t:|1743881320
|switch|p2a: Iron Crown|Iron Crown|100/100|[from] U-turn
|-damage|p2a: Iron Crown|88/100|[from] Spikes
|
|upkeep
|turn|13
|
|t:|1743881327
|switch|p1a: Land-R-Us|Landorus-Therian, M|100/100
|-ability|p1a: Land-R-Us|Intimidate|boost
|-unboost|p2a: Iron Crown|atk|1
|move|p2a: Iron Crown|Tachyon Cutter|p1a: Land-R-Us
|-damage|p1a: Land-R-Us|74/100
|-damage|p1a: Land-R-Us|45/100
|-hitcount|p1a: Land-R-Us|2
|
|upkeep
|turn|14
|
|t:|1743881334
|move|p2a: Iron Crown|Tachyon Cutter|p1a: Land-R-Us
|-damage|p1a: Land-R-Us|20/100
|-damage|p1a: Land-R-Us|0 fnt
|faint|p1a: Land-R-Us
|-hitcount|p1: Land-R-Us|2
|
|upkeep
|
|t:|1743881340
|switch|p1a: Kingdamnit|Kingambit, F|100/100
|-damage|p1a: Kingdamnit|88/100|[from] Spikes
|-activate|p1a: Kingdamnit|ability: Supreme Overlord
|-start|p1a: Kingdamnit|fallen2|[silent]
|turn|15
|inactive|Itsterra has 30 seconds left.
|inactive|Itsterra has 20 seconds left.
|
|t:|1743881382
|-terastallize|p2a: Iron Crown|Fighting
|move|p2a: Iron Crown|Focus Blast|p1a: Kingdamnit
|-supereffective|p1a: Kingdamnit
|-damage|p1a: Kingdamnit|0 fnt
|faint|p1a: Kingdamnit
|-end|p1a: Kingdamnit|fallen2|[silent]
|
|upkeep
|inactive|Itsterra has 25 seconds left this turn.
|-message|poloniumew forfeited.
|
|win|Itsterra
|inactive|Itsterra has 30 seconds left this turn.
|raw|poloniumew's rating: 1599 &rarr; <strong>1579</strong><br />(-20 for losing)
|raw|Itsterra's rating: 1596 &rarr; <strong>1616</strong><br />(+20 for winning)
|l|☆poloniumew
|player|p1|
