|j|☆NOOB_2010
|j|☆sardinerobin21
|t:|1743844061
|gametype|singles
|player|p1|NOOB_2010|swimmerf|1270
|player|p2|sardinerobin21|266|1264
|teamsize|p1|6
|teamsize|p2|6
|gen|9
|tier|[Gen 9] OU
|rated|
|rule|HP Percentage Mod: HP is shown in percentages
|rule|Endless Battle Clause: Forcing endless battles is banned
|rule|Species Clause: Limit one of each Pokémon
|rule|OHKO Clause: OHKO moves are banned
|rule|Evasion Items Clause: Evasion items are banned
|rule|Evasion Moves Clause: Evasion moves are banned
|rule|Sleep Moves Clause: Sleep-inducing moves are banned
|clearpoke
|poke|p1|Yanmega, M|
|poke|p1|Houndoom, M|
|poke|p1|Florges-Blue, F|
|poke|p1|Jolteon, M|
|poke|p1|Persian-Alola, F|
|poke|p1|Scizor, F|
|poke|p2|Rillaboom, M|
|poke|p2|Alomomola, F|
|poke|p2|Tinkaton, F|
|poke|p2|Great Tusk|
|poke|p2|Dragapult, M|
|poke|p2|Bellibolt, F|
|teampreview
|
|t:|1743844079
|start
|switch|p1a: Houndoom|Houndoom, M|100/100
|switch|p2a: RAGNAROK|Tinkaton, F|100/100
|-item|p2a: RAGNAROK|Air Balloon
|turn|1
|inactive|Battle timer is ON: inactive players will automatically lose when time's up. (requested by sardinerobin21)
|
|t:|1743844087
|switch|p2a: SHAMONEAMOLA|Alomomola, F|100/100
|move|p1a: Houndoom|Inferno|p2a: SHAMONEAMOLA
|-resisted|p2a: SHAMONEAMOLA
|-damage|p2a: SHAMONEAMOLA|79/100
|-status|p2a: SHAMONEAMOLA|brn
|
|-damage|p2a: SHAMONEAMOLA|73/100 brn|[from] brn
|upkeep
|turn|2
|
|t:|1743844096
|move|p1a: Houndoom|Nasty Plot|p1a: Houndoom
|-boost|p1a: Houndoom|spa|2
|move|p2a: SHAMONEAMOLA|Flip Turn|p1a: Houndoom
|-supereffective|p1a: Houndoom
|-damage|p1a: Houndoom|67/100
|
|t:|1743844118
|switch|p2a: NIGHTWING|Dragapult, M|100/100|[from] Flip Turn
|
|upkeep
|turn|3
|
|t:|1743844124
|move|p2a: NIGHTWING|Draco Meteor|p1a: Houndoom
|-damage|p1a: Houndoom|0 fnt
|-unboost|p2a: NIGHTWING|spa|2
|faint|p1a: Houndoom
|
|upkeep
|
|t:|1743844132
|switch|p1a: Yanmega|Yanmega, M, shiny|100/100
|turn|4
|
|t:|1743844141
|switch|p2a: SHAMONEAMOLA|Alomomola, F|100/100 brn
|move|p1a: Yanmega|Swords Dance|p1a: Yanmega
|-boost|p1a: Yanmega|atk|2
|
|-damage|p2a: SHAMONEAMOLA|94/100 brn|[from] brn
|-ability|p1a: Yanmega|Speed Boost|boost
|-boost|p1a: Yanmega|spe|1
|upkeep
|turn|5
|
|t:|1743844145
|move|p1a: Yanmega|Swords Dance|p1a: Yanmega
|-boost|p1a: Yanmega|atk|2
|move|p2a: SHAMONEAMOLA|Flip Turn|p1a: Yanmega
|-damage|p1a: Yanmega|90/100
|
|t:|1743844155
|switch|p2a: Bellibolt|Bellibolt, F|100/100|[from] Flip Turn
|
|-ability|p1a: Yanmega|Speed Boost|boost
|-boost|p1a: Yanmega|spe|1
|upkeep
|turn|6
|
|t:|1743844159
|-terastallize|p1a: Yanmega|Ground
|move|p1a: Yanmega|Tera Blast|p2a: Bellibolt|[anim] Tera Blast Ground
|-supereffective|p2a: Bellibolt
|-damage|p2a: Bellibolt|0 fnt
|faint|p2a: Bellibolt
|
|-ability|p1a: Yanmega|Speed Boost|boost
|-boost|p1a: Yanmega|spe|1
|upkeep
|
|t:|1743844165
|switch|p2a: METRO BOOMER|Rillaboom, M|100/100
|-fieldstart|move: Grassy Terrain|[from] ability: Grassy Surge|[of] p2a: METRO BOOMER
|turn|7
|
|t:|1743844176
|switch|p1a: Persian|Persian-Alola, F|100/100
|move|p2a: METRO BOOMER|Grassy Glide|p1a: Persian
|-damage|p1a: Persian|43/100
|
|-heal|p1a: Persian|49/100|[from] Grassy Terrain
|upkeep
|turn|8
|
|t:|1743844182
|move|p2a: METRO BOOMER|Grassy Glide|p1a: Persian
|-damage|p1a: Persian|0 fnt
|faint|p1a: Persian
|
|upkeep
|
|t:|1743844186
|switch|p1a: Scizor|Scizor, F|100/100
|turn|9
|
|t:|1743844190
|switch|p2a: RAGNAROK|Tinkaton, F|100/100
|-item|p2a: RAGNAROK|Air Balloon
|move|p1a: Scizor|Swords Dance|p1a: Scizor
|-boost|p1a: Scizor|atk|2
|
|upkeep
|turn|10
|
|t:|1743844193
|move|p1a: Scizor|Bullet Punch|p2a: RAGNAROK
|-damage|p2a: RAGNAROK|19/100
|-enditem|p2a: RAGNAROK|Air Balloon
|-enditem|p1a: Scizor|Leftovers|[silent]|[from] ability: Pickpocket|[of] p1a: Scizor
|-item|p2a: RAGNAROK|Leftovers|[from] ability: Pickpocket|[of] p1a: Scizor
|move|p2a: RAGNAROK|Thunder Wave|p1a: Scizor
|-status|p1a: Scizor|par
|
|-heal|p2a: RAGNAROK|25/100|[from] Grassy Terrain
|-heal|p2a: RAGNAROK|32/100|[from] item: Leftovers
|upkeep
|turn|11
|
|t:|1743844202
|move|p1a: Scizor|Bullet Punch|p2a: RAGNAROK
|-damage|p2a: RAGNAROK|0 fnt
|faint|p2a: RAGNAROK
|
|-fieldend|move: Grassy Terrain
|upkeep
|
|t:|1743844206
|switch|p2a: NIGHTWING|Dragapult, M|100/100
|turn|12
|
|t:|1743844209
|move|p2a: NIGHTWING|Flamethrower|p1a: Scizor
|-supereffective|p1a: Scizor
|-damage|p1a: Scizor|0 fnt
|faint|p1a: Scizor
|
|upkeep
|
|t:|1743844215
|switch|p1a: Jolteon|Jolteon, M|100/100
|turn|13
|
|t:|1743844224
|switch|p2a: ASAC TANK SCHRADER|Great Tusk|100/100
|move|p1a: Jolteon|Calm Mind|p1a: Jolteon
|-boost|p1a: Jolteon|spa|1
|-boost|p1a: Jolteon|spd|1
|
|-status|p1a: Jolteon|brn|[from] item: Flame Orb
|upkeep
|turn|14
|
|t:|1743844231
|move|p1a: Jolteon|Alluring Voice|p2a: ASAC TANK SCHRADER
|-supereffective|p2a: ASAC TANK SCHRADER
|-damage|p2a: ASAC TANK SCHRADER|0 fnt
|faint|p2a: ASAC TANK SCHRADER
|-end|p2a: ASAC TANK SCHRADER|Protosynthesis|[silent]
|
|-damage|p1a: Jolteon|94/100 brn|[from] brn
|upkeep
|
|t:|1743844252
|switch|p2a: METRO BOOMER|Rillaboom, M|100/100
|-fieldstart|move: Grassy Terrain|[from] ability: Grassy Surge|[of] p2a: METRO BOOMER
|turn|15
|
|t:|1743844269
|-terastallize|p2a: METRO BOOMER|Grass
|move|p2a: METRO BOOMER|Grassy Glide|p1a: Jolteon
|-damage|p1a: Jolteon|0 fnt
|faint|p1a: Jolteon
|
|upkeep
|c|☆sardinerobin21|gg
|-message|NOOB_2010 forfeited.
|
|win|sardinerobin21
|raw|NOOB_2010's rating: 1270 &rarr; <strong>1245</strong><br />(-25 for losing)
|raw|sardinerobin21's rating: 1264 &rarr; <strong>1289</strong><br />(+25 for winning)
|l|☆NOOB_2010
|player|p1|
|l|☆sardinerobin21
|player|p2|
