|j|☆Fatmilktank
|j|☆sunney
|t:|1743857390
|gametype|singles
|player|p1|Fatmilktank|wattson|1254
|player|p2|sunney|bruno|1222
|teamsize|p1|6
|teamsize|p2|6
|gen|9
|tier|[Gen 9] OU
|rated|
|rule|HP Percentage Mod: HP is shown in percentages
|rule|Endless Battle Clause: Forcing endless battles is banned
|rule|Species Clause: Limit one of each Pokémon
|rule|OHKO Clause: OHKO moves are banned
|rule|Evasion Items Clause: Evasion items are banned
|rule|Evasion Moves Clause: Evasion moves are banned
|rule|Sleep Moves Clause: Sleep-inducing moves are banned
|clearpoke
|poke|p1|Incineroar, M|
|poke|p1|Walking Wake|
|poke|p1|Garganacl, M|
|poke|p1|Tentacruel, M|
|poke|p1|Rotom-Mow|
|poke|p1|Zoroark-Hisui, M|
|poke|p2|Leavanny, M|
|poke|p2|Great Tusk|
|poke|p2|Ceruledge, M|
|poke|p2|Walking Wake|
|poke|p2|Ninetales, M|
|poke|p2|Dragonite, F|
|teampreview
|inactive|Battle timer is ON: inactive players will automatically lose when time's up. (requested by Fatmilktank)
|inactive|Fatmilktank has 120 seconds left.
|
|t:|1743857426
|start
|switch|p1a: Incineroar|Incineroar, M|100/100
|switch|p2a: Ninetales|Ninetales, M|100/100
|-weather|SunnyDay|[from] ability: Drought|[of] p2a: Ninetales
|-ability|p1a: Incineroar|Intimidate|boost
|-unboost|p2a: Ninetales|atk|1
|turn|1
|
|t:|1743857436
|switch|p2a: Great Tusk|Great Tusk|100/100
|-activate|p2a: Great Tusk|ability: Protosynthesis
|-start|p2a: Great Tusk|protosynthesisatk
|move|p1a: Incineroar|Fake Out|p2a: Great Tusk
|-damage|p2a: Great Tusk|92/100
|
|-weather|SunnyDay|[upkeep]
|upkeep
|turn|2
|
|t:|1743857447
|move|p2a: Great Tusk|Rapid Spin|p1a: Incineroar
|-damage|p1a: Incineroar|76/100
|-boost|p2a: Great Tusk|spe|1
|move|p1a: Incineroar|U-turn|p2a: Great Tusk
|-resisted|p2a: Great Tusk
|-damage|p2a: Great Tusk|84/100
|
|t:|1743857454
|switch|p1a: Walking Wake|Walking Wake|100/100|[from] U-turn
|-activate|p1a: Walking Wake|ability: Protosynthesis
|-start|p1a: Walking Wake|protosynthesisspa
|
|-weather|SunnyDay|[upkeep]
|upkeep
|turn|3
|
|t:|1743857472
|-terastallize|p1a: Walking Wake|Grass
|move|p2a: Great Tusk|Headlong Rush|p1a: Walking Wake
|-resisted|p1a: Walking Wake
|-damage|p1a: Walking Wake|57/100
|-unboost|p2a: Great Tusk|def|1
|-unboost|p2a: Great Tusk|spd|1
|move|p1a: Walking Wake|Tera Blast|p2a: Great Tusk|[anim] Tera Blast Grass
|-supereffective|p2a: Great Tusk
|-damage|p2a: Great Tusk|0 fnt
|faint|p2a: Great Tusk
|-end|p2a: Great Tusk|Protosynthesis|[silent]
|
|-weather|SunnyDay|[upkeep]
|upkeep
|
|t:|1743857481
|switch|p2a: Leavanny|Leavanny, M|100/100
|turn|4
|
|t:|1743857488
|move|p1a: Walking Wake|Flamethrower|p2a: Leavanny
|-supereffective|p2a: Leavanny
|-damage|p2a: Leavanny|0 fnt
|faint|p2a: Leavanny
|
|-weather|SunnyDay|[upkeep]
|upkeep
|
|t:|1743857494
|switch|p2a: Ceruledge|Ceruledge, M|100/100
|turn|5
|
|t:|1743857512
|move|p1a: Walking Wake|Dragon Pulse|p2a: Ceruledge
|-damage|p2a: Ceruledge|36/100
|move|p2a: Ceruledge|Bitter Blade|p1a: Walking Wake
|-supereffective|p1a: Walking Wake
|-damage|p1a: Walking Wake|0 fnt
|-heal|p2a: Ceruledge|69/100|[from] drain|[of] p1a: Walking Wake
|faint|p1a: Walking Wake
|-end|p1a: Walking Wake|Protosynthesis|[silent]
|-heal|p2a: Ceruledge|77/100|[from] item: Shell Bell|[of] p1: Walking Wake
|
|-weather|SunnyDay|[upkeep]
|upkeep
|
|t:|1743857525
|switch|p1a: Rotom|Rotom-Mow|100/100
|turn|6
|
|t:|1743857530
|move|p1a: Rotom|Volt Switch|p2a: Ceruledge
|-damage|p2a: Ceruledge|23/100
|
|t:|1743857534
|switch|p1a: Tentacruel|Tentacruel, M|100/100|[from] Volt Switch
|move|p2a: Ceruledge|Bitter Blade|p1a: Tentacruel
|-resisted|p1a: Tentacruel
|-damage|p1a: Tentacruel|51/100
|-heal|p2a: Ceruledge|54/100|[from] drain|[of] p1a: Tentacruel
|-heal|p2a: Ceruledge|62/100|[from] item: Shell Bell|[of] p1a: Tentacruel
|
|-weather|SunnyDay|[upkeep]
|-heal|p1a: Tentacruel|57/100|[from] item: Black Sludge
|upkeep
|turn|7
|
|t:|1743857553
|-terastallize|p2a: Ceruledge|Fire
|move|p2a: Ceruledge|Bitter Blade|p1a: Tentacruel
|-resisted|p1a: Tentacruel
|-damage|p1a: Tentacruel|0 fnt
|-heal|p2a: Ceruledge|97/100|[from] drain|[of] p1a: Tentacruel
|faint|p1a: Tentacruel
|-heal|p2a: Ceruledge|100/100|[from] item: Shell Bell|[of] p1: Tentacruel
|
|-weather|SunnyDay|[upkeep]
|upkeep
|
|t:|1743857560
|switch|p1a: Garganacl|Garganacl, M|100/100
|turn|8
|
|t:|1743857567
|move|p2a: Ceruledge|Solar Blade||[still]
|-prepare|p2a: Ceruledge|Solar Blade
|-anim|p2a: Ceruledge|Solar Blade|p1a: Garganacl
|-supereffective|p1a: Garganacl
|-damage|p1a: Garganacl|58/100
|move|p1a: Garganacl|Salt Cure|p2a: Ceruledge
|-supereffective|p2a: Ceruledge
|-damage|p2a: Ceruledge|61/100
|-start|p2a: Ceruledge|Salt Cure
|-ability|p2a: Ceruledge|Weak Armor|boost
|-unboost|p2a: Ceruledge|def|1
|-boost|p2a: Ceruledge|spe|2
|
|-weather|none
|-heal|p1a: Garganacl|65/100|[from] item: Leftovers
|-damage|p2a: Ceruledge|48/100|[from] Salt Cure
|upkeep
|turn|9
|
|t:|1743857572
|move|p2a: Ceruledge|Bitter Blade|p1a: Garganacl
|-resisted|p1a: Garganacl
|-damage|p1a: Garganacl|50/100
|-heal|p2a: Ceruledge|58/100|[from] drain|[of] p1a: Garganacl
|-heal|p2a: Ceruledge|61/100|[from] item: Shell Bell|[of] p1a: Garganacl
|move|p1a: Garganacl|Stealth Rock|p2a: Ceruledge
|-sidestart|p2: sunney|move: Stealth Rock
|
|-heal|p1a: Garganacl|57/100|[from] item: Leftovers
|-damage|p2a: Ceruledge|48/100|[from] Salt Cure
|upkeep
|turn|10
|
|t:|1743857577
|move|p2a: Ceruledge|Shadow Sneak|p1a: Garganacl
|-crit|p1a: Garganacl
|-damage|p1a: Garganacl|41/100
|-heal|p2a: Ceruledge|51/100|[from] item: Shell Bell|[of] p1a: Garganacl
|move|p1a: Garganacl|Recover|p1a: Garganacl
|-heal|p1a: Garganacl|91/100
|
|-heal|p1a: Garganacl|97/100|[from] item: Leftovers
|-damage|p2a: Ceruledge|39/100|[from] Salt Cure
|upkeep
|turn|11
|
|t:|1743857581
|switch|p2a: Ninetales|Ninetales, M|100/100
|-damage|p2a: Ninetales|76/100|[from] Stealth Rock
|-weather|SunnyDay|[from] ability: Drought|[of] p2a: Ninetales
|move|p1a: Garganacl|Recover|p1a: Garganacl
|-heal|p1a: Garganacl|100/100
|
|-weather|SunnyDay|[upkeep]
|upkeep
|turn|12
|
|t:|1743857588
|move|p2a: Ninetales|Healing Wish|p2a: Ninetales
|faint|p2a: Ninetales
|move|p1a: Garganacl|Salt Cure|p2: Ninetales|[notarget]
|-fail|p1a: Garganacl
|
|-weather|SunnyDay|[upkeep]
|upkeep
|
|t:|1743857595
|switch|p2a: Ceruledge|Ceruledge, M, tera:Fire|39/100
|-heal|p2a: Ceruledge|100/100|[from] move: Healing Wish
|-damage|p2a: Ceruledge|76/100|[from] Stealth Rock
|turn|13
|
|t:|1743857598
|move|p2a: Ceruledge|Swords Dance|p2a: Ceruledge
|-boost|p2a: Ceruledge|atk|2
|move|p1a: Garganacl|Salt Cure|p2a: Ceruledge
|-supereffective|p2a: Ceruledge
|-damage|p2a: Ceruledge|39/100
|-start|p2a: Ceruledge|Salt Cure
|-ability|p2a: Ceruledge|Weak Armor|boost
|-unboost|p2a: Ceruledge|def|1
|-boost|p2a: Ceruledge|spe|2
|
|-weather|SunnyDay|[upkeep]
|-damage|p2a: Ceruledge|26/100|[from] Salt Cure
|upkeep
|turn|14
|
|t:|1743857611
|switch|p1a: Rotom|Rotom-Mow|100/100
|move|p2a: Ceruledge|Solar Blade||[still]
|-prepare|p2a: Ceruledge|Solar Blade
|-anim|p2a: Ceruledge|Solar Blade|p1a: Rotom
|-damage|p1a: Rotom|0 fnt
|replace|p1a: Zoroark|Zoroark-Hisui, M, shiny
|-end|p1a: Zoroark|Illusion
|faint|p1a: Zoroark
|-heal|p2a: Ceruledge|37/100|[from] item: Shell Bell|[of] p1: Zoroark
|
|-weather|SunnyDay|[upkeep]
|-damage|p2a: Ceruledge|25/100|[from] Salt Cure
|upkeep
|
|t:|1743857620
|switch|p1a: Rotom|Rotom-Mow|100/100
|turn|15
|
|t:|1743857624
|move|p2a: Ceruledge|Shadow Sneak|p1a: Rotom
|-damage|p1a: Rotom|44/100
|-heal|p2a: Ceruledge|30/100|[from] item: Shell Bell|[of] p1a: Rotom
|move|p1a: Rotom|Volt Switch|p2a: Ceruledge
|-damage|p2a: Ceruledge|0 fnt
|faint|p2a: Ceruledge
|
|t:|1743857631
|switch|p1a: Incineroar|Incineroar, M|76/100|[from] Volt Switch
|
|-weather|SunnyDay|[upkeep]
|upkeep
|
|t:|1743857633
|switch|p2a: Walking Wake|Walking Wake|100/100
|-damage|p2a: Walking Wake|88/100|[from] Stealth Rock
|-activate|p2a: Walking Wake|ability: Protosynthesis
|-start|p2a: Walking Wake|protosynthesisspa
|turn|16
|
|t:|1743857639
|move|p1a: Incineroar|Fake Out|p2a: Walking Wake
|-damage|p2a: Walking Wake|75/100
|cant|p2a: Walking Wake|flinch
|
|-weather|SunnyDay|[upkeep]
|upkeep
|turn|17
|
|t:|1743857646
|move|p2a: Walking Wake|Hydro Steam|p1a: Incineroar
|-supereffective|p1a: Incineroar
|-damage|p1a: Incineroar|0 fnt
|faint|p1a: Incineroar
|
|-weather|SunnyDay|[upkeep]
|upkeep
|
|t:|1743857650
|switch|p1a: Rotom|Rotom-Mow|44/100
|turn|18
|
|t:|1743857655
|move|p2a: Walking Wake|Hydro Steam|p1a: Rotom
|-resisted|p1a: Rotom
|-damage|p1a: Rotom|0 fnt
|faint|p1a: Rotom
|
|-weather|none
|-end|p2a: Walking Wake|Protosynthesis
|upkeep
|
|t:|1743857657
|switch|p1a: Garganacl|Garganacl, M|100/100
|turn|19
|
|t:|1743857662
|move|p2a: Walking Wake|Hydro Steam|p1a: Garganacl
|-supereffective|p1a: Garganacl
|-damage|p1a: Garganacl|23/100
|move|p1a: Garganacl|Salt Cure|p2a: Walking Wake
|-damage|p2a: Walking Wake|61/100
|-start|p2a: Walking Wake|Salt Cure
|
|-heal|p1a: Garganacl|29/100|[from] item: Leftovers
|-damage|p2a: Walking Wake|36/100|[from] Salt Cure
|upkeep
|turn|20
|c|☆sunney|Gg
|
|t:|1743857668
|move|p2a: Walking Wake|Hydro Steam|p1a: Garganacl
|-supereffective|p1a: Garganacl
|-crit|p1a: Garganacl
|-damage|p1a: Garganacl|0 fnt
|faint|p1a: Garganacl
|
|win|sunney
|raw|Fatmilktank's rating: 1254 &rarr; <strong>1227</strong><br />(-27 for losing)
|raw|sunney's rating: 1222 &rarr; <strong>1249</strong><br />(+27 for winning)
|l|☆Fatmilktank
|player|p1|
|l|☆sunney
|player|p2|
