|j|☆MiamiFrauds
|j|☆Lucwasz
|t:|1743888646
|gametype|singles
|player|p1|MiamiFrauds|102|1675
|player|p2|Lucwasz|1|1663
|teamsize|p1|6
|teamsize|p2|6
|gen|9
|tier|[Gen 9] OU
|rated|
|rule|HP Percentage Mod: HP is shown in percentages
|rule|Endless Battle Clause: Forcing endless battles is banned
|rule|Species Clause: Limit one of each Pokémon
|rule|OHKO Clause: OHKO moves are banned
|rule|Evasion Items Clause: Evasion items are banned
|rule|Evasion Moves Clause: Evasion moves are banned
|rule|Sleep Moves Clause: Sleep-inducing moves are banned
|clearpoke
|poke|p1|Kingambit, M|
|poke|p1|Enamorus, F|
|poke|p1|Araquanid, M|
|poke|p1|Great Tusk|
|poke|p1|Gholdengo|
|poke|p1|Ogerpon-Wellspring, F|
|poke|p2|Garganacl, M|
|poke|p2|Weezing-Galar, F|
|poke|p2|Corviknight, M|
|poke|p2|Dragapult, M|
|poke|p2|Slowking-Galar, F|
|poke|p2|Samurott-Hisui, F|
|teampreview
|inactive|Battle timer is ON: inactive players will automatically lose when time's up. (requested by MiamiFrauds)
|
|t:|1743888661
|start
|switch|p1a: Araquanid|Araquanid, M|100/100
|switch|p2a: Samurott|Samurott-Hisui, F|100/100
|turn|1
|
|t:|1743888667
|move|p2a: Samurott|Ceaseless Edge|p1a: Araquanid
|-damage|p1a: Araquanid|53/100
|-sidestart|p1: MiamiFrauds|Spikes
|move|p1a: Araquanid|Surf|p2a: Samurott
|-resisted|p2a: Samurott
|-damage|p2a: Samurott|56/100
|
|upkeep
|turn|2
|j| turquoiselink
|
|t:|1743888673
|move|p2a: Samurott|Ceaseless Edge|p1a: Araquanid|[miss]
|-miss|p2a: Samurott|p1a: Araquanid
|move|p1a: Araquanid|Sticky Web|p2a: Samurott
|-sidestart|p2: Lucwasz|move: Sticky Web
|
|upkeep
|turn|3
|
|t:|1743888675
|move|p2a: Samurott|Ceaseless Edge|p1a: Araquanid
|-damage|p1a: Araquanid|9/100
|-sidestart|p1: MiamiFrauds|Spikes
|move|p1a: Araquanid|Surf|p2a: Samurott
|-resisted|p2a: Samurott
|-damage|p2a: Samurott|15/100
|
|upkeep
|turn|4
|-enditem|p1a: Araquanid|Custap Berry|[eat]
|-activate|p1a: Araquanid|item: Custap Berry|[consumed]
|
|t:|1743888678
|switch|p2a: Slowking|Slowking-Galar, F|100/100
|-activate|p2a: Slowking|move: Sticky Web
|-unboost|p2a: Slowking|spe|1
|move|p1a: Araquanid|Surf|p2a: Slowking
|-damage|p2a: Slowking|79/100
|
|upkeep
|turn|5
|
|t:|1743888683
|move|p1a: Araquanid|Endeavor|p2a: Slowking
|-damage|p2a: Slowking|8/100
|move|p2a: Slowking|Psychic Noise|p1a: Araquanid
|-damage|p1a: Araquanid|0 fnt
|faint|p1a: Araquanid
|
|upkeep
|j| Just-JayPe
|l| Just-JayPe
|j| Just-JayPe
|
|t:|1743888690
|switch|p1a: Great Tusk|Great Tusk|100/100
|-damage|p1a: Great Tusk|84/100|[from] Spikes
|-enditem|p1a: Great Tusk|Booster Energy
|-activate|p1a: Great Tusk|ability: Protosynthesis|[fromitem]
|-start|p1a: Great Tusk|protosynthesisatk
|turn|6
|l| Just-JayPe
|
|t:|1743888695
|move|p1a: Great Tusk|Ice Spinner|p2a: Slowking
|-damage|p2a: Slowking|0 fnt
|faint|p2a: Slowking
|
|upkeep
|
|t:|1743888697
|switch|p2a: Dragapult|Dragapult, M|100/100
|turn|7
|
|t:|1743888704
|move|p2a: Dragapult|Will-O-Wisp|p1a: Great Tusk
|-status|p1a: Great Tusk|brn
|move|p1a: Great Tusk|Ice Spinner|p2a: Dragapult
|-supereffective|p2a: Dragapult
|-damage|p2a: Dragapult|49/100
|
|-damage|p1a: Great Tusk|78/100 brn|[from] brn
|upkeep
|turn|8
|
|t:|1743888711
|-end|p1a: Great Tusk|Protosynthesis|[silent]
|switch|p1a: Enamorus|Enamorus, F|100/100
|move|p2a: Dragapult|Hex|p1a: Enamorus
|-damage|p1a: Enamorus|66/100
|
|upkeep
|turn|9
|l| turquoiselink
|
|t:|1743888717
|switch|p2a: Corviknight|Corviknight, M|100/100
|-ability|p2a: Corviknight|Pressure
|move|p1a: Enamorus|Moonblast|p2a: Corviknight
|-resisted|p2a: Corviknight
|-damage|p2a: Corviknight|61/100
|
|upkeep
|turn|10
|
|t:|1743888720
|switch|p2a: Samurott|Samurott-Hisui, F|15/100
|-activate|p2a: Samurott|move: Sticky Web
|-unboost|p2a: Samurott|spe|1
|move|p1a: Enamorus|Moonblast|p2a: Samurott
|-supereffective|p2a: Samurott
|-damage|p2a: Samurott|0 fnt
|faint|p2a: Samurott
|
|upkeep
|
|t:|1743888724
|switch|p2a: Garganacl|Garganacl, M|100/100
|-activate|p2a: Garganacl|move: Sticky Web
|-unboost|p2a: Garganacl|spe|1
|turn|11
|
|t:|1743888730
|move|p1a: Enamorus|Moonblast|p2a: Garganacl
|-damage|p2a: Garganacl|47/100
|move|p2a: Garganacl|Salt Cure|p1a: Enamorus
|-supereffective|p1a: Enamorus
|-damage|p1a: Enamorus|20/100
|-start|p1a: Enamorus|Salt Cure
|
|-heal|p2a: Garganacl|53/100|[from] item: Leftovers
|-damage|p1a: Enamorus|7/100|[from] Salt Cure
|upkeep
|turn|12
|
|t:|1743888733
|move|p2a: Garganacl|Protect|p2a: Garganacl
|-singleturn|p2a: Garganacl|Protect
|move|p1a: Enamorus|Moonblast|p2a: Garganacl
|-activate|p2a: Garganacl|move: Protect
|
|-heal|p2a: Garganacl|59/100|[from] item: Leftovers
|-damage|p1a: Enamorus|0 fnt|[from] Salt Cure
|faint|p1a: Enamorus
|upkeep
|j| Just-JayPe
|
|t:|1743888737
|switch|p1a: Gholdengo|Gholdengo|100/100
|-damage|p1a: Gholdengo|84/100|[from] Spikes
|turn|13
|
|t:|1743888744
|switch|p2a: Corviknight|Corviknight, M|61/100
|-ability|p2a: Corviknight|Pressure
|move|p1a: Gholdengo|Trick|p2a: Corviknight
|-activate|p1a: Gholdengo|move: Trick|[of] p2a: Corviknight
|-item|p2a: Corviknight|Choice Scarf|[from] move: Trick
|-item|p1a: Gholdengo|Rocky Helmet|[from] move: Trick
|
|upkeep
|turn|14
|
|t:|1743888747
|move|p1a: Gholdengo|Shadow Ball|p2a: Corviknight
|-damage|p2a: Corviknight|23/100
|move|p2a: Corviknight|Brave Bird|p1a: Gholdengo
|-resisted|p1a: Gholdengo
|-damage|p1a: Gholdengo|62/100
|-damage|p2a: Corviknight|6/100|[from] item: Rocky Helmet|[of] p1a: Gholdengo
|-damage|p2a: Corviknight|1/100|[from] Recoil
|
|upkeep
|turn|15
|
|t:|1743888750
|move|p1a: Gholdengo|Shadow Ball|p2a: Corviknight
|-damage|p2a: Corviknight|0 fnt
|faint|p2a: Corviknight
|
|upkeep
|
|t:|1743888753
|switch|p2a: Dragapult|Dragapult, M|49/100
|turn|16
|
|t:|1743888757
|switch|p1a: Great Tusk|Great Tusk|78/100 brn
|-damage|p1a: Great Tusk|61/100 brn|[from] Spikes
|move|p2a: Dragapult|Hex|p1a: Great Tusk
|-damage|p1a: Great Tusk|0 fnt
|faint|p1a: Great Tusk
|-end|p1a: Great Tusk|Protosynthesis|[silent]
|
|upkeep
|
|t:|1743888770
|switch|p1a: Ogerpon|Ogerpon-Wellspring, F|100/100
|-damage|p1a: Ogerpon|84/100|[from] Spikes
|turn|17
|
|t:|1743888772
|move|p2a: Dragapult|U-turn|p1a: Ogerpon
|-supereffective|p1a: Ogerpon
|-damage|p1a: Ogerpon|19/100
|
|t:|1743888774
|switch|p2a: Weezing|Weezing-Galar, F|100/100|[from] U-turn
|-ability|p2a: Weezing|Neutralizing Gas
|move|p1a: Ogerpon|Power Whip|p2a: Weezing
|-resisted|p2a: Weezing
|-damage|p2a: Weezing|78/100
|
|upkeep
|turn|18
|
|t:|1743888780
|move|p1a: Ogerpon|Ivy Cudgel|p2a: Weezing|[anim] Ivy Cudgel Water
|-damage|p2a: Weezing|43/100
|move|p2a: Weezing|Strange Steam|p1a: Ogerpon
|-crit|p1a: Ogerpon
|-damage|p1a: Ogerpon|0 fnt
|faint|p1a: Ogerpon
|
|upkeep
|
|t:|1743888783
|switch|p1a: Gholdengo|Gholdengo|62/100
|-damage|p1a: Gholdengo|46/100|[from] Spikes
|turn|19
|
|t:|1743888787
|move|p1a: Gholdengo|Shadow Ball|p2a: Weezing
|-damage|p2a: Weezing|0 fnt
|faint|p2a: Weezing
|-end|p2a: Weezing|ability: Neutralizing Gas
|
|upkeep
|
|t:|1743888790
|switch|p2a: Dragapult|Dragapult, M|49/100
|turn|20
|
|t:|1743888797
|-terastallize|p1a: Gholdengo|Fighting
|move|p2a: Dragapult|Hex|p1a: Gholdengo
|-damage|p1a: Gholdengo|21/100
|move|p1a: Gholdengo|Shadow Ball|p2a: Dragapult
|-supereffective|p2a: Dragapult
|-damage|p2a: Dragapult|0 fnt
|faint|p2a: Dragapult
|
|upkeep
|
|t:|1743888800
|switch|p2a: Garganacl|Garganacl, M|59/100
|-activate|p2a: Garganacl|move: Sticky Web
|-unboost|p2a: Garganacl|spe|1
|turn|21
|
|t:|1743888811
|move|p2a: Garganacl|Protect|p2a: Garganacl
|-singleturn|p2a: Garganacl|Protect
|move|p1a: Gholdengo|Focus Blast|p2a: Garganacl
|-activate|p2a: Garganacl|move: Protect
|
|-heal|p2a: Garganacl|65/100|[from] item: Leftovers
|upkeep
|turn|22
|
|t:|1743888826
|-terastallize|p2a: Garganacl|Fairy
|move|p1a: Gholdengo|Make It Rain|p2a: Garganacl
|-supereffective|p2a: Garganacl
|-damage|p2a: Garganacl|0 fnt
|-unboost|p1a: Gholdengo|spa|1
|faint|p2a: Garganacl
|
|win|MiamiFrauds
|raw|MiamiFrauds's rating: 1675 &rarr; <strong>1694</strong><br />(+19 for winning)
|raw|Lucwasz's rating: 1663 &rarr; <strong>1644</strong><br />(-19 for losing)
|l|☆Lucwasz
|player|p2|
|l| Just-JayPe
|l|☆MiamiFrauds
|player|p1|
