|j|☆kumquatkum
|j|☆killuazz
|t:|1743915334
|gametype|singles
|player|p1|kumquatkum|blue|1274
|player|p2|killuazz|ethan|1208
|teamsize|p1|6
|teamsize|p2|6
|gen|9
|tier|[Gen 9] OU
|rated|
|rule|HP Percentage Mod: HP is shown in percentages
|rule|Endless Battle Clause: Forcing endless battles is banned
|rule|Species Clause: Limit one of each Pokémon
|rule|OHKO Clause: OHKO moves are banned
|rule|Evasion Items Clause: Evasion items are banned
|rule|Evasion Moves Clause: Evasion moves are banned
|rule|Sleep Moves Clause: Sleep-inducing moves are banned
|clearpoke
|poke|p1|Ninetales, F|
|poke|p1|Leafeon, M|
|poke|p1|Dragapult, F|
|poke|p1|Corviknight, F|
|poke|p1|Walking Wake|
|poke|p1|Torkoal, F|
|poke|p2|Iron Valiant|
|poke|p2|Weezing-Galar, F|
|poke|p2|Slowking-Galar, M|
|poke|p2|Ceruledge, F|
|poke|p2|Zapdos|
|poke|p2|Samurott-Hisui, M|
|teampreview
|inactive|Battle timer is ON: inactive players will automatically lose when time's up. (requested by killuazz)
|inactive|kumquatkum also wants the timer to be on.
|
|t:|1743915344
|start
|switch|p1a: Ninetales|Ninetales, F, shiny|100/100
|switch|p2a: Zapdos|Zapdos, shiny|100/100
|-weather|SunnyDay|[from] ability: Drought|[of] p1a: Ninetales
|turn|1
|
|t:|1743915355
|switch|p2a: Swordsman|Ceruledge, F|100/100
|move|p1a: Ninetales|Flamethrower|p2a: Swordsman
|-start|p2a: Swordsman|ability: Flash Fire
|
|-weather|SunnyDay|[upkeep]
|upkeep
|turn|2
|
|t:|1743915360
|move|p1a: Ninetales|Snarl|p2a: Swordsman
|-supereffective|p2a: Swordsman
|-crit|p2a: Swordsman
|-damage|p2a: Swordsman|55/100
|-unboost|p2a: Swordsman|spa|1
|move|p2a: Swordsman|Swords Dance|p2a: Swordsman
|-boost|p2a: Swordsman|atk|2
|
|-weather|SunnyDay|[upkeep]
|upkeep
|turn|3
|
|t:|1743915367
|move|p1a: Ninetales|Encore|p2a: Swordsman
|-start|p2a: Swordsman|Encore
|move|p2a: Swordsman|Swords Dance|p2a: Swordsman
|-boost|p2a: Swordsman|atk|2
|
|-weather|SunnyDay|[upkeep]
|upkeep
|turn|4
|
|t:|1743915377
|-end|p2a: Swordsman|ability: Flash Fire|[silent]
|switch|p2a: Slowking|Slowking-Galar, M|100/100
|move|p1a: Ninetales|Snarl|p2a: Slowking
|-supereffective|p2a: Slowking
|-damage|p2a: Slowking|90/100
|-unboost|p2a: Slowking|spa|1
|
|-weather|SunnyDay|[upkeep]
|upkeep
|turn|5
|
|t:|1743915399
|switch|p1a: Dragapult|Dragapult, F|100/100
|move|p2a: Slowking|Future Sight|p1a: Dragapult
|-start|p2a: Slowking|move: Future Sight
|
|-weather|SunnyDay|[upkeep]
|upkeep
|turn|6
|
|t:|1743915413
|switch|p2a: Zapdos|Zapdos, shiny|100/100
|move|p1a: Dragapult|U-turn|p2a: Zapdos
|-resisted|p2a: Zapdos
|-damage|p2a: Zapdos|88/100
|
|t:|1743915419
|switch|p1a: Corviknight|Corviknight, F, shiny|100/100|[from] U-turn
|-ability|p1a: Corviknight|Pressure
|
|-weather|SunnyDay|[upkeep]
|upkeep
|turn|7
|inactive|kumquatkum has 120 seconds left.
|
|t:|1743915451
|switch|p1a: Torkoal|Torkoal, F|100/100
|move|p2a: Zapdos|Discharge|p1a: Torkoal
|-damage|p1a: Torkoal|56/100
|
|-weather|SunnyDay|[upkeep]
|-end|p1a: Torkoal|move: Future Sight
|-damage|p1a: Torkoal|0 fnt
|faint|p1a: Torkoal
|upkeep
|
|t:|1743915462
|switch|p1a: Walking Wake|Walking Wake|100/100
|-activate|p1a: Walking Wake|ability: Protosynthesis
|-start|p1a: Walking Wake|protosynthesisspe
|turn|8
|
|t:|1743915476
|move|p1a: Walking Wake|Hydro Steam|p2a: Zapdos
|-damage|p2a: Zapdos|12/100
|-damage|p1a: Walking Wake|91/100|[from] item: Life Orb
|move|p2a: Zapdos|U-turn|p1a: Walking Wake
|-damage|p1a: Walking Wake|76/100
|
|t:|1743915480
|switch|p2a: Sniper|Iron Valiant|100/100|[from] U-turn
|
|-weather|none
|-end|p1a: Walking Wake|Protosynthesis
|upkeep
|turn|9
|inactive|kumquatkum has 120 seconds left.
|
|t:|1743915489
|-terastallize|p1a: Walking Wake|Steel
|move|p2a: Sniper|Moonblast|p1a: Walking Wake
|-resisted|p1a: Walking Wake
|-damage|p1a: Walking Wake|35/100
|move|p1a: Walking Wake|Tera Blast|p2a: Sniper|[anim] Tera Blast Steel
|-supereffective|p2a: Sniper
|-damage|p2a: Sniper|0 fnt
|faint|p2a: Sniper
|-end|p2a: Sniper|Quark Drive|[silent]
|-damage|p1a: Walking Wake|25/100|[from] item: Life Orb
|
|upkeep
|
|t:|1743915492
|switch|p2a: Samurott|Samurott-Hisui, M|100/100
|turn|10
|
|t:|1743915499
|-end|p1a: Walking Wake|Protosynthesis|[silent]
|switch|p1a: Corviknight|Corviknight, F, shiny|100/100
|-ability|p1a: Corviknight|Pressure
|switch|p2a: Slowking|Slowking-Galar, M|100/100
|
|upkeep
|turn|11
|
|t:|1743915502
|move|p1a: Corviknight|U-turn|p2a: Slowking
|-damage|p2a: Slowking|87/100
|
|t:|1743915507
|switch|p1a: Ninetales|Ninetales, F, shiny|100/100|[from] U-turn
|-weather|SunnyDay|[from] ability: Drought|[of] p1a: Ninetales
|move|p2a: Slowking|Flamethrower|p1a: Ninetales
|-resisted|p1a: Ninetales
|-damage|p1a: Ninetales|79/100
|
|-weather|SunnyDay|[upkeep]
|upkeep
|turn|12
|
|t:|1743915510
|move|p1a: Ninetales|Encore|p2a: Slowking
|-start|p2a: Slowking|Encore
|move|p2a: Slowking|Flamethrower|p1a: Ninetales
|-resisted|p1a: Ninetales
|-damage|p1a: Ninetales|59/100
|
|-weather|SunnyDay|[upkeep]
|upkeep
|turn|13
|
|t:|1743915522
|switch|p2a: Swordsman|Ceruledge, F|55/100
|move|p1a: Ninetales|Snarl|p2a: Swordsman
|-supereffective|p2a: Swordsman
|-damage|p2a: Swordsman|24/100
|-unboost|p2a: Swordsman|spa|1
|
|-weather|SunnyDay|[upkeep]
|upkeep
|turn|14
|
|t:|1743915530
|move|p1a: Ninetales|Snarl|p2a: Swordsman
|-supereffective|p2a: Swordsman
|-damage|p2a: Swordsman|0 fnt
|faint|p2a: Swordsman
|
|-weather|SunnyDay|[upkeep]
|upkeep
|
|t:|1743915537
|switch|p2a: Slowking|Slowking-Galar, M|100/100
|turn|15
|
|t:|1743915546
|move|p1a: Ninetales|Snarl|p2a: Slowking
|-supereffective|p2a: Slowking
|-damage|p2a: Slowking|89/100
|-unboost|p2a: Slowking|spa|1
|move|p2a: Slowking|Future Sight|p1a: Ninetales
|-start|p2a: Slowking|move: Future Sight
|
|-weather|SunnyDay|[upkeep]
|upkeep
|turn|16
|
|t:|1743915551
|switch|p1a: Corviknight|Corviknight, F, shiny|100/100
|-ability|p1a: Corviknight|Pressure
|move|p2a: Slowking|Future Sight||[still]
|-fail|p2a: Slowking
|
|-weather|SunnyDay|[upkeep]
|upkeep
|turn|17
|
|t:|1743915560
|move|p1a: Corviknight|Brave Bird|p2a: Slowking
|-damage|p2a: Slowking|49/100
|-damage|p1a: Corviknight|87/100|[from] Recoil
|move|p2a: Slowking|Flamethrower|p1a: Corviknight
|-supereffective|p1a: Corviknight
|-damage|p1a: Corviknight|40/100
|
|-weather|SunnyDay|[upkeep]
|-end|p1a: Corviknight|move: Future Sight
|-resisted|p1a: Corviknight
|-damage|p1a: Corviknight|26/100
|upkeep
|turn|18
|
|t:|1743915566
|move|p1a: Corviknight|Brave Bird|p2a: Slowking
|-damage|p2a: Slowking|14/100
|-damage|p1a: Corviknight|14/100|[from] Recoil
|move|p2a: Slowking|Flamethrower|p1a: Corviknight
|-supereffective|p1a: Corviknight
|-damage|p1a: Corviknight|0 fnt
|faint|p1a: Corviknight
|
|-weather|none
|upkeep
|
|t:|1743915572
|switch|p1a: Dragapult|Dragapult, F|100/100
|turn|19
|
|t:|1743915575
|switch|p2a: Weezing|Weezing-Galar, F|100/100
|-ability|p2a: Weezing|Neutralizing Gas
|move|p1a: Dragapult|U-turn|p2a: Weezing
|-resisted|p2a: Weezing
|-damage|p2a: Weezing|95/100
|
|t:|1743915579
|switch|p1a: Ninetales|Ninetales, F, shiny|59/100|[from] U-turn
|
|-heal|p2a: Weezing|100/100|[from] item: Leftovers
|upkeep
|turn|20
|
|t:|1743915583
|move|p1a: Ninetales|Flamethrower|p2a: Weezing
|-damage|p2a: Weezing|54/100
|move|p2a: Weezing|Toxic|p1a: Ninetales
|-status|p1a: Ninetales|tox
|
|-heal|p2a: Weezing|60/100|[from] item: Leftovers
|-damage|p1a: Ninetales|53/100 tox|[from] psn
|upkeep
|turn|21
|
|t:|1743915592
|switch|p1a: Walking Wake|Walking Wake, tera:Steel|25/100
|-end|p2a: Weezing|ability: Neutralizing Gas
|switch|p2a: Slowking|Slowking-Galar, M|47/100
|
|upkeep
|turn|22
|
|t:|1743915597
|move|p1a: Walking Wake|Draco Meteor|p2a: Slowking
|-damage|p2a: Slowking|15/100
|-unboost|p1a: Walking Wake|spa|2
|-damage|p1a: Walking Wake|15/100|[from] item: Life Orb
|move|p2a: Slowking|Flamethrower|p1a: Walking Wake
|-supereffective|p1a: Walking Wake
|-damage|p1a: Walking Wake|0 fnt
|faint|p1a: Walking Wake
|-end|p1a: Walking Wake|Protosynthesis|[silent]
|
|upkeep
|
|t:|1743915601
|switch|p1a: Ninetales|Ninetales, F, shiny|53/100 tox
|-weather|SunnyDay|[from] ability: Drought|[of] p1a: Ninetales
|turn|23
|
|t:|1743915603
|switch|p2a: Weezing|Weezing-Galar, F|60/100
|-ability|p2a: Weezing|Neutralizing Gas
|move|p1a: Ninetales|Flamethrower|p2a: Weezing
|-crit|p2a: Weezing
|-damage|p2a: Weezing|0 fnt
|faint|p2a: Weezing
|-end|p2a: Weezing|ability: Neutralizing Gas
|
|-weather|SunnyDay|[upkeep]
|-damage|p1a: Ninetales|47/100 tox|[from] psn
|upkeep
|
|t:|1743915610
|switch|p2a: Slowking|Slowking-Galar, M|48/100
|turn|24
|
|t:|1743915614
|switch|p2a: Samurott|Samurott-Hisui, M|100/100
|move|p1a: Ninetales|Flamethrower|p2a: Samurott
|-resisted|p2a: Samurott
|-damage|p2a: Samurott|61/100
|
|-weather|SunnyDay|[upkeep]
|-heal|p2a: Samurott|67/100|[from] item: Leftovers
|-damage|p1a: Ninetales|35/100 tox|[from] psn
|upkeep
|turn|25
|
|t:|1743915618
|move|p1a: Ninetales|Memento|p2a: Samurott
|-unboost|p2a: Samurott|atk|2
|-unboost|p2a: Samurott|spa|2
|faint|p1a: Ninetales
|move|p2a: Samurott|Aqua Cutter|p1: Ninetales|[notarget]
|-fail|p2a: Samurott
|
|-weather|SunnyDay|[upkeep]
|-heal|p2a: Samurott|74/100|[from] item: Leftovers
|upkeep
|
|t:|1743915621
|switch|p1a: Leafeon|Leafeon, M|100/100
|turn|26
|
|t:|1743915626
|switch|p2a: Zapdos|Zapdos, shiny|12/100
|move|p1a: Leafeon|Swords Dance|p1a: Leafeon
|-boost|p1a: Leafeon|atk|2
|
|-weather|SunnyDay|[upkeep]
|upkeep
|turn|27
|
|t:|1743915631
|move|p1a: Leafeon|Knock Off|p2a: Zapdos
|-damage|p2a: Zapdos|0 fnt
|-status|p1a: Leafeon|par|[from] ability: Static|[of] p2a: Zapdos
|-enditem|p2a: Zapdos|Heavy-Duty Boots|[from] move: Knock Off|[of] p1a: Leafeon
|faint|p2a: Zapdos
|-damage|p1a: Leafeon|91/100 par|[from] item: Life Orb
|
|-weather|SunnyDay|[upkeep]
|upkeep
|
|t:|1743915638
|switch|p2a: Samurott|Samurott-Hisui, M|74/100
|turn|28
|
|t:|1743915643
|move|p2a: Samurott|Ceaseless Edge|p1a: Leafeon
|-damage|p1a: Leafeon|44/100 par
|-sidestart|p1: kumquatkum|Spikes
|cant|p1a: Leafeon|par
|
|-weather|SunnyDay|[upkeep]
|-heal|p2a: Samurott|80/100|[from] item: Leftovers
|upkeep
|turn|29
|
|t:|1743915649
|move|p2a: Samurott|Ceaseless Edge|p1a: Leafeon
|-damage|p1a: Leafeon|0 fnt
|-sidestart|p1: kumquatkum|Spikes
|faint|p1a: Leafeon
|
|-weather|SunnyDay|[upkeep]
|-heal|p2a: Samurott|86/100|[from] item: Leftovers
|upkeep
|
|t:|1743915653
|switch|p1a: Dragapult|Dragapult, F|100/100
|-damage|p1a: Dragapult|84/100|[from] Spikes
|turn|30
|
|t:|1743915659
|move|p1a: Dragapult|U-turn|p2a: Samurott
|-supereffective|p2a: Samurott
|-damage|p2a: Samurott|5/100
|move|p2a: Samurott|Ceaseless Edge|p1a: Dragapult
|-supereffective|p1a: Dragapult
|-damage|p1a: Dragapult|0 fnt
|-sidestart|p1: kumquatkum|Spikes
|faint|p1a: Dragapult
|
|win|killuazz
|raw|kumquatkum's rating: 1274 &rarr; <strong>1244</strong><br />(-30 for losing)
|raw|killuazz's rating: 1208 &rarr; <strong>1238</strong><br />(+30 for winning)
|l|☆killuazz
|player|p2|
|l|☆kumquatkum
|player|p1|
