|j|☆BeastBoostedBoy
|j|☆rockinaces
|t:|1743911825
|gametype|singles
|player|p1|BeastBoostedBoy|mars|1583
|player|p2|rockinaces|1|1594
|teamsize|p1|6
|teamsize|p2|6
|gen|9
|tier|[Gen 9] OU
|rated|
|rule|HP Percentage Mod: HP is shown in percentages
|rule|Endless Battle Clause: Forcing endless battles is banned
|rule|Species Clause: Limit one of each Pokémon
|rule|OHKO Clause: OHKO moves are banned
|rule|Evasion Items Clause: Evasion items are banned
|rule|Evasion Moves Clause: Evasion moves are banned
|rule|Sleep Moves Clause: Sleep-inducing moves are banned
|clearpoke
|poke|p1|Ogerpon-Wellspring, F|
|poke|p1|Enamorus, F|
|poke|p1|Great Tusk|
|poke|p1|Ting-Lu|
|poke|p1|Dragapult, F|
|poke|p1|Slowking-Galar, M|
|poke|p2|Gholdengo|
|poke|p2|Samurott-Hisui, M|
|poke|p2|Great Tusk|
|poke|p2|Enamorus, F|
|poke|p2|Kyurem|
|poke|p2|Rillaboom, F|
|teampreview
|
|t:|1743911847
|start
|switch|p1a: Blue Talisman|Ogerpon-Wellspring, F|100/100
|switch|p2a: Rillaboom|Rillaboom, F|100/100
|-fieldstart|move: Grassy Terrain|[from] ability: Grassy Surge|[of] p2a: Rillaboom
|turn|1
|
|t:|1743911866
|move|p1a: Blue Talisman|U-turn|p2a: Rillaboom
|-supereffective|p2a: Rillaboom
|-damage|p2a: Rillaboom|48/100
|
|t:|1743911890
|switch|p1a: Naxos|Dragapult, F, shiny|100/100|[from] U-turn
|move|p2a: Rillaboom|U-turn|p1a: Naxos
|-resisted|p1a: Naxos
|-damage|p1a: Naxos|83/100
|
|t:|1743911922
|switch|p2a: Enamorus|Enamorus, F|100/100|[from] U-turn
|
|-heal|p1a: Naxos|89/100|[from] Grassy Terrain
|upkeep
|turn|2
|
|t:|1743911930
|switch|p1a: Venom Incarnat|Slowking-Galar, M|100/100
|move|p2a: Enamorus|Moonblast|p1a: Venom Incarnat
|-resisted|p1a: Venom Incarnat
|-damage|p1a: Venom Incarnat|78/100
|-unboost|p1a: Venom Incarnat|spa|1
|
|-heal|p1a: Venom Incarnat|85/100|[from] Grassy Terrain
|upkeep
|turn|3
|
|t:|1743911940
|switch|p2a: Great Tusk|Great Tusk|100/100
|-prepare|p1a: Venom Incarnat|Chilly Reception|[premajor]
|move|p1a: Venom Incarnat|Chilly Reception|p1a: Venom Incarnat
|-weather|Snowscape
|
|t:|1743911950
|switch|p1a: Karagöz|Enamorus, F|100/100|[from] Chilly Reception
|
|-weather|Snowscape|[upkeep]
|upkeep
|turn|4
|
|t:|1743911961
|-end|p2a: Great Tusk|Protosynthesis|[silent]
|switch|p2a: Gholdengo|Gholdengo|100/100
|move|p1a: Karagöz|Moonblast|p2a: Gholdengo
|-resisted|p2a: Gholdengo
|-damage|p2a: Gholdengo|75/100
|
|-weather|Snowscape|[upkeep]
|-heal|p2a: Gholdengo|81/100|[from] Grassy Terrain
|upkeep
|turn|5
|
|t:|1743912059
|switch|p1a: Bergamask|Ting-Lu|100/100
|-ability|p1a: Bergamask|Vessel of Ruin
|move|p2a: Gholdengo|Nasty Plot|p2a: Gholdengo
|-boost|p2a: Gholdengo|spa|2
|
|-weather|Snowscape|[upkeep]
|-heal|p2a: Gholdengo|87/100|[from] Grassy Terrain
|-fieldend|move: Grassy Terrain
|upkeep
|turn|6
|
|t:|1743912117
|move|p2a: Gholdengo|Make It Rain|p1a: Bergamask
|-damage|p1a: Bergamask|38/100
|-unboost|p2a: Gholdengo|spa|1
|move|p1a: Bergamask|Stealth Rock|p2a: Gholdengo
|-sidestart|p2: rockinaces|move: Stealth Rock
|
|-weather|Snowscape|[upkeep]
|-heal|p1a: Bergamask|44/100|[from] item: Leftovers
|upkeep
|turn|7
|
|t:|1743912129
|switch|p1a: Venom Incarnat|Slowking-Galar, M|100/100
|move|p2a: Gholdengo|Make It Rain|p1a: Venom Incarnat
|-crit|p1a: Venom Incarnat
|-damage|p1a: Venom Incarnat|6/100
|-unboost|p2a: Gholdengo|spa|1
|
|-weather|none
|upkeep
|turn|8
|
|t:|1743912139
|switch|p1a: Terroni|Great Tusk|100/100
|move|p2a: Gholdengo|Shadow Ball|p1a: Terroni
|-damage|p1a: Terroni|42/100
|
|upkeep
|turn|9
|
|t:|1743912149
|switch|p2a: Rillaboom|Rillaboom, F|48/100
|-damage|p2a: Rillaboom|36/100|[from] Stealth Rock
|-fieldstart|move: Grassy Terrain|[from] ability: Grassy Surge|[of] p2a: Rillaboom
|move|p1a: Terroni|Headlong Rush|p2a: Rillaboom
|-resisted|p2a: Rillaboom
|-damage|p2a: Rillaboom|11/100
|-unboost|p1a: Terroni|def|1
|-unboost|p1a: Terroni|spd|1
|
|-heal|p1a: Terroni|48/100|[from] Grassy Terrain
|-heal|p2a: Rillaboom|17/100|[from] Grassy Terrain
|upkeep
|turn|10
|
|t:|1743912163
|move|p1a: Terroni|Ice Spinner|p2a: Rillaboom
|-supereffective|p2a: Rillaboom
|-damage|p2a: Rillaboom|0 fnt
|-fieldend|move: Grassy Terrain
|faint|p2a: Rillaboom
|
|upkeep
|
|t:|1743912168
|switch|p2a: Samurott|Samurott-Hisui, M|100/100
|-damage|p2a: Samurott|88/100|[from] Stealth Rock
|turn|11
|inactive|Battle timer is ON: inactive players will automatically lose when time's up. (requested by rockinaces)
|
|t:|1743912225
|move|p2a: Samurott|Ceaseless Edge|p1a: Terroni
|-resisted|p1a: Terroni
|-damage|p1a: Terroni|26/100
|-damage|p2a: Samurott|72/100|[from] item: Rocky Helmet|[of] p1a: Terroni
|-sidestart|p1: BeastBoostedBoy|Spikes
|move|p1a: Terroni|Rapid Spin|p2a: Samurott
|-damage|p2a: Samurott|52/100
|-boost|p1a: Terroni|spe|1
|-sideend|p1: BeastBoostedBoy|Spikes|[from] move: Rapid Spin|[of] p1a: Terroni
|
|upkeep
|turn|12
|
|t:|1743912243
|switch|p2a: Great Tusk|Great Tusk|100/100
|-damage|p2a: Great Tusk|98/100|[from] Stealth Rock
|move|p1a: Terroni|Rapid Spin|p2a: Great Tusk
|-damage|p2a: Great Tusk|88/100
|-boost|p1a: Terroni|spe|1
|
|-heal|p2a: Great Tusk|94/100|[from] item: Leftovers
|upkeep
|turn|13
|
|t:|1743912254
|-end|p1a: Terroni|Protosynthesis|[silent]
|switch|p1a: Naxos|Dragapult, F, shiny|89/100
|move|p2a: Great Tusk|Ice Spinner|p1a: Naxos
|-supereffective|p1a: Naxos
|-damage|p1a: Naxos|31/100
|
|-heal|p2a: Great Tusk|99/100|[from] item: Leftovers
|upkeep
|turn|14
|
|t:|1743912265
|move|p1a: Naxos|U-turn|p2a: Great Tusk
|-resisted|p2a: Great Tusk
|-damage|p2a: Great Tusk|94/100
|
|t:|1743912269
|switch|p1a: Terroni|Great Tusk|26/100|[from] U-turn
|move|p2a: Great Tusk|Ice Spinner|p1a: Terroni
|-supereffective|p1a: Terroni
|-damage|p1a: Terroni|0 fnt
|-damage|p2a: Great Tusk|77/100|[from] item: Rocky Helmet|[of] p1a: Terroni
|faint|p1a: Terroni
|-end|p1a: Terroni|Protosynthesis|[silent]
|
|-heal|p2a: Great Tusk|83/100|[from] item: Leftovers
|upkeep
|
|t:|1743912286
|switch|p1a: Karagöz|Enamorus, F|100/100
|turn|15
|
|t:|1743912312
|-end|p2a: Great Tusk|Protosynthesis|[silent]
|switch|p2a: Gholdengo|Gholdengo|87/100
|-damage|p2a: Gholdengo|81/100|[from] Stealth Rock
|move|p1a: Karagöz|Moonblast|p2a: Gholdengo
|-resisted|p2a: Gholdengo
|-damage|p2a: Gholdengo|57/100
|
|upkeep
|turn|16
|
|t:|1743912324
|switch|p1a: Bergamask|Ting-Lu|44/100
|-ability|p1a: Bergamask|Vessel of Ruin
|move|p2a: Gholdengo|Recover|p2a: Gholdengo
|-heal|p2a: Gholdengo|100/100
|
|-heal|p1a: Bergamask|50/100|[from] item: Leftovers
|upkeep
|turn|17
|inactive|rockinaces has 120 seconds left.
|
|t:|1743912354
|move|p2a: Gholdengo|Nasty Plot|p2a: Gholdengo
|-boost|p2a: Gholdengo|spa|2
|move|p1a: Bergamask|Earthquake|p2a: Gholdengo
|-supereffective|p2a: Gholdengo
|-damage|p2a: Gholdengo|35/100
|
|-heal|p1a: Bergamask|57/100|[from] item: Leftovers
|upkeep
|turn|18
|inactive|rockinaces has 120 seconds left.
|
|t:|1743912372
|move|p2a: Gholdengo|Make It Rain|p1a: Bergamask
|-damage|p1a: Bergamask|0 fnt
|-unboost|p2a: Gholdengo|spa|1
|faint|p1a: Bergamask
|
|upkeep
|
|t:|1743912378
|switch|p1a: Blue Talisman|Ogerpon-Wellspring, F|100/100
|turn|19
|
|t:|1743912388
|move|p1a: Blue Talisman|Ivy Cudgel|p2a: Gholdengo|[anim] Ivy Cudgel Water
|-damage|p2a: Gholdengo|0 fnt
|faint|p2a: Gholdengo
|
|upkeep
|
|t:|1743912397
|switch|p2a: Samurott|Samurott-Hisui, M|52/100
|-damage|p2a: Samurott|39/100|[from] Stealth Rock
|turn|20
|
|t:|1743912407
|move|p2a: Samurott|Ceaseless Edge|p1a: Blue Talisman
|-damage|p1a: Blue Talisman|39/100
|-sidestart|p1: BeastBoostedBoy|Spikes
|move|p1a: Blue Talisman|Horn Leech|p2a: Samurott
|-supereffective|p2a: Samurott
|-damage|p2a: Samurott|0 fnt
|-heal|p1a: Blue Talisman|60/100|[from] drain|[of] p2a: Samurott
|faint|p2a: Samurott
|
|upkeep
|
|t:|1743912425
|switch|p2a: Kyurem|Kyurem, shiny|100/100
|-damage|p2a: Kyurem|76/100|[from] Stealth Rock
|-ability|p2a: Kyurem|Pressure
|turn|21
|
|t:|1743912442
|move|p1a: Blue Talisman|Knock Off|p2a: Kyurem
|-damage|p2a: Kyurem|37/100
|-enditem|p2a: Kyurem|Loaded Dice|[from] move: Knock Off|[of] p1a: Blue Talisman
|move|p2a: Kyurem|Scale Shot|p1a: Blue Talisman
|-damage|p1a: Blue Talisman|42/100
|-damage|p1a: Blue Talisman|23/100
|-hitcount|p1a: Blue Talisman|2
|-unboost|p2a: Kyurem|def|1
|-boost|p2a: Kyurem|spe|1
|
|upkeep
|turn|22
|inactive|BeastBoostedBoy has 120 seconds left.
|
|t:|1743912473
|move|p2a: Kyurem|Scale Shot|p1a: Blue Talisman
|-damage|p1a: Blue Talisman|3/100
|-damage|p1a: Blue Talisman|0 fnt
|faint|p1a: Blue Talisman
|-hitcount|p1: Blue Talisman|2
|-unboost|p2a: Kyurem|def|1
|-boost|p2a: Kyurem|spe|1
|
|upkeep
|
|t:|1743912485
|switch|p1a: Naxos|Dragapult, F, shiny|31/100
|turn|23
|
|t:|1743912504
|-terastallize|p1a: Naxos|Fairy
|move|p2a: Kyurem|Icicle Spear|p1a: Naxos
|-crit|p1a: Naxos
|-damage|p1a: Naxos|4/100
|-damage|p1a: Naxos|0 fnt
|faint|p1a: Naxos
|-hitcount|p1: Naxos|2
|
|upkeep
|j| TheTyranitard
|
|t:|1743912508
|switch|p1a: Karagöz|Enamorus, F|100/100
|turn|24
|
|t:|1743912513
|move|p2a: Kyurem|Icicle Spear|p1a: Karagöz
|-supereffective|p1a: Karagöz
|-damage|p1a: Karagöz|53/100
|-supereffective|p1a: Karagöz
|-damage|p1a: Karagöz|2/100
|-hitcount|p1a: Karagöz|2
|move|p1a: Karagöz|Moonblast|p2a: Kyurem
|-supereffective|p2a: Kyurem
|-damage|p2a: Kyurem|0 fnt
|faint|p2a: Kyurem
|
|upkeep
|
|t:|1743912532
|switch|p2a: Enamorus|Enamorus, F|100/100
|-damage|p2a: Enamorus|76/100|[from] Stealth Rock
|turn|25
|
|t:|1743912538
|move|p1a: Karagöz|Moonblast|p2a: Enamorus
|-damage|p2a: Enamorus|0 fnt
|faint|p2a: Enamorus
|
|upkeep
|
|t:|1743912543
|switch|p2a: Great Tusk|Great Tusk|83/100
|-damage|p2a: Great Tusk|80/100|[from] Stealth Rock
|turn|26
|
|t:|1743912549
|switch|p1a: Venom Incarnat|Slowking-Galar, M|39/100
|move|p2a: Great Tusk|Rapid Spin|p1a: Venom Incarnat
|-damage|p1a: Venom Incarnat|24/100
|-boost|p2a: Great Tusk|spe|1
|-sideend|p2: rockinaces|Stealth Rock|[from] move: Rapid Spin|[of] p2a: Great Tusk
|
|-heal|p2a: Great Tusk|87/100|[from] item: Leftovers
|upkeep
|turn|27
|
|t:|1743912561
|move|p2a: Great Tusk|Ice Spinner|p1a: Venom Incarnat
|-damage|p1a: Venom Incarnat|1/100
|move|p1a: Venom Incarnat|Future Sight|p2a: Great Tusk
|-start|p1a: Venom Incarnat|move: Future Sight
|
|-heal|p2a: Great Tusk|93/100|[from] item: Leftovers
|upkeep
|turn|28
|
|t:|1743912573
|move|p2a: Great Tusk|Rapid Spin|p1a: Venom Incarnat
|-damage|p1a: Venom Incarnat|0 fnt
|-boost|p2a: Great Tusk|spe|1
|faint|p1a: Venom Incarnat
|
|-heal|p2a: Great Tusk|99/100|[from] item: Leftovers
|upkeep
|
|t:|1743912579
|switch|p1a: Karagöz|Enamorus, F|2/100
|turn|29
|
|t:|1743912584
|move|p1a: Karagöz|Moonblast|p2a: Great Tusk
|-supereffective|p2a: Great Tusk
|-crit|p2a: Great Tusk
|-damage|p2a: Great Tusk|0 fnt
|faint|p2a: Great Tusk
|-end|p2a: Great Tusk|Protosynthesis|[silent]
|
|win|BeastBoostedBoy
|raw|BeastBoostedBoy's rating: 1583 &rarr; <strong>1604</strong><br />(+21 for winning)
|raw|rockinaces's rating: 1594 &rarr; <strong>1573</strong><br />(-21 for losing)
|l| TheTyranitard
|l|☆rockinaces
|player|p2|
|l|☆BeastBoostedBoy
|player|p1|
