|j|☆vryfast
|j|‽Samurai fish69
|t:|1743923488
|gametype|singles
|player|p1|vryfast|unknown|1178
|player|p2|Samurai fish69|cynthia|1179
|teamsize|p1|6
|teamsize|p2|6
|gen|9
|tier|[Gen 9] OU
|rated|
|rule|HP Percentage Mod: HP is shown in percentages
|rule|Endless Battle Clause: Forcing endless battles is banned
|rule|Species Clause: Limit one of each Pokémon
|rule|OHKO Clause: OHKO moves are banned
|rule|Evasion Items Clause: Evasion items are banned
|rule|Evasion Moves Clause: Evasion moves are banned
|rule|Sleep Moves Clause: Sleep-inducing moves are banned
|clearpoke
|poke|p1|Tatsugiri-Stretchy, F|
|poke|p1|Landorus-Therian, M|
|poke|p1|Weavile, F|
|poke|p1|Latios, M|
|poke|p1|Typhlosion-Hisui, M|
|poke|p1|Mandibuzz, F|
|poke|p2|Iron Crown|
|poke|p2|Cramorant, M|
|poke|p2|Hydrapple, M|
|poke|p2|Lokix, M|
|poke|p2|Dragapult, M|
|poke|p2|Corviknight, M|
|teampreview
|inactive|Battle timer is ON: inactive players will automatically lose when time's up. (requested by vryfast)
|
|t:|1743923504
|start
|switch|p1a: Landorus|Landorus-Therian, M|100/100
|switch|p2a: Iron Crown|Iron Crown|100/100
|-ability|p1a: Landorus|Intimidate|boost
|-unboost|p2a: Iron Crown|atk|1
|turn|1
|
|t:|1743923517
|-end|p2a: Iron Crown|Quark Drive|[silent]
|switch|p2a: Corviknight|Corviknight, M, shiny|100/100
|move|p1a: Landorus|U-turn|p2a: Corviknight
|-resisted|p2a: Corviknight
|-damage|p2a: Corviknight|95/100
|
|t:|1743923535
|switch|p1a: Typhlosion|Typhlosion-Hisui, M|100/100|[from] U-turn
|-item|p2a: Corviknight|Leftovers|[from] ability: Frisk|[of] p1a: Typhlosion
|
|-heal|p2a: Corviknight|100/100|[from] item: Leftovers
|upkeep
|turn|2
|
|t:|1743923543
|switch|p2a: Cramorant|Cramorant, M, shiny|100/100
|move|p1a: Typhlosion|Eruption|p2a: Cramorant
|-resisted|p2a: Cramorant
|-damage|p2a: Cramorant|62/100
|
|-heal|p2a: Cramorant|68/100|[from] item: Leftovers
|upkeep
|turn|3
|
|t:|1743923553
|-terastallize|p1a: Typhlosion|Fire
|move|p1a: Typhlosion|Eruption|p2a: Cramorant
|-resisted|p2a: Cramorant
|-damage|p2a: Cramorant|10/100
|move|p2a: Cramorant|Dive||[still]
|-formechange|p2a: Cramorant|Cramorant-Gorging|
|-prepare|p2a: Cramorant|Dive
|
|-heal|p2a: Cramorant|16/100|[from] item: Leftovers
|upkeep
|turn|4
|
|t:|1743923567
|switch|p1a: Tatsugiri|Tatsugiri-Stretchy, F|100/100
|move|p2a: Cramorant|Dive|p1a: Tatsugiri|[from] lockedmove
|-ability|p1a: Tatsugiri|Storm Drain|boost
|-boost|p1a: Tatsugiri|spa|1
|
|-heal|p2a: Cramorant|23/100|[from] item: Leftovers
|upkeep
|turn|5
|
|t:|1743923576
|move|p2a: Cramorant|Roost|p2a: Cramorant
|-heal|p2a: Cramorant|73/100
|-singleturn|p2a: Cramorant|move: Roost
|move|p1a: Tatsugiri|Rapid Spin|p2a: Cramorant
|-damage|p2a: Cramorant|62/100
|-boost|p1a: Tatsugiri|spe|1
|-damage|p1a: Tatsugiri|76/100|[from] ability: Gulp Missile|[of] p2a: Cramorant
|-status|p1a: Tatsugiri|par
|-formechange|p2a: Cramorant|Cramorant|
|
|-heal|p2a: Cramorant|69/100|[from] item: Leftovers
|upkeep
|turn|6
|
|t:|1743923593
|move|p2a: Cramorant|Brave Bird|p1a: Tatsugiri
|-damage|p1a: Tatsugiri|0 fnt
|faint|p1a: Tatsugiri
|-damage|p2a: Cramorant|48/100|[from] Recoil
|
|-heal|p2a: Cramorant|55/100|[from] item: Leftovers
|upkeep
|
|t:|1743923600
|switch|p1a: Typhlosion|Typhlosion-Hisui, M, tera:Fire|100/100
|-item|p2a: Cramorant|Leftovers|[from] ability: Frisk|[of] p1a: Typhlosion
|turn|7
|
|t:|1743923605
|move|p1a: Typhlosion|Eruption|p2a: Cramorant
|-resisted|p2a: Cramorant
|-damage|p2a: Cramorant|0 fnt
|faint|p2a: Cramorant
|
|upkeep
|
|t:|1743923611
|switch|p2a: Dragapult|Dragapult, M, shiny|100/100
|turn|8
|
|t:|1743923618
|move|p1a: Typhlosion|Eruption|p2a: Dragapult
|-resisted|p2a: Dragapult
|-damage|p2a: Dragapult|25/100
|move|p2a: Dragapult|Dragon Darts|p1a: Typhlosion
|-crit|p1a: Typhlosion
|-damage|p1a: Typhlosion|24/100
|-anim|p2a: Dragapult|Dragon Darts|p1a: Typhlosion
|-damage|p1a: Typhlosion|0 fnt
|faint|p1a: Typhlosion
|
|upkeep
|
|t:|1743923637
|switch|p1a: Landorus|Landorus-Therian, M|100/100
|-ability|p1a: Landorus|Intimidate|boost
|-fail|p2a: Dragapult|unboost|[from] ability: Clear Body|[of] p2a: Dragapult
|turn|9
|
|t:|1743923649
|-terastallize|p2a: Dragapult|Dragon
|move|p1a: Landorus|U-turn|p2a: Dragapult
|-damage|p2a: Dragapult|0 fnt
|faint|p2a: Dragapult
|
|t:|1743923663
|switch|p1a: Weavile|Weavile, F|100/100|[from] U-turn
|-ability|p1a: Weavile|Pressure
|
|upkeep
|
|t:|1743923679
|switch|p2a: Iron Crown|Iron Crown|100/100
|turn|10
|
|t:|1743923685
|move|p1a: Weavile|Swords Dance|p1a: Weavile
|-boost|p1a: Weavile|atk|2
|move|p2a: Iron Crown|Tachyon Cutter|p1a: Weavile
|-supereffective|p1a: Weavile
|-damage|p1a: Weavile|10/100
|-supereffective|p1a: Weavile
|-damage|p1a: Weavile|0 fnt
|faint|p1a: Weavile
|-hitcount|p1: Weavile|2
|
|upkeep
|
|t:|1743923694
|switch|p1a: Landorus|Landorus-Therian, M|100/100
|-ability|p1a: Landorus|Intimidate|boost
|-unboost|p2a: Iron Crown|atk|1
|turn|11
|
|t:|1743923700
|move|p1a: Landorus|Earthquake|p2a: Iron Crown
|-supereffective|p2a: Iron Crown
|-damage|p2a: Iron Crown|0 fnt
|faint|p2a: Iron Crown
|-end|p2a: Iron Crown|Quark Drive|[silent]
|
|upkeep
|
|t:|1743923706
|switch|p2a: Hydrapple|Hydrapple, M, shiny|100/100
|turn|12
|
|t:|1743923711
|switch|p1a: Mandibuzz|Mandibuzz, F|100/100
|move|p2a: Hydrapple|Fickle Beam|p1a: Mandibuzz
|-damage|p1a: Mandibuzz|71/100
|
|upkeep
|turn|13
|
|t:|1743923718
|move|p1a: Mandibuzz|Toxic|p2a: Hydrapple
|-status|p2a: Hydrapple|tox
|move|p2a: Hydrapple|Fickle Beam|p1a: Mandibuzz
|-damage|p1a: Mandibuzz|42/100
|
|-damage|p2a: Hydrapple|94/100 tox|[from] psn
|upkeep
|turn|14
|
|t:|1743923729
|move|p1a: Mandibuzz|U-turn|p2a: Hydrapple
|-supereffective|p2a: Hydrapple
|-damage|p2a: Hydrapple|76/100 tox
|
|t:|1743923733
|switch|p1a: Landorus|Landorus-Therian, M|100/100|[from] U-turn
|-ability|p1a: Landorus|Intimidate|boost
|-unboost|p2a: Hydrapple|atk|1
|move|p2a: Hydrapple|Fickle Beam|p1a: Landorus
|-damage|p1a: Landorus|42/100
|
|-heal|p2a: Hydrapple|82/100 tox|[from] item: Leftovers
|-damage|p2a: Hydrapple|70/100 tox|[from] psn
|upkeep
|turn|15
|
|t:|1743923750
|move|p1a: Landorus|Outrage|p2a: Hydrapple
|-supereffective|p2a: Hydrapple
|-damage|p2a: Hydrapple|0 fnt
|faint|p2a: Hydrapple
|
|upkeep
|
|t:|1743923757
|switch|p2a: Lokix|Lokix, M|100/100
|turn|16
|
|t:|1743923763
|move|p2a: Lokix|First Impression|p1a: Landorus
|-resisted|p1a: Landorus
|-damage|p1a: Landorus|0 fnt
|faint|p1a: Landorus
|
|upkeep
|
|t:|1743923767
|switch|p1a: Mandibuzz|Mandibuzz, F|42/100
|turn|17
|
|t:|1743923771
|move|p2a: Lokix|U-turn|p1a: Mandibuzz
|-damage|p1a: Mandibuzz|16/100
|
|t:|1743923774
|switch|p2a: Corviknight|Corviknight, M, shiny|100/100|[from] U-turn
|move|p1a: Mandibuzz|U-turn|p2a: Corviknight
|-resisted|p2a: Corviknight
|-damage|p2a: Corviknight|98/100
|
|t:|1743923780
|switch|p1a: Latios|Latios, M, shiny|100/100|[from] U-turn
|
|-heal|p2a: Corviknight|100/100|[from] item: Leftovers
|upkeep
|turn|18
|
|t:|1743923789
|move|p1a: Latios|Thunderbolt|p2a: Corviknight
|-supereffective|p2a: Corviknight
|-damage|p2a: Corviknight|53/100
|move|p2a: Corviknight|Bulk Up|p2a: Corviknight
|-boost|p2a: Corviknight|atk|1
|-boost|p2a: Corviknight|def|1
|
|-heal|p2a: Corviknight|60/100|[from] item: Leftovers
|upkeep
|turn|19
|
|t:|1743923800
|move|p1a: Latios|Thunderbolt|p2a: Corviknight
|-supereffective|p2a: Corviknight
|-damage|p2a: Corviknight|15/100
|move|p2a: Corviknight|Iron Head|p1a: Latios
|-damage|p1a: Latios|52/100
|
|-heal|p2a: Corviknight|21/100|[from] item: Leftovers
|upkeep
|turn|20
|
|t:|1743923808
|move|p1a: Latios|Thunderbolt|p2a: Corviknight
|-supereffective|p2a: Corviknight
|-damage|p2a: Corviknight|0 fnt
|faint|p2a: Corviknight
|
|upkeep
|
|t:|1743923811
|switch|p2a: Lokix|Lokix, M|100/100
|turn|21
|
|t:|1743923817
|switch|p1a: Mandibuzz|Mandibuzz, F|16/100
|move|p2a: Lokix|First Impression|p1a: Mandibuzz
|-damage|p1a: Mandibuzz|0 fnt
|faint|p1a: Mandibuzz
|
|upkeep
|
|t:|1743923823
|switch|p1a: Latios|Latios, M, shiny|52/100
|turn|22
|
|t:|1743923831
|move|p1a: Latios|Dragon Pulse|p2a: Lokix
|-damage|p2a: Lokix|7/100
|move|p2a: Lokix|Knock Off|p1a: Latios
|-supereffective|p1a: Latios
|-damage|p1a: Latios|0 fnt
|-enditem|p1a: Latios|Choice Scarf|[from] move: Knock Off|[of] p2a: Lokix
|faint|p1a: Latios
|
|win|Samurai fish69
|raw|vryfast's rating: 1178 &rarr; <strong>1153</strong><br />(-25 for losing)
|raw|Samurai fish69's rating: 1179 &rarr; <strong>1204</strong><br />(+25 for winning)
|l|‽Samurai fish69
|player|p2|
|c|☆vryfast|Gg
|l|☆vryfast
|player|p1|
