|j|☆45worldd
|j|☆vex chan
|t:|1743790861
|gametype|singles
|player|p1|45worldd|jupiter|1474
|player|p2|vex chan|101|1492
|teamsize|p1|6
|teamsize|p2|6
|gen|9
|tier|[Gen 9] OU
|rated|
|rule|HP Percentage Mod: HP is shown in percentages
|rule|Endless Battle Clause: Forcing endless battles is banned
|rule|Species Clause: Limit one of each Pokémon
|rule|OHKO Clause: OHKO moves are banned
|rule|Evasion Items Clause: Evasion items are banned
|rule|Evasion Moves Clause: Evasion moves are banned
|rule|Sleep Moves Clause: Sleep-inducing moves are banned
|clearpoke
|poke|p1|Walking Wake|
|poke|p1|Whimsicott, F|
|poke|p1|Ninetales, M|
|poke|p1|Great Tusk|
|poke|p1|Comfey, F|
|poke|p1|Arboliva, M|
|poke|p2|Torkoal, M|
|poke|p2|Walking Wake|
|poke|p2|Raging Bolt|
|poke|p2|Weavile, M|
|poke|p2|Great Tusk|
|poke|p2|Kingambit, F|
|teampreview
|
|t:|1743790889
|start
|switch|p1a: Walking Wake|Walking Wake|100/100
|switch|p2a: Walking Wake|Walking Wake|100/100
|turn|1
|
|t:|1743790902
|-terastallize|p2a: Walking Wake|Water
|move|p2a: Walking Wake|Draco Meteor|p1a: Walking Wake
|-supereffective|p1a: Walking Wake
|-damage|p1a: Walking Wake|0 fnt
|-unboost|p2a: Walking Wake|spa|2
|faint|p1a: Walking Wake
|-end|p1a: Walking Wake|Protosynthesis|[silent]
|
|upkeep
|
|t:|1743790916
|switch|p1a: Comfey|Comfey, F|100/100
|turn|2
|
|t:|1743790926
|-end|p2a: Walking Wake|Protosynthesis|[silent]
|switch|p2a: Torkoal|Torkoal, M|100/100
|-weather|SunnyDay|[from] ability: Drought|[of] p2a: Torkoal
|move|p1a: Comfey|Growth|p1a: Comfey
|-boost|p1a: Comfey|atk|2
|-boost|p1a: Comfey|spa|2
|
|-weather|SunnyDay|[upkeep]
|upkeep
|turn|3
|
|t:|1743790934
|move|p1a: Comfey|Growth|p1a: Comfey
|-boost|p1a: Comfey|atk|2
|-boost|p1a: Comfey|spa|2
|move|p2a: Torkoal|Lava Plume|p1a: Comfey
|-damage|p1a: Comfey|62/100
|-status|p1a: Comfey|brn
|
|-weather|SunnyDay|[upkeep]
|-damage|p1a: Comfey|56/100 brn|[from] brn
|upkeep
|turn|4
|
|t:|1743790944
|move|p1a: Comfey|Draining Kiss|p2a: Torkoal
|-resisted|p2a: Torkoal
|-crit|p2a: Torkoal
|-damage|p2a: Torkoal|16/100
|-heal|p1a: Comfey|100/100 brn|[from] drain|[of] p2a: Torkoal
|-damage|p1a: Comfey|91/100 brn|[from] item: Life Orb
|move|p2a: Torkoal|Lava Plume|p1a: Comfey
|-damage|p1a: Comfey|49/100 brn
|
|-weather|SunnyDay|[upkeep]
|-damage|p1a: Comfey|43/100 brn|[from] brn
|upkeep
|turn|5
|
|t:|1743790955
|move|p1a: Comfey|Draining Kiss|p2a: Torkoal
|-resisted|p2a: Torkoal
|-damage|p2a: Torkoal|0 fnt
|-heal|p1a: Comfey|57/100 brn|[from] drain|[of] p2a: Torkoal
|faint|p2a: Torkoal
|-damage|p1a: Comfey|47/100 brn|[from] item: Life Orb
|
|-weather|SunnyDay|[upkeep]
|-damage|p1a: Comfey|41/100 brn|[from] brn
|upkeep
|
|t:|1743790970
|switch|p2a: Walking Wake|Walking Wake, tera:Water|100/100
|-activate|p2a: Walking Wake|ability: Protosynthesis
|-start|p2a: Walking Wake|protosynthesisspe
|turn|6
|
|t:|1743790974
|move|p1a: Comfey|Draining Kiss|p2a: Walking Wake
|-damage|p2a: Walking Wake|8/100
|-heal|p1a: Comfey|100/100 brn|[from] drain|[of] p2a: Walking Wake
|-damage|p1a: Comfey|91/100 brn|[from] item: Life Orb
|move|p2a: Walking Wake|Hydro Steam|p1a: Comfey
|-damage|p1a: Comfey|0 fnt
|faint|p1a: Comfey
|
|-weather|SunnyDay|[upkeep]
|upkeep
|
|t:|1743790986
|switch|p1a: Whimsicott|Whimsicott, F|100/100
|turn|7
|
|t:|1743790998
|-end|p2a: Walking Wake|Protosynthesis|[silent]
|switch|p2a: Kingambit|Kingambit, F|100/100
|-activate|p2a: Kingambit|ability: Supreme Overlord
|-start|p2a: Kingambit|fallen1|[silent]
|move|p1a: Whimsicott|Giga Drain|p2a: Kingambit
|-resisted|p2a: Kingambit
|-damage|p2a: Kingambit|77/100
|-damage|p1a: Whimsicott|91/100|[from] item: Life Orb
|
|-weather|SunnyDay|[upkeep]
|-heal|p2a: Kingambit|83/100|[from] item: Leftovers
|upkeep
|turn|8
|
|t:|1743791024
|switch|p1a: Great Tusk|Great Tusk|100/100
|-activate|p1a: Great Tusk|ability: Protosynthesis
|-start|p1a: Great Tusk|protosynthesisspe
|-end|p2a: Kingambit|fallen1|[silent]
|switch|p2a: Walking Wake|Walking Wake, tera:Water|8/100
|-activate|p2a: Walking Wake|ability: Protosynthesis
|-start|p2a: Walking Wake|protosynthesisspe
|
|-weather|SunnyDay|[upkeep]
|upkeep
|turn|9
|
|t:|1743791044
|-end|p1a: Great Tusk|Protosynthesis|[silent]
|switch|p1a: Arboliva|Arboliva, M|100/100
|move|p2a: Walking Wake|Hydro Steam|p1a: Arboliva
|-resisted|p1a: Arboliva
|-damage|p1a: Arboliva|47/100
|
|-weather|none
|-end|p2a: Walking Wake|Protosynthesis
|upkeep
|turn|10
|
|t:|1743791055
|-end|p2a: Walking Wake|Protosynthesis|[silent]
|switch|p2a: Weavile|Weavile, M|100/100
|-ability|p2a: Weavile|Pressure
|move|p1a: Arboliva|Earth Power|p2a: Weavile
|-damage|p2a: Weavile|51/100
|
|upkeep
|turn|11
|
|t:|1743791064
|move|p1a: Arboliva|Endure|p1a: Arboliva
|-singleturn|p1a: Arboliva|move: Endure
|move|p2a: Weavile|Knock Off|p1a: Arboliva
|-activate|p1a: Arboliva|move: Endure
|-damage|p1a: Arboliva|1/100
|-enditem|p1a: Arboliva|Custap Berry|[from] move: Knock Off|[of] p2a: Weavile
|
|upkeep
|turn|12
|
|t:|1743791074
|switch|p1a: Great Tusk|Great Tusk|100/100
|move|p2a: Weavile|Ice Shard|p1a: Great Tusk
|-supereffective|p1a: Great Tusk
|-damage|p1a: Great Tusk|71/100
|
|upkeep
|turn|13
|
|t:|1743791082
|move|p2a: Weavile|Triple Axel|p1a: Great Tusk
|-supereffective|p1a: Great Tusk
|-damage|p1a: Great Tusk|54/100
|-damage|p2a: Weavile|35/100|[from] item: Rocky Helmet|[of] p1a: Great Tusk
|-supereffective|p1a: Great Tusk
|-damage|p1a: Great Tusk|25/100
|-damage|p2a: Weavile|19/100|[from] item: Rocky Helmet|[of] p1a: Great Tusk
|-supereffective|p1a: Great Tusk
|-damage|p1a: Great Tusk|0 fnt
|-damage|p2a: Weavile|2/100|[from] item: Rocky Helmet|[of] p1a: Great Tusk
|faint|p1a: Great Tusk
|-end|p1a: Great Tusk|Protosynthesis|[silent]
|-hitcount|p1: Great Tusk|3
|
|upkeep
|
|t:|1743791091
|switch|p1a: Ninetales|Ninetales, M|100/100
|-weather|SunnyDay|[from] ability: Drought|[of] p1a: Ninetales
|turn|14
|
|t:|1743791100
|move|p2a: Weavile|Knock Off|p1a: Ninetales
|-damage|p1a: Ninetales|46/100
|-enditem|p1a: Ninetales|Heat Rock|[from] move: Knock Off|[of] p2a: Weavile
|move|p1a: Ninetales|Weather Ball|p2a: Weavile
|-supereffective|p2a: Weavile
|-damage|p2a: Weavile|0 fnt
|faint|p2a: Weavile
|
|-weather|SunnyDay|[upkeep]
|upkeep
|
|t:|1743791114
|switch|p2a: Raging Bolt|Raging Bolt|100/100
|-activate|p2a: Raging Bolt|ability: Protosynthesis
|-start|p2a: Raging Bolt|protosynthesisspa
|turn|15
|
|t:|1743791122
|move|p2a: Raging Bolt|Thunderclap||[still]
|-fail|p2a: Raging Bolt
|move|p1a: Ninetales|Encore|p2a: Raging Bolt
|-start|p2a: Raging Bolt|Encore
|
|-weather|SunnyDay|[upkeep]
|upkeep
|turn|16
|
|t:|1743791128
|-end|p2a: Raging Bolt|Protosynthesis|[silent]
|switch|p2a: Walking Wake|Walking Wake, tera:Water|8/100
|-activate|p2a: Walking Wake|ability: Protosynthesis
|-start|p2a: Walking Wake|protosynthesisspe
|move|p1a: Ninetales|Healing Wish|p1a: Ninetales
|faint|p1a: Ninetales
|
|-weather|SunnyDay|[upkeep]
|upkeep
|
|t:|1743791130
|switch|p1a: Whimsicott|Whimsicott, F|91/100
|-heal|p1a: Whimsicott|100/100|[from] move: Healing Wish
|turn|17
|
|t:|1743791137
|move|p1a: Whimsicott|Moonblast|p2a: Walking Wake
|-damage|p2a: Walking Wake|0 fnt
|faint|p2a: Walking Wake
|-end|p2a: Walking Wake|Protosynthesis|[silent]
|-damage|p1a: Whimsicott|91/100|[from] item: Life Orb
|
|-weather|SunnyDay|[upkeep]
|upkeep
|
|t:|1743791143
|switch|p2a: Raging Bolt|Raging Bolt|100/100
|-activate|p2a: Raging Bolt|ability: Protosynthesis
|-start|p2a: Raging Bolt|protosynthesisspa
|turn|18
|
|t:|1743791147
|move|p1a: Whimsicott|Growth|p1a: Whimsicott
|-boost|p1a: Whimsicott|atk|2
|-boost|p1a: Whimsicott|spa|2
|move|p2a: Raging Bolt|Weather Ball|p1a: Whimsicott
|-supereffective|p1a: Whimsicott
|-damage|p1a: Whimsicott|0 fnt
|faint|p1a: Whimsicott
|
|-weather|SunnyDay|[upkeep]
|upkeep
|-message|45worldd forfeited.
|
|win|vex chan
|raw|45worldd's rating: 1474 &rarr; <strong>1455</strong><br />(-19 for losing)
|raw|vex chan's rating: 1492 &rarr; <strong>1511</strong><br />(+19 for winning)
|l|☆45worldd
|player|p1|
|l|☆vex chan
|player|p2|
