|j|☆Pablofromportluis
|j|☆Stotochi
|t:|1743893729
|gametype|singles
|player|p1|Pablofromportluis|scientist-gen4|1330
|player|p2|Stotochi|101|1368
|teamsize|p1|6
|teamsize|p2|6
|gen|9
|tier|[Gen 9] OU
|rated|
|rule|HP Percentage Mod: HP is shown in percentages
|rule|Endless Battle Clause: Forcing endless battles is banned
|rule|Species Clause: Limit one of each Pokémon
|rule|OHKO Clause: OHKO moves are banned
|rule|Evasion Items Clause: Evasion items are banned
|rule|Evasion Moves Clause: Evasion moves are banned
|rule|Sleep Moves Clause: Sleep-inducing moves are banned
|clearpoke
|poke|p1|Garganacl, M|
|poke|p1|Weezing-Galar, F|
|poke|p1|Corviknight, M|
|poke|p1|Dragapult, M|
|poke|p1|Slowking-Galar, M|
|poke|p1|Samurott-Hisui, F|
|poke|p2|Staraptor, F|
|poke|p2|Tinkaton, F|
|poke|p2|Krookodile, M|
|poke|p2|Arcanine, F|
|poke|p2|Galvantula, M|
|poke|p2|Rillaboom, F|
|teampreview
|inactive|Battle timer is ON: inactive players will automatically lose when time's up. (requested by Stotochi)
|
|t:|1743893756
|start
|switch|p1a: Acupuncturist|Samurott-Hisui, F|100/100
|switch|p2a: Tinkaton|Tinkaton, F|100/100
|-ability|p2a: Tinkaton|Mold Breaker
|turn|1
|
|t:|1743893761
|move|p1a: Acupuncturist|Flip Turn|p2a: Tinkaton
|-damage|p2a: Tinkaton|60/100
|
|t:|1743893764
|switch|p1a: Plague Doctor|Corviknight, M|100/100|[from] Flip Turn
|-ability|p1a: Plague Doctor|Pressure
|move|p2a: Tinkaton|Play Rough|p1a: Plague Doctor
|-resisted|p1a: Plague Doctor
|-damage|p1a: Plague Doctor|91/100
|-damage|p2a: Tinkaton|44/100|[from] item: Rocky Helmet|[of] p1a: Plague Doctor
|
|upkeep
|turn|2
|
|t:|1743893774
|move|p2a: Tinkaton|Swords Dance|p2a: Tinkaton
|-boost|p2a: Tinkaton|atk|2
|move|p1a: Plague Doctor|Body Press|p2a: Tinkaton
|-damage|p2a: Tinkaton|6/100
|
|upkeep
|turn|3
|
|t:|1743893780
|move|p2a: Tinkaton|Gigaton Hammer|p1a: Plague Doctor
|-resisted|p1a: Plague Doctor
|-damage|p1a: Plague Doctor|49/100
|move|p1a: Plague Doctor|Roost|p1a: Plague Doctor
|-heal|p1a: Plague Doctor|99/100
|-singleturn|p1a: Plague Doctor|move: Roost
|
|upkeep
|turn|4
|
|t:|1743893784
|move|p2a: Tinkaton|Protect|p2a: Tinkaton
|-singleturn|p2a: Tinkaton|Protect
|move|p1a: Plague Doctor|Roost|p1a: Plague Doctor
|-heal|p1a: Plague Doctor|100/100
|-singleturn|p1a: Plague Doctor|move: Roost
|
|upkeep
|turn|5
|
|t:|1743893787
|move|p2a: Tinkaton|Gigaton Hammer|p1a: Plague Doctor
|-resisted|p1a: Plague Doctor
|-damage|p1a: Plague Doctor|54/100
|move|p1a: Plague Doctor|Roost|p1a: Plague Doctor
|-heal|p1a: Plague Doctor|100/100
|-singleturn|p1a: Plague Doctor|move: Roost
|
|upkeep
|turn|6
|
|t:|1743893791
|move|p2a: Tinkaton|Swords Dance|p2a: Tinkaton
|-boost|p2a: Tinkaton|atk|2
|move|p1a: Plague Doctor|Iron Defense|p1a: Plague Doctor
|-boost|p1a: Plague Doctor|def|2
|
|upkeep
|turn|7
|
|t:|1743893800
|switch|p2a: Galvantula|Galvantula, M|100/100
|move|p1a: Plague Doctor|Body Press|p2a: Galvantula
|-resisted|p2a: Galvantula
|-damage|p2a: Galvantula|50/100
|
|upkeep
|turn|8
|
|t:|1743893807
|switch|p1a: Trudeau-king|Slowking-Galar, M|100/100
|move|p2a: Galvantula|Sticky Web|p1a: Trudeau-king
|-sidestart|p1: Pablofromportluis|move: Sticky Web
|
|upkeep
|turn|9
|
|t:|1743893812
|switch|p2a: Tinkaton|Tinkaton, F|6/100
|-ability|p2a: Tinkaton|Mold Breaker
|move|p1a: Trudeau-king|Sludge Bomb|p2a: Tinkaton
|-immune|p2a: Tinkaton
|
|upkeep
|turn|10
|
|t:|1743893820
|switch|p2a: Galvantula|Galvantula, M|50/100
|move|p1a: Trudeau-king|Psychic Noise|p2a: Galvantula
|-damage|p2a: Galvantula|0 fnt
|faint|p2a: Galvantula
|
|upkeep
|
|t:|1743893825
|switch|p2a: Krookodile|Krookodile, M|100/100
|-ability|p2a: Krookodile|Intimidate|boost
|-unboost|p1a: Trudeau-king|atk|1
|turn|11
|
|t:|1743893832
|switch|p2a: Arcanine|Arcanine, F|100/100
|-ability|p2a: Arcanine|Intimidate|boost
|-unboost|p1a: Trudeau-king|atk|1
|switch|p1a: Plague Doctor|Corviknight, M|100/100
|-ability|p1a: Plague Doctor|Pressure
|
|upkeep
|turn|12
|
|t:|1743893836
|switch|p1a: Dr. Garg|Garganacl, M|100/100
|-activate|p1a: Dr. Garg|move: Sticky Web
|-unboost|p1a: Dr. Garg|spe|1
|move|p2a: Arcanine|Raging Fury|p1a: Dr. Garg
|-resisted|p1a: Dr. Garg
|-damage|p1a: Dr. Garg|72/100
|
|-heal|p1a: Dr. Garg|78/100|[from] item: Leftovers
|upkeep
|turn|13
|
|t:|1743893840
|move|p2a: Arcanine|Raging Fury|p1a: Dr. Garg|[from] lockedmove
|-resisted|p1a: Dr. Garg
|-damage|p1a: Dr. Garg|52/100
|-start|p2a: Arcanine|confusion|[fatigue]
|move|p1a: Dr. Garg|Salt Cure|p2a: Arcanine
|-supereffective|p2a: Arcanine
|-damage|p2a: Arcanine|63/100
|-start|p2a: Arcanine|Salt Cure
|
|-heal|p1a: Dr. Garg|58/100|[from] item: Leftovers
|-damage|p2a: Arcanine|50/100|[from] Salt Cure
|upkeep
|turn|14
|
|t:|1743893843
|switch|p2a: Tinkaton|Tinkaton, F|6/100
|-ability|p2a: Tinkaton|Mold Breaker
|move|p1a: Dr. Garg|Protect||[still]
|-fail|p1a: Dr. Garg
|
|-heal|p1a: Dr. Garg|65/100|[from] item: Leftovers
|upkeep
|turn|15
|
|t:|1743893847
|move|p1a: Dr. Garg|Protect|p1a: Dr. Garg
|-singleturn|p1a: Dr. Garg|Protect
|move|p2a: Tinkaton|Swords Dance|p2a: Tinkaton
|-boost|p2a: Tinkaton|atk|2
|
|-heal|p1a: Dr. Garg|71/100|[from] item: Leftovers
|upkeep
|turn|16
|
|t:|1743893857
|switch|p1a: Plague Doctor|Corviknight, M|100/100
|-ability|p1a: Plague Doctor|Pressure
|move|p2a: Tinkaton|Swords Dance|p2a: Tinkaton
|-boost|p2a: Tinkaton|atk|2
|
|upkeep
|turn|17
|
|t:|1743893862
|move|p2a: Tinkaton|Gigaton Hammer|p1a: Plague Doctor
|-resisted|p1a: Plague Doctor
|-damage|p1a: Plague Doctor|29/100
|move|p1a: Plague Doctor|Roost|p1a: Plague Doctor
|-heal|p1a: Plague Doctor|79/100
|-singleturn|p1a: Plague Doctor|move: Roost
|
|upkeep
|turn|18
|
|t:|1743893868
|move|p2a: Tinkaton|Swords Dance|p2a: Tinkaton
|-boost|p2a: Tinkaton|atk|2
|move|p1a: Plague Doctor|Iron Defense|p1a: Plague Doctor
|-boost|p1a: Plague Doctor|def|2
|
|upkeep
|turn|19
|
|t:|1743893872
|move|p2a: Tinkaton|Gigaton Hammer|p1a: Plague Doctor
|-resisted|p1a: Plague Doctor
|-damage|p1a: Plague Doctor|33/100
|move|p1a: Plague Doctor|Roost|p1a: Plague Doctor
|-heal|p1a: Plague Doctor|83/100
|-singleturn|p1a: Plague Doctor|move: Roost
|
|upkeep
|turn|20
|-message|Stotochi forfeited.
|
|win|Pablofromportluis
|raw|Pablofromportluis's rating: 1330 &rarr; <strong>1352</strong><br />(+22 for winning)
|raw|Stotochi's rating: 1368 &rarr; <strong>1346</strong><br />(-22 for losing)
|l|☆Stotochi
|player|p2|
|l|☆Pablofromportluis
|player|p1|
