|badge|p2|bronze|gen9ou|100-5
|uhtml|medal-msg|<div class="broadcast-blue">Curious what those medals under the avatar are? PS now has Ladder Seasons! For more information, check out the <a href="https://www.smogon.com/forums/threads/3740067/">thread on Smogon.</a></div>
|j|☆teamskullenoxa
|j|☆Sebas99sevilla
|t:|1743794078
|gametype|singles
|player|p1|teamskullenoxa|101|1756
|player|p2|Sebas99sevilla|linebacker|1799
|teamsize|p1|6
|teamsize|p2|6
|gen|9
|tier|[Gen 9] OU
|rated|
|rule|HP Percentage Mod: HP is shown in percentages
|rule|Endless Battle Clause: Forcing endless battles is banned
|rule|Species Clause: Limit one of each Pokémon
|rule|OHKO Clause: OHKO moves are banned
|rule|Evasion Items Clause: Evasion items are banned
|rule|Evasion Moves Clause: Evasion moves are banned
|rule|Sleep Moves Clause: Sleep-inducing moves are banned
|clearpoke
|poke|p1|Typhlosion-Hisui, M|
|poke|p1|Hatterene, F|
|poke|p1|Torkoal, F|
|poke|p1|Lilligant-Hisui, F|
|poke|p1|Landorus-Therian, M|
|poke|p1|Walking Wake|
|poke|p2|Diancie|
|poke|p2|Kyurem|
|poke|p2|Necrozma|
|poke|p2|Hatterene, F|
|poke|p2|Iron Hands|
|poke|p2|Landorus-Therian, M|
|teampreview
|j| stierball
|inactive|Battle timer is ON: inactive players will automatically lose when time's up. (requested by Sebas99sevilla)
|
|t:|1743794111
|start
|switch|p1a: Torkoal|Torkoal, F|100/100
|switch|p2a: Kyurem|Kyurem|100/100
|-ability|p2a: Kyurem|Pressure
|-weather|SunnyDay|[from] ability: Drought|[of] p1a: Torkoal
|turn|1
|
|t:|1743794118
|move|p2a: Kyurem|Earth Power|p1a: Torkoal
|-supereffective|p1a: Torkoal
|-damage|p1a: Torkoal|53/100
|move|p1a: Torkoal|Body Press|p2a: Kyurem
|-supereffective|p2a: Kyurem
|-damage|p2a: Kyurem|47/100
|
|-weather|SunnyDay|[upkeep]
|upkeep
|turn|2
|
|t:|1743794125
|switch|p2a: Landorus|Landorus-Therian, M|100/100
|-ability|p2a: Landorus|Intimidate|boost
|-unboost|p1a: Torkoal|atk|1
|switch|p1a: Hatterene|Hatterene, F|100/100
|
|-weather|SunnyDay|[upkeep]
|upkeep
|turn|3
|
|t:|1743794130
|move|p2a: Landorus|Earth Power|p1a: Hatterene
|-damage|p1a: Hatterene|67/100
|-enditem|p1a: Hatterene|Eject Button
|
|t:|1743794140
|switch|p1a: Walking Wake|Walking Wake|100/100
|-activate|p1a: Walking Wake|ability: Protosynthesis
|-start|p1a: Walking Wake|protosynthesisspa
|
|-weather|SunnyDay|[upkeep]
|upkeep
|turn|4
|
|t:|1743794144
|switch|p2a: Kyurem|Kyurem|47/100
|-ability|p2a: Kyurem|Pressure
|move|p1a: Walking Wake|Hydro Steam|p2a: Kyurem
|-resisted|p2a: Kyurem
|-damage|p2a: Kyurem|8/100
|
|-weather|SunnyDay|[upkeep]
|upkeep
|turn|5
|
|t:|1743794148
|move|p1a: Walking Wake|Hydro Steam|p2a: Kyurem
|-resisted|p2a: Kyurem
|-damage|p2a: Kyurem|0 fnt
|faint|p2a: Kyurem
|
|-weather|SunnyDay|[upkeep]
|upkeep
|
|t:|1743794153
|switch|p2a: Diancie|Diancie|100/100
|turn|6
|
|t:|1743794164
|-terastallize|p2a: Diancie|Grass
|move|p1a: Walking Wake|Hydro Steam|p2a: Diancie
|-resisted|p2a: Diancie
|-damage|p2a: Diancie|65/100
|move|p2a: Diancie|Moonblast|p1a: Walking Wake
|-supereffective|p1a: Walking Wake
|-damage|p1a: Walking Wake|0 fnt
|faint|p1a: Walking Wake
|-end|p1a: Walking Wake|Protosynthesis|[silent]
|
|-weather|SunnyDay|[upkeep]
|upkeep
|
|t:|1743794166
|switch|p1a: Typhlosion|Typhlosion-Hisui, M|100/100
|turn|7
|
|t:|1743794174
|switch|p2a: Landorus|Landorus-Therian, M|100/100
|-ability|p2a: Landorus|Intimidate|boost
|-unboost|p1a: Typhlosion|atk|1
|-terastallize|p1a: Typhlosion|Fire
|move|p1a: Typhlosion|Eruption|p2a: Landorus
|-damage|p2a: Landorus|0 fnt
|faint|p2a: Landorus
|
|-weather|SunnyDay|[upkeep]
|upkeep
|
|t:|1743794183
|switch|p2a: El Manitas|Iron Hands, shiny|100/100
|-enditem|p2a: El Manitas|Booster Energy
|-activate|p2a: El Manitas|ability: Quark Drive|[fromitem]
|-start|p2a: El Manitas|quarkdriveatk
|turn|8
|
|t:|1743794185
|move|p1a: Typhlosion|Eruption|p2a: El Manitas
|-damage|p2a: El Manitas|0 fnt
|faint|p2a: El Manitas
|-end|p2a: El Manitas|Quark Drive|[silent]
|
|-weather|none
|upkeep
|
|t:|1743794198
|switch|p2a: Necrozma|Necrozma|100/100
|turn|9
|
|t:|1743794199
|move|p1a: Typhlosion|Eruption|p2a: Necrozma
|-damage|p2a: Necrozma|0 fnt
|faint|p2a: Necrozma
|
|upkeep
|
|t:|1743794202
|switch|p2a: Rebeca|Hatterene, F, shiny|100/100
|turn|10
|
|t:|1743794205
|move|p1a: Typhlosion|Eruption|p2a: Rebeca
|-damage|p2a: Rebeca|0 fnt
|faint|p2a: Rebeca
|
|upkeep
|c|☆Sebas99sevilla|Gg lol
|-message|Sebas99sevilla forfeited.
|
|win|teamskullenoxa
|raw|teamskullenoxa's rating: 1756 &rarr; <strong>1778</strong><br />(+22 for winning)
|raw|Sebas99sevilla's rating: 1799 &rarr; <strong>1777</strong><br />(-22 for losing)
|l|☆Sebas99sevilla
|player|p2|
|c|☆teamskullenoxa|h
|c|☆teamskullenoxa|gg
|l|☆teamskullenoxa
|player|p1|
