|j|☆CheckerKing
|j|☆WAKEYDO12
|t:|1743777830
|gametype|singles
|player|p1|CheckerKing|2|
|player|p2|WAKEYDO12|pokemonbreeder-gen4|
|teamsize|p1|6
|teamsize|p2|6
|gen|9
|tier|[Gen 9] OU
|rule|HP Percentage Mod: HP is shown in percentages
|rule|Endless Battle Clause: Forcing endless battles is banned
|rule|Species Clause: Limit one of each Pokémon
|rule|OHKO Clause: OHKO moves are banned
|rule|Evasion Items Clause: Evasion items are banned
|rule|Evasion Moves Clause: Evasion moves are banned
|rule|Sleep Moves Clause: Sleep-inducing moves are banned
|clearpoke
|poke|p1|Lokix, F|
|poke|p1|Tinkaton, F|
|poke|p1|Gliscor, M|
|poke|p1|Dragapult, M|
|poke|p1|Weezing-Galar, M|
|poke|p1|Blissey, F|
|poke|p2|Corviknight, F|
|poke|p2|Dragapult, F|
|poke|p2|Garganacl, M|
|poke|p2|Samurott-Hisui, M|
|poke|p2|Weezing-Galar, F|
|poke|p2|Slowking-Galar, F|
|teampreview
|
|t:|1743777852
|start
|switch|p1a: Tinkaton|Tinkaton, F|100/100
|switch|p2a: Dragapult|Dragapult, F|100/100
|-ability|p1a: Tinkaton|Mold Breaker
|turn|1
|
|t:|1743777859
|move|p2a: Dragapult|Will-O-Wisp|p1a: Tinkaton|[miss]
|-miss|p2a: Dragapult|p1a: Tinkaton
|move|p1a: Tinkaton|Stealth Rock|p2a: Dragapult
|-sidestart|p2: WAKEYDO12|move: Stealth Rock
|
|upkeep
|turn|2
|
|t:|1743777879
|move|p2a: Dragapult|U-turn|p1a: Tinkaton
|-resisted|p1a: Tinkaton
|-damage|p1a: Tinkaton|94/100
|
|t:|1743777918
|switch|p2a: Weezing|Weezing-Galar, F|100/100|[from] U-turn
|-ability|p2a: Weezing|Neutralizing Gas
|-damage|p2a: Weezing|88/100|[from] Stealth Rock
|move|p1a: Tinkaton|Thunder Wave|p2a: Weezing
|-status|p2a: Weezing|par
|
|-heal|p1a: Tinkaton|100/100|[from] item: Leftovers
|-heal|p2a: Weezing|94/100 par|[from] item: Black Sludge
|upkeep
|turn|3
|
|t:|1743777942
|move|p1a: Tinkaton|Gigaton Hammer|p2a: Weezing
|-supereffective|p2a: Weezing
|-damage|p2a: Weezing|33/100 par
|move|p2a: Weezing|Defog|p1a: Tinkaton
|-unboost|p1a: Tinkaton|evasion|1
|-sideend|p2: WAKEYDO12|Stealth Rock|[from] move: Defog|[of] p2a: Weezing
|
|-heal|p2a: Weezing|39/100 par|[from] item: Black Sludge
|upkeep
|turn|4
|
|t:|1743777966
|-end|p2a: Weezing|ability: Neutralizing Gas
|-ability|p1a: Tinkaton|Mold Breaker
|switch|p2a: Samurott|Samurott-Hisui, M|100/100
|move|p1a: Tinkaton|Stealth Rock|p2a: Samurott
|-sidestart|p2: WAKEYDO12|move: Stealth Rock
|
|upkeep
|turn|5
|
|t:|1743777988
|move|p2a: Samurott|Flip Turn|p1a: Tinkaton
|-damage|p1a: Tinkaton|71/100
|
|t:|1743777995
|switch|p2a: Corviknight|Corviknight, F|100/100|[from] Flip Turn
|-damage|p2a: Corviknight|88/100|[from] Stealth Rock
|-ability|p2a: Corviknight|Pressure
|move|p1a: Tinkaton|Thunder Wave|p2a: Corviknight|[miss]
|-miss|p1a: Tinkaton|p2a: Corviknight
|
|-heal|p1a: Tinkaton|77/100|[from] item: Leftovers
|upkeep
|turn|6
|
|t:|1743778007
|move|p1a: Tinkaton|Thunder Wave|p2a: Corviknight
|-status|p2a: Corviknight|par
|move|p2a: Corviknight|Body Press|p1a: Tinkaton
|-damage|p1a: Tinkaton|48/100
|
|-heal|p1a: Tinkaton|54/100|[from] item: Leftovers
|upkeep
|turn|7
|
|t:|1743778034
|switch|p1a: Gliscor|Gliscor, M|100/100
|cant|p2a: Corviknight|par
|
|-status|p1a: Gliscor|tox|[from] item: Toxic Orb
|upkeep
|turn|8
|
|t:|1743778048
|switch|p2a: Garganacl|Garganacl, M|100/100
|-damage|p2a: Garganacl|88/100|[from] Stealth Rock
|move|p1a: Gliscor|Substitute|p1a: Gliscor
|-start|p1a: Gliscor|Substitute
|-damage|p1a: Gliscor|76/100 tox
|
|-heal|p2a: Garganacl|94/100|[from] item: Leftovers
|-heal|p1a: Gliscor|88/100 tox|[from] ability: Poison Heal
|upkeep
|turn|9
|
|t:|1743778052
|move|p1a: Gliscor|Toxic|p2a: Garganacl
|-immune|p2a: Garganacl|[from] ability: Purifying Salt
|move|p2a: Garganacl|Salt Cure|p1a: Gliscor
|-activate|p1a: Gliscor|move: Substitute|[damage]
|
|-heal|p2a: Garganacl|100/100|[from] item: Leftovers
|-heal|p1a: Gliscor|100/100 tox|[from] ability: Poison Heal
|upkeep
|turn|10
|
|t:|1743778062
|move|p1a: Gliscor|Earthquake|p2a: Garganacl
|-supereffective|p2a: Garganacl
|-damage|p2a: Garganacl|66/100
|move|p2a: Garganacl|Salt Cure|p1a: Gliscor
|-activate|p1a: Gliscor|move: Substitute|[damage]
|
|-heal|p2a: Garganacl|73/100|[from] item: Leftovers
|upkeep
|turn|11
|
|t:|1743778069
|move|p1a: Gliscor|Earthquake|p2a: Garganacl
|-supereffective|p2a: Garganacl
|-damage|p2a: Garganacl|40/100
|move|p2a: Garganacl|Stealth Rock|p1a: Gliscor
|-sidestart|p1: CheckerKing|move: Stealth Rock
|
|-heal|p2a: Garganacl|46/100|[from] item: Leftovers
|upkeep
|turn|12
|
|t:|1743778081
|move|p2a: Garganacl|Protect|p2a: Garganacl
|-singleturn|p2a: Garganacl|Protect
|move|p1a: Gliscor|Earthquake|p2a: Garganacl
|-activate|p2a: Garganacl|move: Protect
|
|-heal|p2a: Garganacl|52/100|[from] item: Leftovers
|upkeep
|turn|13
|
|t:|1743778105
|move|p1a: Gliscor|Earthquake|p2a: Garganacl
|-supereffective|p2a: Garganacl
|-damage|p2a: Garganacl|18/100
|move|p2a: Garganacl|Recover|p2a: Garganacl
|-heal|p2a: Garganacl|68/100
|
|-heal|p2a: Garganacl|74/100|[from] item: Leftovers
|upkeep
|turn|14
|
|t:|1743778140
|switch|p2a: Samurott|Samurott-Hisui, M|100/100
|-damage|p2a: Samurott|88/100|[from] Stealth Rock
|move|p1a: Gliscor|Earthquake|p2a: Samurott
|-damage|p2a: Samurott|47/100
|
|upkeep
|turn|15
|
|t:|1743778151
|move|p2a: Samurott|Flip Turn|p1a: Gliscor
|-supereffective|p1a: Gliscor
|-end|p1a: Gliscor|Substitute
|
|t:|1743778156
|switch|p2a: Dragapult|Dragapult, F|100/100|[from] Flip Turn
|move|p1a: Gliscor|Toxic|p2a: Dragapult
|-status|p2a: Dragapult|tox
|
|-damage|p2a: Dragapult|95/100 tox|[from] psn
|upkeep
|turn|16
|
|t:|1743778168
|move|p1a: Gliscor|Protect|p1a: Gliscor
|-singleturn|p1a: Gliscor|Protect
|move|p2a: Dragapult|Hex|p1a: Gliscor
|-activate|p1a: Gliscor|move: Protect
|
|-damage|p2a: Dragapult|83/100 tox|[from] psn
|upkeep
|turn|17
|
|t:|1743778224
|move|p2a: Dragapult|U-turn|p1a: Gliscor
|-resisted|p1a: Gliscor
|-damage|p1a: Gliscor|93/100 tox
|
|t:|1743778242
|switch|p2a: Corviknight|Corviknight, F|88/100 par|[from] U-turn
|-damage|p2a: Corviknight|75/100 par|[from] Stealth Rock
|-ability|p2a: Corviknight|Pressure
|move|p1a: Gliscor|Earthquake|p2a: Corviknight
|-immune|p2a: Corviknight
|
|-heal|p1a: Gliscor|100/100 tox|[from] ability: Poison Heal
|upkeep
|turn|18
|
|t:|1743778291
|switch|p1a: Dragapult|Dragapult, M|100/100
|-damage|p1a: Dragapult|88/100|[from] Stealth Rock
|move|p2a: Corviknight|Roost|p2a: Corviknight
|-heal|p2a: Corviknight|100/100 par
|-singleturn|p2a: Corviknight|move: Roost
|
|upkeep
|turn|19
|
|t:|1743778311
|move|p1a: Dragapult|Shadow Ball|p2a: Corviknight
|-damage|p2a: Corviknight|46/100 par
|move|p2a: Corviknight|Brave Bird|p1a: Dragapult
|-damage|p1a: Dragapult|38/100
|-damage|p2a: Corviknight|33/100 par|[from] Recoil
|
|upkeep
|turn|20
|
|t:|1743778324
|switch|p2a: Weezing|Weezing-Galar, F|39/100 par
|-ability|p2a: Weezing|Neutralizing Gas
|-damage|p2a: Weezing|26/100 par|[from] Stealth Rock
|move|p1a: Dragapult|Shadow Ball|p2a: Weezing
|-damage|p2a: Weezing|0 fnt
|faint|p2a: Weezing
|-end|p2a: Weezing|ability: Neutralizing Gas
|
|upkeep
|
|t:|1743778328
|switch|p2a: Samurott|Samurott-Hisui, M|47/100
|-damage|p2a: Samurott|34/100|[from] Stealth Rock
|turn|21
|
|t:|1743778341
|switch|p1a: Weezing|Weezing-Galar, M, shiny|100/100
|-ability|p1a: Weezing|Neutralizing Gas
|move|p2a: Samurott|Ceaseless Edge|p1a: Weezing
|-resisted|p1a: Weezing
|-damage|p1a: Weezing|91/100
|-sidestart|p1: CheckerKing|Spikes
|
|upkeep
|turn|22
|
|t:|1743778353
|switch|p2a: Garganacl|Garganacl, M|74/100
|-damage|p2a: Garganacl|61/100|[from] Stealth Rock
|move|p1a: Weezing|Defog|p2a: Garganacl
|-unboost|p2a: Garganacl|evasion|1
|-sideend|p2: WAKEYDO12|Stealth Rock|[from] move: Defog|[of] p1a: Weezing
|-sideend|p1: CheckerKing|Spikes|[from] move: Defog|[of] p1a: Weezing
|-sideend|p1: CheckerKing|Stealth Rock|[from] move: Defog|[of] p1a: Weezing
|
|-heal|p2a: Garganacl|68/100|[from] item: Leftovers
|upkeep
|turn|23
|
|t:|1743778360
|move|p1a: Weezing|Will-O-Wisp|p2a: Garganacl
|-status|p2a: Garganacl|brn
|move|p2a: Garganacl|Salt Cure|p1a: Weezing
|-damage|p1a: Weezing|86/100
|-start|p1a: Weezing|Salt Cure
|
|-heal|p2a: Garganacl|74/100 brn|[from] item: Leftovers
|-damage|p2a: Garganacl|68/100 brn|[from] brn
|-damage|p1a: Weezing|74/100|[from] Salt Cure
|upkeep
|turn|24
|
|t:|1743778377
|-terastallize|p2a: Garganacl|Fairy
|move|p2a: Garganacl|Protect|p2a: Garganacl
|-singleturn|p2a: Garganacl|Protect
|move|p1a: Weezing|Strange Steam|p2a: Garganacl
|-activate|p2a: Garganacl|move: Protect
|
|-heal|p2a: Garganacl|74/100 brn|[from] item: Leftovers
|-damage|p2a: Garganacl|68/100 brn|[from] brn
|-damage|p1a: Weezing|62/100|[from] Salt Cure
|upkeep
|turn|25
|
|t:|1743778392
|-end|p1a: Weezing|ability: Neutralizing Gas
|switch|p1a: Gliscor|Gliscor, M|100/100 tox
|move|p2a: Garganacl|Recover|p2a: Garganacl
|-heal|p2a: Garganacl|100/100 brn
|
|-damage|p2a: Garganacl|94/100 brn|[from] brn
|upkeep
|turn|26
|
|t:|1743778403
|switch|p2a: Dragapult|Dragapult, F|83/100 tox
|move|p1a: Gliscor|Substitute|p1a: Gliscor
|-start|p1a: Gliscor|Substitute
|-damage|p1a: Gliscor|76/100 tox
|
|-damage|p2a: Dragapult|77/100 tox|[from] psn
|-heal|p1a: Gliscor|88/100 tox|[from] ability: Poison Heal
|upkeep
|turn|27
|
|t:|1743778410
|move|p2a: Dragapult|Dragon Darts|p1a: Gliscor
|-damage|p1a: Gliscor|73/100 tox
|-anim|p2a: Dragapult|Dragon Darts|p1a: Gliscor
|-damage|p1a: Gliscor|56/100 tox
|move|p1a: Gliscor|Earthquake|p2a: Dragapult
|-damage|p2a: Dragapult|29/100 tox
|
|-damage|p2a: Dragapult|17/100 tox|[from] psn
|-heal|p1a: Gliscor|69/100 tox|[from] ability: Poison Heal
|upkeep
|turn|28
|
|t:|1743778422
|move|p1a: Gliscor|Protect|p1a: Gliscor
|-singleturn|p1a: Gliscor|Protect
|move|p2a: Dragapult|Hex|p1a: Gliscor
|-activate|p1a: Gliscor|move: Protect
|
|-damage|p2a: Dragapult|0 fnt|[from] psn
|faint|p2a: Dragapult
|-heal|p1a: Gliscor|81/100 tox|[from] ability: Poison Heal
|upkeep
|
|t:|1743778428
|switch|p2a: Slowking|Slowking-Galar, F|100/100
|turn|29
|
|t:|1743778435
|switch|p2a: Corviknight|Corviknight, F|33/100 par
|-ability|p2a: Corviknight|Pressure
|move|p1a: Gliscor|Earthquake|p2a: Corviknight
|-immune|p2a: Corviknight
|
|-heal|p1a: Gliscor|93/100 tox|[from] ability: Poison Heal
|upkeep
|turn|30
|
|t:|1743778441
|switch|p1a: Blissey|Blissey, F, shiny|100/100
|move|p2a: Corviknight|Roost|p2a: Corviknight
|-heal|p2a: Corviknight|83/100 par
|-singleturn|p2a: Corviknight|move: Roost
|
|upkeep
|turn|31
|
|t:|1743778447
|move|p1a: Blissey|Stealth Rock|p2a: Corviknight
|-sidestart|p2: WAKEYDO12|move: Stealth Rock
|move|p2a: Corviknight|Body Press|p1a: Blissey
|-supereffective|p1a: Blissey
|-damage|p1a: Blissey|9/100
|
|upkeep
|turn|32
|
|t:|1743778471
|move|p1a: Blissey|Seismic Toss|p2a: Corviknight
|-damage|p2a: Corviknight|58/100 par
|-damage|p1a: Blissey|0 fnt|[from] item: Rocky Helmet|[of] p2a: Corviknight
|faint|p1a: Blissey
|move|p2a: Corviknight|Brave Bird|p1: Blissey|[notarget]
|-fail|p2a: Corviknight
|
|upkeep
|
|t:|1743778473
|switch|p1a: Dragapult|Dragapult, M|38/100
|turn|33
|
|t:|1743778513
|switch|p2a: Slowking|Slowking-Galar, F|100/100
|-damage|p2a: Slowking|88/100|[from] Stealth Rock
|move|p1a: Dragapult|Shadow Ball|p2a: Slowking
|-supereffective|p2a: Slowking
|-damage|p2a: Slowking|48/100
|
|upkeep
|turn|34
|
|t:|1743778533
|switch|p1a: Tinkaton|Tinkaton, F|54/100
|-ability|p1a: Tinkaton|Mold Breaker
|move|p2a: Slowking|Future Sight|p1a: Tinkaton
|-start|p2a: Slowking|move: Future Sight
|
|-heal|p1a: Tinkaton|60/100|[from] item: Leftovers
|upkeep
|turn|35
|
|t:|1743778550
|switch|p2a: Corviknight|Corviknight, F|58/100 par
|-damage|p2a: Corviknight|46/100 par|[from] Stealth Rock
|-ability|p2a: Corviknight|Pressure
|move|p1a: Tinkaton|Gigaton Hammer|p2a: Corviknight
|-resisted|p2a: Corviknight
|-damage|p2a: Corviknight|32/100 par
|
|-heal|p1a: Tinkaton|66/100|[from] item: Leftovers
|upkeep
|turn|36
|
|t:|1743778575
|switch|p1a: Gliscor|Gliscor, M|93/100 tox
|cant|p2a: Corviknight|par
|
|-end|p1a: Gliscor|move: Future Sight
|-damage|p1a: Gliscor|39/100 tox
|-heal|p1a: Gliscor|51/100 tox|[from] ability: Poison Heal
|upkeep
|turn|37
|
|t:|1743778587
|switch|p1a: Dragapult|Dragapult, M|38/100
|move|p2a: Corviknight|Roost|p2a: Corviknight
|-heal|p2a: Corviknight|82/100 par
|-singleturn|p2a: Corviknight|move: Roost
|
|upkeep
|turn|38
|
|t:|1743778602
|move|p1a: Dragapult|Thunderbolt|p2a: Corviknight
|-supereffective|p2a: Corviknight
|-damage|p2a: Corviknight|4/100 par
|cant|p2a: Corviknight|par
|
|upkeep
|turn|39
|
|t:|1743778623
|move|p1a: Dragapult|Thunderbolt|p2a: Corviknight
|-supereffective|p2a: Corviknight
|-damage|p2a: Corviknight|0 fnt
|faint|p2a: Corviknight
|
|upkeep
|
|t:|1743778629
|switch|p2a: Slowking|Slowking-Galar, F|81/100
|-damage|p2a: Slowking|69/100|[from] Stealth Rock
|turn|40
|
|t:|1743778644
|switch|p1a: Tinkaton|Tinkaton, F|66/100
|-ability|p1a: Tinkaton|Mold Breaker
|move|p2a: Slowking|Sludge Bomb|p1a: Tinkaton
|-immune|p1a: Tinkaton
|
|-heal|p1a: Tinkaton|72/100|[from] item: Leftovers
|upkeep
|turn|41
|
|t:|1743778650
|switch|p2a: Garganacl|Garganacl, M, tera:Fairy|94/100 brn
|-damage|p2a: Garganacl|82/100 brn|[from] Stealth Rock
|move|p1a: Tinkaton|Gigaton Hammer|p2a: Garganacl
|-supereffective|p2a: Garganacl
|-damage|p2a: Garganacl|40/100 brn
|
|-heal|p1a: Tinkaton|79/100|[from] item: Leftovers
|-heal|p2a: Garganacl|46/100 brn|[from] item: Leftovers
|-damage|p2a: Garganacl|40/100 brn|[from] brn
|upkeep
|turn|42
|
|t:|1743778660
|switch|p1a: Gliscor|Gliscor, M|51/100 tox
|move|p2a: Garganacl|Protect||[still]
|-fail|p2a: Garganacl
|
|-heal|p2a: Garganacl|46/100 brn|[from] item: Leftovers
|-heal|p1a: Gliscor|64/100 tox|[from] ability: Poison Heal
|-damage|p2a: Garganacl|40/100 brn|[from] brn
|upkeep
|turn|43
|
|t:|1743778669
|move|p1a: Gliscor|Substitute|p1a: Gliscor
|-start|p1a: Gliscor|Substitute
|-damage|p1a: Gliscor|39/100 tox
|move|p2a: Garganacl|Recover|p2a: Garganacl
|-heal|p2a: Garganacl|90/100 brn
|
|-heal|p2a: Garganacl|96/100 brn|[from] item: Leftovers
|-heal|p1a: Gliscor|51/100 tox|[from] ability: Poison Heal
|-damage|p2a: Garganacl|90/100 brn|[from] brn
|upkeep
|turn|44
|-message|WAKEYDO12 forfeited.
|
|win|CheckerKing
|l|☆WAKEYDO12
|player|p2|
|c|☆CheckerKing|Gg
