|j|☆lupiit
|j|☆lklowxhn
|t:|1743825854
|gametype|singles
|player|p1|lupiit|dragontamer|1284
|player|p2|lklowxhn|silver|1243
|teamsize|p1|6
|teamsize|p2|6
|gen|9
|tier|[Gen 9] OU
|rated|
|rule|HP Percentage Mod: HP is shown in percentages
|rule|Endless Battle Clause: Forcing endless battles is banned
|rule|Species Clause: Limit one of each Pokémon
|rule|OHKO Clause: OHKO moves are banned
|rule|Evasion Items Clause: Evasion items are banned
|rule|Evasion Moves Clause: Evasion moves are banned
|rule|Sleep Moves Clause: Sleep-inducing moves are banned
|clearpoke
|poke|p1|Blissey, F|
|poke|p1|Hoopa-Unbound|
|poke|p1|Smeargle, F|
|poke|p1|Breloom, M|
|poke|p1|Dondozo, M|
|poke|p1|Comfey, F|
|poke|p2|Pelipper, F|
|poke|p2|Scizor, M|
|poke|p2|Floatzel, F|
|poke|p2|Thundurus, M|
|poke|p2|Ludicolo, F|
|poke|p2|Landorus-Therian, M|
|teampreview
|inactive|Battle timer is ON: inactive players will automatically lose when time's up. (requested by lklowxhn)
|
|t:|1743825865
|start
|switch|p1a: Comfey|Comfey, F|100/100
|switch|p2a: 梦泪菇我错了✋😭✋|Pelipper, F|100/100
|-weather|RainDance|[from] ability: Drizzle|[of] p2a: 梦泪菇我错了✋😭✋
|turn|1
|
|t:|1743825874
|move|p1a: Comfey|Calm Mind|p1a: Comfey
|-boost|p1a: Comfey|spa|1
|-boost|p1a: Comfey|spd|1
|move|p2a: 梦泪菇我错了✋😭✋|U-turn|p1a: Comfey
|-resisted|p1a: Comfey
|-damage|p1a: Comfey|96/100
|
|t:|1743825881
|switch|p2a: 一头创死在~大树上|Floatzel, F|100/100|[from] U-turn
|
|-weather|RainDance|[upkeep]
|upkeep
|turn|2
|
|t:|1743825885
|switch|p1a: Dondozo|Dondozo, M|100/100
|move|p2a: 一头创死在~大树上|Wave Crash|p1a: Dondozo
|-resisted|p1a: Dondozo
|-damage|p1a: Dondozo|60/100
|-damage|p2a: 一头创死在~大树上|83/100|[from] Recoil
|-damage|p2a: 一头创死在~大树上|73/100|[from] item: Life Orb
|
|-weather|RainDance|[upkeep]
|-heal|p1a: Dondozo|66/100|[from] item: Leftovers
|upkeep
|turn|3
|
|t:|1743825892
|move|p2a: 一头创死在~大树上|Flip Turn|p1a: Dondozo
|-resisted|p1a: Dondozo
|-damage|p1a: Dondozo|44/100
|-damage|p2a: 一头创死在~大树上|63/100|[from] item: Life Orb
|
|t:|1743825899
|switch|p2a: 哈哈哈哈哈哈哈哈哈哈|Ludicolo, F|100/100|[from] Flip Turn
|move|p1a: Dondozo|Waterfall|p2a: 哈哈哈哈哈哈哈哈哈哈
|-resisted|p2a: 哈哈哈哈哈哈哈哈哈哈
|-damage|p2a: 哈哈哈哈哈哈哈哈哈哈|78/100
|
|-weather|RainDance|[upkeep]
|-heal|p1a: Dondozo|50/100|[from] item: Leftovers
|upkeep
|turn|4
|
|t:|1743825910
|switch|p1a: Blissey|Blissey, F|100/100
|move|p2a: 哈哈哈哈哈哈哈哈哈哈|Giga Drain|p1a: Blissey
|-damage|p1a: Blissey|79/100
|-heal|p2a: 哈哈哈哈哈哈哈哈哈哈|100/100|[from] drain|[of] p1a: Blissey
|
|-weather|RainDance|[upkeep]
|upkeep
|turn|5
|
|t:|1743825919
|switch|p2a: 喵|Landorus-Therian, M|100/100
|-ability|p2a: 喵|Intimidate|boost
|-unboost|p1a: Blissey|atk|1
|move|p1a: Blissey|Seismic Toss|p2a: 喵
|-damage|p2a: 喵|74/100
|-damage|p1a: Blissey|62/100|[from] item: Rocky Helmet|[of] p2a: 喵
|
|-weather|RainDance|[upkeep]
|upkeep
|turn|6
|
|t:|1743825925
|switch|p1a: Dondozo|Dondozo, M|50/100
|move|p2a: 喵|Earthquake|p1a: Dondozo
|-damage|p1a: Dondozo|9/100
|
|-weather|RainDance|[upkeep]
|-heal|p1a: Dondozo|15/100|[from] item: Leftovers
|upkeep
|turn|7
|
|t:|1743825931
|move|p2a: 喵|Earthquake|p1a: Dondozo
|-damage|p1a: Dondozo|0 fnt
|faint|p1a: Dondozo
|
|-weather|RainDance|[upkeep]
|upkeep
|
|t:|1743825935
|switch|p1a: Breloom|Breloom, M|100/100
|turn|8
|
|t:|1743825942
|switch|p2a: 耐砍王|Thundurus, M|100/100
|move|p1a: Breloom|Bullet Seed|p2a: 耐砍王
|-resisted|p2a: 耐砍王
|-damage|p2a: 耐砍王|85/100
|-resisted|p2a: 耐砍王
|-damage|p2a: 耐砍王|70/100
|-resisted|p2a: 耐砍王
|-damage|p2a: 耐砍王|55/100
|-resisted|p2a: 耐砍王
|-damage|p2a: 耐砍王|39/100
|-hitcount|p2a: 耐砍王|4
|
|-weather|none
|upkeep
|turn|9
|
|t:|1743825955
|switch|p1a: Blissey|Blissey, F|62/100
|move|p2a: 耐砍王|Sludge Wave|p1a: Blissey
|-damage|p1a: Blissey|46/100
|-damage|p2a: 耐砍王|29/100|[from] item: Life Orb
|
|upkeep
|turn|10
|
|t:|1743825964
|switch|p2a: 梦泪菇我错了✋😭✋|Pelipper, F|100/100
|-weather|RainDance|[from] ability: Drizzle|[of] p2a: 梦泪菇我错了✋😭✋
|move|p1a: Blissey|Soft-Boiled|p1a: Blissey
|-heal|p1a: Blissey|97/100
|
|-weather|RainDance|[upkeep]
|upkeep
|turn|11
|
|t:|1743825975
|move|p2a: 梦泪菇我错了✋😭✋|U-turn|p1a: Blissey
|-damage|p1a: Blissey|89/100
|
|t:|1743825979
|switch|p2a: 一头创死在~大树上|Floatzel, F|63/100|[from] U-turn
|move|p1a: Blissey|Seismic Toss|p2a: 一头创死在~大树上
|-damage|p2a: 一头创死在~大树上|33/100
|
|-weather|RainDance|[upkeep]
|upkeep
|turn|12
|
|t:|1743825993
|switch|p1a: Breloom|Breloom, M|100/100
|move|p2a: 一头创死在~大树上|Wave Crash|p1a: Breloom
|-resisted|p1a: Breloom
|-damage|p1a: Breloom|4/100
|-damage|p2a: 一头创死在~大树上|8/100|[from] Recoil
|-damage|p2a: 一头创死在~大树上|0 fnt|[from] item: Life Orb
|faint|p2a: 一头创死在~大树上
|
|-weather|RainDance|[upkeep]
|upkeep
|c|☆lupiit|ho lee
|
|t:|1743826008
|switch|p2a: 我是 输出|Scizor, M|100/100
|turn|13
|
|t:|1743826013
|move|p1a: Breloom|Mach Punch|p2a: 我是 输出
|-damage|p2a: 我是 输出|64/100
|move|p2a: 我是 输出|U-turn|p1a: Breloom
|-damage|p1a: Breloom|0 fnt
|faint|p1a: Breloom
|
|t:|1743826021
|switch|p2a: 哈哈哈哈哈哈哈哈哈哈|Ludicolo, F|100/100|[from] U-turn
|
|-weather|RainDance|[upkeep]
|upkeep
|
|t:|1743826032
|switch|p1a: Blissey|Blissey, F|89/100
|turn|14
|
|t:|1743826038
|move|p2a: 哈哈哈哈哈哈哈哈哈哈|Leaf Storm|p1a: Blissey
|-damage|p1a: Blissey|53/100
|-unboost|p2a: 哈哈哈哈哈哈哈哈哈哈|spa|2
|move|p1a: Blissey|Seismic Toss|p2a: 哈哈哈哈哈哈哈哈哈哈
|-damage|p2a: 哈哈哈哈哈哈哈哈哈哈|67/100
|
|-weather|RainDance|[upkeep]
|upkeep
|turn|15
|
|t:|1743826046
|switch|p2a: 喵|Landorus-Therian, M|74/100
|-ability|p2a: 喵|Intimidate|boost
|-unboost|p1a: Blissey|atk|1
|move|p1a: Blissey|Soft-Boiled|p1a: Blissey
|-heal|p1a: Blissey|100/100
|
|-weather|RainDance|[upkeep]
|upkeep
|turn|16
|
|t:|1743826054
|move|p2a: 喵|Stealth Rock|p1a: Blissey
|-sidestart|p1: lupiit|move: Stealth Rock
|move|p1a: Blissey|Seismic Toss|p2a: 喵
|-damage|p2a: 喵|48/100
|-damage|p1a: Blissey|84/100|[from] item: Rocky Helmet|[of] p2a: 喵
|
|-weather|RainDance|[upkeep]
|upkeep
|turn|17
|
|t:|1743826064
|move|p2a: 喵|Earthquake|p1a: Blissey
|-damage|p1a: Blissey|24/100
|move|p1a: Blissey|Seismic Toss|p2a: 喵
|-damage|p2a: 喵|22/100
|-damage|p1a: Blissey|7/100|[from] item: Rocky Helmet|[of] p2a: 喵
|
|-weather|none
|upkeep
|turn|18
|
|t:|1743826074
|move|p2a: 喵|U-turn|p1a: Blissey
|-damage|p1a: Blissey|0 fnt
|faint|p1a: Blissey
|
|t:|1743826079
|switch|p2a: 梦泪菇我错了✋😭✋|Pelipper, F|100/100|[from] U-turn
|-weather|RainDance|[from] ability: Drizzle|[of] p2a: 梦泪菇我错了✋😭✋
|
|-weather|RainDance|[upkeep]
|upkeep
|
|t:|1743826083
|switch|p1a: Hoopa|Hoopa-Unbound|100/100
|-damage|p1a: Hoopa|88/100|[from] Stealth Rock
|turn|19
|
|t:|1743826089
|move|p1a: Hoopa|Dark Pulse|p2a: 梦泪菇我错了✋😭✋
|-damage|p2a: 梦泪菇我错了✋😭✋|21/100
|move|p2a: 梦泪菇我错了✋😭✋|U-turn|p1a: Hoopa
|-supereffective|p1a: Hoopa
|-damage|p1a: Hoopa|35/100
|
|t:|1743826103
|switch|p2a: 哈哈哈哈哈哈哈哈哈哈|Ludicolo, F|67/100|[from] U-turn
|
|-weather|RainDance|[upkeep]
|-heal|p1a: Hoopa|41/100|[from] item: Leftovers
|upkeep
|turn|20
|
|t:|1743826109
|move|p2a: 哈哈哈哈哈哈哈哈哈哈|Weather Ball|p1a: Hoopa
|-damage|p1a: Hoopa|0 fnt
|faint|p1a: Hoopa
|
|-weather|RainDance|[upkeep]
|upkeep
|
|t:|1743826113
|switch|p1a: Comfey|Comfey, F|96/100
|-damage|p1a: Comfey|83/100|[from] Stealth Rock
|turn|21
|
|t:|1743826120
|move|p2a: 哈哈哈哈哈哈哈哈哈哈|Weather Ball|p1a: Comfey
|-damage|p1a: Comfey|0 fnt
|faint|p1a: Comfey
|
|-weather|RainDance|[upkeep]
|upkeep
|-message|lupiit forfeited.
|
|win|lklowxhn
|raw|lupiit's rating: 1284 &rarr; <strong>1256</strong><br />(-28 for losing)
|raw|lklowxhn's rating: 1243 &rarr; <strong>1271</strong><br />(+28 for winning)
|l|☆lupiit
|player|p1|
|l|☆lklowxhn
|player|p2|
