|j|☆Gustave_0123
|j|☆ShawnHim
|t:|1743918709
|gametype|singles
|player|p1|Gustave_0123|lucas|1228
|player|p2|ShawnHim|giovanni|1230
|teamsize|p1|6
|teamsize|p2|6
|gen|9
|tier|[Gen 9] OU
|rated|
|rule|HP Percentage Mod: HP is shown in percentages
|rule|Endless Battle Clause: Forcing endless battles is banned
|rule|Species Clause: Limit one of each Pokémon
|rule|OHKO Clause: OHKO moves are banned
|rule|Evasion Items Clause: Evasion items are banned
|rule|Evasion Moves Clause: Evasion moves are banned
|rule|Sleep Moves Clause: Sleep-inducing moves are banned
|clearpoke
|poke|p1|Great Tusk|
|poke|p1|Iron Valiant|
|poke|p1|Dragapult, M|
|poke|p1|Kingambit, M|
|poke|p1|Gholdengo|
|poke|p1|Zamazenta-*|
|poke|p2|Milotic, F|
|poke|p2|Gliscor, F|
|poke|p2|Blaziken, M|
|poke|p2|Gengar, F|
|poke|p2|Meowscarada, F|
|poke|p2|Chansey, F|
|teampreview
|inactive|Battle timer is ON: inactive players will automatically lose when time's up. (requested by ShawnHim)
|
|t:|1743918717
|start
|switch|p1a: Great Tusk|Great Tusk|100/100
|switch|p2a: Chansey|Chansey, F|100/100
|turn|1
|
|t:|1743918727
|move|p1a: Great Tusk|Close Combat|p2a: Chansey
|-supereffective|p2a: Chansey
|-damage|p2a: Chansey|24/100
|-unboost|p1a: Great Tusk|def|1
|-unboost|p1a: Great Tusk|spd|1
|move|p2a: Chansey|Stealth Rock|p1a: Great Tusk
|-sidestart|p1: Gustave_0123|move: Stealth Rock
|
|upkeep
|turn|2
|
|t:|1743918738
|switch|p2a: Gliscor|Gliscor, F|100/100
|move|p1a: Great Tusk|Ice Spinner|p2a: Gliscor
|-supereffective|p2a: Gliscor
|-damage|p2a: Gliscor|36/100
|
|-status|p2a: Gliscor|tox|[from] item: Toxic Orb
|upkeep
|turn|3
|
|t:|1743918749
|move|p2a: Gliscor|Protect|p2a: Gliscor
|-singleturn|p2a: Gliscor|Protect
|move|p1a: Great Tusk|Ice Spinner|p2a: Gliscor
|-activate|p2a: Gliscor|move: Protect
|
|-heal|p2a: Gliscor|49/100 tox|[from] ability: Poison Heal
|upkeep
|turn|4
|
|t:|1743918757
|switch|p2a: Milotic|Milotic, F|100/100
|move|p1a: Great Tusk|Ice Spinner|p2a: Milotic
|-resisted|p2a: Milotic
|-damage|p2a: Milotic|91/100
|
|-heal|p2a: Milotic|97/100|[from] item: Leftovers
|upkeep
|turn|5
|
|t:|1743918765
|-end|p1a: Great Tusk|Protosynthesis|[silent]
|switch|p1a: Iron Valiant|Iron Valiant|100/100
|-damage|p1a: Iron Valiant|94/100|[from] Stealth Rock
|-enditem|p1a: Iron Valiant|Booster Energy
|-activate|p1a: Iron Valiant|ability: Quark Drive|[fromitem]
|-start|p1a: Iron Valiant|quarkdrivespe
|move|p2a: Milotic|Scald|p1a: Iron Valiant
|-damage|p1a: Iron Valiant|38/100
|
|-heal|p2a: Milotic|100/100|[from] item: Leftovers
|upkeep
|turn|6
|
|t:|1743918777
|move|p1a: Iron Valiant|Thunderbolt|p2a: Milotic
|-supereffective|p2a: Milotic
|-damage|p2a: Milotic|55/100
|move|p2a: Milotic|Scald|p1a: Iron Valiant
|-crit|p1a: Iron Valiant
|-damage|p1a: Iron Valiant|0 fnt
|faint|p1a: Iron Valiant
|-end|p1a: Iron Valiant|Quark Drive|[silent]
|
|-heal|p2a: Milotic|61/100|[from] item: Leftovers
|upkeep
|
|t:|1743918788
|switch|p1a: Gholdengo|Gholdengo|100/100
|-damage|p1a: Gholdengo|94/100|[from] Stealth Rock
|-item|p1a: Gholdengo|Air Balloon
|turn|7
|
|t:|1743918799
|switch|p2a: Blaziken|Blaziken, M|100/100
|move|p1a: Gholdengo|Nasty Plot|p1a: Gholdengo
|-boost|p1a: Gholdengo|spa|2
|
|upkeep
|turn|8
|
|t:|1743918807
|move|p2a: Blaziken|Protect|p2a: Blaziken
|-singleturn|p2a: Blaziken|Protect
|move|p1a: Gholdengo|Shadow Ball|p2a: Blaziken
|-activate|p2a: Blaziken|move: Protect
|
|-ability|p2a: Blaziken|Speed Boost|boost
|-boost|p2a: Blaziken|spe|1
|upkeep
|turn|9
|
|t:|1743918818
|move|p2a: Blaziken|Flare Blitz|p1a: Gholdengo
|-supereffective|p1a: Gholdengo
|-damage|p1a: Gholdengo|0 fnt
|-enditem|p1a: Gholdengo|Air Balloon
|faint|p1a: Gholdengo
|-damage|p2a: Blaziken|68/100|[from] Recoil
|-damage|p2a: Blaziken|58/100|[from] item: Life Orb
|
|-ability|p2a: Blaziken|Speed Boost|boost
|-boost|p2a: Blaziken|spe|1
|upkeep
|
|t:|1743918830
|switch|p1a: Great Tusk|Great Tusk|100/100
|-damage|p1a: Great Tusk|98/100|[from] Stealth Rock
|turn|10
|
|t:|1743918841
|switch|p2a: Milotic|Milotic, F|61/100
|move|p1a: Great Tusk|Headlong Rush|p2a: Milotic
|-damage|p2a: Milotic|19/100
|-unboost|p1a: Great Tusk|def|1
|-unboost|p1a: Great Tusk|spd|1
|
|-heal|p1a: Great Tusk|100/100|[from] item: Leftovers
|-heal|p2a: Milotic|25/100|[from] item: Leftovers
|upkeep
|turn|11
|
|t:|1743918854
|move|p1a: Great Tusk|Ice Spinner|p2a: Milotic
|-resisted|p2a: Milotic
|-damage|p2a: Milotic|14/100
|move|p2a: Milotic|Recover|p2a: Milotic
|-heal|p2a: Milotic|64/100
|
|-heal|p2a: Milotic|71/100|[from] item: Leftovers
|upkeep
|turn|12
|
|t:|1743918867
|-end|p1a: Great Tusk|Protosynthesis|[silent]
|switch|p1a: Dragapult|Dragapult, M|100/100
|-damage|p1a: Dragapult|88/100|[from] Stealth Rock
|move|p2a: Milotic|Scald|p1a: Dragapult
|-resisted|p1a: Dragapult
|-damage|p1a: Dragapult|71/100
|
|-heal|p2a: Milotic|77/100|[from] item: Leftovers
|upkeep
|turn|13
|
|t:|1743918876
|move|p1a: Dragapult|Draco Meteor|p2a: Milotic
|-damage|p2a: Milotic|17/100
|-unboost|p1a: Dragapult|spa|2
|move|p2a: Milotic|Ice Beam|p1a: Dragapult
|-supereffective|p1a: Dragapult
|-damage|p1a: Dragapult|12/100
|
|-heal|p2a: Milotic|23/100|[from] item: Leftovers
|upkeep
|turn|14
|
|t:|1743918886
|move|p2a: Milotic|Protect|p2a: Milotic
|-singleturn|p2a: Milotic|Protect
|move|p1a: Dragapult|Draco Meteor|p2a: Milotic
|-activate|p2a: Milotic|move: Protect
|
|-heal|p2a: Milotic|29/100|[from] item: Leftovers
|upkeep
|turn|15
|
|t:|1743918901
|switch|p2a: Chansey|Chansey, F|24/100
|move|p1a: Dragapult|Draco Meteor|p2a: Chansey
|-damage|p2a: Chansey|10/100
|-unboost|p1a: Dragapult|spa|2
|
|upkeep
|turn|16
|
|t:|1743918920
|switch|p1a: Great Tusk|Great Tusk|100/100
|-damage|p1a: Great Tusk|98/100|[from] Stealth Rock
|move|p2a: Chansey|Soft-Boiled|p2a: Chansey
|-heal|p2a: Chansey|60/100
|
|-heal|p1a: Great Tusk|100/100|[from] item: Leftovers
|upkeep
|turn|17
|
|t:|1743918934
|move|p1a: Great Tusk|Headlong Rush|p2a: Chansey
|-damage|p2a: Chansey|23/100
|-unboost|p1a: Great Tusk|def|1
|-unboost|p1a: Great Tusk|spd|1
|move|p2a: Chansey|Soft-Boiled|p2a: Chansey
|-heal|p2a: Chansey|73/100
|
|upkeep
|turn|18
|
|t:|1743918945
|move|p1a: Great Tusk|Close Combat|p2a: Chansey
|-supereffective|p2a: Chansey
|-damage|p2a: Chansey|0 fnt
|-unboost|p1a: Great Tusk|def|1
|-unboost|p1a: Great Tusk|spd|1
|faint|p2a: Chansey
|
|upkeep
|
|t:|1743918965
|switch|p2a: Milotic|Milotic, F|29/100
|turn|19
|
|t:|1743918975
|move|p1a: Great Tusk|Headlong Rush|p2a: Milotic
|-damage|p2a: Milotic|0 fnt
|-unboost|p1a: Great Tusk|def|1
|-unboost|p1a: Great Tusk|spd|1
|faint|p2a: Milotic
|
|upkeep
|
|t:|1743918984
|switch|p2a: Gliscor|Gliscor, F|49/100 tox
|turn|20
|
|t:|1743918987
|move|p1a: Great Tusk|Ice Spinner|p2a: Gliscor
|-supereffective|p2a: Gliscor
|-damage|p2a: Gliscor|0 fnt
|faint|p2a: Gliscor
|
|upkeep
|
|t:|1743918997
|switch|p2a: Meowscarada|Meowscarada, F|100/100
|turn|21
|
|t:|1743919008
|-end|p1a: Great Tusk|Protosynthesis|[silent]
|switch|p1a: Zamazenta|Zamazenta|100/100
|-damage|p1a: Zamazenta|94/100|[from] Stealth Rock
|-ability|p1a: Zamazenta|Dauntless Shield|boost
|-boost|p1a: Zamazenta|def|1
|move|p2a: Meowscarada|Flower Trick|p1a: Zamazenta
|-start|p2a: Meowscarada|typechange|Grass|[from] ability: Protean
|-crit|p1a: Zamazenta
|-damage|p1a: Zamazenta|47/100
|
|upkeep
|turn|22
|
|t:|1743919018
|switch|p2a: Gengar|Gengar, F|100/100
|move|p1a: Zamazenta|Ice Fang|p2a: Gengar
|-damage|p2a: Gengar|41/100
|
|upkeep
|turn|23
|
|t:|1743919026
|move|p1a: Zamazenta|Ice Fang|p2a: Gengar
|-crit|p2a: Gengar
|-damage|p2a: Gengar|0 fnt
|faint|p2a: Gengar
|
|upkeep
|
|t:|1743919029
|switch|p2a: Blaziken|Blaziken, M|58/100
|turn|24
|
|t:|1743919036
|switch|p1a: Great Tusk|Great Tusk|100/100
|-damage|p1a: Great Tusk|98/100|[from] Stealth Rock
|move|p2a: Blaziken|Protect||[still]
|-fail|p2a: Blaziken
|
|-heal|p1a: Great Tusk|100/100|[from] item: Leftovers
|-ability|p2a: Blaziken|Speed Boost|boost
|-boost|p2a: Blaziken|spe|1
|upkeep
|turn|25
|
|t:|1743919050
|switch|p2a: Meowscarada|Meowscarada, F|100/100
|move|p1a: Great Tusk|Headlong Rush|p2a: Meowscarada
|-resisted|p2a: Meowscarada
|-damage|p2a: Meowscarada|55/100
|-unboost|p1a: Great Tusk|def|1
|-unboost|p1a: Great Tusk|spd|1
|
|upkeep
|turn|26
|
|t:|1743919063
|move|p2a: Meowscarada|Flower Trick|p1a: Great Tusk
|-start|p2a: Meowscarada|typechange|Grass|[from] ability: Protean
|-supereffective|p1a: Great Tusk
|-crit|p1a: Great Tusk
|-damage|p1a: Great Tusk|2/100
|move|p1a: Great Tusk|Close Combat|p2a: Meowscarada
|-damage|p2a: Meowscarada|0 fnt
|-unboost|p1a: Great Tusk|def|1
|-unboost|p1a: Great Tusk|spd|1
|faint|p2a: Meowscarada
|
|-heal|p1a: Great Tusk|8/100|[from] item: Leftovers
|upkeep
|
|t:|1743919065
|switch|p2a: Blaziken|Blaziken, M|58/100
|turn|27
|
|t:|1743919078
|move|p2a: Blaziken|Protect|p2a: Blaziken
|-singleturn|p2a: Blaziken|Protect
|move|p1a: Great Tusk|Headlong Rush|p2a: Blaziken
|-activate|p2a: Blaziken|move: Protect
|
|-heal|p1a: Great Tusk|14/100|[from] item: Leftovers
|-ability|p2a: Blaziken|Speed Boost|boost
|-boost|p2a: Blaziken|spe|1
|upkeep
|turn|28
|
|t:|1743919087
|move|p2a: Blaziken|Flare Blitz|p1a: Great Tusk
|-damage|p1a: Great Tusk|0 fnt
|faint|p1a: Great Tusk
|-end|p1a: Great Tusk|Protosynthesis|[silent]
|-damage|p2a: Blaziken|52/100|[from] Recoil
|-damage|p2a: Blaziken|42/100|[from] item: Life Orb
|
|-ability|p2a: Blaziken|Speed Boost|boost
|-boost|p2a: Blaziken|spe|1
|upkeep
|
|t:|1743919097
|switch|p1a: Dragapult|Dragapult, M|12/100
|-damage|p1a: Dragapult|0 fnt|[from] Stealth Rock
|faint|p1a: Dragapult
|
|t:|1743919101
|switch|p1a: Kingambit|Kingambit, M|100/100
|-damage|p1a: Kingambit|94/100|[from] Stealth Rock
|-activate|p1a: Kingambit|ability: Supreme Overlord
|-start|p1a: Kingambit|fallen4|[silent]
|turn|29
|
|t:|1743919119
|-terastallize|p1a: Kingambit|Flying
|move|p2a: Blaziken|Swords Dance|p2a: Blaziken
|-boost|p2a: Blaziken|atk|2
|move|p1a: Kingambit|Kowtow Cleave|p2a: Blaziken
|-resisted|p2a: Blaziken
|-damage|p2a: Blaziken|0 fnt
|faint|p2a: Blaziken
|
|win|Gustave_0123
|raw|Gustave_0123's rating: 1228 &rarr; <strong>1255</strong><br />(+27 for winning)
|raw|ShawnHim's rating: 1259 &rarr; <strong>1232</strong><br />(-27 for losing)
|l|☆ShawnHim
|player|p2|
|l|☆Gustave_0123
|player|p1|
