|j|☆4kazter
|j|☆Ill Leave
|t:|1743826340
|gametype|singles
|player|p1|4kazter|102|1631
|player|p2|Ill Leave|li|1609
|teamsize|p1|6
|teamsize|p2|6
|gen|9
|tier|[Gen 9] OU
|rated|
|rule|HP Percentage Mod: HP is shown in percentages
|rule|Endless Battle Clause: Forcing endless battles is banned
|rule|Species Clause: Limit one of each Pokémon
|rule|OHKO Clause: OHKO moves are banned
|rule|Evasion Items Clause: Evasion items are banned
|rule|Evasion Moves Clause: Evasion moves are banned
|rule|Sleep Moves Clause: Sleep-inducing moves are banned
|clearpoke
|poke|p1|Iron Crown|
|poke|p1|Haxorus, M|
|poke|p1|Indeedee, M|
|poke|p1|Hoopa-Unbound|
|poke|p1|Kyurem|
|poke|p1|Slowking-Galar, M|
|poke|p2|Ursaluna, F|
|poke|p2|Alomomola, F|
|poke|p2|Skarmory, M|
|poke|p2|Heatran, M|
|poke|p2|Garganacl, F|
|poke|p2|Mandibuzz, F|
|teampreview
|j| atlas tales
|inactive|Battle timer is ON: inactive players will automatically lose when time's up. (requested by 4kazter)
|inactive|Ill Leave has 120 seconds left.
|
|t:|1743826406
|start
|switch|p1a: Haxorus|Haxorus, M|100/100
|switch|p2a: Heatran|Heatran, M|100/100
|-ability|p1a: Haxorus|Mold Breaker
|turn|1
|
|t:|1743826431
|switch|p2a: Skarmory|Skarmory, M|100/100
|move|p1a: Haxorus|Swords Dance|p1a: Haxorus
|-boost|p1a: Haxorus|atk|2
|
|upkeep
|turn|2
|
|t:|1743826437
|move|p1a: Haxorus|Close Combat|p2a: Skarmory
|-damage|p2a: Skarmory|47/100
|-unboost|p1a: Haxorus|def|1
|-unboost|p1a: Haxorus|spd|1
|-damage|p1a: Haxorus|84/100|[from] item: Rocky Helmet|[of] p2a: Skarmory
|move|p2a: Skarmory|Whirlwind|p1a: Haxorus
|drag|p1a: Slowking|Slowking-Galar, M|100/100
|
|upkeep
|turn|3
|
|t:|1743826448
|switch|p1a: Indeedee|Indeedee, M|100/100
|-fieldstart|move: Psychic Terrain|[from] ability: Psychic Surge|[of] p1a: Indeedee
|move|p2a: Skarmory|Spikes|p1a: Indeedee
|-sidestart|p1: 4kazter|Spikes
|
|upkeep
|turn|4
|
|t:|1743826455
|switch|p2a: Mandibuzz|Mandibuzz, F|100/100
|move|p1a: Indeedee|Encore||[still]
|-fail|p1a: Indeedee
|
|upkeep
|turn|5
|
|t:|1743826462
|switch|p1a: Iron Crown|Iron Crown|100/100
|-damage|p1a: Iron Crown|88/100|[from] Spikes
|-enditem|p1a: Iron Crown|Booster Energy
|-activate|p1a: Iron Crown|ability: Quark Drive|[fromitem]
|-start|p1a: Iron Crown|quarkdrivespe
|move|p2a: Mandibuzz|Knock Off|p1a: Iron Crown
|-supereffective|p1a: Iron Crown
|-damage|p1a: Iron Crown|59/100
|
|upkeep
|turn|6
|
|t:|1743826469
|switch|p2a: Heatran|Heatran, M|100/100
|move|p1a: Iron Crown|Calm Mind|p1a: Iron Crown
|-boost|p1a: Iron Crown|spa|1
|-boost|p1a: Iron Crown|spd|1
|
|upkeep
|turn|7
|
|t:|1743826475
|-terastallize|p1a: Iron Crown|Ground
|move|p1a: Iron Crown|Tera Blast|p2a: Heatran|[anim] Tera Blast Ground
|-supereffective|p2a: Heatran
|-damage|p2a: Heatran|0 fnt
|faint|p2a: Heatran
|
|upkeep
|j| Ioque
|
|t:|1743826484
|switch|p2a: Alomomola|Alomomola, F|100/100
|turn|8
|
|t:|1743826486
|move|p1a: Iron Crown|Calm Mind|p1a: Iron Crown
|-boost|p1a: Iron Crown|spa|1
|-boost|p1a: Iron Crown|spd|1
|move|p2a: Alomomola|Scald|p1a: Iron Crown
|-supereffective|p1a: Iron Crown
|-damage|p1a: Iron Crown|45/100
|
|upkeep
|turn|9
|
|t:|1743826492
|move|p1a: Iron Crown|Expanding Force|p2a: Alomomola
|-damage|p2a: Alomomola|0 fnt
|faint|p2a: Alomomola
|
|upkeep
|
|t:|1743826495
|switch|p2a: Mandibuzz|Mandibuzz, F|100/100
|turn|10
|
|t:|1743826497
|move|p1a: Iron Crown|Tachyon Cutter|p2a: Mandibuzz
|-damage|p2a: Mandibuzz|60/100
|-damage|p2a: Mandibuzz|17/100
|-hitcount|p2a: Mandibuzz|2
|move|p2a: Mandibuzz|Foul Play|p1a: Iron Crown
|-damage|p1a: Iron Crown|22/100
|
|-fieldend|move: Psychic Terrain
|upkeep
|turn|11
|
|t:|1743826504
|move|p1a: Iron Crown|Tachyon Cutter|p2a: Mandibuzz
|-damage|p2a: Mandibuzz|0 fnt
|faint|p2a: Mandibuzz
|-hitcount|p2: Mandibuzz|1
|
|upkeep
|
|t:|1743826506
|switch|p2a: Ursaluna|Ursaluna, F|100/100
|turn|12
|
|t:|1743826509
|move|p1a: Iron Crown|Tachyon Cutter|p2a: Ursaluna
|-damage|p2a: Ursaluna|66/100
|-damage|p2a: Ursaluna|33/100
|-hitcount|p2a: Ursaluna|2
|move|p2a: Ursaluna|Earthquake|p1a: Iron Crown
|-damage|p1a: Iron Crown|0 fnt
|faint|p1a: Iron Crown
|-end|p1a: Iron Crown|Quark Drive|[silent]
|
|-heal|p2a: Ursaluna|39/100|[from] item: Leftovers
|upkeep
|
|t:|1743826524
|switch|p1a: Kyurem|Kyurem|100/100
|-damage|p1a: Kyurem|88/100|[from] Spikes
|-ability|p1a: Kyurem|Pressure
|turn|13
|
|t:|1743826528
|switch|p2a: Garganacl|Garganacl, F|100/100
|move|p1a: Kyurem|Dragon Dance|p1a: Kyurem
|-boost|p1a: Kyurem|atk|1
|-boost|p1a: Kyurem|spe|1
|
|upkeep
|turn|14
|j| man again
|
|t:|1743826534
|move|p1a: Kyurem|Icicle Spear|p2a: Garganacl
|-damage|p2a: Garganacl|86/100
|-crit|p2a: Garganacl
|-damage|p2a: Garganacl|66/100
|-damage|p2a: Garganacl|52/100
|-damage|p2a: Garganacl|38/100
|-crit|p2a: Garganacl
|-damage|p2a: Garganacl|18/100
|-hitcount|p2a: Garganacl|5
|move|p2a: Garganacl|Curse|p2a: Garganacl
|-unboost|p2a: Garganacl|spe|1
|-boost|p2a: Garganacl|atk|1
|-boost|p2a: Garganacl|def|1
|
|-heal|p2a: Garganacl|24/100|[from] item: Leftovers
|upkeep
|turn|15
|j| apoiguespm
|
|t:|1743826547
|-terastallize|p2a: Garganacl|Water
|move|p1a: Kyurem|Dragon Dance|p1a: Kyurem
|-boost|p1a: Kyurem|atk|1
|-boost|p1a: Kyurem|spe|1
|move|p2a: Garganacl|Recover|p2a: Garganacl
|-heal|p2a: Garganacl|74/100
|
|-heal|p2a: Garganacl|80/100|[from] item: Leftovers
|upkeep
|turn|16
|
|t:|1743826555
|move|p1a: Kyurem|Freeze-Dry|p2a: Garganacl
|-supereffective|p2a: Garganacl
|-damage|p2a: Garganacl|41/100
|move|p2a: Garganacl|Curse|p2a: Garganacl
|-unboost|p2a: Garganacl|spe|1
|-boost|p2a: Garganacl|atk|1
|-boost|p2a: Garganacl|def|1
|
|-heal|p2a: Garganacl|47/100|[from] item: Leftovers
|upkeep
|turn|17
|
|t:|1743826565
|switch|p1a: Indeedee|Indeedee, M|100/100
|-damage|p1a: Indeedee|88/100|[from] Spikes
|-fieldstart|move: Psychic Terrain|[from] ability: Psychic Surge|[of] p1a: Indeedee
|move|p2a: Garganacl|Recover|p2a: Garganacl
|-heal|p2a: Garganacl|97/100
|
|-heal|p2a: Garganacl|100/100|[from] item: Leftovers
|upkeep
|turn|18
|
|t:|1743826574
|switch|p2a: Skarmory|Skarmory, M|47/100
|move|p1a: Indeedee|Encore||[still]
|-fail|p1a: Indeedee
|
|upkeep
|turn|19
|
|t:|1743826580
|switch|p1a: Slowking|Slowking-Galar, M|100/100
|-damage|p1a: Slowking|88/100|[from] Spikes
|move|p2a: Skarmory|Brave Bird|p1a: Slowking
|-damage|p1a: Slowking|53/100
|-damage|p2a: Skarmory|33/100|[from] Recoil
|
|upkeep
|turn|20
|l| apoiguespm
|j| ASilentKingambitX
|
|t:|1743826587
|move|p2a: Skarmory|Spikes|p1a: Slowking
|-sidestart|p1: 4kazter|Spikes
|move|p1a: Slowking|Trick Room|p1a: Slowking
|-fieldstart|move: Trick Room|[of] p1a: Slowking
|
|upkeep
|turn|21
|
|t:|1743826595
|switch|p2a: Garganacl|Garganacl, F, tera:Water|100/100
|move|p1a: Slowking|Expanding Force|p2a: Garganacl
|-damage|p2a: Garganacl|32/100
|-damage|p1a: Slowking|43/100|[from] item: Life Orb
|
|-heal|p2a: Garganacl|38/100|[from] item: Leftovers
|upkeep
|turn|22
|
|t:|1743826602
|move|p1a: Slowking|Expanding Force|p2a: Garganacl
|-damage|p2a: Garganacl|0 fnt
|faint|p2a: Garganacl
|-damage|p1a: Slowking|33/100|[from] item: Life Orb
|
|upkeep
|-message|Ill Leave forfeited.
|
|win|4kazter
|raw|4kazter's rating: 1631 &rarr; <strong>1650</strong><br />(+19 for winning)
|raw|Ill Leave's rating: 1609 &rarr; <strong>1590</strong><br />(-19 for losing)
|l|☆Ill Leave
|player|p2|
|l| atlas tales
|l| ASilentKingambitX
|j| atlas tales
|l| atlas tales
|l| man again
