|j|☆ChampionEthan95
|j|☆YaBoiDon
|t:|1743937328
|gametype|singles
|player|p1|ChampionEthan95|ethan|1344
|player|p2|YaBoiDon|dancer|1351
|teamsize|p1|6
|teamsize|p2|6
|gen|9
|tier|[Gen 9] OU
|rated|
|rule|HP Percentage Mod: HP is shown in percentages
|rule|Endless Battle Clause: Forcing endless battles is banned
|rule|Species Clause: Limit one of each Pokémon
|rule|OHKO Clause: OHKO moves are banned
|rule|Evasion Items Clause: Evasion items are banned
|rule|Evasion Moves Clause: Evasion moves are banned
|rule|Sleep Moves Clause: Sleep-inducing moves are banned
|clearpoke
|poke|p1|Ninetales, M|
|poke|p1|Walking Wake|
|poke|p1|Venusaur, F|
|poke|p1|Great Tusk|
|poke|p1|Hatterene, F|
|poke|p1|Charizard, F|
|poke|p2|Incineroar, M|
|poke|p2|Lycanroc-Dusk, F|
|poke|p2|Ninetales-Alola, F|
|poke|p2|Kommo-o, F|
|poke|p2|Mimikyu, M|
|poke|p2|Primarina, M|
|teampreview
|inactive|Battle timer is ON: inactive players will automatically lose when time's up. (requested by ChampionEthan95)
|
|t:|1743937375
|start
|switch|p1a: Ninetales|Ninetales, M|100/100
|switch|p2a: Incineroar|Incineroar, M|100/100
|-weather|SunnyDay|[from] ability: Drought|[of] p1a: Ninetales
|-ability|p2a: Incineroar|Intimidate|boost
|-unboost|p1a: Ninetales|atk|1
|turn|1
|
|t:|1743937396
|switch|p1a: Hatterene|Hatterene, F|100/100
|move|p2a: Incineroar|Knock Off|p1a: Hatterene
|-damage|p1a: Hatterene|65/100
|-enditem|p1a: Hatterene|Eject Button|[from] move: Knock Off|[of] p2a: Incineroar
|
|-weather|SunnyDay|[upkeep]
|upkeep
|turn|2
|inactive|ChampionEthan95 has 120 seconds left.
|
|t:|1743937427
|move|p2a: Incineroar|Flare Blitz|p1a: Hatterene
|-damage|p1a: Hatterene|5/100
|-damage|p2a: Incineroar|84/100|[from] Recoil
|move|p1a: Hatterene|Nuzzle|p2a: Incineroar
|-crit|p2a: Incineroar
|-damage|p2a: Incineroar|80/100
|-status|p2a: Incineroar|par
|
|-weather|SunnyDay|[upkeep]
|upkeep
|turn|3
|
|t:|1743937436
|move|p1a: Hatterene|Healing Wish|p1a: Hatterene
|faint|p1a: Hatterene
|cant|p2a: Incineroar|par
|
|-weather|SunnyDay|[upkeep]
|upkeep
|inactive|ChampionEthan95 has 90 seconds left.
|
|t:|1743937472
|switch|p1a: Great Tusk|Great Tusk|100/100
|-activate|p1a: Great Tusk|ability: Protosynthesis
|-start|p1a: Great Tusk|protosynthesisatk
|turn|4
|inactive|YaBoiDon has 120 seconds left.
|
|t:|1743937507
|move|p1a: Great Tusk|Headlong Rush|p2a: Incineroar
|-supereffective|p2a: Incineroar
|-damage|p2a: Incineroar|0 fnt
|-unboost|p1a: Great Tusk|def|1
|-unboost|p1a: Great Tusk|spd|1
|faint|p2a: Incineroar
|
|-weather|SunnyDay|[upkeep]
|upkeep
|
|t:|1743937511
|switch|p2a: Ninetales|Ninetales-Alola, F|100/100
|-weather|Snowscape|[from] ability: Snow Warning|[of] p2a: Ninetales
|-end|p1a: Great Tusk|Protosynthesis
|turn|5
|inactive|YaBoiDon has 120 seconds left.
|
|t:|1743937522
|switch|p2a: Lycanroc|Lycanroc-Dusk, F|100/100
|-end|p1a: Great Tusk|Protosynthesis|[silent]
|switch|p1a: Ninetales|Ninetales, M|100/100
|-weather|SunnyDay|[from] ability: Drought|[of] p1a: Ninetales
|
|-weather|SunnyDay|[upkeep]
|upkeep
|turn|6
|inactive|YaBoiDon has 120 seconds left.
|
|t:|1743937545
|switch|p1a: Great Tusk|Great Tusk|100/100
|-activate|p1a: Great Tusk|ability: Protosynthesis
|-start|p1a: Great Tusk|protosynthesisatk
|move|p2a: Lycanroc|Drill Run|p1a: Great Tusk
|-damage|p1a: Great Tusk|68/100
|-damage|p2a: Lycanroc|84/100|[from] item: Rocky Helmet|[of] p1a: Great Tusk
|-damage|p2a: Lycanroc|74/100|[from] item: Life Orb
|
|-weather|SunnyDay|[upkeep]
|upkeep
|turn|7
|
|t:|1743937555
|move|p2a: Lycanroc|Play Rough|p1a: Great Tusk
|-supereffective|p1a: Great Tusk
|-damage|p1a: Great Tusk|0 fnt
|-damage|p2a: Lycanroc|58/100|[from] item: Rocky Helmet|[of] p1a: Great Tusk
|faint|p1a: Great Tusk
|-end|p1a: Great Tusk|Protosynthesis|[silent]
|-damage|p2a: Lycanroc|48/100|[from] item: Life Orb
|
|-weather|SunnyDay|[upkeep]
|upkeep
|
|t:|1743937559
|switch|p1a: Venusaur|Venusaur, F|100/100
|turn|8
|
|t:|1743937583
|switch|p2a: Ninetales|Ninetales-Alola, F|100/100
|-weather|Snowscape|[from] ability: Snow Warning|[of] p2a: Ninetales
|move|p1a: Venusaur|Giga Drain|p2a: Ninetales
|-damage|p2a: Ninetales|53/100
|-damage|p1a: Venusaur|91/100|[from] item: Life Orb
|
|-weather|Snowscape|[upkeep]
|upkeep
|turn|9
|inactive|YaBoiDon has 120 seconds left.
|
|t:|1743937603
|switch|p2a: Kommo-o|Kommo-o, F|100/100
|switch|p1a: Ninetales|Ninetales, M|100/100
|-weather|SunnyDay|[from] ability: Drought|[of] p1a: Ninetales
|
|-weather|SunnyDay|[upkeep]
|upkeep
|turn|10
|inactive|ChampionEthan95 has 120 seconds left.
|
|t:|1743937631
|switch|p1a: Walking Wake|Walking Wake|100/100
|-activate|p1a: Walking Wake|ability: Protosynthesis
|-start|p1a: Walking Wake|protosynthesisspe
|move|p2a: Kommo-o|Clangorous Soul|p2a: Kommo-o
|-boost|p2a: Kommo-o|atk|1
|-boost|p2a: Kommo-o|def|1
|-boost|p2a: Kommo-o|spa|1
|-boost|p2a: Kommo-o|spd|1
|-boost|p2a: Kommo-o|spe|1
|-damage|p2a: Kommo-o|68/100
|
|-weather|SunnyDay|[upkeep]
|upkeep
|turn|11
|
|t:|1743937656
|-terastallize|p1a: Walking Wake|Water
|-terastallize|p2a: Kommo-o|Normal
|move|p1a: Walking Wake|Hydro Steam|p2a: Kommo-o
|-damage|p2a: Kommo-o|0 fnt
|faint|p2a: Kommo-o
|
|-weather|SunnyDay|[upkeep]
|upkeep
|
|t:|1743937664
|switch|p2a: Ninetales|Ninetales-Alola, F|53/100
|-weather|Snowscape|[from] ability: Snow Warning|[of] p2a: Ninetales
|-end|p1a: Walking Wake|Protosynthesis
|turn|12
|
|t:|1743937670
|switch|p2a: Primarina|Primarina, M|100/100
|-end|p1a: Walking Wake|Protosynthesis|[silent]
|switch|p1a: Ninetales|Ninetales, M|100/100
|-weather|SunnyDay|[from] ability: Drought|[of] p1a: Ninetales
|
|-weather|SunnyDay|[upkeep]
|upkeep
|turn|13
|
|t:|1743937682
|switch|p1a: Venusaur|Venusaur, F|91/100
|-heal|p1a: Venusaur|100/100|[from] move: Healing Wish
|move|p2a: Primarina|Psychic Noise|p1a: Venusaur
|-supereffective|p1a: Venusaur
|-damage|p1a: Venusaur|33/100
|-start|p1a: Venusaur|move: Heal Block
|
|-weather|SunnyDay|[upkeep]
|upkeep
|turn|14
|inactive|ChampionEthan95 has 120 seconds left.
|
|t:|1743937697
|switch|p2a: Lycanroc|Lycanroc-Dusk, F|48/100
|move|p1a: Venusaur|Weather Ball|p2a: Lycanroc
|-resisted|p2a: Lycanroc
|-crit|p2a: Lycanroc
|-damage|p2a: Lycanroc|0 fnt
|faint|p2a: Lycanroc
|-damage|p1a: Venusaur|23/100|[from] item: Life Orb
|
|-weather|SunnyDay|[upkeep]
|-end|p1a: Venusaur|move: Heal Block
|upkeep
|inactive|YaBoiDon has 120 seconds left.
|
|t:|1743937723
|switch|p2a: Ninetales|Ninetales-Alola, F|53/100
|-weather|Snowscape|[from] ability: Snow Warning|[of] p2a: Ninetales
|turn|15
|inactive|ChampionEthan95 has 120 seconds left.
|
|t:|1743937760
|switch|p1a: Ninetales|Ninetales, M|100/100
|-weather|SunnyDay|[from] ability: Drought|[of] p1a: Ninetales
|move|p2a: Ninetales|Freeze-Dry|p1a: Ninetales
|-resisted|p1a: Ninetales
|-damage|p1a: Ninetales|88/100
|
|-weather|SunnyDay|[upkeep]
|upkeep
|turn|16
|
|t:|1743937773
|switch|p2a: Primarina|Primarina, M|100/100
|move|p1a: Ninetales|Weather Ball|p2a: Primarina
|-resisted|p2a: Primarina
|-damage|p2a: Primarina|89/100
|
|-weather|SunnyDay|[upkeep]
|upkeep
|turn|17
|
|t:|1743937784
|switch|p1a: Venusaur|Venusaur, F|23/100
|move|p2a: Primarina|Surf|p1a: Venusaur
|-resisted|p1a: Venusaur
|-damage|p1a: Venusaur|8/100
|
|-weather|SunnyDay|[upkeep]
|upkeep
|turn|18
|inactive|YaBoiDon has 120 seconds left.
|c|☆ChampionEthan95|hahhahahahhahahhaahhahahahhahahhahahahahh
|
|t:|1743937811
|switch|p2a: Ninetales|Ninetales-Alola, F|53/100
|-weather|Snowscape|[from] ability: Snow Warning|[of] p2a: Ninetales
|move|p1a: Venusaur|Giga Drain|p2a: Ninetales
|-damage|p2a: Ninetales|2/100
|-heal|p1a: Venusaur|33/100|[from] drain|[of] p2a: Ninetales
|-damage|p1a: Venusaur|23/100|[from] item: Life Orb
|
|-weather|Snowscape|[upkeep]
|upkeep
|turn|19
|
|t:|1743937835
|switch|p1a: Ninetales|Ninetales, M|88/100
|-weather|SunnyDay|[from] ability: Drought|[of] p1a: Ninetales
|move|p2a: Ninetales|Freeze-Dry|p1a: Ninetales
|-resisted|p1a: Ninetales
|-damage|p1a: Ninetales|75/100
|
|-weather|SunnyDay|[upkeep]
|upkeep
|turn|20
|inactive|YaBoiDon has 90 seconds left.
|
|t:|1743937865
|switch|p2a: Primarina|Primarina, M|89/100
|switch|p1a: Venusaur|Venusaur, F|23/100
|
|-weather|SunnyDay|[upkeep]
|upkeep
|turn|21
|
|t:|1743937869
|move|p1a: Venusaur|Giga Drain|p2a: Primarina
|-supereffective|p2a: Primarina
|-damage|p2a: Primarina|43/100
|-heal|p1a: Venusaur|50/100|[from] drain|[of] p2a: Primarina
|-damage|p1a: Venusaur|40/100|[from] item: Life Orb
|move|p2a: Primarina|Ice Beam|p1a: Venusaur
|-supereffective|p1a: Venusaur
|-damage|p1a: Venusaur|0 fnt
|faint|p1a: Venusaur
|
|-weather|SunnyDay|[upkeep]
|upkeep
|
|t:|1743937886
|switch|p1a: Charizard|Charizard, F|100/100
|turn|22
|inactive|YaBoiDon has 90 seconds left.
|
|t:|1743937916
|switch|p2a: Ninetales|Ninetales-Alola, F|2/100
|-weather|Snowscape|[from] ability: Snow Warning|[of] p2a: Ninetales
|move|p1a: Charizard|Overheat|p2a: Ninetales
|-supereffective|p2a: Ninetales
|-damage|p2a: Ninetales|0 fnt
|-unboost|p1a: Charizard|spa|2
|faint|p2a: Ninetales
|
|-weather|Snowscape|[upkeep]
|upkeep
|
|t:|1743937925
|switch|p2a: Mimikyu|Mimikyu, M|100/100
|turn|23
|inactive|YaBoiDon has 90 seconds left.
|
|t:|1743937930
|switch|p1a: Ninetales|Ninetales, M|75/100
|-weather|SunnyDay|[from] ability: Drought|[of] p1a: Ninetales
|move|p2a: Mimikyu|Swords Dance|p2a: Mimikyu
|-boost|p2a: Mimikyu|atk|2
|
|-weather|SunnyDay|[upkeep]
|upkeep
|turn|24
|inactive|YaBoiDon has 90 seconds left.
|
|t:|1743937967
|move|p1a: Ninetales|Encore|p2a: Mimikyu
|-start|p2a: Mimikyu|Encore
|move|p2a: Mimikyu|Swords Dance|p2a: Mimikyu
|-boost|p2a: Mimikyu|atk|2
|
|-weather|SunnyDay|[upkeep]
|upkeep
|turn|25
|inactive|ChampionEthan95 has 120 seconds left.
|
|t:|1743937990
|switch|p2a: Primarina|Primarina, M|43/100
|move|p1a: Ninetales|Weather Ball|p2a: Primarina
|-resisted|p2a: Primarina
|-damage|p2a: Primarina|31/100
|
|-weather|SunnyDay|[upkeep]
|upkeep
|turn|26
|inactive|ChampionEthan95 has 120 seconds left.
|inactive|YaBoiDon has 60 seconds left.
|
|t:|1743938006
|move|p1a: Ninetales|Healing Wish|p1a: Ninetales
|faint|p1a: Ninetales
|move|p2a: Primarina|Moonblast|p1: Ninetales|[notarget]
|-fail|p2a: Primarina
|
|-weather|SunnyDay|[upkeep]
|upkeep
|inactive|ChampionEthan95 has 120 seconds left.
|
|t:|1743938012
|switch|p1a: Charizard|Charizard, F|100/100
|turn|27
|
|t:|1743938026
|move|p1a: Charizard|Weather Ball|p2a: Primarina
|-resisted|p2a: Primarina
|-damage|p2a: Primarina|0 fnt
|faint|p2a: Primarina
|
|-weather|SunnyDay|[upkeep]
|-damage|p1a: Charizard|88/100|[from] ability: Solar Power|[of] p1a: Charizard
|upkeep
|
|t:|1743938028
|switch|p2a: Mimikyu|Mimikyu, M|100/100
|turn|28
|
|t:|1743938049
|move|p1a: Charizard|Weather Ball|p2a: Mimikyu
|-activate|p2a: Mimikyu|ability: Disguise
|-damage|p2a: Mimikyu|100/100
|detailschange|p2a: Mimikyu|Mimikyu-Busted, M
|-damage|p2a: Mimikyu|88/100|[from] pokemon: Mimikyu-Busted
|-enditem|p2a: Mimikyu|Red Card|[of] p1a: Charizard
|drag|p1a: Walking Wake|Walking Wake, tera:Water|100/100
|-activate|p1a: Walking Wake|ability: Protosynthesis
|-start|p1a: Walking Wake|protosynthesisspe
|move|p2a: Mimikyu|Swords Dance|p2a: Mimikyu
|-boost|p2a: Mimikyu|atk|2
|
|-weather|SunnyDay|[upkeep]
|upkeep
|turn|29
|inactive|ChampionEthan95 has 120 seconds left.
|c|☆ChampionEthan95|damn that helped m
|c|☆ChampionEthan95|the red card
|
|t:|1743938079
|move|p1a: Walking Wake|Hydro Steam|p2a: Mimikyu
|-damage|p2a: Mimikyu|0 fnt
|faint|p2a: Mimikyu
|
|win|ChampionEthan95
|raw|ChampionEthan95's rating: 1344 &rarr; <strong>1364</strong><br />(+20 for winning)
|raw|YaBoiDon's rating: 1351 &rarr; <strong>1331</strong><br />(-20 for losing)
|l|☆YaBoiDon
|player|p2|
