|j|☆Yaroko
|j|☆bor3dlol
|t:|1743801427
|gametype|singles
|player|p1|Yaroko|pokemonbreeder-gen4|1088
|player|p2|bor3dlol|101|1084
|teamsize|p1|6
|teamsize|p2|6
|gen|9
|tier|[Gen 9] OU
|rated|
|rule|HP Percentage Mod: HP is shown in percentages
|rule|Endless Battle Clause: Forcing endless battles is banned
|rule|Species Clause: Limit one of each Pokémon
|rule|OHKO Clause: OHKO moves are banned
|rule|Evasion Items Clause: Evasion items are banned
|rule|Evasion Moves Clause: Evasion moves are banned
|rule|Sleep Moves Clause: Sleep-inducing moves are banned
|clearpoke
|poke|p1|Mimikyu, F|
|poke|p1|Ursaluna, F|
|poke|p1|Corviknight, F|
|poke|p1|Decidueye-Hisui, F|
|poke|p1|Rotom-Wash|
|poke|p1|Cinderace, M|
|poke|p2|Landorus-Therian, M|
|poke|p2|Scizor, M|
|poke|p2|Primarina, M|
|poke|p2|Raging Bolt|
|poke|p2|Pecharunt|
|poke|p2|Ogerpon-Wellspring, F|
|teampreview
|inactive|Battle timer is ON: inactive players will automatically lose when time's up. (requested by bor3dlol)
|j| jusbrezzy
|l| jusbrezzy
|
|t:|1743801438
|start
|switch|p1a: Mimikyu|Mimikyu, F|100/100
|switch|p2a: Landorus|Landorus-Therian, M|100/100
|-ability|p2a: Landorus|Intimidate|boost
|-unboost|p1a: Mimikyu|atk|1
|turn|1
|
|t:|1743801446
|move|p2a: Landorus|Taunt|p1a: Mimikyu
|-start|p1a: Mimikyu|move: Taunt
|cant|p1a: Mimikyu|move: Taunt|Bulk Up
|
|upkeep
|turn|2
|
|t:|1743801453
|switch|p1a: Ursaluna|Ursaluna, F|100/100
|move|p2a: Landorus|Stealth Rock|p1a: Ursaluna
|-sidestart|p1: Yaroko|move: Stealth Rock
|
|-status|p1a: Ursaluna|brn|[from] item: Flame Orb
|upkeep
|turn|3
|
|t:|1743801474
|switch|p2a: Pecharunt|Pecharunt|100/100
|move|p1a: Ursaluna|Facade|p2a: Pecharunt
|-immune|p2a: Pecharunt
|
|-damage|p1a: Ursaluna|94/100 brn|[from] brn
|upkeep
|turn|4
|inactive|bor3dlol has 120 seconds left.
|
|t:|1743801501
|move|p2a: Pecharunt|Parting Shot|p1a: Ursaluna
|-unboost|p1a: Ursaluna|atk|1
|-unboost|p1a: Ursaluna|spa|1
|
|t:|1743801505
|switch|p2a: Landorus|Landorus-Therian, M|100/100|[from] Parting Shot
|-ability|p2a: Landorus|Intimidate|boost
|-unboost|p1a: Ursaluna|atk|1
|move|p1a: Ursaluna|Earthquake|p2a: Landorus
|-immune|p2a: Landorus
|
|-damage|p1a: Ursaluna|88/100 brn|[from] brn
|upkeep
|turn|5
|inactive|bor3dlol has 120 seconds left.
|
|t:|1743801523
|switch|p1a: Rotom|Rotom-Wash|100/100
|-damage|p1a: Rotom|88/100|[from] Stealth Rock
|move|p2a: Landorus|U-turn|p1a: Rotom
|-damage|p1a: Rotom|59/100
|
|t:|1743801538
|switch|p2a: Raging Bolt|Raging Bolt|100/100|[from] U-turn
|-enditem|p2a: Raging Bolt|Booster Energy
|-activate|p2a: Raging Bolt|ability: Protosynthesis|[fromitem]
|-start|p2a: Raging Bolt|protosynthesisspa
|
|upkeep
|turn|6
|
|t:|1743801556
|move|p1a: Rotom|Will-O-Wisp|p2a: Raging Bolt
|-status|p2a: Raging Bolt|brn
|move|p2a: Raging Bolt|Dragon Pulse|p1a: Rotom
|-damage|p1a: Rotom|0 fnt
|faint|p1a: Rotom
|
|-damage|p2a: Raging Bolt|94/100 brn|[from] brn
|upkeep
|
|t:|1743801567
|switch|p1a: Mimikyu|Mimikyu, F|100/100
|-damage|p1a: Mimikyu|88/100|[from] Stealth Rock
|turn|7
|
|t:|1743801577
|-end|p2a: Raging Bolt|Protosynthesis|[silent]
|switch|p2a: Landorus|Landorus-Therian, M|100/100
|-ability|p2a: Landorus|Intimidate|boost
|-unboost|p1a: Mimikyu|atk|1
|move|p1a: Mimikyu|Bulk Up|p1a: Mimikyu
|-boost|p1a: Mimikyu|atk|1
|-boost|p1a: Mimikyu|def|1
|
|-heal|p1a: Mimikyu|94/100|[from] item: Leftovers
|upkeep
|turn|8
|inactive|bor3dlol has 120 seconds left.
|
|t:|1743801588
|move|p2a: Landorus|Taunt|p1a: Mimikyu
|-start|p1a: Mimikyu|move: Taunt
|move|p1a: Mimikyu|Wood Hammer|p2a: Landorus
|-damage|p2a: Landorus|67/100
|-damage|p1a: Mimikyu|78/100|[from] item: Rocky Helmet|[of] p2a: Landorus
|-damage|p1a: Mimikyu|64/100|[from] Recoil
|
|-heal|p1a: Mimikyu|70/100|[from] item: Leftovers
|upkeep
|turn|9
|
|t:|1743801603
|move|p2a: Landorus|Earthquake|p1a: Mimikyu
|-activate|p1a: Mimikyu|ability: Disguise
|-damage|p1a: Mimikyu|70/100
|detailschange|p1a: Mimikyu|Mimikyu-Busted, F
|-damage|p1a: Mimikyu|58/100|[from] pokemon: Mimikyu-Busted
|move|p1a: Mimikyu|Shadow Claw|p2a: Landorus
|-crit|p2a: Landorus
|-damage|p2a: Landorus|20/100
|-damage|p1a: Mimikyu|41/100|[from] item: Rocky Helmet|[of] p2a: Landorus
|
|-heal|p1a: Mimikyu|47/100|[from] item: Leftovers
|upkeep
|turn|10
|
|t:|1743801616
|move|p2a: Landorus|Earthquake|p1a: Mimikyu
|-damage|p1a: Mimikyu|8/100
|move|p1a: Mimikyu|Shadow Claw|p2a: Landorus
|-damage|p2a: Landorus|0 fnt
|-damage|p1a: Mimikyu|0 fnt|[from] item: Rocky Helmet|[of] p2a: Landorus
|faint|p2a: Landorus
|faint|p1a: Mimikyu
|
|upkeep
|
|t:|1743801631
|switch|p2a: Ogerpon|Ogerpon-Wellspring, F|100/100
|switch|p1a: Corviknight|Corviknight, F|100/100
|-damage|p1a: Corviknight|88/100|[from] Stealth Rock
|turn|11
|inactive|bor3dlol has 120 seconds left.
|
|t:|1743801655
|-terastallize|p2a: Ogerpon|Water
|detailschange|p2a: Ogerpon|Ogerpon-Wellspring-Tera, F, tera:Water
|-ability|p2a: Ogerpon|Embody Aspect (Wellspring)|boost
|-boost|p2a: Ogerpon|spd|1
|move|p2a: Ogerpon|Ivy Cudgel|p1a: Corviknight|[anim] Ivy Cudgel Water
|-damage|p1a: Corviknight|29/100
|move|p1a: Corviknight|Brave Bird|p2a: Ogerpon
|-crit|p2a: Ogerpon
|-damage|p2a: Ogerpon|0 fnt
|faint|p2a: Ogerpon
|-damage|p1a: Corviknight|4/100|[from] Recoil
|
|-heal|p1a: Corviknight|10/100|[from] item: Leftovers
|upkeep
|inactive|bor3dlol has 120 seconds left.
|c|☆bor3dlol|sheeesh
|
|t:|1743801675
|switch|p2a: Raging Bolt|Raging Bolt|94/100 brn
|turn|12
|
|t:|1743801680
|move|p2a: Raging Bolt|Dragon Pulse|p1a: Corviknight
|-resisted|p1a: Corviknight
|-damage|p1a: Corviknight|0 fnt
|faint|p1a: Corviknight
|
|-damage|p2a: Raging Bolt|88/100 brn|[from] brn
|upkeep
|
|t:|1743801688
|switch|p1a: Ursaluna|Ursaluna, F|88/100 brn
|-damage|p1a: Ursaluna|82/100 brn|[from] Stealth Rock
|turn|13
|inactive|bor3dlol has 120 seconds left.
|
|t:|1743801705
|move|p2a: Raging Bolt|Dragon Pulse|p1a: Ursaluna
|-damage|p1a: Ursaluna|35/100 brn
|move|p1a: Ursaluna|Earthquake|p2a: Raging Bolt
|-supereffective|p2a: Raging Bolt
|-damage|p2a: Raging Bolt|0 fnt
|faint|p2a: Raging Bolt
|-end|p2a: Raging Bolt|Protosynthesis|[silent]
|
|-damage|p1a: Ursaluna|29/100 brn|[from] brn
|upkeep
|
|t:|1743801713
|switch|p2a: Scizor|Scizor, M|100/100
|turn|14
|
|t:|1743801718
|move|p2a: Scizor|Bullet Punch|p1a: Ursaluna
|-damage|p1a: Ursaluna|0 fnt
|faint|p1a: Ursaluna
|-damage|p2a: Scizor|91/100|[from] item: Life Orb
|
|upkeep
|
|t:|1743801723
|switch|p1a: Cinderace|Cinderace, M|100/100
|-damage|p1a: Cinderace|76/100|[from] Stealth Rock
|turn|15
|
|t:|1743801730
|move|p1a: Cinderace|Acrobatics|p2a: Scizor
|-start|p1a: Cinderace|typechange|Flying|[from] ability: Libero
|-damage|p2a: Scizor|62/100
|move|p2a: Scizor|Close Combat|p1a: Cinderace
|-resisted|p1a: Cinderace
|-damage|p1a: Cinderace|31/100
|-unboost|p2a: Scizor|def|1
|-unboost|p2a: Scizor|spd|1
|-damage|p2a: Scizor|52/100|[from] item: Life Orb
|
|upkeep
|turn|16
|
|t:|1743801745
|move|p2a: Scizor|Bullet Punch|p1a: Cinderace
|-damage|p1a: Cinderace|0 fnt
|faint|p1a: Cinderace
|-damage|p2a: Scizor|42/100|[from] item: Life Orb
|
|upkeep
|
|t:|1743801751
|switch|p1a: Decidueye|Decidueye-Hisui, F|100/100
|-damage|p1a: Decidueye|94/100|[from] Stealth Rock
|turn|17
|
|t:|1743801767
|move|p2a: Scizor|Bullet Punch|p1a: Decidueye
|-damage|p1a: Decidueye|43/100
|-damage|p2a: Scizor|32/100|[from] item: Life Orb
|move|p1a: Decidueye|Close Combat|p2a: Scizor
|-damage|p2a: Scizor|0 fnt
|-unboost|p1a: Decidueye|def|1
|-unboost|p1a: Decidueye|spd|1
|faint|p2a: Scizor
|
|upkeep
|
|t:|1743801772
|switch|p2a: Primarina|Primarina, M|100/100
|turn|18
|
|t:|1743801780
|move|p2a: Primarina|Moonblast|p1a: Decidueye
|-supereffective|p1a: Decidueye
|-damage|p1a: Decidueye|0 fnt
|faint|p1a: Decidueye
|
|win|bor3dlol
|raw|Yaroko's rating: 1088 &rarr; <strong>1065</strong><br />(-23 for losing)
|raw|bor3dlol's rating: 1084 &rarr; <strong>1112</strong><br />(+28 for winning)
|c|☆bor3dlol|gg
|l|☆Yaroko
|player|p1|
