|j|☆Ash's First Girl
|j|☆BrandedCoot
|t:|1743804692
|gametype|singles
|player|p1|Ash's First Girl|bruno-gen2|1117
|player|p2|BrandedCoot|acetrainer-gen4|1149
|teamsize|p1|6
|teamsize|p2|6
|gen|9
|tier|[Gen 9] OU
|rated|
|rule|HP Percentage Mod: HP is shown in percentages
|rule|Endless Battle Clause: Forcing endless battles is banned
|rule|Species Clause: Limit one of each Pokémon
|rule|OHKO Clause: OHKO moves are banned
|rule|Evasion Items Clause: Evasion items are banned
|rule|Evasion Moves Clause: Evasion moves are banned
|rule|Sleep Moves Clause: Sleep-inducing moves are banned
|clearpoke
|poke|p1|Scizor, M|
|poke|p1|Tinkaton, F|
|poke|p1|Arcanine-Hisui, F|
|poke|p1|Zapdos|
|poke|p1|Primarina, F|
|poke|p1|Ursaluna, M|
|poke|p2|Tinkaton, F|
|poke|p2|Cinderace, F|
|poke|p2|Gliscor, M|
|poke|p2|Darkrai|
|poke|p2|Zamazenta-*|
|poke|p2|Alomomola, F|
|teampreview
|inactive|Battle timer is ON: inactive players will automatically lose when time's up. (requested by Ash's First Girl)
|inactive|Ash's First Girl has 120 seconds left.
|c|☆BrandedCoot|It’s always the people with auto timer that take the longest….
|inactiveoff|Battle timer is now OFF.
|inactive|Battle timer is ON: inactive players will automatically lose when time's up. (requested by BrandedCoot)
|
|t:|1743804749
|start
|switch|p1a: Shawk|Zapdos|100/100
|switch|p2a: Gliscor|Gliscor, M, shiny|100/100
|turn|1
|c|☆Ash's First Girl|:(
|
|t:|1743804764
|move|p1a: Shawk|Heat Wave|p2a: Gliscor
|-damage|p2a: Gliscor|58/100
|move|p2a: Gliscor|Toxic|p1a: Shawk
|-status|p1a: Shawk|tox
|
|-damage|p1a: Shawk|94/100 tox|[from] psn
|-status|p2a: Gliscor|tox|[from] item: Toxic Orb
|upkeep
|turn|2
|
|t:|1743804773
|move|p2a: Gliscor|Protect|p2a: Gliscor
|-singleturn|p2a: Gliscor|Protect
|move|p1a: Shawk|Hurricane|p2a: Gliscor
|-activate|p2a: Gliscor|move: Protect
|
|-damage|p1a: Shawk|82/100 tox|[from] psn
|-heal|p2a: Gliscor|71/100 tox|[from] ability: Poison Heal
|upkeep
|turn|3
|
|t:|1743804784
|move|p1a: Shawk|Hurricane|p2a: Gliscor
|-damage|p2a: Gliscor|0 fnt
|faint|p2a: Gliscor
|
|-damage|p1a: Shawk|63/100 tox|[from] psn
|upkeep
|
|t:|1743804789
|switch|p2a: Alomomola|Alomomola, F|100/100
|turn|4
|
|t:|1743804796
|move|p1a: Shawk|Thunderbolt|p2a: Alomomola
|-supereffective|p2a: Alomomola
|-damage|p2a: Alomomola|50/100
|move|p2a: Alomomola|Mirror Coat|p1a: Shawk
|-damage|p1a: Shawk|0 fnt
|faint|p1a: Shawk
|
|upkeep
|
|t:|1743804810
|switch|p1a: Baby|Primarina, F|100/100
|turn|5
|
|t:|1743804821
|move|p1a: Baby|Flip Turn|p2a: Alomomola
|-resisted|p2a: Alomomola
|-damage|p2a: Alomomola|45/100
|
|t:|1743804831
|switch|p1a: Night|Ursaluna, M|100/100|[from] Flip Turn
|move|p2a: Alomomola|Mirror Coat||[still]
|-fail|p2a: Alomomola
|
|-status|p1a: Night|brn|[from] item: Flame Orb
|upkeep
|turn|6
|
|t:|1743804840
|move|p2a: Alomomola|Flip Turn|p1a: Night
|-supereffective|p1a: Night
|-damage|p1a: Night|75/100 brn
|
|t:|1743804846
|switch|p2a: Zamazenta|Zamazenta|100/100|[from] Flip Turn
|-ability|p2a: Zamazenta|Dauntless Shield|boost
|-boost|p2a: Zamazenta|def|1
|move|p1a: Night|Facade|p2a: Zamazenta
|-damage|p2a: Zamazenta|37/100
|
|-heal|p2a: Zamazenta|43/100|[from] item: Leftovers
|-damage|p1a: Night|68/100 brn|[from] brn
|upkeep
|turn|7
|
|t:|1743804860
|switch|p1a: Baby|Primarina, F|100/100
|move|p2a: Zamazenta|Body Press|p1a: Baby
|-resisted|p1a: Baby
|-damage|p1a: Baby|71/100
|
|-heal|p2a: Zamazenta|49/100|[from] item: Leftovers
|-heal|p1a: Baby|77/100|[from] item: Leftovers
|upkeep
|turn|8
|
|t:|1743804873
|switch|p2a: Alomomola|Alomomola, F|78/100
|move|p1a: Baby|Draining Kiss|p2a: Alomomola
|-damage|p2a: Alomomola|63/100
|-heal|p1a: Baby|92/100|[from] drain|[of] p2a: Alomomola
|
|-heal|p1a: Baby|98/100|[from] item: Leftovers
|upkeep
|turn|9
|
|t:|1743804881
|move|p1a: Baby|Moonblast|p2a: Alomomola
|-damage|p2a: Alomomola|32/100
|-unboost|p2a: Alomomola|spa|1
|move|p2a: Alomomola|Flip Turn|p1a: Baby
|-resisted|p1a: Baby
|-damage|p1a: Baby|88/100
|
|t:|1743804887
|switch|p2a: Darkrai|Darkrai|100/100|[from] Flip Turn
|
|-heal|p1a: Baby|94/100|[from] item: Leftovers
|upkeep
|turn|10
|
|t:|1743804895
|switch|p1a: Toothfairy|Tinkaton, F|100/100
|-terastallize|p2a: Darkrai|Poison
|move|p2a: Darkrai|Sludge Bomb|p1a: Toothfairy
|-immune|p1a: Toothfairy
|
|upkeep
|turn|11
|
|t:|1743804910
|switch|p2a: Alomomola|Alomomola, F|65/100
|move|p1a: Toothfairy|Knock Off|p2a: Alomomola
|-damage|p2a: Alomomola|49/100
|-enditem|p2a: Alomomola|Assault Vest|[from] move: Knock Off|[of] p1a: Toothfairy
|
|upkeep
|turn|12
|
|t:|1743804917
|move|p1a: Toothfairy|Stealth Rock|p2a: Alomomola
|-sidestart|p2: BrandedCoot|move: Stealth Rock
|move|p2a: Alomomola|Scald|p1a: Toothfairy
|-damage|p1a: Toothfairy|87/100
|
|upkeep
|turn|13
|
|t:|1743804924
|switch|p1a: Baby|Primarina, F|94/100
|move|p2a: Alomomola|Scald|p1a: Baby
|-resisted|p1a: Baby
|-damage|p1a: Baby|89/100
|
|-heal|p1a: Baby|95/100|[from] item: Leftovers
|upkeep
|turn|14
|
|t:|1743804929
|move|p1a: Baby|Moonblast|p2a: Alomomola
|-damage|p2a: Alomomola|8/100
|move|p2a: Alomomola|Mirror Coat|p1a: Baby
|-damage|p1a: Baby|0 fnt
|faint|p1a: Baby
|
|upkeep
|
|t:|1743804951
|switch|p1a: Dynamite|Arcanine-Hisui, F|100/100
|turn|15
|
|t:|1743804957
|move|p1a: Dynamite|Flare Blitz|p2a: Alomomola
|-resisted|p2a: Alomomola
|-damage|p2a: Alomomola|0 fnt
|faint|p2a: Alomomola
|
|upkeep
|
|t:|1743804964
|switch|p2a: Cinderace|Cinderace, F|100/100
|turn|16
|
|t:|1743804974
|-terastallize|p1a: Dynamite|Fire
|move|p1a: Dynamite|Flare Blitz|p2a: Cinderace
|-resisted|p2a: Cinderace
|-damage|p2a: Cinderace|37/100
|move|p2a: Cinderace|Court Change|p2a: Cinderace
|-start|p2a: Cinderace|typechange|Normal|[from] ability: Libero
|-swapsideconditions
|-activate|p2a: Cinderace|move: Court Change
|
|upkeep
|turn|17
|
|t:|1743804988
|move|p1a: Dynamite|Flare Blitz|p2a: Cinderace
|-damage|p2a: Cinderace|0 fnt
|faint|p2a: Cinderace
|
|upkeep
|
|t:|1743804991
|switch|p2a: Tinkaton|Tinkaton, F|100/100
|-ability|p2a: Tinkaton|Mold Breaker
|turn|18
|
|t:|1743804996
|move|p1a: Dynamite|Flare Blitz|p2a: Tinkaton
|-supereffective|p2a: Tinkaton
|-damage|p2a: Tinkaton|0 fnt
|faint|p2a: Tinkaton
|
|upkeep
|
|t:|1743805000
|switch|p2a: Zamazenta|Zamazenta|49/100
|turn|19
|
|t:|1743805005
|move|p1a: Dynamite|Flare Blitz|p2a: Zamazenta
|-damage|p2a: Zamazenta|0 fnt
|faint|p2a: Zamazenta
|
|upkeep
|c|☆BrandedCoot|Gg
|
|t:|1743805012
|switch|p2a: Darkrai|Darkrai, tera:Poison|100/100
|turn|20
|
|t:|1743805014
|move|p1a: Dynamite|Flare Blitz|p2a: Darkrai
|-damage|p2a: Darkrai|0 fnt
|faint|p2a: Darkrai
|
|win|Ash's First Girl
|raw|Ash&apos;s First Girl's rating: 1117 &rarr; <strong>1144</strong><br />(+27 for winning)
|raw|BrandedCoot's rating: 1149 &rarr; <strong>1122</strong><br />(-27 for losing)
