|j|☆Dark-J-K_78
|j|☆Pyrez57
|t:|1743903677
|gametype|singles
|player|p1|Dark-J-K_78|101|1494
|player|p2|Pyrez57|blue|1566
|teamsize|p1|6
|teamsize|p2|6
|gen|9
|tier|[Gen 9] OU
|rated|
|rule|HP Percentage Mod: HP is shown in percentages
|rule|Endless Battle Clause: Forcing endless battles is banned
|rule|Species Clause: Limit one of each Pokémon
|rule|OHKO Clause: OHKO moves are banned
|rule|Evasion Items Clause: Evasion items are banned
|rule|Evasion Moves Clause: Evasion moves are banned
|rule|Sleep Moves Clause: Sleep-inducing moves are banned
|clearpoke
|poke|p1|Deoxys-Defense|
|poke|p1|Landorus-Therian, M|
|poke|p1|Blissey, F|
|poke|p1|Raichu-Alola, F|
|poke|p1|Ditto|
|poke|p1|Meloetta|
|poke|p2|Kingambit, M|
|poke|p2|Zapdos|
|poke|p2|Great Tusk|
|poke|p2|Grimmsnarl, M|
|poke|p2|Dragapult, M|
|poke|p2|Latios, M|
|teampreview
|
|t:|1743903703
|start
|switch|p1a: Bouledozer|Blissey, F|100/100
|switch|p2a: SR-71 BlkBrd|Dragapult, M, shiny|100/100
|turn|1
|
|t:|1743903709
|move|p2a: SR-71 BlkBrd|Dragon Darts|p1a: Bouledozer
|-damage|p1a: Bouledozer|68/100
|-anim|p2a: SR-71 BlkBrd|Dragon Darts|p1a: Bouledozer
|-damage|p1a: Bouledozer|37/100
|-damage|p2a: SR-71 BlkBrd|91/100|[from] item: Life Orb
|move|p1a: Bouledozer|Electric Terrain|p1a: Bouledozer
|-fieldstart|move: Electric Terrain
|
|upkeep
|turn|2
|
|t:|1743903720
|move|p2a: SR-71 BlkBrd|Dragon Darts|p1a: Bouledozer
|-damage|p1a: Bouledozer|4/100
|-anim|p2a: SR-71 BlkBrd|Dragon Darts|p1a: Bouledozer
|-damage|p1a: Bouledozer|0 fnt
|faint|p1a: Bouledozer
|-damage|p2a: SR-71 BlkBrd|81/100|[from] item: Life Orb
|
|upkeep
|
|t:|1743903730
|switch|p1a: Brice|Raichu-Alola, F|100/100
|turn|3
|
|t:|1743903747
|switch|p2a: Goldberg|Grimmsnarl, M|100/100
|move|p1a: Brice|Psyshock|p2a: Goldberg
|-immune|p2a: Goldberg
|
|upkeep
|turn|4
|
|t:|1743903757
|switch|p1a: Métastana|Ditto|100/100
|-transform|p1a: Métastana|p2a: Goldberg|[from] ability: Imposter
|move|p2a: Goldberg|Light Screen|p2a: Goldberg
|-sidestart|p2: Pyrez57|move: Light Screen
|
|upkeep
|turn|5
|
|t:|1743903769
|move|p1a: Métastana|Light Screen|p1a: Métastana
|-sidestart|p1: Dark-J-K_78|move: Light Screen
|move|p2a: Goldberg|Reflect|p2a: Goldberg
|-sidestart|p2: Pyrez57|Reflect
|
|upkeep
|turn|6
|
|t:|1743903773
|switch|p2a: King Tars|Kingambit, M|100/100
|move|p1a: Métastana|Light Screen||[still]
|-fail|p1a: Métastana
|
|upkeep
|turn|7
|
|t:|1743903784
|switch|p1a: Staline|Landorus-Therian, M|100/100
|-ability|p1a: Staline|Intimidate|boost
|-unboost|p2a: King Tars|atk|1
|move|p2a: King Tars|Brick Break|p1a: Staline
|-sideend|p1: Dark-J-K_78|move: Light Screen
|-resisted|p1a: Staline
|-damage|p1a: Staline|89/100
|
|upkeep
|turn|8
|
|t:|1743903793
|-end|p2a: King Tars|fallenundefined|[silent]
|switch|p2a: Mr. Prince|Zapdos, shiny|100/100
|move|p1a: Staline|Nasty Plot|p1a: Staline
|-boost|p1a: Staline|spa|2
|
|-fieldend|move: Electric Terrain
|upkeep
|turn|9
|
|t:|1743903824
|switch|p1a: Métastana|Ditto|100/100
|-transform|p1a: Métastana|p2a: Mr. Prince|[from] ability: Imposter
|move|p2a: Mr. Prince|Hurricane|p1a: Métastana|[miss]
|-miss|p2a: Mr. Prince|p1a: Métastana
|
|upkeep
|turn|10
|
|t:|1743903837
|move|p1a: Métastana|Heat Wave|p2a: Mr. Prince|[miss]
|-miss|p1a: Métastana|p2a: Mr. Prince
|move|p2a: Mr. Prince|Volt Switch|p1a: Métastana
|-damage|p1a: Métastana|58/100
|
|t:|1743903840
|switch|p2a: SR-71 BlkBrd|Dragapult, M, shiny|81/100|[from] Volt Switch
|
|upkeep
|turn|11
|
|t:|1743903853
|switch|p1a: Brice|Raichu-Alola, F|100/100
|move|p2a: SR-71 BlkBrd|Dragon Darts|p1a: Brice
|-damage|p1a: Brice|19/100
|-anim|p2a: SR-71 BlkBrd|Dragon Darts|p1a: Brice
|-damage|p1a: Brice|0 fnt
|faint|p1a: Brice
|-damage|p2a: SR-71 BlkBrd|71/100|[from] item: Life Orb
|
|-sideend|p2: Pyrez57|move: Light Screen
|upkeep
|
|t:|1743903864
|switch|p1a: Métastana|Ditto|58/100
|-transform|p1a: Métastana|p2a: SR-71 BlkBrd|[from] ability: Imposter
|turn|12
|
|t:|1743903884
|switch|p2a: Manwel|Great Tusk, shiny|100/100
|move|p1a: Métastana|Thunder Wave|p2a: Manwel
|-immune|p2a: Manwel
|
|-sideend|p2: Pyrez57|Reflect
|upkeep
|turn|13
|
|t:|1743903891
|switch|p1a: Staline|Landorus-Therian, M|89/100
|-ability|p1a: Staline|Intimidate|boost
|-unboost|p2a: Manwel|atk|1
|move|p2a: Manwel|Ice Spinner|p1a: Staline
|-supereffective|p1a: Staline
|-damage|p1a: Staline|10/100
|
|upkeep
|turn|14
|
|t:|1743903899
|-end|p2a: Manwel|Protosynthesis|[silent]
|switch|p2a: F-16 Falcon|Latios, M, shiny|100/100
|move|p1a: Staline|Grass Knot|p2a: F-16 Falcon
|-resisted|p2a: F-16 Falcon
|-damage|p2a: F-16 Falcon|85/100
|-damage|p1a: Staline|0 fnt|[from] item: Life Orb
|faint|p1a: Staline
|
|upkeep
|
|t:|1743903907
|switch|p1a: 92i|Meloetta|100/100
|turn|15
|
|t:|1743903911
|move|p2a: F-16 Falcon|Draco Meteor|p1a: 92i
|-damage|p1a: 92i|26/100
|-unboost|p2a: F-16 Falcon|spa|2
|move|p1a: 92i|Relic Song|p2a: F-16 Falcon
|-damage|p2a: F-16 Falcon|44/100
|-formechange|p1a: 92i|Meloetta-Pirouette|[msg]
|
|upkeep
|turn|16
|
|t:|1743903920
|switch|p2a: Goldberg|Grimmsnarl, M|100/100
|move|p1a: 92i|Tera Blast|p2a: Goldberg
|-damage|p2a: Goldberg|75/100
|
|upkeep
|turn|17
|
|t:|1743903929
|move|p2a: Goldberg|Light Screen|p2a: Goldberg
|-sidestart|p2: Pyrez57|move: Light Screen
|move|p1a: 92i|Swords Dance|p1a: 92i
|-boost|p1a: 92i|atk|2
|
|upkeep
|turn|18
|
|t:|1743903934
|move|p2a: Goldberg|Thunder Wave|p1a: 92i
|-status|p1a: 92i|par
|move|p1a: 92i|Swords Dance|p1a: 92i
|-boost|p1a: 92i|atk|2
|
|upkeep
|turn|19
|
|t:|1743903941
|move|p2a: Goldberg|Reflect|p2a: Goldberg
|-sidestart|p2: Pyrez57|Reflect
|move|p1a: 92i|Tera Blast|p2a: Goldberg
|-damage|p2a: Goldberg|63/100
|
|upkeep
|turn|20
|
|t:|1743903953
|-terastallize|p1a: 92i|Dark
|move|p2a: Goldberg|Parting Shot|p1a: 92i
|-hint|Since gen 7, Dark is immune to Prankster moves.
|-immune|p1a: 92i
|cant|p1a: 92i|par
|
|upkeep
|turn|21
|
|t:|1743903967
|switch|p2a: SR-71 BlkBrd|Dragapult, M, shiny|71/100
|cant|p1a: 92i|par
|
|upkeep
|turn|22
|
|t:|1743903974
|move|p2a: SR-71 BlkBrd|Dragon Darts|p1a: 92i
|-damage|p1a: 92i|0 fnt
|faint|p1a: 92i
|-damage|p2a: SR-71 BlkBrd|61/100|[from] item: Life Orb
|
|upkeep
|
|t:|1743903977
|switch|p1a: Bouffiquese|Deoxys-Defense|100/100
|-ability|p1a: Bouffiquese|Pressure
|turn|23
|
|t:|1743903984
|move|p2a: SR-71 BlkBrd|U-turn|p1a: Bouffiquese
|-supereffective|p1a: Bouffiquese
|-damage|p1a: Bouffiquese|54/100
|-damage|p2a: SR-71 BlkBrd|52/100|[from] item: Life Orb
|
|t:|1743903986
|switch|p2a: King Tars|Kingambit, M|100/100|[from] U-turn
|move|p1a: Bouffiquese|Cosmic Power|p1a: Bouffiquese
|-boost|p1a: Bouffiquese|def|1
|-boost|p1a: Bouffiquese|spd|1
|
|upkeep
|turn|24
|
|t:|1743903994
|move|p1a: Bouffiquese|Cosmic Power|p1a: Bouffiquese
|-boost|p1a: Bouffiquese|def|1
|-boost|p1a: Bouffiquese|spd|1
|move|p2a: King Tars|Kowtow Cleave|p1a: Bouffiquese
|-supereffective|p1a: Bouffiquese
|-crit|p1a: Bouffiquese
|-damage|p1a: Bouffiquese|0 fnt
|faint|p1a: Bouffiquese
|
|-sideend|p2: Pyrez57|move: Light Screen
|upkeep
|
|t:|1743903999
|switch|p1a: Métastana|Ditto|58/100
|-transform|p1a: Métastana|p2a: King Tars|[from] ability: Imposter
|-activate|p1a: Métastana|ability: Supreme Overlord
|-start|p1a: Métastana|fallen5|[silent]
|turn|25
|
|t:|1743904005
|move|p1a: Métastana|Iron Head|p2a: King Tars
|-resisted|p2a: King Tars
|-damage|p2a: King Tars|87/100
|cant|p2a: King Tars|flinch
|
|upkeep
|turn|26
|
|t:|1743904010
|move|p1a: Métastana|Iron Head|p2a: King Tars
|-resisted|p2a: King Tars
|-damage|p2a: King Tars|74/100
|move|p2a: King Tars|Brick Break|p1a: Métastana
|-supereffective|p1a: Métastana
|-damage|p1a: Métastana|0 fnt
|faint|p1a: Métastana
|-end|p1a: Métastana|fallen5|[silent]
|
|win|Pyrez57
|raw|Dark-J-K_78's rating: 1494 &rarr; <strong>1478</strong><br />(-16 for losing)
|raw|Pyrez57's rating: 1566 &rarr; <strong>1582</strong><br />(+16 for winning)
|l|☆Dark-J-K_78
|player|p1|
