|j|☆Zyntriptic
|j|☆js230103103011
|t:|1743868113
|gametype|singles
|player|p1|Zyntriptic|265|1074
|player|p2|js230103103011|102|1074
|teamsize|p1|6
|teamsize|p2|6
|gen|9
|tier|[Gen 9] OU
|rated|
|rule|HP Percentage Mod: HP is shown in percentages
|rule|Endless Battle Clause: Forcing endless battles is banned
|rule|Species Clause: Limit one of each Pokémon
|rule|OHKO Clause: OHKO moves are banned
|rule|Evasion Items Clause: Evasion items are banned
|rule|Evasion Moves Clause: Evasion moves are banned
|rule|Sleep Moves Clause: Sleep-inducing moves are banned
|clearpoke
|poke|p1|Ariados, F|
|poke|p1|Tyranitar, M|
|poke|p1|Lucario, M|
|poke|p1|Avalugg, F|
|poke|p1|Kingambit, F|
|poke|p1|Iron Moth|
|poke|p2|Dragonite, M|
|poke|p2|Zamazenta-*|
|poke|p2|Dondozo, F|
|poke|p2|Latias, F|
|poke|p2|Weavile, M|
|poke|p2|Gholdengo|
|teampreview
|inactive|Battle timer is ON: inactive players will automatically lose when time's up. (requested by Zyntriptic)
|
|t:|1743868121
|start
|switch|p1a: Ariados|Ariados, F|100/100
|switch|p2a: Dondozo|Dondozo, F, shiny|100/100
|turn|1
|
|t:|1743868140
|-terastallize|p2a: Dondozo|Electric
|move|p2a: Dondozo|Curse|p2a: Dondozo
|-unboost|p2a: Dondozo|spe|1
|-boost|p2a: Dondozo|atk|1
|-boost|p2a: Dondozo|def|1
|move|p1a: Ariados|Focus Energy|p1a: Ariados
|-start|p1a: Ariados|move: Focus Energy
|
|upkeep
|turn|2
|
|t:|1743868154
|-terastallize|p1a: Ariados|Bug
|move|p1a: Ariados|Pin Missile|p2a: Dondozo
|-crit|p2a: Dondozo
|-damage|p2a: Dondozo|83/100
|-crit|p2a: Dondozo
|-damage|p2a: Dondozo|64/100
|-crit|p2a: Dondozo
|-damage|p2a: Dondozo|48/100
|-crit|p2a: Dondozo
|-damage|p2a: Dondozo|30/100
|-crit|p2a: Dondozo
|-damage|p2a: Dondozo|12/100
|-hitcount|p2a: Dondozo|5
|move|p2a: Dondozo|Curse|p2a: Dondozo
|-unboost|p2a: Dondozo|spe|1
|-boost|p2a: Dondozo|atk|1
|-boost|p2a: Dondozo|def|1
|
|-heal|p2a: Dondozo|18/100|[from] item: Leftovers
|upkeep
|turn|3
|
|t:|1743868169
|move|p1a: Ariados|Pin Missile|p2a: Dondozo
|-damage|p2a: Dondozo|14/100
|-crit|p2a: Dondozo
|-damage|p2a: Dondozo|0 fnt
|faint|p2a: Dondozo
|-hitcount|p2: Dondozo|2
|
|upkeep
|c|☆Zyntriptic|crit mattered'
|
|t:|1743868189
|switch|p2a: Dragonite|Dragonite, M, shiny|100/100
|turn|4
|
|t:|1743868212
|move|p2a: Dragonite|Fire Blast|p1a: Ariados
|-supereffective|p1a: Ariados
|-damage|p1a: Ariados|37/100
|move|p1a: Ariados|Cross Poison|p2a: Dragonite
|-crit|p2a: Dragonite
|-damage|p2a: Dragonite|60/100
|
|-heal|p2a: Dragonite|66/100|[from] item: Leftovers
|upkeep
|turn|5
|
|t:|1743868226
|switch|p1a: Tyranitar|Tyranitar, M|100/100
|-weather|Sandstorm|[from] ability: Sand Stream|[of] p1a: Tyranitar
|move|p2a: Dragonite|Fire Blast|p1a: Tyranitar
|-resisted|p1a: Tyranitar
|-crit|p1a: Tyranitar
|-damage|p1a: Tyranitar|90/100
|
|-weather|Sandstorm|[upkeep]
|-damage|p2a: Dragonite|60/100|[from] Sandstorm
|-heal|p2a: Dragonite|66/100|[from] item: Leftovers
|upkeep
|turn|6
|
|t:|1743868241
|move|p2a: Dragonite|Ice Spinner|p1a: Tyranitar
|-damage|p1a: Tyranitar|66/100
|move|p1a: Tyranitar|Smack Down|p2a: Dragonite
|-supereffective|p2a: Dragonite
|-damage|p2a: Dragonite|0 fnt
|faint|p2a: Dragonite
|
|-weather|Sandstorm|[upkeep]
|upkeep
|
|t:|1743868258
|switch|p2a: Zamazenta|Zamazenta|100/100
|-ability|p2a: Zamazenta|Dauntless Shield|boost
|-boost|p2a: Zamazenta|def|1
|turn|7
|
|t:|1743868272
|switch|p1a: Iron Moth|Iron Moth|100/100
|-enditem|p1a: Iron Moth|Booster Energy
|-activate|p1a: Iron Moth|ability: Quark Drive|[fromitem]
|-start|p1a: Iron Moth|quarkdrivespe
|move|p2a: Zamazenta|Iron Defense|p2a: Zamazenta
|-boost|p2a: Zamazenta|def|2
|
|-weather|Sandstorm|[upkeep]
|-damage|p1a: Iron Moth|94/100|[from] Sandstorm
|-damage|p2a: Zamazenta|94/100|[from] Sandstorm
|upkeep
|turn|8
|inactive|js230103103011 has 120 seconds left.
|
|t:|1743868300
|move|p1a: Iron Moth|Psychic|p2a: Zamazenta
|-supereffective|p2a: Zamazenta
|-damage|p2a: Zamazenta|40/100
|move|p2a: Zamazenta|Crunch|p1a: Iron Moth
|-damage|p1a: Iron Moth|59/100
|
|-weather|Sandstorm|[upkeep]
|-damage|p1a: Iron Moth|53/100|[from] Sandstorm
|-damage|p2a: Zamazenta|34/100|[from] Sandstorm
|upkeep
|turn|9
|inactive|js230103103011 has 120 seconds left.
|
|t:|1743868316
|move|p1a: Iron Moth|Psychic|p2a: Zamazenta
|-supereffective|p2a: Zamazenta
|-damage|p2a: Zamazenta|0 fnt
|faint|p2a: Zamazenta
|
|-weather|none
|upkeep
|
|t:|1743868321
|switch|p2a: Weavile|Weavile, M|100/100
|turn|10
|c|☆Zyntriptic|not zacian
|inactive|js230103103011 has 120 seconds left.
|
|t:|1743868328
|move|p1a: Iron Moth|Overheat|p2a: Weavile
|-supereffective|p2a: Weavile
|-damage|p2a: Weavile|0 fnt
|-unboost|p1a: Iron Moth|spa|2
|faint|p2a: Weavile
|
|upkeep
|inactive|js230103103011 has 120 seconds left.
|
|t:|1743868337
|switch|p2a: Gholdengo|Gholdengo, shiny|100/100
|turn|11
|inactive|js230103103011 has 120 seconds left.
|
|t:|1743868352
|move|p1a: Iron Moth|Overheat|p2a: Gholdengo
|-supereffective|p2a: Gholdengo
|-damage|p2a: Gholdengo|28/100
|-unboost|p1a: Iron Moth|spa|2
|move|p2a: Gholdengo|Dazzling Gleam|p1a: Iron Moth
|-resisted|p1a: Iron Moth
|-damage|p1a: Iron Moth|47/100
|
|upkeep
|turn|12
|inactive|js230103103011 has 120 seconds left.
|
|t:|1743868361
|move|p1a: Iron Moth|Overheat|p2a: Gholdengo
|-supereffective|p2a: Gholdengo
|-damage|p2a: Gholdengo|0 fnt
|-unboost|p1a: Iron Moth|spa|2
|faint|p2a: Gholdengo
|
|upkeep
|inactive|js230103103011 has 120 seconds left.
|
|t:|1743868367
|switch|p2a: Latias|Latias, F|100/100
|turn|13
|
|t:|1743868374
|-end|p1a: Iron Moth|Quark Drive|[silent]
|switch|p1a: Kingambit|Kingambit, F|100/100
|move|p2a: Latias|Calm Mind|p2a: Latias
|-boost|p2a: Latias|spa|1
|-boost|p2a: Latias|spd|1
|
|upkeep
|turn|14
|
|t:|1743868386
|move|p2a: Latias|Stored Power|p1a: Kingambit
|-immune|p1a: Kingambit
|move|p1a: Kingambit|Kowtow Cleave|p2a: Latias
|-supereffective|p2a: Latias
|-damage|p2a: Latias|4/100
|
|-heal|p2a: Latias|10/100|[from] item: Leftovers
|upkeep
|turn|15
|
|t:|1743868394
|move|p1a: Kingambit|Sucker Punch|p2a: Latias
|-supereffective|p2a: Latias
|-damage|p2a: Latias|0 fnt
|faint|p2a: Latias
|
|win|Zyntriptic
|raw|Zyntriptic's rating: 1074 &rarr; <strong>1103</strong><br />(+29 for winning)
|raw|js230103103011's rating: 1074 &rarr; <strong>1053</strong><br />(-21 for losing)
|l|☆js230103103011
|player|p2|
|c|☆Zyntriptic|gg
