|j|☆Blueyamadafr
|j|☆whatthedawgsdoin
|t:|1743914612
|gametype|singles
|player|p1|Blueyamadafr|will|1096
|player|p2|whatthedawgsdoin|101|1107
|teamsize|p1|6
|teamsize|p2|6
|gen|9
|tier|[Gen 9] OU
|rated|
|rule|HP Percentage Mod: HP is shown in percentages
|rule|Endless Battle Clause: Forcing endless battles is banned
|rule|Species Clause: Limit one of each Pokémon
|rule|OHKO Clause: OHKO moves are banned
|rule|Evasion Items Clause: Evasion items are banned
|rule|Evasion Moves Clause: Evasion moves are banned
|rule|Sleep Moves Clause: Sleep-inducing moves are banned
|clearpoke
|poke|p1|Entei|
|poke|p1|Azumarill, M|
|poke|p1|Tyranitar, F|
|poke|p1|Lokix, F|
|poke|p1|Hydreigon, M|
|poke|p1|Excadrill, F|
|poke|p2|Mew|
|poke|p2|Suicune|
|poke|p2|Raikou|
|poke|p2|Entei|
|poke|p2|Dusknoir, F|
|poke|p2|Regirock|
|teampreview
|inactive|Battle timer is ON: inactive players will automatically lose when time's up. (requested by Blueyamadafr)
|inactive|whatthedawgsdoin has 120 seconds left.
|
|t:|1743914643
|start
|switch|p1a: Lokix|Lokix, F|100/100
|switch|p2a: Raikou|Raikou|100/100
|-ability|p2a: Raikou|Pressure
|turn|1
|
|t:|1743914651
|move|p1a: Lokix|First Impression|p2a: Raikou
|-damage|p2a: Raikou|55/100
|move|p2a: Raikou|Scald|p1a: Lokix
|-damage|p1a: Lokix|36/100
|
|upkeep
|turn|2
|
|t:|1743914659
|move|p1a: Lokix|U-turn|p2a: Raikou
|-damage|p2a: Raikou|19/100
|
|t:|1743914664
|switch|p1a: Azumarill|Azumarill, M|100/100|[from] U-turn
|move|p2a: Raikou|Thunderbolt|p1a: Azumarill
|-supereffective|p1a: Azumarill
|-damage|p1a: Azumarill|0 fnt
|faint|p1a: Azumarill
|
|upkeep
|
|t:|1743914670
|switch|p1a: Entei|Entei|100/100
|turn|3
|
|t:|1743914677
|move|p1a: Entei|Sacred Fire|p2a: Raikou
|-crit|p2a: Raikou
|-damage|p2a: Raikou|0 fnt
|faint|p2a: Raikou
|
|upkeep
|
|t:|1743914689
|switch|p2a: Regirock|Regirock|100/100
|turn|4
|
|t:|1743914712
|switch|p1a: Tyranitar|Tyranitar, F|100/100
|-weather|Sandstorm|[from] ability: Sand Stream|[of] p1a: Tyranitar
|move|p2a: Regirock|Iron Defense|p2a: Regirock
|-boost|p2a: Regirock|def|2
|
|-weather|Sandstorm|[upkeep]
|upkeep
|turn|5
|
|t:|1743914719
|move|p1a: Tyranitar|Low Kick|p2a: Regirock
|-supereffective|p2a: Regirock
|-damage|p2a: Regirock|81/100
|move|p2a: Regirock|Body Press|p1a: Tyranitar
|-supereffective|p1a: Tyranitar
|-damage|p1a: Tyranitar|0 fnt
|faint|p1a: Tyranitar
|
|-weather|Sandstorm|[upkeep]
|upkeep
|
|t:|1743914732
|switch|p1a: Excadrill|Excadrill, F|100/100
|turn|6
|
|t:|1743914735
|move|p1a: Excadrill|Earthquake|p2a: Regirock
|-supereffective|p2a: Regirock
|-damage|p2a: Regirock|57/100
|move|p2a: Regirock|Body Press|p1a: Excadrill
|-supereffective|p1a: Excadrill
|-enditem|p1a: Excadrill|Focus Sash
|-damage|p1a: Excadrill|1/100
|
|-weather|Sandstorm|[upkeep]
|upkeep
|turn|7
|
|t:|1743914743
|move|p1a: Excadrill|Earthquake|p2a: Regirock
|-supereffective|p2a: Regirock
|-damage|p2a: Regirock|32/100
|move|p2a: Regirock|Body Press|p1a: Excadrill
|-supereffective|p1a: Excadrill
|-damage|p1a: Excadrill|0 fnt
|faint|p1a: Excadrill
|
|-weather|Sandstorm|[upkeep]
|upkeep
|
|t:|1743914746
|switch|p1a: Hydreigon|Hydreigon, M|100/100
|turn|8
|
|t:|1743914753
|move|p1a: Hydreigon|Flash Cannon|p2a: Regirock
|-supereffective|p2a: Regirock
|-damage|p2a: Regirock|0 fnt
|faint|p2a: Regirock
|-damage|p1a: Hydreigon|91/100|[from] item: Life Orb
|
|-weather|none
|upkeep
|
|t:|1743914765
|switch|p2a: Suicune|Suicune|100/100
|-ability|p2a: Suicune|Pressure
|turn|9
|
|t:|1743914769
|move|p1a: Hydreigon|Focus Energy|p1a: Hydreigon
|-start|p1a: Hydreigon|move: Focus Energy
|move|p2a: Suicune|Calm Mind|p2a: Suicune
|-boost|p2a: Suicune|spa|1
|-boost|p2a: Suicune|spd|1
|
|upkeep
|turn|10
|
|t:|1743914775
|move|p1a: Hydreigon|Draco Meteor|p2a: Suicune
|-crit|p2a: Suicune
|-damage|p2a: Suicune|7/100
|-unboost|p1a: Hydreigon|spa|2
|-damage|p1a: Hydreigon|81/100|[from] item: Life Orb
|move|p2a: Suicune|Ice Beam|p1a: Hydreigon
|-supereffective|p1a: Hydreigon
|-damage|p1a: Hydreigon|0 fnt
|faint|p1a: Hydreigon
|
|upkeep
|
|t:|1743914783
|switch|p1a: Entei|Entei|100/100
|turn|11
|
|t:|1743914788
|move|p1a: Entei|Extreme Speed|p2a: Suicune
|-damage|p2a: Suicune|0 fnt
|faint|p2a: Suicune
|
|upkeep
|
|t:|1743914793
|switch|p2a: Dusknoir|Dusknoir, F|100/100
|-ability|p2a: Dusknoir|Pressure
|turn|12
|
|t:|1743914798
|switch|p1a: Lokix|Lokix, F|36/100
|move|p2a: Dusknoir|Poltergeist|p1a: Lokix
|-activate|p1a: Lokix|move: Poltergeist|Heavy-Duty Boots
|-resisted|p1a: Lokix
|-damage|p1a: Lokix|0 fnt
|faint|p1a: Lokix
|
|upkeep
|
|t:|1743914805
|switch|p1a: Entei|Entei|100/100
|turn|13
|
|t:|1743914808
|move|p1a: Entei|Crunch|p2a: Dusknoir
|-supereffective|p2a: Dusknoir
|-damage|p2a: Dusknoir|30/100
|-unboost|p2a: Dusknoir|def|1
|move|p2a: Dusknoir|Poltergeist|p1a: Entei
|-activate|p1a: Entei|move: Poltergeist|Choice Band
|-damage|p1a: Entei|12/100
|
|upkeep
|turn|14
|
|t:|1743914816
|move|p1a: Entei|Crunch|p2a: Dusknoir
|-supereffective|p2a: Dusknoir
|-damage|p2a: Dusknoir|0 fnt
|faint|p2a: Dusknoir
|
|upkeep
|
|t:|1743914821
|switch|p2a: Entei|Entei|100/100
|turn|15
|
|t:|1743914830
|move|p1a: Entei|Crunch|p2a: Entei
|-damage|p2a: Entei|68/100
|-unboost|p2a: Entei|def|1
|move|p2a: Entei|Crunch|p1a: Entei
|-damage|p1a: Entei|0 fnt
|faint|p1a: Entei
|
|win|whatthedawgsdoin
|raw|Blueyamadafr's rating: 1096 &rarr; <strong>1072</strong><br />(-24 for losing)
|raw|whatthedawgsdoin's rating: 1107 &rarr; <strong>1131</strong><br />(+24 for winning)
|l|☆Blueyamadafr
|player|p1|
|l|☆whatthedawgsdoin
|player|p2|
