|j|☆Driz0
|j|☆TonyD.Maroon
|t:|1743899706
|gametype|singles
|player|p1|Driz0|169|1356
|player|p2|TonyD.Maroon|janitor|1327
|teamsize|p1|6
|teamsize|p2|6
|gen|9
|tier|[Gen 9] OU
|rated|
|rule|HP Percentage Mod: HP is shown in percentages
|rule|Endless Battle Clause: Forcing endless battles is banned
|rule|Species Clause: Limit one of each Pokémon
|rule|OHKO Clause: OHKO moves are banned
|rule|Evasion Items Clause: Evasion items are banned
|rule|Evasion Moves Clause: Evasion moves are banned
|rule|Sleep Moves Clause: Sleep-inducing moves are banned
|clearpoke
|poke|p1|Bellibolt, M|
|poke|p1|Bisharp, F|
|poke|p1|Froslass, F|
|poke|p1|Great Tusk|
|poke|p1|Iron Valiant|
|poke|p1|Gholdengo|
|poke|p2|Dragapult, F|
|poke|p2|Iron Treads|
|poke|p2|Raging Bolt|
|poke|p2|Samurott-Hisui, F|
|poke|p2|Cinderace, F|
|poke|p2|Corviknight, F|
|teampreview
|inactive|Battle timer is ON: inactive players will automatically lose when time's up. (requested by Driz0)
|inactive|TonyD.Maroon also wants the timer to be on.
|
|t:|1743899711
|start
|switch|p1a: Gholdengo|Gholdengo|100/100
|switch|p2a: Cinderace|Cinderace, F|100/100
|turn|1
|
|t:|1743899717
|-terastallize|p1a: Gholdengo|Ground
|move|p1a: Gholdengo|Tera Blast|p2a: Cinderace|[anim] Tera Blast Ground
|-supereffective|p2a: Cinderace
|-damage|p2a: Cinderace|0 fnt
|faint|p2a: Cinderace
|
|upkeep
|
|t:|1743899733
|switch|p2a: Samurott|Samurott-Hisui, F|100/100
|turn|2
|
|t:|1743899739
|switch|p1a: Bellibolt|Bellibolt, M|100/100
|move|p2a: Samurott|Ceaseless Edge|p1a: Bellibolt
|-damage|p1a: Bellibolt|64/100
|-start|p1a: Bellibolt|Charge|Ceaseless Edge|[from] ability: Electromorphosis
|-sidestart|p1: Driz0|Spikes
|
|-heal|p1a: Bellibolt|70/100|[from] item: Leftovers
|upkeep
|turn|3
|
|t:|1743899753
|-terastallize|p2a: Samurott|Water
|move|p2a: Samurott|Razor Shell|p1a: Bellibolt|[miss]
|-miss|p2a: Samurott|p1a: Bellibolt
|move|p1a: Bellibolt|Muddy Water|p2a: Samurott|[miss]
|-miss|p1a: Bellibolt|p2a: Samurott
|
|-heal|p1a: Bellibolt|76/100|[from] item: Leftovers
|upkeep
|turn|4
|
|t:|1743899760
|move|p2a: Samurott|Razor Shell|p1a: Bellibolt
|-damage|p1a: Bellibolt|19/100
|-unboost|p1a: Bellibolt|def|1
|-start|p1a: Bellibolt|Charge|Razor Shell|[from] ability: Electromorphosis
|move|p1a: Bellibolt|Parabolic Charge|p2a: Samurott
|-supereffective|p2a: Samurott
|-enditem|p2a: Samurott|Focus Sash
|-damage|p2a: Samurott|1/100
|-heal|p1a: Bellibolt|57/100|[from] drain|[of] p2a: Samurott
|-end|p1a: Bellibolt|Charge|[silent]
|
|-heal|p1a: Bellibolt|64/100|[from] item: Leftovers
|upkeep
|turn|5
|
|t:|1743899780
|switch|p1a: Bisharp|Bisharp, F|100/100
|-damage|p1a: Bisharp|88/100|[from] Spikes
|move|p2a: Samurott|Razor Shell|p1a: Bisharp
|-crit|p1a: Bisharp
|-damage|p1a: Bisharp|26/100
|
|upkeep
|turn|6
|
|t:|1743899788
|move|p2a: Samurott|Aqua Jet|p1a: Bisharp
|-damage|p1a: Bisharp|10/100
|move|p1a: Bisharp|Sucker Punch||[still]
|-fail|p1a: Bisharp
|
|upkeep
|turn|7
|
|t:|1743899794
|move|p2a: Samurott|Aqua Jet|p1a: Bisharp
|-damage|p1a: Bisharp|0 fnt
|faint|p1a: Bisharp
|
|upkeep
|
|t:|1743899796
|switch|p1a: Iron Valiant|Iron Valiant|100/100
|-damage|p1a: Iron Valiant|88/100|[from] Spikes
|-enditem|p1a: Iron Valiant|Booster Energy
|-activate|p1a: Iron Valiant|ability: Quark Drive|[fromitem]
|-start|p1a: Iron Valiant|quarkdrivespe
|turn|8
|
|t:|1743899803
|move|p2a: Samurott|Aqua Jet|p1a: Iron Valiant
|-damage|p1a: Iron Valiant|55/100
|move|p1a: Iron Valiant|Moonblast|p2a: Samurott
|-damage|p2a: Samurott|0 fnt
|faint|p2a: Samurott
|
|upkeep
|
|t:|1743899819
|switch|p2a: Raging Bolt|Raging Bolt|100/100
|-enditem|p2a: Raging Bolt|Booster Energy
|-activate|p2a: Raging Bolt|ability: Protosynthesis|[fromitem]
|-start|p2a: Raging Bolt|protosynthesisspa
|turn|9
|
|t:|1743899830
|-end|p1a: Iron Valiant|Quark Drive|[silent]
|switch|p1a: Great Tusk|Great Tusk|100/100
|-damage|p1a: Great Tusk|88/100|[from] Spikes
|move|p2a: Raging Bolt|Thunderclap||[still]
|-fail|p2a: Raging Bolt
|
|-heal|p1a: Great Tusk|94/100|[from] item: Leftovers
|upkeep
|turn|10
|
|t:|1743899844
|-end|p2a: Raging Bolt|Protosynthesis|[silent]
|switch|p2a: Corviknight|Corviknight, F|100/100
|-ability|p2a: Corviknight|Pressure
|move|p1a: Great Tusk|Ice Spinner|p2a: Corviknight
|-damage|p2a: Corviknight|80/100
|-damage|p1a: Great Tusk|78/100|[from] item: Rocky Helmet|[of] p2a: Corviknight
|
|-heal|p1a: Great Tusk|84/100|[from] item: Leftovers
|upkeep
|turn|11
|
|t:|1743899853
|switch|p2a: Dragapult|Dragapult, F|100/100
|move|p1a: Great Tusk|Rapid Spin|p2a: Dragapult
|-immune|p2a: Dragapult
|
|-heal|p1a: Great Tusk|90/100|[from] item: Leftovers
|upkeep
|turn|12
|
|t:|1743899860
|move|p2a: Dragapult|Draco Meteor|p1a: Great Tusk
|-damage|p1a: Great Tusk|0 fnt
|-unboost|p2a: Dragapult|spa|2
|faint|p1a: Great Tusk
|-end|p1a: Great Tusk|Protosynthesis|[silent]
|-damage|p2a: Dragapult|91/100|[from] item: Life Orb
|
|upkeep
|
|t:|1743899875
|switch|p1a: Iron Valiant|Iron Valiant|55/100
|-damage|p1a: Iron Valiant|42/100|[from] Spikes
|turn|13
|
|t:|1743899882
|move|p2a: Dragapult|U-turn|p1a: Iron Valiant
|-resisted|p1a: Iron Valiant
|-damage|p1a: Iron Valiant|35/100
|-damage|p2a: Dragapult|81/100|[from] item: Life Orb
|
|t:|1743899886
|switch|p2a: Iron Treads|Iron Treads|100/100|[from] U-turn
|move|p1a: Iron Valiant|Moonblast|p2a: Iron Treads
|-resisted|p2a: Iron Treads
|-crit|p2a: Iron Treads
|-damage|p2a: Iron Treads|70/100
|
|upkeep
|turn|14
|
|t:|1743899899
|move|p1a: Iron Valiant|Aura Sphere|p2a: Iron Treads
|-supereffective|p2a: Iron Treads
|-damage|p2a: Iron Treads|4/100
|move|p2a: Iron Treads|Rapid Spin|p1a: Iron Valiant
|-damage|p1a: Iron Valiant|17/100
|-boost|p2a: Iron Treads|spe|1
|
|upkeep
|turn|15
|
|t:|1743899909
|move|p2a: Iron Treads|Earthquake|p1a: Iron Valiant
|-damage|p1a: Iron Valiant|0 fnt
|faint|p1a: Iron Valiant
|-end|p1a: Iron Valiant|Quark Drive|[silent]
|
|upkeep
|
|t:|1743899912
|switch|p1a: Froslass|Froslass, F|100/100
|-damage|p1a: Froslass|88/100|[from] Spikes
|turn|16
|
|t:|1743899915
|move|p1a: Froslass|Will-O-Wisp|p2a: Iron Treads
|-status|p2a: Iron Treads|brn
|move|p2a: Iron Treads|Knock Off|p1a: Froslass
|-supereffective|p1a: Froslass
|-crit|p1a: Froslass
|-damage|p1a: Froslass|32/100
|-enditem|p1a: Froslass|Choice Scarf|[from] move: Knock Off|[of] p2a: Iron Treads
|
|-damage|p2a: Iron Treads|0 fnt|[from] brn
|faint|p2a: Iron Treads
|-end|p2a: Iron Treads|Quark Drive|[silent]
|upkeep
|
|t:|1743899935
|switch|p2a: Dragapult|Dragapult, F|81/100
|turn|17
|
|t:|1743899938
|move|p2a: Dragapult|Shadow Ball|p1a: Froslass
|-supereffective|p1a: Froslass
|-damage|p1a: Froslass|0 fnt
|-start|p2a: Dragapult|Disable|Shadow Ball|[from] ability: Cursed Body|[of] p1a: Froslass
|faint|p1a: Froslass
|-damage|p2a: Dragapult|71/100|[from] item: Life Orb
|
|upkeep
|
|t:|1743899950
|switch|p1a: Gholdengo|Gholdengo, tera:Ground|100/100
|-damage|p1a: Gholdengo|88/100|[from] Spikes
|turn|18
|
|t:|1743899956
|switch|p2a: Corviknight|Corviknight, F|80/100
|-ability|p2a: Corviknight|Pressure
|move|p1a: Gholdengo|Shadow Ball|p2a: Corviknight
|-damage|p2a: Corviknight|37/100
|
|upkeep
|turn|19
|
|t:|1743899965
|move|p1a: Gholdengo|Shadow Ball|p2a: Corviknight
|-damage|p2a: Corviknight|0 fnt
|faint|p2a: Corviknight
|
|upkeep
|
|t:|1743899970
|switch|p2a: Raging Bolt|Raging Bolt|100/100
|turn|20
|
|t:|1743899982
|move|p1a: Gholdengo|Shadow Ball|p2a: Raging Bolt
|-damage|p2a: Raging Bolt|64/100
|move|p2a: Raging Bolt|Draco Meteor|p1a: Gholdengo
|-damage|p1a: Gholdengo|1/100
|-unboost|p2a: Raging Bolt|spa|2
|
|upkeep
|turn|21
|
|t:|1743899990
|move|p1a: Gholdengo|Shadow Ball|p2a: Raging Bolt
|-damage|p2a: Raging Bolt|26/100
|move|p2a: Raging Bolt|Tera Blast|p1a: Gholdengo
|-damage|p1a: Gholdengo|0 fnt
|faint|p1a: Gholdengo
|
|upkeep
|
|t:|1743899995
|switch|p1a: Bellibolt|Bellibolt, M|64/100
|-damage|p1a: Bellibolt|51/100|[from] Spikes
|turn|22
|
|t:|1743900007
|move|p2a: Raging Bolt|Volt Switch|p1a: Bellibolt
|-resisted|p1a: Bellibolt
|-damage|p1a: Bellibolt|41/100
|-start|p1a: Bellibolt|Charge|Volt Switch|[from] ability: Electromorphosis
|
|t:|1743900011
|-end|p2a: Raging Bolt|Protosynthesis|[silent]
|switch|p2a: Dragapult|Dragapult, F|71/100|[from] Volt Switch
|move|p1a: Bellibolt|Parabolic Charge|p2a: Dragapult
|-resisted|p2a: Dragapult
|-damage|p2a: Dragapult|29/100
|-heal|p1a: Bellibolt|58/100|[from] drain|[of] p2a: Dragapult
|-end|p1a: Bellibolt|Charge|[silent]
|
|-heal|p1a: Bellibolt|64/100|[from] item: Leftovers
|upkeep
|turn|23
|
|t:|1743900019
|move|p2a: Dragapult|Draco Meteor|p1a: Bellibolt
|-damage|p1a: Bellibolt|0 fnt
|-unboost|p2a: Dragapult|spa|2
|faint|p1a: Bellibolt
|-damage|p2a: Dragapult|19/100|[from] item: Life Orb
|
|win|TonyD.Maroon
|raw|Driz0's rating: 1356 &rarr; <strong>1334</strong><br />(-22 for losing)
|raw|TonyD.Maroon's rating: 1327 &rarr; <strong>1349</strong><br />(+22 for winning)
|l|☆Driz0
|player|p1|
