|j|☆vknxtdoor
|j|☆OfficialTMRocket
|t:|1743832719
|gametype|singles
|player|p1|vknxtdoor|bruno|1113
|player|p2|OfficialTMRocket|266|1101
|teamsize|p1|6
|teamsize|p2|6
|gen|9
|tier|[Gen 9] OU
|rated|
|rule|HP Percentage Mod: HP is shown in percentages
|rule|Endless Battle Clause: Forcing endless battles is banned
|rule|Species Clause: Limit one of each Pokémon
|rule|OHKO Clause: OHKO moves are banned
|rule|Evasion Items Clause: Evasion items are banned
|rule|Evasion Moves Clause: Evasion moves are banned
|rule|Sleep Moves Clause: Sleep-inducing moves are banned
|clearpoke
|poke|p1|Torkoal, F|
|poke|p1|Venusaur, F|
|poke|p1|Heatran, F|
|poke|p1|Iron Valiant|
|poke|p1|Iron Treads|
|poke|p1|Walking Wake|
|poke|p2|Corviknight, M|
|poke|p2|Gliscor, M|
|poke|p2|Zamazenta-*|
|poke|p2|Heatran, M|
|poke|p2|Alomomola, F|
|poke|p2|Lanturn, M|
|teampreview
|inactive|Battle timer is ON: inactive players will automatically lose when time's up. (requested by vknxtdoor)
|
|t:|1743832731
|start
|switch|p1a: Torkoal|Torkoal, F|100/100
|switch|p2a: Crab Gremlin|Gliscor, M|100/100
|-weather|SunnyDay|[from] ability: Drought|[of] p1a: Torkoal
|turn|1
|inactive|OfficialTMRocket has 120 seconds left.
|
|t:|1743832775
|move|p2a: Crab Gremlin|Earthquake|p1a: Torkoal
|-supereffective|p1a: Torkoal
|-damage|p1a: Torkoal|56/100
|move|p1a: Torkoal|Will-O-Wisp|p2a: Crab Gremlin
|-status|p2a: Crab Gremlin|brn
|
|-weather|SunnyDay|[upkeep]
|-damage|p2a: Crab Gremlin|88/100 brn|[from] item: Black Sludge
|-damage|p2a: Crab Gremlin|82/100 brn|[from] brn
|upkeep
|turn|2
|inactive|OfficialTMRocket has 90 seconds left.
|
|t:|1743832825
|switch|p1a: Walking Wake|Walking Wake|100/100
|-activate|p1a: Walking Wake|ability: Protosynthesis
|-start|p1a: Walking Wake|protosynthesisspa
|move|p2a: Crab Gremlin|Earthquake|p1a: Walking Wake
|-damage|p1a: Walking Wake|78/100
|
|-weather|SunnyDay|[upkeep]
|-damage|p2a: Crab Gremlin|70/100 brn|[from] item: Black Sludge
|-damage|p2a: Crab Gremlin|64/100 brn|[from] brn
|upkeep
|turn|3
|
|t:|1743832839
|move|p1a: Walking Wake|Hydro Steam|p2a: Crab Gremlin
|-supereffective|p2a: Crab Gremlin
|-damage|p2a: Crab Gremlin|0 fnt
|faint|p2a: Crab Gremlin
|
|-weather|SunnyDay|[upkeep]
|upkeep
|
|t:|1743832848
|switch|p2a: Courage The Coward|Zamazenta|100/100
|-ability|p2a: Courage The Coward|Dauntless Shield|boost
|-boost|p2a: Courage The Coward|def|1
|turn|4
|
|t:|1743832853
|move|p1a: Walking Wake|Hydro Steam|p2a: Courage The Coward
|-damage|p2a: Courage The Coward|25/100
|move|p2a: Courage The Coward|Play Rough|p1a: Walking Wake
|-supereffective|p1a: Walking Wake
|-damage|p1a: Walking Wake|16/100
|-unboost|p1a: Walking Wake|atk|1
|
|-weather|SunnyDay|[upkeep]
|upkeep
|turn|5
|
|t:|1743832871
|switch|p2a: Brainrot Feesh|Alomomola, F|100/100
|move|p1a: Walking Wake|Hydro Steam|p2a: Brainrot Feesh
|-resisted|p2a: Brainrot Feesh
|-damage|p2a: Brainrot Feesh|50/100
|
|-weather|SunnyDay|[upkeep]
|upkeep
|turn|6
|
|t:|1743832884
|switch|p2a: MORE feesh??|Lanturn, M|100/100
|move|p1a: Walking Wake|Draco Meteor|p2a: MORE feesh??
|-damage|p2a: MORE feesh??|28/100
|-unboost|p1a: Walking Wake|spa|2
|
|-weather|SunnyDay|[upkeep]
|-heal|p2a: MORE feesh??|34/100|[from] item: Leftovers
|upkeep
|turn|7
|
|t:|1743832905
|-end|p1a: Walking Wake|Protosynthesis|[silent]
|switch|p1a: Iron Treads|Iron Treads|100/100
|-enditem|p1a: Iron Treads|Booster Energy
|-activate|p1a: Iron Treads|ability: Quark Drive|[fromitem]
|-start|p1a: Iron Treads|quarkdrivespe
|switch|p2a: Death Raven|Corviknight, M|100/100
|
|-weather|SunnyDay|[upkeep]
|upkeep
|turn|8
|inactive|vknxtdoor has 120 seconds left.
|
|t:|1743832925
|move|p1a: Iron Treads|Iron Defense|p1a: Iron Treads
|-boost|p1a: Iron Treads|def|2
|move|p2a: Death Raven|U-turn|p1a: Iron Treads
|-resisted|p1a: Iron Treads
|-damage|p1a: Iron Treads|98/100
|
|t:|1743832934
|switch|p2a: Brainrot Feesh|Alomomola, F|84/100|[from] U-turn
|
|-weather|none
|upkeep
|turn|9
|
|t:|1743832944
|move|p1a: Iron Treads|Iron Defense|p1a: Iron Treads
|-boost|p1a: Iron Treads|def|2
|move|p2a: Brainrot Feesh|Wish|p2a: Brainrot Feesh
|
|upkeep
|turn|10
|
|t:|1743832950
|move|p1a: Iron Treads|Iron Defense|p1a: Iron Treads
|-boost|p1a: Iron Treads|def|2
|move|p2a: Brainrot Feesh|Flip Turn|p1a: Iron Treads
|-supereffective|p1a: Iron Treads
|-damage|p1a: Iron Treads|88/100
|
|t:|1743832957
|switch|p2a: Courage The Coward|Zamazenta|25/100|[from] Flip Turn
|
|-heal|p2a: Courage The Coward|100/100|[from] move: Wish|[wisher] Brainrot Feesh
|upkeep
|turn|11
|
|t:|1743832976
|switch|p2a: Death Raven|Corviknight, M|100/100
|move|p1a: Iron Treads|Body Press|p2a: Death Raven
|-damage|p2a: Death Raven|38/100
|
|-heal|p2a: Death Raven|44/100|[from] item: Leftovers
|upkeep
|turn|12
|
|t:|1743832992
|move|p1a: Iron Treads|Body Press|p2a: Death Raven
|-damage|p2a: Death Raven|0 fnt
|faint|p2a: Death Raven
|
|upkeep
|
|t:|1743832998
|switch|p2a: Cooked|Heatran, M|100/100
|-item|p2a: Cooked|Air Balloon
|turn|13
|inactive|OfficialTMRocket has 60 seconds left.
|
|t:|1743833013
|move|p1a: Iron Treads|Body Press|p2a: Cooked
|-supereffective|p2a: Cooked
|-damage|p2a: Cooked|0 fnt
|-status|p1a: Iron Treads|brn|[from] ability: Flame Body|[of] p2a: Cooked
|-enditem|p2a: Cooked|Air Balloon
|faint|p2a: Cooked
|
|-damage|p1a: Iron Treads|82/100 brn|[from] brn
|upkeep
|inactive|OfficialTMRocket has 60 seconds left.
|
|t:|1743833025
|switch|p2a: MORE feesh??|Lanturn, M|34/100
|turn|14
|inactive|OfficialTMRocket has 60 seconds left.
|
|t:|1743833049
|move|p1a: Iron Treads|Body Press|p2a: MORE feesh??
|-damage|p2a: MORE feesh??|0 fnt
|faint|p2a: MORE feesh??
|
|-damage|p1a: Iron Treads|76/100 brn|[from] brn
|upkeep
|inactive|OfficialTMRocket has 60 seconds left.
|inactive|OfficialTMRocket has 30 seconds left.
|inactive|OfficialTMRocket has 20 seconds left.
|inactive|OfficialTMRocket has 15 seconds left.
|inactive|OfficialTMRocket has 10 seconds left.
|inactive|OfficialTMRocket has 5 seconds left.
|-message|OfficialTMRocket lost due to inactivity.
|
|win|vknxtdoor
|raw|vknxtdoor's rating: 1113 &rarr; <strong>1139</strong><br />(+26 for winning)
|raw|OfficialTMRocket's rating: 1123 &rarr; <strong>1097</strong><br />(-26 for losing)
|l|☆vknxtdoor
|player|p1|
