|j|☆Ry Izzle
|j|☆weiyingbikong
|t:|1743914543
|gametype|singles
|player|p1|Ry Izzle|musician|1185
|player|p2|weiyingbikong|lass-gen4dp|1279
|teamsize|p1|6
|teamsize|p2|6
|gen|9
|tier|[Gen 9] OU
|rated|
|rule|HP Percentage Mod: HP is shown in percentages
|rule|Endless Battle Clause: Forcing endless battles is banned
|rule|Species Clause: Limit one of each Pokémon
|rule|OHKO Clause: OHKO moves are banned
|rule|Evasion Items Clause: Evasion items are banned
|rule|Evasion Moves Clause: Evasion moves are banned
|rule|Sleep Moves Clause: Sleep-inducing moves are banned
|clearpoke
|poke|p1|Glimmora, F|
|poke|p1|Zamazenta-*|
|poke|p1|Latias, F|
|poke|p1|Gholdengo|
|poke|p1|Dragonite, M|
|poke|p1|Weavile, F|
|poke|p2|Serperior, F|
|poke|p2|Samurott-Hisui, F|
|poke|p2|Iron Treads|
|poke|p2|Gholdengo|
|poke|p2|Moltres|
|poke|p2|Dragapult, M|
|teampreview
|inactive|Battle timer is ON: inactive players will automatically lose when time's up. (requested by Ry Izzle)
|
|t:|1743914566
|start
|switch|p1a: Latias|Latias, F|100/100
|switch|p2a: Iron Treads|Iron Treads|100/100
|-item|p2a: Iron Treads|Air Balloon
|turn|1
|
|t:|1743914575
|move|p2a: Iron Treads|Stealth Rock|p1a: Latias
|-sidestart|p1: Ry Izzle|move: Stealth Rock
|move|p1a: Latias|Calm Mind|p1a: Latias
|-boost|p1a: Latias|spa|1
|-boost|p1a: Latias|spd|1
|
|upkeep
|turn|2
|
|t:|1743914581
|move|p2a: Iron Treads|Ice Spinner|p1a: Latias
|-supereffective|p1a: Latias
|-damage|p1a: Latias|53/100
|move|p1a: Latias|Agility|p1a: Latias
|-boost|p1a: Latias|spe|2
|
|-heal|p1a: Latias|60/100|[from] item: Leftovers
|upkeep
|turn|3
|
|t:|1743914591
|-terastallize|p1a: Latias|Fairy
|move|p1a: Latias|Calm Mind|p1a: Latias
|-boost|p1a: Latias|spa|1
|-boost|p1a: Latias|spd|1
|move|p2a: Iron Treads|Ice Spinner|p1a: Latias
|-damage|p1a: Latias|37/100
|
|-heal|p1a: Latias|43/100|[from] item: Leftovers
|upkeep
|turn|4
|
|t:|1743914604
|move|p1a: Latias|Draining Kiss|p2a: Iron Treads
|-resisted|p2a: Iron Treads
|-damage|p2a: Iron Treads|67/100
|-heal|p1a: Latias|67/100|[from] drain|[of] p2a: Iron Treads
|-enditem|p2a: Iron Treads|Air Balloon
|move|p2a: Iron Treads|Rapid Spin|p1a: Latias
|-damage|p1a: Latias|51/100
|-boost|p2a: Iron Treads|spe|1
|
|-heal|p1a: Latias|57/100|[from] item: Leftovers
|upkeep
|turn|5
|
|t:|1743914619
|move|p1a: Latias|Draining Kiss|p2a: Iron Treads
|-resisted|p2a: Iron Treads
|-damage|p2a: Iron Treads|36/100
|-heal|p1a: Latias|78/100|[from] drain|[of] p2a: Iron Treads
|move|p2a: Iron Treads|Rapid Spin|p1a: Latias
|-damage|p1a: Latias|65/100
|-boost|p2a: Iron Treads|spe|1
|
|-heal|p1a: Latias|71/100|[from] item: Leftovers
|upkeep
|turn|6
|
|t:|1743914630
|move|p2a: Iron Treads|Earthquake|p1a: Latias
|-immune|p1a: Latias|[from] ability: Levitate
|move|p1a: Latias|Stored Power|p2a: Iron Treads
|-resisted|p2a: Iron Treads
|-damage|p2a: Iron Treads|0 fnt
|faint|p2a: Iron Treads
|-end|p2a: Iron Treads|Quark Drive|[silent]
|
|-heal|p1a: Latias|77/100|[from] item: Leftovers
|upkeep
|
|t:|1743914648
|switch|p2a: Gholdengo|Gholdengo|100/100
|-item|p2a: Gholdengo|Air Balloon
|turn|7
|
|t:|1743914652
|move|p1a: Latias|Stored Power|p2a: Gholdengo
|-resisted|p2a: Gholdengo
|-damage|p2a: Gholdengo|46/100
|-enditem|p2a: Gholdengo|Air Balloon
|move|p2a: Gholdengo|Thunder Wave|p1a: Latias
|-status|p1a: Latias|par
|
|-heal|p1a: Latias|83/100 par|[from] item: Leftovers
|upkeep
|turn|8
|
|t:|1743914662
|move|p1a: Latias|Stored Power|p2a: Gholdengo
|-resisted|p2a: Gholdengo
|-damage|p2a: Gholdengo|0 fnt
|faint|p2a: Gholdengo
|
|-heal|p1a: Latias|89/100 par|[from] item: Leftovers
|upkeep
|
|t:|1743914670
|switch|p2a: Serperior|Serperior, F|100/100
|turn|9
|
|t:|1743914673
|move|p2a: Serperior|Leech Seed|p1a: Latias
|-start|p1a: Latias|move: Leech Seed
|move|p1a: Latias|Stored Power|p2a: Serperior
|-damage|p2a: Serperior|0 fnt
|faint|p2a: Serperior
|
|-heal|p1a: Latias|96/100 par|[from] item: Leftovers
|upkeep
|
|t:|1743914687
|switch|p2a: Dragapult|Dragapult, M|100/100
|turn|10
|
|t:|1743914698
|-terastallize|p2a: Dragapult|Ghost
|move|p2a: Dragapult|Phantom Force||[still]
|-prepare|p2a: Dragapult|Phantom Force
|move|p1a: Latias|Draining Kiss|p2a: Dragapult|[miss]
|-miss|p1a: Latias|p2a: Dragapult
|
|-heal|p1a: Latias|100/100 par|[from] item: Leftovers
|-damage|p1a: Latias|88/100 par|[from] Leech Seed|[of] p2a: Dragapult
|upkeep
|turn|11
|
|t:|1743914708
|move|p2a: Dragapult|Phantom Force|p1a: Latias|[from] lockedmove
|-damage|p1a: Latias|6/100 par
|move|p1a: Latias|Stored Power|p2a: Dragapult
|-damage|p2a: Dragapult|0 fnt
|faint|p2a: Dragapult
|
|-heal|p1a: Latias|12/100 par|[from] item: Leftovers
|upkeep
|
|t:|1743914720
|switch|p2a: Samurott|Samurott-Hisui, F|100/100
|turn|12
|
|t:|1743914726
|move|p1a: Latias|Draining Kiss|p2a: Samurott
|-supereffective|p2a: Samurott
|-damage|p2a: Samurott|0 fnt
|-heal|p1a: Latias|91/100 par|[from] drain|[of] p2a: Samurott
|faint|p2a: Samurott
|
|-heal|p1a: Latias|97/100 par|[from] item: Leftovers
|upkeep
|-message|weiyingbikong forfeited.
|
|win|Ry Izzle
|raw|Ry Izzle's rating: 1185 &rarr; <strong>1217</strong><br />(+32 for winning)
|raw|weiyingbikong's rating: 1279 &rarr; <strong>1247</strong><br />(-32 for losing)
|l|☆weiyingbikong
|player|p2|
