|j|☆Metronome is good
|j|☆Ball17
|t:|1743828534
|gametype|singles
|player|p1|Metronome is good|unknown|1138
|player|p2|Ball17|102|1125
|teamsize|p1|6
|teamsize|p2|6
|gen|9
|tier|[Gen 9] OU
|rated|
|rule|HP Percentage Mod: HP is shown in percentages
|rule|Endless Battle Clause: Forcing endless battles is banned
|rule|Species Clause: Limit one of each Pokémon
|rule|OHKO Clause: OHKO moves are banned
|rule|Evasion Items Clause: Evasion items are banned
|rule|Evasion Moves Clause: Evasion moves are banned
|rule|Sleep Moves Clause: Sleep-inducing moves are banned
|clearpoke
|poke|p1|Great Tusk|
|poke|p1|Alomomola, F|
|poke|p1|Dondozo, F|
|poke|p1|Dragapult, F|
|poke|p1|Iron Crown|
|poke|p1|Darkrai|
|poke|p2|Barraskewda, M|
|poke|p2|Delibird, F|
|poke|p2|Hatterene, F|
|poke|p2|Infernape, M|
|poke|p2|Orthworm, M|
|poke|p2|Iron Hands|
|teampreview
|inactive|Battle timer is ON: inactive players will automatically lose when time's up. (requested by Metronome is good)
|inactive|Metronome is good has 120 seconds left.
|inactive|Metronome is good has 90 seconds left.
|
|t:|1743828595
|start
|switch|p1a: Great Tusk|Great Tusk|100/100
|switch|p2a: Barraskewda|Barraskewda, M|100/100
|turn|1
|
|t:|1743828608
|-end|p1a: Great Tusk|Protosynthesis|[silent]
|switch|p1a: Dondozo|Dondozo, F|100/100
|move|p2a: Barraskewda|Flip Turn|p1a: Dondozo
|-resisted|p1a: Dondozo
|-damage|p1a: Dondozo|88/100
|
|t:|1743828623
|switch|p2a: Delibird|Delibird, F|100/100|[from] Flip Turn
|
|-heal|p1a: Dondozo|94/100|[from] item: Leftovers
|upkeep
|turn|2
|
|t:|1743828651
|move|p2a: Delibird|Freeze-Dry|p1a: Dondozo
|-supereffective|p1a: Dondozo
|-damage|p1a: Dondozo|48/100
|move|p1a: Dondozo|Wave Crash|p2a: Delibird
|-damage|p2a: Delibird|0 fnt
|faint|p2a: Delibird
|-damage|p1a: Dondozo|32/100|[from] Recoil
|
|-heal|p1a: Dondozo|38/100|[from] item: Leftovers
|upkeep
|
|t:|1743828666
|switch|p2a: Infernape|Infernape, M|100/100
|turn|3
|
|t:|1743828684
|move|p2a: Infernape|Thunder Punch|p1a: Dondozo
|-supereffective|p1a: Dondozo
|-damage|p1a: Dondozo|5/100
|move|p1a: Dondozo|Rest|p1a: Dondozo
|-status|p1a: Dondozo|slp|[from] move: Rest
|-heal|p1a: Dondozo|100/100 slp|[silent]
|
|upkeep
|turn|4
|
|t:|1743828700
|switch|p1a: Great Tusk|Great Tusk|100/100
|move|p2a: Infernape|Thunder Punch|p1a: Great Tusk
|-immune|p1a: Great Tusk
|
|upkeep
|turn|5
|inactive|Metronome is good has 120 seconds left.
|
|t:|1743828731
|switch|p2a: Orthworm|Orthworm, M|100/100
|move|p1a: Great Tusk|Rapid Spin|p2a: Orthworm
|-resisted|p2a: Orthworm
|-damage|p2a: Orthworm|95/100
|-boost|p1a: Great Tusk|spe|1
|
|-heal|p2a: Orthworm|100/100|[from] item: Leftovers
|upkeep
|turn|6
|
|t:|1743828736
|move|p1a: Great Tusk|Stealth Rock|p2a: Orthworm
|-sidestart|p2: Ball17|move: Stealth Rock
|move|p2a: Orthworm|Coil|p2a: Orthworm
|-boost|p2a: Orthworm|atk|1
|-boost|p2a: Orthworm|def|1
|-boost|p2a: Orthworm|accuracy|1
|
|upkeep
|turn|7
|
|t:|1743828742
|move|p1a: Great Tusk|Close Combat|p2a: Orthworm
|-supereffective|p2a: Orthworm
|-damage|p2a: Orthworm|43/100
|-unboost|p1a: Great Tusk|def|1
|-unboost|p1a: Great Tusk|spd|1
|move|p2a: Orthworm|Coil|p2a: Orthworm
|-boost|p2a: Orthworm|atk|1
|-boost|p2a: Orthworm|def|1
|-boost|p2a: Orthworm|accuracy|1
|
|-heal|p2a: Orthworm|49/100|[from] item: Leftovers
|upkeep
|turn|8
|
|t:|1743828763
|move|p1a: Great Tusk|Close Combat|p2a: Orthworm
|-supereffective|p2a: Orthworm
|-damage|p2a: Orthworm|1/100
|-unboost|p1a: Great Tusk|def|1
|-unboost|p1a: Great Tusk|spd|1
|move|p2a: Orthworm|Iron Head|p1a: Great Tusk
|-damage|p1a: Great Tusk|0 fnt
|faint|p1a: Great Tusk
|-end|p1a: Great Tusk|Protosynthesis|[silent]
|
|-heal|p2a: Orthworm|7/100|[from] item: Leftovers
|upkeep
|
|t:|1743828788
|switch|p1a: Dragapult|Dragapult, F|100/100
|turn|9
|
|t:|1743828797
|move|p1a: Dragapult|Flamethrower|p2a: Orthworm
|-supereffective|p2a: Orthworm
|-damage|p2a: Orthworm|0 fnt
|faint|p2a: Orthworm
|
|upkeep
|
|t:|1743828810
|switch|p2a: Hatterene|Hatterene, F|100/100
|-damage|p2a: Hatterene|88/100|[from] Stealth Rock
|turn|10
|inactive|Metronome is good has 120 seconds left.
|
|t:|1743828843
|switch|p1a: Iron Crown|Iron Crown|100/100
|move|p2a: Hatterene|Dazzling Gleam|p1a: Iron Crown
|-resisted|p1a: Iron Crown
|-damage|p1a: Iron Crown|84/100
|
|upkeep
|turn|11
|
|t:|1743828850
|move|p1a: Iron Crown|Tachyon Cutter|p2a: Hatterene
|-supereffective|p2a: Hatterene
|-damage|p2a: Hatterene|37/100
|-supereffective|p2a: Hatterene
|-damage|p2a: Hatterene|0 fnt
|faint|p2a: Hatterene
|-hitcount|p2: Hatterene|2
|
|upkeep
|
|t:|1743828860
|switch|p2a: Infernape|Infernape, M|100/100
|-damage|p2a: Infernape|88/100|[from] Stealth Rock
|turn|12
|
|t:|1743828873
|-terastallize|p1a: Iron Crown|Dragon
|move|p2a: Infernape|Fire Punch|p1a: Iron Crown
|-resisted|p1a: Iron Crown
|-damage|p1a: Iron Crown|63/100
|move|p1a: Iron Crown|Psyshock|p2a: Infernape
|-supereffective|p2a: Infernape
|-damage|p2a: Infernape|0 fnt
|faint|p2a: Infernape
|
|upkeep
|
|t:|1743828880
|switch|p2a: Iron Hands|Iron Hands|100/100
|-damage|p2a: Iron Hands|94/100|[from] Stealth Rock
|turn|13
|
|t:|1743828883
|move|p1a: Iron Crown|Psyshock|p2a: Iron Hands
|-supereffective|p2a: Iron Hands
|-damage|p2a: Iron Hands|39/100
|move|p2a: Iron Hands|Ice Punch|p1a: Iron Crown
|-supereffective|p1a: Iron Crown
|-damage|p1a: Iron Crown|0 fnt
|faint|p1a: Iron Crown
|-end|p1a: Iron Crown|Quark Drive|[silent]
|
|upkeep
|
|t:|1743828892
|switch|p1a: Darkrai|Darkrai|100/100
|turn|14
|
|t:|1743828901
|move|p1a: Darkrai|Sludge Bomb|p2a: Iron Hands
|-damage|p2a: Iron Hands|20/100
|move|p2a: Iron Hands|Drain Punch|p1a: Darkrai
|-supereffective|p1a: Darkrai
|-damage|p1a: Darkrai|0 fnt
|-heal|p2a: Iron Hands|49/100|[from] drain|[of] p1a: Darkrai
|faint|p1a: Darkrai
|
|upkeep
|
|t:|1743828912
|switch|p1a: Dragapult|Dragapult, F|100/100
|turn|15
|
|t:|1743828920
|move|p1a: Dragapult|Draco Meteor|p2a: Iron Hands
|-damage|p2a: Iron Hands|3/100
|-unboost|p1a: Dragapult|spa|2
|move|p2a: Iron Hands|Ice Punch|p1a: Dragapult
|-supereffective|p1a: Dragapult
|-damage|p1a: Dragapult|25/100
|
|upkeep
|turn|16
|
|t:|1743828929
|move|p1a: Dragapult|Draco Meteor|p2a: Iron Hands
|-damage|p2a: Iron Hands|0 fnt
|-unboost|p1a: Dragapult|spa|2
|faint|p2a: Iron Hands
|-end|p2a: Iron Hands|Quark Drive|[silent]
|
|upkeep
|
|t:|1743828933
|switch|p2a: Barraskewda|Barraskewda, M|100/100
|-damage|p2a: Barraskewda|88/100|[from] Stealth Rock
|turn|17
|
|t:|1743828937
|switch|p1a: Alomomola|Alomomola, F|100/100
|move|p2a: Barraskewda|Liquidation|p1a: Alomomola
|-resisted|p1a: Alomomola
|-damage|p1a: Alomomola|72/100
|
|upkeep
|turn|18
|
|t:|1743828941
|move|p2a: Barraskewda|Liquidation|p1a: Alomomola
|-resisted|p1a: Alomomola
|-damage|p1a: Alomomola|47/100
|move|p1a: Alomomola|Flip Turn|p2a: Barraskewda
|-resisted|p2a: Barraskewda
|-damage|p2a: Barraskewda|72/100
|
|t:|1743828948
|switch|p1a: Dragapult|Dragapult, F|25/100|[from] Flip Turn
|
|upkeep
|turn|19
|
|t:|1743828950
|switch|p1a: Dondozo|Dondozo, F|100/100 slp
|move|p2a: Barraskewda|Liquidation|p1a: Dondozo
|-resisted|p1a: Dondozo
|-damage|p1a: Dondozo|84/100 slp
|
|-heal|p1a: Dondozo|90/100 slp|[from] item: Leftovers
|upkeep
|turn|20
|-message|Ball17 forfeited.
|
|win|Metronome is good
|raw|Metronome is good's rating: 1138 &rarr; <strong>1160</strong><br />(+22 for winning)
|raw|Ball17's rating: 1096 &rarr; <strong>1075</strong><br />(-21 for losing)
|l|☆Ball17
|player|p2|
|l|☆Metronome is good
|player|p1|
