|j|☆localdealerr
|j|☆Ominous vibes
|t:|1743892906
|gametype|singles
|player|p1|localdealerr|preschooler|1641
|player|p2|Ominous vibes|101|1688
|teamsize|p1|6
|teamsize|p2|6
|gen|9
|tier|[Gen 9] OU
|rated|
|rule|HP Percentage Mod: HP is shown in percentages
|rule|Endless Battle Clause: Forcing endless battles is banned
|rule|Species Clause: Limit one of each Pokémon
|rule|OHKO Clause: OHKO moves are banned
|rule|Evasion Items Clause: Evasion items are banned
|rule|Evasion Moves Clause: Evasion moves are banned
|rule|Sleep Moves Clause: Sleep-inducing moves are banned
|clearpoke
|poke|p1|Flamigo, M|
|poke|p1|Araquanid, M|
|poke|p1|Gholdengo|
|poke|p1|Raging Bolt|
|poke|p1|Walking Wake|
|poke|p1|Iron Treads|
|poke|p2|Thundurus-Therian, M|
|poke|p2|Slowking-Galar, F|
|poke|p2|Pecharunt|
|poke|p2|Great Tusk|
|poke|p2|Kingambit, F|
|poke|p2|Azumarill, M|
|teampreview
|inactive|Battle timer is ON: inactive players will automatically lose when time's up. (requested by Ominous vibes)
|
|t:|1743892931
|start
|switch|p1a: Walking Wake|Walking Wake|100/100
|switch|p2a: Thundurus|Thundurus-Therian, M|100/100
|turn|1
|
|t:|1743892937
|switch|p2a: Azumarill|Azumarill, M|100/100
|move|p1a: Walking Wake|Knock Off|p2a: Azumarill
|-resisted|p2a: Azumarill
|-damage|p2a: Azumarill|92/100
|-enditem|p2a: Azumarill|Assault Vest|[from] move: Knock Off|[of] p1a: Walking Wake
|
|upkeep
|turn|2
|
|t:|1743892942
|-end|p1a: Walking Wake|Protosynthesis|[silent]
|switch|p1a: Araquanid|Araquanid, M|100/100
|move|p2a: Azumarill|Knock Off|p1a: Araquanid
|-crit|p1a: Araquanid
|-damage|p1a: Araquanid|35/100
|-enditem|p1a: Araquanid|Custap Berry|[from] move: Knock Off|[of] p2a: Azumarill
|
|upkeep
|turn|3
|
|t:|1743892961
|move|p2a: Azumarill|Play Rough|p1a: Araquanid
|-damage|p1a: Araquanid|0 fnt
|faint|p1a: Araquanid
|
|upkeep
|
|t:|1743892967
|switch|p1a: Raging Bolt|Raging Bolt|100/100
|turn|4
|
|t:|1743892981
|switch|p2a: Thundurus|Thundurus-Therian, M|100/100
|move|p1a: Raging Bolt|Thunderbolt|p2a: Thundurus
|-immune|p2a: Thundurus|[from] ability: Volt Absorb
|
|upkeep
|turn|5
|
|t:|1743892987
|switch|p2a: Azumarill|Azumarill, M|92/100
|-end|p1a: Raging Bolt|Protosynthesis|[silent]
|switch|p1a: Iron Treads|Iron Treads|100/100
|
|upkeep
|turn|6
|
|t:|1743892992
|move|p1a: Iron Treads|Volt Switch|p2a: Azumarill
|-supereffective|p2a: Azumarill
|-damage|p2a: Azumarill|68/100
|j| Deadbyflinch
|
|t:|1743892995
|-end|p1a: Iron Treads|Quark Drive|[silent]
|switch|p1a: Gholdengo|Gholdengo|100/100|[from] Volt Switch
|move|p2a: Azumarill|Liquidation|p1a: Gholdengo
|-damage|p1a: Gholdengo|63/100
|
|-heal|p1a: Gholdengo|69/100|[from] item: Leftovers
|upkeep
|turn|7
|
|t:|1743892999
|move|p1a: Gholdengo|Thunder Wave|p2a: Azumarill
|-status|p2a: Azumarill|par
|cant|p2a: Azumarill|par
|
|-heal|p1a: Gholdengo|75/100|[from] item: Leftovers
|upkeep
|turn|8
|
|t:|1743893004
|move|p1a: Gholdengo|Hex|p2a: Azumarill
|-damage|p2a: Azumarill|8/100 par
|move|p2a: Azumarill|Knock Off|p1a: Gholdengo
|-supereffective|p1a: Gholdengo
|-damage|p1a: Gholdengo|13/100
|-enditem|p1a: Gholdengo|Leftovers|[from] move: Knock Off|[of] p2a: Azumarill
|
|upkeep
|turn|9
|
|t:|1743893011
|switch|p1a: Walking Wake|Walking Wake|100/100
|move|p2a: Azumarill|Aqua Jet|p1a: Walking Wake
|-resisted|p1a: Walking Wake
|-damage|p1a: Walking Wake|94/100
|
|upkeep
|turn|10
|
|t:|1743893016
|move|p1a: Walking Wake|Scald|p2a: Azumarill
|-resisted|p2a: Azumarill
|-damage|p2a: Azumarill|0 fnt
|faint|p2a: Azumarill
|
|upkeep
|
|t:|1743893019
|switch|p2a: Slowking|Slowking-Galar, F|100/100
|turn|11
|
|t:|1743893024
|-end|p1a: Walking Wake|Protosynthesis|[silent]
|switch|p1a: Iron Treads|Iron Treads|100/100
|-prepare|p2a: Slowking|Chilly Reception|[premajor]
|move|p2a: Slowking|Chilly Reception|p2a: Slowking
|-weather|Snowscape
|
|t:|1743893032
|switch|p2a: Great Tusk|Great Tusk|100/100|[from] Chilly Reception
|
|-weather|Snowscape|[upkeep]
|upkeep
|turn|12
|
|t:|1743893037
|-end|p1a: Iron Treads|Quark Drive|[silent]
|switch|p1a: Flamigo|Flamigo, M|100/100
|move|p2a: Great Tusk|Stealth Rock|p1a: Flamigo
|-sidestart|p1: localdealerr|move: Stealth Rock
|
|-weather|Snowscape|[upkeep]
|upkeep
|turn|13
|
|t:|1743893042
|-end|p2a: Great Tusk|Protosynthesis|[silent]
|switch|p2a: Pecharunt|Pecharunt|100/100
|move|p1a: Flamigo|U-turn|p2a: Pecharunt
|-resisted|p2a: Pecharunt
|-damage|p2a: Pecharunt|97/100
|-damage|p1a: Flamigo|84/100|[from] item: Rocky Helmet|[of] p2a: Pecharunt
|
|t:|1743893047
|switch|p1a: Walking Wake|Walking Wake|94/100|[from] U-turn
|-damage|p1a: Walking Wake|81/100|[from] Stealth Rock
|
|-weather|Snowscape|[upkeep]
|upkeep
|turn|14
|
|t:|1743893052
|switch|p2a: Slowking|Slowking-Galar, F|100/100
|move|p1a: Walking Wake|Draco Meteor|p2a: Slowking
|-damage|p2a: Slowking|43/100
|-unboost|p1a: Walking Wake|spa|2
|
|-weather|Snowscape|[upkeep]
|upkeep
|turn|15
|
|t:|1743893055
|-end|p1a: Walking Wake|Protosynthesis|[silent]
|switch|p1a: Iron Treads|Iron Treads|100/100
|-damage|p1a: Iron Treads|97/100|[from] Stealth Rock
|-prepare|p2a: Slowking|Chilly Reception|[premajor]
|move|p2a: Slowking|Chilly Reception|p2a: Slowking
|
|t:|1743893058
|switch|p2a: Great Tusk|Great Tusk|100/100|[from] Chilly Reception
|
|-weather|none
|upkeep
|turn|16
|
|t:|1743893063
|move|p2a: Great Tusk|Headlong Rush|p1a: Iron Treads
|-supereffective|p1a: Iron Treads
|-damage|p1a: Iron Treads|0 fnt
|-unboost|p2a: Great Tusk|def|1
|-unboost|p2a: Great Tusk|spd|1
|faint|p1a: Iron Treads
|-end|p1a: Iron Treads|Quark Drive|[silent]
|
|upkeep
|j| orphanofkosm
|
|t:|1743893065
|switch|p1a: Walking Wake|Walking Wake|81/100
|-damage|p1a: Walking Wake|69/100|[from] Stealth Rock
|turn|17
|
|t:|1743893070
|-end|p2a: Great Tusk|Protosynthesis|[silent]
|switch|p2a: Kingambit|Kingambit, F|100/100
|move|p1a: Walking Wake|Knock Off|p2a: Kingambit
|-resisted|p2a: Kingambit
|-damage|p2a: Kingambit|93/100
|-enditem|p2a: Kingambit|Leftovers|[from] move: Knock Off|[of] p1a: Walking Wake
|
|upkeep
|turn|18
|
|t:|1743893076
|-end|p1a: Walking Wake|Protosynthesis|[silent]
|switch|p1a: Flamigo|Flamigo, M|84/100
|-damage|p1a: Flamigo|72/100|[from] Stealth Rock
|move|p2a: Kingambit|Kowtow Cleave|p1a: Flamigo
|-resisted|p1a: Flamigo
|-damage|p1a: Flamigo|34/100
|
|upkeep
|turn|19
|
|t:|1743893079
|switch|p2a: Pecharunt|Pecharunt|97/100
|move|p1a: Flamigo|Upper Hand||[still]
|-fail|p1a: Flamigo
|
|upkeep
|turn|20
|
|t:|1743893088
|switch|p1a: Gholdengo|Gholdengo|13/100
|-damage|p1a: Gholdengo|7/100|[from] Stealth Rock
|move|p2a: Pecharunt|Parting Shot|p1a: Gholdengo
|-immune|p1a: Gholdengo|[from] ability: Good as Gold
|
|upkeep
|turn|21
|
|t:|1743893095
|switch|p2a: Great Tusk|Great Tusk|100/100
|move|p1a: Gholdengo|Recover|p1a: Gholdengo
|-heal|p1a: Gholdengo|57/100
|
|upkeep
|turn|22
|
|t:|1743893105
|move|p2a: Great Tusk|Headlong Rush|p1a: Gholdengo
|-supereffective|p1a: Gholdengo
|-damage|p1a: Gholdengo|0 fnt
|-unboost|p2a: Great Tusk|def|1
|-unboost|p2a: Great Tusk|spd|1
|faint|p1a: Gholdengo
|
|upkeep
|
|t:|1743893107
|switch|p1a: Walking Wake|Walking Wake|69/100
|-damage|p1a: Walking Wake|57/100|[from] Stealth Rock
|turn|23
|l| Deadbyflinch
|
|t:|1743893128
|-end|p2a: Great Tusk|Protosynthesis|[silent]
|switch|p2a: Slowking|Slowking-Galar, F|76/100
|move|p1a: Walking Wake|Hydro Pump|p2a: Slowking
|-damage|p2a: Slowking|26/100
|
|upkeep
|turn|24
|
|t:|1743893142
|move|p1a: Walking Wake|Hydro Pump|p2a: Slowking
|-damage|p2a: Slowking|0 fnt
|faint|p2a: Slowking
|
|upkeep
|
|t:|1743893143
|switch|p2a: Kingambit|Kingambit, F|93/100
|turn|25
|
|t:|1743893154
|move|p1a: Walking Wake|Hydro Pump|p2a: Kingambit
|-damage|p2a: Kingambit|0 fnt
|faint|p2a: Kingambit
|
|upkeep
|
|t:|1743893160
|switch|p2a: Thundurus|Thundurus-Therian, M|100/100
|turn|26
|
|t:|1743893165
|move|p1a: Walking Wake|Hydro Pump|p2a: Thundurus
|-damage|p2a: Thundurus|0 fnt
|faint|p2a: Thundurus
|
|upkeep
|
|t:|1743893175
|switch|p2a: Pecharunt|Pecharunt|97/100
|turn|27
|
|t:|1743893177
|move|p1a: Walking Wake|Hydro Pump|p2a: Pecharunt
|-damage|p2a: Pecharunt|11/100
|move|p2a: Pecharunt|Malignant Chain|p1a: Walking Wake
|-damage|p1a: Walking Wake|24/100
|
|upkeep
|turn|28
|
|t:|1743893190
|-end|p1a: Walking Wake|Protosynthesis|[silent]
|switch|p1a: Flamigo|Flamigo, M|34/100
|-damage|p1a: Flamigo|22/100|[from] Stealth Rock
|move|p2a: Pecharunt|Malignant Chain|p1a: Flamigo
|-damage|p1a: Flamigo|0 fnt
|faint|p1a: Flamigo
|
|upkeep
|
|t:|1743893191
|switch|p1a: Walking Wake|Walking Wake|24/100
|-damage|p1a: Walking Wake|11/100|[from] Stealth Rock
|turn|29
|
|t:|1743893195
|move|p1a: Walking Wake|Scald|p2a: Pecharunt
|-damage|p2a: Pecharunt|0 fnt
|faint|p2a: Pecharunt
|
|upkeep
|
|t:|1743893197
|switch|p2a: Great Tusk|Great Tusk|100/100
|turn|30
|
|t:|1743893210
|-terastallize|p2a: Great Tusk|Ghost
|move|p1a: Walking Wake|Scald|p2a: Great Tusk
|-damage|p2a: Great Tusk|9/100
|move|p2a: Great Tusk|Rapid Spin|p1a: Walking Wake
|-damage|p1a: Walking Wake|0 fnt
|-boost|p2a: Great Tusk|spe|1
|faint|p1a: Walking Wake
|-end|p1a: Walking Wake|Protosynthesis|[silent]
|
|upkeep
|
|t:|1743893213
|switch|p1a: Raging Bolt|Raging Bolt|100/100
|turn|31
|
|t:|1743893219
|-terastallize|p1a: Raging Bolt|Fairy
|move|p2a: Great Tusk|Stealth Rock||[still]
|-fail|p2a: Great Tusk
|move|p1a: Raging Bolt|Dragon Pulse|p2a: Great Tusk
|-damage|p2a: Great Tusk|0 fnt
|faint|p2a: Great Tusk
|-end|p2a: Great Tusk|Protosynthesis|[silent]
|
|win|localdealerr
|raw|localdealerr's rating: 1641 &rarr; <strong>1664</strong><br />(+23 for winning)
|raw|Ominous vibes's rating: 1688 &rarr; <strong>1665</strong><br />(-23 for losing)
|l|☆Ominous vibes
|player|p2|
|l|☆localdealerr
|player|p1|
|l| orphanofkosm
