|j|☆OfficialdcjensenYT
|j|☆Hakuna Sukuna
|t:|1743876485
|gametype|singles
|player|p1|OfficialdcjensenYT|koga|1099
|player|p2|Hakuna Sukuna|169|1040
|teamsize|p1|6
|teamsize|p2|6
|gen|9
|tier|[Gen 9] OU
|rated|
|rule|HP Percentage Mod: HP is shown in percentages
|rule|Endless Battle Clause: Forcing endless battles is banned
|rule|Species Clause: Limit one of each Pokémon
|rule|OHKO Clause: OHKO moves are banned
|rule|Evasion Items Clause: Evasion items are banned
|rule|Evasion Moves Clause: Evasion moves are banned
|rule|Sleep Moves Clause: Sleep-inducing moves are banned
|clearpoke
|poke|p1|Clefable, F|
|poke|p1|Glimmora, F|
|poke|p1|Dragapult, F|
|poke|p1|Vikavolt, M|
|poke|p1|Vaporeon, F|
|poke|p1|Tyranitar, F|
|poke|p2|Malamar, F|
|poke|p2|Cinderace, F|
|poke|p2|Ceruledge, M|
|poke|p2|Grimmsnarl, M|
|poke|p2|Corviknight, F|
|poke|p2|Garganacl, F|
|teampreview
|
|t:|1743876496
|start
|switch|p1a: Vikavolt|Vikavolt, M, shiny|100/100
|switch|p2a: Garganacl|Garganacl, F|100/100
|turn|1
|
|t:|1743876503
|switch|p1a: Clefable|Clefable, F|100/100
|move|p2a: Garganacl|Salt Cure|p1a: Clefable
|-damage|p1a: Clefable|88/100
|-start|p1a: Clefable|Salt Cure
|
|upkeep
|turn|2
|
|t:|1743876508
|switch|p2a: Corviknight|Corviknight, F|100/100
|-ability|p2a: Corviknight|Pressure
|move|p1a: Clefable|Cosmic Power|p1a: Clefable
|-boost|p1a: Clefable|def|1
|-boost|p1a: Clefable|spd|1
|
|upkeep
|turn|3
|
|t:|1743876513
|-terastallize|p1a: Clefable|Water
|move|p2a: Corviknight|U-turn|p1a: Clefable
|-damage|p1a: Clefable|79/100
|
|t:|1743876522
|switch|p2a: Garganacl|Garganacl, F|100/100|[from] U-turn
|move|p1a: Clefable|Cosmic Power|p1a: Clefable
|-boost|p1a: Clefable|def|1
|-boost|p1a: Clefable|spd|1
|
|upkeep
|turn|4
|
|t:|1743876527
|move|p1a: Clefable|Charge Beam|p2a: Garganacl
|-damage|p2a: Garganacl|90/100
|-boost|p1a: Clefable|spa|1
|-heal|p1a: Clefable|80/100|[from] item: Shell Bell|[of] p2a: Garganacl
|move|p2a: Garganacl|Block|p1a: Clefable
|-activate|p1a: Clefable|trapped
|
|-heal|p2a: Garganacl|96/100|[from] item: Leftovers
|upkeep
|turn|5
|
|t:|1743876537
|move|p1a: Clefable|Draining Kiss|p2a: Garganacl
|-damage|p2a: Garganacl|72/100
|-heal|p1a: Clefable|99/100|[from] drain|[of] p2a: Garganacl
|-heal|p1a: Clefable|100/100|[from] item: Shell Bell|[of] p2a: Garganacl
|move|p2a: Garganacl|Salt Cure|p1a: Clefable
|-damage|p1a: Clefable|94/100
|
|-heal|p2a: Garganacl|78/100|[from] item: Leftovers
|upkeep
|turn|6
|
|t:|1743876541
|move|p1a: Clefable|Charge Beam|p2a: Garganacl|[miss]
|-miss|p1a: Clefable|p2a: Garganacl
|move|p2a: Garganacl|Iron Defense|p2a: Garganacl
|-boost|p2a: Garganacl|def|2
|
|-heal|p2a: Garganacl|84/100|[from] item: Leftovers
|upkeep
|turn|7
|
|t:|1743876550
|move|p1a: Clefable|Cosmic Power|p1a: Clefable
|-boost|p1a: Clefable|def|1
|-boost|p1a: Clefable|spd|1
|move|p2a: Garganacl|Salt Cure|p1a: Clefable
|-damage|p1a: Clefable|88/100
|
|-heal|p2a: Garganacl|91/100|[from] item: Leftovers
|upkeep
|turn|8
|
|t:|1743876557
|move|p1a: Clefable|Future Sight|p2a: Garganacl
|-start|p1a: Clefable|move: Future Sight
|move|p2a: Garganacl|Salt Cure|p1a: Clefable
|-damage|p1a: Clefable|82/100
|
|-heal|p2a: Garganacl|97/100|[from] item: Leftovers
|upkeep
|turn|9
|
|t:|1743876575
|move|p1a: Clefable|Charge Beam|p2a: Garganacl
|-damage|p2a: Garganacl|82/100
|-boost|p1a: Clefable|spa|1
|-heal|p1a: Clefable|84/100|[from] item: Shell Bell|[of] p2a: Garganacl
|move|p2a: Garganacl|Salt Cure|p1a: Clefable
|-damage|p1a: Clefable|78/100
|
|-heal|p2a: Garganacl|88/100|[from] item: Leftovers
|upkeep
|turn|10
|
|t:|1743876582
|move|p1a: Clefable|Draining Kiss|p2a: Garganacl
|-damage|p2a: Garganacl|58/100
|-heal|p1a: Clefable|100/100|[from] drain|[of] p2a: Garganacl
|move|p2a: Garganacl|Salt Cure|p1a: Clefable
|-damage|p1a: Clefable|95/100
|
|-end|p2a: Garganacl|move: Future Sight
|-damage|p2a: Garganacl|12/100
|-heal|p2a: Garganacl|18/100|[from] item: Leftovers
|upkeep
|turn|11
|
|t:|1743876595
|move|p1a: Clefable|Future Sight|p2a: Garganacl
|-start|p1a: Clefable|move: Future Sight
|move|p2a: Garganacl|Salt Cure|p1a: Clefable
|-damage|p1a: Clefable|89/100
|
|-heal|p2a: Garganacl|24/100|[from] item: Leftovers
|upkeep
|turn|12
|
|t:|1743876599
|move|p1a: Clefable|Charge Beam|p2a: Garganacl
|-crit|p2a: Garganacl
|-damage|p2a: Garganacl|0 fnt
|faint|p2a: Garganacl
|-heal|p1a: Clefable|92/100|[from] item: Shell Bell|[of] p2: Garganacl
|
|upkeep
|
|t:|1743876603
|switch|p2a: Malamar|Malamar, F|100/100
|turn|13
|
|t:|1743876607
|move|p2a: Malamar|Topsy-Turvy|p1a: Clefable
|-invertboost|p1a: Clefable|[from] move: Topsy-Turvy
|move|p1a: Clefable|Draining Kiss|p2a: Malamar
|-supereffective|p2a: Malamar
|-damage|p2a: Malamar|80/100
|-heal|p1a: Clefable|100/100|[from] drain|[of] p2a: Malamar
|
|-end|p2a: Malamar|move: Future Sight
|-immune|p2a: Malamar
|upkeep
|turn|14
|
|t:|1743876618
|move|p2a: Malamar|Knock Off|p1a: Clefable
|-damage|p1a: Clefable|0 fnt
|-enditem|p1a: Clefable|Shell Bell|[from] move: Knock Off|[of] p2a: Malamar
|faint|p1a: Clefable
|
|upkeep
|
|t:|1743876622
|switch|p1a: Tyranitar|Tyranitar, F|100/100
|-weather|Sandstorm|[from] ability: Sand Stream|[of] p1a: Tyranitar
|turn|15
|
|t:|1743876626
|switch|p1a: Glimmora|Glimmora, F|100/100
|move|p2a: Malamar|Superpower|p1a: Glimmora
|-damage|p1a: Glimmora|70/100
|-boost|p2a: Malamar|atk|1
|-boost|p2a: Malamar|def|1
|-enditem|p1a: Glimmora|Red Card|[of] p2a: Malamar
|drag|p2a: Grimmsnarl|Grimmsnarl, M|100/100
|
|-weather|Sandstorm|[upkeep]
|-damage|p2a: Grimmsnarl|94/100|[from] Sandstorm
|upkeep
|turn|16
|
|t:|1743876637
|move|p2a: Grimmsnarl|Parting Shot|p1a: Glimmora
|-unboost|p1a: Glimmora|atk|1
|-unboost|p1a: Glimmora|spa|1
|
|t:|1743876639
|switch|p2a: Corviknight|Corviknight, F|100/100|[from] Parting Shot
|-ability|p2a: Corviknight|Pressure
|move|p1a: Glimmora|Dazzling Gleam|p2a: Corviknight
|-resisted|p2a: Corviknight
|-damage|p2a: Corviknight|92/100
|
|-weather|Sandstorm|[upkeep]
|upkeep
|turn|17
|
|t:|1743876646
|move|p1a: Glimmora|Ancient Power|p2a: Corviknight
|-damage|p2a: Corviknight|75/100
|-boost|p1a: Glimmora|atk|1
|-boost|p1a: Glimmora|def|1
|-boost|p1a: Glimmora|spa|1
|-boost|p1a: Glimmora|spd|1
|-boost|p1a: Glimmora|spe|1
|move|p2a: Corviknight|U-turn|p1a: Glimmora
|-resisted|p1a: Glimmora
|-damage|p1a: Glimmora|66/100
|
|t:|1743876652
|switch|p2a: Malamar|Malamar, F|80/100|[from] U-turn
|
|-weather|Sandstorm|[upkeep]
|-damage|p2a: Malamar|74/100|[from] Sandstorm
|upkeep
|turn|18
|
|t:|1743876656
|move|p1a: Glimmora|Mortal Spin|p2a: Malamar
|-damage|p2a: Malamar|67/100
|-status|p2a: Malamar|psn
|move|p2a: Malamar|Topsy-Turvy|p1a: Glimmora
|-invertboost|p1a: Glimmora|[from] move: Topsy-Turvy
|
|-weather|Sandstorm|[upkeep]
|-damage|p2a: Malamar|61/100 psn|[from] Sandstorm
|-damage|p2a: Malamar|48/100 psn|[from] psn
|upkeep
|turn|19
|
|t:|1743876663
|move|p2a: Malamar|Psycho Cut|p1a: Glimmora
|-supereffective|p1a: Glimmora
|-damage|p1a: Glimmora|0 fnt
|faint|p1a: Glimmora
|
|-weather|none
|-damage|p2a: Malamar|36/100 psn|[from] psn
|upkeep
|
|t:|1743876666
|switch|p1a: Tyranitar|Tyranitar, F|100/100
|-weather|Sandstorm|[from] ability: Sand Stream|[of] p1a: Tyranitar
|turn|20
|
|t:|1743876670
|switch|p1a: Vikavolt|Vikavolt, M, shiny|100/100
|move|p2a: Malamar|Superpower|p1a: Vikavolt
|-resisted|p1a: Vikavolt
|-damage|p1a: Vikavolt|82/100
|-boost|p2a: Malamar|atk|1
|-boost|p2a: Malamar|def|1
|-damage|p2a: Malamar|20/100 psn|[from] item: Rocky Helmet|[of] p1a: Vikavolt
|
|-weather|Sandstorm|[upkeep]
|-damage|p2a: Malamar|14/100 psn|[from] Sandstorm
|-damage|p1a: Vikavolt|76/100|[from] Sandstorm
|-damage|p2a: Malamar|1/100 psn|[from] psn
|upkeep
|turn|21
|
|t:|1743876682
|switch|p1a: Vaporeon|Vaporeon, F|100/100
|move|p2a: Malamar|Knock Off|p1a: Vaporeon
|-damage|p1a: Vaporeon|42/100
|-enditem|p1a: Vaporeon|Leftovers|[from] move: Knock Off|[of] p2a: Malamar
|
|-weather|Sandstorm|[upkeep]
|-damage|p2a: Malamar|0 fnt|[from] Sandstorm
|-damage|p1a: Vaporeon|36/100|[from] Sandstorm
|faint|p2a: Malamar
|upkeep
|
|t:|1743876691
|switch|p2a: Cinderace|Cinderace, F|100/100
|turn|22
|
|t:|1743876695
|move|p1a: Vaporeon|Protect|p1a: Vaporeon
|-singleturn|p1a: Vaporeon|Protect
|move|p2a: Cinderace|U-turn|p1a: Vaporeon
|-start|p2a: Cinderace|typechange|Bug|[from] ability: Libero
|-activate|p1a: Vaporeon|move: Protect
|
|-weather|Sandstorm|[upkeep]
|-damage|p2a: Cinderace|95/100|[from] Sandstorm
|-damage|p1a: Vaporeon|30/100|[from] Sandstorm
|upkeep
|turn|23
|
|t:|1743876704
|switch|p1a: Vikavolt|Vikavolt, M, shiny|76/100
|move|p2a: Cinderace|U-turn|p1a: Vikavolt
|-damage|p1a: Vikavolt|45/100
|-damage|p2a: Cinderace|78/100|[from] item: Rocky Helmet|[of] p1a: Vikavolt
|
|t:|1743876708
|switch|p2a: Ceruledge|Ceruledge, M|100/100|[from] U-turn
|
|-weather|Sandstorm|[upkeep]
|-damage|p2a: Ceruledge|94/100|[from] Sandstorm
|-damage|p1a: Vikavolt|39/100|[from] Sandstorm
|upkeep
|turn|24
|
|t:|1743876716
|switch|p1a: Vaporeon|Vaporeon, F|30/100
|move|p2a: Ceruledge|Bitter Blade|p1a: Vaporeon
|-resisted|p1a: Vaporeon
|-damage|p1a: Vaporeon|10/100
|-heal|p2a: Ceruledge|100/100|[from] drain|[of] p1a: Vaporeon
|
|-weather|none
|upkeep
|turn|25
|
|t:|1743876726
|switch|p1a: Vikavolt|Vikavolt, M, shiny|39/100
|move|p2a: Ceruledge|Bitter Blade|p1a: Vikavolt
|-supereffective|p1a: Vikavolt
|-damage|p1a: Vikavolt|0 fnt
|-damage|p2a: Ceruledge|84/100|[from] item: Rocky Helmet|[of] p1a: Vikavolt
|faint|p1a: Vikavolt
|
|upkeep
|
|t:|1743876732
|switch|p1a: Tyranitar|Tyranitar, F|100/100
|-weather|Sandstorm|[from] ability: Sand Stream|[of] p1a: Tyranitar
|turn|26
|
|t:|1743876736
|move|p2a: Ceruledge|Close Combat|p1a: Tyranitar
|-supereffective|p1a: Tyranitar
|-damage|p1a: Tyranitar|0 fnt
|-unboost|p2a: Ceruledge|def|1
|-unboost|p2a: Ceruledge|spd|1
|faint|p1a: Tyranitar
|
|-weather|Sandstorm|[upkeep]
|-damage|p2a: Ceruledge|78/100|[from] Sandstorm
|upkeep
|
|t:|1743876740
|switch|p1a: Dragapult|Dragapult, F|100/100
|turn|27
|
|t:|1743876746
|switch|p2a: Grimmsnarl|Grimmsnarl, M|94/100
|move|p1a: Dragapult|Dragon Dance|p1a: Dragapult
|-boost|p1a: Dragapult|atk|1
|-boost|p1a: Dragapult|spe|1
|
|-weather|Sandstorm|[upkeep]
|-damage|p1a: Dragapult|94/100|[from] Sandstorm
|-damage|p2a: Grimmsnarl|88/100|[from] Sandstorm
|upkeep
|turn|28
|
|t:|1743876757
|move|p1a: Dragapult|Will-O-Wisp|p2a: Grimmsnarl|[miss]
|-miss|p1a: Dragapult|p2a: Grimmsnarl
|move|p2a: Grimmsnarl|Spirit Break|p1a: Dragapult
|-supereffective|p1a: Dragapult
|-damage|p1a: Dragapult|35/100
|-unboost|p1a: Dragapult|spa|1
|
|-weather|Sandstorm|[upkeep]
|-damage|p1a: Dragapult|29/100|[from] Sandstorm
|-damage|p2a: Grimmsnarl|82/100|[from] Sandstorm
|upkeep
|turn|29
|
|t:|1743876765
|move|p2a: Grimmsnarl|Taunt|p1a: Dragapult
|-start|p1a: Dragapult|move: Taunt
|move|p1a: Dragapult|Phantom Force||[still]
|-prepare|p1a: Dragapult|Phantom Force
|
|-weather|Sandstorm|[upkeep]
|-damage|p1a: Dragapult|23/100|[from] Sandstorm
|-damage|p2a: Grimmsnarl|76/100|[from] Sandstorm
|upkeep
|turn|30
|
|t:|1743876773
|move|p2a: Grimmsnarl|Torment|p1a: Dragapult|[miss]
|-miss|p2a: Grimmsnarl|p1a: Dragapult
|move|p1a: Dragapult|Phantom Force|p2a: Grimmsnarl|[from] lockedmove
|-resisted|p2a: Grimmsnarl
|-damage|p2a: Grimmsnarl|36/100
|
|-weather|none
|upkeep
|turn|31
|
|t:|1743876782
|move|p2a: Grimmsnarl|Torment|p1a: Dragapult
|-start|p1a: Dragapult|Torment
|move|p1a: Dragapult|Phantom Force||[still]
|-prepare|p1a: Dragapult|Phantom Force
|
|-end|p1a: Dragapult|move: Taunt
|upkeep
|turn|32
|
|t:|1743876789
|move|p1a: Dragapult|Phantom Force|p2a: Grimmsnarl|[from] lockedmove
|-resisted|p2a: Grimmsnarl
|-damage|p2a: Grimmsnarl|0 fnt
|faint|p2a: Grimmsnarl
|
|upkeep
|
|t:|1743876793
|switch|p2a: Corviknight|Corviknight, F|75/100
|-ability|p2a: Corviknight|Pressure
|turn|33
|
|t:|1743876795
|move|p1a: Dragapult|Will-O-Wisp|p2a: Corviknight
|-status|p2a: Corviknight|brn
|move|p2a: Corviknight|Brave Bird|p1a: Dragapult
|-damage|p1a: Dragapult|4/100
|-damage|p2a: Corviknight|70/100 brn|[from] Recoil
|
|-damage|p2a: Corviknight|64/100 brn|[from] brn
|upkeep
|turn|34
|
|t:|1743876802
|move|p1a: Dragapult|Phantom Force||[still]
|-prepare|p1a: Dragapult|Phantom Force
|move|p2a: Corviknight|U-turn|p1a: Dragapult|[miss]
|-miss|p2a: Corviknight|p1a: Dragapult
|
|-damage|p2a: Corviknight|58/100 brn|[from] brn
|upkeep
|turn|35
|
|t:|1743876806
|move|p1a: Dragapult|Phantom Force|p2a: Corviknight|[from] lockedmove
|-damage|p2a: Corviknight|19/100 brn
|-damage|p1a: Dragapult|0 fnt|[from] item: Rocky Helmet|[of] p2a: Corviknight
|faint|p1a: Dragapult
|move|p2a: Corviknight|U-turn|p1: Dragapult|[notarget]
|-fail|p2a: Corviknight
|
|-damage|p2a: Corviknight|13/100 brn|[from] brn
|upkeep
|
|t:|1743876815
|switch|p1a: Vaporeon|Vaporeon, F|10/100
|turn|36
|
|t:|1743876817
|move|p1a: Vaporeon|Protect|p1a: Vaporeon
|-singleturn|p1a: Vaporeon|Protect
|move|p2a: Corviknight|Brave Bird|p1a: Vaporeon
|-activate|p1a: Vaporeon|move: Protect
|
|-damage|p2a: Corviknight|7/100 brn|[from] brn
|upkeep
|turn|37
|
|t:|1743876827
|move|p2a: Corviknight|Brave Bird|p1a: Vaporeon
|-damage|p1a: Vaporeon|0 fnt
|faint|p1a: Vaporeon
|-damage|p2a: Corviknight|4/100 brn|[from] Recoil
|
|win|Hakuna Sukuna
|raw|OfficialdcjensenYT's rating: 1099 &rarr; <strong>1070</strong><br />(-29 for losing)
|raw|Hakuna Sukuna's rating: 1040 &rarr; <strong>1080</strong><br />(+40 for winning)
