|j|☆idealist
|j|☆Cergal
|t:|1743871533
|gametype|singles
|player|p1|idealist|266|1482
|player|p2|Cergal|swimmer-gen4dp|1482
|teamsize|p1|6
|teamsize|p2|6
|gen|9
|tier|[Gen 9] OU
|rated|
|rule|HP Percentage Mod: HP is shown in percentages
|rule|Endless Battle Clause: Forcing endless battles is banned
|rule|Species Clause: Limit one of each Pokémon
|rule|OHKO Clause: OHKO moves are banned
|rule|Evasion Items Clause: Evasion items are banned
|rule|Evasion Moves Clause: Evasion moves are banned
|rule|Sleep Moves Clause: Sleep-inducing moves are banned
|clearpoke
|poke|p1|Araquanid, M|
|poke|p1|Raging Bolt|
|poke|p1|Iron Moth|
|poke|p1|Great Tusk|
|poke|p1|Gholdengo|
|poke|p1|Kingambit, F|
|poke|p2|Pelipper, M|
|poke|p2|Clodsire, F|
|poke|p2|Quaquaval, F|
|poke|p2|Barraskewda, M|
|poke|p2|Great Tusk|
|poke|p2|Darkrai|
|teampreview
|inactive|Battle timer is ON: inactive players will automatically lose when time's up. (requested by Cergal)
|c|☆idealist|ooohhh rain
|c|☆idealist|im cooked
|
|t:|1743871554
|start
|switch|p1a: Iron Moth|Iron Moth|100/100
|switch|p2a: Clodsire|Clodsire, F|100/100
|-enditem|p1a: Iron Moth|Booster Energy
|-activate|p1a: Iron Moth|ability: Quark Drive|[fromitem]
|-start|p1a: Iron Moth|quarkdrivespa
|turn|1
|c|☆idealist|or washed ig
|c|☆idealist|cooked would be for sun
|
|t:|1743871578
|move|p1a: Iron Moth|Psychic|p2a: Clodsire
|-supereffective|p2a: Clodsire
|-damage|p2a: Clodsire|55/100
|move|p2a: Clodsire|Stealth Rock|p1a: Iron Moth
|-sidestart|p1: idealist|move: Stealth Rock
|
|-heal|p2a: Clodsire|61/100|[from] item: Black Sludge
|upkeep
|turn|2
|
|t:|1743871593
|-end|p1a: Iron Moth|Quark Drive|[silent]
|switch|p1a: Gholdengo|Gholdengo|100/100
|-damage|p1a: Gholdengo|94/100|[from] Stealth Rock
|-item|p1a: Gholdengo|Air Balloon
|move|p2a: Clodsire|Earthquake|p1a: Gholdengo
|-immune|p1a: Gholdengo
|
|-heal|p2a: Clodsire|67/100|[from] item: Black Sludge
|upkeep
|turn|3
|
|t:|1743871603
|switch|p2a: Pelipper|Pelipper, M|100/100
|-weather|RainDance|[from] ability: Drizzle|[of] p2a: Pelipper
|move|p1a: Gholdengo|Nasty Plot|p1a: Gholdengo
|-boost|p1a: Gholdengo|spa|2
|
|-weather|RainDance|[upkeep]
|upkeep
|turn|4
|
|t:|1743871611
|move|p1a: Gholdengo|Dazzling Gleam|p2a: Pelipper
|-damage|p2a: Pelipper|0 fnt
|faint|p2a: Pelipper
|
|-weather|RainDance|[upkeep]
|upkeep
|
|t:|1743871614
|switch|p2a: Barraskewda|Barraskewda, M|100/100
|turn|5
|
|t:|1743871619
|move|p2a: Barraskewda|Liquidation|p1a: Gholdengo
|-damage|p1a: Gholdengo|0 fnt
|-enditem|p1a: Gholdengo|Air Balloon
|faint|p1a: Gholdengo
|
|-weather|RainDance|[upkeep]
|upkeep
|
|t:|1743871626
|switch|p1a: Araquanid|Araquanid, M|100/100
|-damage|p1a: Araquanid|76/100|[from] Stealth Rock
|turn|6
|
|t:|1743871630
|move|p2a: Barraskewda|Liquidation|p1a: Araquanid
|-resisted|p1a: Araquanid
|-damage|p1a: Araquanid|25/100
|-unboost|p1a: Araquanid|def|1
|move|p1a: Araquanid|Sticky Web|p2a: Barraskewda
|-sidestart|p2: Cergal|move: Sticky Web
|
|-weather|RainDance|[upkeep]
|upkeep
|turn|7
|-enditem|p1a: Araquanid|Custap Berry|[eat]
|-activate|p1a: Araquanid|item: Custap Berry|[consumed]
|
|t:|1743871637
|move|p1a: Araquanid|Lunge|p2a: Barraskewda
|-damage|p2a: Barraskewda|58/100
|-unboost|p2a: Barraskewda|atk|1
|move|p2a: Barraskewda|Liquidation|p1a: Araquanid
|-resisted|p1a: Araquanid
|-damage|p1a: Araquanid|0 fnt
|faint|p1a: Araquanid
|
|-weather|RainDance|[upkeep]
|upkeep
|
|t:|1743871648
|switch|p1a: Raging Bolt|Raging Bolt|100/100
|-damage|p1a: Raging Bolt|88/100|[from] Stealth Rock
|-enditem|p1a: Raging Bolt|Booster Energy
|-activate|p1a: Raging Bolt|ability: Protosynthesis|[fromitem]
|-start|p1a: Raging Bolt|protosynthesisspa
|turn|8
|
|t:|1743871660
|move|p2a: Barraskewda|Liquidation|p1a: Raging Bolt
|-resisted|p1a: Raging Bolt
|-damage|p1a: Raging Bolt|54/100
|-unboost|p1a: Raging Bolt|def|1
|move|p1a: Raging Bolt|Dragon Pulse|p2a: Barraskewda
|-damage|p2a: Barraskewda|0 fnt
|faint|p2a: Barraskewda
|
|-weather|RainDance|[upkeep]
|upkeep
|
|t:|1743871675
|switch|p2a: Clodsire|Clodsire, F|67/100
|-activate|p2a: Clodsire|move: Sticky Web
|-unboost|p2a: Clodsire|spe|1
|turn|9
|
|t:|1743871680
|-terastallize|p1a: Raging Bolt|Bug
|move|p1a: Raging Bolt|Calm Mind|p1a: Raging Bolt
|-boost|p1a: Raging Bolt|spa|1
|-boost|p1a: Raging Bolt|spd|1
|move|p2a: Clodsire|Recover|p2a: Clodsire
|-heal|p2a: Clodsire|100/100
|
|-weather|RainDance|[upkeep]
|upkeep
|turn|10
|
|t:|1743871688
|move|p1a: Raging Bolt|Dragon Pulse|p2a: Clodsire
|-damage|p2a: Clodsire|52/100
|move|p2a: Clodsire|Toxic|p1a: Raging Bolt
|-status|p1a: Raging Bolt|tox
|
|-weather|none
|-heal|p2a: Clodsire|58/100|[from] item: Black Sludge
|-damage|p1a: Raging Bolt|48/100 tox|[from] psn
|upkeep
|turn|11
|
|t:|1743871697
|move|p1a: Raging Bolt|Dragon Pulse|p2a: Clodsire
|-damage|p2a: Clodsire|6/100
|move|p2a: Clodsire|Recover|p2a: Clodsire
|-heal|p2a: Clodsire|56/100
|
|-heal|p2a: Clodsire|62/100|[from] item: Black Sludge
|-damage|p1a: Raging Bolt|36/100 tox|[from] psn
|upkeep
|turn|12
|
|t:|1743871705
|move|p1a: Raging Bolt|Dragon Pulse|p2a: Clodsire
|-damage|p2a: Clodsire|12/100
|move|p2a: Clodsire|Recover|p2a: Clodsire
|-heal|p2a: Clodsire|62/100
|
|-heal|p2a: Clodsire|69/100|[from] item: Black Sludge
|-damage|p1a: Raging Bolt|18/100 tox|[from] psn
|upkeep
|turn|13
|
|t:|1743871713
|move|p1a: Raging Bolt|Dragon Pulse|p2a: Clodsire
|-damage|p2a: Clodsire|16/100
|move|p2a: Clodsire|Recover|p2a: Clodsire
|-heal|p2a: Clodsire|67/100
|
|-heal|p2a: Clodsire|73/100|[from] item: Black Sludge
|-damage|p1a: Raging Bolt|0 fnt|[from] psn
|faint|p1a: Raging Bolt
|-end|p1a: Raging Bolt|Protosynthesis|[silent]
|upkeep
|
|t:|1743871727
|switch|p1a: Great Tusk|Great Tusk|100/100
|-damage|p1a: Great Tusk|98/100|[from] Stealth Rock
|-enditem|p1a: Great Tusk|Booster Energy
|-activate|p1a: Great Tusk|ability: Protosynthesis|[fromitem]
|-start|p1a: Great Tusk|protosynthesisatk
|turn|14
|
|t:|1743871733
|move|p1a: Great Tusk|Headlong Rush|p2a: Clodsire
|-supereffective|p2a: Clodsire
|-damage|p2a: Clodsire|0 fnt
|-unboost|p1a: Great Tusk|def|1
|-unboost|p1a: Great Tusk|spd|1
|faint|p2a: Clodsire
|
|upkeep
|
|t:|1743871740
|switch|p2a: Great Tusk|Great Tusk|100/100
|-activate|p2a: Great Tusk|move: Sticky Web
|-unboost|p2a: Great Tusk|spe|1
|turn|15
|
|t:|1743871745
|move|p1a: Great Tusk|Headlong Rush|p2a: Great Tusk
|-damage|p2a: Great Tusk|60/100
|-unboost|p1a: Great Tusk|def|1
|-unboost|p1a: Great Tusk|spd|1
|move|p2a: Great Tusk|Rapid Spin|p1a: Great Tusk
|-crit|p1a: Great Tusk
|-damage|p1a: Great Tusk|66/100
|-boost|p2a: Great Tusk|spe|1
|-sideend|p2: Cergal|Sticky Web|[from] move: Rapid Spin|[of] p2a: Great Tusk
|
|-heal|p2a: Great Tusk|66/100|[from] item: Leftovers
|upkeep
|turn|16
|
|t:|1743871756
|move|p1a: Great Tusk|Ice Spinner|p2a: Great Tusk
|-supereffective|p2a: Great Tusk
|-damage|p2a: Great Tusk|27/100
|move|p2a: Great Tusk|Rapid Spin|p1a: Great Tusk
|-damage|p1a: Great Tusk|46/100
|-boost|p2a: Great Tusk|spe|1
|
|-heal|p2a: Great Tusk|34/100|[from] item: Leftovers
|upkeep
|turn|17
|
|t:|1743871766
|-end|p1a: Great Tusk|Protosynthesis|[silent]
|switch|p1a: Kingambit|Kingambit, F|100/100
|-damage|p1a: Kingambit|94/100|[from] Stealth Rock
|-activate|p1a: Kingambit|ability: Supreme Overlord
|-start|p1a: Kingambit|fallen3|[silent]
|move|p2a: Great Tusk|Bulk Up|p2a: Great Tusk
|-boost|p2a: Great Tusk|atk|1
|-boost|p2a: Great Tusk|def|1
|
|-heal|p2a: Great Tusk|40/100|[from] item: Leftovers
|upkeep
|turn|18
|-message|idealist forfeited.
|
|win|Cergal
|raw|idealist's rating: 1482 &rarr; <strong>1462</strong><br />(-20 for losing)
|raw|Cergal's rating: 1482 &rarr; <strong>1502</strong><br />(+20 for winning)
|l|☆idealist
|player|p1|
|l|☆Cergal
|player|p2|
