|j|☆azzhabuka
|j|☆BabyBattleBoy
|t:|1743790113
|gametype|singles
|player|p1|azzhabuka|preschooler|1452
|player|p2|BabyBattleBoy|lass|1403
|teamsize|p1|6
|teamsize|p2|6
|gen|9
|tier|[Gen 9] OU
|rated|
|rule|HP Percentage Mod: HP is shown in percentages
|rule|Endless Battle Clause: Forcing endless battles is banned
|rule|Species Clause: Limit one of each Pokémon
|rule|OHKO Clause: OHKO moves are banned
|rule|Evasion Items Clause: Evasion items are banned
|rule|Evasion Moves Clause: Evasion moves are banned
|rule|Sleep Moves Clause: Sleep-inducing moves are banned
|clearpoke
|poke|p1|Tyranitar, M|
|poke|p1|Excadrill, M|
|poke|p1|Zamazenta-*|
|poke|p1|Ogerpon-Wellspring, F|
|poke|p1|Moltres|
|poke|p1|Primarina, F|
|poke|p2|Tinkaton, F|
|poke|p2|Vileplume, M|
|poke|p2|Mamoswine, M|
|poke|p2|Ogerpon-Wellspring, F|
|poke|p2|Cinccino, M|
|poke|p2|Walking Wake|
|teampreview
|inactive|Battle timer is ON: inactive players will automatically lose when time's up. (requested by azzhabuka)
|c|☆azzhabuka|vileplume :D
|
|t:|1743790134
|start
|switch|p1a: Tyranocif|Tyranitar, M|100/100
|switch|p2a: Original Idea|Walking Wake|100/100
|-weather|Sandstorm|[from] ability: Sand Stream|[of] p1a: Tyranocif
|turn|1
|
|t:|1743790147
|move|p2a: Original Idea|Hydro Steam|p1a: Tyranocif
|-supereffective|p1a: Tyranocif
|-damage|p1a: Tyranocif|66/100
|move|p1a: Tyranocif|Stealth Rock|p2a: Original Idea
|-sidestart|p2: BabyBattleBoy|move: Stealth Rock
|
|-weather|Sandstorm|[upkeep]
|-damage|p2a: Original Idea|94/100|[from] Sandstorm
|upkeep
|turn|2
|
|t:|1743790154
|switch|p1a: girl so confusing|Ogerpon-Wellspring, F|100/100
|move|p2a: Original Idea|Draco Meteor|p1a: girl so confusing
|-damage|p1a: girl so confusing|21/100
|-unboost|p2a: Original Idea|spa|2
|
|-weather|Sandstorm|[upkeep]
|-damage|p1a: girl so confusing|15/100|[from] Sandstorm
|-damage|p2a: Original Idea|88/100|[from] Sandstorm
|upkeep
|turn|3
|
|t:|1743790167
|switch|p1a: Funny|Primarina, F|100/100
|-end|p2a: Original Idea|Protosynthesis|[silent]
|switch|p2a: Misery Bloom|Vileplume, M, shiny|100/100
|-damage|p2a: Misery Bloom|88/100|[from] Stealth Rock
|
|-weather|Sandstorm|[upkeep]
|-damage|p1a: Funny|94/100|[from] Sandstorm
|-damage|p2a: Misery Bloom|82/100|[from] Sandstorm
|-heal|p1a: Funny|100/100|[from] item: Leftovers
|upkeep
|turn|4
|
|t:|1743790179
|switch|p1a: the birds|Moltres|100/100
|move|p2a: Misery Bloom|Stun Spore|p1a: the birds|[miss]
|-miss|p2a: Misery Bloom|p1a: the birds
|
|-weather|Sandstorm|[upkeep]
|-damage|p1a: the birds|94/100|[from] Sandstorm
|-damage|p2a: Misery Bloom|76/100|[from] Sandstorm
|upkeep
|turn|5
|
|t:|1743790188
|switch|p2a: Original Idea|Walking Wake|88/100
|-damage|p2a: Original Idea|76/100|[from] Stealth Rock
|move|p1a: the birds|Will-O-Wisp|p2a: Original Idea|[miss]
|-miss|p1a: the birds|p2a: Original Idea
|
|-weather|Sandstorm|[upkeep]
|-damage|p2a: Original Idea|70/100|[from] Sandstorm
|-damage|p1a: the birds|88/100|[from] Sandstorm
|upkeep
|turn|6
|
|t:|1743790198
|switch|p1a: Funny|Primarina, F|100/100
|move|p2a: Original Idea|Draco Meteor|p1a: Funny
|-immune|p1a: Funny
|
|-weather|Sandstorm|[upkeep]
|-damage|p2a: Original Idea|64/100|[from] Sandstorm
|-damage|p1a: Funny|94/100|[from] Sandstorm
|-heal|p1a: Funny|100/100|[from] item: Leftovers
|upkeep
|turn|7
|
|t:|1743790207
|move|p2a: Original Idea|Flip Turn|p1a: Funny
|-resisted|p1a: Funny
|-damage|p1a: Funny|94/100
|
|t:|1743790213
|-end|p2a: Original Idea|Protosynthesis|[silent]
|switch|p2a: Flubbino|Tinkaton, F|100/100|[from] Flip Turn
|-damage|p2a: Flubbino|94/100|[from] Stealth Rock
|-ability|p2a: Flubbino|Mold Breaker
|move|p1a: Funny|Calm Mind|p1a: Funny
|-boost|p1a: Funny|spa|1
|-boost|p1a: Funny|spd|1
|
|-weather|Sandstorm|[upkeep]
|-damage|p1a: Funny|88/100|[from] Sandstorm
|-heal|p2a: Flubbino|100/100|[from] item: Leftovers
|-heal|p1a: Funny|94/100|[from] item: Leftovers
|upkeep
|turn|8
|
|t:|1743790229
|move|p2a: Flubbino|Encore|p1a: Funny
|-start|p1a: Funny|Encore
|move|p1a: Funny|Calm Mind|p1a: Funny
|-boost|p1a: Funny|spa|1
|-boost|p1a: Funny|spd|1
|
|-weather|none
|-heal|p1a: Funny|99/100|[from] item: Leftovers
|upkeep
|turn|9
|
|t:|1743790236
|switch|p1a: the birds|Moltres|88/100
|move|p2a: Flubbino|Stealth Rock|p1a: the birds
|-sidestart|p1: azzhabuka|move: Stealth Rock
|
|upkeep
|turn|10
|
|t:|1743790241
|move|p2a: Flubbino|Knock Off|p1a: the birds
|-damage|p1a: the birds|75/100
|-enditem|p1a: the birds|Heavy-Duty Boots|[from] move: Knock Off|[of] p2a: Flubbino
|move|p1a: the birds|Will-O-Wisp|p2a: Flubbino
|-status|p2a: Flubbino|brn
|
|-damage|p2a: Flubbino|94/100 brn|[from] brn
|upkeep
|turn|11
|
|t:|1743790250
|move|p2a: Flubbino|Encore|p1a: the birds
|-start|p1a: the birds|Encore
|move|p1a: the birds|Will-O-Wisp|p2a: Flubbino
|-fail|p2a: Flubbino|brn
|
|-heal|p2a: Flubbino|100/100 brn|[from] item: Leftovers
|-damage|p2a: Flubbino|94/100 brn|[from] brn
|upkeep
|turn|12
|
|t:|1743790259
|switch|p2a: Original Idea|Walking Wake|64/100
|-damage|p2a: Original Idea|51/100|[from] Stealth Rock
|switch|p1a: Tyranocif|Tyranitar, M|66/100
|-damage|p1a: Tyranocif|53/100|[from] Stealth Rock
|-weather|Sandstorm|[from] ability: Sand Stream|[of] p1a: Tyranocif
|
|-weather|Sandstorm|[upkeep]
|-damage|p2a: Original Idea|45/100|[from] Sandstorm
|upkeep
|turn|13
|
|t:|1743790271
|move|p2a: Original Idea|Draco Meteor|p1a: Tyranocif
|-damage|p1a: Tyranocif|29/100
|-unboost|p2a: Original Idea|spa|2
|move|p1a: Tyranocif|Knock Off|p2a: Original Idea
|-damage|p2a: Original Idea|5/100
|-enditem|p2a: Original Idea|Assault Vest|[from] move: Knock Off|[of] p1a: Tyranocif
|
|-weather|Sandstorm|[upkeep]
|-damage|p2a: Original Idea|0 fnt|[from] Sandstorm
|faint|p2a: Original Idea
|-end|p2a: Original Idea|Protosynthesis|[silent]
|upkeep
|
|t:|1743790282
|switch|p2a: Misery Bloom|Vileplume, M, shiny|76/100
|-damage|p2a: Misery Bloom|64/100|[from] Stealth Rock
|turn|14
|
|t:|1743790300
|move|p1a: Tyranocif|Knock Off|p2a: Misery Bloom
|-damage|p2a: Misery Bloom|19/100
|-damage|p1a: Tyranocif|12/100|[from] item: Rocky Helmet|[of] p2a: Misery Bloom
|-status|p1a: Tyranocif|slp|[from] ability: Effect Spore|[of] p2a: Misery Bloom
|-enditem|p2a: Misery Bloom|Rocky Helmet|[from] move: Knock Off|[of] p1a: Tyranocif
|move|p2a: Misery Bloom|Strength Sap|p1a: Tyranocif
|-unboost|p1a: Tyranocif|atk|1
|-heal|p2a: Misery Bloom|100/100
|
|-weather|Sandstorm|[upkeep]
|-damage|p2a: Misery Bloom|94/100|[from] Sandstorm
|upkeep
|turn|15
|
|t:|1743790314
|switch|p1a: Brian|Excadrill, M|100/100
|-damage|p1a: Brian|97/100|[from] Stealth Rock
|-item|p1a: Brian|Air Balloon
|switch|p2a: I hate sand|Cinccino, M|100/100
|-damage|p2a: I hate sand|88/100|[from] Stealth Rock
|
|-weather|Sandstorm|[upkeep]
|-damage|p2a: I hate sand|82/100|[from] Sandstorm
|upkeep
|turn|16
|
|t:|1743790324
|-terastallize|p2a: I hate sand|Ghost
|move|p1a: Brian|Rapid Spin|p2a: I hate sand
|-immune|p2a: I hate sand
|move|p2a: I hate sand|Tidy Up|p2a: I hate sand
|-sideend|p2: BabyBattleBoy|Stealth Rock
|-sideend|p1: azzhabuka|Stealth Rock
|-activate|p2a: I hate sand|move: Tidy Up
|-boost|p2a: I hate sand|atk|1
|-boost|p2a: I hate sand|spe|1
|
|-weather|Sandstorm|[upkeep]
|-damage|p2a: I hate sand|76/100|[from] Sandstorm
|upkeep
|turn|17
|
|t:|1743790341
|switch|p2a: Wimbibbly|Ogerpon-Wellspring, F|100/100
|move|p1a: Brian|Earthquake|p2a: Wimbibbly
|-resisted|p2a: Wimbibbly
|-damage|p2a: Wimbibbly|68/100
|
|-weather|Sandstorm|[upkeep]
|-damage|p2a: Wimbibbly|62/100|[from] Sandstorm
|upkeep
|turn|18
|
|t:|1743790350
|switch|p1a: girl so confusing|Ogerpon-Wellspring, F|15/100
|move|p2a: Wimbibbly|Ivy Cudgel|p1a: girl so confusing|[anim] Ivy Cudgel Water
|-heal|p1a: girl so confusing|40/100|[from] ability: Water Absorb|[of] p2a: Wimbibbly
|
|-weather|Sandstorm|[upkeep]
|-damage|p2a: Wimbibbly|56/100|[from] Sandstorm
|-damage|p1a: girl so confusing|34/100|[from] Sandstorm
|upkeep
|turn|19
|
|t:|1743790367
|move|p1a: girl so confusing|U-turn|p2a: Wimbibbly
|-supereffective|p2a: Wimbibbly
|-damage|p2a: Wimbibbly|0 fnt
|faint|p2a: Wimbibbly
|c|☆BabyBattleBoy|Dang
|c|☆BabyBattleBoy|Always have to gamble on the speed tie
|
|t:|1743790382
|switch|p1a: the birds|Moltres|75/100|[from] U-turn
|
|-weather|none
|upkeep
|c|☆azzhabuka|yeah same
|c|☆azzhabuka|my team omega loses to ogerpon otherwise
|
|t:|1743790399
|switch|p2a: Big and Tall|Mamoswine, M|100/100
|turn|20
|
|t:|1743790408
|move|p2a: Big and Tall|Icicle Crash|p1a: the birds
|-damage|p1a: the birds|42/100
|move|p1a: the birds|Flamethrower|p2a: Big and Tall
|-supereffective|p2a: Big and Tall
|-damage|p2a: Big and Tall|66/100
|
|upkeep
|turn|21
|
|t:|1743790417
|move|p2a: Big and Tall|Icicle Crash|p1a: the birds
|-crit|p1a: the birds
|-damage|p1a: the birds|0 fnt
|faint|p1a: the birds
|
|upkeep
|
|t:|1743790437
|switch|p1a: Zamazenta|Zamazenta|100/100
|-ability|p1a: Zamazenta|Dauntless Shield|boost
|-boost|p1a: Zamazenta|def|1
|turn|22
|
|t:|1743790441
|switch|p2a: Misery Bloom|Vileplume, M, shiny|94/100
|move|p1a: Zamazenta|Iron Defense|p1a: Zamazenta
|-boost|p1a: Zamazenta|def|2
|
|upkeep
|turn|23
|
|t:|1743790448
|move|p1a: Zamazenta|Crunch|p2a: Misery Bloom
|-damage|p2a: Misery Bloom|72/100
|-status|p1a: Zamazenta|slp|[from] ability: Effect Spore|[of] p2a: Misery Bloom
|move|p2a: Misery Bloom|Leech Seed|p1a: Zamazenta
|-start|p1a: Zamazenta|move: Leech Seed
|
|-damage|p1a: Zamazenta|88/100 slp|[from] Leech Seed|[of] p2a: Misery Bloom
|-heal|p2a: Misery Bloom|85/100|[silent]
|upkeep
|turn|24
|
|t:|1743790461
|cant|p1a: Zamazenta|slp
|move|p2a: Misery Bloom|Strength Sap|p1a: Zamazenta
|-unboost|p1a: Zamazenta|atk|1
|-heal|p2a: Misery Bloom|100/100
|
|-heal|p1a: Zamazenta|94/100 slp|[from] item: Leftovers
|-damage|p1a: Zamazenta|82/100 slp|[from] Leech Seed|[of] p2a: Misery Bloom
|upkeep
|turn|25
|
|t:|1743790470
|cant|p1a: Zamazenta|slp
|move|p2a: Misery Bloom|Sludge Bomb|p1a: Zamazenta
|-damage|p1a: Zamazenta|51/100 slp
|
|-heal|p1a: Zamazenta|57/100 slp|[from] item: Leftovers
|-damage|p1a: Zamazenta|45/100 slp|[from] Leech Seed|[of] p2a: Misery Bloom
|upkeep
|turn|26
|
|t:|1743790480
|-curestatus|p1a: Zamazenta|slp|[msg]
|move|p1a: Zamazenta|Body Press|p2a: Misery Bloom
|-resisted|p2a: Misery Bloom
|-damage|p2a: Misery Bloom|54/100
|move|p2a: Misery Bloom|Sludge Bomb|p1a: Zamazenta
|-damage|p1a: Zamazenta|11/100
|
|-heal|p1a: Zamazenta|17/100|[from] item: Leftovers
|-damage|p1a: Zamazenta|5/100|[from] Leech Seed|[of] p2a: Misery Bloom
|-heal|p2a: Misery Bloom|67/100|[silent]
|upkeep
|turn|27
|
|t:|1743790491
|move|p1a: Zamazenta|Body Press|p2a: Misery Bloom
|-resisted|p2a: Misery Bloom
|-damage|p2a: Misery Bloom|19/100
|move|p2a: Misery Bloom|Strength Sap|p1a: Zamazenta
|-unboost|p1a: Zamazenta|atk|1
|-heal|p2a: Misery Bloom|87/100
|
|-heal|p1a: Zamazenta|11/100|[from] item: Leftovers
|-damage|p1a: Zamazenta|0 fnt|[from] Leech Seed|[of] p2a: Misery Bloom
|-heal|p2a: Misery Bloom|98/100|[silent]
|faint|p1a: Zamazenta
|upkeep
|
|t:|1743790507
|switch|p1a: Tyranocif|Tyranitar, M|12/100 slp
|-weather|Sandstorm|[from] ability: Sand Stream|[of] p1a: Tyranocif
|turn|28
|
|t:|1743790514
|switch|p2a: I hate sand|Cinccino, M, tera:Ghost|76/100
|cant|p1a: Tyranocif|slp
|
|-weather|Sandstorm|[upkeep]
|-damage|p2a: I hate sand|70/100|[from] Sandstorm
|upkeep
|turn|29
|
|t:|1743790521
|move|p2a: I hate sand|Triple Axel|p1a: Tyranocif
|-damage|p1a: Tyranocif|5/100 slp
|-damage|p1a: Tyranocif|0 fnt
|faint|p1a: Tyranocif
|-hitcount|p1: Tyranocif|2
|
|-weather|Sandstorm|[upkeep]
|-damage|p2a: I hate sand|63/100|[from] Sandstorm
|upkeep
|
|t:|1743790529
|switch|p1a: Brian|Excadrill, M|97/100
|-item|p1a: Brian|Air Balloon
|turn|30
|
|t:|1743790540
|move|p1a: Brian|Earthquake|p2a: I hate sand
|-damage|p2a: I hate sand|0 fnt
|faint|p2a: I hate sand
|
|-weather|Sandstorm|[upkeep]
|upkeep
|c|☆azzhabuka|lol
|
|t:|1743790548
|switch|p2a: Misery Bloom|Vileplume, M, shiny|98/100
|turn|31
|c|☆azzhabuka|i hate sand
|
|t:|1743790553
|-terastallize|p1a: Brian|Ice
|move|p1a: Brian|Tera Blast|p2a: Misery Bloom|[anim] Tera Blast Ice
|-supereffective|p2a: Misery Bloom
|-damage|p2a: Misery Bloom|24/100
|move|p2a: Misery Bloom|Strength Sap|p1a: Brian
|-unboost|p1a: Brian|atk|1
|-heal|p2a: Misery Bloom|100/100
|
|-weather|Sandstorm|[upkeep]
|-damage|p2a: Misery Bloom|94/100|[from] Sandstorm
|upkeep
|turn|32
|
|t:|1743790564
|switch|p1a: Funny|Primarina, F|99/100
|move|p2a: Misery Bloom|Strength Sap|p1a: Funny
|-unboost|p1a: Funny|atk|1
|-heal|p2a: Misery Bloom|100/100
|
|-weather|Sandstorm|[upkeep]
|-damage|p1a: Funny|94/100|[from] Sandstorm
|-damage|p2a: Misery Bloom|94/100|[from] Sandstorm
|-heal|p1a: Funny|99/100|[from] item: Leftovers
|upkeep
|turn|33
|
|t:|1743790574
|move|p1a: Funny|Psychic Noise|p2a: Misery Bloom
|-supereffective|p2a: Misery Bloom
|-damage|p2a: Misery Bloom|53/100
|-start|p2a: Misery Bloom|move: Heal Block
|move|p2a: Misery Bloom|Leech Seed|p1a: Funny
|-start|p1a: Funny|move: Leech Seed
|
|-weather|Sandstorm|[upkeep]
|-damage|p1a: Funny|94/100|[from] Sandstorm
|-damage|p2a: Misery Bloom|47/100|[from] Sandstorm
|-heal|p1a: Funny|99/100|[from] item: Leftovers
|-damage|p1a: Funny|88/100|[from] Leech Seed|[of] p2a: Misery Bloom
|upkeep
|turn|34
|
|t:|1743790587
|switch|p1a: Brian|Excadrill, M, tera:Ice|97/100
|-item|p1a: Brian|Air Balloon
|switch|p2a: Flubbino|Tinkaton, F|94/100 brn
|-ability|p2a: Flubbino|Mold Breaker
|
|-weather|Sandstorm|[upkeep]
|-heal|p2a: Flubbino|100/100 brn|[from] item: Leftovers
|-damage|p2a: Flubbino|94/100 brn|[from] brn
|upkeep
|turn|35
|
|t:|1743790602
|move|p1a: Brian|Earthquake|p2a: Flubbino
|-supereffective|p2a: Flubbino
|-damage|p2a: Flubbino|0 fnt
|faint|p2a: Flubbino
|
|-weather|none
|upkeep
|
|t:|1743790606
|switch|p2a: Big and Tall|Mamoswine, M|66/100
|turn|36
|
|t:|1743790612
|move|p1a: Brian|Iron Head|p2a: Big and Tall
|-supereffective|p2a: Big and Tall
|-damage|p2a: Big and Tall|0 fnt
|faint|p2a: Big and Tall
|
|upkeep
|c|☆BabyBattleBoy|Gg
|c|☆azzhabuka|gg
|
|t:|1743790624
|switch|p2a: Misery Bloom|Vileplume, M, shiny|47/100
|turn|37
|c|☆azzhabuka|cool team
|c|☆BabyBattleBoy|You too
|c|☆azzhabuka|ty
|c|☆BabyBattleBoy|I think I kinda threw on that speed tie :P
|
|t:|1743790641
|move|p1a: Brian|Tera Blast|p2a: Misery Bloom|[anim] Tera Blast Ice
|-supereffective|p2a: Misery Bloom
|-damage|p2a: Misery Bloom|0 fnt
|faint|p2a: Misery Bloom
|
|win|azzhabuka
|raw|azzhabuka's rating: 1452 &rarr; <strong>1469</strong><br />(+17 for winning)
|raw|BabyBattleBoy's rating: 1403 &rarr; <strong>1386</strong><br />(-17 for losing)
|c|☆azzhabuka|could be
|c|☆BabyBattleBoy|Oh well, wp all the same
|c|☆azzhabuka|yeah you too
|c|☆BabyBattleBoy|Gl!
|l|☆BabyBattleBoy
|player|p2|
|l|☆azzhabuka
|player|p1|
