|j|☆Oydess222
|j|☆Adromas
|t:|1743869978
|gametype|singles
|player|p1|Oydess222|265|1161
|player|p2|Adromas|clerk|1205
|teamsize|p1|6
|teamsize|p2|6
|gen|9
|tier|[Gen 9] OU
|rated|
|rule|HP Percentage Mod: HP is shown in percentages
|rule|Endless Battle Clause: Forcing endless battles is banned
|rule|Species Clause: Limit one of each Pokémon
|rule|OHKO Clause: OHKO moves are banned
|rule|Evasion Items Clause: Evasion items are banned
|rule|Evasion Moves Clause: Evasion moves are banned
|rule|Sleep Moves Clause: Sleep-inducing moves are banned
|clearpoke
|poke|p1|Samurott-Hisui, F|
|poke|p1|Hatterene, F|
|poke|p1|Tentacruel, M|
|poke|p1|Clodsire, M|
|poke|p1|Sinistcha|
|poke|p1|Kleavor, M|
|poke|p2|Tyranitar, F|
|poke|p2|Great Tusk|
|poke|p2|Klawf, M|
|poke|p2|Mandibuzz, F|
|poke|p2|Ursaluna, M|
|poke|p2|Cacturne, F|
|teampreview
|inactive|Battle timer is ON: inactive players will automatically lose when time's up. (requested by Adromas)
|
|t:|1743869985
|start
|switch|p1a: Kleavor|Kleavor, M|100/100
|switch|p2a: Tyranitar|Tyranitar, F|100/100
|-weather|Sandstorm|[from] ability: Sand Stream|[of] p2a: Tyranitar
|turn|1
|
|t:|1743870002
|switch|p2a: Great Tusk|Great Tusk|100/100
|move|p1a: Kleavor|Close Combat|p2a: Great Tusk
|-damage|p2a: Great Tusk|76/100
|-unboost|p1a: Kleavor|def|1
|-unboost|p1a: Kleavor|spd|1
|-damage|p1a: Kleavor|84/100|[from] item: Rocky Helmet|[of] p2a: Great Tusk
|
|-weather|Sandstorm|[upkeep]
|upkeep
|turn|2
|
|t:|1743870013
|switch|p1a: Hatterene|Hatterene, F|100/100
|move|p2a: Great Tusk|Knock Off|p1a: Hatterene
|-damage|p1a: Hatterene|74/100
|-enditem|p1a: Hatterene|Light Clay|[from] move: Knock Off|[of] p2a: Great Tusk
|
|-weather|Sandstorm|[upkeep]
|-damage|p1a: Hatterene|68/100|[from] Sandstorm
|upkeep
|turn|3
|
|t:|1743870032
|-end|p2a: Great Tusk|Protosynthesis|[silent]
|switch|p2a: Tyranitar|Tyranitar, F|100/100
|move|p1a: Hatterene|Reflect|p1a: Hatterene
|-sidestart|p1: Oydess222|Reflect
|
|-weather|Sandstorm|[upkeep]
|-damage|p1a: Hatterene|62/100|[from] Sandstorm
|upkeep
|turn|4
|
|t:|1743870045
|move|p2a: Tyranitar|Crunch|p1a: Hatterene
|-damage|p1a: Hatterene|42/100
|move|p1a: Hatterene|Nuzzle|p2a: Tyranitar
|-damage|p2a: Tyranitar|97/100
|-status|p2a: Tyranitar|par
|
|-weather|Sandstorm|[upkeep]
|-damage|p1a: Hatterene|36/100|[from] Sandstorm
|upkeep
|turn|5
|
|t:|1743870057
|move|p1a: Hatterene|Light Screen|p1a: Hatterene
|-sidestart|p1: Oydess222|move: Light Screen
|cant|p2a: Tyranitar|par
|
|-weather|Sandstorm|[upkeep]
|-damage|p1a: Hatterene|30/100|[from] Sandstorm
|upkeep
|turn|6
|
|t:|1743870066
|switch|p1a: Sinistcha|Sinistcha|100/100
|move|p2a: Tyranitar|Crunch|p1a: Sinistcha
|-supereffective|p1a: Sinistcha
|-damage|p1a: Sinistcha|53/100
|-enditem|p1a: Sinistcha|Weakness Policy
|-boost|p1a: Sinistcha|atk|2|[from] item: Weakness Policy
|-boost|p1a: Sinistcha|spa|2|[from] item: Weakness Policy
|
|-weather|Sandstorm|[upkeep]
|-damage|p1a: Sinistcha|47/100|[from] Sandstorm
|upkeep
|turn|7
|
|t:|1743870080
|switch|p2a: Mandibuzz|Mandibuzz, F|100/100
|move|p1a: Sinistcha|Matcha Gotcha|p2a: Mandibuzz
|-resisted|p2a: Mandibuzz
|-damage|p2a: Mandibuzz|63/100
|-heal|p1a: Sinistcha|71/100|[from] drain|[of] p2a: Mandibuzz
|-status|p2a: Mandibuzz|brn
|
|-weather|Sandstorm|[upkeep]
|-damage|p1a: Sinistcha|65/100|[from] Sandstorm
|-heal|p2a: Mandibuzz|69/100 brn|[from] item: Leftovers
|-damage|p2a: Mandibuzz|63/100 brn|[from] brn
|-sideend|p1: Oydess222|Reflect
|upkeep
|turn|8
|
|t:|1743870095
|move|p2a: Mandibuzz|Foul Play|p1a: Sinistcha
|-supereffective|p1a: Sinistcha
|-damage|p1a: Sinistcha|34/100
|move|p1a: Sinistcha|Scald|p2a: Mandibuzz
|-damage|p2a: Mandibuzz|13/100 brn
|
|-weather|none
|-heal|p2a: Mandibuzz|20/100 brn|[from] item: Leftovers
|-damage|p2a: Mandibuzz|13/100 brn|[from] brn
|upkeep
|turn|9
|
|t:|1743870105
|move|p2a: Mandibuzz|Foul Play|p1a: Sinistcha
|-supereffective|p1a: Sinistcha
|-damage|p1a: Sinistcha|7/100
|move|p1a: Sinistcha|Strength Sap|p2a: Mandibuzz
|-unboost|p2a: Mandibuzz|atk|1
|-heal|p1a: Sinistcha|42/100
|
|-heal|p2a: Mandibuzz|20/100 brn|[from] item: Leftovers
|-damage|p2a: Mandibuzz|13/100 brn|[from] brn
|-sideend|p1: Oydess222|move: Light Screen
|upkeep
|turn|10
|
|t:|1743870116
|move|p2a: Mandibuzz|Toxic|p1a: Sinistcha
|-status|p1a: Sinistcha|tox
|move|p1a: Sinistcha|Scald|p2a: Mandibuzz
|-damage|p2a: Mandibuzz|0 fnt
|faint|p2a: Mandibuzz
|
|-damage|p1a: Sinistcha|36/100 tox|[from] psn
|upkeep
|
|t:|1743870129
|switch|p2a: Cacturne|Cacturne, F|100/100
|turn|11
|
|t:|1743870136
|move|p2a: Cacturne|Swords Dance|p2a: Cacturne
|-boost|p2a: Cacturne|atk|2
|move|p1a: Sinistcha|Strength Sap|p2a: Cacturne
|-unboost|p2a: Cacturne|atk|1
|-heal|p1a: Sinistcha|100/100 tox
|
|-damage|p1a: Sinistcha|88/100 tox|[from] psn
|upkeep
|turn|12
|
|t:|1743870147
|move|p2a: Cacturne|Knock Off|p1a: Sinistcha
|-supereffective|p1a: Sinistcha
|-damage|p1a: Sinistcha|0 fnt
|faint|p1a: Sinistcha
|-damage|p2a: Cacturne|91/100|[from] item: Life Orb
|
|upkeep
|
|t:|1743870152
|switch|p1a: Kleavor|Kleavor, M|84/100
|turn|13
|
|t:|1743870157
|move|p2a: Cacturne|Sucker Punch|p1a: Kleavor
|-damage|p1a: Kleavor|0 fnt
|faint|p1a: Kleavor
|-damage|p2a: Cacturne|81/100|[from] item: Life Orb
|
|upkeep
|
|t:|1743870171
|switch|p1a: Clodsire|Clodsire, M|100/100
|turn|14
|
|t:|1743870179
|move|p2a: Cacturne|Knock Off|p1a: Clodsire
|-damage|p1a: Clodsire|25/100
|-enditem|p1a: Clodsire|Black Sludge|[from] move: Knock Off|[of] p2a: Cacturne
|-damage|p2a: Cacturne|71/100|[from] item: Life Orb
|move|p1a: Clodsire|Poison Jab|p2a: Cacturne
|-supereffective|p2a: Cacturne
|-damage|p2a: Cacturne|0 fnt
|faint|p2a: Cacturne
|
|upkeep
|
|t:|1743870193
|switch|p2a: Klawf|Klawf, M|100/100
|turn|15
|
|t:|1743870198
|move|p2a: Klawf|Swords Dance|p2a: Klawf
|-boost|p2a: Klawf|atk|2
|move|p1a: Clodsire|Earthquake|p2a: Klawf
|-supereffective|p2a: Klawf
|-damage|p2a: Klawf|40/100
|-ability|p2a: Klawf|Anger Shell|boost
|-boost|p2a: Klawf|atk|1
|-boost|p2a: Klawf|spa|1
|-boost|p2a: Klawf|spe|1
|-unboost|p2a: Klawf|def|1
|-unboost|p2a: Klawf|spd|1
|
|upkeep
|turn|16
|
|t:|1743870212
|move|p1a: Clodsire|Protect|p1a: Clodsire
|-singleturn|p1a: Clodsire|Protect
|move|p2a: Klawf|High Horsepower|p1a: Clodsire
|-activate|p1a: Clodsire|move: Protect
|
|upkeep
|turn|17
|
|t:|1743870219
|move|p2a: Klawf|High Horsepower|p1a: Clodsire
|-supereffective|p1a: Clodsire
|-damage|p1a: Clodsire|0 fnt
|faint|p1a: Clodsire
|
|upkeep
|
|t:|1743870222
|switch|p1a: Samurott|Samurott-Hisui, F|100/100
|turn|18
|
|t:|1743870234
|-terastallize|p1a: Samurott|Dark
|move|p1a: Samurott|Sucker Punch|p2a: Klawf
|-damage|p2a: Klawf|0 fnt
|faint|p2a: Klawf
|
|upkeep
|
|t:|1743870247
|switch|p2a: Great Tusk|Great Tusk|76/100
|turn|19
|
|t:|1743870255
|switch|p1a: Hatterene|Hatterene, F|30/100
|-terastallize|p2a: Great Tusk|Water
|move|p2a: Great Tusk|Headlong Rush|p1a: Hatterene
|-damage|p1a: Hatterene|0 fnt
|-unboost|p2a: Great Tusk|def|1
|-unboost|p2a: Great Tusk|spd|1
|faint|p1a: Hatterene
|
|upkeep
|
|t:|1743870264
|switch|p1a: Tentacruel|Tentacruel, M|100/100
|turn|20
|
|t:|1743870269
|-end|p2a: Great Tusk|Protosynthesis|[silent]
|switch|p2a: Tyranitar|Tyranitar, F|97/100 par
|-weather|Sandstorm|[from] ability: Sand Stream|[of] p2a: Tyranitar
|move|p1a: Tentacruel|Giga Drain|p2a: Tyranitar
|-supereffective|p2a: Tyranitar
|-damage|p2a: Tyranitar|72/100 par
|
|-weather|Sandstorm|[upkeep]
|-damage|p1a: Tentacruel|94/100|[from] Sandstorm
|upkeep
|turn|21
|
|t:|1743870279
|switch|p1a: Samurott|Samurott-Hisui, F, tera:Dark|100/100
|move|p2a: Tyranitar|Earthquake|p1a: Samurott
|-damage|p1a: Samurott|54/100
|
|-weather|Sandstorm|[upkeep]
|-damage|p1a: Samurott|48/100|[from] Sandstorm
|upkeep
|turn|22
|
|t:|1743870291
|move|p1a: Samurott|Razor Shell|p2a: Tyranitar|[miss]
|-miss|p1a: Samurott|p2a: Tyranitar
|move|p2a: Tyranitar|Earthquake|p1a: Samurott
|-damage|p1a: Samurott|0 fnt
|faint|p1a: Samurott
|
|-weather|Sandstorm|[upkeep]
|upkeep
|
|t:|1743870294
|switch|p1a: Tentacruel|Tentacruel, M|94/100
|turn|23
|
|t:|1743870302
|move|p1a: Tentacruel|Rapid Spin|p2a: Tyranitar
|-resisted|p2a: Tyranitar
|-crit|p2a: Tyranitar
|-damage|p2a: Tyranitar|68/100 par
|-boost|p1a: Tentacruel|spe|1
|move|p2a: Tyranitar|Earthquake|p1a: Tentacruel
|-supereffective|p1a: Tentacruel
|-damage|p1a: Tentacruel|0 fnt
|faint|p1a: Tentacruel
|
|win|Adromas
|raw|Oydess222's rating: 1161 &rarr; <strong>1139</strong><br />(-22 for losing)
|raw|Adromas's rating: 1205 &rarr; <strong>1227</strong><br />(+22 for winning)
|l|☆Oydess222
|player|p1|
|l|☆Adromas
|player|p2|
