|j|☆Sebas99sevilla
|j|☆Rabzzz
|t:|1743871578
|gametype|singles
|player|p1|Sebas99sevilla|linebacker|1796
|player|p2|Rabzzz|170|1778
|teamsize|p1|6
|teamsize|p2|6
|gen|9
|tier|[Gen 9] OU
|rated|
|rule|HP Percentage Mod: HP is shown in percentages
|rule|Endless Battle Clause: Forcing endless battles is banned
|rule|Species Clause: Limit one of each Pokémon
|rule|OHKO Clause: OHKO moves are banned
|rule|Evasion Items Clause: Evasion items are banned
|rule|Evasion Moves Clause: Evasion moves are banned
|rule|Sleep Moves Clause: Sleep-inducing moves are banned
|clearpoke
|poke|p1|Diancie|
|poke|p1|Kyurem|
|poke|p1|Necrozma|
|poke|p1|Hatterene, F|
|poke|p1|Iron Hands|
|poke|p1|Landorus-Therian, M|
|poke|p2|Tinkaton, F|
|poke|p2|Moltres|
|poke|p2|Ting-Lu|
|poke|p2|Gholdengo|
|poke|p2|Weavile, F|
|poke|p2|Raging Bolt|
|teampreview
|inactive|Battle timer is ON: inactive players will automatically lose when time's up. (requested by Sebas99sevilla)
|j| ShaqFromBasketball
|
|t:|1743871606
|start
|switch|p1a: Landorus|Landorus-Therian, M|100/100
|switch|p2a: Raging Bolt|Raging Bolt|100/100
|-ability|p1a: Landorus|Intimidate|boost
|-unboost|p2a: Raging Bolt|atk|1
|turn|1
|
|t:|1743871614
|-end|p2a: Raging Bolt|Protosynthesis|[silent]
|switch|p2a: Moltres|Moltres|100/100
|move|p1a: Landorus|Earth Power|p2a: Moltres
|-immune|p2a: Moltres
|
|upkeep
|turn|2
|
|t:|1743871622
|switch|p1a: Diancie|Diancie|100/100
|move|p2a: Moltres|Flamethrower|p1a: Diancie
|-resisted|p1a: Diancie
|-damage|p1a: Diancie|85/100
|
|upkeep
|turn|3
|
|t:|1743871630
|move|p2a: Moltres|U-turn|p1a: Diancie
|-resisted|p1a: Diancie
|-damage|p1a: Diancie|79/100
|
|t:|1743871643
|switch|p2a: Ting-Lu|Ting-Lu|100/100|[from] U-turn
|-ability|p2a: Ting-Lu|Vessel of Ruin
|move|p1a: Diancie|Moonblast|p2a: Ting-Lu
|-supereffective|p2a: Ting-Lu
|-damage|p2a: Ting-Lu|60/100
|
|-heal|p2a: Ting-Lu|66/100|[from] item: Leftovers
|upkeep
|turn|4
|
|t:|1743871650
|switch|p2a: Gholdengo|Gholdengo|100/100
|move|p1a: Diancie|Moonblast|p2a: Gholdengo
|-resisted|p2a: Gholdengo
|-damage|p2a: Gholdengo|80/100
|
|-heal|p2a: Gholdengo|86/100|[from] item: Leftovers
|upkeep
|turn|5
|
|t:|1743871671
|switch|p2a: Tinkaton|Tinkaton, F|100/100
|-item|p2a: Tinkaton|Air Balloon
|switch|p1a: Landorus|Landorus-Therian, M|100/100
|-ability|p1a: Landorus|Intimidate|boost
|-unboost|p2a: Tinkaton|atk|1
|
|upkeep
|turn|6
|
|t:|1743871678
|move|p2a: Tinkaton|Stealth Rock|p1a: Landorus
|-sidestart|p1: Sebas99sevilla|move: Stealth Rock
|move|p1a: Landorus|Taunt|p2a: Tinkaton
|-start|p2a: Tinkaton|move: Taunt
|
|upkeep
|turn|7
|j| MiniLarry
|
|t:|1743871684
|switch|p2a: Moltres|Moltres|100/100
|move|p1a: Landorus|Stealth Rock|p2a: Moltres
|-sidestart|p2: Rabzzz|move: Stealth Rock
|
|upkeep
|turn|8
|
|t:|1743871703
|switch|p1a: Diancie|Diancie|79/100
|-damage|p1a: Diancie|67/100|[from] Stealth Rock
|move|p2a: Moltres|Will-O-Wisp|p1a: Diancie|[miss]
|-miss|p2a: Moltres|p1a: Diancie
|
|upkeep
|turn|9
|
|t:|1743871711
|move|p2a: Moltres|U-turn|p1a: Diancie
|-resisted|p1a: Diancie
|-damage|p1a: Diancie|61/100
|
|t:|1743871713
|switch|p2a: Gholdengo|Gholdengo|86/100|[from] U-turn
|-damage|p2a: Gholdengo|80/100|[from] Stealth Rock
|move|p1a: Diancie|Trick Room|p1a: Diancie
|-fieldstart|move: Trick Room|[of] p1a: Diancie
|
|-heal|p2a: Gholdengo|86/100|[from] item: Leftovers
|upkeep
|turn|10
|
|t:|1743871717
|switch|p2a: Tinkaton|Tinkaton, F|100/100
|-damage|p2a: Tinkaton|94/100|[from] Stealth Rock
|-item|p2a: Tinkaton|Air Balloon
|move|p1a: Diancie|Earth Power|p2a: Tinkaton
|-immune|p2a: Tinkaton
|
|upkeep
|turn|11
|
|t:|1743871721
|move|p1a: Diancie|Meteor Beam||[still]
|-prepare|p1a: Diancie|Meteor Beam
|-boost|p1a: Diancie|spa|1
|-enditem|p1a: Diancie|Power Herb
|-anim|p1a: Diancie|Meteor Beam|p2a: Tinkaton
|-resisted|p2a: Tinkaton
|-damage|p2a: Tinkaton|57/100
|-enditem|p2a: Tinkaton|Air Balloon
|move|p2a: Tinkaton|Gigaton Hammer|p1a: Diancie
|-supereffective|p1a: Diancie
|-damage|p1a: Diancie|0 fnt
|faint|p1a: Diancie
|
|upkeep
|
|t:|1743871728
|switch|p1a: Rebeca|Hatterene, F, shiny|100/100
|-damage|p1a: Rebeca|88/100|[from] Stealth Rock
|turn|12
|
|t:|1743871745
|switch|p2a: Moltres|Moltres|100/100
|move|p1a: Rebeca|Psyshock|p2a: Moltres
|-crit|p2a: Moltres
|-damage|p2a: Moltres|34/100
|-damage|p1a: Rebeca|78/100|[from] item: Life Orb
|
|upkeep
|turn|13
|
|t:|1743871752
|move|p1a: Rebeca|Psyshock|p2a: Moltres
|-damage|p2a: Moltres|0 fnt
|faint|p2a: Moltres
|-damage|p1a: Rebeca|69/100|[from] item: Life Orb
|
|-fieldend|move: Trick Room
|upkeep
|
|t:|1743871761
|switch|p2a: Gholdengo|Gholdengo|86/100
|-damage|p2a: Gholdengo|80/100|[from] Stealth Rock
|turn|14
|
|t:|1743871771
|switch|p1a: Landorus|Landorus-Therian, M|100/100
|-damage|p1a: Landorus|88/100|[from] Stealth Rock
|-ability|p1a: Landorus|Intimidate|boost
|-unboost|p2a: Gholdengo|atk|1
|move|p2a: Gholdengo|Make It Rain|p1a: Landorus
|-damage|p1a: Landorus|36/100
|-unboost|p2a: Gholdengo|spa|1
|
|-heal|p2a: Gholdengo|86/100|[from] item: Leftovers
|upkeep
|turn|15
|
|t:|1743871780
|switch|p2a: Ting-Lu|Ting-Lu|66/100
|-damage|p2a: Ting-Lu|60/100|[from] Stealth Rock
|-ability|p2a: Ting-Lu|Vessel of Ruin
|move|p1a: Landorus|Earth Power|p2a: Ting-Lu
|-damage|p2a: Ting-Lu|47/100
|
|-heal|p2a: Ting-Lu|53/100|[from] item: Leftovers
|upkeep
|turn|16
|
|t:|1743871794
|switch|p2a: Tinkaton|Tinkaton, F|57/100
|-damage|p2a: Tinkaton|51/100|[from] Stealth Rock
|move|p1a: Landorus|U-turn|p2a: Tinkaton
|-resisted|p2a: Tinkaton
|-damage|p2a: Tinkaton|46/100
|-enditem|p1a: Landorus|Rocky Helmet|[silent]|[from] ability: Pickpocket|[of] p1a: Landorus
|-item|p2a: Tinkaton|Rocky Helmet|[from] ability: Pickpocket|[of] p1a: Landorus
|
|t:|1743871823
|switch|p1a: Necrozma|Necrozma|100/100|[from] U-turn
|-damage|p1a: Necrozma|88/100|[from] Stealth Rock
|
|upkeep
|turn|17
|
|t:|1743871842
|switch|p2a: Ting-Lu|Ting-Lu|53/100
|-damage|p2a: Ting-Lu|47/100|[from] Stealth Rock
|-ability|p2a: Ting-Lu|Vessel of Ruin
|move|p1a: Necrozma|Trick Room|p1a: Necrozma
|-fieldstart|move: Trick Room|[of] p1a: Necrozma
|
|-heal|p2a: Ting-Lu|53/100|[from] item: Leftovers
|upkeep
|turn|18
|
|t:|1743871854
|switch|p1a: Rebeca|Hatterene, F, shiny|69/100
|-damage|p1a: Rebeca|56/100|[from] Stealth Rock
|move|p2a: Ting-Lu|Ruination|p1a: Rebeca|[miss]
|-miss|p2a: Ting-Lu|p1a: Rebeca
|
|-heal|p2a: Ting-Lu|60/100|[from] item: Leftovers
|upkeep
|turn|19
|
|t:|1743871868
|switch|p2a: Tinkaton|Tinkaton, F|46/100
|-damage|p2a: Tinkaton|40/100|[from] Stealth Rock
|move|p1a: Rebeca|Draining Kiss|p2a: Tinkaton
|-resisted|p2a: Tinkaton
|-damage|p2a: Tinkaton|23/100
|-heal|p1a: Rebeca|71/100|[from] drain|[of] p2a: Tinkaton
|-damage|p1a: Rebeca|54/100|[from] item: Rocky Helmet|[of] p2a: Tinkaton
|-damage|p1a: Rebeca|45/100|[from] item: Life Orb
|
|upkeep
|turn|20
|
|t:|1743871885
|switch|p2a: Ting-Lu|Ting-Lu|60/100
|-damage|p2a: Ting-Lu|53/100|[from] Stealth Rock
|-ability|p2a: Ting-Lu|Vessel of Ruin
|move|p1a: Rebeca|Mystical Fire|p2a: Ting-Lu
|-damage|p2a: Ting-Lu|38/100
|-unboost|p2a: Ting-Lu|spa|1
|-damage|p1a: Rebeca|35/100|[from] item: Life Orb
|
|-heal|p2a: Ting-Lu|44/100|[from] item: Leftovers
|upkeep
|turn|21
|
|t:|1743871888
|switch|p2a: Tinkaton|Tinkaton, F|23/100
|-damage|p2a: Tinkaton|17/100|[from] Stealth Rock
|move|p1a: Rebeca|Draining Kiss|p2a: Tinkaton
|-resisted|p2a: Tinkaton
|-damage|p2a: Tinkaton|0 fnt
|-heal|p1a: Rebeca|50/100|[from] drain|[of] p2a: Tinkaton
|-damage|p1a: Rebeca|33/100|[from] item: Rocky Helmet|[of] p2a: Tinkaton
|faint|p2a: Tinkaton
|-damage|p1a: Rebeca|23/100|[from] item: Life Orb
|
|-fieldend|move: Trick Room
|upkeep
|
|t:|1743871916
|switch|p2a: Gholdengo|Gholdengo|86/100
|-damage|p2a: Gholdengo|80/100|[from] Stealth Rock
|turn|22
|
|t:|1743871924
|move|p2a: Gholdengo|Hex|p1a: Rebeca
|-supereffective|p1a: Rebeca
|-damage|p1a: Rebeca|0 fnt
|faint|p1a: Rebeca
|
|-heal|p2a: Gholdengo|86/100|[from] item: Leftovers
|upkeep
|
|t:|1743871929
|switch|p1a: Landorus|Landorus-Therian, M|36/100
|-damage|p1a: Landorus|24/100|[from] Stealth Rock
|-ability|p1a: Landorus|Intimidate|boost
|-unboost|p2a: Gholdengo|atk|1
|turn|23
|inactive|Rabzzz has 120 seconds left.
|
|t:|1743871966
|switch|p2a: Weavile|Weavile, F|100/100
|-ability|p2a: Weavile|Pressure
|move|p1a: Landorus|Earth Power|p2a: Weavile
|-damage|p2a: Weavile|60/100
|-unboost|p2a: Weavile|spd|1
|
|upkeep
|turn|24
|
|t:|1743871977
|switch|p1a: El Manitas|Iron Hands, shiny|100/100
|-damage|p1a: El Manitas|94/100|[from] Stealth Rock
|-enditem|p1a: El Manitas|Booster Energy
|-activate|p1a: El Manitas|ability: Quark Drive|[fromitem]
|-start|p1a: El Manitas|quarkdriveatk
|move|p2a: Weavile|Triple Axel|p1a: El Manitas
|-damage|p1a: El Manitas|88/100
|-hitcount|p1a: El Manitas|1
|
|upkeep
|turn|25
|j| BPLD
|l| MiniLarry
|inactive|Rabzzz has 120 seconds left.
|j| electronno
|
|t:|1743871997
|move|p2a: Weavile|Triple Axel|p1a: El Manitas
|-damage|p1a: El Manitas|82/100
|-damage|p1a: El Manitas|70/100
|-hitcount|p1a: El Manitas|2
|move|p1a: El Manitas|Drain Punch|p2a: Weavile
|-supereffective|p2a: Weavile
|-damage|p2a: Weavile|0 fnt
|-heal|p1a: El Manitas|88/100|[from] drain|[of] p2a: Weavile
|faint|p2a: Weavile
|
|upkeep
|inactive|Rabzzz has 120 seconds left.
|inactive|Rabzzz has 90 seconds left.
|
|t:|1743872043
|switch|p2a: Raging Bolt|Raging Bolt|100/100
|turn|26
|
|t:|1743872047
|-terastallize|p2a: Raging Bolt|Fairy
|move|p2a: Raging Bolt|Dragon Pulse|p1a: El Manitas
|-damage|p1a: El Manitas|47/100
|move|p1a: El Manitas|Ice Punch|p2a: Raging Bolt
|-damage|p2a: Raging Bolt|64/100
|
|upkeep
|turn|27
|inactive|Rabzzz has 90 seconds left.
|
|t:|1743872065
|move|p2a: Raging Bolt|Volt Switch|p1a: El Manitas
|-resisted|p1a: El Manitas
|-damage|p1a: El Manitas|29/100
|
|t:|1743872067
|-end|p2a: Raging Bolt|Protosynthesis|[silent]
|switch|p2a: Ting-Lu|Ting-Lu|44/100|[from] Volt Switch
|-damage|p2a: Ting-Lu|38/100|[from] Stealth Rock
|-ability|p2a: Ting-Lu|Vessel of Ruin
|move|p1a: El Manitas|Supercell Slam|p2a: Ting-Lu
|-immune|p2a: Ting-Lu
|-damage|p1a: El Manitas|0 fnt|[from] supercellslam
|faint|p1a: El Manitas
|-end|p1a: El Manitas|Quark Drive|[silent]
|
|-heal|p2a: Ting-Lu|44/100|[from] item: Leftovers
|upkeep
|
|t:|1743872074
|switch|p1a: Kyurem|Kyurem|100/100
|-damage|p1a: Kyurem|76/100|[from] Stealth Rock
|-ability|p1a: Kyurem|Pressure
|turn|28
|
|t:|1743872086
|move|p1a: Kyurem|Icicle Spear|p2a: Ting-Lu
|-supereffective|p2a: Ting-Lu
|-damage|p2a: Ting-Lu|28/100
|-supereffective|p2a: Ting-Lu
|-damage|p2a: Ting-Lu|11/100
|-supereffective|p2a: Ting-Lu
|-damage|p2a: Ting-Lu|0 fnt
|faint|p2a: Ting-Lu
|-hitcount|p2: Ting-Lu|3
|
|upkeep
|
|t:|1743872094
|switch|p2a: Gholdengo|Gholdengo|86/100
|-damage|p2a: Gholdengo|80/100|[from] Stealth Rock
|turn|29
|
|t:|1743872100
|-terastallize|p1a: Kyurem|Fire
|move|p1a: Kyurem|Tera Blast|p2a: Gholdengo|[anim] Tera Blast Fire
|-supereffective|p2a: Gholdengo
|-damage|p2a: Gholdengo|15/100
|move|p2a: Gholdengo|Make It Rain|p1a: Kyurem
|-resisted|p1a: Kyurem
|-damage|p1a: Kyurem|50/100
|-unboost|p2a: Gholdengo|spa|1
|
|-heal|p2a: Gholdengo|21/100|[from] item: Leftovers
|upkeep
|turn|30
|l| electronno
|
|t:|1743872117
|move|p1a: Kyurem|Tera Blast|p2a: Gholdengo|[anim] Tera Blast Fire
|-supereffective|p2a: Gholdengo
|-damage|p2a: Gholdengo|0 fnt
|faint|p2a: Gholdengo
|
|upkeep
|j| romperalph2
|
|t:|1743872119
|switch|p2a: Raging Bolt|Raging Bolt, tera:Fairy|64/100
|turn|31
|
|t:|1743872131
|move|p2a: Raging Bolt|Thunderclap|p1a: Kyurem
|-damage|p1a: Kyurem|10/100
|move|p1a: Kyurem|Icicle Spear|p2a: Raging Bolt
|-damage|p2a: Raging Bolt|51/100
|-damage|p2a: Raging Bolt|38/100
|-damage|p2a: Raging Bolt|26/100
|-damage|p2a: Raging Bolt|13/100
|-hitcount|p2a: Raging Bolt|4
|
|upkeep
|turn|32
|n| union boss|romperalph2
|
|t:|1743872140
|move|p2a: Raging Bolt|Thunderclap|p1a: Kyurem
|-damage|p1a: Kyurem|0 fnt
|faint|p1a: Kyurem
|
|upkeep
|
|t:|1743872143
|switch|p1a: Landorus|Landorus-Therian, M|24/100
|-damage|p1a: Landorus|11/100|[from] Stealth Rock
|-ability|p1a: Landorus|Intimidate|boost
|-unboost|p2a: Raging Bolt|atk|1
|turn|33
|
|t:|1743872154
|move|p1a: Landorus|Earth Power|p2a: Raging Bolt
|-damage|p2a: Raging Bolt|0 fnt
|faint|p2a: Raging Bolt
|-end|p2a: Raging Bolt|Protosynthesis|[silent]
|
|win|Sebas99sevilla
|raw|Sebas99sevilla's rating: 1796 &rarr; <strong>1815</strong><br />(+19 for winning)
|raw|Rabzzz's rating: 1778 &rarr; <strong>1759</strong><br />(-19 for losing)
|c|☆Rabzzz|gg
|l|☆Rabzzz
|player|p2|
|c|☆Sebas99sevilla|Gg
|l| BPLD
|l|☆Sebas99sevilla
|player|p1|
