|j|☆Goodguy7
|j|☆IExistInAUniverse
|t:|1743787738
|gametype|singles
|player|p1|Goodguy7|worker-gen4|1155
|player|p2|IExistInAUniverse|169|1172
|teamsize|p1|6
|teamsize|p2|6
|gen|9
|tier|[Gen 9] OU
|rated|
|rule|HP Percentage Mod: HP is shown in percentages
|rule|Endless Battle Clause: Forcing endless battles is banned
|rule|Species Clause: Limit one of each Pokémon
|rule|OHKO Clause: OHKO moves are banned
|rule|Evasion Items Clause: Evasion items are banned
|rule|Evasion Moves Clause: Evasion moves are banned
|rule|Sleep Moves Clause: Sleep-inducing moves are banned
|clearpoke
|poke|p1|Noctowl, M|
|poke|p1|Spidops, M|
|poke|p1|Infernape, F|
|poke|p1|Hydreigon, M|
|poke|p1|Ursaring, F|
|poke|p1|Iron Treads|
|poke|p2|Dondozo, F|
|poke|p2|Kingambit, F|
|poke|p2|Corviknight, M|
|poke|p2|Hatterene, F|
|poke|p2|Blissey, F|
|poke|p2|Meowscarada, F|
|teampreview
|inactive|Battle timer is ON: inactive players will automatically lose when time's up. (requested by Goodguy7)
|c|☆IExistInAUniverse|Glhf
|
|t:|1743787767
|start
|switch|p1a: Ursaring|Ursaring, F|100/100
|switch|p2a: Meowscarada|Meowscarada, F|100/100
|turn|1
|
|t:|1743787778
|move|p2a: Meowscarada|Knock Off|p1a: Ursaring
|-start|p2a: Meowscarada|typechange|Dark|[from] ability: Protean
|-damage|p1a: Ursaring|38/100
|-enditem|p1a: Ursaring|Eviolite|[from] move: Knock Off|[of] p2a: Meowscarada
|move|p1a: Ursaring|Body Slam|p2a: Meowscarada
|-damage|p2a: Meowscarada|31/100
|
|upkeep
|turn|2
|
|t:|1743787788
|move|p2a: Meowscarada|Knock Off|p1a: Ursaring
|-damage|p1a: Ursaring|0 fnt
|faint|p1a: Ursaring
|
|upkeep
|
|t:|1743787797
|switch|p1a: Spidops|Spidops, M|100/100
|turn|3
|
|t:|1743787804
|switch|p2a: Corviknight|Corviknight, M|100/100
|move|p1a: Spidops|Circle Throw|p2a: Corviknight
|-damage|p2a: Corviknight|87/100
|-damage|p1a: Spidops|84/100|[from] item: Rocky Helmet|[of] p2a: Corviknight
|drag|p2a: Hatterene|Hatterene, F|100/100
|
|upkeep
|turn|4
|
|t:|1743787816
|switch|p1a: Iron Treads|Iron Treads|100/100
|-enditem|p1a: Iron Treads|Booster Energy
|-activate|p1a: Iron Treads|ability: Quark Drive|[fromitem]
|-start|p1a: Iron Treads|quarkdrivespe
|move|p2a: Hatterene|Mystical Fire|p1a: Iron Treads
|-supereffective|p1a: Iron Treads
|-damage|p1a: Iron Treads|25/100
|-unboost|p1a: Iron Treads|spa|1
|
|upkeep
|turn|5
|
|t:|1743787827
|switch|p2a: Corviknight|Corviknight, M|87/100
|move|p1a: Iron Treads|Earthquake|p2a: Corviknight
|-immune|p2a: Corviknight
|
|upkeep
|turn|6
|
|t:|1743787833
|move|p1a: Iron Treads|Supercell Slam|p2a: Corviknight
|-supereffective|p2a: Corviknight
|-damage|p2a: Corviknight|56/100
|-damage|p1a: Iron Treads|9/100|[from] item: Rocky Helmet|[of] p2a: Corviknight
|move|p2a: Corviknight|Body Press|p1a: Iron Treads
|-supereffective|p1a: Iron Treads
|-crit|p1a: Iron Treads
|-damage|p1a: Iron Treads|0 fnt
|faint|p1a: Iron Treads
|-end|p1a: Iron Treads|Quark Drive|[silent]
|
|upkeep
|
|t:|1743787838
|switch|p1a: Hydreigon|Hydreigon, M|100/100
|turn|7
|
|t:|1743787848
|move|p1a: Hydreigon|Dark Pulse|p2a: Corviknight
|-damage|p2a: Corviknight|5/100
|-damage|p1a: Hydreigon|91/100|[from] item: Life Orb
|move|p2a: Corviknight|Body Press|p1a: Hydreigon
|-supereffective|p1a: Hydreigon
|-damage|p1a: Hydreigon|34/100
|
|upkeep
|turn|8
|
|t:|1743787864
|switch|p2a: Blissey|Blissey, F|100/100
|move|p1a: Hydreigon|Dark Pulse|p2a: Blissey
|-damage|p2a: Blissey|84/100
|-damage|p1a: Hydreigon|24/100|[from] item: Life Orb
|
|-heal|p2a: Blissey|90/100|[from] item: Leftovers
|upkeep
|turn|9
|
|t:|1743787874
|switch|p1a: Infernape|Infernape, F|100/100
|move|p2a: Blissey|Seismic Toss|p1a: Infernape
|-damage|p1a: Infernape|66/100
|
|-heal|p2a: Blissey|96/100|[from] item: Leftovers
|upkeep
|turn|10
|
|t:|1743787887
|switch|p2a: Dondozo|Dondozo, F|100/100
|move|p1a: Infernape|Swords Dance|p1a: Infernape
|-boost|p1a: Infernape|atk|2
|
|upkeep
|turn|11
|
|t:|1743787895
|switch|p1a: Noctowl|Noctowl, M|100/100
|move|p2a: Dondozo|Waterfall|p1a: Noctowl
|-damage|p1a: Noctowl|40/100
|-enditem|p1a: Noctowl|Sitrus Berry|[eat]
|-heal|p1a: Noctowl|64/100|[from] item: Sitrus Berry
|
|upkeep
|turn|12
|
|t:|1743787905
|move|p1a: Noctowl|Hyper Voice|p2a: Dondozo
|-damage|p2a: Dondozo|69/100
|move|p2a: Dondozo|Avalanche|p1a: Noctowl
|-supereffective|p1a: Noctowl
|-damage|p1a: Noctowl|0 fnt
|faint|p1a: Noctowl
|
|upkeep
|-message|Goodguy7 forfeited.
|
|win|IExistInAUniverse
|raw|Goodguy7's rating: 1155 &rarr; <strong>1131</strong><br />(-24 for losing)
|raw|IExistInAUniverse's rating: 1172 &rarr; <strong>1196</strong><br />(+24 for winning)
|l|☆Goodguy7
|player|p1|
|l|☆IExistInAUniverse
|player|p2|
