|j|☆YIN SUN SHIN
|j|☆Queijolol
|t:|1743861011
|gametype|singles
|player|p1|YIN SUN SHIN|harlequin|1458
|player|p2|Queijolol|carmine-festival|1526
|teamsize|p1|6
|teamsize|p2|6
|gen|9
|tier|[Gen 9] OU
|rated|
|rule|HP Percentage Mod: HP is shown in percentages
|rule|Endless Battle Clause: Forcing endless battles is banned
|rule|Species Clause: Limit one of each Pokémon
|rule|OHKO Clause: OHKO moves are banned
|rule|Evasion Items Clause: Evasion items are banned
|rule|Evasion Moves Clause: Evasion moves are banned
|rule|Sleep Moves Clause: Sleep-inducing moves are banned
|clearpoke
|poke|p1|Banette, F|
|poke|p1|Ninetales-Alola, F|
|poke|p1|Rhyperior, M|
|poke|p1|Sceptile, M|
|poke|p1|Avalugg-Hisui, M|
|poke|p1|Tatsugiri, M|
|poke|p2|Kingambit, F|
|poke|p2|Kyurem|
|poke|p2|Pecharunt|
|poke|p2|Great Tusk|
|poke|p2|Ting-Lu|
|poke|p2|Iron Valiant|
|teampreview
|
|t:|1743861018
|start
|switch|p1a: Ninetales|Ninetales-Alola, F|100/100
|switch|p2a: Pecharunt|Pecharunt|100/100
|-weather|Snowscape|[from] ability: Snow Warning|[of] p1a: Ninetales
|turn|1
|inactive|Battle timer is ON: inactive players will automatically lose when time's up. (requested by YIN SUN SHIN)
|
|t:|1743861050
|move|p1a: Ninetales|Aurora Veil|p1a: Ninetales
|-sidestart|p1: YIN SUN SHIN|move: Aurora Veil
|move|p2a: Pecharunt|Malignant Chain|p1a: Ninetales
|-supereffective|p1a: Ninetales
|-damage|p1a: Ninetales|63/100
|
|-weather|Snowscape|[upkeep]
|upkeep
|turn|2
|inactive|YIN SUN SHIN has 120 seconds left.
|inactive|YIN SUN SHIN has 90 seconds left.
|
|t:|1743861126
|switch|p1a: Banette|Banette, F|100/100
|move|p2a: Pecharunt|Parting Shot|p1a: Banette
|-unboost|p1a: Banette|atk|1
|-unboost|p1a: Banette|spa|1
|
|t:|1743861133
|switch|p2a: Ting-Lu|Ting-Lu|100/100|[from] Parting Shot
|-ability|p2a: Ting-Lu|Vessel of Ruin
|
|-weather|Snowscape|[upkeep]
|upkeep
|turn|3
|
|t:|1743861137
|move|p2a: Ting-Lu|Spikes|p1a: Banette
|-sidestart|p1: YIN SUN SHIN|Spikes
|move|p1a: Banette|Swords Dance|p1a: Banette
|-boost|p1a: Banette|atk|2
|
|-weather|Snowscape|[upkeep]
|upkeep
|turn|4
|
|t:|1743861147
|move|p1a: Banette|Swords Dance|p1a: Banette
|-boost|p1a: Banette|atk|2
|move|p2a: Ting-Lu|Whirlwind|p1a: Banette
|drag|p1a: Rhyperior|Rhyperior, M|100/100
|-damage|p1a: Rhyperior|88/100|[from] Spikes
|
|-weather|Snowscape|[upkeep]
|-heal|p1a: Rhyperior|94/100|[from] item: Leftovers
|upkeep
|turn|5
|inactive|Queijolol has 120 seconds left.
|
|t:|1743861188
|move|p2a: Ting-Lu|Earthquake|p1a: Rhyperior
|-supereffective|p1a: Rhyperior
|-damage|p1a: Rhyperior|80/100
|move|p1a: Rhyperior|Swords Dance|p1a: Rhyperior
|-boost|p1a: Rhyperior|atk|2
|
|-weather|none
|-heal|p1a: Rhyperior|86/100|[from] item: Leftovers
|upkeep
|turn|6
|
|t:|1743861193
|move|p1a: Rhyperior|Earthquake|p2a: Ting-Lu
|-damage|p2a: Ting-Lu|43/100
|move|p2a: Ting-Lu|Whirlwind|p1a: Rhyperior
|drag|p1a: Sceptile|Sceptile, M|100/100
|-damage|p1a: Sceptile|88/100|[from] Spikes
|
|-heal|p2a: Ting-Lu|49/100|[from] item: Leftovers
|upkeep
|turn|7
|
|t:|1743861203
|move|p1a: Sceptile|Swords Dance|p1a: Sceptile
|-boost|p1a: Sceptile|atk|2
|move|p2a: Ting-Lu|Spikes|p1a: Sceptile
|-sidestart|p1: YIN SUN SHIN|Spikes
|
|-heal|p2a: Ting-Lu|56/100|[from] item: Leftovers
|upkeep
|turn|8
|
|t:|1743861207
|move|p1a: Sceptile|Leaf Blade|p2a: Ting-Lu
|-supereffective|p2a: Ting-Lu
|-damage|p2a: Ting-Lu|0 fnt
|faint|p2a: Ting-Lu
|
|-sideend|p1: YIN SUN SHIN|move: Aurora Veil
|upkeep
|
|t:|1743861211
|switch|p2a: Pecharunt|Pecharunt|100/100
|turn|9
|
|t:|1743861220
|switch|p1a: Banette|Banette, F|100/100
|-damage|p1a: Banette|84/100|[from] Spikes
|move|p2a: Pecharunt|Malignant Chain|p1a: Banette
|-resisted|p1a: Banette
|-damage|p1a: Banette|61/100
|-status|p1a: Banette|tox
|-start|p1a: Banette|confusion|[from] ability: Poison Puppeteer|[of] p2a: Pecharunt
|
|-heal|p1a: Banette|67/100 tox|[from] item: Leftovers
|-damage|p1a: Banette|61/100 tox|[from] psn
|upkeep
|turn|10
|
|t:|1743861224
|move|p2a: Pecharunt|Hex|p1a: Banette
|-supereffective|p1a: Banette
|-damage|p1a: Banette|0 fnt
|-start|p2a: Pecharunt|Disable|Hex|[from] ability: Cursed Body|[of] p1a: Banette
|faint|p1a: Banette
|
|upkeep
|
|t:|1743861229
|switch|p1a: Ninetales|Ninetales-Alola, F|63/100
|-damage|p1a: Ninetales|46/100|[from] Spikes
|-weather|Snowscape|[from] ability: Snow Warning|[of] p1a: Ninetales
|turn|11
|
|t:|1743861234
|move|p1a: Ninetales|Encore|p2a: Pecharunt
|-start|p2a: Pecharunt|Encore
|cant|p2a: Pecharunt|Disable|Hex
|
|-weather|Snowscape|[upkeep]
|upkeep
|turn|12
|
|t:|1743861240
|switch|p2a: Kingambit|Kingambit, F|100/100
|-activate|p2a: Kingambit|ability: Supreme Overlord
|-start|p2a: Kingambit|fallen1|[silent]
|move|p1a: Ninetales|Aurora Veil|p1a: Ninetales
|-sidestart|p1: YIN SUN SHIN|move: Aurora Veil
|
|-weather|Snowscape|[upkeep]
|upkeep
|turn|13
|
|t:|1743861252
|switch|p1a: Rhyperior|Rhyperior, M|86/100
|-damage|p1a: Rhyperior|69/100|[from] Spikes
|-end|p2a: Kingambit|fallen1|[silent]
|switch|p2a: Pecharunt|Pecharunt|100/100
|
|-weather|Snowscape|[upkeep]
|-heal|p1a: Rhyperior|76/100|[from] item: Leftovers
|upkeep
|turn|14
|
|t:|1743861254
|move|p2a: Pecharunt|Parting Shot|p1a: Rhyperior
|-unboost|p1a: Rhyperior|atk|1
|-unboost|p1a: Rhyperior|spa|1
|
|t:|1743861256
|switch|p2a: Great Tusk|Great Tusk|100/100|[from] Parting Shot
|move|p1a: Rhyperior|Swords Dance|p1a: Rhyperior
|-boost|p1a: Rhyperior|atk|2
|
|-weather|Snowscape|[upkeep]
|-heal|p1a: Rhyperior|82/100|[from] item: Leftovers
|upkeep
|turn|15
|
|t:|1743861261
|move|p2a: Great Tusk|Headlong Rush|p1a: Rhyperior
|-supereffective|p1a: Rhyperior
|-damage|p1a: Rhyperior|56/100
|-unboost|p2a: Great Tusk|def|1
|-unboost|p2a: Great Tusk|spd|1
|move|p1a: Rhyperior|Swords Dance|p1a: Rhyperior
|-boost|p1a: Rhyperior|atk|2
|
|-weather|none
|-heal|p1a: Rhyperior|63/100|[from] item: Leftovers
|upkeep
|turn|16
|
|t:|1743861266
|move|p2a: Great Tusk|Headlong Rush|p1a: Rhyperior
|-supereffective|p1a: Rhyperior
|-damage|p1a: Rhyperior|39/100
|-unboost|p2a: Great Tusk|def|1
|-unboost|p2a: Great Tusk|spd|1
|move|p1a: Rhyperior|Earthquake|p2a: Great Tusk
|-damage|p2a: Great Tusk|0 fnt
|faint|p2a: Great Tusk
|-end|p2a: Great Tusk|Protosynthesis|[silent]
|
|-heal|p1a: Rhyperior|45/100|[from] item: Leftovers
|upkeep
|
|t:|1743861274
|switch|p2a: Kyurem|Kyurem|100/100
|-ability|p2a: Kyurem|Pressure
|turn|17
|
|t:|1743861277
|-terastallize|p2a: Kyurem|Ice
|move|p2a: Kyurem|Ice Beam|p1a: Rhyperior
|-supereffective|p1a: Rhyperior
|-damage|p1a: Rhyperior|0 fnt
|faint|p1a: Rhyperior
|
|upkeep
|
|t:|1743861288
|switch|p1a: Tatsugiri|Tatsugiri, M|100/100
|-damage|p1a: Tatsugiri|84/100|[from] Spikes
|turn|18
|
|t:|1743861306
|move|p2a: Kyurem|Ice Beam|p1a: Tatsugiri
|-damage|p1a: Tatsugiri|24/100
|move|p1a: Tatsugiri|Rapid Spin|p2a: Kyurem
|-damage|p2a: Kyurem|94/100
|-boost|p1a: Tatsugiri|spe|1
|-sideend|p1: YIN SUN SHIN|Spikes|[from] move: Rapid Spin|[of] p1a: Tatsugiri
|
|-heal|p1a: Tatsugiri|30/100|[from] item: Leftovers
|upkeep
|turn|19
|
|t:|1743861311
|move|p1a: Tatsugiri|Draco Meteor|p2a: Kyurem
|-damage|p2a: Kyurem|38/100
|-unboost|p1a: Tatsugiri|spa|2
|move|p2a: Kyurem|Ice Beam|p1a: Tatsugiri
|-damage|p1a: Tatsugiri|0 fnt
|faint|p1a: Tatsugiri
|
|-sideend|p1: YIN SUN SHIN|move: Aurora Veil
|upkeep
|
|t:|1743861315
|switch|p1a: Ninetales|Ninetales-Alola, F|46/100
|-weather|Snowscape|[from] ability: Snow Warning|[of] p1a: Ninetales
|turn|20
|
|t:|1743861318
|move|p1a: Ninetales|Aurora Veil|p1a: Ninetales
|-sidestart|p1: YIN SUN SHIN|move: Aurora Veil
|move|p2a: Kyurem|Ice Beam|p1a: Ninetales
|-resisted|p1a: Ninetales
|-damage|p1a: Ninetales|16/100
|
|-weather|Snowscape|[upkeep]
|upkeep
|turn|21
|
|t:|1743861321
|switch|p2a: Pecharunt|Pecharunt|100/100
|move|p1a: Ninetales|Freeze-Dry|p2a: Pecharunt
|-damage|p2a: Pecharunt|76/100
|
|-weather|Snowscape|[upkeep]
|upkeep
|turn|22
|
|t:|1743861325
|move|p1a: Ninetales|Freeze-Dry|p2a: Pecharunt
|-damage|p2a: Pecharunt|49/100
|move|p2a: Pecharunt|Parting Shot|p1a: Ninetales
|-unboost|p1a: Ninetales|atk|1
|-unboost|p1a: Ninetales|spa|1
|
|t:|1743861327
|switch|p2a: Kingambit|Kingambit, F|100/100|[from] Parting Shot
|-activate|p2a: Kingambit|ability: Supreme Overlord
|-start|p2a: Kingambit|fallen2|[silent]
|
|-weather|Snowscape|[upkeep]
|upkeep
|turn|23
|
|t:|1743861330
|-end|p2a: Kingambit|fallen2|[silent]
|switch|p2a: Pecharunt|Pecharunt|49/100
|move|p1a: Ninetales|Freeze-Dry|p2a: Pecharunt
|-damage|p2a: Pecharunt|31/100
|-status|p2a: Pecharunt|frz
|
|-weather|Snowscape|[upkeep]
|upkeep
|turn|24
|
|t:|1743861333
|switch|p1a: Sceptile|Sceptile, M|88/100
|cant|p2a: Pecharunt|frz
|
|-weather|none
|upkeep
|turn|25
|
|t:|1743861337
|switch|p2a: Iron Valiant|Iron Valiant|100/100
|-enditem|p2a: Iron Valiant|Booster Energy
|-activate|p2a: Iron Valiant|ability: Quark Drive|[fromitem]
|-start|p2a: Iron Valiant|quarkdrivespe
|move|p1a: Sceptile|Swords Dance|p1a: Sceptile
|-boost|p1a: Sceptile|atk|2
|
|upkeep
|turn|26
|
|t:|1743861345
|move|p2a: Iron Valiant|Encore|p1a: Sceptile
|-start|p1a: Sceptile|Encore
|move|p1a: Sceptile|Swords Dance|p1a: Sceptile
|-boost|p1a: Sceptile|atk|2
|
|upkeep
|turn|27
|
|t:|1743861348
|move|p2a: Iron Valiant|Calm Mind|p2a: Iron Valiant
|-boost|p2a: Iron Valiant|spa|1
|-boost|p2a: Iron Valiant|spd|1
|move|p1a: Sceptile|Swords Dance|p1a: Sceptile
|-boost|p1a: Sceptile|atk|2
|
|-sideend|p1: YIN SUN SHIN|move: Aurora Veil
|upkeep
|turn|28
|
|t:|1743861354
|switch|p1a: Avalugg|Avalugg-Hisui, M|100/100
|move|p2a: Iron Valiant|Calm Mind|p2a: Iron Valiant
|-boost|p2a: Iron Valiant|spa|1
|-boost|p2a: Iron Valiant|spd|1
|
|upkeep
|turn|29
|
|t:|1743861363
|move|p2a: Iron Valiant|Moonblast|p1a: Avalugg
|-ability|p1a: Avalugg|Sturdy
|-damage|p1a: Avalugg|1/100
|-unboost|p1a: Avalugg|spa|1
|move|p1a: Avalugg|Mountain Gale|p2a: Iron Valiant
|-damage|p2a: Iron Valiant|24/100
|
|upkeep
|turn|30
|-enditem|p1a: Avalugg|Custap Berry|[eat]
|-activate|p1a: Avalugg|item: Custap Berry|[consumed]
|
|t:|1743861371
|move|p1a: Avalugg|Earthquake|p2a: Iron Valiant
|-damage|p2a: Iron Valiant|0 fnt
|faint|p2a: Iron Valiant
|-end|p2a: Iron Valiant|Quark Drive|[silent]
|
|upkeep
|
|t:|1743861375
|switch|p2a: Kingambit|Kingambit, F|100/100
|-activate|p2a: Kingambit|ability: Supreme Overlord
|-start|p2a: Kingambit|fallen3|[silent]
|turn|31
|
|t:|1743861378
|move|p2a: Kingambit|Swords Dance|p2a: Kingambit
|-boost|p2a: Kingambit|atk|2
|move|p1a: Avalugg|Earthquake|p2a: Kingambit
|-supereffective|p2a: Kingambit
|-damage|p2a: Kingambit|39/100
|
|-heal|p2a: Kingambit|45/100|[from] item: Leftovers
|upkeep
|turn|32
|
|t:|1743861382
|move|p2a: Kingambit|Iron Head|p1a: Avalugg
|-supereffective|p1a: Avalugg
|-damage|p1a: Avalugg|0 fnt
|faint|p1a: Avalugg
|
|-heal|p2a: Kingambit|51/100|[from] item: Leftovers
|upkeep
|
|t:|1743861384
|switch|p1a: Ninetales|Ninetales-Alola, F|16/100
|-weather|Snowscape|[from] ability: Snow Warning|[of] p1a: Ninetales
|turn|33
|
|t:|1743861386
|move|p1a: Ninetales|Aurora Veil|p1a: Ninetales
|-sidestart|p1: YIN SUN SHIN|move: Aurora Veil
|move|p2a: Kingambit|Iron Head|p1a: Ninetales
|-supereffective|p1a: Ninetales
|-damage|p1a: Ninetales|0 fnt
|faint|p1a: Ninetales
|
|-weather|Snowscape|[upkeep]
|-heal|p2a: Kingambit|57/100|[from] item: Leftovers
|upkeep
|
|t:|1743861389
|switch|p1a: Sceptile|Sceptile, M|88/100
|turn|34
|
|t:|1743861393
|-terastallize|p1a: Sceptile|Fighting
|move|p1a: Sceptile|Swords Dance|p1a: Sceptile
|-boost|p1a: Sceptile|atk|2
|move|p2a: Kingambit|Kowtow Cleave|p1a: Sceptile
|-resisted|p1a: Sceptile
|-damage|p1a: Sceptile|32/100
|-enditem|p1a: Sceptile|Red Card|[of] p2a: Kingambit
|-end|p2a: Kingambit|fallen3|[silent]
|drag|p2a: Pecharunt|Pecharunt|31/100 frz
|
|-weather|Snowscape|[upkeep]
|upkeep
|turn|35
|
|t:|1743861401
|move|p1a: Sceptile|Acrobatics|p2a: Pecharunt
|-damage|p2a: Pecharunt|0 fnt
|faint|p2a: Pecharunt
|
|-weather|Snowscape|[upkeep]
|upkeep
|
|t:|1743861403
|switch|p2a: Kyurem|Kyurem, tera:Ice|38/100
|-ability|p2a: Kyurem|Pressure
|turn|36
|
|t:|1743861405
|move|p1a: Sceptile|Drain Punch|p2a: Kyurem
|-supereffective|p2a: Kyurem
|-damage|p2a: Kyurem|0 fnt
|-heal|p1a: Sceptile|59/100|[from] drain|[of] p2a: Kyurem
|faint|p2a: Kyurem
|
|-weather|Snowscape|[upkeep]
|upkeep
|
|t:|1743861406
|switch|p2a: Kingambit|Kingambit, F|57/100
|-activate|p2a: Kingambit|ability: Supreme Overlord
|-start|p2a: Kingambit|fallen5|[silent]
|turn|37
|
|t:|1743861409
|move|p2a: Kingambit|Sucker Punch|p1a: Sceptile
|-resisted|p1a: Sceptile
|-damage|p1a: Sceptile|31/100
|move|p1a: Sceptile|Drain Punch|p2a: Kingambit
|-supereffective|p2a: Kingambit
|-damage|p2a: Kingambit|0 fnt
|-heal|p1a: Sceptile|66/100|[from] drain|[of] p2a: Kingambit
|faint|p2a: Kingambit
|-end|p2a: Kingambit|fallen5|[silent]
|
|win|YIN SUN SHIN
|raw|YIN SUN SHIN's rating: 1458 &rarr; <strong>1482</strong><br />(+24 for winning)
|raw|Queijolol's rating: 1526 &rarr; <strong>1502</strong><br />(-24 for losing)
|l|☆Queijolol
|player|p2|
