|j|☆Pompey Magnus
|j|‽AndreRWright
|t:|1743939109
|gametype|singles
|player|p1|Pompey Magnus|gentleman-gen4|1254
|player|p2|AndreRWright|giovanni|1251
|teamsize|p1|6
|teamsize|p2|6
|gen|9
|tier|[Gen 9] OU
|rated|
|rule|HP Percentage Mod: HP is shown in percentages
|rule|Endless Battle Clause: Forcing endless battles is banned
|rule|Species Clause: Limit one of each Pokémon
|rule|OHKO Clause: OHKO moves are banned
|rule|Evasion Items Clause: Evasion items are banned
|rule|Evasion Moves Clause: Evasion moves are banned
|rule|Sleep Moves Clause: Sleep-inducing moves are banned
|clearpoke
|poke|p1|Pelipper, M|
|poke|p1|Barraskewda, M|
|poke|p1|Sandy Shocks|
|poke|p1|Basculegion-F, F|
|poke|p1|Azumarill, M|
|poke|p1|Ogerpon-Wellspring, F|
|poke|p2|Goodra-Hisui, F|
|poke|p2|Jolteon, F|
|poke|p2|Slither Wing|
|poke|p2|Fezandipiti, M|
|poke|p2|Decidueye-Hisui, F|
|poke|p2|Umbreon, F|
|teampreview
|inactive|Battle timer is ON: inactive players will automatically lose when time's up. (requested by Pompey Magnus)
|
|t:|1743939122
|start
|switch|p1a: Pelipper|Pelipper, M|100/100
|switch|p2a: Jolteon|Jolteon, F|100/100
|-weather|RainDance|[from] ability: Drizzle|[of] p1a: Pelipper
|turn|1
|
|t:|1743939130
|switch|p1a: Sandy Shocks|Sandy Shocks|100/100
|-enditem|p1a: Sandy Shocks|Booster Energy
|-activate|p1a: Sandy Shocks|ability: Protosynthesis|[fromitem]
|-start|p1a: Sandy Shocks|protosynthesisspa
|move|p2a: Jolteon|Substitute|p2a: Jolteon
|-start|p2a: Jolteon|Substitute
|-damage|p2a: Jolteon|75/100
|
|-weather|RainDance|[upkeep]
|-heal|p2a: Jolteon|82/100|[from] item: Leftovers
|upkeep
|turn|2
|
|t:|1743939147
|move|p2a: Jolteon|Mud-Slap|p1a: Sandy Shocks
|-supereffective|p1a: Sandy Shocks
|-damage|p1a: Sandy Shocks|88/100
|-unboost|p1a: Sandy Shocks|accuracy|1
|move|p1a: Sandy Shocks|Earth Power|p2a: Jolteon
|-supereffective|p2a: Jolteon
|-end|p2a: Jolteon|Substitute
|
|-weather|RainDance|[upkeep]
|-heal|p2a: Jolteon|88/100|[from] item: Leftovers
|upkeep
|turn|3
|
|t:|1743939156
|move|p2a: Jolteon|Substitute|p2a: Jolteon
|-start|p2a: Jolteon|Substitute
|-damage|p2a: Jolteon|63/100
|move|p1a: Sandy Shocks|Earth Power|p2a: Jolteon
|-supereffective|p2a: Jolteon
|-end|p2a: Jolteon|Substitute
|
|-weather|RainDance|[upkeep]
|-heal|p2a: Jolteon|69/100|[from] item: Leftovers
|upkeep
|turn|4
|
|t:|1743939163
|move|p2a: Jolteon|Substitute|p2a: Jolteon
|-start|p2a: Jolteon|Substitute
|-damage|p2a: Jolteon|44/100
|move|p1a: Sandy Shocks|Earth Power|p2a: Jolteon
|-supereffective|p2a: Jolteon
|-end|p2a: Jolteon|Substitute
|
|-weather|RainDance|[upkeep]
|-heal|p2a: Jolteon|50/100|[from] item: Leftovers
|upkeep
|turn|5
|
|t:|1743939166
|move|p2a: Jolteon|Substitute|p2a: Jolteon
|-start|p2a: Jolteon|Substitute
|-damage|p2a: Jolteon|25/100
|move|p1a: Sandy Shocks|Earth Power|p2a: Jolteon
|-supereffective|p2a: Jolteon
|-end|p2a: Jolteon|Substitute
|
|-weather|RainDance|[upkeep]
|-heal|p2a: Jolteon|32/100|[from] item: Leftovers
|upkeep
|turn|6
|
|t:|1743939169
|move|p2a: Jolteon|Substitute|p2a: Jolteon
|-start|p2a: Jolteon|Substitute
|-damage|p2a: Jolteon|7/100
|move|p1a: Sandy Shocks|Earth Power|p2a: Jolteon|[miss]
|-miss|p1a: Sandy Shocks|p2a: Jolteon
|
|-weather|RainDance|[upkeep]
|-heal|p2a: Jolteon|13/100|[from] item: Leftovers
|upkeep
|turn|7
|
|t:|1743939173
|move|p2a: Jolteon|Copycat|p2a: Jolteon
|move|p2a: Jolteon|Earth Power|p1a: Sandy Shocks|[from] move: Copycat
|-supereffective|p1a: Sandy Shocks
|-damage|p1a: Sandy Shocks|28/100
|move|p1a: Sandy Shocks|Earth Power|p2a: Jolteon
|-supereffective|p2a: Jolteon
|-end|p2a: Jolteon|Substitute
|
|-weather|RainDance|[upkeep]
|-heal|p2a: Jolteon|19/100|[from] item: Leftovers
|upkeep
|turn|8
|
|t:|1743939182
|move|p2a: Jolteon|Discharge|p1a: Sandy Shocks
|-immune|p1a: Sandy Shocks
|move|p1a: Sandy Shocks|Earth Power|p2a: Jolteon
|-supereffective|p2a: Jolteon
|-damage|p2a: Jolteon|0 fnt
|faint|p2a: Jolteon
|
|-weather|none
|upkeep
|
|t:|1743939196
|switch|p2a: Decidueye|Decidueye-Hisui, F|100/100
|turn|9
|
|t:|1743939222
|move|p1a: Sandy Shocks|Thunder|p2a: Decidueye
|-resisted|p2a: Decidueye
|-damage|p2a: Decidueye|65/100
|move|p2a: Decidueye|Triple Arrows|p1a: Sandy Shocks
|-crit|p1a: Sandy Shocks
|-damage|p1a: Sandy Shocks|0 fnt
|faint|p1a: Sandy Shocks
|-end|p1a: Sandy Shocks|Protosynthesis|[silent]
|
|upkeep
|
|t:|1743939228
|switch|p1a: Pelipper|Pelipper, M|100/100
|-weather|RainDance|[from] ability: Drizzle|[of] p1a: Pelipper
|turn|10
|
|t:|1743939235
|switch|p2a: Umbreon|Umbreon, F|100/100
|move|p1a: Pelipper|Hurricane|p2a: Umbreon
|-damage|p2a: Umbreon|78/100
|
|-weather|RainDance|[upkeep]
|-heal|p2a: Umbreon|84/100|[from] item: Leftovers
|upkeep
|turn|11
|
|t:|1743939238
|move|p1a: Pelipper|U-turn|p2a: Umbreon
|-supereffective|p2a: Umbreon
|-damage|p2a: Umbreon|72/100
|
|t:|1743939242
|switch|p1a: Azumarill|Azumarill, M|100/100|[from] U-turn
|move|p2a: Umbreon|Wish|p2a: Umbreon
|
|-weather|RainDance|[upkeep]
|-heal|p2a: Umbreon|78/100|[from] item: Leftovers
|upkeep
|turn|12
|
|t:|1743939253
|move|p2a: Umbreon|Foul Play|p1a: Azumarill
|-resisted|p1a: Azumarill
|-damage|p1a: Azumarill|85/100
|move|p1a: Azumarill|Belly Drum|p1a: Azumarill
|-damage|p1a: Azumarill|35/100
|-setboost|p1a: Azumarill|atk|6|[from] move: Belly Drum
|-enditem|p1a: Azumarill|Sitrus Berry|[eat]
|-heal|p1a: Azumarill|60/100|[from] item: Sitrus Berry
|
|-weather|RainDance|[upkeep]
|-heal|p2a: Umbreon|100/100|[from] move: Wish|[wisher] Umbreon
|upkeep
|turn|13
|
|t:|1743939264
|move|p2a: Umbreon|Foul Play|p1a: Azumarill
|-resisted|p1a: Azumarill
|-damage|p1a: Azumarill|3/100
|move|p1a: Azumarill|Play Rough|p2a: Umbreon
|-supereffective|p2a: Umbreon
|-damage|p2a: Umbreon|0 fnt
|faint|p2a: Umbreon
|
|-weather|RainDance|[upkeep]
|upkeep
|
|t:|1743939276
|switch|p2a: Decidueye|Decidueye-Hisui, F|65/100
|turn|14
|
|t:|1743939279
|move|p2a: Decidueye|Sucker Punch|p1a: Azumarill
|-resisted|p1a: Azumarill
|-damage|p1a: Azumarill|0 fnt
|faint|p1a: Azumarill
|
|-weather|RainDance|[upkeep]
|upkeep
|
|t:|1743939290
|switch|p1a: Barraskewda|Barraskewda, M|100/100
|turn|15
|
|t:|1743939308
|move|p2a: Decidueye|Sucker Punch|p1a: Barraskewda
|-damage|p1a: Barraskewda|57/100
|move|p1a: Barraskewda|Poison Jab|p2a: Decidueye
|-supereffective|p2a: Decidueye
|-damage|p2a: Decidueye|0 fnt
|faint|p2a: Decidueye
|-damage|p1a: Barraskewda|47/100|[from] item: Life Orb
|
|-weather|RainDance|[upkeep]
|upkeep
|
|t:|1743939319
|switch|p2a: Slither Wing|Slither Wing|100/100
|turn|16
|
|t:|1743939324
|move|p1a: Barraskewda|Flip Turn|p2a: Slither Wing
|-damage|p2a: Slither Wing|39/100
|-damage|p1a: Barraskewda|37/100|[from] item: Life Orb
|
|t:|1743939330
|switch|p1a: Ogerpon|Ogerpon-Wellspring, F|100/100|[from] Flip Turn
|move|p2a: Slither Wing|Will-O-Wisp|p1a: Ogerpon
|-status|p1a: Ogerpon|brn
|
|-weather|RainDance|[upkeep]
|-damage|p1a: Ogerpon|95/100 brn|[from] brn
|upkeep
|turn|17
|
|t:|1743939336
|move|p1a: Ogerpon|Ivy Cudgel|p2a: Slither Wing|[anim] Ivy Cudgel Water
|-damage|p2a: Slither Wing|0 fnt
|faint|p2a: Slither Wing
|-end|p2a: Slither Wing|Protosynthesis|[silent]
|
|-weather|none
|-damage|p1a: Ogerpon|89/100 brn|[from] brn
|upkeep
|
|t:|1743939343
|switch|p2a: Fezandipiti|Fezandipiti, M|100/100
|turn|18
|
|t:|1743939347
|move|p2a: Fezandipiti|Dual Wingbeat|p1a: Ogerpon
|-supereffective|p1a: Ogerpon
|-damage|p1a: Ogerpon|59/100 brn
|-supereffective|p1a: Ogerpon
|-damage|p1a: Ogerpon|30/100 brn
|-hitcount|p1a: Ogerpon|2
|move|p1a: Ogerpon|Ivy Cudgel|p2a: Fezandipiti|[anim] Ivy Cudgel Water
|-damage|p2a: Fezandipiti|59/100
|
|-damage|p1a: Ogerpon|24/100 brn|[from] brn
|upkeep
|turn|19
|
|t:|1743939350
|move|p2a: Fezandipiti|Dual Wingbeat|p1a: Ogerpon
|-supereffective|p1a: Ogerpon
|-damage|p1a: Ogerpon|0 fnt
|faint|p1a: Ogerpon
|-hitcount|p1: Ogerpon|1
|
|upkeep
|
|t:|1743939352
|switch|p1a: Pelipper|Pelipper, M|100/100
|-weather|RainDance|[from] ability: Drizzle|[of] p1a: Pelipper
|turn|20
|
|t:|1743939357
|move|p2a: Fezandipiti|Dual Wingbeat|p1a: Pelipper
|-damage|p1a: Pelipper|90/100
|-status|p1a: Pelipper|tox|[from] ability: Toxic Chain|[of] p2a: Fezandipiti
|-damage|p1a: Pelipper|80/100 tox
|-hitcount|p1a: Pelipper|2
|move|p1a: Pelipper|Weather Ball|p2a: Fezandipiti
|-damage|p2a: Fezandipiti|13/100
|
|-weather|RainDance|[upkeep]
|-damage|p1a: Pelipper|74/100 tox|[from] psn
|upkeep
|turn|21
|
|t:|1743939365
|move|p2a: Fezandipiti|Dual Wingbeat|p1a: Pelipper
|-damage|p1a: Pelipper|64/100 tox
|-damage|p1a: Pelipper|55/100 tox
|-hitcount|p1a: Pelipper|2
|move|p1a: Pelipper|Hurricane|p2a: Fezandipiti
|-damage|p2a: Fezandipiti|0 fnt
|faint|p2a: Fezandipiti
|
|-weather|RainDance|[upkeep]
|-damage|p1a: Pelipper|42/100 tox|[from] psn
|upkeep
|
|t:|1743939371
|switch|p2a: Goodra|Goodra-Hisui, F|100/100
|turn|22
|
|t:|1743939374
|move|p1a: Pelipper|Ice Beam|p2a: Goodra
|-damage|p2a: Goodra|85/100
|-status|p2a: Goodra|frz
|cant|p2a: Goodra|frz
|
|-weather|RainDance|[upkeep]
|-damage|p1a: Pelipper|24/100 tox|[from] psn
|upkeep
|turn|23
|-message|AndreRWright forfeited.
|
|win|Pompey Magnus
|raw|Pompey Magnus's rating: 1254 &rarr; <strong>1279</strong><br />(+25 for winning)
|raw|AndreRWright's rating: 1251 &rarr; <strong>1226</strong><br />(-25 for losing)
|l|‽AndreRWright
|player|p2|
|l|☆Pompey Magnus
|player|p1|
