|j|☆WaterfallG
|j|☆alexpega
|t:|1743869037
|gametype|singles
|player|p1|WaterfallG|cynthia|1184
|player|p2|alexpega|102|1222
|teamsize|p1|6
|teamsize|p2|6
|gen|9
|tier|[Gen 9] OU
|rated|
|rule|HP Percentage Mod: HP is shown in percentages
|rule|Endless Battle Clause: Forcing endless battles is banned
|rule|Species Clause: Limit one of each Pokémon
|rule|OHKO Clause: OHKO moves are banned
|rule|Evasion Items Clause: Evasion items are banned
|rule|Evasion Moves Clause: Evasion moves are banned
|rule|Sleep Moves Clause: Sleep-inducing moves are banned
|clearpoke
|poke|p1|Kleavor, F|
|poke|p1|Keldeo|
|poke|p1|Dragapult, M|
|poke|p1|Hoopa-Unbound|
|poke|p1|Gliscor, M|
|poke|p1|Gholdengo|
|poke|p2|Dusknoir, M|
|poke|p2|Feraligatr, M|
|poke|p2|Sceptile, M|
|poke|p2|Tinkaton, F|
|poke|p2|Gliscor, F|
|poke|p2|Weavile, F|
|teampreview
|
|t:|1743869046
|start
|switch|p1a: Kleavor|Kleavor, F|100/100
|switch|p2a: Tinkaton|Tinkaton, F|100/100
|-item|p2a: Tinkaton|Air Balloon
|turn|1
|inactive|Battle timer is ON: inactive players will automatically lose when time's up. (requested by WaterfallG)
|
|t:|1743869055
|move|p1a: Kleavor|U-turn|p2a: Tinkaton
|-resisted|p2a: Tinkaton
|-damage|p2a: Tinkaton|89/100
|-enditem|p2a: Tinkaton|Air Balloon
|-enditem|p1a: Kleavor|Choice Scarf|[silent]|[from] ability: Pickpocket|[of] p1a: Kleavor
|-item|p2a: Tinkaton|Choice Scarf|[from] ability: Pickpocket|[of] p1a: Kleavor
|
|t:|1743869068
|switch|p1a: Gliscor|Gliscor, M|100/100|[from] U-turn
|move|p2a: Tinkaton|Thunder Wave|p1a: Gliscor
|-immune|p1a: Gliscor
|
|-status|p1a: Gliscor|tox|[from] item: Toxic Orb
|upkeep
|turn|2
|
|t:|1743869080
|switch|p2a: Dusknoir|Dusknoir, M|100/100
|-ability|p2a: Dusknoir|Pressure
|move|p1a: Gliscor|Spikes|p2a: Dusknoir
|-sidestart|p2: alexpega|Spikes
|
|upkeep
|turn|3
|
|t:|1743869092
|move|p1a: Gliscor|Toxic|p2a: Dusknoir
|-status|p2a: Dusknoir|tox
|move|p2a: Dusknoir|Fire Punch|p1a: Gliscor
|-damage|p1a: Gliscor|90/100 tox
|
|-heal|p1a: Gliscor|100/100 tox|[from] ability: Poison Heal
|-damage|p2a: Dusknoir|94/100 tox|[from] psn
|upkeep
|turn|4
|
|t:|1743869102
|move|p1a: Gliscor|Spikes|p2a: Dusknoir
|-sidestart|p2: alexpega|Spikes
|move|p2a: Dusknoir|Fire Punch|p1a: Gliscor
|-damage|p1a: Gliscor|90/100 tox
|
|-heal|p2a: Dusknoir|100/100 tox|[from] item: Leftovers
|-heal|p1a: Gliscor|100/100 tox|[from] ability: Poison Heal
|-damage|p2a: Dusknoir|88/100 tox|[from] psn
|upkeep
|turn|5
|
|t:|1743869110
|move|p1a: Gliscor|Spikes|p2a: Dusknoir
|-sidestart|p2: alexpega|Spikes
|move|p2a: Dusknoir|Fire Punch|p1a: Gliscor
|-damage|p1a: Gliscor|89/100 tox
|
|-heal|p2a: Dusknoir|94/100 tox|[from] item: Leftovers
|-heal|p1a: Gliscor|100/100 tox|[from] ability: Poison Heal
|-damage|p2a: Dusknoir|76/100 tox|[from] psn
|upkeep
|turn|6
|
|t:|1743869119
|move|p1a: Gliscor|Earthquake|p2a: Dusknoir
|-damage|p2a: Dusknoir|53/100 tox
|move|p2a: Dusknoir|Fire Punch|p1a: Gliscor
|-damage|p1a: Gliscor|90/100 tox
|
|-heal|p2a: Dusknoir|59/100 tox|[from] item: Leftovers
|-heal|p1a: Gliscor|100/100 tox|[from] ability: Poison Heal
|-damage|p2a: Dusknoir|34/100 tox|[from] psn
|upkeep
|turn|7
|
|t:|1743869129
|move|p1a: Gliscor|Earthquake|p2a: Dusknoir
|-damage|p2a: Dusknoir|14/100 tox
|move|p2a: Dusknoir|Pain Split|p1a: Gliscor
|-sethp|p1a: Gliscor|56/100 tox|[from] move: Pain Split|[silent]
|-sethp|p2a: Dusknoir|67/100 tox|[from] move: Pain Split
|
|-heal|p2a: Dusknoir|73/100 tox|[from] item: Leftovers
|-heal|p1a: Gliscor|68/100 tox|[from] ability: Poison Heal
|-damage|p2a: Dusknoir|42/100 tox|[from] psn
|upkeep
|turn|8
|
|t:|1743869141
|move|p1a: Gliscor|Protect|p1a: Gliscor
|-singleturn|p1a: Gliscor|Protect
|move|p2a: Dusknoir|Pain Split|p1a: Gliscor
|-activate|p1a: Gliscor|move: Protect
|
|-heal|p2a: Dusknoir|48/100 tox|[from] item: Leftovers
|-heal|p1a: Gliscor|81/100 tox|[from] ability: Poison Heal
|-damage|p2a: Dusknoir|12/100 tox|[from] psn
|upkeep
|turn|9
|
|t:|1743869152
|move|p1a: Gliscor|Earthquake|p2a: Dusknoir
|-damage|p2a: Dusknoir|0 fnt
|faint|p2a: Dusknoir
|
|-heal|p1a: Gliscor|93/100 tox|[from] ability: Poison Heal
|upkeep
|
|t:|1743869159
|switch|p2a: Weavile|Weavile, F|100/100
|-ability|p2a: Weavile|Pressure
|turn|10
|
|t:|1743869168
|switch|p1a: Keldeo|Keldeo|100/100
|move|p2a: Weavile|Swords Dance|p2a: Weavile
|-boost|p2a: Weavile|atk|2
|
|upkeep
|turn|11
|
|t:|1743869188
|switch|p2a: Gliscor|Gliscor, F|100/100
|move|p1a: Keldeo|Aura Sphere|p2a: Gliscor
|-resisted|p2a: Gliscor
|-crit|p2a: Gliscor
|-damage|p2a: Gliscor|76/100
|
|-status|p2a: Gliscor|tox|[from] item: Toxic Orb
|upkeep
|turn|12
|
|t:|1743869198
|move|p2a: Gliscor|Protect|p2a: Gliscor
|-singleturn|p2a: Gliscor|Protect
|move|p1a: Keldeo|Surf|p2a: Gliscor
|-activate|p2a: Gliscor|move: Protect
|
|-heal|p2a: Gliscor|88/100 tox|[from] ability: Poison Heal
|upkeep
|turn|13
|
|t:|1743869219
|switch|p2a: Sceptile|Sceptile, M|100/100
|-damage|p2a: Sceptile|76/100|[from] Spikes
|move|p1a: Keldeo|Surf|p2a: Sceptile
|-resisted|p2a: Sceptile
|-damage|p2a: Sceptile|42/100
|
|upkeep
|turn|14
|
|t:|1743869230
|switch|p1a: Kleavor|Kleavor, F|100/100
|move|p2a: Sceptile|Giga Drain|p1a: Kleavor
|-damage|p1a: Kleavor|31/100
|-heal|p2a: Sceptile|77/100|[from] drain|[of] p1a: Kleavor
|-damage|p2a: Sceptile|67/100|[from] item: Life Orb
|
|upkeep
|turn|15
|
|t:|1743869246
|switch|p1a: Gholdengo|Gholdengo|100/100
|-item|p1a: Gholdengo|Air Balloon
|move|p2a: Sceptile|Giga Drain|p1a: Gholdengo
|-resisted|p1a: Gholdengo
|-damage|p1a: Gholdengo|76/100
|-heal|p2a: Sceptile|81/100|[from] drain|[of] p1a: Gholdengo
|-enditem|p1a: Gholdengo|Air Balloon
|-damage|p2a: Sceptile|71/100|[from] item: Life Orb
|
|upkeep
|turn|16
|
|t:|1743869260
|move|p2a: Sceptile|Substitute|p2a: Sceptile
|-start|p2a: Sceptile|Substitute
|-damage|p2a: Sceptile|46/100
|move|p1a: Gholdengo|Make It Rain|p2a: Sceptile
|-end|p2a: Sceptile|Substitute
|-unboost|p1a: Gholdengo|spa|1
|
|upkeep
|turn|17
|
|t:|1743869273
|move|p2a: Sceptile|Giga Drain|p1a: Gholdengo
|-resisted|p1a: Gholdengo
|-damage|p1a: Gholdengo|50/100
|-heal|p2a: Sceptile|61/100|[from] drain|[of] p1a: Gholdengo
|-damage|p2a: Sceptile|51/100|[from] item: Life Orb
|move|p1a: Gholdengo|Make It Rain|p2a: Sceptile
|-damage|p2a: Sceptile|0 fnt
|-unboost|p1a: Gholdengo|spa|1
|faint|p2a: Sceptile
|
|upkeep
|
|t:|1743869291
|switch|p2a: Gliscor|Gliscor, F|88/100 tox
|turn|18
|
|t:|1743869300
|switch|p1a: Keldeo|Keldeo|100/100
|move|p2a: Gliscor|Swords Dance|p2a: Gliscor
|-boost|p2a: Gliscor|atk|2
|
|-heal|p2a: Gliscor|100/100 tox|[from] ability: Poison Heal
|upkeep
|turn|19
|
|t:|1743869311
|-terastallize|p2a: Gliscor|Normal
|move|p1a: Keldeo|Surf|p2a: Gliscor
|-damage|p2a: Gliscor|62/100 tox
|move|p2a: Gliscor|Facade|p1a: Keldeo
|-damage|p1a: Keldeo|0 fnt
|faint|p1a: Keldeo
|
|-heal|p2a: Gliscor|75/100 tox|[from] ability: Poison Heal
|upkeep
|
|t:|1743869324
|switch|p1a: Hoopa|Hoopa-Unbound|100/100
|turn|20
|
|t:|1743869334
|-terastallize|p1a: Hoopa|Fairy
|move|p2a: Gliscor|Knock Off|p1a: Hoopa
|-resisted|p1a: Hoopa
|-damage|p1a: Hoopa|66/100
|-enditem|p1a: Hoopa|Assault Vest|[from] move: Knock Off|[of] p2a: Gliscor
|move|p1a: Hoopa|Drain Punch|p2a: Gliscor
|-supereffective|p2a: Gliscor
|-damage|p2a: Gliscor|37/100 tox
|-heal|p1a: Hoopa|85/100|[from] drain|[of] p2a: Gliscor
|-item|p1a: Hoopa|Toxic Orb|[from] ability: Magician|[of] p2a: Gliscor
|
|-heal|p2a: Gliscor|49/100 tox|[from] ability: Poison Heal
|-status|p1a: Hoopa|tox|[from] item: Toxic Orb
|upkeep
|turn|21
|
|t:|1743869362
|move|p2a: Gliscor|Facade|p1a: Hoopa
|-damage|p1a: Hoopa|0 fnt
|faint|p1a: Hoopa
|
|-heal|p2a: Gliscor|62/100 tox|[from] ability: Poison Heal
|upkeep
|
|t:|1743869371
|switch|p1a: Dragapult|Dragapult, M|100/100
|turn|22
|
|t:|1743869378
|move|p1a: Dragapult|U-turn|p2a: Gliscor
|-damage|p2a: Gliscor|33/100 tox
|
|t:|1743869385
|switch|p1a: Gliscor|Gliscor, M|93/100 tox|[from] U-turn
|move|p2a: Gliscor|Knock Off|p1a: Gliscor
|-damage|p1a: Gliscor|69/100 tox
|-enditem|p1a: Gliscor|Toxic Orb|[from] move: Knock Off|[of] p2a: Gliscor
|
|-heal|p2a: Gliscor|46/100 tox|[from] ability: Poison Heal
|-heal|p1a: Gliscor|81/100 tox|[from] ability: Poison Heal
|upkeep
|turn|23
|
|t:|1743869397
|move|p1a: Gliscor|Protect|p1a: Gliscor
|-singleturn|p1a: Gliscor|Protect
|move|p2a: Gliscor|Protect||[still]
|-fail|p2a: Gliscor
|
|-heal|p1a: Gliscor|94/100 tox|[from] ability: Poison Heal
|-heal|p2a: Gliscor|58/100 tox|[from] ability: Poison Heal
|upkeep
|turn|24
|
|t:|1743869408
|switch|p1a: Dragapult|Dragapult, M|100/100
|move|p2a: Gliscor|Facade|p1a: Dragapult
|-immune|p1a: Dragapult
|
|-heal|p2a: Gliscor|71/100 tox|[from] ability: Poison Heal
|upkeep
|turn|25
|
|t:|1743869416
|move|p2a: Gliscor|Protect|p2a: Gliscor
|-singleturn|p2a: Gliscor|Protect
|move|p1a: Dragapult|Dragon Darts|p2a: Gliscor
|-activate|p2a: Gliscor|move: Protect
|
|-heal|p2a: Gliscor|83/100 tox|[from] ability: Poison Heal
|upkeep
|turn|26
|
|t:|1743869424
|move|p1a: Dragapult|Dragon Darts|p2a: Gliscor
|-damage|p2a: Gliscor|55/100 tox
|-anim|p1a: Dragapult|Dragon Darts|p2a: Gliscor
|-damage|p2a: Gliscor|25/100 tox
|move|p2a: Gliscor|Knock Off|p1a: Dragapult
|-supereffective|p1a: Dragapult
|-damage|p1a: Dragapult|0 fnt
|-enditem|p1a: Dragapult|Choice Band|[from] move: Knock Off|[of] p2a: Gliscor
|faint|p1a: Dragapult
|
|-heal|p2a: Gliscor|37/100 tox|[from] ability: Poison Heal
|upkeep
|
|t:|1743869443
|switch|p1a: Gliscor|Gliscor, M|94/100 tox
|turn|27
|
|t:|1743869448
|move|p2a: Gliscor|Facade|p1a: Gliscor
|-damage|p1a: Gliscor|41/100 tox
|move|p1a: Gliscor|Earthquake|p2a: Gliscor
|-damage|p2a: Gliscor|13/100 tox
|
|-heal|p2a: Gliscor|25/100 tox|[from] ability: Poison Heal
|-heal|p1a: Gliscor|53/100 tox|[from] ability: Poison Heal
|upkeep
|turn|28
|
|t:|1743869459
|move|p1a: Gliscor|Earthquake|p2a: Gliscor
|-damage|p2a: Gliscor|0 fnt
|faint|p2a: Gliscor
|
|-heal|p1a: Gliscor|66/100 tox|[from] ability: Poison Heal
|upkeep
|
|t:|1743869465
|switch|p2a: Weavile|Weavile, F|100/100
|-ability|p2a: Weavile|Pressure
|turn|29
|
|t:|1743869472
|move|p1a: Gliscor|Protect|p1a: Gliscor
|-singleturn|p1a: Gliscor|Protect
|move|p2a: Weavile|Triple Axel|p1a: Gliscor
|-activate|p1a: Gliscor|move: Protect
|
|-heal|p1a: Gliscor|78/100 tox|[from] ability: Poison Heal
|upkeep
|turn|30
|
|t:|1743869481
|switch|p1a: Gholdengo|Gholdengo|50/100
|move|p2a: Weavile|Triple Axel|p1a: Gholdengo
|-resisted|p1a: Gholdengo
|-damage|p1a: Gholdengo|44/100
|-resisted|p1a: Gholdengo
|-crit|p1a: Gholdengo
|-damage|p1a: Gholdengo|27/100
|-resisted|p1a: Gholdengo
|-damage|p1a: Gholdengo|11/100
|-hitcount|p1a: Gholdengo|3
|
|upkeep
|turn|31
|
|t:|1743869493
|move|p2a: Weavile|Knock Off|p1a: Gholdengo
|-supereffective|p1a: Gholdengo
|-damage|p1a: Gholdengo|0 fnt
|faint|p1a: Gholdengo
|
|upkeep
|
|t:|1743869497
|switch|p1a: Kleavor|Kleavor, F|31/100
|turn|32
|
|t:|1743869505
|move|p2a: Weavile|Triple Axel|p1a: Kleavor
|-damage|p1a: Kleavor|19/100
|-damage|p1a: Kleavor|0 fnt
|faint|p1a: Kleavor
|-hitcount|p1: Kleavor|2
|
|upkeep
|
|t:|1743869510
|switch|p1a: Gliscor|Gliscor, M|78/100 tox
|turn|33
|
|t:|1743869514
|move|p2a: Weavile|Triple Axel|p1a: Gliscor
|-supereffective|p1a: Gliscor
|-damage|p1a: Gliscor|54/100 tox
|-supereffective|p1a: Gliscor
|-damage|p1a: Gliscor|10/100 tox
|-hitcount|p1a: Gliscor|2
|move|p1a: Gliscor|Earthquake|p2a: Weavile
|-damage|p2a: Weavile|48/100
|
|-heal|p1a: Gliscor|22/100 tox|[from] ability: Poison Heal
|upkeep
|turn|34
|-message|WaterfallG forfeited.
|
|win|alexpega
|raw|WaterfallG's rating: 1184 &rarr; <strong>1162</strong><br />(-22 for losing)
|raw|alexpega's rating: 1222 &rarr; <strong>1244</strong><br />(+22 for winning)
|l|☆WaterfallG
|player|p1|
|l|☆alexpega
|player|p2|
