|j|☆YoTeH
|j|☆turnyacc
|t:|1743832130
|gametype|singles
|player|p1|YoTeH|marnie|1766
|player|p2|turnyacc|266|1813
|teamsize|p1|6
|teamsize|p2|6
|gen|9
|tier|[Gen 9] OU
|rated|
|rule|HP Percentage Mod: HP is shown in percentages
|rule|Endless Battle Clause: Forcing endless battles is banned
|rule|Species Clause: Limit one of each Pokémon
|rule|OHKO Clause: OHKO moves are banned
|rule|Evasion Items Clause: Evasion items are banned
|rule|Evasion Moves Clause: Evasion moves are banned
|rule|Sleep Moves Clause: Sleep-inducing moves are banned
|clearpoke
|poke|p1|Raging Bolt|
|poke|p1|Kyurem|
|poke|p1|Gholdengo|
|poke|p1|Iron Valiant|
|poke|p1|Tinkaton, F|
|poke|p1|Great Tusk|
|poke|p2|Moltres|
|poke|p2|Clodsire, F|
|poke|p2|Raging Bolt|
|poke|p2|Great Tusk|
|poke|p2|Clefable, F|
|poke|p2|Iron Crown|
|teampreview
|j| Ornaug
|inactive|Battle timer is ON: inactive players will automatically lose when time's up. (requested by YoTeH)
|inactive|turnyacc has 120 seconds left.
|c|☆turnyacc|h
|
|t:|1743832230
|start
|switch|p1a: Tinkaton|Tinkaton, F, shiny|100/100
|switch|p2a: Moltres|Moltres|100/100
|-ability|p1a: Tinkaton|Mold Breaker
|-item|p1a: Tinkaton|Air Balloon
|turn|1
|
|t:|1743832237
|move|p1a: Tinkaton|Thunder Wave|p2a: Moltres
|-status|p2a: Moltres|par
|move|p2a: Moltres|Will-O-Wisp|p1a: Tinkaton|[miss]
|-miss|p2a: Moltres|p1a: Tinkaton
|
|upkeep
|turn|2
|
|t:|1743832240
|move|p1a: Tinkaton|Stealth Rock|p2a: Moltres
|-sidestart|p2: turnyacc|move: Stealth Rock
|cant|p2a: Moltres|par
|
|upkeep
|turn|3
|
|t:|1743832246
|switch|p1a: Raging Bolt|Raging Bolt|100/100
|-enditem|p1a: Raging Bolt|Booster Energy
|-activate|p1a: Raging Bolt|ability: Protosynthesis|[fromitem]
|-start|p1a: Raging Bolt|protosynthesisspa
|move|p2a: Moltres|Will-O-Wisp|p1a: Raging Bolt
|-status|p1a: Raging Bolt|brn
|
|-damage|p1a: Raging Bolt|94/100 brn|[from] brn
|upkeep
|turn|4
|
|t:|1743832248
|switch|p2a: Clodsire|Clodsire, F|100/100
|-damage|p2a: Clodsire|94/100|[from] Stealth Rock
|move|p1a: Raging Bolt|Dragon Pulse|p2a: Clodsire
|-damage|p2a: Clodsire|57/100
|
|-heal|p2a: Clodsire|63/100|[from] item: Leftovers
|-damage|p1a: Raging Bolt|88/100 brn|[from] brn
|upkeep
|turn|5
|
|t:|1743832251
|move|p1a: Raging Bolt|Dragon Pulse|p2a: Clodsire
|-damage|p2a: Clodsire|29/100
|move|p2a: Clodsire|Recover|p2a: Clodsire
|-heal|p2a: Clodsire|79/100
|
|-heal|p2a: Clodsire|85/100|[from] item: Leftovers
|-damage|p1a: Raging Bolt|82/100 brn|[from] brn
|upkeep
|turn|6
|
|t:|1743832254
|move|p1a: Raging Bolt|Dragon Pulse|p2a: Clodsire
|-damage|p2a: Clodsire|51/100
|move|p2a: Clodsire|Stealth Rock|p1a: Raging Bolt
|-sidestart|p1: YoTeH|move: Stealth Rock
|
|-heal|p2a: Clodsire|57/100|[from] item: Leftovers
|-damage|p1a: Raging Bolt|76/100 brn|[from] brn
|upkeep
|turn|7
|
|t:|1743832257
|move|p1a: Raging Bolt|Dragon Pulse|p2a: Clodsire
|-damage|p2a: Clodsire|20/100
|move|p2a: Clodsire|Recover|p2a: Clodsire
|-heal|p2a: Clodsire|70/100
|
|-heal|p2a: Clodsire|76/100|[from] item: Leftovers
|-damage|p1a: Raging Bolt|70/100 brn|[from] brn
|upkeep
|turn|8
|
|t:|1743832259
|move|p1a: Raging Bolt|Dragon Pulse|p2a: Clodsire
|-damage|p2a: Clodsire|42/100
|move|p2a: Clodsire|Recover|p2a: Clodsire
|-heal|p2a: Clodsire|92/100
|
|-heal|p2a: Clodsire|98/100|[from] item: Leftovers
|-damage|p1a: Raging Bolt|64/100 brn|[from] brn
|upkeep
|turn|9
|
|t:|1743832262
|move|p1a: Raging Bolt|Dragon Pulse|p2a: Clodsire
|-damage|p2a: Clodsire|63/100
|move|p2a: Clodsire|Recover|p2a: Clodsire
|-heal|p2a: Clodsire|100/100
|
|-damage|p1a: Raging Bolt|58/100 brn|[from] brn
|upkeep
|turn|10
|inactive|turnyacc has 120 seconds left.
|
|t:|1743832300
|move|p1a: Raging Bolt|Dragon Pulse|p2a: Clodsire
|-damage|p2a: Clodsire|66/100
|move|p2a: Clodsire|Earthquake|p1a: Raging Bolt
|-supereffective|p1a: Raging Bolt
|-damage|p1a: Raging Bolt|10/100 brn
|
|-heal|p2a: Clodsire|72/100|[from] item: Leftovers
|-damage|p1a: Raging Bolt|4/100 brn|[from] brn
|upkeep
|turn|11
|
|t:|1743832303
|move|p1a: Raging Bolt|Dragon Pulse|p2a: Clodsire
|-damage|p2a: Clodsire|40/100
|move|p2a: Clodsire|Recover|p2a: Clodsire
|-heal|p2a: Clodsire|90/100
|
|-heal|p2a: Clodsire|96/100|[from] item: Leftovers
|-damage|p1a: Raging Bolt|0 fnt|[from] brn
|faint|p1a: Raging Bolt
|-end|p1a: Raging Bolt|Protosynthesis|[silent]
|upkeep
|
|t:|1743832307
|switch|p1a: Great Tusk|Great Tusk, shiny|100/100
|-damage|p1a: Great Tusk|98/100|[from] Stealth Rock
|-enditem|p1a: Great Tusk|Booster Energy
|-activate|p1a: Great Tusk|ability: Protosynthesis|[fromitem]
|-start|p1a: Great Tusk|protosynthesisatk
|turn|12
|
|t:|1743832311
|move|p1a: Great Tusk|Rapid Spin|p2a: Clodsire
|-damage|p2a: Clodsire|72/100
|-boost|p1a: Great Tusk|spe|1
|-sideend|p1: YoTeH|Stealth Rock|[from] move: Rapid Spin|[of] p1a: Great Tusk
|move|p2a: Clodsire|Toxic|p1a: Great Tusk
|-status|p1a: Great Tusk|tox
|
|-heal|p2a: Clodsire|78/100|[from] item: Leftovers
|-damage|p1a: Great Tusk|91/100 tox|[from] psn
|upkeep
|turn|13
|
|t:|1743832314
|switch|p2a: Moltres|Moltres|100/100 par
|move|p1a: Great Tusk|Headlong Rush|p2a: Moltres
|-immune|p2a: Moltres
|
|-damage|p1a: Great Tusk|79/100 tox|[from] psn
|upkeep
|turn|14
|
|t:|1743832318
|move|p1a: Great Tusk|Head Smash|p2a: Moltres
|-supereffective|p2a: Moltres
|-damage|p2a: Moltres|0 fnt
|faint|p2a: Moltres
|-damage|p1a: Great Tusk|27/100 tox|[from] Recoil
|
|-damage|p1a: Great Tusk|9/100 tox|[from] psn
|upkeep
|
|t:|1743832327
|switch|p2a: Great Tusk|Great Tusk|100/100
|turn|15
|
|t:|1743832329
|move|p1a: Great Tusk|Headlong Rush|p2a: Great Tusk
|-damage|p2a: Great Tusk|38/100
|-unboost|p1a: Great Tusk|def|1
|-unboost|p1a: Great Tusk|spd|1
|move|p2a: Great Tusk|Rapid Spin|p1a: Great Tusk
|-damage|p1a: Great Tusk|0 fnt
|-boost|p2a: Great Tusk|spe|1
|-sideend|p2: turnyacc|Stealth Rock|[from] move: Rapid Spin|[of] p2a: Great Tusk
|faint|p1a: Great Tusk
|-end|p1a: Great Tusk|Protosynthesis|[silent]
|
|upkeep
|
|t:|1743832332
|switch|p1a: Iron Valiant|Iron Valiant, shiny|100/100
|-enditem|p1a: Iron Valiant|Booster Energy
|-activate|p1a: Iron Valiant|ability: Quark Drive|[fromitem]
|-start|p1a: Iron Valiant|quarkdrivespe
|turn|16
|
|t:|1743832338
|-end|p2a: Great Tusk|Protosynthesis|[silent]
|switch|p2a: Clodsire|Clodsire, F|78/100
|move|p1a: Iron Valiant|Shadow Ball|p2a: Clodsire
|-damage|p2a: Clodsire|64/100
|
|-heal|p2a: Clodsire|70/100|[from] item: Leftovers
|upkeep
|turn|17
|
|t:|1743832342
|move|p1a: Iron Valiant|Moonblast|p2a: Clodsire
|-resisted|p2a: Clodsire
|-damage|p2a: Clodsire|58/100
|-unboost|p2a: Clodsire|spa|1
|move|p2a: Clodsire|Toxic|p1a: Iron Valiant
|-status|p1a: Iron Valiant|tox
|
|-heal|p2a: Clodsire|64/100|[from] item: Leftovers
|-damage|p1a: Iron Valiant|94/100 tox|[from] psn
|upkeep
|turn|18
|
|t:|1743832347
|move|p1a: Iron Valiant|Close Combat|p2a: Clodsire
|-resisted|p2a: Clodsire
|-damage|p2a: Clodsire|35/100
|-unboost|p1a: Iron Valiant|def|1
|-unboost|p1a: Iron Valiant|spd|1
|move|p2a: Clodsire|Recover|p2a: Clodsire
|-heal|p2a: Clodsire|85/100
|
|-heal|p2a: Clodsire|91/100|[from] item: Leftovers
|-damage|p1a: Iron Valiant|82/100 tox|[from] psn
|upkeep
|turn|19
|
|t:|1743832350
|move|p1a: Iron Valiant|Close Combat|p2a: Clodsire
|-resisted|p2a: Clodsire
|-damage|p2a: Clodsire|64/100
|-unboost|p1a: Iron Valiant|def|1
|-unboost|p1a: Iron Valiant|spd|1
|move|p2a: Clodsire|Recover|p2a: Clodsire
|-heal|p2a: Clodsire|100/100
|
|-damage|p1a: Iron Valiant|63/100 tox|[from] psn
|upkeep
|turn|20
|
|t:|1743832361
|move|p1a: Iron Valiant|Destiny Bond|p1a: Iron Valiant
|-singlemove|p1a: Iron Valiant|Destiny Bond
|move|p2a: Clodsire|Stealth Rock|p1a: Iron Valiant
|-sidestart|p1: YoTeH|move: Stealth Rock
|
|-damage|p1a: Iron Valiant|38/100 tox|[from] psn
|upkeep
|turn|21
|
|t:|1743832372
|move|p1a: Iron Valiant|Close Combat|p2a: Clodsire
|-resisted|p2a: Clodsire
|-damage|p2a: Clodsire|72/100
|-unboost|p1a: Iron Valiant|def|1
|-unboost|p1a: Iron Valiant|spd|1
|move|p2a: Clodsire|Earthquake|p1a: Iron Valiant
|-damage|p1a: Iron Valiant|5/100 tox
|
|-heal|p2a: Clodsire|78/100|[from] item: Leftovers
|-damage|p1a: Iron Valiant|0 fnt|[from] psn
|faint|p1a: Iron Valiant
|-end|p1a: Iron Valiant|Quark Drive|[silent]
|upkeep
|
|t:|1743832375
|switch|p1a: Kyurem|Kyurem, shiny|100/100
|-damage|p1a: Kyurem|75/100|[from] Stealth Rock
|-ability|p1a: Kyurem|Pressure
|turn|22
|
|t:|1743832377
|move|p1a: Kyurem|Icicle Spear|p2a: Clodsire
|-supereffective|p2a: Clodsire
|-damage|p2a: Clodsire|47/100
|-supereffective|p2a: Clodsire
|-damage|p2a: Clodsire|18/100
|-supereffective|p2a: Clodsire
|-damage|p2a: Clodsire|0 fnt
|faint|p2a: Clodsire
|-hitcount|p2: Clodsire|3
|
|upkeep
|
|t:|1743832381
|switch|p2a: Iron Crown|Iron Crown|100/100
|turn|23
|
|t:|1743832386
|-terastallize|p1a: Kyurem|Fire
|move|p2a: Iron Crown|Future Sight|p1a: Kyurem
|-start|p2a: Iron Crown|move: Future Sight
|move|p1a: Kyurem|Dragon Dance|p1a: Kyurem
|-boost|p1a: Kyurem|atk|1
|-boost|p1a: Kyurem|spe|1
|
|upkeep
|turn|24
|
|t:|1743832398
|-terastallize|p2a: Iron Crown|Fairy
|move|p1a: Kyurem|Tera Blast|p2a: Iron Crown|[anim] Tera Blast Fire
|-damage|p2a: Iron Crown|36/100
|move|p2a: Iron Crown|Psychic Noise|p1a: Kyurem
|-damage|p1a: Kyurem|42/100
|-start|p1a: Kyurem|move: Heal Block
|
|upkeep
|turn|25
|
|t:|1743832415
|-end|p2a: Iron Crown|Quark Drive|[silent]
|switch|p2a: Clefable|Clefable, F|100/100
|move|p1a: Kyurem|Icicle Spear|p2a: Clefable
|-damage|p2a: Clefable|85/100
|-damage|p2a: Clefable|69/100
|-damage|p2a: Clefable|52/100
|-damage|p2a: Clefable|38/100
|-damage|p2a: Clefable|23/100
|-hitcount|p2a: Clefable|5
|
|-end|p1a: Kyurem|move: Future Sight
|-crit|p1a: Kyurem
|-damage|p1a: Kyurem|0 fnt
|faint|p1a: Kyurem
|-heal|p2a: Clefable|29/100|[from] item: Leftovers
|upkeep
|
|t:|1743832418
|switch|p1a: Tinkaton|Tinkaton, F, shiny|100/100
|-damage|p1a: Tinkaton|94/100|[from] Stealth Rock
|-ability|p1a: Tinkaton|Mold Breaker
|-item|p1a: Tinkaton|Air Balloon
|turn|26
|l| Ornaug
|
|t:|1743832422
|move|p1a: Tinkaton|Gigaton Hammer|p2a: Clefable
|-supereffective|p2a: Clefable
|-damage|p2a: Clefable|0 fnt
|faint|p2a: Clefable
|
|upkeep
|
|t:|1743832424
|switch|p2a: Great Tusk|Great Tusk|38/100
|turn|27
|
|t:|1743832427
|move|p1a: Tinkaton|Encore||[still]
|-fail|p1a: Tinkaton
|move|p2a: Great Tusk|Rapid Spin|p1a: Tinkaton
|-resisted|p1a: Tinkaton
|-damage|p1a: Tinkaton|84/100
|-boost|p2a: Great Tusk|spe|1
|-enditem|p1a: Tinkaton|Air Balloon
|
|upkeep
|turn|28
|
|t:|1743832430
|move|p2a: Great Tusk|Headlong Rush|p1a: Tinkaton
|-supereffective|p1a: Tinkaton
|-damage|p1a: Tinkaton|0 fnt
|-unboost|p2a: Great Tusk|def|1
|-unboost|p2a: Great Tusk|spd|1
|faint|p1a: Tinkaton
|
|upkeep
|
|t:|1743832433
|switch|p1a: Gholdengo|Gholdengo|100/100
|-damage|p1a: Gholdengo|94/100|[from] Stealth Rock
|-item|p1a: Gholdengo|Air Balloon
|turn|29
|
|t:|1743832435
|move|p2a: Great Tusk|Knock Off|p1a: Gholdengo
|-supereffective|p1a: Gholdengo
|-damage|p1a: Gholdengo|46/100
|-enditem|p1a: Gholdengo|Air Balloon
|move|p1a: Gholdengo|Hex|p2a: Great Tusk
|-damage|p2a: Great Tusk|0 fnt
|faint|p2a: Great Tusk
|-end|p2a: Great Tusk|Protosynthesis|[silent]
|
|upkeep
|
|t:|1743832437
|switch|p2a: Iron Crown|Iron Crown, tera:Fairy|36/100
|turn|30
|
|t:|1743832443
|move|p2a: Iron Crown|Psychic Noise|p1a: Gholdengo
|-resisted|p1a: Gholdengo
|-damage|p1a: Gholdengo|28/100
|-start|p1a: Gholdengo|move: Heal Block
|move|p1a: Gholdengo|Thunder Wave|p2a: Iron Crown|[miss]
|-miss|p1a: Gholdengo|p2a: Iron Crown
|
|upkeep
|turn|31
|
|t:|1743832446
|move|p2a: Iron Crown|Future Sight|p1a: Gholdengo
|-start|p2a: Iron Crown|move: Future Sight
|move|p1a: Gholdengo|Thunder Wave|p2a: Iron Crown
|-status|p2a: Iron Crown|par
|
|-end|p1a: Gholdengo|move: Heal Block
|upkeep
|turn|32
|-message|YoTeH forfeited.
|
|win|turnyacc
|raw|YoTeH's rating: 1766 &rarr; <strong>1749</strong><br />(-17 for losing)
|raw|turnyacc's rating: 1813 &rarr; <strong>1830</strong><br />(+17 for winning)
|l|☆YoTeH
|player|p1|
|l|☆turnyacc
|player|p2|
