|j|☆Auraking44
|j|☆saduington
|t:|1743832114
|gametype|singles
|player|p1|Auraking44|steven|1124
|player|p2|saduington|102|1175
|teamsize|p1|6
|teamsize|p2|6
|gen|9
|tier|[Gen 9] OU
|rated|
|rule|HP Percentage Mod: HP is shown in percentages
|rule|Endless Battle Clause: Forcing endless battles is banned
|rule|Species Clause: Limit one of each Pokémon
|rule|OHKO Clause: OHKO moves are banned
|rule|Evasion Items Clause: Evasion items are banned
|rule|Evasion Moves Clause: Evasion moves are banned
|rule|Sleep Moves Clause: Sleep-inducing moves are banned
|clearpoke
|poke|p1|Quaquaval, F|
|poke|p1|Venusaur, F|
|poke|p1|Cinderace, M|
|poke|p1|Ambipom, F|
|poke|p1|Serperior, M|
|poke|p1|Ninetales-Alola, M|
|poke|p2|Kingambit, F|
|poke|p2|Cinderace, F|
|poke|p2|Landorus-Therian, M|
|poke|p2|Iron Valiant|
|poke|p2|Kyurem|
|poke|p2|Slowking-Galar, M|
|teampreview
|inactive|Battle timer is ON: inactive players will automatically lose when time's up. (requested by Auraking44)
|inactive|saduington has 120 seconds left.
|inactive|saduington has 90 seconds left.
|
|t:|1743832178
|start
|switch|p1a: Quaquaval|Quaquaval, F, shiny|100/100
|switch|p2a: Cinderace|Cinderace, F|100/100
|turn|1
|
|t:|1743832186
|move|p2a: Cinderace|U-turn|p1a: Quaquaval
|-resisted|p1a: Quaquaval
|-damage|p1a: Quaquaval|87/100
|
|t:|1743832192
|switch|p2a: Landorus|Landorus-Therian, M|100/100|[from] U-turn
|-ability|p2a: Landorus|Intimidate|boost
|-unboost|p1a: Quaquaval|atk|1
|move|p1a: Quaquaval|Aqua Step|p2a: Landorus
|-supereffective|p2a: Landorus
|-damage|p2a: Landorus|51/100
|-boost|p1a: Quaquaval|spe|1
|-damage|p1a: Quaquaval|71/100|[from] item: Rocky Helmet|[of] p2a: Landorus
|-damage|p1a: Quaquaval|61/100|[from] item: Life Orb
|
|upkeep
|turn|2
|
|t:|1743832210
|switch|p2a: Slowking|Slowking-Galar, M|100/100
|move|p1a: Quaquaval|Aqua Step|p2a: Slowking
|-damage|p2a: Slowking|66/100
|-boost|p1a: Quaquaval|spe|1
|-damage|p1a: Quaquaval|51/100|[from] item: Life Orb
|
|upkeep
|turn|3
|
|t:|1743832225
|move|p1a: Quaquaval|Swords Dance|p1a: Quaquaval
|-boost|p1a: Quaquaval|atk|2
|move|p2a: Slowking|Thunder Wave|p1a: Quaquaval
|-status|p1a: Quaquaval|par
|
|upkeep
|turn|4
|
|t:|1743832234
|move|p1a: Quaquaval|Aqua Step|p2a: Slowking
|-damage|p2a: Slowking|0 fnt
|-boost|p1a: Quaquaval|spe|1
|faint|p2a: Slowking
|-ability|p1a: Quaquaval|Moxie|boost
|-boost|p1a: Quaquaval|atk|1
|-damage|p1a: Quaquaval|41/100 par|[from] item: Life Orb
|
|upkeep
|
|t:|1743832255
|switch|p2a: Iron Valiant|Iron Valiant|100/100
|-enditem|p2a: Iron Valiant|Booster Energy
|-activate|p2a: Iron Valiant|ability: Quark Drive|[fromitem]
|-start|p2a: Iron Valiant|quarkdrivespe
|turn|5
|
|t:|1743832265
|move|p2a: Iron Valiant|Moonblast|p1a: Quaquaval
|-supereffective|p1a: Quaquaval
|-damage|p1a: Quaquaval|0 fnt
|faint|p1a: Quaquaval
|
|upkeep
|
|t:|1743832276
|switch|p1a: Ambipom|Ambipom, F, shiny|100/100
|turn|6
|
|t:|1743832288
|move|p1a: Ambipom|Fake Out|p2a: Iron Valiant
|-damage|p2a: Iron Valiant|66/100
|cant|p2a: Iron Valiant|flinch
|
|upkeep
|turn|7
|
|t:|1743832299
|switch|p1a: Serperior|Serperior, M, shiny|100/100
|move|p2a: Iron Valiant|Encore||[still]
|-fail|p2a: Iron Valiant
|
|upkeep
|turn|8
|
|t:|1743832306
|move|p2a: Iron Valiant|Moonblast|p1a: Serperior
|-damage|p1a: Serperior|41/100
|-boost|p1a: Serperior|spa|1
|move|p1a: Serperior|Leaf Storm|p2a: Iron Valiant
|-damage|p2a: Iron Valiant|0 fnt
|-boost|p1a: Serperior|spa|2
|faint|p2a: Iron Valiant
|-end|p2a: Iron Valiant|Quark Drive|[silent]
|
|upkeep
|
|t:|1743832314
|switch|p2a: Cinderace|Cinderace, F|100/100
|turn|9
|
|t:|1743832321
|-terastallize|p1a: Serperior|Water
|move|p2a: Cinderace|Pyro Ball|p1a: Serperior
|-resisted|p1a: Serperior
|-damage|p1a: Serperior|6/100
|move|p1a: Serperior|Tera Blast|p2a: Cinderace|[anim] Tera Blast Water
|-supereffective|p2a: Cinderace
|-damage|p2a: Cinderace|0 fnt
|faint|p2a: Cinderace
|
|upkeep
|inactive|saduington has 120 seconds left.
|
|t:|1743832351
|switch|p2a: Kyurem|Kyurem|100/100
|-ability|p2a: Kyurem|Pressure
|turn|10
|
|t:|1743832356
|move|p1a: Serperior|Dragon Pulse|p2a: Kyurem
|-supereffective|p2a: Kyurem
|-damage|p2a: Kyurem|6/100
|move|p2a: Kyurem|Freeze-Dry|p1a: Serperior
|-supereffective|p1a: Serperior
|-damage|p1a: Serperior|0 fnt
|faint|p1a: Serperior
|
|-heal|p2a: Kyurem|13/100|[from] item: Leftovers
|upkeep
|
|t:|1743832366
|switch|p1a: Ambipom|Ambipom, F, shiny|100/100
|turn|11
|
|t:|1743832387
|switch|p2a: Landorus|Landorus-Therian, M|51/100
|-ability|p2a: Landorus|Intimidate|boost
|-unboost|p1a: Ambipom|atk|1
|move|p1a: Ambipom|Fake Out|p2a: Landorus
|-damage|p2a: Landorus|36/100
|-damage|p1a: Ambipom|84/100|[from] item: Rocky Helmet|[of] p2a: Landorus
|
|upkeep
|turn|12
|
|t:|1743832396
|move|p1a: Ambipom|Triple Axel|p2a: Landorus
|-supereffective|p2a: Landorus
|-damage|p2a: Landorus|13/100
|-damage|p1a: Ambipom|68/100|[from] item: Rocky Helmet|[of] p2a: Landorus
|-supereffective|p2a: Landorus
|-damage|p2a: Landorus|0 fnt
|-damage|p1a: Ambipom|51/100|[from] item: Rocky Helmet|[of] p2a: Landorus
|faint|p2a: Landorus
|-hitcount|p2: Landorus|2
|
|upkeep
|
|t:|1743832409
|switch|p2a: Kingambit|Kingambit, F|100/100
|-activate|p2a: Kingambit|ability: Supreme Overlord
|-start|p2a: Kingambit|fallen4|[silent]
|turn|13
|
|t:|1743832414
|move|p1a: Ambipom|Brick Break|p2a: Kingambit
|-supereffective|p2a: Kingambit
|-damage|p2a: Kingambit|53/100
|move|p2a: Kingambit|Swords Dance|p2a: Kingambit
|-boost|p2a: Kingambit|atk|2
|
|-heal|p2a: Kingambit|59/100|[from] item: Leftovers
|upkeep
|turn|14
|
|t:|1743832431
|move|p2a: Kingambit|Sucker Punch|p1a: Ambipom
|-damage|p1a: Ambipom|0 fnt
|faint|p1a: Ambipom
|
|-heal|p2a: Kingambit|66/100|[from] item: Leftovers
|upkeep
|
|t:|1743832437
|switch|p1a: Ninetales|Ninetales-Alola, M, shiny|100/100
|-weather|Snowscape|[from] ability: Snow Warning|[of] p1a: Ninetales
|turn|15
|
|t:|1743832444
|move|p1a: Ninetales|Dazzling Gleam|p2a: Kingambit
|-damage|p2a: Kingambit|35/100
|move|p2a: Kingambit|Iron Head|p1a: Ninetales
|-supereffective|p1a: Ninetales
|-damage|p1a: Ninetales|0 fnt
|faint|p1a: Ninetales
|
|-weather|Snowscape|[upkeep]
|-heal|p2a: Kingambit|41/100|[from] item: Leftovers
|upkeep
|
|t:|1743832457
|switch|p1a: Venusaur|Venusaur, F, shiny|100/100
|turn|16
|
|t:|1743832481
|move|p2a: Kingambit|Sucker Punch||[still]
|-fail|p2a: Kingambit
|move|p1a: Venusaur|Sunny Day|p1a: Venusaur
|-weather|SunnyDay
|
|-weather|SunnyDay|[upkeep]
|-heal|p2a: Kingambit|47/100|[from] item: Leftovers
|upkeep
|turn|17
|
|t:|1743832488
|move|p1a: Venusaur|Earth Power|p2a: Kingambit
|-supereffective|p2a: Kingambit
|-damage|p2a: Kingambit|0 fnt
|faint|p2a: Kingambit
|-end|p2a: Kingambit|fallen4|[silent]
|
|-weather|SunnyDay|[upkeep]
|upkeep
|-message|saduington forfeited.
|
|win|Auraking44
|raw|Auraking44's rating: 1124 &rarr; <strong>1153</strong><br />(+29 for winning)
|raw|saduington's rating: 1175 &rarr; <strong>1146</strong><br />(-29 for losing)
|l|☆saduington
|player|p2|
|l|☆Auraking44
|player|p1|
