|j|☆IASASAY
|j|☆animebabesscareme
|t:|1743809372
|gametype|singles
|player|p1|IASASAY|ghetsis|1254
|player|p2|animebabesscareme|bruno|1275
|teamsize|p1|6
|teamsize|p2|6
|gen|9
|tier|[Gen 9] OU
|rated|
|rule|HP Percentage Mod: HP is shown in percentages
|rule|Endless Battle Clause: Forcing endless battles is banned
|rule|Species Clause: Limit one of each Pokémon
|rule|OHKO Clause: OHKO moves are banned
|rule|Evasion Items Clause: Evasion items are banned
|rule|Evasion Moves Clause: Evasion moves are banned
|rule|Sleep Moves Clause: Sleep-inducing moves are banned
|clearpoke
|poke|p1|Inteleon, F|
|poke|p1|Dragapult, F|
|poke|p1|Cinderace, M|
|poke|p1|Corviknight, M|
|poke|p1|Alomomola, M|
|poke|p1|Ting-Lu|
|poke|p2|Empoleon, M|
|poke|p2|Dragonite, F|
|poke|p2|Primeape, M|
|poke|p2|Ninetales-Alola, M|
|poke|p2|Darkrai|
|poke|p2|Great Tusk|
|teampreview
|inactive|Battle timer is ON: inactive players will automatically lose when time's up. (requested by animebabesscareme)
|
|t:|1743809384
|start
|switch|p1a: Cinderace|Cinderace, M|100/100
|switch|p2a: Primeape|Primeape, M|100/100
|turn|1
|
|t:|1743809393
|switch|p1a: Alomomola|Alomomola, M|100/100
|move|p2a: Primeape|Taunt|p1a: Alomomola
|-start|p1a: Alomomola|move: Taunt
|
|upkeep
|turn|2
|
|t:|1743809400
|move|p2a: Primeape|Stealth Rock|p1a: Alomomola
|-sidestart|p1: IASASAY|move: Stealth Rock
|move|p1a: Alomomola|Scald|p2a: Primeape
|-damage|p2a: Primeape|81/100
|
|upkeep
|turn|3
|
|t:|1743809407
|move|p2a: Primeape|Close Combat|p1a: Alomomola
|-damage|p1a: Alomomola|74/100
|-unboost|p2a: Primeape|def|1
|-unboost|p2a: Primeape|spd|1
|move|p1a: Alomomola|Scald|p2a: Primeape
|-damage|p2a: Primeape|53/100
|
|-end|p1a: Alomomola|move: Taunt
|upkeep
|turn|4
|
|t:|1743809417
|move|p2a: Primeape|Taunt|p1a: Alomomola
|-start|p1a: Alomomola|move: Taunt
|move|p1a: Alomomola|Scald|p2a: Primeape
|-damage|p2a: Primeape|26/100
|-status|p2a: Primeape|brn
|
|-damage|p2a: Primeape|19/100 brn|[from] brn
|upkeep
|turn|5
|
|t:|1743809427
|move|p2a: Primeape|Close Combat|p1a: Alomomola
|-damage|p1a: Alomomola|61/100
|-unboost|p2a: Primeape|def|1
|-unboost|p2a: Primeape|spd|1
|move|p1a: Alomomola|Flip Turn|p2a: Primeape
|-damage|p2a: Primeape|0 fnt
|-damage|p1a: Alomomola|44/100|[from] item: Rocky Helmet|[of] p2a: Primeape
|faint|p2a: Primeape
|
|t:|1743809437
|switch|p1a: Cinderace|Cinderace, M|100/100|[from] Flip Turn
|
|upkeep
|
|t:|1743809444
|switch|p2a: Great Tusk|Great Tusk|100/100
|turn|6
|
|t:|1743809449
|move|p1a: Cinderace|U-turn|p2a: Great Tusk
|-start|p1a: Cinderace|typechange|Bug|[from] ability: Libero
|-resisted|p2a: Great Tusk
|-damage|p2a: Great Tusk|88/100
|
|t:|1743809453
|switch|p1a: Alomomola|Alomomola, M|77/100|[from] U-turn
|move|p2a: Great Tusk|Earthquake|p1a: Alomomola
|-damage|p1a: Alomomola|48/100
|
|-heal|p2a: Great Tusk|95/100|[from] item: Leftovers
|upkeep
|turn|7
|
|t:|1743809462
|move|p2a: Great Tusk|Earthquake|p1a: Alomomola
|-damage|p1a: Alomomola|23/100
|move|p1a: Alomomola|Scald|p2a: Great Tusk
|-supereffective|p2a: Great Tusk
|-damage|p2a: Great Tusk|54/100
|-status|p2a: Great Tusk|brn
|
|-heal|p2a: Great Tusk|60/100 brn|[from] item: Leftovers
|-damage|p2a: Great Tusk|54/100 brn|[from] brn
|upkeep
|turn|8
|
|t:|1743809475
|move|p2a: Great Tusk|Knock Off|p1a: Alomomola
|-damage|p1a: Alomomola|14/100
|-enditem|p1a: Alomomola|Heavy-Duty Boots|[from] move: Knock Off|[of] p2a: Great Tusk
|move|p1a: Alomomola|Wish|p1a: Alomomola
|
|-heal|p2a: Great Tusk|60/100 brn|[from] item: Leftovers
|-damage|p2a: Great Tusk|54/100 brn|[from] brn
|upkeep
|turn|9
|
|t:|1743809493
|switch|p1a: Inteleon|Inteleon, F|100/100
|-damage|p1a: Inteleon|88/100|[from] Stealth Rock
|move|p2a: Great Tusk|Earthquake|p1a: Inteleon
|-damage|p1a: Inteleon|34/100
|
|-heal|p1a: Inteleon|100/100|[from] move: Wish|[wisher] Alomomola
|-heal|p2a: Great Tusk|60/100 brn|[from] item: Leftovers
|-damage|p2a: Great Tusk|54/100 brn|[from] brn
|upkeep
|turn|10
|
|t:|1743809505
|move|p1a: Inteleon|U-turn|p2a: Great Tusk
|-resisted|p2a: Great Tusk
|-damage|p2a: Great Tusk|49/100 brn
|
|t:|1743809508
|switch|p1a: Alomomola|Alomomola, M|48/100|[from] U-turn
|-damage|p1a: Alomomola|35/100|[from] Stealth Rock
|move|p2a: Great Tusk|Knock Off|p1a: Alomomola
|-damage|p1a: Alomomola|30/100
|
|-heal|p2a: Great Tusk|55/100 brn|[from] item: Leftovers
|-damage|p2a: Great Tusk|49/100 brn|[from] brn
|upkeep
|turn|11
|
|t:|1743809519
|-end|p2a: Great Tusk|Protosynthesis|[silent]
|switch|p2a: Ninetales|Ninetales-Alola, M|100/100
|-weather|Snowscape|[from] ability: Snow Warning|[of] p2a: Ninetales
|move|p1a: Alomomola|Flip Turn|p2a: Ninetales
|-damage|p2a: Ninetales|87/100
|
|t:|1743809526
|switch|p1a: Cinderace|Cinderace, M|100/100|[from] Flip Turn
|
|-weather|Snowscape|[upkeep]
|upkeep
|turn|12
|
|t:|1743809532
|move|p1a: Cinderace|Pyro Ball|p2a: Ninetales
|-supereffective|p2a: Ninetales
|-damage|p2a: Ninetales|0 fnt
|faint|p2a: Ninetales
|
|-weather|Snowscape|[upkeep]
|upkeep
|
|t:|1743809540
|switch|p2a: Empoleon|Empoleon, M|100/100
|turn|13
|
|t:|1743809544
|move|p1a: Cinderace|Court Change|p1a: Cinderace
|-start|p1a: Cinderace|typechange|Normal|[from] ability: Libero
|-swapsideconditions
|-activate|p1a: Cinderace|move: Court Change
|move|p2a: Empoleon|Agility|p2a: Empoleon
|-boost|p2a: Empoleon|spe|2
|
|-weather|Snowscape|[upkeep]
|upkeep
|turn|14
|
|t:|1743809556
|move|p2a: Empoleon|Surf|p1a: Cinderace
|-damage|p1a: Cinderace|41/100
|move|p1a: Cinderace|U-turn|p2a: Empoleon
|-resisted|p2a: Empoleon
|-damage|p2a: Empoleon|87/100
|
|t:|1743809564
|switch|p1a: Alomomola|Alomomola, M|63/100|[from] U-turn
|
|-weather|Snowscape|[upkeep]
|upkeep
|turn|15
|
|t:|1743809571
|move|p2a: Empoleon|Surf|p1a: Alomomola
|-resisted|p1a: Alomomola
|-damage|p1a: Alomomola|38/100
|move|p1a: Alomomola|Flip Turn|p2a: Empoleon
|-resisted|p2a: Empoleon
|-damage|p2a: Empoleon|78/100
|
|t:|1743809579
|switch|p1a: Ting-Lu|Ting-Lu|100/100|[from] Flip Turn
|-ability|p1a: Ting-Lu|Vessel of Ruin
|
|-weather|none
|upkeep
|turn|16
|
|t:|1743809586
|move|p2a: Empoleon|Surf|p1a: Ting-Lu
|-supereffective|p1a: Ting-Lu
|-damage|p1a: Ting-Lu|65/100
|move|p1a: Ting-Lu|Earthquake|p2a: Empoleon
|-supereffective|p2a: Empoleon
|-damage|p2a: Empoleon|0 fnt
|faint|p2a: Empoleon
|
|-heal|p1a: Ting-Lu|71/100|[from] item: Leftovers
|upkeep
|
|t:|1743809593
|switch|p2a: Great Tusk|Great Tusk|49/100 brn
|-damage|p2a: Great Tusk|46/100 brn|[from] Stealth Rock
|turn|17
|-message|animebabesscareme forfeited.
|
|win|IASASAY
|raw|IASASAY's rating: 1254 &rarr; <strong>1283</strong><br />(+29 for winning)
|raw|animebabesscareme's rating: 1305 &rarr; <strong>1282</strong><br />(-23 for losing)
|l|☆animebabesscareme
|player|p2|
