|j|☆henryzx900ruly
|j|☆kb0911
|t:|1743901680
|gametype|singles
|player|p1|henryzx900ruly|sabrina|1241
|player|p2|kb0911|unknown|1213
|teamsize|p1|6
|teamsize|p2|6
|gen|9
|tier|[Gen 9] OU
|rated|
|rule|HP Percentage Mod: HP is shown in percentages
|rule|Endless Battle Clause: Forcing endless battles is banned
|rule|Species Clause: Limit one of each Pokémon
|rule|OHKO Clause: OHKO moves are banned
|rule|Evasion Items Clause: Evasion items are banned
|rule|Evasion Moves Clause: Evasion moves are banned
|rule|Sleep Moves Clause: Sleep-inducing moves are banned
|clearpoke
|poke|p1|Toucannon, F|
|poke|p1|Dragonite, M|
|poke|p1|Enamorus, F|
|poke|p1|Iron Treads|
|poke|p1|Kingambit, F|
|poke|p1|Gholdengo|
|poke|p2|Maushold|
|poke|p2|Mimikyu, F|
|poke|p2|Meowscarada, M|
|poke|p2|Kingambit, F|
|poke|p2|Heatran, M|
|poke|p2|Primarina, M|
|teampreview
|inactive|Battle timer is ON: inactive players will automatically lose when time's up. (requested by henryzx900ruly)
|
|t:|1743901695
|start
|switch|p1a: assault vest|Toucannon, F|100/100
|switch|p2a: Meowscarada|Meowscarada, M|100/100
|turn|1
|
|t:|1743901716
|switch|p2a: Heatran|Heatran, M|100/100
|-item|p2a: Heatran|Air Balloon
|-singleturn|p1a: assault vest|move: Beak Blast
|move|p1a: assault vest|Beak Blast|p2a: Heatran
|-resisted|p2a: Heatran
|-damage|p2a: Heatran|83/100
|-enditem|p2a: Heatran|Air Balloon
|
|upkeep
|turn|2
|
|t:|1743901728
|switch|p1a: boots 1|Iron Treads, shiny|100/100
|-enditem|p1a: boots 1|Booster Energy
|-activate|p1a: boots 1|ability: Quark Drive|[fromitem]
|-start|p1a: boots 1|quarkdrivespe
|move|p2a: Heatran|Magma Storm|p1a: boots 1
|-supereffective|p1a: boots 1
|-damage|p1a: boots 1|0 fnt
|faint|p1a: boots 1
|-end|p1a: boots 1|Quark Drive|[silent]
|
|upkeep
|
|t:|1743901740
|switch|p1a: leftovers 1|Dragonite, M|100/100
|turn|3
|c|☆henryzx900ruly|252+ Atk Dragonite Earthquake (100 BP) vs. 0 HP / 0 Def Heatran: 468-552 (144.8 - 170.8%) -- guaranteed OHKO
|
|t:|1743901756
|-terastallize|p2a: Heatran|Flying
|move|p1a: leftovers 1|Earthquake|p2a: Heatran
|-immune|p2a: Heatran
|move|p2a: Heatran|Magma Storm|p1a: leftovers 1
|-resisted|p1a: leftovers 1
|-damage|p1a: leftovers 1|89/100
|-activate|p1a: leftovers 1|move: Magma Storm|[of] p2a: Heatran
|
|-damage|p1a: leftovers 1|77/100|[from] move: Magma Storm|[partiallytrapped]
|upkeep
|turn|4
|
|t:|1743901770
|move|p2a: Heatran|Protect|p2a: Heatran
|-singleturn|p2a: Heatran|Protect
|move|p1a: leftovers 1|Dragon Dance|p1a: leftovers 1
|-boost|p1a: leftovers 1|atk|1
|-boost|p1a: leftovers 1|spe|1
|
|-damage|p1a: leftovers 1|65/100|[from] move: Magma Storm|[partiallytrapped]
|upkeep
|turn|5
|
|t:|1743901784
|move|p1a: leftovers 1|Extreme Speed|p2a: Heatran
|-damage|p2a: Heatran|53/100
|move|p2a: Heatran|Flash Cannon|p1a: leftovers 1
|-damage|p1a: leftovers 1|28/100
|-unboost|p1a: leftovers 1|spd|1
|
|-damage|p1a: leftovers 1|16/100|[from] move: Magma Storm|[partiallytrapped]
|upkeep
|turn|6
|
|t:|1743901794
|move|p2a: Heatran|Protect|p2a: Heatran
|-singleturn|p2a: Heatran|Protect
|move|p1a: leftovers 1|Extreme Speed|p2a: Heatran
|-activate|p2a: Heatran|move: Protect
|
|-damage|p1a: leftovers 1|4/100|[from] move: Magma Storm|[partiallytrapped]
|upkeep
|turn|7
|
|t:|1743901805
|move|p1a: leftovers 1|Extreme Speed|p2a: Heatran
|-damage|p2a: Heatran|22/100
|move|p2a: Heatran|Flash Cannon|p1a: leftovers 1
|-damage|p1a: leftovers 1|0 fnt
|faint|p1a: leftovers 1
|
|upkeep
|
|t:|1743901814
|switch|p1a: specs|Enamorus, F|100/100
|turn|8
|
|t:|1743901827
|-terastallize|p1a: specs|Stellar
|move|p1a: specs|Tera Blast|p2a: Heatran|[anim] Tera Blast Stellar
|-supereffective|p2a: Heatran
|-damage|p2a: Heatran|0 fnt
|-boost|p1a: specs|atk|1
|-boost|p1a: specs|spa|1
|faint|p2a: Heatran
|
|upkeep
|inactive|kb0911 has 120 seconds left.
|
|t:|1743901855
|switch|p2a: Primarina|Primarina, M|100/100
|turn|9
|
|t:|1743901871
|move|p1a: specs|Tera Blast|p2a: Primarina|[anim] Tera Blast Stellar
|-damage|p2a: Primarina|47/100
|-boost|p1a: specs|atk|1
|-boost|p1a: specs|spa|1
|move|p2a: Primarina|Moonblast|p1a: specs
|-damage|p1a: specs|34/100
|
|upkeep
|turn|10
|
|t:|1743901881
|move|p1a: specs|Tera Blast|p2a: Primarina|[anim] Tera Blast Stellar
|-damage|p2a: Primarina|0 fnt
|-boost|p1a: specs|atk|1
|-boost|p1a: specs|spa|1
|faint|p2a: Primarina
|
|upkeep
|inactive|kb0911 has 120 seconds left.
|
|t:|1743901897
|switch|p2a: Mimikyu|Mimikyu, F|100/100
|turn|11
|inactive|kb0911 has 120 seconds left.
|
|t:|1743901905
|move|p1a: specs|Tera Blast|p2a: Mimikyu|[anim] Tera Blast Stellar
|-activate|p2a: Mimikyu|ability: Disguise
|-damage|p2a: Mimikyu|100/100
|-boost|p1a: specs|atk|1
|-boost|p1a: specs|spa|1
|detailschange|p2a: Mimikyu|Mimikyu-Busted, F
|-damage|p2a: Mimikyu|88/100|[from] pokemon: Mimikyu-Busted
|move|p2a: Mimikyu|Shadow Claw|p1a: specs
|-damage|p1a: specs|0 fnt
|faint|p1a: specs
|
|upkeep
|
|t:|1743901909
|switch|p1a: assault vest|Toucannon, F|100/100
|turn|12
|inactive|kb0911 has 120 seconds left.
|
|t:|1743901932
|move|p2a: Mimikyu|Play Rough|p1a: assault vest
|-damage|p1a: assault vest|47/100
|move|p1a: assault vest|Gunk Shot|p2a: Mimikyu
|-damage|p2a: Mimikyu|2/100
|
|upkeep
|turn|13
|inactive|kb0911 has 120 seconds left.
|
|t:|1743901939
|-singleturn|p1a: assault vest|move: Beak Blast
|move|p2a: Mimikyu|Play Rough|p1a: assault vest|[miss]
|-miss|p2a: Mimikyu|p1a: assault vest
|move|p1a: assault vest|Beak Blast|p2a: Mimikyu
|-damage|p2a: Mimikyu|0 fnt
|faint|p2a: Mimikyu
|
|upkeep
|inactive|kb0911 has 120 seconds left.
|
|t:|1743901953
|switch|p2a: Maushold|Maushold|100/100
|turn|14
|inactive|kb0911 has 120 seconds left.
|
|t:|1743901960
|-singleturn|p1a: assault vest|move: Beak Blast
|move|p2a: Maushold|Population Bomb|p1a: assault vest
|-damage|p1a: assault vest|30/100
|-status|p2a: Maushold|brn
|-damage|p1a: assault vest|22/100
|-damage|p1a: assault vest|14/100
|-damage|p1a: assault vest|6/100
|-damage|p1a: assault vest|0 fnt
|faint|p1a: assault vest
|-hitcount|p1: assault vest|5
|
|-damage|p2a: Maushold|94/100 brn|[from] brn
|upkeep
|
|t:|1743901971
|switch|p1a: Air Balloon|Gholdengo|100/100
|-item|p1a: Air Balloon|Air Balloon
|turn|15
|inactive|kb0911 has 120 seconds left.
|
|t:|1743902005
|move|p2a: Maushold|U-turn|p1a: Air Balloon
|-resisted|p1a: Air Balloon
|-damage|p1a: Air Balloon|98/100
|-enditem|p1a: Air Balloon|Air Balloon
|
|t:|1743902020
|switch|p2a: Kingambit|Kingambit, F|100/100|[from] U-turn
|-activate|p2a: Kingambit|ability: Supreme Overlord
|-start|p2a: Kingambit|fallen3|[silent]
|move|p1a: Air Balloon|Make It Rain|p2a: Kingambit
|-resisted|p2a: Kingambit
|-damage|p2a: Kingambit|63/100
|-unboost|p1a: Air Balloon|spa|1
|
|-heal|p2a: Kingambit|69/100|[from] item: Leftovers
|upkeep
|turn|16
|inactive|kb0911 has 90 seconds left.
|
|t:|1743902045
|-end|p2a: Kingambit|fallen3|[silent]
|switch|p2a: Meowscarada|Meowscarada, M|100/100
|move|p1a: Air Balloon|Make It Rain|p2a: Meowscarada
|-damage|p2a: Meowscarada|30/100
|-unboost|p1a: Air Balloon|spa|1
|
|upkeep
|turn|17
|
|t:|1743902054
|move|p2a: Meowscarada|Knock Off|p1a: Air Balloon
|-start|p2a: Meowscarada|typechange|Dark|[from] ability: Protean
|-supereffective|p1a: Air Balloon
|-damage|p1a: Air Balloon|18/100
|move|p1a: Air Balloon|Make It Rain|p2a: Meowscarada
|-damage|p2a: Meowscarada|0 fnt
|-unboost|p1a: Air Balloon|spa|1
|faint|p2a: Meowscarada
|
|upkeep
|
|t:|1743902062
|switch|p2a: Kingambit|Kingambit, F|69/100
|-activate|p2a: Kingambit|ability: Supreme Overlord
|-start|p2a: Kingambit|fallen4|[silent]
|turn|18
|
|t:|1743902067
|move|p2a: Kingambit|Sucker Punch|p1a: Air Balloon
|-supereffective|p1a: Air Balloon
|-damage|p1a: Air Balloon|0 fnt
|faint|p1a: Air Balloon
|
|-heal|p2a: Kingambit|75/100|[from] item: Leftovers
|upkeep
|
|t:|1743902070
|switch|p1a: boots 2|Kingambit, F|100/100
|-activate|p1a: boots 2|ability: Supreme Overlord
|-start|p1a: boots 2|fallen5|[silent]
|turn|19
|
|t:|1743902081
|-end|p2a: Kingambit|fallen4|[silent]
|switch|p2a: Maushold|Maushold|94/100 brn
|move|p1a: boots 2|Swords Dance|p1a: boots 2
|-boost|p1a: boots 2|atk|2
|
|-damage|p2a: Maushold|88/100 brn|[from] brn
|upkeep
|turn|20
|
|t:|1743902093
|move|p2a: Maushold|Encore|p1a: boots 2
|-start|p1a: boots 2|Encore
|move|p1a: boots 2|Swords Dance|p1a: boots 2
|-boost|p1a: boots 2|atk|2
|
|-damage|p2a: Maushold|82/100 brn|[from] brn
|upkeep
|turn|21
|
|t:|1743902102
|move|p2a: Maushold|Population Bomb|p1a: boots 2
|-resisted|p1a: boots 2
|-damage|p1a: boots 2|99/100
|-resisted|p1a: boots 2
|-damage|p1a: boots 2|97/100
|-resisted|p1a: boots 2
|-damage|p1a: boots 2|95/100
|-resisted|p1a: boots 2
|-damage|p1a: boots 2|93/100
|-resisted|p1a: boots 2
|-damage|p1a: boots 2|92/100
|-resisted|p1a: boots 2
|-damage|p1a: boots 2|89/100
|-resisted|p1a: boots 2
|-damage|p1a: boots 2|87/100
|-resisted|p1a: boots 2
|-damage|p1a: boots 2|86/100
|-resisted|p1a: boots 2
|-damage|p1a: boots 2|84/100
|-resisted|p1a: boots 2
|-damage|p1a: boots 2|82/100
|-hitcount|p1a: boots 2|10
|move|p1a: boots 2|Swords Dance|p1a: boots 2
|-boost|p1a: boots 2|atk|2
|
|-damage|p2a: Maushold|76/100 brn|[from] brn
|upkeep
|turn|22
|
|t:|1743902108
|switch|p2a: Kingambit|Kingambit, F|75/100
|-activate|p2a: Kingambit|ability: Supreme Overlord
|-start|p2a: Kingambit|fallen4|[silent]
|move|p1a: boots 2|Swords Dance|p1a: boots 2
|-boost|p1a: boots 2|atk|0
|
|-heal|p2a: Kingambit|81/100|[from] item: Leftovers
|-end|p1a: boots 2|Encore
|upkeep
|turn|23
|
|t:|1743902119
|-end|p2a: Kingambit|fallen4|[silent]
|switch|p2a: Maushold|Maushold|76/100 brn
|move|p1a: boots 2|Kowtow Cleave|p2a: Maushold
|-crit|p2a: Maushold
|-damage|p2a: Maushold|0 fnt
|faint|p2a: Maushold
|
|upkeep
|
|t:|1743902123
|switch|p2a: Kingambit|Kingambit, F|81/100
|-activate|p2a: Kingambit|ability: Supreme Overlord
|-start|p2a: Kingambit|fallen5|[silent]
|turn|24
|
|t:|1743902128
|move|p2a: Kingambit|Swords Dance|p2a: Kingambit
|-boost|p2a: Kingambit|atk|2
|move|p1a: boots 2|Kowtow Cleave|p2a: Kingambit
|-resisted|p2a: Kingambit
|-damage|p2a: Kingambit|0 fnt
|faint|p2a: Kingambit
|-end|p2a: Kingambit|fallen5|[silent]
|
|win|henryzx900ruly
|raw|henryzx900ruly's rating: 1241 &rarr; <strong>1264</strong><br />(+23 for winning)
|raw|kb0911's rating: 1213 &rarr; <strong>1190</strong><br />(-23 for losing)
|c|☆henryzx900ruly|ngl
|c|☆henryzx900ruly|that switch
|l|☆kb0911
|player|p2|
|c|☆henryzx900ruly|lost u the game
