|j|☆An!elt0n D
|j|☆scarlettisafk
|t:|1743785777
|gametype|singles
|player|p1|An!elt0n D|rocketgrunt|1248
|player|p2|scarlettisafk|cynthia-gen7|1177
|teamsize|p1|6
|teamsize|p2|6
|gen|9
|tier|[Gen 9] OU
|rated|
|rule|HP Percentage Mod: HP is shown in percentages
|rule|Endless Battle Clause: Forcing endless battles is banned
|rule|Species Clause: Limit one of each Pokémon
|rule|OHKO Clause: OHKO moves are banned
|rule|Evasion Items Clause: Evasion items are banned
|rule|Evasion Moves Clause: Evasion moves are banned
|rule|Sleep Moves Clause: Sleep-inducing moves are banned
|clearpoke
|poke|p1|Iron Treads|
|poke|p1|Cloyster, M|
|poke|p1|Garchomp, M|
|poke|p1|Glimmora, F|
|poke|p1|Garganacl, M|
|poke|p1|Mimikyu, M|
|poke|p2|Weezing-Galar, M|
|poke|p2|Torracat, M|
|poke|p2|Iron Valiant|
|poke|p2|Hawlucha, M|
|poke|p2|Raging Bolt|
|poke|p2|Kingambit, M|
|teampreview
|inactive|Battle timer is ON: inactive players will automatically lose when time's up. (requested by scarlettisafk)
|
|t:|1743785781
|start
|switch|p1a: Toxic friend|Glimmora, F, shiny|100/100
|switch|p2a: Weezing|Weezing-Galar, M|100/100
|-fieldstart|move: Misty Terrain|[from] ability: Misty Surge|[of] p2a: Weezing
|turn|1
|
|t:|1743785790
|switch|p2a: Hawlucha|Hawlucha, M|100/100
|-enditem|p2a: Hawlucha|Misty Seed
|-boost|p2a: Hawlucha|spd|1|[from] item: Misty Seed
|move|p1a: Toxic friend|Stealth Rock|p2a: Hawlucha
|-sidestart|p2: scarlettisafk|move: Stealth Rock
|
|upkeep
|turn|2
|
|t:|1743785797
|move|p2a: Hawlucha|Substitute|p2a: Hawlucha
|-start|p2a: Hawlucha|Substitute
|-damage|p2a: Hawlucha|76/100
|move|p1a: Toxic friend|Sludge Bomb|p2a: Hawlucha
|-end|p2a: Hawlucha|Substitute
|
|upkeep
|turn|3
|
|t:|1743785807
|move|p2a: Hawlucha|Swords Dance|p2a: Hawlucha
|-boost|p2a: Hawlucha|atk|2
|move|p1a: Toxic friend|Sludge Bomb|p2a: Hawlucha
|-damage|p2a: Hawlucha|33/100
|-status|p2a: Hawlucha|psn
|
|-damage|p2a: Hawlucha|20/100 psn|[from] psn
|upkeep
|turn|4
|
|t:|1743785816
|move|p2a: Hawlucha|Close Combat|p1a: Toxic friend
|-enditem|p1a: Toxic friend|Focus Sash
|-damage|p1a: Toxic friend|1/100
|-unboost|p2a: Hawlucha|def|1
|-unboost|p2a: Hawlucha|spd|1
|-activate|p1a: Toxic friend|ability: Toxic Debris
|-sidestart|p2: scarlettisafk|move: Toxic Spikes
|move|p1a: Toxic friend|Earth Power|p2a: Hawlucha
|-immune|p2a: Hawlucha
|
|-damage|p2a: Hawlucha|8/100 psn|[from] psn
|upkeep
|turn|5
|
|t:|1743785829
|move|p2a: Hawlucha|Acrobatics|p1a: Toxic friend
|-resisted|p1a: Toxic friend
|-damage|p1a: Toxic friend|0 fnt
|-activate|p1a: Toxic friend|ability: Toxic Debris
|-sidestart|p2: scarlettisafk|move: Toxic Spikes
|faint|p1a: Toxic friend
|
|-damage|p2a: Hawlucha|0 fnt|[from] psn
|faint|p2a: Hawlucha
|upkeep
|
|t:|1743785839
|switch|p2a: Weezing|Weezing-Galar, M|100/100
|switch|p1a: Ugly thing|Iron Treads, shiny|100/100
|-damage|p2a: Weezing|88/100|[from] Stealth Rock
|-sideend|p2: scarlettisafk|move: Toxic Spikes|[of] p2a: Weezing
|-enditem|p1a: Ugly thing|Booster Energy
|-activate|p1a: Ugly thing|ability: Quark Drive|[fromitem]
|-start|p1a: Ugly thing|quarkdrivespe
|turn|6
|inactive|scarlettisafk has 120 seconds left.
|
|t:|1743785871
|switch|p2a: Gojo Satoru|Kingambit, M, shiny|100/100
|-damage|p2a: Gojo Satoru|94/100|[from] Stealth Rock
|move|p1a: Ugly thing|Earthquake|p2a: Gojo Satoru
|-supereffective|p2a: Gojo Satoru
|-damage|p2a: Gojo Satoru|27/100
|
|upkeep
|turn|7
|inactive|scarlettisafk has 120 seconds left.
|
|t:|1743785882
|-terastallize|p2a: Gojo Satoru|Flying
|move|p2a: Gojo Satoru|Sucker Punch|p1a: Ugly thing
|-damage|p1a: Ugly thing|58/100
|move|p1a: Ugly thing|Earthquake|p2a: Gojo Satoru
|-immune|p2a: Gojo Satoru
|
|upkeep
|turn|8
|
|t:|1743785891
|move|p2a: Gojo Satoru|Sucker Punch|p1a: Ugly thing
|-damage|p1a: Ugly thing|15/100
|move|p1a: Ugly thing|Ice Spinner|p2a: Gojo Satoru
|-supereffective|p2a: Gojo Satoru
|-damage|p2a: Gojo Satoru|0 fnt
|-fieldend|Misty Terrain
|faint|p2a: Gojo Satoru
|
|upkeep
|
|t:|1743785896
|switch|p2a: Iron Valiant|Iron Valiant, shiny|100/100
|-damage|p2a: Iron Valiant|94/100|[from] Stealth Rock
|-enditem|p2a: Iron Valiant|Booster Energy
|-activate|p2a: Iron Valiant|ability: Quark Drive|[fromitem]
|-start|p2a: Iron Valiant|quarkdrivespe
|turn|9
|
|t:|1743785900
|move|p2a: Iron Valiant|Moonblast|p1a: Ugly thing
|-resisted|p1a: Ugly thing
|-damage|p1a: Ugly thing|0 fnt
|faint|p1a: Ugly thing
|-end|p1a: Ugly thing|Quark Drive|[silent]
|
|upkeep
|
|t:|1743785904
|switch|p1a: Sodium|Garganacl, M, shiny|100/100
|turn|10
|inactive|scarlettisafk has 120 seconds left.
|
|t:|1743785936
|-terastallize|p1a: Sodium|Ghost
|move|p2a: Iron Valiant|Aura Sphere|p1a: Sodium
|-immune|p1a: Sodium
|move|p1a: Sodium|Salt Cure|p2a: Iron Valiant
|-resisted|p2a: Iron Valiant
|-damage|p2a: Iron Valiant|86/100
|-start|p2a: Iron Valiant|Salt Cure
|
|-damage|p2a: Iron Valiant|74/100|[from] Salt Cure
|upkeep
|turn|11
|inactive|scarlettisafk has 120 seconds left.
|
|t:|1743785948
|-end|p2a: Iron Valiant|Quark Drive|[silent]
|switch|p2a: Raging Bolt|Raging Bolt|100/100
|-damage|p2a: Raging Bolt|88/100|[from] Stealth Rock
|-enditem|p2a: Raging Bolt|Booster Energy
|-activate|p2a: Raging Bolt|ability: Protosynthesis|[fromitem]
|-start|p2a: Raging Bolt|protosynthesisspa
|move|p1a: Sodium|Substitute|p1a: Sodium
|-start|p1a: Sodium|Substitute
|-damage|p1a: Sodium|76/100
|
|-heal|p1a: Sodium|82/100|[from] item: Leftovers
|upkeep
|turn|12
|
|t:|1743785956
|move|p2a: Raging Bolt|Thunderbolt|p1a: Sodium
|-end|p1a: Sodium|Substitute
|move|p1a: Sodium|Salt Cure|p2a: Raging Bolt
|-damage|p2a: Raging Bolt|76/100
|-start|p2a: Raging Bolt|Salt Cure
|
|-heal|p1a: Sodium|88/100|[from] item: Leftovers
|-damage|p2a: Raging Bolt|64/100|[from] Salt Cure
|upkeep
|turn|13
|
|t:|1743785967
|move|p1a: Sodium|Protect|p1a: Sodium
|-singleturn|p1a: Sodium|Protect
|move|p2a: Raging Bolt|Thunderbolt|p1a: Sodium
|-activate|p1a: Sodium|move: Protect
|
|-heal|p1a: Sodium|94/100|[from] item: Leftovers
|-damage|p2a: Raging Bolt|51/100|[from] Salt Cure
|upkeep
|turn|14
|
|t:|1743785986
|switch|p1a: The Garchomp|Garchomp, M, shiny|100/100
|move|p2a: Raging Bolt|Dragon Pulse|p1a: The Garchomp
|-supereffective|p1a: The Garchomp
|-damage|p1a: The Garchomp|0 fnt
|faint|p1a: The Garchomp
|
|-damage|p2a: Raging Bolt|39/100|[from] Salt Cure
|upkeep
|c|☆scarlettisafk|like a book
|
|t:|1743785993
|switch|p1a: Sodium|Garganacl, M, shiny, tera:Ghost|94/100
|turn|15
|
|t:|1743786003
|move|p1a: Sodium|Protect|p1a: Sodium
|-singleturn|p1a: Sodium|Protect
|move|p2a: Raging Bolt|Dragon Pulse|p1a: Sodium
|-activate|p1a: Sodium|move: Protect
|
|-heal|p1a: Sodium|99/100|[from] item: Leftovers
|-damage|p2a: Raging Bolt|27/100|[from] Salt Cure
|upkeep
|turn|16
|
|t:|1743786026
|move|p2a: Raging Bolt|Dragon Pulse|p1a: Sodium
|-damage|p1a: Sodium|47/100
|move|p1a: Sodium|Recover|p1a: Sodium
|-heal|p1a: Sodium|97/100
|
|-heal|p1a: Sodium|100/100|[from] item: Leftovers
|-damage|p2a: Raging Bolt|15/100|[from] Salt Cure
|upkeep
|turn|17
|
|t:|1743786035
|move|p1a: Sodium|Protect|p1a: Sodium
|-singleturn|p1a: Sodium|Protect
|move|p2a: Raging Bolt|Dragon Pulse|p1a: Sodium
|-activate|p1a: Sodium|move: Protect
|
|-damage|p2a: Raging Bolt|2/100|[from] Salt Cure
|upkeep
|turn|18
|
|t:|1743786041
|move|p2a: Raging Bolt|Dragon Pulse|p1a: Sodium
|-damage|p1a: Sodium|44/100
|move|p1a: Sodium|Substitute|p1a: Sodium
|-start|p1a: Sodium|Substitute
|-damage|p1a: Sodium|19/100
|
|-heal|p1a: Sodium|25/100|[from] item: Leftovers
|-damage|p2a: Raging Bolt|0 fnt|[from] Salt Cure
|faint|p2a: Raging Bolt
|-end|p2a: Raging Bolt|Protosynthesis|[silent]
|upkeep
|
|t:|1743786052
|switch|p2a: Iron Valiant|Iron Valiant, shiny|74/100
|-damage|p2a: Iron Valiant|67/100|[from] Stealth Rock
|turn|19
|
|t:|1743786055
|move|p2a: Iron Valiant|Moonblast|p1a: Sodium
|-end|p1a: Sodium|Substitute
|move|p1a: Sodium|Salt Cure|p2a: Iron Valiant
|-resisted|p2a: Iron Valiant
|-damage|p2a: Iron Valiant|58/100
|-start|p2a: Iron Valiant|Salt Cure
|
|-heal|p1a: Sodium|31/100|[from] item: Leftovers
|-damage|p2a: Iron Valiant|45/100|[from] Salt Cure
|upkeep
|turn|20
|
|t:|1743786060
|move|p1a: Sodium|Protect|p1a: Sodium
|-singleturn|p1a: Sodium|Protect
|move|p2a: Iron Valiant|Moonblast|p1a: Sodium
|-activate|p1a: Sodium|move: Protect
|
|-heal|p1a: Sodium|37/100|[from] item: Leftovers
|-damage|p2a: Iron Valiant|33/100|[from] Salt Cure
|upkeep
|turn|21
|
|t:|1743786073
|switch|p1a: Fakechu|Mimikyu, M|100/100
|move|p2a: Iron Valiant|Moonblast|p1a: Fakechu
|-activate|p1a: Fakechu|ability: Disguise
|-damage|p1a: Fakechu|100/100
|detailschange|p1a: Fakechu|Mimikyu-Busted, M
|-damage|p1a: Fakechu|88/100|[from] pokemon: Mimikyu-Busted
|
|-damage|p2a: Iron Valiant|21/100|[from] Salt Cure
|upkeep
|turn|22
|
|t:|1743786091
|move|p1a: Fakechu|Shadow Sneak|p2a: Iron Valiant
|-damage|p2a: Iron Valiant|0 fnt
|faint|p2a: Iron Valiant
|-end|p2a: Iron Valiant|Quark Drive|[silent]
|-damage|p1a: Fakechu|78/100|[from] item: Life Orb
|
|upkeep
|
|t:|1743786094
|switch|p2a: Torracat|Torracat, M, shiny|100/100
|-damage|p2a: Torracat|76/100|[from] Stealth Rock
|-ability|p2a: Torracat|Intimidate|boost
|-unboost|p1a: Fakechu|atk|1
|turn|23
|
|t:|1743786100
|move|p1a: Fakechu|Shadow Claw|p2a: Torracat
|-crit|p2a: Torracat
|-damage|p2a: Torracat|0 fnt
|faint|p2a: Torracat
|-damage|p1a: Fakechu|68/100|[from] item: Life Orb
|
|upkeep
|c|☆scarlettisafk|-1 252 Atk Life Orb Mimikyu-Busted Shadow Claw (70 BP) vs. 0 HP / 0 Def Eviolite Torracat: 90-107 (33.2 - 39.4%) -- 17.2% chance to 2HKO after Stealth Rock (90, 91, 91, 94, 94, 95, 97, 97, 99, 99, 101, 101, 103, 103, 105, 107)
|
|t:|1743786112
|switch|p2a: Weezing|Weezing-Galar, M|88/100
|-damage|p2a: Weezing|76/100|[from] Stealth Rock
|-fieldstart|move: Misty Terrain|[from] ability: Misty Surge|[of] p2a: Weezing
|turn|24
|
|t:|1743786116
|move|p1a: Fakechu|Shadow Claw|p2a: Weezing
|-damage|p2a: Weezing|49/100
|-damage|p1a: Fakechu|58/100|[from] item: Life Orb
|move|p2a: Weezing|Strange Steam|p1a: Fakechu
|-damage|p1a: Fakechu|10/100
|
|upkeep
|turn|25
|
|t:|1743786136
|move|p1a: Fakechu|Shadow Claw|p2a: Weezing
|-damage|p2a: Weezing|23/100
|-damage|p1a: Fakechu|0 fnt|[from] item: Life Orb
|faint|p1a: Fakechu
|move|p2a: Weezing|Strange Steam|p1: Fakechu|[notarget]
|-fail|p2a: Weezing
|
|upkeep
|
|t:|1743786146
|switch|p1a: Sodium|Garganacl, M, shiny, tera:Ghost|37/100
|turn|26
|
|t:|1743786160
|move|p2a: Weezing|Strange Steam|p1a: Sodium
|-damage|p1a: Sodium|6/100
|move|p1a: Sodium|Substitute|p1a: Sodium
|-fail|p1a: Sodium|move: Substitute|[weak]
|
|-heal|p1a: Sodium|12/100|[from] item: Leftovers
|upkeep
|turn|27
|
|t:|1743786166
|move|p1a: Sodium|Protect|p1a: Sodium
|-singleturn|p1a: Sodium|Protect
|move|p2a: Weezing|Strange Steam|p1a: Sodium
|-activate|p1a: Sodium|move: Protect
|
|-heal|p1a: Sodium|18/100|[from] item: Leftovers
|upkeep
|turn|28
|
|t:|1743786172
|move|p2a: Weezing|Strange Steam|p1a: Sodium
|-damage|p1a: Sodium|0 fnt
|faint|p1a: Sodium
|
|upkeep
|
|t:|1743786176
|switch|p1a: Hello :D|Cloyster, M, shiny|100/100
|turn|29
|
|t:|1743786181
|move|p1a: Hello :D|Icicle Spear|p2a: Weezing
|-damage|p2a: Weezing|12/100
|-damage|p2a: Weezing|0 fnt
|faint|p2a: Weezing
|-hitcount|p2: Weezing|2
|
|win|An!elt0n D
|raw|An!elt0n D's rating: 1248 &rarr; <strong>1268</strong><br />(+20 for winning)
|raw|scarlettisafk's rating: 1177 &rarr; <strong>1157</strong><br />(-20 for losing)
|l|☆scarlettisafk
|player|p2|
|l|☆An!elt0n D
|player|p1|
|j|☆scarlettisafk
|player|p2|scarlettisafk|cynthia-gen7|
|l|☆scarlettisafk
|player|p2|
