|j|☆kldkmd
|j|☆Quintesshou
|t:|1743918385
|gametype|singles
|player|p1|kldkmd|dawn-gen4pt|1184
|player|p2|Quintesshou|clerkf|1142
|teamsize|p1|6
|teamsize|p2|6
|gen|9
|tier|[Gen 9] OU
|rated|
|rule|HP Percentage Mod: HP is shown in percentages
|rule|Endless Battle Clause: Forcing endless battles is banned
|rule|Species Clause: Limit one of each Pokémon
|rule|OHKO Clause: OHKO moves are banned
|rule|Evasion Items Clause: Evasion items are banned
|rule|Evasion Moves Clause: Evasion moves are banned
|rule|Sleep Moves Clause: Sleep-inducing moves are banned
|clearpoke
|poke|p1|Pelipper, F|
|poke|p1|Barraskewda, F|
|poke|p1|Greninja-*, M|
|poke|p1|Goodra-Hisui, F|
|poke|p1|Gastrodon-East, F|
|poke|p1|Weezing-Galar, M|
|poke|p2|Ninetales-Alola, F|
|poke|p2|Frosmoth, F|
|poke|p2|Cetitan, F|
|poke|p2|Glaceon, F|
|poke|p2|Dewgong, F|
|poke|p2|Abomasnow, F|
|teampreview
|inactive|Battle timer is ON: inactive players will automatically lose when time's up. (requested by Quintesshou)
|c|☆kldkmd|wow
|c|☆Quintesshou|hii
|c|☆Quintesshou|let's have a nice one
|inactive|kldkmd has 120 seconds left.
|c|☆kldkmd|OK
|inactive|kldkmd has 90 seconds left.
|
|t:|1743918445
|start
|switch|p1a: 3|Weezing-Galar, M|100/100
|switch|p2a: Shivver|Glaceon, F, shiny|100/100
|turn|1
|
|t:|1743918455
|-terastallize|p2a: Shivver|Ground
|move|p2a: Shivver|Tera Blast|p1a: 3|[anim] Tera Blast Ground
|-immune|p1a: 3|[from] ability: Levitate
|move|p1a: 3|Toxic|p2a: Shivver
|-status|p2a: Shivver|tox
|
|-damage|p2a: Shivver|94/100 tox|[from] psn
|upkeep
|turn|2
|
|t:|1743918470
|switch|p2a: Bubblefreeze|Dewgong, F, shiny|100/100
|move|p1a: 3|Dazzling Gleam|p2a: Bubblefreeze
|-damage|p2a: Bubblefreeze|80/100
|
|upkeep
|turn|3
|
|t:|1743918480
|switch|p1a: 4+|Gastrodon-East, F|100/100
|move|p2a: Bubblefreeze|Whirlpool|p1a: 4+
|-ability|p1a: 4+|Storm Drain|boost
|-boost|p1a: 4+|spa|1
|
|upkeep
|turn|4
|
|t:|1743918492
|move|p2a: Bubblefreeze|Protect|p2a: Bubblefreeze
|-singleturn|p2a: Bubblefreeze|Protect
|move|p1a: 4+|Protect||[still]
|-fail|p1a: 4+
|
|upkeep
|turn|5
|
|t:|1743918498
|move|p2a: Bubblefreeze|Encore|p1a: 4+
|-start|p1a: 4+|Encore
|move|p1a: 4+|Protect||[still]
|-fail|p1a: 4+
|
|upkeep
|turn|6
|
|t:|1743918502
|move|p1a: 4+|Protect|p1a: 4+
|-singleturn|p1a: 4+|Protect
|move|p2a: Bubblefreeze|Disable|p1a: 4+
|-activate|p1a: 4+|move: Protect
|
|upkeep
|turn|7
|
|t:|1743918530
|switch|p1a: 27.-|Barraskewda, F|100/100
|move|p2a: Bubblefreeze|Disable||[still]
|-fail|p2a: Bubblefreeze
|
|upkeep
|turn|8
|
|t:|1743918541
|move|p2a: Bubblefreeze|Protect|p2a: Bubblefreeze
|-singleturn|p2a: Bubblefreeze|Protect
|move|p1a: 27.-|Close Combat|p2a: Bubblefreeze
|-activate|p2a: Bubblefreeze|move: Protect
|
|upkeep
|turn|9
|inactive|kldkmd has 120 seconds left.
|
|t:|1743918575
|move|p1a: 27.-|Close Combat|p2a: Bubblefreeze
|-supereffective|p2a: Bubblefreeze
|-damage|p2a: Bubblefreeze|0 fnt
|-unboost|p1a: 27.-|def|1
|-unboost|p1a: 27.-|spd|1
|faint|p2a: Bubblefreeze
|
|upkeep
|
|t:|1743918584
|switch|p2a: Shivver|Glaceon, F, shiny, tera:Ground|94/100 tox
|turn|10
|inactive|kldkmd has 120 seconds left.
|
|t:|1743918591
|switch|p1a: 3|Weezing-Galar, M|100/100
|move|p2a: Shivver|Freeze-Dry|p1a: 3
|-damage|p1a: 3|43/100
|
|-heal|p1a: 3|49/100|[from] item: Leftovers
|-damage|p2a: Shivver|88/100 tox|[from] psn
|upkeep
|turn|11
|inactive|kldkmd has 120 seconds left.
|
|t:|1743918604
|switch|p1a: 4+|Gastrodon-East, F|100/100
|move|p2a: Shivver|Freeze-Dry|p1a: 4+
|-supereffective|p1a: 4+
|-damage|p1a: 4+|0 fnt
|faint|p1a: 4+
|
|-damage|p2a: Shivver|75/100 tox|[from] psn
|upkeep
|inactive|kldkmd has 120 seconds left.
|inactive|kldkmd has 90 seconds left.
|
|t:|1743918650
|switch|p1a: 27.-|Barraskewda, F|100/100
|turn|12
|
|t:|1743918653
|move|p1a: 27.-|Flip Turn|p2a: Shivver
|-supereffective|p2a: Shivver
|-damage|p2a: Shivver|0 fnt
|faint|p2a: Shivver
|inactive|kldkmd has 90 seconds left.
|
|t:|1743918667
|switch|p1a: 42|Goodra-Hisui, F|100/100|[from] Flip Turn
|
|upkeep
|
|t:|1743918672
|switch|p2a: Snowbelle|Ninetales-Alola, F, shiny|100/100
|-weather|Snowscape|[from] ability: Snow Warning|[of] p2a: Snowbelle
|turn|13
|
|t:|1743918676
|move|p2a: Snowbelle|Aurora Veil|p2a: Snowbelle
|-sidestart|p2: Quintesshou|move: Aurora Veil
|move|p1a: 42|Flash Cannon|p2a: Snowbelle
|-supereffective|p2a: Snowbelle
|-damage|p2a: Snowbelle|12/100
|
|-weather|Snowscape|[upkeep]
|upkeep
|turn|14
|
|t:|1743918702
|move|p2a: Snowbelle|Blizzard|p1a: 42
|-damage|p1a: 42|82/100
|move|p1a: 42|Flash Cannon|p2a: Snowbelle
|-supereffective|p2a: Snowbelle
|-damage|p2a: Snowbelle|0 fnt
|faint|p2a: Snowbelle
|
|-weather|Snowscape|[upkeep]
|upkeep
|
|t:|1743918710
|switch|p2a: Icebreaker|Cetitan, F, shiny|100/100
|turn|15
|
|t:|1743918717
|switch|p1a: 3|Weezing-Galar, M|49/100
|move|p2a: Icebreaker|Belly Drum|p2a: Icebreaker
|-damage|p2a: Icebreaker|50/100
|-setboost|p2a: Icebreaker|atk|6|[from] move: Belly Drum
|-enditem|p2a: Icebreaker|Sitrus Berry|[eat]
|-heal|p2a: Icebreaker|75/100|[from] item: Sitrus Berry
|
|-weather|Snowscape|[upkeep]
|-heal|p1a: 3|55/100|[from] item: Leftovers
|upkeep
|turn|16
|inactive|kldkmd has 120 seconds left.
|
|t:|1743918726
|move|p2a: Icebreaker|Earthquake|p1a: 3
|-immune|p1a: 3|[from] ability: Levitate
|move|p1a: 3|Defog|p2a: Icebreaker
|-unboost|p2a: Icebreaker|evasion|1
|-sideend|p2: Quintesshou|move: Aurora Veil
|
|-weather|Snowscape|[upkeep]
|-heal|p1a: 3|61/100|[from] item: Leftovers
|upkeep
|turn|17
|
|t:|1743918734
|move|p2a: Icebreaker|Knock Off|p1a: 3
|-resisted|p1a: 3
|-damage|p1a: 3|16/100
|-enditem|p1a: 3|Leftovers|[from] move: Knock Off|[of] p2a: Icebreaker
|move|p1a: 3|Will-O-Wisp|p2a: Icebreaker
|-status|p2a: Icebreaker|brn
|
|-weather|Snowscape|[upkeep]
|-damage|p2a: Icebreaker|69/100 brn|[from] brn
|upkeep
|turn|18
|
|t:|1743918743
|move|p2a: Icebreaker|Knock Off|p1a: 3
|-resisted|p1a: 3
|-damage|p1a: 3|2/100
|move|p1a: 3|Dazzling Gleam|p2a: Icebreaker
|-damage|p2a: Icebreaker|47/100 brn
|
|-weather|Snowscape|[upkeep]
|-damage|p2a: Icebreaker|41/100 brn|[from] brn
|upkeep
|turn|19
|
|t:|1743918750
|move|p2a: Icebreaker|Knock Off|p1a: 3
|-resisted|p1a: 3
|-damage|p1a: 3|0 fnt
|faint|p1a: 3
|
|-weather|Snowscape|[upkeep]
|-damage|p2a: Icebreaker|34/100 brn|[from] brn
|upkeep
|
|t:|1743918761
|switch|p1a: 27.-|Barraskewda, F|100/100
|turn|20
|
|t:|1743918776
|-terastallize|p1a: 27.-|Water
|move|p2a: Icebreaker|Knock Off|p1a: 27.-
|-damage|p1a: 27.-|0 fnt
|-enditem|p1a: 27.-|Choice Band|[from] move: Knock Off|[of] p2a: Icebreaker
|faint|p1a: 27.-
|
|-weather|none
|-damage|p2a: Icebreaker|28/100 brn|[from] brn
|upkeep
|
|t:|1743918786
|switch|p1a: 75|Greninja, M|100/100
|turn|21
|
|t:|1743918802
|move|p2a: Icebreaker|Knock Off|p1a: 75
|-resisted|p1a: 75
|-damage|p1a: 75|53/100
|-enditem|p1a: 75|Focus Sash|[from] move: Knock Off|[of] p2a: Icebreaker
|move|p1a: 75|Counter|p2a: Icebreaker
|-damage|p2a: Icebreaker|0 fnt
|faint|p2a: Icebreaker
|-ability|p1a: 75|Battle Bond|boost
|-boost|p1a: 75|atk|1
|-boost|p1a: 75|spa|1
|-boost|p1a: 75|spe|1
|-activate|p1a: 75|ability: Battle Bond
|
|upkeep
|
|t:|1743918812
|switch|p2a: SnowMommy|Abomasnow, F, shiny|100/100
|-weather|Snowscape|[from] ability: Snow Warning|[of] p2a: SnowMommy
|turn|22
|
|t:|1743918826
|move|p1a: 75|Dark Pulse|p2a: SnowMommy
|-damage|p2a: SnowMommy|42/100
|move|p2a: SnowMommy|Wood Hammer|p1a: 75
|-supereffective|p1a: 75
|-damage|p1a: 75|0 fnt
|faint|p1a: 75
|-damage|p2a: SnowMommy|29/100|[from] Recoil
|
|-weather|Snowscape|[upkeep]
|upkeep
|
|t:|1743918835
|switch|p1a: 13.|Pelipper, F|100/100
|-weather|RainDance|[from] ability: Drizzle|[of] p1a: 13.
|turn|23
|
|t:|1743918845
|move|p1a: 13.|Hurricane|p2a: SnowMommy
|-supereffective|p2a: SnowMommy
|-damage|p2a: SnowMommy|0 fnt
|faint|p2a: SnowMommy
|
|-weather|RainDance|[upkeep]
|upkeep
|
|t:|1743918850
|switch|p2a: Frostora|Frosmoth, F, shiny|100/100
|turn|24
|
|t:|1743918856
|move|p2a: Frostora|Quiver Dance|p2a: Frostora
|-boost|p2a: Frostora|spa|1
|-boost|p2a: Frostora|spd|1
|-boost|p2a: Frostora|spe|1
|move|p1a: 13.|Hurricane|p2a: Frostora
|-supereffective|p2a: Frostora
|-damage|p2a: Frostora|78/100
|
|-weather|RainDance|[upkeep]
|upkeep
|turn|25
|
|t:|1743918863
|move|p2a: Frostora|Quiver Dance|p2a: Frostora
|-boost|p2a: Frostora|spa|1
|-boost|p2a: Frostora|spd|1
|-boost|p2a: Frostora|spe|1
|move|p1a: 13.|Knock Off|p2a: Frostora
|-damage|p2a: Frostora|57/100
|-enditem|p2a: Frostora|Heavy-Duty Boots|[from] move: Knock Off|[of] p1a: 13.
|
|-weather|RainDance|[upkeep]
|upkeep
|turn|26
|
|t:|1743918871
|move|p2a: Frostora|Quiver Dance|p2a: Frostora
|-boost|p2a: Frostora|spa|1
|-boost|p2a: Frostora|spd|1
|-boost|p2a: Frostora|spe|1
|move|p1a: 13.|U-turn|p2a: Frostora
|-crit|p2a: Frostora
|-damage|p2a: Frostora|37/100
|
|t:|1743918873
|switch|p1a: 42|Goodra-Hisui, F|82/100|[from] U-turn
|
|-weather|RainDance|[upkeep]
|upkeep
|turn|27
|
|t:|1743918884
|move|p2a: Frostora|Blizzard|p1a: 42|[miss]
|-miss|p2a: Frostora|p1a: 42
|move|p1a: 42|Surf|p2a: Frostora
|-damage|p2a: Frostora|29/100
|
|-weather|RainDance|[upkeep]
|upkeep
|turn|28
|
|t:|1743918893
|move|p2a: Frostora|Blizzard|p1a: 42
|-damage|p1a: 42|32/100
|move|p1a: 42|Thunder|p2a: Frostora
|-damage|p2a: Frostora|23/100
|-status|p2a: Frostora|par
|
|-weather|RainDance|[upkeep]
|upkeep
|turn|29
|inactive|kldkmd has 120 seconds left.
|
|t:|1743918926
|move|p2a: Frostora|Blizzard|p1a: 42
|-damage|p1a: 42|0 fnt
|faint|p1a: 42
|
|-weather|RainDance|[upkeep]
|upkeep
|
|t:|1743918931
|switch|p1a: 13.|Pelipper, F|100/100
|turn|30
|
|t:|1743918938
|move|p2a: Frostora|Blizzard|p1a: 13.
|-damage|p1a: 13.|0 fnt
|faint|p1a: 13.
|
|win|Quintesshou
|raw|kldkmd's rating: 1184 &rarr; <strong>1156</strong><br />(-28 for losing)
|raw|Quintesshou's rating: 1142 &rarr; <strong>1170</strong><br />(+28 for winning)
|l|☆kldkmd
|player|p1|
|l|☆Quintesshou
|player|p2|
