|j|☆mamabama
|j|☆BanTwave77
|t:|1743924461
|gametype|singles
|player|p1|mamabama|brycenman|1518
|player|p2|BanTwave77|grimsley|1582
|teamsize|p1|6
|teamsize|p2|6
|gen|9
|tier|[Gen 9] OU
|rated|
|rule|HP Percentage Mod: HP is shown in percentages
|rule|Endless Battle Clause: Forcing endless battles is banned
|rule|Species Clause: Limit one of each Pokémon
|rule|OHKO Clause: OHKO moves are banned
|rule|Evasion Items Clause: Evasion items are banned
|rule|Evasion Moves Clause: Evasion moves are banned
|rule|Sleep Moves Clause: Sleep-inducing moves are banned
|clearpoke
|poke|p1|Cinderace, M|
|poke|p1|Meowscarada, F|
|poke|p1|Magnezone|
|poke|p1|Sandy Shocks|
|poke|p1|Gliscor, M|
|poke|p1|Slowking-Galar, F|
|poke|p2|Ogerpon-Wellspring, F|
|poke|p2|Garganacl, M|
|poke|p2|Great Tusk|
|poke|p2|Dragonite, M|
|poke|p2|Moltres|
|poke|p2|Darkrai|
|teampreview
|
|t:|1743924491
|start
|switch|p1a: Furry 2.0|Meowscarada, F|100/100
|switch|p2a: Moltres|Moltres|100/100
|turn|1
|
|t:|1743924497
|switch|p1a: Queen|Slowking-Galar, F|100/100
|move|p2a: Moltres|U-turn|p1a: Queen
|-damage|p1a: Queen|85/100
|
|t:|1743924501
|switch|p2a: Garganacl|Garganacl, M|100/100|[from] U-turn
|
|-heal|p1a: Queen|91/100|[from] item: Leftovers
|upkeep
|turn|2
|
|t:|1743924503
|move|p2a: Garganacl|Stealth Rock|p1a: Queen
|-sidestart|p1: mamabama|move: Stealth Rock
|-prepare|p1a: Queen|Chilly Reception|[premajor]
|move|p1a: Queen|Chilly Reception|p1a: Queen
|-weather|Snowscape
|
|t:|1743924506
|switch|p1a: Kanye|Magnezone|100/100|[from] Chilly Reception
|-damage|p1a: Kanye|94/100|[from] Stealth Rock
|
|-weather|Snowscape|[upkeep]
|upkeep
|turn|3
|
|t:|1743924521
|move|p2a: Garganacl|Protect|p2a: Garganacl
|-singleturn|p2a: Garganacl|Protect
|move|p1a: Kanye|Flash Cannon|p2a: Garganacl
|-activate|p2a: Garganacl|move: Protect
|
|-weather|Snowscape|[upkeep]
|upkeep
|turn|4
|
|t:|1743924526
|switch|p2a: Ogerpon|Ogerpon-Wellspring, F|100/100
|move|p1a: Kanye|Flash Cannon|p2a: Ogerpon
|-resisted|p2a: Ogerpon
|-damage|p2a: Ogerpon|53/100
|
|-weather|Snowscape|[upkeep]
|upkeep
|turn|5
|
|t:|1743924531
|move|p2a: Ogerpon|Ivy Cudgel|p1a: Kanye|[anim] Ivy Cudgel Water
|-damage|p1a: Kanye|41/100
|move|p1a: Kanye|Flash Cannon|p2a: Ogerpon
|-resisted|p2a: Ogerpon
|-damage|p2a: Ogerpon|0 fnt
|faint|p2a: Ogerpon
|
|-weather|Snowscape|[upkeep]
|upkeep
|
|t:|1743924539
|switch|p2a: Moltres|Moltres|100/100
|turn|6
|
|t:|1743924542
|switch|p1a: Queen|Slowking-Galar, F|100/100
|-damage|p1a: Queen|88/100|[from] Stealth Rock
|move|p2a: Moltres|Flamethrower|p1a: Queen
|-damage|p1a: Queen|66/100
|
|-weather|none
|-heal|p1a: Queen|73/100|[from] item: Leftovers
|upkeep
|turn|7
|
|t:|1743924544
|move|p2a: Moltres|U-turn|p1a: Queen
|-damage|p1a: Queen|58/100
|
|t:|1743924547
|switch|p2a: Garganacl|Garganacl, M|100/100|[from] U-turn
|-prepare|p1a: Queen|Chilly Reception|[premajor]
|move|p1a: Queen|Chilly Reception|p1a: Queen
|-weather|Snowscape
|
|t:|1743924549
|switch|p1a: Kanye|Magnezone|41/100|[from] Chilly Reception
|-damage|p1a: Kanye|35/100|[from] Stealth Rock
|
|-weather|Snowscape|[upkeep]
|upkeep
|turn|8
|
|t:|1743924554
|move|p2a: Garganacl|Protect|p2a: Garganacl
|-singleturn|p2a: Garganacl|Protect
|move|p1a: Kanye|Flash Cannon|p2a: Garganacl
|-activate|p2a: Garganacl|move: Protect
|
|-weather|Snowscape|[upkeep]
|upkeep
|turn|9
|
|t:|1743924556
|switch|p2a: Moltres|Moltres|100/100
|move|p1a: Kanye|Flash Cannon|p2a: Moltres
|-resisted|p2a: Moltres
|-damage|p2a: Moltres|57/100
|
|-weather|Snowscape|[upkeep]
|upkeep
|turn|10
|
|t:|1743924559
|switch|p1a: Queen|Slowking-Galar, F|92/100
|-damage|p1a: Queen|79/100|[from] Stealth Rock
|move|p2a: Moltres|U-turn|p1a: Queen
|-damage|p1a: Queen|64/100
|
|t:|1743924564
|switch|p2a: Great Tusk|Great Tusk|100/100|[from] U-turn
|
|-weather|Snowscape|[upkeep]
|-heal|p1a: Queen|70/100|[from] item: Leftovers
|upkeep
|turn|11
|
|t:|1743924568
|switch|p1a: Gli Gli|Gliscor, M|100/100
|-damage|p1a: Gli Gli|88/100|[from] Stealth Rock
|move|p2a: Great Tusk|Knock Off|p1a: Gli Gli
|-damage|p1a: Gli Gli|66/100
|-enditem|p1a: Gli Gli|Toxic Orb|[from] move: Knock Off|[of] p2a: Great Tusk
|
|-weather|none
|upkeep
|turn|12
|
|t:|1743924572
|move|p2a: Great Tusk|Ice Spinner|p1a: Gli Gli
|-supereffective|p1a: Gli Gli
|-damage|p1a: Gli Gli|0 fnt
|faint|p1a: Gli Gli
|
|upkeep
|
|t:|1743924575
|switch|p1a: Furry 2.0|Meowscarada, F|100/100
|-damage|p1a: Furry 2.0|88/100|[from] Stealth Rock
|turn|13
|
|t:|1743924585
|switch|p1a: FerroShocks|Sandy Shocks|100/100
|-damage|p1a: FerroShocks|94/100|[from] Stealth Rock
|move|p2a: Great Tusk|Headlong Rush|p1a: FerroShocks
|-supereffective|p1a: FerroShocks
|-damage|p1a: FerroShocks|0 fnt
|-unboost|p2a: Great Tusk|def|1
|-unboost|p2a: Great Tusk|spd|1
|faint|p1a: FerroShocks
|-end|p1a: FerroShocks|Protosynthesis|[silent]
|
|upkeep
|-message|mamabama forfeited.
|
|win|BanTwave77
|raw|mamabama's rating: 1518 &rarr; <strong>1502</strong><br />(-16 for losing)
|raw|BanTwave77's rating: 1582 &rarr; <strong>1598</strong><br />(+16 for winning)
|l|☆mamabama
|player|p1|
|l|☆BanTwave77
|player|p2|
