|j|☆Remioche
|j|☆Excadrillings
|t:|1743879162
|gametype|singles
|player|p1|Remioche|lucas|1510
|player|p2|Excadrillings|burglar|1552
|teamsize|p1|6
|teamsize|p2|6
|gen|9
|tier|[Gen 9] OU
|rated|
|rule|HP Percentage Mod: HP is shown in percentages
|rule|Endless Battle Clause: Forcing endless battles is banned
|rule|Species Clause: Limit one of each Pokémon
|rule|OHKO Clause: OHKO moves are banned
|rule|Evasion Items Clause: Evasion items are banned
|rule|Evasion Moves Clause: Evasion moves are banned
|rule|Sleep Moves Clause: Sleep-inducing moves are banned
|clearpoke
|poke|p1|Sandy Shocks|
|poke|p1|Slowking-Galar, F|
|poke|p1|Dragonite, M|
|poke|p1|Corviknight, M|
|poke|p1|Cinderace, M|
|poke|p1|Iron Valiant|
|poke|p2|Slither Wing|
|poke|p2|Landorus-Therian, M|
|poke|p2|Weezing-Galar, M|
|poke|p2|Heatran, M|
|poke|p2|Ogerpon-Wellspring, F|
|poke|p2|Dragonite, M|
|teampreview
|inactive|Battle timer is ON: inactive players will automatically lose when time's up. (requested by Remioche)
|
|t:|1743879181
|start
|switch|p1a: Iron Valiant|Iron Valiant|100/100
|switch|p2a: Layer Cake|Ogerpon-Wellspring, F|100/100
|turn|1
|
|t:|1743879190
|-end|p1a: Iron Valiant|Quark Drive|[silent]
|switch|p1a: Dragonite|Dragonite, M|100/100
|move|p2a: Layer Cake|Ivy Cudgel|p1a: Dragonite|[anim] Ivy Cudgel Water
|-resisted|p1a: Dragonite
|-crit|p1a: Dragonite
|-damage|p1a: Dragonite|81/100
|
|upkeep
|turn|2
|
|t:|1743879196
|switch|p2a: Dickens|Weezing-Galar, M|100/100
|-ability|p2a: Dickens|Neutralizing Gas
|move|p1a: Dragonite|Thunder Wave|p2a: Dickens
|-status|p2a: Dickens|par
|
|upkeep
|turn|3
|
|t:|1743879201
|switch|p1a: Jeaneau|Cinderace, M, shiny|100/100
|move|p2a: Dickens|Toxic|p1a: Jeaneau
|-status|p1a: Jeaneau|tox
|
|-damage|p1a: Jeaneau|95/100 tox|[from] psn
|upkeep
|turn|4
|
|t:|1743879204
|-end|p2a: Dickens|ability: Neutralizing Gas
|switch|p2a: Arms Race|Heatran, M|100/100
|move|p1a: Jeaneau|U-turn|p2a: Arms Race
|-start|p1a: Jeaneau|typechange|Bug|[from] ability: Libero
|-resisted|p2a: Arms Race
|-damage|p2a: Arms Race|93/100
|
|t:|1743879210
|switch|p1a: Kouign Amann|Sandy Shocks|100/100|[from] U-turn
|
|-heal|p2a: Arms Race|99/100|[from] item: Leftovers
|upkeep
|turn|5
|
|t:|1743879218
|move|p2a: Arms Race|Protect|p2a: Arms Race
|-singleturn|p2a: Arms Race|Protect
|move|p1a: Kouign Amann|Tera Blast|p2a: Arms Race
|-activate|p2a: Arms Race|move: Protect
|
|-heal|p2a: Arms Race|100/100|[from] item: Leftovers
|upkeep
|turn|6
|
|t:|1743879229
|-end|p1a: Kouign Amann|Protosynthesis|[silent]
|switch|p1a: Slowking|Slowking-Galar, F|100/100
|switch|p2a: LandoGyalRizzian|Landorus-Therian, M|100/100
|-ability|p2a: LandoGyalRizzian|Intimidate|boost
|-unboost|p1a: Slowking|atk|1
|
|upkeep
|turn|7
|
|t:|1743879232
|switch|p1a: Corviknight|Corviknight, M|100/100
|-ability|p1a: Corviknight|Pressure
|move|p2a: LandoGyalRizzian|Stealth Rock|p1a: Corviknight
|-sidestart|p1: Remioche|move: Stealth Rock
|
|upkeep
|turn|8
|
|t:|1743879237
|switch|p2a: Arms Race|Heatran, M|100/100
|move|p1a: Corviknight|U-turn|p2a: Arms Race
|-resisted|p2a: Arms Race
|-damage|p2a: Arms Race|98/100
|
|t:|1743879241
|switch|p1a: Kouign Amann|Sandy Shocks|100/100|[from] U-turn
|
|-heal|p2a: Arms Race|100/100|[from] item: Leftovers
|upkeep
|turn|9
|
|t:|1743879244
|move|p2a: Arms Race|Protect|p2a: Arms Race
|-singleturn|p2a: Arms Race|Protect
|move|p1a: Kouign Amann|Earth Power|p2a: Arms Race
|-activate|p2a: Arms Race|move: Protect
|
|upkeep
|turn|10
|
|t:|1743879250
|move|p1a: Kouign Amann|Earth Power|p2a: Arms Race
|-supereffective|p2a: Arms Race
|-damage|p2a: Arms Race|0 fnt
|faint|p2a: Arms Race
|
|upkeep
|
|t:|1743879255
|switch|p2a: Layer Cake|Ogerpon-Wellspring, F|100/100
|turn|11
|
|t:|1743879260
|-end|p1a: Kouign Amann|Protosynthesis|[silent]
|switch|p1a: Dragonite|Dragonite, M|81/100
|move|p2a: Layer Cake|Ivy Cudgel|p1a: Dragonite|[anim] Ivy Cudgel Water
|-resisted|p1a: Dragonite
|-damage|p1a: Dragonite|52/100
|
|upkeep
|turn|12
|
|t:|1743879264
|move|p2a: Layer Cake|Play Rough|p1a: Dragonite
|-supereffective|p1a: Dragonite
|-damage|p1a: Dragonite|0 fnt
|faint|p1a: Dragonite
|
|upkeep
|
|t:|1743879270
|switch|p1a: Jeaneau|Cinderace, M, shiny|95/100 tox
|turn|13
|
|t:|1743879274
|switch|p2a: Dickens|Weezing-Galar, M|100/100 par
|-ability|p2a: Dickens|Neutralizing Gas
|move|p1a: Jeaneau|U-turn|p2a: Dickens
|-resisted|p2a: Dickens
|-damage|p2a: Dickens|97/100 par
|
|t:|1743879281
|switch|p1a: Kouign Amann|Sandy Shocks|100/100|[from] U-turn
|
|upkeep
|turn|14
|
|t:|1743879288
|move|p1a: Kouign Amann|Earth Power|p2a: Dickens
|-supereffective|p2a: Dickens
|-damage|p2a: Dickens|0 fnt
|faint|p2a: Dickens
|-end|p2a: Dickens|ability: Neutralizing Gas
|
|upkeep
|
|t:|1743879292
|switch|p2a: LandoGyalRizzian|Landorus-Therian, M|100/100
|-ability|p2a: LandoGyalRizzian|Intimidate|boost
|-unboost|p1a: Kouign Amann|atk|1
|turn|15
|
|t:|1743879297
|-end|p1a: Kouign Amann|Protosynthesis|[silent]
|switch|p1a: Corviknight|Corviknight, M|100/100
|-damage|p1a: Corviknight|88/100|[from] Stealth Rock
|-ability|p1a: Corviknight|Pressure
|switch|p2a: Layer Cake|Ogerpon-Wellspring, F|100/100
|
|-heal|p1a: Corviknight|94/100|[from] item: Leftovers
|upkeep
|turn|16
|
|t:|1743879303
|-terastallize|p2a: Layer Cake|Water
|detailschange|p2a: Layer Cake|Ogerpon-Wellspring-Tera, F, tera:Water
|-ability|p2a: Layer Cake|Embody Aspect (Wellspring)|boost
|-boost|p2a: Layer Cake|spd|1
|move|p2a: Layer Cake|Ivy Cudgel|p1a: Corviknight|[anim] Ivy Cudgel Water
|-damage|p1a: Corviknight|41/100
|move|p1a: Corviknight|U-turn|p2a: Layer Cake
|-damage|p2a: Layer Cake|84/100
|
|t:|1743879307
|switch|p1a: Jeaneau|Cinderace, M, shiny|95/100 tox|[from] U-turn
|
|-damage|p1a: Jeaneau|89/100 tox|[from] psn
|upkeep
|turn|17
|
|t:|1743879314
|switch|p2a: LandoGyalRizzian|Landorus-Therian, M|100/100
|-ability|p2a: LandoGyalRizzian|Intimidate|boost
|-unboost|p1a: Jeaneau|atk|1
|move|p1a: Jeaneau|Court Change|p1a: Jeaneau
|-start|p1a: Jeaneau|typechange|Normal|[from] ability: Libero
|-swapsideconditions
|-activate|p1a: Jeaneau|move: Court Change
|
|-damage|p1a: Jeaneau|77/100 tox|[from] psn
|upkeep
|turn|18
|
|t:|1743879318
|move|p1a: Jeaneau|U-turn|p2a: LandoGyalRizzian
|-resisted|p2a: LandoGyalRizzian
|-damage|p2a: LandoGyalRizzian|94/100
|-damage|p1a: Jeaneau|60/100 tox|[from] item: Rocky Helmet|[of] p2a: LandoGyalRizzian
|
|t:|1743879322
|switch|p1a: Corviknight|Corviknight, M|41/100|[from] U-turn
|-ability|p1a: Corviknight|Pressure
|move|p2a: LandoGyalRizzian|U-turn|p1a: Corviknight
|-resisted|p1a: Corviknight
|-damage|p1a: Corviknight|38/100
|
|t:|1743879324
|switch|p2a: Layer Cake|Ogerpon-Wellspring-Tera, F, tera:Water|84/100|[from] U-turn
|-damage|p2a: Layer Cake|71/100|[from] Stealth Rock
|-ability|p2a: Layer Cake|Embody Aspect (Wellspring)|boost
|-boost|p2a: Layer Cake|spd|1
|
|-heal|p1a: Corviknight|44/100|[from] item: Leftovers
|upkeep
|turn|19
|
|t:|1743879328
|switch|p1a: Jeaneau|Cinderace, M, shiny|60/100 tox
|move|p2a: Layer Cake|Ivy Cudgel|p1a: Jeaneau|[anim] Ivy Cudgel Water
|-supereffective|p1a: Jeaneau
|-crit|p1a: Jeaneau
|-damage|p1a: Jeaneau|0 fnt
|faint|p1a: Jeaneau
|
|upkeep
|
|t:|1743879330
|switch|p1a: Iron Valiant|Iron Valiant|100/100
|turn|20
|
|t:|1743879335
|switch|p2a: Speech Impediment|Slither Wing|100/100
|move|p1a: Iron Valiant|Close Combat|p2a: Speech Impediment
|-resisted|p2a: Speech Impediment
|-damage|p2a: Speech Impediment|77/100
|-unboost|p1a: Iron Valiant|def|1
|-unboost|p1a: Iron Valiant|spd|1
|
|upkeep
|turn|21
|
|t:|1743879339
|-end|p1a: Iron Valiant|Quark Drive|[silent]
|switch|p1a: Corviknight|Corviknight, M|44/100
|-ability|p1a: Corviknight|Pressure
|move|p2a: Speech Impediment|First Impression|p1a: Corviknight
|-resisted|p1a: Corviknight
|-damage|p1a: Corviknight|37/100
|
|-heal|p1a: Corviknight|44/100|[from] item: Leftovers
|upkeep
|turn|22
|
|t:|1743879342
|move|p1a: Corviknight|Roost|p1a: Corviknight
|-heal|p1a: Corviknight|94/100
|-singleturn|p1a: Corviknight|move: Roost
|move|p2a: Speech Impediment|Will-O-Wisp|p1a: Corviknight|[miss]
|-miss|p2a: Speech Impediment|p1a: Corviknight
|
|-heal|p1a: Corviknight|99/100|[from] item: Leftovers
|upkeep
|turn|23
|
|t:|1743879348
|switch|p1a: Slowking|Slowking-Galar, F|100/100
|move|p2a: Speech Impediment|Will-O-Wisp|p1a: Slowking
|-status|p1a: Slowking|brn
|
|-damage|p1a: Slowking|94/100 brn|[from] brn
|upkeep
|turn|24
|
|t:|1743879352
|move|p2a: Speech Impediment|U-turn|p1a: Slowking
|-damage|p1a: Slowking|64/100 brn
|
|t:|1743879353
|-end|p2a: Speech Impediment|Protosynthesis|[silent]
|switch|p2a: LandoGyalRizzian|Landorus-Therian, M|94/100|[from] U-turn
|-damage|p2a: LandoGyalRizzian|82/100|[from] Stealth Rock
|-ability|p2a: LandoGyalRizzian|Intimidate|boost
|-unboost|p1a: Slowking|atk|1
|-prepare|p1a: Slowking|Chilly Reception|[premajor]
|move|p1a: Slowking|Chilly Reception|p1a: Slowking
|-weather|Snowscape
|
|t:|1743879369
|switch|p1a: Kouign Amann|Sandy Shocks|100/100|[from] Chilly Reception
|
|-weather|Snowscape|[upkeep]
|upkeep
|turn|25
|
|t:|1743879387
|-terastallize|p1a: Kouign Amann|Ice
|move|p1a: Kouign Amann|Tera Blast|p2a: LandoGyalRizzian|[anim] Tera Blast Ice
|-supereffective|p2a: LandoGyalRizzian
|-damage|p2a: LandoGyalRizzian|0 fnt
|faint|p2a: LandoGyalRizzian
|
|-weather|Snowscape|[upkeep]
|upkeep
|
|t:|1743879390
|switch|p2a: Layer Cake|Ogerpon-Wellspring-Tera, F, tera:Water|71/100
|-damage|p2a: Layer Cake|59/100|[from] Stealth Rock
|-ability|p2a: Layer Cake|Embody Aspect (Wellspring)|boost
|-boost|p2a: Layer Cake|spd|1
|turn|26
|
|t:|1743879397
|move|p2a: Layer Cake|Ivy Cudgel|p1a: Kouign Amann|[anim] Ivy Cudgel Water
|-damage|p1a: Kouign Amann|41/100
|move|p1a: Kouign Amann|Thunderbolt|p2a: Layer Cake
|-supereffective|p2a: Layer Cake
|-damage|p2a: Layer Cake|0 fnt
|faint|p2a: Layer Cake
|
|-weather|Snowscape|[upkeep]
|upkeep
|
|t:|1743879404
|switch|p2a: George|Dragonite, M, shiny|100/100
|turn|27
|
|t:|1743879408
|move|p2a: George|Extreme Speed|p1a: Kouign Amann
|-damage|p1a: Kouign Amann|19/100
|move|p1a: Kouign Amann|Volt Switch|p2a: George
|-crit|p2a: George
|-damage|p2a: George|78/100
|
|t:|1743879412
|-end|p1a: Kouign Amann|Protosynthesis|[silent]
|switch|p1a: Iron Valiant|Iron Valiant|100/100|[from] Volt Switch
|
|-weather|Snowscape|[upkeep]
|upkeep
|turn|28
|
|t:|1743879416
|move|p2a: George|Extreme Speed|p1a: Iron Valiant
|-damage|p1a: Iron Valiant|64/100
|move|p1a: Iron Valiant|Moonblast|p2a: George
|-supereffective|p2a: George
|-damage|p2a: George|11/100
|
|-weather|none
|upkeep
|turn|29
|
|t:|1743879421
|move|p2a: George|Extreme Speed|p1a: Iron Valiant
|-damage|p1a: Iron Valiant|31/100
|move|p1a: Iron Valiant|Moonblast|p2a: George
|-supereffective|p2a: George
|-damage|p2a: George|0 fnt
|faint|p2a: George
|
|upkeep
|-message|Excadrillings forfeited.
|
|win|Remioche
|raw|Remioche's rating: 1510 &rarr; <strong>1534</strong><br />(+24 for winning)
|raw|Excadrillings's rating: 1574 &rarr; <strong>1550</strong><br />(-24 for losing)
|l|☆Excadrillings
|player|p2|
|l|☆Remioche
|player|p1|
