|j|☆grails
|j|☆a jellyfish
|t:|1743803873
|gametype|singles
|player|p1|grails|102|1621
|player|p2|a jellyfish|fisherman-gen4|1579
|teamsize|p1|6
|teamsize|p2|6
|gen|9
|tier|[Gen 9] OU
|rated|
|rule|HP Percentage Mod: HP is shown in percentages
|rule|Endless Battle Clause: Forcing endless battles is banned
|rule|Species Clause: Limit one of each Pokémon
|rule|OHKO Clause: OHKO moves are banned
|rule|Evasion Items Clause: Evasion items are banned
|rule|Evasion Moves Clause: Evasion moves are banned
|rule|Sleep Moves Clause: Sleep-inducing moves are banned
|clearpoke
|poke|p1|Garganacl, F|
|poke|p1|Mew|
|poke|p1|Grimmsnarl, M|
|poke|p1|Gholdengo|
|poke|p1|Ting-Lu|
|poke|p1|Skarmory, M|
|poke|p2|Blaziken, F|
|poke|p2|Iron Treads|
|poke|p2|Dragonite, F|
|poke|p2|Iron Valiant|
|poke|p2|Hawlucha, M|
|poke|p2|Pecharunt|
|teampreview
|inactive|Battle timer is ON: inactive players will automatically lose when time's up. (requested by a jellyfish)
|inactive|a jellyfish has 120 seconds left.
|
|t:|1743803916
|start
|switch|p1a: Mew|Mew|100/100
|switch|p2a: Hawlucha|Hawlucha, M|100/100
|-ability|p2a: Hawlucha|Mold Breaker
|turn|1
|
|t:|1743803924
|move|p1a: Mew|Trick|p2a: Hawlucha
|-activate|p1a: Mew|move: Trick|[of] p2a: Hawlucha
|-item|p2a: Hawlucha|Choice Scarf|[from] move: Trick
|-item|p1a: Mew|Leftovers|[from] move: Trick
|move|p2a: Hawlucha|Substitute|p2a: Hawlucha
|-start|p2a: Hawlucha|Substitute
|-damage|p2a: Hawlucha|76/100
|
|upkeep
|turn|2
|
|t:|1743803932
|switch|p2a: Iron Treads|Iron Treads|100/100
|-enditem|p2a: Iron Treads|Booster Energy
|-activate|p2a: Iron Treads|ability: Quark Drive|[fromitem]
|-start|p2a: Iron Treads|quarkdrivespe
|move|p1a: Mew|Will-O-Wisp|p2a: Iron Treads
|-status|p2a: Iron Treads|brn
|
|-damage|p2a: Iron Treads|94/100 brn|[from] brn
|upkeep
|turn|3
|
|t:|1743803939
|switch|p1a: Garganacl|Garganacl, F|100/100
|move|p2a: Iron Treads|Knock Off|p1a: Garganacl
|-damage|p1a: Garganacl|93/100
|-enditem|p1a: Garganacl|Leftovers|[from] move: Knock Off|[of] p2a: Iron Treads
|
|-damage|p2a: Iron Treads|88/100 brn|[from] brn
|upkeep
|turn|4
|
|t:|1743803942
|-terastallize|p1a: Garganacl|Water
|move|p2a: Iron Treads|Stealth Rock|p1a: Garganacl
|-sidestart|p1: grails|move: Stealth Rock
|move|p1a: Garganacl|Salt Cure|p2a: Iron Treads
|-resisted|p2a: Iron Treads
|-damage|p2a: Iron Treads|85/100 brn
|-start|p2a: Iron Treads|Salt Cure
|
|-damage|p2a: Iron Treads|79/100 brn|[from] brn
|-damage|p2a: Iron Treads|54/100 brn|[from] Salt Cure
|upkeep
|turn|5
|
|t:|1743803954
|move|p2a: Iron Treads|Earth Power|p1a: Garganacl
|-damage|p1a: Garganacl|68/100
|move|p1a: Garganacl|Salt Cure|p2a: Iron Treads
|-resisted|p2a: Iron Treads
|-damage|p2a: Iron Treads|51/100 brn
|
|-damage|p2a: Iron Treads|45/100 brn|[from] brn
|-damage|p2a: Iron Treads|20/100 brn|[from] Salt Cure
|upkeep
|turn|6
|
|t:|1743803962
|-end|p2a: Iron Treads|Quark Drive|[silent]
|switch|p2a: Blaziken|Blaziken, F, shiny|100/100
|move|p1a: Garganacl|Recover|p1a: Garganacl
|-heal|p1a: Garganacl|100/100
|
|upkeep
|turn|7
|
|t:|1743803965
|move|p2a: Blaziken|Substitute|p2a: Blaziken
|-start|p2a: Blaziken|Substitute
|-damage|p2a: Blaziken|76/100
|move|p1a: Garganacl|Salt Cure|p2a: Blaziken
|-activate|p2a: Blaziken|move: Substitute|[damage]
|
|-heal|p2a: Blaziken|82/100|[from] item: Leftovers
|-ability|p2a: Blaziken|Speed Boost|boost
|-boost|p2a: Blaziken|spe|1
|upkeep
|turn|8
|
|t:|1743803969
|switch|p1a: Grimmsnarl|Grimmsnarl, M|100/100
|-damage|p1a: Grimmsnarl|88/100|[from] Stealth Rock
|move|p2a: Blaziken|Swords Dance|p2a: Blaziken
|-boost|p2a: Blaziken|atk|2
|
|-heal|p2a: Blaziken|88/100|[from] item: Leftovers
|-ability|p2a: Blaziken|Speed Boost|boost
|-boost|p2a: Blaziken|spe|1
|upkeep
|turn|9
|
|t:|1743803971
|move|p1a: Grimmsnarl|Reflect|p1a: Grimmsnarl
|-sidestart|p1: grails|Reflect
|move|p2a: Blaziken|Close Combat|p1a: Grimmsnarl
|-damage|p1a: Grimmsnarl|19/100
|-unboost|p2a: Blaziken|def|1
|-unboost|p2a: Blaziken|spd|1
|
|-heal|p2a: Blaziken|94/100|[from] item: Leftovers
|-ability|p2a: Blaziken|Speed Boost|boost
|-boost|p2a: Blaziken|spe|1
|upkeep
|turn|10
|
|t:|1743803980
|move|p1a: Grimmsnarl|Parting Shot|p2a: Blaziken
|-unboost|p2a: Blaziken|atk|1
|-unboost|p2a: Blaziken|spa|1
|
|t:|1743803986
|switch|p1a: Ting-Lu|Ting-Lu|100/100|[from] Parting Shot
|-ability|p1a: Ting-Lu|Vessel of Ruin
|move|p2a: Blaziken|Swords Dance|p2a: Blaziken
|-boost|p2a: Blaziken|atk|2
|
|-heal|p2a: Blaziken|99/100|[from] item: Leftovers
|-ability|p2a: Blaziken|Speed Boost|boost
|-boost|p2a: Blaziken|spe|1
|upkeep
|turn|11
|
|t:|1743803988
|move|p2a: Blaziken|Close Combat|p1a: Ting-Lu
|-supereffective|p1a: Ting-Lu
|-damage|p1a: Ting-Lu|26/100
|-unboost|p2a: Blaziken|def|1
|-unboost|p2a: Blaziken|spd|1
|move|p1a: Ting-Lu|Whirlwind|p2a: Blaziken
|drag|p2a: Iron Valiant|Iron Valiant|100/100
|-enditem|p2a: Iron Valiant|Booster Energy
|-activate|p2a: Iron Valiant|ability: Quark Drive|[fromitem]
|-start|p2a: Iron Valiant|quarkdrivespe
|
|upkeep
|turn|12
|
|t:|1743803994
|switch|p1a: Garganacl|Garganacl, F, tera:Water|100/100
|-damage|p1a: Garganacl|88/100|[from] Stealth Rock
|move|p2a: Iron Valiant|Swords Dance|p2a: Iron Valiant
|-boost|p2a: Iron Valiant|atk|2
|
|upkeep
|turn|13
|-message|grails forfeited.
|
|win|a jellyfish
|raw|grails's rating: 1621 &rarr; <strong>1599</strong><br />(-22 for losing)
|raw|a jellyfish's rating: 1579 &rarr; <strong>1601</strong><br />(+22 for winning)
|l|☆grails
|player|p1|
|l|☆a jellyfish
|player|p2|
