|j|☆Savouras
|j|☆yomaalt
|inactive|Battle timer is ON: inactive players will automatically lose when time's up.
|t:|1743796747
|gametype|singles
|player|p1|Savouras|#bdspplempoleonshow|
|player|p2|yomaalt|101|
|teamsize|p1|6
|teamsize|p2|6
|gen|9
|tier|[Gen 9] OU
|rated|Tournament battle
|rule|HP Percentage Mod: HP is shown in percentages
|rule|Endless Battle Clause: Forcing endless battles is banned
|rule|Species Clause: Limit one of each Pokémon
|rule|OHKO Clause: OHKO moves are banned
|rule|Evasion Items Clause: Evasion items are banned
|rule|Evasion Moves Clause: Evasion moves are banned
|rule|Sleep Moves Clause: Sleep-inducing moves are banned
|clearpoke
|poke|p1|Urshifu-*, M|
|poke|p1|Araquanid, M|
|poke|p1|Ogerpon-Wellspring, F|
|poke|p1|Gholdengo|
|poke|p1|Primarina, F|
|poke|p1|Great Tusk|
|poke|p2|Pecharunt|
|poke|p2|Ting-Lu|
|poke|p2|Slowking-Galar, M|
|poke|p2|Urshifu-*, M|
|poke|p2|Darkrai|
|poke|p2|Great Tusk|
|teampreview
|j| Audio Peel
|j| Praise The Salt
|j|@Stads
|j| fitzor
|
|t:|1743796776
|start
|switch|p1a: Araquanid|Araquanid, M|100/100
|switch|p2a: Pecharunt|Pecharunt|100/100
|turn|1
|j|#SetsuStsna
|
|t:|1743796780
|move|p2a: Pecharunt|Malignant Chain|p1a: Araquanid
|-damage|p1a: Araquanid|77/100
|-enditem|p1a: Araquanid|Red Card|[of] p2a: Pecharunt
|drag|p2a: Ting-Lu|Ting-Lu|100/100
|-ability|p2a: Ting-Lu|Vessel of Ruin
|move|p1a: Araquanid|Sticky Web|p2a: Ting-Lu
|-sidestart|p2: yomaalt|move: Sticky Web
|
|upkeep
|turn|2
|j| Mada
|
|t:|1743796808
|move|p1a: Araquanid|Surf|p2a: Ting-Lu
|-supereffective|p2a: Ting-Lu
|-damage|p2a: Ting-Lu|58/100
|move|p2a: Ting-Lu|Whirlwind|p1a: Araquanid
|drag|p1a: Urshifu|Urshifu, M|100/100
|
|-heal|p2a: Ting-Lu|65/100|[from] item: Leftovers
|upkeep
|turn|3
|inactive|yomaalt has 120 seconds left.
|
|t:|1743796824
|switch|p2a: Pecharunt|Pecharunt|100/100
|move|p1a: Urshifu|Close Combat|p2a: Pecharunt
|-immune|p2a: Pecharunt
|
|upkeep
|turn|4
|
|t:|1743796830
|switch|p2a: Great Tusk|Great Tusk|100/100
|-activate|p2a: Great Tusk|move: Sticky Web
|-unboost|p2a: Great Tusk|spe|1
|move|p1a: Urshifu|Wicked Blow|p2a: Great Tusk
|-resisted|p2a: Great Tusk
|-crit|p2a: Great Tusk
|-damage|p2a: Great Tusk|77/100
|
|-heal|p2a: Great Tusk|83/100|[from] item: Leftovers
|upkeep
|turn|5
|
|t:|1743796835
|switch|p1a: Gholdengo|Gholdengo|100/100
|-item|p1a: Gholdengo|Air Balloon
|move|p2a: Great Tusk|Knock Off|p1a: Gholdengo
|-supereffective|p1a: Gholdengo
|-damage|p1a: Gholdengo|30/100
|-enditem|p1a: Gholdengo|Air Balloon
|
|-heal|p2a: Great Tusk|89/100|[from] item: Leftovers
|upkeep
|turn|6
|
|t:|1743796840
|-end|p2a: Great Tusk|Protosynthesis|[silent]
|switch|p2a: Rye|Darkrai|100/100
|move|p1a: Gholdengo|Nasty Plot|p1a: Gholdengo
|-boost|p1a: Gholdengo|spa|2
|
|upkeep
|turn|7
|
|t:|1743796856
|-terastallize|p1a: Gholdengo|Fairy
|move|p2a: Rye|Dark Pulse|p1a: Gholdengo
|-resisted|p1a: Gholdengo
|-damage|p1a: Gholdengo|11/100
|move|p1a: Gholdengo|Dazzling Gleam|p2a: Rye
|-supereffective|p2a: Rye
|-damage|p2a: Rye|0 fnt
|faint|p2a: Rye
|
|upkeep
|
|t:|1743796858
|switch|p2a: Pecharunt|Pecharunt|100/100
|turn|8
|
|t:|1743796868
|switch|p1a: Great Tusk|Great Tusk|100/100
|-enditem|p1a: Great Tusk|Booster Energy
|-activate|p1a: Great Tusk|ability: Protosynthesis|[fromitem]
|-start|p1a: Great Tusk|protosynthesisatk
|move|p2a: Pecharunt|Malignant Chain|p1a: Great Tusk
|-resisted|p1a: Great Tusk
|-damage|p1a: Great Tusk|76/100
|-status|p1a: Great Tusk|tox
|-start|p1a: Great Tusk|confusion|[from] ability: Poison Puppeteer|[of] p2a: Pecharunt
|
|-damage|p1a: Great Tusk|70/100 tox|[from] psn
|upkeep
|turn|9
|
|t:|1743796870
|move|p2a: Pecharunt|Hex|p1a: Great Tusk
|-damage|p1a: Great Tusk|5/100 tox
|-activate|p1a: Great Tusk|confusion
|move|p1a: Great Tusk|Headlong Rush|p2a: Pecharunt
|-supereffective|p2a: Pecharunt
|-damage|p2a: Pecharunt|0 fnt
|-unboost|p1a: Great Tusk|def|1
|-unboost|p1a: Great Tusk|spd|1
|faint|p2a: Pecharunt
|
|-damage|p1a: Great Tusk|0 fnt|[from] psn
|faint|p1a: Great Tusk
|-end|p1a: Great Tusk|Protosynthesis|[silent]
|upkeep
|
|t:|1743796879
|switch|p2a: Slowking|Slowking-Galar, M|100/100
|switch|p1a: Gholdengo|Gholdengo, tera:Fairy|11/100
|turn|10
|
|t:|1743796881
|move|p1a: Gholdengo|Shadow Ball|p2a: Slowking
|-supereffective|p2a: Slowking
|-damage|p2a: Slowking|46/100
|-unboost|p2a: Slowking|spd|1
|move|p2a: Slowking|Sludge Bomb|p1a: Gholdengo
|-supereffective|p1a: Gholdengo
|-damage|p1a: Gholdengo|0 fnt
|faint|p1a: Gholdengo
|
|upkeep
|
|t:|1743796889
|switch|p1a: Ogerpon|Ogerpon-Wellspring, F|100/100
|turn|11
|
|t:|1743796892
|move|p1a: Ogerpon|Ivy Cudgel|p2a: Slowking|[anim] Ivy Cudgel Water
|-damage|p2a: Slowking|0 fnt
|faint|p2a: Slowking
|
|upkeep
|
|t:|1743796904
|switch|p2a: Urshifu|Urshifu, M|100/100
|-activate|p2a: Urshifu|move: Sticky Web
|-unboost|p2a: Urshifu|spe|1
|turn|12
|
|t:|1743796916
|move|p1a: Ogerpon|Play Rough|p2a: Urshifu
|-supereffective|p2a: Urshifu
|-damage|p2a: Urshifu|0 fnt
|faint|p2a: Urshifu
|
|upkeep
|
|t:|1743796921
|switch|p2a: Great Tusk|Great Tusk|89/100
|-activate|p2a: Great Tusk|move: Sticky Web
|-unboost|p2a: Great Tusk|spe|1
|turn|13
|
|t:|1743796925
|-terastallize|p2a: Great Tusk|Water
|move|p1a: Ogerpon|Swords Dance|p1a: Ogerpon
|-boost|p1a: Ogerpon|atk|2
|move|p2a: Great Tusk|Rapid Spin|p1a: Ogerpon
|-damage|p1a: Ogerpon|75/100
|-boost|p2a: Great Tusk|spe|1
|-sideend|p2: yomaalt|Sticky Web|[from] move: Rapid Spin|[of] p2a: Great Tusk
|
|-heal|p2a: Great Tusk|95/100|[from] item: Leftovers
|upkeep
|turn|14
|
|t:|1743796929
|move|p1a: Ogerpon|Horn Leech|p2a: Great Tusk
|-supereffective|p2a: Great Tusk
|-damage|p2a: Great Tusk|0 fnt
|-heal|p1a: Ogerpon|100/100|[from] drain|[of] p2a: Great Tusk
|faint|p2a: Great Tusk
|-end|p2a: Great Tusk|Protosynthesis|[silent]
|
|upkeep
|
|t:|1743796932
|switch|p2a: Ting-Lu|Ting-Lu|65/100
|-ability|p2a: Ting-Lu|Vessel of Ruin
|turn|15
|
|t:|1743796934
|move|p1a: Ogerpon|Ivy Cudgel|p2a: Ting-Lu|[anim] Ivy Cudgel Water
|-supereffective|p2a: Ting-Lu
|-damage|p2a: Ting-Lu|0 fnt
|faint|p2a: Ting-Lu
|
|win|Savouras
|n|☆Savouras|savouras
|n|☆yomaalt|yomaalt
|n| Audio Peel|audiopeel
|n| Praise The Salt|praisethesalt
|n| Stads|stads
|n| fitzor|fitzor
|n|+SetsuStsna|setsustsna
|n| Mada|mada
|l|☆Savouras
|player|p1|
|l|+SetsuStsna
|l|☆yomaalt
|player|p2|
|l| fitzor
|l| Praise The Salt
