|j|☆zaR34
|j|☆scarfdittospeedtie
|t:|1743803796
|gametype|singles
|player|p1|zaR34|benga|1049
|player|p2|scarfdittospeedtie|acetrainer-gen4dp|1059
|teamsize|p1|6
|teamsize|p2|6
|gen|9
|tier|[Gen 9] OU
|rated|
|rule|HP Percentage Mod: HP is shown in percentages
|rule|Endless Battle Clause: Forcing endless battles is banned
|rule|Species Clause: Limit one of each Pokémon
|rule|OHKO Clause: OHKO moves are banned
|rule|Evasion Items Clause: Evasion items are banned
|rule|Evasion Moves Clause: Evasion moves are banned
|rule|Sleep Moves Clause: Sleep-inducing moves are banned
|clearpoke
|poke|p1|Zapdos|
|poke|p1|Tyranitar, M|
|poke|p1|Primarina, M|
|poke|p1|Cinderace, M|
|poke|p1|Meowscarada, F|
|poke|p1|Toxapex, M|
|poke|p2|Galvantula, F|
|poke|p2|Gholdengo|
|poke|p2|Walking Wake|
|poke|p2|Kingambit, F|
|poke|p2|Great Tusk|
|poke|p2|Zamazenta-*|
|teampreview
|c|☆scarfdittospeedtie|glhf
|
|t:|1743803803
|start
|switch|p1a: Cinderace|Cinderace, M|100/100
|switch|p2a: Zappy Boi|Galvantula, F|100/100
|turn|1
|
|t:|1743803809
|move|p1a: Cinderace|Pyro Ball|p2a: Zappy Boi
|-supereffective|p2a: Zappy Boi
|-enditem|p2a: Zappy Boi|Focus Sash
|-damage|p2a: Zappy Boi|1/100
|move|p2a: Zappy Boi|Thunder Wave|p1a: Cinderace
|-status|p1a: Cinderace|par
|
|upkeep
|turn|2
|
|t:|1743803819
|switch|p2a: Funny Dog|Walking Wake|100/100
|move|p1a: Cinderace|U-turn|p2a: Funny Dog
|-start|p1a: Cinderace|typechange|Bug|[from] ability: Libero
|-damage|p2a: Funny Dog|67/100
|
|t:|1743803825
|switch|p1a: Primarina|Primarina, M|100/100|[from] U-turn
|
|upkeep
|turn|3
|
|t:|1743803832
|move|p2a: Funny Dog|Flip Turn|p1a: Primarina
|-resisted|p1a: Primarina
|-damage|p1a: Primarina|92/100
|
|t:|1743803838
|-end|p2a: Funny Dog|Protosynthesis|[silent]
|switch|p2a: Big Cheese|Gholdengo|100/100|[from] Flip Turn
|-item|p2a: Big Cheese|Air Balloon
|move|p1a: Primarina|Moonblast|p2a: Big Cheese
|-resisted|p2a: Big Cheese
|-damage|p2a: Big Cheese|72/100
|-enditem|p2a: Big Cheese|Air Balloon
|
|upkeep
|turn|4
|
|t:|1743803856
|switch|p1a: Zapdos|Zapdos|100/100
|move|p2a: Big Cheese|Make It Rain|p1a: Zapdos
|-resisted|p1a: Zapdos
|-damage|p1a: Zapdos|68/100
|-unboost|p2a: Big Cheese|spa|1
|
|upkeep
|turn|5
|
|t:|1743803870
|switch|p2a: Zappy Boi|Galvantula, F|1/100
|move|p1a: Zapdos|Roost|p1a: Zapdos
|-heal|p1a: Zapdos|100/100
|-singleturn|p1a: Zapdos|move: Roost
|
|upkeep
|turn|6
|
|t:|1743803888
|move|p2a: Zappy Boi|Sticky Web|p1a: Zapdos
|-sidestart|p1: zaR34|move: Sticky Web
|move|p1a: Zapdos|Volt Switch|p2a: Zappy Boi
|-resisted|p2a: Zappy Boi
|-damage|p2a: Zappy Boi|0 fnt
|faint|p2a: Zappy Boi
|
|t:|1743803892
|switch|p1a: Primarina|Primarina, M|92/100|[from] Volt Switch
|-activate|p1a: Primarina|move: Sticky Web
|-unboost|p1a: Primarina|spe|1
|
|upkeep
|
|t:|1743803901
|switch|p2a: Great Tusk|Great Tusk|100/100
|turn|7
|
|t:|1743803906
|move|p2a: Great Tusk|Headlong Rush|p1a: Primarina
|-damage|p1a: Primarina|32/100
|-unboost|p2a: Great Tusk|def|1
|-unboost|p2a: Great Tusk|spd|1
|move|p1a: Primarina|Draining Kiss|p2a: Great Tusk
|-supereffective|p2a: Great Tusk
|-damage|p2a: Great Tusk|10/100
|-heal|p1a: Primarina|100/100|[from] drain|[of] p2a: Great Tusk
|
|upkeep
|turn|8
|
|t:|1743803919
|move|p2a: Great Tusk|Headlong Rush|p1a: Primarina
|-damage|p1a: Primarina|43/100
|-unboost|p2a: Great Tusk|def|1
|-unboost|p2a: Great Tusk|spd|1
|move|p1a: Primarina|Psychic Noise|p2a: Great Tusk
|-supereffective|p2a: Great Tusk
|-damage|p2a: Great Tusk|0 fnt
|faint|p2a: Great Tusk
|-end|p2a: Great Tusk|Protosynthesis|[silent]
|
|upkeep
|
|t:|1743803933
|switch|p2a: Big Cheese|Gholdengo|72/100
|turn|9
|
|t:|1743803940
|move|p2a: Big Cheese|Nasty Plot|p2a: Big Cheese
|-boost|p2a: Big Cheese|spa|2
|move|p1a: Primarina|Psychic Noise|p2a: Big Cheese
|-damage|p2a: Big Cheese|28/100
|-start|p2a: Big Cheese|move: Heal Block
|
|upkeep
|turn|10
|
|t:|1743803964
|switch|p1a: Cinderace|Cinderace, M|100/100 par
|move|p2a: Big Cheese|Shadow Ball|p1a: Cinderace
|-damage|p1a: Cinderace|0 fnt
|faint|p1a: Cinderace
|
|-end|p2a: Big Cheese|move: Heal Block
|upkeep
|
|t:|1743803976
|switch|p1a: Meowscarada|Meowscarada, F|100/100
|-activate|p1a: Meowscarada|move: Sticky Web
|-unboost|p1a: Meowscarada|spe|1
|turn|11
|
|t:|1743803981
|move|p1a: Meowscarada|Sucker Punch|p2a: Big Cheese
|-start|p1a: Meowscarada|typechange|Dark|[from] ability: Protean
|-supereffective|p2a: Big Cheese
|-crit|p2a: Big Cheese
|-damage|p2a: Big Cheese|0 fnt
|faint|p2a: Big Cheese
|
|upkeep
|
|t:|1743803988
|switch|p2a: Zamazenta|Zamazenta|100/100
|-ability|p2a: Zamazenta|Dauntless Shield|boost
|-boost|p2a: Zamazenta|def|1
|turn|12
|
|t:|1743803992
|switch|p1a: Toxapex|Toxapex, M|100/100
|move|p2a: Zamazenta|Substitute|p2a: Zamazenta
|-start|p2a: Zamazenta|Substitute
|-damage|p2a: Zamazenta|76/100
|
|-heal|p2a: Zamazenta|82/100|[from] item: Leftovers
|upkeep
|turn|13
|
|t:|1743803999
|move|p2a: Zamazenta|Iron Defense|p2a: Zamazenta
|-boost|p2a: Zamazenta|def|2
|move|p1a: Toxapex|Acid Spray|p2a: Zamazenta
|-activate|p2a: Zamazenta|move: Substitute|[damage]
|
|-heal|p2a: Zamazenta|88/100|[from] item: Leftovers
|upkeep
|turn|14
|
|t:|1743804021
|move|p2a: Zamazenta|Body Press|p1a: Toxapex
|-resisted|p1a: Toxapex
|-damage|p1a: Toxapex|67/100
|move|p1a: Toxapex|Acid Spray|p2a: Zamazenta
|-activate|p2a: Zamazenta|move: Substitute|[damage]
|
|-heal|p2a: Zamazenta|94/100|[from] item: Leftovers
|upkeep
|turn|15
|
|t:|1743804030
|move|p2a: Zamazenta|Body Press|p1a: Toxapex
|-resisted|p1a: Toxapex
|-damage|p1a: Toxapex|32/100
|move|p1a: Toxapex|Surf|p2a: Zamazenta
|-end|p2a: Zamazenta|Substitute
|
|-heal|p2a: Zamazenta|99/100|[from] item: Leftovers
|upkeep
|turn|16
|
|t:|1743804044
|switch|p1a: Zapdos|Zapdos|100/100
|move|p2a: Zamazenta|Body Press|p1a: Zapdos
|-resisted|p1a: Zapdos
|-damage|p1a: Zapdos|49/100
|-status|p2a: Zamazenta|par|[from] ability: Static|[of] p1a: Zapdos
|
|-heal|p2a: Zamazenta|100/100 par|[from] item: Leftovers
|upkeep
|turn|17
|
|t:|1743804053
|move|p1a: Zapdos|Hurricane|p2a: Zamazenta
|-supereffective|p2a: Zamazenta
|-damage|p2a: Zamazenta|0 fnt
|faint|p2a: Zamazenta
|
|upkeep
|
|t:|1743804060
|switch|p2a: Funny Dog|Walking Wake|67/100
|turn|18
|
|t:|1743804072
|switch|p1a: Toxapex|Toxapex, M|65/100
|move|p2a: Funny Dog|Hydro Pump|p1a: Toxapex|[miss]
|-miss|p2a: Funny Dog|p1a: Toxapex
|
|upkeep
|turn|19
|
|t:|1743804078
|move|p2a: Funny Dog|Hydro Pump|p1a: Toxapex
|-resisted|p1a: Toxapex
|-crit|p1a: Toxapex
|-damage|p1a: Toxapex|14/100
|move|p1a: Toxapex|Recover|p1a: Toxapex
|-heal|p1a: Toxapex|64/100
|
|upkeep
|turn|20
|
|t:|1743804091
|move|p2a: Funny Dog|Hydro Pump|p1a: Toxapex|[miss]
|-miss|p2a: Funny Dog|p1a: Toxapex
|move|p1a: Toxapex|Acid Spray|p2a: Funny Dog
|-damage|p2a: Funny Dog|52/100
|-unboost|p2a: Funny Dog|spd|2
|
|upkeep
|turn|21
|
|t:|1743804099
|move|p2a: Funny Dog|Hydro Pump|p1a: Toxapex|[miss]
|-miss|p2a: Funny Dog|p1a: Toxapex
|move|p1a: Toxapex|Acid Spray|p2a: Funny Dog
|-damage|p2a: Funny Dog|26/100
|-unboost|p2a: Funny Dog|spd|2
|
|upkeep
|turn|22
|
|t:|1743804106
|move|p2a: Funny Dog|Hydro Pump|p1a: Toxapex
|-resisted|p1a: Toxapex
|-crit|p1a: Toxapex
|-damage|p1a: Toxapex|13/100
|move|p1a: Toxapex|Surf|p2a: Funny Dog
|-resisted|p2a: Funny Dog
|-damage|p2a: Funny Dog|3/100
|
|upkeep
|turn|23
|
|t:|1743804118
|move|p1a: Toxapex|Baneful Bunker|p1a: Toxapex
|-singleturn|p1a: Toxapex|move: Protect
|move|p2a: Funny Dog|Hydro Pump|p1a: Toxapex
|-activate|p1a: Toxapex|move: Protect
|
|upkeep
|turn|24
|
|t:|1743804124
|move|p2a: Funny Dog|Hydro Pump|p1a: Toxapex
|-resisted|p1a: Toxapex
|-damage|p1a: Toxapex|0 fnt
|faint|p1a: Toxapex
|
|upkeep
|
|t:|1743804135
|switch|p1a: Meowscarada|Meowscarada, F|100/100
|-activate|p1a: Meowscarada|move: Sticky Web
|-unboost|p1a: Meowscarada|spe|1
|turn|25
|
|t:|1743804141
|move|p1a: Meowscarada|Sucker Punch|p2a: Funny Dog
|-start|p1a: Meowscarada|typechange|Dark|[from] ability: Protean
|-damage|p2a: Funny Dog|0 fnt
|faint|p2a: Funny Dog
|-end|p2a: Funny Dog|Protosynthesis|[silent]
|
|upkeep
|
|t:|1743804146
|switch|p2a: The Knife|Kingambit, F|100/100
|-activate|p2a: The Knife|ability: Supreme Overlord
|-start|p2a: The Knife|fallen5|[silent]
|turn|26
|
|t:|1743804150
|move|p1a: Meowscarada|U-turn|p2a: The Knife
|-damage|p2a: The Knife|82/100
|
|t:|1743804154
|switch|p1a: Primarina|Primarina, M|43/100|[from] U-turn
|-activate|p1a: Primarina|move: Sticky Web
|-unboost|p1a: Primarina|spe|1
|move|p2a: The Knife|Low Kick|p1a: Primarina
|-resisted|p1a: Primarina
|-damage|p1a: Primarina|23/100
|
|upkeep
|turn|27
|
|t:|1743804175
|move|p2a: The Knife|Sucker Punch|p1a: Primarina
|-resisted|p1a: Primarina
|-damage|p1a: Primarina|0 fnt
|faint|p1a: Primarina
|
|upkeep
|
|t:|1743804186
|switch|p1a: Tyranitar|Tyranitar, M|100/100
|-activate|p1a: Tyranitar|move: Sticky Web
|-unboost|p1a: Tyranitar|spe|1
|-weather|Sandstorm|[from] ability: Sand Stream|[of] p1a: Tyranitar
|turn|28
|
|t:|1743804195
|-terastallize|p2a: The Knife|Ghost
|-terastallize|p1a: Tyranitar|Ghost
|move|p2a: The Knife|Low Kick|p1a: Tyranitar
|-immune|p1a: Tyranitar
|move|p1a: Tyranitar|Low Kick|p2a: The Knife
|-immune|p2a: The Knife
|
|-weather|Sandstorm|[upkeep]
|-damage|p2a: The Knife|75/100|[from] Sandstorm
|-damage|p1a: Tyranitar|94/100|[from] Sandstorm
|upkeep
|turn|29
|c|☆zaR34|lmao
|c|☆scarfdittospeedtie|lol
|
|t:|1743804205
|move|p2a: The Knife|Kowtow Cleave|p1a: Tyranitar
|-supereffective|p1a: Tyranitar
|-damage|p1a: Tyranitar|0 fnt
|faint|p1a: Tyranitar
|
|-weather|Sandstorm|[upkeep]
|-damage|p2a: The Knife|69/100|[from] Sandstorm
|upkeep
|
|t:|1743804211
|switch|p1a: Meowscarada|Meowscarada, F|100/100
|-activate|p1a: Meowscarada|move: Sticky Web
|-unboost|p1a: Meowscarada|spe|1
|turn|30
|
|t:|1743804215
|move|p1a: Meowscarada|Sucker Punch|p2a: The Knife
|-start|p1a: Meowscarada|typechange|Dark|[from] ability: Protean
|-supereffective|p2a: The Knife
|-damage|p2a: The Knife|15/100
|move|p2a: The Knife|Low Kick|p1a: Meowscarada
|-supereffective|p1a: Meowscarada
|-damage|p1a: Meowscarada|0 fnt
|faint|p1a: Meowscarada
|
|-weather|Sandstorm|[upkeep]
|-damage|p2a: The Knife|9/100|[from] Sandstorm
|upkeep
|
|t:|1743804218
|switch|p1a: Zapdos|Zapdos|49/100
|turn|31
|
|t:|1743804227
|move|p2a: The Knife|Sucker Punch||[still]
|-fail|p2a: The Knife
|move|p1a: Zapdos|Roost|p1a: Zapdos
|-heal|p1a: Zapdos|99/100
|-singleturn|p1a: Zapdos|move: Roost
|
|-weather|Sandstorm|[upkeep]
|-damage|p1a: Zapdos|93/100|[from] Sandstorm
|-damage|p2a: The Knife|3/100|[from] Sandstorm
|upkeep
|turn|32
|
|t:|1743804236
|move|p1a: Zapdos|Roost|p1a: Zapdos
|-heal|p1a: Zapdos|100/100
|-singleturn|p1a: Zapdos|move: Roost
|move|p2a: The Knife|Kowtow Cleave|p1a: Zapdos
|-damage|p1a: Zapdos|6/100
|
|-weather|none
|upkeep
|turn|33
|
|t:|1743804245
|move|p2a: The Knife|Sucker Punch|p1a: Zapdos
|-damage|p1a: Zapdos|0 fnt
|faint|p1a: Zapdos
|
|win|scarfdittospeedtie
|raw|zaR34's rating: 1049 &rarr; <strong>1032</strong><br />(-17 for losing)
|raw|scarfdittospeedtie's rating: 1059 &rarr; <strong>1089</strong><br />(+30 for winning)
|c|☆scarfdittospeedtie|gg
|c|☆zaR34|naaaah
|c|☆zaR34|gg man
|c|☆zaR34|thought there was a last turn on the sand
