|j|☆alex12381723898
|j|☆901ttc
|t:|1743797548
|gametype|singles
|player|p1|alex12381723898|265|1485
|player|p2|901ttc|101|1472
|teamsize|p1|6
|teamsize|p2|6
|gen|9
|tier|[Gen 9] OU
|rated|
|rule|HP Percentage Mod: HP is shown in percentages
|rule|Endless Battle Clause: Forcing endless battles is banned
|rule|Species Clause: Limit one of each Pokémon
|rule|OHKO Clause: OHKO moves are banned
|rule|Evasion Items Clause: Evasion items are banned
|rule|Evasion Moves Clause: Evasion moves are banned
|rule|Sleep Moves Clause: Sleep-inducing moves are banned
|clearpoke
|poke|p1|Ting-Lu|
|poke|p1|Cinderace, M|
|poke|p1|Weavile, F|
|poke|p1|Zapdos|
|poke|p1|Garganacl, M|
|poke|p1|Kyurem|
|poke|p2|Kyurem|
|poke|p2|Rillaboom, M|
|poke|p2|Gholdengo|
|poke|p2|Hitmontop, M|
|poke|p2|Maushold-Four|
|poke|p2|Ninetales-Alola, F|
|teampreview
|inactive|Battle timer is ON: inactive players will automatically lose when time's up. (requested by alex12381723898)
|
|t:|1743797578
|start
|switch|p1a: Weavile|Weavile, F|100/100
|switch|p2a: Hitmontop|Hitmontop, M|100/100
|-ability|p1a: Weavile|Pressure
|turn|1
|
|t:|1743797589
|move|p2a: Hitmontop|Fake Out|p1a: Weavile
|-damage|p1a: Weavile|70/100
|cant|p1a: Weavile|flinch
|
|upkeep
|turn|2
|
|t:|1743797617
|switch|p1a: Zapdos|Zapdos|100/100
|move|p2a: Hitmontop|Mach Punch|p1a: Zapdos
|-resisted|p1a: Zapdos
|-damage|p1a: Zapdos|88/100
|-status|p2a: Hitmontop|par|[from] ability: Static|[of] p1a: Zapdos
|
|upkeep
|turn|3
|
|t:|1743797630
|switch|p2a: Ninetales|Ninetales-Alola, F|100/100
|-weather|Snowscape|[from] ability: Snow Warning|[of] p2a: Ninetales
|move|p1a: Zapdos|Hurricane|p2a: Ninetales
|-damage|p2a: Ninetales|45/100
|-start|p2a: Ninetales|confusion
|
|-weather|Snowscape|[upkeep]
|upkeep
|turn|4
|inactive|alex12381723898 has 120 seconds left.
|inactive|alex12381723898 has 90 seconds left.
|inactive|alex12381723898 has 60 seconds left.
|
|t:|1743797724
|switch|p1a: Cinderace|Cinderace, M|100/100
|-activate|p2a: Ninetales|confusion
|move|p2a: Ninetales|Aurora Veil|p2a: Ninetales
|-sidestart|p2: 901ttc|move: Aurora Veil
|
|-weather|Snowscape|[upkeep]
|upkeep
|turn|5
|
|t:|1743797735
|move|p1a: Cinderace|Court Change|p1a: Cinderace
|-start|p1a: Cinderace|typechange|Normal|[from] ability: Libero
|-swapsideconditions
|-activate|p1a: Cinderace|move: Court Change
|-activate|p2a: Ninetales|confusion
|move|p2a: Ninetales|Encore|p1a: Cinderace
|-start|p1a: Cinderace|Encore
|
|-weather|Snowscape|[upkeep]
|upkeep
|turn|6
|inactive|alex12381723898 has 60 seconds left.
|
|t:|1743797745
|switch|p1a: Garganacl|Garganacl, M|100/100
|-activate|p2a: Ninetales|confusion
|move|p2a: Ninetales|Aurora Veil|p2a: Ninetales
|-sidestart|p2: 901ttc|move: Aurora Veil
|
|-weather|Snowscape|[upkeep]
|upkeep
|turn|7
|inactive|alex12381723898 has 60 seconds left.
|
|t:|1743797758
|switch|p2a: Rillaboom|Rillaboom, M, shiny|100/100
|-fieldstart|move: Grassy Terrain|[from] ability: Grassy Surge|[of] p2a: Rillaboom
|move|p1a: Garganacl|Stealth Rock|p2a: Rillaboom
|-sidestart|p2: 901ttc|move: Stealth Rock
|
|-weather|none
|upkeep
|turn|8
|
|t:|1743797767
|switch|p1a: Zapdos|Zapdos|88/100
|move|p2a: Rillaboom|Low Sweep|p1a: Zapdos
|-resisted|p1a: Zapdos
|-damage|p1a: Zapdos|84/100
|-unboost|p1a: Zapdos|spe|1
|
|upkeep
|turn|9
|
|t:|1743797796
|switch|p2a: Kyurem|Kyurem|100/100
|-damage|p2a: Kyurem|76/100|[from] Stealth Rock
|-ability|p2a: Kyurem|Pressure
|move|p1a: Zapdos|U-turn|p2a: Kyurem
|-damage|p2a: Kyurem|69/100
|
|t:|1743797804
|switch|p1a: Garganacl|Garganacl, M|100/100|[from] U-turn
|
|-heal|p2a: Kyurem|75/100|[from] Grassy Terrain
|upkeep
|turn|10
|
|t:|1743797817
|switch|p2a: Hitmontop|Hitmontop, M|100/100 par
|move|p1a: Garganacl|Salt Cure|p2a: Hitmontop
|-resisted|p2a: Hitmontop
|-damage|p2a: Hitmontop|96/100 par
|-start|p2a: Hitmontop|Salt Cure
|
|-heal|p2a: Hitmontop|100/100 par|[from] Grassy Terrain
|-damage|p2a: Hitmontop|88/100 par|[from] Salt Cure
|upkeep
|turn|11
|inactive|901ttc has 120 seconds left.
|
|t:|1743797842
|switch|p2a: Gholdengo|Gholdengo|100/100
|-damage|p2a: Gholdengo|94/100|[from] Stealth Rock
|-enditem|p2a: Gholdengo|Grassy Seed
|-boost|p2a: Gholdengo|def|1|[from] item: Grassy Seed
|switch|p1a: Zapdos|Zapdos|84/100
|
|-heal|p2a: Gholdengo|100/100|[from] Grassy Terrain
|-sideend|p1: alex12381723898|move: Aurora Veil
|upkeep
|turn|12
|
|t:|1743797851
|move|p2a: Gholdengo|Nasty Plot|p2a: Gholdengo
|-boost|p2a: Gholdengo|spa|2
|move|p1a: Zapdos|U-turn|p2a: Gholdengo
|-resisted|p2a: Gholdengo
|-damage|p2a: Gholdengo|99/100
|inactive|alex12381723898 has 60 seconds left.
|
|t:|1743797877
|switch|p1a: Ting-Lu|Ting-Lu|100/100|[from] U-turn
|-ability|p1a: Ting-Lu|Vessel of Ruin
|
|-heal|p2a: Gholdengo|100/100|[from] Grassy Terrain
|upkeep
|turn|13
|
|t:|1743797892
|move|p2a: Gholdengo|Dazzling Gleam|p1a: Ting-Lu
|-supereffective|p1a: Ting-Lu
|-damage|p1a: Ting-Lu|47/100
|move|p1a: Ting-Lu|Ruination|p2a: Gholdengo
|-damage|p2a: Gholdengo|51/100
|
|-heal|p2a: Gholdengo|57/100|[from] Grassy Terrain
|-heal|p1a: Ting-Lu|53/100|[from] Grassy Terrain
|-heal|p1a: Ting-Lu|59/100|[from] item: Leftovers
|-sideend|p2: 901ttc|move: Aurora Veil
|upkeep
|turn|14
|inactive|alex12381723898 has 60 seconds left.
|
|t:|1743797913
|move|p2a: Gholdengo|Recover|p2a: Gholdengo
|-heal|p2a: Gholdengo|100/100
|move|p1a: Ting-Lu|Ruination|p2a: Gholdengo
|-damage|p2a: Gholdengo|51/100
|
|-heal|p2a: Gholdengo|57/100|[from] Grassy Terrain
|-heal|p1a: Ting-Lu|65/100|[from] Grassy Terrain
|-heal|p1a: Ting-Lu|72/100|[from] item: Leftovers
|-fieldend|move: Grassy Terrain
|upkeep
|turn|15
|
|t:|1743797923
|move|p2a: Gholdengo|Recover|p2a: Gholdengo
|-heal|p2a: Gholdengo|100/100
|move|p1a: Ting-Lu|Earthquake|p2a: Gholdengo
|-supereffective|p2a: Gholdengo
|-damage|p2a: Gholdengo|52/100
|
|-heal|p1a: Ting-Lu|78/100|[from] item: Leftovers
|upkeep
|turn|16
|inactive|alex12381723898 has 60 seconds left.
|
|t:|1743797938
|move|p2a: Gholdengo|Dazzling Gleam|p1a: Ting-Lu
|-supereffective|p1a: Ting-Lu
|-damage|p1a: Ting-Lu|24/100
|move|p1a: Ting-Lu|Earthquake|p2a: Gholdengo
|-supereffective|p2a: Gholdengo
|-damage|p2a: Gholdengo|2/100
|
|-heal|p1a: Ting-Lu|30/100|[from] item: Leftovers
|upkeep
|turn|17
|
|t:|1743797943
|move|p2a: Gholdengo|Dazzling Gleam|p1a: Ting-Lu
|-supereffective|p1a: Ting-Lu
|-damage|p1a: Ting-Lu|0 fnt
|faint|p1a: Ting-Lu
|
|upkeep
|
|t:|1743797946
|switch|p1a: Cinderace|Cinderace, M|100/100
|turn|18
|
|t:|1743797960
|move|p1a: Cinderace|Pyro Ball|p2a: Gholdengo
|-supereffective|p2a: Gholdengo
|-damage|p2a: Gholdengo|0 fnt
|faint|p2a: Gholdengo
|
|upkeep
|
|t:|1743797980
|switch|p2a: Hitmontop|Hitmontop, M|88/100 par
|turn|19
|
|t:|1743797986
|switch|p1a: Zapdos|Zapdos|84/100
|switch|p2a: Ninetales|Ninetales-Alola, F|45/100
|-damage|p2a: Ninetales|20/100|[from] Stealth Rock
|-weather|Snowscape|[from] ability: Snow Warning|[of] p2a: Ninetales
|
|-weather|Snowscape|[upkeep]
|upkeep
|turn|20
|
|t:|1743797994
|move|p2a: Ninetales|Freeze-Dry|p1a: Zapdos
|-supereffective|p1a: Zapdos
|-crit|p1a: Zapdos
|-damage|p1a: Zapdos|22/100
|move|p1a: Zapdos|U-turn|p2a: Ninetales
|-resisted|p2a: Ninetales
|-damage|p2a: Ninetales|15/100
|
|t:|1743798000
|switch|p1a: Cinderace|Cinderace, M|100/100|[from] U-turn
|
|-weather|Snowscape|[upkeep]
|upkeep
|turn|21
|
|t:|1743798016
|switch|p2a: Kyurem|Kyurem|75/100
|-damage|p2a: Kyurem|50/100|[from] Stealth Rock
|-ability|p2a: Kyurem|Pressure
|move|p1a: Cinderace|Pyro Ball|p2a: Kyurem
|-damage|p2a: Kyurem|13/100
|
|-weather|Snowscape|[upkeep]
|upkeep
|turn|22
|
|t:|1743798024
|move|p1a: Cinderace|Pyro Ball|p2a: Kyurem
|-damage|p2a: Kyurem|0 fnt
|faint|p2a: Kyurem
|
|-weather|Snowscape|[upkeep]
|upkeep
|
|t:|1743798031
|switch|p2a: Hitmontop|Hitmontop, M|88/100 par
|turn|23
|c|☆alex12381723898|gg bro
|
|t:|1743798034
|cant|p2a: Hitmontop|par
|move|p1a: Cinderace|U-turn|p2a: Hitmontop
|-start|p1a: Cinderace|typechange|Bug|[from] ability: Libero
|-resisted|p2a: Hitmontop
|-damage|p2a: Hitmontop|62/100 par
|
|t:|1743798036
|switch|p1a: Zapdos|Zapdos|22/100|[from] U-turn
|
|-weather|none
|upkeep
|turn|24
|
|t:|1743798042
|move|p2a: Hitmontop|Sucker Punch||[still]
|-fail|p2a: Hitmontop
|move|p1a: Zapdos|Roost|p1a: Zapdos
|-heal|p1a: Zapdos|73/100
|-singleturn|p1a: Zapdos|move: Roost
|
|upkeep
|turn|25
|inactive|alex12381723898 has 120 seconds left.
|
|t:|1743798083
|cant|p2a: Hitmontop|par
|move|p1a: Zapdos|Hurricane|p2a: Hitmontop
|-supereffective|p2a: Hitmontop
|-damage|p2a: Hitmontop|0 fnt
|faint|p2a: Hitmontop
|
|upkeep
|
|t:|1743798089
|switch|p2a: Ninetales|Ninetales-Alola, F|15/100
|-damage|p2a: Ninetales|0 fnt|[from] Stealth Rock
|faint|p2a: Ninetales
|
|t:|1743798095
|switch|p2a: Maushold|Maushold-Four, shiny|100/100
|-damage|p2a: Maushold|88/100|[from] Stealth Rock
|turn|26
|
|t:|1743798117
|move|p2a: Maushold|Tidy Up|p2a: Maushold
|-sideend|p2: 901ttc|Stealth Rock
|-activate|p2a: Maushold|move: Tidy Up
|-boost|p2a: Maushold|atk|1
|-boost|p2a: Maushold|spe|1
|move|p1a: Zapdos|Thunderbolt|p2a: Maushold
|-damage|p2a: Maushold|27/100
|
|upkeep
|turn|27
|
|t:|1743798125
|move|p2a: Maushold|Population Bomb|p1a: Zapdos
|-damage|p1a: Zapdos|58/100
|-damage|p1a: Zapdos|44/100
|-damage|p1a: Zapdos|29/100
|-damage|p1a: Zapdos|16/100
|-status|p2a: Maushold|par|[from] ability: Static|[of] p1a: Zapdos
|-damage|p1a: Zapdos|2/100
|-damage|p1a: Zapdos|0 fnt
|faint|p1a: Zapdos
|-hitcount|p1: Zapdos|6
|
|upkeep
|
|t:|1743798128
|switch|p1a: Weavile|Weavile, F|70/100
|-ability|p1a: Weavile|Pressure
|turn|28
|
|t:|1743798131
|move|p1a: Weavile|Ice Shard|p2a: Maushold
|-damage|p2a: Maushold|0 fnt
|faint|p2a: Maushold
|
|upkeep
|
|t:|1743798133
|switch|p2a: Rillaboom|Rillaboom, M, shiny|100/100
|-fieldstart|move: Grassy Terrain|[from] ability: Grassy Surge|[of] p2a: Rillaboom
|turn|29
|
|t:|1743798136
|move|p1a: Weavile|Triple Axel|p2a: Rillaboom
|-supereffective|p2a: Rillaboom
|-damage|p2a: Rillaboom|85/100
|-supereffective|p2a: Rillaboom
|-damage|p2a: Rillaboom|53/100
|-supereffective|p2a: Rillaboom
|-damage|p2a: Rillaboom|4/100
|-hitcount|p2a: Rillaboom|3
|move|p2a: Rillaboom|Low Sweep|p1a: Weavile
|-supereffective|p1a: Weavile
|-damage|p1a: Weavile|0 fnt
|faint|p1a: Weavile
|
|-heal|p2a: Rillaboom|10/100|[from] Grassy Terrain
|upkeep
|
|t:|1743798139
|switch|p1a: Cinderace|Cinderace, M|100/100
|turn|30
|
|t:|1743798141
|move|p2a: Rillaboom|Grassy Glide|p1a: Cinderace
|-resisted|p1a: Cinderace
|-damage|p1a: Cinderace|78/100
|move|p1a: Cinderace|Pyro Ball|p2a: Rillaboom
|-supereffective|p2a: Rillaboom
|-damage|p2a: Rillaboom|0 fnt
|faint|p2a: Rillaboom
|
|win|alex12381723898
|raw|alex12381723898's rating: 1485 &rarr; <strong>1504</strong><br />(+19 for winning)
|raw|901ttc's rating: 1472 &rarr; <strong>1453</strong><br />(-19 for losing)
|l|☆alex12381723898
|player|p1|
|l|☆901ttc
|player|p2|
