|j|☆r11r1
|j|☆bdypilowenthusiast
|t:|1743913071
|gametype|singles
|player|p1|r11r1|101|1281
|player|p2|bdypilowenthusiast|170|1299
|teamsize|p1|6
|teamsize|p2|6
|gen|9
|tier|[Gen 9] OU
|rated|
|rule|HP Percentage Mod: HP is shown in percentages
|rule|Endless Battle Clause: Forcing endless battles is banned
|rule|Species Clause: Limit one of each Pokémon
|rule|OHKO Clause: OHKO moves are banned
|rule|Evasion Items Clause: Evasion items are banned
|rule|Evasion Moves Clause: Evasion moves are banned
|rule|Sleep Moves Clause: Sleep-inducing moves are banned
|clearpoke
|poke|p1|Iron Treads|
|poke|p1|Darkrai|
|poke|p1|Ogerpon-Wellspring, F|
|poke|p1|Samurott-Hisui, F|
|poke|p1|Gholdengo|
|poke|p1|Serperior, M|
|poke|p2|Gliscor, F|
|poke|p2|Meowscarada, F|
|poke|p2|Ursaluna, F|
|poke|p2|Skarmory, F|
|poke|p2|Dragapult, F|
|poke|p2|Slowking-Galar, F|
|teampreview
|
|t:|1743913083
|start
|switch|p1a: Samurott|Samurott-Hisui, F|100/100
|switch|p2a: Meowscarada|Meowscarada, F|100/100
|turn|1
|
|t:|1743913090
|move|p1a: Samurott|Sacred Sword|p2a: Meowscarada
|-supereffective|p2a: Meowscarada
|-damage|p2a: Meowscarada|0 fnt
|faint|p2a: Meowscarada
|
|upkeep
|inactive|Battle timer is ON: inactive players will automatically lose when time's up. (requested by r11r1)
|
|t:|1743913117
|switch|p2a: Dragapult|Dragapult, F|100/100
|turn|2
|
|t:|1743913134
|switch|p1a: Iron Treads|Iron Treads|100/100
|move|p2a: Dragapult|Will-O-Wisp|p1a: Iron Treads
|-status|p1a: Iron Treads|brn
|
|-damage|p1a: Iron Treads|94/100 brn|[from] brn
|upkeep
|turn|3
|
|t:|1743913157
|move|p2a: Dragapult|Hex|p1a: Iron Treads
|-damage|p1a: Iron Treads|39/100 brn
|move|p1a: Iron Treads|Volt Switch|p2a: Dragapult
|-resisted|p2a: Dragapult
|-damage|p2a: Dragapult|93/100
|
|t:|1743913178
|-end|p1a: Iron Treads|Quark Drive|[silent]
|switch|p1a: Samurott|Samurott-Hisui, F|100/100|[from] Volt Switch
|
|upkeep
|turn|4
|
|t:|1743913194
|switch|p2a: Skarmory|Skarmory, F|100/100
|move|p1a: Samurott|Ceaseless Edge|p2a: Skarmory
|-damage|p2a: Skarmory|74/100
|-damage|p1a: Samurott|84/100|[from] item: Rocky Helmet|[of] p2a: Skarmory
|-sidestart|p2: bdypilowenthusiast|Spikes
|
|upkeep
|turn|5
|inactive|bdypilowenthusiast has 120 seconds left.
|
|t:|1743913209
|move|p1a: Samurott|Ceaseless Edge|p2a: Skarmory
|-damage|p2a: Skarmory|45/100
|-damage|p1a: Samurott|67/100|[from] item: Rocky Helmet|[of] p2a: Skarmory
|-sidestart|p2: bdypilowenthusiast|Spikes
|move|p2a: Skarmory|Stealth Rock|p1a: Samurott
|-sidestart|p1: r11r1|move: Stealth Rock
|
|upkeep
|turn|6
|
|t:|1743913215
|move|p1a: Samurott|Ceaseless Edge|p2a: Skarmory
|-damage|p2a: Skarmory|16/100
|-damage|p1a: Samurott|51/100|[from] item: Rocky Helmet|[of] p2a: Skarmory
|-sidestart|p2: bdypilowenthusiast|Spikes
|move|p2a: Skarmory|Roost|p2a: Skarmory
|-heal|p2a: Skarmory|66/100
|-singleturn|p2a: Skarmory|move: Roost
|
|upkeep
|turn|7
|
|t:|1743913226
|switch|p1a: Darkrai|Darkrai|100/100
|-damage|p1a: Darkrai|88/100|[from] Stealth Rock
|move|p2a: Skarmory|Roost|p2a: Skarmory
|-heal|p2a: Skarmory|100/100
|-singleturn|p2a: Skarmory|move: Roost
|
|upkeep
|turn|8
|
|t:|1743913231
|move|p1a: Darkrai|Swords Dance|p1a: Darkrai
|-boost|p1a: Darkrai|atk|2
|move|p2a: Skarmory|Whirlwind|p1a: Darkrai
|drag|p1a: Ogerpon|Ogerpon-Wellspring, F|100/100
|-damage|p1a: Ogerpon|88/100|[from] Stealth Rock
|
|upkeep
|turn|9
|c|☆bdypilowenthusiast|swords dance huh
|
|t:|1743913244
|move|p1a: Ogerpon|Ivy Cudgel|p2a: Skarmory|[anim] Ivy Cudgel Water
|-damage|p2a: Skarmory|62/100
|move|p2a: Skarmory|Whirlwind|p1a: Ogerpon
|drag|p1a: Samurott|Samurott-Hisui, F|51/100
|-damage|p1a: Samurott|39/100|[from] Stealth Rock
|
|upkeep
|turn|10
|
|t:|1743913251
|move|p1a: Samurott|Aqua Cutter|p2a: Skarmory
|-damage|p2a: Skarmory|33/100
|move|p2a: Skarmory|Roost|p2a: Skarmory
|-heal|p2a: Skarmory|83/100
|-singleturn|p2a: Skarmory|move: Roost
|
|upkeep
|turn|11
|
|t:|1743913258
|move|p1a: Samurott|Aqua Cutter|p2a: Skarmory
|-damage|p2a: Skarmory|53/100
|move|p2a: Skarmory|Roost|p2a: Skarmory
|-heal|p2a: Skarmory|100/100
|-singleturn|p2a: Skarmory|move: Roost
|
|upkeep
|turn|12
|
|t:|1743913285
|switch|p1a: Gholdengo|Gholdengo|100/100
|-damage|p1a: Gholdengo|94/100|[from] Stealth Rock
|-item|p1a: Gholdengo|Air Balloon
|switch|p2a: Dragapult|Dragapult, F|93/100
|
|upkeep
|turn|13
|
|t:|1743913298
|move|p2a: Dragapult|Hex|p1a: Gholdengo
|-supereffective|p1a: Gholdengo
|-damage|p1a: Gholdengo|53/100
|-enditem|p1a: Gholdengo|Air Balloon
|move|p1a: Gholdengo|Thunder Wave|p2a: Dragapult
|-status|p2a: Dragapult|par
|
|upkeep
|turn|14
|inactive|bdypilowenthusiast has 120 seconds left.
|
|t:|1743913313
|switch|p2a: Ursaluna|Ursaluna, F|100/100
|move|p1a: Gholdengo|Recover|p1a: Gholdengo
|-heal|p1a: Gholdengo|100/100
|
|upkeep
|turn|15
|
|t:|1743913323
|switch|p1a: Iron Treads|Iron Treads|39/100 brn
|-damage|p1a: Iron Treads|36/100 brn|[from] Stealth Rock
|move|p2a: Ursaluna|Headlong Rush|p1a: Iron Treads
|-supereffective|p1a: Iron Treads
|-damage|p1a: Iron Treads|0 fnt
|-unboost|p2a: Ursaluna|def|1
|-unboost|p2a: Ursaluna|spd|1
|faint|p1a: Iron Treads
|-end|p1a: Iron Treads|Quark Drive|[silent]
|
|upkeep
|
|t:|1743913343
|switch|p1a: Ogerpon|Ogerpon-Wellspring, F|88/100
|-damage|p1a: Ogerpon|76/100|[from] Stealth Rock
|turn|16
|inactive|bdypilowenthusiast has 120 seconds left.
|
|t:|1743913365
|switch|p2a: Slowking|Slowking-Galar, F|100/100
|move|p1a: Ogerpon|Swords Dance|p1a: Ogerpon
|-boost|p1a: Ogerpon|atk|2
|
|upkeep
|turn|17
|inactive|bdypilowenthusiast has 120 seconds left.
|
|t:|1743913376
|-terastallize|p1a: Ogerpon|Water
|detailschange|p1a: Ogerpon|Ogerpon-Wellspring-Tera, F, tera:Water
|-ability|p1a: Ogerpon|Embody Aspect (Wellspring)|boost
|-boost|p1a: Ogerpon|spd|1
|move|p1a: Ogerpon|Ivy Cudgel|p2a: Slowking|[anim] Ivy Cudgel Water
|-crit|p2a: Slowking
|-damage|p2a: Slowking|0 fnt
|faint|p2a: Slowking
|
|upkeep
|inactive|bdypilowenthusiast has 120 seconds left.
|
|t:|1743913399
|switch|p2a: Dragapult|Dragapult, F|93/100 par
|turn|18
|inactive|bdypilowenthusiast has 90 seconds left.
|
|t:|1743913428
|move|p1a: Ogerpon|Ivy Cudgel|p2a: Dragapult|[anim] Ivy Cudgel Water
|-resisted|p2a: Dragapult
|-crit|p2a: Dragapult
|-damage|p2a: Dragapult|0 fnt
|faint|p2a: Dragapult
|
|upkeep
|inactive|bdypilowenthusiast has 90 seconds left.
|
|t:|1743913461
|switch|p2a: Skarmory|Skarmory, F|100/100
|turn|19
|
|t:|1743913472
|move|p1a: Ogerpon|Ivy Cudgel|p2a: Skarmory|[anim] Ivy Cudgel Water
|-damage|p2a: Skarmory|2/100
|move|p2a: Skarmory|Whirlwind|p1a: Ogerpon
|drag|p1a: Gholdengo|Gholdengo|100/100
|-damage|p1a: Gholdengo|94/100|[from] Stealth Rock
|
|upkeep
|turn|20
|
|t:|1743913487
|move|p1a: Gholdengo|Hex|p2a: Skarmory
|-damage|p2a: Skarmory|0 fnt
|faint|p2a: Skarmory
|
|upkeep
|inactive|bdypilowenthusiast has 60 seconds left.
|
|t:|1743913501
|switch|p2a: Gliscor|Gliscor, F|100/100
|turn|21
|inactive|bdypilowenthusiast has 60 seconds left.
|
|t:|1743913518
|switch|p1a: Samurott|Samurott-Hisui, F|39/100
|-damage|p1a: Samurott|26/100|[from] Stealth Rock
|move|p2a: Gliscor|Swords Dance|p2a: Gliscor
|-boost|p2a: Gliscor|atk|2
|
|-status|p2a: Gliscor|tox|[from] item: Toxic Orb
|upkeep
|turn|22
|inactive|bdypilowenthusiast has 60 seconds left.
|
|t:|1743913531
|move|p2a: Gliscor|Protect|p2a: Gliscor
|-singleturn|p2a: Gliscor|Protect
|move|p1a: Samurott|Aqua Cutter|p2a: Gliscor
|-activate|p2a: Gliscor|move: Protect
|
|upkeep
|turn|23
|inactive|bdypilowenthusiast has 60 seconds left.
|
|t:|1743913540
|-terastallize|p2a: Gliscor|Normal
|move|p1a: Samurott|Aqua Cutter|p2a: Gliscor
|-damage|p2a: Gliscor|68/100 tox
|move|p2a: Gliscor|Facade|p1a: Samurott
|-damage|p1a: Samurott|0 fnt
|faint|p1a: Samurott
|
|-heal|p2a: Gliscor|80/100 tox|[from] ability: Poison Heal
|upkeep
|
|t:|1743913558
|switch|p1a: Darkrai|Darkrai|88/100
|-damage|p1a: Darkrai|76/100|[from] Stealth Rock
|turn|24
|inactive|bdypilowenthusiast has 60 seconds left.
|
|t:|1743913580
|move|p1a: Darkrai|Swords Dance|p1a: Darkrai
|-boost|p1a: Darkrai|atk|2
|move|p2a: Gliscor|Facade|p1a: Darkrai
|-damage|p1a: Darkrai|0 fnt
|faint|p1a: Darkrai
|
|-heal|p2a: Gliscor|93/100 tox|[from] ability: Poison Heal
|upkeep
|
|t:|1743913590
|switch|p1a: Serperior|Serperior, M|100/100
|-damage|p1a: Serperior|88/100|[from] Stealth Rock
|turn|25
|
|t:|1743913598
|move|p2a: Gliscor|Protect|p2a: Gliscor
|-singleturn|p2a: Gliscor|Protect
|move|p1a: Serperior|Leaf Storm|p2a: Gliscor
|-activate|p2a: Gliscor|move: Protect
|
|-heal|p1a: Serperior|94/100|[from] item: Leftovers
|-heal|p2a: Gliscor|100/100 tox|[from] ability: Poison Heal
|upkeep
|turn|26
|
|t:|1743913605
|move|p1a: Serperior|Leaf Storm|p2a: Gliscor
|-damage|p2a: Gliscor|51/100 tox
|-boost|p1a: Serperior|spa|2
|move|p2a: Gliscor|Facade|p1a: Serperior
|-damage|p1a: Serperior|0 fnt
|faint|p1a: Serperior
|
|-heal|p2a: Gliscor|64/100 tox|[from] ability: Poison Heal
|upkeep
|
|t:|1743913610
|switch|p1a: Ogerpon|Ogerpon-Wellspring-Tera, F, tera:Water|76/100
|-damage|p1a: Ogerpon|64/100|[from] Stealth Rock
|-ability|p1a: Ogerpon|Embody Aspect (Wellspring)|boost
|-boost|p1a: Ogerpon|spd|1
|turn|27
|
|t:|1743913632
|move|p1a: Ogerpon|Ivy Cudgel|p2a: Gliscor|[anim] Ivy Cudgel Water
|-damage|p2a: Gliscor|13/100 tox
|move|p2a: Gliscor|Facade|p1a: Ogerpon
|-damage|p1a: Ogerpon|0 fnt
|faint|p1a: Ogerpon
|
|-heal|p2a: Gliscor|25/100 tox|[from] ability: Poison Heal
|upkeep
|
|t:|1743913635
|switch|p1a: Gholdengo|Gholdengo|94/100
|-damage|p1a: Gholdengo|88/100|[from] Stealth Rock
|turn|28
|-message|r11r1 forfeited.
|
|win|bdypilowenthusiast
|raw|r11r1's rating: 1281 &rarr; <strong>1257</strong><br />(-24 for losing)
|raw|bdypilowenthusiast's rating: 1299 &rarr; <strong>1323</strong><br />(+24 for winning)
|l|☆r11r1
|player|p1|
|l|☆bdypilowenthusiast
|player|p2|
