|j|☆kasage
|j|☆Javitha Jolene
|t:|1743878937
|gametype|singles
|player|p1|kasage|roxanne-gen6|1115
|player|p2|Javitha Jolene|beauty-gen2jp|1158
|teamsize|p1|6
|teamsize|p2|6
|gen|9
|tier|[Gen 9] OU
|rated|
|rule|HP Percentage Mod: HP is shown in percentages
|rule|Endless Battle Clause: Forcing endless battles is banned
|rule|Species Clause: Limit one of each Pokémon
|rule|OHKO Clause: OHKO moves are banned
|rule|Evasion Items Clause: Evasion items are banned
|rule|Evasion Moves Clause: Evasion moves are banned
|rule|Sleep Moves Clause: Sleep-inducing moves are banned
|clearpoke
|poke|p1|Sneasel-Hisui, F|
|poke|p1|Garganacl, F|
|poke|p1|Zapdos|
|poke|p1|Ogerpon-Wellspring, F|
|poke|p1|Hitmontop, M|
|poke|p1|Iron Treads|
|poke|p2|Garganacl, F|
|poke|p2|Weezing-Galar, F|
|poke|p2|Corviknight, F|
|poke|p2|Dragapult, F|
|poke|p2|Slowking-Galar, F|
|poke|p2|Samurott-Hisui, F|
|teampreview
|inactive|Battle timer is ON: inactive players will automatically lose when time's up. (requested by Javitha Jolene)
|
|t:|1743878967
|start
|switch|p1a: Hitmontop|Hitmontop, M, shiny|100/100
|switch|p2a: Samurott|Samurott-Hisui, F|100/100
|turn|1
|
|t:|1743878972
|move|p2a: Samurott|Flip Turn|p1a: Hitmontop
|-damage|p1a: Hitmontop|68/100
|
|t:|1743878975
|switch|p2a: Corviknight|Corviknight, F|100/100|[from] Flip Turn
|-ability|p2a: Corviknight|Pressure
|move|p1a: Hitmontop|Bulk Up|p1a: Hitmontop
|-boost|p1a: Hitmontop|atk|1
|-boost|p1a: Hitmontop|def|1
|
|upkeep
|turn|2
|
|t:|1743878982
|move|p1a: Hitmontop|Close Combat|p2a: Corviknight
|-damage|p2a: Corviknight|48/100
|-unboost|p1a: Hitmontop|def|1
|-unboost|p1a: Hitmontop|spd|1
|-damage|p1a: Hitmontop|51/100|[from] item: Rocky Helmet|[of] p2a: Corviknight
|move|p2a: Corviknight|Brave Bird|p1a: Hitmontop
|-supereffective|p1a: Hitmontop
|-damage|p1a: Hitmontop|0 fnt
|faint|p1a: Hitmontop
|-damage|p2a: Corviknight|35/100|[from] Recoil
|
|upkeep
|
|t:|1743878986
|switch|p1a: Zapdos|Zapdos|100/100
|turn|3
|inactive|Javitha Jolene has 120 seconds left.
|
|t:|1743879022
|switch|p2a: Gweezing|Weezing-Galar, F, shiny|100/100
|-ability|p2a: Gweezing|Neutralizing Gas
|move|p1a: Zapdos|Volt Switch|p2a: Gweezing
|-damage|p2a: Gweezing|53/100
|
|t:|1743879030
|switch|p1a: Iron Treads|Iron Treads|100/100|[from] Volt Switch
|
|-heal|p2a: Gweezing|59/100|[from] item: Black Sludge
|upkeep
|turn|4
|
|t:|1743879037
|-end|p2a: Gweezing|ability: Neutralizing Gas
|switch|p2a: Corviknight|Corviknight, F|35/100
|-ability|p2a: Corviknight|Pressure
|move|p1a: Iron Treads|Volt Switch|p2a: Corviknight
|-supereffective|p2a: Corviknight
|-damage|p2a: Corviknight|15/100
|
|t:|1743879043
|-end|p1a: Iron Treads|Quark Drive|[silent]
|switch|p1a: Zapdos|Zapdos|100/100|[from] Volt Switch
|
|upkeep
|turn|5
|
|t:|1743879054
|move|p1a: Zapdos|Volt Switch|p2a: Corviknight
|-supereffective|p2a: Corviknight
|-damage|p2a: Corviknight|0 fnt
|faint|p2a: Corviknight
|
|t:|1743879067
|switch|p1a: Sneasel|Sneasel-Hisui, F|100/100|[from] Volt Switch
|
|upkeep
|
|t:|1743879080
|switch|p2a: Glowking|Slowking-Galar, F, shiny|100/100
|turn|6
|
|t:|1743879092
|switch|p1a: Iron Treads|Iron Treads|100/100
|move|p2a: Glowking|Future Sight|p1a: Iron Treads
|-start|p2a: Glowking|move: Future Sight
|
|upkeep
|turn|7
|
|t:|1743879100
|move|p1a: Iron Treads|Earthquake|p2a: Glowking
|-supereffective|p2a: Glowking
|-damage|p2a: Glowking|1/100
|move|p2a: Glowking|Flamethrower|p1a: Iron Treads
|-supereffective|p1a: Iron Treads
|-damage|p1a: Iron Treads|58/100
|
|upkeep
|turn|8
|
|t:|1743879111
|move|p1a: Iron Treads|Earthquake|p2a: Glowking
|-supereffective|p2a: Glowking
|-damage|p2a: Glowking|0 fnt
|faint|p2a: Glowking
|
|-end|p1a: Iron Treads|move: Future Sight
|-resisted|p1a: Iron Treads
|-damage|p1a: Iron Treads|34/100
|upkeep
|
|t:|1743879129
|switch|p2a: Garganacl|Garganacl, F, shiny|100/100
|turn|9
|
|t:|1743879137
|move|p1a: Iron Treads|Earthquake|p2a: Garganacl
|-supereffective|p2a: Garganacl
|-damage|p2a: Garganacl|40/100
|move|p2a: Garganacl|Stealth Rock|p1a: Iron Treads
|-sidestart|p1: kasage|move: Stealth Rock
|
|-heal|p2a: Garganacl|46/100|[from] item: Leftovers
|upkeep
|turn|10
|
|t:|1743879141
|move|p2a: Garganacl|Protect|p2a: Garganacl
|-singleturn|p2a: Garganacl|Protect
|move|p1a: Iron Treads|Earthquake|p2a: Garganacl
|-activate|p2a: Garganacl|move: Protect
|
|-heal|p2a: Garganacl|52/100|[from] item: Leftovers
|upkeep
|turn|11
|
|t:|1743879145
|move|p1a: Iron Treads|Earthquake|p2a: Garganacl
|-supereffective|p2a: Garganacl
|-damage|p2a: Garganacl|0 fnt
|faint|p2a: Garganacl
|
|upkeep
|-message|Javitha Jolene forfeited.
|
|win|kasage
|raw|kasage's rating: 1115 &rarr; <strong>1143</strong><br />(+28 for winning)
|raw|Javitha Jolene's rating: 1158 &rarr; <strong>1130</strong><br />(-28 for losing)
|l|☆Javitha Jolene
|player|p2|
|l|☆kasage
|player|p1|
