|j|☆LiveonF
|j|☆sorrybutimoutside
|t:|1743913842
|gametype|singles
|player|p1|LiveonF|sage|1104
|player|p2|sorrybutimoutside|n-masters|1074
|teamsize|p1|6
|teamsize|p2|6
|gen|9
|tier|[Gen 9] OU
|rated|
|rule|HP Percentage Mod: HP is shown in percentages
|rule|Endless Battle Clause: Forcing endless battles is banned
|rule|Species Clause: Limit one of each Pokémon
|rule|OHKO Clause: OHKO moves are banned
|rule|Evasion Items Clause: Evasion items are banned
|rule|Evasion Moves Clause: Evasion moves are banned
|rule|Sleep Moves Clause: Sleep-inducing moves are banned
|clearpoke
|poke|p1|Garganacl, M|
|poke|p1|Glimmora, F|
|poke|p1|Gholdengo|
|poke|p1|Gliscor, M|
|poke|p1|Blaziken, M|
|poke|p1|Volcanion|
|poke|p2|Ribombee, M|
|poke|p2|Kyurem|
|poke|p2|Raging Bolt|
|poke|p2|Iron Valiant|
|poke|p2|Gholdengo|
|poke|p2|Iron Moth|
|teampreview
|
|t:|1743913850
|start
|switch|p1a: Banshee|Glimmora, F|100/100
|switch|p2a: Ribombee|Ribombee, M|100/100
|turn|1
|
|t:|1743913854
|move|p2a: Ribombee|Psychic|p1a: Banshee
|-supereffective|p1a: Banshee
|-damage|p1a: Banshee|33/100
|move|p1a: Banshee|Power Gem|p2a: Ribombee
|-supereffective|p2a: Ribombee
|-enditem|p2a: Ribombee|Focus Sash
|-damage|p2a: Ribombee|1/100
|
|upkeep
|turn|2
|inactive|Battle timer is ON: inactive players will automatically lose when time's up. (requested by sorrybutimoutside)
|
|t:|1743913871
|switch|p1a: PinchUrNips|Gliscor, M, shiny|100/100
|move|p2a: Ribombee|Psychic|p1a: PinchUrNips
|-damage|p1a: PinchUrNips|71/100
|
|-status|p1a: PinchUrNips|tox|[from] item: Toxic Orb
|upkeep
|turn|3
|
|t:|1743913878
|move|p2a: Ribombee|Sticky Web|p1a: PinchUrNips
|-sidestart|p1: LiveonF|move: Sticky Web
|move|p1a: PinchUrNips|Knock Off|p2a: Ribombee
|-resisted|p2a: Ribombee
|-damage|p2a: Ribombee|0 fnt
|faint|p2a: Ribombee
|
|-heal|p1a: PinchUrNips|83/100 tox|[from] ability: Poison Heal
|upkeep
|
|t:|1743913885
|switch|p2a: Kyurem|Kyurem|100/100
|-ability|p2a: Kyurem|Pressure
|turn|4
|
|t:|1743913889
|-terastallize|p1a: PinchUrNips|Normal
|move|p2a: Kyurem|Dragon Dance|p2a: Kyurem
|-boost|p2a: Kyurem|atk|1
|-boost|p2a: Kyurem|spe|1
|move|p1a: PinchUrNips|Toxic|p2a: Kyurem
|-status|p2a: Kyurem|tox
|
|-damage|p2a: Kyurem|94/100 tox|[from] psn
|-heal|p1a: PinchUrNips|95/100 tox|[from] ability: Poison Heal
|upkeep
|turn|5
|
|t:|1743913907
|move|p2a: Kyurem|Dragon Dance|p2a: Kyurem
|-boost|p2a: Kyurem|atk|1
|-boost|p2a: Kyurem|spe|1
|move|p1a: PinchUrNips|Spikes|p2a: Kyurem
|-sidestart|p2: sorrybutimoutside|Spikes
|
|-damage|p2a: Kyurem|82/100 tox|[from] psn
|-heal|p1a: PinchUrNips|100/100 tox|[from] ability: Poison Heal
|upkeep
|turn|6
|
|t:|1743913918
|move|p1a: PinchUrNips|Protect|p1a: PinchUrNips
|-singleturn|p1a: PinchUrNips|Protect
|move|p2a: Kyurem|Icicle Spear|p1a: PinchUrNips
|-activate|p1a: PinchUrNips|move: Protect
|
|-damage|p2a: Kyurem|64/100 tox|[from] psn
|upkeep
|turn|7
|
|t:|1743913940
|switch|p1a: Banshee|Glimmora, F|33/100
|-activate|p1a: Banshee|move: Sticky Web
|-unboost|p1a: Banshee|spe|1
|move|p2a: Kyurem|Icicle Spear|p1a: Banshee
|-damage|p1a: Banshee|0 fnt
|-activate|p1a: Banshee|ability: Toxic Debris
|-sidestart|p2: sorrybutimoutside|move: Toxic Spikes
|faint|p1a: Banshee
|-hitcount|p1: Banshee|1
|
|-damage|p2a: Kyurem|39/100 tox|[from] psn
|upkeep
|inactive|LiveonF has 120 seconds left.
|
|t:|1743913966
|switch|p1a: PinchUrNips|Gliscor, M, shiny, tera:Normal|100/100 tox
|-activate|p1a: PinchUrNips|move: Sticky Web
|-unboost|p1a: PinchUrNips|spe|1
|turn|8
|
|t:|1743913985
|move|p1a: PinchUrNips|Protect|p1a: PinchUrNips
|-singleturn|p1a: PinchUrNips|Protect
|move|p2a: Kyurem|Dragon Dance|p2a: Kyurem
|-boost|p2a: Kyurem|atk|1
|-boost|p2a: Kyurem|spe|1
|
|-damage|p2a: Kyurem|8/100 tox|[from] psn
|upkeep
|turn|9
|inactive|LiveonF has 120 seconds left.
|
|t:|1743914003
|switch|p1a: Money Mane|Gholdengo|100/100
|-item|p1a: Money Mane|Air Balloon
|move|p2a: Kyurem|Icicle Spear|p1a: Money Mane
|-resisted|p1a: Money Mane
|-damage|p1a: Money Mane|87/100
|-enditem|p1a: Money Mane|Air Balloon
|-resisted|p1a: Money Mane
|-damage|p1a: Money Mane|74/100
|-resisted|p1a: Money Mane
|-damage|p1a: Money Mane|60/100
|-resisted|p1a: Money Mane
|-damage|p1a: Money Mane|47/100
|-hitcount|p1a: Money Mane|4
|
|-damage|p2a: Kyurem|0 fnt|[from] psn
|faint|p2a: Kyurem
|upkeep
|
|t:|1743914019
|switch|p2a: Iron Moth|Iron Moth|100/100
|-damage|p2a: Iron Moth|88/100|[from] Spikes
|-sideend|p2: sorrybutimoutside|move: Toxic Spikes|[of] p2a: Iron Moth
|-enditem|p2a: Iron Moth|Booster Energy
|-activate|p2a: Iron Moth|ability: Quark Drive|[fromitem]
|-start|p2a: Iron Moth|quarkdrivespa
|turn|10
|inactive|LiveonF has 120 seconds left.
|
|t:|1743914026
|switch|p1a: A Salting Ape|Garganacl, M, shiny|100/100
|-activate|p1a: A Salting Ape|move: Sticky Web
|-unboost|p1a: A Salting Ape|spe|1
|move|p2a: Iron Moth|Fiery Dance|p1a: A Salting Ape
|-resisted|p1a: A Salting Ape
|-damage|p1a: A Salting Ape|83/100
|-boost|p2a: Iron Moth|spa|1
|
|-heal|p1a: A Salting Ape|89/100|[from] item: Leftovers
|upkeep
|turn|11
|
|t:|1743914036
|move|p1a: A Salting Ape|Protect|p1a: A Salting Ape
|-singleturn|p1a: A Salting Ape|Protect
|move|p2a: Iron Moth|Psychic|p1a: A Salting Ape
|-activate|p1a: A Salting Ape|move: Protect
|
|-heal|p1a: A Salting Ape|95/100|[from] item: Leftovers
|upkeep
|turn|12
|
|t:|1743914052
|move|p2a: Iron Moth|Psychic|p1a: A Salting Ape
|-damage|p1a: A Salting Ape|50/100
|move|p1a: A Salting Ape|Salt Cure|p2a: Iron Moth
|-supereffective|p2a: Iron Moth
|-damage|p2a: Iron Moth|44/100
|-start|p2a: Iron Moth|Salt Cure
|
|-heal|p1a: A Salting Ape|57/100|[from] item: Leftovers
|-damage|p2a: Iron Moth|32/100|[from] Salt Cure
|upkeep
|turn|13
|inactive|LiveonF has 120 seconds left.
|
|t:|1743914086
|move|p1a: A Salting Ape|Protect|p1a: A Salting Ape
|-singleturn|p1a: A Salting Ape|Protect
|move|p2a: Iron Moth|Fiery Dance|p1a: A Salting Ape
|-activate|p1a: A Salting Ape|move: Protect
|
|-heal|p1a: A Salting Ape|63/100|[from] item: Leftovers
|-damage|p2a: Iron Moth|20/100|[from] Salt Cure
|upkeep
|turn|14
|inactive|LiveonF has 120 seconds left.
|inactive|LiveonF has 90 seconds left.
|
|t:|1743914151
|move|p2a: Iron Moth|Psychic|p1a: A Salting Ape
|-damage|p1a: A Salting Ape|21/100
|-unboost|p1a: A Salting Ape|spd|1
|move|p1a: A Salting Ape|Recover|p1a: A Salting Ape
|-heal|p1a: A Salting Ape|71/100
|
|-heal|p1a: A Salting Ape|77/100|[from] item: Leftovers
|-damage|p2a: Iron Moth|7/100|[from] Salt Cure
|upkeep
|turn|15
|
|t:|1743914156
|move|p1a: A Salting Ape|Protect|p1a: A Salting Ape
|-singleturn|p1a: A Salting Ape|Protect
|move|p2a: Iron Moth|Psychic|p1a: A Salting Ape
|-activate|p1a: A Salting Ape|move: Protect
|
|-heal|p1a: A Salting Ape|83/100|[from] item: Leftovers
|-damage|p2a: Iron Moth|0 fnt|[from] Salt Cure
|faint|p2a: Iron Moth
|-end|p2a: Iron Moth|Quark Drive|[silent]
|upkeep
|
|t:|1743914180
|switch|p2a: Iron Valiant|Iron Valiant|100/100
|-damage|p2a: Iron Valiant|88/100|[from] Spikes
|-enditem|p2a: Iron Valiant|Booster Energy
|-activate|p2a: Iron Valiant|ability: Quark Drive|[fromitem]
|-start|p2a: Iron Valiant|quarkdriveatk
|turn|16
|inactive|LiveonF has 90 seconds left.
|inactive|sorrybutimoutside has 120 seconds left.
|
|t:|1743914206
|switch|p1a: Money Mane|Gholdengo|47/100
|-activate|p1a: Money Mane|move: Sticky Web
|-unboost|p1a: Money Mane|spe|1
|move|p2a: Iron Valiant|Close Combat|p1a: Money Mane
|-immune|p1a: Money Mane
|
|upkeep
|turn|17
|inactive|LiveonF has 90 seconds left.
|
|t:|1743914217
|move|p2a: Iron Valiant|Knock Off|p1a: Money Mane
|-supereffective|p1a: Money Mane
|-damage|p1a: Money Mane|3/100
|move|p1a: Money Mane|Recover|p1a: Money Mane
|-heal|p1a: Money Mane|53/100
|
|upkeep
|turn|18
|
|t:|1743914226
|-terastallize|p2a: Iron Valiant|Water
|move|p2a: Iron Valiant|Swords Dance|p2a: Iron Valiant
|-boost|p2a: Iron Valiant|atk|2
|move|p1a: Money Mane|Recover|p1a: Money Mane
|-heal|p1a: Money Mane|100/100
|
|upkeep
|turn|19
|
|t:|1743914238
|move|p2a: Iron Valiant|Liquidation|p1a: Money Mane
|-damage|p1a: Money Mane|15/100
|-unboost|p1a: Money Mane|def|1
|move|p1a: Money Mane|Thunder Wave|p2a: Iron Valiant
|-status|p2a: Iron Valiant|par
|
|upkeep
|turn|20
|
|t:|1743914246
|move|p2a: Iron Valiant|Knock Off|p1a: Money Mane
|-supereffective|p1a: Money Mane
|-damage|p1a: Money Mane|0 fnt
|faint|p1a: Money Mane
|
|upkeep
|
|t:|1743914260
|switch|p1a: KGB|Volcanion|100/100
|-activate|p1a: KGB|move: Sticky Web
|-unboost|p1a: KGB|spe|1
|turn|21
|
|t:|1743914268
|cant|p2a: Iron Valiant|par
|move|p1a: KGB|Steam Eruption|p2a: Iron Valiant|[miss]
|-miss|p1a: KGB|p2a: Iron Valiant
|
|upkeep
|turn|22
|
|t:|1743914282
|cant|p2a: Iron Valiant|par
|move|p1a: KGB|Steam Eruption|p2a: Iron Valiant
|-resisted|p2a: Iron Valiant
|-damage|p2a: Iron Valiant|9/100 par
|
|upkeep
|turn|23
|
|t:|1743914293
|cant|p2a: Iron Valiant|par
|move|p1a: KGB|Steam Eruption|p2a: Iron Valiant
|-resisted|p2a: Iron Valiant
|-damage|p2a: Iron Valiant|0 fnt
|faint|p2a: Iron Valiant
|-end|p2a: Iron Valiant|Quark Drive|[silent]
|
|upkeep
|
|t:|1743914296
|switch|p2a: Raging Bolt|Raging Bolt|100/100
|-damage|p2a: Raging Bolt|88/100|[from] Spikes
|-enditem|p2a: Raging Bolt|Booster Energy
|-activate|p2a: Raging Bolt|ability: Protosynthesis|[fromitem]
|-start|p2a: Raging Bolt|protosynthesisspa
|turn|24
|inactive|LiveonF has 120 seconds left.
|
|t:|1743914316
|move|p2a: Raging Bolt|Calm Mind|p2a: Raging Bolt
|-boost|p2a: Raging Bolt|spa|1
|-boost|p2a: Raging Bolt|spd|1
|move|p1a: KGB|Steam Eruption|p2a: Raging Bolt
|-resisted|p2a: Raging Bolt
|-damage|p2a: Raging Bolt|59/100
|-status|p2a: Raging Bolt|brn
|
|-damage|p2a: Raging Bolt|53/100 brn|[from] brn
|upkeep
|turn|25
|inactive|LiveonF has 90 seconds left.
|
|t:|1743914351
|switch|p1a: PinchUrNips|Gliscor, M, shiny, tera:Normal|100/100 tox
|-activate|p1a: PinchUrNips|move: Sticky Web
|-unboost|p1a: PinchUrNips|spe|1
|move|p2a: Raging Bolt|Thunderbolt|p1a: PinchUrNips
|-damage|p1a: PinchUrNips|0 fnt
|faint|p1a: PinchUrNips
|
|-damage|p2a: Raging Bolt|47/100 brn|[from] brn
|upkeep
|
|t:|1743914361
|switch|p1a: A Salting Ape|Garganacl, M, shiny|83/100
|-activate|p1a: A Salting Ape|move: Sticky Web
|-unboost|p1a: A Salting Ape|spe|1
|turn|26
|
|t:|1743914373
|move|p2a: Raging Bolt|Thunderbolt|p1a: A Salting Ape
|-damage|p1a: A Salting Ape|13/100
|move|p1a: A Salting Ape|Salt Cure|p2a: Raging Bolt
|-damage|p2a: Raging Bolt|33/100 brn
|-start|p2a: Raging Bolt|Salt Cure
|
|-heal|p1a: A Salting Ape|19/100|[from] item: Leftovers
|-damage|p2a: Raging Bolt|27/100 brn|[from] brn
|-damage|p2a: Raging Bolt|14/100 brn|[from] Salt Cure
|upkeep
|turn|27
|
|t:|1743914377
|-end|p2a: Raging Bolt|Protosynthesis|[silent]
|switch|p2a: Gholdengo|Gholdengo|100/100
|-item|p2a: Gholdengo|Air Balloon
|move|p1a: A Salting Ape|Protect||[still]
|-fail|p1a: A Salting Ape
|
|-heal|p1a: A Salting Ape|25/100|[from] item: Leftovers
|upkeep
|turn|28
|
|t:|1743914393
|move|p2a: Gholdengo|Make It Rain|p1a: A Salting Ape
|-supereffective|p1a: A Salting Ape
|-damage|p1a: A Salting Ape|0 fnt
|-unboost|p2a: Gholdengo|spa|1
|faint|p1a: A Salting Ape
|
|upkeep
|
|t:|1743914396
|switch|p1a: KGB|Volcanion|100/100
|-activate|p1a: KGB|move: Sticky Web
|-unboost|p1a: KGB|spe|1
|turn|29
|
|t:|1743914415
|move|p2a: Gholdengo|Nasty Plot|p2a: Gholdengo
|-boost|p2a: Gholdengo|spa|2
|move|p1a: KGB|Fire Blast|p2a: Gholdengo
|-supereffective|p2a: Gholdengo
|-damage|p2a: Gholdengo|0 fnt
|-enditem|p2a: Gholdengo|Air Balloon
|faint|p2a: Gholdengo
|
|upkeep
|
|t:|1743914417
|switch|p2a: Raging Bolt|Raging Bolt|14/100 brn
|-damage|p2a: Raging Bolt|2/100 brn|[from] Spikes
|turn|30
|
|t:|1743914420
|move|p2a: Raging Bolt|Thunderbolt|p1a: KGB
|-supereffective|p1a: KGB
|-damage|p1a: KGB|0 fnt
|faint|p1a: KGB
|
|-damage|p2a: Raging Bolt|0 fnt|[from] brn
|faint|p2a: Raging Bolt
|-end|p2a: Raging Bolt|Protosynthesis|[silent]
|
|win|LiveonF
|raw|LiveonF's rating: 1104 &rarr; <strong>1127</strong><br />(+23 for winning)
|raw|sorrybutimoutside's rating: 1074 &rarr; <strong>1055</strong><br />(-19 for losing)
|l|☆sorrybutimoutside
|player|p2|
|l|☆LiveonF
|player|p1|
