|j|☆AkieAkie
|j|☆monohue
|t:|1743826474
|gametype|singles
|player|p1|AkieAkie|rosa|1511
|player|p2|monohue|scientist-gen4dp|1647
|teamsize|p1|6
|teamsize|p2|6
|gen|9
|tier|[Gen 9] OU
|rated|
|rule|HP Percentage Mod: HP is shown in percentages
|rule|Endless Battle Clause: Forcing endless battles is banned
|rule|Species Clause: Limit one of each Pokémon
|rule|OHKO Clause: OHKO moves are banned
|rule|Evasion Items Clause: Evasion items are banned
|rule|Evasion Moves Clause: Evasion moves are banned
|rule|Sleep Moves Clause: Sleep-inducing moves are banned
|clearpoke
|poke|p1|Dragonite, M|
|poke|p1|Ting-Lu|
|poke|p1|Gholdengo|
|poke|p1|Iron Valiant|
|poke|p1|Zamazenta-*|
|poke|p1|Kingambit, F|
|poke|p2|Toedscruel, M|
|poke|p2|Alomomola, M|
|poke|p2|Goodra-Hisui, F|
|poke|p2|Slowking-Galar, F|
|poke|p2|Zamazenta-*|
|poke|p2|Moltres|
|teampreview
|inactive|Battle timer is ON: inactive players will automatically lose when time's up. (requested by AkieAkie)
|
|t:|1743826483
|start
|switch|p1a: Ting-Lu|Ting-Lu|100/100
|switch|p2a: mr. squidward|Toedscruel, M, shiny|100/100
|-ability|p1a: Ting-Lu|Vessel of Ruin
|turn|1
|
|t:|1743826490
|move|p1a: Ting-Lu|Stealth Rock|p2a: mr. squidward
|-sidestart|p2: monohue|move: Stealth Rock
|move|p2a: mr. squidward|Toxic|p1a: Ting-Lu
|-status|p1a: Ting-Lu|tox
|
|-damage|p1a: Ting-Lu|94/100 tox|[from] psn
|upkeep
|turn|2
|
|t:|1743826494
|move|p2a: mr. squidward|Rapid Spin|p1a: Ting-Lu
|-damage|p1a: Ting-Lu|90/100 tox
|-boost|p2a: mr. squidward|spe|1
|-sideend|p2: monohue|Stealth Rock|[from] move: Rapid Spin|[of] p2a: mr. squidward
|-enditem|p1a: Ting-Lu|Red Card|[of] p2a: mr. squidward
|drag|p2a: Patrick|Slowking-Galar, F|100/100
|move|p1a: Ting-Lu|Ruination|p2a: Patrick
|-damage|p2a: Patrick|51/100
|
|-damage|p1a: Ting-Lu|77/100 tox|[from] psn
|upkeep
|turn|3
|
|t:|1743826501
|switch|p2a: mr. squidward|Toedscruel, M, shiny|100/100
|move|p1a: Ting-Lu|Stealth Rock|p2a: mr. squidward
|-sidestart|p2: monohue|move: Stealth Rock
|
|-damage|p1a: Ting-Lu|59/100 tox|[from] psn
|upkeep
|turn|4
|
|t:|1743826503
|move|p2a: mr. squidward|Rapid Spin|p1a: Ting-Lu
|-damage|p1a: Ting-Lu|54/100 tox
|-boost|p2a: mr. squidward|spe|1
|-sideend|p2: monohue|Stealth Rock|[from] move: Rapid Spin|[of] p2a: mr. squidward
|move|p1a: Ting-Lu|Ruination|p2a: mr. squidward
|-damage|p2a: mr. squidward|51/100
|
|-damage|p1a: Ting-Lu|29/100 tox|[from] psn
|upkeep
|turn|5
|
|t:|1743826517
|move|p1a: Ting-Lu|Earthquake|p2a: mr. squidward
|-resisted|p2a: mr. squidward
|-damage|p2a: mr. squidward|23/100
|move|p2a: mr. squidward|Stun Spore||[still]
|-fail|p2a: mr. squidward
|
|-damage|p1a: Ting-Lu|0 fnt|[from] psn
|faint|p1a: Ting-Lu
|upkeep
|
|t:|1743826526
|switch|p1a: Iron Valiant|Iron Valiant|100/100
|-enditem|p1a: Iron Valiant|Booster Energy
|-activate|p1a: Iron Valiant|ability: Quark Drive|[fromitem]
|-start|p1a: Iron Valiant|quarkdrivespe
|turn|6
|
|t:|1743826533
|switch|p2a: Patrick|Slowking-Galar, F|84/100
|move|p1a: Iron Valiant|Moonblast|p2a: Patrick
|-resisted|p2a: Patrick
|-damage|p2a: Patrick|69/100
|
|upkeep
|turn|7
|
|t:|1743826537
|move|p1a: Iron Valiant|Thunderbolt|p2a: Patrick
|-damage|p2a: Patrick|53/100
|move|p2a: Patrick|Future Sight|p1a: Iron Valiant
|-start|p2a: Patrick|move: Future Sight
|
|upkeep
|turn|8
|
|t:|1743826543
|move|p1a: Iron Valiant|Calm Mind|p1a: Iron Valiant
|-boost|p1a: Iron Valiant|spa|1
|-boost|p1a: Iron Valiant|spd|1
|-prepare|p2a: Patrick|Chilly Reception|[premajor]
|move|p2a: Patrick|Chilly Reception|p2a: Patrick
|-weather|Snowscape
|
|t:|1743826552
|switch|p2a: potty parrot|Moltres, shiny|100/100|[from] Chilly Reception
|
|-weather|Snowscape|[upkeep]
|upkeep
|turn|9
|
|t:|1743826557
|switch|p2a: mr. squidward|Toedscruel, M, shiny|23/100
|move|p1a: Iron Valiant|Thunderbolt|p2a: mr. squidward
|-immune|p2a: mr. squidward
|
|-weather|Snowscape|[upkeep]
|-end|p1a: Iron Valiant|move: Future Sight
|-supereffective|p1a: Iron Valiant
|-damage|p1a: Iron Valiant|0 fnt
|faint|p1a: Iron Valiant
|-end|p1a: Iron Valiant|Quark Drive|[silent]
|upkeep
|
|t:|1743826565
|switch|p1a: Gholdengo|Gholdengo|100/100
|-item|p1a: Gholdengo|Air Balloon
|turn|10
|
|t:|1743826570
|move|p1a: Gholdengo|Shadow Ball|p2a: mr. squidward
|-damage|p2a: mr. squidward|0 fnt
|faint|p2a: mr. squidward
|
|-weather|Snowscape|[upkeep]
|upkeep
|
|t:|1743826576
|switch|p2a: potty parrot|Moltres, shiny|100/100
|turn|11
|
|t:|1743826581
|move|p1a: Gholdengo|Shadow Ball|p2a: potty parrot
|-damage|p2a: potty parrot|70/100
|move|p2a: potty parrot|Flamethrower|p1a: Gholdengo
|-supereffective|p1a: Gholdengo
|-damage|p1a: Gholdengo|13/100
|-enditem|p1a: Gholdengo|Air Balloon
|
|-weather|Snowscape|[upkeep]
|upkeep
|turn|12
|
|t:|1743826587
|move|p1a: Gholdengo|Shadow Ball|p2a: potty parrot
|-damage|p2a: potty parrot|39/100
|move|p2a: potty parrot|Roost|p2a: potty parrot
|-heal|p2a: potty parrot|90/100
|-singleturn|p2a: potty parrot|move: Roost
|
|-weather|none
|upkeep
|turn|13
|
|t:|1743826591
|move|p1a: Gholdengo|Shadow Ball|p2a: potty parrot
|-damage|p2a: potty parrot|61/100
|move|p2a: potty parrot|Flamethrower|p1a: Gholdengo
|-supereffective|p1a: Gholdengo
|-damage|p1a: Gholdengo|0 fnt
|faint|p1a: Gholdengo
|
|upkeep
|
|t:|1743826600
|switch|p1a: Zamazenta|Zamazenta|100/100
|-ability|p1a: Zamazenta|Dauntless Shield|boost
|-boost|p1a: Zamazenta|def|1
|turn|14
|
|t:|1743826623
|-terastallize|p2a: potty parrot|Grass
|move|p1a: Zamazenta|Howl|p1a: Zamazenta
|-boost|p1a: Zamazenta|atk|1
|move|p2a: potty parrot|Will-O-Wisp|p1a: Zamazenta|[miss]
|-miss|p2a: potty parrot|p1a: Zamazenta
|
|upkeep
|turn|15
|
|t:|1743826636
|switch|p2a: Patrick|Slowking-Galar, F|86/100
|move|p1a: Zamazenta|Close Combat|p2a: Patrick
|-resisted|p2a: Patrick
|-damage|p2a: Patrick|63/100
|-unboost|p1a: Zamazenta|def|1
|-unboost|p1a: Zamazenta|spd|1
|
|upkeep
|turn|16
|
|t:|1743826646
|switch|p2a: Spongebob|Alomomola, M|100/100
|move|p1a: Zamazenta|Crunch|p2a: Spongebob
|-crit|p2a: Spongebob
|-damage|p2a: Spongebob|69/100
|-unboost|p2a: Spongebob|def|1
|
|upkeep
|turn|17
|
|t:|1743826651
|move|p1a: Zamazenta|Close Combat|p2a: Spongebob
|-damage|p2a: Spongebob|3/100
|-unboost|p1a: Zamazenta|def|1
|-unboost|p1a: Zamazenta|spd|1
|move|p2a: Spongebob|Scald|p1a: Zamazenta
|-damage|p1a: Zamazenta|74/100
|-status|p1a: Zamazenta|brn
|
|-damage|p1a: Zamazenta|68/100 brn|[from] brn
|upkeep
|turn|18
|
|t:|1743826661
|move|p1a: Zamazenta|Crunch|p2a: Spongebob
|-damage|p2a: Spongebob|0 fnt
|faint|p2a: Spongebob
|
|-damage|p1a: Zamazenta|61/100 brn|[from] brn
|upkeep
|
|t:|1743826668
|switch|p2a: potty parrot|Moltres, shiny, tera:Grass|61/100
|turn|19
|
|t:|1743826671
|move|p1a: Zamazenta|Close Combat|p2a: potty parrot
|-damage|p2a: potty parrot|15/100
|-unboost|p1a: Zamazenta|def|1
|-unboost|p1a: Zamazenta|spd|1
|move|p2a: potty parrot|Roost|p2a: potty parrot
|-heal|p2a: potty parrot|65/100
|
|-damage|p1a: Zamazenta|55/100 brn|[from] brn
|upkeep
|turn|20
|
|t:|1743826680
|move|p1a: Zamazenta|Close Combat|p2a: potty parrot
|-damage|p2a: potty parrot|20/100
|-unboost|p1a: Zamazenta|def|1
|-unboost|p1a: Zamazenta|spd|1
|move|p2a: potty parrot|Roar|p1a: Zamazenta
|drag|p1a: Dragonite|Dragonite, M|100/100
|
|upkeep
|turn|21
|
|t:|1743826688
|switch|p1a: Zamazenta|Zamazenta|55/100 brn
|move|p2a: potty parrot|Will-O-Wisp|p1a: Zamazenta
|-fail|p1a: Zamazenta|brn
|
|-damage|p1a: Zamazenta|49/100 brn|[from] brn
|upkeep
|turn|22
|
|t:|1743826696
|switch|p2a: Patrick|Slowking-Galar, F|96/100
|move|p1a: Zamazenta|Close Combat|p2a: Patrick
|-resisted|p2a: Patrick
|-damage|p2a: Patrick|89/100
|-unboost|p1a: Zamazenta|def|1
|-unboost|p1a: Zamazenta|spd|1
|
|-damage|p1a: Zamazenta|43/100 brn|[from] brn
|upkeep
|turn|23
|j| ASilentKingambitX
|
|t:|1743826701
|move|p1a: Zamazenta|Crunch|p2a: Patrick
|-supereffective|p2a: Patrick
|-damage|p2a: Patrick|60/100
|move|p2a: Patrick|Future Sight|p1a: Zamazenta
|-start|p2a: Patrick|move: Future Sight
|
|-damage|p1a: Zamazenta|37/100 brn|[from] brn
|upkeep
|turn|24
|
|t:|1743826707
|move|p1a: Zamazenta|Crunch|p2a: Patrick
|-supereffective|p2a: Patrick
|-damage|p2a: Patrick|31/100
|-prepare|p2a: Patrick|Chilly Reception|[premajor]
|move|p2a: Patrick|Chilly Reception|p2a: Patrick
|-weather|Snowscape
|
|t:|1743826713
|switch|p2a: patchy the pirate|Zamazenta, shiny|100/100|[from] Chilly Reception
|-ability|p2a: patchy the pirate|Dauntless Shield|boost
|-boost|p2a: patchy the pirate|def|1
|
|-weather|Snowscape|[upkeep]
|-damage|p1a: Zamazenta|31/100 brn|[from] brn
|upkeep
|turn|25
|
|t:|1743826722
|move|p2a: patchy the pirate|Iron Defense|p2a: patchy the pirate
|-boost|p2a: patchy the pirate|def|2
|move|p1a: Zamazenta|Ice Fang|p2a: patchy the pirate
|-damage|p2a: patchy the pirate|97/100
|
|-weather|Snowscape|[upkeep]
|-end|p1a: Zamazenta|move: Future Sight
|-supereffective|p1a: Zamazenta
|-damage|p1a: Zamazenta|0 fnt
|faint|p1a: Zamazenta
|-heal|p2a: patchy the pirate|100/100|[from] item: Leftovers
|upkeep
|
|t:|1743826731
|switch|p1a: Kingambit|Kingambit, F|100/100
|-activate|p1a: Kingambit|ability: Supreme Overlord
|-start|p1a: Kingambit|fallen4|[silent]
|turn|26
|
|t:|1743826736
|move|p1a: Kingambit|Sucker Punch|p2a: patchy the pirate
|-resisted|p2a: patchy the pirate
|-damage|p2a: patchy the pirate|91/100
|move|p2a: patchy the pirate|Body Press|p1a: Kingambit
|-supereffective|p1a: Kingambit
|-damage|p1a: Kingambit|0 fnt
|faint|p1a: Kingambit
|-end|p1a: Kingambit|fallen4|[silent]
|
|-weather|Snowscape|[upkeep]
|-heal|p2a: patchy the pirate|98/100|[from] item: Leftovers
|upkeep
|
|t:|1743826740
|switch|p1a: Dragonite|Dragonite, M|100/100
|turn|27
|
|t:|1743826743
|-terastallize|p1a: Dragonite|Ghost
|move|p2a: patchy the pirate|Crunch|p1a: Dragonite
|-supereffective|p1a: Dragonite
|-damage|p1a: Dragonite|75/100
|-unboost|p1a: Dragonite|def|1
|move|p1a: Dragonite|Encore|p2a: patchy the pirate
|-start|p2a: patchy the pirate|Encore
|
|-weather|Snowscape|[upkeep]
|-heal|p2a: patchy the pirate|100/100|[from] item: Leftovers
|upkeep
|turn|28
|c|☆monohue|yuh
|
|t:|1743826751
|move|p2a: patchy the pirate|Crunch|p1a: Dragonite
|-supereffective|p1a: Dragonite
|-damage|p1a: Dragonite|0 fnt
|faint|p1a: Dragonite
|
|win|monohue
|raw|AkieAkie's rating: 1511 &rarr; <strong>1498</strong><br />(-13 for losing)
|raw|monohue's rating: 1647 &rarr; <strong>1660</strong><br />(+13 for winning)
|l|☆AkieAkie
|player|p1|
|l|☆monohue
|player|p2|
|n| ASilentKingambitX|asilentkingambitx
