|j|☆Albret
|j|☆DA Scizor Enjoyer
|t:|1743780297
|gametype|singles
|player|p1|Albret|volkner|1804
|player|p2|DA Scizor Enjoyer|cheren-masters|1799
|teamsize|p1|6
|teamsize|p2|6
|gen|9
|tier|[Gen 9] OU
|rated|
|rule|HP Percentage Mod: HP is shown in percentages
|rule|Endless Battle Clause: Forcing endless battles is banned
|rule|Species Clause: Limit one of each Pokémon
|rule|OHKO Clause: OHKO moves are banned
|rule|Evasion Items Clause: Evasion items are banned
|rule|Evasion Moves Clause: Evasion moves are banned
|rule|Sleep Moves Clause: Sleep-inducing moves are banned
|clearpoke
|poke|p1|Weavile, F|
|poke|p1|Raging Bolt|
|poke|p1|Ting-Lu|
|poke|p1|Tinkaton, F|
|poke|p1|Pecharunt|
|poke|p1|Tornadus-Therian, M|
|poke|p2|Scizor, F|
|poke|p2|Hoopa-Unbound|
|poke|p2|Primarina, F|
|poke|p2|Zapdos|
|poke|p2|Great Tusk|
|poke|p2|Dragapult, F|
|teampreview
|inactive|Battle timer is ON: inactive players will automatically lose when time's up. (requested by DA Scizor Enjoyer)
|
|t:|1743780308
|start
|switch|p1a: Tinkaton|Tinkaton, F|100/100
|switch|p2a: Ms.slick|Dragapult, F|100/100
|-ability|p1a: Tinkaton|Mold Breaker
|-item|p1a: Tinkaton|Air Balloon
|turn|1
|
|t:|1743780314
|move|p2a: Ms.slick|U-turn|p1a: Tinkaton
|-resisted|p1a: Tinkaton
|-crit|p1a: Tinkaton
|-damage|p1a: Tinkaton|85/100
|-enditem|p1a: Tinkaton|Air Balloon
|
|t:|1743780317
|switch|p2a: rockman|Great Tusk|100/100|[from] U-turn
|move|p1a: Tinkaton|Stealth Rock|p2a: rockman
|-sidestart|p2: DA Scizor Enjoyer|move: Stealth Rock
|
|upkeep
|turn|2
|
|t:|1743780326
|switch|p1a: Pecharunt|Pecharunt|100/100
|move|p2a: rockman|Ice Spinner|p1a: Pecharunt
|-damage|p1a: Pecharunt|84/100
|
|upkeep
|turn|3
|
|t:|1743780332
|move|p1a: Pecharunt|Malignant Chain|p2a: rockman
|-resisted|p2a: rockman
|-damage|p2a: rockman|79/100
|move|p2a: rockman|Ice Spinner|p1a: Pecharunt
|-damage|p1a: Pecharunt|68/100
|
|upkeep
|turn|4
|
|t:|1743780341
|move|p1a: Pecharunt|Recover|p1a: Pecharunt
|-heal|p1a: Pecharunt|100/100
|move|p2a: rockman|Headlong Rush|p1a: Pecharunt
|-supereffective|p1a: Pecharunt
|-damage|p1a: Pecharunt|26/100
|-unboost|p2a: rockman|def|1
|-unboost|p2a: rockman|spd|1
|
|upkeep
|turn|5
|
|t:|1743780349
|-end|p2a: rockman|Protosynthesis|[silent]
|switch|p2a: zippy|Zapdos|100/100
|move|p1a: Pecharunt|Parting Shot|p2a: zippy
|-unboost|p2a: zippy|atk|1
|-unboost|p2a: zippy|spa|1
|
|t:|1743780353
|switch|p1a: Ting-Lu|Ting-Lu|100/100|[from] Parting Shot
|-ability|p1a: Ting-Lu|Vessel of Ruin
|
|upkeep
|turn|6
|
|t:|1743780356
|switch|p2a: rockman|Great Tusk|79/100
|move|p1a: Ting-Lu|Spikes|p2a: rockman
|-sidestart|p2: DA Scizor Enjoyer|Spikes
|
|upkeep
|turn|7
|
|t:|1743780363
|move|p2a: rockman|Headlong Rush|p1a: Ting-Lu
|-damage|p1a: Ting-Lu|65/100
|-unboost|p2a: rockman|def|1
|-unboost|p2a: rockman|spd|1
|move|p1a: Ting-Lu|Ruination|p2a: rockman
|-damage|p2a: rockman|40/100
|
|-heal|p1a: Ting-Lu|71/100|[from] item: Leftovers
|upkeep
|turn|8
|
|t:|1743780368
|move|p2a: rockman|Close Combat|p1a: Ting-Lu
|-supereffective|p1a: Ting-Lu
|-damage|p1a: Ting-Lu|3/100
|-unboost|p2a: rockman|def|1
|-unboost|p2a: rockman|spd|1
|move|p1a: Ting-Lu|Earthquake|p2a: rockman
|-damage|p2a: rockman|0 fnt
|faint|p2a: rockman
|-end|p2a: rockman|Protosynthesis|[silent]
|
|-heal|p1a: Ting-Lu|9/100|[from] item: Leftovers
|upkeep
|
|t:|1743780374
|switch|p2a: Ms.slick|Dragapult, F|100/100
|-damage|p2a: Ms.slick|88/100|[from] Stealth Rock
|-damage|p2a: Ms.slick|76/100|[from] Spikes
|turn|9
|
|t:|1743780377
|move|p2a: Ms.slick|U-turn|p1a: Ting-Lu
|-supereffective|p1a: Ting-Lu
|-damage|p1a: Ting-Lu|0 fnt
|faint|p1a: Ting-Lu
|
|t:|1743780383
|switch|p2a: Seal|Primarina, F|100/100|[from] U-turn
|-damage|p2a: Seal|88/100|[from] Stealth Rock
|-damage|p2a: Seal|76/100|[from] Spikes
|
|upkeep
|
|t:|1743780391
|switch|p1a: Raging Bolt|Raging Bolt|100/100
|turn|10
|inactive|DA Scizor Enjoyer has 120 seconds left.
|
|t:|1743780437
|move|p1a: Raging Bolt|Volt Switch|p2a: Seal
|-supereffective|p2a: Seal
|-damage|p2a: Seal|33/100
|
|t:|1743780447
|-end|p1a: Raging Bolt|Protosynthesis|[silent]
|switch|p1a: Pecharunt|Pecharunt|26/100|[from] Volt Switch
|move|p2a: Seal|Moonblast|p1a: Pecharunt
|-resisted|p1a: Pecharunt
|-damage|p1a: Pecharunt|0 fnt
|faint|p1a: Pecharunt
|
|upkeep
|
|t:|1743780450
|switch|p1a: Raging Bolt|Raging Bolt|100/100
|turn|11
|inactive|DA Scizor Enjoyer has 120 seconds left.
|
|t:|1743780464
|-terastallize|p2a: Seal|Grass
|move|p1a: Raging Bolt|Volt Switch|p2a: Seal
|-resisted|p2a: Seal
|-damage|p2a: Seal|21/100
|
|t:|1743780467
|-end|p1a: Raging Bolt|Protosynthesis|[silent]
|switch|p1a: Tornadus|Tornadus-Therian, M|100/100|[from] Volt Switch
|move|p2a: Seal|Sparkling Aria|p1a: Tornadus
|-damage|p1a: Tornadus|30/100
|
|upkeep
|turn|12
|
|t:|1743780472
|switch|p2a: zippy|Zapdos|100/100
|move|p1a: Tornadus|Heat Wave|p2a: zippy
|-crit|p2a: zippy
|-damage|p2a: zippy|67/100
|
|upkeep
|turn|13
|
|t:|1743780476
|switch|p1a: Raging Bolt|Raging Bolt|100/100
|move|p2a: zippy|Volt Switch|p1a: Raging Bolt
|-resisted|p1a: Raging Bolt
|-damage|p1a: Raging Bolt|93/100
|
|t:|1743780481
|switch|p2a: Ms.slick|Dragapult, F|76/100|[from] Volt Switch
|-damage|p2a: Ms.slick|64/100|[from] Stealth Rock
|-damage|p2a: Ms.slick|51/100|[from] Spikes
|
|upkeep
|turn|14
|
|t:|1743780486
|-end|p1a: Raging Bolt|Protosynthesis|[silent]
|switch|p1a: Tinkaton|Tinkaton, F|85/100
|-ability|p1a: Tinkaton|Mold Breaker
|move|p2a: Ms.slick|U-turn|p1a: Tinkaton
|-resisted|p1a: Tinkaton
|-damage|p1a: Tinkaton|76/100
|
|t:|1743780491
|switch|p2a: Weaponized stapler|Scizor, F|100/100|[from] U-turn
|-damage|p2a: Weaponized stapler|88/100|[from] Stealth Rock
|-damage|p2a: Weaponized stapler|76/100|[from] Spikes
|
|upkeep
|turn|15
|
|t:|1743780500
|move|p1a: Tinkaton|Thunder Wave|p2a: Weaponized stapler
|-status|p2a: Weaponized stapler|par
|move|p2a: Weaponized stapler|U-turn|p1a: Tinkaton
|-resisted|p1a: Tinkaton
|-damage|p1a: Tinkaton|61/100
|
|t:|1743780506
|switch|p2a: zippy|Zapdos|67/100|[from] U-turn
|
|upkeep
|turn|16
|
|t:|1743780510
|switch|p1a: Raging Bolt|Raging Bolt|93/100
|move|p2a: zippy|Volt Switch|p1a: Raging Bolt
|-resisted|p1a: Raging Bolt
|-damage|p1a: Raging Bolt|87/100
|
|t:|1743780522
|switch|p2a: ima throw hands|Hoopa-Unbound|100/100|[from] Volt Switch
|-damage|p2a: ima throw hands|88/100|[from] Stealth Rock
|-damage|p2a: ima throw hands|76/100|[from] Spikes
|
|upkeep
|turn|17
|
|t:|1743780527
|-end|p1a: Raging Bolt|Protosynthesis|[silent]
|switch|p1a: Tornadus|Tornadus-Therian, M|64/100
|move|p2a: ima throw hands|Hyperspace Fury|p1a: Tornadus
|-damage|p1a: Tornadus|4/100
|-unboost|p2a: ima throw hands|def|1
|
|upkeep
|turn|18
|
|t:|1743780533
|switch|p2a: zippy|Zapdos|67/100
|move|p1a: Tornadus|Bleakwind Storm|p2a: zippy
|-resisted|p2a: zippy
|-damage|p2a: zippy|49/100
|-unboost|p2a: zippy|spe|1
|
|upkeep
|turn|19
|
|t:|1743780538
|move|p1a: Tornadus|Taunt|p2a: zippy
|-start|p2a: zippy|move: Taunt
|cant|p2a: zippy|move: Taunt|Roost
|
|upkeep
|turn|20
|
|t:|1743780545
|switch|p1a: Raging Bolt|Raging Bolt|87/100
|move|p2a: zippy|Volt Switch|p1a: Raging Bolt
|-resisted|p1a: Raging Bolt
|-damage|p1a: Raging Bolt|80/100
|
|t:|1743780548
|switch|p2a: ima throw hands|Hoopa-Unbound|76/100|[from] Volt Switch
|-damage|p2a: ima throw hands|64/100|[from] Stealth Rock
|-damage|p2a: ima throw hands|51/100|[from] Spikes
|
|upkeep
|turn|21
|
|t:|1743780558
|-end|p1a: Raging Bolt|Protosynthesis|[silent]
|switch|p1a: Tornadus|Tornadus-Therian, M|37/100
|move|p2a: ima throw hands|Hyperspace Fury|p1a: Tornadus
|-damage|p1a: Tornadus|0 fnt
|-unboost|p2a: ima throw hands|def|1
|faint|p1a: Tornadus
|
|upkeep
|
|t:|1743780560
|switch|p1a: Weavile|Weavile, F|100/100
|-ability|p1a: Weavile|Pressure
|turn|22
|
|t:|1743780563
|move|p1a: Weavile|Knock Off|p2a: ima throw hands
|-damage|p2a: ima throw hands|0 fnt
|-enditem|p2a: ima throw hands|Assault Vest|[from] move: Knock Off|[of] p1a: Weavile
|faint|p2a: ima throw hands
|
|upkeep
|
|t:|1743780567
|switch|p2a: Ms.slick|Dragapult, F|51/100
|-damage|p2a: Ms.slick|39/100|[from] Stealth Rock
|-damage|p2a: Ms.slick|27/100|[from] Spikes
|turn|23
|
|t:|1743780569
|move|p1a: Weavile|Ice Shard|p2a: Ms.slick
|-supereffective|p2a: Ms.slick
|-damage|p2a: Ms.slick|0 fnt
|faint|p2a: Ms.slick
|
|upkeep
|
|t:|1743780575
|switch|p2a: Weaponized stapler|Scizor, F|76/100 par
|-damage|p2a: Weaponized stapler|63/100 par|[from] Stealth Rock
|-damage|p2a: Weaponized stapler|51/100 par|[from] Spikes
|turn|24
|
|t:|1743780579
|-terastallize|p1a: Weavile|Ghost
|move|p1a: Weavile|Knock Off|p2a: Weaponized stapler
|-damage|p2a: Weaponized stapler|0 fnt
|-enditem|p2a: Weaponized stapler|Choice Band|[from] move: Knock Off|[of] p1a: Weavile
|faint|p2a: Weaponized stapler
|
|upkeep
|-message|DA Scizor Enjoyer forfeited.
|
|win|Albret
|raw|Albret's rating: 1804 &rarr; <strong>1824</strong><br />(+20 for winning)
|raw|DA Scizor Enjoyer's rating: 1799 &rarr; <strong>1779</strong><br />(-20 for losing)
|l|☆DA Scizor Enjoyer
|player|p2|
|l|☆Albret
|player|p1|
