|j|☆mastergotmeworkin
|j|☆VANYR
|t:|1743782946
|gametype|singles
|player|p1|mastergotmeworkin|102|1572
|player|p2|VANYR|grimsley|1592
|teamsize|p1|6
|teamsize|p2|6
|gen|9
|tier|[Gen 9] OU
|rated|
|rule|HP Percentage Mod: HP is shown in percentages
|rule|Endless Battle Clause: Forcing endless battles is banned
|rule|Species Clause: Limit one of each Pokémon
|rule|OHKO Clause: OHKO moves are banned
|rule|Evasion Items Clause: Evasion items are banned
|rule|Evasion Moves Clause: Evasion moves are banned
|rule|Sleep Moves Clause: Sleep-inducing moves are banned
|clearpoke
|poke|p1|Weavile, F|
|poke|p1|Pecharunt|
|poke|p1|Ting-Lu|
|poke|p1|Tinkaton, F|
|poke|p1|Keldeo-Resolute|
|poke|p1|Dragonite, F|
|poke|p2|Glimmora, F|
|poke|p2|Samurott-Hisui, F|
|poke|p2|Kleavor, F|
|poke|p2|Sinistcha-Masterpiece|
|poke|p2|Tornadus-Therian, M|
|poke|p2|Iron Hands|
|teampreview
|inactive|Battle timer is ON: inactive players will automatically lose when time's up. (requested by VANYR)
|
|t:|1743782959
|start
|switch|p1a: Tinkaton|Tinkaton, F|100/100
|switch|p2a: Tornadus|Tornadus-Therian, M|100/100
|-item|p1a: Tinkaton|Air Balloon
|turn|1
|
|t:|1743782966
|move|p1a: Tinkaton|Stealth Rock|p2a: Tornadus
|-sidestart|p2: VANYR|move: Stealth Rock
|move|p2a: Tornadus|Chilling Water|p1a: Tinkaton
|-damage|p1a: Tinkaton|90/100
|-unboost|p1a: Tinkaton|atk|1
|-enditem|p1a: Tinkaton|Air Balloon
|
|upkeep
|turn|2
|
|t:|1743782976
|move|p1a: Tinkaton|Encore|p2a: Tornadus
|-start|p2a: Tornadus|Encore
|move|p2a: Tornadus|Chilling Water|p1a: Tinkaton
|-damage|p1a: Tinkaton|78/100
|-unboost|p1a: Tinkaton|atk|1
|
|upkeep
|turn|3
|
|t:|1743782979
|switch|p2a: Iron Hands|Iron Hands|100/100
|-damage|p2a: Iron Hands|94/100|[from] Stealth Rock
|move|p1a: Tinkaton|Thunder Wave|p2a: Iron Hands
|-immune|p2a: Iron Hands
|
|upkeep
|turn|4
|
|t:|1743782987
|switch|p1a: Pecharunt|Pecharunt|100/100
|-end|p2a: Iron Hands|Quark Drive|[silent]
|switch|p2a: Samurott|Samurott-Hisui, F|100/100
|-damage|p2a: Samurott|88/100|[from] Stealth Rock
|
|upkeep
|turn|5
|
|t:|1743782992
|move|p1a: Pecharunt|Parting Shot|p2a: Samurott
|-unboost|p2a: Samurott|atk|1
|-unboost|p2a: Samurott|spa|1
|
|t:|1743783000
|switch|p1a: Keldeo|Keldeo-Resolute|100/100|[from] Parting Shot
|move|p2a: Samurott|Ceaseless Edge|p1a: Keldeo
|-resisted|p1a: Keldeo
|-damage|p1a: Keldeo|78/100
|-ability|p1a: Keldeo|Justified|boost
|-boost|p1a: Keldeo|atk|1
|-sidestart|p1: mastergotmeworkin|Spikes
|
|upkeep
|turn|6
|
|t:|1743783019
|switch|p2a: Sinistcha|Sinistcha-Masterpiece|100/100
|-damage|p2a: Sinistcha|88/100|[from] Stealth Rock
|move|p1a: Keldeo|Hydro Pump|p2a: Sinistcha
|-resisted|p2a: Sinistcha
|-damage|p2a: Sinistcha|55/100
|
|-heal|p2a: Sinistcha|61/100|[from] item: Leftovers
|upkeep
|turn|7
|
|t:|1743783026
|move|p1a: Keldeo|Flip Turn|p2a: Sinistcha
|-resisted|p2a: Sinistcha
|-damage|p2a: Sinistcha|54/100
|
|t:|1743783033
|switch|p1a: Pecharunt|Pecharunt|100/100|[from] Flip Turn
|move|p2a: Sinistcha|Strength Sap|p1a: Pecharunt
|-unboost|p1a: Pecharunt|atk|1
|-heal|p2a: Sinistcha|100/100
|
|upkeep
|turn|8
|
|t:|1743783041
|switch|p2a: Tornadus|Tornadus-Therian, M|100/100
|-damage|p2a: Tornadus|76/100|[from] Stealth Rock
|move|p1a: Pecharunt|Malignant Chain|p2a: Tornadus
|-crit|p2a: Tornadus
|-damage|p2a: Tornadus|46/100
|
|upkeep
|turn|9
|
|t:|1743783044
|move|p2a: Tornadus|Knock Off|p1a: Pecharunt
|-supereffective|p1a: Pecharunt
|-damage|p1a: Pecharunt|79/100
|-enditem|p1a: Pecharunt|Heavy-Duty Boots|[from] move: Knock Off|[of] p2a: Tornadus
|move|p1a: Pecharunt|Malignant Chain|p2a: Tornadus
|-damage|p2a: Tornadus|26/100
|-status|p2a: Tornadus|tox
|-start|p2a: Tornadus|confusion|[from] ability: Poison Puppeteer|[of] p1a: Pecharunt
|
|-damage|p2a: Tornadus|20/100 tox|[from] psn
|upkeep
|turn|10
|
|t:|1743783051
|switch|p2a: Glimmora|Glimmora, F|100/100
|-damage|p2a: Glimmora|88/100|[from] Stealth Rock
|move|p1a: Pecharunt|Hex|p2a: Glimmora
|-damage|p2a: Glimmora|73/100
|
|-heal|p2a: Glimmora|80/100|[from] item: Black Sludge
|upkeep
|turn|11
|
|t:|1743783055
|move|p1a: Pecharunt|Parting Shot|p2a: Glimmora
|-unboost|p2a: Glimmora|atk|1
|-unboost|p2a: Glimmora|spa|1
|
|t:|1743783059
|switch|p1a: Tinkaton|Tinkaton, F|78/100|[from] Parting Shot
|-damage|p1a: Tinkaton|66/100|[from] Spikes
|move|p2a: Glimmora|Earth Power|p1a: Tinkaton
|-supereffective|p1a: Tinkaton
|-damage|p1a: Tinkaton|33/100
|
|-heal|p2a: Glimmora|86/100|[from] item: Black Sludge
|upkeep
|turn|12
|
|t:|1743783064
|move|p1a: Tinkaton|Gigaton Hammer|p2a: Glimmora
|-supereffective|p2a: Glimmora
|-damage|p2a: Glimmora|0 fnt
|-activate|p2a: Glimmora|ability: Toxic Debris
|-sidestart|p1: mastergotmeworkin|move: Toxic Spikes
|faint|p2a: Glimmora
|
|upkeep
|
|t:|1743783073
|switch|p2a: Samurott|Samurott-Hisui, F|88/100
|-damage|p2a: Samurott|75/100|[from] Stealth Rock
|turn|13
|
|t:|1743783085
|move|p1a: Tinkaton|Thunder Wave|p2a: Samurott
|-status|p2a: Samurott|par
|move|p2a: Samurott|Ceaseless Edge|p1a: Tinkaton
|-resisted|p1a: Tinkaton
|-damage|p1a: Tinkaton|0 fnt
|-sidestart|p1: mastergotmeworkin|Spikes
|faint|p1a: Tinkaton
|
|upkeep
|
|t:|1743783091
|switch|p1a: Pecharunt|Pecharunt|79/100
|-damage|p1a: Pecharunt|62/100|[from] Spikes
|-sideend|p1: mastergotmeworkin|move: Toxic Spikes|[of] p1a: Pecharunt
|turn|14
|
|t:|1743783099
|move|p1a: Pecharunt|Parting Shot|p2a: Samurott
|-unboost|p2a: Samurott|atk|1
|-unboost|p2a: Samurott|spa|1
|
|t:|1743783105
|switch|p1a: Ting-Lu|Ting-Lu|100/100|[from] Parting Shot
|-damage|p1a: Ting-Lu|84/100|[from] Spikes
|-ability|p1a: Ting-Lu|Vessel of Ruin
|cant|p2a: Samurott|par
|
|upkeep
|turn|15
|
|t:|1743783114
|move|p1a: Ting-Lu|Spikes|p2a: Samurott
|-sidestart|p2: VANYR|Spikes
|move|p2a: Samurott|Ceaseless Edge|p1a: Ting-Lu
|-resisted|p1a: Ting-Lu
|-damage|p1a: Ting-Lu|75/100
|-damage|p2a: Samurott|59/100 par|[from] item: Rocky Helmet|[of] p1a: Ting-Lu
|-sidestart|p1: mastergotmeworkin|Spikes
|
|upkeep
|turn|16
|
|t:|1743783126
|move|p1a: Ting-Lu|Spikes|p2a: Samurott
|-sidestart|p2: VANYR|Spikes
|move|p2a: Samurott|Razor Shell|p1a: Ting-Lu
|-supereffective|p1a: Ting-Lu
|-damage|p1a: Ting-Lu|39/100
|-unboost|p1a: Ting-Lu|def|1
|-damage|p2a: Samurott|42/100 par|[from] item: Rocky Helmet|[of] p1a: Ting-Lu
|
|upkeep
|turn|17
|
|t:|1743783134
|move|p2a: Samurott|Razor Shell|p1a: Ting-Lu
|-supereffective|p1a: Ting-Lu
|-damage|p1a: Ting-Lu|0 fnt
|-damage|p2a: Samurott|25/100 par|[from] item: Rocky Helmet|[of] p1a: Ting-Lu
|faint|p1a: Ting-Lu
|
|upkeep
|
|t:|1743783156
|switch|p1a: Weavile|Weavile, F|100/100
|-ability|p1a: Weavile|Pressure
|turn|18
|
|t:|1743783162
|move|p1a: Weavile|Knock Off|p2a: Samurott
|-resisted|p2a: Samurott
|-damage|p2a: Samurott|1/100 par
|-enditem|p2a: Samurott|Black Glasses|[from] move: Knock Off|[of] p1a: Weavile
|move|p2a: Samurott|Razor Shell|p1a: Weavile
|-damage|p1a: Weavile|38/100
|
|upkeep
|turn|19
|
|t:|1743783168
|move|p2a: Samurott|Sucker Punch|p1a: Weavile
|-resisted|p1a: Weavile
|-damage|p1a: Weavile|18/100
|move|p1a: Weavile|Knock Off|p2a: Samurott
|-resisted|p2a: Samurott
|-damage|p2a: Samurott|0 fnt
|faint|p2a: Samurott
|
|upkeep
|
|t:|1743783171
|switch|p2a: Iron Hands|Iron Hands|94/100
|-damage|p2a: Iron Hands|88/100|[from] Stealth Rock
|-damage|p2a: Iron Hands|71/100|[from] Spikes
|turn|20
|
|t:|1743783178
|move|p1a: Weavile|Triple Axel|p2a: Iron Hands
|-damage|p2a: Iron Hands|65/100
|-damage|p2a: Iron Hands|53/100
|-damage|p2a: Iron Hands|36/100
|-hitcount|p2a: Iron Hands|3
|move|p2a: Iron Hands|Whirlwind|p1a: Weavile
|drag|p1a: Pecharunt|Pecharunt|62/100
|-damage|p1a: Pecharunt|37/100|[from] Spikes
|
|upkeep
|turn|21
|
|t:|1743783188
|move|p1a: Pecharunt|Malignant Chain|p2a: Iron Hands
|-damage|p2a: Iron Hands|7/100
|move|p2a: Iron Hands|Thunder Punch|p1a: Pecharunt
|-damage|p1a: Pecharunt|13/100
|
|upkeep
|turn|22
|
|t:|1743783194
|move|p1a: Pecharunt|Malignant Chain|p2a: Iron Hands
|-damage|p2a: Iron Hands|0 fnt
|faint|p2a: Iron Hands
|-end|p2a: Iron Hands|Quark Drive|[silent]
|
|upkeep
|
|t:|1743783201
|switch|p2a: Kleavor|Kleavor, F|100/100
|-damage|p2a: Kleavor|75/100|[from] Stealth Rock
|-damage|p2a: Kleavor|59/100|[from] Spikes
|turn|23
|
|t:|1743783208
|move|p1a: Pecharunt|Recover|p1a: Pecharunt
|-heal|p1a: Pecharunt|63/100
|move|p2a: Kleavor|Stone Axe|p1a: Pecharunt
|-damage|p1a: Pecharunt|26/100
|-sidestart|p1: mastergotmeworkin|move: Stealth Rock
|
|upkeep
|turn|24
|
|t:|1743783214
|move|p1a: Pecharunt|Recover|p1a: Pecharunt
|-heal|p1a: Pecharunt|76/100
|move|p2a: Kleavor|Stone Axe|p1a: Pecharunt
|-damage|p1a: Pecharunt|38/100
|
|upkeep
|turn|25
|
|t:|1743783218
|move|p1a: Pecharunt|Recover|p1a: Pecharunt
|-heal|p1a: Pecharunt|88/100
|move|p2a: Kleavor|Stone Axe|p1a: Pecharunt
|-damage|p1a: Pecharunt|47/100
|
|upkeep
|turn|26
|
|t:|1743783222
|move|p1a: Pecharunt|Recover|p1a: Pecharunt
|-heal|p1a: Pecharunt|97/100
|move|p2a: Kleavor|Stone Axe|p1a: Pecharunt
|-damage|p1a: Pecharunt|55/100
|
|upkeep
|turn|27
|
|t:|1743783229
|move|p1a: Pecharunt|Malignant Chain|p2a: Kleavor
|-resisted|p2a: Kleavor
|-damage|p2a: Kleavor|37/100
|move|p2a: Kleavor|Stone Axe|p1a: Pecharunt
|-damage|p1a: Pecharunt|17/100
|
|upkeep
|turn|28
|
|t:|1743783233
|move|p1a: Pecharunt|Recover|p1a: Pecharunt
|-heal|p1a: Pecharunt|67/100
|move|p2a: Kleavor|Stone Axe|p1a: Pecharunt
|-damage|p1a: Pecharunt|24/100
|
|upkeep
|turn|29
|
|t:|1743783239
|move|p1a: Pecharunt|Recover|p1a: Pecharunt
|-heal|p1a: Pecharunt|74/100
|move|p2a: Kleavor|Stone Axe|p1a: Pecharunt
|-damage|p1a: Pecharunt|30/100
|
|upkeep
|turn|30
|
|t:|1743783244
|move|p1a: Pecharunt|Recover|p1a: Pecharunt
|-heal|p1a: Pecharunt|80/100
|move|p2a: Kleavor|Stone Axe|p1a: Pecharunt
|-damage|p1a: Pecharunt|42/100
|
|upkeep
|turn|31
|-message|VANYR forfeited.
|
|win|mastergotmeworkin
|raw|mastergotmeworkin's rating: 1572 &rarr; <strong>1593</strong><br />(+21 for winning)
|raw|VANYR's rating: 1592 &rarr; <strong>1571</strong><br />(-21 for losing)
|l|☆VANYR
|player|p2|
|l|☆mastergotmeworkin
|player|p1|
