|j|☆phonsei
|j|☆Dixter258
|t:|1743828420
|gametype|singles
|player|p1|phonsei|li|1152
|player|p2|Dixter258|101|1087
|teamsize|p1|6
|teamsize|p2|6
|gen|9
|tier|[Gen 9] OU
|rated|
|rule|HP Percentage Mod: HP is shown in percentages
|rule|Endless Battle Clause: Forcing endless battles is banned
|rule|Species Clause: Limit one of each Pokémon
|rule|OHKO Clause: OHKO moves are banned
|rule|Evasion Items Clause: Evasion items are banned
|rule|Evasion Moves Clause: Evasion moves are banned
|rule|Sleep Moves Clause: Sleep-inducing moves are banned
|clearpoke
|poke|p1|Blaziken, F|
|poke|p1|Iron Valiant|
|poke|p1|Dragapult, M|
|poke|p1|Rotom-Wash|
|poke|p1|Great Tusk|
|poke|p1|Slowking, M|
|poke|p2|Meowscarada, F|
|poke|p2|Gengar, F|
|poke|p2|Darkrai|
|poke|p2|Toxtricity, F|
|poke|p2|Ceruledge, F|
|poke|p2|Greninja-*, F|
|teampreview
|
|t:|1743828438
|start
|switch|p1a: Rotom|Rotom-Wash|100/100
|switch|p2a: Meowscarada|Meowscarada, F|100/100
|turn|1
|
|t:|1743828452
|move|p1a: Rotom|Protect|p1a: Rotom
|-singleturn|p1a: Rotom|Protect
|move|p2a: Meowscarada|Spikes|p1a: Rotom
|-sidestart|p1: phonsei|Spikes
|
|upkeep
|turn|2
|
|t:|1743828458
|move|p2a: Meowscarada|Knock Off|p1a: Rotom
|-damage|p1a: Rotom|65/100
|-enditem|p1a: Rotom|Leftovers|[from] move: Knock Off|[of] p2a: Meowscarada
|move|p1a: Rotom|Will-O-Wisp|p2a: Meowscarada
|-status|p2a: Meowscarada|brn
|
|-damage|p2a: Meowscarada|94/100 brn|[from] brn
|upkeep
|turn|3
|
|t:|1743828468
|move|p2a: Meowscarada|Spikes|p1a: Rotom
|-sidestart|p1: phonsei|Spikes
|move|p1a: Rotom|Volt Switch|p2a: Meowscarada
|-resisted|p2a: Meowscarada
|-damage|p2a: Meowscarada|76/100 brn
|
|t:|1743828473
|switch|p1a: Great Tusk|Great Tusk|100/100|[from] Volt Switch
|-damage|p1a: Great Tusk|84/100|[from] Spikes
|
|-heal|p1a: Great Tusk|90/100|[from] item: Leftovers
|-damage|p2a: Meowscarada|70/100 brn|[from] brn
|upkeep
|turn|4
|
|t:|1743828489
|move|p2a: Meowscarada|Knock Off|p1a: Great Tusk
|-resisted|p1a: Great Tusk
|-damage|p1a: Great Tusk|84/100
|-enditem|p1a: Great Tusk|Leftovers|[from] move: Knock Off|[of] p2a: Meowscarada
|move|p1a: Great Tusk|Rapid Spin|p2a: Meowscarada
|-damage|p2a: Meowscarada|47/100 brn
|-boost|p1a: Great Tusk|spe|1
|-sideend|p1: phonsei|Spikes|[from] move: Rapid Spin|[of] p1a: Great Tusk
|
|-damage|p2a: Meowscarada|40/100 brn|[from] brn
|upkeep
|turn|5
|
|t:|1743828503
|move|p1a: Great Tusk|Ice Spinner|p2a: Meowscarada
|-supereffective|p2a: Meowscarada
|-damage|p2a: Meowscarada|0 fnt
|faint|p2a: Meowscarada
|
|upkeep
|inactive|Battle timer is ON: inactive players will automatically lose when time's up. (requested by phonsei)
|inactive|Dixter258 has 120 seconds left.
|l|☆Dixter258
|inactive|Dixter258 disconnected and has a minute to reconnect!
|player|p2|
|j|☆Dixter258
|inactive|Dixter258 reconnected and has 105 seconds left.
|player|p2|Dixter258|101|
|
|t:|1743828604
|switch|p2a: Greninja|Greninja, F|100/100
|turn|6
|
|t:|1743828618
|move|p2a: Greninja|Ice Beam|p1a: Great Tusk
|-start|p2a: Greninja|typechange|Ice|[from] ability: Protean
|-supereffective|p1a: Great Tusk
|-damage|p1a: Great Tusk|0 fnt
|faint|p1a: Great Tusk
|-end|p1a: Great Tusk|Protosynthesis|[silent]
|
|upkeep
|
|t:|1743828637
|switch|p1a: Iron Valiant|Iron Valiant|100/100
|-enditem|p1a: Iron Valiant|Booster Energy
|-activate|p1a: Iron Valiant|ability: Quark Drive|[fromitem]
|-start|p1a: Iron Valiant|quarkdrivespe
|turn|7
|
|t:|1743828654
|move|p2a: Greninja|Ice Beam|p1a: Iron Valiant
|-damage|p1a: Iron Valiant|26/100
|move|p1a: Iron Valiant|Aura Sphere|p2a: Greninja
|-supereffective|p2a: Greninja
|-damage|p2a: Greninja|0 fnt
|faint|p2a: Greninja
|
|upkeep
|
|t:|1743828667
|switch|p2a: Gengar|Gengar, F|100/100
|turn|8
|
|t:|1743828686
|move|p1a: Iron Valiant|Shadow Ball|p2a: Gengar
|-supereffective|p2a: Gengar
|-damage|p2a: Gengar|9/100
|-unboost|p2a: Gengar|spd|1
|-start|p1a: Iron Valiant|Disable|Shadow Ball|[from] ability: Cursed Body|[of] p2a: Gengar
|move|p2a: Gengar|Sludge Wave|p1a: Iron Valiant
|-supereffective|p1a: Iron Valiant
|-damage|p1a: Iron Valiant|0 fnt
|faint|p1a: Iron Valiant
|-end|p1a: Iron Valiant|Quark Drive|[silent]
|
|upkeep
|inactive|phonsei has 120 seconds left.
|
|t:|1743828715
|switch|p1a: Dragapult|Dragapult, M|100/100
|turn|9
|inactive|Dixter258 has 120 seconds left.
|
|t:|1743828750
|switch|p2a: Toxtricity|Toxtricity, F|100/100
|move|p1a: Dragapult|Phantom Force||[still]
|-prepare|p1a: Dragapult|Phantom Force
|
|upkeep
|turn|10
|inactive|Dixter258 has 90 seconds left.
|
|t:|1743828786
|-terastallize|p2a: Toxtricity|Electric
|move|p1a: Dragapult|Phantom Force|p2a: Toxtricity|[from] lockedmove
|-damage|p2a: Toxtricity|5/100
|move|p2a: Toxtricity|Sludge Bomb|p1a: Dragapult
|-resisted|p1a: Dragapult
|-damage|p1a: Dragapult|49/100
|
|upkeep
|turn|11
|inactive|phonsei has 120 seconds left.
|
|t:|1743828808
|move|p1a: Dragapult|Phantom Force||[still]
|-prepare|p1a: Dragapult|Phantom Force
|move|p2a: Toxtricity|Sludge Bomb|p1a: Dragapult|[miss]
|-miss|p2a: Toxtricity|p1a: Dragapult
|
|upkeep
|turn|12
|
|t:|1743828819
|move|p1a: Dragapult|Phantom Force|p2a: Toxtricity|[from] lockedmove
|-damage|p2a: Toxtricity|0 fnt
|faint|p2a: Toxtricity
|
|upkeep
|
|t:|1743828830
|switch|p2a: Darkrai|Darkrai|100/100
|turn|13
|inactive|phonsei has 120 seconds left.
|
|t:|1743828857
|move|p1a: Dragapult|Phantom Force||[still]
|-prepare|p1a: Dragapult|Phantom Force
|move|p2a: Darkrai|Dark Pulse|p1a: Dragapult|[miss]
|-miss|p2a: Darkrai|p1a: Dragapult
|
|upkeep
|turn|14
|
|t:|1743828869
|move|p1a: Dragapult|Phantom Force|p2a: Darkrai|[from] lockedmove
|-resisted|p2a: Darkrai
|-damage|p2a: Darkrai|59/100
|move|p2a: Darkrai|Substitute|p2a: Darkrai
|-start|p2a: Darkrai|Substitute
|-damage|p2a: Darkrai|34/100
|
|upkeep
|turn|15
|inactive|phonsei has 120 seconds left.
|
|t:|1743828894
|move|p1a: Dragapult|Phantom Force||[still]
|-prepare|p1a: Dragapult|Phantom Force
|move|p2a: Darkrai|Nasty Plot|p2a: Darkrai
|-boost|p2a: Darkrai|spa|2
|
|upkeep
|turn|16
|
|t:|1743828902
|move|p1a: Dragapult|Phantom Force|p2a: Darkrai|[from] lockedmove
|-resisted|p2a: Darkrai
|-damage|p2a: Darkrai|0 fnt
|faint|p2a: Darkrai
|
|upkeep
|
|t:|1743828909
|switch|p2a: Ceruledge|Ceruledge, F|100/100
|turn|17
|inactive|Dixter258 has 90 seconds left.
|
|t:|1743828929
|move|p2a: Ceruledge|Shadow Sneak|p1a: Dragapult
|-supereffective|p1a: Dragapult
|-damage|p1a: Dragapult|7/100
|move|p1a: Dragapult|Phantom Force||[still]
|-prepare|p1a: Dragapult|Phantom Force
|
|upkeep
|turn|18
|inactive|Dixter258 has 90 seconds left.
|
|t:|1743828941
|move|p2a: Ceruledge|Shadow Sneak|p1a: Dragapult|[miss]
|-miss|p2a: Ceruledge|p1a: Dragapult
|move|p1a: Dragapult|Phantom Force|p2a: Ceruledge|[from] lockedmove
|-supereffective|p2a: Ceruledge
|-damage|p2a: Ceruledge|0 fnt
|faint|p2a: Ceruledge
|
|upkeep
|inactive|Dixter258 has 90 seconds left.
|-message|Dixter258 forfeited.
|
|win|phonsei
|raw|phonsei's rating: 1152 &rarr; <strong>1172</strong><br />(+20 for winning)
|raw|Dixter258's rating: 1087 &rarr; <strong>1068</strong><br />(-19 for losing)
|l|☆Dixter258
|player|p2|
|l|☆phonsei
|player|p1|
