|j|☆Jadao
|j|☆AZZBoi
|t:|1743933900
|gametype|singles
|player|p1|Jadao|ash|1174
|player|p2|AZZBoi|2|1120
|teamsize|p1|6
|teamsize|p2|6
|gen|9
|tier|[Gen 9] OU
|rated|
|rule|HP Percentage Mod: HP is shown in percentages
|rule|Endless Battle Clause: Forcing endless battles is banned
|rule|Species Clause: Limit one of each Pokémon
|rule|OHKO Clause: OHKO moves are banned
|rule|Evasion Items Clause: Evasion items are banned
|rule|Evasion Moves Clause: Evasion moves are banned
|rule|Sleep Moves Clause: Sleep-inducing moves are banned
|clearpoke
|poke|p1|Samurott-Hisui, M|
|poke|p1|Dragonite, M|
|poke|p1|Pikachu-Kalos, M|
|poke|p1|Greninja-*, M|
|poke|p1|Gliscor, M|
|poke|p1|Goodra-Hisui, M|
|poke|p2|Gyarados, F|
|poke|p2|Dragonite, F|
|poke|p2|Incineroar, M|
|poke|p2|Landorus-Therian, M|
|poke|p2|Deoxys-Speed|
|poke|p2|Zapdos|
|teampreview
|inactive|Battle timer is ON: inactive players will automatically lose when time's up. (requested by Jadao)
|
|t:|1743933912
|start
|switch|p1a: Samurott|Samurott-Hisui, M|100/100
|switch|p2a: Gyarados|Gyarados, F|100/100
|turn|1
|
|t:|1743933947
|switch|p2a: Zapdos|Zapdos|100/100
|move|p1a: Samurott|Knock Off|p2a: Zapdos
|-damage|p2a: Zapdos|67/100
|-enditem|p2a: Zapdos|Heavy-Duty Boots|[from] move: Knock Off|[of] p1a: Samurott
|
|upkeep
|turn|2
|
|t:|1743933961
|switch|p1a: Pikachu|Pikachu-Kalos, M|100/100
|move|p2a: Zapdos|Discharge|p1a: Pikachu
|-ability|p1a: Pikachu|Lightning Rod|boost
|-boost|p1a: Pikachu|spa|1
|
|upkeep
|turn|3
|inactive|Jadao has 120 seconds left.
|
|t:|1743933983
|move|p1a: Pikachu|Thunderbolt|p2a: Zapdos
|-damage|p2a: Zapdos|0 fnt
|faint|p2a: Zapdos
|
|upkeep
|
|t:|1743933990
|switch|p2a: Landorus|Landorus-Therian, M|100/100
|-ability|p2a: Landorus|Intimidate|boost
|-unboost|p1a: Pikachu|atk|1
|turn|4
|
|t:|1743933996
|move|p1a: Pikachu|Surf|p2a: Landorus
|-supereffective|p2a: Landorus
|-damage|p2a: Landorus|0 fnt
|faint|p2a: Landorus
|
|upkeep
|
|t:|1743934007
|switch|p2a: Dragonite|Dragonite, F|100/100
|turn|5
|
|t:|1743934019
|-terastallize|p2a: Dragonite|Normal
|move|p1a: Pikachu|Volt Switch|p2a: Dragonite
|-damage|p2a: Dragonite|68/100
|
|t:|1743934024
|switch|p1a: Goodra|Goodra-Hisui, M|100/100|[from] Volt Switch
|move|p2a: Dragonite|Dragon Dance|p2a: Dragonite
|-boost|p2a: Dragonite|atk|1
|-boost|p2a: Dragonite|spe|1
|
|upkeep
|turn|6
|
|t:|1743934044
|move|p2a: Dragonite|Earthquake|p1a: Goodra
|-supereffective|p1a: Goodra
|-damage|p1a: Goodra|0 fnt
|faint|p1a: Goodra
|
|upkeep
|inactive|Jadao has 120 seconds left.
|
|t:|1743934072
|switch|p1a: Greninja|Greninja, M|100/100
|turn|7
|
|t:|1743934091
|move|p2a: Dragonite|Extreme Speed|p1a: Greninja
|-damage|p1a: Greninja|0 fnt
|faint|p1a: Greninja
|
|upkeep
|
|t:|1743934096
|switch|p1a: Samurott|Samurott-Hisui, M|100/100
|turn|8
|
|t:|1743934121
|move|p2a: Dragonite|Extreme Speed|p1a: Samurott
|-damage|p1a: Samurott|17/100
|move|p1a: Samurott|Sacred Sword|p2a: Dragonite
|-supereffective|p2a: Dragonite
|-damage|p2a: Dragonite|0 fnt
|faint|p2a: Dragonite
|
|upkeep
|inactive|AZZBoi has 120 seconds left.
|
|t:|1743934138
|switch|p2a: Deoxys|Deoxys-Speed|100/100
|-ability|p2a: Deoxys|Pressure
|turn|9
|inactive|AZZBoi has 120 seconds left.
|
|t:|1743934156
|switch|p1a: Pikachu|Pikachu-Kalos, M|100/100
|move|p2a: Deoxys|Thunderbolt|p1a: Pikachu
|-ability|p1a: Pikachu|Lightning Rod|boost
|-boost|p1a: Pikachu|spa|1
|
|upkeep
|turn|10
|inactive|AZZBoi has 120 seconds left.
|
|t:|1743934170
|move|p2a: Deoxys|Psycho Boost|p1a: Pikachu
|-damage|p1a: Pikachu|0 fnt
|-unboost|p2a: Deoxys|spa|2
|faint|p1a: Pikachu
|-damage|p2a: Deoxys|91/100|[from] item: Life Orb
|
|upkeep
|
|t:|1743934180
|switch|p1a: Dragonite|Dragonite, M|100/100
|turn|11
|inactive|AZZBoi has 120 seconds left.
|
|t:|1743934209
|switch|p2a: Gyarados|Gyarados, F|100/100
|move|p1a: Dragonite|Dragon Dance|p1a: Dragonite
|-boost|p1a: Dragonite|atk|1
|-boost|p1a: Dragonite|spe|1
|
|upkeep
|turn|12
|
|t:|1743934222
|move|p1a: Dragonite|Dragon Dance|p1a: Dragonite
|-boost|p1a: Dragonite|atk|1
|-boost|p1a: Dragonite|spe|1
|move|p2a: Gyarados|Ice Fang|p1a: Dragonite
|-supereffective|p1a: Dragonite
|-damage|p1a: Dragonite|54/100
|-status|p1a: Dragonite|frz
|
|upkeep
|turn|13
|
|t:|1743934232
|-terastallize|p1a: Dragonite|Fairy
|cant|p1a: Dragonite|frz
|move|p2a: Gyarados|Ice Fang|p1a: Dragonite
|-damage|p1a: Dragonite|31/100 frz
|
|upkeep
|turn|14
|
|t:|1743934245
|cant|p1a: Dragonite|frz
|move|p2a: Gyarados|Waterfall|p1a: Dragonite
|-damage|p1a: Dragonite|0 fnt
|faint|p1a: Dragonite
|-ability|p2a: Gyarados|Moxie|boost
|-boost|p2a: Gyarados|atk|1
|
|upkeep
|c|☆Jadao|............
|
|t:|1743934252
|switch|p1a: Gliscor|Gliscor, M|100/100
|turn|15
|
|t:|1743934264
|move|p2a: Gyarados|Ice Fang|p1a: Gliscor
|-supereffective|p1a: Gliscor
|-damage|p1a: Gliscor|14/100
|move|p1a: Gliscor|Toxic|p2a: Gyarados
|-status|p2a: Gyarados|tox
|
|-damage|p2a: Gyarados|94/100 tox|[from] psn
|-status|p1a: Gliscor|tox|[from] item: Toxic Orb
|upkeep
|turn|16
|
|t:|1743934274
|move|p1a: Gliscor|Protect|p1a: Gliscor
|-singleturn|p1a: Gliscor|Protect
|move|p2a: Gyarados|Ice Fang|p1a: Gliscor
|-activate|p1a: Gliscor|move: Protect
|
|-heal|p2a: Gyarados|100/100 tox|[from] item: Leftovers
|-damage|p2a: Gyarados|88/100 tox|[from] psn
|-heal|p1a: Gliscor|27/100 tox|[from] ability: Poison Heal
|upkeep
|turn|17
|inactive|AZZBoi has 120 seconds left.
|
|t:|1743934286
|switch|p1a: Samurott|Samurott-Hisui, M|17/100
|move|p2a: Gyarados|Dragon Dance|p2a: Gyarados
|-boost|p2a: Gyarados|atk|1
|-boost|p2a: Gyarados|spe|1
|
|-heal|p2a: Gyarados|94/100 tox|[from] item: Leftovers
|-damage|p2a: Gyarados|76/100 tox|[from] psn
|upkeep
|turn|18
|inactive|AZZBoi has 120 seconds left.
|
|t:|1743934301
|move|p1a: Samurott|Ceaseless Edge|p2a: Gyarados
|-damage|p2a: Gyarados|20/100 tox
|-sidestart|p2: AZZBoi|Spikes
|move|p2a: Gyarados|Earthquake|p1a: Samurott
|-damage|p1a: Samurott|0 fnt
|faint|p1a: Samurott
|-ability|p2a: Gyarados|Moxie|boost
|-boost|p2a: Gyarados|atk|1
|
|-heal|p2a: Gyarados|26/100 tox|[from] item: Leftovers
|-damage|p2a: Gyarados|2/100 tox|[from] psn
|upkeep
|
|t:|1743934312
|switch|p1a: Gliscor|Gliscor, M|27/100 tox
|turn|19
|
|t:|1743934317
|move|p1a: Gliscor|Protect|p1a: Gliscor
|-singleturn|p1a: Gliscor|Protect
|move|p2a: Gyarados|Ice Fang|p1a: Gliscor
|-activate|p1a: Gliscor|move: Protect
|
|-heal|p2a: Gyarados|8/100 tox|[from] item: Leftovers
|-damage|p2a: Gyarados|0 fnt|[from] psn
|faint|p2a: Gyarados
|-heal|p1a: Gliscor|39/100 tox|[from] ability: Poison Heal
|upkeep
|inactive|AZZBoi has 120 seconds left.
|
|t:|1743934327
|switch|p2a: Deoxys|Deoxys-Speed|91/100
|-damage|p2a: Deoxys|78/100|[from] Spikes
|-ability|p2a: Deoxys|Pressure
|turn|20
|
|t:|1743934336
|move|p2a: Deoxys|Ice Beam|p1a: Gliscor
|-supereffective|p1a: Gliscor
|-damage|p1a: Gliscor|0 fnt
|faint|p1a: Gliscor
|-damage|p2a: Deoxys|68/100|[from] item: Life Orb
|
|win|AZZBoi
|raw|Jadao's rating: 1174 &rarr; <strong>1145</strong><br />(-29 for losing)
|raw|AZZBoi's rating: 1120 &rarr; <strong>1149</strong><br />(+29 for winning)
|l|☆Jadao
|player|p1|
|l|☆AZZBoi
|player|p2|
