|j|☆Boneyard00
|j|☆mayomama
|t:|1743802476
|gametype|singles
|player|p1|Boneyard00|acetrainer-gen4dp|1238
|player|p2|mayomama|170|1209
|teamsize|p1|6
|teamsize|p2|6
|gen|9
|tier|[Gen 9] OU
|rated|
|rule|HP Percentage Mod: HP is shown in percentages
|rule|Endless Battle Clause: Forcing endless battles is banned
|rule|Species Clause: Limit one of each Pokémon
|rule|OHKO Clause: OHKO moves are banned
|rule|Evasion Items Clause: Evasion items are banned
|rule|Evasion Moves Clause: Evasion moves are banned
|rule|Sleep Moves Clause: Sleep-inducing moves are banned
|clearpoke
|poke|p1|Talonflame, F|
|poke|p1|Sawsbuck-Winter, M|
|poke|p1|Basculegion, M|
|poke|p1|Electivire, M|
|poke|p1|Avalugg, M|
|poke|p1|Vespiquen, F|
|poke|p2|Tornadus-Therian, M|
|poke|p2|Meowscarada, M|
|poke|p2|Slither Wing|
|poke|p2|Kyurem|
|poke|p2|Munkidori, M|
|poke|p2|Iron Treads|
|teampreview
|inactive|Battle timer is ON: inactive players will automatically lose when time's up. (requested by mayomama)
|c|☆Boneyard00|Duxe
|c|☆Boneyard00|Dude
|c|☆Boneyard00|Have you been playing a lot today?
|inactive|Boneyard00 has 120 seconds left.
|c|☆mayomama|?
|c|☆Boneyard00|So many fun teams people are using today!
|c|☆Boneyard00|Its just not the same 6 ou pokemon
|c|☆Boneyard00|Glhf
|
|t:|1743802533
|start
|switch|p1a: Caribbean|Talonflame, F|100/100
|switch|p2a: Munkidori|Munkidori, M|100/100
|turn|1
|
|t:|1743802537
|move|p1a: Caribbean|Taunt|p2a: Munkidori
|-start|p2a: Munkidori|move: Taunt
|move|p2a: Munkidori|Sludge Wave|p1a: Caribbean
|-damage|p1a: Caribbean|0 fnt
|faint|p1a: Caribbean
|
|upkeep
|
|t:|1743802544
|switch|p1a: Haywire|Electivire, M|100/100
|turn|2
|
|t:|1743802547
|move|p2a: Munkidori|Sludge Wave|p1a: Haywire
|-crit|p1a: Haywire
|-damage|p1a: Haywire|3/100
|move|p1a: Haywire|Knock Off|p2a: Munkidori
|-supereffective|p2a: Munkidori
|-damage|p2a: Munkidori|16/100
|-enditem|p2a: Munkidori|Choice Specs|[from] move: Knock Off|[of] p1a: Haywire
|
|upkeep
|turn|3
|
|t:|1743802555
|move|p2a: Munkidori|Sludge Wave|p1a: Haywire
|-crit|p1a: Haywire
|-damage|p1a: Haywire|0 fnt
|faint|p1a: Haywire
|
|-end|p2a: Munkidori|move: Taunt
|upkeep
|
|t:|1743802556
|switch|p1a: Bashigon|Basculegion, M|100/100
|turn|4
|
|t:|1743802561
|switch|p2a: Meowscarada|Meowscarada, M|100/100
|move|p1a: Bashigon|Aqua Jet|p2a: Meowscarada
|-resisted|p2a: Meowscarada
|-damage|p2a: Meowscarada|68/100
|
|upkeep
|turn|5
|c|☆Boneyard00|Well damn that hurts
|
|t:|1743802567
|switch|p1a: Milwauk|Sawsbuck-Winter, M, shiny|100/100
|move|p2a: Meowscarada|Knock Off|p1a: Milwauk
|-start|p2a: Meowscarada|typechange|Dark|[from] ability: Protean
|-damage|p1a: Milwauk|36/100
|-enditem|p1a: Milwauk|Life Orb|[from] move: Knock Off|[of] p2a: Meowscarada
|
|upkeep
|turn|6
|
|t:|1743802571
|switch|p2a: Tornadus|Tornadus-Therian, M|100/100
|move|p1a: Milwauk|Headbutt|p2a: Tornadus
|-damage|p2a: Tornadus|62/100
|
|upkeep
|turn|7
|
|t:|1743802578
|move|p2a: Tornadus|Air Slash|p1a: Milwauk
|-supereffective|p1a: Milwauk
|-damage|p1a: Milwauk|0 fnt
|faint|p1a: Milwauk
|
|upkeep
|
|t:|1743802582
|switch|p1a: Laurentor|Avalugg, M|100/100
|turn|8
|
|t:|1743802586
|move|p2a: Tornadus|Heat Wave|p1a: Laurentor
|-supereffective|p1a: Laurentor
|-damage|p1a: Laurentor|43/100
|move|p1a: Laurentor|Body Press|p2a: Tornadus
|-resisted|p2a: Tornadus
|-damage|p2a: Tornadus|43/100
|
|upkeep
|turn|9
|
|t:|1743802590
|switch|p1a: Bashigon|Basculegion, M|100/100
|move|p2a: Tornadus|Heat Wave|p1a: Bashigon
|-resisted|p1a: Bashigon
|-damage|p1a: Bashigon|87/100
|
|upkeep
|turn|10
|
|t:|1743802593
|switch|p2a: Meowscarada|Meowscarada, M|68/100
|move|p1a: Bashigon|Flip Turn|p2a: Meowscarada
|-resisted|p2a: Meowscarada
|-damage|p2a: Meowscarada|19/100
|
|t:|1743802596
|switch|p1a: Laurentor|Avalugg, M|43/100|[from] Flip Turn
|
|upkeep
|turn|11
|
|t:|1743802602
|move|p2a: Meowscarada|Flower Trick|p1a: Laurentor
|-start|p2a: Meowscarada|typechange|Grass|[from] ability: Protean
|-crit|p1a: Laurentor
|-damage|p1a: Laurentor|16/100
|move|p1a: Laurentor|Recover|p1a: Laurentor
|-heal|p1a: Laurentor|66/100
|
|upkeep
|turn|12
|
|t:|1743802612
|switch|p2a: Munkidori|Munkidori, M|16/100
|move|p1a: Laurentor|Rapid Spin|p2a: Munkidori
|-damage|p2a: Munkidori|0 fnt
|-boost|p1a: Laurentor|spe|1
|faint|p2a: Munkidori
|
|upkeep
|
|t:|1743802620
|switch|p2a: Tornadus|Tornadus-Therian, M|77/100
|turn|13
|
|t:|1743802624
|-terastallize|p1a: Laurentor|Ghost
|move|p2a: Tornadus|Substitute|p2a: Tornadus
|-start|p2a: Tornadus|Substitute
|-damage|p2a: Tornadus|52/100
|move|p1a: Laurentor|Avalanche|p2a: Tornadus
|-supereffective|p2a: Tornadus
|-end|p2a: Tornadus|Substitute
|
|upkeep
|turn|14
|
|t:|1743802630
|move|p2a: Tornadus|U-turn|p1a: Laurentor
|-resisted|p1a: Laurentor
|-damage|p1a: Laurentor|62/100
|-damage|p2a: Tornadus|35/100|[from] item: Rocky Helmet|[of] p1a: Laurentor
|
|t:|1743802632
|switch|p2a: Iron Treads|Iron Treads|100/100|[from] U-turn
|move|p1a: Laurentor|Avalanche|p2a: Iron Treads
|-damage|p2a: Iron Treads|84/100
|
|upkeep
|turn|15
|
|t:|1743802635
|move|p2a: Iron Treads|Earthquake|p1a: Laurentor
|-damage|p1a: Laurentor|43/100
|move|p1a: Laurentor|Body Press|p2a: Iron Treads
|-supereffective|p2a: Iron Treads
|-damage|p2a: Iron Treads|34/100
|
|upkeep
|turn|16
|
|t:|1743802645
|move|p2a: Iron Treads|Earthquake|p1a: Laurentor
|-damage|p1a: Laurentor|23/100
|move|p1a: Laurentor|Recover|p1a: Laurentor
|-heal|p1a: Laurentor|73/100
|
|upkeep
|turn|17
|
|t:|1743802648
|move|p2a: Iron Treads|Earthquake|p1a: Laurentor
|-damage|p1a: Laurentor|55/100
|move|p1a: Laurentor|Body Press|p2a: Iron Treads
|-supereffective|p2a: Iron Treads
|-damage|p2a: Iron Treads|0 fnt
|faint|p2a: Iron Treads
|-end|p2a: Iron Treads|Quark Drive|[silent]
|
|upkeep
|
|t:|1743802655
|switch|p2a: Tornadus|Tornadus-Therian, M|68/100
|turn|18
|
|t:|1743802664
|-terastallize|p2a: Tornadus|Steel
|move|p2a: Tornadus|Air Slash|p1a: Laurentor
|-damage|p1a: Laurentor|24/100
|move|p1a: Laurentor|Avalanche|p2a: Tornadus
|-resisted|p2a: Tornadus
|-damage|p2a: Tornadus|37/100
|
|upkeep
|turn|19
|
|t:|1743802668
|move|p2a: Tornadus|Air Slash|p1a: Laurentor|[miss]
|-miss|p2a: Tornadus|p1a: Laurentor
|move|p1a: Laurentor|Recover|p1a: Laurentor
|-heal|p1a: Laurentor|74/100
|
|upkeep
|turn|20
|
|t:|1743802672
|move|p2a: Tornadus|Air Slash|p1a: Laurentor
|-damage|p1a: Laurentor|44/100
|move|p1a: Laurentor|Body Press|p2a: Tornadus
|-supereffective|p2a: Tornadus
|-damage|p2a: Tornadus|0 fnt
|faint|p2a: Tornadus
|
|upkeep
|
|t:|1743802683
|switch|p2a: Meowscarada|Meowscarada, M|19/100
|turn|21
|c|☆Boneyard00|The Laurentor come back!
|
|t:|1743802687
|move|p2a: Meowscarada|Knock Off|p1a: Laurentor
|-start|p2a: Meowscarada|typechange|Dark|[from] ability: Protean
|-supereffective|p1a: Laurentor
|-damage|p1a: Laurentor|0 fnt
|-damage|p2a: Meowscarada|2/100|[from] item: Rocky Helmet|[of] p1a: Laurentor
|-enditem|p1a: Laurentor|Rocky Helmet|[from] move: Knock Off|[of] p2a: Meowscarada
|faint|p1a: Laurentor
|
|upkeep
|
|t:|1743802689
|switch|p1a: Bashigon|Basculegion, M|87/100
|turn|22
|
|t:|1743802692
|move|p1a: Bashigon|Aqua Jet|p2a: Meowscarada
|-damage|p2a: Meowscarada|0 fnt
|faint|p2a: Meowscarada
|
|upkeep
|
|t:|1743802698
|switch|p2a: Kyurem|Kyurem|100/100
|-ability|p2a: Kyurem|Pressure
|turn|23
|
|t:|1743802703
|switch|p1a: Vicky|Vespiquen, F|100/100
|-ability|p1a: Vicky|Pressure
|move|p2a: Kyurem|Icicle Spear|p1a: Vicky
|-supereffective|p1a: Vicky
|-damage|p1a: Vicky|75/100
|-supereffective|p1a: Vicky
|-damage|p1a: Vicky|50/100
|-supereffective|p1a: Vicky
|-damage|p1a: Vicky|23/100
|-supereffective|p1a: Vicky
|-damage|p1a: Vicky|0 fnt
|faint|p1a: Vicky
|-hitcount|p1: Vicky|4
|
|upkeep
|
|t:|1743802706
|switch|p1a: Bashigon|Basculegion, M|87/100
|turn|24
|
|t:|1743802709
|move|p2a: Kyurem|Scale Shot|p1a: Bashigon
|-damage|p1a: Bashigon|70/100
|-damage|p1a: Bashigon|55/100
|-damage|p1a: Bashigon|37/100
|-damage|p1a: Bashigon|21/100
|-damage|p1a: Bashigon|6/100
|-hitcount|p1a: Bashigon|5
|-unboost|p2a: Kyurem|def|1
|-boost|p2a: Kyurem|spe|1
|move|p1a: Bashigon|Phantom Force||[still]
|-prepare|p1a: Bashigon|Phantom Force
|
|upkeep
|turn|25
|c|☆Boneyard00|Its so over
|
|t:|1743802719
|move|p2a: Kyurem|Scale Shot|p1a: Bashigon|[miss]
|-miss|p2a: Kyurem|p1a: Bashigon
|move|p1a: Bashigon|Phantom Force|p2a: Kyurem|[from] lockedmove
|-damage|p2a: Kyurem|0 fnt
|faint|p2a: Kyurem
|
|upkeep
|
|t:|1743802721
|switch|p2a: Slither Wing|Slither Wing|100/100
|turn|26
|
|t:|1743802722
|move|p2a: Slither Wing|First Impression|p1a: Bashigon
|-resisted|p1a: Bashigon
|-damage|p1a: Bashigon|0 fnt
|faint|p1a: Bashigon
|
|win|mayomama
|raw|Boneyard00's rating: 1238 &rarr; <strong>1211</strong><br />(-27 for losing)
|raw|mayomama's rating: 1209 &rarr; <strong>1236</strong><br />(+27 for winning)
|c|☆mayomama|yeah
|c|☆Boneyard00|Gg
|c|☆mayomama|cant bank on a miss
|c|☆Boneyard00|Tho
|l|☆mayomama
|player|p2|
|c|☆Boneyard00|So true
|l|☆Boneyard00
|player|p1|
