|j|☆Harabon
|j|☆koyo70
|t:|1743837920
|gametype|singles
|player|p1|Harabon|265|1294
|player|p2|koyo70|roxie|1289
|teamsize|p1|6
|teamsize|p2|6
|gen|9
|tier|[Gen 9] OU
|rated|
|rule|HP Percentage Mod: HP is shown in percentages
|rule|Endless Battle Clause: Forcing endless battles is banned
|rule|Species Clause: Limit one of each Pokémon
|rule|OHKO Clause: OHKO moves are banned
|rule|Evasion Items Clause: Evasion items are banned
|rule|Evasion Moves Clause: Evasion moves are banned
|rule|Sleep Moves Clause: Sleep-inducing moves are banned
|clearpoke
|poke|p1|Iron Leaves|
|poke|p1|Iron Valiant|
|poke|p1|Pincurchin, M|
|poke|p1|Raichu-Alola, M|
|poke|p1|Iron Treads|
|poke|p1|Basculegion-F, F|
|poke|p2|Keldeo-Resolute|
|poke|p2|Hoopa-Unbound|
|poke|p2|Landorus-Therian, M|
|poke|p2|Raging Bolt|
|poke|p2|Cinderace, F|
|poke|p2|Clefable, M|
|teampreview
|inactive|Battle timer is ON: inactive players will automatically lose when time's up. (requested by koyo70)
|inactive|Harabon also wants the timer to be on.
|
|t:|1743837943
|start
|switch|p1a: Pincurchin|Pincurchin, M|100/100
|switch|p2a: Keldeo|Keldeo-Resolute|100/100
|-fieldstart|move: Electric Terrain|[from] ability: Electric Surge|[of] p1a: Pincurchin
|turn|1
|
|t:|1743837949
|move|p2a: Keldeo|Flip Turn|p1a: Pincurchin
|-damage|p1a: Pincurchin|89/100
|
|t:|1743837953
|switch|p2a: Landorus|Landorus-Therian, M|100/100|[from] Flip Turn
|-ability|p2a: Landorus|Intimidate|boost
|-unboost|p1a: Pincurchin|atk|1
|move|p1a: Pincurchin|Spikes|p2a: Landorus
|-sidestart|p2: koyo70|Spikes
|
|upkeep
|turn|2
|
|t:|1743837959
|switch|p1a: Basculegion|Basculegion-F, F|100/100
|-ability|p1a: Basculegion|Mold Breaker
|move|p2a: Landorus|U-turn|p1a: Basculegion
|-resisted|p1a: Basculegion
|-crit|p1a: Basculegion
|-damage|p1a: Basculegion|80/100
|
|t:|1743837965
|switch|p2a: Hoopa|Hoopa-Unbound|100/100|[from] U-turn
|-damage|p2a: Hoopa|88/100|[from] Spikes
|
|upkeep
|turn|3
|
|t:|1743837976
|move|p2a: Hoopa|Knock Off|p1a: Basculegion
|-supereffective|p1a: Basculegion
|-damage|p1a: Basculegion|0 fnt
|-enditem|p1a: Basculegion|Assault Vest|[from] move: Knock Off|[of] p2a: Hoopa
|faint|p1a: Basculegion
|
|upkeep
|
|t:|1743837990
|switch|p1a: Iron Leaves|Iron Leaves|100/100
|-activate|p1a: Iron Leaves|ability: Quark Drive
|-start|p1a: Iron Leaves|quarkdriveatk
|turn|4
|
|t:|1743837999
|move|p1a: Iron Leaves|Leaf Blade|p2a: Hoopa
|-damage|p2a: Hoopa|0 fnt
|faint|p2a: Hoopa
|
|upkeep
|
|t:|1743838015
|switch|p2a: Cinderace|Cinderace, F|100/100
|turn|5
|inactive|Harabon has 120 seconds left.
|
|t:|1743838071
|move|p2a: Cinderace|Pyro Ball|p1a: Iron Leaves
|-supereffective|p1a: Iron Leaves
|-damage|p1a: Iron Leaves|0 fnt
|faint|p1a: Iron Leaves
|-end|p1a: Iron Leaves|Quark Drive|[silent]
|
|upkeep
|
|t:|1743838076
|switch|p1a: Raichu|Raichu-Alola, M|100/100
|turn|6
|
|t:|1743838085
|move|p1a: Raichu|Psychic|p2a: Cinderace
|-damage|p2a: Cinderace|26/100
|move|p2a: Cinderace|U-turn|p1a: Raichu
|-start|p2a: Cinderace|typechange|Bug|[from] ability: Libero
|-supereffective|p1a: Raichu
|-damage|p1a: Raichu|0 fnt
|faint|p1a: Raichu
|
|t:|1743838093
|switch|p2a: Clefable|Clefable, M|100/100|[from] U-turn
|
|upkeep
|
|t:|1743838103
|switch|p1a: Iron Valiant|Iron Valiant|100/100
|-activate|p1a: Iron Valiant|ability: Quark Drive
|-start|p1a: Iron Valiant|quarkdrivespe
|turn|7
|
|t:|1743838109
|-terastallize|p1a: Iron Valiant|Electric
|move|p1a: Iron Valiant|Swords Dance|p1a: Iron Valiant
|-boost|p1a: Iron Valiant|atk|2
|move|p2a: Clefable|Moonblast|p1a: Iron Valiant
|-damage|p1a: Iron Valiant|43/100
|
|upkeep
|turn|8
|
|t:|1743838117
|move|p1a: Iron Valiant|Tera Blast|p2a: Clefable|[anim] Tera Blast Electric
|-damage|p2a: Clefable|0 fnt
|faint|p2a: Clefable
|-damage|p1a: Iron Valiant|34/100|[from] item: Life Orb
|
|-fieldend|move: Electric Terrain
|-end|p1a: Iron Valiant|Quark Drive
|upkeep
|
|t:|1743838126
|switch|p2a: Keldeo|Keldeo-Resolute|100/100
|-damage|p2a: Keldeo|88/100|[from] Spikes
|turn|9
|
|t:|1743838131
|-end|p1a: Iron Valiant|Quark Drive|[silent]
|switch|p1a: Pincurchin|Pincurchin, M|89/100
|-fieldstart|move: Electric Terrain|[from] ability: Electric Surge|[of] p1a: Pincurchin
|move|p2a: Keldeo|Vacuum Wave|p1a: Pincurchin
|-damage|p1a: Pincurchin|51/100
|
|upkeep
|turn|10
|inactive|Harabon has 120 seconds left.
|
|t:|1743838151
|switch|p2a: Landorus|Landorus-Therian, M|100/100
|-ability|p2a: Landorus|Intimidate|boost
|-unboost|p1a: Pincurchin|atk|1
|switch|p1a: Iron Treads|Iron Treads|100/100
|-item|p1a: Iron Treads|Air Balloon
|-activate|p1a: Iron Treads|ability: Quark Drive
|-start|p1a: Iron Treads|quarkdrivespe
|
|upkeep
|turn|11
|-message|Harabon forfeited.
|
|win|koyo70
|raw|Harabon's rating: 1294 &rarr; <strong>1269</strong><br />(-25 for losing)
|raw|koyo70's rating: 1289 &rarr; <strong>1314</strong><br />(+25 for winning)
|l|☆Harabon
|player|p1|
|l|☆koyo70
|player|p2|
