|j|☆Nick Suzuki
|j|☆blumped up
|t:|1743904121
|gametype|singles
|player|p1|Nick Suzuki|skier|1554
|player|p2|blumped up|102|1480
|teamsize|p1|6
|teamsize|p2|6
|gen|9
|tier|[Gen 9] OU
|rated|
|rule|HP Percentage Mod: HP is shown in percentages
|rule|Endless Battle Clause: Forcing endless battles is banned
|rule|Species Clause: Limit one of each Pokémon
|rule|OHKO Clause: OHKO moves are banned
|rule|Evasion Items Clause: Evasion items are banned
|rule|Evasion Moves Clause: Evasion moves are banned
|rule|Sleep Moves Clause: Sleep-inducing moves are banned
|clearpoke
|poke|p1|Dragapult, M|
|poke|p1|Corviknight, F|
|poke|p1|Ting-Lu|
|poke|p1|Primarina, M|
|poke|p1|Dragonite, F|
|poke|p1|Deoxys-Speed|
|poke|p2|Reuniclus, F|
|poke|p2|Thundurus-Therian, M|
|poke|p2|Fezandipiti, M|
|poke|p2|Slither Wing|
|poke|p2|Tinkaton, F|
|poke|p2|Dragonite, F|
|teampreview
|
|t:|1743904148
|start
|switch|p1a: Ting-Lu|Ting-Lu|100/100
|switch|p2a: Fezandipiti|Fezandipiti, M|100/100
|-ability|p1a: Ting-Lu|Vessel of Ruin
|turn|1
|
|t:|1743904156
|move|p2a: Fezandipiti|U-turn|p1a: Ting-Lu
|-supereffective|p1a: Ting-Lu
|-damage|p1a: Ting-Lu|82/100
|
|t:|1743904158
|switch|p2a: Slither Wing|Slither Wing|100/100|[from] U-turn
|move|p1a: Ting-Lu|Ruination|p2a: Slither Wing|[miss]
|-miss|p1a: Ting-Lu|p2a: Slither Wing
|
|-heal|p1a: Ting-Lu|88/100|[from] item: Leftovers
|upkeep
|turn|2
|
|t:|1743904164
|move|p2a: Slither Wing|Will-O-Wisp|p1a: Ting-Lu
|-status|p1a: Ting-Lu|brn
|move|p1a: Ting-Lu|Stealth Rock|p2a: Slither Wing
|-sidestart|p2: blumped up|move: Stealth Rock
|
|-heal|p1a: Ting-Lu|95/100 brn|[from] item: Leftovers
|-damage|p1a: Ting-Lu|88/100 brn|[from] brn
|upkeep
|turn|3
|
|t:|1743904168
|move|p2a: Slither Wing|U-turn|p1a: Ting-Lu
|-supereffective|p1a: Ting-Lu
|-damage|p1a: Ting-Lu|51/100 brn
|
|t:|1743904173
|-end|p2a: Slither Wing|Protosynthesis|[silent]
|switch|p2a: Reuniclus|Reuniclus, F|100/100|[from] U-turn
|move|p1a: Ting-Lu|Ruination|p2a: Reuniclus
|-damage|p2a: Reuniclus|50/100
|
|-heal|p1a: Ting-Lu|57/100 brn|[from] item: Leftovers
|-damage|p1a: Ting-Lu|51/100 brn|[from] brn
|upkeep
|turn|4
|
|t:|1743904185
|switch|p1a: Dragapult|Dragapult, M|100/100
|move|p2a: Reuniclus|Recover|p2a: Reuniclus
|-heal|p2a: Reuniclus|100/100
|
|upkeep
|turn|5
|
|t:|1743904191
|switch|p2a: Fezandipiti|Fezandipiti, M|100/100
|-terastallize|p1a: Dragapult|Ghost
|move|p1a: Dragapult|Tera Blast|p2a: Fezandipiti|[anim] Tera Blast Ghost
|-damage|p2a: Fezandipiti|23/100
|
|upkeep
|turn|6
|
|t:|1743904237
|move|p1a: Dragapult|Tera Blast|p2a: Fezandipiti|[anim] Tera Blast Ghost
|-damage|p2a: Fezandipiti|0 fnt
|faint|p2a: Fezandipiti
|
|upkeep
|
|t:|1743904249
|switch|p2a: Slither Wing|Slither Wing|100/100
|turn|7
|
|t:|1743904256
|switch|p1a: Deoxys|Deoxys-Speed|100/100
|-ability|p1a: Deoxys|Pressure
|move|p2a: Slither Wing|Will-O-Wisp|p1a: Deoxys
|-status|p1a: Deoxys|brn
|
|-damage|p1a: Deoxys|94/100 brn|[from] brn
|upkeep
|turn|8
|
|t:|1743904261
|-end|p2a: Slither Wing|Protosynthesis|[silent]
|switch|p2a: Reuniclus|Reuniclus, F|100/100
|move|p1a: Deoxys|Psycho Boost|p2a: Reuniclus
|-resisted|p2a: Reuniclus
|-damage|p2a: Reuniclus|65/100
|-unboost|p1a: Deoxys|spa|2
|-damage|p1a: Deoxys|84/100 brn|[from] item: Life Orb
|
|-damage|p1a: Deoxys|78/100 brn|[from] brn
|upkeep
|turn|9
|
|t:|1743904274
|switch|p1a: Corviknight|Corviknight, F|100/100
|-ability|p1a: Corviknight|Pressure
|move|p2a: Reuniclus|Recover|p2a: Reuniclus
|-heal|p2a: Reuniclus|100/100
|
|upkeep
|turn|10
|
|t:|1743904278
|move|p1a: Corviknight|U-turn|p2a: Reuniclus
|-supereffective|p2a: Reuniclus
|-damage|p2a: Reuniclus|74/100
|
|t:|1743904283
|switch|p1a: Dragonite|Dragonite, F|100/100|[from] U-turn
|move|p2a: Reuniclus|Knock Off|p1a: Dragonite
|-damage|p1a: Dragonite|90/100
|-enditem|p1a: Dragonite|Choice Band|[from] move: Knock Off|[of] p2a: Reuniclus
|
|upkeep
|turn|11
|
|t:|1743904290
|move|p1a: Dragonite|Outrage|p2a: Reuniclus
|-damage|p2a: Reuniclus|0 fnt
|faint|p2a: Reuniclus
|
|upkeep
|
|t:|1743904301
|switch|p2a: Tinkaton|Tinkaton, F|100/100
|-damage|p2a: Tinkaton|94/100|[from] Stealth Rock
|-ability|p2a: Tinkaton|Mold Breaker
|-item|p2a: Tinkaton|Air Balloon
|turn|12
|
|t:|1743904305
|move|p2a: Tinkaton|Stealth Rock|p1a: Dragonite
|-sidestart|p1: Nick Suzuki|move: Stealth Rock
|move|p1a: Dragonite|Outrage|p2a: Tinkaton|[from] lockedmove
|-immune|p2a: Tinkaton
|-start|p1a: Dragonite|confusion|[fatigue]
|
|upkeep
|turn|13
|
|t:|1743904309
|move|p2a: Tinkaton|Encore|p1a: Dragonite
|-start|p1a: Dragonite|Encore
|-activate|p1a: Dragonite|confusion
|move|p1a: Dragonite|Outrage|p2a: Tinkaton
|-immune|p2a: Tinkaton
|
|upkeep
|turn|14
|
|t:|1743904314
|switch|p1a: Ting-Lu|Ting-Lu|51/100 brn
|-damage|p1a: Ting-Lu|45/100 brn|[from] Stealth Rock
|-ability|p1a: Ting-Lu|Vessel of Ruin
|move|p2a: Tinkaton|Thunder Wave|p1a: Ting-Lu
|-immune|p1a: Ting-Lu
|
|-heal|p1a: Ting-Lu|51/100 brn|[from] item: Leftovers
|-damage|p1a: Ting-Lu|45/100 brn|[from] brn
|upkeep
|turn|15
|
|t:|1743904320
|switch|p2a: Slither Wing|Slither Wing|100/100
|move|p1a: Ting-Lu|Ruination|p2a: Slither Wing
|-damage|p2a: Slither Wing|50/100
|
|-heal|p1a: Ting-Lu|51/100 brn|[from] item: Leftovers
|-damage|p1a: Ting-Lu|45/100 brn|[from] brn
|upkeep
|turn|16
|
|t:|1743904327
|switch|p1a: Deoxys|Deoxys-Speed|78/100 brn
|-damage|p1a: Deoxys|66/100 brn|[from] Stealth Rock
|-ability|p1a: Deoxys|Pressure
|move|p2a: Slither Wing|Morning Sun|p2a: Slither Wing
|-heal|p2a: Slither Wing|100/100
|
|-damage|p1a: Deoxys|59/100 brn|[from] brn
|upkeep
|turn|17
|
|t:|1743904334
|-end|p2a: Slither Wing|Protosynthesis|[silent]
|switch|p2a: Dragonite|Dragonite, F|100/100
|move|p1a: Deoxys|Psycho Boost|p2a: Dragonite
|-damage|p2a: Dragonite|68/100
|-unboost|p1a: Deoxys|spa|2
|-damage|p1a: Deoxys|49/100 brn|[from] item: Life Orb
|
|-damage|p1a: Deoxys|43/100 brn|[from] brn
|upkeep
|turn|18
|
|t:|1743904338
|move|p2a: Dragonite|Extreme Speed|p1a: Deoxys
|-damage|p1a: Deoxys|0 fnt
|faint|p1a: Deoxys
|
|upkeep
|
|t:|1743904351
|switch|p1a: Dragonite|Dragonite, F|90/100
|-damage|p1a: Dragonite|66/100|[from] Stealth Rock
|turn|19
|
|t:|1743904355
|switch|p2a: Tinkaton|Tinkaton, F|94/100
|-damage|p2a: Tinkaton|88/100|[from] Stealth Rock
|-ability|p2a: Tinkaton|Mold Breaker
|-item|p2a: Tinkaton|Air Balloon
|move|p1a: Dragonite|Ice Spinner|p2a: Tinkaton
|-resisted|p2a: Tinkaton
|-damage|p2a: Tinkaton|71/100
|-enditem|p2a: Tinkaton|Air Balloon
|
|upkeep
|turn|20
|
|t:|1743904360
|move|p2a: Tinkaton|Encore|p1a: Dragonite
|-start|p1a: Dragonite|Encore
|move|p1a: Dragonite|Ice Spinner|p2a: Tinkaton
|-resisted|p2a: Tinkaton
|-damage|p2a: Tinkaton|54/100
|
|upkeep
|turn|21
|
|t:|1743904367
|switch|p1a: Ting-Lu|Ting-Lu|45/100 brn
|-damage|p1a: Ting-Lu|39/100 brn|[from] Stealth Rock
|-ability|p1a: Ting-Lu|Vessel of Ruin
|move|p2a: Tinkaton|Gigaton Hammer|p1a: Ting-Lu
|-damage|p1a: Ting-Lu|13/100 brn
|
|-heal|p1a: Ting-Lu|20/100 brn|[from] item: Leftovers
|-damage|p1a: Ting-Lu|13/100 brn|[from] brn
|upkeep
|turn|22
|
|t:|1743904377
|switch|p2a: Slither Wing|Slither Wing|100/100
|switch|p1a: Dragapult|Dragapult, M, tera:Ghost|100/100
|-damage|p1a: Dragapult|88/100|[from] Stealth Rock
|
|upkeep
|turn|23
|
|t:|1743904383
|move|p1a: Dragapult|U-turn|p2a: Slither Wing
|-resisted|p2a: Slither Wing
|-damage|p2a: Slither Wing|87/100
|
|t:|1743904388
|switch|p1a: Primarina|Primarina, M|100/100|[from] U-turn
|-damage|p1a: Primarina|88/100|[from] Stealth Rock
|move|p2a: Slither Wing|Will-O-Wisp|p1a: Primarina
|-status|p1a: Primarina|brn
|
|-damage|p1a: Primarina|82/100 brn|[from] brn
|upkeep
|turn|24
|
|t:|1743904396
|-end|p2a: Slither Wing|Protosynthesis|[silent]
|switch|p2a: Tinkaton|Tinkaton, F|54/100
|-damage|p2a: Tinkaton|48/100|[from] Stealth Rock
|-ability|p2a: Tinkaton|Mold Breaker
|move|p1a: Primarina|Moonblast|p2a: Tinkaton
|-resisted|p2a: Tinkaton
|-damage|p2a: Tinkaton|25/100
|
|-damage|p1a: Primarina|76/100 brn|[from] brn
|upkeep
|turn|25
|
|t:|1743904405
|move|p2a: Tinkaton|Thunder Wave||[still]
|-fail|p2a: Tinkaton
|move|p1a: Primarina|Surf|p2a: Tinkaton
|-damage|p2a: Tinkaton|0 fnt
|faint|p2a: Tinkaton
|
|-damage|p1a: Primarina|69/100 brn|[from] brn
|upkeep
|
|t:|1743904408
|switch|p2a: Thundurus|Thundurus-Therian, M|100/100
|turn|26
|
|t:|1743904420
|move|p2a: Thundurus|Agility|p2a: Thundurus
|-boost|p2a: Thundurus|spe|2
|move|p1a: Primarina|Moonblast|p2a: Thundurus
|-damage|p2a: Thundurus|29/100
|
|-damage|p1a: Primarina|63/100 brn|[from] brn
|upkeep
|turn|27
|
|t:|1743904434
|switch|p1a: Ting-Lu|Ting-Lu|13/100 brn
|-damage|p1a: Ting-Lu|7/100 brn|[from] Stealth Rock
|-ability|p1a: Ting-Lu|Vessel of Ruin
|move|p2a: Thundurus|Thunderbolt|p1a: Ting-Lu
|-immune|p1a: Ting-Lu
|
|-heal|p1a: Ting-Lu|13/100 brn|[from] item: Leftovers
|-damage|p1a: Ting-Lu|7/100 brn|[from] brn
|upkeep
|turn|28
|
|t:|1743904440
|move|p2a: Thundurus|Tera Blast|p1a: Ting-Lu
|-damage|p1a: Ting-Lu|0 fnt
|faint|p1a: Ting-Lu
|
|upkeep
|
|t:|1743904444
|switch|p1a: Dragonite|Dragonite, F|66/100
|-damage|p1a: Dragonite|41/100|[from] Stealth Rock
|turn|29
|
|t:|1743904454
|switch|p2a: Slither Wing|Slither Wing|87/100
|move|p1a: Dragonite|Extreme Speed|p2a: Slither Wing
|-damage|p2a: Slither Wing|62/100
|
|upkeep
|turn|30
|
|t:|1743904461
|move|p1a: Dragonite|Fire Punch|p2a: Slither Wing
|-supereffective|p2a: Slither Wing
|-damage|p2a: Slither Wing|18/100
|move|p2a: Slither Wing|Morning Sun|p2a: Slither Wing
|-heal|p2a: Slither Wing|68/100
|
|upkeep
|turn|31
|
|t:|1743904473
|switch|p1a: Primarina|Primarina, M|63/100 brn
|-damage|p1a: Primarina|51/100 brn|[from] Stealth Rock
|move|p2a: Slither Wing|Morning Sun|p2a: Slither Wing
|-heal|p2a: Slither Wing|100/100
|
|-damage|p1a: Primarina|44/100 brn|[from] brn
|upkeep
|turn|32
|
|t:|1743904504
|-terastallize|p2a: Slither Wing|Steel
|move|p1a: Primarina|Moonblast|p2a: Slither Wing
|-resisted|p2a: Slither Wing
|-damage|p2a: Slither Wing|78/100
|move|p2a: Slither Wing|Will-O-Wisp|p1a: Primarina
|-fail|p1a: Primarina|brn
|
|-damage|p1a: Primarina|38/100 brn|[from] brn
|upkeep
|turn|33
|
|t:|1743904510
|move|p1a: Primarina|Surf|p2a: Slither Wing
|-damage|p2a: Slither Wing|31/100
|move|p2a: Slither Wing|Will-O-Wisp|p1a: Primarina
|-fail|p1a: Primarina|brn
|
|-damage|p1a: Primarina|32/100 brn|[from] brn
|upkeep
|turn|34
|
|t:|1743904515
|-end|p2a: Slither Wing|Protosynthesis|[silent]
|switch|p2a: Dragonite|Dragonite, F|68/100
|move|p1a: Primarina|Surf|p2a: Dragonite
|-resisted|p2a: Dragonite
|-damage|p2a: Dragonite|36/100
|
|-damage|p1a: Primarina|26/100 brn|[from] brn
|upkeep
|turn|35
|
|t:|1743904520
|move|p2a: Dragonite|Extreme Speed|p1a: Primarina
|-damage|p1a: Primarina|0 fnt
|faint|p1a: Primarina
|
|upkeep
|-message|blumped up forfeited.
|
|win|Nick Suzuki
|raw|Nick Suzuki's rating: 1554 &rarr; <strong>1570</strong><br />(+16 for winning)
|raw|blumped up's rating: 1480 &rarr; <strong>1464</strong><br />(-16 for losing)
|l|☆blumped up
|player|p2|
|l|☆Nick Suzuki
|player|p1|
