|j|☆seymour2
|j|☆Dr. Drake6782
|t:|1743822186
|gametype|singles
|player|p1|seymour2|workerice|1468
|player|p2|Dr. Drake6782|lance-lgpe|1510
|teamsize|p1|6
|teamsize|p2|6
|gen|9
|tier|[Gen 9] OU
|rated|
|rule|HP Percentage Mod: HP is shown in percentages
|rule|Endless Battle Clause: Forcing endless battles is banned
|rule|Species Clause: Limit one of each Pokémon
|rule|OHKO Clause: OHKO moves are banned
|rule|Evasion Items Clause: Evasion items are banned
|rule|Evasion Moves Clause: Evasion moves are banned
|rule|Sleep Moves Clause: Sleep-inducing moves are banned
|clearpoke
|poke|p1|Venusaur, F|
|poke|p1|Torkoal, F|
|poke|p1|Walking Wake|
|poke|p1|Iron Moth|
|poke|p1|Great Tusk|
|poke|p1|Hatterene, F|
|poke|p2|Alomomola, F|
|poke|p2|Weezing-Galar, M|
|poke|p2|Garganacl, F|
|poke|p2|Kyurem|
|poke|p2|Zamazenta-*|
|poke|p2|Ting-Lu|
|teampreview
|inactive|Battle timer is ON: inactive players will automatically lose when time's up. (requested by Dr. Drake6782)
|
|t:|1743822210
|start
|switch|p1a: Torkoal|Torkoal, F|100/100
|switch|p2a: Garganacl|Garganacl, F, shiny|100/100
|-weather|SunnyDay|[from] ability: Drought|[of] p1a: Torkoal
|turn|1
|
|t:|1743822216
|move|p2a: Garganacl|Salt Cure|p1a: Torkoal
|-supereffective|p1a: Torkoal
|-damage|p1a: Torkoal|83/100
|-start|p1a: Torkoal|Salt Cure
|move|p1a: Torkoal|Stealth Rock|p2a: Garganacl
|-sidestart|p2: Dr. Drake6782|move: Stealth Rock
|
|-weather|SunnyDay|[upkeep]
|-damage|p1a: Torkoal|71/100|[from] Salt Cure
|upkeep
|turn|2
|
|t:|1743822220
|switch|p1a: Hatterene|Hatterene, F|100/100
|move|p2a: Garganacl|Salt Cure|p1a: Hatterene
|-damage|p1a: Hatterene|89/100
|-start|p1a: Hatterene|Salt Cure
|-enditem|p1a: Hatterene|Eject Button
|
|t:|1743822225
|switch|p1a: Venusaur|Venusaur, F|100/100
|
|-weather|SunnyDay|[upkeep]
|upkeep
|turn|3
|
|t:|1743822235
|move|p2a: Garganacl|Protect|p2a: Garganacl
|-singleturn|p2a: Garganacl|Protect
|move|p1a: Venusaur|Solar Beam||[still]
|-prepare|p1a: Venusaur|Solar Beam
|-anim|p1a: Venusaur|Solar Beam|p2a: Garganacl
|-activate|p2a: Garganacl|move: Protect
|
|-weather|SunnyDay|[upkeep]
|upkeep
|turn|4
|
|t:|1743822242
|switch|p2a: Weezing|Weezing-Galar, M, shiny|100/100
|-ability|p2a: Weezing|Neutralizing Gas
|move|p1a: Venusaur|Growth|p1a: Venusaur
|-boost|p1a: Venusaur|atk|2
|-boost|p1a: Venusaur|spa|2
|
|-weather|SunnyDay|[upkeep]
|upkeep
|turn|5
|
|t:|1743822248
|move|p1a: Venusaur|Weather Ball|p2a: Weezing
|-damage|p2a: Weezing|0 fnt
|faint|p2a: Weezing
|-end|p2a: Weezing|ability: Neutralizing Gas
|-damage|p1a: Venusaur|91/100|[from] item: Life Orb
|
|-weather|SunnyDay|[upkeep]
|upkeep
|
|t:|1743822255
|switch|p2a: Ting-Lu|Ting-Lu|100/100
|-damage|p2a: Ting-Lu|94/100|[from] Stealth Rock
|-ability|p2a: Ting-Lu|Vessel of Ruin
|turn|6
|
|t:|1743822259
|-terastallize|p2a: Ting-Lu|Ghost
|move|p1a: Venusaur|Solar Beam||[still]
|-prepare|p1a: Venusaur|Solar Beam
|-anim|p1a: Venusaur|Solar Beam|p2a: Ting-Lu
|-damage|p2a: Ting-Lu|33/100
|-damage|p1a: Venusaur|81/100|[from] item: Life Orb
|move|p2a: Ting-Lu|Whirlwind|p1a: Venusaur
|drag|p1a: Torkoal|Torkoal, F|71/100
|
|-weather|SunnyDay|[upkeep]
|-heal|p2a: Ting-Lu|40/100|[from] item: Leftovers
|upkeep
|turn|7
|
|t:|1743822267
|switch|p1a: Walking Wake|Walking Wake|100/100
|-activate|p1a: Walking Wake|ability: Protosynthesis
|-start|p1a: Walking Wake|protosynthesisspe
|move|p2a: Ting-Lu|Stealth Rock|p1a: Walking Wake
|-sidestart|p1: seymour2|move: Stealth Rock
|
|-weather|SunnyDay|[upkeep]
|-heal|p2a: Ting-Lu|46/100|[from] item: Leftovers
|upkeep
|turn|8
|
|t:|1743822273
|switch|p2a: Alomomola|Alomomola, F|100/100
|move|p1a: Walking Wake|Hydro Steam|p2a: Alomomola
|-resisted|p2a: Alomomola
|-damage|p2a: Alomomola|58/100
|
|-weather|none
|-end|p1a: Walking Wake|Protosynthesis
|upkeep
|turn|9
|
|t:|1743822279
|-end|p1a: Walking Wake|Protosynthesis|[silent]
|switch|p1a: Torkoal|Torkoal, F|71/100
|-damage|p1a: Torkoal|46/100|[from] Stealth Rock
|-weather|SunnyDay|[from] ability: Drought|[of] p1a: Torkoal
|move|p2a: Alomomola|Wish|p2a: Alomomola
|
|-weather|SunnyDay|[upkeep]
|upkeep
|turn|10
|
|t:|1743822289
|switch|p1a: Venusaur|Venusaur, F|81/100
|-damage|p1a: Venusaur|68/100|[from] Stealth Rock
|move|p2a: Alomomola|Flip Turn|p1a: Venusaur
|-resisted|p1a: Venusaur
|-damage|p1a: Venusaur|63/100
|
|t:|1743822291
|switch|p2a: Ting-Lu|Ting-Lu, tera:Ghost|46/100|[from] Flip Turn
|-damage|p2a: Ting-Lu|33/100|[from] Stealth Rock
|-ability|p2a: Ting-Lu|Vessel of Ruin
|
|-weather|SunnyDay|[upkeep]
|-heal|p2a: Ting-Lu|79/100|[from] move: Wish|[wisher] Alomomola
|-heal|p2a: Ting-Lu|86/100|[from] item: Leftovers
|upkeep
|turn|11
|
|t:|1743822300
|move|p1a: Venusaur|Growth|p1a: Venusaur
|-boost|p1a: Venusaur|atk|2
|-boost|p1a: Venusaur|spa|2
|move|p2a: Ting-Lu|Earthquake|p1a: Venusaur
|-damage|p1a: Venusaur|18/100
|
|-weather|SunnyDay|[upkeep]
|-heal|p2a: Ting-Lu|92/100|[from] item: Leftovers
|upkeep
|turn|12
|
|t:|1743822302
|move|p1a: Venusaur|Solar Beam||[still]
|-prepare|p1a: Venusaur|Solar Beam
|-anim|p1a: Venusaur|Solar Beam|p2a: Ting-Lu
|-damage|p2a: Ting-Lu|38/100
|-damage|p1a: Venusaur|8/100|[from] item: Life Orb
|move|p2a: Ting-Lu|Earthquake|p1a: Venusaur
|-damage|p1a: Venusaur|0 fnt
|faint|p1a: Venusaur
|
|-weather|SunnyDay|[upkeep]
|-heal|p2a: Ting-Lu|44/100|[from] item: Leftovers
|upkeep
|inactive|seymour2 has 120 seconds left.
|
|t:|1743822337
|switch|p1a: Great Tusk|Great Tusk|100/100
|-activate|p1a: Great Tusk|ability: Protosynthesis
|-start|p1a: Great Tusk|protosynthesisspe
|turn|13
|
|t:|1743822347
|switch|p2a: Kyurem|Kyurem, shiny|100/100
|-damage|p2a: Kyurem|76/100|[from] Stealth Rock
|-ability|p2a: Kyurem|Pressure
|move|p1a: Great Tusk|Bulk Up|p1a: Great Tusk
|-boost|p1a: Great Tusk|atk|1
|-boost|p1a: Great Tusk|def|1
|
|-weather|SunnyDay|[upkeep]
|upkeep
|turn|14
|
|t:|1743822355
|move|p2a: Kyurem|Ice Beam|p1a: Great Tusk
|-supereffective|p1a: Great Tusk
|-damage|p1a: Great Tusk|0 fnt
|faint|p1a: Great Tusk
|-end|p1a: Great Tusk|Protosynthesis|[silent]
|
|-weather|SunnyDay|[upkeep]
|upkeep
|
|t:|1743822361
|switch|p1a: Walking Wake|Walking Wake|100/100
|-damage|p1a: Walking Wake|88/100|[from] Stealth Rock
|-activate|p1a: Walking Wake|ability: Protosynthesis
|-start|p1a: Walking Wake|protosynthesisspe
|turn|15
|
|t:|1743822364
|move|p1a: Walking Wake|Hydro Steam|p2a: Kyurem
|-resisted|p2a: Kyurem
|-damage|p2a: Kyurem|30/100
|move|p2a: Kyurem|Ice Beam|p1a: Walking Wake
|-damage|p1a: Walking Wake|31/100
|
|-weather|SunnyDay|[upkeep]
|upkeep
|turn|16
|
|t:|1743822367
|move|p1a: Walking Wake|Hydro Steam|p2a: Kyurem
|-resisted|p2a: Kyurem
|-damage|p2a: Kyurem|0 fnt
|faint|p2a: Kyurem
|
|-weather|none
|-end|p1a: Walking Wake|Protosynthesis
|upkeep
|
|t:|1743822369
|switch|p2a: Alomomola|Alomomola, F|91/100
|turn|17
|
|t:|1743822383
|-end|p1a: Walking Wake|Protosynthesis|[silent]
|switch|p1a: Torkoal|Torkoal, F|46/100
|-damage|p1a: Torkoal|21/100|[from] Stealth Rock
|-weather|SunnyDay|[from] ability: Drought|[of] p1a: Torkoal
|move|p2a: Alomomola|Wish|p2a: Alomomola
|
|-weather|SunnyDay|[upkeep]
|upkeep
|turn|18
|
|t:|1743822388
|move|p2a: Alomomola|Flip Turn|p1a: Torkoal
|-supereffective|p1a: Torkoal
|-damage|p1a: Torkoal|11/100
|
|t:|1743822390
|switch|p2a: Ting-Lu|Ting-Lu, tera:Ghost|44/100|[from] Flip Turn
|-damage|p2a: Ting-Lu|32/100|[from] Stealth Rock
|-ability|p2a: Ting-Lu|Vessel of Ruin
|move|p1a: Torkoal|Will-O-Wisp|p2a: Ting-Lu
|-status|p2a: Ting-Lu|brn
|
|-weather|SunnyDay|[upkeep]
|-heal|p2a: Ting-Lu|78/100 brn|[from] move: Wish|[wisher] Alomomola
|-heal|p2a: Ting-Lu|84/100 brn|[from] item: Leftovers
|-damage|p2a: Ting-Lu|78/100 brn|[from] brn
|upkeep
|turn|19
|
|t:|1743822402
|switch|p1a: Hatterene|Hatterene, F|89/100
|-damage|p1a: Hatterene|77/100|[from] Stealth Rock
|move|p2a: Ting-Lu|Earthquake|p1a: Hatterene
|-damage|p1a: Hatterene|63/100
|
|-weather|SunnyDay|[upkeep]
|-heal|p2a: Ting-Lu|84/100 brn|[from] item: Leftovers
|-damage|p2a: Ting-Lu|78/100 brn|[from] brn
|upkeep
|turn|20
|
|t:|1743822411
|switch|p2a: Garganacl|Garganacl, F, shiny|100/100
|-damage|p2a: Garganacl|88/100|[from] Stealth Rock
|move|p1a: Hatterene|Healing Wish|p1a: Hatterene
|faint|p1a: Hatterene
|
|-weather|SunnyDay|[upkeep]
|-heal|p2a: Garganacl|94/100|[from] item: Leftovers
|upkeep
|
|t:|1743822420
|switch|p1a: Walking Wake|Walking Wake|31/100
|-heal|p1a: Walking Wake|100/100|[from] move: Healing Wish
|-damage|p1a: Walking Wake|88/100|[from] Stealth Rock
|-activate|p1a: Walking Wake|ability: Protosynthesis
|-start|p1a: Walking Wake|protosynthesisspe
|turn|21
|
|t:|1743822428
|switch|p2a: Zamazenta|Zamazenta|100/100
|-damage|p2a: Zamazenta|94/100|[from] Stealth Rock
|-ability|p2a: Zamazenta|Dauntless Shield|boost
|-boost|p2a: Zamazenta|def|1
|move|p1a: Walking Wake|Hydro Steam|p2a: Zamazenta
|-damage|p2a: Zamazenta|8/100
|
|-weather|SunnyDay|[upkeep]
|-heal|p2a: Zamazenta|14/100|[from] item: Leftovers
|upkeep
|turn|22
|
|t:|1743822430
|move|p1a: Walking Wake|Hydro Steam|p2a: Zamazenta
|-damage|p2a: Zamazenta|0 fnt
|faint|p2a: Zamazenta
|
|-weather|SunnyDay|[upkeep]
|upkeep
|
|t:|1743822432
|switch|p2a: Ting-Lu|Ting-Lu, tera:Ghost|78/100 brn
|-damage|p2a: Ting-Lu|65/100 brn|[from] Stealth Rock
|-ability|p2a: Ting-Lu|Vessel of Ruin
|turn|23
|
|t:|1743822440
|move|p1a: Walking Wake|Hydro Steam|p2a: Ting-Lu
|-damage|p2a: Ting-Lu|27/100 brn
|move|p2a: Ting-Lu|Ruination|p1a: Walking Wake
|-damage|p1a: Walking Wake|44/100
|
|-weather|SunnyDay|[upkeep]
|-heal|p2a: Ting-Lu|33/100 brn|[from] item: Leftovers
|-damage|p2a: Ting-Lu|27/100 brn|[from] brn
|upkeep
|turn|24
|
|t:|1743822446
|switch|p2a: Alomomola|Alomomola, F|100/100
|move|p1a: Walking Wake|Hydro Steam|p2a: Alomomola
|-resisted|p2a: Alomomola
|-damage|p2a: Alomomola|62/100
|
|-weather|none
|-end|p1a: Walking Wake|Protosynthesis
|upkeep
|turn|25
|
|t:|1743822464
|-end|p1a: Walking Wake|Protosynthesis|[silent]
|switch|p1a: Iron Moth|Iron Moth|100/100
|-damage|p1a: Iron Moth|75/100|[from] Stealth Rock
|-enditem|p1a: Iron Moth|Booster Energy
|-activate|p1a: Iron Moth|ability: Quark Drive|[fromitem]
|-start|p1a: Iron Moth|quarkdrivespe
|move|p2a: Alomomola|Wish|p2a: Alomomola
|
|upkeep
|turn|26
|
|t:|1743822469
|switch|p2a: Ting-Lu|Ting-Lu, tera:Ghost|27/100 brn
|-damage|p2a: Ting-Lu|15/100 brn|[from] Stealth Rock
|-ability|p2a: Ting-Lu|Vessel of Ruin
|move|p1a: Iron Moth|Fiery Dance|p2a: Ting-Lu
|-damage|p2a: Ting-Lu|0 fnt
|-boost|p1a: Iron Moth|spa|1
|faint|p2a: Ting-Lu
|
|upkeep
|
|t:|1743822472
|switch|p2a: Garganacl|Garganacl, F, shiny|94/100
|-damage|p2a: Garganacl|82/100|[from] Stealth Rock
|turn|27
|
|t:|1743822487
|move|p1a: Iron Moth|Psychic|p2a: Garganacl
|-damage|p2a: Garganacl|53/100
|move|p2a: Garganacl|Salt Cure|p1a: Iron Moth
|-supereffective|p1a: Iron Moth
|-damage|p1a: Iron Moth|30/100
|-start|p1a: Iron Moth|Salt Cure
|
|-heal|p2a: Garganacl|59/100|[from] item: Leftovers
|-damage|p1a: Iron Moth|17/100|[from] Salt Cure
|upkeep
|turn|28
|
|t:|1743822495
|move|p1a: Iron Moth|Psychic|p2a: Garganacl
|-damage|p2a: Garganacl|28/100
|-unboost|p2a: Garganacl|spd|1
|move|p2a: Garganacl|Recover|p2a: Garganacl
|-heal|p2a: Garganacl|78/100
|
|-heal|p2a: Garganacl|84/100|[from] item: Leftovers
|-damage|p1a: Iron Moth|5/100|[from] Salt Cure
|upkeep
|turn|29
|
|t:|1743822499
|move|p2a: Garganacl|Protect|p2a: Garganacl
|-singleturn|p2a: Garganacl|Protect
|move|p1a: Iron Moth|Psychic|p2a: Garganacl
|-activate|p2a: Garganacl|move: Protect
|
|-heal|p2a: Garganacl|91/100|[from] item: Leftovers
|-damage|p1a: Iron Moth|0 fnt|[from] Salt Cure
|faint|p1a: Iron Moth
|-end|p1a: Iron Moth|Quark Drive|[silent]
|upkeep
|
|t:|1743822501
|switch|p1a: Walking Wake|Walking Wake|44/100
|-damage|p1a: Walking Wake|32/100|[from] Stealth Rock
|turn|30
|
|t:|1743822504
|switch|p2a: Alomomola|Alomomola, F|95/100
|move|p1a: Walking Wake|Hydro Steam|p2a: Alomomola
|-resisted|p2a: Alomomola
|-crit|p2a: Alomomola
|-damage|p2a: Alomomola|51/100
|
|upkeep
|turn|31
|
|t:|1743822509
|move|p1a: Walking Wake|Hydro Steam|p2a: Alomomola
|-resisted|p2a: Alomomola
|-damage|p2a: Alomomola|22/100
|move|p2a: Alomomola|Flip Turn|p1a: Walking Wake
|-resisted|p1a: Walking Wake
|-damage|p1a: Walking Wake|28/100
|
|t:|1743822512
|switch|p2a: Garganacl|Garganacl, F, shiny|91/100|[from] Flip Turn
|-damage|p2a: Garganacl|78/100|[from] Stealth Rock
|
|-heal|p2a: Garganacl|84/100|[from] item: Leftovers
|upkeep
|turn|32
|
|t:|1743822514
|move|p2a: Garganacl|Protect|p2a: Garganacl
|-singleturn|p2a: Garganacl|Protect
|move|p1a: Walking Wake|Hydro Steam|p2a: Garganacl
|-activate|p2a: Garganacl|move: Protect
|
|-heal|p2a: Garganacl|91/100|[from] item: Leftovers
|upkeep
|turn|33
|
|t:|1743822523
|-terastallize|p1a: Walking Wake|Fairy
|move|p1a: Walking Wake|Hydro Steam|p2a: Garganacl
|-supereffective|p2a: Garganacl
|-crit|p2a: Garganacl
|-damage|p2a: Garganacl|0 fnt
|faint|p2a: Garganacl
|
|upkeep
|
|t:|1743822527
|switch|p2a: Alomomola|Alomomola, F|55/100
|turn|34
|
|t:|1743822529
|-end|p1a: Walking Wake|Protosynthesis|[silent]
|switch|p1a: Torkoal|Torkoal, F|11/100
|-damage|p1a: Torkoal|0 fnt|[from] Stealth Rock
|faint|p1a: Torkoal
|move|p2a: Alomomola|Wish|p2a: Alomomola
|
|upkeep
|
|t:|1743822533
|switch|p1a: Walking Wake|Walking Wake, tera:Fairy|28/100
|-damage|p1a: Walking Wake|15/100|[from] Stealth Rock
|turn|35
|
|t:|1743822536
|move|p2a: Alomomola|Protect|p2a: Alomomola
|-singleturn|p2a: Alomomola|Protect
|move|p1a: Walking Wake|Dragon Pulse|p2a: Alomomola
|-activate|p2a: Alomomola|move: Protect
|
|-heal|p2a: Alomomola|100/100|[from] move: Wish|[wisher] Alomomola
|upkeep
|turn|36
|
|t:|1743822547
|move|p1a: Walking Wake|Dragon Pulse|p2a: Alomomola
|-damage|p2a: Alomomola|40/100
|move|p2a: Alomomola|Flip Turn|p1a: Walking Wake
|-damage|p1a: Walking Wake|0 fnt
|faint|p1a: Walking Wake
|-end|p1a: Walking Wake|Protosynthesis|[silent]
|
|win|Dr. Drake6782
|raw|seymour2's rating: 1468 &rarr; <strong>1450</strong><br />(-18 for losing)
|raw|Dr. Drake6782's rating: 1510 &rarr; <strong>1528</strong><br />(+18 for winning)
|l|☆seymour2
|player|p1|
