|j|☆tgate
|j|☆Markknight05
|t:|1743921424
|gametype|singles
|player|p1|tgate|fisherman-gen4|1000
|player|p2|Markknight05|169|1057
|teamsize|p1|6
|teamsize|p2|6
|gen|9
|tier|[Gen 9] OU
|rated|
|rule|HP Percentage Mod: HP is shown in percentages
|rule|Endless Battle Clause: Forcing endless battles is banned
|rule|Species Clause: Limit one of each Pokémon
|rule|OHKO Clause: OHKO moves are banned
|rule|Evasion Items Clause: Evasion items are banned
|rule|Evasion Moves Clause: Evasion moves are banned
|rule|Sleep Moves Clause: Sleep-inducing moves are banned
|clearpoke
|poke|p1|Rillaboom, F|
|poke|p1|Raging Bolt|
|poke|p1|Corviknight, F|
|poke|p1|Espeon, M|
|poke|p1|Terrakion|
|poke|p1|Froslass, F|
|poke|p2|Lapras, F|
|poke|p2|Pelipper, F|
|poke|p2|Bellibolt, M|
|poke|p2|Flygon, F|
|poke|p2|Grimmsnarl, M|
|poke|p2|Scizor, F|
|teampreview
|
|t:|1743921437
|start
|switch|p1a: Froslass|Froslass, F|100/100
|switch|p2a: Grimmsnarl|Grimmsnarl, M|100/100
|turn|1
|inactive|Battle timer is ON: inactive players will automatically lose when time's up. (requested by Markknight05)
|
|t:|1743921448
|switch|p1a: Corviknight|Corviknight, F|100/100
|-ability|p1a: Corviknight|Pressure
|move|p2a: Grimmsnarl|Spirit Break|p1a: Corviknight
|-resisted|p1a: Corviknight
|-damage|p1a: Corviknight|92/100
|-unboost|p1a: Corviknight|spa|1
|
|-heal|p1a: Corviknight|98/100|[from] item: Leftovers
|upkeep
|turn|2
|
|t:|1743921462
|move|p2a: Grimmsnarl|Reflect|p2a: Grimmsnarl
|-sidestart|p2: Markknight05|Reflect
|move|p1a: Corviknight|U-turn|p2a: Grimmsnarl
|-damage|p2a: Grimmsnarl|95/100
|
|t:|1743921474
|switch|p1a: Froslass|Froslass, F|100/100|[from] U-turn
|
|upkeep
|turn|3
|
|t:|1743921480
|move|p1a: Froslass|Taunt|p2a: Grimmsnarl
|-start|p2a: Grimmsnarl|move: Taunt
|move|p2a: Grimmsnarl|Spirit Break|p1a: Froslass
|-damage|p1a: Froslass|47/100
|-unboost|p1a: Froslass|spa|1
|
|upkeep
|turn|4
|
|t:|1743921490
|move|p1a: Froslass|Destiny Bond|p1a: Froslass
|-singlemove|p1a: Froslass|Destiny Bond
|move|p2a: Grimmsnarl|Spirit Break|p1a: Froslass
|-damage|p1a: Froslass|0 fnt
|faint|p1a: Froslass
|-activate|p1a: Froslass|move: Destiny Bond
|faint|p2a: Grimmsnarl
|
|upkeep
|
|t:|1743921510
|switch|p1a: Raging Bolt|Raging Bolt|100/100
|switch|p2a: Pelipper|Pelipper, F|100/100
|-weather|RainDance|[from] ability: Drizzle|[of] p2a: Pelipper
|turn|5
|
|t:|1743921524
|switch|p2a: Bellibolt|Bellibolt, M|100/100
|move|p1a: Raging Bolt|Dragon Pulse|p2a: Bellibolt
|-damage|p2a: Bellibolt|66/100
|-start|p2a: Bellibolt|Charge|Dragon Pulse|[from] ability: Electromorphosis
|
|-weather|RainDance|[upkeep]
|upkeep
|turn|6
|
|t:|1743921537
|-end|p1a: Raging Bolt|Protosynthesis|[silent]
|switch|p1a: Espeon|Espeon, M|100/100
|-terastallize|p2a: Bellibolt|Fairy
|move|p2a: Bellibolt|Tera Blast|p1a: Espeon|[anim] Tera Blast Fairy
|-damage|p1a: Espeon|46/100
|-enditem|p1a: Espeon|Eject Button
|
|t:|1743921562
|switch|p1a: Rillaboom|Rillaboom, F|100/100
|-fieldstart|move: Grassy Terrain|[from] ability: Grassy Surge|[of] p1a: Rillaboom
|
|-weather|RainDance|[upkeep]
|-heal|p2a: Bellibolt|73/100|[from] Grassy Terrain
|upkeep
|turn|7
|
|t:|1743921577
|switch|p2a: Scizor|Scizor, F|100/100
|move|p1a: Rillaboom|U-turn|p2a: Scizor
|-resisted|p2a: Scizor
|-damage|p2a: Scizor|91/100
|
|t:|1743921583
|switch|p1a: Raging Bolt|Raging Bolt|100/100|[from] U-turn
|
|-weather|RainDance|[upkeep]
|-heal|p2a: Scizor|97/100|[from] Grassy Terrain
|upkeep
|turn|8
|
|t:|1743921596
|move|p1a: Raging Bolt|Thunderclap|p2a: Scizor
|-damage|p2a: Scizor|50/100
|move|p2a: Scizor|Knock Off|p1a: Raging Bolt
|-damage|p1a: Raging Bolt|65/100
|-enditem|p1a: Raging Bolt|Heavy-Duty Boots|[from] move: Knock Off|[of] p2a: Scizor
|
|-weather|RainDance|[upkeep]
|-heal|p1a: Raging Bolt|71/100|[from] Grassy Terrain
|-heal|p2a: Scizor|56/100|[from] Grassy Terrain
|upkeep
|turn|9
|
|t:|1743921613
|switch|p2a: Bellibolt|Bellibolt, M, tera:Fairy|73/100
|move|p1a: Raging Bolt|Taunt|p2a: Bellibolt
|-start|p2a: Bellibolt|move: Taunt
|
|-weather|RainDance|[upkeep]
|-heal|p1a: Raging Bolt|77/100|[from] Grassy Terrain
|-heal|p2a: Bellibolt|79/100|[from] Grassy Terrain
|-sideend|p2: Markknight05|Reflect
|upkeep
|turn|10
|
|t:|1743921624
|move|p1a: Raging Bolt|Volt Switch|p2a: Bellibolt
|-crit|p2a: Bellibolt
|-damage|p2a: Bellibolt|38/100
|-start|p2a: Bellibolt|Charge|Volt Switch|[from] ability: Electromorphosis
|
|t:|1743921633
|-end|p1a: Raging Bolt|Protosynthesis|[silent]
|switch|p1a: Corviknight|Corviknight, F|98/100|[from] Volt Switch
|-ability|p1a: Corviknight|Pressure
|move|p2a: Bellibolt|Volt Switch|p1a: Corviknight
|-supereffective|p1a: Corviknight
|-damage|p1a: Corviknight|0 fnt
|faint|p1a: Corviknight
|-end|p2a: Bellibolt|Charge|[silent]
|
|t:|1743921652
|switch|p2a: Flygon|Flygon, F|100/100|[from] Volt Switch
|
|-weather|RainDance|[upkeep]
|-fieldend|move: Grassy Terrain
|upkeep
|
|t:|1743921658
|switch|p1a: Espeon|Espeon, M|46/100
|turn|11
|
|t:|1743921670
|switch|p2a: Bellibolt|Bellibolt, M, tera:Fairy|38/100
|-terastallize|p1a: Espeon|Fairy
|move|p1a: Espeon|Alluring Voice|p2a: Bellibolt
|-damage|p2a: Bellibolt|12/100
|-start|p2a: Bellibolt|Charge|Alluring Voice|[from] ability: Electromorphosis
|
|-weather|RainDance|[upkeep]
|upkeep
|turn|12
|
|t:|1743921682
|move|p1a: Espeon|Psychic Noise|p2a: Bellibolt
|-damage|p2a: Bellibolt|0 fnt
|faint|p2a: Bellibolt
|
|-weather|none
|upkeep
|
|t:|1743921689
|switch|p2a: Scizor|Scizor, F|56/100
|turn|13
|
|t:|1743921697
|switch|p1a: Raging Bolt|Raging Bolt|77/100
|move|p2a: Scizor|U-turn|p1a: Raging Bolt
|-damage|p1a: Raging Bolt|44/100
|
|t:|1743921703
|switch|p2a: Flygon|Flygon, F|100/100|[from] U-turn
|
|upkeep
|turn|14
|
|t:|1743921718
|move|p2a: Flygon|Dragon Dance|p2a: Flygon
|-boost|p2a: Flygon|atk|1
|-boost|p2a: Flygon|spe|1
|move|p1a: Raging Bolt|Dragon Pulse|p2a: Flygon
|-supereffective|p2a: Flygon
|-damage|p2a: Flygon|0 fnt
|faint|p2a: Flygon
|
|upkeep
|
|t:|1743921729
|switch|p2a: Pelipper|Pelipper, F|100/100
|-weather|RainDance|[from] ability: Drizzle|[of] p2a: Pelipper
|turn|15
|
|t:|1743921737
|move|p1a: Raging Bolt|Volt Switch|p2a: Pelipper
|-supereffective|p2a: Pelipper
|-damage|p2a: Pelipper|0 fnt
|faint|p2a: Pelipper
|
|t:|1743921749
|-end|p1a: Raging Bolt|Protosynthesis|[silent]
|switch|p1a: Terrakion|Terrakion|100/100|[from] Volt Switch
|-item|p1a: Terrakion|Air Balloon
|
|-weather|RainDance|[upkeep]
|upkeep
|c|☆Markknight05|Nice prediction
|
|t:|1743921778
|switch|p2a: Scizor|Scizor, F|56/100
|turn|16
|
|t:|1743921782
|move|p2a: Scizor|Bullet Punch|p1a: Terrakion
|-supereffective|p1a: Terrakion
|-damage|p1a: Terrakion|26/100
|-enditem|p1a: Terrakion|Air Balloon
|move|p1a: Terrakion|Close Combat|p2a: Scizor
|-damage|p2a: Scizor|0 fnt
|-unboost|p1a: Terrakion|def|1
|-unboost|p1a: Terrakion|spd|1
|faint|p2a: Scizor
|
|-weather|RainDance|[upkeep]
|upkeep
|-message|Markknight05 forfeited.
|
|win|tgate
|raw|tgate's rating: 1000 &rarr; <strong>1047</strong><br />(+47 for winning)
|raw|Markknight05's rating: 1057 &rarr; <strong>1035</strong><br />(-22 for losing)
|l|☆Markknight05
|player|p2|
