|j|☆Team BBIO 38
|j|☆frankferris
|t:|1743884043
|gametype|singles
|player|p1|Team BBIO 38|dragontamer|1380
|player|p2|frankferris|swimmer-gen4|1405
|teamsize|p1|6
|teamsize|p2|6
|gen|9
|tier|[Gen 9] OU
|rated|
|rule|HP Percentage Mod: HP is shown in percentages
|rule|Endless Battle Clause: Forcing endless battles is banned
|rule|Species Clause: Limit one of each Pokémon
|rule|OHKO Clause: OHKO moves are banned
|rule|Evasion Items Clause: Evasion items are banned
|rule|Evasion Moves Clause: Evasion moves are banned
|rule|Sleep Moves Clause: Sleep-inducing moves are banned
|clearpoke
|poke|p1|Dusclops, M|
|poke|p1|Blissey, F|
|poke|p1|Flamigo, M|
|poke|p1|Mimikyu, M|
|poke|p1|Rotom-Wash|
|poke|p1|Alcremie, F|
|poke|p2|Iron Treads|
|poke|p2|Kingambit, M|
|poke|p2|Enamorus, F|
|poke|p2|Iron Moth|
|poke|p2|Iron Valiant|
|poke|p2|Araquanid, F|
|teampreview
|inactive|Battle timer is ON: inactive players will automatically lose when time's up. (requested by Team BBIO 38)
|inactive|frankferris has 120 seconds left.
|inactive|frankferris has 90 seconds left.
|
|t:|1743884105
|start
|switch|p1a: Blissey|Blissey, F|100/100
|switch|p2a: My Back|Araquanid, F|100/100
|turn|1
|c|☆frankferris|last guy ibattled was called surpriseblissey
|c|☆frankferris|i guess the surprise would be that
|c|☆Team BBIO 38|lol
|c|☆frankferris|the next person is actually running blissey and not him
|inactive|frankferris has 120 seconds left.
|
|t:|1743884137
|move|p1a: Blissey|Stealth Rock|p2a: My Back
|-sidestart|p2: frankferris|move: Stealth Rock
|move|p2a: My Back|Sticky Web|p1a: Blissey
|-sidestart|p1: Team BBIO 38|move: Sticky Web
|
|upkeep
|turn|2
|c|☆Team BBIO 38|lol i see
|
|t:|1743884143
|move|p1a: Blissey|Seismic Toss|p2a: My Back
|-damage|p2a: My Back|71/100
|move|p2a: My Back|Surf|p1a: Blissey
|-damage|p1a: Blissey|82/100
|
|-heal|p1a: Blissey|88/100|[from] item: Leftovers
|upkeep
|turn|3
|
|t:|1743884155
|move|p1a: Blissey|Seismic Toss|p2a: My Back
|-damage|p2a: My Back|42/100
|move|p2a: My Back|Surf|p1a: Blissey
|-damage|p1a: Blissey|67/100
|
|-heal|p1a: Blissey|73/100|[from] item: Leftovers
|upkeep
|turn|4
|
|t:|1743884162
|move|p1a: Blissey|Seismic Toss|p2a: My Back
|-damage|p2a: My Back|12/100
|move|p2a: My Back|Endeavor|p1a: Blissey
|-damage|p1a: Blissey|6/100
|
|-heal|p1a: Blissey|12/100|[from] item: Leftovers
|upkeep
|turn|5
|-enditem|p2a: My Back|Custap Berry|[eat]
|-activate|p2a: My Back|item: Custap Berry|[consumed]
|
|t:|1743884169
|move|p2a: My Back|Surf|p1a: Blissey
|-damage|p1a: Blissey|0 fnt
|faint|p1a: Blissey
|
|upkeep
|
|t:|1743884175
|switch|p1a: Flamigo|Flamigo, M|100/100
|turn|6
|
|t:|1743884179
|move|p1a: Flamigo|Close Combat|p2a: My Back
|-resisted|p2a: My Back
|-damage|p2a: My Back|0 fnt
|-unboost|p1a: Flamigo|def|1
|-unboost|p1a: Flamigo|spd|1
|faint|p2a: My Back
|
|upkeep
|
|t:|1743884188
|switch|p2a: Australia|Iron Moth|100/100
|-damage|p2a: Australia|76/100|[from] Stealth Rock
|-enditem|p2a: Australia|Booster Energy
|-activate|p2a: Australia|ability: Quark Drive|[fromitem]
|-start|p2a: Australia|quarkdrivespa
|turn|7
|
|t:|1743884194
|switch|p1a: Rotom|Rotom-Wash|100/100
|move|p2a: Australia|Fiery Dance|p1a: Rotom
|-resisted|p1a: Rotom
|-damage|p1a: Rotom|70/100
|
|upkeep
|turn|8
|
|t:|1743884201
|move|p2a: Australia|Energy Ball|p1a: Rotom
|-supereffective|p1a: Rotom
|-damage|p1a: Rotom|0 fnt
|faint|p1a: Rotom
|
|upkeep
|
|t:|1743884207
|switch|p1a: Mimikyu|Mimikyu, M|100/100
|-activate|p1a: Mimikyu|move: Sticky Web
|-unboost|p1a: Mimikyu|spe|1
|turn|9
|
|t:|1743884225
|move|p2a: Australia|Sludge Wave|p1a: Mimikyu
|-activate|p1a: Mimikyu|ability: Disguise
|-damage|p1a: Mimikyu|100/100
|detailschange|p1a: Mimikyu|Mimikyu-Busted, M
|-damage|p1a: Mimikyu|88/100|[from] pokemon: Mimikyu-Busted
|-enditem|p1a: Mimikyu|Red Card|[of] p2a: Australia
|-end|p2a: Australia|Quark Drive|[silent]
|drag|p2a: Oong ging gang|Iron Valiant|100/100
|-damage|p2a: Oong ging gang|94/100|[from] Stealth Rock
|-enditem|p2a: Oong ging gang|Booster Energy
|-activate|p2a: Oong ging gang|ability: Quark Drive|[fromitem]
|-start|p2a: Oong ging gang|quarkdrivespa
|move|p1a: Mimikyu|Play Rough|p2a: Oong ging gang
|-supereffective|p2a: Oong ging gang
|-damage|p2a: Oong ging gang|0 fnt
|faint|p2a: Oong ging gang
|-end|p2a: Oong ging gang|Quark Drive|[silent]
|
|upkeep
|c|☆frankferris|ok ok ok ok ok
|c|☆frankferris|wtf
|
|t:|1743884245
|switch|p2a: Australia|Iron Moth|76/100
|-damage|p2a: Australia|51/100|[from] Stealth Rock
|turn|10
|
|t:|1743884255
|move|p1a: Mimikyu|Shadow Sneak|p2a: Australia
|-damage|p2a: Australia|23/100
|move|p2a: Australia|Sludge Wave|p1a: Mimikyu
|-damage|p1a: Mimikyu|22/100
|
|upkeep
|turn|11
|
|t:|1743884262
|move|p1a: Mimikyu|Shadow Sneak|p2a: Australia
|-damage|p2a: Australia|0 fnt
|faint|p2a: Australia
|-end|p2a: Australia|Quark Drive|[silent]
|
|upkeep
|
|t:|1743884263
|switch|p2a: Splaaaashum|Kingambit, M|100/100
|-damage|p2a: Splaaaashum|94/100|[from] Stealth Rock
|-activate|p2a: Splaaaashum|ability: Supreme Overlord
|-start|p2a: Splaaaashum|fallen3|[silent]
|-item|p2a: Splaaaashum|Air Balloon
|turn|12
|
|t:|1743884272
|move|p1a: Mimikyu|Taunt|p2a: Splaaaashum
|-start|p2a: Splaaaashum|move: Taunt
|cant|p2a: Splaaaashum|move: Taunt|Swords Dance
|
|upkeep
|turn|13
|
|t:|1743884277
|move|p1a: Mimikyu|Play Rough|p2a: Splaaaashum|[miss]
|-miss|p1a: Mimikyu|p2a: Splaaaashum
|move|p2a: Splaaaashum|Iron Head|p1a: Mimikyu
|-supereffective|p1a: Mimikyu
|-damage|p1a: Mimikyu|0 fnt
|faint|p1a: Mimikyu
|
|upkeep
|c|☆Team BBIO 38|doh
|
|t:|1743884283
|switch|p1a: Flamigo|Flamigo, M|100/100
|turn|14
|
|t:|1743884288
|move|p1a: Flamigo|Close Combat|p2a: Splaaaashum
|-supereffective|p2a: Splaaaashum
|-damage|p2a: Splaaaashum|0 fnt
|-unboost|p1a: Flamigo|def|1
|-unboost|p1a: Flamigo|spd|1
|-enditem|p2a: Splaaaashum|Air Balloon
|faint|p2a: Splaaaashum
|-end|p2a: Splaaaashum|fallen3|[silent]
|
|upkeep
|
|t:|1743884290
|switch|p2a: MA MEUF|Enamorus, F|100/100
|-damage|p2a: MA MEUF|76/100|[from] Stealth Rock
|turn|15
|
|t:|1743884303
|switch|p1a: Dusclops|Dusclops, M|100/100
|-activate|p1a: Dusclops|move: Sticky Web
|-unboost|p1a: Dusclops|spe|1
|-item|p2a: MA MEUF|Choice Specs|[from] ability: Frisk|[of] p1a: Dusclops
|-terastallize|p2a: MA MEUF|Fairy
|move|p2a: MA MEUF|Moonblast|p1a: Dusclops
|-damage|p1a: Dusclops|30/100
|-unboost|p1a: Dusclops|spa|1
|
|upkeep
|turn|16
|inactive|frankferris has 120 seconds left.
|
|t:|1743884353
|move|p2a: MA MEUF|Moonblast|p1a: Dusclops
|-damage|p1a: Dusclops|0 fnt
|faint|p1a: Dusclops
|
|upkeep
|
|t:|1743884364
|switch|p1a: Alcremie|Alcremie, F|100/100
|-activate|p1a: Alcremie|move: Sticky Web
|-unboost|p1a: Alcremie|spe|1
|turn|17
|
|t:|1743884370
|-terastallize|p1a: Alcremie|Steel
|move|p2a: MA MEUF|Moonblast|p1a: Alcremie
|-resisted|p1a: Alcremie
|-damage|p1a: Alcremie|51/100
|-unboost|p1a: Alcremie|spa|1
|move|p1a: Alcremie|Calm Mind|p1a: Alcremie
|-boost|p1a: Alcremie|spa|1
|-boost|p1a: Alcremie|spd|1
|
|-heal|p1a: Alcremie|57/100|[from] item: Leftovers
|upkeep
|turn|18
|
|t:|1743884379
|move|p2a: MA MEUF|Moonblast|p1a: Alcremie
|-resisted|p1a: Alcremie
|-damage|p1a: Alcremie|25/100
|move|p1a: Alcremie|Calm Mind|p1a: Alcremie
|-boost|p1a: Alcremie|spa|1
|-boost|p1a: Alcremie|spd|1
|
|-heal|p1a: Alcremie|31/100|[from] item: Leftovers
|upkeep
|turn|19
|
|t:|1743884390
|move|p2a: MA MEUF|Moonblast|p1a: Alcremie
|-resisted|p1a: Alcremie
|-damage|p1a: Alcremie|8/100
|-unboost|p1a: Alcremie|spa|1
|move|p1a: Alcremie|Draining Kiss|p2a: MA MEUF
|-crit|p2a: MA MEUF
|-damage|p2a: MA MEUF|36/100
|-heal|p1a: Alcremie|34/100|[from] drain|[of] p2a: MA MEUF
|
|-heal|p1a: Alcremie|40/100|[from] item: Leftovers
|upkeep
|turn|20
|
|t:|1743884400
|move|p2a: MA MEUF|Moonblast|p1a: Alcremie
|-resisted|p1a: Alcremie
|-damage|p1a: Alcremie|17/100
|move|p1a: Alcremie|Draining Kiss|p2a: MA MEUF
|-damage|p2a: MA MEUF|8/100
|-heal|p1a: Alcremie|35/100|[from] drain|[of] p2a: MA MEUF
|
|-heal|p1a: Alcremie|41/100|[from] item: Leftovers
|upkeep
|turn|21
|
|t:|1743884408
|move|p2a: MA MEUF|Moonblast|p1a: Alcremie
|-resisted|p1a: Alcremie
|-damage|p1a: Alcremie|15/100
|move|p1a: Alcremie|Draining Kiss|p2a: MA MEUF
|-damage|p2a: MA MEUF|0 fnt
|-heal|p1a: Alcremie|20/100|[from] drain|[of] p2a: MA MEUF
|faint|p2a: MA MEUF
|
|-heal|p1a: Alcremie|26/100|[from] item: Leftovers
|upkeep
|
|t:|1743884416
|switch|p2a: Metallic Horse|Iron Treads|100/100
|-damage|p2a: Metallic Horse|97/100|[from] Stealth Rock
|-enditem|p2a: Metallic Horse|Booster Energy
|-activate|p2a: Metallic Horse|ability: Quark Drive|[fromitem]
|-start|p2a: Metallic Horse|quarkdrivespe
|turn|22
|
|t:|1743884424
|move|p2a: Metallic Horse|Rapid Spin|p1a: Alcremie
|-resisted|p1a: Alcremie
|-damage|p1a: Alcremie|21/100
|-boost|p2a: Metallic Horse|spe|1
|-sideend|p2: frankferris|Stealth Rock|[from] move: Rapid Spin|[of] p2a: Metallic Horse
|move|p1a: Alcremie|Draining Kiss|p2a: Metallic Horse
|-resisted|p2a: Metallic Horse
|-damage|p2a: Metallic Horse|85/100
|-heal|p1a: Alcremie|30/100|[from] drain|[of] p2a: Metallic Horse
|
|-heal|p1a: Alcremie|36/100|[from] item: Leftovers
|upkeep
|turn|23
|
|t:|1743884433
|move|p2a: Metallic Horse|Earth Power|p1a: Alcremie
|-supereffective|p1a: Alcremie
|-damage|p1a: Alcremie|7/100
|move|p1a: Alcremie|Stored Power|p2a: Metallic Horse
|-resisted|p2a: Metallic Horse
|-damage|p2a: Metallic Horse|74/100
|
|-heal|p1a: Alcremie|13/100|[from] item: Leftovers
|upkeep
|turn|24
|
|t:|1743884444
|move|p2a: Metallic Horse|Earth Power|p1a: Alcremie
|-supereffective|p1a: Alcremie
|-damage|p1a: Alcremie|0 fnt
|faint|p1a: Alcremie
|
|upkeep
|
|t:|1743884449
|switch|p1a: Flamigo|Flamigo, M|100/100
|turn|25
|
|t:|1743884457
|move|p2a: Metallic Horse|Steel Beam|p1a: Flamigo
|-damage|p1a: Flamigo|20/100
|-damage|p2a: Metallic Horse|24/100|[from] steelbeam
|move|p1a: Flamigo|Close Combat|p2a: Metallic Horse
|-supereffective|p2a: Metallic Horse
|-damage|p2a: Metallic Horse|0 fnt
|-unboost|p1a: Flamigo|def|1
|-unboost|p1a: Flamigo|spd|1
|faint|p2a: Metallic Horse
|-end|p2a: Metallic Horse|Quark Drive|[silent]
|
|win|Team BBIO 38
|raw|Team BBIO 38's rating: 1380 &rarr; <strong>1401</strong><br />(+21 for winning)
|raw|frankferris's rating: 1405 &rarr; <strong>1384</strong><br />(-21 for losing)
|l|☆frankferris
|player|p2|
|c|☆Team BBIO 38|gg
|l|☆Team BBIO 38
|player|p1|
