|j|☆MooYi
|j|☆sauceybake
|t:|1743836285
|gametype|singles
|player|p1|MooYi|alder|1225
|player|p2|sauceybake|riley|1273
|teamsize|p1|6
|teamsize|p2|6
|gen|9
|tier|[Gen 9] OU
|rated|
|rule|HP Percentage Mod: HP is shown in percentages
|rule|Endless Battle Clause: Forcing endless battles is banned
|rule|Species Clause: Limit one of each Pokémon
|rule|OHKO Clause: OHKO moves are banned
|rule|Evasion Items Clause: Evasion items are banned
|rule|Evasion Moves Clause: Evasion moves are banned
|rule|Sleep Moves Clause: Sleep-inducing moves are banned
|clearpoke
|poke|p1|Serperior, M|
|poke|p1|Samurott-Hisui, M|
|poke|p1|Lokix, F|
|poke|p1|Iron Treads|
|poke|p1|Gholdengo|
|poke|p1|Moltres|
|poke|p2|Sableye, M|
|poke|p2|Sneasel, M|
|poke|p2|Wooper, M|
|poke|p2|Clodsire, F|
|poke|p2|Araquanid, M|
|poke|p2|Lokix, M|
|teampreview
|inactive|Battle timer is ON: inactive players will automatically lose when time's up. (requested by MooYi)
|
|t:|1743836302
|start
|switch|p1a: Moltres|Moltres|100/100
|switch|p2a: Araquanid|Araquanid, M|100/100
|turn|1
|
|t:|1743836307
|move|p1a: Moltres|Hurricane|p2a: Araquanid
|-supereffective|p2a: Araquanid
|-crit|p2a: Araquanid
|-damage|p2a: Araquanid|0 fnt
|faint|p2a: Araquanid
|
|upkeep
|
|t:|1743836314
|switch|p2a: Clodsire|Clodsire, F, shiny|100/100
|turn|2
|
|t:|1743836319
|switch|p1a: Gholdengo|Gholdengo|100/100
|-item|p1a: Gholdengo|Air Balloon
|move|p2a: Clodsire|Toxic|p1a: Gholdengo
|-immune|p1a: Gholdengo|[from] ability: Good as Gold
|
|upkeep
|turn|3
|
|t:|1743836333
|switch|p2a: Lokix|Lokix, M|100/100
|move|p1a: Gholdengo|Hex|p2a: Lokix
|-resisted|p2a: Lokix
|-damage|p2a: Lokix|71/100
|
|upkeep
|turn|4
|
|t:|1743836339
|switch|p1a: Moltres|Moltres|100/100
|move|p2a: Lokix|Swords Dance|p2a: Lokix
|-boost|p2a: Lokix|atk|2
|
|upkeep
|turn|5
|
|t:|1743836344
|move|p2a: Lokix|Sucker Punch||[still]
|-fail|p2a: Lokix
|move|p1a: Moltres|Will-O-Wisp|p2a: Lokix
|-status|p2a: Lokix|brn
|
|-damage|p2a: Lokix|65/100 brn|[from] brn
|upkeep
|turn|6
|
|t:|1743836349
|move|p2a: Lokix|Sucker Punch|p1a: Moltres
|-damage|p1a: Moltres|73/100
|move|p1a: Moltres|Hurricane|p2a: Lokix|[miss]
|-miss|p1a: Moltres|p2a: Lokix
|
|-damage|p2a: Lokix|59/100 brn|[from] brn
|upkeep
|turn|7
|
|t:|1743836355
|move|p2a: Lokix|Sucker Punch|p1a: Moltres
|-damage|p1a: Moltres|47/100
|move|p1a: Moltres|Hurricane|p2a: Lokix
|-supereffective|p2a: Lokix
|-damage|p2a: Lokix|0 fnt
|faint|p2a: Lokix
|
|upkeep
|
|t:|1743836370
|switch|p2a: Clodsire|Clodsire, F, shiny|100/100
|turn|8
|
|t:|1743836382
|switch|p1a: Gholdengo|Gholdengo|100/100
|-item|p1a: Gholdengo|Air Balloon
|switch|p2a: Sneasel|Sneasel, M|100/100
|
|upkeep
|turn|9
|
|t:|1743836391
|move|p2a: Sneasel|Knock Off|p1a: Gholdengo
|-supereffective|p1a: Gholdengo
|-damage|p1a: Gholdengo|36/100
|-enditem|p1a: Gholdengo|Air Balloon
|move|p1a: Gholdengo|Make It Rain|p2a: Sneasel
|-supereffective|p2a: Sneasel
|-damage|p2a: Sneasel|0 fnt
|-unboost|p1a: Gholdengo|spa|1
|faint|p2a: Sneasel
|
|upkeep
|
|t:|1743836397
|switch|p2a: Clodsire|Clodsire, F, shiny|100/100
|turn|10
|
|t:|1743836400
|switch|p1a: Iron Treads|Iron Treads|100/100
|-item|p1a: Iron Treads|Air Balloon
|move|p2a: Clodsire|Earthquake|p1a: Iron Treads
|-immune|p1a: Iron Treads
|
|upkeep
|turn|11
|
|t:|1743836408
|switch|p2a: Sableye|Sableye, M|100/100
|move|p1a: Iron Treads|Stealth Rock|p2a: Sableye
|-sidestart|p2: sauceybake|move: Stealth Rock
|
|upkeep
|turn|12
|
|t:|1743836413
|move|p2a: Sableye|Encore|p1a: Iron Treads
|-start|p1a: Iron Treads|Encore
|move|p1a: Iron Treads|Stealth Rock||[still]
|-fail|p1a: Iron Treads
|
|upkeep
|turn|13
|
|t:|1743836416
|-end|p1a: Iron Treads|Quark Drive|[silent]
|switch|p1a: Gholdengo|Gholdengo|36/100
|move|p2a: Sableye|Knock Off|p1a: Gholdengo
|-supereffective|p1a: Gholdengo
|-damage|p1a: Gholdengo|9/100
|
|upkeep
|turn|14
|
|t:|1743836424
|move|p1a: Gholdengo|Recover|p1a: Gholdengo
|-heal|p1a: Gholdengo|59/100
|move|p2a: Sableye|Knock Off|p1a: Gholdengo
|-supereffective|p1a: Gholdengo
|-damage|p1a: Gholdengo|34/100
|
|upkeep
|turn|15
|
|t:|1743836429
|switch|p2a: Clodsire|Clodsire, F, shiny|100/100
|-damage|p2a: Clodsire|94/100|[from] Stealth Rock
|move|p1a: Gholdengo|Recover|p1a: Gholdengo
|-heal|p1a: Gholdengo|84/100
|
|-heal|p2a: Clodsire|100/100|[from] item: Leftovers
|upkeep
|turn|16
|
|t:|1743836434
|switch|p1a: Moltres|Moltres|47/100
|switch|p2a: Sableye|Sableye, M|100/100
|-damage|p2a: Sableye|88/100|[from] Stealth Rock
|
|-heal|p2a: Sableye|94/100|[from] item: Leftovers
|upkeep
|turn|17
|
|t:|1743836438
|move|p1a: Moltres|Will-O-Wisp|p2a: Sableye
|-status|p2a: Sableye|brn
|move|p2a: Sableye|Knock Off|p1a: Moltres
|-damage|p1a: Moltres|38/100
|-enditem|p1a: Moltres|Heavy-Duty Boots|[from] move: Knock Off|[of] p2a: Sableye
|
|-heal|p2a: Sableye|100/100 brn|[from] item: Leftovers
|-damage|p2a: Sableye|94/100 brn|[from] brn
|upkeep
|turn|18
|
|t:|1743836442
|move|p2a: Sableye|Encore|p1a: Moltres
|-start|p1a: Moltres|Encore
|move|p1a: Moltres|Will-O-Wisp|p2a: Sableye
|-fail|p2a: Sableye|brn
|
|-heal|p2a: Sableye|100/100 brn|[from] item: Leftovers
|-damage|p2a: Sableye|94/100 brn|[from] brn
|upkeep
|turn|19
|
|t:|1743836452
|switch|p1a: Samurott|Samurott-Hisui, M|100/100
|switch|p2a: Clodsire|Clodsire, F, shiny|100/100
|-damage|p2a: Clodsire|94/100|[from] Stealth Rock
|
|-heal|p2a: Clodsire|100/100|[from] item: Leftovers
|upkeep
|turn|20
|
|t:|1743836458
|switch|p2a: Wooper|Wooper, M|100/100
|-damage|p2a: Wooper|94/100|[from] Stealth Rock
|move|p1a: Samurott|Ceaseless Edge|p2a: Wooper
|-damage|p2a: Wooper|56/100
|-sidestart|p2: sauceybake|Spikes
|
|upkeep
|turn|21
|
|t:|1743836461
|move|p1a: Samurott|Ceaseless Edge|p2a: Wooper
|-damage|p2a: Wooper|17/100
|-sidestart|p2: sauceybake|Spikes
|move|p2a: Wooper|Recover|p2a: Wooper
|-heal|p2a: Wooper|67/100
|
|upkeep
|turn|22
|l|☆MooYi
|inactive|MooYi disconnected and has a minute to reconnect!
|player|p1|
|j|☆MooYi
|inactive|MooYi reconnected and has 130 seconds left.
|player|p1|MooYi|alder|
|
|t:|1743836485
|move|p1a: Samurott|Ceaseless Edge|p2a: Wooper
|-damage|p2a: Wooper|24/100
|-sidestart|p2: sauceybake|Spikes
|move|p2a: Wooper|Recover|p2a: Wooper
|-heal|p2a: Wooper|74/100
|
|upkeep
|turn|23
|
|t:|1743836494
|switch|p1a: Serperior|Serperior, M|100/100
|move|p2a: Wooper|Counter||[still]
|-fail|p2a: Wooper
|
|upkeep
|turn|24
|
|t:|1743836500
|switch|p2a: Clodsire|Clodsire, F, shiny|100/100
|-damage|p2a: Clodsire|94/100|[from] Stealth Rock
|-damage|p2a: Clodsire|69/100|[from] Spikes
|move|p1a: Serperior|Substitute|p1a: Serperior
|-start|p1a: Serperior|Substitute
|-damage|p1a: Serperior|76/100
|
|-heal|p1a: Serperior|82/100|[from] item: Leftovers
|-heal|p2a: Clodsire|75/100|[from] item: Leftovers
|upkeep
|turn|25
|
|t:|1743836506
|switch|p2a: Sableye|Sableye, M|94/100 brn
|-damage|p2a: Sableye|82/100 brn|[from] Stealth Rock
|-damage|p2a: Sableye|57/100 brn|[from] Spikes
|move|p1a: Serperior|Glare||[still]
|-fail|p1a: Serperior
|
|-heal|p1a: Serperior|88/100|[from] item: Leftovers
|-heal|p2a: Sableye|63/100 brn|[from] item: Leftovers
|-damage|p2a: Sableye|57/100 brn|[from] brn
|upkeep
|turn|26
|
|t:|1743836513
|move|p2a: Sableye|Encore|p1a: Serperior
|-start|p1a: Serperior|Encore
|move|p1a: Serperior|Glare||[still]
|-fail|p1a: Serperior
|
|-heal|p1a: Serperior|94/100|[from] item: Leftovers
|-heal|p2a: Sableye|63/100 brn|[from] item: Leftovers
|-damage|p2a: Sableye|57/100 brn|[from] brn
|upkeep
|turn|27
|
|t:|1743836520
|switch|p1a: Samurott|Samurott-Hisui, M|100/100
|move|p2a: Sableye|Knock Off|p1a: Samurott
|-resisted|p1a: Samurott
|-damage|p1a: Samurott|93/100
|-enditem|p1a: Samurott|Heavy-Duty Boots|[from] move: Knock Off|[of] p2a: Sableye
|
|-heal|p2a: Sableye|63/100 brn|[from] item: Leftovers
|-damage|p2a: Sableye|57/100 brn|[from] brn
|upkeep
|turn|28
|-message|sauceybake forfeited.
|
|win|MooYi
|raw|MooYi's rating: 1225 &rarr; <strong>1253</strong><br />(+28 for winning)
|raw|sauceybake's rating: 1273 &rarr; <strong>1245</strong><br />(-28 for losing)
|l|☆sauceybake
|player|p2|
|l|☆MooYi
|player|p1|
