|j|☆Jrbrbr
|j|☆Zanude-dada
|t:|1743804953
|gametype|singles
|player|p1|Jrbrbr|102|1286
|player|p2|Zanude-dada|brycenman|1303
|teamsize|p1|6
|teamsize|p2|6
|gen|9
|tier|[Gen 9] OU
|rated|
|rule|HP Percentage Mod: HP is shown in percentages
|rule|Endless Battle Clause: Forcing endless battles is banned
|rule|Species Clause: Limit one of each Pokémon
|rule|OHKO Clause: OHKO moves are banned
|rule|Evasion Items Clause: Evasion items are banned
|rule|Evasion Moves Clause: Evasion moves are banned
|rule|Sleep Moves Clause: Sleep-inducing moves are banned
|clearpoke
|poke|p1|Pecharunt|
|poke|p1|Gliscor, F|
|poke|p1|Ogerpon-Wellspring, F|
|poke|p1|Garganacl, M|
|poke|p1|Great Tusk|
|poke|p1|Kingambit, F|
|poke|p2|Kyurem|
|poke|p2|Quaquaval, M|
|poke|p2|Corviknight, F|
|poke|p2|Ting-Lu|
|poke|p2|Iron Moth|
|poke|p2|Hatterene, F|
|teampreview
|inactive|Battle timer is ON: inactive players will automatically lose when time's up. (requested by Jrbrbr)
|
|t:|1743804967
|start
|switch|p1a: Ogerpon|Ogerpon-Wellspring, F|100/100
|switch|p2a: Quackhead|Quaquaval, M, shiny|100/100
|turn|1
|
|t:|1743804982
|switch|p2a: Knightmare|Corviknight, F|100/100
|-ability|p2a: Knightmare|Pressure
|move|p1a: Ogerpon|Swords Dance|p1a: Ogerpon
|-boost|p1a: Ogerpon|atk|2
|
|upkeep
|turn|2
|
|t:|1743804993
|-terastallize|p2a: Knightmare|Dragon
|move|p1a: Ogerpon|Ivy Cudgel|p2a: Knightmare|[anim] Ivy Cudgel Water
|-resisted|p2a: Knightmare
|-damage|p2a: Knightmare|64/100
|move|p2a: Knightmare|Iron Defense|p2a: Knightmare
|-boost|p2a: Knightmare|def|2
|
|upkeep
|turn|3
|
|t:|1743804999
|move|p1a: Ogerpon|U-turn|p2a: Knightmare
|-damage|p2a: Knightmare|48/100
|-damage|p1a: Ogerpon|84/100|[from] item: Rocky Helmet|[of] p2a: Knightmare
|
|t:|1743805001
|switch|p1a: Gliscor|Gliscor, F|100/100|[from] U-turn
|move|p2a: Knightmare|Iron Defense|p2a: Knightmare
|-boost|p2a: Knightmare|def|2
|
|-status|p1a: Gliscor|tox|[from] item: Toxic Orb
|upkeep
|turn|4
|
|t:|1743805010
|move|p1a: Gliscor|Protect|p1a: Gliscor
|-singleturn|p1a: Gliscor|Protect
|move|p2a: Knightmare|Body Press|p1a: Gliscor
|-activate|p1a: Gliscor|move: Protect
|
|upkeep
|turn|5
|
|t:|1743805019
|move|p1a: Gliscor|Earthquake|p2a: Knightmare
|-damage|p2a: Knightmare|41/100
|move|p2a: Knightmare|Roost|p2a: Knightmare
|-heal|p2a: Knightmare|91/100
|
|upkeep
|turn|6
|
|t:|1743805036
|move|p1a: Gliscor|U-turn|p2a: Knightmare
|-damage|p2a: Knightmare|88/100
|-damage|p1a: Gliscor|84/100 tox|[from] item: Rocky Helmet|[of] p2a: Knightmare
|
|t:|1743805038
|switch|p1a: Pecharunt|Pecharunt|100/100|[from] U-turn
|-item|p1a: Pecharunt|Air Balloon
|move|p2a: Knightmare|Iron Defense|p2a: Knightmare
|-boost|p2a: Knightmare|def|2
|
|upkeep
|turn|7
|
|t:|1743805060
|switch|p2a: Tingus Pingus|Ting-Lu|100/100
|-ability|p2a: Tingus Pingus|Vessel of Ruin
|move|p1a: Pecharunt|Malignant Chain|p2a: Tingus Pingus
|-resisted|p2a: Tingus Pingus
|-damage|p2a: Tingus Pingus|93/100
|
|-heal|p2a: Tingus Pingus|99/100|[from] item: Leftovers
|upkeep
|turn|8
|
|t:|1743805076
|move|p1a: Pecharunt|Parting Shot|p2a: Tingus Pingus
|-unboost|p2a: Tingus Pingus|atk|1
|-unboost|p2a: Tingus Pingus|spa|1
|
|t:|1743805079
|switch|p1a: Ogerpon|Ogerpon-Wellspring, F|84/100|[from] Parting Shot
|move|p2a: Tingus Pingus|Payback|p1a: Ogerpon
|-damage|p1a: Ogerpon|67/100
|
|-heal|p2a: Tingus Pingus|100/100|[from] item: Leftovers
|upkeep
|turn|9
|inactive|Zanude-dada has 120 seconds left.
|
|t:|1743805107
|switch|p2a: Logic|Kyurem, shiny|100/100
|-ability|p2a: Logic|Pressure
|move|p1a: Ogerpon|Swords Dance|p1a: Ogerpon
|-boost|p1a: Ogerpon|atk|2
|
|upkeep
|turn|10
|inactive|Zanude-dada has 120 seconds left.
|
|t:|1743805117
|move|p1a: Ogerpon|U-turn|p2a: Logic
|-damage|p2a: Logic|48/100
|
|t:|1743805123
|switch|p1a: Garganacl|Garganacl, M|100/100|[from] U-turn
|move|p2a: Logic|Freeze-Dry|p1a: Garganacl
|-damage|p1a: Garganacl|57/100
|
|-heal|p1a: Garganacl|63/100|[from] item: Leftovers
|upkeep
|turn|11
|inactive|Zanude-dada has 120 seconds left.
|
|t:|1743805136
|switch|p2a: Haterade|Hatterene, F|100/100
|move|p1a: Garganacl|Salt Cure|p2a: Haterade
|-damage|p2a: Haterade|88/100
|-start|p2a: Haterade|Salt Cure
|-enditem|p2a: Haterade|Eject Button
|inactive|Zanude-dada has 120 seconds left.
|
|t:|1743805159
|switch|p2a: Quackhead|Quaquaval, M, shiny|100/100
|
|-heal|p1a: Garganacl|70/100|[from] item: Leftovers
|upkeep
|turn|12
|inactive|Zanude-dada has 90 seconds left.
|
|t:|1743805186
|-terastallize|p1a: Garganacl|Ghost
|move|p2a: Quackhead|Aqua Step|p1a: Garganacl
|-damage|p1a: Garganacl|49/100
|-boost|p2a: Quackhead|spe|1
|move|p1a: Garganacl|Salt Cure|p2a: Quackhead
|-resisted|p2a: Quackhead
|-damage|p2a: Quackhead|91/100
|-start|p2a: Quackhead|Salt Cure
|
|-heal|p1a: Garganacl|55/100|[from] item: Leftovers
|-damage|p2a: Quackhead|66/100|[from] Salt Cure
|upkeep
|turn|13
|inactive|Zanude-dada has 90 seconds left.
|
|t:|1743805215
|move|p1a: Garganacl|Protect|p1a: Garganacl
|-singleturn|p1a: Garganacl|Protect
|move|p2a: Quackhead|Knock Off|p1a: Garganacl
|-activate|p1a: Garganacl|move: Protect
|
|-heal|p1a: Garganacl|62/100|[from] item: Leftovers
|-damage|p2a: Quackhead|42/100|[from] Salt Cure
|upkeep
|turn|14
|
|t:|1743805225
|switch|p2a: Tingus Pingus|Ting-Lu|100/100
|-ability|p2a: Tingus Pingus|Vessel of Ruin
|switch|p1a: Ogerpon|Ogerpon-Wellspring, F|67/100
|
|upkeep
|turn|15
|
|t:|1743805235
|move|p1a: Ogerpon|Swords Dance|p1a: Ogerpon
|-boost|p1a: Ogerpon|atk|2
|move|p2a: Tingus Pingus|Payback|p1a: Ogerpon
|-damage|p1a: Ogerpon|19/100
|
|upkeep
|turn|16
|
|t:|1743805240
|switch|p2a: Knightmare|Corviknight, F, tera:Dragon|88/100
|-ability|p2a: Knightmare|Pressure
|move|p1a: Ogerpon|Ivy Cudgel|p2a: Knightmare|[anim] Ivy Cudgel Water
|-resisted|p2a: Knightmare
|-damage|p2a: Knightmare|55/100
|
|upkeep
|turn|17
|inactive|Zanude-dada has 90 seconds left.
|
|t:|1743805251
|switch|p1a: Gliscor|Gliscor, F|84/100 tox
|move|p2a: Knightmare|Body Press|p1a: Gliscor
|-resisted|p1a: Gliscor
|-damage|p1a: Gliscor|74/100 tox
|
|-heal|p1a: Gliscor|86/100 tox|[from] ability: Poison Heal
|upkeep
|turn|18
|inactive|Zanude-dada has 90 seconds left.
|
|t:|1743805266
|switch|p2a: Haterade|Hatterene, F|88/100
|move|p1a: Gliscor|Earthquake|p2a: Haterade
|-damage|p2a: Haterade|58/100
|
|-heal|p1a: Gliscor|99/100 tox|[from] ability: Poison Heal
|upkeep
|turn|19
|inactive|Zanude-dada has 90 seconds left.
|
|t:|1743805294
|move|p1a: Gliscor|U-turn|p2a: Haterade
|-damage|p2a: Haterade|44/100
|
|t:|1743805300
|switch|p1a: Great Tusk|Great Tusk|100/100|[from] U-turn
|move|p2a: Haterade|Psychic Noise|p1a: Great Tusk
|-supereffective|p1a: Great Tusk
|-damage|p1a: Great Tusk|17/100
|-start|p1a: Great Tusk|move: Heal Block
|
|upkeep
|turn|20
|inactive|Zanude-dada has 60 seconds left.
|
|t:|1743805325
|switch|p2a: Knightmare|Corviknight, F, tera:Dragon|55/100
|-ability|p2a: Knightmare|Pressure
|move|p1a: Great Tusk|Earthquake|p2a: Knightmare
|-damage|p2a: Knightmare|28/100
|
|-end|p1a: Great Tusk|move: Heal Block
|upkeep
|turn|21
|inactive|Zanude-dada has 60 seconds left.
|
|t:|1743805337
|move|p1a: Great Tusk|Ice Spinner|p2a: Knightmare
|-supereffective|p2a: Knightmare
|-damage|p2a: Knightmare|0 fnt
|-damage|p1a: Great Tusk|1/100|[from] item: Rocky Helmet|[of] p2a: Knightmare
|faint|p2a: Knightmare
|
|upkeep
|inactive|Zanude-dada has 60 seconds left.
|
|t:|1743805343
|switch|p2a: Quackhead|Quaquaval, M, shiny|42/100
|turn|22
|
|t:|1743805352
|move|p1a: Great Tusk|Knock Off|p2a: Quackhead
|-resisted|p2a: Quackhead
|-damage|p2a: Quackhead|20/100
|-enditem|p2a: Quackhead|Lum Berry|[from] move: Knock Off|[of] p1a: Great Tusk
|move|p2a: Quackhead|Knock Off|p1a: Great Tusk
|-resisted|p1a: Great Tusk
|-damage|p1a: Great Tusk|0 fnt
|-enditem|p1a: Great Tusk|Heavy-Duty Boots|[from] move: Knock Off|[of] p2a: Quackhead
|faint|p1a: Great Tusk
|-end|p1a: Great Tusk|Protosynthesis|[silent]
|-ability|p2a: Quackhead|Moxie|boost
|-boost|p2a: Quackhead|atk|1
|
|upkeep
|
|t:|1743805360
|switch|p1a: Ogerpon|Ogerpon-Wellspring, F|19/100
|turn|23
|
|t:|1743805374
|move|p1a: Ogerpon|Horn Leech|p2a: Quackhead
|-supereffective|p2a: Quackhead
|-damage|p2a: Quackhead|0 fnt
|-heal|p1a: Ogerpon|29/100|[from] drain|[of] p2a: Quackhead
|faint|p2a: Quackhead
|
|upkeep
|
|t:|1743805380
|switch|p2a: Tingus Pingus|Ting-Lu|100/100
|-ability|p2a: Tingus Pingus|Vessel of Ruin
|turn|24
|
|t:|1743805383
|move|p1a: Ogerpon|Horn Leech|p2a: Tingus Pingus
|-supereffective|p2a: Tingus Pingus
|-damage|p2a: Tingus Pingus|48/100
|-heal|p1a: Ogerpon|74/100|[from] drain|[of] p2a: Tingus Pingus
|move|p2a: Tingus Pingus|Payback|p1a: Ogerpon
|-damage|p1a: Ogerpon|28/100
|
|-heal|p2a: Tingus Pingus|54/100|[from] item: Leftovers
|upkeep
|turn|25
|
|t:|1743805392
|move|p1a: Ogerpon|Horn Leech|p2a: Tingus Pingus
|-supereffective|p2a: Tingus Pingus
|-damage|p2a: Tingus Pingus|4/100
|-heal|p1a: Ogerpon|71/100|[from] drain|[of] p2a: Tingus Pingus
|move|p2a: Tingus Pingus|Payback|p1a: Ogerpon
|-damage|p1a: Ogerpon|24/100
|
|-heal|p2a: Tingus Pingus|10/100|[from] item: Leftovers
|upkeep
|turn|26
|inactive|Zanude-dada has 90 seconds left.
|
|t:|1743805401
|switch|p2a: Buggy|Iron Moth, shiny|100/100
|-enditem|p2a: Buggy|Booster Energy
|-activate|p2a: Buggy|ability: Quark Drive|[fromitem]
|-start|p2a: Buggy|quarkdrivespe
|move|p1a: Ogerpon|Horn Leech|p2a: Buggy
|-resisted|p2a: Buggy
|-damage|p2a: Buggy|85/100
|-heal|p1a: Ogerpon|32/100|[from] drain|[of] p2a: Buggy
|
|upkeep
|turn|27
|inactive|Zanude-dada has 90 seconds left.
|
|t:|1743805411
|switch|p1a: Gliscor|Gliscor, F|99/100 tox
|move|p2a: Buggy|Energy Ball|p1a: Gliscor
|-damage|p1a: Gliscor|73/100 tox
|
|-heal|p1a: Gliscor|85/100 tox|[from] ability: Poison Heal
|upkeep
|turn|28
|
|t:|1743805420
|move|p2a: Buggy|Substitute|p2a: Buggy
|-start|p2a: Buggy|Substitute
|-damage|p2a: Buggy|60/100
|move|p1a: Gliscor|Earthquake|p2a: Buggy
|-supereffective|p2a: Buggy
|-end|p2a: Buggy|Substitute
|
|-heal|p1a: Gliscor|97/100 tox|[from] ability: Poison Heal
|upkeep
|turn|29
|
|t:|1743805434
|move|p2a: Buggy|Fiery Dance|p1a: Gliscor
|-damage|p1a: Gliscor|65/100 tox
|-boost|p2a: Buggy|spa|1
|move|p1a: Gliscor|Earthquake|p2a: Buggy
|-supereffective|p2a: Buggy
|-damage|p2a: Buggy|0 fnt
|faint|p2a: Buggy
|-end|p2a: Buggy|Quark Drive|[silent]
|
|-heal|p1a: Gliscor|77/100 tox|[from] ability: Poison Heal
|upkeep
|inactive|Zanude-dada has 90 seconds left.
|-message|Zanude-dada forfeited.
|
|win|Jrbrbr
|raw|Jrbrbr's rating: 1286 &rarr; <strong>1312</strong><br />(+26 for winning)
|raw|Zanude-dada's rating: 1303 &rarr; <strong>1282</strong><br />(-21 for losing)
