|j|‽itspaoloooo
|j|☆danm777
|t:|1743805174
|gametype|singles
|player|p1|itspaoloooo|lucas|1121
|player|p2|danm777|volkner|1122
|teamsize|p1|6
|teamsize|p2|6
|gen|9
|tier|[Gen 9] OU
|rated|
|rule|HP Percentage Mod: HP is shown in percentages
|rule|Endless Battle Clause: Forcing endless battles is banned
|rule|Species Clause: Limit one of each Pokémon
|rule|OHKO Clause: OHKO moves are banned
|rule|Evasion Items Clause: Evasion items are banned
|rule|Evasion Moves Clause: Evasion moves are banned
|rule|Sleep Moves Clause: Sleep-inducing moves are banned
|clearpoke
|poke|p1|Malamar, M|
|poke|p1|Torkoal, M|
|poke|p1|Leafeon, M|
|poke|p1|Metagross|
|poke|p1|Venomoth, M|
|poke|p1|Slowbro-Galar, M|
|poke|p2|Dragapult, M|
|poke|p2|Rillaboom, M|
|poke|p2|Zamazenta-*|
|poke|p2|Toxapex, F|
|poke|p2|Gliscor, F|
|poke|p2|Darkrai|
|teampreview
|inactive|Battle timer is ON: inactive players will automatically lose when time's up. (requested by itspaoloooo)
|
|t:|1743805182
|start
|switch|p1a: Torkoal|Torkoal, M|100/100
|switch|p2a: Toph|Gliscor, F, shiny|100/100
|-weather|SunnyDay|[from] ability: Drought|[of] p1a: Torkoal
|turn|1
|
|t:|1743805192
|move|p2a: Toph|Protect|p2a: Toph
|-singleturn|p2a: Toph|Protect
|move|p1a: Torkoal|Stealth Rock|p2a: Toph
|-sidestart|p2: danm777|move: Stealth Rock
|
|-weather|SunnyDay|[upkeep]
|-status|p2a: Toph|tox|[from] item: Toxic Orb
|upkeep
|turn|2
|
|t:|1743805202
|move|p2a: Toph|Stealth Rock|p1a: Torkoal
|-sidestart|p1: itspaoloooo|move: Stealth Rock
|move|p1a: Torkoal|Shell Smash|p1a: Torkoal
|-unboost|p1a: Torkoal|def|1
|-unboost|p1a: Torkoal|spd|1
|-boost|p1a: Torkoal|atk|2
|-boost|p1a: Torkoal|spa|2
|-boost|p1a: Torkoal|spe|2
|-enditem|p1a: Torkoal|Eject Pack
|
|t:|1743805208
|switch|p1a: Leafeon|Leafeon, M|100/100
|-damage|p1a: Leafeon|88/100|[from] Stealth Rock
|
|-weather|SunnyDay|[upkeep]
|upkeep
|turn|3
|c|☆danm777|lmao wtf
|
|t:|1743805227
|move|p1a: Leafeon|Copycat|p1a: Leafeon
|move|p1a: Leafeon|Shell Smash|p1a: Leafeon|[from] move: Copycat
|-unboost|p1a: Leafeon|def|1
|-unboost|p1a: Leafeon|spd|1
|-boost|p1a: Leafeon|atk|2
|-boost|p1a: Leafeon|spa|2
|-boost|p1a: Leafeon|spe|2
|-enditem|p1a: Leafeon|White Herb
|-clearnegativeboost|p1a: Leafeon|[silent]
|move|p2a: Toph|Toxic|p1a: Leafeon
|-status|p1a: Leafeon|tox
|
|-weather|SunnyDay|[upkeep]
|-damage|p1a: Leafeon|82/100 tox|[from] psn
|upkeep
|turn|4
|c|☆danm777|oh
|
|t:|1743805250
|move|p2a: Toph|Protect|p2a: Toph
|-singleturn|p2a: Toph|Protect
|move|p1a: Leafeon|Leaf Blade|p2a: Toph
|-activate|p2a: Toph|move: Protect
|
|-weather|SunnyDay|[upkeep]
|-damage|p1a: Leafeon|71/100 tox|[from] psn
|upkeep
|turn|5
|inactive|danm777 has 120 seconds left.
|
|t:|1743805271
|switch|p2a: Appa|Rillaboom, M|100/100
|-damage|p2a: Appa|88/100|[from] Stealth Rock
|-fieldstart|move: Grassy Terrain|[from] ability: Grassy Surge|[of] p2a: Appa
|move|p1a: Leafeon|Leaf Blade|p2a: Appa
|-resisted|p2a: Appa
|-damage|p2a: Appa|27/100
|
|-weather|none
|-heal|p1a: Leafeon|77/100 tox|[from] Grassy Terrain
|-heal|p2a: Appa|33/100|[from] Grassy Terrain
|-damage|p1a: Leafeon|59/100 tox|[from] psn
|upkeep
|turn|6
|inactive|danm777 has 120 seconds left.
|
|t:|1743805300
|switch|p1a: Torkoal|Torkoal, M|100/100
|-damage|p1a: Torkoal|76/100|[from] Stealth Rock
|-weather|SunnyDay|[from] ability: Drought|[of] p1a: Torkoal
|move|p2a: Appa|Grassy Glide|p1a: Torkoal
|-resisted|p1a: Torkoal
|-damage|p1a: Torkoal|58/100
|
|-weather|SunnyDay|[upkeep]
|-heal|p2a: Appa|39/100|[from] Grassy Terrain
|-heal|p1a: Torkoal|64/100|[from] Grassy Terrain
|upkeep
|turn|7
|inactive|danm777 has 120 seconds left.
|
|t:|1743805308
|switch|p2a: Toph|Gliscor, F, shiny|100/100 tox
|-damage|p2a: Toph|88/100 tox|[from] Stealth Rock
|move|p1a: Torkoal|Rapid Spin|p2a: Toph
|-damage|p2a: Toph|82/100 tox
|-boost|p1a: Torkoal|spe|1
|-sideend|p1: itspaoloooo|Stealth Rock|[from] move: Rapid Spin|[of] p1a: Torkoal
|
|-weather|SunnyDay|[upkeep]
|-heal|p1a: Torkoal|70/100|[from] Grassy Terrain
|-heal|p2a: Toph|95/100 tox|[from] ability: Poison Heal
|upkeep
|turn|8
|
|t:|1743805326
|move|p2a: Toph|Toxic|p1a: Torkoal
|-status|p1a: Torkoal|tox
|move|p1a: Torkoal|Flamethrower|p2a: Toph
|-damage|p2a: Toph|53/100 tox
|
|-weather|SunnyDay|[upkeep]
|-heal|p1a: Torkoal|76/100 tox|[from] Grassy Terrain
|-heal|p2a: Toph|65/100 tox|[from] ability: Poison Heal
|-damage|p1a: Torkoal|70/100 tox|[from] psn
|upkeep
|turn|9
|inactive|danm777 has 120 seconds left.
|
|t:|1743805342
|move|p2a: Toph|Protect|p2a: Toph
|-singleturn|p2a: Toph|Protect
|move|p1a: Torkoal|Shell Smash|p1a: Torkoal
|-unboost|p1a: Torkoal|def|1
|-unboost|p1a: Torkoal|spd|1
|-boost|p1a: Torkoal|atk|2
|-boost|p1a: Torkoal|spa|2
|-boost|p1a: Torkoal|spe|2
|
|-weather|SunnyDay|[upkeep]
|-heal|p1a: Torkoal|76/100 tox|[from] Grassy Terrain
|-heal|p2a: Toph|78/100 tox|[from] ability: Poison Heal
|-damage|p1a: Torkoal|64/100 tox|[from] psn
|-fieldend|move: Grassy Terrain
|upkeep
|turn|10
|inactive|danm777 has 120 seconds left.
|
|t:|1743805361
|move|p2a: Toph|Protect||[still]
|-fail|p2a: Toph
|move|p1a: Torkoal|Flamethrower|p2a: Toph
|-damage|p2a: Toph|0 fnt
|faint|p2a: Toph
|
|-weather|none
|-damage|p1a: Torkoal|46/100 tox|[from] psn
|upkeep
|
|t:|1743805371
|switch|p2a: katara|Toxapex, F|100/100
|-damage|p2a: katara|88/100|[from] Stealth Rock
|turn|11
|inactive|danm777 has 120 seconds left.
|
|t:|1743805381
|move|p1a: Torkoal|Shell Smash|p1a: Torkoal
|-unboost|p1a: Torkoal|def|1
|-unboost|p1a: Torkoal|spd|1
|-boost|p1a: Torkoal|atk|2
|-boost|p1a: Torkoal|spa|2
|-boost|p1a: Torkoal|spe|2
|move|p2a: katara|Toxic Spikes|p1a: Torkoal
|-sidestart|p1: itspaoloooo|move: Toxic Spikes
|
|-heal|p2a: katara|94/100|[from] item: Black Sludge
|-damage|p1a: Torkoal|21/100 tox|[from] psn
|upkeep
|turn|12
|
|t:|1743805394
|move|p1a: Torkoal|Flamethrower|p2a: katara
|-resisted|p2a: katara
|-damage|p2a: katara|67/100
|move|p2a: katara|Recover|p2a: katara
|-heal|p2a: katara|100/100
|
|-damage|p1a: Torkoal|0 fnt|[from] psn
|faint|p1a: Torkoal
|upkeep
|
|t:|1743805405
|switch|p1a: Malamar|Malamar, M|100/100
|-status|p1a: Malamar|psn
|turn|13
|inactive|danm777 has 120 seconds left.
|
|t:|1743805443
|switch|p2a: Appa|Rillaboom, M|39/100
|-damage|p2a: Appa|27/100|[from] Stealth Rock
|-fieldstart|move: Grassy Terrain|[from] ability: Grassy Surge|[of] p2a: Appa
|move|p1a: Malamar|Acupressure|p1a: Malamar
|-boost|p1a: Malamar|evasion|2
|
|-heal|p2a: Appa|33/100|[from] Grassy Terrain
|-damage|p1a: Malamar|88/100 psn|[from] psn
|upkeep
|turn|14
|
|t:|1743805465
|move|p2a: Appa|U-turn|p1a: Malamar|[miss]
|-miss|p2a: Appa|p1a: Malamar
|move|p1a: Malamar|Acupressure|p1a: Malamar
|-boost|p1a: Malamar|spd|2
|
|-heal|p2a: Appa|39/100|[from] Grassy Terrain
|-heal|p1a: Malamar|94/100 psn|[from] Grassy Terrain
|-heal|p1a: Malamar|100/100 psn|[from] item: Leftovers
|-damage|p1a: Malamar|88/100 psn|[from] psn
|upkeep
|turn|15
|inactive|danm777 has 120 seconds left.
|inactive|danm777 has 90 seconds left.
|
|t:|1743805530
|move|p2a: Appa|U-turn|p1a: Malamar
|-supereffective|p1a: Malamar
|-damage|p1a: Malamar|0 fnt
|faint|p1a: Malamar
|inactive|danm777 has 60 seconds left.
|
|t:|1743805549
|switch|p2a: Aang|Dragapult, M, shiny|100/100|[from] U-turn
|-damage|p2a: Aang|88/100|[from] Stealth Rock
|
|-heal|p2a: Aang|94/100|[from] Grassy Terrain
|upkeep
|
|t:|1743805555
|switch|p1a: Slowbro|Slowbro-Galar, M|100/100
|-sideend|p1: itspaoloooo|move: Toxic Spikes|[of] p1a: Slowbro
|turn|16
|-activate|p1a: Slowbro|item: Quick Claw
|
|t:|1743805565
|switch|p2a: Darkrai|Darkrai|100/100
|move|p1a: Slowbro|Belly Drum|p1a: Slowbro
|-damage|p1a: Slowbro|50/100
|-setboost|p1a: Slowbro|atk|6|[from] move: Belly Drum
|
|-heal|p1a: Slowbro|57/100|[from] Grassy Terrain
|upkeep
|turn|17
|-activate|p1a: Slowbro|ability: Quick Draw
|
|t:|1743805583
|move|p1a: Slowbro|Poison Jab|p2a: Darkrai
|-damage|p2a: Darkrai|0 fnt
|faint|p2a: Darkrai
|
|-heal|p1a: Slowbro|63/100|[from] Grassy Terrain
|-fieldend|move: Grassy Terrain
|upkeep
|c|☆danm777|flinch
|c|☆danm777|wtf
|
|t:|1743805599
|switch|p2a: Appa|Rillaboom, M|39/100
|-damage|p2a: Appa|27/100|[from] Stealth Rock
|-fieldstart|move: Grassy Terrain|[from] ability: Grassy Surge|[of] p2a: Appa
|turn|18
|-activate|p1a: Slowbro|item: Quick Claw
|
|t:|1743805606
|move|p1a: Slowbro|Poison Jab|p2a: Appa
|-supereffective|p2a: Appa
|-damage|p2a: Appa|0 fnt
|faint|p2a: Appa
|
|-heal|p1a: Slowbro|69/100|[from] Grassy Terrain
|upkeep
|c|☆danm777|3 TURNS IN A ROW
|c|☆danm777|R U KIDDING ME???
|c|☆danm777|WTF IS THAT RNG
|inactive|danm777 has 60 seconds left.
|
|t:|1743805655
|switch|p2a: Sokka|Zamazenta|100/100
|-ability|p2a: Sokka|Dauntless Shield|boost
|-boost|p2a: Sokka|def|1
|turn|19
|
|t:|1743805679
|-terastallize|p2a: Sokka|Steel
|-terastallize|p1a: Slowbro|Water
|move|p2a: Sokka|Iron Defense|p2a: Sokka
|-boost|p2a: Sokka|def|2
|move|p1a: Slowbro|Liquidation|p2a: Sokka
|-damage|p2a: Sokka|64/100
|
|-heal|p2a: Sokka|70/100|[from] Grassy Terrain
|-heal|p1a: Slowbro|75/100|[from] Grassy Terrain
|upkeep
|turn|20
|-activate|p1a: Slowbro|ability: Quick Draw
|
|t:|1743805689
|move|p1a: Slowbro|Liquidation|p2a: Sokka
|-damage|p2a: Sokka|33/100
|move|p2a: Sokka|Iron Defense|p2a: Sokka
|-boost|p2a: Sokka|def|2
|
|-heal|p2a: Sokka|39/100|[from] Grassy Terrain
|-heal|p1a: Slowbro|81/100|[from] Grassy Terrain
|upkeep
|turn|21
|c|☆danm777|4 TURNS
|-activate|p1a: Slowbro|item: Quick Claw
|
|t:|1743805706
|move|p1a: Slowbro|Liquidation|p2a: Sokka
|-damage|p2a: Sokka|15/100
|move|p2a: Sokka|Body Press|p1a: Slowbro
|-damage|p1a: Slowbro|0 fnt
|faint|p1a: Slowbro
|
|-heal|p2a: Sokka|21/100|[from] Grassy Terrain
|upkeep
|c|☆danm777|5 TURNS
|
|t:|1743805716
|switch|p1a: Venomoth|Venomoth, M, shiny|100/100
|turn|22
|c|☆danm777|I'm acc speechless
|
|t:|1743805727
|move|p2a: Sokka|Body Press|p1a: Venomoth
|-resisted|p1a: Venomoth
|-damage|p1a: Venomoth|36/100
|move|p1a: Venomoth|Quiver Dance|p1a: Venomoth
|-boost|p1a: Venomoth|spa|1
|-boost|p1a: Venomoth|spd|1
|-boost|p1a: Venomoth|spe|1
|
|-heal|p1a: Venomoth|42/100|[from] Grassy Terrain
|-heal|p1a: Venomoth|49/100|[from] item: Leftovers
|-heal|p2a: Sokka|27/100|[from] Grassy Terrain
|-fieldend|move: Grassy Terrain
|upkeep
|turn|23
|
|t:|1743805736
|move|p1a: Venomoth|Bug Buzz|p2a: Sokka
|-resisted|p2a: Sokka
|-damage|p2a: Sokka|0 fnt
|faint|p2a: Sokka
|
|-heal|p1a: Venomoth|55/100|[from] item: Leftovers
|upkeep
|
|t:|1743805739
|switch|p2a: katara|Toxapex, F|100/100
|-damage|p2a: katara|88/100|[from] Stealth Rock
|turn|24
|
|t:|1743805746
|move|p1a: Venomoth|Quiver Dance|p1a: Venomoth
|-boost|p1a: Venomoth|spa|1
|-boost|p1a: Venomoth|spd|1
|-boost|p1a: Venomoth|spe|1
|move|p2a: katara|Haze|p2a: katara
|-clearallboost
|
|-heal|p1a: Venomoth|61/100|[from] item: Leftovers
|-heal|p2a: katara|94/100|[from] item: Black Sludge
|upkeep
|turn|25
|c|☆danm777|if i lose cuz of that im so angry
|
|t:|1743805759
|move|p1a: Venomoth|Quiver Dance|p1a: Venomoth
|-boost|p1a: Venomoth|spa|1
|-boost|p1a: Venomoth|spd|1
|-boost|p1a: Venomoth|spe|1
|move|p2a: katara|Poison Jab|p1a: Venomoth
|-resisted|p1a: Venomoth
|-damage|p1a: Venomoth|47/100
|
|-heal|p1a: Venomoth|53/100|[from] item: Leftovers
|-heal|p2a: katara|100/100|[from] item: Black Sludge
|upkeep
|turn|26
|
|t:|1743805766
|move|p1a: Venomoth|Bug Buzz|p2a: katara
|-resisted|p2a: katara
|-damage|p2a: katara|58/100
|move|p2a: katara|Haze|p2a: katara
|-clearallboost
|
|-heal|p1a: Venomoth|59/100|[from] item: Leftovers
|-heal|p2a: katara|65/100|[from] item: Black Sludge
|upkeep
|turn|27
|
|t:|1743805776
|switch|p1a: Metagross|Metagross, shiny|100/100
|move|p2a: katara|Haze|p2a: katara
|-clearallboost
|
|-heal|p2a: katara|71/100|[from] item: Black Sludge
|upkeep
|turn|28
|
|t:|1743805782
|switch|p2a: Aang|Dragapult, M, shiny|94/100
|-damage|p2a: Aang|82/100|[from] Stealth Rock
|move|p1a: Metagross|Trailblaze|p2a: Aang
|-resisted|p2a: Aang
|-crit|p2a: Aang
|-damage|p2a: Aang|63/100
|-boost|p1a: Metagross|spe|1
|
|upkeep
|turn|29
|c|☆danm777|if i lose you defo hacked or smthng
|c|☆danm777|that rng is ridiculous
|
|t:|1743805803
|move|p2a: Aang|Flamethrower|p1a: Metagross
|-supereffective|p1a: Metagross
|-damage|p1a: Metagross|50/100
|move|p1a: Metagross|Knock Off|p2a: Aang
|-supereffective|p2a: Aang
|-damage|p2a: Aang|0 fnt
|-enditem|p2a: Aang|Choice Specs|[from] move: Knock Off|[of] p1a: Metagross
|faint|p2a: Aang
|
|upkeep
|c|☆danm777|3 in a row
|c|☆danm777|and you had 5
|c|☆danm777|nah bs
|c|☆danm777|complete bs
|inactive|danm777 has 90 seconds left.
|inactive|danm777 has 60 seconds left.
|
|t:|1743805856
|switch|p2a: katara|Toxapex, F|100/100
|-damage|p2a: katara|88/100|[from] Stealth Rock
|turn|30
|-message|danm777 forfeited.
|
|win|itspaoloooo
|raw|itspaoloooo's rating: 1121 &rarr; <strong>1146</strong><br />(+25 for winning)
|raw|danm777's rating: 1122 &rarr; <strong>1097</strong><br />(-25 for losing)
|l|☆danm777
|player|p2|
