|j|☆Lucwasz
|j|☆ProteinMan11
|t:|1743886461
|gametype|singles
|player|p1|Lucwasz|1|1666
|player|p2|ProteinMan11|hiker-gen4|1651
|teamsize|p1|6
|teamsize|p2|6
|gen|9
|tier|[Gen 9] OU
|rated|
|rule|HP Percentage Mod: HP is shown in percentages
|rule|Endless Battle Clause: Forcing endless battles is banned
|rule|Species Clause: Limit one of each Pokémon
|rule|OHKO Clause: OHKO moves are banned
|rule|Evasion Items Clause: Evasion items are banned
|rule|Evasion Moves Clause: Evasion moves are banned
|rule|Sleep Moves Clause: Sleep-inducing moves are banned
|clearpoke
|poke|p1|Garganacl, M|
|poke|p1|Weezing-Galar, F|
|poke|p1|Corviknight, M|
|poke|p1|Dragapult, M|
|poke|p1|Slowking-Galar, F|
|poke|p1|Samurott-Hisui, F|
|poke|p2|Ninetales-Alola, M|
|poke|p2|Dragonite, M|
|poke|p2|Deoxys-Speed|
|poke|p2|Iron Valiant|
|poke|p2|Great Tusk|
|poke|p2|Polteageist|
|teampreview
|inactive|Battle timer is ON: inactive players will automatically lose when time's up. (requested by ProteinMan11)
|
|t:|1743886480
|start
|switch|p1a: Weezing|Weezing-Galar, F|100/100
|switch|p2a: Donald Trump|Ninetales-Alola, M|100/100
|-ability|p1a: Weezing|Neutralizing Gas
|turn|1
|
|t:|1743886485
|switch|p2a: Great Bust|Great Tusk|100/100
|move|p1a: Weezing|Will-O-Wisp|p2a: Great Bust|[miss]
|-miss|p1a: Weezing|p2a: Great Bust
|
|upkeep
|turn|2
|
|t:|1743886490
|-end|p1a: Weezing|ability: Neutralizing Gas
|switch|p1a: Corviknight|Corviknight, M|100/100
|-ability|p1a: Corviknight|Pressure
|move|p2a: Great Bust|Headlong Rush|p1a: Corviknight
|-immune|p1a: Corviknight
|
|upkeep
|turn|3
|
|t:|1743886504
|switch|p1a: Weezing|Weezing-Galar, F|100/100
|-ability|p1a: Weezing|Neutralizing Gas
|move|p2a: Great Bust|Close Combat|p1a: Weezing
|-resisted|p1a: Weezing
|-damage|p1a: Weezing|85/100
|-unboost|p2a: Great Bust|def|1
|-unboost|p2a: Great Bust|spd|1
|-damage|p2a: Great Bust|91/100|[from] item: Life Orb
|
|upkeep
|turn|4
|
|t:|1743886510
|-end|p1a: Weezing|ability: Neutralizing Gas
|switch|p1a: Dragapult|Dragapult, M|100/100
|move|p2a: Great Bust|Headlong Rush|p1a: Dragapult
|-damage|p1a: Dragapult|0 fnt
|-unboost|p2a: Great Bust|def|1
|-unboost|p2a: Great Bust|spd|1
|faint|p1a: Dragapult
|-damage|p2a: Great Bust|81/100|[from] item: Life Orb
|
|upkeep
|
|t:|1743886516
|switch|p1a: Samurott|Samurott-Hisui, F|100/100
|turn|5
|
|t:|1743886524
|-end|p2a: Great Bust|Protosynthesis|[silent]
|switch|p2a: Darius|Iron Valiant|100/100
|-enditem|p2a: Darius|Booster Energy
|-activate|p2a: Darius|ability: Quark Drive|[fromitem]
|-start|p2a: Darius|quarkdrivespe
|move|p1a: Samurott|Flip Turn|p2a: Darius
|-damage|p2a: Darius|64/100
|
|t:|1743886528
|switch|p1a: Weezing|Weezing-Galar, F|85/100|[from] Flip Turn
|-ability|p1a: Weezing|Neutralizing Gas
|
|upkeep
|turn|6
|
|t:|1743886532
|move|p2a: Darius|Knock Off|p1a: Weezing
|-resisted|p1a: Weezing
|-damage|p1a: Weezing|73/100
|-enditem|p1a: Weezing|Heavy-Duty Boots|[from] move: Knock Off|[of] p2a: Darius
|move|p1a: Weezing|Strange Steam|p2a: Darius
|-supereffective|p2a: Darius
|-damage|p2a: Darius|0 fnt
|faint|p2a: Darius
|-end|p2a: Darius|Quark Drive|[silent]
|
|upkeep
|
|t:|1743886540
|switch|p2a: WAAAAATER|Polteageist|100/100
|turn|7
|
|t:|1743886548
|move|p2a: WAAAAATER|Shell Smash|p2a: WAAAAATER
|-unboost|p2a: WAAAAATER|def|1
|-unboost|p2a: WAAAAATER|spd|1
|-boost|p2a: WAAAAATER|atk|2
|-boost|p2a: WAAAAATER|spa|2
|-boost|p2a: WAAAAATER|spe|2
|move|p1a: Weezing|Strange Steam|p2a: WAAAAATER
|-damage|p2a: WAAAAATER|50/100
|
|upkeep
|turn|8
|
|t:|1743886554
|-end|p1a: Weezing|ability: Neutralizing Gas
|switch|p1a: Samurott|Samurott-Hisui, F|100/100
|move|p2a: WAAAAATER|Stored Power|p1a: Samurott
|-immune|p1a: Samurott
|
|upkeep
|turn|9
|
|t:|1743886563
|switch|p1a: Slowking|Slowking-Galar, F|100/100
|move|p2a: WAAAAATER|Giga Drain|p1a: Slowking
|-resisted|p1a: Slowking
|-damage|p1a: Slowking|87/100
|-heal|p2a: WAAAAATER|60/100|[from] drain|[of] p1a: Slowking
|
|upkeep
|turn|10
|
|t:|1743886567
|move|p2a: WAAAAATER|Stored Power|p1a: Slowking
|-damage|p1a: Slowking|45/100
|move|p1a: Slowking|Future Sight|p2a: WAAAAATER
|-start|p1a: Slowking|move: Future Sight
|
|upkeep
|turn|11
|
|t:|1743886573
|move|p2a: WAAAAATER|Shell Smash|p2a: WAAAAATER
|-unboost|p2a: WAAAAATER|def|1
|-unboost|p2a: WAAAAATER|spd|1
|-boost|p2a: WAAAAATER|atk|2
|-boost|p2a: WAAAAATER|spa|2
|-boost|p2a: WAAAAATER|spe|2
|move|p1a: Slowking|Sludge Bomb|p2a: WAAAAATER
|-resisted|p2a: WAAAAATER
|-damage|p2a: WAAAAATER|21/100
|
|upkeep
|turn|12
|
|t:|1743886576
|move|p2a: WAAAAATER|Stored Power|p1a: Slowking
|-damage|p1a: Slowking|0 fnt
|faint|p1a: Slowking
|
|-end|p2a: WAAAAATER|move: Future Sight
|-damage|p2a: WAAAAATER|0 fnt
|faint|p2a: WAAAAATER
|upkeep
|
|t:|1743886581
|switch|p2a: Donald Trump|Ninetales-Alola, M|100/100
|switch|p1a: Weezing|Weezing-Galar, F|73/100
|-ability|p1a: Weezing|Neutralizing Gas
|turn|13
|
|t:|1743886587
|switch|p2a: Great Bust|Great Tusk|81/100
|move|p1a: Weezing|Will-O-Wisp|p2a: Great Bust
|-status|p2a: Great Bust|brn
|
|-damage|p2a: Great Bust|74/100 brn|[from] brn
|upkeep
|turn|14
|
|t:|1743886592
|-end|p1a: Weezing|ability: Neutralizing Gas
|switch|p1a: Samurott|Samurott-Hisui, F|100/100
|move|p2a: Great Bust|Close Combat|p1a: Samurott
|-supereffective|p1a: Samurott
|-damage|p1a: Samurott|0 fnt
|-unboost|p2a: Great Bust|def|1
|-unboost|p2a: Great Bust|spd|1
|faint|p1a: Samurott
|-damage|p2a: Great Bust|65/100 brn|[from] item: Life Orb
|
|-damage|p2a: Great Bust|58/100 brn|[from] brn
|upkeep
|
|t:|1743886595
|switch|p1a: Corviknight|Corviknight, M|100/100
|-ability|p1a: Corviknight|Pressure
|turn|15
|
|t:|1743886600
|-end|p2a: Great Bust|Protosynthesis|[silent]
|switch|p2a: Donald Trump|Ninetales-Alola, M|100/100
|-weather|Snowscape|[from] ability: Snow Warning|[of] p2a: Donald Trump
|move|p1a: Corviknight|Body Press|p2a: Donald Trump
|-damage|p2a: Donald Trump|73/100
|
|-weather|Snowscape|[upkeep]
|upkeep
|turn|16
|
|t:|1743886607
|switch|p1a: Garganacl|Garganacl, M|100/100
|move|p2a: Donald Trump|Encore||[still]
|-fail|p2a: Donald Trump
|
|-weather|Snowscape|[upkeep]
|upkeep
|turn|17
|
|t:|1743886610
|move|p2a: Donald Trump|Aurora Veil|p2a: Donald Trump
|-sidestart|p2: ProteinMan11|move: Aurora Veil
|move|p1a: Garganacl|Salt Cure|p2a: Donald Trump
|-supereffective|p2a: Donald Trump
|-damage|p2a: Donald Trump|59/100
|-start|p2a: Donald Trump|Salt Cure
|
|-weather|Snowscape|[upkeep]
|-damage|p2a: Donald Trump|47/100|[from] Salt Cure
|upkeep
|turn|18
|
|t:|1743886615
|switch|p2a: This-a-way|Deoxys-Speed, shiny|100/100
|-ability|p2a: This-a-way|Pressure
|move|p1a: Garganacl|Salt Cure|p2a: This-a-way
|-damage|p2a: This-a-way|92/100
|-start|p2a: This-a-way|Salt Cure
|
|-weather|Snowscape|[upkeep]
|-damage|p2a: This-a-way|79/100|[from] Salt Cure
|upkeep
|turn|19
|
|t:|1743886622
|switch|p1a: Weezing|Weezing-Galar, F|73/100
|-ability|p1a: Weezing|Neutralizing Gas
|move|p2a: This-a-way|Cosmic Power|p2a: This-a-way
|-boost|p2a: This-a-way|def|1
|-boost|p2a: This-a-way|spd|1
|
|-weather|none
|-damage|p2a: This-a-way|67/100|[from] Salt Cure
|upkeep
|turn|20
|
|t:|1743886624
|move|p2a: This-a-way|Cosmic Power|p2a: This-a-way
|-boost|p2a: This-a-way|def|1
|-boost|p2a: This-a-way|spd|1
|move|p1a: Weezing|Will-O-Wisp|p2a: This-a-way
|-status|p2a: This-a-way|brn
|
|-damage|p2a: This-a-way|60/100 brn|[from] brn
|-damage|p2a: This-a-way|48/100 brn|[from] Salt Cure
|upkeep
|turn|21
|
|t:|1743886627
|move|p2a: This-a-way|Recover|p2a: This-a-way
|-heal|p2a: This-a-way|98/100 brn
|move|p1a: Weezing|Strange Steam|p2a: This-a-way
|-damage|p2a: This-a-way|90/100 brn
|
|-damage|p2a: This-a-way|83/100 brn|[from] brn
|-damage|p2a: This-a-way|71/100 brn|[from] Salt Cure
|upkeep
|turn|22
|
|t:|1743886628
|move|p2a: This-a-way|Cosmic Power|p2a: This-a-way
|-boost|p2a: This-a-way|def|1
|-boost|p2a: This-a-way|spd|1
|move|p1a: Weezing|Strange Steam|p2a: This-a-way
|-damage|p2a: This-a-way|65/100 brn
|
|-damage|p2a: This-a-way|58/100 brn|[from] brn
|-damage|p2a: This-a-way|46/100 brn|[from] Salt Cure
|upkeep
|turn|23
|
|t:|1743886630
|move|p2a: This-a-way|Recover|p2a: This-a-way
|-heal|p2a: This-a-way|96/100 brn
|move|p1a: Weezing|Strange Steam|p2a: This-a-way
|-crit|p2a: This-a-way
|-damage|p2a: This-a-way|42/100 brn
|
|-damage|p2a: This-a-way|36/100 brn|[from] brn
|-damage|p2a: This-a-way|24/100 brn|[from] Salt Cure
|upkeep
|turn|24
|
|t:|1743886632
|move|p2a: This-a-way|Recover|p2a: This-a-way
|-heal|p2a: This-a-way|74/100 brn
|move|p1a: Weezing|Strange Steam|p2a: This-a-way
|-damage|p2a: This-a-way|68/100 brn
|
|-damage|p2a: This-a-way|61/100 brn|[from] brn
|-damage|p2a: This-a-way|49/100 brn|[from] Salt Cure
|-sideend|p2: ProteinMan11|move: Aurora Veil
|upkeep
|turn|25
|
|t:|1743886633
|move|p2a: This-a-way|Recover|p2a: This-a-way
|-heal|p2a: This-a-way|99/100 brn
|move|p1a: Weezing|Strange Steam|p2a: This-a-way
|-crit|p2a: This-a-way
|-damage|p2a: This-a-way|53/100 brn
|
|-damage|p2a: This-a-way|47/100 brn|[from] brn
|-damage|p2a: This-a-way|34/100 brn|[from] Salt Cure
|upkeep
|turn|26
|
|t:|1743886638
|move|p2a: This-a-way|Recover|p2a: This-a-way
|-heal|p2a: This-a-way|84/100 brn
|move|p1a: Weezing|Strange Steam|p2a: This-a-way
|-crit|p2a: This-a-way
|-damage|p2a: This-a-way|39/100 brn
|
|-damage|p2a: This-a-way|32/100 brn|[from] brn
|-damage|p2a: This-a-way|20/100 brn|[from] Salt Cure
|upkeep
|turn|27
|
|t:|1743886646
|move|p2a: This-a-way|Recover|p2a: This-a-way
|-heal|p2a: This-a-way|70/100 brn
|move|p1a: Weezing|Strange Steam|p2a: This-a-way|[miss]
|-miss|p1a: Weezing|p2a: This-a-way
|
|-damage|p2a: This-a-way|64/100 brn|[from] brn
|-damage|p2a: This-a-way|51/100 brn|[from] Salt Cure
|upkeep
|turn|28
|
|t:|1743886649
|move|p2a: This-a-way|Recover|p2a: This-a-way
|-heal|p2a: This-a-way|100/100 brn
|move|p1a: Weezing|Strange Steam|p2a: This-a-way
|-damage|p2a: This-a-way|88/100 brn
|-start|p2a: This-a-way|confusion
|
|-damage|p2a: This-a-way|82/100 brn|[from] brn
|-damage|p2a: This-a-way|70/100 brn|[from] Salt Cure
|upkeep
|turn|29
|
|t:|1743886652
|-activate|p2a: This-a-way|confusion
|move|p2a: This-a-way|Stored Power|p1a: Weezing
|-supereffective|p1a: Weezing
|-damage|p1a: Weezing|0 fnt
|faint|p1a: Weezing
|-end|p1a: Weezing|ability: Neutralizing Gas
|-ability|p2a: This-a-way|Pressure
|
|-damage|p2a: This-a-way|63/100 brn|[from] brn
|-damage|p2a: This-a-way|51/100 brn|[from] Salt Cure
|upkeep
|
|t:|1743886655
|switch|p1a: Garganacl|Garganacl, M|100/100
|turn|30
|
|t:|1743886659
|-terastallize|p1a: Garganacl|Fairy
|-activate|p2a: This-a-way|confusion
|move|p2a: This-a-way|Recover|p2a: This-a-way
|-heal|p2a: This-a-way|100/100 brn
|move|p1a: Garganacl|Salt Cure|p2a: This-a-way
|-damage|p2a: This-a-way|93/100 brn
|
|-damage|p2a: This-a-way|86/100 brn|[from] brn
|-damage|p2a: This-a-way|74/100 brn|[from] Salt Cure
|upkeep
|turn|31
|
|t:|1743886665
|-activate|p2a: This-a-way|confusion
|move|p2a: This-a-way|Stored Power|p1a: Garganacl
|-damage|p1a: Garganacl|60/100
|move|p1a: Garganacl|Salt Cure|p2a: This-a-way
|-damage|p2a: This-a-way|68/100 brn
|
|-heal|p1a: Garganacl|66/100|[from] item: Leftovers
|-damage|p2a: This-a-way|61/100 brn|[from] brn
|-damage|p2a: This-a-way|49/100 brn|[from] Salt Cure
|upkeep
|turn|32
|
|t:|1743886677
|-activate|p2a: This-a-way|confusion
|move|p2a: This-a-way|Stored Power|p1a: Garganacl
|-damage|p1a: Garganacl|20/100
|move|p1a: Garganacl|Recover|p1a: Garganacl
|-heal|p1a: Garganacl|70/100
|
|-heal|p1a: Garganacl|76/100|[from] item: Leftovers
|-damage|p2a: This-a-way|43/100 brn|[from] brn
|-damage|p2a: This-a-way|30/100 brn|[from] Salt Cure
|upkeep
|turn|33
|
|t:|1743886682
|move|p1a: Garganacl|Protect|p1a: Garganacl
|-singleturn|p1a: Garganacl|Protect
|-end|p2a: This-a-way|confusion
|move|p2a: This-a-way|Stored Power|p1a: Garganacl
|-activate|p1a: Garganacl|move: Protect
|
|-heal|p1a: Garganacl|82/100|[from] item: Leftovers
|-damage|p2a: This-a-way|24/100 brn|[from] brn
|-damage|p2a: This-a-way|11/100 brn|[from] Salt Cure
|upkeep
|turn|34
|
|t:|1743886686
|switch|p2a: Donald Trump|Ninetales-Alola, M|47/100
|-weather|Snowscape|[from] ability: Snow Warning|[of] p2a: Donald Trump
|move|p1a: Garganacl|Recover|p1a: Garganacl
|-heal|p1a: Garganacl|100/100
|
|-weather|Snowscape|[upkeep]
|upkeep
|turn|35
|
|t:|1743886693
|switch|p1a: Corviknight|Corviknight, M|100/100
|-ability|p1a: Corviknight|Pressure
|move|p2a: Donald Trump|Encore||[still]
|-fail|p2a: Donald Trump
|
|-weather|Snowscape|[upkeep]
|upkeep
|turn|36
|
|t:|1743886695
|switch|p1a: Garganacl|Garganacl, M, tera:Fairy|100/100
|move|p2a: Donald Trump|Aurora Veil|p2a: Donald Trump
|-sidestart|p2: ProteinMan11|move: Aurora Veil
|
|-weather|Snowscape|[upkeep]
|upkeep
|turn|37
|
|t:|1743886697
|move|p2a: Donald Trump|Blizzard|p1a: Garganacl
|-damage|p1a: Garganacl|74/100
|move|p1a: Garganacl|Salt Cure|p2a: Donald Trump
|-supereffective|p2a: Donald Trump
|-damage|p2a: Donald Trump|33/100
|-start|p2a: Donald Trump|Salt Cure
|
|-weather|Snowscape|[upkeep]
|-heal|p1a: Garganacl|80/100|[from] item: Leftovers
|-damage|p2a: Donald Trump|21/100|[from] Salt Cure
|upkeep
|turn|38
|
|t:|1743886705
|switch|p2a: Michael|Dragonite, M|100/100
|move|p1a: Garganacl|Salt Cure|p2a: Michael
|-supereffective|p2a: Michael
|-damage|p2a: Michael|94/100
|-start|p2a: Michael|Salt Cure
|-enditem|p2a: Michael|Weakness Policy
|-boost|p2a: Michael|atk|2|[from] item: Weakness Policy
|-boost|p2a: Michael|spa|2|[from] item: Weakness Policy
|
|-weather|none
|-heal|p1a: Garganacl|86/100|[from] item: Leftovers
|-damage|p2a: Michael|82/100|[from] Salt Cure
|upkeep
|turn|39
|
|t:|1743886711
|switch|p1a: Corviknight|Corviknight, M|100/100
|-ability|p1a: Corviknight|Pressure
|move|p2a: Michael|Outrage|p1a: Corviknight
|-resisted|p1a: Corviknight
|-crit|p1a: Corviknight
|-damage|p1a: Corviknight|42/100
|-damage|p2a: Michael|65/100|[from] item: Rocky Helmet|[of] p1a: Corviknight
|
|-damage|p2a: Michael|53/100|[from] Salt Cure
|upkeep
|turn|40
|
|t:|1743886715
|move|p2a: Michael|Outrage|p1a: Corviknight|[from] lockedmove
|-resisted|p1a: Corviknight
|-damage|p1a: Corviknight|1/100
|-damage|p2a: Michael|36/100|[from] item: Rocky Helmet|[of] p1a: Corviknight
|move|p1a: Corviknight|Iron Defense|p1a: Corviknight
|-boost|p1a: Corviknight|def|2
|
|-damage|p2a: Michael|24/100|[from] Salt Cure
|upkeep
|turn|41
|
|t:|1743886718
|move|p2a: Michael|Outrage|p1a: Corviknight|[from] lockedmove
|-resisted|p1a: Corviknight
|-damage|p1a: Corviknight|0 fnt
|-damage|p2a: Michael|7/100|[from] item: Rocky Helmet|[of] p1a: Corviknight
|faint|p1a: Corviknight
|-start|p2a: Michael|confusion|[fatigue]
|
|-damage|p2a: Michael|0 fnt|[from] Salt Cure
|faint|p2a: Michael
|upkeep
|
|t:|1743886721
|switch|p2a: Great Bust|Great Tusk|58/100 brn
|switch|p1a: Garganacl|Garganacl, M, tera:Fairy|86/100
|turn|42
|
|t:|1743886725
|move|p1a: Garganacl|Protect|p1a: Garganacl
|-singleturn|p1a: Garganacl|Protect
|move|p2a: Great Bust|Headlong Rush|p1a: Garganacl
|-activate|p1a: Garganacl|move: Protect
|
|-heal|p1a: Garganacl|92/100|[from] item: Leftovers
|-damage|p2a: Great Bust|52/100 brn|[from] brn
|upkeep
|turn|43
|
|t:|1743886727
|move|p2a: Great Bust|Headlong Rush|p1a: Garganacl
|-damage|p1a: Garganacl|65/100
|-unboost|p2a: Great Bust|def|1
|-unboost|p2a: Great Bust|spd|1
|-damage|p2a: Great Bust|42/100 brn|[from] item: Life Orb
|move|p1a: Garganacl|Recover|p1a: Garganacl
|-heal|p1a: Garganacl|100/100
|
|-damage|p2a: Great Bust|36/100 brn|[from] brn
|-sideend|p2: ProteinMan11|move: Aurora Veil
|upkeep
|turn|44
|
|t:|1743886735
|move|p2a: Great Bust|Headlong Rush|p1a: Garganacl
|-damage|p1a: Garganacl|73/100
|-unboost|p2a: Great Bust|def|1
|-unboost|p2a: Great Bust|spd|1
|-damage|p2a: Great Bust|26/100 brn|[from] item: Life Orb
|move|p1a: Garganacl|Salt Cure|p2a: Great Bust
|-resisted|p2a: Great Bust
|-damage|p2a: Great Bust|22/100 brn
|-start|p2a: Great Bust|Salt Cure
|
|-heal|p1a: Garganacl|79/100|[from] item: Leftovers
|-damage|p2a: Great Bust|16/100 brn|[from] brn
|-damage|p2a: Great Bust|3/100 brn|[from] Salt Cure
|upkeep
|turn|45
|
|t:|1743886743
|-end|p2a: Great Bust|Protosynthesis|[silent]
|switch|p2a: This-a-way|Deoxys-Speed, shiny|11/100 brn
|-ability|p2a: This-a-way|Pressure
|move|p1a: Garganacl|Protect||[still]
|-fail|p1a: Garganacl
|
|-heal|p1a: Garganacl|85/100|[from] item: Leftovers
|-damage|p2a: This-a-way|5/100 brn|[from] brn
|upkeep
|turn|46
|
|t:|1743886749
|move|p2a: This-a-way|Tera Blast|p1a: Garganacl
|-damage|p1a: Garganacl|67/100
|move|p1a: Garganacl|Salt Cure|p2a: This-a-way
|-damage|p2a: This-a-way|0 fnt
|faint|p2a: This-a-way
|
|-heal|p1a: Garganacl|74/100|[from] item: Leftovers
|upkeep
|
|t:|1743886755
|switch|p2a: Donald Trump|Ninetales-Alola, M|21/100
|-weather|Snowscape|[from] ability: Snow Warning|[of] p2a: Donald Trump
|turn|47
|
|t:|1743886762
|switch|p2a: Great Bust|Great Tusk|3/100 brn
|move|p1a: Garganacl|Salt Cure|p2a: Great Bust
|-resisted|p2a: Great Bust
|-damage|p2a: Great Bust|1/100 brn
|-start|p2a: Great Bust|Salt Cure
|
|-weather|Snowscape|[upkeep]
|-heal|p1a: Garganacl|80/100|[from] item: Leftovers
|-damage|p2a: Great Bust|0 fnt|[from] brn
|faint|p2a: Great Bust
|-end|p2a: Great Bust|Protosynthesis|[silent]
|upkeep
|
|t:|1743886767
|switch|p2a: Donald Trump|Ninetales-Alola, M|21/100
|turn|48
|
|t:|1743886769
|move|p2a: Donald Trump|Blizzard|p1a: Garganacl
|-damage|p1a: Garganacl|51/100
|move|p1a: Garganacl|Salt Cure|p2a: Donald Trump
|-supereffective|p2a: Donald Trump
|-crit|p2a: Donald Trump
|-damage|p2a: Donald Trump|0 fnt
|faint|p2a: Donald Trump
|
|win|Lucwasz
|raw|Lucwasz's rating: 1666 &rarr; <strong>1685</strong><br />(+19 for winning)
|raw|ProteinMan11's rating: 1651 &rarr; <strong>1632</strong><br />(-19 for losing)
|l|☆ProteinMan11
|player|p2|
|l|☆Lucwasz
|player|p1|
