|j|☆JackTheWalkerBr
|j|☆totallyplannedteam
|t:|1743797404
|gametype|singles
|player|p1|JackTheWalkerBr|n|1083
|player|p2|totallyplannedteam|skier|1125
|teamsize|p1|6
|teamsize|p2|6
|gen|9
|tier|[Gen 9] OU
|rated|
|rule|HP Percentage Mod: HP is shown in percentages
|rule|Endless Battle Clause: Forcing endless battles is banned
|rule|Species Clause: Limit one of each Pokémon
|rule|OHKO Clause: OHKO moves are banned
|rule|Evasion Items Clause: Evasion items are banned
|rule|Evasion Moves Clause: Evasion moves are banned
|rule|Sleep Moves Clause: Sleep-inducing moves are banned
|clearpoke
|poke|p1|Hydrapple, M|
|poke|p1|Enamorus, F|
|poke|p1|Gholdengo|
|poke|p1|Cinderace, F|
|poke|p1|Araquanid, M|
|poke|p1|Gliscor, F|
|poke|p2|Kyurem|
|poke|p2|Slowking-Galar, F|
|poke|p2|Primarina, F|
|poke|p2|Tinkaton, F|
|poke|p2|Dragonite, M|
|poke|p2|Talonflame, M|
|teampreview
|
|t:|1743797421
|start
|switch|p1a: Cinderace|Cinderace, F|100/100
|switch|p2a: Talonflame|Talonflame, M|100/100
|turn|1
|
|t:|1743797433
|switch|p2a: Primarina|Primarina, F, shiny|100/100
|move|p1a: Cinderace|Gunk Shot|p2a: Primarina
|-start|p1a: Cinderace|typechange|Poison|[from] ability: Libero
|-supereffective|p2a: Primarina
|-damage|p2a: Primarina|0 fnt
|faint|p2a: Primarina
|
|upkeep
|
|t:|1743797442
|switch|p2a: Slowking|Slowking-Galar, F|100/100
|turn|2
|
|t:|1743797450
|move|p1a: Cinderace|U-turn|p2a: Slowking
|-crit|p2a: Slowking
|-damage|p2a: Slowking|65/100
|
|t:|1743797461
|switch|p1a: Gliscor|Gliscor, F|100/100|[from] U-turn
|move|p2a: Slowking|Future Sight|p1a: Gliscor
|-start|p2a: Slowking|move: Future Sight
|
|-status|p1a: Gliscor|tox|[from] item: Toxic Orb
|upkeep
|turn|3
|
|t:|1743797507
|move|p1a: Gliscor|Swords Dance|p1a: Gliscor
|-boost|p1a: Gliscor|atk|2
|-prepare|p2a: Slowking|Chilly Reception|[premajor]
|move|p2a: Slowking|Chilly Reception|p2a: Slowking
|-weather|Snowscape
|
|t:|1743797516
|switch|p2a: Dragonite|Dragonite, M|100/100|[from] Chilly Reception
|
|-weather|Snowscape|[upkeep]
|upkeep
|turn|4
|
|t:|1743797526
|move|p1a: Gliscor|Dual Wingbeat|p2a: Dragonite
|-damage|p2a: Dragonite|85/100
|-damage|p2a: Dragonite|55/100
|-hitcount|p2a: Dragonite|2
|move|p2a: Dragonite|Ice Spinner|p1a: Gliscor
|-supereffective|p1a: Gliscor
|-damage|p1a: Gliscor|14/100 tox
|
|-weather|Snowscape|[upkeep]
|-end|p1a: Gliscor|move: Future Sight
|-damage|p1a: Gliscor|0 fnt
|faint|p1a: Gliscor
|upkeep
|
|t:|1743797535
|switch|p1a: Enamorus|Enamorus, F|100/100
|turn|5
|
|t:|1743797541
|switch|p2a: Tinkaton|Tinkaton, F|100/100
|-item|p2a: Tinkaton|Air Balloon
|-terastallize|p1a: Enamorus|Stellar
|move|p1a: Enamorus|Tera Blast|p2a: Tinkaton|[anim] Tera Blast Stellar
|-damage|p2a: Tinkaton|61/100
|-boost|p1a: Enamorus|atk|1
|-boost|p1a: Enamorus|spa|1
|-enditem|p2a: Tinkaton|Air Balloon
|
|-weather|Snowscape|[upkeep]
|upkeep
|turn|6
|
|t:|1743797576
|move|p1a: Enamorus|Earth Power|p2a: Tinkaton
|-supereffective|p2a: Tinkaton
|-damage|p2a: Tinkaton|0 fnt
|faint|p2a: Tinkaton
|
|-weather|Snowscape|[upkeep]
|upkeep
|
|t:|1743797597
|switch|p2a: Glaciatric|Kyurem|100/100
|-ability|p2a: Glaciatric|Pressure
|turn|7
|
|t:|1743797618
|-terastallize|p2a: Glaciatric|Fire
|move|p1a: Enamorus|Draining Kiss|p2a: Glaciatric
|-resisted|p2a: Glaciatric
|-damage|p2a: Glaciatric|70/100
|move|p2a: Glaciatric|Dragon Dance|p2a: Glaciatric
|-boost|p2a: Glaciatric|atk|1
|-boost|p2a: Glaciatric|spe|1
|
|-weather|none
|upkeep
|turn|8
|
|t:|1743797631
|move|p2a: Glaciatric|Icicle Spear|p1a: Enamorus
|-supereffective|p1a: Enamorus
|-damage|p1a: Enamorus|28/100
|-supereffective|p1a: Enamorus
|-damage|p1a: Enamorus|0 fnt
|faint|p1a: Enamorus
|-hitcount|p1: Enamorus|2
|
|upkeep
|
|t:|1743797656
|switch|p1a: Araquanid|Araquanid, M|100/100
|turn|9
|
|t:|1743797663
|move|p2a: Glaciatric|Scale Shot|p1a: Araquanid
|-damage|p1a: Araquanid|80/100
|-damage|p1a: Araquanid|60/100
|-damage|p1a: Araquanid|41/100
|-damage|p1a: Araquanid|21/100
|-damage|p1a: Araquanid|1/100
|-hitcount|p1a: Araquanid|5
|-unboost|p2a: Glaciatric|def|1
|-boost|p2a: Glaciatric|spe|1
|move|p1a: Araquanid|Liquidation|p2a: Glaciatric
|-supereffective|p2a: Glaciatric
|-damage|p2a: Glaciatric|0 fnt
|faint|p2a: Glaciatric
|
|upkeep
|
|t:|1743797691
|switch|p2a: Talonflame|Talonflame, M|100/100
|turn|10
|
|t:|1743797697
|move|p2a: Talonflame|Flamethrower|p1a: Araquanid
|-damage|p1a: Araquanid|0 fnt
|faint|p1a: Araquanid
|
|upkeep
|
|t:|1743797703
|switch|p1a: Hydrapple|Hydrapple, M|100/100
|turn|11
|
|t:|1743797713
|move|p2a: Talonflame|Flamethrower|p1a: Hydrapple
|-damage|p1a: Hydrapple|85/100
|move|p1a: Hydrapple|Draco Meteor|p2a: Talonflame
|-damage|p2a: Talonflame|9/100
|-unboost|p1a: Hydrapple|spa|2
|
|upkeep
|turn|12
|
|t:|1743797724
|move|p2a: Talonflame|Will-O-Wisp|p1a: Hydrapple
|-status|p1a: Hydrapple|brn
|move|p1a: Hydrapple|Fickle Beam|p2a: Talonflame
|-damage|p2a: Talonflame|0 fnt
|faint|p2a: Talonflame
|
|-damage|p1a: Hydrapple|79/100 brn|[from] brn
|upkeep
|
|t:|1743797734
|switch|p2a: Slowking|Slowking-Galar, F|98/100
|turn|13
|
|t:|1743797745
|switch|p1a: Gholdengo|Gholdengo|100/100
|move|p2a: Slowking|Sludge Bomb|p1a: Gholdengo
|-immune|p1a: Gholdengo
|
|upkeep
|turn|14
|
|t:|1743797755
|move|p1a: Gholdengo|Thunder Wave|p2a: Slowking
|-status|p2a: Slowking|par
|cant|p2a: Slowking|par
|
|upkeep
|turn|15
|
|t:|1743797761
|move|p1a: Gholdengo|Hex|p2a: Slowking
|-supereffective|p2a: Slowking
|-damage|p2a: Slowking|0 fnt
|faint|p2a: Slowking
|-damage|p1a: Gholdengo|91/100|[from] item: Life Orb
|
|upkeep
|
|t:|1743797767
|switch|p2a: Dragonite|Dragonite, M|55/100
|turn|16
|
|t:|1743797773
|switch|p1a: Hydrapple|Hydrapple, M|100/100 brn
|move|p2a: Dragonite|Dragon Dance|p2a: Dragonite
|-boost|p2a: Dragonite|atk|1
|-boost|p2a: Dragonite|spe|1
|
|-damage|p1a: Hydrapple|94/100 brn|[from] brn
|upkeep
|turn|17
|-message|JackTheWalkerBr forfeited.
|
|win|totallyplannedteam
|raw|JackTheWalkerBr's rating: 1096 &rarr; <strong>1074</strong><br />(-22 for losing)
|raw|totallyplannedteam's rating: 1125 &rarr; <strong>1148</strong><br />(+23 for winning)
|l|☆JackTheWalkerBr
|player|p1|
|l|☆totallyplannedteam
|player|p2|
|j|☆totallyplannedteam
|player|p2|totallyplannedteam|skier|
