|j|☆doodew124
|j|☆l_am_not_a_bot
|t:|1743869855
|gametype|singles
|player|p1|doodew124|265|1153
|player|p2|l_am_not_a_bot|idol|1122
|teamsize|p1|6
|teamsize|p2|6
|gen|9
|tier|[Gen 9] OU
|rated|
|rule|HP Percentage Mod: HP is shown in percentages
|rule|Endless Battle Clause: Forcing endless battles is banned
|rule|Species Clause: Limit one of each Pokémon
|rule|OHKO Clause: OHKO moves are banned
|rule|Evasion Items Clause: Evasion items are banned
|rule|Evasion Moves Clause: Evasion moves are banned
|rule|Sleep Moves Clause: Sleep-inducing moves are banned
|clearpoke
|poke|p1|Swampert, M|
|poke|p1|Dragapult, M|
|poke|p1|Zapdos|
|poke|p1|Blastoise, F|
|poke|p1|Regirock|
|poke|p1|Weavile, F|
|poke|p2|Walking Wake|
|poke|p2|Arboliva, M|
|poke|p2|Dragapult, F|
|poke|p2|Lilligant-Hisui, F|
|poke|p2|Kingambit, F|
|poke|p2|Porygon-Z|
|teampreview
|inactive|Battle timer is ON: inactive players will automatically lose when time's up. (requested by doodew124)
|
|t:|1743869893
|start
|switch|p1a: Dragapult|Dragapult, M|100/100
|switch|p2a: Time and end|Arboliva, M|100/100
|turn|1
|
|t:|1743869900
|move|p1a: Dragapult|Fire Blast|p2a: Time and end
|-supereffective|p2a: Time and end
|-damage|p2a: Time and end|14/100
|-enditem|p2a: Time and end|Sitrus Berry|[eat]
|-heal|p2a: Time and end|39/100|[from] item: Sitrus Berry
|move|p2a: Time and end|Sunny Day|p2a: Time and end
|-weather|SunnyDay
|
|-weather|SunnyDay|[upkeep]
|-item|p2a: Time and end|Sitrus Berry|[from] ability: Harvest
|upkeep
|-enditem|p2a: Time and end|Sitrus Berry|[eat]
|-heal|p2a: Time and end|64/100|[from] item: Sitrus Berry
|turn|2
|
|t:|1743869914
|switch|p2a: Stay Hydrated|Walking Wake|100/100
|-activate|p2a: Stay Hydrated|ability: Protosynthesis
|-start|p2a: Stay Hydrated|protosynthesisspa
|move|p1a: Dragapult|Fire Blast|p2a: Stay Hydrated
|-resisted|p2a: Stay Hydrated
|-damage|p2a: Stay Hydrated|79/100
|
|-weather|SunnyDay|[upkeep]
|upkeep
|turn|3
|
|t:|1743869930
|switch|p1a: Blastoise|Blastoise, F|100/100
|-terastallize|p2a: Stay Hydrated|Water
|move|p2a: Stay Hydrated|Hydro Steam|p1a: Blastoise
|-resisted|p1a: Blastoise
|-damage|p1a: Blastoise|14/100
|
|-weather|SunnyDay|[upkeep]
|upkeep
|turn|4
|
|t:|1743869943
|move|p1a: Blastoise|Aqua Jet|p2a: Stay Hydrated
|-resisted|p2a: Stay Hydrated
|-damage|p2a: Stay Hydrated|72/100
|move|p2a: Stay Hydrated|Hydro Steam|p1a: Blastoise
|-resisted|p1a: Blastoise
|-damage|p1a: Blastoise|0 fnt
|faint|p1a: Blastoise
|
|-weather|SunnyDay|[upkeep]
|upkeep
|
|t:|1743869954
|switch|p1a: Zapdos|Zapdos|100/100
|-ability|p1a: Zapdos|Pressure
|turn|5
|
|t:|1743869963
|move|p2a: Stay Hydrated|Hydro Steam|p1a: Zapdos
|-damage|p1a: Zapdos|0 fnt
|faint|p1a: Zapdos
|
|-weather|none
|-end|p2a: Stay Hydrated|Protosynthesis
|upkeep
|
|t:|1743869976
|switch|p1a: Dragapult|Dragapult, M|100/100
|turn|6
|
|t:|1743869980
|move|p2a: Stay Hydrated|Hydro Steam|p1a: Dragapult
|-resisted|p1a: Dragapult
|-damage|p1a: Dragapult|53/100
|move|p1a: Dragapult|Dragon Pulse|p2a: Stay Hydrated
|-damage|p2a: Stay Hydrated|0 fnt
|faint|p2a: Stay Hydrated
|-end|p2a: Stay Hydrated|Protosynthesis|[silent]
|
|upkeep
|
|t:|1743869989
|switch|p2a: Lizard|Dragapult, F|100/100
|turn|7
|
|t:|1743870007
|switch|p1a: Regirock|Regirock|100/100
|move|p2a: Lizard|Shadow Ball|p1a: Regirock
|-damage|p1a: Regirock|48/100
|
|upkeep
|turn|8
|
|t:|1743870014
|move|p2a: Lizard|Shadow Ball|p1a: Regirock
|-damage|p1a: Regirock|0 fnt
|faint|p1a: Regirock
|
|upkeep
|
|t:|1743870019
|switch|p1a: Weavile|Weavile, F|100/100
|-ability|p1a: Weavile|Pressure
|turn|9
|
|t:|1743870026
|switch|p2a: Time and end|Arboliva, M|64/100
|move|p1a: Weavile|Ice Spinner|p2a: Time and end
|-supereffective|p2a: Time and end
|-damage|p2a: Time and end|0 fnt
|faint|p2a: Time and end
|
|upkeep
|
|t:|1743870035
|switch|p2a: Ƶ-ꞤꝊ⅁⅄ᴚꝊԀ|Porygon-Z, shiny|100/100
|turn|10
|
|t:|1743870042
|move|p1a: Weavile|Taunt|p2a: Ƶ-ꞤꝊ⅁⅄ᴚꝊԀ
|-start|p2a: Ƶ-ꞤꝊ⅁⅄ᴚꝊԀ|move: Taunt
|move|p2a: Ƶ-ꞤꝊ⅁⅄ᴚꝊԀ|Hyper Beam|p1a: Weavile
|-damage|p1a: Weavile|0 fnt
|-mustrecharge|p2a: Ƶ-ꞤꝊ⅁⅄ᴚꝊԀ
|faint|p1a: Weavile
|
|upkeep
|
|t:|1743870050
|switch|p1a: Swampert|Swampert, M|100/100
|turn|11
|
|t:|1743870053
|move|p1a: Swampert|Ice Beam|p2a: Ƶ-ꞤꝊ⅁⅄ᴚꝊԀ
|-damage|p2a: Ƶ-ꞤꝊ⅁⅄ᴚꝊԀ|70/100
|cant|p2a: Ƶ-ꞤꝊ⅁⅄ᴚꝊԀ|recharge
|
|upkeep
|turn|12
|
|t:|1743870059
|move|p1a: Swampert|Ice Beam|p2a: Ƶ-ꞤꝊ⅁⅄ᴚꝊԀ
|-damage|p2a: Ƶ-ꞤꝊ⅁⅄ᴚꝊԀ|37/100
|move|p2a: Ƶ-ꞤꝊ⅁⅄ᴚꝊԀ|Hyper Beam|p1a: Swampert
|-damage|p1a: Swampert|0 fnt
|-mustrecharge|p2a: Ƶ-ꞤꝊ⅁⅄ᴚꝊԀ
|faint|p1a: Swampert
|
|-end|p2a: Ƶ-ꞤꝊ⅁⅄ᴚꝊԀ|move: Taunt
|upkeep
|
|t:|1743870069
|switch|p1a: Dragapult|Dragapult, M|53/100
|turn|13
|
|t:|1743870076
|move|p1a: Dragapult|Dragon Pulse|p2a: Ƶ-ꞤꝊ⅁⅄ᴚꝊԀ
|-damage|p2a: Ƶ-ꞤꝊ⅁⅄ᴚꝊԀ|0 fnt
|faint|p2a: Ƶ-ꞤꝊ⅁⅄ᴚꝊԀ
|
|upkeep
|
|t:|1743870087
|switch|p2a: Lizard|Dragapult, F|100/100
|turn|14
|
|t:|1743870090
|move|p2a: Lizard|Draco Meteor|p1a: Dragapult
|-supereffective|p1a: Dragapult
|-crit|p1a: Dragapult
|-damage|p1a: Dragapult|0 fnt
|-unboost|p2a: Lizard|spa|2
|faint|p1a: Dragapult
|
|win|l_am_not_a_bot
|raw|doodew124's rating: 1153 &rarr; <strong>1126</strong><br />(-27 for losing)
|raw|l_am_not_a_bot's rating: 1122 &rarr; <strong>1149</strong><br />(+27 for winning)
|c|☆l_am_not_a_bot|gg
|l|☆doodew124
|player|p1|
