|j|☆bade bunningham
|j|☆Azummareal
|t:|1743935338
|gametype|singles
|player|p1|bade bunningham|169|1661
|player|p2|Azummareal|zinnia|1612
|teamsize|p1|6
|teamsize|p2|6
|gen|9
|tier|[Gen 9] OU
|rated|
|rule|HP Percentage Mod: HP is shown in percentages
|rule|Endless Battle Clause: Forcing endless battles is banned
|rule|Species Clause: Limit one of each Pokémon
|rule|OHKO Clause: OHKO moves are banned
|rule|Evasion Items Clause: Evasion items are banned
|rule|Evasion Moves Clause: Evasion moves are banned
|rule|Sleep Moves Clause: Sleep-inducing moves are banned
|clearpoke
|poke|p1|Zamazenta-*|
|poke|p1|Pecharunt|
|poke|p1|Moltres|
|poke|p1|Ting-Lu|
|poke|p1|Ogerpon-Wellspring, F|
|poke|p1|Iron Treads|
|poke|p2|Cinderace, F|
|poke|p2|Hydrapple, M|
|poke|p2|Hatterene, F|
|poke|p2|Iron Crown|
|poke|p2|Dragapult, F|
|poke|p2|Weavile, F|
|teampreview
|inactive|Battle timer is ON: inactive players will automatically lose when time's up. (requested by bade bunningham)
|j| diggerdaw
|
|t:|1743935369
|start
|switch|p1a: Moltres|Moltres|100/100
|switch|p2a: Hydrapple|Hydrapple, M|100/100
|-ability|p1a: Moltres|Pressure
|turn|1
|
|t:|1743935396
|move|p2a: Hydrapple|Fickle Beam|p1a: Moltres
|-damage|p1a: Moltres|58/100
|-damage|p2a: Hydrapple|91/100|[from] item: Life Orb
|move|p1a: Moltres|Roar|p2a: Hydrapple
|drag|p2a: Cinderace|Cinderace, F|100/100
|
|upkeep
|turn|2
|
|t:|1743935406
|move|p2a: Cinderace|Gunk Shot|p1a: Moltres|[miss]
|-start|p2a: Cinderace|typechange|Poison|[from] ability: Libero
|-miss|p2a: Cinderace|p1a: Moltres
|move|p1a: Moltres|Roost|p1a: Moltres
|-heal|p1a: Moltres|100/100
|-singleturn|p1a: Moltres|move: Roost
|
|upkeep
|turn|3
|
|t:|1743935410
|switch|p2a: Hydrapple|Hydrapple, M|100/100
|move|p1a: Moltres|Will-O-Wisp|p2a: Hydrapple
|-status|p2a: Hydrapple|brn
|
|-damage|p2a: Hydrapple|94/100 brn|[from] brn
|upkeep
|turn|4
|
|t:|1743935415
|switch|p1a: Iron Treads|Iron Treads|100/100
|move|p2a: Hydrapple|Fickle Beam|p1a: Iron Treads
|-resisted|p1a: Iron Treads
|-damage|p1a: Iron Treads|67/100
|-damage|p2a: Hydrapple|85/100 brn|[from] item: Life Orb
|
|-heal|p1a: Iron Treads|74/100|[from] item: Leftovers
|-damage|p2a: Hydrapple|79/100 brn|[from] brn
|upkeep
|turn|5
|
|t:|1743935422
|switch|p2a: Hatterene|Hatterene, F|100/100
|move|p1a: Iron Treads|Earthquake|p2a: Hatterene
|-damage|p2a: Hatterene|72/100
|
|-heal|p1a: Iron Treads|80/100|[from] item: Leftovers
|-heal|p2a: Hatterene|78/100|[from] item: Leftovers
|upkeep
|turn|6
|
|t:|1743935431
|-end|p1a: Iron Treads|Quark Drive|[silent]
|switch|p1a: Pecharunt|Pecharunt|100/100
|move|p2a: Hatterene|Mystical Fire|p1a: Pecharunt
|-damage|p1a: Pecharunt|79/100
|-unboost|p1a: Pecharunt|spa|1
|
|-heal|p2a: Hatterene|84/100|[from] item: Leftovers
|upkeep
|turn|7
|
|t:|1743935440
|switch|p2a: Iron Crown|Iron Crown|100/100
|move|p1a: Pecharunt|Parting Shot|p2a: Iron Crown
|-unboost|p2a: Iron Crown|atk|1
|-unboost|p2a: Iron Crown|spa|1
|
|t:|1743935446
|switch|p1a: Ogerpon|Ogerpon-Wellspring, F|100/100|[from] Parting Shot
|
|upkeep
|turn|8
|
|t:|1743935450
|-end|p2a: Iron Crown|Quark Drive|[silent]
|switch|p2a: Hydrapple|Hydrapple, M|100/100 brn
|move|p1a: Ogerpon|Knock Off|p2a: Hydrapple
|-damage|p2a: Hydrapple|70/100 brn
|-enditem|p2a: Hydrapple|Life Orb|[from] move: Knock Off|[of] p1a: Ogerpon
|
|-damage|p2a: Hydrapple|64/100 brn|[from] brn
|upkeep
|turn|9
|
|t:|1743935468
|switch|p2a: Cinderace|Cinderace, F|100/100
|move|p1a: Ogerpon|U-turn|p2a: Cinderace
|-resisted|p2a: Cinderace
|-damage|p2a: Cinderace|82/100
|
|t:|1743935477
|switch|p1a: Ting-Lu|Ting-Lu|100/100|[from] U-turn
|-ability|p1a: Ting-Lu|Vessel of Ruin
|
|upkeep
|turn|10
|
|t:|1743935485
|move|p2a: Cinderace|Low Kick|p1a: Ting-Lu
|-start|p2a: Cinderace|typechange|Fighting|[from] ability: Libero
|-supereffective|p1a: Ting-Lu
|-damage|p1a: Ting-Lu|9/100
|move|p1a: Ting-Lu|Ruination|p2a: Cinderace
|-damage|p2a: Cinderace|41/100
|
|-heal|p1a: Ting-Lu|16/100|[from] item: Leftovers
|upkeep
|turn|11
|
|t:|1743935492
|switch|p2a: Hatterene|Hatterene, F|84/100
|switch|p1a: Moltres|Moltres|100/100
|-ability|p1a: Moltres|Pressure
|
|-heal|p2a: Hatterene|90/100|[from] item: Leftovers
|upkeep
|turn|12
|
|t:|1743935507
|move|p1a: Moltres|Flamethrower|p2a: Hatterene
|-crit|p2a: Hatterene
|-damage|p2a: Hatterene|33/100
|move|p2a: Hatterene|Nuzzle|p1a: Moltres
|-supereffective|p1a: Moltres
|-damage|p1a: Moltres|93/100
|-status|p1a: Moltres|par
|
|-heal|p2a: Hatterene|39/100|[from] item: Leftovers
|upkeep
|turn|13
|
|t:|1743935529
|switch|p2a: Dragapult|Dragapult, F|100/100
|move|p1a: Moltres|Flamethrower|p2a: Dragapult
|-resisted|p2a: Dragapult
|-damage|p2a: Dragapult|75/100
|
|upkeep
|turn|14
|
|t:|1743935536
|switch|p1a: Ting-Lu|Ting-Lu|16/100
|-ability|p1a: Ting-Lu|Vessel of Ruin
|move|p2a: Dragapult|Hex|p1a: Ting-Lu
|-resisted|p1a: Ting-Lu
|-damage|p1a: Ting-Lu|10/100
|
|-heal|p1a: Ting-Lu|16/100|[from] item: Leftovers
|upkeep
|turn|15
|
|t:|1743935545
|switch|p1a: Iron Treads|Iron Treads|80/100
|move|p2a: Dragapult|U-turn|p1a: Iron Treads
|-resisted|p1a: Iron Treads
|-damage|p1a: Iron Treads|74/100
|
|t:|1743935549
|switch|p2a: Cinderace|Cinderace, F|41/100|[from] U-turn
|
|-heal|p1a: Iron Treads|80/100|[from] item: Leftovers
|upkeep
|turn|16
|
|t:|1743935552
|-end|p1a: Iron Treads|Quark Drive|[silent]
|switch|p1a: Moltres|Moltres|93/100 par
|-ability|p1a: Moltres|Pressure
|move|p2a: Cinderace|Pyro Ball|p1a: Moltres
|-resisted|p1a: Moltres
|-damage|p1a: Moltres|50/100 par
|
|upkeep
|turn|17
|
|t:|1743935571
|switch|p2a: Dragapult|Dragapult, F|75/100
|move|p1a: Moltres|Roost|p1a: Moltres
|-heal|p1a: Moltres|99/100 par
|-singleturn|p1a: Moltres|move: Roost
|
|upkeep
|turn|18
|
|t:|1743935585
|switch|p1a: Ting-Lu|Ting-Lu|16/100
|-ability|p1a: Ting-Lu|Vessel of Ruin
|move|p2a: Dragapult|Hex|p1a: Ting-Lu
|-resisted|p1a: Ting-Lu
|-damage|p1a: Ting-Lu|11/100
|
|-heal|p1a: Ting-Lu|17/100|[from] item: Leftovers
|upkeep
|turn|19
|
|t:|1743935590
|switch|p1a: Moltres|Moltres|99/100 par
|-ability|p1a: Moltres|Pressure
|move|p2a: Dragapult|U-turn|p1a: Moltres
|-resisted|p1a: Moltres
|-crit|p1a: Moltres
|-damage|p1a: Moltres|93/100 par
|
|t:|1743935604
|switch|p2a: Cinderace|Cinderace, F|41/100|[from] U-turn
|
|upkeep
|turn|20
|
|t:|1743935614
|switch|p1a: Pecharunt|Pecharunt|79/100
|move|p2a: Cinderace|Pyro Ball|p1a: Pecharunt|[miss]
|-miss|p2a: Cinderace|p1a: Pecharunt
|
|upkeep
|turn|21
|
|t:|1743935620
|switch|p2a: Iron Crown|Iron Crown|100/100
|move|p1a: Pecharunt|Recover|p1a: Pecharunt
|-heal|p1a: Pecharunt|100/100
|
|upkeep
|turn|22
|
|t:|1743935631
|move|p2a: Iron Crown|Tachyon Cutter|p1a: Pecharunt
|-damage|p1a: Pecharunt|64/100
|-damage|p1a: Pecharunt|27/100
|-hitcount|p1a: Pecharunt|2
|move|p1a: Pecharunt|Parting Shot|p2a: Iron Crown
|-unboost|p2a: Iron Crown|atk|1
|-unboost|p2a: Iron Crown|spa|1
|
|t:|1743935636
|switch|p1a: Ogerpon|Ogerpon-Wellspring, F|100/100|[from] Parting Shot
|
|upkeep
|turn|23
|
|t:|1743935640
|-end|p2a: Iron Crown|Quark Drive|[silent]
|switch|p2a: Hydrapple|Hydrapple, M|97/100 brn
|move|p1a: Ogerpon|U-turn|p2a: Hydrapple
|-supereffective|p2a: Hydrapple
|-damage|p2a: Hydrapple|57/100 brn
|
|t:|1743935652
|switch|p1a: Iron Treads|Iron Treads|80/100|[from] U-turn
|
|-heal|p1a: Iron Treads|86/100|[from] item: Leftovers
|-damage|p2a: Hydrapple|51/100 brn|[from] brn
|upkeep
|turn|24
|
|t:|1743935662
|switch|p2a: Hatterene|Hatterene, F|39/100
|move|p1a: Iron Treads|Rapid Spin|p2a: Hatterene
|-crit|p2a: Hatterene
|-damage|p2a: Hatterene|23/100
|-boost|p1a: Iron Treads|spe|1
|
|-heal|p1a: Iron Treads|92/100|[from] item: Leftovers
|-heal|p2a: Hatterene|29/100|[from] item: Leftovers
|upkeep
|turn|25
|
|t:|1743935667
|move|p1a: Iron Treads|Earthquake|p2a: Hatterene
|-damage|p2a: Hatterene|1/100
|move|p2a: Hatterene|Mystical Fire|p1a: Iron Treads
|-supereffective|p1a: Iron Treads
|-damage|p1a: Iron Treads|38/100
|-unboost|p1a: Iron Treads|spa|1
|
|-heal|p1a: Iron Treads|45/100|[from] item: Leftovers
|-heal|p2a: Hatterene|7/100|[from] item: Leftovers
|upkeep
|turn|26
|
|t:|1743935675
|move|p1a: Iron Treads|Rapid Spin|p2a: Hatterene
|-damage|p2a: Hatterene|0 fnt
|-boost|p1a: Iron Treads|spe|1
|faint|p2a: Hatterene
|
|-heal|p1a: Iron Treads|51/100|[from] item: Leftovers
|upkeep
|
|t:|1743935685
|switch|p2a: Dragapult|Dragapult, F|75/100
|turn|27
|
|t:|1743935709
|move|p1a: Iron Treads|Earthquake|p2a: Dragapult
|-damage|p2a: Dragapult|22/100
|move|p2a: Dragapult|Will-O-Wisp|p1a: Iron Treads
|-status|p1a: Iron Treads|brn
|
|-heal|p1a: Iron Treads|57/100 brn|[from] item: Leftovers
|-damage|p1a: Iron Treads|51/100 brn|[from] brn
|upkeep
|turn|28
|
|t:|1743935715
|switch|p2a: Hydrapple|Hydrapple, M|85/100 brn
|move|p1a: Iron Treads|Stealth Rock|p2a: Hydrapple
|-sidestart|p2: Azummareal|move: Stealth Rock
|
|-heal|p1a: Iron Treads|57/100 brn|[from] item: Leftovers
|-damage|p1a: Iron Treads|51/100 brn|[from] brn
|-damage|p2a: Hydrapple|79/100 brn|[from] brn
|upkeep
|turn|29
|
|t:|1743935727
|move|p1a: Iron Treads|Ice Spinner|p2a: Hydrapple
|-supereffective|p2a: Hydrapple
|-damage|p2a: Hydrapple|47/100 brn
|move|p2a: Hydrapple|Nasty Plot|p2a: Hydrapple
|-boost|p2a: Hydrapple|spa|2
|
|-heal|p1a: Iron Treads|57/100 brn|[from] item: Leftovers
|-damage|p1a: Iron Treads|51/100 brn|[from] brn
|-damage|p2a: Hydrapple|41/100 brn|[from] brn
|upkeep
|turn|30
|
|t:|1743935735
|move|p1a: Iron Treads|Ice Spinner|p2a: Hydrapple
|-supereffective|p2a: Hydrapple
|-damage|p2a: Hydrapple|11/100 brn
|move|p2a: Hydrapple|Giga Drain|p1a: Iron Treads
|-damage|p1a: Iron Treads|0 fnt
|-heal|p2a: Hydrapple|34/100 brn|[from] drain|[of] p1a: Iron Treads
|faint|p1a: Iron Treads
|-end|p1a: Iron Treads|Quark Drive|[silent]
|
|-damage|p2a: Hydrapple|28/100 brn|[from] brn
|upkeep
|
|t:|1743935743
|switch|p1a: Ogerpon|Ogerpon-Wellspring, F|100/100
|turn|31
|inactive|Azummareal has 120 seconds left.
|
|t:|1743935781
|switch|p2a: Iron Crown|Iron Crown|100/100
|-damage|p2a: Iron Crown|94/100|[from] Stealth Rock
|move|p1a: Ogerpon|U-turn|p2a: Iron Crown
|-damage|p2a: Iron Crown|63/100
|
|t:|1743935794
|switch|p1a: Pecharunt|Pecharunt|27/100|[from] U-turn
|
|upkeep
|turn|32
|
|t:|1743935802
|switch|p1a: Ting-Lu|Ting-Lu|17/100
|-ability|p1a: Ting-Lu|Vessel of Ruin
|move|p2a: Iron Crown|Tachyon Cutter|p1a: Ting-Lu
|-damage|p1a: Ting-Lu|1/100
|-damage|p1a: Ting-Lu|0 fnt
|faint|p1a: Ting-Lu
|-hitcount|p1: Ting-Lu|2
|
|upkeep
|
|t:|1743935814
|switch|p1a: Ogerpon|Ogerpon-Wellspring, F|100/100
|turn|33
|
|t:|1743935820
|move|p1a: Ogerpon|Knock Off|p2a: Iron Crown
|-supereffective|p2a: Iron Crown
|-damage|p2a: Iron Crown|0 fnt
|-enditem|p2a: Iron Crown|Choice Specs|[from] move: Knock Off|[of] p1a: Ogerpon
|faint|p2a: Iron Crown
|-end|p2a: Iron Crown|Quark Drive|[silent]
|
|upkeep
|
|t:|1743935833
|switch|p2a: Cinderace|Cinderace, F|41/100
|-damage|p2a: Cinderace|16/100|[from] Stealth Rock
|turn|34
|
|t:|1743935845
|switch|p1a: Pecharunt|Pecharunt|27/100
|move|p2a: Cinderace|Pyro Ball|p1a: Pecharunt|[miss]
|-miss|p2a: Cinderace|p1a: Pecharunt
|
|upkeep
|turn|35
|j| hbaichi
|
|t:|1743935855
|move|p2a: Cinderace|Pyro Ball|p1a: Pecharunt
|-damage|p1a: Pecharunt|0 fnt
|faint|p1a: Pecharunt
|
|upkeep
|
|t:|1743935858
|switch|p1a: Zamazenta|Zamazenta|100/100
|-ability|p1a: Zamazenta|Dauntless Shield|boost
|-boost|p1a: Zamazenta|def|1
|turn|36
|
|t:|1743935868
|move|p1a: Zamazenta|Crunch|p2a: Cinderace
|-damage|p2a: Cinderace|0 fnt
|faint|p2a: Cinderace
|
|upkeep
|
|t:|1743935871
|switch|p2a: Dragapult|Dragapult, F|22/100
|turn|37
|
|t:|1743935887
|-terastallize|p2a: Dragapult|Fairy
|move|p2a: Dragapult|Will-O-Wisp|p1a: Zamazenta
|-status|p1a: Zamazenta|brn
|move|p1a: Zamazenta|Crunch|p2a: Dragapult
|-resisted|p2a: Dragapult
|-damage|p2a: Dragapult|14/100
|
|-damage|p1a: Zamazenta|94/100 brn|[from] brn
|upkeep
|turn|38
|
|t:|1743935908
|move|p2a: Dragapult|U-turn|p1a: Zamazenta
|-resisted|p1a: Zamazenta
|-damage|p1a: Zamazenta|90/100 brn
|
|t:|1743935912
|switch|p2a: Hydrapple|Hydrapple, M|61/100 brn|[from] U-turn
|-damage|p2a: Hydrapple|49/100 brn|[from] Stealth Rock
|move|p1a: Zamazenta|Body Press|p2a: Hydrapple
|-damage|p2a: Hydrapple|31/100 brn
|
|-heal|p1a: Zamazenta|97/100 brn|[from] item: Leftovers
|-damage|p1a: Zamazenta|90/100 brn|[from] brn
|-damage|p2a: Hydrapple|25/100 brn|[from] brn
|upkeep
|turn|39
|
|t:|1743935919
|switch|p1a: Moltres|Moltres|93/100 par
|-ability|p1a: Moltres|Pressure
|move|p2a: Hydrapple|Giga Drain|p1a: Moltres
|-resisted|p1a: Moltres
|-damage|p1a: Moltres|86/100 par
|-heal|p2a: Hydrapple|28/100 brn|[from] drain|[of] p1a: Moltres
|
|-damage|p2a: Hydrapple|22/100 brn|[from] brn
|upkeep
|turn|40
|
|t:|1743935930
|move|p2a: Hydrapple|Fickle Beam|p1a: Moltres
|-damage|p1a: Moltres|53/100 par
|cant|p1a: Moltres|par
|
|-damage|p2a: Hydrapple|16/100 brn|[from] brn
|upkeep
|turn|41
|
|t:|1743935936
|move|p2a: Hydrapple|Earth Power|p1a: Moltres
|-immune|p1a: Moltres
|move|p1a: Moltres|Flamethrower|p2a: Hydrapple
|-damage|p2a: Hydrapple|0 fnt
|faint|p2a: Hydrapple
|
|upkeep
|
|t:|1743935965
|switch|p2a: Dragapult|Dragapult, F, tera:Fairy|14/100
|turn|42
|
|t:|1743935969
|move|p2a: Dragapult|Hex|p1a: Moltres
|-damage|p1a: Moltres|11/100 par
|move|p1a: Moltres|Flamethrower|p2a: Dragapult
|-crit|p2a: Dragapult
|-damage|p2a: Dragapult|0 fnt
|faint|p2a: Dragapult
|
|upkeep
|
|t:|1743935973
|switch|p2a: Weavile|Weavile, F|100/100
|-ability|p2a: Weavile|Pressure
|turn|43
|
|t:|1743935977
|move|p2a: Weavile|Ice Shard|p1a: Moltres
|-damage|p1a: Moltres|0 fnt
|faint|p1a: Moltres
|
|upkeep
|
|t:|1743935981
|switch|p1a: Zamazenta|Zamazenta|90/100 brn
|turn|44
|
|t:|1743935987
|move|p1a: Zamazenta|Body Press|p2a: Weavile
|-supereffective|p2a: Weavile
|-damage|p2a: Weavile|0 fnt
|faint|p2a: Weavile
|
|win|bade bunningham
|raw|bade bunningham's rating: 1661 &rarr; <strong>1678</strong><br />(+17 for winning)
|raw|Azummareal's rating: 1612 &rarr; <strong>1595</strong><br />(-17 for losing)
|l|☆Azummareal
|player|p2|
|l|☆bade bunningham
|player|p1|
|l| diggerdaw
|l| hbaichi
