|j|☆gapedcheeks
|j|☆lupiit
|t:|1743833465
|gametype|singles
|player|p1|gapedcheeks|alder|1186
|player|p2|lupiit|dragontamer|1167
|teamsize|p1|6
|teamsize|p2|6
|gen|9
|tier|[Gen 9] OU
|rated|
|rule|HP Percentage Mod: HP is shown in percentages
|rule|Endless Battle Clause: Forcing endless battles is banned
|rule|Species Clause: Limit one of each Pokémon
|rule|OHKO Clause: OHKO moves are banned
|rule|Evasion Items Clause: Evasion items are banned
|rule|Evasion Moves Clause: Evasion moves are banned
|rule|Sleep Moves Clause: Sleep-inducing moves are banned
|clearpoke
|poke|p1|Gliscor, F|
|poke|p1|Meowscarada, F|
|poke|p1|Ursaluna, F|
|poke|p1|Skarmory, F|
|poke|p1|Dragapult, M|
|poke|p1|Slowking-Galar, F|
|poke|p2|Kyurem|
|poke|p2|Cinderace, F|
|poke|p2|Electrode-Hisui|
|poke|p2|Scizor, M|
|poke|p2|Smeargle, M|
|poke|p2|Ditto|
|teampreview
|inactive|Battle timer is ON: inactive players will automatically lose when time's up. (requested by lupiit)
|
|t:|1743833471
|start
|switch|p1a: Meowscarada|Meowscarada, F|100/100
|switch|p2a: CHILLYYYYYYYY|Kyurem|100/100
|-ability|p2a: CHILLYYYYYYYY|Pressure
|turn|1
|
|t:|1743833475
|move|p1a: Meowscarada|Knock Off|p2a: CHILLYYYYYYYY
|-start|p1a: Meowscarada|typechange|Dark|[from] ability: Protean
|-damage|p2a: CHILLYYYYYYYY|58/100
|-enditem|p2a: CHILLYYYYYYYY|Choice Specs|[from] move: Knock Off|[of] p1a: Meowscarada
|move|p2a: CHILLYYYYYYYY|Ice Beam|p1a: Meowscarada
|-damage|p1a: Meowscarada|27/100
|
|upkeep
|turn|2
|
|t:|1743833481
|move|p1a: Meowscarada|U-turn|p2a: CHILLYYYYYYYY
|-damage|p2a: CHILLYYYYYYYY|36/100
|
|t:|1743833504
|switch|p1a: Slowking|Slowking-Galar, F|100/100|[from] U-turn
|move|p2a: CHILLYYYYYYYY|Ice Beam|p1a: Slowking
|-damage|p1a: Slowking|74/100
|
|upkeep
|turn|3
|
|t:|1743833507
|move|p2a: CHILLYYYYYYYY|Earth Power|p1a: Slowking
|-supereffective|p1a: Slowking
|-damage|p1a: Slowking|39/100
|-prepare|p1a: Slowking|Chilly Reception|[premajor]
|move|p1a: Slowking|Chilly Reception|p1a: Slowking
|-weather|Snowscape
|
|t:|1743833510
|switch|p1a: Dragapult|Dragapult, M|100/100|[from] Chilly Reception
|
|-weather|Snowscape|[upkeep]
|upkeep
|turn|4
|
|t:|1743833515
|switch|p2a: U-TURN EZPZ|Scizor, M|100/100
|move|p1a: Dragapult|Draco Meteor|p2a: U-TURN EZPZ
|-resisted|p2a: U-TURN EZPZ
|-damage|p2a: U-TURN EZPZ|56/100
|-unboost|p1a: Dragapult|spa|2
|
|-weather|Snowscape|[upkeep]
|upkeep
|turn|5
|
|t:|1743833519
|move|p1a: Dragapult|Will-O-Wisp|p2a: U-TURN EZPZ
|-status|p2a: U-TURN EZPZ|brn
|move|p2a: U-TURN EZPZ|U-turn|p1a: Dragapult
|-resisted|p1a: Dragapult
|-damage|p1a: Dragapult|87/100
|
|t:|1743833526
|switch|p2a: PICASSO|Smeargle, M|100/100|[from] U-turn
|
|-weather|Snowscape|[upkeep]
|upkeep
|turn|6
|inactive|gapedcheeks has 120 seconds left.
|
|t:|1743833557
|move|p1a: Dragapult|U-turn|p2a: PICASSO
|-damage|p2a: PICASSO|57/100
|
|t:|1743833562
|switch|p1a: Skarmory|Skarmory, F|100/100|[from] U-turn
|move|p2a: PICASSO|Counter|p1a: Skarmory
|-damage|p1a: Skarmory|18/100
|-damage|p2a: PICASSO|40/100|[from] item: Rocky Helmet|[of] p1a: Skarmory
|
|-weather|Snowscape|[upkeep]
|upkeep
|turn|7
|
|t:|1743833569
|switch|p2a: GOAL!|Cinderace, F|100/100
|move|p1a: Skarmory|Roost|p1a: Skarmory
|-heal|p1a: Skarmory|68/100
|-singleturn|p1a: Skarmory|move: Roost
|
|-weather|none
|upkeep
|turn|8
|
|t:|1743833578
|move|p2a: GOAL!|Pyro Ball|p1a: Skarmory
|-supereffective|p1a: Skarmory
|-damage|p1a: Skarmory|0 fnt
|faint|p1a: Skarmory
|
|upkeep
|
|t:|1743833589
|switch|p1a: Ursaluna|Ursaluna, F|100/100
|turn|9
|
|t:|1743833599
|move|p2a: GOAL!|Pyro Ball|p1a: Ursaluna
|-immune|p1a: Ursaluna|[from] ability: Bulletproof
|move|p1a: Ursaluna|Headlong Rush|p2a: GOAL!
|-supereffective|p2a: GOAL!
|-damage|p2a: GOAL!|0 fnt
|-unboost|p1a: Ursaluna|def|1
|-unboost|p1a: Ursaluna|spd|1
|faint|p2a: GOAL!
|
|upkeep
|
|t:|1743833604
|switch|p2a: CHILLYYYYYYYY|Kyurem|36/100
|-ability|p2a: CHILLYYYYYYYY|Pressure
|turn|10
|
|t:|1743833622
|switch|p1a: Slowking|Slowking-Galar, F|73/100
|move|p2a: CHILLYYYYYYYY|Earth Power|p1a: Slowking
|-supereffective|p1a: Slowking
|-damage|p1a: Slowking|36/100
|
|upkeep
|turn|11
|
|t:|1743833628
|switch|p1a: Gliscor|Gliscor, F|100/100
|move|p2a: CHILLYYYYYYYY|Ice Beam|p1a: Gliscor
|-supereffective|p1a: Gliscor
|-damage|p1a: Gliscor|0 fnt
|faint|p1a: Gliscor
|
|upkeep
|
|t:|1743833632
|switch|p1a: Dragapult|Dragapult, M|87/100
|turn|12
|
|t:|1743833645
|switch|p2a: U-TURN EZPZ|Scizor, M|56/100 brn
|move|p1a: Dragapult|Hex|p2a: U-TURN EZPZ
|-damage|p2a: U-TURN EZPZ|0 fnt
|faint|p2a: U-TURN EZPZ
|
|upkeep
|
|t:|1743833656
|switch|p2a: MADAM ROUGE|Ditto|100/100
|-transform|p2a: MADAM ROUGE|p1a: Dragapult|[from] ability: Imposter
|turn|13
|
|t:|1743833661
|switch|p1a: Slowking|Slowking-Galar, F|69/100
|move|p2a: MADAM ROUGE|Will-O-Wisp|p1a: Slowking|[miss]
|-miss|p2a: MADAM ROUGE|p1a: Slowking
|
|upkeep
|turn|14
|
|t:|1743833667
|switch|p2a: CHILLYYYYYYYY|Kyurem|36/100
|-ability|p2a: CHILLYYYYYYYY|Pressure
|switch|p1a: Ursaluna|Ursaluna, F|100/100
|
|upkeep
|turn|15
|
|t:|1743833677
|-terastallize|p1a: Ursaluna|Steel
|move|p2a: CHILLYYYYYYYY|Ice Beam|p1a: Ursaluna
|-resisted|p1a: Ursaluna
|-damage|p1a: Ursaluna|82/100
|move|p1a: Ursaluna|Headlong Rush|p2a: CHILLYYYYYYYY
|-damage|p2a: CHILLYYYYYYYY|0 fnt
|-unboost|p1a: Ursaluna|def|1
|-unboost|p1a: Ursaluna|spd|1
|faint|p2a: CHILLYYYYYYYY
|
|upkeep
|
|t:|1743833684
|switch|p2a: MADAM ROUGE|Ditto|100/100
|-transform|p2a: MADAM ROUGE|p1a: Ursaluna|[from] ability: Imposter
|-start|p2a: MADAM ROUGE|typechange|Ground/Normal|[silent]
|turn|16
|
|t:|1743833704
|switch|p1a: Meowscarada|Meowscarada, F|27/100
|move|p2a: MADAM ROUGE|Headlong Rush|p1a: Meowscarada
|-resisted|p1a: Meowscarada
|-damage|p1a: Meowscarada|0 fnt
|-unboost|p2a: MADAM ROUGE|def|1
|-unboost|p2a: MADAM ROUGE|spd|1
|faint|p1a: Meowscarada
|
|upkeep
|
|t:|1743833706
|switch|p1a: Dragapult|Dragapult, M|87/100
|turn|17
|
|t:|1743833712
|switch|p2a: PICASSO|Smeargle, M|40/100
|move|p1a: Dragapult|Draco Meteor|p2a: PICASSO
|-damage|p2a: PICASSO|0 fnt
|-unboost|p1a: Dragapult|spa|2
|faint|p2a: PICASSO
|
|upkeep
|
|t:|1743833715
|switch|p2a: SONIC BALL|Electrode-Hisui|100/100
|turn|18
|
|t:|1743833722
|switch|p1a: Slowking|Slowking-Galar, F|100/100
|move|p2a: SONIC BALL|Charge Beam|p1a: Slowking
|-damage|p1a: Slowking|86/100
|-damage|p2a: SONIC BALL|91/100|[from] item: Life Orb
|
|upkeep
|turn|19
|
|t:|1743833727
|move|p2a: SONIC BALL|Volt Switch|p1a: Slowking
|-damage|p1a: Slowking|62/100
|-damage|p2a: SONIC BALL|81/100|[from] item: Life Orb
|
|t:|1743833729
|switch|p2a: MADAM ROUGE|Ditto|100/100|[from] Volt Switch
|-transform|p2a: MADAM ROUGE|p1a: Slowking|[from] ability: Imposter
|-prepare|p1a: Slowking|Chilly Reception|[premajor]
|move|p1a: Slowking|Chilly Reception|p1a: Slowking
|-weather|Snowscape
|
|t:|1743833733
|switch|p1a: Dragapult|Dragapult, M|87/100|[from] Chilly Reception
|
|-weather|Snowscape|[upkeep]
|upkeep
|turn|20
|
|t:|1743833737
|move|p1a: Dragapult|Will-O-Wisp|p2a: MADAM ROUGE
|-status|p2a: MADAM ROUGE|brn
|move|p2a: MADAM ROUGE|Thunder Wave|p1a: Dragapult
|-status|p1a: Dragapult|par
|
|-weather|Snowscape|[upkeep]
|-damage|p2a: MADAM ROUGE|94/100 brn|[from] brn
|upkeep
|turn|21
|
|t:|1743833742
|switch|p2a: SONIC BALL|Electrode-Hisui|81/100
|move|p1a: Dragapult|U-turn|p2a: SONIC BALL
|-supereffective|p2a: SONIC BALL
|-crit|p2a: SONIC BALL
|-damage|p2a: SONIC BALL|0 fnt
|-damage|p1a: Dragapult|62/100 par|[from] ability: Aftermath|[of] p2a: SONIC BALL
|faint|p2a: SONIC BALL
|
|t:|1743833745
|switch|p1a: Slowking|Slowking-Galar, F|95/100|[from] U-turn
|
|-weather|Snowscape|[upkeep]
|upkeep
|
|t:|1743833747
|switch|p2a: MADAM ROUGE|Ditto|100/100 brn
|-transform|p2a: MADAM ROUGE|p1a: Slowking|[from] ability: Imposter
|turn|22
|-message|lupiit forfeited.
|
|win|gapedcheeks
|raw|gapedcheeks's rating: 1186 &rarr; <strong>1211</strong><br />(+25 for winning)
|raw|lupiit's rating: 1189 &rarr; <strong>1164</strong><br />(-25 for losing)
|l|☆lupiit
|player|p2|
|l|☆gapedcheeks
|player|p1|
