|j|☆drifter1798?
|j|☆spinner77
|t:|1743809624
|gametype|singles
|player|p1|drifter1798?|102|1473
|player|p2|spinner77|unknown|1469
|teamsize|p1|6
|teamsize|p2|6
|gen|9
|tier|[Gen 9] OU
|rated|
|rule|HP Percentage Mod: HP is shown in percentages
|rule|Endless Battle Clause: Forcing endless battles is banned
|rule|Species Clause: Limit one of each Pokémon
|rule|OHKO Clause: OHKO moves are banned
|rule|Evasion Items Clause: Evasion items are banned
|rule|Evasion Moves Clause: Evasion moves are banned
|rule|Sleep Moves Clause: Sleep-inducing moves are banned
|clearpoke
|poke|p1|Arcanine-Hisui, F|
|poke|p1|Corviknight, M|
|poke|p1|Alomomola, F|
|poke|p1|Iron Valiant|
|poke|p1|Quaquaval, F|
|poke|p1|Articuno-Galar|
|poke|p2|Umbreon, F|
|poke|p2|Pelipper, M|
|poke|p2|Talonflame, F|
|poke|p2|Excadrill, F|
|poke|p2|Barraskewda, F|
|poke|p2|Iron Treads|
|teampreview
|inactive|Battle timer is ON: inactive players will automatically lose when time's up. (requested by spinner77)
|
|t:|1743809651
|start
|switch|p1a: Alomomola|Alomomola, F|100/100
|switch|p2a: Iron Treads|Iron Treads|100/100
|-enditem|p2a: Iron Treads|Booster Energy
|-activate|p2a: Iron Treads|ability: Quark Drive|[fromitem]
|-start|p2a: Iron Treads|quarkdrivespe
|turn|1
|
|t:|1743809657
|move|p2a: Iron Treads|Stealth Rock|p1a: Alomomola
|-sidestart|p1: drifter1798?|move: Stealth Rock
|move|p1a: Alomomola|Flip Turn|p2a: Iron Treads
|-supereffective|p2a: Iron Treads
|-damage|p2a: Iron Treads|71/100
|
|t:|1743809663
|switch|p1a: Corviknight|Corviknight, M|100/100|[from] Flip Turn
|-damage|p1a: Corviknight|88/100|[from] Stealth Rock
|-ability|p1a: Corviknight|Pressure
|
|-heal|p1a: Corviknight|94/100|[from] item: Leftovers
|upkeep
|turn|2
|
|t:|1743809671
|-end|p2a: Iron Treads|Quark Drive|[silent]
|switch|p2a: Pelipper|Pelipper, M, shiny|100/100
|-weather|RainDance|[from] ability: Drizzle|[of] p2a: Pelipper
|move|p1a: Corviknight|Defog|p2a: Pelipper
|-unboost|p2a: Pelipper|evasion|1
|-sideend|p1: drifter1798?|Stealth Rock|[from] move: Defog|[of] p1a: Corviknight
|
|-weather|RainDance|[upkeep]
|-heal|p1a: Corviknight|100/100|[from] item: Leftovers
|upkeep
|turn|3
|
|t:|1743809680
|switch|p1a: Alomomola|Alomomola, F|100/100
|move|p2a: Pelipper|U-turn|p1a: Alomomola
|-damage|p1a: Alomomola|94/100
|
|t:|1743809686
|switch|p2a: Umbreon|Umbreon, F|100/100|[from] U-turn
|
|-weather|RainDance|[upkeep]
|upkeep
|turn|4
|
|t:|1743809691
|switch|p1a: Corviknight|Corviknight, M|100/100
|-ability|p1a: Corviknight|Pressure
|move|p2a: Umbreon|Toxic|p1a: Corviknight
|-immune|p1a: Corviknight
|
|-weather|RainDance|[upkeep]
|upkeep
|turn|5
|
|t:|1743809700
|move|p1a: Corviknight|U-turn|p2a: Umbreon
|-supereffective|p2a: Umbreon
|-damage|p2a: Umbreon|78/100
|
|t:|1743809705
|switch|p1a: Alomomola|Alomomola, F|100/100|[from] U-turn
|move|p2a: Umbreon|Wish|p2a: Umbreon
|
|-weather|RainDance|[upkeep]
|-heal|p2a: Umbreon|84/100|[from] item: Leftovers
|upkeep
|turn|6
|
|t:|1743809711
|switch|p1a: Corviknight|Corviknight, M|100/100
|-ability|p1a: Corviknight|Pressure
|move|p2a: Umbreon|Toxic|p1a: Corviknight|[miss]
|-miss|p2a: Umbreon|p1a: Corviknight
|
|-weather|RainDance|[upkeep]
|-heal|p2a: Umbreon|100/100|[from] move: Wish|[wisher] Umbreon
|upkeep
|turn|7
|
|t:|1743809720
|move|p1a: Corviknight|Body Press|p2a: Umbreon
|-supereffective|p2a: Umbreon
|-damage|p2a: Umbreon|59/100
|move|p2a: Umbreon|Wish|p2a: Umbreon
|
|-weather|RainDance|[upkeep]
|-heal|p2a: Umbreon|65/100|[from] item: Leftovers
|upkeep
|turn|8
|
|t:|1743809727
|move|p1a: Corviknight|U-turn|p2a: Umbreon
|-supereffective|p2a: Umbreon
|-damage|p2a: Umbreon|44/100
|
|t:|1743809730
|switch|p1a: Alomomola|Alomomola, F|100/100|[from] U-turn
|move|p2a: Umbreon|Foul Play|p1a: Alomomola
|-damage|p1a: Alomomola|81/100
|
|-weather|RainDance|[upkeep]
|-heal|p2a: Umbreon|94/100|[from] move: Wish|[wisher] Umbreon
|-heal|p2a: Umbreon|99/100|[from] item: Leftovers
|upkeep
|turn|9
|
|t:|1743809740
|switch|p2a: Talonflame|Talonflame, F, shiny|100/100
|switch|p1a: Corviknight|Corviknight, M|100/100
|-ability|p1a: Corviknight|Pressure
|
|-weather|none
|upkeep
|turn|10
|
|t:|1743809747
|switch|p1a: Alomomola|Alomomola, F|100/100
|move|p2a: Talonflame|U-turn|p1a: Alomomola
|-damage|p1a: Alomomola|91/100
|
|t:|1743809762
|switch|p2a: Iron Treads|Iron Treads|71/100|[from] U-turn
|
|upkeep
|turn|11
|
|t:|1743809766
|move|p2a: Iron Treads|Stealth Rock|p1a: Alomomola
|-sidestart|p1: drifter1798?|move: Stealth Rock
|move|p1a: Alomomola|Flip Turn|p2a: Iron Treads
|-supereffective|p2a: Iron Treads
|-damage|p2a: Iron Treads|42/100
|
|t:|1743809771
|switch|p1a: Corviknight|Corviknight, M|100/100|[from] Flip Turn
|-damage|p1a: Corviknight|88/100|[from] Stealth Rock
|-ability|p1a: Corviknight|Pressure
|
|-heal|p1a: Corviknight|94/100|[from] item: Leftovers
|upkeep
|turn|12
|
|t:|1743809783
|-end|p2a: Iron Treads|Quark Drive|[silent]
|switch|p2a: Umbreon|Umbreon, F|99/100
|move|p1a: Corviknight|Defog|p2a: Umbreon
|-unboost|p2a: Umbreon|evasion|1
|-sideend|p1: drifter1798?|Stealth Rock|[from] move: Defog|[of] p1a: Corviknight
|
|-heal|p1a: Corviknight|100/100|[from] item: Leftovers
|-heal|p2a: Umbreon|100/100|[from] item: Leftovers
|upkeep
|turn|13
|
|t:|1743809791
|move|p1a: Corviknight|Body Press|p2a: Umbreon
|-supereffective|p2a: Umbreon
|-damage|p2a: Umbreon|57/100
|move|p2a: Umbreon|Wish|p2a: Umbreon
|
|-heal|p2a: Umbreon|63/100|[from] item: Leftovers
|upkeep
|turn|14
|-message|spinner77 forfeited.
|
|win|drifter1798?
|raw|drifter1798?'s rating: 1473 &rarr; <strong>1493</strong><br />(+20 for winning)
|raw|spinner77's rating: 1469 &rarr; <strong>1449</strong><br />(-20 for losing)
|l|☆spinner77
|player|p2|
|l|☆drifter1798?
|player|p1|
