|j|☆Ml26
|j|☆An!elt0n D
|t:|1743900713
|gametype|singles
|player|p1|Ml26|1|1374
|player|p2|An!elt0n D|grimsley|1453
|teamsize|p1|6
|teamsize|p2|6
|gen|9
|tier|[Gen 9] OU
|rated|
|rule|HP Percentage Mod: HP is shown in percentages
|rule|Endless Battle Clause: Forcing endless battles is banned
|rule|Species Clause: Limit one of each Pokémon
|rule|OHKO Clause: OHKO moves are banned
|rule|Evasion Items Clause: Evasion items are banned
|rule|Evasion Moves Clause: Evasion moves are banned
|rule|Sleep Moves Clause: Sleep-inducing moves are banned
|clearpoke
|poke|p1|Great Tusk|
|poke|p1|Zapdos|
|poke|p1|Meowscarada, F|
|poke|p1|Kingambit, F|
|poke|p1|Dragapult, F|
|poke|p1|Clefable, F|
|poke|p2|Cloyster, M|
|poke|p2|Garchomp, M|
|poke|p2|Glimmora, F|
|poke|p2|Garganacl, M|
|poke|p2|Mimikyu, M|
|poke|p2|Porygon2|
|teampreview
|inactive|Battle timer is ON: inactive players will automatically lose when time's up. (requested by An!elt0n D)
|
|t:|1743900743
|start
|switch|p1a: Dragapult|Dragapult, F|100/100
|switch|p2a: Toxic friend|Glimmora, F, shiny|100/100
|turn|1
|
|t:|1743900756
|switch|p1a: Great Tusk|Great Tusk|100/100
|move|p2a: Toxic friend|Stealth Rock|p1a: Great Tusk
|-sidestart|p1: Ml26|move: Stealth Rock
|
|upkeep
|turn|2
|
|t:|1743900765
|switch|p2a: Fakechu|Mimikyu, M|100/100
|move|p1a: Great Tusk|Temper Flare|p2a: Fakechu
|-activate|p2a: Fakechu|ability: Disguise
|-damage|p2a: Fakechu|100/100
|detailschange|p2a: Fakechu|Mimikyu-Busted, M
|-damage|p2a: Fakechu|88/100|[from] pokemon: Mimikyu-Busted
|
|upkeep
|turn|3
|
|t:|1743900773
|move|p2a: Fakechu|Swords Dance|p2a: Fakechu
|-boost|p2a: Fakechu|atk|2
|move|p1a: Great Tusk|Headlong Rush|p2a: Fakechu
|-damage|p2a: Fakechu|0 fnt
|-unboost|p1a: Great Tusk|def|1
|-unboost|p1a: Great Tusk|spd|1
|faint|p2a: Fakechu
|
|upkeep
|
|t:|1743900780
|switch|p2a: Toxic friend|Glimmora, F, shiny|100/100
|turn|4
|
|t:|1743900785
|move|p1a: Great Tusk|Rapid Spin|p2a: Toxic friend
|-resisted|p2a: Toxic friend
|-damage|p2a: Toxic friend|89/100
|-boost|p1a: Great Tusk|spe|1
|-activate|p2a: Toxic friend|ability: Toxic Debris
|-sidestart|p1: Ml26|move: Toxic Spikes
|-sideend|p1: Ml26|Toxic Spikes|[from] move: Rapid Spin|[of] p1a: Great Tusk
|-sideend|p1: Ml26|Stealth Rock|[from] move: Rapid Spin|[of] p1a: Great Tusk
|move|p2a: Toxic friend|Mortal Spin|p1a: Great Tusk
|-resisted|p1a: Great Tusk
|-damage|p1a: Great Tusk|98/100
|-status|p1a: Great Tusk|psn
|
|-damage|p1a: Great Tusk|85/100 psn|[from] psn
|upkeep
|turn|5
|
|t:|1743900798
|move|p1a: Great Tusk|Headlong Rush|p2a: Toxic friend
|-supereffective|p2a: Toxic friend
|-damage|p2a: Toxic friend|0 fnt
|-unboost|p1a: Great Tusk|def|1
|-unboost|p1a: Great Tusk|spd|1
|-activate|p2a: Toxic friend|ability: Toxic Debris
|-sidestart|p1: Ml26|move: Toxic Spikes
|faint|p2a: Toxic friend
|
|-damage|p1a: Great Tusk|73/100 psn|[from] psn
|upkeep
|
|t:|1743900802
|switch|p2a: Sodium|Garganacl, M, shiny|100/100
|turn|6
|
|t:|1743900810
|-terastallize|p2a: Sodium|Ghost
|move|p1a: Great Tusk|Rapid Spin|p2a: Sodium
|-immune|p2a: Sodium
|move|p2a: Sodium|Salt Cure|p1a: Great Tusk
|-resisted|p1a: Great Tusk
|-damage|p1a: Great Tusk|68/100 psn
|-start|p1a: Great Tusk|Salt Cure
|
|-damage|p1a: Great Tusk|55/100 psn|[from] psn
|-damage|p1a: Great Tusk|43/100 psn|[from] Salt Cure
|upkeep
|turn|7
|
|t:|1743900816
|-end|p1a: Great Tusk|Protosynthesis|[silent]
|switch|p1a: Clefable|Clefable, F|100/100
|-status|p1a: Clefable|psn
|move|p2a: Sodium|Protect||[still]
|-fail|p2a: Sodium
|
|upkeep
|turn|8
|
|t:|1743900825
|switch|p2a: Hello :D|Cloyster, M, shiny|100/100
|move|p1a: Clefable|Stealth Rock|p2a: Hello :D
|-sidestart|p2: An!elt0n D|move: Stealth Rock
|
|upkeep
|turn|9
|
|t:|1743900831
|move|p2a: Hello :D|Shell Smash|p2a: Hello :D
|-unboost|p2a: Hello :D|def|1
|-unboost|p2a: Hello :D|spd|1
|-boost|p2a: Hello :D|atk|2
|-boost|p2a: Hello :D|spa|2
|-boost|p2a: Hello :D|spe|2
|move|p1a: Clefable|Thunder Wave|p2a: Hello :D
|-status|p2a: Hello :D|par
|
|upkeep
|turn|10
|
|t:|1743900843
|move|p2a: Hello :D|Icicle Spear|p1a: Clefable
|-damage|p1a: Clefable|76/100 psn
|-damage|p1a: Clefable|52/100 psn
|-damage|p1a: Clefable|27/100 psn
|-damage|p1a: Clefable|3/100 psn
|-damage|p1a: Clefable|0 fnt
|faint|p1a: Clefable
|-hitcount|p1: Clefable|5
|
|upkeep
|
|t:|1743900857
|switch|p1a: Zapdos|Zapdos|100/100
|turn|11
|
|t:|1743900866
|move|p1a: Zapdos|Volt Switch|p2a: Hello :D
|-supereffective|p2a: Hello :D
|-enditem|p2a: Hello :D|Focus Sash
|-damage|p2a: Hello :D|1/100 par
|
|t:|1743900871
|switch|p1a: Kingambit|Kingambit, F|100/100|[from] Volt Switch
|-activate|p1a: Kingambit|ability: Supreme Overlord
|-start|p1a: Kingambit|fallen1|[silent]
|-item|p1a: Kingambit|Air Balloon
|move|p2a: Hello :D|Icicle Spear|p1a: Kingambit
|-resisted|p1a: Kingambit
|-damage|p1a: Kingambit|92/100
|-enditem|p1a: Kingambit|Air Balloon
|-resisted|p1a: Kingambit
|-damage|p1a: Kingambit|84/100
|-resisted|p1a: Kingambit
|-damage|p1a: Kingambit|75/100
|-resisted|p1a: Kingambit
|-damage|p1a: Kingambit|66/100
|-resisted|p1a: Kingambit
|-damage|p1a: Kingambit|58/100
|-hitcount|p1a: Kingambit|5
|
|upkeep
|turn|12
|
|t:|1743900896
|cant|p2a: Hello :D|par
|move|p1a: Kingambit|Swords Dance|p1a: Kingambit
|-boost|p1a: Kingambit|atk|2
|
|upkeep
|turn|13
|
|t:|1743900903
|move|p2a: Hello :D|Ice Shard|p1a: Kingambit
|-resisted|p1a: Kingambit
|-damage|p1a: Kingambit|43/100
|move|p1a: Kingambit|Sucker Punch||[still]
|-fail|p1a: Kingambit
|
|upkeep
|turn|14
|
|t:|1743900910
|move|p2a: Hello :D|Shell Smash|p2a: Hello :D
|-unboost|p2a: Hello :D|def|1
|-unboost|p2a: Hello :D|spd|1
|-boost|p2a: Hello :D|atk|2
|-boost|p2a: Hello :D|spa|2
|-boost|p2a: Hello :D|spe|2
|move|p1a: Kingambit|Kowtow Cleave|p2a: Hello :D
|-damage|p2a: Hello :D|0 fnt
|faint|p2a: Hello :D
|
|upkeep
|
|t:|1743900919
|switch|p2a: The Garchomp|Garchomp, M, shiny|100/100
|-damage|p2a: The Garchomp|94/100|[from] Stealth Rock
|turn|15
|
|t:|1743900926
|move|p1a: Kingambit|Sucker Punch|p2a: The Garchomp
|-damage|p2a: The Garchomp|12/100
|-damage|p1a: Kingambit|31/100|[from] ability: Rough Skin|[of] p2a: The Garchomp
|move|p2a: The Garchomp|Earthquake|p1a: Kingambit
|-supereffective|p1a: Kingambit
|-damage|p1a: Kingambit|0 fnt
|faint|p1a: Kingambit
|-end|p1a: Kingambit|fallen1|[silent]
|
|upkeep
|
|t:|1743900949
|switch|p1a: Zapdos|Zapdos|100/100
|turn|16
|
|t:|1743900955
|move|p2a: The Garchomp|Scale Shot|p1a: Zapdos
|-damage|p1a: Zapdos|87/100
|-damage|p1a: Zapdos|74/100
|-damage|p1a: Zapdos|61/100
|-damage|p1a: Zapdos|48/100
|-hitcount|p1a: Zapdos|4
|-unboost|p2a: The Garchomp|def|1
|-boost|p2a: The Garchomp|spe|1
|move|p1a: Zapdos|Heat Wave|p2a: The Garchomp
|-resisted|p2a: The Garchomp
|-damage|p2a: The Garchomp|0 fnt
|faint|p2a: The Garchomp
|
|upkeep
|
|t:|1743900962
|switch|p2a: Sodium|Garganacl, M, shiny, tera:Ghost|100/100
|-damage|p2a: Sodium|88/100|[from] Stealth Rock
|turn|17
|
|t:|1743900971
|move|p1a: Zapdos|Hurricane|p2a: Sodium
|-damage|p2a: Sodium|51/100
|-start|p2a: Sodium|confusion
|-activate|p2a: Sodium|confusion
|move|p2a: Sodium|Salt Cure|p1a: Zapdos
|-supereffective|p1a: Zapdos
|-damage|p1a: Zapdos|20/100
|-start|p1a: Zapdos|Salt Cure
|
|-heal|p2a: Sodium|57/100|[from] item: Leftovers
|-damage|p1a: Zapdos|7/100|[from] Salt Cure
|upkeep
|turn|18
|
|t:|1743900979
|-activate|p2a: Sodium|confusion
|move|p2a: Sodium|Protect|p2a: Sodium
|-singleturn|p2a: Sodium|Protect
|move|p1a: Zapdos|Hurricane|p2a: Sodium
|-activate|p2a: Sodium|move: Protect
|
|-heal|p2a: Sodium|63/100|[from] item: Leftovers
|-damage|p1a: Zapdos|0 fnt|[from] Salt Cure
|faint|p1a: Zapdos
|upkeep
|
|t:|1743900989
|switch|p1a: Meowscarada|Meowscarada, F|100/100
|-status|p1a: Meowscarada|psn
|turn|19
|
|t:|1743901000
|switch|p2a: Duck?|Porygon2, shiny|100/100
|-damage|p2a: Duck?|88/100|[from] Stealth Rock
|-ability|p2a: Duck?|Download|boost
|-boost|p2a: Duck?|atk|1
|move|p1a: Meowscarada|Knock Off|p2a: Duck?
|-start|p1a: Meowscarada|typechange|Dark|[from] ability: Protean
|-damage|p2a: Duck?|43/100
|-enditem|p2a: Duck?|Eviolite|[from] move: Knock Off|[of] p1a: Meowscarada
|
|-damage|p1a: Meowscarada|88/100 psn|[from] psn
|upkeep
|turn|20
|
|t:|1743901013
|switch|p1a: Great Tusk|Great Tusk|43/100 psn
|move|p2a: Duck?|Ice Beam|p1a: Great Tusk
|-supereffective|p1a: Great Tusk
|-damage|p1a: Great Tusk|0 fnt
|faint|p1a: Great Tusk
|-end|p1a: Great Tusk|Protosynthesis|[silent]
|
|upkeep
|
|t:|1743901017
|switch|p1a: Dragapult|Dragapult, F|100/100
|-status|p1a: Dragapult|psn
|turn|21
|
|t:|1743901027
|move|p1a: Dragapult|Dragon Darts|p2a: Duck?
|-damage|p2a: Duck?|23/100
|-anim|p1a: Dragapult|Dragon Darts|p2a: Duck?
|-damage|p2a: Duck?|4/100
|move|p2a: Duck?|Ice Beam|p1a: Dragapult
|-supereffective|p1a: Dragapult
|-crit|p1a: Dragapult
|-damage|p1a: Dragapult|11/100 psn
|
|-heal|p1a: Dragapult|17/100 psn|[from] item: Leftovers
|-damage|p1a: Dragapult|5/100 psn|[from] psn
|upkeep
|turn|22
|
|t:|1743901036
|move|p1a: Dragapult|Dragon Darts|p2a: Duck?
|-damage|p2a: Duck?|0 fnt
|faint|p2a: Duck?
|
|-heal|p1a: Dragapult|11/100 psn|[from] item: Leftovers
|-damage|p1a: Dragapult|0 fnt|[from] psn
|faint|p1a: Dragapult
|upkeep
|
|t:|1743901043
|switch|p1a: Meowscarada|Meowscarada, F|88/100 psn
|switch|p2a: Sodium|Garganacl, M, shiny, tera:Ghost|63/100
|-damage|p2a: Sodium|51/100|[from] Stealth Rock
|turn|23
|inactive|Ml26 has 120 seconds left.
|inactive|Ml26 has 90 seconds left.
|
|t:|1743901126
|move|p1a: Meowscarada|Knock Off|p2a: Sodium
|-start|p1a: Meowscarada|typechange|Dark|[from] ability: Protean
|-supereffective|p2a: Sodium
|-damage|p2a: Sodium|0 fnt
|-enditem|p2a: Sodium|Leftovers|[from] move: Knock Off|[of] p1a: Meowscarada
|faint|p2a: Sodium
|
|win|Ml26
|raw|Ml26's rating: 1374 &rarr; <strong>1398</strong><br />(+24 for winning)
|raw|An!elt0n D's rating: 1453 &rarr; <strong>1429</strong><br />(-24 for losing)
|l|☆Ml26
|player|p1|
|l|☆An!elt0n D
|player|p2|
