|j|☆thrvgc
|j|☆Velvety Worm
|t:|1743851358
|gametype|singles
|player|p1|thrvgc|101|1226
|player|p2|Velvety Worm|pokemaniac|1187
|teamsize|p1|6
|teamsize|p2|6
|gen|9
|tier|[Gen 9] OU
|rated|
|rule|HP Percentage Mod: HP is shown in percentages
|rule|Endless Battle Clause: Forcing endless battles is banned
|rule|Species Clause: Limit one of each Pokémon
|rule|OHKO Clause: OHKO moves are banned
|rule|Evasion Items Clause: Evasion items are banned
|rule|Evasion Moves Clause: Evasion moves are banned
|rule|Sleep Moves Clause: Sleep-inducing moves are banned
|clearpoke
|poke|p1|Glimmora, M|
|poke|p1|Moltres|
|poke|p1|Iron Crown|
|poke|p1|Iron Boulder|
|poke|p1|Great Tusk|
|poke|p1|Raging Bolt|
|poke|p2|Mandibuzz, F|
|poke|p2|Goodra-Hisui, F|
|poke|p2|Iron Valiant|
|poke|p2|Polteageist|
|poke|p2|Gastrodon, F|
|poke|p2|Tyranitar, M|
|teampreview
|inactive|Battle timer is ON: inactive players will automatically lose when time's up. (requested by thrvgc)
|
|t:|1743851366
|start
|switch|p1a: Glimmora|Glimmora, M|100/100
|switch|p2a: Tyranitar|Tyranitar, M|100/100
|-weather|Sandstorm|[from] ability: Sand Stream|[of] p2a: Tyranitar
|turn|1
|
|t:|1743851379
|move|p1a: Glimmora|Stealth Rock|p2a: Tyranitar
|-sidestart|p2: Velvety Worm|move: Stealth Rock
|move|p2a: Tyranitar|Dragon Dance|p2a: Tyranitar
|-boost|p2a: Tyranitar|atk|1
|-boost|p2a: Tyranitar|spe|1
|
|-weather|Sandstorm|[upkeep]
|upkeep
|turn|2
|
|t:|1743851390
|move|p2a: Tyranitar|Knock Off|p1a: Glimmora
|-enditem|p1a: Glimmora|Focus Sash
|-damage|p1a: Glimmora|1/100
|-activate|p1a: Glimmora|ability: Toxic Debris
|-sidestart|p2: Velvety Worm|move: Toxic Spikes
|move|p1a: Glimmora|Mortal Spin|p2a: Tyranitar
|-resisted|p2a: Tyranitar
|-damage|p2a: Tyranitar|98/100
|-status|p2a: Tyranitar|psn
|
|-weather|Sandstorm|[upkeep]
|-heal|p2a: Tyranitar|100/100 psn|[from] item: Leftovers
|-damage|p2a: Tyranitar|88/100 psn|[from] psn
|upkeep
|turn|3
|
|t:|1743851396
|move|p2a: Tyranitar|Knock Off|p1a: Glimmora
|-damage|p1a: Glimmora|0 fnt
|-activate|p1a: Glimmora|ability: Toxic Debris
|-sidestart|p2: Velvety Worm|move: Toxic Spikes
|faint|p1a: Glimmora
|
|-weather|Sandstorm|[upkeep]
|-heal|p2a: Tyranitar|94/100 psn|[from] item: Leftovers
|-damage|p2a: Tyranitar|82/100 psn|[from] psn
|upkeep
|
|t:|1743851413
|switch|p1a: Iron Boulder|Iron Boulder|100/100
|-enditem|p1a: Iron Boulder|Booster Energy
|-activate|p1a: Iron Boulder|ability: Quark Drive|[fromitem]
|-start|p1a: Iron Boulder|quarkdrivespe
|turn|4
|
|t:|1743851423
|move|p1a: Iron Boulder|Close Combat|p2a: Tyranitar
|-supereffective|p2a: Tyranitar
|-damage|p2a: Tyranitar|0 fnt
|-unboost|p1a: Iron Boulder|def|1
|-unboost|p1a: Iron Boulder|spd|1
|faint|p2a: Tyranitar
|
|-weather|Sandstorm|[upkeep]
|upkeep
|inactive|Velvety Worm has 120 seconds left.
|
|t:|1743851455
|switch|p2a: Mandibuzz|Mandibuzz, F|100/100
|-damage|p2a: Mandibuzz|76/100|[from] Stealth Rock
|turn|5
|inactive|Velvety Worm has 120 seconds left.
|
|t:|1743851466
|move|p1a: Iron Boulder|Mighty Cleave|p2a: Mandibuzz
|-supereffective|p2a: Mandibuzz
|-damage|p2a: Mandibuzz|25/100
|-damage|p1a: Iron Boulder|84/100|[from] item: Rocky Helmet|[of] p2a: Mandibuzz
|move|p2a: Mandibuzz|Defog|p1a: Iron Boulder
|-unboost|p1a: Iron Boulder|evasion|1
|-sideend|p2: Velvety Worm|Toxic Spikes|[from] move: Defog|[of] p2a: Mandibuzz
|-sideend|p2: Velvety Worm|Stealth Rock|[from] move: Defog|[of] p2a: Mandibuzz
|
|-weather|none
|upkeep
|turn|6
|inactive|Velvety Worm has 120 seconds left.
|
|t:|1743851486
|switch|p2a: Gastrodon|Gastrodon, F|100/100
|move|p1a: Iron Boulder|Mighty Cleave|p2a: Gastrodon
|-resisted|p2a: Gastrodon
|-damage|p2a: Gastrodon|73/100
|
|-heal|p2a: Gastrodon|79/100|[from] item: Leftovers
|upkeep
|turn|7
|
|t:|1743851491
|move|p1a: Iron Boulder|Close Combat|p2a: Gastrodon
|-damage|p2a: Gastrodon|38/100
|-unboost|p1a: Iron Boulder|def|1
|-unboost|p1a: Iron Boulder|spd|1
|move|p2a: Gastrodon|Earth Power|p1a: Iron Boulder
|-supereffective|p1a: Iron Boulder
|-damage|p1a: Iron Boulder|0 fnt
|faint|p1a: Iron Boulder
|-end|p1a: Iron Boulder|Quark Drive|[silent]
|
|-heal|p2a: Gastrodon|44/100|[from] item: Leftovers
|upkeep
|
|t:|1743851496
|switch|p1a: Great Tusk|Great Tusk|100/100
|-enditem|p1a: Great Tusk|Booster Energy
|-activate|p1a: Great Tusk|ability: Protosynthesis|[fromitem]
|-start|p1a: Great Tusk|protosynthesisspe
|turn|8
|
|t:|1743851505
|switch|p2a: Iron Valiant|Iron Valiant|100/100
|-enditem|p2a: Iron Valiant|Booster Energy
|-activate|p2a: Iron Valiant|ability: Quark Drive|[fromitem]
|-start|p2a: Iron Valiant|quarkdrivespe
|move|p1a: Great Tusk|Bulk Up|p1a: Great Tusk
|-boost|p1a: Great Tusk|atk|1
|-boost|p1a: Great Tusk|def|1
|
|upkeep
|turn|9
|
|t:|1743851514
|-terastallize|p1a: Great Tusk|Poison
|move|p2a: Iron Valiant|Moonblast|p1a: Great Tusk
|-resisted|p1a: Great Tusk
|-damage|p1a: Great Tusk|71/100
|move|p1a: Great Tusk|Rapid Spin|p2a: Iron Valiant
|-crit|p2a: Iron Valiant
|-damage|p2a: Iron Valiant|59/100
|-boost|p1a: Great Tusk|spe|1
|
|upkeep
|turn|10
|
|t:|1743851528
|move|p1a: Great Tusk|Headlong Rush|p2a: Iron Valiant
|-damage|p2a: Iron Valiant|0 fnt
|-unboost|p1a: Great Tusk|def|1
|-unboost|p1a: Great Tusk|spd|1
|faint|p2a: Iron Valiant
|-end|p2a: Iron Valiant|Quark Drive|[silent]
|
|upkeep
|
|t:|1743851537
|switch|p2a: Polteageist|Polteageist|100/100
|turn|11
|inactive|thrvgc has 120 seconds left.
|
|t:|1743851592
|move|p1a: Great Tusk|Headlong Rush|p2a: Polteageist
|-enditem|p2a: Polteageist|Focus Sash
|-damage|p2a: Polteageist|1/100
|-unboost|p1a: Great Tusk|def|1
|-unboost|p1a: Great Tusk|spd|1
|-ability|p2a: Polteageist|Weak Armor|boost
|-unboost|p2a: Polteageist|def|1
|-boost|p2a: Polteageist|spe|2
|move|p2a: Polteageist|Shell Smash|p2a: Polteageist
|-unboost|p2a: Polteageist|def|1
|-unboost|p2a: Polteageist|spd|1
|-boost|p2a: Polteageist|atk|2
|-boost|p2a: Polteageist|spa|2
|-boost|p2a: Polteageist|spe|2
|
|upkeep
|turn|12
|
|t:|1743851600
|move|p2a: Polteageist|Stored Power|p1a: Great Tusk
|-supereffective|p1a: Great Tusk
|-crit|p1a: Great Tusk
|-damage|p1a: Great Tusk|0 fnt
|faint|p1a: Great Tusk
|-end|p1a: Great Tusk|Protosynthesis|[silent]
|
|upkeep
|
|t:|1743851606
|switch|p1a: Raging Bolt|Raging Bolt|100/100
|-enditem|p1a: Raging Bolt|Booster Energy
|-activate|p1a: Raging Bolt|ability: Protosynthesis|[fromitem]
|-start|p1a: Raging Bolt|protosynthesisspa
|turn|13
|
|t:|1743851610
|move|p1a: Raging Bolt|Thunderclap||[still]
|-fail|p1a: Raging Bolt
|move|p2a: Polteageist|Will-O-Wisp|p1a: Raging Bolt
|-status|p1a: Raging Bolt|brn
|
|-damage|p1a: Raging Bolt|94/100 brn|[from] brn
|upkeep
|turn|14
|
|t:|1743851627
|move|p2a: Polteageist|Shell Smash|p2a: Polteageist
|-unboost|p2a: Polteageist|def|1
|-unboost|p2a: Polteageist|spd|1
|-boost|p2a: Polteageist|atk|2
|-boost|p2a: Polteageist|spa|2
|-boost|p2a: Polteageist|spe|2
|move|p1a: Raging Bolt|Dragon Pulse|p2a: Polteageist
|-damage|p2a: Polteageist|0 fnt
|faint|p2a: Polteageist
|
|-damage|p1a: Raging Bolt|88/100 brn|[from] brn
|upkeep
|
|t:|1743851630
|switch|p2a: Gastrodon|Gastrodon, F|44/100
|turn|15
|
|t:|1743851636
|move|p1a: Raging Bolt|Dragon Pulse|p2a: Gastrodon
|-damage|p2a: Gastrodon|0 fnt
|faint|p2a: Gastrodon
|
|-damage|p1a: Raging Bolt|82/100 brn|[from] brn
|upkeep
|
|t:|1743851639
|switch|p2a: Goodra|Goodra-Hisui, F|100/100
|turn|16
|
|t:|1743851646
|-terastallize|p2a: Goodra|Fairy
|move|p1a: Raging Bolt|Dragon Pulse|p2a: Goodra
|-immune|p2a: Goodra
|move|p2a: Goodra|Earthquake|p1a: Raging Bolt
|-supereffective|p1a: Raging Bolt
|-damage|p1a: Raging Bolt|37/100 brn
|
|-damage|p1a: Raging Bolt|31/100 brn|[from] brn
|upkeep
|turn|17
|
|t:|1743851656
|move|p1a: Raging Bolt|Thunderbolt|p2a: Goodra
|-damage|p2a: Goodra|57/100
|move|p2a: Goodra|Dragon Tail|p1a: Raging Bolt
|-supereffective|p1a: Raging Bolt
|-damage|p1a: Raging Bolt|0 fnt
|faint|p1a: Raging Bolt
|-end|p1a: Raging Bolt|Protosynthesis|[silent]
|
|-heal|p2a: Goodra|63/100|[from] item: Leftovers
|upkeep
|
|t:|1743851660
|switch|p1a: Iron Crown|Iron Crown|100/100
|turn|18
|
|t:|1743851665
|switch|p2a: Mandibuzz|Mandibuzz, F|25/100
|move|p1a: Iron Crown|Tachyon Cutter|p2a: Mandibuzz
|-damage|p2a: Mandibuzz|0 fnt
|faint|p2a: Mandibuzz
|-hitcount|p2: Mandibuzz|1
|
|upkeep
|
|t:|1743851668
|switch|p2a: Goodra|Goodra-Hisui, F, tera:Fairy|63/100
|turn|19
|
|t:|1743851673
|move|p1a: Iron Crown|Tachyon Cutter|p2a: Goodra
|-supereffective|p2a: Goodra
|-damage|p2a: Goodra|12/100
|-supereffective|p2a: Goodra
|-damage|p2a: Goodra|0 fnt
|faint|p2a: Goodra
|-hitcount|p2: Goodra|2
|
|win|thrvgc
|raw|thrvgc's rating: 1198 &rarr; <strong>1222</strong><br />(+24 for winning)
|raw|Velvety Worm's rating: 1187 &rarr; <strong>1163</strong><br />(-24 for losing)
|l|☆Velvety Worm
|player|p2|
|l|☆thrvgc
|player|p1|
