|j|☆L0IL
|j|☆btagrere
|t:|1743877548
|gametype|singles
|player|p1|L0IL|170|1170
|player|p2|btagrere|silver|1182
|teamsize|p1|6
|teamsize|p2|6
|gen|9
|tier|[Gen 9] OU
|rated|
|rule|HP Percentage Mod: HP is shown in percentages
|rule|Endless Battle Clause: Forcing endless battles is banned
|rule|Species Clause: Limit one of each Pokémon
|rule|OHKO Clause: OHKO moves are banned
|rule|Evasion Items Clause: Evasion items are banned
|rule|Evasion Moves Clause: Evasion moves are banned
|rule|Sleep Moves Clause: Sleep-inducing moves are banned
|clearpoke
|poke|p1|Garganacl, M|
|poke|p1|Weezing-Galar, F|
|poke|p1|Corviknight, M|
|poke|p1|Dragapult, M|
|poke|p1|Slowking-Galar, F|
|poke|p1|Samurott-Hisui, F|
|poke|p2|Landorus-Therian, M|
|poke|p2|Primarina, M|
|poke|p2|Rotom-Wash|
|poke|p2|Glimmora, M|
|poke|p2|Slowking-Galar, M|
|poke|p2|Beartic, F|
|teampreview
|inactive|Battle timer is ON: inactive players will automatically lose when time's up. (requested by btagrere)
|inactive|L0IL has 120 seconds left.
|inactive|L0IL has 90 seconds left.
|
|t:|1743877624
|start
|switch|p1a: Dr. Garg|Garganacl, M|100/100
|switch|p2a: Glimmora|Glimmora, M|100/100
|turn|1
|
|t:|1743877635
|move|p2a: Glimmora|Spikes|p1a: Dr. Garg
|-sidestart|p1: L0IL|Spikes
|move|p1a: Dr. Garg|Stealth Rock|p2a: Glimmora
|-sidestart|p2: btagrere|move: Stealth Rock
|
|upkeep
|turn|2
|inactive|L0IL has 120 seconds left.
|
|t:|1743877689
|move|p2a: Glimmora|Spikes|p1a: Dr. Garg
|-sidestart|p1: L0IL|Spikes
|move|p1a: Dr. Garg|Salt Cure|p2a: Glimmora
|-crit|p2a: Glimmora
|-damage|p2a: Glimmora|76/100
|-start|p2a: Glimmora|Salt Cure
|
|-damage|p2a: Glimmora|64/100|[from] Salt Cure
|upkeep
|turn|3
|
|t:|1743877698
|switch|p1a: Nurse|Weezing-Galar, F|100/100
|-ability|p1a: Nurse|Neutralizing Gas
|-damage|p1a: Nurse|84/100|[from] Spikes
|move|p2a: Glimmora|Spikes|p1a: Nurse
|-sidestart|p1: L0IL|Spikes
|
|-heal|p1a: Nurse|90/100|[from] item: Black Sludge
|-damage|p2a: Glimmora|51/100|[from] Salt Cure
|upkeep
|turn|4
|
|t:|1743877709
|move|p2a: Glimmora|Toxic|p1a: Nurse
|-immune|p1a: Nurse
|move|p1a: Nurse|Defog|p2a: Glimmora
|-unboost|p2a: Glimmora|evasion|1
|-sideend|p2: btagrere|Stealth Rock|[from] move: Defog|[of] p1a: Nurse
|-sideend|p1: L0IL|Spikes|[from] move: Defog|[of] p1a: Nurse
|
|-heal|p1a: Nurse|96/100|[from] item: Black Sludge
|-damage|p2a: Glimmora|39/100|[from] Salt Cure
|upkeep
|turn|5
|
|t:|1743877722
|switch|p2a: Rotom|Rotom-Wash|100/100
|move|p1a: Nurse|Will-O-Wisp|p2a: Rotom
|-status|p2a: Rotom|brn
|
|-heal|p1a: Nurse|100/100|[from] item: Black Sludge
|-damage|p2a: Rotom|94/100 brn|[from] brn
|upkeep
|turn|6
|inactive|L0IL has 120 seconds left.
|inactive|L0IL has 90 seconds left.
|inactive|L0IL has 60 seconds left.
|
|t:|1743877790
|-end|p1a: Nurse|ability: Neutralizing Gas
|switch|p1a: Plague Doctor|Corviknight, M|100/100
|-ability|p1a: Plague Doctor|Pressure
|move|p2a: Rotom|Trick|p1a: Plague Doctor
|-activate|p2a: Rotom|move: Trick|[of] p1a: Plague Doctor
|-item|p1a: Plague Doctor|Choice Scarf|[from] move: Trick
|-item|p2a: Rotom|Rocky Helmet|[from] move: Trick
|
|-damage|p2a: Rotom|88/100 brn|[from] brn
|upkeep
|turn|7
|inactive|L0IL has 60 seconds left.
|
|t:|1743877805
|switch|p1a: Dr. Garg|Garganacl, M|100/100
|move|p2a: Rotom|Will-O-Wisp|p1a: Dr. Garg
|-immune|p1a: Dr. Garg|[from] ability: Purifying Salt
|
|-damage|p2a: Rotom|82/100 brn|[from] brn
|upkeep
|turn|8
|
|t:|1743877815
|move|p2a: Rotom|Hydro Pump|p1a: Dr. Garg
|-supereffective|p1a: Dr. Garg
|-damage|p1a: Dr. Garg|34/100
|move|p1a: Dr. Garg|Salt Cure|p2a: Rotom
|-damage|p2a: Rotom|63/100 brn
|-start|p2a: Rotom|Salt Cure
|
|-heal|p1a: Dr. Garg|40/100|[from] item: Leftovers
|-damage|p2a: Rotom|57/100 brn|[from] brn
|-damage|p2a: Rotom|32/100 brn|[from] Salt Cure
|upkeep
|turn|9
|
|t:|1743877826
|-terastallize|p1a: Dr. Garg|Fairy
|move|p1a: Dr. Garg|Protect|p1a: Dr. Garg
|-singleturn|p1a: Dr. Garg|Protect
|move|p2a: Rotom|Hydro Pump|p1a: Dr. Garg
|-activate|p1a: Dr. Garg|move: Protect
|
|-heal|p1a: Dr. Garg|46/100|[from] item: Leftovers
|-damage|p2a: Rotom|26/100 brn|[from] brn
|-damage|p2a: Rotom|1/100 brn|[from] Salt Cure
|upkeep
|turn|10
|
|t:|1743877839
|move|p2a: Rotom|Trick|p1a: Dr. Garg
|-activate|p2a: Rotom|move: Trick|[of] p1a: Dr. Garg
|-item|p1a: Dr. Garg|Rocky Helmet|[from] move: Trick
|-item|p2a: Rotom|Leftovers|[from] move: Trick
|move|p1a: Dr. Garg|Recover|p1a: Dr. Garg
|-heal|p1a: Dr. Garg|96/100
|
|-heal|p2a: Rotom|7/100 brn|[from] item: Leftovers
|-damage|p2a: Rotom|1/100 brn|[from] brn
|-damage|p2a: Rotom|0 fnt|[from] Salt Cure
|faint|p2a: Rotom
|upkeep
|
|t:|1743877852
|switch|p2a: Slowking|Slowking-Galar, M|100/100
|turn|11
|
|t:|1743877871
|switch|p1a: Acupuncturist|Samurott-Hisui, F|100/100
|move|p2a: Slowking|Trick Room|p2a: Slowking
|-fieldstart|move: Trick Room|[of] p2a: Slowking
|
|upkeep
|turn|12
|
|t:|1743877877
|-prepare|p2a: Slowking|Chilly Reception|[premajor]
|move|p2a: Slowking|Chilly Reception|p2a: Slowking
|-weather|Snowscape
|
|t:|1743877883
|switch|p2a: Glimmora|Glimmora, M|39/100|[from] Chilly Reception
|move|p1a: Acupuncturist|Ceaseless Edge|p2a: Glimmora|[miss]
|-miss|p1a: Acupuncturist|p2a: Glimmora
|
|-weather|Snowscape|[upkeep]
|upkeep
|turn|13
|
|t:|1743877892
|switch|p1a: Nurse|Weezing-Galar, F|100/100
|-ability|p1a: Nurse|Neutralizing Gas
|move|p2a: Glimmora|Sludge Wave|p1a: Nurse
|-damage|p1a: Nurse|31/100
|
|-weather|Snowscape|[upkeep]
|-heal|p1a: Nurse|37/100|[from] item: Black Sludge
|upkeep
|turn|14
|
|t:|1743877907
|-end|p1a: Nurse|ability: Neutralizing Gas
|switch|p1a: Dr. Garg|Garganacl, M, tera:Fairy|96/100
|move|p2a: Glimmora|Sludge Wave|p1a: Dr. Garg
|-supereffective|p1a: Dr. Garg
|-damage|p1a: Dr. Garg|33/100
|
|-weather|Snowscape|[upkeep]
|upkeep
|turn|15
|
|t:|1743877917
|move|p1a: Dr. Garg|Salt Cure|p2a: Glimmora
|-damage|p2a: Glimmora|23/100
|-start|p2a: Glimmora|Salt Cure
|move|p2a: Glimmora|Sludge Wave|p1a: Dr. Garg
|-supereffective|p1a: Dr. Garg
|-damage|p1a: Dr. Garg|0 fnt
|faint|p1a: Dr. Garg
|
|-weather|Snowscape|[upkeep]
|-damage|p2a: Glimmora|11/100|[from] Salt Cure
|-fieldend|move: Trick Room
|upkeep
|
|t:|1743877930
|switch|p1a: Plague Doctor|Corviknight, M|100/100
|-ability|p1a: Plague Doctor|Pressure
|turn|16
|
|t:|1743877937
|move|p2a: Glimmora|Toxic|p1a: Plague Doctor
|-status|p1a: Plague Doctor|tox
|move|p1a: Plague Doctor|Iron Defense|p1a: Plague Doctor
|-boost|p1a: Plague Doctor|def|2
|
|-weather|none
|-damage|p1a: Plague Doctor|94/100 tox|[from] psn
|-damage|p2a: Glimmora|0 fnt|[from] Salt Cure
|faint|p2a: Glimmora
|upkeep
|
|t:|1743877948
|switch|p2a: Slowking|Slowking-Galar, M|100/100
|turn|17
|
|t:|1743877954
|switch|p1a: Acupuncturist|Samurott-Hisui, F|100/100
|move|p2a: Slowking|Trick Room|p2a: Slowking
|-fieldstart|move: Trick Room|[of] p2a: Slowking
|
|upkeep
|turn|18
|
|t:|1743877963
|-terastallize|p2a: Slowking|Poison
|move|p2a: Slowking|Sludge Bomb|p1a: Acupuncturist
|-damage|p1a: Acupuncturist|34/100
|-status|p1a: Acupuncturist|psn
|move|p1a: Acupuncturist|Ceaseless Edge|p2a: Slowking
|-crit|p2a: Slowking
|-damage|p2a: Slowking|33/100
|-sidestart|p2: btagrere|Spikes
|
|-heal|p2a: Slowking|39/100|[from] item: Leftovers
|-damage|p1a: Acupuncturist|21/100 psn|[from] psn
|upkeep
|turn|19
|inactive|L0IL has 120 seconds left.
|
|t:|1743877986
|switch|p1a: Plague Doctor|Corviknight, M|94/100 tox
|-ability|p1a: Plague Doctor|Pressure
|move|p2a: Slowking|Sludge Bomb|p1a: Plague Doctor
|-immune|p1a: Plague Doctor
|
|-heal|p2a: Slowking|45/100|[from] item: Leftovers
|-damage|p1a: Plague Doctor|88/100 tox|[from] psn
|upkeep
|turn|20
|
|t:|1743878000
|move|p2a: Slowking|Slack Off|p2a: Slowking
|-heal|p2a: Slowking|95/100
|move|p1a: Plague Doctor|Brave Bird|p2a: Slowking
|-damage|p2a: Slowking|57/100
|-damage|p1a: Plague Doctor|75/100 tox|[from] Recoil
|
|-heal|p2a: Slowking|63/100|[from] item: Leftovers
|-damage|p1a: Plague Doctor|63/100 tox|[from] psn
|upkeep
|turn|21
|
|t:|1743878010
|switch|p1a: Nurse|Weezing-Galar, F|37/100
|-ability|p1a: Nurse|Neutralizing Gas
|move|p2a: Slowking|Slack Off|p2a: Slowking
|-heal|p2a: Slowking|100/100
|
|-heal|p1a: Nurse|43/100|[from] item: Black Sludge
|-fieldend|move: Trick Room
|upkeep
|turn|22
|inactive|L0IL has 120 seconds left.
|
|t:|1743878021
|move|p1a: Nurse|Pain Split|p2a: Slowking
|-sethp|p2a: Slowking|69/100|[from] move: Pain Split|[silent]
|-sethp|p1a: Nurse|81/100|[from] move: Pain Split
|move|p2a: Slowking|Sludge Bomb|p1a: Nurse
|-crit|p1a: Nurse
|-damage|p1a: Nurse|0 fnt
|faint|p1a: Nurse
|-end|p1a: Nurse|ability: Neutralizing Gas
|
|-heal|p2a: Slowking|75/100|[from] item: Leftovers
|upkeep
|
|t:|1743878026
|switch|p1a: Acupuncturist|Samurott-Hisui, F|21/100 psn
|turn|23
|
|t:|1743878039
|move|p1a: Acupuncturist|Ceaseless Edge|p2a: Slowking
|-damage|p2a: Slowking|31/100
|-sidestart|p2: btagrere|Spikes
|-prepare|p2a: Slowking|Chilly Reception|[premajor]
|move|p2a: Slowking|Chilly Reception|p2a: Slowking
|-weather|Snowscape
|
|t:|1743878045
|switch|p2a: Beartic|Beartic, F, shiny|100/100|[from] Chilly Reception
|-damage|p2a: Beartic|84/100|[from] Spikes
|
|-weather|Snowscape|[upkeep]
|-damage|p1a: Acupuncturist|9/100 psn|[from] psn
|upkeep
|turn|24
|
|t:|1743878061
|move|p1a: Acupuncturist|Ceaseless Edge|p2a: Beartic
|-damage|p2a: Beartic|45/100
|-sidestart|p2: btagrere|Spikes
|move|p2a: Beartic|Liquidation|p1a: Acupuncturist
|-resisted|p1a: Acupuncturist
|-damage|p1a: Acupuncturist|0 fnt
|faint|p1a: Acupuncturist
|
|-weather|Snowscape|[upkeep]
|upkeep
|
|t:|1743878071
|switch|p1a: Trudeau-king|Slowking-Galar, F|100/100
|turn|25
|
|t:|1743878079
|move|p2a: Beartic|Liquidation|p1a: Trudeau-king
|-damage|p1a: Trudeau-king|47/100
|move|p1a: Trudeau-king|Flamethrower|p2a: Beartic
|-supereffective|p2a: Beartic
|-damage|p2a: Beartic|0 fnt
|faint|p2a: Beartic
|
|-weather|Snowscape|[upkeep]
|upkeep
|
|t:|1743878092
|switch|p2a: Landorus|Landorus-Therian, M, shiny|100/100
|-ability|p2a: Landorus|Intimidate|boost
|-unboost|p1a: Trudeau-king|atk|1
|turn|26
|
|t:|1743878103
|move|p2a: Landorus|U-turn|p1a: Trudeau-king
|-damage|p1a: Trudeau-king|5/100
|
|t:|1743878106
|switch|p2a: Slowking|Slowking-Galar, M, tera:Poison|64/100|[from] U-turn
|-damage|p2a: Slowking|40/100|[from] Spikes
|move|p1a: Trudeau-king|Psychic Noise|p2a: Slowking
|-supereffective|p2a: Slowking
|-damage|p2a: Slowking|1/100
|-start|p2a: Slowking|move: Heal Block
|
|-weather|Snowscape|[upkeep]
|upkeep
|turn|27
|
|t:|1743878126
|move|p1a: Trudeau-king|Psychic Noise|p2a: Slowking
|-supereffective|p2a: Slowking
|-damage|p2a: Slowking|0 fnt
|faint|p2a: Slowking
|
|-weather|none
|upkeep
|
|t:|1743878133
|switch|p2a: Landorus|Landorus-Therian, M, shiny|100/100
|-ability|p2a: Landorus|Intimidate|boost
|-unboost|p1a: Trudeau-king|atk|1
|turn|28
|
|t:|1743878139
|move|p2a: Landorus|U-turn|p1a: Trudeau-king
|-damage|p1a: Trudeau-king|0 fnt
|faint|p1a: Trudeau-king
|
|t:|1743878143
|switch|p2a: Primarina|Primarina, M, shiny|100/100|[from] U-turn
|-damage|p2a: Primarina|75/100|[from] Spikes
|
|upkeep
|
|t:|1743878150
|switch|p1a: Plague Doctor|Corviknight, M|63/100 tox
|-ability|p1a: Plague Doctor|Pressure
|turn|29
|
|t:|1743878170
|move|p1a: Plague Doctor|Brave Bird|p2a: Primarina
|-damage|p2a: Primarina|29/100
|-damage|p1a: Plague Doctor|49/100 tox|[from] Recoil
|move|p2a: Primarina|Psychic Noise|p1a: Plague Doctor
|-damage|p1a: Plague Doctor|6/100 tox
|-start|p1a: Plague Doctor|move: Heal Block
|
|-damage|p1a: Plague Doctor|0 fnt|[from] psn
|faint|p1a: Plague Doctor
|upkeep
|
|t:|1743878180
|switch|p1a: Specialist|Dragapult, M|100/100
|turn|30
|
|t:|1743878199
|move|p1a: Specialist|Hex|p2a: Primarina
|-damage|p2a: Primarina|17/100
|move|p2a: Primarina|Moonblast|p1a: Specialist
|-supereffective|p1a: Specialist
|-damage|p1a: Specialist|0 fnt
|faint|p1a: Specialist
|
|win|btagrere
|raw|L0IL's rating: 1170 &rarr; <strong>1146</strong><br />(-24 for losing)
|raw|btagrere's rating: 1182 &rarr; <strong>1206</strong><br />(+24 for winning)
|l|☆L0IL
|player|p1|
|l|☆btagrere
|player|p2|
