|j|☆Elite4Peach
|j|☆Aingeru1213e2
|t:|1743842198
|gametype|singles
|player|p1|Elite4Peach|swimmerf-gen4dp|1092
|player|p2|Aingeru1213e2|nate|1098
|teamsize|p1|6
|teamsize|p2|6
|gen|9
|tier|[Gen 9] OU
|rated|
|rule|HP Percentage Mod: HP is shown in percentages
|rule|Endless Battle Clause: Forcing endless battles is banned
|rule|Species Clause: Limit one of each Pokémon
|rule|OHKO Clause: OHKO moves are banned
|rule|Evasion Items Clause: Evasion items are banned
|rule|Evasion Moves Clause: Evasion moves are banned
|rule|Sleep Moves Clause: Sleep-inducing moves are banned
|clearpoke
|poke|p1|Slowbro-Galar, M|
|poke|p1|Slowking-Galar, F|
|poke|p1|Weezing-Galar, F|
|poke|p1|Vileplume, M|
|poke|p1|Muk-Alola, M|
|poke|p1|Salazzle, F|
|poke|p2|Arcanine-Hisui, M|
|poke|p2|Araquanid, F|
|poke|p2|Porygon-Z|
|poke|p2|Mandibuzz, F|
|poke|p2|Goodra-Hisui, F|
|poke|p2|Rillaboom, F|
|teampreview
|inactive|Battle timer is ON: inactive players will automatically lose when time's up. (requested by Aingeru1213e2)
|
|t:|1743842221
|start
|switch|p1a: Salazzle|Salazzle, F|100/100
|switch|p2a: Araquanid|Araquanid, F|100/100
|turn|1
|
|t:|1743842233
|move|p1a: Salazzle|Sludge Bomb|p2a: Araquanid
|-damage|p2a: Araquanid|70/100
|move|p2a: Araquanid|Liquidation|p1a: Salazzle
|-supereffective|p1a: Salazzle
|-damage|p1a: Salazzle|0 fnt
|faint|p1a: Salazzle
|
|upkeep
|
|t:|1743842248
|switch|p1a: Muk|Muk-Alola, M|100/100
|turn|2
|
|t:|1743842256
|move|p1a: Muk|Poison Jab|p2a: Araquanid
|-damage|p2a: Araquanid|39/100
|-status|p2a: Araquanid|psn
|move|p2a: Araquanid|Sticky Web|p1a: Muk
|-sidestart|p1: Elite4Peach|move: Sticky Web
|
|-damage|p2a: Araquanid|27/100 psn|[from] psn
|upkeep
|turn|3
|
|t:|1743842270
|switch|p2a: Arcanine|Arcanine-Hisui, M|100/100
|move|p1a: Muk|Knock Off|p2a: Arcanine
|-damage|p2a: Arcanine|53/100
|-enditem|p2a: Arcanine|Choice Band|[from] move: Knock Off|[of] p1a: Muk
|
|upkeep
|turn|4
|
|t:|1743842279
|move|p2a: Arcanine|Head Smash|p1a: Muk
|-damage|p1a: Muk|13/100
|move|p1a: Muk|Poison Jab|p2a: Arcanine
|-resisted|p2a: Arcanine
|-damage|p2a: Arcanine|35/100
|
|-heal|p1a: Muk|19/100|[from] item: Leftovers
|upkeep
|turn|5
|
|t:|1743842304
|move|p2a: Arcanine|Head Smash|p1a: Muk
|-damage|p1a: Muk|0 fnt
|faint|p1a: Muk
|
|upkeep
|
|t:|1743842311
|switch|p1a: Weezing|Weezing-Galar, F|100/100
|turn|6
|
|t:|1743842327
|move|p2a: Arcanine|Head Smash|p1a: Weezing
|-damage|p1a: Weezing|47/100
|-damage|p2a: Arcanine|18/100|[from] item: Rocky Helmet|[of] p1a: Weezing
|move|p1a: Weezing|Strange Steam|p2a: Arcanine
|-resisted|p2a: Arcanine
|-damage|p2a: Arcanine|1/100
|
|upkeep
|turn|7
|
|t:|1743842337
|move|p2a: Arcanine|Head Smash|p1a: Weezing|[miss]
|-miss|p2a: Arcanine|p1a: Weezing
|move|p1a: Weezing|Strange Steam|p2a: Arcanine
|-resisted|p2a: Arcanine
|-damage|p2a: Arcanine|0 fnt
|faint|p2a: Arcanine
|
|upkeep
|
|t:|1743842351
|switch|p2a: Porygon-Z|Porygon-Z|100/100
|turn|8
|
|t:|1743842355
|move|p2a: Porygon-Z|Tri Attack|p1a: Weezing
|-damage|p1a: Weezing|0 fnt
|faint|p1a: Weezing
|
|upkeep
|
|t:|1743842362
|switch|p1a: Vileplume|Vileplume, M|100/100
|-activate|p1a: Vileplume|move: Sticky Web
|-unboost|p1a: Vileplume|spe|1
|turn|9
|
|t:|1743842373
|move|p2a: Porygon-Z|Tri Attack|p1a: Vileplume
|-damage|p1a: Vileplume|2/100
|move|p1a: Vileplume|Leech Seed|p2a: Porygon-Z
|-start|p2a: Porygon-Z|move: Leech Seed
|
|-damage|p2a: Porygon-Z|88/100|[from] Leech Seed|[of] p1a: Vileplume
|-heal|p1a: Vileplume|13/100|[silent]
|upkeep
|turn|10
|
|t:|1743842381
|move|p2a: Porygon-Z|Tri Attack|p1a: Vileplume
|-damage|p1a: Vileplume|0 fnt
|faint|p1a: Vileplume
|
|upkeep
|
|t:|1743842387
|switch|p1a: Slowking|Slowking-Galar, F|100/100
|turn|11
|
|t:|1743842409
|move|p2a: Porygon-Z|Tri Attack|p1a: Slowking
|-crit|p1a: Slowking
|-damage|p1a: Slowking|11/100
|move|p1a: Slowking|Sludge Bomb|p2a: Porygon-Z
|-damage|p2a: Porygon-Z|44/100
|
|-damage|p2a: Porygon-Z|32/100|[from] Leech Seed|[of] p1a: Slowking
|-heal|p1a: Slowking|21/100|[silent]
|upkeep
|turn|12
|
|t:|1743842419
|move|p2a: Porygon-Z|Tri Attack|p1a: Slowking
|-damage|p1a: Slowking|0 fnt
|faint|p1a: Slowking
|
|upkeep
|
|t:|1743842423
|switch|p1a: Slowbro|Slowbro-Galar, M|100/100
|turn|13
|
|t:|1743842437
|move|p2a: Porygon-Z|Tri Attack|p1a: Slowbro
|-damage|p1a: Slowbro|0 fnt
|faint|p1a: Slowbro
|
|win|Aingeru1213e2
|raw|Elite4Peach's rating: 1092 &rarr; <strong>1069</strong><br />(-23 for losing)
|raw|Aingeru1213e2's rating: 1098 &rarr; <strong>1123</strong><br />(+25 for winning)
|l|☆Aingeru1213e2
|player|p2|
|l|☆Elite4Peach
|player|p1|
