|j|☆hint'o'brutality
|j|☆fildrongue
|t:|1743794426
|gametype|singles
|player|p1|hint'o'brutality|policeman-gen4|1194
|player|p2|fildrongue|101|1179
|teamsize|p1|6
|teamsize|p2|6
|gen|9
|tier|[Gen 9] OU
|rated|
|rule|HP Percentage Mod: HP is shown in percentages
|rule|Endless Battle Clause: Forcing endless battles is banned
|rule|Species Clause: Limit one of each Pokémon
|rule|OHKO Clause: OHKO moves are banned
|rule|Evasion Items Clause: Evasion items are banned
|rule|Evasion Moves Clause: Evasion moves are banned
|rule|Sleep Moves Clause: Sleep-inducing moves are banned
|clearpoke
|poke|p1|Araquanid, M|
|poke|p1|Gliscor, F|
|poke|p1|Pecharunt|
|poke|p1|Kyurem|
|poke|p1|Hatterene, F|
|poke|p1|Kingambit, F|
|poke|p2|Deoxys-Speed|
|poke|p2|Raging Bolt|
|poke|p2|Dragapult, M|
|poke|p2|Feraligatr, M|
|poke|p2|Serperior, M|
|poke|p2|Blaziken, M|
|teampreview
|
|t:|1743794433
|start
|switch|p1a: Araquanid|Araquanid, M|100/100
|switch|p2a: Deoxys|Deoxys-Speed, shiny|100/100
|-ability|p2a: Deoxys|Pressure
|turn|1
|
|t:|1743794443
|move|p2a: Deoxys|Stealth Rock|p1a: Araquanid
|-sidestart|p1: hint'o'brutality|move: Stealth Rock
|move|p1a: Araquanid|Leech Life|p2a: Deoxys
|-supereffective|p2a: Deoxys
|-enditem|p2a: Deoxys|Focus Sash
|-damage|p2a: Deoxys|1/100
|
|upkeep
|turn|2
|
|t:|1743794454
|move|p2a: Deoxys|Spikes|p1a: Araquanid
|-sidestart|p1: hint'o'brutality|Spikes
|move|p1a: Araquanid|Sticky Web|p2a: Deoxys
|-sidestart|p2: fildrongue|move: Sticky Web
|
|upkeep
|turn|3
|inactive|Battle timer is ON: inactive players will automatically lose when time's up. (requested by hint'o'brutality)
|
|t:|1743794472
|move|p2a: Deoxys|Psycho Boost|p1a: Araquanid
|-damage|p1a: Araquanid|56/100
|-unboost|p2a: Deoxys|spa|2
|move|p1a: Araquanid|Trailblaze|p2a: Deoxys
|-damage|p2a: Deoxys|0 fnt
|-boost|p1a: Araquanid|spe|1
|faint|p2a: Deoxys
|
|upkeep
|
|t:|1743794485
|switch|p2a: Raging Bolt|Raging Bolt|100/100
|-activate|p2a: Raging Bolt|move: Sticky Web
|-unboost|p2a: Raging Bolt|spe|1
|-enditem|p2a: Raging Bolt|Booster Energy
|-activate|p2a: Raging Bolt|ability: Protosynthesis|[fromitem]
|-start|p2a: Raging Bolt|protosynthesisspa
|turn|4
|
|t:|1743794497
|-terastallize|p1a: Araquanid|Ground
|move|p1a: Araquanid|Leech Life|p2a: Raging Bolt
|-damage|p2a: Raging Bolt|73/100
|-heal|p1a: Araquanid|72/100|[from] drain|[of] p2a: Raging Bolt
|move|p2a: Raging Bolt|Calm Mind|p2a: Raging Bolt
|-boost|p2a: Raging Bolt|spa|1
|-boost|p2a: Raging Bolt|spd|1
|
|upkeep
|turn|5
|
|t:|1743794507
|move|p1a: Araquanid|Leech Life|p2a: Raging Bolt
|-damage|p2a: Raging Bolt|46/100
|-heal|p1a: Araquanid|88/100|[from] drain|[of] p2a: Raging Bolt
|move|p2a: Raging Bolt|Dragon Pulse|p1a: Araquanid
|-damage|p1a: Araquanid|9/100
|
|upkeep
|turn|6
|
|t:|1743794516
|move|p1a: Araquanid|Leech Life|p2a: Raging Bolt
|-damage|p2a: Raging Bolt|16/100
|-heal|p1a: Araquanid|26/100|[from] drain|[of] p2a: Raging Bolt
|move|p2a: Raging Bolt|Dragon Pulse|p1a: Araquanid
|-damage|p1a: Araquanid|0 fnt
|faint|p1a: Araquanid
|
|upkeep
|
|t:|1743794528
|switch|p1a: Kyurem|Kyurem|100/100
|-damage|p1a: Kyurem|76/100|[from] Stealth Rock
|-damage|p1a: Kyurem|63/100|[from] Spikes
|-ability|p1a: Kyurem|Pressure
|turn|7
|
|t:|1743794535
|move|p2a: Raging Bolt|Thunderclap|p1a: Kyurem
|-resisted|p1a: Kyurem
|-damage|p1a: Kyurem|27/100
|move|p1a: Kyurem|Scale Shot|p2a: Raging Bolt
|-supereffective|p2a: Raging Bolt
|-damage|p2a: Raging Bolt|0 fnt
|faint|p2a: Raging Bolt
|-end|p2a: Raging Bolt|Protosynthesis|[silent]
|-hitcount|p2: Raging Bolt|1
|-unboost|p1a: Kyurem|def|1
|-boost|p1a: Kyurem|spe|1
|
|upkeep
|
|t:|1743794548
|switch|p2a: Dragapult|Dragapult, M, shiny|100/100
|-activate|p2a: Dragapult|move: Sticky Web
|-unboost|p2a: Dragapult|spe|1
|turn|8
|
|t:|1743794558
|move|p1a: Kyurem|Scale Shot|p2a: Dragapult
|-supereffective|p2a: Dragapult
|-damage|p2a: Dragapult|66/100
|-start|p1a: Kyurem|Disable|Scale Shot|[from] ability: Cursed Body|[of] p2a: Dragapult
|-supereffective|p2a: Dragapult
|-damage|p2a: Dragapult|34/100
|-supereffective|p2a: Dragapult
|-damage|p2a: Dragapult|0 fnt
|faint|p2a: Dragapult
|-hitcount|p2: Dragapult|3
|-unboost|p1a: Kyurem|def|1
|-boost|p1a: Kyurem|spe|1
|
|upkeep
|
|t:|1743794570
|switch|p2a: Feraligatr|Feraligatr, M, shiny|100/100
|-activate|p2a: Feraligatr|move: Sticky Web
|-unboost|p2a: Feraligatr|spe|1
|turn|9
|
|t:|1743794582
|move|p1a: Kyurem|Icicle Spear|p2a: Feraligatr
|-resisted|p2a: Feraligatr
|-crit|p2a: Feraligatr
|-damage|p2a: Feraligatr|89/100
|-resisted|p2a: Feraligatr
|-damage|p2a: Feraligatr|80/100
|-resisted|p2a: Feraligatr
|-damage|p2a: Feraligatr|72/100
|-resisted|p2a: Feraligatr
|-damage|p2a: Feraligatr|64/100
|-resisted|p2a: Feraligatr
|-damage|p2a: Feraligatr|56/100
|-hitcount|p2a: Feraligatr|5
|move|p2a: Feraligatr|Ice Punch|p1a: Kyurem
|-damage|p1a: Kyurem|0 fnt
|faint|p1a: Kyurem
|
|upkeep
|
|t:|1743794598
|switch|p1a: Gliscor|Gliscor, F|100/100
|-damage|p1a: Gliscor|88/100|[from] Stealth Rock
|turn|10
|
|t:|1743794609
|switch|p1a: Kingambit|Kingambit, F, shiny|100/100
|-damage|p1a: Kingambit|94/100|[from] Stealth Rock
|-damage|p1a: Kingambit|82/100|[from] Spikes
|-activate|p1a: Kingambit|ability: Supreme Overlord
|-start|p1a: Kingambit|fallen2|[silent]
|move|p2a: Feraligatr|Ice Punch|p1a: Kingambit
|-resisted|p1a: Kingambit
|-damage|p1a: Kingambit|67/100
|
|upkeep
|turn|11
|
|t:|1743794623
|switch|p2a: Blaziken|Blaziken, M, shiny|100/100
|-activate|p2a: Blaziken|move: Sticky Web
|-unboost|p2a: Blaziken|spe|1
|move|p1a: Kingambit|Kowtow Cleave|p2a: Blaziken
|-resisted|p2a: Blaziken
|-damage|p2a: Blaziken|43/100
|
|upkeep
|turn|12
|
|t:|1743794633
|move|p2a: Blaziken|Protect|p2a: Blaziken
|-singleturn|p2a: Blaziken|Protect
|move|p1a: Kingambit|Kowtow Cleave|p2a: Blaziken
|-activate|p2a: Blaziken|move: Protect
|
|-ability|p2a: Blaziken|Speed Boost|boost
|-boost|p2a: Blaziken|spe|1
|upkeep
|turn|13
|
|t:|1743794644
|move|p2a: Blaziken|Flare Blitz|p1a: Kingambit
|-supereffective|p1a: Kingambit
|-damage|p1a: Kingambit|0 fnt
|faint|p1a: Kingambit
|-end|p1a: Kingambit|fallen2|[silent]
|-damage|p2a: Blaziken|13/100|[from] Recoil
|-damage|p2a: Blaziken|3/100|[from] item: Life Orb
|
|-ability|p2a: Blaziken|Speed Boost|boost
|-boost|p2a: Blaziken|spe|1
|upkeep
|
|t:|1743794655
|switch|p1a: Hatterene|Hatterene, F|100/100
|-damage|p1a: Hatterene|88/100|[from] Stealth Rock
|-damage|p1a: Hatterene|76/100|[from] Spikes
|turn|14
|
|t:|1743794667
|move|p2a: Blaziken|Flare Blitz|p1a: Hatterene
|-damage|p1a: Hatterene|0 fnt
|faint|p1a: Hatterene
|-damage|p2a: Blaziken|0 fnt|[from] Recoil
|faint|p2a: Blaziken
|
|upkeep
|
|t:|1743794674
|switch|p2a: Feraligatr|Feraligatr, M, shiny|56/100
|switch|p1a: Pecharunt|Pecharunt|100/100
|-activate|p2a: Feraligatr|move: Sticky Web
|-unboost|p2a: Feraligatr|spe|1
|-damage|p1a: Pecharunt|88/100|[from] Stealth Rock
|-damage|p1a: Pecharunt|76/100|[from] Spikes
|turn|15
|
|t:|1743794683
|move|p1a: Pecharunt|Malignant Chain|p2a: Feraligatr
|-damage|p2a: Feraligatr|0 fnt
|faint|p2a: Feraligatr
|
|-heal|p1a: Pecharunt|82/100|[from] item: Black Sludge
|upkeep
|
|t:|1743794688
|switch|p2a: Serperior|Serperior, M, shiny|100/100
|-activate|p2a: Serperior|move: Sticky Web
|-boost|p2a: Serperior|spe|1
|turn|16
|
|t:|1743794713
|-terastallize|p2a: Serperior|Fire
|move|p2a: Serperior|Glare|p1a: Pecharunt
|-status|p1a: Pecharunt|par
|cant|p1a: Pecharunt|par
|
|-heal|p1a: Pecharunt|88/100 par|[from] item: Black Sludge
|upkeep
|turn|17
|
|t:|1743794722
|move|p2a: Serperior|Leaf Storm|p1a: Pecharunt
|-resisted|p1a: Pecharunt
|-damage|p1a: Pecharunt|65/100 par
|-boost|p2a: Serperior|spa|2
|cant|p1a: Pecharunt|par
|
|-heal|p1a: Pecharunt|71/100 par|[from] item: Black Sludge
|upkeep
|turn|18
|
|t:|1743794731
|move|p2a: Serperior|Leaf Storm|p1a: Pecharunt
|-resisted|p1a: Pecharunt
|-damage|p1a: Pecharunt|27/100 par
|-boost|p2a: Serperior|spa|2
|cant|p1a: Pecharunt|par
|
|-heal|p1a: Pecharunt|33/100 par|[from] item: Black Sludge
|upkeep
|turn|19
|
|t:|1743794739
|move|p2a: Serperior|Tera Blast|p1a: Pecharunt|[anim] Tera Blast Fire
|-damage|p1a: Pecharunt|0 fnt
|faint|p1a: Pecharunt
|
|upkeep
|
|t:|1743794746
|switch|p1a: Gliscor|Gliscor, F|88/100
|-damage|p1a: Gliscor|76/100|[from] Stealth Rock
|turn|20
|
|t:|1743794756
|move|p1a: Gliscor|Protect|p1a: Gliscor
|-singleturn|p1a: Gliscor|Protect
|move|p2a: Serperior|Tera Blast|p1a: Gliscor|[anim] Tera Blast Fire
|-activate|p1a: Gliscor|move: Protect
|
|-status|p1a: Gliscor|tox|[from] item: Toxic Orb
|upkeep
|turn|21
|
|t:|1743794764
|move|p2a: Serperior|Tera Blast|p1a: Gliscor|[anim] Tera Blast Fire
|-damage|p1a: Gliscor|5/100 tox
|move|p1a: Gliscor|Facade|p2a: Serperior
|-damage|p2a: Serperior|60/100
|
|-heal|p2a: Serperior|66/100|[from] item: Leftovers
|-heal|p1a: Gliscor|18/100 tox|[from] ability: Poison Heal
|upkeep
|turn|22
|
|t:|1743794779
|move|p1a: Gliscor|Protect|p1a: Gliscor
|-singleturn|p1a: Gliscor|Protect
|move|p2a: Serperior|Tera Blast|p1a: Gliscor|[anim] Tera Blast Fire
|-activate|p1a: Gliscor|move: Protect
|
|-heal|p2a: Serperior|73/100|[from] item: Leftovers
|-heal|p1a: Gliscor|30/100 tox|[from] ability: Poison Heal
|upkeep
|turn|23
|
|t:|1743794789
|move|p2a: Serperior|Tera Blast|p1a: Gliscor|[anim] Tera Blast Fire
|-damage|p1a: Gliscor|0 fnt
|faint|p1a: Gliscor
|
|win|fildrongue
|raw|hint&apos;o&apos;brutality's rating: 1194 &rarr; <strong>1168</strong><br />(-26 for losing)
|raw|fildrongue's rating: 1179 &rarr; <strong>1205</strong><br />(+26 for winning)
|l|☆hint'o'brutality
|player|p1|
|c|☆fildrongue|gg
|l|☆fildrongue
|player|p2|
