|j|☆Liveds19
|j|☆Caffeine Badger
|t:|1743779522
|gametype|singles
|player|p1|Liveds19|linebacker|1268
|player|p2|Caffeine Badger|lady-gen4|1261
|teamsize|p1|6
|teamsize|p2|6
|gen|9
|tier|[Gen 9] OU
|rated|
|rule|HP Percentage Mod: HP is shown in percentages
|rule|Endless Battle Clause: Forcing endless battles is banned
|rule|Species Clause: Limit one of each Pokémon
|rule|OHKO Clause: OHKO moves are banned
|rule|Evasion Items Clause: Evasion items are banned
|rule|Evasion Moves Clause: Evasion moves are banned
|rule|Sleep Moves Clause: Sleep-inducing moves are banned
|clearpoke
|poke|p1|Mimikyu, F|
|poke|p1|Rotom-Wash|
|poke|p1|Araquanid, M|
|poke|p1|Iron Crown|
|poke|p1|Raging Bolt|
|poke|p1|Kingambit, M|
|poke|p2|Grimmsnarl, M|
|poke|p2|Gyarados, F|
|poke|p2|Iron Valiant|
|poke|p2|Dragapult, M|
|poke|p2|Salamence, M|
|poke|p2|Glimmora, F|
|teampreview
|inactive|Battle timer is ON: inactive players will automatically lose when time's up. (requested by Liveds19)
|
|t:|1743779528
|start
|switch|p1a: Rotom|Rotom-Wash|100/100
|switch|p2a: Grimmsnarl|Grimmsnarl, M, shiny|100/100
|turn|1
|
|t:|1743779533
|move|p2a: Grimmsnarl|Trick|p1a: Rotom
|-activate|p2a: Grimmsnarl|move: Trick|[of] p1a: Rotom
|-item|p1a: Rotom|Choice Band|[from] move: Trick
|-item|p2a: Grimmsnarl|Leftovers|[from] move: Trick
|move|p1a: Rotom|Will-O-Wisp|p2a: Grimmsnarl
|-status|p2a: Grimmsnarl|brn
|
|-damage|p2a: Grimmsnarl|94/100 brn|[from] brn
|upkeep
|turn|2
|
|t:|1743779539
|switch|p1a: Araquanid|Araquanid, M|100/100
|move|p2a: Grimmsnarl|Spirit Break|p1a: Araquanid
|-damage|p1a: Araquanid|84/100
|-unboost|p1a: Araquanid|spa|1
|
|-heal|p2a: Grimmsnarl|100/100 brn|[from] item: Leftovers
|-damage|p2a: Grimmsnarl|94/100 brn|[from] brn
|upkeep
|turn|3
|
|t:|1743779541
|move|p2a: Grimmsnarl|Thunder Wave|p1a: Araquanid
|-status|p1a: Araquanid|par
|cant|p1a: Araquanid|par
|
|-heal|p2a: Grimmsnarl|100/100 brn|[from] item: Leftovers
|-damage|p2a: Grimmsnarl|94/100 brn|[from] brn
|upkeep
|turn|4
|
|t:|1743779546
|move|p2a: Grimmsnarl|Parting Shot|p1a: Araquanid
|-unboost|p1a: Araquanid|atk|1
|-unboost|p1a: Araquanid|spa|1
|
|t:|1743779548
|switch|p2a: Glimmora|Glimmora, F|100/100|[from] Parting Shot
|move|p1a: Araquanid|Sticky Web|p2a: Glimmora
|-sidestart|p2: Caffeine Badger|move: Sticky Web
|
|upkeep
|turn|5
|
|t:|1743779551
|switch|p1a: Iron Crown|Iron Crown|100/100
|move|p2a: Glimmora|Mortal Spin|p1a: Iron Crown
|-immune|p1a: Iron Crown
|
|upkeep
|turn|6
|
|t:|1743779554
|move|p1a: Iron Crown|Tachyon Cutter|p2a: Glimmora
|-supereffective|p2a: Glimmora
|-damage|p2a: Glimmora|26/100
|-supereffective|p2a: Glimmora
|-damage|p2a: Glimmora|0 fnt
|faint|p2a: Glimmora
|-hitcount|p2: Glimmora|2
|
|upkeep
|
|t:|1743779557
|switch|p2a: Gyarados|Gyarados, F, shiny|100/100
|turn|7
|
|t:|1743779559
|move|p1a: Iron Crown|Volt Switch|p2a: Gyarados
|-supereffective|p2a: Gyarados
|-damage|p2a: Gyarados|1/100
|
|t:|1743779562
|-end|p1a: Iron Crown|Quark Drive|[silent]
|switch|p1a: Rotom|Rotom-Wash|100/100|[from] Volt Switch
|move|p2a: Gyarados|Dragon Dance|p2a: Gyarados
|-boost|p2a: Gyarados|atk|1
|-boost|p2a: Gyarados|spe|1
|
|-heal|p2a: Gyarados|7/100|[from] item: Leftovers
|upkeep
|turn|8
|
|t:|1743779566
|move|p2a: Gyarados|Waterfall|p1a: Rotom
|-resisted|p1a: Rotom
|-damage|p1a: Rotom|73/100
|move|p1a: Rotom|Volt Switch|p2a: Gyarados
|-supereffective|p2a: Gyarados
|-damage|p2a: Gyarados|0 fnt
|faint|p2a: Gyarados
|
|t:|1743779570
|switch|p1a: Araquanid|Araquanid, M|84/100 par|[from] Volt Switch
|
|upkeep
|
|t:|1743779573
|switch|p2a: Salamence|Salamence, M|100/100
|turn|9
|
|t:|1743779581
|move|p1a: Araquanid|Endure|p1a: Araquanid
|-singleturn|p1a: Araquanid|move: Endure
|move|p2a: Salamence|Dragon Dance|p2a: Salamence
|-boost|p2a: Salamence|atk|1
|-boost|p2a: Salamence|spe|1
|
|upkeep
|turn|10
|
|t:|1743779584
|switch|p1a: Rotom|Rotom-Wash|73/100
|move|p2a: Salamence|Dual Wingbeat|p1a: Rotom
|-resisted|p1a: Rotom
|-damage|p1a: Rotom|58/100
|-resisted|p1a: Rotom
|-damage|p1a: Rotom|44/100
|-hitcount|p1a: Rotom|2
|
|upkeep
|turn|11
|
|t:|1743779589
|move|p2a: Salamence|Outrage|p1a: Rotom
|-damage|p1a: Rotom|0 fnt
|faint|p1a: Rotom
|-ability|p2a: Salamence|Moxie|boost
|-boost|p2a: Salamence|atk|1
|
|upkeep
|
|t:|1743779593
|switch|p1a: Mimikyu|Mimikyu, F|100/100
|turn|12
|
|t:|1743779595
|move|p2a: Salamence|Outrage|p1a: Mimikyu|[from] lockedmove
|-immune|p1a: Mimikyu
|-start|p2a: Salamence|confusion|[fatigue]
|move|p1a: Mimikyu|Swords Dance|p1a: Mimikyu
|-boost|p1a: Mimikyu|atk|2
|
|upkeep
|turn|13
|
|t:|1743779598
|-activate|p2a: Salamence|confusion
|move|p2a: Salamence|Dual Wingbeat|p1a: Mimikyu
|-activate|p1a: Mimikyu|ability: Disguise
|-damage|p1a: Mimikyu|100/100
|detailschange|p1a: Mimikyu|Mimikyu-Busted, F
|-damage|p1a: Mimikyu|88/100|[from] pokemon: Mimikyu-Busted
|-damage|p1a: Mimikyu|8/100
|-hitcount|p1a: Mimikyu|2
|move|p1a: Mimikyu|Play Rough|p2a: Salamence
|-supereffective|p2a: Salamence
|-damage|p2a: Salamence|0 fnt
|faint|p2a: Salamence
|-damage|p1a: Mimikyu|0 fnt|[from] item: Life Orb
|faint|p1a: Mimikyu
|
|upkeep
|
|t:|1743779607
|switch|p1a: Araquanid|Araquanid, M|84/100 par
|switch|p2a: Grimmsnarl|Grimmsnarl, M, shiny|94/100 brn
|-activate|p2a: Grimmsnarl|move: Sticky Web
|-unboost|p2a: Grimmsnarl|spe|1
|turn|14
|
|t:|1743779609
|move|p2a: Grimmsnarl|Spirit Break|p1a: Araquanid
|-damage|p1a: Araquanid|69/100 par
|-unboost|p1a: Araquanid|spa|1
|move|p1a: Araquanid|Liquidation|p2a: Grimmsnarl
|-damage|p2a: Grimmsnarl|13/100 brn
|
|-heal|p2a: Grimmsnarl|19/100 brn|[from] item: Leftovers
|-damage|p2a: Grimmsnarl|13/100 brn|[from] brn
|upkeep
|turn|15
|
|t:|1743779613
|switch|p1a: Kingambit|Kingambit, M|100/100
|-activate|p1a: Kingambit|ability: Supreme Overlord
|-start|p1a: Kingambit|fallen2|[silent]
|move|p2a: Grimmsnarl|Spirit Break|p1a: Kingambit
|-damage|p1a: Kingambit|88/100
|-unboost|p1a: Kingambit|spa|1
|
|-heal|p2a: Grimmsnarl|19/100 brn|[from] item: Leftovers
|-damage|p2a: Grimmsnarl|13/100 brn|[from] brn
|upkeep
|turn|16
|
|t:|1743779616
|move|p1a: Kingambit|Swords Dance|p1a: Kingambit
|-boost|p1a: Kingambit|atk|2
|move|p2a: Grimmsnarl|Spirit Break|p1a: Kingambit
|-damage|p1a: Kingambit|74/100
|-unboost|p1a: Kingambit|spa|1
|
|-heal|p2a: Grimmsnarl|19/100 brn|[from] item: Leftovers
|-damage|p2a: Grimmsnarl|13/100 brn|[from] brn
|upkeep
|turn|17
|
|t:|1743779618
|move|p1a: Kingambit|Iron Head|p2a: Grimmsnarl
|-supereffective|p2a: Grimmsnarl
|-damage|p2a: Grimmsnarl|0 fnt
|faint|p2a: Grimmsnarl
|
|upkeep
|
|t:|1743779622
|switch|p2a: Iron Valiant|Iron Valiant|100/100
|-activate|p2a: Iron Valiant|move: Sticky Web
|-unboost|p2a: Iron Valiant|spe|1
|-enditem|p2a: Iron Valiant|Booster Energy
|-activate|p2a: Iron Valiant|ability: Quark Drive|[fromitem]
|-start|p2a: Iron Valiant|quarkdrivespa
|turn|18
|
|t:|1743779626
|-terastallize|p1a: Kingambit|Ghost
|move|p2a: Iron Valiant|Moonblast|p1a: Kingambit
|-damage|p1a: Kingambit|7/100
|-unboost|p1a: Kingambit|spa|1
|move|p1a: Kingambit|Iron Head|p2a: Iron Valiant
|-supereffective|p2a: Iron Valiant
|-damage|p2a: Iron Valiant|0 fnt
|faint|p2a: Iron Valiant
|-end|p2a: Iron Valiant|Quark Drive|[silent]
|
|upkeep
|
|t:|1743779630
|switch|p2a: Dragapult|Dragapult, M|100/100
|-activate|p2a: Dragapult|move: Sticky Web
|-fail|p2a: Dragapult|unboost|[from] ability: Clear Body|[of] p2a: Dragapult
|turn|19
|
|t:|1743779633
|move|p2a: Dragapult|Sucker Punch|p1a: Kingambit
|-supereffective|p1a: Kingambit
|-damage|p1a: Kingambit|0 fnt
|faint|p1a: Kingambit
|-end|p1a: Kingambit|fallen2|[silent]
|
|upkeep
|
|t:|1743779639
|switch|p1a: Araquanid|Araquanid, M|69/100 par
|turn|20
|
|t:|1743779643
|move|p2a: Dragapult|Dragon Dance|p2a: Dragapult
|-boost|p2a: Dragapult|atk|1
|-boost|p2a: Dragapult|spe|1
|move|p1a: Araquanid|Liquidation|p2a: Dragapult
|-resisted|p2a: Dragapult
|-damage|p2a: Dragapult|56/100
|
|upkeep
|turn|21
|
|t:|1743779648
|move|p2a: Dragapult|Dragon Darts|p1a: Araquanid
|-damage|p1a: Araquanid|25/100 par
|-anim|p2a: Dragapult|Dragon Darts|p1a: Araquanid
|-damage|p1a: Araquanid|0 fnt
|faint|p1a: Araquanid
|
|upkeep
|
|t:|1743779654
|switch|p1a: Iron Crown|Iron Crown|100/100
|turn|22
|
|t:|1743779660
|-end|p1a: Iron Crown|Quark Drive|[silent]
|switch|p1a: Raging Bolt|Raging Bolt|100/100
|-enditem|p1a: Raging Bolt|Booster Energy
|-activate|p1a: Raging Bolt|ability: Protosynthesis|[fromitem]
|-start|p1a: Raging Bolt|protosynthesisspa
|move|p2a: Dragapult|Phantom Force||[still]
|-prepare|p2a: Dragapult|Phantom Force
|
|upkeep
|turn|23
|
|t:|1743779666
|move|p2a: Dragapult|Phantom Force|p1a: Raging Bolt|[from] lockedmove
|-damage|p1a: Raging Bolt|27/100
|move|p1a: Raging Bolt|Dragon Pulse|p2a: Dragapult
|-supereffective|p2a: Dragapult
|-damage|p2a: Dragapult|0 fnt
|faint|p2a: Dragapult
|
|win|Liveds19
|raw|Liveds19's rating: 1268 &rarr; <strong>1292</strong><br />(+24 for winning)
|raw|Caffeine Badger's rating: 1261 &rarr; <strong>1237</strong><br />(-24 for losing)
|l|☆Liveds19
|player|p1|
|l|☆Caffeine Badger
|player|p2|
