|j|☆Meyton Panning
|j|☆phonsei
|t:|1743828594
|gametype|singles
|player|p1|Meyton Panning|1|1153
|player|p2|phonsei|li|1152
|teamsize|p1|6
|teamsize|p2|6
|gen|9
|tier|[Gen 9] OU
|rated|
|rule|HP Percentage Mod: HP is shown in percentages
|rule|Endless Battle Clause: Forcing endless battles is banned
|rule|Species Clause: Limit one of each Pokémon
|rule|OHKO Clause: OHKO moves are banned
|rule|Evasion Items Clause: Evasion items are banned
|rule|Evasion Moves Clause: Evasion moves are banned
|rule|Sleep Moves Clause: Sleep-inducing moves are banned
|clearpoke
|poke|p1|Gholdengo|
|poke|p1|Hydreigon, M|
|poke|p1|Ogerpon-Wellspring, F|
|poke|p1|Moltres|
|poke|p1|Great Tusk|
|poke|p1|Haxorus, M|
|poke|p2|Blaziken, M|
|poke|p2|Iron Valiant|
|poke|p2|Dragapult, F|
|poke|p2|Rotom-Wash|
|poke|p2|Great Tusk|
|poke|p2|Slowking, F|
|teampreview
|
|t:|1743828609
|start
|switch|p1a: Ogerpon|Ogerpon-Wellspring, F|100/100
|switch|p2a: Dragapult|Dragapult, F|100/100
|turn|1
|
|t:|1743828629
|move|p2a: Dragapult|Dragon Darts|p1a: Ogerpon
|-crit|p1a: Ogerpon
|-damage|p1a: Ogerpon|28/100
|-anim|p2a: Dragapult|Dragon Darts|p1a: Ogerpon
|-damage|p1a: Ogerpon|0 fnt
|faint|p1a: Ogerpon
|
|upkeep
|
|t:|1743828637
|switch|p1a: Gholdengo|Gholdengo|100/100
|turn|2
|
|t:|1743828652
|move|p1a: Gholdengo|Shadow Ball|p2a: Dragapult
|-supereffective|p2a: Dragapult
|-damage|p2a: Dragapult|0 fnt
|faint|p2a: Dragapult
|
|upkeep
|
|t:|1743828669
|switch|p2a: Rotom|Rotom-Wash|100/100
|turn|3
|
|t:|1743828678
|move|p1a: Gholdengo|Shadow Ball|p2a: Rotom
|-damage|p2a: Rotom|54/100
|move|p2a: Rotom|Will-O-Wisp|p1a: Gholdengo
|-immune|p1a: Gholdengo|[from] ability: Good as Gold
|
|-heal|p2a: Rotom|60/100|[from] item: Leftovers
|upkeep
|turn|4
|
|t:|1743828693
|move|p1a: Gholdengo|Shadow Ball|p2a: Rotom
|-damage|p2a: Rotom|13/100
|-unboost|p2a: Rotom|spd|1
|move|p2a: Rotom|Hydro Pump|p1a: Gholdengo
|-damage|p1a: Gholdengo|52/100
|
|-heal|p2a: Rotom|19/100|[from] item: Leftovers
|upkeep
|turn|5
|
|t:|1743828697
|move|p2a: Rotom|Protect|p2a: Rotom
|-singleturn|p2a: Rotom|Protect
|move|p1a: Gholdengo|Shadow Ball|p2a: Rotom
|-activate|p2a: Rotom|move: Protect
|
|-heal|p2a: Rotom|25/100|[from] item: Leftovers
|upkeep
|turn|6
|
|t:|1743828727
|move|p1a: Gholdengo|Shadow Ball|p2a: Rotom
|-damage|p2a: Rotom|0 fnt
|faint|p2a: Rotom
|
|upkeep
|
|t:|1743828735
|switch|p2a: Iron Valiant|Iron Valiant|100/100
|-enditem|p2a: Iron Valiant|Booster Energy
|-activate|p2a: Iron Valiant|ability: Quark Drive|[fromitem]
|-start|p2a: Iron Valiant|quarkdrivespe
|turn|7
|
|t:|1743828747
|switch|p1a: Moltres|Moltres|100/100
|move|p2a: Iron Valiant|Shadow Ball|p1a: Moltres
|-damage|p1a: Moltres|81/100
|-unboost|p1a: Moltres|spd|1
|
|upkeep
|turn|8
|
|t:|1743828769
|-terastallize|p2a: Iron Valiant|Fairy
|move|p2a: Iron Valiant|Moonblast|p1a: Moltres
|-resisted|p1a: Moltres
|-damage|p1a: Moltres|45/100
|move|p1a: Moltres|Will-O-Wisp|p2a: Iron Valiant
|-status|p2a: Iron Valiant|brn
|
|-damage|p2a: Iron Valiant|94/100 brn|[from] brn
|upkeep
|turn|9
|
|t:|1743828785
|move|p2a: Iron Valiant|Shadow Ball|p1a: Moltres
|-damage|p1a: Moltres|19/100
|move|p1a: Moltres|Roost|p1a: Moltres
|-heal|p1a: Moltres|69/100
|-singleturn|p1a: Moltres|move: Roost
|
|-damage|p2a: Iron Valiant|88/100 brn|[from] brn
|upkeep
|turn|10
|
|t:|1743828793
|move|p2a: Iron Valiant|Calm Mind|p2a: Iron Valiant
|-boost|p2a: Iron Valiant|spa|1
|-boost|p2a: Iron Valiant|spd|1
|move|p1a: Moltres|Roost|p1a: Moltres
|-heal|p1a: Moltres|100/100
|-singleturn|p1a: Moltres|move: Roost
|
|-damage|p2a: Iron Valiant|82/100 brn|[from] brn
|upkeep
|turn|11
|
|t:|1743828797
|move|p2a: Iron Valiant|Calm Mind|p2a: Iron Valiant
|-boost|p2a: Iron Valiant|spa|1
|-boost|p2a: Iron Valiant|spd|1
|move|p1a: Moltres|U-turn|p2a: Iron Valiant
|-resisted|p2a: Iron Valiant
|-crit|p2a: Iron Valiant
|-damage|p2a: Iron Valiant|67/100 brn
|
|t:|1743828802
|switch|p1a: Gholdengo|Gholdengo|52/100|[from] U-turn
|
|-damage|p2a: Iron Valiant|61/100 brn|[from] brn
|upkeep
|turn|12
|
|t:|1743828815
|switch|p1a: Hydreigon|Hydreigon, M|100/100
|move|p2a: Iron Valiant|Shadow Ball|p1a: Hydreigon
|-resisted|p1a: Hydreigon
|-damage|p1a: Hydreigon|72/100
|-unboost|p1a: Hydreigon|spd|1
|
|-damage|p2a: Iron Valiant|55/100 brn|[from] brn
|upkeep
|turn|13
|
|t:|1743828821
|switch|p1a: Moltres|Moltres|100/100
|move|p2a: Iron Valiant|Moonblast|p1a: Moltres
|-resisted|p1a: Moltres
|-damage|p1a: Moltres|55/100
|
|-damage|p2a: Iron Valiant|49/100 brn|[from] brn
|upkeep
|turn|14
|
|t:|1743828832
|move|p2a: Iron Valiant|Moonblast|p1a: Moltres
|-resisted|p1a: Moltres
|-damage|p1a: Moltres|10/100
|move|p1a: Moltres|Flamethrower|p2a: Iron Valiant
|-damage|p2a: Iron Valiant|15/100 brn
|
|-damage|p2a: Iron Valiant|9/100 brn|[from] brn
|upkeep
|turn|15
|
|t:|1743828837
|move|p2a: Iron Valiant|Moonblast|p1a: Moltres
|-resisted|p1a: Moltres
|-damage|p1a: Moltres|0 fnt
|faint|p1a: Moltres
|
|-damage|p2a: Iron Valiant|3/100 brn|[from] brn
|upkeep
|
|t:|1743828841
|switch|p1a: Hydreigon|Hydreigon, M|72/100
|turn|16
|
|t:|1743828845
|move|p2a: Iron Valiant|Moonblast|p1a: Hydreigon
|-supereffective|p1a: Hydreigon
|-damage|p1a: Hydreigon|0 fnt
|faint|p1a: Hydreigon
|
|-damage|p2a: Iron Valiant|0 fnt|[from] brn
|faint|p2a: Iron Valiant
|-end|p2a: Iron Valiant|Quark Drive|[silent]
|upkeep
|
|t:|1743828863
|switch|p2a: Slowking|Slowking, F|100/100
|switch|p1a: Gholdengo|Gholdengo|52/100
|turn|17
|
|t:|1743828868
|move|p1a: Gholdengo|Trick|p2a: Slowking
|-activate|p1a: Gholdengo|move: Trick|[of] p2a: Slowking
|-item|p2a: Slowking|Choice Scarf|[from] move: Trick
|-item|p1a: Gholdengo|Heavy-Duty Boots|[from] move: Trick
|move|p2a: Slowking|Future Sight|p1a: Gholdengo
|-start|p2a: Slowking|move: Future Sight
|
|upkeep
|turn|18
|
|t:|1743828875
|move|p1a: Gholdengo|Shadow Ball|p2a: Slowking
|-supereffective|p2a: Slowking
|-damage|p2a: Slowking|53/100
|-unboost|p2a: Slowking|spd|1
|move|p2a: Slowking|Future Sight||[still]
|-fail|p2a: Slowking
|
|upkeep
|turn|19
|
|t:|1743828880
|switch|p2a: Great Tusk|Great Tusk|100/100
|move|p1a: Gholdengo|Shadow Ball|p2a: Great Tusk
|-damage|p2a: Great Tusk|41/100
|-unboost|p2a: Great Tusk|spd|1
|
|-end|p1a: Gholdengo|move: Future Sight
|-resisted|p1a: Gholdengo
|-damage|p1a: Gholdengo|26/100
|-heal|p2a: Great Tusk|47/100|[from] item: Leftovers
|upkeep
|turn|20
|
|t:|1743828903
|move|p1a: Gholdengo|Shadow Ball|p2a: Great Tusk
|-damage|p2a: Great Tusk|0 fnt
|faint|p2a: Great Tusk
|-end|p2a: Great Tusk|Protosynthesis|[silent]
|
|upkeep
|
|t:|1743828913
|switch|p2a: Slowking|Slowking, F|86/100
|turn|21
|
|t:|1743828921
|move|p1a: Gholdengo|Shadow Ball|p2a: Slowking
|-supereffective|p2a: Slowking
|-damage|p2a: Slowking|33/100
|move|p2a: Slowking|Flamethrower|p1a: Gholdengo
|-supereffective|p1a: Gholdengo
|-damage|p1a: Gholdengo|0 fnt
|faint|p1a: Gholdengo
|
|upkeep
|
|t:|1743828927
|switch|p1a: Haxorus|Haxorus, M|100/100
|-ability|p1a: Haxorus|Mold Breaker
|turn|22
|
|t:|1743828937
|move|p1a: Haxorus|Dragon Dance|p1a: Haxorus
|-boost|p1a: Haxorus|atk|1
|-boost|p1a: Haxorus|spe|1
|move|p2a: Slowking|Flamethrower|p1a: Haxorus
|-resisted|p1a: Haxorus
|-damage|p1a: Haxorus|83/100
|
|upkeep
|turn|23
|
|t:|1743828940
|switch|p2a: Blaziken|Blaziken, M|100/100
|move|p1a: Haxorus|Dragon Dance|p1a: Haxorus
|-boost|p1a: Haxorus|atk|1
|-boost|p1a: Haxorus|spe|1
|
|upkeep
|turn|24
|
|t:|1743828944
|-terastallize|p1a: Haxorus|Dragon
|move|p2a: Blaziken|Protect|p2a: Blaziken
|-singleturn|p2a: Blaziken|Protect
|move|p1a: Haxorus|Outrage|p2a: Blaziken
|-activate|p2a: Blaziken|move: Protect
|
|-ability|p2a: Blaziken|Speed Boost|boost
|-boost|p2a: Blaziken|spe|1
|upkeep
|turn|25
|
|t:|1743828958
|move|p2a: Blaziken|Protect||[still]
|-fail|p2a: Blaziken
|move|p1a: Haxorus|Outrage|p2a: Blaziken
|-damage|p2a: Blaziken|0 fnt
|faint|p2a: Blaziken
|
|upkeep
|
|t:|1743828962
|switch|p2a: Slowking|Slowking, F|66/100
|turn|26
|
|t:|1743828981
|move|p1a: Haxorus|Outrage|p2a: Slowking|[from] lockedmove
|-damage|p2a: Slowking|0 fnt
|faint|p2a: Slowking
|-start|p1a: Haxorus|confusion|[fatigue]
|
|win|Meyton Panning
|raw|Meyton Panning's rating: 1153 &rarr; <strong>1179</strong><br />(+26 for winning)
|raw|phonsei's rating: 1172 &rarr; <strong>1146</strong><br />(-26 for losing)
|l|☆phonsei
|player|p2|
|l|☆Meyton Panning
|player|p1|
