|j|☆joasduwad
|j|☆quetzuma
|t:|1743865010
|gametype|singles
|player|p1|joasduwad|266|1450
|player|p2|quetzuma|swimmer-gen4dp|1389
|teamsize|p1|6
|teamsize|p2|6
|gen|9
|tier|[Gen 9] OU
|rated|
|rule|HP Percentage Mod: HP is shown in percentages
|rule|Endless Battle Clause: Forcing endless battles is banned
|rule|Species Clause: Limit one of each Pokémon
|rule|OHKO Clause: OHKO moves are banned
|rule|Evasion Items Clause: Evasion items are banned
|rule|Evasion Moves Clause: Evasion moves are banned
|rule|Sleep Moves Clause: Sleep-inducing moves are banned
|clearpoke
|poke|p1|Garganacl, M|
|poke|p1|Weezing-Galar, F|
|poke|p1|Corviknight, M|
|poke|p1|Dragapult, M|
|poke|p1|Slowking-Galar, M|
|poke|p1|Samurott-Hisui, F|
|poke|p2|Quaquaval, F|
|poke|p2|Cinderace, M|
|poke|p2|Ting-Lu|
|poke|p2|Deoxys-Defense|
|poke|p2|Skarmory, M|
|poke|p2|Dragapult, M|
|teampreview
|inactive|Battle timer is ON: inactive players will automatically lose when time's up. (requested by quetzuma)
|
|t:|1743865018
|start
|switch|p1a: Specialist|Dragapult, M|100/100
|switch|p2a: Skarmory|Skarmory, M|100/100
|turn|1
|
|t:|1743865020
|switch|p2a: Ting-Lu|Ting-Lu|100/100
|-ability|p2a: Ting-Lu|Vessel of Ruin
|move|p1a: Specialist|Will-O-Wisp|p2a: Ting-Lu|[miss]
|-miss|p1a: Specialist|p2a: Ting-Lu
|
|upkeep
|turn|2
|
|t:|1743865024
|move|p1a: Specialist|U-turn|p2a: Ting-Lu
|-supereffective|p2a: Ting-Lu
|-damage|p2a: Ting-Lu|81/100
|
|t:|1743865027
|switch|p1a: Nurse|Weezing-Galar, F|100/100|[from] U-turn
|-ability|p1a: Nurse|Neutralizing Gas
|move|p2a: Ting-Lu|Ruination|p1a: Nurse
|-damage|p1a: Nurse|50/100
|
|-heal|p1a: Nurse|56/100|[from] item: Black Sludge
|-heal|p2a: Ting-Lu|87/100|[from] item: Leftovers
|upkeep
|turn|3
|
|t:|1743865030
|move|p1a: Nurse|Will-O-Wisp|p2a: Ting-Lu
|-status|p2a: Ting-Lu|brn
|move|p2a: Ting-Lu|Earthquake|p1a: Nurse
|-supereffective|p1a: Nurse
|-damage|p1a: Nurse|33/100
|
|-heal|p1a: Nurse|39/100|[from] item: Black Sludge
|-heal|p2a: Ting-Lu|93/100 brn|[from] item: Leftovers
|-damage|p2a: Ting-Lu|87/100 brn|[from] brn
|upkeep
|turn|4
|
|t:|1743865034
|move|p1a: Nurse|Pain Split|p2a: Ting-Lu
|-sethp|p2a: Ting-Lu|56/100 brn|[from] move: Pain Split|[silent]
|-sethp|p1a: Nurse|86/100|[from] move: Pain Split
|move|p2a: Ting-Lu|Spikes|p1a: Nurse
|-sidestart|p1: joasduwad|Spikes
|
|-heal|p1a: Nurse|92/100|[from] item: Black Sludge
|-heal|p2a: Ting-Lu|62/100 brn|[from] item: Leftovers
|-damage|p2a: Ting-Lu|56/100 brn|[from] brn
|upkeep
|turn|5
|
|t:|1743865039
|switch|p2a: Deoxys|Deoxys-Defense|100/100
|move|p1a: Nurse|Defog|p2a: Deoxys
|-unboost|p2a: Deoxys|evasion|1
|-sideend|p1: joasduwad|Spikes|[from] move: Defog|[of] p1a: Nurse
|
|-heal|p1a: Nurse|98/100|[from] item: Black Sludge
|upkeep
|turn|6
|
|t:|1743865044
|move|p2a: Deoxys|Thunder Wave|p1a: Nurse
|-status|p1a: Nurse|par
|move|p1a: Nurse|Will-O-Wisp|p2a: Deoxys
|-status|p2a: Deoxys|brn
|
|-heal|p1a: Nurse|100/100 par|[from] item: Black Sludge
|-damage|p2a: Deoxys|94/100 brn|[from] brn
|upkeep
|turn|7
|
|t:|1743865051
|move|p2a: Deoxys|Knock Off|p1a: Nurse
|-resisted|p1a: Nurse
|-damage|p1a: Nurse|98/100 par
|-enditem|p1a: Nurse|Black Sludge|[from] move: Knock Off|[of] p2a: Deoxys
|move|p1a: Nurse|Strange Steam|p2a: Deoxys
|-damage|p2a: Deoxys|78/100 brn
|-start|p2a: Deoxys|confusion
|
|-heal|p2a: Deoxys|84/100 brn|[from] item: Leftovers
|-damage|p2a: Deoxys|78/100 brn|[from] brn
|upkeep
|turn|8
|
|t:|1743865055
|switch|p2a: Skarmory|Skarmory, M|100/100
|move|p1a: Nurse|Strange Steam|p2a: Skarmory
|-resisted|p2a: Skarmory
|-damage|p2a: Skarmory|82/100
|
|upkeep
|turn|9
|
|t:|1743865060
|move|p2a: Skarmory|Taunt|p1a: Nurse
|-start|p1a: Nurse|move: Taunt
|cant|p1a: Nurse|move: Taunt|Will-O-Wisp
|
|upkeep
|turn|10
|
|t:|1743865064
|-end|p1a: Nurse|ability: Neutralizing Gas
|switch|p1a: Dr. Garg|Garganacl, M|100/100
|move|p2a: Skarmory|Stealth Rock|p1a: Dr. Garg
|-sidestart|p1: joasduwad|move: Stealth Rock
|
|upkeep
|turn|11
|
|t:|1743865067
|move|p2a: Skarmory|Taunt|p1a: Dr. Garg
|-start|p1a: Dr. Garg|move: Taunt
|move|p1a: Dr. Garg|Salt Cure|p2a: Skarmory
|-damage|p2a: Skarmory|74/100
|-start|p2a: Skarmory|Salt Cure
|
|-damage|p2a: Skarmory|49/100|[from] Salt Cure
|upkeep
|turn|12
|
|t:|1743865071
|move|p2a: Skarmory|Body Press|p1a: Dr. Garg
|-supereffective|p1a: Dr. Garg
|-damage|p1a: Dr. Garg|61/100
|move|p1a: Dr. Garg|Salt Cure|p2a: Skarmory
|-damage|p2a: Skarmory|40/100
|
|-heal|p1a: Dr. Garg|68/100|[from] item: Leftovers
|-damage|p2a: Skarmory|15/100|[from] Salt Cure
|upkeep
|turn|13
|
|t:|1743865077
|switch|p1a: Nurse|Weezing-Galar, F|98/100 par
|-ability|p1a: Nurse|Neutralizing Gas
|-damage|p1a: Nurse|86/100 par|[from] Stealth Rock
|move|p2a: Skarmory|Body Press|p1a: Nurse
|-resisted|p1a: Nurse
|-damage|p1a: Nurse|80/100 par
|
|-damage|p2a: Skarmory|0 fnt|[from] Salt Cure
|faint|p2a: Skarmory
|upkeep
|
|t:|1743865080
|switch|p2a: Dragapult|Dragapult, M|100/100
|turn|14
|
|t:|1743865082
|move|p2a: Dragapult|Hex|p1a: Nurse
|-damage|p1a: Nurse|2/100 par
|move|p1a: Nurse|Defog|p2a: Dragapult
|-unboost|p2a: Dragapult|evasion|1
|-sideend|p1: joasduwad|Stealth Rock|[from] move: Defog|[of] p1a: Nurse
|
|upkeep
|turn|15
|
|t:|1743865090
|-end|p1a: Nurse|ability: Neutralizing Gas
|switch|p1a: Dr. Garg|Garganacl, M|68/100
|move|p2a: Dragapult|U-turn|p1a: Dr. Garg
|-damage|p1a: Dr. Garg|54/100
|
|t:|1743865092
|switch|p2a: Quaquaval|Quaquaval, F|100/100|[from] U-turn
|
|-heal|p1a: Dr. Garg|60/100|[from] item: Leftovers
|upkeep
|turn|16
|
|t:|1743865098
|-terastallize|p1a: Dr. Garg|Fairy
|move|p2a: Quaquaval|Aqua Step|p1a: Dr. Garg
|-damage|p1a: Dr. Garg|33/100
|-boost|p2a: Quaquaval|spe|1
|move|p1a: Dr. Garg|Salt Cure|p2a: Quaquaval
|-resisted|p2a: Quaquaval
|-damage|p2a: Quaquaval|91/100
|-start|p2a: Quaquaval|Salt Cure
|
|-heal|p1a: Dr. Garg|39/100|[from] item: Leftovers
|-damage|p2a: Quaquaval|66/100|[from] Salt Cure
|upkeep
|turn|17
|
|t:|1743865103
|switch|p2a: Deoxys|Deoxys-Defense|78/100 brn
|-ability|p2a: Deoxys|Pressure
|move|p1a: Dr. Garg|Recover|p1a: Dr. Garg
|-heal|p1a: Dr. Garg|89/100
|
|-heal|p2a: Deoxys|84/100 brn|[from] item: Leftovers
|-heal|p1a: Dr. Garg|95/100|[from] item: Leftovers
|-damage|p2a: Deoxys|78/100 brn|[from] brn
|upkeep
|turn|18
|
|t:|1743865105
|move|p2a: Deoxys|Knock Off|p1a: Dr. Garg
|-resisted|p1a: Dr. Garg
|-damage|p1a: Dr. Garg|93/100
|-enditem|p1a: Dr. Garg|Leftovers|[from] move: Knock Off|[of] p2a: Deoxys
|move|p1a: Dr. Garg|Salt Cure|p2a: Deoxys
|-damage|p2a: Deoxys|67/100 brn
|-start|p2a: Deoxys|Salt Cure
|
|-heal|p2a: Deoxys|74/100 brn|[from] item: Leftovers
|-damage|p2a: Deoxys|67/100 brn|[from] brn
|-damage|p2a: Deoxys|55/100 brn|[from] Salt Cure
|upkeep
|turn|19
|
|t:|1743865108
|move|p2a: Deoxys|Night Shade|p1a: Dr. Garg
|-damage|p1a: Dr. Garg|68/100
|move|p1a: Dr. Garg|Stealth Rock|p2a: Deoxys
|-sidestart|p2: quetzuma|move: Stealth Rock
|
|-heal|p2a: Deoxys|61/100 brn|[from] item: Leftovers
|-damage|p2a: Deoxys|55/100 brn|[from] brn
|-damage|p2a: Deoxys|42/100 brn|[from] Salt Cure
|upkeep
|turn|20
|
|t:|1743865111
|move|p1a: Dr. Garg|Protect|p1a: Dr. Garg
|-singleturn|p1a: Dr. Garg|Protect
|move|p2a: Deoxys|Night Shade|p1a: Dr. Garg
|-activate|p1a: Dr. Garg|move: Protect
|
|-heal|p2a: Deoxys|49/100 brn|[from] item: Leftovers
|-damage|p2a: Deoxys|42/100 brn|[from] brn
|-damage|p2a: Deoxys|30/100 brn|[from] Salt Cure
|upkeep
|turn|21
|
|t:|1743865114
|move|p2a: Deoxys|Recover|p2a: Deoxys
|-heal|p2a: Deoxys|80/100 brn
|move|p1a: Dr. Garg|Recover|p1a: Dr. Garg
|-heal|p1a: Dr. Garg|100/100
|
|-heal|p2a: Deoxys|86/100 brn|[from] item: Leftovers
|-damage|p2a: Deoxys|80/100 brn|[from] brn
|-damage|p2a: Deoxys|67/100 brn|[from] Salt Cure
|upkeep
|turn|22
|
|t:|1743865122
|switch|p2a: Ting-Lu|Ting-Lu|56/100 brn
|-damage|p2a: Ting-Lu|50/100 brn|[from] Stealth Rock
|-ability|p2a: Ting-Lu|Vessel of Ruin
|move|p1a: Dr. Garg|Protect||[still]
|-fail|p1a: Dr. Garg
|
|-heal|p2a: Ting-Lu|56/100 brn|[from] item: Leftovers
|-damage|p2a: Ting-Lu|50/100 brn|[from] brn
|upkeep
|turn|23
|
|t:|1743865126
|move|p2a: Ting-Lu|Ruination|p1a: Dr. Garg
|-damage|p1a: Dr. Garg|50/100
|move|p1a: Dr. Garg|Salt Cure|p2a: Ting-Lu
|-resisted|p2a: Ting-Lu
|-damage|p2a: Ting-Lu|47/100 brn
|-start|p2a: Ting-Lu|Salt Cure
|
|-heal|p2a: Ting-Lu|53/100 brn|[from] item: Leftovers
|-damage|p2a: Ting-Lu|47/100 brn|[from] brn
|-damage|p2a: Ting-Lu|34/100 brn|[from] Salt Cure
|upkeep
|turn|24
|
|t:|1743865129
|move|p1a: Dr. Garg|Protect|p1a: Dr. Garg
|-singleturn|p1a: Dr. Garg|Protect
|move|p2a: Ting-Lu|Whirlwind|p1a: Dr. Garg
|drag|p1a: Plague Doctor|Corviknight, M|100/100
|-ability|p1a: Plague Doctor|Pressure
|
|-heal|p2a: Ting-Lu|41/100 brn|[from] item: Leftovers
|-damage|p2a: Ting-Lu|34/100 brn|[from] brn
|-damage|p2a: Ting-Lu|22/100 brn|[from] Salt Cure
|upkeep
|turn|25
|
|t:|1743865132
|move|p1a: Plague Doctor|Body Press|p2a: Ting-Lu
|-supereffective|p2a: Ting-Lu
|-damage|p2a: Ting-Lu|2/100 brn
|move|p2a: Ting-Lu|Ruination|p1a: Plague Doctor
|-damage|p1a: Plague Doctor|50/100
|
|-heal|p2a: Ting-Lu|8/100 brn|[from] item: Leftovers
|-damage|p2a: Ting-Lu|2/100 brn|[from] brn
|-damage|p2a: Ting-Lu|0 fnt|[from] Salt Cure
|faint|p2a: Ting-Lu
|upkeep
|
|t:|1743865137
|switch|p2a: Cinderace|Cinderace, M|100/100
|turn|26
|
|t:|1743865142
|switch|p1a: Nurse|Weezing-Galar, F|2/100 par
|-ability|p1a: Nurse|Neutralizing Gas
|move|p2a: Cinderace|Court Change|p2a: Cinderace
|-swapsideconditions
|-activate|p2a: Cinderace|move: Court Change
|
|upkeep
|turn|27
|
|t:|1743865144
|move|p2a: Cinderace|Pyro Ball|p1a: Nurse
|-damage|p1a: Nurse|0 fnt
|faint|p1a: Nurse
|-end|p1a: Nurse|ability: Neutralizing Gas
|
|upkeep
|
|t:|1743865152
|switch|p1a: Acupuncturist|Samurott-Hisui, F|100/100
|-damage|p1a: Acupuncturist|88/100|[from] Stealth Rock
|turn|28
|
|t:|1743865158
|switch|p2a: Deoxys|Deoxys-Defense|67/100 brn
|-ability|p2a: Deoxys|Pressure
|move|p1a: Acupuncturist|Flip Turn|p2a: Deoxys
|-damage|p2a: Deoxys|47/100 brn
|
|t:|1743865165
|switch|p1a: Dr. Garg|Garganacl, M, tera:Fairy|50/100|[from] Flip Turn
|-damage|p1a: Dr. Garg|38/100|[from] Stealth Rock
|
|-heal|p2a: Deoxys|53/100 brn|[from] item: Leftovers
|-damage|p2a: Deoxys|47/100 brn|[from] brn
|upkeep
|turn|29
|
|t:|1743865170
|switch|p2a: Cinderace|Cinderace, M|100/100
|move|p1a: Dr. Garg|Recover|p1a: Dr. Garg
|-heal|p1a: Dr. Garg|88/100
|
|upkeep
|turn|30
|
|t:|1743865171
|move|p2a: Cinderace|Pyro Ball|p1a: Dr. Garg
|-damage|p1a: Dr. Garg|54/100
|move|p1a: Dr. Garg|Salt Cure|p2a: Cinderace
|-supereffective|p2a: Cinderace
|-damage|p2a: Cinderace|61/100
|-start|p2a: Cinderace|Salt Cure
|
|-damage|p2a: Cinderace|48/100|[from] Salt Cure
|upkeep
|turn|31
|
|t:|1743865174
|move|p2a: Cinderace|Pyro Ball|p1a: Dr. Garg
|-damage|p1a: Dr. Garg|14/100
|move|p1a: Dr. Garg|Recover|p1a: Dr. Garg
|-heal|p1a: Dr. Garg|64/100
|
|-damage|p2a: Cinderace|36/100|[from] Salt Cure
|upkeep
|turn|32
|
|t:|1743865176
|move|p1a: Dr. Garg|Protect|p1a: Dr. Garg
|-singleturn|p1a: Dr. Garg|Protect
|move|p2a: Cinderace|Pyro Ball|p1a: Dr. Garg
|-activate|p1a: Dr. Garg|move: Protect
|
|-damage|p2a: Cinderace|24/100|[from] Salt Cure
|upkeep
|turn|33
|
|t:|1743865178
|move|p2a: Cinderace|Pyro Ball|p1a: Dr. Garg
|-damage|p1a: Dr. Garg|6/100
|move|p1a: Dr. Garg|Stealth Rock|p2a: Cinderace
|-sidestart|p2: quetzuma|move: Stealth Rock
|
|-damage|p2a: Cinderace|11/100|[from] Salt Cure
|upkeep
|turn|34
|
|t:|1743865181
|switch|p2a: Quaquaval|Quaquaval, F|66/100
|-damage|p2a: Quaquaval|60/100|[from] Stealth Rock
|move|p1a: Dr. Garg|Protect||[still]
|-fail|p1a: Dr. Garg
|
|upkeep
|turn|35
|
|t:|1743865187
|move|p1a: Dr. Garg|Protect|p1a: Dr. Garg
|-singleturn|p1a: Dr. Garg|Protect
|move|p2a: Quaquaval|Aqua Step|p1a: Dr. Garg
|-activate|p1a: Dr. Garg|move: Protect
|
|upkeep
|turn|36
|
|t:|1743865190
|switch|p1a: Plague Doctor|Corviknight, M|50/100
|-damage|p1a: Plague Doctor|38/100|[from] Stealth Rock
|-ability|p1a: Plague Doctor|Pressure
|move|p2a: Quaquaval|Aqua Step|p1a: Plague Doctor
|-damage|p1a: Plague Doctor|15/100
|-boost|p2a: Quaquaval|spe|1
|
|upkeep
|turn|37
|
|t:|1743865193
|move|p2a: Quaquaval|Aqua Step|p1a: Plague Doctor
|-damage|p1a: Plague Doctor|0 fnt
|-boost|p2a: Quaquaval|spe|1
|faint|p1a: Plague Doctor
|-ability|p2a: Quaquaval|Moxie|boost
|-boost|p2a: Quaquaval|atk|1
|
|upkeep
|
|t:|1743865197
|switch|p1a: Specialist|Dragapult, M|100/100
|turn|38
|
|t:|1743865200
|move|p2a: Quaquaval|Ice Spinner|p1a: Specialist
|-supereffective|p1a: Specialist
|-damage|p1a: Specialist|0 fnt
|faint|p1a: Specialist
|-ability|p2a: Quaquaval|Moxie|boost
|-boost|p2a: Quaquaval|atk|1
|
|upkeep
|-message|joasduwad forfeited.
|
|win|quetzuma
|raw|joasduwad's rating: 1450 &rarr; <strong>1427</strong><br />(-23 for losing)
|raw|quetzuma's rating: 1389 &rarr; <strong>1412</strong><br />(+23 for winning)
|l|☆joasduwad
|player|p1|
|l|☆quetzuma
|player|p2|
