|j|☆stevenash12332
|j|☆datshadywolf
|t:|1743841363
|gametype|singles
|player|p1|stevenash12332|blue|1111
|player|p2|datshadywolf|byron|1058
|teamsize|p1|6
|teamsize|p2|6
|gen|9
|tier|[Gen 9] OU
|rated|
|rule|HP Percentage Mod: HP is shown in percentages
|rule|Endless Battle Clause: Forcing endless battles is banned
|rule|Species Clause: Limit one of each Pokémon
|rule|OHKO Clause: OHKO moves are banned
|rule|Evasion Items Clause: Evasion items are banned
|rule|Evasion Moves Clause: Evasion moves are banned
|rule|Sleep Moves Clause: Sleep-inducing moves are banned
|clearpoke
|poke|p1|Raging Bolt|
|poke|p1|Greninja-*, M|
|poke|p1|Corviknight, F|
|poke|p1|Ogerpon-Wellspring, F|
|poke|p1|Dragonite, F|
|poke|p1|Rillaboom, M|
|poke|p2|Tyranitar, F|
|poke|p2|Toxapex, F|
|poke|p2|Houndstone, M|
|poke|p2|Gastrodon, M|
|poke|p2|Lycanroc, M|
|poke|p2|Hippowdon, F|
|teampreview
|c|☆stevenash12332|!weak ratatta
No Pokémon or type named 'ratatta' was found. Searching for 'Raticate' instead.
|c| stevenash12332|/raw <div class="infobox">Raticate (ignoring abilities):<br /><span class="message-effect-weak">Weaknesses</span>: Fighting<br /><span class="message-effect-resist">Resistances</span>: <font color=#999999>None</font><br /><span class="message-effect-immune">Immunities</span>: Ghost</div>
|
|t:|1743841384
|start
|switch|p1a: Tobirama|Greninja, M|100/100
|switch|p2a: Lump|Hippowdon, F, shiny|100/100
|-weather|Sandstorm|[from] ability: Sand Stream|[of] p2a: Lump
|turn|1
|
|t:|1743841393
|switch|p2a: Yeah it's him|Gastrodon, M, shiny|100/100
|move|p1a: Tobirama|Hydro Pump|p2a: Yeah it's him
|-start|p1a: Tobirama|typechange|Water|[from] ability: Protean
|-ability|p2a: Yeah it's him|Storm Drain|boost
|-boost|p2a: Yeah it's him|spa|1
|
|-weather|Sandstorm|[upkeep]
|-damage|p1a: Tobirama|95/100|[from] Sandstorm
|upkeep
|turn|2
|
|t:|1743841406
|switch|p1a: Piccolo|Rillaboom, M|100/100
|-fieldstart|move: Grassy Terrain|[from] ability: Grassy Surge|[of] p1a: Piccolo
|move|p2a: Yeah it's him|Stealth Rock|p1a: Piccolo
|-sidestart|p1: stevenash12332|move: Stealth Rock
|
|-weather|Sandstorm|[upkeep]
|-damage|p1a: Piccolo|94/100|[from] Sandstorm
|-heal|p1a: Piccolo|100/100|[from] Grassy Terrain
|upkeep
|turn|3
|
|t:|1743841418
|switch|p2a: Toxic Tampon|Toxapex, F|100/100
|move|p1a: Piccolo|Leech Seed|p2a: Toxic Tampon|[miss]
|-miss|p1a: Piccolo|p2a: Toxic Tampon
|
|-weather|Sandstorm|[upkeep]
|-damage|p1a: Piccolo|94/100|[from] Sandstorm
|-damage|p2a: Toxic Tampon|94/100|[from] Sandstorm
|-heal|p1a: Piccolo|100/100|[from] Grassy Terrain
|-heal|p2a: Toxic Tampon|100/100|[from] Grassy Terrain
|upkeep
|turn|4
|
|t:|1743841433
|move|p2a: Toxic Tampon|Baneful Bunker|p2a: Toxic Tampon
|-singleturn|p2a: Toxic Tampon|move: Protect
|move|p1a: Piccolo|U-turn|p2a: Toxic Tampon
|-activate|p2a: Toxic Tampon|move: Protect
|-status|p1a: Piccolo|psn
|
|-weather|Sandstorm|[upkeep]
|-damage|p1a: Piccolo|94/100 psn|[from] Sandstorm
|-damage|p2a: Toxic Tampon|94/100|[from] Sandstorm
|-heal|p1a: Piccolo|100/100 psn|[from] Grassy Terrain
|-heal|p2a: Toxic Tampon|100/100|[from] Grassy Terrain
|-damage|p1a: Piccolo|88/100 psn|[from] psn
|upkeep
|turn|5
|
|t:|1743841456
|move|p1a: Piccolo|U-turn|p2a: Toxic Tampon
|-resisted|p2a: Toxic Tampon
|-damage|p2a: Toxic Tampon|93/100
|
|t:|1743841470
|switch|p1a: Trunks|Raging Bolt|100/100|[from] U-turn
|-damage|p1a: Trunks|88/100|[from] Stealth Rock
|-enditem|p1a: Trunks|Booster Energy
|-activate|p1a: Trunks|ability: Protosynthesis|[fromitem]
|-start|p1a: Trunks|protosynthesisspa
|move|p2a: Toxic Tampon|Toxic|p1a: Trunks
|-status|p1a: Trunks|tox
|
|-weather|Sandstorm|[upkeep]
|-damage|p1a: Trunks|82/100 tox|[from] Sandstorm
|-damage|p2a: Toxic Tampon|87/100|[from] Sandstorm
|-heal|p1a: Trunks|88/100 tox|[from] Grassy Terrain
|-heal|p2a: Toxic Tampon|93/100|[from] Grassy Terrain
|-heal|p2a: Toxic Tampon|99/100|[from] item: Black Sludge
|-damage|p1a: Trunks|82/100 tox|[from] psn
|upkeep
|turn|6
|
|t:|1743841487
|move|p2a: Toxic Tampon|Baneful Bunker|p2a: Toxic Tampon
|-singleturn|p2a: Toxic Tampon|move: Protect
|move|p1a: Trunks|Calm Mind|p1a: Trunks
|-boost|p1a: Trunks|spa|1
|-boost|p1a: Trunks|spd|1
|
|-weather|Sandstorm|[upkeep]
|-damage|p1a: Trunks|76/100 tox|[from] Sandstorm
|-damage|p2a: Toxic Tampon|93/100|[from] Sandstorm
|-heal|p1a: Trunks|82/100 tox|[from] Grassy Terrain
|-heal|p2a: Toxic Tampon|99/100|[from] Grassy Terrain
|-heal|p2a: Toxic Tampon|100/100|[from] item: Black Sludge
|-damage|p1a: Trunks|70/100 tox|[from] psn
|-fieldend|move: Grassy Terrain
|upkeep
|turn|7
|
|t:|1743841504
|switch|p2a: Yeah it's him|Gastrodon, M, shiny|100/100
|move|p1a: Trunks|Dragon Pulse|p2a: Yeah it's him
|-damage|p2a: Yeah it's him|31/100
|
|-weather|Sandstorm|[upkeep]
|-damage|p1a: Trunks|64/100 tox|[from] Sandstorm
|-heal|p2a: Yeah it's him|37/100|[from] item: Leftovers
|-damage|p1a: Trunks|45/100 tox|[from] psn
|upkeep
|turn|8
|
|t:|1743841518
|move|p1a: Trunks|Dragon Pulse|p2a: Yeah it's him
|-crit|p2a: Yeah it's him
|-damage|p2a: Yeah it's him|0 fnt
|faint|p2a: Yeah it's him
|
|-weather|none
|-damage|p1a: Trunks|21/100 tox|[from] psn
|upkeep
|
|t:|1743841526
|switch|p2a: Lump|Hippowdon, F, shiny|100/100
|-weather|Sandstorm|[from] ability: Sand Stream|[of] p2a: Lump
|turn|9
|
|t:|1743841533
|move|p1a: Trunks|Dragon Pulse|p2a: Lump
|-damage|p2a: Lump|0 fnt
|faint|p2a: Lump
|
|-weather|Sandstorm|[upkeep]
|-damage|p1a: Trunks|15/100 tox|[from] Sandstorm
|-damage|p1a: Trunks|0 fnt|[from] psn
|faint|p1a: Trunks
|-end|p1a: Trunks|Protosynthesis|[silent]
|upkeep
|
|t:|1743841551
|switch|p1a: Super 17|Corviknight, F|100/100
|switch|p2a: Lycanroc|Lycanroc, M|100/100
|-damage|p1a: Super 17|88/100|[from] Stealth Rock
|turn|10
|
|t:|1743841558
|move|p2a: Lycanroc|Swords Dance|p2a: Lycanroc
|-boost|p2a: Lycanroc|atk|2
|move|p1a: Super 17|Defog|p2a: Lycanroc
|-unboost|p2a: Lycanroc|evasion|1
|-sideend|p1: stevenash12332|Stealth Rock|[from] move: Defog|[of] p1a: Super 17
|
|-weather|Sandstorm|[upkeep]
|upkeep
|turn|11
|
|t:|1743841569
|move|p2a: Lycanroc|Stone Edge|p1a: Super 17
|-damage|p1a: Super 17|0 fnt
|faint|p1a: Super 17
|-damage|p2a: Lycanroc|91/100|[from] item: Life Orb
|
|-weather|Sandstorm|[upkeep]
|upkeep
|
|t:|1743841576
|switch|p1a: L Drago da HPThief|Ogerpon-Wellspring, F|100/100
|turn|12
|
|t:|1743841585
|move|p2a: Lycanroc|Close Combat|p1a: L Drago da HPThief
|-damage|p1a: L Drago da HPThief|0 fnt
|-unboost|p2a: Lycanroc|def|1
|-unboost|p2a: Lycanroc|spd|1
|faint|p1a: L Drago da HPThief
|-damage|p2a: Lycanroc|81/100|[from] item: Life Orb
|
|-weather|Sandstorm|[upkeep]
|upkeep
|
|t:|1743841606
|switch|p1a: Tobirama|Greninja, M|95/100
|turn|13
|
|t:|1743841611
|move|p2a: Lycanroc|Close Combat|p1a: Tobirama
|-supereffective|p1a: Tobirama
|-damage|p1a: Tobirama|0 fnt
|-unboost|p2a: Lycanroc|def|1
|-unboost|p2a: Lycanroc|spd|1
|faint|p1a: Tobirama
|-damage|p2a: Lycanroc|71/100|[from] item: Life Orb
|
|-weather|Sandstorm|[upkeep]
|upkeep
|
|t:|1743841617
|switch|p1a: Goku|Dragonite, F|100/100
|turn|14
|c|☆stevenash12332|how fast is this guy wth
|
|t:|1743841628
|move|p2a: Lycanroc|Stone Edge|p1a: Goku
|-supereffective|p1a: Goku
|-damage|p1a: Goku|0 fnt
|faint|p1a: Goku
|-damage|p2a: Lycanroc|61/100|[from] item: Life Orb
|
|-weather|Sandstorm|[upkeep]
|upkeep
|
|t:|1743841633
|switch|p1a: Piccolo|Rillaboom, M|88/100 psn
|-fieldstart|move: Grassy Terrain|[from] ability: Grassy Surge|[of] p1a: Piccolo
|turn|15
|
|t:|1743841639
|move|p1a: Piccolo|Grassy Glide|p2a: Lycanroc
|-supereffective|p2a: Lycanroc
|-damage|p2a: Lycanroc|0 fnt
|faint|p2a: Lycanroc
|
|-weather|Sandstorm|[upkeep]
|-damage|p1a: Piccolo|82/100 psn|[from] Sandstorm
|-heal|p1a: Piccolo|88/100 psn|[from] Grassy Terrain
|-heal|p1a: Piccolo|94/100 psn|[from] item: Leftovers
|-damage|p1a: Piccolo|82/100 psn|[from] psn
|upkeep
|-message|stevenash12332 forfeited.
|
|win|datshadywolf
|raw|stevenash12332's rating: 1111 &rarr; <strong>1084</strong><br />(-27 for losing)
|raw|datshadywolf's rating: 1086 &rarr; <strong>1115</strong><br />(+29 for winning)
|l|☆stevenash12332
|player|p1|
|l|☆datshadywolf
|player|p2|
