|j|☆ianfer_15
|j|☆clownlitos
|t:|1743887130
|gametype|singles
|player|p1|ianfer_15|psychic|1196
|player|p2|clownlitos|benga|1211
|teamsize|p1|6
|teamsize|p2|6
|gen|9
|tier|[Gen 9] OU
|rated|
|rule|HP Percentage Mod: HP is shown in percentages
|rule|Endless Battle Clause: Forcing endless battles is banned
|rule|Species Clause: Limit one of each Pokémon
|rule|OHKO Clause: OHKO moves are banned
|rule|Evasion Items Clause: Evasion items are banned
|rule|Evasion Moves Clause: Evasion moves are banned
|rule|Sleep Moves Clause: Sleep-inducing moves are banned
|clearpoke
|poke|p1|Meowscarada, M|
|poke|p1|Pawmot, M|
|poke|p1|Tinkaton, F|
|poke|p1|Tauros-Paldea-Aqua, M|
|poke|p1|Maushold-Four|
|poke|p1|Armarouge, M|
|poke|p2|Sudowoodo, F|
|poke|p2|Okidogi, M|
|poke|p2|Gholdengo|
|poke|p2|Mimikyu, F|
|poke|p2|Great Tusk|
|poke|p2|Kingambit, F|
|teampreview
|inactive|Battle timer is ON: inactive players will automatically lose when time's up. (requested by ianfer_15)
|
|t:|1743887146
|start
|switch|p1a: Joker|Meowscarada, M|100/100
|switch|p2a: Woodman|Sudowoodo, F|100/100
|turn|1
|
|t:|1743887154
|move|p1a: Joker|U-turn|p2a: Woodman
|-start|p1a: Joker|typechange|Bug|[from] ability: Protean
|-damage|p2a: Woodman|49/100
|
|t:|1743887159
|switch|p1a: Miss Trunchbull|Tinkaton, F|100/100|[from] U-turn
|-ability|p1a: Miss Trunchbull|Mold Breaker
|move|p2a: Woodman|Stealth Rock|p1a: Miss Trunchbull
|-sidestart|p1: ianfer_15|move: Stealth Rock
|
|upkeep
|turn|2
|
|t:|1743887172
|move|p1a: Miss Trunchbull|Gigaton Hammer|p2a: Woodman
|-supereffective|p2a: Woodman
|-damage|p2a: Woodman|0 fnt
|faint|p2a: Woodman
|
|upkeep
|
|t:|1743887184
|switch|p2a: String Cheese|Gholdengo|100/100
|-item|p2a: String Cheese|Air Balloon
|turn|3
|
|t:|1743887192
|switch|p1a: Asterius|Tauros-Paldea-Aqua, M|100/100
|-damage|p1a: Asterius|94/100|[from] Stealth Rock
|-ability|p1a: Asterius|Intimidate|boost
|-unboost|p2a: String Cheese|atk|1
|move|p2a: String Cheese|Thunder Wave|p1a: Asterius
|-status|p1a: Asterius|par
|
|upkeep
|turn|4
|
|t:|1743887203
|move|p2a: String Cheese|Nasty Plot|p2a: String Cheese
|-boost|p2a: String Cheese|spa|2
|cant|p1a: Asterius|par
|
|upkeep
|turn|5
|
|t:|1743887212
|move|p2a: String Cheese|Shadow Ball|p1a: Asterius
|-damage|p1a: Asterius|11/100 par
|-unboost|p1a: Asterius|spd|1
|move|p1a: Asterius|Raging Bull|p2a: String Cheese
|-damage|p2a: String Cheese|52/100
|-enditem|p2a: String Cheese|Air Balloon
|
|upkeep
|turn|6
|
|t:|1743887221
|move|p1a: Asterius|Aqua Jet|p2a: String Cheese
|-damage|p2a: String Cheese|31/100
|move|p2a: String Cheese|Shadow Ball|p1a: Asterius
|-damage|p1a: Asterius|0 fnt
|faint|p1a: Asterius
|
|upkeep
|
|t:|1743887229
|switch|p1a: Joker|Meowscarada, M|100/100
|-damage|p1a: Joker|88/100|[from] Stealth Rock
|turn|7
|
|t:|1743887236
|move|p1a: Joker|Knock Off|p2a: String Cheese
|-start|p1a: Joker|typechange|Dark|[from] ability: Protean
|-supereffective|p2a: String Cheese
|-damage|p2a: String Cheese|0 fnt
|faint|p2a: String Cheese
|
|upkeep
|
|t:|1743887244
|switch|p2a: ogidogi|Okidogi, M|100/100
|turn|8
|
|t:|1743887251
|switch|p1a: Miss Trunchbull|Tinkaton, F|100/100
|-damage|p1a: Miss Trunchbull|94/100|[from] Stealth Rock
|-ability|p1a: Miss Trunchbull|Mold Breaker
|move|p2a: ogidogi|Bulk Up|p2a: ogidogi
|-boost|p2a: ogidogi|atk|1
|-boost|p2a: ogidogi|def|1
|
|upkeep
|turn|9
|
|t:|1743887262
|move|p1a: Miss Trunchbull|Swords Dance|p1a: Miss Trunchbull
|-boost|p1a: Miss Trunchbull|atk|2
|move|p2a: ogidogi|Bulk Up|p2a: ogidogi
|-boost|p2a: ogidogi|atk|1
|-boost|p2a: ogidogi|def|1
|
|upkeep
|turn|10
|
|t:|1743887274
|move|p1a: Miss Trunchbull|Gigaton Hammer|p2a: ogidogi
|-damage|p2a: ogidogi|51/100
|move|p2a: ogidogi|Drain Punch|p1a: Miss Trunchbull
|-damage|p1a: Miss Trunchbull|0 fnt
|-heal|p2a: ogidogi|90/100|[from] drain|[of] p1a: Miss Trunchbull
|-damage|p2a: ogidogi|73/100|[from] item: Rocky Helmet|[of] p1a: Miss Trunchbull
|faint|p1a: Miss Trunchbull
|
|upkeep
|
|t:|1743887292
|switch|p1a: Jaq & Gus|Maushold-Four|100/100
|-damage|p1a: Jaq & Gus|88/100|[from] Stealth Rock
|turn|11
|
|t:|1743887312
|-terastallize|p1a: Jaq & Gus|Ghost
|move|p1a: Jaq & Gus|Tidy Up|p1a: Jaq & Gus
|-sideend|p1: ianfer_15|Stealth Rock
|-activate|p1a: Jaq & Gus|move: Tidy Up
|-boost|p1a: Jaq & Gus|atk|1
|-boost|p1a: Jaq & Gus|spe|1
|move|p2a: ogidogi|Drain Punch|p1a: Jaq & Gus
|-immune|p1a: Jaq & Gus
|
|upkeep
|turn|12
|
|t:|1743887321
|move|p1a: Jaq & Gus|Population Bomb|p2a: ogidogi
|-damage|p2a: ogidogi|66/100
|-damage|p2a: ogidogi|59/100
|-damage|p2a: ogidogi|52/100
|-damage|p2a: ogidogi|45/100
|-damage|p2a: ogidogi|38/100
|-damage|p2a: ogidogi|31/100
|-damage|p2a: ogidogi|25/100
|-damage|p2a: ogidogi|18/100
|-damage|p2a: ogidogi|12/100
|-damage|p2a: ogidogi|4/100
|-hitcount|p2a: ogidogi|10
|move|p2a: ogidogi|Knock Off|p1a: Jaq & Gus
|-supereffective|p1a: Jaq & Gus
|-damage|p1a: Jaq & Gus|0 fnt
|-enditem|p1a: Jaq & Gus|Wide Lens|[from] move: Knock Off|[of] p2a: ogidogi
|faint|p1a: Jaq & Gus
|
|upkeep
|
|t:|1743887328
|switch|p1a: Joker|Meowscarada, M|88/100
|turn|13
|c|☆clownlitos|TEN
|
|t:|1743887351
|move|p1a: Joker|U-turn|p2a: ogidogi
|-start|p1a: Joker|typechange|Bug|[from] ability: Protean
|-resisted|p2a: ogidogi
|-damage|p2a: ogidogi|0 fnt
|faint|p2a: ogidogi
|
|t:|1743887354
|switch|p1a: Armarouge|Armarouge, M|100/100|[from] U-turn
|
|upkeep
|
|t:|1743887361
|switch|p2a: House MD|Great Tusk|100/100
|-enditem|p2a: House MD|Booster Energy
|-activate|p2a: House MD|ability: Protosynthesis|[fromitem]
|-start|p2a: House MD|protosynthesisspe
|turn|14
|
|t:|1743887368
|move|p2a: House MD|Headlong Rush|p1a: Armarouge
|-supereffective|p1a: Armarouge
|-enditem|p1a: Armarouge|Focus Sash
|-damage|p1a: Armarouge|1/100
|-unboost|p2a: House MD|def|1
|-unboost|p2a: House MD|spd|1
|-ability|p1a: Armarouge|Weak Armor|boost
|-unboost|p1a: Armarouge|def|1
|-boost|p1a: Armarouge|spe|2
|move|p1a: Armarouge|Energy Ball|p2a: House MD
|-supereffective|p2a: House MD
|-damage|p2a: House MD|0 fnt
|faint|p2a: House MD
|-end|p2a: House MD|Protosynthesis|[silent]
|
|upkeep
|
|t:|1743887384
|switch|p2a: Hi|Mimikyu, F, shiny|100/100
|turn|15
|
|t:|1743887395
|move|p1a: Armarouge|Destiny Bond|p1a: Armarouge
|-singlemove|p1a: Armarouge|Destiny Bond
|move|p2a: Hi|Swords Dance|p2a: Hi
|-boost|p2a: Hi|atk|2
|
|upkeep
|turn|16
|
|t:|1743887404
|move|p1a: Armarouge|Armor Cannon|p2a: Hi
|-activate|p2a: Hi|ability: Disguise
|-damage|p2a: Hi|100/100
|-unboost|p1a: Armarouge|def|1
|-unboost|p1a: Armarouge|spd|1
|detailschange|p2a: Hi|Mimikyu-Busted, F, shiny
|-damage|p2a: Hi|88/100|[from] pokemon: Mimikyu-Busted
|move|p2a: Hi|Swords Dance|p2a: Hi
|-boost|p2a: Hi|atk|2
|
|upkeep
|turn|17
|
|t:|1743887416
|move|p2a: Hi|Shadow Sneak|p1a: Armarouge
|-supereffective|p1a: Armarouge
|-damage|p1a: Armarouge|0 fnt
|faint|p1a: Armarouge
|-damage|p2a: Hi|78/100|[from] item: Life Orb
|
|upkeep
|
|t:|1743887419
|switch|p1a: Joker|Meowscarada, M|88/100
|turn|18
|
|t:|1743887436
|move|p1a: Joker|Flower Trick|p2a: Hi
|-start|p1a: Joker|typechange|Grass|[from] ability: Protean
|-crit|p2a: Hi
|-damage|p2a: Hi|0 fnt
|faint|p2a: Hi
|
|upkeep
|
|t:|1743887442
|switch|p2a: No|Kingambit, F|100/100
|-activate|p2a: No|ability: Supreme Overlord
|-start|p2a: No|fallen5|[silent]
|-item|p2a: No|Air Balloon
|turn|19
|
|t:|1743887448
|switch|p1a: Pawmot|Pawmot, M|100/100
|move|p2a: No|Swords Dance|p2a: No
|-boost|p2a: No|atk|2
|
|upkeep
|turn|20
|
|t:|1743887471
|-terastallize|p2a: No|Dark
|move|p1a: Pawmot|Close Combat|p2a: No
|-supereffective|p2a: No
|-damage|p2a: No|23/100
|-unboost|p1a: Pawmot|def|1
|-unboost|p1a: Pawmot|spd|1
|-enditem|p2a: No|Air Balloon
|move|p2a: No|Kowtow Cleave|p1a: Pawmot
|-resisted|p1a: Pawmot
|-damage|p1a: Pawmot|0 fnt
|faint|p1a: Pawmot
|
|upkeep
|
|t:|1743887475
|switch|p1a: Joker|Meowscarada, M|88/100
|turn|21
|
|t:|1743887485
|move|p2a: No|Sucker Punch|p1a: Joker
|-resisted|p1a: Joker
|-damage|p1a: Joker|0 fnt
|faint|p1a: Joker
|
|win|clownlitos
|raw|ianfer_15's rating: 1196 &rarr; <strong>1172</strong><br />(-24 for losing)
|raw|clownlitos's rating: 1211 &rarr; <strong>1235</strong><br />(+24 for winning)
|l|☆clownlitos
|player|p2|
