|j|☆g3355668
|j|‽Pulianboyzz
|t:|1743793412
|gametype|singles
|player|p1|g3355668|iris|1000
|player|p2|Pulianboyzz|265|1000
|teamsize|p1|6
|teamsize|p2|6
|gen|9
|tier|[Gen 9] OU
|rated|
|rule|HP Percentage Mod: HP is shown in percentages
|rule|Endless Battle Clause: Forcing endless battles is banned
|rule|Species Clause: Limit one of each Pokémon
|rule|OHKO Clause: OHKO moves are banned
|rule|Evasion Items Clause: Evasion items are banned
|rule|Evasion Moves Clause: Evasion moves are banned
|rule|Sleep Moves Clause: Sleep-inducing moves are banned
|clearpoke
|poke|p1|Rillaboom, F|
|poke|p1|Corviknight, F|
|poke|p1|Gliscor, M|
|poke|p1|Suicune|
|poke|p1|Kyurem|
|poke|p1|Alomomola, M|
|poke|p2|Hawlucha, M|
|poke|p2|Sceptile, M|
|poke|p2|Greninja-*, M|
|poke|p2|Metagross|
|poke|p2|Iron Jugulis|
|poke|p2|Ceruledge, M|
|teampreview
|
|t:|1743793440
|start
|switch|p1a: 三角初音(想扣祥子🥵)|Kyurem|100/100
|switch|p2a: Hawlucha|Hawlucha, M, shiny|100/100
|-ability|p2a: Hawlucha|Mold Breaker
|-ability|p1a: 三角初音(想扣祥子🥵)|Pressure
|turn|1
|
|t:|1743793463
|-terastallize|p1a: 三角初音(想扣祥子🥵)|Fairy
|move|p2a: Hawlucha|High Jump Kick|p1a: 三角初音(想扣祥子🥵)
|-resisted|p1a: 三角初音(想扣祥子🥵)
|-damage|p1a: 三角初音(想扣祥子🥵)|74/100
|move|p1a: 三角初音(想扣祥子🥵)|Freeze-Dry|p2a: Hawlucha
|-supereffective|p2a: Hawlucha
|-damage|p2a: Hawlucha|0 fnt
|faint|p2a: Hawlucha
|
|-heal|p1a: 三角初音(想扣祥子🥵)|81/100|[from] item: Leftovers
|upkeep
|
|t:|1743793477
|switch|p2a: Metagross|Metagross|100/100
|turn|2
|
|t:|1743793493
|switch|p1a: 若叶睦(？？？)|Alomomola, M|100/100
|move|p2a: Metagross|Meteor Mash|p1a: 若叶睦(？？？)
|-resisted|p1a: 若叶睦(？？？)
|-damage|p1a: 若叶睦(？？？)|82/100
|
|upkeep
|turn|3
|
|t:|1743793503
|move|p2a: Metagross|Meteor Mash|p1a: 若叶睦(？？？)
|-resisted|p1a: 若叶睦(？？？)
|-damage|p1a: 若叶睦(？？？)|62/100
|move|p1a: 若叶睦(？？？)|Scald|p2a: Metagross
|-damage|p2a: Metagross|90/100
|
|upkeep
|turn|4
|
|t:|1743793510
|move|p2a: Metagross|Meteor Mash|p1a: 若叶睦(？？？)|[miss]
|-miss|p2a: Metagross|p1a: 若叶睦(？？？)
|move|p1a: 若叶睦(？？？)|Wish|p1a: 若叶睦(？？？)
|
|upkeep
|turn|5
|
|t:|1743793515
|move|p2a: Metagross|Meteor Mash|p1a: 若叶睦(？？？)
|-resisted|p1a: 若叶睦(？？？)
|-damage|p1a: 若叶睦(？？？)|42/100
|move|p1a: 若叶睦(？？？)|Scald|p2a: Metagross
|-damage|p2a: Metagross|81/100
|
|-heal|p1a: 若叶睦(？？？)|92/100|[from] move: Wish|[wisher] 若叶睦(？？？)
|upkeep
|turn|6
|
|t:|1743793525
|move|p2a: Metagross|Meteor Mash|p1a: 若叶睦(？？？)|[miss]
|-miss|p2a: Metagross|p1a: 若叶睦(？？？)
|move|p1a: 若叶睦(？？？)|Wish|p1a: 若叶睦(？？？)
|
|upkeep
|turn|7
|
|t:|1743793530
|move|p2a: Metagross|Meteor Mash|p1a: 若叶睦(？？？)|[miss]
|-miss|p2a: Metagross|p1a: 若叶睦(？？？)
|move|p1a: 若叶睦(？？？)|Scald|p2a: Metagross
|-damage|p2a: Metagross|72/100
|-status|p2a: Metagross|brn
|
|-heal|p1a: 若叶睦(？？？)|100/100|[from] move: Wish|[wisher] 若叶睦(？？？)
|-damage|p2a: Metagross|66/100 brn|[from] brn
|upkeep
|turn|8
|
|t:|1743793545
|switch|p2a: Iron Jugulis|Iron Jugulis|100/100
|-enditem|p2a: Iron Jugulis|Booster Energy
|-activate|p2a: Iron Jugulis|ability: Quark Drive|[fromitem]
|-start|p2a: Iron Jugulis|quarkdrivespe
|move|p1a: 若叶睦(？？？)|Flip Turn|p2a: Iron Jugulis
|-damage|p2a: Iron Jugulis|82/100
|inactive|Battle timer is ON: inactive players will automatically lose when time's up. (requested by g3355668)
|
|t:|1743793560
|switch|p1a: 三角初音(想扣祥子🥵)|Kyurem, tera:Fairy|81/100|[from] Flip Turn
|-ability|p1a: 三角初音(想扣祥子🥵)|Pressure
|
|-heal|p1a: 三角初音(想扣祥子🥵)|87/100|[from] item: Leftovers
|upkeep
|turn|9
|
|t:|1743793572
|-terastallize|p2a: Iron Jugulis|Flying
|move|p1a: 三角初音(想扣祥子🥵)|Protect|p1a: 三角初音(想扣祥子🥵)
|-singleturn|p1a: 三角初音(想扣祥子🥵)|Protect
|move|p2a: Iron Jugulis|Hurricane|p1a: 三角初音(想扣祥子🥵)
|-activate|p1a: 三角初音(想扣祥子🥵)|move: Protect
|
|-heal|p1a: 三角初音(想扣祥子🥵)|93/100|[from] item: Leftovers
|upkeep
|turn|10
|
|t:|1743793584
|move|p2a: Iron Jugulis|Hurricane|p1a: 三角初音(想扣祥子🥵)
|-damage|p1a: 三角初音(想扣祥子🥵)|21/100
|move|p1a: 三角初音(想扣祥子🥵)|Freeze-Dry|p2a: Iron Jugulis
|-supereffective|p2a: Iron Jugulis
|-damage|p2a: Iron Jugulis|0 fnt
|faint|p2a: Iron Jugulis
|-end|p2a: Iron Jugulis|Quark Drive|[silent]
|
|-heal|p1a: 三角初音(想扣祥子🥵)|27/100|[from] item: Leftovers
|upkeep
|
|t:|1743793595
|switch|p2a: Metagross|Metagross|66/100 brn
|turn|11
|
|t:|1743793600
|switch|p1a: 若叶睦(？？？)|Alomomola, M|100/100
|move|p2a: Metagross|Bullet Punch|p1a: 若叶睦(？？？)
|-resisted|p1a: 若叶睦(？？？)
|-damage|p1a: 若叶睦(？？？)|96/100
|
|-damage|p2a: Metagross|60/100 brn|[from] brn
|upkeep
|turn|12
|-message|Pulianboyzz forfeited.
|
|win|g3355668
|raw|g3355668's rating: 1000 &rarr; <strong>1040</strong><br />(+40 for winning)
|raw|Pulianboyzz's rating: 1000 &rarr; <strong>1000</strong><br />(+0 for losing)
|l|‽Pulianboyzz
|player|p2|
