|j|☆YIN SUN SHIN
|j|☆suparsayajin
|t:|1743857945
|gametype|singles
|player|p1|YIN SUN SHIN|harlequin|1435
|player|p2|suparsayajin|102|1496
|teamsize|p1|6
|teamsize|p2|6
|gen|9
|tier|[Gen 9] OU
|rated|
|rule|HP Percentage Mod: HP is shown in percentages
|rule|Endless Battle Clause: Forcing endless battles is banned
|rule|Species Clause: Limit one of each Pokémon
|rule|OHKO Clause: OHKO moves are banned
|rule|Evasion Items Clause: Evasion items are banned
|rule|Evasion Moves Clause: Evasion moves are banned
|rule|Sleep Moves Clause: Sleep-inducing moves are banned
|clearpoke
|poke|p1|Blastoise, M|
|poke|p1|Magnezone|
|poke|p1|Landorus-Therian, M|
|poke|p1|Clefable, F|
|poke|p1|Zarude-Dada|
|poke|p1|Tatsugiri-Stretchy, M|
|poke|p2|Zapdos|
|poke|p2|Greninja-*, M|
|poke|p2|Weavile, M|
|poke|p2|Garchomp, F|
|poke|p2|Snorlax, F|
|poke|p2|Excadrill, F|
|teampreview
|inactive|Battle timer is ON: inactive players will automatically lose when time's up. (requested by suparsayajin)
|inactive|suparsayajin has 120 seconds left.
|
|t:|1743857985
|start
|switch|p1a: Landorus|Landorus-Therian, M|100/100
|switch|p2a: Weavile|Weavile, M|100/100
|-ability|p2a: Weavile|Pressure
|-ability|p1a: Landorus|Intimidate|boost
|-unboost|p2a: Weavile|atk|1
|turn|1
|
|t:|1743857989
|switch|p2a: Garchomp|Garchomp, F|100/100
|switch|p1a: Magnezone|Magnezone|100/100
|
|upkeep
|turn|2
|
|t:|1743857992
|switch|p1a: Landorus|Landorus-Therian, M|100/100
|-ability|p1a: Landorus|Intimidate|boost
|-unboost|p2a: Garchomp|atk|1
|move|p2a: Garchomp|Stealth Rock|p1a: Landorus
|-sidestart|p1: YIN SUN SHIN|move: Stealth Rock
|
|upkeep
|turn|3
|
|t:|1743857995
|move|p2a: Garchomp|Spikes|p1a: Landorus
|-sidestart|p1: YIN SUN SHIN|Spikes
|move|p1a: Landorus|Stealth Rock|p2a: Garchomp
|-sidestart|p2: suparsayajin|move: Stealth Rock
|
|upkeep
|turn|4
|
|t:|1743857999
|move|p1a: Landorus|Earthquake|p2a: Garchomp
|-damage|p2a: Garchomp|53/100
|move|p2a: Garchomp|Dragon Tail|p1a: Landorus
|-damage|p1a: Landorus|80/100
|-damage|p2a: Garchomp|36/100|[from] item: Rocky Helmet|[of] p1a: Landorus
|drag|p1a: Zarude|Zarude-Dada|100/100
|-damage|p1a: Zarude|88/100|[from] Stealth Rock
|-damage|p1a: Zarude|76/100|[from] Spikes
|
|upkeep
|turn|5
|
|t:|1743858009
|move|p1a: Zarude|Knock Off|p2a: Garchomp
|-damage|p2a: Garchomp|0 fnt
|-damage|p1a: Zarude|64/100|[from] ability: Rough Skin|[of] p2a: Garchomp
|-damage|p1a: Zarude|47/100|[from] item: Rocky Helmet|[of] p2a: Garchomp
|-enditem|p2a: Garchomp|Rocky Helmet|[from] move: Knock Off|[of] p1a: Zarude
|faint|p2a: Garchomp
|-damage|p1a: Zarude|37/100|[from] item: Life Orb
|
|upkeep
|
|t:|1743858015
|switch|p2a: Excadrill|Excadrill, F|100/100
|-damage|p2a: Excadrill|97/100|[from] Stealth Rock
|-ability|p2a: Excadrill|Mold Breaker
|-item|p2a: Excadrill|Air Balloon
|turn|6
|
|t:|1743858023
|move|p1a: Zarude|Close Combat|p2a: Excadrill
|-supereffective|p2a: Excadrill
|-damage|p2a: Excadrill|0 fnt
|-unboost|p1a: Zarude|def|1
|-unboost|p1a: Zarude|spd|1
|-enditem|p2a: Excadrill|Air Balloon
|faint|p2a: Excadrill
|-damage|p1a: Zarude|27/100|[from] item: Life Orb
|
|upkeep
|
|t:|1743858026
|switch|p2a: Greninja|Greninja, M|100/100
|-damage|p2a: Greninja|88/100|[from] Stealth Rock
|turn|7
|
|t:|1743858031
|switch|p1a: Clefable|Clefable, F|100/100
|-damage|p1a: Clefable|88/100|[from] Stealth Rock
|-damage|p1a: Clefable|76/100|[from] Spikes
|move|p2a: Greninja|Ice Beam|p1a: Clefable
|-damage|p1a: Clefable|56/100
|
|-heal|p1a: Clefable|62/100|[from] item: Leftovers
|upkeep
|turn|8
|
|t:|1743858040
|move|p2a: Greninja|Ice Beam|p1a: Clefable
|-damage|p1a: Clefable|46/100
|move|p1a: Clefable|Moonblast|p2a: Greninja
|-supereffective|p2a: Greninja
|-damage|p2a: Greninja|0 fnt
|faint|p2a: Greninja
|
|-heal|p1a: Clefable|52/100|[from] item: Leftovers
|upkeep
|
|t:|1743858043
|switch|p2a: Weavile|Weavile, M|100/100
|-damage|p2a: Weavile|76/100|[from] Stealth Rock
|-ability|p2a: Weavile|Pressure
|turn|9
|
|t:|1743858047
|move|p1a: Clefable|Protect|p1a: Clefable
|-singleturn|p1a: Clefable|Protect
|move|p2a: Weavile|Triple Axel|p1a: Clefable
|-activate|p1a: Clefable|move: Protect
|
|-heal|p1a: Clefable|58/100|[from] item: Leftovers
|upkeep
|turn|10
|
|t:|1743858053
|move|p2a: Weavile|Swords Dance|p2a: Weavile
|-boost|p2a: Weavile|atk|2
|move|p1a: Clefable|Moonblast|p2a: Weavile
|-supereffective|p2a: Weavile
|-damage|p2a: Weavile|0 fnt
|faint|p2a: Weavile
|
|-heal|p1a: Clefable|64/100|[from] item: Leftovers
|upkeep
|
|t:|1743858055
|switch|p2a: Zapdos|Zapdos|100/100
|-damage|p2a: Zapdos|76/100|[from] Stealth Rock
|turn|11
|
|t:|1743858058
|move|p2a: Zapdos|Hurricane|p1a: Clefable|[miss]
|-miss|p2a: Zapdos|p1a: Clefable
|move|p1a: Clefable|Wish|p1a: Clefable
|
|-heal|p1a: Clefable|70/100|[from] item: Leftovers
|upkeep
|turn|12
|
|t:|1743858065
|switch|p1a: Magnezone|Magnezone|100/100
|-damage|p1a: Magnezone|94/100|[from] Stealth Rock
|-damage|p1a: Magnezone|82/100|[from] Spikes
|move|p2a: Zapdos|Hurricane|p1a: Magnezone
|-resisted|p1a: Magnezone
|-damage|p1a: Magnezone|61/100
|
|-heal|p1a: Magnezone|100/100|[from] move: Wish|[wisher] Clefable
|upkeep
|turn|13
|
|t:|1743858074
|switch|p2a: Snorlax|Snorlax, F|100/100
|-damage|p2a: Snorlax|88/100|[from] Stealth Rock
|move|p1a: Magnezone|Thunderbolt|p2a: Snorlax
|-damage|p2a: Snorlax|36/100
|
|-heal|p2a: Snorlax|42/100|[from] item: Leftovers
|upkeep
|turn|14
|
|t:|1743858080
|move|p1a: Magnezone|Thunderbolt|p2a: Snorlax
|-damage|p2a: Snorlax|6/100
|move|p2a: Snorlax|Curse|p2a: Snorlax
|-unboost|p2a: Snorlax|spe|1
|-boost|p2a: Snorlax|atk|1
|-boost|p2a: Snorlax|def|1
|
|-heal|p2a: Snorlax|12/100|[from] item: Leftovers
|upkeep
|turn|15
|
|t:|1743858083
|move|p1a: Magnezone|Thunderbolt|p2a: Snorlax
|-damage|p2a: Snorlax|0 fnt
|faint|p2a: Snorlax
|
|upkeep
|
|t:|1743858085
|switch|p2a: Zapdos|Zapdos|76/100
|-damage|p2a: Zapdos|51/100|[from] Stealth Rock
|turn|16
|
|t:|1743858087
|move|p2a: Zapdos|Hurricane|p1a: Magnezone
|-resisted|p1a: Magnezone
|-damage|p1a: Magnezone|80/100
|move|p1a: Magnezone|Thunderbolt|p2a: Zapdos
|-damage|p2a: Zapdos|0 fnt
|faint|p2a: Zapdos
|
|win|YIN SUN SHIN
|raw|YIN SUN SHIN's rating: 1435 &rarr; <strong>1458</strong><br />(+23 for winning)
|raw|suparsayajin's rating: 1496 &rarr; <strong>1473</strong><br />(-23 for losing)
|l|☆suparsayajin
|player|p2|
|l|☆YIN SUN SHIN
|player|p1|
|j|☆YIN SUN SHIN
|player|p1|YIN SUN SHIN|harlequin|
|l|☆YIN SUN SHIN
|player|p1|
