|j|☆assatfao
|j|☆oz water
|t:|1743875979
|gametype|singles
|player|p1|assatfao|ghetsis|1380
|player|p2|oz water|grimsley|1333
|teamsize|p1|6
|teamsize|p2|6
|gen|9
|tier|[Gen 9] OU
|rated|
|rule|HP Percentage Mod: HP is shown in percentages
|rule|Endless Battle Clause: Forcing endless battles is banned
|rule|Species Clause: Limit one of each Pokémon
|rule|OHKO Clause: OHKO moves are banned
|rule|Evasion Items Clause: Evasion items are banned
|rule|Evasion Moves Clause: Evasion moves are banned
|rule|Sleep Moves Clause: Sleep-inducing moves are banned
|clearpoke
|poke|p1|Inteleon, F|
|poke|p1|Dragapult, M|
|poke|p1|Cinderace, M|
|poke|p1|Corviknight, F|
|poke|p1|Alomomola, F|
|poke|p1|Ting-Lu|
|poke|p2|Samurott-Hisui, M|
|poke|p2|Moltres-Galar|
|poke|p2|Iron Valiant|
|poke|p2|Iron Moth|
|poke|p2|Dragonite, M|
|poke|p2|Kingambit, F|
|teampreview
|
|t:|1743875982
|start
|switch|p1a: Cinderace|Cinderace, M|100/100
|switch|p2a: Fish Filet|Samurott-Hisui, M|100/100
|turn|1
|
|t:|1743875989
|move|p1a: Cinderace|U-turn|p2a: Fish Filet
|-start|p1a: Cinderace|typechange|Bug|[from] ability: Libero
|-supereffective|p2a: Fish Filet
|-damage|p2a: Fish Filet|15/100
|
|t:|1743875992
|switch|p1a: Corviknight|Corviknight, F|100/100|[from] U-turn
|-ability|p1a: Corviknight|Pressure
|move|p2a: Fish Filet|Razor Shell|p1a: Corviknight
|-damage|p1a: Corviknight|61/100
|-unboost|p1a: Corviknight|def|1
|-damage|p2a: Fish Filet|0 fnt|[from] item: Rocky Helmet|[of] p1a: Corviknight
|faint|p2a: Fish Filet
|
|upkeep
|
|t:|1743875995
|switch|p2a: Solar Panel|Iron Moth|100/100
|-enditem|p2a: Solar Panel|Booster Energy
|-activate|p2a: Solar Panel|ability: Quark Drive|[fromitem]
|-start|p2a: Solar Panel|quarkdrivespe
|turn|2
|
|t:|1743876008
|switch|p1a: Ting-Lu|Ting-Lu|100/100
|-ability|p1a: Ting-Lu|Vessel of Ruin
|move|p2a: Solar Panel|Fiery Dance|p1a: Ting-Lu
|-damage|p1a: Ting-Lu|81/100
|-boost|p2a: Solar Panel|spa|1
|
|-heal|p1a: Ting-Lu|87/100|[from] item: Leftovers
|upkeep
|turn|3
|
|t:|1743876019
|move|p2a: Solar Panel|Dazzling Gleam|p1a: Ting-Lu
|-supereffective|p1a: Ting-Lu
|-damage|p1a: Ting-Lu|49/100
|move|p1a: Ting-Lu|Whirlwind|p2a: Solar Panel
|-end|p2a: Solar Panel|Quark Drive|[silent]
|drag|p2a: Featured Shitmon|Iron Valiant|100/100
|-enditem|p2a: Featured Shitmon|Booster Energy
|-activate|p2a: Featured Shitmon|ability: Quark Drive|[fromitem]
|-start|p2a: Featured Shitmon|quarkdrivespe
|
|-heal|p1a: Ting-Lu|56/100|[from] item: Leftovers
|upkeep
|turn|4
|
|t:|1743876033
|-terastallize|p1a: Ting-Lu|Ghost
|move|p2a: Featured Shitmon|Close Combat|p1a: Ting-Lu
|-immune|p1a: Ting-Lu
|move|p1a: Ting-Lu|Whirlwind|p2a: Featured Shitmon
|-end|p2a: Featured Shitmon|Quark Drive|[silent]
|drag|p2a: NOT 199 Speed|Kingambit, F|100/100
|-activate|p2a: NOT 199 Speed|ability: Supreme Overlord
|-start|p2a: NOT 199 Speed|fallen1|[silent]
|-item|p2a: NOT 199 Speed|Air Balloon
|
|-heal|p1a: Ting-Lu|62/100|[from] item: Leftovers
|upkeep
|turn|5
|
|t:|1743876055
|switch|p1a: Corviknight|Corviknight, F|61/100
|-ability|p1a: Corviknight|Pressure
|move|p2a: NOT 199 Speed|Iron Head|p1a: Corviknight
|-resisted|p1a: Corviknight
|-damage|p1a: Corviknight|43/100
|-damage|p2a: NOT 199 Speed|84/100|[from] item: Rocky Helmet|[of] p1a: Corviknight
|
|upkeep
|turn|6
|
|t:|1743876064
|-end|p2a: NOT 199 Speed|fallen1|[silent]
|switch|p2a: Solar Panel|Iron Moth|100/100
|move|p1a: Corviknight|Roost|p1a: Corviknight
|-heal|p1a: Corviknight|93/100
|-singleturn|p1a: Corviknight|move: Roost
|
|upkeep
|turn|7
|
|t:|1743876071
|switch|p1a: Inteleon|Inteleon, F|100/100
|move|p2a: Solar Panel|Fiery Dance|p1a: Inteleon
|-resisted|p1a: Inteleon
|-damage|p1a: Inteleon|67/100
|-boost|p2a: Solar Panel|spa|1
|
|upkeep
|turn|8
|
|t:|1743876079
|move|p1a: Inteleon|Surf|p2a: Solar Panel
|-supereffective|p2a: Solar Panel
|-damage|p2a: Solar Panel|0 fnt
|faint|p2a: Solar Panel
|-end|p2a: Solar Panel|Quark Drive|[silent]
|
|upkeep
|
|t:|1743876083
|switch|p2a: Has That Shit On|Dragonite, M|100/100
|turn|9
|
|t:|1743876098
|switch|p1a: Corviknight|Corviknight, F|93/100
|-ability|p1a: Corviknight|Pressure
|move|p2a: Has That Shit On|Dragon Dance|p2a: Has That Shit On
|-boost|p2a: Has That Shit On|atk|1
|-boost|p2a: Has That Shit On|spe|1
|
|upkeep
|turn|10
|
|t:|1743876106
|move|p2a: Has That Shit On|Dragon Dance|p2a: Has That Shit On
|-boost|p2a: Has That Shit On|atk|1
|-boost|p2a: Has That Shit On|spe|1
|move|p1a: Corviknight|Iron Defense|p1a: Corviknight
|-boost|p1a: Corviknight|def|2
|
|upkeep
|turn|11
|
|t:|1743876113
|switch|p2a: Moltres-Kanto|Moltres-Galar, shiny|100/100
|move|p1a: Corviknight|Body Press|p2a: Moltres-Kanto
|-damage|p2a: Moltres-Kanto|39/100
|-ability|p2a: Moltres-Kanto|Berserk|boost
|-boost|p2a: Moltres-Kanto|spa|1
|-enditem|p2a: Moltres-Kanto|Sitrus Berry|[eat]
|-heal|p2a: Moltres-Kanto|63/100|[from] item: Sitrus Berry
|
|upkeep
|turn|12
|
|t:|1743876127
|move|p2a: Moltres-Kanto|Fiery Wrath|p1a: Corviknight
|-damage|p1a: Corviknight|29/100
|move|p1a: Corviknight|Body Press|p2a: Moltres-Kanto
|-damage|p2a: Moltres-Kanto|4/100
|-ability|p2a: Moltres-Kanto|Berserk|boost
|-boost|p2a: Moltres-Kanto|spa|1
|
|upkeep
|turn|13
|
|t:|1743876146
|switch|p1a: Ting-Lu|Ting-Lu, tera:Ghost|62/100
|-ability|p1a: Ting-Lu|Vessel of Ruin
|move|p2a: Moltres-Kanto|Fiery Wrath|p1a: Ting-Lu
|-supereffective|p1a: Ting-Lu
|-damage|p1a: Ting-Lu|0 fnt
|faint|p1a: Ting-Lu
|
|upkeep
|
|t:|1743876160
|switch|p1a: Inteleon|Inteleon, F|67/100
|turn|14
|
|t:|1743876163
|move|p1a: Inteleon|Surf|p2a: Moltres-Kanto
|-damage|p2a: Moltres-Kanto|0 fnt
|faint|p2a: Moltres-Kanto
|
|upkeep
|
|t:|1743876165
|switch|p2a: Has That Shit On|Dragonite, M|100/100
|turn|15
|
|t:|1743876171
|switch|p1a: Alomomola|Alomomola, F|100/100
|move|p2a: Has That Shit On|Dragon Dance|p2a: Has That Shit On
|-boost|p2a: Has That Shit On|atk|1
|-boost|p2a: Has That Shit On|spe|1
|
|upkeep
|turn|16
|
|t:|1743876178
|move|p2a: Has That Shit On|Dragon Dance|p2a: Has That Shit On
|-boost|p2a: Has That Shit On|atk|1
|-boost|p2a: Has That Shit On|spe|1
|move|p1a: Alomomola|Wish|p1a: Alomomola
|
|upkeep
|turn|17
|
|t:|1743876184
|move|p2a: Has That Shit On|Dragon Dance|p2a: Has That Shit On
|-boost|p2a: Has That Shit On|atk|1
|-boost|p2a: Has That Shit On|spe|1
|move|p1a: Alomomola|Flip Turn|p2a: Has That Shit On
|-resisted|p2a: Has That Shit On
|-damage|p2a: Has That Shit On|96/100
|
|t:|1743876190
|switch|p1a: Corviknight|Corviknight, F|29/100|[from] Flip Turn
|-ability|p1a: Corviknight|Pressure
|
|-heal|p1a: Corviknight|100/100|[from] move: Wish|[wisher] Alomomola
|upkeep
|turn|18
|
|t:|1743876198
|move|p2a: Has That Shit On|Outrage|p1a: Corviknight
|-resisted|p1a: Corviknight
|-damage|p1a: Corviknight|47/100
|-damage|p2a: Has That Shit On|80/100|[from] item: Rocky Helmet|[of] p1a: Corviknight
|move|p1a: Corviknight|Iron Defense|p1a: Corviknight
|-boost|p1a: Corviknight|def|2
|
|upkeep
|turn|19
|
|t:|1743876206
|move|p2a: Has That Shit On|Outrage|p1a: Corviknight|[from] lockedmove
|-resisted|p1a: Corviknight
|-crit|p1a: Corviknight
|-damage|p1a: Corviknight|0 fnt
|-damage|p2a: Has That Shit On|63/100|[from] item: Rocky Helmet|[of] p1a: Corviknight
|faint|p1a: Corviknight
|-start|p2a: Has That Shit On|confusion|[fatigue]
|
|upkeep
|inactive|Battle timer is ON: inactive players will automatically lose when time's up. (requested by oz water)
|
|t:|1743876224
|switch|p1a: Dragapult|Dragapult, M|100/100
|turn|20
|
|t:|1743876229
|-activate|p2a: Has That Shit On|confusion
|move|p2a: Has That Shit On|Earthquake|p1a: Dragapult
|-damage|p1a: Dragapult|0 fnt
|faint|p1a: Dragapult
|
|upkeep
|c|☆assatfao|Nice luck
|
|t:|1743876247
|switch|p1a: Inteleon|Inteleon, F|67/100
|turn|21
|
|t:|1743876252
|-activate|p2a: Has That Shit On|confusion
|move|p2a: Has That Shit On|Outrage|p1a: Inteleon
|-damage|p1a: Inteleon|0 fnt
|faint|p1a: Inteleon
|
|upkeep
|c|☆assatfao|Lmao
|-message|assatfao forfeited.
|
|win|oz water
|raw|assatfao's rating: 1380 &rarr; <strong>1357</strong><br />(-23 for losing)
|raw|oz water's rating: 1333 &rarr; <strong>1356</strong><br />(+23 for winning)
|l|☆assatfao
|player|p1|
|l|☆oz water
|player|p2|
