|j|☆btagrere
|j|☆will1827
|t:|1743876878
|gametype|singles
|player|p1|btagrere|silver|1130
|player|p2|will1827|170|1186
|teamsize|p1|6
|teamsize|p2|6
|gen|9
|tier|[Gen 9] OU
|rated|
|rule|HP Percentage Mod: HP is shown in percentages
|rule|Endless Battle Clause: Forcing endless battles is banned
|rule|Species Clause: Limit one of each Pokémon
|rule|OHKO Clause: OHKO moves are banned
|rule|Evasion Items Clause: Evasion items are banned
|rule|Evasion Moves Clause: Evasion moves are banned
|rule|Sleep Moves Clause: Sleep-inducing moves are banned
|clearpoke
|poke|p1|Landorus-Therian, M|
|poke|p1|Primarina, M|
|poke|p1|Rotom-Wash|
|poke|p1|Glimmora, M|
|poke|p1|Slowking-Galar, M|
|poke|p1|Beartic, F|
|poke|p2|Ceruledge, M|
|poke|p2|Iron Valiant|
|poke|p2|Ninetales-Alola, F|
|poke|p2|Sandslash-Alola, M|
|poke|p2|Scizor, M|
|poke|p2|Tatsugiri, M|
|teampreview
|inactive|Battle timer is ON: inactive players will automatically lose when time's up. (requested by btagrere)
|
|t:|1743876890
|start
|switch|p1a: Rotom|Rotom-Wash|100/100
|switch|p2a: E|Ninetales-Alola, F, shiny|100/100
|-weather|Snowscape|[from] ability: Snow Warning|[of] p2a: E
|turn|1
|
|t:|1743876902
|move|p1a: Rotom|Volt Switch|p2a: E
|-damage|p2a: E|66/100
|
|t:|1743876906
|switch|p1a: Slowking|Slowking-Galar, M|100/100|[from] Volt Switch
|move|p2a: E|Freeze-Dry|p1a: Slowking
|-damage|p1a: Slowking|84/100
|
|-weather|Snowscape|[upkeep]
|-heal|p1a: Slowking|90/100|[from] item: Leftovers
|upkeep
|turn|2
|
|t:|1743876916
|move|p2a: E|Aurora Veil|p2a: E
|-sidestart|p2: will1827|move: Aurora Veil
|move|p1a: Slowking|Sludge Bomb|p2a: E
|-supereffective|p2a: E
|-damage|p2a: E|25/100
|
|-weather|Snowscape|[upkeep]
|-heal|p1a: Slowking|96/100|[from] item: Leftovers
|upkeep
|turn|3
|
|t:|1743876925
|switch|p2a: SP|Sandslash-Alola, M|100/100
|-prepare|p1a: Slowking|Chilly Reception|[premajor]
|move|p1a: Slowking|Chilly Reception|p1a: Slowking
|
|t:|1743876940
|switch|p1a: Beartic|Beartic, F, shiny|100/100|[from] Chilly Reception
|
|-weather|Snowscape|[upkeep]
|upkeep
|turn|4
|
|t:|1743876952
|move|p2a: SP|Swords Dance|p2a: SP
|-boost|p2a: SP|atk|2
|move|p1a: Beartic|Close Combat|p2a: SP
|-supereffective|p2a: SP
|-damage|p2a: SP|8/100
|-unboost|p1a: Beartic|def|1
|-unboost|p1a: Beartic|spd|1
|
|-weather|Snowscape|[upkeep]
|upkeep
|turn|5
|
|t:|1743876974
|switch|p1a: Rotom|Rotom-Wash|100/100
|move|p2a: SP|Iron Head|p1a: Rotom
|-resisted|p1a: Rotom
|-damage|p1a: Rotom|76/100
|
|-weather|Snowscape|[upkeep]
|upkeep
|turn|6
|
|t:|1743876983
|move|p2a: SP|Icicle Crash|p1a: Rotom
|-resisted|p1a: Rotom
|-damage|p1a: Rotom|22/100
|move|p1a: Rotom|Volt Switch|p2a: SP
|-damage|p2a: SP|0 fnt
|faint|p2a: SP
|
|t:|1743876997
|switch|p1a: Beartic|Beartic, F, shiny|100/100|[from] Volt Switch
|
|-weather|Snowscape|[upkeep]
|-sideend|p2: will1827|move: Aurora Veil
|upkeep
|
|t:|1743877007
|switch|p2a: E1|Ceruledge, M|100/100
|turn|7
|
|t:|1743877012
|-terastallize|p2a: E1|Fighting
|move|p1a: Beartic|Liquidation|p2a: E1
|-crit|p2a: E1
|-damage|p2a: E1|3/100
|-ability|p2a: E1|Weak Armor|boost
|-unboost|p2a: E1|def|1
|-boost|p2a: E1|spe|2
|move|p2a: E1|Swords Dance|p2a: E1
|-boost|p2a: E1|atk|2
|
|-weather|Snowscape|[upkeep]
|upkeep
|turn|8
|
|t:|1743877026
|switch|p1a: Rotom|Rotom-Wash|22/100
|move|p2a: E1|Bitter Blade|p1a: Rotom
|-resisted|p1a: Rotom
|-damage|p1a: Rotom|0 fnt
|-heal|p2a: E1|15/100|[from] drain|[of] p1a: Rotom
|faint|p1a: Rotom
|
|-weather|none
|upkeep
|
|t:|1743877036
|switch|p1a: Glimmora|Glimmora, M|100/100
|turn|9
|
|t:|1743877041
|move|p2a: E1|Close Combat|p1a: Glimmora
|-enditem|p1a: Glimmora|Focus Sash
|-damage|p1a: Glimmora|1/100
|-unboost|p2a: E1|def|1
|-unboost|p2a: E1|spd|1
|move|p1a: Glimmora|Sludge Wave|p2a: E1
|-damage|p2a: E1|0 fnt
|faint|p2a: E1
|
|upkeep
|
|t:|1743877045
|switch|p2a: OP|Tatsugiri, M|100/100
|turn|10
|
|t:|1743877056
|move|p1a: Glimmora|Toxic|p2a: OP
|-status|p2a: OP|tox
|move|p2a: OP|Rapid Spin|p1a: Glimmora
|-resisted|p1a: Glimmora
|-damage|p1a: Glimmora|0 fnt
|-boost|p2a: OP|spe|1
|faint|p1a: Glimmora
|
|-damage|p2a: OP|94/100 tox|[from] psn
|upkeep
|
|t:|1743877067
|switch|p1a: Slowking|Slowking-Galar, M|100/100
|turn|11
|
|t:|1743877072
|move|p2a: OP|Surf|p1a: Slowking
|-damage|p1a: Slowking|72/100
|move|p1a: Slowking|Trick Room|p1a: Slowking
|-fieldstart|move: Trick Room|[of] p1a: Slowking
|
|-heal|p1a: Slowking|78/100|[from] item: Leftovers
|-damage|p2a: OP|82/100 tox|[from] psn
|upkeep
|turn|12
|
|t:|1743877082
|-prepare|p1a: Slowking|Chilly Reception|[premajor]
|move|p1a: Slowking|Chilly Reception|p1a: Slowking
|-weather|Snowscape
|
|t:|1743877085
|switch|p1a: Primarina|Primarina, M, shiny|100/100|[from] Chilly Reception
|move|p2a: OP|Surf|p1a: Primarina
|-resisted|p1a: Primarina
|-damage|p1a: Primarina|88/100
|
|-weather|Snowscape|[upkeep]
|-damage|p2a: OP|64/100 tox|[from] psn
|upkeep
|turn|13
|
|t:|1743877095
|switch|p2a: G|Scizor, M|100/100
|move|p1a: Primarina|Moonblast|p2a: G
|-resisted|p2a: G
|-damage|p2a: G|62/100
|
|-weather|Snowscape|[upkeep]
|-heal|p2a: G|68/100|[from] item: Leftovers
|upkeep
|turn|14
|
|t:|1743877104
|move|p1a: Primarina|Psychic Noise|p2a: G
|-damage|p2a: G|5/100
|-start|p2a: G|move: Heal Block
|move|p2a: G|Trailblaze|p1a: Primarina
|-supereffective|p1a: Primarina
|-damage|p1a: Primarina|24/100
|-boost|p2a: G|spe|1
|
|-weather|Snowscape|[upkeep]
|upkeep
|turn|15
|
|t:|1743877115
|move|p2a: G|Bullet Punch|p1a: Primarina
|-damage|p1a: Primarina|0 fnt
|faint|p1a: Primarina
|
|-weather|Snowscape|[upkeep]
|-end|p2a: G|move: Heal Block
|-fieldend|move: Trick Room
|upkeep
|
|t:|1743877122
|switch|p1a: Landorus|Landorus-Therian, M, shiny|100/100
|-ability|p1a: Landorus|Intimidate|boost
|-unboost|p2a: G|atk|1
|turn|16
|
|t:|1743877130
|move|p2a: G|Dual Wingbeat|p1a: Landorus
|-damage|p1a: Landorus|83/100
|-damage|p1a: Landorus|65/100
|-hitcount|p1a: Landorus|2
|move|p1a: Landorus|U-turn|p2a: G
|-resisted|p2a: G
|-damage|p2a: G|0 fnt
|faint|p2a: G
|
|t:|1743877139
|switch|p1a: Slowking|Slowking-Galar, M|100/100|[from] U-turn
|
|-weather|none
|upkeep
|
|t:|1743877158
|switch|p2a: OP|Tatsugiri, M|64/100 tox
|turn|17
|
|t:|1743877162
|move|p2a: OP|Surf|p1a: Slowking
|-damage|p1a: Slowking|73/100
|move|p1a: Slowking|Trick Room|p1a: Slowking
|-fieldstart|move: Trick Room|[of] p1a: Slowking
|
|-heal|p1a: Slowking|79/100|[from] item: Leftovers
|-damage|p2a: OP|58/100 tox|[from] psn
|upkeep
|turn|18
|
|t:|1743877170
|move|p1a: Slowking|Sludge Bomb|p2a: OP
|-damage|p2a: OP|30/100 tox
|move|p2a: OP|Surf|p1a: Slowking
|-damage|p1a: Slowking|52/100
|
|-heal|p1a: Slowking|58/100|[from] item: Leftovers
|-damage|p2a: OP|18/100 tox|[from] psn
|upkeep
|turn|19
|
|t:|1743877183
|move|p1a: Slowking|Sludge Bomb|p2a: OP
|-damage|p2a: OP|0 fnt
|faint|p2a: OP
|
|-heal|p1a: Slowking|64/100|[from] item: Leftovers
|upkeep
|
|t:|1743877191
|switch|p2a: E|Ninetales-Alola, F, shiny|25/100
|-weather|Snowscape|[from] ability: Snow Warning|[of] p2a: E
|turn|20
|
|t:|1743877196
|-terastallize|p1a: Slowking|Poison
|move|p1a: Slowking|Sludge Bomb|p2a: E
|-supereffective|p2a: E
|-damage|p2a: E|0 fnt
|faint|p2a: E
|
|-weather|Snowscape|[upkeep]
|-heal|p1a: Slowking|71/100|[from] item: Leftovers
|upkeep
|
|t:|1743877200
|switch|p2a: E2|Iron Valiant|100/100
|-enditem|p2a: E2|Booster Energy
|-activate|p2a: E2|ability: Quark Drive|[fromitem]
|-start|p2a: E2|quarkdrivespe
|turn|21
|
|t:|1743877209
|move|p1a: Slowking|Sludge Bomb|p2a: E2
|-supereffective|p2a: E2
|-damage|p2a: E2|0 fnt
|faint|p2a: E2
|-end|p2a: E2|Quark Drive|[silent]
|
|win|btagrere
|raw|btagrere's rating: 1130 &rarr; <strong>1159</strong><br />(+29 for winning)
|raw|will1827's rating: 1186 &rarr; <strong>1157</strong><br />(-29 for losing)
|l|☆will1827
|player|p2|
|l|☆btagrere
|player|p1|
