|j|☆Spirit Bomb 777
|j|☆Hyde-D-Rastom
|t:|1743789842
|gametype|singles
|player|p1|Spirit Bomb 777|kimonogirl|1253
|player|p2|Hyde-D-Rastom|calem|1295
|teamsize|p1|6
|teamsize|p2|6
|gen|9
|tier|[Gen 9] OU
|rated|
|rule|HP Percentage Mod: HP is shown in percentages
|rule|Endless Battle Clause: Forcing endless battles is banned
|rule|Species Clause: Limit one of each Pokémon
|rule|OHKO Clause: OHKO moves are banned
|rule|Evasion Items Clause: Evasion items are banned
|rule|Evasion Moves Clause: Evasion moves are banned
|rule|Sleep Moves Clause: Sleep-inducing moves are banned
|clearpoke
|poke|p1|Okidogi, M|
|poke|p1|Ninetales-Alola, M|
|poke|p1|Samurott-Hisui, M|
|poke|p1|Kyurem|
|poke|p1|Dragonite, M|
|poke|p1|Alomomola, M|
|poke|p2|Venusaur, M|
|poke|p2|Jolteon, M|
|poke|p2|Gyarados, M|
|poke|p2|Arcanine, M|
|poke|p2|Gengar, M|
|poke|p2|Primeape, M|
|teampreview
|inactive|Battle timer is ON: inactive players will automatically lose when time's up. (requested by Hyde-D-Rastom)
|
|t:|1743789860
|start
|switch|p1a: snively|Alomomola, M|100/100
|switch|p2a: Gengar|Gengar, M|100/100
|turn|1
|
|t:|1743789863
|move|p2a: Gengar|Nasty Plot|p2a: Gengar
|-boost|p2a: Gengar|spa|2
|move|p1a: snively|Flip Turn|p2a: Gengar
|-damage|p2a: Gengar|66/100
|
|t:|1743789882
|switch|p1a: scratch|Samurott-Hisui, M|100/100|[from] Flip Turn
|
|upkeep
|turn|2
|
|t:|1743789887
|move|p2a: Gengar|Sludge Wave|p1a: scratch
|-enditem|p1a: scratch|Focus Sash
|-damage|p1a: scratch|1/100
|-damage|p2a: Gengar|56/100|[from] item: Life Orb
|move|p1a: scratch|Knock Off|p2a: Gengar
|-supereffective|p2a: Gengar
|-damage|p2a: Gengar|0 fnt
|-start|p1a: scratch|Disable|Knock Off|[from] ability: Cursed Body|[of] p2a: Gengar
|-enditem|p2a: Gengar|Life Orb|[from] move: Knock Off|[of] p1a: scratch
|faint|p2a: Gengar
|
|upkeep
|
|t:|1743789892
|switch|p2a: Primeape|Primeape, M|100/100
|turn|3
|
|t:|1743789895
|move|p1a: scratch|Ceaseless Edge|p2a: Primeape
|-resisted|p2a: Primeape
|-damage|p2a: Primeape|77/100
|-sidestart|p2: Hyde-D-Rastom|Spikes
|move|p2a: Primeape|Bulk Up|p2a: Primeape
|-boost|p2a: Primeape|atk|1
|-boost|p2a: Primeape|def|1
|
|upkeep
|turn|4
|
|t:|1743789912
|move|p1a: scratch|Ceaseless Edge|p2a: Primeape
|-resisted|p2a: Primeape
|-damage|p2a: Primeape|62/100
|-sidestart|p2: Hyde-D-Rastom|Spikes
|move|p2a: Primeape|Drain Punch|p1a: scratch
|-supereffective|p1a: scratch
|-damage|p1a: scratch|0 fnt
|-heal|p2a: Primeape|62/100|[from] drain|[of] p1a: scratch
|faint|p1a: scratch
|
|upkeep
|inactive|Spirit Bomb 777 has 120 seconds left.
|
|t:|1743789969
|switch|p1a: dr robotnik|Okidogi, M|100/100
|turn|5
|
|t:|1743789973
|move|p2a: Primeape|Taunt|p1a: dr robotnik
|-start|p1a: dr robotnik|move: Taunt
|cant|p1a: dr robotnik|move: Taunt|Bulk Up
|
|upkeep
|turn|6
|
|t:|1743789975
|move|p2a: Primeape|Bulk Up|p2a: Primeape
|-boost|p2a: Primeape|atk|1
|-boost|p2a: Primeape|def|1
|move|p1a: dr robotnik|Drain Punch|p2a: Primeape
|-crit|p2a: Primeape
|-damage|p2a: Primeape|0 fnt
|faint|p2a: Primeape
|
|upkeep
|
|t:|1743789984
|switch|p2a: Gyarados|Gyarados, M|100/100
|turn|7
|inactive|Spirit Bomb 777 has 120 seconds left.
|
|t:|1743790018
|move|p2a: Gyarados|Dragon Dance|p2a: Gyarados
|-boost|p2a: Gyarados|atk|1
|-boost|p2a: Gyarados|spe|1
|move|p1a: dr robotnik|Thunder Punch|p2a: Gyarados
|-supereffective|p2a: Gyarados
|-damage|p2a: Gyarados|0 fnt
|faint|p2a: Gyarados
|
|-end|p1a: dr robotnik|move: Taunt
|upkeep
|-message|Hyde-D-Rastom forfeited.
|
|win|Spirit Bomb 777
|raw|Spirit Bomb 777's rating: 1253 &rarr; <strong>1283</strong><br />(+30 for winning)
|raw|Hyde-D-Rastom's rating: 1323 &rarr; <strong>1299</strong><br />(-24 for losing)
|l|☆Hyde-D-Rastom
|player|p2|
|l|☆Spirit Bomb 777
|player|p1|
