|j|☆seventhwing
|j|☆urr02
|t:|1743891430
|gametype|singles
|player|p1|seventhwing|benga|1434
|player|p2|urr02|101|1357
|teamsize|p1|6
|teamsize|p2|6
|gen|9
|tier|[Gen 9] OU
|rated|
|rule|HP Percentage Mod: HP is shown in percentages
|rule|Endless Battle Clause: Forcing endless battles is banned
|rule|Species Clause: Limit one of each Pokémon
|rule|OHKO Clause: OHKO moves are banned
|rule|Evasion Items Clause: Evasion items are banned
|rule|Evasion Moves Clause: Evasion moves are banned
|rule|Sleep Moves Clause: Sleep-inducing moves are banned
|clearpoke
|poke|p1|Zamazenta-*|
|poke|p1|Darkrai|
|poke|p1|Tinkaton, F|
|poke|p1|Walking Wake|
|poke|p1|Great Tusk|
|poke|p1|Dragonite, M|
|poke|p2|Dragonite, F|
|poke|p2|Entei|
|poke|p2|Lycanroc-Dusk, F|
|poke|p2|Mamoswine, M|
|poke|p2|Scizor, F|
|poke|p2|Kingambit, F|
|teampreview
|inactive|Battle timer is ON: inactive players will automatically lose when time's up. (requested by seventhwing)
|
|t:|1743891463
|start
|switch|p1a: Walking Wake|Walking Wake|100/100
|switch|p2a: Lycanroc|Lycanroc-Dusk, F|100/100
|turn|1
|
|t:|1743891472
|move|p2a: Lycanroc|Play Rough|p1a: Walking Wake
|-supereffective|p1a: Walking Wake
|-damage|p1a: Walking Wake|0 fnt
|faint|p1a: Walking Wake
|-end|p1a: Walking Wake|Protosynthesis|[silent]
|
|upkeep
|
|t:|1743891478
|switch|p1a: Great Tusk|Great Tusk|100/100
|turn|2
|
|t:|1743891481
|move|p2a: Lycanroc|Play Rough|p1a: Great Tusk|[miss]
|-miss|p2a: Lycanroc|p1a: Great Tusk
|move|p1a: Great Tusk|Rapid Spin|p2a: Lycanroc
|-resisted|p2a: Lycanroc
|-damage|p2a: Lycanroc|88/100
|-boost|p1a: Great Tusk|spe|1
|
|upkeep
|turn|3
|
|t:|1743891490
|move|p2a: Lycanroc|Play Rough|p1a: Great Tusk
|-supereffective|p1a: Great Tusk
|-damage|p1a: Great Tusk|42/100
|move|p1a: Great Tusk|Bulk Up|p1a: Great Tusk
|-boost|p1a: Great Tusk|atk|1
|-boost|p1a: Great Tusk|def|1
|
|-heal|p1a: Great Tusk|49/100|[from] item: Leftovers
|upkeep
|turn|4
|
|t:|1743891501
|move|p2a: Lycanroc|Play Rough|p1a: Great Tusk|[miss]
|-miss|p2a: Lycanroc|p1a: Great Tusk
|move|p1a: Great Tusk|Earthquake|p2a: Lycanroc
|-supereffective|p2a: Lycanroc
|-damage|p2a: Lycanroc|0 fnt
|faint|p2a: Lycanroc
|
|-heal|p1a: Great Tusk|55/100|[from] item: Leftovers
|upkeep
|
|t:|1743891510
|switch|p2a: Dragonite|Dragonite, F|100/100
|turn|5
|
|t:|1743891513
|move|p1a: Great Tusk|Ice Spinner|p2a: Dragonite
|-supereffective|p2a: Dragonite
|-damage|p2a: Dragonite|33/100
|move|p2a: Dragonite|Dragon Dance|p2a: Dragonite
|-boost|p2a: Dragonite|atk|1
|-boost|p2a: Dragonite|spe|1
|
|-heal|p1a: Great Tusk|61/100|[from] item: Leftovers
|upkeep
|turn|6
|
|t:|1743891531
|move|p2a: Dragonite|Extreme Speed|p1a: Great Tusk
|-damage|p1a: Great Tusk|46/100
|move|p1a: Great Tusk|Ice Spinner|p2a: Dragonite
|-supereffective|p2a: Dragonite
|-damage|p2a: Dragonite|0 fnt
|faint|p2a: Dragonite
|
|-heal|p1a: Great Tusk|52/100|[from] item: Leftovers
|upkeep
|
|t:|1743891548
|switch|p2a: Mamoswine|Mamoswine, M|100/100
|turn|7
|
|t:|1743891559
|-terastallize|p2a: Mamoswine|Ice
|move|p2a: Mamoswine|Ice Shard|p1a: Great Tusk
|-supereffective|p1a: Great Tusk
|-damage|p1a: Great Tusk|23/100
|move|p1a: Great Tusk|Earthquake|p2a: Mamoswine
|-damage|p2a: Mamoswine|37/100
|
|-heal|p1a: Great Tusk|29/100|[from] item: Leftovers
|upkeep
|turn|8
|
|t:|1743891565
|move|p2a: Mamoswine|Ice Shard|p1a: Great Tusk
|-supereffective|p1a: Great Tusk
|-damage|p1a: Great Tusk|1/100
|move|p1a: Great Tusk|Earthquake|p2a: Mamoswine
|-damage|p2a: Mamoswine|0 fnt
|faint|p2a: Mamoswine
|
|-heal|p1a: Great Tusk|7/100|[from] item: Leftovers
|upkeep
|c|☆seventhwing|unfort
|
|t:|1743891574
|switch|p2a: Entei|Entei|100/100
|turn|9
|
|t:|1743891586
|-terastallize|p1a: Great Tusk|Ghost
|move|p2a: Entei|Extreme Speed|p1a: Great Tusk
|-immune|p1a: Great Tusk
|move|p1a: Great Tusk|Earthquake|p2a: Entei
|-supereffective|p2a: Entei
|-damage|p2a: Entei|0 fnt
|faint|p2a: Entei
|
|-heal|p1a: Great Tusk|13/100|[from] item: Leftovers
|upkeep
|
|t:|1743891593
|switch|p2a: Scizor|Scizor, F|100/100
|turn|10
|
|t:|1743891596
|move|p1a: Great Tusk|Earthquake|p2a: Scizor
|-damage|p2a: Scizor|32/100
|move|p2a: Scizor|Swords Dance|p2a: Scizor
|-boost|p2a: Scizor|atk|2
|
|-heal|p1a: Great Tusk|19/100|[from] item: Leftovers
|upkeep
|turn|11
|
|t:|1743891603
|move|p2a: Scizor|Bullet Punch|p1a: Great Tusk
|-damage|p1a: Great Tusk|0 fnt
|faint|p1a: Great Tusk
|-end|p1a: Great Tusk|Protosynthesis|[silent]
|
|upkeep
|
|t:|1743891608
|switch|p1a: Dragonite|Dragonite, M|100/100
|turn|12
|
|t:|1743891612
|move|p1a: Dragonite|Fire Punch|p2a: Scizor
|-supereffective|p2a: Scizor
|-damage|p2a: Scizor|0 fnt
|faint|p2a: Scizor
|
|upkeep
|
|t:|1743891615
|switch|p2a: Kingambit|Kingambit, F|100/100
|-activate|p2a: Kingambit|ability: Supreme Overlord
|-start|p2a: Kingambit|fallen5|[silent]
|turn|13
|
|t:|1743891621
|move|p1a: Dragonite|Fire Punch|p2a: Kingambit
|-supereffective|p2a: Kingambit
|-damage|p2a: Kingambit|58/100
|move|p2a: Kingambit|Kowtow Cleave|p1a: Dragonite
|-damage|p1a: Dragonite|56/100
|
|-heal|p2a: Kingambit|64/100|[from] item: Leftovers
|upkeep
|turn|14
|
|t:|1743891629
|move|p2a: Kingambit|Sucker Punch|p1a: Dragonite
|-damage|p1a: Dragonite|0 fnt
|faint|p1a: Dragonite
|
|-heal|p2a: Kingambit|70/100|[from] item: Leftovers
|upkeep
|
|t:|1743891632
|switch|p1a: Zamazenta|Zamazenta|100/100
|-ability|p1a: Zamazenta|Dauntless Shield|boost
|-boost|p1a: Zamazenta|def|1
|turn|15
|c|☆seventhwing|gg
|
|t:|1743891638
|move|p1a: Zamazenta|Body Press|p2a: Kingambit
|-supereffective|p2a: Kingambit
|-damage|p2a: Kingambit|0 fnt
|faint|p2a: Kingambit
|-end|p2a: Kingambit|fallen5|[silent]
|
|win|seventhwing
|raw|seventhwing's rating: 1434 &rarr; <strong>1451</strong><br />(+17 for winning)
|raw|urr02's rating: 1376 &rarr; <strong>1359</strong><br />(-17 for losing)
|l|☆urr02
|player|p2|
|l|☆seventhwing
|player|p1|
