|j|☆somebody8160
|j|☆chewfive
|t:|1743870401
|gametype|singles
|player|p1|somebody8160|gentleman-gen4|1219
|player|p2|chewfive|265|1222
|teamsize|p1|6
|teamsize|p2|6
|gen|9
|tier|[Gen 9] OU
|rated|
|rule|HP Percentage Mod: HP is shown in percentages
|rule|Endless Battle Clause: Forcing endless battles is banned
|rule|Species Clause: Limit one of each Pokémon
|rule|OHKO Clause: OHKO moves are banned
|rule|Evasion Items Clause: Evasion items are banned
|rule|Evasion Moves Clause: Evasion moves are banned
|rule|Sleep Moves Clause: Sleep-inducing moves are banned
|clearpoke
|poke|p1|Kingambit, F|
|poke|p1|Golurk|
|poke|p1|Meowscarada, M|
|poke|p1|Milotic, M|
|poke|p1|Blaziken, M|
|poke|p1|Galvantula, F|
|poke|p2|Hoopa-Unbound|
|poke|p2|Torterra, F|
|poke|p2|Skuntank, M|
|poke|p2|Sinistcha|
|poke|p2|Rampardos, F|
|poke|p2|Smeargle, F|
|teampreview
|c|☆somebody8160|glhf
|inactive|Battle timer is ON: inactive players will automatically lose when time's up. (requested by chewfive)
|inactive|chewfive has 120 seconds left.
|
|t:|1743870456
|start
|switch|p1a: Golurk|Golurk|100/100
|switch|p2a: glegle|Smeargle, F|100/100
|turn|1
|
|t:|1743870466
|move|p1a: Golurk|Dynamic Punch|p2a: glegle
|-supereffective|p2a: glegle
|-damage|p2a: glegle|0 fnt
|faint|p2a: glegle
|
|upkeep
|inactive|chewfive has 120 seconds left.
|inactive|chewfive has 90 seconds left.
|
|t:|1743870547
|switch|p2a: u ready?|Sinistcha|100/100
|turn|2
|
|t:|1743870565
|switch|p1a: Galvantula|Galvantula, F|100/100
|move|p2a: u ready?|Trick Room|p2a: u ready?
|-fieldstart|move: Trick Room|[of] p2a: u ready?
|
|upkeep
|turn|3
|
|t:|1743870574
|move|p2a: u ready?|Calm Mind|p2a: u ready?
|-boost|p2a: u ready?|spa|1
|-boost|p2a: u ready?|spd|1
|move|p1a: Galvantula|Sticky Web|p2a: u ready?
|-sidestart|p2: chewfive|move: Sticky Web
|
|upkeep
|turn|4
|
|t:|1743870580
|move|p2a: u ready?|Hex|p1a: Galvantula
|-damage|p1a: Galvantula|8/100
|move|p1a: Galvantula|Thunder Wave|p2a: u ready?
|-status|p2a: u ready?|par
|
|upkeep
|turn|5
|inactive|chewfive has 90 seconds left.
|
|t:|1743870594
|move|p2a: u ready?|Hex|p1a: Galvantula
|-damage|p1a: Galvantula|0 fnt
|faint|p1a: Galvantula
|
|upkeep
|
|t:|1743870600
|switch|p1a: Kingambit|Kingambit, F|100/100
|turn|6
|inactive|chewfive has 90 seconds left.
|
|t:|1743870615
|-terastallize|p2a: u ready?|Poison
|move|p2a: u ready?|Matcha Gotcha|p1a: Kingambit
|-resisted|p1a: Kingambit
|-damage|p1a: Kingambit|67/100
|move|p1a: Kingambit|Swords Dance|p1a: Kingambit
|-boost|p1a: Kingambit|atk|2
|
|-heal|p1a: Kingambit|73/100|[from] item: Leftovers
|-fieldend|move: Trick Room
|upkeep
|turn|7
|
|t:|1743870636
|move|p1a: Kingambit|Sucker Punch||[still]
|-fail|p1a: Kingambit
|move|p2a: u ready?|Trick Room|p2a: u ready?
|-fieldstart|move: Trick Room|[of] p2a: u ready?
|
|-heal|p1a: Kingambit|79/100|[from] item: Leftovers
|upkeep
|turn|8
|
|t:|1743870647
|switch|p2a: almighty skunk|Skuntank, M|100/100
|-activate|p2a: almighty skunk|move: Sticky Web
|-unboost|p2a: almighty skunk|spe|1
|move|p1a: Kingambit|Sucker Punch||[still]
|-fail|p1a: Kingambit
|
|-heal|p1a: Kingambit|86/100|[from] item: Leftovers
|upkeep
|turn|9
|inactive|somebody8160 has 120 seconds left.
|
|t:|1743870667
|move|p1a: Kingambit|Iron Head|p2a: almighty skunk
|-damage|p2a: almighty skunk|10/100
|cant|p2a: almighty skunk|flinch
|
|-heal|p1a: Kingambit|92/100|[from] item: Leftovers
|upkeep
|turn|10
|
|t:|1743870674
|move|p1a: Kingambit|Iron Head|p2a: almighty skunk
|-damage|p2a: almighty skunk|0 fnt
|faint|p2a: almighty skunk
|
|-heal|p1a: Kingambit|98/100|[from] item: Leftovers
|upkeep
|
|t:|1743870687
|switch|p2a: TERA DEATH|Torterra, F|100/100
|-activate|p2a: TERA DEATH|move: Sticky Web
|-unboost|p2a: TERA DEATH|spe|1
|turn|11
|
|t:|1743870694
|move|p2a: TERA DEATH|Leech Seed|p1a: Kingambit
|-start|p1a: Kingambit|move: Leech Seed
|move|p1a: Kingambit|Kowtow Cleave|p2a: TERA DEATH
|-damage|p2a: TERA DEATH|40/100
|
|-heal|p1a: Kingambit|100/100|[from] item: Leftovers
|-damage|p1a: Kingambit|88/100|[from] Leech Seed|[of] p2a: TERA DEATH
|-heal|p2a: TERA DEATH|53/100|[silent]
|-fieldend|move: Trick Room
|upkeep
|turn|12
|
|t:|1743870708
|move|p1a: Kingambit|Kowtow Cleave|p2a: TERA DEATH
|-damage|p2a: TERA DEATH|0 fnt
|faint|p2a: TERA DEATH
|
|-heal|p1a: Kingambit|94/100|[from] item: Leftovers
|upkeep
|-message|chewfive forfeited.
|
|win|somebody8160
|raw|somebody8160's rating: 1219 &rarr; <strong>1244</strong><br />(+25 for winning)
|raw|chewfive's rating: 1222 &rarr; <strong>1197</strong><br />(-25 for losing)
|l|☆chewfive
|player|p2|
|l|☆somebody8160
|player|p1|
