|j|☆stinkdemon74
|j|☆grem2220
|t:|1743789942
|gametype|singles
|player|p1|stinkdemon74|102|1082
|player|p2|grem2220|265|1131
|teamsize|p1|6
|teamsize|p2|6
|gen|9
|tier|[Gen 9] OU
|rated|
|rule|HP Percentage Mod: HP is shown in percentages
|rule|Endless Battle Clause: Forcing endless battles is banned
|rule|Species Clause: Limit one of each Pokémon
|rule|OHKO Clause: OHKO moves are banned
|rule|Evasion Items Clause: Evasion items are banned
|rule|Evasion Moves Clause: Evasion moves are banned
|rule|Sleep Moves Clause: Sleep-inducing moves are banned
|clearpoke
|poke|p1|Araquanid, F|
|poke|p1|Dragapult, F|
|poke|p1|Gliscor, F|
|poke|p1|Sylveon, M|
|poke|p1|Kingambit, M|
|poke|p1|Grafaiai, M|
|poke|p2|Meowscarada, M|
|poke|p2|Iron Crown|
|poke|p2|Great Tusk|
|poke|p2|Landorus-Therian, M|
|poke|p2|Raging Bolt|
|poke|p2|Ogerpon-Wellspring, F|
|teampreview
|
|t:|1743789951
|start
|switch|p1a: Araquanid|Araquanid, F, shiny|100/100
|switch|p2a: Landorus|Landorus-Therian, M|100/100
|-ability|p2a: Landorus|Intimidate|boost
|-unboost|p1a: Araquanid|atk|1
|turn|1
|
|t:|1743789958
|move|p2a: Landorus|Taunt|p1a: Araquanid
|-start|p1a: Araquanid|move: Taunt
|cant|p1a: Araquanid|move: Taunt|Sticky Web
|
|upkeep
|turn|2
|
|t:|1743789971
|switch|p1a: Gliscor|Gliscor, F|100/100
|move|p2a: Landorus|Stealth Rock|p1a: Gliscor
|-sidestart|p1: stinkdemon74|move: Stealth Rock
|
|-status|p1a: Gliscor|tox|[from] item: Toxic Orb
|upkeep
|turn|3
|
|t:|1743789979
|move|p1a: Gliscor|Knock Off|p2a: Landorus
|-damage|p2a: Landorus|79/100
|-damage|p1a: Gliscor|84/100 tox|[from] item: Rocky Helmet|[of] p2a: Landorus
|-enditem|p2a: Landorus|Rocky Helmet|[from] move: Knock Off|[of] p1a: Gliscor
|move|p2a: Landorus|Taunt|p1a: Gliscor
|-start|p1a: Gliscor|move: Taunt
|
|-heal|p1a: Gliscor|96/100 tox|[from] ability: Poison Heal
|upkeep
|turn|4
|
|t:|1743789993
|switch|p2a: Meowscarada|Meowscarada, M|100/100
|move|p1a: Gliscor|Knock Off|p2a: Meowscarada
|-resisted|p2a: Meowscarada
|-damage|p2a: Meowscarada|85/100
|-enditem|p2a: Meowscarada|Choice Scarf|[from] move: Knock Off|[of] p1a: Gliscor
|
|-heal|p1a: Gliscor|100/100 tox|[from] ability: Poison Heal
|upkeep
|turn|5
|
|t:|1743790017
|switch|p1a: Dragapult|Dragapult, F|100/100
|-damage|p1a: Dragapult|88/100|[from] Stealth Rock
|move|p2a: Meowscarada|Triple Axel|p1a: Dragapult
|-start|p2a: Meowscarada|typechange|Ice|[from] ability: Protean
|-supereffective|p1a: Dragapult
|-damage|p1a: Dragapult|62/100
|-supereffective|p1a: Dragapult
|-crit|p1a: Dragapult
|-damage|p1a: Dragapult|0 fnt
|faint|p1a: Dragapult
|-hitcount|p1: Dragapult|2
|
|upkeep
|
|t:|1743790036
|switch|p1a: Grafaiai|Grafaiai, M|100/100
|-damage|p1a: Grafaiai|88/100|[from] Stealth Rock
|turn|6
|
|t:|1743790043
|switch|p2a: Iron Crown|Iron Crown|100/100
|move|p1a: Grafaiai|Parting Shot|p2a: Iron Crown
|-unboost|p2a: Iron Crown|atk|1
|-unboost|p2a: Iron Crown|spa|1
|
|t:|1743790048
|switch|p1a: Kingambit|Kingambit, M, shiny|100/100|[from] Parting Shot
|-damage|p1a: Kingambit|94/100|[from] Stealth Rock
|-activate|p1a: Kingambit|ability: Supreme Overlord
|-start|p1a: Kingambit|fallen1|[silent]
|
|upkeep
|turn|7
|
|t:|1743790060
|-end|p2a: Iron Crown|Quark Drive|[silent]
|switch|p2a: Great Tusk|Great Tusk|100/100
|move|p1a: Kingambit|Swords Dance|p1a: Kingambit
|-boost|p1a: Kingambit|atk|2
|
|upkeep
|turn|8
|
|t:|1743790071
|-terastallize|p1a: Kingambit|Flying
|move|p2a: Great Tusk|Headlong Rush|p1a: Kingambit
|-immune|p1a: Kingambit
|move|p1a: Kingambit|Iron Head|p2a: Great Tusk
|-damage|p2a: Great Tusk|36/100
|
|upkeep
|turn|9
|
|t:|1743790085
|move|p2a: Great Tusk|Ice Spinner|p1a: Kingambit
|-supereffective|p1a: Kingambit
|-damage|p1a: Kingambit|48/100
|move|p1a: Kingambit|Iron Head|p2a: Great Tusk
|-crit|p2a: Great Tusk
|-damage|p2a: Great Tusk|0 fnt
|faint|p2a: Great Tusk
|-end|p2a: Great Tusk|Protosynthesis|[silent]
|
|upkeep
|
|t:|1743790093
|switch|p2a: Raging Bolt|Raging Bolt|100/100
|-enditem|p2a: Raging Bolt|Booster Energy
|-activate|p2a: Raging Bolt|ability: Protosynthesis|[fromitem]
|-start|p2a: Raging Bolt|protosynthesisspa
|turn|10
|
|t:|1743790103
|move|p2a: Raging Bolt|Thunderbolt|p1a: Kingambit
|-supereffective|p1a: Kingambit
|-damage|p1a: Kingambit|0 fnt
|faint|p1a: Kingambit
|-end|p1a: Kingambit|fallen1|[silent]
|
|upkeep
|
|t:|1743790108
|switch|p1a: Gliscor|Gliscor, F|100/100 tox
|-damage|p1a: Gliscor|88/100 tox|[from] Stealth Rock
|turn|11
|
|t:|1743790119
|move|p1a: Gliscor|Toxic|p2a: Raging Bolt
|-status|p2a: Raging Bolt|tox
|move|p2a: Raging Bolt|Calm Mind|p2a: Raging Bolt
|-boost|p2a: Raging Bolt|spa|1
|-boost|p2a: Raging Bolt|spd|1
|
|-heal|p1a: Gliscor|100/100 tox|[from] ability: Poison Heal
|-damage|p2a: Raging Bolt|94/100 tox|[from] psn
|upkeep
|turn|12
|
|t:|1743790129
|move|p1a: Gliscor|Earthquake|p2a: Raging Bolt
|-supereffective|p2a: Raging Bolt
|-damage|p2a: Raging Bolt|26/100 tox
|move|p2a: Raging Bolt|Dragon Pulse|p1a: Gliscor
|-damage|p1a: Gliscor|0 fnt
|faint|p1a: Gliscor
|
|-damage|p2a: Raging Bolt|14/100 tox|[from] psn
|upkeep
|
|t:|1743790147
|switch|p1a: Araquanid|Araquanid, F, shiny|100/100
|turn|13
|
|t:|1743790152
|move|p2a: Raging Bolt|Thunderbolt|p1a: Araquanid
|-supereffective|p1a: Araquanid
|-damage|p1a: Araquanid|0 fnt
|faint|p1a: Araquanid
|
|-damage|p2a: Raging Bolt|0 fnt|[from] psn
|faint|p2a: Raging Bolt
|-end|p2a: Raging Bolt|Protosynthesis|[silent]
|upkeep
|
|t:|1743790165
|switch|p2a: Iron Crown|Iron Crown|100/100
|switch|p1a: Grafaiai|Grafaiai, M|88/100
|-damage|p1a: Grafaiai|76/100|[from] Stealth Rock
|turn|14
|inactive|Battle timer is ON: inactive players will automatically lose when time's up. (requested by stinkdemon74)
|
|t:|1743790178
|-end|p2a: Iron Crown|Quark Drive|[silent]
|switch|p2a: Meowscarada|Meowscarada, M|85/100
|move|p1a: Grafaiai|Switcheroo|p2a: Meowscarada
|-hint|Since gen 7, Dark is immune to Prankster moves.
|-immune|p2a: Meowscarada
|
|-heal|p1a: Grafaiai|82/100|[from] item: Black Sludge
|upkeep
|turn|15
|
|t:|1743790196
|move|p1a: Grafaiai|Gunk Shot|p2a: Meowscarada
|-supereffective|p2a: Meowscarada
|-damage|p2a: Meowscarada|0 fnt
|faint|p2a: Meowscarada
|
|-heal|p1a: Grafaiai|88/100|[from] item: Black Sludge
|upkeep
|
|t:|1743790204
|switch|p2a: Ogerpon|Ogerpon-Wellspring, F|100/100
|turn|16
|
|t:|1743790220
|-terastallize|p2a: Ogerpon|Water
|detailschange|p2a: Ogerpon|Ogerpon-Wellspring-Tera, F, tera:Water
|-ability|p2a: Ogerpon|Embody Aspect (Wellspring)|boost
|-boost|p2a: Ogerpon|spd|1
|move|p1a: Grafaiai|Gunk Shot|p2a: Ogerpon|[miss]
|-miss|p1a: Grafaiai|p2a: Ogerpon
|move|p2a: Ogerpon|Swords Dance|p2a: Ogerpon
|-boost|p2a: Ogerpon|atk|2
|
|-heal|p1a: Grafaiai|94/100|[from] item: Black Sludge
|upkeep
|turn|17
|
|t:|1743790235
|move|p1a: Grafaiai|Encore|p2a: Ogerpon
|-start|p2a: Ogerpon|Encore
|move|p2a: Ogerpon|Swords Dance|p2a: Ogerpon
|-boost|p2a: Ogerpon|atk|2
|
|-heal|p1a: Grafaiai|99/100|[from] item: Black Sludge
|upkeep
|turn|18
|
|t:|1743790246
|move|p1a: Grafaiai|Switcheroo||[still]
|-fail|p1a: Grafaiai
|move|p2a: Ogerpon|Swords Dance|p2a: Ogerpon
|-boost|p2a: Ogerpon|atk|2
|
|-heal|p1a: Grafaiai|100/100|[from] item: Black Sludge
|upkeep
|turn|19
|
|t:|1743790256
|move|p2a: Ogerpon|Swords Dance|p2a: Ogerpon
|-boost|p2a: Ogerpon|atk|0
|move|p1a: Grafaiai|Gunk Shot|p2a: Ogerpon
|-damage|p2a: Ogerpon|31/100
|
|-end|p2a: Ogerpon|Encore
|upkeep
|turn|20
|
|t:|1743790270
|move|p1a: Grafaiai|Encore|p2a: Ogerpon
|-start|p2a: Ogerpon|Encore
|move|p2a: Ogerpon|Swords Dance|p2a: Ogerpon
|-boost|p2a: Ogerpon|atk|0
|
|upkeep
|turn|21
|
|t:|1743790276
|switch|p2a: Landorus|Landorus-Therian, M|79/100
|-ability|p2a: Landorus|Intimidate|boost
|-unboost|p1a: Grafaiai|atk|1
|move|p1a: Grafaiai|Gunk Shot|p2a: Landorus
|-resisted|p2a: Landorus
|-damage|p2a: Landorus|64/100
|
|upkeep
|turn|22
|
|t:|1743790286
|move|p1a: Grafaiai|Parting Shot|p2a: Landorus
|-unboost|p2a: Landorus|atk|1
|-unboost|p2a: Landorus|spa|1
|
|t:|1743790290
|switch|p1a: Sylveon|Sylveon, M|100/100|[from] Parting Shot
|-damage|p1a: Sylveon|88/100|[from] Stealth Rock
|move|p2a: Landorus|Taunt|p1a: Sylveon
|-start|p1a: Sylveon|move: Taunt
|
|upkeep
|turn|23
|
|t:|1743790301
|move|p2a: Landorus|U-turn|p1a: Sylveon
|-resisted|p1a: Sylveon
|-damage|p1a: Sylveon|81/100
|
|t:|1743790310
|switch|p2a: Iron Crown|Iron Crown|100/100|[from] U-turn
|move|p1a: Sylveon|Hyper Beam|p2a: Iron Crown
|-resisted|p2a: Iron Crown
|-damage|p2a: Iron Crown|75/100
|-mustrecharge|p1a: Sylveon
|
|upkeep
|turn|24
|
|t:|1743790325
|move|p2a: Iron Crown|Tachyon Cutter|p1a: Sylveon
|-supereffective|p1a: Sylveon
|-damage|p1a: Sylveon|41/100
|-supereffective|p1a: Sylveon
|-damage|p1a: Sylveon|0 fnt
|faint|p1a: Sylveon
|-hitcount|p1: Sylveon|2
|
|upkeep
|
|t:|1743790331
|switch|p1a: Grafaiai|Grafaiai, M|100/100
|-damage|p1a: Grafaiai|88/100|[from] Stealth Rock
|turn|25
|
|t:|1743790335
|move|p1a: Grafaiai|Switcheroo|p2a: Iron Crown
|-activate|p1a: Grafaiai|move: Trick|[of] p2a: Iron Crown
|-item|p2a: Iron Crown|Black Sludge|[from] move: Switcheroo
|-item|p1a: Grafaiai|Assault Vest|[from] move: Switcheroo
|move|p2a: Iron Crown|Tachyon Cutter|p1a: Grafaiai
|-damage|p1a: Grafaiai|58/100
|-damage|p1a: Grafaiai|28/100
|-hitcount|p1a: Grafaiai|2
|
|-damage|p2a: Iron Crown|62/100|[from] item: Black Sludge
|upkeep
|turn|26
|
|t:|1743790346
|move|p1a: Grafaiai|Gunk Shot|p2a: Iron Crown
|-immune|p2a: Iron Crown
|move|p2a: Iron Crown|Tachyon Cutter|p1a: Grafaiai
|-damage|p1a: Grafaiai|0 fnt
|faint|p1a: Grafaiai
|-hitcount|p1: Grafaiai|1
|
|win|grem2220
|raw|stinkdemon74's rating: 1082 &rarr; <strong>1063</strong><br />(-19 for losing)
|raw|grem2220's rating: 1131 &rarr; <strong>1152</strong><br />(+21 for winning)
|l|☆stinkdemon74
|player|p1|
