|j|☆verguetta
|j|☆Team BBIO 38
|t:|1743869588
|gametype|singles
|player|p1|verguetta|266|1373
|player|p2|Team BBIO 38|dragontamer|1447
|teamsize|p1|6
|teamsize|p2|6
|gen|9
|tier|[Gen 9] OU
|rated|
|rule|HP Percentage Mod: HP is shown in percentages
|rule|Endless Battle Clause: Forcing endless battles is banned
|rule|Species Clause: Limit one of each Pokémon
|rule|OHKO Clause: OHKO moves are banned
|rule|Evasion Items Clause: Evasion items are banned
|rule|Evasion Moves Clause: Evasion moves are banned
|rule|Sleep Moves Clause: Sleep-inducing moves are banned
|clearpoke
|poke|p1|Ursaluna, F|
|poke|p1|Alomomola, F|
|poke|p1|Slowking-Galar, M|
|poke|p1|Cinderace, F|
|poke|p1|Kingambit, M|
|poke|p1|Darkrai|
|poke|p2|Dusclops, M|
|poke|p2|Blissey, F|
|poke|p2|Flamigo, M|
|poke|p2|Mimikyu, M|
|poke|p2|Latias, F|
|poke|p2|Rotom-Wash|
|teampreview
|inactive|Battle timer is ON: inactive players will automatically lose when time's up. (requested by Team BBIO 38)
|
|t:|1743869605
|start
|switch|p1a: Cinderace|Cinderace, F|100/100
|switch|p2a: Blissey|Blissey, F|100/100
|turn|1
|
|t:|1743869611
|switch|p2a: Dusclops|Dusclops, M|100/100
|-item|p1a: Cinderace|Heavy-Duty Boots|[from] ability: Frisk|[of] p2a: Dusclops
|move|p1a: Cinderace|Pyro Ball|p2a: Dusclops
|-damage|p2a: Dusclops|77/100
|
|upkeep
|turn|2
|
|t:|1743869620
|move|p1a: Cinderace|U-turn|p2a: Dusclops
|-resisted|p2a: Dusclops
|-damage|p2a: Dusclops|73/100
|
|t:|1743869623
|switch|p1a: Alomomola|Alomomola, F|100/100|[from] U-turn
|move|p2a: Dusclops|Night Shade|p1a: Alomomola
|-damage|p1a: Alomomola|82/100
|
|upkeep
|turn|3
|
|t:|1743869629
|switch|p2a: Blissey|Blissey, F|100/100
|move|p1a: Alomomola|Flip Turn|p2a: Blissey
|-damage|p2a: Blissey|86/100
|
|t:|1743869632
|switch|p1a: Ursaluna|Ursaluna, F|100/100|[from] Flip Turn
|
|-heal|p2a: Blissey|92/100|[from] item: Leftovers
|-status|p1a: Ursaluna|brn|[from] item: Flame Orb
|upkeep
|turn|4
|
|t:|1743869638
|move|p1a: Ursaluna|Swords Dance|p1a: Ursaluna
|-boost|p1a: Ursaluna|atk|2
|move|p2a: Blissey|Stealth Rock|p1a: Ursaluna
|-sidestart|p1: verguetta|move: Stealth Rock
|
|-heal|p2a: Blissey|99/100|[from] item: Leftovers
|-damage|p1a: Ursaluna|94/100 brn|[from] brn
|upkeep
|turn|5
|
|t:|1743869647
|switch|p2a: Mimikyu|Mimikyu, M|100/100
|move|p1a: Ursaluna|Headlong Rush|p2a: Mimikyu
|-activate|p2a: Mimikyu|ability: Disguise
|-damage|p2a: Mimikyu|100/100
|-unboost|p1a: Ursaluna|def|1
|-unboost|p1a: Ursaluna|spd|1
|detailschange|p2a: Mimikyu|Mimikyu-Busted, M
|-damage|p2a: Mimikyu|88/100|[from] pokemon: Mimikyu-Busted
|-enditem|p2a: Mimikyu|Red Card|[of] p1a: Ursaluna
|drag|p1a: Slowking|Slowking-Galar, M|100/100
|
|upkeep
|turn|6
|
|t:|1743869661
|move|p2a: Mimikyu|Swords Dance|p2a: Mimikyu
|-boost|p2a: Mimikyu|atk|2
|move|p1a: Slowking|Thunder Wave|p2a: Mimikyu
|-status|p2a: Mimikyu|par
|
|upkeep
|turn|7
|
|t:|1743869676
|switch|p1a: Cinderace|Cinderace, F|100/100
|move|p2a: Mimikyu|Play Rough|p1a: Cinderace
|-resisted|p1a: Cinderace
|-damage|p1a: Cinderace|58/100
|
|upkeep
|turn|8
|
|t:|1743869687
|cant|p2a: Mimikyu|par
|move|p1a: Cinderace|Court Change|p1a: Cinderace
|-swapsideconditions
|-activate|p1a: Cinderace|move: Court Change
|
|upkeep
|turn|9
|
|t:|1743869693
|move|p1a: Cinderace|Pyro Ball|p2a: Mimikyu
|-damage|p2a: Mimikyu|8/100 par
|move|p2a: Mimikyu|Play Rough|p1a: Cinderace
|-resisted|p1a: Cinderace
|-damage|p1a: Cinderace|11/100
|
|upkeep
|turn|10
|
|t:|1743869706
|switch|p1a: Alomomola|Alomomola, F|100/100
|move|p2a: Mimikyu|Shadow Sneak|p1a: Alomomola
|-damage|p1a: Alomomola|84/100
|
|upkeep
|turn|11
|
|t:|1743869713
|move|p2a: Mimikyu|Shadow Sneak|p1a: Alomomola
|-damage|p1a: Alomomola|67/100
|move|p1a: Alomomola|Wish|p1a: Alomomola
|
|upkeep
|turn|12
|
|t:|1743869717
|cant|p2a: Mimikyu|par
|move|p1a: Alomomola|Flip Turn|p2a: Mimikyu
|-damage|p2a: Mimikyu|0 fnt
|faint|p2a: Mimikyu
|
|t:|1743869721
|switch|p1a: Cinderace|Cinderace, F|11/100|[from] Flip Turn
|
|-heal|p1a: Cinderace|85/100|[from] move: Wish|[wisher] Alomomola
|upkeep
|
|t:|1743869727
|switch|p2a: Rotom|Rotom-Wash|100/100
|-damage|p2a: Rotom|88/100|[from] Stealth Rock
|turn|13
|
|t:|1743869734
|switch|p1a: Slowking|Slowking-Galar, M|100/100
|move|p2a: Rotom|Trick|p1a: Slowking
|-activate|p2a: Rotom|move: Trick|[of] p1a: Slowking
|-item|p1a: Slowking|Choice Specs|[from] move: Trick
|-item|p2a: Rotom|Heavy-Duty Boots|[from] move: Trick
|
|upkeep
|turn|14
|
|t:|1743869744
|switch|p2a: Blissey|Blissey, F|99/100
|-damage|p2a: Blissey|86/100|[from] Stealth Rock
|-prepare|p1a: Slowking|Chilly Reception|[premajor]
|move|p1a: Slowking|Chilly Reception|p1a: Slowking
|-weather|Snowscape
|
|t:|1743869749
|switch|p1a: Ursaluna|Ursaluna, F|94/100 brn|[from] Chilly Reception
|
|-weather|Snowscape|[upkeep]
|-heal|p2a: Blissey|92/100|[from] item: Leftovers
|-damage|p1a: Ursaluna|88/100 brn|[from] brn
|upkeep
|turn|15
|
|t:|1743869764
|move|p1a: Ursaluna|Facade|p2a: Blissey
|-damage|p2a: Blissey|0 fnt
|faint|p2a: Blissey
|
|-weather|Snowscape|[upkeep]
|-damage|p1a: Ursaluna|82/100 brn|[from] brn
|upkeep
|
|t:|1743869782
|switch|p2a: Flamigo|Flamigo, M|100/100
|-damage|p2a: Flamigo|88/100|[from] Stealth Rock
|turn|16
|
|t:|1743869787
|switch|p1a: Alomomola|Alomomola, F|99/100
|move|p2a: Flamigo|Close Combat|p1a: Alomomola
|-damage|p1a: Alomomola|72/100
|-unboost|p2a: Flamigo|def|1
|-unboost|p2a: Flamigo|spd|1
|
|-weather|Snowscape|[upkeep]
|upkeep
|turn|17
|
|t:|1743869795
|switch|p2a: Alaric|Latias, F|100/100
|-damage|p2a: Alaric|88/100|[from] Stealth Rock
|move|p1a: Alomomola|Flip Turn|p2a: Alaric
|-resisted|p2a: Alaric
|-damage|p2a: Alaric|82/100
|
|t:|1743869798
|switch|p1a: Darkrai|Darkrai|100/100|[from] Flip Turn
|
|-weather|Snowscape|[upkeep]
|-heal|p2a: Alaric|88/100|[from] item: Leftovers
|upkeep
|turn|18
|
|t:|1743869807
|-terastallize|p2a: Alaric|Steel
|move|p1a: Darkrai|Nasty Plot|p1a: Darkrai
|-boost|p1a: Darkrai|spa|2
|move|p2a: Alaric|Calm Mind|p2a: Alaric
|-boost|p2a: Alaric|spa|1
|-boost|p2a: Alaric|spd|1
|
|-weather|none
|-heal|p2a: Alaric|94/100|[from] item: Leftovers
|upkeep
|turn|19
|
|t:|1743869815
|move|p1a: Darkrai|Dark Pulse|p2a: Alaric
|-damage|p2a: Alaric|49/100
|move|p2a: Alaric|Calm Mind|p2a: Alaric
|-boost|p2a: Alaric|spa|1
|-boost|p2a: Alaric|spd|1
|
|-heal|p2a: Alaric|55/100|[from] item: Leftovers
|upkeep
|turn|20
|
|t:|1743869822
|move|p1a: Darkrai|Dark Pulse|p2a: Alaric
|-damage|p2a: Alaric|22/100
|move|p2a: Alaric|Recover|p2a: Alaric
|-heal|p2a: Alaric|72/100
|
|-heal|p2a: Alaric|78/100|[from] item: Leftovers
|upkeep
|turn|21
|
|t:|1743869831
|switch|p1a: Slowking|Slowking-Galar, M|100/100
|move|p2a: Alaric|Calm Mind|p2a: Alaric
|-boost|p2a: Alaric|spa|1
|-boost|p2a: Alaric|spd|1
|
|-heal|p2a: Alaric|84/100|[from] item: Leftovers
|upkeep
|turn|22
|
|t:|1743869839
|move|p2a: Alaric|Stored Power|p1a: Slowking
|-damage|p1a: Slowking|9/100
|move|p1a: Slowking|Thunder Wave|p2a: Alaric
|-status|p2a: Alaric|par
|
|-heal|p2a: Alaric|90/100 par|[from] item: Leftovers
|upkeep
|turn|23
|
|t:|1743869847
|move|p2a: Alaric|Stored Power|p1a: Slowking
|-damage|p1a: Slowking|0 fnt
|faint|p1a: Slowking
|
|-heal|p2a: Alaric|96/100 par|[from] item: Leftovers
|upkeep
|
|t:|1743869849
|switch|p1a: Cinderace|Cinderace, F|85/100
|turn|24
|
|t:|1743869854
|move|p1a: Cinderace|Pyro Ball|p2a: Alaric
|-supereffective|p2a: Alaric
|-damage|p2a: Alaric|19/100 par
|move|p2a: Alaric|Stored Power|p1a: Cinderace
|-damage|p1a: Cinderace|0 fnt
|faint|p1a: Cinderace
|
|-heal|p2a: Alaric|25/100 par|[from] item: Leftovers
|upkeep
|
|t:|1743869873
|switch|p1a: Darkrai|Darkrai|100/100
|turn|25
|
|t:|1743869879
|move|p1a: Darkrai|Dark Pulse|p2a: Alaric
|-damage|p2a: Alaric|13/100 par
|cant|p2a: Alaric|flinch
|
|-heal|p2a: Alaric|19/100 par|[from] item: Leftovers
|upkeep
|turn|26
|
|t:|1743869885
|move|p1a: Darkrai|Nasty Plot|p1a: Darkrai
|-boost|p1a: Darkrai|spa|2
|move|p2a: Alaric|Recover|p2a: Alaric
|-heal|p2a: Alaric|69/100 par
|
|-heal|p2a: Alaric|75/100 par|[from] item: Leftovers
|upkeep
|turn|27
|
|t:|1743869892
|move|p1a: Darkrai|Nasty Plot|p1a: Darkrai
|-boost|p1a: Darkrai|spa|2
|move|p2a: Alaric|Aura Sphere|p1a: Darkrai
|-supereffective|p1a: Darkrai
|-damage|p1a: Darkrai|0 fnt
|faint|p1a: Darkrai
|
|-heal|p2a: Alaric|81/100 par|[from] item: Leftovers
|upkeep
|
|t:|1743869900
|switch|p1a: Kingambit|Kingambit, M|100/100
|-activate|p1a: Kingambit|ability: Supreme Overlord
|-start|p1a: Kingambit|fallen3|[silent]
|turn|28
|
|t:|1743869910
|-end|p1a: Kingambit|fallen3|[silent]
|switch|p1a: Alomomola|Alomomola, F|100/100
|move|p2a: Alaric|Aura Sphere|p1a: Alomomola
|-damage|p1a: Alomomola|27/100
|
|-heal|p2a: Alaric|87/100 par|[from] item: Leftovers
|upkeep
|turn|29
|
|t:|1743869917
|move|p2a: Alaric|Aura Sphere|p1a: Alomomola
|-damage|p1a: Alomomola|0 fnt
|faint|p1a: Alomomola
|
|-heal|p2a: Alaric|93/100 par|[from] item: Leftovers
|upkeep
|
|t:|1743869920
|switch|p1a: Ursaluna|Ursaluna, F|82/100 brn
|turn|30
|
|t:|1743869924
|move|p1a: Ursaluna|Fire Punch|p2a: Alaric
|-supereffective|p2a: Alaric
|-damage|p2a: Alaric|22/100 par
|move|p2a: Alaric|Aura Sphere|p1a: Ursaluna
|-supereffective|p1a: Ursaluna
|-damage|p1a: Ursaluna|0 fnt
|faint|p1a: Ursaluna
|
|-heal|p2a: Alaric|28/100 par|[from] item: Leftovers
|upkeep
|
|t:|1743869933
|switch|p1a: Kingambit|Kingambit, M|100/100
|-activate|p1a: Kingambit|ability: Supreme Overlord
|-start|p1a: Kingambit|fallen5|[silent]
|turn|31
|
|t:|1743869939
|move|p1a: Kingambit|Kowtow Cleave|p2a: Alaric
|-damage|p2a: Alaric|0 fnt
|faint|p2a: Alaric
|
|upkeep
|
|t:|1743869944
|switch|p2a: Flamigo|Flamigo, M|88/100
|-damage|p2a: Flamigo|76/100|[from] Stealth Rock
|turn|32
|
|t:|1743869952
|-terastallize|p1a: Kingambit|Ghost
|move|p2a: Flamigo|Close Combat|p1a: Kingambit
|-damage|p1a: Kingambit|59/100
|-unboost|p2a: Flamigo|def|1
|-unboost|p2a: Flamigo|spd|1
|move|p1a: Kingambit|Swords Dance|p1a: Kingambit
|-boost|p1a: Kingambit|atk|2
|
|-heal|p1a: Kingambit|65/100|[from] item: Leftovers
|upkeep
|turn|33
|
|t:|1743869961
|move|p1a: Kingambit|Sucker Punch|p2a: Flamigo
|-resisted|p2a: Flamigo
|-damage|p2a: Flamigo|0 fnt
|faint|p2a: Flamigo
|
|-heal|p1a: Kingambit|71/100|[from] item: Leftovers
|upkeep
|
|t:|1743869967
|switch|p2a: Dusclops|Dusclops, M|73/100
|-damage|p2a: Dusclops|61/100|[from] Stealth Rock
|-item|p1a: Kingambit|Leftovers|[from] ability: Frisk|[of] p2a: Dusclops
|turn|34
|
|t:|1743869973
|move|p1a: Kingambit|Kowtow Cleave|p2a: Dusclops
|-supereffective|p2a: Dusclops
|-crit|p2a: Dusclops
|-damage|p2a: Dusclops|0 fnt
|faint|p2a: Dusclops
|
|-heal|p1a: Kingambit|77/100|[from] item: Leftovers
|upkeep
|
|t:|1743869979
|switch|p2a: Rotom|Rotom-Wash|88/100
|turn|35
|
|t:|1743869987
|move|p2a: Rotom|Hydro Pump|p1a: Kingambit|[miss]
|-miss|p2a: Rotom|p1a: Kingambit
|move|p1a: Kingambit|Kowtow Cleave|p2a: Rotom
|-damage|p2a: Rotom|0 fnt
|faint|p2a: Rotom
|
|win|verguetta
|raw|verguetta's rating: 1373 &rarr; <strong>1397</strong><br />(+24 for winning)
|raw|Team BBIO 38's rating: 1447 &rarr; <strong>1423</strong><br />(-24 for losing)
|c|☆Team BBIO 38|gg
|c|☆verguetta|Gg
|c|☆Team BBIO 38|good comeback
|l|☆Team BBIO 38
|player|p2|
|c|☆verguetta|I thought it was max Speed
