|j|☆DEATH5_5HADOW
|j|☆Dr.Jean Pepper
|t:|1743881524
|gametype|singles
|player|p1|DEATH5_5HADOW|hiker-gen4|1323
|player|p2|Dr.Jean Pepper|erika-lgpe|1356
|teamsize|p1|6
|teamsize|p2|6
|gen|9
|tier|[Gen 9] OU
|rated|
|rule|HP Percentage Mod: HP is shown in percentages
|rule|Endless Battle Clause: Forcing endless battles is banned
|rule|Species Clause: Limit one of each Pokémon
|rule|OHKO Clause: OHKO moves are banned
|rule|Evasion Items Clause: Evasion items are banned
|rule|Evasion Moves Clause: Evasion moves are banned
|rule|Sleep Moves Clause: Sleep-inducing moves are banned
|clearpoke
|poke|p1|Skeledirge, F|
|poke|p1|Clodsire, F|
|poke|p1|Tinkaton, F|
|poke|p1|Dragonite, F|
|poke|p1|Araquanid, M|
|poke|p1|Walking Wake|
|poke|p2|Raging Bolt|
|poke|p2|Iron Moth|
|poke|p2|Great Tusk|
|poke|p2|Weavile, M|
|poke|p2|Forretress, M|
|poke|p2|Ogerpon-Cornerstone, F|
|teampreview
|
|t:|1743881530
|start
|switch|p1a: Walking Wake|Walking Wake|100/100
|switch|p2a: Old but Good|Forretress, M, shiny|100/100
|turn|1
|
|t:|1743881541
|-end|p1a: Walking Wake|Protosynthesis|[silent]
|switch|p1a: Araquanid|Araquanid, M|100/100
|move|p2a: Old but Good|Stealth Rock|p1a: Araquanid
|-sidestart|p1: DEATH5_5HADOW|move: Stealth Rock
|
|upkeep
|turn|2
|
|t:|1743881547
|move|p1a: Araquanid|Sticky Web|p2a: Old but Good
|-sidestart|p2: Dr.Jean Pepper|move: Sticky Web
|move|p2a: Old but Good|Thunder Wave|p1a: Araquanid
|-status|p1a: Araquanid|par
|
|upkeep
|turn|3
|
|t:|1743881558
|switch|p1a: Queen|Skeledirge, F|100/100
|move|p2a: Old but Good|Rapid Spin|p1a: Queen
|-immune|p1a: Queen
|
|upkeep
|turn|4
|
|t:|1743881565
|switch|p2a: A little lass|Ogerpon-Cornerstone, F|100/100
|-activate|p2a: A little lass|move: Sticky Web
|-unboost|p2a: A little lass|spe|1
|move|p1a: Queen|Torch Song|p2a: A little lass
|-damage|p2a: A little lass|63/100
|-boost|p1a: Queen|spa|1
|
|upkeep
|turn|5
|
|t:|1743881579
|switch|p1a: Clodsire|Clodsire, F|100/100
|move|p2a: A little lass|Ivy Cudgel|p1a: Clodsire|[anim] Ivy Cudgel Rock
|-resisted|p1a: Clodsire
|-damage|p1a: Clodsire|67/100
|
|upkeep
|turn|6
|
|t:|1743881587
|switch|p2a: Old but Good|Forretress, M, shiny|100/100
|-activate|p2a: Old but Good|move: Sticky Web
|-unboost|p2a: Old but Good|spe|1
|move|p1a: Clodsire|Toxic|p2a: Old but Good
|-immune|p2a: Old but Good
|
|upkeep
|turn|7
|
|t:|1743881595
|switch|p1a: Queen|Skeledirge, F|100/100
|move|p2a: Old but Good|Thunder Wave|p1a: Queen
|-status|p1a: Queen|par
|
|upkeep
|turn|8
|
|t:|1743881608
|switch|p2a: Neck game $100|Raging Bolt|100/100
|-activate|p2a: Neck game $100|move: Sticky Web
|-unboost|p2a: Neck game $100|spe|1
|move|p1a: Queen|Will-O-Wisp|p2a: Neck game $100|[miss]
|-miss|p1a: Queen|p2a: Neck game $100
|
|upkeep
|turn|9
|
|t:|1743881622
|switch|p1a: Clodsire|Clodsire, F|67/100
|move|p2a: Neck game $100|Draco Meteor|p1a: Clodsire
|-damage|p1a: Clodsire|22/100
|-unboost|p2a: Neck game $100|spa|2
|
|upkeep
|turn|10
|
|t:|1743881633
|move|p2a: Neck game $100|Draco Meteor|p1a: Clodsire
|-damage|p1a: Clodsire|0 fnt
|-unboost|p2a: Neck game $100|spa|2
|faint|p1a: Clodsire
|
|upkeep
|
|t:|1743881641
|switch|p1a: MC Hammer|Tinkaton, F|100/100
|-damage|p1a: MC Hammer|94/100|[from] Stealth Rock
|-item|p1a: MC Hammer|Air Balloon
|turn|11
|
|t:|1743881648
|-end|p2a: Neck game $100|Protosynthesis|[silent]
|switch|p2a: Old but Good|Forretress, M, shiny|100/100
|-activate|p2a: Old but Good|move: Sticky Web
|-unboost|p2a: Old but Good|spe|1
|move|p1a: MC Hammer|Encore||[still]
|-fail|p1a: MC Hammer
|
|upkeep
|turn|12
|
|t:|1743881659
|move|p1a: MC Hammer|Thunder Wave|p2a: Old but Good
|-status|p2a: Old but Good|par
|move|p2a: Old but Good|Rapid Spin|p1a: MC Hammer
|-resisted|p1a: MC Hammer
|-damage|p1a: MC Hammer|88/100
|-boost|p2a: Old but Good|spe|1
|-enditem|p1a: MC Hammer|Air Balloon
|-sideend|p2: Dr.Jean Pepper|Sticky Web|[from] move: Rapid Spin|[of] p2a: Old but Good
|-enditem|p2a: Old but Good|Custap Berry|[silent]|[from] ability: Pickpocket|[of] p2a: Old but Good
|-item|p1a: MC Hammer|Custap Berry|[from] ability: Pickpocket|[of] p2a: Old but Good
|
|upkeep
|turn|13
|
|t:|1743881673
|switch|p2a: Mecha Battra|Iron Moth|100/100
|move|p1a: MC Hammer|Encore||[still]
|-fail|p1a: MC Hammer
|
|upkeep
|turn|14
|
|t:|1743881681
|switch|p1a: Araquanid|Araquanid, M|100/100 par
|-damage|p1a: Araquanid|75/100 par|[from] Stealth Rock
|move|p2a: Mecha Battra|Fiery Dance|p1a: Araquanid
|-damage|p1a: Araquanid|58/100 par
|-boost|p2a: Mecha Battra|spa|1
|
|upkeep
|turn|15
|
|t:|1743881690
|move|p2a: Mecha Battra|Meteor Beam||[still]
|-prepare|p2a: Mecha Battra|Meteor Beam
|-boost|p2a: Mecha Battra|spa|1
|-enditem|p2a: Mecha Battra|Power Herb
|-anim|p2a: Mecha Battra|Meteor Beam|p1a: Araquanid
|-supereffective|p1a: Araquanid
|-damage|p1a: Araquanid|0 fnt
|faint|p1a: Araquanid
|
|upkeep
|
|t:|1743881702
|switch|p1a: Eliott|Dragonite, F, shiny|100/100
|turn|16
|
|t:|1743881706
|move|p2a: Mecha Battra|Sludge Wave|p1a: Eliott
|-damage|p1a: Eliott|44/100
|move|p1a: Eliott|Dragon Dance|p1a: Eliott
|-boost|p1a: Eliott|atk|1
|-boost|p1a: Eliott|spe|1
|
|upkeep
|turn|17
|
|t:|1743881714
|-terastallize|p1a: Eliott|Normal
|move|p1a: Eliott|Earthquake|p2a: Mecha Battra
|-supereffective|p2a: Mecha Battra
|-damage|p2a: Mecha Battra|0 fnt
|faint|p2a: Mecha Battra
|-end|p2a: Mecha Battra|Quark Drive|[silent]
|
|upkeep
|
|t:|1743881722
|switch|p2a: A little lass|Ogerpon-Cornerstone, F|63/100
|turn|18
|
|t:|1743881725
|move|p1a: Eliott|Ice Spinner|p2a: A little lass
|-supereffective|p2a: A little lass
|-damage|p2a: A little lass|0 fnt
|faint|p2a: A little lass
|
|upkeep
|
|t:|1743881731
|switch|p2a: Old but Good|Forretress, M, shiny|100/100 par
|turn|19
|
|t:|1743881738
|move|p1a: Eliott|Dragon Dance|p1a: Eliott
|-boost|p1a: Eliott|atk|1
|-boost|p1a: Eliott|spe|1
|move|p2a: Old but Good|Body Press|p1a: Eliott
|-supereffective|p1a: Eliott
|-damage|p1a: Eliott|0 fnt
|faint|p1a: Eliott
|
|upkeep
|
|t:|1743881746
|switch|p1a: Queen|Skeledirge, F|100/100 par
|turn|20
|
|t:|1743881752
|switch|p2a: Neck game $100|Raging Bolt|100/100
|cant|p1a: Queen|par
|
|upkeep
|turn|21
|
|t:|1743881758
|switch|p1a: MC Hammer|Tinkaton, F|88/100
|-damage|p1a: MC Hammer|82/100|[from] Stealth Rock
|move|p2a: Neck game $100|Thunderbolt|p1a: MC Hammer
|-damage|p1a: MC Hammer|35/100
|
|upkeep
|turn|22
|
|t:|1743881766
|move|p1a: MC Hammer|Thunder Wave|p2a: Neck game $100
|-immune|p2a: Neck game $100
|move|p2a: Neck game $100|Thunderbolt|p1a: MC Hammer
|-damage|p1a: MC Hammer|0 fnt
|faint|p1a: MC Hammer
|
|upkeep
|
|t:|1743881773
|switch|p1a: Walking Wake|Walking Wake|100/100
|-damage|p1a: Walking Wake|88/100|[from] Stealth Rock
|turn|23
|
|t:|1743881778
|-terastallize|p2a: Neck game $100|Fairy
|move|p1a: Walking Wake|Draco Meteor|p2a: Neck game $100
|-immune|p2a: Neck game $100
|move|p2a: Neck game $100|Tera Blast|p1a: Walking Wake|[anim] Tera Blast Fairy
|-supereffective|p1a: Walking Wake
|-damage|p1a: Walking Wake|0 fnt
|faint|p1a: Walking Wake
|-end|p1a: Walking Wake|Protosynthesis|[silent]
|
|upkeep
|-message|DEATH5_5HADOW forfeited.
|
|win|Dr.Jean Pepper
|raw|DEATH5_5HADOW's rating: 1323 &rarr; <strong>1305</strong><br />(-18 for losing)
|raw|Dr.Jean Pepper's rating: 1356 &rarr; <strong>1374</strong><br />(+18 for winning)
|l|☆DEATH5_5HADOW
|player|p1|
|c|☆Dr.Jean Pepper|gg
