|j|☆Deatheye44
|j|☆Supabro10
|t:|1743831038
|gametype|singles
|player|p1|Deatheye44|lance|1252
|player|p2|Supabro10|juan|1212
|teamsize|p1|6
|teamsize|p2|6
|gen|9
|tier|[Gen 9] OU
|rated|
|rule|HP Percentage Mod: HP is shown in percentages
|rule|Endless Battle Clause: Forcing endless battles is banned
|rule|Species Clause: Limit one of each Pokémon
|rule|OHKO Clause: OHKO moves are banned
|rule|Evasion Items Clause: Evasion items are banned
|rule|Evasion Moves Clause: Evasion moves are banned
|rule|Sleep Moves Clause: Sleep-inducing moves are banned
|clearpoke
|poke|p1|Corviknight, F|
|poke|p1|Clodsire, F|
|poke|p1|Kyurem|
|poke|p1|Gholdengo|
|poke|p1|Raging Bolt|
|poke|p1|Great Tusk|
|poke|p2|Iron Hands|
|poke|p2|Dragapult, F|
|poke|p2|Quaquaval, F|
|poke|p2|Weavile, F|
|poke|p2|Iron Boulder|
|poke|p2|Cinderace, F|
|teampreview
|
|t:|1743831050
|start
|switch|p1a: Corviknight|Corviknight, F|100/100
|switch|p2a: Drones|Dragapult, F|100/100
|-ability|p1a: Corviknight|Pressure
|turn|1
|
|t:|1743831057
|move|p2a: Drones|Will-O-Wisp|p1a: Corviknight|[miss]
|-miss|p2a: Drones|p1a: Corviknight
|move|p1a: Corviknight|U-turn|p2a: Drones
|-resisted|p2a: Drones
|-damage|p2a: Drones|91/100
|
|t:|1743831063
|switch|p1a: Raging Bolt|Raging Bolt|100/100|[from] U-turn
|
|upkeep
|turn|2
|
|t:|1743831068
|move|p2a: Drones|Will-O-Wisp|p1a: Raging Bolt
|-status|p1a: Raging Bolt|brn
|move|p1a: Raging Bolt|Dragon Pulse|p2a: Drones
|-supereffective|p2a: Drones
|-crit|p2a: Drones
|-damage|p2a: Drones|0 fnt
|faint|p2a: Drones
|
|-damage|p1a: Raging Bolt|94/100 brn|[from] brn
|upkeep
|
|t:|1743831075
|switch|p2a: Dark Shinobi|Iron Hands|100/100
|-enditem|p2a: Dark Shinobi|Booster Energy
|-activate|p2a: Dark Shinobi|ability: Quark Drive|[fromitem]
|-start|p2a: Dark Shinobi|quarkdriveatk
|turn|3
|
|t:|1743831083
|-end|p1a: Raging Bolt|Protosynthesis|[silent]
|switch|p1a: Corviknight|Corviknight, F|100/100
|-ability|p1a: Corviknight|Pressure
|move|p2a: Dark Shinobi|Fake Out|p1a: Corviknight
|-resisted|p1a: Corviknight
|-damage|p1a: Corviknight|94/100
|-damage|p2a: Dark Shinobi|84/100|[from] item: Rocky Helmet|[of] p1a: Corviknight
|
|upkeep
|turn|4
|
|t:|1743831092
|move|p1a: Corviknight|U-turn|p2a: Dark Shinobi
|-resisted|p2a: Dark Shinobi
|-damage|p2a: Dark Shinobi|80/100
|
|t:|1743831095
|switch|p1a: Clodsire|Clodsire, F|100/100|[from] U-turn
|move|p2a: Dark Shinobi|Swords Dance|p2a: Dark Shinobi
|-boost|p2a: Dark Shinobi|atk|2
|
|upkeep
|turn|5
|
|t:|1743831111
|switch|p1a: Gholdengo|Gholdengo|100/100
|-item|p1a: Gholdengo|Air Balloon
|-terastallize|p2a: Dark Shinobi|Flying
|move|p2a: Dark Shinobi|Drain Punch|p1a: Gholdengo
|-immune|p1a: Gholdengo
|
|upkeep
|turn|6
|
|t:|1743831121
|move|p1a: Gholdengo|Substitute|p1a: Gholdengo
|-start|p1a: Gholdengo|Substitute
|-damage|p1a: Gholdengo|76/100
|move|p2a: Dark Shinobi|Supercell Slam|p1a: Gholdengo
|-end|p1a: Gholdengo|Substitute
|-enditem|p1a: Gholdengo|Air Balloon
|
|upkeep
|turn|7
|
|t:|1743831129
|move|p1a: Gholdengo|Thunderbolt|p2a: Dark Shinobi
|-supereffective|p2a: Dark Shinobi
|-damage|p2a: Dark Shinobi|26/100
|move|p2a: Dark Shinobi|Drain Punch|p1a: Gholdengo
|-immune|p1a: Gholdengo
|
|upkeep
|turn|8
|
|t:|1743831136
|move|p1a: Gholdengo|Thunderbolt|p2a: Dark Shinobi
|-supereffective|p2a: Dark Shinobi
|-damage|p2a: Dark Shinobi|0 fnt
|faint|p2a: Dark Shinobi
|-end|p2a: Dark Shinobi|Quark Drive|[silent]
|
|upkeep
|
|t:|1743831143
|switch|p2a: Rag Ninja|Weavile, F|100/100
|turn|9
|
|t:|1743831147
|switch|p1a: Corviknight|Corviknight, F|94/100
|-ability|p1a: Corviknight|Pressure
|move|p2a: Rag Ninja|Knock Off|p1a: Corviknight
|-damage|p1a: Corviknight|68/100
|-damage|p2a: Rag Ninja|84/100|[from] item: Rocky Helmet|[of] p1a: Corviknight
|-enditem|p1a: Corviknight|Rocky Helmet|[from] move: Knock Off|[of] p2a: Rag Ninja
|
|upkeep
|turn|10
|
|t:|1743831157
|move|p2a: Rag Ninja|Triple Axel|p1a: Corviknight
|-damage|p1a: Corviknight|62/100
|-damage|p1a: Corviknight|51/100
|-damage|p1a: Corviknight|32/100
|-hitcount|p1a: Corviknight|3
|move|p1a: Corviknight|Tailwind|p1a: Corviknight
|-sidestart|p1: Deatheye44|move: Tailwind
|
|upkeep
|turn|11
|
|t:|1743831165
|move|p2a: Rag Ninja|Triple Axel|p1a: Corviknight
|-damage|p1a: Corviknight|26/100
|-damage|p1a: Corviknight|13/100
|-damage|p1a: Corviknight|0 fnt
|faint|p1a: Corviknight
|-hitcount|p1: Corviknight|3
|
|upkeep
|
|t:|1743831173
|switch|p1a: Great Tusk|Great Tusk|100/100
|turn|12
|
|t:|1743831176
|move|p2a: Rag Ninja|Ice Shard|p1a: Great Tusk
|-supereffective|p1a: Great Tusk
|-damage|p1a: Great Tusk|73/100
|move|p1a: Great Tusk|Close Combat|p2a: Rag Ninja
|-supereffective|p2a: Rag Ninja
|-damage|p2a: Rag Ninja|0 fnt
|-unboost|p1a: Great Tusk|def|1
|-unboost|p1a: Great Tusk|spd|1
|faint|p2a: Rag Ninja
|
|-heal|p1a: Great Tusk|79/100|[from] item: Leftovers
|upkeep
|
|t:|1743831204
|switch|p2a: Shag Ninja|Cinderace, F|100/100
|turn|13
|
|t:|1743831210
|move|p1a: Great Tusk|Headlong Rush|p2a: Shag Ninja
|-supereffective|p2a: Shag Ninja
|-damage|p2a: Shag Ninja|0 fnt
|-unboost|p1a: Great Tusk|def|1
|-unboost|p1a: Great Tusk|spd|1
|faint|p2a: Shag Ninja
|
|-heal|p1a: Great Tusk|85/100|[from] item: Leftovers
|-sideend|p1: Deatheye44|move: Tailwind
|upkeep
|
|t:|1743831215
|switch|p2a: My Name Blue Guy|Quaquaval, F|100/100
|turn|14
|
|t:|1743831222
|-end|p1a: Great Tusk|Protosynthesis|[silent]
|switch|p1a: Clodsire|Clodsire, F|100/100
|move|p2a: My Name Blue Guy|Aqua Step|p1a: Clodsire
|-immune|p1a: Clodsire|[from] ability: Water Absorb
|
|upkeep
|turn|15
|
|t:|1743831246
|move|p2a: My Name Blue Guy|Close Combat|p1a: Clodsire
|-resisted|p1a: Clodsire
|-damage|p1a: Clodsire|66/100
|-unboost|p2a: My Name Blue Guy|def|1
|-unboost|p2a: My Name Blue Guy|spd|1
|-enditem|p2a: My Name Blue Guy|White Herb
|-clearnegativeboost|p2a: My Name Blue Guy|[silent]
|move|p1a: Clodsire|Toxic|p2a: My Name Blue Guy
|-status|p2a: My Name Blue Guy|tox
|
|-heal|p1a: Clodsire|72/100|[from] item: Black Sludge
|-damage|p2a: My Name Blue Guy|94/100 tox|[from] psn
|upkeep
|turn|16
|
|t:|1743831267
|move|p2a: My Name Blue Guy|Acrobatics|p1a: Clodsire
|-damage|p1a: Clodsire|30/100
|move|p1a: Clodsire|Recover|p1a: Clodsire
|-heal|p1a: Clodsire|80/100
|
|-heal|p1a: Clodsire|87/100|[from] item: Black Sludge
|-damage|p2a: My Name Blue Guy|82/100 tox|[from] psn
|upkeep
|turn|17
|
|t:|1743831278
|switch|p1a: Raging Bolt|Raging Bolt|94/100 brn
|move|p2a: My Name Blue Guy|Acrobatics|p1a: Raging Bolt
|-resisted|p1a: Raging Bolt
|-damage|p1a: Raging Bolt|78/100 brn
|
|-damage|p2a: My Name Blue Guy|64/100 tox|[from] psn
|-damage|p1a: Raging Bolt|72/100 brn|[from] brn
|upkeep
|turn|18
|
|t:|1743831288
|move|p1a: Raging Bolt|Thunderclap|p2a: My Name Blue Guy
|-supereffective|p2a: My Name Blue Guy
|-damage|p2a: My Name Blue Guy|0 fnt
|faint|p2a: My Name Blue Guy
|
|-damage|p1a: Raging Bolt|66/100 brn|[from] brn
|upkeep
|
|t:|1743831291
|switch|p2a: SS+ Weapon|Iron Boulder|100/100
|-enditem|p2a: SS+ Weapon|Booster Energy
|-activate|p2a: SS+ Weapon|ability: Quark Drive|[fromitem]
|-start|p2a: SS+ Weapon|quarkdrivespe
|turn|19
|
|t:|1743831304
|move|p2a: SS+ Weapon|Swords Dance|p2a: SS+ Weapon
|-boost|p2a: SS+ Weapon|atk|2
|move|p1a: Raging Bolt|Thunderbolt|p2a: SS+ Weapon
|-crit|p2a: SS+ Weapon
|-damage|p2a: SS+ Weapon|15/100
|
|-damage|p1a: Raging Bolt|59/100 brn|[from] brn
|upkeep
|turn|20
|
|t:|1743831312
|move|p1a: Raging Bolt|Thunderclap||[still]
|-fail|p1a: Raging Bolt
|move|p2a: SS+ Weapon|Swords Dance|p2a: SS+ Weapon
|-boost|p2a: SS+ Weapon|atk|2
|
|-damage|p1a: Raging Bolt|53/100 brn|[from] brn
|upkeep
|turn|21
|
|t:|1743831321
|move|p1a: Raging Bolt|Thunderclap||[still]
|-fail|p1a: Raging Bolt
|move|p2a: SS+ Weapon|Swords Dance|p2a: SS+ Weapon
|-boost|p2a: SS+ Weapon|atk|2
|
|-damage|p1a: Raging Bolt|47/100 brn|[from] brn
|upkeep
|turn|22
|inactive|Battle timer is ON: inactive players will automatically lose when time's up. (requested by Deatheye44)
|
|t:|1743831332
|move|p1a: Raging Bolt|Thunderclap|p2a: SS+ Weapon
|-damage|p2a: SS+ Weapon|0 fnt
|faint|p2a: SS+ Weapon
|-end|p2a: SS+ Weapon|Quark Drive|[silent]
|
|win|Deatheye44
|raw|Deatheye44's rating: 1252 &rarr; <strong>1274</strong><br />(+22 for winning)
|raw|Supabro10's rating: 1212 &rarr; <strong>1190</strong><br />(-22 for losing)
|l|☆Supabro10
|player|p2|
