|j|☆Mimmyky
|j|☆LeSalve
|t:|1743866150
|gametype|singles
|player|p1|Mimmyky|waitress-gen4|1192
|player|p2|LeSalve|2|1218
|teamsize|p1|6
|teamsize|p2|6
|gen|9
|tier|[Gen 9] OU
|rated|
|rule|HP Percentage Mod: HP is shown in percentages
|rule|Endless Battle Clause: Forcing endless battles is banned
|rule|Species Clause: Limit one of each Pokémon
|rule|OHKO Clause: OHKO moves are banned
|rule|Evasion Items Clause: Evasion items are banned
|rule|Evasion Moves Clause: Evasion moves are banned
|rule|Sleep Moves Clause: Sleep-inducing moves are banned
|clearpoke
|poke|p1|Landorus-Therian, M|
|poke|p1|Keldeo|
|poke|p1|Pecharunt|
|poke|p1|Iron Valiant|
|poke|p1|Great Tusk|
|poke|p1|Hoopa-Unbound|
|poke|p2|Volcanion|
|poke|p2|Zamazenta-*|
|poke|p2|Rotom-Heat|
|poke|p2|Mandibuzz, F|
|poke|p2|Dragapult, F|
|poke|p2|Sinistcha-Masterpiece|
|teampreview
|inactive|Battle timer is ON: inactive players will automatically lose when time's up. (requested by LeSalve)
|
|t:|1743866176
|start
|switch|p1a: Landorus|Landorus-Therian, M|100/100
|switch|p2a: Mandibuzz|Mandibuzz, F|100/100
|-ability|p1a: Landorus|Intimidate|boost
|-unboost|p2a: Mandibuzz|atk|1
|turn|1
|
|t:|1743866187
|move|p1a: Landorus|U-turn|p2a: Mandibuzz
|-damage|p2a: Mandibuzz|86/100
|
|t:|1743866206
|switch|p1a: Iron Valiant|Iron Valiant|100/100|[from] U-turn
|move|p2a: Mandibuzz|Toxic|p1a: Iron Valiant
|-status|p1a: Iron Valiant|tox
|
|-damage|p1a: Iron Valiant|94/100 tox|[from] psn
|upkeep
|turn|2
|
|t:|1743866224
|switch|p2a: Rotom|Rotom-Heat|100/100
|-terastallize|p1a: Iron Valiant|Dark
|move|p1a: Iron Valiant|Knock Off|p2a: Rotom
|-damage|p2a: Rotom|61/100
|-enditem|p2a: Rotom|Aguav Berry|[from] move: Knock Off|[of] p1a: Iron Valiant
|
|-damage|p1a: Iron Valiant|82/100 tox|[from] psn
|upkeep
|turn|3
|
|t:|1743866245
|-end|p1a: Iron Valiant|Quark Drive|[silent]
|switch|p1a: Keldeo|Keldeo|100/100
|move|p2a: Rotom|Thunderbolt|p1a: Keldeo
|-supereffective|p1a: Keldeo
|-damage|p1a: Keldeo|4/100
|
|upkeep
|turn|4
|
|t:|1743866258
|switch|p2a: Mandibuzz|Mandibuzz, F|86/100
|move|p1a: Keldeo|Flip Turn|p2a: Mandibuzz
|-damage|p2a: Mandibuzz|75/100
|inactive|Mimmyky has 120 seconds left.
|
|t:|1743866271
|switch|p1a: Iron Valiant|Iron Valiant, tera:Dark|82/100 tox|[from] Flip Turn
|
|-damage|p1a: Iron Valiant|76/100 tox|[from] psn
|upkeep
|turn|5
|inactive|Mimmyky has 120 seconds left.
|
|t:|1743866287
|move|p1a: Iron Valiant|Shadow Ball|p2a: Mandibuzz
|-resisted|p2a: Mandibuzz
|-crit|p2a: Mandibuzz
|-damage|p2a: Mandibuzz|57/100
|move|p2a: Mandibuzz|Knock Off|p1a: Iron Valiant
|-resisted|p1a: Iron Valiant
|-damage|p1a: Iron Valiant|59/100 tox
|-enditem|p1a: Iron Valiant|Choice Specs|[from] move: Knock Off|[of] p2a: Mandibuzz
|
|-damage|p1a: Iron Valiant|47/100 tox|[from] psn
|upkeep
|turn|6
|inactive|Mimmyky has 120 seconds left.
|
|t:|1743866311
|move|p1a: Iron Valiant|Moonblast|p2a: Mandibuzz
|-supereffective|p2a: Mandibuzz
|-damage|p2a: Mandibuzz|5/100
|-unboost|p2a: Mandibuzz|spa|1
|move|p2a: Mandibuzz|Roost|p2a: Mandibuzz
|-heal|p2a: Mandibuzz|55/100
|-singleturn|p2a: Mandibuzz|move: Roost
|
|-damage|p1a: Iron Valiant|28/100 tox|[from] psn
|upkeep
|turn|7
|
|t:|1743866328
|switch|p2a: Rotom|Rotom-Heat|61/100
|move|p1a: Iron Valiant|Psyshock|p2a: Rotom
|-damage|p2a: Rotom|30/100
|
|-damage|p1a: Iron Valiant|3/100 tox|[from] psn
|upkeep
|turn|8
|
|t:|1743866349
|move|p1a: Iron Valiant|Shadow Ball|p2a: Rotom
|-damage|p2a: Rotom|0 fnt
|faint|p2a: Rotom
|
|-damage|p1a: Iron Valiant|0 fnt|[from] psn
|faint|p1a: Iron Valiant
|-end|p1a: Iron Valiant|Quark Drive|[silent]
|upkeep
|
|t:|1743866363
|switch|p1a: Pecharunt|Pecharunt|100/100
|switch|p2a: Mandibuzz|Mandibuzz, F|55/100
|turn|9
|
|t:|1743866371
|move|p1a: Pecharunt|Malignant Chain|p2a: Mandibuzz
|-damage|p2a: Mandibuzz|36/100
|-status|p2a: Mandibuzz|tox
|-start|p2a: Mandibuzz|confusion|[from] ability: Poison Puppeteer|[of] p1a: Pecharunt
|-activate|p2a: Mandibuzz|confusion
|-damage|p2a: Mandibuzz|31/100 tox|[from] confusion
|
|-damage|p2a: Mandibuzz|25/100 tox|[from] psn
|upkeep
|turn|10
|
|t:|1743866385
|move|p1a: Pecharunt|Hex|p2a: Mandibuzz
|-resisted|p2a: Mandibuzz
|-damage|p2a: Mandibuzz|13/100 tox
|-activate|p2a: Mandibuzz|confusion
|-damage|p2a: Mandibuzz|8/100 tox|[from] confusion
|
|-damage|p2a: Mandibuzz|0 fnt|[from] psn
|faint|p2a: Mandibuzz
|upkeep
|
|t:|1743866402
|switch|p2a: Dragapult|Dragapult, F|100/100
|turn|11
|
|t:|1743866414
|move|p2a: Dragapult|Dragon Dance|p2a: Dragapult
|-boost|p2a: Dragapult|atk|1
|-boost|p2a: Dragapult|spe|1
|move|p1a: Pecharunt|Malignant Chain|p2a: Dragapult
|-resisted|p2a: Dragapult
|-damage|p2a: Dragapult|80/100
|
|upkeep
|turn|12
|
|t:|1743866421
|move|p2a: Dragapult|Phantom Force||[still]
|-prepare|p2a: Dragapult|Phantom Force
|move|p1a: Pecharunt|Parting Shot|p2a: Dragapult|[miss]
|-miss|p1a: Pecharunt|p2a: Dragapult
|
|upkeep
|turn|13
|
|t:|1743866428
|switch|p1a: Landorus|Landorus-Therian, M|100/100
|-ability|p1a: Landorus|Intimidate|boost
|-fail|p2a: Dragapult|unboost|[from] ability: Clear Body|[of] p2a: Dragapult
|move|p2a: Dragapult|Phantom Force|p1a: Landorus|[from] lockedmove
|-damage|p1a: Landorus|35/100
|-damage|p2a: Dragapult|63/100|[from] item: Rocky Helmet|[of] p1a: Landorus
|
|upkeep
|turn|14
|inactive|Mimmyky has 120 seconds left.
|
|t:|1743866441
|move|p2a: Dragapult|Dragon Darts|p1a: Landorus
|-damage|p1a: Landorus|0 fnt
|faint|p1a: Landorus
|
|upkeep
|
|t:|1743866455
|switch|p1a: Great Tusk|Great Tusk|100/100
|turn|15
|
|t:|1743866464
|move|p2a: Dragapult|Dragon Darts|p1a: Great Tusk
|-damage|p1a: Great Tusk|70/100
|-anim|p2a: Dragapult|Dragon Darts|p1a: Great Tusk
|-crit|p1a: Great Tusk
|-damage|p1a: Great Tusk|26/100
|move|p1a: Great Tusk|Ice Spinner|p2a: Dragapult
|-supereffective|p2a: Dragapult
|-damage|p2a: Dragapult|0 fnt
|faint|p2a: Dragapult
|
|upkeep
|
|t:|1743866476
|switch|p2a: Volcanion|Volcanion|100/100
|turn|16
|
|t:|1743866486
|-terastallize|p2a: Volcanion|Flying
|move|p1a: Great Tusk|Knock Off|p2a: Volcanion
|-damage|p2a: Volcanion|67/100
|-enditem|p2a: Volcanion|Assault Vest|[from] move: Knock Off|[of] p1a: Great Tusk
|move|p2a: Volcanion|Steam Eruption|p1a: Great Tusk
|-supereffective|p1a: Great Tusk
|-damage|p1a: Great Tusk|0 fnt
|faint|p1a: Great Tusk
|-end|p1a: Great Tusk|Protosynthesis|[silent]
|
|upkeep
|inactive|Mimmyky has 120 seconds left.
|
|t:|1743866498
|switch|p1a: Hoopa|Hoopa-Unbound|100/100
|turn|17
|inactive|Mimmyky has 120 seconds left.
|
|t:|1743866508
|move|p1a: Hoopa|Thunderbolt|p2a: Volcanion
|-supereffective|p2a: Volcanion
|-damage|p2a: Volcanion|0 fnt
|faint|p2a: Volcanion
|
|upkeep
|
|t:|1743866513
|switch|p2a: Sinistcha|Sinistcha-Masterpiece|100/100
|turn|18
|
|t:|1743866522
|move|p1a: Hoopa|Dark Pulse|p2a: Sinistcha
|-supereffective|p2a: Sinistcha
|-damage|p2a: Sinistcha|8/100
|move|p2a: Sinistcha|Matcha Gotcha|p1a: Hoopa
|-damage|p1a: Hoopa|76/100
|-heal|p2a: Sinistcha|19/100|[from] drain|[of] p1a: Hoopa
|-status|p1a: Hoopa|brn
|
|-damage|p1a: Hoopa|70/100 brn|[from] brn
|upkeep
|turn|19
|
|t:|1743866534
|move|p1a: Hoopa|Psychic|p2a: Sinistcha
|-damage|p2a: Sinistcha|0 fnt
|faint|p2a: Sinistcha
|
|-damage|p1a: Hoopa|64/100 brn|[from] brn
|upkeep
|
|t:|1743866542
|switch|p2a: Zamazenta|Zamazenta|100/100
|-ability|p2a: Zamazenta|Dauntless Shield|boost
|-boost|p2a: Zamazenta|def|1
|turn|20
|
|t:|1743866551
|move|p2a: Zamazenta|Body Press|p1a: Hoopa
|-damage|p1a: Hoopa|0 fnt
|faint|p1a: Hoopa
|
|upkeep
|
|t:|1743866555
|switch|p1a: Pecharunt|Pecharunt|100/100
|turn|21
|
|t:|1743866560
|move|p2a: Zamazenta|Substitute|p2a: Zamazenta
|-start|p2a: Zamazenta|Substitute
|-damage|p2a: Zamazenta|76/100
|move|p1a: Pecharunt|Malignant Chain|p2a: Zamazenta
|-end|p2a: Zamazenta|Substitute
|
|-heal|p2a: Zamazenta|82/100|[from] item: Leftovers
|upkeep
|turn|22
|
|t:|1743866569
|move|p2a: Zamazenta|Crunch|p1a: Pecharunt
|-supereffective|p1a: Pecharunt
|-damage|p1a: Pecharunt|74/100
|move|p1a: Pecharunt|Malignant Chain|p2a: Zamazenta
|-damage|p2a: Zamazenta|54/100
|-status|p2a: Zamazenta|tox
|-start|p2a: Zamazenta|confusion|[from] ability: Poison Puppeteer|[of] p1a: Pecharunt
|
|-heal|p2a: Zamazenta|60/100 tox|[from] item: Leftovers
|-damage|p2a: Zamazenta|54/100 tox|[from] psn
|upkeep
|turn|23
|-message|LeSalve forfeited.
|
|win|Mimmyky
|raw|Mimmyky's rating: 1192 &rarr; <strong>1219</strong><br />(+27 for winning)
|raw|LeSalve's rating: 1218 &rarr; <strong>1191</strong><br />(-27 for losing)
|l|☆LeSalve
|player|p2|
