|j|☆dolliv garden
|j|☆Ilabgs
|t:|1743938357
|gametype|singles
|player|p1|dolliv garden|miku-ground|1171
|player|p2|Ilabgs|iris-gen5bw2|1186
|teamsize|p1|6
|teamsize|p2|6
|gen|9
|tier|[Gen 9] OU
|rated|
|rule|HP Percentage Mod: HP is shown in percentages
|rule|Endless Battle Clause: Forcing endless battles is banned
|rule|Species Clause: Limit one of each Pokémon
|rule|OHKO Clause: OHKO moves are banned
|rule|Evasion Items Clause: Evasion items are banned
|rule|Evasion Moves Clause: Evasion moves are banned
|rule|Sleep Moves Clause: Sleep-inducing moves are banned
|clearpoke
|poke|p1|Dragonite, F|
|poke|p1|Weavile, M|
|poke|p1|Latios, M|
|poke|p1|Moltres|
|poke|p1|Dondozo, M|
|poke|p1|Ting-Lu|
|poke|p2|Dragonite, F|
|poke|p2|Iron Valiant|
|poke|p2|Zamazenta-*|
|poke|p2|Great Tusk|
|poke|p2|Gholdengo|
|poke|p2|Araquanid, F|
|teampreview
|inactive|Battle timer is ON: inactive players will automatically lose when time's up. (requested by dolliv garden)
|inactive|Ilabgs also wants the timer to be on.
|inactive|dolliv garden has 120 seconds left.
|
|t:|1743938388
|start
|switch|p1a: Latios|Latios, M|100/100
|switch|p2a: Araquanid|Araquanid, F, shiny|100/100
|turn|1
|
|t:|1743938405
|move|p1a: Latios|Thunderbolt|p2a: Araquanid
|-supereffective|p2a: Araquanid
|-damage|p2a: Araquanid|41/100
|move|p2a: Araquanid|Sticky Web|p1a: Latios
|-sidestart|p1: dolliv garden|move: Sticky Web
|
|upkeep
|turn|2
|
|t:|1743938414
|switch|p2a: Great Tusk|Great Tusk|100/100
|move|p1a: Latios|Calm Mind|p1a: Latios
|-boost|p1a: Latios|spa|1
|-boost|p1a: Latios|spd|1
|
|upkeep
|turn|3
|
|t:|1743938433
|-end|p2a: Great Tusk|Protosynthesis|[silent]
|switch|p2a: Araquanid|Araquanid, F, shiny|41/100
|move|p1a: Latios|Ice Beam|p2a: Araquanid
|-resisted|p2a: Araquanid
|-damage|p2a: Araquanid|20/100
|
|upkeep
|turn|4
|-enditem|p2a: Araquanid|Custap Berry|[eat]
|-activate|p2a: Araquanid|item: Custap Berry|[consumed]
|
|t:|1743938447
|move|p2a: Araquanid|Endeavor|p1a: Latios
|-damage|p1a: Latios|19/100
|move|p1a: Latios|Thunderbolt|p2a: Araquanid
|-supereffective|p2a: Araquanid
|-damage|p2a: Araquanid|0 fnt
|faint|p2a: Araquanid
|
|-heal|p1a: Latios|25/100|[from] item: Leftovers
|upkeep
|
|t:|1743938462
|switch|p2a: Dragonite|Dragonite, F|100/100
|turn|5
|
|t:|1743938467
|switch|p1a: Dondozo|Dondozo, M|100/100
|move|p2a: Dragonite|Extreme Speed|p1a: Dondozo
|-damage|p1a: Dondozo|87/100
|
|upkeep
|turn|6
|
|t:|1743938481
|switch|p2a: Gholdengo|Gholdengo, shiny|100/100
|-item|p2a: Gholdengo|Air Balloon
|move|p1a: Dondozo|Curse|p1a: Dondozo
|-unboost|p1a: Dondozo|spe|1
|-boost|p1a: Dondozo|atk|1
|-boost|p1a: Dondozo|def|1
|
|upkeep
|turn|7
|
|t:|1743938493
|switch|p1a: Moltres|Moltres|100/100
|move|p2a: Gholdengo|Thunder Wave|p1a: Moltres
|-status|p1a: Moltres|par
|
|upkeep
|turn|8
|
|t:|1743938502
|move|p2a: Gholdengo|Hex|p1a: Moltres
|-damage|p1a: Moltres|46/100 par
|cant|p1a: Moltres|par
|
|upkeep
|turn|9
|
|t:|1743938508
|switch|p1a: Ting-Lu|Ting-Lu|100/100
|-activate|p1a: Ting-Lu|move: Sticky Web
|-unboost|p1a: Ting-Lu|spe|1
|-ability|p1a: Ting-Lu|Vessel of Ruin
|move|p2a: Gholdengo|Hex|p1a: Ting-Lu
|-resisted|p1a: Ting-Lu
|-damage|p1a: Ting-Lu|92/100
|
|-heal|p1a: Ting-Lu|98/100|[from] item: Leftovers
|upkeep
|turn|10
|
|t:|1743938521
|switch|p2a: Great Tusk|Great Tusk|100/100
|move|p1a: Ting-Lu|Ruination|p2a: Great Tusk
|-damage|p2a: Great Tusk|50/100
|
|-heal|p1a: Ting-Lu|100/100|[from] item: Leftovers
|upkeep
|turn|11
|
|t:|1743938530
|switch|p1a: Moltres|Moltres|46/100 par
|move|p2a: Great Tusk|Close Combat|p1a: Moltres
|-resisted|p1a: Moltres
|-damage|p1a: Moltres|20/100 par
|-unboost|p2a: Great Tusk|def|1
|-unboost|p2a: Great Tusk|spd|1
|
|upkeep
|turn|12
|
|t:|1743938540
|move|p2a: Great Tusk|Rapid Spin|p1a: Moltres
|-damage|p1a: Moltres|7/100 par
|-boost|p2a: Great Tusk|spe|1
|-status|p2a: Great Tusk|brn|[from] ability: Flame Body|[of] p1a: Moltres
|move|p1a: Moltres|Roost|p1a: Moltres
|-heal|p1a: Moltres|57/100 par
|-singleturn|p1a: Moltres|move: Roost
|
|-damage|p2a: Great Tusk|44/100 brn|[from] brn
|upkeep
|turn|13
|
|t:|1743938552
|move|p2a: Great Tusk|Headlong Rush|p1a: Moltres
|-immune|p1a: Moltres
|cant|p1a: Moltres|par
|
|-damage|p2a: Great Tusk|38/100 brn|[from] brn
|upkeep
|turn|14
|-message|Ilabgs forfeited.
|
|win|dolliv garden
|raw|dolliv garden's rating: 1171 &rarr; <strong>1197</strong><br />(+26 for winning)
|raw|Ilabgs's rating: 1186 &rarr; <strong>1160</strong><br />(-26 for losing)
|l|☆Ilabgs
|player|p2|
|l|☆dolliv garden
|player|p1|
|j|☆dolliv garden
|player|p1|dolliv garden|miku-ground|
