|j|☆Power5121
|j|☆stallkiller393
|t:|1743807838
|gametype|singles
|player|p1|Power5121|zinnia|1173
|player|p2|stallkiller393|rocketgrunt|1131
|teamsize|p1|6
|teamsize|p2|6
|gen|9
|tier|[Gen 9] OU
|rated|
|rule|HP Percentage Mod: HP is shown in percentages
|rule|Endless Battle Clause: Forcing endless battles is banned
|rule|Species Clause: Limit one of each Pokémon
|rule|OHKO Clause: OHKO moves are banned
|rule|Evasion Items Clause: Evasion items are banned
|rule|Evasion Moves Clause: Evasion moves are banned
|rule|Sleep Moves Clause: Sleep-inducing moves are banned
|clearpoke
|poke|p1|Toxapex, F|
|poke|p1|Vileplume, F|
|poke|p1|Mandibuzz, F|
|poke|p1|Comfey, M|
|poke|p1|Dragonite, F|
|poke|p1|Articuno-Galar|
|poke|p2|Rampardos, M|
|poke|p2|Kommo-o, F|
|poke|p2|Sawsbuck, M|
|poke|p2|Torkoal, F|
|poke|p2|Scream Tail|
|poke|p2|Pecharunt|
|teampreview
|inactive|Battle timer is ON: inactive players will automatically lose when time's up. (requested by Power5121)
|
|t:|1743807846
|start
|switch|p1a: Articuno|Articuno-Galar|100/100
|switch|p2a: Torkoal|Torkoal, F|100/100
|-weather|SunnyDay|[from] ability: Drought|[of] p2a: Torkoal
|turn|1
|
|t:|1743807855
|move|p1a: Articuno|Future Sight|p2a: Torkoal
|-start|p1a: Articuno|move: Future Sight
|move|p2a: Torkoal|Lava Plume|p1a: Articuno
|-damage|p1a: Articuno|61/100
|
|-weather|SunnyDay|[upkeep]
|upkeep
|turn|2
|
|t:|1743807865
|move|p1a: Articuno|Freezing Glare|p2a: Torkoal
|-damage|p2a: Torkoal|38/100
|move|p2a: Torkoal|Stealth Rock|p1a: Articuno
|-sidestart|p1: Power5121|move: Stealth Rock
|
|-weather|SunnyDay|[upkeep]
|upkeep
|turn|3
|inactive|stallkiller393 has 120 seconds left.
|
|t:|1743807897
|switch|p2a: Sawsbuck|Sawsbuck, M|100/100
|move|p1a: Articuno|U-turn|p2a: Sawsbuck
|-supereffective|p2a: Sawsbuck
|-damage|p2a: Sawsbuck|69/100
|
|t:|1743807907
|switch|p1a: Toxapex|Toxapex, F|100/100|[from] U-turn
|-damage|p1a: Toxapex|88/100|[from] Stealth Rock
|
|-weather|SunnyDay|[upkeep]
|-end|p2a: Sawsbuck|move: Future Sight
|-damage|p2a: Sawsbuck|0 fnt
|faint|p2a: Sawsbuck
|-heal|p1a: Toxapex|94/100|[from] item: Leftovers
|upkeep
|inactive|stallkiller393 has 120 seconds left.
|
|t:|1743807919
|switch|p2a: Scream Tail|Scream Tail|100/100
|-activate|p2a: Scream Tail|ability: Protosynthesis
|-start|p2a: Scream Tail|protosynthesisspe
|turn|4
|inactive|stallkiller393 has 120 seconds left.
|
|t:|1743807933
|-terastallize|p2a: Scream Tail|Poison
|move|p2a: Scream Tail|Psychic Noise|p1a: Toxapex
|-supereffective|p1a: Toxapex
|-damage|p1a: Toxapex|47/100
|-start|p1a: Toxapex|move: Heal Block
|-enditem|p2a: Scream Tail|Throat Spray
|-boost|p2a: Scream Tail|spa|1|[from] item: Throat Spray
|move|p1a: Toxapex|Poison Jab|p2a: Scream Tail
|-resisted|p2a: Scream Tail
|-damage|p2a: Scream Tail|92/100
|
|-weather|SunnyDay|[upkeep]
|upkeep
|turn|5
|inactive|stallkiller393 has 120 seconds left.
|
|t:|1743807952
|switch|p1a: Comfey|Comfey, M, shiny|100/100
|-damage|p1a: Comfey|88/100|[from] Stealth Rock
|move|p2a: Scream Tail|Boomburst|p1a: Comfey
|-damage|p1a: Comfey|43/100
|
|-weather|none
|-end|p2a: Scream Tail|Protosynthesis
|-heal|p1a: Comfey|49/100|[from] item: Leftovers
|upkeep
|turn|6
|inactive|stallkiller393 has 120 seconds left.
|
|t:|1743807962
|move|p2a: Scream Tail|Psychic Noise|p1a: Comfey
|-damage|p1a: Comfey|8/100
|-start|p1a: Comfey|move: Heal Block
|move|p1a: Comfey|U-turn|p2a: Scream Tail
|-resisted|p2a: Scream Tail
|-damage|p2a: Scream Tail|88/100
|
|t:|1743807969
|switch|p1a: Dragonite|Dragonite, F|100/100|[from] U-turn
|
|upkeep
|turn|7
|
|t:|1743807979
|move|p2a: Scream Tail|Dazzling Gleam|p1a: Dragonite
|-supereffective|p1a: Dragonite
|-damage|p1a: Dragonite|58/100
|move|p1a: Dragonite|Dragon Dance|p1a: Dragonite
|-boost|p1a: Dragonite|atk|1
|-boost|p1a: Dragonite|spe|1
|
|upkeep
|turn|8
|inactive|stallkiller393 has 120 seconds left.
|
|t:|1743808000
|move|p1a: Dragonite|Earthquake|p2a: Scream Tail
|-supereffective|p2a: Scream Tail
|-damage|p2a: Scream Tail|0 fnt
|faint|p2a: Scream Tail
|-end|p2a: Scream Tail|Protosynthesis|[silent]
|
|upkeep
|
|t:|1743808010
|switch|p2a: Pecharunt|Pecharunt|100/100
|-item|p2a: Pecharunt|Air Balloon
|turn|9
|inactive|stallkiller393 has 120 seconds left.
|
|t:|1743808016
|switch|p1a: Vileplume|Vileplume, F|100/100
|-damage|p1a: Vileplume|88/100|[from] Stealth Rock
|move|p2a: Pecharunt|Malignant Chain|p1a: Vileplume
|-damage|p1a: Vileplume|51/100
|
|-heal|p1a: Vileplume|57/100|[from] item: Leftovers
|upkeep
|turn|10
|
|t:|1743808025
|switch|p2a: Torkoal|Torkoal, F|38/100
|-weather|SunnyDay|[from] ability: Drought|[of] p2a: Torkoal
|move|p1a: Vileplume|Leech Seed|p2a: Torkoal
|-start|p2a: Torkoal|move: Leech Seed
|
|-weather|SunnyDay|[upkeep]
|-heal|p1a: Vileplume|63/100|[from] item: Leftovers
|-damage|p2a: Torkoal|26/100|[from] Leech Seed|[of] p1a: Vileplume
|-heal|p1a: Vileplume|75/100|[silent]
|upkeep
|turn|11
|
|t:|1743808034
|switch|p1a: Articuno|Articuno-Galar|61/100
|move|p2a: Torkoal|Rapid Spin|p1a: Articuno
|-damage|p1a: Articuno|51/100
|-boost|p2a: Torkoal|spe|1
|-end|p2a: Torkoal|Leech Seed|[from] move: Rapid Spin|[of] p2a: Torkoal
|
|-weather|SunnyDay|[upkeep]
|upkeep
|turn|12
|
|t:|1743808042
|move|p1a: Articuno|Freezing Glare|p2a: Torkoal
|-damage|p2a: Torkoal|0 fnt
|faint|p2a: Torkoal
|
|-weather|SunnyDay|[upkeep]
|upkeep
|
|t:|1743808046
|switch|p2a: Rampardos|Rampardos, M|100/100
|turn|13
|
|t:|1743808055
|switch|p1a: Comfey|Comfey, M, shiny|8/100
|-damage|p1a: Comfey|0 fnt|[from] Stealth Rock
|faint|p1a: Comfey
|move|p2a: Rampardos|Rock Slide|p1: Comfey|[notarget]
|-fail|p2a: Rampardos
|
|-weather|SunnyDay|[upkeep]
|upkeep
|
|t:|1743808063
|switch|p1a: Toxapex|Toxapex, F|80/100
|-damage|p1a: Toxapex|68/100|[from] Stealth Rock
|turn|14
|
|t:|1743808068
|switch|p2a: Kommo-o|Kommo-o, F|100/100
|move|p1a: Toxapex|Recover|p1a: Toxapex
|-heal|p1a: Toxapex|100/100
|
|-weather|none
|upkeep
|turn|15
|
|t:|1743808075
|move|p2a: Kommo-o|Clangorous Soul|p2a: Kommo-o
|-boost|p2a: Kommo-o|atk|1
|-boost|p2a: Kommo-o|def|1
|-boost|p2a: Kommo-o|spa|1
|-boost|p2a: Kommo-o|spd|1
|-boost|p2a: Kommo-o|spe|1
|-damage|p2a: Kommo-o|68/100
|move|p1a: Toxapex|Poison Jab|p2a: Kommo-o
|-crit|p2a: Kommo-o
|-damage|p2a: Kommo-o|41/100
|
|upkeep
|turn|16
|
|t:|1743808085
|move|p1a: Toxapex|Baneful Bunker|p1a: Toxapex
|-singleturn|p1a: Toxapex|move: Protect
|move|p2a: Kommo-o|Iron Head|p1a: Toxapex
|-activate|p1a: Toxapex|move: Protect
|-status|p2a: Kommo-o|psn
|
|-damage|p2a: Kommo-o|29/100 psn|[from] psn
|upkeep
|turn|17
|
|t:|1743808092
|move|p2a: Kommo-o|Scale Shot|p1a: Toxapex
|-damage|p1a: Toxapex|90/100
|-damage|p1a: Toxapex|80/100
|-damage|p1a: Toxapex|71/100
|-damage|p1a: Toxapex|60/100
|-damage|p1a: Toxapex|49/100
|-hitcount|p1a: Toxapex|5
|-unboost|p2a: Kommo-o|def|1
|-boost|p2a: Kommo-o|spe|1
|move|p1a: Toxapex|Recover|p1a: Toxapex
|-heal|p1a: Toxapex|99/100
|
|-heal|p1a: Toxapex|100/100|[from] item: Leftovers
|-damage|p2a: Kommo-o|17/100 psn|[from] psn
|upkeep
|turn|18
|
|t:|1743808119
|switch|p2a: Pecharunt|Pecharunt|100/100
|-item|p2a: Pecharunt|Air Balloon
|move|p1a: Toxapex|Baneful Bunker||[still]
|-fail|p1a: Toxapex
|
|upkeep
|turn|19
|
|t:|1743808122
|move|p2a: Pecharunt|Nasty Plot|p2a: Pecharunt
|-boost|p2a: Pecharunt|spa|2
|move|p1a: Toxapex|Poison Jab|p2a: Pecharunt
|-resisted|p2a: Pecharunt
|-damage|p2a: Pecharunt|97/100
|-enditem|p2a: Pecharunt|Air Balloon
|
|upkeep
|turn|20
|
|t:|1743808132
|switch|p1a: Articuno|Articuno-Galar|51/100
|move|p2a: Pecharunt|Nasty Plot|p2a: Pecharunt
|-boost|p2a: Pecharunt|spa|2
|
|upkeep
|turn|21
|
|t:|1743808149
|move|p2a: Pecharunt|Malignant Chain|p1a: Articuno
|-damage|p1a: Articuno|0 fnt
|faint|p1a: Articuno
|
|upkeep
|
|t:|1743808163
|switch|p1a: Vileplume|Vileplume, F|75/100
|-damage|p1a: Vileplume|63/100|[from] Stealth Rock
|turn|22
|
|t:|1743808168
|move|p2a: Pecharunt|Malignant Chain|p1a: Vileplume
|-damage|p1a: Vileplume|0 fnt
|faint|p1a: Vileplume
|
|upkeep
|
|t:|1743808176
|switch|p1a: Mandibuzz|Mandibuzz, F|100/100
|turn|23
|
|t:|1743808181
|move|p2a: Pecharunt|Malignant Chain|p1a: Mandibuzz
|-damage|p1a: Mandibuzz|34/100
|move|p1a: Mandibuzz|Roost|p1a: Mandibuzz
|-heal|p1a: Mandibuzz|84/100
|-singleturn|p1a: Mandibuzz|move: Roost
|
|upkeep
|turn|24
|
|t:|1743808186
|move|p2a: Pecharunt|Malignant Chain|p1a: Mandibuzz
|-damage|p1a: Mandibuzz|7/100
|move|p1a: Mandibuzz|Roost|p1a: Mandibuzz
|-heal|p1a: Mandibuzz|57/100
|-singleturn|p1a: Mandibuzz|move: Roost
|
|upkeep
|turn|25
|
|t:|1743808194
|move|p2a: Pecharunt|Malignant Chain|p1a: Mandibuzz
|-damage|p1a: Mandibuzz|0 fnt
|faint|p1a: Mandibuzz
|
|upkeep
|
|t:|1743808198
|switch|p1a: Toxapex|Toxapex, F|100/100
|-damage|p1a: Toxapex|88/100|[from] Stealth Rock
|turn|26
|
|t:|1743808204
|move|p2a: Pecharunt|Shadow Ball|p1a: Toxapex
|-damage|p1a: Toxapex|8/100
|move|p1a: Toxapex|Recover|p1a: Toxapex
|-heal|p1a: Toxapex|58/100
|
|-heal|p1a: Toxapex|64/100|[from] item: Leftovers
|upkeep
|turn|27
|c|☆stallkiller393|lol
|
|t:|1743808220
|move|p1a: Toxapex|Baneful Bunker|p1a: Toxapex
|-singleturn|p1a: Toxapex|move: Protect
|move|p2a: Pecharunt|Shadow Ball|p1a: Toxapex
|-activate|p1a: Toxapex|move: Protect
|
|-heal|p1a: Toxapex|70/100|[from] item: Leftovers
|upkeep
|turn|28
|c|☆stallkiller393|cant you see my name
|c|☆stallkiller393|stall doesn't work on me
|
|t:|1743808240
|move|p2a: Pecharunt|Shadow Ball|p1a: Toxapex
|-damage|p1a: Toxapex|0 fnt
|faint|p1a: Toxapex
|
|upkeep
|
|t:|1743808243
|switch|p1a: Dragonite|Dragonite, F|58/100
|turn|29
|
|t:|1743808247
|-terastallize|p1a: Dragonite|Normal
|move|p2a: Pecharunt|Malignant Chain|p1a: Dragonite
|-damage|p1a: Dragonite|0 fnt
|faint|p1a: Dragonite
|
|win|stallkiller393
|raw|Power5121's rating: 1173 &rarr; <strong>1145</strong><br />(-28 for losing)
|raw|stallkiller393's rating: 1131 &rarr; <strong>1159</strong><br />(+28 for winning)
|l|☆stallkiller393
|player|p2|
|l|☆Power5121
|player|p1|
