|j|☆detective shelly
|j|☆Gabeybaby6
|t:|1743782510
|gametype|singles
|player|p1|detective shelly|gentleman-gen4|1471
|player|p2|Gabeybaby6|hilbert-wonderlauncher|1543
|teamsize|p1|6
|teamsize|p2|6
|gen|9
|tier|[Gen 9] OU
|rated|
|rule|HP Percentage Mod: HP is shown in percentages
|rule|Endless Battle Clause: Forcing endless battles is banned
|rule|Species Clause: Limit one of each Pokémon
|rule|OHKO Clause: OHKO moves are banned
|rule|Evasion Items Clause: Evasion items are banned
|rule|Evasion Moves Clause: Evasion moves are banned
|rule|Sleep Moves Clause: Sleep-inducing moves are banned
|clearpoke
|poke|p1|Skeledirge, M|
|poke|p1|Gliscor, F|
|poke|p1|Clefable, M|
|poke|p1|Blissey, F|
|poke|p1|Corviknight, M|
|poke|p1|Amoonguss, F|
|poke|p2|Darkrai|
|poke|p2|Great Tusk|
|poke|p2|Ogerpon-Wellspring, F|
|poke|p2|Iron Crown|
|poke|p2|Enamorus, F|
|poke|p2|Raging Bolt|
|teampreview
|inactive|Battle timer is ON: inactive players will automatically lose when time's up. (requested by Gabeybaby6)
|
|t:|1743782533
|start
|switch|p1a: Gliscor|Gliscor, F|100/100
|switch|p2a: KarlAnthonyCrowns|Iron Crown|100/100
|turn|1
|
|t:|1743782544
|-end|p2a: KarlAnthonyCrowns|Quark Drive|[silent]
|switch|p2a: Domantusk Sabonis|Great Tusk|100/100
|move|p1a: Gliscor|Earthquake|p2a: Domantusk Sabonis
|-damage|p2a: Domantusk Sabonis|82/100
|
|-status|p1a: Gliscor|tox|[from] item: Toxic Orb
|upkeep
|turn|2
|
|t:|1743782558
|switch|p1a: Corviknight|Corviknight, M|100/100
|-ability|p1a: Corviknight|Pressure
|move|p2a: Domantusk Sabonis|Ice Spinner|p1a: Corviknight
|-damage|p1a: Corviknight|83/100
|
|upkeep
|turn|3
|
|t:|1743782572
|move|p2a: Domantusk Sabonis|Stealth Rock|p1a: Corviknight
|-sidestart|p1: detective shelly|move: Stealth Rock
|move|p1a: Corviknight|U-turn|p2a: Domantusk Sabonis
|-resisted|p2a: Domantusk Sabonis
|-damage|p2a: Domantusk Sabonis|78/100
|-damage|p1a: Corviknight|67/100|[from] item: Rocky Helmet|[of] p2a: Domantusk Sabonis
|
|t:|1743782601
|switch|p1a: Clefable|Clefable, M|100/100|[from] U-turn
|
|upkeep
|turn|4
|inactiveoff|Battle timer is now OFF.
|j| onfsaks
|l| onfsaks
|inactive|Battle timer is ON: inactive players will automatically lose when time's up. (requested by detective shelly)
|inactive|Gabeybaby6 has 120 seconds left.
|
|t:|1743782700
|-end|p2a: Domantusk Sabonis|Protosynthesis|[silent]
|switch|p2a: KarlAnthonyCrowns|Iron Crown|100/100
|move|p1a: Clefable|Stealth Rock|p2a: KarlAnthonyCrowns
|-sidestart|p2: Gabeybaby6|move: Stealth Rock
|
|upkeep
|turn|5
|
|t:|1743782712
|switch|p1a: Blissey|Blissey, F|100/100
|move|p2a: KarlAnthonyCrowns|Tachyon Cutter|p1a: Blissey
|-damage|p1a: Blissey|94/100
|-damage|p1a: Blissey|87/100
|-hitcount|p1a: Blissey|2
|
|upkeep
|turn|6
|
|t:|1743782721
|move|p2a: KarlAnthonyCrowns|Psyshock|p1a: Blissey
|-crit|p1a: Blissey
|-damage|p1a: Blissey|34/100
|move|p1a: Blissey|Seismic Toss|p2a: KarlAnthonyCrowns
|-damage|p2a: KarlAnthonyCrowns|69/100
|
|upkeep
|turn|7
|inactive|detective shelly has 120 seconds left.
|inactive|detective shelly has 90 seconds left.
|
|t:|1743782792
|switch|p1a: Skeledirge|Skeledirge, M|100/100
|move|p2a: KarlAnthonyCrowns|Psyshock|p1a: Skeledirge
|-damage|p1a: Skeledirge|70/100
|
|upkeep
|turn|8
|
|t:|1743782805
|move|p2a: KarlAnthonyCrowns|Volt Switch|p1a: Skeledirge
|-damage|p1a: Skeledirge|55/100
|inactive|Gabeybaby6 has 120 seconds left.
|
|t:|1743782827
|-end|p2a: KarlAnthonyCrowns|Quark Drive|[silent]
|switch|p2a: Bol Bolt|Raging Bolt|100/100|[from] Volt Switch
|-damage|p2a: Bol Bolt|88/100|[from] Stealth Rock
|-enditem|p2a: Bol Bolt|Booster Energy
|-activate|p2a: Bol Bolt|ability: Protosynthesis|[fromitem]
|-start|p2a: Bol Bolt|protosynthesisspa
|move|p1a: Skeledirge|Will-O-Wisp|p2a: Bol Bolt
|-status|p2a: Bol Bolt|brn
|
|-damage|p2a: Bol Bolt|82/100 brn|[from] brn
|upkeep
|turn|9
|inactive|detective shelly has 90 seconds left.
|
|t:|1743782847
|switch|p1a: Gliscor|Gliscor, F|100/100 tox
|-damage|p1a: Gliscor|88/100 tox|[from] Stealth Rock
|move|p2a: Bol Bolt|Draco Meteor|p1a: Gliscor|[miss]
|-miss|p2a: Bol Bolt|p1a: Gliscor
|
|-heal|p1a: Gliscor|100/100 tox|[from] ability: Poison Heal
|-damage|p2a: Bol Bolt|76/100 brn|[from] brn
|upkeep
|turn|10
|inactive|Gabeybaby6 has 120 seconds left.
|inactive|detective shelly has 60 seconds left.
|
|t:|1743782898
|-end|p2a: Bol Bolt|Protosynthesis|[silent]
|switch|p2a: Domantusk Sabonis|Great Tusk|78/100
|-damage|p2a: Domantusk Sabonis|75/100|[from] Stealth Rock
|move|p1a: Gliscor|Earthquake|p2a: Domantusk Sabonis
|-damage|p2a: Domantusk Sabonis|56/100
|
|upkeep
|turn|11
|inactive|detective shelly has 30 seconds left.
|
|t:|1743782924
|switch|p1a: Skeledirge|Skeledirge, M|55/100
|move|p2a: Domantusk Sabonis|Rapid Spin|p1a: Skeledirge
|-immune|p1a: Skeledirge
|
|upkeep
|turn|12
|inactive|detective shelly has 30 seconds left.
|
|t:|1743782930
|switch|p1a: Corviknight|Corviknight, M|67/100
|-ability|p1a: Corviknight|Pressure
|move|p2a: Domantusk Sabonis|Headlong Rush|p1a: Corviknight
|-immune|p1a: Corviknight
|
|upkeep
|turn|13
|
|t:|1743782936
|move|p2a: Domantusk Sabonis|Rapid Spin|p1a: Corviknight
|-resisted|p1a: Corviknight
|-damage|p1a: Corviknight|62/100
|-boost|p2a: Domantusk Sabonis|spe|1
|-sideend|p2: Gabeybaby6|Stealth Rock|[from] move: Rapid Spin|[of] p2a: Domantusk Sabonis
|move|p1a: Corviknight|Roost|p1a: Corviknight
|-heal|p1a: Corviknight|100/100
|-singleturn|p1a: Corviknight|move: Roost
|
|upkeep
|turn|14
|
|t:|1743782953
|move|p2a: Domantusk Sabonis|Ice Spinner|p1a: Corviknight
|-damage|p1a: Corviknight|84/100
|move|p1a: Corviknight|U-turn|p2a: Domantusk Sabonis
|-resisted|p2a: Domantusk Sabonis
|-damage|p2a: Domantusk Sabonis|52/100
|-damage|p1a: Corviknight|68/100|[from] item: Rocky Helmet|[of] p2a: Domantusk Sabonis
|
|t:|1743782960
|switch|p1a: Clefable|Clefable, M|100/100|[from] U-turn
|
|upkeep
|turn|15
|
|t:|1743782979
|move|p2a: Domantusk Sabonis|Headlong Rush|p1a: Clefable
|-damage|p1a: Clefable|56/100
|-unboost|p2a: Domantusk Sabonis|def|1
|-unboost|p2a: Domantusk Sabonis|spd|1
|move|p1a: Clefable|Stealth Rock|p2a: Domantusk Sabonis
|-sidestart|p2: Gabeybaby6|move: Stealth Rock
|
|-heal|p1a: Clefable|62/100|[from] item: Leftovers
|upkeep
|turn|16
|
|t:|1743782989
|move|p2a: Domantusk Sabonis|Rapid Spin|p1a: Clefable
|-damage|p1a: Clefable|48/100
|-boost|p2a: Domantusk Sabonis|spe|1
|-sideend|p2: Gabeybaby6|Stealth Rock|[from] move: Rapid Spin|[of] p2a: Domantusk Sabonis
|move|p1a: Clefable|Moonlight|p1a: Clefable
|-heal|p1a: Clefable|98/100
|
|-heal|p1a: Clefable|100/100|[from] item: Leftovers
|upkeep
|turn|17
|
|t:|1743783000
|-end|p2a: Domantusk Sabonis|Protosynthesis|[silent]
|switch|p2a: Paolo Ponchero|Ogerpon-Wellspring, F|100/100
|move|p1a: Clefable|Stealth Rock|p2a: Paolo Ponchero
|-sidestart|p2: Gabeybaby6|move: Stealth Rock
|
|upkeep
|turn|18
|inactive|detective shelly has 60 seconds left.
|
|t:|1743783008
|switch|p1a: Amoonguss|Amoonguss, F|100/100
|move|p2a: Paolo Ponchero|Encore||[still]
|-fail|p2a: Paolo Ponchero
|
|upkeep
|turn|19
|inactive|detective shelly has 60 seconds left.
|
|t:|1743783033
|switch|p2a: KarlAnthonyCrowns|Iron Crown|69/100
|-damage|p2a: KarlAnthonyCrowns|63/100|[from] Stealth Rock
|switch|p1a: Skeledirge|Skeledirge, M|55/100
|
|upkeep
|turn|20
|
|t:|1743783050
|move|p2a: KarlAnthonyCrowns|Volt Switch|p1a: Skeledirge
|-damage|p1a: Skeledirge|38/100
|
|t:|1743783053
|-end|p2a: KarlAnthonyCrowns|Quark Drive|[silent]
|switch|p2a: Laurai Darkkannen|Darkrai|100/100|[from] Volt Switch
|-damage|p2a: Laurai Darkkannen|88/100|[from] Stealth Rock
|move|p1a: Skeledirge|Slack Off|p1a: Skeledirge
|-heal|p1a: Skeledirge|89/100
|
|upkeep
|turn|21
|inactive|detective shelly has 60 seconds left.
|inactive|Gabeybaby6 has 120 seconds left.
|
|t:|1743783103
|switch|p2a: KarlAnthonyCrowns|Iron Crown|63/100
|-damage|p2a: KarlAnthonyCrowns|57/100|[from] Stealth Rock
|switch|p1a: Gliscor|Gliscor, F|100/100 tox
|-damage|p1a: Gliscor|88/100 tox|[from] Stealth Rock
|
|-heal|p1a: Gliscor|100/100 tox|[from] ability: Poison Heal
|upkeep
|turn|22
|inactive|detective shelly has 60 seconds left.
|
|t:|1743783118
|-end|p2a: KarlAnthonyCrowns|Quark Drive|[silent]
|switch|p2a: Domantusk Sabonis|Great Tusk|52/100
|-damage|p2a: Domantusk Sabonis|49/100|[from] Stealth Rock
|move|p1a: Gliscor|Toxic|p2a: Domantusk Sabonis
|-status|p2a: Domantusk Sabonis|tox
|
|-damage|p2a: Domantusk Sabonis|43/100 tox|[from] psn
|upkeep
|turn|23
|inactive|detective shelly has 60 seconds left.
|
|t:|1743783130
|move|p1a: Gliscor|Protect|p1a: Gliscor
|-singleturn|p1a: Gliscor|Protect
|move|p2a: Domantusk Sabonis|Rapid Spin|p1a: Gliscor
|-activate|p1a: Gliscor|move: Protect
|
|-damage|p2a: Domantusk Sabonis|30/100 tox|[from] psn
|upkeep
|turn|24
|
|t:|1743783137
|move|p1a: Gliscor|Spikes|p2a: Domantusk Sabonis
|-sidestart|p2: Gabeybaby6|Spikes
|move|p2a: Domantusk Sabonis|Headlong Rush|p1a: Gliscor
|-immune|p1a: Gliscor
|
|-damage|p2a: Domantusk Sabonis|12/100 tox|[from] psn
|upkeep
|turn|25
|inactive|Gabeybaby6 has 120 seconds left.
|
|t:|1743783148
|-end|p2a: Domantusk Sabonis|Protosynthesis|[silent]
|switch|p2a: Paolo Ponchero|Ogerpon-Wellspring, F|100/100
|-damage|p2a: Paolo Ponchero|88/100|[from] Stealth Rock
|-damage|p2a: Paolo Ponchero|76/100|[from] Spikes
|move|p1a: Gliscor|Protect||[still]
|-fail|p1a: Gliscor
|
|upkeep
|turn|26
|
|t:|1743783156
|switch|p1a: Amoonguss|Amoonguss, F|100/100
|move|p2a: Paolo Ponchero|Swords Dance|p2a: Paolo Ponchero
|-boost|p2a: Paolo Ponchero|atk|2
|
|upkeep
|turn|27
|
|t:|1743783168
|-terastallize|p2a: Paolo Ponchero|Water
|detailschange|p2a: Paolo Ponchero|Ogerpon-Wellspring-Tera, F, tera:Water
|-ability|p2a: Paolo Ponchero|Embody Aspect (Wellspring)|boost
|-boost|p2a: Paolo Ponchero|spd|1
|move|p2a: Paolo Ponchero|Swords Dance|p2a: Paolo Ponchero
|-boost|p2a: Paolo Ponchero|atk|2
|move|p1a: Amoonguss|Foul Play|p2a: Paolo Ponchero
|-damage|p2a: Paolo Ponchero|0 fnt
|faint|p2a: Paolo Ponchero
|
|upkeep
|c|☆Gabeybaby6|gg
|-message|Gabeybaby6 forfeited.
|
|win|detective shelly
|raw|detective shelly's rating: 1471 &rarr; <strong>1495</strong><br />(+24 for winning)
|raw|Gabeybaby6's rating: 1543 &rarr; <strong>1519</strong><br />(-24 for losing)
|l|☆Gabeybaby6
|player|p2|
