|j|☆Makiler
|j|☆mamabama
|t:|1743920488
|gametype|singles
|player|p1|Makiler|2|1517
|player|p2|mamabama|brycenman|1547
|teamsize|p1|6
|teamsize|p2|6
|gen|9
|tier|[Gen 9] OU
|rated|
|rule|HP Percentage Mod: HP is shown in percentages
|rule|Endless Battle Clause: Forcing endless battles is banned
|rule|Species Clause: Limit one of each Pokémon
|rule|OHKO Clause: OHKO moves are banned
|rule|Evasion Items Clause: Evasion items are banned
|rule|Evasion Moves Clause: Evasion moves are banned
|rule|Sleep Moves Clause: Sleep-inducing moves are banned
|clearpoke
|poke|p1|Ting-Lu|
|poke|p1|Gliscor, M|
|poke|p1|Sinistcha|
|poke|p1|Keldeo|
|poke|p1|Tinkaton, F|
|poke|p1|Dragonite, F|
|poke|p2|Conkeldurr, F|
|poke|p2|Gholdengo|
|poke|p2|Greninja-*, M|
|poke|p2|Ninetales-Alola, F|
|poke|p2|Garchomp, F|
|poke|p2|Glimmora, M|
|teampreview
|
|t:|1743920513
|start
|switch|p1a: Tinkki Minaj|Tinkaton, F|100/100
|switch|p2a: Conkeldurr|Conkeldurr, F|100/100
|-ability|p1a: Tinkki Minaj|Mold Breaker
|-item|p1a: Tinkki Minaj|Air Balloon
|turn|1
|
|t:|1743920518
|move|p1a: Tinkki Minaj|Stealth Rock|p2a: Conkeldurr
|-sidestart|p2: mamabama|move: Stealth Rock
|move|p2a: Conkeldurr|Fire Punch|p1a: Tinkki Minaj
|-supereffective|p1a: Tinkki Minaj
|-damage|p1a: Tinkki Minaj|0 fnt
|-enditem|p1a: Tinkki Minaj|Air Balloon
|faint|p1a: Tinkki Minaj
|
|upkeep
|
|t:|1743920526
|switch|p1a: Secret Service|Dragonite, F|100/100
|turn|2
|c|☆mamabama|goated nickname on tinkaton
|
|t:|1743920534
|move|p2a: Conkeldurr|Ice Punch|p1a: Secret Service
|-supereffective|p1a: Secret Service
|-damage|p1a: Secret Service|9/100
|move|p1a: Secret Service|Dragon Tail|p2a: Conkeldurr
|-damage|p2a: Conkeldurr|67/100
|drag|p2a: Glimmora|Glimmora, M|100/100
|-damage|p2a: Glimmora|88/100|[from] Stealth Rock
|-item|p2a: Glimmora|Air Balloon
|
|upkeep
|turn|3
|
|t:|1743920541
|move|p1a: Secret Service|Extreme Speed|p2a: Glimmora
|-resisted|p2a: Glimmora
|-damage|p2a: Glimmora|71/100
|-activate|p2a: Glimmora|ability: Toxic Debris
|-sidestart|p1: Makiler|move: Toxic Spikes
|-enditem|p2a: Glimmora|Air Balloon
|move|p2a: Glimmora|Mortal Spin|p1a: Secret Service
|-damage|p1a: Secret Service|2/100
|-status|p1a: Secret Service|psn
|-sideend|p2: mamabama|Stealth Rock|[from] move: Mortal Spin|[of] p2a: Glimmora
|
|-damage|p1a: Secret Service|0 fnt|[from] psn
|faint|p1a: Secret Service
|upkeep
|
|t:|1743920547
|switch|p1a: My Little Pwny|Keldeo|100/100
|turn|4
|
|t:|1743920551
|move|p1a: My Little Pwny|Surf|p2a: Glimmora
|-supereffective|p2a: Glimmora
|-damage|p2a: Glimmora|0 fnt
|faint|p2a: Glimmora
|
|upkeep
|
|t:|1743920553
|switch|p2a: Ninetales|Ninetales-Alola, F|100/100
|-weather|Snowscape|[from] ability: Snow Warning|[of] p2a: Ninetales
|turn|5
|
|t:|1743920556
|move|p2a: Ninetales|Moonblast|p1a: My Little Pwny
|-supereffective|p1a: My Little Pwny
|-damage|p1a: My Little Pwny|20/100
|move|p1a: My Little Pwny|Flip Turn|p2a: Ninetales
|-damage|p2a: Ninetales|86/100
|
|t:|1743920560
|switch|p1a: Cuphead|Ting-Lu|100/100|[from] Flip Turn
|-status|p1a: Cuphead|psn
|-ability|p1a: Cuphead|Vessel of Ruin
|
|-weather|Snowscape|[upkeep]
|-damage|p1a: Cuphead|88/100 psn|[from] psn
|upkeep
|turn|6
|
|t:|1743920564
|switch|p2a: Gholdengo|Gholdengo|100/100
|move|p1a: Cuphead|Spikes|p2a: Gholdengo
|-sidestart|p2: mamabama|Spikes
|
|-weather|Snowscape|[upkeep]
|-heal|p1a: Cuphead|94/100 psn|[from] item: Leftovers
|-damage|p1a: Cuphead|82/100 psn|[from] psn
|upkeep
|turn|7
|
|t:|1743920567
|move|p2a: Gholdengo|Nasty Plot|p2a: Gholdengo
|-boost|p2a: Gholdengo|spa|2
|move|p1a: Cuphead|Spikes|p2a: Gholdengo
|-sidestart|p2: mamabama|Spikes
|
|-weather|Snowscape|[upkeep]
|-heal|p1a: Cuphead|88/100 psn|[from] item: Leftovers
|-damage|p1a: Cuphead|76/100 psn|[from] psn
|upkeep
|turn|8
|
|t:|1743920573
|move|p2a: Gholdengo|Nasty Plot|p2a: Gholdengo
|-boost|p2a: Gholdengo|spa|2
|move|p1a: Cuphead|Whirlwind|p2a: Gholdengo
|-immune|p2a: Gholdengo|[from] ability: Good as Gold
|
|-weather|Snowscape|[upkeep]
|-heal|p1a: Cuphead|82/100 psn|[from] item: Leftovers
|-damage|p1a: Cuphead|69/100 psn|[from] psn
|upkeep
|turn|9
|
|t:|1743920580
|move|p2a: Gholdengo|Make It Rain|p1a: Cuphead
|-damage|p1a: Cuphead|0 fnt
|-unboost|p2a: Gholdengo|spa|1
|faint|p1a: Cuphead
|
|-weather|none
|upkeep
|
|t:|1743920584
|switch|p1a: Dance Armstrong|Gliscor, M|100/100
|turn|10
|
|t:|1743920586
|move|p1a: Dance Armstrong|Knock Off|p2a: Gholdengo
|-supereffective|p2a: Gholdengo
|-damage|p2a: Gholdengo|73/100
|-enditem|p2a: Gholdengo|Leftovers|[from] move: Knock Off|[of] p1a: Dance Armstrong
|move|p2a: Gholdengo|Make It Rain|p1a: Dance Armstrong
|-damage|p1a: Dance Armstrong|0 fnt
|-unboost|p2a: Gholdengo|spa|1
|faint|p1a: Dance Armstrong
|
|upkeep
|
|t:|1743920594
|switch|p1a: My Little Pwny|Keldeo|20/100
|turn|11
|
|t:|1743920598
|-terastallize|p1a: My Little Pwny|Water
|move|p1a: My Little Pwny|Surf|p2a: Gholdengo
|-damage|p2a: Gholdengo|7/100
|move|p2a: Gholdengo|Shadow Ball|p1a: My Little Pwny
|-damage|p1a: My Little Pwny|0 fnt
|faint|p1a: My Little Pwny
|
|upkeep
|
|t:|1743920602
|switch|p1a: Tchavis Scott|Sinistcha|100/100
|turn|12
|
|t:|1743920604
|move|p2a: Gholdengo|Shadow Ball|p1a: Tchavis Scott
|-supereffective|p1a: Tchavis Scott
|-damage|p1a: Tchavis Scott|0 fnt
|faint|p1a: Tchavis Scott
|
|win|mamabama
|raw|Makiler's rating: 1517 &rarr; <strong>1499</strong><br />(-18 for losing)
|raw|mamabama's rating: 1547 &rarr; <strong>1565</strong><br />(+18 for winning)
|l|☆Makiler
|player|p1|
