|j|☆shuppetLover
|j|☆N8mamba
|t:|1743922854
|gametype|singles
|player|p1|shuppetLover|scientist-gen4dp|1112
|player|p2|N8mamba|giovanni|1043
|teamsize|p1|6
|teamsize|p2|6
|gen|9
|tier|[Gen 9] OU
|rated|
|rule|HP Percentage Mod: HP is shown in percentages
|rule|Endless Battle Clause: Forcing endless battles is banned
|rule|Species Clause: Limit one of each Pokémon
|rule|OHKO Clause: OHKO moves are banned
|rule|Evasion Items Clause: Evasion items are banned
|rule|Evasion Moves Clause: Evasion moves are banned
|rule|Sleep Moves Clause: Sleep-inducing moves are banned
|clearpoke
|poke|p1|Hatterene, F|
|poke|p1|Carbink|
|poke|p1|Honchkrow, M|
|poke|p1|Primarina, F|
|poke|p1|Enamorus, F|
|poke|p1|Iron Thorns|
|poke|p2|Electrode-Hisui|
|poke|p2|Infernape, M|
|poke|p2|Salazzle, F|
|poke|p2|Gyarados, M|
|poke|p2|Staraptor, M|
|poke|p2|Goodra-Hisui, M|
|teampreview
|
|t:|1743922876
|start
|switch|p1a: Carbink|Carbink|100/100
|switch|p2a: Salazzle|Salazzle, F|100/100
|turn|1
|
|t:|1743922899
|switch|p2a: Goodra|Goodra-Hisui, M|100/100
|move|p1a: Carbink|Stealth Rock|p2a: Goodra
|-sidestart|p2: N8mamba|move: Stealth Rock
|
|upkeep
|turn|2
|
|t:|1743922906
|move|p2a: Goodra|Flash Cannon|p1a: Carbink
|-supereffective|p1a: Carbink
|-ability|p1a: Carbink|Sturdy
|-damage|p1a: Carbink|1/100
|move|p1a: Carbink|Trick Room|p1a: Carbink
|-fieldstart|move: Trick Room|[of] p1a: Carbink
|
|upkeep
|turn|3
|
|t:|1743922909
|move|p1a: Carbink|Misty Explosion|p2a: Goodra
|-damage|p2a: Goodra|93/100
|faint|p1a: Carbink
|move|p2a: Goodra|Flash Cannon|p1: Carbink|[notarget]
|-fail|p2a: Goodra
|
|upkeep
|
|t:|1743922931
|switch|p1a: Honchkrow|Honchkrow, M|100/100
|-enditem|p1a: Honchkrow|Room Service
|-unboost|p1a: Honchkrow|spe|1|[from] item: Room Service
|turn|4
|
|t:|1743922954
|-terastallize|p1a: Honchkrow|Fighting
|move|p1a: Honchkrow|Tera Blast|p2a: Goodra|[anim] Tera Blast Fighting
|-supereffective|p2a: Goodra
|-damage|p2a: Goodra|10/100
|move|p2a: Goodra|Ice Beam|p1a: Honchkrow
|-damage|p1a: Honchkrow|52/100
|
|upkeep
|turn|5
|
|t:|1743922961
|move|p1a: Honchkrow|Acrobatics|p2a: Goodra
|-resisted|p2a: Goodra
|-damage|p2a: Goodra|0 fnt
|faint|p2a: Goodra
|-ability|p1a: Honchkrow|Moxie|boost
|-boost|p1a: Honchkrow|atk|1
|
|upkeep
|
|t:|1743922966
|switch|p2a: Gyarados|Gyarados, M|100/100
|-ability|p2a: Gyarados|Intimidate|boost
|-unboost|p1a: Honchkrow|atk|1
|turn|6
|
|t:|1743922973
|move|p1a: Honchkrow|Night Slash|p2a: Gyarados
|-damage|p2a: Gyarados|48/100
|move|p2a: Gyarados|Dragon Dance|p2a: Gyarados
|-boost|p2a: Gyarados|atk|1
|-boost|p2a: Gyarados|spe|1
|
|-fieldend|move: Trick Room
|upkeep
|turn|7
|
|t:|1743922977
|move|p1a: Honchkrow|Sucker Punch|p2a: Gyarados
|-damage|p2a: Gyarados|0 fnt
|faint|p2a: Gyarados
|-ability|p1a: Honchkrow|Moxie|boost
|-boost|p1a: Honchkrow|atk|1
|
|upkeep
|-message|N8mamba forfeited.
|
|win|shuppetLover
|raw|shuppetLover's rating: 1112 &rarr; <strong>1132</strong><br />(+20 for winning)
|raw|N8mamba's rating: 1043 &rarr; <strong>1030</strong><br />(-13 for losing)
|l|☆N8mamba
|player|p2|
|l|☆shuppetLover
|player|p1|
|j|☆shuppetLover
|player|p1|shuppetLover|scientist-gen4dp|
