|j|‽jsdkaasdads
|j|☆sellingsnow
|t:|1743913209
|gametype|singles
|player|p1|jsdkaasdads|265|1105
|player|p2|sellingsnow|wicke|1115
|teamsize|p1|6
|teamsize|p2|6
|gen|9
|tier|[Gen 9] OU
|rated|
|rule|HP Percentage Mod: HP is shown in percentages
|rule|Endless Battle Clause: Forcing endless battles is banned
|rule|Species Clause: Limit one of each Pokémon
|rule|OHKO Clause: OHKO moves are banned
|rule|Evasion Items Clause: Evasion items are banned
|rule|Evasion Moves Clause: Evasion moves are banned
|rule|Sleep Moves Clause: Sleep-inducing moves are banned
|clearpoke
|poke|p1|Pelipper, F|
|poke|p1|Basculegion, M|
|poke|p1|Kilowattrel, F|
|poke|p1|Corviknight, F|
|poke|p1|Kingdra, F|
|poke|p1|Dragonite, F|
|poke|p2|Ninetales, F|
|poke|p2|Walking Wake|
|poke|p2|Deoxys-Speed|
|poke|p2|Hawlucha, F|
|poke|p2|Tsareena, F|
|poke|p2|Breloom, F|
|teampreview
|inactive|Battle timer is ON: inactive players will automatically lose when time's up. (requested by sellingsnow)
|
|t:|1743913223
|start
|switch|p1a: Basculegion|Basculegion, M|100/100
|switch|p2a: conez|Deoxys-Speed|100/100
|-ability|p2a: conez|Pressure
|turn|1
|
|t:|1743913234
|move|p2a: conez|Thunderbolt|p1a: Basculegion
|-supereffective|p1a: Basculegion
|-damage|p1a: Basculegion|2/100
|move|p1a: Basculegion|Flip Turn|p2a: conez
|-damage|p2a: conez|32/100
|c|☆sellingsnow|breh
|
|t:|1743913242
|switch|p1a: Pelipper|Pelipper, F, shiny|100/100|[from] Flip Turn
|-weather|RainDance|[from] ability: Drizzle|[of] p1a: Pelipper
|
|-weather|RainDance|[upkeep]
|upkeep
|turn|2
|
|t:|1743913246
|switch|p1a: Kilowattrel|Kilowattrel, F|100/100
|move|p2a: conez|Thunderbolt|p1a: Kilowattrel
|-immune|p1a: Kilowattrel|[from] ability: Volt Absorb
|
|-weather|RainDance|[upkeep]
|upkeep
|turn|3
|
|t:|1743913261
|switch|p2a: tailz|Ninetales, F, shiny|100/100
|-weather|SunnyDay|[from] ability: Drought|[of] p2a: tailz
|move|p1a: Kilowattrel|Hurricane|p2a: tailz
|-damage|p2a: tailz|30/100
|
|-weather|SunnyDay|[upkeep]
|upkeep
|turn|4
|
|t:|1743913272
|move|p1a: Kilowattrel|Hurricane|p2a: tailz
|-crit|p2a: tailz
|-damage|p2a: tailz|0 fnt
|faint|p2a: tailz
|
|-weather|SunnyDay|[upkeep]
|upkeep
|
|t:|1743913277
|switch|p2a: leavez|Tsareena, F, shiny|100/100
|turn|5
|
|t:|1743913282
|move|p1a: Kilowattrel|Hurricane|p2a: leavez|[miss]
|-miss|p1a: Kilowattrel|p2a: leavez
|move|p2a: leavez|Triple Axel|p1a: Kilowattrel
|-supereffective|p1a: Kilowattrel
|-damage|p1a: Kilowattrel|72/100
|-supereffective|p1a: Kilowattrel
|-damage|p1a: Kilowattrel|14/100
|-supereffective|p1a: Kilowattrel
|-damage|p1a: Kilowattrel|0 fnt
|faint|p1a: Kilowattrel
|-hitcount|p1: Kilowattrel|3
|
|-weather|SunnyDay|[upkeep]
|upkeep
|
|t:|1743913287
|switch|p1a: Pelipper|Pelipper, F, shiny|100/100
|-weather|RainDance|[from] ability: Drizzle|[of] p1a: Pelipper
|turn|6
|
|t:|1743913303
|switch|p1a: Corviknight|Corviknight, F|100/100
|move|p2a: leavez|Triple Axel|p1a: Corviknight
|-damage|p1a: Corviknight|96/100
|-damage|p1a: Corviknight|87/100
|-damage|p1a: Corviknight|73/100
|-hitcount|p1a: Corviknight|3
|
|-weather|RainDance|[upkeep]
|-heal|p1a: Corviknight|79/100|[from] item: Leftovers
|upkeep
|turn|7
|
|t:|1743913327
|switch|p2a: walkiez|Walking Wake|100/100
|move|p1a: Corviknight|U-turn|p2a: walkiez
|-damage|p2a: walkiez|85/100
|
|t:|1743913333
|switch|p1a: Kingdra|Kingdra, F|100/100|[from] U-turn
|
|-weather|RainDance|[upkeep]
|upkeep
|turn|8
|
|t:|1743913343
|-terastallize|p2a: walkiez|Water
|move|p1a: Kingdra|Dragon Pulse|p2a: walkiez
|-damage|p2a: walkiez|20/100
|move|p2a: walkiez|Draco Meteor|p1a: Kingdra
|-supereffective|p1a: Kingdra
|-damage|p1a: Kingdra|0 fnt
|-unboost|p2a: walkiez|spa|2
|faint|p1a: Kingdra
|
|-weather|RainDance|[upkeep]
|upkeep
|
|t:|1743913354
|switch|p1a: Dragonite|Dragonite, F|100/100
|turn|9
|
|t:|1743913361
|-terastallize|p1a: Dragonite|Normal
|move|p2a: walkiez|Draco Meteor|p1a: Dragonite
|-damage|p1a: Dragonite|81/100
|-unboost|p2a: walkiez|spa|2
|move|p1a: Dragonite|Dragon Dance|p1a: Dragonite
|-boost|p1a: Dragonite|atk|1
|-boost|p1a: Dragonite|spe|1
|
|-weather|RainDance|[upkeep]
|-heal|p1a: Dragonite|87/100|[from] item: Leftovers
|upkeep
|turn|10
|
|t:|1743913371
|move|p1a: Dragonite|Dragon Dance|p1a: Dragonite
|-boost|p1a: Dragonite|atk|1
|-boost|p1a: Dragonite|spe|1
|move|p2a: walkiez|Flamethrower|p1a: Dragonite
|-damage|p1a: Dragonite|81/100
|
|-weather|RainDance|[upkeep]
|-heal|p1a: Dragonite|87/100|[from] item: Leftovers
|upkeep
|turn|11
|
|t:|1743913382
|move|p1a: Dragonite|Extreme Speed|p2a: walkiez
|-damage|p2a: walkiez|0 fnt
|faint|p2a: walkiez
|-end|p2a: walkiez|Protosynthesis|[silent]
|
|-weather|RainDance|[upkeep]
|-heal|p1a: Dragonite|94/100|[from] item: Leftovers
|upkeep
|
|t:|1743913384
|switch|p2a: wingz|Hawlucha, F|100/100
|turn|12
|
|t:|1743913387
|move|p1a: Dragonite|Extreme Speed|p2a: wingz
|-enditem|p2a: wingz|Focus Sash
|-damage|p2a: wingz|1/100
|move|p2a: wingz|Close Combat|p1a: Dragonite
|-supereffective|p1a: Dragonite
|-damage|p1a: Dragonite|0 fnt
|-unboost|p2a: wingz|def|1
|-unboost|p2a: wingz|spd|1
|faint|p1a: Dragonite
|
|-weather|RainDance|[upkeep]
|upkeep
|
|t:|1743913392
|switch|p1a: Basculegion|Basculegion, M|2/100
|turn|13
|
|t:|1743913400
|move|p2a: wingz|Acrobatics|p1a: Basculegion
|-damage|p1a: Basculegion|0 fnt
|faint|p1a: Basculegion
|
|-weather|none
|upkeep
|
|t:|1743913408
|switch|p1a: Corviknight|Corviknight, F|79/100
|turn|14
|
|t:|1743913412
|move|p2a: wingz|Close Combat|p1a: Corviknight
|-damage|p1a: Corviknight|44/100
|-unboost|p2a: wingz|def|1
|-unboost|p2a: wingz|spd|1
|move|p1a: Corviknight|U-turn|p2a: wingz
|-resisted|p2a: wingz
|-damage|p2a: wingz|0 fnt
|faint|p2a: wingz
|-message|jsdkaasdads forfeited.
|
|win|sellingsnow
|raw|jsdkaasdads's rating: 1079 &rarr; <strong>1059</strong><br />(-20 for losing)
|raw|sellingsnow's rating: 1115 &rarr; <strong>1137</strong><br />(+22 for winning)
|l|‽jsdkaasdads
|player|p1|
|l|☆sellingsnow
|player|p2|
