|j|☆CharlyPG
|j|☆Thaichuoi
|t:|1743850824
|gametype|singles
|player|p1|CharlyPG|101|1134
|player|p2|Thaichuoi|rosa|1125
|teamsize|p1|6
|teamsize|p2|6
|gen|9
|tier|[Gen 9] OU
|rated|
|rule|HP Percentage Mod: HP is shown in percentages
|rule|Endless Battle Clause: Forcing endless battles is banned
|rule|Species Clause: Limit one of each Pokémon
|rule|OHKO Clause: OHKO moves are banned
|rule|Evasion Items Clause: Evasion items are banned
|rule|Evasion Moves Clause: Evasion moves are banned
|rule|Sleep Moves Clause: Sleep-inducing moves are banned
|clearpoke
|poke|p1|Moltres-Galar|
|poke|p1|Clefable, F|
|poke|p1|Conkeldurr, F|
|poke|p1|Quaquaval, F|
|poke|p1|Slowking-Galar, M|
|poke|p1|Kyurem|
|poke|p2|Conkeldurr, M|
|poke|p2|Incineroar, F|
|poke|p2|Gholdengo|
|poke|p2|Metagross|
|poke|p2|Scyther, F|
|poke|p2|Grimmsnarl, M|
|teampreview
|inactive|Battle timer is ON: inactive players will automatically lose when time's up. (requested by Thaichuoi)
|
|t:|1743850844
|start
|switch|p1a: Moltres|Moltres-Galar, shiny|100/100
|switch|p2a: Scyther|Scyther, F|100/100
|turn|1
|
|t:|1743850858
|move|p2a: Scyther|U-turn|p1a: Moltres
|-damage|p1a: Moltres|52/100
|-damage|p2a: Scyther|91/100|[from] item: Life Orb
|
|t:|1743850877
|switch|p2a: Grimmsnarl|Grimmsnarl, M|100/100|[from] U-turn
|move|p1a: Moltres|Substitute|p1a: Moltres
|-start|p1a: Moltres|Substitute
|-damage|p1a: Moltres|27/100
|
|upkeep
|turn|2
|
|t:|1743850888
|move|p2a: Grimmsnarl|Taunt|p1a: Moltres
|-hint|Since gen 7, Dark is immune to Prankster moves.
|-immune|p1a: Moltres
|move|p1a: Moltres|Air Slash|p2a: Grimmsnarl
|-damage|p2a: Grimmsnarl|69/100
|
|upkeep
|turn|3
|
|t:|1743850898
|move|p2a: Grimmsnarl|Light Screen|p2a: Grimmsnarl
|-sidestart|p2: Thaichuoi|move: Light Screen
|move|p1a: Moltres|Air Slash|p2a: Grimmsnarl
|-damage|p2a: Grimmsnarl|54/100
|
|upkeep
|turn|4
|
|t:|1743850904
|move|p2a: Grimmsnarl|Reflect|p2a: Grimmsnarl
|-sidestart|p2: Thaichuoi|Reflect
|move|p1a: Moltres|Air Slash|p2a: Grimmsnarl
|-damage|p2a: Grimmsnarl|37/100
|
|upkeep
|turn|5
|
|t:|1743850921
|switch|p2a: Gholdengo|Gholdengo|100/100
|-item|p2a: Gholdengo|Air Balloon
|move|p1a: Moltres|Nasty Plot|p1a: Moltres
|-boost|p1a: Moltres|spa|2
|
|upkeep
|turn|6
|
|t:|1743850941
|move|p1a: Moltres|Fiery Wrath|p2a: Gholdengo
|-supereffective|p2a: Gholdengo
|-damage|p2a: Gholdengo|23/100
|-enditem|p2a: Gholdengo|Air Balloon
|move|p2a: Gholdengo|Thunderbolt|p1a: Moltres
|-supereffective|p1a: Moltres
|-end|p1a: Moltres|Substitute
|
|upkeep
|turn|7
|
|t:|1743850950
|-terastallize|p2a: Gholdengo|Flying
|move|p1a: Moltres|Fiery Wrath|p2a: Gholdengo
|-damage|p2a: Gholdengo|0 fnt
|faint|p2a: Gholdengo
|
|upkeep
|
|t:|1743850958
|switch|p2a: Scyther|Scyther, F|91/100
|turn|8
|
|t:|1743850983
|switch|p1a: Clefable|Clefable, F|100/100
|move|p2a: Scyther|Dual Wingbeat|p1a: Clefable
|-damage|p1a: Clefable|60/100
|-damage|p1a: Clefable|16/100
|-hitcount|p1a: Clefable|2
|-damage|p2a: Scyther|81/100|[from] item: Life Orb
|
|upkeep
|turn|9
|
|t:|1743850991
|move|p2a: Scyther|Quick Attack|p1a: Clefable
|-damage|p1a: Clefable|0 fnt
|faint|p1a: Clefable
|-damage|p2a: Scyther|71/100|[from] item: Life Orb
|
|upkeep
|inactive|CharlyPG has 120 seconds left.
|
|t:|1743851015
|switch|p1a: Conkeldurr|Conkeldurr, F|100/100
|turn|10
|
|t:|1743851020
|move|p2a: Scyther|Dual Wingbeat|p1a: Conkeldurr
|-supereffective|p1a: Conkeldurr
|-damage|p1a: Conkeldurr|38/100
|-supereffective|p1a: Conkeldurr
|-damage|p1a: Conkeldurr|0 fnt
|faint|p1a: Conkeldurr
|-hitcount|p1: Conkeldurr|2
|-damage|p2a: Scyther|61/100|[from] item: Life Orb
|
|-sideend|p2: Thaichuoi|move: Light Screen
|upkeep
|inactive|CharlyPG has 120 seconds left.
|
|t:|1743851047
|switch|p1a: Slowking|Slowking-Galar, M|100/100
|turn|11
|
|t:|1743851060
|move|p2a: Scyther|U-turn|p1a: Slowking
|-damage|p1a: Slowking|55/100
|-damage|p2a: Scyther|51/100|[from] item: Life Orb
|
|t:|1743851064
|switch|p2a: Grimmsnarl|Grimmsnarl, M|37/100|[from] U-turn
|move|p1a: Slowking|Flamethrower|p2a: Grimmsnarl
|-damage|p2a: Grimmsnarl|6/100
|
|-sideend|p2: Thaichuoi|Reflect
|upkeep
|turn|12
|inactive|CharlyPG has 120 seconds left.
|
|t:|1743851075
|move|p2a: Grimmsnarl|Light Screen|p2a: Grimmsnarl
|-sidestart|p2: Thaichuoi|move: Light Screen
|move|p1a: Slowking|Flamethrower|p2a: Grimmsnarl
|-damage|p2a: Grimmsnarl|0 fnt
|faint|p2a: Grimmsnarl
|
|upkeep
|
|t:|1743851087
|switch|p2a: Conkeldurr|Conkeldurr, M|100/100
|turn|13
|
|t:|1743851097
|move|p2a: Conkeldurr|Facade|p1a: Slowking
|-damage|p1a: Slowking|29/100
|move|p1a: Slowking|Trick|p2a: Conkeldurr
|-activate|p1a: Slowking|move: Trick|[of] p2a: Conkeldurr
|-item|p2a: Conkeldurr|Lagging Tail|[from] move: Trick
|-item|p1a: Slowking|Flame Orb|[from] move: Trick
|
|-status|p1a: Slowking|brn|[from] item: Flame Orb
|upkeep
|turn|14
|
|t:|1743851111
|switch|p1a: Moltres|Moltres-Galar, shiny|27/100
|move|p2a: Conkeldurr|Thunder Punch|p1a: Moltres
|-supereffective|p1a: Moltres
|-damage|p1a: Moltres|0 fnt
|faint|p1a: Moltres
|
|upkeep
|
|t:|1743851121
|switch|p1a: Kyurem|Kyurem|100/100
|-ability|p1a: Kyurem|Pressure
|turn|15
|
|t:|1743851129
|move|p2a: Conkeldurr|Mach Punch|p1a: Kyurem
|-supereffective|p1a: Kyurem
|-damage|p1a: Kyurem|56/100
|move|p1a: Kyurem|Icicle Spear|p2a: Conkeldurr
|-damage|p2a: Conkeldurr|89/100
|-damage|p2a: Conkeldurr|77/100
|-damage|p2a: Conkeldurr|65/100
|-damage|p2a: Conkeldurr|53/100
|-hitcount|p2a: Conkeldurr|4
|
|upkeep
|turn|16
|
|t:|1743851145
|move|p2a: Conkeldurr|Mach Punch|p1a: Kyurem
|-supereffective|p1a: Kyurem
|-damage|p1a: Kyurem|8/100
|move|p1a: Kyurem|Outrage|p2a: Conkeldurr
|-damage|p2a: Conkeldurr|3/100
|
|upkeep
|turn|17
|
|t:|1743851154
|move|p2a: Conkeldurr|Mach Punch|p1a: Kyurem
|-supereffective|p1a: Kyurem
|-damage|p1a: Kyurem|0 fnt
|faint|p1a: Kyurem
|
|upkeep
|
|t:|1743851159
|switch|p1a: Quaquaval|Quaquaval, F|100/100
|turn|18
|
|t:|1743851166
|move|p1a: Quaquaval|Aqua Jet|p2a: Conkeldurr
|-damage|p2a: Conkeldurr|0 fnt
|faint|p2a: Conkeldurr
|-ability|p1a: Quaquaval|Moxie|boost
|-boost|p1a: Quaquaval|atk|1
|
|upkeep
|
|t:|1743851173
|switch|p2a: Metagross|Metagross|100/100
|turn|19
|
|t:|1743851183
|-terastallize|p1a: Quaquaval|Water
|move|p1a: Quaquaval|Aqua Step|p2a: Metagross
|-damage|p2a: Metagross|23/100
|-boost|p1a: Quaquaval|spe|1
|move|p2a: Metagross|Knock Off|p1a: Quaquaval
|-damage|p1a: Quaquaval|58/100
|-enditem|p1a: Quaquaval|Mystic Water|[from] move: Knock Off|[of] p2a: Metagross
|
|-sideend|p2: Thaichuoi|move: Light Screen
|upkeep
|turn|20
|
|t:|1743851200
|move|p1a: Quaquaval|Aqua Step|p2a: Metagross
|-damage|p2a: Metagross|0 fnt
|-boost|p1a: Quaquaval|spe|1
|faint|p2a: Metagross
|-ability|p1a: Quaquaval|Moxie|boost
|-boost|p1a: Quaquaval|atk|1
|
|upkeep
|
|t:|1743851221
|switch|p2a: Scyther|Scyther, F|51/100
|turn|21
|
|t:|1743851226
|move|p2a: Scyther|Quick Attack|p1a: Quaquaval
|-damage|p1a: Quaquaval|28/100
|-damage|p2a: Scyther|41/100|[from] item: Life Orb
|move|p1a: Quaquaval|Aqua Step|p2a: Scyther
|-damage|p2a: Scyther|0 fnt
|-boost|p1a: Quaquaval|spe|1
|faint|p2a: Scyther
|-ability|p1a: Quaquaval|Moxie|boost
|-boost|p1a: Quaquaval|atk|1
|
|upkeep
|
|t:|1743851236
|switch|p2a: Incineroar|Incineroar, F|100/100
|-ability|p2a: Incineroar|Intimidate|boost
|-unboost|p1a: Quaquaval|atk|1
|turn|22
|
|t:|1743851243
|move|p1a: Quaquaval|Aqua Step|p2a: Incineroar
|-supereffective|p2a: Incineroar
|-damage|p2a: Incineroar|0 fnt
|-boost|p1a: Quaquaval|spe|1
|faint|p2a: Incineroar
|
|win|CharlyPG
|raw|CharlyPG's rating: 1134 &rarr; <strong>1158</strong><br />(+24 for winning)
|raw|Thaichuoi's rating: 1125 &rarr; <strong>1101</strong><br />(-24 for losing)
|l|☆Thaichuoi
|player|p2|
|l|☆CharlyPG
|player|p1|
|j|☆CharlyPG
|player|p1|CharlyPG|101|
|l|☆CharlyPG
|player|p1|
|j|☆CharlyPG
|player|p1|CharlyPG|101|
|l|☆CharlyPG
|player|p1|
