|j|☆rolendice
|j|☆asheroakthorn
|t:|1743842558
|gametype|singles
|player|p1|rolendice|cynthia-gen4|1324
|player|p2|asheroakthorn|265|1332
|teamsize|p1|6
|teamsize|p2|6
|gen|9
|tier|[Gen 9] OU
|rated|
|rule|HP Percentage Mod: HP is shown in percentages
|rule|Endless Battle Clause: Forcing endless battles is banned
|rule|Species Clause: Limit one of each Pokémon
|rule|OHKO Clause: OHKO moves are banned
|rule|Evasion Items Clause: Evasion items are banned
|rule|Evasion Moves Clause: Evasion moves are banned
|rule|Sleep Moves Clause: Sleep-inducing moves are banned
|clearpoke
|poke|p1|Ninetales, F|
|poke|p1|Leafeon, F|
|poke|p1|Manaphy|
|poke|p1|Mienshao, F|
|poke|p1|Umbreon, F|
|poke|p1|Espeon, F|
|poke|p2|Cinderace, F|
|poke|p2|Primarina, M|
|poke|p2|Landorus-Therian, M|
|poke|p2|Kyurem|
|poke|p2|Slowking-Galar, M|
|poke|p2|Meowscarada, M|
|teampreview
|inactive|Battle timer is ON: inactive players will automatically lose when time's up. (requested by rolendice)
|
|t:|1743842562
|start
|switch|p1a: Mienshao|Mienshao, F, shiny|100/100
|switch|p2a: Kyurem|Kyurem|100/100
|-ability|p2a: Kyurem|Pressure
|turn|1
|
|t:|1743842573
|switch|p2a: Landorus|Landorus-Therian, M|100/100
|-ability|p2a: Landorus|Intimidate|boost
|-unboost|p1a: Mienshao|atk|1
|move|p1a: Mienshao|U-turn|p2a: Landorus
|-resisted|p2a: Landorus
|-damage|p2a: Landorus|93/100
|-damage|p1a: Mienshao|84/100|[from] item: Rocky Helmet|[of] p2a: Landorus
|
|t:|1743842576
|switch|p1a: Manaphy|Manaphy, shiny|100/100|[from] U-turn
|
|upkeep
|turn|2
|
|t:|1743842581
|-terastallize|p2a: Landorus|Water
|move|p2a: Landorus|Stealth Rock|p1a: Manaphy
|-sidestart|p1: rolendice|move: Stealth Rock
|move|p1a: Manaphy|Ice Beam|p2a: Landorus
|-resisted|p2a: Landorus
|-damage|p2a: Landorus|82/100
|
|upkeep
|turn|3
|
|t:|1743842587
|move|p2a: Landorus|U-turn|p1a: Manaphy
|-damage|p1a: Manaphy|83/100
|
|t:|1743842589
|switch|p2a: Meowscarada|Meowscarada, M|100/100|[from] U-turn
|move|p1a: Manaphy|Acid Armor|p1a: Manaphy
|-boost|p1a: Manaphy|def|2
|
|-heal|p1a: Manaphy|89/100|[from] item: Leftovers
|upkeep
|turn|4
|
|t:|1743842610
|move|p2a: Meowscarada|Trick|p1a: Manaphy
|-start|p2a: Meowscarada|typechange|Psychic|[from] ability: Protean
|-activate|p2a: Meowscarada|move: Trick|[of] p1a: Manaphy
|-item|p1a: Manaphy|Choice Scarf|[from] move: Trick
|-item|p2a: Meowscarada|Leftovers|[from] move: Trick
|move|p1a: Manaphy|Ice Beam|p2a: Meowscarada
|-damage|p2a: Meowscarada|67/100
|
|-heal|p2a: Meowscarada|73/100|[from] item: Leftovers
|upkeep
|turn|5
|
|t:|1743842617
|move|p2a: Meowscarada|Flower Trick|p1a: Manaphy
|-supereffective|p1a: Manaphy
|-crit|p1a: Manaphy
|-damage|p1a: Manaphy|39/100
|move|p1a: Manaphy|Ice Beam|p2a: Meowscarada
|-damage|p2a: Meowscarada|40/100
|
|-heal|p2a: Meowscarada|46/100|[from] item: Leftovers
|upkeep
|turn|6
|
|t:|1743842620
|move|p2a: Meowscarada|Flower Trick|p1a: Manaphy
|-supereffective|p1a: Manaphy
|-crit|p1a: Manaphy
|-damage|p1a: Manaphy|0 fnt
|faint|p1a: Manaphy
|
|-heal|p2a: Meowscarada|52/100|[from] item: Leftovers
|upkeep
|
|t:|1743842624
|switch|p1a: Umbreon|Umbreon, F, shiny|100/100
|-damage|p1a: Umbreon|88/100|[from] Stealth Rock
|turn|7
|
|t:|1743842626
|move|p2a: Meowscarada|U-turn|p1a: Umbreon
|-supereffective|p1a: Umbreon
|-damage|p1a: Umbreon|54/100
|
|t:|1743842629
|switch|p2a: Cinderace|Cinderace, F|100/100|[from] U-turn
|move|p1a: Umbreon|Foul Play|p2a: Cinderace
|-damage|p2a: Cinderace|31/100
|
|-heal|p1a: Umbreon|60/100|[from] item: Leftovers
|upkeep
|turn|8
|
|t:|1743842633
|move|p2a: Cinderace|High Jump Kick|p1a: Umbreon
|-start|p2a: Cinderace|typechange|Fighting|[from] ability: Libero
|-supereffective|p1a: Umbreon
|-damage|p1a: Umbreon|0 fnt
|faint|p1a: Umbreon
|
|upkeep
|
|t:|1743842637
|switch|p1a: Mienshao|Mienshao, F, shiny|84/100
|-damage|p1a: Mienshao|78/100|[from] Stealth Rock
|turn|9
|
|t:|1743842642
|move|p1a: Mienshao|High Jump Kick|p2a: Cinderace
|-damage|p2a: Cinderace|0 fnt
|faint|p2a: Cinderace
|
|upkeep
|
|t:|1743842650
|switch|p2a: Primarina|Primarina, M|100/100
|turn|10
|
|t:|1743842655
|switch|p1a: Espeon|Espeon, F, shiny|100/100
|-damage|p1a: Espeon|88/100|[from] Stealth Rock
|move|p2a: Primarina|Moonblast|p1a: Espeon
|-damage|p1a: Espeon|14/100
|
|upkeep
|turn|11
|
|t:|1743842658
|move|p1a: Espeon|Psyshock|p2a: Primarina
|-damage|p2a: Primarina|47/100
|move|p2a: Primarina|Moonblast|p1a: Espeon
|-damage|p1a: Espeon|0 fnt
|faint|p1a: Espeon
|
|upkeep
|
|t:|1743842662
|switch|p1a: Ninetales|Ninetales, F, shiny|100/100
|-damage|p1a: Ninetales|76/100|[from] Stealth Rock
|-weather|SunnyDay|[from] ability: Drought|[of] p1a: Ninetales
|turn|12
|
|t:|1743842673
|switch|p2a: Slowking|Slowking-Galar, M|100/100
|move|p1a: Ninetales|Solar Beam||[still]
|-prepare|p1a: Ninetales|Solar Beam
|-anim|p1a: Ninetales|Solar Beam|p2a: Slowking
|-resisted|p2a: Slowking
|-damage|p2a: Slowking|91/100
|
|-weather|SunnyDay|[upkeep]
|upkeep
|turn|13
|
|t:|1743842676
|switch|p1a: Mienshao|Mienshao, F, shiny|78/100
|-damage|p1a: Mienshao|71/100|[from] Stealth Rock
|move|p2a: Slowking|Future Sight|p1a: Mienshao
|-start|p2a: Slowking|move: Future Sight
|
|-weather|SunnyDay|[upkeep]
|upkeep
|turn|14
|
|t:|1743842679
|move|p1a: Mienshao|Knock Off|p2a: Slowking
|-supereffective|p2a: Slowking
|-damage|p2a: Slowking|24/100
|-enditem|p2a: Slowking|Heavy-Duty Boots|[from] move: Knock Off|[of] p1a: Mienshao
|-prepare|p2a: Slowking|Chilly Reception|[premajor]
|move|p2a: Slowking|Chilly Reception|p2a: Slowking
|-weather|Snowscape
|
|t:|1743842682
|switch|p2a: Meowscarada|Meowscarada, M|52/100|[from] Chilly Reception
|
|-weather|Snowscape|[upkeep]
|-heal|p2a: Meowscarada|59/100|[from] item: Leftovers
|upkeep
|turn|15
|
|t:|1743842689
|switch|p1a: Ninetales|Ninetales, F, shiny|76/100
|-damage|p1a: Ninetales|51/100|[from] Stealth Rock
|-weather|SunnyDay|[from] ability: Drought|[of] p1a: Ninetales
|move|p2a: Meowscarada|Flower Trick|p1a: Ninetales
|-start|p2a: Meowscarada|typechange|Grass|[from] ability: Protean
|-resisted|p1a: Ninetales
|-crit|p1a: Ninetales
|-damage|p1a: Ninetales|14/100
|
|-weather|SunnyDay|[upkeep]
|-end|p1a: Ninetales|move: Future Sight
|-damage|p1a: Ninetales|0 fnt
|faint|p1a: Ninetales
|-heal|p2a: Meowscarada|65/100|[from] item: Leftovers
|upkeep
|
|t:|1743842691
|switch|p1a: Leafeon|Leafeon, F, shiny|100/100
|-damage|p1a: Leafeon|88/100|[from] Stealth Rock
|turn|16
|
|t:|1743842693
|move|p1a: Leafeon|Swords Dance|p1a: Leafeon
|-boost|p1a: Leafeon|atk|2
|move|p2a: Meowscarada|U-turn|p1a: Leafeon
|-supereffective|p1a: Leafeon
|-damage|p1a: Leafeon|48/100
|
|t:|1743842696
|switch|p2a: Landorus|Landorus-Therian, M, tera:Water|82/100|[from] U-turn
|-ability|p2a: Landorus|Intimidate|boost
|-unboost|p1a: Leafeon|atk|1
|
|-weather|SunnyDay|[upkeep]
|upkeep
|turn|17
|
|t:|1743842706
|switch|p2a: Slowking|Slowking-Galar, M|58/100
|-terastallize|p1a: Leafeon|Fire
|move|p1a: Leafeon|Swords Dance|p1a: Leafeon
|-boost|p1a: Leafeon|atk|2
|
|-weather|SunnyDay|[upkeep]
|upkeep
|turn|18
|
|t:|1743842709
|move|p1a: Leafeon|Tera Blast|p2a: Slowking|[anim] Tera Blast Fire
|-damage|p2a: Slowking|0 fnt
|faint|p2a: Slowking
|
|-weather|SunnyDay|[upkeep]
|upkeep
|
|t:|1743842718
|switch|p2a: Kyurem|Kyurem|100/100
|-ability|p2a: Kyurem|Pressure
|turn|19
|
|t:|1743842723
|switch|p2a: Primarina|Primarina, M|47/100
|move|p1a: Leafeon|Tera Blast|p2a: Primarina|[anim] Tera Blast Fire
|-resisted|p2a: Primarina
|-damage|p2a: Primarina|0 fnt
|faint|p2a: Primarina
|
|-weather|SunnyDay|[upkeep]
|upkeep
|
|t:|1743842724
|switch|p2a: Landorus|Landorus-Therian, M, tera:Water|82/100
|-ability|p2a: Landorus|Intimidate|boost
|-unboost|p1a: Leafeon|atk|1
|turn|20
|
|t:|1743842727
|move|p1a: Leafeon|Leaf Blade|p2a: Landorus
|-supereffective|p2a: Landorus
|-damage|p2a: Landorus|0 fnt
|-damage|p1a: Leafeon|31/100|[from] item: Rocky Helmet|[of] p2a: Landorus
|faint|p2a: Landorus
|
|-weather|SunnyDay|[upkeep]
|upkeep
|
|t:|1743842731
|switch|p2a: Kyurem|Kyurem|100/100
|-ability|p2a: Kyurem|Pressure
|turn|21
|
|t:|1743842735
|move|p1a: Leafeon|Tera Blast|p2a: Kyurem|[anim] Tera Blast Fire
|-damage|p2a: Kyurem|0 fnt
|faint|p2a: Kyurem
|
|-weather|SunnyDay|[upkeep]
|upkeep
|
|t:|1743842738
|switch|p2a: Meowscarada|Meowscarada, M|65/100
|turn|22
|
|t:|1743842740
|move|p1a: Leafeon|Tera Blast|p2a: Meowscarada|[anim] Tera Blast Fire
|-supereffective|p2a: Meowscarada
|-damage|p2a: Meowscarada|0 fnt
|faint|p2a: Meowscarada
|
|win|rolendice
|raw|rolendice's rating: 1324 &rarr; <strong>1344</strong><br />(+20 for winning)
|raw|asheroakthorn's rating: 1332 &rarr; <strong>1312</strong><br />(-20 for losing)
|l|☆asheroakthorn
|player|p2|
