|j|☆Buzzpeep
|j|☆3lgi3
|inactive|Battle timer is ON: inactive players will automatically lose when time's up.
|t:|1743805509
|gametype|singles
|player|p1|Buzzpeep|proton|
|player|p2|3lgi3|ghetsis-gen5bw|
|teamsize|p1|4
|teamsize|p2|4
|gen|9
|tier|[Gen 9] OU
|rated|Tournament battle
|rule|HP Percentage Mod: HP is shown in percentages
|rule|Endless Battle Clause: Forcing endless battles is banned
|rule|Species Clause: Limit one of each Pokémon
|rule|OHKO Clause: OHKO moves are banned
|rule|Evasion Items Clause: Evasion items are banned
|rule|Evasion Moves Clause: Evasion moves are banned
|rule|Sleep Moves Clause: Sleep-inducing moves are banned
|clearpoke
|poke|p1|Chandelure, F|
|poke|p1|Clefairy, M|
|poke|p1|Arcanine-Hisui, M|
|poke|p1|Dragonite, M|
|poke|p2|Cinderace, M|
|poke|p2|Mienshao, F|
|poke|p2|Grumpig, F|
|poke|p2|Hoothoot, F|
|teampreview
|j|*Lady Monita ❄
|inactive|3lgi3 also wants the timer to be on.
|c|☆3lgi3|glhf
|
|t:|1743805520
|start
|switch|p1a: Clefairy|Clefairy, M|100/100
|switch|p2a: Hoothoot|Hoothoot, F|100/100
|turn|1
|
|t:|1743805528
|move|p2a: Hoothoot|Tailwind|p2a: Hoothoot
|-sidestart|p2: 3lgi3|move: Tailwind
|move|p1a: Clefairy|Stealth Rock|p2a: Hoothoot
|-sidestart|p2: 3lgi3|move: Stealth Rock
|
|upkeep
|turn|2
|
|t:|1743805532
|move|p2a: Hoothoot|Air Slash|p1a: Clefairy
|-damage|p1a: Clefairy|87/100
|cant|p1a: Clefairy|flinch
|
|upkeep
|turn|3
|
|t:|1743805537
|move|p2a: Hoothoot|Air Slash|p1a: Clefairy
|-damage|p1a: Clefairy|74/100
|move|p1a: Clefairy|Thunder Wave|p2a: Hoothoot
|-status|p2a: Hoothoot|par
|
|upkeep
|turn|4
|
|t:|1743805540
|move|p2a: Hoothoot|Air Slash|p1a: Clefairy
|-damage|p1a: Clefairy|61/100
|cant|p1a: Clefairy|flinch
|
|-sideend|p2: 3lgi3|move: Tailwind
|upkeep
|turn|5
|
|t:|1743805547
|move|p1a: Clefairy|Knock Off|p2a: Hoothoot
|-damage|p2a: Hoothoot|69/100 par
|-enditem|p2a: Hoothoot|Focus Sash|[from] move: Knock Off|[of] p1a: Clefairy
|move|p2a: Hoothoot|Tailwind|p2a: Hoothoot
|-sidestart|p2: 3lgi3|move: Tailwind
|
|upkeep
|turn|6
|inactive|Buzzpeep has 120 seconds left.
|j| FaultiestDuck
|l| FaultiestDuck
|
|t:|1743805591
|switch|p2a: Cinderace|Cinderace, M, shiny|100/100
|-damage|p2a: Cinderace|75/100|[from] Stealth Rock
|move|p1a: Clefairy|Wish|p1a: Clefairy
|
|upkeep
|turn|7
|inactive|Buzzpeep has 120 seconds left.
|
|t:|1743805606
|move|p2a: Cinderace|Tera Blast|p1a: Clefairy
|-damage|p1a: Clefairy|52/100
|-damage|p2a: Cinderace|66/100|[from] item: Life Orb
|move|p1a: Clefairy|Thunder Wave|p2a: Cinderace
|-status|p2a: Cinderace|par
|
|-heal|p1a: Clefairy|100/100|[from] move: Wish|[wisher] Clefairy
|upkeep
|turn|8
|inactive|Buzzpeep has 120 seconds left.
|
|t:|1743805627
|move|p2a: Cinderace|U-turn|p1a: Clefairy
|-resisted|p1a: Clefairy
|-damage|p1a: Clefairy|83/100
|-damage|p2a: Cinderace|56/100 par|[from] item: Life Orb
|
|t:|1743805629
|switch|p2a: Mienshao|Mienshao, F, shiny|100/100|[from] U-turn
|-damage|p2a: Mienshao|95/100|[from] Stealth Rock
|move|p1a: Clefairy|Wish|p1a: Clefairy
|
|-sideend|p2: 3lgi3|move: Tailwind
|upkeep
|turn|9
|
|t:|1743805633
|move|p2a: Mienshao|Knock Off|p1a: Clefairy
|-resisted|p1a: Clefairy
|-damage|p1a: Clefairy|54/100
|-enditem|p1a: Clefairy|Eviolite|[from] move: Knock Off|[of] p2a: Mienshao
|-damage|p2a: Mienshao|85/100|[from] item: Life Orb
|move|p1a: Clefairy|Knock Off|p2a: Mienshao
|-resisted|p2a: Mienshao
|-damage|p2a: Mienshao|76/100
|-enditem|p2a: Mienshao|Life Orb|[from] move: Knock Off|[of] p1a: Clefairy
|
|-heal|p1a: Clefairy|100/100|[from] move: Wish|[wisher] Clefairy
|upkeep
|turn|10
|
|t:|1743805639
|move|p2a: Mienshao|Swords Dance|p2a: Mienshao
|-boost|p2a: Mienshao|atk|2
|move|p1a: Clefairy|Wish|p1a: Clefairy
|
|upkeep
|turn|11
|
|t:|1743805646
|move|p2a: Mienshao|Tera Blast|p1a: Clefairy
|-damage|p1a: Clefairy|86/100
|move|p1a: Clefairy|Thunder Wave|p2a: Mienshao
|-status|p2a: Mienshao|par
|
|-heal|p1a: Clefairy|100/100|[from] move: Wish|[wisher] Clefairy
|upkeep
|turn|12
|
|t:|1743805660
|move|p2a: Mienshao|Close Combat|p1a: Clefairy
|-resisted|p1a: Clefairy
|-damage|p1a: Clefairy|0 fnt
|-unboost|p2a: Mienshao|def|1
|-unboost|p2a: Mienshao|spd|1
|faint|p1a: Clefairy
|
|upkeep
|
|t:|1743805665
|switch|p1a: Chandelure|Chandelure, F|100/100
|turn|13
|
|t:|1743805680
|move|p1a: Chandelure|Shadow Ball|p2a: Mienshao
|-damage|p2a: Mienshao|0 fnt
|faint|p2a: Mienshao
|
|upkeep
|
|t:|1743805683
|switch|p2a: Grumpig|Grumpig, F|100/100
|-damage|p2a: Grumpig|88/100|[from] Stealth Rock
|turn|14
|
|t:|1743805688
|-terastallize|p2a: Grumpig|Fairy
|move|p1a: Chandelure|Shadow Ball|p2a: Grumpig
|-damage|p2a: Grumpig|40/100
|move|p2a: Grumpig|Nasty Plot|p2a: Grumpig
|-boost|p2a: Grumpig|spa|2
|
|-heal|p2a: Grumpig|46/100|[from] item: Leftovers
|upkeep
|turn|15
|
|t:|1743805695
|move|p1a: Chandelure|Shadow Ball|p2a: Grumpig
|-damage|p2a: Grumpig|0 fnt
|faint|p2a: Grumpig
|
|upkeep
|
|t:|1743805699
|switch|p2a: Cinderace|Cinderace, M, shiny|56/100 par
|-damage|p2a: Cinderace|31/100 par|[from] Stealth Rock
|turn|16
|-message|3lgi3 forfeited.
|
|win|Buzzpeep
|n|☆Buzzpeep|buzzpeep
|n|☆3lgi3|3lgi3
|n|*Lady Monita ❄|ladymonita
