|j|☆The_Matouflamme
|j|☆KazutoLink13
|t:|1743881535
|gametype|singles
|player|p1|The_Matouflamme|christoph|
|player|p2|KazutoLink13|hilbert-wonderlauncher|
|teamsize|p1|6
|teamsize|p2|6
|gen|9
|tier|[Gen 9] OU
|rule|HP Percentage Mod: HP is shown in percentages
|rule|Endless Battle Clause: Forcing endless battles is banned
|rule|Species Clause: Limit one of each Pokémon
|rule|OHKO Clause: OHKO moves are banned
|rule|Evasion Items Clause: Evasion items are banned
|rule|Evasion Moves Clause: Evasion moves are banned
|rule|Sleep Moves Clause: Sleep-inducing moves are banned
|clearpoke
|poke|p1|Incineroar, M|
|poke|p1|Ninetales-Alola, F|
|poke|p1|Kyurem|
|poke|p1|Great Tusk|
|poke|p1|Corviknight, M|
|poke|p1|Primarina, F|
|poke|p2|Samurott-Hisui, M|
|poke|p2|Iron Moth|
|poke|p2|Raikou|
|poke|p2|Primarina, M|
|poke|p2|Scizor, M|
|poke|p2|Sylveon, F|
|teampreview
|inactive|Battle timer is ON: inactive players will automatically lose when time's up. (requested by The_Matouflamme)
|
|t:|1743881547
|start
|switch|p1a: Ninetales|Ninetales-Alola, F, shiny|100/100
|switch|p2a: Samourai|Samurott-Hisui, M|100/100
|-weather|Snowscape|[from] ability: Snow Warning|[of] p1a: Ninetales
|turn|1
|
|t:|1743881552
|move|p1a: Ninetales|Aurora Veil|p1a: Ninetales
|-sidestart|p1: The_Matouflamme|move: Aurora Veil
|move|p2a: Samourai|Encore|p1a: Ninetales
|-start|p1a: Ninetales|Encore
|
|-weather|Snowscape|[upkeep]
|upkeep
|turn|2
|
|t:|1743881558
|switch|p1a: Corviknight|Corviknight, M, shiny|100/100
|-ability|p1a: Corviknight|Pressure
|move|p2a: Samourai|Ceaseless Edge|p1a: Corviknight
|-damage|p1a: Corviknight|86/100
|-damage|p2a: Samourai|84/100|[from] item: Rocky Helmet|[of] p1a: Corviknight
|-sidestart|p1: The_Matouflamme|Spikes
|
|-weather|Snowscape|[upkeep]
|upkeep
|turn|3
|
|t:|1743881571
|move|p2a: Samourai|Ceaseless Edge|p1a: Corviknight
|-damage|p1a: Corviknight|74/100
|-damage|p2a: Samourai|67/100|[from] item: Rocky Helmet|[of] p1a: Corviknight
|-sidestart|p1: The_Matouflamme|Spikes
|move|p1a: Corviknight|Defog|p2a: Samourai
|-unboost|p2a: Samourai|evasion|1
|-sideend|p1: The_Matouflamme|Spikes|[from] move: Defog|[of] p1a: Corviknight
|
|-weather|Snowscape|[upkeep]
|upkeep
|turn|4
|
|t:|1743881577
|move|p2a: Samourai|Aqua Cutter|p1a: Corviknight
|-damage|p1a: Corviknight|60/100
|move|p1a: Corviknight|U-turn|p2a: Samourai
|-supereffective|p2a: Samourai
|-damage|p2a: Samourai|28/100
|
|t:|1743881583
|switch|p1a: Incineroar|Incineroar, M|100/100|[from] U-turn
|-ability|p1a: Incineroar|Intimidate|boost
|-unboost|p2a: Samourai|atk|1
|
|-weather|Snowscape|[upkeep]
|upkeep
|turn|5
|
|t:|1743881590
|move|p2a: Samourai|Ceaseless Edge|p1a: Incineroar
|-resisted|p1a: Incineroar
|-damage|p1a: Incineroar|93/100
|-sidestart|p1: The_Matouflamme|Spikes
|move|p1a: Incineroar|Flame Charge|p2a: Samourai
|-resisted|p2a: Samourai
|-damage|p2a: Samourai|13/100
|-boost|p1a: Incineroar|spe|1
|
|-weather|none
|upkeep
|turn|6
|
|t:|1743881596
|move|p1a: Incineroar|Flame Charge|p2a: Samourai
|-resisted|p2a: Samourai
|-damage|p2a: Samourai|0 fnt
|-boost|p1a: Incineroar|spe|1
|faint|p2a: Samourai
|
|upkeep
|
|t:|1743881602
|switch|p2a: Sirena|Primarina, M, shiny|100/100
|turn|7
|
|t:|1743881610
|move|p1a: Incineroar|Bulk Up|p1a: Incineroar
|-boost|p1a: Incineroar|atk|1
|-boost|p1a: Incineroar|def|1
|move|p2a: Sirena|Surf|p1a: Incineroar
|-supereffective|p1a: Incineroar
|-damage|p1a: Incineroar|22/100
|-enditem|p1a: Incineroar|Weakness Policy
|-boost|p1a: Incineroar|atk|2|[from] item: Weakness Policy
|-boost|p1a: Incineroar|spa|2|[from] item: Weakness Policy
|
|upkeep
|turn|8
|
|t:|1743881620
|move|p1a: Incineroar|Power Trip|p2a: Sirena
|-resisted|p2a: Sirena
|-damage|p2a: Sirena|0 fnt
|faint|p2a: Sirena
|
|-sideend|p1: The_Matouflamme|move: Aurora Veil
|upkeep
|
|t:|1743881624
|switch|p2a: Mite Eau|Iron Moth|100/100
|turn|9
|
|t:|1743881628
|-terastallize|p2a: Mite Eau|Flying
|move|p2a: Mite Eau|Sludge Wave|p1a: Incineroar
|-damage|p1a: Incineroar|0 fnt
|faint|p1a: Incineroar
|
|upkeep
|c|☆The_Matouflamme|le scaaaarfeuuuuuuh
|
|t:|1743881649
|switch|p1a: Corviknight|Corviknight, M, shiny|60/100
|-ability|p1a: Corviknight|Pressure
|turn|10
|
|t:|1743881654
|-end|p2a: Mite Eau|Quark Drive|[silent]
|switch|p2a: Ray Oméga|Raikou, shiny|100/100
|-ability|p2a: Ray Oméga|Pressure
|move|p1a: Corviknight|Roost|p1a: Corviknight
|-heal|p1a: Corviknight|100/100
|-singleturn|p1a: Corviknight|move: Roost
|
|upkeep
|turn|11
|
|t:|1743881665
|switch|p1a: Kyurem|Kyurem, shiny|100/100
|-damage|p1a: Kyurem|88/100|[from] Spikes
|-ability|p1a: Kyurem|Pressure
|move|p2a: Ray Oméga|Substitute|p2a: Ray Oméga
|-start|p2a: Ray Oméga|Substitute
|-damage|p2a: Ray Oméga|76/100
|
|-heal|p2a: Ray Oméga|82/100|[from] item: Leftovers
|upkeep
|turn|12
|
|t:|1743881672
|move|p2a: Ray Oméga|Calm Mind|p2a: Ray Oméga
|-boost|p2a: Ray Oméga|spa|1
|-boost|p2a: Ray Oméga|spd|1
|move|p1a: Kyurem|Earth Power|p2a: Ray Oméga
|-supereffective|p2a: Ray Oméga
|-end|p2a: Ray Oméga|Substitute
|
|-heal|p2a: Ray Oméga|88/100|[from] item: Leftovers
|upkeep
|turn|13
|
|t:|1743881679
|-terastallize|p1a: Kyurem|Ground
|move|p2a: Ray Oméga|Substitute|p2a: Ray Oméga
|-start|p2a: Ray Oméga|Substitute
|-damage|p2a: Ray Oméga|63/100
|move|p1a: Kyurem|Earth Power|p2a: Ray Oméga
|-supereffective|p2a: Ray Oméga
|-end|p2a: Ray Oméga|Substitute
|
|-heal|p2a: Ray Oméga|69/100|[from] item: Leftovers
|upkeep
|turn|14
|
|t:|1743881686
|move|p2a: Ray Oméga|Calm Mind|p2a: Ray Oméga
|-boost|p2a: Ray Oméga|spa|1
|-boost|p2a: Ray Oméga|spd|1
|move|p1a: Kyurem|Earth Power|p2a: Ray Oméga
|-supereffective|p2a: Ray Oméga
|-damage|p2a: Ray Oméga|0 fnt
|faint|p2a: Ray Oméga
|
|upkeep
|
|t:|1743881694
|switch|p2a: Navi|Sylveon, F|100/100
|turn|15
|
|t:|1743881699
|switch|p1a: Ninetales|Ninetales-Alola, F, shiny|100/100
|-damage|p1a: Ninetales|88/100|[from] Spikes
|-weather|Snowscape|[from] ability: Snow Warning|[of] p1a: Ninetales
|move|p2a: Navi|Protect||[still]
|-fail|p2a: Navi
|
|-weather|Snowscape|[upkeep]
|upkeep
|turn|16
|
|t:|1743881707
|move|p1a: Ninetales|Encore|p2a: Navi
|-start|p2a: Navi|Encore
|move|p2a: Navi|Protect||[still]
|-fail|p2a: Navi
|
|-weather|Snowscape|[upkeep]
|upkeep
|turn|17
|
|t:|1743881711
|switch|p2a: Darknut|Scizor, M|100/100
|move|p1a: Ninetales|Aurora Veil|p1a: Ninetales
|-sidestart|p1: The_Matouflamme|move: Aurora Veil
|
|-weather|Snowscape|[upkeep]
|upkeep
|turn|18
|
|t:|1743881725
|switch|p1a: Corviknight|Corviknight, M, shiny|100/100
|-ability|p1a: Corviknight|Pressure
|move|p2a: Darknut|U-turn|p1a: Corviknight
|-resisted|p1a: Corviknight
|-damage|p1a: Corviknight|96/100
|-damage|p2a: Darknut|84/100|[from] item: Rocky Helmet|[of] p1a: Corviknight
|
|t:|1743881731
|switch|p2a: Mite Eau|Iron Moth, tera:Flying|100/100|[from] U-turn
|
|-weather|Snowscape|[upkeep]
|upkeep
|turn|19
|
|t:|1743881751
|move|p2a: Mite Eau|Fiery Dance|p1a: Corviknight
|-supereffective|p1a: Corviknight
|-damage|p1a: Corviknight|57/100
|-boost|p2a: Mite Eau|spa|1
|move|p1a: Corviknight|U-turn|p2a: Mite Eau
|-resisted|p2a: Mite Eau
|-damage|p2a: Mite Eau|89/100
|
|t:|1743881758
|switch|p1a: Primarina|Primarina, F, shiny|100/100|[from] U-turn
|-damage|p1a: Primarina|88/100|[from] Spikes
|
|-weather|none
|-heal|p1a: Primarina|94/100|[from] item: Leftovers
|upkeep
|turn|20
|
|t:|1743881761
|move|p2a: Mite Eau|Fiery Dance|p1a: Primarina
|-resisted|p1a: Primarina
|-damage|p1a: Primarina|79/100
|-boost|p2a: Mite Eau|spa|1
|move|p1a: Primarina|Substitute|p1a: Primarina
|-start|p1a: Primarina|Substitute
|-damage|p1a: Primarina|54/100
|
|-heal|p1a: Primarina|60/100|[from] item: Leftovers
|upkeep
|turn|21
|
|t:|1743881765
|move|p2a: Mite Eau|Fiery Dance|p1a: Primarina
|-resisted|p1a: Primarina
|-activate|p1a: Primarina|move: Substitute|[damage]
|move|p1a: Primarina|Calm Mind|p1a: Primarina
|-boost|p1a: Primarina|spa|1
|-boost|p1a: Primarina|spd|1
|
|-heal|p1a: Primarina|66/100|[from] item: Leftovers
|upkeep
|turn|22
|
|t:|1743881768
|move|p2a: Mite Eau|Fiery Dance|p1a: Primarina
|-resisted|p1a: Primarina
|-end|p1a: Primarina|Substitute
|-boost|p2a: Mite Eau|spa|1
|move|p1a: Primarina|Calm Mind|p1a: Primarina
|-boost|p1a: Primarina|spa|1
|-boost|p1a: Primarina|spd|1
|
|-heal|p1a: Primarina|72/100|[from] item: Leftovers
|upkeep
|turn|23
|
|t:|1743881772
|move|p2a: Mite Eau|Fiery Dance|p1a: Primarina
|-resisted|p1a: Primarina
|-damage|p1a: Primarina|59/100
|-boost|p2a: Mite Eau|spa|1
|move|p1a: Primarina|Substitute|p1a: Primarina
|-start|p1a: Primarina|Substitute
|-damage|p1a: Primarina|34/100
|
|-heal|p1a: Primarina|40/100|[from] item: Leftovers
|upkeep
|turn|24
|
|t:|1743881777
|-end|p2a: Mite Eau|Quark Drive|[silent]
|switch|p2a: Darknut|Scizor, M|84/100
|move|p1a: Primarina|Calm Mind|p1a: Primarina
|-boost|p1a: Primarina|spa|1
|-boost|p1a: Primarina|spd|1
|
|-heal|p1a: Primarina|47/100|[from] item: Leftovers
|-sideend|p1: The_Matouflamme|move: Aurora Veil
|upkeep
|turn|25
|
|t:|1743881779
|move|p2a: Darknut|Bullet Punch|p1a: Primarina
|-end|p1a: Primarina|Substitute
|move|p1a: Primarina|Surf|p2a: Darknut
|-damage|p2a: Darknut|0 fnt
|faint|p2a: Darknut
|
|-heal|p1a: Primarina|53/100|[from] item: Leftovers
|upkeep
|
|t:|1743881782
|switch|p2a: Mite Eau|Iron Moth, tera:Flying|89/100
|turn|26
|
|t:|1743881785
|move|p2a: Mite Eau|Sludge Wave|p1a: Primarina
|-supereffective|p1a: Primarina
|-damage|p1a: Primarina|15/100
|move|p1a: Primarina|Surf|p2a: Mite Eau
|-damage|p2a: Mite Eau|0 fnt
|faint|p2a: Mite Eau
|-end|p2a: Mite Eau|Quark Drive|[silent]
|
|-heal|p1a: Primarina|21/100|[from] item: Leftovers
|upkeep
|
|t:|1743881789
|switch|p2a: Navi|Sylveon, F|100/100
|turn|27
|
|t:|1743881791
|move|p2a: Navi|Protect|p2a: Navi
|-singleturn|p2a: Navi|Protect
|move|p1a: Primarina|Surf|p2a: Navi
|-activate|p2a: Navi|move: Protect
|
|-heal|p1a: Primarina|27/100|[from] item: Leftovers
|upkeep
|turn|28
|
|t:|1743881793
|move|p1a: Primarina|Surf|p2a: Navi
|-damage|p2a: Navi|0 fnt
|faint|p2a: Navi
|
|win|The_Matouflamme
