|j|☆Rooberto.perezz
|j|☆jcgolden
|t:|1743856407
|gametype|singles
|player|p1|Rooberto.perezz|firebreather|1220
|player|p2|jcgolden|266|1221
|teamsize|p1|6
|teamsize|p2|6
|gen|9
|tier|[Gen 9] OU
|rated|
|rule|HP Percentage Mod: HP is shown in percentages
|rule|Endless Battle Clause: Forcing endless battles is banned
|rule|Species Clause: Limit one of each Pokémon
|rule|OHKO Clause: OHKO moves are banned
|rule|Evasion Items Clause: Evasion items are banned
|rule|Evasion Moves Clause: Evasion moves are banned
|rule|Sleep Moves Clause: Sleep-inducing moves are banned
|clearpoke
|poke|p1|Lucario, M|
|poke|p1|Gliscor, F|
|poke|p1|Dragapult, M|
|poke|p1|Suicune|
|poke|p1|Delphox, M|
|poke|p1|Serperior, M|
|poke|p2|Dragonite, M|
|poke|p2|Salamence, M|
|poke|p2|Walking Wake|
|poke|p2|Dragapult, M|
|poke|p2|Mew|
|poke|p2|Iron Treads|
|teampreview
|
|t:|1743856414
|start
|switch|p1a: Serperior|Serperior, M|100/100
|switch|p2a: Mew|Mew|100/100
|turn|1
|inactive|Battle timer is ON: inactive players will automatically lose when time's up. (requested by jcgolden)
|
|t:|1743856422
|move|p1a: Serperior|Substitute|p1a: Serperior
|-start|p1a: Serperior|Substitute
|-damage|p1a: Serperior|76/100
|move|p2a: Mew|Dragon Dance|p2a: Mew
|-boost|p2a: Mew|atk|1
|-boost|p2a: Mew|spe|1
|
|-heal|p1a: Serperior|82/100|[from] item: Leftovers
|upkeep
|turn|2
|
|t:|1743856431
|move|p2a: Mew|Ice Spinner|p1a: Serperior
|-supereffective|p1a: Serperior
|-end|p1a: Serperior|Substitute
|move|p1a: Serperior|Leaf Storm|p2a: Mew
|-damage|p2a: Mew|52/100
|-boost|p1a: Serperior|spa|2
|
|-heal|p1a: Serperior|88/100|[from] item: Leftovers
|upkeep
|turn|3
|
|t:|1743856445
|switch|p1a: Suicune|Suicune|100/100
|move|p2a: Mew|Ice Spinner|p1a: Suicune
|-resisted|p1a: Suicune
|-damage|p1a: Suicune|85/100
|
|-heal|p1a: Suicune|92/100|[from] item: Leftovers
|upkeep
|turn|4
|
|t:|1743856455
|move|p2a: Mew|Psychic Fangs|p1a: Suicune
|-damage|p1a: Suicune|46/100
|move|p1a: Suicune|Scald|p2a: Mew
|-damage|p2a: Mew|23/100
|
|-heal|p1a: Suicune|52/100|[from] item: Leftovers
|upkeep
|turn|5
|
|t:|1743856464
|move|p2a: Mew|Psychic Fangs|p1a: Suicune
|-damage|p1a: Suicune|5/100
|move|p1a: Suicune|Scald|p2a: Mew
|-damage|p2a: Mew|0 fnt
|faint|p2a: Mew
|
|-heal|p1a: Suicune|11/100|[from] item: Leftovers
|upkeep
|
|t:|1743856471
|switch|p2a: Dragapult|Dragapult, M|100/100
|turn|6
|
|t:|1743856477
|move|p2a: Dragapult|Shadow Ball|p1a: Suicune
|-damage|p1a: Suicune|0 fnt
|faint|p1a: Suicune
|
|upkeep
|
|t:|1743856496
|switch|p1a: Dragapult|Dragapult, M|100/100
|turn|7
|
|t:|1743856504
|-terastallize|p1a: Dragapult|Dragon
|-terastallize|p2a: Dragapult|Ghost
|move|p1a: Dragapult|Draco Meteor|p2a: Dragapult
|-damage|p2a: Dragapult|19/100
|-unboost|p1a: Dragapult|spa|2
|move|p2a: Dragapult|Dragon Pulse|p1a: Dragapult
|-supereffective|p1a: Dragapult
|-damage|p1a: Dragapult|0 fnt
|faint|p1a: Dragapult
|
|upkeep
|
|t:|1743856519
|switch|p1a: Delphox|Delphox, M|100/100
|turn|8
|
|t:|1743856528
|switch|p1a: Gliscor|Gliscor, F|100/100
|move|p2a: Dragapult|Shadow Ball|p1a: Gliscor
|-damage|p1a: Gliscor|47/100
|
|-status|p1a: Gliscor|tox|[from] item: Toxic Orb
|upkeep
|turn|9
|
|t:|1743856538
|move|p2a: Dragapult|Shadow Ball|p1a: Gliscor
|-damage|p1a: Gliscor|0 fnt
|faint|p1a: Gliscor
|
|upkeep
|-message|Rooberto.perezz forfeited.
|
|win|jcgolden
|raw|Rooberto.perezz's rating: 1220 &rarr; <strong>1195</strong><br />(-25 for losing)
|raw|jcgolden's rating: 1221 &rarr; <strong>1246</strong><br />(+25 for winning)
|l|☆Rooberto.perezz
|player|p1|
|c|☆jcgolden|gg
|l|☆jcgolden
|player|p2|
