|j|☆Djnola who daT
|j|☆Pks gingey
|t:|1743816678
|gametype|singles
|player|p1|Djnola who daT|2|
|player|p2|Pks gingey|266|
|teamsize|p1|6
|teamsize|p2|6
|gen|9
|tier|[Gen 9] OU
|rule|HP Percentage Mod: HP is shown in percentages
|rule|Endless Battle Clause: Forcing endless battles is banned
|rule|Species Clause: Limit one of each Pokémon
|rule|OHKO Clause: OHKO moves are banned
|rule|Evasion Items Clause: Evasion items are banned
|rule|Evasion Moves Clause: Evasion moves are banned
|rule|Sleep Moves Clause: Sleep-inducing moves are banned
|clearpoke
|poke|p1|Arcanine, M|
|poke|p1|Vaporeon, M|
|poke|p1|Iron Boulder|
|poke|p1|Landorus-Therian, M|
|poke|p1|Gholdengo|
|poke|p1|Iron Valiant|
|poke|p2|Ninetales-Alola, M|
|poke|p2|Iron Valiant|
|poke|p2|Kingambit, M|
|poke|p2|Latias, F|
|poke|p2|Corviknight, M|
|poke|p2|Gliscor, F|
|teampreview
|
|t:|1743816695
|start
|switch|p1a: Gholdengo|Gholdengo|100/100
|switch|p2a: Post Op Naruto|Ninetales-Alola, M|100/100
|-weather|Snowscape|[from] ability: Snow Warning|[of] p2a: Post Op Naruto
|turn|1
|
|t:|1743816704
|move|p1a: Gholdengo|Make It Rain|p2a: Post Op Naruto
|-supereffective|p2a: Post Op Naruto
|-damage|p2a: Post Op Naruto|0 fnt
|-unboost|p1a: Gholdengo|spa|1
|faint|p2a: Post Op Naruto
|
|-weather|Snowscape|[upkeep]
|upkeep
|
|t:|1743816729
|switch|p2a: Goatias|Latias, F|100/100
|turn|2
|
|t:|1743816742
|switch|p1a: Vaporeon|Vaporeon, M|100/100
|move|p2a: Goatias|Calm Mind|p2a: Goatias
|-boost|p2a: Goatias|spa|1
|-boost|p2a: Goatias|spd|1
|
|-weather|Snowscape|[upkeep]
|upkeep
|turn|3
|
|t:|1743816751
|move|p2a: Goatias|Calm Mind|p2a: Goatias
|-boost|p2a: Goatias|spa|1
|-boost|p2a: Goatias|spd|1
|move|p1a: Vaporeon|Calm Mind|p1a: Vaporeon
|-boost|p1a: Vaporeon|spa|1
|-boost|p1a: Vaporeon|spd|1
|
|-weather|Snowscape|[upkeep]
|upkeep
|turn|4
|
|t:|1743816759
|move|p2a: Goatias|Calm Mind|p2a: Goatias
|-boost|p2a: Goatias|spa|1
|-boost|p2a: Goatias|spd|1
|move|p1a: Vaporeon|Calm Mind|p1a: Vaporeon
|-boost|p1a: Vaporeon|spa|1
|-boost|p1a: Vaporeon|spd|1
|
|-weather|Snowscape|[upkeep]
|upkeep
|turn|5
|
|t:|1743816768
|move|p2a: Goatias|Calm Mind|p2a: Goatias
|-boost|p2a: Goatias|spa|1
|-boost|p2a: Goatias|spd|1
|move|p1a: Vaporeon|Wish|p1a: Vaporeon
|
|-weather|none
|upkeep
|turn|6
|
|t:|1743816781
|move|p2a: Goatias|Calm Mind|p2a: Goatias
|-boost|p2a: Goatias|spa|1
|-boost|p2a: Goatias|spd|1
|move|p1a: Vaporeon|Calm Mind|p1a: Vaporeon
|-boost|p1a: Vaporeon|spa|1
|-boost|p1a: Vaporeon|spd|1
|
|upkeep
|turn|7
|
|t:|1743816792
|move|p2a: Goatias|Stored Power|p1a: Vaporeon
|-damage|p1a: Vaporeon|8/100
|move|p1a: Vaporeon|Calm Mind|p1a: Vaporeon
|-boost|p1a: Vaporeon|spa|1
|-boost|p1a: Vaporeon|spd|1
|
|-heal|p1a: Vaporeon|14/100|[from] item: Leftovers
|upkeep
|turn|8
|
|t:|1743816808
|move|p2a: Goatias|Agility|p2a: Goatias
|-boost|p2a: Goatias|spe|2
|move|p1a: Vaporeon|Ice Beam|p2a: Goatias
|-supereffective|p2a: Goatias
|-damage|p2a: Goatias|72/100
|
|-heal|p2a: Goatias|78/100|[from] item: Leftovers
|-heal|p1a: Vaporeon|21/100|[from] item: Leftovers
|upkeep
|turn|9
|
|t:|1743816827
|move|p2a: Goatias|Stored Power|p1a: Vaporeon
|-damage|p1a: Vaporeon|0 fnt
|faint|p1a: Vaporeon
|
|-heal|p2a: Goatias|84/100|[from] item: Leftovers
|upkeep
|
|t:|1743816841
|switch|p1a: Iron Valiant|Iron Valiant|100/100
|-enditem|p1a: Iron Valiant|Booster Energy
|-activate|p1a: Iron Valiant|ability: Quark Drive|[fromitem]
|-start|p1a: Iron Valiant|quarkdrivespe
|turn|10
|
|t:|1743816866
|-terastallize|p2a: Goatias|Poison
|move|p2a: Goatias|Agility|p2a: Goatias
|-boost|p2a: Goatias|spe|2
|move|p1a: Iron Valiant|Moonblast|p2a: Goatias
|-resisted|p2a: Goatias
|-damage|p2a: Goatias|78/100
|
|-heal|p2a: Goatias|85/100|[from] item: Leftovers
|upkeep
|turn|11
|
|t:|1743816882
|-end|p1a: Iron Valiant|Quark Drive|[silent]
|switch|p1a: Landorus|Landorus-Therian, M|100/100
|-ability|p1a: Landorus|Intimidate|boost
|-unboost|p2a: Goatias|atk|1
|move|p2a: Goatias|Stored Power|p1a: Landorus
|-damage|p1a: Landorus|0 fnt
|faint|p1a: Landorus
|
|-heal|p2a: Goatias|91/100|[from] item: Leftovers
|upkeep
|
|t:|1743816895
|switch|p1a: Arcanine|Arcanine, M|100/100
|-ability|p1a: Arcanine|Intimidate|boost
|-unboost|p2a: Goatias|atk|1
|turn|12
|
|t:|1743816901
|move|p2a: Goatias|Stored Power|p1a: Arcanine
|-damage|p1a: Arcanine|0 fnt
|faint|p1a: Arcanine
|
|-heal|p2a: Goatias|97/100|[from] item: Leftovers
|upkeep
|
|t:|1743816910
|switch|p1a: Iron Boulder|Iron Boulder|100/100
|-enditem|p1a: Iron Boulder|Booster Energy
|-activate|p1a: Iron Boulder|ability: Quark Drive|[fromitem]
|-start|p1a: Iron Boulder|quarkdrivespe
|turn|13
|
|t:|1743816920
|move|p2a: Goatias|Aura Sphere|p1a: Iron Boulder
|-damage|p1a: Iron Boulder|33/100
|move|p1a: Iron Boulder|Mighty Cleave|p2a: Goatias
|-damage|p2a: Goatias|59/100
|
|-heal|p2a: Goatias|65/100|[from] item: Leftovers
|upkeep
|turn|14
|
|t:|1743816934
|-terastallize|p1a: Iron Boulder|Rock
|move|p2a: Goatias|Aura Sphere|p1a: Iron Boulder
|-supereffective|p1a: Iron Boulder
|-damage|p1a: Iron Boulder|0 fnt
|faint|p1a: Iron Boulder
|-end|p1a: Iron Boulder|Quark Drive|[silent]
|
|-heal|p2a: Goatias|71/100|[from] item: Leftovers
|upkeep
|inactive|Battle timer is ON: inactive players will automatically lose when time's up. (requested by Pks gingey)
|
|t:|1743816971
|switch|p1a: Gholdengo|Gholdengo|100/100
|turn|15
|
|t:|1743816986
|move|p2a: Goatias|Stored Power|p1a: Gholdengo
|-resisted|p1a: Gholdengo
|-damage|p1a: Gholdengo|0 fnt
|faint|p1a: Gholdengo
|
|-heal|p2a: Goatias|77/100|[from] item: Leftovers
|upkeep
|
|t:|1743816994
|switch|p1a: Iron Valiant|Iron Valiant|100/100
|turn|16
|
|t:|1743816999
|move|p2a: Goatias|Stored Power|p1a: Iron Valiant
|-supereffective|p1a: Iron Valiant
|-damage|p1a: Iron Valiant|0 fnt
|faint|p1a: Iron Valiant
|-end|p1a: Iron Valiant|Quark Drive|[silent]
|
|win|Pks gingey
