|j|☆uli66!
|j|☆SamuraiZC
|t:|1743793547
|gametype|singles
|player|p1|uli66!|266|1190
|player|p2|SamuraiZC|brock|1136
|teamsize|p1|6
|teamsize|p2|6
|gen|9
|tier|[Gen 9] OU
|rated|
|rule|HP Percentage Mod: HP is shown in percentages
|rule|Endless Battle Clause: Forcing endless battles is banned
|rule|Species Clause: Limit one of each Pokémon
|rule|OHKO Clause: OHKO moves are banned
|rule|Evasion Items Clause: Evasion items are banned
|rule|Evasion Moves Clause: Evasion moves are banned
|rule|Sleep Moves Clause: Sleep-inducing moves are banned
|clearpoke
|poke|p1|Kingambit, M|
|poke|p1|Garchomp, M|
|poke|p1|Pecharunt|
|poke|p1|Darkrai|
|poke|p1|Kyurem|
|poke|p1|Zapdos-Galar|
|poke|p2|Gardevoir, F|
|poke|p2|Gliscor, F|
|poke|p2|Kingambit, F|
|poke|p2|Torkoal, M|
|poke|p2|Ceruledge, F|
|poke|p2|Ogerpon-Wellspring, F|
|teampreview
|
|t:|1743793579
|start
|switch|p1a: Zenith Zapper|Zapdos-Galar, shiny|100/100
|switch|p2a: Moka|Gliscor, F|100/100
|turn|1
|
|t:|1743793592
|move|p2a: Moka|Protect|p2a: Moka
|-singleturn|p2a: Moka|Protect
|move|p1a: Zenith Zapper|U-turn|p2a: Moka
|-activate|p2a: Moka|move: Protect
|
|-status|p2a: Moka|tox|[from] item: Toxic Orb
|upkeep
|turn|2
|
|t:|1743793602
|move|p1a: Zenith Zapper|U-turn|p2a: Moka
|-resisted|p2a: Moka
|-damage|p2a: Moka|94/100 tox
|
|t:|1743793621
|switch|p1a: Pestilent Phantom|Pecharunt|100/100|[from] U-turn
|-item|p1a: Pestilent Phantom|Air Balloon
|move|p2a: Moka|Knock Off|p1a: Pestilent Phantom
|-supereffective|p1a: Pestilent Phantom
|-damage|p1a: Pestilent Phantom|79/100
|-enditem|p1a: Pestilent Phantom|Air Balloon
|
|-heal|p2a: Moka|100/100 tox|[from] ability: Poison Heal
|upkeep
|turn|3
|
|t:|1743793634
|move|p2a: Moka|Earthquake|p1a: Pestilent Phantom
|-supereffective|p1a: Pestilent Phantom
|-damage|p1a: Pestilent Phantom|45/100
|move|p1a: Pestilent Phantom|Parting Shot|p2a: Moka
|-unboost|p2a: Moka|atk|1
|-unboost|p2a: Moka|spa|1
|
|t:|1743793644
|switch|p1a: Glacier Guardian|Kyurem, shiny|100/100|[from] Parting Shot
|-ability|p1a: Glacier Guardian|Pressure
|
|upkeep
|turn|4
|
|t:|1743793654
|-terastallize|p2a: Moka|Water
|move|p1a: Glacier Guardian|Dragon Dance|p1a: Glacier Guardian
|-boost|p1a: Glacier Guardian|atk|1
|-boost|p1a: Glacier Guardian|spe|1
|move|p2a: Moka|Toxic|p1a: Glacier Guardian
|-status|p1a: Glacier Guardian|tox
|
|-damage|p1a: Glacier Guardian|94/100 tox|[from] psn
|upkeep
|turn|5
|
|t:|1743793664
|move|p2a: Moka|Protect|p2a: Moka
|-singleturn|p2a: Moka|Protect
|move|p1a: Glacier Guardian|Dragon Dance|p1a: Glacier Guardian
|-boost|p1a: Glacier Guardian|atk|1
|-boost|p1a: Glacier Guardian|spe|1
|
|-damage|p1a: Glacier Guardian|82/100 tox|[from] psn
|upkeep
|turn|6
|
|t:|1743793680
|switch|p2a: Torkoal|Torkoal, M|100/100
|-weather|SunnyDay|[from] ability: Drought|[of] p2a: Torkoal
|move|p1a: Glacier Guardian|Scale Shot|p2a: Torkoal
|-damage|p2a: Torkoal|83/100
|-damage|p2a: Torkoal|66/100
|-damage|p2a: Torkoal|49/100
|-damage|p2a: Torkoal|33/100
|-damage|p2a: Torkoal|15/100
|-hitcount|p2a: Torkoal|5
|-unboost|p1a: Glacier Guardian|def|1
|-boost|p1a: Glacier Guardian|spe|1
|
|-weather|SunnyDay|[upkeep]
|-damage|p1a: Glacier Guardian|64/100 tox|[from] psn
|upkeep
|turn|7
|
|t:|1743793699
|switch|p2a: June|Gardevoir, F|100/100
|-ability|p2a: June|Pressure
|-ability|p2a: June|Pressure|[from] ability: Trace|[of] p1a: Glacier Guardian
|move|p1a: Glacier Guardian|Scale Shot|p2a: June
|-immune|p2a: June
|
|-weather|SunnyDay|[upkeep]
|-damage|p1a: Glacier Guardian|40/100 tox|[from] psn
|upkeep
|turn|8
|
|t:|1743793712
|move|p1a: Glacier Guardian|Icicle Spear|p2a: June
|-damage|p2a: June|50/100
|-damage|p2a: June|0 fnt
|faint|p2a: June
|-hitcount|p2: June|2
|
|-weather|SunnyDay|[upkeep]
|-damage|p1a: Glacier Guardian|10/100 tox|[from] psn
|upkeep
|
|t:|1743793721
|switch|p2a: Ceruledge|Ceruledge, F|100/100
|turn|9
|
|t:|1743793730
|switch|p1a: Shogun Sovereign|Kingambit, M, shiny|100/100
|move|p2a: Ceruledge|Shadow Sneak|p1a: Shogun Sovereign
|-resisted|p1a: Shogun Sovereign
|-damage|p1a: Shogun Sovereign|91/100
|
|-weather|SunnyDay|[upkeep]
|upkeep
|turn|10
|
|t:|1743793745
|-terastallize|p1a: Shogun Sovereign|Dark
|move|p2a: Ceruledge|Bulk Up|p2a: Ceruledge
|-boost|p2a: Ceruledge|atk|1
|-boost|p2a: Ceruledge|def|1
|move|p1a: Shogun Sovereign|Kowtow Cleave|p2a: Ceruledge
|-supereffective|p2a: Ceruledge
|-enditem|p2a: Ceruledge|Focus Sash
|-damage|p2a: Ceruledge|1/100
|
|-weather|SunnyDay|[upkeep]
|upkeep
|turn|11
|
|t:|1743793758
|move|p1a: Shogun Sovereign|Sucker Punch|p2a: Ceruledge
|-supereffective|p2a: Ceruledge
|-damage|p2a: Ceruledge|0 fnt
|faint|p2a: Ceruledge
|
|-weather|SunnyDay|[upkeep]
|upkeep
|
|t:|1743793767
|switch|p2a: Moka|Gliscor, F, tera:Water|100/100 tox
|turn|12
|
|t:|1743793772
|-end|p1a: Shogun Sovereign|fallenundefined|[silent]
|switch|p1a: Glacier Guardian|Kyurem, shiny|10/100 tox
|-ability|p1a: Glacier Guardian|Pressure
|move|p2a: Moka|Toxic|p1a: Glacier Guardian
|-fail|p1a: Glacier Guardian|tox
|
|-weather|SunnyDay|[upkeep]
|-damage|p1a: Glacier Guardian|4/100 tox|[from] psn
|upkeep
|turn|13
|
|t:|1743793784
|switch|p1a: Dusk Dreader|Darkrai, shiny|100/100
|move|p2a: Moka|Protect||[still]
|-fail|p2a: Moka
|
|-weather|none
|upkeep
|turn|14
|
|t:|1743793803
|move|p1a: Dusk Dreader|Nasty Plot|p1a: Dusk Dreader
|-boost|p1a: Dusk Dreader|spa|2
|move|p2a: Moka|Toxic|p1a: Dusk Dreader
|-status|p1a: Dusk Dreader|tox
|
|-damage|p1a: Dusk Dreader|94/100 tox|[from] psn
|upkeep
|turn|15
|
|t:|1743793811
|move|p2a: Moka|Protect|p2a: Moka
|-singleturn|p2a: Moka|Protect
|move|p1a: Dusk Dreader|Nasty Plot|p1a: Dusk Dreader
|-boost|p1a: Dusk Dreader|spa|2
|
|-damage|p1a: Dusk Dreader|82/100 tox|[from] psn
|upkeep
|turn|16
|
|t:|1743793825
|move|p1a: Dusk Dreader|Focus Blast|p2a: Moka|[miss]
|-miss|p1a: Dusk Dreader|p2a: Moka
|move|p2a: Moka|Knock Off|p1a: Dusk Dreader
|-resisted|p1a: Dusk Dreader
|-damage|p1a: Dusk Dreader|68/100 tox
|-enditem|p1a: Dusk Dreader|Heavy-Duty Boots|[from] move: Knock Off|[of] p2a: Moka
|
|-damage|p1a: Dusk Dreader|50/100 tox|[from] psn
|upkeep
|turn|17
|c|☆SamuraiZC|oof
|
|t:|1743793838
|move|p2a: Moka|Protect|p2a: Moka
|-singleturn|p2a: Moka|Protect
|move|p1a: Dusk Dreader|Dark Pulse|p2a: Moka
|-activate|p2a: Moka|move: Protect
|
|-damage|p1a: Dusk Dreader|26/100 tox|[from] psn
|upkeep
|turn|18
|
|t:|1743793847
|switch|p2a: Torkoal|Torkoal, M|15/100
|-weather|SunnyDay|[from] ability: Drought|[of] p2a: Torkoal
|move|p1a: Dusk Dreader|Dark Pulse|p2a: Torkoal
|-damage|p2a: Torkoal|0 fnt
|faint|p2a: Torkoal
|
|-weather|SunnyDay|[upkeep]
|-damage|p1a: Dusk Dreader|0 fnt|[from] psn
|faint|p1a: Dusk Dreader
|upkeep
|
|t:|1743793870
|switch|p1a: Gorge Grinder|Garchomp, M, shiny|100/100
|switch|p2a: Moka|Gliscor, F, tera:Water|100/100 tox
|turn|19
|
|t:|1743793879
|move|p1a: Gorge Grinder|Stealth Rock|p2a: Moka
|-sidestart|p2: SamuraiZC|move: Stealth Rock
|move|p2a: Moka|Toxic|p1a: Gorge Grinder
|-status|p1a: Gorge Grinder|tox
|
|-weather|SunnyDay|[upkeep]
|-damage|p1a: Gorge Grinder|94/100 tox|[from] psn
|upkeep
|turn|20
|
|t:|1743793892
|switch|p1a: Pestilent Phantom|Pecharunt|45/100
|move|p2a: Moka|Knock Off|p1a: Pestilent Phantom
|-supereffective|p1a: Pestilent Phantom
|-damage|p1a: Pestilent Phantom|32/100
|
|-weather|SunnyDay|[upkeep]
|upkeep
|turn|21
|
|t:|1743793901
|move|p2a: Moka|Earthquake|p1a: Pestilent Phantom
|-supereffective|p1a: Pestilent Phantom
|-damage|p1a: Pestilent Phantom|0 fnt
|faint|p1a: Pestilent Phantom
|
|-weather|SunnyDay|[upkeep]
|upkeep
|
|t:|1743793916
|switch|p1a: Gorge Grinder|Garchomp, M, shiny|94/100 tox
|turn|22
|
|t:|1743793925
|move|p1a: Gorge Grinder|Earthquake|p2a: Moka
|-damage|p2a: Moka|68/100 tox
|-damage|p1a: Gorge Grinder|85/100 tox|[from] item: Life Orb
|move|p2a: Moka|Knock Off|p1a: Gorge Grinder
|-damage|p1a: Gorge Grinder|62/100 tox
|-damage|p2a: Moka|56/100 tox|[from] ability: Rough Skin|[of] p1a: Gorge Grinder
|-enditem|p1a: Gorge Grinder|Life Orb|[from] move: Knock Off|[of] p2a: Moka
|
|-weather|SunnyDay|[upkeep]
|-damage|p1a: Gorge Grinder|56/100 tox|[from] psn
|-heal|p2a: Moka|68/100 tox|[from] ability: Poison Heal
|upkeep
|turn|23
|
|t:|1743793948
|switch|p1a: Glacier Guardian|Kyurem, shiny|4/100 tox
|-ability|p1a: Glacier Guardian|Pressure
|move|p2a: Moka|Protect||[still]
|-fail|p2a: Moka
|
|-weather|SunnyDay|[upkeep]
|-damage|p1a: Glacier Guardian|0 fnt|[from] psn
|faint|p1a: Glacier Guardian
|-heal|p2a: Moka|81/100 tox|[from] ability: Poison Heal
|upkeep
|
|t:|1743793959
|switch|p1a: Shogun Sovereign|Kingambit, M, shiny, tera:Dark|91/100
|-activate|p1a: Shogun Sovereign|ability: Supreme Overlord
|-start|p1a: Shogun Sovereign|fallen3|[silent]
|turn|24
|
|t:|1743793965
|move|p2a: Moka|Toxic|p1a: Shogun Sovereign
|-status|p1a: Shogun Sovereign|tox
|move|p1a: Shogun Sovereign|Swords Dance|p1a: Shogun Sovereign
|-boost|p1a: Shogun Sovereign|atk|2
|
|-weather|SunnyDay|[upkeep]
|-heal|p2a: Moka|93/100 tox|[from] ability: Poison Heal
|-damage|p1a: Shogun Sovereign|85/100 tox|[from] psn
|upkeep
|turn|25
|
|t:|1743793975
|move|p2a: Moka|Protect|p2a: Moka
|-singleturn|p2a: Moka|Protect
|move|p1a: Shogun Sovereign|Swords Dance|p1a: Shogun Sovereign
|-boost|p1a: Shogun Sovereign|atk|2
|
|-weather|none
|-heal|p2a: Moka|100/100 tox|[from] ability: Poison Heal
|-damage|p1a: Shogun Sovereign|73/100 tox|[from] psn
|upkeep
|turn|26
|
|t:|1743793986
|switch|p2a: Ogerpon|Ogerpon-Wellspring, F|100/100
|-damage|p2a: Ogerpon|88/100|[from] Stealth Rock
|move|p1a: Shogun Sovereign|Kowtow Cleave|p2a: Ogerpon
|-damage|p2a: Ogerpon|0 fnt
|faint|p2a: Ogerpon
|
|-damage|p1a: Shogun Sovereign|54/100 tox|[from] psn
|upkeep
|
|t:|1743793995
|switch|p2a: Kingambit|Kingambit, F|100/100
|-damage|p2a: Kingambit|94/100|[from] Stealth Rock
|-activate|p2a: Kingambit|ability: Supreme Overlord
|-start|p2a: Kingambit|fallen4|[silent]
|-item|p2a: Kingambit|Air Balloon
|turn|27
|
|t:|1743794006
|move|p2a: Kingambit|Sucker Punch|p1a: Shogun Sovereign
|-resisted|p1a: Shogun Sovereign
|-damage|p1a: Shogun Sovereign|31/100 tox
|move|p1a: Shogun Sovereign|Kowtow Cleave|p2a: Kingambit
|-resisted|p2a: Kingambit
|-damage|p2a: Kingambit|0 fnt
|-enditem|p2a: Kingambit|Air Balloon
|faint|p2a: Kingambit
|-end|p2a: Kingambit|fallen4|[silent]
|
|-damage|p1a: Shogun Sovereign|6/100 tox|[from] psn
|upkeep
|
|t:|1743794015
|switch|p2a: Moka|Gliscor, F, tera:Water|100/100 tox
|-damage|p2a: Moka|88/100 tox|[from] Stealth Rock
|turn|28
|
|t:|1743794021
|-end|p1a: Shogun Sovereign|fallen3|[silent]
|switch|p1a: Zenith Zapper|Zapdos-Galar, shiny|100/100
|move|p2a: Moka|Protect||[still]
|-fail|p2a: Moka
|
|-heal|p2a: Moka|100/100 tox|[from] ability: Poison Heal
|upkeep
|turn|29
|c|☆SamuraiZC|gg
|
|t:|1743794037
|move|p1a: Zenith Zapper|U-turn|p2a: Moka
|-damage|p2a: Moka|85/100 tox
|
|t:|1743794041
|switch|p1a: Gorge Grinder|Garchomp, M, shiny|56/100 tox|[from] U-turn
|move|p2a: Moka|Toxic|p1a: Gorge Grinder
|-fail|p1a: Gorge Grinder|tox
|
|-damage|p1a: Gorge Grinder|50/100 tox|[from] psn
|-heal|p2a: Moka|98/100 tox|[from] ability: Poison Heal
|upkeep
|turn|30
|inactive|Battle timer is ON: inactive players will automatically lose when time's up. (requested by uli66!)
|
|t:|1743794062
|move|p1a: Gorge Grinder|Earthquake|p2a: Moka
|-damage|p2a: Moka|70/100 tox
|move|p2a: Moka|Knock Off|p1a: Gorge Grinder
|-damage|p1a: Gorge Grinder|36/100 tox
|-damage|p2a: Moka|58/100 tox|[from] ability: Rough Skin|[of] p1a: Gorge Grinder
|
|-damage|p1a: Gorge Grinder|23/100 tox|[from] psn
|-heal|p2a: Moka|70/100 tox|[from] ability: Poison Heal
|upkeep
|turn|31
|
|t:|1743794073
|switch|p1a: Shogun Sovereign|Kingambit, M, shiny, tera:Dark|6/100 tox
|-activate|p1a: Shogun Sovereign|ability: Supreme Overlord
|-start|p1a: Shogun Sovereign|fallen3|[silent]
|move|p2a: Moka|Toxic|p1a: Shogun Sovereign
|-fail|p1a: Shogun Sovereign|tox
|
|-heal|p2a: Moka|83/100 tox|[from] ability: Poison Heal
|-damage|p1a: Shogun Sovereign|0 fnt|[from] psn
|faint|p1a: Shogun Sovereign
|-end|p1a: Shogun Sovereign|fallen3|[silent]
|upkeep
|
|t:|1743794085
|switch|p1a: Gorge Grinder|Garchomp, M, shiny|23/100 tox
|turn|32
|
|t:|1743794091
|move|p1a: Gorge Grinder|Draco Meteor|p2a: Moka
|-damage|p2a: Moka|22/100 tox
|-unboost|p1a: Gorge Grinder|spa|2
|move|p2a: Moka|Toxic|p1a: Gorge Grinder
|-fail|p1a: Gorge Grinder|tox
|
|-damage|p1a: Gorge Grinder|17/100 tox|[from] psn
|-heal|p2a: Moka|34/100 tox|[from] ability: Poison Heal
|upkeep
|turn|33
|
|t:|1743794110
|move|p2a: Moka|Protect|p2a: Moka
|-singleturn|p2a: Moka|Protect
|move|p1a: Gorge Grinder|Draco Meteor|p2a: Moka
|-activate|p2a: Moka|move: Protect
|
|-damage|p1a: Gorge Grinder|5/100 tox|[from] psn
|-heal|p2a: Moka|47/100 tox|[from] ability: Poison Heal
|upkeep
|turn|34
|
|t:|1743794122
|move|p2a: Moka|Protect||[still]
|-fail|p2a: Moka
|move|p1a: Gorge Grinder|Draco Meteor|p2a: Moka
|-damage|p2a: Moka|15/100 tox
|-unboost|p1a: Gorge Grinder|spa|2
|
|-damage|p1a: Gorge Grinder|0 fnt|[from] psn
|faint|p1a: Gorge Grinder
|-heal|p2a: Moka|27/100 tox|[from] ability: Poison Heal
|upkeep
|c|☆SamuraiZC|huh
|c|☆SamuraiZC|neat
|c|☆uli66!|Se fodeu kkk
|inactive|uli66! has 120 seconds left.
|c|☆SamuraiZC|Are you mad?
|
|t:|1743794152
|switch|p1a: Zenith Zapper|Zapdos-Galar, shiny|100/100
|turn|35
|
|t:|1743794156
|move|p2a: Moka|Protect|p2a: Moka
|-singleturn|p2a: Moka|Protect
|move|p1a: Zenith Zapper|Brave Bird|p2a: Moka
|-activate|p2a: Moka|move: Protect
|
|-heal|p2a: Moka|40/100 tox|[from] ability: Poison Heal
|upkeep
|turn|36
|
|t:|1743794167
|move|p1a: Zenith Zapper|Brave Bird|p2a: Moka
|-damage|p2a: Moka|0 fnt
|faint|p2a: Moka
|-damage|p1a: Zenith Zapper|86/100|[from] Recoil
|
|win|uli66!
|raw|uli66!'s rating: 1190 &rarr; <strong>1211</strong><br />(+21 for winning)
|raw|SamuraiZC's rating: 1136 &rarr; <strong>1115</strong><br />(-21 for losing)
|c|☆SamuraiZC|haah
|c|☆SamuraiZC|gg
|c|☆uli66!|Kkkk
|c|☆uli66!|kkkkk
|c|☆uli66!|kkkk
|l|☆SamuraiZC
|player|p2|
|c|☆uli66!|gggay
