|j|☆Monsieur Callisto
|j|‽fejfkeae
|t:|1743914876
|gametype|singles
|player|p1|Monsieur Callisto|gentleman-gen4|1096
|player|p2|fejfkeae|hooligans|1057
|teamsize|p1|6
|teamsize|p2|6
|gen|9
|tier|[Gen 9] OU
|rated|
|rule|HP Percentage Mod: HP is shown in percentages
|rule|Endless Battle Clause: Forcing endless battles is banned
|rule|Species Clause: Limit one of each Pokémon
|rule|OHKO Clause: OHKO moves are banned
|rule|Evasion Items Clause: Evasion items are banned
|rule|Evasion Moves Clause: Evasion moves are banned
|rule|Sleep Moves Clause: Sleep-inducing moves are banned
|clearpoke
|poke|p1|Regirock|
|poke|p1|Regice|
|poke|p1|Registeel|
|poke|p1|Yanmega, M|
|poke|p1|Espeon, F|
|poke|p1|Blastoise, M|
|poke|p2|Raging Bolt|
|poke|p2|Dragonite, F|
|poke|p2|Hatterene, F|
|poke|p2|Ting-Lu|
|poke|p2|Ogerpon-Wellspring, F|
|poke|p2|Tinkaton, F|
|teampreview
|
|t:|1743914882
|start
|switch|p1a: Regirock|Regirock|100/100
|switch|p2a: Tinkaton|Tinkaton, F|100/100
|-item|p2a: Tinkaton|Air Balloon
|turn|1
|
|t:|1743914891
|move|p2a: Tinkaton|Thunder Wave|p1a: Regirock
|-status|p1a: Regirock|par
|move|p1a: Regirock|Stealth Rock|p2a: Tinkaton
|-sidestart|p2: fejfkeae|move: Stealth Rock
|
|upkeep
|turn|2
|
|t:|1743914898
|move|p2a: Tinkaton|Stealth Rock|p1a: Regirock
|-sidestart|p1: Monsieur Callisto|move: Stealth Rock
|move|p1a: Regirock|Thunder Wave|p2a: Tinkaton
|-status|p2a: Tinkaton|par
|
|upkeep
|turn|3
|
|t:|1743914904
|move|p2a: Tinkaton|Knock Off|p1a: Regirock
|-damage|p1a: Regirock|90/100 par
|-enditem|p1a: Regirock|Custap Berry|[from] move: Knock Off|[of] p2a: Tinkaton
|move|p1a: Regirock|Heavy Slam|p2a: Tinkaton
|-crit|p2a: Tinkaton
|-damage|p2a: Tinkaton|69/100 par
|-enditem|p2a: Tinkaton|Air Balloon
|
|upkeep
|turn|4
|
|t:|1743914914
|move|p2a: Tinkaton|Gigaton Hammer|p1a: Regirock
|-supereffective|p1a: Regirock
|-damage|p1a: Regirock|42/100 par
|cant|p1a: Regirock|par
|
|upkeep
|turn|5
|
|t:|1743914920
|cant|p2a: Tinkaton|par
|move|p1a: Regirock|Heavy Slam|p2a: Tinkaton
|-damage|p2a: Tinkaton|48/100 par
|
|upkeep
|turn|6
|inactive|Battle timer is ON: inactive players will automatically lose when time's up. (requested by fejfkeae)
|
|t:|1743914927
|move|p2a: Tinkaton|Knock Off|p1a: Regirock
|-damage|p1a: Regirock|35/100 par
|cant|p1a: Regirock|par
|
|upkeep
|turn|7
|
|t:|1743914932
|move|p2a: Tinkaton|Gigaton Hammer|p1a: Regirock
|-supereffective|p1a: Regirock
|-damage|p1a: Regirock|0 fnt
|faint|p1a: Regirock
|
|upkeep
|
|t:|1743914938
|switch|p1a: Registeel|Registeel|100/100
|-damage|p1a: Registeel|94/100|[from] Stealth Rock
|turn|8
|
|t:|1743914945
|switch|p1a: Espeon|Espeon, F|100/100
|-damage|p1a: Espeon|88/100|[from] Stealth Rock
|move|p2a: Tinkaton|Thunder Wave|p1a: Espeon
|move|p1a: Espeon|Thunder Wave|p2a: Tinkaton|[from] ability: Magic Bounce
|-fail|p2a: Tinkaton|par
|
|upkeep
|turn|9
|
|t:|1743914955
|move|p1a: Espeon|Alluring Voice|p2a: Tinkaton
|-resisted|p2a: Tinkaton
|-damage|p2a: Tinkaton|35/100 par
|-enditem|p1a: Espeon|Throat Spray
|-boost|p1a: Espeon|spa|1|[from] item: Throat Spray
|cant|p2a: Tinkaton|par
|
|upkeep
|turn|10
|
|t:|1743914965
|move|p1a: Espeon|Psychic|p2a: Tinkaton
|-resisted|p2a: Tinkaton
|-damage|p2a: Tinkaton|1/100 par
|-unboost|p2a: Tinkaton|spd|1
|cant|p2a: Tinkaton|par
|
|upkeep
|turn|11
|
|t:|1743914974
|switch|p2a: Ting-Lu|Ting-Lu|100/100
|-damage|p2a: Ting-Lu|94/100|[from] Stealth Rock
|-ability|p2a: Ting-Lu|Vessel of Ruin
|move|p1a: Espeon|Alluring Voice|p2a: Ting-Lu
|-supereffective|p2a: Ting-Lu
|-damage|p2a: Ting-Lu|59/100
|
|-heal|p2a: Ting-Lu|65/100|[from] item: Leftovers
|upkeep
|turn|12
|
|t:|1743914985
|move|p1a: Espeon|Alluring Voice|p2a: Ting-Lu
|-supereffective|p2a: Ting-Lu
|-damage|p2a: Ting-Lu|27/100
|move|p2a: Ting-Lu|Earthquake|p1a: Espeon
|-damage|p1a: Espeon|16/100
|
|-heal|p2a: Ting-Lu|34/100|[from] item: Leftovers
|upkeep
|turn|13
|
|t:|1743914994
|switch|p2a: Tinkaton|Tinkaton, F|1/100 par
|-damage|p2a: Tinkaton|0 fnt|[from] Stealth Rock
|faint|p2a: Tinkaton
|move|p1a: Espeon|Alluring Voice|p2: Tinkaton|[notarget]
|-fail|p1a: Espeon
|
|upkeep
|
|t:|1743915000
|switch|p2a: Dragonite|Dragonite, F|100/100
|turn|14
|
|t:|1743915005
|move|p2a: Dragonite|Extreme Speed|p1a: Espeon
|-damage|p1a: Espeon|0 fnt
|faint|p1a: Espeon
|
|upkeep
|
|t:|1743915010
|switch|p1a: Registeel|Registeel|94/100
|-damage|p1a: Registeel|88/100|[from] Stealth Rock
|turn|15
|
|t:|1743915016
|switch|p2a: Hatterene|Hatterene, F|100/100
|-damage|p2a: Hatterene|88/100|[from] Stealth Rock
|move|p1a: Registeel|Curse|p1a: Registeel
|-unboost|p1a: Registeel|spe|1
|-boost|p1a: Registeel|atk|1
|-boost|p1a: Registeel|def|1
|
|-heal|p1a: Registeel|94/100|[from] item: Leftovers
|upkeep
|turn|16
|
|t:|1743915027
|move|p2a: Hatterene|Nuzzle|p1a: Registeel
|-damage|p1a: Registeel|93/100
|-status|p1a: Registeel|par
|cant|p1a: Registeel|par
|
|-heal|p1a: Registeel|99/100 par|[from] item: Leftovers
|upkeep
|turn|17
|
|t:|1743915038
|move|p2a: Hatterene|Mystical Fire|p1a: Registeel
|-supereffective|p1a: Registeel
|-damage|p1a: Registeel|72/100 par
|move|p1a: Registeel|Curse|p1a: Registeel
|-unboost|p1a: Registeel|spe|1
|-boost|p1a: Registeel|atk|1
|-boost|p1a: Registeel|def|1
|
|-heal|p1a: Registeel|78/100 par|[from] item: Leftovers
|upkeep
|turn|18
|
|t:|1743915048
|switch|p2a: Ogerpon|Ogerpon-Wellspring, F|100/100
|-damage|p2a: Ogerpon|88/100|[from] Stealth Rock
|move|p1a: Registeel|Curse|p1a: Registeel
|-unboost|p1a: Registeel|spe|1
|-boost|p1a: Registeel|atk|1
|-boost|p1a: Registeel|def|1
|
|-heal|p1a: Registeel|84/100 par|[from] item: Leftovers
|upkeep
|turn|19
|
|t:|1743915060
|move|p2a: Ogerpon|Encore|p1a: Registeel
|-start|p1a: Registeel|Encore
|move|p1a: Registeel|Curse|p1a: Registeel
|-unboost|p1a: Registeel|spe|1
|-boost|p1a: Registeel|atk|1
|-boost|p1a: Registeel|def|1
|
|-heal|p1a: Registeel|90/100 par|[from] item: Leftovers
|upkeep
|turn|20
|
|t:|1743915070
|move|p2a: Ogerpon|Knock Off|p1a: Registeel
|-damage|p1a: Registeel|82/100 par
|-enditem|p1a: Registeel|Leftovers|[from] move: Knock Off|[of] p2a: Ogerpon
|move|p1a: Registeel|Curse|p1a: Registeel
|-unboost|p1a: Registeel|spe|1
|-boost|p1a: Registeel|atk|1
|-boost|p1a: Registeel|def|1
|
|upkeep
|turn|21
|
|t:|1743915078
|move|p2a: Ogerpon|Ivy Cudgel|p1a: Registeel|[anim] Ivy Cudgel Water
|-damage|p1a: Registeel|72/100 par
|cant|p1a: Registeel|par
|
|-end|p1a: Registeel|Encore
|upkeep
|turn|22
|
|t:|1743915086
|move|p2a: Ogerpon|Encore|p1a: Registeel
|-start|p1a: Registeel|Encore
|move|p1a: Registeel|Curse|p1a: Registeel
|-unboost|p1a: Registeel|spe|1
|-boost|p1a: Registeel|atk|1
|-boost|p1a: Registeel|def|1
|
|upkeep
|turn|23
|
|t:|1743915094
|move|p2a: Ogerpon|Ivy Cudgel|p1a: Registeel|[anim] Ivy Cudgel Water
|-damage|p1a: Registeel|63/100 par
|move|p1a: Registeel|Curse|p1a: Registeel
|
|upkeep
|turn|24
|
|t:|1743915099
|move|p2a: Ogerpon|Ivy Cudgel|p1a: Registeel|[anim] Ivy Cudgel Water
|-damage|p1a: Registeel|54/100 par
|move|p1a: Registeel|Curse|p1a: Registeel
|
|-end|p1a: Registeel|Encore
|upkeep
|turn|25
|
|t:|1743915108
|switch|p1a: Regice|Regice|100/100
|-damage|p1a: Regice|76/100|[from] Stealth Rock
|move|p2a: Ogerpon|Encore||[still]
|-fail|p2a: Ogerpon
|
|upkeep
|turn|26
|
|t:|1743915117
|switch|p2a: Ting-Lu|Ting-Lu|34/100
|-damage|p2a: Ting-Lu|27/100|[from] Stealth Rock
|-ability|p2a: Ting-Lu|Vessel of Ruin
|move|p1a: Regice|Thunderbolt|p2a: Ting-Lu
|-immune|p2a: Ting-Lu
|
|-heal|p2a: Ting-Lu|34/100|[from] item: Leftovers
|upkeep
|turn|27
|
|t:|1743915130
|move|p1a: Regice|Ice Beam|p2a: Ting-Lu
|-supereffective|p2a: Ting-Lu
|-damage|p2a: Ting-Lu|0 fnt
|faint|p2a: Ting-Lu
|
|upkeep
|
|t:|1743915139
|switch|p2a: Hatterene|Hatterene, F|88/100
|-damage|p2a: Hatterene|75/100|[from] Stealth Rock
|turn|28
|
|t:|1743915146
|move|p1a: Regice|Flash Cannon|p2a: Hatterene
|-supereffective|p2a: Hatterene
|-damage|p2a: Hatterene|45/100
|move|p2a: Hatterene|Mystical Fire|p1a: Regice
|-supereffective|p1a: Regice
|-damage|p1a: Regice|47/100
|
|upkeep
|turn|29
|
|t:|1743915154
|move|p1a: Regice|Flash Cannon|p2a: Hatterene
|-supereffective|p2a: Hatterene
|-damage|p2a: Hatterene|11/100
|move|p2a: Hatterene|Nuzzle|p1a: Regice
|-damage|p1a: Regice|43/100
|-status|p1a: Regice|par
|
|upkeep
|turn|30
|
|t:|1743915164
|move|p2a: Hatterene|Psychic Noise|p1a: Regice
|-damage|p1a: Regice|24/100 par
|-start|p1a: Regice|move: Heal Block
|move|p1a: Regice|Ice Beam|p2a: Hatterene
|-damage|p2a: Hatterene|0 fnt
|faint|p2a: Hatterene
|
|upkeep
|
|t:|1743915172
|switch|p2a: Ogerpon|Ogerpon-Wellspring, F|88/100
|-damage|p2a: Ogerpon|76/100|[from] Stealth Rock
|turn|31
|
|t:|1743915178
|move|p2a: Ogerpon|Ivy Cudgel|p1a: Regice|[anim] Ivy Cudgel Water
|-damage|p1a: Regice|0 fnt
|faint|p1a: Regice
|
|upkeep
|
|t:|1743915183
|switch|p1a: Blastoise|Blastoise, M|100/100
|-damage|p1a: Blastoise|88/100|[from] Stealth Rock
|turn|32
|
|t:|1743915193
|-terastallize|p1a: Blastoise|Grass
|move|p2a: Ogerpon|Power Whip|p1a: Blastoise|[miss]
|-miss|p2a: Ogerpon|p1a: Blastoise
|move|p1a: Blastoise|Shell Smash|p1a: Blastoise
|-unboost|p1a: Blastoise|def|1
|-unboost|p1a: Blastoise|spd|1
|-boost|p1a: Blastoise|atk|2
|-boost|p1a: Blastoise|spa|2
|-boost|p1a: Blastoise|spe|2
|-enditem|p1a: Blastoise|White Herb
|-clearnegativeboost|p1a: Blastoise|[silent]
|
|upkeep
|turn|33
|
|t:|1743915205
|move|p1a: Blastoise|Tera Blast|p2a: Ogerpon|[anim] Tera Blast Grass
|-damage|p2a: Ogerpon|16/100
|move|p2a: Ogerpon|Encore|p1a: Blastoise
|-start|p1a: Blastoise|Encore
|
|upkeep
|turn|34
|
|t:|1743915211
|move|p1a: Blastoise|Tera Blast|p2a: Ogerpon|[anim] Tera Blast Grass
|-damage|p2a: Ogerpon|0 fnt
|faint|p2a: Ogerpon
|
|upkeep
|
|t:|1743915217
|switch|p2a: Dragonite|Dragonite, F|100/100
|turn|35
|
|t:|1743915221
|move|p1a: Blastoise|Tera Blast|p2a: Dragonite|[anim] Tera Blast Grass
|-resisted|p2a: Dragonite
|-crit|p2a: Dragonite
|-damage|p2a: Dragonite|90/100
|move|p2a: Dragonite|Dragon Dance|p2a: Dragonite
|-boost|p2a: Dragonite|atk|1
|-boost|p2a: Dragonite|spe|1
|
|upkeep
|turn|36
|
|t:|1743915232
|move|p1a: Blastoise|Tera Blast|p2a: Dragonite|[anim] Tera Blast Grass
|-resisted|p2a: Dragonite
|-damage|p2a: Dragonite|78/100
|move|p2a: Dragonite|Ice Spinner|p1a: Blastoise
|-supereffective|p1a: Blastoise
|-damage|p1a: Blastoise|24/100
|
|-end|p1a: Blastoise|Encore
|upkeep
|turn|37
|
|t:|1743915250
|move|p2a: Dragonite|Extreme Speed|p1a: Blastoise
|-damage|p1a: Blastoise|0 fnt
|faint|p1a: Blastoise
|
|upkeep
|
|t:|1743915254
|switch|p1a: Registeel|Registeel|54/100 par
|-damage|p1a: Registeel|48/100 par|[from] Stealth Rock
|turn|38
|
|t:|1743915260
|move|p2a: Dragonite|Earthquake|p1a: Registeel
|-supereffective|p1a: Registeel
|-damage|p1a: Registeel|0 fnt
|faint|p1a: Registeel
|
|upkeep
|
|t:|1743915263
|switch|p1a: Yanmega|Yanmega, M|100/100
|-damage|p1a: Yanmega|51/100|[from] Stealth Rock
|turn|39
|-message|Monsieur Callisto forfeited.
|
|win|fejfkeae
|raw|Monsieur Callisto's rating: 1096 &rarr; <strong>1069</strong><br />(-27 for losing)
|raw|fejfkeae's rating: 1057 &rarr; <strong>1092</strong><br />(+35 for winning)
|l|☆Monsieur Callisto
|player|p1|
|l|‽fejfkeae
|player|p2|
