|j|☆SPYDERRO
|j|☆An!elt0n D
|t:|1743780111
|gametype|singles
|player|p1|SPYDERRO|firebreather|1203
|player|p2|An!elt0n D|rocketgrunt|1230
|teamsize|p1|6
|teamsize|p2|6
|gen|9
|tier|[Gen 9] OU
|rated|
|rule|HP Percentage Mod: HP is shown in percentages
|rule|Endless Battle Clause: Forcing endless battles is banned
|rule|Species Clause: Limit one of each Pokémon
|rule|OHKO Clause: OHKO moves are banned
|rule|Evasion Items Clause: Evasion items are banned
|rule|Evasion Moves Clause: Evasion moves are banned
|rule|Sleep Moves Clause: Sleep-inducing moves are banned
|clearpoke
|poke|p1|Terrakion|
|poke|p1|Serperior, M|
|poke|p1|Conkeldurr, M|
|poke|p1|Krookodile, F|
|poke|p1|Rotom-Wash|
|poke|p1|Gengar, F|
|poke|p2|Iron Treads|
|poke|p2|Cloyster, M|
|poke|p2|Garchomp, M|
|poke|p2|Glimmora, F|
|poke|p2|Ceruledge, M|
|poke|p2|Hoopa-Unbound|
|teampreview
|inactive|Battle timer is ON: inactive players will automatically lose when time's up. (requested by An!elt0n D)
|
|t:|1743780120
|start
|switch|p1a: Rotom|Rotom-Wash|100/100
|switch|p2a: Toxic friend|Glimmora, F, shiny|100/100
|turn|1
|
|t:|1743780126
|move|p1a: Rotom|Volt Switch|p2a: Toxic friend
|-damage|p2a: Toxic friend|59/100
|
|t:|1743780131
|switch|p1a: Terrakion|Terrakion|100/100|[from] Volt Switch
|move|p2a: Toxic friend|Stealth Rock|p1a: Terrakion
|-sidestart|p1: SPYDERRO|move: Stealth Rock
|
|upkeep
|turn|2
|
|t:|1743780138
|move|p1a: Terrakion|Taunt|p2a: Toxic friend
|-start|p2a: Toxic friend|move: Taunt
|move|p2a: Toxic friend|Mortal Spin|p1a: Terrakion
|-resisted|p1a: Terrakion
|-damage|p1a: Terrakion|97/100
|-status|p1a: Terrakion|psn
|
|-damage|p1a: Terrakion|85/100 psn|[from] psn
|upkeep
|turn|3
|
|t:|1743780145
|move|p1a: Terrakion|Stealth Rock|p2a: Toxic friend
|-sidestart|p2: An!elt0n D|move: Stealth Rock
|move|p2a: Toxic friend|Earth Power|p1a: Terrakion
|-supereffective|p1a: Terrakion
|-damage|p1a: Terrakion|11/100 psn
|
|-damage|p1a: Terrakion|0 fnt|[from] psn
|faint|p1a: Terrakion
|upkeep
|
|t:|1743780155
|switch|p1a: Rotom|Rotom-Wash|100/100
|-damage|p1a: Rotom|88/100|[from] Stealth Rock
|turn|4
|
|t:|1743780158
|move|p1a: Rotom|Hydro Pump|p2a: Toxic friend
|-supereffective|p2a: Toxic friend
|-damage|p2a: Toxic friend|0 fnt
|faint|p2a: Toxic friend
|
|upkeep
|
|t:|1743780165
|switch|p2a: The Garchomp|Garchomp, M, shiny|100/100
|-damage|p2a: The Garchomp|94/100|[from] Stealth Rock
|turn|5
|
|t:|1743780169
|switch|p1a: Serperior|Serperior, M|100/100
|-damage|p1a: Serperior|88/100|[from] Stealth Rock
|move|p2a: The Garchomp|Swords Dance|p2a: The Garchomp
|-boost|p2a: The Garchomp|atk|2
|
|-heal|p1a: Serperior|94/100|[from] item: Leftovers
|upkeep
|turn|6
|
|t:|1743780179
|move|p1a: Serperior|Glare|p2a: The Garchomp
|-status|p2a: The Garchomp|par
|move|p2a: The Garchomp|Scale Shot|p1a: Serperior
|-damage|p1a: Serperior|63/100
|-damage|p1a: Serperior|34/100
|-damage|p1a: Serperior|2/100
|-damage|p1a: Serperior|0 fnt
|faint|p1a: Serperior
|-hitcount|p1: Serperior|4
|-unboost|p2a: The Garchomp|def|1
|-boost|p2a: The Garchomp|spe|1
|
|upkeep
|
|t:|1743780189
|switch|p1a: Gengar|Gengar, F|100/100
|-damage|p1a: Gengar|88/100|[from] Stealth Rock
|turn|7
|
|t:|1743780193
|-terastallize|p1a: Gengar|Ice
|move|p1a: Gengar|Tera Blast|p2a: The Garchomp|[anim] Tera Blast Ice
|-supereffective|p2a: The Garchomp
|-damage|p2a: The Garchomp|0 fnt
|faint|p2a: The Garchomp
|
|upkeep
|
|t:|1743780201
|switch|p2a: Ugly thing|Iron Treads, shiny|100/100
|-damage|p2a: Ugly thing|97/100|[from] Stealth Rock
|-enditem|p2a: Ugly thing|Booster Energy
|-activate|p2a: Ugly thing|ability: Quark Drive|[fromitem]
|-start|p2a: Ugly thing|quarkdrivespe
|turn|8
|
|t:|1743780210
|switch|p1a: Rotom|Rotom-Wash|88/100
|-damage|p1a: Rotom|76/100|[from] Stealth Rock
|move|p2a: Ugly thing|Rapid Spin|p1a: Rotom
|-damage|p1a: Rotom|55/100
|-boost|p2a: Ugly thing|spe|1
|-sideend|p2: An!elt0n D|Stealth Rock|[from] move: Rapid Spin|[of] p2a: Ugly thing
|
|upkeep
|turn|9
|
|t:|1743780224
|move|p2a: Ugly thing|Knock Off|p1a: Rotom
|-damage|p1a: Rotom|15/100
|-enditem|p1a: Rotom|Choice Scarf|[from] move: Knock Off|[of] p2a: Ugly thing
|move|p1a: Rotom|Volt Switch|p2a: Ugly thing
|-immune|p2a: Ugly thing
|
|upkeep
|turn|10
|
|t:|1743780233
|move|p2a: Ugly thing|Knock Off|p1a: Rotom
|-damage|p1a: Rotom|0 fnt
|faint|p1a: Rotom
|
|upkeep
|
|t:|1743780238
|switch|p1a: Krookodile|Krookodile, F|100/100
|-damage|p1a: Krookodile|94/100|[from] Stealth Rock
|turn|11
|
|t:|1743780243
|move|p2a: Ugly thing|Ice Spinner|p1a: Krookodile
|-supereffective|p1a: Krookodile
|-damage|p1a: Krookodile|36/100
|move|p1a: Krookodile|Earthquake|p2a: Ugly thing
|-supereffective|p2a: Ugly thing
|-damage|p2a: Ugly thing|2/100
|
|upkeep
|turn|12
|
|t:|1743780250
|switch|p1a: Conkeldurr|Conkeldurr, M|100/100
|-damage|p1a: Conkeldurr|95/100|[from] Stealth Rock
|move|p2a: Ugly thing|Ice Spinner|p1a: Conkeldurr
|-damage|p1a: Conkeldurr|69/100
|
|-status|p1a: Conkeldurr|brn|[from] item: Flame Orb
|upkeep
|turn|13
|
|t:|1743780257
|move|p1a: Conkeldurr|Mach Punch|p2a: Ugly thing
|-supereffective|p2a: Ugly thing
|-damage|p2a: Ugly thing|0 fnt
|faint|p2a: Ugly thing
|-end|p2a: Ugly thing|Quark Drive|[silent]
|
|-damage|p1a: Conkeldurr|63/100 brn|[from] brn
|upkeep
|
|t:|1743780259
|switch|p2a: Gentleman|Ceruledge, M, shiny|100/100
|turn|14
|
|t:|1743780267
|move|p2a: Gentleman|Swords Dance|p2a: Gentleman
|-boost|p2a: Gentleman|atk|2
|move|p1a: Conkeldurr|Knock Off|p2a: Gentleman
|-supereffective|p2a: Gentleman
|-enditem|p2a: Gentleman|Focus Sash
|-damage|p2a: Gentleman|1/100
|-ability|p2a: Gentleman|Weak Armor|boost
|-unboost|p2a: Gentleman|def|1
|-boost|p2a: Gentleman|spe|2
|
|-damage|p1a: Conkeldurr|57/100 brn|[from] brn
|upkeep
|turn|15
|
|t:|1743780294
|move|p2a: Gentleman|Bitter Blade|p1a: Conkeldurr
|-damage|p1a: Conkeldurr|0 fnt
|-heal|p2a: Gentleman|35/100|[from] drain|[of] p1a: Conkeldurr
|faint|p1a: Conkeldurr
|
|upkeep
|
|t:|1743780299
|switch|p1a: Krookodile|Krookodile, F|36/100
|-damage|p1a: Krookodile|30/100|[from] Stealth Rock
|turn|16
|
|t:|1743780302
|move|p2a: Gentleman|Flame Charge|p1a: Krookodile
|-damage|p1a: Krookodile|0 fnt
|-boost|p2a: Gentleman|spe|1
|faint|p1a: Krookodile
|
|upkeep
|
|t:|1743780306
|switch|p1a: Gengar|Gengar, F, tera:Ice|88/100
|-damage|p1a: Gengar|63/100|[from] Stealth Rock
|turn|17
|
|t:|1743780310
|move|p2a: Gentleman|Bitter Blade|p1a: Gengar
|-supereffective|p1a: Gengar
|-damage|p1a: Gengar|0 fnt
|-heal|p2a: Gentleman|63/100|[from] drain|[of] p1a: Gengar
|-start|p2a: Gentleman|Disable|Bitter Blade|[from] ability: Cursed Body|[of] p1a: Gengar
|faint|p1a: Gengar
|
|win|An!elt0n D
|raw|SPYDERRO's rating: 1203 &rarr; <strong>1180</strong><br />(-23 for losing)
|raw|An!elt0n D's rating: 1230 &rarr; <strong>1253</strong><br />(+23 for winning)
|l|☆SPYDERRO
|player|p1|
|c|☆An!elt0n D|Gg
|l|☆An!elt0n D
|player|p2|
