|j|☆Jadonia
|j|☆EEd001
|t:|1743787869
|gametype|singles
|player|p1|Jadonia|169|1310
|player|p2|EEd001|266|1357
|teamsize|p1|6
|teamsize|p2|6
|gen|9
|tier|[Gen 9] OU
|rated|
|rule|HP Percentage Mod: HP is shown in percentages
|rule|Endless Battle Clause: Forcing endless battles is banned
|rule|Species Clause: Limit one of each Pokémon
|rule|OHKO Clause: OHKO moves are banned
|rule|Evasion Items Clause: Evasion items are banned
|rule|Evasion Moves Clause: Evasion moves are banned
|rule|Sleep Moves Clause: Sleep-inducing moves are banned
|clearpoke
|poke|p1|Glimmora, F|
|poke|p1|Garganacl, F|
|poke|p1|Iron Moth|
|poke|p1|Dondozo, M|
|poke|p1|Raging Bolt|
|poke|p1|Kommo-o, M|
|poke|p2|Moltres|
|poke|p2|Raging Bolt|
|poke|p2|Lapras, F|
|poke|p2|Golem, M|
|poke|p2|Tsareena, F|
|poke|p2|Jirachi|
|teampreview
|
|t:|1743787884
|start
|switch|p1a: Iron Moth|Iron Moth|100/100
|switch|p2a: Lapras|Lapras, F|100/100
|-enditem|p1a: Iron Moth|Booster Energy
|-activate|p1a: Iron Moth|ability: Quark Drive|[fromitem]
|-start|p1a: Iron Moth|quarkdrivespa
|turn|1
|inactive|Battle timer is ON: inactive players will automatically lose when time's up. (requested by EEd001)
|
|t:|1743787912
|move|p1a: Iron Moth|Sludge Wave|p2a: Lapras
|-damage|p2a: Lapras|50/100
|move|p2a: Lapras|Surf|p1a: Iron Moth
|-supereffective|p1a: Iron Moth
|-damage|p1a: Iron Moth|23/100
|
|-heal|p2a: Lapras|56/100|[from] item: Leftovers
|upkeep
|turn|2
|
|t:|1743787929
|move|p2a: Lapras|Protect|p2a: Lapras
|-singleturn|p2a: Lapras|Protect
|move|p1a: Iron Moth|Sludge Wave|p2a: Lapras
|-activate|p2a: Lapras|move: Protect
|
|-heal|p2a: Lapras|63/100|[from] item: Leftovers
|upkeep
|turn|3
|
|t:|1743787939
|move|p1a: Iron Moth|Sludge Wave|p2a: Lapras
|-damage|p2a: Lapras|11/100
|move|p2a: Lapras|Surf|p1a: Iron Moth
|-supereffective|p1a: Iron Moth
|-damage|p1a: Iron Moth|0 fnt
|faint|p1a: Iron Moth
|-end|p1a: Iron Moth|Quark Drive|[silent]
|
|-heal|p2a: Lapras|17/100|[from] item: Leftovers
|upkeep
|
|t:|1743787942
|switch|p1a: Raging Bolt|Raging Bolt|100/100
|turn|4
|
|t:|1743787951
|move|p1a: Raging Bolt|Calm Mind|p1a: Raging Bolt
|-boost|p1a: Raging Bolt|spa|1
|-boost|p1a: Raging Bolt|spd|1
|move|p2a: Lapras|Perish Song|p2a: Lapras
|-start|p1a: Raging Bolt|perish3|[silent]
|-start|p2a: Lapras|perish3|[silent]
|-fieldactivate|move: Perish Song
|
|-heal|p2a: Lapras|23/100|[from] item: Leftovers
|-start|p1a: Raging Bolt|perish3
|-start|p2a: Lapras|perish3
|upkeep
|turn|5
|
|t:|1743787973
|switch|p2a: Golem|Golem, M|100/100
|move|p1a: Raging Bolt|Thunderbolt|p2a: Golem
|-immune|p2a: Golem
|
|-start|p1a: Raging Bolt|perish2
|upkeep
|turn|6
|
|t:|1743787981
|move|p2a: Golem|Earthquake|p1a: Raging Bolt
|-supereffective|p1a: Raging Bolt
|-damage|p1a: Raging Bolt|11/100
|move|p1a: Raging Bolt|Draco Meteor|p2a: Golem
|-ability|p2a: Golem|Sturdy
|-damage|p2a: Golem|1/100
|-unboost|p1a: Raging Bolt|spa|2
|
|-heal|p1a: Raging Bolt|17/100|[from] item: Leftovers
|-start|p1a: Raging Bolt|perish1
|upkeep
|turn|7
|
|t:|1743788002
|switch|p2a: Jirachi|Jirachi|100/100
|-end|p1a: Raging Bolt|Protosynthesis|[silent]
|switch|p1a: Glimmora|Glimmora, F|100/100
|-item|p1a: Glimmora|Air Balloon
|
|upkeep
|turn|8
|
|t:|1743788009
|move|p2a: Jirachi|Iron Head|p1a: Glimmora
|-supereffective|p1a: Glimmora
|-damage|p1a: Glimmora|16/100
|-activate|p1a: Glimmora|ability: Toxic Debris
|-sidestart|p2: EEd001|move: Toxic Spikes
|-enditem|p1a: Glimmora|Air Balloon
|cant|p1a: Glimmora|flinch
|
|upkeep
|turn|9
|
|t:|1743788021
|switch|p2a: Tsareena|Tsareena, F|100/100
|switch|p1a: Dondozo|Dondozo, M|100/100
|
|upkeep
|turn|10
|
|t:|1743788029
|switch|p1a: Raging Bolt|Raging Bolt|17/100
|move|p2a: Tsareena|Rapid Spin|p1a: Raging Bolt
|-damage|p1a: Raging Bolt|3/100
|-boost|p2a: Tsareena|spe|1
|-sideend|p2: EEd001|Toxic Spikes|[from] move: Rapid Spin|[of] p2a: Tsareena
|
|-heal|p1a: Raging Bolt|9/100|[from] item: Leftovers
|upkeep
|turn|11
|
|t:|1743788038
|move|p2a: Tsareena|Knock Off|p1a: Raging Bolt
|-damage|p1a: Raging Bolt|0 fnt
|-enditem|p1a: Raging Bolt|Leftovers|[from] move: Knock Off|[of] p2a: Tsareena
|faint|p1a: Raging Bolt
|-end|p1a: Raging Bolt|Protosynthesis|[silent]
|
|upkeep
|
|t:|1743788059
|switch|p1a: Kommo-o|Kommo-o, M|100/100
|turn|12
|
|t:|1743788064
|move|p1a: Kommo-o|Clangorous Soul|p1a: Kommo-o
|-boost|p1a: Kommo-o|atk|1
|-boost|p1a: Kommo-o|def|1
|-boost|p1a: Kommo-o|spa|1
|-boost|p1a: Kommo-o|spd|1
|-boost|p1a: Kommo-o|spe|1
|-damage|p1a: Kommo-o|68/100
|move|p2a: Tsareena|Knock Off|p1a: Kommo-o
|-resisted|p1a: Kommo-o
|-damage|p1a: Kommo-o|55/100
|-enditem|p1a: Kommo-o|Life Orb|[from] move: Knock Off|[of] p2a: Tsareena
|
|upkeep
|turn|13
|
|t:|1743788076
|move|p1a: Kommo-o|Boomburst|p2a: Tsareena
|-damage|p2a: Tsareena|20/100
|move|p2a: Tsareena|U-turn|p1a: Kommo-o
|-resisted|p1a: Kommo-o
|-damage|p1a: Kommo-o|47/100
|
|t:|1743788084
|switch|p2a: Golem|Golem, M|1/100|[from] U-turn
|
|upkeep
|turn|14
|-enditem|p2a: Golem|Custap Berry|[eat]
|-activate|p2a: Golem|item: Custap Berry|[consumed]
|
|t:|1743788090
|move|p2a: Golem|Earthquake|p1a: Kommo-o
|-damage|p1a: Kommo-o|14/100
|move|p1a: Kommo-o|Boomburst|p2a: Golem
|-resisted|p2a: Golem
|-damage|p2a: Golem|0 fnt
|faint|p2a: Golem
|
|upkeep
|
|t:|1743788100
|switch|p2a: Jirachi|Jirachi|100/100
|turn|15
|
|t:|1743788120
|move|p2a: Jirachi|Iron Head|p1a: Kommo-o
|-damage|p1a: Kommo-o|0 fnt
|faint|p1a: Kommo-o
|
|upkeep
|
|t:|1743788124
|switch|p1a: Dondozo|Dondozo, M|100/100
|turn|16
|
|t:|1743788128
|switch|p2a: Lapras|Lapras, F|23/100
|move|p1a: Dondozo|Curse|p1a: Dondozo
|-unboost|p1a: Dondozo|spe|1
|-boost|p1a: Dondozo|atk|1
|-boost|p1a: Dondozo|def|1
|
|-heal|p2a: Lapras|29/100|[from] item: Leftovers
|upkeep
|turn|17
|
|t:|1743788138
|move|p2a: Lapras|Perish Song|p2a: Lapras
|-start|p1a: Dondozo|perish3|[silent]
|-start|p2a: Lapras|perish3|[silent]
|-fieldactivate|move: Perish Song
|move|p1a: Dondozo|Body Press|p2a: Lapras
|-supereffective|p2a: Lapras
|-damage|p2a: Lapras|0 fnt
|faint|p2a: Lapras
|
|-start|p1a: Dondozo|perish3
|upkeep
|
|t:|1743788146
|switch|p2a: Raging Bolt|Raging Bolt|100/100
|-enditem|p2a: Raging Bolt|Booster Energy
|-activate|p2a: Raging Bolt|ability: Protosynthesis|[fromitem]
|-start|p2a: Raging Bolt|protosynthesisspa
|turn|18
|
|t:|1743788153
|switch|p1a: Glimmora|Glimmora, F|16/100
|move|p2a: Raging Bolt|Calm Mind|p2a: Raging Bolt
|-boost|p2a: Raging Bolt|spa|1
|-boost|p2a: Raging Bolt|spd|1
|
|upkeep
|turn|19
|
|t:|1743788160
|move|p1a: Glimmora|Mortal Spin|p2a: Raging Bolt
|-damage|p2a: Raging Bolt|93/100
|-status|p2a: Raging Bolt|psn
|move|p2a: Raging Bolt|Thunderbolt|p1a: Glimmora
|-damage|p1a: Glimmora|0 fnt
|faint|p1a: Glimmora
|
|-damage|p2a: Raging Bolt|80/100 psn|[from] psn
|upkeep
|
|t:|1743788173
|switch|p1a: Garganacl|Garganacl, F|100/100
|turn|20
|
|t:|1743788176
|move|p2a: Raging Bolt|Thunderbolt|p1a: Garganacl
|-damage|p1a: Garganacl|0 fnt
|faint|p1a: Garganacl
|
|-damage|p2a: Raging Bolt|68/100 psn|[from] psn
|upkeep
|-message|Jadonia forfeited.
|
|win|EEd001
|raw|Jadonia's rating: 1310 &rarr; <strong>1293</strong><br />(-17 for losing)
|raw|EEd001's rating: 1357 &rarr; <strong>1374</strong><br />(+17 for winning)
|l|☆Jadonia
|player|p1|
|l|☆EEd001
|player|p2|
