|j|☆PureSkillLol
|j|☆tdd20070515兹伏奇大吾
|t:|1743781959
|gametype|singles
|player|p1|PureSkillLol|guzma|1424
|player|p2|tdd20070515兹伏奇大吾|steven-masters2|1503
|teamsize|p1|6
|teamsize|p2|6
|gen|9
|tier|[Gen 9] OU
|rated|
|rule|HP Percentage Mod: HP is shown in percentages
|rule|Endless Battle Clause: Forcing endless battles is banned
|rule|Species Clause: Limit one of each Pokémon
|rule|OHKO Clause: OHKO moves are banned
|rule|Evasion Items Clause: Evasion items are banned
|rule|Evasion Moves Clause: Evasion moves are banned
|rule|Sleep Moves Clause: Sleep-inducing moves are banned
|clearpoke
|poke|p1|Torkoal, F|
|poke|p1|Walking Wake|
|poke|p1|Ceruledge, M|
|poke|p1|Clodsire, M|
|poke|p1|Raging Bolt|
|poke|p1|Great Tusk|
|poke|p2|Great Tusk|
|poke|p2|Alomomola, M|
|poke|p2|Hydreigon, M|
|poke|p2|Metagross|
|poke|p2|Sinistcha-Masterpiece|
|poke|p2|Zamazenta-*|
|teampreview
|
|t:|1743781967
|start
|switch|p1a: Torkoal|Torkoal, F|100/100
|switch|p2a: 灭世魔龙|Hydreigon, M|100/100
|-weather|SunnyDay|[from] ability: Drought|[of] p1a: Torkoal
|turn|1
|
|t:|1743781973
|switch|p1a: Clodsire|Clodsire, M|100/100
|move|p2a: 灭世魔龙|Earth Power|p1a: Clodsire
|-supereffective|p1a: Clodsire
|-crit|p1a: Clodsire
|-damage|p1a: Clodsire|50/100
|
|-weather|SunnyDay|[upkeep]
|-heal|p1a: Clodsire|56/100|[from] item: Black Sludge
|upkeep
|turn|2
|
|t:|1743781983
|switch|p2a: 最后我第一，又强又厉害|Metagross|100/100
|move|p1a: Clodsire|Recover|p1a: Clodsire
|-heal|p1a: Clodsire|100/100
|
|-weather|SunnyDay|[upkeep]
|upkeep
|turn|3
|
|t:|1743781989
|switch|p1a: Great Tusk|Great Tusk|100/100
|-activate|p1a: Great Tusk|ability: Protosynthesis
|-start|p1a: Great Tusk|protosynthesisatk
|move|p2a: 最后我第一，又强又厉害|Knock Off|p1a: Great Tusk
|-resisted|p1a: Great Tusk
|-damage|p1a: Great Tusk|89/100
|-enditem|p1a: Great Tusk|Choice Band|[from] move: Knock Off|[of] p2a: 最后我第一，又强又厉害
|
|-weather|SunnyDay|[upkeep]
|upkeep
|turn|4
|
|t:|1743781996
|switch|p2a: 来悲茶吗|Sinistcha-Masterpiece|100/100
|move|p1a: Great Tusk|Knock Off|p2a: 来悲茶吗
|-supereffective|p2a: 来悲茶吗
|-damage|p2a: 来悲茶吗|43/100
|-enditem|p2a: 来悲茶吗|Heavy-Duty Boots|[from] move: Knock Off|[of] p1a: Great Tusk
|
|-weather|SunnyDay|[upkeep]
|upkeep
|turn|5
|
|t:|1743782005
|-end|p1a: Great Tusk|Protosynthesis|[silent]
|switch|p1a: Clodsire|Clodsire, M|100/100
|switch|p2a: 战斗，然后死吧!|Great Tusk|100/100
|-activate|p2a: 战斗，然后死吧!|ability: Protosynthesis
|-start|p2a: 战斗，然后死吧!|protosynthesisdef
|
|-weather|SunnyDay|[upkeep]
|upkeep
|turn|6
|
|t:|1743782009
|switch|p1a: Ceruledge|Ceruledge, M|100/100
|-item|p1a: Ceruledge|Air Balloon
|move|p2a: 战斗，然后死吧!|Earthquake|p1a: Ceruledge
|-immune|p1a: Ceruledge
|
|-weather|SunnyDay|[upkeep]
|upkeep
|turn|7
|
|t:|1743782013
|move|p1a: Ceruledge|Bulk Up|p1a: Ceruledge
|-boost|p1a: Ceruledge|atk|1
|-boost|p1a: Ceruledge|def|1
|move|p2a: 战斗，然后死吧!|Ice Spinner|p1a: Ceruledge
|-resisted|p1a: Ceruledge
|-damage|p1a: Ceruledge|89/100
|-enditem|p1a: Ceruledge|Air Balloon
|
|-weather|SunnyDay|[upkeep]
|upkeep
|turn|8
|
|t:|1743782018
|move|p1a: Ceruledge|Bitter Blade|p2a: 战斗，然后死吧!
|-damage|p2a: 战斗，然后死吧!|59/100
|-heal|p1a: Ceruledge|100/100|[from] drain|[of] p2a: 战斗，然后死吧!
|move|p2a: 战斗，然后死吧!|Bulk Up|p2a: 战斗，然后死吧!
|-boost|p2a: 战斗，然后死吧!|atk|1
|-boost|p2a: 战斗，然后死吧!|def|1
|
|-weather|none
|-end|p2a: 战斗，然后死吧!|Protosynthesis
|-heal|p2a: 战斗，然后死吧!|66/100|[from] item: Leftovers
|upkeep
|turn|9
|
|t:|1743782023
|move|p1a: Ceruledge|Bulk Up|p1a: Ceruledge
|-boost|p1a: Ceruledge|atk|1
|-boost|p1a: Ceruledge|def|1
|move|p2a: 战斗，然后死吧!|Earthquake|p1a: Ceruledge
|-supereffective|p1a: Ceruledge
|-damage|p1a: Ceruledge|5/100
|
|-heal|p2a: 战斗，然后死吧!|72/100|[from] item: Leftovers
|upkeep
|turn|10
|
|t:|1743782027
|move|p1a: Ceruledge|Bitter Blade|p2a: 战斗，然后死吧!
|-damage|p2a: 战斗，然后死吧!|39/100
|-heal|p1a: Ceruledge|30/100|[from] drain|[of] p2a: 战斗，然后死吧!
|move|p2a: 战斗，然后死吧!|Earthquake|p1a: Ceruledge
|-supereffective|p1a: Ceruledge
|-damage|p1a: Ceruledge|0 fnt
|faint|p1a: Ceruledge
|
|-heal|p2a: 战斗，然后死吧!|45/100|[from] item: Leftovers
|upkeep
|
|t:|1743782031
|switch|p1a: Walking Wake|Walking Wake|100/100
|turn|11
|
|t:|1743782036
|-end|p2a: 战斗，然后死吧!|Protosynthesis|[silent]
|switch|p2a: 大吾私人保姆|Alomomola, M|100/100
|move|p1a: Walking Wake|Draco Meteor|p2a: 大吾私人保姆
|-damage|p2a: 大吾私人保姆|24/100
|-unboost|p1a: Walking Wake|spa|2
|
|upkeep
|turn|12
|
|t:|1743782041
|-end|p1a: Walking Wake|Protosynthesis|[silent]
|switch|p1a: Torkoal|Torkoal, F|100/100
|-weather|SunnyDay|[from] ability: Drought|[of] p1a: Torkoal
|switch|p2a: 最后我第一，又强又厉害|Metagross|100/100
|
|-weather|SunnyDay|[upkeep]
|upkeep
|turn|13
|
|t:|1743782046
|move|p2a: 最后我第一，又强又厉害|Stealth Rock|p1a: Torkoal
|-sidestart|p1: PureSkillLol|move: Stealth Rock
|move|p1a: Torkoal|Lava Plume|p2a: 最后我第一，又强又厉害
|-supereffective|p2a: 最后我第一，又强又厉害
|-damage|p2a: 最后我第一，又强又厉害|44/100
|
|-weather|SunnyDay|[upkeep]
|-heal|p2a: 最后我第一，又强又厉害|50/100|[from] item: Leftovers
|upkeep
|turn|14
|
|t:|1743782050
|switch|p2a: 大吾私人保姆|Alomomola, M|57/100
|move|p1a: Torkoal|Rapid Spin|p2a: 大吾私人保姆
|-crit|p2a: 大吾私人保姆
|-damage|p2a: 大吾私人保姆|47/100
|-boost|p1a: Torkoal|spe|1
|-sideend|p1: PureSkillLol|Stealth Rock|[from] move: Rapid Spin|[of] p1a: Torkoal
|
|-weather|SunnyDay|[upkeep]
|upkeep
|turn|15
|
|t:|1743782057
|switch|p1a: Clodsire|Clodsire, M|100/100
|move|p2a: 大吾私人保姆|Wish|p2a: 大吾私人保姆
|
|-weather|SunnyDay|[upkeep]
|upkeep
|turn|16
|
|t:|1743782063
|switch|p2a: 战斗，然后死吧!|Great Tusk|45/100
|-activate|p2a: 战斗，然后死吧!|ability: Protosynthesis
|-start|p2a: 战斗，然后死吧!|protosynthesisdef
|move|p1a: Clodsire|Earthquake|p2a: 战斗，然后死吧!
|-damage|p2a: 战斗，然后死吧!|35/100
|
|-weather|SunnyDay|[upkeep]
|-heal|p2a: 战斗，然后死吧!|96/100|[from] move: Wish|[wisher] 大吾私人保姆
|-heal|p2a: 战斗，然后死吧!|100/100|[from] item: Leftovers
|upkeep
|turn|17
|
|t:|1743782071
|-end|p2a: 战斗，然后死吧!|Protosynthesis|[silent]
|switch|p2a: 大吾私人保姆|Alomomola, M|81/100
|move|p1a: Clodsire|Toxic|p2a: 大吾私人保姆
|-status|p2a: 大吾私人保姆|tox
|
|-weather|SunnyDay|[upkeep]
|-damage|p2a: 大吾私人保姆|74/100 tox|[from] psn
|upkeep
|turn|18
|
|t:|1743782075
|move|p2a: 大吾私人保姆|Wish|p2a: 大吾私人保姆
|move|p1a: Clodsire|Stealth Rock|p2a: 大吾私人保姆
|-sidestart|p2: tdd20070515兹伏奇大吾|move: Stealth Rock
|
|-weather|SunnyDay|[upkeep]
|-damage|p2a: 大吾私人保姆|62/100 tox|[from] psn
|upkeep
|turn|19
|
|t:|1743782079
|switch|p2a: 来悲茶吗|Sinistcha-Masterpiece|43/100
|-damage|p2a: 来悲茶吗|31/100|[from] Stealth Rock
|move|p1a: Clodsire|Earthquake|p2a: 来悲茶吗
|-resisted|p2a: 来悲茶吗
|-damage|p2a: 来悲茶吗|22/100
|
|-weather|none
|-heal|p2a: 来悲茶吗|99/100|[from] move: Wish|[wisher] 大吾私人保姆
|upkeep
|turn|20
|
|t:|1743782086
|switch|p1a: Torkoal|Torkoal, F|100/100
|-weather|SunnyDay|[from] ability: Drought|[of] p1a: Torkoal
|-terastallize|p2a: 来悲茶吗|Poison
|move|p2a: 来悲茶吗|Calm Mind|p2a: 来悲茶吗
|-boost|p2a: 来悲茶吗|spa|1
|-boost|p2a: 来悲茶吗|spd|1
|
|-weather|SunnyDay|[upkeep]
|upkeep
|turn|21
|
|t:|1743782090
|move|p2a: 来悲茶吗|Calm Mind|p2a: 来悲茶吗
|-boost|p2a: 来悲茶吗|spa|1
|-boost|p2a: 来悲茶吗|spd|1
|move|p1a: Torkoal|Clear Smog|p2a: 来悲茶吗
|-resisted|p2a: 来悲茶吗
|-damage|p2a: 来悲茶吗|96/100
|-clearboost|p2a: 来悲茶吗
|
|-weather|SunnyDay|[upkeep]
|upkeep
|turn|22
|
|t:|1743782095
|move|p2a: 来悲茶吗|Strength Sap|p1a: Torkoal
|-unboost|p1a: Torkoal|atk|1
|-heal|p2a: 来悲茶吗|100/100
|move|p1a: Torkoal|Earth Power|p2a: 来悲茶吗
|-supereffective|p2a: 来悲茶吗
|-damage|p2a: 来悲茶吗|55/100
|
|-weather|SunnyDay|[upkeep]
|upkeep
|turn|23
|
|t:|1743782100
|switch|p2a: 大吾私人保姆|Alomomola, M|95/100 tox
|move|p1a: Torkoal|Earth Power|p2a: 大吾私人保姆
|-damage|p2a: 大吾私人保姆|82/100 tox
|
|-weather|SunnyDay|[upkeep]
|-damage|p2a: 大吾私人保姆|76/100 tox|[from] psn
|upkeep
|turn|24
|
|t:|1743782106
|switch|p1a: Walking Wake|Walking Wake|100/100
|-activate|p1a: Walking Wake|ability: Protosynthesis
|-start|p1a: Walking Wake|protosynthesisspe
|move|p2a: 大吾私人保姆|Wish|p2a: 大吾私人保姆
|
|-weather|SunnyDay|[upkeep]
|-damage|p2a: 大吾私人保姆|63/100 tox|[from] psn
|upkeep
|turn|25
|
|t:|1743782112
|switch|p2a: 最后我第一，又强又厉害|Metagross|50/100
|-damage|p2a: 最后我第一，又强又厉害|44/100|[from] Stealth Rock
|move|p1a: Walking Wake|Draco Meteor|p2a: 最后我第一，又强又厉害
|-resisted|p2a: 最后我第一，又强又厉害
|-damage|p2a: 最后我第一，又强又厉害|11/100
|-unboost|p1a: Walking Wake|spa|2
|
|-weather|SunnyDay|[upkeep]
|-heal|p2a: 最后我第一，又强又厉害|84/100|[from] move: Wish|[wisher] 大吾私人保姆
|-heal|p2a: 最后我第一，又强又厉害|90/100|[from] item: Leftovers
|upkeep
|turn|26
|
|t:|1743782125
|-end|p1a: Walking Wake|Protosynthesis|[silent]
|switch|p1a: Torkoal|Torkoal, F|100/100
|move|p2a: 最后我第一，又强又厉害|Psychic Fangs|p1a: Torkoal
|-damage|p1a: Torkoal|80/100
|
|-weather|SunnyDay|[upkeep]
|-heal|p2a: 最后我第一，又强又厉害|96/100|[from] item: Leftovers
|upkeep
|turn|27
|
|t:|1743782132
|switch|p1a: Raging Bolt|Raging Bolt|100/100
|-activate|p1a: Raging Bolt|ability: Protosynthesis
|-start|p1a: Raging Bolt|protosynthesisspa
|move|p2a: 最后我第一，又强又厉害|Knock Off|p1a: Raging Bolt
|-damage|p1a: Raging Bolt|75/100
|-enditem|p1a: Raging Bolt|Leftovers|[from] move: Knock Off|[of] p2a: 最后我第一，又强又厉害
|
|-weather|none
|-end|p1a: Raging Bolt|Protosynthesis
|-heal|p2a: 最后我第一，又强又厉害|100/100|[from] item: Leftovers
|upkeep
|turn|28
|
|t:|1743782136
|move|p1a: Raging Bolt|Calm Mind|p1a: Raging Bolt
|-boost|p1a: Raging Bolt|spa|1
|-boost|p1a: Raging Bolt|spd|1
|move|p2a: 最后我第一，又强又厉害|Psychic Fangs|p1a: Raging Bolt
|-crit|p1a: Raging Bolt
|-damage|p1a: Raging Bolt|32/100
|
|upkeep
|turn|29
|
|t:|1743782140
|move|p1a: Raging Bolt|Thunderbolt|p2a: 最后我第一，又强又厉害
|-damage|p2a: 最后我第一，又强又厉害|44/100
|move|p2a: 最后我第一，又强又厉害|Psychic Fangs|p1a: Raging Bolt
|-damage|p1a: Raging Bolt|4/100
|
|-heal|p2a: 最后我第一，又强又厉害|50/100|[from] item: Leftovers
|upkeep
|turn|30
|
|t:|1743782160
|switch|p2a: 灭世魔龙|Hydreigon, M|100/100
|-damage|p2a: 灭世魔龙|88/100|[from] Stealth Rock
|move|p1a: Raging Bolt|Dragon Pulse|p2a: 灭世魔龙
|-supereffective|p2a: 灭世魔龙
|-damage|p2a: 灭世魔龙|0 fnt
|faint|p2a: 灭世魔龙
|
|upkeep
|
|t:|1743782164
|switch|p2a: Zamazenta|Zamazenta|100/100
|-damage|p2a: Zamazenta|94/100|[from] Stealth Rock
|-ability|p2a: Zamazenta|Dauntless Shield|boost
|-boost|p2a: Zamazenta|def|1
|turn|31
|
|t:|1743782170
|move|p2a: Zamazenta|Close Combat|p1a: Raging Bolt
|-damage|p1a: Raging Bolt|0 fnt
|-unboost|p2a: Zamazenta|def|1
|-unboost|p2a: Zamazenta|spd|1
|faint|p1a: Raging Bolt
|-end|p1a: Raging Bolt|Protosynthesis|[silent]
|
|upkeep
|
|t:|1743782177
|switch|p1a: Great Tusk|Great Tusk|89/100
|turn|32
|
|t:|1743782181
|switch|p2a: 战斗，然后死吧!|Great Tusk|100/100
|-damage|p2a: 战斗，然后死吧!|98/100|[from] Stealth Rock
|move|p1a: Great Tusk|Headlong Rush|p2a: 战斗，然后死吧!
|-damage|p2a: 战斗，然后死吧!|68/100
|-unboost|p1a: Great Tusk|def|1
|-unboost|p1a: Great Tusk|spd|1
|
|-heal|p2a: 战斗，然后死吧!|74/100|[from] item: Leftovers
|upkeep
|turn|33
|
|t:|1743782191
|-end|p1a: Great Tusk|Protosynthesis|[silent]
|switch|p1a: Torkoal|Torkoal, F|80/100
|-weather|SunnyDay|[from] ability: Drought|[of] p1a: Torkoal
|-activate|p2a: 战斗，然后死吧!|ability: Protosynthesis
|-start|p2a: 战斗，然后死吧!|protosynthesisdef
|move|p2a: 战斗，然后死吧!|Earthquake|p1a: Torkoal
|-supereffective|p1a: Torkoal
|-damage|p1a: Torkoal|32/100
|
|-weather|SunnyDay|[upkeep]
|-heal|p2a: 战斗，然后死吧!|80/100|[from] item: Leftovers
|upkeep
|turn|34
|
|t:|1743782198
|move|p2a: 战斗，然后死吧!|Earthquake|p1a: Torkoal
|-supereffective|p1a: Torkoal
|-crit|p1a: Torkoal
|-damage|p1a: Torkoal|0 fnt
|faint|p1a: Torkoal
|
|-weather|SunnyDay|[upkeep]
|-heal|p2a: 战斗，然后死吧!|86/100|[from] item: Leftovers
|upkeep
|
|t:|1743782200
|switch|p1a: Walking Wake|Walking Wake|100/100
|-activate|p1a: Walking Wake|ability: Protosynthesis
|-start|p1a: Walking Wake|protosynthesisspe
|turn|35
|
|t:|1743782210
|-end|p2a: 战斗，然后死吧!|Protosynthesis|[silent]
|switch|p2a: 大吾私人保姆|Alomomola, M|97/100 tox
|-terastallize|p1a: Walking Wake|Water
|move|p1a: Walking Wake|Hydro Steam|p2a: 大吾私人保姆
|-resisted|p2a: 大吾私人保姆
|-crit|p2a: 大吾私人保姆
|-damage|p2a: 大吾私人保姆|29/100 tox
|
|-weather|SunnyDay|[upkeep]
|-damage|p2a: 大吾私人保姆|23/100 tox|[from] psn
|upkeep
|turn|36
|
|t:|1743782213
|move|p2a: 大吾私人保姆|Protect|p2a: 大吾私人保姆
|-singleturn|p2a: 大吾私人保姆|Protect
|move|p1a: Walking Wake|Hydro Steam|p2a: 大吾私人保姆
|-activate|p2a: 大吾私人保姆|move: Protect
|
|-weather|SunnyDay|[upkeep]
|-damage|p2a: 大吾私人保姆|11/100 tox|[from] psn
|upkeep
|turn|37
|
|t:|1743782230
|switch|p2a: 最后我第一，又强又厉害|Metagross|50/100
|-damage|p2a: 最后我第一，又强又厉害|44/100|[from] Stealth Rock
|move|p1a: Walking Wake|Hydro Steam|p2a: 最后我第一，又强又厉害
|-damage|p2a: 最后我第一，又强又厉害|0 fnt
|faint|p2a: 最后我第一，又强又厉害
|
|-weather|SunnyDay|[upkeep]
|upkeep
|
|t:|1743782233
|switch|p2a: 大吾私人保姆|Alomomola, M|44/100 tox
|turn|38
|
|t:|1743782237
|move|p2a: 大吾私人保姆|Protect|p2a: 大吾私人保姆
|-singleturn|p2a: 大吾私人保姆|Protect
|move|p1a: Walking Wake|Hydro Steam|p2a: 大吾私人保姆
|-activate|p2a: 大吾私人保姆|move: Protect
|
|-weather|SunnyDay|[upkeep]
|-damage|p2a: 大吾私人保姆|38/100 tox|[from] psn
|upkeep
|turn|39
|
|t:|1743782246
|switch|p2a: 来悲茶吗|Sinistcha-Masterpiece, tera:Poison|55/100
|-damage|p2a: 来悲茶吗|43/100|[from] Stealth Rock
|move|p1a: Walking Wake|Hydro Steam|p2a: 来悲茶吗
|-damage|p2a: 来悲茶吗|0 fnt
|faint|p2a: 来悲茶吗
|
|-weather|SunnyDay|[upkeep]
|upkeep
|
|t:|1743782249
|switch|p2a: 大吾私人保姆|Alomomola, M|71/100 tox
|turn|40
|
|t:|1743782252
|move|p1a: Walking Wake|Hydro Steam|p2a: 大吾私人保姆
|-resisted|p2a: 大吾私人保姆
|-damage|p2a: 大吾私人保姆|27/100 tox
|move|p2a: 大吾私人保姆|Wish|p2a: 大吾私人保姆
|
|-weather|none
|-end|p1a: Walking Wake|Protosynthesis
|-damage|p2a: 大吾私人保姆|21/100 tox|[from] psn
|upkeep
|turn|41
|
|t:|1743782256
|move|p2a: 大吾私人保姆|Protect|p2a: 大吾私人保姆
|-singleturn|p2a: 大吾私人保姆|Protect
|move|p1a: Walking Wake|Hydro Steam|p2a: 大吾私人保姆
|-activate|p2a: 大吾私人保姆|move: Protect
|
|-heal|p2a: 大吾私人保姆|71/100 tox|[from] move: Wish|[wisher] 大吾私人保姆
|-damage|p2a: 大吾私人保姆|59/100 tox|[from] psn
|upkeep
|turn|42
|
|t:|1743782258
|move|p1a: Walking Wake|Hydro Steam|p2a: 大吾私人保姆
|-resisted|p2a: 大吾私人保姆
|-damage|p2a: 大吾私人保姆|29/100 tox
|move|p2a: 大吾私人保姆|Wish|p2a: 大吾私人保姆
|
|-damage|p2a: 大吾私人保姆|11/100 tox|[from] psn
|upkeep
|turn|43
|
|t:|1743782261
|switch|p2a: Zamazenta|Zamazenta|94/100
|-damage|p2a: Zamazenta|88/100|[from] Stealth Rock
|move|p1a: Walking Wake|Hydro Steam|p2a: Zamazenta
|-damage|p2a: Zamazenta|13/100
|
|-heal|p2a: Zamazenta|95/100|[from] move: Wish|[wisher] 大吾私人保姆
|upkeep
|turn|44
|
|t:|1743782271
|-end|p1a: Walking Wake|Protosynthesis|[silent]
|switch|p1a: Clodsire|Clodsire, M|100/100
|move|p2a: Zamazenta|Close Combat|p1a: Clodsire
|-resisted|p1a: Clodsire
|-damage|p1a: Clodsire|44/100
|-unboost|p2a: Zamazenta|def|1
|-unboost|p2a: Zamazenta|spd|1
|
|-heal|p1a: Clodsire|50/100|[from] item: Black Sludge
|upkeep
|turn|45
|
|t:|1743782274
|move|p2a: Zamazenta|Close Combat|p1a: Clodsire
|-resisted|p1a: Clodsire
|-damage|p1a: Clodsire|0 fnt
|-unboost|p2a: Zamazenta|def|1
|-unboost|p2a: Zamazenta|spd|1
|faint|p1a: Clodsire
|
|upkeep
|
|t:|1743782276
|switch|p1a: Great Tusk|Great Tusk|89/100
|turn|46
|
|t:|1743782281
|switch|p2a: 战斗，然后死吧!|Great Tusk|86/100
|-damage|p2a: 战斗，然后死吧!|83/100|[from] Stealth Rock
|move|p1a: Great Tusk|Knock Off|p2a: 战斗，然后死吧!
|-resisted|p2a: 战斗，然后死吧!
|-damage|p2a: 战斗，然后死吧!|75/100
|-enditem|p2a: 战斗，然后死吧!|Leftovers|[from] move: Knock Off|[of] p1a: Great Tusk
|
|upkeep
|turn|47
|
|t:|1743782288
|move|p1a: Great Tusk|Ice Spinner|p2a: 战斗，然后死吧!
|-supereffective|p2a: 战斗，然后死吧!
|-damage|p2a: 战斗，然后死吧!|48/100
|move|p2a: 战斗，然后死吧!|Rapid Spin|p1a: Great Tusk
|-crit|p1a: Great Tusk
|-damage|p1a: Great Tusk|73/100
|-boost|p2a: 战斗，然后死吧!|spe|1
|-sideend|p2: tdd20070515兹伏奇大吾|Stealth Rock|[from] move: Rapid Spin|[of] p2a: 战斗，然后死吧!
|
|upkeep
|turn|48
|
|t:|1743782291
|move|p2a: 战斗，然后死吧!|Bulk Up|p2a: 战斗，然后死吧!
|-boost|p2a: 战斗，然后死吧!|atk|1
|-boost|p2a: 战斗，然后死吧!|def|1
|move|p1a: Great Tusk|Ice Spinner|p2a: 战斗，然后死吧!
|-supereffective|p2a: 战斗，然后死吧!
|-crit|p2a: 战斗，然后死吧!
|-damage|p2a: 战斗，然后死吧!|7/100
|
|upkeep
|turn|49
|
|t:|1743782294
|move|p2a: 战斗，然后死吧!|Ice Spinner|p1a: Great Tusk
|-supereffective|p1a: Great Tusk
|-damage|p1a: Great Tusk|19/100
|move|p1a: Great Tusk|Ice Spinner|p2a: 战斗，然后死吧!
|-supereffective|p2a: 战斗，然后死吧!
|-damage|p2a: 战斗，然后死吧!|0 fnt
|faint|p2a: 战斗，然后死吧!
|-end|p2a: 战斗，然后死吧!|Protosynthesis|[silent]
|
|upkeep
|
|t:|1743782300
|switch|p2a: Zamazenta|Zamazenta|95/100
|turn|50
|
|t:|1743782304
|move|p2a: Zamazenta|Ice Fang|p1a: Great Tusk
|-supereffective|p1a: Great Tusk
|-damage|p1a: Great Tusk|0 fnt
|faint|p1a: Great Tusk
|-end|p1a: Great Tusk|Protosynthesis|[silent]
|
|upkeep
|
|t:|1743782306
|switch|p1a: Walking Wake|Walking Wake, tera:Water|100/100
|turn|51
|
|t:|1743782310
|switch|p2a: 大吾私人保姆|Alomomola, M|44/100 tox
|move|p1a: Walking Wake|Hydro Steam|p2a: 大吾私人保姆
|-resisted|p2a: 大吾私人保姆
|-damage|p2a: 大吾私人保姆|14/100 tox
|
|-damage|p2a: 大吾私人保姆|8/100 tox|[from] psn
|upkeep
|turn|52
|
|t:|1743782313
|move|p1a: Walking Wake|Hydro Steam|p2a: 大吾私人保姆
|-resisted|p2a: 大吾私人保姆
|-damage|p2a: 大吾私人保姆|0 fnt
|faint|p2a: 大吾私人保姆
|
|upkeep
|
|t:|1743782314
|switch|p2a: Zamazenta|Zamazenta|95/100
|turn|53
|
|t:|1743782316
|move|p2a: Zamazenta|Close Combat|p1a: Walking Wake
|-damage|p1a: Walking Wake|0 fnt
|-unboost|p2a: Zamazenta|def|1
|-unboost|p2a: Zamazenta|spd|1
|faint|p1a: Walking Wake
|-end|p1a: Walking Wake|Protosynthesis|[silent]
|
|win|tdd20070515兹伏奇大吾
|raw|PureSkillLol's rating: 1424 &rarr; <strong>1408</strong><br />(-16 for losing)
|raw|tdd20070515兹伏奇大吾's rating: 1503 &rarr; <strong>1519</strong><br />(+16 for winning)
|l|☆PureSkillLol
|player|p1|
