|j|‽JaamThePizzaGuy
|j|☆pichin
|t:|1743812363
|gametype|singles
|player|p1|JaamThePizzaGuy|pokemonranger|1109
|player|p2|pichin|mira|1159
|teamsize|p1|6
|teamsize|p2|6
|gen|9
|tier|[Gen 9] OU
|rated|
|rule|HP Percentage Mod: HP is shown in percentages
|rule|Endless Battle Clause: Forcing endless battles is banned
|rule|Species Clause: Limit one of each Pokémon
|rule|OHKO Clause: OHKO moves are banned
|rule|Evasion Items Clause: Evasion items are banned
|rule|Evasion Moves Clause: Evasion moves are banned
|rule|Sleep Moves Clause: Sleep-inducing moves are banned
|clearpoke
|poke|p1|Lucario, F|
|poke|p1|Garchomp, M|
|poke|p1|Gengar, M|
|poke|p1|Gyarados, F|
|poke|p1|Ceruledge, F|
|poke|p1|Bronzong|
|poke|p2|Girafarig, F|
|poke|p2|Ursaring, F|
|poke|p2|Drifblim, F|
|poke|p2|Landorus-Therian, M|
|poke|p2|Arbok, F|
|poke|p2|Altaria, F|
|teampreview
|inactive|Battle timer is ON: inactive players will automatically lose when time's up. (requested by JaamThePizzaGuy)
|
|t:|1743812379
|start
|switch|p1a: Gyarados|Gyarados, F, shiny|100/100
|switch|p2a: Landorus|Landorus-Therian, M|100/100
|-ability|p2a: Landorus|Intimidate|boost
|-unboost|p1a: Gyarados|atk|1
|-ability|p1a: Gyarados|Intimidate|boost
|-unboost|p2a: Landorus|atk|1
|turn|1
|
|t:|1743812391
|switch|p1a: Bronzong|Bronzong, shiny|100/100
|move|p2a: Landorus|Taunt|p1a: Bronzong
|-start|p1a: Bronzong|move: Taunt
|
|upkeep
|turn|2
|
|t:|1743812397
|move|p2a: Landorus|Stealth Rock|p1a: Bronzong
|-sidestart|p1: JaamThePizzaGuy|move: Stealth Rock
|move|p1a: Bronzong|Ice Spinner|p2a: Landorus
|-supereffective|p2a: Landorus
|-damage|p2a: Landorus|0 fnt
|-damage|p1a: Bronzong|84/100|[from] item: Rocky Helmet|[of] p2a: Landorus
|faint|p2a: Landorus
|
|upkeep
|
|t:|1743812407
|switch|p2a: Girafarig|Girafarig, F|100/100
|turn|3
|
|t:|1743812412
|switch|p1a: Gyarados|Gyarados, F, shiny|100/100
|-ability|p1a: Gyarados|Intimidate|boost
|-unboost|p2a: Girafarig|atk|1
|move|p2a: Girafarig|Thunder Wave|p1a: Gyarados
|-status|p1a: Gyarados|par
|
|upkeep
|turn|4
|
|t:|1743812421
|switch|p2a: Arbok|Arbok, F|100/100
|-ability|p2a: Arbok|Intimidate|boost
|-unboost|p1a: Gyarados|atk|1
|move|p1a: Gyarados|Thunder Wave|p2a: Arbok
|-status|p2a: Arbok|par
|
|upkeep
|turn|5
|
|t:|1743812433
|switch|p1a: Bronzong|Bronzong, shiny|84/100
|-damage|p1a: Bronzong|78/100|[from] Stealth Rock
|move|p2a: Arbok|Wrap|p1a: Bronzong|[miss]
|-miss|p2a: Arbok|p1a: Bronzong
|
|upkeep
|turn|6
|
|t:|1743812451
|move|p1a: Bronzong|Stealth Rock|p2a: Arbok
|-sidestart|p2: pichin|move: Stealth Rock
|cant|p2a: Arbok|par
|
|upkeep
|turn|7
|
|t:|1743812466
|move|p1a: Bronzong|Light Screen|p1a: Bronzong
|-sidestart|p1: JaamThePizzaGuy|move: Light Screen
|move|p2a: Arbok|Wrap|p1a: Bronzong
|-resisted|p1a: Bronzong
|-damage|p1a: Bronzong|76/100
|-activate|p1a: Bronzong|move: Wrap|[of] p2a: Arbok
|
|-damage|p1a: Bronzong|64/100|[from] move: Wrap|[partiallytrapped]
|upkeep
|turn|8
|
|t:|1743812475
|move|p1a: Bronzong|Reflect|p1a: Bronzong
|-sidestart|p1: JaamThePizzaGuy|Reflect
|move|p2a: Arbok|Stockpile|p2a: Arbok
|-start|p2a: Arbok|stockpile1
|-boost|p2a: Arbok|def|1
|-boost|p2a: Arbok|spd|1
|
|-damage|p1a: Bronzong|51/100|[from] move: Wrap|[partiallytrapped]
|upkeep
|turn|9
|
|t:|1743812490
|move|p1a: Bronzong|Ice Spinner|p2a: Arbok
|-damage|p2a: Arbok|84/100 par
|move|p2a: Arbok|Stockpile|p2a: Arbok
|-start|p2a: Arbok|stockpile2
|-boost|p2a: Arbok|def|1
|-boost|p2a: Arbok|spd|1
|
|-heal|p2a: Arbok|91/100 par|[from] item: Black Sludge
|-damage|p1a: Bronzong|39/100|[from] move: Wrap|[partiallytrapped]
|upkeep
|turn|10
|
|t:|1743812502
|move|p1a: Bronzong|Ice Spinner|p2a: Arbok
|-damage|p2a: Arbok|79/100 par
|move|p2a: Arbok|Stockpile|p2a: Arbok
|-start|p2a: Arbok|stockpile3
|-boost|p2a: Arbok|def|1
|-boost|p2a: Arbok|spd|1
|
|-heal|p2a: Arbok|85/100 par|[from] item: Black Sludge
|-damage|p1a: Bronzong|27/100|[from] move: Wrap|[partiallytrapped]
|upkeep
|turn|11
|
|t:|1743812517
|move|p1a: Bronzong|Ice Spinner|p2a: Arbok
|-damage|p2a: Arbok|76/100 par
|move|p2a: Arbok|Stockpile||[still]
|-fail|p2a: Arbok
|
|-heal|p2a: Arbok|82/100 par|[from] item: Black Sludge
|-damage|p1a: Bronzong|14/100|[from] move: Wrap|[partiallytrapped]
|upkeep
|turn|12
|
|t:|1743812530
|move|p1a: Bronzong|Ice Spinner|p2a: Arbok
|-damage|p2a: Arbok|73/100 par
|move|p2a: Arbok|Switcheroo|p1a: Bronzong
|-activate|p2a: Arbok|move: Trick|[of] p1a: Bronzong
|-item|p1a: Bronzong|Black Sludge|[from] move: Switcheroo
|-item|p2a: Arbok|Light Clay|[from] move: Switcheroo
|
|-damage|p1a: Bronzong|2/100|[from] item: Black Sludge
|-end|p1a: Bronzong|Wrap|[partiallytrapped]
|upkeep
|turn|13
|
|t:|1743812540
|move|p1a: Bronzong|Ice Spinner|p2a: Arbok
|-damage|p2a: Arbok|63/100 par
|move|p2a: Arbok|Wrap|p1a: Bronzong
|-resisted|p1a: Bronzong
|-damage|p1a: Bronzong|1/100
|-activate|p1a: Bronzong|move: Wrap|[of] p2a: Arbok
|
|-damage|p1a: Bronzong|0 fnt|[from] item: Black Sludge
|faint|p1a: Bronzong
|upkeep
|
|t:|1743812542
|switch|p1a: Gyarados|Gyarados, F, shiny|100/100 par
|-ability|p1a: Gyarados|Intimidate|boost
|-unboost|p2a: Arbok|atk|1
|turn|14
|
|t:|1743812556
|switch|p1a: Gengar|Gengar, M|100/100
|-damage|p1a: Gengar|88/100|[from] Stealth Rock
|move|p2a: Arbok|Wrap|p1a: Gengar
|-immune|p1a: Gengar
|
|-heal|p1a: Gengar|94/100|[from] item: Leftovers
|-sideend|p1: JaamThePizzaGuy|move: Light Screen
|upkeep
|turn|15
|inactive|pichin has 120 seconds left.
|
|t:|1743812576
|switch|p1a: Gyarados|Gyarados, F, shiny|100/100 par
|-ability|p1a: Gyarados|Intimidate|boost
|-unboost|p2a: Arbok|atk|1
|switch|p2a: Altaria|Altaria, F|100/100
|-damage|p2a: Altaria|76/100|[from] Stealth Rock
|
|-heal|p2a: Altaria|82/100|[from] item: Leftovers
|-sideend|p1: JaamThePizzaGuy|Reflect
|upkeep
|turn|16
|inactive|pichin has 120 seconds left.
|
|t:|1743812591
|move|p2a: Altaria|Fire Spin|p1a: Gyarados
|-resisted|p1a: Gyarados
|-crit|p1a: Gyarados
|-damage|p1a: Gyarados|96/100 par
|-activate|p1a: Gyarados|move: Fire Spin|[of] p2a: Altaria
|move|p1a: Gyarados|Thunder Wave|p2a: Altaria
|-status|p2a: Altaria|par
|
|-heal|p2a: Altaria|88/100 par|[from] item: Leftovers
|-damage|p1a: Gyarados|84/100 par|[from] move: Fire Spin|[partiallytrapped]
|upkeep
|turn|17
|inactive|pichin has 120 seconds left.
|
|t:|1743812604
|move|p1a: Gyarados|Dragon Dance|p1a: Gyarados
|-boost|p1a: Gyarados|atk|1
|-boost|p1a: Gyarados|spe|1
|move|p2a: Altaria|Perish Song|p2a: Altaria
|-start|p1a: Gyarados|perish3|[silent]
|-start|p2a: Altaria|perish3|[silent]
|-fieldactivate|move: Perish Song
|
|-heal|p2a: Altaria|94/100 par|[from] item: Leftovers
|-damage|p1a: Gyarados|71/100 par|[from] move: Fire Spin|[partiallytrapped]
|-start|p1a: Gyarados|perish3
|-start|p2a: Altaria|perish3
|upkeep
|turn|18
|inactive|pichin has 120 seconds left.
|
|t:|1743812621
|move|p1a: Gyarados|Ice Fang|p2a: Altaria
|-supereffective|p2a: Altaria
|-damage|p2a: Altaria|0 fnt
|faint|p2a: Altaria
|
|-end|p1a: Gyarados|Fire Spin|[partiallytrapped]|[silent]
|-start|p1a: Gyarados|perish2
|upkeep
|
|t:|1743812638
|switch|p2a: Drifblim|Drifblim, F|100/100
|-damage|p2a: Drifblim|75/100|[from] Stealth Rock
|turn|19
|
|t:|1743812644
|switch|p1a: Lucario|Lucario, F|100/100
|-damage|p1a: Lucario|98/100|[from] Stealth Rock
|move|p2a: Drifblim|Strength Sap|p1a: Lucario
|-unboost|p1a: Lucario|atk|1
|-heal|p2a: Drifblim|100/100
|
|upkeep
|turn|20
|
|t:|1743812657
|move|p1a: Lucario|Dark Pulse|p2a: Drifblim
|-supereffective|p2a: Drifblim
|-damage|p2a: Drifblim|50/100
|move|p2a: Drifblim|Stockpile|p2a: Drifblim
|-start|p2a: Drifblim|stockpile1
|-boost|p2a: Drifblim|def|1
|-boost|p2a: Drifblim|spd|1
|
|-heal|p2a: Drifblim|56/100|[from] item: Leftovers
|upkeep
|turn|21
|
|t:|1743812669
|move|p1a: Lucario|Dark Pulse|p2a: Drifblim
|-supereffective|p2a: Drifblim
|-damage|p2a: Drifblim|26/100
|move|p2a: Drifblim|Strength Sap|p1a: Lucario
|-unboost|p1a: Lucario|atk|1
|-heal|p2a: Drifblim|56/100
|
|-heal|p2a: Drifblim|62/100|[from] item: Leftovers
|upkeep
|turn|22
|
|t:|1743812683
|move|p1a: Lucario|Dark Pulse|p2a: Drifblim
|-supereffective|p2a: Drifblim
|-damage|p2a: Drifblim|28/100
|move|p2a: Drifblim|Stockpile|p2a: Drifblim
|-start|p2a: Drifblim|stockpile2
|-boost|p2a: Drifblim|def|1
|-boost|p2a: Drifblim|spd|1
|
|-heal|p2a: Drifblim|35/100|[from] item: Leftovers
|upkeep
|turn|23
|
|t:|1743812698
|move|p1a: Lucario|Dark Pulse|p2a: Drifblim
|-supereffective|p2a: Drifblim
|-damage|p2a: Drifblim|10/100
|move|p2a: Drifblim|Strength Sap|p1a: Lucario
|-unboost|p1a: Lucario|atk|1
|-heal|p2a: Drifblim|33/100
|
|-heal|p2a: Drifblim|39/100|[from] item: Leftovers
|upkeep
|turn|24
|
|t:|1743812721
|move|p1a: Lucario|Dark Pulse|p2a: Drifblim
|-supereffective|p2a: Drifblim
|-damage|p2a: Drifblim|14/100
|cant|p2a: Drifblim|flinch
|
|-heal|p2a: Drifblim|20/100|[from] item: Leftovers
|upkeep
|turn|25
|
|t:|1743812730
|move|p1a: Lucario|Dark Pulse|p2a: Drifblim
|-supereffective|p2a: Drifblim
|-damage|p2a: Drifblim|0 fnt
|faint|p2a: Drifblim
|
|upkeep
|
|t:|1743812741
|switch|p2a: Ursaring|Ursaring, F|100/100
|-damage|p2a: Ursaring|88/100|[from] Stealth Rock
|turn|26
|
|t:|1743812746
|switch|p1a: Gyarados|Gyarados, F, shiny|71/100 par
|-ability|p1a: Gyarados|Intimidate|boost
|-unboost|p2a: Ursaring|atk|1
|-terastallize|p2a: Ursaring|Ghost
|move|p2a: Ursaring|Earthquake|p1a: Gyarados
|-immune|p1a: Gyarados
|
|-status|p2a: Ursaring|brn|[from] item: Flame Orb
|upkeep
|turn|27
|
|t:|1743812760
|move|p2a: Ursaring|Facade|p1a: Gyarados
|-damage|p1a: Gyarados|0 fnt
|faint|p1a: Gyarados
|
|-damage|p2a: Ursaring|82/100 brn|[from] brn
|upkeep
|
|t:|1743812767
|switch|p1a: Ceruledge|Ceruledge, F, shiny|100/100
|-damage|p1a: Ceruledge|76/100|[from] Stealth Rock
|turn|28
|
|t:|1743812777
|switch|p2a: Arbok|Arbok, F|63/100 par
|-damage|p2a: Arbok|50/100 par|[from] Stealth Rock
|-ability|p2a: Arbok|Intimidate|boost
|-unboost|p1a: Ceruledge|atk|1
|move|p1a: Ceruledge|Shadow Claw|p2a: Arbok
|-damage|p2a: Arbok|27/100 par
|
|upkeep
|turn|29
|
|t:|1743812787
|switch|p1a: Garchomp|Garchomp, M|100/100
|-damage|p1a: Garchomp|94/100|[from] Stealth Rock
|move|p2a: Arbok|Toxic|p1a: Garchomp
|-status|p1a: Garchomp|tox
|
|-damage|p1a: Garchomp|88/100 tox|[from] psn
|upkeep
|turn|30
|
|t:|1743812800
|move|p1a: Garchomp|Earthquake|p2a: Arbok
|-supereffective|p2a: Arbok
|-damage|p2a: Arbok|0 fnt
|faint|p2a: Arbok
|
|-damage|p1a: Garchomp|76/100 tox|[from] psn
|upkeep
|
|t:|1743812813
|switch|p2a: Ursaring|Ursaring, F, tera:Ghost|82/100 brn
|-damage|p2a: Ursaring|70/100 brn|[from] Stealth Rock
|turn|31
|
|t:|1743812818
|move|p1a: Garchomp|Outrage|p2a: Ursaring
|-damage|p2a: Ursaring|2/100 brn
|move|p2a: Ursaring|Facade|p1a: Garchomp
|-damage|p1a: Garchomp|0 fnt
|-damage|p2a: Ursaring|0 fnt|[from] ability: Rough Skin|[of] p1a: Garchomp
|faint|p1a: Garchomp
|faint|p2a: Ursaring
|
|upkeep
|
|t:|1743812829
|switch|p1a: Gengar|Gengar, M|94/100
|switch|p2a: Girafarig|Girafarig, F|100/100
|-damage|p1a: Gengar|82/100|[from] Stealth Rock
|-damage|p2a: Girafarig|88/100|[from] Stealth Rock
|turn|32
|
|t:|1743812836
|-terastallize|p1a: Gengar|Grass
|move|p1a: Gengar|Energy Ball|p2a: Girafarig
|-ability|p2a: Girafarig|Sap Sipper|boost
|-boost|p2a: Girafarig|atk|1
|move|p2a: Girafarig|Thunder Wave|p1a: Gengar
|-status|p1a: Gengar|par
|
|-heal|p1a: Gengar|88/100 par|[from] item: Leftovers
|upkeep
|turn|33
|inactive|pichin has 120 seconds left.
|
|t:|1743812847
|switch|p1a: Lucario|Lucario, F|98/100
|-damage|p1a: Lucario|95/100|[from] Stealth Rock
|move|p2a: Girafarig|Psychic Fangs|p1a: Lucario
|-damage|p1a: Lucario|9/100
|
|upkeep
|turn|34
|inactive|pichin has 120 seconds left.
|
|t:|1743812854
|move|p1a: Lucario|Dark Pulse|p2a: Girafarig
|-supereffective|p2a: Girafarig
|-damage|p2a: Girafarig|8/100
|move|p2a: Girafarig|Psychic Fangs|p1a: Lucario
|-damage|p1a: Lucario|0 fnt
|faint|p1a: Lucario
|
|upkeep
|
|t:|1743812857
|switch|p1a: Ceruledge|Ceruledge, F, shiny|76/100
|-damage|p1a: Ceruledge|51/100|[from] Stealth Rock
|turn|35
|
|t:|1743812866
|move|p1a: Ceruledge|Bitter Blade|p2a: Girafarig
|-damage|p2a: Girafarig|0 fnt
|-heal|p1a: Ceruledge|55/100|[from] drain|[of] p2a: Girafarig
|faint|p2a: Girafarig
|
|win|JaamThePizzaGuy
|raw|JaamThePizzaGuy's rating: 1109 &rarr; <strong>1138</strong><br />(+29 for winning)
|raw|pichin's rating: 1159 &rarr; <strong>1130</strong><br />(-29 for losing)
|l|‽JaamThePizzaGuy
|player|p1|
|l|☆pichin
|player|p2|
