|j|☆creatinencalendula
|j|☆kalen80
|t:|1743926009
|gametype|singles
|player|p1|creatinencalendula|1|1232
|player|p2|kalen80|burglar|1192
|teamsize|p1|6
|teamsize|p2|6
|gen|9
|tier|[Gen 9] OU
|rated|
|rule|HP Percentage Mod: HP is shown in percentages
|rule|Endless Battle Clause: Forcing endless battles is banned
|rule|Species Clause: Limit one of each Pokémon
|rule|OHKO Clause: OHKO moves are banned
|rule|Evasion Items Clause: Evasion items are banned
|rule|Evasion Moves Clause: Evasion moves are banned
|rule|Sleep Moves Clause: Sleep-inducing moves are banned
|clearpoke
|poke|p1|Alomomola, M|
|poke|p1|Clodsire, F|
|poke|p1|Corviknight, F|
|poke|p1|Garganacl, M|
|poke|p1|Goodra-Hisui, F|
|poke|p1|Hippowdon, F|
|poke|p2|Alomomola, M|
|poke|p2|Pawmot, M|
|poke|p2|Corviknight, M|
|poke|p2|Clodsire, F|
|poke|p2|Tropius, F|
|poke|p2|Garganacl, M|
|teampreview
|
|t:|1743926019
|start
|switch|p1a: Hippowdon|Hippowdon, F|100/100
|switch|p2a: Garganacl|Garganacl, M|100/100
|-weather|Sandstorm|[from] ability: Sand Stream|[of] p1a: Hippowdon
|turn|1
|
|t:|1743926022
|-terastallize|p2a: Garganacl|Grass
|move|p2a: Garganacl|Block|p1a: Hippowdon
|-activate|p1a: Hippowdon|trapped
|move|p1a: Hippowdon|Sand Tomb|p2a: Garganacl|[miss]
|-miss|p1a: Hippowdon|p2a: Garganacl
|
|-weather|Sandstorm|[upkeep]
|-damage|p2a: Garganacl|94/100|[from] Sandstorm
|-heal|p2a: Garganacl|100/100|[from] item: Leftovers
|upkeep
|turn|2
|inactive|Battle timer is ON: inactive players will automatically lose when time's up. (requested by creatinencalendula)
|
|t:|1743926028
|move|p2a: Garganacl|Salt Cure|p1a: Hippowdon
|-resisted|p1a: Hippowdon
|-damage|p1a: Hippowdon|95/100
|-start|p1a: Hippowdon|Salt Cure
|move|p1a: Hippowdon|Sand Tomb|p2a: Garganacl
|-resisted|p2a: Garganacl
|-damage|p2a: Garganacl|96/100
|-activate|p2a: Garganacl|move: Sand Tomb|[of] p1a: Hippowdon
|
|-weather|Sandstorm|[upkeep]
|-damage|p2a: Garganacl|90/100|[from] Sandstorm
|-heal|p2a: Garganacl|96/100|[from] item: Leftovers
|-damage|p2a: Garganacl|84/100|[from] move: Sand Tomb|[partiallytrapped]
|-damage|p1a: Hippowdon|83/100|[from] Salt Cure
|upkeep
|turn|3
|inactive|creatinencalendula has 120 seconds left.
|
|t:|1743926061
|move|p2a: Garganacl|Curse|p2a: Garganacl
|-unboost|p2a: Garganacl|spe|1
|-boost|p2a: Garganacl|atk|1
|-boost|p2a: Garganacl|def|1
|move|p1a: Hippowdon|Earthquake|p2a: Garganacl
|-resisted|p2a: Garganacl
|-damage|p2a: Garganacl|76/100
|
|-weather|Sandstorm|[upkeep]
|-damage|p2a: Garganacl|70/100|[from] Sandstorm
|-heal|p2a: Garganacl|76/100|[from] item: Leftovers
|-damage|p1a: Hippowdon|70/100|[from] Salt Cure
|-damage|p2a: Garganacl|64/100|[from] move: Sand Tomb|[partiallytrapped]
|upkeep
|turn|4
|
|t:|1743926068
|-terastallize|p1a: Hippowdon|Ghost
|move|p1a: Hippowdon|Slack Off|p1a: Hippowdon
|-heal|p1a: Hippowdon|100/100
|move|p2a: Garganacl|Curse|p2a: Garganacl
|-unboost|p2a: Garganacl|spe|1
|-boost|p2a: Garganacl|atk|1
|-boost|p2a: Garganacl|def|1
|
|-weather|Sandstorm|[upkeep]
|-damage|p1a: Hippowdon|94/100|[from] Sandstorm
|-damage|p2a: Garganacl|57/100|[from] Sandstorm
|-heal|p2a: Garganacl|64/100|[from] item: Leftovers
|-damage|p1a: Hippowdon|82/100|[from] Salt Cure
|-damage|p2a: Garganacl|51/100|[from] move: Sand Tomb|[partiallytrapped]
|upkeep
|turn|5
|
|t:|1743926079
|switch|p1a: Clodsire|Clodsire, F|100/100
|move|p2a: Garganacl|Curse|p2a: Garganacl
|-unboost|p2a: Garganacl|spe|1
|-boost|p2a: Garganacl|atk|1
|-boost|p2a: Garganacl|def|1
|
|-weather|Sandstorm|[upkeep]
|-damage|p2a: Garganacl|45/100|[from] Sandstorm
|-heal|p2a: Garganacl|51/100|[from] item: Leftovers
|-end|p2a: Garganacl|Sand Tomb|[partiallytrapped]|[silent]
|upkeep
|turn|6
|inactive|creatinencalendula has 120 seconds left.
|
|t:|1743926099
|move|p1a: Clodsire|Poison Jab|p2a: Garganacl
|-supereffective|p2a: Garganacl
|-damage|p2a: Garganacl|22/100
|move|p2a: Garganacl|Block|p1a: Clodsire
|-activate|p1a: Clodsire|trapped
|
|-weather|Sandstorm|[upkeep]
|-damage|p2a: Garganacl|16/100|[from] Sandstorm
|-heal|p2a: Garganacl|22/100|[from] item: Leftovers
|upkeep
|turn|7
|
|t:|1743926111
|switch|p2a: Corviknight|Corviknight, M|100/100
|-ability|p2a: Corviknight|Pressure
|move|p1a: Clodsire|Poison Jab|p2a: Corviknight
|-immune|p2a: Corviknight
|
|-weather|Sandstorm|[upkeep]
|upkeep
|turn|8
|
|t:|1743926120
|switch|p2a: Alomomola|Alomomola, M|100/100
|switch|p1a: Alomomola|Alomomola, M|100/100
|
|-weather|none
|upkeep
|turn|9
|c|☆creatinencalendula|how abt an
|c|☆creatinencalendula|alomomola 1v1
|c|☆creatinencalendula|HAHAHAHAHAHAHA
|inactive|creatinencalendula has 120 seconds left.
|
|t:|1743926156
|move|p2a: Alomomola|Wish|p2a: Alomomola
|move|p1a: Alomomola|Scald|p2a: Alomomola
|-resisted|p2a: Alomomola
|-damage|p2a: Alomomola|95/100
|-status|p2a: Alomomola|brn
|
|-damage|p2a: Alomomola|89/100 brn|[from] brn
|upkeep
|turn|10
|
|t:|1743926171
|switch|p1a: Garganacl|Garganacl, M|100/100
|move|p2a: Alomomola|Flip Turn|p1a: Garganacl
|-supereffective|p1a: Garganacl
|-damage|p1a: Garganacl|90/100
|
|t:|1743926173
|switch|p2a: Garganacl|Garganacl, M, tera:Grass|22/100|[from] Flip Turn
|
|-heal|p2a: Garganacl|82/100|[from] move: Wish|[wisher] Alomomola
|-heal|p2a: Garganacl|88/100|[from] item: Leftovers
|upkeep
|turn|11
|
|t:|1743926181
|move|p1a: Garganacl|Salt Cure|p2a: Garganacl
|-damage|p2a: Garganacl|79/100
|-start|p2a: Garganacl|Salt Cure
|move|p2a: Garganacl|Salt Cure|p1a: Garganacl
|-damage|p1a: Garganacl|81/100
|-start|p1a: Garganacl|Salt Cure
|
|-heal|p2a: Garganacl|85/100|[from] item: Leftovers
|-damage|p1a: Garganacl|69/100|[from] Salt Cure
|-damage|p2a: Garganacl|73/100|[from] Salt Cure
|upkeep
|turn|12
|
|t:|1743926184
|move|p1a: Garganacl|Iron Defense|p1a: Garganacl
|-boost|p1a: Garganacl|def|2
|move|p2a: Garganacl|Block|p1a: Garganacl
|-activate|p1a: Garganacl|trapped
|
|-heal|p2a: Garganacl|79/100|[from] item: Leftovers
|-damage|p2a: Garganacl|66/100|[from] Salt Cure
|-damage|p1a: Garganacl|56/100|[from] Salt Cure
|upkeep
|turn|13
|
|t:|1743926193
|move|p1a: Garganacl|Recover|p1a: Garganacl
|-heal|p1a: Garganacl|100/100
|move|p2a: Garganacl|Recover|p2a: Garganacl
|-heal|p2a: Garganacl|100/100
|
|-damage|p2a: Garganacl|88/100|[from] Salt Cure
|-damage|p1a: Garganacl|88/100|[from] Salt Cure
|upkeep
|turn|14
|
|t:|1743926197
|switch|p2a: Clodsire|Clodsire, F|100/100
|move|p1a: Garganacl|Iron Defense|p1a: Garganacl
|-boost|p1a: Garganacl|def|2
|
|-damage|p1a: Garganacl|76/100|[from] Salt Cure
|upkeep
|turn|15
|
|t:|1743926208
|switch|p1a: Hippowdon|Hippowdon, F, tera:Ghost|82/100
|-weather|Sandstorm|[from] ability: Sand Stream|[of] p1a: Hippowdon
|switch|p2a: Corviknight|Corviknight, M|100/100
|-ability|p2a: Corviknight|Pressure
|
|-weather|Sandstorm|[upkeep]
|-damage|p1a: Hippowdon|76/100|[from] Sandstorm
|upkeep
|turn|16
|
|t:|1743926215
|move|p2a: Corviknight|Bulk Up|p2a: Corviknight
|-boost|p2a: Corviknight|atk|1
|-boost|p2a: Corviknight|def|1
|move|p1a: Hippowdon|Stealth Rock|p2a: Corviknight
|-sidestart|p2: kalen80|move: Stealth Rock
|
|-weather|Sandstorm|[upkeep]
|-damage|p1a: Hippowdon|70/100|[from] Sandstorm
|upkeep
|turn|17
|
|t:|1743926221
|switch|p1a: Alomomola|Alomomola, M|100/100
|move|p2a: Corviknight|Brave Bird|p1a: Alomomola
|-damage|p1a: Alomomola|69/100
|-damage|p2a: Corviknight|86/100|[from] Recoil
|
|-weather|Sandstorm|[upkeep]
|-damage|p1a: Alomomola|63/100|[from] Sandstorm
|-heal|p2a: Corviknight|93/100|[from] item: Leftovers
|upkeep
|turn|18
|
|t:|1743926227
|move|p2a: Corviknight|Brave Bird|p1a: Alomomola
|-damage|p1a: Alomomola|34/100
|-damage|p2a: Corviknight|80/100|[from] Recoil
|move|p1a: Alomomola|Wish|p1a: Alomomola
|
|-weather|Sandstorm|[upkeep]
|-damage|p1a: Alomomola|28/100|[from] Sandstorm
|-heal|p2a: Corviknight|86/100|[from] item: Leftovers
|upkeep
|turn|19
|
|t:|1743926238
|move|p1a: Alomomola|Protect|p1a: Alomomola
|-singleturn|p1a: Alomomola|Protect
|move|p2a: Corviknight|Bulk Up|p2a: Corviknight
|-boost|p2a: Corviknight|atk|1
|-boost|p2a: Corviknight|def|1
|
|-weather|Sandstorm|[upkeep]
|-damage|p1a: Alomomola|22/100|[from] Sandstorm
|-heal|p1a: Alomomola|72/100|[from] move: Wish|[wisher] Alomomola
|-heal|p2a: Corviknight|93/100|[from] item: Leftovers
|upkeep
|turn|20
|
|t:|1743926242
|move|p2a: Corviknight|Brave Bird|p1a: Alomomola
|-damage|p1a: Alomomola|31/100
|-damage|p2a: Corviknight|75/100|[from] Recoil
|move|p1a: Alomomola|Scald|p2a: Corviknight
|-damage|p2a: Corviknight|65/100
|
|-weather|Sandstorm|[upkeep]
|-damage|p1a: Alomomola|25/100|[from] Sandstorm
|-heal|p2a: Corviknight|71/100|[from] item: Leftovers
|upkeep
|turn|21
|
|t:|1743926253
|switch|p1a: Corviknight|Corviknight, F|100/100
|-ability|p1a: Corviknight|Pressure
|move|p2a: Corviknight|Brave Bird|p1a: Corviknight
|-resisted|p1a: Corviknight
|-damage|p1a: Corviknight|79/100
|-damage|p2a: Corviknight|64/100|[from] Recoil
|
|-weather|Sandstorm|[upkeep]
|-heal|p2a: Corviknight|70/100|[from] item: Leftovers
|upkeep
|turn|22
|
|t:|1743926263
|move|p2a: Corviknight|Bulk Up|p2a: Corviknight
|-boost|p2a: Corviknight|atk|1
|-boost|p2a: Corviknight|def|1
|move|p1a: Corviknight|Iron Defense|p1a: Corviknight
|-boost|p1a: Corviknight|def|2
|
|-weather|none
|-heal|p2a: Corviknight|77/100|[from] item: Leftovers
|upkeep
|turn|23
|
|t:|1743926268
|move|p2a: Corviknight|Bulk Up|p2a: Corviknight
|-boost|p2a: Corviknight|atk|1
|-boost|p2a: Corviknight|def|1
|move|p1a: Corviknight|Iron Defense|p1a: Corviknight
|-boost|p1a: Corviknight|def|2
|
|-heal|p2a: Corviknight|83/100|[from] item: Leftovers
|upkeep
|turn|24
|
|t:|1743926272
|move|p2a: Corviknight|Bulk Up|p2a: Corviknight
|-boost|p2a: Corviknight|atk|1
|-boost|p2a: Corviknight|def|1
|move|p1a: Corviknight|Body Press|p2a: Corviknight
|-damage|p2a: Corviknight|65/100
|
|-heal|p2a: Corviknight|71/100|[from] item: Leftovers
|upkeep
|turn|25
|
|t:|1743926275
|move|p2a: Corviknight|Bulk Up|p2a: Corviknight
|-boost|p2a: Corviknight|atk|1
|-boost|p2a: Corviknight|def|1
|move|p1a: Corviknight|Iron Defense|p1a: Corviknight
|-boost|p1a: Corviknight|def|2
|
|-heal|p2a: Corviknight|77/100|[from] item: Leftovers
|upkeep
|turn|26
|
|t:|1743926286
|move|p2a: Corviknight|Body Press|p1a: Corviknight
|-damage|p1a: Corviknight|69/100
|move|p1a: Corviknight|Body Press|p2a: Corviknight
|-damage|p2a: Corviknight|58/100
|
|-heal|p2a: Corviknight|64/100|[from] item: Leftovers
|upkeep
|turn|27
|c|☆creatinencalendula|long ah fight
|
|t:|1743926296
|move|p2a: Corviknight|Brave Bird|p1a: Corviknight
|-resisted|p1a: Corviknight
|-damage|p1a: Corviknight|58/100
|-damage|p2a: Corviknight|60/100|[from] Recoil
|move|p1a: Corviknight|Body Press|p2a: Corviknight
|-damage|p2a: Corviknight|38/100
|
|-heal|p2a: Corviknight|44/100|[from] item: Leftovers
|upkeep
|turn|28
|
|t:|1743926303
|move|p2a: Corviknight|Roost|p2a: Corviknight
|-heal|p2a: Corviknight|94/100
|-singleturn|p2a: Corviknight|move: Roost
|move|p1a: Corviknight|Body Press|p2a: Corviknight
|-supereffective|p2a: Corviknight
|-damage|p2a: Corviknight|49/100
|
|-heal|p2a: Corviknight|55/100|[from] item: Leftovers
|upkeep
|turn|29
|c|☆creatinencalendula|AHAHAHAHHAHA
|
|t:|1743926317
|move|p2a: Corviknight|Brave Bird|p1a: Corviknight
|-resisted|p1a: Corviknight
|-damage|p1a: Corviknight|46/100
|-damage|p2a: Corviknight|51/100|[from] Recoil
|move|p1a: Corviknight|Roost|p1a: Corviknight
|-heal|p1a: Corviknight|96/100
|-singleturn|p1a: Corviknight|move: Roost
|
|-heal|p2a: Corviknight|57/100|[from] item: Leftovers
|upkeep
|turn|30
|
|t:|1743926329
|move|p2a: Corviknight|Brave Bird|p1a: Corviknight
|-resisted|p1a: Corviknight
|-damage|p1a: Corviknight|85/100
|-damage|p2a: Corviknight|54/100|[from] Recoil
|move|p1a: Corviknight|Iron Defense|p1a: Corviknight
|-boost|p1a: Corviknight|def|0
|
|-heal|p2a: Corviknight|60/100|[from] item: Leftovers
|upkeep
|turn|31
|
|t:|1743926350
|move|p2a: Corviknight|Brave Bird|p1a: Corviknight
|-resisted|p1a: Corviknight
|-damage|p1a: Corviknight|73/100
|-damage|p2a: Corviknight|56/100|[from] Recoil
|move|p1a: Corviknight|Body Press|p2a: Corviknight
|-damage|p2a: Corviknight|34/100
|
|-heal|p2a: Corviknight|40/100|[from] item: Leftovers
|upkeep
|turn|32
|
|t:|1743926360
|move|p2a: Corviknight|Brave Bird|p1a: Corviknight
|-resisted|p1a: Corviknight
|-crit|p1a: Corviknight
|-damage|p1a: Corviknight|13/100
|-damage|p2a: Corviknight|21/100|[from] Recoil
|move|p1a: Corviknight|Body Press|p2a: Corviknight
|-damage|p2a: Corviknight|0 fnt
|faint|p2a: Corviknight
|
|upkeep
|
|t:|1743926368
|switch|p2a: Pawmot|Pawmot, M|100/100
|turn|33
|c|☆creatinencalendula|dang
|
|t:|1743926378
|switch|p1a: Hippowdon|Hippowdon, F, tera:Ghost|70/100
|-weather|Sandstorm|[from] ability: Sand Stream|[of] p1a: Hippowdon
|move|p2a: Pawmot|Volt Switch|p1a: Hippowdon
|-damage|p1a: Hippowdon|56/100
|
|t:|1743926386
|switch|p2a: Garganacl|Garganacl, M, tera:Grass|88/100|[from] Volt Switch
|-damage|p2a: Garganacl|76/100|[from] Stealth Rock
|
|-weather|Sandstorm|[upkeep]
|-damage|p2a: Garganacl|70/100|[from] Sandstorm
|-damage|p1a: Hippowdon|50/100|[from] Sandstorm
|-heal|p2a: Garganacl|76/100|[from] item: Leftovers
|upkeep
|turn|34
|c|☆creatinencalendula|my corvigoat
|
|t:|1743926391
|move|p2a: Garganacl|Salt Cure|p1a: Hippowdon
|-damage|p1a: Hippowdon|40/100
|-start|p1a: Hippowdon|Salt Cure
|move|p1a: Hippowdon|Slack Off|p1a: Hippowdon
|-heal|p1a: Hippowdon|90/100
|
|-weather|Sandstorm|[upkeep]
|-damage|p2a: Garganacl|70/100|[from] Sandstorm
|-damage|p1a: Hippowdon|83/100|[from] Sandstorm
|-heal|p2a: Garganacl|76/100|[from] item: Leftovers
|-damage|p1a: Hippowdon|71/100|[from] Salt Cure
|upkeep
|turn|35
|
|t:|1743926399
|switch|p1a: Garganacl|Garganacl, M|76/100
|move|p2a: Garganacl|Curse|p2a: Garganacl
|-unboost|p2a: Garganacl|spe|1
|-boost|p2a: Garganacl|atk|1
|-boost|p2a: Garganacl|def|1
|
|-weather|Sandstorm|[upkeep]
|-damage|p2a: Garganacl|70/100|[from] Sandstorm
|-heal|p2a: Garganacl|76/100|[from] item: Leftovers
|upkeep
|turn|36
|
|t:|1743926404
|move|p1a: Garganacl|Iron Defense|p1a: Garganacl
|-boost|p1a: Garganacl|def|2
|move|p2a: Garganacl|Salt Cure|p1a: Garganacl
|-damage|p1a: Garganacl|69/100
|-start|p1a: Garganacl|Salt Cure
|
|-weather|Sandstorm|[upkeep]
|-damage|p2a: Garganacl|70/100|[from] Sandstorm
|-heal|p2a: Garganacl|76/100|[from] item: Leftovers
|-damage|p1a: Garganacl|57/100|[from] Salt Cure
|upkeep
|turn|37
|
|t:|1743926410
|move|p1a: Garganacl|Salt Cure|p2a: Garganacl
|-crit|p2a: Garganacl
|-damage|p2a: Garganacl|61/100
|-start|p2a: Garganacl|Salt Cure
|move|p2a: Garganacl|Curse|p2a: Garganacl
|-unboost|p2a: Garganacl|spe|1
|-boost|p2a: Garganacl|atk|1
|-boost|p2a: Garganacl|def|1
|
|-weather|Sandstorm|[upkeep]
|-damage|p2a: Garganacl|55/100|[from] Sandstorm
|-heal|p2a: Garganacl|61/100|[from] item: Leftovers
|-damage|p1a: Garganacl|44/100|[from] Salt Cure
|-damage|p2a: Garganacl|49/100|[from] Salt Cure
|upkeep
|turn|38
|
|t:|1743926415
|move|p1a: Garganacl|Recover|p1a: Garganacl
|-heal|p1a: Garganacl|94/100
|move|p2a: Garganacl|Recover|p2a: Garganacl
|-heal|p2a: Garganacl|99/100
|
|-weather|Sandstorm|[upkeep]
|-damage|p2a: Garganacl|93/100|[from] Sandstorm
|-heal|p2a: Garganacl|99/100|[from] item: Leftovers
|-damage|p1a: Garganacl|82/100|[from] Salt Cure
|-damage|p2a: Garganacl|86/100|[from] Salt Cure
|upkeep
|turn|39
|
|t:|1743926422
|move|p1a: Garganacl|Iron Defense|p1a: Garganacl
|-boost|p1a: Garganacl|def|2
|move|p2a: Garganacl|Curse|p2a: Garganacl
|-unboost|p2a: Garganacl|spe|1
|-boost|p2a: Garganacl|atk|1
|-boost|p2a: Garganacl|def|1
|
|-weather|Sandstorm|[upkeep]
|-damage|p2a: Garganacl|80/100|[from] Sandstorm
|-heal|p2a: Garganacl|86/100|[from] item: Leftovers
|-damage|p1a: Garganacl|70/100|[from] Salt Cure
|-damage|p2a: Garganacl|74/100|[from] Salt Cure
|upkeep
|turn|40
|
|t:|1743926430
|move|p1a: Garganacl|Iron Defense|p1a: Garganacl
|-boost|p1a: Garganacl|def|2
|move|p2a: Garganacl|Curse|p2a: Garganacl
|-unboost|p2a: Garganacl|spe|1
|-boost|p2a: Garganacl|atk|1
|-boost|p2a: Garganacl|def|1
|
|-weather|none
|-heal|p2a: Garganacl|80/100|[from] item: Leftovers
|-damage|p1a: Garganacl|57/100|[from] Salt Cure
|-damage|p2a: Garganacl|68/100|[from] Salt Cure
|upkeep
|turn|41
|c|☆creatinencalendula|let's recover gang
|
|t:|1743926454
|move|p1a: Garganacl|Body Press|p2a: Garganacl
|-damage|p2a: Garganacl|43/100
|move|p2a: Garganacl|Salt Cure|p1a: Garganacl
|-damage|p1a: Garganacl|51/100
|
|-heal|p2a: Garganacl|49/100|[from] item: Leftovers
|-damage|p1a: Garganacl|39/100|[from] Salt Cure
|-damage|p2a: Garganacl|37/100|[from] Salt Cure
|upkeep
|turn|42
|c|☆creatinencalendula|oh
|
|t:|1743926465
|move|p1a: Garganacl|Recover|p1a: Garganacl
|-heal|p1a: Garganacl|89/100
|move|p2a: Garganacl|Recover|p2a: Garganacl
|-heal|p2a: Garganacl|87/100
|
|-heal|p2a: Garganacl|93/100|[from] item: Leftovers
|-damage|p1a: Garganacl|76/100|[from] Salt Cure
|-damage|p2a: Garganacl|80/100|[from] Salt Cure
|upkeep
|turn|43
|
|t:|1743926479
|move|p1a: Garganacl|Iron Defense|p1a: Garganacl
|-boost|p1a: Garganacl|def|0
|move|p2a: Garganacl|Curse|p2a: Garganacl
|-unboost|p2a: Garganacl|spe|1
|-boost|p2a: Garganacl|atk|1
|-boost|p2a: Garganacl|def|1
|
|-heal|p2a: Garganacl|87/100|[from] item: Leftovers
|-damage|p1a: Garganacl|64/100|[from] Salt Cure
|-damage|p2a: Garganacl|74/100|[from] Salt Cure
|upkeep
|turn|44
|
|t:|1743926484
|move|p1a: Garganacl|Iron Defense|p1a: Garganacl
|-boost|p1a: Garganacl|def|0
|move|p2a: Garganacl|Curse|p2a: Garganacl
|-unboost|p2a: Garganacl|spe|1
|-boost|p2a: Garganacl|atk|1
|-boost|p2a: Garganacl|def|1
|
|-heal|p2a: Garganacl|80/100|[from] item: Leftovers
|-damage|p1a: Garganacl|51/100|[from] Salt Cure
|-damage|p2a: Garganacl|68/100|[from] Salt Cure
|upkeep
|turn|45
|
|t:|1743926497
|move|p1a: Garganacl|Body Press|p2a: Garganacl
|-damage|p2a: Garganacl|50/100
|move|p2a: Garganacl|Salt Cure|p1a: Garganacl
|-damage|p1a: Garganacl|43/100
|
|-heal|p2a: Garganacl|56/100|[from] item: Leftovers
|-damage|p1a: Garganacl|30/100|[from] Salt Cure
|-damage|p2a: Garganacl|43/100|[from] Salt Cure
|upkeep
|turn|46
|
|t:|1743926513
|move|p1a: Garganacl|Recover|p1a: Garganacl
|-heal|p1a: Garganacl|80/100
|move|p2a: Garganacl|Recover|p2a: Garganacl
|-heal|p2a: Garganacl|93/100
|
|-heal|p2a: Garganacl|99/100|[from] item: Leftovers
|-damage|p1a: Garganacl|68/100|[from] Salt Cure
|-damage|p2a: Garganacl|87/100|[from] Salt Cure
|upkeep
|turn|47
|
|t:|1743926522
|move|p1a: Garganacl|Body Press|p2a: Garganacl
|-damage|p2a: Garganacl|69/100
|move|p2a: Garganacl|Salt Cure|p1a: Garganacl
|-damage|p1a: Garganacl|60/100
|
|-heal|p2a: Garganacl|75/100|[from] item: Leftovers
|-damage|p1a: Garganacl|47/100|[from] Salt Cure
|-damage|p2a: Garganacl|63/100|[from] Salt Cure
|upkeep
|turn|48
|
|t:|1743926528
|move|p1a: Garganacl|Body Press|p2a: Garganacl
|-damage|p2a: Garganacl|46/100
|move|p2a: Garganacl|Block|p1a: Garganacl
|-activate|p1a: Garganacl|trapped
|
|-heal|p2a: Garganacl|52/100|[from] item: Leftovers
|-damage|p1a: Garganacl|35/100|[from] Salt Cure
|-damage|p2a: Garganacl|39/100|[from] Salt Cure
|upkeep
|turn|49
|
|t:|1743926532
|move|p1a: Garganacl|Recover|p1a: Garganacl
|-heal|p1a: Garganacl|85/100
|move|p2a: Garganacl|Recover|p2a: Garganacl
|-heal|p2a: Garganacl|90/100
|
|-heal|p2a: Garganacl|96/100|[from] item: Leftovers
|-damage|p1a: Garganacl|73/100|[from] Salt Cure
|-damage|p2a: Garganacl|83/100|[from] Salt Cure
|upkeep
|turn|50
|
|t:|1743926535
|move|p1a: Garganacl|Body Press|p2a: Garganacl
|-damage|p2a: Garganacl|66/100
|move|p2a: Garganacl|Salt Cure|p1a: Garganacl
|-damage|p1a: Garganacl|64/100
|
|-heal|p2a: Garganacl|72/100|[from] item: Leftovers
|-damage|p1a: Garganacl|52/100|[from] Salt Cure
|-damage|p2a: Garganacl|60/100|[from] Salt Cure
|upkeep
|turn|51
|
|t:|1743926545
|move|p1a: Garganacl|Body Press|p2a: Garganacl
|-damage|p2a: Garganacl|44/100
|move|p2a: Garganacl|Recover|p2a: Garganacl
|-heal|p2a: Garganacl|94/100
|
|-heal|p2a: Garganacl|99/100|[from] item: Leftovers
|-damage|p1a: Garganacl|40/100|[from] Salt Cure
|-damage|p2a: Garganacl|87/100|[from] Salt Cure
|upkeep
|turn|52
|
|t:|1743926548
|move|p1a: Garganacl|Recover|p1a: Garganacl
|-heal|p1a: Garganacl|90/100
|move|p2a: Garganacl|Salt Cure|p1a: Garganacl
|-damage|p1a: Garganacl|81/100
|
|-heal|p2a: Garganacl|93/100|[from] item: Leftovers
|-damage|p1a: Garganacl|69/100|[from] Salt Cure
|-damage|p2a: Garganacl|81/100|[from] Salt Cure
|upkeep
|turn|53
|
|t:|1743926556
|move|p1a: Garganacl|Body Press|p2a: Garganacl
|-damage|p2a: Garganacl|64/100
|move|p2a: Garganacl|Salt Cure|p1a: Garganacl
|-damage|p1a: Garganacl|61/100
|
|-heal|p2a: Garganacl|70/100|[from] item: Leftovers
|-damage|p1a: Garganacl|48/100|[from] Salt Cure
|-damage|p2a: Garganacl|57/100|[from] Salt Cure
|upkeep
|turn|54
|
|t:|1743926564
|move|p1a: Garganacl|Body Press|p2a: Garganacl
|-damage|p2a: Garganacl|42/100
|move|p2a: Garganacl|Salt Cure|p1a: Garganacl
|-damage|p1a: Garganacl|40/100
|
|-heal|p2a: Garganacl|48/100|[from] item: Leftovers
|-damage|p1a: Garganacl|27/100|[from] Salt Cure
|-damage|p2a: Garganacl|35/100|[from] Salt Cure
|upkeep
|turn|55
|
|t:|1743926567
|move|p1a: Garganacl|Recover|p1a: Garganacl
|-heal|p1a: Garganacl|77/100
|move|p2a: Garganacl|Recover|p2a: Garganacl
|-heal|p2a: Garganacl|86/100
|
|-heal|p2a: Garganacl|92/100|[from] item: Leftovers
|-damage|p1a: Garganacl|65/100|[from] Salt Cure
|-damage|p2a: Garganacl|79/100|[from] Salt Cure
|upkeep
|turn|56
|
|t:|1743926574
|move|p1a: Garganacl|Body Press|p2a: Garganacl
|-damage|p2a: Garganacl|63/100
|move|p2a: Garganacl|Salt Cure|p1a: Garganacl
|-damage|p1a: Garganacl|56/100
|
|-heal|p2a: Garganacl|69/100|[from] item: Leftovers
|-damage|p1a: Garganacl|44/100|[from] Salt Cure
|-damage|p2a: Garganacl|57/100|[from] Salt Cure
|upkeep
|turn|57
|
|t:|1743926583
|move|p1a: Garganacl|Body Press|p2a: Garganacl
|-damage|p2a: Garganacl|41/100
|move|p2a: Garganacl|Salt Cure|p1a: Garganacl
|-damage|p1a: Garganacl|34/100
|
|-heal|p2a: Garganacl|47/100|[from] item: Leftovers
|-damage|p1a: Garganacl|22/100|[from] Salt Cure
|-damage|p2a: Garganacl|35/100|[from] Salt Cure
|upkeep
|turn|58
|
|t:|1743926592
|move|p1a: Garganacl|Recover|p1a: Garganacl
|-heal|p1a: Garganacl|72/100
|move|p2a: Garganacl|Recover|p2a: Garganacl
|-heal|p2a: Garganacl|85/100
|
|-heal|p2a: Garganacl|91/100|[from] item: Leftovers
|-damage|p1a: Garganacl|60/100|[from] Salt Cure
|-damage|p2a: Garganacl|78/100|[from] Salt Cure
|upkeep
|turn|59
|
|t:|1743926603
|move|p1a: Garganacl|Body Press|p2a: Garganacl
|-damage|p2a: Garganacl|61/100
|move|p2a: Garganacl|Salt Cure|p1a: Garganacl
|-damage|p1a: Garganacl|51/100
|
|-heal|p2a: Garganacl|67/100|[from] item: Leftovers
|-damage|p1a: Garganacl|39/100|[from] Salt Cure
|-damage|p2a: Garganacl|55/100|[from] Salt Cure
|upkeep
|turn|60
|
|t:|1743926612
|move|p1a: Garganacl|Body Press|p2a: Garganacl
|-damage|p2a: Garganacl|38/100
|move|p2a: Garganacl|Salt Cure|p1a: Garganacl
|-damage|p1a: Garganacl|30/100
|
|-heal|p2a: Garganacl|44/100|[from] item: Leftovers
|-damage|p1a: Garganacl|18/100|[from] Salt Cure
|-damage|p2a: Garganacl|31/100|[from] Salt Cure
|upkeep
|turn|61
|
|t:|1743926617
|move|p1a: Garganacl|Body Press|p2a: Garganacl
|-damage|p2a: Garganacl|15/100
|move|p2a: Garganacl|Salt Cure|p1a: Garganacl
|-damage|p1a: Garganacl|8/100
|
|-heal|p2a: Garganacl|22/100|[from] item: Leftovers
|-damage|p1a: Garganacl|0 fnt|[from] Salt Cure
|faint|p1a: Garganacl
|-damage|p2a: Garganacl|9/100|[from] Salt Cure
|upkeep
|
|t:|1743926627
|switch|p1a: Goodra|Goodra-Hisui, F|100/100
|turn|62
|
|t:|1743926633
|move|p1a: Goodra|Ice Beam|p2a: Garganacl
|-supereffective|p2a: Garganacl
|-crit|p2a: Garganacl
|-damage|p2a: Garganacl|0 fnt
|faint|p2a: Garganacl
|
|upkeep
|
|t:|1743926640
|switch|p2a: Tropius|Tropius, F|100/100
|-damage|p2a: Tropius|75/100|[from] Stealth Rock
|turn|63
|
|t:|1743926648
|move|p2a: Tropius|Protect|p2a: Tropius
|-singleturn|p2a: Tropius|Protect
|move|p1a: Goodra|Ice Beam|p2a: Tropius
|-activate|p2a: Tropius|move: Protect
|
|upkeep
|turn|64
|
|t:|1743926654
|switch|p2a: Alomomola|Alomomola, M|100/100 brn
|-damage|p2a: Alomomola|88/100 brn|[from] Stealth Rock
|move|p1a: Goodra|Ice Beam|p2a: Alomomola
|-resisted|p2a: Alomomola
|-damage|p2a: Alomomola|78/100 brn
|
|-damage|p2a: Alomomola|72/100 brn|[from] brn
|upkeep
|turn|65
|
|t:|1743926660
|move|p1a: Goodra|Thunderbolt|p2a: Alomomola
|-supereffective|p2a: Alomomola
|-damage|p2a: Alomomola|33/100 brn
|move|p2a: Alomomola|Wish|p2a: Alomomola
|
|-damage|p2a: Alomomola|27/100 brn|[from] brn
|upkeep
|turn|66
|inactive|kalen80 has 120 seconds left.
|inactive|creatinencalendula has 120 seconds left.
|inactive|kalen80 has 90 seconds left.
|-message|kalen80 forfeited.
|
|win|creatinencalendula
|raw|creatinencalendula's rating: 1232 &rarr; <strong>1256</strong><br />(+24 for winning)
|raw|kalen80's rating: 1216 &rarr; <strong>1192</strong><br />(-24 for losing)
|l|☆kalen80
|player|p2|
|l|☆creatinencalendula
|player|p1|
