|j|☆namiismywife
|j|☆haoran0813
|t:|1743832216
|gametype|singles
|player|p1|namiismywife|rosa-pokestar|1207
|player|p2|haoran0813|266|1182
|teamsize|p1|6
|teamsize|p2|6
|gen|9
|tier|[Gen 9] OU
|rated|
|rule|HP Percentage Mod: HP is shown in percentages
|rule|Endless Battle Clause: Forcing endless battles is banned
|rule|Species Clause: Limit one of each Pokémon
|rule|OHKO Clause: OHKO moves are banned
|rule|Evasion Items Clause: Evasion items are banned
|rule|Evasion Moves Clause: Evasion moves are banned
|rule|Sleep Moves Clause: Sleep-inducing moves are banned
|clearpoke
|poke|p1|Serperior, F|
|poke|p1|Gliscor, F|
|poke|p1|Tinkaton, F|
|poke|p1|Zamazenta-*|
|poke|p1|Moltres|
|poke|p1|Dragonite, F|
|poke|p2|Glimmora, F|
|poke|p2|Zamazenta-*|
|poke|p2|Latias, F|
|poke|p2|Gholdengo|
|poke|p2|Dragonite, M|
|poke|p2|Weavile, F|
|teampreview
|inactive|Battle timer is ON: inactive players will automatically lose when time's up. (requested by namiismywife)
|l|☆haoran0813
|inactive|haoran0813 disconnected and has a minute to reconnect!
|player|p2|
|j|☆haoran0813
|inactive|haoran0813 reconnected and has 125 seconds left.
|player|p2|haoran0813|266|
|inactive|haoran0813 has 120 seconds left.
|
|t:|1743832273
|start
|switch|p1a: Tinkaton|Tinkaton, F|100/100
|switch|p2a: Glimmora|Glimmora, F|100/100
|-item|p1a: Tinkaton|Air Balloon
|turn|1
|
|t:|1743832282
|move|p1a: Tinkaton|Gigaton Hammer|p2a: Glimmora
|-supereffective|p2a: Glimmora
|-crit|p2a: Glimmora
|-damage|p2a: Glimmora|0 fnt
|-activate|p2a: Glimmora|ability: Toxic Debris
|-sidestart|p1: namiismywife|move: Toxic Spikes
|faint|p2a: Glimmora
|
|upkeep
|
|t:|1743832307
|switch|p2a: Gholdengo|Gholdengo|100/100
|turn|2
|inactive|haoran0813 has 120 seconds left.
|
|t:|1743832330
|move|p1a: Tinkaton|Stealth Rock|p2a: Gholdengo
|-sidestart|p2: haoran0813|move: Stealth Rock
|move|p2a: Gholdengo|Nasty Plot|p2a: Gholdengo
|-boost|p2a: Gholdengo|spa|2
|
|upkeep
|turn|3
|inactive|haoran0813 has 120 seconds left.
|
|t:|1743832344
|move|p1a: Tinkaton|Encore|p2a: Gholdengo
|-immune|p2a: Gholdengo|[from] ability: Good as Gold
|move|p2a: Gholdengo|Shadow Ball|p1a: Tinkaton
|-damage|p1a: Tinkaton|24/100
|-unboost|p1a: Tinkaton|spd|1
|-enditem|p1a: Tinkaton|Air Balloon
|
|upkeep
|turn|4
|
|t:|1743832354
|switch|p1a: Zamazenta|Zamazenta|100/100
|-status|p1a: Zamazenta|psn
|-ability|p1a: Zamazenta|Dauntless Shield|boost
|-boost|p1a: Zamazenta|def|1
|move|p2a: Gholdengo|Shadow Ball|p1a: Zamazenta
|-crit|p1a: Zamazenta
|-damage|p1a: Zamazenta|0 fnt
|faint|p1a: Zamazenta
|
|upkeep
|
|t:|1743832372
|switch|p1a: Dragonite|Dragonite, F|100/100
|turn|5
|
|t:|1743832388
|switch|p2a: Dragonite|Dragonite, M|100/100
|-terastallize|p1a: Dragonite|Normal
|move|p1a: Dragonite|Dragon Dance|p1a: Dragonite
|-boost|p1a: Dragonite|atk|1
|-boost|p1a: Dragonite|spe|1
|
|upkeep
|turn|6
|inactive|haoran0813 has 120 seconds left.
|
|t:|1743832411
|move|p1a: Dragonite|Dragon Claw|p2a: Dragonite
|-supereffective|p2a: Dragonite
|-damage|p2a: Dragonite|22/100
|move|p2a: Dragonite|Earthquake|p1a: Dragonite
|-damage|p1a: Dragonite|80/100
|
|upkeep
|turn|7
|inactive|haoran0813 has 120 seconds left.
|
|t:|1743832419
|switch|p2a: Gholdengo|Gholdengo|100/100
|-damage|p2a: Gholdengo|94/100|[from] Stealth Rock
|move|p1a: Dragonite|Extreme Speed|p2a: Gholdengo
|-immune|p2a: Gholdengo
|
|upkeep
|turn|8
|inactive|haoran0813 has 120 seconds left.
|
|t:|1743832439
|switch|p2a: Dragonite|Dragonite, M|22/100
|move|p1a: Dragonite|Earthquake|p2a: Dragonite
|-immune|p2a: Dragonite
|
|upkeep
|turn|9
|
|t:|1743832455
|move|p1a: Dragonite|Extreme Speed|p2a: Dragonite
|-damage|p2a: Dragonite|0 fnt
|faint|p2a: Dragonite
|
|upkeep
|
|t:|1743832462
|switch|p2a: Zamazenta|Zamazenta|100/100
|-damage|p2a: Zamazenta|94/100|[from] Stealth Rock
|-ability|p2a: Zamazenta|Dauntless Shield|boost
|-boost|p2a: Zamazenta|def|1
|turn|10
|
|t:|1743832479
|switch|p1a: Gliscor|Gliscor, F|100/100
|move|p2a: Zamazenta|Iron Defense|p2a: Zamazenta
|-boost|p2a: Zamazenta|def|2
|
|-heal|p2a: Zamazenta|100/100|[from] item: Leftovers
|-status|p1a: Gliscor|tox|[from] item: Toxic Orb
|upkeep
|turn|11
|
|t:|1743832484
|move|p2a: Zamazenta|Substitute|p2a: Zamazenta
|-start|p2a: Zamazenta|Substitute
|-damage|p2a: Zamazenta|76/100
|move|p1a: Gliscor|Toxic||[still]
|-fail|p1a: Gliscor
|
|-heal|p2a: Zamazenta|82/100|[from] item: Leftovers
|upkeep
|turn|12
|inactive|haoran0813 has 120 seconds left.
|
|t:|1743832493
|switch|p1a: Moltres|Moltres|100/100
|move|p2a: Zamazenta|Iron Defense|p2a: Zamazenta
|-boost|p2a: Zamazenta|def|2
|
|-heal|p2a: Zamazenta|88/100|[from] item: Leftovers
|upkeep
|turn|13
|inactive|haoran0813 has 120 seconds left.
|
|t:|1743832506
|move|p2a: Zamazenta|Body Press|p1a: Moltres
|-resisted|p1a: Moltres
|-damage|p1a: Moltres|62/100
|move|p1a: Moltres|Roar|p2a: Zamazenta
|drag|p2a: Latias|Latias, F|100/100
|-damage|p2a: Latias|88/100|[from] Stealth Rock
|
|-heal|p2a: Latias|94/100|[from] item: Leftovers
|upkeep
|turn|14
|inactive|haoran0813 has 120 seconds left.
|
|t:|1743832523
|move|p2a: Latias|Calm Mind|p2a: Latias
|-boost|p2a: Latias|spa|1
|-boost|p2a: Latias|spd|1
|move|p1a: Moltres|Roost|p1a: Moltres
|-heal|p1a: Moltres|100/100
|-singleturn|p1a: Moltres|move: Roost
|
|-heal|p2a: Latias|100/100|[from] item: Leftovers
|upkeep
|turn|15
|
|t:|1743832531
|switch|p1a: Tinkaton|Tinkaton, F|24/100
|move|p2a: Latias|Agility|p2a: Latias
|-boost|p2a: Latias|spe|2
|
|upkeep
|turn|16
|
|t:|1743832545
|move|p2a: Latias|Stored Power|p1a: Tinkaton
|-resisted|p1a: Tinkaton
|-damage|p1a: Tinkaton|0 fnt
|faint|p1a: Tinkaton
|
|upkeep
|
|t:|1743832561
|switch|p1a: Dragonite|Dragonite, F, tera:Normal|80/100
|turn|17
|
|t:|1743832573
|-terastallize|p2a: Latias|Fairy
|move|p1a: Dragonite|Extreme Speed|p2a: Latias
|-damage|p2a: Latias|57/100
|move|p2a: Latias|Calm Mind|p2a: Latias
|-boost|p2a: Latias|spa|1
|-boost|p2a: Latias|spd|1
|
|-heal|p2a: Latias|63/100|[from] item: Leftovers
|upkeep
|turn|18
|
|t:|1743832585
|move|p1a: Dragonite|Extreme Speed|p2a: Latias
|-damage|p2a: Latias|24/100
|move|p2a: Latias|Stored Power|p1a: Dragonite
|-damage|p1a: Dragonite|0 fnt
|faint|p1a: Dragonite
|
|-heal|p2a: Latias|31/100|[from] item: Leftovers
|upkeep
|
|t:|1743832600
|switch|p1a: Serperior|Serperior, F|100/100
|-status|p1a: Serperior|psn
|turn|19
|
|t:|1743832606
|move|p2a: Latias|Draining Kiss|p1a: Serperior
|-damage|p1a: Serperior|55/100 psn
|-heal|p2a: Latias|64/100|[from] drain|[of] p1a: Serperior
|move|p1a: Serperior|Glare|p2a: Latias
|-status|p2a: Latias|par
|
|-heal|p2a: Latias|70/100 par|[from] item: Leftovers
|-heal|p1a: Serperior|61/100 psn|[from] item: Leftovers
|-damage|p1a: Serperior|49/100 psn|[from] psn
|upkeep
|turn|20
|
|t:|1743832616
|move|p2a: Latias|Stored Power|p1a: Serperior
|-damage|p1a: Serperior|0 fnt
|faint|p1a: Serperior
|
|-heal|p2a: Latias|76/100 par|[from] item: Leftovers
|upkeep
|
|t:|1743832620
|switch|p1a: Gliscor|Gliscor, F|100/100 tox
|turn|21
|
|t:|1743832626
|move|p2a: Latias|Stored Power|p1a: Gliscor
|-damage|p1a: Gliscor|0 fnt
|faint|p1a: Gliscor
|
|-heal|p2a: Latias|82/100 par|[from] item: Leftovers
|upkeep
|
|t:|1743832629
|switch|p1a: Moltres|Moltres|100/100
|turn|22
|
|t:|1743832636
|move|p2a: Latias|Stored Power|p1a: Moltres
|-damage|p1a: Moltres|0 fnt
|faint|p1a: Moltres
|
|win|haoran0813
|raw|namiismywife's rating: 1207 &rarr; <strong>1180</strong><br />(-27 for losing)
|raw|haoran0813's rating: 1182 &rarr; <strong>1209</strong><br />(+27 for winning)
|l|☆haoran0813
|player|p2|
|l|☆namiismywife
|player|p1|
