|j|☆m0chaman_829
|j|☆Thenix12
|t:|1743936640
|gametype|singles
|player|p1|m0chaman_829|noland-gen3|1403
|player|p2|Thenix12|nurse|1389
|teamsize|p1|6
|teamsize|p2|6
|gen|9
|tier|[Gen 9] OU
|rated|
|rule|HP Percentage Mod: HP is shown in percentages
|rule|Endless Battle Clause: Forcing endless battles is banned
|rule|Species Clause: Limit one of each Pokémon
|rule|OHKO Clause: OHKO moves are banned
|rule|Evasion Items Clause: Evasion items are banned
|rule|Evasion Moves Clause: Evasion moves are banned
|rule|Sleep Moves Clause: Sleep-inducing moves are banned
|clearpoke
|poke|p1|Glimmora, M|
|poke|p1|Iron Valiant|
|poke|p1|Kingambit, M|
|poke|p1|Iron Boulder|
|poke|p1|Iron Moth|
|poke|p1|Moltres-Galar|
|poke|p2|Emboar, M|
|poke|p2|Cinccino, F|
|poke|p2|Hydrapple, M|
|poke|p2|Iron Crown|
|poke|p2|Basculin-Blue-Striped, F|
|poke|p2|Clodsire, F|
|teampreview
|inactive|Battle timer is ON: inactive players will automatically lose when time's up. (requested by m0chaman_829)
|
|t:|1743936650
|start
|switch|p1a: Glimmora|Glimmora, M|100/100
|switch|p2a: Basculin|Basculin-Blue-Striped, F|100/100
|turn|1
|
|t:|1743936656
|move|p2a: Basculin|Hydro Pump|p1a: Glimmora
|-supereffective|p1a: Glimmora
|-enditem|p1a: Glimmora|Focus Sash
|-damage|p1a: Glimmora|1/100
|move|p1a: Glimmora|Stealth Rock|p2a: Basculin
|-sidestart|p2: Thenix12|move: Stealth Rock
|
|upkeep
|turn|2
|
|t:|1743936662
|move|p2a: Basculin|Tera Blast|p1a: Glimmora
|-resisted|p1a: Glimmora
|-damage|p1a: Glimmora|0 fnt
|faint|p1a: Glimmora
|
|upkeep
|
|t:|1743936674
|switch|p1a: Iron Valiant|Iron Valiant|100/100
|-enditem|p1a: Iron Valiant|Booster Energy
|-activate|p1a: Iron Valiant|ability: Quark Drive|[fromitem]
|-start|p1a: Iron Valiant|quarkdrivespe
|turn|3
|
|t:|1743936682
|switch|p2a: Clodsire|Clodsire, F|100/100
|-damage|p2a: Clodsire|94/100|[from] Stealth Rock
|move|p1a: Iron Valiant|Moonblast|p2a: Clodsire
|-resisted|p2a: Clodsire
|-damage|p2a: Clodsire|82/100
|
|-heal|p2a: Clodsire|88/100|[from] item: Leftovers
|upkeep
|turn|4
|
|t:|1743936690
|move|p1a: Iron Valiant|Knock Off|p2a: Clodsire
|-damage|p2a: Clodsire|55/100
|-enditem|p2a: Clodsire|Leftovers|[from] move: Knock Off|[of] p1a: Iron Valiant
|move|p2a: Clodsire|Stealth Rock|p1a: Iron Valiant
|-sidestart|p1: m0chaman_829|move: Stealth Rock
|
|upkeep
|turn|5
|
|t:|1743936696
|move|p1a: Iron Valiant|Encore|p2a: Clodsire
|-start|p2a: Clodsire|Encore
|move|p2a: Clodsire|Stealth Rock||[still]
|-fail|p2a: Clodsire
|
|upkeep
|turn|6
|
|t:|1743936710
|switch|p2a: Iron Crown|Iron Crown|100/100
|-damage|p2a: Iron Crown|94/100|[from] Stealth Rock
|-enditem|p2a: Iron Crown|Booster Energy
|-activate|p2a: Iron Crown|ability: Quark Drive|[fromitem]
|-start|p2a: Iron Crown|quarkdrivespa
|move|p1a: Iron Valiant|Knock Off|p2a: Iron Crown
|-supereffective|p2a: Iron Crown
|-damage|p2a: Iron Crown|56/100
|
|upkeep
|turn|7
|
|t:|1743936729
|move|p1a: Iron Valiant|Knock Off|p2a: Iron Crown
|-supereffective|p2a: Iron Crown
|-damage|p2a: Iron Crown|19/100
|move|p2a: Iron Crown|Tachyon Cutter|p1a: Iron Valiant
|-supereffective|p1a: Iron Valiant
|-damage|p1a: Iron Valiant|0 fnt
|faint|p1a: Iron Valiant
|-end|p1a: Iron Valiant|Quark Drive|[silent]
|-hitcount|p1: Iron Valiant|1
|
|upkeep
|
|t:|1743936745
|switch|p1a: Iron Moth|Iron Moth|100/100
|-damage|p1a: Iron Moth|76/100|[from] Stealth Rock
|-enditem|p1a: Iron Moth|Booster Energy
|-activate|p1a: Iron Moth|ability: Quark Drive|[fromitem]
|-start|p1a: Iron Moth|quarkdrivespe
|turn|8
|
|t:|1743936754
|-end|p2a: Iron Crown|Quark Drive|[silent]
|switch|p2a: Clodsire|Clodsire, F|55/100
|-damage|p2a: Clodsire|49/100|[from] Stealth Rock
|move|p1a: Iron Moth|Fiery Dance|p2a: Clodsire
|-damage|p2a: Clodsire|28/100
|-boost|p1a: Iron Moth|spa|1
|
|upkeep
|turn|9
|
|t:|1743936767
|-terastallize|p1a: Iron Moth|Ground
|move|p1a: Iron Moth|Tera Blast|p2a: Clodsire|[anim] Tera Blast Ground
|-supereffective|p2a: Clodsire
|-damage|p2a: Clodsire|0 fnt
|faint|p2a: Clodsire
|
|upkeep
|
|t:|1743936782
|switch|p2a: Emboar|Emboar, M|100/100
|-damage|p2a: Emboar|88/100|[from] Stealth Rock
|turn|10
|
|t:|1743936787
|move|p2a: Emboar|Sucker Punch|p1a: Iron Moth
|-damage|p1a: Iron Moth|22/100
|move|p1a: Iron Moth|Tera Blast|p2a: Emboar|[anim] Tera Blast Ground
|-supereffective|p2a: Emboar
|-damage|p2a: Emboar|0 fnt
|faint|p2a: Emboar
|
|upkeep
|
|t:|1743936790
|switch|p2a: Basculin|Basculin-Blue-Striped, F|100/100
|-damage|p2a: Basculin|88/100|[from] Stealth Rock
|turn|11
|
|t:|1743936796
|move|p2a: Basculin|Aqua Jet|p1a: Iron Moth
|-supereffective|p1a: Iron Moth
|-damage|p1a: Iron Moth|0 fnt
|faint|p1a: Iron Moth
|-end|p1a: Iron Moth|Quark Drive|[silent]
|
|upkeep
|
|t:|1743936804
|switch|p1a: Iron Boulder|Iron Boulder|100/100
|-damage|p1a: Iron Boulder|88/100|[from] Stealth Rock
|-enditem|p1a: Iron Boulder|Booster Energy
|-activate|p1a: Iron Boulder|ability: Quark Drive|[fromitem]
|-start|p1a: Iron Boulder|quarkdrivespe
|turn|12
|
|t:|1743936813
|switch|p2a: Hydrapple|Hydrapple, M|100/100
|-damage|p2a: Hydrapple|88/100|[from] Stealth Rock
|move|p1a: Iron Boulder|Mighty Cleave|p2a: Hydrapple
|-damage|p2a: Hydrapple|64/100
|-damage|p1a: Iron Boulder|72/100|[from] item: Rocky Helmet|[of] p2a: Hydrapple
|
|upkeep
|turn|13
|
|t:|1743936825
|move|p1a: Iron Boulder|Swords Dance|p1a: Iron Boulder
|-boost|p1a: Iron Boulder|atk|2
|move|p2a: Hydrapple|Giga Drain|p1a: Iron Boulder
|-supereffective|p1a: Iron Boulder
|-damage|p1a: Iron Boulder|8/100
|-heal|p2a: Hydrapple|89/100|[from] drain|[of] p1a: Iron Boulder
|
|upkeep
|turn|14
|
|t:|1743936828
|move|p1a: Iron Boulder|Mighty Cleave|p2a: Hydrapple
|-damage|p2a: Hydrapple|34/100
|-damage|p1a: Iron Boulder|0 fnt|[from] item: Rocky Helmet|[of] p2a: Hydrapple
|faint|p1a: Iron Boulder
|-end|p1a: Iron Boulder|Quark Drive|[silent]
|move|p2a: Hydrapple|Giga Drain|p1: Iron Boulder|[notarget]
|-fail|p2a: Hydrapple
|
|upkeep
|
|t:|1743936839
|switch|p1a: Moltres|Moltres-Galar|100/100
|-damage|p1a: Moltres|76/100|[from] Stealth Rock
|turn|15
|
|t:|1743936859
|switch|p2a: Iron Crown|Iron Crown|19/100
|-damage|p2a: Iron Crown|13/100|[from] Stealth Rock
|move|p1a: Moltres|Agility|p1a: Moltres
|-boost|p1a: Moltres|spe|2
|
|upkeep
|turn|16
|
|t:|1743936869
|move|p1a: Moltres|Fiery Wrath|p2a: Iron Crown
|-supereffective|p2a: Iron Crown
|-damage|p2a: Iron Crown|0 fnt
|faint|p2a: Iron Crown
|-end|p2a: Iron Crown|Quark Drive|[silent]
|
|upkeep
|
|t:|1743936872
|switch|p2a: Cinccino|Cinccino, F|100/100
|-damage|p2a: Cinccino|88/100|[from] Stealth Rock
|turn|17
|
|t:|1743936875
|move|p1a: Moltres|Fiery Wrath|p2a: Cinccino
|-damage|p2a: Cinccino|12/100
|move|p2a: Cinccino|Tidy Up|p2a: Cinccino
|-sideend|p2: Thenix12|Stealth Rock
|-sideend|p1: m0chaman_829|Stealth Rock
|-activate|p2a: Cinccino|move: Tidy Up
|-boost|p2a: Cinccino|atk|1
|-boost|p2a: Cinccino|spe|1
|
|upkeep
|turn|18
|
|t:|1743936884
|move|p1a: Moltres|Fiery Wrath|p2a: Cinccino
|-damage|p2a: Cinccino|0 fnt
|faint|p2a: Cinccino
|
|upkeep
|
|t:|1743936888
|switch|p2a: Basculin|Basculin-Blue-Striped, F|88/100
|turn|19
|
|t:|1743936893
|-terastallize|p2a: Basculin|Fairy
|move|p1a: Moltres|Fiery Wrath|p2a: Basculin
|-resisted|p2a: Basculin
|-damage|p2a: Basculin|42/100
|move|p2a: Basculin|Blizzard|p1a: Moltres|[miss]
|-miss|p2a: Basculin|p1a: Moltres
|
|upkeep
|turn|20
|
|t:|1743936904
|move|p2a: Basculin|Aqua Jet|p1a: Moltres
|-damage|p1a: Moltres|59/100
|move|p1a: Moltres|Tera Blast|p2a: Basculin
|-damage|p2a: Basculin|0 fnt
|faint|p2a: Basculin
|
|upkeep
|
|t:|1743936906
|switch|p2a: Hydrapple|Hydrapple, M|67/100
|turn|21
|
|t:|1743936912
|move|p1a: Moltres|Fiery Wrath|p2a: Hydrapple
|-damage|p2a: Hydrapple|28/100
|move|p2a: Hydrapple|Recover|p2a: Hydrapple
|-heal|p2a: Hydrapple|78/100
|
|upkeep
|turn|22
|
|t:|1743936919
|move|p1a: Moltres|Fiery Wrath|p2a: Hydrapple
|-damage|p2a: Hydrapple|36/100
|move|p2a: Hydrapple|Recover|p2a: Hydrapple
|-heal|p2a: Hydrapple|86/100
|
|upkeep
|turn|23
|
|t:|1743936924
|move|p1a: Moltres|Fiery Wrath|p2a: Hydrapple
|-damage|p2a: Hydrapple|46/100
|move|p2a: Hydrapple|Body Press|p1a: Moltres
|-damage|p1a: Moltres|28/100
|-ability|p1a: Moltres|Berserk|boost
|-boost|p1a: Moltres|spa|1
|-enditem|p1a: Moltres|Sitrus Berry|[eat]
|-heal|p1a: Moltres|53/100|[from] item: Sitrus Berry
|
|upkeep
|turn|24
|
|t:|1743936930
|move|p1a: Moltres|Fiery Wrath|p2a: Hydrapple
|-damage|p2a: Hydrapple|0 fnt
|faint|p2a: Hydrapple
|
|win|m0chaman_829
|raw|m0chaman_829's rating: 1403 &rarr; <strong>1422</strong><br />(+19 for winning)
|raw|Thenix12's rating: 1389 &rarr; <strong>1370</strong><br />(-19 for losing)
|l|☆Thenix12
|player|p2|
|c|☆m0chaman_829|gg
|l|☆m0chaman_829
|player|p1|
