|j|☆raabsmd
|j|☆peanutlover01
|t:|1743800648
|gametype|singles
|player|p1|raabsmd|ghetsis|
|player|p2|peanutlover01|102|
|teamsize|p1|6
|teamsize|p2|6
|gen|9
|tier|[Gen 9] OU
|rule|HP Percentage Mod: HP is shown in percentages
|rule|Endless Battle Clause: Forcing endless battles is banned
|rule|Species Clause: Limit one of each Pokémon
|rule|OHKO Clause: OHKO moves are banned
|rule|Evasion Items Clause: Evasion items are banned
|rule|Evasion Moves Clause: Evasion moves are banned
|rule|Sleep Moves Clause: Sleep-inducing moves are banned
|clearpoke
|poke|p1|Samurott-Hisui, F|
|poke|p1|Iron Valiant|
|poke|p1|Pecharunt|
|poke|p1|Reuniclus, F|
|poke|p1|Darkrai|
|poke|p1|Kingambit, F|
|poke|p2|Darkrai|
|poke|p2|Latios, M|
|poke|p2|Zamazenta-*|
|poke|p2|Great Tusk|
|poke|p2|Heatran, F|
|poke|p2|Meowscarada, M|
|teampreview
|
|t:|1743800656
|start
|switch|p1a: Samurott|Samurott-Hisui, F|100/100
|switch|p2a: Darkrai|Darkrai|100/100
|turn|1
|inactive|Battle timer is ON: inactive players will automatically lose when time's up. (requested by raabsmd)
|
|t:|1743800698
|move|p2a: Darkrai|Trick|p1a: Samurott
|-activate|p2a: Darkrai|move: Trick|[of] p1a: Samurott
|-item|p1a: Samurott|Choice Specs|[from] move: Trick
|-item|p2a: Darkrai|Focus Sash|[from] move: Trick
|move|p1a: Samurott|Ceaseless Edge|p2a: Darkrai
|-resisted|p2a: Darkrai
|-damage|p2a: Darkrai|72/100
|-sidestart|p2: peanutlover01|Spikes
|
|upkeep
|turn|2
|
|t:|1743800720
|move|p2a: Darkrai|Sludge Bomb|p1a: Samurott
|-damage|p1a: Samurott|53/100
|-status|p1a: Samurott|psn
|move|p1a: Samurott|Ceaseless Edge|p2a: Darkrai
|-resisted|p2a: Darkrai
|-damage|p2a: Darkrai|44/100
|-sidestart|p2: peanutlover01|Spikes
|
|-damage|p1a: Samurott|41/100 psn|[from] psn
|upkeep
|turn|3
|
|t:|1743800731
|move|p2a: Darkrai|Dark Pulse|p1a: Samurott
|-resisted|p1a: Samurott
|-damage|p1a: Samurott|8/100 psn
|move|p1a: Samurott|Ceaseless Edge|p2a: Darkrai
|-resisted|p2a: Darkrai
|-damage|p2a: Darkrai|15/100
|-sidestart|p2: peanutlover01|Spikes
|
|-damage|p1a: Samurott|0 fnt|[from] psn
|faint|p1a: Samurott
|upkeep
|inactive|raabsmd has 270 seconds left.
|
|t:|1743800752
|switch|p1a: Iron Valiant|Iron Valiant|100/100
|-enditem|p1a: Iron Valiant|Booster Energy
|-activate|p1a: Iron Valiant|ability: Quark Drive|[fromitem]
|-start|p1a: Iron Valiant|quarkdrivespa
|turn|4
|inactive|raabsmd has 270 seconds left.
|
|t:|1743800763
|move|p1a: Iron Valiant|Vacuum Wave|p2a: Darkrai
|-supereffective|p2a: Darkrai
|-damage|p2a: Darkrai|0 fnt
|faint|p2a: Darkrai
|
|upkeep
|
|t:|1743800775
|switch|p2a: Latios|Latios, M|100/100
|turn|5
|
|t:|1743800781
|move|p2a: Latios|Luster Purge|p1a: Iron Valiant
|-supereffective|p1a: Iron Valiant
|-damage|p1a: Iron Valiant|0 fnt
|faint|p1a: Iron Valiant
|-end|p1a: Iron Valiant|Quark Drive|[silent]
|
|upkeep
|
|t:|1743800788
|switch|p1a: Darkrai|Darkrai|100/100
|turn|6
|
|t:|1743800813
|switch|p2a: Heatran|Heatran, F|100/100
|-damage|p2a: Heatran|75/100|[from] Spikes
|move|p1a: Darkrai|Knock Off|p2a: Heatran
|-damage|p2a: Heatran|43/100
|-status|p1a: Darkrai|brn|[from] ability: Flame Body|[of] p2a: Heatran
|-enditem|p2a: Heatran|Leftovers|[from] move: Knock Off|[of] p1a: Darkrai
|
|-damage|p1a: Darkrai|94/100 brn|[from] brn
|upkeep
|turn|7
|
|t:|1743800829
|move|p1a: Darkrai|Dark Pulse|p2a: Heatran
|-damage|p2a: Heatran|9/100
|move|p2a: Heatran|Magma Storm|p1a: Darkrai
|-damage|p1a: Darkrai|20/100 brn
|-activate|p1a: Darkrai|move: Magma Storm|[of] p2a: Heatran
|
|-damage|p1a: Darkrai|14/100 brn|[from] brn
|-damage|p1a: Darkrai|2/100 brn|[from] move: Magma Storm|[partiallytrapped]
|upkeep
|turn|8
|inactive|peanutlover01 has 270 seconds left.
|
|t:|1743800850
|move|p1a: Darkrai|Knock Off|p2a: Heatran
|-damage|p2a: Heatran|0 fnt
|faint|p2a: Heatran
|
|-damage|p1a: Darkrai|0 fnt|[from] brn
|faint|p1a: Darkrai
|upkeep
|inactive|peanutlover01 has 270 seconds left.
|
|t:|1743800858
|switch|p1a: Pecharunt|Pecharunt|100/100
|switch|p2a: Latios|Latios, M|100/100
|turn|9
|inactive|peanutlover01 has 270 seconds left.
|
|t:|1743800891
|switch|p1a: Kingambit|Kingambit, F|100/100
|-activate|p1a: Kingambit|ability: Supreme Overlord
|-start|p1a: Kingambit|fallen3|[silent]
|move|p2a: Latios|Draco Meteor|p1a: Kingambit|[miss]
|-miss|p2a: Latios|p1a: Kingambit
|
|upkeep
|turn|10
|
|t:|1743800903
|-end|p1a: Kingambit|fallen3|[silent]
|switch|p1a: Pecharunt|Pecharunt|100/100
|-terastallize|p2a: Latios|Steel
|move|p2a: Latios|Draco Meteor|p1a: Pecharunt
|-damage|p1a: Pecharunt|0 fnt
|-unboost|p2a: Latios|spa|2
|faint|p1a: Pecharunt
|
|upkeep
|
|t:|1743800913
|switch|p1a: Reuniclus|Reuniclus, F|100/100
|turn|11
|
|t:|1743800924
|move|p2a: Latios|Draco Meteor|p1a: Reuniclus
|-damage|p1a: Reuniclus|59/100
|-unboost|p2a: Latios|spa|2
|move|p1a: Reuniclus|Trick Room|p1a: Reuniclus
|-fieldstart|move: Trick Room|[of] p1a: Reuniclus
|
|upkeep
|turn|12
|
|t:|1743800932
|-terastallize|p1a: Reuniclus|Fighting
|move|p1a: Reuniclus|Focus Blast|p2a: Latios
|-supereffective|p2a: Latios
|-damage|p2a: Latios|0 fnt
|faint|p2a: Latios
|
|upkeep
|
|t:|1743800949
|switch|p2a: Zamazenta|Zamazenta|100/100
|-damage|p2a: Zamazenta|76/100|[from] Spikes
|-ability|p2a: Zamazenta|Dauntless Shield|boost
|-boost|p2a: Zamazenta|def|1
|turn|13
|
|t:|1743800955
|move|p1a: Reuniclus|Shadow Ball|p2a: Zamazenta
|-damage|p2a: Zamazenta|46/100
|-unboost|p2a: Zamazenta|spd|1
|move|p2a: Zamazenta|Body Press|p1a: Reuniclus
|-damage|p1a: Reuniclus|10/100
|
|-heal|p2a: Zamazenta|52/100|[from] item: Leftovers
|upkeep
|turn|14
|
|t:|1743800968
|move|p1a: Reuniclus|Shadow Ball|p2a: Zamazenta
|-damage|p2a: Zamazenta|5/100
|move|p2a: Zamazenta|Crunch|p1a: Reuniclus
|-resisted|p1a: Reuniclus
|-damage|p1a: Reuniclus|0 fnt
|faint|p1a: Reuniclus
|
|-heal|p2a: Zamazenta|11/100|[from] item: Leftovers
|upkeep
|
|t:|1743800978
|switch|p1a: Kingambit|Kingambit, F|100/100
|-activate|p1a: Kingambit|ability: Supreme Overlord
|-start|p1a: Kingambit|fallen5|[silent]
|turn|15
|
|t:|1743800983
|move|p1a: Kingambit|Kowtow Cleave|p2a: Zamazenta
|-resisted|p2a: Zamazenta
|-damage|p2a: Zamazenta|0 fnt
|faint|p2a: Zamazenta
|
|-fieldend|move: Trick Room
|upkeep
|inactive|peanutlover01 has 270 seconds left.
|
|t:|1743801009
|switch|p2a: Meowscarada|Meowscarada, M|100/100
|-damage|p2a: Meowscarada|76/100|[from] Spikes
|turn|16
|
|t:|1743801016
|move|p2a: Meowscarada|U-turn|p1a: Kingambit
|-start|p2a: Meowscarada|typechange|Bug|[from] ability: Protean
|-damage|p1a: Kingambit|67/100
|
|t:|1743801021
|switch|p2a: Great Tusk|Great Tusk|100/100|[from] U-turn
|-damage|p2a: Great Tusk|76/100|[from] Spikes
|move|p1a: Kingambit|Swords Dance|p1a: Kingambit
|-boost|p1a: Kingambit|atk|2
|
|-heal|p2a: Great Tusk|82/100|[from] item: Leftovers
|upkeep
|turn|17
|inactive|peanutlover01 has 240 seconds left.
|
|t:|1743801075
|move|p2a: Great Tusk|Earthquake|p1a: Kingambit
|-supereffective|p1a: Kingambit
|-damage|p1a: Kingambit|0 fnt
|faint|p1a: Kingambit
|-end|p1a: Kingambit|fallen5|[silent]
|
|win|peanutlover01
