|j|☆hshfhshsgf
|j|☆Iminisis
|t:|1743836894
|gametype|singles
|player|p1|hshfhshsgf|265|1128
|player|p2|Iminisis|101|1185
|teamsize|p1|6
|teamsize|p2|6
|gen|9
|tier|[Gen 9] OU
|rated|
|rule|HP Percentage Mod: HP is shown in percentages
|rule|Endless Battle Clause: Forcing endless battles is banned
|rule|Species Clause: Limit one of each Pokémon
|rule|OHKO Clause: OHKO moves are banned
|rule|Evasion Items Clause: Evasion items are banned
|rule|Evasion Moves Clause: Evasion moves are banned
|rule|Sleep Moves Clause: Sleep-inducing moves are banned
|clearpoke
|poke|p1|Landorus-Therian, M|
|poke|p1|Dondozo, F|
|poke|p1|Iron Moth|
|poke|p1|Maushold|
|poke|p1|Mew|
|poke|p1|Duraludon, F|
|poke|p2|Zamazenta-*|
|poke|p2|Dragapult, M|
|poke|p2|Dondozo, F|
|poke|p2|Weezing-Galar, F|
|poke|p2|Great Tusk|
|poke|p2|Scizor, F|
|teampreview
|
|t:|1743836905
|start
|switch|p1a: Mew|Mew|100/100
|switch|p2a: Dragapult|Dragapult, M|100/100
|turn|1
|
|t:|1743836910
|move|p2a: Dragapult|U-turn|p1a: Mew
|-supereffective|p1a: Mew
|-crit|p1a: Mew
|-damage|p1a: Mew|48/100
|-enditem|p1a: Mew|Weakness Policy
|-boost|p1a: Mew|atk|2|[from] item: Weakness Policy
|-boost|p1a: Mew|spa|2|[from] item: Weakness Policy
|
|t:|1743836919
|switch|p2a: Donald Tusk|Great Tusk|100/100|[from] U-turn
|-enditem|p2a: Donald Tusk|Booster Energy
|-activate|p2a: Donald Tusk|ability: Protosynthesis|[fromitem]
|-start|p2a: Donald Tusk|protosynthesisspe
|move|p1a: Mew|Thunder Wave|p2a: Donald Tusk
|-immune|p2a: Donald Tusk
|
|upkeep
|turn|2
|
|t:|1743836931
|move|p2a: Donald Tusk|Bulk Up|p2a: Donald Tusk
|-boost|p2a: Donald Tusk|atk|1
|-boost|p2a: Donald Tusk|def|1
|move|p1a: Mew|Psychic|p2a: Donald Tusk
|-supereffective|p2a: Donald Tusk
|-damage|p2a: Donald Tusk|0 fnt
|faint|p2a: Donald Tusk
|-end|p2a: Donald Tusk|Protosynthesis|[silent]
|
|upkeep
|
|t:|1743836938
|switch|p2a: Scizor|Scizor, F|100/100
|turn|3
|
|t:|1743836947
|move|p1a: Mew|Stealth Rock|p2a: Scizor
|-sidestart|p2: Iminisis|move: Stealth Rock
|move|p2a: Scizor|Swords Dance|p2a: Scizor
|-boost|p2a: Scizor|atk|2
|
|upkeep
|turn|4
|
|t:|1743836952
|move|p2a: Scizor|Bullet Punch|p1a: Mew
|-damage|p1a: Mew|0 fnt
|faint|p1a: Mew
|-damage|p2a: Scizor|91/100|[from] item: Life Orb
|
|upkeep
|
|t:|1743836958
|switch|p1a: Iron Moth|Iron Moth, shiny|100/100
|-enditem|p1a: Iron Moth|Booster Energy
|-activate|p1a: Iron Moth|ability: Quark Drive|[fromitem]
|-start|p1a: Iron Moth|quarkdrivespa
|turn|5
|
|t:|1743836964
|switch|p2a: Sealax|Dondozo, F|100/100
|-damage|p2a: Sealax|88/100|[from] Stealth Rock
|move|p1a: Iron Moth|Fiery Dance|p2a: Sealax
|-resisted|p2a: Sealax
|-damage|p2a: Sealax|68/100
|
|-heal|p2a: Sealax|75/100|[from] item: Leftovers
|upkeep
|turn|6
|
|t:|1743836973
|-terastallize|p1a: Iron Moth|Grass
|move|p1a: Iron Moth|Energy Ball|p2a: Sealax
|-supereffective|p2a: Sealax
|-damage|p2a: Sealax|0 fnt
|faint|p2a: Sealax
|
|upkeep
|
|t:|1743836982
|switch|p2a: Weezing-Bong|Weezing-Galar, F|100/100
|-ability|p2a: Weezing-Bong|Neutralizing Gas
|turn|7
|
|t:|1743836991
|move|p1a: Iron Moth|Fiery Dance|p2a: Weezing-Bong
|-damage|p2a: Weezing-Bong|35/100
|-boost|p1a: Iron Moth|spa|1
|move|p2a: Weezing-Bong|Overheat|p1a: Iron Moth
|-supereffective|p1a: Iron Moth
|-damage|p1a: Iron Moth|41/100
|-unboost|p2a: Weezing-Bong|spa|2
|
|upkeep
|turn|8
|
|t:|1743836999
|move|p1a: Iron Moth|Fiery Dance|p2a: Weezing-Bong
|-damage|p2a: Weezing-Bong|0 fnt
|faint|p2a: Weezing-Bong
|-end|p2a: Weezing-Bong|ability: Neutralizing Gas
|
|upkeep
|
|t:|1743837004
|switch|p2a: Dragapult|Dragapult, M|100/100
|-damage|p2a: Dragapult|88/100|[from] Stealth Rock
|turn|9
|
|t:|1743837009
|move|p2a: Dragapult|Fire Blast|p1a: Iron Moth
|-supereffective|p1a: Iron Moth
|-damage|p1a: Iron Moth|0 fnt
|faint|p1a: Iron Moth
|-end|p1a: Iron Moth|Quark Drive|[silent]
|
|upkeep
|
|t:|1743837018
|switch|p1a: Maushold|Maushold|100/100
|turn|10
|
|t:|1743837022
|move|p2a: Dragapult|Fire Blast|p1a: Maushold
|-damage|p1a: Maushold|34/100
|move|p1a: Maushold|Tidy Up|p1a: Maushold
|-sideend|p2: Iminisis|Stealth Rock
|-activate|p1a: Maushold|move: Tidy Up
|-boost|p1a: Maushold|atk|1
|-boost|p1a: Maushold|spe|1
|
|upkeep
|turn|11
|
|t:|1743837030
|switch|p2a: Zamazenta|Zamazenta|100/100
|-ability|p2a: Zamazenta|Dauntless Shield|boost
|-boost|p2a: Zamazenta|def|1
|move|p1a: Maushold|Crunch|p2a: Zamazenta
|-resisted|p2a: Zamazenta
|-damage|p2a: Zamazenta|94/100
|-unboost|p2a: Zamazenta|def|1
|
|upkeep
|turn|12
|
|t:|1743837038
|move|p1a: Maushold|Population Bomb|p2a: Zamazenta
|-damage|p2a: Zamazenta|81/100
|-damage|p2a: Zamazenta|68/100
|-damage|p2a: Zamazenta|54/100
|-damage|p2a: Zamazenta|42/100
|-damage|p2a: Zamazenta|29/100
|-damage|p2a: Zamazenta|17/100
|-damage|p2a: Zamazenta|4/100
|-damage|p2a: Zamazenta|0 fnt
|faint|p2a: Zamazenta
|-hitcount|p2: Zamazenta|8
|
|upkeep
|
|t:|1743837049
|switch|p2a: Scizor|Scizor, F|91/100
|turn|13
|
|t:|1743837054
|switch|p1a: Dondozo|Dondozo, F|100/100
|-terastallize|p2a: Scizor|Steel
|move|p2a: Scizor|Bullet Punch|p1a: Dondozo
|-resisted|p1a: Dondozo
|-damage|p1a: Dondozo|86/100
|-damage|p2a: Scizor|81/100|[from] item: Life Orb
|
|-heal|p1a: Dondozo|92/100|[from] item: Leftovers
|upkeep
|turn|14
|
|t:|1743837064
|switch|p2a: Dragapult|Dragapult, M|88/100
|move|p1a: Dondozo|Wave Crash|p2a: Dragapult
|-resisted|p2a: Dragapult
|-damage|p2a: Dragapult|51/100
|-damage|p1a: Dondozo|83/100|[from] Recoil
|
|-heal|p1a: Dondozo|89/100|[from] item: Leftovers
|upkeep
|turn|15
|
|t:|1743837074
|switch|p1a: Maushold|Maushold|34/100
|move|p2a: Dragapult|Draco Meteor|p1a: Maushold
|-damage|p1a: Maushold|0 fnt
|-unboost|p2a: Dragapult|spa|2
|faint|p1a: Maushold
|
|upkeep
|
|t:|1743837081
|switch|p1a: Duraludon|Duraludon, F, shiny|100/100
|turn|16
|
|t:|1743837086
|move|p2a: Dragapult|Draco Meteor|p1a: Duraludon
|-damage|p1a: Duraludon|37/100
|-unboost|p2a: Dragapult|spa|2
|move|p1a: Duraludon|Draco Meteor|p2a: Dragapult
|-supereffective|p2a: Dragapult
|-damage|p2a: Dragapult|0 fnt
|-unboost|p1a: Duraludon|spa|2
|faint|p2a: Dragapult
|
|upkeep
|
|t:|1743837090
|switch|p2a: Scizor|Scizor, F, tera:Steel|81/100
|turn|17
|
|t:|1743837097
|move|p1a: Duraludon|Thunder Wave|p2a: Scizor
|-status|p2a: Scizor|par
|cant|p2a: Scizor|par
|
|upkeep
|turn|18
|
|t:|1743837105
|switch|p1a: Dondozo|Dondozo, F|89/100
|move|p2a: Scizor|Swords Dance|p2a: Scizor
|-boost|p2a: Scizor|atk|2
|
|-heal|p1a: Dondozo|96/100|[from] item: Leftovers
|upkeep
|turn|19
|
|t:|1743837112
|move|p1a: Dondozo|Wave Crash|p2a: Scizor
|-damage|p2a: Scizor|26/100 par
|-damage|p1a: Dondozo|83/100|[from] Recoil
|move|p2a: Scizor|Knock Off|p1a: Dondozo
|-damage|p1a: Dondozo|57/100
|-enditem|p1a: Dondozo|Leftovers|[from] move: Knock Off|[of] p2a: Scizor
|-damage|p2a: Scizor|16/100 par|[from] item: Life Orb
|
|upkeep
|turn|20
|
|t:|1743837120
|move|p2a: Scizor|Bullet Punch|p1a: Dondozo
|-resisted|p1a: Dondozo
|-damage|p1a: Dondozo|41/100
|-damage|p2a: Scizor|6/100 par|[from] item: Life Orb
|move|p1a: Dondozo|Wave Crash|p2a: Scizor
|-damage|p2a: Scizor|0 fnt
|faint|p2a: Scizor
|-damage|p1a: Dondozo|40/100|[from] Recoil
|
|win|hshfhshsgf
|raw|hshfhshsgf's rating: 1128 &rarr; <strong>1157</strong><br />(+29 for winning)
|raw|Iminisis's rating: 1185 &rarr; <strong>1156</strong><br />(-29 for losing)
|l|☆Iminisis
|player|p2|
|l|☆hshfhshsgf
|player|p1|
