|j|☆constratusa
|j|☆yizhixiaoxianyu
|t:|1743858609
|gametype|singles
|player|p1|constratusa|ghetsis-gen5bw|1076
|player|p2|yizhixiaoxianyu|lady|1086
|teamsize|p1|6
|teamsize|p2|6
|gen|9
|tier|[Gen 9] OU
|rated|
|rule|HP Percentage Mod: HP is shown in percentages
|rule|Endless Battle Clause: Forcing endless battles is banned
|rule|Species Clause: Limit one of each Pokémon
|rule|OHKO Clause: OHKO moves are banned
|rule|Evasion Items Clause: Evasion items are banned
|rule|Evasion Moves Clause: Evasion moves are banned
|rule|Sleep Moves Clause: Sleep-inducing moves are banned
|clearpoke
|poke|p1|Mimikyu, M|
|poke|p1|Espurr, F|
|poke|p1|Smeargle, F|
|poke|p1|Decidueye-Hisui, M|
|poke|p1|Diancie|
|poke|p1|Trapinch, M|
|poke|p2|Clefable, F|
|poke|p2|Heatran, M|
|poke|p2|Rillaboom, M|
|poke|p2|Ogerpon-Wellspring, F|
|poke|p2|Zapdos|
|poke|p2|Great Tusk|
|teampreview
|inactive|Battle timer is ON: inactive players will automatically lose when time's up. (requested by constratusa)
|
|t:|1743858631
|start
|switch|p1a: Fav pok team|Smeargle, F|100/100
|switch|p2a: 原始回归saki酱|Great Tusk|100/100
|turn|1
|
|t:|1743858639
|move|p1a: Fav pok team|Baneful Bunker|p1a: Fav pok team
|-singleturn|p1a: Fav pok team|move: Protect
|move|p2a: 原始回归saki酱|Stealth Rock|p1a: Fav pok team
|-sidestart|p1: constratusa|move: Stealth Rock
|
|upkeep
|turn|2
|inactive|yizhixiaoxianyu has 120 seconds left.
|
|t:|1743858672
|move|p2a: 原始回归saki酱|Rapid Spin|p1a: Fav pok team
|-damage|p1a: Fav pok team|77/100
|-boost|p2a: 原始回归saki酱|spe|1
|move|p1a: Fav pok team|Court Change|p1a: Fav pok team
|-swapsideconditions
|-activate|p1a: Fav pok team|move: Court Change
|
|upkeep
|turn|3
|
|t:|1743858679
|move|p1a: Fav pok team|Baneful Bunker|p1a: Fav pok team
|-singleturn|p1a: Fav pok team|move: Protect
|move|p2a: 原始回归saki酱|Rapid Spin|p1a: Fav pok team
|-activate|p1a: Fav pok team|move: Protect
|-status|p2a: 原始回归saki酱|psn
|
|-damage|p2a: 原始回归saki酱|88/100 psn|[from] psn
|upkeep
|turn|4
|
|t:|1743858685
|move|p2a: 原始回归saki酱|Rapid Spin|p1a: Fav pok team
|-damage|p1a: Fav pok team|56/100
|-boost|p2a: 原始回归saki酱|spe|1
|-sideend|p2: yizhixiaoxianyu|Stealth Rock|[from] move: Rapid Spin|[of] p2a: 原始回归saki酱
|move|p1a: Fav pok team|Destiny Bond|p1a: Fav pok team
|-singlemove|p1a: Fav pok team|Destiny Bond
|
|-damage|p2a: 原始回归saki酱|76/100 psn|[from] psn
|upkeep
|turn|5
|
|t:|1743858702
|move|p2a: 原始回归saki酱|Rapid Spin|p1a: Fav pok team
|-damage|p1a: Fav pok team|36/100
|-boost|p2a: 原始回归saki酱|spe|1
|move|p1a: Fav pok team|Skill Swap||[still]
|-fail|p1a: Fav pok team
|
|-damage|p2a: 原始回归saki酱|63/100 psn|[from] psn
|upkeep
|turn|6
|
|t:|1743858712
|move|p1a: Fav pok team|Baneful Bunker|p1a: Fav pok team
|-singleturn|p1a: Fav pok team|move: Protect
|move|p2a: 原始回归saki酱|Headlong Rush|p1a: Fav pok team
|-activate|p1a: Fav pok team|move: Protect
|
|-damage|p2a: 原始回归saki酱|51/100 psn|[from] psn
|upkeep
|turn|7
|
|t:|1743858718
|move|p2a: 原始回归saki酱|Headlong Rush|p1a: Fav pok team
|-damage|p1a: Fav pok team|0 fnt
|-unboost|p2a: 原始回归saki酱|def|1
|-unboost|p2a: 原始回归saki酱|spd|1
|faint|p1a: Fav pok team
|
|-damage|p2a: 原始回归saki酱|39/100 psn|[from] psn
|upkeep
|
|t:|1743858721
|switch|p1a: Me boy|Trapinch, M|100/100
|turn|8
|
|t:|1743858727
|move|p1a: Me boy|Protect|p1a: Me boy
|-singleturn|p1a: Me boy|Protect
|move|p2a: 原始回归saki酱|Headlong Rush|p1a: Me boy
|-activate|p1a: Me boy|move: Protect
|
|-damage|p2a: 原始回归saki酱|26/100 psn|[from] psn
|upkeep
|turn|9
|
|t:|1743858753
|move|p2a: 原始回归saki酱|Headlong Rush|p1a: Me boy
|-enditem|p1a: Me boy|Focus Sash
|-damage|p1a: Me boy|1/100
|-unboost|p2a: 原始回归saki酱|def|1
|-unboost|p2a: 原始回归saki酱|spd|1
|move|p1a: Me boy|Flail|p2a: 原始回归saki酱
|-damage|p2a: 原始回归saki酱|0 fnt
|-damage|p1a: Me boy|0 fnt|[from] item: Rocky Helmet|[of] p2a: 原始回归saki酱
|faint|p2a: 原始回归saki酱
|-end|p2a: 原始回归saki酱|Protosynthesis|[silent]
|faint|p1a: Me boy
|
|upkeep
|
|t:|1743858770
|switch|p2a: 宇田川巴|Heatran, M|100/100
|switch|p1a: Espurr|Espurr, F|100/100
|turn|10
|
|t:|1743858778
|move|p2a: 宇田川巴|Magma Storm|p1a: Espurr
|-crit|p1a: Espurr
|-damage|p1a: Espurr|34/100
|-activate|p1a: Espurr|move: Magma Storm|[of] p2a: 宇田川巴
|move|p1a: Espurr|Trick Room|p1a: Espurr
|-fieldstart|move: Trick Room|[of] p1a: Espurr
|
|-damage|p1a: Espurr|22/100|[from] move: Magma Storm|[partiallytrapped]
|upkeep
|turn|11
|
|t:|1743858787
|move|p2a: 宇田川巴|Protect|p2a: 宇田川巴
|-singleturn|p2a: 宇田川巴|Protect
|move|p1a: Espurr|Trick|p2a: 宇田川巴
|-activate|p2a: 宇田川巴|move: Protect
|
|-damage|p1a: Espurr|9/100|[from] move: Magma Storm|[partiallytrapped]
|upkeep
|turn|12
|
|t:|1743858805
|move|p2a: 宇田川巴|Protect||[still]
|-fail|p2a: 宇田川巴
|move|p1a: Espurr|Trick|p2a: 宇田川巴
|-activate|p1a: Espurr|move: Trick|[of] p2a: 宇田川巴
|-item|p2a: 宇田川巴|Eviolite|[from] move: Trick
|-item|p1a: Espurr|Leftovers|[from] move: Trick
|
|-heal|p1a: Espurr|15/100|[from] item: Leftovers
|-damage|p1a: Espurr|3/100|[from] move: Magma Storm|[partiallytrapped]
|upkeep
|turn|13
|
|t:|1743858829
|move|p1a: Espurr|Shadow Ball|p2a: 宇田川巴
|-damage|p2a: 宇田川巴|89/100
|move|p2a: 宇田川巴|Magma Storm|p1a: Espurr
|-damage|p1a: Espurr|0 fnt
|faint|p1a: Espurr
|
|upkeep
|
|t:|1743858837
|switch|p1a: Decidueye|Decidueye-Hisui, M|100/100
|turn|14
|
|t:|1743858843
|-terastallize|p1a: Decidueye|Fire
|move|p1a: Decidueye|Triple Arrows|p2a: 宇田川巴
|-supereffective|p2a: 宇田川巴
|-damage|p2a: 宇田川巴|0 fnt
|faint|p2a: 宇田川巴
|
|-fieldend|move: Trick Room
|upkeep
|inactive|yizhixiaoxianyu has 120 seconds left.
|
|t:|1743858869
|switch|p2a: 初华闪电炫丰批|Zapdos, shiny|100/100
|turn|15
|inactive|yizhixiaoxianyu has 120 seconds left.
|
|t:|1743858888
|move|p1a: Decidueye|Protect|p1a: Decidueye
|-singleturn|p1a: Decidueye|Protect
|move|p2a: 初华闪电炫丰批|Volt Switch|p1a: Decidueye
|-activate|p1a: Decidueye|move: Protect
|
|upkeep
|turn|16
|inactive|yizhixiaoxianyu has 120 seconds left.
|
|t:|1743858895
|move|p2a: 初华闪电炫丰批|Hurricane|p1a: Decidueye
|-damage|p1a: Decidueye|54/100
|move|p1a: Decidueye|Leaf Blade|p2a: 初华闪电炫丰批
|-resisted|p2a: 初华闪电炫丰批
|-damage|p2a: 初华闪电炫丰批|78/100
|-status|p1a: Decidueye|par|[from] ability: Static|[of] p2a: 初华闪电炫丰批
|
|upkeep
|turn|17
|
|t:|1743858903
|move|p2a: 初华闪电炫丰批|Hurricane|p1a: Decidueye
|-damage|p1a: Decidueye|10/100 par
|move|p1a: Decidueye|Facade|p2a: 初华闪电炫丰批
|-damage|p2a: 初华闪电炫丰批|33/100
|
|upkeep
|turn|18
|
|t:|1743858909
|move|p2a: 初华闪电炫丰批|Hurricane|p1a: Decidueye
|-damage|p1a: Decidueye|0 fnt
|faint|p1a: Decidueye
|
|upkeep
|
|t:|1743858913
|switch|p1a: Diancie|Diancie, shiny|100/100
|turn|19
|
|t:|1743858923
|move|p2a: 初华闪电炫丰批|Volt Switch|p1a: Diancie
|-damage|p1a: Diancie|81/100
|
|t:|1743858934
|switch|p2a: 千早爱音|Clefable, F|100/100|[from] Volt Switch
|move|p1a: Diancie|Amnesia|p1a: Diancie
|-boost|p1a: Diancie|spd|2
|
|-heal|p1a: Diancie|88/100|[from] item: Leftovers
|upkeep
|turn|20
|
|t:|1743858939
|move|p2a: 千早爱音|Calm Mind|p2a: 千早爱音
|-boost|p2a: 千早爱音|spa|1
|-boost|p2a: 千早爱音|spd|1
|move|p1a: Diancie|Diamond Storm|p2a: 千早爱音
|-damage|p2a: 千早爱音|76/100
|
|-heal|p2a: 千早爱音|82/100|[from] item: Leftovers
|-heal|p1a: Diancie|94/100|[from] item: Leftovers
|upkeep
|turn|21
|
|t:|1743858942
|move|p2a: 千早爱音|Calm Mind|p2a: 千早爱音
|-boost|p2a: 千早爱音|spa|1
|-boost|p2a: 千早爱音|spd|1
|move|p1a: Diancie|Diamond Storm|p2a: 千早爱音
|-damage|p2a: 千早爱音|57/100
|-boost|p1a: Diancie|def|2
|
|-heal|p2a: 千早爱音|63/100|[from] item: Leftovers
|-heal|p1a: Diancie|99/100|[from] item: Leftovers
|upkeep
|turn|22
|
|t:|1743858948
|move|p2a: 千早爱音|Calm Mind|p2a: 千早爱音
|-boost|p2a: 千早爱音|spa|1
|-boost|p2a: 千早爱音|spd|1
|move|p1a: Diancie|Amnesia|p1a: Diancie
|-boost|p1a: Diancie|spd|2
|
|-heal|p2a: 千早爱音|69/100|[from] item: Leftovers
|-heal|p1a: Diancie|100/100|[from] item: Leftovers
|upkeep
|turn|23
|
|t:|1743858957
|move|p2a: 千早爱音|Calm Mind|p2a: 千早爱音
|-boost|p2a: 千早爱音|spa|1
|-boost|p2a: 千早爱音|spd|1
|move|p1a: Diancie|Amnesia|p1a: Diancie
|-boost|p1a: Diancie|spd|2
|
|-heal|p2a: 千早爱音|75/100|[from] item: Leftovers
|upkeep
|turn|24
|
|t:|1743858962
|move|p2a: 千早爱音|Calm Mind|p2a: 千早爱音
|-boost|p2a: 千早爱音|spa|1
|-boost|p2a: 千早爱音|spd|1
|move|p1a: Diancie|Diamond Storm|p2a: 千早爱音
|-damage|p2a: 千早爱音|50/100
|
|-heal|p2a: 千早爱音|56/100|[from] item: Leftovers
|upkeep
|turn|25
|
|t:|1743858966
|move|p2a: 千早爱音|Moonlight|p2a: 千早爱音
|-heal|p2a: 千早爱音|100/100
|move|p1a: Diancie|Diamond Storm|p2a: 千早爱音
|-crit|p2a: 千早爱音
|-damage|p2a: 千早爱音|61/100
|-boost|p1a: Diancie|def|2
|
|-heal|p2a: 千早爱音|68/100|[from] item: Leftovers
|upkeep
|turn|26
|
|t:|1743858973
|move|p2a: 千早爱音|Moonlight|p2a: 千早爱音
|-heal|p2a: 千早爱音|100/100
|move|p1a: Diancie|Diamond Storm|p2a: 千早爱音
|-damage|p2a: 千早爱音|73/100
|
|-heal|p2a: 千早爱音|79/100|[from] item: Leftovers
|upkeep
|turn|27
|
|t:|1743858979
|move|p2a: 千早爱音|Moonblast|p1a: Diancie
|-damage|p1a: Diancie|80/100
|move|p1a: Diancie|Diamond Storm|p2a: 千早爱音
|-damage|p2a: 千早爱音|52/100
|
|-heal|p2a: 千早爱音|58/100|[from] item: Leftovers
|-heal|p1a: Diancie|86/100|[from] item: Leftovers
|upkeep
|turn|28
|
|t:|1743858988
|move|p2a: 千早爱音|Moonblast|p1a: Diancie
|-damage|p1a: Diancie|66/100
|move|p1a: Diancie|Diamond Storm|p2a: 千早爱音
|-crit|p2a: 千早爱音
|-damage|p2a: 千早爱音|21/100
|
|-heal|p2a: 千早爱音|27/100|[from] item: Leftovers
|-heal|p1a: Diancie|73/100|[from] item: Leftovers
|upkeep
|turn|29
|
|t:|1743859015
|move|p2a: 千早爱音|Moonlight|p2a: 千早爱音
|-heal|p2a: 千早爱音|77/100
|move|p1a: Diancie|Stored Power|p2a: 千早爱音
|-crit|p2a: 千早爱音
|-damage|p2a: 千早爱音|8/100
|
|-heal|p2a: 千早爱音|14/100|[from] item: Leftovers
|-heal|p1a: Diancie|79/100|[from] item: Leftovers
|upkeep
|turn|30
|
|t:|1743859021
|move|p2a: 千早爱音|Moonlight|p2a: 千早爱音
|-heal|p2a: 千早爱音|64/100
|move|p1a: Diancie|Stored Power|p2a: 千早爱音
|-damage|p2a: 千早爱音|51/100
|
|-heal|p2a: 千早爱音|57/100|[from] item: Leftovers
|-heal|p1a: Diancie|85/100|[from] item: Leftovers
|upkeep
|turn|31
|
|t:|1743859025
|move|p2a: 千早爱音|Calm Mind|p2a: 千早爱音
|-boost|p2a: 千早爱音|spa|1
|-boost|p2a: 千早爱音|spd|1
|move|p1a: Diancie|Stored Power|p2a: 千早爱音
|-damage|p2a: 千早爱音|45/100
|
|-heal|p2a: 千早爱音|52/100|[from] item: Leftovers
|-heal|p1a: Diancie|91/100|[from] item: Leftovers
|upkeep
|turn|32
|
|t:|1743859031
|move|p2a: 千早爱音|Calm Mind|p2a: 千早爱音
|-boost|p2a: 千早爱音|spa|0
|-boost|p2a: 千早爱音|spd|0
|move|p1a: Diancie|Body Press|p2a: 千早爱音
|-resisted|p2a: 千早爱音
|-damage|p2a: 千早爱音|13/100
|
|-heal|p2a: 千早爱音|19/100|[from] item: Leftovers
|-heal|p1a: Diancie|98/100|[from] item: Leftovers
|upkeep
|turn|33
|
|t:|1743859036
|move|p2a: 千早爱音|Moonlight|p2a: 千早爱音
|-heal|p2a: 千早爱音|69/100
|move|p1a: Diancie|Body Press|p2a: 千早爱音
|-resisted|p2a: 千早爱音
|-damage|p2a: 千早爱音|34/100
|
|-heal|p2a: 千早爱音|40/100|[from] item: Leftovers
|-heal|p1a: Diancie|100/100|[from] item: Leftovers
|upkeep
|turn|34
|
|t:|1743859040
|move|p2a: 千早爱音|Moonblast|p1a: Diancie
|-damage|p1a: Diancie|78/100
|move|p1a: Diancie|Body Press|p2a: 千早爱音
|-resisted|p2a: 千早爱音
|-damage|p2a: 千早爱音|3/100
|
|-heal|p2a: 千早爱音|9/100|[from] item: Leftovers
|-heal|p1a: Diancie|84/100|[from] item: Leftovers
|upkeep
|turn|35
|
|t:|1743859043
|move|p2a: 千早爱音|Moonblast|p1a: Diancie
|-damage|p1a: Diancie|63/100
|move|p1a: Diancie|Body Press|p2a: 千早爱音
|-resisted|p2a: 千早爱音
|-damage|p2a: 千早爱音|0 fnt
|faint|p2a: 千早爱音
|
|-heal|p1a: Diancie|69/100|[from] item: Leftovers
|upkeep
|
|t:|1743859053
|switch|p2a: 染发立希|Rillaboom, M|100/100
|-fieldstart|move: Grassy Terrain|[from] ability: Grassy Surge|[of] p2a: 染发立希
|turn|36
|
|t:|1743859059
|move|p2a: 染发立希|Wood Hammer|p1a: Diancie
|-supereffective|p1a: Diancie
|-damage|p1a: Diancie|7/100
|-damage|p2a: 染发立希|84/100|[from] Recoil
|move|p1a: Diancie|Stored Power|p2a: 染发立希
|-damage|p2a: 染发立希|26/100
|
|-heal|p2a: 染发立希|32/100|[from] Grassy Terrain
|-heal|p1a: Diancie|14/100|[from] Grassy Terrain
|-heal|p1a: Diancie|20/100|[from] item: Leftovers
|upkeep
|turn|37
|
|t:|1743859066
|move|p2a: 染发立希|Wood Hammer|p1a: Diancie
|-supereffective|p1a: Diancie
|-damage|p1a: Diancie|0 fnt
|faint|p1a: Diancie
|-damage|p2a: 染发立希|27/100|[from] Recoil
|
|-heal|p2a: 染发立希|33/100|[from] Grassy Terrain
|upkeep
|
|t:|1743859069
|switch|p1a: Mimikyu|Mimikyu, M|100/100
|turn|38
|
|t:|1743859071
|move|p1a: Mimikyu|Substitute|p1a: Mimikyu
|-start|p1a: Mimikyu|Substitute
|-damage|p1a: Mimikyu|76/100
|move|p2a: 染发立希|Wood Hammer|p1a: Mimikyu
|-end|p1a: Mimikyu|Substitute
|-damage|p2a: 染发立希|27/100|[from] Recoil|[of] p1a: Mimikyu
|
|-heal|p1a: Mimikyu|82/100|[from] Grassy Terrain
|-heal|p2a: 染发立希|33/100|[from] Grassy Terrain
|upkeep
|turn|39
|
|t:|1743859081
|move|p1a: Mimikyu|Play Rough|p2a: 染发立希|[miss]
|-miss|p1a: Mimikyu|p2a: 染发立希
|-enditem|p1a: Mimikyu|Blunder Policy
|-boost|p1a: Mimikyu|spe|2
|move|p2a: 染发立希|Wood Hammer|p1a: Mimikyu
|-activate|p1a: Mimikyu|ability: Disguise
|-damage|p1a: Mimikyu|82/100
|detailschange|p1a: Mimikyu|Mimikyu-Busted, M
|-damage|p1a: Mimikyu|69/100|[from] pokemon: Mimikyu-Busted
|
|-heal|p1a: Mimikyu|76/100|[from] Grassy Terrain
|-heal|p2a: 染发立希|39/100|[from] Grassy Terrain
|upkeep
|turn|40
|
|t:|1743859092
|move|p1a: Mimikyu|Substitute|p1a: Mimikyu
|-start|p1a: Mimikyu|Substitute
|-damage|p1a: Mimikyu|51/100
|move|p2a: 染发立希|Wood Hammer|p1a: Mimikyu
|-end|p1a: Mimikyu|Substitute
|-damage|p2a: 染发立希|33/100|[from] Recoil|[of] p1a: Mimikyu
|
|-heal|p1a: Mimikyu|57/100|[from] Grassy Terrain
|-heal|p2a: 染发立希|39/100|[from] Grassy Terrain
|-fieldend|move: Grassy Terrain
|upkeep
|turn|41
|
|t:|1743859099
|move|p1a: Mimikyu|Play Rough|p2a: 染发立希
|-damage|p2a: 染发立希|4/100
|move|p2a: 染发立希|Wood Hammer|p1a: Mimikyu
|-damage|p1a: Mimikyu|0 fnt
|faint|p1a: Mimikyu
|-damage|p2a: 染发立希|0 fnt|[from] Recoil
|faint|p2a: 染发立希
|
|win|yizhixiaoxianyu
|raw|constratusa's rating: 1076 &rarr; <strong>1055</strong><br />(-21 for losing)
|raw|yizhixiaoxianyu's rating: 1086 &rarr; <strong>1112</strong><br />(+26 for winning)
|l|☆yizhixiaoxianyu
|player|p2|
|l|☆constratusa
|player|p1|
