|j|☆Koto5blue
|j|☆45worldd
|t:|1743890411
|gametype|singles
|player|p1|Koto5blue|falkner|1525
|player|p2|45worldd|jupiter|1533
|teamsize|p1|6
|teamsize|p2|6
|gen|9
|tier|[Gen 9] OU
|rated|
|rule|HP Percentage Mod: HP is shown in percentages
|rule|Endless Battle Clause: Forcing endless battles is banned
|rule|Species Clause: Limit one of each Pokémon
|rule|OHKO Clause: OHKO moves are banned
|rule|Evasion Items Clause: Evasion items are banned
|rule|Evasion Moves Clause: Evasion moves are banned
|rule|Sleep Moves Clause: Sleep-inducing moves are banned
|clearpoke
|poke|p1|Empoleon, F|
|poke|p1|Corviknight, M|
|poke|p1|Great Tusk|
|poke|p1|Slowking-Galar, M|
|poke|p1|Meowscarada, F|
|poke|p1|Cinderace, M|
|poke|p2|Walking Wake|
|poke|p2|Whimsicott, F|
|poke|p2|Ninetales, F|
|poke|p2|Great Tusk|
|poke|p2|Comfey, F|
|poke|p2|Arboliva, F|
|teampreview
|inactive|Battle timer is ON: inactive players will automatically lose when time's up. (requested by Koto5blue)
|
|t:|1743890437
|start
|switch|p1a: Empoleon|Empoleon, F|100/100
|switch|p2a: Ninetales|Ninetales, F|100/100
|-weather|SunnyDay|[from] ability: Drought|[of] p2a: Ninetales
|turn|1
|j| ASilentKingambitX
|
|t:|1743890456
|move|p2a: Ninetales|Will-O-Wisp|p1a: Empoleon
|-status|p1a: Empoleon|brn
|move|p1a: Empoleon|Hydro Pump|p2a: Ninetales|[miss]
|-miss|p1a: Empoleon|p2a: Ninetales
|
|-weather|SunnyDay|[upkeep]
|-damage|p1a: Empoleon|94/100 brn|[from] brn
|upkeep
|turn|2
|
|t:|1743890467
|switch|p2a: Arboliva|Arboliva, F|100/100
|move|p1a: Empoleon|Hydro Pump|p2a: Arboliva
|-resisted|p2a: Arboliva
|-damage|p2a: Arboliva|87/100
|
|-weather|SunnyDay|[upkeep]
|-damage|p1a: Empoleon|88/100 brn|[from] brn
|upkeep
|turn|3
|
|t:|1743890473
|move|p1a: Empoleon|Ice Beam|p2a: Arboliva
|-supereffective|p2a: Arboliva
|-damage|p2a: Arboliva|33/100
|move|p2a: Arboliva|Growth|p2a: Arboliva
|-boost|p2a: Arboliva|atk|2
|-boost|p2a: Arboliva|spa|2
|
|-weather|SunnyDay|[upkeep]
|-damage|p1a: Empoleon|82/100 brn|[from] brn
|upkeep
|turn|4
|
|t:|1743890491
|-terastallize|p2a: Arboliva|Fire
|move|p1a: Empoleon|Ice Beam|p2a: Arboliva
|-resisted|p2a: Arboliva
|-damage|p2a: Arboliva|18/100
|move|p2a: Arboliva|Earth Power|p1a: Empoleon
|-supereffective|p1a: Empoleon
|-enditem|p1a: Empoleon|Shuca Berry|[eat]
|-enditem|p1a: Empoleon|Shuca Berry|[weaken]
|-damage|p1a: Empoleon|18/100 brn
|-unboost|p1a: Empoleon|spd|1
|-ability|p1a: Empoleon|Competitive|boost
|-boost|p1a: Empoleon|spa|2
|
|-weather|SunnyDay|[upkeep]
|-damage|p1a: Empoleon|12/100 brn|[from] brn
|upkeep
|turn|5
|-enditem|p2a: Arboliva|Custap Berry|[eat]
|-activate|p2a: Arboliva|item: Custap Berry|[consumed]
|
|t:|1743890504
|move|p2a: Arboliva|Earth Power|p1a: Empoleon
|-supereffective|p1a: Empoleon
|-damage|p1a: Empoleon|0 fnt
|faint|p1a: Empoleon
|
|-weather|SunnyDay|[upkeep]
|-item|p2a: Arboliva|Custap Berry|[from] ability: Harvest
|upkeep
|
|t:|1743890511
|switch|p1a: Meowscarada|Meowscarada, F|100/100
|turn|6
|-enditem|p2a: Arboliva|Custap Berry|[eat]
|-activate|p2a: Arboliva|item: Custap Berry|[consumed]
|
|t:|1743890519
|move|p2a: Arboliva|Tera Blast|p1a: Meowscarada|[anim] Tera Blast Fire
|-supereffective|p1a: Meowscarada
|-damage|p1a: Meowscarada|0 fnt
|faint|p1a: Meowscarada
|
|-weather|SunnyDay|[upkeep]
|-item|p2a: Arboliva|Custap Berry|[from] ability: Harvest
|upkeep
|
|t:|1743890528
|switch|p1a: Slowking|Slowking-Galar, M|100/100
|turn|7
|-enditem|p2a: Arboliva|Custap Berry|[eat]
|-activate|p2a: Arboliva|item: Custap Berry|[consumed]
|
|t:|1743890540
|move|p2a: Arboliva|Earth Power|p1a: Slowking
|-supereffective|p1a: Slowking
|-damage|p1a: Slowking|37/100
|move|p1a: Slowking|Sludge Bomb|p2a: Arboliva
|-damage|p2a: Arboliva|0 fnt
|faint|p2a: Arboliva
|
|-weather|SunnyDay|[upkeep]
|upkeep
|inactive|45worldd has 120 seconds left.
|
|t:|1743890569
|switch|p2a: Whimsicott|Whimsicott, F|100/100
|turn|8
|
|t:|1743890576
|move|p2a: Whimsicott|Shadow Ball|p1a: Slowking
|-supereffective|p1a: Slowking
|-damage|p1a: Slowking|11/100
|-unboost|p1a: Slowking|spd|1
|-damage|p2a: Whimsicott|91/100|[from] item: Life Orb
|move|p1a: Slowking|Sludge Bomb|p2a: Whimsicott
|-supereffective|p2a: Whimsicott
|-damage|p2a: Whimsicott|0 fnt
|faint|p2a: Whimsicott
|
|-weather|none
|upkeep
|
|t:|1743890590
|switch|p2a: Ninetales|Ninetales, F|100/100
|-weather|SunnyDay|[from] ability: Drought|[of] p2a: Ninetales
|turn|9
|
|t:|1743890605
|switch|p1a: Great Tusk|Great Tusk|100/100
|-activate|p1a: Great Tusk|ability: Protosynthesis
|-start|p1a: Great Tusk|protosynthesisatk
|move|p2a: Ninetales|Weather Ball|p1a: Great Tusk
|-damage|p1a: Great Tusk|32/100
|
|-weather|SunnyDay|[upkeep]
|upkeep
|turn|10
|
|t:|1743890608
|move|p2a: Ninetales|Weather Ball|p1a: Great Tusk
|-damage|p1a: Great Tusk|0 fnt
|faint|p1a: Great Tusk
|-end|p1a: Great Tusk|Protosynthesis|[silent]
|
|-weather|SunnyDay|[upkeep]
|upkeep
|
|t:|1743890618
|switch|p1a: Slowking|Slowking-Galar, M|44/100
|turn|11
|l| ASilentKingambitX
|
|t:|1743890639
|switch|p1a: Cinderace|Cinderace, M|100/100
|move|p2a: Ninetales|Weather Ball|p1a: Cinderace
|-resisted|p1a: Cinderace
|-damage|p1a: Cinderace|71/100
|
|-weather|SunnyDay|[upkeep]
|upkeep
|turn|12
|
|t:|1743890644
|switch|p2a: Walking Wake|Walking Wake|100/100
|-activate|p2a: Walking Wake|ability: Protosynthesis
|-start|p2a: Walking Wake|protosynthesisspe
|-terastallize|p1a: Cinderace|Fire
|move|p1a: Cinderace|Pyro Ball|p2a: Walking Wake
|-resisted|p2a: Walking Wake
|-damage|p2a: Walking Wake|64/100
|
|-weather|SunnyDay|[upkeep]
|upkeep
|turn|13
|
|t:|1743890649
|switch|p1a: Slowking|Slowking-Galar, M|77/100
|move|p2a: Walking Wake|Hydro Steam|p1a: Slowking
|-damage|p1a: Slowking|46/100
|
|-weather|SunnyDay|[upkeep]
|upkeep
|turn|14
|
|t:|1743890657
|move|p2a: Walking Wake|Knock Off|p1a: Slowking
|-supereffective|p1a: Slowking
|-damage|p1a: Slowking|9/100
|-enditem|p1a: Slowking|Assault Vest|[from] move: Knock Off|[of] p2a: Walking Wake
|move|p1a: Slowking|Sludge Bomb|p2a: Walking Wake
|-damage|p2a: Walking Wake|3/100
|
|-weather|SunnyDay|[upkeep]
|upkeep
|turn|15
|
|t:|1743890664
|switch|p1a: Corviknight|Corviknight, M|100/100
|-ability|p1a: Corviknight|Pressure
|move|p2a: Walking Wake|Hydro Steam|p1a: Corviknight
|-damage|p1a: Corviknight|39/100
|
|-weather|SunnyDay|[upkeep]
|upkeep
|turn|16
|
|t:|1743890668
|move|p2a: Walking Wake|Hydro Steam|p1a: Corviknight
|-damage|p1a: Corviknight|0 fnt
|faint|p1a: Corviknight
|
|-weather|none
|-end|p2a: Walking Wake|Protosynthesis
|upkeep
|
|t:|1743890672
|switch|p1a: Cinderace|Cinderace, M, tera:Fire|71/100
|turn|17
|
|t:|1743890676
|-end|p2a: Walking Wake|Protosynthesis|[silent]
|switch|p2a: Ninetales|Ninetales, F|100/100
|-weather|SunnyDay|[from] ability: Drought|[of] p2a: Ninetales
|move|p1a: Cinderace|Sucker Punch||[still]
|-fail|p1a: Cinderace
|
|-weather|SunnyDay|[upkeep]
|upkeep
|turn|18
|
|t:|1743890683
|move|p1a: Cinderace|Pyro Ball|p2a: Ninetales
|-resisted|p2a: Ninetales
|-damage|p2a: Ninetales|16/100
|move|p2a: Ninetales|Healing Wish|p2a: Ninetales
|faint|p2a: Ninetales
|
|-weather|SunnyDay|[upkeep]
|upkeep
|
|t:|1743890685
|switch|p2a: Walking Wake|Walking Wake|3/100
|-heal|p2a: Walking Wake|100/100|[from] move: Healing Wish
|-activate|p2a: Walking Wake|ability: Protosynthesis
|-start|p2a: Walking Wake|protosynthesisspe
|turn|19
|
|t:|1743890691
|move|p1a: Cinderace|Sucker Punch|p2a: Walking Wake
|-damage|p2a: Walking Wake|74/100
|move|p2a: Walking Wake|Hydro Steam|p1a: Cinderace
|-supereffective|p1a: Cinderace
|-damage|p1a: Cinderace|0 fnt
|faint|p1a: Cinderace
|
|-weather|SunnyDay|[upkeep]
|upkeep
|
|t:|1743890693
|switch|p1a: Slowking|Slowking-Galar, M|43/100
|turn|20
|
|t:|1743890695
|move|p2a: Walking Wake|Hydro Steam|p1a: Slowking
|-damage|p1a: Slowking|0 fnt
|faint|p1a: Slowking
|
|win|45worldd
|raw|Koto5blue's rating: 1525 &rarr; <strong>1505</strong><br />(-20 for losing)
|raw|45worldd's rating: 1533 &rarr; <strong>1553</strong><br />(+20 for winning)
|l|☆Koto5blue
|player|p1|
|l|☆45worldd
|player|p2|
