|j|‽JackRG1
|j|☆EpicUmbreon29
|t:|1743909651
|gametype|singles
|player|p1|JackRG1|iris|1665
|player|p2|EpicUmbreon29|grimsley|1645
|teamsize|p1|6
|teamsize|p2|6
|gen|9
|tier|[Gen 9] OU
|rated|
|rule|HP Percentage Mod: HP is shown in percentages
|rule|Endless Battle Clause: Forcing endless battles is banned
|rule|Species Clause: Limit one of each Pokémon
|rule|OHKO Clause: OHKO moves are banned
|rule|Evasion Items Clause: Evasion items are banned
|rule|Evasion Moves Clause: Evasion moves are banned
|rule|Sleep Moves Clause: Sleep-inducing moves are banned
|clearpoke
|poke|p1|Slowking-Galar, M|
|poke|p1|Corviknight, M|
|poke|p1|Cinderace, M|
|poke|p1|Zamazenta-*|
|poke|p1|Sinistcha|
|poke|p1|Clodsire, M|
|poke|p2|Kyurem|
|poke|p2|Reuniclus, F|
|poke|p2|Araquanid, M|
|poke|p2|Indeedee, M|
|poke|p2|Hawlucha, M|
|poke|p2|Great Tusk|
|teampreview
|inactive|Battle timer is ON: inactive players will automatically lose when time's up. (requested by JackRG1)
|
|t:|1743909666
|start
|switch|p1a: Zamazenta|Zamazenta, shiny|100/100
|switch|p2a: Araquanid|Araquanid, M|100/100
|-ability|p1a: Zamazenta|Dauntless Shield|boost
|-boost|p1a: Zamazenta|def|1
|turn|1
|
|t:|1743909670
|move|p1a: Zamazenta|Stone Edge|p2a: Araquanid
|-supereffective|p2a: Araquanid
|-damage|p2a: Araquanid|0 fnt
|faint|p2a: Araquanid
|
|upkeep
|
|t:|1743909676
|switch|p2a: Indeedee|Indeedee, M|100/100
|-fieldstart|move: Psychic Terrain|[from] ability: Psychic Surge|[of] p2a: Indeedee
|turn|2
|
|t:|1743909680
|switch|p1a: Slowking|Slowking-Galar, M|100/100
|move|p2a: Indeedee|Expanding Force|p1a: Slowking
|-damage|p1a: Slowking|47/100
|
|upkeep
|turn|3
|
|t:|1743909685
|switch|p1a: Corviknight|Corviknight, M, shiny|100/100
|-ability|p1a: Corviknight|Pressure
|move|p2a: Indeedee|Expanding Force|p1a: Corviknight
|-resisted|p1a: Corviknight
|-damage|p1a: Corviknight|67/100
|
|upkeep
|turn|4
|
|t:|1743909694
|switch|p2a: Reuniclus|Reuniclus, F|100/100
|move|p1a: Corviknight|Roost|p1a: Corviknight
|-heal|p1a: Corviknight|100/100
|-singleturn|p1a: Corviknight|move: Roost
|
|upkeep
|turn|5
|j| CabinCabin
|j| hgh test
|
|t:|1743909701
|switch|p1a: Clodsire|Clodsire, M|100/100
|move|p2a: Reuniclus|Calm Mind|p2a: Reuniclus
|-boost|p2a: Reuniclus|spa|1
|-boost|p2a: Reuniclus|spd|1
|
|upkeep
|turn|6
|l| hgh test
|
|t:|1743909708
|switch|p1a: Sinistcha|Sinistcha|100/100
|move|p2a: Reuniclus|Calm Mind|p2a: Reuniclus
|-boost|p2a: Reuniclus|spa|1
|-boost|p2a: Reuniclus|spd|1
|
|upkeep
|turn|7
|
|t:|1743909712
|move|p1a: Sinistcha|Shadow Ball|p2a: Reuniclus
|-supereffective|p2a: Reuniclus
|-damage|p2a: Reuniclus|69/100
|move|p2a: Reuniclus|Calm Mind|p2a: Reuniclus
|-boost|p2a: Reuniclus|spa|1
|-boost|p2a: Reuniclus|spd|1
|
|upkeep
|turn|8
|
|t:|1743909715
|move|p1a: Sinistcha|Shadow Ball|p2a: Reuniclus
|-supereffective|p2a: Reuniclus
|-damage|p2a: Reuniclus|42/100
|-unboost|p2a: Reuniclus|spd|1
|move|p2a: Reuniclus|Stored Power|p1a: Sinistcha
|-damage|p1a: Sinistcha|0 fnt
|faint|p1a: Sinistcha
|
|upkeep
|
|t:|1743909718
|switch|p1a: Zamazenta|Zamazenta, shiny|100/100
|turn|9
|
|t:|1743909721
|-terastallize|p2a: Reuniclus|Fighting
|move|p1a: Zamazenta|Crunch|p2a: Reuniclus
|-resisted|p2a: Reuniclus
|-damage|p2a: Reuniclus|29/100
|move|p2a: Reuniclus|Stored Power|p1a: Zamazenta
|-supereffective|p1a: Zamazenta
|-damage|p1a: Zamazenta|0 fnt
|faint|p1a: Zamazenta
|
|-fieldend|move: Psychic Terrain
|upkeep
|
|t:|1743909724
|switch|p1a: Cinderace|Cinderace, M|100/100
|turn|10
|
|t:|1743909726
|move|p1a: Cinderace|Pyro Ball|p2a: Reuniclus
|-damage|p2a: Reuniclus|0 fnt
|faint|p2a: Reuniclus
|
|upkeep
|j| orphanofkosm
|
|t:|1743909735
|switch|p2a: Kyurem|Kyurem|100/100
|-ability|p2a: Kyurem|Pressure
|turn|11
|
|t:|1743909738
|move|p1a: Cinderace|Will-O-Wisp|p2a: Kyurem
|-status|p2a: Kyurem|brn
|move|p2a: Kyurem|Draco Meteor|p1a: Cinderace
|-damage|p1a: Cinderace|0 fnt
|-unboost|p2a: Kyurem|spa|2
|faint|p1a: Cinderace
|
|-damage|p2a: Kyurem|94/100 brn|[from] brn
|upkeep
|
|t:|1743909749
|switch|p1a: Corviknight|Corviknight, M, shiny|100/100
|-ability|p1a: Corviknight|Pressure
|turn|12
|
|t:|1743909764
|switch|p2a: Great Tusk|Great Tusk|100/100
|-enditem|p2a: Great Tusk|Booster Energy
|-activate|p2a: Great Tusk|ability: Protosynthesis|[fromitem]
|-start|p2a: Great Tusk|protosynthesisspe
|move|p1a: Corviknight|Iron Defense|p1a: Corviknight
|-boost|p1a: Corviknight|def|2
|
|upkeep
|turn|13
|
|t:|1743909770
|-end|p2a: Great Tusk|Protosynthesis|[silent]
|switch|p2a: Indeedee|Indeedee, M|100/100
|-fieldstart|move: Psychic Terrain|[from] ability: Psychic Surge|[of] p2a: Indeedee
|move|p1a: Corviknight|Body Press|p2a: Indeedee
|-damage|p2a: Indeedee|8/100
|
|upkeep
|turn|14
|
|t:|1743909773
|move|p2a: Indeedee|Expanding Force|p1a: Corviknight
|-resisted|p1a: Corviknight
|-damage|p1a: Corviknight|67/100
|move|p1a: Corviknight|Body Press|p2a: Indeedee
|-damage|p2a: Indeedee|0 fnt
|faint|p2a: Indeedee
|
|upkeep
|
|t:|1743909776
|switch|p2a: Kyurem|Kyurem|94/100 brn
|-ability|p2a: Kyurem|Pressure
|turn|15
|
|t:|1743909784
|switch|p1a: Slowking|Slowking-Galar, M|80/100
|move|p2a: Kyurem|Ice Beam|p1a: Slowking
|-damage|p1a: Slowking|22/100
|
|-damage|p2a: Kyurem|88/100 brn|[from] brn
|upkeep
|turn|16
|
|t:|1743909794
|move|p2a: Kyurem|Ice Beam|p1a: Slowking
|-damage|p1a: Slowking|0 fnt
|faint|p1a: Slowking
|
|-damage|p2a: Kyurem|82/100 brn|[from] brn
|upkeep
|
|t:|1743909796
|switch|p1a: Clodsire|Clodsire, M|100/100
|turn|17
|
|t:|1743909800
|-terastallize|p1a: Clodsire|Steel
|move|p2a: Kyurem|Ice Beam|p1a: Clodsire
|-resisted|p1a: Clodsire
|-damage|p1a: Clodsire|81/100
|move|p1a: Clodsire|Stealth Rock|p2a: Kyurem
|-sidestart|p2: EpicUmbreon29|move: Stealth Rock
|
|-damage|p2a: Kyurem|76/100 brn|[from] brn
|upkeep
|turn|18
|
|t:|1743909806
|switch|p2a: Hawlucha|Hawlucha, M|100/100
|-damage|p2a: Hawlucha|88/100|[from] Stealth Rock
|-enditem|p2a: Hawlucha|Psychic Seed
|-boost|p2a: Hawlucha|spd|1|[from] item: Psychic Seed
|move|p1a: Clodsire|Toxic|p2a: Hawlucha
|-status|p2a: Hawlucha|tox
|
|-damage|p2a: Hawlucha|82/100 tox|[from] psn
|upkeep
|turn|19
|
|t:|1743909811
|switch|p1a: Corviknight|Corviknight, M, shiny|67/100
|-ability|p1a: Corviknight|Pressure
|move|p2a: Hawlucha|Swords Dance|p2a: Hawlucha
|-boost|p2a: Hawlucha|atk|2
|
|-damage|p2a: Hawlucha|70/100 tox|[from] psn
|upkeep
|turn|20
|
|t:|1743909813
|move|p2a: Hawlucha|Fire Punch|p1a: Corviknight
|-supereffective|p1a: Corviknight
|-damage|p1a: Corviknight|4/100
|-damage|p2a: Hawlucha|53/100 tox|[from] item: Rocky Helmet|[of] p1a: Corviknight
|move|p1a: Corviknight|Roost|p1a: Corviknight
|-heal|p1a: Corviknight|54/100
|-singleturn|p1a: Corviknight|move: Roost
|
|-damage|p2a: Hawlucha|35/100 tox|[from] psn
|-fieldend|move: Psychic Terrain
|upkeep
|turn|21
|
|t:|1743909824
|switch|p1a: Clodsire|Clodsire, M, tera:Steel|81/100
|move|p2a: Hawlucha|Close Combat|p1a: Clodsire
|-supereffective|p1a: Clodsire
|-damage|p1a: Clodsire|0 fnt
|-unboost|p2a: Hawlucha|def|1
|-unboost|p2a: Hawlucha|spd|1
|faint|p1a: Clodsire
|
|-damage|p2a: Hawlucha|11/100 tox|[from] psn
|upkeep
|-message|JackRG1 forfeited.
|
|win|EpicUmbreon29
|raw|JackRG1's rating: 1665 &rarr; <strong>1644</strong><br />(-21 for losing)
|raw|EpicUmbreon29's rating: 1645 &rarr; <strong>1666</strong><br />(+21 for winning)
|l|‽JackRG1
|player|p1|
|l| orphanofkosm
|l|☆EpicUmbreon29
|player|p2|
|l| CabinCabin
