|j|☆ridlostar
|j|☆vacheron
|t:|1743779005
|gametype|singles
|player|p1|ridlostar|hilbert|1542
|player|p2|vacheron|170|1627
|teamsize|p1|6
|teamsize|p2|6
|gen|9
|tier|[Gen 9] OU
|rated|
|rule|HP Percentage Mod: HP is shown in percentages
|rule|Endless Battle Clause: Forcing endless battles is banned
|rule|Species Clause: Limit one of each Pokémon
|rule|OHKO Clause: OHKO moves are banned
|rule|Evasion Items Clause: Evasion items are banned
|rule|Evasion Moves Clause: Evasion moves are banned
|rule|Sleep Moves Clause: Sleep-inducing moves are banned
|clearpoke
|poke|p1|Darkrai|
|poke|p1|Alomomola, F|
|poke|p1|Clodsire, M|
|poke|p1|Dragonite, M|
|poke|p1|Cresselia, F|
|poke|p1|Toedscruel, M|
|poke|p2|Samurott-Hisui, F|
|poke|p2|Iron Valiant|
|poke|p2|Pecharunt|
|poke|p2|Reuniclus, F|
|poke|p2|Darkrai|
|poke|p2|Kingambit, F|
|teampreview
|inactive|Battle timer is ON: inactive players will automatically lose when time's up. (requested by ridlostar)
|inactive|ridlostar has 120 seconds left.
|inactive|ridlostar has 90 seconds left.
|
|t:|1743779103
|start
|switch|p1a: a fish|Alomomola, F|100/100
|switch|p2a: Valediction|Samurott-Hisui, F|100/100
|turn|1
|
|t:|1743779109
|move|p2a: Valediction|Taunt|p1a: a fish
|-start|p1a: a fish|move: Taunt
|move|p1a: a fish|Flip Turn|p2a: Valediction
|-resisted|p2a: Valediction
|-damage|p2a: Valediction|90/100
|
|t:|1743779113
|switch|p1a: Shadow|Darkrai|100/100|[from] Flip Turn
|
|upkeep
|turn|2
|
|t:|1743779118
|move|p1a: Shadow|Will-O-Wisp|p2a: Valediction
|-status|p2a: Valediction|brn
|move|p2a: Valediction|Ceaseless Edge|p1a: Shadow
|-resisted|p1a: Shadow
|-damage|p1a: Shadow|87/100
|-sidestart|p1: ridlostar|Spikes
|
|-damage|p2a: Valediction|84/100 brn|[from] brn
|upkeep
|turn|3
|
|t:|1743779127
|switch|p1a: Squidward?|Toedscruel, M|100/100
|-damage|p1a: Squidward?|88/100|[from] Spikes
|move|p2a: Valediction|Ceaseless Edge|p1a: Squidward?
|-damage|p1a: Squidward?|53/100
|-sidestart|p1: ridlostar|Spikes
|
|-heal|p1a: Squidward?|59/100|[from] item: Leftovers
|-damage|p2a: Valediction|78/100 brn|[from] brn
|upkeep
|turn|4
|
|t:|1743779134
|switch|p2a: Azathoth|Pecharunt|100/100
|move|p1a: Squidward?|Giga Drain|p2a: Azathoth
|-resisted|p2a: Azathoth
|-damage|p2a: Azathoth|81/100
|-heal|p1a: Squidward?|69/100|[from] drain|[of] p2a: Azathoth
|
|-heal|p1a: Squidward?|75/100|[from] item: Leftovers
|upkeep
|turn|5
|
|t:|1743779143
|switch|p2a: Valediction|Samurott-Hisui, F|78/100 brn
|move|p1a: Squidward?|Earth Power|p2a: Valediction
|-damage|p2a: Valediction|26/100 brn
|
|-heal|p1a: Squidward?|81/100|[from] item: Leftovers
|-damage|p2a: Valediction|20/100 brn|[from] brn
|upkeep
|turn|6
|
|t:|1743779147
|move|p2a: Valediction|Ceaseless Edge|p1a: Squidward?
|-damage|p1a: Squidward?|49/100
|-sidestart|p1: ridlostar|Spikes
|move|p1a: Squidward?|Rapid Spin|p2a: Valediction
|-damage|p2a: Valediction|10/100 brn
|-boost|p1a: Squidward?|spe|1
|-sideend|p1: ridlostar|Spikes|[from] move: Rapid Spin|[of] p1a: Squidward?
|
|-heal|p1a: Squidward?|55/100|[from] item: Leftovers
|-damage|p2a: Valediction|4/100 brn|[from] brn
|upkeep
|turn|7
|
|t:|1743779152
|move|p1a: Squidward?|Giga Drain|p2a: Valediction
|-supereffective|p2a: Valediction
|-damage|p2a: Valediction|0 fnt
|-heal|p1a: Squidward?|56/100|[from] drain|[of] p2a: Valediction
|faint|p2a: Valediction
|
|-heal|p1a: Squidward?|62/100|[from] item: Leftovers
|upkeep
|
|t:|1743779155
|switch|p2a: Scarlet Devil|Darkrai|100/100
|turn|8
|
|t:|1743779166
|move|p1a: Squidward?|Giga Drain|p2a: Scarlet Devil
|-damage|p2a: Scarlet Devil|57/100
|-heal|p1a: Squidward?|82/100|[from] drain|[of] p2a: Scarlet Devil
|move|p2a: Scarlet Devil|Knock Off|p1a: Squidward?
|-damage|p1a: Squidward?|23/100
|-enditem|p1a: Squidward?|Leftovers|[from] move: Knock Off|[of] p2a: Scarlet Devil
|
|upkeep
|turn|9
|
|t:|1743779174
|move|p2a: Scarlet Devil|Sucker Punch|p1a: Squidward?
|-damage|p1a: Squidward?|0 fnt
|faint|p1a: Squidward?
|
|upkeep
|
|t:|1743779202
|switch|p1a: a fish|Alomomola, F|100/100
|turn|10
|
|t:|1743779223
|move|p2a: Scarlet Devil|Knock Off|p1a: a fish
|-damage|p1a: a fish|74/100
|-enditem|p1a: a fish|Heavy-Duty Boots|[from] move: Knock Off|[of] p2a: Scarlet Devil
|move|p1a: a fish|Flip Turn|p2a: Scarlet Devil
|-damage|p2a: Scarlet Devil|35/100
|
|t:|1743779234
|switch|p1a: Shadow|Darkrai|87/100|[from] Flip Turn
|
|upkeep
|turn|11
|
|t:|1743779245
|move|p2a: Scarlet Devil|Sucker Punch|p1a: Shadow
|-resisted|p1a: Shadow
|-damage|p1a: Shadow|68/100
|move|p1a: Shadow|Ice Beam|p2a: Scarlet Devil
|-damage|p2a: Scarlet Devil|0 fnt
|faint|p2a: Scarlet Devil
|
|upkeep
|
|t:|1743779252
|switch|p2a: Mani Katti|Iron Valiant|100/100
|-enditem|p2a: Mani Katti|Booster Energy
|-activate|p2a: Mani Katti|ability: Quark Drive|[fromitem]
|-start|p2a: Mani Katti|quarkdrivespa
|turn|12
|
|t:|1743779259
|switch|p1a: a fish|Alomomola, F|100/100
|move|p2a: Mani Katti|Moonblast|p1a: a fish
|-damage|p1a: a fish|46/100
|-unboost|p1a: a fish|spa|1
|
|upkeep
|turn|13
|inactive|vacheron has 120 seconds left.
|inactive|vacheron has 90 seconds left.
|
|t:|1743779335
|move|p2a: Mani Katti|Calm Mind|p2a: Mani Katti
|-boost|p2a: Mani Katti|spa|1
|-boost|p2a: Mani Katti|spd|1
|move|p1a: a fish|Flip Turn|p2a: Mani Katti
|-damage|p2a: Mani Katti|79/100
|
|t:|1743779342
|switch|p1a: him|Dragonite, M|100/100|[from] Flip Turn
|
|upkeep
|turn|14
|
|t:|1743779356
|-terastallize|p2a: Mani Katti|Ghost
|move|p2a: Mani Katti|Moonblast|p1a: him
|-supereffective|p1a: him
|-damage|p1a: him|13/100
|move|p1a: him|Dragon Dance|p1a: him
|-boost|p1a: him|atk|1
|-boost|p1a: him|spe|1
|
|-heal|p1a: him|20/100|[from] item: Leftovers
|upkeep
|turn|15
|
|t:|1743779363
|move|p2a: Mani Katti|Vacuum Wave|p1a: him
|-resisted|p1a: him
|-damage|p1a: him|1/100
|move|p1a: him|Outrage|p2a: Mani Katti
|-damage|p2a: Mani Katti|0 fnt
|faint|p2a: Mani Katti
|-end|p2a: Mani Katti|Quark Drive|[silent]
|
|-heal|p1a: him|7/100|[from] item: Leftovers
|upkeep
|
|t:|1743779368
|switch|p2a: Murasama|Kingambit, F|100/100
|-activate|p2a: Murasama|ability: Supreme Overlord
|-start|p2a: Murasama|fallen3|[silent]
|turn|16
|
|t:|1743779373
|move|p2a: Murasama|Sucker Punch|p1a: him
|-damage|p1a: him|0 fnt
|faint|p1a: him
|
|upkeep
|
|t:|1743779376
|switch|p1a: Shadow|Darkrai|68/100
|turn|17
|
|t:|1743779383
|-end|p2a: Murasama|fallen3|[silent]
|switch|p2a: Metastasis|Reuniclus, F|100/100
|move|p1a: Shadow|Will-O-Wisp|p2a: Metastasis
|-status|p2a: Metastasis|brn
|
|upkeep
|turn|18
|
|t:|1743779389
|move|p1a: Shadow|Knock Off|p2a: Metastasis
|-supereffective|p2a: Metastasis
|-damage|p2a: Metastasis|46/100 brn
|-enditem|p2a: Metastasis|Life Orb|[from] move: Knock Off|[of] p1a: Shadow
|move|p2a: Metastasis|Focus Blast|p1a: Shadow
|-supereffective|p1a: Shadow
|-damage|p1a: Shadow|0 fnt
|faint|p1a: Shadow
|
|upkeep
|
|t:|1743779401
|switch|p1a: a fish|Alomomola, F|80/100
|turn|19
|
|t:|1743779409
|move|p1a: a fish|Flip Turn|p2a: Metastasis
|-damage|p2a: Metastasis|31/100 brn
|
|t:|1743779416
|switch|p1a: Why|Cresselia, F, shiny|100/100|[from] Flip Turn
|move|p2a: Metastasis|Psychic Noise|p1a: Why
|-resisted|p1a: Why
|-damage|p1a: Why|88/100
|-start|p1a: Why|move: Heal Block
|
|upkeep
|turn|20
|
|t:|1743779426
|move|p1a: Why|Calm Mind|p1a: Why
|-boost|p1a: Why|spa|1
|-boost|p1a: Why|spd|1
|move|p2a: Metastasis|Shadow Ball|p1a: Why
|-supereffective|p1a: Why
|-damage|p1a: Why|64/100
|-unboost|p1a: Why|spd|1
|
|-end|p1a: Why|move: Heal Block
|upkeep
|turn|21
|
|t:|1743779430
|move|p1a: Why|Calm Mind|p1a: Why
|-boost|p1a: Why|spa|1
|-boost|p1a: Why|spd|1
|move|p2a: Metastasis|Shadow Ball|p1a: Why
|-supereffective|p1a: Why
|-damage|p1a: Why|40/100
|
|-heal|p1a: Why|46/100|[from] item: Leftovers
|upkeep
|turn|22
|
|t:|1743779433
|move|p1a: Why|Moonlight|p1a: Why
|-heal|p1a: Why|96/100
|move|p2a: Metastasis|Psychic Noise|p1a: Why
|-resisted|p1a: Why
|-damage|p1a: Why|88/100
|-start|p1a: Why|move: Heal Block
|
|upkeep
|turn|23
|
|t:|1743779436
|switch|p2a: Murasama|Kingambit, F|100/100
|-activate|p2a: Murasama|ability: Supreme Overlord
|-start|p2a: Murasama|fallen3|[silent]
|move|p1a: Why|Calm Mind|p1a: Why
|-boost|p1a: Why|spa|1
|-boost|p1a: Why|spd|1
|
|-end|p1a: Why|move: Heal Block
|upkeep
|turn|24
|
|t:|1743779452
|-terastallize|p1a: Why|Poison
|move|p1a: Why|Moonblast|p2a: Murasama
|-damage|p2a: Murasama|58/100
|-unboost|p2a: Murasama|spa|1
|move|p2a: Murasama|Kowtow Cleave|p1a: Why
|-damage|p1a: Why|56/100
|
|-heal|p1a: Why|62/100|[from] item: Leftovers
|upkeep
|turn|25
|
|t:|1743779462
|move|p1a: Why|Moonblast|p2a: Murasama
|-damage|p2a: Murasama|17/100
|move|p2a: Murasama|Swords Dance|p2a: Murasama
|-boost|p2a: Murasama|atk|2
|
|-heal|p1a: Why|68/100|[from] item: Leftovers
|upkeep
|turn|26
|
|t:|1743779467
|move|p2a: Murasama|Sucker Punch|p1a: Why
|-damage|p1a: Why|12/100
|move|p1a: Why|Moonblast|p2a: Murasama
|-damage|p2a: Murasama|0 fnt
|faint|p2a: Murasama
|-end|p2a: Murasama|fallen3|[silent]
|
|-heal|p1a: Why|18/100|[from] item: Leftovers
|upkeep
|
|t:|1743779474
|switch|p2a: Azathoth|Pecharunt|81/100
|turn|27
|
|t:|1743779481
|move|p2a: Azathoth|Nasty Plot|p2a: Azathoth
|-boost|p2a: Azathoth|spa|2
|move|p1a: Why|Moonlight|p1a: Why
|-heal|p1a: Why|68/100
|
|-heal|p1a: Why|74/100|[from] item: Leftovers
|upkeep
|turn|28
|
|t:|1743779488
|move|p2a: Azathoth|Shadow Ball|p1a: Why
|-damage|p1a: Why|53/100
|-unboost|p1a: Why|spd|1
|move|p1a: Why|Stored Power|p2a: Azathoth
|-supereffective|p2a: Azathoth
|-damage|p2a: Azathoth|0 fnt
|faint|p2a: Azathoth
|
|-heal|p1a: Why|59/100|[from] item: Leftovers
|upkeep
|
|t:|1743779490
|switch|p2a: Metastasis|Reuniclus, F|31/100 brn
|turn|29
|
|t:|1743779492
|move|p1a: Why|Stored Power|p2a: Metastasis
|-resisted|p2a: Metastasis
|-damage|p2a: Metastasis|5/100 brn
|move|p2a: Metastasis|Psychic Noise|p1a: Why
|-supereffective|p1a: Why
|-damage|p1a: Why|26/100
|-start|p1a: Why|move: Heal Block
|
|upkeep
|turn|30
|
|t:|1743779498
|move|p1a: Why|Stored Power|p2a: Metastasis
|-resisted|p2a: Metastasis
|-damage|p2a: Metastasis|0 fnt
|faint|p2a: Metastasis
|
|win|ridlostar
|raw|ridlostar's rating: 1542 &rarr; <strong>1569</strong><br />(+27 for winning)
|raw|vacheron's rating: 1668 &rarr; <strong>1641</strong><br />(-27 for losing)
|l|☆vacheron
|player|p2|
|c|☆ridlostar|gg
|l|☆ridlostar
|player|p1|
