|j|☆clownlitos
|j|☆zac_idk
|t:|1743885285
|gametype|singles
|player|p1|clownlitos|benga|1111
|player|p2|zac_idk|swimmerf|1118
|teamsize|p1|6
|teamsize|p2|6
|gen|9
|tier|[Gen 9] OU
|rated|
|rule|HP Percentage Mod: HP is shown in percentages
|rule|Endless Battle Clause: Forcing endless battles is banned
|rule|Species Clause: Limit one of each Pokémon
|rule|OHKO Clause: OHKO moves are banned
|rule|Evasion Items Clause: Evasion items are banned
|rule|Evasion Moves Clause: Evasion moves are banned
|rule|Sleep Moves Clause: Sleep-inducing moves are banned
|clearpoke
|poke|p1|Sudowoodo, F|
|poke|p1|Okidogi, M|
|poke|p1|Gholdengo|
|poke|p1|Mimikyu, F|
|poke|p1|Great Tusk|
|poke|p1|Kingambit, F|
|poke|p2|Meowscarada, F|
|poke|p2|Garchomp, F|
|poke|p2|Hydreigon, M|
|poke|p2|Gholdengo|
|poke|p2|Glaceon, M|
|poke|p2|Slowking-Galar, F|
|teampreview
|
|t:|1743885311
|start
|switch|p1a: Woodman|Sudowoodo, F|100/100
|switch|p2a: Slowking|Slowking-Galar, F|100/100
|turn|1
|
|t:|1743885321
|move|p1a: Woodman|Stealth Rock|p2a: Slowking
|-sidestart|p2: zac_idk|move: Stealth Rock
|-prepare|p2a: Slowking|Chilly Reception|[premajor]
|move|p2a: Slowking|Chilly Reception|p2a: Slowking
|-weather|Snowscape
|
|t:|1743885328
|switch|p2a: Glaceon|Glaceon, M, shiny|100/100|[from] Chilly Reception
|-damage|p2a: Glaceon|76/100|[from] Stealth Rock
|
|-weather|Snowscape|[upkeep]
|-heal|p2a: Glaceon|82/100|[from] ability: Ice Body
|upkeep
|turn|2
|
|t:|1743885337
|move|p2a: Glaceon|Calm Mind|p2a: Glaceon
|-boost|p2a: Glaceon|spa|1
|-boost|p2a: Glaceon|spd|1
|move|p1a: Woodman|Spikes|p2a: Glaceon
|-sidestart|p2: zac_idk|Spikes
|
|-weather|Snowscape|[upkeep]
|-heal|p2a: Glaceon|88/100|[from] ability: Ice Body
|upkeep
|turn|3
|
|t:|1743885347
|move|p2a: Glaceon|Calm Mind|p2a: Glaceon
|-boost|p2a: Glaceon|spa|1
|-boost|p2a: Glaceon|spd|1
|move|p1a: Woodman|Spikes|p2a: Glaceon
|-sidestart|p2: zac_idk|Spikes
|
|-weather|Snowscape|[upkeep]
|-heal|p2a: Glaceon|93/100|[from] ability: Ice Body
|upkeep
|turn|4
|
|t:|1743885357
|move|p2a: Glaceon|Freeze-Dry|p1a: Woodman
|-damage|p1a: Woodman|7/100
|move|p1a: Woodman|Spikes|p2a: Glaceon
|-sidestart|p2: zac_idk|Spikes
|
|-weather|Snowscape|[upkeep]
|-heal|p2a: Glaceon|99/100|[from] ability: Ice Body
|upkeep
|turn|5
|-enditem|p1a: Woodman|Custap Berry|[eat]
|-activate|p1a: Woodman|item: Custap Berry|[consumed]
|
|t:|1743885367
|move|p1a: Woodman|Head Smash|p2a: Glaceon|[miss]
|-miss|p1a: Woodman|p2a: Glaceon
|move|p2a: Glaceon|Alluring Voice|p1a: Woodman
|-damage|p1a: Woodman|0 fnt
|faint|p1a: Woodman
|
|-weather|Snowscape|[upkeep]
|-heal|p2a: Glaceon|100/100|[from] ability: Ice Body
|upkeep
|
|t:|1743885410
|switch|p1a: House MD|Great Tusk|100/100
|-enditem|p1a: House MD|Booster Energy
|-activate|p1a: House MD|ability: Protosynthesis|[fromitem]
|-start|p1a: House MD|protosynthesisspe
|turn|6
|
|t:|1743885419
|move|p1a: House MD|Ice Spinner|p2a: Glaceon
|-resisted|p2a: Glaceon
|-damage|p2a: Glaceon|92/100
|-damage|p1a: House MD|84/100|[from] item: Rocky Helmet|[of] p2a: Glaceon
|move|p2a: Glaceon|Freeze-Dry|p1a: House MD
|-supereffective|p1a: House MD
|-damage|p1a: House MD|0 fnt
|faint|p1a: House MD
|-end|p1a: House MD|Protosynthesis|[silent]
|
|-weather|Snowscape|[upkeep]
|-heal|p2a: Glaceon|98/100|[from] ability: Ice Body
|upkeep
|
|t:|1743885439
|switch|p1a: ogidogi|Okidogi, M|100/100
|turn|7
|
|t:|1743885469
|move|p1a: ogidogi|Knock Off|p2a: Glaceon
|-damage|p2a: Glaceon|74/100
|-damage|p1a: ogidogi|84/100|[from] item: Rocky Helmet|[of] p2a: Glaceon
|-enditem|p2a: Glaceon|Rocky Helmet|[from] move: Knock Off|[of] p1a: ogidogi
|move|p2a: Glaceon|Shadow Ball|p1a: ogidogi
|-damage|p1a: ogidogi|33/100
|
|-weather|Snowscape|[upkeep]
|-heal|p2a: Glaceon|80/100|[from] ability: Ice Body
|upkeep
|turn|8
|
|t:|1743885483
|move|p1a: ogidogi|Drain Punch|p2a: Glaceon
|-supereffective|p2a: Glaceon
|-damage|p2a: Glaceon|29/100
|-heal|p1a: ogidogi|52/100|[from] drain|[of] p2a: Glaceon
|move|p2a: Glaceon|Shadow Ball|p1a: ogidogi
|-damage|p1a: ogidogi|0 fnt
|faint|p1a: ogidogi
|
|-weather|none
|upkeep
|
|t:|1743885503
|switch|p1a: String Cheese|Gholdengo|100/100
|-item|p1a: String Cheese|Air Balloon
|turn|9
|
|t:|1743885513
|move|p1a: String Cheese|Shadow Ball|p2a: Glaceon
|-damage|p2a: Glaceon|0 fnt
|faint|p2a: Glaceon
|
|upkeep
|
|t:|1743885537
|switch|p2a: Meowscarada|Meowscarada, F|100/100
|-damage|p2a: Meowscarada|88/100|[from] Stealth Rock
|-damage|p2a: Meowscarada|63/100|[from] Spikes
|turn|10
|
|t:|1743885554
|move|p2a: Meowscarada|Triple Axel|p1a: String Cheese
|-start|p2a: Meowscarada|typechange|Ice|[from] ability: Protean
|-resisted|p1a: String Cheese
|-damage|p1a: String Cheese|91/100
|-enditem|p1a: String Cheese|Air Balloon
|-resisted|p1a: String Cheese
|-damage|p1a: String Cheese|73/100
|-hitcount|p1a: String Cheese|2
|move|p1a: String Cheese|Dazzling Gleam|p2a: Meowscarada
|-damage|p2a: Meowscarada|18/100
|
|upkeep
|turn|11
|
|t:|1743885567
|move|p2a: Meowscarada|Triple Axel|p1a: String Cheese
|-resisted|p1a: String Cheese
|-damage|p1a: String Cheese|63/100
|-resisted|p1a: String Cheese
|-damage|p1a: String Cheese|46/100
|-resisted|p1a: String Cheese
|-damage|p1a: String Cheese|18/100
|-hitcount|p1a: String Cheese|3
|move|p1a: String Cheese|Nasty Plot|p1a: String Cheese
|-boost|p1a: String Cheese|spa|2
|
|upkeep
|turn|12
|
|t:|1743885579
|move|p2a: Meowscarada|Triple Axel|p1a: String Cheese
|-resisted|p1a: String Cheese
|-crit|p1a: String Cheese
|-damage|p1a: String Cheese|6/100
|-resisted|p1a: String Cheese
|-damage|p1a: String Cheese|0 fnt
|faint|p1a: String Cheese
|-hitcount|p1: String Cheese|2
|
|upkeep
|
|t:|1743885585
|switch|p1a: Hi|Mimikyu, F, shiny|100/100
|turn|13
|
|t:|1743885594
|move|p1a: Hi|Shadow Sneak|p2a: Meowscarada
|-crit|p2a: Meowscarada
|-damage|p2a: Meowscarada|0 fnt
|faint|p2a: Meowscarada
|-damage|p1a: Hi|91/100|[from] item: Life Orb
|
|upkeep
|
|t:|1743885603
|switch|p2a: Cheese|Gholdengo, shiny|100/100
|-damage|p2a: Cheese|94/100|[from] Stealth Rock
|-damage|p2a: Cheese|69/100|[from] Spikes
|turn|14
|
|t:|1743885617
|-terastallize|p2a: Cheese|Stellar
|move|p1a: Hi|Swords Dance|p1a: Hi
|-boost|p1a: Hi|atk|2
|move|p2a: Cheese|Shadow Ball|p1a: Hi
|-activate|p1a: Hi|ability: Disguise
|-damage|p1a: Hi|91/100
|detailschange|p1a: Hi|Mimikyu-Busted, F, shiny
|-damage|p1a: Hi|78/100|[from] pokemon: Mimikyu-Busted
|
|upkeep
|turn|15
|
|t:|1743885640
|-terastallize|p1a: Hi|Ghost
|move|p1a: Hi|Shadow Claw|p2a: Cheese
|-supereffective|p2a: Cheese
|-damage|p2a: Cheese|0 fnt
|faint|p2a: Cheese
|-damage|p1a: Hi|68/100|[from] item: Life Orb
|
|upkeep
|
|t:|1743885651
|switch|p2a: Slowking|Slowking-Galar, F|100/100
|-damage|p2a: Slowking|88/100|[from] Stealth Rock
|-damage|p2a: Slowking|63/100|[from] Spikes
|turn|16
|
|t:|1743885660
|move|p1a: Hi|Shadow Claw|p2a: Slowking
|-supereffective|p2a: Slowking
|-damage|p2a: Slowking|0 fnt
|faint|p2a: Slowking
|-damage|p1a: Hi|58/100|[from] item: Life Orb
|
|upkeep
|
|t:|1743885667
|switch|p2a: Garchomp|Garchomp, F|100/100
|-damage|p2a: Garchomp|94/100|[from] Stealth Rock
|-damage|p2a: Garchomp|69/100|[from] Spikes
|turn|17
|
|t:|1743885694
|move|p1a: Hi|Shadow Sneak|p2a: Garchomp
|-damage|p2a: Garchomp|10/100
|-damage|p1a: Hi|46/100|[from] ability: Rough Skin|[of] p2a: Garchomp
|-damage|p1a: Hi|30/100|[from] item: Rocky Helmet|[of] p2a: Garchomp
|-damage|p1a: Hi|20/100|[from] item: Life Orb
|move|p2a: Garchomp|Earthquake|p1a: Hi
|-damage|p1a: Hi|0 fnt
|faint|p1a: Hi
|
|upkeep
|
|t:|1743885705
|switch|p1a: No|Kingambit, F|100/100
|-activate|p1a: No|ability: Supreme Overlord
|-start|p1a: No|fallen5|[silent]
|-item|p1a: No|Air Balloon
|turn|18
|
|t:|1743885722
|move|p2a: Garchomp|Earthquake|p1a: No
|-immune|p1a: No
|move|p1a: No|Swords Dance|p1a: No
|-boost|p1a: No|atk|2
|
|upkeep
|turn|19
|
|t:|1743885730
|move|p2a: Garchomp|Dragon Claw|p1a: No
|-resisted|p1a: No
|-damage|p1a: No|81/100
|-enditem|p1a: No|Air Balloon
|move|p1a: No|Swords Dance|p1a: No
|-boost|p1a: No|atk|2
|
|upkeep
|turn|20
|
|t:|1743885739
|move|p1a: No|Sucker Punch|p2a: Garchomp
|-damage|p2a: Garchomp|0 fnt
|-damage|p1a: No|69/100|[from] ability: Rough Skin|[of] p2a: Garchomp
|-damage|p1a: No|52/100|[from] item: Rocky Helmet|[of] p2a: Garchomp
|faint|p2a: Garchomp
|
|upkeep
|
|t:|1743885746
|switch|p2a: Hydreigon|Hydreigon, M|100/100
|-damage|p2a: Hydreigon|88/100|[from] Stealth Rock
|turn|21
|
|t:|1743885756
|move|p1a: No|Sucker Punch|p2a: Hydreigon
|-resisted|p2a: Hydreigon
|-damage|p2a: Hydreigon|0 fnt
|-damage|p1a: No|36/100|[from] item: Rocky Helmet|[of] p2a: Hydreigon
|faint|p2a: Hydreigon
|
|win|clownlitos
|raw|clownlitos's rating: 1111 &rarr; <strong>1137</strong><br />(+26 for winning)
|raw|zac_idk's rating: 1118 &rarr; <strong>1092</strong><br />(-26 for losing)
|l|☆clownlitos
|player|p1|
