|j|☆Dribblz
|j|☆Princessjosie1001
|t:|1743890819
|gametype|singles
|player|p1|Dribblz|roxanne|1219
|player|p2|Princessjosie1001|nurse|1244
|teamsize|p1|6
|teamsize|p2|6
|gen|9
|tier|[Gen 9] OU
|rated|
|rule|HP Percentage Mod: HP is shown in percentages
|rule|Endless Battle Clause: Forcing endless battles is banned
|rule|Species Clause: Limit one of each Pokémon
|rule|OHKO Clause: OHKO moves are banned
|rule|Evasion Items Clause: Evasion items are banned
|rule|Evasion Moves Clause: Evasion moves are banned
|rule|Sleep Moves Clause: Sleep-inducing moves are banned
|clearpoke
|poke|p1|Toucannon, F|
|poke|p1|Gholdengo|
|poke|p1|Masquerain, F|
|poke|p1|Garganacl, F|
|poke|p1|Espeon, F|
|poke|p1|Kleavor, M|
|poke|p2|Cinderace, M|
|poke|p2|Cloyster, M|
|poke|p2|Hatterene, F|
|poke|p2|Espeon, M|
|poke|p2|Jirachi|
|poke|p2|Yanmega, F|
|teampreview
|
|t:|1743890827
|start
|switch|p1a: Kleavor|Kleavor, M|100/100
|switch|p2a: Jirachi|Jirachi|100/100
|turn|1
|
|t:|1743890837
|move|p2a: Jirachi|Iron Head|p1a: Kleavor
|-supereffective|p1a: Kleavor
|-damage|p1a: Kleavor|0 fnt
|faint|p1a: Kleavor
|
|upkeep
|
|t:|1743890845
|switch|p1a: Garganacl|Garganacl, F|100/100
|turn|2
|
|t:|1743890849
|move|p2a: Jirachi|Iron Head|p1a: Garganacl
|-supereffective|p1a: Garganacl
|-damage|p1a: Garganacl|61/100
|cant|p1a: Garganacl|flinch
|
|-heal|p1a: Garganacl|68/100|[from] item: Leftovers
|upkeep
|turn|3
|
|t:|1743890857
|move|p1a: Garganacl|Protect|p1a: Garganacl
|-singleturn|p1a: Garganacl|Protect
|move|p2a: Jirachi|Iron Head|p1a: Garganacl
|-activate|p1a: Garganacl|move: Protect
|
|-heal|p1a: Garganacl|74/100|[from] item: Leftovers
|upkeep
|turn|4
|
|t:|1743890865
|move|p2a: Jirachi|Iron Head|p1a: Garganacl
|-supereffective|p1a: Garganacl
|-damage|p1a: Garganacl|37/100
|move|p1a: Garganacl|Salt Cure|p2a: Jirachi
|-resisted|p2a: Jirachi
|-damage|p2a: Jirachi|93/100
|-start|p2a: Jirachi|Salt Cure
|
|-heal|p1a: Garganacl|43/100|[from] item: Leftovers
|-damage|p2a: Jirachi|68/100|[from] Salt Cure
|upkeep
|turn|5
|
|t:|1743890879
|switch|p2a: Hatterene|Hatterene, F|100/100
|move|p1a: Garganacl|Protect||[still]
|-fail|p1a: Garganacl
|
|-heal|p1a: Garganacl|49/100|[from] item: Leftovers
|upkeep
|turn|6
|
|t:|1743890887
|move|p1a: Garganacl|Recover|p1a: Garganacl
|-heal|p1a: Garganacl|99/100
|move|p2a: Hatterene|Psychic|p1a: Garganacl
|-damage|p1a: Garganacl|48/100
|
|-heal|p1a: Garganacl|54/100|[from] item: Leftovers
|upkeep
|turn|7
|
|t:|1743890896
|switch|p1a: Gholdengo|Gholdengo|100/100
|move|p2a: Hatterene|Psychic|p1a: Gholdengo
|-resisted|p1a: Gholdengo
|-damage|p1a: Gholdengo|82/100
|
|-heal|p1a: Gholdengo|88/100|[from] item: Leftovers
|upkeep
|turn|8
|
|t:|1743890910
|move|p1a: Gholdengo|Thunder Wave|p2a: Hatterene
|move|p2a: Hatterene|Thunder Wave|p1a: Gholdengo|[from] ability: Magic Bounce
|-immune|p1a: Gholdengo|[from] ability: Good as Gold
|move|p2a: Hatterene|Nuzzle|p1a: Gholdengo
|-damage|p1a: Gholdengo|84/100
|-status|p1a: Gholdengo|par
|
|-heal|p1a: Gholdengo|90/100 par|[from] item: Leftovers
|upkeep
|turn|9
|
|t:|1743890923
|move|p1a: Gholdengo|Steel Beam|p2a: Hatterene
|-supereffective|p2a: Hatterene
|-enditem|p2a: Hatterene|Focus Sash
|-damage|p2a: Hatterene|1/100
|-damage|p1a: Gholdengo|40/100 par|[from] steelbeam
|move|p2a: Hatterene|Mystical Fire|p1a: Gholdengo
|-supereffective|p1a: Gholdengo
|-damage|p1a: Gholdengo|0 fnt
|faint|p1a: Gholdengo
|
|upkeep
|
|t:|1743890934
|switch|p1a: Toucey!|Toucannon, F|100/100
|turn|10
|
|t:|1743890940
|move|p1a: Toucey!|Rock Blast|p2a: Hatterene
|-damage|p2a: Hatterene|0 fnt
|faint|p2a: Hatterene
|-hitcount|p2: Hatterene|1
|
|upkeep
|
|t:|1743890950
|switch|p2a: Yanmega|Yanmega, F|100/100
|turn|11
|
|t:|1743890954
|move|p2a: Yanmega|Air Slash|p1a: Toucey!
|-damage|p1a: Toucey!|37/100
|-damage|p2a: Yanmega|91/100|[from] item: Life Orb
|move|p1a: Toucey!|Rock Blast|p2a: Yanmega
|-supereffective|p2a: Yanmega
|-damage|p2a: Yanmega|22/100
|-supereffective|p2a: Yanmega
|-damage|p2a: Yanmega|0 fnt
|faint|p2a: Yanmega
|-hitcount|p2: Yanmega|2
|
|upkeep
|
|t:|1743890966
|switch|p2a: Jirachi|Jirachi|68/100
|turn|12
|
|t:|1743890972
|move|p2a: Jirachi|Iron Head|p1a: Toucey!
|-damage|p1a: Toucey!|0 fnt
|faint|p1a: Toucey!
|
|upkeep
|c|☆Dribblz|Toucey nooo
|
|t:|1743890988
|switch|p1a: Espeon|Espeon, F|100/100
|turn|13
|
|t:|1743890994
|move|p2a: Jirachi|Iron Head|p1a: Espeon
|-damage|p1a: Espeon|28/100
|move|p1a: Espeon|Shadow Ball|p2a: Jirachi
|-supereffective|p2a: Jirachi
|-crit|p2a: Jirachi
|-damage|p2a: Jirachi|0 fnt
|faint|p2a: Jirachi
|
|upkeep
|
|t:|1743891005
|switch|p2a: Cinderace|Cinderace, M|100/100
|turn|14
|
|t:|1743891012
|move|p2a: Cinderace|Pyro Ball|p1a: Espeon
|-damage|p1a: Espeon|0 fnt
|faint|p1a: Espeon
|
|upkeep
|
|t:|1743891017
|switch|p1a: Masquerain|Masquerain, F|100/100
|-ability|p1a: Masquerain|Intimidate|boost
|-unboost|p2a: Cinderace|atk|1
|turn|15
|c|☆Princessjosie1001|Lol
|
|t:|1743891026
|switch|p2a: No hazard allowed|Espeon, M|100/100
|move|p1a: Masquerain|Quiver Dance|p1a: Masquerain
|-boost|p1a: Masquerain|spa|1
|-boost|p1a: Masquerain|spd|1
|-boost|p1a: Masquerain|spe|1
|
|upkeep
|turn|16
|
|t:|1743891035
|move|p2a: No hazard allowed|Thunder Wave|p1a: Masquerain
|-status|p1a: Masquerain|par
|move|p1a: Masquerain|Bug Buzz|p2a: No hazard allowed
|-supereffective|p2a: No hazard allowed
|-damage|p2a: No hazard allowed|0 fnt
|faint|p2a: No hazard allowed
|
|upkeep
|
|t:|1743891043
|switch|p2a: Cloyster|Cloyster, M|100/100
|turn|17
|
|t:|1743891049
|move|p2a: Cloyster|Rock Blast|p1a: Masquerain
|-supereffective|p1a: Masquerain
|-damage|p1a: Masquerain|46/100 par
|-supereffective|p1a: Masquerain
|-damage|p1a: Masquerain|0 fnt
|faint|p1a: Masquerain
|-hitcount|p1: Masquerain|2
|
|upkeep
|
|t:|1743891056
|switch|p1a: Garganacl|Garganacl, F|54/100
|turn|18
|
|t:|1743891060
|switch|p2a: Cinderace|Cinderace, M|100/100
|move|p1a: Garganacl|Salt Cure|p2a: Cinderace
|-supereffective|p2a: Cinderace
|-damage|p2a: Cinderace|64/100
|-start|p2a: Cinderace|Salt Cure
|
|-heal|p1a: Garganacl|60/100|[from] item: Leftovers
|-damage|p2a: Cinderace|52/100|[from] Salt Cure
|upkeep
|turn|19
|
|t:|1743891070
|move|p2a: Cinderace|High Jump Kick|p1a: Garganacl
|-start|p2a: Cinderace|typechange|Fighting|[from] ability: Libero
|-supereffective|p1a: Garganacl
|-damage|p1a: Garganacl|0 fnt
|faint|p1a: Garganacl
|
|win|Princessjosie1001
|raw|Dribblz's rating: 1219 &rarr; <strong>1196</strong><br />(-23 for losing)
|raw|Princessjosie1001's rating: 1244 &rarr; <strong>1267</strong><br />(+23 for winning)
|l|☆Dribblz
|player|p1|
|c|☆Princessjosie1001|Gg
|l|☆Princessjosie1001
|player|p2|
