|j|☆Diarreia Mortal
|j|☆Skibidi Toothpaste
|t:|1743847403
|gametype|singles
|player|p1|Diarreia Mortal|fisherman-gen4|1166
|player|p2|Skibidi Toothpaste|volkner|1162
|teamsize|p1|6
|teamsize|p2|6
|gen|9
|tier|[Gen 9] OU
|rated|
|rule|HP Percentage Mod: HP is shown in percentages
|rule|Endless Battle Clause: Forcing endless battles is banned
|rule|Species Clause: Limit one of each Pokémon
|rule|OHKO Clause: OHKO moves are banned
|rule|Evasion Items Clause: Evasion items are banned
|rule|Evasion Moves Clause: Evasion moves are banned
|rule|Sleep Moves Clause: Sleep-inducing moves are banned
|clearpoke
|poke|p1|Toxtricity, M|
|poke|p1|Mew|
|poke|p1|Ninetales-Alola, F|
|poke|p1|Quaquaval, F|
|poke|p1|Toucannon, M|
|poke|p1|Ditto|
|poke|p2|Rillaboom, F|
|poke|p2|Raging Bolt|
|poke|p2|Iron Treads|
|poke|p2|Volcanion|
|poke|p2|Feraligatr, F|
|poke|p2|Hoopa-Unbound|
|teampreview
|inactive|Battle timer is ON: inactive players will automatically lose when time's up. (requested by Skibidi Toothpaste)
|c|☆Skibidi Toothpaste|Hf
|
|t:|1743847418
|start
|switch|p1a: Ninetales|Ninetales-Alola, F|100/100
|switch|p2a: The Domain|Rillaboom, F|100/100
|-weather|Snowscape|[from] ability: Snow Warning|[of] p1a: Ninetales
|-fieldstart|move: Grassy Terrain|[from] ability: Grassy Surge|[of] p2a: The Domain
|turn|1
|
|t:|1743847425
|move|p1a: Ninetales|Aurora Veil|p1a: Ninetales
|-sidestart|p1: Diarreia Mortal|move: Aurora Veil
|move|p2a: The Domain|Swords Dance|p2a: The Domain
|-boost|p2a: The Domain|atk|2
|
|-weather|Snowscape|[upkeep]
|upkeep
|turn|2
|
|t:|1743847428
|move|p2a: The Domain|Grassy Glide|p1a: Ninetales
|-damage|p1a: Ninetales|62/100
|move|p1a: Ninetales|Blizzard|p2a: The Domain
|-supereffective|p2a: The Domain
|-damage|p2a: The Domain|0 fnt
|faint|p2a: The Domain
|
|-weather|Snowscape|[upkeep]
|-heal|p1a: Ninetales|68/100|[from] Grassy Terrain
|upkeep
|
|t:|1743847432
|switch|p2a: The Artillery|Volcanion|100/100
|-enditem|p2a: The Artillery|Grassy Seed
|-boost|p2a: The Artillery|def|1|[from] item: Grassy Seed
|turn|3
|
|t:|1743847445
|switch|p1a: Toxtricity|Toxtricity, M|100/100
|move|p2a: The Artillery|Fire Blast|p1a: Toxtricity
|-damage|p1a: Toxtricity|59/100
|
|-weather|Snowscape|[upkeep]
|-heal|p1a: Toxtricity|65/100|[from] Grassy Terrain
|upkeep
|turn|4
|
|t:|1743847457
|move|p1a: Toxtricity|Boomburst|p2a: The Artillery
|-damage|p2a: The Artillery|13/100
|move|p2a: The Artillery|Earth Power|p1a: Toxtricity
|-supereffective|p1a: Toxtricity
|-damage|p1a: Toxtricity|0 fnt
|faint|p1a: Toxtricity
|
|-weather|Snowscape|[upkeep]
|-heal|p2a: The Artillery|19/100|[from] Grassy Terrain
|upkeep
|
|t:|1743847470
|switch|p1a: Quaquaval|Quaquaval, F|100/100
|turn|5
|
|t:|1743847481
|switch|p2a: The Monolith|Raging Bolt|100/100
|-enditem|p2a: The Monolith|Grassy Seed
|-boost|p2a: The Monolith|def|1|[from] item: Grassy Seed
|move|p1a: Quaquaval|Knock Off|p2a: The Monolith
|-damage|p2a: The Monolith|92/100
|
|-weather|none
|-heal|p2a: The Monolith|98/100|[from] Grassy Terrain
|upkeep
|turn|6
|
|t:|1743847496
|-terastallize|p2a: The Monolith|Bug
|move|p1a: Quaquaval|Aqua Step|p2a: The Monolith
|-damage|p2a: The Monolith|80/100
|-boost|p1a: Quaquaval|spe|1
|move|p2a: The Monolith|Calm Mind|p2a: The Monolith
|-boost|p2a: The Monolith|spa|1
|-boost|p2a: The Monolith|spd|1
|
|-heal|p2a: The Monolith|86/100|[from] Grassy Terrain
|upkeep
|turn|7
|
|t:|1743847505
|move|p1a: Quaquaval|Acrobatics|p2a: The Monolith
|-supereffective|p2a: The Monolith
|-damage|p2a: The Monolith|56/100
|move|p2a: The Monolith|Discharge|p1a: Quaquaval
|-supereffective|p1a: Quaquaval
|-crit|p1a: Quaquaval
|-damage|p1a: Quaquaval|0 fnt
|faint|p1a: Quaquaval
|
|-heal|p2a: The Monolith|63/100|[from] Grassy Terrain
|upkeep
|
|t:|1743847522
|switch|p1a: Mew|Mew|100/100
|turn|8
|
|t:|1743847526
|move|p1a: Mew|Dragon Dance|p1a: Mew
|-boost|p1a: Mew|atk|1
|-boost|p1a: Mew|spe|1
|move|p2a: The Monolith|Discharge|p1a: Mew
|-damage|p1a: Mew|71/100
|-status|p1a: Mew|par
|-activate|p1a: Mew|ability: Synchronize
|-status|p2a: The Monolith|par
|
|-heal|p1a: Mew|77/100 par|[from] Grassy Terrain
|-heal|p2a: The Monolith|69/100 par|[from] Grassy Terrain
|-sideend|p1: Diarreia Mortal|move: Aurora Veil
|-fieldend|move: Grassy Terrain
|upkeep
|turn|9
|
|t:|1743847536
|move|p1a: Mew|Dragon Dance|p1a: Mew
|-boost|p1a: Mew|atk|1
|-boost|p1a: Mew|spe|1
|move|p2a: The Monolith|Discharge|p1a: Mew
|-damage|p1a: Mew|20/100 par
|
|upkeep
|turn|10
|
|t:|1743847548
|cant|p1a: Mew|par
|cant|p2a: The Monolith|par
|
|upkeep
|turn|11
|
|t:|1743847554
|cant|p1a: Mew|par
|cant|p2a: The Monolith|par
|
|upkeep
|turn|12
|
|t:|1743847558
|move|p1a: Mew|Drain Punch|p2a: The Monolith
|-resisted|p2a: The Monolith
|-damage|p2a: The Monolith|59/100 par
|-heal|p1a: Mew|27/100 par|[from] drain|[of] p2a: The Monolith
|move|p2a: The Monolith|Discharge|p1a: Mew
|-damage|p1a: Mew|0 fnt
|faint|p1a: Mew
|
|upkeep
|
|t:|1743847567
|switch|p1a: Ditto|Ditto|100/100
|-transform|p1a: Ditto|p2a: The Monolith|[from] ability: Imposter
|-start|p1a: Ditto|typechange|Electric/Dragon|[silent]
|turn|13
|
|t:|1743847584
|-terastallize|p1a: Ditto|Normal
|move|p1a: Ditto|Dragon Pulse|p2a: The Monolith
|-damage|p2a: The Monolith|22/100 par
|move|p2a: The Monolith|Dragon Pulse|p1a: Ditto
|-damage|p1a: Ditto|52/100
|
|upkeep
|turn|14
|
|t:|1743847592
|cant|p2a: The Monolith|par
|move|p1a: Ditto|Dragon Pulse|p2a: The Monolith
|-damage|p2a: The Monolith|0 fnt
|faint|p2a: The Monolith
|-end|p2a: The Monolith|Protosynthesis|[silent]
|
|upkeep
|
|t:|1743847597
|switch|p2a: The Heretic|Hoopa-Unbound|100/100
|turn|15
|
|t:|1743847600
|move|p1a: Ditto|Dragon Pulse|p2a: The Heretic
|-damage|p2a: The Heretic|56/100
|move|p2a: The Heretic|Drain Punch|p1a: Ditto
|-supereffective|p1a: Ditto
|-damage|p1a: Ditto|16/100
|-heal|p2a: The Heretic|71/100|[from] drain|[of] p1a: Ditto
|
|upkeep
|turn|16
|
|t:|1743847608
|move|p1a: Ditto|Dragon Pulse|p2a: The Heretic
|-damage|p2a: The Heretic|27/100
|move|p2a: The Heretic|Drain Punch|p1a: Ditto
|-supereffective|p1a: Ditto
|-damage|p1a: Ditto|0 fnt
|-heal|p2a: The Heretic|33/100|[from] drain|[of] p1a: Ditto
|faint|p1a: Ditto
|-end|p1a: Ditto|Protosynthesis|[silent]
|
|upkeep
|
|t:|1743847616
|switch|p1a: Ninetales|Ninetales-Alola, F|68/100
|-weather|Snowscape|[from] ability: Snow Warning|[of] p1a: Ninetales
|turn|17
|
|t:|1743847620
|move|p1a: Ninetales|Aurora Veil|p1a: Ninetales
|-sidestart|p1: Diarreia Mortal|move: Aurora Veil
|move|p2a: The Heretic|Knock Off|p1a: Ninetales
|-resisted|p1a: Ninetales
|-damage|p1a: Ninetales|53/100
|-enditem|p1a: Ninetales|Light Clay|[from] move: Knock Off|[of] p2a: The Heretic
|
|-weather|Snowscape|[upkeep]
|upkeep
|turn|18
|
|t:|1743847625
|move|p1a: Ninetales|Draining Kiss|p2a: The Heretic
|-supereffective|p2a: The Heretic
|-damage|p2a: The Heretic|3/100
|-heal|p1a: Ninetales|82/100|[from] drain|[of] p2a: The Heretic
|move|p2a: The Heretic|Drain Punch|p1a: Ninetales
|-damage|p1a: Ninetales|67/100
|-heal|p2a: The Heretic|10/100|[from] drain|[of] p1a: Ninetales
|
|-weather|Snowscape|[upkeep]
|upkeep
|turn|19
|
|t:|1743847630
|switch|p2a: The Remover|Iron Treads|100/100
|-enditem|p2a: The Remover|Booster Energy
|-activate|p2a: The Remover|ability: Quark Drive|[fromitem]
|-start|p2a: The Remover|quarkdrivespe
|move|p1a: Ninetales|Draining Kiss|p2a: The Remover
|-resisted|p2a: The Remover
|-damage|p2a: The Remover|87/100
|-heal|p1a: Ninetales|78/100|[from] drain|[of] p2a: The Remover
|
|-weather|Snowscape|[upkeep]
|upkeep
|turn|20
|
|t:|1743847637
|move|p2a: The Remover|High Horsepower|p1a: Ninetales
|-damage|p1a: Ninetales|55/100
|move|p1a: Ninetales|Chilling Water|p2a: The Remover
|-supereffective|p2a: The Remover
|-damage|p2a: The Remover|52/100
|-unboost|p2a: The Remover|atk|1
|
|-weather|Snowscape|[upkeep]
|upkeep
|turn|21
|
|t:|1743847642
|move|p2a: The Remover|High Horsepower|p1a: Ninetales
|-damage|p1a: Ninetales|41/100
|move|p1a: Ninetales|Chilling Water|p2a: The Remover
|-supereffective|p2a: The Remover
|-damage|p2a: The Remover|18/100
|-unboost|p2a: The Remover|atk|1
|
|-weather|none
|upkeep
|turn|22
|
|t:|1743847645
|move|p2a: The Remover|High Horsepower|p1a: Ninetales|[miss]
|-miss|p2a: The Remover|p1a: Ninetales
|move|p1a: Ninetales|Chilling Water|p2a: The Remover
|-supereffective|p2a: The Remover
|-damage|p2a: The Remover|0 fnt
|faint|p2a: The Remover
|-end|p2a: The Remover|Quark Drive|[silent]
|
|upkeep
|
|t:|1743847652
|switch|p2a: The Apex|Feraligatr, F|100/100
|turn|23
|
|t:|1743847655
|move|p1a: Ninetales|Draining Kiss|p2a: The Apex
|-damage|p2a: The Apex|77/100
|-heal|p1a: Ninetales|60/100|[from] drain|[of] p2a: The Apex
|move|p2a: The Apex|Dragon Dance|p2a: The Apex
|-boost|p2a: The Apex|atk|1
|-boost|p2a: The Apex|spe|1
|
|upkeep
|turn|24
|
|t:|1743847664
|move|p2a: The Apex|Dragon Dance|p2a: The Apex
|-boost|p2a: The Apex|atk|1
|-boost|p2a: The Apex|spe|1
|move|p1a: Ninetales|Blizzard|p2a: The Apex
|-resisted|p2a: The Apex
|-damage|p2a: The Apex|50/100
|
|-sideend|p1: Diarreia Mortal|move: Aurora Veil
|upkeep
|turn|25
|
|t:|1743847666
|move|p2a: The Apex|Liquidation|p1a: Ninetales
|-damage|p1a: Ninetales|0 fnt
|faint|p1a: Ninetales
|
|upkeep
|
|t:|1743847670
|switch|p1a: Toucannon|Toucannon, M|100/100
|turn|26
|
|t:|1743847672
|-singleturn|p1a: Toucannon|move: Beak Blast
|move|p2a: The Apex|Ice Punch|p1a: Toucannon
|-supereffective|p1a: Toucannon
|-damage|p1a: Toucannon|0 fnt
|-status|p2a: The Apex|brn
|faint|p1a: Toucannon
|
|win|Skibidi Toothpaste
|raw|Diarreia Mortal's rating: 1166 &rarr; <strong>1141</strong><br />(-25 for losing)
|raw|Skibidi Toothpaste's rating: 1162 &rarr; <strong>1187</strong><br />(+25 for winning)
|l|☆Diarreia Mortal
|player|p1|
|c|☆Skibidi Toothpaste|Gg
|l|☆Skibidi Toothpaste
|player|p2|
