|j|‽latino
|j|☆JackRG1
|t:|1743804698
|gametype|singles
|player|p1|latino|102|1555
|player|p2|JackRG1|iris|1507
|teamsize|p1|6
|teamsize|p2|6
|gen|9
|tier|[Gen 9] OU
|rated|
|rule|HP Percentage Mod: HP is shown in percentages
|rule|Endless Battle Clause: Forcing endless battles is banned
|rule|Species Clause: Limit one of each Pokémon
|rule|OHKO Clause: OHKO moves are banned
|rule|Evasion Items Clause: Evasion items are banned
|rule|Evasion Moves Clause: Evasion moves are banned
|rule|Sleep Moves Clause: Sleep-inducing moves are banned
|clearpoke
|poke|p1|Incineroar, M|
|poke|p1|Dragonite, F|
|poke|p1|Okidogi, M|
|poke|p1|Weezing-Galar, M|
|poke|p1|Kyurem|
|poke|p1|Gliscor, F|
|poke|p2|Clefable, M|
|poke|p2|Weavile, M|
|poke|p2|Garganacl, M|
|poke|p2|Ting-Lu|
|poke|p2|Dondozo, F|
|poke|p2|Corviknight, M|
|teampreview
|inactive|Battle timer is ON: inactive players will automatically lose when time's up. (requested by JackRG1)
|inactive|JackRG1 has 120 seconds left.
|
|t:|1743804755
|start
|switch|p1a: Weezing|Weezing-Galar, M|100/100
|switch|p2a: Clefable|Clefable, M|100/100
|-ability|p1a: Weezing|Neutralizing Gas
|turn|1
|
|t:|1743804775
|move|p2a: Clefable|Knock Off|p1a: Weezing
|-resisted|p1a: Weezing
|-damage|p1a: Weezing|96/100
|-enditem|p1a: Weezing|Heavy-Duty Boots|[from] move: Knock Off|[of] p2a: Clefable
|move|p1a: Weezing|Will-O-Wisp|p2a: Clefable
|-status|p2a: Clefable|brn
|
|-damage|p2a: Clefable|94/100 brn|[from] brn
|-damage|p2a: Clefable|82/100 brn|[from] item: Sticky Barb
|upkeep
|turn|2
|
|t:|1743804787
|move|p2a: Clefable|Stealth Rock|p1a: Weezing
|-sidestart|p1: latino|move: Stealth Rock
|move|p1a: Weezing|Strange Steam|p2a: Clefable
|-damage|p2a: Clefable|56/100 brn
|-start|p2a: Clefable|confusion
|
|-damage|p2a: Clefable|50/100 brn|[from] brn
|-damage|p2a: Clefable|37/100 brn|[from] item: Sticky Barb
|upkeep
|turn|3
|
|t:|1743804796
|switch|p2a: Corviknight|Corviknight, M|100/100
|move|p1a: Weezing|Defog|p2a: Corviknight
|-unboost|p2a: Corviknight|evasion|1
|-sideend|p1: latino|Stealth Rock|[from] move: Defog|[of] p1a: Weezing
|
|upkeep
|turn|4
|
|t:|1743804803
|switch|p2a: Ting-Lu|Ting-Lu|100/100
|-end|p1a: Weezing|ability: Neutralizing Gas
|-ability|p2a: Ting-Lu|Vessel of Ruin
|switch|p1a: Incineroar|Incineroar, M|100/100
|-ability|p1a: Incineroar|Intimidate|boost
|-unboost|p2a: Ting-Lu|atk|1
|
|upkeep
|turn|5
|
|t:|1743804812
|switch|p2a: Dondozo|Dondozo, F|100/100
|move|p1a: Incineroar|Will-O-Wisp|p2a: Dondozo
|-status|p2a: Dondozo|brn
|
|-damage|p2a: Dondozo|94/100 brn|[from] brn
|upkeep
|turn|6
|
|t:|1743804820
|move|p1a: Incineroar|Knock Off|p2a: Dondozo
|-damage|p2a: Dondozo|71/100 brn
|-enditem|p2a: Dondozo|Heavy-Duty Boots|[from] move: Knock Off|[of] p1a: Incineroar
|move|p2a: Dondozo|Waterfall|p1a: Incineroar
|-supereffective|p1a: Incineroar
|-damage|p1a: Incineroar|73/100
|
|-heal|p1a: Incineroar|79/100|[from] item: Leftovers
|-damage|p2a: Dondozo|65/100 brn|[from] brn
|upkeep
|turn|7
|
|t:|1743804829
|move|p1a: Incineroar|Parting Shot|p2a: Dondozo
|-unboost|p2a: Dondozo|atk|1
|-unboost|p2a: Dondozo|spa|1
|
|t:|1743804834
|switch|p1a: Okidogi|Okidogi, M|100/100|[from] Parting Shot
|move|p2a: Dondozo|Rest|p2a: Dondozo
|-status|p2a: Dondozo|slp|[from] move: Rest
|-heal|p2a: Dondozo|100/100 slp|[silent]
|
|upkeep
|turn|8
|
|t:|1743804845
|switch|p1a: Kyurem|Kyurem|100/100
|-ability|p1a: Kyurem|Pressure
|cant|p2a: Dondozo|slp
|move|p2a: Dondozo|Sleep Talk|p2a: Dondozo
|move|p2a: Dondozo|Curse|p2a: Dondozo|[from] move: Sleep Talk
|-unboost|p2a: Dondozo|spe|1
|-boost|p2a: Dondozo|atk|1
|-boost|p2a: Dondozo|def|1
|
|upkeep
|turn|9
|
|t:|1743804855
|switch|p2a: Garganacl|Garganacl, M|100/100
|move|p1a: Kyurem|Freeze-Dry|p2a: Garganacl
|-damage|p2a: Garganacl|79/100
|
|upkeep
|turn|10
|
|t:|1743804861
|move|p1a: Kyurem|Substitute|p1a: Kyurem
|-start|p1a: Kyurem|Substitute
|-damage|p1a: Kyurem|76/100
|move|p2a: Garganacl|Curse|p2a: Garganacl
|-unboost|p2a: Garganacl|spe|1
|-boost|p2a: Garganacl|atk|1
|-boost|p2a: Garganacl|def|1
|
|-heal|p1a: Kyurem|82/100|[from] item: Leftovers
|upkeep
|turn|11
|
|t:|1743804869
|move|p1a: Kyurem|Earth Power|p2a: Garganacl
|-supereffective|p2a: Garganacl
|-damage|p2a: Garganacl|40/100
|move|p2a: Garganacl|Curse|p2a: Garganacl
|-unboost|p2a: Garganacl|spe|1
|-boost|p2a: Garganacl|atk|1
|-boost|p2a: Garganacl|def|1
|
|-heal|p1a: Kyurem|88/100|[from] item: Leftovers
|upkeep
|turn|12
|
|t:|1743804879
|move|p1a: Kyurem|Earth Power|p2a: Garganacl
|-supereffective|p2a: Garganacl
|-damage|p2a: Garganacl|3/100
|move|p2a: Garganacl|Recover|p2a: Garganacl
|-heal|p2a: Garganacl|53/100
|
|-heal|p1a: Kyurem|94/100|[from] item: Leftovers
|upkeep
|turn|13
|
|t:|1743804886
|move|p1a: Kyurem|Earth Power|p2a: Garganacl
|-supereffective|p2a: Garganacl
|-damage|p2a: Garganacl|14/100
|move|p2a: Garganacl|Recover|p2a: Garganacl
|-heal|p2a: Garganacl|64/100
|
|-heal|p1a: Kyurem|100/100|[from] item: Leftovers
|upkeep
|turn|14
|
|t:|1743804894
|move|p1a: Kyurem|Earth Power|p2a: Garganacl
|-supereffective|p2a: Garganacl
|-damage|p2a: Garganacl|26/100
|move|p2a: Garganacl|Recover|p2a: Garganacl
|-heal|p2a: Garganacl|76/100
|
|upkeep
|turn|15
|
|t:|1743804901
|switch|p2a: Corviknight|Corviknight, M|100/100
|-ability|p2a: Corviknight|Pressure
|move|p1a: Kyurem|Earth Power|p2a: Corviknight
|-immune|p2a: Corviknight
|
|upkeep
|turn|16
|
|t:|1743804908
|move|p1a: Kyurem|Freeze-Dry|p2a: Corviknight
|-damage|p2a: Corviknight|66/100
|move|p2a: Corviknight|U-turn|p1a: Kyurem
|-activate|p1a: Kyurem|move: Substitute|[damage]
|
|t:|1743804916
|switch|p2a: Clefable|Clefable, M|37/100 brn|[from] U-turn
|
|upkeep
|turn|17
|
|t:|1743804919
|move|p1a: Kyurem|Freeze-Dry|p2a: Clefable
|-damage|p2a: Clefable|4/100 brn
|move|p2a: Clefable|Moonlight|p2a: Clefable
|-heal|p2a: Clefable|54/100 brn
|
|upkeep
|turn|18
|
|t:|1743804926
|move|p1a: Kyurem|Freeze-Dry|p2a: Clefable
|-damage|p2a: Clefable|24/100 brn
|move|p2a: Clefable|Moonlight|p2a: Clefable
|-heal|p2a: Clefable|74/100 brn
|
|upkeep
|turn|19
|
|t:|1743804933
|move|p1a: Kyurem|Freeze-Dry|p2a: Clefable
|-damage|p2a: Clefable|43/100 brn
|move|p2a: Clefable|Moonlight|p2a: Clefable
|-heal|p2a: Clefable|93/100 brn
|
|upkeep
|turn|20
|
|t:|1743804939
|move|p1a: Kyurem|Freeze-Dry|p2a: Clefable
|-damage|p2a: Clefable|63/100 brn
|move|p2a: Clefable|Stealth Rock|p1a: Kyurem
|-sidestart|p1: latino|move: Stealth Rock
|
|upkeep
|turn|21
|
|t:|1743804945
|switch|p2a: Ting-Lu|Ting-Lu|100/100
|-ability|p2a: Ting-Lu|Vessel of Ruin
|move|p1a: Kyurem|Freeze-Dry|p2a: Ting-Lu
|-supereffective|p2a: Ting-Lu
|-damage|p2a: Ting-Lu|74/100
|
|upkeep
|turn|22
|
|t:|1743804954
|switch|p2a: Garganacl|Garganacl, M|76/100
|move|p1a: Kyurem|Freeze-Dry|p2a: Garganacl
|-damage|p2a: Garganacl|54/100
|
|upkeep
|turn|23
|
|t:|1743804961
|switch|p2a: Corviknight|Corviknight, M|66/100
|-ability|p2a: Corviknight|Pressure
|move|p1a: Kyurem|Earth Power|p2a: Corviknight
|-immune|p2a: Corviknight
|
|upkeep
|turn|24
|
|t:|1743804968
|move|p1a: Kyurem|Freeze-Dry|p2a: Corviknight
|-crit|p2a: Corviknight
|-damage|p2a: Corviknight|18/100
|move|p2a: Corviknight|Roost|p2a: Corviknight
|-heal|p2a: Corviknight|68/100
|-singleturn|p2a: Corviknight|move: Roost
|
|upkeep
|turn|25
|
|t:|1743804975
|move|p1a: Kyurem|Freeze-Dry|p2a: Corviknight
|-damage|p2a: Corviknight|34/100
|-status|p2a: Corviknight|frz
|cant|p2a: Corviknight|frz
|
|upkeep
|turn|26
|
|t:|1743804982
|move|p1a: Kyurem|Freeze-Dry|p2a: Corviknight
|-damage|p2a: Corviknight|4/100 frz
|cant|p2a: Corviknight|frz
|
|upkeep
|turn|27
|c|☆JackRG1|Loser
|
|t:|1743804988
|move|p1a: Kyurem|Freeze-Dry|p2a: Corviknight
|-damage|p2a: Corviknight|0 fnt
|faint|p2a: Corviknight
|
|upkeep
|
|t:|1743804991
|switch|p2a: Clefable|Clefable, M|63/100 brn
|turn|28
|n|☆latino|latino
|c|☆latino|why am i a loser?
|inactive|latino has 120 seconds left.
|c|☆JackRG1|Using a set that fishes for a uninteractive status condition
|inactive|latino has 90 seconds left.
|c|☆latino|ok
|
|t:|1743805064
|move|p1a: Kyurem|Freeze-Dry|p2a: Clefable
|-damage|p2a: Clefable|32/100 brn
|move|p2a: Clefable|Moonlight|p2a: Clefable
|-heal|p2a: Clefable|82/100 brn
|
|upkeep
|turn|29
|
|t:|1743805072
|switch|p2a: Ting-Lu|Ting-Lu|74/100
|-ability|p2a: Ting-Lu|Vessel of Ruin
|move|p1a: Kyurem|Freeze-Dry|p2a: Ting-Lu
|-supereffective|p2a: Ting-Lu
|-damage|p2a: Ting-Lu|48/100
|
|upkeep
|turn|30
|inactive|latino has 90 seconds left.
|
|t:|1743805079
|move|p1a: Kyurem|Freeze-Dry|p2a: Ting-Lu
|-supereffective|p2a: Ting-Lu
|-damage|p2a: Ting-Lu|20/100
|move|p2a: Ting-Lu|Rest|p2a: Ting-Lu
|-status|p2a: Ting-Lu|slp|[from] move: Rest
|-heal|p2a: Ting-Lu|100/100 slp|[silent]
|
|upkeep
|turn|31
|
|t:|1743805087
|move|p1a: Kyurem|Freeze-Dry|p2a: Ting-Lu
|-supereffective|p2a: Ting-Lu
|-damage|p2a: Ting-Lu|74/100 slp
|cant|p2a: Ting-Lu|slp
|
|upkeep
|turn|32
|
|t:|1743805093
|move|p1a: Kyurem|Earth Power|p2a: Ting-Lu
|-damage|p2a: Ting-Lu|62/100 slp
|cant|p2a: Ting-Lu|slp
|
|upkeep
|turn|33
|
|t:|1743805098
|move|p1a: Kyurem|Earth Power|p2a: Ting-Lu
|-damage|p2a: Ting-Lu|51/100 slp
|-unboost|p2a: Ting-Lu|spd|1
|-curestatus|p2a: Ting-Lu|slp|[msg]
|move|p2a: Ting-Lu|Rest|p2a: Ting-Lu
|-status|p2a: Ting-Lu|slp|[from] move: Rest
|-heal|p2a: Ting-Lu|100/100 slp|[silent]
|
|upkeep
|turn|34
|
|t:|1743805108
|switch|p2a: Weavile|Weavile, M|100/100
|-ability|p2a: Weavile|Pressure
|move|p1a: Kyurem|Freeze-Dry|p2a: Weavile
|-resisted|p2a: Weavile
|-crit|p2a: Weavile
|-damage|p2a: Weavile|67/100
|
|upkeep
|turn|35
|
|t:|1743805116
|switch|p2a: Ting-Lu|Ting-Lu|100/100 slp
|-ability|p2a: Ting-Lu|Vessel of Ruin
|move|p1a: Kyurem|Earth Power|p2a: Ting-Lu
|-damage|p2a: Ting-Lu|88/100 slp
|
|upkeep
|turn|36
|inactive|latino has 120 seconds left.
|
|t:|1743805124
|switch|p1a: Weezing|Weezing-Galar, M|96/100
|-ability|p1a: Weezing|Neutralizing Gas
|-damage|p1a: Weezing|83/100|[from] Stealth Rock
|cant|p2a: Ting-Lu|slp
|
|upkeep
|turn|37
|
|t:|1743805133
|switch|p2a: Dondozo|Dondozo, F|100/100 slp
|move|p1a: Weezing|Defog|p2a: Dondozo
|-unboost|p2a: Dondozo|evasion|1
|-sideend|p1: latino|Stealth Rock|[from] move: Defog|[of] p1a: Weezing
|
|upkeep
|turn|38
|
|t:|1743805142
|-end|p1a: Weezing|ability: Neutralizing Gas
|switch|p1a: Gliscor|Gliscor, F|100/100
|cant|p2a: Dondozo|slp
|
|-status|p1a: Gliscor|tox|[from] item: Toxic Orb
|upkeep
|turn|39
|
|t:|1743805153
|move|p1a: Gliscor|Earthquake|p2a: Dondozo
|-damage|p2a: Dondozo|82/100 slp
|-curestatus|p2a: Dondozo|slp|[msg]
|move|p2a: Dondozo|Curse|p2a: Dondozo
|-unboost|p2a: Dondozo|spe|1
|-boost|p2a: Dondozo|atk|1
|-boost|p2a: Dondozo|def|1
|
|upkeep
|turn|40
|
|t:|1743805161
|move|p1a: Gliscor|Toxic|p2a: Dondozo
|-status|p2a: Dondozo|tox
|move|p2a: Dondozo|Waterfall|p1a: Gliscor
|-supereffective|p1a: Gliscor
|-damage|p1a: Gliscor|32/100 tox
|
|-heal|p1a: Gliscor|45/100 tox|[from] ability: Poison Heal
|-damage|p2a: Dondozo|76/100 tox|[from] psn
|upkeep
|turn|41
|
|t:|1743805170
|switch|p1a: Okidogi|Okidogi, M|100/100
|move|p2a: Dondozo|Curse|p2a: Dondozo
|-unboost|p2a: Dondozo|spe|1
|-boost|p2a: Dondozo|atk|1
|-boost|p2a: Dondozo|def|1
|
|-damage|p2a: Dondozo|64/100 tox|[from] psn
|upkeep
|turn|42
|
|t:|1743805179
|move|p1a: Okidogi|Taunt|p2a: Dondozo
|-start|p2a: Dondozo|move: Taunt
|move|p2a: Dondozo|Waterfall|p1a: Okidogi
|-damage|p1a: Okidogi|54/100
|
|-heal|p1a: Okidogi|60/100|[from] item: Leftovers
|-damage|p2a: Dondozo|45/100 tox|[from] psn
|upkeep
|turn|43
|
|t:|1743805188
|move|p1a: Okidogi|Drain Punch|p2a: Dondozo
|-damage|p2a: Dondozo|35/100 tox
|-heal|p1a: Okidogi|67/100|[from] drain|[of] p2a: Dondozo
|move|p2a: Dondozo|Waterfall|p1a: Okidogi
|-damage|p1a: Okidogi|23/100
|
|-heal|p1a: Okidogi|29/100|[from] item: Leftovers
|-damage|p2a: Dondozo|11/100 tox|[from] psn
|upkeep
|turn|44
|
|t:|1743805201
|switch|p1a: Kyurem|Kyurem|100/100
|-ability|p1a: Kyurem|Pressure
|move|p2a: Dondozo|Waterfall|p1a: Kyurem
|-resisted|p1a: Kyurem
|-damage|p1a: Kyurem|78/100
|
|-heal|p1a: Kyurem|85/100|[from] item: Leftovers
|-damage|p2a: Dondozo|0 fnt|[from] psn
|faint|p2a: Dondozo
|upkeep
|
|t:|1743805207
|switch|p2a: Weavile|Weavile, M|67/100
|-ability|p2a: Weavile|Pressure
|turn|45
|
|t:|1743805214
|switch|p1a: Incineroar|Incineroar, M|79/100
|-ability|p1a: Incineroar|Intimidate|boost
|-unboost|p2a: Weavile|atk|1
|move|p2a: Weavile|Knock Off|p1a: Incineroar
|-resisted|p1a: Incineroar
|-damage|p1a: Incineroar|63/100
|-enditem|p1a: Incineroar|Leftovers|[from] move: Knock Off|[of] p2a: Weavile
|
|upkeep
|turn|46
|
|t:|1743805222
|switch|p2a: Clefable|Clefable, M|82/100 brn
|move|p1a: Incineroar|Parting Shot|p2a: Clefable
|-unboost|p2a: Clefable|atk|1
|-unboost|p2a: Clefable|spa|1
|
|t:|1743805233
|switch|p1a: Gliscor|Gliscor, F|45/100 tox|[from] Parting Shot
|
|-heal|p1a: Gliscor|57/100 tox|[from] ability: Poison Heal
|upkeep
|turn|47
|
|t:|1743805240
|move|p1a: Gliscor|Taunt|p2a: Clefable
|-start|p2a: Clefable|move: Taunt
|cant|p2a: Clefable|move: Taunt|Stealth Rock
|
|-heal|p1a: Gliscor|70/100 tox|[from] ability: Poison Heal
|upkeep
|turn|48
|
|t:|1743805246
|move|p1a: Gliscor|Earthquake|p2a: Clefable
|-damage|p2a: Clefable|58/100 brn
|move|p2a: Clefable|Moonblast|p1a: Gliscor
|-damage|p1a: Gliscor|53/100 tox
|
|-heal|p1a: Gliscor|66/100 tox|[from] ability: Poison Heal
|upkeep
|turn|49
|
|t:|1743805254
|move|p1a: Gliscor|Earthquake|p2a: Clefable
|-damage|p2a: Clefable|31/100 brn
|move|p2a: Clefable|Moonblast|p1a: Gliscor
|-damage|p1a: Gliscor|49/100 tox
|-unboost|p1a: Gliscor|spa|1
|
|-heal|p1a: Gliscor|62/100 tox|[from] ability: Poison Heal
|-end|p2a: Clefable|move: Taunt
|upkeep
|turn|50
|
|t:|1743805263
|switch|p2a: Weavile|Weavile, M|67/100
|-ability|p2a: Weavile|Pressure
|move|p1a: Gliscor|Earthquake|p2a: Weavile
|-damage|p2a: Weavile|8/100
|
|-heal|p1a: Gliscor|74/100 tox|[from] ability: Poison Heal
|upkeep
|turn|51
|
|t:|1743805272
|switch|p1a: Incineroar|Incineroar, M|63/100
|-ability|p1a: Incineroar|Intimidate|boost
|-unboost|p2a: Weavile|atk|1
|move|p2a: Weavile|Triple Axel|p1a: Incineroar
|-resisted|p1a: Incineroar
|-damage|p1a: Incineroar|59/100
|-resisted|p1a: Incineroar
|-crit|p1a: Incineroar
|-damage|p1a: Incineroar|44/100
|-resisted|p1a: Incineroar
|-damage|p1a: Incineroar|34/100
|-hitcount|p1a: Incineroar|3
|
|upkeep
|turn|52
|c|☆JackRG1|Wish I still had my corv
|c|☆JackRG1|oh wait
|c|☆JackRG1|i should
|c|☆JackRG1|fucking loser
|n|‽JackRG1|jackrg1
|c|~|/log JackRG1 was locked from talking by Artemis for a week. (☆JackRG1: fucking loser)
|c|~|/raw <small>This action was done automatically. Want to learn more about the AI? <a href="https://www.smogon.com/forums/threads/3570628/#post-9056769">Visit the information thread</a>.</small>
|inactive|latino has 120 seconds left.
|c|☆latino|sorry about the freeze, but you did not play this game very well...
|
|t:|1743805314
|switch|p2a: Clefable|Clefable, M|31/100 brn
|move|p1a: Incineroar|Parting Shot|p2a: Clefable
|-unboost|p2a: Clefable|atk|1
|-unboost|p2a: Clefable|spa|1
|-message|JackRG1 forfeited.
|
|win|latino
