|j|☆RoxaneSow
|j|☆stallkiller393
|t:|1743856094
|gametype|singles
|player|p1|RoxaneSow|pokemonrangerf|1194
|player|p2|stallkiller393|rocketgrunt|1218
|teamsize|p1|6
|teamsize|p2|6
|gen|9
|tier|[Gen 9] OU
|rated|
|rule|HP Percentage Mod: HP is shown in percentages
|rule|Endless Battle Clause: Forcing endless battles is banned
|rule|Species Clause: Limit one of each Pokémon
|rule|OHKO Clause: OHKO moves are banned
|rule|Evasion Items Clause: Evasion items are banned
|rule|Evasion Moves Clause: Evasion moves are banned
|rule|Sleep Moves Clause: Sleep-inducing moves are banned
|clearpoke
|poke|p1|Ninetales, M|
|poke|p1|Hatterene, F|
|poke|p1|Great Tusk|
|poke|p1|Walking Wake|
|poke|p1|Kingambit, F|
|poke|p1|Lilligant-Hisui, F|
|poke|p2|Iron Hands|
|poke|p2|Kommo-o, M|
|poke|p2|Grimmsnarl, M|
|poke|p2|Sawsbuck, F|
|poke|p2|Scream Tail|
|poke|p2|Pecharunt|
|teampreview
|
|t:|1743856107
|start
|switch|p1a: Gilbert|Ninetales, M|100/100
|switch|p2a: Grimmsnarl|Grimmsnarl, M, shiny|100/100
|-weather|SunnyDay|[from] ability: Drought|[of] p1a: Gilbert
|turn|1
|
|t:|1743856116
|move|p2a: Grimmsnarl|Light Screen|p2a: Grimmsnarl
|-sidestart|p2: stallkiller393|move: Light Screen
|move|p1a: Gilbert|Encore|p2a: Grimmsnarl
|-start|p2a: Grimmsnarl|Encore
|
|-weather|SunnyDay|[upkeep]
|upkeep
|turn|2
|
|t:|1743856131
|switch|p1a: Manny|Great Tusk|100/100
|-activate|p1a: Manny|ability: Protosynthesis
|-start|p1a: Manny|protosynthesisatk
|switch|p2a: Scream Tail|Scream Tail|100/100
|-activate|p2a: Scream Tail|ability: Protosynthesis
|-start|p2a: Scream Tail|protosynthesisspe
|
|-weather|SunnyDay|[upkeep]
|upkeep
|turn|3
|
|t:|1743856148
|move|p2a: Scream Tail|Psychic Noise|p1a: Manny
|-supereffective|p1a: Manny
|-damage|p1a: Manny|47/100
|-start|p1a: Manny|move: Heal Block
|-enditem|p2a: Scream Tail|Throat Spray
|-boost|p2a: Scream Tail|spa|1|[from] item: Throat Spray
|move|p1a: Manny|Earthquake|p2a: Scream Tail
|-damage|p2a: Scream Tail|44/100
|
|-weather|SunnyDay|[upkeep]
|upkeep
|turn|4
|
|t:|1743856172
|-end|p1a: Manny|Protosynthesis|[silent]
|switch|p1a: Shogun|Kingambit, F|100/100
|move|p2a: Scream Tail|Dazzling Gleam|p1a: Shogun
|-damage|p1a: Shogun|55/100
|
|-weather|SunnyDay|[upkeep]
|-heal|p1a: Shogun|61/100|[from] item: Leftovers
|upkeep
|turn|5
|
|t:|1743856181
|move|p2a: Scream Tail|Flamethrower|p1a: Shogun
|-supereffective|p1a: Shogun
|-damage|p1a: Shogun|0 fnt
|faint|p1a: Shogun
|-end|p1a: Shogun|fallenundefined|[silent]
|
|-weather|SunnyDay|[upkeep]
|upkeep
|
|t:|1743856189
|switch|p1a: Rex|Walking Wake|100/100
|-activate|p1a: Rex|ability: Protosynthesis
|-start|p1a: Rex|protosynthesisspe
|turn|6
|
|t:|1743856207
|move|p1a: Rex|Flip Turn|p2a: Scream Tail
|-damage|p2a: Scream Tail|38/100
|
|t:|1743856211
|-end|p1a: Rex|Protosynthesis|[silent]
|switch|p1a: Lilith|Hatterene, F|100/100|[from] Flip Turn
|move|p2a: Scream Tail|Dazzling Gleam|p1a: Lilith
|-damage|p1a: Lilith|54/100
|-enditem|p1a: Lilith|Eject Button
|
|t:|1743856230
|switch|p1a: Nat|Lilligant-Hisui, F|100/100
|
|-weather|SunnyDay|[upkeep]
|upkeep
|turn|7
|
|t:|1743856239
|move|p1a: Nat|Solar Blade||[still]
|-prepare|p1a: Nat|Solar Blade
|-anim|p1a: Nat|Solar Blade|p2a: Scream Tail
|-damage|p2a: Scream Tail|0 fnt
|faint|p2a: Scream Tail
|-end|p2a: Scream Tail|Protosynthesis|[silent]
|-damage|p1a: Nat|91/100|[from] item: Life Orb
|
|-weather|SunnyDay|[upkeep]
|upkeep
|
|t:|1743856248
|switch|p2a: Grimmsnarl|Grimmsnarl, M, shiny|100/100
|turn|8
|
|t:|1743856253
|switch|p1a: Gilbert|Ninetales, M|100/100
|move|p2a: Grimmsnarl|Reflect|p2a: Grimmsnarl
|-sidestart|p2: stallkiller393|Reflect
|
|-weather|none
|-sideend|p2: stallkiller393|move: Light Screen
|upkeep
|turn|9
|
|t:|1743856264
|move|p2a: Grimmsnarl|Parting Shot|p1a: Gilbert
|-unboost|p1a: Gilbert|atk|1
|-unboost|p1a: Gilbert|spa|1
|
|t:|1743856275
|switch|p2a: Kommo-o|Kommo-o, M|100/100|[from] Parting Shot
|move|p1a: Gilbert|Will-O-Wisp|p2a: Kommo-o
|-status|p2a: Kommo-o|brn
|
|-damage|p2a: Kommo-o|94/100 brn|[from] brn
|upkeep
|turn|10
|
|t:|1743856299
|switch|p1a: Lilith|Hatterene, F|54/100
|move|p2a: Kommo-o|Swords Dance|p2a: Kommo-o
|-boost|p2a: Kommo-o|atk|2
|
|-damage|p2a: Kommo-o|88/100 brn|[from] brn
|upkeep
|turn|11
|
|t:|1743856310
|move|p2a: Kommo-o|Iron Head|p1a: Lilith
|-supereffective|p1a: Lilith
|-damage|p1a: Lilith|12/100
|move|p1a: Lilith|Psychic|p2a: Kommo-o
|-supereffective|p2a: Kommo-o
|-damage|p2a: Kommo-o|0 fnt
|faint|p2a: Kommo-o
|
|upkeep
|
|t:|1743856346
|switch|p2a: Sawsbuck|Sawsbuck, F|100/100
|turn|12
|
|t:|1743856360
|switch|p1a: Gilbert|Ninetales, M|100/100
|-weather|SunnyDay|[from] ability: Drought|[of] p1a: Gilbert
|move|p2a: Sawsbuck|Body Slam|p1a: Gilbert
|-damage|p1a: Gilbert|45/100
|-status|p1a: Gilbert|par
|-damage|p2a: Sawsbuck|91/100|[from] item: Life Orb
|
|-weather|SunnyDay|[upkeep]
|upkeep
|turn|13
|
|t:|1743856378
|move|p2a: Sawsbuck|High Horsepower|p1a: Gilbert
|-supereffective|p1a: Gilbert
|-damage|p1a: Gilbert|0 fnt
|faint|p1a: Gilbert
|-damage|p2a: Sawsbuck|81/100|[from] item: Life Orb
|
|-weather|SunnyDay|[upkeep]
|upkeep
|
|t:|1743856385
|switch|p1a: Nat|Lilligant-Hisui, F|91/100
|turn|14
|
|t:|1743856392
|switch|p2a: Grimmsnarl|Grimmsnarl, M, shiny|100/100
|move|p1a: Nat|Triple Axel|p2a: Grimmsnarl
|-damage|p2a: Grimmsnarl|96/100
|-damage|p2a: Grimmsnarl|88/100
|-damage|p2a: Grimmsnarl|75/100
|-hitcount|p2a: Grimmsnarl|3
|-damage|p1a: Nat|81/100|[from] item: Life Orb
|
|-weather|SunnyDay|[upkeep]
|upkeep
|turn|15
|
|t:|1743856407
|switch|p1a: Lilith|Hatterene, F|12/100
|move|p2a: Grimmsnarl|Light Screen|p2a: Grimmsnarl
|-sidestart|p2: stallkiller393|move: Light Screen
|
|-weather|SunnyDay|[upkeep]
|-sideend|p2: stallkiller393|Reflect
|upkeep
|turn|16
|
|t:|1743856413
|move|p2a: Grimmsnarl|Spirit Break|p1a: Lilith
|-crit|p1a: Lilith
|-damage|p1a: Lilith|0 fnt
|faint|p1a: Lilith
|
|-weather|SunnyDay|[upkeep]
|upkeep
|
|t:|1743856419
|switch|p1a: Rex|Walking Wake|100/100
|-activate|p1a: Rex|ability: Protosynthesis
|-start|p1a: Rex|protosynthesisspe
|turn|17
|
|t:|1743856428
|move|p1a: Rex|Hydro Steam|p2a: Grimmsnarl
|-damage|p2a: Grimmsnarl|35/100
|move|p2a: Grimmsnarl|Spirit Break|p1a: Rex
|-supereffective|p1a: Rex
|-damage|p1a: Rex|37/100
|-unboost|p1a: Rex|spa|1
|
|-weather|SunnyDay|[upkeep]
|upkeep
|turn|18
|-message|RoxaneSow forfeited.
|
|win|stallkiller393
|raw|RoxaneSow's rating: 1194 &rarr; <strong>1171</strong><br />(-23 for losing)
|raw|stallkiller393's rating: 1218 &rarr; <strong>1241</strong><br />(+23 for winning)
|l|☆RoxaneSow
|player|p1|
|l|☆stallkiller393
|player|p2|
