|j|☆DaCarGuy
|j|☆pipitonga
|t:|1743900693
|gametype|singles
|player|p1|DaCarGuy|lucas|1216
|player|p2|pipitonga|102|1178
|teamsize|p1|6
|teamsize|p2|6
|gen|9
|tier|[Gen 9] OU
|rated|
|rule|HP Percentage Mod: HP is shown in percentages
|rule|Endless Battle Clause: Forcing endless battles is banned
|rule|Species Clause: Limit one of each Pokémon
|rule|OHKO Clause: OHKO moves are banned
|rule|Evasion Items Clause: Evasion items are banned
|rule|Evasion Moves Clause: Evasion moves are banned
|rule|Sleep Moves Clause: Sleep-inducing moves are banned
|clearpoke
|poke|p1|Hydrapple, F|
|poke|p1|Pecharunt|
|poke|p1|Kingambit, M|
|poke|p1|Gliscor, M|
|poke|p1|Clefable, F|
|poke|p1|Alomomola, F|
|poke|p2|Garganacl, M|
|poke|p2|Kingambit, F|
|poke|p2|Corviknight, M|
|poke|p2|Rotom-Wash|
|poke|p2|Dragapult, F|
|poke|p2|Great Tusk|
|teampreview
|
|t:|1743900704
|start
|switch|p1a: Gliscor|Gliscor, M|100/100
|switch|p2a: Rotom|Rotom-Wash|100/100
|turn|1
|
|t:|1743900708
|move|p1a: Gliscor|Protect|p1a: Gliscor
|-singleturn|p1a: Gliscor|Protect
|move|p2a: Rotom|Will-O-Wisp|p1a: Gliscor
|-activate|p1a: Gliscor|move: Protect
|
|-status|p1a: Gliscor|tox|[from] item: Toxic Orb
|upkeep
|turn|2
|
|t:|1743900715
|switch|p1a: Hydrapple|Hydrapple, F|100/100
|move|p2a: Rotom|Hydro Pump|p1a: Hydrapple
|-resisted|p1a: Hydrapple
|-damage|p1a: Hydrapple|91/100
|
|upkeep
|turn|3
|
|t:|1743900723
|switch|p2a: Corviknight|Corviknight, M|100/100
|-ability|p2a: Corviknight|Pressure
|move|p1a: Hydrapple|Nasty Plot|p1a: Hydrapple
|-boost|p1a: Hydrapple|spa|2
|
|upkeep
|turn|4
|
|t:|1743900730
|move|p2a: Corviknight|Iron Defense|p2a: Corviknight
|-boost|p2a: Corviknight|def|2
|move|p1a: Hydrapple|Nasty Plot|p1a: Hydrapple
|-boost|p1a: Hydrapple|spa|2
|
|upkeep
|turn|5
|
|t:|1743900737
|move|p2a: Corviknight|Iron Defense|p2a: Corviknight
|-boost|p2a: Corviknight|def|2
|move|p1a: Hydrapple|Nasty Plot|p1a: Hydrapple
|-boost|p1a: Hydrapple|spa|2
|
|upkeep
|turn|6
|
|t:|1743900743
|move|p2a: Corviknight|Body Press|p1a: Hydrapple
|-damage|p1a: Hydrapple|35/100
|move|p1a: Hydrapple|Fickle Beam|p2a: Corviknight
|-resisted|p2a: Corviknight
|-damage|p2a: Corviknight|22/100
|
|-heal|p2a: Corviknight|29/100|[from] item: Leftovers
|upkeep
|turn|7
|
|t:|1743900755
|switch|p1a: Pecharunt|Pecharunt|100/100
|move|p2a: Corviknight|Body Press|p1a: Pecharunt
|-immune|p1a: Pecharunt
|
|-heal|p2a: Corviknight|35/100|[from] item: Leftovers
|upkeep
|turn|8
|
|t:|1743900762
|move|p1a: Pecharunt|Hex|p2a: Corviknight
|-crit|p2a: Corviknight
|-damage|p2a: Corviknight|5/100
|move|p2a: Corviknight|Roost|p2a: Corviknight
|-heal|p2a: Corviknight|55/100
|-singleturn|p2a: Corviknight|move: Roost
|
|-heal|p2a: Corviknight|61/100|[from] item: Leftovers
|upkeep
|turn|9
|
|t:|1743900771
|move|p1a: Pecharunt|Hex|p2a: Corviknight
|-damage|p2a: Corviknight|41/100
|move|p2a: Corviknight|Roost|p2a: Corviknight
|-heal|p2a: Corviknight|91/100
|-singleturn|p2a: Corviknight|move: Roost
|
|-heal|p2a: Corviknight|97/100|[from] item: Leftovers
|upkeep
|turn|10
|
|t:|1743900779
|switch|p2a: Garganacl|Garganacl, M|100/100
|move|p1a: Pecharunt|Parting Shot|p2a: Garganacl
|-unboost|p2a: Garganacl|atk|1
|-unboost|p2a: Garganacl|spa|1
|
|t:|1743900788
|switch|p1a: Clefable|Clefable, F|100/100|[from] Parting Shot
|
|upkeep
|turn|11
|
|t:|1743900794
|move|p1a: Clefable|Knock Off|p2a: Garganacl
|-damage|p2a: Garganacl|89/100
|-enditem|p2a: Garganacl|Leftovers|[from] move: Knock Off|[of] p1a: Clefable
|move|p2a: Garganacl|Salt Cure|p1a: Clefable
|-damage|p1a: Clefable|90/100
|-start|p1a: Clefable|Salt Cure
|
|-heal|p1a: Clefable|96/100|[from] item: Leftovers
|upkeep
|turn|12
|
|t:|1743900802
|switch|p1a: Gliscor|Gliscor, M|100/100 tox
|move|p2a: Garganacl|Curse|p2a: Garganacl
|-unboost|p2a: Garganacl|spe|1
|-boost|p2a: Garganacl|atk|1
|-boost|p2a: Garganacl|def|1
|
|upkeep
|turn|13
|
|t:|1743900809
|move|p1a: Gliscor|Spikes|p2a: Garganacl
|-sidestart|p2: pipitonga|Spikes
|move|p2a: Garganacl|Salt Cure|p1a: Gliscor
|-damage|p1a: Gliscor|92/100 tox
|-start|p1a: Gliscor|Salt Cure
|
|-heal|p1a: Gliscor|100/100 tox|[from] ability: Poison Heal
|-damage|p1a: Gliscor|88/100 tox|[from] Salt Cure
|upkeep
|turn|14
|
|t:|1743900817
|move|p1a: Gliscor|Earthquake|p2a: Garganacl
|-supereffective|p2a: Garganacl
|-damage|p2a: Garganacl|56/100
|move|p2a: Garganacl|Curse|p2a: Garganacl
|-unboost|p2a: Garganacl|spe|1
|-boost|p2a: Garganacl|atk|1
|-boost|p2a: Garganacl|def|1
|
|-heal|p1a: Gliscor|100/100 tox|[from] ability: Poison Heal
|-damage|p1a: Gliscor|88/100 tox|[from] Salt Cure
|upkeep
|turn|15
|
|t:|1743900828
|switch|p1a: Hydrapple|Hydrapple, F|68/100
|move|p2a: Garganacl|Recover|p2a: Garganacl
|-heal|p2a: Garganacl|100/100
|
|upkeep
|turn|16
|
|t:|1743900836
|switch|p2a: Kingambit|Kingambit, F|100/100
|-damage|p2a: Kingambit|88/100|[from] Spikes
|move|p1a: Hydrapple|Giga Drain|p2a: Kingambit
|-resisted|p2a: Kingambit
|-damage|p2a: Kingambit|68/100
|-heal|p1a: Hydrapple|78/100|[from] drain|[of] p2a: Kingambit
|
|-heal|p2a: Kingambit|74/100|[from] item: Leftovers
|upkeep
|turn|17
|
|t:|1743900846
|switch|p1a: Gliscor|Gliscor, M|88/100 tox
|move|p2a: Kingambit|Swords Dance|p2a: Kingambit
|-boost|p2a: Kingambit|atk|2
|
|-heal|p2a: Kingambit|81/100|[from] item: Leftovers
|-heal|p1a: Gliscor|100/100 tox|[from] ability: Poison Heal
|upkeep
|turn|18
|
|t:|1743900854
|move|p2a: Kingambit|Sucker Punch|p1a: Gliscor
|-damage|p1a: Gliscor|50/100 tox
|move|p1a: Gliscor|Earthquake|p2a: Kingambit
|-supereffective|p2a: Kingambit
|-damage|p2a: Kingambit|36/100
|
|-heal|p2a: Kingambit|42/100|[from] item: Leftovers
|-heal|p1a: Gliscor|63/100 tox|[from] ability: Poison Heal
|upkeep
|turn|19
|
|t:|1743900870
|move|p1a: Gliscor|Knock Off|p2a: Kingambit
|-resisted|p2a: Kingambit
|-damage|p2a: Kingambit|34/100
|-enditem|p2a: Kingambit|Leftovers|[from] move: Knock Off|[of] p1a: Gliscor
|move|p2a: Kingambit|Kowtow Cleave|p1a: Gliscor
|-damage|p1a: Gliscor|0 fnt
|faint|p1a: Gliscor
|
|upkeep
|
|t:|1743900879
|switch|p1a: Kingambit|Kingambit, M|100/100
|-activate|p1a: Kingambit|ability: Supreme Overlord
|-start|p1a: Kingambit|fallen1|[silent]
|turn|20
|
|t:|1743900893
|-end|p2a: Kingambit|fallenundefined|[silent]
|switch|p2a: Great Tusk|Great Tusk|100/100
|-damage|p2a: Great Tusk|88/100|[from] Spikes
|move|p1a: Kingambit|Kowtow Cleave|p2a: Great Tusk
|-resisted|p2a: Great Tusk
|-damage|p2a: Great Tusk|69/100
|
|-heal|p2a: Great Tusk|75/100|[from] item: Leftovers
|upkeep
|turn|21
|
|t:|1743900902
|-end|p1a: Kingambit|fallen1|[silent]
|switch|p1a: Pecharunt|Pecharunt|100/100
|move|p2a: Great Tusk|Earthquake|p1a: Pecharunt
|-supereffective|p1a: Pecharunt
|-damage|p1a: Pecharunt|53/100
|
|-heal|p2a: Great Tusk|81/100|[from] item: Leftovers
|upkeep
|turn|22
|
|t:|1743900910
|move|p2a: Great Tusk|Earthquake|p1a: Pecharunt
|-supereffective|p1a: Pecharunt
|-damage|p1a: Pecharunt|3/100
|move|p1a: Pecharunt|Recover|p1a: Pecharunt
|-heal|p1a: Pecharunt|53/100
|
|-heal|p2a: Great Tusk|87/100|[from] item: Leftovers
|upkeep
|turn|23
|
|t:|1743900917
|move|p2a: Great Tusk|Earthquake|p1a: Pecharunt
|-supereffective|p1a: Pecharunt
|-damage|p1a: Pecharunt|8/100
|move|p1a: Pecharunt|Recover|p1a: Pecharunt
|-heal|p1a: Pecharunt|58/100
|
|-heal|p2a: Great Tusk|93/100|[from] item: Leftovers
|upkeep
|turn|24
|
|t:|1743900923
|switch|p1a: Hydrapple|Hydrapple, F|100/100
|move|p2a: Great Tusk|Earthquake|p1a: Hydrapple
|-resisted|p1a: Hydrapple
|-damage|p1a: Hydrapple|82/100
|
|-heal|p2a: Great Tusk|99/100|[from] item: Leftovers
|upkeep
|turn|25
|
|t:|1743900934
|-end|p2a: Great Tusk|Protosynthesis|[silent]
|switch|p2a: Corviknight|Corviknight, M|97/100
|-ability|p2a: Corviknight|Pressure
|move|p1a: Hydrapple|Giga Drain|p2a: Corviknight
|-resisted|p2a: Corviknight
|-damage|p2a: Corviknight|88/100
|-heal|p1a: Hydrapple|86/100|[from] drain|[of] p2a: Corviknight
|
|-heal|p2a: Corviknight|94/100|[from] item: Leftovers
|upkeep
|turn|26
|
|t:|1743900944
|switch|p1a: Alomomola|Alomomola, F|100/100
|move|p2a: Corviknight|Iron Defense|p2a: Corviknight
|-boost|p2a: Corviknight|def|2
|
|-heal|p2a: Corviknight|100/100|[from] item: Leftovers
|upkeep
|turn|27
|
|t:|1743900950
|move|p2a: Corviknight|Body Press|p1a: Alomomola
|-damage|p1a: Alomomola|67/100
|move|p1a: Alomomola|Scald|p2a: Corviknight
|-damage|p2a: Corviknight|87/100
|
|-heal|p2a: Corviknight|94/100|[from] item: Leftovers
|upkeep
|turn|28
|
|t:|1743900958
|move|p2a: Corviknight|Iron Defense|p2a: Corviknight
|-boost|p2a: Corviknight|def|2
|move|p1a: Alomomola|Scald|p2a: Corviknight
|-damage|p2a: Corviknight|79/100
|
|-heal|p2a: Corviknight|86/100|[from] item: Leftovers
|upkeep
|turn|29
|
|t:|1743900966
|switch|p1a: Pecharunt|Pecharunt|58/100
|move|p2a: Corviknight|Body Press|p1a: Pecharunt
|-immune|p1a: Pecharunt
|
|-heal|p2a: Corviknight|92/100|[from] item: Leftovers
|upkeep
|turn|30
|
|t:|1743900973
|move|p1a: Pecharunt|Parting Shot|p2a: Corviknight
|-unboost|p2a: Corviknight|atk|1
|-unboost|p2a: Corviknight|spa|1
|
|t:|1743900976
|switch|p1a: Alomomola|Alomomola, F|99/100|[from] Parting Shot
|move|p2a: Corviknight|U-turn|p1a: Alomomola
|-damage|p1a: Alomomola|94/100
|
|t:|1743900980
|switch|p2a: Rotom|Rotom-Wash|100/100|[from] U-turn
|
|upkeep
|turn|31
|
|t:|1743900984
|move|p1a: Alomomola|Protect|p1a: Alomomola
|-singleturn|p1a: Alomomola|Protect
|move|p2a: Rotom|Volt Switch|p1a: Alomomola
|-activate|p1a: Alomomola|move: Protect
|
|upkeep
|turn|32
|
|t:|1743900990
|move|p2a: Rotom|Volt Switch|p1a: Alomomola
|-supereffective|p1a: Alomomola
|-damage|p1a: Alomomola|51/100
|
|t:|1743900994
|switch|p2a: Garganacl|Garganacl, M|100/100|[from] Volt Switch
|-damage|p2a: Garganacl|88/100|[from] Spikes
|move|p1a: Alomomola|Flip Turn|p2a: Garganacl
|-supereffective|p2a: Garganacl
|-damage|p2a: Garganacl|64/100
|
|t:|1743900997
|switch|p1a: Hydrapple|Hydrapple, F|100/100|[from] Flip Turn
|
|upkeep
|turn|33
|
|t:|1743901006
|move|p1a: Hydrapple|Nasty Plot|p1a: Hydrapple
|-boost|p1a: Hydrapple|spa|2
|move|p2a: Garganacl|Salt Cure|p1a: Hydrapple
|-damage|p1a: Hydrapple|90/100
|-start|p1a: Hydrapple|Salt Cure
|
|-damage|p1a: Hydrapple|78/100|[from] Salt Cure
|upkeep
|turn|34
|
|t:|1743901015
|switch|p2a: Corviknight|Corviknight, M|92/100
|-ability|p2a: Corviknight|Pressure
|move|p1a: Hydrapple|Fickle Beam|p2a: Corviknight
|-resisted|p2a: Corviknight
|-damage|p2a: Corviknight|48/100
|
|-heal|p2a: Corviknight|54/100|[from] item: Leftovers
|-damage|p1a: Hydrapple|66/100|[from] Salt Cure
|upkeep
|turn|35
|
|t:|1743901024
|move|p2a: Corviknight|Roost|p2a: Corviknight
|-heal|p2a: Corviknight|100/100
|-singleturn|p2a: Corviknight|move: Roost
|move|p1a: Hydrapple|Fickle Beam|p2a: Corviknight
|-resisted|p2a: Corviknight
|-damage|p2a: Corviknight|60/100
|
|-heal|p2a: Corviknight|67/100|[from] item: Leftovers
|-damage|p1a: Hydrapple|53/100|[from] Salt Cure
|upkeep
|turn|36
|
|t:|1743901034
|switch|p1a: Clefable|Clefable, F|96/100
|move|p2a: Corviknight|Roost|p2a: Corviknight
|-heal|p2a: Corviknight|100/100
|-singleturn|p2a: Corviknight|move: Roost
|
|-heal|p1a: Clefable|100/100|[from] item: Leftovers
|upkeep
|turn|37
|
|t:|1743901045
|move|p2a: Corviknight|U-turn|p1a: Clefable
|-resisted|p1a: Clefable
|-damage|p1a: Clefable|92/100
|
|t:|1743901048
|switch|p2a: Kingambit|Kingambit, F|34/100|[from] U-turn
|-damage|p2a: Kingambit|22/100|[from] Spikes
|move|p1a: Clefable|Thunder Wave|p2a: Kingambit
|-status|p2a: Kingambit|par
|
|-heal|p1a: Clefable|98/100|[from] item: Leftovers
|upkeep
|turn|38
|
|t:|1743901058
|move|p1a: Clefable|Moonblast|p2a: Kingambit
|-damage|p2a: Kingambit|0 fnt
|faint|p2a: Kingambit
|-end|p2a: Kingambit|fallenundefined|[silent]
|
|-heal|p1a: Clefable|100/100|[from] item: Leftovers
|upkeep
|
|t:|1743901064
|switch|p2a: Garganacl|Garganacl, M|64/100
|-damage|p2a: Garganacl|52/100|[from] Spikes
|turn|39
|
|t:|1743901069
|switch|p1a: Hydrapple|Hydrapple, F|87/100
|move|p2a: Garganacl|Salt Cure|p1a: Hydrapple
|-damage|p1a: Hydrapple|77/100
|-start|p1a: Hydrapple|Salt Cure
|
|-damage|p1a: Hydrapple|64/100|[from] Salt Cure
|upkeep
|turn|40
|
|t:|1743901078
|switch|p1a: Clefable|Clefable, F|100/100
|switch|p2a: Corviknight|Corviknight, M|100/100
|-ability|p2a: Corviknight|Pressure
|
|upkeep
|turn|41
|
|t:|1743901084
|move|p2a: Corviknight|U-turn|p1a: Clefable
|-resisted|p1a: Clefable
|-damage|p1a: Clefable|93/100
|
|t:|1743901088
|switch|p2a: Garganacl|Garganacl, M|52/100|[from] U-turn
|-damage|p2a: Garganacl|40/100|[from] Spikes
|move|p1a: Clefable|Thunder Wave|p2a: Garganacl
|-immune|p2a: Garganacl|[from] ability: Purifying Salt
|
|-heal|p1a: Clefable|99/100|[from] item: Leftovers
|upkeep
|turn|42
|
|t:|1743901096
|move|p1a: Clefable|Moonblast|p2a: Garganacl
|-crit|p2a: Garganacl
|-damage|p2a: Garganacl|9/100
|move|p2a: Garganacl|Recover|p2a: Garganacl
|-heal|p2a: Garganacl|59/100
|
|-heal|p1a: Clefable|100/100|[from] item: Leftovers
|upkeep
|turn|43
|
|t:|1743901103
|move|p1a: Clefable|Moonblast|p2a: Garganacl
|-damage|p2a: Garganacl|40/100
|-unboost|p2a: Garganacl|spa|1
|move|p2a: Garganacl|Salt Cure|p1a: Clefable
|-crit|p1a: Clefable
|-damage|p1a: Clefable|78/100
|-start|p1a: Clefable|Salt Cure
|
|-heal|p1a: Clefable|84/100|[from] item: Leftovers
|upkeep
|turn|44
|
|t:|1743901112
|move|p1a: Clefable|Moonblast|p2a: Garganacl
|-damage|p2a: Garganacl|20/100
|-unboost|p2a: Garganacl|spa|1
|move|p2a: Garganacl|Recover|p2a: Garganacl
|-heal|p2a: Garganacl|70/100
|
|-heal|p1a: Clefable|90/100|[from] item: Leftovers
|upkeep
|turn|45
|
|t:|1743901122
|switch|p1a: Hydrapple|Hydrapple, F|98/100
|move|p2a: Garganacl|Earthquake|p1a: Hydrapple
|-resisted|p1a: Hydrapple
|-damage|p1a: Hydrapple|89/100
|
|upkeep
|turn|46
|
|t:|1743901131
|switch|p2a: Dragapult|Dragapult, F|100/100
|-damage|p2a: Dragapult|88/100|[from] Spikes
|move|p1a: Hydrapple|Giga Drain|p2a: Dragapult
|-resisted|p2a: Dragapult
|-damage|p2a: Dragapult|65/100
|-heal|p1a: Hydrapple|99/100|[from] drain|[of] p2a: Dragapult
|
|upkeep
|turn|47
|
|t:|1743901139
|switch|p1a: Clefable|Clefable, F|90/100
|move|p2a: Dragapult|Light Screen|p2a: Dragapult
|-sidestart|p2: pipitonga|move: Light Screen
|
|-heal|p1a: Clefable|96/100|[from] item: Leftovers
|upkeep
|turn|48
|
|t:|1743901147
|switch|p2a: Garganacl|Garganacl, M|70/100
|-damage|p2a: Garganacl|57/100|[from] Spikes
|move|p1a: Clefable|Knock Off|p2a: Garganacl
|-damage|p2a: Garganacl|50/100
|
|-heal|p1a: Clefable|100/100|[from] item: Leftovers
|upkeep
|turn|49
|
|t:|1743901155
|move|p1a: Clefable|Moonblast|p2a: Garganacl
|-damage|p2a: Garganacl|41/100
|move|p2a: Garganacl|Salt Cure|p1a: Clefable
|-damage|p1a: Clefable|84/100
|-start|p1a: Clefable|Salt Cure
|
|-heal|p1a: Clefable|90/100|[from] item: Leftovers
|upkeep
|turn|50
|
|t:|1743901163
|switch|p1a: Hydrapple|Hydrapple, F|100/100
|move|p2a: Garganacl|Recover|p2a: Garganacl
|-heal|p2a: Garganacl|91/100
|
|upkeep
|turn|51
|
|t:|1743901168
|move|p1a: Hydrapple|Nasty Plot|p1a: Hydrapple
|-boost|p1a: Hydrapple|spa|2
|move|p2a: Garganacl|Salt Cure|p1a: Hydrapple
|-damage|p1a: Hydrapple|90/100
|-start|p1a: Hydrapple|Salt Cure
|
|-damage|p1a: Hydrapple|78/100|[from] Salt Cure
|upkeep
|turn|52
|
|t:|1743901178
|move|p1a: Hydrapple|Giga Drain|p2a: Garganacl
|-supereffective|p2a: Garganacl
|-damage|p2a: Garganacl|36/100
|-heal|p1a: Hydrapple|100/100|[from] drain|[of] p2a: Garganacl
|move|p2a: Garganacl|Salt Cure|p1a: Hydrapple
|-damage|p1a: Hydrapple|89/100
|
|-damage|p1a: Hydrapple|77/100|[from] Salt Cure
|upkeep
|turn|53
|
|t:|1743901186
|switch|p2a: Corviknight|Corviknight, M|100/100
|-ability|p2a: Corviknight|Pressure
|move|p1a: Hydrapple|Giga Drain|p2a: Corviknight
|-resisted|p2a: Corviknight
|-damage|p2a: Corviknight|91/100
|-heal|p1a: Hydrapple|81/100|[from] drain|[of] p2a: Corviknight
|
|-heal|p2a: Corviknight|98/100|[from] item: Leftovers
|-damage|p1a: Hydrapple|69/100|[from] Salt Cure
|upkeep
|turn|54
|inactive|Battle timer is ON: inactive players will automatically lose when time's up. (requested by DaCarGuy)
|
|t:|1743901197
|switch|p1a: Clefable|Clefable, F|90/100
|move|p2a: Corviknight|Iron Defense|p2a: Corviknight
|-boost|p2a: Corviknight|def|2
|
|-heal|p2a: Corviknight|100/100|[from] item: Leftovers
|-heal|p1a: Clefable|96/100|[from] item: Leftovers
|-sideend|p2: pipitonga|move: Light Screen
|upkeep
|turn|55
|
|t:|1743901205
|move|p2a: Corviknight|Body Press|p1a: Clefable
|-resisted|p1a: Clefable
|-damage|p1a: Clefable|68/100
|move|p1a: Clefable|Thunder Wave|p2a: Corviknight
|-status|p2a: Corviknight|par
|
|-heal|p1a: Clefable|74/100|[from] item: Leftovers
|upkeep
|turn|56
|
|t:|1743901213
|move|p1a: Clefable|Knock Off|p2a: Corviknight
|-damage|p2a: Corviknight|95/100 par
|-enditem|p2a: Corviknight|Leftovers|[from] move: Knock Off|[of] p1a: Clefable
|move|p2a: Corviknight|Body Press|p1a: Clefable
|-resisted|p1a: Clefable
|-damage|p1a: Clefable|43/100
|
|-heal|p1a: Clefable|49/100|[from] item: Leftovers
|upkeep
|turn|57
|
|t:|1743901221
|move|p1a: Clefable|Moonlight|p1a: Clefable
|-heal|p1a: Clefable|99/100
|move|p2a: Corviknight|Body Press|p1a: Clefable
|-resisted|p1a: Clefable
|-damage|p1a: Clefable|71/100
|
|-heal|p1a: Clefable|77/100|[from] item: Leftovers
|upkeep
|turn|58
|
|t:|1743901229
|switch|p1a: Pecharunt|Pecharunt|58/100
|cant|p2a: Corviknight|par
|
|upkeep
|turn|59
|
|t:|1743901235
|move|p1a: Pecharunt|Recover|p1a: Pecharunt
|-heal|p1a: Pecharunt|100/100
|cant|p2a: Corviknight|par
|
|upkeep
|turn|60
|
|t:|1743901242
|move|p1a: Pecharunt|Hex|p2a: Corviknight
|-damage|p2a: Corviknight|52/100 par
|move|p2a: Corviknight|Iron Defense|p2a: Corviknight
|-boost|p2a: Corviknight|def|2
|
|upkeep
|turn|61
|
|t:|1743901248
|move|p1a: Pecharunt|Hex|p2a: Corviknight
|-damage|p2a: Corviknight|10/100 par
|move|p2a: Corviknight|Roost|p2a: Corviknight
|-heal|p2a: Corviknight|60/100 par
|-singleturn|p2a: Corviknight|move: Roost
|
|upkeep
|turn|62
|
|t:|1743901254
|-terastallize|p1a: Pecharunt|Ghost
|move|p1a: Pecharunt|Hex|p2a: Corviknight
|-damage|p2a: Corviknight|5/100 par
|move|p2a: Corviknight|Roost|p2a: Corviknight
|-heal|p2a: Corviknight|55/100 par
|-singleturn|p2a: Corviknight|move: Roost
|
|upkeep
|turn|63
|
|t:|1743901265
|switch|p2a: Garganacl|Garganacl, M|36/100
|-damage|p2a: Garganacl|24/100|[from] Spikes
|move|p1a: Pecharunt|Hex|p2a: Garganacl
|-damage|p2a: Garganacl|15/100
|
|upkeep
|turn|64
|
|t:|1743901271
|move|p1a: Pecharunt|Malignant Chain|p2a: Garganacl
|-resisted|p2a: Garganacl
|-damage|p2a: Garganacl|5/100
|move|p2a: Garganacl|Recover|p2a: Garganacl
|-heal|p2a: Garganacl|55/100
|
|upkeep
|turn|65
|
|t:|1743901279
|switch|p1a: Clefable|Clefable, F|77/100
|move|p2a: Garganacl|Recover|p2a: Garganacl
|-heal|p2a: Garganacl|100/100
|
|-heal|p1a: Clefable|83/100|[from] item: Leftovers
|upkeep
|turn|66
|
|t:|1743901286
|move|p1a: Clefable|Moonblast|p2a: Garganacl
|-damage|p2a: Garganacl|79/100
|move|p2a: Garganacl|Salt Cure|p1a: Clefable
|-damage|p1a: Clefable|69/100
|-start|p1a: Clefable|Salt Cure
|
|-heal|p1a: Clefable|75/100|[from] item: Leftovers
|upkeep
|turn|67
|
|t:|1743901293
|switch|p1a: Hydrapple|Hydrapple, F|100/100
|move|p2a: Garganacl|Salt Cure|p1a: Hydrapple
|-damage|p1a: Hydrapple|90/100
|-start|p1a: Hydrapple|Salt Cure
|
|-damage|p1a: Hydrapple|78/100|[from] Salt Cure
|upkeep
|turn|68
|
|t:|1743901305
|switch|p2a: Corviknight|Corviknight, M|55/100 par
|-ability|p2a: Corviknight|Pressure
|move|p1a: Hydrapple|Nasty Plot|p1a: Hydrapple
|-boost|p1a: Hydrapple|spa|2
|
|-damage|p1a: Hydrapple|65/100|[from] Salt Cure
|upkeep
|turn|69
|
|t:|1743901312
|move|p1a: Hydrapple|Nasty Plot|p1a: Hydrapple
|-boost|p1a: Hydrapple|spa|2
|cant|p2a: Corviknight|par
|
|-damage|p1a: Hydrapple|53/100|[from] Salt Cure
|upkeep
|turn|70
|
|t:|1743901319
|move|p1a: Hydrapple|Fickle Beam|p2a: Corviknight
|-resisted|p2a: Corviknight
|-damage|p2a: Corviknight|0 fnt
|faint|p2a: Corviknight
|
|-damage|p1a: Hydrapple|41/100|[from] Salt Cure
|upkeep
|
|t:|1743901327
|switch|p2a: Dragapult|Dragapult, F|65/100
|-damage|p2a: Dragapult|52/100|[from] Spikes
|turn|71
|
|t:|1743901333
|switch|p1a: Kingambit|Kingambit, M|100/100
|-activate|p1a: Kingambit|ability: Supreme Overlord
|-start|p1a: Kingambit|fallen1|[silent]
|move|p2a: Dragapult|Dragon Darts|p1a: Kingambit
|-resisted|p1a: Kingambit
|-damage|p1a: Kingambit|92/100
|-anim|p2a: Dragapult|Dragon Darts|p1a: Kingambit
|-resisted|p1a: Kingambit
|-damage|p1a: Kingambit|83/100
|
|-heal|p1a: Kingambit|89/100|[from] item: Leftovers
|upkeep
|turn|72
|
|t:|1743901344
|switch|p2a: Great Tusk|Great Tusk|99/100
|-damage|p2a: Great Tusk|87/100|[from] Spikes
|move|p1a: Kingambit|Kowtow Cleave|p2a: Great Tusk
|-resisted|p2a: Great Tusk
|-damage|p2a: Great Tusk|70/100
|
|-heal|p2a: Great Tusk|77/100|[from] item: Leftovers
|-heal|p1a: Kingambit|95/100|[from] item: Leftovers
|upkeep
|turn|73
|
|t:|1743901353
|-end|p1a: Kingambit|fallen1|[silent]
|switch|p1a: Pecharunt|Pecharunt, tera:Ghost|100/100
|move|p2a: Great Tusk|Stealth Rock|p1a: Pecharunt
|-sidestart|p1: DaCarGuy|move: Stealth Rock
|
|-heal|p2a: Great Tusk|83/100|[from] item: Leftovers
|upkeep
|turn|74
|
|t:|1743901362
|move|p2a: Great Tusk|Rapid Spin|p1a: Pecharunt
|-immune|p1a: Pecharunt
|move|p1a: Pecharunt|Parting Shot|p2a: Great Tusk
|-unboost|p2a: Great Tusk|atk|1
|-unboost|p2a: Great Tusk|spa|1
|
|t:|1743901366
|switch|p1a: Hydrapple|Hydrapple, F|74/100|[from] Parting Shot
|
|-heal|p2a: Great Tusk|89/100|[from] item: Leftovers
|upkeep
|turn|75
|
|t:|1743901374
|move|p2a: Great Tusk|Close Combat|p1a: Hydrapple
|-damage|p1a: Hydrapple|43/100
|-unboost|p2a: Great Tusk|def|1
|-unboost|p2a: Great Tusk|spd|1
|move|p1a: Hydrapple|Giga Drain|p2a: Great Tusk
|-supereffective|p2a: Great Tusk
|-damage|p2a: Great Tusk|0 fnt
|-heal|p1a: Hydrapple|83/100|[from] drain|[of] p2a: Great Tusk
|faint|p2a: Great Tusk
|-end|p2a: Great Tusk|Protosynthesis|[silent]
|
|upkeep
|
|t:|1743901384
|switch|p2a: Garganacl|Garganacl, M|79/100
|-damage|p2a: Garganacl|67/100|[from] Spikes
|turn|76
|
|t:|1743901387
|move|p1a: Hydrapple|Giga Drain|p2a: Garganacl
|-supereffective|p2a: Garganacl
|-damage|p2a: Garganacl|10/100
|-heal|p1a: Hydrapple|100/100|[from] drain|[of] p2a: Garganacl
|move|p2a: Garganacl|Salt Cure|p1a: Hydrapple
|-damage|p1a: Hydrapple|89/100
|-start|p1a: Hydrapple|Salt Cure
|
|-damage|p1a: Hydrapple|77/100|[from] Salt Cure
|upkeep
|turn|77
|
|t:|1743901396
|switch|p2a: Dragapult|Dragapult, F|52/100
|-damage|p2a: Dragapult|40/100|[from] Spikes
|move|p1a: Hydrapple|Giga Drain|p2a: Dragapult
|-resisted|p2a: Dragapult
|-damage|p2a: Dragapult|16/100
|-heal|p1a: Hydrapple|88/100|[from] drain|[of] p2a: Dragapult
|
|-damage|p1a: Hydrapple|76/100|[from] Salt Cure
|upkeep
|turn|78
|
|t:|1743901405
|switch|p1a: Clefable|Clefable, F|75/100
|move|p2a: Dragapult|Dragon Darts|p1a: Clefable
|-immune|p1a: Clefable
|
|-heal|p1a: Clefable|81/100|[from] item: Leftovers
|upkeep
|turn|79
|
|t:|1743901414
|move|p2a: Dragapult|Curse|p1a: Clefable
|-start|p1a: Clefable|Curse|[of] p2a: Dragapult
|-damage|p2a: Dragapult|0 fnt
|faint|p2a: Dragapult
|move|p1a: Clefable|Moonblast|p2: Dragapult|[notarget]
|-fail|p1a: Clefable
|
|-heal|p1a: Clefable|87/100|[from] item: Leftovers
|upkeep
|
|t:|1743901421
|switch|p2a: Rotom|Rotom-Wash|100/100
|turn|80
|
|t:|1743901426
|move|p2a: Rotom|Will-O-Wisp|p1a: Clefable
|-status|p1a: Clefable|brn
|move|p1a: Clefable|Knock Off|p2a: Rotom
|-damage|p2a: Rotom|95/100
|-enditem|p2a: Rotom|Leftovers|[from] move: Knock Off|[of] p1a: Clefable
|
|-heal|p1a: Clefable|93/100 brn|[from] item: Leftovers
|upkeep
|turn|81
|
|t:|1743901436
|move|p2a: Rotom|Hydro Pump|p1a: Clefable|[miss]
|-miss|p2a: Rotom|p1a: Clefable
|move|p1a: Clefable|Moonblast|p2a: Rotom
|-damage|p2a: Rotom|63/100
|-unboost|p2a: Rotom|spa|1
|
|-heal|p1a: Clefable|99/100 brn|[from] item: Leftovers
|upkeep
|turn|82
|
|t:|1743901454
|move|p2a: Rotom|Hydro Pump|p1a: Clefable
|-damage|p1a: Clefable|83/100 brn
|move|p1a: Clefable|Moonblast|p2a: Rotom
|-damage|p2a: Rotom|31/100
|
|-heal|p1a: Clefable|89/100 brn|[from] item: Leftovers
|upkeep
|turn|83
|-message|pipitonga forfeited.
|
|win|DaCarGuy
|raw|DaCarGuy's rating: 1216 &rarr; <strong>1238</strong><br />(+22 for winning)
|raw|pipitonga's rating: 1178 &rarr; <strong>1156</strong><br />(-22 for losing)
|l|☆pipitonga
|player|p2|
