|j|☆Champion Corper
|j|☆ChillLanturnYT
|t:|1743792476
|gametype|singles
|player|p1|Champion Corper|riley|1250
|player|p2|ChillLanturnYT|palmer|1237
|teamsize|p1|6
|teamsize|p2|6
|gen|9
|tier|[Gen 9] OU
|rated|
|rule|HP Percentage Mod: HP is shown in percentages
|rule|Endless Battle Clause: Forcing endless battles is banned
|rule|Species Clause: Limit one of each Pokémon
|rule|OHKO Clause: OHKO moves are banned
|rule|Evasion Items Clause: Evasion items are banned
|rule|Evasion Moves Clause: Evasion moves are banned
|rule|Sleep Moves Clause: Sleep-inducing moves are banned
|clearpoke
|poke|p1|Lokix, M|
|poke|p1|Pecharunt|
|poke|p1|Primarina, F|
|poke|p1|Dragonite, F|
|poke|p1|Great Tusk|
|poke|p1|Darkrai|
|poke|p2|Hydreigon, F|
|poke|p2|Exeggutor, M|
|poke|p2|Dragonite, M|
|poke|p2|Forretress, F|
|poke|p2|Trevenant, M|
|poke|p2|Muk-Alola, F|
|teampreview
|inactive|Battle timer is ON: inactive players will automatically lose when time's up. (requested by ChillLanturnYT)
|
|t:|1743792485
|start
|switch|p1a: Lokix|Lokix, M|100/100
|switch|p2a: Muk|Muk-Alola, F|100/100
|turn|1
|
|t:|1743792491
|move|p1a: Lokix|U-turn|p2a: Muk
|-damage|p2a: Muk|46/100
|-enditem|p2a: Muk|Liechi Berry|[eat]
|-boost|p2a: Muk|atk|1|[from] item: Liechi Berry
|
|t:|1743792498
|switch|p1a: Great Tusk|Great Tusk|100/100|[from] U-turn
|move|p2a: Muk|Knock Off|p1a: Great Tusk
|-resisted|p1a: Great Tusk
|-damage|p1a: Great Tusk|76/100
|-damage|p2a: Muk|29/100|[from] item: Rocky Helmet|[of] p1a: Great Tusk
|-enditem|p1a: Great Tusk|Rocky Helmet|[from] move: Knock Off|[of] p2a: Muk
|
|upkeep
|turn|2
|
|t:|1743792503
|move|p1a: Great Tusk|Headlong Rush|p2a: Muk
|-supereffective|p2a: Muk
|-damage|p2a: Muk|0 fnt
|-unboost|p1a: Great Tusk|def|1
|-unboost|p1a: Great Tusk|spd|1
|faint|p2a: Muk
|
|upkeep
|
|t:|1743792506
|switch|p2a: Exeggutor|Exeggutor, M|100/100
|turn|3
|
|t:|1743792509
|-end|p1a: Great Tusk|Protosynthesis|[silent]
|switch|p1a: Lokix|Lokix, M|100/100
|move|p2a: Exeggutor|Calm Mind|p2a: Exeggutor
|-boost|p2a: Exeggutor|spa|1
|-boost|p2a: Exeggutor|spd|1
|
|upkeep
|turn|4
|
|t:|1743792512
|move|p2a: Exeggutor|Protect|p2a: Exeggutor
|-singleturn|p2a: Exeggutor|Protect
|move|p1a: Lokix|U-turn|p2a: Exeggutor
|-activate|p2a: Exeggutor|move: Protect
|
|upkeep
|turn|5
|
|t:|1743792524
|switch|p2a: Forretress|Forretress, F|100/100
|move|p1a: Lokix|U-turn|p2a: Forretress
|-resisted|p2a: Forretress
|-damage|p2a: Forretress|75/100
|
|t:|1743792531
|switch|p1a: Primarina|Primarina, F|100/100|[from] U-turn
|
|upkeep
|turn|6
|
|t:|1743792534
|move|p1a: Primarina|Surf|p2a: Forretress
|-damage|p2a: Forretress|3/100
|-enditem|p2a: Forretress|Sitrus Berry|[eat]
|-heal|p2a: Forretress|28/100|[from] item: Sitrus Berry
|move|p2a: Forretress|Gyro Ball|p1a: Primarina
|-damage|p1a: Primarina|74/100
|
|upkeep
|turn|7
|
|t:|1743792539
|move|p1a: Primarina|Surf|p2a: Forretress
|-damage|p2a: Forretress|0 fnt
|faint|p2a: Forretress
|
|upkeep
|
|t:|1743792542
|switch|p2a: Trevenant|Trevenant, M|100/100
|turn|8
|
|t:|1743792546
|switch|p1a: Lokix|Lokix, M|100/100
|move|p2a: Trevenant|Calm Mind|p2a: Trevenant
|-boost|p2a: Trevenant|spa|1
|-boost|p2a: Trevenant|spd|1
|
|upkeep
|turn|9
|
|t:|1743792554
|-terastallize|p2a: Trevenant|Fighting
|move|p1a: Lokix|Knock Off|p2a: Trevenant
|-resisted|p2a: Trevenant
|-damage|p2a: Trevenant|48/100
|-enditem|p2a: Trevenant|Sitrus Berry|[from] move: Knock Off|[of] p1a: Lokix
|move|p2a: Trevenant|Calm Mind|p2a: Trevenant
|-boost|p2a: Trevenant|spa|1
|-boost|p2a: Trevenant|spd|1
|
|upkeep
|turn|10
|
|t:|1743792561
|move|p1a: Lokix|Knock Off|p2a: Trevenant
|-resisted|p2a: Trevenant
|-damage|p2a: Trevenant|11/100
|move|p2a: Trevenant|Focus Blast|p1a: Lokix|[miss]
|-miss|p2a: Trevenant|p1a: Lokix
|
|upkeep
|turn|11
|
|t:|1743792564
|move|p1a: Lokix|Knock Off|p2a: Trevenant
|-resisted|p2a: Trevenant
|-damage|p2a: Trevenant|0 fnt
|faint|p2a: Trevenant
|
|upkeep
|
|t:|1743792566
|switch|p2a: Hydreigon|Hydreigon, F|100/100
|turn|12
|
|t:|1743792569
|move|p2a: Hydreigon|Nasty Plot|p2a: Hydreigon
|-boost|p2a: Hydreigon|spa|2
|move|p1a: Lokix|Knock Off|p2a: Hydreigon
|-resisted|p2a: Hydreigon
|-damage|p2a: Hydreigon|23/100
|-enditem|p2a: Hydreigon|Salac Berry|[from] move: Knock Off|[of] p1a: Lokix
|
|upkeep
|turn|13
|
|t:|1743792575
|switch|p1a: Great Tusk|Great Tusk|76/100
|move|p2a: Hydreigon|Dark Pulse|p1a: Great Tusk
|-resisted|p1a: Great Tusk
|-damage|p1a: Great Tusk|15/100
|
|upkeep
|turn|14
|
|t:|1743792580
|move|p2a: Hydreigon|Dark Pulse|p1a: Great Tusk
|-resisted|p1a: Great Tusk
|-damage|p1a: Great Tusk|0 fnt
|faint|p1a: Great Tusk
|-end|p1a: Great Tusk|Protosynthesis|[silent]
|
|upkeep
|
|t:|1743792582
|switch|p1a: Primarina|Primarina, F|74/100
|turn|15
|
|t:|1743792585
|move|p2a: Hydreigon|Dark Pulse|p1a: Primarina
|-resisted|p1a: Primarina
|-damage|p1a: Primarina|49/100
|move|p1a: Primarina|Moonblast|p2a: Hydreigon
|-supereffective|p2a: Hydreigon
|-damage|p2a: Hydreigon|0 fnt
|faint|p2a: Hydreigon
|
|upkeep
|
|t:|1743792588
|switch|p2a: Exeggutor|Exeggutor, M|100/100
|turn|16
|
|t:|1743792590
|move|p1a: Primarina|Moonblast|p2a: Exeggutor
|-damage|p2a: Exeggutor|45/100
|move|p2a: Exeggutor|Calm Mind|p2a: Exeggutor
|-boost|p2a: Exeggutor|spa|1
|-boost|p2a: Exeggutor|spd|1
|
|upkeep
|turn|17
|
|t:|1743792597
|move|p1a: Primarina|Moonblast|p2a: Exeggutor
|-crit|p2a: Exeggutor
|-damage|p2a: Exeggutor|0 fnt
|faint|p2a: Exeggutor
|
|upkeep
|-message|ChillLanturnYT forfeited.
|
|win|Champion Corper
|raw|Champion Corper's rating: 1250 &rarr; <strong>1274</strong><br />(+24 for winning)
|raw|ChillLanturnYT's rating: 1237 &rarr; <strong>1213</strong><br />(-24 for losing)
|l|☆ChillLanturnYT
|player|p2|
|l|☆Champion Corper
|player|p1|
