|j|☆Rolsper
|j|☆bobboose
|t:|1743873231
|gametype|singles
|player|p1|Rolsper|169|1174
|player|p2|bobboose|veteran-gen4|1211
|teamsize|p1|6
|teamsize|p2|6
|gen|9
|tier|[Gen 9] OU
|rated|
|rule|HP Percentage Mod: HP is shown in percentages
|rule|Endless Battle Clause: Forcing endless battles is banned
|rule|Species Clause: Limit one of each Pokémon
|rule|OHKO Clause: OHKO moves are banned
|rule|Evasion Items Clause: Evasion items are banned
|rule|Evasion Moves Clause: Evasion moves are banned
|rule|Sleep Moves Clause: Sleep-inducing moves are banned
|clearpoke
|poke|p1|Torterra, M|
|poke|p1|Copperajah, F|
|poke|p1|Ninetales-Alola, M|
|poke|p1|Iron Boulder|
|poke|p1|Overqwil, M|
|poke|p1|Kingdra, F|
|poke|p2|Araquanid, F|
|poke|p2|Serperior, M|
|poke|p2|Iron Hands|
|poke|p2|Gliscor, M|
|poke|p2|Hatterene, F|
|poke|p2|Kingambit, M|
|teampreview
|
|t:|1743873240
|start
|switch|p1a: Torterra|Torterra, M|100/100
|switch|p2a: Araquanid|Araquanid, F|100/100
|turn|1
|
|t:|1743873245
|move|p1a: Torterra|Leech Seed|p2a: Araquanid
|-start|p2a: Araquanid|move: Leech Seed
|move|p2a: Araquanid|Sticky Web|p1a: Torterra
|-sidestart|p1: Rolsper|move: Sticky Web
|
|-damage|p2a: Araquanid|88/100|[from] Leech Seed|[of] p1a: Torterra
|upkeep
|turn|2
|
|t:|1743873253
|move|p1a: Torterra|Sand Tomb|p2a: Araquanid
|-resisted|p2a: Araquanid
|-damage|p2a: Araquanid|81/100
|-activate|p2a: Araquanid|move: Sand Tomb|[of] p1a: Torterra
|move|p2a: Araquanid|Lunge|p1a: Torterra
|-supereffective|p1a: Torterra
|-damage|p1a: Torterra|65/100
|-unboost|p1a: Torterra|atk|1
|
|-heal|p1a: Torterra|72/100|[from] item: Leftovers
|-damage|p2a: Araquanid|69/100|[from] Leech Seed|[of] p1a: Torterra
|-heal|p1a: Torterra|82/100|[silent]
|-damage|p2a: Araquanid|56/100|[from] move: Sand Tomb|[partiallytrapped]
|upkeep
|turn|3
|inactive|Battle timer is ON: inactive players will automatically lose when time's up. (requested by Rolsper)
|
|t:|1743873259
|move|p1a: Torterra|Smack Down|p2a: Araquanid
|-supereffective|p2a: Araquanid
|-damage|p2a: Araquanid|37/100
|move|p2a: Araquanid|Lunge|p1a: Torterra
|-supereffective|p1a: Torterra
|-damage|p1a: Torterra|48/100
|-unboost|p1a: Torterra|atk|1
|
|-heal|p1a: Torterra|54/100|[from] item: Leftovers
|-damage|p2a: Araquanid|24/100|[from] Leech Seed|[of] p1a: Torterra
|-heal|p1a: Torterra|65/100|[silent]
|-damage|p2a: Araquanid|12/100|[from] move: Sand Tomb|[partiallytrapped]
|upkeep
|turn|4
|-enditem|p2a: Araquanid|Custap Berry|[eat]
|-activate|p2a: Araquanid|item: Custap Berry|[consumed]
|
|t:|1743873268
|move|p2a: Araquanid|Lunge|p1a: Torterra
|-supereffective|p1a: Torterra
|-damage|p1a: Torterra|31/100
|-unboost|p1a: Torterra|atk|1
|move|p1a: Torterra|Synthesis|p1a: Torterra
|-heal|p1a: Torterra|81/100
|
|-heal|p1a: Torterra|87/100|[from] item: Leftovers
|-damage|p2a: Araquanid|0 fnt|[from] Leech Seed|[of] p1a: Torterra
|-heal|p1a: Torterra|97/100|[silent]
|faint|p2a: Araquanid
|upkeep
|
|t:|1743873282
|switch|p2a: Serperior|Serperior, M|100/100
|turn|5
|
|t:|1743873291
|switch|p1a: Copperajah|Copperajah, F|100/100
|-activate|p1a: Copperajah|move: Sticky Web
|-unboost|p1a: Copperajah|spe|1
|move|p2a: Serperior|Leaf Storm|p1a: Copperajah
|-resisted|p1a: Copperajah
|-damage|p1a: Copperajah|84/100
|-boost|p2a: Serperior|spa|2
|
|upkeep
|turn|6
|
|t:|1743873306
|move|p2a: Serperior|Leaf Storm|p1a: Copperajah
|-resisted|p1a: Copperajah
|-damage|p1a: Copperajah|51/100
|-boost|p2a: Serperior|spa|2
|move|p1a: Copperajah|Heat Crash|p2a: Serperior
|-supereffective|p2a: Serperior
|-damage|p2a: Serperior|0 fnt
|faint|p2a: Serperior
|
|upkeep
|
|t:|1743873314
|switch|p2a: Iron Hands|Iron Hands|100/100
|-enditem|p2a: Iron Hands|Booster Energy
|-activate|p2a: Iron Hands|ability: Quark Drive|[fromitem]
|-start|p2a: Iron Hands|quarkdriveatk
|turn|7
|
|t:|1743873318
|switch|p1a: Overqwil|Overqwil, M|100/100
|-activate|p1a: Overqwil|move: Sticky Web
|-unboost|p1a: Overqwil|spe|1
|-ability|p1a: Overqwil|Intimidate|boost
|-unboost|p2a: Iron Hands|atk|1
|move|p2a: Iron Hands|Fake Out|p1a: Overqwil
|-damage|p1a: Overqwil|85/100
|
|upkeep
|turn|8
|
|t:|1743873326
|switch|p1a: Torterra|Torterra, M|97/100
|-activate|p1a: Torterra|move: Sticky Web
|-unboost|p1a: Torterra|spe|1
|move|p2a: Iron Hands|Substitute|p2a: Iron Hands
|-start|p2a: Iron Hands|Substitute
|-damage|p2a: Iron Hands|76/100
|
|-heal|p1a: Torterra|100/100|[from] item: Leftovers
|upkeep
|turn|9
|
|t:|1743873334
|-singleturn|p2a: Iron Hands|move: Focus Punch
|move|p1a: Torterra|Sand Tomb|p2a: Iron Hands
|-supereffective|p2a: Iron Hands
|-activate|p2a: Iron Hands|move: Substitute|[damage]
|move|p2a: Iron Hands|Focus Punch|p1a: Torterra
|-damage|p1a: Torterra|53/100
|
|-heal|p1a: Torterra|59/100|[from] item: Leftovers
|upkeep
|turn|10
|-message|bobboose forfeited.
|
|win|Rolsper
|raw|Rolsper's rating: 1174 &rarr; <strong>1202</strong><br />(+28 for winning)
|raw|bobboose's rating: 1211 &rarr; <strong>1183</strong><br />(-28 for losing)
|l|☆bobboose
|player|p2|
|l|☆Rolsper
|player|p1|
