|j|☆armpit fan!
|j|☆ProteinMan11
|t:|1743883491
|gametype|singles
|player|p1|armpit fan!|lady-gen4|1593
|player|p2|ProteinMan11|hiker-gen4|1657
|teamsize|p1|6
|teamsize|p2|6
|gen|9
|tier|[Gen 9] OU
|rated|
|rule|HP Percentage Mod: HP is shown in percentages
|rule|Endless Battle Clause: Forcing endless battles is banned
|rule|Species Clause: Limit one of each Pokémon
|rule|OHKO Clause: OHKO moves are banned
|rule|Evasion Items Clause: Evasion items are banned
|rule|Evasion Moves Clause: Evasion moves are banned
|rule|Sleep Moves Clause: Sleep-inducing moves are banned
|clearpoke
|poke|p1|Hydrapple, M|
|poke|p1|Corviknight, F|
|poke|p1|Ting-Lu|
|poke|p1|Dragapult, F|
|poke|p1|Cinderace, F|
|poke|p1|Slowking-Galar, F|
|poke|p2|Ninetales-Alola, M|
|poke|p2|Dragonite, M|
|poke|p2|Deoxys-Speed|
|poke|p2|Iron Valiant|
|poke|p2|Great Tusk|
|poke|p2|Polteageist|
|teampreview
|inactive|Battle timer is ON: inactive players will automatically lose when time's up. (requested by ProteinMan11)
|
|t:|1743883516
|start
|switch|p1a: Cinderace|Cinderace, F|100/100
|switch|p2a: Michael|Dragonite, M|100/100
|turn|1
|
|t:|1743883520
|move|p1a: Cinderace|Will-O-Wisp|p2a: Michael
|-status|p2a: Michael|brn
|move|p2a: Michael|Dragon Dance|p2a: Michael
|-boost|p2a: Michael|atk|1
|-boost|p2a: Michael|spe|1
|
|-damage|p2a: Michael|94/100 brn|[from] brn
|upkeep
|turn|2
|
|t:|1743883528
|switch|p1a: Corviknight|Corviknight, F|100/100
|-ability|p1a: Corviknight|Pressure
|move|p2a: Michael|Dragon Dance|p2a: Michael
|-boost|p2a: Michael|atk|1
|-boost|p2a: Michael|spe|1
|
|-damage|p2a: Michael|88/100 brn|[from] brn
|upkeep
|turn|3
|
|t:|1743883533
|move|p2a: Michael|Outrage|p1a: Corviknight
|-resisted|p1a: Corviknight
|-damage|p1a: Corviknight|81/100
|-damage|p2a: Michael|71/100 brn|[from] item: Rocky Helmet|[of] p1a: Corviknight
|move|p1a: Corviknight|Iron Defense|p1a: Corviknight
|-boost|p1a: Corviknight|def|2
|
|-damage|p2a: Michael|65/100 brn|[from] brn
|upkeep
|turn|4
|
|t:|1743883539
|move|p2a: Michael|Outrage|p1a: Corviknight|[from] lockedmove
|-resisted|p1a: Corviknight
|-damage|p1a: Corviknight|71/100
|-damage|p2a: Michael|49/100 brn|[from] item: Rocky Helmet|[of] p1a: Corviknight
|-start|p2a: Michael|confusion|[fatigue]
|move|p1a: Corviknight|Brave Bird|p2a: Michael
|-damage|p2a: Michael|17/100 brn
|-damage|p1a: Corviknight|61/100|[from] Recoil
|
|-damage|p2a: Michael|11/100 brn|[from] brn
|upkeep
|turn|5
|
|t:|1743883549
|switch|p2a: Donald Trump|Ninetales-Alola, M|100/100
|-weather|Snowscape|[from] ability: Snow Warning|[of] p2a: Donald Trump
|move|p1a: Corviknight|Roost|p1a: Corviknight
|-heal|p1a: Corviknight|100/100
|-singleturn|p1a: Corviknight|move: Roost
|
|-weather|Snowscape|[upkeep]
|upkeep
|turn|6
|
|t:|1743883560
|switch|p1a: Slowking|Slowking-Galar, F|100/100
|move|p2a: Donald Trump|Encore||[still]
|-fail|p2a: Donald Trump
|
|-weather|Snowscape|[upkeep]
|upkeep
|turn|7
|
|t:|1743883563
|move|p2a: Donald Trump|Aurora Veil|p2a: Donald Trump
|-sidestart|p2: ProteinMan11|move: Aurora Veil
|move|p1a: Slowking|Future Sight|p2a: Donald Trump
|-start|p1a: Slowking|move: Future Sight
|
|-weather|Snowscape|[upkeep]
|upkeep
|turn|8
|
|t:|1743883567
|move|p2a: Donald Trump|Encore|p1a: Slowking
|-start|p1a: Slowking|Encore
|move|p1a: Slowking|Future Sight||[still]
|-fail|p1a: Slowking
|
|-weather|Snowscape|[upkeep]
|upkeep
|turn|9
|
|t:|1743883571
|switch|p1a: Cinderace|Cinderace, F|100/100
|move|p2a: Donald Trump|Blizzard|p1a: Cinderace
|-resisted|p1a: Cinderace
|-damage|p1a: Cinderace|69/100
|
|-weather|none
|-end|p2a: Donald Trump|move: Future Sight
|-damage|p2a: Donald Trump|73/100
|upkeep
|turn|10
|
|t:|1743883580
|move|p1a: Cinderace|Court Change|p1a: Cinderace
|-swapsideconditions
|-activate|p1a: Cinderace|move: Court Change
|move|p2a: Donald Trump|Encore|p1a: Cinderace
|-start|p1a: Cinderace|Encore
|
|upkeep
|turn|11
|
|t:|1743883591
|switch|p1a: Slowking|Slowking-Galar, F|100/100
|switch|p2a: This-a-way|Deoxys-Speed, shiny|100/100
|-ability|p2a: This-a-way|Pressure
|
|upkeep
|turn|12
|
|t:|1743883595
|move|p2a: This-a-way|Cosmic Power|p2a: This-a-way
|-boost|p2a: This-a-way|def|1
|-boost|p2a: This-a-way|spd|1
|move|p1a: Slowking|Sludge Bomb|p2a: This-a-way
|-damage|p2a: This-a-way|71/100
|
|upkeep
|turn|13
|
|t:|1743883599
|move|p2a: This-a-way|Cosmic Power|p2a: This-a-way
|-boost|p2a: This-a-way|def|1
|-boost|p2a: This-a-way|spd|1
|-prepare|p1a: Slowking|Chilly Reception|[premajor]
|move|p1a: Slowking|Chilly Reception|p1a: Slowking
|-weather|Snowscape
|
|t:|1743883601
|switch|p1a: Ting-Lu|Ting-Lu|100/100|[from] Chilly Reception
|-ability|p1a: Ting-Lu|Vessel of Ruin
|
|-weather|Snowscape|[upkeep]
|upkeep
|turn|14
|
|t:|1743883614
|move|p2a: This-a-way|Cosmic Power|p2a: This-a-way
|-boost|p2a: This-a-way|def|1
|-boost|p2a: This-a-way|spd|1
|move|p1a: Ting-Lu|Whirlwind|p2a: This-a-way
|drag|p2a: Darius|Iron Valiant|100/100
|-enditem|p2a: Darius|Booster Energy
|-activate|p2a: Darius|ability: Quark Drive|[fromitem]
|-start|p2a: Darius|quarkdrivespe
|
|-weather|Snowscape|[upkeep]
|-sideend|p1: armpit fan!|move: Aurora Veil
|upkeep
|turn|15
|
|t:|1743883620
|move|p2a: Darius|Spirit Break|p1a: Ting-Lu
|-supereffective|p1a: Ting-Lu
|-damage|p1a: Ting-Lu|56/100
|-unboost|p1a: Ting-Lu|spa|1
|move|p1a: Ting-Lu|Whirlwind|p2a: Darius
|-end|p2a: Darius|Quark Drive|[silent]
|drag|p2a: Great Bust|Great Tusk|100/100
|
|-weather|Snowscape|[upkeep]
|-heal|p1a: Ting-Lu|62/100|[from] item: Leftovers
|upkeep
|turn|16
|
|t:|1743883624
|switch|p1a: Corviknight|Corviknight, F|100/100
|-ability|p1a: Corviknight|Pressure
|move|p2a: Great Bust|Close Combat|p1a: Corviknight
|-damage|p1a: Corviknight|44/100
|-unboost|p2a: Great Bust|def|1
|-unboost|p2a: Great Bust|spd|1
|-damage|p2a: Great Bust|84/100|[from] item: Rocky Helmet|[of] p1a: Corviknight
|-damage|p2a: Great Bust|74/100|[from] item: Life Orb
|
|-weather|Snowscape|[upkeep]
|upkeep
|turn|17
|
|t:|1743883631
|switch|p1a: Dragapult|Dragapult, F|100/100
|move|p2a: Great Bust|Close Combat|p1a: Dragapult
|-immune|p1a: Dragapult
|
|-weather|none
|upkeep
|turn|18
|
|t:|1743883635
|move|p1a: Dragapult|Shadow Ball|p2a: Great Bust
|-damage|p2a: Great Bust|0 fnt
|faint|p2a: Great Bust
|-end|p2a: Great Bust|Protosynthesis|[silent]
|
|upkeep
|
|t:|1743883642
|switch|p2a: WAAAAATER|Polteageist|100/100
|turn|19
|
|t:|1743883645
|move|p1a: Dragapult|Shadow Ball|p2a: WAAAAATER
|-supereffective|p2a: WAAAAATER
|-enditem|p2a: WAAAAATER|Focus Sash
|-damage|p2a: WAAAAATER|1/100
|move|p2a: WAAAAATER|Shell Smash|p2a: WAAAAATER
|-unboost|p2a: WAAAAATER|def|1
|-unboost|p2a: WAAAAATER|spd|1
|-boost|p2a: WAAAAATER|atk|2
|-boost|p2a: WAAAAATER|spa|2
|-boost|p2a: WAAAAATER|spe|2
|
|upkeep
|turn|20
|
|t:|1743883650
|switch|p1a: Ting-Lu|Ting-Lu|62/100
|-ability|p1a: Ting-Lu|Vessel of Ruin
|move|p2a: WAAAAATER|Stored Power|p1a: Ting-Lu
|-immune|p1a: Ting-Lu
|
|-heal|p1a: Ting-Lu|69/100|[from] item: Leftovers
|upkeep
|turn|21
|
|t:|1743883656
|move|p2a: WAAAAATER|Giga Drain|p1a: Ting-Lu
|-supereffective|p1a: Ting-Lu
|-damage|p1a: Ting-Lu|18/100
|-heal|p2a: WAAAAATER|50/100|[from] drain|[of] p1a: Ting-Lu
|move|p1a: Ting-Lu|Earthquake|p2a: WAAAAATER
|-damage|p2a: WAAAAATER|0 fnt
|faint|p2a: WAAAAATER
|
|-heal|p1a: Ting-Lu|24/100|[from] item: Leftovers
|upkeep
|
|t:|1743883666
|switch|p2a: Darius|Iron Valiant|100/100
|turn|22
|
|t:|1743883682
|move|p2a: Darius|Swords Dance|p2a: Darius
|-boost|p2a: Darius|atk|2
|move|p1a: Ting-Lu|Whirlwind|p2a: Darius
|-end|p2a: Darius|Quark Drive|[silent]
|drag|p2a: Michael|Dragonite, M|11/100 brn
|
|-heal|p1a: Ting-Lu|30/100|[from] item: Leftovers
|-damage|p2a: Michael|4/100 brn|[from] brn
|upkeep
|turn|23
|
|t:|1743883685
|move|p2a: Michael|Outrage|p1a: Ting-Lu
|-crit|p1a: Ting-Lu
|-damage|p1a: Ting-Lu|1/100
|move|p1a: Ting-Lu|Stealth Rock|p2a: Michael
|-sidestart|p2: ProteinMan11|move: Stealth Rock
|
|-heal|p1a: Ting-Lu|7/100|[from] item: Leftovers
|-damage|p2a: Michael|0 fnt|[from] brn
|faint|p2a: Michael
|upkeep
|
|t:|1743883690
|switch|p2a: Donald Trump|Ninetales-Alola, M|73/100
|-damage|p2a: Donald Trump|48/100|[from] Stealth Rock
|-weather|Snowscape|[from] ability: Snow Warning|[of] p2a: Donald Trump
|turn|24
|
|t:|1743883696
|switch|p1a: Slowking|Slowking-Galar, F|100/100
|move|p2a: Donald Trump|Blizzard|p1a: Slowking
|-damage|p1a: Slowking|77/100
|
|-weather|Snowscape|[upkeep]
|upkeep
|turn|25
|
|t:|1743883701
|move|p2a: Donald Trump|Aurora Veil|p2a: Donald Trump
|-sidestart|p2: ProteinMan11|move: Aurora Veil
|-prepare|p1a: Slowking|Chilly Reception|[premajor]
|move|p1a: Slowking|Chilly Reception|p1a: Slowking
|
|t:|1743883704
|switch|p1a: Cinderace|Cinderace, F|69/100|[from] Chilly Reception
|
|-weather|Snowscape|[upkeep]
|upkeep
|turn|26
|
|t:|1743883707
|move|p1a: Cinderace|Court Change|p1a: Cinderace
|-swapsideconditions
|-activate|p1a: Cinderace|move: Court Change
|move|p2a: Donald Trump|Blizzard|p1a: Cinderace
|-resisted|p1a: Cinderace
|-damage|p1a: Cinderace|56/100
|
|-weather|Snowscape|[upkeep]
|upkeep
|turn|27
|
|t:|1743883710
|move|p1a: Cinderace|Pyro Ball|p2a: Donald Trump
|-supereffective|p2a: Donald Trump
|-damage|p2a: Donald Trump|0 fnt
|faint|p2a: Donald Trump
|
|-weather|Snowscape|[upkeep]
|upkeep
|
|t:|1743883712
|switch|p2a: This-a-way|Deoxys-Speed, shiny|71/100
|-ability|p2a: This-a-way|Pressure
|turn|28
|
|t:|1743883715
|move|p2a: This-a-way|Cosmic Power|p2a: This-a-way
|-boost|p2a: This-a-way|def|1
|-boost|p2a: This-a-way|spd|1
|move|p1a: Cinderace|Pyro Ball|p2a: This-a-way
|-damage|p2a: This-a-way|25/100
|
|-weather|none
|upkeep
|turn|29
|
|t:|1743883718
|move|p2a: This-a-way|Recover|p2a: This-a-way
|-heal|p2a: This-a-way|75/100
|move|p1a: Cinderace|Pyro Ball|p2a: This-a-way
|-damage|p2a: This-a-way|26/100
|
|upkeep
|turn|30
|
|t:|1743883737
|switch|p1a: Ting-Lu|Ting-Lu|7/100
|-damage|p1a: Ting-Lu|1/100|[from] Stealth Rock
|-ability|p1a: Ting-Lu|Vessel of Ruin
|move|p2a: This-a-way|Recover|p2a: This-a-way
|-heal|p2a: This-a-way|76/100
|
|-heal|p1a: Ting-Lu|7/100|[from] item: Leftovers
|upkeep
|turn|31
|
|t:|1743883742
|move|p2a: This-a-way|Tera Blast|p1a: Ting-Lu
|-damage|p1a: Ting-Lu|1/100
|move|p1a: Ting-Lu|Whirlwind|p2a: This-a-way
|drag|p2a: Darius|Iron Valiant|100/100
|
|-heal|p1a: Ting-Lu|8/100|[from] item: Leftovers
|upkeep
|turn|32
|
|t:|1743883751
|move|p2a: Darius|Spirit Break|p1a: Ting-Lu
|-supereffective|p1a: Ting-Lu
|-damage|p1a: Ting-Lu|0 fnt
|faint|p1a: Ting-Lu
|
|-sideend|p1: armpit fan!|move: Aurora Veil
|upkeep
|
|t:|1743883760
|switch|p1a: Dragapult|Dragapult, F|100/100
|-damage|p1a: Dragapult|88/100|[from] Stealth Rock
|turn|33
|
|t:|1743883765
|move|p1a: Dragapult|Shadow Ball|p2a: Darius
|-damage|p2a: Darius|5/100
|move|p2a: Darius|Spirit Break|p1a: Dragapult
|-supereffective|p1a: Dragapult
|-damage|p1a: Dragapult|0 fnt
|faint|p1a: Dragapult
|
|upkeep
|
|t:|1743883777
|switch|p1a: Slowking|Slowking-Galar, F|100/100
|turn|34
|
|t:|1743883784
|-terastallize|p1a: Slowking|Water
|move|p2a: Darius|Knock Off|p1a: Slowking
|-damage|p1a: Slowking|63/100
|-enditem|p1a: Slowking|Heavy-Duty Boots|[from] move: Knock Off|[of] p2a: Darius
|move|p1a: Slowking|Future Sight|p2a: Darius
|-start|p1a: Slowking|move: Future Sight
|
|upkeep
|turn|35
|
|t:|1743883791
|move|p2a: Darius|Close Combat|p1a: Slowking
|-damage|p1a: Slowking|0 fnt
|-unboost|p2a: Darius|def|1
|-unboost|p2a: Darius|spd|1
|faint|p1a: Slowking
|
|upkeep
|
|t:|1743883797
|switch|p1a: Cinderace|Cinderace, F|56/100
|turn|36
|
|t:|1743883799
|move|p1a: Cinderace|Pyro Ball|p2a: Darius
|-damage|p2a: Darius|0 fnt
|faint|p2a: Darius
|-end|p2a: Darius|Quark Drive|[silent]
|
|-hint|Future Sight did not hit because the target is fainted.
|upkeep
|
|t:|1743883800
|switch|p2a: This-a-way|Deoxys-Speed, shiny|76/100
|-ability|p2a: This-a-way|Pressure
|turn|37
|
|t:|1743883812
|switch|p1a: Hydrapple|Hydrapple, M|100/100
|move|p2a: This-a-way|Cosmic Power|p2a: This-a-way
|-boost|p2a: This-a-way|def|1
|-boost|p2a: This-a-way|spd|1
|
|upkeep
|turn|38
|
|t:|1743883815
|move|p2a: This-a-way|Cosmic Power|p2a: This-a-way
|-boost|p2a: This-a-way|def|1
|-boost|p2a: This-a-way|spd|1
|move|p1a: Hydrapple|Nasty Plot|p1a: Hydrapple
|-boost|p1a: Hydrapple|spa|2
|
|upkeep
|turn|39
|
|t:|1743883819
|move|p2a: This-a-way|Cosmic Power|p2a: This-a-way
|-boost|p2a: This-a-way|def|1
|-boost|p2a: This-a-way|spd|1
|move|p1a: Hydrapple|Nasty Plot|p1a: Hydrapple
|-boost|p1a: Hydrapple|spa|2
|
|upkeep
|turn|40
|
|t:|1743883822
|move|p2a: This-a-way|Stored Power|p1a: Hydrapple
|-damage|p1a: Hydrapple|38/100
|move|p1a: Hydrapple|Giga Drain|p2a: This-a-way
|-crit|p2a: This-a-way
|-damage|p2a: This-a-way|0 fnt
|-heal|p1a: Hydrapple|66/100|[from] drain|[of] p2a: This-a-way
|faint|p2a: This-a-way
|
|win|armpit fan!
|raw|armpit fan!'s rating: 1593 &rarr; <strong>1617</strong><br />(+24 for winning)
|raw|ProteinMan11's rating: 1657 &rarr; <strong>1633</strong><br />(-24 for losing)
|c|☆armpit fan!|gg
|l|☆armpit fan!
|player|p1|
|c|☆ProteinMan11|Bro you got a crit and won 😭
|l|☆ProteinMan11
|player|p2|
