|j|☆NickyTheNick
|j|☆Dr. Drake6782
|t:|1743828386
|gametype|singles
|player|p1|NickyTheNick|lass|1254
|player|p2|Dr. Drake6782|lance-lgpe|1357
|teamsize|p1|6
|teamsize|p2|6
|gen|9
|tier|[Gen 9] OU
|rated|
|rule|HP Percentage Mod: HP is shown in percentages
|rule|Endless Battle Clause: Forcing endless battles is banned
|rule|Species Clause: Limit one of each Pokémon
|rule|OHKO Clause: OHKO moves are banned
|rule|Evasion Items Clause: Evasion items are banned
|rule|Evasion Moves Clause: Evasion moves are banned
|rule|Sleep Moves Clause: Sleep-inducing moves are banned
|clearpoke
|poke|p1|Gliscor, M|
|poke|p1|Moltres-Galar|
|poke|p1|Maushold-Four|
|poke|p1|Clefable, F|
|poke|p1|Ceruledge, F|
|poke|p1|Deoxys-Speed|
|poke|p2|Alomomola, F|
|poke|p2|Weezing-Galar, M|
|poke|p2|Garganacl, F|
|poke|p2|Kyurem|
|poke|p2|Zamazenta-*|
|poke|p2|Ting-Lu|
|teampreview
|inactive|Battle timer is ON: inactive players will automatically lose when time's up. (requested by Dr. Drake6782)
|c|☆Dr. Drake6782|do u want a free win
|
|t:|1743828408
|start
|switch|p1a: orbulon|Deoxys-Speed|100/100
|switch|p2a: Kyurem|Kyurem, shiny|100/100
|-ability|p2a: Kyurem|Pressure
|-ability|p1a: orbulon|Pressure
|turn|1
|
|t:|1743828417
|move|p2a: Kyurem|Draco Meteor|p1a: orbulon
|-damage|p1a: orbulon|14/100
|-unboost|p2a: Kyurem|spa|2
|move|p1a: orbulon|Thunder Wave|p2a: Kyurem
|-status|p2a: Kyurem|par
|
|upkeep
|turn|2
|
|t:|1743828424
|switch|p1a: machiavelli|Moltres-Galar|100/100
|cant|p2a: Kyurem|par
|
|upkeep
|turn|3
|
|t:|1743828428
|switch|p2a: Garganacl|Garganacl, F, shiny|100/100
|move|p1a: machiavelli|Agility|p1a: machiavelli
|-boost|p1a: machiavelli|spe|2
|
|upkeep
|turn|4
|
|t:|1743828436
|switch|p1a: queen|Clefable, F|100/100
|move|p2a: Garganacl|Salt Cure|p1a: queen
|-damage|p1a: queen|85/100
|-start|p1a: queen|Salt Cure
|
|upkeep
|turn|5
|
|t:|1743828447
|move|p1a: queen|Calm Mind|p1a: queen
|-boost|p1a: queen|spa|1
|-boost|p1a: queen|spd|1
|move|p2a: Garganacl|Curse|p2a: Garganacl
|-unboost|p2a: Garganacl|spe|1
|-boost|p2a: Garganacl|atk|1
|-boost|p2a: Garganacl|def|1
|
|upkeep
|turn|6
|
|t:|1743828451
|move|p1a: queen|Moonblast|p2a: Garganacl
|-damage|p2a: Garganacl|44/100
|move|p2a: Garganacl|Curse|p2a: Garganacl
|-unboost|p2a: Garganacl|spe|1
|-boost|p2a: Garganacl|atk|1
|-boost|p2a: Garganacl|def|1
|
|-heal|p2a: Garganacl|50/100|[from] item: Leftovers
|upkeep
|turn|7
|
|t:|1743828455
|move|p2a: Garganacl|Protect|p2a: Garganacl
|-singleturn|p2a: Garganacl|Protect
|move|p1a: queen|Moonblast|p2a: Garganacl
|-activate|p2a: Garganacl|move: Protect
|
|-heal|p2a: Garganacl|57/100|[from] item: Leftovers
|upkeep
|turn|8
|
|t:|1743828460
|switch|p2a: Weezing|Weezing-Galar, M, shiny|100/100
|-ability|p2a: Weezing|Neutralizing Gas
|move|p1a: queen|Moonblast|p2a: Weezing
|-resisted|p2a: Weezing
|-damage|p2a: Weezing|47/100
|-damage|p1a: queen|75/100|[from] item: Life Orb
|
|-damage|p1a: queen|63/100|[from] Salt Cure
|upkeep
|turn|9
|
|t:|1743828470
|move|p2a: Weezing|Pain Split|p1a: queen
|-sethp|p1a: queen|52/100|[from] move: Pain Split|[silent]
|-sethp|p2a: Weezing|61/100|[from] move: Pain Split
|move|p1a: queen|Thunderbolt|p2a: Weezing
|-damage|p2a: Weezing|0 fnt
|faint|p2a: Weezing
|-end|p2a: Weezing|ability: Neutralizing Gas
|
|upkeep
|
|t:|1743828479
|switch|p2a: Zamazenta|Zamazenta|100/100
|-ability|p2a: Zamazenta|Dauntless Shield|boost
|-boost|p2a: Zamazenta|def|1
|turn|10
|
|t:|1743828482
|move|p2a: Zamazenta|Heavy Slam|p1a: queen
|-supereffective|p1a: queen
|-damage|p1a: queen|0 fnt
|faint|p1a: queen
|
|upkeep
|
|t:|1743828491
|switch|p1a: orbulon|Deoxys-Speed|14/100
|-ability|p1a: orbulon|Pressure
|turn|11
|inactive|Dr. Drake6782 has 120 seconds left.
|
|t:|1743828538
|move|p1a: orbulon|Psycho Boost|p2a: Zamazenta
|-supereffective|p2a: Zamazenta
|-damage|p2a: Zamazenta|0 fnt
|-unboost|p1a: orbulon|spa|2
|faint|p2a: Zamazenta
|
|upkeep
|-message|Dr. Drake6782 forfeited.
|
|win|NickyTheNick
|raw|NickyTheNick's rating: 1254 &rarr; <strong>1286</strong><br />(+32 for winning)
|raw|Dr. Drake6782's rating: 1357 &rarr; <strong>1331</strong><br />(-26 for losing)
|l|☆Dr. Drake6782
|player|p2|
|l|☆NickyTheNick
|player|p1|
