|j|☆Dumbo1200
|j|☆Open666
|t:|1743782900
|gametype|singles
|player|p1|Dumbo1200|baker|1303
|player|p2|Open666|gambler|1354
|teamsize|p1|6
|teamsize|p2|6
|gen|9
|tier|[Gen 9] OU
|rated|
|rule|HP Percentage Mod: HP is shown in percentages
|rule|Endless Battle Clause: Forcing endless battles is banned
|rule|Species Clause: Limit one of each Pokémon
|rule|OHKO Clause: OHKO moves are banned
|rule|Evasion Items Clause: Evasion items are banned
|rule|Evasion Moves Clause: Evasion moves are banned
|rule|Sleep Moves Clause: Sleep-inducing moves are banned
|clearpoke
|poke|p1|Rabsca, M|
|poke|p1|Slowking-Galar, M|
|poke|p1|Ursaluna, F|
|poke|p1|Azumarill, M|
|poke|p1|Mimikyu, F|
|poke|p1|Kingambit, F|
|poke|p2|Grimmsnarl, M|
|poke|p2|Ogerpon-Wellspring, F|
|poke|p2|Glimmora, F|
|poke|p2|Dragapult, F|
|poke|p2|Gliscor, F|
|poke|p2|Mimikyu, M|
|teampreview
|inactive|Battle timer is ON: inactive players will automatically lose when time's up. (requested by Dumbo1200)
|inactive|Open666 also wants the timer to be on.
|
|t:|1743782916
|start
|switch|p1a: Chad|Azumarill, M|100/100
|switch|p2a: Grimmsnarl|Grimmsnarl, M|100/100
|turn|1
|
|t:|1743782923
|move|p2a: Grimmsnarl|Reflect|p2a: Grimmsnarl
|-sidestart|p2: Open666|Reflect
|move|p1a: Chad|Play Rough|p2a: Grimmsnarl
|-supereffective|p2a: Grimmsnarl
|-damage|p2a: Grimmsnarl|47/100
|
|upkeep
|turn|2
|
|t:|1743782934
|move|p2a: Grimmsnarl|Parting Shot|p1a: Chad
|-unboost|p1a: Chad|atk|1
|-unboost|p1a: Chad|spa|1
|
|t:|1743782946
|switch|p2a: Ogerpon|Ogerpon-Wellspring, F|100/100|[from] Parting Shot
|move|p1a: Chad|Play Rough|p2a: Ogerpon|[miss]
|-miss|p1a: Chad|p2a: Ogerpon
|
|upkeep
|turn|3
|
|t:|1743782956
|switch|p1a: Decoy|Mimikyu, F|100/100
|move|p2a: Ogerpon|Swords Dance|p2a: Ogerpon
|-boost|p2a: Ogerpon|atk|2
|
|upkeep
|turn|4
|
|t:|1743782967
|move|p2a: Ogerpon|Horn Leech|p1a: Decoy
|-activate|p1a: Decoy|ability: Disguise
|-damage|p1a: Decoy|100/100
|detailschange|p1a: Decoy|Mimikyu-Busted, F
|-damage|p1a: Decoy|88/100|[from] pokemon: Mimikyu-Busted
|move|p1a: Decoy|Trick Room|p1a: Decoy
|-fieldstart|move: Trick Room|[of] p1a: Decoy
|
|upkeep
|turn|5
|
|t:|1743782980
|move|p1a: Decoy|Destiny Bond|p1a: Decoy
|-singlemove|p1a: Decoy|Destiny Bond
|move|p2a: Ogerpon|Horn Leech|p1a: Decoy
|-damage|p1a: Decoy|0 fnt
|faint|p1a: Decoy
|-activate|p1a: Decoy|move: Destiny Bond
|faint|p2a: Ogerpon
|
|upkeep
|
|t:|1743783005
|switch|p1a: Burr|Slowking-Galar, M|100/100
|switch|p2a: Mimikyu|Mimikyu, M|100/100
|turn|6
|
|t:|1743783016
|move|p1a: Burr|Sludge Wave|p2a: Mimikyu
|-activate|p2a: Mimikyu|ability: Disguise
|-damage|p2a: Mimikyu|100/100
|detailschange|p2a: Mimikyu|Mimikyu-Busted, M
|-damage|p2a: Mimikyu|88/100|[from] pokemon: Mimikyu-Busted
|-damage|p1a: Burr|91/100|[from] item: Life Orb
|move|p2a: Mimikyu|Substitute|p2a: Mimikyu
|-start|p2a: Mimikyu|Substitute
|-damage|p2a: Mimikyu|63/100
|
|upkeep
|turn|7
|
|t:|1743783030
|move|p1a: Burr|Sludge Wave|p2a: Mimikyu
|-end|p2a: Mimikyu|Substitute
|-damage|p1a: Burr|81/100|[from] item: Life Orb
|move|p2a: Mimikyu|Substitute|p2a: Mimikyu
|-start|p2a: Mimikyu|Substitute
|-damage|p2a: Mimikyu|38/100
|
|upkeep
|turn|8
|inactive|Open666 has 120 seconds left.
|
|t:|1743783046
|move|p1a: Burr|Sludge Wave|p2a: Mimikyu
|-end|p2a: Mimikyu|Substitute
|-damage|p1a: Burr|71/100|[from] item: Life Orb
|move|p2a: Mimikyu|Swords Dance|p2a: Mimikyu
|-boost|p2a: Mimikyu|atk|2
|
|-sideend|p2: Open666|Reflect
|-fieldend|move: Trick Room
|upkeep
|turn|9
|inactive|Open666 has 120 seconds left.
|
|t:|1743783061
|switch|p1a: Chad|Azumarill, M|100/100
|move|p2a: Mimikyu|Play Rough|p1a: Chad
|-damage|p1a: Chad|21/100
|
|upkeep
|turn|10
|inactive|Open666 has 120 seconds left.
|
|t:|1743783073
|move|p1a: Chad|Aqua Jet|p2a: Mimikyu
|-damage|p2a: Mimikyu|0 fnt
|-damage|p1a: Chad|4/100|[from] item: Rocky Helmet|[of] p2a: Mimikyu
|faint|p2a: Mimikyu
|
|upkeep
|inactive|Open666 has 120 seconds left.
|
|t:|1743783088
|switch|p2a: Glimmora|Glimmora, F|100/100
|turn|11
|inactive|Open666 has 120 seconds left.
|
|t:|1743783096
|move|p1a: Chad|Aqua Jet|p2a: Glimmora
|-supereffective|p2a: Glimmora
|-damage|p2a: Glimmora|42/100
|-activate|p2a: Glimmora|ability: Toxic Debris
|-sidestart|p1: Dumbo1200|move: Toxic Spikes
|move|p2a: Glimmora|Meteor Beam||[still]
|-prepare|p2a: Glimmora|Meteor Beam
|-boost|p2a: Glimmora|spa|1
|-enditem|p2a: Glimmora|Power Herb
|-anim|p2a: Glimmora|Meteor Beam|p1a: Chad
|-crit|p1a: Chad
|-damage|p1a: Chad|0 fnt
|faint|p1a: Chad
|
|upkeep
|inactive|Dumbo1200 has 120 seconds left.
|
|t:|1743783138
|switch|p1a: Atonement|Rabsca, M|100/100
|turn|12
|inactive|Open666 has 120 seconds left.
|
|t:|1743783160
|move|p2a: Glimmora|Meteor Beam||[still]
|-prepare|p2a: Glimmora|Meteor Beam
|-boost|p2a: Glimmora|spa|1
|move|p1a: Atonement|Trick Room|p1a: Atonement
|-fieldstart|move: Trick Room|[of] p1a: Atonement
|
|upkeep
|turn|13
|inactive|Open666 has 120 seconds left.
|
|t:|1743783166
|move|p1a: Atonement|Revival Blessing|p1a: Atonement
|
|t:|1743783169
|-heal|p1: Chad|50/100|[from] move: Revival Blessing
|move|p2a: Glimmora|Meteor Beam|p1a: Atonement|[from] lockedmove
|-supereffective|p1a: Atonement
|-damage|p1a: Atonement|0 fnt
|faint|p1a: Atonement
|
|upkeep
|
|t:|1743783170
|switch|p1a: Chad|Azumarill, M|50/100
|-status|p1a: Chad|psn
|turn|14
|inactive|Open666 has 120 seconds left.
|
|t:|1743783194
|switch|p2a: Grimmsnarl|Grimmsnarl, M|47/100
|move|p1a: Chad|Liquidation|p2a: Grimmsnarl
|-damage|p2a: Grimmsnarl|0 fnt
|faint|p2a: Grimmsnarl
|
|-damage|p1a: Chad|38/100 psn|[from] psn
|upkeep
|inactive|Open666 has 120 seconds left.
|
|t:|1743783207
|switch|p2a: Gliscor|Gliscor, F|100/100
|turn|15
|inactive|Open666 has 120 seconds left.
|
|t:|1743783213
|switch|p1a: Village Crusher|Ursaluna, F|100/100
|-status|p1a: Village Crusher|psn
|move|p2a: Gliscor|Protect||[still]
|-fail|p2a: Gliscor
|
|-damage|p1a: Village Crusher|88/100 psn|[from] psn
|-status|p2a: Gliscor|tox|[from] item: Toxic Orb
|upkeep
|turn|16
|inactive|Open666 has 120 seconds left.
|
|t:|1743783241
|move|p1a: Village Crusher|Crunch|p2a: Gliscor
|-damage|p2a: Gliscor|60/100 tox
|move|p2a: Gliscor|Ice Fang|p1a: Village Crusher
|-supereffective|p1a: Village Crusher
|-damage|p1a: Village Crusher|67/100 psn
|
|-damage|p1a: Village Crusher|55/100 psn|[from] psn
|-heal|p2a: Gliscor|73/100 tox|[from] ability: Poison Heal
|-fieldend|move: Trick Room
|upkeep
|turn|17
|
|t:|1743783267
|move|p2a: Gliscor|Protect|p2a: Gliscor
|-singleturn|p2a: Gliscor|Protect
|move|p1a: Village Crusher|Facade|p2a: Gliscor
|-activate|p2a: Gliscor|move: Protect
|
|-heal|p2a: Gliscor|85/100 tox|[from] ability: Poison Heal
|-damage|p1a: Village Crusher|43/100 psn|[from] psn
|upkeep
|turn|18
|inactive|Open666 has 90 seconds left.
|
|t:|1743783284
|switch|p1a: Burr|Slowking-Galar, M|100/100
|-sideend|p1: Dumbo1200|move: Toxic Spikes|[of] p1a: Burr
|move|p2a: Gliscor|Ice Fang|p1a: Burr
|-damage|p1a: Burr|86/100
|
|-heal|p2a: Gliscor|98/100 tox|[from] ability: Poison Heal
|upkeep
|turn|19
|inactive|Open666 has 90 seconds left.
|
|t:|1743783295
|-terastallize|p1a: Burr|Water
|move|p2a: Gliscor|Earthquake|p1a: Burr
|-damage|p1a: Burr|49/100
|move|p1a: Burr|Trick Room|p1a: Burr
|-fieldstart|move: Trick Room|[of] p1a: Burr
|
|-heal|p2a: Gliscor|100/100 tox|[from] ability: Poison Heal
|upkeep
|turn|20
|
|t:|1743783305
|move|p1a: Burr|Ice Beam|p2a: Gliscor
|-supereffective|p2a: Gliscor
|-damage|p2a: Gliscor|0 fnt
|faint|p2a: Gliscor
|-damage|p1a: Burr|39/100|[from] item: Life Orb
|
|upkeep
|inactive|Open666 has 90 seconds left.
|
|t:|1743783330
|switch|p2a: Dragapult|Dragapult, F|100/100
|turn|21
|
|t:|1743783338
|move|p2a: Dragapult|Sucker Punch|p1a: Burr
|-damage|p1a: Burr|17/100
|move|p1a: Burr|Ice Beam|p2a: Dragapult
|-supereffective|p2a: Dragapult
|-enditem|p2a: Dragapult|Focus Sash
|-damage|p2a: Dragapult|1/100
|-damage|p1a: Burr|7/100|[from] item: Life Orb
|
|upkeep
|turn|22
|
|t:|1743783364
|switch|p1a: Shogun|Kingambit, F|100/100
|-activate|p1a: Shogun|ability: Supreme Overlord
|-start|p1a: Shogun|fallen3|[silent]
|move|p2a: Dragapult|Will-O-Wisp|p1a: Shogun
|-status|p1a: Shogun|brn
|
|-damage|p1a: Shogun|94/100 brn|[from] brn
|upkeep
|turn|23
|inactive|Open666 has 60 seconds left.
|
|t:|1743783390
|move|p1a: Shogun|Kowtow Cleave|p2a: Dragapult
|-supereffective|p2a: Dragapult
|-damage|p2a: Dragapult|0 fnt
|faint|p2a: Dragapult
|
|-damage|p1a: Shogun|88/100 brn|[from] brn
|-fieldend|move: Trick Room
|upkeep
|
|t:|1743783397
|switch|p2a: Glimmora|Glimmora, F|42/100
|turn|24
|
|t:|1743783417
|-terastallize|p2a: Glimmora|Rock
|move|p2a: Glimmora|Earth Power|p1a: Shogun
|-supereffective|p1a: Shogun
|-damage|p1a: Shogun|27/100 brn
|move|p1a: Shogun|Iron Head|p2a: Glimmora
|-supereffective|p2a: Glimmora
|-damage|p2a: Glimmora|0 fnt
|-activate|p2a: Glimmora|ability: Toxic Debris
|-sidestart|p1: Dumbo1200|move: Toxic Spikes
|faint|p2a: Glimmora
|
|win|Dumbo1200
|raw|Dumbo1200's rating: 1303 &rarr; <strong>1326</strong><br />(+23 for winning)
|raw|Open666's rating: 1354 &rarr; <strong>1331</strong><br />(-23 for losing)
|l|☆Dumbo1200
|player|p1|
|l|☆Open666
|player|p2|
