|j|☆devour the rich
|j|☆tytohbird
|t:|1743917010
|gametype|singles
|player|p1|devour the rich|parasollady-gen4|
|player|p2|tytohbird|hilbert|
|teamsize|p1|6
|teamsize|p2|6
|gen|9
|tier|[Gen 9] OU
|rule|HP Percentage Mod: HP is shown in percentages
|rule|Endless Battle Clause: Forcing endless battles is banned
|rule|Species Clause: Limit one of each Pokémon
|rule|OHKO Clause: OHKO moves are banned
|rule|Evasion Items Clause: Evasion items are banned
|rule|Evasion Moves Clause: Evasion moves are banned
|rule|Sleep Moves Clause: Sleep-inducing moves are banned
|clearpoke
|poke|p1|Rillaboom, F|
|poke|p1|Suicune|
|poke|p1|Garganacl, F|
|poke|p1|Raging Bolt|
|poke|p1|Great Tusk|
|poke|p1|Fezandipiti, M|
|poke|p2|Iron Valiant|
|poke|p2|Dragapult, F|
|poke|p2|Great Tusk|
|poke|p2|Kingambit, F|
|poke|p2|Slowking-Galar, M|
|poke|p2|Zapdos|
|teampreview
|inactive|Battle timer is ON: inactive players will automatically lose when time's up. (requested by tytohbird)
|
|t:|1743917035
|start
|switch|p1a: Tory Lanez|Suicune, shiny|100/100
|switch|p2a: Flying Battery|Zapdos|100/100
|-ability|p1a: Tory Lanez|Pressure
|turn|1
|
|t:|1743917047
|move|p1a: Tory Lanez|Protect|p1a: Tory Lanez
|-singleturn|p1a: Tory Lanez|Protect
|move|p2a: Flying Battery|Volt Switch|p1a: Tory Lanez
|-activate|p1a: Tory Lanez|move: Protect
|
|upkeep
|turn|2
|
|t:|1743917053
|switch|p1a: P Diddy|Garganacl, F|100/100
|move|p2a: Flying Battery|Discharge|p1a: P Diddy
|-damage|p1a: P Diddy|79/100
|
|-heal|p1a: P Diddy|85/100|[from] item: Leftovers
|upkeep
|turn|3
|
|t:|1743917059
|move|p2a: Flying Battery|Volt Switch|p1a: P Diddy
|-damage|p1a: P Diddy|66/100
|
|t:|1743917062
|switch|p2a: Supersonic|Slowking-Galar, M, shiny|100/100|[from] Volt Switch
|move|p1a: P Diddy|Salt Cure|p2a: Supersonic
|-damage|p2a: Supersonic|87/100
|-start|p2a: Supersonic|Salt Cure
|
|-heal|p1a: P Diddy|73/100|[from] item: Leftovers
|-damage|p2a: Supersonic|74/100|[from] Salt Cure
|upkeep
|turn|4
|
|t:|1743917074
|switch|p1a: Rod Wave|Great Tusk|100/100
|move|p2a: Supersonic|Future Sight|p1a: Rod Wave
|-start|p2a: Supersonic|move: Future Sight
|
|-damage|p2a: Supersonic|62/100|[from] Salt Cure
|upkeep
|turn|5
|
|t:|1743917080
|switch|p2a: Flying Battery|Zapdos|100/100
|move|p1a: Rod Wave|Stealth Rock|p2a: Flying Battery
|-sidestart|p2: tytohbird|move: Stealth Rock
|
|upkeep
|turn|6
|
|t:|1743917089
|-end|p1a: Rod Wave|Protosynthesis|[silent]
|switch|p1a: P Diddy|Garganacl, F|73/100
|move|p2a: Flying Battery|Volt Switch|p1a: P Diddy
|-damage|p1a: P Diddy|52/100
|
|t:|1743917093
|switch|p2a: Tankd|Great Tusk|100/100|[from] Volt Switch
|
|-end|p1a: P Diddy|move: Future Sight
|-damage|p1a: P Diddy|23/100
|-heal|p1a: P Diddy|29/100|[from] item: Leftovers
|upkeep
|turn|7
|
|t:|1743917102
|move|p2a: Tankd|Earthquake|p1a: P Diddy
|-supereffective|p1a: P Diddy
|-damage|p1a: P Diddy|0 fnt
|faint|p1a: P Diddy
|
|upkeep
|
|t:|1743917108
|switch|p1a: Tory Lanez|Suicune, shiny|100/100
|-ability|p1a: Tory Lanez|Pressure
|turn|8
|
|t:|1743917122
|-end|p2a: Tankd|Protosynthesis|[silent]
|switch|p2a: Stardust|Iron Valiant|100/100
|-damage|p2a: Stardust|94/100|[from] Stealth Rock
|-enditem|p2a: Stardust|Booster Energy
|-activate|p2a: Stardust|ability: Quark Drive|[fromitem]
|-start|p2a: Stardust|quarkdrivespe
|move|p1a: Tory Lanez|Scald|p2a: Stardust
|-damage|p2a: Stardust|43/100
|
|upkeep
|turn|9
|
|t:|1743917126
|move|p1a: Tory Lanez|Protect|p1a: Tory Lanez
|-singleturn|p1a: Tory Lanez|Protect
|move|p2a: Stardust|Knock Off|p1a: Tory Lanez
|-activate|p1a: Tory Lanez|move: Protect
|
|upkeep
|turn|10
|
|t:|1743917133
|switch|p1a: Metro Groomin|Rillaboom, F|100/100
|-fieldstart|move: Grassy Terrain|[from] ability: Grassy Surge|[of] p1a: Metro Groomin
|move|p2a: Stardust|Encore||[still]
|-fail|p2a: Stardust
|
|-heal|p2a: Stardust|49/100|[from] Grassy Terrain
|upkeep
|turn|11
|
|t:|1743917142
|-end|p2a: Stardust|Quark Drive|[silent]
|switch|p2a: Flying Battery|Zapdos|100/100
|move|p1a: Metro Groomin|U-turn|p2a: Flying Battery
|-resisted|p2a: Flying Battery
|-crit|p2a: Flying Battery
|-damage|p2a: Flying Battery|84/100
|
|t:|1743917150
|switch|p1a: Fezandripiti|Fezandipiti, M|100/100|[from] U-turn
|
|upkeep
|turn|12
|
|t:|1743917156
|move|p2a: Flying Battery|Volt Switch|p1a: Fezandripiti
|-damage|p1a: Fezandripiti|83/100
|
|t:|1743917165
|switch|p2a: Supersonic|Slowking-Galar, M, shiny|95/100|[from] Volt Switch
|-damage|p2a: Supersonic|82/100|[from] Stealth Rock
|move|p1a: Fezandripiti|U-turn|p2a: Supersonic
|-damage|p2a: Supersonic|68/100
|
|t:|1743917173
|switch|p1a: Rod Wave|Great Tusk|100/100|[from] U-turn
|
|-heal|p2a: Supersonic|74/100|[from] Grassy Terrain
|upkeep
|turn|13
|
|t:|1743917177
|switch|p2a: Flying Battery|Zapdos|84/100
|move|p1a: Rod Wave|Knock Off|p2a: Flying Battery
|-damage|p2a: Flying Battery|58/100
|-status|p1a: Rod Wave|par|[from] ability: Static|[of] p2a: Flying Battery
|-enditem|p2a: Flying Battery|Heavy-Duty Boots|[from] move: Knock Off|[of] p1a: Rod Wave
|
|upkeep
|turn|14
|
|t:|1743917185
|-end|p1a: Rod Wave|Protosynthesis|[silent]
|switch|p1a: Fezandripiti|Fezandipiti, M|83/100
|move|p2a: Flying Battery|Hurricane|p1a: Fezandripiti
|-damage|p1a: Fezandripiti|56/100
|
|-heal|p1a: Fezandripiti|62/100|[from] Grassy Terrain
|upkeep
|turn|15
|
|t:|1743917193
|move|p2a: Flying Battery|Roost|p2a: Flying Battery
|-heal|p2a: Flying Battery|100/100
|-singleturn|p2a: Flying Battery|move: Roost
|move|p1a: Fezandripiti|Roost|p1a: Fezandripiti
|-heal|p1a: Fezandripiti|100/100
|-singleturn|p1a: Fezandripiti|move: Roost
|
|upkeep
|turn|16
|
|t:|1743917204
|move|p2a: Flying Battery|Discharge|p1a: Fezandripiti
|-damage|p1a: Fezandripiti|82/100
|move|p1a: Fezandripiti|U-turn|p2a: Flying Battery
|-resisted|p2a: Flying Battery
|-damage|p2a: Flying Battery|95/100
|-status|p2a: Flying Battery|tox|[from] ability: Toxic Chain|[of] p1a: Fezandripiti
|
|t:|1743917211
|switch|p1a: Tory Lanez|Suicune, shiny|100/100|[from] U-turn
|-ability|p1a: Tory Lanez|Pressure
|
|-damage|p2a: Flying Battery|88/100 tox|[from] psn
|upkeep
|turn|17
|
|t:|1743917233
|switch|p2a: Stardust|Iron Valiant|49/100
|-damage|p2a: Stardust|43/100|[from] Stealth Rock
|move|p1a: Tory Lanez|Mirror Coat||[still]
|-fail|p1a: Tory Lanez
|
|-heal|p2a: Stardust|49/100|[from] Grassy Terrain
|-fieldend|move: Grassy Terrain
|upkeep
|turn|18
|
|t:|1743917240
|switch|p1a: Metro Groomin|Rillaboom, F|100/100
|-fieldstart|move: Grassy Terrain|[from] ability: Grassy Surge|[of] p1a: Metro Groomin
|move|p2a: Stardust|Knock Off|p1a: Metro Groomin
|-damage|p1a: Metro Groomin|77/100
|-enditem|p1a: Metro Groomin|Terrain Extender|[from] move: Knock Off|[of] p2a: Stardust
|
|-heal|p2a: Stardust|56/100|[from] Grassy Terrain
|-heal|p1a: Metro Groomin|83/100|[from] Grassy Terrain
|upkeep
|turn|19
|
|t:|1743917246
|-end|p2a: Stardust|Quark Drive|[silent]
|switch|p2a: Final Zone|Kingambit, F|100/100
|-damage|p2a: Final Zone|94/100|[from] Stealth Rock
|move|p1a: Metro Groomin|Swords Dance|p1a: Metro Groomin
|-boost|p1a: Metro Groomin|atk|2
|
|-heal|p1a: Metro Groomin|89/100|[from] Grassy Terrain
|-heal|p2a: Final Zone|100/100|[from] Grassy Terrain
|upkeep
|turn|20
|
|t:|1743917254
|-end|p2a: Final Zone|fallenundefined|[silent]
|switch|p2a: Flying Battery|Zapdos|88/100 tox
|-damage|p2a: Flying Battery|63/100 tox|[from] Stealth Rock
|move|p1a: Metro Groomin|U-turn|p2a: Flying Battery
|-resisted|p2a: Flying Battery
|-damage|p2a: Flying Battery|38/100 tox
|
|t:|1743917270
|switch|p1a: Tory Lanez|Suicune, shiny|100/100|[from] U-turn
|-ability|p1a: Tory Lanez|Pressure
|
|-damage|p2a: Flying Battery|32/100 tox|[from] psn
|upkeep
|turn|21
|
|t:|1743917273
|move|p2a: Flying Battery|Roost|p2a: Flying Battery
|-heal|p2a: Flying Battery|82/100 tox
|-singleturn|p2a: Flying Battery|move: Roost
|move|p1a: Tory Lanez|Calm Mind|p1a: Tory Lanez
|-boost|p1a: Tory Lanez|spa|1
|-boost|p1a: Tory Lanez|spd|1
|
|-heal|p2a: Flying Battery|88/100 tox|[from] Grassy Terrain
|-damage|p2a: Flying Battery|75/100 tox|[from] psn
|upkeep
|turn|22
|
|t:|1743917277
|move|p1a: Tory Lanez|Protect|p1a: Tory Lanez
|-singleturn|p1a: Tory Lanez|Protect
|move|p2a: Flying Battery|Volt Switch|p1a: Tory Lanez
|-activate|p1a: Tory Lanez|move: Protect
|
|-damage|p2a: Flying Battery|57/100 tox|[from] psn
|upkeep
|turn|23
|
|t:|1743917284
|move|p2a: Flying Battery|Volt Switch|p1a: Tory Lanez
|-supereffective|p1a: Tory Lanez
|-damage|p1a: Tory Lanez|73/100
|
|t:|1743917287
|switch|p2a: Supersonic|Slowking-Galar, M, shiny|100/100|[from] Volt Switch
|-damage|p2a: Supersonic|88/100|[from] Stealth Rock
|move|p1a: Tory Lanez|Calm Mind|p1a: Tory Lanez
|-boost|p1a: Tory Lanez|spa|1
|-boost|p1a: Tory Lanez|spd|1
|
|-heal|p1a: Tory Lanez|79/100|[from] Grassy Terrain
|-heal|p1a: Tory Lanez|86/100|[from] item: Leftovers
|-heal|p2a: Supersonic|94/100|[from] Grassy Terrain
|upkeep
|turn|24
|
|t:|1743917292
|move|p1a: Tory Lanez|Protect|p1a: Tory Lanez
|-singleturn|p1a: Tory Lanez|Protect
|move|p2a: Supersonic|Sludge Bomb|p1a: Tory Lanez
|-activate|p1a: Tory Lanez|move: Protect
|
|-heal|p1a: Tory Lanez|92/100|[from] Grassy Terrain
|-heal|p1a: Tory Lanez|98/100|[from] item: Leftovers
|-heal|p2a: Supersonic|99/100|[from] Grassy Terrain
|upkeep
|turn|25
|
|t:|1743917299
|switch|p2a: Stardust|Iron Valiant|56/100
|-damage|p2a: Stardust|49/100|[from] Stealth Rock
|-terastallize|p1a: Tory Lanez|Poison
|move|p1a: Tory Lanez|Scald|p2a: Stardust
|-damage|p2a: Stardust|0 fnt
|faint|p2a: Stardust
|-end|p2a: Stardust|Quark Drive|[silent]
|
|-heal|p1a: Tory Lanez|100/100|[from] Grassy Terrain
|-fieldend|move: Grassy Terrain
|upkeep
|
|t:|1743917307
|switch|p2a: Tankd|Great Tusk|100/100
|turn|26
|
|t:|1743917310
|-terastallize|p2a: Tankd|Water
|move|p2a: Tankd|Rapid Spin|p1a: Tory Lanez
|-damage|p1a: Tory Lanez|92/100
|-boost|p2a: Tankd|spe|1
|-sideend|p2: tytohbird|Stealth Rock|[from] move: Rapid Spin|[of] p2a: Tankd
|move|p1a: Tory Lanez|Scald|p2a: Tankd
|-resisted|p2a: Tankd
|-damage|p2a: Tankd|70/100
|
|-heal|p1a: Tory Lanez|98/100|[from] item: Leftovers
|upkeep
|turn|27
|
|t:|1743917316
|move|p2a: Tankd|Stealth Rock|p1a: Tory Lanez
|-sidestart|p1: devour the rich|move: Stealth Rock
|move|p1a: Tory Lanez|Scald|p2a: Tankd
|-resisted|p2a: Tankd
|-damage|p2a: Tankd|36/100
|-status|p2a: Tankd|brn
|
|-heal|p1a: Tory Lanez|100/100|[from] item: Leftovers
|-damage|p2a: Tankd|30/100 brn|[from] brn
|upkeep
|turn|28
|
|t:|1743917319
|move|p1a: Tory Lanez|Protect|p1a: Tory Lanez
|-singleturn|p1a: Tory Lanez|Protect
|move|p2a: Tankd|Earthquake|p1a: Tory Lanez
|-activate|p1a: Tory Lanez|move: Protect
|
|-damage|p2a: Tankd|23/100 brn|[from] brn
|upkeep
|turn|29
|
|t:|1743917325
|move|p2a: Tankd|Earthquake|p1a: Tory Lanez
|-supereffective|p1a: Tory Lanez
|-damage|p1a: Tory Lanez|76/100
|move|p1a: Tory Lanez|Scald|p2a: Tankd
|-resisted|p2a: Tankd
|-damage|p2a: Tankd|0 fnt
|faint|p2a: Tankd
|-end|p2a: Tankd|Protosynthesis|[silent]
|
|-heal|p1a: Tory Lanez|82/100|[from] item: Leftovers
|upkeep
|
|t:|1743917329
|switch|p2a: Final Zone|Kingambit, F|100/100
|-activate|p2a: Final Zone|ability: Supreme Overlord
|-start|p2a: Final Zone|fallen2|[silent]
|turn|30
|
|t:|1743917333
|move|p1a: Tory Lanez|Scald|p2a: Final Zone
|-damage|p2a: Final Zone|48/100
|move|p2a: Final Zone|Swords Dance|p2a: Final Zone
|-boost|p2a: Final Zone|atk|2
|
|-heal|p1a: Tory Lanez|88/100|[from] item: Leftovers
|-heal|p2a: Final Zone|54/100|[from] item: Leftovers
|upkeep
|turn|31
|
|t:|1743917337
|move|p1a: Tory Lanez|Scald|p2a: Final Zone
|-damage|p2a: Final Zone|0 fnt
|faint|p2a: Final Zone
|-end|p2a: Final Zone|fallen2|[silent]
|
|-heal|p1a: Tory Lanez|95/100|[from] item: Leftovers
|upkeep
|-message|tytohbird forfeited.
|
|win|devour the rich
|l|☆tytohbird
|player|p2|
