|j|☆are you jesus?
|j|☆lyhg
|t:|1743826106
|gametype|singles
|player|p1|are you jesus?|artist|1087
|player|p2|lyhg|dawn|1081
|teamsize|p1|6
|teamsize|p2|6
|gen|9
|tier|[Gen 9] OU
|rated|
|rule|HP Percentage Mod: HP is shown in percentages
|rule|Endless Battle Clause: Forcing endless battles is banned
|rule|Species Clause: Limit one of each Pokémon
|rule|OHKO Clause: OHKO moves are banned
|rule|Evasion Items Clause: Evasion items are banned
|rule|Evasion Moves Clause: Evasion moves are banned
|rule|Sleep Moves Clause: Sleep-inducing moves are banned
|clearpoke
|poke|p1|Clodsire, M|
|poke|p1|Avalugg, M|
|poke|p1|Heracross, M|
|poke|p1|Chandelure, M|
|poke|p1|Greninja-*, M|
|poke|p1|Enamorus, F|
|poke|p2|Ting-Lu|
|poke|p2|Glimmora, M|
|poke|p2|Dragonite, F|
|poke|p2|Alomomola, F|
|poke|p2|Kingambit, M|
|poke|p2|Gliscor, M|
|teampreview
|c|☆are you jesus?|hi
|
|t:|1743826117
|start
|switch|p1a: Avalugg|Avalugg, M|100/100
|switch|p2a: Glimmora|Glimmora, M, shiny|100/100
|turn|1
|
|t:|1743826130
|switch|p1a: Clodsire|Clodsire, M|100/100
|move|p2a: Glimmora|Toxic Spikes|p1a: Clodsire
|-sidestart|p1: are you jesus?|move: Toxic Spikes
|
|upkeep
|turn|2
|
|t:|1743826138
|move|p2a: Glimmora|Toxic Spikes|p1a: Clodsire
|-sidestart|p1: are you jesus?|move: Toxic Spikes
|move|p1a: Clodsire|Earthquake|p2a: Glimmora
|-supereffective|p2a: Glimmora
|-enditem|p2a: Glimmora|Focus Sash
|-damage|p2a: Glimmora|1/100
|
|upkeep
|turn|3
|
|t:|1743826147
|move|p2a: Glimmora|Power Gem|p1a: Clodsire
|-resisted|p1a: Clodsire
|-damage|p1a: Clodsire|90/100
|move|p1a: Clodsire|Stealth Rock|p2a: Glimmora
|-sidestart|p2: lyhg|move: Stealth Rock
|
|-heal|p1a: Clodsire|96/100|[from] item: Leftovers
|upkeep
|turn|4
|
|t:|1743826150
|move|p2a: Glimmora|Spikes|p1a: Clodsire
|-sidestart|p1: are you jesus?|Spikes
|move|p1a: Clodsire|Earthquake|p2a: Glimmora
|-supereffective|p2a: Glimmora
|-crit|p2a: Glimmora
|-damage|p2a: Glimmora|0 fnt
|faint|p2a: Glimmora
|
|-heal|p1a: Clodsire|100/100|[from] item: Leftovers
|upkeep
|
|t:|1743826159
|switch|p2a: Gliscor|Gliscor, M, shiny|100/100
|-damage|p2a: Gliscor|88/100|[from] Stealth Rock
|turn|5
|
|t:|1743826164
|switch|p1a: Avalugg|Avalugg, M|100/100
|move|p2a: Gliscor|Swords Dance|p2a: Gliscor
|-boost|p2a: Gliscor|atk|2
|
|-status|p2a: Gliscor|tox|[from] item: Toxic Orb
|upkeep
|turn|6
|
|t:|1743826172
|move|p2a: Gliscor|Earthquake|p1a: Avalugg
|-damage|p1a: Avalugg|64/100
|move|p1a: Avalugg|Rapid Spin|p2a: Gliscor
|-damage|p2a: Gliscor|77/100 tox
|-boost|p1a: Avalugg|spe|1
|-sideend|p1: are you jesus?|Spikes|[from] move: Rapid Spin|[of] p1a: Avalugg
|-sideend|p1: are you jesus?|Toxic Spikes|[from] move: Rapid Spin|[of] p1a: Avalugg
|
|-heal|p2a: Gliscor|89/100 tox|[from] ability: Poison Heal
|upkeep
|turn|7
|
|t:|1743826180
|move|p2a: Gliscor|Earthquake|p1a: Avalugg
|-crit|p1a: Avalugg
|-damage|p1a: Avalugg|10/100
|move|p1a: Avalugg|Icicle Crash|p2a: Gliscor
|-supereffective|p2a: Gliscor
|-damage|p2a: Gliscor|0 fnt
|faint|p2a: Gliscor
|
|upkeep
|
|t:|1743826185
|switch|p2a: Dragonite|Dragonite, F, shiny|100/100
|turn|8
|
|t:|1743826189
|-terastallize|p2a: Dragonite|Normal
|move|p2a: Dragonite|Extreme Speed|p1a: Avalugg
|-damage|p1a: Avalugg|0 fnt
|faint|p1a: Avalugg
|
|upkeep
|
|t:|1743826193
|switch|p1a: Enamorus|Enamorus, F|100/100
|turn|9
|
|t:|1743826198
|move|p2a: Dragonite|Extreme Speed|p1a: Enamorus
|-damage|p1a: Enamorus|30/100
|move|p1a: Enamorus|Superpower|p2a: Dragonite
|-supereffective|p2a: Dragonite
|-damage|p2a: Dragonite|63/100
|-boost|p1a: Enamorus|atk|1
|-boost|p1a: Enamorus|def|1
|
|upkeep
|turn|10
|
|t:|1743826215
|move|p2a: Dragonite|Extreme Speed|p1a: Enamorus
|-damage|p1a: Enamorus|0 fnt
|faint|p1a: Enamorus
|
|upkeep
|
|t:|1743826222
|switch|p1a: Heracross|Heracross, M|100/100
|turn|11
|
|t:|1743826227
|-terastallize|p1a: Heracross|Rock
|move|p2a: Dragonite|Extreme Speed|p1a: Heracross
|-resisted|p1a: Heracross
|-damage|p1a: Heracross|66/100
|move|p1a: Heracross|Trailblaze|p2a: Dragonite
|-damage|p2a: Dragonite|48/100
|-boost|p1a: Heracross|spe|1
|
|upkeep
|turn|12
|
|t:|1743826242
|move|p1a: Heracross|Pin Missile|p2a: Dragonite
|-damage|p2a: Dragonite|37/100
|-damage|p2a: Dragonite|24/100
|-damage|p2a: Dragonite|12/100
|-damage|p2a: Dragonite|0 fnt
|faint|p2a: Dragonite
|-ability|p1a: Heracross|Moxie|boost
|-boost|p1a: Heracross|atk|1
|-hitcount|p2: Dragonite|4
|
|upkeep
|
|t:|1743826247
|switch|p2a: Alomomola|Alomomola, F, shiny|100/100
|-damage|p2a: Alomomola|88/100|[from] Stealth Rock
|turn|13
|
|t:|1743826259
|switch|p1a: Clodsire|Clodsire, M|100/100
|move|p2a: Alomomola|Aqua Jet|p1a: Clodsire
|-immune|p1a: Clodsire|[from] ability: Water Absorb
|
|-heal|p2a: Alomomola|94/100|[from] item: Leftovers
|upkeep
|turn|14
|
|t:|1743826266
|move|p2a: Alomomola|Flip Turn|p1a: Clodsire
|-immune|p1a: Clodsire|[from] ability: Water Absorb
|move|p1a: Clodsire|Spikes|p2a: Alomomola
|-sidestart|p2: lyhg|Spikes
|
|-heal|p2a: Alomomola|100/100|[from] item: Leftovers
|upkeep
|turn|15
|
|t:|1743826282
|switch|p2a: Ting-Lu|Ting-Lu|100/100
|-damage|p2a: Ting-Lu|94/100|[from] Stealth Rock
|-ability|p2a: Ting-Lu|Vessel of Ruin
|-item|p2a: Ting-Lu|Air Balloon
|move|p1a: Clodsire|Spikes|p2a: Ting-Lu
|-sidestart|p2: lyhg|Spikes
|
|upkeep
|turn|16
|
|t:|1743826290
|switch|p1a: Greninja|Greninja, M|100/100
|move|p2a: Ting-Lu|Earthquake|p1a: Greninja
|-damage|p1a: Greninja|34/100
|
|upkeep
|turn|17
|
|t:|1743826295
|switch|p2a: Alomomola|Alomomola, F, shiny|100/100
|-damage|p2a: Alomomola|88/100|[from] Stealth Rock
|-damage|p2a: Alomomola|71/100|[from] Spikes
|move|p1a: Greninja|Surf|p2a: Alomomola
|-resisted|p2a: Alomomola
|-damage|p2a: Alomomola|54/100
|-damage|p1a: Greninja|24/100|[from] item: Life Orb
|
|-heal|p2a: Alomomola|60/100|[from] item: Leftovers
|upkeep
|turn|18
|
|t:|1743826300
|move|p1a: Greninja|Dark Pulse|p2a: Alomomola
|-damage|p2a: Alomomola|27/100
|-damage|p1a: Greninja|15/100|[from] item: Life Orb
|cant|p2a: Alomomola|flinch
|
|-heal|p2a: Alomomola|33/100|[from] item: Leftovers
|upkeep
|turn|19
|
|t:|1743826308
|move|p1a: Greninja|Dark Pulse|p2a: Alomomola
|-damage|p2a: Alomomola|0 fnt
|faint|p2a: Alomomola
|-ability|p1a: Greninja|Battle Bond|boost
|-boost|p1a: Greninja|atk|1
|-boost|p1a: Greninja|spa|1
|-boost|p1a: Greninja|spe|1
|-activate|p1a: Greninja|ability: Battle Bond
|-damage|p1a: Greninja|5/100|[from] item: Life Orb
|
|upkeep
|
|t:|1743826313
|switch|p2a: Ting-Lu|Ting-Lu|94/100
|-damage|p2a: Ting-Lu|88/100|[from] Stealth Rock
|-ability|p2a: Ting-Lu|Vessel of Ruin
|-item|p2a: Ting-Lu|Air Balloon
|turn|20
|
|t:|1743826320
|move|p1a: Greninja|Surf|p2a: Ting-Lu
|-supereffective|p2a: Ting-Lu
|-damage|p2a: Ting-Lu|1/100
|-enditem|p2a: Ting-Lu|Air Balloon
|-damage|p1a: Greninja|0 fnt|[from] item: Life Orb
|faint|p1a: Greninja
|move|p2a: Ting-Lu|Earthquake|p1: Greninja|[notarget]
|-fail|p2a: Ting-Lu
|
|upkeep
|
|t:|1743826324
|switch|p1a: Heracross|Heracross, M, tera:Rock|66/100
|turn|21
|
|t:|1743826328
|move|p1a: Heracross|Trailblaze|p2a: Ting-Lu
|-supereffective|p2a: Ting-Lu
|-damage|p2a: Ting-Lu|0 fnt
|-boost|p1a: Heracross|spe|1
|faint|p2a: Ting-Lu
|-ability|p1a: Heracross|Moxie|boost
|-boost|p1a: Heracross|atk|1
|
|upkeep
|
|t:|1743826330
|switch|p2a: Kingambit|Kingambit, M, shiny|100/100
|-damage|p2a: Kingambit|94/100|[from] Stealth Rock
|-damage|p2a: Kingambit|78/100|[from] Spikes
|-activate|p2a: Kingambit|ability: Supreme Overlord
|-start|p2a: Kingambit|fallen5|[silent]
|turn|22
|
|t:|1743826336
|move|p2a: Kingambit|Sucker Punch|p1a: Heracross
|-damage|p1a: Heracross|0 fnt
|faint|p1a: Heracross
|
|upkeep
|
|t:|1743826340
|switch|p1a: Clodsire|Clodsire, M|100/100
|turn|23
|
|t:|1743826345
|move|p2a: Kingambit|Kowtow Cleave|p1a: Clodsire
|-damage|p1a: Clodsire|9/100
|move|p1a: Clodsire|Earthquake|p2a: Kingambit
|-supereffective|p2a: Kingambit
|-damage|p2a: Kingambit|42/100
|
|-heal|p1a: Clodsire|15/100|[from] item: Leftovers
|upkeep
|turn|24
|
|t:|1743826353
|move|p2a: Kingambit|Kowtow Cleave|p1a: Clodsire
|-damage|p1a: Clodsire|0 fnt
|faint|p1a: Clodsire
|
|upkeep
|
|t:|1743826355
|switch|p1a: Chandelure|Chandelure, M|100/100
|turn|25
|
|t:|1743826358
|move|p2a: Kingambit|Sucker Punch|p1a: Chandelure
|-supereffective|p1a: Chandelure
|-damage|p1a: Chandelure|0 fnt
|faint|p1a: Chandelure
|
|win|lyhg
|raw|are you jesus?'s rating: 1087 &rarr; <strong>1064</strong><br />(-23 for losing)
|raw|lyhg's rating: 1081 &rarr; <strong>1109</strong><br />(+28 for winning)
|l|☆are you jesus?
|player|p1|
|l|☆lyhg
|player|p2|
