|j|☆Elainads
|j|☆esoup
|t:|1743919404
|gametype|singles
|player|p1|Elainads|dawn|1185
|player|p2|esoup|winona|1137
|teamsize|p1|6
|teamsize|p2|6
|gen|9
|tier|[Gen 9] OU
|rated|
|rule|HP Percentage Mod: HP is shown in percentages
|rule|Endless Battle Clause: Forcing endless battles is banned
|rule|Species Clause: Limit one of each Pokémon
|rule|OHKO Clause: OHKO moves are banned
|rule|Evasion Items Clause: Evasion items are banned
|rule|Evasion Moves Clause: Evasion moves are banned
|rule|Sleep Moves Clause: Sleep-inducing moves are banned
|clearpoke
|poke|p1|Alomomola, M|
|poke|p1|Comfey, M|
|poke|p1|Samurott-Hisui, F|
|poke|p1|Zapdos|
|poke|p1|Iron Moth|
|poke|p1|Landorus-Therian, M|
|poke|p2|Alomomola, F|
|poke|p2|Hatterene, F|
|poke|p2|Gliscor, M|
|poke|p2|Amoonguss, F|
|poke|p2|Breloom, M|
|poke|p2|Tinkaton, F|
|teampreview
|
|t:|1743919415
|start
|switch|p1a: Samurott|Samurott-Hisui, F, shiny|100/100
|switch|p2a: Amoonguss|Amoonguss, F|100/100
|turn|1
|
|t:|1743919430
|move|p1a: Samurott|Ceaseless Edge|p2a: Amoonguss
|-damage|p2a: Amoonguss|69/100
|-sidestart|p2: esoup|Spikes
|move|p2a: Amoonguss|Toxic|p1a: Samurott
|-status|p1a: Samurott|tox
|
|-damage|p1a: Samurott|94/100 tox|[from] psn
|upkeep
|turn|2
|
|t:|1743919438
|move|p1a: Samurott|Ceaseless Edge|p2a: Amoonguss
|-damage|p2a: Amoonguss|35/100
|-sidestart|p2: esoup|Spikes
|move|p2a: Amoonguss|Synthesis|p2a: Amoonguss
|-heal|p2a: Amoonguss|85/100
|
|-damage|p1a: Samurott|82/100 tox|[from] psn
|upkeep
|turn|3
|
|t:|1743919446
|move|p1a: Samurott|Ceaseless Edge|p2a: Amoonguss
|-damage|p2a: Amoonguss|52/100
|-sidestart|p2: esoup|Spikes
|move|p2a: Amoonguss|Synthesis|p2a: Amoonguss
|-heal|p2a: Amoonguss|100/100
|
|-damage|p1a: Samurott|63/100 tox|[from] psn
|upkeep
|turn|4
|
|t:|1743919457
|switch|p1a: Iron Moth|Iron Moth|100/100
|-enditem|p1a: Iron Moth|Booster Energy
|-activate|p1a: Iron Moth|ability: Quark Drive|[fromitem]
|-start|p1a: Iron Moth|quarkdrivespe
|move|p2a: Amoonguss|Toxic|p1a: Iron Moth
|-immune|p1a: Iron Moth
|
|upkeep
|turn|5
|inactive|Battle timer is ON: inactive players will automatically lose when time's up. (requested by Elainads)
|inactive|esoup has 120 seconds left.
|
|t:|1743919542
|switch|p2a: Alomomola|Alomomola, F|100/100
|-damage|p2a: Alomomola|75/100|[from] Spikes
|move|p1a: Iron Moth|Fiery Dance|p2a: Alomomola
|-resisted|p2a: Alomomola
|-damage|p2a: Alomomola|65/100
|-boost|p1a: Iron Moth|spa|1
|
|upkeep
|turn|6
|
|t:|1743919555
|move|p1a: Iron Moth|Sludge Wave|p2a: Alomomola
|-damage|p2a: Alomomola|25/100
|move|p2a: Alomomola|Flip Turn|p1a: Iron Moth
|-supereffective|p1a: Iron Moth
|-damage|p1a: Iron Moth|48/100
|
|t:|1743919569
|switch|p2a: Gliscor|Gliscor, M|100/100|[from] Flip Turn
|
|-status|p2a: Gliscor|tox|[from] item: Toxic Orb
|upkeep
|turn|7
|
|t:|1743919586
|move|p1a: Iron Moth|Fiery Dance|p2a: Gliscor
|-damage|p2a: Gliscor|52/100 tox
|-boost|p1a: Iron Moth|spa|1
|move|p2a: Gliscor|Facade|p1a: Iron Moth
|-damage|p1a: Iron Moth|0 fnt
|faint|p1a: Iron Moth
|-end|p1a: Iron Moth|Quark Drive|[silent]
|
|-heal|p2a: Gliscor|65/100 tox|[from] ability: Poison Heal
|upkeep
|
|t:|1743919599
|switch|p1a: Samurott|Samurott-Hisui, F, shiny|63/100 tox
|turn|8
|
|t:|1743919628
|move|p1a: Samurott|Razor Shell|p2a: Gliscor
|-supereffective|p2a: Gliscor
|-damage|p2a: Gliscor|0 fnt
|faint|p2a: Gliscor
|
|-damage|p1a: Samurott|57/100 tox|[from] psn
|upkeep
|
|t:|1743919633
|switch|p2a: Breloom|Breloom, M|100/100
|-damage|p2a: Breloom|76/100|[from] Spikes
|turn|9
|
|t:|1743919658
|-terastallize|p1a: Samurott|Fighting
|move|p1a: Samurott|Sacred Sword|p2a: Breloom
|-damage|p2a: Breloom|0 fnt
|faint|p2a: Breloom
|
|-damage|p1a: Samurott|45/100 tox|[from] psn
|upkeep
|
|t:|1743919674
|switch|p2a: Amoonguss|Amoonguss, F|100/100
|turn|10
|
|t:|1743919682
|switch|p1a: Zapdos|Zapdos|100/100
|move|p2a: Amoonguss|Toxic|p1a: Zapdos
|-status|p1a: Zapdos|tox
|
|-damage|p1a: Zapdos|94/100 tox|[from] psn
|upkeep
|turn|11
|
|t:|1743919689
|move|p1a: Zapdos|Hurricane|p2a: Amoonguss
|-supereffective|p2a: Amoonguss
|-damage|p2a: Amoonguss|0 fnt
|faint|p2a: Amoonguss
|
|-damage|p1a: Zapdos|82/100 tox|[from] psn
|upkeep
|
|t:|1743919693
|switch|p2a: Alomomola|Alomomola, F|59/100
|-damage|p2a: Alomomola|34/100|[from] Spikes
|turn|12
|-message|esoup forfeited.
|
|win|Elainads
|raw|Elainads's rating: 1185 &rarr; <strong>1207</strong><br />(+22 for winning)
|raw|esoup's rating: 1137 &rarr; <strong>1115</strong><br />(-22 for losing)
|l|☆esoup
|player|p2|
|l|☆Elainads
|player|p1|
