|j|☆WonderGuardWill
|j|☆raichu a luv songg
|t:|1743889809
|gametype|singles
|player|p1|WonderGuardWill|dancer|1344
|player|p2|raichu a luv songg|170|1353
|teamsize|p1|6
|teamsize|p2|6
|gen|9
|tier|[Gen 9] OU
|rated|
|rule|HP Percentage Mod: HP is shown in percentages
|rule|Endless Battle Clause: Forcing endless battles is banned
|rule|Species Clause: Limit one of each Pokémon
|rule|OHKO Clause: OHKO moves are banned
|rule|Evasion Items Clause: Evasion items are banned
|rule|Evasion Moves Clause: Evasion moves are banned
|rule|Sleep Moves Clause: Sleep-inducing moves are banned
|clearpoke
|poke|p1|Darkrai|
|poke|p1|Garganacl, F|
|poke|p1|Espeon, F|
|poke|p1|Clodsire, M|
|poke|p1|Heatran, F|
|poke|p1|Gholdengo|
|poke|p2|Incineroar, F|
|poke|p2|Alomomola, M|
|poke|p2|Zamazenta-*|
|poke|p2|Gliscor, M|
|poke|p2|Corviknight, F|
|poke|p2|Primarina, M|
|teampreview
|
|t:|1743889834
|start
|switch|p1a: Garganacl|Garganacl, F|100/100
|switch|p2a: Gliscor|Gliscor, M|100/100
|turn|1
|
|t:|1743889838
|switch|p1a: Espeon|Espeon, F|100/100
|move|p2a: Gliscor|Stealth Rock|p1a: Espeon
|move|p1a: Espeon|Stealth Rock|p2a: Gliscor|[from] ability: Magic Bounce
|-sidestart|p2: raichu a luv songg|move: Stealth Rock
|
|-status|p2a: Gliscor|tox|[from] item: Toxic Orb
|upkeep
|turn|2
|
|t:|1743889846
|move|p1a: Espeon|Trick|p2a: Gliscor
|-activate|p1a: Espeon|move: Trick|[of] p2a: Gliscor
|-item|p2a: Gliscor|Choice Scarf|[from] move: Trick
|-item|p1a: Espeon|Toxic Orb|[from] move: Trick
|move|p2a: Gliscor|Earthquake|p1a: Espeon
|-damage|p1a: Espeon|34/100
|
|-status|p1a: Espeon|tox|[from] item: Toxic Orb
|upkeep
|turn|3
|
|t:|1743889853
|switch|p1a: Heatran|Heatran, F|100/100
|-item|p1a: Heatran|Air Balloon
|move|p2a: Gliscor|Earthquake|p1a: Heatran
|-immune|p1a: Heatran
|
|upkeep
|turn|4
|
|t:|1743889857
|switch|p2a: Alomomola|Alomomola, M|100/100
|move|p1a: Heatran|Magma Storm|p2a: Alomomola
|-resisted|p2a: Alomomola
|-damage|p2a: Alomomola|73/100
|-activate|p2a: Alomomola|move: Magma Storm|[of] p1a: Heatran
|
|-damage|p2a: Alomomola|60/100|[from] move: Magma Storm|[partiallytrapped]
|upkeep
|turn|5
|
|t:|1743889862
|switch|p1a: Clodsire|Clodsire, M|100/100
|move|p2a: Alomomola|Flip Turn|p1a: Clodsire
|-immune|p1a: Clodsire|[from] ability: Water Absorb
|
|-end|p2a: Alomomola|Magma Storm|[partiallytrapped]|[silent]
|upkeep
|turn|6
|
|t:|1743889890
|switch|p2a: Incineroar|Incineroar, F|100/100
|-ability|p2a: Incineroar|Intimidate|boost
|-unboost|p1a: Clodsire|atk|1
|move|p1a: Clodsire|Toxic Spikes|p2a: Incineroar
|-sidestart|p2: raichu a luv songg|move: Toxic Spikes
|
|upkeep
|turn|7
|
|t:|1743889895
|switch|p1a: Espeon|Espeon, F|34/100 tox
|move|p2a: Incineroar|Knock Off|p1a: Espeon
|-supereffective|p1a: Espeon
|-damage|p1a: Espeon|0 fnt
|-enditem|p1a: Espeon|Toxic Orb|[from] move: Knock Off|[of] p2a: Incineroar
|faint|p1a: Espeon
|
|upkeep
|
|t:|1743889900
|switch|p1a: Garganacl|Garganacl, F|100/100
|turn|8
|
|t:|1743889910
|move|p2a: Incineroar|Knock Off|p1a: Garganacl
|-damage|p1a: Garganacl|80/100
|-enditem|p1a: Garganacl|Leftovers|[from] move: Knock Off|[of] p2a: Incineroar
|move|p1a: Garganacl|Salt Cure|p2a: Incineroar
|-supereffective|p2a: Incineroar
|-damage|p2a: Incineroar|76/100
|-start|p2a: Incineroar|Salt Cure
|
|-damage|p2a: Incineroar|63/100|[from] Salt Cure
|upkeep
|turn|9
|
|t:|1743889919
|move|p1a: Garganacl|Protect|p1a: Garganacl
|-singleturn|p1a: Garganacl|Protect
|move|p2a: Incineroar|Parting Shot|p1a: Garganacl
|-activate|p1a: Garganacl|move: Protect
|
|-damage|p2a: Incineroar|51/100|[from] Salt Cure
|upkeep
|turn|10
|
|t:|1743889929
|move|p2a: Incineroar|Parting Shot|p1a: Garganacl
|-unboost|p1a: Garganacl|atk|1
|-unboost|p1a: Garganacl|spa|1
|
|t:|1743889933
|switch|p2a: Gliscor|Gliscor, M|100/100 tox|[from] Parting Shot
|-damage|p2a: Gliscor|88/100 tox|[from] Stealth Rock
|move|p1a: Garganacl|Salt Cure|p2a: Gliscor
|-damage|p2a: Gliscor|81/100 tox
|-start|p2a: Gliscor|Salt Cure
|
|-heal|p2a: Gliscor|93/100 tox|[from] ability: Poison Heal
|-damage|p2a: Gliscor|81/100 tox|[from] Salt Cure
|upkeep
|turn|11
|
|t:|1743889955
|switch|p1a: Clodsire|Clodsire, M|100/100
|move|p2a: Gliscor|Stealth Rock|p1a: Clodsire
|-sidestart|p1: WonderGuardWill|move: Stealth Rock
|
|-heal|p2a: Gliscor|93/100 tox|[from] ability: Poison Heal
|-damage|p2a: Gliscor|81/100 tox|[from] Salt Cure
|upkeep
|turn|12
|
|t:|1743889975
|switch|p2a: Alomomola|Alomomola, M|94/100
|switch|p1a: Gholdengo|Gholdengo|100/100
|-damage|p1a: Gholdengo|94/100|[from] Stealth Rock
|
|upkeep
|turn|13
|
|t:|1743889981
|move|p1a: Gholdengo|Shadow Ball|p2a: Alomomola
|-damage|p2a: Alomomola|58/100
|-unboost|p2a: Alomomola|spd|1
|move|p2a: Alomomola|Wish|p2a: Alomomola
|
|upkeep
|turn|14
|
|t:|1743889985
|switch|p2a: Incineroar|Incineroar, F|51/100
|-ability|p2a: Incineroar|Intimidate|boost
|-unboost|p1a: Gholdengo|atk|1
|move|p1a: Gholdengo|Shadow Ball|p2a: Incineroar
|-resisted|p2a: Incineroar
|-damage|p2a: Incineroar|34/100
|
|-heal|p2a: Incineroar|94/100|[from] move: Wish|[wisher] Alomomola
|upkeep
|turn|15
|
|t:|1743889992
|switch|p1a: Heatran|Heatran, F|100/100
|-damage|p1a: Heatran|88/100|[from] Stealth Rock
|-item|p1a: Heatran|Air Balloon
|move|p2a: Incineroar|Knock Off|p1a: Heatran
|-damage|p1a: Heatran|57/100
|-enditem|p1a: Heatran|Air Balloon
|
|upkeep
|turn|16
|
|t:|1743890004
|switch|p2a: Gliscor|Gliscor, M|81/100 tox
|-damage|p2a: Gliscor|69/100 tox|[from] Stealth Rock
|move|p1a: Heatran|Earth Power|p2a: Gliscor
|-immune|p2a: Gliscor
|
|-heal|p2a: Gliscor|81/100 tox|[from] ability: Poison Heal
|upkeep
|turn|17
|
|t:|1743890008
|switch|p1a: Garganacl|Garganacl, F|80/100
|-damage|p1a: Garganacl|68/100|[from] Stealth Rock
|move|p2a: Gliscor|Earthquake|p1a: Garganacl
|-supereffective|p1a: Garganacl
|-damage|p1a: Garganacl|36/100
|
|-heal|p2a: Gliscor|93/100 tox|[from] ability: Poison Heal
|upkeep
|turn|18
|inactive|Battle timer is ON: inactive players will automatically lose when time's up. (requested by WonderGuardWill)
|
|t:|1743890021
|move|p2a: Gliscor|Earthquake|p1a: Garganacl
|-supereffective|p1a: Garganacl
|-damage|p1a: Garganacl|5/100
|move|p1a: Garganacl|Recover|p1a: Garganacl
|-heal|p1a: Garganacl|55/100
|
|-heal|p2a: Gliscor|100/100 tox|[from] ability: Poison Heal
|upkeep
|turn|19
|
|t:|1743890028
|-terastallize|p1a: Garganacl|Flying
|move|p2a: Gliscor|Earthquake|p1a: Garganacl
|-immune|p1a: Garganacl
|move|p1a: Garganacl|Recover|p1a: Garganacl
|-heal|p1a: Garganacl|100/100
|
|upkeep
|turn|20
|inactive|raichu a luv songg has 120 seconds left.
|
|t:|1743890067
|switch|p2a: Corviknight|Corviknight, F|100/100
|-damage|p2a: Corviknight|88/100|[from] Stealth Rock
|-ability|p2a: Corviknight|Pressure
|move|p1a: Garganacl|Salt Cure|p2a: Corviknight
|-damage|p2a: Corviknight|79/100
|-start|p2a: Corviknight|Salt Cure
|
|-damage|p2a: Corviknight|54/100|[from] Salt Cure
|upkeep
|turn|21
|inactive|raichu a luv songg has 120 seconds left.
|
|t:|1743890074
|move|p1a: Garganacl|Protect|p1a: Garganacl
|-singleturn|p1a: Garganacl|Protect
|move|p2a: Corviknight|Roost|p2a: Corviknight
|-heal|p2a: Corviknight|100/100
|-singleturn|p2a: Corviknight|move: Roost
|
|-damage|p2a: Corviknight|76/100|[from] Salt Cure
|upkeep
|turn|22
|
|t:|1743890080
|switch|p1a: Gholdengo|Gholdengo|94/100
|-damage|p1a: Gholdengo|88/100|[from] Stealth Rock
|move|p2a: Corviknight|Defog|p1a: Gholdengo
|-immune|p1a: Gholdengo|[from] ability: Good as Gold
|
|-damage|p2a: Corviknight|51/100|[from] Salt Cure
|upkeep
|turn|23
|
|t:|1743890084
|move|p1a: Gholdengo|Trick|p2a: Corviknight
|-activate|p1a: Gholdengo|move: Trick|[of] p2a: Corviknight
|-item|p2a: Corviknight|Choice Scarf|[from] move: Trick
|-item|p1a: Gholdengo|Rocky Helmet|[from] move: Trick
|move|p2a: Corviknight|U-turn|p1a: Gholdengo
|-resisted|p1a: Gholdengo
|-damage|p1a: Gholdengo|84/100
|-damage|p2a: Corviknight|34/100|[from] item: Rocky Helmet|[of] p1a: Gholdengo
|
|t:|1743890098
|switch|p2a: Alomomola|Alomomola, M|91/100|[from] U-turn
|
|upkeep
|turn|24
|
|t:|1743890122
|move|p1a: Gholdengo|Shadow Ball|p2a: Alomomola
|-damage|p2a: Alomomola|50/100
|-unboost|p2a: Alomomola|spd|1
|move|p2a: Alomomola|Wish|p2a: Alomomola
|
|upkeep
|turn|25
|inactive|WonderGuardWill has 120 seconds left.
|
|t:|1743890148
|switch|p2a: Incineroar|Incineroar, F|94/100
|-ability|p2a: Incineroar|Intimidate|boost
|-unboost|p1a: Gholdengo|atk|1
|move|p1a: Gholdengo|Shadow Ball|p2a: Incineroar
|-resisted|p2a: Incineroar
|-damage|p2a: Incineroar|79/100
|
|-heal|p2a: Incineroar|100/100|[from] move: Wish|[wisher] Alomomola
|upkeep
|turn|26
|
|t:|1743890152
|switch|p1a: Heatran|Heatran, F|57/100
|-damage|p1a: Heatran|45/100|[from] Stealth Rock
|move|p2a: Incineroar|Knock Off|p1a: Heatran
|-damage|p1a: Heatran|23/100
|
|upkeep
|turn|27
|
|t:|1743890157
|move|p1a: Heatran|Magma Storm|p2a: Incineroar|[miss]
|-miss|p1a: Heatran|p2a: Incineroar
|move|p2a: Incineroar|Knock Off|p1a: Heatran
|-damage|p1a: Heatran|3/100
|
|upkeep
|turn|28
|
|t:|1743890160
|move|p1a: Heatran|Earth Power|p2a: Incineroar
|-supereffective|p2a: Incineroar
|-damage|p2a: Incineroar|48/100
|move|p2a: Incineroar|Knock Off|p1a: Heatran
|-damage|p1a: Heatran|0 fnt
|faint|p1a: Heatran
|
|upkeep
|
|t:|1743890166
|switch|p1a: Darkrai|Darkrai|100/100
|-damage|p1a: Darkrai|88/100|[from] Stealth Rock
|turn|29
|
|t:|1743890178
|move|p1a: Darkrai|Trick|p2a: Incineroar
|-activate|p1a: Darkrai|move: Trick|[of] p2a: Incineroar
|-item|p2a: Incineroar|Choice Scarf|[from] move: Trick
|-item|p1a: Darkrai|Heavy-Duty Boots|[from] move: Trick
|move|p2a: Incineroar|Parting Shot|p1a: Darkrai
|-unboost|p1a: Darkrai|atk|1
|-unboost|p1a: Darkrai|spa|1
|c|☆raichu a luv songg|why man
|
|t:|1743890190
|switch|p2a: Zamazenta|Zamazenta|100/100|[from] Parting Shot
|-ability|p2a: Zamazenta|Dauntless Shield|boost
|-boost|p2a: Zamazenta|def|1
|
|upkeep
|turn|30
|
|t:|1743890194
|move|p2a: Zamazenta|Iron Defense|p2a: Zamazenta
|-boost|p2a: Zamazenta|def|2
|move|p1a: Darkrai|Thunder|p2a: Zamazenta
|-damage|p2a: Zamazenta|78/100
|-status|p2a: Zamazenta|par
|
|upkeep
|turn|31
|
|t:|1743890197
|move|p1a: Darkrai|Dark Pulse|p2a: Zamazenta
|-resisted|p2a: Zamazenta
|-crit|p2a: Zamazenta
|-damage|p2a: Zamazenta|48/100 par
|cant|p2a: Zamazenta|par
|
|upkeep
|turn|32
|
|t:|1743890204
|switch|p1a: Garganacl|Garganacl, F, tera:Flying|100/100
|-damage|p1a: Garganacl|75/100|[from] Stealth Rock
|cant|p2a: Zamazenta|par
|
|upkeep
|turn|33
|
|t:|1743890211
|cant|p2a: Zamazenta|par
|move|p1a: Garganacl|Salt Cure|p2a: Zamazenta
|-resisted|p2a: Zamazenta
|-damage|p2a: Zamazenta|46/100 par
|-start|p2a: Zamazenta|Salt Cure
|
|-damage|p2a: Zamazenta|34/100 par|[from] Salt Cure
|upkeep
|turn|34
|
|t:|1743890216
|cant|p2a: Zamazenta|par
|move|p1a: Garganacl|Salt Cure|p2a: Zamazenta
|-resisted|p2a: Zamazenta
|-damage|p2a: Zamazenta|31/100 par
|
|-damage|p2a: Zamazenta|19/100 par|[from] Salt Cure
|upkeep
|turn|35
|
|t:|1743890220
|move|p1a: Garganacl|Protect|p1a: Garganacl
|-singleturn|p1a: Garganacl|Protect
|move|p2a: Zamazenta|Body Press|p1a: Garganacl
|-activate|p1a: Garganacl|move: Protect
|
|-damage|p2a: Zamazenta|6/100 par|[from] Salt Cure
|upkeep
|turn|36
|
|t:|1743890226
|move|p2a: Zamazenta|Body Press|p1a: Garganacl
|-resisted|p1a: Garganacl
|-damage|p1a: Garganacl|54/100
|move|p1a: Garganacl|Recover|p1a: Garganacl
|-heal|p1a: Garganacl|100/100
|
|-damage|p2a: Zamazenta|0 fnt|[from] Salt Cure
|faint|p2a: Zamazenta
|upkeep
|
|t:|1743890228
|switch|p2a: Primarina|Primarina, M|100/100
|-damage|p2a: Primarina|88/100|[from] Stealth Rock
|-status|p2a: Primarina|psn
|turn|37
|
|t:|1743890231
|move|p2a: Primarina|Substitute|p2a: Primarina
|-start|p2a: Primarina|Substitute
|-damage|p2a: Primarina|63/100 psn
|move|p1a: Garganacl|Salt Cure|p2a: Primarina
|-activate|p2a: Primarina|move: Substitute|[damage]
|
|-heal|p2a: Primarina|69/100 psn|[from] item: Leftovers
|-damage|p2a: Primarina|57/100 psn|[from] psn
|upkeep
|turn|38
|
|t:|1743890234
|switch|p1a: Clodsire|Clodsire, M|100/100
|-damage|p1a: Clodsire|94/100|[from] Stealth Rock
|move|p2a: Primarina|Calm Mind|p2a: Primarina
|-boost|p2a: Primarina|spa|1
|-boost|p2a: Primarina|spd|1
|
|-heal|p2a: Primarina|63/100 psn|[from] item: Leftovers
|-heal|p1a: Clodsire|100/100|[from] item: Leftovers
|-damage|p2a: Primarina|51/100 psn|[from] psn
|upkeep
|turn|39
|
|t:|1743890236
|move|p2a: Primarina|Calm Mind|p2a: Primarina
|-boost|p2a: Primarina|spa|1
|-boost|p2a: Primarina|spd|1
|move|p1a: Clodsire|Earthquake|p2a: Primarina
|-end|p2a: Primarina|Substitute
|
|-heal|p2a: Primarina|57/100 psn|[from] item: Leftovers
|-damage|p2a: Primarina|45/100 psn|[from] psn
|upkeep
|turn|40
|
|t:|1743890243
|move|p2a: Primarina|Moonblast|p1a: Clodsire
|-resisted|p1a: Clodsire
|-damage|p1a: Clodsire|72/100
|-unboost|p1a: Clodsire|spa|1
|move|p1a: Clodsire|Toxic Spikes|p2a: Primarina
|-sidestart|p2: raichu a luv songg|move: Toxic Spikes
|
|-heal|p2a: Primarina|51/100 psn|[from] item: Leftovers
|-heal|p1a: Clodsire|78/100|[from] item: Leftovers
|-damage|p2a: Primarina|39/100 psn|[from] psn
|upkeep
|turn|41
|-message|raichu a luv songg forfeited.
|
|win|WonderGuardWill
|raw|WonderGuardWill's rating: 1344 &rarr; <strong>1365</strong><br />(+21 for winning)
|raw|raichu a luv songg's rating: 1353 &rarr; <strong>1332</strong><br />(-21 for losing)
|l|☆raichu a luv songg
|player|p2|
