|j|☆the guy245
|j|☆reallygreen
|t:|1743780001
|gametype|singles
|player|p1|the guy245|volkner|1360
|player|p2|reallygreen|emmet|1420
|teamsize|p1|6
|teamsize|p2|6
|gen|9
|tier|[Gen 9] OU
|rated|
|rule|HP Percentage Mod: HP is shown in percentages
|rule|Endless Battle Clause: Forcing endless battles is banned
|rule|Species Clause: Limit one of each Pokémon
|rule|OHKO Clause: OHKO moves are banned
|rule|Evasion Items Clause: Evasion items are banned
|rule|Evasion Moves Clause: Evasion moves are banned
|rule|Sleep Moves Clause: Sleep-inducing moves are banned
|clearpoke
|poke|p1|Electrode-Hisui|
|poke|p1|Samurott-Hisui, M|
|poke|p1|Hydreigon, F|
|poke|p1|Great Tusk|
|poke|p1|Sinistcha-Masterpiece|
|poke|p1|Kingambit, M|
|poke|p2|Latios, M|
|poke|p2|Zamazenta-*|
|poke|p2|Tinkaton, F|
|poke|p2|Weezing-Galar, F|
|poke|p2|Samurott-Hisui, M|
|poke|p2|Kingambit, M|
|teampreview
|inactive|Battle timer is ON: inactive players will automatically lose when time's up. (requested by reallygreen)
|
|t:|1743780011
|start
|switch|p1a: Samurott|Samurott-Hisui, M|100/100
|switch|p2a: Latios|Latios, M|100/100
|turn|1
|
|t:|1743780017
|switch|p2a: Weezing|Weezing-Galar, F|100/100
|-ability|p2a: Weezing|Neutralizing Gas
|move|p1a: Samurott|Ceaseless Edge|p2a: Weezing
|-resisted|p2a: Weezing
|-damage|p2a: Weezing|89/100
|-sidestart|p2: reallygreen|Spikes
|
|upkeep
|turn|2
|
|t:|1743780025
|move|p1a: Samurott|Knock Off|p2a: Weezing
|-resisted|p2a: Weezing
|-damage|p2a: Weezing|72/100
|-enditem|p2a: Weezing|Heavy-Duty Boots|[from] move: Knock Off|[of] p1a: Samurott
|move|p2a: Weezing|Defog|p1a: Samurott
|-unboost|p1a: Samurott|evasion|1
|-sideend|p2: reallygreen|Spikes|[from] move: Defog|[of] p2a: Weezing
|
|upkeep
|turn|3
|
|t:|1743780029
|move|p1a: Samurott|Razor Shell|p2a: Weezing
|-damage|p2a: Weezing|45/100
|-unboost|p2a: Weezing|def|1
|move|p2a: Weezing|Strange Steam|p1a: Samurott
|-supereffective|p1a: Samurott
|-damage|p1a: Samurott|13/100
|
|upkeep
|turn|4
|
|t:|1743780034
|move|p1a: Samurott|Ceaseless Edge|p2a: Weezing|[miss]
|-miss|p1a: Samurott|p2a: Weezing
|move|p2a: Weezing|Strange Steam|p1a: Samurott
|-supereffective|p1a: Samurott
|-damage|p1a: Samurott|0 fnt
|faint|p1a: Samurott
|
|upkeep
|
|t:|1743780040
|switch|p1a: Hydreigon|Hydreigon, F|100/100
|turn|5
|
|t:|1743780050
|-end|p2a: Weezing|ability: Neutralizing Gas
|switch|p2a: Latios|Latios, M|100/100
|move|p1a: Hydreigon|Flash Cannon|p2a: Latios
|-damage|p2a: Latios|72/100
|
|upkeep
|turn|6
|
|t:|1743780057
|switch|p1a: Kingambit|Kingambit, M, shiny|100/100
|-activate|p1a: Kingambit|ability: Supreme Overlord
|-start|p1a: Kingambit|fallen1|[silent]
|move|p2a: Latios|Aura Sphere|p1a: Kingambit
|-supereffective|p1a: Kingambit
|-damage|p1a: Kingambit|0 fnt
|faint|p1a: Kingambit
|-end|p1a: Kingambit|fallen1|[silent]
|
|upkeep
|
|t:|1743780065
|switch|p1a: Sinistcha|Sinistcha-Masterpiece|100/100
|turn|7
|
|t:|1743780069
|move|p2a: Latios|Luster Purge|p1a: Sinistcha
|-damage|p1a: Sinistcha|7/100
|move|p1a: Sinistcha|Calm Mind|p1a: Sinistcha
|-boost|p1a: Sinistcha|spa|1
|-boost|p1a: Sinistcha|spd|1
|
|upkeep
|turn|8
|
|t:|1743780073
|move|p2a: Latios|Luster Purge|p1a: Sinistcha
|-damage|p1a: Sinistcha|0 fnt
|faint|p1a: Sinistcha
|
|upkeep
|
|t:|1743780075
|switch|p1a: The Baller|Electrode-Hisui|100/100
|turn|9
|-message|the guy245 forfeited.
|
|win|reallygreen
|raw|the guy245's rating: 1360 &rarr; <strong>1343</strong><br />(-17 for losing)
|raw|reallygreen's rating: 1420 &rarr; <strong>1437</strong><br />(+17 for winning)
|l|☆the guy245
|player|p1|
|l|☆reallygreen
|player|p2|
