|j|☆orais
|j|☆TheIcingCreeper
|t:|1743897375
|gametype|singles
|player|p1|orais|medium|1298
|player|p2|TheIcingCreeper|valerie|1273
|teamsize|p1|6
|teamsize|p2|6
|gen|9
|tier|[Gen 9] OU
|rated|
|rule|HP Percentage Mod: HP is shown in percentages
|rule|Endless Battle Clause: Forcing endless battles is banned
|rule|Species Clause: Limit one of each Pokémon
|rule|OHKO Clause: OHKO moves are banned
|rule|Evasion Items Clause: Evasion items are banned
|rule|Evasion Moves Clause: Evasion moves are banned
|rule|Sleep Moves Clause: Sleep-inducing moves are banned
|clearpoke
|poke|p1|Gholdengo|
|poke|p1|Glimmora, M|
|poke|p1|Venusaur, M|
|poke|p1|Samurott-Hisui, M|
|poke|p1|Dragonite, M|
|poke|p1|Raging Bolt|
|poke|p2|Wigglytuff, F|
|poke|p2|Meowscarada, M|
|poke|p2|Corviknight, M|
|poke|p2|Gliscor, M|
|poke|p2|Dondozo, M|
|poke|p2|Dragapult, M|
|teampreview
|
|t:|1743897393
|start
|switch|p1a: Venusaur|Venusaur, M, shiny|100/100
|switch|p2a: Drage|Dragapult, M|100/100
|turn|1
|inactive|Battle timer is ON: inactive players will automatically lose when time's up. (requested by TheIcingCreeper)
|
|t:|1743897399
|move|p2a: Drage|Fire Blast|p1a: Venusaur|[miss]
|-miss|p2a: Drage|p1a: Venusaur
|move|p1a: Venusaur|Leech Seed|p2a: Drage|[miss]
|-miss|p1a: Venusaur|p2a: Drage
|
|upkeep
|turn|2
|
|t:|1743897407
|-terastallize|p1a: Venusaur|Water
|move|p2a: Drage|Fire Blast|p1a: Venusaur
|-resisted|p1a: Venusaur
|-damage|p1a: Venusaur|82/100
|move|p1a: Venusaur|Leech Seed|p2a: Drage
|-start|p2a: Drage|move: Leech Seed
|
|-heal|p1a: Venusaur|89/100|[from] item: Leftovers
|-damage|p2a: Drage|88/100|[from] Leech Seed|[of] p1a: Venusaur
|-heal|p1a: Venusaur|100/100|[silent]
|upkeep
|turn|3
|
|t:|1743897416
|switch|p2a: Mago|Meowscarada, M|100/100
|move|p1a: Venusaur|Growth|p1a: Venusaur
|-boost|p1a: Venusaur|atk|1
|-boost|p1a: Venusaur|spa|1
|
|upkeep
|turn|4
|
|t:|1743897433
|move|p1a: Venusaur|Protect|p1a: Venusaur
|-singleturn|p1a: Venusaur|Protect
|move|p2a: Mago|Thunder Punch|p1a: Venusaur
|-start|p2a: Mago|typechange|Electric|[from] ability: Protean
|-activate|p1a: Venusaur|move: Protect
|
|upkeep
|turn|5
|
|t:|1743897440
|switch|p2a: Scar|Gliscor, M, shiny|100/100
|move|p1a: Venusaur|Giga Drain|p2a: Scar
|-damage|p2a: Scar|69/100
|
|-status|p2a: Scar|tox|[from] item: Toxic Orb
|upkeep
|turn|6
|
|t:|1743897450
|move|p2a: Scar|Protect|p2a: Scar
|-singleturn|p2a: Scar|Protect
|move|p1a: Venusaur|Leech Seed|p2a: Scar
|-activate|p2a: Scar|move: Protect
|
|-heal|p2a: Scar|81/100 tox|[from] ability: Poison Heal
|upkeep
|turn|7
|
|t:|1743897458
|move|p2a: Scar|Toxic|p1a: Venusaur
|-status|p1a: Venusaur|tox
|move|p1a: Venusaur|Leech Seed|p2a: Scar
|-start|p2a: Scar|move: Leech Seed
|
|-damage|p2a: Scar|69/100 tox|[from] Leech Seed|[of] p1a: Venusaur
|-heal|p2a: Scar|81/100 tox|[from] ability: Poison Heal
|-damage|p1a: Venusaur|94/100 tox|[from] psn
|upkeep
|turn|8
|
|t:|1743897467
|switch|p2a: Wake|Wigglytuff, F|100/100
|move|p1a: Venusaur|Growth|p1a: Venusaur
|-boost|p1a: Venusaur|atk|1
|-boost|p1a: Venusaur|spa|1
|
|-heal|p1a: Venusaur|100/100 tox|[from] item: Leftovers
|-damage|p1a: Venusaur|88/100 tox|[from] psn
|upkeep
|turn|9
|
|t:|1743897475
|move|p2a: Wake|Protect|p2a: Wake
|-singleturn|p2a: Wake|Protect
|move|p1a: Venusaur|Giga Drain|p2a: Wake
|-activate|p2a: Wake|move: Protect
|
|-heal|p1a: Venusaur|94/100 tox|[from] item: Leftovers
|-damage|p1a: Venusaur|76/100 tox|[from] psn
|upkeep
|turn|10
|
|t:|1743897482
|switch|p2a: Peko|Corviknight, M|100/100
|move|p1a: Venusaur|Giga Drain|p2a: Peko
|-resisted|p2a: Peko
|-damage|p2a: Peko|89/100
|-heal|p1a: Venusaur|83/100 tox|[from] drain|[of] p2a: Peko
|
|-heal|p1a: Venusaur|89/100 tox|[from] item: Leftovers
|-damage|p1a: Venusaur|64/100 tox|[from] psn
|upkeep
|turn|11
|
|t:|1743897495
|switch|p1a: Raging Bolt|Raging Bolt|100/100
|-enditem|p1a: Raging Bolt|Booster Energy
|-activate|p1a: Raging Bolt|ability: Protosynthesis|[fromitem]
|-start|p1a: Raging Bolt|protosynthesisspa
|switch|p2a: Mago|Meowscarada, M|100/100
|
|upkeep
|turn|12
|
|t:|1743897505
|move|p2a: Mago|Play Rough|p1a: Raging Bolt|[miss]
|-start|p2a: Mago|typechange|Fairy|[from] ability: Protean
|-miss|p2a: Mago|p1a: Raging Bolt
|move|p1a: Raging Bolt|Thunderbolt|p2a: Mago
|-damage|p2a: Mago|0 fnt
|faint|p2a: Mago
|
|upkeep
|
|t:|1743897512
|switch|p2a: Wake|Wigglytuff, F|100/100
|turn|13
|c|☆orais|damn
|c|☆TheIcingCreeper|I've been frozen twice in the same Battllleee todayyyy my lucksssinsaneeee todayyy LOL
|c|☆TheIcingCreeper|Its alrighty its Pokemon for ya
|inactive|TheIcingCreeper has 120 seconds left.
|
|t:|1743897543
|-end|p1a: Raging Bolt|Protosynthesis|[silent]
|switch|p1a: Glimmora|Glimmora, M|100/100
|move|p2a: Wake|Perish Song|p2a: Wake
|-start|p1a: Glimmora|perish3|[silent]
|-start|p2a: Wake|perish3|[silent]
|-fieldactivate|move: Perish Song
|
|-start|p1a: Glimmora|perish3
|-start|p2a: Wake|perish3
|upkeep
|turn|14
|inactive|TheIcingCreeper has 120 seconds left.
|
|t:|1743897555
|switch|p2a: Drage|Dragapult, M|88/100
|move|p1a: Glimmora|Stealth Rock|p2a: Drage
|-sidestart|p2: TheIcingCreeper|move: Stealth Rock
|
|-start|p1a: Glimmora|perish2
|upkeep
|turn|15
|
|t:|1743897570
|move|p2a: Drage|Shadow Ball|p1a: Glimmora
|-damage|p1a: Glimmora|57/100
|-enditem|p1a: Glimmora|Red Card|[of] p2a: Drage
|drag|p2a: Shisu|Dondozo, M, shiny|100/100
|-damage|p2a: Shisu|88/100|[from] Stealth Rock
|move|p1a: Glimmora|Earth Power|p2a: Shisu
|-damage|p2a: Shisu|71/100
|
|-start|p1a: Glimmora|perish1
|upkeep
|turn|16
|
|t:|1743897581
|switch|p1a: Venusaur|Venusaur, M, shiny, tera:Water|64/100 tox
|switch|p2a: Peko|Corviknight, M|89/100
|-damage|p2a: Peko|77/100|[from] Stealth Rock
|
|-heal|p1a: Venusaur|70/100 tox|[from] item: Leftovers
|-damage|p1a: Venusaur|64/100 tox|[from] psn
|upkeep
|turn|17
|
|t:|1743897590
|move|p1a: Venusaur|Leech Seed|p2a: Peko
|-start|p2a: Peko|move: Leech Seed
|move|p2a: Peko|Defog|p1a: Venusaur
|-unboost|p1a: Venusaur|evasion|1
|-sideend|p2: TheIcingCreeper|Stealth Rock|[from] move: Defog|[of] p2a: Peko
|
|-heal|p1a: Venusaur|70/100 tox|[from] item: Leftovers
|-damage|p2a: Peko|64/100|[from] Leech Seed|[of] p1a: Venusaur
|-heal|p1a: Venusaur|86/100 tox|[silent]
|-damage|p1a: Venusaur|73/100 tox|[from] psn
|upkeep
|turn|18
|
|t:|1743897601
|switch|p1a: Glimmora|Glimmora, M|57/100
|move|p2a: Peko|Roost|p2a: Peko
|-heal|p2a: Peko|100/100
|-singleturn|p2a: Peko|move: Roost
|
|-damage|p2a: Peko|88/100|[from] Leech Seed|[of] p1a: Glimmora
|-heal|p1a: Glimmora|71/100|[silent]
|upkeep
|turn|19
|
|t:|1743897613
|switch|p2a: Wake|Wigglytuff, F|100/100
|move|p1a: Glimmora|Stealth Rock|p2a: Wake
|-sidestart|p2: TheIcingCreeper|move: Stealth Rock
|
|upkeep
|turn|20
|
|t:|1743897619
|move|p2a: Wake|Protect|p2a: Wake
|-singleturn|p2a: Wake|Protect
|move|p1a: Glimmora|Sludge Wave|p2a: Wake
|-activate|p2a: Wake|move: Protect
|
|upkeep
|turn|21
|
|t:|1743897632
|switch|p1a: Gholdengo|Gholdengo|100/100
|-item|p1a: Gholdengo|Air Balloon
|switch|p2a: Peko|Corviknight, M|88/100
|-damage|p2a: Peko|75/100|[from] Stealth Rock
|
|upkeep
|turn|22
|
|t:|1743897645
|switch|p2a: Scar|Gliscor, M, shiny|81/100 tox
|-damage|p2a: Scar|69/100 tox|[from] Stealth Rock
|move|p1a: Gholdengo|Nasty Plot|p1a: Gholdengo
|-boost|p1a: Gholdengo|spa|2
|
|-heal|p2a: Scar|81/100 tox|[from] ability: Poison Heal
|upkeep
|turn|23
|
|t:|1743897657
|switch|p2a: Shisu|Dondozo, M, shiny|71/100
|-damage|p2a: Shisu|59/100|[from] Stealth Rock
|move|p1a: Gholdengo|Shadow Ball|p2a: Shisu
|-damage|p2a: Shisu|33/100
|
|upkeep
|turn|24
|inactive|orais has 120 seconds left.
|
|t:|1743897689
|move|p1a: Gholdengo|Shadow Ball|p2a: Shisu
|-damage|p2a: Shisu|4/100
|move|p2a: Shisu|Rest|p2a: Shisu
|-status|p2a: Shisu|slp|[from] move: Rest
|-heal|p2a: Shisu|100/100 slp|[silent]
|
|upkeep
|turn|25
|
|t:|1743897699
|switch|p1a: Raging Bolt|Raging Bolt|100/100
|cant|p2a: Shisu|slp
|move|p2a: Shisu|Sleep Talk|p2a: Shisu
|move|p2a: Shisu|Curse|p2a: Shisu|[from] move: Sleep Talk
|-unboost|p2a: Shisu|spe|1
|-boost|p2a: Shisu|atk|1
|-boost|p2a: Shisu|def|1
|
|upkeep
|turn|26
|
|t:|1743897709
|switch|p2a: Scar|Gliscor, M, shiny|81/100 tox
|-damage|p2a: Scar|69/100 tox|[from] Stealth Rock
|move|p1a: Raging Bolt|Calm Mind|p1a: Raging Bolt
|-boost|p1a: Raging Bolt|spa|1
|-boost|p1a: Raging Bolt|spd|1
|
|-heal|p2a: Scar|81/100 tox|[from] ability: Poison Heal
|upkeep
|turn|27
|
|t:|1743897722
|-end|p1a: Raging Bolt|Protosynthesis|[silent]
|switch|p1a: Venusaur|Venusaur, M, shiny, tera:Water|73/100 tox
|move|p2a: Scar|Toxic|p1a: Venusaur
|-fail|p1a: Venusaur|tox
|
|-heal|p1a: Venusaur|80/100 tox|[from] item: Leftovers
|-heal|p2a: Scar|94/100 tox|[from] ability: Poison Heal
|-damage|p1a: Venusaur|73/100 tox|[from] psn
|upkeep
|turn|28
|
|t:|1743897732
|move|p2a: Scar|Substitute|p2a: Scar
|-start|p2a: Scar|Substitute
|-damage|p2a: Scar|69/100 tox
|move|p1a: Venusaur|Leech Seed||[still]
|-fail|p1a: Venusaur
|
|-heal|p1a: Venusaur|80/100 tox|[from] item: Leftovers
|-heal|p2a: Scar|81/100 tox|[from] ability: Poison Heal
|-damage|p1a: Venusaur|67/100 tox|[from] psn
|upkeep
|turn|29
|
|t:|1743897741
|move|p2a: Scar|Protect|p2a: Scar
|-singleturn|p2a: Scar|Protect
|move|p1a: Venusaur|Giga Drain|p2a: Scar
|-activate|p2a: Scar|move: Protect
|
|-heal|p1a: Venusaur|73/100 tox|[from] item: Leftovers
|-heal|p2a: Scar|94/100 tox|[from] ability: Poison Heal
|-damage|p1a: Venusaur|55/100 tox|[from] psn
|upkeep
|turn|30
|
|t:|1743897754
|move|p2a: Scar|Earthquake|p1a: Venusaur
|-damage|p1a: Venusaur|24/100 tox
|move|p1a: Venusaur|Giga Drain|p2a: Scar
|-end|p2a: Scar|Substitute
|-heal|p1a: Venusaur|38/100 tox|[from] drain|[of] p2a: Scar
|
|-heal|p1a: Venusaur|44/100 tox|[from] item: Leftovers
|-heal|p2a: Scar|100/100 tox|[from] ability: Poison Heal
|-damage|p1a: Venusaur|20/100 tox|[from] psn
|upkeep
|turn|31
|
|t:|1743897770
|switch|p1a: Gholdengo|Gholdengo|100/100
|-item|p1a: Gholdengo|Air Balloon
|move|p2a: Scar|Protect||[still]
|-fail|p2a: Scar
|
|upkeep
|turn|32
|
|t:|1743897778
|switch|p2a: Drage|Dragapult, M|88/100
|-damage|p2a: Drage|76/100|[from] Stealth Rock
|move|p1a: Gholdengo|Nasty Plot|p1a: Gholdengo
|-boost|p1a: Gholdengo|spa|2
|
|upkeep
|turn|33
|
|t:|1743897786
|move|p2a: Drage|Shadow Ball|p1a: Gholdengo
|-supereffective|p1a: Gholdengo
|-damage|p1a: Gholdengo|0 fnt
|-enditem|p1a: Gholdengo|Air Balloon
|faint|p1a: Gholdengo
|
|upkeep
|
|t:|1743897795
|switch|p1a: Samurott|Samurott-Hisui, M|100/100
|turn|34
|
|t:|1743897800
|switch|p2a: Peko|Corviknight, M|75/100
|-damage|p2a: Peko|63/100|[from] Stealth Rock
|move|p1a: Samurott|Ceaseless Edge|p2a: Peko
|-damage|p2a: Peko|32/100
|-damage|p1a: Samurott|84/100|[from] item: Rocky Helmet|[of] p2a: Peko
|-sidestart|p2: TheIcingCreeper|Spikes
|
|upkeep
|turn|35
|
|t:|1743897812
|-terastallize|p2a: Peko|Fighting
|move|p1a: Samurott|Ceaseless Edge|p2a: Peko
|-resisted|p2a: Peko
|-damage|p2a: Peko|16/100
|-damage|p1a: Samurott|67/100|[from] item: Rocky Helmet|[of] p2a: Peko
|-sidestart|p2: TheIcingCreeper|Spikes
|move|p2a: Peko|Roost|p2a: Peko
|-heal|p2a: Peko|66/100
|
|upkeep
|turn|36
|
|t:|1743897825
|switch|p1a: Glimmora|Glimmora, M|71/100
|move|p2a: Peko|Iron Defense|p2a: Peko
|-boost|p2a: Peko|def|2
|
|upkeep
|turn|37
|
|t:|1743897830
|move|p1a: Glimmora|Mortal Spin|p2a: Peko
|-damage|p2a: Peko|64/100
|-status|p2a: Peko|psn
|-damage|p1a: Glimmora|54/100|[from] item: Rocky Helmet|[of] p2a: Peko
|move|p2a: Peko|Roost|p2a: Peko
|-heal|p2a: Peko|100/100 psn
|
|-damage|p2a: Peko|88/100 psn|[from] psn
|upkeep
|turn|38
|
|t:|1743897840
|switch|p1a: Raging Bolt|Raging Bolt|100/100
|move|p2a: Peko|Defog|p1a: Raging Bolt
|-unboost|p1a: Raging Bolt|evasion|1
|-sideend|p2: TheIcingCreeper|Spikes|[from] move: Defog|[of] p2a: Peko
|-sideend|p2: TheIcingCreeper|Stealth Rock|[from] move: Defog|[of] p2a: Peko
|
|-damage|p2a: Peko|75/100 psn|[from] psn
|upkeep
|turn|39
|
|t:|1743897851
|switch|p2a: Scar|Gliscor, M, shiny|100/100 tox
|move|p1a: Raging Bolt|Calm Mind|p1a: Raging Bolt
|-boost|p1a: Raging Bolt|spa|1
|-boost|p1a: Raging Bolt|spd|1
|
|upkeep
|turn|40
|
|t:|1743897860
|-end|p1a: Raging Bolt|Protosynthesis|[silent]
|switch|p1a: Venusaur|Venusaur, M, shiny, tera:Water|20/100 tox
|move|p2a: Scar|Substitute|p2a: Scar
|-start|p2a: Scar|Substitute
|-damage|p2a: Scar|76/100 tox
|
|-heal|p1a: Venusaur|26/100 tox|[from] item: Leftovers
|-heal|p2a: Scar|88/100 tox|[from] ability: Poison Heal
|-damage|p1a: Venusaur|20/100 tox|[from] psn
|upkeep
|turn|41
|
|t:|1743897869
|move|p2a: Scar|Earthquake|p1a: Venusaur
|-damage|p1a: Venusaur|0 fnt
|faint|p1a: Venusaur
|
|-heal|p2a: Scar|100/100 tox|[from] ability: Poison Heal
|upkeep
|-message|orais forfeited.
|
|win|TheIcingCreeper
|raw|orais's rating: 1298 &rarr; <strong>1271</strong><br />(-27 for losing)
|raw|TheIcingCreeper's rating: 1273 &rarr; <strong>1300</strong><br />(+27 for winning)
|l|☆orais
|player|p1|
|l|☆TheIcingCreeper
|player|p2|
