|j|☆sumerand
|j|☆vergilspard4
|t:|1743888102
|gametype|singles
|player|p1|sumerand|ghetsis|1235
|player|p2|vergilspard4|n|1202
|teamsize|p1|6
|teamsize|p2|6
|gen|9
|tier|[Gen 9] OU
|rated|
|rule|HP Percentage Mod: HP is shown in percentages
|rule|Endless Battle Clause: Forcing endless battles is banned
|rule|Species Clause: Limit one of each Pokémon
|rule|OHKO Clause: OHKO moves are banned
|rule|Evasion Items Clause: Evasion items are banned
|rule|Evasion Moves Clause: Evasion moves are banned
|rule|Sleep Moves Clause: Sleep-inducing moves are banned
|clearpoke
|poke|p1|Inteleon, M|
|poke|p1|Dragapult, F|
|poke|p1|Cinderace, M|
|poke|p1|Corviknight, F|
|poke|p1|Alomomola, F|
|poke|p1|Ting-Lu|
|poke|p2|Kingambit, M|
|poke|p2|Garganacl, M|
|poke|p2|Greninja-*, M|
|poke|p2|Iron Moth|
|poke|p2|Goodra-Hisui, M|
|poke|p2|Iron Leaves|
|teampreview
|inactive|Battle timer is ON: inactive players will automatically lose when time's up. (requested by sumerand)
|
|t:|1743888112
|start
|switch|p1a: Ting-Lu|Ting-Lu|100/100
|switch|p2a: Garganacl|Garganacl, M, shiny|100/100
|-ability|p1a: Ting-Lu|Vessel of Ruin
|turn|1
|c|☆vergilspard4|glhf
|
|t:|1743888120
|move|p1a: Ting-Lu|Stealth Rock|p2a: Garganacl
|-sidestart|p2: vergilspard4|move: Stealth Rock
|move|p2a: Garganacl|Salt Cure|p1a: Ting-Lu
|-resisted|p1a: Ting-Lu
|-damage|p1a: Ting-Lu|97/100
|-start|p1a: Ting-Lu|Salt Cure
|
|-heal|p1a: Ting-Lu|100/100|[from] item: Leftovers
|-damage|p1a: Ting-Lu|88/100|[from] Salt Cure
|upkeep
|turn|2
|
|t:|1743888131
|move|p2a: Garganacl|Protect|p2a: Garganacl
|-singleturn|p2a: Garganacl|Protect
|move|p1a: Ting-Lu|Whirlwind|p2a: Garganacl
|drag|p2a: Iron Moth|Iron Moth, shiny|100/100
|-damage|p2a: Iron Moth|76/100|[from] Stealth Rock
|-enditem|p2a: Iron Moth|Booster Energy
|-activate|p2a: Iron Moth|ability: Quark Drive|[fromitem]
|-start|p2a: Iron Moth|quarkdrivespa
|
|-heal|p1a: Ting-Lu|94/100|[from] item: Leftovers
|-damage|p1a: Ting-Lu|82/100|[from] Salt Cure
|upkeep
|turn|3
|
|t:|1743888144
|move|p2a: Iron Moth|Dazzling Gleam|p1a: Ting-Lu
|-supereffective|p1a: Ting-Lu
|-damage|p1a: Ting-Lu|48/100
|move|p1a: Ting-Lu|Earthquake|p2a: Iron Moth
|-supereffective|p2a: Iron Moth
|-damage|p2a: Iron Moth|0 fnt
|faint|p2a: Iron Moth
|-end|p2a: Iron Moth|Quark Drive|[silent]
|
|-heal|p1a: Ting-Lu|54/100|[from] item: Leftovers
|-damage|p1a: Ting-Lu|42/100|[from] Salt Cure
|upkeep
|
|t:|1743888150
|switch|p2a: Greninja|Greninja, M, shiny|100/100
|-damage|p2a: Greninja|88/100|[from] Stealth Rock
|turn|4
|
|t:|1743888158
|switch|p1a: Dragapult|Dragapult, F|100/100
|move|p2a: Greninja|Surf|p1a: Dragapult
|-start|p2a: Greninja|typechange|Water|[from] ability: Protean
|-resisted|p1a: Dragapult
|-damage|p1a: Dragapult|66/100
|-damage|p2a: Greninja|78/100|[from] item: Life Orb
|
|upkeep
|turn|5
|
|t:|1743888168
|move|p1a: Dragapult|Dragon Darts|p2a: Greninja
|-damage|p2a: Greninja|16/100
|-anim|p1a: Dragapult|Dragon Darts|p2a: Greninja
|-damage|p2a: Greninja|0 fnt
|faint|p2a: Greninja
|
|upkeep
|
|t:|1743888177
|switch|p2a: Garganacl|Garganacl, M, shiny|100/100
|-damage|p2a: Garganacl|88/100|[from] Stealth Rock
|turn|6
|
|t:|1743888181
|move|p1a: Dragapult|Dragon Darts|p2a: Garganacl
|-damage|p2a: Garganacl|69/100
|-anim|p1a: Dragapult|Dragon Darts|p2a: Garganacl
|-damage|p2a: Garganacl|50/100
|move|p2a: Garganacl|Salt Cure|p1a: Dragapult
|-damage|p1a: Dragapult|47/100
|-start|p1a: Dragapult|Salt Cure
|
|-damage|p1a: Dragapult|34/100|[from] Salt Cure
|upkeep
|turn|7
|
|t:|1743888192
|switch|p1a: Alomomola|Alomomola, F|100/100
|move|p2a: Garganacl|Recover|p2a: Garganacl
|-heal|p2a: Garganacl|100/100
|
|upkeep
|turn|8
|
|t:|1743888198
|move|p1a: Alomomola|Wish|p1a: Alomomola
|move|p2a: Garganacl|Salt Cure|p1a: Alomomola
|-damage|p1a: Alomomola|93/100
|-start|p1a: Alomomola|Salt Cure
|
|-damage|p1a: Alomomola|68/100|[from] Salt Cure
|upkeep
|turn|9
|
|t:|1743888206
|move|p1a: Alomomola|Flip Turn|p2a: Garganacl
|-supereffective|p2a: Garganacl
|-damage|p2a: Garganacl|83/100
|
|t:|1743888210
|switch|p1a: Ting-Lu|Ting-Lu|42/100|[from] Flip Turn
|-ability|p1a: Ting-Lu|Vessel of Ruin
|move|p2a: Garganacl|Thunder Punch|p1a: Ting-Lu
|-immune|p1a: Ting-Lu
|
|-heal|p1a: Ting-Lu|94/100|[from] move: Wish|[wisher] Alomomola
|-heal|p1a: Ting-Lu|99/100|[from] item: Leftovers
|upkeep
|turn|10
|
|t:|1743888222
|move|p1a: Ting-Lu|Earthquake|p2a: Garganacl
|-supereffective|p2a: Garganacl
|-damage|p2a: Garganacl|47/100
|move|p2a: Garganacl|Salt Cure|p1a: Ting-Lu
|-resisted|p1a: Ting-Lu
|-damage|p1a: Ting-Lu|96/100
|-start|p1a: Ting-Lu|Salt Cure
|
|-heal|p1a: Ting-Lu|100/100|[from] item: Leftovers
|-damage|p1a: Ting-Lu|88/100|[from] Salt Cure
|upkeep
|turn|11
|
|t:|1743888233
|move|p1a: Ting-Lu|Ruination|p2a: Garganacl
|-damage|p2a: Garganacl|24/100
|move|p2a: Garganacl|Recover|p2a: Garganacl
|-heal|p2a: Garganacl|74/100
|
|-heal|p1a: Ting-Lu|94/100|[from] item: Leftovers
|-damage|p1a: Ting-Lu|82/100|[from] Salt Cure
|upkeep
|turn|12
|
|t:|1743888242
|switch|p1a: Alomomola|Alomomola, F|100/100
|move|p2a: Garganacl|Protect||[still]
|-fail|p2a: Garganacl
|
|upkeep
|turn|13
|
|t:|1743888248
|move|p1a: Alomomola|Wish|p1a: Alomomola
|move|p2a: Garganacl|Thunder Punch|p1a: Alomomola
|-supereffective|p1a: Alomomola
|-damage|p1a: Alomomola|83/100
|
|upkeep
|turn|14
|
|t:|1743888254
|move|p1a: Alomomola|Flip Turn|p2a: Garganacl
|-supereffective|p2a: Garganacl
|-damage|p2a: Garganacl|57/100
|
|t:|1743888257
|switch|p1a: Dragapult|Dragapult, F|34/100|[from] Flip Turn
|move|p2a: Garganacl|Salt Cure|p1a: Dragapult
|-damage|p1a: Dragapult|11/100
|-start|p1a: Dragapult|Salt Cure
|
|-heal|p1a: Dragapult|95/100|[from] move: Wish|[wisher] Alomomola
|-damage|p1a: Dragapult|83/100|[from] Salt Cure
|upkeep
|turn|15
|
|t:|1743888270
|switch|p1a: Ting-Lu|Ting-Lu|82/100
|-ability|p1a: Ting-Lu|Vessel of Ruin
|move|p2a: Garganacl|Recover|p2a: Garganacl
|-heal|p2a: Garganacl|100/100
|
|-heal|p1a: Ting-Lu|88/100|[from] item: Leftovers
|upkeep
|turn|16
|
|t:|1743888279
|move|p1a: Ting-Lu|Ruination|p2a: Garganacl
|-damage|p2a: Garganacl|50/100
|move|p2a: Garganacl|Salt Cure|p1a: Ting-Lu
|-resisted|p1a: Ting-Lu
|-damage|p1a: Ting-Lu|85/100
|-start|p1a: Ting-Lu|Salt Cure
|
|-heal|p1a: Ting-Lu|91/100|[from] item: Leftovers
|-damage|p1a: Ting-Lu|78/100|[from] Salt Cure
|upkeep
|turn|17
|
|t:|1743888289
|move|p1a: Ting-Lu|Ruination|p2a: Garganacl|[miss]
|-miss|p1a: Ting-Lu|p2a: Garganacl
|move|p2a: Garganacl|Recover|p2a: Garganacl
|-heal|p2a: Garganacl|100/100
|
|-heal|p1a: Ting-Lu|85/100|[from] item: Leftovers
|-damage|p1a: Ting-Lu|72/100|[from] Salt Cure
|upkeep
|turn|18
|
|t:|1743888299
|switch|p1a: Alomomola|Alomomola, F|100/100
|move|p2a: Garganacl|Protect||[still]
|-fail|p2a: Garganacl
|
|upkeep
|turn|19
|
|t:|1743888305
|move|p1a: Alomomola|Wish|p1a: Alomomola
|move|p2a: Garganacl|Salt Cure|p1a: Alomomola
|-damage|p1a: Alomomola|93/100
|-start|p1a: Alomomola|Salt Cure
|
|-damage|p1a: Alomomola|68/100|[from] Salt Cure
|upkeep
|turn|20
|
|t:|1743888312
|switch|p1a: Ting-Lu|Ting-Lu|72/100
|-ability|p1a: Ting-Lu|Vessel of Ruin
|move|p2a: Garganacl|Salt Cure|p1a: Ting-Lu
|-resisted|p1a: Ting-Lu
|-damage|p1a: Ting-Lu|69/100
|-start|p1a: Ting-Lu|Salt Cure
|
|-heal|p1a: Ting-Lu|100/100|[from] move: Wish|[wisher] Alomomola
|-damage|p1a: Ting-Lu|88/100|[from] Salt Cure
|upkeep
|turn|21
|
|t:|1743888324
|move|p1a: Ting-Lu|Ruination|p2a: Garganacl
|-damage|p2a: Garganacl|50/100
|move|p2a: Garganacl|Salt Cure|p1a: Ting-Lu
|-resisted|p1a: Ting-Lu
|-damage|p1a: Ting-Lu|85/100
|
|-heal|p1a: Ting-Lu|91/100|[from] item: Leftovers
|-damage|p1a: Ting-Lu|78/100|[from] Salt Cure
|upkeep
|turn|22
|
|t:|1743888335
|move|p1a: Ting-Lu|Earthquake|p2a: Garganacl
|-supereffective|p2a: Garganacl
|-damage|p2a: Garganacl|16/100
|move|p2a: Garganacl|Salt Cure|p1a: Ting-Lu
|-resisted|p1a: Ting-Lu
|-damage|p1a: Ting-Lu|75/100
|
|-heal|p1a: Ting-Lu|81/100|[from] item: Leftovers
|-damage|p1a: Ting-Lu|69/100|[from] Salt Cure
|upkeep
|turn|23
|
|t:|1743888347
|move|p1a: Ting-Lu|Earthquake|p2a: Garganacl
|-supereffective|p2a: Garganacl
|-damage|p2a: Garganacl|0 fnt
|faint|p2a: Garganacl
|
|-heal|p1a: Ting-Lu|75/100|[from] item: Leftovers
|-damage|p1a: Ting-Lu|62/100|[from] Salt Cure
|upkeep
|
|t:|1743888350
|switch|p2a: Iron Leaves|Iron Leaves|100/100
|-damage|p2a: Iron Leaves|88/100|[from] Stealth Rock
|-enditem|p2a: Iron Leaves|Booster Energy
|-activate|p2a: Iron Leaves|ability: Quark Drive|[fromitem]
|-start|p2a: Iron Leaves|quarkdriveatk
|turn|24
|
|t:|1743888361
|switch|p1a: Corviknight|Corviknight, F|100/100
|-ability|p1a: Corviknight|Pressure
|move|p2a: Iron Leaves|Psyblade|p1a: Corviknight
|-resisted|p1a: Corviknight
|-damage|p1a: Corviknight|82/100
|-damage|p2a: Iron Leaves|72/100|[from] item: Rocky Helmet|[of] p1a: Corviknight
|
|upkeep
|turn|25
|
|t:|1743888370
|move|p2a: Iron Leaves|Sacred Sword|p1a: Corviknight
|-damage|p1a: Corviknight|57/100
|-damage|p2a: Iron Leaves|55/100|[from] item: Rocky Helmet|[of] p1a: Corviknight
|move|p1a: Corviknight|Roost|p1a: Corviknight
|-heal|p1a: Corviknight|100/100
|-singleturn|p1a: Corviknight|move: Roost
|
|upkeep
|turn|26
|inactive|sumerand has 120 seconds left.
|inactive|sumerand has 90 seconds left.
|inactive|sumerand has 60 seconds left.
|
|t:|1743888479
|move|p2a: Iron Leaves|Swords Dance|p2a: Iron Leaves
|-boost|p2a: Iron Leaves|atk|2
|move|p1a: Corviknight|Body Press|p2a: Iron Leaves
|-resisted|p2a: Iron Leaves
|-damage|p2a: Iron Leaves|40/100
|
|upkeep
|turn|27
|
|t:|1743888487
|switch|p1a: Alomomola|Alomomola, F|100/100
|move|p2a: Iron Leaves|Sacred Sword|p1a: Alomomola
|-crit|p1a: Alomomola
|-damage|p1a: Alomomola|34/100
|
|upkeep
|turn|28
|
|t:|1743888494
|move|p2a: Iron Leaves|Leaf Blade|p1a: Alomomola
|-supereffective|p1a: Alomomola
|-damage|p1a: Alomomola|0 fnt
|faint|p1a: Alomomola
|
|upkeep
|
|t:|1743888500
|switch|p1a: Inteleon|Inteleon, M|100/100
|turn|29
|
|t:|1743888503
|move|p1a: Inteleon|Ice Beam|p2a: Iron Leaves
|-supereffective|p2a: Iron Leaves
|-damage|p2a: Iron Leaves|0 fnt
|faint|p2a: Iron Leaves
|-end|p2a: Iron Leaves|Quark Drive|[silent]
|
|upkeep
|
|t:|1743888515
|switch|p2a: Goodra|Goodra-Hisui, M|100/100
|-damage|p2a: Goodra|95/100|[from] Stealth Rock
|turn|30
|inactive|sumerand has 60 seconds left.
|j|@Distrib
|l|@Distrib
|
|t:|1743888561
|switch|p1a: Ting-Lu|Ting-Lu|62/100
|-ability|p1a: Ting-Lu|Vessel of Ruin
|move|p2a: Goodra|Dragon Pulse|p1a: Ting-Lu
|-damage|p1a: Ting-Lu|48/100
|
|-heal|p2a: Goodra|100/100|[from] item: Leftovers
|-heal|p1a: Ting-Lu|55/100|[from] item: Leftovers
|upkeep
|turn|31
|
|t:|1743888571
|move|p2a: Goodra|Earthquake|p1a: Ting-Lu
|-damage|p1a: Ting-Lu|42/100
|move|p1a: Ting-Lu|Earthquake|p2a: Goodra
|-supereffective|p2a: Goodra
|-damage|p2a: Goodra|31/100
|
|-heal|p2a: Goodra|37/100|[from] item: Leftovers
|-heal|p1a: Ting-Lu|49/100|[from] item: Leftovers
|upkeep
|turn|32
|
|t:|1743888581
|move|p2a: Goodra|Earthquake|p1a: Ting-Lu
|-damage|p1a: Ting-Lu|36/100
|move|p1a: Ting-Lu|Earthquake|p2a: Goodra
|-supereffective|p2a: Goodra
|-damage|p2a: Goodra|0 fnt
|faint|p2a: Goodra
|
|-heal|p1a: Ting-Lu|42/100|[from] item: Leftovers
|upkeep
|
|t:|1743888588
|switch|p2a: Kingambit|Kingambit, M, shiny|100/100
|-damage|p2a: Kingambit|94/100|[from] Stealth Rock
|-activate|p2a: Kingambit|ability: Supreme Overlord
|-start|p2a: Kingambit|fallen5|[silent]
|turn|33
|
|t:|1743888594
|-terastallize|p2a: Kingambit|Fairy
|move|p2a: Kingambit|Low Kick|p1a: Ting-Lu
|-supereffective|p1a: Ting-Lu
|-damage|p1a: Ting-Lu|0 fnt
|faint|p1a: Ting-Lu
|
|upkeep
|
|t:|1743888602
|switch|p1a: Corviknight|Corviknight, F|100/100
|-ability|p1a: Corviknight|Pressure
|turn|34
|
|t:|1743888607
|move|p2a: Kingambit|Sucker Punch||[still]
|-fail|p2a: Kingambit
|move|p1a: Corviknight|Iron Defense|p1a: Corviknight
|-boost|p1a: Corviknight|def|2
|
|upkeep
|turn|35
|inactive|sumerand has 60 seconds left.
|
|t:|1743888622
|move|p1a: Corviknight|Iron Defense|p1a: Corviknight
|-boost|p1a: Corviknight|def|2
|move|p2a: Kingambit|Kowtow Cleave|p1a: Corviknight
|-damage|p1a: Corviknight|85/100
|-damage|p2a: Kingambit|78/100|[from] item: Rocky Helmet|[of] p1a: Corviknight
|
|upkeep
|turn|36
|inactive|sumerand has 60 seconds left.
|
|t:|1743888630
|move|p1a: Corviknight|Body Press|p2a: Kingambit
|-resisted|p2a: Kingambit
|-damage|p2a: Kingambit|43/100
|move|p2a: Kingambit|Kowtow Cleave|p1a: Corviknight
|-damage|p1a: Corviknight|70/100
|-damage|p2a: Kingambit|27/100|[from] item: Rocky Helmet|[of] p1a: Corviknight
|
|upkeep
|turn|37
|
|t:|1743888638
|move|p2a: Kingambit|Sucker Punch|p1a: Corviknight
|-damage|p1a: Corviknight|56/100
|-damage|p2a: Kingambit|10/100|[from] item: Rocky Helmet|[of] p1a: Corviknight
|move|p1a: Corviknight|Body Press|p2a: Kingambit
|-resisted|p2a: Kingambit
|-damage|p2a: Kingambit|0 fnt
|faint|p2a: Kingambit
|-end|p2a: Kingambit|fallen5|[silent]
|
|win|sumerand
|raw|sumerand's rating: 1235 &rarr; <strong>1258</strong><br />(+23 for winning)
|raw|vergilspard4's rating: 1202 &rarr; <strong>1179</strong><br />(-23 for losing)
|l|☆vergilspard4
|player|p2|
