|j|☆Charizandra
|j|☆jazzhat
|t:|1743874265
|gametype|singles
|player|p1|Charizandra|aromalady|1070
|player|p2|jazzhat|lucas|1101
|teamsize|p1|6
|teamsize|p2|6
|gen|9
|tier|[Gen 9] OU
|rated|
|rule|HP Percentage Mod: HP is shown in percentages
|rule|Endless Battle Clause: Forcing endless battles is banned
|rule|Species Clause: Limit one of each Pokémon
|rule|OHKO Clause: OHKO moves are banned
|rule|Evasion Items Clause: Evasion items are banned
|rule|Evasion Moves Clause: Evasion moves are banned
|rule|Sleep Moves Clause: Sleep-inducing moves are banned
|clearpoke
|poke|p1|Minior-Blue|
|poke|p1|Salazzle, F|
|poke|p1|Wo-Chien|
|poke|p1|Scrafty, M|
|poke|p1|Mudsdale, F|
|poke|p1|Leavanny, M|
|poke|p2|Umbreon, M|
|poke|p2|Salazzle, F|
|poke|p2|Corviknight, F|
|poke|p2|Grimmsnarl, M|
|poke|p2|Amoonguss, F|
|poke|p2|Dragonite, M|
|teampreview
|inactive|Battle timer is ON: inactive players will automatically lose when time's up. (requested by jazzhat)
|
|t:|1743874279
|start
|switch|p1a: Leavanny|Leavanny, M|100/100
|switch|p2a: Slizzy|Salazzle, F|100/100
|turn|1
|
|t:|1743874286
|move|p2a: Slizzy|Flamethrower|p1a: Leavanny
|-supereffective|p1a: Leavanny
|-enditem|p1a: Leavanny|Focus Sash
|-damage|p1a: Leavanny|1/100
|move|p1a: Leavanny|Sticky Web|p2a: Slizzy
|-sidestart|p2: jazzhat|move: Sticky Web
|
|upkeep
|turn|2
|
|t:|1743874289
|move|p2a: Slizzy|Flamethrower|p1a: Leavanny
|-supereffective|p1a: Leavanny
|-damage|p1a: Leavanny|0 fnt
|faint|p1a: Leavanny
|
|upkeep
|
|t:|1743874292
|switch|p1a: Minior|Minior-Blue|100/100
|-formechange|p1a: Minior|Minior-Meteor||[from] ability: Shields Down
|turn|3
|
|t:|1743874299
|move|p2a: Slizzy|Sludge Bomb|p1a: Minior
|-resisted|p1a: Minior
|-damage|p1a: Minior|74/100
|move|p1a: Minior|Shell Smash|p1a: Minior
|-unboost|p1a: Minior|def|1
|-unboost|p1a: Minior|spd|1
|-boost|p1a: Minior|atk|2
|-boost|p1a: Minior|spa|2
|-boost|p1a: Minior|spe|2
|-enditem|p1a: Minior|White Herb
|-clearnegativeboost|p1a: Minior|[silent]
|
|upkeep
|turn|4
|
|t:|1743874314
|move|p1a: Minior|Earthquake|p2a: Slizzy
|-supereffective|p2a: Slizzy
|-enditem|p2a: Slizzy|Focus Sash
|-damage|p2a: Slizzy|1/100
|move|p2a: Slizzy|Sludge Bomb|p1a: Minior
|-resisted|p1a: Minior
|-damage|p1a: Minior|48/100
|
|-formechange|p1a: Minior|Minior-Blue||[from] ability: Shields Down
|upkeep
|turn|5
|
|t:|1743874329
|move|p1a: Minior|Acrobatics|p2a: Slizzy
|-damage|p2a: Slizzy|0 fnt
|faint|p2a: Slizzy
|
|upkeep
|
|t:|1743874333
|switch|p2a: Oh the Iron E|Corviknight, F|100/100
|turn|6
|
|t:|1743874337
|move|p1a: Minior|Rock Slide|p2a: Oh the Iron E
|-damage|p2a: Oh the Iron E|54/100
|cant|p2a: Oh the Iron E|flinch
|
|-heal|p2a: Oh the Iron E|60/100|[from] item: Leftovers
|upkeep
|turn|7
|
|t:|1743874344
|move|p1a: Minior|Rock Slide|p2a: Oh the Iron E
|-damage|p2a: Oh the Iron E|13/100
|cant|p2a: Oh the Iron E|flinch
|
|-heal|p2a: Oh the Iron E|19/100|[from] item: Leftovers
|upkeep
|turn|8
|
|t:|1743874352
|move|p1a: Minior|Rock Slide|p2a: Oh the Iron E
|-damage|p2a: Oh the Iron E|0 fnt
|faint|p2a: Oh the Iron E
|
|upkeep
|
|t:|1743874355
|switch|p2a: Stardust D|Dragonite, M|100/100
|turn|9
|
|t:|1743874360
|-terastallize|p2a: Stardust D|Normal
|move|p2a: Stardust D|Extreme Speed|p1a: Minior
|-resisted|p1a: Minior
|-damage|p1a: Minior|0 fnt
|faint|p1a: Minior
|
|upkeep
|
|t:|1743874366
|switch|p1a: Mudsdale|Mudsdale, F|100/100
|turn|10
|
|t:|1743874371
|switch|p2a: BatCat|Umbreon, M|100/100
|-activate|p2a: BatCat|move: Sticky Web
|-unboost|p2a: BatCat|spe|1
|move|p1a: Mudsdale|Earthquake|p2a: BatCat
|-damage|p2a: BatCat|69/100
|
|-heal|p2a: BatCat|75/100|[from] item: Leftovers
|upkeep
|turn|11
|
|t:|1743874374
|switch|p1a: Salazzle|Salazzle, F|100/100
|move|p2a: BatCat|Toxic|p1a: Salazzle
|-immune|p1a: Salazzle
|
|-heal|p2a: BatCat|81/100|[from] item: Leftovers
|upkeep
|turn|12
|
|t:|1743874379
|switch|p2a: Stardust D|Dragonite, M, tera:Normal|100/100
|-activate|p2a: Stardust D|move: Sticky Web
|-unboost|p2a: Stardust D|spe|1
|move|p1a: Salazzle|Toxic|p2a: Stardust D
|-status|p2a: Stardust D|tox
|
|-damage|p2a: Stardust D|94/100 tox|[from] psn
|upkeep
|turn|13
|
|t:|1743874388
|switch|p1a: Mudsdale|Mudsdale, F|100/100
|move|p2a: Stardust D|Earthquake|p1a: Mudsdale
|-damage|p1a: Mudsdale|62/100
|-ability|p1a: Mudsdale|Stamina|boost
|-boost|p1a: Mudsdale|def|1
|
|-damage|p2a: Stardust D|82/100 tox|[from] psn
|upkeep
|turn|14
|
|t:|1743874395
|switch|p2a: Reflector|Grimmsnarl, M|100/100
|-activate|p2a: Reflector|move: Sticky Web
|-unboost|p2a: Reflector|spe|1
|move|p1a: Mudsdale|Body Press|p2a: Reflector
|-damage|p2a: Reflector|58/100
|
|upkeep
|turn|15
|
|t:|1743874404
|move|p2a: Reflector|Reflect|p2a: Reflector
|-sidestart|p2: jazzhat|Reflect
|move|p1a: Mudsdale|Earthquake|p2a: Reflector
|-damage|p2a: Reflector|34/100
|
|upkeep
|turn|16
|
|t:|1743874409
|move|p2a: Reflector|Light Screen|p2a: Reflector
|-sidestart|p2: jazzhat|move: Light Screen
|move|p1a: Mudsdale|Earthquake|p2a: Reflector
|-damage|p2a: Reflector|9/100
|
|upkeep
|turn|17
|
|t:|1743874414
|move|p2a: Reflector|Parting Shot|p1a: Mudsdale
|-unboost|p1a: Mudsdale|atk|1
|-unboost|p1a: Mudsdale|spa|1
|
|t:|1743874421
|switch|p2a: Stardust D|Dragonite, M, tera:Normal|82/100 tox|[from] Parting Shot
|-activate|p2a: Stardust D|move: Sticky Web
|-unboost|p2a: Stardust D|spe|1
|move|p1a: Mudsdale|Earthquake|p2a: Stardust D
|-damage|p2a: Stardust D|68/100 tox
|
|-damage|p2a: Stardust D|62/100 tox|[from] psn
|upkeep
|turn|18
|
|t:|1743874432
|move|p2a: Stardust D|Outrage|p1a: Mudsdale
|-damage|p1a: Mudsdale|18/100
|-ability|p1a: Mudsdale|Stamina|boost
|-boost|p1a: Mudsdale|def|1
|move|p1a: Mudsdale|Body Press|p2a: Stardust D
|-supereffective|p2a: Stardust D
|-damage|p2a: Stardust D|16/100 tox
|
|-damage|p2a: Stardust D|3/100 tox|[from] psn
|upkeep
|turn|19
|
|t:|1743874442
|move|p2a: Stardust D|Outrage|p1a: Mudsdale|[from] lockedmove
|-damage|p1a: Mudsdale|0 fnt
|faint|p1a: Mudsdale
|-start|p2a: Stardust D|confusion|[fatigue]
|
|-damage|p2a: Stardust D|0 fnt|[from] psn
|faint|p2a: Stardust D
|upkeep
|
|t:|1743874454
|switch|p2a: Reflector|Grimmsnarl, M|9/100
|switch|p1a: Wo-Chien|Wo-Chien|100/100
|-ability|p1a: Wo-Chien|Tablets of Ruin
|-activate|p2a: Reflector|move: Sticky Web
|-unboost|p2a: Reflector|spe|1
|turn|20
|
|t:|1743874461
|move|p1a: Wo-Chien|Giga Drain|p2a: Reflector
|-damage|p2a: Reflector|0 fnt
|faint|p2a: Reflector
|
|upkeep
|
|t:|1743874469
|switch|p2a: BatCat|Umbreon, M|81/100
|-activate|p2a: BatCat|move: Sticky Web
|-unboost|p2a: BatCat|spe|1
|turn|21
|
|t:|1743874474
|switch|p1a: Salazzle|Salazzle, F|100/100
|move|p2a: BatCat|Toxic|p1a: Salazzle
|-immune|p1a: Salazzle
|
|-heal|p2a: BatCat|87/100|[from] item: Leftovers
|upkeep
|turn|22
|-message|jazzhat forfeited.
|
|win|Charizandra
|raw|Charizandra's rating: 1070 &rarr; <strong>1102</strong><br />(+32 for winning)
|raw|jazzhat's rating: 1101 &rarr; <strong>1074</strong><br />(-27 for losing)
|l|☆jazzhat
|player|p2|
|l|☆Charizandra
|player|p1|
