|j|☆Lin wen di
|j|☆Atyfema
|t:|1743842914
|gametype|singles
|player|p1|Lin wen di|burgh|1135
|player|p2|Atyfema|caitlin|1142
|teamsize|p1|6
|teamsize|p2|6
|gen|9
|tier|[Gen 9] OU
|rated|
|rule|HP Percentage Mod: HP is shown in percentages
|rule|Endless Battle Clause: Forcing endless battles is banned
|rule|Species Clause: Limit one of each Pokémon
|rule|OHKO Clause: OHKO moves are banned
|rule|Evasion Items Clause: Evasion items are banned
|rule|Evasion Moves Clause: Evasion moves are banned
|rule|Sleep Moves Clause: Sleep-inducing moves are banned
|clearpoke
|poke|p1|Kingambit, F|
|poke|p1|Chesnaught, M|
|poke|p1|Torterra, M|
|poke|p1|Clodsire, F|
|poke|p1|Samurott-Hisui, F|
|poke|p1|Arcanine-Hisui, F|
|poke|p2|Iron Moth|
|poke|p2|Kingambit, F|
|poke|p2|Dragonite, M|
|poke|p2|Ogerpon-Cornerstone, F|
|poke|p2|Iron Valiant|
|poke|p2|Raging Bolt|
|teampreview
|inactive|Battle timer is ON: inactive players will automatically lose when time's up. (requested by Lin wen di)
|
|t:|1743842922
|start
|switch|p1a: Samurott|Samurott-Hisui, F|100/100
|switch|p2a: Raging Bolt|Raging Bolt|100/100
|-enditem|p2a: Raging Bolt|Booster Energy
|-activate|p2a: Raging Bolt|ability: Protosynthesis|[fromitem]
|-start|p2a: Raging Bolt|protosynthesisspa
|turn|1
|
|t:|1743842932
|switch|p1a: Clodsire|Clodsire, F|100/100
|move|p2a: Raging Bolt|Calm Mind|p2a: Raging Bolt
|-boost|p2a: Raging Bolt|spa|1
|-boost|p2a: Raging Bolt|spd|1
|
|upkeep
|turn|2
|
|t:|1743842941
|move|p2a: Raging Bolt|Dragon Pulse|p1a: Clodsire
|-damage|p1a: Clodsire|47/100
|move|p1a: Clodsire|Curse|p1a: Clodsire
|-unboost|p1a: Clodsire|spe|1
|-boost|p1a: Clodsire|atk|1
|-boost|p1a: Clodsire|def|1
|
|-heal|p1a: Clodsire|53/100|[from] item: Black Sludge
|upkeep
|turn|3
|
|t:|1743842954
|move|p2a: Raging Bolt|Dragon Pulse|p1a: Clodsire
|-damage|p1a: Clodsire|0 fnt
|faint|p1a: Clodsire
|
|upkeep
|
|t:|1743842970
|switch|p1a: Torterra|Torterra, M|100/100
|turn|4
|
|t:|1743842982
|move|p2a: Raging Bolt|Dragon Pulse|p1a: Torterra
|-damage|p1a: Torterra|1/100
|move|p1a: Torterra|Shell Smash|p1a: Torterra
|-unboost|p1a: Torterra|def|1
|-unboost|p1a: Torterra|spd|1
|-boost|p1a: Torterra|atk|2
|-boost|p1a: Torterra|spa|2
|-boost|p1a: Torterra|spe|2
|
|upkeep
|turn|5
|
|t:|1743842993
|move|p1a: Torterra|Rock Blast|p2a: Raging Bolt
|-damage|p2a: Raging Bolt|86/100
|-damage|p2a: Raging Bolt|69/100
|-damage|p2a: Raging Bolt|53/100
|-damage|p2a: Raging Bolt|37/100
|-hitcount|p2a: Raging Bolt|4
|move|p2a: Raging Bolt|Dragon Pulse|p1a: Torterra
|-damage|p1a: Torterra|0 fnt
|faint|p1a: Torterra
|
|upkeep
|
|t:|1743843003
|switch|p1a: Kingambit|Kingambit, F|100/100
|-activate|p1a: Kingambit|ability: Supreme Overlord
|-start|p1a: Kingambit|fallen2|[silent]
|turn|6
|
|t:|1743843009
|move|p2a: Raging Bolt|Thunderclap|p1a: Kingambit
|-damage|p1a: Kingambit|15/100
|move|p1a: Kingambit|Sucker Punch||[still]
|-fail|p1a: Kingambit
|
|upkeep
|turn|7
|
|t:|1743843015
|move|p2a: Raging Bolt|Thunderclap||[still]
|-fail|p2a: Raging Bolt
|move|p1a: Kingambit|Swords Dance|p1a: Kingambit
|-boost|p1a: Kingambit|atk|2
|
|upkeep
|turn|8
|
|t:|1743843022
|move|p2a: Raging Bolt|Thunderclap|p1a: Kingambit
|-damage|p1a: Kingambit|0 fnt
|faint|p1a: Kingambit
|-end|p1a: Kingambit|fallen2|[silent]
|
|upkeep
|
|t:|1743843025
|switch|p1a: Arcanine|Arcanine-Hisui, F|100/100
|turn|9
|
|t:|1743843029
|move|p1a: Arcanine|Extreme Speed|p2a: Raging Bolt
|-damage|p2a: Raging Bolt|0 fnt
|faint|p2a: Raging Bolt
|-end|p2a: Raging Bolt|Protosynthesis|[silent]
|
|upkeep
|
|t:|1743843045
|switch|p2a: Ogerpon|Ogerpon-Cornerstone, F|100/100
|turn|10
|
|t:|1743843052
|switch|p1a: Chesnaught|Chesnaught, M|100/100
|move|p2a: Ogerpon|Knock Off|p1a: Chesnaught
|-resisted|p1a: Chesnaught
|-damage|p1a: Chesnaught|88/100
|-damage|p2a: Ogerpon|84/100|[from] item: Rocky Helmet|[of] p1a: Chesnaught
|-enditem|p1a: Chesnaught|Rocky Helmet|[from] move: Knock Off|[of] p2a: Ogerpon
|
|upkeep
|turn|11
|
|t:|1743843062
|switch|p2a: Iron Moth|Iron Moth|100/100
|-enditem|p2a: Iron Moth|Booster Energy
|-activate|p2a: Iron Moth|ability: Quark Drive|[fromitem]
|-start|p2a: Iron Moth|quarkdrivespe
|move|p1a: Chesnaught|Drain Punch|p2a: Iron Moth
|-resisted|p2a: Iron Moth
|-damage|p2a: Iron Moth|79/100
|-heal|p1a: Chesnaught|96/100|[from] drain|[of] p2a: Iron Moth
|
|upkeep
|turn|12
|
|t:|1743843073
|switch|p1a: Samurott|Samurott-Hisui, F|100/100
|move|p2a: Iron Moth|Fiery Dance|p1a: Samurott
|-resisted|p1a: Samurott
|-damage|p1a: Samurott|82/100
|
|upkeep
|turn|13
|
|t:|1743843081
|move|p1a: Samurott|Aqua Jet|p2a: Iron Moth
|-supereffective|p2a: Iron Moth
|-damage|p2a: Iron Moth|23/100
|move|p2a: Iron Moth|Energy Ball|p1a: Samurott
|-supereffective|p1a: Samurott
|-damage|p1a: Samurott|23/100
|-unboost|p1a: Samurott|spd|1
|
|upkeep
|turn|14
|
|t:|1743843091
|move|p1a: Samurott|Aqua Jet|p2a: Iron Moth
|-supereffective|p2a: Iron Moth
|-damage|p2a: Iron Moth|0 fnt
|faint|p2a: Iron Moth
|-end|p2a: Iron Moth|Quark Drive|[silent]
|
|upkeep
|
|t:|1743843097
|switch|p2a: Ogerpon|Ogerpon-Cornerstone, F|84/100
|turn|15
|
|t:|1743843108
|switch|p1a: Chesnaught|Chesnaught, M|96/100
|move|p2a: Ogerpon|Ivy Cudgel|p1a: Chesnaught|[anim] Ivy Cudgel Rock
|-resisted|p1a: Chesnaught
|-crit|p1a: Chesnaught
|-damage|p1a: Chesnaught|69/100
|
|upkeep
|turn|16
|
|t:|1743843118
|switch|p2a: Iron Valiant|Iron Valiant|100/100
|-enditem|p2a: Iron Valiant|Booster Energy
|-activate|p2a: Iron Valiant|ability: Quark Drive|[fromitem]
|-start|p2a: Iron Valiant|quarkdrivespe
|move|p1a: Chesnaught|Leech Seed|p2a: Iron Valiant
|-start|p2a: Iron Valiant|move: Leech Seed
|
|-damage|p2a: Iron Valiant|88/100|[from] Leech Seed|[of] p1a: Chesnaught
|-heal|p1a: Chesnaught|79/100|[silent]
|upkeep
|turn|17
|
|t:|1743843131
|move|p1a: Chesnaught|Spiky Shield|p1a: Chesnaught
|-singleturn|p1a: Chesnaught|move: Protect
|move|p2a: Iron Valiant|Swords Dance|p2a: Iron Valiant
|-boost|p2a: Iron Valiant|atk|2
|
|-damage|p2a: Iron Valiant|76/100|[from] Leech Seed|[of] p1a: Chesnaught
|-heal|p1a: Chesnaught|88/100|[silent]
|upkeep
|turn|18
|
|t:|1743843145
|switch|p1a: Arcanine|Arcanine-Hisui, F|100/100
|move|p2a: Iron Valiant|Swords Dance|p2a: Iron Valiant
|-boost|p2a: Iron Valiant|atk|2
|
|-damage|p2a: Iron Valiant|63/100|[from] Leech Seed|[of] p1a: Arcanine
|upkeep
|turn|19
|
|t:|1743843160
|move|p1a: Arcanine|Extreme Speed|p2a: Iron Valiant
|-damage|p2a: Iron Valiant|12/100
|move|p2a: Iron Valiant|Close Combat|p1a: Arcanine
|-supereffective|p1a: Arcanine
|-damage|p1a: Arcanine|0 fnt
|-unboost|p2a: Iron Valiant|def|1
|-unboost|p2a: Iron Valiant|spd|1
|faint|p1a: Arcanine
|
|upkeep
|
|t:|1743843167
|switch|p1a: Chesnaught|Chesnaught, M|88/100
|turn|20
|
|t:|1743843177
|-end|p2a: Iron Valiant|Quark Drive|[silent]
|switch|p2a: Dragonite|Dragonite, M|100/100
|move|p1a: Chesnaught|Spiky Shield||[still]
|-fail|p1a: Chesnaught
|
|upkeep
|turn|21
|
|t:|1743843186
|move|p2a: Dragonite|Dragon Dance|p2a: Dragonite
|-boost|p2a: Dragonite|atk|1
|-boost|p2a: Dragonite|spe|1
|move|p1a: Chesnaught|Leech Seed|p2a: Dragonite
|-start|p2a: Dragonite|move: Leech Seed
|
|-damage|p2a: Dragonite|88/100|[from] Leech Seed|[of] p1a: Chesnaught
|-heal|p1a: Chesnaught|99/100|[silent]
|upkeep
|turn|22
|
|t:|1743843209
|-terastallize|p2a: Dragonite|Flying
|move|p2a: Dragonite|Dragon Dance|p2a: Dragonite
|-boost|p2a: Dragonite|atk|1
|-boost|p2a: Dragonite|spe|1
|move|p1a: Chesnaught|Drain Punch|p2a: Dragonite
|-resisted|p2a: Dragonite
|-damage|p2a: Dragonite|69/100
|-heal|p1a: Chesnaught|100/100|[from] drain|[of] p2a: Dragonite
|
|-damage|p2a: Dragonite|57/100|[from] Leech Seed|[of] p1a: Chesnaught
|upkeep
|turn|23
|
|t:|1743843223
|move|p2a: Dragonite|Tera Blast|p1a: Chesnaught|[anim] Tera Blast Flying
|-supereffective|p1a: Chesnaught
|-damage|p1a: Chesnaught|0 fnt
|faint|p1a: Chesnaught
|
|upkeep
|
|t:|1743843227
|switch|p1a: Samurott|Samurott-Hisui, F|23/100
|turn|24
|
|t:|1743843238
|move|p2a: Dragonite|Extreme Speed|p1a: Samurott
|-damage|p1a: Samurott|0 fnt
|faint|p1a: Samurott
|
|win|Atyfema
|raw|Lin wen di's rating: 1135 &rarr; <strong>1111</strong><br />(-24 for losing)
|raw|Atyfema's rating: 1142 &rarr; <strong>1166</strong><br />(+24 for winning)
|l|☆Lin wen di
|player|p1|
