|j|☆cjcrazy138
|j|☆lj28*
|t:|1743820344
|gametype|singles
|player|p1|cjcrazy138|266|1088
|player|p2|lj28*|dawn|1065
|teamsize|p1|6
|teamsize|p2|6
|gen|9
|tier|[Gen 9] OU
|rated|
|rule|HP Percentage Mod: HP is shown in percentages
|rule|Endless Battle Clause: Forcing endless battles is banned
|rule|Species Clause: Limit one of each Pokémon
|rule|OHKO Clause: OHKO moves are banned
|rule|Evasion Items Clause: Evasion items are banned
|rule|Evasion Moves Clause: Evasion moves are banned
|rule|Sleep Moves Clause: Sleep-inducing moves are banned
|clearpoke
|poke|p1|Zapdos|
|poke|p1|Blastoise, M|
|poke|p1|Pelipper, M|
|poke|p1|Torkoal, M|
|poke|p1|Ivysaur, F|
|poke|p1|Ludicolo, F|
|poke|p2|Gliscor, M|
|poke|p2|Cinderace, M|
|poke|p2|Darkrai|
|poke|p2|Raging Bolt|
|poke|p2|Tsareena, F|
|poke|p2|Hatterene, F|
|teampreview
|inactive|Battle timer is ON: inactive players will automatically lose when time's up. (requested by lj28*)
|
|t:|1743820356
|start
|switch|p1a: Torkoal|Torkoal, M|100/100
|switch|p2a: Darkrai|Darkrai, shiny|100/100
|-weather|SunnyDay|[from] ability: Drought|[of] p1a: Torkoal
|turn|1
|
|t:|1743820371
|move|p2a: Darkrai|Nasty Plot|p2a: Darkrai
|-boost|p2a: Darkrai|spa|2
|move|p1a: Torkoal|Lava Plume|p2a: Darkrai
|-damage|p2a: Darkrai|55/100
|
|-weather|SunnyDay|[upkeep]
|upkeep
|turn|2
|
|t:|1743820381
|switch|p1a: Pelipper|Pelipper, M|100/100
|-weather|RainDance|[from] ability: Drizzle|[of] p1a: Pelipper
|move|p2a: Darkrai|Dark Pulse|p1a: Pelipper
|-damage|p1a: Pelipper|0 fnt
|faint|p1a: Pelipper
|-damage|p2a: Darkrai|45/100|[from] item: Life Orb
|
|-weather|RainDance|[upkeep]
|upkeep
|
|t:|1743820392
|switch|p1a: Ludicolo|Ludicolo, F|100/100
|turn|3
|
|t:|1743820401
|move|p1a: Ludicolo|Weather Ball|p2a: Darkrai
|-damage|p2a: Darkrai|0 fnt
|faint|p2a: Darkrai
|
|-weather|RainDance|[upkeep]
|upkeep
|
|t:|1743820409
|switch|p2a: Tsareena|Tsareena, F, shiny|100/100
|turn|4
|
|t:|1743820416
|switch|p1a: Torkoal|Torkoal, M|100/100
|-weather|SunnyDay|[from] ability: Drought|[of] p1a: Torkoal
|move|p2a: Tsareena|High Jump Kick|p1a: Torkoal
|-damage|p1a: Torkoal|63/100
|
|-weather|SunnyDay|[upkeep]
|-heal|p1a: Torkoal|69/100|[from] item: Leftovers
|upkeep
|turn|5
|
|t:|1743820429
|switch|p2a: Raging Bolt|Raging Bolt|100/100
|-activate|p2a: Raging Bolt|ability: Protosynthesis
|-start|p2a: Raging Bolt|protosynthesisspa
|move|p1a: Torkoal|Curse|p1a: Torkoal
|-unboost|p1a: Torkoal|spe|1
|-boost|p1a: Torkoal|atk|1
|-boost|p1a: Torkoal|def|1
|
|-weather|SunnyDay|[upkeep]
|-heal|p1a: Torkoal|75/100|[from] item: Leftovers
|upkeep
|turn|6
|
|t:|1743820441
|move|p1a: Torkoal|Protect|p1a: Torkoal
|-singleturn|p1a: Torkoal|Protect
|move|p2a: Raging Bolt|Thunderbolt|p1a: Torkoal
|-activate|p1a: Torkoal|move: Protect
|
|-weather|SunnyDay|[upkeep]
|-heal|p1a: Torkoal|81/100|[from] item: Leftovers
|upkeep
|turn|7
|
|t:|1743820451
|switch|p1a: Ivysaur|Ivysaur, F|100/100
|move|p2a: Raging Bolt|Dragon Pulse|p1a: Ivysaur
|-damage|p1a: Ivysaur|29/100
|
|-weather|SunnyDay|[upkeep]
|upkeep
|turn|8
|
|t:|1743820466
|-terastallize|p1a: Ivysaur|Grass
|move|p2a: Raging Bolt|Thunderclap||[still]
|-fail|p2a: Raging Bolt
|move|p1a: Ivysaur|Synthesis|p1a: Ivysaur
|-heal|p1a: Ivysaur|96/100
|
|-weather|none
|-end|p2a: Raging Bolt|Protosynthesis
|upkeep
|turn|9
|
|t:|1743820484
|move|p1a: Ivysaur|Trailblaze|p2a: Raging Bolt
|-resisted|p2a: Raging Bolt
|-damage|p2a: Raging Bolt|93/100
|-boost|p1a: Ivysaur|spe|1
|move|p2a: Raging Bolt|Dragon Pulse|p1a: Ivysaur
|-damage|p1a: Ivysaur|39/100
|
|-heal|p2a: Raging Bolt|99/100|[from] item: Leftovers
|upkeep
|turn|10
|
|t:|1743820493
|move|p1a: Ivysaur|Body Slam|p2a: Raging Bolt
|-damage|p2a: Raging Bolt|88/100
|move|p2a: Raging Bolt|Dragon Pulse|p1a: Ivysaur
|-damage|p1a: Ivysaur|0 fnt
|faint|p1a: Ivysaur
|
|-heal|p2a: Raging Bolt|94/100|[from] item: Leftovers
|upkeep
|
|t:|1743820504
|switch|p1a: Blastoise|Blastoise, M|100/100
|turn|11
|
|t:|1743820508
|move|p1a: Blastoise|Rain Dance|p1a: Blastoise
|-weather|RainDance
|move|p2a: Raging Bolt|Thunderbolt|p1a: Blastoise
|-supereffective|p1a: Blastoise
|-damage|p1a: Blastoise|12/100
|
|-weather|RainDance|[upkeep]
|-heal|p1a: Blastoise|18/100|[from] ability: Rain Dish
|-heal|p2a: Raging Bolt|100/100|[from] item: Leftovers
|upkeep
|turn|12
|
|t:|1743820515
|move|p1a: Blastoise|Icy Wind|p2a: Raging Bolt
|-supereffective|p2a: Raging Bolt
|-damage|p2a: Raging Bolt|82/100
|-unboost|p2a: Raging Bolt|spe|1
|move|p2a: Raging Bolt|Thunderbolt|p1a: Blastoise
|-supereffective|p1a: Blastoise
|-damage|p1a: Blastoise|0 fnt
|faint|p1a: Blastoise
|
|-weather|RainDance|[upkeep]
|-heal|p2a: Raging Bolt|88/100|[from] item: Leftovers
|upkeep
|
|t:|1743820530
|switch|p1a: Ludicolo|Ludicolo, F|100/100
|turn|13
|
|t:|1743820536
|move|p1a: Ludicolo|Hydro Pump|p2a: Raging Bolt
|-resisted|p2a: Raging Bolt
|-damage|p2a: Raging Bolt|49/100
|move|p2a: Raging Bolt|Dragon Pulse|p1a: Ludicolo
|-damage|p1a: Ludicolo|37/100
|
|-weather|RainDance|[upkeep]
|-heal|p2a: Raging Bolt|55/100|[from] item: Leftovers
|upkeep
|turn|14
|
|t:|1743820544
|move|p2a: Raging Bolt|Thunderclap|p1a: Ludicolo
|-damage|p1a: Ludicolo|0 fnt
|faint|p1a: Ludicolo
|
|-weather|RainDance|[upkeep]
|-heal|p2a: Raging Bolt|61/100|[from] item: Leftovers
|upkeep
|-message|cjcrazy138 forfeited.
|
|win|lj28*
|raw|cjcrazy138's rating: 1088 &rarr; <strong>1063</strong><br />(-25 for losing)
|raw|lj28*'s rating: 1065 &rarr; <strong>1097</strong><br />(+32 for winning)
|l|☆cjcrazy138
|player|p1|
|l|☆lj28*
|player|p2|
