|j|☆dikuccv
|j|☆BeachVolleyball182
|t:|1743921027
|gametype|singles
|player|p1|dikuccv|1|1129
|player|p2|BeachVolleyball182|roxie|1084
|teamsize|p1|6
|teamsize|p2|6
|gen|9
|tier|[Gen 9] OU
|rated|
|rule|HP Percentage Mod: HP is shown in percentages
|rule|Endless Battle Clause: Forcing endless battles is banned
|rule|Species Clause: Limit one of each Pokémon
|rule|OHKO Clause: OHKO moves are banned
|rule|Evasion Items Clause: Evasion items are banned
|rule|Evasion Moves Clause: Evasion moves are banned
|rule|Sleep Moves Clause: Sleep-inducing moves are banned
|clearpoke
|poke|p1|Iron Crown|
|poke|p1|Iron Hands|
|poke|p1|Great Tusk|
|poke|p1|Glimmora, M|
|poke|p1|Arcanine-Hisui, F|
|poke|p1|Gyarados, F|
|poke|p2|Gothitelle, F|
|poke|p2|Empoleon, M|
|poke|p2|Lilligant-Hisui, F|
|poke|p2|Hydreigon, M|
|poke|p2|Talonflame, F|
|poke|p2|Fezandipiti, M|
|teampreview
|
|t:|1743921050
|start
|switch|p1a: ZachuVGC|Iron Hands|100/100
|switch|p2a: Hu Long|Fezandipiti, M|100/100
|turn|1
|
|t:|1743921066
|-terastallize|p1a: ZachuVGC|Steel
|move|p2a: Hu Long|Poison Jab|p1a: ZachuVGC
|-immune|p1a: ZachuVGC
|move|p1a: ZachuVGC|Swords Dance|p1a: ZachuVGC
|-boost|p1a: ZachuVGC|atk|2
|
|upkeep
|turn|2
|
|t:|1743921073
|switch|p2a: Sera|Talonflame, F|100/100
|move|p1a: ZachuVGC|Thunder Punch|p2a: Sera
|-supereffective|p2a: Sera
|-damage|p2a: Sera|0 fnt
|faint|p2a: Sera
|
|upkeep
|
|t:|1743921085
|switch|p2a: Suzu|Lilligant-Hisui, F, shiny|100/100
|turn|3
|
|t:|1743921089
|move|p2a: Suzu|Low Kick|p1a: ZachuVGC
|-supereffective|p1a: ZachuVGC
|-crit|p1a: ZachuVGC
|-damage|p1a: ZachuVGC|0 fnt
|faint|p1a: ZachuVGC
|-end|p1a: ZachuVGC|Quark Drive|[silent]
|
|upkeep
|
|t:|1743921106
|switch|p1a: Arcanine|Arcanine-Hisui, F|100/100
|-item|p1a: Arcanine|Air Balloon
|turn|4
|
|t:|1743921114
|-terastallize|p2a: Suzu|Fighting
|move|p2a: Suzu|Victory Dance|p2a: Suzu
|-boost|p2a: Suzu|atk|1
|-boost|p2a: Suzu|def|1
|-boost|p2a: Suzu|spe|1
|move|p1a: Arcanine|Flare Blitz|p2a: Suzu
|-damage|p2a: Suzu|46/100
|
|-heal|p2a: Suzu|52/100|[from] item: Leftovers
|upkeep
|turn|5
|
|t:|1743921129
|switch|p1a: Gyarados|Gyarados, F|100/100
|-ability|p1a: Gyarados|Intimidate|boost
|-unboost|p2a: Suzu|atk|1
|move|p2a: Suzu|Low Kick|p1a: Gyarados
|-resisted|p1a: Gyarados
|-damage|p1a: Gyarados|42/100
|
|-heal|p2a: Suzu|58/100|[from] item: Leftovers
|upkeep
|turn|6
|
|t:|1743921137
|move|p2a: Suzu|Low Kick|p1a: Gyarados|[miss]
|-miss|p2a: Suzu|p1a: Gyarados
|move|p1a: Gyarados|Dragon Tail|p2a: Suzu
|-damage|p2a: Suzu|36/100
|drag|p2a: Emporio|Empoleon, M|100/100
|
|upkeep
|turn|7
|
|t:|1743921147
|switch|p1a: Iron Crown|Iron Crown|100/100
|-enditem|p1a: Iron Crown|Booster Energy
|-activate|p1a: Iron Crown|ability: Quark Drive|[fromitem]
|-start|p1a: Iron Crown|quarkdrivespe
|move|p2a: Emporio|Swords Dance|p2a: Emporio
|-boost|p2a: Emporio|atk|2
|
|upkeep
|turn|8
|
|t:|1743921157
|move|p1a: Iron Crown|Iron Defense|p1a: Iron Crown
|-boost|p1a: Iron Crown|def|2
|move|p2a: Emporio|Ice Beam|p1a: Iron Crown
|-resisted|p1a: Iron Crown
|-damage|p1a: Iron Crown|86/100
|
|upkeep
|turn|9
|
|t:|1743921162
|switch|p2a: EdEddEddy|Hydreigon, M|100/100
|move|p1a: Iron Crown|Iron Defense|p1a: Iron Crown
|-boost|p1a: Iron Crown|def|2
|
|upkeep
|turn|10
|
|t:|1743921168
|move|p1a: Iron Crown|Focus Blast|p2a: EdEddEddy
|-supereffective|p2a: EdEddEddy
|-damage|p2a: EdEddEddy|10/100
|move|p2a: EdEddEddy|Dragon Tail|p1a: Iron Crown
|-resisted|p1a: Iron Crown
|-damage|p1a: Iron Crown|79/100
|-damage|p2a: EdEddEddy|0 fnt|[from] item: Life Orb
|faint|p2a: EdEddEddy
|-end|p1a: Iron Crown|Quark Drive|[silent]
|drag|p1a: Great Tusk|Great Tusk|100/100
|-enditem|p1a: Great Tusk|Booster Energy
|-activate|p1a: Great Tusk|ability: Protosynthesis|[fromitem]
|-start|p1a: Great Tusk|protosynthesisspe
|
|upkeep
|
|t:|1743921179
|switch|p2a: Suzu|Lilligant-Hisui, F, shiny, tera:Fighting|36/100
|turn|11
|
|t:|1743921185
|move|p1a: Great Tusk|Bulk Up|p1a: Great Tusk
|-boost|p1a: Great Tusk|atk|1
|-boost|p1a: Great Tusk|def|1
|move|p2a: Suzu|Leech Seed|p1a: Great Tusk
|-start|p1a: Great Tusk|move: Leech Seed
|
|-heal|p2a: Suzu|42/100|[from] item: Leftovers
|-damage|p1a: Great Tusk|88/100|[from] Leech Seed|[of] p2a: Suzu
|-heal|p2a: Suzu|61/100|[silent]
|upkeep
|turn|12
|
|t:|1743921194
|move|p1a: Great Tusk|Rapid Spin|p2a: Suzu
|-damage|p2a: Suzu|29/100
|-boost|p1a: Great Tusk|spe|1
|-end|p1a: Great Tusk|Leech Seed|[from] move: Rapid Spin|[of] p1a: Great Tusk
|move|p2a: Suzu|Low Kick|p1a: Great Tusk|[miss]
|-miss|p2a: Suzu|p1a: Great Tusk
|
|-heal|p2a: Suzu|35/100|[from] item: Leftovers
|upkeep
|turn|13
|inactive|Battle timer is ON: inactive players will automatically lose when time's up. (requested by dikuccv)
|
|t:|1743921207
|move|p1a: Great Tusk|Bulk Up|p1a: Great Tusk
|-boost|p1a: Great Tusk|atk|1
|-boost|p1a: Great Tusk|def|1
|move|p2a: Suzu|Petal Blizzard|p1a: Great Tusk
|-supereffective|p1a: Great Tusk
|-damage|p1a: Great Tusk|49/100
|
|-heal|p2a: Suzu|41/100|[from] item: Leftovers
|upkeep
|turn|14
|
|t:|1743921217
|move|p1a: Great Tusk|Headlong Rush|p2a: Suzu
|-damage|p2a: Suzu|0 fnt
|-unboost|p1a: Great Tusk|def|1
|-unboost|p1a: Great Tusk|spd|1
|faint|p2a: Suzu
|
|upkeep
|
|t:|1743921223
|switch|p2a: Emporio|Empoleon, M|100/100
|turn|15
|
|t:|1743921228
|move|p2a: Emporio|Aqua Jet|p1a: Great Tusk
|-supereffective|p1a: Great Tusk
|-damage|p1a: Great Tusk|39/100
|move|p1a: Great Tusk|Headlong Rush|p2a: Emporio
|-supereffective|p2a: Emporio
|-damage|p2a: Emporio|0 fnt
|-unboost|p1a: Great Tusk|def|1
|-unboost|p1a: Great Tusk|spd|1
|faint|p2a: Emporio
|
|upkeep
|
|t:|1743921238
|switch|p2a: Hu Long|Fezandipiti, M|100/100
|turn|16
|
|t:|1743921242
|move|p1a: Great Tusk|Headlong Rush|p2a: Hu Long
|-supereffective|p2a: Hu Long
|-damage|p2a: Hu Long|0 fnt
|-unboost|p1a: Great Tusk|def|1
|-unboost|p1a: Great Tusk|spd|1
|faint|p2a: Hu Long
|
|upkeep
|
|t:|1743921248
|switch|p2a: Yula|Gothitelle, F|100/100
|turn|17
|
|t:|1743921253
|move|p1a: Great Tusk|Headlong Rush|p2a: Yula
|-damage|p2a: Yula|0 fnt
|-unboost|p1a: Great Tusk|def|1
|-unboost|p1a: Great Tusk|spd|1
|faint|p2a: Yula
|
|win|dikuccv
|raw|dikuccv's rating: 1129 &rarr; <strong>1151</strong><br />(+22 for winning)
|raw|BeachVolleyball182's rating: 1084 &rarr; <strong>1064</strong><br />(-20 for losing)
|l|☆BeachVolleyball182
|player|p2|
|l|☆dikuccv
|player|p1|
