|j|☆Skakakak
|j|☆Boricosa
|t:|1743798696
|gametype|singles
|player|p1|Skakakak|101|1120
|player|p2|Boricosa|darach-caitlin|1168
|teamsize|p1|6
|teamsize|p2|6
|gen|9
|tier|[Gen 9] OU
|rated|
|rule|HP Percentage Mod: HP is shown in percentages
|rule|Endless Battle Clause: Forcing endless battles is banned
|rule|Species Clause: Limit one of each Pokémon
|rule|OHKO Clause: OHKO moves are banned
|rule|Evasion Items Clause: Evasion items are banned
|rule|Evasion Moves Clause: Evasion moves are banned
|rule|Sleep Moves Clause: Sleep-inducing moves are banned
|clearpoke
|poke|p1|Blissey, F|
|poke|p1|Amoonguss, F|
|poke|p1|Bronzong|
|poke|p1|Gliscor, M|
|poke|p1|Dondozo, F|
|poke|p1|Alomomola, F|
|poke|p2|Dondozo, M|
|poke|p2|Glimmora, F|
|poke|p2|Kingambit, M|
|poke|p2|Dragapult, F|
|poke|p2|Alomomola, M|
|poke|p2|Darkrai|
|teampreview
|inactive|Battle timer is ON: inactive players will automatically lose when time's up. (requested by Boricosa)
|
|t:|1743798707
|start
|switch|p1a: Gliscor|Gliscor, M|100/100
|switch|p2a: Darkrai|Darkrai|100/100
|turn|1
|
|t:|1743798714
|move|p1a: Gliscor|Protect|p1a: Gliscor
|-singleturn|p1a: Gliscor|Protect
|move|p2a: Darkrai|Blizzard|p1a: Gliscor
|-activate|p1a: Gliscor|move: Protect
|
|-status|p1a: Gliscor|tox|[from] item: Toxic Orb
|upkeep
|turn|2
|
|t:|1743798724
|switch|p1a: Blissey|Blissey, F|100/100
|move|p2a: Darkrai|Blizzard|p1a: Blissey
|-damage|p1a: Blissey|87/100
|
|upkeep
|turn|3
|
|t:|1743798733
|move|p2a: Darkrai|Psyshock|p1a: Blissey
|-damage|p1a: Blissey|60/100
|move|p1a: Blissey|Seismic Toss|p2a: Darkrai
|-damage|p2a: Darkrai|65/100
|
|upkeep
|turn|4
|
|t:|1743798741
|switch|p2a: Glimmora|Glimmora, F|100/100
|move|p1a: Blissey|Soft-Boiled|p1a: Blissey
|-heal|p1a: Blissey|100/100
|
|upkeep
|turn|5
|
|t:|1743798746
|switch|p1a: Gliscor|Gliscor, M|100/100 tox
|move|p2a: Glimmora|Stealth Rock|p1a: Gliscor
|-sidestart|p1: Skakakak|move: Stealth Rock
|
|upkeep
|turn|6
|
|t:|1743798752
|switch|p2a: Dondozo|Dondozo, M|100/100
|move|p1a: Gliscor|Spikes|p2a: Dondozo
|-sidestart|p2: Boricosa|Spikes
|
|upkeep
|turn|7
|
|t:|1743798759
|move|p1a: Gliscor|Spikes|p2a: Dondozo
|-sidestart|p2: Boricosa|Spikes
|move|p2a: Dondozo|Avalanche|p1a: Gliscor
|-supereffective|p1a: Gliscor
|-damage|p1a: Gliscor|53/100 tox
|
|-heal|p1a: Gliscor|65/100 tox|[from] ability: Poison Heal
|upkeep
|turn|8
|
|t:|1743798764
|move|p1a: Gliscor|Protect|p1a: Gliscor
|-singleturn|p1a: Gliscor|Protect
|move|p2a: Dondozo|Curse|p2a: Dondozo
|-unboost|p2a: Dondozo|spe|1
|-boost|p2a: Dondozo|atk|1
|-boost|p2a: Dondozo|def|1
|
|-heal|p1a: Gliscor|78/100 tox|[from] ability: Poison Heal
|upkeep
|turn|9
|
|t:|1743798771
|switch|p1a: Alomomola|Alomomola, F|100/100
|move|p2a: Dondozo|Avalanche|p1a: Alomomola
|-resisted|p1a: Alomomola
|-damage|p1a: Alomomola|94/100
|
|upkeep
|turn|10
|
|t:|1743798782
|move|p1a: Alomomola|Scald|p2a: Dondozo
|-resisted|p2a: Dondozo
|-damage|p2a: Dondozo|96/100
|move|p2a: Dondozo|Curse|p2a: Dondozo
|-unboost|p2a: Dondozo|spe|1
|-boost|p2a: Dondozo|atk|1
|-boost|p2a: Dondozo|def|1
|
|-heal|p2a: Dondozo|100/100|[from] item: Leftovers
|upkeep
|turn|11
|
|t:|1743798793
|move|p1a: Alomomola|Scald|p2a: Dondozo
|-resisted|p2a: Dondozo
|-damage|p2a: Dondozo|96/100
|-status|p2a: Dondozo|brn
|move|p2a: Dondozo|Curse|p2a: Dondozo
|-unboost|p2a: Dondozo|spe|1
|-boost|p2a: Dondozo|atk|1
|-boost|p2a: Dondozo|def|1
|
|-heal|p2a: Dondozo|100/100 brn|[from] item: Leftovers
|-damage|p2a: Dondozo|94/100 brn|[from] brn
|upkeep
|turn|12
|
|t:|1743798811
|move|p1a: Alomomola|Flip Turn|p2a: Dondozo
|-resisted|p2a: Dondozo
|-damage|p2a: Dondozo|93/100 brn
|
|t:|1743798816
|switch|p1a: Dondozo|Dondozo, F|100/100|[from] Flip Turn
|move|p2a: Dondozo|Curse|p2a: Dondozo
|-unboost|p2a: Dondozo|spe|1
|-boost|p2a: Dondozo|atk|1
|-boost|p2a: Dondozo|def|1
|
|-heal|p2a: Dondozo|99/100 brn|[from] item: Leftovers
|-damage|p2a: Dondozo|93/100 brn|[from] brn
|upkeep
|turn|13
|
|t:|1743798826
|move|p1a: Dondozo|Avalanche|p2a: Dondozo
|-resisted|p2a: Dondozo
|-damage|p2a: Dondozo|89/100 brn
|move|p2a: Dondozo|Avalanche|p1a: Dondozo
|-resisted|p1a: Dondozo
|-damage|p1a: Dondozo|97/100
|
|-heal|p2a: Dondozo|95/100 brn|[from] item: Leftovers
|-damage|p2a: Dondozo|89/100 brn|[from] brn
|upkeep
|turn|14
|
|t:|1743798836
|move|p1a: Dondozo|Avalanche|p2a: Dondozo
|-resisted|p2a: Dondozo
|-damage|p2a: Dondozo|84/100 brn
|move|p2a: Dondozo|Avalanche|p1a: Dondozo
|-resisted|p1a: Dondozo
|-damage|p1a: Dondozo|94/100
|
|-heal|p2a: Dondozo|91/100 brn|[from] item: Leftovers
|-damage|p2a: Dondozo|84/100 brn|[from] brn
|upkeep
|turn|15
|
|t:|1743798850
|move|p2a: Dondozo|Curse|p2a: Dondozo
|-unboost|p2a: Dondozo|spe|1
|-boost|p2a: Dondozo|atk|1
|-boost|p2a: Dondozo|def|1
|move|p1a: Dondozo|Avalanche|p2a: Dondozo
|-resisted|p2a: Dondozo
|-damage|p2a: Dondozo|80/100 brn
|
|-heal|p2a: Dondozo|86/100 brn|[from] item: Leftovers
|-damage|p2a: Dondozo|80/100 brn|[from] brn
|upkeep
|turn|16
|c|☆Boricosa|I feel so stupid
|
|t:|1743798860
|move|p2a: Dondozo|Curse|p2a: Dondozo
|-unboost|p2a: Dondozo|spe|1
|-boost|p2a: Dondozo|atk|1
|-boost|p2a: Dondozo|def|1
|move|p1a: Dondozo|Avalanche|p2a: Dondozo
|-resisted|p2a: Dondozo
|-damage|p2a: Dondozo|76/100 brn
|
|-heal|p2a: Dondozo|82/100 brn|[from] item: Leftovers
|-damage|p2a: Dondozo|76/100 brn|[from] brn
|upkeep
|turn|17
|
|t:|1743798870
|move|p2a: Dondozo|Bulldoze|p1a: Dondozo
|-damage|p1a: Dondozo|90/100
|-unboost|p1a: Dondozo|spe|1
|move|p1a: Dondozo|Avalanche|p2a: Dondozo
|-resisted|p2a: Dondozo
|-damage|p2a: Dondozo|68/100 brn
|
|-heal|p2a: Dondozo|74/100 brn|[from] item: Leftovers
|-damage|p2a: Dondozo|68/100 brn|[from] brn
|upkeep
|turn|18
|
|t:|1743798879
|move|p2a: Dondozo|Bulldoze|p1a: Dondozo
|-damage|p1a: Dondozo|87/100
|-unboost|p1a: Dondozo|spe|1
|move|p1a: Dondozo|Avalanche|p2a: Dondozo
|-resisted|p2a: Dondozo
|-damage|p2a: Dondozo|59/100 brn
|
|-heal|p2a: Dondozo|65/100 brn|[from] item: Leftovers
|-damage|p2a: Dondozo|59/100 brn|[from] brn
|upkeep
|turn|19
|
|t:|1743798885
|move|p2a: Dondozo|Bulldoze|p1a: Dondozo
|-damage|p1a: Dondozo|83/100
|-unboost|p1a: Dondozo|spe|1
|move|p1a: Dondozo|Avalanche|p2a: Dondozo
|-resisted|p2a: Dondozo
|-damage|p2a: Dondozo|50/100 brn
|
|-heal|p2a: Dondozo|56/100 brn|[from] item: Leftovers
|-damage|p2a: Dondozo|50/100 brn|[from] brn
|upkeep
|turn|20
|
|t:|1743798897
|move|p2a: Dondozo|Bulldoze|p1a: Dondozo
|-damage|p1a: Dondozo|80/100
|-unboost|p1a: Dondozo|spe|1
|move|p1a: Dondozo|Avalanche|p2a: Dondozo
|-resisted|p2a: Dondozo
|-damage|p2a: Dondozo|42/100 brn
|
|-heal|p2a: Dondozo|48/100 brn|[from] item: Leftovers
|-damage|p2a: Dondozo|42/100 brn|[from] brn
|upkeep
|turn|21
|
|t:|1743798905
|move|p2a: Dondozo|Bulldoze|p1a: Dondozo
|-damage|p1a: Dondozo|77/100
|-unboost|p1a: Dondozo|spe|1
|move|p1a: Dondozo|Avalanche|p2a: Dondozo
|-resisted|p2a: Dondozo
|-damage|p2a: Dondozo|34/100 brn
|
|-heal|p2a: Dondozo|40/100 brn|[from] item: Leftovers
|-damage|p2a: Dondozo|34/100 brn|[from] brn
|upkeep
|turn|22
|
|t:|1743798912
|move|p2a: Dondozo|Rest|p2a: Dondozo
|-status|p2a: Dondozo|slp|[from] move: Rest
|-heal|p2a: Dondozo|100/100 slp|[silent]
|move|p1a: Dondozo|Avalanche|p2a: Dondozo
|-resisted|p2a: Dondozo
|-crit|p2a: Dondozo
|-damage|p2a: Dondozo|94/100 slp
|
|-heal|p2a: Dondozo|99/100 slp|[from] item: Leftovers
|upkeep
|turn|23
|
|t:|1743798922
|switch|p1a: Amoonguss|Amoonguss, F|100/100
|cant|p2a: Dondozo|slp
|
|-heal|p2a: Dondozo|100/100 slp|[from] item: Leftovers
|upkeep
|turn|24
|
|t:|1743798936
|move|p1a: Amoonguss|Foul Play|p2a: Dondozo
|-damage|p2a: Dondozo|97/100 slp
|cant|p2a: Dondozo|slp
|
|-heal|p2a: Dondozo|100/100 slp|[from] item: Leftovers
|upkeep
|turn|25
|
|t:|1743798939
|move|p1a: Amoonguss|Clear Smog|p2a: Dondozo
|-damage|p2a: Dondozo|90/100 slp
|-clearboost|p2a: Dondozo
|-curestatus|p2a: Dondozo|slp|[msg]
|move|p2a: Dondozo|Avalanche|p1a: Amoonguss
|-supereffective|p1a: Amoonguss
|-damage|p1a: Amoonguss|55/100
|
|-heal|p2a: Dondozo|96/100|[from] item: Leftovers
|upkeep
|turn|26
|
|t:|1743798950
|move|p1a: Amoonguss|Toxic|p2a: Dondozo
|-status|p2a: Dondozo|tox
|move|p2a: Dondozo|Avalanche|p1a: Amoonguss
|-supereffective|p1a: Amoonguss
|-damage|p1a: Amoonguss|36/100
|
|-heal|p2a: Dondozo|100/100 tox|[from] item: Leftovers
|-damage|p2a: Dondozo|94/100 tox|[from] psn
|upkeep
|turn|27
|
|t:|1743798959
|move|p2a: Dondozo|Curse|p2a: Dondozo
|-unboost|p2a: Dondozo|spe|1
|-boost|p2a: Dondozo|atk|1
|-boost|p2a: Dondozo|def|1
|move|p1a: Amoonguss|Synthesis|p1a: Amoonguss
|-heal|p1a: Amoonguss|85/100
|
|-heal|p2a: Dondozo|100/100 tox|[from] item: Leftovers
|-damage|p2a: Dondozo|88/100 tox|[from] psn
|upkeep
|turn|28
|
|t:|1743798974
|move|p1a: Amoonguss|Foul Play|p2a: Dondozo
|-damage|p2a: Dondozo|78/100 tox
|move|p2a: Dondozo|Bulldoze|p1a: Amoonguss
|-damage|p1a: Amoonguss|68/100
|-unboost|p1a: Amoonguss|spe|1
|
|-heal|p2a: Dondozo|84/100 tox|[from] item: Leftovers
|-damage|p2a: Dondozo|66/100 tox|[from] psn
|upkeep
|turn|29
|
|t:|1743798985
|switch|p1a: Dondozo|Dondozo, F|77/100
|move|p2a: Dondozo|Bulldoze|p1a: Dondozo
|-damage|p1a: Dondozo|69/100
|-unboost|p1a: Dondozo|spe|1
|
|-heal|p2a: Dondozo|72/100 tox|[from] item: Leftovers
|-damage|p2a: Dondozo|47/100 tox|[from] psn
|upkeep
|turn|30
|
|t:|1743798998
|move|p2a: Dondozo|Rest|p2a: Dondozo
|-status|p2a: Dondozo|slp|[from] move: Rest
|-heal|p2a: Dondozo|100/100 slp|[silent]
|move|p1a: Dondozo|Sleep Talk||[still]
|-fail|p1a: Dondozo
|
|upkeep
|turn|31
|
|t:|1743799005
|switch|p1a: Amoonguss|Amoonguss, F|100/100
|cant|p2a: Dondozo|slp
|
|upkeep
|turn|32
|
|t:|1743799012
|move|p1a: Amoonguss|Clear Smog|p2a: Dondozo
|-damage|p2a: Dondozo|90/100 slp
|-clearboost|p2a: Dondozo
|cant|p2a: Dondozo|slp
|
|-heal|p2a: Dondozo|97/100 slp|[from] item: Leftovers
|upkeep
|turn|33
|
|t:|1743799029
|-curestatus|p2a: Dondozo|slp|[msg]
|move|p2a: Dondozo|Bulldoze|p1a: Amoonguss
|-damage|p1a: Amoonguss|89/100
|-unboost|p1a: Amoonguss|spe|1
|move|p1a: Amoonguss|Foul Play|p2a: Dondozo
|-damage|p2a: Dondozo|82/100
|
|-heal|p2a: Dondozo|88/100|[from] item: Leftovers
|upkeep
|turn|34
|
|t:|1743799040
|switch|p2a: Glimmora|Glimmora, F|100/100
|-damage|p2a: Glimmora|84/100|[from] Spikes
|move|p1a: Amoonguss|Toxic|p2a: Glimmora
|-immune|p2a: Glimmora
|
|-heal|p2a: Glimmora|90/100|[from] item: Black Sludge
|upkeep
|turn|35
|
|t:|1743799051
|switch|p1a: Bronzong|Bronzong|100/100
|-damage|p1a: Bronzong|94/100|[from] Stealth Rock
|move|p2a: Glimmora|Spikes|p1a: Bronzong
|-sidestart|p1: Skakakak|Spikes
|
|-heal|p2a: Glimmora|96/100|[from] item: Black Sludge
|-heal|p1a: Bronzong|100/100|[from] item: Leftovers
|upkeep
|turn|36
|
|t:|1743799066
|switch|p2a: Alomomola|Alomomola, M|100/100
|move|p1a: Bronzong|Stealth Rock|p2a: Alomomola
|-sidestart|p2: Boricosa|move: Stealth Rock
|
|upkeep
|turn|37
|
|t:|1743799072
|move|p2a: Alomomola|Scald|p1a: Bronzong
|-damage|p1a: Bronzong|91/100
|move|p1a: Bronzong|Psychic Noise|p2a: Alomomola
|-damage|p2a: Alomomola|74/100
|-start|p2a: Alomomola|move: Heal Block
|
|-heal|p1a: Bronzong|97/100|[from] item: Leftovers
|upkeep
|turn|38
|
|t:|1743799086
|switch|p1a: Amoonguss|Amoonguss, F|100/100
|move|p2a: Alomomola|Scald|p1a: Amoonguss
|-resisted|p1a: Amoonguss
|-damage|p1a: Amoonguss|94/100
|-status|p1a: Amoonguss|brn
|
|-damage|p1a: Amoonguss|88/100 brn|[from] brn
|-end|p2a: Alomomola|move: Heal Block
|upkeep
|turn|39
|
|t:|1743799099
|switch|p2a: Glimmora|Glimmora, F|96/100
|-damage|p2a: Glimmora|80/100|[from] Spikes
|-damage|p2a: Glimmora|68/100|[from] Stealth Rock
|move|p1a: Amoonguss|Toxic|p2a: Glimmora
|-immune|p2a: Glimmora
|
|-heal|p2a: Glimmora|74/100|[from] item: Black Sludge
|-damage|p1a: Amoonguss|82/100 brn|[from] brn
|upkeep
|turn|40
|
|t:|1743799107
|switch|p1a: Gliscor|Gliscor, M|78/100 tox
|-damage|p1a: Gliscor|65/100 tox|[from] Stealth Rock
|move|p2a: Glimmora|Spikes|p1a: Gliscor
|-sidestart|p1: Skakakak|Spikes
|
|-heal|p2a: Glimmora|80/100|[from] item: Black Sludge
|-heal|p1a: Gliscor|78/100 tox|[from] ability: Poison Heal
|upkeep
|turn|41
|
|t:|1743799116
|switch|p2a: Alomomola|Alomomola, M|100/100
|move|p1a: Gliscor|Spikes|p2a: Alomomola
|-sidestart|p2: Boricosa|Spikes
|
|-heal|p1a: Gliscor|90/100 tox|[from] ability: Poison Heal
|upkeep
|turn|42
|
|t:|1743799122
|move|p1a: Gliscor|Knock Off|p2a: Alomomola
|-damage|p2a: Alomomola|89/100
|-enditem|p2a: Alomomola|Heavy-Duty Boots|[from] move: Knock Off|[of] p1a: Gliscor
|move|p2a: Alomomola|Wish|p2a: Alomomola
|
|-heal|p1a: Gliscor|100/100 tox|[from] ability: Poison Heal
|upkeep
|turn|43
|
|t:|1743799134
|switch|p2a: Glimmora|Glimmora, F|80/100
|-damage|p2a: Glimmora|55/100|[from] Spikes
|-damage|p2a: Glimmora|43/100|[from] Stealth Rock
|move|p1a: Gliscor|Earthquake|p2a: Glimmora
|-supereffective|p2a: Glimmora
|-damage|p2a: Glimmora|0 fnt
|-activate|p2a: Glimmora|ability: Toxic Debris
|-sidestart|p1: Skakakak|move: Toxic Spikes
|faint|p2a: Glimmora
|
|upkeep
|-message|Boricosa forfeited.
|
|win|Skakakak
|raw|Skakakak's rating: 1120 &rarr; <strong>1148</strong><br />(+28 for winning)
|raw|Boricosa's rating: 1168 &rarr; <strong>1140</strong><br />(-28 for losing)
|l|☆Boricosa
|player|p2|
|n|☆Skakakak|skakakak
|l|☆Skakakak
|player|p1|
|j|☆Skakakak
|player|p1|Skakakak|101|
