|j|☆Johnnytravs1
|j|☆sa45dz
|t:|1743862226
|gametype|singles
|player|p1|Johnnytravs1|101|1163
|player|p2|sa45dz|169|1118
|teamsize|p1|6
|teamsize|p2|6
|gen|9
|tier|[Gen 9] OU
|rated|
|rule|HP Percentage Mod: HP is shown in percentages
|rule|Endless Battle Clause: Forcing endless battles is banned
|rule|Species Clause: Limit one of each Pokémon
|rule|OHKO Clause: OHKO moves are banned
|rule|Evasion Items Clause: Evasion items are banned
|rule|Evasion Moves Clause: Evasion moves are banned
|rule|Sleep Moves Clause: Sleep-inducing moves are banned
|clearpoke
|poke|p1|Misdreavus, F|
|poke|p1|Maushold|
|poke|p1|Primarina, F|
|poke|p1|Metagross|
|poke|p1|Weavile, F|
|poke|p1|Cinderace, M|
|poke|p2|Serperior, F|
|poke|p2|Great Tusk|
|poke|p2|Zapdos|
|poke|p2|Gholdengo|
|poke|p2|Tinkaton, F|
|poke|p2|Tyranitar, M|
|teampreview
|inactive|Battle timer is ON: inactive players will automatically lose when time's up. (requested by Johnnytravs1)
|
|t:|1743862242
|start
|switch|p1a: Weavile|Weavile, F|100/100
|switch|p2a: Zapdos|Zapdos|100/100
|-ability|p1a: Weavile|Pressure
|turn|1
|
|t:|1743862253
|move|p1a: Weavile|Triple Axel|p2a: Zapdos
|-supereffective|p2a: Zapdos
|-damage|p2a: Zapdos|75/100
|-supereffective|p2a: Zapdos
|-damage|p2a: Zapdos|25/100
|-status|p1a: Weavile|par|[from] ability: Static|[of] p2a: Zapdos
|-supereffective|p2a: Zapdos
|-damage|p2a: Zapdos|0 fnt
|faint|p2a: Zapdos
|-hitcount|p2: Zapdos|3
|-damage|p1a: Weavile|91/100 par|[from] item: Life Orb
|
|upkeep
|
|t:|1743862276
|switch|p2a: Tinkaton|Tinkaton, F|100/100
|-ability|p2a: Tinkaton|Mold Breaker
|-item|p2a: Tinkaton|Air Balloon
|turn|2
|
|t:|1743862302
|switch|p1a: Metagross|Metagross|100/100
|move|p2a: Tinkaton|Knock Off|p1a: Metagross
|-supereffective|p1a: Metagross
|-damage|p1a: Metagross|65/100
|-enditem|p1a: Metagross|Weakness Policy
|-boost|p1a: Metagross|atk|2|[from] item: Weakness Policy
|-boost|p1a: Metagross|spa|2|[from] item: Weakness Policy
|
|upkeep
|turn|3
|
|t:|1743862315
|move|p1a: Metagross|Bullet Punch|p2a: Tinkaton
|-damage|p2a: Tinkaton|60/100
|-enditem|p2a: Tinkaton|Air Balloon
|move|p2a: Tinkaton|Thunder Wave|p1a: Metagross
|-status|p1a: Metagross|par
|
|upkeep
|turn|4
|inactive|sa45dz has 120 seconds left.
|
|t:|1743862356
|move|p2a: Tinkaton|Gigaton Hammer|p1a: Metagross
|-resisted|p1a: Metagross
|-damage|p1a: Metagross|39/100 par
|move|p1a: Metagross|Earthquake|p2a: Tinkaton
|-supereffective|p2a: Tinkaton
|-damage|p2a: Tinkaton|0 fnt
|faint|p2a: Tinkaton
|
|upkeep
|inactive|sa45dz has 90 seconds left.
|
|t:|1743862367
|switch|p2a: Gholdengo|Gholdengo|100/100
|-item|p2a: Gholdengo|Air Balloon
|turn|5
|
|t:|1743862374
|move|p1a: Metagross|Bullet Punch|p2a: Gholdengo
|-resisted|p2a: Gholdengo
|-damage|p2a: Gholdengo|84/100
|-enditem|p2a: Gholdengo|Air Balloon
|move|p2a: Gholdengo|Hex|p1a: Metagross
|-supereffective|p1a: Metagross
|-damage|p1a: Metagross|0 fnt
|faint|p1a: Metagross
|
|upkeep
|
|t:|1743862386
|switch|p1a: Maushold|Maushold|100/100
|turn|6
|
|t:|1743862397
|move|p1a: Maushold|Bite|p2a: Gholdengo
|-supereffective|p2a: Gholdengo
|-damage|p2a: Gholdengo|38/100
|move|p2a: Gholdengo|Thunder Wave|p1a: Maushold|[miss]
|-miss|p2a: Gholdengo|p1a: Maushold
|
|upkeep
|turn|7
|
|t:|1743862406
|move|p1a: Maushold|Bite|p2a: Gholdengo
|-supereffective|p2a: Gholdengo
|-damage|p2a: Gholdengo|0 fnt
|faint|p2a: Gholdengo
|
|upkeep
|
|t:|1743862418
|switch|p2a: Tyranitar|Tyranitar, M|100/100
|-weather|Sandstorm|[from] ability: Sand Stream|[of] p2a: Tyranitar
|turn|8
|
|t:|1743862428
|move|p1a: Maushold|Thunder Wave|p2a: Tyranitar
|-status|p2a: Tyranitar|par
|cant|p2a: Tyranitar|par
|
|-weather|Sandstorm|[upkeep]
|-damage|p1a: Maushold|94/100|[from] Sandstorm
|upkeep
|turn|9
|
|t:|1743862437
|move|p1a: Maushold|Tidy Up|p1a: Maushold
|-boost|p1a: Maushold|atk|1
|-boost|p1a: Maushold|spe|1
|move|p2a: Tyranitar|Low Kick|p1a: Maushold
|-supereffective|p1a: Maushold
|-damage|p1a: Maushold|70/100
|
|-weather|Sandstorm|[upkeep]
|-damage|p1a: Maushold|64/100|[from] Sandstorm
|upkeep
|turn|10
|
|t:|1743862449
|move|p1a: Maushold|Bite|p2a: Tyranitar
|-resisted|p2a: Tyranitar
|-damage|p2a: Tyranitar|86/100 par
|move|p2a: Tyranitar|Knock Off|p1a: Maushold
|-damage|p1a: Maushold|0 fnt
|-enditem|p1a: Maushold|Focus Sash|[from] move: Knock Off|[of] p2a: Tyranitar
|faint|p1a: Maushold
|
|-weather|Sandstorm|[upkeep]
|upkeep
|
|t:|1743862460
|switch|p1a: Primarina|Primarina, F|100/100
|turn|11
|inactive|sa45dz has 120 seconds left.
|
|t:|1743862477
|move|p1a: Primarina|Calm Mind|p1a: Primarina
|-boost|p1a: Primarina|spa|1
|-boost|p1a: Primarina|spd|1
|move|p2a: Tyranitar|Knock Off|p1a: Primarina
|-resisted|p1a: Primarina
|-damage|p1a: Primarina|66/100
|-enditem|p1a: Primarina|Leftovers|[from] move: Knock Off|[of] p2a: Tyranitar
|
|-weather|Sandstorm|[upkeep]
|-damage|p1a: Primarina|60/100|[from] Sandstorm
|upkeep
|turn|12
|
|t:|1743862489
|move|p1a: Primarina|Draining Kiss|p2a: Tyranitar
|-supereffective|p2a: Tyranitar
|-damage|p2a: Tyranitar|54/100 par
|-heal|p1a: Primarina|89/100|[from] drain|[of] p2a: Tyranitar
|cant|p2a: Tyranitar|par
|
|-weather|none
|upkeep
|turn|13
|
|t:|1743862498
|move|p1a: Primarina|Calm Mind|p1a: Primarina
|-boost|p1a: Primarina|spa|1
|-boost|p1a: Primarina|spd|1
|move|p2a: Tyranitar|Stone Edge|p1a: Primarina
|-damage|p1a: Primarina|5/100
|
|upkeep
|turn|14
|inactive|sa45dz has 120 seconds left.
|
|t:|1743862509
|move|p1a: Primarina|Draining Kiss|p2a: Tyranitar
|-supereffective|p2a: Tyranitar
|-damage|p2a: Tyranitar|0 fnt
|-heal|p1a: Primarina|54/100|[from] drain|[of] p2a: Tyranitar
|faint|p2a: Tyranitar
|
|upkeep
|
|t:|1743862517
|switch|p2a: Serperior|Serperior, F|100/100
|turn|15
|inactive|sa45dz has 120 seconds left.
|
|t:|1743862523
|move|p2a: Serperior|Glare|p1a: Primarina
|-status|p1a: Primarina|par
|move|p1a: Primarina|Draining Kiss|p2a: Serperior
|-damage|p2a: Serperior|50/100
|-heal|p1a: Primarina|99/100 par|[from] drain|[of] p2a: Serperior
|
|-heal|p2a: Serperior|56/100|[from] item: Leftovers
|upkeep
|turn|16
|inactive|sa45dz has 120 seconds left.
|
|t:|1743862536
|move|p2a: Serperior|Substitute|p2a: Serperior
|-start|p2a: Serperior|Substitute
|-damage|p2a: Serperior|32/100
|move|p1a: Primarina|Draining Kiss|p2a: Serperior
|-end|p2a: Serperior|Substitute
|-heal|p1a: Primarina|100/100 par|[from] drain|[of] p2a: Serperior
|
|-heal|p2a: Serperior|38/100|[from] item: Leftovers
|upkeep
|turn|17
|inactive|sa45dz has 120 seconds left.
|
|t:|1743862546
|move|p2a: Serperior|Substitute|p2a: Serperior
|-start|p2a: Serperior|Substitute
|-damage|p2a: Serperior|13/100
|move|p1a: Primarina|Draining Kiss|p2a: Serperior
|-end|p2a: Serperior|Substitute
|
|-heal|p2a: Serperior|19/100|[from] item: Leftovers
|upkeep
|turn|18
|inactive|sa45dz has 120 seconds left.
|
|t:|1743862560
|move|p2a: Serperior|Leaf Storm|p1a: Primarina
|-supereffective|p1a: Primarina
|-damage|p1a: Primarina|73/100 par
|-boost|p2a: Serperior|spa|2
|move|p1a: Primarina|Draining Kiss|p2a: Serperior
|-damage|p2a: Serperior|0 fnt
|-heal|p1a: Primarina|89/100 par|[from] drain|[of] p2a: Serperior
|faint|p2a: Serperior
|
|upkeep
|inactive|sa45dz has 120 seconds left.
|
|t:|1743862571
|switch|p2a: Great Tusk|Great Tusk|100/100
|-enditem|p2a: Great Tusk|Booster Energy
|-activate|p2a: Great Tusk|ability: Protosynthesis|[fromitem]
|-start|p2a: Great Tusk|protosynthesisatk
|turn|19
|inactive|sa45dz has 120 seconds left.
|
|t:|1743862591
|move|p2a: Great Tusk|Headlong Rush|p1a: Primarina
|-damage|p1a: Primarina|0 fnt
|-unboost|p2a: Great Tusk|def|1
|-unboost|p2a: Great Tusk|spd|1
|faint|p1a: Primarina
|
|upkeep
|
|t:|1743862602
|switch|p1a: Misdreavus|Misdreavus, F|100/100
|turn|20
|inactive|sa45dz has 120 seconds left.
|
|t:|1743862614
|-terastallize|p2a: Great Tusk|Rock
|move|p1a: Misdreavus|Will-O-Wisp|p2a: Great Tusk
|-status|p2a: Great Tusk|brn
|move|p2a: Great Tusk|Head Smash|p1a: Misdreavus
|-damage|p1a: Misdreavus|32/100
|-damage|p2a: Great Tusk|76/100 brn|[from] Recoil
|
|-damage|p2a: Great Tusk|70/100 brn|[from] brn
|upkeep
|turn|21
|inactive|sa45dz has 120 seconds left.
|
|t:|1743862629
|move|p1a: Misdreavus|Draining Kiss|p2a: Great Tusk
|-damage|p2a: Great Tusk|49/100 brn
|-heal|p1a: Misdreavus|54/100|[from] drain|[of] p2a: Great Tusk
|move|p2a: Great Tusk|Head Smash|p1a: Misdreavus
|-damage|p1a: Misdreavus|0 fnt
|faint|p1a: Misdreavus
|-damage|p2a: Great Tusk|30/100 brn|[from] Recoil
|
|-damage|p2a: Great Tusk|24/100 brn|[from] brn
|upkeep
|
|t:|1743862633
|switch|p1a: Cinderace|Cinderace, M|100/100
|turn|22
|inactive|sa45dz has 120 seconds left.
|
|t:|1743862646
|move|p1a: Cinderace|Sucker Punch|p2a: Great Tusk
|-start|p1a: Cinderace|typechange|Dark|[from] ability: Libero
|-crit|p2a: Great Tusk
|-damage|p2a: Great Tusk|0 fnt
|faint|p2a: Great Tusk
|-end|p2a: Great Tusk|Protosynthesis|[silent]
|
|win|Johnnytravs1
|raw|Johnnytravs1's rating: 1163 &rarr; <strong>1185</strong><br />(+22 for winning)
|raw|sa45dz's rating: 1118 &rarr; <strong>1096</strong><br />(-22 for losing)
|l|☆Johnnytravs1
|player|p1|
|l|☆sa45dz
|player|p2|
