|j|☆liansyao
|j|☆luni saki
|t:|1743857887
|gametype|singles
|player|p1|liansyao|265|
|player|p2|luni saki|courtney|
|teamsize|p1|6
|teamsize|p2|6
|gen|9
|tier|[Gen 9] OU
|rule|HP Percentage Mod: HP is shown in percentages
|rule|Endless Battle Clause: Forcing endless battles is banned
|rule|Species Clause: Limit one of each Pokémon
|rule|OHKO Clause: OHKO moves are banned
|rule|Evasion Items Clause: Evasion items are banned
|rule|Evasion Moves Clause: Evasion moves are banned
|rule|Sleep Moves Clause: Sleep-inducing moves are banned
|clearpoke
|poke|p1|Iron Moth|
|poke|p1|Gholdengo|
|poke|p1|Torkoal, F|
|poke|p1|Walking Wake|
|poke|p1|Great Tusk|
|poke|p1|Raging Bolt|
|poke|p2|Tinkaton, F|
|poke|p2|Gliscor, F|
|poke|p2|Moltres|
|poke|p2|Keldeo-Resolute|
|poke|p2|Kingambit, M|
|poke|p2|Meowscarada, M|
|teampreview
|
|t:|1743857909
|start
|switch|p1a: Walking Wake|Walking Wake|100/100
|switch|p2a: Moltres|Moltres|100/100
|turn|1
|
|t:|1743857920
|switch|p2a: Keldeo|Keldeo-Resolute|100/100
|move|p1a: Walking Wake|Hydro Steam|p2a: Keldeo
|-resisted|p2a: Keldeo
|-damage|p2a: Keldeo|68/100
|
|upkeep
|turn|2
|
|t:|1743857929
|-end|p1a: Walking Wake|Protosynthesis|[silent]
|switch|p1a: Raging Bolt|Raging Bolt|100/100
|move|p2a: Keldeo|Flip Turn|p1a: Raging Bolt
|-resisted|p1a: Raging Bolt
|-damage|p1a: Raging Bolt|95/100
|
|t:|1743857936
|switch|p2a: Gliscor|Gliscor, F|100/100|[from] Flip Turn
|
|-status|p2a: Gliscor|tox|[from] item: Toxic Orb
|upkeep
|turn|3
|
|t:|1743857942
|-end|p1a: Raging Bolt|Protosynthesis|[silent]
|switch|p1a: Torkoal|Torkoal, F|100/100
|-weather|SunnyDay|[from] ability: Drought|[of] p1a: Torkoal
|move|p2a: Gliscor|Spikes|p1a: Torkoal
|-sidestart|p1: liansyao|Spikes
|
|-weather|SunnyDay|[upkeep]
|upkeep
|turn|4
|
|t:|1743857950
|move|p2a: Gliscor|Earthquake|p1a: Torkoal
|-supereffective|p1a: Torkoal
|-damage|p1a: Torkoal|48/100
|move|p1a: Torkoal|Stealth Rock|p2a: Gliscor
|-sidestart|p2: luni saki|move: Stealth Rock
|
|-weather|SunnyDay|[upkeep]
|upkeep
|turn|5
|
|t:|1743857975
|switch|p1a: Great Tusk|Great Tusk|100/100
|-damage|p1a: Great Tusk|88/100|[from] Spikes
|-activate|p1a: Great Tusk|ability: Protosynthesis
|-start|p1a: Great Tusk|protosynthesisatk
|move|p2a: Gliscor|Earthquake|p1a: Great Tusk
|-damage|p1a: Great Tusk|64/100
|
|-weather|SunnyDay|[upkeep]
|upkeep
|turn|6
|
|t:|1743857994
|switch|p2a: Moltres|Moltres|100/100
|move|p1a: Great Tusk|Ice Spinner|p2a: Moltres
|-damage|p2a: Moltres|75/100
|
|-weather|SunnyDay|[upkeep]
|upkeep
|turn|7
|
|t:|1743858004
|-end|p1a: Great Tusk|Protosynthesis|[silent]
|switch|p1a: Walking Wake|Walking Wake|100/100
|-damage|p1a: Walking Wake|88/100|[from] Spikes
|-activate|p1a: Walking Wake|ability: Protosynthesis
|-start|p1a: Walking Wake|protosynthesisspe
|move|p2a: Moltres|U-turn|p1a: Walking Wake
|-damage|p1a: Walking Wake|72/100
|
|t:|1743858038
|switch|p2a: Tinkaton|Tinkaton, F|100/100|[from] U-turn
|-damage|p2a: Tinkaton|94/100|[from] Stealth Rock
|-item|p2a: Tinkaton|Air Balloon
|
|-weather|SunnyDay|[upkeep]
|upkeep
|turn|8
|
|t:|1743858067
|-terastallize|p2a: Tinkaton|Water
|move|p1a: Walking Wake|Weather Ball|p2a: Tinkaton
|-resisted|p2a: Tinkaton
|-damage|p2a: Tinkaton|61/100
|-enditem|p2a: Tinkaton|Air Balloon
|move|p2a: Tinkaton|Thunder Wave|p1a: Walking Wake|[miss]
|-miss|p2a: Tinkaton|p1a: Walking Wake
|
|-weather|SunnyDay|[upkeep]
|upkeep
|turn|9
|
|t:|1743858080
|-end|p1a: Walking Wake|Protosynthesis|[silent]
|switch|p1a: Iron Moth|Iron Moth|100/100
|-damage|p1a: Iron Moth|88/100|[from] Spikes
|-enditem|p1a: Iron Moth|Booster Energy
|-activate|p1a: Iron Moth|ability: Quark Drive|[fromitem]
|-start|p1a: Iron Moth|quarkdrivespe
|switch|p2a: Gliscor|Gliscor, F|100/100 tox
|-damage|p2a: Gliscor|88/100 tox|[from] Stealth Rock
|
|-weather|SunnyDay|[upkeep]
|-heal|p2a: Gliscor|100/100 tox|[from] ability: Poison Heal
|upkeep
|turn|10
|
|t:|1743858088
|-end|p1a: Iron Moth|Quark Drive|[silent]
|switch|p1a: Great Tusk|Great Tusk|64/100
|-damage|p1a: Great Tusk|52/100|[from] Spikes
|-activate|p1a: Great Tusk|ability: Protosynthesis
|-start|p1a: Great Tusk|protosynthesisatk
|move|p2a: Gliscor|Earthquake|p1a: Great Tusk
|-damage|p1a: Great Tusk|29/100
|
|-weather|none
|-end|p1a: Great Tusk|Protosynthesis
|upkeep
|turn|11
|
|t:|1743858101
|switch|p2a: Moltres|Moltres|75/100
|move|p1a: Great Tusk|Rapid Spin|p2a: Moltres
|-damage|p2a: Moltres|63/100
|-boost|p1a: Great Tusk|spe|1
|-sideend|p1: liansyao|Spikes|[from] move: Rapid Spin|[of] p1a: Great Tusk
|
|upkeep
|turn|12
|
|t:|1743858109
|-end|p1a: Great Tusk|Protosynthesis|[silent]
|switch|p1a: Torkoal|Torkoal, F|48/100
|-weather|SunnyDay|[from] ability: Drought|[of] p1a: Torkoal
|move|p2a: Moltres|U-turn|p1a: Torkoal
|-resisted|p1a: Torkoal
|-damage|p1a: Torkoal|42/100
|
|t:|1743858147
|switch|p2a: Gliscor|Gliscor, F|100/100 tox|[from] U-turn
|-damage|p2a: Gliscor|88/100 tox|[from] Stealth Rock
|
|-weather|SunnyDay|[upkeep]
|-heal|p2a: Gliscor|100/100 tox|[from] ability: Poison Heal
|upkeep
|turn|13
|
|t:|1743858171
|switch|p1a: Great Tusk|Great Tusk|29/100
|-activate|p1a: Great Tusk|ability: Protosynthesis
|-start|p1a: Great Tusk|protosynthesisatk
|move|p2a: Gliscor|Earthquake|p1a: Great Tusk
|-damage|p1a: Great Tusk|7/100
|
|-weather|SunnyDay|[upkeep]
|upkeep
|turn|14
|
|t:|1743858181
|switch|p2a: Moltres|Moltres|63/100
|move|p1a: Great Tusk|Close Combat|p2a: Moltres
|-resisted|p2a: Moltres
|-damage|p2a: Moltres|38/100
|-unboost|p1a: Great Tusk|def|1
|-unboost|p1a: Great Tusk|spd|1
|-enditem|p1a: Great Tusk|Eject Pack
|-status|p1a: Great Tusk|brn|[from] ability: Flame Body|[of] p2a: Moltres
|
|t:|1743858187
|-end|p1a: Great Tusk|Protosynthesis|[silent]
|switch|p1a: Walking Wake|Walking Wake|72/100
|-activate|p1a: Walking Wake|ability: Protosynthesis
|-start|p1a: Walking Wake|protosynthesisspe
|
|-weather|SunnyDay|[upkeep]
|upkeep
|turn|15
|
|t:|1743858204
|-terastallize|p1a: Walking Wake|Water
|move|p1a: Walking Wake|Hydro Steam|p2a: Moltres
|-supereffective|p2a: Moltres
|-damage|p2a: Moltres|0 fnt
|faint|p2a: Moltres
|
|-weather|SunnyDay|[upkeep]
|upkeep
|
|t:|1743858209
|switch|p2a: Tinkaton|Tinkaton, F, tera:Water|61/100
|-damage|p2a: Tinkaton|49/100|[from] Stealth Rock
|turn|16
|
|t:|1743858216
|move|p1a: Walking Wake|Hydro Steam|p2a: Tinkaton
|-resisted|p2a: Tinkaton
|-damage|p2a: Tinkaton|1/100
|move|p2a: Tinkaton|Thunder Wave|p1a: Walking Wake|[miss]
|-miss|p2a: Tinkaton|p1a: Walking Wake
|
|-weather|SunnyDay|[upkeep]
|upkeep
|turn|17
|
|t:|1743858259
|move|p1a: Walking Wake|Hydro Steam|p2a: Tinkaton
|-resisted|p2a: Tinkaton
|-damage|p2a: Tinkaton|0 fnt
|faint|p2a: Tinkaton
|
|-weather|SunnyDay|[upkeep]
|upkeep
|
|t:|1743858281
|switch|p2a: Keldeo|Keldeo-Resolute|68/100
|turn|18
|
|t:|1743858287
|-end|p1a: Walking Wake|Protosynthesis|[silent]
|switch|p1a: Raging Bolt|Raging Bolt|95/100
|-activate|p1a: Raging Bolt|ability: Protosynthesis
|-start|p1a: Raging Bolt|protosynthesisspa
|move|p2a: Keldeo|Vacuum Wave|p1a: Raging Bolt
|-damage|p1a: Raging Bolt|82/100
|
|-weather|SunnyDay|[upkeep]
|upkeep
|turn|19
|
|t:|1743858299
|switch|p2a: Gliscor|Gliscor, F|100/100 tox
|-damage|p2a: Gliscor|88/100 tox|[from] Stealth Rock
|move|p1a: Raging Bolt|Draco Meteor|p2a: Gliscor
|-damage|p2a: Gliscor|4/100 tox
|-unboost|p1a: Raging Bolt|spa|2
|
|-weather|none
|-end|p1a: Raging Bolt|Protosynthesis
|-heal|p2a: Gliscor|17/100 tox|[from] ability: Poison Heal
|upkeep
|turn|20
|
|t:|1743858310
|move|p2a: Gliscor|Protect|p2a: Gliscor
|-singleturn|p2a: Gliscor|Protect
|move|p1a: Raging Bolt|Draco Meteor|p2a: Gliscor
|-activate|p2a: Gliscor|move: Protect
|
|-heal|p2a: Gliscor|29/100 tox|[from] ability: Poison Heal
|upkeep
|turn|21
|
|t:|1743858322
|move|p2a: Gliscor|Earthquake|p1a: Raging Bolt
|-supereffective|p1a: Raging Bolt
|-damage|p1a: Raging Bolt|29/100
|move|p1a: Raging Bolt|Draco Meteor|p2a: Gliscor
|-damage|p2a: Gliscor|0 fnt
|-unboost|p1a: Raging Bolt|spa|2
|faint|p2a: Gliscor
|
|upkeep
|
|t:|1743858329
|switch|p2a: Kingambit|Kingambit, M|100/100
|-damage|p2a: Kingambit|94/100|[from] Stealth Rock
|-activate|p2a: Kingambit|ability: Supreme Overlord
|-start|p2a: Kingambit|fallen3|[silent]
|-item|p2a: Kingambit|Air Balloon
|turn|22
|
|t:|1743858346
|-end|p1a: Raging Bolt|Protosynthesis|[silent]
|switch|p1a: Torkoal|Torkoal, F|42/100
|-weather|SunnyDay|[from] ability: Drought|[of] p1a: Torkoal
|move|p2a: Kingambit|Swords Dance|p2a: Kingambit
|-boost|p2a: Kingambit|atk|2
|
|-weather|SunnyDay|[upkeep]
|upkeep
|turn|23
|
|t:|1743858358
|move|p2a: Kingambit|Kowtow Cleave|p1a: Torkoal
|-damage|p1a: Torkoal|0 fnt
|faint|p1a: Torkoal
|
|-weather|SunnyDay|[upkeep]
|upkeep
|
|t:|1743858363
|switch|p1a: Gholdengo|Gholdengo|100/100
|turn|24
|
|t:|1743858372
|move|p1a: Gholdengo|Trick|p2a: Kingambit
|-activate|p1a: Gholdengo|move: Trick|[of] p2a: Kingambit
|-item|p2a: Kingambit|Choice Scarf|[from] move: Trick
|-item|p1a: Gholdengo|Air Balloon
|-item|p1a: Gholdengo|Air Balloon|[from] move: Trick
|move|p2a: Kingambit|Kowtow Cleave|p1a: Gholdengo
|-supereffective|p1a: Gholdengo
|-damage|p1a: Gholdengo|0 fnt
|-enditem|p1a: Gholdengo|Air Balloon
|faint|p1a: Gholdengo
|
|-weather|SunnyDay|[upkeep]
|upkeep
|
|t:|1743858382
|switch|p1a: Iron Moth|Iron Moth|88/100
|turn|25
|
|t:|1743858439
|-end|p2a: Kingambit|fallen3|[silent]
|switch|p2a: Keldeo|Keldeo-Resolute|68/100
|move|p1a: Iron Moth|Fiery Dance|p2a: Keldeo
|-resisted|p2a: Keldeo
|-damage|p2a: Keldeo|31/100
|-boost|p1a: Iron Moth|spa|1
|
|-weather|SunnyDay|[upkeep]
|upkeep
|turn|26
|
|t:|1743858451
|-end|p1a: Iron Moth|Quark Drive|[silent]
|switch|p1a: Great Tusk|Great Tusk|7/100 brn
|-activate|p1a: Great Tusk|ability: Protosynthesis
|-start|p1a: Great Tusk|protosynthesisatk
|move|p2a: Keldeo|Vacuum Wave|p1a: Great Tusk
|-damage|p1a: Great Tusk|0 fnt
|faint|p1a: Great Tusk
|-end|p1a: Great Tusk|Protosynthesis|[silent]
|
|-weather|SunnyDay|[upkeep]
|upkeep
|
|t:|1743858458
|switch|p1a: Raging Bolt|Raging Bolt|29/100
|-activate|p1a: Raging Bolt|ability: Protosynthesis
|-start|p1a: Raging Bolt|protosynthesisspa
|turn|27
|
|t:|1743858466
|move|p2a: Keldeo|Vacuum Wave|p1a: Raging Bolt
|-damage|p1a: Raging Bolt|18/100
|move|p1a: Raging Bolt|Volt Switch|p2a: Keldeo
|-supereffective|p2a: Keldeo
|-damage|p2a: Keldeo|0 fnt
|faint|p2a: Keldeo
|
|t:|1743858476
|-end|p1a: Raging Bolt|Protosynthesis|[silent]
|switch|p1a: Iron Moth|Iron Moth|88/100|[from] Volt Switch
|
|-weather|SunnyDay|[upkeep]
|upkeep
|
|t:|1743858481
|switch|p2a: Kingambit|Kingambit, M|94/100
|-damage|p2a: Kingambit|88/100|[from] Stealth Rock
|-activate|p2a: Kingambit|ability: Supreme Overlord
|-start|p2a: Kingambit|fallen4|[silent]
|turn|28
|
|t:|1743858484
|move|p2a: Kingambit|Sucker Punch|p1a: Iron Moth
|-damage|p1a: Iron Moth|5/100
|move|p1a: Iron Moth|Fiery Dance|p2a: Kingambit
|-supereffective|p2a: Kingambit
|-damage|p2a: Kingambit|0 fnt
|-boost|p1a: Iron Moth|spa|1
|faint|p2a: Kingambit
|-end|p2a: Kingambit|fallen4|[silent]
|
|-weather|SunnyDay|[upkeep]
|upkeep
|
|t:|1743858492
|switch|p2a: Meowscarada|Meowscarada, M|100/100
|turn|29
|
|t:|1743858497
|move|p2a: Meowscarada|Knock Off|p1a: Iron Moth
|-start|p2a: Meowscarada|typechange|Dark|[from] ability: Protean
|-damage|p1a: Iron Moth|0 fnt
|faint|p1a: Iron Moth
|-end|p1a: Iron Moth|Quark Drive|[silent]
|
|-weather|none
|upkeep
|
|t:|1743858501
|switch|p1a: Raging Bolt|Raging Bolt|18/100
|turn|30
|
|t:|1743858504
|move|p1a: Raging Bolt|Thunderclap|p2a: Meowscarada
|-damage|p2a: Meowscarada|41/100
|move|p2a: Meowscarada|Knock Off|p1a: Raging Bolt
|-damage|p1a: Raging Bolt|0 fnt
|-enditem|p1a: Raging Bolt|Assault Vest|[from] move: Knock Off|[of] p2a: Meowscarada
|faint|p1a: Raging Bolt
|-end|p1a: Raging Bolt|Protosynthesis|[silent]
|
|upkeep
|
|t:|1743858507
|switch|p1a: Walking Wake|Walking Wake, tera:Water|72/100
|turn|31
|
|t:|1743858510
|move|p2a: Meowscarada|Flower Trick|p1a: Walking Wake
|-supereffective|p1a: Walking Wake
|-crit|p1a: Walking Wake
|-damage|p1a: Walking Wake|7/100
|move|p1a: Walking Wake|Flamethrower|p2a: Meowscarada
|-damage|p2a: Meowscarada|0 fnt
|faint|p2a: Meowscarada
|
|win|liansyao
