|j|☆lupiit
|j|☆madhappy
|t:|1743837871
|gametype|singles
|player|p1|lupiit|dragontamer|1309
|player|p2|madhappy|skierf-gen4dp|1263
|teamsize|p1|6
|teamsize|p2|6
|gen|9
|tier|[Gen 9] OU
|rated|
|rule|HP Percentage Mod: HP is shown in percentages
|rule|Endless Battle Clause: Forcing endless battles is banned
|rule|Species Clause: Limit one of each Pokémon
|rule|OHKO Clause: OHKO moves are banned
|rule|Evasion Items Clause: Evasion items are banned
|rule|Evasion Moves Clause: Evasion moves are banned
|rule|Sleep Moves Clause: Sleep-inducing moves are banned
|clearpoke
|poke|p1|Hoopa-Unbound|
|poke|p1|Glimmora, F|
|poke|p1|Ninetales-Alola, F|
|poke|p1|Incineroar, F|
|poke|p1|Kingambit, M|
|poke|p1|Rillaboom, M|
|poke|p2|Probopass, F|
|poke|p2|Iron Crown|
|poke|p2|Sinistcha|
|poke|p2|Grimmsnarl, M|
|poke|p2|Kyurem|
|poke|p2|Great Tusk|
|teampreview
|inactive|Battle timer is ON: inactive players will automatically lose when time's up. (requested by madhappy)
|
|t:|1743837904
|start
|switch|p1a: Ninetales|Ninetales-Alola, F|100/100
|switch|p2a: Great Tusk|Great Tusk|100/100
|-weather|Snowscape|[from] ability: Snow Warning|[of] p1a: Ninetales
|turn|1
|
|t:|1743837907
|move|p1a: Ninetales|Moonblast|p2a: Great Tusk
|-supereffective|p2a: Great Tusk
|-damage|p2a: Great Tusk|53/100
|move|p2a: Great Tusk|Knock Off|p1a: Ninetales
|-resisted|p1a: Ninetales
|-damage|p1a: Ninetales|82/100
|-enditem|p1a: Ninetales|Light Clay|[from] move: Knock Off|[of] p2a: Great Tusk
|
|-weather|Snowscape|[upkeep]
|upkeep
|turn|2
|
|t:|1743837926
|-end|p2a: Great Tusk|Protosynthesis|[silent]
|switch|p2a: Probopass|Probopass, F|100/100
|move|p1a: Ninetales|Blizzard|p2a: Probopass
|-resisted|p2a: Probopass
|-damage|p2a: Probopass|86/100
|
|-weather|Snowscape|[upkeep]
|upkeep
|turn|3
|
|t:|1743837937
|move|p1a: Ninetales|Aurora Veil|p1a: Ninetales
|-sidestart|p1: lupiit|move: Aurora Veil
|move|p2a: Probopass|Stealth Rock|p1a: Ninetales
|-sidestart|p1: lupiit|move: Stealth Rock
|
|-weather|Snowscape|[upkeep]
|upkeep
|turn|4
|
|t:|1743837941
|switch|p1a: Glimmora|Glimmora, F|100/100
|-damage|p1a: Glimmora|88/100|[from] Stealth Rock
|move|p2a: Probopass|Thunder Wave|p1a: Glimmora
|-status|p1a: Glimmora|par
|
|-weather|Snowscape|[upkeep]
|upkeep
|turn|5
|
|t:|1743837948
|cant|p1a: Glimmora|par
|move|p2a: Probopass|Flash Cannon|p1a: Glimmora
|-supereffective|p1a: Glimmora
|-damage|p1a: Glimmora|57/100 par
|
|-weather|none
|upkeep
|turn|6
|
|t:|1743837958
|move|p1a: Glimmora|Earth Power|p2a: Probopass
|-supereffective|p2a: Probopass
|-damage|p2a: Probopass|0 fnt
|faint|p2a: Probopass
|
|upkeep
|
|t:|1743837962
|switch|p2a: Iron Crown|Iron Crown|100/100
|turn|7
|
|t:|1743837984
|switch|p1a: Incineroar|Incineroar, F|100/100
|-ability|p1a: Incineroar|Intimidate|boost
|-unboost|p2a: Iron Crown|atk|1
|move|p2a: Iron Crown|Calm Mind|p2a: Iron Crown
|-boost|p2a: Iron Crown|spa|1
|-boost|p2a: Iron Crown|spd|1
|
|-sideend|p1: lupiit|move: Aurora Veil
|upkeep
|turn|8
|
|t:|1743837990
|move|p1a: Incineroar|Fake Out|p2a: Iron Crown
|-resisted|p2a: Iron Crown
|-damage|p2a: Iron Crown|96/100
|cant|p2a: Iron Crown|flinch
|
|upkeep
|turn|9
|
|t:|1743838003
|-end|p2a: Iron Crown|Quark Drive|[silent]
|switch|p2a: Great Tusk|Great Tusk|53/100
|move|p1a: Incineroar|Flare Blitz|p2a: Great Tusk
|-damage|p2a: Great Tusk|19/100
|-damage|p1a: Incineroar|90/100|[from] Recoil
|
|upkeep
|turn|10
|
|t:|1743838013
|switch|p1a: Glimmora|Glimmora, F|57/100 par
|-damage|p1a: Glimmora|44/100 par|[from] Stealth Rock
|move|p2a: Great Tusk|Knock Off|p1a: Glimmora
|-damage|p1a: Glimmora|2/100 par
|-activate|p1a: Glimmora|ability: Toxic Debris
|-sidestart|p2: madhappy|move: Toxic Spikes
|-enditem|p1a: Glimmora|Focus Sash|[from] move: Knock Off|[of] p2a: Great Tusk
|
|upkeep
|turn|11
|
|t:|1743838027
|switch|p1a: Peace|Rillaboom, M|100/100
|-damage|p1a: Peace|88/100|[from] Stealth Rock
|-fieldstart|move: Grassy Terrain|[from] ability: Grassy Surge|[of] p1a: Peace
|move|p2a: Great Tusk|Rapid Spin|p1a: Peace
|-damage|p1a: Peace|70/100
|-boost|p2a: Great Tusk|spe|1
|-sideend|p2: madhappy|Toxic Spikes|[from] move: Rapid Spin|[of] p2a: Great Tusk
|
|-heal|p2a: Great Tusk|25/100|[from] Grassy Terrain
|-heal|p1a: Peace|76/100|[from] Grassy Terrain
|upkeep
|turn|12
|
|t:|1743838035
|move|p1a: Peace|Grassy Glide|p2a: Great Tusk
|-supereffective|p2a: Great Tusk
|-damage|p2a: Great Tusk|0 fnt
|faint|p2a: Great Tusk
|-end|p2a: Great Tusk|Protosynthesis|[silent]
|
|-heal|p1a: Peace|82/100|[from] Grassy Terrain
|upkeep
|
|t:|1743838039
|switch|p2a: Grimmsnarl|Grimmsnarl, M|100/100
|turn|13
|
|t:|1743838060
|move|p1a: Peace|Grassy Glide|p2a: Grimmsnarl
|-damage|p2a: Grimmsnarl|70/100
|move|p2a: Grimmsnarl|Reflect|p2a: Grimmsnarl
|-sidestart|p2: madhappy|Reflect
|
|-heal|p1a: Peace|88/100|[from] Grassy Terrain
|-heal|p2a: Grimmsnarl|76/100|[from] Grassy Terrain
|upkeep
|turn|14
|
|t:|1743838077
|move|p2a: Grimmsnarl|Light Screen|p2a: Grimmsnarl
|-sidestart|p2: madhappy|move: Light Screen
|move|p1a: Peace|U-turn|p2a: Grimmsnarl
|-damage|p2a: Grimmsnarl|67/100
|
|t:|1743838100
|switch|p1a: Kingambit|Kingambit, M|100/100|[from] U-turn
|-damage|p1a: Kingambit|94/100|[from] Stealth Rock
|
|-heal|p1a: Kingambit|100/100|[from] Grassy Terrain
|-heal|p2a: Grimmsnarl|73/100|[from] Grassy Terrain
|upkeep
|turn|15
|
|t:|1743838103
|move|p1a: Kingambit|Iron Head|p2a: Grimmsnarl
|-supereffective|p2a: Grimmsnarl
|-damage|p2a: Grimmsnarl|39/100
|move|p2a: Grimmsnarl|Spirit Break|p1a: Kingambit
|-damage|p1a: Kingambit|72/100
|-unboost|p1a: Kingambit|spa|1
|
|-heal|p1a: Kingambit|79/100|[from] Grassy Terrain
|-heal|p1a: Kingambit|85/100|[from] item: Leftovers
|-heal|p2a: Grimmsnarl|45/100|[from] Grassy Terrain
|upkeep
|turn|16
|
|t:|1743838119
|switch|p2a: Iron Crown|Iron Crown|96/100
|move|p1a: Kingambit|Iron Head|p2a: Iron Crown
|-resisted|p2a: Iron Crown
|-damage|p2a: Iron Crown|85/100
|
|-heal|p2a: Iron Crown|91/100|[from] Grassy Terrain
|-heal|p1a: Kingambit|91/100|[from] Grassy Terrain
|-heal|p1a: Kingambit|97/100|[from] item: Leftovers
|upkeep
|turn|17
|
|t:|1743838130
|-end|p1a: Kingambit|fallenundefined|[silent]
|switch|p1a: Glimmora|Glimmora, F|2/100 par
|-damage|p1a: Glimmora|0 fnt|[from] Stealth Rock
|faint|p1a: Glimmora
|move|p2a: Iron Crown|Agility|p2a: Iron Crown
|-boost|p2a: Iron Crown|spe|2
|
|-heal|p2a: Iron Crown|97/100|[from] Grassy Terrain
|upkeep
|
|t:|1743838137
|switch|p1a: Incineroar|Incineroar, F|90/100
|-ability|p1a: Incineroar|Intimidate|boost
|-unboost|p2a: Iron Crown|atk|1
|turn|18
|
|t:|1743838140
|move|p1a: Incineroar|Fake Out|p2a: Iron Crown
|-resisted|p2a: Iron Crown
|-damage|p2a: Iron Crown|95/100
|cant|p2a: Iron Crown|flinch
|
|-heal|p2a: Iron Crown|100/100|[from] Grassy Terrain
|-heal|p1a: Incineroar|96/100|[from] Grassy Terrain
|-fieldend|move: Grassy Terrain
|upkeep
|turn|19
|
|t:|1743838143
|move|p2a: Iron Crown|Calm Mind|p2a: Iron Crown
|-boost|p2a: Iron Crown|spa|1
|-boost|p2a: Iron Crown|spd|1
|move|p1a: Incineroar|Parting Shot|p2a: Iron Crown
|-unboost|p2a: Iron Crown|atk|1
|-unboost|p2a: Iron Crown|spa|1
|
|t:|1743838149
|switch|p1a: Kingambit|Kingambit, M|97/100|[from] Parting Shot
|-damage|p1a: Kingambit|91/100|[from] Stealth Rock
|-activate|p1a: Kingambit|ability: Supreme Overlord
|-start|p1a: Kingambit|fallen1|[silent]
|
|-heal|p1a: Kingambit|97/100|[from] item: Leftovers
|upkeep
|turn|20
|
|t:|1743838158
|move|p2a: Iron Crown|Calm Mind|p2a: Iron Crown
|-boost|p2a: Iron Crown|spa|1
|-boost|p2a: Iron Crown|spd|1
|move|p1a: Kingambit|Swords Dance|p1a: Kingambit
|-boost|p1a: Kingambit|atk|2
|
|-heal|p1a: Kingambit|100/100|[from] item: Leftovers
|-sideend|p2: madhappy|Reflect
|upkeep
|turn|21
|
|t:|1743838167
|move|p2a: Iron Crown|Tachyon Cutter|p1a: Kingambit
|-resisted|p1a: Kingambit
|-damage|p1a: Kingambit|80/100
|-resisted|p1a: Kingambit
|-damage|p1a: Kingambit|57/100
|-hitcount|p1a: Kingambit|2
|move|p1a: Kingambit|Kowtow Cleave|p2a: Iron Crown
|-supereffective|p2a: Iron Crown
|-damage|p2a: Iron Crown|0 fnt
|faint|p2a: Iron Crown
|-end|p2a: Iron Crown|Quark Drive|[silent]
|
|-heal|p1a: Kingambit|63/100|[from] item: Leftovers
|-sideend|p2: madhappy|move: Light Screen
|upkeep
|
|t:|1743838174
|switch|p2a: Kyurem|Kyurem|100/100
|-ability|p2a: Kyurem|Pressure
|turn|22
|
|t:|1743838179
|move|p1a: Kingambit|Sucker Punch||[still]
|-fail|p1a: Kingambit
|move|p2a: Kyurem|Dragon Dance|p2a: Kyurem
|-boost|p2a: Kyurem|atk|1
|-boost|p2a: Kyurem|spe|1
|
|-heal|p1a: Kingambit|69/100|[from] item: Leftovers
|upkeep
|turn|23
|
|t:|1743838186
|move|p2a: Kyurem|Earth Power|p1a: Kingambit
|-supereffective|p1a: Kingambit
|-crit|p1a: Kingambit
|-damage|p1a: Kingambit|0 fnt
|faint|p1a: Kingambit
|-end|p1a: Kingambit|fallen1|[silent]
|
|upkeep
|
|t:|1743838191
|switch|p1a: Ninetales|Ninetales-Alola, F|82/100
|-damage|p1a: Ninetales|57/100|[from] Stealth Rock
|-weather|Snowscape|[from] ability: Snow Warning|[of] p1a: Ninetales
|turn|24
|
|t:|1743838197
|move|p2a: Kyurem|Dragon Dance|p2a: Kyurem
|-boost|p2a: Kyurem|atk|1
|-boost|p2a: Kyurem|spe|1
|move|p1a: Ninetales|Aurora Veil|p1a: Ninetales
|-sidestart|p1: lupiit|move: Aurora Veil
|
|-weather|Snowscape|[upkeep]
|upkeep
|turn|25
|
|t:|1743838202
|move|p2a: Kyurem|Icicle Spear|p1a: Ninetales
|-resisted|p1a: Ninetales
|-damage|p1a: Ninetales|51/100
|-resisted|p1a: Ninetales
|-damage|p1a: Ninetales|44/100
|-resisted|p1a: Ninetales
|-damage|p1a: Ninetales|38/100
|-resisted|p1a: Ninetales
|-crit|p1a: Ninetales
|-damage|p1a: Ninetales|16/100
|-hitcount|p1a: Ninetales|4
|move|p1a: Ninetales|Moonblast|p2a: Kyurem
|-supereffective|p2a: Kyurem
|-damage|p2a: Kyurem|24/100
|
|-weather|Snowscape|[upkeep]
|upkeep
|turn|26
|
|t:|1743838212
|move|p2a: Kyurem|Icicle Spear|p1a: Ninetales
|-resisted|p1a: Ninetales
|-damage|p1a: Ninetales|10/100
|-resisted|p1a: Ninetales
|-damage|p1a: Ninetales|3/100
|-resisted|p1a: Ninetales
|-damage|p1a: Ninetales|0 fnt
|faint|p1a: Ninetales
|-hitcount|p1: Ninetales|3
|
|-weather|Snowscape|[upkeep]
|upkeep
|
|t:|1743838215
|switch|p1a: Incineroar|Incineroar, F|96/100
|-ability|p1a: Incineroar|Intimidate|boost
|-unboost|p2a: Kyurem|atk|1
|turn|27
|
|t:|1743838221
|move|p2a: Kyurem|Earth Power|p1a: Incineroar
|-supereffective|p1a: Incineroar
|-damage|p1a: Incineroar|72/100
|move|p1a: Incineroar|Flare Blitz|p2a: Kyurem
|-damage|p2a: Kyurem|0 fnt
|faint|p2a: Kyurem
|-damage|p1a: Incineroar|64/100|[from] Recoil
|
|-weather|Snowscape|[upkeep]
|upkeep
|
|t:|1743838227
|switch|p2a: Grimmsnarl|Grimmsnarl, M|45/100
|turn|28
|
|t:|1743838239
|move|p2a: Grimmsnarl|Reflect|p2a: Grimmsnarl
|-sidestart|p2: madhappy|Reflect
|move|p1a: Incineroar|Flare Blitz|p2a: Grimmsnarl
|-damage|p2a: Grimmsnarl|28/100
|-damage|p1a: Incineroar|58/100|[from] Recoil
|
|-weather|none
|-sideend|p1: lupiit|move: Aurora Veil
|upkeep
|turn|29
|
|t:|1743838243
|move|p1a: Incineroar|Flare Blitz|p2a: Grimmsnarl
|-damage|p2a: Grimmsnarl|10/100
|-damage|p1a: Incineroar|53/100|[from] Recoil
|move|p2a: Grimmsnarl|Spirit Break|p1a: Incineroar
|-damage|p1a: Incineroar|34/100
|-unboost|p1a: Incineroar|spa|1
|
|upkeep
|turn|30
|
|t:|1743838251
|move|p2a: Grimmsnarl|Light Screen|p2a: Grimmsnarl
|-sidestart|p2: madhappy|move: Light Screen
|move|p1a: Incineroar|Flare Blitz|p2a: Grimmsnarl
|-damage|p2a: Grimmsnarl|0 fnt
|faint|p2a: Grimmsnarl
|-damage|p1a: Incineroar|30/100|[from] Recoil
|
|upkeep
|
|t:|1743838253
|switch|p2a: Sinistcha|Sinistcha|100/100
|turn|31
|inactive|lupiit has 120 seconds left.
|inactive|lupiit has 90 seconds left.
|
|t:|1743838341
|move|p2a: Sinistcha|Calm Mind|p2a: Sinistcha
|-boost|p2a: Sinistcha|spa|1
|-boost|p2a: Sinistcha|spd|1
|move|p1a: Incineroar|Parting Shot|p2a: Sinistcha
|-unboost|p2a: Sinistcha|atk|1
|-unboost|p2a: Sinistcha|spa|1
|
|t:|1743838343
|switch|p1a: Hoopa|Hoopa-Unbound|100/100|[from] Parting Shot
|-damage|p1a: Hoopa|88/100|[from] Stealth Rock
|
|-heal|p1a: Hoopa|94/100|[from] item: Leftovers
|upkeep
|turn|32
|
|t:|1743838354
|move|p1a: Hoopa|Dark Pulse|p2a: Sinistcha
|-supereffective|p2a: Sinistcha
|-damage|p2a: Sinistcha|55/100
|move|p2a: Sinistcha|Matcha Gotcha|p1a: Hoopa
|-damage|p1a: Hoopa|62/100
|-heal|p2a: Sinistcha|70/100|[from] drain|[of] p1a: Hoopa
|
|-heal|p1a: Hoopa|68/100|[from] item: Leftovers
|upkeep
|turn|33
|
|t:|1743838364
|move|p1a: Hoopa|Dark Pulse|p2a: Sinistcha
|-supereffective|p2a: Sinistcha
|-damage|p2a: Sinistcha|22/100
|move|p2a: Sinistcha|Calm Mind|p2a: Sinistcha
|-boost|p2a: Sinistcha|spa|1
|-boost|p2a: Sinistcha|spd|1
|
|-heal|p1a: Hoopa|74/100|[from] item: Leftovers
|upkeep
|turn|34
|-message|madhappy forfeited.
|
|win|lupiit
|raw|lupiit's rating: 1317 &rarr; <strong>1334</strong><br />(+17 for winning)
|raw|madhappy's rating: 1263 &rarr; <strong>1242</strong><br />(-21 for losing)
|l|☆madhappy
|player|p2|
|l|☆lupiit
|player|p1|
