|j|☆yitiio
|j|☆rippedpantsbob
|t:|1743913071
|gametype|singles
|player|p1|yitiio|169|1231
|player|p2|rippedpantsbob|dawn|1196
|teamsize|p1|6
|teamsize|p2|6
|gen|9
|tier|[Gen 9] OU
|rated|
|rule|HP Percentage Mod: HP is shown in percentages
|rule|Endless Battle Clause: Forcing endless battles is banned
|rule|Species Clause: Limit one of each Pokémon
|rule|OHKO Clause: OHKO moves are banned
|rule|Evasion Items Clause: Evasion items are banned
|rule|Evasion Moves Clause: Evasion moves are banned
|rule|Sleep Moves Clause: Sleep-inducing moves are banned
|clearpoke
|poke|p1|Great Tusk|
|poke|p1|Raging Bolt|
|poke|p1|Ninetales, M|
|poke|p1|Slither Wing|
|poke|p1|Walking Wake|
|poke|p1|Kingambit, F|
|poke|p2|Glimmora, M|
|poke|p2|Slowking-Galar, F|
|poke|p2|Corviknight, F|
|poke|p2|Kyurem|
|poke|p2|Raikou|
|poke|p2|Sinistcha|
|teampreview
|inactive|Battle timer is ON: inactive players will automatically lose when time's up. (requested by yitiio)
|
|t:|1743913084
|start
|switch|p1a: Great Tusk|Great Tusk|100/100
|switch|p2a: Slowking|Slowking-Galar, F|100/100
|turn|1
|
|t:|1743913101
|switch|p2a: Corviknight|Corviknight, F|100/100
|-ability|p2a: Corviknight|Pressure
|move|p1a: Great Tusk|Earthquake|p2a: Corviknight
|-immune|p2a: Corviknight
|
|upkeep
|turn|2
|
|t:|1743913113
|-end|p1a: Great Tusk|Protosynthesis|[silent]
|switch|p1a: Ninetales|Ninetales, M|100/100
|-weather|SunnyDay|[from] ability: Drought|[of] p1a: Ninetales
|move|p2a: Corviknight|U-turn|p1a: Ninetales
|-resisted|p1a: Ninetales
|-damage|p1a: Ninetales|90/100
|
|t:|1743913117
|switch|p2a: Glimmora|Glimmora, M|100/100|[from] U-turn
|
|-weather|SunnyDay|[upkeep]
|upkeep
|turn|3
|
|t:|1743913134
|switch|p1a: Great Tusk|Great Tusk|100/100
|-activate|p1a: Great Tusk|ability: Protosynthesis
|-start|p1a: Great Tusk|protosynthesisdef
|move|p2a: Glimmora|Meteor Beam||[still]
|-prepare|p2a: Glimmora|Meteor Beam
|-boost|p2a: Glimmora|spa|1
|-enditem|p2a: Glimmora|Power Herb
|-anim|p2a: Glimmora|Meteor Beam|p1a: Great Tusk
|-resisted|p1a: Great Tusk
|-damage|p1a: Great Tusk|71/100
|
|-weather|SunnyDay|[upkeep]
|-heal|p1a: Great Tusk|77/100|[from] item: Leftovers
|upkeep
|turn|4
|
|t:|1743913157
|switch|p2a: Corviknight|Corviknight, F|100/100
|-ability|p2a: Corviknight|Pressure
|move|p1a: Great Tusk|Earthquake|p2a: Corviknight
|-immune|p2a: Corviknight
|
|-weather|SunnyDay|[upkeep]
|-heal|p1a: Great Tusk|84/100|[from] item: Leftovers
|upkeep
|turn|5
|
|t:|1743913162
|move|p1a: Great Tusk|Bulk Up|p1a: Great Tusk
|-boost|p1a: Great Tusk|atk|1
|-boost|p1a: Great Tusk|def|1
|move|p2a: Corviknight|U-turn|p1a: Great Tusk
|-resisted|p1a: Great Tusk
|-crit|p1a: Great Tusk
|-damage|p1a: Great Tusk|79/100
|
|t:|1743913176
|switch|p2a: Raikou|Raikou|100/100|[from] U-turn
|-ability|p2a: Raikou|Pressure
|
|-weather|SunnyDay|[upkeep]
|-heal|p1a: Great Tusk|85/100|[from] item: Leftovers
|upkeep
|turn|6
|
|t:|1743913193
|switch|p2a: Corviknight|Corviknight, F|100/100
|-ability|p2a: Corviknight|Pressure
|move|p1a: Great Tusk|Rapid Spin|p2a: Corviknight
|-resisted|p2a: Corviknight
|-damage|p2a: Corviknight|95/100
|-boost|p1a: Great Tusk|spe|1
|-damage|p1a: Great Tusk|68/100|[from] item: Rocky Helmet|[of] p2a: Corviknight
|
|-weather|SunnyDay|[upkeep]
|-heal|p1a: Great Tusk|74/100|[from] item: Leftovers
|upkeep
|turn|7
|
|t:|1743913205
|-terastallize|p1a: Great Tusk|Poison
|move|p1a: Great Tusk|Bulk Up|p1a: Great Tusk
|-boost|p1a: Great Tusk|atk|1
|-boost|p1a: Great Tusk|def|1
|move|p2a: Corviknight|Iron Defense|p2a: Corviknight
|-boost|p2a: Corviknight|def|2
|
|-weather|SunnyDay|[upkeep]
|-heal|p1a: Great Tusk|81/100|[from] item: Leftovers
|upkeep
|turn|8
|inactive|yitiio has 120 seconds left.
|
|t:|1743913234
|move|p1a: Great Tusk|Bulk Up|p1a: Great Tusk
|-boost|p1a: Great Tusk|atk|1
|-boost|p1a: Great Tusk|def|1
|move|p2a: Corviknight|Iron Defense|p2a: Corviknight
|-boost|p2a: Corviknight|def|2
|
|-weather|SunnyDay|[upkeep]
|-heal|p1a: Great Tusk|87/100|[from] item: Leftovers
|upkeep
|turn|9
|
|t:|1743913241
|move|p1a: Great Tusk|Bulk Up|p1a: Great Tusk
|-boost|p1a: Great Tusk|atk|1
|-boost|p1a: Great Tusk|def|1
|move|p2a: Corviknight|Body Press|p1a: Great Tusk
|-resisted|p1a: Great Tusk
|-damage|p1a: Great Tusk|81/100
|
|-weather|none
|-end|p1a: Great Tusk|Protosynthesis
|-heal|p1a: Great Tusk|87/100|[from] item: Leftovers
|upkeep
|turn|10
|
|t:|1743913252
|move|p1a: Great Tusk|Rapid Spin|p2a: Corviknight
|-resisted|p2a: Corviknight
|-damage|p2a: Corviknight|91/100
|-boost|p1a: Great Tusk|spe|1
|-damage|p1a: Great Tusk|71/100|[from] item: Rocky Helmet|[of] p2a: Corviknight
|move|p2a: Corviknight|Body Press|p1a: Great Tusk
|-resisted|p1a: Great Tusk
|-damage|p1a: Great Tusk|64/100
|
|-heal|p1a: Great Tusk|70/100|[from] item: Leftovers
|upkeep
|turn|11
|
|t:|1743913261
|move|p1a: Great Tusk|Bulk Up|p1a: Great Tusk
|-boost|p1a: Great Tusk|atk|1
|-boost|p1a: Great Tusk|def|1
|move|p2a: Corviknight|Iron Defense|p2a: Corviknight
|-boost|p2a: Corviknight|def|2
|
|-heal|p1a: Great Tusk|76/100|[from] item: Leftovers
|upkeep
|turn|12
|
|t:|1743913268
|move|p1a: Great Tusk|Bulk Up|p1a: Great Tusk
|-boost|p1a: Great Tusk|atk|1
|-boost|p1a: Great Tusk|def|1
|move|p2a: Corviknight|Body Press|p1a: Great Tusk
|-resisted|p1a: Great Tusk
|-damage|p1a: Great Tusk|68/100
|
|-heal|p1a: Great Tusk|74/100|[from] item: Leftovers
|upkeep
|turn|13
|
|t:|1743913279
|move|p1a: Great Tusk|Ice Spinner|p2a: Corviknight
|-damage|p2a: Corviknight|78/100
|-damage|p1a: Great Tusk|58/100|[from] item: Rocky Helmet|[of] p2a: Corviknight
|move|p2a: Corviknight|Body Press|p1a: Great Tusk
|-resisted|p1a: Great Tusk
|-damage|p1a: Great Tusk|50/100
|
|-heal|p1a: Great Tusk|56/100|[from] item: Leftovers
|upkeep
|turn|14
|
|t:|1743913290
|move|p1a: Great Tusk|Ice Spinner|p2a: Corviknight
|-damage|p2a: Corviknight|65/100
|-damage|p1a: Great Tusk|40/100|[from] item: Rocky Helmet|[of] p2a: Corviknight
|move|p2a: Corviknight|Body Press|p1a: Great Tusk
|-resisted|p1a: Great Tusk
|-damage|p1a: Great Tusk|33/100
|
|-heal|p1a: Great Tusk|39/100|[from] item: Leftovers
|upkeep
|turn|15
|
|t:|1743913297
|move|p1a: Great Tusk|Ice Spinner|p2a: Corviknight
|-damage|p2a: Corviknight|54/100
|-damage|p1a: Great Tusk|23/100|[from] item: Rocky Helmet|[of] p2a: Corviknight
|move|p2a: Corviknight|Body Press|p1a: Great Tusk
|-resisted|p1a: Great Tusk
|-damage|p1a: Great Tusk|15/100
|
|-heal|p1a: Great Tusk|21/100|[from] item: Leftovers
|upkeep
|turn|16
|
|t:|1743913307
|move|p1a: Great Tusk|Ice Spinner|p2a: Corviknight
|-damage|p2a: Corviknight|41/100
|-damage|p1a: Great Tusk|5/100|[from] item: Rocky Helmet|[of] p2a: Corviknight
|move|p2a: Corviknight|Roost|p2a: Corviknight
|-heal|p2a: Corviknight|91/100
|-singleturn|p2a: Corviknight|move: Roost
|
|-heal|p1a: Great Tusk|11/100|[from] item: Leftovers
|upkeep
|turn|17
|
|t:|1743913313
|move|p1a: Great Tusk|Ice Spinner|p2a: Corviknight
|-damage|p2a: Corviknight|79/100
|-damage|p1a: Great Tusk|0 fnt|[from] item: Rocky Helmet|[of] p2a: Corviknight
|faint|p1a: Great Tusk
|-end|p1a: Great Tusk|Protosynthesis|[silent]
|move|p2a: Corviknight|Body Press|p1: Great Tusk|[notarget]
|-fail|p2a: Corviknight
|
|upkeep
|
|t:|1743913321
|switch|p1a: Ninetales|Ninetales, M|90/100
|-weather|SunnyDay|[from] ability: Drought|[of] p1a: Ninetales
|turn|18
|
|t:|1743913329
|switch|p2a: Slowking|Slowking-Galar, F|100/100
|move|p1a: Ninetales|Weather Ball|p2a: Slowking
|-damage|p2a: Slowking|64/100
|
|-weather|SunnyDay|[upkeep]
|upkeep
|turn|19
|
|t:|1743913348
|switch|p1a: Slither Wing|Slither Wing|100/100
|-activate|p1a: Slither Wing|ability: Protosynthesis
|-start|p1a: Slither Wing|protosynthesisatk
|-prepare|p2a: Slowking|Chilly Reception|[premajor]
|move|p2a: Slowking|Chilly Reception|p2a: Slowking
|-weather|Snowscape
|-end|p1a: Slither Wing|Protosynthesis
|
|t:|1743913354
|switch|p2a: Glimmora|Glimmora, M|100/100|[from] Chilly Reception
|
|-weather|Snowscape|[upkeep]
|upkeep
|turn|20
|
|t:|1743913375
|-end|p1a: Slither Wing|Protosynthesis|[silent]
|switch|p1a: Ninetales|Ninetales, M|90/100
|-weather|SunnyDay|[from] ability: Drought|[of] p1a: Ninetales
|move|p2a: Glimmora|Toxic Spikes|p1a: Ninetales
|-sidestart|p1: yitiio|move: Toxic Spikes
|
|-weather|SunnyDay|[upkeep]
|upkeep
|turn|21
|
|t:|1743913393
|switch|p1a: Walking Wake|Walking Wake|100/100
|-status|p1a: Walking Wake|psn
|-activate|p1a: Walking Wake|ability: Protosynthesis
|-start|p1a: Walking Wake|protosynthesisspe
|move|p2a: Glimmora|Toxic Spikes|p1a: Walking Wake
|-sidestart|p1: yitiio|move: Toxic Spikes
|
|-weather|SunnyDay|[upkeep]
|-damage|p1a: Walking Wake|88/100 psn|[from] psn
|upkeep
|turn|22
|
|t:|1743913400
|move|p1a: Walking Wake|Hydro Steam|p2a: Glimmora
|-supereffective|p2a: Glimmora
|-damage|p2a: Glimmora|0 fnt
|faint|p2a: Glimmora
|
|-weather|SunnyDay|[upkeep]
|-damage|p1a: Walking Wake|76/100 psn|[from] psn
|upkeep
|
|t:|1743913405
|switch|p2a: Slowking|Slowking-Galar, F|98/100
|turn|23
|
|t:|1743913408
|move|p1a: Walking Wake|Hydro Steam|p2a: Slowking
|-damage|p2a: Slowking|36/100
|-prepare|p2a: Slowking|Chilly Reception|[premajor]
|move|p2a: Slowking|Chilly Reception|p2a: Slowking
|-weather|Snowscape
|-end|p1a: Walking Wake|Protosynthesis
|
|t:|1743913413
|switch|p2a: Sinistcha|Sinistcha|100/100|[from] Chilly Reception
|
|-weather|Snowscape|[upkeep]
|-damage|p1a: Walking Wake|64/100 psn|[from] psn
|upkeep
|turn|24
|
|t:|1743913420
|-end|p1a: Walking Wake|Protosynthesis|[silent]
|switch|p1a: Ninetales|Ninetales, M|90/100
|-status|p1a: Ninetales|tox
|-weather|SunnyDay|[from] ability: Drought|[of] p1a: Ninetales
|move|p2a: Sinistcha|Matcha Gotcha|p1a: Ninetales
|-resisted|p1a: Ninetales
|-damage|p1a: Ninetales|70/100 tox
|
|-weather|SunnyDay|[upkeep]
|-damage|p1a: Ninetales|64/100 tox|[from] psn
|upkeep
|turn|25
|
|t:|1743913434
|switch|p2a: Raikou|Raikou|100/100
|-ability|p2a: Raikou|Pressure
|move|p1a: Ninetales|Nasty Plot|p1a: Ninetales
|-boost|p1a: Ninetales|spa|2
|
|-weather|SunnyDay|[upkeep]
|-damage|p1a: Ninetales|51/100 tox|[from] psn
|upkeep
|turn|26
|
|t:|1743913440
|move|p2a: Raikou|Volt Switch|p1a: Ninetales
|-damage|p1a: Ninetales|9/100 tox
|
|t:|1743913445
|switch|p2a: Slowking|Slowking-Galar, F|69/100|[from] Volt Switch
|move|p1a: Ninetales|Weather Ball|p2a: Slowking
|-damage|p2a: Slowking|0 fnt
|faint|p2a: Slowking
|
|-weather|SunnyDay|[upkeep]
|-damage|p1a: Ninetales|0 fnt|[from] psn
|faint|p1a: Ninetales
|upkeep
|
|t:|1743913469
|switch|p1a: Walking Wake|Walking Wake|64/100 psn
|switch|p2a: Raikou|Raikou|100/100
|-ability|p2a: Raikou|Pressure
|-activate|p1a: Walking Wake|ability: Protosynthesis
|-start|p1a: Walking Wake|protosynthesisspe
|turn|27
|
|t:|1743913488
|move|p1a: Walking Wake|Flamethrower|p2a: Raikou
|-damage|p2a: Raikou|24/100
|move|p2a: Raikou|Discharge|p1a: Walking Wake
|-damage|p1a: Walking Wake|18/100 psn
|
|-weather|SunnyDay|[upkeep]
|-damage|p1a: Walking Wake|5/100 psn|[from] psn
|upkeep
|turn|28
|
|t:|1743913496
|move|p1a: Walking Wake|Flamethrower|p2a: Raikou
|-damage|p2a: Raikou|0 fnt
|faint|p2a: Raikou
|
|-weather|SunnyDay|[upkeep]
|-damage|p1a: Walking Wake|0 fnt|[from] psn
|faint|p1a: Walking Wake
|-end|p1a: Walking Wake|Protosynthesis|[silent]
|upkeep
|
|t:|1743913509
|switch|p2a: Kyurem|Kyurem|100/100
|switch|p1a: Raging Bolt|Raging Bolt|100/100
|-ability|p2a: Kyurem|Pressure
|-status|p1a: Raging Bolt|tox
|-activate|p1a: Raging Bolt|ability: Protosynthesis
|-start|p1a: Raging Bolt|protosynthesisspa
|turn|29
|
|t:|1743913513
|move|p2a: Kyurem|Substitute|p2a: Kyurem
|-start|p2a: Kyurem|Substitute
|-damage|p2a: Kyurem|76/100
|move|p1a: Raging Bolt|Weather Ball|p2a: Kyurem
|-end|p2a: Kyurem|Substitute
|
|-weather|SunnyDay|[upkeep]
|-heal|p2a: Kyurem|82/100|[from] item: Leftovers
|-damage|p1a: Raging Bolt|94/100 tox|[from] psn
|upkeep
|turn|30
|
|t:|1743913535
|move|p2a: Kyurem|Substitute|p2a: Kyurem
|-start|p2a: Kyurem|Substitute
|-damage|p2a: Kyurem|57/100
|move|p1a: Raging Bolt|Weather Ball|p2a: Kyurem
|-end|p2a: Kyurem|Substitute
|
|-weather|SunnyDay|[upkeep]
|-heal|p2a: Kyurem|63/100|[from] item: Leftovers
|-damage|p1a: Raging Bolt|82/100 tox|[from] psn
|upkeep
|turn|31
|
|t:|1743913540
|move|p2a: Kyurem|Protect|p2a: Kyurem
|-singleturn|p2a: Kyurem|Protect
|move|p1a: Raging Bolt|Volt Switch|p2a: Kyurem
|-activate|p2a: Kyurem|move: Protect
|
|-weather|none
|-end|p1a: Raging Bolt|Protosynthesis
|-heal|p2a: Kyurem|69/100|[from] item: Leftovers
|-damage|p1a: Raging Bolt|64/100 tox|[from] psn
|upkeep
|turn|32
|
|t:|1743913544
|move|p2a: Kyurem|Freeze-Dry|p1a: Raging Bolt
|-supereffective|p1a: Raging Bolt
|-damage|p1a: Raging Bolt|32/100 tox
|move|p1a: Raging Bolt|Volt Switch|p2a: Kyurem
|-resisted|p2a: Kyurem
|-damage|p2a: Kyurem|53/100
|
|t:|1743913552
|-end|p1a: Raging Bolt|Protosynthesis|[silent]
|switch|p1a: Kingambit|Kingambit, F|100/100|[from] Volt Switch
|
|-heal|p2a: Kyurem|59/100|[from] item: Leftovers
|upkeep
|turn|33
|
|t:|1743913563
|switch|p2a: Corviknight|Corviknight, F|79/100
|-ability|p2a: Corviknight|Pressure
|move|p1a: Kingambit|Swords Dance|p1a: Kingambit
|-boost|p1a: Kingambit|atk|2
|
|upkeep
|turn|34
|
|t:|1743913569
|-terastallize|p2a: Corviknight|Fighting
|move|p2a: Corviknight|Iron Defense|p2a: Corviknight
|-boost|p2a: Corviknight|def|2
|move|p1a: Kingambit|Kowtow Cleave|p2a: Corviknight
|-resisted|p2a: Corviknight
|-damage|p2a: Corviknight|60/100
|-damage|p1a: Kingambit|84/100|[from] item: Rocky Helmet|[of] p2a: Corviknight
|
|upkeep
|turn|35
|
|t:|1743913581
|switch|p1a: Raging Bolt|Raging Bolt|32/100 tox
|move|p2a: Corviknight|Body Press|p1a: Raging Bolt
|-damage|p1a: Raging Bolt|0 fnt
|faint|p1a: Raging Bolt
|-end|p1a: Raging Bolt|Protosynthesis|[silent]
|
|upkeep
|-message|yitiio forfeited.
|
|win|rippedpantsbob
|raw|yitiio's rating: 1231 &rarr; <strong>1203</strong><br />(-28 for losing)
|raw|rippedpantsbob's rating: 1196 &rarr; <strong>1224</strong><br />(+28 for winning)
|l|☆yitiio
|player|p1|
|l|☆rippedpantsbob
|player|p2|
