|j|☆Pumpkinix
|j|☆lnklnklnkl
|t:|1743901813
|gametype|singles
|player|p1|Pumpkinix|169|1469
|player|p2|lnklnklnkl|101|1422
|teamsize|p1|6
|teamsize|p2|6
|gen|9
|tier|[Gen 9] OU
|rated|
|rule|HP Percentage Mod: HP is shown in percentages
|rule|Endless Battle Clause: Forcing endless battles is banned
|rule|Species Clause: Limit one of each Pokémon
|rule|OHKO Clause: OHKO moves are banned
|rule|Evasion Items Clause: Evasion items are banned
|rule|Evasion Moves Clause: Evasion moves are banned
|rule|Sleep Moves Clause: Sleep-inducing moves are banned
|clearpoke
|poke|p1|Raikou|
|poke|p1|Toxapex, F|
|poke|p1|Iron Valiant|
|poke|p1|Gholdengo|
|poke|p1|Heatran, F|
|poke|p1|Landorus-Therian, M|
|poke|p2|Heatran, F|
|poke|p2|Hydrapple, F|
|poke|p2|Dondozo, M|
|poke|p2|Weezing-Galar, F|
|poke|p2|Pecharunt|
|poke|p2|Ting-Lu|
|teampreview
|inactive|Battle timer is ON: inactive players will automatically lose when time's up. (requested by Pumpkinix)
|
|t:|1743901829
|start
|switch|p1a: Battle Cat|Raikou|100/100
|switch|p2a: Hydrapple|Hydrapple, F|100/100
|-ability|p1a: Battle Cat|Pressure
|turn|1
|
|t:|1743901835
|switch|p2a: Ting-Lu|Ting-Lu|100/100
|-ability|p2a: Ting-Lu|Vessel of Ruin
|move|p1a: Battle Cat|Volt Switch|p2a: Ting-Lu
|-immune|p2a: Ting-Lu
|
|upkeep
|turn|2
|
|t:|1743901850
|move|p1a: Battle Cat|Scald|p2a: Ting-Lu
|-supereffective|p2a: Ting-Lu
|-damage|p2a: Ting-Lu|81/100
|-status|p2a: Ting-Lu|brn
|move|p2a: Ting-Lu|Spikes|p1a: Battle Cat
|-sidestart|p1: Pumpkinix|Spikes
|
|-heal|p2a: Ting-Lu|87/100 brn|[from] item: Leftovers
|-damage|p2a: Ting-Lu|81/100 brn|[from] brn
|upkeep
|turn|3
|
|t:|1743901869
|switch|p1a: ChristopherHansen|Landorus-Therian, M|100/100
|-ability|p1a: ChristopherHansen|Intimidate|boost
|-unboost|p2a: Ting-Lu|atk|1
|move|p2a: Ting-Lu|Ruination|p1a: ChristopherHansen
|-damage|p1a: ChristopherHansen|50/100
|
|-heal|p2a: Ting-Lu|87/100 brn|[from] item: Leftovers
|-damage|p2a: Ting-Lu|81/100 brn|[from] brn
|upkeep
|turn|4
|
|t:|1743901883
|switch|p2a: Hydrapple|Hydrapple, F|100/100
|move|p1a: ChristopherHansen|Earthquake|p2a: Hydrapple
|-resisted|p2a: Hydrapple
|-crit|p2a: Hydrapple
|-damage|p2a: Hydrapple|67/100
|
|upkeep
|turn|5
|
|t:|1743901892
|move|p1a: ChristopherHansen|U-turn|p2a: Hydrapple
|-supereffective|p2a: Hydrapple
|-damage|p2a: Hydrapple|29/100
|inactive|Pumpkinix has 120 seconds left.
|
|t:|1743901926
|switch|p1a: Uvula|Toxapex, F, shiny|100/100|[from] U-turn
|move|p2a: Hydrapple|Giga Drain|p1a: Uvula
|-damage|p1a: Uvula|65/100
|-heal|p2a: Hydrapple|42/100|[from] drain|[of] p1a: Uvula
|-damage|p2a: Hydrapple|32/100|[from] item: Life Orb
|
|upkeep
|turn|6
|
|t:|1743901939
|switch|p2a: Weezing|Weezing-Galar, F|100/100
|-ability|p2a: Weezing|Neutralizing Gas
|move|p1a: Uvula|Infestation|p2a: Weezing
|-resisted|p2a: Weezing
|-damage|p2a: Weezing|99/100
|-activate|p2a: Weezing|move: Infestation|[of] p1a: Uvula
|
|-damage|p2a: Weezing|87/100|[from] move: Infestation|[partiallytrapped]
|upkeep
|turn|7
|
|t:|1743901944
|move|p1a: Uvula|Baneful Bunker|p1a: Uvula
|-singleturn|p1a: Uvula|move: Protect
|move|p2a: Weezing|Will-O-Wisp|p1a: Uvula
|-activate|p1a: Uvula|move: Protect
|
|-damage|p2a: Weezing|75/100|[from] move: Infestation|[partiallytrapped]
|upkeep
|turn|8
|inactive|Pumpkinix has 120 seconds left.
|
|t:|1743901957
|switch|p1a: 2hot2handle|Heatran, F|100/100
|-item|p1a: 2hot2handle|Air Balloon
|move|p2a: Weezing|Strange Steam|p1a: 2hot2handle
|-resisted|p1a: 2hot2handle
|-damage|p1a: 2hot2handle|95/100
|-enditem|p1a: 2hot2handle|Air Balloon
|
|-end|p2a: Weezing|Infestation|[partiallytrapped]|[silent]
|upkeep
|turn|9
|inactive|Pumpkinix has 120 seconds left.
|
|t:|1743901968
|-end|p2a: Weezing|ability: Neutralizing Gas
|switch|p2a: Dondozo|Dondozo, M|100/100
|move|p1a: 2hot2handle|Stealth Rock|p2a: Dondozo
|-sidestart|p2: lnklnklnkl|move: Stealth Rock
|
|upkeep
|turn|10
|inactive|Pumpkinix has 120 seconds left.
|
|t:|1743901979
|switch|p1a: Uvula|Toxapex, F, shiny|65/100
|move|p2a: Dondozo|Liquidation|p1a: Uvula
|-resisted|p1a: Uvula
|-damage|p1a: Uvula|53/100
|
|upkeep
|turn|11
|
|t:|1743901986
|move|p1a: Uvula|Recover|p1a: Uvula
|-heal|p1a: Uvula|100/100
|move|p2a: Dondozo|Curse|p2a: Dondozo
|-unboost|p2a: Dondozo|spe|1
|-boost|p2a: Dondozo|atk|1
|-boost|p2a: Dondozo|def|1
|
|upkeep
|turn|12
|
|t:|1743901993
|move|p1a: Uvula|Infestation|p2a: Dondozo
|-damage|p2a: Dondozo|99/100
|-activate|p2a: Dondozo|move: Infestation|[of] p1a: Uvula
|move|p2a: Dondozo|Liquidation|p1a: Uvula
|-resisted|p1a: Uvula
|-damage|p1a: Uvula|83/100
|
|-heal|p2a: Dondozo|100/100|[from] item: Leftovers
|-damage|p2a: Dondozo|88/100|[from] move: Infestation|[partiallytrapped]
|upkeep
|turn|13
|
|t:|1743901996
|move|p1a: Uvula|Toxic|p2a: Dondozo
|-status|p2a: Dondozo|tox
|move|p2a: Dondozo|Curse|p2a: Dondozo
|-unboost|p2a: Dondozo|spe|1
|-boost|p2a: Dondozo|atk|1
|-boost|p2a: Dondozo|def|1
|
|-heal|p2a: Dondozo|94/100 tox|[from] item: Leftovers
|-damage|p2a: Dondozo|88/100 tox|[from] psn
|-damage|p2a: Dondozo|75/100 tox|[from] move: Infestation|[partiallytrapped]
|upkeep
|turn|14
|
|t:|1743902003
|move|p1a: Uvula|Infestation|p2a: Dondozo
|-damage|p2a: Dondozo|74/100 tox
|move|p2a: Dondozo|Rest|p2a: Dondozo
|-status|p2a: Dondozo|slp|[from] move: Rest
|-heal|p2a: Dondozo|100/100 slp|[silent]
|
|-damage|p2a: Dondozo|88/100 slp|[from] move: Infestation|[partiallytrapped]
|upkeep
|turn|15
|
|t:|1743902019
|switch|p1a: Cheese String|Gholdengo|100/100
|-damage|p1a: Cheese String|88/100|[from] Spikes
|cant|p2a: Dondozo|slp
|move|p2a: Dondozo|Sleep Talk|p2a: Dondozo
|move|p2a: Dondozo|Curse|p2a: Dondozo|[from] move: Sleep Talk
|-unboost|p2a: Dondozo|spe|1
|-boost|p2a: Dondozo|atk|1
|-boost|p2a: Dondozo|def|1
|
|-heal|p2a: Dondozo|94/100 slp|[from] item: Leftovers
|-end|p2a: Dondozo|Infestation|[partiallytrapped]|[silent]
|upkeep
|turn|16
|
|t:|1743902023
|move|p1a: Cheese String|Trick|p2a: Dondozo
|-activate|p1a: Cheese String|move: Trick|[of] p2a: Dondozo
|-item|p2a: Dondozo|Choice Scarf|[from] move: Trick
|-item|p1a: Cheese String|Leftovers|[from] move: Trick
|cant|p2a: Dondozo|slp
|move|p2a: Dondozo|Sleep Talk|p2a: Dondozo
|move|p2a: Dondozo|Rest||[from] move: Sleep Talk|[still]
|-fail|p2a: Dondozo
|
|-heal|p1a: Cheese String|94/100|[from] item: Leftovers
|upkeep
|turn|17
|
|t:|1743902034
|switch|p1a: Uvula|Toxapex, F, shiny|100/100
|switch|p2a: Ting-Lu|Ting-Lu|81/100 brn
|-damage|p2a: Ting-Lu|74/100 brn|[from] Stealth Rock
|-ability|p2a: Ting-Lu|Vessel of Ruin
|
|-heal|p2a: Ting-Lu|81/100 brn|[from] item: Leftovers
|-damage|p2a: Ting-Lu|74/100 brn|[from] brn
|upkeep
|turn|18
|
|t:|1743902040
|move|p2a: Ting-Lu|Spikes|p1a: Uvula
|-sidestart|p1: Pumpkinix|Spikes
|move|p1a: Uvula|Infestation|p2a: Ting-Lu
|-supereffective|p2a: Ting-Lu
|-damage|p2a: Ting-Lu|72/100 brn
|-activate|p2a: Ting-Lu|move: Infestation|[of] p1a: Uvula
|
|-heal|p2a: Ting-Lu|78/100 brn|[from] item: Leftovers
|-damage|p2a: Ting-Lu|72/100 brn|[from] brn
|-damage|p2a: Ting-Lu|59/100 brn|[from] move: Infestation|[partiallytrapped]
|upkeep
|turn|19
|
|t:|1743902048
|move|p2a: Ting-Lu|Spikes|p1a: Uvula
|-sidestart|p1: Pumpkinix|Spikes
|move|p1a: Uvula|Infestation|p2a: Ting-Lu
|-supereffective|p2a: Ting-Lu
|-damage|p2a: Ting-Lu|57/100 brn
|
|-heal|p2a: Ting-Lu|63/100 brn|[from] item: Leftovers
|-damage|p2a: Ting-Lu|57/100 brn|[from] brn
|-damage|p2a: Ting-Lu|44/100 brn|[from] move: Infestation|[partiallytrapped]
|upkeep
|turn|20
|
|t:|1743902056
|move|p1a: Uvula|Baneful Bunker|p1a: Uvula
|-singleturn|p1a: Uvula|move: Protect
|move|p2a: Ting-Lu|Whirlwind|p1a: Uvula
|drag|p1a: Battle Cat|Raikou|100/100
|-ability|p1a: Battle Cat|Pressure
|
|-heal|p2a: Ting-Lu|50/100 brn|[from] item: Leftovers
|-damage|p2a: Ting-Lu|44/100 brn|[from] brn
|-end|p2a: Ting-Lu|Infestation|[partiallytrapped]|[silent]
|upkeep
|turn|21
|
|t:|1743902085
|switch|p1a: ChristopherHansen|Landorus-Therian, M|50/100
|-ability|p1a: ChristopherHansen|Intimidate|boost
|-unboost|p2a: Ting-Lu|atk|1
|move|p2a: Ting-Lu|Ruination|p1a: ChristopherHansen
|-damage|p1a: ChristopherHansen|25/100
|
|-heal|p2a: Ting-Lu|50/100 brn|[from] item: Leftovers
|-damage|p2a: Ting-Lu|44/100 brn|[from] brn
|upkeep
|turn|22
|
|t:|1743902093
|move|p1a: ChristopherHansen|U-turn|p2a: Ting-Lu
|-supereffective|p2a: Ting-Lu
|-damage|p2a: Ting-Lu|15/100 brn
|
|t:|1743902098
|switch|p1a: Uvula|Toxapex, F, shiny|100/100|[from] U-turn
|move|p2a: Ting-Lu|Ruination|p1a: Uvula
|-damage|p1a: Uvula|51/100
|
|-heal|p2a: Ting-Lu|21/100 brn|[from] item: Leftovers
|-damage|p2a: Ting-Lu|15/100 brn|[from] brn
|upkeep
|turn|23
|
|t:|1743902108
|switch|p2a: Heatran|Heatran, F|100/100
|-damage|p2a: Heatran|88/100|[from] Stealth Rock
|move|p1a: Uvula|Recover|p1a: Uvula
|-heal|p1a: Uvula|100/100
|
|-heal|p2a: Heatran|94/100|[from] item: Leftovers
|upkeep
|turn|24
|
|t:|1743902128
|move|p2a: Heatran|Magma Storm|p1a: Uvula
|-resisted|p1a: Uvula
|-damage|p1a: Uvula|84/100
|-activate|p1a: Uvula|move: Magma Storm|[of] p2a: Heatran
|move|p1a: Uvula|Infestation|p2a: Heatran
|-resisted|p2a: Heatran
|-damage|p2a: Heatran|94/100
|-activate|p2a: Heatran|move: Infestation|[of] p1a: Uvula
|
|-heal|p2a: Heatran|99/100|[from] item: Leftovers
|-damage|p2a: Heatran|87/100|[from] move: Infestation|[partiallytrapped]
|-damage|p1a: Uvula|71/100|[from] move: Magma Storm|[partiallytrapped]
|upkeep
|turn|25
|
|t:|1743902137
|move|p1a: Uvula|Baneful Bunker|p1a: Uvula
|-singleturn|p1a: Uvula|move: Protect
|move|p2a: Heatran|Stealth Rock|p1a: Uvula
|-sidestart|p1: Pumpkinix|move: Stealth Rock
|
|-heal|p2a: Heatran|94/100|[from] item: Leftovers
|-damage|p2a: Heatran|81/100|[from] move: Infestation|[partiallytrapped]
|-damage|p1a: Uvula|59/100|[from] move: Magma Storm|[partiallytrapped]
|upkeep
|turn|26
|
|t:|1743902143
|move|p2a: Heatran|Taunt|p1a: Uvula
|-start|p1a: Uvula|move: Taunt
|cant|p1a: Uvula|move: Taunt|Recover
|
|-heal|p2a: Heatran|87/100|[from] item: Leftovers
|-damage|p2a: Heatran|75/100|[from] move: Infestation|[partiallytrapped]
|-damage|p1a: Uvula|47/100|[from] move: Magma Storm|[partiallytrapped]
|upkeep
|turn|27
|
|t:|1743902153
|move|p2a: Heatran|Earth Power|p1a: Uvula
|-supereffective|p1a: Uvula
|-damage|p1a: Uvula|5/100
|-unboost|p1a: Uvula|spd|1
|move|p1a: Uvula|Infestation|p2a: Heatran
|-resisted|p2a: Heatran
|-damage|p2a: Heatran|74/100
|
|-heal|p2a: Heatran|81/100|[from] item: Leftovers
|-damage|p2a: Heatran|68/100|[from] move: Infestation|[partiallytrapped]
|-damage|p1a: Uvula|0 fnt|[from] move: Magma Storm|[partiallytrapped]
|faint|p1a: Uvula
|upkeep
|
|t:|1743902173
|switch|p1a: Battle Cat|Raikou|100/100
|-ability|p1a: Battle Cat|Pressure
|turn|28
|
|t:|1743902176
|move|p1a: Battle Cat|Thunder Wave|p2a: Heatran
|-status|p2a: Heatran|par
|move|p2a: Heatran|Magma Storm|p1a: Battle Cat
|-damage|p1a: Battle Cat|40/100
|-activate|p1a: Battle Cat|move: Magma Storm|[of] p2a: Heatran
|
|-heal|p2a: Heatran|74/100 par|[from] item: Leftovers
|-damage|p1a: Battle Cat|28/100|[from] move: Magma Storm|[partiallytrapped]
|-end|p2a: Heatran|Infestation|[partiallytrapped]|[silent]
|upkeep
|turn|29
|
|t:|1743902181
|move|p1a: Battle Cat|Volt Switch|p2a: Heatran
|-damage|p2a: Heatran|39/100 par
|
|t:|1743902183
|switch|p1a: ChristopherHansen|Landorus-Therian, M|25/100|[from] Volt Switch
|-damage|p1a: ChristopherHansen|13/100|[from] Stealth Rock
|-ability|p1a: ChristopherHansen|Intimidate|boost
|-unboost|p2a: Heatran|atk|1
|move|p2a: Heatran|Earth Power|p1a: ChristopherHansen
|-immune|p1a: ChristopherHansen
|
|-heal|p2a: Heatran|45/100 par|[from] item: Leftovers
|upkeep
|turn|30
|
|t:|1743902194
|switch|p2a: Dondozo|Dondozo, M|94/100 slp
|-damage|p2a: Dondozo|82/100 slp|[from] Stealth Rock
|move|p1a: ChristopherHansen|Earthquake|p2a: Dondozo
|-damage|p2a: Dondozo|46/100 slp
|
|upkeep
|turn|31
|
|t:|1743902202
|move|p1a: ChristopherHansen|Earthquake|p2a: Dondozo
|-damage|p2a: Dondozo|12/100 slp
|-curestatus|p2a: Dondozo|slp|[msg]
|move|p2a: Dondozo|Liquidation|p1a: ChristopherHansen
|-supereffective|p1a: ChristopherHansen
|-damage|p1a: ChristopherHansen|0 fnt
|faint|p1a: ChristopherHansen
|
|upkeep
|
|t:|1743902218
|switch|p1a: Battle Cat|Raikou|28/100
|-ability|p1a: Battle Cat|Pressure
|turn|32
|
|t:|1743902230
|switch|p2a: Hydrapple|Hydrapple, F|65/100
|-damage|p2a: Hydrapple|53/100|[from] Stealth Rock
|move|p1a: Battle Cat|Volt Switch|p2a: Hydrapple
|-resisted|p2a: Hydrapple
|-damage|p2a: Hydrapple|45/100
|
|t:|1743902250
|switch|p1a: Cheese String|Gholdengo|94/100|[from] Volt Switch
|-damage|p1a: Cheese String|69/100|[from] Spikes
|-damage|p1a: Cheese String|63/100|[from] Stealth Rock
|
|-heal|p1a: Cheese String|69/100|[from] item: Leftovers
|upkeep
|turn|33
|
|t:|1743902259
|switch|p2a: Ting-Lu|Ting-Lu|15/100 brn
|-damage|p2a: Ting-Lu|9/100 brn|[from] Stealth Rock
|-ability|p2a: Ting-Lu|Vessel of Ruin
|move|p1a: Cheese String|Dazzling Gleam|p2a: Ting-Lu
|-supereffective|p2a: Ting-Lu
|-damage|p2a: Ting-Lu|0 fnt
|faint|p2a: Ting-Lu
|
|-heal|p1a: Cheese String|75/100|[from] item: Leftovers
|upkeep
|
|t:|1743902261
|switch|p2a: Pecharunt|Pecharunt|100/100
|turn|34
|
|t:|1743902267
|-terastallize|p2a: Pecharunt|Grass
|move|p1a: Cheese String|Hex|p2a: Pecharunt
|-damage|p2a: Pecharunt|63/100
|move|p2a: Pecharunt|Hex|p1a: Cheese String
|-supereffective|p1a: Cheese String
|-damage|p1a: Cheese String|26/100
|
|-heal|p1a: Cheese String|32/100|[from] item: Leftovers
|upkeep
|turn|35
|
|t:|1743902275
|move|p1a: Cheese String|Make It Rain|p2a: Pecharunt
|-crit|p2a: Pecharunt
|-damage|p2a: Pecharunt|0 fnt
|-unboost|p1a: Cheese String|spa|1
|faint|p2a: Pecharunt
|
|-heal|p1a: Cheese String|38/100|[from] item: Leftovers
|upkeep
|
|t:|1743902279
|switch|p2a: Hydrapple|Hydrapple, F|78/100
|-damage|p2a: Hydrapple|66/100|[from] Stealth Rock
|turn|36
|
|t:|1743902303
|move|p1a: Cheese String|Dazzling Gleam|p2a: Hydrapple
|-supereffective|p2a: Hydrapple
|-damage|p2a: Hydrapple|27/100
|move|p2a: Hydrapple|Earth Power|p1a: Cheese String
|-supereffective|p1a: Cheese String
|-damage|p1a: Cheese String|0 fnt
|faint|p1a: Cheese String
|-damage|p2a: Hydrapple|17/100|[from] item: Life Orb
|
|upkeep
|
|t:|1743902312
|switch|p1a: Battle Cat|Raikou|28/100
|-ability|p1a: Battle Cat|Pressure
|turn|37
|
|t:|1743902314
|switch|p2a: Dondozo|Dondozo, M|12/100
|-damage|p2a: Dondozo|0 fnt|[from] Stealth Rock
|faint|p2a: Dondozo
|move|p1a: Battle Cat|Aura Sphere|p2: Dondozo|[notarget]
|-fail|p1a: Battle Cat
|
|upkeep
|
|t:|1743902318
|switch|p2a: Hydrapple|Hydrapple, F|50/100
|-damage|p2a: Hydrapple|38/100|[from] Stealth Rock
|turn|38
|
|t:|1743902337
|move|p1a: Battle Cat|Aura Sphere|p2a: Hydrapple
|-damage|p2a: Hydrapple|12/100
|move|p2a: Hydrapple|Earth Power|p1a: Battle Cat
|-supereffective|p1a: Battle Cat
|-damage|p1a: Battle Cat|0 fnt
|faint|p1a: Battle Cat
|-damage|p2a: Hydrapple|2/100|[from] item: Life Orb
|
|upkeep
|inactive|Pumpkinix has 120 seconds left.
|
|t:|1743902360
|switch|p1a: N0n B1nary|Iron Valiant|100/100
|-damage|p1a: N0n B1nary|76/100|[from] Spikes
|-damage|p1a: N0n B1nary|69/100|[from] Stealth Rock
|-enditem|p1a: N0n B1nary|Booster Energy
|-activate|p1a: N0n B1nary|ability: Quark Drive|[fromitem]
|-start|p1a: N0n B1nary|quarkdrivespe
|turn|39
|
|t:|1743902367
|move|p1a: N0n B1nary|Hex|p2a: Hydrapple
|-damage|p2a: Hydrapple|0 fnt
|faint|p2a: Hydrapple
|
|upkeep
|
|t:|1743902368
|switch|p2a: Weezing|Weezing-Galar, F|75/100
|-ability|p2a: Weezing|Neutralizing Gas
|turn|40
|inactive|Pumpkinix has 120 seconds left.
|
|t:|1743902396
|-terastallize|p1a: N0n B1nary|Ghost
|move|p1a: N0n B1nary|Calm Mind|p1a: N0n B1nary
|-boost|p1a: N0n B1nary|spa|1
|-boost|p1a: N0n B1nary|spd|1
|move|p2a: Weezing|Strange Steam|p1a: N0n B1nary
|-damage|p1a: N0n B1nary|34/100
|
|upkeep
|turn|41
|
|t:|1743902402
|move|p1a: N0n B1nary|Hex|p2a: Weezing
|-damage|p2a: Weezing|10/100
|move|p2a: Weezing|Strange Steam|p1a: N0n B1nary
|-damage|p1a: N0n B1nary|0 fnt
|faint|p1a: N0n B1nary
|-end|p1a: N0n B1nary|Quark Drive|[silent]
|
|upkeep
|inactive|Pumpkinix has 120 seconds left.
|
|t:|1743902415
|switch|p1a: 2hot2handle|Heatran, F|95/100
|-damage|p1a: 2hot2handle|70/100|[from] Spikes
|-damage|p1a: 2hot2handle|58/100|[from] Stealth Rock
|turn|42
|
|t:|1743902419
|move|p1a: 2hot2handle|Flash Cannon|p2a: Weezing
|-supereffective|p2a: Weezing
|-damage|p2a: Weezing|0 fnt
|faint|p2a: Weezing
|-end|p2a: Weezing|ability: Neutralizing Gas
|
|upkeep
|
|t:|1743902421
|switch|p2a: Heatran|Heatran, F|45/100 par
|-damage|p2a: Heatran|33/100 par|[from] Stealth Rock
|turn|43
|
|t:|1743902426
|move|p1a: 2hot2handle|Flash Cannon|p2a: Heatran
|-resisted|p2a: Heatran
|-damage|p2a: Heatran|23/100 par
|move|p2a: Heatran|Earth Power|p1a: 2hot2handle
|-supereffective|p1a: 2hot2handle
|-damage|p1a: 2hot2handle|0 fnt
|faint|p1a: 2hot2handle
|
|win|lnklnklnkl
|raw|Pumpkinix's rating: 1469 &rarr; <strong>1445</strong><br />(-24 for losing)
|raw|lnklnklnkl's rating: 1400 &rarr; <strong>1424</strong><br />(+24 for winning)
|l|☆Pumpkinix
|player|p1|
|l|☆lnklnklnkl
|player|p2|
