|j|☆TheHanChenlong
|j|☆satanice
|t:|1743855405
|gametype|singles
|player|p1|TheHanChenlong|266|1126
|player|p2|satanice|skierf|1114
|teamsize|p1|6
|teamsize|p2|6
|gen|9
|tier|[Gen 9] OU
|rated|
|rule|HP Percentage Mod: HP is shown in percentages
|rule|Endless Battle Clause: Forcing endless battles is banned
|rule|Species Clause: Limit one of each Pokémon
|rule|OHKO Clause: OHKO moves are banned
|rule|Evasion Items Clause: Evasion items are banned
|rule|Evasion Moves Clause: Evasion moves are banned
|rule|Sleep Moves Clause: Sleep-inducing moves are banned
|clearpoke
|poke|p1|Ogerpon-Wellspring, F|
|poke|p1|Pelipper, M|
|poke|p1|Iron Hands|
|poke|p1|Dragapult, F|
|poke|p1|Cinderace, M|
|poke|p1|Gliscor, M|
|poke|p2|Frosmoth, M|
|poke|p2|Cloyster, M|
|poke|p2|Mamoswine, F|
|poke|p2|Ninetales-Alola, F|
|poke|p2|Sandslash-Alola, F|
|poke|p2|Froslass, F|
|teampreview
|inactive|Battle timer is ON: inactive players will automatically lose when time's up. (requested by TheHanChenlong)
|
|t:|1743855446
|start
|switch|p1a: Iron Hands|Iron Hands, shiny|100/100
|switch|p2a: Cloyster|Cloyster, M|100/100
|turn|1
|
|t:|1743855454
|switch|p2a: Froslass|Froslass, F|100/100
|move|p1a: Iron Hands|Ice Punch|p2a: Froslass
|-resisted|p2a: Froslass
|-damage|p2a: Froslass|78/100
|
|upkeep
|turn|2
|
|t:|1743855476
|-end|p1a: Iron Hands|Quark Drive|[silent]
|switch|p1a: Pelipper|Pelipper, M|100/100
|-weather|RainDance|[from] ability: Drizzle|[of] p1a: Pelipper
|move|p2a: Froslass|Blizzard|p1a: Pelipper|[miss]
|-miss|p2a: Froslass|p1a: Pelipper
|
|-weather|RainDance|[upkeep]
|upkeep
|turn|3
|
|t:|1743855486
|move|p2a: Froslass|Blizzard|p1a: Pelipper
|-damage|p1a: Pelipper|49/100
|move|p1a: Pelipper|Air Slash|p2a: Froslass
|-crit|p2a: Froslass
|-damage|p2a: Froslass|9/100
|
|-weather|RainDance|[upkeep]
|upkeep
|turn|4
|
|t:|1743855498
|move|p2a: Froslass|Blizzard|p1a: Pelipper
|-damage|p1a: Pelipper|0 fnt
|faint|p1a: Pelipper
|
|-weather|RainDance|[upkeep]
|upkeep
|
|t:|1743855515
|switch|p1a: Dragapult|Dragapult, F|100/100
|turn|5
|
|t:|1743855527
|switch|p2a: Ninetales|Ninetales-Alola, F|100/100
|-weather|Snowscape|[from] ability: Snow Warning|[of] p2a: Ninetales
|move|p1a: Dragapult|Sucker Punch||[still]
|-fail|p1a: Dragapult
|
|-weather|Snowscape|[upkeep]
|upkeep
|turn|6
|
|t:|1743855541
|switch|p2a: Sandslash|Sandslash-Alola, F|100/100
|-terastallize|p1a: Dragapult|Dark
|move|p1a: Dragapult|Sucker Punch||[still]
|-fail|p1a: Dragapult
|
|-weather|Snowscape|[upkeep]
|upkeep
|turn|7
|
|t:|1743855552
|move|p2a: Sandslash|Swords Dance|p2a: Sandslash
|-boost|p2a: Sandslash|atk|2
|move|p1a: Dragapult|U-turn|p2a: Sandslash
|-resisted|p2a: Sandslash
|-damage|p2a: Sandslash|91/100
|-damage|p1a: Dragapult|91/100|[from] item: Life Orb
|
|t:|1743855560
|switch|p1a: Iron Hands|Iron Hands, shiny|100/100|[from] U-turn
|
|-weather|Snowscape|[upkeep]
|upkeep
|turn|8
|
|t:|1743855566
|-terastallize|p2a: Sandslash|Fairy
|move|p2a: Sandslash|Earthquake|p1a: Iron Hands
|-supereffective|p1a: Iron Hands
|-damage|p1a: Iron Hands|27/100
|move|p1a: Iron Hands|Drain Punch|p2a: Sandslash
|-resisted|p2a: Sandslash
|-damage|p2a: Sandslash|69/100
|-heal|p1a: Iron Hands|34/100|[from] drain|[of] p2a: Sandslash
|
|-weather|Snowscape|[upkeep]
|upkeep
|turn|9
|
|t:|1743855586
|move|p2a: Sandslash|Earthquake|p1a: Iron Hands
|-supereffective|p1a: Iron Hands
|-crit|p1a: Iron Hands
|-damage|p1a: Iron Hands|0 fnt
|faint|p1a: Iron Hands
|-end|p1a: Iron Hands|Quark Drive|[silent]
|
|-weather|none
|upkeep
|
|t:|1743855592
|switch|p1a: Ogerpon|Ogerpon-Wellspring, F|100/100
|turn|10
|
|t:|1743855604
|move|p1a: Ogerpon|Ivy Cudgel|p2a: Sandslash|[anim] Ivy Cudgel Water
|-damage|p2a: Sandslash|7/100
|move|p2a: Sandslash|Triple Axel|p1a: Ogerpon
|-damage|p1a: Ogerpon|78/100
|-damage|p1a: Ogerpon|34/100
|-damage|p1a: Ogerpon|0 fnt
|faint|p1a: Ogerpon
|-hitcount|p1: Ogerpon|3
|
|upkeep
|
|t:|1743855615
|switch|p1a: Dragapult|Dragapult, F, tera:Dark|91/100
|turn|11
|
|t:|1743855630
|switch|p2a: Ninetales|Ninetales-Alola, F|100/100
|-weather|Snowscape|[from] ability: Snow Warning|[of] p2a: Ninetales
|move|p1a: Dragapult|U-turn|p2a: Ninetales
|-resisted|p2a: Ninetales
|-damage|p2a: Ninetales|88/100
|-damage|p1a: Dragapult|81/100|[from] item: Life Orb
|
|t:|1743855638
|switch|p1a: Cinderace|Cinderace, M|100/100|[from] U-turn
|
|-weather|Snowscape|[upkeep]
|upkeep
|turn|12
|
|t:|1743855646
|switch|p2a: Mamoswine|Mamoswine, F|100/100
|move|p1a: Cinderace|U-turn|p2a: Mamoswine
|-damage|p2a: Mamoswine|85/100
|
|t:|1743855650
|switch|p1a: Gliscor|Gliscor, M|100/100|[from] U-turn
|
|-weather|Snowscape|[upkeep]
|-status|p1a: Gliscor|tox|[from] item: Toxic Orb
|upkeep
|turn|13
|
|t:|1743855661
|move|p2a: Mamoswine|Trailblaze|p1a: Gliscor
|-damage|p1a: Gliscor|84/100 tox
|-boost|p2a: Mamoswine|spe|1
|move|p1a: Gliscor|Earthquake|p2a: Mamoswine
|-damage|p2a: Mamoswine|54/100
|
|-weather|Snowscape|[upkeep]
|-heal|p1a: Gliscor|97/100 tox|[from] ability: Poison Heal
|upkeep
|turn|14
|
|t:|1743855670
|move|p2a: Mamoswine|Icicle Crash|p1a: Gliscor
|-supereffective|p1a: Gliscor
|-damage|p1a: Gliscor|0 fnt
|faint|p1a: Gliscor
|
|-weather|Snowscape|[upkeep]
|upkeep
|-message|TheHanChenlong forfeited.
|
|win|satanice
|raw|TheHanChenlong's rating: 1126 &rarr; <strong>1100</strong><br />(-26 for losing)
|raw|satanice's rating: 1114 &rarr; <strong>1140</strong><br />(+26 for winning)
|l|☆TheHanChenlong
|player|p1|
|l|☆satanice
|player|p2|
