|j|☆TrippieKay
|j|☆ikthoizzykil
|t:|1743906201
|gametype|singles
|player|p1|TrippieKay|buck|1365
|player|p2|ikthoizzykil|101|1384
|teamsize|p1|6
|teamsize|p2|6
|gen|9
|tier|[Gen 9] OU
|rated|
|rule|HP Percentage Mod: HP is shown in percentages
|rule|Endless Battle Clause: Forcing endless battles is banned
|rule|Species Clause: Limit one of each Pokémon
|rule|OHKO Clause: OHKO moves are banned
|rule|Evasion Items Clause: Evasion items are banned
|rule|Evasion Moves Clause: Evasion moves are banned
|rule|Sleep Moves Clause: Sleep-inducing moves are banned
|clearpoke
|poke|p1|Hoopa-Unbound|
|poke|p1|Araquanid, F|
|poke|p1|Landorus-Therian, M|
|poke|p1|Moltres|
|poke|p1|Iron Treads|
|poke|p1|Iron Valiant|
|poke|p2|Metagross|
|poke|p2|Thundurus-Therian, M|
|poke|p2|Darkrai|
|poke|p2|Ceruledge, F|
|poke|p2|Primarina, F|
|poke|p2|Great Tusk|
|teampreview
|inactive|Battle timer is ON: inactive players will automatically lose when time's up. (requested by ikthoizzykil)
|
|t:|1743906211
|start
|switch|p1a: Araquanid|Araquanid, F|100/100
|switch|p2a: Primarina|Primarina, F|100/100
|turn|1
|
|t:|1743906217
|move|p2a: Primarina|Substitute|p2a: Primarina
|-start|p2a: Primarina|Substitute
|-damage|p2a: Primarina|76/100
|move|p1a: Araquanid|Sticky Web|p2a: Primarina
|-sidestart|p2: ikthoizzykil|move: Sticky Web
|
|-heal|p2a: Primarina|82/100|[from] item: Leftovers
|upkeep
|turn|2
|inactive|TrippieKay has 120 seconds left.
|
|t:|1743906255
|switch|p1a: Iron Valiant|Iron Valiant|100/100
|-enditem|p1a: Iron Valiant|Booster Energy
|-activate|p1a: Iron Valiant|ability: Quark Drive|[fromitem]
|-start|p1a: Iron Valiant|quarkdrivespe
|move|p2a: Primarina|Psychic Noise|p1a: Iron Valiant
|-damage|p1a: Iron Valiant|40/100
|-start|p1a: Iron Valiant|move: Heal Block
|
|-heal|p2a: Primarina|88/100|[from] item: Leftovers
|upkeep
|turn|3
|
|t:|1743906267
|move|p1a: Iron Valiant|Thunderbolt|p2a: Primarina
|-supereffective|p2a: Primarina
|-end|p2a: Primarina|Substitute
|move|p2a: Primarina|Draining Kiss|p1a: Iron Valiant
|-supereffective|p1a: Iron Valiant
|-damage|p1a: Iron Valiant|0 fnt
|-heal|p2a: Primarina|100/100|[from] drain|[of] p1a: Iron Valiant
|faint|p1a: Iron Valiant
|-end|p1a: Iron Valiant|Quark Drive|[silent]
|
|upkeep
|
|t:|1743906273
|switch|p1a: Hoopa|Hoopa-Unbound|100/100
|turn|4
|inactive|ikthoizzykil has 120 seconds left.
|
|t:|1743906308
|switch|p1a: Araquanid|Araquanid, F|100/100
|switch|p2a: Ceruledge|Ceruledge, F|100/100
|-activate|p2a: Ceruledge|move: Sticky Web
|-unboost|p2a: Ceruledge|spe|1
|
|upkeep
|turn|5
|inactive|ikthoizzykil has 120 seconds left.
|
|t:|1743906319
|switch|p2a: Primarina|Primarina, F|100/100
|-activate|p2a: Primarina|move: Sticky Web
|-unboost|p2a: Primarina|spe|1
|move|p1a: Araquanid|Surf|p2a: Primarina
|-resisted|p2a: Primarina
|-damage|p2a: Primarina|79/100
|
|-heal|p2a: Primarina|85/100|[from] item: Leftovers
|upkeep
|turn|6
|inactive|ikthoizzykil has 120 seconds left.
|
|t:|1743906333
|move|p1a: Araquanid|Surf|p2a: Primarina
|-resisted|p2a: Primarina
|-damage|p2a: Primarina|64/100
|move|p2a: Primarina|Substitute|p2a: Primarina
|-start|p2a: Primarina|Substitute
|-damage|p2a: Primarina|39/100
|
|-heal|p2a: Primarina|45/100|[from] item: Leftovers
|upkeep
|turn|7
|
|t:|1743906340
|move|p1a: Araquanid|Surf|p2a: Primarina
|-resisted|p2a: Primarina
|-end|p2a: Primarina|Substitute
|move|p2a: Primarina|Calm Mind|p2a: Primarina
|-boost|p2a: Primarina|spa|1
|-boost|p2a: Primarina|spd|1
|
|-heal|p2a: Primarina|51/100|[from] item: Leftovers
|upkeep
|turn|8
|inactive|ikthoizzykil has 120 seconds left.
|inactive|TrippieKay has 120 seconds left.
|
|t:|1743906389
|switch|p1a: Iron Treads|Iron Treads|100/100
|move|p2a: Primarina|Substitute|p2a: Primarina
|-start|p2a: Primarina|Substitute
|-damage|p2a: Primarina|26/100
|
|-heal|p2a: Primarina|33/100|[from] item: Leftovers
|upkeep
|turn|9
|inactive|ikthoizzykil has 120 seconds left.
|
|t:|1743906397
|move|p1a: Iron Treads|Earthquake|p2a: Primarina
|-end|p2a: Primarina|Substitute
|move|p2a: Primarina|Psychic Noise|p1a: Iron Treads
|-supereffective|p1a: Iron Treads
|-damage|p1a: Iron Treads|0 fnt
|faint|p1a: Iron Treads
|-end|p1a: Iron Treads|Quark Drive|[silent]
|
|-heal|p2a: Primarina|39/100|[from] item: Leftovers
|upkeep
|
|t:|1743906404
|switch|p1a: Hoopa|Hoopa-Unbound|100/100
|turn|10
|inactive|ikthoizzykil has 120 seconds left.
|
|t:|1743906423
|move|p1a: Hoopa|Hyperspace Fury|p2a: Primarina
|-resisted|p2a: Primarina
|-damage|p2a: Primarina|3/100
|-unboost|p1a: Hoopa|def|1
|move|p2a: Primarina|Draining Kiss|p1a: Hoopa
|-supereffective|p1a: Hoopa
|-damage|p1a: Hoopa|37/100
|-heal|p2a: Primarina|44/100|[from] drain|[of] p1a: Hoopa
|
|-heal|p2a: Primarina|50/100|[from] item: Leftovers
|upkeep
|turn|11
|-message|TrippieKay forfeited.
|
|win|ikthoizzykil
|raw|TrippieKay's rating: 1365 &rarr; <strong>1346</strong><br />(-19 for losing)
|raw|ikthoizzykil's rating: 1384 &rarr; <strong>1403</strong><br />(+19 for winning)
|l|☆TrippieKay
|player|p1|
