|badge|p1|bronze|gen9ou|100-5
|uhtml|medal-msg|<div class="broadcast-blue">Curious what those medals under the avatar are? PS now has Ladder Seasons! For more information, check out the <a href="https://www.smogon.com/forums/threads/3740067/">thread on Smogon.</a></div>
|badge|p2|bronze|gen9ou|100-5
|uhtml|medal-msg|<div class="broadcast-blue">Curious what those medals under the avatar are? PS now has Ladder Seasons! For more information, check out the <a href="https://www.smogon.com/forums/threads/3740067/">thread on Smogon.</a></div>
|j|☆MiaTaylor612
|j|‽Rocktar Made
|t:|1743874616
|gametype|singles
|player|p1|MiaTaylor612|idol|1919
|player|p2|Rocktar Made|lass-gen4dp|1884
|teamsize|p1|6
|teamsize|p2|6
|gen|9
|tier|[Gen 9] OU
|rated|
|rule|HP Percentage Mod: HP is shown in percentages
|rule|Endless Battle Clause: Forcing endless battles is banned
|rule|Species Clause: Limit one of each Pokémon
|rule|OHKO Clause: OHKO moves are banned
|rule|Evasion Items Clause: Evasion items are banned
|rule|Evasion Moves Clause: Evasion moves are banned
|rule|Sleep Moves Clause: Sleep-inducing moves are banned
|clearpoke
|poke|p1|Garchomp, M|
|poke|p1|Slowking-Galar, F|
|poke|p1|Gholdengo|
|poke|p1|Moltres|
|poke|p1|Iron Valiant|
|poke|p1|Kingambit, M|
|poke|p2|Weezing-Galar, F|
|poke|p2|Alomomola, M|
|poke|p2|Zoroark-Hisui, F|
|poke|p2|Iron Treads|
|poke|p2|Enamorus, F|
|poke|p2|Zamazenta-*|
|teampreview
|inactive|Battle timer is ON: inactive players will automatically lose when time's up. (requested by Rocktar Made)
|inactive|MiaTaylor612 also wants the timer to be on.
|
|t:|1743874626
|start
|switch|p1a: Moltres|Moltres|100/100
|switch|p2a: Enamorus|Enamorus, F|100/100
|turn|1
|
|t:|1743874635
|move|p2a: Enamorus|Hyper Voice|p1a: Moltres
|-crit|p1a: Moltres
|-damage|p1a: Moltres|29/100
|move|p1a: Moltres|U-turn|p2a: Enamorus
|-resisted|p2a: Enamorus
|-damage|p2a: Enamorus|87/100
|replace|p2a: Zoroark|Zoroark-Hisui, F
|-end|p2a: Zoroark|Illusion
|
|t:|1743874642
|switch|p1a: Slowking|Slowking-Galar, F|100/100|[from] U-turn
|
|upkeep
|turn|2
|
|t:|1743874645
|switch|p2a: Iron Treads|Iron Treads|100/100
|-prepare|p1a: Slowking|Chilly Reception|[premajor]
|move|p1a: Slowking|Chilly Reception|p1a: Slowking
|-weather|Snowscape
|
|t:|1743874648
|switch|p1a: Iron Valiant|Iron Valiant|100/100|[from] Chilly Reception
|
|-weather|Snowscape|[upkeep]
|upkeep
|turn|3
|
|t:|1743874650
|-end|p2a: Iron Treads|Quark Drive|[silent]
|switch|p2a: Alomomola|Alomomola, M|100/100
|move|p1a: Iron Valiant|Close Combat|p2a: Alomomola
|-damage|p2a: Alomomola|57/100
|-unboost|p1a: Iron Valiant|def|1
|-unboost|p1a: Iron Valiant|spd|1
|
|-weather|Snowscape|[upkeep]
|upkeep
|turn|4
|
|t:|1743874652
|move|p1a: Iron Valiant|Knock Off|p2a: Alomomola
|-damage|p2a: Alomomola|33/100
|-enditem|p2a: Alomomola|Assault Vest|[from] move: Knock Off|[of] p1a: Iron Valiant
|move|p2a: Alomomola|Flip Turn|p1a: Iron Valiant
|-damage|p1a: Iron Valiant|68/100
|j| floating all day
|
|t:|1743874662
|switch|p2a: Zamazenta|Zamazenta|100/100|[from] Flip Turn
|-ability|p2a: Zamazenta|Dauntless Shield|boost
|-boost|p2a: Zamazenta|def|1
|
|-weather|Snowscape|[upkeep]
|upkeep
|turn|5
|
|t:|1743874668
|-end|p1a: Iron Valiant|Quark Drive|[silent]
|switch|p1a: Garchomp|Garchomp, M|100/100
|move|p2a: Zamazenta|Stone Edge|p1a: Garchomp
|-resisted|p1a: Garchomp
|-damage|p1a: Garchomp|87/100
|-damage|p2a: Zamazenta|91/100|[from] item: Life Orb
|
|-weather|Snowscape|[upkeep]
|upkeep
|turn|6
|j| usernametestset
|
|t:|1743874673
|switch|p2a: Enamorus|Enamorus, F|87/100
|move|p1a: Garchomp|Stealth Rock|p2a: Enamorus
|-sidestart|p2: Rocktar Made|move: Stealth Rock
|
|-weather|none
|upkeep
|turn|7
|
|t:|1743874678
|switch|p1a: Kingambit|Kingambit, M|100/100
|-terastallize|p2a: Enamorus|Ghost
|move|p2a: Enamorus|Shadow Ball|p1a: Kingambit
|-resisted|p1a: Kingambit
|-crit|p1a: Kingambit
|-damage|p1a: Kingambit|28/100
|
|-heal|p1a: Kingambit|34/100|[from] item: Leftovers
|upkeep
|turn|8
|
|t:|1743874685
|switch|p2a: Alomomola|Alomomola, M|67/100
|-damage|p2a: Alomomola|54/100|[from] Stealth Rock
|move|p1a: Kingambit|Kowtow Cleave|p2a: Alomomola
|-damage|p2a: Alomomola|21/100
|
|-heal|p1a: Kingambit|40/100|[from] item: Leftovers
|upkeep
|turn|9
|l| usernametestset
|
|t:|1743874696
|switch|p2a: Iron Treads|Iron Treads|100/100
|-damage|p2a: Iron Treads|97/100|[from] Stealth Rock
|move|p1a: Kingambit|Iron Head|p2a: Iron Treads
|-resisted|p2a: Iron Treads
|-damage|p2a: Iron Treads|81/100
|
|-heal|p2a: Iron Treads|87/100|[from] item: Leftovers
|-heal|p1a: Kingambit|47/100|[from] item: Leftovers
|upkeep
|turn|10
|j| ShaqFromBasketball
|
|t:|1743874702
|-end|p1a: Kingambit|fallenundefined|[silent]
|switch|p1a: Garchomp|Garchomp, M|87/100
|move|p2a: Iron Treads|Knock Off|p1a: Garchomp
|-damage|p1a: Garchomp|72/100
|-damage|p2a: Iron Treads|75/100|[from] ability: Rough Skin|[of] p1a: Garchomp
|-damage|p2a: Iron Treads|58/100|[from] item: Rocky Helmet|[of] p1a: Garchomp
|-enditem|p1a: Garchomp|Rocky Helmet|[from] move: Knock Off|[of] p2a: Iron Treads
|
|-heal|p2a: Iron Treads|64/100|[from] item: Leftovers
|upkeep
|turn|11
|j| lowladderubersnoob
|
|t:|1743874710
|move|p2a: Iron Treads|Rapid Spin|p1a: Garchomp
|-damage|p1a: Garchomp|63/100
|-boost|p2a: Iron Treads|spe|1
|-damage|p2a: Iron Treads|52/100|[from] ability: Rough Skin|[of] p1a: Garchomp
|-sideend|p2: Rocktar Made|Stealth Rock|[from] move: Rapid Spin|[of] p2a: Iron Treads
|move|p1a: Garchomp|Earthquake|p2a: Iron Treads
|-supereffective|p2a: Iron Treads
|-damage|p2a: Iron Treads|0 fnt
|faint|p2a: Iron Treads
|-end|p2a: Iron Treads|Quark Drive|[silent]
|
|upkeep
|
|t:|1743874713
|switch|p2a: Enamorus|Enamorus, F, tera:Ghost|87/100
|turn|12
|
|t:|1743874720
|move|p2a: Enamorus|Shadow Ball|p1a: Garchomp
|-damage|p1a: Garchomp|0 fnt
|faint|p1a: Garchomp
|
|upkeep
|
|t:|1743874722
|switch|p1a: Kingambit|Kingambit, M|47/100
|-activate|p1a: Kingambit|ability: Supreme Overlord
|-start|p1a: Kingambit|fallen1|[silent]
|turn|13
|
|t:|1743874725
|switch|p2a: Zamazenta|Zamazenta|91/100
|move|p1a: Kingambit|Iron Head|p2a: Zamazenta
|-damage|p2a: Zamazenta|38/100
|
|-heal|p1a: Kingambit|53/100|[from] item: Leftovers
|upkeep
|turn|14
|
|t:|1743874731
|-end|p1a: Kingambit|fallen1|[silent]
|switch|p1a: Moltres|Moltres|29/100
|move|p2a: Zamazenta|Close Combat|p1a: Moltres
|-resisted|p1a: Moltres
|-damage|p1a: Moltres|0 fnt
|-unboost|p2a: Zamazenta|def|1
|-unboost|p2a: Zamazenta|spd|1
|faint|p1a: Moltres
|-damage|p2a: Zamazenta|28/100|[from] item: Life Orb
|
|upkeep
|j| m0chaman_829
|
|t:|1743874737
|switch|p1a: Gholdengo|Gholdengo|100/100
|turn|15
|
|t:|1743874742
|switch|p2a: Alomomola|Alomomola, M|54/100
|move|p1a: Gholdengo|Thunder Wave|p2a: Alomomola
|-status|p2a: Alomomola|par
|
|upkeep
|turn|16
|
|t:|1743874745
|move|p1a: Gholdengo|Hex|p2a: Alomomola
|-damage|p2a: Alomomola|4/100 par
|move|p2a: Alomomola|Flip Turn|p1a: Gholdengo
|-damage|p1a: Gholdengo|88/100
|
|t:|1743874747
|switch|p2a: Enamorus|Enamorus, F, tera:Ghost|87/100|[from] Flip Turn
|
|upkeep
|turn|17
|
|t:|1743874750
|-terastallize|p1a: Gholdengo|Fairy
|move|p2a: Enamorus|Shadow Ball|p1a: Gholdengo
|-damage|p1a: Gholdengo|7/100
|-unboost|p1a: Gholdengo|spd|1
|move|p1a: Gholdengo|Thunder Wave|p2a: Enamorus
|-status|p2a: Enamorus|par
|
|upkeep
|turn|18
|
|t:|1743874754
|move|p1a: Gholdengo|Hex|p2a: Enamorus
|-supereffective|p2a: Enamorus
|-damage|p2a: Enamorus|0 fnt
|replace|p2a: Zoroark|Zoroark-Hisui, F
|-end|p2a: Zoroark|Illusion
|faint|p2a: Zoroark
|
|upkeep
|
|t:|1743874757
|switch|p2a: Enamorus|Enamorus, F|100/100
|turn|19
|
|t:|1743874759
|switch|p1a: Slowking|Slowking-Galar, F|100/100
|move|p2a: Enamorus|Earth Power|p1a: Slowking
|-supereffective|p1a: Slowking
|-damage|p1a: Slowking|62/100
|
|upkeep
|turn|20
|j| Waddle Deez
|
|t:|1743874767
|switch|p2a: Alomomola|Alomomola, M|37/100 par
|-prepare|p1a: Slowking|Chilly Reception|[premajor]
|move|p1a: Slowking|Chilly Reception|p1a: Slowking
|-weather|Snowscape
|
|t:|1743874771
|switch|p1a: Gholdengo|Gholdengo, tera:Fairy|7/100|[from] Chilly Reception
|
|-weather|Snowscape|[upkeep]
|upkeep
|turn|21
|
|t:|1743874773
|move|p1a: Gholdengo|Recover|p1a: Gholdengo
|-heal|p1a: Gholdengo|57/100
|cant|p2a: Alomomola|par
|
|-weather|Snowscape|[upkeep]
|upkeep
|turn|22
|
|t:|1743874776
|move|p1a: Gholdengo|Hex|p2a: Alomomola
|-damage|p2a: Alomomola|0 fnt
|faint|p2a: Alomomola
|
|-weather|Snowscape|[upkeep]
|upkeep
|
|t:|1743874778
|switch|p2a: Zamazenta|Zamazenta|28/100
|turn|23
|j| babassss
|
|t:|1743874781
|switch|p1a: Slowking|Slowking-Galar, F|96/100
|move|p2a: Zamazenta|Heavy Slam|p1a: Slowking
|-damage|p1a: Slowking|67/100
|-damage|p2a: Zamazenta|18/100|[from] item: Life Orb
|
|-weather|Snowscape|[upkeep]
|upkeep
|turn|24
|
|t:|1743874793
|switch|p1a: Gholdengo|Gholdengo, tera:Fairy|57/100
|move|p2a: Zamazenta|Crunch|p1a: Gholdengo
|-resisted|p1a: Gholdengo
|-damage|p1a: Gholdengo|44/100
|-damage|p2a: Zamazenta|8/100|[from] item: Life Orb
|
|-weather|none
|upkeep
|turn|25
|j| Takeaseatkod
|
|t:|1743874798
|switch|p1a: Slowking|Slowking-Galar, F|99/100
|move|p2a: Zamazenta|Heavy Slam|p1a: Slowking
|-damage|p1a: Slowking|73/100
|-damage|p2a: Zamazenta|0 fnt|[from] item: Life Orb
|faint|p2a: Zamazenta
|
|upkeep
|
|t:|1743874801
|switch|p2a: Weezing|Weezing-Galar, F|100/100
|-ability|p2a: Weezing|Neutralizing Gas
|turn|26
|
|t:|1743874806
|switch|p1a: Iron Valiant|Iron Valiant|68/100
|move|p2a: Weezing|Will-O-Wisp|p1a: Iron Valiant
|-status|p1a: Iron Valiant|brn
|
|-damage|p1a: Iron Valiant|62/100 brn|[from] brn
|upkeep
|turn|27
|
|t:|1743874809
|move|p1a: Iron Valiant|Encore|p2a: Weezing
|-start|p2a: Weezing|Encore
|move|p2a: Weezing|Will-O-Wisp|p1a: Iron Valiant
|-fail|p1a: Iron Valiant|brn
|
|-damage|p1a: Iron Valiant|56/100 brn|[from] brn
|upkeep
|turn|28
|
|t:|1743874814
|move|p1a: Iron Valiant|Moonblast|p2a: Weezing
|-resisted|p2a: Weezing
|-damage|p2a: Weezing|72/100
|move|p2a: Weezing|Will-O-Wisp|p1a: Iron Valiant
|-fail|p1a: Iron Valiant|brn
|
|-heal|p2a: Weezing|78/100|[from] item: Leftovers
|-damage|p1a: Iron Valiant|50/100 brn|[from] brn
|upkeep
|turn|29
|
|t:|1743874817
|-end|p2a: Weezing|ability: Neutralizing Gas
|switch|p2a: Enamorus|Enamorus, F|100/100
|move|p1a: Iron Valiant|Moonblast|p2a: Enamorus
|-damage|p2a: Enamorus|51/100
|
|-damage|p1a: Iron Valiant|43/100 brn|[from] brn
|upkeep
|turn|30
|
|t:|1743874819
|move|p2a: Enamorus|Earth Power|p1a: Iron Valiant
|-damage|p1a: Iron Valiant|0 fnt
|faint|p1a: Iron Valiant
|-end|p1a: Iron Valiant|Quark Drive|[silent]
|
|upkeep
|
|t:|1743874822
|switch|p1a: Slowking|Slowking-Galar, F|73/100
|turn|31
|
|t:|1743874824
|move|p2a: Enamorus|Earth Power|p1a: Slowking
|-supereffective|p1a: Slowking
|-damage|p1a: Slowking|32/100
|move|p1a: Slowking|Sludge Bomb|p2a: Enamorus
|-supereffective|p2a: Enamorus
|-damage|p2a: Enamorus|0 fnt
|faint|p2a: Enamorus
|
|upkeep
|-message|Rocktar Made forfeited.
|
|win|MiaTaylor612
|raw|MiaTaylor612's rating: 1919 &rarr; <strong>1937</strong><br />(+18 for winning)
|raw|Rocktar Made's rating: 1884 &rarr; <strong>1866</strong><br />(-18 for losing)
|l|‽Rocktar Made
|player|p2|
|l|☆MiaTaylor612
|player|p1|
|l| Waddle Deez
|l| lowladderubersnoob
|l| babassss
