|j|☆boltblazt
|j|☆dewottsoldier370
|t:|1743784317
|gametype|singles
|player|p1|boltblazt|rosa|1378
|player|p2|dewottsoldier370|170|1405
|teamsize|p1|6
|teamsize|p2|6
|gen|9
|tier|[Gen 9] OU
|rated|
|rule|HP Percentage Mod: HP is shown in percentages
|rule|Endless Battle Clause: Forcing endless battles is banned
|rule|Species Clause: Limit one of each Pokémon
|rule|OHKO Clause: OHKO moves are banned
|rule|Evasion Items Clause: Evasion items are banned
|rule|Evasion Moves Clause: Evasion moves are banned
|rule|Sleep Moves Clause: Sleep-inducing moves are banned
|clearpoke
|poke|p1|Weavile, M|
|poke|p1|Landorus-Therian, M|
|poke|p1|Zamazenta-*|
|poke|p1|Corviknight, M|
|poke|p1|Iron Valiant|
|poke|p1|Iron Crown|
|poke|p2|Garganacl, M|
|poke|p2|Hippowdon, M|
|poke|p2|Excadrill, F|
|poke|p2|Slowking-Galar, M|
|poke|p2|Ogerpon-Wellspring, F|
|poke|p2|Zamazenta-*|
|teampreview
|inactive|Battle timer is ON: inactive players will automatically lose when time's up. (requested by dewottsoldier370)
|
|t:|1743784358
|start
|switch|p1a: Zamazenta|Zamazenta|100/100
|switch|p2a: Hippowdon|Hippowdon, M|100/100
|-ability|p1a: Zamazenta|Dauntless Shield|boost
|-boost|p1a: Zamazenta|def|1
|-weather|Sandstorm|[from] ability: Sand Stream|[of] p2a: Hippowdon
|turn|1
|
|t:|1743784370
|switch|p1a: Weavile|Weavile, M|100/100
|-ability|p1a: Weavile|Pressure
|switch|p2a: Zamazenta|Zamazenta|100/100
|-ability|p2a: Zamazenta|Dauntless Shield|boost
|-boost|p2a: Zamazenta|def|1
|
|-weather|Sandstorm|[upkeep]
|-damage|p2a: Zamazenta|94/100|[from] Sandstorm
|-damage|p1a: Weavile|94/100|[from] Sandstorm
|upkeep
|turn|2
|
|t:|1743784396
|switch|p1a: Landorus|Landorus-Therian, M|100/100
|-ability|p1a: Landorus|Intimidate|boost
|-unboost|p2a: Zamazenta|atk|1
|move|p2a: Zamazenta|Close Combat|p1a: Landorus
|-resisted|p1a: Landorus
|-damage|p1a: Landorus|75/100
|-unboost|p2a: Zamazenta|def|1
|-unboost|p2a: Zamazenta|spd|1
|
|-weather|Sandstorm|[upkeep]
|-damage|p2a: Zamazenta|88/100|[from] Sandstorm
|upkeep
|turn|3
|
|t:|1743784408
|switch|p2a: Hippowdon|Hippowdon, M|100/100
|move|p1a: Landorus|Earthquake|p2a: Hippowdon
|-damage|p2a: Hippowdon|68/100
|
|-weather|Sandstorm|[upkeep]
|upkeep
|turn|4
|
|t:|1743784420
|switch|p1a: Weavile|Weavile, M|94/100
|-ability|p1a: Weavile|Pressure
|move|p2a: Hippowdon|Stealth Rock|p1a: Weavile
|-sidestart|p1: boltblazt|move: Stealth Rock
|
|-weather|Sandstorm|[upkeep]
|-damage|p1a: Weavile|88/100|[from] Sandstorm
|upkeep
|turn|5
|
|t:|1743784423
|switch|p2a: Zamazenta|Zamazenta|88/100
|move|p1a: Weavile|Triple Axel|p2a: Zamazenta
|-damage|p2a: Zamazenta|79/100
|-damage|p2a: Zamazenta|60/100
|-damage|p2a: Zamazenta|30/100
|-hitcount|p2a: Zamazenta|3
|
|-weather|Sandstorm|[upkeep]
|-damage|p2a: Zamazenta|24/100|[from] Sandstorm
|-damage|p1a: Weavile|82/100|[from] Sandstorm
|upkeep
|turn|6
|
|t:|1743784435
|move|p1a: Weavile|Ice Shard|p2a: Zamazenta
|-damage|p2a: Zamazenta|5/100
|move|p2a: Zamazenta|Close Combat|p1a: Weavile
|-supereffective|p1a: Weavile
|-damage|p1a: Weavile|0 fnt
|-unboost|p2a: Zamazenta|def|1
|-unboost|p2a: Zamazenta|spd|1
|faint|p1a: Weavile
|
|-weather|Sandstorm|[upkeep]
|-damage|p2a: Zamazenta|0 fnt|[from] Sandstorm
|faint|p2a: Zamazenta
|upkeep
|
|t:|1743784450
|switch|p2a: Garganacl|Garganacl, M|100/100
|switch|p1a: Zamazenta|Zamazenta|100/100
|-damage|p1a: Zamazenta|94/100|[from] Stealth Rock
|turn|7
|
|t:|1743784454
|move|p1a: Zamazenta|Close Combat|p2a: Garganacl
|-supereffective|p2a: Garganacl
|-damage|p2a: Garganacl|0 fnt
|-unboost|p1a: Zamazenta|def|1
|-unboost|p1a: Zamazenta|spd|1
|faint|p2a: Garganacl
|-damage|p1a: Zamazenta|84/100|[from] item: Life Orb
|
|-weather|Sandstorm|[upkeep]
|-damage|p1a: Zamazenta|78/100|[from] Sandstorm
|upkeep
|
|t:|1743784461
|switch|p2a: Excadrill|Excadrill, F|100/100
|-item|p2a: Excadrill|Air Balloon
|turn|8
|
|t:|1743784470
|move|p2a: Excadrill|Earthquake|p1a: Zamazenta
|-damage|p1a: Zamazenta|0 fnt
|faint|p1a: Zamazenta
|
|-weather|none
|upkeep
|
|t:|1743784478
|switch|p1a: Corviknight|Corviknight, M|100/100
|-damage|p1a: Corviknight|88/100|[from] Stealth Rock
|turn|9
|
|t:|1743784484
|switch|p2a: Slowking|Slowking-Galar, M|100/100
|move|p1a: Corviknight|Roost|p1a: Corviknight
|-heal|p1a: Corviknight|100/100
|-singleturn|p1a: Corviknight|move: Roost
|
|upkeep
|turn|10
|
|t:|1743784491
|move|p1a: Corviknight|Defog|p2a: Slowking
|-unboost|p2a: Slowking|evasion|1
|-sideend|p1: boltblazt|Stealth Rock|[from] move: Defog|[of] p1a: Corviknight
|move|p2a: Slowking|Flamethrower|p1a: Corviknight
|-supereffective|p1a: Corviknight
|-damage|p1a: Corviknight|50/100
|
|upkeep
|turn|11
|
|t:|1743784499
|move|p1a: Corviknight|U-turn|p2a: Slowking
|-damage|p2a: Slowking|85/100
|
|t:|1743784501
|switch|p1a: Landorus|Landorus-Therian, M|75/100|[from] U-turn
|-ability|p1a: Landorus|Intimidate|boost
|-unboost|p2a: Slowking|atk|1
|move|p2a: Slowking|Flamethrower|p1a: Landorus
|-damage|p1a: Landorus|35/100
|
|upkeep
|turn|12
|
|t:|1743784508
|switch|p2a: Ogerpon|Ogerpon-Wellspring, F|100/100
|move|p1a: Landorus|U-turn|p2a: Ogerpon
|-supereffective|p2a: Ogerpon
|-damage|p2a: Ogerpon|34/100
|
|t:|1743784516
|switch|p1a: Iron Valiant|Iron Valiant|100/100|[from] U-turn
|-enditem|p1a: Iron Valiant|Booster Energy
|-activate|p1a: Iron Valiant|ability: Quark Drive|[fromitem]
|-start|p1a: Iron Valiant|quarkdrivespe
|
|upkeep
|turn|13
|
|t:|1743784521
|switch|p2a: Slowking|Slowking-Galar, M|100/100
|move|p1a: Iron Valiant|Moonblast|p2a: Slowking
|-resisted|p2a: Slowking
|-damage|p2a: Slowking|90/100
|
|upkeep
|turn|14
|
|t:|1743784529
|-terastallize|p1a: Iron Valiant|Electric
|move|p1a: Iron Valiant|Thunderbolt|p2a: Slowking
|-crit|p2a: Slowking
|-damage|p2a: Slowking|59/100
|move|p2a: Slowking|Flamethrower|p1a: Iron Valiant
|-damage|p1a: Iron Valiant|46/100
|
|upkeep
|turn|15
|
|t:|1743784538
|move|p1a: Iron Valiant|Thunderbolt|p2a: Slowking
|-damage|p2a: Slowking|36/100
|-status|p2a: Slowking|par
|move|p2a: Slowking|Flamethrower|p1a: Iron Valiant
|-damage|p1a: Iron Valiant|0 fnt
|faint|p1a: Iron Valiant
|-end|p1a: Iron Valiant|Quark Drive|[silent]
|
|upkeep
|
|t:|1743784548
|switch|p1a: Landorus|Landorus-Therian, M|35/100
|-ability|p1a: Landorus|Intimidate|boost
|-unboost|p2a: Slowking|atk|1
|turn|16
|
|t:|1743784552
|switch|p2a: Hippowdon|Hippowdon, M|68/100
|-weather|Sandstorm|[from] ability: Sand Stream|[of] p2a: Hippowdon
|move|p1a: Landorus|U-turn|p2a: Hippowdon
|-damage|p2a: Hippowdon|55/100
|
|t:|1743784558
|switch|p1a: Corviknight|Corviknight, M|50/100|[from] U-turn
|
|-weather|Sandstorm|[upkeep]
|upkeep
|turn|17
|
|t:|1743784565
|switch|p2a: Slowking|Slowking-Galar, M|70/100 par
|move|p1a: Corviknight|U-turn|p2a: Slowking
|-damage|p2a: Slowking|54/100 par
|
|t:|1743784570
|switch|p1a: Landorus|Landorus-Therian, M|35/100|[from] U-turn
|-ability|p1a: Landorus|Intimidate|boost
|-unboost|p2a: Slowking|atk|1
|
|-weather|Sandstorm|[upkeep]
|-damage|p2a: Slowking|47/100 par|[from] Sandstorm
|upkeep
|turn|18
|
|t:|1743784575
|switch|p2a: Excadrill|Excadrill, F|100/100
|-item|p2a: Excadrill|Air Balloon
|move|p1a: Landorus|Earthquake|p2a: Excadrill
|-immune|p2a: Excadrill
|
|-weather|Sandstorm|[upkeep]
|upkeep
|turn|19
|inactive|dewottsoldier370 has 120 seconds left.
|
|t:|1743784621
|switch|p2a: Slowking|Slowking-Galar, M|81/100 par
|switch|p1a: Corviknight|Corviknight, M|50/100
|
|-weather|Sandstorm|[upkeep]
|-damage|p2a: Slowking|75/100 par|[from] Sandstorm
|upkeep
|turn|20
|
|t:|1743784642
|move|p1a: Corviknight|Roost|p1a: Corviknight
|-heal|p1a: Corviknight|99/100
|-singleturn|p1a: Corviknight|move: Roost
|move|p2a: Slowking|Flamethrower|p1a: Corviknight
|-supereffective|p1a: Corviknight
|-damage|p1a: Corviknight|49/100
|
|-weather|Sandstorm|[upkeep]
|-damage|p2a: Slowking|69/100 par|[from] Sandstorm
|upkeep
|turn|21
|inactive|dewottsoldier370 has 120 seconds left.
|
|t:|1743784652
|switch|p1a: Iron Crown|Iron Crown|100/100
|-enditem|p1a: Iron Crown|Booster Energy
|-activate|p1a: Iron Crown|ability: Quark Drive|[fromitem]
|-start|p1a: Iron Crown|quarkdrivespa
|move|p2a: Slowking|Flamethrower|p1a: Iron Crown
|-supereffective|p1a: Iron Crown
|-damage|p1a: Iron Crown|53/100
|
|-weather|Sandstorm|[upkeep]
|-damage|p2a: Slowking|62/100 par|[from] Sandstorm
|upkeep
|turn|22
|inactive|dewottsoldier370 has 120 seconds left.
|inactive|dewottsoldier370 has 90 seconds left.
|
|t:|1743784701
|switch|p2a: Excadrill|Excadrill, F|100/100
|-item|p2a: Excadrill|Air Balloon
|move|p1a: Iron Crown|Psychic|p2a: Excadrill
|-resisted|p2a: Excadrill
|-damage|p2a: Excadrill|61/100
|-enditem|p2a: Excadrill|Air Balloon
|
|-weather|Sandstorm|[upkeep]
|upkeep
|turn|23
|inactive|dewottsoldier370 has 90 seconds left.
|
|t:|1743784715
|move|p2a: Excadrill|Earthquake|p1a: Iron Crown
|-supereffective|p1a: Iron Crown
|-damage|p1a: Iron Crown|0 fnt
|faint|p1a: Iron Crown
|-end|p1a: Iron Crown|Quark Drive|[silent]
|
|-weather|none
|upkeep
|
|t:|1743784717
|switch|p1a: Landorus|Landorus-Therian, M|35/100
|-ability|p1a: Landorus|Intimidate|boost
|-unboost|p2a: Excadrill|atk|1
|turn|24
|
|t:|1743784722
|move|p1a: Landorus|Earthquake|p2a: Excadrill
|-supereffective|p2a: Excadrill
|-damage|p2a: Excadrill|0 fnt
|faint|p2a: Excadrill
|
|upkeep
|
|t:|1743784731
|switch|p2a: Hippowdon|Hippowdon, M|55/100
|-weather|Sandstorm|[from] ability: Sand Stream|[of] p2a: Hippowdon
|turn|25
|
|t:|1743784739
|move|p1a: Landorus|Earthquake|p2a: Hippowdon
|-damage|p2a: Hippowdon|24/100
|move|p2a: Hippowdon|Stone Edge|p1a: Landorus
|-damage|p1a: Landorus|0 fnt
|faint|p1a: Landorus
|
|-weather|Sandstorm|[upkeep]
|upkeep
|
|t:|1743784745
|switch|p1a: Corviknight|Corviknight, M|49/100
|turn|26
|
|t:|1743784750
|switch|p2a: Slowking|Slowking-Galar, M|96/100 par
|move|p1a: Corviknight|Roost|p1a: Corviknight
|-heal|p1a: Corviknight|99/100
|-singleturn|p1a: Corviknight|move: Roost
|
|-weather|Sandstorm|[upkeep]
|-damage|p2a: Slowking|90/100 par|[from] Sandstorm
|upkeep
|turn|27
|
|t:|1743784759
|move|p1a: Corviknight|Brave Bird|p2a: Slowking
|-damage|p2a: Slowking|50/100 par
|-damage|p1a: Corviknight|87/100|[from] Recoil
|move|p2a: Slowking|Flamethrower|p1a: Corviknight
|-supereffective|p1a: Corviknight
|-damage|p1a: Corviknight|33/100
|
|-weather|Sandstorm|[upkeep]
|-damage|p2a: Slowking|44/100 par|[from] Sandstorm
|upkeep
|turn|28
|
|t:|1743784764
|move|p1a: Corviknight|Brave Bird|p2a: Slowking
|-damage|p2a: Slowking|5/100 par
|-damage|p1a: Corviknight|20/100|[from] Recoil
|cant|p2a: Slowking|par
|
|-weather|Sandstorm|[upkeep]
|-damage|p2a: Slowking|0 fnt|[from] Sandstorm
|faint|p2a: Slowking
|upkeep
|
|t:|1743784767
|switch|p2a: Ogerpon|Ogerpon-Wellspring, F|34/100
|turn|29
|
|t:|1743784772
|-terastallize|p2a: Ogerpon|Water
|detailschange|p2a: Ogerpon|Ogerpon-Wellspring-Tera, F, tera:Water
|-ability|p2a: Ogerpon|Embody Aspect (Wellspring)|boost
|-boost|p2a: Ogerpon|spd|1
|move|p2a: Ogerpon|Ivy Cudgel|p1a: Corviknight|[anim] Ivy Cudgel Water
|-damage|p1a: Corviknight|0 fnt
|faint|p1a: Corviknight
|
|win|dewottsoldier370
|raw|boltblazt's rating: 1378 &rarr; <strong>1360</strong><br />(-18 for losing)
|raw|dewottsoldier370's rating: 1405 &rarr; <strong>1423</strong><br />(+18 for winning)
|c|☆boltblazt|gg
|l|☆dewottsoldier370
|player|p2|
|l|☆boltblazt
|player|p1|
