|j|☆Tity_Master26
|j|☆Tscher
|t:|1743907610
|gametype|singles
|player|p1|Tity_Master26|cameraman|1254
|player|p2|Tscher|101|1316
|teamsize|p1|6
|teamsize|p2|6
|gen|9
|tier|[Gen 9] OU
|rated|
|rule|HP Percentage Mod: HP is shown in percentages
|rule|Endless Battle Clause: Forcing endless battles is banned
|rule|Species Clause: Limit one of each Pokémon
|rule|OHKO Clause: OHKO moves are banned
|rule|Evasion Items Clause: Evasion items are banned
|rule|Evasion Moves Clause: Evasion moves are banned
|rule|Sleep Moves Clause: Sleep-inducing moves are banned
|clearpoke
|poke|p1|Azumarill, F|
|poke|p1|Heatran, M|
|poke|p1|Hydrapple, M|
|poke|p1|Slowking-Galar, M|
|poke|p1|Great Tusk|
|poke|p1|Porygon2|
|poke|p2|Cinccino, F|
|poke|p2|Great Tusk|
|poke|p2|Ceruledge, M|
|poke|p2|Kingambit, F|
|poke|p2|Mimikyu, F|
|poke|p2|Gholdengo|
|teampreview
|inactive|Battle timer is ON: inactive players will automatically lose when time's up. (requested by Tscher)
|
|t:|1743907654
|start
|switch|p1a: Heatran|Heatran, M|100/100
|switch|p2a: Obesity|Great Tusk|100/100
|-enditem|p2a: Obesity|Booster Energy
|-activate|p2a: Obesity|ability: Protosynthesis|[fromitem]
|-start|p2a: Obesity|protosynthesisatk
|turn|1
|
|t:|1743907679
|-terastallize|p1a: Heatran|Grass
|move|p2a: Obesity|Headlong Rush|p1a: Heatran
|-resisted|p1a: Heatran
|-damage|p1a: Heatran|67/100
|-unboost|p2a: Obesity|def|1
|-unboost|p2a: Obesity|spd|1
|move|p1a: Heatran|Taunt|p2a: Obesity
|-start|p2a: Obesity|move: Taunt
|
|-heal|p1a: Heatran|74/100|[from] item: Leftovers
|upkeep
|turn|2
|
|t:|1743907690
|move|p2a: Obesity|Ice Spinner|p1a: Heatran
|-supereffective|p1a: Heatran
|-damage|p1a: Heatran|9/100
|move|p1a: Heatran|Will-O-Wisp|p2a: Obesity|[miss]
|-miss|p1a: Heatran|p2a: Obesity
|
|-heal|p1a: Heatran|16/100|[from] item: Leftovers
|upkeep
|turn|3
|
|t:|1743907699
|move|p2a: Obesity|Rapid Spin|p1a: Heatran
|-damage|p1a: Heatran|0 fnt
|-boost|p2a: Obesity|spe|1
|-status|p2a: Obesity|brn|[from] ability: Flame Body|[of] p1a: Heatran
|faint|p1a: Heatran
|
|-damage|p2a: Obesity|94/100 brn|[from] brn
|upkeep
|inactive|Tity_Master26 has 120 seconds left.
|inactive|Tity_Master26 has 90 seconds left.
|
|t:|1743907746
|switch|p1a: Azumarill|Azumarill, F|100/100
|turn|4
|
|t:|1743907751
|move|p2a: Obesity|Headlong Rush|p1a: Azumarill
|-damage|p1a: Azumarill|58/100
|-unboost|p2a: Obesity|def|1
|-unboost|p2a: Obesity|spd|1
|move|p1a: Azumarill|Belly Drum|p1a: Azumarill
|-damage|p1a: Azumarill|8/100
|-setboost|p1a: Azumarill|atk|6|[from] move: Belly Drum
|-enditem|p1a: Azumarill|Sitrus Berry|[eat]
|-heal|p1a: Azumarill|33/100|[from] item: Sitrus Berry
|
|-damage|p2a: Obesity|88/100 brn|[from] brn
|-end|p2a: Obesity|move: Taunt
|upkeep
|turn|5
|
|t:|1743907767
|move|p1a: Azumarill|Aqua Jet|p2a: Obesity
|-supereffective|p2a: Obesity
|-crit|p2a: Obesity
|-damage|p2a: Obesity|0 fnt
|faint|p2a: Obesity
|-end|p2a: Obesity|Protosynthesis|[silent]
|
|upkeep
|
|t:|1743907778
|switch|p2a: Ceruledge|Ceruledge, M|100/100
|turn|6
|
|t:|1743907789
|move|p2a: Ceruledge|Swords Dance|p2a: Ceruledge
|-boost|p2a: Ceruledge|atk|2
|move|p1a: Azumarill|Liquidation|p2a: Ceruledge
|-supereffective|p2a: Ceruledge
|-enditem|p2a: Ceruledge|Focus Sash
|-damage|p2a: Ceruledge|1/100
|-ability|p2a: Ceruledge|Weak Armor|boost
|-unboost|p2a: Ceruledge|def|1
|-boost|p2a: Ceruledge|spe|2
|
|upkeep
|turn|7
|
|t:|1743907799
|move|p2a: Ceruledge|Shadow Sneak|p1a: Azumarill
|-damage|p1a: Azumarill|0 fnt
|faint|p1a: Azumarill
|
|upkeep
|inactive|Tity_Master26 has 90 seconds left.
|
|t:|1743907822
|switch|p1a: Slowking|Slowking-Galar, M|100/100
|turn|8
|
|t:|1743907825
|move|p2a: Ceruledge|Poltergeist|p1a: Slowking
|-activate|p1a: Slowking|move: Poltergeist|Heavy-Duty Boots
|-supereffective|p1a: Slowking
|-damage|p1a: Slowking|0 fnt
|faint|p1a: Slowking
|
|upkeep
|
|t:|1743907838
|switch|p1a: Great Tusk|Great Tusk|100/100
|turn|9
|
|t:|1743907842
|move|p2a: Ceruledge|Poltergeist|p1a: Great Tusk
|-activate|p1a: Great Tusk|move: Poltergeist|Leftovers
|-damage|p1a: Great Tusk|46/100
|move|p1a: Great Tusk|Knock Off|p2a: Ceruledge
|-supereffective|p2a: Ceruledge
|-damage|p2a: Ceruledge|0 fnt
|faint|p2a: Ceruledge
|
|-heal|p1a: Great Tusk|52/100|[from] item: Leftovers
|upkeep
|
|t:|1743907859
|switch|p2a: Gholdengo|Gholdengo|100/100
|-item|p2a: Gholdengo|Air Balloon
|turn|10
|
|t:|1743907866
|move|p2a: Gholdengo|Make It Rain|p1a: Great Tusk
|-damage|p1a: Great Tusk|0 fnt
|-unboost|p2a: Gholdengo|spa|1
|faint|p1a: Great Tusk
|-end|p1a: Great Tusk|Protosynthesis|[silent]
|
|upkeep
|
|t:|1743907880
|switch|p1a: Hydrapple|Hydrapple, M|100/100
|turn|11
|
|t:|1743907885
|switch|p2a: Mimikyu|Mimikyu, F|100/100
|move|p1a: Hydrapple|Fickle Beam|p2a: Mimikyu
|-immune|p2a: Mimikyu
|
|upkeep
|turn|12
|inactive|Tity_Master26 has 120 seconds left.
|
|t:|1743907900
|switch|p1a: Porygon2|Porygon2, shiny|100/100
|-ability|p1a: Porygon2|Download|boost
|-boost|p1a: Porygon2|atk|1
|move|p2a: Mimikyu|Play Rough|p1a: Porygon2
|-damage|p1a: Porygon2|76/100
|
|upkeep
|turn|13
|
|t:|1743907917
|move|p2a: Mimikyu|Play Rough|p1a: Porygon2
|-damage|p1a: Porygon2|52/100
|move|p1a: Porygon2|Ice Beam|p2a: Mimikyu
|-activate|p2a: Mimikyu|ability: Disguise
|-damage|p2a: Mimikyu|100/100
|detailschange|p2a: Mimikyu|Mimikyu-Busted, F
|-damage|p2a: Mimikyu|88/100|[from] pokemon: Mimikyu-Busted
|-enditem|p2a: Mimikyu|Red Card|[of] p1a: Porygon2
|drag|p1a: Hydrapple|Hydrapple, M|100/100
|
|upkeep
|turn|14
|
|t:|1743907936
|move|p2a: Mimikyu|Play Rough|p1a: Hydrapple
|-supereffective|p1a: Hydrapple
|-damage|p1a: Hydrapple|46/100
|move|p1a: Hydrapple|Giga Drain|p2a: Mimikyu
|-damage|p2a: Mimikyu|46/100
|-heal|p1a: Hydrapple|58/100|[from] drain|[of] p2a: Mimikyu
|
|upkeep
|turn|15
|
|t:|1743907948
|switch|p1a: Porygon2|Porygon2, shiny|52/100
|-ability|p1a: Porygon2|Download|boost
|-boost|p1a: Porygon2|atk|1
|move|p2a: Mimikyu|Play Rough|p1a: Porygon2
|-damage|p1a: Porygon2|29/100
|
|upkeep
|turn|16
|
|t:|1743907955
|-terastallize|p2a: Mimikyu|Fighting
|move|p2a: Mimikyu|Drain Punch|p1a: Porygon2
|-supereffective|p1a: Porygon2
|-damage|p1a: Porygon2|0 fnt
|-heal|p2a: Mimikyu|67/100|[from] drain|[of] p1a: Porygon2
|faint|p1a: Porygon2
|
|upkeep
|-message|Tity_Master26 forfeited.
|
|win|Tscher
|raw|Tity_Master26's rating: 1254 &rarr; <strong>1233</strong><br />(-21 for losing)
|raw|Tscher's rating: 1316 &rarr; <strong>1332</strong><br />(+16 for winning)
|l|☆Tity_Master26
|player|p1|
