|j|☆MKUtopias
|j|☆ChrisSweeps
|t:|1743796955
|gametype|singles
|player|p1|MKUtopias|lance-gen3|1306
|player|p2|ChrisSweeps|veteran|1337
|teamsize|p1|6
|teamsize|p2|6
|gen|9
|tier|[Gen 9] OU
|rated|
|rule|HP Percentage Mod: HP is shown in percentages
|rule|Endless Battle Clause: Forcing endless battles is banned
|rule|Species Clause: Limit one of each Pokémon
|rule|OHKO Clause: OHKO moves are banned
|rule|Evasion Items Clause: Evasion items are banned
|rule|Evasion Moves Clause: Evasion moves are banned
|rule|Sleep Moves Clause: Sleep-inducing moves are banned
|clearpoke
|poke|p1|Kingambit, M|
|poke|p1|Garchomp, M|
|poke|p1|Pecharunt|
|poke|p1|Darkrai|
|poke|p1|Kyurem|
|poke|p1|Zapdos-Galar|
|poke|p2|Blaziken, M|
|poke|p2|Raging Bolt|
|poke|p2|Great Tusk|
|poke|p2|Dragapult, M|
|poke|p2|Dragonite, M|
|poke|p2|Glimmora, M|
|teampreview
|inactive|Battle timer is ON: inactive players will automatically lose when time's up. (requested by ChrisSweeps)
|inactive|ChrisSweeps has 120 seconds left.
|
|t:|1743797005
|start
|switch|p1a: Zenith Zapper|Zapdos-Galar, shiny|100/100
|switch|p2a: Glimmora|Glimmora, M|100/100
|turn|1
|c|☆ChrisSweeps|scarf
|
|t:|1743797017
|move|p1a: Zenith Zapper|Close Combat|p2a: Glimmora
|-damage|p2a: Glimmora|20/100
|-unboost|p1a: Zenith Zapper|def|1
|-unboost|p1a: Zenith Zapper|spd|1
|-activate|p2a: Glimmora|ability: Toxic Debris
|-sidestart|p1: MKUtopias|move: Toxic Spikes
|move|p2a: Glimmora|Mortal Spin|p1a: Zenith Zapper
|-damage|p1a: Zenith Zapper|90/100
|-status|p1a: Zenith Zapper|psn
|
|-damage|p1a: Zenith Zapper|77/100 psn|[from] psn
|upkeep
|turn|2
|
|t:|1743797034
|move|p1a: Zenith Zapper|Close Combat|p2a: Glimmora
|-damage|p2a: Glimmora|0 fnt
|-unboost|p1a: Zenith Zapper|def|1
|-unboost|p1a: Zenith Zapper|spd|1
|-activate|p2a: Glimmora|ability: Toxic Debris
|-sidestart|p1: MKUtopias|move: Toxic Spikes
|faint|p2a: Glimmora
|
|-damage|p1a: Zenith Zapper|65/100 psn|[from] psn
|upkeep
|
|t:|1743797044
|switch|p2a: Dragapult|Dragapult, M|100/100
|turn|3
|
|t:|1743797051
|switch|p1a: Pestilent Phantom|Pecharunt|100/100
|-item|p1a: Pestilent Phantom|Air Balloon
|move|p2a: Dragapult|Will-O-Wisp|p1a: Pestilent Phantom
|-status|p1a: Pestilent Phantom|brn
|
|-damage|p1a: Pestilent Phantom|94/100 brn|[from] brn
|upkeep
|turn|4
|
|t:|1743797062
|move|p2a: Dragapult|Shadow Ball|p1a: Pestilent Phantom
|-supereffective|p1a: Pestilent Phantom
|-damage|p1a: Pestilent Phantom|22/100 brn
|-enditem|p1a: Pestilent Phantom|Air Balloon
|move|p1a: Pestilent Phantom|Parting Shot|p2a: Dragapult
|-fail|p2a: Dragapult|unboost|[from] ability: Clear Body|[of] p2a: Dragapult
|
|-damage|p1a: Pestilent Phantom|16/100 brn|[from] brn
|upkeep
|turn|5
|
|t:|1743797073
|switch|p1a: Zenith Zapper|Zapdos-Galar, shiny|65/100 psn
|move|p2a: Dragapult|Shadow Ball|p1a: Zenith Zapper
|-damage|p1a: Zenith Zapper|22/100 psn
|
|-damage|p1a: Zenith Zapper|10/100 psn|[from] psn
|upkeep
|turn|6
|
|t:|1743797083
|switch|p2a: Great Tusk|Great Tusk|100/100
|move|p1a: Zenith Zapper|Brave Bird|p2a: Great Tusk
|-supereffective|p2a: Great Tusk
|-damage|p2a: Great Tusk|0 fnt
|faint|p2a: Great Tusk
|-end|p2a: Great Tusk|Protosynthesis|[silent]
|-damage|p1a: Zenith Zapper|0 fnt|[from] Recoil
|faint|p1a: Zenith Zapper
|
|upkeep
|
|t:|1743797101
|switch|p2a: Dragapult|Dragapult, M|100/100
|switch|p1a: Pestilent Phantom|Pecharunt|16/100 brn
|-sideend|p1: MKUtopias|move: Toxic Spikes|[of] p1a: Pestilent Phantom
|turn|7
|
|t:|1743797108
|move|p2a: Dragapult|Shadow Ball|p1a: Pestilent Phantom
|-supereffective|p1a: Pestilent Phantom
|-damage|p1a: Pestilent Phantom|0 fnt
|faint|p1a: Pestilent Phantom
|
|upkeep
|
|t:|1743797116
|switch|p1a: Shogun Sovereign|Kingambit, M, shiny|100/100
|-activate|p1a: Shogun Sovereign|ability: Supreme Overlord
|-start|p1a: Shogun Sovereign|fallen2|[silent]
|turn|8
|
|t:|1743797121
|move|p2a: Dragapult|Will-O-Wisp|p1a: Shogun Sovereign
|-status|p1a: Shogun Sovereign|brn
|move|p1a: Shogun Sovereign|Kowtow Cleave|p2a: Dragapult
|-supereffective|p2a: Dragapult
|-damage|p2a: Dragapult|7/100
|
|-damage|p1a: Shogun Sovereign|94/100 brn|[from] brn
|upkeep
|turn|9
|
|t:|1743797135
|move|p2a: Dragapult|Draco Meteor|p1a: Shogun Sovereign
|-resisted|p1a: Shogun Sovereign
|-damage|p1a: Shogun Sovereign|62/100 brn
|-unboost|p2a: Dragapult|spa|2
|move|p1a: Shogun Sovereign|Kowtow Cleave|p2a: Dragapult
|-supereffective|p2a: Dragapult
|-damage|p2a: Dragapult|0 fnt
|faint|p2a: Dragapult
|
|-damage|p1a: Shogun Sovereign|56/100 brn|[from] brn
|upkeep
|
|t:|1743797151
|switch|p2a: Blaziken|Blaziken, M, shiny|100/100
|turn|10
|inactive|ChrisSweeps has 120 seconds left.
|
|t:|1743797175
|-end|p1a: Shogun Sovereign|fallen2|[silent]
|switch|p1a: Gorge Grinder|Garchomp, M, shiny|100/100
|move|p2a: Blaziken|Protect||[still]
|-fail|p2a: Blaziken
|
|-ability|p2a: Blaziken|Speed Boost|boost
|-boost|p2a: Blaziken|spe|1
|upkeep
|turn|11
|inactive|ChrisSweeps has 120 seconds left.
|
|t:|1743797188
|switch|p2a: Dragonite|Dragonite, M|100/100
|move|p1a: Gorge Grinder|Earthquake|p2a: Dragonite
|-immune|p2a: Dragonite
|
|upkeep
|turn|12
|
|t:|1743797197
|-terastallize|p2a: Dragonite|Normal
|move|p1a: Gorge Grinder|Draco Meteor|p2a: Dragonite
|-damage|p2a: Dragonite|66/100
|-unboost|p1a: Gorge Grinder|spa|2
|-damage|p1a: Gorge Grinder|91/100|[from] item: Life Orb
|move|p2a: Dragonite|Dragon Dance|p2a: Dragonite
|-boost|p2a: Dragonite|atk|1
|-boost|p2a: Dragonite|spe|1
|
|upkeep
|turn|13
|
|t:|1743797208
|move|p2a: Dragonite|Ice Spinner|p1a: Gorge Grinder
|-supereffective|p1a: Gorge Grinder
|-damage|p1a: Gorge Grinder|0 fnt
|-damage|p2a: Dragonite|54/100|[from] ability: Rough Skin|[of] p1a: Gorge Grinder
|faint|p1a: Gorge Grinder
|
|upkeep
|
|t:|1743797217
|switch|p1a: Shogun Sovereign|Kingambit, M, shiny|56/100 brn
|-activate|p1a: Shogun Sovereign|ability: Supreme Overlord
|-start|p1a: Shogun Sovereign|fallen3|[silent]
|turn|14
|
|t:|1743797226
|move|p2a: Dragonite|Earthquake|p1a: Shogun Sovereign
|-supereffective|p1a: Shogun Sovereign
|-damage|p1a: Shogun Sovereign|0 fnt
|faint|p1a: Shogun Sovereign
|-end|p1a: Shogun Sovereign|fallen3|[silent]
|
|upkeep
|
|t:|1743797231
|switch|p1a: Dusk Dreader|Darkrai, shiny|100/100
|turn|15
|inactive|ChrisSweeps has 120 seconds left.
|
|t:|1743797276
|-terastallize|p1a: Dusk Dreader|Ghost
|move|p2a: Dragonite|Extreme Speed|p1a: Dusk Dreader
|-immune|p1a: Dusk Dreader
|move|p1a: Dusk Dreader|Focus Blast|p2a: Dragonite|[miss]
|-miss|p1a: Dusk Dreader|p2a: Dragonite
|
|upkeep
|turn|16
|-message|MKUtopias forfeited.
|
|win|ChrisSweeps
|raw|MKUtopias's rating: 1306 &rarr; <strong>1289</strong><br />(-17 for losing)
|raw|ChrisSweeps's rating: 1354 &rarr; <strong>1371</strong><br />(+17 for winning)
|l|☆MKUtopias
|player|p1|
