|j|☆Ences8_
|j|☆American_Snail
|t:|1743923566
|gametype|singles
|player|p1|Ences8_|kimonogirl|1216
|player|p2|American_Snail|1|1297
|teamsize|p1|6
|teamsize|p2|6
|gen|9
|tier|[Gen 9] OU
|rated|
|rule|HP Percentage Mod: HP is shown in percentages
|rule|Endless Battle Clause: Forcing endless battles is banned
|rule|Species Clause: Limit one of each Pokémon
|rule|OHKO Clause: OHKO moves are banned
|rule|Evasion Items Clause: Evasion items are banned
|rule|Evasion Moves Clause: Evasion moves are banned
|rule|Sleep Moves Clause: Sleep-inducing moves are banned
|clearpoke
|poke|p1|Weavile, F|
|poke|p1|Pecharunt|
|poke|p1|Ting-Lu|
|poke|p1|Tinkaton, F|
|poke|p1|Keldeo-Resolute|
|poke|p1|Dragonite, F|
|poke|p2|Ribombee, F|
|poke|p2|Kingambit, M|
|poke|p2|Cloyster, M|
|poke|p2|Mimikyu, M|
|poke|p2|Iron Moth|
|poke|p2|Flapple, M|
|teampreview
|inactive|Battle timer is ON: inactive players will automatically lose when time's up. (requested by American_Snail)
|
|t:|1743923588
|start
|switch|p1a: Weavile|Weavile, F|100/100
|switch|p2a: Ribombee|Ribombee, F, shiny|100/100
|-ability|p1a: Weavile|Pressure
|turn|1
|
|t:|1743923595
|switch|p2a: Cloyster|Cloyster, M, shiny|100/100
|move|p1a: Weavile|Triple Axel|p2a: Cloyster
|-resisted|p2a: Cloyster
|-damage|p2a: Cloyster|98/100
|-resisted|p2a: Cloyster
|-damage|p2a: Cloyster|94/100
|-resisted|p2a: Cloyster
|-damage|p2a: Cloyster|88/100
|-hitcount|p2a: Cloyster|3
|
|upkeep
|turn|2
|
|t:|1743923604
|move|p1a: Weavile|Knock Off|p2a: Cloyster
|-damage|p2a: Cloyster|46/100
|-enditem|p2a: Cloyster|Life Orb|[from] move: Knock Off|[of] p1a: Weavile
|move|p2a: Cloyster|Shell Smash|p2a: Cloyster
|-unboost|p2a: Cloyster|def|1
|-unboost|p2a: Cloyster|spd|1
|-boost|p2a: Cloyster|atk|2
|-boost|p2a: Cloyster|spa|2
|-boost|p2a: Cloyster|spe|2
|
|upkeep
|turn|3
|
|t:|1743923621
|switch|p1a: Keldeo|Keldeo-Resolute|100/100
|move|p2a: Cloyster|Rock Blast|p1a: Keldeo
|-resisted|p1a: Keldeo
|-damage|p1a: Keldeo|92/100
|-resisted|p1a: Keldeo
|-damage|p1a: Keldeo|82/100
|-resisted|p1a: Keldeo
|-damage|p1a: Keldeo|73/100
|-resisted|p1a: Keldeo
|-damage|p1a: Keldeo|65/100
|-resisted|p1a: Keldeo
|-damage|p1a: Keldeo|56/100
|-hitcount|p1a: Keldeo|5
|
|upkeep
|turn|4
|
|t:|1743923633
|move|p1a: Keldeo|Vacuum Wave|p2a: Cloyster
|-supereffective|p2a: Cloyster
|-damage|p2a: Cloyster|0 fnt
|faint|p2a: Cloyster
|
|upkeep
|
|t:|1743923641
|switch|p2a: Ribombee|Ribombee, F, shiny|100/100
|turn|5
|
|t:|1743923657
|switch|p1a: Pecharunt|Pecharunt|100/100
|move|p2a: Ribombee|Sticky Web|p1a: Pecharunt
|-sidestart|p1: Ences8_|move: Sticky Web
|
|upkeep
|turn|6
|
|t:|1743923661
|switch|p2a: Kingambit|Kingambit, M, shiny|100/100
|-activate|p2a: Kingambit|ability: Supreme Overlord
|-start|p2a: Kingambit|fallen1|[silent]
|move|p1a: Pecharunt|Malignant Chain|p2a: Kingambit
|-immune|p2a: Kingambit
|
|upkeep
|turn|7
|
|t:|1743923667
|move|p1a: Pecharunt|Parting Shot|p2a: Kingambit
|-unboost|p2a: Kingambit|atk|1
|-unboost|p2a: Kingambit|spa|1
|
|t:|1743923675
|switch|p1a: Ting-Lu|Ting-Lu|100/100|[from] Parting Shot
|-activate|p1a: Ting-Lu|move: Sticky Web
|-unboost|p1a: Ting-Lu|spe|1
|-ability|p1a: Ting-Lu|Vessel of Ruin
|move|p2a: Kingambit|Swords Dance|p2a: Kingambit
|-boost|p2a: Kingambit|atk|2
|
|upkeep
|turn|8
|
|t:|1743923691
|move|p2a: Kingambit|Iron Head|p1a: Ting-Lu
|-damage|p1a: Ting-Lu|65/100
|-damage|p2a: Kingambit|84/100|[from] item: Rocky Helmet|[of] p1a: Ting-Lu
|cant|p1a: Ting-Lu|flinch
|
|upkeep
|turn|9
|
|t:|1743923697
|move|p2a: Kingambit|Iron Head|p1a: Ting-Lu
|-damage|p1a: Ting-Lu|24/100
|-damage|p2a: Kingambit|68/100|[from] item: Rocky Helmet|[of] p1a: Ting-Lu
|cant|p1a: Ting-Lu|flinch
|
|upkeep
|turn|10
|
|t:|1743923707
|move|p2a: Kingambit|Iron Head|p1a: Ting-Lu
|-damage|p1a: Ting-Lu|0 fnt
|-damage|p2a: Kingambit|51/100|[from] item: Rocky Helmet|[of] p1a: Ting-Lu
|faint|p1a: Ting-Lu
|
|upkeep
|
|t:|1743923709
|switch|p1a: Keldeo|Keldeo-Resolute|56/100
|turn|11
|
|t:|1743923736
|move|p1a: Keldeo|Vacuum Wave|p2a: Kingambit
|-supereffective|p2a: Kingambit
|-damage|p2a: Kingambit|0 fnt
|faint|p2a: Kingambit
|-end|p2a: Kingambit|fallen1|[silent]
|
|upkeep
|inactive|American_Snail has 120 seconds left.
|
|t:|1743923749
|switch|p2a: Mimikyu|Mimikyu, M, shiny|100/100
|turn|12
|
|t:|1743923753
|move|p1a: Keldeo|Flip Turn|p2a: Mimikyu
|-activate|p2a: Mimikyu|ability: Disguise
|-damage|p2a: Mimikyu|100/100
|detailschange|p2a: Mimikyu|Mimikyu-Busted, M, shiny
|-damage|p2a: Mimikyu|88/100|[from] pokemon: Mimikyu-Busted
|
|t:|1743923756
|switch|p1a: Tinkaton|Tinkaton, F|100/100|[from] Flip Turn
|-item|p1a: Tinkaton|Air Balloon
|move|p2a: Mimikyu|Swords Dance|p2a: Mimikyu
|-boost|p2a: Mimikyu|atk|2
|
|upkeep
|turn|13
|
|t:|1743923765
|move|p2a: Mimikyu|Shadow Claw|p1a: Tinkaton
|-damage|p1a: Tinkaton|16/100
|-enditem|p1a: Tinkaton|Air Balloon
|-enditem|p2a: Mimikyu|Life Orb|[silent]|[from] ability: Pickpocket|[of] p2a: Mimikyu
|-item|p1a: Tinkaton|Life Orb|[from] ability: Pickpocket|[of] p2a: Mimikyu
|move|p1a: Tinkaton|Gigaton Hammer|p2a: Mimikyu
|-supereffective|p2a: Mimikyu
|-damage|p2a: Mimikyu|0 fnt
|faint|p2a: Mimikyu
|-damage|p1a: Tinkaton|6/100|[from] item: Life Orb
|
|upkeep
|
|t:|1743923783
|switch|p2a: Flapple|Flapple, M, shiny|100/100
|turn|14
|
|t:|1743923788
|move|p1a: Tinkaton|Thunder Wave|p2a: Flapple
|-status|p2a: Flapple|par
|cant|p2a: Flapple|par
|
|upkeep
|turn|15
|
|t:|1743923794
|move|p2a: Flapple|Sucker Punch|p1a: Tinkaton|[miss]
|-miss|p2a: Flapple|p1a: Tinkaton
|move|p1a: Tinkaton|Gigaton Hammer|p2a: Flapple
|-damage|p2a: Flapple|8/100 par
|-damage|p1a: Tinkaton|0 fnt|[from] item: Life Orb
|faint|p1a: Tinkaton
|
|upkeep
|
|t:|1743923799
|switch|p1a: Weavile|Weavile, F|100/100
|-ability|p1a: Weavile|Pressure
|turn|16
|
|t:|1743923804
|move|p1a: Weavile|Swords Dance|p1a: Weavile
|-boost|p1a: Weavile|atk|2
|cant|p2a: Flapple|par
|
|upkeep
|turn|17
|
|t:|1743923819
|move|p1a: Weavile|Swords Dance|p1a: Weavile
|-boost|p1a: Weavile|atk|2
|move|p2a: Flapple|Grav Apple|p1a: Weavile
|-damage|p1a: Weavile|0 fnt
|faint|p1a: Weavile
|-damage|p2a: Flapple|0 fnt|[from] item: Life Orb
|faint|p2a: Flapple
|
|upkeep
|
|t:|1743923841
|switch|p1a: Pecharunt|Pecharunt|100/100
|switch|p2a: Iron Moth|Iron Moth, shiny|100/100
|-enditem|p2a: Iron Moth|Booster Energy
|-activate|p2a: Iron Moth|ability: Quark Drive|[fromitem]
|-start|p2a: Iron Moth|quarkdrivespe
|turn|18
|
|t:|1743923849
|move|p2a: Iron Moth|Substitute|p2a: Iron Moth
|-start|p2a: Iron Moth|Substitute
|-damage|p2a: Iron Moth|76/100
|move|p1a: Pecharunt|Parting Shot|p2a: Iron Moth
|-unboost|p2a: Iron Moth|atk|1
|-unboost|p2a: Iron Moth|spa|1
|
|t:|1743923855
|switch|p1a: Keldeo|Keldeo-Resolute|56/100|[from] Parting Shot
|
|upkeep
|turn|19
|
|t:|1743923858
|move|p2a: Iron Moth|Fiery Dance|p1a: Keldeo
|-resisted|p1a: Keldeo
|-damage|p1a: Keldeo|41/100
|-boost|p2a: Iron Moth|spa|1
|move|p1a: Keldeo|Flip Turn|p2a: Iron Moth
|-supereffective|p2a: Iron Moth
|-end|p2a: Iron Moth|Substitute
|
|t:|1743923863
|switch|p1a: Dragonite|Dragonite, F|100/100|[from] Flip Turn
|
|upkeep
|turn|20
|
|t:|1743923871
|-terastallize|p2a: Iron Moth|Fairy
|move|p2a: Iron Moth|Dazzling Gleam|p1a: Dragonite
|-supereffective|p1a: Dragonite
|-damage|p1a: Dragonite|66/100
|move|p1a: Dragonite|Earthquake|p2a: Iron Moth
|-damage|p2a: Iron Moth|21/100
|
|upkeep
|turn|21
|
|t:|1743923877
|move|p1a: Dragonite|Extreme Speed|p2a: Iron Moth
|-damage|p2a: Iron Moth|0 fnt
|faint|p2a: Iron Moth
|-end|p2a: Iron Moth|Quark Drive|[silent]
|
|upkeep
|
|t:|1743923880
|switch|p2a: Ribombee|Ribombee, F, shiny|100/100
|turn|22
|
|t:|1743923884
|-terastallize|p1a: Dragonite|Normal
|move|p1a: Dragonite|Extreme Speed|p2a: Ribombee
|-enditem|p2a: Ribombee|Focus Sash
|-damage|p2a: Ribombee|1/100
|move|p2a: Ribombee|Moonblast|p1a: Dragonite
|-damage|p1a: Dragonite|28/100
|
|upkeep
|turn|23
|-message|American_Snail forfeited.
|
|win|Ences8_
|raw|Ences8_'s rating: 1216 &rarr; <strong>1247</strong><br />(+31 for winning)
|raw|American_Snail's rating: 1297 &rarr; <strong>1266</strong><br />(-31 for losing)
|l|☆American_Snail
|player|p2|
|l|☆Ences8_
|player|p1|
