|j|☆janish_
|j|☆tytheflyguy69420
|t:|1743873397
|gametype|singles
|player|p1|janish_|shadowtriad|1411
|player|p2|tytheflyguy69420|2|1360
|teamsize|p1|6
|teamsize|p2|6
|gen|9
|tier|[Gen 9] OU
|rated|
|rule|HP Percentage Mod: HP is shown in percentages
|rule|Endless Battle Clause: Forcing endless battles is banned
|rule|Species Clause: Limit one of each Pokémon
|rule|OHKO Clause: OHKO moves are banned
|rule|Evasion Items Clause: Evasion items are banned
|rule|Evasion Moves Clause: Evasion moves are banned
|rule|Sleep Moves Clause: Sleep-inducing moves are banned
|clearpoke
|poke|p1|Frosmoth, M|
|poke|p1|Cinccino, M|
|poke|p1|Incineroar, M|
|poke|p1|Weezing-Galar, F|
|poke|p1|Sinistcha|
|poke|p1|Alomomola, M|
|poke|p2|Ninetales-Alola, M|
|poke|p2|Kyurem|
|poke|p2|Rillaboom, M|
|poke|p2|Hawlucha, F|
|poke|p2|Slowking-Galar, M|
|poke|p2|Great Tusk|
|teampreview
|inactive|Battle timer is ON: inactive players will automatically lose when time's up. (requested by janish_)
|
|t:|1743873413
|start
|switch|p1a: Weezing|Weezing-Galar, F|100/100
|switch|p2a: Ninetales|Ninetales-Alola, M, shiny|100/100
|-ability|p1a: Weezing|Neutralizing Gas
|turn|1
|
|t:|1743873420
|switch|p2a: Slowking|Slowking-Galar, M|100/100
|move|p1a: Weezing|Toxic|p2a: Slowking
|-immune|p2a: Slowking
|
|upkeep
|turn|2
|
|t:|1743873438
|-end|p1a: Weezing|ability: Neutralizing Gas
|switch|p1a: Incineroar|Incineroar, M|100/100
|-ability|p1a: Incineroar|Intimidate|boost
|-unboost|p2a: Slowking|atk|1
|move|p2a: Slowking|Future Sight|p1a: Incineroar
|-start|p2a: Slowking|move: Future Sight
|
|upkeep
|turn|3
|
|t:|1743873445
|move|p1a: Incineroar|Knock Off|p2a: Slowking
|-supereffective|p2a: Slowking
|-damage|p2a: Slowking|26/100
|-enditem|p2a: Slowking|Heavy-Duty Boots|[from] move: Knock Off|[of] p1a: Incineroar
|-prepare|p2a: Slowking|Chilly Reception|[premajor]
|move|p2a: Slowking|Chilly Reception|p2a: Slowking
|-weather|Snowscape
|inactive|tytheflyguy69420 has 120 seconds left.
|
|t:|1743873476
|switch|p2a: Great Tusk|Great Tusk|100/100|[from] Chilly Reception
|-enditem|p2a: Great Tusk|Booster Energy
|-activate|p2a: Great Tusk|ability: Protosynthesis|[fromitem]
|-start|p2a: Great Tusk|protosynthesisatk
|
|-weather|Snowscape|[upkeep]
|upkeep
|turn|4
|
|t:|1743873494
|switch|p1a: Alomomola|Alomomola, M|100/100
|move|p2a: Great Tusk|Headlong Rush|p1a: Alomomola
|-damage|p1a: Alomomola|50/100
|-unboost|p2a: Great Tusk|def|1
|-unboost|p2a: Great Tusk|spd|1
|-damage|p2a: Great Tusk|84/100|[from] item: Rocky Helmet|[of] p1a: Alomomola
|
|-weather|Snowscape|[upkeep]
|-end|p1a: Alomomola|move: Future Sight
|-damage|p1a: Alomomola|12/100
|upkeep
|turn|5
|
|t:|1743873514
|switch|p1a: Frosmoth|Frosmoth, M|100/100
|move|p2a: Great Tusk|Headlong Rush|p1a: Frosmoth
|-resisted|p1a: Frosmoth
|-damage|p1a: Frosmoth|61/100
|-unboost|p2a: Great Tusk|def|1
|-unboost|p2a: Great Tusk|spd|1
|
|-weather|Snowscape|[upkeep]
|-heal|p1a: Frosmoth|67/100|[from] item: Leftovers
|upkeep
|turn|6
|
|t:|1743873524
|-end|p2a: Great Tusk|Protosynthesis|[silent]
|switch|p2a: Ninetales|Ninetales-Alola, M, shiny|100/100
|move|p1a: Frosmoth|Ice Beam|p2a: Ninetales
|-resisted|p2a: Ninetales
|-damage|p2a: Ninetales|77/100
|
|-weather|Snowscape|[upkeep]
|-heal|p1a: Frosmoth|74/100|[from] item: Leftovers
|upkeep
|turn|7
|
|t:|1743873535
|move|p2a: Ninetales|Aurora Veil|p2a: Ninetales
|-sidestart|p2: tytheflyguy69420|move: Aurora Veil
|move|p1a: Frosmoth|Quiver Dance|p1a: Frosmoth
|-boost|p1a: Frosmoth|spa|1
|-boost|p1a: Frosmoth|spd|1
|-boost|p1a: Frosmoth|spe|1
|
|-weather|none
|-heal|p1a: Frosmoth|80/100|[from] item: Leftovers
|upkeep
|turn|8
|
|t:|1743873547
|move|p2a: Ninetales|Encore|p1a: Frosmoth
|-start|p1a: Frosmoth|Encore
|move|p1a: Frosmoth|Quiver Dance|p1a: Frosmoth
|-boost|p1a: Frosmoth|spa|1
|-boost|p1a: Frosmoth|spd|1
|-boost|p1a: Frosmoth|spe|1
|
|-heal|p1a: Frosmoth|86/100|[from] item: Leftovers
|upkeep
|turn|9
|
|t:|1743873558
|switch|p2a: Kyurem|Kyurem, shiny|100/100
|-ability|p2a: Kyurem|Pressure
|move|p1a: Frosmoth|Quiver Dance|p1a: Frosmoth
|-boost|p1a: Frosmoth|spa|1
|-boost|p1a: Frosmoth|spd|1
|-boost|p1a: Frosmoth|spe|1
|
|-heal|p1a: Frosmoth|92/100|[from] item: Leftovers
|upkeep
|turn|10
|
|t:|1743873579
|move|p1a: Frosmoth|Quiver Dance|p1a: Frosmoth
|-boost|p1a: Frosmoth|spa|1
|-boost|p1a: Frosmoth|spd|1
|-boost|p1a: Frosmoth|spe|1
|move|p2a: Kyurem|Dragon Dance|p2a: Kyurem
|-boost|p2a: Kyurem|atk|1
|-boost|p2a: Kyurem|spe|1
|
|-heal|p1a: Frosmoth|98/100|[from] item: Leftovers
|-end|p1a: Frosmoth|Encore
|upkeep
|turn|11
|
|t:|1743873588
|move|p1a: Frosmoth|Substitute|p1a: Frosmoth
|-start|p1a: Frosmoth|Substitute
|-damage|p1a: Frosmoth|73/100
|move|p2a: Kyurem|Scale Shot|p1a: Frosmoth
|-end|p1a: Frosmoth|Substitute
|-damage|p1a: Frosmoth|43/100
|-damage|p1a: Frosmoth|12/100
|-damage|p1a: Frosmoth|0 fnt
|faint|p1a: Frosmoth
|-hitcount|p1: Frosmoth|4
|-unboost|p2a: Kyurem|def|1
|-boost|p2a: Kyurem|spe|1
|
|upkeep
|
|t:|1743873598
|switch|p1a: Incineroar|Incineroar, M|100/100
|-ability|p1a: Incineroar|Intimidate|boost
|-unboost|p2a: Kyurem|atk|1
|turn|12
|
|t:|1743873625
|switch|p2a: Ninetales|Ninetales-Alola, M, shiny|77/100
|-weather|Snowscape|[from] ability: Snow Warning|[of] p2a: Ninetales
|move|p1a: Incineroar|Knock Off|p2a: Ninetales
|-resisted|p2a: Ninetales
|-damage|p2a: Ninetales|67/100
|-enditem|p2a: Ninetales|Light Clay|[from] move: Knock Off|[of] p1a: Incineroar
|
|-weather|Snowscape|[upkeep]
|upkeep
|turn|13
|
|t:|1743873637
|move|p2a: Ninetales|Encore|p1a: Incineroar
|-start|p1a: Incineroar|Encore
|move|p1a: Incineroar|Knock Off|p2a: Ninetales
|-resisted|p2a: Ninetales
|-damage|p2a: Ninetales|60/100
|
|-weather|Snowscape|[upkeep]
|upkeep
|turn|14
|
|t:|1743873651
|switch|p1a: Weezing|Weezing-Galar, F|100/100
|-ability|p1a: Weezing|Neutralizing Gas
|move|p2a: Ninetales|Moonblast|p1a: Weezing
|-resisted|p1a: Weezing
|-damage|p1a: Weezing|78/100
|-unboost|p1a: Weezing|spa|1
|
|-weather|Snowscape|[upkeep]
|-sideend|p2: tytheflyguy69420|move: Aurora Veil
|upkeep
|turn|15
|inactive|janish_ has 120 seconds left.
|inactive|janish_ has 90 seconds left.
|
|t:|1743873736
|move|p2a: Ninetales|Aurora Veil|p2a: Ninetales
|-sidestart|p2: tytheflyguy69420|move: Aurora Veil
|move|p1a: Weezing|Strange Steam|p2a: Ninetales
|-damage|p2a: Ninetales|49/100
|-start|p2a: Ninetales|confusion
|
|-weather|Snowscape|[upkeep]
|upkeep
|turn|16
|inactive|tytheflyguy69420 has 120 seconds left.
|
|t:|1743873771
|switch|p2a: Slowking|Slowking-Galar, M|59/100
|move|p1a: Weezing|Toxic|p2a: Slowking
|-immune|p2a: Slowking
|
|-weather|none
|upkeep
|turn|17
|
|t:|1743873775
|move|p1a: Weezing|Defog|p2a: Slowking
|-unboost|p2a: Slowking|evasion|1
|-sideend|p2: tytheflyguy69420|move: Aurora Veil
|move|p2a: Slowking|Future Sight|p1a: Weezing
|-start|p2a: Slowking|move: Future Sight
|
|upkeep
|turn|18
|
|t:|1743873780
|-end|p1a: Weezing|ability: Neutralizing Gas
|switch|p1a: Incineroar|Incineroar, M|100/100
|-ability|p1a: Incineroar|Intimidate|boost
|-unboost|p2a: Slowking|atk|1
|-prepare|p2a: Slowking|Chilly Reception|[premajor]
|move|p2a: Slowking|Chilly Reception|p2a: Slowking
|-weather|Snowscape
|
|t:|1743873795
|switch|p2a: Great Tusk|Great Tusk|84/100|[from] Chilly Reception
|
|-weather|Snowscape|[upkeep]
|upkeep
|turn|19
|
|t:|1743873805
|move|p2a: Great Tusk|Headlong Rush|p1a: Incineroar
|-supereffective|p1a: Incineroar
|-damage|p1a: Incineroar|21/100
|-unboost|p2a: Great Tusk|def|1
|-unboost|p2a: Great Tusk|spd|1
|move|p1a: Incineroar|Will-O-Wisp|p2a: Great Tusk
|-status|p2a: Great Tusk|brn
|
|-weather|Snowscape|[upkeep]
|-end|p1a: Incineroar|move: Future Sight
|-immune|p1a: Incineroar
|-damage|p2a: Great Tusk|78/100 brn|[from] brn
|upkeep
|turn|20
|
|t:|1743873828
|-end|p2a: Great Tusk|Protosynthesis|[silent]
|switch|p2a: Slowking|Slowking-Galar, M|92/100
|switch|p1a: Cinccino|Cinccino, M|100/100
|
|-weather|Snowscape|[upkeep]
|upkeep
|turn|21
|inactive|janish_ has 90 seconds left.
|
|t:|1743873847
|switch|p1a: Alomomola|Alomomola, M|45/100
|move|p2a: Slowking|Sludge Bomb|p1a: Alomomola
|-damage|p1a: Alomomola|12/100
|-status|p1a: Alomomola|psn
|
|-weather|Snowscape|[upkeep]
|-damage|p1a: Alomomola|0 fnt|[from] psn
|faint|p1a: Alomomola
|upkeep
|inactive|janish_ has 90 seconds left.
|
|t:|1743873863
|switch|p1a: Cinccino|Cinccino, M|100/100
|turn|22
|
|t:|1743873880
|move|p1a: Cinccino|Tidy Up|p1a: Cinccino
|-boost|p1a: Cinccino|atk|1
|-boost|p1a: Cinccino|spe|1
|move|p2a: Slowking|Future Sight|p1a: Cinccino
|-start|p2a: Slowking|move: Future Sight
|
|-weather|none
|upkeep
|turn|23
|
|t:|1743873886
|move|p1a: Cinccino|Tail Slap|p2a: Slowking
|-damage|p2a: Slowking|66/100
|-damage|p2a: Slowking|42/100
|-damage|p2a: Slowking|18/100
|-damage|p2a: Slowking|0 fnt
|faint|p2a: Slowking
|-hitcount|p2: Slowking|4
|
|upkeep
|
|t:|1743873892
|switch|p2a: Rillaboom|Rillaboom, M, shiny|100/100
|-fieldstart|move: Grassy Terrain|[from] ability: Grassy Surge|[of] p2a: Rillaboom
|turn|24
|inactive|janish_ has 90 seconds left.
|
|t:|1743873909
|switch|p1a: Sinistcha|Sinistcha|100/100
|move|p2a: Rillaboom|Grassy Glide|p1a: Sinistcha
|-resisted|p1a: Sinistcha
|-damage|p1a: Sinistcha|86/100
|
|-end|p1a: Sinistcha|move: Future Sight
|-damage|p1a: Sinistcha|29/100
|-heal|p1a: Sinistcha|35/100|[from] Grassy Terrain
|upkeep
|turn|25
|inactive|janish_ has 90 seconds left.
|
|t:|1743873919
|move|p2a: Rillaboom|Knock Off|p1a: Sinistcha
|-supereffective|p1a: Sinistcha
|-enditem|p1a: Sinistcha|Colbur Berry|[eat]
|-enditem|p1a: Sinistcha|Colbur Berry|[weaken]
|-damage|p1a: Sinistcha|11/100
|move|p1a: Sinistcha|Strength Sap|p2a: Rillaboom
|-unboost|p2a: Rillaboom|atk|1
|-heal|p1a: Sinistcha|100/100
|
|upkeep
|turn|26
|inactive|janish_ has 90 seconds left.
|
|t:|1743873932
|switch|p1a: Weezing|Weezing-Galar, F|78/100
|-ability|p1a: Weezing|Neutralizing Gas
|move|p2a: Rillaboom|U-turn|p1a: Weezing
|-resisted|p1a: Weezing
|-damage|p1a: Weezing|75/100
|
|t:|1743873954
|switch|p2a: Kyurem|Kyurem, shiny|100/100|[from] U-turn
|
|-heal|p1a: Weezing|81/100|[from] Grassy Terrain
|upkeep
|turn|27
|inactive|janish_ has 90 seconds left.
|inactive|janish_ has 60 seconds left.
|
|t:|1743874005
|move|p2a: Kyurem|Dragon Dance|p2a: Kyurem
|-boost|p2a: Kyurem|atk|1
|-boost|p2a: Kyurem|spe|1
|move|p1a: Weezing|Toxic|p2a: Kyurem
|-status|p2a: Kyurem|tox
|
|-heal|p1a: Weezing|87/100|[from] Grassy Terrain
|-damage|p2a: Kyurem|94/100 tox|[from] psn
|upkeep
|turn|28
|inactive|janish_ has 60 seconds left.
|
|t:|1743874019
|move|p2a: Kyurem|Dragon Dance|p2a: Kyurem
|-boost|p2a: Kyurem|atk|1
|-boost|p2a: Kyurem|spe|1
|move|p1a: Weezing|Pain Split|p2a: Kyurem
|-sethp|p2a: Kyurem|84/100 tox|[from] move: Pain Split|[silent]
|-sethp|p1a: Weezing|99/100|[from] move: Pain Split
|
|-heal|p2a: Kyurem|91/100 tox|[from] Grassy Terrain
|-heal|p1a: Weezing|100/100|[from] Grassy Terrain
|-damage|p2a: Kyurem|78/100 tox|[from] psn
|-fieldend|move: Grassy Terrain
|upkeep
|turn|29
|inactive|janish_ has 60 seconds left.
|
|t:|1743874025
|-terastallize|p2a: Kyurem|Ground
|move|p2a: Kyurem|Tera Blast|p1a: Weezing|[anim] Tera Blast Ground
|-supereffective|p1a: Weezing
|-enditem|p1a: Weezing|Shuca Berry|[eat]
|-enditem|p1a: Weezing|Shuca Berry|[weaken]
|-damage|p1a: Weezing|45/100
|move|p1a: Weezing|Pain Split|p2a: Kyurem
|-sethp|p2a: Kyurem|58/100 tox|[from] move: Pain Split|[silent]
|-sethp|p1a: Weezing|68/100|[from] move: Pain Split
|
|-damage|p2a: Kyurem|40/100 tox|[from] psn
|upkeep
|turn|30
|inactive|janish_ has 60 seconds left.
|
|t:|1743874041
|move|p2a: Kyurem|Tera Blast|p1a: Weezing|[anim] Tera Blast Ground
|-supereffective|p1a: Weezing
|-crit|p1a: Weezing
|-damage|p1a: Weezing|0 fnt
|faint|p1a: Weezing
|-end|p1a: Weezing|ability: Neutralizing Gas
|-ability|p2a: Kyurem|Pressure
|
|-damage|p2a: Kyurem|15/100 tox|[from] psn
|upkeep
|
|t:|1743874056
|switch|p1a: Incineroar|Incineroar, M|21/100
|-ability|p1a: Incineroar|Intimidate|boost
|-unboost|p2a: Kyurem|atk|1
|turn|31
|
|t:|1743874066
|switch|p1a: Sinistcha|Sinistcha|100/100
|move|p2a: Kyurem|Icicle Spear|p1a: Sinistcha
|-supereffective|p1a: Sinistcha
|-damage|p1a: Sinistcha|74/100
|-supereffective|p1a: Sinistcha
|-damage|p1a: Sinistcha|48/100
|-supereffective|p1a: Sinistcha
|-damage|p1a: Sinistcha|21/100
|-supereffective|p1a: Sinistcha
|-damage|p1a: Sinistcha|0 fnt
|faint|p1a: Sinistcha
|-hitcount|p1: Sinistcha|4
|
|-damage|p2a: Kyurem|0 fnt|[from] psn
|faint|p2a: Kyurem
|upkeep
|inactive|janish_ has 60 seconds left.
|
|t:|1743874081
|switch|p2a: Ninetales|Ninetales-Alola, M, shiny|49/100
|switch|p1a: Incineroar|Incineroar, M|21/100
|-weather|Snowscape|[from] ability: Snow Warning|[of] p2a: Ninetales
|-ability|p1a: Incineroar|Intimidate|boost
|-unboost|p2a: Ninetales|atk|1
|turn|32
|
|t:|1743874087
|move|p2a: Ninetales|Aurora Veil|p2a: Ninetales
|-sidestart|p2: tytheflyguy69420|move: Aurora Veil
|move|p1a: Incineroar|Flare Blitz|p2a: Ninetales
|-supereffective|p2a: Ninetales
|-damage|p2a: Ninetales|5/100
|-status|p2a: Ninetales|brn
|-damage|p1a: Incineroar|11/100|[from] Recoil
|
|-weather|Snowscape|[upkeep]
|-damage|p2a: Ninetales|0 fnt|[from] brn
|faint|p2a: Ninetales
|upkeep
|
|t:|1743874097
|switch|p2a: Hawlucha|Hawlucha, F, shiny|100/100
|turn|33
|
|t:|1743874106
|switch|p2a: Rillaboom|Rillaboom, M, shiny|100/100
|-fieldstart|move: Grassy Terrain|[from] ability: Grassy Surge|[of] p2a: Rillaboom
|move|p1a: Incineroar|Will-O-Wisp|p2a: Rillaboom
|-status|p2a: Rillaboom|brn
|
|-weather|Snowscape|[upkeep]
|-heal|p1a: Incineroar|17/100|[from] Grassy Terrain
|-damage|p2a: Rillaboom|94/100 brn|[from] brn
|upkeep
|turn|34
|
|t:|1743874114
|move|p2a: Rillaboom|U-turn|p1a: Incineroar
|-damage|p1a: Incineroar|8/100
|
|t:|1743874117
|switch|p2a: Hawlucha|Hawlucha, F, shiny|100/100|[from] U-turn
|-enditem|p2a: Hawlucha|Grassy Seed
|-boost|p2a: Hawlucha|def|1|[from] item: Grassy Seed
|move|p1a: Incineroar|Flare Blitz|p2a: Hawlucha
|-damage|p2a: Hawlucha|76/100
|-damage|p1a: Incineroar|2/100|[from] Recoil
|
|-weather|Snowscape|[upkeep]
|-heal|p1a: Incineroar|8/100|[from] Grassy Terrain
|upkeep
|turn|35
|
|t:|1743874124
|move|p2a: Hawlucha|Encore|p1a: Incineroar
|-start|p1a: Incineroar|Encore
|move|p1a: Incineroar|Flare Blitz|p2a: Hawlucha
|-damage|p2a: Hawlucha|52/100
|-damage|p1a: Incineroar|2/100|[from] Recoil
|
|-weather|Snowscape|[upkeep]
|-heal|p1a: Incineroar|8/100|[from] Grassy Terrain
|upkeep
|turn|36
|
|t:|1743874129
|move|p2a: Hawlucha|Swords Dance|p2a: Hawlucha
|-boost|p2a: Hawlucha|atk|2
|move|p1a: Incineroar|Flare Blitz|p2a: Hawlucha
|-damage|p2a: Hawlucha|28/100
|-damage|p1a: Incineroar|2/100|[from] Recoil
|
|-weather|none
|-heal|p1a: Incineroar|8/100|[from] Grassy Terrain
|-sideend|p2: tytheflyguy69420|move: Aurora Veil
|upkeep
|turn|37
|
|t:|1743874136
|move|p2a: Hawlucha|Acrobatics|p1a: Incineroar
|-damage|p1a: Incineroar|0 fnt
|faint|p1a: Incineroar
|
|-fieldend|move: Grassy Terrain
|upkeep
|
|t:|1743874139
|switch|p1a: Cinccino|Cinccino, M|100/100
|turn|38
|inactive|janish_ has 120 seconds left.
|
|t:|1743874170
|move|p2a: Hawlucha|Acrobatics|p1a: Cinccino
|-damage|p1a: Cinccino|0 fnt
|faint|p1a: Cinccino
|
|win|tytheflyguy69420
|raw|janish_'s rating: 1411 &rarr; <strong>1388</strong><br />(-23 for losing)
|raw|tytheflyguy69420's rating: 1360 &rarr; <strong>1383</strong><br />(+23 for winning)
|l|☆janish_
|player|p1|
|l|☆tytheflyguy69420
|player|p2|
