|j|☆Pyramid Shcheme
|j|☆Tulaf3rm
|t:|1743783393
|gametype|singles
|player|p1|Pyramid Shcheme|iris-gen5bw2|1255
|player|p2|Tulaf3rm|gardenia-masters|1247
|teamsize|p1|6
|teamsize|p2|6
|gen|9
|tier|[Gen 9] OU
|rated|
|rule|HP Percentage Mod: HP is shown in percentages
|rule|Endless Battle Clause: Forcing endless battles is banned
|rule|Species Clause: Limit one of each Pokémon
|rule|OHKO Clause: OHKO moves are banned
|rule|Evasion Items Clause: Evasion items are banned
|rule|Evasion Moves Clause: Evasion moves are banned
|rule|Sleep Moves Clause: Sleep-inducing moves are banned
|clearpoke
|poke|p1|Hoopa-Unbound|
|poke|p1|Corviknight, F|
|poke|p1|Dragapult, F|
|poke|p1|Slowking-Galar, M|
|poke|p1|Landorus-Therian, M|
|poke|p1|Zamazenta-*|
|poke|p2|Skarmory, F|
|poke|p2|Ting-Lu|
|poke|p2|Slowking-Galar, M|
|poke|p2|Skeledirge, M|
|poke|p2|Primarina, F|
|poke|p2|Decidueye-Hisui, F|
|teampreview
|
|t:|1743783461
|start
|switch|p1a: Disasterology|Landorus-Therian, M|100/100
|switch|p2a: Ting-Lu|Ting-Lu|100/100
|-ability|p1a: Disasterology|Intimidate|boost
|-unboost|p2a: Ting-Lu|atk|1
|-ability|p2a: Ting-Lu|Vessel of Ruin
|turn|1
|
|t:|1743783508
|switch|p1a: Red Glass|Zamazenta|100/100
|-ability|p1a: Red Glass|Dauntless Shield|boost
|-boost|p1a: Red Glass|def|1
|switch|p2a: Decidueye|Decidueye-Hisui, F, shiny|100/100
|
|upkeep
|turn|2
|inactive|Battle timer is ON: inactive players will automatically lose when time's up. (requested by Tulaf3rm)
|
|t:|1743783542
|move|p1a: Red Glass|Close Combat|p2a: Decidueye
|-damage|p2a: Decidueye|57/100
|-unboost|p1a: Red Glass|def|1
|-unboost|p1a: Red Glass|spd|1
|-damage|p1a: Red Glass|84/100|[from] item: Rocky Helmet|[of] p2a: Decidueye
|move|p2a: Decidueye|Grass Knot|p1a: Red Glass
|-damage|p1a: Red Glass|31/100
|
|upkeep
|turn|3
|
|t:|1743783555
|switch|p1a: Like That|Hoopa-Unbound|100/100
|move|p2a: Decidueye|Roost|p2a: Decidueye
|-heal|p2a: Decidueye|100/100
|-singleturn|p2a: Decidueye|move: Roost
|
|upkeep
|turn|4
|
|t:|1743783576
|switch|p2a: Ting-Lu|Ting-Lu|100/100
|-ability|p2a: Ting-Lu|Vessel of Ruin
|move|p1a: Like That|Psychic Noise|p2a: Ting-Lu
|-immune|p2a: Ting-Lu
|
|upkeep
|turn|5
|inactive|Pyramid Shcheme has 120 seconds left.
|
|t:|1743783599
|switch|p1a: Disasterology|Landorus-Therian, M|100/100
|-ability|p1a: Disasterology|Intimidate|boost
|-unboost|p2a: Ting-Lu|atk|1
|move|p2a: Ting-Lu|Earthquake|p1a: Disasterology
|-immune|p1a: Disasterology
|
|upkeep
|turn|6
|inactive|Pyramid Shcheme has 120 seconds left.
|
|t:|1743783613
|switch|p2a: Skarmory|Skarmory, F|100/100
|move|p1a: Disasterology|Stealth Rock|p2a: Skarmory
|-sidestart|p2: Tulaf3rm|move: Stealth Rock
|
|upkeep
|turn|7
|inactive|Pyramid Shcheme has 120 seconds left.
|
|t:|1743783636
|switch|p1a: Like That|Hoopa-Unbound|100/100
|move|p2a: Skarmory|Swords Dance|p2a: Skarmory
|-boost|p2a: Skarmory|atk|2
|
|upkeep
|turn|8
|
|t:|1743783646
|move|p2a: Skarmory|Brave Bird|p1a: Like That
|-crit|p1a: Like That
|-damage|p1a: Like That|0 fnt
|faint|p1a: Like That
|-damage|p2a: Skarmory|56/100|[from] Recoil
|
|-heal|p2a: Skarmory|62/100|[from] item: Leftovers
|upkeep
|
|t:|1743783668
|switch|p1a: From Zero|Dragapult, F|100/100
|turn|9
|
|t:|1743783679
|switch|p2a: Ting-Lu|Ting-Lu|100/100
|-damage|p2a: Ting-Lu|94/100|[from] Stealth Rock
|-ability|p2a: Ting-Lu|Vessel of Ruin
|move|p1a: From Zero|Will-O-Wisp|p2a: Ting-Lu
|-status|p2a: Ting-Lu|brn
|
|-damage|p2a: Ting-Lu|88/100 brn|[from] brn
|upkeep
|turn|10
|
|t:|1743783692
|move|p1a: From Zero|U-turn|p2a: Ting-Lu
|-supereffective|p2a: Ting-Lu
|-damage|p2a: Ting-Lu|68/100 brn
|inactive|Pyramid Shcheme has 90 seconds left.
|
|t:|1743783716
|switch|p1a: Chocolate Starfish|Corviknight, F|100/100|[from] U-turn
|-ability|p1a: Chocolate Starfish|Pressure
|move|p2a: Ting-Lu|Payback|p1a: Chocolate Starfish
|-damage|p1a: Chocolate Starfish|89/100
|-damage|p2a: Ting-Lu|52/100 brn|[from] item: Rocky Helmet|[of] p1a: Chocolate Starfish
|
|-damage|p2a: Ting-Lu|46/100 brn|[from] brn
|upkeep
|turn|11
|inactive|Pyramid Shcheme has 90 seconds left.
|
|t:|1743783734
|switch|p2a: Skeledirge|Skeledirge, M|100/100
|move|p1a: Chocolate Starfish|U-turn|p2a: Skeledirge
|-resisted|p2a: Skeledirge
|-damage|p2a: Skeledirge|97/100
|
|t:|1743783740
|switch|p1a: Disasterology|Landorus-Therian, M|100/100|[from] U-turn
|-ability|p1a: Disasterology|Intimidate|boost
|-unboost|p2a: Skeledirge|atk|1
|
|upkeep
|turn|12
|inactive|Pyramid Shcheme has 90 seconds left.
|
|t:|1743783757
|switch|p2a: Decidueye|Decidueye-Hisui, F, shiny|100/100
|-damage|p2a: Decidueye|94/100|[from] Stealth Rock
|move|p1a: Disasterology|Stone Edge|p2a: Decidueye
|-resisted|p2a: Decidueye
|-damage|p2a: Decidueye|80/100
|
|upkeep
|turn|13
|
|t:|1743783775
|switch|p1a: Chocolate Starfish|Corviknight, F|89/100
|-ability|p1a: Chocolate Starfish|Pressure
|move|p2a: Decidueye|Defog|p1a: Chocolate Starfish
|-unboost|p1a: Chocolate Starfish|evasion|1
|-sideend|p2: Tulaf3rm|Stealth Rock|[from] move: Defog|[of] p2a: Decidueye
|
|upkeep
|turn|14
|
|t:|1743783790
|switch|p2a: Skeledirge|Skeledirge, M|97/100
|move|p1a: Chocolate Starfish|Brave Bird|p2a: Skeledirge
|-damage|p2a: Skeledirge|68/100
|-damage|p1a: Chocolate Starfish|79/100|[from] Recoil
|
|upkeep
|turn|15
|
|t:|1743783806
|switch|p1a: Jaden Smith|Slowking-Galar, M|100/100
|move|p2a: Skeledirge|Torch Song|p1a: Jaden Smith
|-damage|p1a: Jaden Smith|83/100
|-boost|p2a: Skeledirge|spa|1
|
|upkeep
|turn|16
|
|t:|1743783821
|move|p2a: Skeledirge|Shadow Ball|p1a: Jaden Smith
|-supereffective|p1a: Jaden Smith
|-damage|p1a: Jaden Smith|26/100
|-prepare|p1a: Jaden Smith|Chilly Reception|[premajor]
|move|p1a: Jaden Smith|Chilly Reception|p1a: Jaden Smith
|-weather|Snowscape
|
|t:|1743783829
|switch|p1a: From Zero|Dragapult, F|100/100|[from] Chilly Reception
|
|-weather|Snowscape|[upkeep]
|upkeep
|turn|17
|
|t:|1743783855
|move|p1a: From Zero|Draco Meteor|p2a: Skeledirge
|-damage|p2a: Skeledirge|21/100
|-unboost|p1a: From Zero|spa|2
|move|p2a: Skeledirge|Shadow Ball|p1a: From Zero
|-supereffective|p1a: From Zero
|-damage|p1a: From Zero|0 fnt
|faint|p1a: From Zero
|
|-weather|Snowscape|[upkeep]
|upkeep
|inactive|Pyramid Shcheme has 60 seconds left.
|
|t:|1743783868
|switch|p1a: Disasterology|Landorus-Therian, M|100/100
|-ability|p1a: Disasterology|Intimidate|boost
|-unboost|p2a: Skeledirge|atk|1
|turn|18
|inactive|Pyramid Shcheme has 60 seconds left.
|
|t:|1743783882
|switch|p2a: Decidueye|Decidueye-Hisui, F, shiny|80/100
|move|p1a: Disasterology|Earthquake|p2a: Decidueye
|-resisted|p2a: Decidueye
|-damage|p2a: Decidueye|56/100
|
|-weather|Snowscape|[upkeep]
|upkeep
|turn|19
|inactive|Pyramid Shcheme has 60 seconds left.
|
|t:|1743783901
|move|p1a: Disasterology|Stealth Rock|p2a: Decidueye
|-sidestart|p2: Tulaf3rm|move: Stealth Rock
|move|p2a: Decidueye|Triple Arrows|p1a: Disasterology
|-resisted|p1a: Disasterology
|-crit|p1a: Disasterology
|-damage|p1a: Disasterology|72/100
|
|-weather|Snowscape|[upkeep]
|upkeep
|turn|20
|inactive|Pyramid Shcheme has 60 seconds left.
|
|t:|1743783921
|switch|p1a: Jaden Smith|Slowking-Galar, M|59/100
|move|p2a: Decidueye|Roost|p2a: Decidueye
|-heal|p2a: Decidueye|100/100
|-singleturn|p2a: Decidueye|move: Roost
|
|-weather|none
|upkeep
|turn|21
|
|t:|1743783931
|switch|p2a: Slowking|Slowking-Galar, M|100/100
|-damage|p2a: Slowking|88/100|[from] Stealth Rock
|switch|p1a: Red Glass|Zamazenta|31/100
|
|upkeep
|turn|22
|
|t:|1743783938
|move|p1a: Red Glass|Crunch|p2a: Slowking
|-supereffective|p2a: Slowking
|-damage|p2a: Slowking|37/100
|move|p2a: Slowking|Psyshock|p1a: Red Glass
|-supereffective|p1a: Red Glass
|-damage|p1a: Red Glass|0 fnt
|faint|p1a: Red Glass
|
|upkeep
|inactive|Pyramid Shcheme has 60 seconds left.
|
|t:|1743783944
|switch|p1a: Disasterology|Landorus-Therian, M|72/100
|-ability|p1a: Disasterology|Intimidate|boost
|-unboost|p2a: Slowking|atk|1
|turn|23
|
|t:|1743783954
|switch|p1a: Jaden Smith|Slowking-Galar, M|92/100
|switch|p2a: Decidueye|Decidueye-Hisui, F, shiny|100/100
|-damage|p2a: Decidueye|94/100|[from] Stealth Rock
|
|upkeep
|turn|24
|
|t:|1743783967
|move|p2a: Decidueye|Defog|p1a: Jaden Smith
|-unboost|p1a: Jaden Smith|evasion|1
|-sideend|p2: Tulaf3rm|Stealth Rock|[from] move: Defog|[of] p2a: Decidueye
|-prepare|p1a: Jaden Smith|Chilly Reception|[premajor]
|move|p1a: Jaden Smith|Chilly Reception|p1a: Jaden Smith
|-weather|Snowscape
|
|t:|1743783969
|switch|p1a: Chocolate Starfish|Corviknight, F|79/100|[from] Chilly Reception
|-ability|p1a: Chocolate Starfish|Pressure
|
|-weather|Snowscape|[upkeep]
|upkeep
|turn|25
|
|t:|1743783991
|switch|p2a: Slowking|Slowking-Galar, M|71/100
|move|p1a: Chocolate Starfish|Brave Bird|p2a: Slowking
|-damage|p2a: Slowking|31/100
|-damage|p1a: Chocolate Starfish|66/100|[from] Recoil
|
|-weather|Snowscape|[upkeep]
|upkeep
|turn|26
|
|t:|1743784003
|switch|p2a: Skarmory|Skarmory, F|62/100
|move|p1a: Chocolate Starfish|Brave Bird|p2a: Skarmory
|-resisted|p2a: Skarmory
|-damage|p2a: Skarmory|47/100
|-ability|p2a: Skarmory|Weak Armor|boost
|-unboost|p2a: Skarmory|def|1
|-boost|p2a: Skarmory|spe|2
|-damage|p1a: Chocolate Starfish|63/100|[from] Recoil
|
|-weather|Snowscape|[upkeep]
|-heal|p2a: Skarmory|53/100|[from] item: Leftovers
|upkeep
|turn|27
|inactive|Tulaf3rm has 120 seconds left.
|
|t:|1743784023
|move|p2a: Skarmory|Swords Dance|p2a: Skarmory
|-boost|p2a: Skarmory|atk|2
|move|p1a: Chocolate Starfish|Roost|p1a: Chocolate Starfish
|-heal|p1a: Chocolate Starfish|100/100
|-singleturn|p1a: Chocolate Starfish|move: Roost
|
|-weather|Snowscape|[upkeep]
|-heal|p2a: Skarmory|58/100|[from] item: Leftovers
|upkeep
|turn|28
|inactive|Pyramid Shcheme has 90 seconds left.
|
|t:|1743784033
|move|p2a: Skarmory|Swords Dance|p2a: Skarmory
|-boost|p2a: Skarmory|atk|2
|move|p1a: Chocolate Starfish|U-turn|p2a: Skarmory
|-resisted|p2a: Skarmory
|-damage|p2a: Skarmory|53/100
|-ability|p2a: Skarmory|Weak Armor|boost
|-unboost|p2a: Skarmory|def|1
|-boost|p2a: Skarmory|spe|2
|inactive|Pyramid Shcheme has 90 seconds left.
|
|t:|1743784045
|switch|p1a: Disasterology|Landorus-Therian, M|72/100|[from] U-turn
|-ability|p1a: Disasterology|Intimidate|boost
|-unboost|p2a: Skarmory|atk|1
|
|-weather|none
|-heal|p2a: Skarmory|59/100|[from] item: Leftovers
|upkeep
|turn|29
|
|t:|1743784050
|move|p2a: Skarmory|Brave Bird|p1a: Disasterology
|-damage|p1a: Disasterology|0 fnt
|faint|p1a: Disasterology
|-damage|p2a: Skarmory|31/100|[from] Recoil
|
|-heal|p2a: Skarmory|37/100|[from] item: Leftovers
|upkeep
|-message|Pyramid Shcheme forfeited.
|
|win|Tulaf3rm
|raw|Pyramid Shcheme's rating: 1255 &rarr; <strong>1229</strong><br />(-26 for losing)
|raw|Tulaf3rm's rating: 1247 &rarr; <strong>1273</strong><br />(+26 for winning)
|l|☆Pyramid Shcheme
|player|p1|
