|j|☆Michky11
|j|☆Khari
|t:|1743864923
|gametype|singles
|player|p1|Michky11|1|1503
|player|p2|Khari|miku-ground|1520
|teamsize|p1|6
|teamsize|p2|6
|gen|9
|tier|[Gen 9] OU
|rated|
|rule|HP Percentage Mod: HP is shown in percentages
|rule|Endless Battle Clause: Forcing endless battles is banned
|rule|Species Clause: Limit one of each Pokémon
|rule|OHKO Clause: OHKO moves are banned
|rule|Evasion Items Clause: Evasion items are banned
|rule|Evasion Moves Clause: Evasion moves are banned
|rule|Sleep Moves Clause: Sleep-inducing moves are banned
|clearpoke
|poke|p1|Iron Valiant|
|poke|p1|Samurott-Hisui, F|
|poke|p1|Dragonite, M|
|poke|p1|Pecharunt|
|poke|p1|Great Tusk|
|poke|p1|Kingambit, F|
|poke|p2|Blaziken, F|
|poke|p2|Corviknight, F|
|poke|p2|Kyurem|
|poke|p2|Great Tusk|
|poke|p2|Iron Valiant|
|poke|p2|Araquanid, F|
|teampreview
|inactive|Battle timer is ON: inactive players will automatically lose when time's up. (requested by Khari)
|
|t:|1743864929
|start
|switch|p1a: Akane|Samurott-Hisui, F|100/100
|switch|p2a: Araquanid|Araquanid, F|100/100
|turn|1
|
|t:|1743864934
|move|p1a: Akane|Ceaseless Edge|p2a: Araquanid
|-damage|p2a: Araquanid|55/100
|-sidestart|p2: Khari|Spikes
|move|p2a: Araquanid|Leech Life|p1a: Akane
|-supereffective|p1a: Akane
|-damage|p1a: Akane|16/100
|-heal|p2a: Araquanid|95/100|[from] drain|[of] p1a: Akane
|
|upkeep
|turn|2
|
|t:|1743864943
|switch|p2a: Corviknight|Corviknight, F|100/100
|-ability|p2a: Corviknight|Pressure
|move|p1a: Akane|Encore||[still]
|-fail|p1a: Akane
|
|upkeep
|turn|3
|
|t:|1743864954
|switch|p1a: Kana|Great Tusk|100/100
|move|p2a: Corviknight|U-turn|p1a: Kana
|-resisted|p1a: Kana
|-damage|p1a: Kana|96/100
|-damage|p2a: Corviknight|84/100|[from] item: Rocky Helmet|[of] p1a: Kana
|
|t:|1743864957
|switch|p2a: Araquanid|Araquanid, F|95/100|[from] U-turn
|-damage|p2a: Araquanid|83/100|[from] Spikes
|
|upkeep
|turn|4
|
|t:|1743864959
|move|p1a: Kana|Stealth Rock|p2a: Araquanid
|-sidestart|p2: Khari|move: Stealth Rock
|move|p2a: Araquanid|Hydro Pump|p1a: Kana
|-supereffective|p1a: Kana
|-damage|p1a: Kana|0 fnt
|faint|p1a: Kana
|-end|p1a: Kana|Protosynthesis|[silent]
|
|upkeep
|
|t:|1743864966
|switch|p1a: Ruby|Iron Valiant|100/100
|turn|5
|inactive|Michky11 has 120 seconds left.
|
|t:|1743865025
|move|p1a: Ruby|Moonblast|p2a: Araquanid
|-damage|p2a: Araquanid|30/100
|move|p2a: Araquanid|Hydro Pump|p1a: Ruby|[miss]
|-miss|p2a: Araquanid|p1a: Ruby
|
|upkeep
|turn|6
|
|t:|1743865029
|move|p1a: Ruby|Moonblast|p2a: Araquanid
|-damage|p2a: Araquanid|0 fnt
|faint|p2a: Araquanid
|
|upkeep
|
|t:|1743865035
|switch|p2a: Corviknight|Corviknight, F|84/100
|-damage|p2a: Corviknight|72/100|[from] Stealth Rock
|-ability|p2a: Corviknight|Pressure
|turn|7
|
|t:|1743865040
|-end|p1a: Ruby|Quark Drive|[silent]
|switch|p1a: Akane|Samurott-Hisui, F|16/100
|move|p2a: Corviknight|Defog|p1a: Akane
|-unboost|p1a: Akane|evasion|1
|-sideend|p2: Khari|Spikes|[from] move: Defog|[of] p2a: Corviknight
|-sideend|p2: Khari|Stealth Rock|[from] move: Defog|[of] p2a: Corviknight
|
|upkeep
|turn|8
|
|t:|1743865046
|move|p1a: Akane|Ceaseless Edge|p2a: Corviknight
|-damage|p2a: Corviknight|44/100
|-damage|p1a: Akane|0 fnt|[from] item: Rocky Helmet|[of] p2a: Corviknight
|faint|p1a: Akane
|move|p2a: Corviknight|Brave Bird|p1: Akane|[notarget]
|-fail|p2a: Corviknight
|
|upkeep
|
|t:|1743865049
|switch|p1a: Ruby|Iron Valiant|100/100
|turn|9
|
|t:|1743865062
|move|p1a: Ruby|Shadow Ball|p2a: Corviknight
|-damage|p2a: Corviknight|8/100
|move|p2a: Corviknight|Roost|p2a: Corviknight
|-heal|p2a: Corviknight|58/100
|-singleturn|p2a: Corviknight|move: Roost
|
|upkeep
|turn|10
|
|t:|1743865068
|-end|p1a: Ruby|Quark Drive|[silent]
|switch|p1a: Melt|Pecharunt|100/100
|move|p2a: Corviknight|Roost|p2a: Corviknight
|-heal|p2a: Corviknight|100/100
|-singleturn|p2a: Corviknight|move: Roost
|
|upkeep
|turn|11
|
|t:|1743865070
|move|p1a: Melt|Parting Shot|p2a: Corviknight
|-unboost|p2a: Corviknight|atk|1
|-unboost|p2a: Corviknight|spa|1
|
|t:|1743865073
|switch|p1a: Ai|Kingambit, F|100/100|[from] Parting Shot
|-activate|p1a: Ai|ability: Supreme Overlord
|-start|p1a: Ai|fallen2|[silent]
|move|p2a: Corviknight|U-turn|p1a: Ai
|-damage|p1a: Ai|94/100
|
|t:|1743865076
|switch|p2a: joltee|Blaziken, F|100/100|[from] U-turn
|-item|p2a: joltee|Air Balloon
|
|-heal|p1a: Ai|99/100|[from] item: Leftovers
|upkeep
|turn|12
|
|t:|1743865081
|move|p2a: joltee|Close Combat|p1a: Ai
|-supereffective|p1a: Ai
|-damage|p1a: Ai|0 fnt
|-unboost|p2a: joltee|def|1
|-unboost|p2a: joltee|spd|1
|faint|p1a: Ai
|-end|p1a: Ai|fallen2|[silent]
|
|-ability|p2a: joltee|Speed Boost|boost
|-boost|p2a: joltee|spe|1
|upkeep
|
|t:|1743865084
|switch|p1a: Ruby|Iron Valiant|100/100
|turn|13
|
|t:|1743865093
|switch|p2a: Corviknight|Corviknight, F|100/100
|-ability|p2a: Corviknight|Pressure
|move|p1a: Ruby|Moonblast|p2a: Corviknight
|-resisted|p2a: Corviknight
|-damage|p2a: Corviknight|64/100
|
|upkeep
|turn|14
|
|t:|1743865099
|-end|p1a: Ruby|Quark Drive|[silent]
|switch|p1a: Melt|Pecharunt|100/100
|move|p2a: Corviknight|Brave Bird|p1a: Melt
|-crit|p1a: Melt
|-damage|p1a: Melt|65/100
|-damage|p2a: Corviknight|53/100|[from] Recoil
|
|upkeep
|turn|15
|
|t:|1743865102
|move|p1a: Melt|Parting Shot|p2a: Corviknight
|-unboost|p2a: Corviknight|atk|1
|-unboost|p2a: Corviknight|spa|1
|
|t:|1743865104
|switch|p1a: Ruby|Iron Valiant|100/100|[from] Parting Shot
|move|p2a: Corviknight|Roost|p2a: Corviknight
|-heal|p2a: Corviknight|100/100
|-singleturn|p2a: Corviknight|move: Roost
|
|upkeep
|turn|16
|
|t:|1743865107
|-terastallize|p1a: Ruby|Ghost
|move|p1a: Ruby|Shadow Ball|p2a: Corviknight
|-damage|p2a: Corviknight|40/100
|move|p2a: Corviknight|U-turn|p1a: Ruby
|-resisted|p1a: Ruby
|-damage|p1a: Ruby|94/100
|
|t:|1743865114
|switch|p2a: Kyurem|Kyurem|100/100|[from] U-turn
|-ability|p2a: Kyurem|Pressure
|
|upkeep
|turn|17
|
|t:|1743865119
|move|p1a: Ruby|Shadow Ball|p2a: Kyurem
|-damage|p2a: Kyurem|48/100
|move|p2a: Kyurem|Ice Beam|p1a: Ruby
|-damage|p1a: Ruby|0 fnt
|faint|p1a: Ruby
|-end|p1a: Ruby|Quark Drive|[silent]
|
|upkeep
|
|t:|1743865121
|switch|p1a: Aqua|Dragonite, M|100/100
|turn|18
|
|t:|1743865123
|move|p2a: Kyurem|Ice Beam|p1a: Aqua
|-supereffective|p1a: Aqua
|-damage|p1a: Aqua|0 fnt
|faint|p1a: Aqua
|
|upkeep
|-message|Michky11 forfeited.
|
|win|Khari
|raw|Michky11's rating: 1503 &rarr; <strong>1484</strong><br />(-19 for losing)
|raw|Khari's rating: 1520 &rarr; <strong>1539</strong><br />(+19 for winning)
|l|☆Michky11
|player|p1|
|l|☆Khari
|player|p2|
