|j|☆Xephelix
|j|☆Markknight05
|t:|1743831689
|gametype|singles
|player|p1|Xephelix|janitor|1140
|player|p2|Markknight05|2|1085
|teamsize|p1|6
|teamsize|p2|6
|gen|9
|tier|[Gen 9] OU
|rated|
|rule|HP Percentage Mod: HP is shown in percentages
|rule|Endless Battle Clause: Forcing endless battles is banned
|rule|Species Clause: Limit one of each Pokémon
|rule|OHKO Clause: OHKO moves are banned
|rule|Evasion Items Clause: Evasion items are banned
|rule|Evasion Moves Clause: Evasion moves are banned
|rule|Sleep Moves Clause: Sleep-inducing moves are banned
|clearpoke
|poke|p1|Glimmora, F|
|poke|p1|Kingambit, F|
|poke|p1|Serperior, F|
|poke|p1|Gholdengo|
|poke|p1|Zapdos-Galar|
|poke|p1|Dragonite, F|
|poke|p2|Lapras, F|
|poke|p2|Pelipper, F|
|poke|p2|Bellibolt, M|
|poke|p2|Kommo-o, M|
|poke|p2|Grimmsnarl, M|
|poke|p2|Scizor, M|
|teampreview
|
|t:|1743831702
|start
|switch|p1a: Glimmora|Glimmora, F|100/100
|switch|p2a: Pelipper|Pelipper, F|100/100
|-weather|RainDance|[from] ability: Drizzle|[of] p2a: Pelipper
|turn|1
|inactive|Battle timer is ON: inactive players will automatically lose when time's up. (requested by Markknight05)
|c|☆Xephelix|is there something going on with lapras? You're like the 4th one I've seen tonight lol
|
|t:|1743831722
|switch|p2a: Lapras|Lapras, F|100/100
|move|p1a: Glimmora|Mortal Spin|p2a: Lapras
|-damage|p2a: Lapras|95/100
|-status|p2a: Lapras|psn
|
|-weather|RainDance|[upkeep]
|-activate|p2a: Lapras|ability: Hydration
|-curestatus|p2a: Lapras|psn|[msg]
|upkeep
|turn|2
|
|t:|1743831740
|move|p1a: Glimmora|Stealth Rock|p2a: Lapras
|-sidestart|p2: Markknight05|move: Stealth Rock
|move|p2a: Lapras|Surf|p1a: Glimmora
|-supereffective|p1a: Glimmora
|-enditem|p1a: Glimmora|Focus Sash
|-damage|p1a: Glimmora|1/100
|
|-weather|RainDance|[upkeep]
|upkeep
|turn|3
|
|t:|1743831749
|move|p1a: Glimmora|Power Gem|p2a: Lapras
|-supereffective|p2a: Lapras
|-damage|p2a: Lapras|36/100
|-enditem|p2a: Lapras|Weakness Policy
|-boost|p2a: Lapras|atk|2|[from] item: Weakness Policy
|-boost|p2a: Lapras|spa|2|[from] item: Weakness Policy
|move|p2a: Lapras|Freeze-Dry|p1a: Glimmora
|-crit|p1a: Glimmora
|-damage|p1a: Glimmora|0 fnt
|faint|p1a: Glimmora
|
|-weather|RainDance|[upkeep]
|upkeep
|
|t:|1743831769
|switch|p1a: Gholdengo|Gholdengo|100/100
|turn|4
|
|t:|1743831774
|-terastallize|p2a: Lapras|Dragon
|move|p1a: Gholdengo|Make It Rain|p2a: Lapras
|-damage|p2a: Lapras|0 fnt
|-unboost|p1a: Gholdengo|spa|1
|faint|p2a: Lapras
|
|-weather|RainDance|[upkeep]
|upkeep
|
|t:|1743831786
|switch|p2a: Kommo-o|Kommo-o, M|100/100
|-damage|p2a: Kommo-o|94/100|[from] Stealth Rock
|turn|5
|
|t:|1743831801
|switch|p1a: Serperior|Serperior, F|100/100
|move|p2a: Kommo-o|Clangorous Soul|p2a: Kommo-o
|-boost|p2a: Kommo-o|atk|1
|-boost|p2a: Kommo-o|def|1
|-boost|p2a: Kommo-o|spa|1
|-boost|p2a: Kommo-o|spd|1
|-boost|p2a: Kommo-o|spe|1
|-damage|p2a: Kommo-o|62/100
|
|-weather|RainDance|[upkeep]
|upkeep
|turn|6
|
|t:|1743831818
|move|p2a: Kommo-o|Drain Punch|p1a: Serperior
|-damage|p1a: Serperior|48/100
|-heal|p2a: Kommo-o|83/100|[from] drain|[of] p1a: Serperior
|move|p1a: Serperior|Glare|p2a: Kommo-o
|-status|p2a: Kommo-o|par
|
|-weather|RainDance|[upkeep]
|-heal|p1a: Serperior|54/100|[from] item: Leftovers
|upkeep
|turn|7
|
|t:|1743831832
|move|p1a: Serperior|Leaf Storm|p2a: Kommo-o
|-resisted|p2a: Kommo-o
|-damage|p2a: Kommo-o|68/100 par
|-boost|p1a: Serperior|spa|2
|move|p2a: Kommo-o|Throat Chop|p1a: Serperior
|-damage|p1a: Serperior|18/100
|-start|p1a: Serperior|Throat Chop|[silent]
|
|-weather|RainDance|[upkeep]
|-heal|p1a: Serperior|24/100|[from] item: Leftovers
|upkeep
|turn|8
|
|t:|1743831845
|move|p1a: Serperior|Dragon Pulse|p2a: Kommo-o
|-supereffective|p2a: Kommo-o
|-damage|p2a: Kommo-o|13/100 par
|-enditem|p2a: Kommo-o|Sitrus Berry|[eat]
|-heal|p2a: Kommo-o|38/100 par|[from] item: Sitrus Berry
|move|p2a: Kommo-o|Drain Punch|p1a: Serperior
|-damage|p1a: Serperior|0 fnt
|-heal|p2a: Kommo-o|47/100 par|[from] drain|[of] p1a: Serperior
|faint|p1a: Serperior
|
|-weather|none
|upkeep
|
|t:|1743831854
|switch|p1a: Zapdos|Zapdos-Galar|100/100
|turn|9
|
|t:|1743831873
|switch|p2a: Bellibolt|Bellibolt, M|100/100
|-damage|p2a: Bellibolt|88/100|[from] Stealth Rock
|move|p1a: Zapdos|Brave Bird|p2a: Bellibolt
|-resisted|p2a: Bellibolt
|-damage|p2a: Bellibolt|63/100
|-start|p2a: Bellibolt|Charge|Brave Bird|[from] ability: Electromorphosis
|-damage|p1a: Zapdos|90/100|[from] Recoil
|
|-heal|p1a: Zapdos|96/100|[from] item: Leftovers
|upkeep
|turn|10
|
|t:|1743831896
|move|p1a: Zapdos|Thunderous Kick|p2a: Bellibolt
|-damage|p2a: Bellibolt|23/100
|-unboost|p2a: Bellibolt|def|1
|-start|p2a: Bellibolt|Charge|Thunderous Kick|[from] ability: Electromorphosis
|move|p2a: Bellibolt|Volt Switch|p1a: Zapdos
|-supereffective|p1a: Zapdos
|-damage|p1a: Zapdos|0 fnt
|faint|p1a: Zapdos
|-end|p2a: Bellibolt|Charge|[silent]
|inactive|Markknight05 has 120 seconds left.
|
|t:|1743831916
|switch|p2a: Scizor|Scizor, M|100/100|[from] Volt Switch
|
|upkeep
|
|t:|1743831925
|switch|p1a: Gholdengo|Gholdengo|100/100
|turn|11
|
|t:|1743831930
|move|p1a: Gholdengo|Trick|p2a: Scizor
|-activate|p1a: Gholdengo|move: Trick|[of] p2a: Scizor
|-item|p2a: Scizor|Choice Scarf|[from] move: Trick
|-item|p1a: Gholdengo|Heavy-Duty Boots|[from] move: Trick
|move|p2a: Scizor|Knock Off|p1a: Gholdengo
|-supereffective|p1a: Gholdengo
|-damage|p1a: Gholdengo|27/100
|-enditem|p1a: Gholdengo|Heavy-Duty Boots|[from] move: Knock Off|[of] p2a: Scizor
|
|upkeep
|turn|12
|
|t:|1743831946
|switch|p2a: Grimmsnarl|Grimmsnarl, M|100/100
|-damage|p2a: Grimmsnarl|88/100|[from] Stealth Rock
|move|p1a: Gholdengo|Shadow Ball|p2a: Grimmsnarl
|-resisted|p2a: Grimmsnarl
|-damage|p2a: Grimmsnarl|63/100
|
|upkeep
|turn|13
|
|t:|1743831960
|move|p2a: Grimmsnarl|Parting Shot|p1a: Gholdengo
|-immune|p1a: Gholdengo|[from] ability: Good as Gold
|move|p1a: Gholdengo|Make It Rain|p2a: Grimmsnarl
|-supereffective|p2a: Grimmsnarl
|-damage|p2a: Grimmsnarl|0 fnt
|-unboost|p1a: Gholdengo|spa|1
|faint|p2a: Grimmsnarl
|
|upkeep
|inactive|Markknight05 has 120 seconds left.
|
|t:|1743831975
|switch|p2a: Kommo-o|Kommo-o, M|47/100 par
|-damage|p2a: Kommo-o|41/100 par|[from] Stealth Rock
|turn|14
|
|t:|1743831983
|move|p1a: Gholdengo|Shadow Ball|p2a: Kommo-o
|-immune|p2a: Kommo-o|[from] ability: Bulletproof
|move|p2a: Kommo-o|Drain Punch|p1a: Gholdengo
|-immune|p1a: Gholdengo
|
|upkeep
|turn|15
|
|t:|1743831991
|move|p1a: Gholdengo|Make It Rain|p2a: Kommo-o
|-damage|p2a: Kommo-o|0 fnt
|-unboost|p1a: Gholdengo|spa|1
|faint|p2a: Kommo-o
|
|upkeep
|inactive|Markknight05 has 120 seconds left.
|
|t:|1743832009
|switch|p2a: Scizor|Scizor, M|100/100
|-damage|p2a: Scizor|88/100|[from] Stealth Rock
|turn|16
|
|t:|1743832028
|switch|p1a: Kingambit|Kingambit, F|100/100
|-activate|p1a: Kingambit|ability: Supreme Overlord
|-start|p1a: Kingambit|fallen3|[silent]
|move|p2a: Scizor|Defog|p1a: Kingambit
|-unboost|p1a: Kingambit|evasion|1
|-sideend|p2: Markknight05|Stealth Rock|[from] move: Defog|[of] p2a: Scizor
|
|upkeep
|turn|17
|
|t:|1743832039
|switch|p2a: Pelipper|Pelipper, F|100/100
|-weather|RainDance|[from] ability: Drizzle|[of] p2a: Pelipper
|move|p1a: Kingambit|Swords Dance|p1a: Kingambit
|-boost|p1a: Kingambit|atk|2
|
|-weather|RainDance|[upkeep]
|upkeep
|turn|18
|
|t:|1743832050
|move|p1a: Kingambit|Sucker Punch|p2a: Pelipper
|-damage|p2a: Pelipper|14/100
|move|p2a: Pelipper|Hurricane|p1a: Kingambit
|-resisted|p1a: Kingambit
|-crit|p1a: Kingambit
|-damage|p1a: Kingambit|66/100
|
|-weather|RainDance|[upkeep]
|-heal|p1a: Kingambit|72/100|[from] item: Leftovers
|upkeep
|turn|19
|
|t:|1743832060
|move|p1a: Kingambit|Kowtow Cleave|p2a: Pelipper
|-damage|p2a: Pelipper|0 fnt
|faint|p2a: Pelipper
|
|-weather|RainDance|[upkeep]
|-heal|p1a: Kingambit|79/100|[from] item: Leftovers
|upkeep
|
|t:|1743832069
|switch|p2a: Scizor|Scizor, M|88/100
|turn|20
|
|t:|1743832078
|move|p1a: Kingambit|Kowtow Cleave|p2a: Scizor
|-crit|p2a: Scizor
|-damage|p2a: Scizor|0 fnt
|faint|p2a: Scizor
|
|-weather|RainDance|[upkeep]
|-heal|p1a: Kingambit|85/100|[from] item: Leftovers
|upkeep
|-message|Markknight05 forfeited.
|
|win|Xephelix
|raw|Xephelix's rating: 1140 &rarr; <strong>1161</strong><br />(+21 for winning)
|raw|Markknight05's rating: 1085 &rarr; <strong>1066</strong><br />(-19 for losing)
|l|☆Markknight05
|player|p2|
|l|☆Xephelix
|player|p1|
