|j|☆Dmitrio
|j|☆phevans1
|t:|1743825476
|gametype|singles
|player|p1|Dmitrio|worker|1248
|player|p2|phevans1|169|1286
|teamsize|p1|6
|teamsize|p2|6
|gen|9
|tier|[Gen 9] OU
|rated|
|rule|HP Percentage Mod: HP is shown in percentages
|rule|Endless Battle Clause: Forcing endless battles is banned
|rule|Species Clause: Limit one of each Pokémon
|rule|OHKO Clause: OHKO moves are banned
|rule|Evasion Items Clause: Evasion items are banned
|rule|Evasion Moves Clause: Evasion moves are banned
|rule|Sleep Moves Clause: Sleep-inducing moves are banned
|clearpoke
|poke|p1|Iron Valiant|
|poke|p1|Gliscor, M|
|poke|p1|Rhyperior, F|
|poke|p1|Revavroom, F|
|poke|p1|Wo-Chien|
|poke|p1|Farigiraf, M|
|poke|p2|Samurott-Hisui, M|
|poke|p2|Dragonite, F|
|poke|p2|Weavile, M|
|poke|p2|Pecharunt|
|poke|p2|Great Tusk|
|poke|p2|Kingambit, M|
|teampreview
|inactive|Battle timer is ON: inactive players will automatically lose when time's up. (requested by Dmitrio)
|inactive|Dmitrio has 120 seconds left.
|
|t:|1743825516
|start
|switch|p1a: Wo-Chien|Wo-Chien|100/100
|switch|p2a: Samurott|Samurott-Hisui, M|100/100
|-ability|p1a: Wo-Chien|Tablets of Ruin
|turn|1
|
|t:|1743825534
|move|p2a: Samurott|Ceaseless Edge|p1a: Wo-Chien
|-resisted|p1a: Wo-Chien
|-damage|p1a: Wo-Chien|90/100
|-sidestart|p1: Dmitrio|Spikes
|move|p1a: Wo-Chien|Leech Seed|p2a: Samurott
|-start|p2a: Samurott|move: Leech Seed
|
|-heal|p1a: Wo-Chien|96/100|[from] item: Leftovers
|-damage|p2a: Samurott|88/100|[from] Leech Seed|[of] p1a: Wo-Chien
|-heal|p1a: Wo-Chien|100/100|[silent]
|upkeep
|turn|2
|
|t:|1743825553
|switch|p1a: Iron Valiant|Iron Valiant|100/100
|-damage|p1a: Iron Valiant|88/100|[from] Spikes
|-enditem|p1a: Iron Valiant|Booster Energy
|-activate|p1a: Iron Valiant|ability: Quark Drive|[fromitem]
|-start|p1a: Iron Valiant|quarkdrivespe
|move|p2a: Samurott|Ceaseless Edge|p1a: Iron Valiant
|-resisted|p1a: Iron Valiant
|-damage|p1a: Iron Valiant|72/100
|-sidestart|p1: Dmitrio|Spikes
|
|-damage|p2a: Samurott|76/100|[from] Leech Seed|[of] p1a: Iron Valiant
|-heal|p1a: Iron Valiant|86/100|[silent]
|upkeep
|turn|3
|
|t:|1743825583
|switch|p2a: Pecharunt|Pecharunt|100/100
|-item|p2a: Pecharunt|Air Balloon
|move|p1a: Iron Valiant|Close Combat|p2a: Pecharunt
|-immune|p2a: Pecharunt
|
|upkeep
|turn|4
|inactive|Dmitrio has 120 seconds left.
|
|t:|1743825617
|move|p1a: Iron Valiant|Knock Off|p2a: Pecharunt
|-supereffective|p2a: Pecharunt
|-damage|p2a: Pecharunt|54/100
|-enditem|p2a: Pecharunt|Air Balloon
|move|p2a: Pecharunt|Malignant Chain|p1a: Iron Valiant
|-supereffective|p1a: Iron Valiant
|-damage|p1a: Iron Valiant|0 fnt
|faint|p1a: Iron Valiant
|-end|p1a: Iron Valiant|Quark Drive|[silent]
|
|upkeep
|inactive|Dmitrio has 90 seconds left.
|
|t:|1743825653
|switch|p1a: Gliscor|Gliscor, M|100/100
|turn|5
|
|t:|1743825671
|switch|p2a: Samurott|Samurott-Hisui, M|76/100
|move|p1a: Gliscor|Protect||[still]
|-fail|p1a: Gliscor
|
|-status|p1a: Gliscor|tox|[from] item: Toxic Orb
|upkeep
|turn|6
|
|t:|1743825693
|move|p2a: Samurott|Ceaseless Edge|p1a: Gliscor
|-damage|p1a: Gliscor|63/100 tox
|-sidestart|p1: Dmitrio|Spikes
|move|p1a: Gliscor|Toxic|p2a: Samurott
|-status|p2a: Samurott|tox
|
|-damage|p2a: Samurott|69/100 tox|[from] psn
|-heal|p1a: Gliscor|75/100 tox|[from] ability: Poison Heal
|upkeep
|turn|7
|
|t:|1743825702
|move|p1a: Gliscor|Protect|p1a: Gliscor
|-singleturn|p1a: Gliscor|Protect
|move|p2a: Samurott|Razor Shell|p1a: Gliscor
|-activate|p1a: Gliscor|move: Protect
|
|-damage|p2a: Samurott|57/100 tox|[from] psn
|-heal|p1a: Gliscor|88/100 tox|[from] ability: Poison Heal
|upkeep
|turn|8
|
|t:|1743825720
|switch|p1a: Wo-Chien|Wo-Chien|100/100
|-damage|p1a: Wo-Chien|76/100|[from] Spikes
|-ability|p1a: Wo-Chien|Tablets of Ruin
|move|p2a: Samurott|Razor Shell|p1a: Wo-Chien
|-resisted|p1a: Wo-Chien
|-damage|p1a: Wo-Chien|64/100
|
|-heal|p1a: Wo-Chien|70/100|[from] item: Leftovers
|-damage|p2a: Samurott|38/100 tox|[from] psn
|upkeep
|turn|9
|
|t:|1743825732
|move|p2a: Samurott|Knock Off|p1a: Wo-Chien
|-resisted|p1a: Wo-Chien
|-damage|p1a: Wo-Chien|58/100
|-enditem|p1a: Wo-Chien|Leftovers|[from] move: Knock Off|[of] p2a: Samurott
|move|p1a: Wo-Chien|Leech Seed|p2a: Samurott
|-start|p2a: Samurott|move: Leech Seed
|
|-damage|p2a: Samurott|26/100 tox|[from] Leech Seed|[of] p1a: Wo-Chien
|-heal|p1a: Wo-Chien|69/100|[silent]
|-damage|p2a: Samurott|1/100 tox|[from] psn
|upkeep
|turn|10
|
|t:|1743825741
|move|p1a: Wo-Chien|Protect|p1a: Wo-Chien
|-singleturn|p1a: Wo-Chien|Protect
|move|p2a: Samurott|Razor Shell|p1a: Wo-Chien
|-activate|p1a: Wo-Chien|move: Protect
|
|-damage|p2a: Samurott|0 fnt|[from] Leech Seed|[of] p1a: Wo-Chien
|-heal|p1a: Wo-Chien|69/100|[silent]
|faint|p2a: Samurott
|upkeep
|
|t:|1743825749
|switch|p2a: Dragonite|Dragonite, F|100/100
|turn|11
|inactive|Dmitrio has 90 seconds left.
|
|t:|1743825755
|-terastallize|p2a: Dragonite|Flying
|move|p2a: Dragonite|Tera Blast|p1a: Wo-Chien|[anim] Tera Blast Flying
|-supereffective|p1a: Wo-Chien
|-damage|p1a: Wo-Chien|0 fnt
|faint|p1a: Wo-Chien
|
|upkeep
|inactive|Dmitrio has 90 seconds left.
|
|t:|1743825770
|switch|p1a: Rhyperior|Rhyperior, F|100/100
|-damage|p1a: Rhyperior|76/100|[from] Spikes
|turn|12
|inactive|Dmitrio has 90 seconds left.
|
|t:|1743825784
|switch|p2a: Pecharunt|Pecharunt|54/100
|move|p1a: Rhyperior|Stone Edge|p2a: Pecharunt
|-damage|p2a: Pecharunt|18/100
|
|-heal|p1a: Rhyperior|82/100|[from] item: Leftovers
|upkeep
|turn|13
|inactive|Dmitrio has 90 seconds left.
|
|t:|1743825799
|move|p2a: Pecharunt|Malignant Chain|p1a: Rhyperior
|-resisted|p1a: Rhyperior
|-damage|p1a: Rhyperior|72/100
|move|p1a: Rhyperior|Earthquake|p2a: Pecharunt
|-supereffective|p2a: Pecharunt
|-damage|p2a: Pecharunt|0 fnt
|faint|p2a: Pecharunt
|
|-heal|p1a: Rhyperior|78/100|[from] item: Leftovers
|upkeep
|
|t:|1743825815
|switch|p2a: Great Tusk|Great Tusk|100/100
|-enditem|p2a: Great Tusk|Booster Energy
|-activate|p2a: Great Tusk|ability: Protosynthesis|[fromitem]
|-start|p2a: Great Tusk|protosynthesisatk
|turn|14
|inactive|Dmitrio has 90 seconds left.
|
|t:|1743825836
|switch|p1a: Gliscor|Gliscor, M|88/100 tox
|move|p2a: Great Tusk|Close Combat|p1a: Gliscor
|-resisted|p1a: Gliscor
|-damage|p1a: Gliscor|55/100 tox
|-unboost|p2a: Great Tusk|def|1
|-unboost|p2a: Great Tusk|spd|1
|
|-heal|p1a: Gliscor|68/100 tox|[from] ability: Poison Heal
|upkeep
|turn|15
|
|t:|1743825860
|move|p1a: Gliscor|Protect|p1a: Gliscor
|-singleturn|p1a: Gliscor|Protect
|move|p2a: Great Tusk|Ice Spinner|p1a: Gliscor
|-activate|p1a: Gliscor|move: Protect
|
|-heal|p1a: Gliscor|80/100 tox|[from] ability: Poison Heal
|upkeep
|turn|16
|inactive|Dmitrio has 60 seconds left.
|
|t:|1743825882
|switch|p1a: Farigiraf|Farigiraf, M|100/100
|-damage|p1a: Farigiraf|76/100|[from] Spikes
|move|p2a: Great Tusk|Ice Spinner|p1a: Farigiraf
|-damage|p1a: Farigiraf|31/100
|
|-heal|p1a: Farigiraf|37/100|[from] item: Leftovers
|upkeep
|turn|17
|inactive|phevans1 has 120 seconds left.
|inactive|phevans1 has 90 seconds left.
|
|t:|1743825957
|move|p2a: Great Tusk|Rapid Spin|p1a: Farigiraf
|-damage|p1a: Farigiraf|9/100
|-boost|p2a: Great Tusk|spe|1
|move|p1a: Farigiraf|Psyshock|p2a: Great Tusk
|-supereffective|p2a: Great Tusk
|-damage|p2a: Great Tusk|13/100
|
|-heal|p1a: Farigiraf|15/100|[from] item: Leftovers
|upkeep
|turn|18
|
|t:|1743825968
|move|p2a: Great Tusk|Rapid Spin|p1a: Farigiraf
|-damage|p1a: Farigiraf|0 fnt
|-boost|p2a: Great Tusk|spe|1
|faint|p1a: Farigiraf
|
|upkeep
|inactive|Dmitrio has 60 seconds left.
|
|t:|1743825988
|switch|p1a: Gliscor|Gliscor, M|80/100 tox
|turn|19
|inactive|Dmitrio has 60 seconds left.
|inactive|phevans1 has 90 seconds left.
|
|t:|1743826006
|-terastallize|p1a: Gliscor|Water
|move|p2a: Great Tusk|Ice Spinner|p1a: Gliscor
|-resisted|p1a: Gliscor
|-damage|p1a: Gliscor|66/100 tox
|move|p1a: Gliscor|Earthquake|p2a: Great Tusk
|-damage|p2a: Great Tusk|0 fnt
|faint|p2a: Great Tusk
|-end|p2a: Great Tusk|Protosynthesis|[silent]
|
|-heal|p1a: Gliscor|78/100 tox|[from] ability: Poison Heal
|upkeep
|
|t:|1743826013
|switch|p2a: Dragonite|Dragonite, F, tera:Flying|100/100
|turn|20
|
|t:|1743826018
|move|p2a: Dragonite|Dragon Dance|p2a: Dragonite
|-boost|p2a: Dragonite|atk|1
|-boost|p2a: Dragonite|spe|1
|move|p1a: Gliscor|Toxic|p2a: Dragonite
|-status|p2a: Dragonite|tox
|
|-damage|p2a: Dragonite|94/100 tox|[from] psn
|-heal|p1a: Gliscor|91/100 tox|[from] ability: Poison Heal
|upkeep
|turn|21
|
|t:|1743826021
|move|p2a: Dragonite|Dragon Dance|p2a: Dragonite
|-boost|p2a: Dragonite|atk|1
|-boost|p2a: Dragonite|spe|1
|move|p1a: Gliscor|Spikes|p2a: Dragonite
|-sidestart|p2: phevans1|Spikes
|
|-damage|p2a: Dragonite|82/100 tox|[from] psn
|-heal|p1a: Gliscor|100/100 tox|[from] ability: Poison Heal
|upkeep
|turn|22
|
|t:|1743826024
|move|p2a: Dragonite|Tera Blast|p1a: Gliscor|[anim] Tera Blast Flying
|-damage|p1a: Gliscor|0 fnt
|faint|p1a: Gliscor
|
|-damage|p2a: Dragonite|63/100 tox|[from] psn
|upkeep
|inactive|Dmitrio has 90 seconds left.
|
|t:|1743826031
|switch|p1a: Rhyperior|Rhyperior, F|78/100
|-damage|p1a: Rhyperior|53/100|[from] Spikes
|turn|23
|
|t:|1743826035
|move|p2a: Dragonite|Tera Blast|p1a: Rhyperior|[anim] Tera Blast Flying
|-resisted|p1a: Rhyperior
|-damage|p1a: Rhyperior|8/100
|move|p1a: Rhyperior|Stone Edge|p2a: Dragonite
|-supereffective|p2a: Dragonite
|-damage|p2a: Dragonite|0 fnt
|faint|p2a: Dragonite
|
|-heal|p1a: Rhyperior|15/100|[from] item: Leftovers
|upkeep
|
|t:|1743826044
|switch|p2a: Weavile|Weavile, M|100/100
|-damage|p2a: Weavile|88/100|[from] Spikes
|-ability|p2a: Weavile|Pressure
|turn|24
|
|t:|1743826047
|move|p2a: Weavile|Knock Off|p1a: Rhyperior
|-damage|p1a: Rhyperior|0 fnt
|-enditem|p1a: Rhyperior|Leftovers|[from] move: Knock Off|[of] p2a: Weavile
|faint|p1a: Rhyperior
|-damage|p2a: Weavile|78/100|[from] item: Life Orb
|
|upkeep
|
|t:|1743826049
|switch|p1a: Revavroom|Revavroom, F|100/100
|-item|p1a: Revavroom|Air Balloon
|turn|25
|
|t:|1743826059
|move|p2a: Weavile|Knock Off|p1a: Revavroom
|-damage|p1a: Revavroom|19/100
|-enditem|p1a: Revavroom|Air Balloon
|-damage|p2a: Weavile|68/100|[from] item: Life Orb
|move|p1a: Revavroom|Iron Head|p2a: Weavile
|-supereffective|p2a: Weavile
|-damage|p2a: Weavile|0 fnt
|faint|p2a: Weavile
|
|upkeep
|
|t:|1743826065
|switch|p2a: Kingambit|Kingambit, M|100/100
|-activate|p2a: Kingambit|ability: Supreme Overlord
|-start|p2a: Kingambit|fallen5|[silent]
|-item|p2a: Kingambit|Air Balloon
|turn|26
|
|t:|1743826071
|move|p1a: Revavroom|Shift Gear|p1a: Revavroom
|-boost|p1a: Revavroom|spe|2
|-boost|p1a: Revavroom|atk|1
|move|p2a: Kingambit|Kowtow Cleave|p1a: Revavroom
|-damage|p1a: Revavroom|0 fnt
|faint|p1a: Revavroom
|
|win|phevans1
|raw|Dmitrio's rating: 1248 &rarr; <strong>1226</strong><br />(-22 for losing)
|raw|phevans1's rating: 1286 &rarr; <strong>1308</strong><br />(+22 for winning)
|l|☆phevans1
|player|p2|
|l|☆Dmitrio
|player|p1|
