|j|☆Rydak7
|j|☆dewottsoldier370
|t:|1743869414
|gametype|singles
|player|p1|Rydak7|266|1398
|player|p2|dewottsoldier370|2|1453
|teamsize|p1|6
|teamsize|p2|6
|gen|9
|tier|[Gen 9] OU
|rated|
|rule|HP Percentage Mod: HP is shown in percentages
|rule|Endless Battle Clause: Forcing endless battles is banned
|rule|Species Clause: Limit one of each Pokémon
|rule|OHKO Clause: OHKO moves are banned
|rule|Evasion Items Clause: Evasion items are banned
|rule|Evasion Moves Clause: Evasion moves are banned
|rule|Sleep Moves Clause: Sleep-inducing moves are banned
|clearpoke
|poke|p1|Ceruledge, M|
|poke|p1|Clodsire, F|
|poke|p1|Tinkaton, F|
|poke|p1|Kilowattrel, M|
|poke|p1|Great Tusk|
|poke|p1|Walking Wake|
|poke|p2|Garganacl, F|
|poke|p2|Hippowdon, M|
|poke|p2|Excadrill, F|
|poke|p2|Slowking-Galar, M|
|poke|p2|Ogerpon-Wellspring, F|
|poke|p2|Zamazenta-*|
|teampreview
|inactive|Battle timer is ON: inactive players will automatically lose when time's up. (requested by dewottsoldier370)
|
|t:|1743869454
|start
|switch|p1a: Great Tusk|Great Tusk, shiny|100/100
|switch|p2a: Hippowdon|Hippowdon, M|100/100
|-weather|Sandstorm|[from] ability: Sand Stream|[of] p2a: Hippowdon
|turn|1
|
|t:|1743869462
|move|p1a: Great Tusk|Stealth Rock|p2a: Hippowdon
|-sidestart|p2: dewottsoldier370|move: Stealth Rock
|move|p2a: Hippowdon|Stealth Rock|p1a: Great Tusk
|-sidestart|p1: Rydak7|move: Stealth Rock
|
|-weather|Sandstorm|[upkeep]
|upkeep
|turn|2
|
|t:|1743869481
|move|p1a: Great Tusk|Rapid Spin|p2a: Hippowdon
|-damage|p2a: Hippowdon|92/100
|-boost|p1a: Great Tusk|spe|1
|-sideend|p1: Rydak7|Stealth Rock|[from] move: Rapid Spin|[of] p1a: Great Tusk
|move|p2a: Hippowdon|Earthquake|p1a: Great Tusk
|-crit|p1a: Great Tusk
|-damage|p1a: Great Tusk|75/100
|
|-weather|Sandstorm|[upkeep]
|upkeep
|turn|3
|
|t:|1743869491
|move|p1a: Great Tusk|Earthquake|p2a: Hippowdon
|-damage|p2a: Hippowdon|67/100
|move|p2a: Hippowdon|Earthquake|p1a: Great Tusk
|-damage|p1a: Great Tusk|58/100
|
|-weather|Sandstorm|[upkeep]
|upkeep
|turn|4
|
|t:|1743869500
|move|p1a: Great Tusk|Earthquake|p2a: Hippowdon
|-damage|p2a: Hippowdon|45/100
|move|p2a: Hippowdon|Earthquake|p1a: Great Tusk
|-damage|p1a: Great Tusk|40/100
|
|-weather|Sandstorm|[upkeep]
|upkeep
|turn|5
|
|t:|1743869508
|move|p1a: Great Tusk|Earthquake|p2a: Hippowdon
|-damage|p2a: Hippowdon|21/100
|move|p2a: Hippowdon|Slack Off|p2a: Hippowdon
|-heal|p2a: Hippowdon|71/100
|
|-weather|Sandstorm|[upkeep]
|upkeep
|turn|6
|
|t:|1743869520
|-end|p1a: Great Tusk|Protosynthesis|[silent]
|switch|p1a: Kilowattrel|Kilowattrel, M, shiny|100/100
|move|p2a: Hippowdon|Earthquake|p1a: Kilowattrel
|-immune|p1a: Kilowattrel
|
|-weather|Sandstorm|[upkeep]
|-damage|p1a: Kilowattrel|94/100|[from] Sandstorm
|upkeep
|turn|7
|
|t:|1743869531
|-terastallize|p1a: Kilowattrel|Ice
|move|p1a: Kilowattrel|Tera Blast|p2a: Hippowdon|[anim] Tera Blast Ice
|-supereffective|p2a: Hippowdon
|-damage|p2a: Hippowdon|0 fnt
|faint|p2a: Hippowdon
|-damage|p1a: Kilowattrel|85/100|[from] item: Life Orb
|
|-weather|Sandstorm|[upkeep]
|-damage|p1a: Kilowattrel|79/100|[from] Sandstorm
|upkeep
|
|t:|1743869538
|switch|p2a: Excadrill|Excadrill, F|100/100
|-damage|p2a: Excadrill|97/100|[from] Stealth Rock
|-item|p2a: Excadrill|Air Balloon
|turn|8
|
|t:|1743869546
|move|p2a: Excadrill|Iron Head|p1a: Kilowattrel
|-supereffective|p1a: Kilowattrel
|-damage|p1a: Kilowattrel|0 fnt
|faint|p1a: Kilowattrel
|
|-weather|none
|upkeep
|
|t:|1743869552
|switch|p1a: Great Tusk|Great Tusk, shiny|40/100
|turn|9
|
|t:|1743869557
|move|p2a: Excadrill|Earthquake|p1a: Great Tusk
|-damage|p1a: Great Tusk|16/100
|move|p1a: Great Tusk|Rapid Spin|p2a: Excadrill
|-resisted|p2a: Excadrill
|-damage|p2a: Excadrill|87/100
|-boost|p1a: Great Tusk|spe|1
|-enditem|p2a: Excadrill|Air Balloon
|
|upkeep
|turn|10
|
|t:|1743869568
|switch|p2a: Zamazenta|Zamazenta|100/100
|-ability|p2a: Zamazenta|Dauntless Shield|boost
|-boost|p2a: Zamazenta|def|1
|move|p1a: Great Tusk|Earthquake|p2a: Zamazenta
|-damage|p2a: Zamazenta|75/100
|
|upkeep
|turn|11
|
|t:|1743869576
|move|p2a: Zamazenta|Close Combat|p1a: Great Tusk
|-damage|p1a: Great Tusk|0 fnt
|-unboost|p2a: Zamazenta|def|1
|-unboost|p2a: Zamazenta|spd|1
|-damage|p2a: Zamazenta|59/100|[from] item: Rocky Helmet|[of] p1a: Great Tusk
|faint|p1a: Great Tusk
|-end|p1a: Great Tusk|Protosynthesis|[silent]
|
|upkeep
|
|t:|1743869589
|switch|p1a: Ceruledge|Ceruledge, M, shiny|100/100
|turn|12
|
|t:|1743869592
|move|p1a: Ceruledge|Swords Dance|p1a: Ceruledge
|-boost|p1a: Ceruledge|atk|2
|move|p2a: Zamazenta|Roar|p1a: Ceruledge
|drag|p1a: Clodsire|Clodsire, F, shiny|100/100
|
|upkeep
|turn|13
|
|t:|1743869600
|switch|p2a: Excadrill|Excadrill, F|87/100
|-damage|p2a: Excadrill|84/100|[from] Stealth Rock
|move|p1a: Clodsire|Earthquake|p2a: Excadrill
|-supereffective|p2a: Excadrill
|-damage|p2a: Excadrill|4/100
|
|upkeep
|turn|14
|
|t:|1743869616
|move|p1a: Clodsire|Protect|p1a: Clodsire
|-singleturn|p1a: Clodsire|Protect
|move|p2a: Excadrill|Rapid Spin|p1a: Clodsire
|-activate|p1a: Clodsire|move: Protect
|
|upkeep
|turn|15
|
|t:|1743869623
|switch|p1a: Tinkaton|Tinkaton, F, shiny|100/100
|-ability|p1a: Tinkaton|Mold Breaker
|move|p2a: Excadrill|Rapid Spin|p1a: Tinkaton
|-resisted|p1a: Tinkaton
|-damage|p1a: Tinkaton|91/100
|-boost|p2a: Excadrill|spe|1
|-sideend|p2: dewottsoldier370|Stealth Rock|[from] move: Rapid Spin|[of] p2a: Excadrill
|
|upkeep
|turn|16
|
|t:|1743869632
|move|p1a: Tinkaton|Fake Out|p2a: Excadrill
|-resisted|p2a: Excadrill
|-damage|p2a: Excadrill|0 fnt
|faint|p2a: Excadrill
|
|upkeep
|
|t:|1743869640
|switch|p2a: Garganacl|Garganacl, F|100/100
|turn|17
|
|t:|1743869659
|-terastallize|p2a: Garganacl|Water
|move|p1a: Tinkaton|Gigaton Hammer|p2a: Garganacl
|-resisted|p2a: Garganacl
|-damage|p2a: Garganacl|78/100
|move|p2a: Garganacl|Salt Cure|p1a: Tinkaton
|-resisted|p1a: Tinkaton
|-damage|p1a: Tinkaton|83/100
|-start|p1a: Tinkaton|Salt Cure
|
|-heal|p2a: Garganacl|84/100|[from] item: Leftovers
|-damage|p1a: Tinkaton|58/100|[from] Salt Cure
|upkeep
|turn|18
|-message|Rydak7 forfeited.
|
|win|dewottsoldier370
|raw|Rydak7's rating: 1398 &rarr; <strong>1380</strong><br />(-18 for losing)
|raw|dewottsoldier370's rating: 1437 &rarr; <strong>1455</strong><br />(+18 for winning)
|l|☆Rydak7
|player|p1|
|l|☆dewottsoldier370
|player|p2|
