|j|☆TheJoker92
|j|☆ragonsaurus
|t:|1743857008
|gametype|singles
|player|p1|TheJoker92|gambler|1370
|player|p2|ragonsaurus|2|1364
|teamsize|p1|6
|teamsize|p2|6
|gen|9
|tier|[Gen 9] OU
|rated|
|rule|HP Percentage Mod: HP is shown in percentages
|rule|Endless Battle Clause: Forcing endless battles is banned
|rule|Species Clause: Limit one of each Pokémon
|rule|OHKO Clause: OHKO moves are banned
|rule|Evasion Items Clause: Evasion items are banned
|rule|Evasion Moves Clause: Evasion moves are banned
|rule|Sleep Moves Clause: Sleep-inducing moves are banned
|clearpoke
|poke|p1|Kyurem|
|poke|p1|Cinderace, F|
|poke|p1|Ogerpon-Wellspring, F|
|poke|p1|Corviknight, F|
|poke|p1|Ting-Lu|
|poke|p1|Iron Valiant|
|poke|p2|Glimmora, M|
|poke|p2|Zamazenta-*|
|poke|p2|Latias, F|
|poke|p2|Gholdengo|
|poke|p2|Dragonite, F|
|poke|p2|Weavile, F|
|teampreview
|
|t:|1743857015
|start
|switch|p1a: Ting-Lu|Ting-Lu|100/100
|switch|p2a: Glimmora|Glimmora, M|100/100
|-ability|p1a: Ting-Lu|Vessel of Ruin
|turn|1
|inactive|Battle timer is ON: inactive players will automatically lose when time's up. (requested by TheJoker92)
|
|t:|1743857023
|move|p2a: Glimmora|Stealth Rock|p1a: Ting-Lu
|-sidestart|p1: TheJoker92|move: Stealth Rock
|move|p1a: Ting-Lu|Earthquake|p2a: Glimmora
|-supereffective|p2a: Glimmora
|-damage|p2a: Glimmora|0 fnt
|-activate|p2a: Glimmora|ability: Toxic Debris
|-sidestart|p1: TheJoker92|move: Toxic Spikes
|faint|p2a: Glimmora
|
|upkeep
|
|t:|1743857042
|switch|p2a: Gholdengo|Gholdengo|100/100
|turn|2
|
|t:|1743857052
|switch|p2a: Weavile|Weavile, F|100/100
|move|p1a: Ting-Lu|Payback|p2a: Weavile
|-resisted|p2a: Weavile
|-damage|p2a: Weavile|84/100
|
|upkeep
|turn|3
|
|t:|1743857060
|switch|p1a: Corviknight|Corviknight, F|100/100
|-ability|p1a: Corviknight|Pressure
|move|p2a: Weavile|Swords Dance|p2a: Weavile
|-boost|p2a: Weavile|atk|2
|
|upkeep
|turn|4
|
|t:|1743857069
|move|p2a: Weavile|Knock Off|p1a: Corviknight
|-damage|p1a: Corviknight|25/100
|-enditem|p1a: Corviknight|Heavy-Duty Boots|[from] move: Knock Off|[of] p2a: Weavile
|-damage|p2a: Weavile|75/100|[from] item: Life Orb
|move|p1a: Corviknight|Body Press|p2a: Weavile
|-supereffective|p2a: Weavile
|-damage|p2a: Weavile|0 fnt
|faint|p2a: Weavile
|
|upkeep
|
|t:|1743857079
|switch|p2a: Zamazenta|Zamazenta|100/100
|-ability|p2a: Zamazenta|Dauntless Shield|boost
|-boost|p2a: Zamazenta|def|1
|turn|5
|
|t:|1743857107
|move|p2a: Zamazenta|Body Press|p1a: Corviknight
|-damage|p1a: Corviknight|0 fnt
|faint|p1a: Corviknight
|
|upkeep
|
|t:|1743857110
|switch|p1a: Cinderace|Cinderace, F|100/100
|turn|6
|
|t:|1743857119
|move|p2a: Zamazenta|Iron Defense|p2a: Zamazenta
|-boost|p2a: Zamazenta|def|2
|move|p1a: Cinderace|Will-O-Wisp|p2a: Zamazenta
|-status|p2a: Zamazenta|brn
|
|-damage|p2a: Zamazenta|94/100 brn|[from] brn
|upkeep
|turn|7
|
|t:|1743857127
|move|p2a: Zamazenta|Iron Defense|p2a: Zamazenta
|-boost|p2a: Zamazenta|def|2
|move|p1a: Cinderace|Court Change|p1a: Cinderace
|-start|p1a: Cinderace|typechange|Normal|[from] ability: Libero
|-swapsideconditions
|-activate|p1a: Cinderace|move: Court Change
|
|-heal|p2a: Zamazenta|100/100 brn|[from] item: Leftovers
|-damage|p2a: Zamazenta|94/100 brn|[from] brn
|upkeep
|turn|8
|
|t:|1743857137
|move|p2a: Zamazenta|Body Press|p1a: Cinderace
|-supereffective|p1a: Cinderace
|-damage|p1a: Cinderace|0 fnt
|faint|p1a: Cinderace
|
|-heal|p2a: Zamazenta|100/100 brn|[from] item: Leftovers
|-damage|p2a: Zamazenta|94/100 brn|[from] brn
|upkeep
|
|t:|1743857140
|switch|p1a: Iron Valiant|Iron Valiant|100/100
|-enditem|p1a: Iron Valiant|Booster Energy
|-activate|p1a: Iron Valiant|ability: Quark Drive|[fromitem]
|-start|p1a: Iron Valiant|quarkdrivespe
|turn|9
|
|t:|1743857155
|switch|p2a: Gholdengo|Gholdengo|100/100
|-damage|p2a: Gholdengo|94/100|[from] Stealth Rock
|move|p1a: Iron Valiant|Encore|p2a: Gholdengo
|-immune|p2a: Gholdengo|[from] ability: Good as Gold
|
|upkeep
|turn|10
|
|t:|1743857164
|move|p1a: Iron Valiant|Destiny Bond|p1a: Iron Valiant
|-singlemove|p1a: Iron Valiant|Destiny Bond
|move|p2a: Gholdengo|Nasty Plot|p2a: Gholdengo
|-boost|p2a: Gholdengo|spa|2
|
|upkeep
|turn|11
|
|t:|1743857174
|move|p1a: Iron Valiant|Shadow Ball|p2a: Gholdengo
|-supereffective|p2a: Gholdengo
|-damage|p2a: Gholdengo|36/100
|move|p2a: Gholdengo|Nasty Plot|p2a: Gholdengo
|-boost|p2a: Gholdengo|spa|2
|
|upkeep
|turn|12
|
|t:|1743857181
|move|p1a: Iron Valiant|Shadow Ball|p2a: Gholdengo
|-supereffective|p2a: Gholdengo
|-damage|p2a: Gholdengo|0 fnt
|faint|p2a: Gholdengo
|
|upkeep
|
|t:|1743857187
|switch|p2a: Latias|Latias, F|100/100
|-damage|p2a: Latias|88/100|[from] Stealth Rock
|turn|13
|
|t:|1743857193
|-terastallize|p2a: Latias|Fairy
|move|p1a: Iron Valiant|Moonblast|p2a: Latias
|-damage|p2a: Latias|52/100
|move|p2a: Latias|Calm Mind|p2a: Latias
|-boost|p2a: Latias|spa|1
|-boost|p2a: Latias|spd|1
|
|-heal|p2a: Latias|58/100|[from] item: Leftovers
|upkeep
|turn|14
|
|t:|1743857204
|move|p1a: Iron Valiant|Encore|p2a: Latias
|-start|p2a: Latias|Encore
|move|p2a: Latias|Calm Mind|p2a: Latias
|-boost|p2a: Latias|spa|1
|-boost|p2a: Latias|spd|1
|
|-heal|p2a: Latias|65/100|[from] item: Leftovers
|upkeep
|turn|15
|
|t:|1743857211
|move|p1a: Iron Valiant|Moonblast|p2a: Latias
|-damage|p2a: Latias|48/100
|move|p2a: Latias|Calm Mind|p2a: Latias
|-boost|p2a: Latias|spa|1
|-boost|p2a: Latias|spd|1
|
|-heal|p2a: Latias|54/100|[from] item: Leftovers
|upkeep
|turn|16
|
|t:|1743857220
|move|p1a: Iron Valiant|Moonblast|p2a: Latias
|-damage|p2a: Latias|40/100
|move|p2a: Latias|Calm Mind|p2a: Latias
|-boost|p2a: Latias|spa|1
|-boost|p2a: Latias|spd|1
|
|-heal|p2a: Latias|46/100|[from] item: Leftovers
|-end|p2a: Latias|Encore
|upkeep
|turn|17
|
|t:|1743857230
|move|p1a: Iron Valiant|Encore|p2a: Latias
|-start|p2a: Latias|Encore
|move|p2a: Latias|Calm Mind|p2a: Latias
|-boost|p2a: Latias|spa|1
|-boost|p2a: Latias|spd|1
|
|-heal|p2a: Latias|52/100|[from] item: Leftovers
|upkeep
|turn|18
|
|t:|1743857238
|move|p1a: Iron Valiant|Moonblast|p2a: Latias
|-damage|p2a: Latias|41/100
|-unboost|p2a: Latias|spa|1
|move|p2a: Latias|Calm Mind|p2a: Latias
|-boost|p2a: Latias|spa|1
|-boost|p2a: Latias|spd|1
|
|-heal|p2a: Latias|47/100|[from] item: Leftovers
|upkeep
|turn|19
|
|t:|1743857248
|move|p1a: Iron Valiant|Shadow Ball|p2a: Latias
|-damage|p2a: Latias|42/100
|move|p2a: Latias|Calm Mind|p2a: Latias
|-boost|p2a: Latias|spa|1
|-boost|p2a: Latias|spd|0
|
|-heal|p2a: Latias|48/100|[from] item: Leftovers
|-end|p2a: Latias|Encore
|upkeep
|turn|20
|
|t:|1743857258
|move|p1a: Iron Valiant|Encore|p2a: Latias
|-start|p2a: Latias|Encore
|move|p2a: Latias|Calm Mind|p2a: Latias
|-boost|p2a: Latias|spa|0
|-boost|p2a: Latias|spd|0
|
|-heal|p2a: Latias|55/100|[from] item: Leftovers
|upkeep
|turn|21
|
|t:|1743857266
|-end|p1a: Iron Valiant|Quark Drive|[silent]
|switch|p1a: Ogerpon|Ogerpon-Wellspring, F|100/100
|move|p2a: Latias|Calm Mind|p2a: Latias
|-boost|p2a: Latias|spa|0
|-boost|p2a: Latias|spd|0
|
|-heal|p2a: Latias|61/100|[from] item: Leftovers
|upkeep
|turn|22
|
|t:|1743857276
|switch|p2a: Zamazenta|Zamazenta|94/100 brn
|-damage|p2a: Zamazenta|88/100 brn|[from] Stealth Rock
|-terastallize|p1a: Ogerpon|Water
|detailschange|p1a: Ogerpon|Ogerpon-Wellspring-Tera, F, tera:Water
|-ability|p1a: Ogerpon|Embody Aspect (Wellspring)|boost
|-boost|p1a: Ogerpon|spd|1
|move|p1a: Ogerpon|Ivy Cudgel|p2a: Zamazenta|[anim] Ivy Cudgel Water
|-damage|p2a: Zamazenta|23/100 brn
|
|-heal|p2a: Zamazenta|30/100 brn|[from] item: Leftovers
|-damage|p2a: Zamazenta|23/100 brn|[from] brn
|upkeep
|turn|23
|
|t:|1743857290
|move|p2a: Zamazenta|Body Press|p1a: Ogerpon
|-damage|p1a: Ogerpon|78/100
|move|p1a: Ogerpon|Ivy Cudgel|p2a: Zamazenta|[anim] Ivy Cudgel Water
|-crit|p2a: Zamazenta
|-damage|p2a: Zamazenta|0 fnt
|faint|p2a: Zamazenta
|
|upkeep
|
|t:|1743857304
|switch|p2a: Dragonite|Dragonite, F|100/100
|turn|24
|
|t:|1743857319
|move|p1a: Ogerpon|Knock Off|p2a: Dragonite
|-damage|p2a: Dragonite|81/100
|-enditem|p2a: Dragonite|Heavy-Duty Boots|[from] move: Knock Off|[of] p1a: Ogerpon
|move|p2a: Dragonite|Dragon Dance|p2a: Dragonite
|-boost|p2a: Dragonite|atk|1
|-boost|p2a: Dragonite|spe|1
|
|upkeep
|turn|25
|
|t:|1743857333
|move|p2a: Dragonite|Earthquake|p1a: Ogerpon
|-damage|p1a: Ogerpon|4/100
|move|p1a: Ogerpon|Ivy Cudgel|p2a: Dragonite|[anim] Ivy Cudgel Water
|-resisted|p2a: Dragonite
|-damage|p2a: Dragonite|39/100
|
|upkeep
|turn|26
|
|t:|1743857340
|move|p2a: Dragonite|Extreme Speed|p1a: Ogerpon
|-damage|p1a: Ogerpon|0 fnt
|faint|p1a: Ogerpon
|
|upkeep
|
|t:|1743857351
|switch|p1a: Iron Valiant|Iron Valiant|100/100
|turn|27
|
|t:|1743857356
|move|p2a: Dragonite|Extreme Speed|p1a: Iron Valiant
|-damage|p1a: Iron Valiant|36/100
|move|p1a: Iron Valiant|Moonblast|p2a: Dragonite
|-supereffective|p2a: Dragonite
|-damage|p2a: Dragonite|0 fnt
|faint|p2a: Dragonite
|
|upkeep
|
|t:|1743857364
|switch|p2a: Latias|Latias, F, tera:Fairy|61/100
|-damage|p2a: Latias|48/100|[from] Stealth Rock
|turn|28
|
|t:|1743857373
|move|p1a: Iron Valiant|Moonblast|p2a: Latias
|-damage|p2a: Latias|13/100
|move|p2a: Latias|Draining Kiss|p1a: Iron Valiant
|-supereffective|p1a: Iron Valiant
|-damage|p1a: Iron Valiant|0 fnt
|-heal|p2a: Latias|35/100|[from] drain|[of] p1a: Iron Valiant
|faint|p1a: Iron Valiant
|-end|p1a: Iron Valiant|Quark Drive|[silent]
|
|-heal|p2a: Latias|41/100|[from] item: Leftovers
|upkeep
|
|t:|1743857378
|switch|p1a: Kyurem|Kyurem|100/100
|-ability|p1a: Kyurem|Pressure
|turn|29
|
|t:|1743857387
|move|p1a: Kyurem|Ice Beam|p2a: Latias
|-damage|p2a: Latias|0 fnt
|faint|p2a: Latias
|
|win|TheJoker92
|raw|TheJoker92's rating: 1370 &rarr; <strong>1390</strong><br />(+20 for winning)
|raw|ragonsaurus's rating: 1364 &rarr; <strong>1344</strong><br />(-20 for losing)
