|j|☆Confettimaker
|j|☆MREUhjrwuje
|t:|1743800351
|gametype|singles
|player|p1|Confettimaker|volkner|1369
|player|p2|MREUhjrwuje|102|1384
|teamsize|p1|6
|teamsize|p2|6
|gen|9
|tier|[Gen 9] OU
|rated|
|rule|HP Percentage Mod: HP is shown in percentages
|rule|Endless Battle Clause: Forcing endless battles is banned
|rule|Species Clause: Limit one of each Pokémon
|rule|OHKO Clause: OHKO moves are banned
|rule|Evasion Items Clause: Evasion items are banned
|rule|Evasion Moves Clause: Evasion moves are banned
|rule|Sleep Moves Clause: Sleep-inducing moves are banned
|clearpoke
|poke|p1|Slowking-Galar, F|
|poke|p1|Landorus-Therian, M|
|poke|p1|Kyurem|
|poke|p1|Iron Valiant|
|poke|p1|Cinderace, F|
|poke|p1|Kingambit, F|
|poke|p2|Gloom, M|
|poke|p2|Clefable, F|
|poke|p2|Haxorus, M|
|poke|p2|Blaziken, F|
|poke|p2|Sandy Shocks|
|poke|p2|Ninetales, M|
|teampreview
|inactive|Battle timer is ON: inactive players will automatically lose when time's up. (requested by MREUhjrwuje)
|inactive|Confettimaker also wants the timer to be on.
|inactive|Confettimaker has 120 seconds left.
|
|t:|1743800410
|start
|switch|p1a: Landorus|Landorus-Therian, M|100/100
|switch|p2a: Haxorus|Haxorus, M|100/100
|-ability|p2a: Haxorus|Mold Breaker
|-ability|p1a: Landorus|Intimidate|boost
|-unboost|p2a: Haxorus|atk|1
|turn|1
|
|t:|1743800430
|move|p2a: Haxorus|Swords Dance|p2a: Haxorus
|-boost|p2a: Haxorus|atk|2
|move|p1a: Landorus|Taunt|p2a: Haxorus
|-start|p2a: Haxorus|move: Taunt
|
|upkeep
|turn|2
|
|t:|1743800455
|move|p2a: Haxorus|Scale Shot|p1a: Landorus
|-crit|p1a: Landorus
|-damage|p1a: Landorus|73/100
|-damage|p1a: Landorus|53/100
|-damage|p1a: Landorus|32/100
|-damage|p1a: Landorus|11/100
|-hitcount|p1a: Landorus|4
|-unboost|p2a: Haxorus|def|1
|-boost|p2a: Haxorus|spe|1
|move|p1a: Landorus|U-turn|p2a: Haxorus
|-damage|p2a: Haxorus|64/100
|inactive|Confettimaker has 120 seconds left.
|
|t:|1743800465
|switch|p1a: Iron Valiant|Iron Valiant|100/100|[from] U-turn
|-enditem|p1a: Iron Valiant|Booster Energy
|-activate|p1a: Iron Valiant|ability: Quark Drive|[fromitem]
|-start|p1a: Iron Valiant|quarkdrivespe
|
|upkeep
|turn|3
|inactive|Confettimaker has 120 seconds left.
|
|t:|1743800480
|switch|p2a: Just Add Fire!|Ninetales, M|100/100
|-weather|SunnyDay|[from] ability: Drought|[of] p2a: Just Add Fire!
|move|p1a: Iron Valiant|Knock Off|p2a: Just Add Fire!
|-damage|p2a: Just Add Fire!|67/100
|-enditem|p2a: Just Add Fire!|Heat Rock|[from] move: Knock Off|[of] p1a: Iron Valiant
|
|-weather|SunnyDay|[upkeep]
|upkeep
|turn|4
|inactive|Confettimaker has 120 seconds left.
|
|t:|1743800503
|move|p1a: Iron Valiant|Knock Off|p2a: Just Add Fire!
|-damage|p2a: Just Add Fire!|45/100
|move|p2a: Just Add Fire!|Healing Wish|p2a: Just Add Fire!
|faint|p2a: Just Add Fire!
|
|-weather|SunnyDay|[upkeep]
|upkeep
|
|t:|1743800516
|switch|p2a: ☺|Blaziken, F|100/100
|-item|p2a: ☺|Air Balloon
|turn|5
|inactive|Confettimaker has 120 seconds left.
|
|t:|1743800525
|move|p1a: Iron Valiant|Knock Off|p2a: ☺
|-resisted|p2a: ☺
|-damage|p2a: ☺|79/100
|-enditem|p2a: ☺|Air Balloon
|move|p2a: ☺|Flare Blitz|p1a: Iron Valiant
|-damage|p1a: Iron Valiant|0 fnt
|faint|p1a: Iron Valiant
|-end|p1a: Iron Valiant|Quark Drive|[silent]
|-damage|p2a: ☺|47/100|[from] Recoil
|
|-weather|SunnyDay|[upkeep]
|-ability|p2a: ☺|Speed Boost|boost
|-boost|p2a: ☺|spe|1
|upkeep
|inactive|Confettimaker has 120 seconds left.
|
|t:|1743800551
|switch|p1a: Landorus|Landorus-Therian, M|11/100
|-ability|p1a: Landorus|Intimidate|boost
|-unboost|p2a: ☺|atk|1
|turn|6
|
|t:|1743800562
|switch|p1a: Slowking|Slowking-Galar, F|100/100
|move|p2a: ☺|Close Combat|p1a: Slowking
|-resisted|p1a: Slowking
|-crit|p1a: Slowking
|-damage|p1a: Slowking|79/100
|-unboost|p2a: ☺|def|1
|-unboost|p2a: ☺|spd|1
|
|-weather|SunnyDay|[upkeep]
|-ability|p2a: ☺|Speed Boost|boost
|-boost|p2a: ☺|spe|1
|upkeep
|turn|7
|j| Justice For Moon
|
|t:|1743800575
|move|p2a: ☺|Flare Blitz|p1a: Slowking
|-damage|p1a: Slowking|17/100
|-damage|p2a: ☺|20/100|[from] Recoil
|-prepare|p1a: Slowking|Chilly Reception|[premajor]
|move|p1a: Slowking|Chilly Reception|p1a: Slowking
|-weather|Snowscape
|
|t:|1743800586
|switch|p1a: Kingambit|Kingambit, F|100/100|[from] Chilly Reception
|-activate|p1a: Kingambit|ability: Supreme Overlord
|-start|p1a: Kingambit|fallen1|[silent]
|
|-weather|Snowscape|[upkeep]
|-ability|p2a: ☺|Speed Boost|boost
|-boost|p2a: ☺|spe|1
|upkeep
|turn|8
|l| Justice For Moon
|inactive|Confettimaker has 90 seconds left.
|
|t:|1743800605
|-end|p1a: Kingambit|fallen1|[silent]
|switch|p1a: Slowking|Slowking-Galar, F|50/100
|move|p2a: ☺|Swords Dance|p2a: ☺
|-boost|p2a: ☺|atk|2
|
|-weather|Snowscape|[upkeep]
|-ability|p2a: ☺|Speed Boost|boost
|-boost|p2a: ☺|spe|1
|upkeep
|turn|9
|inactive|Confettimaker has 90 seconds left.
|
|t:|1743800619
|switch|p1a: Landorus|Landorus-Therian, M|11/100
|-ability|p1a: Landorus|Intimidate|boost
|-unboost|p2a: ☺|atk|1
|move|p2a: ☺|Flare Blitz|p1a: Landorus
|-damage|p1a: Landorus|0 fnt
|-damage|p2a: ☺|3/100|[from] item: Rocky Helmet|[of] p1a: Landorus
|faint|p1a: Landorus
|-damage|p2a: ☺|0 fnt|[from] Recoil
|faint|p2a: ☺
|
|-weather|Snowscape|[upkeep]
|upkeep
|inactive|Confettimaker has 90 seconds left.
|
|t:|1743800639
|switch|p1a: Cinderace|Cinderace, F|100/100
|switch|p2a: Haxorus|Haxorus, M|64/100
|-heal|p2a: Haxorus|100/100|[from] move: Healing Wish
|-ability|p2a: Haxorus|Mold Breaker
|turn|10
|
|t:|1743800657
|move|p1a: Cinderace|Will-O-Wisp|p2a: Haxorus
|-status|p2a: Haxorus|brn
|move|p2a: Haxorus|Swords Dance|p2a: Haxorus
|-boost|p2a: Haxorus|atk|2
|
|-weather|Snowscape|[upkeep]
|-damage|p2a: Haxorus|94/100 brn|[from] brn
|upkeep
|turn|11
|
|t:|1743800681
|move|p1a: Cinderace|U-turn|p2a: Haxorus
|-start|p1a: Cinderace|typechange|Bug|[from] ability: Libero
|-damage|p2a: Haxorus|50/100 brn
|
|t:|1743800685
|switch|p1a: Slowking|Slowking-Galar, F|83/100|[from] U-turn
|move|p2a: Haxorus|Swords Dance|p2a: Haxorus
|-boost|p2a: Haxorus|atk|2
|
|-weather|none
|-damage|p2a: Haxorus|44/100 brn|[from] brn
|upkeep
|turn|12
|inactive|Confettimaker has 60 seconds left.
|
|t:|1743800715
|-terastallize|p1a: Slowking|Water
|move|p2a: Haxorus|Scale Shot|p1a: Slowking
|-damage|p1a: Slowking|60/100
|-damage|p1a: Slowking|37/100
|-crit|p1a: Slowking
|-damage|p1a: Slowking|6/100
|-damage|p1a: Slowking|0 fnt
|faint|p1a: Slowking
|-hitcount|p1: Slowking|4
|-unboost|p2a: Haxorus|def|1
|-boost|p2a: Haxorus|spe|1
|
|-damage|p2a: Haxorus|38/100 brn|[from] brn
|upkeep
|
|t:|1743800722
|switch|p1a: Kingambit|Kingambit, F|100/100
|-activate|p1a: Kingambit|ability: Supreme Overlord
|-start|p1a: Kingambit|fallen3|[silent]
|turn|13
|
|t:|1743800741
|move|p2a: Haxorus|Swords Dance|p2a: Haxorus
|-boost|p2a: Haxorus|atk|2
|move|p1a: Kingambit|Kowtow Cleave|p2a: Haxorus
|-damage|p2a: Haxorus|0 fnt
|faint|p2a: Haxorus
|
|upkeep
|
|t:|1743800744
|switch|p2a: S.S. Shocks|Sandy Shocks|100/100
|turn|14
|
|t:|1743800761
|move|p2a: S.S. Shocks|Volt Switch|p1a: Kingambit
|-damage|p1a: Kingambit|65/100
|
|t:|1743800763
|-end|p2a: S.S. Shocks|Protosynthesis|[silent]
|switch|p2a: Eldritch Horror|Gloom, M|100/100|[from] Volt Switch
|move|p1a: Kingambit|Kowtow Cleave|p2a: Eldritch Horror
|-damage|p2a: Eldritch Horror|56/100
|
|-heal|p1a: Kingambit|71/100|[from] item: Leftovers
|upkeep
|turn|15
|
|t:|1743800788
|move|p1a: Kingambit|Iron Head|p2a: Eldritch Horror
|-damage|p2a: Eldritch Horror|16/100
|move|p2a: Eldritch Horror|Strength Sap|p1a: Kingambit
|-unboost|p1a: Kingambit|atk|1
|-heal|p2a: Eldritch Horror|100/100
|
|-heal|p1a: Kingambit|77/100|[from] item: Leftovers
|upkeep
|turn|16
|
|t:|1743800798
|-end|p1a: Kingambit|fallen3|[silent]
|switch|p1a: Cinderace|Cinderace, F|100/100
|switch|p2a: S.S. Shocks|Sandy Shocks|100/100
|
|upkeep
|turn|17
|
|t:|1743800809
|move|p1a: Cinderace|U-turn|p2a: S.S. Shocks
|-start|p1a: Cinderace|typechange|Bug|[from] ability: Libero
|-damage|p2a: S.S. Shocks|65/100
|
|t:|1743800813
|switch|p1a: Kingambit|Kingambit, F|77/100|[from] U-turn
|-activate|p1a: Kingambit|ability: Supreme Overlord
|-start|p1a: Kingambit|fallen3|[silent]
|move|p2a: S.S. Shocks|Earth Power|p1a: Kingambit
|-supereffective|p1a: Kingambit
|-damage|p1a: Kingambit|0 fnt
|faint|p1a: Kingambit
|-end|p1a: Kingambit|fallen3|[silent]
|
|upkeep
|
|t:|1743800832
|switch|p1a: Kyurem|Kyurem|100/100
|-ability|p1a: Kyurem|Pressure
|turn|18
|
|t:|1743800843
|move|p2a: S.S. Shocks|Volt Switch|p1a: Kyurem
|-resisted|p1a: Kyurem
|-damage|p1a: Kyurem|85/100
|
|t:|1743800851
|-end|p2a: S.S. Shocks|Protosynthesis|[silent]
|switch|p2a: Eldritch Horror|Gloom, M|100/100|[from] Volt Switch
|move|p1a: Kyurem|Freeze-Dry|p2a: Eldritch Horror
|-supereffective|p2a: Eldritch Horror
|-damage|p2a: Eldritch Horror|0 fnt
|faint|p2a: Eldritch Horror
|
|upkeep
|
|t:|1743800853
|switch|p2a: The Strongest|Clefable, F|100/100
|turn|19
|
|t:|1743800874
|switch|p1a: Cinderace|Cinderace, F|100/100
|move|p2a: The Strongest|Calm Mind|p2a: The Strongest
|-boost|p2a: The Strongest|spa|1
|-boost|p2a: The Strongest|spd|1
|
|upkeep
|turn|20
|
|t:|1743800884
|move|p1a: Cinderace|Pyro Ball|p2a: The Strongest
|-damage|p2a: The Strongest|55/100
|move|p2a: The Strongest|Moonblast|p1a: Cinderace
|-resisted|p1a: Cinderace
|-damage|p1a: Cinderace|70/100
|
|upkeep
|turn|21
|inactive|MREUhjrwuje has 120 seconds left.
|inactive|MREUhjrwuje has 90 seconds left.
|inactive|MREUhjrwuje has 60 seconds left.
|inactive|MREUhjrwuje has 30 seconds left.
|inactive|MREUhjrwuje has 20 seconds left.
|inactive|MREUhjrwuje has 15 seconds left.
|inactive|MREUhjrwuje has 10 seconds left.
|inactive|MREUhjrwuje has 5 seconds left.
|-message|MREUhjrwuje lost due to inactivity.
|
|win|Confettimaker
|raw|Confettimaker's rating: 1369 &rarr; <strong>1390</strong><br />(+21 for winning)
|raw|MREUhjrwuje's rating: 1384 &rarr; <strong>1363</strong><br />(-21 for losing)
|l|☆Confettimaker
|player|p1|
