|j|☆shazcollectibles
|j|☆sexybodygod
|t:|1743858357
|gametype|singles
|player|p1|shazcollectibles|266|1432
|player|p2|sexybodygod|2|1488
|teamsize|p1|6
|teamsize|p2|6
|gen|9
|tier|[Gen 9] OU
|rated|
|rule|HP Percentage Mod: HP is shown in percentages
|rule|Endless Battle Clause: Forcing endless battles is banned
|rule|Species Clause: Limit one of each Pokémon
|rule|OHKO Clause: OHKO moves are banned
|rule|Evasion Items Clause: Evasion items are banned
|rule|Evasion Moves Clause: Evasion moves are banned
|rule|Sleep Moves Clause: Sleep-inducing moves are banned
|clearpoke
|poke|p1|Magnezone|
|poke|p1|Garchomp, M|
|poke|p1|Staraptor, M|
|poke|p1|Floatzel, F|
|poke|p1|Mismagius, F|
|poke|p1|Infernape, M|
|poke|p2|Enamorus, F|
|poke|p2|Gholdengo|
|poke|p2|Gliscor, M|
|poke|p2|Meowscarada, F|
|poke|p2|Weavile, F|
|poke|p2|Skarmory, M|
|teampreview
|inactive|Battle timer is ON: inactive players will automatically lose when time's up. (requested by shazcollectibles)
|inactive|sexybodygod also wants the timer to be on.
|
|t:|1743858367
|start
|switch|p1a: Staraptor|Staraptor, M|100/100
|switch|p2a: Skarmory|Skarmory, M|100/100
|turn|1
|inactive|sexybodygod has 120 seconds left.
|
|t:|1743858417
|move|p1a: Staraptor|U-turn|p2a: Skarmory
|-resisted|p2a: Skarmory
|-damage|p2a: Skarmory|96/100
|
|t:|1743858430
|switch|p1a: Magnezone|Magnezone|100/100|[from] U-turn
|move|p2a: Skarmory|Stealth Rock|p1a: Magnezone
|-sidestart|p1: shazcollectibles|move: Stealth Rock
|
|upkeep
|turn|2
|
|t:|1743858439
|move|p2a: Skarmory|Spikes|p1a: Magnezone
|-sidestart|p1: shazcollectibles|Spikes
|move|p1a: Magnezone|Flash Cannon|p2a: Skarmory
|-resisted|p2a: Skarmory
|-damage|p2a: Skarmory|30/100
|
|upkeep
|turn|3
|
|t:|1743858446
|switch|p2a: Gliscor|Gliscor, M|100/100
|move|p1a: Magnezone|Flash Cannon|p2a: Gliscor
|-damage|p2a: Gliscor|34/100
|
|-status|p2a: Gliscor|tox|[from] item: Toxic Orb
|upkeep
|turn|4
|inactive|sexybodygod has 120 seconds left.
|c|☆sexybodygod|love fake magnet pull
|inactive|shazcollectibles has 120 seconds left.
|
|t:|1743858479
|move|p2a: Gliscor|Earthquake|p1a: Magnezone
|-supereffective|p1a: Magnezone
|-damage|p1a: Magnezone|0 fnt
|faint|p1a: Magnezone
|
|-heal|p2a: Gliscor|47/100 tox|[from] ability: Poison Heal
|upkeep
|c|☆shazcollectibles|lol yeah
|inactive|shazcollectibles has 120 seconds left.
|
|t:|1743858490
|switch|p1a: Floatzel|Floatzel, F|100/100
|-damage|p1a: Floatzel|88/100|[from] Stealth Rock
|-damage|p1a: Floatzel|75/100|[from] Spikes
|turn|5
|
|t:|1743858494
|switch|p2a: Skarmory|Skarmory, M|30/100
|move|p1a: Floatzel|Flip Turn|p2a: Skarmory
|-damage|p2a: Skarmory|0 fnt
|faint|p2a: Skarmory
|inactive|shazcollectibles has 120 seconds left.
|
|t:|1743858527
|switch|p1a: Staraptor|Staraptor, M|100/100|[from] Flip Turn
|
|upkeep
|inactive|sexybodygod has 120 seconds left.
|
|t:|1743858572
|switch|p2a: Weavile|Weavile, F|100/100
|-ability|p2a: Weavile|Pressure
|turn|6
|
|t:|1743858577
|switch|p1a: Floatzel|Floatzel, F|75/100
|-damage|p1a: Floatzel|63/100|[from] Stealth Rock
|-damage|p1a: Floatzel|50/100|[from] Spikes
|move|p2a: Weavile|Triple Axel|p1a: Floatzel
|-resisted|p1a: Floatzel
|-damage|p1a: Floatzel|42/100
|-resisted|p1a: Floatzel
|-damage|p1a: Floatzel|23/100
|-resisted|p1a: Floatzel
|-damage|p1a: Floatzel|0 fnt
|faint|p1a: Floatzel
|-hitcount|p1: Floatzel|3
|
|upkeep
|
|t:|1743858582
|switch|p1a: Infernape|Infernape, M|100/100
|-damage|p1a: Infernape|88/100|[from] Stealth Rock
|-damage|p1a: Infernape|76/100|[from] Spikes
|turn|7
|
|t:|1743858585
|switch|p2a: Gliscor|Gliscor, M|47/100 tox
|move|p1a: Infernape|Swords Dance|p1a: Infernape
|-boost|p1a: Infernape|atk|2
|
|-heal|p2a: Gliscor|59/100 tox|[from] ability: Poison Heal
|upkeep
|turn|8
|
|t:|1743858592
|move|p2a: Gliscor|Protect|p2a: Gliscor
|-singleturn|p2a: Gliscor|Protect
|move|p1a: Infernape|Fire Punch|p2a: Gliscor
|-activate|p2a: Gliscor|move: Protect
|
|-heal|p2a: Gliscor|71/100 tox|[from] ability: Poison Heal
|upkeep
|turn|9
|
|t:|1743858594
|move|p1a: Infernape|Fire Punch|p2a: Gliscor
|-damage|p2a: Gliscor|0 fnt
|faint|p2a: Gliscor
|
|upkeep
|
|t:|1743858598
|switch|p2a: Enamorus|Enamorus, F|100/100
|turn|10
|
|t:|1743858606
|switch|p2a: Meowscarada|Meowscarada, F|100/100
|move|p1a: Infernape|Fire Punch|p2a: Meowscarada
|-supereffective|p2a: Meowscarada
|-damage|p2a: Meowscarada|0 fnt
|faint|p2a: Meowscarada
|
|upkeep
|
|t:|1743858611
|switch|p2a: Enamorus|Enamorus, F|100/100
|turn|11
|
|t:|1743858616
|switch|p1a: Mismagius|Mismagius, F|100/100
|-damage|p1a: Mismagius|88/100|[from] Stealth Rock
|move|p2a: Enamorus|Moonblast|p1a: Mismagius
|-damage|p1a: Mismagius|21/100
|-enditem|p1a: Mismagius|Aguav Berry|[eat]
|-heal|p1a: Mismagius|55/100|[from] item: Aguav Berry
|
|upkeep
|turn|12
|
|t:|1743858623
|switch|p2a: Gholdengo|Gholdengo|100/100
|-item|p2a: Gholdengo|Air Balloon
|move|p1a: Mismagius|Destiny Bond|p1a: Mismagius
|-singlemove|p1a: Mismagius|Destiny Bond
|
|upkeep
|turn|13
|
|t:|1743858645
|move|p1a: Mismagius|Will-O-Wisp|p2a: Gholdengo
|-immune|p2a: Gholdengo|[from] ability: Good as Gold
|move|p2a: Gholdengo|Shadow Ball|p1a: Mismagius
|-supereffective|p1a: Mismagius
|-crit|p1a: Mismagius
|-damage|p1a: Mismagius|0 fnt
|faint|p1a: Mismagius
|
|upkeep
|
|t:|1743858654
|switch|p1a: Garchomp|Garchomp, M|100/100
|-damage|p1a: Garchomp|94/100|[from] Stealth Rock
|-damage|p1a: Garchomp|82/100|[from] Spikes
|turn|14
|
|t:|1743858658
|move|p1a: Garchomp|Stone Edge|p2a: Gholdengo
|-resisted|p2a: Gholdengo
|-damage|p2a: Gholdengo|85/100
|-enditem|p2a: Gholdengo|Air Balloon
|-damage|p1a: Garchomp|72/100|[from] item: Life Orb
|move|p2a: Gholdengo|Make It Rain|p1a: Garchomp
|-damage|p1a: Garchomp|12/100
|-unboost|p2a: Gholdengo|spa|1
|
|upkeep
|turn|15
|
|t:|1743858665
|move|p1a: Garchomp|Stone Edge|p2a: Gholdengo
|-resisted|p2a: Gholdengo
|-damage|p2a: Gholdengo|70/100
|-damage|p1a: Garchomp|2/100|[from] item: Life Orb
|move|p2a: Gholdengo|Shadow Ball|p1a: Garchomp
|-damage|p1a: Garchomp|0 fnt
|faint|p1a: Garchomp
|
|upkeep
|
|t:|1743858668
|switch|p1a: Infernape|Infernape, M|76/100
|-damage|p1a: Infernape|64/100|[from] Stealth Rock
|-damage|p1a: Infernape|52/100|[from] Spikes
|turn|16
|
|t:|1743858670
|move|p1a: Infernape|Fire Punch|p2a: Gholdengo
|-supereffective|p2a: Gholdengo
|-damage|p2a: Gholdengo|7/100
|move|p2a: Gholdengo|Shadow Ball|p1a: Infernape
|-damage|p1a: Infernape|19/100
|-unboost|p1a: Infernape|spd|1
|
|upkeep
|turn|17
|
|t:|1743858674
|move|p1a: Infernape|Fire Punch|p2a: Gholdengo
|-supereffective|p2a: Gholdengo
|-damage|p2a: Gholdengo|0 fnt
|faint|p2a: Gholdengo
|
|upkeep
|
|t:|1743858676
|switch|p2a: Enamorus|Enamorus, F|100/100
|turn|18
|
|t:|1743858681
|move|p2a: Enamorus|Moonblast|p1a: Infernape
|-damage|p1a: Infernape|0 fnt
|faint|p1a: Infernape
|
|upkeep
|
|t:|1743858683
|switch|p1a: Staraptor|Staraptor, M|100/100
|turn|19
|
|t:|1743858691
|-terastallize|p2a: Enamorus|Stellar
|move|p2a: Enamorus|Moonblast|p1a: Staraptor
|-damage|p1a: Staraptor|0 fnt
|faint|p1a: Staraptor
|
|win|sexybodygod
|raw|shazcollectibles's rating: 1410 &rarr; <strong>1394</strong><br />(-16 for losing)
|raw|sexybodygod's rating: 1488 &rarr; <strong>1504</strong><br />(+16 for winning)
|l|☆sexybodygod
|player|p2|
|c|☆shazcollectibles|gg
|l|☆shazcollectibles
|player|p1|
