|j|☆Awsomeduse10077
|j|☆chewfive
|t:|1743875561
|gametype|singles
|player|p1|Awsomeduse10077|101|1160
|player|p2|chewfive|265|1186
|teamsize|p1|6
|teamsize|p2|6
|gen|9
|tier|[Gen 9] OU
|rated|
|rule|HP Percentage Mod: HP is shown in percentages
|rule|Endless Battle Clause: Forcing endless battles is banned
|rule|Species Clause: Limit one of each Pokémon
|rule|OHKO Clause: OHKO moves are banned
|rule|Evasion Items Clause: Evasion items are banned
|rule|Evasion Moves Clause: Evasion moves are banned
|rule|Sleep Moves Clause: Sleep-inducing moves are banned
|clearpoke
|poke|p1|Salamence, M|
|poke|p1|Deoxys-Speed|
|poke|p1|Gengar, F|
|poke|p1|Arcanine-Hisui, F|
|poke|p1|Gyarados, F|
|poke|p1|Electrode-Hisui|
|poke|p2|Hoopa-Unbound|
|poke|p2|Torterra, F|
|poke|p2|Skuntank, M|
|poke|p2|Sinistcha|
|poke|p2|Hitmonlee, M|
|poke|p2|Smeargle, M|
|teampreview
|inactive|Battle timer is ON: inactive players will automatically lose when time's up. (requested by chewfive)
|
|t:|1743875581
|start
|switch|p1a: Deoxys|Deoxys-Speed|100/100
|switch|p2a: TERA DEATH|Torterra, F|100/100
|-ability|p1a: Deoxys|Pressure
|turn|1
|
|t:|1743875588
|move|p1a: Deoxys|Taunt|p2a: TERA DEATH
|-start|p2a: TERA DEATH|move: Taunt
|move|p2a: TERA DEATH|Crunch|p1a: Deoxys
|-supereffective|p1a: Deoxys
|-damage|p1a: Deoxys|41/100
|
|upkeep
|turn|2
|
|t:|1743875594
|move|p1a: Deoxys|Stealth Rock|p2a: TERA DEATH
|-sidestart|p2: chewfive|move: Stealth Rock
|move|p2a: TERA DEATH|Crunch|p1a: Deoxys
|-supereffective|p1a: Deoxys
|-damage|p1a: Deoxys|0 fnt
|faint|p1a: Deoxys
|
|upkeep
|
|t:|1743875598
|switch|p1a: Arcanine|Arcanine-Hisui, F|100/100
|turn|3
|
|t:|1743875604
|switch|p2a: almighty skunk|Skuntank, M|100/100
|-damage|p2a: almighty skunk|88/100|[from] Stealth Rock
|move|p1a: Arcanine|Flare Blitz|p2a: almighty skunk
|-damage|p2a: almighty skunk|12/100
|
|upkeep
|turn|4
|
|t:|1743875611
|move|p1a: Arcanine|Flare Blitz|p2a: almighty skunk
|-damage|p2a: almighty skunk|0 fnt
|faint|p2a: almighty skunk
|
|upkeep
|
|t:|1743875617
|switch|p2a: the trump card|Hitmonlee, M|100/100
|-damage|p2a: the trump card|94/100|[from] Stealth Rock
|turn|5
|
|t:|1743875622
|switch|p1a: Gengar|Gengar, F|100/100
|move|p2a: the trump card|Endure||[still]
|-fail|p2a: the trump card
|
|upkeep
|turn|6
|
|t:|1743875628
|move|p1a: Gengar|Sludge Wave|p2a: the trump card
|-damage|p2a: the trump card|24/100
|-enditem|p2a: the trump card|Liechi Berry|[eat]
|-boost|p2a: the trump card|atk|1|[from] item: Liechi Berry
|move|p2a: the trump card|Knock Off|p1a: Gengar
|-supereffective|p1a: Gengar
|-enditem|p1a: Gengar|Focus Sash
|-damage|p1a: Gengar|1/100
|-start|p2a: the trump card|Disable|Knock Off|[from] ability: Cursed Body|[of] p1a: Gengar
|
|upkeep
|turn|7
|
|t:|1743875646
|switch|p2a: critter skitter|Hoopa-Unbound|100/100
|-damage|p2a: critter skitter|88/100|[from] Stealth Rock
|move|p1a: Gengar|Sludge Wave|p2a: critter skitter
|-damage|p2a: critter skitter|53/100
|
|upkeep
|turn|8
|
|t:|1743875653
|move|p1a: Gengar|Destiny Bond|p1a: Gengar
|-singlemove|p1a: Gengar|Destiny Bond
|move|p2a: critter skitter|Trick Room|p2a: critter skitter
|-fieldstart|move: Trick Room|[of] p2a: critter skitter
|
|upkeep
|turn|9
|
|t:|1743875667
|move|p2a: critter skitter|Destiny Bond|p2a: critter skitter
|-singlemove|p2a: critter skitter|Destiny Bond
|move|p1a: Gengar|Sludge Wave|p2a: critter skitter
|-damage|p2a: critter skitter|15/100
|
|upkeep
|turn|10
|
|t:|1743875674
|move|p2a: critter skitter|Psychic|p1a: Gengar
|-supereffective|p1a: Gengar
|-damage|p1a: Gengar|0 fnt
|faint|p1a: Gengar
|
|upkeep
|
|t:|1743875679
|switch|p1a: Gyarados|Gyarados, F|100/100
|-ability|p1a: Gyarados|Intimidate|boost
|-unboost|p2a: critter skitter|atk|1
|turn|11
|
|t:|1743875685
|move|p2a: critter skitter|Psychic|p1a: Gyarados
|-damage|p1a: Gyarados|49/100
|move|p1a: Gyarados|Waterfall|p2a: critter skitter
|-damage|p2a: critter skitter|0 fnt
|faint|p2a: critter skitter
|
|upkeep
|
|t:|1743875706
|switch|p2a: TERA DEATH|Torterra, F|100/100
|-damage|p2a: TERA DEATH|94/100|[from] Stealth Rock
|turn|12
|
|t:|1743875713
|-terastallize|p2a: TERA DEATH|Poison
|move|p2a: TERA DEATH|Stockpile|p2a: TERA DEATH
|-start|p2a: TERA DEATH|stockpile1
|-boost|p2a: TERA DEATH|def|1
|-boost|p2a: TERA DEATH|spd|1
|move|p1a: Gyarados|Ice Fang|p2a: TERA DEATH
|-damage|p2a: TERA DEATH|85/100
|
|-fieldend|move: Trick Room
|upkeep
|turn|13
|
|t:|1743875721
|move|p1a: Gyarados|Waterfall|p2a: TERA DEATH
|-damage|p2a: TERA DEATH|69/100
|move|p2a: TERA DEATH|Stockpile|p2a: TERA DEATH
|-start|p2a: TERA DEATH|stockpile2
|-boost|p2a: TERA DEATH|def|1
|-boost|p2a: TERA DEATH|spd|1
|
|upkeep
|turn|14
|
|t:|1743875729
|move|p1a: Gyarados|Waterfall|p2a: TERA DEATH
|-damage|p2a: TERA DEATH|56/100
|cant|p2a: TERA DEATH|flinch
|
|upkeep
|turn|15
|
|t:|1743875736
|move|p1a: Gyarados|Waterfall|p2a: TERA DEATH
|-damage|p2a: TERA DEATH|44/100
|cant|p2a: TERA DEATH|flinch
|
|upkeep
|turn|16
|
|t:|1743875740
|move|p1a: Gyarados|Waterfall|p2a: TERA DEATH
|-damage|p2a: TERA DEATH|32/100
|move|p2a: TERA DEATH|Leech Seed|p1a: Gyarados
|-start|p1a: Gyarados|move: Leech Seed
|
|-damage|p1a: Gyarados|37/100|[from] Leech Seed|[of] p2a: TERA DEATH
|-heal|p2a: TERA DEATH|42/100|[silent]
|upkeep
|turn|17
|
|t:|1743875747
|switch|p1a: Electrode|Electrode-Hisui|100/100
|move|p2a: TERA DEATH|Synthesis|p2a: TERA DEATH
|-heal|p2a: TERA DEATH|92/100
|
|upkeep
|turn|18
|
|t:|1743875758
|move|p1a: Electrode|Chloroblast|p2a: TERA DEATH
|-resisted|p2a: TERA DEATH
|-damage|p2a: TERA DEATH|74/100
|-damage|p1a: Electrode|50/100|[from] Recoil
|-enditem|p2a: TERA DEATH|Maranga Berry|[eat]
|-boost|p2a: TERA DEATH|spd|1|[from] item: Maranga Berry
|-damage|p1a: Electrode|41/100|[from] item: Life Orb
|move|p2a: TERA DEATH|Crunch|p1a: Electrode
|-damage|p1a: Electrode|5/100
|-unboost|p1a: Electrode|def|1
|
|upkeep
|turn|19
|
|t:|1743875770
|move|p1a: Electrode|Explosion|p2a: TERA DEATH
|-damage|p2a: TERA DEATH|61/100
|faint|p1a: Electrode
|move|p2a: TERA DEATH|Stockpile|p2a: TERA DEATH
|-start|p2a: TERA DEATH|stockpile3
|-boost|p2a: TERA DEATH|def|1
|-boost|p2a: TERA DEATH|spd|1
|
|upkeep
|
|t:|1743875774
|switch|p1a: Salamence|Salamence, M|100/100
|turn|20
|
|t:|1743875780
|move|p1a: Salamence|Earthquake|p2a: TERA DEATH
|-supereffective|p2a: TERA DEATH
|-damage|p2a: TERA DEATH|43/100
|move|p2a: TERA DEATH|Leech Seed|p1a: Salamence
|-start|p1a: Salamence|move: Leech Seed
|
|-damage|p1a: Salamence|88/100|[from] Leech Seed|[of] p2a: TERA DEATH
|-heal|p2a: TERA DEATH|54/100|[silent]
|upkeep
|turn|21
|
|t:|1743875787
|switch|p1a: Arcanine|Arcanine-Hisui, F|100/100
|move|p2a: TERA DEATH|Crunch|p1a: Arcanine
|-damage|p1a: Arcanine|78/100
|
|upkeep
|turn|22
|
|t:|1743875793
|move|p1a: Arcanine|Head Smash|p2a: TERA DEATH
|-damage|p2a: TERA DEATH|29/100
|move|p2a: TERA DEATH|Synthesis|p2a: TERA DEATH
|-heal|p2a: TERA DEATH|79/100
|
|upkeep
|turn|23
|
|t:|1743875801
|move|p1a: Arcanine|Head Smash|p2a: TERA DEATH
|-damage|p2a: TERA DEATH|52/100
|move|p2a: TERA DEATH|Leech Seed|p1a: Arcanine
|-start|p1a: Arcanine|move: Leech Seed
|
|-damage|p1a: Arcanine|65/100|[from] Leech Seed|[of] p2a: TERA DEATH
|-heal|p2a: TERA DEATH|62/100|[silent]
|upkeep
|turn|24
|
|t:|1743875812
|move|p1a: Arcanine|Head Smash|p2a: TERA DEATH
|-damage|p2a: TERA DEATH|34/100
|move|p2a: TERA DEATH|Leech Seed||[still]
|-fail|p2a: TERA DEATH
|
|-damage|p1a: Arcanine|53/100|[from] Leech Seed|[of] p2a: TERA DEATH
|-heal|p2a: TERA DEATH|45/100|[silent]
|upkeep
|turn|25
|
|t:|1743875819
|move|p1a: Arcanine|Head Smash|p2a: TERA DEATH
|-damage|p2a: TERA DEATH|20/100
|move|p2a: TERA DEATH|Synthesis|p2a: TERA DEATH
|-heal|p2a: TERA DEATH|70/100
|
|-damage|p1a: Arcanine|40/100|[from] Leech Seed|[of] p2a: TERA DEATH
|-heal|p2a: TERA DEATH|80/100|[silent]
|upkeep
|turn|26
|
|t:|1743875827
|move|p1a: Arcanine|Head Smash|p2a: TERA DEATH
|-damage|p2a: TERA DEATH|52/100
|move|p2a: TERA DEATH|Crunch|p1a: Arcanine
|-damage|p1a: Arcanine|15/100
|
|-damage|p1a: Arcanine|3/100|[from] Leech Seed|[of] p2a: TERA DEATH
|-heal|p2a: TERA DEATH|62/100|[silent]
|upkeep
|turn|27
|
|t:|1743875834
|move|p1a: Arcanine|Head Smash|p2a: TERA DEATH
|-damage|p2a: TERA DEATH|37/100
|move|p2a: TERA DEATH|Synthesis|p2a: TERA DEATH
|-heal|p2a: TERA DEATH|87/100
|
|-damage|p1a: Arcanine|0 fnt|[from] Leech Seed|[of] p2a: TERA DEATH
|-heal|p2a: TERA DEATH|89/100|[silent]
|faint|p1a: Arcanine
|upkeep
|
|t:|1743875837
|switch|p1a: Salamence|Salamence, M|88/100
|turn|28
|
|t:|1743875846
|move|p1a: Salamence|Dragon Dance|p1a: Salamence
|-boost|p1a: Salamence|atk|1
|-boost|p1a: Salamence|spe|1
|move|p2a: TERA DEATH|Crunch|p1a: Salamence
|-damage|p1a: Salamence|65/100
|-damage|p2a: TERA DEATH|73/100|[from] item: Rocky Helmet|[of] p1a: Salamence
|
|upkeep
|turn|29
|
|t:|1743875853
|move|p1a: Salamence|Dragon Dance|p1a: Salamence
|-boost|p1a: Salamence|atk|1
|-boost|p1a: Salamence|spe|1
|move|p2a: TERA DEATH|Leech Seed|p1a: Salamence
|-start|p1a: Salamence|move: Leech Seed
|
|-damage|p1a: Salamence|53/100|[from] Leech Seed|[of] p2a: TERA DEATH
|-heal|p2a: TERA DEATH|83/100|[silent]
|upkeep
|turn|30
|
|t:|1743875865
|move|p1a: Salamence|Earthquake|p2a: TERA DEATH
|-supereffective|p2a: TERA DEATH
|-damage|p2a: TERA DEATH|48/100
|move|p2a: TERA DEATH|Crunch|p1a: Salamence
|-damage|p1a: Salamence|27/100
|-damage|p2a: TERA DEATH|31/100|[from] item: Rocky Helmet|[of] p1a: Salamence
|
|-damage|p1a: Salamence|15/100|[from] Leech Seed|[of] p2a: TERA DEATH
|-heal|p2a: TERA DEATH|42/100|[silent]
|upkeep
|turn|31
|
|t:|1743875874
|move|p1a: Salamence|Earthquake|p2a: TERA DEATH
|-supereffective|p2a: TERA DEATH
|-damage|p2a: TERA DEATH|6/100
|move|p2a: TERA DEATH|Synthesis|p2a: TERA DEATH
|-heal|p2a: TERA DEATH|56/100
|
|-damage|p1a: Salamence|3/100|[from] Leech Seed|[of] p2a: TERA DEATH
|-heal|p2a: TERA DEATH|67/100|[silent]
|upkeep
|turn|32
|
|t:|1743875882
|move|p1a: Salamence|Earthquake|p2a: TERA DEATH
|-supereffective|p2a: TERA DEATH
|-damage|p2a: TERA DEATH|30/100
|move|p2a: TERA DEATH|Synthesis|p2a: TERA DEATH
|-heal|p2a: TERA DEATH|80/100
|
|-damage|p1a: Salamence|0 fnt|[from] Leech Seed|[of] p2a: TERA DEATH
|-heal|p2a: TERA DEATH|82/100|[silent]
|faint|p1a: Salamence
|upkeep
|
|t:|1743875884
|switch|p1a: Gyarados|Gyarados, F|37/100
|-ability|p1a: Gyarados|Intimidate|boost
|-unboost|p2a: TERA DEATH|atk|1
|turn|33
|
|t:|1743875893
|move|p1a: Gyarados|Waterfall|p2a: TERA DEATH
|-damage|p2a: TERA DEATH|71/100
|move|p2a: TERA DEATH|Leech Seed|p1a: Gyarados
|-start|p1a: Gyarados|move: Leech Seed
|
|-damage|p1a: Gyarados|25/100|[from] Leech Seed|[of] p2a: TERA DEATH
|-heal|p2a: TERA DEATH|82/100|[silent]
|upkeep
|turn|34
|
|t:|1743875900
|switch|p2a: u ready?|Sinistcha|100/100
|-damage|p2a: u ready?|88/100|[from] Stealth Rock
|move|p1a: Gyarados|Waterfall|p2a: u ready?
|-resisted|p2a: u ready?
|-damage|p2a: u ready?|69/100
|
|-damage|p1a: Gyarados|12/100|[from] Leech Seed|[of] p2a: u ready?
|-heal|p2a: u ready?|84/100|[silent]
|upkeep
|turn|35
|
|t:|1743875908
|switch|p2a: glegle|Smeargle, M|100/100
|-damage|p2a: glegle|88/100|[from] Stealth Rock
|move|p1a: Gyarados|Crunch|p2a: glegle
|-damage|p2a: glegle|10/100
|-unboost|p2a: glegle|def|1
|
|-damage|p1a: Gyarados|0 fnt|[from] Leech Seed|[of] p2a: glegle
|-heal|p2a: glegle|26/100|[silent]
|faint|p1a: Gyarados
|
|win|chewfive
|raw|Awsomeduse10077's rating: 1160 &rarr; <strong>1137</strong><br />(-23 for losing)
|raw|chewfive's rating: 1186 &rarr; <strong>1209</strong><br />(+23 for winning)
|l|☆chewfive
|player|p2|
|l|☆Awsomeduse10077
|player|p1|
