|j|☆Kis Vegallomas
|j|☆frifrifri
|t:|1743879428
|gametype|singles
|player|p1|Kis Vegallomas|265|1442
|player|p2|frifrifri|blackbelt-gen4dp|1395
|teamsize|p1|6
|teamsize|p2|6
|gen|9
|tier|[Gen 9] OU
|rated|
|rule|HP Percentage Mod: HP is shown in percentages
|rule|Endless Battle Clause: Forcing endless battles is banned
|rule|Species Clause: Limit one of each Pokémon
|rule|OHKO Clause: OHKO moves are banned
|rule|Evasion Items Clause: Evasion items are banned
|rule|Evasion Moves Clause: Evasion moves are banned
|rule|Sleep Moves Clause: Sleep-inducing moves are banned
|clearpoke
|poke|p1|Mandibuzz, F|
|poke|p1|Donphan, F|
|poke|p1|Frosmoth, F|
|poke|p1|Klefki, M|
|poke|p1|Polteageist-Antique|
|poke|p1|Cinderace, M|
|poke|p2|Hoopa-Unbound|
|poke|p2|Ogerpon-Wellspring, F|
|poke|p2|Cinderace, F|
|poke|p2|Primarina, F|
|poke|p2|Corviknight, F|
|poke|p2|Landorus-Therian, M|
|teampreview
|inactive|Battle timer is ON: inactive players will automatically lose when time's up. (requested by Kis Vegallomas)
|
|t:|1743879436
|start
|switch|p1a: Donphan|Donphan, F|100/100
|switch|p2a: Primarina|Primarina, F|100/100
|turn|1
|
|t:|1743879441
|move|p2a: Primarina|Flip Turn|p1a: Donphan
|-supereffective|p1a: Donphan
|-damage|p1a: Donphan|82/100
|
|t:|1743879446
|switch|p2a: Corviknight|Corviknight, F|100/100|[from] Flip Turn
|-ability|p2a: Corviknight|Pressure
|move|p1a: Donphan|Earthquake|p2a: Corviknight
|-immune|p2a: Corviknight
|
|upkeep
|turn|2
|
|t:|1743879452
|move|p2a: Corviknight|U-turn|p1a: Donphan
|-damage|p1a: Donphan|72/100
|
|t:|1743879455
|switch|p2a: Landorus|Landorus-Therian, M|100/100|[from] U-turn
|-ability|p2a: Landorus|Intimidate|boost
|-unboost|p1a: Donphan|atk|1
|move|p1a: Donphan|Stealth Rock|p2a: Landorus
|-sidestart|p2: frifrifri|move: Stealth Rock
|
|upkeep
|turn|3
|
|t:|1743879467
|switch|p1a: Mandibuzz|Mandibuzz, F|100/100
|move|p2a: Landorus|U-turn|p1a: Mandibuzz
|-damage|p1a: Mandibuzz|85/100
|
|t:|1743879471
|switch|p2a: Hoopa|Hoopa-Unbound|100/100|[from] U-turn
|-damage|p2a: Hoopa|88/100|[from] Stealth Rock
|
|-heal|p1a: Mandibuzz|91/100|[from] item: Leftovers
|upkeep
|turn|4
|
|t:|1743879476
|switch|p1a: Donphan|Donphan, F|72/100
|move|p2a: Hoopa|Tera Blast|p1a: Donphan
|-damage|p1a: Donphan|0 fnt
|faint|p1a: Donphan
|
|upkeep
|
|t:|1743879484
|switch|p1a: Polteageist|Polteageist-Antique, shiny|100/100
|turn|5
|
|t:|1743879491
|switch|p2a: Primarina|Primarina, F|100/100
|-damage|p2a: Primarina|88/100|[from] Stealth Rock
|move|p1a: Polteageist|Shell Smash|p1a: Polteageist
|-unboost|p1a: Polteageist|def|1
|-unboost|p1a: Polteageist|spd|1
|-boost|p1a: Polteageist|atk|2
|-boost|p1a: Polteageist|spa|2
|-boost|p1a: Polteageist|spe|2
|
|upkeep
|turn|6
|
|t:|1743879494
|move|p1a: Polteageist|Stored Power|p2a: Primarina
|-damage|p2a: Primarina|29/100
|move|p2a: Primarina|Moonblast|p1a: Polteageist
|-damage|p1a: Polteageist|10/100
|
|upkeep
|turn|7
|
|t:|1743879499
|move|p1a: Polteageist|Shadow Ball|p2a: Primarina
|-damage|p2a: Primarina|0 fnt
|faint|p2a: Primarina
|
|upkeep
|
|t:|1743879506
|switch|p2a: Landorus|Landorus-Therian, M|100/100
|-damage|p2a: Landorus|88/100|[from] Stealth Rock
|-ability|p2a: Landorus|Intimidate|boost
|-unboost|p1a: Polteageist|atk|1
|turn|8
|
|t:|1743879509
|move|p1a: Polteageist|Stored Power|p2a: Landorus
|-damage|p2a: Landorus|0 fnt
|faint|p2a: Landorus
|
|upkeep
|
|t:|1743879524
|switch|p2a: Corviknight|Corviknight, F|100/100
|-damage|p2a: Corviknight|88/100|[from] Stealth Rock
|-ability|p2a: Corviknight|Pressure
|turn|9
|
|t:|1743879526
|move|p1a: Polteageist|Shadow Ball|p2a: Corviknight
|-damage|p2a: Corviknight|3/100
|move|p2a: Corviknight|U-turn|p1a: Polteageist
|-resisted|p1a: Polteageist
|-damage|p1a: Polteageist|0 fnt
|faint|p1a: Polteageist
|
|t:|1743879534
|switch|p2a: Ogerpon|Ogerpon-Wellspring, F|100/100|[from] U-turn
|-damage|p2a: Ogerpon|88/100|[from] Stealth Rock
|
|upkeep
|
|t:|1743879538
|switch|p1a: Mandibuzz|Mandibuzz, F|91/100
|turn|10
|
|t:|1743879544
|move|p2a: Ogerpon|U-turn|p1a: Mandibuzz
|-damage|p1a: Mandibuzz|75/100
|
|t:|1743879546
|switch|p2a: Cinderace|Cinderace, F|100/100|[from] U-turn
|move|p1a: Mandibuzz|Foul Play|p2a: Cinderace
|-damage|p2a: Cinderace|54/100
|
|-heal|p1a: Mandibuzz|81/100|[from] item: Leftovers
|upkeep
|turn|11
|
|t:|1743879551
|move|p2a: Cinderace|Court Change|p2a: Cinderace
|-start|p2a: Cinderace|typechange|Normal|[from] ability: Libero
|-swapsideconditions
|-activate|p2a: Cinderace|move: Court Change
|move|p1a: Mandibuzz|Toxic|p2a: Cinderace
|-status|p2a: Cinderace|tox
|
|-heal|p1a: Mandibuzz|88/100|[from] item: Leftovers
|-damage|p2a: Cinderace|47/100 tox|[from] psn
|upkeep
|turn|12
|
|t:|1743879558
|move|p2a: Cinderace|U-turn|p1a: Mandibuzz
|-damage|p1a: Mandibuzz|77/100
|
|t:|1743879563
|switch|p2a: Corviknight|Corviknight, F|3/100|[from] U-turn
|-ability|p2a: Corviknight|Pressure
|move|p1a: Mandibuzz|U-turn|p2a: Corviknight
|-resisted|p2a: Corviknight
|-damage|p2a: Corviknight|2/100
|-damage|p1a: Mandibuzz|60/100|[from] item: Rocky Helmet|[of] p2a: Corviknight
|
|t:|1743879565
|switch|p1a: Cinderace|Cinderace, M|100/100|[from] U-turn
|
|upkeep
|turn|13
|
|t:|1743879570
|move|p1a: Cinderace|Pyro Ball|p2a: Corviknight
|-supereffective|p2a: Corviknight
|-damage|p2a: Corviknight|0 fnt
|faint|p2a: Corviknight
|
|upkeep
|
|t:|1743879572
|switch|p2a: Ogerpon|Ogerpon-Wellspring, F|88/100
|turn|14
|
|t:|1743879579
|move|p1a: Cinderace|Court Change|p1a: Cinderace
|-start|p1a: Cinderace|typechange|Normal|[from] ability: Libero
|-swapsideconditions
|-activate|p1a: Cinderace|move: Court Change
|move|p2a: Ogerpon|Ivy Cudgel|p1a: Cinderace|[anim] Ivy Cudgel Water
|-damage|p1a: Cinderace|19/100
|
|upkeep
|turn|15
|
|t:|1743879583
|switch|p1a: Mandibuzz|Mandibuzz, F|60/100
|move|p2a: Ogerpon|Swords Dance|p2a: Ogerpon
|-boost|p2a: Ogerpon|atk|2
|
|-heal|p1a: Mandibuzz|66/100|[from] item: Leftovers
|upkeep
|turn|16
|
|t:|1743879587
|move|p2a: Ogerpon|Ivy Cudgel|p1a: Mandibuzz|[anim] Ivy Cudgel Water
|-damage|p1a: Mandibuzz|0 fnt
|faint|p1a: Mandibuzz
|
|upkeep
|
|t:|1743879589
|switch|p1a: Klefki|Klefki, M|100/100
|turn|17
|
|t:|1743879593
|move|p1a: Klefki|Reflect|p1a: Klefki
|-sidestart|p1: Kis Vegallomas|Reflect
|move|p2a: Ogerpon|Ivy Cudgel|p1a: Klefki|[anim] Ivy Cudgel Water
|-crit|p1a: Klefki
|-damage|p1a: Klefki|0 fnt
|faint|p1a: Klefki
|
|upkeep
|
|t:|1743879603
|switch|p1a: Cinderace|Cinderace, M|19/100
|turn|18
|
|t:|1743879608
|move|p1a: Cinderace|Pyro Ball|p2a: Ogerpon
|-damage|p2a: Ogerpon|11/100
|move|p2a: Ogerpon|Ivy Cudgel|p1a: Cinderace|[anim] Ivy Cudgel Water
|-supereffective|p1a: Cinderace
|-damage|p1a: Cinderace|0 fnt
|faint|p1a: Cinderace
|
|upkeep
|
|t:|1743879611
|switch|p1a: Frosmoth|Frosmoth, F|100/100
|turn|19
|
|t:|1743879626
|-terastallize|p2a: Ogerpon|Water
|detailschange|p2a: Ogerpon|Ogerpon-Wellspring-Tera, F, tera:Water
|-ability|p2a: Ogerpon|Embody Aspect (Wellspring)|boost
|-boost|p2a: Ogerpon|spd|1
|-terastallize|p1a: Frosmoth|Water
|move|p2a: Ogerpon|Ivy Cudgel|p1a: Frosmoth|[anim] Ivy Cudgel Water
|-resisted|p1a: Frosmoth
|-damage|p1a: Frosmoth|25/100
|move|p1a: Frosmoth|Giga Drain|p2a: Ogerpon
|-supereffective|p2a: Ogerpon
|-damage|p2a: Ogerpon|0 fnt
|-heal|p1a: Frosmoth|31/100|[from] drain|[of] p2a: Ogerpon
|faint|p2a: Ogerpon
|
|upkeep
|
|t:|1743879636
|switch|p2a: Hoopa|Hoopa-Unbound|88/100
|-damage|p2a: Hoopa|76/100|[from] Stealth Rock
|turn|20
|
|t:|1743879644
|move|p2a: Hoopa|Psychic|p1a: Frosmoth
|-damage|p1a: Frosmoth|0 fnt
|faint|p1a: Frosmoth
|
|win|frifrifri
|raw|Kis Vegallomas's rating: 1442 &rarr; <strong>1419</strong><br />(-23 for losing)
|raw|frifrifri's rating: 1395 &rarr; <strong>1418</strong><br />(+23 for winning)
|l|☆frifrifri
|player|p2|
|l|☆Kis Vegallomas
|player|p1|
