|j|☆Johnathan Parker
|j|☆chlawse
|t:|1743937165
|gametype|singles
|player|p1|Johnathan Parker|giovanni|1248
|player|p2|chlawse|170|1251
|teamsize|p1|6
|teamsize|p2|6
|gen|9
|tier|[Gen 9] OU
|rated|
|rule|HP Percentage Mod: HP is shown in percentages
|rule|Endless Battle Clause: Forcing endless battles is banned
|rule|Species Clause: Limit one of each Pokémon
|rule|OHKO Clause: OHKO moves are banned
|rule|Evasion Items Clause: Evasion items are banned
|rule|Evasion Moves Clause: Evasion moves are banned
|rule|Sleep Moves Clause: Sleep-inducing moves are banned
|clearpoke
|poke|p1|Vivillon-Pokeball, F|
|poke|p1|Blaziken, M|
|poke|p1|Rillaboom, M|
|poke|p1|Dragapult, F|
|poke|p1|Corviknight, F|
|poke|p1|Jolteon, M|
|poke|p2|Kyurem|
|poke|p2|Moltres|
|poke|p2|Primarina, F|
|poke|p2|Iron Moth|
|poke|p2|Rillaboom, F|
|poke|p2|Great Tusk|
|teampreview
|inactive|Battle timer is ON: inactive players will automatically lose when time's up. (requested by Johnathan Parker)
|
|t:|1743937188
|start
|switch|p1a: Jolteon|Jolteon, M|100/100
|switch|p2a: Kyurem|Kyurem|100/100
|-ability|p2a: Kyurem|Pressure
|turn|1
|
|t:|1743937197
|move|p1a: Jolteon|Alluring Voice|p2a: Kyurem
|-supereffective|p2a: Kyurem
|-damage|p2a: Kyurem|27/100
|move|p2a: Kyurem|Ice Beam|p1a: Jolteon
|-damage|p1a: Jolteon|12/100
|
|upkeep
|turn|2
|
|t:|1743937204
|switch|p2a: Rillaboom|Rillaboom, F|100/100
|-fieldstart|move: Grassy Terrain|[from] ability: Grassy Surge|[of] p2a: Rillaboom
|move|p1a: Jolteon|Alluring Voice|p2a: Rillaboom
|-damage|p2a: Rillaboom|55/100
|
|-heal|p1a: Jolteon|17/100|[from] Grassy Terrain
|-heal|p2a: Rillaboom|61/100|[from] Grassy Terrain
|upkeep
|turn|3
|inactive|Johnathan Parker has 120 seconds left.
|
|t:|1743937236
|switch|p1a: Rillaboom|Rillaboom, M|100/100
|move|p2a: Rillaboom|Grassy Glide|p1a: Rillaboom
|-resisted|p1a: Rillaboom
|-damage|p1a: Rillaboom|84/100
|
|-heal|p2a: Rillaboom|67/100|[from] Grassy Terrain
|-heal|p1a: Rillaboom|90/100|[from] Grassy Terrain
|upkeep
|turn|4
|
|t:|1743937246
|switch|p2a: Moltres|Moltres|100/100
|move|p1a: Rillaboom|Knock Off|p2a: Moltres
|-damage|p2a: Moltres|79/100
|-status|p1a: Rillaboom|brn|[from] ability: Flame Body|[of] p2a: Moltres
|-enditem|p2a: Moltres|Heavy-Duty Boots|[from] move: Knock Off|[of] p1a: Rillaboom
|
|-heal|p1a: Rillaboom|96/100 brn|[from] Grassy Terrain
|-damage|p1a: Rillaboom|90/100 brn|[from] brn
|upkeep
|turn|5
|
|t:|1743937257
|move|p2a: Moltres|U-turn|p1a: Rillaboom
|-supereffective|p1a: Rillaboom
|-damage|p1a: Rillaboom|66/100 brn
|
|t:|1743937260
|switch|p2a: Iron Moth|Iron Moth|100/100|[from] U-turn
|-enditem|p2a: Iron Moth|Booster Energy
|-activate|p2a: Iron Moth|ability: Quark Drive|[fromitem]
|-start|p2a: Iron Moth|quarkdrivespe
|move|p1a: Rillaboom|U-turn|p2a: Iron Moth
|-resisted|p2a: Iron Moth
|-damage|p2a: Iron Moth|96/100
|inactive|Johnathan Parker has 120 seconds left.
|
|t:|1743937285
|switch|p1a: Vivillon|Vivillon-Pokeball, F|100/100|[from] U-turn
|
|-heal|p2a: Iron Moth|100/100|[from] Grassy Terrain
|upkeep
|turn|6
|
|t:|1743937289
|move|p2a: Iron Moth|Fiery Dance|p1a: Vivillon
|-supereffective|p1a: Vivillon
|-enditem|p1a: Vivillon|Focus Sash
|-damage|p1a: Vivillon|1/100
|move|p1a: Vivillon|Hurricane|p2a: Iron Moth
|-damage|p2a: Iron Moth|49/100
|-start|p2a: Iron Moth|confusion
|
|-heal|p2a: Iron Moth|55/100|[from] Grassy Terrain
|upkeep
|turn|7
|inactive|Johnathan Parker has 120 seconds left.
|
|t:|1743937300
|-activate|p2a: Iron Moth|confusion
|-damage|p2a: Iron Moth|48/100|[from] confusion
|move|p1a: Vivillon|Hurricane|p2a: Iron Moth
|-damage|p2a: Iron Moth|0 fnt
|faint|p2a: Iron Moth
|-end|p2a: Iron Moth|Quark Drive|[silent]
|
|upkeep
|
|t:|1743937309
|switch|p2a: Rillaboom|Rillaboom, F|67/100
|turn|8
|
|t:|1743937313
|move|p2a: Rillaboom|Grassy Glide|p1a: Vivillon
|-resisted|p1a: Vivillon
|-damage|p1a: Vivillon|0 fnt
|faint|p1a: Vivillon
|
|-heal|p2a: Rillaboom|73/100|[from] Grassy Terrain
|upkeep
|
|t:|1743937322
|switch|p1a: Blaziken|Blaziken, M|100/100
|turn|9
|
|t:|1743937327
|switch|p2a: Primarina|Primarina, F|100/100
|move|p1a: Blaziken|Swords Dance|p1a: Blaziken
|-boost|p1a: Blaziken|atk|2
|
|-fieldend|move: Grassy Terrain
|-ability|p1a: Blaziken|Speed Boost|boost
|-boost|p1a: Blaziken|spe|1
|upkeep
|turn|10
|
|t:|1743937342
|-terastallize|p1a: Blaziken|Water
|move|p1a: Blaziken|Flare Blitz|p2a: Primarina
|-resisted|p2a: Primarina
|-damage|p2a: Primarina|3/100
|-damage|p1a: Blaziken|71/100|[from] Recoil
|-damage|p1a: Blaziken|61/100|[from] item: Life Orb
|move|p2a: Primarina|Surf|p1a: Blaziken
|-resisted|p1a: Blaziken
|-damage|p1a: Blaziken|13/100
|
|-ability|p1a: Blaziken|Speed Boost|boost
|-boost|p1a: Blaziken|spe|1
|upkeep
|turn|11
|
|t:|1743937359
|switch|p2a: Moltres|Moltres|79/100
|move|p1a: Blaziken|Close Combat|p2a: Moltres
|-resisted|p2a: Moltres
|-damage|p2a: Moltres|27/100
|-unboost|p1a: Blaziken|def|1
|-unboost|p1a: Blaziken|spd|1
|-damage|p1a: Blaziken|4/100|[from] item: Life Orb
|
|-ability|p1a: Blaziken|Speed Boost|boost
|-boost|p1a: Blaziken|spe|1
|upkeep
|turn|12
|
|t:|1743937372
|move|p1a: Blaziken|Flare Blitz|p2a: Moltres
|-resisted|p2a: Moltres
|-damage|p2a: Moltres|0 fnt
|faint|p2a: Moltres
|-damage|p1a: Blaziken|0 fnt|[from] Recoil
|faint|p1a: Blaziken
|
|upkeep
|
|t:|1743937387
|switch|p1a: Dragapult|Dragapult, F|100/100
|switch|p2a: Kyurem|Kyurem|27/100
|-ability|p2a: Kyurem|Pressure
|turn|13
|
|t:|1743937393
|move|p1a: Dragapult|Dragon Darts|p2a: Kyurem
|-supereffective|p2a: Kyurem
|-damage|p2a: Kyurem|0 fnt
|faint|p2a: Kyurem
|
|upkeep
|-message|chlawse forfeited.
|
|win|Johnathan Parker
|raw|Johnathan Parker's rating: 1268 &rarr; <strong>1292</strong><br />(+24 for winning)
|raw|chlawse's rating: 1251 &rarr; <strong>1227</strong><br />(-24 for losing)
|l|☆chlawse
|player|p2|
