|j|☆thebanest
|j|☆TJTShowdown
|t:|1743788252
|gametype|singles
|player|p1|thebanest|266|1118
|player|p2|TJTShowdown|102|1170
|teamsize|p1|6
|teamsize|p2|6
|gen|9
|tier|[Gen 9] OU
|rated|
|rule|HP Percentage Mod: HP is shown in percentages
|rule|Endless Battle Clause: Forcing endless battles is banned
|rule|Species Clause: Limit one of each Pokémon
|rule|OHKO Clause: OHKO moves are banned
|rule|Evasion Items Clause: Evasion items are banned
|rule|Evasion Moves Clause: Evasion moves are banned
|rule|Sleep Moves Clause: Sleep-inducing moves are banned
|clearpoke
|poke|p1|Ting-Lu|
|poke|p1|Blaziken, F|
|poke|p1|Hawlucha, F|
|poke|p1|Corviknight, M|
|poke|p1|Raging Bolt|
|poke|p1|Garganacl, F|
|poke|p2|Zamazenta-*|
|poke|p2|Dragapult, F|
|poke|p2|Alomomola, F|
|poke|p2|Great Tusk|
|poke|p2|Thundurus-Therian, M|
|poke|p2|Kingambit, F|
|teampreview
|
|t:|1743788262
|start
|switch|p1a: Ting-Lu|Ting-Lu|100/100
|switch|p2a: Zamazenta|Zamazenta|100/100
|-ability|p2a: Zamazenta|Dauntless Shield|boost
|-boost|p2a: Zamazenta|def|1
|-ability|p1a: Ting-Lu|Vessel of Ruin
|turn|1
|
|t:|1743788274
|switch|p1a: Hawlucha|Hawlucha, F|100/100
|move|p2a: Zamazenta|Close Combat|p1a: Hawlucha
|-resisted|p1a: Hawlucha
|-damage|p1a: Hawlucha|67/100
|-unboost|p2a: Zamazenta|def|1
|-unboost|p2a: Zamazenta|spd|1
|
|upkeep
|turn|2
|
|t:|1743788290
|switch|p2a: Dragapult|Dragapult, F|100/100
|move|p1a: Hawlucha|Close Combat|p2a: Dragapult
|-immune|p2a: Dragapult
|
|upkeep
|turn|3
|
|t:|1743788304
|switch|p1a: Corviknight|Corviknight, M|100/100
|move|p2a: Dragapult|U-turn|p1a: Corviknight
|-resisted|p1a: Corviknight
|-damage|p1a: Corviknight|97/100
|
|t:|1743788311
|switch|p2a: Thundurus|Thundurus-Therian, M|100/100|[from] U-turn
|
|upkeep
|turn|4
|
|t:|1743788322
|switch|p2a: Alomomola|Alomomola, F|100/100
|switch|p1a: Garganacl|Garganacl, F|100/100
|
|upkeep
|turn|5
|
|t:|1743788332
|move|p2a: Alomomola|Liquidation|p1a: Garganacl
|-supereffective|p1a: Garganacl
|-damage|p1a: Garganacl|55/100
|move|p1a: Garganacl|Rock Polish|p1a: Garganacl
|-boost|p1a: Garganacl|spe|2
|
|-heal|p1a: Garganacl|61/100|[from] item: Leftovers
|upkeep
|turn|6
|
|t:|1743788344
|move|p1a: Garganacl|Thunder Punch|p2a: Alomomola
|-supereffective|p2a: Alomomola
|-damage|p2a: Alomomola|72/100
|move|p2a: Alomomola|Flip Turn|p1a: Garganacl
|-supereffective|p1a: Garganacl
|-damage|p1a: Garganacl|30/100
|
|t:|1743788354
|switch|p2a: Zamazenta|Zamazenta|100/100|[from] Flip Turn
|
|-heal|p1a: Garganacl|36/100|[from] item: Leftovers
|upkeep
|turn|7
|
|t:|1743788360
|switch|p1a: Corviknight|Corviknight, M|97/100
|move|p2a: Zamazenta|Close Combat|p1a: Corviknight
|-damage|p1a: Corviknight|43/100
|-unboost|p2a: Zamazenta|def|1
|-unboost|p2a: Zamazenta|spd|1
|
|upkeep
|turn|8
|
|t:|1743788371
|switch|p1a: Hawlucha|Hawlucha, F|67/100
|move|p2a: Zamazenta|Close Combat|p1a: Hawlucha
|-resisted|p1a: Hawlucha
|-damage|p1a: Hawlucha|36/100
|-unboost|p2a: Zamazenta|def|1
|-unboost|p2a: Zamazenta|spd|1
|
|upkeep
|turn|9
|
|t:|1743788383
|switch|p2a: Dragapult|Dragapult, F|100/100
|move|p1a: Hawlucha|Stone Edge|p2a: Dragapult
|-damage|p2a: Dragapult|67/100
|
|upkeep
|turn|10
|
|t:|1743788396
|switch|p1a: Corviknight|Corviknight, M|43/100
|move|p2a: Dragapult|Flamethrower|p1a: Corviknight
|-supereffective|p1a: Corviknight
|-damage|p1a: Corviknight|12/100
|
|upkeep
|turn|11
|
|t:|1743788410
|switch|p1a: Garganacl|Garganacl, F|36/100
|move|p2a: Dragapult|Flamethrower|p1a: Garganacl
|-resisted|p1a: Garganacl
|-damage|p1a: Garganacl|26/100
|
|-heal|p1a: Garganacl|33/100|[from] item: Leftovers
|upkeep
|turn|12
|
|t:|1743788419
|move|p2a: Dragapult|Dragon Pulse|p1a: Garganacl
|-damage|p1a: Garganacl|8/100
|move|p1a: Garganacl|Salt Cure|p2a: Dragapult
|-damage|p2a: Dragapult|47/100
|-start|p2a: Dragapult|Salt Cure
|
|-heal|p1a: Garganacl|14/100|[from] item: Leftovers
|-damage|p2a: Dragapult|35/100|[from] Salt Cure
|upkeep
|turn|13
|
|t:|1743788429
|switch|p1a: Corviknight|Corviknight, M|12/100
|move|p2a: Dragapult|U-turn|p1a: Corviknight
|-resisted|p1a: Corviknight
|-damage|p1a: Corviknight|9/100
|
|t:|1743788435
|switch|p2a: Alomomola|Alomomola, F|100/100|[from] U-turn
|
|upkeep
|turn|14
|
|t:|1743788440
|move|p1a: Corviknight|U-turn|p2a: Alomomola
|-crit|p2a: Alomomola
|-damage|p2a: Alomomola|81/100
|
|t:|1743788449
|switch|p1a: Garganacl|Garganacl, F|14/100|[from] U-turn
|move|p2a: Alomomola|Wish|p2a: Alomomola
|
|-heal|p2a: Alomomola|87/100|[from] item: Leftovers
|-heal|p1a: Garganacl|20/100|[from] item: Leftovers
|upkeep
|turn|15
|
|t:|1743788466
|move|p2a: Alomomola|Flip Turn|p1a: Garganacl
|-supereffective|p1a: Garganacl
|-damage|p1a: Garganacl|0 fnt
|faint|p1a: Garganacl
|
|t:|1743788471
|switch|p2a: Dragapult|Dragapult, F|35/100|[from] Flip Turn
|
|-heal|p2a: Dragapult|100/100|[from] move: Wish|[wisher] Alomomola
|upkeep
|
|t:|1743788477
|switch|p1a: Blaziken|Blaziken, F|100/100
|turn|16
|
|t:|1743788497
|switch|p2a: Great Tusk|Great Tusk|100/100
|move|p1a: Blaziken|Swords Dance|p1a: Blaziken
|-boost|p1a: Blaziken|atk|2
|
|-ability|p1a: Blaziken|Speed Boost|boost
|-boost|p1a: Blaziken|spe|1
|upkeep
|turn|17
|
|t:|1743788511
|-terastallize|p2a: Great Tusk|Ghost
|move|p1a: Blaziken|Close Combat|p2a: Great Tusk
|-immune|p2a: Great Tusk
|move|p2a: Great Tusk|Close Combat|p1a: Blaziken
|-damage|p1a: Blaziken|21/100
|-unboost|p2a: Great Tusk|def|1
|-unboost|p2a: Great Tusk|spd|1
|
|-heal|p1a: Blaziken|27/100|[from] item: Leftovers
|-ability|p1a: Blaziken|Speed Boost|boost
|-boost|p1a: Blaziken|spe|1
|upkeep
|turn|18
|
|t:|1743788532
|-end|p2a: Great Tusk|Protosynthesis|[silent]
|switch|p2a: Kingambit|Kingambit, F|100/100
|move|p1a: Blaziken|Protect||[still]
|-fail|p1a: Blaziken
|
|-heal|p1a: Blaziken|33/100|[from] item: Leftovers
|-ability|p1a: Blaziken|Speed Boost|boost
|-boost|p1a: Blaziken|spe|1
|upkeep
|turn|19
|
|t:|1743788543
|-end|p2a: Kingambit|fallenundefined|[silent]
|switch|p2a: Dragapult|Dragapult, F|100/100
|move|p1a: Blaziken|Swords Dance|p1a: Blaziken
|-boost|p1a: Blaziken|atk|2
|
|-heal|p1a: Blaziken|39/100|[from] item: Leftovers
|-ability|p1a: Blaziken|Speed Boost|boost
|-boost|p1a: Blaziken|spe|1
|upkeep
|turn|20
|
|t:|1743788556
|move|p1a: Blaziken|Fire Punch|p2a: Dragapult
|-resisted|p2a: Dragapult
|-damage|p2a: Dragapult|28/100
|-status|p2a: Dragapult|brn
|move|p2a: Dragapult|Dragon Pulse|p1a: Blaziken
|-damage|p1a: Blaziken|0 fnt
|faint|p1a: Blaziken
|
|-damage|p2a: Dragapult|22/100 brn|[from] brn
|upkeep
|
|t:|1743788569
|switch|p1a: Ting-Lu|Ting-Lu|100/100
|-ability|p1a: Ting-Lu|Vessel of Ruin
|turn|21
|
|t:|1743788573
|move|p2a: Dragapult|U-turn|p1a: Ting-Lu
|-supereffective|p1a: Ting-Lu
|-damage|p1a: Ting-Lu|93/100
|
|t:|1743788576
|switch|p2a: Alomomola|Alomomola, F|100/100|[from] U-turn
|move|p1a: Ting-Lu|Stealth Rock|p2a: Alomomola
|-sidestart|p2: TJTShowdown|move: Stealth Rock
|
|-heal|p1a: Ting-Lu|99/100|[from] item: Leftovers
|upkeep
|turn|22
|
|t:|1743788589
|move|p2a: Alomomola|Flip Turn|p1a: Ting-Lu
|-supereffective|p1a: Ting-Lu
|-damage|p1a: Ting-Lu|75/100
|
|t:|1743788598
|switch|p2a: Zamazenta|Zamazenta|100/100|[from] Flip Turn
|-damage|p2a: Zamazenta|94/100|[from] Stealth Rock
|move|p1a: Ting-Lu|Whirlwind|p2a: Zamazenta
|drag|p2a: Dragapult|Dragapult, F|22/100 brn
|-damage|p2a: Dragapult|9/100 brn|[from] Stealth Rock
|
|-heal|p1a: Ting-Lu|81/100|[from] item: Leftovers
|-damage|p2a: Dragapult|3/100 brn|[from] brn
|upkeep
|turn|23
|
|t:|1743788617
|move|p2a: Dragapult|U-turn|p1a: Ting-Lu
|-supereffective|p1a: Ting-Lu
|-crit|p1a: Ting-Lu
|-damage|p1a: Ting-Lu|70/100
|
|t:|1743788625
|switch|p2a: Great Tusk|Great Tusk, tera:Ghost|100/100|[from] U-turn
|move|p1a: Ting-Lu|Spikes|p2a: Great Tusk
|-sidestart|p2: TJTShowdown|Spikes
|
|-heal|p1a: Ting-Lu|76/100|[from] item: Leftovers
|upkeep
|turn|24
|
|t:|1743788637
|-terastallize|p1a: Ting-Lu|Flying
|move|p2a: Great Tusk|Knock Off|p1a: Ting-Lu
|-damage|p1a: Ting-Lu|58/100
|-enditem|p1a: Ting-Lu|Leftovers|[from] move: Knock Off|[of] p2a: Great Tusk
|move|p1a: Ting-Lu|Throat Chop|p2a: Great Tusk
|-supereffective|p2a: Great Tusk
|-damage|p2a: Great Tusk|58/100
|-start|p2a: Great Tusk|Throat Chop|[silent]
|
|upkeep
|turn|25
|
|t:|1743788648
|move|p2a: Great Tusk|Rapid Spin|p1a: Ting-Lu
|-damage|p1a: Ting-Lu|48/100
|-boost|p2a: Great Tusk|spe|1
|-sideend|p2: TJTShowdown|Spikes|[from] move: Rapid Spin|[of] p2a: Great Tusk
|-sideend|p2: TJTShowdown|Stealth Rock|[from] move: Rapid Spin|[of] p2a: Great Tusk
|move|p1a: Ting-Lu|Throat Chop|p2a: Great Tusk
|-supereffective|p2a: Great Tusk
|-damage|p2a: Great Tusk|15/100
|
|-end|p2a: Great Tusk|Throat Chop|[silent]
|upkeep
|turn|26
|
|t:|1743788662
|-end|p2a: Great Tusk|Protosynthesis|[silent]
|switch|p2a: Alomomola|Alomomola, F|100/100
|move|p1a: Ting-Lu|Stealth Rock|p2a: Alomomola
|-sidestart|p2: TJTShowdown|move: Stealth Rock
|
|upkeep
|turn|27
|
|t:|1743788671
|move|p1a: Ting-Lu|Spikes|p2a: Alomomola
|-sidestart|p2: TJTShowdown|Spikes
|move|p2a: Alomomola|Giga Impact|p1a: Ting-Lu
|-damage|p1a: Ting-Lu|27/100
|-mustrecharge|p2a: Alomomola
|
|upkeep
|turn|28
|
|t:|1743788676
|cant|p2a: Alomomola|recharge
|move|p1a: Ting-Lu|Whirlwind|p2a: Alomomola
|drag|p2a: Zamazenta|Zamazenta|94/100
|-damage|p2a: Zamazenta|88/100|[from] Stealth Rock
|-damage|p2a: Zamazenta|76/100|[from] Spikes
|
|upkeep
|turn|29
|
|t:|1743788702
|move|p2a: Zamazenta|Body Slam|p1a: Ting-Lu
|-damage|p1a: Ting-Lu|13/100
|-status|p1a: Ting-Lu|par
|move|p1a: Ting-Lu|Whirlwind|p2a: Zamazenta
|drag|p2a: Dragapult|Dragapult, F|3/100 brn
|-damage|p2a: Dragapult|0 fnt|[from] Stealth Rock
|faint|p2a: Dragapult
|
|upkeep
|
|t:|1743788717
|switch|p2a: Great Tusk|Great Tusk, tera:Ghost|15/100
|turn|30
|
|t:|1743788727
|move|p2a: Great Tusk|Close Combat|p1a: Ting-Lu
|-resisted|p1a: Ting-Lu
|-damage|p1a: Ting-Lu|0 fnt
|-unboost|p2a: Great Tusk|def|1
|-unboost|p2a: Great Tusk|spd|1
|faint|p1a: Ting-Lu
|
|upkeep
|
|t:|1743788741
|switch|p1a: Corviknight|Corviknight, M|9/100
|turn|31
|
|t:|1743788750
|move|p2a: Great Tusk|Rapid Spin|p1a: Corviknight
|-resisted|p1a: Corviknight
|-damage|p1a: Corviknight|1/100
|-boost|p2a: Great Tusk|spe|1
|-sideend|p2: TJTShowdown|Spikes|[from] move: Rapid Spin|[of] p2a: Great Tusk
|-sideend|p2: TJTShowdown|Stealth Rock|[from] move: Rapid Spin|[of] p2a: Great Tusk
|move|p1a: Corviknight|Brave Bird|p2a: Great Tusk
|-damage|p2a: Great Tusk|0 fnt
|faint|p2a: Great Tusk
|-end|p2a: Great Tusk|Protosynthesis|[silent]
|-damage|p1a: Corviknight|0 fnt|[from] Recoil
|faint|p1a: Corviknight
|
|upkeep
|
|t:|1743788768
|switch|p2a: Kingambit|Kingambit, F|100/100
|switch|p1a: Hawlucha|Hawlucha, F|36/100
|-activate|p2a: Kingambit|ability: Supreme Overlord
|-start|p2a: Kingambit|fallen2|[silent]
|turn|32
|
|t:|1743788788
|-end|p2a: Kingambit|fallen2|[silent]
|switch|p2a: Alomomola|Alomomola, F|100/100
|move|p1a: Hawlucha|Close Combat|p2a: Alomomola
|-damage|p2a: Alomomola|63/100
|-unboost|p1a: Hawlucha|def|1
|-unboost|p1a: Hawlucha|spd|1
|-enditem|p1a: Hawlucha|White Herb
|-clearnegativeboost|p1a: Hawlucha|[silent]
|
|-heal|p2a: Alomomola|69/100|[from] item: Leftovers
|upkeep
|turn|33
|
|t:|1743788799
|move|p1a: Hawlucha|Acrobatics|p2a: Alomomola
|-damage|p2a: Alomomola|35/100
|move|p2a: Alomomola|Flip Turn|p1a: Hawlucha
|-damage|p1a: Hawlucha|12/100
|
|t:|1743788809
|switch|p2a: Kingambit|Kingambit, F|100/100|[from] Flip Turn
|-activate|p2a: Kingambit|ability: Supreme Overlord
|-start|p2a: Kingambit|fallen2|[silent]
|
|upkeep
|turn|34
|
|t:|1743788814
|move|p2a: Kingambit|Sucker Punch||[still]
|-fail|p2a: Kingambit
|move|p1a: Hawlucha|Swords Dance|p1a: Hawlucha
|-boost|p1a: Hawlucha|atk|2
|
|upkeep
|turn|35
|
|t:|1743788833
|move|p2a: Kingambit|Sucker Punch|p1a: Hawlucha
|-resisted|p1a: Hawlucha
|-damage|p1a: Hawlucha|0 fnt
|faint|p1a: Hawlucha
|
|upkeep
|
|t:|1743788838
|switch|p1a: Raging Bolt|Raging Bolt|100/100
|-item|p1a: Raging Bolt|Air Balloon
|turn|36
|
|t:|1743788853
|-end|p2a: Kingambit|fallen2|[silent]
|switch|p2a: Thundurus|Thundurus-Therian, M|100/100
|move|p1a: Raging Bolt|Calm Mind|p1a: Raging Bolt
|-boost|p1a: Raging Bolt|spa|1
|-boost|p1a: Raging Bolt|spd|1
|
|upkeep
|turn|37
|
|t:|1743788862
|move|p2a: Thundurus|Sludge Wave|p1a: Raging Bolt
|-damage|p1a: Raging Bolt|81/100
|-enditem|p1a: Raging Bolt|Air Balloon
|move|p1a: Raging Bolt|Calm Mind|p1a: Raging Bolt
|-boost|p1a: Raging Bolt|spa|1
|-boost|p1a: Raging Bolt|spd|1
|
|upkeep
|turn|38
|
|t:|1743788870
|move|p2a: Thundurus|Sludge Wave|p1a: Raging Bolt
|-damage|p1a: Raging Bolt|66/100
|move|p1a: Raging Bolt|Draco Meteor|p2a: Thundurus
|-enditem|p2a: Thundurus|Focus Sash
|-damage|p2a: Thundurus|1/100
|-unboost|p1a: Raging Bolt|spa|2
|
|upkeep
|turn|39
|
|t:|1743788878
|move|p2a: Thundurus|Sludge Wave|p1a: Raging Bolt
|-damage|p1a: Raging Bolt|53/100
|move|p1a: Raging Bolt|Calm Mind|p1a: Raging Bolt
|-boost|p1a: Raging Bolt|spa|1
|-boost|p1a: Raging Bolt|spd|1
|
|upkeep
|turn|40
|
|t:|1743788884
|move|p2a: Thundurus|Sludge Wave|p1a: Raging Bolt
|-damage|p1a: Raging Bolt|41/100
|move|p1a: Raging Bolt|Draco Meteor|p2a: Thundurus
|-damage|p2a: Thundurus|0 fnt
|-unboost|p1a: Raging Bolt|spa|2
|faint|p2a: Thundurus
|
|upkeep
|
|t:|1743788893
|switch|p2a: Zamazenta|Zamazenta|76/100
|turn|41
|
|t:|1743788898
|move|p2a: Zamazenta|Close Combat|p1a: Raging Bolt
|-damage|p1a: Raging Bolt|0 fnt
|-unboost|p2a: Zamazenta|def|1
|-unboost|p2a: Zamazenta|spd|1
|faint|p1a: Raging Bolt
|-end|p1a: Raging Bolt|Protosynthesis|[silent]
|
|win|TJTShowdown
|raw|thebanest's rating: 1118 &rarr; <strong>1097</strong><br />(-21 for losing)
|raw|TJTShowdown's rating: 1170 &rarr; <strong>1191</strong><br />(+21 for winning)
|l|☆thebanest
|player|p1|
|c|☆TJTShowdown|gg
