|j|☆KirbyKillua
|j|☆heyitsruku
|t:|1743818966
|gametype|singles
|player|p1|KirbyKillua|miku-water|1211
|player|p2|heyitsruku|brendan-contest|1330
|teamsize|p1|6
|teamsize|p2|6
|gen|9
|tier|[Gen 9] OU
|rated|
|rule|HP Percentage Mod: HP is shown in percentages
|rule|Endless Battle Clause: Forcing endless battles is banned
|rule|Species Clause: Limit one of each Pokémon
|rule|OHKO Clause: OHKO moves are banned
|rule|Evasion Items Clause: Evasion items are banned
|rule|Evasion Moves Clause: Evasion moves are banned
|rule|Sleep Moves Clause: Sleep-inducing moves are banned
|clearpoke
|poke|p1|Meowscarada, F|
|poke|p1|Ogerpon-Wellspring, F|
|poke|p1|Decidueye, M|
|poke|p1|Cinderace, M|
|poke|p1|Alcremie-Ruby-Cream, F|
|poke|p1|Tinkaton, F|
|poke|p2|Ninetales-Alola, F|
|poke|p2|Slowking-Galar, M|
|poke|p2|Zapdos|
|poke|p2|Alomomola, F|
|poke|p2|Lokix, M|
|poke|p2|Beartic, M|
|teampreview
|inactive|Battle timer is ON: inactive players will automatically lose when time's up. (requested by heyitsruku)
|inactive|KirbyKillua also wants the timer to be on.
|
|t:|1743818973
|start
|switch|p1a: Tinkaton|Tinkaton, F|100/100
|switch|p2a: Couture|Ninetales-Alola, F, shiny|100/100
|-weather|Snowscape|[from] ability: Snow Warning|[of] p2a: Couture
|-ability|p1a: Tinkaton|Mold Breaker
|turn|1
|
|t:|1743818978
|move|p2a: Couture|Aurora Veil|p2a: Couture
|-sidestart|p2: heyitsruku|move: Aurora Veil
|move|p1a: Tinkaton|Knock Off|p2a: Couture
|-resisted|p2a: Couture
|-damage|p2a: Couture|97/100
|-enditem|p2a: Couture|Light Clay|[from] move: Knock Off|[of] p1a: Tinkaton
|
|-weather|Snowscape|[upkeep]
|upkeep
|turn|2
|
|t:|1743818982
|move|p2a: Couture|Encore|p1a: Tinkaton
|-start|p1a: Tinkaton|Encore
|move|p1a: Tinkaton|Knock Off|p2a: Couture
|-resisted|p2a: Couture
|-damage|p2a: Couture|94/100
|
|-weather|Snowscape|[upkeep]
|upkeep
|turn|3
|
|t:|1743818988
|move|p2a: Couture|Moonblast|p1a: Tinkaton
|-resisted|p1a: Tinkaton
|-damage|p1a: Tinkaton|88/100
|move|p1a: Tinkaton|Knock Off|p2a: Couture
|-resisted|p2a: Couture
|-damage|p2a: Couture|92/100
|
|-weather|Snowscape|[upkeep]
|-heal|p1a: Tinkaton|95/100|[from] item: Leftovers
|upkeep
|turn|4
|
|t:|1743818991
|move|p2a: Couture|Moonblast|p1a: Tinkaton
|-resisted|p1a: Tinkaton
|-damage|p1a: Tinkaton|83/100
|move|p1a: Tinkaton|Knock Off|p2a: Couture
|-resisted|p2a: Couture
|-damage|p2a: Couture|90/100
|
|-weather|Snowscape|[upkeep]
|-heal|p1a: Tinkaton|90/100|[from] item: Leftovers
|-end|p1a: Tinkaton|Encore
|upkeep
|turn|5
|
|t:|1743818995
|switch|p1a: Cinderace|Cinderace, M|100/100
|move|p2a: Couture|Encore||[still]
|-fail|p2a: Couture
|
|-weather|none
|upkeep
|turn|6
|
|t:|1743819002
|switch|p2a: Zapdos|Zapdos, shiny|100/100
|move|p1a: Cinderace|U-turn|p2a: Zapdos
|-start|p1a: Cinderace|typechange|Bug|[from] ability: Libero
|-resisted|p2a: Zapdos
|-damage|p2a: Zapdos|94/100
|-status|p1a: Cinderace|par|[from] ability: Static|[of] p2a: Zapdos
|
|t:|1743819010
|switch|p1a: Alcremie|Alcremie-Ruby-Cream, F|100/100|[from] U-turn
|
|upkeep
|turn|7
|
|t:|1743819014
|move|p2a: Zapdos|U-turn|p1a: Alcremie
|-resisted|p1a: Alcremie
|-damage|p1a: Alcremie|95/100
|
|t:|1743819017
|switch|p2a: Jimbo|Slowking-Galar, M, shiny|100/100|[from] U-turn
|move|p1a: Alcremie|Calm Mind|p1a: Alcremie
|-boost|p1a: Alcremie|spa|1
|-boost|p1a: Alcremie|spd|1
|
|-heal|p1a: Alcremie|100/100|[from] item: Leftovers
|upkeep
|turn|8
|
|t:|1743819019
|-terastallize|p1a: Alcremie|Steel
|move|p1a: Alcremie|Acid Armor|p1a: Alcremie
|-boost|p1a: Alcremie|def|2
|-prepare|p2a: Jimbo|Chilly Reception|[premajor]
|move|p2a: Jimbo|Chilly Reception|p2a: Jimbo
|-weather|Snowscape
|
|t:|1743819035
|switch|p2a: Grrrrr|Beartic, M, shiny|100/100|[from] Chilly Reception
|
|-weather|Snowscape|[upkeep]
|-sideend|p2: heyitsruku|move: Aurora Veil
|upkeep
|turn|9
|
|t:|1743819039
|move|p2a: Grrrrr|Swords Dance|p2a: Grrrrr
|-boost|p2a: Grrrrr|atk|2
|move|p1a: Alcremie|Acid Armor|p1a: Alcremie
|-boost|p1a: Alcremie|def|2
|
|-weather|Snowscape|[upkeep]
|upkeep
|turn|10
|
|t:|1743819041
|move|p2a: Grrrrr|Swords Dance|p2a: Grrrrr
|-boost|p2a: Grrrrr|atk|2
|move|p1a: Alcremie|Acid Armor|p1a: Alcremie
|-boost|p1a: Alcremie|def|2
|
|-weather|Snowscape|[upkeep]
|upkeep
|turn|11
|
|t:|1743819044
|move|p2a: Grrrrr|Swords Dance|p2a: Grrrrr
|-boost|p2a: Grrrrr|atk|2
|move|p1a: Alcremie|Stored Power|p2a: Grrrrr
|-damage|p2a: Grrrrr|18/100
|-enditem|p2a: Grrrrr|Salac Berry|[eat]
|-boost|p2a: Grrrrr|spe|1|[from] item: Salac Berry
|
|-weather|Snowscape|[upkeep]
|upkeep
|turn|12
|
|t:|1743819052
|move|p2a: Grrrrr|Close Combat|p1a: Alcremie
|-supereffective|p1a: Alcremie
|-damage|p1a: Alcremie|22/100
|-unboost|p2a: Grrrrr|def|1
|-unboost|p2a: Grrrrr|spd|1
|move|p1a: Alcremie|Draining Kiss|p2a: Grrrrr
|-damage|p2a: Grrrrr|0 fnt
|-heal|p1a: Alcremie|35/100|[from] drain|[of] p2a: Grrrrr
|faint|p2a: Grrrrr
|
|-weather|Snowscape|[upkeep]
|-heal|p1a: Alcremie|41/100|[from] item: Leftovers
|upkeep
|
|t:|1743819056
|switch|p2a: Krakatoa|Lokix, M, shiny|100/100
|turn|13
|
|t:|1743819074
|-terastallize|p2a: Krakatoa|Dark
|move|p2a: Krakatoa|U-turn|p1a: Alcremie
|-resisted|p1a: Alcremie
|-damage|p1a: Alcremie|30/100
|
|t:|1743819087
|switch|p2a: Jimbo|Slowking-Galar, M, shiny|100/100|[from] U-turn
|move|p1a: Alcremie|Draining Kiss|p2a: Jimbo
|-resisted|p2a: Jimbo
|-damage|p2a: Jimbo|92/100
|-heal|p1a: Alcremie|38/100|[from] drain|[of] p2a: Jimbo
|
|-weather|Snowscape|[upkeep]
|-heal|p1a: Alcremie|44/100|[from] item: Leftovers
|upkeep
|turn|14
|
|t:|1743819092
|move|p1a: Alcremie|Calm Mind|p1a: Alcremie
|-boost|p1a: Alcremie|spa|1
|-boost|p1a: Alcremie|spd|1
|move|p2a: Jimbo|Thunder Wave|p1a: Alcremie
|-status|p1a: Alcremie|par
|
|-weather|Snowscape|[upkeep]
|-heal|p1a: Alcremie|50/100 par|[from] item: Leftovers
|upkeep
|turn|15
|
|t:|1743819096
|move|p1a: Alcremie|Draining Kiss|p2a: Jimbo
|-resisted|p2a: Jimbo
|-damage|p2a: Jimbo|81/100
|-heal|p1a: Alcremie|60/100 par|[from] drain|[of] p2a: Jimbo
|move|p2a: Jimbo|Flamethrower|p1a: Alcremie
|-supereffective|p1a: Alcremie
|-damage|p1a: Alcremie|42/100 par
|
|-weather|none
|-heal|p1a: Alcremie|48/100 par|[from] item: Leftovers
|upkeep
|turn|16
|
|t:|1743819102
|cant|p1a: Alcremie|par
|move|p2a: Jimbo|Flamethrower|p1a: Alcremie
|-supereffective|p1a: Alcremie
|-damage|p1a: Alcremie|27/100 par
|
|-heal|p1a: Alcremie|33/100 par|[from] item: Leftovers
|upkeep
|turn|17
|
|t:|1743819104
|move|p1a: Alcremie|Stored Power|p2a: Jimbo
|-damage|p2a: Jimbo|16/100
|move|p2a: Jimbo|Flamethrower|p1a: Alcremie
|-supereffective|p1a: Alcremie
|-damage|p1a: Alcremie|13/100 par
|
|-heal|p1a: Alcremie|19/100 par|[from] item: Leftovers
|upkeep
|turn|18
|
|t:|1743819109
|switch|p2a: Krakatoa|Lokix, M, shiny, tera:Dark|100/100
|move|p1a: Alcremie|Draining Kiss|p2a: Krakatoa
|-supereffective|p2a: Krakatoa
|-damage|p2a: Krakatoa|0 fnt
|-heal|p1a: Alcremie|83/100 par|[from] drain|[of] p2a: Krakatoa
|faint|p2a: Krakatoa
|
|-heal|p1a: Alcremie|89/100 par|[from] item: Leftovers
|upkeep
|c|☆KirbyKillua|why
|c|☆heyitsruku|i thought you would stored power
|
|t:|1743819131
|switch|p2a: Jimbo|Slowking-Galar, M, shiny|49/100
|turn|19
|-message|heyitsruku forfeited.
|
|win|KirbyKillua
|raw|KirbyKillua's rating: 1211 &rarr; <strong>1244</strong><br />(+33 for winning)
|raw|heyitsruku's rating: 1330 &rarr; <strong>1303</strong><br />(-27 for losing)
|l|☆heyitsruku
|player|p2|
|l|☆KirbyKillua
|player|p1|
