|j|☆Shadow4cTest3r
|j|☆gimmicks strategy
|t:|1743922049
|gametype|singles
|player|p1|Shadow4cTest3r|169|1528
|player|p2|gimmicks strategy|169|1580
|teamsize|p1|6
|teamsize|p2|6
|gen|9
|tier|[Gen 9] OU
|rated|
|rule|HP Percentage Mod: HP is shown in percentages
|rule|Endless Battle Clause: Forcing endless battles is banned
|rule|Species Clause: Limit one of each Pokémon
|rule|OHKO Clause: OHKO moves are banned
|rule|Evasion Items Clause: Evasion items are banned
|rule|Evasion Moves Clause: Evasion moves are banned
|rule|Sleep Moves Clause: Sleep-inducing moves are banned
|clearpoke
|poke|p1|Garganacl, M|
|poke|p1|Hydrapple, F|
|poke|p1|Gholdengo|
|poke|p1|Ting-Lu|
|poke|p1|Weezing-Galar, M|
|poke|p1|Dragonite, M|
|poke|p2|Blissey, F|
|poke|p2|Dondozo, M|
|poke|p2|Gliscor, F|
|poke|p2|Clodsire, F|
|poke|p2|Amoonguss, F|
|poke|p2|Clefable, M|
|teampreview
|inactive|Battle timer is ON: inactive players will automatically lose when time's up. (requested by gimmicks strategy)
|
|t:|1743922062
|start
|switch|p1a: Garganacl|Garganacl, M, shiny|100/100
|switch|p2a: Gliscor|Gliscor, F|100/100
|turn|1
|
|t:|1743922069
|move|p2a: Gliscor|Knock Off|p1a: Garganacl
|-damage|p1a: Garganacl|87/100
|-enditem|p1a: Garganacl|Leftovers|[from] move: Knock Off|[of] p2a: Gliscor
|move|p1a: Garganacl|Curse|p1a: Garganacl
|-unboost|p1a: Garganacl|spe|1
|-boost|p1a: Garganacl|atk|1
|-boost|p1a: Garganacl|def|1
|
|-status|p2a: Gliscor|tox|[from] item: Toxic Orb
|upkeep
|turn|2
|
|t:|1743922077
|switch|p2a: Amoonguss|Amoonguss, F|100/100
|move|p1a: Garganacl|Salt Cure|p2a: Amoonguss
|-damage|p2a: Amoonguss|85/100
|-start|p2a: Amoonguss|Salt Cure
|
|-damage|p2a: Amoonguss|73/100|[from] Salt Cure
|upkeep
|turn|3
|
|t:|1743922081
|move|p2a: Amoonguss|Clear Smog|p1a: Garganacl
|-resisted|p1a: Garganacl
|-damage|p1a: Garganacl|82/100
|-clearboost|p1a: Garganacl
|move|p1a: Garganacl|Ice Punch|p2a: Amoonguss
|-supereffective|p2a: Amoonguss
|-damage|p2a: Amoonguss|49/100
|
|-damage|p2a: Amoonguss|37/100|[from] Salt Cure
|upkeep
|turn|4
|
|t:|1743922094
|switch|p2a: Clefable|Clefable, M|100/100
|move|p1a: Garganacl|Salt Cure|p2a: Clefable
|-damage|p2a: Clefable|90/100
|-start|p2a: Clefable|Salt Cure
|
|upkeep
|turn|5
|
|t:|1743922101
|switch|p1a: Gholdengo|Gholdengo|100/100
|move|p2a: Clefable|Moonblast|p1a: Gholdengo
|-resisted|p1a: Gholdengo
|-damage|p1a: Gholdengo|85/100
|
|upkeep
|turn|6
|
|t:|1743922109
|switch|p2a: Blissey|Blissey, F|100/100
|move|p1a: Gholdengo|Trick|p2a: Blissey
|-activate|p1a: Gholdengo|move: Trick|[of] p2a: Blissey
|-item|p2a: Blissey|Choice Scarf|[from] move: Trick
|-item|p1a: Gholdengo|Heavy-Duty Boots|[from] move: Trick
|
|upkeep
|turn|7
|
|t:|1743922116
|switch|p1a: Ting-Lu|Ting-Lu|100/100
|-ability|p1a: Ting-Lu|Vessel of Ruin
|move|p2a: Blissey|Stealth Rock|p1a: Ting-Lu
|-sidestart|p1: Shadow4cTest3r|move: Stealth Rock
|
|upkeep
|turn|8
|
|t:|1743922123
|switch|p2a: Gliscor|Gliscor, F|100/100 tox
|move|p1a: Ting-Lu|Stealth Rock|p2a: Gliscor
|-sidestart|p2: gimmicks strategy|move: Stealth Rock
|
|upkeep
|turn|9
|
|t:|1743922128
|switch|p1a: Weezing|Weezing-Galar, M|100/100
|-damage|p1a: Weezing|88/100|[from] Stealth Rock
|move|p2a: Gliscor|Spikes|p1a: Weezing
|-sidestart|p1: Shadow4cTest3r|Spikes
|
|-heal|p1a: Weezing|94/100|[from] item: Leftovers
|upkeep
|turn|10
|
|t:|1743922139
|move|p2a: Gliscor|Knock Off|p1a: Weezing
|-resisted|p1a: Weezing
|-damage|p1a: Weezing|87/100
|-enditem|p1a: Weezing|Leftovers|[from] move: Knock Off|[of] p2a: Gliscor
|move|p1a: Weezing|Strange Steam|p2a: Gliscor
|-damage|p2a: Gliscor|67/100 tox
|
|-heal|p2a: Gliscor|80/100 tox|[from] ability: Poison Heal
|upkeep
|turn|11
|
|t:|1743922147
|move|p2a: Gliscor|Spikes|p1a: Weezing
|-sidestart|p1: Shadow4cTest3r|Spikes
|move|p1a: Weezing|Strange Steam|p2a: Gliscor
|-damage|p2a: Gliscor|48/100 tox
|
|-heal|p2a: Gliscor|61/100 tox|[from] ability: Poison Heal
|upkeep
|turn|12
|
|t:|1743922154
|move|p2a: Gliscor|Protect|p2a: Gliscor
|-singleturn|p2a: Gliscor|Protect
|move|p1a: Weezing|Strange Steam|p2a: Gliscor
|-activate|p2a: Gliscor|move: Protect
|
|-heal|p2a: Gliscor|73/100 tox|[from] ability: Poison Heal
|upkeep
|turn|13
|
|t:|1743922164
|switch|p2a: Amoonguss|Amoonguss, F|70/100
|move|p1a: Weezing|Strange Steam|p2a: Amoonguss
|-resisted|p2a: Amoonguss
|-crit|p2a: Amoonguss
|-damage|p2a: Amoonguss|50/100
|-start|p2a: Amoonguss|confusion
|
|upkeep
|turn|14
|
|t:|1743922170
|switch|p2a: Gliscor|Gliscor, F|73/100 tox
|-damage|p2a: Gliscor|61/100 tox|[from] Stealth Rock
|move|p1a: Weezing|Strange Steam|p2a: Gliscor
|-damage|p2a: Gliscor|30/100 tox
|-start|p2a: Gliscor|confusion
|
|-heal|p2a: Gliscor|42/100 tox|[from] ability: Poison Heal
|upkeep
|turn|15
|
|t:|1743922184
|switch|p2a: Amoonguss|Amoonguss, F|84/100
|move|p1a: Weezing|Will-O-Wisp|p2a: Amoonguss
|-status|p2a: Amoonguss|brn
|
|-damage|p2a: Amoonguss|78/100 brn|[from] brn
|upkeep
|turn|16
|
|t:|1743922191
|switch|p1a: Gholdengo|Gholdengo|85/100
|switch|p2a: Blissey|Blissey, F|100/100
|-damage|p2a: Blissey|88/100|[from] Stealth Rock
|
|upkeep
|turn|17
|
|t:|1743922197
|move|p1a: Gholdengo|Shadow Ball|p2a: Blissey
|-immune|p2a: Blissey
|move|p2a: Blissey|Calm Mind|p2a: Blissey
|-boost|p2a: Blissey|spa|1
|-boost|p2a: Blissey|spd|1
|
|upkeep
|turn|18
|
|t:|1743922204
|move|p1a: Gholdengo|Shadow Ball|p2a: Blissey
|-immune|p2a: Blissey
|move|p2a: Blissey|Calm Mind|p2a: Blissey
|-boost|p2a: Blissey|spa|1
|-boost|p2a: Blissey|spd|1
|
|upkeep
|turn|19
|
|t:|1743922212
|move|p1a: Gholdengo|Shadow Ball|p2a: Blissey
|-immune|p2a: Blissey
|move|p2a: Blissey|Calm Mind|p2a: Blissey
|-boost|p2a: Blissey|spa|1
|-boost|p2a: Blissey|spd|1
|
|upkeep
|turn|20
|
|t:|1743922218
|switch|p1a: Hydrapple|Hydrapple, F, shiny|100/100
|move|p2a: Blissey|Calm Mind|p2a: Blissey
|-boost|p2a: Blissey|spa|1
|-boost|p2a: Blissey|spd|1
|
|upkeep
|turn|21
|
|t:|1743922224
|move|p2a: Blissey|Calm Mind|p2a: Blissey
|-boost|p2a: Blissey|spa|1
|-boost|p2a: Blissey|spd|1
|move|p1a: Hydrapple|Nasty Plot|p1a: Hydrapple
|-boost|p1a: Hydrapple|spa|2
|
|upkeep
|turn|22
|
|t:|1743922232
|switch|p2a: Clodsire|Clodsire, F|100/100
|move|p1a: Hydrapple|Earth Power|p2a: Clodsire
|-supereffective|p2a: Clodsire
|-damage|p2a: Clodsire|77/100
|
|upkeep
|turn|23
|
|t:|1743922238
|switch|p1a: Weezing|Weezing-Galar, M|87/100
|-damage|p1a: Weezing|75/100|[from] Stealth Rock
|move|p2a: Clodsire|Toxic|p1a: Weezing
|-immune|p1a: Weezing
|
|upkeep
|turn|24
|
|t:|1743922246
|switch|p2a: Amoonguss|Amoonguss, F|100/100 brn
|move|p1a: Weezing|Strange Steam|p2a: Amoonguss
|-resisted|p2a: Amoonguss
|-damage|p2a: Amoonguss|88/100 brn
|
|-damage|p2a: Amoonguss|82/100 brn|[from] brn
|upkeep
|turn|25
|
|t:|1743922254
|switch|p1a: Gholdengo|Gholdengo|85/100
|move|p2a: Amoonguss|Foul Play|p1a: Gholdengo
|-supereffective|p1a: Gholdengo
|-damage|p1a: Gholdengo|73/100
|
|-damage|p2a: Amoonguss|75/100 brn|[from] brn
|upkeep
|turn|26
|
|t:|1743922263
|switch|p2a: Blissey|Blissey, F|88/100
|-damage|p2a: Blissey|76/100|[from] Stealth Rock
|move|p1a: Gholdengo|Make It Rain|p2a: Blissey
|-damage|p2a: Blissey|55/100
|-unboost|p1a: Gholdengo|spa|1
|
|upkeep
|turn|27
|
|t:|1743922273
|move|p1a: Gholdengo|Shadow Ball|p2a: Blissey
|-immune|p2a: Blissey
|move|p2a: Blissey|Soft-Boiled|p2a: Blissey
|-heal|p2a: Blissey|100/100
|
|upkeep
|turn|28
|
|t:|1743922280
|switch|p1a: Hydrapple|Hydrapple, F, shiny|100/100
|switch|p2a: Amoonguss|Amoonguss, F|100/100 brn
|
|-damage|p2a: Amoonguss|94/100 brn|[from] brn
|upkeep
|turn|29
|
|t:|1743922287
|switch|p1a: Gholdengo|Gholdengo|73/100
|move|p2a: Amoonguss|Toxic|p1a: Gholdengo
|-immune|p1a: Gholdengo|[from] ability: Good as Gold
|
|-damage|p2a: Amoonguss|88/100 brn|[from] brn
|upkeep
|turn|30
|
|t:|1743922302
|switch|p1a: Hydrapple|Hydrapple, F, shiny|100/100
|switch|p2a: Blissey|Blissey, F|100/100
|-damage|p2a: Blissey|88/100|[from] Stealth Rock
|
|upkeep
|turn|31
|
|t:|1743922307
|switch|p1a: Gholdengo|Gholdengo|73/100
|move|p2a: Blissey|Seismic Toss|p1a: Gholdengo
|-immune|p1a: Gholdengo
|
|upkeep
|turn|32
|
|t:|1743922317
|switch|p2a: Amoonguss|Amoonguss, F|100/100 brn
|move|p1a: Gholdengo|Make It Rain|p2a: Amoonguss
|-damage|p2a: Amoonguss|39/100 brn
|-unboost|p1a: Gholdengo|spa|1
|
|-damage|p2a: Amoonguss|32/100 brn|[from] brn
|upkeep
|turn|33
|
|t:|1743922325
|switch|p1a: Hydrapple|Hydrapple, F, shiny|100/100
|switch|p2a: Blissey|Blissey, F|88/100
|-damage|p2a: Blissey|76/100|[from] Stealth Rock
|
|upkeep
|turn|34
|
|t:|1743922333
|move|p2a: Blissey|Seismic Toss|p1a: Hydrapple
|-damage|p1a: Hydrapple|76/100
|move|p1a: Hydrapple|Earth Power|p2a: Blissey
|-damage|p2a: Blissey|69/100
|
|upkeep
|turn|35
|
|t:|1743922340
|switch|p1a: Weezing|Weezing-Galar, M|75/100
|-damage|p1a: Weezing|63/100|[from] Stealth Rock
|move|p2a: Blissey|Seismic Toss|p1a: Weezing
|-damage|p1a: Weezing|33/100
|
|upkeep
|turn|36
|
|t:|1743922347
|move|p2a: Blissey|Seismic Toss|p1a: Weezing
|-damage|p1a: Weezing|3/100
|move|p1a: Weezing|Pain Split|p2a: Blissey
|-sethp|p2a: Blissey|35/100|[from] move: Pain Split|[silent]
|-sethp|p1a: Weezing|68/100|[from] move: Pain Split
|
|upkeep
|turn|37
|
|t:|1743922357
|switch|p2a: Amoonguss|Amoonguss, F|66/100 brn
|switch|p1a: Gholdengo|Gholdengo|73/100
|
|-damage|p2a: Amoonguss|60/100 brn|[from] brn
|upkeep
|turn|38
|
|t:|1743922365
|switch|p2a: Blissey|Blissey, F|35/100
|-damage|p2a: Blissey|23/100|[from] Stealth Rock
|move|p1a: Gholdengo|Make It Rain|p2a: Blissey
|-damage|p2a: Blissey|3/100
|-unboost|p1a: Gholdengo|spa|1
|
|upkeep
|turn|39
|
|t:|1743922373
|move|p1a: Gholdengo|Make It Rain|p2a: Blissey
|-damage|p2a: Blissey|0 fnt
|-unboost|p1a: Gholdengo|spa|1
|faint|p2a: Blissey
|
|upkeep
|
|t:|1743922380
|switch|p2a: Clodsire|Clodsire, F|77/100
|turn|40
|
|t:|1743922385
|switch|p1a: Weezing|Weezing-Galar, M|68/100
|-damage|p1a: Weezing|56/100|[from] Stealth Rock
|move|p2a: Clodsire|Recover|p2a: Clodsire
|-heal|p2a: Clodsire|100/100
|
|upkeep
|turn|41
|
|t:|1743922391
|switch|p2a: Amoonguss|Amoonguss, F|93/100 brn
|move|p1a: Weezing|Strange Steam|p2a: Amoonguss
|-resisted|p2a: Amoonguss
|-damage|p2a: Amoonguss|79/100 brn
|
|-damage|p2a: Amoonguss|73/100 brn|[from] brn
|upkeep
|turn|42
|
|t:|1743922397
|move|p1a: Weezing|Pain Split|p2a: Amoonguss
|-sethp|p2a: Amoonguss|58/100 brn|[from] move: Pain Split|[silent]
|-sethp|p1a: Weezing|75/100|[from] move: Pain Split
|move|p2a: Amoonguss|Foul Play|p1a: Weezing
|-resisted|p1a: Weezing
|-damage|p1a: Weezing|73/100
|
|-damage|p2a: Amoonguss|52/100 brn|[from] brn
|upkeep
|turn|43
|
|t:|1743922403
|switch|p1a: Gholdengo|Gholdengo|73/100
|move|p2a: Amoonguss|Synthesis|p2a: Amoonguss
|-heal|p2a: Amoonguss|100/100 brn
|
|-damage|p2a: Amoonguss|94/100 brn|[from] brn
|upkeep
|turn|44
|
|t:|1743922410
|move|p1a: Gholdengo|Shadow Ball|p2a: Amoonguss
|-damage|p2a: Amoonguss|54/100 brn
|move|p2a: Amoonguss|Foul Play|p1a: Gholdengo
|-supereffective|p1a: Gholdengo
|-damage|p1a: Gholdengo|62/100
|
|-damage|p2a: Amoonguss|48/100 brn|[from] brn
|upkeep
|turn|45
|
|t:|1743922419
|switch|p2a: Clodsire|Clodsire, F|100/100
|move|p1a: Gholdengo|Shadow Ball|p2a: Clodsire
|-damage|p2a: Clodsire|80/100
|
|upkeep
|turn|46
|
|t:|1743922444
|switch|p1a: Hydrapple|Hydrapple, F, shiny|100/100
|move|p2a: Clodsire|Earth Power|p1a: Hydrapple
|-resisted|p1a: Hydrapple
|-damage|p1a: Hydrapple|93/100
|
|upkeep
|turn|47
|
|t:|1743922451
|switch|p1a: Weezing|Weezing-Galar, M|73/100
|-damage|p1a: Weezing|60/100|[from] Stealth Rock
|move|p2a: Clodsire|Toxic|p1a: Weezing
|-immune|p1a: Weezing
|
|upkeep
|turn|48
|
|t:|1743922458
|switch|p2a: Amoonguss|Amoonguss, F|82/100 brn
|move|p1a: Weezing|Pain Split|p2a: Amoonguss
|-sethp|p2a: Amoonguss|64/100 brn|[from] move: Pain Split|[silent]
|-sethp|p1a: Weezing|83/100|[from] move: Pain Split
|
|-damage|p2a: Amoonguss|58/100 brn|[from] brn
|upkeep
|turn|49
|
|t:|1743922470
|switch|p2a: Gliscor|Gliscor, F|42/100 tox
|-damage|p2a: Gliscor|30/100 tox|[from] Stealth Rock
|move|p1a: Weezing|Defog|p2a: Gliscor
|-unboost|p2a: Gliscor|evasion|1
|-sideend|p2: gimmicks strategy|Stealth Rock|[from] move: Defog|[of] p1a: Weezing
|-sideend|p1: Shadow4cTest3r|Spikes|[from] move: Defog|[of] p1a: Weezing
|-sideend|p1: Shadow4cTest3r|Stealth Rock|[from] move: Defog|[of] p1a: Weezing
|
|-heal|p2a: Gliscor|42/100 tox|[from] ability: Poison Heal
|upkeep
|turn|50
|
|t:|1743922486
|switch|p1a: Hydrapple|Hydrapple, F, shiny|100/100
|move|p2a: Gliscor|Protect||[still]
|-fail|p2a: Gliscor
|
|-heal|p2a: Gliscor|55/100 tox|[from] ability: Poison Heal
|upkeep
|turn|51
|
|t:|1743922492
|move|p2a: Gliscor|Toxic|p1a: Hydrapple
|-status|p1a: Hydrapple|tox
|move|p1a: Hydrapple|Nasty Plot|p1a: Hydrapple
|-boost|p1a: Hydrapple|spa|2
|
|-heal|p2a: Gliscor|67/100 tox|[from] ability: Poison Heal
|-damage|p1a: Hydrapple|94/100 tox|[from] psn
|upkeep
|turn|52
|
|t:|1743922498
|move|p2a: Gliscor|Protect|p2a: Gliscor
|-singleturn|p2a: Gliscor|Protect
|move|p1a: Hydrapple|Draco Meteor|p2a: Gliscor
|-activate|p2a: Gliscor|move: Protect
|
|-heal|p2a: Gliscor|80/100 tox|[from] ability: Poison Heal
|-damage|p1a: Hydrapple|82/100 tox|[from] psn
|upkeep
|turn|53
|
|t:|1743922507
|switch|p2a: Clodsire|Clodsire, F|80/100
|move|p1a: Hydrapple|Draco Meteor|p2a: Clodsire|[miss]
|-miss|p1a: Hydrapple|p2a: Clodsire
|
|-damage|p1a: Hydrapple|63/100 tox|[from] psn
|upkeep
|turn|54
|
|t:|1743922514
|move|p1a: Hydrapple|Giga Drain|p2a: Clodsire
|-damage|p2a: Clodsire|62/100
|-heal|p1a: Hydrapple|73/100 tox|[from] drain|[of] p2a: Clodsire
|move|p2a: Clodsire|Recover|p2a: Clodsire
|-heal|p2a: Clodsire|100/100
|
|-damage|p1a: Hydrapple|48/100 tox|[from] psn
|upkeep
|turn|55
|
|t:|1743922520
|switch|p1a: Weezing|Weezing-Galar, M|83/100
|move|p2a: Clodsire|Earth Power|p1a: Weezing
|-immune|p1a: Weezing|[from] ability: Levitate
|
|upkeep
|turn|56
|
|t:|1743922529
|switch|p1a: Hydrapple|Hydrapple, F, shiny|81/100 tox
|switch|p2a: Amoonguss|Amoonguss, F|91/100 brn
|
|-damage|p1a: Hydrapple|75/100 tox|[from] psn
|-damage|p2a: Amoonguss|85/100 brn|[from] brn
|upkeep
|turn|57
|
|t:|1743922538
|switch|p1a: Gholdengo|Gholdengo|62/100
|switch|p2a: Clefable|Clefable, M|90/100
|
|upkeep
|turn|58
|
|t:|1743922551
|-terastallize|p2a: Clefable|Dark
|move|p1a: Gholdengo|Shadow Ball|p2a: Clefable
|-resisted|p2a: Clefable
|-damage|p2a: Clefable|68/100
|move|p2a: Clefable|Knock Off|p1a: Gholdengo
|-supereffective|p1a: Gholdengo
|-damage|p1a: Gholdengo|1/100
|-enditem|p1a: Gholdengo|Heavy-Duty Boots|[from] move: Knock Off|[of] p2a: Clefable
|
|upkeep
|turn|59
|
|t:|1743922579
|move|p1a: Gholdengo|Recover|p1a: Gholdengo
|-heal|p1a: Gholdengo|51/100
|move|p2a: Clefable|Wish|p2a: Clefable
|
|upkeep
|turn|60
|
|t:|1743922585
|move|p1a: Gholdengo|Recover|p1a: Gholdengo
|-heal|p1a: Gholdengo|100/100
|move|p2a: Clefable|Knock Off|p1a: Gholdengo
|-supereffective|p1a: Gholdengo
|-crit|p1a: Gholdengo
|-damage|p1a: Gholdengo|47/100
|
|-heal|p2a: Clefable|100/100|[from] move: Wish|[wisher] Clefable
|upkeep
|turn|61
|
|t:|1743922591
|move|p1a: Gholdengo|Recover|p1a: Gholdengo
|-heal|p1a: Gholdengo|97/100
|move|p2a: Clefable|Knock Off|p1a: Gholdengo
|-supereffective|p1a: Gholdengo
|-damage|p1a: Gholdengo|55/100
|
|upkeep
|turn|62
|
|t:|1743922615
|switch|p1a: Garganacl|Garganacl, M, shiny|82/100
|switch|p2a: Gliscor|Gliscor, F|80/100 tox
|
|-heal|p2a: Gliscor|92/100 tox|[from] ability: Poison Heal
|upkeep
|turn|63
|
|t:|1743922619
|move|p2a: Gliscor|Spikes|p1a: Garganacl
|-sidestart|p1: Shadow4cTest3r|Spikes
|move|p1a: Garganacl|Curse|p1a: Garganacl
|-unboost|p1a: Garganacl|spe|1
|-boost|p1a: Garganacl|atk|1
|-boost|p1a: Garganacl|def|1
|
|-heal|p2a: Gliscor|100/100 tox|[from] ability: Poison Heal
|upkeep
|turn|64
|
|t:|1743922625
|switch|p2a: Amoonguss|Amoonguss, F|100/100 brn
|move|p1a: Garganacl|Salt Cure|p2a: Amoonguss
|-damage|p2a: Amoonguss|85/100 brn
|-start|p2a: Amoonguss|Salt Cure
|
|-damage|p2a: Amoonguss|78/100 brn|[from] brn
|-damage|p2a: Amoonguss|66/100 brn|[from] Salt Cure
|upkeep
|turn|65
|
|t:|1743922629
|move|p2a: Amoonguss|Clear Smog|p1a: Garganacl
|-resisted|p1a: Garganacl
|-damage|p1a: Garganacl|77/100
|-clearboost|p1a: Garganacl
|move|p1a: Garganacl|Ice Punch|p2a: Amoonguss
|-supereffective|p2a: Amoonguss
|-damage|p2a: Amoonguss|40/100 brn
|
|-damage|p2a: Amoonguss|34/100 brn|[from] brn
|-damage|p2a: Amoonguss|22/100 brn|[from] Salt Cure
|upkeep
|turn|66
|
|t:|1743922637
|switch|p2a: Gliscor|Gliscor, F|100/100 tox
|move|p1a: Garganacl|Curse|p1a: Garganacl
|-unboost|p1a: Garganacl|spe|1
|-boost|p1a: Garganacl|atk|1
|-boost|p1a: Garganacl|def|1
|
|upkeep
|turn|67
|
|t:|1743922642
|move|p2a: Gliscor|Spikes|p1a: Garganacl
|-sidestart|p1: Shadow4cTest3r|Spikes
|move|p1a: Garganacl|Ice Punch|p2a: Gliscor
|-supereffective|p2a: Gliscor
|-damage|p2a: Gliscor|34/100 tox
|
|-heal|p2a: Gliscor|46/100 tox|[from] ability: Poison Heal
|upkeep
|turn|68
|
|t:|1743922648
|switch|p2a: Amoonguss|Amoonguss, F|55/100 brn
|move|p1a: Garganacl|Curse|p1a: Garganacl
|-unboost|p1a: Garganacl|spe|1
|-boost|p1a: Garganacl|atk|1
|-boost|p1a: Garganacl|def|1
|
|-damage|p2a: Amoonguss|49/100 brn|[from] brn
|upkeep
|turn|69
|
|t:|1743922654
|move|p2a: Amoonguss|Clear Smog|p1a: Garganacl
|-resisted|p1a: Garganacl
|-damage|p1a: Garganacl|72/100
|-clearboost|p1a: Garganacl
|move|p1a: Garganacl|Ice Punch|p2a: Amoonguss
|-supereffective|p2a: Amoonguss
|-damage|p2a: Amoonguss|24/100 brn
|
|-damage|p2a: Amoonguss|18/100 brn|[from] brn
|upkeep
|turn|70
|
|t:|1743922661
|switch|p2a: Clefable|Clefable, M, tera:Dark|100/100
|move|p1a: Garganacl|Curse|p1a: Garganacl
|-unboost|p1a: Garganacl|spe|1
|-boost|p1a: Garganacl|atk|1
|-boost|p1a: Garganacl|def|1
|
|upkeep
|turn|71
|
|t:|1743922667
|move|p2a: Clefable|Moonblast|p1a: Garganacl
|-damage|p1a: Garganacl|53/100
|move|p1a: Garganacl|Curse|p1a: Garganacl
|-unboost|p1a: Garganacl|spe|1
|-boost|p1a: Garganacl|atk|1
|-boost|p1a: Garganacl|def|1
|
|upkeep
|turn|72
|
|t:|1743922673
|move|p2a: Clefable|Moonblast|p1a: Garganacl
|-damage|p1a: Garganacl|35/100
|-unboost|p1a: Garganacl|spa|1
|move|p1a: Garganacl|Salt Cure|p2a: Clefable
|-crit|p2a: Clefable
|-damage|p2a: Clefable|71/100
|-start|p2a: Clefable|Salt Cure
|
|upkeep
|turn|73
|
|t:|1743922682
|move|p2a: Clefable|Moonblast|p1a: Garganacl
|-damage|p1a: Garganacl|15/100
|move|p1a: Garganacl|Recover|p1a: Garganacl
|-heal|p1a: Garganacl|65/100
|
|upkeep
|turn|74
|
|t:|1743922687
|move|p2a: Clefable|Moonblast|p1a: Garganacl
|-damage|p1a: Garganacl|46/100
|-unboost|p1a: Garganacl|spa|1
|move|p1a: Garganacl|Ice Punch|p2a: Clefable
|-damage|p2a: Clefable|47/100
|
|-damage|p1a: Garganacl|34/100|[from] item: Sticky Barb
|upkeep
|turn|75
|
|t:|1743922694
|move|p2a: Clefable|Wish|p2a: Clefable
|move|p1a: Garganacl|Recover|p1a: Garganacl
|-heal|p1a: Garganacl|84/100
|
|-damage|p1a: Garganacl|72/100|[from] item: Sticky Barb
|upkeep
|turn|76
|
|t:|1743922699
|switch|p2a: Clodsire|Clodsire, F|100/100
|move|p1a: Garganacl|Curse|p1a: Garganacl
|-unboost|p1a: Garganacl|spe|1
|-boost|p1a: Garganacl|atk|1
|-boost|p1a: Garganacl|def|1
|
|-damage|p1a: Garganacl|59/100|[from] item: Sticky Barb
|upkeep
|turn|77
|
|t:|1743922709
|switch|p1a: Weezing|Weezing-Galar, M|83/100
|move|p2a: Clodsire|Haze|p2a: Clodsire
|-clearallboost
|
|upkeep
|turn|78
|
|t:|1743922716
|switch|p2a: Amoonguss|Amoonguss, F|51/100 brn
|move|p1a: Weezing|Defog|p2a: Amoonguss
|-unboost|p2a: Amoonguss|evasion|1
|-sideend|p1: Shadow4cTest3r|Spikes|[from] move: Defog|[of] p1a: Weezing
|
|-damage|p2a: Amoonguss|45/100 brn|[from] brn
|upkeep
|turn|79
|
|t:|1743922722
|switch|p1a: Gholdengo|Gholdengo|55/100
|switch|p2a: Gliscor|Gliscor, F|46/100 tox
|
|-heal|p2a: Gliscor|59/100 tox|[from] ability: Poison Heal
|upkeep
|turn|80
|
|t:|1743922736
|switch|p1a: Hydrapple|Hydrapple, F, shiny|100/100 tox
|move|p2a: Gliscor|Protect||[still]
|-fail|p2a: Gliscor
|
|-heal|p2a: Gliscor|71/100 tox|[from] ability: Poison Heal
|-damage|p1a: Hydrapple|94/100 tox|[from] psn
|upkeep
|turn|81
|
|t:|1743922752
|move|p2a: Gliscor|Knock Off|p1a: Hydrapple
|-damage|p1a: Hydrapple|82/100 tox
|-enditem|p1a: Hydrapple|Heavy-Duty Boots|[from] move: Knock Off|[of] p2a: Gliscor
|move|p1a: Hydrapple|Draco Meteor|p2a: Gliscor
|-damage|p2a: Gliscor|17/100 tox
|-unboost|p1a: Hydrapple|spa|2
|
|-heal|p2a: Gliscor|29/100 tox|[from] ability: Poison Heal
|-damage|p1a: Hydrapple|69/100 tox|[from] psn
|upkeep
|turn|82
|
|t:|1743922763
|move|p2a: Gliscor|Protect|p2a: Gliscor
|-singleturn|p2a: Gliscor|Protect
|move|p1a: Hydrapple|Nasty Plot|p1a: Hydrapple
|-boost|p1a: Hydrapple|spa|2
|
|-heal|p2a: Gliscor|42/100 tox|[from] ability: Poison Heal
|-damage|p1a: Hydrapple|50/100 tox|[from] psn
|upkeep
|turn|83
|
|t:|1743922775
|switch|p2a: Clefable|Clefable, M, tera:Dark|47/100
|switch|p1a: Ting-Lu|Ting-Lu|100/100
|-ability|p1a: Ting-Lu|Vessel of Ruin
|
|upkeep
|turn|84
|
|t:|1743922783
|switch|p2a: Gliscor|Gliscor, F|42/100 tox
|move|p1a: Ting-Lu|Stealth Rock|p2a: Gliscor
|-sidestart|p2: gimmicks strategy|move: Stealth Rock
|
|-heal|p2a: Gliscor|54/100 tox|[from] ability: Poison Heal
|upkeep
|turn|85
|
|t:|1743922787
|switch|p1a: Hydrapple|Hydrapple, F, shiny|84/100 tox
|move|p2a: Gliscor|Spikes|p1a: Hydrapple
|-sidestart|p1: Shadow4cTest3r|Spikes
|
|-heal|p2a: Gliscor|67/100 tox|[from] ability: Poison Heal
|-damage|p1a: Hydrapple|77/100 tox|[from] psn
|upkeep
|turn|86
|
|t:|1743922801
|switch|p2a: Clodsire|Clodsire, F|100/100
|move|p1a: Hydrapple|Nasty Plot|p1a: Hydrapple
|-boost|p1a: Hydrapple|spa|2
|
|-damage|p1a: Hydrapple|65/100 tox|[from] psn
|upkeep
|turn|87
|
|t:|1743922808
|move|p1a: Hydrapple|Giga Drain|p2a: Clodsire
|-damage|p2a: Clodsire|85/100
|-heal|p1a: Hydrapple|74/100 tox|[from] drain|[of] p2a: Clodsire
|move|p2a: Clodsire|Earth Power|p1a: Hydrapple
|-resisted|p1a: Hydrapple
|-damage|p1a: Hydrapple|66/100 tox
|
|-damage|p1a: Hydrapple|47/100 tox|[from] psn
|upkeep
|turn|88
|
|t:|1743922819
|move|p1a: Hydrapple|Draco Meteor|p2a: Clodsire
|-damage|p2a: Clodsire|55/100
|-unboost|p1a: Hydrapple|spa|2
|move|p2a: Clodsire|Earth Power|p1a: Hydrapple
|-resisted|p1a: Hydrapple
|-damage|p1a: Hydrapple|39/100 tox
|
|-damage|p1a: Hydrapple|14/100 tox|[from] psn
|upkeep
|turn|89
|
|t:|1743922823
|switch|p1a: Weezing|Weezing-Galar, M|83/100
|move|p2a: Clodsire|Recover|p2a: Clodsire
|-heal|p2a: Clodsire|100/100
|
|upkeep
|turn|90
|
|t:|1743922833
|switch|p1a: Hydrapple|Hydrapple, F, shiny|48/100 tox
|-damage|p1a: Hydrapple|35/100 tox|[from] Spikes
|switch|p2a: Clefable|Clefable, M, tera:Dark|47/100
|
|-damage|p1a: Hydrapple|29/100 tox|[from] psn
|upkeep
|turn|91
|
|t:|1743922843
|switch|p1a: Garganacl|Garganacl, M, shiny|59/100
|-damage|p1a: Garganacl|47/100|[from] Spikes
|move|p2a: Clefable|Protect||[still]
|-fail|p2a: Clefable
|
|-damage|p1a: Garganacl|34/100|[from] item: Sticky Barb
|upkeep
|turn|92
|
|t:|1743922848
|move|p2a: Clefable|Wish|p2a: Clefable
|move|p1a: Garganacl|Recover|p1a: Garganacl
|-heal|p1a: Garganacl|84/100
|
|-damage|p1a: Garganacl|72/100|[from] item: Sticky Barb
|upkeep
|turn|93
|
|t:|1743922858
|switch|p1a: Weezing|Weezing-Galar, M|83/100
|move|p2a: Clefable|Protect||[still]
|-fail|p2a: Clefable
|
|-heal|p2a: Clefable|97/100|[from] move: Wish|[wisher] Clefable
|upkeep
|turn|94
|
|t:|1743922867
|switch|p2a: Amoonguss|Amoonguss, F|78/100 brn
|move|p1a: Weezing|Strange Steam|p2a: Amoonguss
|-resisted|p2a: Amoonguss
|-damage|p2a: Amoonguss|66/100 brn
|
|-damage|p2a: Amoonguss|60/100 brn|[from] brn
|upkeep
|turn|95
|
|t:|1743922879
|switch|p1a: Gholdengo|Gholdengo|55/100
|-damage|p1a: Gholdengo|43/100|[from] Spikes
|switch|p2a: Clodsire|Clodsire, F|100/100
|
|upkeep
|turn|96
|
|t:|1743922887
|move|p1a: Gholdengo|Recover|p1a: Gholdengo
|-heal|p1a: Gholdengo|93/100
|move|p2a: Clodsire|Earth Power|p1a: Gholdengo
|-supereffective|p1a: Gholdengo
|-damage|p1a: Gholdengo|55/100
|
|upkeep
|turn|97
|
|t:|1743922894
|move|p1a: Gholdengo|Trick|p2a: Clodsire
|-activate|p1a: Gholdengo|move: Trick|[of] p2a: Clodsire
|-enditem|p2a: Clodsire|Heavy-Duty Boots|[silent]|[from] move: Trick
|-item|p1a: Gholdengo|Heavy-Duty Boots|[from] move: Trick
|move|p2a: Clodsire|Earth Power|p1a: Gholdengo
|-supereffective|p1a: Gholdengo
|-damage|p1a: Gholdengo|18/100
|-unboost|p1a: Gholdengo|spd|1
|
|upkeep
|turn|98
|
|t:|1743922903
|switch|p1a: Hydrapple|Hydrapple, F, shiny|62/100 tox
|-damage|p1a: Hydrapple|50/100 tox|[from] Spikes
|move|p2a: Clodsire|Earth Power|p1a: Hydrapple
|-resisted|p1a: Hydrapple
|-damage|p1a: Hydrapple|42/100 tox
|
|-damage|p1a: Hydrapple|35/100 tox|[from] psn
|upkeep
|turn|99
|
|t:|1743922924
|switch|p1a: Weezing|Weezing-Galar, M|83/100
|move|p2a: Clodsire|Earth Power|p1a: Weezing
|-immune|p1a: Weezing|[from] ability: Levitate
|
|upkeep
|turn|100
|
|t:|1743922933
|switch|p1a: Gholdengo|Gholdengo|18/100
|switch|p2a: Gliscor|Gliscor, F|67/100 tox
|-damage|p2a: Gliscor|54/100 tox|[from] Stealth Rock
|
|-heal|p2a: Gliscor|67/100 tox|[from] ability: Poison Heal
|upkeep
|turn|101
|
|t:|1743922942
|switch|p1a: Garganacl|Garganacl, M, shiny|72/100
|-damage|p1a: Garganacl|60/100|[from] Spikes
|move|p2a: Gliscor|Knock Off|p1a: Garganacl
|-damage|p1a: Garganacl|47/100
|-enditem|p1a: Garganacl|Sticky Barb|[from] move: Knock Off|[of] p2a: Gliscor
|
|-heal|p2a: Gliscor|79/100 tox|[from] ability: Poison Heal
|upkeep
|turn|102
|
|t:|1743922955
|switch|p2a: Amoonguss|Amoonguss, F|93/100 brn
|move|p1a: Garganacl|Recover|p1a: Garganacl
|-heal|p1a: Garganacl|97/100
|
|-damage|p2a: Amoonguss|87/100 brn|[from] brn
|upkeep
|turn|103
|
|t:|1743922963
|move|p1a: Garganacl|Salt Cure|p2a: Amoonguss
|-damage|p2a: Amoonguss|76/100 brn
|-start|p2a: Amoonguss|Salt Cure
|move|p2a: Amoonguss|Foul Play|p1a: Garganacl
|-damage|p1a: Garganacl|90/100
|
|-damage|p2a: Amoonguss|70/100 brn|[from] brn
|-damage|p2a: Amoonguss|57/100 brn|[from] Salt Cure
|upkeep
|turn|104
|
|t:|1743922970
|switch|p2a: Gliscor|Gliscor, F|79/100 tox
|-damage|p2a: Gliscor|67/100 tox|[from] Stealth Rock
|move|p1a: Garganacl|Curse|p1a: Garganacl
|-unboost|p1a: Garganacl|spe|1
|-boost|p1a: Garganacl|atk|1
|-boost|p1a: Garganacl|def|1
|
|-heal|p2a: Gliscor|79/100 tox|[from] ability: Poison Heal
|upkeep
|turn|105
|
|t:|1743922983
|switch|p2a: Clodsire|Clodsire, F|100/100
|-damage|p2a: Clodsire|94/100|[from] Stealth Rock
|move|p1a: Garganacl|Ice Punch|p2a: Clodsire
|-supereffective|p2a: Clodsire
|-damage|p2a: Clodsire|59/100
|
|upkeep
|turn|106
|
|t:|1743922990
|-terastallize|p1a: Garganacl|Water
|move|p2a: Clodsire|Recover|p2a: Clodsire
|-heal|p2a: Clodsire|100/100
|move|p1a: Garganacl|Ice Punch|p2a: Clodsire
|-supereffective|p2a: Clodsire
|-damage|p2a: Clodsire|65/100
|
|upkeep
|turn|107
|inactive|gimmicks strategy has 120 seconds left.
|c|☆gimmicks strategy|gg
|-message|gimmicks strategy forfeited.
|
|win|Shadow4cTest3r
|raw|Shadow4cTest3r's rating: 1528 &rarr; <strong>1551</strong><br />(+23 for winning)
|raw|gimmicks strategy's rating: 1580 &rarr; <strong>1557</strong><br />(-23 for losing)
|l|☆gimmicks strategy
|player|p2|
