|j|☆egessgse
|j|☆Dadhurtme
|t:|1743876841
|gametype|singles
|player|p1|egessgse|265|1209
|player|p2|Dadhurtme|102|1164
|teamsize|p1|6
|teamsize|p2|6
|gen|9
|tier|[Gen 9] OU
|rated|
|rule|HP Percentage Mod: HP is shown in percentages
|rule|Endless Battle Clause: Forcing endless battles is banned
|rule|Species Clause: Limit one of each Pokémon
|rule|OHKO Clause: OHKO moves are banned
|rule|Evasion Items Clause: Evasion items are banned
|rule|Evasion Moves Clause: Evasion moves are banned
|rule|Sleep Moves Clause: Sleep-inducing moves are banned
|clearpoke
|poke|p1|Sneasel-Hisui, M|
|poke|p1|Great Tusk|
|poke|p1|Gholdengo|
|poke|p1|Dragapult, F|
|poke|p1|Kingambit, F|
|poke|p1|Primarina, F|
|poke|p2|Maushold|
|poke|p2|Oricorio, F|
|poke|p2|Garchomp, F|
|poke|p2|Iron Crown|
|poke|p2|Comfey, F|
|poke|p2|Volcanion|
|teampreview
|inactive|Battle timer is ON: inactive players will automatically lose when time's up. (requested by Dadhurtme)
|
|t:|1743876860
|start
|switch|p1a: Great Tusk|Great Tusk|100/100
|switch|p2a: Volcanion|Volcanion|100/100
|turn|1
|inactive|Dadhurtme has 120 seconds left.
|l|☆Dadhurtme
|inactive|Dadhurtme disconnected and has a minute to reconnect!
|player|p2|
|inactive|Dadhurtme has 30 seconds to reconnect!
|j|☆Dadhurtme
|inactive|Dadhurtme reconnected and has 85 seconds left.
|player|p2|Dadhurtme|102|
|
|t:|1743876934
|move|p1a: Great Tusk|Headlong Rush|p2a: Volcanion
|-supereffective|p2a: Volcanion
|-damage|p2a: Volcanion|28/100
|-unboost|p1a: Great Tusk|def|1
|-unboost|p1a: Great Tusk|spd|1
|move|p2a: Volcanion|Will-O-Wisp|p1a: Great Tusk|[miss]
|-miss|p2a: Volcanion|p1a: Great Tusk
|
|-heal|p2a: Volcanion|34/100|[from] item: Leftovers
|upkeep
|turn|2
|
|t:|1743876956
|move|p1a: Great Tusk|Headlong Rush|p2a: Volcanion
|-supereffective|p2a: Volcanion
|-damage|p2a: Volcanion|0 fnt
|-unboost|p1a: Great Tusk|def|1
|-unboost|p1a: Great Tusk|spd|1
|faint|p2a: Volcanion
|
|upkeep
|
|t:|1743876964
|switch|p2a: Oricorio|Oricorio, F, shiny|100/100
|turn|3
|
|t:|1743876973
|move|p1a: Great Tusk|Stealth Rock|p2a: Oricorio
|-sidestart|p2: Dadhurtme|move: Stealth Rock
|move|p2a: Oricorio|Quiver Dance|p2a: Oricorio
|-boost|p2a: Oricorio|spa|1
|-boost|p2a: Oricorio|spd|1
|-boost|p2a: Oricorio|spe|1
|
|upkeep
|turn|4
|
|t:|1743876995
|-end|p1a: Great Tusk|Protosynthesis|[silent]
|switch|p1a: Sneasel|Sneasel-Hisui, M, shiny|100/100
|move|p2a: Oricorio|Icy Wind|p1a: Sneasel
|-damage|p1a: Sneasel|73/100
|-unboost|p1a: Sneasel|spe|1
|
|upkeep
|turn|5
|
|t:|1743877004
|-terastallize|p1a: Sneasel|Water
|move|p2a: Oricorio|Revelation Dance|p1a: Sneasel
|-resisted|p1a: Sneasel
|-damage|p1a: Sneasel|38/100
|move|p1a: Sneasel|Tera Blast|p2a: Oricorio|[anim] Tera Blast Water
|-supereffective|p2a: Oricorio
|-damage|p2a: Oricorio|0 fnt
|faint|p2a: Oricorio
|
|upkeep
|
|t:|1743877020
|switch|p2a: Iron Crown|Iron Crown|100/100
|-damage|p2a: Iron Crown|94/100|[from] Stealth Rock
|-enditem|p2a: Iron Crown|Booster Energy
|-activate|p2a: Iron Crown|ability: Quark Drive|[fromitem]
|-start|p2a: Iron Crown|quarkdrivespa
|turn|6
|
|t:|1743877034
|-terastallize|p2a: Iron Crown|Steel
|move|p1a: Sneasel|Close Combat|p2a: Iron Crown
|-supereffective|p2a: Iron Crown
|-damage|p2a: Iron Crown|0 fnt
|-unboost|p1a: Sneasel|def|1
|-unboost|p1a: Sneasel|spd|1
|faint|p2a: Iron Crown
|-end|p2a: Iron Crown|Quark Drive|[silent]
|
|upkeep
|
|t:|1743877045
|switch|p2a: Garchomp|Garchomp, F|100/100
|-damage|p2a: Garchomp|94/100|[from] Stealth Rock
|turn|7
|
|t:|1743877053
|move|p2a: Garchomp|Swords Dance|p2a: Garchomp
|-boost|p2a: Garchomp|atk|2
|move|p1a: Sneasel|Tera Blast|p2a: Garchomp|[anim] Tera Blast Water
|-damage|p2a: Garchomp|64/100
|
|upkeep
|turn|8
|
|t:|1743877063
|move|p2a: Garchomp|Poison Jab|p1a: Sneasel
|-damage|p1a: Sneasel|0 fnt
|faint|p1a: Sneasel
|
|upkeep
|
|t:|1743877079
|switch|p1a: Dragapult|Dragapult, F|100/100
|turn|9
|
|t:|1743877086
|move|p1a: Dragapult|Dragon Darts|p2a: Garchomp
|-supereffective|p2a: Garchomp
|-damage|p2a: Garchomp|5/100
|-anim|p1a: Dragapult|Dragon Darts|p2a: Garchomp
|-supereffective|p2a: Garchomp
|-damage|p2a: Garchomp|0 fnt
|faint|p2a: Garchomp
|
|upkeep
|inactive|Dadhurtme has 90 seconds left.
|
|t:|1743877096
|switch|p2a: Comfey|Comfey, F|100/100
|-damage|p2a: Comfey|88/100|[from] Stealth Rock
|turn|10
|
|t:|1743877112
|switch|p1a: Gholdengo|Gholdengo|100/100
|-item|p1a: Gholdengo|Air Balloon
|move|p2a: Comfey|Leech Seed|p1a: Gholdengo
|-immune|p1a: Gholdengo|[from] ability: Good as Gold
|
|-heal|p2a: Comfey|94/100|[from] item: Leftovers
|upkeep
|turn|11
|
|t:|1743877126
|move|p2a: Comfey|Calm Mind|p2a: Comfey
|-boost|p2a: Comfey|spa|1
|-boost|p2a: Comfey|spd|1
|move|p1a: Gholdengo|Thunder Wave|p2a: Comfey
|-status|p2a: Comfey|par
|
|-heal|p2a: Comfey|100/100 par|[from] item: Leftovers
|upkeep
|turn|12
|
|t:|1743877139
|move|p1a: Gholdengo|Hex|p2a: Comfey
|-damage|p2a: Comfey|70/100 par
|move|p2a: Comfey|Calm Mind|p2a: Comfey
|-boost|p2a: Comfey|spa|1
|-boost|p2a: Comfey|spd|1
|
|-heal|p2a: Comfey|76/100 par|[from] item: Leftovers
|upkeep
|turn|13
|
|t:|1743877152
|move|p1a: Gholdengo|Make It Rain|p2a: Comfey
|-supereffective|p2a: Comfey
|-damage|p2a: Comfey|32/100 par
|-unboost|p1a: Gholdengo|spa|1
|move|p2a: Comfey|Calm Mind|p2a: Comfey
|-boost|p2a: Comfey|spa|1
|-boost|p2a: Comfey|spd|1
|
|-heal|p2a: Comfey|38/100 par|[from] item: Leftovers
|upkeep
|turn|14
|
|t:|1743877169
|move|p2a: Comfey|Giga Drain|p1a: Gholdengo
|-resisted|p1a: Gholdengo
|-damage|p1a: Gholdengo|83/100
|-heal|p2a: Comfey|49/100 par|[from] drain|[of] p1a: Gholdengo
|-enditem|p1a: Gholdengo|Air Balloon
|move|p1a: Gholdengo|Make It Rain|p2a: Comfey
|-supereffective|p2a: Comfey
|-damage|p2a: Comfey|27/100 par
|-unboost|p1a: Gholdengo|spa|1
|
|-heal|p2a: Comfey|33/100 par|[from] item: Leftovers
|upkeep
|turn|15
|inactive|Dadhurtme has 90 seconds left.
|inactive|egessgse has 120 seconds left.
|
|t:|1743877213
|move|p1a: Gholdengo|Make It Rain|p2a: Comfey
|-supereffective|p2a: Comfey
|-damage|p2a: Comfey|15/100 par
|-unboost|p1a: Gholdengo|spa|1
|cant|p2a: Comfey|par
|
|-heal|p2a: Comfey|21/100 par|[from] item: Leftovers
|upkeep
|turn|16
|inactive|Dadhurtme has 90 seconds left.
|
|t:|1743877227
|switch|p1a: Primarina|Primarina, F|100/100
|move|p2a: Comfey|Draining Kiss|p1a: Primarina
|-damage|p1a: Primarina|76/100
|-heal|p2a: Comfey|41/100 par|[from] drain|[of] p1a: Primarina
|
|-heal|p2a: Comfey|47/100 par|[from] item: Leftovers
|upkeep
|turn|17
|inactive|Dadhurtme has 90 seconds left.
|l|☆egessgse
|inactive|egessgse disconnected and has a minute to reconnect!
|player|p1|
|l|☆Dadhurtme
|inactive|Dadhurtme disconnected and has a minute to reconnect!
|player|p2|
|inactive|egessgse has 30 seconds to reconnect!
|inactive|egessgse has 20 seconds to reconnect!
|inactive|egessgse has 15 seconds to reconnect!
|inactive|egessgse has 10 seconds to reconnect!
|inactive|egessgse has 5 seconds to reconnect!
|-message|egessgse lost due to inactivity.
|
|win|Dadhurtme
|raw|egessgse's rating: 1232 &rarr; <strong>1202</strong><br />(-30 for losing)
|raw|Dadhurtme's rating: 1164 &rarr; <strong>1194</strong><br />(+30 for winning)
