|j|☆doodew124
|j|☆Cabrollins27
|t:|1743869709
|gametype|singles
|player|p1|doodew124|265|1177
|player|p2|Cabrollins27|101|1197
|teamsize|p1|6
|teamsize|p2|6
|gen|9
|tier|[Gen 9] OU
|rated|
|rule|HP Percentage Mod: HP is shown in percentages
|rule|Endless Battle Clause: Forcing endless battles is banned
|rule|Species Clause: Limit one of each Pokémon
|rule|OHKO Clause: OHKO moves are banned
|rule|Evasion Items Clause: Evasion items are banned
|rule|Evasion Moves Clause: Evasion moves are banned
|rule|Sleep Moves Clause: Sleep-inducing moves are banned
|clearpoke
|poke|p1|Swampert, M|
|poke|p1|Dragapult, M|
|poke|p1|Zapdos|
|poke|p1|Blastoise, F|
|poke|p1|Regirock|
|poke|p1|Weavile, F|
|poke|p2|Kingambit, F|
|poke|p2|Gholdengo|
|poke|p2|Gliscor, F|
|poke|p2|Clefable, F|
|poke|p2|Kyurem|
|poke|p2|Iron Moth|
|teampreview
|inactive|Battle timer is ON: inactive players will automatically lose when time's up. (requested by Cabrollins27)
|
|t:|1743869722
|start
|switch|p1a: Weavile|Weavile, F|100/100
|switch|p2a: Kyurem|Kyurem|100/100
|-ability|p1a: Weavile|Pressure
|-ability|p2a: Kyurem|Pressure
|turn|1
|
|t:|1743869732
|move|p1a: Weavile|Poison Jab|p2a: Kyurem
|-damage|p2a: Kyurem|76/100
|move|p2a: Kyurem|Dragon Dance|p2a: Kyurem
|-boost|p2a: Kyurem|atk|1
|-boost|p2a: Kyurem|spe|1
|
|upkeep
|turn|2
|
|t:|1743869742
|move|p2a: Kyurem|Scale Shot|p1a: Weavile
|-damage|p1a: Weavile|73/100
|-damage|p1a: Weavile|45/100
|-damage|p1a: Weavile|18/100
|-damage|p1a: Weavile|0 fnt
|faint|p1a: Weavile
|-hitcount|p1: Weavile|4
|-unboost|p2a: Kyurem|def|1
|-boost|p2a: Kyurem|spe|1
|
|upkeep
|
|t:|1743869754
|switch|p1a: Regirock|Regirock|100/100
|turn|3
|
|t:|1743869760
|move|p2a: Kyurem|Icicle Spear|p1a: Regirock
|-damage|p1a: Regirock|89/100
|-damage|p1a: Regirock|78/100
|-damage|p1a: Regirock|67/100
|-crit|p1a: Regirock
|-damage|p1a: Regirock|52/100
|-hitcount|p1a: Regirock|4
|move|p1a: Regirock|Iron Head|p2a: Kyurem
|-supereffective|p2a: Kyurem
|-damage|p2a: Kyurem|2/100
|
|upkeep
|turn|4
|
|t:|1743869774
|move|p2a: Kyurem|Icicle Spear|p1a: Regirock
|-damage|p1a: Regirock|40/100
|-damage|p1a: Regirock|30/100
|-damage|p1a: Regirock|20/100
|-damage|p1a: Regirock|8/100
|-hitcount|p1a: Regirock|4
|move|p1a: Regirock|Iron Head|p2a: Kyurem
|-supereffective|p2a: Kyurem
|-damage|p2a: Kyurem|0 fnt
|faint|p2a: Kyurem
|
|upkeep
|
|t:|1743869787
|switch|p2a: Iron Moth|Iron Moth|100/100
|-enditem|p2a: Iron Moth|Booster Energy
|-activate|p2a: Iron Moth|ability: Quark Drive|[fromitem]
|-start|p2a: Iron Moth|quarkdrivespa
|turn|5
|
|t:|1743869792
|move|p2a: Iron Moth|Fiery Dance|p1a: Regirock
|-resisted|p1a: Regirock
|-damage|p1a: Regirock|0 fnt
|-boost|p2a: Iron Moth|spa|1
|faint|p1a: Regirock
|
|upkeep
|
|t:|1743869799
|switch|p1a: Blastoise|Blastoise, F|100/100
|turn|6
|
|t:|1743869803
|move|p2a: Iron Moth|Energy Ball|p1a: Blastoise
|-supereffective|p1a: Blastoise
|-damage|p1a: Blastoise|0 fnt
|faint|p1a: Blastoise
|
|upkeep
|
|t:|1743869810
|switch|p1a: Dragapult|Dragapult, M|100/100
|turn|7
|
|t:|1743869817
|move|p2a: Iron Moth|Psychic|p1a: Dragapult
|-damage|p1a: Dragapult|24/100
|move|p1a: Dragapult|Surf|p2a: Iron Moth
|-supereffective|p2a: Iron Moth
|-damage|p2a: Iron Moth|21/100
|
|upkeep
|turn|8
|
|t:|1743869824
|move|p2a: Iron Moth|Psychic|p1a: Dragapult
|-damage|p1a: Dragapult|0 fnt
|faint|p1a: Dragapult
|
|upkeep
|
|t:|1743869829
|switch|p1a: Zapdos|Zapdos|100/100
|-ability|p1a: Zapdos|Pressure
|turn|9
|
|t:|1743869834
|-terastallize|p2a: Iron Moth|Fire
|move|p2a: Iron Moth|Fiery Dance|p1a: Zapdos
|-damage|p1a: Zapdos|0 fnt
|faint|p1a: Zapdos
|
|upkeep
|
|t:|1743869841
|switch|p1a: Swampert|Swampert, M|100/100
|turn|10
|
|t:|1743869845
|move|p2a: Iron Moth|Energy Ball|p1a: Swampert
|-supereffective|p1a: Swampert
|-damage|p1a: Swampert|0 fnt
|faint|p1a: Swampert
|
|win|Cabrollins27
|raw|doodew124's rating: 1177 &rarr; <strong>1153</strong><br />(-24 for losing)
|raw|Cabrollins27's rating: 1197 &rarr; <strong>1221</strong><br />(+24 for winning)
|l|☆doodew124
|player|p1|
|l|☆Cabrollins27
|player|p2|
