|j|☆reldr
|j|☆01zx
|t:|1743848724
|gametype|singles
|player|p1|reldr|shadowtriad|1334
|player|p2|01zx|cyrus|1292
|teamsize|p1|6
|teamsize|p2|6
|gen|9
|tier|[Gen 9] OU
|rated|
|rule|HP Percentage Mod: HP is shown in percentages
|rule|Endless Battle Clause: Forcing endless battles is banned
|rule|Species Clause: Limit one of each Pokémon
|rule|OHKO Clause: OHKO moves are banned
|rule|Evasion Items Clause: Evasion items are banned
|rule|Evasion Moves Clause: Evasion moves are banned
|rule|Sleep Moves Clause: Sleep-inducing moves are banned
|clearpoke
|poke|p1|Ogerpon-Wellspring, F|
|poke|p1|Landorus-Therian, M|
|poke|p1|Iron Valiant|
|poke|p1|Dragapult, M|
|poke|p1|Glimmora, M|
|poke|p1|Kingambit, M|
|poke|p2|Sinistcha-Masterpiece|
|poke|p2|Kleavor, M|
|poke|p2|Ursaluna, M|
|poke|p2|Alomomola, F|
|poke|p2|Samurott-Hisui, F|
|poke|p2|Glimmora, M|
|teampreview
|inactive|Battle timer is ON: inactive players will automatically lose when time's up. (requested by reldr)
|
|t:|1743848738
|start
|switch|p1a: Glimmora|Glimmora, M|100/100
|switch|p2a: Kleavor|Kleavor, M, shiny|100/100
|turn|1
|
|t:|1743848746
|move|p1a: Glimmora|Power Gem|p2a: Kleavor
|-supereffective|p2a: Kleavor
|-damage|p2a: Kleavor|0 fnt
|faint|p2a: Kleavor
|
|upkeep
|
|t:|1743848750
|switch|p2a: Samurott|Samurott-Hisui, F, shiny|100/100
|turn|2
|
|t:|1743848756
|move|p1a: Glimmora|Sludge Wave|p2a: Samurott
|-damage|p2a: Samurott|21/100
|move|p2a: Samurott|Ceaseless Edge|p1a: Glimmora
|-damage|p1a: Glimmora|21/100
|-activate|p1a: Glimmora|ability: Toxic Debris
|-sidestart|p2: 01zx|move: Toxic Spikes
|-sidestart|p1: reldr|Spikes
|
|upkeep
|turn|3
|inactive|01zx has 120 seconds left.
|
|t:|1743848788
|switch|p2a: 无限|Alomomola, F, shiny|100/100
|-status|p2a: 无限|psn
|move|p1a: Glimmora|Mortal Spin|p2a: 无限
|-damage|p2a: 无限|96/100 psn
|-sideend|p1: reldr|Spikes|[from] move: Mortal Spin|[of] p1a: Glimmora
|
|-heal|p2a: 无限|100/100 psn|[from] item: Leftovers
|-damage|p2a: 无限|88/100 psn|[from] psn
|upkeep
|turn|4
|
|t:|1743848797
|switch|p1a: Ogerpon|Ogerpon-Wellspring, F|100/100
|move|p2a: 无限|Flip Turn|p1a: Ogerpon
|-immune|p1a: Ogerpon|[from] ability: Water Absorb
|
|-heal|p2a: 无限|94/100 psn|[from] item: Leftovers
|-damage|p2a: 无限|82/100 psn|[from] psn
|upkeep
|turn|5
|
|t:|1743848803
|switch|p2a: Glimmora|Glimmora, M, shiny|100/100
|-item|p2a: Glimmora|Air Balloon
|move|p1a: Ogerpon|Swords Dance|p1a: Ogerpon
|-boost|p1a: Ogerpon|atk|2
|
|upkeep
|turn|6
|
|t:|1743848813
|move|p2a: Glimmora|Spiky Shield|p2a: Glimmora
|-singleturn|p2a: Glimmora|move: Protect
|move|p1a: Ogerpon|Ivy Cudgel|p2a: Glimmora|[anim] Ivy Cudgel Water
|-activate|p2a: Glimmora|move: Protect
|
|upkeep
|turn|7
|
|t:|1743848822
|move|p1a: Ogerpon|Ivy Cudgel|p2a: Glimmora|[anim] Ivy Cudgel Water
|-supereffective|p2a: Glimmora
|-damage|p2a: Glimmora|0 fnt
|-activate|p2a: Glimmora|ability: Toxic Debris
|-sidestart|p1: reldr|move: Toxic Spikes
|-enditem|p2a: Glimmora|Air Balloon
|faint|p2a: Glimmora
|
|upkeep
|
|t:|1743848829
|switch|p2a: Sinistcha|Sinistcha-Masterpiece, shiny|100/100
|-status|p2a: Sinistcha|psn
|turn|8
|
|t:|1743848838
|move|p1a: Ogerpon|Play Rough|p2a: Sinistcha
|-damage|p2a: Sinistcha|47/100 psn
|move|p2a: Sinistcha|Strength Sap|p1a: Ogerpon
|-unboost|p1a: Ogerpon|atk|1
|-heal|p2a: Sinistcha|100/100 psn
|
|-damage|p2a: Sinistcha|88/100 psn|[from] psn
|upkeep
|turn|9
|-message|01zx forfeited.
|
|win|reldr
|raw|reldr's rating: 1334 &rarr; <strong>1352</strong><br />(+18 for winning)
|raw|01zx's rating: 1292 &rarr; <strong>1270</strong><br />(-22 for losing)
|l|☆01zx
|player|p2|
|l|☆reldr
|player|p1|
