|j|☆WAAHAAHEE
|j|☆94ChenYu5
|t:|1743915081
|gametype|singles
|player|p1|WAAHAAHEE|2|1116
|player|p2|94ChenYu5|1|1146
|teamsize|p1|6
|teamsize|p2|6
|gen|9
|tier|[Gen 9] OU
|rated|
|rule|HP Percentage Mod: HP is shown in percentages
|rule|Endless Battle Clause: Forcing endless battles is banned
|rule|Species Clause: Limit one of each Pokémon
|rule|OHKO Clause: OHKO moves are banned
|rule|Evasion Items Clause: Evasion items are banned
|rule|Evasion Moves Clause: Evasion moves are banned
|rule|Sleep Moves Clause: Sleep-inducing moves are banned
|clearpoke
|poke|p1|Tyranitar, M|
|poke|p1|Gholdengo|
|poke|p1|Excadrill, F|
|poke|p1|Clodsire, F|
|poke|p1|Ogerpon-Cornerstone, F|
|poke|p1|Gliscor, M|
|poke|p2|Espeon, F|
|poke|p2|Dragonite, F|
|poke|p2|Tyranitar, F|
|poke|p2|Ditto|
|poke|p2|Polteageist|
|poke|p2|Landorus-Therian, M|
|teampreview
|inactive|Battle timer is ON: inactive players will automatically lose when time's up. (requested by WAAHAAHEE)
|
|t:|1743915099
|start
|switch|p1a: Tyranitar|Tyranitar, M|100/100
|switch|p2a: Landorus|Landorus-Therian, M|100/100
|-ability|p2a: Landorus|Intimidate|boost
|-unboost|p1a: Tyranitar|atk|1
|-weather|Sandstorm|[from] ability: Sand Stream|[of] p1a: Tyranitar
|turn|1
|
|t:|1743915104
|move|p2a: Landorus|U-turn|p1a: Tyranitar
|-supereffective|p1a: Tyranitar
|-damage|p1a: Tyranitar|59/100
|
|t:|1743915108
|switch|p2a: Tyranitar|Tyranitar, F|100/100|[from] U-turn
|move|p1a: Tyranitar|Stealth Rock|p2a: Tyranitar
|-sidestart|p2: 94ChenYu5|move: Stealth Rock
|
|-weather|Sandstorm|[upkeep]
|upkeep
|turn|2
|
|t:|1743915123
|move|p1a: Tyranitar|Thunder Wave|p2a: Tyranitar|[miss]
|-miss|p1a: Tyranitar|p2a: Tyranitar
|move|p2a: Tyranitar|Earthquake|p1a: Tyranitar
|-supereffective|p1a: Tyranitar
|-damage|p1a: Tyranitar|0 fnt
|faint|p1a: Tyranitar
|
|-weather|Sandstorm|[upkeep]
|upkeep
|
|t:|1743915129
|switch|p1a: Ogerpon|Ogerpon-Cornerstone, F|100/100
|turn|3
|
|t:|1743915155
|move|p1a: Ogerpon|Swords Dance|p1a: Ogerpon
|-boost|p1a: Ogerpon|atk|2
|move|p2a: Tyranitar|Earthquake|p1a: Ogerpon
|-damage|p1a: Ogerpon|22/100
|
|-weather|Sandstorm|[upkeep]
|upkeep
|turn|4
|
|t:|1743915162
|switch|p2a: Landorus|Landorus-Therian, M|100/100
|-damage|p2a: Landorus|88/100|[from] Stealth Rock
|-ability|p2a: Landorus|Intimidate|boost
|-unboost|p1a: Ogerpon|atk|1
|move|p1a: Ogerpon|Spiky Shield||[still]
|-fail|p1a: Ogerpon
|
|-weather|Sandstorm|[upkeep]
|upkeep
|turn|5
|
|t:|1743915170
|-terastallize|p1a: Ogerpon|Rock
|detailschange|p1a: Ogerpon|Ogerpon-Cornerstone-Tera, F, tera:Rock
|-ability|p1a: Ogerpon|Embody Aspect (Cornerstone)|boost
|-boost|p1a: Ogerpon|def|1
|move|p1a: Ogerpon|Ivy Cudgel|p2a: Landorus|[anim] Ivy Cudgel Rock
|-damage|p2a: Landorus|0 fnt
|faint|p2a: Landorus
|
|-weather|Sandstorm|[upkeep]
|upkeep
|
|t:|1743915185
|switch|p2a: Ditto|Ditto|100/100
|-damage|p2a: Ditto|88/100|[from] Stealth Rock
|turn|6
|
|t:|1743915193
|move|p1a: Ogerpon|Ivy Cudgel|p2a: Ditto|[anim] Ivy Cudgel Rock
|-damage|p2a: Ditto|0 fnt
|faint|p2a: Ditto
|
|-weather|Sandstorm|[upkeep]
|upkeep
|c|☆WAAHAAHEE|LOL
|
|t:|1743915198
|switch|p2a: Espeon|Espeon, F, shiny|100/100
|-damage|p2a: Espeon|88/100|[from] Stealth Rock
|turn|7
|
|t:|1743915201
|move|p2a: Espeon|Draining Kiss|p1a: Ogerpon
|-damage|p1a: Ogerpon|9/100
|-heal|p2a: Espeon|99/100|[from] drain|[of] p1a: Ogerpon
|move|p1a: Ogerpon|Ivy Cudgel|p2a: Espeon|[anim] Ivy Cudgel Rock
|-crit|p2a: Espeon
|-damage|p2a: Espeon|0 fnt
|faint|p2a: Espeon
|
|-weather|Sandstorm|[upkeep]
|upkeep
|
|t:|1743915205
|switch|p2a: Tyranitar|Tyranitar, F|100/100
|-damage|p2a: Tyranitar|88/100|[from] Stealth Rock
|turn|8
|
|t:|1743915210
|move|p1a: Ogerpon|Trailblaze|p2a: Tyranitar
|-supereffective|p2a: Tyranitar
|-damage|p2a: Tyranitar|18/100
|-boost|p1a: Ogerpon|spe|1
|move|p2a: Tyranitar|Crunch|p1a: Ogerpon
|-damage|p1a: Ogerpon|0 fnt
|faint|p1a: Ogerpon
|
|-weather|none
|upkeep
|
|t:|1743915223
|switch|p1a: Gholdengo|Gholdengo|100/100
|turn|9
|
|t:|1743915229
|move|p1a: Gholdengo|Thunderbolt|p2a: Tyranitar
|-damage|p2a: Tyranitar|0 fnt
|faint|p2a: Tyranitar
|
|upkeep
|
|t:|1743915234
|switch|p2a: Polteageist|Polteageist|100/100
|-damage|p2a: Polteageist|88/100|[from] Stealth Rock
|turn|10
|
|t:|1743915238
|move|p1a: Gholdengo|Thunderbolt|p2a: Polteageist
|-damage|p2a: Polteageist|54/100
|move|p2a: Polteageist|Shell Smash|p2a: Polteageist
|-unboost|p2a: Polteageist|def|1
|-unboost|p2a: Polteageist|spd|1
|-boost|p2a: Polteageist|atk|2
|-boost|p2a: Polteageist|spa|2
|-boost|p2a: Polteageist|spe|2
|-enditem|p2a: Polteageist|White Herb
|-clearnegativeboost|p2a: Polteageist|[silent]
|
|upkeep
|turn|11
|
|t:|1743915245
|switch|p1a: Clodsire|Clodsire, F|100/100
|-terastallize|p2a: Polteageist|Ghost
|move|p2a: Polteageist|Shadow Ball|p1a: Clodsire
|-damage|p1a: Clodsire|34/100
|-unboost|p1a: Clodsire|spd|1
|
|-heal|p1a: Clodsire|40/100|[from] item: Leftovers
|upkeep
|turn|12
|
|t:|1743915251
|move|p2a: Polteageist|Stored Power|p1a: Clodsire
|-supereffective|p1a: Clodsire
|-damage|p1a: Clodsire|0 fnt
|faint|p1a: Clodsire
|
|upkeep
|
|t:|1743915255
|switch|p1a: Gliscor|Gliscor, M|100/100
|turn|13
|
|t:|1743915261
|move|p2a: Polteageist|Strength Sap|p1a: Gliscor
|-unboost|p1a: Gliscor|atk|1
|-heal|p2a: Polteageist|100/100
|move|p1a: Gliscor|Knock Off|p2a: Polteageist
|-supereffective|p2a: Polteageist
|-damage|p2a: Polteageist|59/100
|-ability|p2a: Polteageist|Weak Armor|boost
|-unboost|p2a: Polteageist|def|1
|-boost|p2a: Polteageist|spe|2
|
|-status|p1a: Gliscor|tox|[from] item: Toxic Orb
|upkeep
|turn|14
|-message|WAAHAAHEE forfeited.
|
|win|94ChenYu5
|raw|WAAHAAHEE's rating: 1116 &rarr; <strong>1093</strong><br />(-23 for losing)
|raw|94ChenYu5's rating: 1146 &rarr; <strong>1169</strong><br />(+23 for winning)
|l|☆WAAHAAHEE
|player|p1|
|l|☆94ChenYu5
|player|p2|
