|badge|p1|silver|gen9uu|30-5
|badge|p1|bronze|gen9pu|100-5
|uhtml|medal-msg|<div class="broadcast-blue">Curious what those medals under the avatar are? PS now has Ladder Seasons! For more information, check out the <a href="https://www.smogon.com/forums/threads/3740067/">thread on Smogon.</a></div>
|j|☆malk tyme
|j|☆mathismathin
|t:|1743911365
|gametype|singles
|player|p1|malk tyme|firefighter|1709
|player|p2|mathismathin|265|1836
|teamsize|p1|6
|teamsize|p2|6
|gen|9
|tier|[Gen 9] OU
|rated|
|rule|HP Percentage Mod: HP is shown in percentages
|rule|Endless Battle Clause: Forcing endless battles is banned
|rule|Species Clause: Limit one of each Pokémon
|rule|OHKO Clause: OHKO moves are banned
|rule|Evasion Items Clause: Evasion items are banned
|rule|Evasion Moves Clause: Evasion moves are banned
|rule|Sleep Moves Clause: Sleep-inducing moves are banned
|clearpoke
|poke|p1|Grimmsnarl, M|
|poke|p1|Oricorio-Sensu, M|
|poke|p1|Garchomp, M|
|poke|p1|Necrozma|
|poke|p1|Magnezone|
|poke|p1|Cinderace, F|
|poke|p2|Clefable, F|
|poke|p2|Excadrill, M|
|poke|p2|Greninja-*, M|
|poke|p2|Skarmory, M|
|poke|p2|Dragonite, F|
|poke|p2|Emboar, F|
|teampreview
|
|t:|1743911386
|start
|switch|p1a: Grimmsnarl|Grimmsnarl, M|100/100
|switch|p2a: Emboar|Emboar, F|100/100
|turn|1
|
|t:|1743911396
|move|p1a: Grimmsnarl|Reflect|p1a: Grimmsnarl
|-sidestart|p1: malk tyme|Reflect
|move|p2a: Emboar|Knock Off|p1a: Grimmsnarl
|-resisted|p1a: Grimmsnarl
|-damage|p1a: Grimmsnarl|95/100
|-enditem|p1a: Grimmsnarl|Light Clay|[from] move: Knock Off|[of] p2a: Emboar
|
|upkeep
|turn|2
|inactive|Battle timer is ON: inactive players will automatically lose when time's up. (requested by malk tyme)
|inactive|mathismathin has 120 seconds left.
|
|t:|1743911474
|move|p1a: Grimmsnarl|Thunder Wave|p2a: Emboar|[miss]
|-miss|p1a: Grimmsnarl|p2a: Emboar
|move|p2a: Emboar|Scald|p1a: Grimmsnarl
|-damage|p1a: Grimmsnarl|83/100
|
|upkeep
|turn|3
|
|t:|1743911480
|move|p1a: Grimmsnarl|Light Screen|p1a: Grimmsnarl
|-sidestart|p1: malk tyme|move: Light Screen
|move|p2a: Emboar|Scald|p1a: Grimmsnarl
|-damage|p1a: Grimmsnarl|77/100
|
|upkeep
|turn|4
|
|t:|1743911484
|move|p1a: Grimmsnarl|Thunder Wave|p2a: Emboar
|-status|p2a: Emboar|par
|move|p2a: Emboar|Scald|p1a: Grimmsnarl
|-damage|p1a: Grimmsnarl|71/100
|
|upkeep
|turn|5
|
|t:|1743911490
|switch|p1a: Necrozma|Necrozma|100/100
|move|p2a: Emboar|Knock Off|p1a: Necrozma
|-supereffective|p1a: Necrozma
|-damage|p1a: Necrozma|83/100
|-enditem|p1a: Necrozma|Leftovers|[from] move: Knock Off|[of] p2a: Emboar
|
|upkeep
|turn|6
|j| SS pw
|
|t:|1743911499
|switch|p2a: Clefable|Clefable, F|100/100
|move|p1a: Necrozma|Calm Mind|p1a: Necrozma
|-boost|p1a: Necrozma|spa|1
|-boost|p1a: Necrozma|spd|1
|
|upkeep
|turn|7
|
|t:|1743911502
|move|p2a: Clefable|Thunder Wave|p1a: Necrozma
|-status|p1a: Necrozma|par
|cant|p1a: Necrozma|par
|
|-sideend|p1: malk tyme|move: Light Screen
|upkeep
|turn|8
|
|t:|1743911504
|move|p2a: Clefable|Moonblast|p1a: Necrozma
|-damage|p1a: Necrozma|47/100 par
|move|p1a: Necrozma|Calm Mind|p1a: Necrozma
|-boost|p1a: Necrozma|spa|1
|-boost|p1a: Necrozma|spd|1
|
|-sideend|p1: malk tyme|Reflect
|upkeep
|turn|9
|
|t:|1743911508
|move|p2a: Clefable|Moonblast|p1a: Necrozma
|-damage|p1a: Necrozma|23/100 par
|-unboost|p1a: Necrozma|spa|1
|move|p1a: Necrozma|Moonlight|p1a: Necrozma
|-heal|p1a: Necrozma|73/100 par
|
|upkeep
|turn|10
|l| SS pw
|
|t:|1743911514
|switch|p2a: Excadrill|Excadrill, M|100/100
|-ability|p2a: Excadrill|Mold Breaker
|cant|p1a: Necrozma|par
|
|upkeep
|turn|11
|
|t:|1743911518
|move|p2a: Excadrill|Earthquake|p1a: Necrozma
|-damage|p1a: Necrozma|39/100 par
|move|p1a: Necrozma|Heat Wave|p2a: Excadrill|[miss]
|-miss|p1a: Necrozma|p2a: Excadrill
|
|upkeep
|turn|12
|
|t:|1743911522
|move|p2a: Excadrill|Earthquake|p1a: Necrozma
|-damage|p1a: Necrozma|5/100 par
|move|p1a: Necrozma|Moonlight|p1a: Necrozma
|-heal|p1a: Necrozma|55/100 par
|
|upkeep
|turn|13
|
|t:|1743911525
|move|p2a: Excadrill|Earthquake|p1a: Necrozma
|-damage|p1a: Necrozma|18/100 par
|move|p1a: Necrozma|Moonlight|p1a: Necrozma
|-heal|p1a: Necrozma|68/100 par
|
|upkeep
|turn|14
|
|t:|1743911527
|move|p2a: Excadrill|Earthquake|p1a: Necrozma
|-crit|p1a: Necrozma
|-damage|p1a: Necrozma|16/100 par
|move|p1a: Necrozma|Heat Wave|p2a: Excadrill
|-supereffective|p2a: Excadrill
|-damage|p2a: Excadrill|0 fnt
|faint|p2a: Excadrill
|
|upkeep
|
|t:|1743911534
|switch|p2a: Greninja|Greninja, M|100/100
|turn|15
|c|☆malk tyme|man this is one haxy battle
|
|t:|1743911540
|move|p2a: Greninja|Hydro Pump|p1a: Necrozma
|-damage|p1a: Necrozma|0 fnt
|faint|p1a: Necrozma
|-ability|p2a: Greninja|Battle Bond|boost
|-boost|p2a: Greninja|atk|1
|-boost|p2a: Greninja|spa|1
|-boost|p2a: Greninja|spe|1
|-activate|p2a: Greninja|ability: Battle Bond
|
|upkeep
|c|☆mathismathin|yea
|
|t:|1743911542
|switch|p1a: Grimmsnarl|Grimmsnarl, M|71/100
|turn|16
|
|t:|1743911551
|move|p1a: Grimmsnarl|Light Screen|p1a: Grimmsnarl
|-sidestart|p1: malk tyme|move: Light Screen
|move|p2a: Greninja|Hydro Pump|p1a: Grimmsnarl|[miss]
|-miss|p2a: Greninja|p1a: Grimmsnarl
|
|upkeep
|turn|17
|
|t:|1743911555
|move|p2a: Greninja|Hydro Pump|p1a: Grimmsnarl
|-damage|p1a: Grimmsnarl|33/100
|move|p1a: Grimmsnarl|Spirit Break|p2a: Greninja
|-supereffective|p2a: Greninja
|-damage|p2a: Greninja|4/100
|-unboost|p2a: Greninja|spa|1
|
|upkeep
|turn|18
|
|t:|1743911557
|move|p2a: Greninja|Hydro Pump|p1a: Grimmsnarl
|-damage|p1a: Grimmsnarl|7/100
|move|p1a: Grimmsnarl|Spirit Break|p2a: Greninja
|-supereffective|p2a: Greninja
|-damage|p2a: Greninja|0 fnt
|faint|p2a: Greninja
|
|upkeep
|
|t:|1743911563
|switch|p2a: Clefable|Clefable, F|100/100
|turn|19
|
|t:|1743911565
|move|p1a: Grimmsnarl|Thunder Wave|p2a: Clefable
|-status|p2a: Clefable|par
|move|p2a: Clefable|Moonblast|p1a: Grimmsnarl
|-supereffective|p1a: Grimmsnarl
|-damage|p1a: Grimmsnarl|0 fnt
|faint|p1a: Grimmsnarl
|
|upkeep
|
|t:|1743911573
|switch|p1a: Magnezone|Magnezone|100/100
|turn|20
|
|t:|1743911575
|switch|p2a: Emboar|Emboar, F|100/100 par
|move|p1a: Magnezone|Iron Defense|p1a: Magnezone
|-boost|p1a: Magnezone|def|2
|
|-sideend|p1: malk tyme|move: Light Screen
|upkeep
|turn|21
|
|t:|1743911579
|move|p1a: Magnezone|Substitute|p1a: Magnezone
|-start|p1a: Magnezone|Substitute
|-damage|p1a: Magnezone|75/100
|move|p2a: Emboar|Scald|p1a: Magnezone
|-activate|p1a: Magnezone|move: Substitute|[damage]
|
|-heal|p1a: Magnezone|82/100|[from] item: Leftovers
|upkeep
|turn|22
|
|t:|1743911582
|move|p1a: Magnezone|Iron Defense|p1a: Magnezone
|-boost|p1a: Magnezone|def|2
|move|p2a: Emboar|Flare Blitz|p1a: Magnezone
|-supereffective|p1a: Magnezone
|-end|p1a: Magnezone|Substitute
|-damage|p2a: Emboar|99/100 par|[from] Recoil|[of] p1a: Magnezone
|
|-heal|p1a: Magnezone|88/100|[from] item: Leftovers
|upkeep
|turn|23
|
|t:|1743911584
|move|p1a: Magnezone|Body Press|p2a: Emboar
|-damage|p2a: Emboar|13/100 par
|move|p2a: Emboar|Flare Blitz|p1a: Magnezone
|-supereffective|p1a: Magnezone
|-damage|p1a: Magnezone|44/100
|-damage|p2a: Emboar|0 fnt|[from] Recoil
|faint|p2a: Emboar
|
|-heal|p1a: Magnezone|50/100|[from] item: Leftovers
|upkeep
|
|t:|1743911587
|switch|p2a: Dragonite|Dragonite, F|100/100
|turn|24
|
|t:|1743911590
|move|p2a: Dragonite|Dragon Dance|p2a: Dragonite
|-boost|p2a: Dragonite|atk|1
|-boost|p2a: Dragonite|spe|1
|move|p1a: Magnezone|Thunderbolt|p2a: Dragonite
|-damage|p2a: Dragonite|79/100
|
|-heal|p1a: Magnezone|56/100|[from] item: Leftovers
|upkeep
|turn|25
|
|t:|1743911594
|move|p2a: Dragonite|Earthquake|p1a: Magnezone
|-supereffective|p1a: Magnezone
|-damage|p1a: Magnezone|0 fnt
|faint|p1a: Magnezone
|
|upkeep
|
|t:|1743911615
|switch|p1a: Oricorio|Oricorio-Sensu, M|100/100
|turn|26
|
|t:|1743911627
|switch|p2a: Clefable|Clefable, F|100/100 par
|switch|p1a: Cinderace|Cinderace, F|100/100
|
|upkeep
|turn|27
|inactive|mathismathin has 120 seconds left.
|
|t:|1743911661
|switch|p1a: Garchomp|Garchomp, M|100/100
|switch|p2a: Dragonite|Dragonite, F|79/100
|
|upkeep
|turn|28
|
|t:|1743911665
|switch|p2a: Skarmory|Skarmory, M|100/100
|move|p1a: Garchomp|Scale Shot|p2a: Skarmory
|-resisted|p2a: Skarmory
|-damage|p2a: Skarmory|96/100
|-resisted|p2a: Skarmory
|-damage|p2a: Skarmory|92/100
|-resisted|p2a: Skarmory
|-damage|p2a: Skarmory|88/100
|-resisted|p2a: Skarmory
|-damage|p2a: Skarmory|84/100
|-resisted|p2a: Skarmory
|-damage|p2a: Skarmory|80/100
|-hitcount|p2a: Skarmory|5
|-unboost|p1a: Garchomp|def|1
|-boost|p1a: Garchomp|spe|1
|
|upkeep
|turn|29
|
|t:|1743911671
|switch|p1a: Cinderace|Cinderace, F|100/100
|move|p2a: Skarmory|Stealth Rock|p1a: Cinderace
|-sidestart|p1: malk tyme|move: Stealth Rock
|
|upkeep
|turn|30
|
|t:|1743911677
|switch|p2a: Dragonite|Dragonite, F|79/100
|move|p1a: Cinderace|Swords Dance|p1a: Cinderace
|-boost|p1a: Cinderace|atk|2
|
|upkeep
|turn|31
|
|t:|1743911682
|move|p1a: Cinderace|Pyro Ball|p2a: Dragonite
|-resisted|p2a: Dragonite
|-damage|p2a: Dragonite|16/100
|move|p2a: Dragonite|Earthquake|p1a: Cinderace
|-supereffective|p1a: Cinderace
|-damage|p1a: Cinderace|0 fnt
|faint|p1a: Cinderace
|
|upkeep
|
|t:|1743911688
|switch|p1a: Oricorio|Oricorio-Sensu, M|100/100
|turn|32
|
|t:|1743911692
|switch|p2a: Clefable|Clefable, F|100/100 par
|move|p1a: Oricorio|Revelation Dance|p2a: Clefable
|-damage|p2a: Clefable|54/100 par
|
|upkeep
|turn|33
|
|t:|1743911697
|move|p1a: Oricorio|Hurricane|p2a: Clefable|[miss]
|-miss|p1a: Oricorio|p2a: Clefable
|cant|p2a: Clefable|par
|
|upkeep
|turn|34
|
|t:|1743911700
|move|p1a: Oricorio|Hurricane|p2a: Clefable
|-crit|p2a: Clefable
|-damage|p2a: Clefable|0 fnt
|faint|p2a: Clefable
|
|upkeep
|c|☆mathismathin|ggs
|-message|mathismathin forfeited.
|
|win|malk tyme
|raw|malk tyme's rating: 1709 &rarr; <strong>1737</strong><br />(+28 for winning)
|raw|mathismathin's rating: 1853 &rarr; <strong>1825</strong><br />(-28 for losing)
|c|☆malk tyme|gg
