|j|☆jielzzz
|j|☆alegthegoat
|t:|1743794173
|gametype|singles
|player|p1|jielzzz|worker|1257
|player|p2|alegthegoat|volkner|1280
|teamsize|p1|6
|teamsize|p2|6
|gen|9
|tier|[Gen 9] OU
|rated|
|rule|HP Percentage Mod: HP is shown in percentages
|rule|Endless Battle Clause: Forcing endless battles is banned
|rule|Species Clause: Limit one of each Pokémon
|rule|OHKO Clause: OHKO moves are banned
|rule|Evasion Items Clause: Evasion items are banned
|rule|Evasion Moves Clause: Evasion moves are banned
|rule|Sleep Moves Clause: Sleep-inducing moves are banned
|clearpoke
|poke|p1|Ribombee, F|
|poke|p1|Kingambit, M|
|poke|p1|Iron Moth|
|poke|p1|Great Tusk|
|poke|p1|Gholdengo|
|poke|p1|Kyurem|
|poke|p2|Primeape, M|
|poke|p2|Ninetales-Alola, F|
|poke|p2|Zarude|
|poke|p2|Rillaboom, F|
|poke|p2|Dragapult, F|
|poke|p2|Iron Treads|
|teampreview
|inactive|Battle timer is ON: inactive players will automatically lose when time's up. (requested by alegthegoat)
|
|t:|1743794185
|start
|switch|p1a: Ribombee|Ribombee, F|100/100
|switch|p2a: Iron Treads|Iron Treads|100/100
|-enditem|p2a: Iron Treads|Booster Energy
|-activate|p2a: Iron Treads|ability: Quark Drive|[fromitem]
|-start|p2a: Iron Treads|quarkdrivespe
|turn|1
|
|t:|1743794194
|switch|p1a: Great Tusk|Great Tusk|100/100
|move|p2a: Iron Treads|Stealth Rock|p1a: Great Tusk
|-sidestart|p1: jielzzz|move: Stealth Rock
|
|upkeep
|turn|2
|
|t:|1743794202
|-end|p2a: Iron Treads|Quark Drive|[silent]
|switch|p2a: Dragapult|Dragapult, F, shiny|100/100
|move|p1a: Great Tusk|Stealth Rock|p2a: Dragapult
|-sidestart|p2: alegthegoat|move: Stealth Rock
|
|upkeep
|turn|3
|
|t:|1743794217
|move|p2a: Dragapult|Will-O-Wisp|p1a: Great Tusk
|-status|p1a: Great Tusk|brn
|move|p1a: Great Tusk|Knock Off|p2a: Dragapult
|-supereffective|p2a: Dragapult
|-damage|p2a: Dragapult|55/100
|-enditem|p2a: Dragapult|Heavy-Duty Boots|[from] move: Knock Off|[of] p1a: Great Tusk
|
|-damage|p1a: Great Tusk|94/100 brn|[from] brn
|upkeep
|turn|4
|
|t:|1743794229
|move|p2a: Dragapult|U-turn|p1a: Great Tusk
|-resisted|p1a: Great Tusk
|-damage|p1a: Great Tusk|89/100 brn
|
|t:|1743794234
|switch|p2a: Rillaboom|Rillaboom, F|100/100|[from] U-turn
|-damage|p2a: Rillaboom|88/100|[from] Stealth Rock
|-fieldstart|move: Grassy Terrain|[from] ability: Grassy Surge|[of] p2a: Rillaboom
|move|p1a: Great Tusk|Earthquake|p2a: Rillaboom
|-resisted|p2a: Rillaboom
|-damage|p2a: Rillaboom|83/100
|
|-heal|p2a: Rillaboom|89/100|[from] Grassy Terrain
|-heal|p1a: Great Tusk|95/100 brn|[from] Grassy Terrain
|-heal|p1a: Great Tusk|100/100 brn|[from] item: Leftovers
|-damage|p1a: Great Tusk|94/100 brn|[from] brn
|upkeep
|turn|5
|
|t:|1743794253
|move|p2a: Rillaboom|Knock Off|p1a: Great Tusk
|-resisted|p1a: Great Tusk
|-damage|p1a: Great Tusk|87/100 brn
|-enditem|p1a: Great Tusk|Leftovers|[from] move: Knock Off|[of] p2a: Rillaboom
|move|p1a: Great Tusk|Knock Off|p2a: Rillaboom
|-damage|p2a: Rillaboom|73/100
|-enditem|p2a: Rillaboom|Terrain Extender|[from] move: Knock Off|[of] p1a: Great Tusk
|
|-heal|p2a: Rillaboom|79/100|[from] Grassy Terrain
|-heal|p1a: Great Tusk|93/100 brn|[from] Grassy Terrain
|-damage|p1a: Great Tusk|87/100 brn|[from] brn
|upkeep
|turn|6
|
|t:|1743794267
|move|p2a: Rillaboom|U-turn|p1a: Great Tusk
|-resisted|p1a: Great Tusk
|-damage|p1a: Great Tusk|81/100 brn
|
|t:|1743794269
|switch|p2a: Ninetales|Ninetales-Alola, F|100/100|[from] U-turn
|-damage|p2a: Ninetales|76/100|[from] Stealth Rock
|-weather|Snowscape|[from] ability: Snow Warning|[of] p2a: Ninetales
|move|p1a: Great Tusk|Rapid Spin|p2a: Ninetales
|-damage|p2a: Ninetales|68/100
|-boost|p1a: Great Tusk|spe|1
|-sideend|p1: jielzzz|Stealth Rock|[from] move: Rapid Spin|[of] p1a: Great Tusk
|
|-weather|Snowscape|[upkeep]
|-heal|p2a: Ninetales|74/100|[from] Grassy Terrain
|-heal|p1a: Great Tusk|87/100 brn|[from] Grassy Terrain
|-damage|p1a: Great Tusk|81/100 brn|[from] brn
|upkeep
|turn|7
|
|t:|1743794285
|move|p2a: Ninetales|Aurora Veil|p2a: Ninetales
|-sidestart|p2: alegthegoat|move: Aurora Veil
|move|p1a: Great Tusk|Knock Off|p2a: Ninetales
|-resisted|p2a: Ninetales
|-damage|p2a: Ninetales|71/100
|-enditem|p2a: Ninetales|Light Clay|[from] move: Knock Off|[of] p1a: Great Tusk
|
|-weather|Snowscape|[upkeep]
|-heal|p2a: Ninetales|77/100|[from] Grassy Terrain
|-heal|p1a: Great Tusk|87/100 brn|[from] Grassy Terrain
|-damage|p1a: Great Tusk|81/100 brn|[from] brn
|upkeep
|turn|8
|
|t:|1743794297
|move|p2a: Ninetales|Freeze-Dry|p1a: Great Tusk
|-supereffective|p1a: Great Tusk
|-damage|p1a: Great Tusk|9/100 brn
|move|p1a: Great Tusk|Earthquake|p2a: Ninetales
|-crit|p2a: Ninetales
|-damage|p2a: Ninetales|59/100
|
|-weather|Snowscape|[upkeep]
|-heal|p2a: Ninetales|65/100|[from] Grassy Terrain
|-heal|p1a: Great Tusk|15/100 brn|[from] Grassy Terrain
|-damage|p1a: Great Tusk|9/100 brn|[from] brn
|upkeep
|turn|9
|
|t:|1743794309
|move|p2a: Ninetales|Freeze-Dry|p1a: Great Tusk
|-supereffective|p1a: Great Tusk
|-damage|p1a: Great Tusk|0 fnt
|faint|p1a: Great Tusk
|-end|p1a: Great Tusk|Protosynthesis|[silent]
|
|-weather|Snowscape|[upkeep]
|-heal|p2a: Ninetales|71/100|[from] Grassy Terrain
|upkeep
|
|t:|1743794320
|switch|p1a: Kingambit|Kingambit, M|100/100
|-activate|p1a: Kingambit|ability: Supreme Overlord
|-start|p1a: Kingambit|fallen1|[silent]
|turn|10
|
|t:|1743794325
|switch|p2a: Primeape|Primeape, M|100/100
|-damage|p2a: Primeape|95/100|[from] Stealth Rock
|move|p1a: Kingambit|Iron Head|p2a: Primeape
|-crit|p2a: Primeape
|-damage|p2a: Primeape|0 fnt
|faint|p2a: Primeape
|
|-weather|none
|upkeep
|
|t:|1743794331
|switch|p2a: Zarude|Zarude|100/100
|-damage|p2a: Zarude|88/100|[from] Stealth Rock
|turn|11
|
|t:|1743794347
|move|p2a: Zarude|Bulk Up|p2a: Zarude
|-boost|p2a: Zarude|atk|1
|-boost|p2a: Zarude|def|1
|move|p1a: Kingambit|Iron Head|p2a: Zarude
|-damage|p2a: Zarude|73/100
|
|-heal|p2a: Zarude|79/100|[from] Grassy Terrain
|-fieldend|move: Grassy Terrain
|upkeep
|turn|12
|
|t:|1743794359
|move|p2a: Zarude|Bulk Up|p2a: Zarude
|-boost|p2a: Zarude|atk|1
|-boost|p2a: Zarude|def|1
|move|p1a: Kingambit|Swords Dance|p1a: Kingambit
|-boost|p1a: Kingambit|atk|2
|
|upkeep
|turn|13
|
|t:|1743794370
|move|p2a: Zarude|Drain Punch|p1a: Kingambit
|-supereffective|p1a: Kingambit
|-damage|p1a: Kingambit|0 fnt
|-heal|p2a: Zarude|100/100|[from] drain|[of] p1a: Kingambit
|faint|p1a: Kingambit
|-end|p1a: Kingambit|fallen1|[silent]
|
|upkeep
|
|t:|1743794378
|switch|p1a: Ribombee|Ribombee, F|100/100
|turn|14
|
|t:|1743794392
|switch|p2a: Ninetales|Ninetales-Alola, F|71/100
|-damage|p2a: Ninetales|46/100|[from] Stealth Rock
|-weather|Snowscape|[from] ability: Snow Warning|[of] p2a: Ninetales
|move|p1a: Ribombee|Sticky Web|p2a: Ninetales
|-sidestart|p2: alegthegoat|move: Sticky Web
|
|-weather|Snowscape|[upkeep]
|-sideend|p2: alegthegoat|move: Aurora Veil
|upkeep
|turn|15
|
|t:|1743794405
|move|p2a: Ninetales|Aurora Veil|p2a: Ninetales
|-sidestart|p2: alegthegoat|move: Aurora Veil
|move|p1a: Ribombee|Moonblast|p2a: Ninetales
|-damage|p2a: Ninetales|21/100
|
|-weather|Snowscape|[upkeep]
|upkeep
|turn|16
|
|t:|1743794412
|move|p2a: Ninetales|Freeze-Dry|p1a: Ribombee
|-damage|p1a: Ribombee|51/100
|move|p1a: Ribombee|Bug Buzz|p2a: Ninetales
|-resisted|p2a: Ninetales
|-damage|p2a: Ninetales|9/100
|
|-weather|Snowscape|[upkeep]
|upkeep
|turn|17
|
|t:|1743794425
|switch|p2a: Iron Treads|Iron Treads|100/100
|-damage|p2a: Iron Treads|97/100|[from] Stealth Rock
|-activate|p2a: Iron Treads|move: Sticky Web
|-unboost|p2a: Iron Treads|spe|1
|move|p1a: Ribombee|Quiver Dance|p1a: Ribombee
|-boost|p1a: Ribombee|spa|1
|-boost|p1a: Ribombee|spd|1
|-boost|p1a: Ribombee|spe|1
|
|-weather|Snowscape|[upkeep]
|upkeep
|turn|18
|
|t:|1743794436
|switch|p1a: Gholdengo|Gholdengo|100/100
|-item|p1a: Gholdengo|Air Balloon
|move|p2a: Iron Treads|Steel Beam|p1a: Gholdengo
|-resisted|p1a: Gholdengo
|-damage|p1a: Gholdengo|73/100
|-enditem|p1a: Gholdengo|Air Balloon
|-damage|p2a: Iron Treads|47/100|[from] steelbeam
|
|-weather|none
|upkeep
|turn|19
|
|t:|1743794453
|-end|p2a: Iron Treads|Quark Drive|[silent]
|switch|p2a: Zarude|Zarude|100/100
|-damage|p2a: Zarude|88/100|[from] Stealth Rock
|-activate|p2a: Zarude|move: Sticky Web
|-unboost|p2a: Zarude|spe|1
|-terastallize|p1a: Gholdengo|Fairy
|move|p1a: Gholdengo|Nasty Plot|p1a: Gholdengo
|-boost|p1a: Gholdengo|spa|2
|
|-sideend|p2: alegthegoat|move: Aurora Veil
|upkeep
|turn|20
|-message|alegthegoat forfeited.
|
|win|jielzzz
|raw|jielzzz's rating: 1257 &rarr; <strong>1284</strong><br />(+27 for winning)
|raw|alegthegoat's rating: 1280 &rarr; <strong>1253</strong><br />(-27 for losing)
|l|☆alegthegoat
|player|p2|
|l|☆jielzzz
|player|p1|
