|j|☆cozens1995
|j|☆YeatLover267
|t:|1743859005
|gametype|singles
|player|p1|cozens1995|101|1202
|player|p2|YeatLover267|266|1206
|teamsize|p1|6
|teamsize|p2|6
|gen|9
|tier|[Gen 9] OU
|rated|
|rule|HP Percentage Mod: HP is shown in percentages
|rule|Endless Battle Clause: Forcing endless battles is banned
|rule|Species Clause: Limit one of each Pokémon
|rule|OHKO Clause: OHKO moves are banned
|rule|Evasion Items Clause: Evasion items are banned
|rule|Evasion Moves Clause: Evasion moves are banned
|rule|Sleep Moves Clause: Sleep-inducing moves are banned
|clearpoke
|poke|p1|Rillaboom, M|
|poke|p1|Hatterene, F|
|poke|p1|Heatran, F|
|poke|p1|Hawlucha, F|
|poke|p1|Great Tusk|
|poke|p1|Raging Bolt|
|poke|p2|Excadrill, F|
|poke|p2|Sandaconda, M|
|poke|p2|Tyranitar, M|
|poke|p2|Lycanroc, M|
|poke|p2|Volcanion|
|poke|p2|Thundurus-Therian, M|
|teampreview
|inactive|Battle timer is ON: inactive players will automatically lose when time's up. (requested by YeatLover267)
|
|t:|1743859028
|start
|switch|p1a: Rillaboom|Rillaboom, M|100/100
|switch|p2a: Tyranitar|Tyranitar, M|100/100
|-fieldstart|move: Grassy Terrain|[from] ability: Grassy Surge|[of] p1a: Rillaboom
|-weather|Sandstorm|[from] ability: Sand Stream|[of] p2a: Tyranitar
|turn|1
|
|t:|1743859043
|-terastallize|p2a: Tyranitar|Flying
|move|p1a: Rillaboom|Drain Punch|p2a: Tyranitar
|-resisted|p2a: Tyranitar
|-damage|p2a: Tyranitar|90/100
|move|p2a: Tyranitar|Ice Beam|p1a: Rillaboom
|-supereffective|p1a: Rillaboom
|-damage|p1a: Rillaboom|40/100
|
|-weather|Sandstorm|[upkeep]
|-damage|p1a: Rillaboom|34/100|[from] Sandstorm
|-damage|p2a: Tyranitar|84/100|[from] Sandstorm
|-heal|p1a: Rillaboom|40/100|[from] Grassy Terrain
|upkeep
|turn|2
|
|t:|1743859062
|switch|p1a: Heatran|Heatran, F|100/100
|-item|p1a: Heatran|Air Balloon
|move|p2a: Tyranitar|Knock Off|p1a: Heatran
|-damage|p1a: Heatran|64/100
|-enditem|p1a: Heatran|Air Balloon
|
|-weather|Sandstorm|[upkeep]
|-damage|p2a: Tyranitar|77/100|[from] Sandstorm
|-heal|p1a: Heatran|70/100|[from] Grassy Terrain
|upkeep
|turn|3
|
|t:|1743859076
|switch|p2a: Volcanion|Volcanion|100/100
|move|p1a: Heatran|Magma Storm|p2a: Volcanion
|-resisted|p2a: Volcanion
|-damage|p2a: Volcanion|93/100
|-activate|p2a: Volcanion|move: Magma Storm|[of] p1a: Heatran
|
|-weather|Sandstorm|[upkeep]
|-damage|p2a: Volcanion|86/100|[from] Sandstorm
|-heal|p1a: Heatran|76/100|[from] Grassy Terrain
|-heal|p2a: Volcanion|93/100|[from] Grassy Terrain
|-damage|p2a: Volcanion|80/100|[from] move: Magma Storm|[partiallytrapped]
|upkeep
|turn|4
|
|t:|1743859088
|move|p1a: Heatran|Earth Power|p2a: Volcanion
|-supereffective|p2a: Volcanion
|-damage|p2a: Volcanion|39/100
|move|p2a: Volcanion|Earth Power|p1a: Heatran
|-supereffective|p1a: Heatran
|-damage|p1a: Heatran|10/100
|
|-weather|Sandstorm|[upkeep]
|-damage|p2a: Volcanion|33/100|[from] Sandstorm
|-heal|p1a: Heatran|16/100|[from] Grassy Terrain
|-heal|p2a: Volcanion|39/100|[from] Grassy Terrain
|-damage|p2a: Volcanion|26/100|[from] move: Magma Storm|[partiallytrapped]
|upkeep
|turn|5
|
|t:|1743859099
|move|p1a: Heatran|Earth Power|p2a: Volcanion
|-supereffective|p2a: Volcanion
|-damage|p2a: Volcanion|0 fnt
|faint|p2a: Volcanion
|
|-weather|Sandstorm|[upkeep]
|-heal|p1a: Heatran|22/100|[from] Grassy Terrain
|upkeep
|
|t:|1743859108
|switch|p2a: Lycanroc|Lycanroc, M|100/100
|turn|6
|
|t:|1743859113
|move|p2a: Lycanroc|Close Combat|p1a: Heatran
|-supereffective|p1a: Heatran
|-damage|p1a: Heatran|0 fnt
|-unboost|p2a: Lycanroc|def|1
|-unboost|p2a: Lycanroc|spd|1
|faint|p1a: Heatran
|
|-weather|Sandstorm|[upkeep]
|upkeep
|
|t:|1743859127
|switch|p1a: Raging Bolt|Raging Bolt|100/100
|turn|7
|
|t:|1743859131
|switch|p2a: Thundurus|Thundurus-Therian, M|100/100
|move|p1a: Raging Bolt|Thunderbolt|p2a: Thundurus
|-immune|p2a: Thundurus|[from] ability: Volt Absorb
|
|-weather|Sandstorm|[upkeep]
|-damage|p2a: Thundurus|94/100|[from] Sandstorm
|-damage|p1a: Raging Bolt|94/100|[from] Sandstorm
|-heal|p2a: Thundurus|100/100|[from] item: Leftovers
|-heal|p1a: Raging Bolt|100/100|[from] Grassy Terrain
|upkeep
|turn|8
|
|t:|1743859143
|move|p2a: Thundurus|Substitute|p2a: Thundurus
|-start|p2a: Thundurus|Substitute
|-damage|p2a: Thundurus|76/100
|move|p1a: Raging Bolt|Draco Meteor|p2a: Thundurus
|-end|p2a: Thundurus|Substitute
|-unboost|p1a: Raging Bolt|spa|2
|
|-weather|none
|-heal|p2a: Thundurus|82/100|[from] item: Leftovers
|-fieldend|move: Grassy Terrain
|upkeep
|turn|9
|
|t:|1743859164
|-end|p1a: Raging Bolt|Protosynthesis|[silent]
|switch|p1a: Rillaboom|Rillaboom, M|40/100
|-fieldstart|move: Grassy Terrain|[from] ability: Grassy Surge|[of] p1a: Rillaboom
|move|p2a: Thundurus|Nasty Plot|p2a: Thundurus
|-boost|p2a: Thundurus|spa|2
|
|-heal|p2a: Thundurus|88/100|[from] item: Leftovers
|-heal|p1a: Rillaboom|46/100|[from] Grassy Terrain
|upkeep
|turn|10
|
|t:|1743859175
|move|p2a: Thundurus|Thunderbolt|p1a: Rillaboom
|-resisted|p1a: Rillaboom
|-damage|p1a: Rillaboom|0 fnt
|faint|p1a: Rillaboom
|
|-heal|p2a: Thundurus|94/100|[from] item: Leftovers
|upkeep
|inactive|cozens1995 has 120 seconds left.
|
|t:|1743859191
|switch|p1a: Hatterene|Hatterene, F|100/100
|-enditem|p1a: Hatterene|Grassy Seed
|-boost|p1a: Hatterene|def|1|[from] item: Grassy Seed
|turn|11
|
|t:|1743859196
|move|p2a: Thundurus|Thunderbolt|p1a: Hatterene
|-damage|p1a: Hatterene|0 fnt
|faint|p1a: Hatterene
|
|-heal|p2a: Thundurus|99/100|[from] item: Leftovers
|upkeep
|inactive|cozens1995 has 120 seconds left.
|
|t:|1743859210
|switch|p1a: Great Tusk|Great Tusk|100/100
|turn|12
|
|t:|1743859218
|move|p2a: Thundurus|Grass Knot|p1a: Great Tusk
|-supereffective|p1a: Great Tusk
|-damage|p1a: Great Tusk|0 fnt
|faint|p1a: Great Tusk
|-end|p1a: Great Tusk|Protosynthesis|[silent]
|
|-heal|p2a: Thundurus|100/100|[from] item: Leftovers
|upkeep
|
|t:|1743859225
|switch|p1a: Hawlucha|Hawlucha, F|100/100
|-enditem|p1a: Hawlucha|Grassy Seed
|-boost|p1a: Hawlucha|def|1|[from] item: Grassy Seed
|turn|13
|inactive|cozens1995 has 120 seconds left.
|
|t:|1743859240
|-terastallize|p1a: Hawlucha|Flying
|move|p1a: Hawlucha|Acrobatics|p2a: Thundurus
|-resisted|p2a: Thundurus
|-damage|p2a: Thundurus|53/100
|move|p2a: Thundurus|Thunderbolt|p1a: Hawlucha
|-supereffective|p1a: Hawlucha
|-damage|p1a: Hawlucha|0 fnt
|faint|p1a: Hawlucha
|
|-heal|p2a: Thundurus|59/100|[from] item: Leftovers
|upkeep
|inactive|cozens1995 has 120 seconds left.
|
|t:|1743859250
|switch|p1a: Raging Bolt|Raging Bolt|100/100
|turn|14
|
|t:|1743859254
|move|p2a: Thundurus|Grass Knot|p1a: Raging Bolt
|-resisted|p1a: Raging Bolt
|-damage|p1a: Raging Bolt|56/100
|move|p1a: Raging Bolt|Draco Meteor|p2a: Thundurus
|-damage|p2a: Thundurus|0 fnt
|-unboost|p1a: Raging Bolt|spa|2
|faint|p2a: Thundurus
|
|-heal|p1a: Raging Bolt|62/100|[from] Grassy Terrain
|-heal|p1a: Raging Bolt|69/100|[from] item: Leftovers
|upkeep
|
|t:|1743859258
|switch|p2a: Tyranitar|Tyranitar, M, tera:Flying|77/100
|-weather|Sandstorm|[from] ability: Sand Stream|[of] p2a: Tyranitar
|turn|15
|
|t:|1743859268
|switch|p2a: Sandaconda|Sandaconda, M|100/100
|move|p1a: Raging Bolt|Thunderbolt|p2a: Sandaconda
|-immune|p2a: Sandaconda
|
|-weather|Sandstorm|[upkeep]
|-damage|p1a: Raging Bolt|62/100|[from] Sandstorm
|-heal|p1a: Raging Bolt|69/100|[from] Grassy Terrain
|-heal|p1a: Raging Bolt|75/100|[from] item: Leftovers
|upkeep
|turn|16
|
|t:|1743859277
|move|p1a: Raging Bolt|Calm Mind|p1a: Raging Bolt
|-boost|p1a: Raging Bolt|spa|1
|-boost|p1a: Raging Bolt|spd|1
|move|p2a: Sandaconda|Stone Edge|p1a: Raging Bolt
|-damage|p1a: Raging Bolt|55/100
|
|-weather|Sandstorm|[upkeep]
|-damage|p1a: Raging Bolt|48/100|[from] Sandstorm
|-heal|p1a: Raging Bolt|55/100|[from] Grassy Terrain
|-heal|p1a: Raging Bolt|61/100|[from] item: Leftovers
|-fieldend|move: Grassy Terrain
|upkeep
|turn|17
|
|t:|1743859289
|move|p1a: Raging Bolt|Calm Mind|p1a: Raging Bolt
|-boost|p1a: Raging Bolt|spa|1
|-boost|p1a: Raging Bolt|spd|1
|move|p2a: Sandaconda|Stone Edge|p1a: Raging Bolt
|-damage|p1a: Raging Bolt|38/100
|
|-weather|Sandstorm|[upkeep]
|-damage|p1a: Raging Bolt|31/100|[from] Sandstorm
|-heal|p1a: Raging Bolt|38/100|[from] item: Leftovers
|upkeep
|turn|18
|
|t:|1743859299
|move|p1a: Raging Bolt|Draco Meteor|p2a: Sandaconda
|-damage|p2a: Sandaconda|0 fnt
|-unboost|p1a: Raging Bolt|spa|2
|faint|p2a: Sandaconda
|
|-weather|Sandstorm|[upkeep]
|-damage|p1a: Raging Bolt|31/100|[from] Sandstorm
|-heal|p1a: Raging Bolt|38/100|[from] item: Leftovers
|upkeep
|
|t:|1743859302
|switch|p2a: Excadrill|Excadrill, F|100/100
|turn|19
|
|t:|1743859314
|move|p2a: Excadrill|Earthquake|p1a: Raging Bolt
|-supereffective|p1a: Raging Bolt
|-damage|p1a: Raging Bolt|0 fnt
|faint|p1a: Raging Bolt
|-end|p1a: Raging Bolt|Protosynthesis|[silent]
|
|win|YeatLover267
|raw|cozens1995's rating: 1202 &rarr; <strong>1177</strong><br />(-25 for losing)
|raw|YeatLover267's rating: 1206 &rarr; <strong>1231</strong><br />(+25 for winning)
|l|☆YeatLover267
|player|p2|
|l|☆cozens1995
|player|p1|
