|j|☆megustamimir
|j|☆palworldismid
|t:|1743911885
|gametype|singles
|player|p1|megustamimir|palmer|1126
|player|p2|palworldismid|101|1160
|teamsize|p1|6
|teamsize|p2|6
|gen|9
|tier|[Gen 9] OU
|rated|
|rule|HP Percentage Mod: HP is shown in percentages
|rule|Endless Battle Clause: Forcing endless battles is banned
|rule|Species Clause: Limit one of each Pokémon
|rule|OHKO Clause: OHKO moves are banned
|rule|Evasion Items Clause: Evasion items are banned
|rule|Evasion Moves Clause: Evasion moves are banned
|rule|Sleep Moves Clause: Sleep-inducing moves are banned
|clearpoke
|poke|p1|Primarina, F|
|poke|p1|Zapdos|
|poke|p1|Iron Moth|
|poke|p1|Galvantula, M|
|poke|p1|Ogerpon-Cornerstone, F|
|poke|p1|Great Tusk|
|poke|p2|Scovillain, F|
|poke|p2|Dondozo, F|
|poke|p2|Cloyster, M|
|poke|p2|Gyarados, M|
|poke|p2|Garganacl, F|
|poke|p2|Dragapult, F|
|teampreview
|
|t:|1743911891
|start
|switch|p1a: Galvantula|Galvantula, M, shiny|100/100
|switch|p2a: Gyarados|Gyarados, M, shiny|100/100
|turn|1
|
|t:|1743911898
|move|p1a: Galvantula|Thunder|p2a: Gyarados
|-supereffective|p2a: Gyarados
|-damage|p2a: Gyarados|0 fnt
|faint|p2a: Gyarados
|
|upkeep
|
|t:|1743911909
|switch|p2a: Garganacl|Garganacl, F, shiny|100/100
|turn|2
|
|t:|1743911916
|move|p1a: Galvantula|Sticky Web|p2a: Garganacl
|-sidestart|p2: palworldismid|move: Sticky Web
|move|p2a: Garganacl|Iron Defense|p2a: Garganacl
|-boost|p2a: Garganacl|def|2
|
|upkeep
|turn|3
|
|t:|1743911921
|move|p1a: Galvantula|Thunder|p2a: Garganacl
|-damage|p2a: Garganacl|77/100
|move|p2a: Garganacl|Iron Defense|p2a: Garganacl
|-boost|p2a: Garganacl|def|2
|
|upkeep
|turn|4
|
|t:|1743911929
|move|p1a: Galvantula|Thunder|p2a: Garganacl
|-damage|p2a: Garganacl|53/100
|move|p2a: Garganacl|Iron Defense|p2a: Garganacl
|-boost|p2a: Garganacl|def|2
|
|upkeep
|turn|5
|
|t:|1743911937
|move|p1a: Galvantula|Thunder|p2a: Garganacl
|-damage|p2a: Garganacl|30/100
|move|p2a: Garganacl|Recover|p2a: Garganacl
|-heal|p2a: Garganacl|80/100
|
|upkeep
|turn|6
|
|t:|1743911944
|move|p1a: Galvantula|Thunder|p2a: Garganacl
|-damage|p2a: Garganacl|54/100
|move|p2a: Garganacl|Salt Cure|p1a: Galvantula
|-supereffective|p1a: Galvantula
|-damage|p1a: Galvantula|60/100
|-start|p1a: Galvantula|Salt Cure
|
|-damage|p1a: Galvantula|47/100|[from] Salt Cure
|upkeep
|turn|7
|
|t:|1743911955
|move|p1a: Galvantula|Thunder|p2a: Garganacl
|-damage|p2a: Garganacl|30/100
|move|p2a: Garganacl|Recover|p2a: Garganacl
|-heal|p2a: Garganacl|80/100
|
|-damage|p1a: Galvantula|35/100|[from] Salt Cure
|upkeep
|turn|8
|
|t:|1743911969
|move|p1a: Galvantula|Thunder|p2a: Garganacl
|-damage|p2a: Garganacl|56/100
|move|p2a: Garganacl|Body Press|p1a: Galvantula
|-resisted|p1a: Galvantula
|-damage|p1a: Galvantula|0 fnt
|faint|p1a: Galvantula
|
|upkeep
|
|t:|1743911976
|switch|p1a: Primarina|Primarina, F, shiny|100/100
|turn|9
|
|t:|1743911988
|move|p1a: Primarina|Sparkling Aria|p2a: Garganacl
|-supereffective|p2a: Garganacl
|-damage|p2a: Garganacl|0 fnt
|faint|p2a: Garganacl
|
|upkeep
|
|t:|1743911994
|switch|p2a: Scovillain|Scovillain, F, shiny|100/100
|-activate|p2a: Scovillain|move: Sticky Web
|-unboost|p2a: Scovillain|spe|1
|turn|10
|
|t:|1743912009
|switch|p1a: Zapdos|Zapdos|100/100
|move|p2a: Scovillain|Leech Seed|p1a: Zapdos
|-start|p1a: Zapdos|move: Leech Seed
|
|-damage|p1a: Zapdos|88/100|[from] Leech Seed|[of] p2a: Scovillain
|upkeep
|turn|11
|
|t:|1743912018
|move|p2a: Scovillain|Protect|p2a: Scovillain
|-singleturn|p2a: Scovillain|Protect
|move|p1a: Zapdos|U-turn|p2a: Scovillain
|-activate|p2a: Scovillain|move: Protect
|
|-heal|p1a: Zapdos|94/100|[from] item: Leftovers
|-damage|p1a: Zapdos|82/100|[from] Leech Seed|[of] p2a: Scovillain
|upkeep
|turn|12
|
|t:|1743912028
|move|p1a: Zapdos|Heat Wave|p2a: Scovillain
|-damage|p2a: Scovillain|65/100
|move|p2a: Scovillain|Substitute|p2a: Scovillain
|-start|p2a: Scovillain|Substitute
|-damage|p2a: Scovillain|40/100
|
|-heal|p1a: Zapdos|88/100|[from] item: Leftovers
|-heal|p2a: Scovillain|46/100|[from] item: Leftovers
|-damage|p1a: Zapdos|76/100|[from] Leech Seed|[of] p2a: Scovillain
|-heal|p2a: Scovillain|60/100|[silent]
|upkeep
|turn|13
|
|t:|1743912040
|move|p2a: Scovillain|Protect|p2a: Scovillain
|-singleturn|p2a: Scovillain|Protect
|move|p1a: Zapdos|Heat Wave|p2a: Scovillain
|-activate|p2a: Scovillain|move: Protect
|
|-heal|p1a: Zapdos|82/100|[from] item: Leftovers
|-heal|p2a: Scovillain|66/100|[from] item: Leftovers
|-damage|p1a: Zapdos|69/100|[from] Leech Seed|[of] p2a: Scovillain
|-heal|p2a: Scovillain|80/100|[silent]
|upkeep
|turn|14
|inactive|Battle timer is ON: inactive players will automatically lose when time's up. (requested by palworldismid)
|
|t:|1743912053
|move|p1a: Zapdos|Heat Wave|p2a: Scovillain
|-end|p2a: Scovillain|Substitute
|move|p2a: Scovillain|Flamethrower|p1a: Zapdos
|-damage|p1a: Zapdos|37/100
|-status|p1a: Zapdos|brn
|
|-heal|p1a: Zapdos|43/100 brn|[from] item: Leftovers
|-heal|p2a: Scovillain|86/100|[from] item: Leftovers
|-damage|p1a: Zapdos|31/100 brn|[from] Leech Seed|[of] p2a: Scovillain
|-heal|p2a: Scovillain|100/100|[silent]
|-damage|p1a: Zapdos|25/100 brn|[from] brn
|upkeep
|turn|15
|
|t:|1743912075
|switch|p1a: Great Tusk|Great Tusk|100/100
|move|p2a: Scovillain|Substitute|p2a: Scovillain
|-start|p2a: Scovillain|Substitute
|-damage|p2a: Scovillain|76/100
|
|-heal|p2a: Scovillain|82/100|[from] item: Leftovers
|upkeep
|turn|16
|
|t:|1743912086
|move|p1a: Great Tusk|Ice Spinner|p2a: Scovillain
|-end|p2a: Scovillain|Substitute
|move|p2a: Scovillain|Flamethrower|p1a: Great Tusk
|-damage|p1a: Great Tusk|47/100
|
|-heal|p2a: Scovillain|88/100|[from] item: Leftovers
|upkeep
|turn|17
|
|t:|1743912096
|move|p2a: Scovillain|Protect|p2a: Scovillain
|-singleturn|p2a: Scovillain|Protect
|move|p1a: Great Tusk|Headlong Rush|p2a: Scovillain
|-activate|p2a: Scovillain|move: Protect
|
|-heal|p2a: Scovillain|94/100|[from] item: Leftovers
|upkeep
|turn|18
|
|t:|1743912106
|move|p1a: Great Tusk|Headlong Rush|p2a: Scovillain
|-damage|p2a: Scovillain|0 fnt
|-unboost|p1a: Great Tusk|def|1
|-unboost|p1a: Great Tusk|spd|1
|faint|p2a: Scovillain
|
|upkeep
|
|t:|1743912114
|switch|p2a: Cloyster|Cloyster, M, shiny|100/100
|-activate|p2a: Cloyster|move: Sticky Web
|-unboost|p2a: Cloyster|spe|1
|turn|19
|
|t:|1743912120
|move|p2a: Cloyster|Ice Shard|p1a: Great Tusk
|-supereffective|p1a: Great Tusk
|-damage|p1a: Great Tusk|8/100
|move|p1a: Great Tusk|Close Combat|p2a: Cloyster
|-supereffective|p2a: Cloyster
|-damage|p2a: Cloyster|1/100
|-unboost|p1a: Great Tusk|def|1
|-unboost|p1a: Great Tusk|spd|1
|
|upkeep
|turn|20
|
|t:|1743912128
|move|p2a: Cloyster|Ice Shard|p1a: Great Tusk
|-supereffective|p1a: Great Tusk
|-crit|p1a: Great Tusk
|-damage|p1a: Great Tusk|0 fnt
|faint|p1a: Great Tusk
|-end|p1a: Great Tusk|Protosynthesis|[silent]
|
|upkeep
|
|t:|1743912145
|switch|p1a: Iron Moth|Iron Moth|100/100
|-enditem|p1a: Iron Moth|Booster Energy
|-activate|p1a: Iron Moth|ability: Quark Drive|[fromitem]
|-start|p1a: Iron Moth|quarkdrivespa
|turn|21
|
|t:|1743912152
|move|p1a: Iron Moth|Sludge Wave|p2a: Cloyster
|-damage|p2a: Cloyster|0 fnt
|faint|p2a: Cloyster
|
|upkeep
|
|t:|1743912160
|switch|p2a: Dondozo|Dondozo, F, shiny|100/100
|-activate|p2a: Dondozo|move: Sticky Web
|-unboost|p2a: Dondozo|spe|1
|turn|22
|
|t:|1743912166
|move|p1a: Iron Moth|Sludge Wave|p2a: Dondozo
|-damage|p2a: Dondozo|33/100
|-status|p2a: Dondozo|psn
|move|p2a: Dondozo|Wave Crash|p1a: Iron Moth
|-supereffective|p1a: Iron Moth
|-damage|p1a: Iron Moth|0 fnt
|faint|p1a: Iron Moth
|-end|p1a: Iron Moth|Quark Drive|[silent]
|-damage|p2a: Dondozo|14/100 psn|[from] Recoil
|
|-heal|p2a: Dondozo|20/100 psn|[from] item: Leftovers
|-damage|p2a: Dondozo|7/100 psn|[from] psn
|upkeep
|
|t:|1743912174
|switch|p1a: Primarina|Primarina, F, shiny|100/100
|turn|23
|
|t:|1743912184
|move|p1a: Primarina|Moonblast|p2a: Dondozo
|-damage|p2a: Dondozo|0 fnt
|faint|p2a: Dondozo
|
|upkeep
|
|t:|1743912192
|switch|p2a: Dragapult|Dragapult, F, shiny|100/100
|-activate|p2a: Dragapult|move: Sticky Web
|-unboost|p2a: Dragapult|spe|1
|turn|24
|
|t:|1743912198
|move|p2a: Dragapult|Dragon Dance|p2a: Dragapult
|-boost|p2a: Dragapult|atk|1
|-boost|p2a: Dragapult|spe|1
|move|p1a: Primarina|Moonblast|p2a: Dragapult
|-supereffective|p2a: Dragapult
|-damage|p2a: Dragapult|0 fnt
|faint|p2a: Dragapult
|
|win|megustamimir
|raw|megustamimir's rating: 1126 &rarr; <strong>1153</strong><br />(+27 for winning)
|raw|palworldismid's rating: 1160 &rarr; <strong>1133</strong><br />(-27 for losing)
|l|☆palworldismid
|player|p2|
