|j|☆Camskilol101
|j|☆razz1011
|t:|1743833567
|gametype|singles
|player|p1|Camskilol101|byron|1001
|player|p2|razz1011|nate|1055
|teamsize|p1|6
|teamsize|p2|6
|gen|9
|tier|[Gen 9] OU
|rated|
|rule|HP Percentage Mod: HP is shown in percentages
|rule|Endless Battle Clause: Forcing endless battles is banned
|rule|Species Clause: Limit one of each Pokémon
|rule|OHKO Clause: OHKO moves are banned
|rule|Evasion Items Clause: Evasion items are banned
|rule|Evasion Moves Clause: Evasion moves are banned
|rule|Sleep Moves Clause: Sleep-inducing moves are banned
|clearpoke
|poke|p1|Slaking, M|
|poke|p1|Cobalion|
|poke|p1|Meganium, F|
|poke|p1|Toxapex, M|
|poke|p1|Tinkaton, F|
|poke|p1|Great Tusk|
|poke|p2|Greninja-*, M|
|poke|p2|Krookodile, F|
|poke|p2|Electivire, M|
|poke|p2|Metagross|
|poke|p2|Iron Valiant|
|poke|p2|Emboar, F|
|teampreview
|inactive|Battle timer is ON: inactive players will automatically lose when time's up. (requested by Camskilol101)
|
|t:|1743833574
|start
|switch|p1a: gua gua|Tinkaton, F, shiny|100/100
|switch|p2a: Greninja|Greninja, M|100/100
|-item|p1a: gua gua|Air Balloon
|turn|1
|
|t:|1743833588
|switch|p2a: Emboar|Emboar, F|100/100
|-item|p2a: Emboar|Air Balloon
|move|p1a: gua gua|Thunder Wave|p2a: Emboar
|-status|p2a: Emboar|par
|
|upkeep
|turn|2
|
|t:|1743833597
|move|p1a: gua gua|Encore||[still]
|-fail|p1a: gua gua
|cant|p2a: Emboar|par
|
|upkeep
|turn|3
|
|t:|1743833604
|move|p1a: gua gua|Stealth Rock|p2a: Emboar
|-sidestart|p2: razz1011|move: Stealth Rock
|cant|p2a: Emboar|par
|
|upkeep
|turn|4
|
|t:|1743833616
|move|p1a: gua gua|Encore||[still]
|-fail|p1a: gua gua
|move|p2a: Emboar|Flamethrower|p1a: gua gua
|-supereffective|p1a: gua gua
|-damage|p1a: gua gua|38/100
|-status|p1a: gua gua|brn
|-enditem|p1a: gua gua|Air Balloon
|
|-damage|p1a: gua gua|32/100 brn|[from] brn
|upkeep
|turn|5
|
|t:|1743833629
|move|p1a: gua gua|Encore|p2a: Emboar
|-start|p2a: Emboar|Encore
|move|p2a: Emboar|Flamethrower|p1a: gua gua
|-supereffective|p1a: gua gua
|-damage|p1a: gua gua|0 fnt
|faint|p1a: gua gua
|
|upkeep
|
|t:|1743833640
|switch|p1a: josh|Slaking, M, shiny|100/100
|turn|6
|
|t:|1743833646
|switch|p2a: Iron Valiant|Iron Valiant|100/100
|-damage|p2a: Iron Valiant|94/100|[from] Stealth Rock
|-item|p2a: Iron Valiant|Air Balloon
|move|p1a: josh|Earthquake|p2a: Iron Valiant
|-immune|p2a: Iron Valiant
|
|upkeep
|turn|7
|
|t:|1743833658
|-terastallize|p1a: josh|Ghost
|cant|p1a: josh|ability: Truant
|move|p2a: Iron Valiant|Close Combat|p1a: josh
|-immune|p1a: josh
|
|upkeep
|turn|8
|
|t:|1743833668
|-end|p2a: Iron Valiant|Quark Drive|[silent]
|switch|p2a: Greninja|Greninja, M|100/100
|-damage|p2a: Greninja|88/100|[from] Stealth Rock
|move|p1a: josh|Fire Blast|p2a: Greninja
|-resisted|p2a: Greninja
|-damage|p2a: Greninja|68/100
|-damage|p1a: josh|91/100|[from] item: Life Orb
|
|upkeep
|turn|9
|
|t:|1743833675
|switch|p1a: goon lord|Cobalion, shiny|100/100
|move|p2a: Greninja|Night Slash|p1a: goon lord
|-resisted|p1a: goon lord
|-damage|p1a: goon lord|92/100
|-damage|p2a: Greninja|51/100|[from] item: Rocky Helmet|[of] p1a: goon lord
|-ability|p1a: goon lord|Justified|boost
|-boost|p1a: goon lord|atk|1
|
|upkeep
|turn|10
|
|t:|1743833693
|switch|p2a: Emboar|Emboar, F|100/100 par
|-damage|p2a: Emboar|88/100 par|[from] Stealth Rock
|-item|p2a: Emboar|Air Balloon
|move|p1a: goon lord|Volt Switch|p2a: Emboar
|-damage|p2a: Emboar|73/100 par
|-enditem|p2a: Emboar|Air Balloon
|
|t:|1743833705
|switch|p1a: greatest bust|Great Tusk, shiny|100/100|[from] Volt Switch
|
|upkeep
|turn|11
|
|t:|1743833712
|move|p1a: greatest bust|Headlong Rush|p2a: Emboar
|-supereffective|p2a: Emboar
|-damage|p2a: Emboar|0 fnt
|-unboost|p1a: greatest bust|def|1
|-unboost|p1a: greatest bust|spd|1
|faint|p2a: Emboar
|-damage|p1a: greatest bust|91/100|[from] item: Life Orb
|
|upkeep
|
|t:|1743833720
|switch|p2a: Greninja|Greninja, M|51/100
|-damage|p2a: Greninja|39/100|[from] Stealth Rock
|turn|12
|
|t:|1743833733
|-end|p1a: greatest bust|Protosynthesis|[silent]
|switch|p1a: goofy thing|Meganium, F, shiny|100/100
|move|p2a: Greninja|Water Shuriken|p1a: goofy thing
|-resisted|p1a: goofy thing
|-damage|p1a: goofy thing|98/100
|-resisted|p1a: goofy thing
|-damage|p1a: goofy thing|96/100
|-hitcount|p1a: goofy thing|2
|
|upkeep
|turn|13
|
|t:|1743833741
|move|p2a: Greninja|Acrobatics|p1a: goofy thing
|-supereffective|p1a: goofy thing
|-damage|p1a: goofy thing|70/100
|move|p1a: goofy thing|Energy Ball|p2a: Greninja
|-supereffective|p2a: Greninja
|-damage|p2a: Greninja|0 fnt
|faint|p2a: Greninja
|
|upkeep
|
|t:|1743833751
|switch|p2a: Iron Valiant|Iron Valiant|94/100
|-damage|p2a: Iron Valiant|88/100|[from] Stealth Rock
|-item|p2a: Iron Valiant|Air Balloon
|turn|14
|
|t:|1743833761
|move|p2a: Iron Valiant|Fire Punch|p1a: goofy thing
|-supereffective|p1a: goofy thing
|-damage|p1a: goofy thing|28/100
|move|p1a: goofy thing|Swords Dance|p1a: goofy thing
|-boost|p1a: goofy thing|atk|2
|
|upkeep
|turn|15
|
|t:|1743833767
|move|p2a: Iron Valiant|Fire Punch|p1a: goofy thing
|-supereffective|p1a: goofy thing
|-damage|p1a: goofy thing|0 fnt
|faint|p1a: goofy thing
|
|upkeep
|
|t:|1743833775
|switch|p1a: josh|Slaking, M, shiny, tera:Ghost|91/100
|turn|16
|
|t:|1743833786
|-end|p2a: Iron Valiant|Quark Drive|[silent]
|switch|p2a: Krookodile|Krookodile, F|100/100
|-damage|p2a: Krookodile|94/100|[from] Stealth Rock
|-ability|p2a: Krookodile|Intimidate|boost
|-unboost|p1a: josh|atk|1
|move|p1a: josh|Earthquake|p2a: Krookodile
|-damage|p2a: Krookodile|54/100
|-damage|p1a: josh|81/100|[from] item: Life Orb
|
|-heal|p2a: Krookodile|61/100|[from] item: Leftovers
|upkeep
|turn|17
|
|t:|1743833793
|switch|p1a: goon lord|Cobalion, shiny|92/100
|move|p2a: Krookodile|Crunch|p1a: goon lord
|-resisted|p1a: goon lord
|-damage|p1a: goon lord|80/100
|-damage|p2a: Krookodile|44/100|[from] item: Rocky Helmet|[of] p1a: goon lord
|-ability|p1a: goon lord|Justified|boost
|-boost|p1a: goon lord|atk|1
|
|-heal|p2a: Krookodile|50/100|[from] item: Leftovers
|upkeep
|turn|18
|
|t:|1743833799
|move|p1a: goon lord|Body Press|p2a: Krookodile
|-supereffective|p2a: Krookodile
|-damage|p2a: Krookodile|0 fnt
|faint|p2a: Krookodile
|
|upkeep
|
|t:|1743833805
|switch|p2a: Metagross|Metagross|100/100
|-damage|p2a: Metagross|94/100|[from] Stealth Rock
|turn|19
|
|t:|1743833811
|move|p1a: goon lord|Volt Switch|p2a: Metagross
|-damage|p2a: Metagross|81/100
|
|t:|1743833817
|switch|p1a: greatest bust|Great Tusk, shiny|91/100|[from] Volt Switch
|move|p2a: Metagross|Earthquake|p1a: greatest bust
|-damage|p1a: greatest bust|72/100
|
|-heal|p2a: Metagross|87/100|[from] item: Leftovers
|upkeep
|turn|20
|
|t:|1743833827
|move|p1a: greatest bust|Headlong Rush|p2a: Metagross
|-supereffective|p2a: Metagross
|-damage|p2a: Metagross|0 fnt
|-unboost|p1a: greatest bust|def|1
|-unboost|p1a: greatest bust|spd|1
|faint|p2a: Metagross
|-damage|p1a: greatest bust|62/100|[from] item: Life Orb
|
|upkeep
|
|t:|1743833833
|switch|p2a: Iron Valiant|Iron Valiant|88/100
|-damage|p2a: Iron Valiant|82/100|[from] Stealth Rock
|-item|p2a: Iron Valiant|Air Balloon
|turn|21
|
|t:|1743833848
|move|p2a: Iron Valiant|Dazzling Gleam|p1a: greatest bust
|-supereffective|p1a: greatest bust
|-damage|p1a: greatest bust|0 fnt
|faint|p1a: greatest bust
|-end|p1a: greatest bust|Protosynthesis|[silent]
|
|upkeep
|
|t:|1743833856
|switch|p1a: lingang guli|Toxapex, M, shiny|100/100
|turn|22
|
|t:|1743833875
|-end|p2a: Iron Valiant|Quark Drive|[silent]
|switch|p2a: Electivire|Electivire, M|100/100
|-damage|p2a: Electivire|88/100|[from] Stealth Rock
|-item|p2a: Electivire|Air Balloon
|move|p1a: lingang guli|Toxic|p2a: Electivire
|-status|p2a: Electivire|tox
|
|-damage|p2a: Electivire|82/100 tox|[from] psn
|upkeep
|turn|23
|
|t:|1743833884
|move|p2a: Electivire|Thunder|p1a: lingang guli
|-supereffective|p1a: lingang guli
|-crit|p1a: lingang guli
|-damage|p1a: lingang guli|9/100
|-status|p1a: lingang guli|par
|move|p1a: lingang guli|Surf|p2a: Electivire
|-damage|p2a: Electivire|59/100 tox
|-enditem|p2a: Electivire|Air Balloon
|
|-damage|p2a: Electivire|47/100 tox|[from] psn
|upkeep
|turn|24
|
|t:|1743833893
|switch|p1a: goon lord|Cobalion, shiny|80/100
|move|p2a: Electivire|Ice Punch|p1a: goon lord
|-resisted|p1a: goon lord
|-damage|p1a: goon lord|72/100
|-damage|p2a: Electivire|31/100 tox|[from] item: Rocky Helmet|[of] p1a: goon lord
|
|-damage|p2a: Electivire|12/100 tox|[from] psn
|upkeep
|turn|25
|
|t:|1743833907
|move|p1a: goon lord|Body Press|p2a: Electivire
|-damage|p2a: Electivire|0 fnt
|faint|p2a: Electivire
|
|upkeep
|
|t:|1743833911
|switch|p2a: Iron Valiant|Iron Valiant|82/100
|-damage|p2a: Iron Valiant|76/100|[from] Stealth Rock
|-item|p2a: Iron Valiant|Air Balloon
|turn|26
|
|t:|1743833917
|move|p1a: goon lord|Volt Switch|p2a: Iron Valiant
|-damage|p2a: Iron Valiant|55/100
|-enditem|p2a: Iron Valiant|Air Balloon
|
|t:|1743833921
|switch|p1a: josh|Slaking, M, shiny, tera:Ghost|81/100|[from] Volt Switch
|move|p2a: Iron Valiant|Fire Punch|p1a: josh
|-damage|p1a: josh|61/100
|
|upkeep
|turn|27
|
|t:|1743833930
|move|p1a: josh|Fire Blast|p2a: Iron Valiant
|-crit|p2a: Iron Valiant
|-damage|p2a: Iron Valiant|0 fnt
|faint|p2a: Iron Valiant
|-end|p2a: Iron Valiant|Quark Drive|[silent]
|-damage|p1a: josh|52/100|[from] item: Life Orb
|
|win|Camskilol101
|raw|Camskilol101's rating: 1001 &rarr; <strong>1047</strong><br />(+46 for winning)
|raw|razz1011's rating: 1055 &rarr; <strong>1034</strong><br />(-21 for losing)
|l|☆razz1011
|player|p2|
