|j|☆4G3NC Teo
|j|☆amiami8
|t:|1743780966
|gametype|singles
|player|p1|4G3NC Teo|psychic|1468
|player|p2|amiami8|bianca|1516
|teamsize|p1|6
|teamsize|p2|6
|gen|9
|tier|[Gen 9] OU
|rated|
|rule|HP Percentage Mod: HP is shown in percentages
|rule|Endless Battle Clause: Forcing endless battles is banned
|rule|Species Clause: Limit one of each Pokémon
|rule|OHKO Clause: OHKO moves are banned
|rule|Evasion Items Clause: Evasion items are banned
|rule|Evasion Moves Clause: Evasion moves are banned
|rule|Sleep Moves Clause: Sleep-inducing moves are banned
|clearpoke
|poke|p1|Bellossom, M|
|poke|p1|Dragapult, F|
|poke|p1|Great Tusk|
|poke|p1|Kingambit, F|
|poke|p1|Azumarill, M|
|poke|p1|Garganacl, F|
|poke|p2|Polteageist|
|poke|p2|Indeedee, M|
|poke|p2|Hatterene, F|
|poke|p2|Kingambit, F|
|poke|p2|Raging Bolt|
|poke|p2|Zamazenta-*|
|teampreview
|inactive|Battle timer is ON: inactive players will automatically lose when time's up. (requested by 4G3NC Teo)
|
|t:|1743780976
|start
|switch|p1a: Ik|Azumarill, M|100/100
|switch|p2a: Fuuka|Indeedee, M, shiny|100/100
|-fieldstart|move: Psychic Terrain|[from] ability: Psychic Surge|[of] p2a: Fuuka
|turn|1
|
|t:|1743781001
|move|p1a: Ik|Knock Off|p2a: Fuuka
|-supereffective|p2a: Fuuka
|-damage|p2a: Fuuka|0 fnt
|-enditem|p2a: Fuuka|Terrain Extender|[from] move: Knock Off|[of] p1a: Ik
|faint|p2a: Fuuka
|
|upkeep
|
|t:|1743781003
|switch|p2a: Ami|Hatterene, F, shiny|100/100
|turn|2
|
|t:|1743781008
|move|p1a: Ik|Knock Off|p2a: Ami
|-damage|p2a: Ami|56/100
|-enditem|p2a: Ami|Leftovers|[from] move: Knock Off|[of] p1a: Ik
|move|p2a: Ami|Trick Room|p2a: Ami
|-fieldstart|move: Trick Room|[of] p2a: Ami
|
|upkeep
|turn|3
|
|t:|1743781011
|move|p2a: Ami|Expanding Force|p1a: Ik
|-crit|p1a: Ik
|-damage|p1a: Ik|7/100
|move|p1a: Ik|Liquidation|p2a: Ami
|-damage|p2a: Ami|0 fnt
|faint|p2a: Ami
|
|upkeep
|
|t:|1743781015
|switch|p2a: Usain Bolt|Raging Bolt|100/100
|turn|4
|
|t:|1743781018
|move|p1a: Ik|Knock Off|p2a: Usain Bolt
|-damage|p2a: Usain Bolt|61/100
|-enditem|p2a: Usain Bolt|Choice Specs|[from] move: Knock Off|[of] p1a: Ik
|move|p2a: Usain Bolt|Volt Switch|p1a: Ik
|-supereffective|p1a: Ik
|-damage|p1a: Ik|0 fnt
|faint|p1a: Ik
|
|t:|1743781027
|-end|p2a: Usain Bolt|Protosynthesis|[silent]
|switch|p2a: Burn my Bread|Kingambit, F, shiny|100/100|[from] Volt Switch
|-activate|p2a: Burn my Bread|ability: Supreme Overlord
|-start|p2a: Burn my Bread|fallen2|[silent]
|
|upkeep
|
|t:|1743781032
|switch|p1a: Synopsis|Great Tusk|100/100
|-enditem|p1a: Synopsis|Booster Energy
|-activate|p1a: Synopsis|ability: Protosynthesis|[fromitem]
|-start|p1a: Synopsis|protosynthesisdef
|turn|5
|
|t:|1743781047
|-terastallize|p2a: Burn my Bread|Fairy
|move|p2a: Burn my Bread|Swords Dance|p2a: Burn my Bread
|-boost|p2a: Burn my Bread|atk|2
|move|p1a: Synopsis|Knock Off|p2a: Burn my Bread
|-resisted|p2a: Burn my Bread
|-crit|p2a: Burn my Bread
|-damage|p2a: Burn my Bread|86/100
|-enditem|p2a: Burn my Bread|Black Glasses|[from] move: Knock Off|[of] p1a: Synopsis
|
|upkeep
|turn|6
|
|t:|1743781055
|move|p2a: Burn my Bread|Tera Blast|p1a: Synopsis|[anim] Tera Blast Fairy
|-supereffective|p1a: Synopsis
|-damage|p1a: Synopsis|4/100
|move|p1a: Synopsis|Earthquake|p2a: Burn my Bread
|-damage|p2a: Burn my Bread|53/100
|
|-fieldend|move: Trick Room
|upkeep
|turn|7
|
|t:|1743781064
|move|p1a: Synopsis|Earthquake|p2a: Burn my Bread
|-damage|p2a: Burn my Bread|22/100
|move|p2a: Burn my Bread|Tera Blast|p1a: Synopsis|[anim] Tera Blast Fairy
|-supereffective|p1a: Synopsis
|-damage|p1a: Synopsis|0 fnt
|faint|p1a: Synopsis
|-end|p1a: Synopsis|Protosynthesis|[silent]
|
|upkeep
|
|t:|1743781077
|switch|p1a: Handle Me|Kingambit, F|100/100
|-activate|p1a: Handle Me|ability: Supreme Overlord
|-start|p1a: Handle Me|fallen2|[silent]
|turn|8
|
|t:|1743781081
|move|p2a: Burn my Bread|Tera Blast|p1a: Handle Me|[anim] Tera Blast Fairy
|-damage|p1a: Handle Me|14/100
|move|p1a: Handle Me|Iron Head|p2a: Burn my Bread
|-supereffective|p2a: Burn my Bread
|-damage|p2a: Burn my Bread|0 fnt
|faint|p2a: Burn my Bread
|-end|p2a: Burn my Bread|fallen2|[silent]
|
|-fieldend|move: Psychic Terrain
|upkeep
|
|t:|1743781085
|switch|p2a: Zamazenta|Zamazenta, shiny|100/100
|-ability|p2a: Zamazenta|Dauntless Shield|boost
|-boost|p2a: Zamazenta|def|1
|turn|9
|
|t:|1743781088
|-end|p1a: Handle Me|fallen2|[silent]
|switch|p1a: Phobie D'impulsion|Dragapult, F|100/100
|move|p2a: Zamazenta|Crunch|p1a: Phobie D'impulsion
|-supereffective|p1a: Phobie D'impulsion
|-damage|p1a: Phobie D'impulsion|43/100
|
|upkeep
|turn|10
|
|t:|1743781091
|switch|p2a: Usain Bolt|Raging Bolt|61/100
|move|p1a: Phobie D'impulsion|Will-O-Wisp|p2a: Usain Bolt
|-status|p2a: Usain Bolt|brn
|
|-damage|p2a: Usain Bolt|55/100 brn|[from] brn
|upkeep
|turn|11
|
|t:|1743781094
|move|p1a: Phobie D'impulsion|Dragon Darts|p2a: Usain Bolt
|-supereffective|p2a: Usain Bolt
|-damage|p2a: Usain Bolt|20/100 brn
|-anim|p1a: Phobie D'impulsion|Dragon Darts|p2a: Usain Bolt
|-supereffective|p2a: Usain Bolt
|-damage|p2a: Usain Bolt|0 fnt
|faint|p2a: Usain Bolt
|-end|p2a: Usain Bolt|Protosynthesis|[silent]
|
|upkeep
|
|t:|1743781096
|switch|p2a: Bettina|Polteageist, shiny|100/100
|turn|12
|
|t:|1743781098
|move|p1a: Phobie D'impulsion|Thunder Wave|p2a: Bettina
|-status|p2a: Bettina|par
|move|p2a: Bettina|Shell Smash|p2a: Bettina
|-unboost|p2a: Bettina|def|1
|-unboost|p2a: Bettina|spd|1
|-boost|p2a: Bettina|atk|2
|-boost|p2a: Bettina|spa|2
|-boost|p2a: Bettina|spe|2
|-enditem|p2a: Bettina|White Herb
|-clearnegativeboost|p2a: Bettina|[silent]
|
|upkeep
|turn|13
|
|t:|1743781102
|move|p1a: Phobie D'impulsion|Hex|p2a: Bettina
|-supereffective|p2a: Bettina
|-damage|p2a: Bettina|0 fnt
|faint|p2a: Bettina
|
|upkeep
|
|t:|1743781104
|switch|p2a: Zamazenta|Zamazenta, shiny|100/100
|turn|14
|
|t:|1743781110
|move|p1a: Phobie D'impulsion|Will-O-Wisp|p2a: Zamazenta
|-status|p2a: Zamazenta|brn
|move|p2a: Zamazenta|Crunch|p1a: Phobie D'impulsion
|-supereffective|p1a: Phobie D'impulsion
|-damage|p1a: Phobie D'impulsion|16/100
|
|-damage|p2a: Zamazenta|94/100 brn|[from] brn
|upkeep
|turn|15
|
|t:|1743781112
|move|p1a: Phobie D'impulsion|Hex|p2a: Zamazenta
|-crit|p2a: Zamazenta
|-damage|p2a: Zamazenta|28/100 brn
|move|p2a: Zamazenta|Crunch|p1a: Phobie D'impulsion
|-supereffective|p1a: Phobie D'impulsion
|-damage|p1a: Phobie D'impulsion|0 fnt
|faint|p1a: Phobie D'impulsion
|
|-heal|p2a: Zamazenta|34/100 brn|[from] item: Leftovers
|-damage|p2a: Zamazenta|28/100 brn|[from] brn
|upkeep
|
|t:|1743781115
|switch|p1a: Eyesore|Garganacl, F|100/100
|turn|16
|
|t:|1743781117
|-terastallize|p1a: Eyesore|Ghost
|move|p2a: Zamazenta|Iron Defense|p2a: Zamazenta
|-boost|p2a: Zamazenta|def|2
|move|p1a: Eyesore|Salt Cure|p2a: Zamazenta
|-resisted|p2a: Zamazenta
|-crit|p2a: Zamazenta
|-damage|p2a: Zamazenta|20/100 brn
|-start|p2a: Zamazenta|Salt Cure
|
|-heal|p2a: Zamazenta|27/100 brn|[from] item: Leftovers
|-damage|p2a: Zamazenta|20/100 brn|[from] brn
|-damage|p2a: Zamazenta|8/100 brn|[from] Salt Cure
|upkeep
|turn|17
|-message|amiami8 forfeited.
|
|win|4G3NC Teo
|raw|4G3NC Teo's rating: 1468 &rarr; <strong>1491</strong><br />(+23 for winning)
|raw|amiami8's rating: 1516 &rarr; <strong>1493</strong><br />(-23 for losing)
|l|☆amiami8
|player|p2|
|l|☆4G3NC Teo
|player|p1|
