|j|☆Lavisse
|j|☆werdnaluas
|t:|1743860207
|gametype|singles
|player|p1|Lavisse|grimsley-gen7|1129
|player|p2|werdnaluas|marlon|1094
|teamsize|p1|6
|teamsize|p2|6
|gen|9
|tier|[Gen 9] OU
|rated|
|rule|HP Percentage Mod: HP is shown in percentages
|rule|Endless Battle Clause: Forcing endless battles is banned
|rule|Species Clause: Limit one of each Pokémon
|rule|OHKO Clause: OHKO moves are banned
|rule|Evasion Items Clause: Evasion items are banned
|rule|Evasion Moves Clause: Evasion moves are banned
|rule|Sleep Moves Clause: Sleep-inducing moves are banned
|clearpoke
|poke|p1|Garganacl, M|
|poke|p1|Corviknight, M|
|poke|p1|Alomomola, M|
|poke|p1|Weezing-Galar, F|
|poke|p1|Dragapult, F|
|poke|p1|Slowking-Galar, M|
|poke|p2|Mew|
|poke|p2|Regirock|
|poke|p2|Shaymin|
|poke|p2|Volcanion|
|poke|p2|Cyclizar, M|
|poke|p2|Thundurus, M|
|teampreview
|inactive|Battle timer is ON: inactive players will automatically lose when time's up. (requested by werdnaluas)
|
|t:|1743860224
|start
|switch|p1a: Garganacl|Garganacl, M|100/100
|switch|p2a: Thundurus|Thundurus, M|100/100
|turn|1
|
|t:|1743860249
|move|p2a: Thundurus|Knock Off|p1a: Garganacl
|-damage|p1a: Garganacl|81/100
|-enditem|p1a: Garganacl|Leftovers|[from] move: Knock Off|[of] p2a: Thundurus
|move|p1a: Garganacl|Curse|p1a: Garganacl
|-unboost|p1a: Garganacl|spe|1
|-boost|p1a: Garganacl|atk|1
|-boost|p1a: Garganacl|def|1
|
|upkeep
|turn|2
|
|t:|1743860258
|switch|p2a: Mew|Mew|100/100
|move|p1a: Garganacl|Salt Cure|p2a: Mew
|-damage|p2a: Mew|84/100
|-start|p2a: Mew|Salt Cure
|
|-damage|p2a: Mew|72/100|[from] Salt Cure
|upkeep
|turn|3
|
|t:|1743860274
|move|p2a: Mew|Psychic Noise|p1a: Garganacl
|-damage|p1a: Garganacl|62/100
|-start|p1a: Garganacl|move: Heal Block
|move|p1a: Garganacl|Earthquake|p2a: Mew
|-damage|p2a: Mew|42/100
|
|-damage|p2a: Mew|30/100|[from] Salt Cure
|upkeep
|turn|4
|inactive|Lavisse has 120 seconds left.
|
|t:|1743860291
|switch|p2a: Volcanion|Volcanion|100/100
|-item|p2a: Volcanion|Air Balloon
|move|p1a: Garganacl|Salt Cure|p2a: Volcanion
|-supereffective|p2a: Volcanion
|-damage|p2a: Volcanion|66/100
|-start|p2a: Volcanion|Salt Cure
|-enditem|p2a: Volcanion|Air Balloon
|
|-damage|p2a: Volcanion|41/100|[from] Salt Cure
|-end|p1a: Garganacl|move: Heal Block
|upkeep
|turn|5
|inactive|Lavisse has 120 seconds left.
|
|t:|1743860303
|move|p2a: Volcanion|Steam Eruption|p1a: Garganacl
|-supereffective|p1a: Garganacl
|-damage|p1a: Garganacl|0 fnt
|faint|p1a: Garganacl
|
|-damage|p2a: Volcanion|16/100|[from] Salt Cure
|upkeep
|inactive|Lavisse has 120 seconds left.
|
|t:|1743860313
|switch|p1a: Dragapult|Dragapult, F|100/100
|turn|6
|
|t:|1743860317
|move|p1a: Dragapult|Dragon Darts|p2a: Volcanion
|-damage|p2a: Volcanion|0 fnt
|faint|p2a: Volcanion
|
|upkeep
|
|t:|1743860331
|switch|p2a: Thundurus|Thundurus, M|100/100
|turn|7
|
|t:|1743860344
|move|p1a: Dragapult|U-turn|p2a: Thundurus
|-resisted|p2a: Thundurus
|-damage|p2a: Thundurus|84/100
|
|t:|1743860350
|switch|p1a: Weezing|Weezing-Galar, F|100/100|[from] U-turn
|-ability|p1a: Weezing|Neutralizing Gas
|move|p2a: Thundurus|Fling|p1a: Weezing
|-resisted|p1a: Weezing
|-damage|p1a: Weezing|88/100
|-enditem|p2a: Thundurus|Big Nugget|[from] move: Fling
|
|upkeep
|turn|8
|
|t:|1743860368
|move|p2a: Thundurus|Knock Off|p1a: Weezing
|-resisted|p1a: Weezing
|-damage|p1a: Weezing|77/100
|-enditem|p1a: Weezing|Heavy-Duty Boots|[from] move: Knock Off|[of] p2a: Thundurus
|move|p1a: Weezing|Strange Steam|p2a: Thundurus
|-damage|p2a: Thundurus|43/100
|
|upkeep
|turn|9
|
|t:|1743860384
|move|p2a: Thundurus|Acrobatics|p1a: Weezing
|-damage|p1a: Weezing|41/100
|move|p1a: Weezing|Strange Steam|p2a: Thundurus
|-damage|p2a: Thundurus|7/100
|
|upkeep
|turn|10
|
|t:|1743860395
|-end|p1a: Weezing|ability: Neutralizing Gas
|switch|p1a: Corviknight|Corviknight, M|100/100
|-ability|p1a: Corviknight|Pressure
|move|p2a: Thundurus|Acrobatics|p1a: Corviknight
|-resisted|p1a: Corviknight
|-damage|p1a: Corviknight|86/100
|
|-heal|p1a: Corviknight|92/100|[from] item: Leftovers
|upkeep
|turn|11
|
|t:|1743860406
|move|p2a: Thundurus|Thunder Punch|p1a: Corviknight
|-supereffective|p1a: Corviknight
|-damage|p1a: Corviknight|45/100
|move|p1a: Corviknight|U-turn|p2a: Thundurus
|-resisted|p2a: Thundurus
|-damage|p2a: Thundurus|0 fnt
|faint|p2a: Thundurus
|
|t:|1743860417
|switch|p1a: Alomomola|Alomomola, M|100/100|[from] U-turn
|
|upkeep
|
|t:|1743860422
|switch|p2a: Mew|Mew|30/100
|turn|12
|
|t:|1743860427
|move|p2a: Mew|Transform|p1a: Alomomola
|-transform|p2a: Mew|p1a: Alomomola
|move|p1a: Alomomola|Flip Turn|p2a: Mew
|-resisted|p2a: Mew
|-damage|p2a: Mew|24/100
|
|t:|1743860438
|switch|p1a: Slowking|Slowking-Galar, M|100/100|[from] Flip Turn
|
|upkeep
|turn|13
|
|t:|1743860446
|move|p2a: Mew|Wish|p2a: Mew
|move|p1a: Slowking|Thunder Wave|p2a: Mew
|-status|p2a: Mew|par
|
|upkeep
|turn|14
|
|t:|1743860454
|move|p2a: Mew|Scald|p1a: Slowking
|-damage|p1a: Slowking|93/100
|move|p1a: Slowking|Future Sight|p2a: Mew
|-start|p1a: Slowking|move: Future Sight
|
|-heal|p2a: Mew|74/100 par|[from] move: Wish|[wisher] Mew
|upkeep
|turn|15
|
|t:|1743860471
|move|p2a: Mew|Scald|p1a: Slowking
|-damage|p1a: Slowking|85/100
|-prepare|p1a: Slowking|Chilly Reception|[premajor]
|move|p1a: Slowking|Chilly Reception|p1a: Slowking
|-weather|Snowscape
|
|t:|1743860477
|switch|p1a: Dragapult|Dragapult, F|100/100|[from] Chilly Reception
|
|-weather|Snowscape|[upkeep]
|upkeep
|turn|16
|
|t:|1743860483
|move|p1a: Dragapult|Hex|p2a: Mew
|-damage|p2a: Mew|0 fnt
|faint|p2a: Mew
|
|-weather|Snowscape|[upkeep]
|-hint|Future Sight did not hit because the target is fainted.
|upkeep
|
|t:|1743860499
|switch|p2a: Regirock|Regirock|100/100
|turn|17
|
|t:|1743860506
|switch|p2a: Shaymin|Shaymin|100/100
|move|p1a: Dragapult|Will-O-Wisp|p2a: Shaymin
|-status|p2a: Shaymin|brn
|
|-weather|Snowscape|[upkeep]
|-damage|p2a: Shaymin|94/100 brn|[from] brn
|upkeep
|turn|18
|
|t:|1743860517
|move|p1a: Dragapult|Hex|p2a: Shaymin
|-damage|p2a: Shaymin|64/100 brn
|move|p2a: Shaymin|Leech Seed|p1a: Dragapult
|-start|p1a: Dragapult|move: Leech Seed
|
|-weather|Snowscape|[upkeep]
|-damage|p1a: Dragapult|88/100|[from] Leech Seed|[of] p2a: Shaymin
|-heal|p2a: Shaymin|77/100 brn|[silent]
|-damage|p2a: Shaymin|71/100 brn|[from] brn
|upkeep
|turn|19
|
|t:|1743860526
|move|p1a: Dragapult|U-turn|p2a: Shaymin
|-supereffective|p2a: Shaymin
|-damage|p2a: Shaymin|36/100 brn
|
|t:|1743860534
|switch|p1a: Slowking|Slowking-Galar, M|100/100|[from] U-turn
|move|p2a: Shaymin|Substitute|p2a: Shaymin
|-start|p2a: Shaymin|Substitute
|-damage|p2a: Shaymin|11/100 brn
|
|-weather|none
|-damage|p2a: Shaymin|4/100 brn|[from] brn
|upkeep
|turn|20
|
|t:|1743860543
|move|p2a: Shaymin|Substitute|p2a: Shaymin
|-fail|p2a: Shaymin|move: Substitute
|move|p1a: Slowking|Future Sight|p2a: Shaymin
|-start|p1a: Slowking|move: Future Sight
|
|-damage|p2a: Shaymin|0 fnt|[from] brn
|faint|p2a: Shaymin
|upkeep
|-message|werdnaluas forfeited.
|
|win|Lavisse
|raw|Lavisse's rating: 1129 &rarr; <strong>1151</strong><br />(+22 for winning)
|raw|werdnaluas's rating: 1094 &rarr; <strong>1072</strong><br />(-22 for losing)
|l|☆werdnaluas
|player|p2|
|l|☆Lavisse
|player|p1|
