|j|☆flycelium
|j|☆Big Muf
|t:|1743791236
|gametype|singles
|player|p1|flycelium|scientistf|1325
|player|p2|Big Muf|guitarist|1298
|teamsize|p1|6
|teamsize|p2|6
|gen|9
|tier|[Gen 9] OU
|rated|
|rule|HP Percentage Mod: HP is shown in percentages
|rule|Endless Battle Clause: Forcing endless battles is banned
|rule|Species Clause: Limit one of each Pokémon
|rule|OHKO Clause: OHKO moves are banned
|rule|Evasion Items Clause: Evasion items are banned
|rule|Evasion Moves Clause: Evasion moves are banned
|rule|Sleep Moves Clause: Sleep-inducing moves are banned
|clearpoke
|poke|p1|Raging Bolt|
|poke|p1|Corviknight, F|
|poke|p1|Weavile, F|
|poke|p1|Ting-Lu|
|poke|p1|Iron Moth|
|poke|p1|Sinistcha|
|poke|p2|Primarina, M|
|poke|p2|Scizor, F|
|poke|p2|Iron Valiant|
|poke|p2|Moltres|
|poke|p2|Raging Bolt|
|poke|p2|Landorus-Therian, M|
|teampreview
|
|t:|1743791248
|start
|switch|p1a: Johnny Guitar|Raging Bolt|100/100
|switch|p2a: Landorus|Landorus-Therian, M|100/100
|-ability|p2a: Landorus|Intimidate|boost
|-unboost|p1a: Johnny Guitar|atk|1
|turn|1
|
|t:|1743791256
|move|p2a: Landorus|Earthquake|p1a: Johnny Guitar
|-supereffective|p1a: Johnny Guitar
|-crit|p1a: Johnny Guitar
|-damage|p1a: Johnny Guitar|0 fnt
|faint|p1a: Johnny Guitar
|-end|p1a: Johnny Guitar|Protosynthesis|[silent]
|
|upkeep
|
|t:|1743791273
|switch|p1a: Pain Train|Weavile, F|100/100
|turn|2
|
|t:|1743791284
|switch|p2a: Scizor|Scizor, F|100/100
|-terastallize|p1a: Pain Train|Ice
|move|p1a: Pain Train|Ice Shard|p2a: Scizor
|-resisted|p2a: Scizor
|-damage|p2a: Scizor|85/100
|
|upkeep
|turn|3
|
|t:|1743791294
|switch|p1a: Looby Dooby|Sinistcha|100/100
|move|p2a: Scizor|Swords Dance|p2a: Scizor
|-boost|p2a: Scizor|atk|2
|
|upkeep
|turn|4
|
|t:|1743791300
|move|p2a: Scizor|U-turn|p1a: Looby Dooby
|-damage|p1a: Looby Dooby|50/100
|
|t:|1743791316
|switch|p2a: Raging Bolt|Raging Bolt|100/100|[from] U-turn
|move|p1a: Looby Dooby|Strength Sap|p2a: Raging Bolt
|-unboost|p2a: Raging Bolt|atk|1
|-heal|p1a: Looby Dooby|94/100
|
|upkeep
|turn|5
|
|t:|1743791325
|switch|p1a: Burgertime|Ting-Lu|100/100
|-ability|p1a: Burgertime|Vessel of Ruin
|move|p2a: Raging Bolt|Thunderbolt|p1a: Burgertime
|-immune|p1a: Burgertime
|
|upkeep
|turn|6
|
|t:|1743791334
|move|p2a: Raging Bolt|Draco Meteor|p1a: Burgertime
|-damage|p1a: Burgertime|68/100
|-unboost|p2a: Raging Bolt|spa|2
|move|p1a: Burgertime|Stealth Rock|p2a: Raging Bolt
|-sidestart|p2: Big Muf|move: Stealth Rock
|
|upkeep
|turn|7
|
|t:|1743791342
|-end|p2a: Raging Bolt|Protosynthesis|[silent]
|switch|p2a: Moltres|Moltres|100/100
|move|p1a: Burgertime|Whirlwind|p2a: Moltres
|drag|p2a: Scizor|Scizor, F|85/100
|
|upkeep
|turn|8
|
|t:|1743791351
|switch|p2a: Moltres|Moltres|100/100
|move|p1a: Burgertime|Earthquake|p2a: Moltres
|-immune|p2a: Moltres
|
|upkeep
|turn|9
|
|t:|1743791358
|switch|p1a: Smokey Joe|Iron Moth|100/100
|move|p2a: Moltres|Will-O-Wisp|p1a: Smokey Joe|[miss]
|-miss|p2a: Moltres|p1a: Smokey Joe
|
|upkeep
|turn|10
|
|t:|1743791364
|move|p1a: Smokey Joe|Sludge Wave|p2a: Moltres
|-damage|p2a: Moltres|46/100
|move|p2a: Moltres|Roar|p1a: Smokey Joe
|-end|p1a: Smokey Joe|Quark Drive|[silent]
|drag|p1a: Looby Dooby|Sinistcha|94/100
|
|upkeep
|turn|11
|
|t:|1743791371
|move|p2a: Moltres|Roost|p2a: Moltres
|-heal|p2a: Moltres|96/100
|-singleturn|p2a: Moltres|move: Roost
|move|p1a: Looby Dooby|Scald|p2a: Moltres
|-supereffective|p2a: Moltres
|-damage|p2a: Moltres|54/100
|
|upkeep
|turn|12
|
|t:|1743791381
|move|p2a: Moltres|Flamethrower|p1a: Looby Dooby
|-supereffective|p1a: Looby Dooby
|-crit|p1a: Looby Dooby
|-damage|p1a: Looby Dooby|22/100
|move|p1a: Looby Dooby|Calm Mind|p1a: Looby Dooby
|-boost|p1a: Looby Dooby|spa|1
|-boost|p1a: Looby Dooby|spd|1
|
|upkeep
|turn|13
|
|t:|1743791388
|move|p2a: Moltres|Flamethrower|p1a: Looby Dooby
|-supereffective|p1a: Looby Dooby
|-damage|p1a: Looby Dooby|0 fnt
|faint|p1a: Looby Dooby
|
|upkeep
|
|t:|1743791393
|switch|p1a: Smokey Joe|Iron Moth|100/100
|turn|14
|
|t:|1743791398
|switch|p2a: Primarina|Primarina, M|100/100
|-damage|p2a: Primarina|88/100|[from] Stealth Rock
|move|p1a: Smokey Joe|Sludge Wave|p2a: Primarina
|-supereffective|p2a: Primarina
|-damage|p2a: Primarina|34/100
|
|upkeep
|turn|15
|
|t:|1743791407
|move|p1a: Smokey Joe|Sludge Wave|p2a: Primarina
|-supereffective|p2a: Primarina
|-damage|p2a: Primarina|0 fnt
|faint|p2a: Primarina
|
|upkeep
|
|t:|1743791415
|switch|p2a: Raging Bolt|Raging Bolt|100/100
|-damage|p2a: Raging Bolt|88/100|[from] Stealth Rock
|turn|16
|
|t:|1743791421
|move|p1a: Smokey Joe|Sludge Wave|p2a: Raging Bolt
|-damage|p2a: Raging Bolt|58/100
|-status|p2a: Raging Bolt|psn
|move|p2a: Raging Bolt|Draco Meteor|p1a: Smokey Joe
|-damage|p1a: Smokey Joe|30/100
|-unboost|p2a: Raging Bolt|spa|2
|
|-damage|p2a: Raging Bolt|45/100 psn|[from] psn
|upkeep
|turn|17
|
|t:|1743791435
|-end|p1a: Smokey Joe|Quark Drive|[silent]
|switch|p1a: Burgertime|Ting-Lu|68/100
|-ability|p1a: Burgertime|Vessel of Ruin
|move|p2a: Raging Bolt|Draco Meteor|p1a: Burgertime
|-damage|p1a: Burgertime|52/100
|-unboost|p2a: Raging Bolt|spa|2
|
|-damage|p2a: Raging Bolt|33/100 psn|[from] psn
|upkeep
|turn|18
|
|t:|1743791446
|-end|p2a: Raging Bolt|Protosynthesis|[silent]
|switch|p2a: Landorus|Landorus-Therian, M|100/100
|-damage|p2a: Landorus|88/100|[from] Stealth Rock
|-ability|p2a: Landorus|Intimidate|boost
|-unboost|p1a: Burgertime|atk|1
|move|p1a: Burgertime|Whirlwind|p2a: Landorus
|drag|p2a: Iron Valiant|Iron Valiant|100/100
|-damage|p2a: Iron Valiant|94/100|[from] Stealth Rock
|-enditem|p2a: Iron Valiant|Booster Energy
|-activate|p2a: Iron Valiant|ability: Quark Drive|[fromitem]
|-start|p2a: Iron Valiant|quarkdrivespe
|
|upkeep
|turn|19
|
|t:|1743791462
|move|p2a: Iron Valiant|Moonblast|p1a: Burgertime
|-supereffective|p1a: Burgertime
|-damage|p1a: Burgertime|14/100
|-unboost|p1a: Burgertime|spa|1
|move|p1a: Burgertime|Whirlwind|p2a: Iron Valiant
|-end|p2a: Iron Valiant|Quark Drive|[silent]
|drag|p2a: Scizor|Scizor, F|85/100
|
|upkeep
|turn|20
|
|t:|1743791471
|move|p2a: Scizor|Bullet Punch|p1a: Burgertime
|-damage|p1a: Burgertime|0 fnt
|faint|p1a: Burgertime
|
|upkeep
|
|t:|1743791475
|switch|p1a: Smokey Joe|Iron Moth|30/100
|turn|21
|
|t:|1743791492
|-terastallize|p2a: Scizor|Water
|move|p1a: Smokey Joe|Fiery Dance|p2a: Scizor
|-resisted|p2a: Scizor
|-damage|p2a: Scizor|56/100
|-boost|p1a: Smokey Joe|spa|1
|move|p2a: Scizor|Swords Dance|p2a: Scizor
|-boost|p2a: Scizor|atk|2
|
|upkeep
|turn|22
|
|t:|1743791501
|-end|p1a: Smokey Joe|Quark Drive|[silent]
|switch|p1a: Pollyanna|Corviknight, F, shiny|100/100
|move|p2a: Scizor|Bullet Punch|p1a: Pollyanna
|-resisted|p1a: Pollyanna
|-damage|p1a: Pollyanna|81/100
|
|-heal|p1a: Pollyanna|87/100|[from] item: Leftovers
|upkeep
|turn|23
|
|t:|1743791510
|move|p2a: Scizor|Knock Off|p1a: Pollyanna
|-damage|p1a: Pollyanna|40/100
|-enditem|p1a: Pollyanna|Leftovers|[from] move: Knock Off|[of] p2a: Scizor
|move|p1a: Pollyanna|Iron Defense|p1a: Pollyanna
|-boost|p1a: Pollyanna|def|2
|
|upkeep
|turn|24
|
|t:|1743791522
|move|p2a: Scizor|Bullet Punch|p1a: Pollyanna
|-resisted|p1a: Pollyanna
|-damage|p1a: Pollyanna|29/100
|move|p1a: Pollyanna|Roost|p1a: Pollyanna
|-heal|p1a: Pollyanna|79/100
|-singleturn|p1a: Pollyanna|move: Roost
|
|upkeep
|turn|25
|
|t:|1743791529
|move|p2a: Scizor|U-turn|p1a: Pollyanna
|-resisted|p1a: Pollyanna
|-damage|p1a: Pollyanna|73/100
|
|t:|1743791533
|switch|p2a: Landorus|Landorus-Therian, M|88/100|[from] U-turn
|-damage|p2a: Landorus|76/100|[from] Stealth Rock
|-ability|p2a: Landorus|Intimidate|boost
|-ability|p1a: Pollyanna|Mirror Armor
|-unboost|p2a: Landorus|atk|1
|move|p1a: Pollyanna|Body Press|p2a: Landorus
|-resisted|p2a: Landorus
|-damage|p2a: Landorus|46/100
|-damage|p1a: Pollyanna|57/100|[from] item: Rocky Helmet|[of] p2a: Landorus
|
|upkeep
|turn|26
|
|t:|1743791548
|move|p2a: Landorus|Stealth Rock|p1a: Pollyanna
|-sidestart|p1: flycelium|move: Stealth Rock
|move|p1a: Pollyanna|Roost|p1a: Pollyanna
|-heal|p1a: Pollyanna|100/100
|-singleturn|p1a: Pollyanna|move: Roost
|
|upkeep
|turn|27
|
|t:|1743791556
|move|p2a: Landorus|U-turn|p1a: Pollyanna
|-resisted|p1a: Pollyanna
|-damage|p1a: Pollyanna|99/100
|
|t:|1743791560
|switch|p2a: Moltres|Moltres|54/100|[from] U-turn
|move|p1a: Pollyanna|Iron Defense|p1a: Pollyanna
|-boost|p1a: Pollyanna|def|2
|
|upkeep
|turn|28
|
|t:|1743791567
|move|p2a: Moltres|Roost|p2a: Moltres
|-heal|p2a: Moltres|100/100
|-singleturn|p2a: Moltres|move: Roost
|move|p1a: Pollyanna|Defog|p2a: Moltres
|-unboost|p2a: Moltres|evasion|1
|-sideend|p2: Big Muf|Stealth Rock|[from] move: Defog|[of] p1a: Pollyanna
|-sideend|p1: flycelium|Stealth Rock|[from] move: Defog|[of] p1a: Pollyanna
|
|upkeep
|turn|29
|
|t:|1743791576
|move|p1a: Pollyanna|Body Press|p2a: Moltres
|-resisted|p2a: Moltres
|-damage|p2a: Moltres|72/100
|-status|p1a: Pollyanna|brn|[from] ability: Flame Body|[of] p2a: Moltres
|move|p2a: Moltres|Roar|p1a: Pollyanna
|drag|p1a: Smokey Joe|Iron Moth|30/100
|
|upkeep
|turn|30
|
|t:|1743791589
|move|p1a: Smokey Joe|Sludge Wave|p2a: Moltres
|-damage|p2a: Moltres|19/100
|move|p2a: Moltres|Flamethrower|p1a: Smokey Joe
|-resisted|p1a: Smokey Joe
|-damage|p1a: Smokey Joe|14/100
|
|upkeep
|turn|31
|
|t:|1743791605
|switch|p2a: Scizor|Scizor, F, tera:Water|56/100
|move|p1a: Smokey Joe|Sludge Wave|p2a: Scizor
|-damage|p2a: Scizor|0 fnt
|faint|p2a: Scizor
|
|upkeep
|
|t:|1743791620
|switch|p2a: Iron Valiant|Iron Valiant|94/100
|turn|32
|
|t:|1743791625
|move|p1a: Smokey Joe|Sludge Wave|p2a: Iron Valiant
|-supereffective|p2a: Iron Valiant
|-damage|p2a: Iron Valiant|0 fnt
|faint|p2a: Iron Valiant
|-end|p2a: Iron Valiant|Quark Drive|[silent]
|
|upkeep
|
|t:|1743791639
|switch|p2a: Raging Bolt|Raging Bolt|33/100 psn
|turn|33
|
|t:|1743791644
|-end|p1a: Smokey Joe|Quark Drive|[silent]
|switch|p1a: Pain Train|Weavile, F, tera:Ice|100/100
|move|p2a: Raging Bolt|Thunderclap||[still]
|-fail|p2a: Raging Bolt
|
|-damage|p2a: Raging Bolt|21/100 psn|[from] psn
|upkeep
|turn|34
|
|t:|1743791653
|-end|p2a: Raging Bolt|Protosynthesis|[silent]
|switch|p2a: Moltres|Moltres|19/100
|move|p1a: Pain Train|Ice Shard|p2a: Moltres
|-damage|p2a: Moltres|1/100
|
|upkeep
|turn|35
|
|t:|1743791660
|move|p1a: Pain Train|Ice Shard|p2a: Moltres
|-damage|p2a: Moltres|0 fnt
|faint|p2a: Moltres
|
|upkeep
|
|t:|1743791666
|switch|p2a: Raging Bolt|Raging Bolt|21/100 psn
|turn|36
|
|t:|1743791670
|move|p1a: Pain Train|Ice Shard|p2a: Raging Bolt
|-supereffective|p2a: Raging Bolt
|-damage|p2a: Raging Bolt|0 fnt
|faint|p2a: Raging Bolt
|-end|p2a: Raging Bolt|Protosynthesis|[silent]
|
|upkeep
|c|☆Big Muf|Why the fuck
|c|☆Big Muf|is iron moth scarfsd
|c|☆flycelium|because Im cracked
|c|☆flycelium|its better than booster
|c|☆Big Muf|Literally terrible item for him
|c|☆Big Muf|outplayed by bad decisions man
|-message|Big Muf forfeited.
|
|win|flycelium
|raw|flycelium's rating: 1325 &rarr; <strong>1343</strong><br />(+18 for winning)
|raw|Big Muf's rating: 1298 &rarr; <strong>1275</strong><br />(-23 for losing)
|l|☆Big Muf
|player|p2|
|c|☆flycelium|noob
