|j|☆Kainoa55
|j|☆R41d3njh3m
|t:|1743785461
|gametype|singles
|player|p1|Kainoa55|ingo|1225
|player|p2|R41d3njh3m|lucas-gen4pt|1246
|teamsize|p1|6
|teamsize|p2|6
|gen|9
|tier|[Gen 9] OU
|rated|
|rule|HP Percentage Mod: HP is shown in percentages
|rule|Endless Battle Clause: Forcing endless battles is banned
|rule|Species Clause: Limit one of each Pokémon
|rule|OHKO Clause: OHKO moves are banned
|rule|Evasion Items Clause: Evasion items are banned
|rule|Evasion Moves Clause: Evasion moves are banned
|rule|Sleep Moves Clause: Sleep-inducing moves are banned
|clearpoke
|poke|p1|Eelektross, F|
|poke|p1|Gallade, M|
|poke|p1|Ursaluna, F|
|poke|p1|Salamence, F|
|poke|p1|Froslass, F|
|poke|p1|Krookodile, M|
|poke|p2|Gliscor, M|
|poke|p2|Tinkaton, F|
|poke|p2|Iron Moth|
|poke|p2|Samurott-Hisui, M|
|poke|p2|Kommo-o, M|
|poke|p2|Polteageist|
|teampreview
|inactive|Battle timer is ON: inactive players will automatically lose when time's up. (requested by Kainoa55)
|
|t:|1743785468
|start
|switch|p1a: Eelektross|Eelektross, F|100/100
|switch|p2a: Kommo-o|Kommo-o, M, shiny|100/100
|turn|1
|
|t:|1743785491
|move|p2a: Kommo-o|Clangorous Soul|p2a: Kommo-o
|-boost|p2a: Kommo-o|atk|1
|-boost|p2a: Kommo-o|def|1
|-boost|p2a: Kommo-o|spa|1
|-boost|p2a: Kommo-o|spd|1
|-boost|p2a: Kommo-o|spe|1
|-damage|p2a: Kommo-o|68/100
|-enditem|p2a: Kommo-o|Throat Spray
|-boost|p2a: Kommo-o|spa|1|[from] item: Throat Spray
|move|p1a: Eelektross|Volt Switch|p2a: Kommo-o
|-resisted|p2a: Kommo-o
|-damage|p2a: Kommo-o|48/100
|
|t:|1743785504
|switch|p1a: Gallade|Gallade, M|100/100|[from] Volt Switch
|
|upkeep
|turn|2
|j| Gabitchka
|
|t:|1743785510
|-terastallize|p2a: Kommo-o|Normal
|move|p2a: Kommo-o|Boomburst|p1a: Gallade
|-damage|p1a: Gallade|21/100
|move|p1a: Gallade|Sacred Sword|p2a: Kommo-o
|-supereffective|p2a: Kommo-o
|-damage|p2a: Kommo-o|0 fnt
|faint|p2a: Kommo-o
|
|upkeep
|
|t:|1743785528
|switch|p2a: Gliscor|Gliscor, M, shiny|100/100
|turn|3
|
|t:|1743785535
|move|p2a: Gliscor|Protect|p2a: Gliscor
|-singleturn|p2a: Gliscor|Protect
|move|p1a: Gallade|Aqua Cutter|p2a: Gliscor
|-activate|p2a: Gliscor|move: Protect
|
|-status|p2a: Gliscor|tox|[from] item: Toxic Orb
|upkeep
|turn|4
|
|t:|1743785544
|switch|p2a: Polteageist|Polteageist, shiny|100/100
|move|p1a: Gallade|Aqua Cutter|p2a: Polteageist
|-damage|p2a: Polteageist|24/100
|
|upkeep
|turn|5
|
|t:|1743785554
|move|p1a: Gallade|Shadow Sneak|p2a: Polteageist
|-supereffective|p2a: Polteageist
|-damage|p2a: Polteageist|0 fnt
|-start|p1a: Gallade|Disable|Shadow Sneak|[from] ability: Cursed Body|[of] p2a: Polteageist
|faint|p2a: Polteageist
|
|upkeep
|
|t:|1743785561
|switch|p2a: Iron Moth|Iron Moth, shiny|100/100
|-enditem|p2a: Iron Moth|Booster Energy
|-activate|p2a: Iron Moth|ability: Quark Drive|[fromitem]
|-start|p2a: Iron Moth|quarkdrivespe
|turn|6
|
|t:|1743785577
|-terastallize|p1a: Gallade|Water
|move|p2a: Iron Moth|Fiery Dance|p1a: Gallade
|-resisted|p1a: Gallade
|-damage|p1a: Gallade|9/100
|-boost|p2a: Iron Moth|spa|1
|move|p1a: Gallade|Psycho Cut|p2a: Iron Moth
|-supereffective|p2a: Iron Moth
|-crit|p2a: Iron Moth
|-damage|p2a: Iron Moth|0 fnt
|faint|p2a: Iron Moth
|-end|p2a: Iron Moth|Quark Drive|[silent]
|
|upkeep
|
|t:|1743785586
|switch|p2a: Samurott|Samurott-Hisui, M, shiny|100/100
|turn|7
|
|t:|1743785591
|move|p2a: Samurott|Aqua Jet|p1a: Gallade
|-resisted|p1a: Gallade
|-damage|p1a: Gallade|0 fnt
|faint|p1a: Gallade
|
|upkeep
|
|t:|1743785608
|switch|p1a: Ursaluna|Ursaluna, F|100/100
|turn|8
|
|t:|1743785611
|move|p1a: Ursaluna|Protect|p1a: Ursaluna
|-singleturn|p1a: Ursaluna|Protect
|move|p2a: Samurott|Aqua Cutter|p1a: Ursaluna
|-activate|p1a: Ursaluna|move: Protect
|
|-status|p1a: Ursaluna|brn|[from] item: Flame Orb
|upkeep
|turn|9
|
|t:|1743785621
|move|p2a: Samurott|Aqua Cutter|p1a: Ursaluna
|-supereffective|p1a: Ursaluna
|-damage|p1a: Ursaluna|29/100 brn
|move|p1a: Ursaluna|Facade|p2a: Samurott
|-crit|p2a: Samurott
|-enditem|p2a: Samurott|Focus Sash
|-damage|p2a: Samurott|1/100
|
|-damage|p1a: Ursaluna|23/100 brn|[from] brn
|upkeep
|turn|10
|
|t:|1743785632
|move|p2a: Samurott|Ceaseless Edge|p1a: Ursaluna
|-damage|p1a: Ursaluna|0 fnt
|-sidestart|p1: Kainoa55|Spikes
|faint|p1a: Ursaluna
|
|upkeep
|
|t:|1743785636
|switch|p1a: Froslass|Froslass, F|100/100
|-damage|p1a: Froslass|88/100|[from] Spikes
|turn|11
|
|t:|1743785641
|move|p1a: Froslass|Ice Spinner|p2a: Samurott
|-resisted|p2a: Samurott
|-damage|p2a: Samurott|0 fnt
|faint|p2a: Samurott
|
|upkeep
|
|t:|1743785646
|switch|p2a: Tinkaton|Tinkaton, F, shiny|100/100
|-ability|p2a: Tinkaton|Mold Breaker
|-item|p2a: Tinkaton|Air Balloon
|turn|12
|
|t:|1743785672
|switch|p1a: Krookodile|Krookodile, M|100/100
|-damage|p1a: Krookodile|88/100|[from] Spikes
|move|p2a: Tinkaton|Gigaton Hammer|p1a: Krookodile
|-damage|p1a: Krookodile|15/100
|
|upkeep
|turn|13
|
|t:|1743785680
|move|p2a: Tinkaton|Play Rough|p1a: Krookodile|[miss]
|-miss|p2a: Tinkaton|p1a: Krookodile
|move|p1a: Krookodile|Low Kick|p2a: Tinkaton
|-damage|p2a: Tinkaton|54/100
|-enditem|p2a: Tinkaton|Air Balloon
|
|upkeep
|turn|14
|
|t:|1743785687
|move|p2a: Tinkaton|Play Rough|p1a: Krookodile|[miss]
|-miss|p2a: Tinkaton|p1a: Krookodile
|move|p1a: Krookodile|Earthquake|p2a: Tinkaton
|-supereffective|p2a: Tinkaton
|-damage|p2a: Tinkaton|0 fnt
|faint|p2a: Tinkaton
|-ability|p1a: Krookodile|Moxie|boost
|-boost|p1a: Krookodile|atk|1
|
|upkeep
|c|☆R41d3njh3m|.-.
|
|t:|1743785697
|switch|p2a: Gliscor|Gliscor, M, shiny|100/100 tox
|turn|15
|
|t:|1743785703
|move|p2a: Gliscor|Swords Dance|p2a: Gliscor
|-boost|p2a: Gliscor|atk|2
|move|p1a: Krookodile|Knock Off|p2a: Gliscor
|-damage|p2a: Gliscor|31/100 tox
|-enditem|p2a: Gliscor|Toxic Orb|[from] move: Knock Off|[of] p1a: Krookodile
|
|-heal|p2a: Gliscor|43/100 tox|[from] ability: Poison Heal
|upkeep
|turn|16
|
|t:|1743785712
|move|p2a: Gliscor|Dual Wingbeat|p1a: Krookodile
|-damage|p1a: Krookodile|0 fnt
|faint|p1a: Krookodile
|-hitcount|p1: Krookodile|1
|
|-heal|p2a: Gliscor|56/100 tox|[from] ability: Poison Heal
|upkeep
|
|t:|1743785714
|switch|p1a: Froslass|Froslass, F|88/100
|-damage|p1a: Froslass|76/100|[from] Spikes
|turn|17
|
|t:|1743785720
|move|p2a: Gliscor|Protect|p2a: Gliscor
|-singleturn|p2a: Gliscor|Protect
|move|p1a: Froslass|Ice Spinner|p2a: Gliscor
|-activate|p2a: Gliscor|move: Protect
|
|-heal|p2a: Gliscor|68/100 tox|[from] ability: Poison Heal
|upkeep
|turn|18
|
|t:|1743785730
|move|p1a: Froslass|Ice Spinner|p2a: Gliscor
|-supereffective|p2a: Gliscor
|-damage|p2a: Gliscor|0 fnt
|faint|p2a: Gliscor
|
|win|Kainoa55
|raw|Kainoa55's rating: 1225 &rarr; <strong>1252</strong><br />(+27 for winning)
|raw|R41d3njh3m's rating: 1246 &rarr; <strong>1219</strong><br />(-27 for losing)
|l|☆Kainoa55
|player|p1|
|l|☆R41d3njh3m
|player|p2|
|l| Gabitchka
