|j|☆Prav33nmoon
|j|☆sushi_hater2007
|t:|1743829308
|gametype|singles
|player|p1|Prav33nmoon|koga|1582
|player|p2|sushi_hater2007|ethan|1582
|teamsize|p1|6
|teamsize|p2|6
|gen|9
|tier|[Gen 9] OU
|rated|
|rule|HP Percentage Mod: HP is shown in percentages
|rule|Endless Battle Clause: Forcing endless battles is banned
|rule|Species Clause: Limit one of each Pokémon
|rule|OHKO Clause: OHKO moves are banned
|rule|Evasion Items Clause: Evasion items are banned
|rule|Evasion Moves Clause: Evasion moves are banned
|rule|Sleep Moves Clause: Sleep-inducing moves are banned
|clearpoke
|poke|p1|Iron Treads|
|poke|p1|Ogerpon, F|
|poke|p1|Samurott-Hisui, F|
|poke|p1|Zapdos|
|poke|p1|Kyurem|
|poke|p1|Iron Valiant|
|poke|p2|Dragapult, F|
|poke|p2|Samurott-Hisui, M|
|poke|p2|Gholdengo|
|poke|p2|Gliscor, M|
|poke|p2|Tinkaton, F|
|poke|p2|Great Tusk|
|teampreview
|inactive|Battle timer is ON: inactive players will automatically lose when time's up. (requested by sushi_hater2007)
|
|t:|1743829331
|start
|switch|p1a: Ogerpon|Ogerpon, F|100/100
|switch|p2a: Samurott|Samurott-Hisui, M|100/100
|turn|1
|
|t:|1743829342
|move|p1a: Ogerpon|U-turn|p2a: Samurott
|-supereffective|p2a: Samurott
|-damage|p2a: Samurott|15/100
|
|t:|1743829345
|switch|p1a: Zapdos|Zapdos|100/100|[from] U-turn
|move|p2a: Samurott|Ceaseless Edge|p1a: Zapdos
|-damage|p1a: Zapdos|69/100
|-sidestart|p1: Prav33nmoon|Spikes
|
|upkeep
|turn|2
|
|t:|1743829353
|move|p2a: Samurott|Ceaseless Edge|p1a: Zapdos
|-damage|p1a: Zapdos|34/100
|-sidestart|p1: Prav33nmoon|Spikes
|move|p1a: Zapdos|Volt Switch|p2a: Samurott
|-supereffective|p2a: Samurott
|-damage|p2a: Samurott|0 fnt
|faint|p2a: Samurott
|
|t:|1743829359
|switch|p1a: Ogerpon|Ogerpon, F|100/100|[from] Volt Switch
|-damage|p1a: Ogerpon|84/100|[from] Spikes
|
|upkeep
|
|t:|1743829373
|switch|p2a: Tinkaton|Tinkaton, F|100/100
|-item|p2a: Tinkaton|Air Balloon
|turn|3
|
|t:|1743829386
|switch|p1a: Iron Treads|Iron Treads|100/100
|-damage|p1a: Iron Treads|84/100|[from] Spikes
|-enditem|p1a: Iron Treads|Booster Energy
|-activate|p1a: Iron Treads|ability: Quark Drive|[fromitem]
|-start|p1a: Iron Treads|quarkdrivespe
|move|p2a: Tinkaton|Stealth Rock|p1a: Iron Treads
|-sidestart|p1: Prav33nmoon|move: Stealth Rock
|
|upkeep
|turn|4
|
|t:|1743829408
|move|p1a: Iron Treads|Stealth Rock|p2a: Tinkaton
|-sidestart|p2: sushi_hater2007|move: Stealth Rock
|move|p2a: Tinkaton|Encore|p1a: Iron Treads
|-start|p1a: Iron Treads|Encore
|
|upkeep
|turn|5
|
|t:|1743829413
|-end|p1a: Iron Treads|Quark Drive|[silent]
|switch|p1a: Zapdos|Zapdos|34/100
|move|p2a: Tinkaton|Knock Off|p1a: Zapdos
|-damage|p1a: Zapdos|22/100
|-enditem|p1a: Zapdos|Heavy-Duty Boots|[from] move: Knock Off|[of] p2a: Tinkaton
|
|upkeep
|turn|6
|
|t:|1743829420
|switch|p2a: Gliscor|Gliscor, M|100/100
|-damage|p2a: Gliscor|88/100|[from] Stealth Rock
|move|p1a: Zapdos|Roost|p1a: Zapdos
|-heal|p1a: Zapdos|72/100
|-singleturn|p1a: Zapdos|move: Roost
|
|-status|p2a: Gliscor|tox|[from] item: Toxic Orb
|upkeep
|turn|7
|
|t:|1743829427
|switch|p1a: Iron Treads|Iron Treads|84/100
|-damage|p1a: Iron Treads|67/100|[from] Spikes
|-damage|p1a: Iron Treads|64/100|[from] Stealth Rock
|move|p2a: Gliscor|Toxic|p1a: Iron Treads
|-immune|p1a: Iron Treads
|
|-heal|p2a: Gliscor|100/100 tox|[from] ability: Poison Heal
|upkeep
|turn|8
|
|t:|1743829430
|move|p2a: Gliscor|Protect|p2a: Gliscor
|-singleturn|p2a: Gliscor|Protect
|move|p1a: Iron Treads|Ice Spinner|p2a: Gliscor
|-activate|p2a: Gliscor|move: Protect
|
|upkeep
|turn|9
|
|t:|1743829434
|switch|p2a: Gholdengo|Gholdengo|100/100
|-damage|p2a: Gholdengo|94/100|[from] Stealth Rock
|move|p1a: Iron Treads|Rapid Spin|p2a: Gholdengo
|-immune|p2a: Gholdengo
|
|upkeep
|turn|10
|
|t:|1743829444
|move|p2a: Gholdengo|Focus Blast|p1a: Iron Treads|[miss]
|-miss|p2a: Gholdengo|p1a: Iron Treads
|move|p1a: Iron Treads|Earthquake|p2a: Gholdengo
|-supereffective|p2a: Gholdengo
|-damage|p2a: Gholdengo|7/100
|
|upkeep
|turn|11
|j| m0chaman_829
|
|t:|1743829453
|-end|p1a: Iron Treads|Quark Drive|[silent]
|switch|p1a: Iron Valiant|Iron Valiant|100/100
|-damage|p1a: Iron Valiant|84/100|[from] Spikes
|-damage|p1a: Iron Valiant|78/100|[from] Stealth Rock
|-enditem|p1a: Iron Valiant|Booster Energy
|-activate|p1a: Iron Valiant|ability: Quark Drive|[fromitem]
|-start|p1a: Iron Valiant|quarkdrivespe
|move|p2a: Gholdengo|Focus Blast|p1a: Iron Valiant|[miss]
|-miss|p2a: Gholdengo|p1a: Iron Valiant
|
|upkeep
|turn|12
|
|t:|1743829459
|switch|p2a: Gliscor|Gliscor, M|100/100 tox
|-damage|p2a: Gliscor|88/100 tox|[from] Stealth Rock
|move|p1a: Iron Valiant|Calm Mind|p1a: Iron Valiant
|-boost|p1a: Iron Valiant|spa|1
|-boost|p1a: Iron Valiant|spd|1
|
|-heal|p2a: Gliscor|100/100 tox|[from] ability: Poison Heal
|upkeep
|turn|13
|
|t:|1743829463
|move|p1a: Iron Valiant|Moonblast|p2a: Gliscor
|-damage|p2a: Gliscor|37/100 tox
|-unboost|p2a: Gliscor|spa|1
|move|p2a: Gliscor|Toxic|p1a: Iron Valiant
|-status|p1a: Iron Valiant|tox
|
|-damage|p1a: Iron Valiant|71/100 tox|[from] psn
|-heal|p2a: Gliscor|50/100 tox|[from] ability: Poison Heal
|upkeep
|turn|14
|
|t:|1743829467
|move|p2a: Gliscor|Protect|p2a: Gliscor
|-singleturn|p2a: Gliscor|Protect
|move|p1a: Iron Valiant|Calm Mind|p1a: Iron Valiant
|-boost|p1a: Iron Valiant|spa|1
|-boost|p1a: Iron Valiant|spd|1
|
|-damage|p1a: Iron Valiant|59/100 tox|[from] psn
|-heal|p2a: Gliscor|62/100 tox|[from] ability: Poison Heal
|upkeep
|turn|15
|
|t:|1743829473
|switch|p2a: Gholdengo|Gholdengo|7/100
|-damage|p2a: Gholdengo|1/100|[from] Stealth Rock
|move|p1a: Iron Valiant|Shadow Ball|p2a: Gholdengo
|-supereffective|p2a: Gholdengo
|-damage|p2a: Gholdengo|0 fnt
|faint|p2a: Gholdengo
|
|-damage|p1a: Iron Valiant|40/100 tox|[from] psn
|upkeep
|
|t:|1743829497
|switch|p2a: Gliscor|Gliscor, M|62/100 tox
|-damage|p2a: Gliscor|50/100 tox|[from] Stealth Rock
|turn|16
|
|t:|1743829501
|move|p2a: Gliscor|Protect|p2a: Gliscor
|-singleturn|p2a: Gliscor|Protect
|move|p1a: Iron Valiant|Moonblast|p2a: Gliscor
|-activate|p2a: Gliscor|move: Protect
|
|-damage|p1a: Iron Valiant|15/100 tox|[from] psn
|-heal|p2a: Gliscor|62/100 tox|[from] ability: Poison Heal
|upkeep
|turn|17
|
|t:|1743829508
|switch|p2a: Tinkaton|Tinkaton, F|100/100
|-damage|p2a: Tinkaton|94/100|[from] Stealth Rock
|-item|p2a: Tinkaton|Air Balloon
|move|p1a: Iron Valiant|Shadow Ball|p2a: Tinkaton
|-damage|p2a: Tinkaton|52/100
|-unboost|p2a: Tinkaton|spd|1
|-enditem|p2a: Tinkaton|Air Balloon
|
|-damage|p1a: Iron Valiant|0 fnt|[from] psn
|faint|p1a: Iron Valiant
|-end|p1a: Iron Valiant|Quark Drive|[silent]
|upkeep
|
|t:|1743829516
|switch|p1a: Iron Treads|Iron Treads|64/100
|-damage|p1a: Iron Treads|47/100|[from] Spikes
|-damage|p1a: Iron Treads|44/100|[from] Stealth Rock
|turn|18
|
|t:|1743829519
|switch|p2a: Dragapult|Dragapult, F|100/100
|-damage|p2a: Dragapult|88/100|[from] Stealth Rock
|move|p1a: Iron Treads|Earthquake|p2a: Dragapult
|-damage|p2a: Dragapult|38/100
|
|upkeep
|turn|19
|
|t:|1743829528
|-terastallize|p2a: Dragapult|Ghost
|move|p2a: Dragapult|Tera Blast|p1a: Iron Treads|[anim] Tera Blast Ghost
|-damage|p1a: Iron Treads|0 fnt
|faint|p1a: Iron Treads
|-end|p1a: Iron Treads|Quark Drive|[silent]
|
|upkeep
|
|t:|1743829534
|switch|p1a: Ogerpon|Ogerpon, F|84/100
|-damage|p1a: Ogerpon|67/100|[from] Spikes
|-damage|p1a: Ogerpon|55/100|[from] Stealth Rock
|turn|20
|
|t:|1743829537
|switch|p2a: Tinkaton|Tinkaton, F|52/100
|-damage|p2a: Tinkaton|46/100|[from] Stealth Rock
|-terastallize|p1a: Ogerpon|Grass
|detailschange|p1a: Ogerpon|Ogerpon-Teal-Tera, F, tera:Grass
|-ability|p1a: Ogerpon|Embody Aspect (Teal)|boost
|-boost|p1a: Ogerpon|spe|1
|move|p1a: Ogerpon|Ivy Cudgel|p2a: Tinkaton
|-resisted|p2a: Tinkaton
|-damage|p2a: Tinkaton|0 fnt
|faint|p2a: Tinkaton
|
|upkeep
|
|t:|1743829552
|switch|p2a: Great Tusk|Great Tusk|100/100
|-damage|p2a: Great Tusk|97/100|[from] Stealth Rock
|turn|21
|
|t:|1743829567
|move|p1a: Ogerpon|Ivy Cudgel|p2a: Great Tusk
|-supereffective|p2a: Great Tusk
|-damage|p2a: Great Tusk|0 fnt
|faint|p2a: Great Tusk
|-end|p2a: Great Tusk|Protosynthesis|[silent]
|
|upkeep
|
|t:|1743829571
|switch|p2a: Gliscor|Gliscor, M|62/100 tox
|-damage|p2a: Gliscor|50/100 tox|[from] Stealth Rock
|turn|22
|
|t:|1743829580
|move|p2a: Gliscor|Protect|p2a: Gliscor
|-singleturn|p2a: Gliscor|Protect
|move|p1a: Ogerpon|Ivy Cudgel|p2a: Gliscor
|-activate|p2a: Gliscor|move: Protect
|
|-heal|p2a: Gliscor|62/100 tox|[from] ability: Poison Heal
|upkeep
|turn|23
|
|t:|1743829586
|move|p1a: Ogerpon|Ivy Cudgel|p2a: Gliscor
|-damage|p2a: Gliscor|0 fnt
|faint|p2a: Gliscor
|
|upkeep
|
|t:|1743829589
|switch|p2a: Dragapult|Dragapult, F, tera:Ghost|38/100
|-damage|p2a: Dragapult|25/100|[from] Stealth Rock
|turn|24
|
|t:|1743829593
|move|p2a: Dragapult|Sucker Punch|p1a: Ogerpon
|-damage|p1a: Ogerpon|7/100
|move|p1a: Ogerpon|Ivy Cudgel|p2a: Dragapult
|-damage|p2a: Dragapult|0 fnt
|faint|p2a: Dragapult
|
|win|Prav33nmoon
|raw|Prav33nmoon's rating: 1582 &rarr; <strong>1602</strong><br />(+20 for winning)
|raw|sushi_hater2007's rating: 1582 &rarr; <strong>1562</strong><br />(-20 for losing)
