|j|☆uhhbiuygyg
|j|☆alinare12
|t:|1743841874
|gametype|singles
|player|p1|uhhbiuygyg|101|1135
|player|p2|alinare12|pokemonrangerf-gen4|1161
|teamsize|p1|6
|teamsize|p2|6
|gen|9
|tier|[Gen 9] OU
|rated|
|rule|HP Percentage Mod: HP is shown in percentages
|rule|Endless Battle Clause: Forcing endless battles is banned
|rule|Species Clause: Limit one of each Pokémon
|rule|OHKO Clause: OHKO moves are banned
|rule|Evasion Items Clause: Evasion items are banned
|rule|Evasion Moves Clause: Evasion moves are banned
|rule|Sleep Moves Clause: Sleep-inducing moves are banned
|clearpoke
|poke|p1|Smeargle, F|
|poke|p1|Serperior, M|
|poke|p1|Lurantis, M|
|poke|p1|Malamar, M|
|poke|p1|Cinderace, F|
|poke|p1|Glimmora, F|
|poke|p2|Garganacl, M|
|poke|p2|Glimmora, F|
|poke|p2|Iron Boulder|
|poke|p2|Tyranitar, F|
|poke|p2|Diancie|
|poke|p2|Ogerpon-Cornerstone, F|
|teampreview
|
|t:|1743841887
|start
|switch|p1a: Smeargle|Smeargle, F|100/100
|switch|p2a: Garganacl|Garganacl, M|100/100
|turn|1
|
|t:|1743841892
|move|p1a: Smeargle|Sticky Web|p2a: Garganacl
|-sidestart|p2: alinare12|move: Sticky Web
|move|p2a: Garganacl|Salt Cure|p1a: Smeargle
|-damage|p1a: Smeargle|67/100
|-start|p1a: Smeargle|Salt Cure
|
|-damage|p1a: Smeargle|55/100|[from] Salt Cure
|upkeep
|turn|2
|
|t:|1743841905
|move|p1a: Smeargle|Court Change|p1a: Smeargle
|-swapsideconditions
|-activate|p1a: Smeargle|move: Court Change
|move|p2a: Garganacl|Body Press|p1a: Smeargle
|-supereffective|p1a: Smeargle
|-damage|p1a: Smeargle|0 fnt
|faint|p1a: Smeargle
|
|upkeep
|
|t:|1743841911
|switch|p1a: Malamar|Malamar, M, shiny|100/100
|-activate|p1a: Malamar|move: Sticky Web
|-boost|p1a: Malamar|spe|1
|turn|3
|
|t:|1743841915
|-terastallize|p2a: Garganacl|Ghost
|move|p1a: Malamar|Superpower|p2a: Garganacl
|-immune|p2a: Garganacl
|move|p2a: Garganacl|Salt Cure|p1a: Malamar
|-damage|p1a: Malamar|84/100
|-start|p1a: Malamar|Salt Cure
|
|-damage|p1a: Malamar|71/100|[from] Salt Cure
|upkeep
|turn|4
|
|t:|1743841923
|switch|p2a: Glimmora|Glimmora, F|100/100
|move|p1a: Malamar|Knock Off|p2a: Glimmora
|-damage|p2a: Glimmora|50/100
|-activate|p2a: Glimmora|ability: Toxic Debris
|-sidestart|p1: uhhbiuygyg|move: Toxic Spikes
|-enditem|p2a: Glimmora|Focus Sash|[from] move: Knock Off|[of] p1a: Malamar
|
|-damage|p1a: Malamar|59/100|[from] Salt Cure
|upkeep
|turn|5
|
|t:|1743841931
|move|p2a: Glimmora|Spiky Shield|p2a: Glimmora
|-singleturn|p2a: Glimmora|move: Protect
|move|p1a: Malamar|Superpower|p2a: Glimmora
|-activate|p2a: Glimmora|move: Protect
|-damage|p1a: Malamar|47/100|[from] Spiky Shield|[of] p2a: Glimmora
|
|-damage|p1a: Malamar|34/100|[from] Salt Cure
|upkeep
|turn|6
|
|t:|1743841941
|move|p1a: Malamar|Superpower|p2a: Glimmora
|-damage|p2a: Glimmora|11/100
|-boost|p1a: Malamar|atk|1
|-boost|p1a: Malamar|def|1
|-activate|p2a: Glimmora|ability: Toxic Debris
|-sidestart|p1: uhhbiuygyg|move: Toxic Spikes
|move|p2a: Glimmora|Stealth Rock|p1a: Malamar
|-sidestart|p1: uhhbiuygyg|move: Stealth Rock
|
|-damage|p1a: Malamar|22/100|[from] Salt Cure
|upkeep
|turn|7
|
|t:|1743841952
|switch|p2a: Ogerpon|Ogerpon-Cornerstone, F|100/100
|move|p1a: Malamar|Superpower|p2a: Ogerpon
|-supereffective|p2a: Ogerpon
|-ability|p2a: Ogerpon|Sturdy
|-damage|p2a: Ogerpon|1/100
|-boost|p1a: Malamar|atk|1
|-boost|p1a: Malamar|def|1
|
|-damage|p1a: Malamar|9/100|[from] Salt Cure
|upkeep
|turn|8
|
|t:|1743841961
|move|p1a: Malamar|Superpower|p2a: Ogerpon
|-supereffective|p2a: Ogerpon
|-damage|p2a: Ogerpon|0 fnt
|-boost|p1a: Malamar|atk|1
|-boost|p1a: Malamar|def|1
|faint|p2a: Ogerpon
|
|-damage|p1a: Malamar|0 fnt|[from] Salt Cure
|faint|p1a: Malamar
|upkeep
|
|t:|1743841974
|switch|p2a: Iron Boulder|Iron Boulder|100/100
|switch|p1a: Glimmora|Glimmora, F, shiny|100/100
|-sideend|p1: uhhbiuygyg|move: Toxic Spikes|[of] p1a: Glimmora
|-enditem|p2a: Iron Boulder|Booster Energy
|-activate|p2a: Iron Boulder|ability: Quark Drive|[fromitem]
|-start|p2a: Iron Boulder|quarkdrivespe
|turn|9
|
|t:|1743841983
|move|p2a: Iron Boulder|Earthquake|p1a: Glimmora
|-supereffective|p1a: Glimmora
|-damage|p1a: Glimmora|0 fnt
|-activate|p1a: Glimmora|ability: Toxic Debris
|-sidestart|p2: alinare12|move: Toxic Spikes
|faint|p1a: Glimmora
|
|upkeep
|
|t:|1743841988
|switch|p1a: Serperior|Serperior, M, shiny|100/100
|-activate|p1a: Serperior|move: Sticky Web
|-boost|p1a: Serperior|spe|1
|-damage|p1a: Serperior|88/100|[from] Stealth Rock
|turn|10
|
|t:|1743841995
|move|p2a: Iron Boulder|Psycho Cut|p1a: Serperior
|-crit|p1a: Serperior
|-damage|p1a: Serperior|23/100
|move|p1a: Serperior|Leaf Storm|p2a: Iron Boulder
|-supereffective|p2a: Iron Boulder
|-damage|p2a: Iron Boulder|9/100
|-boost|p1a: Serperior|spa|2
|
|upkeep
|turn|11
|
|t:|1743842002
|move|p2a: Iron Boulder|Psycho Cut|p1a: Serperior
|-damage|p1a: Serperior|0 fnt
|faint|p1a: Serperior
|
|upkeep
|
|t:|1743842006
|switch|p1a: Cinderace|Cinderace, F|100/100
|turn|12
|
|t:|1743842012
|move|p1a: Cinderace|Sucker Punch|p2a: Iron Boulder
|-start|p1a: Cinderace|typechange|Dark|[from] ability: Libero
|-supereffective|p2a: Iron Boulder
|-damage|p2a: Iron Boulder|0 fnt
|faint|p2a: Iron Boulder
|-end|p2a: Iron Boulder|Quark Drive|[silent]
|
|upkeep
|
|t:|1743842016
|switch|p2a: Glimmora|Glimmora, F|11/100
|-sideend|p2: alinare12|move: Toxic Spikes|[of] p2a: Glimmora
|turn|13
|
|t:|1743842025
|move|p2a: Glimmora|Spiky Shield|p2a: Glimmora
|-singleturn|p2a: Glimmora|move: Protect
|move|p1a: Cinderace|Iron Head|p2a: Glimmora
|-activate|p2a: Glimmora|move: Protect
|-damage|p1a: Cinderace|88/100|[from] Spiky Shield|[of] p2a: Glimmora
|
|upkeep
|turn|14
|
|t:|1743842039
|switch|p1a: Lurantis|Lurantis, M|100/100
|-activate|p1a: Lurantis|move: Sticky Web
|-boost|p1a: Lurantis|spe|1
|-damage|p1a: Lurantis|88/100|[from] Stealth Rock
|move|p2a: Glimmora|Mortal Spin|p1a: Lurantis
|-supereffective|p1a: Lurantis
|-damage|p1a: Lurantis|71/100
|-status|p1a: Lurantis|psn
|
|-damage|p1a: Lurantis|59/100 psn|[from] psn
|upkeep
|turn|15
|
|t:|1743842053
|move|p1a: Lurantis|Superpower|p2a: Glimmora
|-damage|p2a: Glimmora|0 fnt
|-boost|p1a: Lurantis|atk|1
|-boost|p1a: Lurantis|def|1
|-activate|p2a: Glimmora|ability: Toxic Debris
|-sidestart|p1: uhhbiuygyg|move: Toxic Spikes
|faint|p2a: Glimmora
|
|-damage|p1a: Lurantis|46/100 psn|[from] psn
|upkeep
|
|t:|1743842064
|switch|p2a: Garganacl|Garganacl, M, tera:Ghost|100/100
|turn|16
|
|t:|1743842071
|-terastallize|p1a: Lurantis|Stellar
|move|p1a: Lurantis|Tera Blast|p2a: Garganacl|[anim] Tera Blast Stellar
|-supereffective|p2a: Garganacl
|-damage|p2a: Garganacl|33/100
|-boost|p1a: Lurantis|atk|1
|-boost|p1a: Lurantis|spa|1
|move|p2a: Garganacl|Salt Cure|p1a: Lurantis
|-damage|p1a: Lurantis|32/100 psn
|-start|p1a: Lurantis|Salt Cure
|
|-heal|p2a: Garganacl|39/100|[from] item: Leftovers
|-damage|p1a: Lurantis|19/100 psn|[from] psn
|-damage|p1a: Lurantis|7/100 psn|[from] Salt Cure
|upkeep
|turn|17
|
|t:|1743842082
|move|p2a: Garganacl|Protect|p2a: Garganacl
|-singleturn|p2a: Garganacl|Protect
|move|p1a: Lurantis|Giga Drain|p2a: Garganacl
|-activate|p2a: Garganacl|move: Protect
|
|-heal|p2a: Garganacl|46/100|[from] item: Leftovers
|-damage|p1a: Lurantis|0 fnt|[from] psn
|faint|p1a: Lurantis
|upkeep
|
|t:|1743842085
|switch|p1a: Cinderace|Cinderace, F|88/100
|turn|18
|
|t:|1743842093
|move|p1a: Cinderace|Pyro Ball|p2a: Garganacl
|-damage|p2a: Garganacl|10/100
|move|p2a: Garganacl|Salt Cure|p1a: Cinderace
|-supereffective|p1a: Cinderace
|-damage|p1a: Cinderace|50/100
|-start|p1a: Cinderace|Salt Cure
|
|-heal|p2a: Garganacl|16/100|[from] item: Leftovers
|-damage|p1a: Cinderace|38/100|[from] Salt Cure
|upkeep
|turn|19
|
|t:|1743842101
|move|p2a: Garganacl|Protect|p2a: Garganacl
|-singleturn|p2a: Garganacl|Protect
|move|p1a: Cinderace|Iron Head|p2a: Garganacl
|-start|p1a: Cinderace|typechange|Steel|[from] ability: Libero
|-activate|p2a: Garganacl|move: Protect
|
|-heal|p2a: Garganacl|22/100|[from] item: Leftovers
|-damage|p1a: Cinderace|13/100|[from] Salt Cure
|upkeep
|turn|20
|-message|uhhbiuygyg forfeited.
|
|win|alinare12
|raw|uhhbiuygyg's rating: 1135 &rarr; <strong>1112</strong><br />(-23 for losing)
|raw|alinare12's rating: 1161 &rarr; <strong>1184</strong><br />(+23 for winning)
|l|☆uhhbiuygyg
|player|p1|
|l|☆alinare12
|player|p2|
