|j|☆sandinay18
|j|☆demondcop
|t:|1743869823
|gametype|singles
|player|p1|sandinay18|biker-gen4|1303
|player|p2|demondcop|266|1333
|teamsize|p1|6
|teamsize|p2|6
|gen|9
|tier|[Gen 9] OU
|rated|
|rule|HP Percentage Mod: HP is shown in percentages
|rule|Endless Battle Clause: Forcing endless battles is banned
|rule|Species Clause: Limit one of each Pokémon
|rule|OHKO Clause: OHKO moves are banned
|rule|Evasion Items Clause: Evasion items are banned
|rule|Evasion Moves Clause: Evasion moves are banned
|rule|Sleep Moves Clause: Sleep-inducing moves are banned
|clearpoke
|poke|p1|Cloyster, F|
|poke|p1|Porygon2|
|poke|p1|Zoroark-Hisui, F|
|poke|p1|Lanturn, M|
|poke|p1|Gliscor, F|
|poke|p1|Garchomp, F|
|poke|p2|Jirachi|
|poke|p2|Ribombee, M|
|poke|p2|Deoxys-Speed|
|poke|p2|Glimmora, M|
|poke|p2|Gholdengo|
|poke|p2|Kyurem|
|teampreview
|inactive|Battle timer is ON: inactive players will automatically lose when time's up. (requested by demondcop)
|
|t:|1743869828
|start
|switch|p1a: Garchomp|Garchomp, F|100/100
|switch|p2a: Kyurem|Kyurem|100/100
|-ability|p2a: Kyurem|Pressure
|turn|1
|
|t:|1743869838
|switch|p1a: Porygon2|Porygon2|100/100
|-ability|p1a: Porygon2|Download|boost
|-boost|p1a: Porygon2|spa|1
|move|p2a: Kyurem|Dragon Dance|p2a: Kyurem
|-boost|p2a: Kyurem|atk|1
|-boost|p2a: Kyurem|spe|1
|
|upkeep
|turn|2
|
|t:|1743869844
|move|p2a: Kyurem|Icicle Spear|p1a: Porygon2
|-crit|p1a: Porygon2
|-damage|p1a: Porygon2|81/100
|-damage|p1a: Porygon2|68/100
|-damage|p1a: Porygon2|55/100
|-damage|p1a: Porygon2|41/100
|-damage|p1a: Porygon2|29/100
|-hitcount|p1a: Porygon2|5
|move|p1a: Porygon2|Trick Room|p1a: Porygon2
|-fieldstart|move: Trick Room|[of] p1a: Porygon2
|
|upkeep
|turn|3
|
|t:|1743869859
|move|p1a: Porygon2|Tri Attack|p2a: Kyurem
|-damage|p2a: Kyurem|48/100
|move|p2a: Kyurem|Icicle Spear|p1a: Porygon2
|-damage|p1a: Porygon2|15/100
|-damage|p1a: Porygon2|1/100
|-damage|p1a: Porygon2|0 fnt
|faint|p1a: Porygon2
|-hitcount|p1: Porygon2|3
|
|upkeep
|
|t:|1743869868
|switch|p1a: Lanturn|Lanturn, M|100/100
|turn|4
|
|t:|1743869871
|move|p1a: Lanturn|Thunder Wave|p2a: Kyurem
|-status|p2a: Kyurem|par
|move|p2a: Kyurem|Scale Shot|p1a: Lanturn
|-damage|p1a: Lanturn|77/100
|-damage|p1a: Lanturn|55/100
|-damage|p1a: Lanturn|31/100
|-damage|p1a: Lanturn|10/100
|-hitcount|p1a: Lanturn|4
|-unboost|p2a: Kyurem|def|1
|-boost|p2a: Kyurem|spe|1
|
|-heal|p1a: Lanturn|16/100|[from] item: Leftovers
|upkeep
|turn|5
|
|t:|1743869886
|move|p1a: Lanturn|Ice Beam|p2a: Kyurem
|-damage|p2a: Kyurem|33/100 par
|move|p2a: Kyurem|Icicle Spear|p1a: Lanturn
|-resisted|p1a: Lanturn
|-damage|p1a: Lanturn|3/100
|-resisted|p1a: Lanturn
|-damage|p1a: Lanturn|0 fnt
|faint|p1a: Lanturn
|-hitcount|p1: Lanturn|2
|
|upkeep
|inactive|sandinay18 has 120 seconds left.
|
|t:|1743869930
|switch|p1a: Cloyster|Cloyster, F, shiny|100/100
|turn|6
|
|t:|1743869955
|move|p1a: Cloyster|Rock Blast|p2a: Kyurem
|-supereffective|p2a: Kyurem
|-crit|p2a: Kyurem
|-damage|p2a: Kyurem|0 fnt
|faint|p2a: Kyurem
|-hitcount|p2: Kyurem|1
|
|-fieldend|move: Trick Room
|upkeep
|
|t:|1743869962
|switch|p2a: Ribombee|Ribombee, M|100/100
|turn|7
|inactive|sandinay18 has 120 seconds left.
|
|t:|1743869968
|move|p2a: Ribombee|Stun Spore|p1a: Cloyster|[miss]
|-miss|p2a: Ribombee|p1a: Cloyster
|move|p1a: Cloyster|Shell Smash|p1a: Cloyster
|-unboost|p1a: Cloyster|def|1
|-unboost|p1a: Cloyster|spd|1
|-boost|p1a: Cloyster|atk|2
|-boost|p1a: Cloyster|spa|2
|-boost|p1a: Cloyster|spe|2
|-enditem|p1a: Cloyster|White Herb
|-clearnegativeboost|p1a: Cloyster|[silent]
|
|upkeep
|turn|8
|
|t:|1743869979
|move|p1a: Cloyster|Rock Blast|p2a: Ribombee
|-supereffective|p2a: Ribombee
|-damage|p2a: Ribombee|37/100
|-supereffective|p2a: Ribombee
|-damage|p2a: Ribombee|0 fnt
|faint|p2a: Ribombee
|-hitcount|p2: Ribombee|2
|
|upkeep
|
|t:|1743869983
|switch|p2a: Deoxys|Deoxys-Speed|100/100
|-ability|p2a: Deoxys|Pressure
|turn|9
|
|t:|1743870001
|move|p2a: Deoxys|Psycho Boost|p1a: Cloyster
|-damage|p1a: Cloyster|0 fnt
|-unboost|p2a: Deoxys|spa|2
|faint|p1a: Cloyster
|
|upkeep
|
|t:|1743870007
|switch|p1a: Garchomp|Garchomp, F|100/100
|turn|10
|
|t:|1743870016
|move|p2a: Deoxys|Taunt|p1a: Garchomp
|-start|p1a: Garchomp|move: Taunt
|move|p1a: Garchomp|Shadow Ball|p2a: Deoxys
|-supereffective|p2a: Deoxys
|-enditem|p2a: Deoxys|Focus Sash
|-damage|p2a: Deoxys|1/100
|-unboost|p2a: Deoxys|spd|1
|
|upkeep
|turn|11
|
|t:|1743870025
|move|p2a: Deoxys|Stealth Rock|p1a: Garchomp
|-sidestart|p1: sandinay18|move: Stealth Rock
|move|p1a: Garchomp|Shadow Ball|p2a: Deoxys
|-supereffective|p2a: Deoxys
|-crit|p2a: Deoxys
|-damage|p2a: Deoxys|0 fnt
|faint|p2a: Deoxys
|
|upkeep
|
|t:|1743870030
|switch|p2a: Glimmora|Glimmora, M|100/100
|turn|12
|
|t:|1743870040
|-terastallize|p2a: Glimmora|Fairy
|move|p1a: Garchomp|Shadow Ball|p2a: Glimmora
|-damage|p2a: Glimmora|12/100
|move|p2a: Glimmora|Meteor Beam||[still]
|-prepare|p2a: Glimmora|Meteor Beam
|-boost|p2a: Glimmora|spa|1
|-enditem|p2a: Glimmora|Power Herb
|-anim|p2a: Glimmora|Meteor Beam|p1a: Garchomp
|-damage|p1a: Garchomp|0 fnt
|replace|p1a: Zoroark|Zoroark-Hisui, F
|-end|p1a: Zoroark|Illusion
|faint|p1a: Zoroark
|
|upkeep
|
|t:|1743870053
|switch|p1a: Garchomp|Garchomp, F|100/100
|-damage|p1a: Garchomp|94/100|[from] Stealth Rock
|turn|13
|
|t:|1743870057
|move|p1a: Garchomp|Earthquake|p2a: Glimmora
|-damage|p2a: Glimmora|0 fnt
|-activate|p2a: Glimmora|ability: Toxic Debris
|-sidestart|p1: sandinay18|move: Toxic Spikes
|faint|p2a: Glimmora
|
|upkeep
|
|t:|1743870061
|switch|p2a: Gholdengo|Gholdengo|100/100
|-item|p2a: Gholdengo|Air Balloon
|turn|14
|
|t:|1743870066
|switch|p1a: Gliscor|Gliscor, F, shiny|100/100
|-damage|p1a: Gliscor|88/100|[from] Stealth Rock
|move|p2a: Gholdengo|Shadow Ball|p1a: Gliscor
|-damage|p1a: Gliscor|39/100
|
|-status|p1a: Gliscor|tox|[from] item: Toxic Orb
|upkeep
|turn|15
|
|t:|1743870075
|move|p1a: Gliscor|Dual Wingbeat|p2a: Gholdengo
|-resisted|p2a: Gholdengo
|-damage|p2a: Gholdengo|95/100
|-enditem|p2a: Gholdengo|Air Balloon
|-resisted|p2a: Gholdengo
|-damage|p2a: Gholdengo|89/100
|-hitcount|p2a: Gholdengo|2
|move|p2a: Gholdengo|Nasty Plot|p2a: Gholdengo
|-boost|p2a: Gholdengo|spa|2
|
|-heal|p1a: Gliscor|51/100 tox|[from] ability: Poison Heal
|upkeep
|turn|16
|
|t:|1743870087
|move|p1a: Gliscor|Earthquake|p2a: Gholdengo
|-supereffective|p2a: Gholdengo
|-damage|p2a: Gholdengo|32/100
|move|p2a: Gholdengo|Shadow Ball|p1a: Gliscor
|-crit|p1a: Gliscor
|-damage|p1a: Gliscor|0 fnt
|faint|p1a: Gliscor
|
|upkeep
|
|t:|1743870094
|switch|p1a: Garchomp|Garchomp, F|94/100
|-damage|p1a: Garchomp|88/100|[from] Stealth Rock
|-status|p1a: Garchomp|psn
|turn|17
|
|t:|1743870100
|move|p1a: Garchomp|Earthquake|p2a: Gholdengo
|-supereffective|p2a: Gholdengo
|-damage|p2a: Gholdengo|0 fnt
|faint|p2a: Gholdengo
|
|-damage|p1a: Garchomp|76/100 psn|[from] psn
|upkeep
|
|t:|1743870102
|switch|p2a: Jirachi|Jirachi|100/100
|turn|18
|
|t:|1743870107
|move|p2a: Jirachi|Protect|p2a: Jirachi
|-singleturn|p2a: Jirachi|Protect
|move|p1a: Garchomp|Earthquake|p2a: Jirachi
|-activate|p2a: Jirachi|move: Protect
|
|-damage|p1a: Garchomp|64/100 psn|[from] psn
|upkeep
|turn|19
|
|t:|1743870114
|move|p1a: Garchomp|Earthquake|p2a: Jirachi
|-supereffective|p2a: Jirachi
|-damage|p2a: Jirachi|0 fnt
|faint|p2a: Jirachi
|
|win|sandinay18
|raw|sandinay18's rating: 1303 &rarr; <strong>1325</strong><br />(+22 for winning)
|raw|demondcop's rating: 1333 &rarr; <strong>1311</strong><br />(-22 for losing)
|l|☆demondcop
|player|p2|
|l|☆sandinay18
|player|p1|
