|j|☆DaCarGuy
|j|☆Jimmyscrimmy
|t:|1743878220
|gametype|singles
|player|p1|DaCarGuy|lucas|1262
|player|p2|Jimmyscrimmy|hoopster|1305
|teamsize|p1|6
|teamsize|p2|6
|gen|9
|tier|[Gen 9] OU
|rated|
|rule|HP Percentage Mod: HP is shown in percentages
|rule|Endless Battle Clause: Forcing endless battles is banned
|rule|Species Clause: Limit one of each Pokémon
|rule|OHKO Clause: OHKO moves are banned
|rule|Evasion Items Clause: Evasion items are banned
|rule|Evasion Moves Clause: Evasion moves are banned
|rule|Sleep Moves Clause: Sleep-inducing moves are banned
|clearpoke
|poke|p1|Hydrapple, F|
|poke|p1|Pecharunt|
|poke|p1|Great Tusk|
|poke|p1|Samurott-Hisui, M|
|poke|p1|Moltres|
|poke|p1|Scizor, M|
|poke|p2|Ting-Lu|
|poke|p2|Pecharunt|
|poke|p2|Iron Valiant|
|poke|p2|Garganacl, F|
|poke|p2|Lokix, M|
|poke|p2|Hydrapple, M|
|teampreview
|inactive|Battle timer is ON: inactive players will automatically lose when time's up. (requested by Jimmyscrimmy)
|c|☆Jimmyscrimmy|Gl hf
|c|☆DaCarGuy|glhf2
|
|t:|1743878234
|start
|switch|p1a: Hydrapple|Hydrapple, F|100/100
|switch|p2a: Iron Valiant|Iron Valiant|100/100
|turn|1
|
|t:|1743878241
|switch|p1a: Moltres|Moltres|100/100
|move|p2a: Iron Valiant|Moonblast|p1a: Moltres
|-resisted|p1a: Moltres
|-damage|p1a: Moltres|85/100
|
|upkeep
|turn|2
|
|t:|1743878252
|-end|p2a: Iron Valiant|Quark Drive|[silent]
|switch|p2a: Garganacl|Garganacl, F|100/100
|move|p1a: Moltres|U-turn|p2a: Garganacl
|-damage|p2a: Garganacl|91/100
|
|t:|1743878256
|switch|p1a: Hydrapple|Hydrapple, F|100/100|[from] U-turn
|
|upkeep
|turn|3
|
|t:|1743878264
|move|p1a: Hydrapple|Nasty Plot|p1a: Hydrapple
|-boost|p1a: Hydrapple|spa|2
|move|p2a: Garganacl|Ice Punch|p1a: Hydrapple
|-supereffective|p1a: Hydrapple
|-damage|p1a: Hydrapple|47/100
|
|upkeep
|turn|4
|
|t:|1743878269
|move|p1a: Hydrapple|Giga Drain|p2a: Garganacl
|-supereffective|p2a: Garganacl
|-damage|p2a: Garganacl|0 fnt
|-heal|p1a: Hydrapple|91/100|[from] drain|[of] p2a: Garganacl
|faint|p2a: Garganacl
|
|upkeep
|c|☆Jimmyscrimmy|What the freak
|
|t:|1743878282
|switch|p2a: Iron Valiant|Iron Valiant|100/100
|turn|5
|
|t:|1743878293
|switch|p1a: Moltres|Moltres|85/100
|move|p2a: Iron Valiant|Moonblast|p1a: Moltres
|-resisted|p1a: Moltres
|-crit|p1a: Moltres
|-damage|p1a: Moltres|57/100
|
|upkeep
|turn|6
|
|t:|1743878299
|-end|p2a: Iron Valiant|Quark Drive|[silent]
|switch|p2a: Ting-Lu|Ting-Lu|100/100
|-ability|p2a: Ting-Lu|Vessel of Ruin
|move|p1a: Moltres|Roost|p1a: Moltres
|-heal|p1a: Moltres|100/100
|-singleturn|p1a: Moltres|move: Roost
|
|upkeep
|turn|7
|
|t:|1743878305
|move|p1a: Moltres|Will-O-Wisp|p2a: Ting-Lu
|-status|p2a: Ting-Lu|brn
|move|p2a: Ting-Lu|Spikes|p1a: Moltres
|-sidestart|p1: DaCarGuy|Spikes
|
|-damage|p2a: Ting-Lu|94/100 brn|[from] brn
|upkeep
|turn|8
|
|t:|1743878308
|move|p1a: Moltres|U-turn|p2a: Ting-Lu
|-supereffective|p2a: Ting-Lu
|-damage|p2a: Ting-Lu|77/100 brn
|
|t:|1743878310
|switch|p1a: Great Tusk|Great Tusk|100/100|[from] U-turn
|move|p2a: Ting-Lu|Spikes|p1a: Great Tusk
|-sidestart|p1: DaCarGuy|Spikes
|
|-heal|p2a: Ting-Lu|83/100 brn|[from] item: Leftovers
|-damage|p2a: Ting-Lu|77/100 brn|[from] brn
|upkeep
|turn|9
|
|t:|1743878314
|switch|p2a: Pecharunt|Pecharunt|100/100
|move|p1a: Great Tusk|Stealth Rock|p2a: Pecharunt
|-sidestart|p2: Jimmyscrimmy|move: Stealth Rock
|
|upkeep
|turn|10
|
|t:|1743878329
|-end|p1a: Great Tusk|Protosynthesis|[silent]
|switch|p1a: Pecharunt|Pecharunt|100/100
|move|p2a: Pecharunt|Malignant Chain|p1a: Pecharunt
|-resisted|p1a: Pecharunt
|-crit|p1a: Pecharunt
|-damage|p1a: Pecharunt|88/100
|
|upkeep
|turn|11
|
|t:|1743878337
|move|p2a: Pecharunt|Foul Play|p1a: Pecharunt
|-supereffective|p1a: Pecharunt
|-damage|p1a: Pecharunt|73/100
|move|p1a: Pecharunt|Parting Shot|p2a: Pecharunt
|-unboost|p2a: Pecharunt|atk|1
|-unboost|p2a: Pecharunt|spa|1
|
|t:|1743878343
|switch|p1a: Scizor|Scizor, M|100/100|[from] Parting Shot
|-damage|p1a: Scizor|84/100|[from] Spikes
|
|upkeep
|turn|12
|
|t:|1743878353
|switch|p2a: Iron Valiant|Iron Valiant|100/100
|move|p1a: Scizor|Knock Off|p2a: Iron Valiant
|-resisted|p2a: Iron Valiant
|-damage|p2a: Iron Valiant|85/100
|-enditem|p2a: Iron Valiant|Heavy-Duty Boots|[from] move: Knock Off|[of] p1a: Scizor
|-damage|p1a: Scizor|74/100|[from] item: Life Orb
|
|upkeep
|turn|13
|
|t:|1743878363
|-end|p2a: Iron Valiant|Quark Drive|[silent]
|switch|p2a: Hydrapple|Hydrapple, M|100/100
|move|p1a: Scizor|Bullet Punch|p2a: Hydrapple
|-damage|p2a: Hydrapple|73/100
|-damage|p1a: Scizor|64/100|[from] item: Life Orb
|
|upkeep
|turn|14
|
|t:|1743878368
|move|p1a: Scizor|Knock Off|p2a: Hydrapple
|-damage|p2a: Hydrapple|48/100
|-enditem|p2a: Hydrapple|Heavy-Duty Boots|[from] move: Knock Off|[of] p1a: Scizor
|-damage|p1a: Scizor|54/100|[from] item: Life Orb
|move|p2a: Hydrapple|Earth Power|p1a: Scizor
|-damage|p1a: Scizor|27/100
|
|upkeep
|turn|15
|
|t:|1743878385
|move|p1a: Scizor|Close Combat|p2a: Hydrapple
|-damage|p2a: Hydrapple|17/100
|-unboost|p1a: Scizor|def|1
|-unboost|p1a: Scizor|spd|1
|-damage|p1a: Scizor|17/100|[from] item: Life Orb
|move|p2a: Hydrapple|Earth Power|p1a: Scizor
|-damage|p1a: Scizor|0 fnt
|faint|p1a: Scizor
|
|upkeep
|
|t:|1743878388
|switch|p1a: Samurott|Samurott-Hisui, M|100/100
|-damage|p1a: Samurott|84/100|[from] Spikes
|turn|16
|
|t:|1743878397
|move|p1a: Samurott|Ceaseless Edge|p2a: Hydrapple
|-damage|p2a: Hydrapple|0 fnt
|-sidestart|p2: Jimmyscrimmy|Spikes
|faint|p2a: Hydrapple
|
|upkeep
|
|t:|1743878400
|switch|p2a: Lokix|Lokix, M|100/100
|turn|17
|
|t:|1743878406
|switch|p1a: Moltres|Moltres|100/100
|switch|p2a: Ting-Lu|Ting-Lu|77/100 brn
|-damage|p2a: Ting-Lu|71/100 brn|[from] Stealth Rock
|-damage|p2a: Ting-Lu|58/100 brn|[from] Spikes
|-ability|p2a: Ting-Lu|Vessel of Ruin
|
|-heal|p2a: Ting-Lu|65/100 brn|[from] item: Leftovers
|-damage|p2a: Ting-Lu|58/100 brn|[from] brn
|upkeep
|turn|18
|
|t:|1743878410
|move|p1a: Moltres|U-turn|p2a: Ting-Lu
|-supereffective|p2a: Ting-Lu
|-damage|p2a: Ting-Lu|43/100 brn
|
|t:|1743878413
|switch|p1a: Great Tusk|Great Tusk|100/100|[from] U-turn
|move|p2a: Ting-Lu|Spikes|p1a: Great Tusk
|-sidestart|p1: DaCarGuy|Spikes
|
|-heal|p2a: Ting-Lu|49/100 brn|[from] item: Leftovers
|-damage|p2a: Ting-Lu|43/100 brn|[from] brn
|upkeep
|turn|19
|
|t:|1743878420
|move|p1a: Great Tusk|Headlong Rush|p2a: Ting-Lu
|-damage|p2a: Ting-Lu|9/100 brn
|-unboost|p1a: Great Tusk|def|1
|-unboost|p1a: Great Tusk|spd|1
|move|p2a: Ting-Lu|Ruination|p1a: Great Tusk|[miss]
|-miss|p2a: Ting-Lu|p1a: Great Tusk
|
|-heal|p2a: Ting-Lu|15/100 brn|[from] item: Leftovers
|-damage|p2a: Ting-Lu|9/100 brn|[from] brn
|upkeep
|turn|20
|
|t:|1743878426
|switch|p2a: Pecharunt|Pecharunt|100/100
|move|p1a: Great Tusk|Rapid Spin|p2a: Pecharunt
|-immune|p2a: Pecharunt
|
|upkeep
|turn|21
|
|t:|1743878435
|move|p2a: Pecharunt|Parting Shot|p1a: Great Tusk
|-unboost|p1a: Great Tusk|atk|1
|-unboost|p1a: Great Tusk|spa|1
|
|t:|1743878438
|switch|p2a: Ting-Lu|Ting-Lu|9/100 brn|[from] Parting Shot
|-damage|p2a: Ting-Lu|3/100 brn|[from] Stealth Rock
|-damage|p2a: Ting-Lu|0 fnt|[from] Spikes
|faint|p2a: Ting-Lu
|move|p1a: Great Tusk|Headlong Rush|p2: Ting-Lu|[notarget]
|-fail|p1a: Great Tusk
|
|upkeep
|
|t:|1743878440
|switch|p2a: Pecharunt|Pecharunt|100/100
|turn|22
|
|t:|1743878445
|move|p2a: Pecharunt|Malignant Chain|p1a: Great Tusk
|-resisted|p1a: Great Tusk
|-damage|p1a: Great Tusk|64/100
|-status|p1a: Great Tusk|tox
|-start|p1a: Great Tusk|confusion|[from] ability: Poison Puppeteer|[of] p2a: Pecharunt
|-activate|p1a: Great Tusk|confusion
|move|p1a: Great Tusk|Headlong Rush|p2a: Pecharunt
|-supereffective|p2a: Pecharunt
|-damage|p2a: Pecharunt|53/100
|-unboost|p1a: Great Tusk|def|1
|-unboost|p1a: Great Tusk|spd|1
|
|-damage|p1a: Great Tusk|58/100 tox|[from] psn
|upkeep
|turn|23
|
|t:|1743878455
|-end|p1a: Great Tusk|Protosynthesis|[silent]
|switch|p1a: Samurott|Samurott-Hisui, M|84/100
|-damage|p1a: Samurott|59/100|[from] Spikes
|move|p2a: Pecharunt|Recover|p2a: Pecharunt
|-heal|p2a: Pecharunt|100/100
|
|upkeep
|turn|24
|
|t:|1743878462
|-terastallize|p2a: Pecharunt|Dark
|move|p2a: Pecharunt|Malignant Chain|p1a: Samurott
|-damage|p1a: Samurott|11/100
|move|p1a: Samurott|Knock Off|p2a: Pecharunt
|-resisted|p2a: Pecharunt
|-damage|p2a: Pecharunt|86/100
|-enditem|p2a: Pecharunt|Heavy-Duty Boots|[from] move: Knock Off|[of] p1a: Samurott
|
|upkeep
|turn|25
|
|t:|1743878472
|move|p1a: Samurott|Aqua Jet|p2a: Pecharunt
|-damage|p2a: Pecharunt|75/100
|move|p2a: Pecharunt|Malignant Chain|p1a: Samurott
|-damage|p1a: Samurott|0 fnt
|faint|p1a: Samurott
|
|upkeep
|
|t:|1743878475
|switch|p1a: Hydrapple|Hydrapple, F|100/100
|turn|26
|
|t:|1743878484
|move|p2a: Pecharunt|Malignant Chain|p1a: Hydrapple
|-supereffective|p1a: Hydrapple
|-damage|p1a: Hydrapple|35/100
|move|p1a: Hydrapple|Fickle Beam|p2a: Pecharunt|[anim] Fickle Beam All Out
|-activate|p1a: Hydrapple|move: Fickle Beam
|-damage|p2a: Pecharunt|0 fnt
|faint|p2a: Pecharunt
|
|upkeep
|c|☆Jimmyscrimmy|What the freak
|
|t:|1743878497
|switch|p2a: Lokix|Lokix, M|100/100
|turn|27
|c|☆DaCarGuy|hydrapple gaming
|
|t:|1743878502
|switch|p1a: Great Tusk|Great Tusk|58/100 tox
|move|p2a: Lokix|U-turn|p1a: Great Tusk
|-resisted|p1a: Great Tusk
|-damage|p1a: Great Tusk|35/100 tox
|
|t:|1743878507
|switch|p2a: Iron Valiant|Iron Valiant|85/100|[from] U-turn
|-damage|p2a: Iron Valiant|79/100|[from] Stealth Rock
|-damage|p2a: Iron Valiant|67/100|[from] Spikes
|
|-damage|p1a: Great Tusk|29/100 tox|[from] psn
|upkeep
|turn|28
|
|t:|1743878511
|move|p2a: Iron Valiant|Moonblast|p1a: Great Tusk
|-supereffective|p1a: Great Tusk
|-damage|p1a: Great Tusk|0 fnt
|faint|p1a: Great Tusk
|-end|p1a: Great Tusk|Protosynthesis|[silent]
|
|upkeep
|
|t:|1743878515
|switch|p1a: Moltres|Moltres|100/100
|turn|29
|
|t:|1743878526
|move|p2a: Iron Valiant|Knock Off|p1a: Moltres
|-damage|p1a: Moltres|74/100
|-enditem|p1a: Moltres|Heavy-Duty Boots|[from] move: Knock Off|[of] p2a: Iron Valiant
|move|p1a: Moltres|Flamethrower|p2a: Iron Valiant
|-damage|p2a: Iron Valiant|0 fnt
|faint|p2a: Iron Valiant
|-end|p2a: Iron Valiant|Quark Drive|[silent]
|
|upkeep
|-message|Jimmyscrimmy forfeited.
|
|win|DaCarGuy
|raw|DaCarGuy's rating: 1262 &rarr; <strong>1290</strong><br />(+28 for winning)
|raw|Jimmyscrimmy's rating: 1305 &rarr; <strong>1283</strong><br />(-22 for losing)
|l|☆Jimmyscrimmy
|player|p2|
