|j|☆TobiasAlonso
|j|☆Aaron MA
|t:|1743812055
|gametype|singles
|player|p1|TobiasAlonso|policeman-gen4|1383
|player|p2|Aaron MA|266|1439
|teamsize|p1|6
|teamsize|p2|6
|gen|9
|tier|[Gen 9] OU
|rated|
|rule|HP Percentage Mod: HP is shown in percentages
|rule|Endless Battle Clause: Forcing endless battles is banned
|rule|Species Clause: Limit one of each Pokémon
|rule|OHKO Clause: OHKO moves are banned
|rule|Evasion Items Clause: Evasion items are banned
|rule|Evasion Moves Clause: Evasion moves are banned
|rule|Sleep Moves Clause: Sleep-inducing moves are banned
|clearpoke
|poke|p1|Polteageist-Antique|
|poke|p1|Minior-Indigo|
|poke|p1|Cloyster, M|
|poke|p1|Cinderace, M|
|poke|p1|Torterra, F|
|poke|p1|Indeedee, M|
|poke|p2|Ogerpon-Wellspring, F|
|poke|p2|Slowking-Galar, M|
|poke|p2|Great Tusk|
|poke|p2|Kyurem|
|poke|p2|Gliscor, F|
|poke|p2|Meowscarada, F|
|teampreview
|
|t:|1743812062
|start
|switch|p1a: Minior|Minior-Indigo|100/100
|switch|p2a: Meowscarada|Meowscarada, F|100/100
|-formechange|p1a: Minior|Minior-Meteor||[from] ability: Shields Down
|turn|1
|
|t:|1743812070
|move|p2a: Meowscarada|Triple Axel|p1a: Minior
|-start|p2a: Meowscarada|typechange|Ice|[from] ability: Protean
|-supereffective|p1a: Minior
|-damage|p1a: Minior|72/100
|-supereffective|p1a: Minior
|-damage|p1a: Minior|19/100
|-supereffective|p1a: Minior
|-damage|p1a: Minior|0 fnt
|faint|p1a: Minior
|-hitcount|p1: Minior|3
|
|upkeep
|
|t:|1743812076
|switch|p1a: Cloyster|Cloyster, M|100/100
|turn|2
|
|t:|1743812100
|switch|p2a: Slowking|Slowking-Galar, M|100/100
|move|p1a: Cloyster|Shell Smash|p1a: Cloyster
|-unboost|p1a: Cloyster|def|1
|-unboost|p1a: Cloyster|spd|1
|-boost|p1a: Cloyster|atk|2
|-boost|p1a: Cloyster|spa|2
|-boost|p1a: Cloyster|spe|2
|
|upkeep
|turn|3
|
|t:|1743812112
|-terastallize|p1a: Cloyster|Ground
|move|p1a: Cloyster|Drill Run|p2a: Slowking
|-supereffective|p2a: Slowking
|-damage|p2a: Slowking|0 fnt
|faint|p2a: Slowking
|
|upkeep
|
|t:|1743812130
|switch|p2a: Gliscor|Gliscor, F|100/100
|turn|4
|
|t:|1743812134
|move|p2a: Gliscor|Protect|p2a: Gliscor
|-singleturn|p2a: Gliscor|Protect
|move|p1a: Cloyster|Icicle Spear|p2a: Gliscor
|-activate|p2a: Gliscor|move: Protect
|
|-status|p2a: Gliscor|tox|[from] item: Toxic Orb
|upkeep
|turn|5
|
|t:|1743812144
|-terastallize|p2a: Gliscor|Water
|move|p1a: Cloyster|Icicle Spear|p2a: Gliscor
|-resisted|p2a: Gliscor
|-damage|p2a: Gliscor|94/100 tox
|-resisted|p2a: Gliscor
|-damage|p2a: Gliscor|88/100 tox
|-resisted|p2a: Gliscor
|-damage|p2a: Gliscor|81/100 tox
|-resisted|p2a: Gliscor
|-damage|p2a: Gliscor|74/100 tox
|-resisted|p2a: Gliscor
|-damage|p2a: Gliscor|68/100 tox
|-hitcount|p2a: Gliscor|5
|move|p2a: Gliscor|Toxic|p1a: Cloyster
|-status|p1a: Cloyster|tox
|
|-damage|p1a: Cloyster|94/100 tox|[from] psn
|-heal|p2a: Gliscor|80/100 tox|[from] ability: Poison Heal
|upkeep
|turn|6
|
|t:|1743812162
|move|p1a: Cloyster|Shell Smash|p1a: Cloyster
|-unboost|p1a: Cloyster|def|1
|-unboost|p1a: Cloyster|spd|1
|-boost|p1a: Cloyster|atk|2
|-boost|p1a: Cloyster|spa|2
|-boost|p1a: Cloyster|spe|2
|move|p2a: Gliscor|Earthquake|p1a: Cloyster
|-damage|p1a: Cloyster|40/100 tox
|
|-damage|p1a: Cloyster|28/100 tox|[from] psn
|-heal|p2a: Gliscor|93/100 tox|[from] ability: Poison Heal
|upkeep
|turn|7
|
|t:|1743812174
|move|p2a: Gliscor|Protect|p2a: Gliscor
|-singleturn|p2a: Gliscor|Protect
|move|p1a: Cloyster|Shell Smash|p1a: Cloyster
|-unboost|p1a: Cloyster|def|1
|-unboost|p1a: Cloyster|spd|1
|-boost|p1a: Cloyster|atk|2
|-boost|p1a: Cloyster|spa|2
|-boost|p1a: Cloyster|spe|2
|
|-damage|p1a: Cloyster|9/100 tox|[from] psn
|-heal|p2a: Gliscor|100/100 tox|[from] ability: Poison Heal
|upkeep
|turn|8
|
|t:|1743812185
|move|p2a: Gliscor|Protect||[still]
|-fail|p2a: Gliscor
|move|p1a: Cloyster|Drill Run|p2a: Gliscor
|-damage|p2a: Gliscor|14/100 tox
|
|-damage|p1a: Cloyster|0 fnt|[from] psn
|faint|p1a: Cloyster
|-heal|p2a: Gliscor|26/100 tox|[from] ability: Poison Heal
|upkeep
|
|t:|1743812197
|switch|p1a: Indeedee|Indeedee, M|100/100
|-fieldstart|move: Psychic Terrain|[from] ability: Psychic Surge|[of] p1a: Indeedee
|turn|9
|
|t:|1743812201
|move|p2a: Gliscor|Protect|p2a: Gliscor
|-singleturn|p2a: Gliscor|Protect
|move|p1a: Indeedee|Dazzling Gleam|p2a: Gliscor
|-activate|p2a: Gliscor|move: Protect
|
|-heal|p2a: Gliscor|39/100 tox|[from] ability: Poison Heal
|upkeep
|turn|10
|
|t:|1743812215
|switch|p2a: Ogerpon|Ogerpon-Wellspring, F|100/100
|move|p1a: Indeedee|Dazzling Gleam|p2a: Ogerpon
|-damage|p2a: Ogerpon|68/100
|
|upkeep
|turn|11
|
|t:|1743812224
|switch|p1a: Cinderace|Cinderace, M|100/100
|move|p2a: Ogerpon|Ivy Cudgel|p1a: Cinderace|[anim] Ivy Cudgel Water
|-supereffective|p1a: Cinderace
|-damage|p1a: Cinderace|0 fnt
|faint|p1a: Cinderace
|
|upkeep
|
|t:|1743812230
|switch|p1a: Polteageist|Polteageist-Antique|100/100
|turn|12
|
|t:|1743812245
|switch|p2a: Meowscarada|Meowscarada, F|100/100
|move|p1a: Polteageist|Shell Smash|p1a: Polteageist
|-unboost|p1a: Polteageist|def|1
|-unboost|p1a: Polteageist|spd|1
|-boost|p1a: Polteageist|atk|2
|-boost|p1a: Polteageist|spa|2
|-boost|p1a: Polteageist|spe|2
|
|upkeep
|turn|13
|
|t:|1743812254
|move|p2a: Meowscarada|Knock Off|p1a: Polteageist
|-start|p2a: Meowscarada|typechange|Dark|[from] ability: Protean
|-supereffective|p1a: Polteageist
|-crit|p1a: Polteageist
|-enditem|p1a: Polteageist|Focus Sash
|-damage|p1a: Polteageist|1/100
|-ability|p1a: Polteageist|Weak Armor|boost
|-unboost|p1a: Polteageist|def|1
|-boost|p1a: Polteageist|spe|2
|move|p1a: Polteageist|Tera Blast|p2a: Meowscarada
|-damage|p2a: Meowscarada|12/100
|
|-fieldend|move: Psychic Terrain
|upkeep
|turn|14
|
|t:|1743812269
|move|p1a: Polteageist|Tera Blast|p2a: Meowscarada
|-damage|p2a: Meowscarada|0 fnt
|faint|p2a: Meowscarada
|
|upkeep
|
|t:|1743812276
|switch|p2a: Kyurem|Kyurem|100/100
|-ability|p2a: Kyurem|Pressure
|turn|15
|
|t:|1743812281
|move|p1a: Polteageist|Stored Power|p2a: Kyurem
|-damage|p2a: Kyurem|0 fnt
|faint|p2a: Kyurem
|
|upkeep
|
|t:|1743812290
|switch|p2a: Ogerpon|Ogerpon-Wellspring, F|68/100
|turn|16
|
|t:|1743812299
|move|p1a: Polteageist|Stored Power|p2a: Ogerpon
|-damage|p2a: Ogerpon|0 fnt
|faint|p2a: Ogerpon
|
|upkeep
|
|t:|1743812304
|switch|p2a: Gliscor|Gliscor, F, tera:Water|39/100 tox
|turn|17
|
|t:|1743812308
|move|p1a: Polteageist|Stored Power|p2a: Gliscor
|-crit|p2a: Gliscor
|-damage|p2a: Gliscor|0 fnt
|faint|p2a: Gliscor
|
|upkeep
|
|t:|1743812313
|switch|p2a: Great Tusk|Great Tusk|100/100
|turn|18
|
|t:|1743812318
|move|p1a: Polteageist|Stored Power|p2a: Great Tusk
|-supereffective|p2a: Great Tusk
|-damage|p2a: Great Tusk|0 fnt
|faint|p2a: Great Tusk
|-end|p2a: Great Tusk|Protosynthesis|[silent]
|
|win|TobiasAlonso
|raw|TobiasAlonso's rating: 1383 &rarr; <strong>1406</strong><br />(+23 for winning)
|raw|Aaron MA's rating: 1439 &rarr; <strong>1416</strong><br />(-23 for losing)
|l|☆Aaron MA
|player|p2|
|l|☆TobiasAlonso
|player|p1|
