|j|☆NutMllk
|j|☆Bachira_Z
|t:|1743799614
|gametype|singles
|player|p1|NutMllk|brock|1170
|player|p2|Bachira_Z|170|1164
|teamsize|p1|6
|teamsize|p2|6
|gen|9
|tier|[Gen 9] OU
|rated|
|rule|HP Percentage Mod: HP is shown in percentages
|rule|Endless Battle Clause: Forcing endless battles is banned
|rule|Species Clause: Limit one of each Pokémon
|rule|OHKO Clause: OHKO moves are banned
|rule|Evasion Items Clause: Evasion items are banned
|rule|Evasion Moves Clause: Evasion moves are banned
|rule|Sleep Moves Clause: Sleep-inducing moves are banned
|clearpoke
|poke|p1|Squawkabilly, F|
|poke|p1|Blissey, F|
|poke|p1|Gliscor, F|
|poke|p1|Araquanid, M|
|poke|p1|Corviknight, F|
|poke|p1|Brambleghast, F|
|poke|p2|Rotom-Wash|
|poke|p2|Heatran, M|
|poke|p2|Weavile, M|
|poke|p2|Corviknight, F|
|poke|p2|Dragapult, M|
|poke|p2|Rillaboom, M|
|teampreview
|
|t:|1743799622
|start
|switch|p1a: THAT|Araquanid, M|100/100
|switch|p2a: Heatran|Heatran, M|100/100
|turn|1
|
|t:|1743799634
|move|p2a: Heatran|Stealth Rock|p1a: THAT
|-sidestart|p1: NutMllk|move: Stealth Rock
|move|p1a: THAT|Sticky Web|p2a: Heatran
|-sidestart|p2: Bachira_Z|move: Sticky Web
|
|upkeep
|turn|2
|
|t:|1743799639
|move|p2a: Heatran|Stealth Rock||[still]
|-fail|p2a: Heatran
|move|p1a: THAT|Infestation|p2a: Heatran
|-resisted|p2a: Heatran
|-damage|p2a: Heatran|99/100
|-activate|p2a: Heatran|move: Infestation|[of] p1a: THAT
|
|-heal|p2a: Heatran|100/100|[from] item: Leftovers
|-damage|p2a: Heatran|88/100|[from] move: Infestation|[partiallytrapped]
|upkeep
|turn|3
|
|t:|1743799649
|move|p2a: Heatran|Stealth Rock||[still]
|-fail|p2a: Heatran
|move|p1a: THAT|Surf|p2a: Heatran
|-supereffective|p2a: Heatran
|-damage|p2a: Heatran|69/100
|
|-heal|p2a: Heatran|75/100|[from] item: Leftovers
|-damage|p2a: Heatran|63/100|[from] move: Infestation|[partiallytrapped]
|upkeep
|turn|4
|
|t:|1743799655
|move|p2a: Heatran|Lava Plume|p1a: THAT
|-damage|p1a: THAT|72/100
|move|p1a: THAT|Surf|p2a: Heatran
|-supereffective|p2a: Heatran
|-damage|p2a: Heatran|41/100
|
|-heal|p2a: Heatran|47/100|[from] item: Leftovers
|-damage|p2a: Heatran|35/100|[from] move: Infestation|[partiallytrapped]
|upkeep
|turn|5
|
|t:|1743799670
|move|p2a: Heatran|Lava Plume|p1a: THAT
|-damage|p1a: THAT|43/100
|move|p1a: THAT|Surf|p2a: Heatran
|-supereffective|p2a: Heatran
|-damage|p2a: Heatran|14/100
|
|-heal|p2a: Heatran|21/100|[from] item: Leftovers
|-damage|p2a: Heatran|8/100|[from] move: Infestation|[partiallytrapped]
|upkeep
|turn|6
|
|t:|1743799679
|move|p2a: Heatran|Lava Plume|p1a: THAT
|-crit|p1a: THAT
|-damage|p1a: THAT|4/100
|move|p1a: THAT|Surf|p2a: Heatran
|-supereffective|p2a: Heatran
|-damage|p2a: Heatran|0 fnt
|faint|p2a: Heatran
|
|upkeep
|
|t:|1743799683
|switch|p2a: Weavile|Weavile, M|100/100
|-ability|p2a: Weavile|Pressure
|turn|7
|
|t:|1743799686
|move|p2a: Weavile|Ice Shard|p1a: THAT
|-resisted|p1a: THAT
|-damage|p1a: THAT|0 fnt
|faint|p1a: THAT
|
|upkeep
|
|t:|1743799699
|switch|p1a: THANG|Corviknight, F|100/100
|-damage|p1a: THANG|88/100|[from] Stealth Rock
|-ability|p1a: THANG|Pressure
|turn|8
|
|t:|1743799706
|switch|p2a: Rotom|Rotom-Wash|100/100
|move|p1a: THANG|Tailwind|p1a: THANG
|-sidestart|p1: NutMllk|move: Tailwind
|
|upkeep
|turn|9
|
|t:|1743799714
|move|p2a: Rotom|Volt Switch|p1a: THANG
|-supereffective|p1a: THANG
|-damage|p1a: THANG|42/100
|
|t:|1743799717
|switch|p2a: Dragapult|Dragapult, M|100/100|[from] Volt Switch
|-activate|p2a: Dragapult|move: Sticky Web
|-unboost|p2a: Dragapult|spe|1
|move|p1a: THANG|U-turn|p2a: Dragapult
|-resisted|p2a: Dragapult
|-damage|p2a: Dragapult|91/100
|
|t:|1743799752
|switch|p1a: SQUAWK TUAH!!!|Squawkabilly, F, shiny|100/100|[from] U-turn
|-damage|p1a: SQUAWK TUAH!!!|76/100|[from] Stealth Rock
|
|-status|p1a: SQUAWK TUAH!!!|brn|[from] item: Flame Orb
|upkeep
|turn|10
|
|t:|1743799768
|move|p1a: SQUAWK TUAH!!!|Lash Out|p2a: Dragapult
|-supereffective|p2a: Dragapult
|-damage|p2a: Dragapult|0 fnt
|faint|p2a: Dragapult
|
|-damage|p1a: SQUAWK TUAH!!!|69/100 brn|[from] brn
|upkeep
|
|t:|1743799795
|switch|p2a: Weavile|Weavile, M|100/100
|-ability|p2a: Weavile|Pressure
|turn|11
|
|t:|1743799815
|switch|p1a: THANG|Corviknight, F|42/100
|-damage|p1a: THANG|30/100|[from] Stealth Rock
|-ability|p1a: THANG|Pressure
|move|p2a: Weavile|Swords Dance|p2a: Weavile
|-boost|p2a: Weavile|atk|2
|
|-sideend|p1: NutMllk|move: Tailwind
|upkeep
|turn|12
|
|t:|1743799830
|move|p2a: Weavile|Knock Off|p1a: THANG
|-damage|p1a: THANG|0 fnt
|-enditem|p1a: THANG|Lagging Tail|[from] move: Knock Off|[of] p2a: Weavile
|faint|p1a: THANG
|
|upkeep
|
|t:|1743799867
|switch|p1a: SEMISTALL|Blissey, F|100/100
|-damage|p1a: SEMISTALL|88/100|[from] Stealth Rock
|turn|13
|
|t:|1743799873
|move|p2a: Weavile|Swords Dance|p2a: Weavile
|-boost|p2a: Weavile|atk|2
|move|p1a: SEMISTALL|Body Slam|p2a: Weavile
|-crit|p2a: Weavile
|-damage|p2a: Weavile|85/100
|-status|p2a: Weavile|par
|
|upkeep
|turn|14
|
|t:|1743799877
|move|p2a: Weavile|Knock Off|p1a: SEMISTALL
|-damage|p1a: SEMISTALL|0 fnt
|-damage|p2a: Weavile|69/100 par|[from] item: Rocky Helmet|[of] p1a: SEMISTALL
|-enditem|p1a: SEMISTALL|Rocky Helmet|[from] move: Knock Off|[of] p2a: Weavile
|faint|p1a: SEMISTALL
|
|upkeep
|
|t:|1743799884
|switch|p1a: !!!!!!!|Brambleghast, F|100/100
|-damage|p1a: !!!!!!!|88/100|[from] Stealth Rock
|turn|15
|
|t:|1743799888
|move|p1a: !!!!!!!|Rapid Spin|p2a: Weavile
|-damage|p2a: Weavile|38/100 par
|-boost|p1a: !!!!!!!|spe|1
|-sideend|p1: NutMllk|Stealth Rock|[from] move: Rapid Spin|[of] p1a: !!!!!!!
|-damage|p1a: !!!!!!!|78/100|[from] item: Life Orb
|move|p2a: Weavile|Icicle Crash|p1a: !!!!!!!
|-supereffective|p1a: !!!!!!!
|-damage|p1a: !!!!!!!|0 fnt
|faint|p1a: !!!!!!!
|
|upkeep
|
|t:|1743799892
|switch|p1a: SQUAWK TUAH!!!|Squawkabilly, F, shiny|69/100 brn
|turn|16
|
|t:|1743799895
|move|p1a: SQUAWK TUAH!!!|Quick Attack|p2a: Weavile
|-damage|p2a: Weavile|0 fnt
|faint|p2a: Weavile
|
|-damage|p1a: SQUAWK TUAH!!!|63/100 brn|[from] brn
|upkeep
|
|t:|1743799904
|switch|p2a: Rotom|Rotom-Wash|100/100
|turn|17
|
|t:|1743799916
|switch|p1a: ON|Gliscor, F|100/100
|move|p2a: Rotom|Volt Switch|p1a: ON
|-immune|p1a: ON
|
|-status|p1a: ON|tox|[from] item: Toxic Orb
|upkeep
|turn|18
|
|t:|1743799937
|move|p1a: ON|Tailwind|p1a: ON
|-sidestart|p1: NutMllk|move: Tailwind
|move|p2a: Rotom|Hydro Pump|p1a: ON
|-supereffective|p1a: ON
|-damage|p1a: ON|4/100 tox
|
|-heal|p1a: ON|17/100 tox|[from] ability: Poison Heal
|upkeep
|turn|19
|
|t:|1743799947
|move|p1a: ON|Stealth Rock|p2a: Rotom
|-sidestart|p2: Bachira_Z|move: Stealth Rock
|move|p2a: Rotom|Hydro Pump|p1a: ON
|-supereffective|p1a: ON
|-damage|p1a: ON|0 fnt
|faint|p1a: ON
|
|upkeep
|
|t:|1743799951
|switch|p1a: SQUAWK TUAH!!!|Squawkabilly, F, shiny|63/100 brn
|turn|20
|
|t:|1743799959
|-terastallize|p1a: SQUAWK TUAH!!!|Normal
|move|p1a: SQUAWK TUAH!!!|Facade|p2a: Rotom
|-damage|p2a: Rotom|0 fnt
|faint|p2a: Rotom
|
|-damage|p1a: SQUAWK TUAH!!!|57/100 brn|[from] brn
|upkeep
|
|t:|1743799964
|switch|p2a: Rillaboom|Rillaboom, M|100/100
|-activate|p2a: Rillaboom|move: Sticky Web
|-unboost|p2a: Rillaboom|spe|1
|-damage|p2a: Rillaboom|88/100|[from] Stealth Rock
|-fieldstart|move: Grassy Terrain|[from] ability: Grassy Surge|[of] p2a: Rillaboom
|turn|21
|
|t:|1743799972
|-terastallize|p2a: Rillaboom|Grass
|move|p1a: SQUAWK TUAH!!!|Facade|p2a: Rillaboom
|-damage|p2a: Rillaboom|0 fnt
|faint|p2a: Rillaboom
|
|-heal|p1a: SQUAWK TUAH!!!|63/100 brn|[from] Grassy Terrain
|-damage|p1a: SQUAWK TUAH!!!|57/100 brn|[from] brn
|-sideend|p1: NutMllk|move: Tailwind
|upkeep
|
|t:|1743799979
|switch|p2a: Corviknight|Corviknight, F|100/100
|-damage|p2a: Corviknight|88/100|[from] Stealth Rock
|-ability|p2a: Corviknight|Pressure
|turn|22
|
|t:|1743799984
|move|p1a: SQUAWK TUAH!!!|Facade|p2a: Corviknight
|-resisted|p2a: Corviknight
|-damage|p2a: Corviknight|46/100
|move|p2a: Corviknight|Body Press|p1a: SQUAWK TUAH!!!
|-supereffective|p1a: SQUAWK TUAH!!!
|-damage|p1a: SQUAWK TUAH!!!|0 fnt
|faint|p1a: SQUAWK TUAH!!!
|
|win|Bachira_Z
|raw|NutMllk's rating: 1170 &rarr; <strong>1145</strong><br />(-25 for losing)
|raw|Bachira_Z's rating: 1164 &rarr; <strong>1189</strong><br />(+25 for winning)
|l|☆NutMllk
|player|p1|
|l|☆Bachira_Z
|player|p2|
