|j|☆mingkuo
|j|☆u.lose.i.win8374
|t:|1743915999
|gametype|singles
|player|p1|mingkuo|cheryl|1137
|player|p2|u.lose.i.win8374|1|1099
|teamsize|p1|6
|teamsize|p2|6
|gen|9
|tier|[Gen 9] OU
|rated|
|rule|HP Percentage Mod: HP is shown in percentages
|rule|Endless Battle Clause: Forcing endless battles is banned
|rule|Species Clause: Limit one of each Pokémon
|rule|OHKO Clause: OHKO moves are banned
|rule|Evasion Items Clause: Evasion items are banned
|rule|Evasion Moves Clause: Evasion moves are banned
|rule|Sleep Moves Clause: Sleep-inducing moves are banned
|clearpoke
|poke|p1|Torkoal, M|
|poke|p1|Walking Wake|
|poke|p1|Blaziken, F|
|poke|p1|Serperior, F|
|poke|p1|Kingambit, M|
|poke|p1|Dragapult, F|
|poke|p2|Zarude|
|poke|p2|Hitmontop, M|
|poke|p2|Blaziken, F|
|poke|p2|Espeon, M|
|poke|p2|Kommo-o, M|
|poke|p2|Grimmsnarl, M|
|teampreview
|inactive|Battle timer is ON: inactive players will automatically lose when time's up. (requested by u.lose.i.win8374)
|inactive|mingkuo also wants the timer to be on.
|
|t:|1743916014
|start
|switch|p1a: Torkoal|Torkoal, M|100/100
|switch|p2a: Krillin|Hitmontop, M|100/100
|-weather|SunnyDay|[from] ability: Drought|[of] p1a: Torkoal
|turn|1
|
|t:|1743916028
|move|p2a: Krillin|Rapid Spin|p1a: Torkoal
|-damage|p1a: Torkoal|88/100
|-boost|p2a: Krillin|spe|1
|move|p1a: Torkoal|Stealth Rock|p2a: Krillin
|-sidestart|p2: u.lose.i.win8374|move: Stealth Rock
|
|-weather|SunnyDay|[upkeep]
|upkeep
|turn|2
|
|t:|1743916032
|move|p2a: Krillin|Rapid Spin|p1a: Torkoal
|-crit|p1a: Torkoal
|-damage|p1a: Torkoal|68/100
|-boost|p2a: Krillin|spe|1
|-sideend|p2: u.lose.i.win8374|Stealth Rock|[from] move: Rapid Spin|[of] p2a: Krillin
|move|p1a: Torkoal|Will-O-Wisp|p2a: Krillin|[miss]
|-miss|p1a: Torkoal|p2a: Krillin
|
|-weather|SunnyDay|[upkeep]
|upkeep
|turn|3
|
|t:|1743916037
|switch|p2a: Fuh yo hazards|Espeon, M|100/100
|move|p1a: Torkoal|Will-O-Wisp|p2a: Fuh yo hazards
|move|p2a: Fuh yo hazards|Will-O-Wisp|p1a: Torkoal|[from] ability: Magic Bounce
|-immune|p1a: Torkoal
|
|-weather|SunnyDay|[upkeep]
|upkeep
|turn|4
|
|t:|1743916044
|move|p2a: Fuh yo hazards|Trick|p1a: Torkoal
|-activate|p2a: Fuh yo hazards|move: Trick|[of] p1a: Torkoal
|-item|p1a: Torkoal|Choice Scarf|[from] move: Trick
|-item|p2a: Fuh yo hazards|Heat Rock|[from] move: Trick
|move|p1a: Torkoal|Body Press|p2a: Fuh yo hazards
|-resisted|p2a: Fuh yo hazards
|-damage|p2a: Fuh yo hazards|67/100
|
|-weather|SunnyDay|[upkeep]
|upkeep
|turn|5
|
|t:|1743916049
|move|p2a: Fuh yo hazards|Thunder Wave|p1a: Torkoal
|-status|p1a: Torkoal|par
|move|p1a: Torkoal|Body Press|p2a: Fuh yo hazards
|-resisted|p2a: Fuh yo hazards
|-damage|p2a: Fuh yo hazards|34/100
|
|-weather|SunnyDay|[upkeep]
|upkeep
|turn|6
|
|t:|1743916054
|move|p2a: Fuh yo hazards|Mud-Slap|p1a: Torkoal
|-supereffective|p1a: Torkoal
|-damage|p1a: Torkoal|49/100 par
|-unboost|p1a: Torkoal|accuracy|1
|cant|p1a: Torkoal|par
|
|-weather|SunnyDay|[upkeep]
|upkeep
|turn|7
|
|t:|1743916061
|move|p2a: Fuh yo hazards|Mud-Slap|p1a: Torkoal
|-supereffective|p1a: Torkoal
|-damage|p1a: Torkoal|30/100 par
|-unboost|p1a: Torkoal|accuracy|1
|move|p1a: Torkoal|Body Press|p2a: Fuh yo hazards
|-resisted|p2a: Fuh yo hazards
|-damage|p2a: Fuh yo hazards|2/100
|
|-weather|SunnyDay|[upkeep]
|upkeep
|turn|8
|
|t:|1743916068
|move|p2a: Fuh yo hazards|Mud-Slap|p1a: Torkoal
|-supereffective|p1a: Torkoal
|-damage|p1a: Torkoal|11/100 par
|-unboost|p1a: Torkoal|accuracy|1
|cant|p1a: Torkoal|par
|
|-weather|none
|upkeep
|turn|9
|
|t:|1743916075
|switch|p1a: Kingambit|Kingambit, M|100/100
|move|p2a: Fuh yo hazards|Mud-Slap|p1a: Kingambit
|-supereffective|p1a: Kingambit
|-damage|p1a: Kingambit|88/100
|-unboost|p1a: Kingambit|accuracy|1
|
|upkeep
|turn|10
|
|t:|1743916082
|-end|p1a: Kingambit|fallenundefined|[silent]
|switch|p1a: Torkoal|Torkoal, M|11/100 par
|-weather|SunnyDay|[from] ability: Drought|[of] p1a: Torkoal
|move|p2a: Fuh yo hazards|Thunder Wave|p1a: Torkoal
|-fail|p1a: Torkoal|par
|
|-weather|SunnyDay|[upkeep]
|upkeep
|turn|11
|
|t:|1743916086
|move|p2a: Fuh yo hazards|Mud-Slap|p1a: Torkoal
|-supereffective|p1a: Torkoal
|-damage|p1a: Torkoal|0 fnt
|faint|p1a: Torkoal
|
|-weather|SunnyDay|[upkeep]
|upkeep
|
|t:|1743916089
|switch|p1a: Walking Wake|Walking Wake|100/100
|-activate|p1a: Walking Wake|ability: Protosynthesis
|-start|p1a: Walking Wake|protosynthesisspe
|turn|12
|
|t:|1743916094
|-terastallize|p1a: Walking Wake|Water
|move|p1a: Walking Wake|Hydro Steam|p2a: Fuh yo hazards
|-damage|p2a: Fuh yo hazards|0 fnt
|faint|p2a: Fuh yo hazards
|
|-weather|SunnyDay|[upkeep]
|upkeep
|
|t:|1743916100
|switch|p2a: Piccolo|Grimmsnarl, M|100/100
|turn|13
|inactive|mingkuo has 120 seconds left.
|
|t:|1743916140
|move|p2a: Piccolo|Light Screen|p2a: Piccolo
|-sidestart|p2: u.lose.i.win8374|move: Light Screen
|move|p1a: Walking Wake|Hydro Steam|p2a: Piccolo
|-damage|p2a: Piccolo|53/100
|
|-weather|SunnyDay|[upkeep]
|upkeep
|turn|14
|
|t:|1743916147
|move|p2a: Piccolo|Light Screen||[still]
|-fail|p2a: Piccolo
|move|p1a: Walking Wake|Hydro Steam|p2a: Piccolo
|-damage|p2a: Piccolo|7/100
|
|-weather|none
|-end|p1a: Walking Wake|Protosynthesis
|upkeep
|turn|15
|
|t:|1743916151
|move|p1a: Walking Wake|Hydro Steam|p2a: Piccolo
|-damage|p2a: Piccolo|0 fnt
|faint|p2a: Piccolo
|
|upkeep
|
|t:|1743916154
|switch|p2a: Krillin|Hitmontop, M|100/100
|turn|16
|
|t:|1743916159
|move|p1a: Walking Wake|Hydro Steam|p2a: Krillin
|-damage|p2a: Krillin|54/100
|move|p2a: Krillin|Triple Kick|p1a: Walking Wake
|-damage|p1a: Walking Wake|92/100
|-damage|p1a: Walking Wake|76/100
|-damage|p1a: Walking Wake|52/100
|-hitcount|p1a: Walking Wake|3
|
|upkeep
|turn|17
|
|t:|1743916172
|-end|p1a: Walking Wake|Protosynthesis|[silent]
|switch|p1a: Dragapult|Dragapult, F|100/100
|move|p2a: Krillin|Triple Kick|p1a: Dragapult
|-immune|p1a: Dragapult
|
|upkeep
|turn|18
|
|t:|1743916174
|move|p1a: Dragapult|Dragon Darts|p2a: Krillin
|-damage|p2a: Krillin|19/100
|-anim|p1a: Dragapult|Dragon Darts|p2a: Krillin
|-damage|p2a: Krillin|0 fnt
|faint|p2a: Krillin
|
|upkeep
|
|t:|1743916180
|switch|p2a: Say his words!!!!|Zarude|100/100
|turn|19
|inactive|mingkuo has 120 seconds left.
|
|t:|1743916219
|move|p1a: Dragapult|Dragon Darts|p2a: Say his words!!!!
|-damage|p2a: Say his words!!!!|81/100
|-anim|p1a: Dragapult|Dragon Darts|p2a: Say his words!!!!
|-crit|p2a: Say his words!!!!
|-damage|p2a: Say his words!!!!|50/100
|move|p2a: Say his words!!!!|Trailblaze|p1a: Dragapult
|-resisted|p1a: Dragapult
|-damage|p1a: Dragapult|87/100
|-boost|p2a: Say his words!!!!|spe|1
|
|upkeep
|turn|20
|inactive|mingkuo has 120 seconds left.
|
|t:|1743916244
|switch|p1a: Kingambit|Kingambit, M|88/100
|-activate|p1a: Kingambit|ability: Supreme Overlord
|-start|p1a: Kingambit|fallen1|[silent]
|move|p2a: Say his words!!!!|Trailblaze|p1a: Kingambit
|-resisted|p1a: Kingambit
|-damage|p1a: Kingambit|80/100
|-boost|p2a: Say his words!!!!|spe|1
|
|-sideend|p2: u.lose.i.win8374|move: Light Screen
|upkeep
|turn|21
|inactive|mingkuo has 120 seconds left.
|
|t:|1743916260
|move|p2a: Say his words!!!!|Jungle Healing|p2a: Say his words!!!!
|-heal|p2a: Say his words!!!!|74/100
|move|p1a: Kingambit|Kowtow Cleave|p2a: Say his words!!!!
|-resisted|p2a: Say his words!!!!
|-damage|p2a: Say his words!!!!|46/100
|
|upkeep
|turn|22
|
|t:|1743916270
|move|p2a: Say his words!!!!|Bulk Up|p2a: Say his words!!!!
|-boost|p2a: Say his words!!!!|atk|1
|-boost|p2a: Say his words!!!!|def|1
|move|p1a: Kingambit|Swords Dance|p1a: Kingambit
|-boost|p1a: Kingambit|atk|2
|
|upkeep
|turn|23
|
|t:|1743916275
|move|p2a: Say his words!!!!|Knock Off|p1a: Kingambit
|-resisted|p1a: Kingambit
|-damage|p1a: Kingambit|59/100
|-enditem|p1a: Kingambit|Black Glasses|[from] move: Knock Off|[of] p2a: Say his words!!!!
|move|p1a: Kingambit|Kowtow Cleave|p2a: Say his words!!!!
|-resisted|p2a: Say his words!!!!
|-damage|p2a: Say his words!!!!|17/100
|
|upkeep
|turn|24
|
|t:|1743916281
|move|p2a: Say his words!!!!|Trailblaze|p1a: Kingambit
|-resisted|p1a: Kingambit
|-damage|p1a: Kingambit|49/100
|-boost|p2a: Say his words!!!!|spe|1
|move|p1a: Kingambit|Kowtow Cleave|p2a: Say his words!!!!
|-resisted|p2a: Say his words!!!!
|-damage|p2a: Say his words!!!!|0 fnt
|faint|p2a: Say his words!!!!
|
|upkeep
|
|t:|1743916287
|switch|p2a: Goku|Blaziken, F|100/100
|-item|p2a: Goku|Air Balloon
|turn|25
|inactive|mingkuo has 120 seconds left.
|
|t:|1743916340
|move|p1a: Kingambit|Sucker Punch|p2a: Goku
|-resisted|p2a: Goku
|-damage|p2a: Goku|44/100
|-enditem|p2a: Goku|Air Balloon
|move|p2a: Goku|Fire Punch|p1a: Kingambit
|-supereffective|p1a: Kingambit
|-damage|p1a: Kingambit|3/100
|
|-ability|p2a: Goku|Speed Boost|boost
|-boost|p2a: Goku|spe|1
|upkeep
|turn|26
|inactive|u.lose.i.win8374 has 120 seconds left.
|
|t:|1743916371
|move|p1a: Kingambit|Sucker Punch||[still]
|-fail|p1a: Kingambit
|move|p2a: Goku|Swords Dance|p2a: Goku
|-boost|p2a: Goku|atk|2
|
|-ability|p2a: Goku|Speed Boost|boost
|-boost|p2a: Goku|spe|1
|upkeep
|turn|27
|inactive|u.lose.i.win8374 has 120 seconds left.
|
|t:|1743916391
|-terastallize|p2a: Goku|Fairy
|move|p1a: Kingambit|Sucker Punch|p2a: Goku
|-resisted|p2a: Goku
|-damage|p2a: Goku|0 fnt
|faint|p2a: Goku
|
|upkeep
|
|t:|1743916398
|switch|p2a: Broly|Kommo-o, M|100/100
|turn|28
|
|t:|1743916401
|move|p1a: Kingambit|Sucker Punch||[still]
|-fail|p1a: Kingambit
|move|p2a: Broly|Clangorous Soul|p2a: Broly
|-boost|p2a: Broly|atk|1
|-boost|p2a: Broly|def|1
|-boost|p2a: Broly|spa|1
|-boost|p2a: Broly|spd|1
|-boost|p2a: Broly|spe|1
|-damage|p2a: Broly|68/100
|-enditem|p2a: Broly|Throat Spray
|-boost|p2a: Broly|spa|1|[from] item: Throat Spray
|
|upkeep
|turn|29
|
|t:|1743916404
|move|p1a: Kingambit|Sucker Punch|p2a: Broly
|-resisted|p2a: Broly
|-damage|p2a: Broly|44/100
|move|p2a: Broly|Drain Punch|p1a: Kingambit
|-supereffective|p1a: Kingambit
|-damage|p1a: Kingambit|0 fnt
|-heal|p2a: Broly|46/100|[from] drain|[of] p1a: Kingambit
|faint|p1a: Kingambit
|-end|p1a: Kingambit|fallen1|[silent]
|
|upkeep
|
|t:|1743916407
|switch|p1a: Blaziken|Blaziken, F|100/100
|turn|30
|
|t:|1743916409
|move|p1a: Blaziken|Protect|p1a: Blaziken
|-singleturn|p1a: Blaziken|Protect
|move|p2a: Broly|Clanging Scales|p1a: Blaziken
|-activate|p1a: Blaziken|move: Protect
|
|-ability|p1a: Blaziken|Speed Boost|boost
|-boost|p1a: Blaziken|spe|1
|upkeep
|turn|31
|
|t:|1743916416
|move|p1a: Blaziken|Flare Blitz|p2a: Broly
|-resisted|p2a: Broly
|-damage|p2a: Broly|25/100
|-damage|p1a: Blaziken|93/100|[from] Recoil
|-damage|p1a: Blaziken|83/100|[from] item: Life Orb
|move|p2a: Broly|Clanging Scales|p1a: Blaziken
|-damage|p1a: Blaziken|0 fnt
|faint|p1a: Blaziken
|-unboost|p2a: Broly|def|1
|
|upkeep
|
|t:|1743916420
|switch|p1a: Walking Wake|Walking Wake, tera:Water|52/100
|turn|32
|
|t:|1743916423
|move|p2a: Broly|Clanging Scales|p1a: Walking Wake
|-damage|p1a: Walking Wake|0 fnt
|faint|p1a: Walking Wake
|-end|p1a: Walking Wake|Protosynthesis|[silent]
|-unboost|p2a: Broly|def|1
|
|upkeep
|
|t:|1743916426
|switch|p1a: Dragapult|Dragapult, F|87/100
|turn|33
|
|t:|1743916429
|move|p1a: Dragapult|Dragon Darts|p2a: Broly
|-supereffective|p2a: Broly
|-damage|p2a: Broly|0 fnt
|faint|p2a: Broly
|
|win|mingkuo
|raw|mingkuo's rating: 1137 &rarr; <strong>1159</strong><br />(+22 for winning)
|raw|u.lose.i.win8374's rating: 1099 &rarr; <strong>1077</strong><br />(-22 for losing)
|l|☆u.lose.i.win8374
|player|p2|
|l|☆mingkuo
|player|p1|
