|j|☆PikachuRTM
|j|☆pontifice
|t:|1743811354
|gametype|singles
|player|p1|PikachuRTM|koga|1302
|player|p2|pontifice|1|1340
|teamsize|p1|6
|teamsize|p2|6
|gen|9
|tier|[Gen 9] OU
|rated|
|rule|HP Percentage Mod: HP is shown in percentages
|rule|Endless Battle Clause: Forcing endless battles is banned
|rule|Species Clause: Limit one of each Pokémon
|rule|OHKO Clause: OHKO moves are banned
|rule|Evasion Items Clause: Evasion items are banned
|rule|Evasion Moves Clause: Evasion moves are banned
|rule|Sleep Moves Clause: Sleep-inducing moves are banned
|clearpoke
|poke|p1|Pikachu, M|
|poke|p1|Weavile, M|
|poke|p1|Dragapult, M|
|poke|p1|Garchomp, M|
|poke|p1|Slowking-Galar, M|
|poke|p1|Zamazenta-*|
|poke|p2|Milotic, F|
|poke|p2|Darkrai|
|poke|p2|Raging Bolt|
|poke|p2|Kingambit, M|
|poke|p2|Iron Valiant|
|poke|p2|Great Tusk|
|teampreview
|inactive|Battle timer is ON: inactive players will automatically lose when time's up. (requested by PikachuRTM)
|
|t:|1743811400
|start
|switch|p1a: King Patrick|Slowking-Galar, M|100/100
|switch|p2a: Iron Valiant|Iron Valiant|100/100
|-enditem|p2a: Iron Valiant|Booster Energy
|-activate|p2a: Iron Valiant|ability: Quark Drive|[fromitem]
|-start|p2a: Iron Valiant|quarkdrivespe
|turn|1
|c|☆pontifice|!weak slowking galar
|c| pontifice|/raw <div class="infobox">Slowking-Galar (ignoring abilities):<br /><span class="message-effect-weak">Weaknesses</span>: Dark, Ghost, Ground<br /><span class="message-effect-resist">Resistances</span>: Fairy, <b>Fighting</b>, Grass, Poison<br /><span class="message-effect-immune">Immunities</span>: Toxic</div>
|inactive|pontifice has 120 seconds left.
|
|t:|1743811432
|move|p2a: Iron Valiant|Calm Mind|p2a: Iron Valiant
|-boost|p2a: Iron Valiant|spa|1
|-boost|p2a: Iron Valiant|spd|1
|move|p1a: King Patrick|Future Sight|p2a: Iron Valiant
|-start|p1a: King Patrick|move: Future Sight
|
|upkeep
|turn|2
|
|t:|1743811437
|move|p2a: Iron Valiant|Shadow Ball|p1a: King Patrick
|-supereffective|p1a: King Patrick
|-damage|p1a: King Patrick|52/100
|move|p1a: King Patrick|Toxic Spikes|p2a: Iron Valiant
|-sidestart|p2: pontifice|move: Toxic Spikes
|
|upkeep
|turn|3
|
|t:|1743811447
|-terastallize|p2a: Iron Valiant|Ghost
|move|p2a: Iron Valiant|Shadow Ball|p1a: King Patrick
|-supereffective|p1a: King Patrick
|-damage|p1a: King Patrick|0 fnt
|faint|p1a: King Patrick
|
|-end|p2a: Iron Valiant|move: Future Sight
|-damage|p2a: Iron Valiant|44/100
|upkeep
|
|t:|1743811468
|switch|p1a: Woof!|Zamazenta|100/100
|-ability|p1a: Woof!|Dauntless Shield|boost
|-boost|p1a: Woof!|def|1
|turn|4
|
|t:|1743811472
|-terastallize|p1a: Woof!|Fire
|move|p2a: Iron Valiant|Moonblast|p1a: Woof!
|-resisted|p1a: Woof!
|-damage|p1a: Woof!|75/100
|move|p1a: Woof!|Crunch|p2a: Iron Valiant
|-supereffective|p2a: Iron Valiant
|-damage|p2a: Iron Valiant|0 fnt
|faint|p2a: Iron Valiant
|-end|p2a: Iron Valiant|Quark Drive|[silent]
|
|-heal|p1a: Woof!|82/100|[from] item: Leftovers
|upkeep
|
|t:|1743811480
|switch|p2a: Great Tusk|Great Tusk|100/100
|-status|p2a: Great Tusk|psn
|turn|5
|
|t:|1743811485
|switch|p1a: Liftoff|Dragapult, M, shiny|100/100
|move|p2a: Great Tusk|Rapid Spin|p1a: Liftoff
|-immune|p1a: Liftoff
|
|-damage|p2a: Great Tusk|88/100 psn|[from] psn
|upkeep
|turn|6
|
|t:|1743811489
|move|p1a: Liftoff|Hex|p2a: Great Tusk
|-damage|p2a: Great Tusk|13/100 psn
|move|p2a: Great Tusk|Ice Spinner|p1a: Liftoff
|-supereffective|p1a: Liftoff
|-damage|p1a: Liftoff|25/100
|
|-damage|p2a: Great Tusk|1/100 psn|[from] psn
|upkeep
|turn|7
|
|t:|1743811496
|move|p1a: Liftoff|Dragon Darts|p2a: Great Tusk
|-damage|p2a: Great Tusk|0 fnt
|faint|p2a: Great Tusk
|-end|p2a: Great Tusk|Protosynthesis|[silent]
|
|upkeep
|
|t:|1743811511
|switch|p2a: Milotic|Milotic, F|100/100
|-status|p2a: Milotic|psn
|turn|8
|
|t:|1743811516
|move|p1a: Liftoff|Hex|p2a: Milotic
|-damage|p2a: Milotic|64/100 psn
|move|p2a: Milotic|Ice Beam|p1a: Liftoff
|-supereffective|p1a: Liftoff
|-damage|p1a: Liftoff|0 fnt
|faint|p1a: Liftoff
|
|-damage|p2a: Milotic|51/100 psn|[from] psn
|upkeep
|
|t:|1743811529
|switch|p1a: Derrick|Pikachu, M|100/100
|turn|9
|
|t:|1743811535
|move|p1a: Derrick|Agility|p1a: Derrick
|-boost|p1a: Derrick|spe|2
|move|p2a: Milotic|Recover|p2a: Milotic
|-heal|p2a: Milotic|100/100 psn
|
|-damage|p2a: Milotic|88/100 psn|[from] psn
|upkeep
|turn|10
|
|t:|1743811540
|move|p1a: Derrick|Thunderbolt|p2a: Milotic
|-supereffective|p2a: Milotic
|-damage|p2a: Milotic|6/100 psn
|move|p2a: Milotic|Surf|p1a: Derrick
|-damage|p1a: Derrick|0 fnt
|faint|p1a: Derrick
|
|-damage|p2a: Milotic|0 fnt|[from] psn
|faint|p2a: Milotic
|upkeep
|
|t:|1743811550
|switch|p1a: Jerry|Garchomp, M|100/100
|switch|p2a: Kingambit|Kingambit, M|100/100
|-activate|p2a: Kingambit|ability: Supreme Overlord
|-start|p2a: Kingambit|fallen3|[silent]
|turn|11
|
|t:|1743811559
|move|p1a: Jerry|Earthquake|p2a: Kingambit
|-supereffective|p2a: Kingambit
|-damage|p2a: Kingambit|35/100
|move|p2a: Kingambit|Iron Head|p1a: Jerry
|-damage|p1a: Jerry|61/100
|-damage|p2a: Kingambit|23/100|[from] ability: Rough Skin|[of] p1a: Jerry
|-damage|p2a: Kingambit|6/100|[from] item: Rocky Helmet|[of] p1a: Jerry
|
|-heal|p2a: Kingambit|12/100|[from] item: Leftovers
|upkeep
|turn|12
|
|t:|1743811565
|move|p2a: Kingambit|Sucker Punch||[still]
|-fail|p2a: Kingambit
|move|p1a: Jerry|Spikes|p2a: Kingambit
|-sidestart|p2: pontifice|Spikes
|
|-heal|p2a: Kingambit|18/100|[from] item: Leftovers
|upkeep
|turn|13
|
|t:|1743811568
|move|p2a: Kingambit|Sucker Punch||[still]
|-fail|p2a: Kingambit
|move|p1a: Jerry|Spikes|p2a: Kingambit
|-sidestart|p2: pontifice|Spikes
|
|-heal|p2a: Kingambit|24/100|[from] item: Leftovers
|upkeep
|turn|14
|
|t:|1743811571
|move|p2a: Kingambit|Sucker Punch||[still]
|-fail|p2a: Kingambit
|move|p1a: Jerry|Spikes|p2a: Kingambit
|-sidestart|p2: pontifice|Spikes
|
|-heal|p2a: Kingambit|30/100|[from] item: Leftovers
|upkeep
|turn|15
|
|t:|1743811574
|move|p2a: Kingambit|Sucker Punch|p1a: Jerry
|-damage|p1a: Jerry|29/100
|-damage|p2a: Kingambit|18/100|[from] ability: Rough Skin|[of] p1a: Jerry
|-damage|p2a: Kingambit|2/100|[from] item: Rocky Helmet|[of] p1a: Jerry
|move|p1a: Jerry|Earthquake|p2a: Kingambit
|-supereffective|p2a: Kingambit
|-damage|p2a: Kingambit|0 fnt
|faint|p2a: Kingambit
|-end|p2a: Kingambit|fallen3|[silent]
|
|upkeep
|
|t:|1743811576
|switch|p2a: Darkrai|Darkrai|100/100
|-status|p2a: Darkrai|psn
|-damage|p2a: Darkrai|76/100 psn|[from] Spikes
|turn|16
|
|t:|1743811582
|move|p2a: Darkrai|Dark Pulse|p1a: Jerry
|-damage|p1a: Jerry|0 fnt
|faint|p1a: Jerry
|
|-damage|p2a: Darkrai|63/100 psn|[from] psn
|upkeep
|
|t:|1743811589
|switch|p1a: Woof!|Zamazenta, tera:Fire|82/100
|turn|17
|
|t:|1743811600
|move|p1a: Woof!|Body Press|p2a: Darkrai
|-supereffective|p2a: Darkrai
|-damage|p2a: Darkrai|0 fnt
|faint|p2a: Darkrai
|
|-heal|p1a: Woof!|88/100|[from] item: Leftovers
|upkeep
|
|t:|1743811602
|switch|p2a: Raging Bolt|Raging Bolt|100/100
|-status|p2a: Raging Bolt|psn
|-damage|p2a: Raging Bolt|76/100 psn|[from] Spikes
|-enditem|p2a: Raging Bolt|Booster Energy
|-activate|p2a: Raging Bolt|ability: Protosynthesis|[fromitem]
|-start|p2a: Raging Bolt|protosynthesisspa
|turn|18
|
|t:|1743811608
|move|p1a: Woof!|Body Press|p2a: Raging Bolt
|-crit|p2a: Raging Bolt
|-damage|p2a: Raging Bolt|32/100 psn
|move|p2a: Raging Bolt|Thunderbolt|p1a: Woof!
|-damage|p1a: Woof!|38/100
|
|-heal|p1a: Woof!|44/100|[from] item: Leftovers
|-damage|p2a: Raging Bolt|20/100 psn|[from] psn
|upkeep
|turn|19
|
|t:|1743811614
|move|p2a: Raging Bolt|Thunderclap|p1a: Woof!
|-damage|p1a: Woof!|3/100
|move|p1a: Woof!|Body Press|p2a: Raging Bolt
|-damage|p2a: Raging Bolt|0 fnt
|faint|p2a: Raging Bolt
|-end|p2a: Raging Bolt|Protosynthesis|[silent]
|
|win|PikachuRTM
|raw|PikachuRTM's rating: 1302 &rarr; <strong>1324</strong><br />(+22 for winning)
|raw|pontifice's rating: 1340 &rarr; <strong>1318</strong><br />(-22 for losing)
|l|☆PikachuRTM
|player|p1|
|l|☆pontifice
|player|p2|
