|j|☆zamnazenta
|j|☆Furiousjulian
|t:|1743861548
|gametype|singles
|player|p1|zamnazenta|miku-water|1488
|player|p2|Furiousjulian|blackbelt|1404
|teamsize|p1|6
|teamsize|p2|6
|gen|9
|tier|[Gen 9] OU
|rated|
|rule|HP Percentage Mod: HP is shown in percentages
|rule|Endless Battle Clause: Forcing endless battles is banned
|rule|Species Clause: Limit one of each Pokémon
|rule|OHKO Clause: OHKO moves are banned
|rule|Evasion Items Clause: Evasion items are banned
|rule|Evasion Moves Clause: Evasion moves are banned
|rule|Sleep Moves Clause: Sleep-inducing moves are banned
|clearpoke
|poke|p1|Ting-Lu|
|poke|p1|Gliscor, F|
|poke|p1|Sinistcha|
|poke|p1|Keldeo|
|poke|p1|Tinkaton, F|
|poke|p1|Dragonite, F|
|poke|p2|Arcanine-Hisui, M|
|poke|p2|Enamorus, F|
|poke|p2|Latios, M|
|poke|p2|Dondozo, F|
|poke|p2|Scyther, M|
|poke|p2|Magnezone|
|teampreview
|inactive|Battle timer is ON: inactive players will automatically lose when time's up. (requested by zamnazenta)
|
|t:|1743861596
|start
|switch|p1a: Tinkaton|Tinkaton, F|100/100
|switch|p2a: Aguilerus|Enamorus, F|100/100
|-ability|p1a: Tinkaton|Mold Breaker
|-item|p1a: Tinkaton|Air Balloon
|turn|1
|
|t:|1743861604
|switch|p2a: Probotector|Magnezone|100/100
|move|p1a: Tinkaton|Gigaton Hammer|p2a: Probotector
|-resisted|p2a: Probotector
|-crit|p2a: Probotector
|-damage|p2a: Probotector|90/100
|
|upkeep
|turn|2
|
|t:|1743861611
|move|p1a: Tinkaton|Stealth Rock|p2a: Probotector
|-sidestart|p2: Furiousjulian|move: Stealth Rock
|move|p2a: Probotector|Discharge|p1a: Tinkaton
|-damage|p1a: Tinkaton|70/100
|-enditem|p1a: Tinkaton|Air Balloon
|
|upkeep
|turn|3
|
|t:|1743861618
|move|p1a: Tinkaton|Gigaton Hammer|p2a: Probotector
|-resisted|p2a: Probotector
|-damage|p2a: Probotector|83/100
|move|p2a: Probotector|Discharge|p1a: Tinkaton
|-damage|p1a: Tinkaton|40/100
|
|upkeep
|turn|4
|
|t:|1743861625
|move|p1a: Tinkaton|Encore|p2a: Probotector
|-start|p2a: Probotector|Encore
|move|p2a: Probotector|Discharge|p1a: Tinkaton
|-damage|p1a: Tinkaton|10/100
|
|upkeep
|turn|5
|
|t:|1743861631
|move|p1a: Tinkaton|Gigaton Hammer|p2a: Probotector
|-resisted|p2a: Probotector
|-damage|p2a: Probotector|77/100
|move|p2a: Probotector|Discharge|p1a: Tinkaton
|-damage|p1a: Tinkaton|0 fnt
|faint|p1a: Tinkaton
|
|upkeep
|
|t:|1743861633
|switch|p1a: Gliscor|Gliscor, F|100/100
|turn|6
|
|t:|1743861639
|switch|p2a: Tom Scarling|Scyther, M|100/100
|move|p1a: Gliscor|Knock Off|p2a: Tom Scarling
|-damage|p2a: Tom Scarling|70/100
|-enditem|p2a: Tom Scarling|Heavy-Duty Boots|[from] move: Knock Off|[of] p1a: Gliscor
|
|-status|p1a: Gliscor|tox|[from] item: Toxic Orb
|upkeep
|turn|7
|
|t:|1743861652
|switch|p1a: Dragonite|Dragonite, F|100/100
|move|p2a: Tom Scarling|Defog|p1a: Dragonite
|-unboost|p1a: Dragonite|evasion|1
|-sideend|p2: Furiousjulian|Stealth Rock|[from] move: Defog|[of] p2a: Tom Scarling
|
|upkeep
|turn|8
|
|t:|1743861657
|move|p1a: Dragonite|Extreme Speed|p2a: Tom Scarling
|-damage|p2a: Tom Scarling|24/100
|move|p2a: Tom Scarling|U-turn|p1a: Dragonite
|-resisted|p1a: Dragonite
|-damage|p1a: Dragonite|93/100
|
|t:|1743861667
|switch|p2a: Aguilerus|Enamorus, F|100/100|[from] U-turn
|
|upkeep
|turn|9
|
|t:|1743861678
|switch|p1a: Ting-Lu|Ting-Lu|100/100
|-ability|p1a: Ting-Lu|Vessel of Ruin
|-terastallize|p2a: Aguilerus|Fairy
|move|p2a: Aguilerus|Moonblast|p1a: Ting-Lu
|-supereffective|p1a: Ting-Lu
|-damage|p1a: Ting-Lu|35/100
|-unboost|p1a: Ting-Lu|spa|1
|
|-heal|p1a: Ting-Lu|41/100|[from] item: Leftovers
|upkeep
|turn|10
|
|t:|1743861689
|move|p2a: Aguilerus|Moonblast|p1a: Ting-Lu
|-supereffective|p1a: Ting-Lu
|-damage|p1a: Ting-Lu|0 fnt
|faint|p1a: Ting-Lu
|
|upkeep
|
|t:|1743861691
|switch|p1a: Sinistcha|Sinistcha|100/100
|turn|11
|
|t:|1743861713
|-terastallize|p1a: Sinistcha|Poison
|move|p2a: Aguilerus|Moonblast|p1a: Sinistcha
|-resisted|p1a: Sinistcha
|-damage|p1a: Sinistcha|60/100
|move|p1a: Sinistcha|Calm Mind|p1a: Sinistcha
|-boost|p1a: Sinistcha|spa|1
|-boost|p1a: Sinistcha|spd|1
|
|upkeep
|turn|12
|
|t:|1743861722
|switch|p2a: Dreamwyvern|Latios, M, shiny|100/100
|move|p1a: Sinistcha|Strength Sap|p2a: Dreamwyvern
|-unboost|p2a: Dreamwyvern|atk|1
|-heal|p1a: Sinistcha|100/100
|
|upkeep
|turn|13
|
|t:|1743861729
|move|p2a: Dreamwyvern|Psyshock|p1a: Sinistcha
|-supereffective|p1a: Sinistcha
|-damage|p1a: Sinistcha|43/100
|move|p1a: Sinistcha|Shadow Ball|p2a: Dreamwyvern
|-supereffective|p2a: Dreamwyvern
|-damage|p2a: Dreamwyvern|49/100
|
|upkeep
|turn|14
|
|t:|1743861737
|switch|p1a: Gliscor|Gliscor, F|100/100 tox
|move|p2a: Dreamwyvern|Psyshock|p1a: Gliscor
|-damage|p1a: Gliscor|66/100 tox
|
|-heal|p1a: Gliscor|78/100 tox|[from] ability: Poison Heal
|upkeep
|turn|15
|inactive|Furiousjulian has 120 seconds left.
|
|t:|1743861767
|switch|p2a: Justiceforwhales|Dondozo, F|100/100
|move|p1a: Gliscor|Protect||[still]
|-fail|p1a: Gliscor
|
|-heal|p1a: Gliscor|91/100 tox|[from] ability: Poison Heal
|upkeep
|turn|16
|
|t:|1743861776
|switch|p1a: Sinistcha|Sinistcha, tera:Poison|43/100
|move|p2a: Justiceforwhales|Avalanche|p1a: Sinistcha
|-damage|p1a: Sinistcha|32/100
|
|upkeep
|turn|17
|
|t:|1743861795
|switch|p2a: Dreamwyvern|Latios, M, shiny|49/100
|move|p1a: Sinistcha|Strength Sap|p2a: Dreamwyvern
|-unboost|p2a: Dreamwyvern|atk|1
|-heal|p1a: Sinistcha|80/100
|
|upkeep
|turn|18
|
|t:|1743861802
|switch|p1a: Gliscor|Gliscor, F|91/100 tox
|move|p2a: Dreamwyvern|Psyshock|p1a: Gliscor
|-damage|p1a: Gliscor|55/100 tox
|
|-heal|p1a: Gliscor|67/100 tox|[from] ability: Poison Heal
|upkeep
|turn|19
|
|t:|1743861810
|switch|p1a: Sinistcha|Sinistcha, tera:Poison|80/100
|move|p2a: Dreamwyvern|Draco Meteor|p1a: Sinistcha
|-damage|p1a: Sinistcha|0 fnt
|-unboost|p2a: Dreamwyvern|spa|2
|faint|p1a: Sinistcha
|
|upkeep
|-message|zamnazenta forfeited.
|
|win|Furiousjulian
|raw|zamnazenta's rating: 1488 &rarr; <strong>1463</strong><br />(-25 for losing)
|raw|Furiousjulian's rating: 1404 &rarr; <strong>1429</strong><br />(+25 for winning)
|l|☆zamnazenta
|player|p1|
