|j|☆Kleosteus
|j|☆myout
|t:|1743931651
|gametype|singles
|player|p1|Kleosteus|colress|1401
|player|p2|myout|hexmaniac-gen6|1437
|teamsize|p1|6
|teamsize|p2|6
|gen|9
|tier|[Gen 9] OU
|rated|
|rule|HP Percentage Mod: HP is shown in percentages
|rule|Endless Battle Clause: Forcing endless battles is banned
|rule|Species Clause: Limit one of each Pokémon
|rule|OHKO Clause: OHKO moves are banned
|rule|Evasion Items Clause: Evasion items are banned
|rule|Evasion Moves Clause: Evasion moves are banned
|rule|Sleep Moves Clause: Sleep-inducing moves are banned
|clearpoke
|poke|p1|Meowscarada, F|
|poke|p1|Rillaboom, M|
|poke|p1|Iron Moth|
|poke|p1|Kyurem|
|poke|p1|Empoleon, F|
|poke|p1|Iron Valiant|
|poke|p2|Meloetta|
|poke|p2|Araquanid, M|
|poke|p2|Gholdengo|
|poke|p2|Great Tusk|
|poke|p2|Iron Moth|
|poke|p2|Enamorus, F|
|teampreview
|inactive|Battle timer is ON: inactive players will automatically lose when time's up. (requested by myout)
|
|t:|1743931662
|start
|switch|p1a: 轰雷金刚猩|Rillaboom, M|100/100
|switch|p2a: Araquanid|Araquanid, M|100/100
|-fieldstart|move: Grassy Terrain|[from] ability: Grassy Surge|[of] p1a: 轰雷金刚猩
|turn|1
|
|t:|1743931671
|move|p2a: Araquanid|Endure|p2a: Araquanid
|-singleturn|p2a: Araquanid|move: Endure
|move|p1a: 轰雷金刚猩|Wood Hammer|p2a: Araquanid
|-activate|p2a: Araquanid|move: Endure
|-damage|p2a: Araquanid|1/100
|-damage|p1a: 轰雷金刚猩|72/100|[from] Recoil
|
|-heal|p1a: 轰雷金刚猩|78/100|[from] Grassy Terrain
|-heal|p2a: Araquanid|7/100|[from] Grassy Terrain
|upkeep
|turn|2
|inactive|Kleosteus has 120 seconds left.
|-enditem|p2a: Araquanid|Custap Berry|[eat]
|-activate|p2a: Araquanid|item: Custap Berry|[consumed]
|
|t:|1743931702
|switch|p1a: 铁毒蛾|Iron Moth|100/100
|-enditem|p1a: 铁毒蛾|Booster Energy
|-activate|p1a: 铁毒蛾|ability: Quark Drive|[fromitem]
|-start|p1a: 铁毒蛾|quarkdrivespe
|move|p2a: Araquanid|Sticky Web|p1a: 铁毒蛾
|-sidestart|p1: Kleosteus|move: Sticky Web
|
|-heal|p2a: Araquanid|13/100|[from] Grassy Terrain
|upkeep
|turn|3
|inactive|Kleosteus has 120 seconds left.
|inactive|Kleosteus has 90 seconds left.
|
|t:|1743931743
|move|p1a: 铁毒蛾|Fiery Dance|p2a: Araquanid
|-damage|p2a: Araquanid|0 fnt
|faint|p2a: Araquanid
|
|upkeep
|
|t:|1743931756
|switch|p2a: Iron Moth|Iron Moth|100/100
|-enditem|p2a: Iron Moth|Booster Energy
|-activate|p2a: Iron Moth|ability: Quark Drive|[fromitem]
|-start|p2a: Iron Moth|quarkdrivespa
|turn|4
|
|t:|1743931769
|move|p1a: 铁毒蛾|Acid Spray|p2a: Iron Moth
|-resisted|p2a: Iron Moth
|-damage|p2a: Iron Moth|91/100
|-unboost|p2a: Iron Moth|spd|2
|move|p2a: Iron Moth|Psychic|p1a: 铁毒蛾
|-supereffective|p1a: 铁毒蛾
|-damage|p1a: 铁毒蛾|10/100
|
|-heal|p1a: 铁毒蛾|16/100|[from] Grassy Terrain
|-heal|p2a: Iron Moth|97/100|[from] Grassy Terrain
|upkeep
|turn|5
|
|t:|1743931780
|move|p1a: 铁毒蛾|Sludge Wave|p2a: Iron Moth
|-resisted|p2a: Iron Moth
|-damage|p2a: Iron Moth|48/100
|move|p2a: Iron Moth|Psychic|p1a: 铁毒蛾
|-supereffective|p1a: 铁毒蛾
|-damage|p1a: 铁毒蛾|0 fnt
|faint|p1a: 铁毒蛾
|-end|p1a: 铁毒蛾|Quark Drive|[silent]
|
|-heal|p2a: Iron Moth|54/100|[from] Grassy Terrain
|-fieldend|move: Grassy Terrain
|upkeep
|inactive|Kleosteus has 90 seconds left.
|
|t:|1743931802
|switch|p1a: 铁武者|Iron Valiant|100/100
|-activate|p1a: 铁武者|move: Sticky Web
|-unboost|p1a: 铁武者|spe|1
|turn|6
|
|t:|1743931809
|move|p1a: 铁武者|Psychic|p2a: Iron Moth
|-supereffective|p2a: Iron Moth
|-damage|p2a: Iron Moth|0 fnt
|faint|p2a: Iron Moth
|-end|p2a: Iron Moth|Quark Drive|[silent]
|
|upkeep
|inactive|myout has 120 seconds left.
|
|t:|1743931844
|switch|p2a: Meloetta|Meloetta|100/100
|turn|7
|inactive|Kleosteus has 90 seconds left.
|
|t:|1743931881
|-end|p1a: 铁武者|Quark Drive|[silent]
|switch|p1a: 轰雷金刚猩|Rillaboom, M|78/100
|-activate|p1a: 轰雷金刚猩|move: Sticky Web
|-unboost|p1a: 轰雷金刚猩|spe|1
|-fieldstart|move: Grassy Terrain|[from] ability: Grassy Surge|[of] p1a: 轰雷金刚猩
|move|p2a: Meloetta|Relic Song|p1a: 轰雷金刚猩
|-damage|p1a: 轰雷金刚猩|19/100
|-formechange|p2a: Meloetta|Meloetta-Pirouette|[msg]
|-damage|p2a: Meloetta|91/100|[from] item: Life Orb
|
|-heal|p2a: Meloetta|97/100|[from] Grassy Terrain
|-heal|p1a: 轰雷金刚猩|25/100|[from] Grassy Terrain
|upkeep
|turn|8
|inactive|Kleosteus has 60 seconds left.
|
|t:|1743931899
|move|p1a: 轰雷金刚猩|Grassy Glide|p2a: Meloetta
|-damage|p2a: Meloetta|20/100
|move|p2a: Meloetta|Psychic|p1a: 轰雷金刚猩
|-damage|p1a: 轰雷金刚猩|0 fnt
|faint|p1a: 轰雷金刚猩
|-damage|p2a: Meloetta|10/100|[from] item: Life Orb
|
|-heal|p2a: Meloetta|16/100|[from] Grassy Terrain
|upkeep
|inactive|Kleosteus has 60 seconds left.
|
|t:|1743931913
|switch|p1a: 魔幻假面喵|Meowscarada, F|100/100
|-activate|p1a: 魔幻假面喵|move: Sticky Web
|-unboost|p1a: 魔幻假面喵|spe|1
|turn|9
|inactive|Kleosteus has 60 seconds left.
|
|t:|1743931918
|move|p1a: 魔幻假面喵|Sucker Punch|p2a: Meloetta
|-start|p1a: 魔幻假面喵|typechange|Dark|[from] ability: Protean
|-resisted|p2a: Meloetta
|-damage|p2a: Meloetta|0 fnt
|faint|p2a: Meloetta
|-damage|p1a: 魔幻假面喵|91/100|[from] item: Life Orb
|
|-heal|p1a: 魔幻假面喵|97/100|[from] Grassy Terrain
|upkeep
|
|t:|1743931926
|switch|p2a: Enamorus|Enamorus, F|100/100
|turn|10
|inactive|Kleosteus has 60 seconds left.
|
|t:|1743931949
|move|p2a: Enamorus|Moonblast|p1a: 魔幻假面喵
|-supereffective|p1a: 魔幻假面喵
|-damage|p1a: 魔幻假面喵|0 fnt
|faint|p1a: 魔幻假面喵
|
|upkeep
|
|t:|1743931962
|switch|p1a: 帝王拿波|Empoleon, F|100/100
|-activate|p1a: 帝王拿波|move: Sticky Web
|-unboost|p1a: 帝王拿波|spe|1
|-ability|p1a: 帝王拿波|Competitive|boost
|-boost|p1a: 帝王拿波|spa|2
|turn|11
|
|t:|1743931971
|switch|p2a: Great Tusk|Great Tusk|100/100
|-enditem|p2a: Great Tusk|Booster Energy
|-activate|p2a: Great Tusk|ability: Protosynthesis|[fromitem]
|-start|p2a: Great Tusk|protosynthesisatk
|move|p1a: 帝王拿波|Surf|p2a: Great Tusk
|-supereffective|p2a: Great Tusk
|-damage|p2a: Great Tusk|0 fnt
|faint|p2a: Great Tusk
|-end|p2a: Great Tusk|Protosynthesis|[silent]
|
|-fieldend|move: Grassy Terrain
|upkeep
|
|t:|1743931975
|switch|p2a: Gholdengo|Gholdengo|100/100
|-item|p2a: Gholdengo|Air Balloon
|turn|12
|inactive|Kleosteus has 60 seconds left.
|inactive|Kleosteus has 30 seconds left.
|
|t:|1743932023
|switch|p1a: 酋雷姆|Kyurem|100/100
|-activate|p1a: 酋雷姆|move: Sticky Web
|-unboost|p1a: 酋雷姆|spe|1
|-ability|p1a: 酋雷姆|Pressure
|move|p2a: Gholdengo|Shadow Ball|p1a: 酋雷姆
|-damage|p1a: 酋雷姆|63/100
|
|upkeep
|turn|13
|inactive|Kleosteus has 30 seconds left.
|inactive|Kleosteus has 20 seconds left.
|inactive|Kleosteus has 15 seconds left.
|
|t:|1743932044
|move|p2a: Gholdengo|Shadow Ball|p1a: 酋雷姆
|-damage|p1a: 酋雷姆|21/100
|move|p1a: 酋雷姆|Icicle Spear|p2a: Gholdengo
|-resisted|p2a: Gholdengo
|-damage|p2a: Gholdengo|93/100
|-enditem|p2a: Gholdengo|Air Balloon
|-resisted|p2a: Gholdengo
|-damage|p2a: Gholdengo|86/100
|-resisted|p2a: Gholdengo
|-damage|p2a: Gholdengo|79/100
|-resisted|p2a: Gholdengo
|-damage|p2a: Gholdengo|71/100
|-hitcount|p2a: Gholdengo|4
|
|upkeep
|turn|14
|inactive|Kleosteus has 25 seconds left this turn.
|inactive|Kleosteus has 20 seconds left.
|inactive|Kleosteus has 15 seconds left.
|
|t:|1743932055
|move|p2a: Gholdengo|Shadow Ball|p1a: 酋雷姆
|-damage|p1a: 酋雷姆|0 fnt
|faint|p1a: 酋雷姆
|
|upkeep
|inactive|Kleosteus has 20 seconds left this turn.
|inactive|Kleosteus has 15 seconds left.
|
|t:|1743932061
|switch|p1a: 铁武者|Iron Valiant|100/100
|-activate|p1a: 铁武者|move: Sticky Web
|-unboost|p1a: 铁武者|spe|1
|turn|15
|inactive|Kleosteus has 25 seconds left this turn.
|inactive|Kleosteus has 20 seconds left.
|
|t:|1743932067
|-terastallize|p1a: 铁武者|Ghost
|move|p1a: 铁武者|Shadow Ball|p2a: Gholdengo
|-supereffective|p2a: Gholdengo
|-damage|p2a: Gholdengo|0 fnt
|faint|p2a: Gholdengo
|
|upkeep
|inactive|Kleosteus has 25 seconds left this turn.
|
|t:|1743932071
|switch|p2a: Enamorus|Enamorus, F|100/100
|turn|16
|
|t:|1743932079
|-terastallize|p2a: Enamorus|Stellar
|move|p2a: Enamorus|Tera Blast|p1a: 铁武者|[anim] Tera Blast Stellar
|-supereffective|p1a: 铁武者
|-damage|p1a: 铁武者|0 fnt
|-boost|p2a: Enamorus|atk|1
|-boost|p2a: Enamorus|spa|1
|faint|p1a: 铁武者
|-end|p1a: 铁武者|Quark Drive|[silent]
|
|upkeep
|
|t:|1743932088
|switch|p1a: 帝王拿波|Empoleon, F|100/100
|-activate|p1a: 帝王拿波|move: Sticky Web
|-unboost|p1a: 帝王拿波|spe|1
|-ability|p1a: 帝王拿波|Competitive|boost
|-boost|p1a: 帝王拿波|spa|2
|turn|17
|
|t:|1743932099
|move|p2a: Enamorus|Tera Blast|p1a: 帝王拿波|[anim] Tera Blast Stellar
|-damage|p1a: 帝王拿波|54/100
|-boost|p2a: Enamorus|atk|1
|-boost|p2a: Enamorus|spa|1
|move|p1a: 帝王拿波|Surf|p2a: Enamorus
|-damage|p2a: Enamorus|0 fnt
|faint|p2a: Enamorus
|
|win|Kleosteus
|raw|Kleosteus's rating: 1401 &rarr; <strong>1423</strong><br />(+22 for winning)
|raw|myout's rating: 1437 &rarr; <strong>1415</strong><br />(-22 for losing)
|l|☆myout
|player|p2|
