|j|☆rogo2030
|j|☆Ceron75
|t:|1743881019
|gametype|singles
|player|p1|rogo2030|265|1300
|player|p2|Ceron75|colress|1280
|teamsize|p1|6
|teamsize|p2|6
|gen|9
|tier|[Gen 9] OU
|rated|
|rule|HP Percentage Mod: HP is shown in percentages
|rule|Endless Battle Clause: Forcing endless battles is banned
|rule|Species Clause: Limit one of each Pokémon
|rule|OHKO Clause: OHKO moves are banned
|rule|Evasion Items Clause: Evasion items are banned
|rule|Evasion Moves Clause: Evasion moves are banned
|rule|Sleep Moves Clause: Sleep-inducing moves are banned
|clearpoke
|poke|p1|Scizor, M|
|poke|p1|Corviknight, M|
|poke|p1|Ting-Lu|
|poke|p1|Slowking-Galar, F|
|poke|p1|Iron Valiant|
|poke|p1|Ogerpon-Wellspring, F|
|poke|p2|Samurott-Hisui, M|
|poke|p2|Murkrow, M|
|poke|p2|Garchomp, M|
|poke|p2|Clodsire, F|
|poke|p2|Corviknight, M|
|poke|p2|Kingambit, M|
|teampreview
|inactive|Battle timer is ON: inactive players will automatically lose when time's up. (requested by rogo2030)
|inactive|Ceron75 also wants the timer to be on.
|
|t:|1743881036
|start
|switch|p1a: Scizor|Scizor, M|100/100
|switch|p2a: Samurott|Samurott-Hisui, M|100/100
|turn|1
|
|t:|1743881045
|move|p2a: Samurott|Ceaseless Edge|p1a: Scizor
|-damage|p1a: Scizor|50/100
|-sidestart|p1: rogo2030|Spikes
|move|p1a: Scizor|U-turn|p2a: Samurott
|-supereffective|p2a: Samurott
|-damage|p2a: Samurott|0 fnt
|faint|p2a: Samurott
|
|t:|1743881052
|switch|p1a: Corviknight|Corviknight, M|100/100|[from] U-turn
|-ability|p1a: Corviknight|Pressure
|
|upkeep
|
|t:|1743881063
|switch|p2a: Murkrow|Murkrow, M|100/100
|turn|2
|
|t:|1743881068
|switch|p1a: Ting-Lu|Ting-Lu|100/100
|-damage|p1a: Ting-Lu|88/100|[from] Spikes
|-ability|p1a: Ting-Lu|Vessel of Ruin
|move|p2a: Murkrow|Taunt|p1a: Ting-Lu
|-hint|Since gen 7, Dark is immune to Prankster moves.
|-immune|p1a: Ting-Lu
|
|-heal|p1a: Ting-Lu|94/100|[from] item: Leftovers
|upkeep
|turn|3
|
|t:|1743881075
|move|p2a: Murkrow|Perish Song|p2a: Murkrow
|-start|p1a: Ting-Lu|perish3|[silent]
|-start|p2a: Murkrow|perish3|[silent]
|-fieldactivate|move: Perish Song
|move|p1a: Ting-Lu|Stealth Rock|p2a: Murkrow
|-sidestart|p2: Ceron75|move: Stealth Rock
|
|-heal|p1a: Ting-Lu|100/100|[from] item: Leftovers
|-start|p2a: Murkrow|perish3
|-start|p1a: Ting-Lu|perish3
|upkeep
|turn|4
|
|t:|1743881099
|move|p2a: Murkrow|Mean Look|p1a: Ting-Lu
|-hint|Since gen 7, Dark is immune to Prankster moves.
|-immune|p1a: Ting-Lu
|move|p1a: Ting-Lu|Ruination|p2a: Murkrow
|-damage|p2a: Murkrow|51/100
|
|-start|p2a: Murkrow|perish2
|-start|p1a: Ting-Lu|perish2
|upkeep
|turn|5
|
|t:|1743881112
|switch|p2a: Garchomp|Garchomp, M|100/100
|-damage|p2a: Garchomp|94/100|[from] Stealth Rock
|switch|p1a: Corviknight|Corviknight, M|100/100
|-ability|p1a: Corviknight|Pressure
|
|upkeep
|turn|6
|
|t:|1743881124
|move|p2a: Garchomp|Swords Dance|p2a: Garchomp
|-boost|p2a: Garchomp|atk|2
|move|p1a: Corviknight|Defog|p2a: Garchomp
|-unboost|p2a: Garchomp|evasion|1
|-sideend|p2: Ceron75|Stealth Rock|[from] move: Defog|[of] p1a: Corviknight
|-sideend|p1: rogo2030|Spikes|[from] move: Defog|[of] p1a: Corviknight
|
|upkeep
|turn|7
|
|t:|1743881129
|move|p2a: Garchomp|Scale Shot|p1a: Corviknight
|-resisted|p1a: Corviknight
|-damage|p1a: Corviknight|92/100
|-resisted|p1a: Corviknight
|-damage|p1a: Corviknight|85/100
|-resisted|p1a: Corviknight
|-damage|p1a: Corviknight|77/100
|-resisted|p1a: Corviknight
|-damage|p1a: Corviknight|69/100
|-hitcount|p1a: Corviknight|4
|-unboost|p2a: Garchomp|def|1
|-boost|p2a: Garchomp|spe|1
|move|p1a: Corviknight|U-turn|p2a: Garchomp
|-damage|p2a: Garchomp|72/100
|-damage|p1a: Corviknight|57/100|[from] ability: Rough Skin|[of] p2a: Garchomp
|
|t:|1743881138
|switch|p1a: Iron Valiant|Iron Valiant|100/100|[from] U-turn
|-enditem|p1a: Iron Valiant|Booster Energy
|-activate|p1a: Iron Valiant|ability: Quark Drive|[fromitem]
|-start|p1a: Iron Valiant|quarkdrivespe
|
|upkeep
|turn|8
|
|t:|1743881153
|-terastallize|p2a: Garchomp|Fairy
|move|p1a: Iron Valiant|Moonblast|p2a: Garchomp
|-damage|p2a: Garchomp|23/100
|move|p2a: Garchomp|Iron Head|p1a: Iron Valiant
|-supereffective|p1a: Iron Valiant
|-damage|p1a: Iron Valiant|0 fnt
|faint|p1a: Iron Valiant
|-end|p1a: Iron Valiant|Quark Drive|[silent]
|
|upkeep
|
|t:|1743881160
|switch|p1a: Scizor|Scizor, M|50/100
|turn|9
|
|t:|1743881172
|move|p1a: Scizor|Bullet Punch|p2a: Garchomp
|-supereffective|p2a: Garchomp
|-damage|p2a: Garchomp|0 fnt
|-damage|p1a: Scizor|38/100|[from] ability: Rough Skin|[of] p2a: Garchomp
|faint|p2a: Garchomp
|
|upkeep
|
|t:|1743881179
|switch|p2a: Murkrow|Murkrow, M|51/100
|turn|10
|
|t:|1743881184
|move|p2a: Murkrow|Mean Look|p1a: Scizor
|-activate|p1a: Scizor|trapped
|move|p1a: Scizor|Bullet Punch|p2a: Murkrow
|-damage|p2a: Murkrow|0 fnt
|faint|p2a: Murkrow
|
|upkeep
|
|t:|1743881191
|switch|p2a: Corviknight|Corviknight, M|100/100
|-ability|p2a: Corviknight|Pressure
|turn|11
|
|t:|1743881200
|switch|p1a: Corviknight|Corviknight, M|57/100
|-ability|p1a: Corviknight|Pressure
|move|p2a: Corviknight|Body Press|p1a: Corviknight
|-damage|p1a: Corviknight|42/100
|-damage|p2a: Corviknight|84/100|[from] item: Rocky Helmet|[of] p1a: Corviknight
|
|upkeep
|turn|12
|
|t:|1743881205
|move|p1a: Corviknight|Roost|p1a: Corviknight
|-heal|p1a: Corviknight|92/100
|-singleturn|p1a: Corviknight|move: Roost
|move|p2a: Corviknight|U-turn|p1a: Corviknight
|-resisted|p1a: Corviknight
|-damage|p1a: Corviknight|88/100
|-damage|p2a: Corviknight|67/100|[from] item: Rocky Helmet|[of] p1a: Corviknight
|
|t:|1743881212
|switch|p2a: Clodsire|Clodsire, F|100/100|[from] U-turn
|
|upkeep
|turn|13
|
|t:|1743881219
|switch|p2a: Corviknight|Corviknight, M|67/100
|-ability|p2a: Corviknight|Pressure
|move|p1a: Corviknight|U-turn|p2a: Corviknight
|-resisted|p2a: Corviknight
|-damage|p2a: Corviknight|65/100
|
|t:|1743881236
|switch|p1a: Ting-Lu|Ting-Lu|100/100|[from] U-turn
|-ability|p1a: Ting-Lu|Vessel of Ruin
|
|upkeep
|turn|14
|
|t:|1743881244
|move|p2a: Corviknight|Body Press|p1a: Ting-Lu
|-supereffective|p1a: Ting-Lu
|-damage|p1a: Ting-Lu|72/100
|move|p1a: Ting-Lu|Ruination|p2a: Corviknight
|-damage|p2a: Corviknight|33/100
|
|-heal|p1a: Ting-Lu|79/100|[from] item: Leftovers
|upkeep
|turn|15
|
|t:|1743881254
|move|p2a: Corviknight|Roost|p2a: Corviknight
|-heal|p2a: Corviknight|83/100
|-singleturn|p2a: Corviknight|move: Roost
|move|p1a: Ting-Lu|Earthquake|p2a: Corviknight
|-supereffective|p2a: Corviknight
|-crit|p2a: Corviknight
|-damage|p2a: Corviknight|18/100
|
|-heal|p1a: Ting-Lu|85/100|[from] item: Leftovers
|upkeep
|turn|16
|
|t:|1743881267
|switch|p2a: Clodsire|Clodsire, F|100/100
|move|p1a: Ting-Lu|Ruination|p2a: Clodsire
|-damage|p2a: Clodsire|51/100
|
|-heal|p1a: Ting-Lu|91/100|[from] item: Leftovers
|-heal|p2a: Clodsire|57/100|[from] item: Leftovers
|upkeep
|turn|17
|
|t:|1743881273
|move|p1a: Ting-Lu|Earthquake|p2a: Clodsire
|-supereffective|p2a: Clodsire
|-damage|p2a: Clodsire|0 fnt
|faint|p2a: Clodsire
|
|-heal|p1a: Ting-Lu|97/100|[from] item: Leftovers
|upkeep
|-message|Ceron75 forfeited.
|
|win|rogo2030
|raw|rogo2030's rating: 1300 &rarr; <strong>1324</strong><br />(+24 for winning)
|raw|Ceron75's rating: 1280 &rarr; <strong>1256</strong><br />(-24 for losing)
|l|☆Ceron75
|player|p2|
|l|☆rogo2030
|player|p1|
