|j|☆Chococadeau
|j|☆Sleeping Closet
|t:|1743790010
|gametype|singles
|player|p1|Chococadeau|101|1588
|player|p2|Sleeping Closet|tate|1498
|teamsize|p1|6
|teamsize|p2|6
|gen|9
|tier|[Gen 9] OU
|rated|
|rule|HP Percentage Mod: HP is shown in percentages
|rule|Endless Battle Clause: Forcing endless battles is banned
|rule|Species Clause: Limit one of each Pokémon
|rule|OHKO Clause: OHKO moves are banned
|rule|Evasion Items Clause: Evasion items are banned
|rule|Evasion Moves Clause: Evasion moves are banned
|rule|Sleep Moves Clause: Sleep-inducing moves are banned
|clearpoke
|poke|p1|Dragonite, M|
|poke|p1|Iron Valiant|
|poke|p1|Gholdengo|
|poke|p1|Ogerpon-Wellspring, F|
|poke|p1|Enamorus, F|
|poke|p1|Iron Treads|
|poke|p2|Slowbro-Galar, M|
|poke|p2|Infernape, F|
|poke|p2|Whimsicott, F|
|poke|p2|Kingdra, F|
|poke|p2|Krookodile, M|
|poke|p2|Oricorio-Sensu, F|
|teampreview
|
|t:|1743790034
|start
|switch|p1a: Iron Treads|Iron Treads|100/100
|switch|p2a: Goku|Infernape, F, shiny|100/100
|-enditem|p1a: Iron Treads|Booster Energy
|-activate|p1a: Iron Treads|ability: Quark Drive|[fromitem]
|-start|p1a: Iron Treads|quarkdrivespe
|turn|1
|
|t:|1743790050
|move|p1a: Iron Treads|Stealth Rock|p2a: Goku
|-sidestart|p2: Sleeping Closet|move: Stealth Rock
|move|p2a: Goku|Close Combat|p1a: Iron Treads
|-supereffective|p1a: Iron Treads
|-damage|p1a: Iron Treads|0 fnt
|-unboost|p2a: Goku|def|1
|-unboost|p2a: Goku|spd|1
|faint|p1a: Iron Treads
|-end|p1a: Iron Treads|Quark Drive|[silent]
|
|upkeep
|
|t:|1743790058
|switch|p1a: Ogerpon|Ogerpon-Wellspring, F|100/100
|turn|2
|
|t:|1743790063
|move|p1a: Ogerpon|Play Rough|p2a: Goku
|-damage|p2a: Goku|14/100
|move|p2a: Goku|Close Combat|p1a: Ogerpon
|-damage|p1a: Ogerpon|0 fnt
|-unboost|p2a: Goku|def|1
|-unboost|p2a: Goku|spd|1
|faint|p1a: Ogerpon
|
|upkeep
|
|t:|1743790070
|switch|p1a: Dragonite|Dragonite, M|100/100
|turn|3
|
|t:|1743790079
|move|p2a: Goku|Close Combat|p1a: Dragonite
|-resisted|p1a: Dragonite
|-damage|p1a: Dragonite|77/100
|-unboost|p2a: Goku|def|1
|-unboost|p2a: Goku|spd|1
|move|p1a: Dragonite|Dragon Dance|p1a: Dragonite
|-boost|p1a: Dragonite|atk|1
|-boost|p1a: Dragonite|spe|1
|
|upkeep
|turn|4
|
|t:|1743790085
|move|p1a: Dragonite|Dragon Dance|p1a: Dragonite
|-boost|p1a: Dragonite|atk|1
|-boost|p1a: Dragonite|spe|1
|move|p2a: Goku|Close Combat|p1a: Dragonite
|-resisted|p1a: Dragonite
|-damage|p1a: Dragonite|33/100
|-unboost|p2a: Goku|def|1
|-unboost|p2a: Goku|spd|1
|
|upkeep
|turn|5
|
|t:|1743790094
|move|p1a: Dragonite|Earthquake|p2a: Goku
|-supereffective|p2a: Goku
|-damage|p2a: Goku|0 fnt
|faint|p2a: Goku
|
|upkeep
|inactive|Battle timer is ON: inactive players will automatically lose when time's up. (requested by Chococadeau)
|
|t:|1743790124
|switch|p2a: Eileen|Whimsicott, F, shiny|100/100
|-damage|p2a: Eileen|88/100|[from] Stealth Rock
|turn|6
|
|t:|1743790136
|-terastallize|p1a: Dragonite|Normal
|move|p1a: Dragonite|Extreme Speed|p2a: Eileen
|-damage|p2a: Eileen|0 fnt
|faint|p2a: Eileen
|
|upkeep
|inactive|Sleeping Closet has 120 seconds left.
|
|t:|1743790169
|switch|p2a: Limp Bizkit|Krookodile, M, shiny|100/100
|-damage|p2a: Limp Bizkit|94/100|[from] Stealth Rock
|turn|7
|inactive|Sleeping Closet has 120 seconds left.
|
|t:|1743790182
|move|p1a: Dragonite|Ice Spinner|p2a: Limp Bizkit
|-supereffective|p2a: Limp Bizkit
|-damage|p2a: Limp Bizkit|0 fnt
|faint|p2a: Limp Bizkit
|
|upkeep
|
|t:|1743790185
|switch|p2a: Saitama|Slowbro-Galar, M, shiny|100/100
|-damage|p2a: Saitama|88/100|[from] Stealth Rock
|turn|8
|-activate|p2a: Saitama|item: Quick Claw
|
|t:|1743790195
|move|p2a: Saitama|Drain Punch|p1a: Dragonite
|-supereffective|p1a: Dragonite
|-damage|p1a: Dragonite|0 fnt
|-heal|p2a: Saitama|100/100|[from] drain|[of] p1a: Dragonite
|faint|p1a: Dragonite
|
|upkeep
|
|t:|1743790217
|switch|p1a: Iron Valiant|Iron Valiant|100/100
|-enditem|p1a: Iron Valiant|Booster Energy
|-activate|p1a: Iron Valiant|ability: Quark Drive|[fromitem]
|-start|p1a: Iron Valiant|quarkdrivespe
|turn|9
|
|t:|1743790236
|move|p1a: Iron Valiant|Knock Off|p2a: Saitama
|-supereffective|p2a: Saitama
|-damage|p2a: Saitama|43/100
|-enditem|p2a: Saitama|Quick Claw|[from] move: Knock Off|[of] p1a: Iron Valiant
|move|p2a: Saitama|Belly Drum||[still]
|-fail|p2a: Saitama
|
|upkeep
|turn|10
|
|t:|1743790256
|move|p1a: Iron Valiant|Swords Dance|p1a: Iron Valiant
|-boost|p1a: Iron Valiant|atk|2
|move|p2a: Saitama|Shell Side Arm|p1a: Iron Valiant|[anim] Shell Side Arm Physical
|-supereffective|p1a: Iron Valiant
|-damage|p1a: Iron Valiant|3/100
|-hint|Physical Shell Side Arm
|
|upkeep
|turn|11
|-activate|p2a: Saitama|ability: Quick Draw
|
|t:|1743790259
|move|p2a: Saitama|Shell Side Arm|p1a: Iron Valiant|[anim] Shell Side Arm Physical
|-supereffective|p1a: Iron Valiant
|-damage|p1a: Iron Valiant|0 fnt
|-hint|Physical Shell Side Arm
|faint|p1a: Iron Valiant
|-end|p1a: Iron Valiant|Quark Drive|[silent]
|
|upkeep
|
|t:|1743790264
|switch|p1a: Gholdengo|Gholdengo|100/100
|-item|p1a: Gholdengo|Air Balloon
|turn|12
|
|t:|1743790269
|switch|p2a: Hotaru|Oricorio-Sensu, F, shiny|100/100
|move|p1a: Gholdengo|Shadow Ball|p2a: Hotaru
|-supereffective|p2a: Hotaru
|-damage|p2a: Hotaru|0 fnt
|faint|p2a: Hotaru
|
|upkeep
|-message|Sleeping Closet forfeited.
|
|win|Chococadeau
|raw|Chococadeau's rating: 1588 &rarr; <strong>1603</strong><br />(+15 for winning)
|raw|Sleeping Closet's rating: 1498 &rarr; <strong>1483</strong><br />(-15 for losing)
|l|☆Sleeping Closet
|player|p2|
|l|☆Chococadeau
|player|p1|
