|j|‽wavestrider
|j|☆chilldawg12345
|t:|1743870383
|gametype|singles
|player|p1|wavestrider|pokemonranger-gen4|1129
|player|p2|chilldawg12345|dragontamer|1069
|teamsize|p1|6
|teamsize|p2|6
|gen|9
|tier|[Gen 9] OU
|rated|
|rule|HP Percentage Mod: HP is shown in percentages
|rule|Endless Battle Clause: Forcing endless battles is banned
|rule|Species Clause: Limit one of each Pokémon
|rule|OHKO Clause: OHKO moves are banned
|rule|Evasion Items Clause: Evasion items are banned
|rule|Evasion Moves Clause: Evasion moves are banned
|rule|Sleep Moves Clause: Sleep-inducing moves are banned
|clearpoke
|poke|p1|Azumarill, F|
|poke|p1|Gliscor, M|
|poke|p1|Clodsire, M|
|poke|p1|Zamazenta-*|
|poke|p1|Gholdengo|
|poke|p1|Clefable, F|
|poke|p2|Wo-Chien|
|poke|p2|Barraskewda, F|
|poke|p2|Mew|
|poke|p2|Vikavolt, F|
|poke|p2|Blastoise, F|
|poke|p2|Corviknight, M|
|teampreview
|inactive|Battle timer is ON: inactive players will automatically lose when time's up. (requested by chilldawg12345)
|
|t:|1743870394
|start
|switch|p1a: Gliscor|Gliscor, M|100/100
|switch|p2a: Vikavolt|Vikavolt, F|100/100
|turn|1
|
|t:|1743870400
|move|p1a: Gliscor|Spikes|p2a: Vikavolt
|-sidestart|p2: chilldawg12345|Spikes
|move|p2a: Vikavolt|Agility|p2a: Vikavolt
|-boost|p2a: Vikavolt|spe|2
|
|-status|p1a: Gliscor|tox|[from] item: Toxic Orb
|upkeep
|turn|2
|
|t:|1743870420
|move|p2a: Vikavolt|Bug Buzz|p1a: Gliscor
|-resisted|p1a: Gliscor
|-damage|p1a: Gliscor|66/100 tox
|-enditem|p2a: Vikavolt|Throat Spray
|-boost|p2a: Vikavolt|spa|1|[from] item: Throat Spray
|move|p1a: Gliscor|Knock Off|p2a: Vikavolt
|-damage|p2a: Vikavolt|81/100
|
|-heal|p1a: Gliscor|78/100 tox|[from] ability: Poison Heal
|upkeep
|turn|3
|
|t:|1743870445
|move|p1a: Gliscor|Protect|p1a: Gliscor
|-singleturn|p1a: Gliscor|Protect
|move|p2a: Vikavolt|Energy Ball|p1a: Gliscor
|-activate|p1a: Gliscor|move: Protect
|
|-heal|p1a: Gliscor|91/100 tox|[from] ability: Poison Heal
|upkeep
|turn|4
|
|t:|1743870450
|move|p2a: Vikavolt|Energy Ball|p1a: Gliscor
|-damage|p1a: Gliscor|27/100 tox
|move|p1a: Gliscor|Spikes|p2a: Vikavolt
|-sidestart|p2: chilldawg12345|Spikes
|
|-heal|p1a: Gliscor|39/100 tox|[from] ability: Poison Heal
|upkeep
|turn|5
|
|t:|1743870469
|switch|p1a: Clodsire|Clodsire, M|100/100
|move|p2a: Vikavolt|Bug Buzz|p1a: Clodsire
|-resisted|p1a: Clodsire
|-damage|p1a: Clodsire|80/100
|
|upkeep
|turn|6
|
|t:|1743870476
|move|p2a: Vikavolt|Energy Ball|p1a: Clodsire
|-damage|p1a: Clodsire|51/100
|move|p1a: Clodsire|Toxic|p2a: Vikavolt
|-status|p2a: Vikavolt|tox
|
|-damage|p2a: Vikavolt|75/100 tox|[from] psn
|upkeep
|turn|7
|
|t:|1743870491
|switch|p2a: Wo-Chien|Wo-Chien|100/100
|-damage|p2a: Wo-Chien|84/100|[from] Spikes
|-ability|p2a: Wo-Chien|Tablets of Ruin
|move|p1a: Clodsire|Recover|p1a: Clodsire
|-heal|p1a: Clodsire|100/100
|
|-heal|p2a: Wo-Chien|90/100|[from] item: Leftovers
|upkeep
|turn|8
|inactive|chilldawg12345 has 120 seconds left.
|
|t:|1743870519
|move|p2a: Wo-Chien|Leech Seed|p1a: Clodsire
|-start|p1a: Clodsire|move: Leech Seed
|move|p1a: Clodsire|Toxic|p2a: Wo-Chien
|-status|p2a: Wo-Chien|tox
|
|-heal|p2a: Wo-Chien|96/100 tox|[from] item: Leftovers
|-damage|p1a: Clodsire|88/100|[from] Leech Seed|[of] p2a: Wo-Chien
|-heal|p2a: Wo-Chien|100/100 tox|[silent]
|-damage|p2a: Wo-Chien|94/100 tox|[from] psn
|upkeep
|turn|9
|inactive|chilldawg12345 has 120 seconds left.
|
|t:|1743870533
|move|p2a: Wo-Chien|Knock Off|p1a: Clodsire
|-damage|p1a: Clodsire|59/100
|-enditem|p1a: Clodsire|Heavy-Duty Boots|[from] move: Knock Off|[of] p2a: Wo-Chien
|move|p1a: Clodsire|Stealth Rock|p2a: Wo-Chien
|-sidestart|p2: chilldawg12345|move: Stealth Rock
|
|-heal|p2a: Wo-Chien|100/100 tox|[from] item: Leftovers
|-damage|p1a: Clodsire|47/100|[from] Leech Seed|[of] p2a: Wo-Chien
|-damage|p2a: Wo-Chien|88/100 tox|[from] psn
|upkeep
|turn|10
|inactive|chilldawg12345 has 120 seconds left.
|
|t:|1743870547
|switch|p2a: Blastoise|Blastoise, F|100/100
|-damage|p2a: Blastoise|84/100|[from] Spikes
|-damage|p2a: Blastoise|72/100|[from] Stealth Rock
|switch|p1a: Clefable|Clefable, F|100/100
|
|upkeep
|turn|11
|inactive|chilldawg12345 has 120 seconds left.
|
|t:|1743870567
|move|p2a: Blastoise|Flash Cannon|p1a: Clefable
|-supereffective|p1a: Clefable
|-damage|p1a: Clefable|57/100
|move|p1a: Clefable|Thunder Wave|p2a: Blastoise
|-status|p2a: Blastoise|par
|
|upkeep
|turn|12
|
|t:|1743870579
|switch|p1a: Clodsire|Clodsire, M|47/100
|cant|p2a: Blastoise|par
|
|upkeep
|turn|13
|inactive|chilldawg12345 has 120 seconds left.
|inactive|chilldawg12345 has 90 seconds left.
|
|t:|1743870620
|switch|p2a: Mew|Mew|100/100
|-damage|p2a: Mew|84/100|[from] Spikes
|-damage|p2a: Mew|72/100|[from] Stealth Rock
|move|p1a: Clodsire|Recover|p1a: Clodsire
|-heal|p1a: Clodsire|97/100
|
|-heal|p2a: Mew|78/100|[from] item: Leftovers
|upkeep
|turn|14
|
|t:|1743870627
|move|p2a: Mew|Stealth Rock|p1a: Clodsire
|-sidestart|p1: wavestrider|move: Stealth Rock
|move|p1a: Clodsire|Toxic|p2a: Mew
|-status|p2a: Mew|tox
|-activate|p2a: Mew|ability: Synchronize
|-immune|p1a: Clodsire
|
|-heal|p2a: Mew|84/100 tox|[from] item: Leftovers
|-damage|p2a: Mew|78/100 tox|[from] psn
|upkeep
|turn|15
|
|t:|1743870632
|switch|p1a: Gliscor|Gliscor, M|39/100 tox
|-damage|p1a: Gliscor|27/100 tox|[from] Stealth Rock
|move|p2a: Mew|Spikes|p1a: Gliscor
|-sidestart|p1: wavestrider|Spikes
|
|-heal|p2a: Mew|84/100 tox|[from] item: Leftovers
|-damage|p2a: Mew|72/100 tox|[from] psn
|-heal|p1a: Gliscor|39/100 tox|[from] ability: Poison Heal
|upkeep
|turn|16
|
|t:|1743870646
|switch|p2a: Corviknight|Corviknight, M|100/100
|-damage|p2a: Corviknight|88/100|[from] Stealth Rock
|move|p1a: Gliscor|Knock Off|p2a: Corviknight
|-damage|p2a: Corviknight|76/100
|-damage|p1a: Gliscor|23/100 tox|[from] item: Rocky Helmet|[of] p2a: Corviknight
|-enditem|p2a: Corviknight|Rocky Helmet|[from] move: Knock Off|[of] p1a: Gliscor
|
|-heal|p1a: Gliscor|35/100 tox|[from] ability: Poison Heal
|upkeep
|turn|17
|
|t:|1743870656
|switch|p1a: Gholdengo|Gholdengo|100/100
|move|p2a: Corviknight|Drill Peck|p1a: Gholdengo
|-resisted|p1a: Gholdengo
|-damage|p1a: Gholdengo|92/100
|
|upkeep
|turn|18
|
|t:|1743870664
|switch|p2a: Wo-Chien|Wo-Chien|88/100 tox
|-damage|p2a: Wo-Chien|72/100 tox|[from] Spikes
|-damage|p2a: Wo-Chien|59/100 tox|[from] Stealth Rock
|-ability|p2a: Wo-Chien|Tablets of Ruin
|move|p1a: Gholdengo|Shadow Ball|p2a: Wo-Chien
|-resisted|p2a: Wo-Chien
|-damage|p2a: Wo-Chien|49/100 tox
|
|-heal|p2a: Wo-Chien|56/100 tox|[from] item: Leftovers
|-damage|p2a: Wo-Chien|49/100 tox|[from] psn
|upkeep
|turn|19
|inactive|chilldawg12345 has 120 seconds left.
|
|t:|1743870677
|switch|p1a: Clefable|Clefable, F|57/100
|move|p2a: Wo-Chien|Leech Seed|p1a: Clefable
|-start|p1a: Clefable|move: Leech Seed
|
|-heal|p2a: Wo-Chien|56/100 tox|[from] item: Leftovers
|-damage|p2a: Wo-Chien|43/100 tox|[from] psn
|upkeep
|turn|20
|inactive|chilldawg12345 has 120 seconds left.
|
|t:|1743870685
|move|p2a: Wo-Chien|Knock Off|p1a: Clefable
|-resisted|p1a: Clefable
|-damage|p1a: Clefable|47/100
|-damage|p2a: Wo-Chien|27/100 tox|[from] item: Rocky Helmet|[of] p1a: Clefable
|-enditem|p1a: Clefable|Rocky Helmet|[from] move: Knock Off|[of] p2a: Wo-Chien
|move|p1a: Clefable|Wish|p1a: Clefable
|
|-heal|p2a: Wo-Chien|33/100 tox|[from] item: Leftovers
|-damage|p2a: Wo-Chien|14/100 tox|[from] psn
|upkeep
|turn|21
|
|t:|1743870693
|move|p2a: Wo-Chien|Ruination|p1a: Clefable|[miss]
|-miss|p2a: Wo-Chien|p1a: Clefable
|move|p1a: Clefable|Moonblast|p2a: Wo-Chien
|-supereffective|p2a: Wo-Chien
|-damage|p2a: Wo-Chien|0 fnt
|faint|p2a: Wo-Chien
|
|-heal|p1a: Clefable|97/100|[from] move: Wish|[wisher] Clefable
|upkeep
|
|t:|1743870700
|switch|p2a: Barraskewda|Barraskewda, F|100/100
|-damage|p2a: Barraskewda|84/100|[from] Spikes
|-damage|p2a: Barraskewda|72/100|[from] Stealth Rock
|turn|22
|
|t:|1743870708
|-terastallize|p2a: Barraskewda|Water
|move|p2a: Barraskewda|Flip Turn|p1a: Clefable
|-damage|p1a: Clefable|44/100
|
|t:|1743870716
|switch|p2a: Mew|Mew|72/100 tox|[from] Flip Turn
|-damage|p2a: Mew|55/100 tox|[from] Spikes
|-damage|p2a: Mew|43/100 tox|[from] Stealth Rock
|move|p1a: Clefable|Thunder Wave||[still]
|-fail|p1a: Clefable
|
|-heal|p2a: Mew|49/100 tox|[from] item: Leftovers
|-damage|p2a: Mew|43/100 tox|[from] psn
|upkeep
|turn|23
|
|t:|1743870727
|move|p2a: Mew|Earthquake|p1a: Clefable
|-damage|p1a: Clefable|25/100
|move|p1a: Clefable|Wish|p1a: Clefable
|
|-heal|p2a: Mew|49/100 tox|[from] item: Leftovers
|-damage|p2a: Mew|36/100 tox|[from] psn
|upkeep
|turn|24
|
|t:|1743870733
|switch|p2a: Barraskewda|Barraskewda, F, tera:Water|72/100
|-damage|p2a: Barraskewda|56/100|[from] Spikes
|-damage|p2a: Barraskewda|43/100|[from] Stealth Rock
|move|p1a: Clefable|Moonblast|p2a: Barraskewda
|-crit|p2a: Barraskewda
|-damage|p2a: Barraskewda|0 fnt
|faint|p2a: Barraskewda
|
|-heal|p1a: Clefable|75/100|[from] move: Wish|[wisher] Clefable
|upkeep
|inactive|chilldawg12345 has 120 seconds left.
|
|t:|1743870773
|switch|p2a: Vikavolt|Vikavolt, F|75/100 tox
|-damage|p2a: Vikavolt|50/100 tox|[from] Stealth Rock
|turn|25
|
|t:|1743870783
|move|p2a: Vikavolt|Bug Buzz|p1a: Clefable
|-resisted|p1a: Clefable
|-damage|p1a: Clefable|48/100
|move|p1a: Clefable|Moonblast|p2a: Vikavolt
|-damage|p2a: Vikavolt|5/100 tox
|
|-damage|p2a: Vikavolt|0 fnt|[from] psn
|faint|p2a: Vikavolt
|upkeep
|
|t:|1743870803
|switch|p2a: Blastoise|Blastoise, F|72/100 par
|-damage|p2a: Blastoise|55/100 par|[from] Spikes
|-damage|p2a: Blastoise|43/100 par|[from] Stealth Rock
|turn|26
|
|t:|1743870808
|switch|p1a: Gholdengo|Gholdengo|92/100
|move|p2a: Blastoise|Flash Cannon|p1a: Gholdengo
|-resisted|p1a: Gholdengo
|-damage|p1a: Gholdengo|81/100
|
|upkeep
|turn|27
|
|t:|1743870817
|switch|p2a: Mew|Mew|36/100 tox
|-damage|p2a: Mew|20/100 tox|[from] Spikes
|-damage|p2a: Mew|7/100 tox|[from] Stealth Rock
|move|p1a: Gholdengo|Shadow Ball|p2a: Mew
|-supereffective|p2a: Mew
|-damage|p2a: Mew|0 fnt
|faint|p2a: Mew
|
|upkeep
|
|t:|1743870820
|switch|p2a: Corviknight|Corviknight, M|76/100
|-damage|p2a: Corviknight|64/100|[from] Stealth Rock
|turn|28
|
|t:|1743870825
|move|p1a: Gholdengo|Nasty Plot|p1a: Gholdengo
|-boost|p1a: Gholdengo|spa|2
|move|p2a: Corviknight|Roost|p2a: Corviknight
|-heal|p2a: Corviknight|100/100
|-singleturn|p2a: Corviknight|move: Roost
|
|upkeep
|turn|29
|inactive|chilldawg12345 has 120 seconds left.
|
|t:|1743870843
|move|p1a: Gholdengo|Shadow Ball|p2a: Corviknight
|-damage|p2a: Corviknight|32/100
|-ability|p2a: Corviknight|Mirror Armor
|-unboost|p1a: Gholdengo|spd|1
|move|p2a: Corviknight|Drill Peck|p1a: Gholdengo
|-resisted|p1a: Gholdengo
|-damage|p1a: Gholdengo|72/100
|
|upkeep
|turn|30
|
|t:|1743870852
|move|p1a: Gholdengo|Shadow Ball|p2a: Corviknight
|-damage|p2a: Corviknight|0 fnt
|faint|p2a: Corviknight
|
|upkeep
|
|t:|1743870860
|switch|p2a: Blastoise|Blastoise, F|43/100 par
|-damage|p2a: Blastoise|27/100 par|[from] Spikes
|-damage|p2a: Blastoise|14/100 par|[from] Stealth Rock
|turn|31
|
|t:|1743870871
|switch|p1a: Clodsire|Clodsire, M|97/100
|-damage|p1a: Clodsire|91/100|[from] Stealth Rock
|-damage|p1a: Clodsire|78/100|[from] Spikes
|move|p2a: Blastoise|Surf|p1a: Clodsire
|-heal|p1a: Clodsire|100/100|[from] ability: Water Absorb|[of] p2a: Blastoise
|
|upkeep
|turn|32
|
|t:|1743870876
|move|p2a: Blastoise|Ice Beam|p1a: Clodsire
|-supereffective|p1a: Clodsire
|-damage|p1a: Clodsire|73/100
|move|p1a: Clodsire|Earthquake|p2a: Blastoise
|-damage|p2a: Blastoise|0 fnt
|faint|p2a: Blastoise
|
|win|wavestrider
|raw|wavestrider's rating: 1129 &rarr; <strong>1152</strong><br />(+23 for winning)
|raw|chilldawg12345's rating: 1098 &rarr; <strong>1075</strong><br />(-23 for losing)
|l|☆chilldawg12345
|player|p2|
