|j|☆Eliano030
|j|☆styreiz le fourbe
|t:|1743789223
|gametype|singles
|player|p1|Eliano030|102|1473
|player|p2|styreiz le fourbe|101|1510
|teamsize|p1|6
|teamsize|p2|6
|gen|9
|tier|[Gen 9] OU
|rated|
|rule|HP Percentage Mod: HP is shown in percentages
|rule|Endless Battle Clause: Forcing endless battles is banned
|rule|Species Clause: Limit one of each Pokémon
|rule|OHKO Clause: OHKO moves are banned
|rule|Evasion Items Clause: Evasion items are banned
|rule|Evasion Moves Clause: Evasion moves are banned
|rule|Sleep Moves Clause: Sleep-inducing moves are banned
|clearpoke
|poke|p1|Meowscarada, F|
|poke|p1|Cinderace, F|
|poke|p1|Greninja-*, M|
|poke|p1|Garganacl, M|
|poke|p1|Bronzong|
|poke|p1|Donphan, L1, F|
|poke|p2|Pelipper, F|
|poke|p2|Manaphy|
|poke|p2|Raging Bolt|
|poke|p2|Iron Treads|
|poke|p2|Dragapult, F|
|poke|p2|Gholdengo|
|teampreview
|inactive|Battle timer is ON: inactive players will automatically lose when time's up. (requested by Eliano030)
|
|t:|1743789245
|start
|switch|p1a: Meow Meow|Meowscarada, F|100/100
|switch|p2a: Dragapult|Dragapult, F|100/100
|turn|1
|
|t:|1743789252
|switch|p2a: Pelipper|Pelipper, F|100/100
|-weather|RainDance|[from] ability: Drizzle|[of] p2a: Pelipper
|move|p1a: Meow Meow|Knock Off|p2a: Pelipper
|-start|p1a: Meow Meow|typechange|Dark|[from] ability: Protean
|-damage|p2a: Pelipper|66/100
|-enditem|p2a: Pelipper|Heavy-Duty Boots|[from] move: Knock Off|[of] p1a: Meow Meow
|
|-weather|RainDance|[upkeep]
|upkeep
|turn|2
|
|t:|1743789268
|switch|p1a: Saltilter|Garganacl, M|100/100
|move|p2a: Pelipper|U-turn|p1a: Saltilter
|-damage|p1a: Saltilter|96/100
|
|t:|1743789275
|switch|p2a: Manaphy|Manaphy|100/100|[from] U-turn
|
|-weather|RainDance|[upkeep]
|-heal|p1a: Saltilter|100/100|[from] item: Leftovers
|upkeep
|turn|3
|
|t:|1743789283
|-terastallize|p1a: Saltilter|Water
|move|p2a: Manaphy|Energy Ball|p1a: Saltilter
|-supereffective|p1a: Saltilter
|-damage|p1a: Saltilter|28/100
|-damage|p2a: Manaphy|91/100|[from] item: Life Orb
|move|p1a: Saltilter|Salt Cure|p2a: Manaphy
|-damage|p2a: Manaphy|77/100
|-start|p2a: Manaphy|Salt Cure
|
|-weather|RainDance|[upkeep]
|-heal|p1a: Saltilter|35/100|[from] item: Leftovers
|-damage|p2a: Manaphy|52/100|[from] Salt Cure
|upkeep
|turn|4
|c|☆Eliano030|damn
|
|t:|1743789297
|move|p1a: Saltilter|Protect|p1a: Saltilter
|-singleturn|p1a: Saltilter|Protect
|move|p2a: Manaphy|Energy Ball|p1a: Saltilter
|-activate|p1a: Saltilter|move: Protect
|
|-weather|RainDance|[upkeep]
|-heal|p1a: Saltilter|41/100|[from] item: Leftovers
|-damage|p2a: Manaphy|27/100|[from] Salt Cure
|upkeep
|turn|5
|
|t:|1743789308
|switch|p1a: Bronthong|Bronzong, shiny|100/100
|move|p2a: Manaphy|Rest|p2a: Manaphy
|-status|p2a: Manaphy|slp|[from] move: Rest
|-heal|p2a: Manaphy|100/100 slp|[silent]
|
|-weather|none
|-damage|p2a: Manaphy|76/100 slp|[from] Salt Cure
|upkeep
|turn|6
|
|t:|1743789318
|switch|p2a: Pelipper|Pelipper, F|66/100
|-weather|RainDance|[from] ability: Drizzle|[of] p2a: Pelipper
|move|p1a: Bronthong|Future Sight|p2a: Pelipper
|-start|p1a: Bronthong|move: Future Sight
|
|-weather|RainDance|[upkeep]
|upkeep
|turn|7
|
|t:|1743789325
|move|p2a: Pelipper|Roost|p2a: Pelipper
|-heal|p2a: Pelipper|100/100
|-singleturn|p2a: Pelipper|move: Roost
|move|p1a: Bronthong|Gyro Ball|p2a: Pelipper
|-resisted|p2a: Pelipper
|-damage|p2a: Pelipper|93/100
|
|-weather|RainDance|[upkeep]
|upkeep
|turn|8
|
|t:|1743789335
|move|p2a: Pelipper|U-turn|p1a: Bronthong
|-damage|p1a: Bronthong|92/100
|
|t:|1743789341
|switch|p2a: Manaphy|Manaphy|76/100 slp|[from] U-turn
|move|p1a: Bronthong|Body Press|p2a: Manaphy
|-damage|p2a: Manaphy|55/100 slp
|
|-weather|RainDance|[upkeep]
|-end|p2a: Manaphy|move: Future Sight
|-damage|p2a: Manaphy|19/100 slp
|-activate|p2a: Manaphy|ability: Hydration
|-curestatus|p2a: Manaphy|slp|[msg]
|-heal|p1a: Bronthong|98/100|[from] item: Leftovers
|upkeep
|turn|9
|
|t:|1743789354
|switch|p1a: Meow Meow|Meowscarada, F|100/100
|move|p2a: Manaphy|Rest|p2a: Manaphy
|-status|p2a: Manaphy|slp|[from] move: Rest
|-heal|p2a: Manaphy|100/100 slp|[silent]
|
|-weather|RainDance|[upkeep]
|-activate|p2a: Manaphy|ability: Hydration
|-curestatus|p2a: Manaphy|slp|[msg]
|upkeep
|turn|10
|
|t:|1743789367
|switch|p2a: Raging Bolt|Raging Bolt|100/100
|move|p1a: Meow Meow|Knock Off|p2a: Raging Bolt
|-start|p1a: Meow Meow|typechange|Dark|[from] ability: Protean
|-crit|p2a: Raging Bolt
|-damage|p2a: Raging Bolt|42/100
|-enditem|p2a: Raging Bolt|Choice Specs|[from] move: Knock Off|[of] p1a: Meow Meow
|
|-weather|none
|upkeep
|turn|11
|
|t:|1743789379
|switch|p1a: Bronthong|Bronzong, shiny|98/100
|move|p2a: Raging Bolt|Weather Ball|p1a: Bronthong
|-resisted|p1a: Bronthong
|-damage|p1a: Bronthong|91/100
|
|-heal|p1a: Bronthong|97/100|[from] item: Leftovers
|upkeep
|turn|12
|
|t:|1743789388
|move|p2a: Raging Bolt|Volt Switch|p1a: Bronthong
|-damage|p1a: Bronthong|70/100
|
|t:|1743789397
|-end|p2a: Raging Bolt|Protosynthesis|[silent]
|switch|p2a: Manaphy|Manaphy|100/100|[from] Volt Switch
|move|p1a: Bronthong|Future Sight|p2a: Manaphy
|-start|p1a: Bronthong|move: Future Sight
|
|-heal|p1a: Bronthong|76/100|[from] item: Leftovers
|upkeep
|turn|13
|
|t:|1743789405
|move|p2a: Manaphy|Surf|p1a: Bronthong
|-damage|p1a: Bronthong|40/100
|-damage|p2a: Manaphy|91/100|[from] item: Life Orb
|move|p1a: Bronthong|Body Press|p2a: Manaphy
|-damage|p2a: Manaphy|71/100
|
|-heal|p1a: Bronthong|46/100|[from] item: Leftovers
|upkeep
|turn|14
|
|t:|1743789416
|switch|p2a: Gholdengo|Gholdengo|100/100
|move|p1a: Bronthong|Protect||[still]
|-fail|p1a: Bronthong
|
|-end|p2a: Gholdengo|move: Future Sight
|-resisted|p2a: Gholdengo
|-damage|p2a: Gholdengo|84/100
|-heal|p1a: Bronthong|53/100|[from] item: Leftovers
|upkeep
|turn|15
|
|t:|1743789435
|move|p2a: Gholdengo|Nasty Plot|p2a: Gholdengo
|-boost|p2a: Gholdengo|spa|2
|move|p1a: Bronthong|Future Sight|p2a: Gholdengo
|-start|p1a: Bronthong|move: Future Sight
|
|-heal|p1a: Bronthong|59/100|[from] item: Leftovers
|upkeep
|turn|16
|
|t:|1743789443
|move|p2a: Gholdengo|Shadow Ball|p1a: Bronthong
|-supereffective|p1a: Bronthong
|-damage|p1a: Bronthong|0 fnt
|faint|p1a: Bronthong
|
|upkeep
|
|t:|1743789448
|switch|p1a: Meow Meow|Meowscarada, F|100/100
|turn|17
|
|t:|1743789464
|switch|p2a: Raging Bolt|Raging Bolt|42/100
|move|p1a: Meow Meow|Knock Off|p2a: Raging Bolt
|-start|p1a: Meow Meow|typechange|Dark|[from] ability: Protean
|-damage|p2a: Raging Bolt|14/100
|
|-end|p2a: Raging Bolt|move: Future Sight
|-damage|p2a: Raging Bolt|0 fnt
|faint|p2a: Raging Bolt
|-end|p2a: Raging Bolt|Protosynthesis|[silent]
|upkeep
|
|t:|1743789480
|switch|p2a: Pelipper|Pelipper, F|93/100
|-weather|RainDance|[from] ability: Drizzle|[of] p2a: Pelipper
|turn|18
|
|t:|1743789486
|switch|p1a: Saltilter|Garganacl, M, tera:Water|41/100
|move|p2a: Pelipper|U-turn|p1a: Saltilter
|-damage|p1a: Saltilter|36/100
|
|t:|1743789492
|switch|p2a: Manaphy|Manaphy|71/100|[from] U-turn
|
|-weather|RainDance|[upkeep]
|-heal|p1a: Saltilter|42/100|[from] item: Leftovers
|upkeep
|turn|19
|
|t:|1743789498
|move|p1a: Saltilter|Protect|p1a: Saltilter
|-singleturn|p1a: Saltilter|Protect
|move|p2a: Manaphy|Energy Ball|p1a: Saltilter
|-activate|p1a: Saltilter|move: Protect
|
|-weather|RainDance|[upkeep]
|-heal|p1a: Saltilter|48/100|[from] item: Leftovers
|upkeep
|turn|20
|
|t:|1743789512
|move|p2a: Manaphy|Ice Beam|p1a: Saltilter
|-resisted|p1a: Saltilter
|-damage|p1a: Saltilter|30/100
|-damage|p2a: Manaphy|61/100|[from] item: Life Orb
|move|p1a: Saltilter|Salt Cure|p2a: Manaphy
|-damage|p2a: Manaphy|46/100
|-start|p2a: Manaphy|Salt Cure
|
|-weather|RainDance|[upkeep]
|-heal|p1a: Saltilter|37/100|[from] item: Leftovers
|-damage|p2a: Manaphy|21/100|[from] Salt Cure
|upkeep
|turn|21
|
|t:|1743789523
|move|p2a: Manaphy|Rest|p2a: Manaphy
|-status|p2a: Manaphy|slp|[from] move: Rest
|-heal|p2a: Manaphy|100/100 slp|[silent]
|move|p1a: Saltilter|Recover|p1a: Saltilter
|-heal|p1a: Saltilter|87/100
|
|-weather|RainDance|[upkeep]
|-activate|p2a: Manaphy|ability: Hydration
|-curestatus|p2a: Manaphy|slp|[msg]
|-heal|p1a: Saltilter|93/100|[from] item: Leftovers
|-damage|p2a: Manaphy|76/100|[from] Salt Cure
|upkeep
|turn|22
|
|t:|1743789539
|switch|p2a: Gholdengo|Gholdengo|84/100
|switch|p1a: Meow Meow|Meowscarada, F|100/100
|
|-weather|none
|upkeep
|turn|23
|
|t:|1743789547
|switch|p2a: Pelipper|Pelipper, F|93/100
|-weather|RainDance|[from] ability: Drizzle|[of] p2a: Pelipper
|move|p1a: Meow Meow|U-turn|p2a: Pelipper
|-start|p1a: Meow Meow|typechange|Bug|[from] ability: Protean
|-resisted|p2a: Pelipper
|-damage|p2a: Pelipper|81/100
|
|t:|1743789554
|switch|p1a: Mr Frogston|Greninja, M|100/100|[from] U-turn
|
|-weather|RainDance|[upkeep]
|upkeep
|turn|24
|
|t:|1743789561
|move|p1a: Mr Frogston|Hydro Pump|p2a: Pelipper
|-resisted|p2a: Pelipper
|-damage|p2a: Pelipper|26/100
|move|p2a: Pelipper|U-turn|p1a: Mr Frogston
|-supereffective|p1a: Mr Frogston
|-damage|p1a: Mr Frogston|68/100
|j| Tianmm
|
|t:|1743789571
|switch|p2a: Manaphy|Manaphy|76/100|[from] U-turn
|
|-weather|RainDance|[upkeep]
|upkeep
|turn|25
|
|t:|1743789581
|move|p1a: Mr Frogston|Dark Pulse|p2a: Manaphy
|-damage|p2a: Manaphy|37/100
|cant|p2a: Manaphy|flinch
|
|-weather|RainDance|[upkeep]
|upkeep
|turn|26
|
|t:|1743789590
|switch|p2a: Iron Treads|Iron Treads|100/100
|move|p1a: Mr Frogston|Dark Pulse|p2a: Iron Treads
|-damage|p2a: Iron Treads|67/100
|
|-weather|RainDance|[upkeep]
|upkeep
|turn|27
|
|t:|1743789599
|-end|p2a: Iron Treads|Quark Drive|[silent]
|switch|p2a: Dragapult|Dragapult, F|100/100
|move|p1a: Mr Frogston|Water Shuriken|p2a: Dragapult
|-resisted|p2a: Dragapult
|-damage|p2a: Dragapult|92/100
|-resisted|p2a: Dragapult
|-damage|p2a: Dragapult|85/100
|-resisted|p2a: Dragapult
|-damage|p2a: Dragapult|77/100
|-resisted|p2a: Dragapult
|-damage|p2a: Dragapult|69/100
|-hitcount|p2a: Dragapult|4
|
|-weather|none
|-heal|p2a: Dragapult|75/100|[from] item: Leftovers
|upkeep
|turn|28
|
|t:|1743789613
|switch|p1a: Saltilter|Garganacl, M, tera:Water|93/100
|move|p2a: Dragapult|Dragon Darts|p1a: Saltilter
|-damage|p1a: Saltilter|82/100
|-anim|p2a: Dragapult|Dragon Darts|p1a: Saltilter
|-damage|p1a: Saltilter|71/100
|
|-heal|p2a: Dragapult|81/100|[from] item: Leftovers
|-heal|p1a: Saltilter|77/100|[from] item: Leftovers
|upkeep
|turn|29
|
|t:|1743789624
|switch|p2a: Gholdengo|Gholdengo|84/100
|move|p1a: Saltilter|Salt Cure|p2a: Gholdengo
|-resisted|p2a: Gholdengo
|-damage|p2a: Gholdengo|79/100
|
|-heal|p1a: Saltilter|83/100|[from] item: Leftovers
|upkeep
|turn|30
|
|t:|1743789635
|switch|p1a: Mr Frogston|Greninja, M|68/100
|move|p2a: Gholdengo|Make It Rain|p1a: Mr Frogston
|-resisted|p1a: Mr Frogston
|-damage|p1a: Mr Frogston|23/100
|-unboost|p2a: Gholdengo|spa|1
|
|upkeep
|turn|31
|
|t:|1743789649
|switch|p2a: Manaphy|Manaphy|37/100
|move|p1a: Mr Frogston|Dark Pulse|p2a: Manaphy
|-damage|p2a: Manaphy|0 fnt
|faint|p2a: Manaphy
|-ability|p1a: Mr Frogston|Battle Bond|boost
|-boost|p1a: Mr Frogston|atk|1
|-boost|p1a: Mr Frogston|spa|1
|-boost|p1a: Mr Frogston|spe|1
|-activate|p1a: Mr Frogston|ability: Battle Bond
|
|upkeep
|
|t:|1743789661
|switch|p2a: Iron Treads|Iron Treads|67/100
|turn|32
|
|t:|1743789669
|-terastallize|p2a: Iron Treads|Bug
|move|p1a: Mr Frogston|Water Shuriken|p2a: Iron Treads
|-damage|p2a: Iron Treads|55/100
|-damage|p2a: Iron Treads|44/100
|-damage|p2a: Iron Treads|33/100
|-damage|p2a: Iron Treads|23/100
|-hitcount|p2a: Iron Treads|4
|move|p2a: Iron Treads|Earthquake|p1a: Mr Frogston
|-damage|p1a: Mr Frogston|0 fnt
|faint|p1a: Mr Frogston
|
|upkeep
|
|t:|1743789682
|switch|p1a: Bugs Bunny|Cinderace, F|100/100
|turn|33
|
|t:|1743789687
|-end|p2a: Iron Treads|Quark Drive|[silent]
|switch|p2a: Dragapult|Dragapult, F|81/100
|move|p1a: Bugs Bunny|U-turn|p2a: Dragapult
|-start|p1a: Bugs Bunny|typechange|Bug|[from] ability: Libero
|-resisted|p2a: Dragapult
|-damage|p2a: Dragapult|58/100
|
|t:|1743789689
|switch|p1a: Meow Meow|Meowscarada, F|100/100|[from] U-turn
|
|-heal|p2a: Dragapult|64/100|[from] item: Leftovers
|upkeep
|turn|34
|
|t:|1743789699
|switch|p2a: Pelipper|Pelipper, F|26/100
|-weather|RainDance|[from] ability: Drizzle|[of] p2a: Pelipper
|move|p1a: Meow Meow|Knock Off|p2a: Pelipper
|-start|p1a: Meow Meow|typechange|Dark|[from] ability: Protean
|-damage|p2a: Pelipper|4/100
|
|-weather|RainDance|[upkeep]
|upkeep
|turn|35
|
|t:|1743789714
|move|p1a: Meow Meow|Knock Off|p2a: Pelipper
|-damage|p2a: Pelipper|0 fnt
|faint|p2a: Pelipper
|
|-weather|RainDance|[upkeep]
|upkeep
|-message|styreiz le fourbe forfeited.
|
|win|Eliano030
|raw|Eliano030's rating: 1473 &rarr; <strong>1495</strong><br />(+22 for winning)
|raw|styreiz le fourbe's rating: 1510 &rarr; <strong>1488</strong><br />(-22 for losing)
|l|☆styreiz le fourbe
|player|p2|
|l|☆Eliano030
|player|p1|
