|j|☆Shubway
|j|☆font47
|t:|1743877579
|gametype|singles
|player|p1|Shubway|2|1246
|player|p2|font47|265|1252
|teamsize|p1|6
|teamsize|p2|6
|gen|9
|tier|[Gen 9] OU
|rated|
|rule|HP Percentage Mod: HP is shown in percentages
|rule|Endless Battle Clause: Forcing endless battles is banned
|rule|Species Clause: Limit one of each Pokémon
|rule|OHKO Clause: OHKO moves are banned
|rule|Evasion Items Clause: Evasion items are banned
|rule|Evasion Moves Clause: Evasion moves are banned
|rule|Sleep Moves Clause: Sleep-inducing moves are banned
|clearpoke
|poke|p1|Grimmsnarl, M|
|poke|p1|Froslass, F|
|poke|p1|Glimmora, M|
|poke|p1|Cinderace, M|
|poke|p1|Goodra-Hisui, M|
|poke|p1|Zapdos|
|poke|p2|Zapdos|
|poke|p2|Toxapex, M|
|poke|p2|Darkrai|
|poke|p2|Iron Boulder|
|poke|p2|Mimikyu, F|
|poke|p2|Landorus-Therian, M|
|teampreview
|inactive|Battle timer is ON: inactive players will automatically lose when time's up. (requested by font47)
|inactive|Shubway has 120 seconds left.
|inactive|Shubway has 90 seconds left.
|c|☆font47|Cmon
|inactive|Shubway has 60 seconds left.
|inactive|Shubway has 30 seconds left.
|
|t:|1743877733
|start
|switch|p1a: Zapdos|Zapdos|100/100
|switch|p2a: Darkrai|Darkrai|100/100
|turn|1
|
|t:|1743877757
|move|p2a: Darkrai|Ice Beam|p1a: Zapdos
|-supereffective|p1a: Zapdos
|-damage|p1a: Zapdos|0 fnt
|faint|p1a: Zapdos
|
|upkeep
|
|t:|1743877766
|switch|p1a: Cinderace|Cinderace, M|100/100
|turn|2
|c|☆font47|All that time for an ice beam
|
|t:|1743877781
|switch|p2a: Landorus|Landorus-Therian, M|100/100
|-ability|p2a: Landorus|Intimidate|boost
|-unboost|p1a: Cinderace|atk|1
|move|p1a: Cinderace|U-turn|p2a: Landorus
|-start|p1a: Cinderace|typechange|Bug|[from] ability: Libero
|-resisted|p2a: Landorus
|-damage|p2a: Landorus|86/100
|-damage|p1a: Cinderace|84/100|[from] item: Rocky Helmet|[of] p2a: Landorus
|
|t:|1743877785
|switch|p1a: Froslass|Froslass, F|100/100|[from] U-turn
|
|upkeep
|turn|3
|
|t:|1743877797
|switch|p2a: Toxapex|Toxapex, M|100/100
|move|p1a: Froslass|Will-O-Wisp|p2a: Toxapex
|-status|p2a: Toxapex|brn
|
|-damage|p2a: Toxapex|94/100 brn|[from] brn
|upkeep
|turn|4
|inactive|Shubway has 120 seconds left.
|
|t:|1743877824
|move|p1a: Froslass|Shadow Ball|p2a: Toxapex
|-damage|p2a: Toxapex|71/100 brn
|move|p2a: Toxapex|Infestation|p1a: Froslass
|-resisted|p1a: Froslass
|-damage|p1a: Froslass|98/100
|-activate|p1a: Froslass|move: Infestation|[of] p2a: Toxapex
|
|-heal|p2a: Toxapex|77/100 brn|[from] item: Leftovers
|-damage|p2a: Toxapex|71/100 brn|[from] brn
|-damage|p1a: Froslass|86/100|[from] move: Infestation|[partiallytrapped]
|upkeep
|turn|5
|
|t:|1743877831
|move|p1a: Froslass|Shadow Ball|p2a: Toxapex
|-damage|p2a: Toxapex|49/100 brn
|move|p2a: Toxapex|Toxic|p1a: Froslass
|-status|p1a: Froslass|tox
|
|-heal|p2a: Toxapex|55/100 brn|[from] item: Leftovers
|-damage|p1a: Froslass|80/100 tox|[from] psn
|-damage|p2a: Toxapex|49/100 brn|[from] brn
|-damage|p1a: Froslass|67/100 tox|[from] move: Infestation|[partiallytrapped]
|upkeep
|turn|6
|
|t:|1743877837
|move|p1a: Froslass|Shadow Ball|p2a: Toxapex
|-damage|p2a: Toxapex|24/100 brn
|move|p2a: Toxapex|Recover|p2a: Toxapex
|-heal|p2a: Toxapex|74/100 brn
|
|-heal|p2a: Toxapex|80/100 brn|[from] item: Leftovers
|-damage|p1a: Froslass|55/100 tox|[from] psn
|-damage|p2a: Toxapex|74/100 brn|[from] brn
|-damage|p1a: Froslass|43/100 tox|[from] move: Infestation|[partiallytrapped]
|upkeep
|turn|7
|
|t:|1743877845
|move|p1a: Froslass|Shadow Ball|p2a: Toxapex
|-damage|p2a: Toxapex|50/100 brn
|move|p2a: Toxapex|Recover|p2a: Toxapex
|-heal|p2a: Toxapex|99/100 brn
|
|-heal|p2a: Toxapex|100/100 brn|[from] item: Leftovers
|-damage|p1a: Froslass|25/100 tox|[from] psn
|-damage|p2a: Toxapex|94/100 brn|[from] brn
|-damage|p1a: Froslass|12/100 tox|[from] move: Infestation|[partiallytrapped]
|upkeep
|turn|8
|
|t:|1743877850
|move|p2a: Toxapex|Baneful Bunker|p2a: Toxapex
|-singleturn|p2a: Toxapex|move: Protect
|move|p1a: Froslass|Shadow Ball|p2a: Toxapex
|-activate|p2a: Toxapex|move: Protect
|
|-heal|p2a: Toxapex|100/100 brn|[from] item: Leftovers
|-damage|p1a: Froslass|0 fnt|[from] psn
|faint|p1a: Froslass
|-damage|p2a: Toxapex|94/100 brn|[from] brn
|upkeep
|
|t:|1743877855
|switch|p1a: Glimmora|Glimmora, M|100/100
|turn|9
|
|t:|1743877868
|switch|p2a: Landorus|Landorus-Therian, M|86/100
|-ability|p2a: Landorus|Intimidate|boost
|-unboost|p1a: Glimmora|atk|1
|move|p1a: Glimmora|Stealth Rock|p2a: Landorus
|-sidestart|p2: font47|move: Stealth Rock
|
|upkeep
|turn|10
|
|t:|1743877877
|move|p1a: Glimmora|Mortal Spin|p2a: Landorus
|-resisted|p2a: Landorus
|-damage|p2a: Landorus|85/100
|-status|p2a: Landorus|psn
|-damage|p1a: Glimmora|84/100|[from] item: Rocky Helmet|[of] p2a: Landorus
|move|p2a: Landorus|Earthquake|p1a: Glimmora
|-supereffective|p1a: Glimmora
|-damage|p1a: Glimmora|0 fnt
|-activate|p1a: Glimmora|ability: Toxic Debris
|-sidestart|p2: font47|move: Toxic Spikes
|faint|p1a: Glimmora
|
|-damage|p2a: Landorus|72/100 psn|[from] psn
|upkeep
|
|t:|1743877888
|switch|p1a: Cinderace|Cinderace, M|84/100
|turn|11
|
|t:|1743877910
|switch|p2a: Toxapex|Toxapex, M|100/100 brn
|-damage|p2a: Toxapex|88/100 brn|[from] Stealth Rock
|-sideend|p2: font47|move: Toxic Spikes|[of] p2a: Toxapex
|move|p1a: Cinderace|Pyro Ball|p2a: Toxapex
|-resisted|p2a: Toxapex
|-damage|p2a: Toxapex|55/100 brn
|
|-heal|p2a: Toxapex|61/100 brn|[from] item: Leftovers
|-damage|p2a: Toxapex|55/100 brn|[from] brn
|upkeep
|turn|12
|
|t:|1743877920
|move|p1a: Cinderace|Pyro Ball|p2a: Toxapex
|-resisted|p2a: Toxapex
|-crit|p2a: Toxapex
|-damage|p2a: Toxapex|5/100 brn
|move|p2a: Toxapex|Recover|p2a: Toxapex
|-heal|p2a: Toxapex|55/100 brn
|
|-heal|p2a: Toxapex|61/100 brn|[from] item: Leftovers
|-damage|p2a: Toxapex|55/100 brn|[from] brn
|upkeep
|turn|13
|
|t:|1743877929
|switch|p1a: Goodra|Goodra-Hisui, M|100/100
|move|p2a: Toxapex|Recover|p2a: Toxapex
|-heal|p2a: Toxapex|100/100 brn
|
|-damage|p2a: Toxapex|94/100 brn|[from] brn
|upkeep
|turn|14
|
|t:|1743877946
|switch|p2a: Zapdos|Zapdos, shiny|100/100
|move|p1a: Goodra|Dragon Pulse|p2a: Zapdos
|-damage|p2a: Zapdos|48/100
|
|upkeep
|turn|15
|
|t:|1743877956
|-terastallize|p2a: Zapdos|Fire
|move|p2a: Zapdos|Heat Wave|p1a: Goodra
|-damage|p1a: Goodra|75/100
|move|p1a: Goodra|Dragon Pulse|p2a: Zapdos
|-damage|p2a: Zapdos|0 fnt
|faint|p2a: Zapdos
|
|upkeep
|
|t:|1743877968
|switch|p2a: Darkrai|Darkrai|100/100
|-damage|p2a: Darkrai|88/100|[from] Stealth Rock
|turn|16
|
|t:|1743877975
|switch|p1a: Grimmsnarl|Grimmsnarl, M|100/100
|move|p2a: Darkrai|Ice Beam|p1a: Grimmsnarl
|-damage|p1a: Grimmsnarl|49/100
|
|upkeep
|turn|17
|
|t:|1743877981
|move|p1a: Grimmsnarl|Light Screen|p1a: Grimmsnarl
|-sidestart|p1: Shubway|move: Light Screen
|move|p2a: Darkrai|Ice Beam|p1a: Grimmsnarl
|-damage|p1a: Grimmsnarl|23/100
|
|upkeep
|turn|18
|
|t:|1743877986
|move|p1a: Grimmsnarl|Reflect|p1a: Grimmsnarl
|-sidestart|p1: Shubway|Reflect
|move|p2a: Darkrai|Ice Beam|p1a: Grimmsnarl
|-damage|p1a: Grimmsnarl|0 fnt
|faint|p1a: Grimmsnarl
|
|upkeep
|
|t:|1743877987
|switch|p1a: Cinderace|Cinderace, M|84/100
|turn|19
|
|t:|1743877998
|switch|p2a: Mimikyu|Mimikyu, F|100/100
|-damage|p2a: Mimikyu|88/100|[from] Stealth Rock
|move|p1a: Cinderace|Pyro Ball|p2a: Mimikyu
|-activate|p2a: Mimikyu|ability: Disguise
|-damage|p2a: Mimikyu|88/100
|detailschange|p2a: Mimikyu|Mimikyu-Busted, F
|-damage|p2a: Mimikyu|76/100|[from] pokemon: Mimikyu-Busted
|
|upkeep
|turn|20
|
|t:|1743878007
|move|p2a: Mimikyu|Shadow Sneak|p1a: Cinderace
|-damage|p1a: Cinderace|68/100
|-damage|p2a: Mimikyu|66/100|[from] item: Life Orb
|move|p1a: Cinderace|Pyro Ball|p2a: Mimikyu
|-damage|p2a: Mimikyu|0 fnt
|faint|p2a: Mimikyu
|
|upkeep
|
|t:|1743878014
|switch|p2a: Toxapex|Toxapex, M|100/100 brn
|-damage|p2a: Toxapex|88/100 brn|[from] Stealth Rock
|turn|21
|
|t:|1743878018
|switch|p1a: Goodra|Goodra-Hisui, M|75/100
|move|p2a: Toxapex|Baneful Bunker||[still]
|-fail|p2a: Toxapex
|
|-heal|p2a: Toxapex|94/100 brn|[from] item: Leftovers
|-damage|p2a: Toxapex|88/100 brn|[from] brn
|upkeep
|turn|22
|
|t:|1743878022
|move|p1a: Goodra|Thunderbolt|p2a: Toxapex
|-supereffective|p2a: Toxapex
|-damage|p2a: Toxapex|41/100 brn
|move|p2a: Toxapex|Infestation|p1a: Goodra
|-resisted|p1a: Goodra
|-damage|p1a: Goodra|75/100
|-activate|p1a: Goodra|move: Infestation|[of] p2a: Toxapex
|
|-heal|p2a: Toxapex|47/100 brn|[from] item: Leftovers
|-damage|p2a: Toxapex|41/100 brn|[from] brn
|-damage|p1a: Goodra|62/100|[from] move: Infestation|[partiallytrapped]
|upkeep
|turn|23
|
|t:|1743878030
|move|p2a: Toxapex|Baneful Bunker|p2a: Toxapex
|-singleturn|p2a: Toxapex|move: Protect
|move|p1a: Goodra|Surf|p2a: Toxapex
|-activate|p2a: Toxapex|move: Protect
|
|-heal|p2a: Toxapex|47/100 brn|[from] item: Leftovers
|-damage|p2a: Toxapex|41/100 brn|[from] brn
|-damage|p1a: Goodra|50/100|[from] move: Infestation|[partiallytrapped]
|upkeep
|turn|24
|
|t:|1743878038
|move|p1a: Goodra|Thunderbolt|p2a: Toxapex
|-supereffective|p2a: Toxapex
|-damage|p2a: Toxapex|0 fnt
|faint|p2a: Toxapex
|
|-end|p1a: Goodra|Infestation|[partiallytrapped]|[silent]
|-sideend|p1: Shubway|move: Light Screen
|upkeep
|
|t:|1743878044
|switch|p2a: Landorus|Landorus-Therian, M|72/100 psn
|-damage|p2a: Landorus|60/100 psn|[from] Stealth Rock
|-ability|p2a: Landorus|Intimidate|boost
|-unboost|p1a: Goodra|atk|1
|turn|25
|
|t:|1743878058
|-terastallize|p1a: Goodra|Water
|move|p2a: Landorus|Outrage|p1a: Goodra
|-damage|p1a: Goodra|30/100
|move|p1a: Goodra|Surf|p2a: Landorus
|-supereffective|p2a: Landorus
|-damage|p2a: Landorus|0 fnt
|faint|p2a: Landorus
|
|-sideend|p1: Shubway|Reflect
|upkeep
|
|t:|1743878082
|switch|p2a: Darkrai|Darkrai|88/100
|-damage|p2a: Darkrai|76/100|[from] Stealth Rock
|turn|26
|
|t:|1743878094
|move|p2a: Darkrai|Dark Pulse|p1a: Goodra
|-damage|p1a: Goodra|2/100
|cant|p1a: Goodra|flinch
|
|upkeep
|turn|27
|
|t:|1743878101
|move|p2a: Darkrai|Dark Pulse|p1a: Goodra
|-damage|p1a: Goodra|0 fnt
|faint|p1a: Goodra
|
|upkeep
|
|t:|1743878103
|switch|p1a: Cinderace|Cinderace, M|68/100
|turn|28
|
|t:|1743878110
|move|p2a: Darkrai|Dark Pulse|p1a: Cinderace
|-damage|p1a: Cinderace|0 fnt
|faint|p1a: Cinderace
|
|win|font47
|raw|Shubway's rating: 1246 &rarr; <strong>1221</strong><br />(-25 for losing)
|raw|font47's rating: 1252 &rarr; <strong>1277</strong><br />(+25 for winning)
|l|☆Shubway
|player|p1|
|l|☆font47
|player|p2|
