|j|☆Freezy203
|j|☆monarkx
|t:|1743825852
|gametype|singles
|player|p1|Freezy203|266|1072
|player|p2|monarkx|pokemonranger-gen4|1111
|teamsize|p1|6
|teamsize|p2|6
|gen|9
|tier|[Gen 9] OU
|rated|
|rule|HP Percentage Mod: HP is shown in percentages
|rule|Endless Battle Clause: Forcing endless battles is banned
|rule|Species Clause: Limit one of each Pokémon
|rule|OHKO Clause: OHKO moves are banned
|rule|Evasion Items Clause: Evasion items are banned
|rule|Evasion Moves Clause: Evasion moves are banned
|rule|Sleep Moves Clause: Sleep-inducing moves are banned
|clearpoke
|poke|p1|Glimmora, M|
|poke|p1|Breloom, M|
|poke|p1|Primarina, F|
|poke|p1|Gliscor, F|
|poke|p1|Corviknight, F|
|poke|p1|Alomomola, F|
|poke|p2|Goodra, F|
|poke|p2|Corviknight, M|
|poke|p2|Sylveon, F|
|poke|p2|Mienshao, F|
|poke|p2|Gengar, M|
|poke|p2|Zoroark, F|
|teampreview
|
|t:|1743825862
|start
|switch|p1a: Glimmora|Glimmora, M|100/100
|switch|p2a: Mienshao|Mienshao, F, shiny|100/100
|turn|1
|
|t:|1743825868
|move|p2a: Mienshao|Fake Out|p1a: Glimmora
|-resisted|p1a: Glimmora
|-damage|p1a: Glimmora|93/100
|-activate|p1a: Glimmora|ability: Toxic Debris
|-sidestart|p2: monarkx|move: Toxic Spikes
|cant|p1a: Glimmora|flinch
|
|upkeep
|turn|2
|
|t:|1743825876
|move|p2a: Mienshao|High Jump Kick|p1a: Glimmora
|-damage|p1a: Glimmora|29/100
|-activate|p1a: Glimmora|ability: Toxic Debris
|-sidestart|p2: monarkx|move: Toxic Spikes
|move|p1a: Glimmora|Stealth Rock|p2a: Mienshao
|-sidestart|p2: monarkx|move: Stealth Rock
|
|upkeep
|turn|3
|
|t:|1743825884
|move|p1a: Glimmora|Spiky Shield|p1a: Glimmora
|-singleturn|p1a: Glimmora|move: Protect
|move|p2a: Mienshao|High Jump Kick|p1a: Glimmora
|-activate|p1a: Glimmora|move: Protect
|-damage|p2a: Mienshao|88/100|[from] Spiky Shield|[of] p1a: Glimmora
|-damage|p2a: Mienshao|39/100|[from] highjumpkick
|
|upkeep
|turn|4
|
|t:|1743825893
|switch|p1a: Corviknight|Corviknight, F|100/100
|-ability|p1a: Corviknight|Pressure
|move|p2a: Mienshao|Knock Off|p1a: Corviknight
|-damage|p1a: Corviknight|82/100
|-enditem|p1a: Corviknight|Leftovers|[from] move: Knock Off|[of] p2a: Mienshao
|
|upkeep
|turn|5
|
|t:|1743825902
|move|p2a: Mienshao|U-turn|p1a: Corviknight
|-resisted|p1a: Corviknight
|-damage|p1a: Corviknight|78/100
|
|t:|1743825905
|switch|p2a: Corviknight|Corviknight, M|100/100|[from] U-turn
|-damage|p2a: Corviknight|88/100|[from] Stealth Rock
|move|p1a: Corviknight|Tailwind|p1a: Corviknight
|-sidestart|p1: Freezy203|move: Tailwind
|
|upkeep
|turn|6
|
|t:|1743825935
|switch|p1a: Primarina|Primarina, F|100/100
|move|p2a: Corviknight|Defog|p1a: Primarina
|-unboost|p1a: Primarina|evasion|1
|-sideend|p2: monarkx|Toxic Spikes|[from] move: Defog|[of] p2a: Corviknight
|-sideend|p2: monarkx|Stealth Rock|[from] move: Defog|[of] p2a: Corviknight
|
|upkeep
|turn|7
|
|t:|1743825953
|move|p1a: Primarina|Hydro Pump|p2a: Corviknight
|-damage|p2a: Corviknight|13/100
|move|p2a: Corviknight|Iron Head|p1a: Primarina
|-damage|p1a: Primarina|66/100
|
|upkeep
|turn|8
|
|t:|1743825962
|switch|p2a: Goodra|Goodra, F|100/100
|move|p1a: Primarina|Shadow Ball|p2a: Goodra
|-damage|p2a: Goodra|88/100
|
|-sideend|p1: Freezy203|move: Tailwind
|upkeep
|turn|9
|
|t:|1743825976
|switch|p1a: Alomomola|Alomomola, F|100/100
|move|p2a: Goodra|Sludge Bomb|p1a: Alomomola
|-damage|p1a: Alomomola|73/100
|
|-heal|p1a: Alomomola|79/100|[from] item: Leftovers
|upkeep
|turn|10
|
|t:|1743825985
|switch|p2a: Corviknight|Corviknight, M|13/100
|move|p1a: Alomomola|Protect||[still]
|-fail|p1a: Alomomola
|
|-heal|p1a: Alomomola|86/100|[from] item: Leftovers
|upkeep
|turn|11
|
|t:|1743825991
|move|p2a: Corviknight|Roost|p2a: Corviknight
|-heal|p2a: Corviknight|63/100
|-singleturn|p2a: Corviknight|move: Roost
|move|p1a: Alomomola|Wish|p1a: Alomomola
|
|-heal|p1a: Alomomola|92/100|[from] item: Leftovers
|upkeep
|turn|12
|
|t:|1743825998
|switch|p2a: Mienshao|Mienshao, F, shiny|100/100
|move|p1a: Alomomola|Flip Turn|p2a: Mienshao
|-damage|p2a: Mienshao|69/100
|replace|p2a: Zoroark|Zoroark, F
|-end|p2a: Zoroark|Illusion
|
|t:|1743826004
|switch|p1a: Glimmora|Glimmora, M|29/100|[from] Flip Turn
|
|-heal|p1a: Glimmora|100/100|[from] move: Wish|[wisher] Alomomola
|upkeep
|turn|13
|c|☆Freezy203|and we start again
|
|t:|1743826015
|move|p2a: Zoroark|Trick|p1a: Glimmora
|-activate|p2a: Zoroark|move: Trick|[of] p1a: Glimmora
|-item|p1a: Glimmora|Choice Scarf|[from] move: Trick
|-item|p2a: Zoroark|Heavy-Duty Boots|[from] move: Trick
|move|p1a: Glimmora|Stealth Rock|p2a: Zoroark
|-sidestart|p2: monarkx|move: Stealth Rock
|
|upkeep
|turn|14
|
|t:|1743826027
|switch|p1a: Alomomola|Alomomola, F|100/100
|move|p2a: Zoroark|Dark Pulse|p1a: Alomomola
|-damage|p1a: Alomomola|61/100
|
|-heal|p1a: Alomomola|67/100|[from] item: Leftovers
|upkeep
|turn|15
|
|t:|1743826036
|move|p2a: Zoroark|Trick|p1a: Alomomola
|-activate|p2a: Zoroark|move: Trick|[of] p1a: Alomomola
|-item|p1a: Alomomola|Heavy-Duty Boots|[from] move: Trick
|-item|p2a: Zoroark|Leftovers|[from] move: Trick
|move|p1a: Alomomola|Substitute|p1a: Alomomola
|-start|p1a: Alomomola|Substitute
|-damage|p1a: Alomomola|42/100
|
|-heal|p2a: Zoroark|75/100|[from] item: Leftovers
|upkeep
|turn|16
|
|t:|1743826043
|move|p2a: Zoroark|Dark Pulse|p1a: Alomomola
|-end|p1a: Alomomola|Substitute
|move|p1a: Alomomola|Wish|p1a: Alomomola
|
|-heal|p2a: Zoroark|81/100|[from] item: Leftovers
|upkeep
|turn|17
|
|t:|1743826051
|switch|p1a: Primarina|Primarina, F|66/100
|move|p2a: Zoroark|Dark Pulse|p1a: Primarina
|-resisted|p1a: Primarina
|-damage|p1a: Primarina|53/100
|
|-heal|p1a: Primarina|100/100|[from] move: Wish|[wisher] Alomomola
|-heal|p2a: Zoroark|87/100|[from] item: Leftovers
|upkeep
|turn|18
|
|t:|1743826065
|switch|p2a: Goodra|Goodra, F|88/100
|-damage|p2a: Goodra|76/100|[from] Stealth Rock
|move|p1a: Primarina|Draining Kiss|p2a: Goodra
|-supereffective|p2a: Goodra
|-damage|p2a: Goodra|49/100
|
|upkeep
|turn|19
|
|t:|1743826073
|-terastallize|p2a: Goodra|Water
|move|p2a: Goodra|Sludge Bomb|p1a: Primarina
|-supereffective|p1a: Primarina
|-damage|p1a: Primarina|69/100
|-status|p1a: Primarina|psn
|move|p1a: Primarina|Draining Kiss|p2a: Goodra
|-damage|p2a: Goodra|38/100
|-heal|p1a: Primarina|76/100 psn|[from] drain|[of] p2a: Goodra
|
|-damage|p1a: Primarina|64/100 psn|[from] psn
|upkeep
|turn|20
|
|t:|1743826098
|switch|p1a: Corviknight|Corviknight, F|78/100
|-ability|p1a: Corviknight|Pressure
|move|p2a: Goodra|Sludge Bomb|p1a: Corviknight
|-immune|p1a: Corviknight
|
|upkeep
|turn|21
|
|t:|1743826105
|move|p2a: Goodra|Thunderbolt|p1a: Corviknight
|-supereffective|p1a: Corviknight
|-crit|p1a: Corviknight
|-damage|p1a: Corviknight|0 fnt
|faint|p1a: Corviknight
|
|upkeep
|
|t:|1743826110
|switch|p1a: Breloom|Breloom, M|100/100
|turn|22
|
|t:|1743826115
|move|p1a: Breloom|Bullet Seed|p2a: Goodra
|-ability|p2a: Goodra|Sap Sipper|boost
|-boost|p2a: Goodra|atk|1
|move|p2a: Goodra|Flamethrower|p1a: Breloom
|-supereffective|p1a: Breloom
|-damage|p1a: Breloom|0 fnt
|faint|p1a: Breloom
|
|upkeep
|
|t:|1743826124
|switch|p1a: Gliscor|Gliscor, F|100/100
|turn|23
|
|t:|1743826130
|move|p1a: Gliscor|Swords Dance|p1a: Gliscor
|-boost|p1a: Gliscor|atk|2
|move|p2a: Goodra|Dragon Pulse|p1a: Gliscor
|-damage|p1a: Gliscor|44/100
|
|-status|p1a: Gliscor|tox|[from] item: Toxic Orb
|upkeep
|turn|24
|
|t:|1743826138
|move|p1a: Gliscor|Protect|p1a: Gliscor
|-singleturn|p1a: Gliscor|Protect
|move|p2a: Goodra|Dragon Pulse|p1a: Gliscor
|-activate|p1a: Gliscor|move: Protect
|
|-heal|p1a: Gliscor|57/100 tox|[from] ability: Poison Heal
|upkeep
|turn|25
|
|t:|1743826145
|move|p1a: Gliscor|Earthquake|p2a: Goodra
|-damage|p2a: Goodra|0 fnt
|faint|p2a: Goodra
|
|-heal|p1a: Gliscor|69/100 tox|[from] ability: Poison Heal
|upkeep
|
|t:|1743826153
|switch|p2a: Corviknight|Corviknight, M|63/100
|-damage|p2a: Corviknight|51/100|[from] Stealth Rock
|turn|26
|
|t:|1743826162
|move|p1a: Gliscor|Protect|p1a: Gliscor
|-singleturn|p1a: Gliscor|Protect
|move|p2a: Corviknight|Defog|p1a: Gliscor
|-activate|p1a: Gliscor|move: Protect
|
|-heal|p1a: Gliscor|82/100 tox|[from] ability: Poison Heal
|upkeep
|turn|27
|
|t:|1743826171
|switch|p1a: Glimmora|Glimmora, M|100/100
|move|p2a: Corviknight|Roost|p2a: Corviknight
|-heal|p2a: Corviknight|100/100
|-singleturn|p2a: Corviknight|move: Roost
|
|upkeep
|turn|28
|
|t:|1743826184
|move|p1a: Glimmora|Toxic Spikes|p2a: Corviknight
|-sidestart|p2: monarkx|move: Toxic Spikes
|move|p2a: Corviknight|Iron Head|p1a: Glimmora
|-supereffective|p1a: Glimmora
|-damage|p1a: Glimmora|42/100
|-activate|p1a: Glimmora|ability: Toxic Debris
|-sidestart|p2: monarkx|move: Toxic Spikes
|
|upkeep
|turn|29
|
|t:|1743826195
|switch|p1a: Alomomola|Alomomola, F|75/100
|move|p2a: Corviknight|Defog|p1a: Alomomola
|-unboost|p1a: Alomomola|evasion|1
|-sideend|p2: monarkx|Toxic Spikes|[from] move: Defog|[of] p2a: Corviknight
|-sideend|p2: monarkx|Stealth Rock|[from] move: Defog|[of] p2a: Corviknight
|
|upkeep
|turn|30
|
|t:|1743826202
|move|p2a: Corviknight|Iron Head|p1a: Alomomola
|-resisted|p1a: Alomomola
|-damage|p1a: Alomomola|65/100
|move|p1a: Alomomola|Wish|p1a: Alomomola
|
|upkeep
|turn|31
|
|t:|1743826207
|switch|p2a: Gengar|Gengar, M|100/100
|move|p1a: Alomomola|Substitute|p1a: Alomomola
|-start|p1a: Alomomola|Substitute
|-damage|p1a: Alomomola|40/100
|
|-heal|p1a: Alomomola|90/100|[from] move: Wish|[wisher] Alomomola
|upkeep
|turn|32
|
|t:|1743826215
|move|p2a: Gengar|Substitute|p2a: Gengar
|-start|p2a: Gengar|Substitute
|-damage|p2a: Gengar|76/100
|move|p1a: Alomomola|Wish|p1a: Alomomola
|
|-heal|p2a: Gengar|82/100|[from] item: Black Sludge
|upkeep
|turn|33
|
|t:|1743826220
|move|p2a: Gengar|Shadow Ball|p1a: Alomomola
|-end|p1a: Alomomola|Substitute
|move|p1a: Alomomola|Flip Turn|p2a: Gengar
|-end|p2a: Gengar|Substitute
|
|t:|1743826227
|switch|p1a: Primarina|Primarina, F|64/100 psn|[from] Flip Turn
|
|-heal|p1a: Primarina|100/100 psn|[from] move: Wish|[wisher] Alomomola
|-heal|p2a: Gengar|88/100|[from] item: Black Sludge
|-damage|p1a: Primarina|88/100 psn|[from] psn
|upkeep
|turn|34
|
|t:|1743826235
|move|p2a: Gengar|Substitute|p2a: Gengar
|-start|p2a: Gengar|Substitute
|-damage|p2a: Gengar|63/100
|move|p1a: Primarina|Shadow Ball|p2a: Gengar
|-supereffective|p2a: Gengar
|-end|p2a: Gengar|Substitute
|
|-heal|p2a: Gengar|69/100|[from] item: Black Sludge
|-damage|p1a: Primarina|76/100 psn|[from] psn
|upkeep
|turn|35
|
|t:|1743826244
|move|p2a: Gengar|Disable|p1a: Primarina
|-start|p1a: Primarina|Disable|Shadow Ball
|cant|p1a: Primarina|Disable|Shadow Ball
|
|-heal|p2a: Gengar|75/100|[from] item: Black Sludge
|-damage|p1a: Primarina|63/100 psn|[from] psn
|upkeep
|turn|36
|
|t:|1743826250
|move|p2a: Gengar|Substitute|p2a: Gengar
|-start|p2a: Gengar|Substitute
|-damage|p2a: Gengar|50/100
|move|p1a: Primarina|Draining Kiss|p2a: Gengar
|-resisted|p2a: Gengar
|-end|p2a: Gengar|Substitute
|-heal|p1a: Primarina|77/100 psn|[from] drain|[of] p2a: Gengar
|
|-heal|p2a: Gengar|57/100|[from] item: Black Sludge
|-damage|p1a: Primarina|65/100 psn|[from] psn
|upkeep
|turn|37
|
|t:|1743826271
|move|p2a: Gengar|Sludge Wave|p1a: Primarina
|-supereffective|p1a: Primarina
|-damage|p1a: Primarina|11/100 psn
|move|p1a: Primarina|Draining Kiss|p2a: Gengar
|-resisted|p2a: Gengar
|-damage|p2a: Gengar|31/100
|-heal|p1a: Primarina|25/100 psn|[from] drain|[of] p2a: Gengar
|
|-heal|p2a: Gengar|38/100|[from] item: Black Sludge
|-damage|p1a: Primarina|13/100 psn|[from] psn
|upkeep
|turn|38
|
|t:|1743826282
|switch|p1a: Gliscor|Gliscor, F|82/100 tox
|move|p2a: Gengar|Substitute|p2a: Gengar
|-start|p2a: Gengar|Substitute
|-damage|p2a: Gengar|13/100
|
|-heal|p2a: Gengar|19/100|[from] item: Black Sludge
|-heal|p1a: Gliscor|94/100 tox|[from] ability: Poison Heal
|upkeep
|turn|39
|
|t:|1743826292
|move|p2a: Gengar|Shadow Ball|p1a: Gliscor
|-damage|p1a: Gliscor|40/100 tox
|move|p1a: Gliscor|Earthquake|p2a: Gengar
|-supereffective|p2a: Gengar
|-end|p2a: Gengar|Substitute
|
|-heal|p2a: Gengar|25/100|[from] item: Black Sludge
|-heal|p1a: Gliscor|53/100 tox|[from] ability: Poison Heal
|upkeep
|turn|40
|
|t:|1743826302
|move|p1a: Gliscor|Protect|p1a: Gliscor
|-singleturn|p1a: Gliscor|Protect
|move|p2a: Gengar|Disable|p1a: Gliscor
|-activate|p1a: Gliscor|move: Protect
|
|-heal|p2a: Gengar|31/100|[from] item: Black Sludge
|-heal|p1a: Gliscor|65/100 tox|[from] ability: Poison Heal
|upkeep
|turn|41
|
|t:|1743826310
|switch|p2a: Corviknight|Corviknight, M|100/100
|move|p1a: Gliscor|Earthquake|p2a: Corviknight
|-immune|p2a: Corviknight
|
|-heal|p1a: Gliscor|78/100 tox|[from] ability: Poison Heal
|upkeep
|turn|42
|
|t:|1743826318
|switch|p1a: Alomomola|Alomomola, F|100/100
|move|p2a: Corviknight|Iron Head|p1a: Alomomola
|-resisted|p1a: Alomomola
|-damage|p1a: Alomomola|90/100
|
|upkeep
|turn|43
|
|t:|1743826325
|switch|p2a: Sylveon|Sylveon, F|100/100
|move|p1a: Alomomola|Wish|p1a: Alomomola
|
|upkeep
|turn|44
|
|t:|1743826331
|move|p1a: Alomomola|Flip Turn|p2a: Sylveon
|-damage|p2a: Sylveon|87/100
|
|t:|1743826335
|switch|p1a: Primarina|Primarina, F|13/100 psn|[from] Flip Turn
|move|p2a: Sylveon|Calm Mind|p2a: Sylveon
|-boost|p2a: Sylveon|spa|1
|-boost|p2a: Sylveon|spd|1
|
|-heal|p1a: Primarina|86/100 psn|[from] move: Wish|[wisher] Alomomola
|-heal|p2a: Sylveon|93/100|[from] item: Leftovers
|-damage|p1a: Primarina|74/100 psn|[from] psn
|upkeep
|turn|45
|
|t:|1743826350
|switch|p1a: Gliscor|Gliscor, F|78/100 tox
|move|p2a: Sylveon|Calm Mind|p2a: Sylveon
|-boost|p2a: Sylveon|spa|1
|-boost|p2a: Sylveon|spd|1
|
|-heal|p2a: Sylveon|99/100|[from] item: Leftovers
|-heal|p1a: Gliscor|90/100 tox|[from] ability: Poison Heal
|upkeep
|turn|46
|
|t:|1743826360
|move|p1a: Gliscor|Poison Jab|p2a: Sylveon
|-supereffective|p2a: Sylveon
|-damage|p2a: Sylveon|56/100
|-status|p2a: Sylveon|psn
|move|p2a: Sylveon|Draining Kiss|p1a: Gliscor
|-damage|p1a: Gliscor|43/100 tox
|-heal|p2a: Sylveon|88/100 psn|[from] drain|[of] p1a: Gliscor
|
|-heal|p2a: Sylveon|94/100 psn|[from] item: Leftovers
|-heal|p1a: Gliscor|55/100 tox|[from] ability: Poison Heal
|-damage|p2a: Sylveon|81/100 psn|[from] psn
|upkeep
|turn|47
|
|t:|1743826371
|move|p1a: Gliscor|Protect|p1a: Gliscor
|-singleturn|p1a: Gliscor|Protect
|move|p2a: Sylveon|Draining Kiss|p1a: Gliscor
|-activate|p1a: Gliscor|move: Protect
|
|-heal|p2a: Sylveon|87/100 psn|[from] item: Leftovers
|-heal|p1a: Gliscor|67/100 tox|[from] ability: Poison Heal
|-damage|p2a: Sylveon|75/100 psn|[from] psn
|upkeep
|turn|48
|
|t:|1743826380
|move|p1a: Gliscor|Poison Jab|p2a: Sylveon
|-supereffective|p2a: Sylveon
|-damage|p2a: Sylveon|34/100 psn
|move|p2a: Sylveon|Draining Kiss|p1a: Gliscor
|-damage|p1a: Gliscor|24/100 tox
|-heal|p2a: Sylveon|63/100 psn|[from] drain|[of] p1a: Gliscor
|
|-heal|p2a: Sylveon|69/100 psn|[from] item: Leftovers
|-heal|p1a: Gliscor|37/100 tox|[from] ability: Poison Heal
|-damage|p2a: Sylveon|57/100 psn|[from] psn
|upkeep
|turn|49
|
|t:|1743826390
|move|p1a: Gliscor|Protect|p1a: Gliscor
|-singleturn|p1a: Gliscor|Protect
|move|p2a: Sylveon|Wish|p2a: Sylveon
|
|-heal|p2a: Sylveon|63/100 psn|[from] item: Leftovers
|-heal|p1a: Gliscor|49/100 tox|[from] ability: Poison Heal
|-damage|p2a: Sylveon|50/100 psn|[from] psn
|upkeep
|turn|50
|
|t:|1743826397
|move|p1a: Gliscor|Poison Jab|p2a: Sylveon
|-supereffective|p2a: Sylveon
|-damage|p2a: Sylveon|11/100 psn
|move|p2a: Sylveon|Draining Kiss|p1a: Gliscor
|-damage|p1a: Gliscor|0 fnt
|-heal|p2a: Sylveon|43/100 psn|[from] drain|[of] p1a: Gliscor
|faint|p1a: Gliscor
|
|-heal|p2a: Sylveon|93/100 psn|[from] move: Wish|[wisher] Sylveon
|-heal|p2a: Sylveon|99/100 psn|[from] item: Leftovers
|-damage|p2a: Sylveon|87/100 psn|[from] psn
|upkeep
|
|t:|1743826414
|switch|p1a: Glimmora|Glimmora, M|42/100
|turn|51
|
|t:|1743826418
|move|p1a: Glimmora|Toxic Spikes|p2a: Sylveon
|-sidestart|p2: monarkx|move: Toxic Spikes
|move|p2a: Sylveon|Draining Kiss|p1a: Glimmora
|-resisted|p1a: Glimmora
|-damage|p1a: Glimmora|21/100
|-heal|p2a: Sylveon|100/100 psn|[from] drain|[of] p1a: Glimmora
|
|-damage|p2a: Sylveon|88/100 psn|[from] psn
|upkeep
|turn|52
|
|t:|1743826427
|switch|p1a: Alomomola|Alomomola, F|100/100
|move|p2a: Sylveon|Wish|p2a: Sylveon
|
|-heal|p2a: Sylveon|94/100 psn|[from] item: Leftovers
|-damage|p2a: Sylveon|82/100 psn|[from] psn
|upkeep
|turn|53
|
|t:|1743826442
|move|p1a: Alomomola|Wish|p1a: Alomomola
|move|p2a: Sylveon|Calm Mind|p2a: Sylveon
|-boost|p2a: Sylveon|spa|1
|-boost|p2a: Sylveon|spd|1
|
|-heal|p2a: Sylveon|100/100 psn|[from] move: Wish|[wisher] Sylveon
|-damage|p2a: Sylveon|88/100 psn|[from] psn
|upkeep
|turn|54
|
|t:|1743826449
|move|p1a: Alomomola|Flip Turn|p2a: Sylveon
|-damage|p2a: Sylveon|73/100 psn
|
|t:|1743826452
|switch|p1a: Primarina|Primarina, F|74/100 psn|[from] Flip Turn
|move|p2a: Sylveon|Psyshock|p1a: Primarina
|-damage|p1a: Primarina|11/100 psn
|
|-heal|p1a: Primarina|84/100 psn|[from] move: Wish|[wisher] Alomomola
|-heal|p2a: Sylveon|79/100 psn|[from] item: Leftovers
|-damage|p1a: Primarina|72/100 psn|[from] psn
|-damage|p2a: Sylveon|67/100 psn|[from] psn
|upkeep
|turn|55
|
|t:|1743826466
|move|p1a: Primarina|Draining Kiss|p2a: Sylveon
|-damage|p2a: Sylveon|59/100 psn
|-heal|p1a: Primarina|78/100 psn|[from] drain|[of] p2a: Sylveon
|move|p2a: Sylveon|Psyshock|p1a: Primarina
|-damage|p1a: Primarina|15/100 psn
|
|-heal|p2a: Sylveon|65/100 psn|[from] item: Leftovers
|-damage|p1a: Primarina|2/100 psn|[from] psn
|-damage|p2a: Sylveon|53/100 psn|[from] psn
|upkeep
|turn|56
|
|t:|1743826478
|switch|p1a: Glimmora|Glimmora, M|21/100
|move|p2a: Sylveon|Psyshock|p1a: Glimmora
|-supereffective|p1a: Glimmora
|-damage|p1a: Glimmora|0 fnt
|faint|p1a: Glimmora
|
|-heal|p2a: Sylveon|59/100 psn|[from] item: Leftovers
|-damage|p2a: Sylveon|47/100 psn|[from] psn
|upkeep
|
|t:|1743826486
|switch|p1a: Alomomola|Alomomola, F|100/100
|turn|57
|
|t:|1743826489
|move|p1a: Alomomola|Wish|p1a: Alomomola
|move|p2a: Sylveon|Psyshock|p1a: Alomomola
|-damage|p1a: Alomomola|66/100
|
|-heal|p2a: Sylveon|53/100 psn|[from] item: Leftovers
|-damage|p2a: Sylveon|40/100 psn|[from] psn
|upkeep
|turn|58
|
|t:|1743826496
|move|p1a: Alomomola|Substitute|p1a: Alomomola
|-start|p1a: Alomomola|Substitute
|-damage|p1a: Alomomola|41/100
|move|p2a: Sylveon|Wish|p2a: Sylveon
|
|-heal|p1a: Alomomola|91/100|[from] move: Wish|[wisher] Alomomola
|-heal|p2a: Sylveon|46/100 psn|[from] item: Leftovers
|-damage|p2a: Sylveon|34/100 psn|[from] psn
|upkeep
|turn|59
|
|t:|1743826507
|move|p1a: Alomomola|Protect|p1a: Alomomola
|-singleturn|p1a: Alomomola|Protect
|move|p2a: Sylveon|Psyshock|p1a: Alomomola
|-activate|p1a: Alomomola|move: Protect
|
|-heal|p2a: Sylveon|84/100 psn|[from] move: Wish|[wisher] Sylveon
|-heal|p2a: Sylveon|90/100 psn|[from] item: Leftovers
|-damage|p2a: Sylveon|78/100 psn|[from] psn
|upkeep
|turn|60
|
|t:|1743826516
|move|p1a: Alomomola|Wish|p1a: Alomomola
|move|p2a: Sylveon|Calm Mind|p2a: Sylveon
|-boost|p2a: Sylveon|spa|1
|-boost|p2a: Sylveon|spd|1
|
|-heal|p2a: Sylveon|84/100 psn|[from] item: Leftovers
|-damage|p2a: Sylveon|71/100 psn|[from] psn
|upkeep
|turn|61
|
|t:|1743826525
|move|p1a: Alomomola|Flip Turn|p2a: Sylveon
|-damage|p2a: Sylveon|57/100 psn
|
|t:|1743826529
|switch|p1a: Primarina|Primarina, F|2/100 psn|[from] Flip Turn
|move|p2a: Sylveon|Psyshock|p1a: Primarina
|-damage|p1a: Primarina|0 fnt
|faint|p1a: Primarina
|
|-heal|p2a: Sylveon|63/100 psn|[from] item: Leftovers
|-damage|p2a: Sylveon|51/100 psn|[from] psn
|upkeep
|inactive|Battle timer is ON: inactive players will automatically lose when time's up. (requested by monarkx)
|inactive|Freezy203 has 120 seconds left.
|-message|monarkx forfeited.
|
|win|Freezy203
|raw|Freezy203's rating: 1072 &rarr; <strong>1104</strong><br />(+32 for winning)
|raw|monarkx's rating: 1111 &rarr; <strong>1083</strong><br />(-28 for losing)
|l|☆monarkx
|player|p2|
|l|☆Freezy203
|player|p1|
