|j|☆teamskullenoxa
|j|☆localdealerr
|t:|1743893539
|gametype|singles
|player|p1|teamskullenoxa|1|1741
|player|p2|localdealerr|preschooler|1678
|teamsize|p1|6
|teamsize|p2|6
|gen|9
|tier|[Gen 9] OU
|rated|
|rule|HP Percentage Mod: HP is shown in percentages
|rule|Endless Battle Clause: Forcing endless battles is banned
|rule|Species Clause: Limit one of each Pokémon
|rule|OHKO Clause: OHKO moves are banned
|rule|Evasion Items Clause: Evasion items are banned
|rule|Evasion Moves Clause: Evasion moves are banned
|rule|Sleep Moves Clause: Sleep-inducing moves are banned
|clearpoke
|poke|p1|Typhlosion-Hisui, F|
|poke|p1|Hatterene, F|
|poke|p1|Torkoal, M|
|poke|p1|Lilligant-Hisui, F|
|poke|p1|Landorus-Therian, M|
|poke|p1|Walking Wake|
|poke|p2|Flamigo, M|
|poke|p2|Araquanid, F|
|poke|p2|Gholdengo|
|poke|p2|Raging Bolt|
|poke|p2|Walking Wake|
|poke|p2|Iron Treads|
|teampreview
|
|t:|1743893564
|start
|switch|p1a: Landorus|Landorus-Therian, M|100/100
|switch|p2a: Walking Wake|Walking Wake|100/100
|-ability|p1a: Landorus|Intimidate|boost
|-unboost|p2a: Walking Wake|atk|1
|turn|1
|
|t:|1743893568
|move|p1a: Landorus|U-turn|p2a: Walking Wake
|-damage|p2a: Walking Wake|72/100
|
|t:|1743893581
|switch|p1a: Hatterene|Hatterene, F|100/100|[from] U-turn
|move|p2a: Walking Wake|Draco Meteor|p1a: Hatterene
|-immune|p1a: Hatterene
|
|upkeep
|turn|2
|
|t:|1743893586
|-end|p2a: Walking Wake|Protosynthesis|[silent]
|switch|p2a: Iron Treads|Iron Treads|100/100
|move|p1a: Hatterene|Nuzzle|p2a: Iron Treads
|-immune|p2a: Iron Treads
|
|upkeep
|turn|3
|
|t:|1743893594
|switch|p1a: Torkoal|Torkoal, M|100/100
|-weather|SunnyDay|[from] ability: Drought|[of] p1a: Torkoal
|move|p2a: Iron Treads|Knock Off|p1a: Torkoal
|-damage|p1a: Torkoal|82/100
|-enditem|p1a: Torkoal|Heat Rock|[from] move: Knock Off|[of] p2a: Iron Treads
|
|-weather|SunnyDay|[upkeep]
|upkeep
|turn|4
|
|t:|1743893598
|switch|p1a: Hatterene|Hatterene, F|100/100
|move|p2a: Iron Treads|Earthquake|p1a: Hatterene
|-damage|p1a: Hatterene|67/100
|-enditem|p1a: Hatterene|Eject Button
|
|t:|1743893602
|switch|p1a: Walking Wake|Walking Wake|100/100
|-activate|p1a: Walking Wake|ability: Protosynthesis
|-start|p1a: Walking Wake|protosynthesisspa
|
|-weather|SunnyDay|[upkeep]
|upkeep
|turn|5
|
|t:|1743893606
|-end|p2a: Iron Treads|Quark Drive|[silent]
|switch|p2a: Araquanid|Araquanid, F|100/100
|move|p1a: Walking Wake|Hydro Steam|p2a: Araquanid
|-resisted|p2a: Araquanid
|-damage|p2a: Araquanid|65/100
|
|-weather|SunnyDay|[upkeep]
|upkeep
|turn|6
|
|t:|1743893614
|-end|p1a: Walking Wake|Protosynthesis|[silent]
|switch|p1a: Lilligant|Lilligant-Hisui, F|100/100
|move|p2a: Araquanid|Endeavor|p1a: Lilligant
|-damage|p1a: Lilligant|74/100
|
|-weather|SunnyDay|[upkeep]
|upkeep
|turn|7
|
|t:|1743893619
|switch|p2a: Gholdengo|Gholdengo|100/100
|move|p1a: Lilligant|Solar Blade||[still]
|-prepare|p1a: Lilligant|Solar Blade
|-anim|p1a: Lilligant|Solar Blade|p2a: Gholdengo
|-resisted|p2a: Gholdengo
|-damage|p2a: Gholdengo|79/100
|
|-weather|SunnyDay|[upkeep]
|-heal|p2a: Gholdengo|85/100|[from] item: Leftovers
|upkeep
|turn|8
|
|t:|1743893627
|switch|p1a: Torkoal|Torkoal, M|82/100
|move|p2a: Gholdengo|Hex|p1a: Torkoal
|-damage|p1a: Torkoal|54/100
|
|-weather|SunnyDay|[upkeep]
|-heal|p2a: Gholdengo|91/100|[from] item: Leftovers
|upkeep
|turn|9
|
|t:|1743893634
|switch|p2a: Walking Wake|Walking Wake|72/100
|-activate|p2a: Walking Wake|ability: Protosynthesis
|-start|p2a: Walking Wake|protosynthesisspa
|move|p1a: Torkoal|Stealth Rock|p2a: Walking Wake
|-sidestart|p2: localdealerr|move: Stealth Rock
|
|-weather|SunnyDay|[upkeep]
|upkeep
|turn|10
|
|t:|1743893646
|switch|p1a: Walking Wake|Walking Wake|100/100
|-activate|p1a: Walking Wake|ability: Protosynthesis
|-start|p1a: Walking Wake|protosynthesisspa
|move|p2a: Walking Wake|Hydro Pump|p1a: Walking Wake|[miss]
|-miss|p2a: Walking Wake|p1a: Walking Wake
|
|-weather|none
|-end|p1a: Walking Wake|Protosynthesis
|-end|p2a: Walking Wake|Protosynthesis
|upkeep
|turn|11
|
|t:|1743893654
|-end|p2a: Walking Wake|Protosynthesis|[silent]
|switch|p2a: Iron Treads|Iron Treads|100/100
|-damage|p2a: Iron Treads|97/100|[from] Stealth Rock
|move|p1a: Walking Wake|Dragon Pulse|p2a: Iron Treads
|-resisted|p2a: Iron Treads
|-damage|p2a: Iron Treads|84/100
|
|upkeep
|turn|12
|
|t:|1743893662
|-end|p1a: Walking Wake|Protosynthesis|[silent]
|switch|p1a: Torkoal|Torkoal, M|54/100
|-weather|SunnyDay|[from] ability: Drought|[of] p1a: Torkoal
|move|p2a: Iron Treads|Rapid Spin|p1a: Torkoal
|-damage|p1a: Torkoal|43/100
|-boost|p2a: Iron Treads|spe|1
|-sideend|p2: localdealerr|Stealth Rock|[from] move: Rapid Spin|[of] p2a: Iron Treads
|
|-weather|SunnyDay|[upkeep]
|upkeep
|turn|13
|
|t:|1743893665
|switch|p1a: Hatterene|Hatterene, F|67/100
|move|p2a: Iron Treads|Knock Off|p1a: Hatterene
|-damage|p1a: Hatterene|50/100
|
|-weather|SunnyDay|[upkeep]
|upkeep
|turn|14
|
|t:|1743893675
|switch|p1a: Lilligant|Lilligant-Hisui, F|74/100
|move|p2a: Iron Treads|Earthquake|p1a: Lilligant
|-resisted|p1a: Lilligant
|-damage|p1a: Lilligant|46/100
|
|-weather|SunnyDay|[upkeep]
|upkeep
|turn|15
|
|t:|1743893678
|-end|p2a: Iron Treads|Quark Drive|[silent]
|switch|p2a: Gholdengo|Gholdengo|91/100
|move|p1a: Lilligant|Solar Blade||[still]
|-prepare|p1a: Lilligant|Solar Blade
|-anim|p1a: Lilligant|Solar Blade|p2a: Gholdengo
|-resisted|p2a: Gholdengo
|-damage|p2a: Gholdengo|69/100
|
|-weather|SunnyDay|[upkeep]
|-heal|p2a: Gholdengo|75/100|[from] item: Leftovers
|upkeep
|turn|16
|
|t:|1743893688
|switch|p1a: Landorus|Landorus-Therian, M|100/100
|-ability|p1a: Landorus|Intimidate|boost
|-unboost|p2a: Gholdengo|atk|1
|move|p2a: Gholdengo|Make It Rain|p1a: Landorus
|-damage|p1a: Landorus|35/100
|-unboost|p2a: Gholdengo|spa|1
|
|-weather|none
|-heal|p2a: Gholdengo|81/100|[from] item: Leftovers
|upkeep
|turn|17
|
|t:|1743893693
|switch|p2a: Flamigo|Flamigo, M|100/100
|move|p1a: Landorus|Earthquake|p2a: Flamigo
|-immune|p2a: Flamigo
|
|upkeep
|turn|18
|
|t:|1743893704
|switch|p1a: Torkoal|Torkoal, M|43/100
|-weather|SunnyDay|[from] ability: Drought|[of] p1a: Torkoal
|move|p2a: Flamigo|Close Combat|p1a: Torkoal
|-damage|p1a: Torkoal|0 fnt
|-unboost|p2a: Flamigo|def|1
|-unboost|p2a: Flamigo|spd|1
|faint|p1a: Torkoal
|
|-weather|SunnyDay|[upkeep]
|upkeep
|
|t:|1743893723
|switch|p1a: Walking Wake|Walking Wake|100/100
|-activate|p1a: Walking Wake|ability: Protosynthesis
|-start|p1a: Walking Wake|protosynthesisspa
|turn|19
|
|t:|1743893731
|switch|p2a: Iron Treads|Iron Treads|84/100
|move|p1a: Walking Wake|Hydro Steam|p2a: Iron Treads
|-supereffective|p2a: Iron Treads
|-damage|p2a: Iron Treads|0 fnt
|faint|p2a: Iron Treads
|-end|p2a: Iron Treads|Quark Drive|[silent]
|
|-weather|SunnyDay|[upkeep]
|upkeep
|
|t:|1743893737
|switch|p2a: Walking Wake|Walking Wake|72/100
|-activate|p2a: Walking Wake|ability: Protosynthesis
|-start|p2a: Walking Wake|protosynthesisspa
|turn|20
|
|t:|1743893750
|-end|p1a: Walking Wake|Protosynthesis|[silent]
|switch|p1a: Hatterene|Hatterene, F|50/100
|move|p2a: Walking Wake|Hydro Pump|p1a: Hatterene
|-damage|p1a: Hatterene|0 fnt
|faint|p1a: Hatterene
|
|-weather|SunnyDay|[upkeep]
|upkeep
|
|t:|1743893762
|switch|p1a: Lilligant|Lilligant-Hisui, F|46/100
|turn|21
|
|t:|1743893766
|-end|p2a: Walking Wake|Protosynthesis|[silent]
|switch|p2a: Gholdengo|Gholdengo|81/100
|move|p1a: Lilligant|Solar Blade||[still]
|-prepare|p1a: Lilligant|Solar Blade
|-anim|p1a: Lilligant|Solar Blade|p2a: Gholdengo
|-resisted|p2a: Gholdengo
|-damage|p2a: Gholdengo|58/100
|
|-weather|SunnyDay|[upkeep]
|-heal|p2a: Gholdengo|64/100|[from] item: Leftovers
|upkeep
|turn|22
|
|t:|1743893772
|switch|p1a: Walking Wake|Walking Wake|100/100
|-activate|p1a: Walking Wake|ability: Protosynthesis
|-start|p1a: Walking Wake|protosynthesisspa
|move|p2a: Gholdengo|Thunder Wave|p1a: Walking Wake
|-status|p1a: Walking Wake|par
|
|-weather|none
|-end|p1a: Walking Wake|Protosynthesis
|-heal|p2a: Gholdengo|70/100|[from] item: Leftovers
|upkeep
|turn|23
|
|t:|1743893781
|switch|p2a: Araquanid|Araquanid, F|65/100
|cant|p1a: Walking Wake|par
|
|upkeep
|turn|24
|
|t:|1743893785
|move|p1a: Walking Wake|Draco Meteor|p2a: Araquanid
|-damage|p2a: Araquanid|5/100
|-unboost|p1a: Walking Wake|spa|2
|move|p2a: Araquanid|Sticky Web|p1a: Walking Wake
|-sidestart|p1: teamskullenoxa|move: Sticky Web
|
|upkeep
|turn|25
|-enditem|p2a: Araquanid|Custap Berry|[eat]
|-activate|p2a: Araquanid|item: Custap Berry|[consumed]
|
|t:|1743893791
|move|p2a: Araquanid|Endeavor|p1a: Walking Wake
|-damage|p1a: Walking Wake|5/100 par
|move|p1a: Walking Wake|Draco Meteor|p2a: Araquanid
|-damage|p2a: Araquanid|0 fnt
|-unboost|p1a: Walking Wake|spa|2
|faint|p2a: Araquanid
|
|upkeep
|
|t:|1743893798
|switch|p2a: Raging Bolt|Raging Bolt|100/100
|turn|26
|
|t:|1743893802
|cant|p1a: Walking Wake|par
|move|p2a: Raging Bolt|Calm Mind|p2a: Raging Bolt
|-boost|p2a: Raging Bolt|spa|1
|-boost|p2a: Raging Bolt|spd|1
|
|upkeep
|turn|27
|
|t:|1743893811
|-end|p1a: Walking Wake|Protosynthesis|[silent]
|switch|p1a: Landorus|Landorus-Therian, M|35/100
|-ability|p1a: Landorus|Intimidate|boost
|-unboost|p2a: Raging Bolt|atk|1
|-terastallize|p2a: Raging Bolt|Fairy
|move|p2a: Raging Bolt|Calm Mind|p2a: Raging Bolt
|-boost|p2a: Raging Bolt|spa|1
|-boost|p2a: Raging Bolt|spd|1
|
|upkeep
|turn|28
|
|t:|1743893821
|move|p1a: Landorus|U-turn|p2a: Raging Bolt
|-resisted|p2a: Raging Bolt
|-damage|p2a: Raging Bolt|89/100
|
|t:|1743893826
|switch|p1a: Walking Wake|Walking Wake|5/100 par|[from] U-turn
|-activate|p1a: Walking Wake|move: Sticky Web
|-unboost|p1a: Walking Wake|spe|1
|move|p2a: Raging Bolt|Dragon Pulse|p1a: Walking Wake
|-supereffective|p1a: Walking Wake
|-damage|p1a: Walking Wake|0 fnt
|faint|p1a: Walking Wake
|-end|p1a: Walking Wake|Protosynthesis|[silent]
|
|upkeep
|
|t:|1743893839
|switch|p1a: Typhlosion|Typhlosion-Hisui, F|100/100
|-activate|p1a: Typhlosion|move: Sticky Web
|-unboost|p1a: Typhlosion|spe|1
|turn|29
|j| Bjork-69
|
|t:|1743893844
|move|p1a: Typhlosion|Overheat|p2a: Raging Bolt
|-damage|p2a: Raging Bolt|59/100
|-unboost|p1a: Typhlosion|spa|2
|move|p2a: Raging Bolt|Thunderbolt|p1a: Typhlosion
|-damage|p1a: Typhlosion|0 fnt
|faint|p1a: Typhlosion
|
|upkeep
|
|t:|1743893847
|switch|p1a: Landorus|Landorus-Therian, M|35/100
|-ability|p1a: Landorus|Intimidate|boost
|-unboost|p2a: Raging Bolt|atk|1
|turn|30
|
|t:|1743893858
|move|p1a: Landorus|U-turn|p2a: Raging Bolt
|-resisted|p2a: Raging Bolt
|-damage|p2a: Raging Bolt|46/100
|
|t:|1743893861
|switch|p1a: Lilligant|Lilligant-Hisui, F|46/100|[from] U-turn
|-activate|p1a: Lilligant|move: Sticky Web
|-unboost|p1a: Lilligant|spe|1
|move|p2a: Raging Bolt|Dragon Pulse|p1a: Lilligant
|-damage|p1a: Lilligant|0 fnt
|faint|p1a: Lilligant
|
|upkeep
|
|t:|1743893865
|switch|p1a: Landorus|Landorus-Therian, M|35/100
|-ability|p1a: Landorus|Intimidate|boost
|-unboost|p2a: Raging Bolt|atk|1
|turn|31
|l| Bjork-69
|
|t:|1743893873
|-terastallize|p1a: Landorus|Flying
|move|p1a: Landorus|Tera Blast|p2a: Raging Bolt|[anim] Tera Blast Flying
|-damage|p2a: Raging Bolt|0 fnt
|faint|p2a: Raging Bolt
|-end|p2a: Raging Bolt|Protosynthesis|[silent]
|
|upkeep
|
|t:|1743893880
|switch|p2a: Gholdengo|Gholdengo|70/100
|turn|32
|
|t:|1743893883
|move|p1a: Landorus|Tera Blast|p2a: Gholdengo|[anim] Tera Blast Flying
|-resisted|p2a: Gholdengo
|-damage|p2a: Gholdengo|47/100
|move|p2a: Gholdengo|Make It Rain|p1a: Landorus
|-damage|p1a: Landorus|0 fnt
|-unboost|p2a: Gholdengo|spa|1
|faint|p1a: Landorus
|
|win|localdealerr
|raw|teamskullenoxa's rating: 1741 &rarr; <strong>1717</strong><br />(-24 for losing)
|raw|localdealerr's rating: 1678 &rarr; <strong>1702</strong><br />(+24 for winning)
|c|☆localdealerr|gg
|l|☆teamskullenoxa
|player|p1|
|l|☆localdealerr
|player|p2|
