|j|☆FiveTomatoes
|j|☆vacheron
|t:|1743780798
|gametype|singles
|player|p1|FiveTomatoes|1|1643
|player|p2|vacheron|170|1691
|teamsize|p1|6
|teamsize|p2|6
|gen|9
|tier|[Gen 9] OU
|rated|
|rule|HP Percentage Mod: HP is shown in percentages
|rule|Endless Battle Clause: Forcing endless battles is banned
|rule|Species Clause: Limit one of each Pokémon
|rule|OHKO Clause: OHKO moves are banned
|rule|Evasion Items Clause: Evasion items are banned
|rule|Evasion Moves Clause: Evasion moves are banned
|rule|Sleep Moves Clause: Sleep-inducing moves are banned
|clearpoke
|poke|p1|Greninja-*, M|
|poke|p1|Rotom-Wash|
|poke|p1|Rillaboom, F|
|poke|p1|Glimmora, M|
|poke|p1|Garganacl, F|
|poke|p1|Dragapult, M|
|poke|p2|Samurott-Hisui, F|
|poke|p2|Iron Valiant|
|poke|p2|Pecharunt|
|poke|p2|Reuniclus, F|
|poke|p2|Darkrai|
|poke|p2|Kingambit, F|
|teampreview
|inactive|Battle timer is ON: inactive players will automatically lose when time's up. (requested by FiveTomatoes)
|
|t:|1743780801
|start
|switch|p1a: Rotom|Rotom-Wash|100/100
|switch|p2a: Valediction|Samurott-Hisui, F|100/100
|turn|1
|
|t:|1743780806
|move|p1a: Rotom|Volt Switch|p2a: Valediction
|-supereffective|p2a: Valediction
|-damage|p2a: Valediction|6/100
|
|t:|1743780808
|switch|p1a: Greninja|Greninja, M|100/100|[from] Volt Switch
|move|p2a: Valediction|Ceaseless Edge|p1a: Greninja
|-resisted|p1a: Greninja
|-damage|p1a: Greninja|66/100
|-sidestart|p1: FiveTomatoes|Spikes
|
|upkeep
|turn|2
|
|t:|1743780824
|move|p2a: Valediction|Aqua Jet|p1a: Greninja
|-resisted|p1a: Greninja
|-damage|p1a: Greninja|50/100
|move|p1a: Greninja|Ice Beam|p2a: Valediction
|-resisted|p2a: Valediction
|-damage|p2a: Valediction|0 fnt
|faint|p2a: Valediction
|-ability|p1a: Greninja|Battle Bond|boost
|-boost|p1a: Greninja|atk|1
|-boost|p1a: Greninja|spa|1
|-boost|p1a: Greninja|spe|1
|-activate|p1a: Greninja|ability: Battle Bond
|
|upkeep
|j| yingxiangshuai
|
|t:|1743780829
|switch|p2a: Scarlet Devil|Darkrai|100/100
|turn|3
|l| yingxiangshuai
|
|t:|1743780838
|move|p1a: Greninja|Hydro Pump|p2a: Scarlet Devil|[miss]
|-miss|p1a: Greninja|p2a: Scarlet Devil
|move|p2a: Scarlet Devil|Dark Pulse|p1a: Greninja
|-resisted|p1a: Greninja
|-damage|p1a: Greninja|22/100
|
|upkeep
|turn|4
|
|t:|1743780844
|move|p2a: Scarlet Devil|Sucker Punch|p1a: Greninja
|-resisted|p1a: Greninja
|-crit|p1a: Greninja
|-damage|p1a: Greninja|0 fnt
|faint|p1a: Greninja
|
|upkeep
|
|t:|1743780846
|switch|p1a: Glimmora|Glimmora, M|100/100
|turn|5
|
|t:|1743780849
|move|p2a: Scarlet Devil|Dark Pulse|p1a: Glimmora
|-damage|p1a: Glimmora|48/100
|move|p1a: Glimmora|Stealth Rock|p2a: Scarlet Devil
|-sidestart|p2: vacheron|move: Stealth Rock
|
|upkeep
|turn|6
|
|t:|1743780853
|move|p1a: Glimmora|Spiky Shield|p1a: Glimmora
|-singleturn|p1a: Glimmora|move: Protect
|move|p2a: Scarlet Devil|Dark Pulse|p1a: Glimmora
|-activate|p1a: Glimmora|move: Protect
|
|upkeep
|turn|7
|
|t:|1743780862
|move|p2a: Scarlet Devil|Dark Pulse|p1a: Glimmora
|-damage|p1a: Glimmora|0 fnt
|faint|p1a: Glimmora
|
|upkeep
|
|t:|1743780871
|switch|p1a: Garganacl|Garganacl, F|100/100
|-damage|p1a: Garganacl|88/100|[from] Spikes
|turn|8
|
|t:|1743780875
|move|p1a: Garganacl|Protect|p1a: Garganacl
|-singleturn|p1a: Garganacl|Protect
|move|p2a: Scarlet Devil|Knock Off|p1a: Garganacl
|-activate|p1a: Garganacl|move: Protect
|
|-heal|p1a: Garganacl|94/100|[from] item: Leftovers
|upkeep
|turn|9
|
|t:|1743780881
|move|p2a: Scarlet Devil|Knock Off|p1a: Garganacl
|-damage|p1a: Garganacl|74/100
|-enditem|p1a: Garganacl|Leftovers|[from] move: Knock Off|[of] p2a: Scarlet Devil
|move|p1a: Garganacl|Salt Cure|p2a: Scarlet Devil
|-damage|p2a: Scarlet Devil|81/100
|-start|p2a: Scarlet Devil|Salt Cure
|
|-damage|p2a: Scarlet Devil|68/100|[from] Salt Cure
|upkeep
|turn|10
|
|t:|1743780890
|move|p2a: Scarlet Devil|Dark Pulse|p1a: Garganacl
|-damage|p1a: Garganacl|30/100
|move|p1a: Garganacl|Salt Cure|p2a: Scarlet Devil
|-damage|p2a: Scarlet Devil|50/100
|
|-damage|p2a: Scarlet Devil|38/100|[from] Salt Cure
|upkeep
|turn|11
|
|t:|1743780896
|move|p2a: Scarlet Devil|Dark Pulse|p1a: Garganacl
|-damage|p1a: Garganacl|0 fnt
|faint|p1a: Garganacl
|
|-damage|p2a: Scarlet Devil|25/100|[from] Salt Cure
|upkeep
|
|t:|1743780899
|switch|p1a: Dragapult|Dragapult, M|100/100
|-damage|p1a: Dragapult|88/100|[from] Spikes
|turn|12
|
|t:|1743780904
|-terastallize|p2a: Scarlet Devil|Dark
|move|p2a: Scarlet Devil|Sucker Punch||[still]
|-fail|p2a: Scarlet Devil
|move|p1a: Dragapult|Substitute|p1a: Dragapult
|-start|p1a: Dragapult|Substitute
|-damage|p1a: Dragapult|63/100
|
|-heal|p1a: Dragapult|69/100|[from] item: Leftovers
|-damage|p2a: Scarlet Devil|13/100|[from] Salt Cure
|upkeep
|turn|13
|
|t:|1743780910
|move|p2a: Scarlet Devil|Sucker Punch||[still]
|-fail|p2a: Scarlet Devil
|move|p1a: Dragapult|Substitute|p1a: Dragapult
|-fail|p1a: Dragapult|move: Substitute
|
|-heal|p1a: Dragapult|75/100|[from] item: Leftovers
|-damage|p2a: Scarlet Devil|0 fnt|[from] Salt Cure
|faint|p2a: Scarlet Devil
|upkeep
|
|t:|1743780917
|switch|p2a: Metastasis|Reuniclus, F|100/100
|turn|14
|
|t:|1743780920
|move|p1a: Dragapult|Thunder Wave|p2a: Metastasis
|-status|p2a: Metastasis|par
|move|p2a: Metastasis|Trick Room|p2a: Metastasis
|-fieldstart|move: Trick Room|[of] p2a: Metastasis
|
|-heal|p1a: Dragapult|82/100|[from] item: Leftovers
|upkeep
|turn|15
|
|t:|1743780924
|move|p2a: Metastasis|Psychic Noise|p1a: Dragapult
|-damage|p1a: Dragapult|26/100
|-start|p1a: Dragapult|move: Heal Block
|move|p1a: Dragapult|Hex|p2a: Metastasis
|-supereffective|p2a: Metastasis
|-damage|p2a: Metastasis|29/100 par
|
|upkeep
|turn|16
|
|t:|1743780936
|move|p2a: Metastasis|Psychic Noise|p1a: Dragapult
|-crit|p1a: Dragapult
|-damage|p1a: Dragapult|0 fnt
|faint|p1a: Dragapult
|
|upkeep
|-message|FiveTomatoes forfeited.
|
|win|vacheron
|raw|FiveTomatoes's rating: 1643 &rarr; <strong>1626</strong><br />(-17 for losing)
|raw|vacheron's rating: 1691 &rarr; <strong>1708</strong><br />(+17 for winning)
|l|☆FiveTomatoes
|player|p1|
|l|☆vacheron
|player|p2|
