|j|☆impsilver
|j|☆sladearrow
|inactive|Battle timer is ON: inactive players will automatically lose when time's up.
|t:|1743895552
|gametype|singles
|player|p1|impsilver|265|
|player|p2|sladearrow|phoebe-masters|
|teamsize|p1|4
|teamsize|p2|4
|gen|9
|tier|[Gen 9] OU
|rated|Tournament battle
|rule|HP Percentage Mod: HP is shown in percentages
|rule|Endless Battle Clause: Forcing endless battles is banned
|rule|Species Clause: Limit one of each Pokémon
|rule|OHKO Clause: OHKO moves are banned
|rule|Evasion Items Clause: Evasion items are banned
|rule|Evasion Moves Clause: Evasion moves are banned
|rule|Sleep Moves Clause: Sleep-inducing moves are banned
|clearpoke
|poke|p1|Meowscarada, M|
|poke|p1|Gholdengo|
|poke|p1|Quaquaval, F|
|poke|p1|Snubbull, F|
|poke|p2|Gothorita, F|
|poke|p2|Staraptor, F|
|poke|p2|Serperior, F|
|poke|p2|Venomoth, F|
|teampreview
|j|*Lady Monita ❄
|c|☆sladearrow|glhf
|c|☆impsilver|you too
|j| choc5
|
|t:|1743895568
|start
|switch|p1a: Quaquaval|Quaquaval, F|100/100
|switch|p2a: Gothorita|Gothorita, F, shiny|100/100
|-item|p1a: Quaquaval|Focus Sash|[from] ability: Frisk|[of] p2a: Gothorita
|turn|1
|
|t:|1743895571
|move|p1a: Quaquaval|Aqua Step|p2a: Gothorita
|-damage|p2a: Gothorita|41/100
|-boost|p1a: Quaquaval|spe|1
|move|p2a: Gothorita|Thunder Wave|p1a: Quaquaval
|-status|p1a: Quaquaval|par
|
|upkeep
|turn|2
|
|t:|1743895577
|move|p1a: Quaquaval|Aqua Step|p2a: Gothorita
|-crit|p2a: Gothorita
|-damage|p2a: Gothorita|0 fnt
|-boost|p1a: Quaquaval|spe|1
|faint|p2a: Gothorita
|-ability|p1a: Quaquaval|Moxie|boost
|-boost|p1a: Quaquaval|atk|1
|
|upkeep
|
|t:|1743895589
|switch|p2a: Venomoth|Venomoth, F, shiny|100/100
|turn|3
|
|t:|1743895599
|move|p1a: Quaquaval|Aqua Step|p2a: Venomoth
|-damage|p2a: Venomoth|0 fnt
|-boost|p1a: Quaquaval|spe|1
|faint|p2a: Venomoth
|-ability|p1a: Quaquaval|Moxie|boost
|-boost|p1a: Quaquaval|atk|1
|
|upkeep
|
|t:|1743895602
|switch|p2a: Serperior|Serperior, F, shiny|100/100
|turn|4
|
|t:|1743895607
|move|p1a: Quaquaval|Ice Spinner|p2a: Serperior
|-supereffective|p2a: Serperior
|-damage|p2a: Serperior|2/100
|move|p2a: Serperior|Leaf Storm|p1a: Quaquaval
|-supereffective|p1a: Quaquaval
|-damage|p1a: Quaquaval|6/100 par
|-boost|p2a: Serperior|spa|2
|
|-heal|p2a: Serperior|8/100|[from] item: Leftovers
|upkeep
|turn|5
|c|☆impsilver|nice
|c|☆sladearrow|welp
|c|☆sladearrow|gg
|
|t:|1743895620
|move|p1a: Quaquaval|Ice Spinner|p2a: Serperior
|-supereffective|p2a: Serperior
|-damage|p2a: Serperior|0 fnt
|faint|p2a: Serperior
|-ability|p1a: Quaquaval|Moxie|boost
|-boost|p1a: Quaquaval|atk|1
|
|upkeep
|
|t:|1743895622
|switch|p2a: Staraptor|Staraptor, F, shiny|100/100
|turn|6
|
|t:|1743895626
|move|p1a: Quaquaval|Ice Spinner|p2a: Staraptor
|-supereffective|p2a: Staraptor
|-damage|p2a: Staraptor|0 fnt
|faint|p2a: Staraptor
|
|win|impsilver
|n|☆impsilver|impsilver
|n|☆sladearrow|sladearrow
|n|*Lady Monita ❄|ladymonita
|n| choc5|choc5
