|j|☆sorrybutimoutside
|j|☆Dudeman737
|t:|1743913617
|gametype|singles
|player|p1|sorrybutimoutside|n-masters|1045
|player|p2|Dudeman737|265|1000
|teamsize|p1|6
|teamsize|p2|6
|gen|9
|tier|[Gen 9] OU
|rated|
|rule|HP Percentage Mod: HP is shown in percentages
|rule|Endless Battle Clause: Forcing endless battles is banned
|rule|Species Clause: Limit one of each Pokémon
|rule|OHKO Clause: OHKO moves are banned
|rule|Evasion Items Clause: Evasion items are banned
|rule|Evasion Moves Clause: Evasion moves are banned
|rule|Sleep Moves Clause: Sleep-inducing moves are banned
|clearpoke
|poke|p1|Ribombee, F|
|poke|p1|Kyurem|
|poke|p1|Raging Bolt|
|poke|p1|Iron Valiant|
|poke|p1|Gholdengo|
|poke|p1|Iron Moth|
|poke|p2|Maushold|
|poke|p2|Heatran, M|
|poke|p2|Dragapult, M|
|poke|p2|Blaziken, M|
|poke|p2|Swampert, M|
|poke|p2|Slowking-Galar, F|
|teampreview
|
|t:|1743913631
|start
|switch|p1a: Ribombee|Ribombee, F|100/100
|switch|p2a: Maushold|Maushold, shiny|100/100
|turn|1
|
|t:|1743913655
|move|p1a: Ribombee|Sticky Web|p2a: Maushold
|-sidestart|p2: Dudeman737|move: Sticky Web
|move|p2a: Maushold|Population Bomb|p1a: Ribombee
|-damage|p1a: Ribombee|88/100
|-damage|p1a: Ribombee|75/100
|-damage|p1a: Ribombee|63/100
|-damage|p1a: Ribombee|51/100
|-damage|p1a: Ribombee|37/100
|-damage|p1a: Ribombee|25/100
|-damage|p1a: Ribombee|12/100
|-damage|p1a: Ribombee|0 fnt
|faint|p1a: Ribombee
|-hitcount|p1: Ribombee|8
|
|upkeep
|
|t:|1743913674
|switch|p1a: Iron Valiant|Iron Valiant|100/100
|-enditem|p1a: Iron Valiant|Booster Energy
|-activate|p1a: Iron Valiant|ability: Quark Drive|[fromitem]
|-start|p1a: Iron Valiant|quarkdriveatk
|turn|2
|
|t:|1743913688
|switch|p2a: Slowking|Slowking-Galar, F|100/100
|-activate|p2a: Slowking|move: Sticky Web
|-unboost|p2a: Slowking|spe|1
|move|p1a: Iron Valiant|Close Combat|p2a: Slowking
|-resisted|p2a: Slowking
|-damage|p2a: Slowking|77/100
|-unboost|p1a: Iron Valiant|def|1
|-unboost|p1a: Iron Valiant|spd|1
|
|-heal|p2a: Slowking|83/100|[from] item: Leftovers
|upkeep
|turn|3
|
|t:|1743913700
|move|p1a: Iron Valiant|Knock Off|p2a: Slowking
|-supereffective|p2a: Slowking
|-damage|p2a: Slowking|0 fnt
|-enditem|p2a: Slowking|Leftovers|[from] move: Knock Off|[of] p1a: Iron Valiant
|faint|p2a: Slowking
|
|upkeep
|
|t:|1743913705
|switch|p2a: Dragapult|Dragapult, M|100/100
|-activate|p2a: Dragapult|move: Sticky Web
|-fail|p2a: Dragapult|unboost|[from] ability: Clear Body|[of] p2a: Dragapult
|turn|4
|
|t:|1743913715
|move|p1a: Iron Valiant|Knock Off|p2a: Dragapult
|-supereffective|p2a: Dragapult
|-damage|p2a: Dragapult|0 fnt
|-enditem|p2a: Dragapult|Choice Specs|[from] move: Knock Off|[of] p1a: Iron Valiant
|faint|p2a: Dragapult
|
|upkeep
|
|t:|1743913722
|switch|p2a: Swampert|Swampert, M|100/100
|-activate|p2a: Swampert|move: Sticky Web
|-unboost|p2a: Swampert|spe|1
|turn|5
|
|t:|1743913753
|move|p1a: Iron Valiant|Swords Dance|p1a: Iron Valiant
|-boost|p1a: Iron Valiant|atk|2
|move|p2a: Swampert|Stone Edge|p1a: Iron Valiant
|-resisted|p1a: Iron Valiant
|-damage|p1a: Iron Valiant|75/100
|
|upkeep
|turn|6
|
|t:|1743913762
|move|p1a: Iron Valiant|Close Combat|p2a: Swampert
|-damage|p2a: Swampert|0 fnt
|-unboost|p1a: Iron Valiant|def|1
|-unboost|p1a: Iron Valiant|spd|1
|faint|p2a: Swampert
|
|upkeep
|
|t:|1743913770
|switch|p2a: Heatran|Heatran, M|100/100
|-activate|p2a: Heatran|move: Sticky Web
|-unboost|p2a: Heatran|spe|1
|turn|7
|
|t:|1743913780
|move|p1a: Iron Valiant|Close Combat|p2a: Heatran
|-supereffective|p2a: Heatran
|-damage|p2a: Heatran|0 fnt
|-unboost|p1a: Iron Valiant|def|1
|-unboost|p1a: Iron Valiant|spd|1
|faint|p2a: Heatran
|
|upkeep
|
|t:|1743913788
|switch|p2a: Maushold|Maushold, shiny|100/100
|-activate|p2a: Maushold|move: Sticky Web
|-unboost|p2a: Maushold|spe|1
|turn|8
|
|t:|1743913799
|move|p1a: Iron Valiant|Close Combat|p2a: Maushold
|-supereffective|p2a: Maushold
|-damage|p2a: Maushold|0 fnt
|-unboost|p1a: Iron Valiant|def|1
|-unboost|p1a: Iron Valiant|spd|1
|faint|p2a: Maushold
|
|upkeep
|
|t:|1743913806
|switch|p2a: Blaziken|Blaziken, M|100/100
|-activate|p2a: Blaziken|move: Sticky Web
|-unboost|p2a: Blaziken|spe|1
|turn|9
|
|t:|1743913833
|move|p1a: Iron Valiant|Close Combat|p2a: Blaziken
|-damage|p2a: Blaziken|0 fnt
|-unboost|p1a: Iron Valiant|def|1
|-unboost|p1a: Iron Valiant|spd|1
|faint|p2a: Blaziken
|
|win|sorrybutimoutside
|raw|sorrybutimoutside's rating: 1045 &rarr; <strong>1074</strong><br />(+29 for winning)
|raw|Dudeman737's rating: 1000 &rarr; <strong>1000</strong><br />(+0 for losing)
|l|☆sorrybutimoutside
|player|p1|
