|j|☆sasukeuchiwho
|j|☆lupiit
|t:|1743825574
|gametype|singles
|player|p1|sasukeuchiwho|bellelba|1301
|player|p2|lupiit|dragontamer|1256
|teamsize|p1|6
|teamsize|p2|6
|gen|9
|tier|[Gen 9] OU
|rated|
|rule|HP Percentage Mod: HP is shown in percentages
|rule|Endless Battle Clause: Forcing endless battles is banned
|rule|Species Clause: Limit one of each Pokémon
|rule|OHKO Clause: OHKO moves are banned
|rule|Evasion Items Clause: Evasion items are banned
|rule|Evasion Moves Clause: Evasion moves are banned
|rule|Sleep Moves Clause: Sleep-inducing moves are banned
|clearpoke
|poke|p1|Ninetales, F|
|poke|p1|Great Tusk|
|poke|p1|Walking Wake|
|poke|p1|Blaziken, F|
|poke|p1|Lilligant-Hisui, F|
|poke|p1|Espeon, M|
|poke|p2|Blissey, F|
|poke|p2|Hoopa-Unbound|
|poke|p2|Smeargle, F|
|poke|p2|Breloom, F|
|poke|p2|Dondozo, M|
|poke|p2|Comfey, M|
|teampreview
|inactive|Battle timer is ON: inactive players will automatically lose when time's up. (requested by sasukeuchiwho)
|
|t:|1743825582
|start
|switch|p1a: Ninetales|Ninetales, F|100/100
|switch|p2a: Comfey|Comfey, M|100/100
|-weather|SunnyDay|[from] ability: Drought|[of] p1a: Ninetales
|turn|1
|
|t:|1743825589
|move|p2a: Comfey|Calm Mind|p2a: Comfey
|-boost|p2a: Comfey|spa|1
|-boost|p2a: Comfey|spd|1
|move|p1a: Ninetales|Weather Ball|p2a: Comfey
|-damage|p2a: Comfey|72/100
|
|-weather|SunnyDay|[upkeep]
|upkeep
|turn|2
|
|t:|1743825593
|move|p2a: Comfey|Draining Kiss|p1a: Ninetales
|-resisted|p1a: Ninetales
|-damage|p1a: Ninetales|90/100
|-heal|p2a: Comfey|81/100|[from] drain|[of] p1a: Ninetales
|move|p1a: Ninetales|Encore|p2a: Comfey
|-start|p2a: Comfey|Encore
|
|-weather|SunnyDay|[upkeep]
|upkeep
|turn|3
|
|t:|1743825599
|move|p2a: Comfey|Draining Kiss|p1a: Ninetales
|-resisted|p1a: Ninetales
|-damage|p1a: Ninetales|75/100
|-heal|p2a: Comfey|94/100|[from] drain|[of] p1a: Ninetales
|move|p1a: Ninetales|Weather Ball|p2a: Comfey
|-damage|p2a: Comfey|64/100
|
|-weather|SunnyDay|[upkeep]
|upkeep
|turn|4
|
|t:|1743825604
|move|p2a: Comfey|Draining Kiss|p1a: Ninetales
|-resisted|p1a: Ninetales
|-damage|p1a: Ninetales|58/100
|-heal|p2a: Comfey|79/100|[from] drain|[of] p1a: Ninetales
|move|p1a: Ninetales|Weather Ball|p2a: Comfey
|-damage|p2a: Comfey|50/100
|
|-weather|SunnyDay|[upkeep]
|upkeep
|turn|5
|
|t:|1743825610
|move|p2a: Comfey|Draining Kiss|p1a: Ninetales
|-resisted|p1a: Ninetales
|-damage|p1a: Ninetales|40/100
|-heal|p2a: Comfey|66/100|[from] drain|[of] p1a: Ninetales
|move|p1a: Ninetales|Weather Ball|p2a: Comfey
|-damage|p2a: Comfey|36/100
|
|-weather|SunnyDay|[upkeep]
|-end|p2a: Comfey|Encore
|upkeep
|turn|6
|
|t:|1743825615
|move|p2a: Comfey|Draining Kiss|p1a: Ninetales
|-resisted|p1a: Ninetales
|-damage|p1a: Ninetales|21/100
|-heal|p2a: Comfey|53/100|[from] drain|[of] p1a: Ninetales
|move|p1a: Ninetales|Encore|p2a: Comfey
|-start|p2a: Comfey|Encore
|
|-weather|SunnyDay|[upkeep]
|upkeep
|turn|7
|
|t:|1743825622
|move|p2a: Comfey|Draining Kiss|p1a: Ninetales
|-resisted|p1a: Ninetales
|-damage|p1a: Ninetales|0 fnt
|-heal|p2a: Comfey|70/100|[from] drain|[of] p1a: Ninetales
|faint|p1a: Ninetales
|
|-weather|SunnyDay|[upkeep]
|upkeep
|
|t:|1743825631
|switch|p1a: Great Tusk|Great Tusk|100/100
|-activate|p1a: Great Tusk|ability: Protosynthesis
|-start|p1a: Great Tusk|protosynthesisatk
|turn|8
|
|t:|1743825633
|-terastallize|p1a: Great Tusk|Fire
|move|p2a: Comfey|Draining Kiss|p1a: Great Tusk
|-resisted|p1a: Great Tusk
|-damage|p1a: Great Tusk|53/100
|-heal|p2a: Comfey|100/100|[from] drain|[of] p1a: Great Tusk
|move|p1a: Great Tusk|Temper Flare|p2a: Comfey
|-damage|p2a: Comfey|4/100
|
|-weather|none
|-end|p1a: Great Tusk|Protosynthesis
|upkeep
|turn|9
|
|t:|1743825647
|-terastallize|p2a: Comfey|Fire
|move|p2a: Comfey|Draining Kiss|p1a: Great Tusk
|-resisted|p1a: Great Tusk
|-damage|p1a: Great Tusk|2/100
|-heal|p2a: Comfey|50/100|[from] drain|[of] p1a: Great Tusk
|move|p1a: Great Tusk|Headlong Rush|p2a: Comfey
|-supereffective|p2a: Comfey
|-damage|p2a: Comfey|0 fnt
|-unboost|p1a: Great Tusk|def|1
|-unboost|p1a: Great Tusk|spd|1
|faint|p2a: Comfey
|
|upkeep
|
|t:|1743825659
|switch|p2a: Breloom|Breloom, F|100/100
|turn|10
|
|t:|1743825663
|-end|p1a: Great Tusk|Protosynthesis|[silent]
|switch|p1a: Espeon|Espeon, M|100/100
|move|p2a: Breloom|Mach Punch|p1a: Espeon
|-resisted|p1a: Espeon
|-damage|p1a: Espeon|74/100
|-enditem|p1a: Espeon|Eject Button
|
|t:|1743825674
|switch|p1a: Blaziken|Blaziken, F|100/100
|
|upkeep
|turn|11
|
|t:|1743825679
|switch|p2a: Dondozo|Dondozo, M|100/100
|move|p1a: Blaziken|Focus Energy|p1a: Blaziken
|-start|p1a: Blaziken|move: Focus Energy
|
|-ability|p1a: Blaziken|Speed Boost|boost
|-boost|p1a: Blaziken|spe|1
|upkeep
|turn|12
|
|t:|1743825684
|move|p1a: Blaziken|Overheat|p2a: Dondozo
|-resisted|p2a: Dondozo
|-crit|p2a: Dondozo
|-damage|p2a: Dondozo|59/100
|-unboost|p1a: Blaziken|spa|2
|move|p2a: Dondozo|Waterfall|p1a: Blaziken
|-supereffective|p1a: Blaziken
|-crit|p1a: Blaziken
|-damage|p1a: Blaziken|0 fnt
|faint|p1a: Blaziken
|
|-heal|p2a: Dondozo|65/100|[from] item: Leftovers
|upkeep
|
|t:|1743825694
|switch|p1a: Espeon|Espeon, M|74/100
|turn|13
|
|t:|1743825698
|switch|p2a: Hoopa|Hoopa-Unbound|100/100
|move|p1a: Espeon|Future Sight|p2a: Hoopa
|-start|p1a: Espeon|move: Future Sight
|
|upkeep
|turn|14
|
|t:|1743825705
|move|p1a: Espeon|Sunny Day|p1a: Espeon
|-weather|SunnyDay
|move|p2a: Hoopa|Calm Mind|p2a: Hoopa
|-boost|p2a: Hoopa|spa|1
|-boost|p2a: Hoopa|spd|1
|
|-weather|SunnyDay|[upkeep]
|upkeep
|turn|15
|
|t:|1743825711
|switch|p1a: Lilligant|Lilligant-Hisui, F|100/100
|move|p2a: Hoopa|Substitute|p2a: Hoopa
|-start|p2a: Hoopa|Substitute
|-damage|p2a: Hoopa|76/100
|
|-weather|SunnyDay|[upkeep]
|-end|p2a: Hoopa|move: Future Sight
|-immune|p2a: Hoopa
|-heal|p2a: Hoopa|82/100|[from] item: Leftovers
|upkeep
|turn|16
|
|t:|1743825721
|move|p1a: Lilligant|Acrobatics|p2a: Hoopa
|-end|p2a: Hoopa|Substitute
|move|p2a: Hoopa|Psyshock|p1a: Lilligant
|-supereffective|p1a: Lilligant
|-enditem|p1a: Lilligant|Focus Sash
|-damage|p1a: Lilligant|1/100
|
|-weather|SunnyDay|[upkeep]
|-heal|p2a: Hoopa|88/100|[from] item: Leftovers
|upkeep
|turn|17
|
|t:|1743825729
|switch|p2a: Blissey|Blissey, F|100/100
|move|p1a: Lilligant|Acrobatics|p2a: Blissey
|-damage|p2a: Blissey|67/100
|
|-weather|SunnyDay|[upkeep]
|upkeep
|turn|18
|
|t:|1743825734
|move|p1a: Lilligant|Acrobatics|p2a: Blissey
|-damage|p2a: Blissey|32/100
|move|p2a: Blissey|Shadow Ball|p1a: Lilligant
|-damage|p1a: Lilligant|0 fnt
|faint|p1a: Lilligant
|
|-weather|none
|upkeep
|
|t:|1743825744
|switch|p1a: Great Tusk|Great Tusk, tera:Fire|2/100
|turn|19
|
|t:|1743825747
|move|p1a: Great Tusk|Close Combat|p2a: Blissey
|-supereffective|p2a: Blissey
|-damage|p2a: Blissey|0 fnt
|-unboost|p1a: Great Tusk|def|1
|-unboost|p1a: Great Tusk|spd|1
|faint|p2a: Blissey
|
|upkeep
|
|t:|1743825750
|switch|p2a: Breloom|Breloom, F|100/100
|turn|20
|
|t:|1743825757
|-end|p1a: Great Tusk|Protosynthesis|[silent]
|switch|p1a: Espeon|Espeon, M|74/100
|move|p2a: Breloom|Mach Punch|p1a: Espeon
|-resisted|p1a: Espeon
|-damage|p1a: Espeon|48/100
|
|upkeep
|turn|21
|
|t:|1743825761
|switch|p2a: Hoopa|Hoopa-Unbound|88/100
|move|p1a: Espeon|Sunny Day|p1a: Espeon
|-weather|SunnyDay
|
|-weather|SunnyDay|[upkeep]
|-heal|p2a: Hoopa|94/100|[from] item: Leftovers
|upkeep
|turn|22
|
|t:|1743825767
|switch|p1a: Great Tusk|Great Tusk, tera:Fire|2/100
|-activate|p1a: Great Tusk|ability: Protosynthesis
|-start|p1a: Great Tusk|protosynthesisatk
|move|p2a: Hoopa|Substitute|p2a: Hoopa
|-start|p2a: Hoopa|Substitute
|-damage|p2a: Hoopa|69/100
|
|-weather|SunnyDay|[upkeep]
|-heal|p2a: Hoopa|75/100|[from] item: Leftovers
|upkeep
|turn|23
|
|t:|1743825773
|move|p1a: Great Tusk|Temper Flare|p2a: Hoopa
|-end|p2a: Hoopa|Substitute
|move|p2a: Hoopa|Psyshock|p1a: Great Tusk
|-damage|p1a: Great Tusk|0 fnt
|faint|p1a: Great Tusk
|-end|p1a: Great Tusk|Protosynthesis|[silent]
|
|-weather|SunnyDay|[upkeep]
|-heal|p2a: Hoopa|81/100|[from] item: Leftovers
|upkeep
|
|t:|1743825779
|switch|p1a: Walking Wake|Walking Wake|100/100
|-activate|p1a: Walking Wake|ability: Protosynthesis
|-start|p1a: Walking Wake|protosynthesisspa
|turn|24
|
|t:|1743825785
|switch|p2a: Dondozo|Dondozo, M|65/100
|move|p1a: Walking Wake|Hydro Steam|p2a: Dondozo
|-resisted|p2a: Dondozo
|-damage|p2a: Dondozo|15/100
|
|-weather|SunnyDay|[upkeep]
|-heal|p2a: Dondozo|21/100|[from] item: Leftovers
|upkeep
|turn|25
|
|t:|1743825791
|move|p1a: Walking Wake|Hydro Steam|p2a: Dondozo
|-resisted|p2a: Dondozo
|-damage|p2a: Dondozo|0 fnt
|faint|p2a: Dondozo
|
|-weather|none
|-end|p1a: Walking Wake|Protosynthesis
|upkeep
|
|t:|1743825793
|switch|p2a: Smeargle|Smeargle, F|100/100
|turn|26
|
|t:|1743825801
|-end|p1a: Walking Wake|Protosynthesis|[silent]
|switch|p1a: Espeon|Espeon, M|48/100
|move|p2a: Smeargle|Mirror Coat||[still]
|-fail|p2a: Smeargle
|
|upkeep
|turn|27
|
|t:|1743825809
|switch|p2a: Hoopa|Hoopa-Unbound|81/100
|move|p1a: Espeon|Sunny Day|p1a: Espeon
|-weather|SunnyDay
|
|-weather|SunnyDay|[upkeep]
|-heal|p2a: Hoopa|87/100|[from] item: Leftovers
|upkeep
|turn|28
|c|☆lupiit|gbg
|c|☆lupiit|gg
|
|t:|1743825817
|switch|p1a: Walking Wake|Walking Wake|100/100
|-activate|p1a: Walking Wake|ability: Protosynthesis
|-start|p1a: Walking Wake|protosynthesisspa
|move|p2a: Hoopa|Dark Pulse|p1a: Walking Wake
|-damage|p1a: Walking Wake|31/100
|
|-weather|SunnyDay|[upkeep]
|-heal|p2a: Hoopa|93/100|[from] item: Leftovers
|upkeep
|turn|29
|
|t:|1743825832
|switch|p2a: Smeargle|Smeargle, F|100/100
|move|p1a: Walking Wake|Hydro Steam|p2a: Smeargle
|-crit|p2a: Smeargle
|-enditem|p2a: Smeargle|Focus Sash
|-damage|p2a: Smeargle|1/100
|
|-weather|SunnyDay|[upkeep]
|upkeep
|turn|30
|
|t:|1743825834
|move|p1a: Walking Wake|Hydro Steam|p2a: Smeargle
|-damage|p2a: Smeargle|0 fnt
|faint|p2a: Smeargle
|
|-weather|SunnyDay|[upkeep]
|upkeep
|
|t:|1743825836
|switch|p2a: Breloom|Breloom, F|100/100
|turn|31
|
|t:|1743825843
|move|p2a: Breloom|Mach Punch|p1a: Walking Wake
|-damage|p1a: Walking Wake|0 fnt
|faint|p1a: Walking Wake
|-end|p1a: Walking Wake|Protosynthesis|[silent]
|
|-weather|none
|upkeep
|-message|sasukeuchiwho forfeited.
|
|win|lupiit
|raw|sasukeuchiwho's rating: 1301 &rarr; <strong>1278</strong><br />(-23 for losing)
|raw|lupiit's rating: 1256 &rarr; <strong>1284</strong><br />(+28 for winning)
|l|☆sasukeuchiwho
|player|p1|
|l|☆lupiit
|player|p2|
