|j|☆Rookie22
|j|☆EpicUmbreon29
|t:|1743881402
|gametype|singles
|player|p1|Rookie22|iris-gen5bw2|1567
|player|p2|EpicUmbreon29|grimsley|1620
|teamsize|p1|6
|teamsize|p2|6
|gen|9
|tier|[Gen 9] OU
|rated|
|rule|HP Percentage Mod: HP is shown in percentages
|rule|Endless Battle Clause: Forcing endless battles is banned
|rule|Species Clause: Limit one of each Pokémon
|rule|OHKO Clause: OHKO moves are banned
|rule|Evasion Items Clause: Evasion items are banned
|rule|Evasion Moves Clause: Evasion moves are banned
|rule|Sleep Moves Clause: Sleep-inducing moves are banned
|clearpoke
|poke|p1|Iron Crown|
|poke|p1|Meowscarada, M|
|poke|p1|Dragonite, F|
|poke|p1|Keldeo|
|poke|p1|Great Tusk|
|poke|p1|Raging Bolt|
|poke|p2|Kyurem|
|poke|p2|Gengar, M|
|poke|p2|Araquanid, M|
|poke|p2|Indeedee, M|
|poke|p2|Hawlucha, F|
|poke|p2|Great Tusk|
|teampreview
|inactive|Battle timer is ON: inactive players will automatically lose when time's up. (requested by Rookie22)
|
|t:|1743881410
|start
|switch|p1a: Meowscarada|Meowscarada, M|100/100
|switch|p2a: Kyurem|Kyurem|100/100
|-ability|p2a: Kyurem|Pressure
|turn|1
|
|t:|1743881419
|switch|p1a: Iron Crown|Iron Crown|100/100
|move|p2a: Kyurem|Draco Meteor|p1a: Iron Crown
|-resisted|p1a: Iron Crown
|-damage|p1a: Iron Crown|64/100
|-unboost|p2a: Kyurem|spa|2
|
|upkeep
|turn|2
|
|t:|1743881425
|switch|p2a: Araquanid|Araquanid, M|100/100
|move|p1a: Iron Crown|Tachyon Cutter|p2a: Araquanid
|-resisted|p2a: Araquanid
|-damage|p2a: Araquanid|91/100
|-resisted|p2a: Araquanid
|-damage|p2a: Araquanid|81/100
|-hitcount|p2a: Araquanid|2
|
|upkeep
|turn|3
|
|t:|1743881431
|move|p1a: Iron Crown|Volt Switch|p2a: Araquanid
|-supereffective|p2a: Araquanid
|-damage|p2a: Araquanid|46/100
|
|t:|1743881444
|-end|p1a: Iron Crown|Quark Drive|[silent]
|switch|p1a: Lisan Al Gaib|Keldeo|100/100|[from] Volt Switch
|move|p2a: Araquanid|Sticky Web|p1a: Lisan Al Gaib
|-sidestart|p1: Rookie22|move: Sticky Web
|
|upkeep
|turn|4
|
|t:|1743881450
|move|p2a: Araquanid|Endure|p2a: Araquanid
|-singleturn|p2a: Araquanid|move: Endure
|move|p1a: Lisan Al Gaib|Air Slash|p2a: Araquanid
|-supereffective|p2a: Araquanid
|-activate|p2a: Araquanid|move: Endure
|-damage|p2a: Araquanid|1/100
|
|upkeep
|turn|5
|inactive|Rookie22 has 120 seconds left.
|-enditem|p2a: Araquanid|Custap Berry|[eat]
|-activate|p2a: Araquanid|item: Custap Berry|[consumed]
|
|t:|1743881502
|move|p2a: Araquanid|Endeavor|p1a: Lisan Al Gaib
|-damage|p1a: Lisan Al Gaib|1/100
|move|p1a: Lisan Al Gaib|Air Slash|p2a: Araquanid
|-supereffective|p2a: Araquanid
|-damage|p2a: Araquanid|0 fnt
|faint|p2a: Araquanid
|
|upkeep
|
|t:|1743881510
|switch|p2a: Gengar|Gengar, M|100/100
|turn|6
|
|t:|1743881518
|switch|p1a: Meowscarada|Meowscarada, M|100/100
|move|p2a: Gengar|Shadow Ball|p1a: Meowscarada
|-resisted|p1a: Meowscarada
|-damage|p1a: Meowscarada|72/100
|
|upkeep
|turn|7
|
|t:|1743881525
|move|p1a: Meowscarada|Knock Off|p2a: Gengar
|-start|p1a: Meowscarada|typechange|Dark|[from] ability: Protean
|-supereffective|p2a: Gengar
|-damage|p2a: Gengar|4/100
|-start|p1a: Meowscarada|Disable|Knock Off|[from] ability: Cursed Body|[of] p2a: Gengar
|-enditem|p2a: Gengar|Leftovers|[from] move: Knock Off|[of] p1a: Meowscarada
|move|p2a: Gengar|Pain Split|p1a: Meowscarada
|-sethp|p1a: Meowscarada|38/100|[from] move: Pain Split|[silent]
|-sethp|p2a: Gengar|35/100|[from] move: Pain Split
|
|upkeep
|turn|8
|inactive|Rookie22 has 120 seconds left.
|
|t:|1743881535
|move|p1a: Meowscarada|Flower Trick|p2a: Gengar
|-resisted|p2a: Gengar
|-crit|p2a: Gengar
|-damage|p2a: Gengar|18/100
|move|p2a: Gengar|Shadow Ball|p1a: Meowscarada
|-resisted|p1a: Meowscarada
|-damage|p1a: Meowscarada|10/100
|
|upkeep
|turn|9
|inactive|Rookie22 has 120 seconds left.
|
|t:|1743881545
|move|p1a: Meowscarada|Flower Trick|p2a: Gengar
|-resisted|p2a: Gengar
|-crit|p2a: Gengar
|-damage|p2a: Gengar|0 fnt
|faint|p2a: Gengar
|
|upkeep
|
|t:|1743881550
|switch|p2a: Great Tusk|Great Tusk|100/100
|-enditem|p2a: Great Tusk|Booster Energy
|-activate|p2a: Great Tusk|ability: Protosynthesis|[fromitem]
|-start|p2a: Great Tusk|protosynthesisspe
|turn|10
|
|t:|1743881557
|switch|p1a: Great Tusk|Great Tusk|100/100
|-activate|p1a: Great Tusk|move: Sticky Web
|-unboost|p1a: Great Tusk|spe|1
|move|p2a: Great Tusk|Rapid Spin|p1a: Great Tusk
|-damage|p1a: Great Tusk|91/100
|-boost|p2a: Great Tusk|spe|1
|
|-heal|p1a: Great Tusk|97/100|[from] item: Leftovers
|upkeep
|turn|11
|
|t:|1743881561
|move|p2a: Great Tusk|Bulk Up|p2a: Great Tusk
|-boost|p2a: Great Tusk|atk|1
|-boost|p2a: Great Tusk|def|1
|move|p1a: Great Tusk|Rapid Spin|p2a: Great Tusk
|-damage|p2a: Great Tusk|92/100
|-boost|p1a: Great Tusk|spe|1
|-sideend|p1: Rookie22|Sticky Web|[from] move: Rapid Spin|[of] p1a: Great Tusk
|
|-heal|p1a: Great Tusk|100/100|[from] item: Leftovers
|upkeep
|turn|12
|
|t:|1743881564
|move|p2a: Great Tusk|Bulk Up|p2a: Great Tusk
|-boost|p2a: Great Tusk|atk|1
|-boost|p2a: Great Tusk|def|1
|move|p1a: Great Tusk|Ice Spinner|p2a: Great Tusk
|-supereffective|p2a: Great Tusk
|-damage|p2a: Great Tusk|72/100
|
|upkeep
|turn|13
|
|t:|1743881567
|move|p2a: Great Tusk|Bulk Up|p2a: Great Tusk
|-boost|p2a: Great Tusk|atk|1
|-boost|p2a: Great Tusk|def|1
|move|p1a: Great Tusk|Ice Spinner|p2a: Great Tusk
|-supereffective|p2a: Great Tusk
|-damage|p2a: Great Tusk|56/100
|
|upkeep
|turn|14
|
|t:|1743881574
|move|p2a: Great Tusk|Ice Spinner|p1a: Great Tusk
|-supereffective|p1a: Great Tusk
|-damage|p1a: Great Tusk|30/100
|move|p1a: Great Tusk|Ice Spinner|p2a: Great Tusk
|-supereffective|p2a: Great Tusk
|-damage|p2a: Great Tusk|42/100
|
|-heal|p1a: Great Tusk|37/100|[from] item: Leftovers
|upkeep
|turn|15
|
|t:|1743881579
|move|p2a: Great Tusk|Ice Spinner|p1a: Great Tusk
|-supereffective|p1a: Great Tusk
|-damage|p1a: Great Tusk|0 fnt
|faint|p1a: Great Tusk
|-end|p1a: Great Tusk|Protosynthesis|[silent]
|
|upkeep
|
|t:|1743881590
|switch|p1a: Lisan Al Gaib|Keldeo|1/100
|turn|16
|inactive|Rookie22 has 120 seconds left.
|
|t:|1743881631
|-terastallize|p1a: Lisan Al Gaib|Fighting
|move|p1a: Lisan Al Gaib|Vacuum Wave|p2a: Great Tusk
|-damage|p2a: Great Tusk|0 fnt
|faint|p2a: Great Tusk
|-end|p2a: Great Tusk|Protosynthesis|[silent]
|
|upkeep
|
|t:|1743881636
|switch|p2a: Indeedee|Indeedee, M|100/100
|-fieldstart|move: Psychic Terrain|[from] ability: Psychic Surge|[of] p2a: Indeedee
|turn|17
|inactive|Rookie22 has 120 seconds left.
|
|t:|1743881642
|switch|p1a: Meowscarada|Meowscarada, M|10/100
|move|p2a: Indeedee|Shadow Ball|p1a: Meowscarada
|-resisted|p1a: Meowscarada
|-damage|p1a: Meowscarada|0 fnt
|faint|p1a: Meowscarada
|
|upkeep
|inactive|Rookie22 has 120 seconds left.
|
|t:|1743881651
|switch|p1a: Iron Crown|Iron Crown|64/100
|turn|18
|
|t:|1743881657
|move|p1a: Iron Crown|Tachyon Cutter|p2a: Indeedee
|-damage|p2a: Indeedee|67/100
|-damage|p2a: Indeedee|31/100
|-hitcount|p2a: Indeedee|2
|move|p2a: Indeedee|Shadow Ball|p1a: Iron Crown
|-supereffective|p1a: Iron Crown
|-damage|p1a: Iron Crown|31/100
|
|upkeep
|turn|19
|
|t:|1743881663
|move|p1a: Iron Crown|Tachyon Cutter|p2a: Indeedee
|-damage|p2a: Indeedee|0 fnt
|faint|p2a: Indeedee
|-hitcount|p2: Indeedee|1
|
|upkeep
|
|t:|1743881665
|switch|p2a: Hawlucha|Hawlucha, F|100/100
|-enditem|p2a: Hawlucha|Psychic Seed
|-boost|p2a: Hawlucha|spd|1|[from] item: Psychic Seed
|turn|20
|
|t:|1743881668
|-terastallize|p2a: Hawlucha|Fire
|move|p2a: Hawlucha|Swords Dance|p2a: Hawlucha
|-boost|p2a: Hawlucha|atk|2
|move|p1a: Iron Crown|Psyshock|p2a: Hawlucha
|-damage|p2a: Hawlucha|21/100
|
|upkeep
|turn|21
|
|t:|1743881682
|move|p2a: Hawlucha|Tera Blast|p1a: Iron Crown|[anim] Tera Blast Fire
|-supereffective|p1a: Iron Crown
|-damage|p1a: Iron Crown|0 fnt
|faint|p1a: Iron Crown
|-end|p1a: Iron Crown|Quark Drive|[silent]
|
|upkeep
|
|t:|1743881695
|switch|p1a: Dragonite|Dragonite, F|100/100
|turn|22
|
|t:|1743881698
|move|p2a: Hawlucha|Acrobatics|p1a: Dragonite
|-damage|p1a: Dragonite|48/100
|move|p1a: Dragonite|Earthquake|p2a: Hawlucha
|-supereffective|p2a: Hawlucha
|-damage|p2a: Hawlucha|0 fnt
|faint|p2a: Hawlucha
|
|upkeep
|
|t:|1743881700
|switch|p2a: Kyurem|Kyurem|100/100
|-ability|p2a: Kyurem|Pressure
|turn|23
|
|t:|1743881705
|move|p2a: Kyurem|Ice Beam|p1a: Dragonite
|-supereffective|p1a: Dragonite
|-damage|p1a: Dragonite|0 fnt
|faint|p1a: Dragonite
|
|upkeep
|
|t:|1743881711
|switch|p1a: Raging Bolt|Raging Bolt|100/100
|turn|24
|
|t:|1743881712
|move|p2a: Kyurem|Ice Beam|p1a: Raging Bolt
|-supereffective|p1a: Raging Bolt
|-damage|p1a: Raging Bolt|0 fnt
|faint|p1a: Raging Bolt
|-end|p1a: Raging Bolt|Protosynthesis|[silent]
|
|-fieldend|move: Psychic Terrain
|upkeep
|
|t:|1743881718
|switch|p1a: Lisan Al Gaib|Keldeo, tera:Fighting|1/100
|turn|25
|
|t:|1743881722
|move|p1a: Lisan Al Gaib|Aura Sphere|p2a: Kyurem
|-supereffective|p2a: Kyurem
|-damage|p2a: Kyurem|0 fnt
|faint|p2a: Kyurem
|
|win|Rookie22
|raw|Rookie22's rating: 1567 &rarr; <strong>1590</strong><br />(+23 for winning)
|raw|EpicUmbreon29's rating: 1620 &rarr; <strong>1597</strong><br />(-23 for losing)
|l|☆EpicUmbreon29
|player|p2|
|l|☆Rookie22
|player|p1|
