|j|☆Mustang Dijon
|j|☆marreko
|t:|1743811324
|gametype|singles
|player|p1|Mustang Dijon|blue|1243
|player|p2|marreko|marley|1266
|teamsize|p1|6
|teamsize|p2|6
|gen|9
|tier|[Gen 9] OU
|rated|
|rule|HP Percentage Mod: HP is shown in percentages
|rule|Endless Battle Clause: Forcing endless battles is banned
|rule|Species Clause: Limit one of each Pokémon
|rule|OHKO Clause: OHKO moves are banned
|rule|Evasion Items Clause: Evasion items are banned
|rule|Evasion Moves Clause: Evasion moves are banned
|rule|Sleep Moves Clause: Sleep-inducing moves are banned
|clearpoke
|poke|p1|Azumarill, M|
|poke|p1|Ogerpon-Wellspring, F|
|poke|p1|Ursaluna, F|
|poke|p1|Raging Bolt|
|poke|p1|Talonflame, M|
|poke|p1|Incineroar, M|
|poke|p2|Weavile, F|
|poke|p2|Pecharunt|
|poke|p2|Ting-Lu|
|poke|p2|Tinkaton, F|
|poke|p2|Keldeo-Resolute|
|poke|p2|Dragonite, F|
|teampreview
|inactive|Battle timer is ON: inactive players will automatically lose when time's up. (requested by Mustang Dijon)
|
|t:|1743811354
|start
|switch|p1a: Mustard|Ogerpon-Wellspring, F|100/100
|switch|p2a: gatekeeper|Tinkaton, F, shiny|100/100
|-item|p2a: gatekeeper|Air Balloon
|turn|1
|
|t:|1743811367
|move|p1a: Mustard|U-turn|p2a: gatekeeper
|-resisted|p2a: gatekeeper
|-damage|p2a: gatekeeper|93/100
|-enditem|p2a: gatekeeper|Air Balloon
|
|t:|1743811369
|switch|p1a: OkLoser|Ursaluna, F|100/100|[from] U-turn
|move|p2a: gatekeeper|Thunder Wave|p1a: OkLoser
|-immune|p1a: OkLoser
|
|upkeep
|turn|2
|
|t:|1743811377
|switch|p2a: Dragonite|Dragonite, F|100/100
|move|p1a: OkLoser|Crunch|p2a: Dragonite
|-damage|p2a: Dragonite|86/100
|
|upkeep
|turn|3
|
|t:|1743811387
|move|p2a: Dragonite|Hurricane|p1a: OkLoser
|-damage|p1a: OkLoser|68/100
|move|p1a: OkLoser|Crunch|p2a: Dragonite
|-damage|p2a: Dragonite|61/100
|
|-heal|p1a: OkLoser|74/100|[from] item: Leftovers
|upkeep
|turn|4
|
|t:|1743811397
|move|p2a: Dragonite|Hurricane|p1a: OkLoser
|-damage|p1a: OkLoser|43/100
|move|p1a: OkLoser|Crunch|p2a: Dragonite
|-damage|p2a: Dragonite|33/100
|
|-heal|p1a: OkLoser|49/100|[from] item: Leftovers
|upkeep
|turn|5
|
|t:|1743811402
|move|p2a: Dragonite|Roost|p2a: Dragonite
|-heal|p2a: Dragonite|83/100
|-singleturn|p2a: Dragonite|move: Roost
|move|p1a: OkLoser|Rest|p1a: OkLoser
|-status|p1a: OkLoser|slp|[from] move: Rest
|-heal|p1a: OkLoser|100/100 slp|[silent]
|
|upkeep
|turn|6
|
|t:|1743811413
|switch|p2a: Keldeo|Keldeo-Resolute|100/100
|cant|p1a: OkLoser|slp
|move|p1a: OkLoser|Sleep Talk|p1a: OkLoser
|move|p1a: OkLoser|High Horsepower|p2a: Keldeo|[from] move: Sleep Talk
|-damage|p2a: Keldeo|25/100
|
|upkeep
|turn|7
|
|t:|1743811419
|switch|p1a: Raging Bolt|Raging Bolt|100/100
|move|p2a: Keldeo|Hydro Pump|p1a: Raging Bolt
|-resisted|p1a: Raging Bolt
|-damage|p1a: Raging Bolt|83/100
|
|-heal|p1a: Raging Bolt|89/100|[from] item: Leftovers
|upkeep
|turn|8
|
|t:|1743811424
|switch|p2a: gatekeeper|Tinkaton, F, shiny|93/100
|-end|p1a: Raging Bolt|Protosynthesis|[silent]
|switch|p1a: Mustard|Ogerpon-Wellspring, F|100/100
|
|upkeep
|turn|9
|
|t:|1743811429
|move|p1a: Mustard|U-turn|p2a: gatekeeper
|-resisted|p2a: gatekeeper
|-damage|p2a: gatekeeper|85/100
|
|t:|1743811433
|switch|p1a: OkLoser|Ursaluna, F|100/100 slp|[from] U-turn
|move|p2a: gatekeeper|Stealth Rock|p1a: OkLoser
|-sidestart|p1: Mustang Dijon|move: Stealth Rock
|
|upkeep
|turn|10
|inactive|marreko has 120 seconds left.
|
|t:|1743811489
|move|p2a: gatekeeper|Gigaton Hammer|p1a: OkLoser
|-damage|p1a: OkLoser|76/100 slp
|cant|p1a: OkLoser|slp
|move|p1a: OkLoser|Sleep Talk|p1a: OkLoser
|move|p1a: OkLoser|Crunch|p2a: gatekeeper|[from] move: Sleep Talk
|-resisted|p2a: gatekeeper
|-damage|p2a: gatekeeper|63/100
|-enditem|p1a: OkLoser|Leftovers|[silent]|[from] ability: Pickpocket|[of] p1a: OkLoser
|-item|p2a: gatekeeper|Leftovers|[from] ability: Pickpocket|[of] p1a: OkLoser
|
|-heal|p2a: gatekeeper|69/100|[from] item: Leftovers
|upkeep
|turn|11
|inactive|marreko has 90 seconds left.
|
|t:|1743811513
|switch|p2a: Dragonite|Dragonite, F|83/100
|-curestatus|p1a: OkLoser|slp|[msg]
|move|p1a: OkLoser|Crunch|p2a: Dragonite
|-damage|p2a: Dragonite|55/100
|
|upkeep
|turn|12
|inactive|marreko has 90 seconds left.
|inactive|Mustang Dijon has 120 seconds left.
|
|t:|1743811539
|move|p2a: Dragonite|Roost|p2a: Dragonite
|-heal|p2a: Dragonite|100/100
|-singleturn|p2a: Dragonite|move: Roost
|move|p1a: OkLoser|Crunch|p2a: Dragonite
|-damage|p2a: Dragonite|86/100
|-unboost|p2a: Dragonite|def|1
|
|upkeep
|turn|13
|inactive|marreko has 90 seconds left.
|
|t:|1743811549
|switch|p2a: Ting-Lu|Ting-Lu|100/100
|-ability|p2a: Ting-Lu|Vessel of Ruin
|move|p1a: OkLoser|Crunch|p2a: Ting-Lu
|-resisted|p2a: Ting-Lu
|-damage|p2a: Ting-Lu|94/100
|-unboost|p2a: Ting-Lu|def|1
|-damage|p1a: OkLoser|59/100|[from] item: Rocky Helmet|[of] p2a: Ting-Lu
|
|upkeep
|turn|14
|inactive|marreko has 90 seconds left.
|
|t:|1743811560
|move|p1a: OkLoser|High Horsepower|p2a: Ting-Lu
|-damage|p2a: Ting-Lu|58/100
|-damage|p1a: OkLoser|42/100|[from] item: Rocky Helmet|[of] p2a: Ting-Lu
|move|p2a: Ting-Lu|Spikes|p1a: OkLoser
|-sidestart|p1: Mustang Dijon|Spikes
|
|upkeep
|turn|15
|
|t:|1743811568
|switch|p2a: Dragonite|Dragonite, F|86/100
|move|p1a: OkLoser|High Horsepower|p2a: Dragonite
|-immune|p2a: Dragonite
|
|upkeep
|turn|16
|
|t:|1743811574
|move|p2a: Dragonite|Hurricane|p1a: OkLoser|[miss]
|-miss|p2a: Dragonite|p1a: OkLoser
|move|p1a: OkLoser|Rest|p1a: OkLoser
|-status|p1a: OkLoser|slp|[from] move: Rest
|-heal|p1a: OkLoser|100/100 slp|[silent]
|
|upkeep
|turn|17
|
|t:|1743811581
|switch|p1a: Raging Bolt|Raging Bolt|89/100
|-damage|p1a: Raging Bolt|77/100|[from] Stealth Rock
|-damage|p1a: Raging Bolt|65/100|[from] Spikes
|move|p2a: Dragonite|Earthquake|p1a: Raging Bolt
|-supereffective|p1a: Raging Bolt
|-damage|p1a: Raging Bolt|0 fnt
|faint|p1a: Raging Bolt
|-end|p1a: Raging Bolt|Protosynthesis|[silent]
|
|upkeep
|
|t:|1743811594
|switch|p1a: Bestburg|Talonflame, M|100/100
|turn|18
|
|t:|1743811598
|move|p1a: Bestburg|Defog|p2a: Dragonite
|-unboost|p2a: Dragonite|evasion|1
|-sideend|p1: Mustang Dijon|Spikes|[from] move: Defog|[of] p1a: Bestburg
|-sideend|p1: Mustang Dijon|Stealth Rock|[from] move: Defog|[of] p1a: Bestburg
|move|p2a: Dragonite|Hurricane|p1a: Bestburg|[miss]
|-miss|p2a: Dragonite|p1a: Bestburg
|
|upkeep
|turn|19
|
|t:|1743811603
|move|p1a: Bestburg|U-turn|p2a: Dragonite
|-resisted|p2a: Dragonite
|-crit|p2a: Dragonite
|-damage|p2a: Dragonite|73/100
|
|t:|1743811607
|switch|p1a: Incineroar|Incineroar, M|100/100|[from] U-turn
|-ability|p1a: Incineroar|Intimidate|boost
|-unboost|p2a: Dragonite|atk|1
|move|p2a: Dragonite|Hurricane|p1a: Incineroar|[miss]
|-miss|p2a: Dragonite|p1a: Incineroar
|
|upkeep
|turn|20
|
|t:|1743811614
|move|p2a: Dragonite|Earthquake|p1a: Incineroar
|-supereffective|p1a: Incineroar
|-damage|p1a: Incineroar|54/100
|move|p1a: Incineroar|U-turn|p2a: Dragonite
|-resisted|p2a: Dragonite
|-damage|p2a: Dragonite|60/100
|
|t:|1743811618
|switch|p1a: Sayso|Azumarill, M|100/100|[from] U-turn
|
|upkeep
|turn|21
|
|t:|1743811623
|move|p2a: Dragonite|Hurricane|p1a: Sayso|[miss]
|-miss|p2a: Dragonite|p1a: Sayso
|move|p1a: Sayso|Play Rough|p2a: Dragonite
|-supereffective|p2a: Dragonite
|-damage|p2a: Dragonite|0 fnt
|faint|p2a: Dragonite
|
|upkeep
|
|t:|1743811631
|switch|p2a: gaslight|Pecharunt|100/100
|turn|22
|
|t:|1743811651
|switch|p1a: OkLoser|Ursaluna, F|100/100 slp
|move|p2a: gaslight|Malignant Chain|p1a: OkLoser
|-resisted|p1a: OkLoser
|-damage|p1a: OkLoser|88/100 slp
|
|upkeep
|turn|23
|c|☆Mustang Dijon|No hazards or ground resist
|
|t:|1743811667
|move|p2a: gaslight|Parting Shot|p1a: OkLoser
|-unboost|p1a: OkLoser|atk|1
|-unboost|p1a: OkLoser|spa|1
|
|t:|1743811671
|switch|p2a: Ting-Lu|Ting-Lu|58/100|[from] Parting Shot
|-ability|p2a: Ting-Lu|Vessel of Ruin
|cant|p1a: OkLoser|slp
|move|p1a: OkLoser|Sleep Talk|p1a: OkLoser
|move|p1a: OkLoser|Crunch|p2a: Ting-Lu|[from] move: Sleep Talk
|-resisted|p2a: Ting-Lu
|-damage|p2a: Ting-Lu|52/100
|-damage|p1a: OkLoser|71/100 slp|[from] item: Rocky Helmet|[of] p2a: Ting-Lu
|
|upkeep
|turn|24
|
|t:|1743811690
|switch|p1a: Sayso|Azumarill, M|100/100
|move|p2a: Ting-Lu|Whirlwind|p1a: Sayso
|drag|p1a: Mustard|Ogerpon-Wellspring, F|100/100
|
|upkeep
|turn|25
|
|t:|1743811698
|switch|p2a: gaslight|Pecharunt|100/100
|move|p1a: Mustard|Ivy Cudgel|p2a: gaslight|[anim] Ivy Cudgel Water
|-damage|p2a: gaslight|70/100
|
|upkeep
|turn|26
|
|t:|1743811702
|move|p1a: Mustard|U-turn|p2a: gaslight
|-resisted|p2a: gaslight
|-damage|p2a: gaslight|67/100
|
|t:|1743811706
|switch|p1a: OkLoser|Ursaluna, F|71/100 slp|[from] U-turn
|move|p2a: gaslight|Malignant Chain|p1a: OkLoser
|-resisted|p1a: OkLoser
|-damage|p1a: OkLoser|59/100 slp
|
|upkeep
|turn|27
|
|t:|1743811722
|move|p2a: gaslight|Parting Shot|p1a: OkLoser
|-unboost|p1a: OkLoser|atk|1
|-unboost|p1a: OkLoser|spa|1
|
|t:|1743811729
|switch|p2a: girlboss|Weavile, F|100/100|[from] Parting Shot
|-ability|p2a: girlboss|Pressure
|cant|p1a: OkLoser|slp
|move|p1a: OkLoser|Sleep Talk|p1a: OkLoser
|move|p1a: OkLoser|Crunch|p2a: girlboss|[from] move: Sleep Talk
|-resisted|p2a: girlboss
|-damage|p2a: girlboss|78/100
|-unboost|p2a: girlboss|def|1
|
|upkeep
|turn|28
|
|t:|1743811740
|switch|p1a: Incineroar|Incineroar, M|54/100
|-ability|p1a: Incineroar|Intimidate|boost
|-unboost|p2a: girlboss|atk|1
|move|p2a: girlboss|Triple Axel|p1a: Incineroar
|-resisted|p1a: Incineroar
|-damage|p1a: Incineroar|51/100
|-resisted|p1a: Incineroar
|-damage|p1a: Incineroar|45/100
|-resisted|p1a: Incineroar
|-damage|p1a: Incineroar|35/100
|-hitcount|p1a: Incineroar|3
|
|upkeep
|turn|29
|
|t:|1743811749
|switch|p2a: Ting-Lu|Ting-Lu|52/100
|-ability|p2a: Ting-Lu|Vessel of Ruin
|move|p1a: Incineroar|U-turn|p2a: Ting-Lu
|-supereffective|p2a: Ting-Lu
|-damage|p2a: Ting-Lu|27/100
|-damage|p1a: Incineroar|19/100|[from] item: Rocky Helmet|[of] p2a: Ting-Lu
|
|t:|1743811752
|switch|p1a: Mustard|Ogerpon-Wellspring, F|100/100|[from] U-turn
|
|upkeep
|turn|30
|
|t:|1743811760
|switch|p2a: gaslight|Pecharunt|67/100
|-terastallize|p1a: Mustard|Water
|detailschange|p1a: Mustard|Ogerpon-Wellspring-Tera, F, tera:Water
|-ability|p1a: Mustard|Embody Aspect (Wellspring)|boost
|-boost|p1a: Mustard|spd|1
|move|p1a: Mustard|Ivy Cudgel|p2a: gaslight|[anim] Ivy Cudgel Water
|-damage|p2a: gaslight|28/100
|
|upkeep
|turn|31
|
|t:|1743811771
|switch|p2a: gatekeeper|Tinkaton, F, shiny|69/100
|move|p1a: Mustard|Ivy Cudgel|p2a: gatekeeper|[anim] Ivy Cudgel Water
|-damage|p2a: gatekeeper|0 fnt
|faint|p2a: gatekeeper
|
|upkeep
|c|☆Mustang Dijon|GG
|-message|Mustang Dijon forfeited.
|
|win|marreko
|raw|Mustang Dijon's rating: 1243 &rarr; <strong>1220</strong><br />(-23 for losing)
|raw|marreko's rating: 1266 &rarr; <strong>1289</strong><br />(+23 for winning)
|c|☆marreko|ggs
|l|☆marreko
|player|p2|
