|j|☆xylo2goated
|j|☆Shjsjdjd
|t:|1743890856
|gametype|singles
|player|p1|xylo2goated|benga|1095
|player|p2|Shjsjdjd|worker|1081
|teamsize|p1|6
|teamsize|p2|6
|gen|9
|tier|[Gen 9] OU
|rated|
|rule|HP Percentage Mod: HP is shown in percentages
|rule|Endless Battle Clause: Forcing endless battles is banned
|rule|Species Clause: Limit one of each Pokémon
|rule|OHKO Clause: OHKO moves are banned
|rule|Evasion Items Clause: Evasion items are banned
|rule|Evasion Moves Clause: Evasion moves are banned
|rule|Sleep Moves Clause: Sleep-inducing moves are banned
|clearpoke
|poke|p1|Dragonite, M|
|poke|p1|Ting-Lu|
|poke|p1|Iron Moth|
|poke|p1|Iron Valiant|
|poke|p1|Kyurem|
|poke|p1|Gholdengo|
|poke|p2|Primeape, F|
|poke|p2|Ursaring, F|
|poke|p2|Porygon2|
|poke|p2|Duraludon, M|
|poke|p2|Gligar, F|
|poke|p2|Magmar, F|
|teampreview
|
|t:|1743890891
|start
|switch|p1a: Ting-Lu|Ting-Lu|100/100
|switch|p2a: Primeape|Primeape, F, shiny|100/100
|-ability|p1a: Ting-Lu|Vessel of Ruin
|turn|1
|
|t:|1743890908
|move|p2a: Primeape|Close Combat|p1a: Ting-Lu
|-supereffective|p1a: Ting-Lu
|-damage|p1a: Ting-Lu|13/100
|-unboost|p2a: Primeape|def|1
|-unboost|p2a: Primeape|spd|1
|-damage|p2a: Primeape|84/100|[from] item: Rocky Helmet|[of] p1a: Ting-Lu
|move|p1a: Ting-Lu|Earthquake|p2a: Primeape
|-damage|p2a: Primeape|0 fnt
|faint|p2a: Primeape
|
|upkeep
|
|t:|1743890922
|switch|p2a: Ursaring|Ursaring, F, shiny|100/100
|turn|2
|
|t:|1743890940
|move|p1a: Ting-Lu|Earthquake|p2a: Ursaring
|-damage|p2a: Ursaring|70/100
|move|p2a: Ursaring|Trailblaze|p1a: Ting-Lu
|-supereffective|p1a: Ting-Lu
|-damage|p1a: Ting-Lu|0 fnt
|-boost|p2a: Ursaring|spe|1
|-damage|p2a: Ursaring|54/100|[from] item: Rocky Helmet|[of] p1a: Ting-Lu
|faint|p1a: Ting-Lu
|
|upkeep
|
|t:|1743890946
|switch|p1a: Kyurem|Kyurem|100/100
|-ability|p1a: Kyurem|Pressure
|turn|3
|
|t:|1743890958
|move|p1a: Kyurem|Scale Shot|p2a: Ursaring
|-damage|p2a: Ursaring|43/100
|-damage|p2a: Ursaring|32/100
|-hitcount|p2a: Ursaring|2
|-unboost|p1a: Kyurem|def|1
|-boost|p1a: Kyurem|spe|1
|move|p2a: Ursaring|Body Slam|p1a: Kyurem
|-damage|p1a: Kyurem|31/100
|
|upkeep
|turn|4
|
|t:|1743890969
|move|p1a: Kyurem|Scale Shot|p2a: Ursaring
|-damage|p2a: Ursaring|23/100
|-damage|p2a: Ursaring|13/100
|-hitcount|p2a: Ursaring|2
|-unboost|p1a: Kyurem|def|1
|-boost|p1a: Kyurem|spe|1
|move|p2a: Ursaring|Body Slam|p1a: Kyurem
|-damage|p1a: Kyurem|0 fnt
|faint|p1a: Kyurem
|
|upkeep
|
|t:|1743890986
|switch|p1a: Iron Valiant|Iron Valiant|100/100
|-enditem|p1a: Iron Valiant|Booster Energy
|-activate|p1a: Iron Valiant|ability: Quark Drive|[fromitem]
|-start|p1a: Iron Valiant|quarkdrivespe
|turn|5
|
|t:|1743890994
|-terastallize|p2a: Ursaring|Ghost
|move|p1a: Iron Valiant|Close Combat|p2a: Ursaring
|-immune|p2a: Ursaring
|move|p2a: Ursaring|Body Slam|p1a: Iron Valiant
|-damage|p1a: Iron Valiant|36/100
|
|upkeep
|turn|6
|
|t:|1743891003
|move|p1a: Iron Valiant|Knock Off|p2a: Ursaring
|-supereffective|p2a: Ursaring
|-damage|p2a: Ursaring|0 fnt
|-enditem|p2a: Ursaring|Eviolite|[from] move: Knock Off|[of] p1a: Iron Valiant
|faint|p2a: Ursaring
|
|upkeep
|
|t:|1743891015
|switch|p2a: Gligar|Gligar, F, shiny|100/100
|turn|7
|
|t:|1743891040
|move|p1a: Iron Valiant|Knock Off|p2a: Gligar
|-damage|p2a: Gligar|76/100
|-enditem|p2a: Gligar|Eviolite|[from] move: Knock Off|[of] p1a: Iron Valiant
|move|p2a: Gligar|Earthquake|p1a: Iron Valiant
|-damage|p1a: Iron Valiant|0 fnt
|faint|p1a: Iron Valiant
|-end|p1a: Iron Valiant|Quark Drive|[silent]
|
|upkeep
|
|t:|1743891044
|switch|p1a: Dragonite|Dragonite, M|100/100
|turn|8
|
|t:|1743891060
|move|p2a: Gligar|U-turn|p1a: Dragonite
|-resisted|p1a: Dragonite
|-damage|p1a: Dragonite|96/100
|
|t:|1743891064
|switch|p2a: Duraludon|Duraludon, M, shiny|100/100|[from] U-turn
|move|p1a: Dragonite|Earthquake|p2a: Duraludon
|-supereffective|p2a: Duraludon
|-damage|p2a: Duraludon|29/100
|
|upkeep
|turn|9
|
|t:|1743891072
|move|p2a: Duraludon|Draco Meteor|p1a: Dragonite
|-supereffective|p1a: Dragonite
|-damage|p1a: Dragonite|0 fnt
|-unboost|p2a: Duraludon|spa|2
|faint|p1a: Dragonite
|
|upkeep
|
|t:|1743891078
|switch|p1a: Gholdengo|Gholdengo|100/100
|turn|10
|
|t:|1743891097
|switch|p2a: Magmar|Magmar, F, shiny|100/100
|move|p1a: Gholdengo|Make It Rain|p2a: Magmar
|-resisted|p2a: Magmar
|-crit|p2a: Magmar
|-damage|p2a: Magmar|31/100
|-unboost|p1a: Gholdengo|spa|1
|
|upkeep
|turn|11
|
|t:|1743891107
|move|p1a: Gholdengo|Make It Rain|p2a: Magmar
|-resisted|p2a: Magmar
|-damage|p2a: Magmar|0 fnt
|-unboost|p1a: Gholdengo|spa|1
|faint|p2a: Magmar
|
|upkeep
|
|t:|1743891117
|switch|p2a: Duraludon|Duraludon, M, shiny|29/100
|turn|12
|
|t:|1743891123
|move|p2a: Duraludon|Dark Pulse|p1a: Gholdengo
|-supereffective|p1a: Gholdengo
|-damage|p1a: Gholdengo|39/100
|move|p1a: Gholdengo|Make It Rain|p2a: Duraludon
|-resisted|p2a: Duraludon
|-damage|p2a: Duraludon|0 fnt
|-unboost|p1a: Gholdengo|spa|1
|faint|p2a: Duraludon
|
|upkeep
|
|t:|1743891136
|switch|p2a: Porygon2|Porygon2, shiny|100/100
|-ability|p2a: Porygon2|Good as Gold|[from] ability: Trace|[of] p1a: Gholdengo
|turn|13
|
|t:|1743891155
|move|p1a: Gholdengo|Make It Rain|p2a: Porygon2
|-damage|p2a: Porygon2|89/100
|-unboost|p1a: Gholdengo|spa|1
|move|p2a: Porygon2|Shadow Ball|p1a: Gholdengo
|-supereffective|p1a: Gholdengo
|-damage|p1a: Gholdengo|0 fnt
|faint|p1a: Gholdengo
|
|upkeep
|
|t:|1743891157
|switch|p1a: Iron Moth|Iron Moth|100/100
|-enditem|p1a: Iron Moth|Booster Energy
|-activate|p1a: Iron Moth|ability: Quark Drive|[fromitem]
|-start|p1a: Iron Moth|quarkdrivespa
|turn|14
|
|t:|1743891175
|move|p1a: Iron Moth|Sludge Wave|p2a: Porygon2
|-damage|p2a: Porygon2|63/100
|move|p2a: Porygon2|Thunder Wave|p1a: Iron Moth
|-status|p1a: Iron Moth|par
|
|upkeep
|turn|15
|
|t:|1743891183
|move|p1a: Iron Moth|Fiery Dance|p2a: Porygon2
|-damage|p2a: Porygon2|39/100
|move|p2a: Porygon2|Tri Attack|p1a: Iron Moth
|-damage|p1a: Iron Moth|70/100 par
|
|upkeep
|turn|16
|
|t:|1743891190
|move|p1a: Iron Moth|Dazzling Gleam|p2a: Porygon2
|-damage|p2a: Porygon2|24/100
|move|p2a: Porygon2|Recover|p2a: Porygon2
|-heal|p2a: Porygon2|74/100
|
|upkeep
|turn|17
|
|t:|1743891209
|move|p1a: Iron Moth|Sludge Wave|p2a: Porygon2
|-damage|p2a: Porygon2|43/100
|move|p2a: Porygon2|Recover|p2a: Porygon2
|-heal|p2a: Porygon2|93/100
|
|upkeep
|turn|18
|
|t:|1743891222
|move|p1a: Iron Moth|Sludge Wave|p2a: Porygon2
|-damage|p2a: Porygon2|64/100
|move|p2a: Porygon2|Tri Attack|p1a: Iron Moth
|-damage|p1a: Iron Moth|38/100 par
|
|upkeep
|turn|19
|
|t:|1743891233
|-terastallize|p1a: Iron Moth|Ghost
|move|p1a: Iron Moth|Dazzling Gleam|p2a: Porygon2
|-damage|p2a: Porygon2|48/100
|move|p2a: Porygon2|Tri Attack|p1a: Iron Moth
|-immune|p1a: Iron Moth
|
|upkeep
|turn|20
|
|t:|1743891242
|move|p1a: Iron Moth|Fiery Dance|p2a: Porygon2
|-damage|p2a: Porygon2|21/100
|move|p2a: Porygon2|Shadow Ball|p1a: Iron Moth
|-supereffective|p1a: Iron Moth
|-damage|p1a: Iron Moth|0 fnt
|faint|p1a: Iron Moth
|-end|p1a: Iron Moth|Quark Drive|[silent]
|
|win|Shjsjdjd
|raw|xylo2goated's rating: 1095 &rarr; <strong>1070</strong><br />(-25 for losing)
|raw|Shjsjdjd's rating: 1081 &rarr; <strong>1110</strong><br />(+29 for winning)
|l|☆Shjsjdjd
|player|p2|
|l|☆xylo2goated
|player|p1|
