|j|☆Aure35190
|j|☆420Pimmelberger
|t:|1743844179
|gametype|singles
|player|p1|Aure35190|red|1138
|player|p2|420Pimmelberger|1|1207
|teamsize|p1|6
|teamsize|p2|6
|gen|9
|tier|[Gen 9] OU
|rated|
|rule|HP Percentage Mod: HP is shown in percentages
|rule|Endless Battle Clause: Forcing endless battles is banned
|rule|Species Clause: Limit one of each Pokémon
|rule|OHKO Clause: OHKO moves are banned
|rule|Evasion Items Clause: Evasion items are banned
|rule|Evasion Moves Clause: Evasion moves are banned
|rule|Sleep Moves Clause: Sleep-inducing moves are banned
|clearpoke
|poke|p1|Ambipom, M|
|poke|p1|Gholdengo|
|poke|p1|Kingambit, F|
|poke|p1|Ogerpon-Wellspring, F|
|poke|p1|Meowscarada, F|
|poke|p1|Corviknight, F|
|poke|p2|Gumshoos, M|
|poke|p2|Mandibuzz, F|
|poke|p2|Clodsire, M|
|poke|p2|Tauros-Paldea-Aqua, M|
|poke|p2|Espeon, F|
|poke|p2|Scizor, M|
|teampreview
|
|t:|1743844192
|start
|switch|p1a: Ambipom|Ambipom, M|100/100
|switch|p2a: Mayor Thicccums|Mandibuzz, F|100/100
|turn|1
|
|t:|1743844203
|move|p1a: Ambipom|Fake Out|p2a: Mayor Thicccums
|-damage|p2a: Mayor Thicccums|84/100
|cant|p2a: Mayor Thicccums|flinch
|
|upkeep
|turn|2
|
|t:|1743844218
|move|p1a: Ambipom|Triple Axel|p2a: Mayor Thicccums
|-supereffective|p2a: Mayor Thicccums
|-damage|p2a: Mayor Thicccums|74/100
|-supereffective|p2a: Mayor Thicccums
|-damage|p2a: Mayor Thicccums|54/100
|-supereffective|p2a: Mayor Thicccums
|-damage|p2a: Mayor Thicccums|25/100
|-hitcount|p2a: Mayor Thicccums|3
|move|p2a: Mayor Thicccums|Foul Play|p1a: Ambipom
|-damage|p1a: Ambipom|33/100
|
|upkeep
|turn|3
|
|t:|1743844230
|switch|p2a: Cool Guy|Scizor, M|100/100
|move|p1a: Ambipom|Triple Axel|p2a: Cool Guy
|-resisted|p2a: Cool Guy
|-damage|p2a: Cool Guy|96/100
|-hitcount|p2a: Cool Guy|1
|
|-heal|p2a: Cool Guy|100/100|[from] item: Leftovers
|upkeep
|turn|4
|
|t:|1743844243
|switch|p1a: Corviknight|Corviknight, F|100/100
|-ability|p1a: Corviknight|Pressure
|move|p2a: Cool Guy|U-turn|p1a: Corviknight
|-resisted|p1a: Corviknight
|-damage|p1a: Corviknight|95/100
|
|t:|1743844255
|switch|p2a: Chad|Tauros-Paldea-Aqua, M|100/100|[from] U-turn
|-ability|p2a: Chad|Intimidate|boost
|-unboost|p1a: Corviknight|atk|1
|
|upkeep
|turn|5
|
|t:|1743844263
|move|p2a: Chad|Bulk Up|p2a: Chad
|-boost|p2a: Chad|atk|1
|-boost|p2a: Chad|def|1
|move|p1a: Corviknight|Iron Defense|p1a: Corviknight
|-boost|p1a: Corviknight|def|2
|
|upkeep
|turn|6
|-message|420Pimmelberger forfeited.
|
|win|Aure35190
|raw|Aure35190's rating: 1138 &rarr; <strong>1168</strong><br />(+30 for winning)
|raw|420Pimmelberger's rating: 1207 &rarr; <strong>1177</strong><br />(-30 for losing)
|l|☆420Pimmelberger
|player|p2|
|l|☆Aure35190
|player|p1|
