|j|☆tdd20070515兹伏奇大吾
|j|☆YoTeH
|t:|1743845256
|gametype|singles
|player|p1|tdd20070515兹伏奇大吾|steven-masters2|1618
|player|p2|YoTeH|marnie|1753
|teamsize|p1|6
|teamsize|p2|6
|gen|9
|tier|[Gen 9] OU
|rated|
|rule|HP Percentage Mod: HP is shown in percentages
|rule|Endless Battle Clause: Forcing endless battles is banned
|rule|Species Clause: Limit one of each Pokémon
|rule|OHKO Clause: OHKO moves are banned
|rule|Evasion Items Clause: Evasion items are banned
|rule|Evasion Moves Clause: Evasion moves are banned
|rule|Sleep Moves Clause: Sleep-inducing moves are banned
|clearpoke
|poke|p1|Great Tusk|
|poke|p1|Alomomola, F|
|poke|p1|Hydreigon, M|
|poke|p1|Metagross|
|poke|p1|Sinistcha-Masterpiece|
|poke|p1|Zamazenta-*|
|poke|p2|Raging Bolt|
|poke|p2|Kyurem|
|poke|p2|Gholdengo|
|poke|p2|Iron Valiant|
|poke|p2|Tinkaton, F|
|poke|p2|Great Tusk|
|teampreview
|
|t:|1743845315
|start
|switch|p1a: 最后我第一，又强又厉害|Metagross|100/100
|switch|p2a: Iron Valiant|Iron Valiant, shiny|100/100
|-enditem|p2a: Iron Valiant|Booster Energy
|-activate|p2a: Iron Valiant|ability: Quark Drive|[fromitem]
|-start|p2a: Iron Valiant|quarkdrivespe
|turn|1
|
|t:|1743845323
|move|p2a: Iron Valiant|Destiny Bond|p2a: Iron Valiant
|-singlemove|p2a: Iron Valiant|Destiny Bond
|move|p1a: 最后我第一，又强又厉害|Heavy Slam|p2a: Iron Valiant
|-supereffective|p2a: Iron Valiant
|-damage|p2a: Iron Valiant|0 fnt
|faint|p2a: Iron Valiant
|-activate|p2a: Iron Valiant|move: Destiny Bond
|-end|p2a: Iron Valiant|Quark Drive|[silent]
|faint|p1a: 最后我第一，又强又厉害
|
|upkeep
|
|t:|1743845332
|switch|p2a: Kyurem|Kyurem, shiny|100/100
|switch|p1a: 大吾私人保姆|Alomomola, F|100/100
|-ability|p2a: Kyurem|Pressure
|turn|2
|
|t:|1743845335
|move|p2a: Kyurem|Dragon Dance|p2a: Kyurem
|-boost|p2a: Kyurem|atk|1
|-boost|p2a: Kyurem|spe|1
|move|p1a: 大吾私人保姆|Mirror Coat||[still]
|-fail|p1a: 大吾私人保姆
|
|upkeep
|turn|3
|
|t:|1743845337
|move|p2a: Kyurem|Dragon Dance|p2a: Kyurem
|-boost|p2a: Kyurem|atk|1
|-boost|p2a: Kyurem|spe|1
|move|p1a: 大吾私人保姆|Flip Turn|p2a: Kyurem
|-resisted|p2a: Kyurem
|-damage|p2a: Kyurem|93/100
|
|t:|1743845339
|switch|p1a: Zamazenta|Zamazenta|100/100|[from] Flip Turn
|-ability|p1a: Zamazenta|Dauntless Shield|boost
|-boost|p1a: Zamazenta|def|1
|
|upkeep
|turn|4
|
|t:|1743845344
|-terastallize|p2a: Kyurem|Fire
|move|p2a: Kyurem|Icicle Spear|p1a: Zamazenta
|-damage|p1a: Zamazenta|85/100
|-damage|p1a: Zamazenta|69/100
|-damage|p1a: Zamazenta|51/100
|-damage|p1a: Zamazenta|35/100
|-damage|p1a: Zamazenta|17/100
|-hitcount|p1a: Zamazenta|5
|move|p1a: Zamazenta|Close Combat|p2a: Kyurem
|-damage|p2a: Kyurem|0 fnt
|-unboost|p1a: Zamazenta|def|1
|-unboost|p1a: Zamazenta|spd|1
|faint|p2a: Kyurem
|
|upkeep
|
|t:|1743845355
|switch|p2a: Raging Bolt|Raging Bolt|100/100
|-enditem|p2a: Raging Bolt|Booster Energy
|-activate|p2a: Raging Bolt|ability: Protosynthesis|[fromitem]
|-start|p2a: Raging Bolt|protosynthesisspa
|turn|5
|
|t:|1743845359
|switch|p1a: 灭世魔龙|Hydreigon, M|100/100
|move|p2a: Raging Bolt|Calm Mind|p2a: Raging Bolt
|-boost|p2a: Raging Bolt|spa|1
|-boost|p2a: Raging Bolt|spd|1
|
|upkeep
|turn|6
|
|t:|1743845363
|-terastallize|p1a: 灭世魔龙|Poison
|move|p1a: 灭世魔龙|Draco Meteor|p2a: Raging Bolt
|-supereffective|p2a: Raging Bolt
|-damage|p2a: Raging Bolt|16/100
|-unboost|p1a: 灭世魔龙|spa|2
|move|p2a: Raging Bolt|Dragon Pulse|p1a: 灭世魔龙
|-damage|p1a: 灭世魔龙|35/100
|
|upkeep
|turn|7
|
|t:|1743845369
|move|p1a: 灭世魔龙|Draco Meteor|p2a: Raging Bolt|[miss]
|-miss|p1a: 灭世魔龙|p2a: Raging Bolt
|move|p2a: Raging Bolt|Dragon Pulse|p1a: 灭世魔龙
|-crit|p1a: 灭世魔龙
|-damage|p1a: 灭世魔龙|0 fnt
|faint|p1a: 灭世魔龙
|
|upkeep
|
|t:|1743845372
|switch|p1a: 战斗，然后死吧!|Great Tusk|100/100
|turn|8
|
|t:|1743845375
|move|p2a: Raging Bolt|Dragon Pulse|p1a: 战斗，然后死吧!
|-damage|p1a: 战斗，然后死吧!|0 fnt
|faint|p1a: 战斗，然后死吧!
|-end|p1a: 战斗，然后死吧!|Protosynthesis|[silent]
|
|upkeep
|
|t:|1743845383
|switch|p1a: 来悲茶吗|Sinistcha-Masterpiece|100/100
|turn|9
|
|t:|1743845387
|move|p2a: Raging Bolt|Dragon Pulse|p1a: 来悲茶吗
|-damage|p1a: 来悲茶吗|0 fnt
|faint|p1a: 来悲茶吗
|
|upkeep
|
|t:|1743845389
|switch|p1a: 大吾私人保姆|Alomomola, F|100/100
|turn|10
|
|t:|1743845392
|move|p2a: Raging Bolt|Thunderbolt|p1a: 大吾私人保姆
|-supereffective|p1a: 大吾私人保姆
|-damage|p1a: 大吾私人保姆|0 fnt
|faint|p1a: 大吾私人保姆
|
|upkeep
|
|t:|1743845394
|switch|p1a: Zamazenta|Zamazenta|17/100
|turn|11
|
|t:|1743845396
|move|p2a: Raging Bolt|Thunderclap|p1a: Zamazenta
|-damage|p1a: Zamazenta|0 fnt
|faint|p1a: Zamazenta
|
|win|YoTeH
|raw|tdd20070515兹伏奇大吾's rating: 1618 &rarr; <strong>1605</strong><br />(-13 for losing)
|raw|YoTeH's rating: 1753 &rarr; <strong>1766</strong><br />(+13 for winning)
