|j|☆Jeansmaster69
|j|☆Pha948
|t:|1743837855
|gametype|singles
|player|p1|Jeansmaster69|1|1262
|player|p2|Pha948|169|1309
|teamsize|p1|6
|teamsize|p2|6
|gen|9
|tier|[Gen 9] OU
|rated|
|rule|HP Percentage Mod: HP is shown in percentages
|rule|Endless Battle Clause: Forcing endless battles is banned
|rule|Species Clause: Limit one of each Pokémon
|rule|OHKO Clause: OHKO moves are banned
|rule|Evasion Items Clause: Evasion items are banned
|rule|Evasion Moves Clause: Evasion moves are banned
|rule|Sleep Moves Clause: Sleep-inducing moves are banned
|clearpoke
|poke|p1|Ninetales, F|
|poke|p1|Venusaur, M|
|poke|p1|Corviknight, F|
|poke|p1|Thundurus, M|
|poke|p1|Lilligant-Hisui, F|
|poke|p1|Latias, F|
|poke|p2|Glimmora, M|
|poke|p2|Moltres|
|poke|p2|Pecharunt|
|poke|p2|Dragapult, F|
|poke|p2|Serperior, M|
|poke|p2|Scizor, F|
|teampreview
|
|t:|1743837870
|start
|switch|p1a: Latias|Latias, F|100/100
|switch|p2a: Moltres|Moltres|100/100
|turn|1
|
|t:|1743837874
|move|p1a: Latias|Thunderbolt|p2a: Moltres
|-supereffective|p2a: Moltres
|-crit|p2a: Moltres
|-damage|p2a: Moltres|42/100
|move|p2a: Moltres|U-turn|p1a: Latias
|-supereffective|p1a: Latias
|-damage|p1a: Latias|71/100
|
|t:|1743837880
|switch|p2a: Scizor|Scizor, F|100/100|[from] U-turn
|
|-heal|p1a: Latias|77/100|[from] item: Leftovers
|upkeep
|turn|2
|
|t:|1743837884
|switch|p1a: Ninetales|Ninetales, F|100/100
|-weather|SunnyDay|[from] ability: Drought|[of] p1a: Ninetales
|move|p2a: Scizor|Knock Off|p1a: Ninetales
|-damage|p1a: Ninetales|57/100
|-enditem|p1a: Ninetales|Heat Rock|[from] move: Knock Off|[of] p2a: Scizor
|
|-weather|SunnyDay|[upkeep]
|upkeep
|turn|3
|
|t:|1743837898
|switch|p1a: Thundurus|Thundurus, M|100/100
|switch|p2a: Dragapult|Dragapult, F|100/100
|
|-weather|SunnyDay|[upkeep]
|upkeep
|turn|4
|
|t:|1743837914
|move|p1a: Thundurus|Thunder Wave|p2a: Dragapult
|-status|p2a: Dragapult|par
|move|p2a: Dragapult|Dragon Darts|p1a: Thundurus
|-damage|p1a: Thundurus|75/100
|-anim|p2a: Dragapult|Dragon Darts|p1a: Thundurus
|-damage|p1a: Thundurus|47/100
|
|-weather|SunnyDay|[upkeep]
|upkeep
|turn|5
|
|t:|1743837921
|switch|p1a: Corviknight|Corviknight, F|100/100
|move|p2a: Dragapult|Dragon Darts|p1a: Corviknight
|-resisted|p1a: Corviknight
|-damage|p1a: Corviknight|94/100
|-anim|p2a: Dragapult|Dragon Darts|p1a: Corviknight
|-resisted|p1a: Corviknight
|-damage|p1a: Corviknight|88/100
|
|-weather|SunnyDay|[upkeep]
|upkeep
|turn|6
|
|t:|1743837925
|switch|p2a: Moltres|Moltres|42/100
|move|p1a: Corviknight|U-turn|p2a: Moltres
|-resisted|p2a: Moltres
|-damage|p2a: Moltres|39/100
|inactive|Battle timer is ON: inactive players will automatically lose when time's up. (requested by Pha948)
|
|t:|1743837944
|switch|p1a: Lilligant|Lilligant-Hisui, F|100/100|[from] U-turn
|
|-weather|SunnyDay|[upkeep]
|upkeep
|turn|7
|inactive|Pha948 has 120 seconds left.
|
|t:|1743837983
|-terastallize|p1a: Lilligant|Rock
|move|p1a: Lilligant|Tera Blast|p2a: Moltres|[anim] Tera Blast Rock
|-supereffective|p2a: Moltres
|-damage|p2a: Moltres|0 fnt
|faint|p2a: Moltres
|
|-weather|SunnyDay|[upkeep]
|upkeep
|
|t:|1743838013
|switch|p2a: Scizor|Scizor, F|100/100
|turn|8
|
|t:|1743838021
|switch|p1a: Corviknight|Corviknight, F|88/100
|move|p2a: Scizor|Close Combat|p1a: Corviknight
|-damage|p1a: Corviknight|61/100
|-unboost|p2a: Scizor|def|1
|-unboost|p2a: Scizor|spd|1
|-damage|p2a: Scizor|84/100|[from] item: Rocky Helmet|[of] p1a: Corviknight
|
|-weather|SunnyDay|[upkeep]
|upkeep
|turn|9
|
|t:|1743838029
|switch|p2a: Glimmora|Glimmora, M|100/100
|move|p1a: Corviknight|Roost|p1a: Corviknight
|-heal|p1a: Corviknight|100/100
|-singleturn|p1a: Corviknight|move: Roost
|
|-weather|none
|upkeep
|turn|10
|
|t:|1743838036
|switch|p1a: Thundurus|Thundurus, M|47/100
|move|p2a: Glimmora|Stealth Rock|p1a: Thundurus
|-sidestart|p1: Jeansmaster69|move: Stealth Rock
|
|upkeep
|turn|11
|
|t:|1743838041
|move|p1a: Thundurus|Sunny Day|p1a: Thundurus
|-weather|SunnyDay
|move|p2a: Glimmora|Power Gem|p1a: Thundurus
|-supereffective|p1a: Thundurus
|-damage|p1a: Thundurus|0 fnt
|faint|p1a: Thundurus
|
|-weather|SunnyDay|[upkeep]
|upkeep
|
|t:|1743838051
|switch|p1a: Venusaur|Venusaur, M|100/100
|-damage|p1a: Venusaur|88/100|[from] Stealth Rock
|turn|12
|inactive|Pha948 has 120 seconds left.
|
|t:|1743838090
|move|p1a: Venusaur|Growth|p1a: Venusaur
|-boost|p1a: Venusaur|atk|2
|-boost|p1a: Venusaur|spa|2
|move|p2a: Glimmora|Earth Power|p1a: Venusaur
|-damage|p1a: Venusaur|60/100
|
|-weather|SunnyDay|[upkeep]
|upkeep
|turn|13
|
|t:|1743838104
|move|p1a: Venusaur|Giga Drain|p2a: Glimmora
|-enditem|p2a: Glimmora|Focus Sash
|-damage|p2a: Glimmora|1/100
|-heal|p1a: Venusaur|100/100|[from] drain|[of] p2a: Glimmora
|-damage|p1a: Venusaur|91/100|[from] item: Life Orb
|move|p2a: Glimmora|Earth Power|p1a: Venusaur
|-damage|p1a: Venusaur|63/100
|
|-weather|SunnyDay|[upkeep]
|upkeep
|turn|14
|
|t:|1743838114
|move|p1a: Venusaur|Giga Drain|p2a: Glimmora
|-damage|p2a: Glimmora|0 fnt
|-heal|p1a: Venusaur|63/100|[from] drain|[of] p2a: Glimmora
|faint|p2a: Glimmora
|-damage|p1a: Venusaur|53/100|[from] item: Life Orb
|
|-weather|SunnyDay|[upkeep]
|upkeep
|
|t:|1743838121
|switch|p2a: Scizor|Scizor, F|84/100
|turn|15
|
|t:|1743838124
|-terastallize|p2a: Scizor|Steel
|move|p2a: Scizor|Bullet Punch|p1a: Venusaur
|-damage|p1a: Venusaur|5/100
|move|p1a: Venusaur|Weather Ball|p2a: Scizor
|-supereffective|p2a: Scizor
|-damage|p2a: Scizor|0 fnt
|faint|p2a: Scizor
|-damage|p1a: Venusaur|0 fnt|[from] item: Life Orb
|faint|p1a: Venusaur
|
|-weather|SunnyDay|[upkeep]
|upkeep
|
|t:|1743838137
|switch|p1a: Lilligant|Lilligant-Hisui, F, tera:Rock|100/100
|switch|p2a: Pecharunt|Pecharunt|100/100
|-damage|p1a: Lilligant|88/100|[from] Stealth Rock
|turn|16
|
|t:|1743838151
|switch|p1a: Corviknight|Corviknight, F|100/100
|-damage|p1a: Corviknight|88/100|[from] Stealth Rock
|move|p2a: Pecharunt|Malignant Chain|p1a: Corviknight
|-immune|p1a: Corviknight
|
|-weather|SunnyDay|[upkeep]
|upkeep
|turn|17
|
|t:|1743838157
|move|p2a: Pecharunt|Nasty Plot|p2a: Pecharunt
|-boost|p2a: Pecharunt|spa|2
|move|p1a: Corviknight|U-turn|p2a: Pecharunt
|-resisted|p2a: Pecharunt
|-damage|p2a: Pecharunt|98/100
|
|t:|1743838164
|switch|p1a: Latias|Latias, F|77/100|[from] U-turn
|-damage|p1a: Latias|65/100|[from] Stealth Rock
|
|-weather|SunnyDay|[upkeep]
|-heal|p1a: Latias|71/100|[from] item: Leftovers
|upkeep
|turn|18
|
|t:|1743838169
|move|p2a: Pecharunt|Hex|p1a: Latias
|-supereffective|p1a: Latias
|-damage|p1a: Latias|19/100
|move|p1a: Latias|Mist Ball|p2a: Pecharunt
|-supereffective|p2a: Pecharunt
|-damage|p2a: Pecharunt|13/100
|
|-weather|none
|-heal|p1a: Latias|25/100|[from] item: Leftovers
|upkeep
|turn|19
|
|t:|1743838173
|move|p2a: Pecharunt|Hex|p1a: Latias
|-supereffective|p1a: Latias
|-damage|p1a: Latias|0 fnt
|faint|p1a: Latias
|
|upkeep
|
|t:|1743838175
|switch|p1a: Ninetales|Ninetales, F|57/100
|-damage|p1a: Ninetales|32/100|[from] Stealth Rock
|-weather|SunnyDay|[from] ability: Drought|[of] p1a: Ninetales
|turn|20
|
|t:|1743838181
|move|p1a: Ninetales|Flamethrower|p2a: Pecharunt
|-damage|p2a: Pecharunt|0 fnt
|faint|p2a: Pecharunt
|
|-weather|SunnyDay|[upkeep]
|upkeep
|
|t:|1743838191
|switch|p2a: Dragapult|Dragapult, F|100/100 par
|turn|21
|
|t:|1743838195
|move|p1a: Ninetales|Memento|p2a: Dragapult
|-unboost|p2a: Dragapult|atk|2
|-unboost|p2a: Dragapult|spa|2
|faint|p1a: Ninetales
|cant|p2a: Dragapult|par
|
|-weather|SunnyDay|[upkeep]
|upkeep
|
|t:|1743838201
|switch|p1a: Lilligant|Lilligant-Hisui, F, tera:Rock|88/100
|-damage|p1a: Lilligant|76/100|[from] Stealth Rock
|turn|22
|
|t:|1743838205
|move|p1a: Lilligant|Victory Dance|p1a: Lilligant
|-boost|p1a: Lilligant|atk|1
|-boost|p1a: Lilligant|def|1
|-boost|p1a: Lilligant|spe|1
|move|p2a: Dragapult|Will-O-Wisp|p1a: Lilligant
|-status|p1a: Lilligant|brn
|
|-weather|SunnyDay|[upkeep]
|-damage|p1a: Lilligant|70/100 brn|[from] brn
|upkeep
|turn|23
|
|t:|1743838213
|move|p1a: Lilligant|Victory Dance|p1a: Lilligant
|-boost|p1a: Lilligant|atk|1
|-boost|p1a: Lilligant|def|1
|-boost|p1a: Lilligant|spe|1
|cant|p2a: Dragapult|par
|
|-weather|SunnyDay|[upkeep]
|-damage|p1a: Lilligant|64/100 brn|[from] brn
|upkeep
|turn|24
|
|t:|1743838218
|move|p1a: Lilligant|Triple Axel|p2a: Dragapult
|-supereffective|p2a: Dragapult
|-damage|p2a: Dragapult|83/100 par
|-supereffective|p2a: Dragapult
|-damage|p2a: Dragapult|49/100 par
|-supereffective|p2a: Dragapult
|-damage|p2a: Dragapult|0 fnt
|faint|p2a: Dragapult
|-hitcount|p2: Dragapult|3
|
|-weather|none
|-damage|p1a: Lilligant|58/100 brn|[from] brn
|upkeep
|
|t:|1743838225
|switch|p2a: Serperior|Serperior, M|100/100
|turn|25
|
|t:|1743838232
|move|p1a: Lilligant|Triple Axel|p2a: Serperior
|-supereffective|p2a: Serperior
|-damage|p2a: Serperior|87/100
|-supereffective|p2a: Serperior
|-damage|p2a: Serperior|61/100
|-supereffective|p2a: Serperior
|-damage|p2a: Serperior|21/100
|-hitcount|p2a: Serperior|3
|move|p2a: Serperior|Leaf Storm|p1a: Lilligant
|-supereffective|p1a: Lilligant
|-damage|p1a: Lilligant|0 fnt
|-boost|p2a: Serperior|spa|2
|faint|p1a: Lilligant
|
|-heal|p2a: Serperior|27/100|[from] item: Leftovers
|upkeep
|
|t:|1743838238
|switch|p1a: Corviknight|Corviknight, F|88/100
|-damage|p1a: Corviknight|75/100|[from] Stealth Rock
|turn|26
|
|t:|1743838240
|move|p2a: Serperior|Glare|p1a: Corviknight
|-status|p1a: Corviknight|par
|move|p1a: Corviknight|Body Press|p2a: Serperior
|-damage|p2a: Serperior|0 fnt
|faint|p2a: Serperior
|
|win|Jeansmaster69
|raw|Jeansmaster69's rating: 1262 &rarr; <strong>1290</strong><br />(+28 for winning)
|raw|Pha948's rating: 1309 &rarr; <strong>1286</strong><br />(-23 for losing)
|l|☆Pha948
|player|p2|
|l|☆Jeansmaster69
|player|p1|
