|j|☆An!elt0n D
|j|☆NeverStandard
|t:|1743782382
|gametype|singles
|player|p1|An!elt0n D|rocketgrunt|1171
|player|p2|NeverStandard|265|1143
|teamsize|p1|6
|teamsize|p2|6
|gen|9
|tier|[Gen 9] OU
|rated|
|rule|HP Percentage Mod: HP is shown in percentages
|rule|Endless Battle Clause: Forcing endless battles is banned
|rule|Species Clause: Limit one of each Pokémon
|rule|OHKO Clause: OHKO moves are banned
|rule|Evasion Items Clause: Evasion items are banned
|rule|Evasion Moves Clause: Evasion moves are banned
|rule|Sleep Moves Clause: Sleep-inducing moves are banned
|clearpoke
|poke|p1|Iron Treads|
|poke|p1|Cloyster, M|
|poke|p1|Garchomp, M|
|poke|p1|Glimmora, F|
|poke|p1|Gengar, M|
|poke|p1|Garganacl, M|
|poke|p2|Darkrai|
|poke|p2|Enamorus, F|
|poke|p2|Cinderace, F|
|poke|p2|Sudowoodo, M|
|poke|p2|Iron Valiant|
|poke|p2|Gholdengo|
|teampreview
|inactive|Battle timer is ON: inactive players will automatically lose when time's up. (requested by An!elt0n D)
|
|t:|1743782388
|start
|switch|p1a: Toxic friend|Glimmora, F, shiny|100/100
|switch|p2a: Sudowoodo|Sudowoodo, M|100/100
|turn|1
|
|t:|1743782396
|move|p1a: Toxic friend|Stealth Rock|p2a: Sudowoodo
|-sidestart|p2: NeverStandard|move: Stealth Rock
|move|p2a: Sudowoodo|Sand Tomb|p1a: Toxic friend|[miss]
|-miss|p2a: Sudowoodo|p1a: Toxic friend
|
|upkeep
|turn|2
|
|t:|1743782402
|move|p1a: Toxic friend|Earth Power|p2a: Sudowoodo
|-supereffective|p2a: Sudowoodo
|-damage|p2a: Sudowoodo|14/100
|move|p2a: Sudowoodo|Stealth Rock|p1a: Toxic friend
|-sidestart|p1: An!elt0n D|move: Stealth Rock
|
|upkeep
|turn|3
|
|t:|1743782410
|move|p1a: Toxic friend|Mortal Spin|p2a: Sudowoodo
|-resisted|p2a: Sudowoodo
|-damage|p2a: Sudowoodo|12/100
|-status|p2a: Sudowoodo|psn
|-sideend|p1: An!elt0n D|Stealth Rock|[from] move: Mortal Spin|[of] p1a: Toxic friend
|move|p2a: Sudowoodo|Spikes|p1a: Toxic friend
|-sidestart|p1: An!elt0n D|Spikes
|
|-damage|p2a: Sudowoodo|0 fnt|[from] psn
|faint|p2a: Sudowoodo
|upkeep
|inactive|NeverStandard has 120 seconds left.
|
|t:|1743782448
|switch|p2a: Gholdengo|Gholdengo|100/100
|-damage|p2a: Gholdengo|94/100|[from] Stealth Rock
|-item|p2a: Gholdengo|Air Balloon
|turn|4
|inactive|NeverStandard has 120 seconds left.
|
|t:|1743782462
|move|p1a: Toxic friend|Mortal Spin|p2a: Gholdengo
|-immune|p2a: Gholdengo
|move|p2a: Gholdengo|Shadow Ball|p1a: Toxic friend
|-damage|p1a: Toxic friend|48/100
|
|upkeep
|turn|5
|inactive|NeverStandard has 120 seconds left.
|
|t:|1743782473
|switch|p1a: Sodium|Garganacl, M, shiny|100/100
|-damage|p1a: Sodium|88/100|[from] Spikes
|move|p2a: Gholdengo|Shadow Ball|p1a: Sodium
|-damage|p1a: Sodium|70/100
|
|-heal|p1a: Sodium|76/100|[from] item: Leftovers
|upkeep
|turn|6
|
|t:|1743782483
|-terastallize|p1a: Sodium|Ghost
|move|p2a: Gholdengo|Make It Rain|p1a: Sodium
|-damage|p1a: Sodium|25/100
|-unboost|p2a: Gholdengo|spa|1
|move|p1a: Sodium|Salt Cure|p2a: Gholdengo
|-resisted|p2a: Gholdengo
|-damage|p2a: Gholdengo|86/100
|-start|p2a: Gholdengo|Salt Cure
|-enditem|p2a: Gholdengo|Air Balloon
|
|-heal|p1a: Sodium|31/100|[from] item: Leftovers
|-damage|p2a: Gholdengo|61/100|[from] Salt Cure
|upkeep
|turn|7
|
|t:|1743782494
|move|p1a: Sodium|Protect|p1a: Sodium
|-singleturn|p1a: Sodium|Protect
|move|p2a: Gholdengo|Shadow Ball|p1a: Sodium
|-activate|p1a: Sodium|move: Protect
|
|-heal|p1a: Sodium|37/100|[from] item: Leftovers
|-damage|p2a: Gholdengo|37/100|[from] Salt Cure
|upkeep
|turn|8
|
|t:|1743782500
|move|p2a: Gholdengo|Shadow Ball|p1a: Sodium
|-supereffective|p1a: Sodium
|-damage|p1a: Sodium|13/100
|move|p1a: Sodium|Recover|p1a: Sodium
|-heal|p1a: Sodium|64/100
|
|-heal|p1a: Sodium|70/100|[from] item: Leftovers
|-damage|p2a: Gholdengo|12/100|[from] Salt Cure
|upkeep
|turn|9
|
|t:|1743782522
|move|p2a: Gholdengo|Shadow Ball|p1a: Sodium
|-supereffective|p1a: Sodium
|-damage|p1a: Sodium|46/100
|move|p1a: Sodium|Substitute|p1a: Sodium
|-start|p1a: Sodium|Substitute
|-damage|p1a: Sodium|21/100
|
|-heal|p1a: Sodium|27/100|[from] item: Leftovers
|-damage|p2a: Gholdengo|0 fnt|[from] Salt Cure
|faint|p2a: Gholdengo
|upkeep
|
|t:|1743782532
|switch|p2a: Darkrai|Darkrai|100/100
|-damage|p2a: Darkrai|88/100|[from] Stealth Rock
|turn|10
|
|t:|1743782538
|move|p2a: Darkrai|Dark Pulse|p1a: Sodium
|-supereffective|p1a: Sodium
|-end|p1a: Sodium|Substitute
|move|p1a: Sodium|Salt Cure|p2a: Darkrai
|-damage|p2a: Darkrai|68/100
|-start|p2a: Darkrai|Salt Cure
|
|-heal|p1a: Sodium|34/100|[from] item: Leftovers
|-damage|p2a: Darkrai|56/100|[from] Salt Cure
|upkeep
|turn|11
|
|t:|1743782542
|move|p1a: Sodium|Protect|p1a: Sodium
|-singleturn|p1a: Sodium|Protect
|move|p2a: Darkrai|Nasty Plot|p2a: Darkrai
|-boost|p2a: Darkrai|spa|2
|
|-heal|p1a: Sodium|40/100|[from] item: Leftovers
|-damage|p2a: Darkrai|44/100|[from] Salt Cure
|upkeep
|turn|12
|
|t:|1743782548
|move|p2a: Darkrai|Dark Pulse|p1a: Sodium
|-supereffective|p1a: Sodium
|-damage|p1a: Sodium|0 fnt
|faint|p1a: Sodium
|
|-damage|p2a: Darkrai|31/100|[from] Salt Cure
|upkeep
|
|t:|1743782554
|switch|p1a: Ugly thing|Iron Treads, shiny|100/100
|-damage|p1a: Ugly thing|88/100|[from] Spikes
|-enditem|p1a: Ugly thing|Booster Energy
|-activate|p1a: Ugly thing|ability: Quark Drive|[fromitem]
|-start|p1a: Ugly thing|quarkdrivespe
|turn|13
|
|t:|1743782560
|move|p1a: Ugly thing|Rapid Spin|p2a: Darkrai
|-damage|p2a: Darkrai|9/100
|-boost|p1a: Ugly thing|spe|1
|-sideend|p1: An!elt0n D|Spikes|[from] move: Rapid Spin|[of] p1a: Ugly thing
|move|p2a: Darkrai|Ice Beam|p1a: Ugly thing
|-damage|p1a: Ugly thing|0 fnt
|faint|p1a: Ugly thing
|-end|p1a: Ugly thing|Quark Drive|[silent]
|
|-damage|p2a: Darkrai|0 fnt|[from] Salt Cure
|faint|p2a: Darkrai
|upkeep
|
|t:|1743782570
|switch|p2a: Cinderace|Cinderace, F|100/100
|switch|p1a: Toxic friend|Glimmora, F, shiny|48/100
|turn|14
|
|t:|1743782589
|move|p2a: Cinderace|Court Change|p2a: Cinderace
|-start|p2a: Cinderace|typechange|Normal|[from] ability: Libero
|-swapsideconditions
|-activate|p2a: Cinderace|move: Court Change
|move|p1a: Toxic friend|Mortal Spin|p2a: Cinderace
|-damage|p2a: Cinderace|92/100
|-status|p2a: Cinderace|psn
|-sideend|p1: An!elt0n D|Stealth Rock|[from] move: Mortal Spin|[of] p1a: Toxic friend
|
|-damage|p2a: Cinderace|79/100 psn|[from] psn
|upkeep
|turn|15
|
|t:|1743782611
|move|p2a: Cinderace|Gunk Shot|p1a: Toxic friend
|-resisted|p1a: Toxic friend
|-damage|p1a: Toxic friend|36/100
|-activate|p1a: Toxic friend|ability: Toxic Debris
|-sidestart|p2: NeverStandard|move: Toxic Spikes
|move|p1a: Toxic friend|Sludge Bomb|p2a: Cinderace
|-damage|p2a: Cinderace|10/100 psn
|
|-damage|p2a: Cinderace|0 fnt|[from] psn
|faint|p2a: Cinderace
|upkeep
|inactive|NeverStandard has 120 seconds left.
|
|t:|1743782627
|switch|p2a: Enamorus|Enamorus, F|100/100
|turn|16
|inactive|NeverStandard has 120 seconds left.
|
|t:|1743782637
|-terastallize|p2a: Enamorus|Stellar
|move|p2a: Enamorus|Earth Power|p1a: Toxic friend
|-supereffective|p1a: Toxic friend
|-damage|p1a: Toxic friend|0 fnt
|faint|p1a: Toxic friend
|
|upkeep
|
|t:|1743782642
|switch|p1a: Gonna kill u|Gengar, M|100/100
|turn|17
|
|t:|1743782646
|move|p2a: Enamorus|Earth Power|p1a: Gonna kill u
|-supereffective|p1a: Gonna kill u
|-enditem|p1a: Gonna kill u|Focus Sash
|-damage|p1a: Gonna kill u|1/100
|move|p1a: Gonna kill u|Destiny Bond|p1a: Gonna kill u
|-singlemove|p1a: Gonna kill u|Destiny Bond
|
|upkeep
|turn|18
|
|t:|1743782653
|switch|p2a: Iron Valiant|Iron Valiant|100/100
|-status|p2a: Iron Valiant|psn
|-enditem|p2a: Iron Valiant|Booster Energy
|-activate|p2a: Iron Valiant|ability: Quark Drive|[fromitem]
|-start|p2a: Iron Valiant|quarkdrivespe
|move|p1a: Gonna kill u|Sucker Punch||[still]
|-fail|p1a: Gonna kill u
|
|-damage|p2a: Iron Valiant|88/100 psn|[from] psn
|upkeep
|turn|19
|
|t:|1743782665
|move|p2a: Iron Valiant|Shadow Sneak|p1a: Gonna kill u
|-supereffective|p1a: Gonna kill u
|-damage|p1a: Gonna kill u|0 fnt
|faint|p1a: Gonna kill u
|
|-damage|p2a: Iron Valiant|76/100 psn|[from] psn
|upkeep
|
|t:|1743782668
|switch|p1a: Hello :D|Cloyster, M, shiny|100/100
|turn|20
|
|t:|1743782673
|move|p2a: Iron Valiant|Close Combat|p1a: Hello :D
|-supereffective|p1a: Hello :D
|-enditem|p1a: Hello :D|Focus Sash
|-damage|p1a: Hello :D|1/100
|-unboost|p2a: Iron Valiant|def|1
|-unboost|p2a: Iron Valiant|spd|1
|move|p1a: Hello :D|Shell Smash|p1a: Hello :D
|-unboost|p1a: Hello :D|def|1
|-unboost|p1a: Hello :D|spd|1
|-boost|p1a: Hello :D|atk|2
|-boost|p1a: Hello :D|spa|2
|-boost|p1a: Hello :D|spe|2
|
|-damage|p2a: Iron Valiant|63/100 psn|[from] psn
|upkeep
|turn|21
|
|t:|1743782681
|move|p2a: Iron Valiant|Shadow Sneak|p1a: Hello :D
|-damage|p1a: Hello :D|0 fnt
|faint|p1a: Hello :D
|
|-damage|p2a: Iron Valiant|51/100 psn|[from] psn
|upkeep
|
|t:|1743782684
|switch|p1a: The Garchomp|Garchomp, M, shiny|100/100
|turn|22
|
|t:|1743782694
|move|p2a: Iron Valiant|Spirit Break|p1a: The Garchomp
|-supereffective|p1a: The Garchomp
|-damage|p1a: The Garchomp|27/100
|-unboost|p1a: The Garchomp|spa|1
|-damage|p2a: Iron Valiant|38/100 psn|[from] ability: Rough Skin|[of] p1a: The Garchomp
|move|p1a: The Garchomp|Earthquake|p2a: Iron Valiant
|-damage|p2a: Iron Valiant|0 fnt
|faint|p2a: Iron Valiant
|-end|p2a: Iron Valiant|Quark Drive|[silent]
|
|upkeep
|
|t:|1743782707
|switch|p2a: Enamorus|Enamorus, F, tera:Stellar|100/100
|turn|23
|
|t:|1743782721
|move|p2a: Enamorus|Moonblast|p1a: The Garchomp
|-supereffective|p1a: The Garchomp
|-damage|p1a: The Garchomp|0 fnt
|faint|p1a: The Garchomp
|
|win|NeverStandard
|raw|An!elt0n D's rating: 1171 &rarr; <strong>1144</strong><br />(-27 for losing)
|raw|NeverStandard's rating: 1143 &rarr; <strong>1170</strong><br />(+27 for winning)
|l|☆An!elt0n D
|player|p1|
|l|☆NeverStandard
|player|p2|
