|j|☆nuke_site
|j|☆best dark wall
|t:|1743813553
|gametype|singles
|player|p1|nuke_site|benga|1506
|player|p2|best dark wall|firebreather|1528
|teamsize|p1|6
|teamsize|p2|6
|gen|9
|tier|[Gen 9] OU
|rated|
|rule|HP Percentage Mod: HP is shown in percentages
|rule|Endless Battle Clause: Forcing endless battles is banned
|rule|Species Clause: Limit one of each Pokémon
|rule|OHKO Clause: OHKO moves are banned
|rule|Evasion Items Clause: Evasion items are banned
|rule|Evasion Moves Clause: Evasion moves are banned
|rule|Sleep Moves Clause: Sleep-inducing moves are banned
|clearpoke
|poke|p1|Gliscor, F|
|poke|p1|Gholdengo|
|poke|p1|Primarina, M|
|poke|p1|Muk-Alola, M|
|poke|p1|Zamazenta-*|
|poke|p1|Ting-Lu|
|poke|p2|Lilligant-Hisui, F|
|poke|p2|Araquanid, F|
|poke|p2|Samurott-Hisui, F|
|poke|p2|Iron Treads|
|poke|p2|Necrozma|
|poke|p2|Pecharunt|
|teampreview
|inactive|Battle timer is ON: inactive players will automatically lose when time's up. (requested by nuke_site)
|j| harold712
|inactive|nuke_site has 120 seconds left.
|l| harold712
|j| harold712
|l| harold712
|
|t:|1743813594
|start
|switch|p1a: rock lobster|Gliscor, F|100/100
|switch|p2a: Araquanid|Araquanid, F|100/100
|turn|1
|
|t:|1743813610
|move|p1a: rock lobster|Stealth Rock|p2a: Araquanid
|-sidestart|p2: best dark wall|move: Stealth Rock
|move|p2a: Araquanid|Sticky Web|p1a: rock lobster
|-sidestart|p1: nuke_site|move: Sticky Web
|
|-status|p1a: rock lobster|tox|[from] item: Toxic Orb
|upkeep
|turn|2
|
|t:|1743813627
|move|p1a: rock lobster|Protect|p1a: rock lobster
|-singleturn|p1a: rock lobster|Protect
|move|p2a: Araquanid|Surf|p1a: rock lobster
|-activate|p1a: rock lobster|move: Protect
|
|upkeep
|turn|3
|
|t:|1743813635
|switch|p1a: Pitbull named|Primarina, M|100/100
|-activate|p1a: Pitbull named|move: Sticky Web
|-unboost|p1a: Pitbull named|spe|1
|move|p2a: Araquanid|Surf|p1a: Pitbull named
|-resisted|p1a: Pitbull named
|-damage|p1a: Pitbull named|88/100
|
|upkeep
|turn|4
|
|t:|1743813643
|move|p1a: Pitbull named|Moonblast|p2a: Araquanid
|-damage|p2a: Araquanid|63/100
|-unboost|p2a: Araquanid|spa|1
|move|p2a: Araquanid|Surf|p1a: Pitbull named
|-resisted|p1a: Pitbull named
|-damage|p1a: Pitbull named|79/100
|
|upkeep
|turn|5
|
|t:|1743813649
|move|p1a: Pitbull named|Psychic Noise|p2a: Araquanid
|-damage|p2a: Araquanid|44/100
|-start|p2a: Araquanid|move: Heal Block
|move|p2a: Araquanid|Endeavor|p1a: Pitbull named
|-damage|p1a: Pitbull named|46/100
|
|upkeep
|turn|6
|
|t:|1743813658
|move|p1a: Pitbull named|Moonblast|p2a: Araquanid
|-damage|p2a: Araquanid|6/100
|-unboost|p2a: Araquanid|spa|1
|move|p2a: Araquanid|Lunge|p1a: Pitbull named
|-resisted|p1a: Pitbull named
|-damage|p1a: Pitbull named|34/100
|-unboost|p1a: Pitbull named|atk|1
|
|-end|p2a: Araquanid|move: Heal Block
|upkeep
|turn|7
|-enditem|p2a: Araquanid|Custap Berry|[eat]
|-activate|p2a: Araquanid|item: Custap Berry|[consumed]
|
|t:|1743813665
|move|p2a: Araquanid|Lunge|p1a: Pitbull named
|-resisted|p1a: Pitbull named
|-damage|p1a: Pitbull named|21/100
|-unboost|p1a: Pitbull named|atk|1
|move|p1a: Pitbull named|Flip Turn|p2a: Araquanid
|-resisted|p2a: Araquanid
|-damage|p2a: Araquanid|0 fnt
|faint|p2a: Araquanid
|inactive|nuke_site has 120 seconds left.
|
|t:|1743813699
|switch|p1a: icup|Muk-Alola, M|100/100|[from] Flip Turn
|-activate|p1a: icup|move: Sticky Web
|-unboost|p1a: icup|spe|1
|
|upkeep
|inactive|best dark wall has 120 seconds left.
|
|t:|1743813733
|switch|p2a: Samurott|Samurott-Hisui, F|100/100
|-damage|p2a: Samurott|88/100|[from] Stealth Rock
|turn|8
|inactive|nuke_site has 120 seconds left.
|
|t:|1743813760
|move|p2a: Samurott|Aqua Cutter|p1a: icup
|-damage|p1a: icup|41/100
|move|p1a: icup|Knock Off|p2a: Samurott
|-resisted|p2a: Samurott
|-damage|p2a: Samurott|64/100
|-enditem|p2a: Samurott|Black Glasses|[from] move: Knock Off|[of] p1a: icup
|
|-heal|p1a: icup|47/100|[from] item: Leftovers
|upkeep
|turn|9
|
|t:|1743813768
|-terastallize|p1a: icup|Water
|move|p2a: Samurott|Aqua Cutter|p1a: icup
|-resisted|p1a: icup
|-crit|p1a: icup
|-damage|p1a: icup|4/100
|move|p1a: icup|Knock Off|p2a: Samurott
|-resisted|p2a: Samurott
|-damage|p2a: Samurott|49/100
|-status|p2a: Samurott|psn|[from] ability: Poison Touch|[of] p1a: icup
|
|-heal|p1a: icup|10/100|[from] item: Leftovers
|-damage|p2a: Samurott|36/100 psn|[from] psn
|upkeep
|turn|10
|inactive|nuke_site has 120 seconds left.
|
|t:|1743813779
|switch|p1a: Princess|Zamazenta|100/100
|-activate|p1a: Princess|move: Sticky Web
|-unboost|p1a: Princess|spe|1
|-ability|p1a: Princess|Dauntless Shield|boost
|-boost|p1a: Princess|def|1
|move|p2a: Samurott|Ceaseless Edge|p1a: Princess
|-resisted|p1a: Princess
|-damage|p1a: Princess|89/100
|-sidestart|p1: nuke_site|Spikes
|
|-heal|p1a: Princess|95/100|[from] item: Leftovers
|-damage|p2a: Samurott|24/100 psn|[from] psn
|upkeep
|turn|11
|
|t:|1743813796
|move|p2a: Samurott|Aqua Cutter|p1a: Princess
|-damage|p1a: Princess|68/100
|move|p1a: Princess|Iron Defense|p1a: Princess
|-boost|p1a: Princess|def|2
|
|-heal|p1a: Princess|74/100|[from] item: Leftovers
|-damage|p2a: Samurott|11/100 psn|[from] psn
|upkeep
|turn|12
|
|t:|1743813803
|move|p2a: Samurott|Aqua Cutter|p1a: Princess
|-damage|p1a: Princess|58/100
|move|p1a: Princess|Iron Defense|p1a: Princess
|-boost|p1a: Princess|def|2
|
|-heal|p1a: Princess|64/100|[from] item: Leftovers
|-damage|p2a: Samurott|0 fnt|[from] psn
|faint|p2a: Samurott
|upkeep
|
|t:|1743813826
|switch|p2a: Pecharunt|Pecharunt|100/100
|-damage|p2a: Pecharunt|88/100|[from] Stealth Rock
|-item|p2a: Pecharunt|Air Balloon
|turn|13
|
|t:|1743813840
|switch|p1a: rock lobster|Gliscor, F|100/100 tox
|move|p2a: Pecharunt|Nasty Plot|p2a: Pecharunt
|-boost|p2a: Pecharunt|spa|2
|
|upkeep
|turn|14
|inactive|best dark wall has 120 seconds left.
|
|t:|1743813856
|-terastallize|p2a: Pecharunt|Fighting
|move|p2a: Pecharunt|Nasty Plot|p2a: Pecharunt
|-boost|p2a: Pecharunt|spa|2
|move|p1a: rock lobster|Knock Off|p2a: Pecharunt
|-resisted|p2a: Pecharunt
|-crit|p2a: Pecharunt
|-damage|p2a: Pecharunt|77/100
|-enditem|p2a: Pecharunt|Air Balloon
|
|upkeep
|turn|15
|inactive|best dark wall has 120 seconds left.
|
|t:|1743813871
|move|p2a: Pecharunt|Shadow Ball|p1a: rock lobster
|-damage|p1a: rock lobster|15/100 tox
|move|p1a: rock lobster|Earthquake|p2a: Pecharunt
|-damage|p2a: Pecharunt|53/100
|
|-heal|p1a: rock lobster|28/100 tox|[from] ability: Poison Heal
|upkeep
|turn|16
|
|t:|1743813879
|move|p1a: rock lobster|Protect|p1a: rock lobster
|-singleturn|p1a: rock lobster|Protect
|move|p2a: Pecharunt|Shadow Ball|p1a: rock lobster
|-activate|p1a: rock lobster|move: Protect
|
|-heal|p1a: rock lobster|40/100 tox|[from] ability: Poison Heal
|upkeep
|turn|17
|c|☆best dark wall|not toxic phew
|c|☆best dark wall|thought i choked
|
|t:|1743813898
|switch|p1a: Pitbull named|Primarina, M|21/100
|-activate|p1a: Pitbull named|move: Sticky Web
|-unboost|p1a: Pitbull named|spe|1
|-damage|p1a: Pitbull named|9/100|[from] Spikes
|move|p2a: Pecharunt|Shadow Ball|p1a: Pitbull named
|-damage|p1a: Pitbull named|0 fnt
|faint|p1a: Pitbull named
|
|upkeep
|
|t:|1743813900
|switch|p1a: Bouling|Ting-Lu|100/100
|-activate|p1a: Bouling|move: Sticky Web
|-unboost|p1a: Bouling|spe|1
|-damage|p1a: Bouling|88/100|[from] Spikes
|-ability|p1a: Bouling|Vessel of Ruin
|turn|18
|
|t:|1743813905
|move|p2a: Pecharunt|Tera Blast|p1a: Bouling|[anim] Tera Blast Fighting
|-supereffective|p1a: Bouling
|-damage|p1a: Bouling|13/100
|move|p1a: Bouling|Earthquake|p2a: Pecharunt
|-damage|p2a: Pecharunt|25/100
|
|-heal|p1a: Bouling|20/100|[from] item: Leftovers
|upkeep
|turn|19
|c|☆best dark wall|big ting lu moment
|c|☆best dark wall|gg
|
|t:|1743813917
|move|p2a: Pecharunt|Tera Blast|p1a: Bouling|[anim] Tera Blast Fighting
|-supereffective|p1a: Bouling
|-damage|p1a: Bouling|0 fnt
|faint|p1a: Bouling
|
|upkeep
|
|t:|1743813924
|switch|p1a: get ur $ up|Gholdengo|100/100
|-item|p1a: get ur $ up|Air Balloon
|turn|20
|
|t:|1743813929
|move|p2a: Pecharunt|Shadow Ball|p1a: get ur $ up
|-supereffective|p1a: get ur $ up
|-damage|p1a: get ur $ up|0 fnt
|-enditem|p1a: get ur $ up|Air Balloon
|faint|p1a: get ur $ up
|
|upkeep
|
|t:|1743813933
|switch|p1a: Princess|Zamazenta|64/100
|-activate|p1a: Princess|move: Sticky Web
|-unboost|p1a: Princess|spe|1
|-damage|p1a: Princess|52/100|[from] Spikes
|turn|21
|
|t:|1743813936
|move|p2a: Pecharunt|Malignant Chain|p1a: Princess
|-damage|p1a: Princess|0 fnt
|faint|p1a: Princess
|
|upkeep
|c|☆best dark wall|play it out pls
|-message|nuke_site forfeited.
|
|win|best dark wall
|raw|nuke_site's rating: 1506 &rarr; <strong>1487</strong><br />(-19 for losing)
|raw|best dark wall's rating: 1528 &rarr; <strong>1547</strong><br />(+19 for winning)
|l|☆nuke_site
|player|p1|
