|j|☆lucagin
|j|☆Juanpatrox
|t:|1743915955
|gametype|singles
|player|p1|lucagin|marlon|1182
|player|p2|Juanpatrox|iris|1183
|teamsize|p1|6
|teamsize|p2|6
|gen|9
|tier|[Gen 9] OU
|rated|
|rule|HP Percentage Mod: HP is shown in percentages
|rule|Endless Battle Clause: Forcing endless battles is banned
|rule|Species Clause: Limit one of each Pokémon
|rule|OHKO Clause: OHKO moves are banned
|rule|Evasion Items Clause: Evasion items are banned
|rule|Evasion Moves Clause: Evasion moves are banned
|rule|Sleep Moves Clause: Sleep-inducing moves are banned
|clearpoke
|poke|p1|Dragonite, M|
|poke|p1|Vaporeon, F|
|poke|p1|Meowscarada, M|
|poke|p1|Goodra, M|
|poke|p1|Galvantula, F|
|poke|p1|Brambleghast, F|
|poke|p2|Landorus-Therian, M|
|poke|p2|Dragapult, F|
|poke|p2|Tornadus-Therian, M|
|poke|p2|Heatran, F|
|poke|p2|Kingambit, M|
|poke|p2|Toxapex, F|
|teampreview
|
|t:|1743915966
|start
|switch|p1a: Galvantula|Galvantula, F, shiny|100/100
|switch|p2a: Landorus|Landorus-Therian, M|100/100
|-ability|p2a: Landorus|Intimidate|boost
|-unboost|p1a: Galvantula|atk|1
|turn|1
|
|t:|1743915972
|-terastallize|p1a: Galvantula|Ice
|move|p1a: Galvantula|Tera Blast|p2a: Landorus|[anim] Tera Blast Ice
|-supereffective|p2a: Landorus
|-damage|p2a: Landorus|0 fnt
|faint|p2a: Landorus
|
|upkeep
|
|t:|1743915978
|switch|p2a: Heatran|Heatran, F|100/100
|turn|2
|
|t:|1743915983
|move|p1a: Galvantula|Sticky Web|p2a: Heatran
|-sidestart|p2: Juanpatrox|move: Sticky Web
|move|p2a: Heatran|Heat Wave|p1a: Galvantula
|-supereffective|p1a: Galvantula
|-enditem|p1a: Galvantula|Focus Sash
|-damage|p1a: Galvantula|1/100
|
|upkeep
|turn|3
|
|t:|1743915991
|switch|p1a: Goodra|Goodra, M, shiny|100/100
|move|p2a: Heatran|Will-O-Wisp|p1a: Goodra
|-status|p1a: Goodra|brn
|
|-damage|p1a: Goodra|94/100 brn|[from] brn
|upkeep
|turn|4
|
|t:|1743916001
|move|p1a: Goodra|Ice Beam|p2a: Heatran
|-resisted|p2a: Heatran
|-damage|p2a: Heatran|96/100
|move|p2a: Heatran|Stealth Rock|p1a: Goodra
|-sidestart|p1: lucagin|move: Stealth Rock
|
|-heal|p2a: Heatran|100/100|[from] item: Leftovers
|-damage|p1a: Goodra|88/100 brn|[from] brn
|upkeep
|turn|5
|
|t:|1743916011
|move|p1a: Goodra|Earthquake|p2a: Heatran
|-supereffective|p2a: Heatran
|-damage|p2a: Heatran|63/100
|move|p2a: Heatran|Heat Wave|p1a: Goodra
|-resisted|p1a: Goodra
|-damage|p1a: Goodra|81/100 brn
|
|-heal|p2a: Heatran|69/100|[from] item: Leftovers
|-damage|p1a: Goodra|75/100 brn|[from] brn
|upkeep
|turn|6
|
|t:|1743916025
|switch|p2a: Tornadus|Tornadus-Therian, M|100/100
|move|p1a: Goodra|Ice Beam|p2a: Tornadus
|-supereffective|p2a: Tornadus
|-damage|p2a: Tornadus|33/100
|
|-heal|p2a: Tornadus|39/100|[from] item: Leftovers
|-damage|p1a: Goodra|69/100 brn|[from] brn
|upkeep
|turn|7
|
|t:|1743916036
|move|p2a: Tornadus|U-turn|p1a: Goodra
|-damage|p1a: Goodra|52/100 brn
|
|t:|1743916039
|switch|p2a: Toxapex|Toxapex, F|100/100|[from] U-turn
|-activate|p2a: Toxapex|move: Sticky Web
|-unboost|p2a: Toxapex|spe|1
|move|p1a: Goodra|Sludge Bomb|p2a: Toxapex
|-resisted|p2a: Toxapex
|-damage|p2a: Toxapex|88/100
|
|-heal|p2a: Toxapex|94/100|[from] item: Leftovers
|-damage|p1a: Goodra|46/100 brn|[from] brn
|upkeep
|turn|8
|
|t:|1743916049
|switch|p1a: Brambleghast|Brambleghast, F, shiny|100/100
|move|p2a: Toxapex|Toxic Spikes|p1a: Brambleghast
|-sidestart|p1: lucagin|move: Toxic Spikes
|
|-heal|p2a: Toxapex|99/100|[from] item: Leftovers
|upkeep
|turn|9
|
|t:|1743916055
|move|p1a: Brambleghast|Poltergeist|p2a: Toxapex
|-activate|p2a: Toxapex|move: Poltergeist|Leftovers
|-damage|p2a: Toxapex|69/100
|move|p2a: Toxapex|Toxic Spikes|p1a: Brambleghast
|-sidestart|p1: lucagin|move: Toxic Spikes
|
|-heal|p2a: Toxapex|75/100|[from] item: Leftovers
|upkeep
|turn|10
|
|t:|1743916062
|move|p1a: Brambleghast|Rapid Spin|p2a: Toxapex
|-damage|p2a: Toxapex|66/100
|-boost|p1a: Brambleghast|spe|1
|-sideend|p1: lucagin|Toxic Spikes|[from] move: Rapid Spin|[of] p1a: Brambleghast
|-sideend|p1: lucagin|Stealth Rock|[from] move: Rapid Spin|[of] p1a: Brambleghast
|move|p2a: Toxapex|Toxic|p1a: Brambleghast
|-status|p1a: Brambleghast|tox
|
|-heal|p2a: Toxapex|72/100|[from] item: Leftovers
|-damage|p1a: Brambleghast|95/100 tox|[from] psn
|upkeep
|turn|11
|
|t:|1743916073
|move|p1a: Brambleghast|Power Whip|p2a: Toxapex
|-damage|p2a: Toxapex|35/100
|move|p2a: Toxapex|Recover|p2a: Toxapex
|-heal|p2a: Toxapex|85/100
|
|-heal|p2a: Toxapex|91/100|[from] item: Leftovers
|-damage|p1a: Brambleghast|83/100 tox|[from] psn
|upkeep
|turn|12
|
|t:|1743916083
|switch|p1a: Galvantula|Galvantula, F, shiny, tera:Ice|1/100
|move|p2a: Toxapex|Toxic Spikes|p1a: Galvantula
|-sidestart|p1: lucagin|move: Toxic Spikes
|
|-heal|p2a: Toxapex|97/100|[from] item: Leftovers
|upkeep
|turn|13
|
|t:|1743916100
|switch|p2a: Heatran|Heatran, F|69/100
|-activate|p2a: Heatran|move: Sticky Web
|-unboost|p2a: Heatran|spe|1
|move|p1a: Galvantula|Thunder|p2a: Heatran
|-damage|p2a: Heatran|40/100
|
|-heal|p2a: Heatran|46/100|[from] item: Leftovers
|upkeep
|turn|14
|
|t:|1743916112
|move|p1a: Galvantula|Thunder|p2a: Heatran
|-damage|p2a: Heatran|18/100
|-status|p2a: Heatran|par
|move|p2a: Heatran|Heat Wave|p1a: Galvantula
|-supereffective|p1a: Galvantula
|-damage|p1a: Galvantula|0 fnt
|faint|p1a: Galvantula
|
|-heal|p2a: Heatran|25/100 par|[from] item: Leftovers
|upkeep
|
|t:|1743916118
|switch|p1a: Goodra|Goodra, M, shiny|46/100 brn
|turn|15
|
|t:|1743916130
|move|p1a: Goodra|Ice Beam|p2a: Heatran
|-resisted|p2a: Heatran
|-damage|p2a: Heatran|20/100 par
|move|p2a: Heatran|Stealth Rock|p1a: Goodra
|-sidestart|p1: lucagin|move: Stealth Rock
|
|-heal|p2a: Heatran|26/100 par|[from] item: Leftovers
|-damage|p1a: Goodra|40/100 brn|[from] brn
|upkeep
|turn|16
|
|t:|1743916145
|switch|p2a: Tornadus|Tornadus-Therian, M|72/100
|move|p1a: Goodra|Earthquake|p2a: Tornadus
|-immune|p2a: Tornadus
|
|-heal|p2a: Tornadus|78/100|[from] item: Leftovers
|-damage|p1a: Goodra|34/100 brn|[from] brn
|upkeep
|turn|17
|
|t:|1743916154
|switch|p2a: Toxapex|Toxapex, F|100/100
|-activate|p2a: Toxapex|move: Sticky Web
|-unboost|p2a: Toxapex|spe|1
|move|p1a: Goodra|Sludge Bomb|p2a: Toxapex
|-resisted|p2a: Toxapex
|-damage|p2a: Toxapex|87/100
|
|-heal|p2a: Toxapex|94/100|[from] item: Leftovers
|-damage|p1a: Goodra|28/100 brn|[from] brn
|upkeep
|turn|18
|
|t:|1743916164
|move|p1a: Goodra|Earthquake|p2a: Toxapex
|-supereffective|p2a: Toxapex
|-damage|p2a: Toxapex|80/100
|move|p2a: Toxapex|Toxic Spikes|p1a: Goodra
|-sidestart|p1: lucagin|move: Toxic Spikes
|
|-heal|p2a: Toxapex|86/100|[from] item: Leftovers
|-damage|p1a: Goodra|22/100 brn|[from] brn
|upkeep
|turn|19
|
|t:|1743916174
|move|p1a: Goodra|Earthquake|p2a: Toxapex
|-supereffective|p2a: Toxapex
|-damage|p2a: Toxapex|73/100
|move|p2a: Toxapex|Chilling Water|p1a: Goodra
|-resisted|p1a: Goodra
|-damage|p1a: Goodra|20/100 brn
|-unboost|p1a: Goodra|atk|1
|
|-heal|p2a: Toxapex|79/100|[from] item: Leftovers
|-damage|p1a: Goodra|14/100 brn|[from] brn
|upkeep
|turn|20
|
|t:|1743916183
|move|p1a: Goodra|Ice Beam|p2a: Toxapex
|-resisted|p2a: Toxapex
|-damage|p2a: Toxapex|67/100
|move|p2a: Toxapex|Chilling Water|p1a: Goodra
|-resisted|p1a: Goodra
|-damage|p1a: Goodra|11/100 brn
|-unboost|p1a: Goodra|atk|1
|
|-heal|p2a: Toxapex|73/100|[from] item: Leftovers
|-damage|p1a: Goodra|5/100 brn|[from] brn
|upkeep
|turn|21
|
|t:|1743916193
|move|p1a: Goodra|Ice Beam|p2a: Toxapex
|-resisted|p2a: Toxapex
|-damage|p2a: Toxapex|60/100
|move|p2a: Toxapex|Recover|p2a: Toxapex
|-heal|p2a: Toxapex|100/100
|
|-damage|p1a: Goodra|0 fnt|[from] brn
|faint|p1a: Goodra
|upkeep
|
|t:|1743916197
|switch|p1a: Brambleghast|Brambleghast, F, shiny|83/100 tox
|turn|22
|
|t:|1743916211
|switch|p2a: Kingambit|Kingambit, M, shiny|100/100
|-activate|p2a: Kingambit|move: Sticky Web
|-unboost|p2a: Kingambit|spe|1
|-activate|p2a: Kingambit|ability: Supreme Overlord
|-start|p2a: Kingambit|fallen1|[silent]
|move|p1a: Brambleghast|Poltergeist|p2a: Kingambit
|-activate|p2a: Kingambit|move: Poltergeist|Leftovers
|-resisted|p2a: Kingambit
|-damage|p2a: Kingambit|78/100
|
|-heal|p2a: Kingambit|84/100|[from] item: Leftovers
|-damage|p1a: Brambleghast|77/100 tox|[from] psn
|upkeep
|turn|23
|-message|lucagin forfeited.
|
|win|Juanpatrox
|raw|lucagin's rating: 1182 &rarr; <strong>1157</strong><br />(-25 for losing)
|raw|Juanpatrox's rating: 1183 &rarr; <strong>1208</strong><br />(+25 for winning)
|l|☆lucagin
|player|p1|
|l|☆Juanpatrox
|player|p2|
