|j|☆RoutesReborn
|j|☆Gimmitaiz
|t:|1743812879
|gametype|singles
|player|p1|RoutesReborn|volkner|1249
|player|p2|Gimmitaiz|benga|1258
|teamsize|p1|6
|teamsize|p2|6
|gen|9
|tier|[Gen 9] OU
|rated|
|rule|HP Percentage Mod: HP is shown in percentages
|rule|Endless Battle Clause: Forcing endless battles is banned
|rule|Species Clause: Limit one of each Pokémon
|rule|OHKO Clause: OHKO moves are banned
|rule|Evasion Items Clause: Evasion items are banned
|rule|Evasion Moves Clause: Evasion moves are banned
|rule|Sleep Moves Clause: Sleep-inducing moves are banned
|clearpoke
|poke|p1|Kingambit, M|
|poke|p1|Garchomp, M|
|poke|p1|Pecharunt|
|poke|p1|Darkrai|
|poke|p1|Kyurem|
|poke|p1|Zapdos-Galar|
|poke|p2|Enamorus, F|
|poke|p2|Dragapult, M|
|poke|p2|Cinderace, M|
|poke|p2|Darkrai|
|poke|p2|Corviknight, M|
|poke|p2|Meowscarada, F|
|teampreview
|inactive|Battle timer is ON: inactive players will automatically lose when time's up. (requested by RoutesReborn)
|inactive|RoutesReborn has 120 seconds left.
|
|t:|1743812918
|start
|switch|p1a: Pecharunt|Pecharunt|100/100
|switch|p2a: Dragapult|Dragapult, M|100/100
|-item|p1a: Pecharunt|Air Balloon
|turn|1
|
|t:|1743812942
|move|p2a: Dragapult|Shadow Ball|p1a: Pecharunt
|-supereffective|p1a: Pecharunt
|-damage|p1a: Pecharunt|24/100
|-enditem|p1a: Pecharunt|Air Balloon
|-damage|p2a: Dragapult|91/100|[from] item: Life Orb
|move|p1a: Pecharunt|Parting Shot|p2a: Dragapult
|-fail|p2a: Dragapult|unboost|[from] ability: Clear Body|[of] p2a: Dragapult
|
|upkeep
|turn|2
|
|t:|1743812961
|switch|p1a: Kingambit|Kingambit, M|100/100
|move|p2a: Dragapult|Dragon Darts|p1a: Kingambit
|-resisted|p1a: Kingambit
|-damage|p1a: Kingambit|87/100
|-anim|p2a: Dragapult|Dragon Darts|p1a: Kingambit
|-resisted|p1a: Kingambit
|-damage|p1a: Kingambit|74/100
|-damage|p2a: Dragapult|81/100|[from] item: Life Orb
|
|upkeep
|turn|3
|
|t:|1743812973
|move|p2a: Dragapult|Flamethrower|p1a: Kingambit
|-supereffective|p1a: Kingambit
|-damage|p1a: Kingambit|3/100
|-damage|p2a: Dragapult|71/100|[from] item: Life Orb
|move|p1a: Kingambit|Kowtow Cleave|p2a: Dragapult
|-supereffective|p2a: Dragapult
|-damage|p2a: Dragapult|0 fnt
|faint|p2a: Dragapult
|
|upkeep
|
|t:|1743812985
|switch|p2a: Corviknight|Corviknight, M|100/100
|-ability|p2a: Corviknight|Pressure
|turn|4
|
|t:|1743812996
|-end|p1a: Kingambit|fallenundefined|[silent]
|switch|p1a: Garchomp|Garchomp, M|100/100
|move|p2a: Corviknight|U-turn|p1a: Garchomp
|-damage|p1a: Garchomp|87/100
|-damage|p2a: Corviknight|88/100|[from] ability: Rough Skin|[of] p1a: Garchomp
|
|t:|1743813004
|switch|p2a: Darkrai|Darkrai|100/100|[from] U-turn
|
|upkeep
|turn|5
|inactive|RoutesReborn has 120 seconds left.
|
|t:|1743813030
|switch|p1a: Pecharunt|Pecharunt|24/100
|move|p2a: Darkrai|Ice Beam|p1a: Pecharunt
|-damage|p1a: Pecharunt|0 fnt
|faint|p1a: Pecharunt
|
|upkeep
|inactive|RoutesReborn has 120 seconds left.
|
|t:|1743813038
|switch|p1a: Zapdos|Zapdos-Galar|100/100
|turn|6
|
|t:|1743813044
|switch|p2a: Corviknight|Corviknight, M|88/100
|-ability|p2a: Corviknight|Pressure
|move|p1a: Zapdos|U-turn|p2a: Corviknight
|-resisted|p2a: Corviknight
|-damage|p2a: Corviknight|84/100
|-damage|p1a: Zapdos|84/100|[from] item: Rocky Helmet|[of] p2a: Corviknight
|inactive|RoutesReborn has 120 seconds left.
|
|t:|1743813057
|switch|p1a: Garchomp|Garchomp, M|87/100|[from] U-turn
|
|upkeep
|turn|7
|
|t:|1743813069
|move|p1a: Garchomp|Stealth Rock|p2a: Corviknight
|-sidestart|p2: Gimmitaiz|move: Stealth Rock
|move|p2a: Corviknight|Roost|p2a: Corviknight
|-heal|p2a: Corviknight|100/100
|-singleturn|p2a: Corviknight|move: Roost
|
|upkeep
|turn|8
|
|t:|1743813079
|move|p1a: Garchomp|Fire Blast|p2a: Corviknight
|-supereffective|p2a: Corviknight
|-damage|p2a: Corviknight|27/100
|-damage|p1a: Garchomp|77/100|[from] item: Life Orb
|move|p2a: Corviknight|U-turn|p1a: Garchomp
|-damage|p1a: Garchomp|64/100
|-damage|p2a: Corviknight|15/100|[from] ability: Rough Skin|[of] p1a: Garchomp
|
|t:|1743813082
|switch|p2a: Cinderace|Cinderace, M|100/100|[from] U-turn
|
|upkeep
|turn|9
|
|t:|1743813100
|move|p2a: Cinderace|Court Change|p2a: Cinderace
|-start|p2a: Cinderace|typechange|Normal|[from] ability: Libero
|-swapsideconditions
|-activate|p2a: Cinderace|move: Court Change
|move|p1a: Garchomp|Earthquake|p2a: Cinderace
|-damage|p2a: Cinderace|15/100
|-damage|p1a: Garchomp|54/100|[from] item: Life Orb
|
|upkeep
|turn|10
|inactive|RoutesReborn has 120 seconds left.
|
|t:|1743813118
|switch|p2a: Corviknight|Corviknight, M|15/100
|-ability|p2a: Corviknight|Pressure
|move|p1a: Garchomp|Fire Blast|p2a: Corviknight
|-supereffective|p2a: Corviknight
|-damage|p2a: Corviknight|0 fnt
|faint|p2a: Corviknight
|-damage|p1a: Garchomp|44/100|[from] item: Life Orb
|
|upkeep
|
|t:|1743813125
|switch|p2a: Enamorus|Enamorus, F|100/100
|turn|11
|inactive|RoutesReborn has 120 seconds left.
|
|t:|1743813150
|-terastallize|p1a: Garchomp|Fire
|move|p2a: Enamorus|Moonblast|p1a: Garchomp
|-resisted|p1a: Garchomp
|-damage|p1a: Garchomp|0 fnt
|faint|p1a: Garchomp
|
|upkeep
|
|t:|1743813162
|switch|p1a: Zapdos|Zapdos-Galar|84/100
|-damage|p1a: Zapdos|72/100|[from] Stealth Rock
|turn|12
|
|t:|1743813170
|switch|p2a: Cinderace|Cinderace, M|15/100
|move|p1a: Zapdos|Brave Bird|p2a: Cinderace
|-damage|p2a: Cinderace|0 fnt
|faint|p2a: Cinderace
|-damage|p1a: Zapdos|67/100|[from] Recoil
|
|upkeep
|
|t:|1743813177
|switch|p2a: Darkrai|Darkrai|100/100
|turn|13
|
|t:|1743813183
|switch|p1a: Kingambit|Kingambit, M|3/100
|-damage|p1a: Kingambit|0 fnt|[from] Stealth Rock
|faint|p1a: Kingambit
|-end|p1a: Kingambit|fallenundefined|[silent]
|move|p2a: Darkrai|Trick|p1: Kingambit|[notarget]
|-fail|p2a: Darkrai
|
|upkeep
|inactive|RoutesReborn has 120 seconds left.
|
|t:|1743813194
|switch|p1a: Zapdos|Zapdos-Galar|67/100
|-damage|p1a: Zapdos|55/100|[from] Stealth Rock
|turn|14
|
|t:|1743813202
|move|p1a: Zapdos|Close Combat|p2a: Darkrai
|-supereffective|p2a: Darkrai
|-damage|p2a: Darkrai|0 fnt
|-unboost|p1a: Zapdos|def|1
|-unboost|p1a: Zapdos|spd|1
|faint|p2a: Darkrai
|
|upkeep
|
|t:|1743813205
|switch|p2a: Enamorus|Enamorus, F|100/100
|turn|15
|
|t:|1743813210
|switch|p1a: Darkrai|Darkrai|100/100
|move|p2a: Enamorus|Moonblast|p1a: Darkrai
|-supereffective|p1a: Darkrai
|-damage|p1a: Darkrai|0 fnt
|faint|p1a: Darkrai
|
|upkeep
|
|t:|1743813217
|switch|p1a: Zapdos|Zapdos-Galar|55/100
|-damage|p1a: Zapdos|42/100|[from] Stealth Rock
|turn|16
|
|t:|1743813228
|switch|p2a: Meowscarada|Meowscarada, F|100/100
|move|p1a: Zapdos|U-turn|p2a: Meowscarada
|-supereffective|p2a: Meowscarada
|-damage|p2a: Meowscarada|0 fnt
|faint|p2a: Meowscarada
|
|t:|1743813233
|switch|p1a: Kyurem|Kyurem|100/100|[from] U-turn
|-damage|p1a: Kyurem|76/100|[from] Stealth Rock
|-ability|p1a: Kyurem|Pressure
|
|upkeep
|
|t:|1743813237
|switch|p2a: Enamorus|Enamorus, F|100/100
|turn|17
|
|t:|1743813244
|move|p2a: Enamorus|Moonblast|p1a: Kyurem
|-supereffective|p1a: Kyurem
|-damage|p1a: Kyurem|0 fnt
|faint|p1a: Kyurem
|
|upkeep
|
|t:|1743813246
|switch|p1a: Zapdos|Zapdos-Galar|42/100
|-damage|p1a: Zapdos|30/100|[from] Stealth Rock
|turn|18
|c|☆RoutesReborn|gg either way lol
|
|t:|1743813259
|move|p1a: Zapdos|Brave Bird|p2a: Enamorus
|-damage|p2a: Enamorus|2/100
|-damage|p1a: Zapdos|0 fnt|[from] Recoil
|faint|p1a: Zapdos
|
|win|Gimmitaiz
|raw|RoutesReborn's rating: 1249 &rarr; <strong>1225</strong><br />(-24 for losing)
|raw|Gimmitaiz's rating: 1258 &rarr; <strong>1282</strong><br />(+24 for winning)
|c|☆RoutesReborn|dang
|c|☆Gimmitaiz|gg
|c|☆Gimmitaiz|damn
