|j|☆kingCR0C
|j|☆farakh345678
|t:|1743787921
|gametype|singles
|player|p1|kingCR0C|265|1345
|player|p2|farakh345678|170|1392
|teamsize|p1|6
|teamsize|p2|6
|gen|9
|tier|[Gen 9] OU
|rated|
|rule|HP Percentage Mod: HP is shown in percentages
|rule|Endless Battle Clause: Forcing endless battles is banned
|rule|Species Clause: Limit one of each Pokémon
|rule|OHKO Clause: OHKO moves are banned
|rule|Evasion Items Clause: Evasion items are banned
|rule|Evasion Moves Clause: Evasion moves are banned
|rule|Sleep Moves Clause: Sleep-inducing moves are banned
|clearpoke
|poke|p1|Minior-Yellow|
|poke|p1|Quaquaval, F|
|poke|p1|Lokix, F|
|poke|p1|Iron Moth|
|poke|p1|Blaziken, M|
|poke|p1|Bisharp, M|
|poke|p2|Great Tusk|
|poke|p2|Gholdengo|
|poke|p2|Iron Valiant|
|poke|p2|Kingambit, F|
|poke|p2|Raging Bolt|
|poke|p2|Ogerpon-Wellspring, F|
|teampreview
|
|t:|1743787932
|start
|switch|p1a: Baron|Bisharp, M|100/100
|switch|p2a: Good Bye|Gholdengo|100/100
|turn|1
|inactive|Battle timer is ON: inactive players will automatically lose when time's up. (requested by kingCR0C)
|
|t:|1743787940
|move|p2a: Good Bye|Trick|p1a: Baron
|-activate|p2a: Good Bye|move: Trick|[of] p1a: Baron
|-item|p1a: Baron|Choice Scarf|[from] move: Trick
|-item|p2a: Good Bye|Eviolite|[from] move: Trick
|move|p1a: Baron|Swords Dance|p1a: Baron
|-boost|p1a: Baron|atk|2
|
|upkeep
|turn|2
|
|t:|1743787946
|switch|p1a: Blueprint|Quaquaval, F|100/100
|move|p2a: Good Bye|Trick|p1a: Blueprint
|-activate|p2a: Good Bye|move: Trick|[of] p1a: Blueprint
|-item|p1a: Blueprint|Eviolite|[from] move: Trick
|-item|p2a: Good Bye|Assault Vest|[from] move: Trick
|
|upkeep
|turn|3
|
|t:|1743787955
|switch|p2a: Ciao|Ogerpon-Wellspring, F|100/100
|move|p1a: Blueprint|Aqua Step|p2a: Ciao
|-immune|p2a: Ciao|[from] ability: Water Absorb
|
|upkeep
|turn|4
|
|t:|1743787960
|switch|p1a: Baron|Bisharp, M|100/100
|move|p2a: Ciao|Ivy Cudgel|p1a: Baron|[anim] Ivy Cudgel Water
|-damage|p1a: Baron|39/100
|
|upkeep
|turn|5
|
|t:|1743787965
|switch|p2a: Au Revoir|Great Tusk|100/100
|move|p1a: Baron|Sucker Punch||[still]
|-fail|p1a: Baron
|
|upkeep
|turn|6
|
|t:|1743787970
|switch|p1a: Brainstorm|Minior-Yellow|100/100
|-formechange|p1a: Brainstorm|Minior-Meteor||[from] ability: Shields Down
|move|p2a: Au Revoir|Stealth Rock|p1a: Brainstorm
|-sidestart|p1: kingCR0C|move: Stealth Rock
|
|upkeep
|turn|7
|
|t:|1743787974
|move|p2a: Au Revoir|Ice Spinner|p1a: Brainstorm
|-supereffective|p1a: Brainstorm
|-crit|p1a: Brainstorm
|-damage|p1a: Brainstorm|0 fnt
|faint|p1a: Brainstorm
|
|upkeep
|
|t:|1743787978
|switch|p1a: Blueprint|Quaquaval, F|100/100
|-damage|p1a: Blueprint|94/100|[from] Stealth Rock
|turn|8
|
|t:|1743787986
|-end|p2a: Au Revoir|Protosynthesis|[silent]
|switch|p2a: Tschüss|Raging Bolt|100/100
|-enditem|p2a: Tschüss|Booster Energy
|-activate|p2a: Tschüss|ability: Protosynthesis|[fromitem]
|-start|p2a: Tschüss|protosynthesisspa
|move|p1a: Blueprint|Close Combat|p2a: Tschüss
|-damage|p2a: Tschüss|44/100
|-unboost|p1a: Blueprint|def|1
|-unboost|p1a: Blueprint|spd|1
|
|upkeep
|turn|9
|
|t:|1743787993
|move|p1a: Blueprint|Triple Axel|p2a: Tschüss
|-supereffective|p2a: Tschüss
|-damage|p2a: Tschüss|28/100
|-supereffective|p2a: Tschüss
|-damage|p2a: Tschüss|0 fnt
|faint|p2a: Tschüss
|-end|p2a: Tschüss|Protosynthesis|[silent]
|-ability|p1a: Blueprint|Moxie|boost
|-boost|p1a: Blueprint|atk|1
|-hitcount|p2: Tschüss|2
|
|upkeep
|
|t:|1743787999
|switch|p2a: Ciao|Ogerpon-Wellspring, F|100/100
|turn|10
|
|t:|1743788002
|switch|p1a: Baron|Bisharp, M|39/100
|-damage|p1a: Baron|33/100|[from] Stealth Rock
|move|p2a: Ciao|Horn Leech|p1a: Baron
|-resisted|p1a: Baron
|-damage|p1a: Baron|10/100
|
|upkeep
|turn|11
|
|t:|1743788005
|switch|p2a: Au Revoir|Great Tusk|100/100
|move|p1a: Baron|Low Kick|p2a: Au Revoir
|-crit|p2a: Au Revoir
|-damage|p2a: Au Revoir|52/100
|-damage|p1a: Baron|0 fnt|[from] item: Rocky Helmet|[of] p2a: Au Revoir
|faint|p1a: Baron
|
|upkeep
|
|t:|1743788011
|switch|p1a: Blueprint|Quaquaval, F|94/100
|-damage|p1a: Blueprint|88/100|[from] Stealth Rock
|turn|12
|
|t:|1743788016
|-end|p2a: Au Revoir|Protosynthesis|[silent]
|switch|p2a: Ciao|Ogerpon-Wellspring, F|100/100
|move|p1a: Blueprint|Aqua Step|p2a: Ciao
|-immune|p2a: Ciao|[from] ability: Water Absorb
|
|upkeep
|turn|13
|
|t:|1743788023
|switch|p1a: Burnt jocker|Iron Moth|100/100
|-damage|p1a: Burnt jocker|76/100|[from] Stealth Rock
|-enditem|p1a: Burnt jocker|Booster Energy
|-activate|p1a: Burnt jocker|ability: Quark Drive|[fromitem]
|-start|p1a: Burnt jocker|quarkdrivespa
|move|p2a: Ciao|Encore||[still]
|-fail|p2a: Ciao
|
|upkeep
|turn|14
|
|t:|1743788029
|-terastallize|p2a: Ciao|Water
|detailschange|p2a: Ciao|Ogerpon-Wellspring-Tera, F, tera:Water
|-ability|p2a: Ciao|Embody Aspect (Wellspring)|boost
|-boost|p2a: Ciao|spd|1
|move|p2a: Ciao|Ivy Cudgel|p1a: Burnt jocker|[anim] Ivy Cudgel Water
|-supereffective|p1a: Burnt jocker
|-damage|p1a: Burnt jocker|0 fnt
|faint|p1a: Burnt jocker
|-end|p1a: Burnt jocker|Quark Drive|[silent]
|
|upkeep
|
|t:|1743788038
|switch|p1a: Stuntman|Lokix, F|100/100
|-damage|p1a: Stuntman|76/100|[from] Stealth Rock
|turn|15
|
|t:|1743788042
|switch|p2a: Good Bye|Gholdengo|100/100
|move|p1a: Stuntman|First Impression|p2a: Good Bye
|-resisted|p2a: Good Bye
|-damage|p2a: Good Bye|71/100
|-damage|p1a: Stuntman|66/100|[from] item: Life Orb
|
|upkeep
|turn|16
|
|t:|1743788051
|move|p2a: Good Bye|Shadow Ball|p1a: Stuntman
|-resisted|p1a: Stuntman
|-damage|p1a: Stuntman|27/100
|-unboost|p1a: Stuntman|spd|1
|move|p1a: Stuntman|Knock Off|p2a: Good Bye
|-supereffective|p2a: Good Bye
|-damage|p2a: Good Bye|0 fnt
|-enditem|p2a: Good Bye|Assault Vest|[from] move: Knock Off|[of] p1a: Stuntman
|faint|p2a: Good Bye
|-damage|p1a: Stuntman|17/100|[from] item: Life Orb
|
|upkeep
|
|t:|1743788056
|switch|p2a: Sayonara|Kingambit, F|100/100
|-activate|p2a: Sayonara|ability: Supreme Overlord
|-start|p2a: Sayonara|fallen2|[silent]
|turn|17
|
|t:|1743788059
|move|p1a: Stuntman|Axe Kick|p2a: Sayonara
|-supereffective|p2a: Sayonara
|-damage|p2a: Sayonara|0 fnt
|faint|p2a: Sayonara
|-end|p2a: Sayonara|fallen2|[silent]
|-damage|p1a: Stuntman|7/100|[from] item: Life Orb
|
|upkeep
|
|t:|1743788062
|switch|p2a: Au Revoir|Great Tusk|52/100
|turn|18
|
|t:|1743788065
|move|p1a: Stuntman|Sucker Punch|p2a: Au Revoir
|-resisted|p2a: Au Revoir
|-damage|p2a: Au Revoir|22/100
|-damage|p1a: Stuntman|0 fnt|[from] item: Rocky Helmet|[of] p2a: Au Revoir
|faint|p1a: Stuntman
|move|p2a: Au Revoir|Rapid Spin|p1: Stuntman|[notarget]
|-fail|p2a: Au Revoir
|
|upkeep
|
|t:|1743788072
|switch|p1a: Hack|Blaziken, M|100/100
|-damage|p1a: Hack|88/100|[from] Stealth Rock
|turn|19
|
|t:|1743788074
|-terastallize|p1a: Hack|Ice
|move|p2a: Au Revoir|Headlong Rush|p1a: Hack
|-damage|p1a: Hack|0 fnt
|-unboost|p2a: Au Revoir|def|1
|-unboost|p2a: Au Revoir|spd|1
|faint|p1a: Hack
|
|upkeep
|
|t:|1743788079
|switch|p1a: Blueprint|Quaquaval, F|88/100
|-damage|p1a: Blueprint|82/100|[from] Stealth Rock
|turn|20
|
|t:|1743788083
|move|p2a: Au Revoir|Headlong Rush|p1a: Blueprint
|-damage|p1a: Blueprint|0 fnt
|-unboost|p2a: Au Revoir|def|1
|-unboost|p2a: Au Revoir|spd|1
|faint|p1a: Blueprint
|
|win|farakh345678
|raw|kingCR0C's rating: 1345 &rarr; <strong>1328</strong><br />(-17 for losing)
|raw|farakh345678's rating: 1392 &rarr; <strong>1409</strong><br />(+17 for winning)
|l|☆kingCR0C
|player|p1|
|l|☆farakh345678
|player|p2|
