|j|☆togethernespresso
|j|☆Dread shed
|t:|1743922689
|gametype|singles
|player|p1|togethernespresso|pokemonranger-gen4|1176
|player|p2|Dread shed|ghetsis-gen5bw|1094
|teamsize|p1|6
|teamsize|p2|6
|gen|9
|tier|[Gen 9] OU
|rated|
|rule|HP Percentage Mod: HP is shown in percentages
|rule|Endless Battle Clause: Forcing endless battles is banned
|rule|Species Clause: Limit one of each Pokémon
|rule|OHKO Clause: OHKO moves are banned
|rule|Evasion Items Clause: Evasion items are banned
|rule|Evasion Moves Clause: Evasion moves are banned
|rule|Sleep Moves Clause: Sleep-inducing moves are banned
|clearpoke
|poke|p1|Garchomp, M|
|poke|p1|Arcanine-Hisui, F|
|poke|p1|Ninetales-Alola, M|
|poke|p1|Corviknight, F|
|poke|p1|Umbreon, M|
|poke|p1|Articuno-Galar|
|poke|p2|Grimmsnarl, M|
|poke|p2|Weavile, M|
|poke|p2|Dragonite, M|
|poke|p2|Corviknight, F|
|poke|p2|Ogerpon-Cornerstone, F|
|poke|p2|Greninja-*, M|
|teampreview
|
|t:|1743922703
|start
|switch|p1a: Ninetales|Ninetales-Alola, M, shiny|100/100
|switch|p2a: Ogerpon|Ogerpon-Cornerstone, F|100/100
|-weather|Snowscape|[from] ability: Snow Warning|[of] p1a: Ninetales
|turn|1
|
|t:|1743922736
|move|p1a: Ninetales|Blizzard|p2a: Ogerpon
|-supereffective|p2a: Ogerpon
|-crit|p2a: Ogerpon
|-ability|p2a: Ogerpon|Sturdy
|-damage|p2a: Ogerpon|1/100
|move|p2a: Ogerpon|Ivy Cudgel|p1a: Ninetales|[anim] Ivy Cudgel Rock
|-supereffective|p1a: Ninetales
|-damage|p1a: Ninetales|0 fnt
|faint|p1a: Ninetales
|
|-weather|Snowscape|[upkeep]
|upkeep
|
|t:|1743922759
|switch|p1a: Arcanine|Arcanine-Hisui, F|100/100
|turn|2
|
|t:|1743922788
|move|p1a: Arcanine|Extreme Speed|p2a: Ogerpon
|-resisted|p2a: Ogerpon
|-damage|p2a: Ogerpon|0 fnt
|faint|p2a: Ogerpon
|
|-weather|Snowscape|[upkeep]
|upkeep
|
|t:|1743922794
|switch|p2a: Grimmsnarl|Grimmsnarl, M|100/100
|-item|p1a: Arcanine|Choice Band|[from] ability: Frisk|[of] p2a: Grimmsnarl
|turn|3
|
|t:|1743922835
|switch|p1a: Umbreon|Umbreon, M, shiny|100/100
|move|p2a: Grimmsnarl|Crunch|p1a: Umbreon
|-resisted|p1a: Umbreon
|-damage|p1a: Umbreon|83/100
|
|-weather|Snowscape|[upkeep]
|-heal|p1a: Umbreon|89/100|[from] item: Leftovers
|upkeep
|turn|4
|
|t:|1743922848
|move|p1a: Umbreon|Toxic|p2a: Grimmsnarl
|-status|p2a: Grimmsnarl|tox
|move|p2a: Grimmsnarl|Trick|p1a: Umbreon
|-activate|p2a: Grimmsnarl|move: Trick|[of] p1a: Umbreon
|-item|p1a: Umbreon|Lagging Tail|[from] move: Trick
|-item|p2a: Grimmsnarl|Leftovers|[from] move: Trick
|
|-weather|Snowscape|[upkeep]
|-damage|p2a: Grimmsnarl|94/100 tox|[from] psn
|upkeep
|turn|5
|
|t:|1743922866
|switch|p1a: Corviknight|Corviknight, F, shiny|100/100
|-ability|p1a: Corviknight|Pressure
|move|p2a: Grimmsnarl|Spirit Break|p1a: Corviknight
|-resisted|p1a: Corviknight
|-damage|p1a: Corviknight|87/100
|-unboost|p1a: Corviknight|spa|1
|-damage|p2a: Grimmsnarl|78/100 tox|[from] item: Rocky Helmet|[of] p1a: Corviknight
|
|-weather|none
|-heal|p2a: Grimmsnarl|84/100 tox|[from] item: Leftovers
|-damage|p2a: Grimmsnarl|72/100 tox|[from] psn
|upkeep
|turn|6
|
|t:|1743922887
|switch|p2a: Weavile|Weavile, M|100/100
|move|p1a: Corviknight|Body Press|p2a: Weavile
|-supereffective|p2a: Weavile
|-enditem|p2a: Weavile|Focus Sash
|-damage|p2a: Weavile|1/100
|-enditem|p1a: Corviknight|Rocky Helmet|[silent]|[from] ability: Pickpocket|[of] p1a: Corviknight
|-item|p2a: Weavile|Rocky Helmet|[from] ability: Pickpocket|[of] p1a: Corviknight
|
|upkeep
|turn|7
|
|t:|1743922904
|move|p2a: Weavile|Fake Out|p1a: Corviknight
|-resisted|p1a: Corviknight
|-damage|p1a: Corviknight|83/100
|cant|p1a: Corviknight|flinch
|
|upkeep
|turn|8
|
|t:|1743922911
|move|p2a: Weavile|Ice Spinner|p1a: Corviknight
|-damage|p1a: Corviknight|58/100
|move|p1a: Corviknight|Body Press|p2a: Weavile
|-supereffective|p2a: Weavile
|-damage|p2a: Weavile|0 fnt
|-damage|p1a: Corviknight|41/100|[from] item: Rocky Helmet|[of] p2a: Weavile
|faint|p2a: Weavile
|
|upkeep
|
|t:|1743922919
|switch|p2a: Corviknight|Corviknight, F|100/100
|turn|9
|c|☆togethernespresso|dread shed
|c|☆togethernespresso|from minoxidil
|
|t:|1743923016
|move|p2a: Corviknight|Body Press|p1a: Corviknight
|-damage|p1a: Corviknight|27/100
|move|p1a: Corviknight|Roost|p1a: Corviknight
|-heal|p1a: Corviknight|77/100
|-singleturn|p1a: Corviknight|move: Roost
|
|upkeep
|turn|10
|c|☆Dread shed|What
|c|☆togethernespresso|nvmd lol
|
|t:|1743923043
|switch|p1a: Arcanine|Arcanine-Hisui, F|100/100
|move|p2a: Corviknight|Iron Defense|p2a: Corviknight
|-boost|p2a: Corviknight|def|2
|
|upkeep
|turn|11
|
|t:|1743923071
|switch|p2a: Greninja|Greninja, M|100/100
|move|p1a: Arcanine|Flare Blitz|p2a: Greninja
|-resisted|p2a: Greninja
|-damage|p2a: Greninja|31/100
|
|upkeep
|turn|12
|
|t:|1743923083
|switch|p1a: Umbreon|Umbreon, M, shiny|89/100
|move|p2a: Greninja|Water Shuriken|p1a: Umbreon
|-damage|p1a: Umbreon|83/100
|-damage|p1a: Umbreon|78/100
|-damage|p1a: Umbreon|72/100
|-damage|p1a: Umbreon|68/100
|-hitcount|p1a: Umbreon|4
|
|upkeep
|turn|13
|
|t:|1743923097
|move|p2a: Greninja|Water Shuriken|p1a: Umbreon
|-damage|p1a: Umbreon|62/100
|-damage|p1a: Umbreon|57/100
|-hitcount|p1a: Umbreon|2
|move|p1a: Umbreon|Foul Play|p2a: Greninja
|-resisted|p2a: Greninja
|-damage|p2a: Greninja|4/100
|
|upkeep
|turn|14
|
|t:|1743923116
|switch|p2a: Grimmsnarl|Grimmsnarl, M|72/100 tox
|-item|p1a: Umbreon|Lagging Tail|[from] ability: Frisk|[of] p2a: Grimmsnarl
|move|p1a: Umbreon|Foul Play|p2a: Grimmsnarl
|-resisted|p2a: Grimmsnarl
|-damage|p2a: Grimmsnarl|57/100 tox
|
|-heal|p2a: Grimmsnarl|63/100 tox|[from] item: Leftovers
|-damage|p2a: Grimmsnarl|57/100 tox|[from] psn
|upkeep
|turn|15
|
|t:|1743923127
|move|p2a: Grimmsnarl|Spirit Break|p1a: Umbreon
|-supereffective|p1a: Umbreon
|-damage|p1a: Umbreon|0 fnt
|faint|p1a: Umbreon
|
|-heal|p2a: Grimmsnarl|63/100 tox|[from] item: Leftovers
|-damage|p2a: Grimmsnarl|51/100 tox|[from] psn
|upkeep
|
|t:|1743923190
|switch|p1a: Arcanine|Arcanine-Hisui, F|100/100
|turn|16
|
|t:|1743923230
|move|p1a: Arcanine|Head Smash|p2a: Grimmsnarl
|-damage|p2a: Grimmsnarl|0 fnt
|faint|p2a: Grimmsnarl
|
|upkeep
|
|t:|1743923235
|switch|p2a: Dragonite|Dragonite, M|100/100
|turn|17
|
|t:|1743923243
|-terastallize|p2a: Dragonite|Dragon
|move|p1a: Arcanine|Head Smash|p2a: Dragonite
|-damage|p2a: Dragonite|0 fnt
|faint|p2a: Dragonite
|
|upkeep
|
|t:|1743923251
|switch|p2a: Greninja|Greninja, M|4/100
|turn|18
|
|t:|1743923265
|switch|p1a: Corviknight|Corviknight, F, shiny|77/100
|-ability|p1a: Corviknight|Pressure
|move|p2a: Greninja|Water Shuriken|p1a: Corviknight
|-damage|p1a: Corviknight|68/100
|-damage|p1a: Corviknight|58/100
|-damage|p1a: Corviknight|49/100
|-hitcount|p1a: Corviknight|3
|
|upkeep
|turn|19
|
|t:|1743923275
|move|p2a: Greninja|Water Shuriken|p1a: Corviknight
|-damage|p1a: Corviknight|39/100
|-damage|p1a: Corviknight|31/100
|-hitcount|p1a: Corviknight|2
|move|p1a: Corviknight|Body Press|p2a: Greninja
|-supereffective|p2a: Greninja
|-damage|p2a: Greninja|0 fnt
|faint|p2a: Greninja
|
|upkeep
|
|t:|1743923283
|switch|p2a: Corviknight|Corviknight, F|100/100
|turn|20
|
|t:|1743923288
|move|p2a: Corviknight|Iron Defense|p2a: Corviknight
|-boost|p2a: Corviknight|def|2
|move|p1a: Corviknight|Roost|p1a: Corviknight
|-heal|p1a: Corviknight|81/100
|-singleturn|p1a: Corviknight|move: Roost
|
|upkeep
|turn|21
|
|t:|1743923295
|switch|p1a: Articuno|Articuno-Galar, shiny|100/100
|move|p2a: Corviknight|Iron Defense|p2a: Corviknight
|-boost|p2a: Corviknight|def|2
|
|upkeep
|turn|22
|
|t:|1743923307
|move|p1a: Articuno|Future Sight|p2a: Corviknight
|-start|p1a: Articuno|move: Future Sight
|move|p2a: Corviknight|Iron Head|p1a: Articuno
|-damage|p1a: Articuno|72/100
|
|upkeep
|turn|23
|
|t:|1743923312
|move|p1a: Articuno|Freezing Glare|p2a: Corviknight
|-resisted|p2a: Corviknight
|-damage|p2a: Corviknight|77/100
|move|p2a: Corviknight|Iron Head|p1a: Articuno
|-damage|p1a: Articuno|41/100
|
|upkeep
|turn|24
|
|t:|1743923319
|move|p1a: Articuno|Recover|p1a: Articuno
|-heal|p1a: Articuno|92/100
|move|p2a: Corviknight|Iron Head|p1a: Articuno
|-damage|p1a: Articuno|66/100
|
|-end|p2a: Corviknight|move: Future Sight
|-resisted|p2a: Corviknight
|-damage|p2a: Corviknight|46/100
|upkeep
|turn|25
|
|t:|1743923327
|move|p1a: Articuno|Freezing Glare|p2a: Corviknight
|-resisted|p2a: Corviknight
|-damage|p2a: Corviknight|22/100
|move|p2a: Corviknight|Roost|p2a: Corviknight
|-heal|p2a: Corviknight|72/100
|-singleturn|p2a: Corviknight|move: Roost
|
|upkeep
|turn|26
|
|t:|1743923340
|move|p1a: Articuno|Future Sight|p2a: Corviknight
|-start|p1a: Articuno|move: Future Sight
|move|p2a: Corviknight|Iron Head|p1a: Articuno
|-damage|p1a: Articuno|38/100
|
|upkeep
|turn|27
|
|t:|1743923347
|move|p1a: Articuno|Recover|p1a: Articuno
|-heal|p1a: Articuno|88/100
|move|p2a: Corviknight|Iron Head|p1a: Articuno
|-crit|p1a: Articuno
|-damage|p1a: Articuno|43/100
|
|upkeep
|turn|28
|c|☆Dread shed|Btw what were you yaping about
|
|t:|1743923356
|move|p1a: Articuno|Recover|p1a: Articuno
|-heal|p1a: Articuno|93/100
|move|p2a: Corviknight|Iron Head|p1a: Articuno
|-damage|p1a: Articuno|67/100
|
|-end|p2a: Corviknight|move: Future Sight
|-resisted|p2a: Corviknight
|-damage|p2a: Corviknight|41/100
|upkeep
|turn|29
|c|☆togethernespresso|dread shed is a saying used for a medicaion people use for hair loss lol
|
|t:|1743923381
|move|p1a: Articuno|Freezing Glare|p2a: Corviknight
|-resisted|p2a: Corviknight
|-damage|p2a: Corviknight|17/100
|move|p2a: Corviknight|Roost|p2a: Corviknight
|-heal|p2a: Corviknight|67/100
|-singleturn|p2a: Corviknight|move: Roost
|
|upkeep
|turn|30
|c|☆Dread shed|Ok
|
|t:|1743923405
|move|p1a: Articuno|Future Sight|p2a: Corviknight
|-start|p1a: Articuno|move: Future Sight
|move|p2a: Corviknight|Iron Head|p1a: Articuno
|-damage|p1a: Articuno|39/100
|
|upkeep
|turn|31
|
|t:|1743923413
|-terastallize|p1a: Articuno|Psychic
|move|p1a: Articuno|Freezing Glare|p2a: Corviknight
|-resisted|p2a: Corviknight
|-damage|p2a: Corviknight|37/100
|move|p2a: Corviknight|Iron Head|p1a: Articuno
|-damage|p1a: Articuno|11/100
|
|upkeep
|turn|32
|
|t:|1743923421
|move|p1a: Articuno|Freezing Glare|p2a: Corviknight
|-resisted|p2a: Corviknight
|-damage|p2a: Corviknight|7/100
|move|p2a: Corviknight|Iron Head|p1a: Articuno
|-damage|p1a: Articuno|0 fnt
|faint|p1a: Articuno
|
|-end|p2a: Corviknight|move: Future Sight
|-resisted|p2a: Corviknight
|-damage|p2a: Corviknight|0 fnt
|faint|p2a: Corviknight
|
|win|togethernespresso
|raw|togethernespresso's rating: 1147 &rarr; <strong>1168</strong><br />(+21 for winning)
|raw|Dread shed's rating: 1094 &rarr; <strong>1074</strong><br />(-20 for losing)
|l|☆togethernespresso
|player|p1|
|l|☆Dread shed
|player|p2|
