|j|☆ThunderClapYaMama
|j|☆nhg445
|t:|1743834927
|gametype|singles
|player|p1|ThunderClapYaMama|ltsurge|1582
|player|p2|nhg445|cynthia|1617
|teamsize|p1|6
|teamsize|p2|6
|gen|9
|tier|[Gen 9] OU
|rated|
|rule|HP Percentage Mod: HP is shown in percentages
|rule|Endless Battle Clause: Forcing endless battles is banned
|rule|Species Clause: Limit one of each Pokémon
|rule|OHKO Clause: OHKO moves are banned
|rule|Evasion Items Clause: Evasion items are banned
|rule|Evasion Moves Clause: Evasion moves are banned
|rule|Sleep Moves Clause: Sleep-inducing moves are banned
|clearpoke
|poke|p1|Kingambit, F|
|poke|p1|Keldeo-Resolute|
|poke|p1|Great Tusk|
|poke|p1|Clefable, F|
|poke|p1|Darkrai|
|poke|p1|Tornadus-Therian, M|
|poke|p2|Landorus-Therian, M|
|poke|p2|Zamazenta-*|
|poke|p2|Raging Bolt|
|poke|p2|Darkrai|
|poke|p2|Gholdengo|
|poke|p2|Dragonite, F|
|teampreview
|inactive|Battle timer is ON: inactive players will automatically lose when time's up. (requested by nhg445)
|j| Avedaslave
|
|t:|1743834956
|start
|switch|p1a: Tornadus|Tornadus-Therian, M|100/100
|switch|p2a: Darkrai|Darkrai|100/100
|turn|1
|
|t:|1743834966
|move|p2a: Darkrai|Ice Beam|p1a: Tornadus
|-supereffective|p1a: Tornadus
|-damage|p1a: Tornadus|62/100
|move|p1a: Tornadus|U-turn|p2a: Darkrai
|-supereffective|p2a: Darkrai
|-damage|p2a: Darkrai|62/100
|
|t:|1743834979
|switch|p1a: Keldeo|Keldeo-Resolute|100/100|[from] U-turn
|
|upkeep
|turn|2
|
|t:|1743834998
|switch|p2a: Zamazenta|Zamazenta|100/100
|-ability|p2a: Zamazenta|Dauntless Shield|boost
|-boost|p2a: Zamazenta|def|1
|move|p1a: Keldeo|Flip Turn|p2a: Zamazenta
|-damage|p2a: Zamazenta|94/100
|inactive|ThunderClapYaMama has 120 seconds left.
|
|t:|1743835022
|switch|p1a: Great Tusk|Great Tusk|100/100|[from] Flip Turn
|
|-heal|p2a: Zamazenta|99/100|[from] item: Leftovers
|upkeep
|turn|3
|
|t:|1743835032
|move|p2a: Zamazenta|Iron Defense|p2a: Zamazenta
|-boost|p2a: Zamazenta|def|2
|move|p1a: Great Tusk|Knock Off|p2a: Zamazenta
|-resisted|p2a: Zamazenta
|-damage|p2a: Zamazenta|96/100
|-enditem|p2a: Zamazenta|Leftovers|[from] move: Knock Off|[of] p1a: Great Tusk
|
|upkeep
|turn|4
|
|t:|1743835044
|move|p2a: Zamazenta|Body Press|p1a: Great Tusk
|-damage|p1a: Great Tusk|42/100
|-damage|p2a: Zamazenta|79/100|[from] item: Rocky Helmet|[of] p1a: Great Tusk
|move|p1a: Great Tusk|Stealth Rock|p2a: Zamazenta
|-sidestart|p2: nhg445|move: Stealth Rock
|
|upkeep
|turn|5
|
|t:|1743835073
|-end|p1a: Great Tusk|Protosynthesis|[silent]
|switch|p1a: Clefable|Clefable, F|100/100
|move|p2a: Zamazenta|Body Press|p1a: Clefable
|-resisted|p1a: Clefable
|-damage|p1a: Clefable|69/100
|
|-heal|p1a: Clefable|75/100|[from] item: Leftovers
|upkeep
|turn|6
|inactive|nhg445 has 120 seconds left.
|inactive|ThunderClapYaMama has 120 seconds left.
|
|t:|1743835112
|switch|p2a: Gholdengo|Gholdengo|100/100
|-damage|p2a: Gholdengo|94/100|[from] Stealth Rock
|-item|p2a: Gholdengo|Air Balloon
|move|p1a: Clefable|Moonblast|p2a: Gholdengo
|-resisted|p2a: Gholdengo
|-damage|p2a: Gholdengo|80/100
|-unboost|p2a: Gholdengo|spa|1
|-enditem|p2a: Gholdengo|Air Balloon
|
|-heal|p1a: Clefable|81/100|[from] item: Leftovers
|upkeep
|turn|7
|inactive|ThunderClapYaMama has 120 seconds left.
|
|t:|1743835119
|switch|p1a: Darkrai|Darkrai, shiny|100/100
|move|p2a: Gholdengo|Make It Rain|p1a: Darkrai
|-damage|p1a: Darkrai|62/100
|-unboost|p2a: Gholdengo|spa|1
|
|-heal|p1a: Darkrai|68/100|[from] item: Leftovers
|upkeep
|turn|8
|inactive|ThunderClapYaMama has 120 seconds left.
|
|t:|1743835135
|switch|p2a: Darkrai|Darkrai|62/100
|move|p1a: Darkrai|Sludge Bomb|p2a: Darkrai
|-damage|p2a: Darkrai|25/100
|-status|p2a: Darkrai|psn
|
|-heal|p1a: Darkrai|74/100|[from] item: Leftovers
|-damage|p2a: Darkrai|12/100 psn|[from] psn
|upkeep
|turn|9
|inactive|ThunderClapYaMama has 120 seconds left.
|
|t:|1743835146
|switch|p1a: Tornadus|Tornadus-Therian, M|95/100
|move|p2a: Darkrai|Will-O-Wisp|p1a: Tornadus
|-status|p1a: Tornadus|brn
|
|-damage|p2a: Darkrai|0 fnt|[from] psn
|faint|p2a: Darkrai
|-damage|p1a: Tornadus|89/100 brn|[from] brn
|upkeep
|
|t:|1743835152
|switch|p2a: Raging Bolt|Raging Bolt|100/100
|-damage|p2a: Raging Bolt|88/100|[from] Stealth Rock
|-enditem|p2a: Raging Bolt|Booster Energy
|-activate|p2a: Raging Bolt|ability: Protosynthesis|[fromitem]
|-start|p2a: Raging Bolt|protosynthesisspa
|turn|10
|
|t:|1743835158
|move|p1a: Tornadus|U-turn|p2a: Raging Bolt
|-damage|p2a: Raging Bolt|81/100
|
|t:|1743835161
|switch|p1a: Great Tusk|Great Tusk|42/100|[from] U-turn
|move|p2a: Raging Bolt|Thunderbolt|p1a: Great Tusk
|-immune|p1a: Great Tusk
|
|upkeep
|turn|11
|
|t:|1743835166
|-terastallize|p2a: Raging Bolt|Fairy
|move|p1a: Great Tusk|Headlong Rush|p2a: Raging Bolt
|-damage|p2a: Raging Bolt|27/100
|-unboost|p1a: Great Tusk|def|1
|-unboost|p1a: Great Tusk|spd|1
|move|p2a: Raging Bolt|Dragon Pulse|p1a: Great Tusk
|-damage|p1a: Great Tusk|0 fnt
|faint|p1a: Great Tusk
|-end|p1a: Great Tusk|Protosynthesis|[silent]
|
|upkeep
|
|t:|1743835173
|switch|p1a: Darkrai|Darkrai, shiny|74/100
|turn|12
|
|t:|1743835175
|move|p2a: Raging Bolt|Thunderclap|p1a: Darkrai
|-damage|p1a: Darkrai|20/100
|move|p1a: Darkrai|Sludge Bomb|p2a: Raging Bolt
|-supereffective|p2a: Raging Bolt
|-damage|p2a: Raging Bolt|0 fnt
|faint|p2a: Raging Bolt
|-end|p2a: Raging Bolt|Protosynthesis|[silent]
|
|-heal|p1a: Darkrai|26/100|[from] item: Leftovers
|upkeep
|
|t:|1743835184
|switch|p2a: Dragonite|Dragonite, F|100/100
|turn|13
|
|t:|1743835191
|move|p2a: Dragonite|Extreme Speed|p1a: Darkrai
|-damage|p1a: Darkrai|0 fnt
|faint|p1a: Darkrai
|
|upkeep
|
|t:|1743835199
|switch|p1a: Clefable|Clefable, F|81/100
|turn|14
|
|t:|1743835204
|switch|p2a: Gholdengo|Gholdengo|80/100
|-damage|p2a: Gholdengo|74/100|[from] Stealth Rock
|move|p1a: Clefable|Moonblast|p2a: Gholdengo
|-resisted|p2a: Gholdengo
|-damage|p2a: Gholdengo|59/100
|
|-heal|p1a: Clefable|87/100|[from] item: Leftovers
|upkeep
|turn|15
|
|t:|1743835209
|switch|p1a: Tornadus|Tornadus-Therian, M|100/100 brn
|move|p2a: Gholdengo|Nasty Plot|p2a: Gholdengo
|-boost|p2a: Gholdengo|spa|2
|
|-damage|p1a: Tornadus|94/100 brn|[from] brn
|upkeep
|turn|16
|
|t:|1743835213
|move|p1a: Tornadus|Heat Wave|p2a: Gholdengo
|-supereffective|p2a: Gholdengo
|-damage|p2a: Gholdengo|12/100
|move|p2a: Gholdengo|Recover|p2a: Gholdengo
|-heal|p2a: Gholdengo|62/100
|
|-damage|p1a: Tornadus|88/100 brn|[from] brn
|upkeep
|turn|17
|
|t:|1743835219
|move|p1a: Tornadus|Heat Wave|p2a: Gholdengo|[miss]
|-miss|p1a: Tornadus|p2a: Gholdengo
|move|p2a: Gholdengo|Make It Rain|p1a: Tornadus
|-damage|p1a: Tornadus|22/100 brn
|-unboost|p2a: Gholdengo|spa|1
|
|-damage|p1a: Tornadus|16/100 brn|[from] brn
|upkeep
|turn|18
|
|t:|1743835222
|move|p1a: Tornadus|Heat Wave|p2a: Gholdengo|[miss]
|-miss|p1a: Tornadus|p2a: Gholdengo
|move|p2a: Gholdengo|Shadow Ball|p1a: Tornadus
|-damage|p1a: Tornadus|0 fnt
|faint|p1a: Tornadus
|
|upkeep
|
|t:|1743835227
|switch|p1a: Kingambit|Kingambit, F|100/100
|-activate|p1a: Kingambit|ability: Supreme Overlord
|-start|p1a: Kingambit|fallen3|[silent]
|turn|19
|
|t:|1743835231
|switch|p2a: Zamazenta|Zamazenta|79/100
|-damage|p2a: Zamazenta|73/100|[from] Stealth Rock
|move|p1a: Kingambit|Kowtow Cleave|p2a: Zamazenta
|-resisted|p2a: Zamazenta
|-damage|p2a: Zamazenta|46/100
|
|upkeep
|turn|20
|
|t:|1743835244
|-end|p1a: Kingambit|fallen3|[silent]
|switch|p1a: Clefable|Clefable, F|87/100
|move|p2a: Zamazenta|Body Press|p1a: Clefable
|-resisted|p1a: Clefable
|-damage|p1a: Clefable|75/100
|
|-heal|p1a: Clefable|81/100|[from] item: Leftovers
|upkeep
|turn|21
|
|t:|1743835249
|switch|p2a: Landorus|Landorus-Therian, M|100/100
|-damage|p2a: Landorus|88/100|[from] Stealth Rock
|-ability|p2a: Landorus|Intimidate|boost
|-unboost|p1a: Clefable|atk|1
|move|p1a: Clefable|Calm Mind|p1a: Clefable
|-boost|p1a: Clefable|spa|1
|-boost|p1a: Clefable|spd|1
|
|-heal|p1a: Clefable|87/100|[from] item: Leftovers
|upkeep
|turn|22
|
|t:|1743835254
|move|p2a: Landorus|Taunt|p1a: Clefable
|-start|p1a: Clefable|move: Taunt
|move|p1a: Clefable|Moonblast|p2a: Landorus
|-damage|p2a: Landorus|34/100
|-unboost|p2a: Landorus|spa|1
|
|-heal|p1a: Clefable|94/100|[from] item: Leftovers
|upkeep
|turn|23
|
|t:|1743835258
|move|p2a: Landorus|Stealth Rock|p1a: Clefable
|-sidestart|p1: ThunderClapYaMama|move: Stealth Rock
|move|p1a: Clefable|Moonblast|p2a: Landorus
|-damage|p2a: Landorus|0 fnt
|faint|p2a: Landorus
|
|-heal|p1a: Clefable|99/100|[from] item: Leftovers
|upkeep
|
|t:|1743835267
|switch|p2a: Gholdengo|Gholdengo|62/100
|-damage|p2a: Gholdengo|56/100|[from] Stealth Rock
|turn|24
|
|t:|1743835272
|switch|p1a: Kingambit|Kingambit, F|100/100
|-damage|p1a: Kingambit|94/100|[from] Stealth Rock
|-activate|p1a: Kingambit|ability: Supreme Overlord
|-start|p1a: Kingambit|fallen3|[silent]
|move|p2a: Gholdengo|Make It Rain|p1a: Kingambit
|-resisted|p1a: Kingambit
|-damage|p1a: Kingambit|68/100
|-unboost|p2a: Gholdengo|spa|1
|
|upkeep
|turn|25
|
|t:|1743835283
|switch|p2a: Zamazenta|Zamazenta|46/100
|-damage|p2a: Zamazenta|40/100|[from] Stealth Rock
|move|p1a: Kingambit|Iron Head|p2a: Zamazenta
|-damage|p2a: Zamazenta|0 fnt
|faint|p2a: Zamazenta
|
|upkeep
|
|t:|1743835285
|switch|p2a: Dragonite|Dragonite, F|100/100
|turn|26
|
|t:|1743835296
|move|p2a: Dragonite|Dragon Dance|p2a: Dragonite
|-boost|p2a: Dragonite|atk|1
|-boost|p2a: Dragonite|spe|1
|move|p1a: Kingambit|Kowtow Cleave|p2a: Dragonite
|-damage|p2a: Dragonite|59/100
|
|upkeep
|turn|27
|
|t:|1743835307
|-terastallize|p1a: Kingambit|Dark
|move|p2a: Dragonite|Earthquake|p1a: Kingambit
|-damage|p1a: Kingambit|24/100
|move|p1a: Kingambit|Kowtow Cleave|p2a: Dragonite
|-damage|p2a: Dragonite|0 fnt
|faint|p2a: Dragonite
|
|upkeep
|-message|nhg445 forfeited.
|
|win|ThunderClapYaMama
|raw|ThunderClapYaMama's rating: 1582 &rarr; <strong>1603</strong><br />(+21 for winning)
|raw|nhg445's rating: 1593 &rarr; <strong>1572</strong><br />(-21 for losing)
|l|☆nhg445
|player|p2|
|l|☆ThunderClapYaMama
|player|p1|
