|j|☆TomHP
|j|☆UncleShannon
|t:|1743871043
|gametype|singles
|player|p1|TomHP|266|1460
|player|p2|UncleShannon|2|1501
|teamsize|p1|6
|teamsize|p2|6
|gen|9
|tier|[Gen 9] OU
|rated|
|rule|HP Percentage Mod: HP is shown in percentages
|rule|Endless Battle Clause: Forcing endless battles is banned
|rule|Species Clause: Limit one of each Pokémon
|rule|OHKO Clause: OHKO moves are banned
|rule|Evasion Items Clause: Evasion items are banned
|rule|Evasion Moves Clause: Evasion moves are banned
|rule|Sleep Moves Clause: Sleep-inducing moves are banned
|clearpoke
|poke|p1|Great Tusk|
|poke|p1|Dragapult, M|
|poke|p1|Cinderace, F|
|poke|p1|Kingambit, F|
|poke|p1|Dondozo, M|
|poke|p1|Corviknight, M|
|poke|p2|Torkoal, F|
|poke|p2|Great Tusk|
|poke|p2|Slither Wing|
|poke|p2|Venusaur, M|
|poke|p2|Walking Wake|
|poke|p2|Heatran, M|
|teampreview
|inactive|Battle timer is ON: inactive players will automatically lose when time's up. (requested by TomHP)
|c|☆UncleShannon|Hf
|inactive|TomHP has 120 seconds left.
|inactive|UncleShannon has 120 seconds left.
|
|t:|1743871108
|start
|switch|p1a: Great Tusk|Great Tusk|100/100
|switch|p2a: Torkoal|Torkoal, F|100/100
|-weather|SunnyDay|[from] ability: Drought|[of] p2a: Torkoal
|-activate|p1a: Great Tusk|ability: Protosynthesis
|-start|p1a: Great Tusk|protosynthesisspe
|turn|1
|
|t:|1743871120
|switch|p2a: Walking Wake|Walking Wake|100/100
|-activate|p2a: Walking Wake|ability: Protosynthesis
|-start|p2a: Walking Wake|protosynthesisspe
|move|p1a: Great Tusk|Headlong Rush|p2a: Walking Wake
|-damage|p2a: Walking Wake|48/100
|-unboost|p1a: Great Tusk|def|1
|-unboost|p1a: Great Tusk|spd|1
|
|-weather|SunnyDay|[upkeep]
|upkeep
|turn|2
|
|t:|1743871148
|-end|p1a: Great Tusk|Protosynthesis|[silent]
|switch|p1a: Dondozo|Dondozo, M|100/100
|move|p2a: Walking Wake|Hydro Steam|p1a: Dondozo
|-resisted|p1a: Dondozo
|-damage|p1a: Dondozo|58/100
|
|-weather|SunnyDay|[upkeep]
|-heal|p1a: Dondozo|64/100|[from] item: Leftovers
|upkeep
|turn|3
|inactive|TomHP has 120 seconds left.
|
|t:|1743871193
|switch|p1a: Corviknight|Corviknight, M|100/100
|-ability|p1a: Corviknight|Pressure
|move|p2a: Walking Wake|Hydro Steam|p1a: Corviknight
|-damage|p1a: Corviknight|10/100
|
|-weather|SunnyDay|[upkeep]
|-heal|p1a: Corviknight|17/100|[from] item: Leftovers
|upkeep
|turn|4
|
|t:|1743871201
|move|p2a: Walking Wake|Hydro Steam|p1a: Corviknight
|-damage|p1a: Corviknight|0 fnt
|faint|p1a: Corviknight
|
|-weather|SunnyDay|[upkeep]
|upkeep
|
|t:|1743871215
|switch|p1a: Kingambit|Kingambit, F|100/100
|-activate|p1a: Kingambit|ability: Supreme Overlord
|-start|p1a: Kingambit|fallen1|[silent]
|turn|5
|
|t:|1743871219
|-end|p2a: Walking Wake|Protosynthesis|[silent]
|switch|p2a: Slither Wing|Slither Wing|100/100
|-activate|p2a: Slither Wing|ability: Protosynthesis
|-start|p2a: Slither Wing|protosynthesisatk
|move|p1a: Kingambit|Sucker Punch||[still]
|-fail|p1a: Kingambit
|
|-weather|SunnyDay|[upkeep]
|upkeep
|turn|6
|
|t:|1743871235
|-end|p1a: Kingambit|fallen1|[silent]
|switch|p1a: Cinderace|Cinderace, F|100/100
|move|p2a: Slither Wing|U-turn|p1a: Cinderace
|-resisted|p1a: Cinderace
|-damage|p1a: Cinderace|70/100
|
|t:|1743871238
|-end|p2a: Slither Wing|Protosynthesis|[silent]
|switch|p2a: Walking Wake|Walking Wake|48/100|[from] U-turn
|-activate|p2a: Walking Wake|ability: Protosynthesis
|-start|p2a: Walking Wake|protosynthesisspe
|
|-weather|SunnyDay|[upkeep]
|upkeep
|turn|7
|
|t:|1743871255
|move|p2a: Walking Wake|Hydro Steam|p1a: Cinderace
|-supereffective|p1a: Cinderace
|-damage|p1a: Cinderace|0 fnt
|faint|p1a: Cinderace
|
|-weather|SunnyDay|[upkeep]
|upkeep
|
|t:|1743871261
|switch|p1a: Kingambit|Kingambit, F|100/100
|-activate|p1a: Kingambit|ability: Supreme Overlord
|-start|p1a: Kingambit|fallen2|[silent]
|turn|8
|
|t:|1743871273
|-end|p2a: Walking Wake|Protosynthesis|[silent]
|switch|p2a: Great Tusk|Great Tusk|100/100
|-activate|p2a: Great Tusk|ability: Protosynthesis
|-start|p2a: Great Tusk|protosynthesisspe
|move|p1a: Kingambit|Kowtow Cleave|p2a: Great Tusk
|-resisted|p2a: Great Tusk
|-damage|p2a: Great Tusk|83/100
|
|-weather|none
|-end|p2a: Great Tusk|Protosynthesis
|upkeep
|turn|9
|
|t:|1743871284
|-end|p1a: Kingambit|fallen2|[silent]
|switch|p1a: Great Tusk|Great Tusk|100/100
|move|p2a: Great Tusk|Earthquake|p1a: Great Tusk
|-damage|p1a: Great Tusk|71/100
|
|upkeep
|turn|10
|
|t:|1743871291
|move|p2a: Great Tusk|Bulk Up|p2a: Great Tusk
|-boost|p2a: Great Tusk|atk|1
|-boost|p2a: Great Tusk|def|1
|move|p1a: Great Tusk|Stealth Rock|p2a: Great Tusk
|-sidestart|p2: UncleShannon|move: Stealth Rock
|
|upkeep
|turn|11
|
|t:|1743871298
|-end|p1a: Great Tusk|Protosynthesis|[silent]
|switch|p1a: Dragapult|Dragapult, M|100/100
|move|p2a: Great Tusk|Earthquake|p1a: Dragapult
|-damage|p1a: Dragapult|17/100
|
|upkeep
|turn|12
|inactive|TomHP has 120 seconds left.
|
|t:|1743871305
|-end|p2a: Great Tusk|Protosynthesis|[silent]
|switch|p2a: Heatran|Heatran, M|100/100
|-damage|p2a: Heatran|88/100|[from] Stealth Rock
|-item|p2a: Heatran|Air Balloon
|move|p1a: Dragapult|Dragon Darts|p2a: Heatran
|-resisted|p2a: Heatran
|-damage|p2a: Heatran|71/100
|-enditem|p2a: Heatran|Air Balloon
|-anim|p1a: Dragapult|Dragon Darts|p2a: Heatran
|-resisted|p2a: Heatran
|-damage|p2a: Heatran|57/100
|
|upkeep
|turn|13
|inactive|TomHP has 120 seconds left.
|
|t:|1743871319
|switch|p1a: Great Tusk|Great Tusk|71/100
|move|p2a: Heatran|Earth Power|p1a: Great Tusk
|-damage|p1a: Great Tusk|32/100
|
|upkeep
|turn|14
|
|t:|1743871329
|switch|p2a: Great Tusk|Great Tusk|83/100
|-damage|p2a: Great Tusk|80/100|[from] Stealth Rock
|move|p1a: Great Tusk|Headlong Rush|p2a: Great Tusk
|-damage|p2a: Great Tusk|46/100
|-unboost|p1a: Great Tusk|def|1
|-unboost|p1a: Great Tusk|spd|1
|
|upkeep
|turn|15
|
|t:|1743871343
|-end|p1a: Great Tusk|Protosynthesis|[silent]
|switch|p1a: Dondozo|Dondozo, M|64/100
|move|p2a: Great Tusk|Earthquake|p1a: Dondozo
|-damage|p1a: Dondozo|45/100
|
|-heal|p1a: Dondozo|51/100|[from] item: Leftovers
|upkeep
|turn|16
|
|t:|1743871349
|move|p2a: Great Tusk|Rapid Spin|p1a: Dondozo
|-damage|p1a: Dondozo|46/100
|-boost|p2a: Great Tusk|spe|1
|-sideend|p2: UncleShannon|Stealth Rock|[from] move: Rapid Spin|[of] p2a: Great Tusk
|move|p1a: Dondozo|Curse|p1a: Dondozo
|-unboost|p1a: Dondozo|spe|1
|-boost|p1a: Dondozo|atk|1
|-boost|p1a: Dondozo|def|1
|
|-heal|p1a: Dondozo|52/100|[from] item: Leftovers
|upkeep
|turn|17
|
|t:|1743871355
|-end|p2a: Great Tusk|Protosynthesis|[silent]
|switch|p2a: Torkoal|Torkoal, F|100/100
|-weather|SunnyDay|[from] ability: Drought|[of] p2a: Torkoal
|move|p1a: Dondozo|Curse|p1a: Dondozo
|-unboost|p1a: Dondozo|spe|1
|-boost|p1a: Dondozo|atk|1
|-boost|p1a: Dondozo|def|1
|
|-weather|SunnyDay|[upkeep]
|-heal|p1a: Dondozo|58/100|[from] item: Leftovers
|upkeep
|turn|18
|
|t:|1743871364
|switch|p2a: Venusaur|Venusaur, M|100/100
|move|p1a: Dondozo|Waterfall|p2a: Venusaur
|-resisted|p2a: Venusaur
|-damage|p2a: Venusaur|84/100
|
|-weather|SunnyDay|[upkeep]
|-heal|p1a: Dondozo|64/100|[from] item: Leftovers
|upkeep
|turn|19
|
|t:|1743871375
|switch|p1a: Kingambit|Kingambit, F|100/100
|-activate|p1a: Kingambit|ability: Supreme Overlord
|-start|p1a: Kingambit|fallen2|[silent]
|move|p2a: Venusaur|Growth|p2a: Venusaur
|-boost|p2a: Venusaur|atk|2
|-boost|p2a: Venusaur|spa|2
|
|-weather|SunnyDay|[upkeep]
|upkeep
|turn|20
|
|t:|1743871385
|move|p2a: Venusaur|Weather Ball|p1a: Kingambit
|-supereffective|p1a: Kingambit
|-damage|p1a: Kingambit|0 fnt
|faint|p1a: Kingambit
|-end|p1a: Kingambit|fallen2|[silent]
|-damage|p2a: Venusaur|74/100|[from] item: Life Orb
|
|-weather|SunnyDay|[upkeep]
|upkeep
|l|☆TomHP
|inactive|TomHP disconnected and has a minute to reconnect!
|player|p1|
|c|☆UncleShannon|Gg?
|inactive|TomHP has 30 seconds to reconnect!
|inactive|TomHP has 20 seconds to reconnect!
|inactive|TomHP has 15 seconds to reconnect!
|inactive|TomHP has 10 seconds to reconnect!
|inactive|TomHP has 5 seconds to reconnect!
|-message|TomHP lost due to inactivity.
|
|win|UncleShannon
|raw|TomHP's rating: 1460 &rarr; <strong>1442</strong><br />(-18 for losing)
|raw|UncleShannon's rating: 1501 &rarr; <strong>1519</strong><br />(+18 for winning)
|l|☆UncleShannon
|player|p2|
