|j|☆Clauzkops13
|j|☆DracoAxel
|t:|1743804118
|gametype|singles
|player|p1|Clauzkops13|102|
|player|p2|DracoAxel|adaman-masters|
|teamsize|p1|6
|teamsize|p2|6
|gen|9
|tier|[Gen 9] OU
|rule|HP Percentage Mod: HP is shown in percentages
|rule|Endless Battle Clause: Forcing endless battles is banned
|rule|Species Clause: Limit one of each Pokémon
|rule|OHKO Clause: OHKO moves are banned
|rule|Evasion Items Clause: Evasion items are banned
|rule|Evasion Moves Clause: Evasion moves are banned
|rule|Sleep Moves Clause: Sleep-inducing moves are banned
|clearpoke
|poke|p1|Gliscor, F|
|poke|p1|Cramorant, F|
|poke|p1|Ogerpon-Cornerstone, F|
|poke|p1|Munkidori, M|
|poke|p1|Trevenant, F|
|poke|p1|Ribombee, M|
|poke|p2|Gliscor, F|
|poke|p2|Chandelure, M|
|poke|p2|Empoleon, M|
|poke|p2|Ariados, F|
|poke|p2|Infernape, M|
|poke|p2|Snorlax, F|
|teampreview
|
|t:|1743804131
|start
|switch|p1a: Ogerpon|Ogerpon-Cornerstone, F|100/100
|switch|p2a: Ariados|Ariados, F|100/100
|turn|1
|
|t:|1743804136
|move|p1a: Ogerpon|Ivy Cudgel|p2a: Ariados|[anim] Ivy Cudgel Rock
|-supereffective|p2a: Ariados
|-enditem|p2a: Ariados|Focus Sash
|-damage|p2a: Ariados|1/100
|move|p2a: Ariados|Sticky Web|p1a: Ogerpon
|-sidestart|p1: Clauzkops13|move: Sticky Web
|
|upkeep
|turn|2
|
|t:|1743804146
|move|p1a: Ogerpon|Spiky Shield|p1a: Ogerpon
|-singleturn|p1a: Ogerpon|move: Protect
|move|p2a: Ariados|Sucker Punch||[still]
|-fail|p2a: Ariados
|
|upkeep
|turn|3
|
|t:|1743804149
|move|p2a: Ariados|Sucker Punch||[still]
|-fail|p2a: Ariados
|move|p1a: Ogerpon|Encore|p2a: Ariados
|-start|p2a: Ariados|Encore
|
|upkeep
|turn|4
|
|t:|1743804164
|switch|p2a: Infernape|Infernape, M|100/100
|move|p1a: Ogerpon|Swords Dance|p1a: Ogerpon
|-boost|p1a: Ogerpon|atk|2
|
|upkeep
|turn|5
|
|t:|1743804168
|move|p1a: Ogerpon|Spiky Shield|p1a: Ogerpon
|-singleturn|p1a: Ogerpon|move: Protect
|move|p2a: Infernape|Close Combat|p1a: Ogerpon
|-activate|p1a: Ogerpon|move: Protect
|-damage|p2a: Infernape|88/100|[from] Spiky Shield|[of] p1a: Ogerpon
|
|upkeep
|turn|6
|j| S.daninja
|
|t:|1743804202
|move|p2a: Infernape|Mach Punch|p1a: Ogerpon
|-supereffective|p1a: Ogerpon
|-damage|p1a: Ogerpon|41/100
|move|p1a: Ogerpon|Ivy Cudgel|p2a: Infernape|[anim] Ivy Cudgel Rock
|-damage|p2a: Infernape|0 fnt
|faint|p2a: Infernape
|
|upkeep
|
|t:|1743804211
|switch|p2a: Chandelure|Chandelure, M|100/100
|turn|7
|
|t:|1743804217
|move|p1a: Ogerpon|Spiky Shield|p1a: Ogerpon
|-singleturn|p1a: Ogerpon|move: Protect
|move|p2a: Chandelure|Shadow Ball|p1a: Ogerpon
|-activate|p1a: Ogerpon|move: Protect
|
|upkeep
|turn|8
|c| S.daninja|El combate comienza con ventaja par clauz
|
|t:|1743804224
|move|p2a: Chandelure|Shadow Ball|p1a: Ogerpon
|-damage|p1a: Ogerpon|0 fnt
|faint|p1a: Ogerpon
|
|upkeep
|
|t:|1743804233
|switch|p1a: Munkidori|Munkidori, M|100/100
|-activate|p1a: Munkidori|move: Sticky Web
|-unboost|p1a: Munkidori|spe|1
|turn|9
|c| S.daninja|Clauz recupera terreno
|c|☆Clauzkops13|Hay tera aún?
|c| S.daninja|No
|c| S.daninja|Jueguen como hombres
|c|☆Clauzkops13|Cómo que no pipipipipi
|c| S.daninja|Bueno si
|c|☆DracoAxel|Goood no había puesto tera
|c|☆DracoAxel|Putamadre
|
|t:|1743804276
|switch|p2a: Ariados|Ariados, F|1/100
|-terastallize|p1a: Munkidori|Normal
|move|p1a: Munkidori|Shadow Ball|p2a: Ariados
|-damage|p2a: Ariados|0 fnt
|faint|p2a: Ariados
|
|upkeep
|c|☆DracoAxel|No puse tera.aika el team lo acabo de hacer
|c| S.daninja|Nunca dije que no había a si que esta bien
|c|☆Clauzkops13|Xdxdxdxdxdxd
|c| S.daninja|Eres un pendejo Draco
|
|t:|1743804291
|switch|p2a: Empoleon|Empoleon, M|100/100
|turn|10
|
|t:|1743804297
|switch|p1a: Trevenant|Trevenant, F, shiny|100/100
|-activate|p1a: Trevenant|move: Sticky Web
|-unboost|p1a: Trevenant|spe|1
|move|p2a: Empoleon|Agility|p2a: Empoleon
|-boost|p2a: Empoleon|spe|2
|
|upkeep
|turn|11
|
|t:|1743804300
|move|p2a: Empoleon|Flash Cannon|p1a: Trevenant
|-damage|p1a: Trevenant|73/100
|move|p1a: Trevenant|Leech Seed|p2a: Empoleon|[miss]
|-miss|p1a: Trevenant|p2a: Empoleon
|
|upkeep
|turn|12
|c|☆Clauzkops13|Se salvó
|
|t:|1743804326
|move|p2a: Empoleon|Flash Cannon|p1a: Trevenant
|-damage|p1a: Trevenant|47/100
|-enditem|p1a: Trevenant|Sitrus Berry|[eat]
|-heal|p1a: Trevenant|72/100|[from] item: Sitrus Berry
|move|p1a: Trevenant|Leech Seed|p2a: Empoleon
|-start|p2a: Empoleon|move: Leech Seed
|
|-damage|p2a: Empoleon|88/100|[from] Leech Seed|[of] p1a: Trevenant
|-heal|p1a: Trevenant|83/100|[silent]
|-item|p1a: Trevenant|Sitrus Berry|[from] ability: Harvest
|upkeep
|turn|13
|
|t:|1743804335
|switch|p2a: Chandelure|Chandelure, M|100/100
|move|p1a: Trevenant|Substitute|p1a: Trevenant
|-start|p1a: Trevenant|Substitute
|-damage|p1a: Trevenant|58/100
|
|upkeep
|turn|14
|
|t:|1743804338
|move|p2a: Chandelure|Flamethrower|p1a: Trevenant
|-supereffective|p1a: Trevenant
|-damage|p1a: Trevenant|0 fnt
|faint|p1a: Trevenant
|
|upkeep
|c|☆Clauzkops13|Ay wey
|c| S.daninja|Uuuuu
|
|t:|1743804350
|switch|p1a: Cramorant|Cramorant, F|100/100
|turn|15
|
|t:|1743804356
|switch|p2a: Empoleon|Empoleon, M|88/100
|move|p1a: Cramorant|Surf|p2a: Empoleon
|-formechange|p1a: Cramorant|Cramorant-Gulping|
|-resisted|p2a: Empoleon
|-damage|p2a: Empoleon|71/100
|
|upkeep
|turn|16
|c| S.daninja|Y ese counter Draco?
|c| S.daninja|Draco pegaleee
|c| S.daninja|Draco pegaleeee
|
|t:|1743804372
|move|p1a: Cramorant|Surf|p2a: Empoleon
|-resisted|p2a: Empoleon
|-damage|p2a: Empoleon|54/100
|move|p2a: Empoleon|Agility|p2a: Empoleon
|-boost|p2a: Empoleon|spe|2
|
|upkeep
|turn|17
|c|☆DracoAxel|Cuál counter
|c| S.daninja|Pegaleeeee
|
|t:|1743804382
|move|p1a: Cramorant|Surf|p2a: Empoleon
|-resisted|p2a: Empoleon
|-damage|p2a: Empoleon|36/100
|move|p2a: Empoleon|Surf|p1a: Cramorant
|-resisted|p1a: Cramorant
|-damage|p1a: Cramorant|73/100
|-damage|p2a: Empoleon|11/100|[from] ability: Gulp Missile|[of] p1a: Cramorant
|-unboost|p2a: Empoleon|def|1
|-ability|p2a: Empoleon|Competitive|boost
|-boost|p2a: Empoleon|spa|2
|-formechange|p1a: Cramorant|Cramorant|
|
|upkeep
|turn|18
|c| S.daninja|Pegaleeeeeee
|c| S.daninja|Espera
|
|t:|1743804397
|move|p2a: Empoleon|Vacuum Wave|p1a: Cramorant
|-resisted|p1a: Cramorant
|-damage|p1a: Cramorant|57/100
|move|p1a: Cramorant|Surf|p2a: Empoleon
|-formechange|p1a: Cramorant|Cramorant-Gulping|
|-resisted|p2a: Empoleon
|-damage|p2a: Empoleon|0 fnt
|faint|p2a: Empoleon
|
|upkeep
|c| S.daninja|Porque eres tan lento...
|
|t:|1743804404
|switch|p2a: Snorlax|Snorlax, F|100/100
|turn|19
|
|t:|1743804410
|switch|p1a: Gliscor|Gliscor, F|100/100
|move|p2a: Snorlax|Curse|p2a: Snorlax
|-unboost|p2a: Snorlax|spe|1
|-boost|p2a: Snorlax|atk|1
|-boost|p2a: Snorlax|def|1
|
|-status|p1a: Gliscor|tox|[from] item: Toxic Orb
|upkeep
|turn|20
|
|t:|1743804413
|move|p1a: Gliscor|Swords Dance|p1a: Gliscor
|-boost|p1a: Gliscor|atk|2
|move|p2a: Snorlax|Body Slam|p1a: Gliscor
|-damage|p1a: Gliscor|59/100 tox
|
|-heal|p1a: Gliscor|71/100 tox|[from] ability: Poison Heal
|upkeep
|turn|21
|
|t:|1743804419
|move|p1a: Gliscor|Dual Wingbeat|p2a: Snorlax
|-damage|p2a: Snorlax|85/100
|-damage|p2a: Snorlax|69/100
|-hitcount|p2a: Snorlax|2
|move|p2a: Snorlax|Curse|p2a: Snorlax
|-unboost|p2a: Snorlax|spe|1
|-boost|p2a: Snorlax|atk|1
|-boost|p2a: Snorlax|def|1
|
|-heal|p2a: Snorlax|75/100|[from] item: Leftovers
|-heal|p1a: Gliscor|84/100 tox|[from] ability: Poison Heal
|upkeep
|turn|22
|c| S.daninja|Metele su ice punch
|
|t:|1743804426
|move|p1a: Gliscor|Swords Dance|p1a: Gliscor
|-boost|p1a: Gliscor|atk|2
|move|p2a: Snorlax|Body Slam|p1a: Gliscor
|-damage|p1a: Gliscor|29/100 tox
|
|-heal|p2a: Snorlax|82/100|[from] item: Leftovers
|-heal|p1a: Gliscor|41/100 tox|[from] ability: Poison Heal
|upkeep
|turn|23
|
|t:|1743804432
|move|p1a: Gliscor|Protect|p1a: Gliscor
|-singleturn|p1a: Gliscor|Protect
|move|p2a: Snorlax|Body Slam|p1a: Gliscor
|-activate|p1a: Gliscor|move: Protect
|
|-heal|p2a: Snorlax|88/100|[from] item: Leftovers
|-heal|p1a: Gliscor|54/100 tox|[from] ability: Poison Heal
|upkeep
|turn|24
|
|t:|1743804435
|move|p1a: Gliscor|Dual Wingbeat|p2a: Snorlax
|-damage|p2a: Snorlax|71/100
|-damage|p2a: Snorlax|53/100
|-hitcount|p2a: Snorlax|2
|move|p2a: Snorlax|Body Slam|p1a: Gliscor
|-damage|p1a: Gliscor|0 fnt
|faint|p1a: Gliscor
|
|-heal|p2a: Snorlax|59/100|[from] item: Leftovers
|upkeep
|
|t:|1743804440
|switch|p1a: Ribombee|Ribombee, M|100/100
|-activate|p1a: Ribombee|move: Sticky Web
|-unboost|p1a: Ribombee|spe|1
|turn|25
|
|t:|1743804444
|move|p1a: Ribombee|Stun Spore|p2a: Snorlax|[miss]
|-miss|p1a: Ribombee|p2a: Snorlax
|move|p2a: Snorlax|Fire Punch|p1a: Ribombee
|-supereffective|p1a: Ribombee
|-enditem|p1a: Ribombee|Focus Sash
|-damage|p1a: Ribombee|1/100
|
|-heal|p2a: Snorlax|65/100|[from] item: Leftovers
|upkeep
|turn|26
|
|t:|1743804448
|move|p1a: Ribombee|Stun Spore|p2a: Snorlax
|-status|p2a: Snorlax|par
|move|p2a: Snorlax|Fire Punch|p1a: Ribombee
|-supereffective|p1a: Ribombee
|-damage|p1a: Ribombee|0 fnt
|faint|p1a: Ribombee
|
|-heal|p2a: Snorlax|71/100 par|[from] item: Leftovers
|upkeep
|c| S.daninja|Vamos draco vamos avanzaaaa
|c|☆DracoAxel|Se desvanece la bestia que fui ahora por fin puedo avanzar
|c| S.daninja|Eso es Draco
|c|☆Clauzkops13|Ya van 2 veces que logra esquivarme ataques
|c| S.daninja|Acaba con clauz cuck69
|
|t:|1743804474
|switch|p1a: Cramorant|Cramorant, F|57/100
|turn|27
|
|t:|1743804483
|move|p1a: Cramorant|Surf|p2a: Snorlax
|-formechange|p1a: Cramorant|Cramorant-Gulping|
|-damage|p2a: Snorlax|55/100 par
|move|p2a: Snorlax|Body Slam|p1a: Cramorant
|-damage|p1a: Cramorant|0 fnt
|-damage|p2a: Snorlax|30/100 par|[from] ability: Gulp Missile|[of] p1a: Cramorant
|-unboost|p2a: Snorlax|def|1
|-formechange|p1a: Cramorant|Cramorant|
|faint|p1a: Cramorant
|
|-heal|p2a: Snorlax|37/100 par|[from] item: Leftovers
|upkeep
|
|t:|1743804489
|switch|p1a: Munkidori|Munkidori, M, tera:Normal|100/100
|-activate|p1a: Munkidori|move: Sticky Web
|-unboost|p1a: Munkidori|spe|1
|turn|28
|
|t:|1743804494
|move|p1a: Munkidori|Psychic|p2a: Snorlax
|-damage|p2a: Snorlax|15/100 par
|move|p2a: Snorlax|Body Press|p1a: Munkidori
|-supereffective|p1a: Munkidori
|-damage|p1a: Munkidori|32/100
|
|-heal|p2a: Snorlax|21/100 par|[from] item: Leftovers
|upkeep
|turn|29
|
|t:|1743804499
|move|p1a: Munkidori|Psychic|p2a: Snorlax
|-damage|p2a: Snorlax|0 fnt
|faint|p2a: Snorlax
|
|upkeep
|c| S.daninja|De acabo?!
|
|t:|1743804502
|switch|p2a: Chandelure|Chandelure, M|100/100
|turn|30
|c|☆DracoAxel|Adiós
|c|☆DracoAxel|Majin buu
|
|t:|1743804513
|move|p2a: Chandelure|Flamethrower|p1a: Munkidori
|-damage|p1a: Munkidori|0 fnt
|faint|p1a: Munkidori
|
|win|DracoAxel
|c| S.daninja|🫡🫡🫡
|c|☆DracoAxel|Gg
|c| S.daninja|Clauz quedo mínimo común múltiplo
