|j|☆alpakara
|j|☆satanice
|t:|1743856336
|gametype|singles
|player|p1|alpakara|li|1117
|player|p2|satanice|skierf|1168
|teamsize|p1|6
|teamsize|p2|6
|gen|9
|tier|[Gen 9] OU
|rated|
|rule|HP Percentage Mod: HP is shown in percentages
|rule|Endless Battle Clause: Forcing endless battles is banned
|rule|Species Clause: Limit one of each Pokémon
|rule|OHKO Clause: OHKO moves are banned
|rule|Evasion Items Clause: Evasion items are banned
|rule|Evasion Moves Clause: Evasion moves are banned
|rule|Sleep Moves Clause: Sleep-inducing moves are banned
|clearpoke
|poke|p1|Blaziken, M|
|poke|p1|Morpeko, M|
|poke|p1|Mimikyu, M|
|poke|p1|Feraligatr, M|
|poke|p1|Hydreigon, M|
|poke|p1|Kingambit, M|
|poke|p2|Frosmoth, F|
|poke|p2|Cloyster, M|
|poke|p2|Mamoswine, M|
|poke|p2|Ninetales-Alola, F|
|poke|p2|Sandslash-Alola, F|
|poke|p2|Froslass, F|
|teampreview
|
|t:|1743856364
|start
|switch|p1a: Zoizeau x 3|Hydreigon, M|100/100
|switch|p2a: Cloyster|Cloyster, M|100/100
|turn|1
|
|t:|1743856372
|move|p1a: Zoizeau x 3|Dark Pulse|p2a: Cloyster
|-crit|p2a: Cloyster
|-enditem|p2a: Cloyster|Focus Sash
|-damage|p2a: Cloyster|1/100
|move|p2a: Cloyster|Shell Smash|p2a: Cloyster
|-unboost|p2a: Cloyster|def|1
|-unboost|p2a: Cloyster|spd|1
|-boost|p2a: Cloyster|atk|2
|-boost|p2a: Cloyster|spa|2
|-boost|p2a: Cloyster|spe|2
|
|upkeep
|turn|2
|
|t:|1743856382
|move|p2a: Cloyster|Icicle Spear|p1a: Zoizeau x 3
|-supereffective|p1a: Zoizeau x 3
|-damage|p1a: Zoizeau x 3|54/100
|-supereffective|p1a: Zoizeau x 3
|-damage|p1a: Zoizeau x 3|6/100
|-supereffective|p1a: Zoizeau x 3
|-damage|p1a: Zoizeau x 3|0 fnt
|faint|p1a: Zoizeau x 3
|-hitcount|p1: Zoizeau x 3|3
|
|upkeep
|
|t:|1743856392
|switch|p1a: ;3|Morpeko, M, shiny|100/100
|turn|3
|
|t:|1743856405
|move|p2a: Cloyster|Icicle Spear|p1a: ;3
|-crit|p1a: ;3
|-damage|p1a: ;3|38/100
|-damage|p1a: ;3|0 fnt
|faint|p1a: ;3
|-hitcount|p1: ;3|2
|
|upkeep
|
|t:|1743856413
|switch|p1a: KFC 3|Blaziken, M, shiny|100/100
|turn|4
|
|t:|1743856419
|move|p1a: KFC 3|Protect|p1a: KFC 3
|-singleturn|p1a: KFC 3|Protect
|move|p2a: Cloyster|Shell Smash|p2a: Cloyster
|-unboost|p2a: Cloyster|def|1
|-unboost|p2a: Cloyster|spd|1
|-boost|p2a: Cloyster|atk|2
|-boost|p2a: Cloyster|spa|2
|-boost|p2a: Cloyster|spe|2
|
|-ability|p1a: KFC 3|Speed Boost|boost
|-boost|p1a: KFC 3|spe|1
|upkeep
|turn|5
|
|t:|1743856430
|move|p2a: Cloyster|Rock Blast|p1a: KFC 3|[miss]
|-miss|p2a: Cloyster|p1a: KFC 3
|move|p1a: KFC 3|Bulk Up|p1a: KFC 3
|-boost|p1a: KFC 3|atk|1
|-boost|p1a: KFC 3|def|1
|
|-ability|p1a: KFC 3|Speed Boost|boost
|-boost|p1a: KFC 3|spe|1
|upkeep
|turn|6
|
|t:|1743856439
|move|p1a: KFC 3|Protect|p1a: KFC 3
|-singleturn|p1a: KFC 3|Protect
|move|p2a: Cloyster|Shell Smash|p2a: Cloyster
|-unboost|p2a: Cloyster|def|1
|-unboost|p2a: Cloyster|spd|1
|-boost|p2a: Cloyster|atk|2
|-boost|p2a: Cloyster|spa|2
|-boost|p2a: Cloyster|spe|2
|
|-ability|p1a: KFC 3|Speed Boost|boost
|-boost|p1a: KFC 3|spe|1
|upkeep
|turn|7
|
|t:|1743856462
|move|p2a: Cloyster|Rock Blast|p1a: KFC 3
|-damage|p1a: KFC 3|73/100
|-crit|p1a: KFC 3
|-damage|p1a: KFC 3|6/100
|-damage|p1a: KFC 3|0 fnt
|faint|p1a: KFC 3
|-hitcount|p1: KFC 3|3
|
|upkeep
|
|t:|1743856469
|switch|p1a: :3|Mimikyu, M, shiny|100/100
|turn|8
|
|t:|1743856473
|move|p1a: :3|Shadow Sneak|p2a: Cloyster
|-damage|p2a: Cloyster|0 fnt
|faint|p2a: Cloyster
|-damage|p1a: :3|91/100|[from] item: Life Orb
|
|upkeep
|
|t:|1743856479
|switch|p2a: Ninetales|Ninetales-Alola, F|100/100
|-weather|Snowscape|[from] ability: Snow Warning|[of] p2a: Ninetales
|turn|9
|
|t:|1743856488
|move|p2a: Ninetales|Encore|p1a: :3
|-start|p1a: :3|Encore
|move|p1a: :3|Shadow Sneak|p2a: Ninetales
|-damage|p2a: Ninetales|84/100
|-damage|p1a: :3|81/100|[from] item: Life Orb
|
|-weather|Snowscape|[upkeep]
|upkeep
|turn|10
|
|t:|1743856500
|switch|p1a: Aligaturc|Feraligatr, M|100/100
|move|p2a: Ninetales|Moonblast|p1a: Aligaturc
|-damage|p1a: Aligaturc|66/100
|-unboost|p1a: Aligaturc|spa|1
|
|-weather|Snowscape|[upkeep]
|upkeep
|turn|11
|
|t:|1743856509
|move|p2a: Ninetales|Aurora Veil|p2a: Ninetales
|-sidestart|p2: satanice|move: Aurora Veil
|move|p1a: Aligaturc|Dragon Dance|p1a: Aligaturc
|-boost|p1a: Aligaturc|atk|1
|-boost|p1a: Aligaturc|spe|1
|
|-weather|Snowscape|[upkeep]
|upkeep
|turn|12
|
|t:|1743856516
|move|p1a: Aligaturc|Dragon Dance|p1a: Aligaturc
|-boost|p1a: Aligaturc|atk|1
|-boost|p1a: Aligaturc|spe|1
|move|p2a: Ninetales|Encore|p1a: Aligaturc
|-start|p1a: Aligaturc|Encore
|
|-weather|Snowscape|[upkeep]
|upkeep
|turn|13
|
|t:|1743856524
|move|p1a: Aligaturc|Dragon Dance|p1a: Aligaturc
|-boost|p1a: Aligaturc|atk|1
|-boost|p1a: Aligaturc|spe|1
|move|p2a: Ninetales|Freeze-Dry|p1a: Aligaturc
|-supereffective|p1a: Aligaturc
|-damage|p1a: Aligaturc|9/100
|
|-weather|none
|upkeep
|turn|14
|
|t:|1743856533
|move|p1a: Aligaturc|Dragon Dance|p1a: Aligaturc
|-boost|p1a: Aligaturc|atk|1
|-boost|p1a: Aligaturc|spe|1
|move|p2a: Ninetales|Moonblast|p1a: Aligaturc
|-damage|p1a: Aligaturc|0 fnt
|faint|p1a: Aligaturc
|
|upkeep
|
|t:|1743856541
|switch|p1a: :3|Mimikyu, M, shiny|81/100
|turn|15
|
|t:|1743856553
|move|p2a: Ninetales|Moonblast|p1a: :3
|-activate|p1a: :3|ability: Disguise
|-damage|p1a: :3|81/100
|detailschange|p1a: :3|Mimikyu-Busted, M, shiny
|-damage|p1a: :3|68/100|[from] pokemon: Mimikyu-Busted
|move|p1a: :3|Play Rough|p2a: Ninetales
|-damage|p2a: Ninetales|56/100
|-damage|p1a: :3|58/100|[from] item: Life Orb
|
|upkeep
|turn|16
|
|t:|1743856571
|switch|p2a: Sandslash|Sandslash-Alola, F|100/100
|move|p1a: :3|Shadow Sneak|p2a: Sandslash
|-damage|p2a: Sandslash|91/100
|-damage|p1a: :3|48/100|[from] item: Life Orb
|
|upkeep
|turn|17
|
|t:|1743856582
|switch|p2a: Ninetales|Ninetales-Alola, F|56/100
|-weather|Snowscape|[from] ability: Snow Warning|[of] p2a: Ninetales
|move|p1a: :3|Shadow Claw|p2a: Ninetales
|-damage|p2a: Ninetales|41/100
|-damage|p1a: :3|38/100|[from] item: Life Orb
|
|-weather|Snowscape|[upkeep]
|upkeep
|turn|18
|
|t:|1743856592
|move|p2a: Ninetales|Moonblast|p1a: :3
|-damage|p1a: :3|2/100
|move|p1a: :3|Play Rough|p2a: Ninetales
|-damage|p2a: Ninetales|21/100
|-damage|p1a: :3|0 fnt|[from] item: Life Orb
|faint|p1a: :3
|
|-weather|Snowscape|[upkeep]
|-sideend|p2: satanice|move: Aurora Veil
|upkeep
|
|t:|1743856603
|switch|p1a: Coupe-coupe|Kingambit, M|100/100
|-activate|p1a: Coupe-coupe|ability: Supreme Overlord
|-start|p1a: Coupe-coupe|fallen5|[silent]
|turn|19
|
|t:|1743856608
|move|p1a: Coupe-coupe|Sucker Punch|p2a: Ninetales
|-resisted|p2a: Ninetales
|-damage|p2a: Ninetales|0 fnt
|faint|p2a: Ninetales
|
|-weather|Snowscape|[upkeep]
|upkeep
|
|t:|1743856612
|switch|p2a: Froslass|Froslass, F|100/100
|turn|20
|l|☆alpakara
|player|p1|
|inactive|Battle timer is ON: inactive players will automatically lose when time's up. (requested by satanice)
|inactive|alpakara has 30 seconds to reconnect!
|inactive|alpakara has 20 seconds to reconnect!
|inactive|alpakara has 15 seconds to reconnect!
|inactive|alpakara has 10 seconds to reconnect!
|inactive|alpakara has 5 seconds to reconnect!
|-message|alpakara lost due to inactivity.
|
|win|satanice
|raw|alpakara's rating: 1117 &rarr; <strong>1096</strong><br />(-21 for losing)
|raw|satanice's rating: 1168 &rarr; <strong>1189</strong><br />(+21 for winning)
|l|☆satanice
|player|p2|
