|j|☆notfaironanybody
|j|☆Cracotte2323
|t:|1743847469
|gametype|singles
|player|p1|notfaironanybody|palmer|1266
|player|p2|Cracotte2323|iris-gen5bw2|1305
|teamsize|p1|6
|teamsize|p2|6
|gen|9
|tier|[Gen 9] OU
|rated|
|rule|HP Percentage Mod: HP is shown in percentages
|rule|Endless Battle Clause: Forcing endless battles is banned
|rule|Species Clause: Limit one of each Pokémon
|rule|OHKO Clause: OHKO moves are banned
|rule|Evasion Items Clause: Evasion items are banned
|rule|Evasion Moves Clause: Evasion moves are banned
|rule|Sleep Moves Clause: Sleep-inducing moves are banned
|clearpoke
|poke|p1|Slither Wing|
|poke|p1|Ninetales, M|
|poke|p1|Ting-Lu|
|poke|p1|Iron Moth|
|poke|p1|Corviknight, M|
|poke|p1|Raging Bolt|
|poke|p2|Tinkaton, F|
|poke|p2|Ting-Lu|
|poke|p2|Dragonite, M|
|poke|p2|Zamazenta-*|
|poke|p2|Dragapult, M|
|poke|p2|Hatterene, F|
|teampreview
|inactive|Battle timer is ON: inactive players will automatically lose when time's up. (requested by notfaironanybody)
|inactive|Cracotte2323 has 120 seconds left.
|
|t:|1743847520
|start
|switch|p1a: Ninetales|Ninetales, M|100/100
|switch|p2a: Ting-Lu|Ting-Lu|100/100
|-weather|SunnyDay|[from] ability: Drought|[of] p1a: Ninetales
|-ability|p2a: Ting-Lu|Vessel of Ruin
|turn|1
|
|t:|1743847533
|move|p1a: Ninetales|Will-O-Wisp|p2a: Ting-Lu
|-status|p2a: Ting-Lu|brn
|move|p2a: Ting-Lu|Earthquake|p1a: Ninetales
|-supereffective|p1a: Ninetales
|-damage|p1a: Ninetales|54/100
|
|-weather|SunnyDay|[upkeep]
|-damage|p2a: Ting-Lu|94/100 brn|[from] brn
|upkeep
|turn|2
|
|t:|1743847545
|switch|p1a: Slither Wing|Slither Wing, shiny|100/100
|-activate|p1a: Slither Wing|ability: Protosynthesis
|-start|p1a: Slither Wing|protosynthesisatk
|switch|p2a: Dragapult|Dragapult, M|100/100
|
|-weather|SunnyDay|[upkeep]
|upkeep
|turn|3
|
|t:|1743847550
|move|p1a: Slither Wing|First Impression|p2a: Dragapult
|-resisted|p2a: Dragapult
|-damage|p2a: Dragapult|61/100
|move|p2a: Dragapult|Flamethrower|p1a: Slither Wing
|-supereffective|p1a: Slither Wing
|-crit|p1a: Slither Wing
|-damage|p1a: Slither Wing|0 fnt
|faint|p1a: Slither Wing
|-end|p1a: Slither Wing|Protosynthesis|[silent]
|
|-weather|SunnyDay|[upkeep]
|upkeep
|
|t:|1743847560
|switch|p1a: Raging Bolt|Raging Bolt|100/100
|-activate|p1a: Raging Bolt|ability: Protosynthesis
|-start|p1a: Raging Bolt|protosynthesisspa
|turn|4
|
|t:|1743847568
|switch|p2a: Tinkaton|Tinkaton, F|100/100
|-ability|p2a: Tinkaton|Mold Breaker
|-item|p2a: Tinkaton|Air Balloon
|move|p1a: Raging Bolt|Dragon Pulse|p2a: Tinkaton
|-immune|p2a: Tinkaton
|
|-weather|SunnyDay|[upkeep]
|upkeep
|turn|5
|
|t:|1743847574
|move|p2a: Tinkaton|Encore|p1a: Raging Bolt
|-start|p1a: Raging Bolt|Encore
|move|p1a: Raging Bolt|Dragon Pulse|p2a: Tinkaton
|-immune|p2a: Tinkaton
|
|-weather|SunnyDay|[upkeep]
|upkeep
|turn|6
|
|t:|1743847577
|-end|p1a: Raging Bolt|Protosynthesis|[silent]
|switch|p1a: Iron Moth|Iron Moth|100/100
|-enditem|p1a: Iron Moth|Booster Energy
|-activate|p1a: Iron Moth|ability: Quark Drive|[fromitem]
|-start|p1a: Iron Moth|quarkdrivespe
|move|p2a: Tinkaton|Stealth Rock|p1a: Iron Moth
|-sidestart|p1: notfaironanybody|move: Stealth Rock
|
|-weather|SunnyDay|[upkeep]
|upkeep
|turn|7
|
|t:|1743847585
|switch|p2a: Ting-Lu|Ting-Lu|94/100 brn
|-ability|p2a: Ting-Lu|Vessel of Ruin
|move|p1a: Iron Moth|Substitute|p1a: Iron Moth
|-start|p1a: Iron Moth|Substitute
|-damage|p1a: Iron Moth|76/100
|
|-weather|SunnyDay|[upkeep]
|-heal|p2a: Ting-Lu|100/100 brn|[from] item: Leftovers
|-damage|p2a: Ting-Lu|94/100 brn|[from] brn
|upkeep
|turn|8
|
|t:|1743847591
|move|p1a: Iron Moth|Fiery Dance|p2a: Ting-Lu
|-damage|p2a: Ting-Lu|56/100 brn
|-boost|p1a: Iron Moth|spa|1
|move|p2a: Ting-Lu|Whirlwind|p1a: Iron Moth
|-end|p1a: Iron Moth|Quark Drive|[silent]
|drag|p1a: Raging Bolt|Raging Bolt|100/100
|-activate|p1a: Raging Bolt|ability: Protosynthesis
|-start|p1a: Raging Bolt|protosynthesisspa
|
|-weather|none
|-end|p1a: Raging Bolt|Protosynthesis
|-heal|p2a: Ting-Lu|62/100 brn|[from] item: Leftovers
|-damage|p2a: Ting-Lu|56/100 brn|[from] brn
|upkeep
|turn|9
|
|t:|1743847599
|-end|p1a: Raging Bolt|Protosynthesis|[silent]
|switch|p1a: Corviknight|Corviknight, M|100/100
|-damage|p1a: Corviknight|88/100|[from] Stealth Rock
|-ability|p1a: Corviknight|Pressure
|move|p2a: Ting-Lu|Ruination|p1a: Corviknight
|-damage|p1a: Corviknight|44/100
|
|-heal|p2a: Ting-Lu|62/100 brn|[from] item: Leftovers
|-damage|p2a: Ting-Lu|56/100 brn|[from] brn
|upkeep
|turn|10
|
|t:|1743847603
|move|p1a: Corviknight|Defog|p2a: Ting-Lu
|-unboost|p2a: Ting-Lu|evasion|1
|-sideend|p1: notfaironanybody|Stealth Rock|[from] move: Defog|[of] p1a: Corviknight
|move|p2a: Ting-Lu|Spikes|p1a: Corviknight
|-sidestart|p1: notfaironanybody|Spikes
|
|-heal|p2a: Ting-Lu|62/100 brn|[from] item: Leftovers
|-damage|p2a: Ting-Lu|56/100 brn|[from] brn
|upkeep
|turn|11
|
|t:|1743847608
|move|p1a: Corviknight|Roost|p1a: Corviknight
|-heal|p1a: Corviknight|94/100
|-singleturn|p1a: Corviknight|move: Roost
|move|p2a: Ting-Lu|Whirlwind|p1a: Corviknight
|drag|p1a: Ninetales|Ninetales, M|54/100
|-damage|p1a: Ninetales|42/100|[from] Spikes
|-weather|SunnyDay|[from] ability: Drought|[of] p1a: Ninetales
|
|-weather|SunnyDay|[upkeep]
|-heal|p2a: Ting-Lu|62/100 brn|[from] item: Leftovers
|-damage|p2a: Ting-Lu|56/100 brn|[from] brn
|upkeep
|turn|12
|
|t:|1743847620
|move|p1a: Ninetales|Weather Ball|p2a: Ting-Lu
|-damage|p2a: Ting-Lu|27/100 brn
|move|p2a: Ting-Lu|Earthquake|p1a: Ninetales
|-supereffective|p1a: Ninetales
|-damage|p1a: Ninetales|0 fnt
|faint|p1a: Ninetales
|
|-weather|SunnyDay|[upkeep]
|-heal|p2a: Ting-Lu|34/100 brn|[from] item: Leftovers
|-damage|p2a: Ting-Lu|27/100 brn|[from] brn
|upkeep
|
|t:|1743847628
|switch|p1a: Iron Moth|Iron Moth|76/100
|-damage|p1a: Iron Moth|63/100|[from] Spikes
|turn|13
|
|t:|1743847635
|move|p1a: Iron Moth|Fiery Dance|p2a: Ting-Lu
|-damage|p2a: Ting-Lu|0 fnt
|-boost|p1a: Iron Moth|spa|1
|faint|p2a: Ting-Lu
|
|-weather|SunnyDay|[upkeep]
|upkeep
|
|t:|1743847646
|switch|p2a: Dragapult|Dragapult, M|61/100
|turn|14
|
|t:|1743847655
|move|p2a: Dragapult|Draco Meteor|p1a: Iron Moth
|-damage|p1a: Iron Moth|0 fnt
|-unboost|p2a: Dragapult|spa|2
|faint|p1a: Iron Moth
|-end|p1a: Iron Moth|Quark Drive|[silent]
|
|-weather|SunnyDay|[upkeep]
|upkeep
|-message|notfaironanybody forfeited.
|
|win|Cracotte2323
|raw|notfaironanybody's rating: 1266 &rarr; <strong>1244</strong><br />(-22 for losing)
|raw|Cracotte2323's rating: 1305 &rarr; <strong>1323</strong><br />(+18 for winning)
|l|☆notfaironanybody
|player|p1|
|l|☆Cracotte2323
|player|p2|
