|j|☆skeli_687
|j|☆ChilemRaen
|t:|1743826102
|gametype|singles
|player|p1|skeli_687|blue-masters2|1158
|player|p2|ChilemRaen|266|1204
|teamsize|p1|6
|teamsize|p2|6
|gen|9
|tier|[Gen 9] OU
|rated|
|rule|HP Percentage Mod: HP is shown in percentages
|rule|Endless Battle Clause: Forcing endless battles is banned
|rule|Species Clause: Limit one of each Pokémon
|rule|OHKO Clause: OHKO moves are banned
|rule|Evasion Items Clause: Evasion items are banned
|rule|Evasion Moves Clause: Evasion moves are banned
|rule|Sleep Moves Clause: Sleep-inducing moves are banned
|clearpoke
|poke|p1|Thundurus-Therian, M|
|poke|p1|Zoroark-Hisui, M|
|poke|p1|Heatran, F|
|poke|p1|Araquanid, F|
|poke|p1|Zamazenta-*|
|poke|p1|Shiftry, M|
|poke|p2|Ribombee, F|
|poke|p2|Gholdengo|
|poke|p2|Great Tusk|
|poke|p2|Iron Moth|
|poke|p2|Decidueye-Hisui, M|
|poke|p2|Kyurem|
|teampreview
|inactive|Battle timer is ON: inactive players will automatically lose when time's up. (requested by skeli_687)
|
|t:|1743826117
|start
|switch|p1a: Araquanid|Araquanid, F|100/100
|switch|p2a: Kyurem|Kyurem|100/100
|-ability|p2a: Kyurem|Pressure
|turn|1
|
|t:|1743826122
|move|p2a: Kyurem|Freeze-Dry|p1a: Araquanid
|-supereffective|p1a: Araquanid
|-damage|p1a: Araquanid|14/100
|-status|p1a: Araquanid|frz
|cant|p1a: Araquanid|frz
|
|upkeep
|turn|2
|
|t:|1743826128
|move|p2a: Kyurem|Freeze-Dry|p1a: Araquanid
|-supereffective|p1a: Araquanid
|-damage|p1a: Araquanid|0 fnt
|faint|p1a: Araquanid
|
|upkeep
|
|t:|1743826131
|switch|p1a: Heatran|Heatran, F|100/100
|turn|3
|
|t:|1743826142
|switch|p2a: Great Tusk|Great Tusk|100/100
|move|p1a: Heatran|Flash Cannon|p2a: Great Tusk
|-damage|p2a: Great Tusk|26/100
|-unboost|p2a: Great Tusk|spd|1
|
|upkeep
|turn|4
|inactive|skeli_687 has 120 seconds left.
|inactive|skeli_687 has 90 seconds left.
|
|t:|1743826225
|switch|p1a: Shiftry|Shiftry, M|100/100
|move|p2a: Great Tusk|Close Combat|p1a: Shiftry
|-immune|p1a: Shiftry
|
|upkeep
|turn|5
|
|t:|1743826254
|-end|p2a: Great Tusk|Protosynthesis|[silent]
|switch|p2a: Ribombee|Ribombee, F|100/100
|move|p1a: Shiftry|Bitter Malice|p2a: Ribombee
|-damage|p2a: Ribombee|9/100
|
|upkeep
|turn|6
|
|t:|1743826263
|move|p2a: Ribombee|Sticky Web|p1a: Shiftry
|-sidestart|p1: skeli_687|move: Sticky Web
|move|p1a: Shiftry|Bitter Malice|p2a: Ribombee
|-damage|p2a: Ribombee|0 fnt
|faint|p2a: Ribombee
|
|upkeep
|
|t:|1743826272
|switch|p2a: Iron Moth|Iron Moth|100/100
|-enditem|p2a: Iron Moth|Booster Energy
|-activate|p2a: Iron Moth|ability: Quark Drive|[fromitem]
|-start|p2a: Iron Moth|quarkdrivespa
|turn|7
|
|t:|1743826275
|move|p2a: Iron Moth|Fiery Dance|p1a: Shiftry
|-damage|p1a: Shiftry|0 fnt
|replace|p1a: Zoroark|Zoroark-Hisui, M
|-end|p1a: Zoroark|Illusion
|faint|p1a: Zoroark
|
|upkeep
|
|t:|1743826285
|switch|p1a: Heatran|Heatran, F|100/100
|-activate|p1a: Heatran|move: Sticky Web
|-unboost|p1a: Heatran|spe|1
|turn|8
|
|t:|1743826290
|-terastallize|p2a: Iron Moth|Ground
|move|p2a: Iron Moth|Tera Blast|p1a: Heatran|[anim] Tera Blast Ground
|-supereffective|p1a: Heatran
|-damage|p1a: Heatran|0 fnt
|faint|p1a: Heatran
|
|upkeep
|
|t:|1743826296
|switch|p1a: Shiftry|Shiftry, M|100/100
|turn|9
|
|t:|1743826299
|move|p1a: Shiftry|Fake Out|p2a: Iron Moth
|-damage|p2a: Iron Moth|85/100
|cant|p2a: Iron Moth|flinch
|
|upkeep
|turn|10
|
|t:|1743826304
|move|p2a: Iron Moth|Fiery Dance|p1a: Shiftry
|-supereffective|p1a: Shiftry
|-damage|p1a: Shiftry|0 fnt
|-boost|p2a: Iron Moth|spa|1
|faint|p1a: Shiftry
|
|upkeep
|
|t:|1743826307
|switch|p1a: Thundurus|Thundurus-Therian, M|100/100
|turn|11
|
|t:|1743826310
|move|p2a: Iron Moth|Fiery Dance|p1a: Thundurus
|-damage|p1a: Thundurus|0 fnt
|-boost|p2a: Iron Moth|spa|1
|faint|p1a: Thundurus
|
|upkeep
|
|t:|1743826316
|switch|p1a: Zamazenta|Zamazenta|100/100
|-activate|p1a: Zamazenta|move: Sticky Web
|-unboost|p1a: Zamazenta|spe|1
|-ability|p1a: Zamazenta|Dauntless Shield|boost
|-boost|p1a: Zamazenta|def|1
|turn|12
|
|t:|1743826320
|move|p2a: Iron Moth|Fiery Dance|p1a: Zamazenta
|-damage|p1a: Zamazenta|32/100
|move|p1a: Zamazenta|Ice Fang|p2a: Iron Moth
|-supereffective|p2a: Iron Moth
|-damage|p2a: Iron Moth|10/100
|
|upkeep
|turn|13
|
|t:|1743826330
|-terastallize|p1a: Zamazenta|Fighting
|move|p2a: Iron Moth|Fiery Dance|p1a: Zamazenta
|-damage|p1a: Zamazenta|0 fnt
|faint|p1a: Zamazenta
|
|win|ChilemRaen
|raw|skeli_687's rating: 1158 &rarr; <strong>1136</strong><br />(-22 for losing)
|raw|ChilemRaen's rating: 1204 &rarr; <strong>1226</strong><br />(+22 for winning)
|l|☆skeli_687
|player|p1|
|l|☆ChilemRaen
|player|p2|
