|j|☆frifrifri
|j|☆jp8 the marth main
|t:|1743789036
|gametype|singles
|player|p1|frifrifri|blackbelt-gen4dp|1352
|player|p2|jp8 the marth main|2|1379
|teamsize|p1|6
|teamsize|p2|6
|gen|9
|tier|[Gen 9] OU
|rated|
|rule|HP Percentage Mod: HP is shown in percentages
|rule|Endless Battle Clause: Forcing endless battles is banned
|rule|Species Clause: Limit one of each Pokémon
|rule|OHKO Clause: OHKO moves are banned
|rule|Evasion Items Clause: Evasion items are banned
|rule|Evasion Moves Clause: Evasion moves are banned
|rule|Sleep Moves Clause: Sleep-inducing moves are banned
|clearpoke
|poke|p1|Hoopa-Unbound|
|poke|p1|Ogerpon-Wellspring, F|
|poke|p1|Cinderace, F|
|poke|p1|Primarina, F|
|poke|p1|Corviknight, F|
|poke|p1|Landorus-Therian, M|
|poke|p2|Fezandipiti, M|
|poke|p2|Great Tusk|
|poke|p2|Corviknight, F|
|poke|p2|Hydrapple, M|
|poke|p2|Raging Bolt|
|poke|p2|Salazzle, F|
|teampreview
|
|t:|1743789065
|start
|switch|p1a: Cinderace|Cinderace, F|100/100
|switch|p2a: Fezandipiti|Fezandipiti, M|100/100
|turn|1
|
|t:|1743789069
|move|p1a: Cinderace|U-turn|p2a: Fezandipiti
|-start|p1a: Cinderace|typechange|Bug|[from] ability: Libero
|-resisted|p2a: Fezandipiti
|-damage|p2a: Fezandipiti|91/100
|
|t:|1743789072
|switch|p1a: Corviknight|Corviknight, F|100/100|[from] U-turn
|-ability|p1a: Corviknight|Pressure
|move|p2a: Fezandipiti|U-turn|p1a: Corviknight
|-resisted|p1a: Corviknight
|-damage|p1a: Corviknight|96/100
|-damage|p2a: Fezandipiti|75/100|[from] item: Rocky Helmet|[of] p1a: Corviknight
|
|t:|1743789076
|switch|p2a: Salazzle|Salazzle, F|100/100|[from] U-turn
|
|upkeep
|turn|2
|
|t:|1743789134
|switch|p1a: Primarina|Primarina, F|100/100
|move|p2a: Salazzle|Toxic|p1a: Primarina
|-status|p1a: Primarina|tox
|
|-damage|p1a: Primarina|94/100 tox|[from] psn
|upkeep
|turn|3
|
|t:|1743789153
|move|p2a: Salazzle|Sludge Wave|p1a: Primarina
|-supereffective|p1a: Primarina
|-damage|p1a: Primarina|44/100 tox
|move|p1a: Primarina|Psychic Noise|p2a: Salazzle
|-supereffective|p2a: Salazzle
|-damage|p2a: Salazzle|3/100
|-start|p2a: Salazzle|move: Heal Block
|
|-damage|p1a: Primarina|32/100 tox|[from] psn
|upkeep
|turn|4
|
|t:|1743789169
|switch|p1a: Landorus|Landorus-Therian, M|100/100
|-ability|p1a: Landorus|Intimidate|boost
|-unboost|p2a: Salazzle|atk|1
|move|p2a: Salazzle|Sludge Wave|p1a: Landorus
|-resisted|p1a: Landorus
|-damage|p1a: Landorus|73/100
|
|-end|p2a: Salazzle|move: Heal Block
|upkeep
|turn|5
|
|t:|1743789180
|move|p1a: Landorus|U-turn|p2a: Salazzle
|-resisted|p2a: Salazzle
|-damage|p2a: Salazzle|0 fnt
|faint|p2a: Salazzle
|
|t:|1743789205
|switch|p1a: Hoopa|Hoopa-Unbound|100/100|[from] U-turn
|
|upkeep
|
|t:|1743789213
|switch|p2a: Fezandipiti|Fezandipiti, M|75/100
|turn|6
|
|t:|1743789233
|switch|p1a: Corviknight|Corviknight, F|96/100
|-ability|p1a: Corviknight|Pressure
|move|p2a: Fezandipiti|U-turn|p1a: Corviknight
|-resisted|p1a: Corviknight
|-damage|p1a: Corviknight|92/100
|-damage|p2a: Fezandipiti|58/100|[from] item: Rocky Helmet|[of] p1a: Corviknight
|
|t:|1743789239
|switch|p2a: Raging Bolt|Raging Bolt|100/100|[from] U-turn
|-enditem|p2a: Raging Bolt|Booster Energy
|-activate|p2a: Raging Bolt|ability: Protosynthesis|[fromitem]
|-start|p2a: Raging Bolt|protosynthesisspa
|
|upkeep
|turn|7
|
|t:|1743789276
|switch|p1a: Primarina|Primarina, F|32/100 tox
|move|p2a: Raging Bolt|Calm Mind|p2a: Raging Bolt
|-boost|p2a: Raging Bolt|spa|1
|-boost|p2a: Raging Bolt|spd|1
|
|-damage|p1a: Primarina|26/100 tox|[from] psn
|upkeep
|turn|8
|
|t:|1743789284
|move|p2a: Raging Bolt|Thunderclap|p1a: Primarina
|-supereffective|p1a: Primarina
|-damage|p1a: Primarina|0 fnt
|faint|p1a: Primarina
|
|upkeep
|
|t:|1743789317
|switch|p1a: Landorus|Landorus-Therian, M|73/100
|-ability|p1a: Landorus|Intimidate|boost
|-unboost|p2a: Raging Bolt|atk|1
|turn|9
|
|t:|1743789326
|-terastallize|p2a: Raging Bolt|Fairy
|move|p1a: Landorus|U-turn|p2a: Raging Bolt
|-resisted|p2a: Raging Bolt
|-damage|p2a: Raging Bolt|89/100
|l|☆frifrifri
|player|p1|
|inactive|Battle timer is ON: inactive players will automatically lose when time's up. (requested by jp8 the marth main)
|inactive|frifrifri has 30 seconds to reconnect!
|inactive|frifrifri has 20 seconds to reconnect!
|inactive|frifrifri has 15 seconds to reconnect!
|inactive|frifrifri has 10 seconds to reconnect!
|inactive|frifrifri has 5 seconds to reconnect!
|-message|frifrifri lost due to inactivity.
|
|win|jp8 the marth main
|raw|frifrifri's rating: 1352 &rarr; <strong>1334</strong><br />(-18 for losing)
|raw|jp8 the marth main's rating: 1379 &rarr; <strong>1397</strong><br />(+18 for winning)
|l|☆jp8 the marth main
|player|p2|
