|j|☆MIT POG MOMENT
|j|☆whitepoliceman69
|t:|1743780518
|gametype|singles
|player|p1|MIT POG MOMENT|crasherwake|1574
|player|p2|whitepoliceman69|102|1619
|teamsize|p1|6
|teamsize|p2|6
|gen|9
|tier|[Gen 9] OU
|rated|
|rule|HP Percentage Mod: HP is shown in percentages
|rule|Endless Battle Clause: Forcing endless battles is banned
|rule|Species Clause: Limit one of each Pokémon
|rule|OHKO Clause: OHKO moves are banned
|rule|Evasion Items Clause: Evasion items are banned
|rule|Evasion Moves Clause: Evasion moves are banned
|rule|Sleep Moves Clause: Sleep-inducing moves are banned
|clearpoke
|poke|p1|Corviknight, F|
|poke|p1|Quaquaval, F|
|poke|p1|Iron Boulder|
|poke|p1|Zapdos|
|poke|p1|Goodra-Hisui, M|
|poke|p1|Iron Valiant|
|poke|p2|Gengar, M|
|poke|p2|Rotom-Heat|
|poke|p2|Avalugg, F|
|poke|p2|Dragonite, M|
|poke|p2|Kingambit, M|
|poke|p2|Clodsire, F|
|teampreview
|
|t:|1743780542
|start
|switch|p1a: Quaquaval|Quaquaval, F|100/100
|switch|p2a: Rotom|Rotom-Heat|100/100
|turn|1
|inactive|Battle timer is ON: inactive players will automatically lose when time's up. (requested by whitepoliceman69)
|
|t:|1743780563
|move|p2a: Rotom|Volt Switch|p1a: Quaquaval
|-supereffective|p1a: Quaquaval
|-damage|p1a: Quaquaval|43/100
|
|t:|1743780566
|switch|p2a: Clodsire|Clodsire, F|100/100|[from] Volt Switch
|move|p1a: Quaquaval|Aqua Step|p2a: Clodsire
|-immune|p2a: Clodsire|[from] ability: Water Absorb
|
|upkeep
|turn|2
|
|t:|1743780571
|switch|p1a: Corviknight|Corviknight, F|100/100
|-ability|p1a: Corviknight|Pressure
|switch|p2a: Rotom|Rotom-Heat|100/100
|
|upkeep
|turn|3
|
|t:|1743780576
|switch|p1a: Goodra|Goodra-Hisui, M|100/100
|move|p2a: Rotom|Volt Switch|p1a: Goodra
|-resisted|p1a: Goodra
|-damage|p1a: Goodra|94/100
|
|t:|1743780580
|switch|p2a: Clodsire|Clodsire, F|100/100|[from] Volt Switch
|
|upkeep
|turn|4
|
|t:|1743780584
|move|p2a: Clodsire|Stealth Rock|p1a: Goodra
|-sidestart|p1: MIT POG MOMENT|move: Stealth Rock
|move|p1a: Goodra|Dragon Tail|p2a: Clodsire
|-damage|p2a: Clodsire|80/100
|drag|p2a: Rotom|Rotom-Heat|100/100
|
|upkeep
|turn|5
|
|t:|1743780588
|move|p2a: Rotom|Trick|p1a: Goodra
|-activate|p2a: Rotom|move: Trick|[of] p1a: Goodra
|-item|p1a: Goodra|Choice Scarf|[from] move: Trick
|-item|p2a: Rotom|Assault Vest|[from] move: Trick
|move|p1a: Goodra|Dragon Tail|p2a: Rotom
|-damage|p2a: Rotom|74/100
|drag|p2a: Dragonite|Dragonite, M|100/100
|
|upkeep
|turn|6
|
|t:|1743780591
|switch|p2a: Avalugg|Avalugg, F|100/100
|move|p1a: Goodra|Dragon Tail|p2a: Avalugg
|-damage|p2a: Avalugg|93/100
|drag|p2a: Gengar|Gengar, M|100/100
|
|upkeep
|turn|7
|
|t:|1743780595
|move|p2a: Gengar|Focus Blast|p1a: Goodra
|-supereffective|p1a: Goodra
|-damage|p1a: Goodra|40/100
|move|p1a: Goodra|Dragon Tail|p2a: Gengar
|-damage|p2a: Gengar|67/100
|drag|p2a: Clodsire|Clodsire, F|80/100
|
|-heal|p2a: Clodsire|86/100|[from] item: Black Sludge
|upkeep
|turn|8
|
|t:|1743780600
|move|p2a: Clodsire|Earth Power|p1a: Goodra
|-supereffective|p1a: Goodra
|-damage|p1a: Goodra|17/100
|move|p1a: Goodra|Dragon Tail|p2a: Clodsire
|-damage|p2a: Clodsire|66/100
|drag|p2a: Gengar|Gengar, M|67/100
|
|upkeep
|turn|9
|
|t:|1743780604
|move|p2a: Gengar|Shadow Ball|p1a: Goodra
|-damage|p1a: Goodra|0 fnt
|faint|p1a: Goodra
|
|upkeep
|
|t:|1743780616
|switch|p1a: Iron Valiant|Iron Valiant|100/100
|-damage|p1a: Iron Valiant|94/100|[from] Stealth Rock
|-enditem|p1a: Iron Valiant|Booster Energy
|-activate|p1a: Iron Valiant|ability: Quark Drive|[fromitem]
|-start|p1a: Iron Valiant|quarkdrivespe
|turn|10
|
|t:|1743780620
|switch|p2a: Clodsire|Clodsire, F|66/100
|move|p1a: Iron Valiant|Calm Mind|p1a: Iron Valiant
|-boost|p1a: Iron Valiant|spa|1
|-boost|p1a: Iron Valiant|spd|1
|
|-heal|p2a: Clodsire|72/100|[from] item: Black Sludge
|upkeep
|turn|11
|
|t:|1743780624
|move|p1a: Iron Valiant|Calm Mind|p1a: Iron Valiant
|-boost|p1a: Iron Valiant|spa|1
|-boost|p1a: Iron Valiant|spd|1
|move|p2a: Clodsire|Toxic|p1a: Iron Valiant
|-status|p1a: Iron Valiant|tox
|
|-heal|p2a: Clodsire|79/100|[from] item: Black Sludge
|-damage|p1a: Iron Valiant|88/100 tox|[from] psn
|upkeep
|turn|12
|
|t:|1743780629
|switch|p2a: Kingambit|Kingambit, M|100/100
|-item|p2a: Kingambit|Air Balloon
|move|p1a: Iron Valiant|Calm Mind|p1a: Iron Valiant
|-boost|p1a: Iron Valiant|spa|1
|-boost|p1a: Iron Valiant|spd|1
|
|-damage|p1a: Iron Valiant|76/100 tox|[from] psn
|upkeep
|turn|13
|
|t:|1743780642
|-end|p2a: Kingambit|fallenundefined|[silent]
|switch|p2a: Clodsire|Clodsire, F|79/100
|move|p1a: Iron Valiant|Moonblast|p2a: Clodsire
|-resisted|p2a: Clodsire
|-damage|p2a: Clodsire|47/100
|
|-heal|p2a: Clodsire|53/100|[from] item: Black Sludge
|-damage|p1a: Iron Valiant|57/100 tox|[from] psn
|upkeep
|turn|14
|
|t:|1743780646
|move|p1a: Iron Valiant|Shadow Ball|p2a: Clodsire
|-damage|p2a: Clodsire|16/100
|move|p2a: Clodsire|Recover|p2a: Clodsire
|-heal|p2a: Clodsire|66/100
|
|-heal|p2a: Clodsire|73/100|[from] item: Black Sludge
|-damage|p1a: Iron Valiant|32/100 tox|[from] psn
|upkeep
|turn|15
|
|t:|1743780653
|move|p1a: Iron Valiant|Encore|p2a: Clodsire
|-start|p2a: Clodsire|Encore
|move|p2a: Clodsire|Recover|p2a: Clodsire
|-heal|p2a: Clodsire|100/100
|
|-damage|p1a: Iron Valiant|1/100 tox|[from] psn
|upkeep
|turn|16
|
|t:|1743780661
|move|p1a: Iron Valiant|Shadow Ball|p2a: Clodsire
|-damage|p2a: Clodsire|69/100
|move|p2a: Clodsire|Recover|p2a: Clodsire
|-heal|p2a: Clodsire|100/100
|
|-damage|p1a: Iron Valiant|0 fnt|[from] psn
|faint|p1a: Iron Valiant
|-end|p1a: Iron Valiant|Quark Drive|[silent]
|upkeep
|
|t:|1743780664
|switch|p1a: Iron Boulder|Iron Boulder|100/100
|-damage|p1a: Iron Boulder|88/100|[from] Stealth Rock
|-enditem|p1a: Iron Boulder|Booster Energy
|-activate|p1a: Iron Boulder|ability: Quark Drive|[fromitem]
|-start|p1a: Iron Boulder|quarkdrivespe
|turn|17
|
|t:|1743780668
|switch|p2a: Rotom|Rotom-Heat|74/100
|move|p1a: Iron Boulder|Swords Dance|p1a: Iron Boulder
|-boost|p1a: Iron Boulder|atk|2
|
|upkeep
|turn|18
|
|t:|1743780673
|move|p1a: Iron Boulder|Mighty Cleave|p2a: Rotom
|-supereffective|p2a: Rotom
|-damage|p2a: Rotom|0 fnt
|faint|p2a: Rotom
|
|upkeep
|
|t:|1743780678
|switch|p2a: Kingambit|Kingambit, M|100/100
|-activate|p2a: Kingambit|ability: Supreme Overlord
|-start|p2a: Kingambit|fallen1|[silent]
|-item|p2a: Kingambit|Air Balloon
|turn|19
|
|t:|1743780688
|-terastallize|p1a: Iron Boulder|Fighting
|-terastallize|p2a: Kingambit|Ghost
|move|p1a: Iron Boulder|Swords Dance|p1a: Iron Boulder
|-boost|p1a: Iron Boulder|atk|2
|move|p2a: Kingambit|Iron Head|p1a: Iron Boulder
|-damage|p1a: Iron Boulder|18/100
|
|upkeep
|turn|20
|
|t:|1743780695
|move|p2a: Kingambit|Sucker Punch|p1a: Iron Boulder
|-resisted|p1a: Iron Boulder
|-damage|p1a: Iron Boulder|0 fnt
|faint|p1a: Iron Boulder
|-end|p1a: Iron Boulder|Quark Drive|[silent]
|
|upkeep
|
|t:|1743780697
|switch|p1a: Zapdos|Zapdos|100/100
|turn|21
|
|t:|1743780706
|-end|p2a: Kingambit|fallen1|[silent]
|switch|p2a: Clodsire|Clodsire, F|100/100
|move|p1a: Zapdos|Discharge|p2a: Clodsire
|-immune|p2a: Clodsire
|
|upkeep
|turn|22
|
|t:|1743780715
|switch|p1a: Corviknight|Corviknight, F|100/100
|-damage|p1a: Corviknight|88/100|[from] Stealth Rock
|-ability|p1a: Corviknight|Pressure
|switch|p2a: Gengar|Gengar, M|67/100
|
|upkeep
|turn|23
|
|t:|1743780718
|move|p2a: Gengar|Shadow Ball|p1a: Corviknight
|-damage|p1a: Corviknight|49/100
|move|p1a: Corviknight|U-turn|p2a: Gengar
|-resisted|p2a: Gengar
|-damage|p2a: Gengar|60/100
|
|t:|1743780722
|switch|p1a: Zapdos|Zapdos|100/100|[from] U-turn
|
|upkeep
|turn|24
|
|t:|1743780731
|switch|p2a: Clodsire|Clodsire, F|100/100
|move|p1a: Zapdos|Hurricane|p2a: Clodsire
|-damage|p2a: Clodsire|74/100
|-start|p2a: Clodsire|confusion
|
|-heal|p2a: Clodsire|81/100|[from] item: Black Sludge
|upkeep
|turn|25
|
|t:|1743780738
|switch|p1a: Corviknight|Corviknight, F|49/100
|-damage|p1a: Corviknight|37/100|[from] Stealth Rock
|-ability|p1a: Corviknight|Pressure
|-activate|p2a: Clodsire|confusion
|move|p2a: Clodsire|Toxic|p1a: Corviknight
|-immune|p1a: Corviknight
|
|-heal|p2a: Clodsire|87/100|[from] item: Black Sludge
|upkeep
|turn|26
|
|t:|1743780744
|switch|p2a: Gengar|Gengar, M|60/100
|move|p1a: Corviknight|Roost|p1a: Corviknight
|-heal|p1a: Corviknight|87/100
|-singleturn|p1a: Corviknight|move: Roost
|
|upkeep
|turn|27
|
|t:|1743780747
|move|p2a: Gengar|Shadow Ball|p1a: Corviknight
|-damage|p1a: Corviknight|43/100
|move|p1a: Corviknight|U-turn|p2a: Gengar
|-resisted|p2a: Gengar
|-damage|p2a: Gengar|53/100
|
|t:|1743780751
|switch|p1a: Quaquaval|Quaquaval, F|43/100|[from] U-turn
|-damage|p1a: Quaquaval|37/100|[from] Stealth Rock
|
|upkeep
|turn|28
|
|t:|1743780755
|move|p2a: Gengar|Shadow Ball|p1a: Quaquaval
|-damage|p1a: Quaquaval|0 fnt
|faint|p1a: Quaquaval
|
|upkeep
|c|☆whitepoliceman69|GG ez negga
|c|☆MIT POG MOMENT|HAHAHAAHAH
|c|☆MIT POG MOMENT|gg wp man
|c|☆whitepoliceman69|Wp
|c|☆MIT POG MOMENT|i love u name man
|inactive|MIT POG MOMENT has 120 seconds left.
|c|☆whitepoliceman69|Jsjs thx
|-message|MIT POG MOMENT forfeited.
|
|win|whitepoliceman69
|raw|MIT POG MOMENT's rating: 1574 &rarr; <strong>1557</strong><br />(-17 for losing)
|raw|whitepoliceman69's rating: 1619 &rarr; <strong>1636</strong><br />(+17 for winning)
|l|☆MIT POG MOMENT
|player|p1|
|l|☆whitepoliceman69
|player|p2|
