|j|☆imsobaked
|j|☆ouku tommy
|t:|1743810983
|gametype|singles
|player|p1|imsobaked|scientist-gen4|1513
|player|p2|ouku tommy|1|1605
|teamsize|p1|6
|teamsize|p2|6
|gen|9
|tier|[Gen 9] OU
|rated|
|rule|HP Percentage Mod: HP is shown in percentages
|rule|Endless Battle Clause: Forcing endless battles is banned
|rule|Species Clause: Limit one of each Pokémon
|rule|OHKO Clause: OHKO moves are banned
|rule|Evasion Items Clause: Evasion items are banned
|rule|Evasion Moves Clause: Evasion moves are banned
|rule|Sleep Moves Clause: Sleep-inducing moves are banned
|clearpoke
|poke|p1|Kingambit, M|
|poke|p1|Dragonite, M|
|poke|p1|Slowking-Galar, F|
|poke|p1|Great Tusk|
|poke|p1|Kyurem|
|poke|p1|Ditto|
|poke|p2|Rillaboom, F|
|poke|p2|Ogerpon-Wellspring, F|
|poke|p2|Garganacl, F|
|poke|p2|Slowking-Galar, F|
|poke|p2|Hydrapple, M|
|poke|p2|Iron Treads|
|teampreview
|inactive|Battle timer is ON: inactive players will automatically lose when time's up. (requested by imsobaked)
|
|t:|1743811034
|start
|switch|p1a: Great Tusk|Great Tusk|100/100
|switch|p2a: Garganacl|Garganacl, F|100/100
|turn|1
|j| stierball
|
|t:|1743811043
|-terastallize|p2a: Garganacl|Water
|move|p1a: Great Tusk|Headlong Rush|p2a: Garganacl
|-damage|p2a: Garganacl|66/100
|-unboost|p1a: Great Tusk|def|1
|-unboost|p1a: Great Tusk|spd|1
|move|p2a: Garganacl|Curse|p2a: Garganacl
|-unboost|p2a: Garganacl|spe|1
|-boost|p2a: Garganacl|atk|1
|-boost|p2a: Garganacl|def|1
|
|-heal|p2a: Garganacl|72/100|[from] item: Leftovers
|upkeep
|turn|2
|
|t:|1743811048
|-end|p1a: Great Tusk|Protosynthesis|[silent]
|switch|p1a: Kyurem|Kyurem|100/100
|-ability|p1a: Kyurem|Pressure
|move|p2a: Garganacl|Salt Cure|p1a: Kyurem
|-supereffective|p1a: Kyurem
|-damage|p1a: Kyurem|59/100
|-start|p1a: Kyurem|Salt Cure
|
|-heal|p2a: Garganacl|78/100|[from] item: Leftovers
|-damage|p1a: Kyurem|47/100|[from] Salt Cure
|upkeep
|turn|3
|
|t:|1743811056
|move|p1a: Kyurem|Freeze-Dry|p2a: Garganacl
|-supereffective|p2a: Garganacl
|-damage|p2a: Garganacl|9/100
|move|p2a: Garganacl|Body Press|p1a: Kyurem
|-supereffective|p1a: Kyurem
|-damage|p1a: Kyurem|0 fnt
|faint|p1a: Kyurem
|
|-heal|p2a: Garganacl|15/100|[from] item: Leftovers
|upkeep
|
|t:|1743811063
|switch|p1a: Great Tusk|Great Tusk|100/100
|turn|4
|
|t:|1743811071
|switch|p2a: Rillaboom|Rillaboom, F|100/100
|-fieldstart|move: Grassy Terrain|[from] ability: Grassy Surge|[of] p2a: Rillaboom
|move|p1a: Great Tusk|Headlong Rush|p2a: Rillaboom
|-resisted|p2a: Rillaboom
|-damage|p2a: Rillaboom|71/100
|-unboost|p1a: Great Tusk|def|1
|-unboost|p1a: Great Tusk|spd|1
|
|-heal|p2a: Rillaboom|77/100|[from] Grassy Terrain
|upkeep
|turn|5
|
|t:|1743811080
|-end|p1a: Great Tusk|Protosynthesis|[silent]
|switch|p1a: Slowking|Slowking-Galar, F|100/100
|move|p2a: Rillaboom|Drum Beating|p1a: Slowking
|-resisted|p1a: Slowking
|-damage|p1a: Slowking|74/100
|-unboost|p1a: Slowking|spe|1
|
|-heal|p2a: Rillaboom|83/100|[from] Grassy Terrain
|-heal|p1a: Slowking|80/100|[from] Grassy Terrain
|-heal|p1a: Slowking|86/100|[from] item: Leftovers
|upkeep
|turn|6
|
|t:|1743811088
|move|p2a: Rillaboom|Knock Off|p1a: Slowking
|-supereffective|p1a: Slowking
|-damage|p1a: Slowking|9/100
|-enditem|p1a: Slowking|Leftovers|[from] move: Knock Off|[of] p2a: Rillaboom
|move|p1a: Slowking|Sludge Wave|p2a: Rillaboom
|-supereffective|p2a: Rillaboom
|-damage|p2a: Rillaboom|0 fnt
|faint|p2a: Rillaboom
|
|-heal|p1a: Slowking|15/100|[from] Grassy Terrain
|upkeep
|
|t:|1743811099
|switch|p2a: Garganacl|Garganacl, F, tera:Water|15/100
|turn|7
|
|t:|1743811110
|switch|p1a: Great Tusk|Great Tusk|100/100
|move|p2a: Garganacl|Recover|p2a: Garganacl
|-heal|p2a: Garganacl|65/100
|
|-heal|p2a: Garganacl|71/100|[from] Grassy Terrain
|-heal|p2a: Garganacl|77/100|[from] item: Leftovers
|upkeep
|turn|8
|
|t:|1743811121
|move|p1a: Great Tusk|Stealth Rock|p2a: Garganacl
|-sidestart|p2: ouku tommy|move: Stealth Rock
|move|p2a: Garganacl|Salt Cure|p1a: Great Tusk
|-resisted|p1a: Great Tusk
|-damage|p1a: Great Tusk|98/100
|-start|p1a: Great Tusk|Salt Cure
|
|-heal|p1a: Great Tusk|100/100|[from] Grassy Terrain
|-heal|p2a: Garganacl|84/100|[from] Grassy Terrain
|-heal|p2a: Garganacl|90/100|[from] item: Leftovers
|-damage|p1a: Great Tusk|88/100|[from] Salt Cure
|upkeep
|turn|9
|
|t:|1743811130
|-end|p1a: Great Tusk|Protosynthesis|[silent]
|switch|p1a: Slowking|Slowking-Galar, F|48/100
|move|p2a: Garganacl|Curse|p2a: Garganacl
|-unboost|p2a: Garganacl|spe|1
|-boost|p2a: Garganacl|atk|1
|-boost|p2a: Garganacl|def|1
|
|-heal|p1a: Slowking|55/100|[from] Grassy Terrain
|-heal|p2a: Garganacl|96/100|[from] Grassy Terrain
|-heal|p2a: Garganacl|100/100|[from] item: Leftovers
|upkeep
|turn|10
|
|t:|1743811135
|move|p1a: Slowking|Sludge Wave|p2a: Garganacl
|-damage|p2a: Garganacl|65/100
|move|p2a: Garganacl|Salt Cure|p1a: Slowking
|-damage|p1a: Slowking|32/100
|-start|p1a: Slowking|Salt Cure
|
|-heal|p1a: Slowking|38/100|[from] Grassy Terrain
|-heal|p2a: Garganacl|71/100|[from] Grassy Terrain
|-heal|p2a: Garganacl|77/100|[from] item: Leftovers
|-damage|p1a: Slowking|26/100|[from] Salt Cure
|upkeep
|turn|11
|
|t:|1743811149
|-prepare|p1a: Slowking|Chilly Reception|[premajor]
|move|p1a: Slowking|Chilly Reception|p1a: Slowking
|-weather|Snowscape
|
|t:|1743811153
|switch|p1a: Dragonite|Dragonite, M|100/100|[from] Chilly Reception
|move|p2a: Garganacl|Salt Cure|p1a: Dragonite
|-supereffective|p1a: Dragonite
|-damage|p1a: Dragonite|80/100
|-start|p1a: Dragonite|Salt Cure
|
|-weather|Snowscape|[upkeep]
|-heal|p2a: Garganacl|83/100|[from] Grassy Terrain
|-heal|p2a: Garganacl|90/100|[from] item: Leftovers
|-damage|p1a: Dragonite|68/100|[from] Salt Cure
|-fieldend|move: Grassy Terrain
|upkeep
|turn|12
|
|t:|1743811159
|move|p1a: Dragonite|Thunderbolt|p2a: Garganacl
|-supereffective|p2a: Garganacl
|-damage|p2a: Garganacl|35/100
|move|p2a: Garganacl|Salt Cure|p1a: Dragonite
|-supereffective|p1a: Dragonite
|-damage|p1a: Dragonite|26/100
|
|-weather|Snowscape|[upkeep]
|-heal|p2a: Garganacl|41/100|[from] item: Leftovers
|-damage|p1a: Dragonite|14/100|[from] Salt Cure
|upkeep
|turn|13
|
|t:|1743811167
|switch|p2a: Slowking|Slowking-Galar, F|100/100
|-damage|p2a: Slowking|88/100|[from] Stealth Rock
|move|p1a: Dragonite|Flamethrower|p2a: Slowking
|-damage|p2a: Slowking|65/100
|
|-weather|Snowscape|[upkeep]
|-heal|p2a: Slowking|71/100|[from] item: Black Sludge
|-damage|p1a: Dragonite|2/100|[from] Salt Cure
|upkeep
|turn|14
|
|t:|1743811175
|switch|p1a: Slowking|Slowking-Galar, F|59/100
|-prepare|p2a: Slowking|Chilly Reception|[premajor]
|move|p2a: Slowking|Chilly Reception|p2a: Slowking
|
|t:|1743811181
|switch|p2a: Iron Treads|Iron Treads|100/100|[from] Chilly Reception
|-damage|p2a: Iron Treads|97/100|[from] Stealth Rock
|
|-weather|Snowscape|[upkeep]
|-heal|p2a: Iron Treads|100/100|[from] item: Leftovers
|upkeep
|turn|15
|
|t:|1743811186
|switch|p1a: Dragonite|Dragonite, M|2/100
|move|p2a: Iron Treads|High Horsepower|p1a: Dragonite
|-immune|p1a: Dragonite
|
|-weather|none
|upkeep
|turn|16
|
|t:|1743811190
|move|p2a: Iron Treads|Rapid Spin|p1a: Dragonite
|-damage|p1a: Dragonite|0 fnt
|-boost|p2a: Iron Treads|spe|1
|-sideend|p2: ouku tommy|Stealth Rock|[from] move: Rapid Spin|[of] p2a: Iron Treads
|faint|p1a: Dragonite
|
|upkeep
|
|t:|1743811191
|switch|p1a: Great Tusk|Great Tusk|88/100
|turn|17
|
|t:|1743811202
|move|p2a: Iron Treads|Knock Off|p1a: Great Tusk
|-resisted|p1a: Great Tusk
|-damage|p1a: Great Tusk|77/100
|-enditem|p1a: Great Tusk|Leftovers|[from] move: Knock Off|[of] p2a: Iron Treads
|move|p1a: Great Tusk|Stealth Rock|p2a: Iron Treads
|-sidestart|p2: ouku tommy|move: Stealth Rock
|
|upkeep
|turn|18
|
|t:|1743811219
|move|p2a: Iron Treads|Rapid Spin|p1a: Great Tusk
|-damage|p1a: Great Tusk|64/100
|-boost|p2a: Iron Treads|spe|1
|-sideend|p2: ouku tommy|Stealth Rock|[from] move: Rapid Spin|[of] p2a: Iron Treads
|move|p1a: Great Tusk|Headlong Rush|p2a: Iron Treads
|-supereffective|p2a: Iron Treads
|-damage|p2a: Iron Treads|0 fnt
|-unboost|p1a: Great Tusk|def|1
|-unboost|p1a: Great Tusk|spd|1
|faint|p2a: Iron Treads
|-end|p2a: Iron Treads|Quark Drive|[silent]
|
|upkeep
|
|t:|1743811229
|switch|p2a: Ogerpon|Ogerpon-Wellspring, F|100/100
|turn|19
|
|t:|1743811234
|-end|p1a: Great Tusk|Protosynthesis|[silent]
|switch|p1a: Slowking|Slowking-Galar, F|92/100
|move|p2a: Ogerpon|Power Whip|p1a: Slowking
|-resisted|p1a: Slowking
|-damage|p1a: Slowking|56/100
|
|upkeep
|turn|20
|
|t:|1743811237
|move|p2a: Ogerpon|Ivy Cudgel|p1a: Slowking|[anim] Ivy Cudgel Water
|-damage|p1a: Slowking|0 fnt
|faint|p1a: Slowking
|
|upkeep
|
|t:|1743811241
|switch|p1a: Kingambit|Kingambit, M|100/100
|-activate|p1a: Kingambit|ability: Supreme Overlord
|-start|p1a: Kingambit|fallen3|[silent]
|turn|21
|
|t:|1743811246
|move|p2a: Ogerpon|U-turn|p1a: Kingambit
|-damage|p1a: Kingambit|80/100
|
|t:|1743811249
|switch|p2a: Hydrapple|Hydrapple, M|100/100|[from] U-turn
|move|p1a: Kingambit|Kowtow Cleave|p2a: Hydrapple
|-damage|p2a: Hydrapple|38/100
|
|upkeep
|turn|22
|
|t:|1743811259
|move|p2a: Hydrapple|Earth Power|p1a: Kingambit
|-supereffective|p1a: Kingambit
|-damage|p1a: Kingambit|5/100
|-damage|p2a: Hydrapple|29/100|[from] item: Life Orb
|move|p1a: Kingambit|Kowtow Cleave|p2a: Hydrapple
|-damage|p2a: Hydrapple|0 fnt
|faint|p2a: Hydrapple
|
|upkeep
|
|t:|1743811273
|switch|p2a: Ogerpon|Ogerpon-Wellspring, F|100/100
|turn|23
|
|t:|1743811278
|-end|p1a: Kingambit|fallen3|[silent]
|switch|p1a: Ditto|Ditto|100/100
|-transform|p1a: Ditto|p2a: Ogerpon|[from] ability: Imposter
|move|p2a: Ogerpon|U-turn|p1a: Ditto
|-supereffective|p1a: Ditto
|-damage|p1a: Ditto|34/100
|
|t:|1743811286
|switch|p2a: Slowking|Slowking-Galar, F|100/100|[from] U-turn
|
|upkeep
|turn|24
|
|t:|1743811292
|move|p1a: Ditto|U-turn|p2a: Slowking
|-damage|p2a: Slowking|84/100
|
|t:|1743811295
|switch|p1a: Great Tusk|Great Tusk|64/100|[from] U-turn
|move|p2a: Slowking|Trick|p1a: Great Tusk
|-activate|p2a: Slowking|move: Trick|[of] p1a: Great Tusk
|-item|p1a: Great Tusk|Black Sludge|[from] move: Trick
|-enditem|p2a: Slowking|Black Sludge|[silent]|[from] move: Trick
|
|-damage|p1a: Great Tusk|52/100|[from] item: Black Sludge
|upkeep
|turn|25
|inactive|ouku tommy has 120 seconds left.
|
|t:|1743811333
|switch|p2a: Ogerpon|Ogerpon-Wellspring, F|100/100
|move|p1a: Great Tusk|Headlong Rush|p2a: Ogerpon
|-resisted|p2a: Ogerpon
|-damage|p2a: Ogerpon|59/100
|-unboost|p1a: Great Tusk|def|1
|-unboost|p1a: Great Tusk|spd|1
|
|-damage|p1a: Great Tusk|40/100|[from] item: Black Sludge
|upkeep
|turn|26
|inactive|ouku tommy has 120 seconds left.
|
|t:|1743811351
|move|p2a: Ogerpon|Power Whip|p1a: Great Tusk|[miss]
|-miss|p2a: Ogerpon|p1a: Great Tusk
|move|p1a: Great Tusk|Rapid Spin|p2a: Ogerpon
|-damage|p2a: Ogerpon|37/100
|-boost|p1a: Great Tusk|spe|1
|
|-damage|p1a: Great Tusk|27/100|[from] item: Black Sludge
|upkeep
|turn|27
|
|t:|1743811372
|switch|p2a: Slowking|Slowking-Galar, F|100/100
|move|p1a: Great Tusk|Rapid Spin|p2a: Slowking
|-damage|p2a: Slowking|88/100
|-boost|p1a: Great Tusk|spe|1
|
|-damage|p1a: Great Tusk|15/100|[from] item: Black Sludge
|upkeep
|turn|28
|
|t:|1743811398
|move|p1a: Great Tusk|Headlong Rush|p2a: Slowking
|-supereffective|p2a: Slowking
|-damage|p2a: Slowking|4/100
|-unboost|p1a: Great Tusk|def|1
|-unboost|p1a: Great Tusk|spd|1
|move|p2a: Slowking|Sludge Bomb|p1a: Great Tusk
|-resisted|p1a: Great Tusk
|-damage|p1a: Great Tusk|0 fnt
|faint|p1a: Great Tusk
|-end|p1a: Great Tusk|Protosynthesis|[silent]
|
|upkeep
|
|t:|1743811405
|switch|p1a: Kingambit|Kingambit, M|5/100
|-activate|p1a: Kingambit|ability: Supreme Overlord
|-start|p1a: Kingambit|fallen4|[silent]
|turn|29
|
|t:|1743811414
|move|p1a: Kingambit|Kowtow Cleave|p2a: Slowking
|-supereffective|p2a: Slowking
|-damage|p2a: Slowking|0 fnt
|faint|p2a: Slowking
|
|upkeep
|
|t:|1743811416
|switch|p2a: Ogerpon|Ogerpon-Wellspring, F|37/100
|turn|30
|
|t:|1743811418
|move|p1a: Kingambit|Sucker Punch|p2a: Ogerpon
|-damage|p2a: Ogerpon|0 fnt
|faint|p2a: Ogerpon
|
|upkeep
|
|t:|1743811420
|switch|p2a: Garganacl|Garganacl, F, tera:Water|41/100
|turn|31
|
|t:|1743811424
|move|p1a: Kingambit|Kowtow Cleave|p2a: Garganacl
|-damage|p2a: Garganacl|0 fnt
|faint|p2a: Garganacl
|
|win|imsobaked
|raw|imsobaked's rating: 1513 &rarr; <strong>1538</strong><br />(+25 for winning)
|raw|ouku tommy's rating: 1605 &rarr; <strong>1580</strong><br />(-25 for losing)
|l|☆ouku tommy
|player|p2|
|c|☆imsobaked|gg
