|j|☆WanderingTrainerll
|j|☆djays4
|t:|1743829559
|gametype|singles
|player|p1|WanderingTrainerll|266|1155
|player|p2|djays4|101|1109
|teamsize|p1|6
|teamsize|p2|6
|gen|9
|tier|[Gen 9] OU
|rated|
|rule|HP Percentage Mod: HP is shown in percentages
|rule|Endless Battle Clause: Forcing endless battles is banned
|rule|Species Clause: Limit one of each Pokémon
|rule|OHKO Clause: OHKO moves are banned
|rule|Evasion Items Clause: Evasion items are banned
|rule|Evasion Moves Clause: Evasion moves are banned
|rule|Sleep Moves Clause: Sleep-inducing moves are banned
|clearpoke
|poke|p1|Breloom, M|
|poke|p1|Galvantula, M|
|poke|p1|Cinccino, F|
|poke|p1|Espeon, F|
|poke|p1|Klefki, F|
|poke|p1|Flygon, M|
|poke|p2|Primarina, M|
|poke|p2|Alomomola, F|
|poke|p2|Gholdengo|
|poke|p2|Clefable, M|
|poke|p2|Ogerpon-Wellspring, F|
|poke|p2|Cinderace, F|
|teampreview
|
|t:|1743829572
|start
|switch|p1a: Benny Buggin'|Galvantula, M, shiny|100/100
|switch|p2a: Clefable|Clefable, M|100/100
|turn|1
|
|t:|1743829581
|move|p1a: Benny Buggin'|Infestation|p2a: Clefable
|-resisted|p2a: Clefable
|-damage|p2a: Clefable|96/100
|-activate|p2a: Clefable|move: Infestation|[of] p1a: Benny Buggin'
|move|p2a: Clefable|Stealth Rock|p1a: Benny Buggin'
|-sidestart|p1: WanderingTrainerll|move: Stealth Rock
|
|-heal|p2a: Clefable|100/100|[from] item: Leftovers
|upkeep
|turn|2
|
|t:|1743829592
|move|p1a: Benny Buggin'|Thunderbolt|p2a: Clefable
|-damage|p2a: Clefable|62/100
|move|p2a: Clefable|Moonblast|p1a: Benny Buggin'
|-damage|p1a: Benny Buggin'|65/100
|
|-heal|p2a: Clefable|69/100|[from] item: Leftovers
|upkeep
|turn|3
|
|t:|1743829603
|move|p1a: Benny Buggin'|Thunderbolt|p2a: Clefable
|-damage|p2a: Clefable|32/100
|move|p2a: Clefable|Moonblast|p1a: Benny Buggin'
|-damage|p1a: Benny Buggin'|27/100
|
|-heal|p2a: Clefable|38/100|[from] item: Leftovers
|upkeep
|turn|4
|
|t:|1743829611
|move|p1a: Benny Buggin'|Thunderbolt|p2a: Clefable
|-damage|p2a: Clefable|4/100
|-status|p2a: Clefable|par
|move|p2a: Clefable|Moonlight|p2a: Clefable
|-heal|p2a: Clefable|54/100 par
|
|-heal|p2a: Clefable|60/100 par|[from] item: Leftovers
|upkeep
|turn|5
|
|t:|1743829620
|move|p1a: Benny Buggin'|Thunderbolt|p2a: Clefable
|-damage|p2a: Clefable|21/100 par
|cant|p2a: Clefable|par
|
|-heal|p2a: Clefable|27/100 par|[from] item: Leftovers
|-end|p2a: Clefable|Infestation|[partiallytrapped]
|upkeep
|turn|6
|
|t:|1743829630
|move|p1a: Benny Buggin'|Thunderbolt|p2a: Clefable
|-damage|p2a: Clefable|0 fnt
|faint|p2a: Clefable
|
|upkeep
|
|t:|1743829637
|switch|p2a: Gholdengo|Gholdengo|100/100
|-item|p2a: Gholdengo|Air Balloon
|turn|7
|
|t:|1743829644
|move|p1a: Benny Buggin'|Thunderbolt|p2a: Gholdengo
|-damage|p2a: Gholdengo|61/100
|-enditem|p2a: Gholdengo|Air Balloon
|move|p2a: Gholdengo|Nasty Plot|p2a: Gholdengo
|-boost|p2a: Gholdengo|spa|2
|
|upkeep
|turn|8
|
|t:|1743829651
|move|p1a: Benny Buggin'|Thunderbolt|p2a: Gholdengo
|-damage|p2a: Gholdengo|24/100
|move|p2a: Gholdengo|Shadow Ball|p1a: Benny Buggin'
|-damage|p1a: Benny Buggin'|0 fnt
|faint|p1a: Benny Buggin'
|
|upkeep
|
|t:|1743829672
|switch|p1a: Darlene Danger|Espeon, F, shiny|100/100
|-damage|p1a: Darlene Danger|88/100|[from] Stealth Rock
|turn|9
|
|t:|1743829676
|move|p1a: Darlene Danger|Shadow Ball|p2a: Gholdengo
|-supereffective|p2a: Gholdengo
|-crit|p2a: Gholdengo
|-damage|p2a: Gholdengo|0 fnt
|faint|p2a: Gholdengo
|
|-heal|p1a: Darlene Danger|94/100|[from] item: Leftovers
|upkeep
|
|t:|1743829690
|switch|p2a: Primarina|Primarina, M|100/100
|turn|10
|
|t:|1743829702
|move|p1a: Darlene Danger|Substitute|p1a: Darlene Danger
|-start|p1a: Darlene Danger|Substitute
|-damage|p1a: Darlene Danger|70/100
|move|p2a: Primarina|Calm Mind|p2a: Primarina
|-boost|p2a: Primarina|spa|1
|-boost|p2a: Primarina|spd|1
|
|-heal|p1a: Darlene Danger|75/100|[from] item: Leftovers
|upkeep
|turn|11
|
|t:|1743829710
|move|p1a: Darlene Danger|Calm Mind|p1a: Darlene Danger
|-boost|p1a: Darlene Danger|spa|1
|-boost|p1a: Darlene Danger|spd|1
|move|p2a: Primarina|Surf|p1a: Darlene Danger
|-end|p1a: Darlene Danger|Substitute
|
|-heal|p1a: Darlene Danger|81/100|[from] item: Leftovers
|upkeep
|turn|12
|
|t:|1743829719
|move|p1a: Darlene Danger|Calm Mind|p1a: Darlene Danger
|-boost|p1a: Darlene Danger|spa|1
|-boost|p1a: Darlene Danger|spd|1
|move|p2a: Primarina|Moonblast|p1a: Darlene Danger
|-damage|p1a: Darlene Danger|38/100
|
|-heal|p1a: Darlene Danger|44/100|[from] item: Leftovers
|upkeep
|turn|13
|
|t:|1743829732
|move|p1a: Darlene Danger|Stored Power|p2a: Primarina
|-damage|p2a: Primarina|52/100
|move|p2a: Primarina|Moonblast|p1a: Darlene Danger
|-crit|p1a: Darlene Danger
|-damage|p1a: Darlene Danger|0 fnt
|faint|p1a: Darlene Danger
|
|upkeep
|
|t:|1743829741
|switch|p1a: Clara Klinky|Klefki, F, shiny|100/100
|-damage|p1a: Clara Klinky|95/100|[from] Stealth Rock
|turn|14
|
|t:|1743829748
|move|p1a: Clara Klinky|Switcheroo|p2a: Primarina
|-activate|p1a: Clara Klinky|move: Trick|[of] p2a: Primarina
|-item|p2a: Primarina|Choice Specs|[from] move: Switcheroo
|-item|p1a: Clara Klinky|Custap Berry|[from] move: Switcheroo
|move|p2a: Primarina|Surf|p1a: Clara Klinky
|-damage|p1a: Clara Klinky|0 fnt
|faint|p1a: Clara Klinky
|
|upkeep
|
|t:|1743829760
|switch|p1a: Cammie Cappuccino|Cinccino, F, shiny|100/100
|-damage|p1a: Cammie Cappuccino|88/100|[from] Stealth Rock
|turn|15
|
|t:|1743829767
|move|p1a: Cammie Cappuccino|Tidy Up|p1a: Cammie Cappuccino
|-sideend|p1: WanderingTrainerll|Stealth Rock
|-activate|p1a: Cammie Cappuccino|move: Tidy Up
|-boost|p1a: Cammie Cappuccino|atk|1
|-boost|p1a: Cammie Cappuccino|spe|1
|move|p2a: Primarina|Surf|p1a: Cammie Cappuccino
|-damage|p1a: Cammie Cappuccino|0 fnt
|faint|p1a: Cammie Cappuccino
|
|upkeep
|
|t:|1743829789
|switch|p1a: Joey Jawbreaker|Breloom, M, shiny|100/100
|turn|16
|
|t:|1743829795
|move|p1a: Joey Jawbreaker|Bullet Seed|p2a: Primarina
|-supereffective|p2a: Primarina
|-damage|p2a: Primarina|0 fnt
|faint|p2a: Primarina
|-hitcount|p2: Primarina|1
|
|upkeep
|
|t:|1743829801
|switch|p2a: Cinderace|Cinderace, F|100/100
|turn|17
|
|t:|1743829807
|move|p2a: Cinderace|Pyro Ball|p1a: Joey Jawbreaker
|-supereffective|p1a: Joey Jawbreaker
|-enditem|p1a: Joey Jawbreaker|Focus Sash
|-damage|p1a: Joey Jawbreaker|1/100
|move|p1a: Joey Jawbreaker|Swords Dance|p1a: Joey Jawbreaker
|-boost|p1a: Joey Jawbreaker|atk|2
|
|upkeep
|turn|18
|
|t:|1743829814
|move|p1a: Joey Jawbreaker|Mach Punch|p2a: Cinderace
|-damage|p2a: Cinderace|20/100
|move|p2a: Cinderace|U-turn|p1a: Joey Jawbreaker
|-damage|p1a: Joey Jawbreaker|0 fnt
|faint|p1a: Joey Jawbreaker
|
|t:|1743829823
|switch|p2a: Ogerpon|Ogerpon-Wellspring, F|100/100|[from] U-turn
|
|upkeep
|
|t:|1743829826
|switch|p1a: Freddie Fly|Flygon, M, shiny|100/100
|turn|19
|
|t:|1743829839
|-terastallize|p2a: Ogerpon|Water
|detailschange|p2a: Ogerpon|Ogerpon-Wellspring-Tera, F, tera:Water
|-ability|p2a: Ogerpon|Embody Aspect (Wellspring)|boost
|-boost|p2a: Ogerpon|spd|1
|move|p2a: Ogerpon|Swords Dance|p2a: Ogerpon
|-boost|p2a: Ogerpon|atk|2
|move|p1a: Freddie Fly|Dragon Dance|p1a: Freddie Fly
|-boost|p1a: Freddie Fly|atk|1
|-boost|p1a: Freddie Fly|spe|1
|
|upkeep
|turn|20
|
|t:|1743829852
|move|p1a: Freddie Fly|Dragon Dance|p1a: Freddie Fly
|-boost|p1a: Freddie Fly|atk|1
|-boost|p1a: Freddie Fly|spe|1
|move|p2a: Ogerpon|Play Rough|p1a: Freddie Fly
|-supereffective|p1a: Freddie Fly
|-enditem|p1a: Freddie Fly|Focus Sash
|-damage|p1a: Freddie Fly|1/100
|
|upkeep
|turn|21
|
|t:|1743829863
|move|p1a: Freddie Fly|Earthquake|p2a: Ogerpon
|-damage|p2a: Ogerpon|0 fnt
|faint|p2a: Ogerpon
|
|upkeep
|
|t:|1743829870
|switch|p2a: Alomomola|Alomomola, F|100/100
|turn|22
|
|t:|1743829876
|move|p1a: Freddie Fly|Earthquake|p2a: Alomomola
|-damage|p2a: Alomomola|42/100
|move|p2a: Alomomola|Scald|p1a: Freddie Fly
|-damage|p1a: Freddie Fly|0 fnt
|faint|p1a: Freddie Fly
|
|win|djays4
|raw|WanderingTrainerll's rating: 1155 &rarr; <strong>1127</strong><br />(-28 for losing)
|raw|djays4's rating: 1109 &rarr; <strong>1137</strong><br />(+28 for winning)
|l|☆WanderingTrainerll
|player|p1|
|l|☆djays4
|player|p2|
