|j|‽antohihihiho
|j|☆Danix507
|t:|1743836386
|gametype|singles
|player|p1|antohihihiho|policeman-gen4|1127
|player|p2|Danix507|hilbert-wonderlauncher|1170
|teamsize|p1|6
|teamsize|p2|6
|gen|9
|tier|[Gen 9] OU
|rated|
|rule|HP Percentage Mod: HP is shown in percentages
|rule|Endless Battle Clause: Forcing endless battles is banned
|rule|Species Clause: Limit one of each Pokémon
|rule|OHKO Clause: OHKO moves are banned
|rule|Evasion Items Clause: Evasion items are banned
|rule|Evasion Moves Clause: Evasion moves are banned
|rule|Sleep Moves Clause: Sleep-inducing moves are banned
|clearpoke
|poke|p1|Iron Moth|
|poke|p1|Kingambit, M|
|poke|p1|Dragonite, M|
|poke|p1|Ogerpon-Cornerstone, F|
|poke|p1|Iron Valiant|
|poke|p1|Raging Bolt|
|poke|p2|Blissey, F|
|poke|p2|Amoonguss, M|
|poke|p2|Bronzong|
|poke|p2|Gliscor, M|
|poke|p2|Dondozo, M|
|poke|p2|Alomomola, F|
|teampreview
|
|t:|1743836394
|start
|switch|p1a: Iron Moth|Iron Moth|100/100
|switch|p2a: Gliscor|Gliscor, M, shiny|100/100
|-enditem|p1a: Iron Moth|Booster Energy
|-activate|p1a: Iron Moth|ability: Quark Drive|[fromitem]
|-start|p1a: Iron Moth|quarkdrivespe
|turn|1
|
|t:|1743836405
|move|p2a: Gliscor|Protect|p2a: Gliscor
|-singleturn|p2a: Gliscor|Protect
|move|p1a: Iron Moth|Dazzling Gleam|p2a: Gliscor
|-activate|p2a: Gliscor|move: Protect
|
|-status|p2a: Gliscor|tox|[from] item: Toxic Orb
|upkeep
|turn|2
|
|t:|1743836419
|move|p1a: Iron Moth|Dazzling Gleam|p2a: Gliscor
|-damage|p2a: Gliscor|75/100 tox
|move|p2a: Gliscor|Earthquake|p1a: Iron Moth
|-supereffective|p1a: Iron Moth
|-damage|p1a: Iron Moth|0 fnt
|faint|p1a: Iron Moth
|-end|p1a: Iron Moth|Quark Drive|[silent]
|
|-heal|p2a: Gliscor|88/100 tox|[from] ability: Poison Heal
|upkeep
|
|t:|1743836430
|switch|p1a: Ogerpon|Ogerpon-Cornerstone, F|100/100
|turn|3
|
|t:|1743836437
|move|p2a: Gliscor|Protect|p2a: Gliscor
|-singleturn|p2a: Gliscor|Protect
|move|p1a: Ogerpon|Knock Off|p2a: Gliscor
|-activate|p2a: Gliscor|move: Protect
|
|-heal|p2a: Gliscor|99/100 tox|[from] ability: Poison Heal
|upkeep
|turn|4
|
|t:|1743836446
|move|p1a: Ogerpon|Knock Off|p2a: Gliscor
|-damage|p2a: Gliscor|70/100 tox
|-enditem|p2a: Gliscor|Toxic Orb|[from] move: Knock Off|[of] p1a: Ogerpon
|move|p2a: Gliscor|Spikes|p1a: Ogerpon
|-sidestart|p1: antohihihiho|Spikes
|
|-heal|p2a: Gliscor|82/100 tox|[from] ability: Poison Heal
|upkeep
|turn|5
|
|t:|1743836457
|-terastallize|p1a: Ogerpon|Rock
|detailschange|p1a: Ogerpon|Ogerpon-Cornerstone-Tera, F, tera:Rock
|-ability|p1a: Ogerpon|Embody Aspect (Cornerstone)|boost
|-boost|p1a: Ogerpon|def|1
|move|p2a: Gliscor|Protect|p2a: Gliscor
|-singleturn|p2a: Gliscor|Protect
|move|p1a: Ogerpon|Ivy Cudgel|p2a: Gliscor|[anim] Ivy Cudgel Rock
|-activate|p2a: Gliscor|move: Protect
|
|-heal|p2a: Gliscor|95/100 tox|[from] ability: Poison Heal
|upkeep
|turn|6
|
|t:|1743836470
|move|p1a: Ogerpon|Ivy Cudgel|p2a: Gliscor|[anim] Ivy Cudgel Rock
|-damage|p2a: Gliscor|32/100 tox
|move|p2a: Gliscor|Spikes|p1a: Ogerpon
|-sidestart|p1: antohihihiho|Spikes
|
|-heal|p2a: Gliscor|45/100 tox|[from] ability: Poison Heal
|upkeep
|turn|7
|
|t:|1743836478
|move|p2a: Gliscor|Protect|p2a: Gliscor
|-singleturn|p2a: Gliscor|Protect
|move|p1a: Ogerpon|Ivy Cudgel|p2a: Gliscor|[anim] Ivy Cudgel Rock
|-activate|p2a: Gliscor|move: Protect
|
|-heal|p2a: Gliscor|57/100 tox|[from] ability: Poison Heal
|upkeep
|turn|8
|
|t:|1743836488
|switch|p2a: Alomomola|Alomomola, F, shiny|100/100
|move|p1a: Ogerpon|Ivy Cudgel|p2a: Alomomola|[anim] Ivy Cudgel Rock
|-damage|p2a: Alomomola|49/100
|
|upkeep
|turn|9
|
|t:|1743836497
|move|p2a: Alomomola|Protect|p2a: Alomomola
|-singleturn|p2a: Alomomola|Protect
|move|p1a: Ogerpon|Power Whip|p2a: Alomomola
|-activate|p2a: Alomomola|move: Protect
|
|upkeep
|turn|10
|
|t:|1743836507
|switch|p2a: Bronzong|Bronzong|100/100
|move|p1a: Ogerpon|Power Whip|p2a: Bronzong
|-resisted|p2a: Bronzong
|-damage|p2a: Bronzong|71/100
|
|-heal|p2a: Bronzong|77/100|[from] item: Leftovers
|upkeep
|turn|11
|
|t:|1743836529
|move|p2a: Bronzong|Protect|p2a: Bronzong
|-singleturn|p2a: Bronzong|Protect
|move|p1a: Ogerpon|Knock Off|p2a: Bronzong
|-activate|p2a: Bronzong|move: Protect
|
|-heal|p2a: Bronzong|83/100|[from] item: Leftovers
|upkeep
|turn|12
|
|t:|1743836556
|switch|p2a: Dondozo|Dondozo, M|100/100
|move|p1a: Ogerpon|Knock Off|p2a: Dondozo
|-damage|p2a: Dondozo|85/100
|-enditem|p2a: Dondozo|Heavy-Duty Boots|[from] move: Knock Off|[of] p1a: Ogerpon
|
|upkeep
|turn|13
|
|t:|1743836565
|switch|p1a: Raging Bolt|Raging Bolt|100/100
|-damage|p1a: Raging Bolt|84/100|[from] Spikes
|-enditem|p1a: Raging Bolt|Booster Energy
|-activate|p1a: Raging Bolt|ability: Protosynthesis|[fromitem]
|-start|p1a: Raging Bolt|protosynthesisspa
|-terastallize|p2a: Dondozo|Fighting
|move|p2a: Dondozo|Curse|p2a: Dondozo
|-unboost|p2a: Dondozo|spe|1
|-boost|p2a: Dondozo|atk|1
|-boost|p2a: Dondozo|def|1
|
|upkeep
|turn|14
|
|t:|1743836597
|switch|p2a: Gliscor|Gliscor, M, shiny|57/100 tox
|move|p1a: Raging Bolt|Thunderbolt|p2a: Gliscor
|-immune|p2a: Gliscor
|
|-heal|p2a: Gliscor|70/100 tox|[from] ability: Poison Heal
|upkeep
|turn|15
|
|t:|1743836608
|move|p2a: Gliscor|Protect|p2a: Gliscor
|-singleturn|p2a: Gliscor|Protect
|move|p1a: Raging Bolt|Dragon Pulse|p2a: Gliscor
|-activate|p2a: Gliscor|move: Protect
|
|-heal|p2a: Gliscor|82/100 tox|[from] ability: Poison Heal
|upkeep
|turn|16
|
|t:|1743836616
|switch|p2a: Blissey|Blissey, F, shiny|100/100
|move|p1a: Raging Bolt|Dragon Pulse|p2a: Blissey
|-damage|p2a: Blissey|81/100
|
|upkeep
|turn|17
|
|t:|1743836623
|-end|p1a: Raging Bolt|Protosynthesis|[silent]
|switch|p1a: Iron Valiant|Iron Valiant|100/100
|-damage|p1a: Iron Valiant|84/100|[from] Spikes
|-enditem|p1a: Iron Valiant|Booster Energy
|-activate|p1a: Iron Valiant|ability: Quark Drive|[fromitem]
|-start|p1a: Iron Valiant|quarkdrivespe
|move|p2a: Blissey|Seismic Toss|p1a: Iron Valiant
|-damage|p1a: Iron Valiant|49/100
|
|upkeep
|turn|18
|
|t:|1743836635
|switch|p2a: Bronzong|Bronzong|83/100
|move|p1a: Iron Valiant|Close Combat|p2a: Bronzong
|-damage|p2a: Bronzong|27/100
|-unboost|p1a: Iron Valiant|def|1
|-unboost|p1a: Iron Valiant|spd|1
|
|-heal|p2a: Bronzong|33/100|[from] item: Leftovers
|upkeep
|turn|19
|
|t:|1743836645
|move|p2a: Bronzong|Protect|p2a: Bronzong
|-singleturn|p2a: Bronzong|Protect
|move|p1a: Iron Valiant|Knock Off|p2a: Bronzong
|-activate|p2a: Bronzong|move: Protect
|
|-heal|p2a: Bronzong|39/100|[from] item: Leftovers
|upkeep
|turn|20
|
|t:|1743836659
|move|p1a: Iron Valiant|Close Combat|p2a: Bronzong
|-damage|p2a: Bronzong|0 fnt
|-unboost|p1a: Iron Valiant|def|1
|-unboost|p1a: Iron Valiant|spd|1
|faint|p2a: Bronzong
|
|upkeep
|
|t:|1743836664
|switch|p2a: Gliscor|Gliscor, M, shiny|82/100 tox
|turn|21
|
|t:|1743836679
|move|p1a: Iron Valiant|Destiny Bond|p1a: Iron Valiant
|-singlemove|p1a: Iron Valiant|Destiny Bond
|move|p2a: Gliscor|Earthquake|p1a: Iron Valiant
|-damage|p1a: Iron Valiant|0 fnt
|faint|p1a: Iron Valiant
|-activate|p1a: Iron Valiant|move: Destiny Bond
|-end|p1a: Iron Valiant|Quark Drive|[silent]
|faint|p2a: Gliscor
|
|upkeep
|
|t:|1743836707
|switch|p1a: Kingambit|Kingambit, M|100/100
|switch|p2a: Alomomola|Alomomola, F, shiny|82/100
|-damage|p1a: Kingambit|84/100|[from] Spikes
|-activate|p1a: Kingambit|ability: Supreme Overlord
|-start|p1a: Kingambit|fallen2|[silent]
|turn|22
|
|t:|1743836719
|move|p1a: Kingambit|Swords Dance|p1a: Kingambit
|-boost|p1a: Kingambit|atk|2
|move|p2a: Alomomola|Wish|p2a: Alomomola
|
|upkeep
|turn|23
|
|t:|1743836727
|move|p1a: Kingambit|Swords Dance|p1a: Kingambit
|-boost|p1a: Kingambit|atk|2
|move|p2a: Alomomola|Flip Turn|p1a: Kingambit
|-damage|p1a: Kingambit|71/100
|
|t:|1743836731
|switch|p2a: Dondozo|Dondozo, M, tera:Fighting|85/100|[from] Flip Turn
|
|-heal|p2a: Dondozo|100/100|[from] move: Wish|[wisher] Alomomola
|upkeep
|turn|24
|
|t:|1743836754
|move|p1a: Kingambit|Kowtow Cleave|p2a: Dondozo
|-resisted|p2a: Dondozo
|-damage|p2a: Dondozo|86/100
|move|p2a: Dondozo|Curse|p2a: Dondozo
|-unboost|p2a: Dondozo|spe|1
|-boost|p2a: Dondozo|atk|1
|-boost|p2a: Dondozo|def|1
|
|upkeep
|turn|25
|
|t:|1743836761
|move|p1a: Kingambit|Sucker Punch|p2a: Dondozo
|-resisted|p2a: Dondozo
|-damage|p2a: Dondozo|78/100
|move|p2a: Dondozo|Wave Crash|p1a: Kingambit
|-damage|p1a: Kingambit|17/100
|-damage|p2a: Dondozo|66/100|[from] Recoil
|
|upkeep
|turn|26
|
|t:|1743836784
|move|p1a: Kingambit|Iron Head|p2a: Dondozo
|-damage|p2a: Dondozo|50/100
|move|p2a: Dondozo|Curse|p2a: Dondozo
|-unboost|p2a: Dondozo|spe|1
|-boost|p2a: Dondozo|atk|1
|-boost|p2a: Dondozo|def|1
|
|upkeep
|turn|27
|
|t:|1743836791
|move|p1a: Kingambit|Iron Head|p2a: Dondozo
|-damage|p2a: Dondozo|37/100
|move|p2a: Dondozo|Rest|p2a: Dondozo
|-status|p2a: Dondozo|slp|[from] move: Rest
|-heal|p2a: Dondozo|100/100 slp|[silent]
|
|upkeep
|turn|28
|
|t:|1743836806
|-end|p1a: Kingambit|fallen2|[silent]
|switch|p1a: Dragonite|Dragonite, M|100/100
|cant|p2a: Dondozo|slp
|move|p2a: Dondozo|Sleep Talk|p2a: Dondozo
|move|p2a: Dondozo|Wave Crash|p1a: Dragonite|[from] move: Sleep Talk
|-resisted|p1a: Dragonite
|-damage|p1a: Dragonite|78/100
|-damage|p2a: Dondozo|96/100 slp|[from] Recoil
|
|upkeep
|turn|29
|
|t:|1743836817
|move|p1a: Dragonite|Dragon Dance|p1a: Dragonite
|-boost|p1a: Dragonite|atk|1
|-boost|p1a: Dragonite|spe|1
|cant|p2a: Dondozo|slp
|
|upkeep
|turn|30
|
|t:|1743836828
|move|p1a: Dragonite|Earthquake|p2a: Dondozo
|-damage|p2a: Dondozo|87/100 slp
|-curestatus|p2a: Dondozo|slp|[msg]
|move|p2a: Dondozo|Curse|p2a: Dondozo
|-unboost|p2a: Dondozo|spe|1
|-boost|p2a: Dondozo|atk|1
|-boost|p2a: Dondozo|def|1
|
|upkeep
|turn|31
|
|t:|1743836840
|move|p1a: Dragonite|Extreme Speed|p2a: Dondozo
|-crit|p2a: Dondozo
|-damage|p2a: Dondozo|67/100
|move|p2a: Dondozo|Curse|p2a: Dondozo
|-unboost|p2a: Dondozo|spe|1
|-boost|p2a: Dondozo|atk|1
|-boost|p2a: Dondozo|def|1
|
|upkeep
|turn|32
|
|t:|1743836850
|move|p1a: Dragonite|Tera Blast|p2a: Dondozo
|-damage|p2a: Dondozo|50/100
|move|p2a: Dondozo|Curse|p2a: Dondozo
|-unboost|p2a: Dondozo|spe|1
|-boost|p2a: Dondozo|atk|1
|-boost|p2a: Dondozo|def|1
|
|upkeep
|turn|33
|
|t:|1743836857
|move|p1a: Dragonite|Tera Blast|p2a: Dondozo
|-damage|p2a: Dondozo|35/100
|move|p2a: Dondozo|Rest|p2a: Dondozo
|-status|p2a: Dondozo|slp|[from] move: Rest
|-heal|p2a: Dondozo|100/100 slp|[silent]
|
|upkeep
|turn|34
|
|t:|1743836873
|move|p1a: Dragonite|Dragon Dance|p1a: Dragonite
|-boost|p1a: Dragonite|atk|1
|-boost|p1a: Dragonite|spe|1
|cant|p2a: Dondozo|slp
|move|p2a: Dondozo|Sleep Talk|p2a: Dondozo
|move|p2a: Dondozo|Wave Crash|p1a: Dragonite|[from] move: Sleep Talk
|-resisted|p1a: Dragonite
|-damage|p1a: Dragonite|1/100
|-damage|p2a: Dondozo|84/100 slp|[from] Recoil
|
|upkeep
|turn|35
|
|t:|1743836886
|move|p1a: Dragonite|Earthquake|p2a: Dondozo
|-damage|p2a: Dondozo|79/100 slp
|cant|p2a: Dondozo|slp
|
|upkeep
|turn|36
|
|t:|1743836891
|move|p1a: Dragonite|Tera Blast|p2a: Dondozo
|-damage|p2a: Dondozo|63/100 slp
|-curestatus|p2a: Dondozo|slp|[msg]
|move|p2a: Dondozo|Curse|p2a: Dondozo
|-unboost|p2a: Dondozo|spe|1
|-boost|p2a: Dondozo|atk|1
|-boost|p2a: Dondozo|def|1
|
|upkeep
|turn|37
|
|t:|1743836899
|switch|p1a: Ogerpon|Ogerpon-Cornerstone-Tera, F, tera:Rock|100/100
|-damage|p1a: Ogerpon|84/100|[from] Spikes
|-ability|p1a: Ogerpon|Embody Aspect (Cornerstone)|boost
|-boost|p1a: Ogerpon|def|1
|move|p2a: Dondozo|Wave Crash|p1a: Ogerpon
|-supereffective|p1a: Ogerpon
|-damage|p1a: Ogerpon|0 fnt
|faint|p1a: Ogerpon
|-damage|p2a: Dondozo|47/100|[from] Recoil
|
|upkeep
|
|t:|1743836909
|switch|p1a: Raging Bolt|Raging Bolt|84/100
|-damage|p1a: Raging Bolt|67/100|[from] Spikes
|turn|38
|
|t:|1743836920
|switch|p2a: Blissey|Blissey, F, shiny|81/100
|move|p1a: Raging Bolt|Dragon Pulse|p2a: Blissey
|-damage|p2a: Blissey|66/100
|
|upkeep
|turn|39
|
|t:|1743836930
|move|p1a: Raging Bolt|Thunderbolt|p2a: Blissey
|-damage|p2a: Blissey|51/100
|move|p2a: Blissey|Seismic Toss|p1a: Raging Bolt
|-damage|p1a: Raging Bolt|42/100
|
|upkeep
|turn|40
|
|t:|1743836936
|move|p1a: Raging Bolt|Dragon Pulse|p2a: Blissey
|-damage|p2a: Blissey|35/100
|move|p2a: Blissey|Soft-Boiled|p2a: Blissey
|-heal|p2a: Blissey|85/100
|
|upkeep
|turn|41
|
|t:|1743836941
|move|p1a: Raging Bolt|Dragon Pulse|p2a: Blissey
|-damage|p2a: Blissey|69/100
|move|p2a: Blissey|Calm Mind|p2a: Blissey
|-boost|p2a: Blissey|spa|1
|-boost|p2a: Blissey|spd|1
|
|upkeep
|turn|42
|
|t:|1743836973
|move|p1a: Raging Bolt|Dragon Pulse|p2a: Blissey
|-damage|p2a: Blissey|59/100
|move|p2a: Blissey|Flamethrower|p1a: Raging Bolt
|-resisted|p1a: Raging Bolt
|-damage|p1a: Raging Bolt|30/100
|
|upkeep
|turn|43
|
|t:|1743836981
|move|p1a: Raging Bolt|Dragon Pulse|p2a: Blissey
|-damage|p2a: Blissey|48/100
|move|p2a: Blissey|Calm Mind|p2a: Blissey
|-boost|p2a: Blissey|spa|1
|-boost|p2a: Blissey|spd|1
|
|upkeep
|turn|44
|
|t:|1743837012
|move|p1a: Raging Bolt|Thunderclap|p2a: Blissey
|-damage|p2a: Blissey|41/100
|move|p2a: Blissey|Seismic Toss|p1a: Raging Bolt
|-damage|p1a: Raging Bolt|5/100
|
|upkeep
|turn|45
|
|t:|1743837018
|move|p1a: Raging Bolt|Thunderbolt|p2a: Blissey
|-damage|p2a: Blissey|33/100
|move|p2a: Blissey|Soft-Boiled|p2a: Blissey
|-heal|p2a: Blissey|83/100
|
|upkeep
|turn|46
|
|t:|1743837040
|move|p1a: Raging Bolt|Thunderbolt|p2a: Blissey
|-damage|p2a: Blissey|75/100
|move|p2a: Blissey|Seismic Toss|p1a: Raging Bolt
|-damage|p1a: Raging Bolt|0 fnt
|faint|p1a: Raging Bolt
|-end|p1a: Raging Bolt|Protosynthesis|[silent]
|
|upkeep
|inactive|Battle timer is ON: inactive players will automatically lose when time's up. (requested by Danix507)
|
|t:|1743837116
|switch|p1a: Dragonite|Dragonite, M|1/100
|turn|47
|-message|antohihihiho forfeited.
|
|win|Danix507
|raw|antohihihiho's rating: 1127 &rarr; <strong>1105</strong><br />(-22 for losing)
|raw|Danix507's rating: 1170 &rarr; <strong>1192</strong><br />(+22 for winning)
|l|‽antohihihiho
|player|p1|
|l|☆Danix507
|player|p2|
