|j|☆Mky27
|j|☆masterbetachi
|t:|1743801408
|gametype|singles
|player|p1|Mky27|ltsurge|1540
|player|p2|masterbetachi|101|1497
|teamsize|p1|6
|teamsize|p2|6
|gen|9
|tier|[Gen 9] OU
|rated|
|rule|HP Percentage Mod: HP is shown in percentages
|rule|Endless Battle Clause: Forcing endless battles is banned
|rule|Species Clause: Limit one of each Pokémon
|rule|OHKO Clause: OHKO moves are banned
|rule|Evasion Items Clause: Evasion items are banned
|rule|Evasion Moves Clause: Evasion moves are banned
|rule|Sleep Moves Clause: Sleep-inducing moves are banned
|clearpoke
|poke|p1|Walking Wake|
|poke|p1|Great Tusk|
|poke|p1|Torkoal, F|
|poke|p1|Indeedee, M|
|poke|p1|Kingambit, M|
|poke|p1|Exeggutor, M|
|poke|p2|Zapdos-Galar|
|poke|p2|Iron Moth|
|poke|p2|Deoxys-Speed|
|poke|p2|Dragonite, F|
|poke|p2|Gholdengo|
|poke|p2|Iron Valiant|
|teampreview
|inactive|Battle timer is ON: inactive players will automatically lose when time's up. (requested by masterbetachi)
|inactive|Mky27 also wants the timer to be on.
|
|t:|1743801421
|start
|switch|p1a: Trollkoal|Torkoal, F, shiny|100/100
|switch|p2a: Deoxys|Deoxys-Speed|100/100
|-ability|p2a: Deoxys|Pressure
|-weather|SunnyDay|[from] ability: Drought|[of] p1a: Trollkoal
|turn|1
|
|t:|1743801430
|move|p2a: Deoxys|Psycho Boost|p1a: Trollkoal
|-damage|p1a: Trollkoal|2/100
|-unboost|p2a: Deoxys|spa|2
|-damage|p2a: Deoxys|91/100|[from] item: Life Orb
|move|p1a: Trollkoal|Rapid Spin|p2a: Deoxys
|-damage|p2a: Deoxys|74/100
|-boost|p1a: Trollkoal|spe|1
|
|-weather|SunnyDay|[upkeep]
|upkeep
|turn|2
|
|t:|1743801442
|switch|p1a: KingA|Kingambit, M|100/100
|move|p2a: Deoxys|Psycho Boost|p1a: KingA
|-immune|p1a: KingA
|
|-weather|SunnyDay|[upkeep]
|upkeep
|turn|3
|
|t:|1743801452
|move|p1a: KingA|Sucker Punch|p2a: Deoxys
|-supereffective|p2a: Deoxys
|-damage|p2a: Deoxys|0 fnt
|faint|p2a: Deoxys
|
|-weather|SunnyDay|[upkeep]
|upkeep
|
|t:|1743801456
|switch|p2a: Iron Moth|Iron Moth|100/100
|-enditem|p2a: Iron Moth|Booster Energy
|-activate|p2a: Iron Moth|ability: Quark Drive|[fromitem]
|-start|p2a: Iron Moth|quarkdrivespe
|turn|4
|
|t:|1743801463
|-end|p1a: KingA|fallenundefined|[silent]
|switch|p1a: PaleoRaptor|Walking Wake|100/100
|-activate|p1a: PaleoRaptor|ability: Protosynthesis
|-start|p1a: PaleoRaptor|protosynthesisspe
|move|p2a: Iron Moth|Fiery Dance|p1a: PaleoRaptor
|-resisted|p1a: PaleoRaptor
|-damage|p1a: PaleoRaptor|83/100
|-boost|p2a: Iron Moth|spa|1
|
|-weather|SunnyDay|[upkeep]
|upkeep
|turn|5
|
|t:|1743801476
|-terastallize|p1a: PaleoRaptor|Poison
|move|p2a: Iron Moth|Sludge Wave|p1a: PaleoRaptor
|-resisted|p1a: PaleoRaptor
|-crit|p1a: PaleoRaptor
|-damage|p1a: PaleoRaptor|22/100
|move|p1a: PaleoRaptor|Hydro Steam|p2a: Iron Moth
|-supereffective|p2a: Iron Moth
|-crit|p2a: Iron Moth
|-damage|p2a: Iron Moth|0 fnt
|faint|p2a: Iron Moth
|-end|p2a: Iron Moth|Quark Drive|[silent]
|
|-weather|SunnyDay|[upkeep]
|upkeep
|
|t:|1743801500
|switch|p2a: Dragonite|Dragonite, F|100/100
|turn|6
|
|t:|1743801509
|-end|p1a: PaleoRaptor|Protosynthesis|[silent]
|switch|p1a: Indimacho|Indeedee, M|100/100
|-fieldstart|move: Psychic Terrain|[from] ability: Psychic Surge|[of] p1a: Indimacho
|move|p2a: Dragonite|Dragon Dance|p2a: Dragonite
|-boost|p2a: Dragonite|atk|1
|-boost|p2a: Dragonite|spe|1
|
|-weather|SunnyDay|[upkeep]
|upkeep
|turn|7
|
|t:|1743801526
|move|p1a: Indimacho|Expanding Force|p2a: Dragonite
|-damage|p2a: Dragonite|59/100
|move|p2a: Dragonite|Earthquake|p1a: Indimacho
|-damage|p1a: Indimacho|0 fnt
|faint|p1a: Indimacho
|
|-weather|SunnyDay|[upkeep]
|upkeep
|
|t:|1743801539
|switch|p1a: PaleoRaptor|Walking Wake, tera:Poison|22/100
|-activate|p1a: PaleoRaptor|ability: Protosynthesis
|-start|p1a: PaleoRaptor|protosynthesisspe
|turn|8
|
|t:|1743801556
|switch|p2a: Gholdengo|Gholdengo|100/100
|-item|p2a: Gholdengo|Air Balloon
|move|p1a: PaleoRaptor|Draco Meteor|p2a: Gholdengo
|-resisted|p2a: Gholdengo
|-damage|p2a: Gholdengo|65/100
|-unboost|p1a: PaleoRaptor|spa|2
|-enditem|p2a: Gholdengo|Air Balloon
|
|-weather|none
|-end|p1a: PaleoRaptor|Protosynthesis
|upkeep
|turn|9
|
|t:|1743801574
|move|p1a: PaleoRaptor|Flip Turn|p2a: Gholdengo
|-damage|p2a: Gholdengo|48/100
|
|t:|1743801580
|-end|p1a: PaleoRaptor|Protosynthesis|[silent]
|switch|p1a: KingA|Kingambit, M|100/100|[from] Flip Turn
|-activate|p1a: KingA|ability: Supreme Overlord
|-start|p1a: KingA|fallen1|[silent]
|move|p2a: Gholdengo|Recover|p2a: Gholdengo
|-heal|p2a: Gholdengo|98/100
|
|upkeep
|turn|10
|
|t:|1743801593
|-end|p1a: KingA|fallen1|[silent]
|switch|p1a: Exxegcutor|Exeggutor, M, shiny|100/100
|-terastallize|p2a: Gholdengo|Fairy
|move|p2a: Gholdengo|Nasty Plot|p2a: Gholdengo
|-boost|p2a: Gholdengo|spa|2
|
|-fieldend|move: Psychic Terrain
|upkeep
|turn|11
|
|t:|1743801605
|move|p1a: Exxegcutor|Endure|p1a: Exxegcutor
|-singleturn|p1a: Exxegcutor|move: Endure
|move|p2a: Gholdengo|Nasty Plot|p2a: Gholdengo
|-boost|p2a: Gholdengo|spa|2
|
|upkeep
|turn|12
|
|t:|1743801615
|switch|p1a: Trollkoal|Torkoal, F, shiny|2/100
|-weather|SunnyDay|[from] ability: Drought|[of] p1a: Trollkoal
|move|p2a: Gholdengo|Shadow Ball|p1a: Trollkoal
|-damage|p1a: Trollkoal|0 fnt
|faint|p1a: Trollkoal
|
|-weather|SunnyDay|[upkeep]
|upkeep
|
|t:|1743801625
|switch|p1a: KingA|Kingambit, M|100/100
|-activate|p1a: KingA|ability: Supreme Overlord
|-start|p1a: KingA|fallen2|[silent]
|turn|13
|
|t:|1743801636
|move|p2a: Gholdengo|Dazzling Gleam|p1a: KingA
|-damage|p1a: KingA|13/100
|move|p1a: KingA|Iron Head|p2a: Gholdengo
|-supereffective|p2a: Gholdengo
|-damage|p2a: Gholdengo|23/100
|
|-weather|SunnyDay|[upkeep]
|-heal|p1a: KingA|19/100|[from] item: Leftovers
|upkeep
|turn|14
|
|t:|1743801646
|move|p2a: Gholdengo|Recover|p2a: Gholdengo
|-heal|p2a: Gholdengo|73/100
|move|p1a: KingA|Iron Head|p2a: Gholdengo
|-supereffective|p2a: Gholdengo
|-damage|p2a: Gholdengo|0 fnt
|faint|p2a: Gholdengo
|
|-weather|SunnyDay|[upkeep]
|-heal|p1a: KingA|26/100|[from] item: Leftovers
|upkeep
|
|t:|1743801659
|switch|p2a: Iron Valiant|Iron Valiant|100/100
|-enditem|p2a: Iron Valiant|Booster Energy
|-activate|p2a: Iron Valiant|ability: Quark Drive|[fromitem]
|-start|p2a: Iron Valiant|quarkdrivespe
|turn|15
|
|t:|1743801666
|-end|p1a: KingA|fallen2|[silent]
|switch|p1a: Exxegcutor|Exeggutor, M, shiny|100/100
|move|p2a: Iron Valiant|Moonblast|p1a: Exxegcutor
|-damage|p1a: Exxegcutor|54/100
|
|-weather|SunnyDay|[upkeep]
|upkeep
|turn|16
|
|t:|1743801677
|switch|p1a: Paleomut|Great Tusk, shiny|100/100
|-activate|p1a: Paleomut|ability: Protosynthesis
|-start|p1a: Paleomut|protosynthesisspe
|move|p2a: Iron Valiant|Swords Dance|p2a: Iron Valiant
|-boost|p2a: Iron Valiant|atk|2
|
|-weather|SunnyDay|[upkeep]
|upkeep
|turn|17
|
|t:|1743801686
|-end|p1a: Paleomut|Protosynthesis|[silent]
|switch|p1a: Exxegcutor|Exeggutor, M, shiny|54/100
|move|p2a: Iron Valiant|Moonblast|p1a: Exxegcutor
|-damage|p1a: Exxegcutor|6/100
|-unboost|p1a: Exxegcutor|spa|1
|
|-weather|SunnyDay|[upkeep]
|upkeep
|turn|18
|-enditem|p1a: Exxegcutor|Custap Berry|[eat]
|-activate|p1a: Exxegcutor|item: Custap Berry|[consumed]
|
|t:|1743801706
|-end|p2a: Iron Valiant|Quark Drive|[silent]
|switch|p2a: Zapdos|Zapdos-Galar|100/100
|move|p1a: Exxegcutor|Expanding Force|p2a: Zapdos
|-supereffective|p2a: Zapdos
|-damage|p2a: Zapdos|27/100
|
|-weather|SunnyDay|[upkeep]
|-item|p1a: Exxegcutor|Custap Berry|[from] ability: Harvest
|upkeep
|turn|19
|-enditem|p1a: Exxegcutor|Custap Berry|[eat]
|-activate|p1a: Exxegcutor|item: Custap Berry|[consumed]
|
|t:|1743801722
|move|p1a: Exxegcutor|Expanding Force|p2a: Zapdos
|-supereffective|p2a: Zapdos
|-damage|p2a: Zapdos|0 fnt
|faint|p2a: Zapdos
|
|-weather|none
|-item|p1a: Exxegcutor|Custap Berry|[from] ability: Harvest
|upkeep
|
|t:|1743801730
|switch|p2a: Dragonite|Dragonite, F|59/100
|turn|20
|
|t:|1743801739
|switch|p1a: Paleomut|Great Tusk, shiny|100/100
|move|p2a: Dragonite|Dragon Dance|p2a: Dragonite
|-boost|p2a: Dragonite|atk|1
|-boost|p2a: Dragonite|spe|1
|
|upkeep
|turn|21
|
|t:|1743801746
|move|p2a: Dragonite|Ice Spinner|p1a: Paleomut
|-supereffective|p1a: Paleomut
|-damage|p1a: Paleomut|46/100
|move|p1a: Paleomut|Ice Spinner|p2a: Dragonite
|-supereffective|p2a: Dragonite
|-damage|p2a: Dragonite|0 fnt
|faint|p2a: Dragonite
|
|-heal|p1a: Paleomut|53/100|[from] item: Leftovers
|upkeep
|
|t:|1743801749
|switch|p2a: Iron Valiant|Iron Valiant|100/100
|turn|22
|
|t:|1743801761
|move|p2a: Iron Valiant|Moonblast|p1a: Paleomut
|-supereffective|p1a: Paleomut
|-damage|p1a: Paleomut|0 fnt
|faint|p1a: Paleomut
|-end|p1a: Paleomut|Protosynthesis|[silent]
|
|upkeep
|
|t:|1743801767
|switch|p1a: Exxegcutor|Exeggutor, M, shiny|6/100
|turn|23
|-enditem|p1a: Exxegcutor|Custap Berry|[eat]
|-activate|p1a: Exxegcutor|item: Custap Berry|[consumed]
|
|t:|1743801771
|move|p1a: Exxegcutor|Expanding Force|p2a: Iron Valiant
|-supereffective|p2a: Iron Valiant
|-damage|p2a: Iron Valiant|0 fnt
|faint|p2a: Iron Valiant
|-end|p2a: Iron Valiant|Quark Drive|[silent]
|
|win|Mky27
|raw|Mky27's rating: 1540 &rarr; <strong>1558</strong><br />(+18 for winning)
|raw|masterbetachi's rating: 1497 &rarr; <strong>1479</strong><br />(-18 for losing)
|l|☆masterbetachi
|player|p2|
