|j|☆DIA THE DRAGON
|j|☆MiaTaylor612
|t:|1743798770
|gametype|singles
|player|p1|DIA THE DRAGON|lance|1677
|player|p2|MiaTaylor612|idol|1672
|teamsize|p1|6
|teamsize|p2|6
|gen|9
|tier|[Gen 9] OU
|rated|
|rule|HP Percentage Mod: HP is shown in percentages
|rule|Endless Battle Clause: Forcing endless battles is banned
|rule|Species Clause: Limit one of each Pokémon
|rule|OHKO Clause: OHKO moves are banned
|rule|Evasion Items Clause: Evasion items are banned
|rule|Evasion Moves Clause: Evasion moves are banned
|rule|Sleep Moves Clause: Sleep-inducing moves are banned
|clearpoke
|poke|p1|Garchomp, M|
|poke|p1|Dragonite, M|
|poke|p1|Kommo-o, M|
|poke|p1|Latios, M|
|poke|p1|Dragapult, M|
|poke|p1|Kyurem|
|poke|p2|Garchomp, F|
|poke|p2|Slowking-Galar, M|
|poke|p2|Gholdengo|
|poke|p2|Moltres|
|poke|p2|Iron Valiant|
|poke|p2|Kingambit, M|
|teampreview
|inactive|Battle timer is ON: inactive players will automatically lose when time's up. (requested by MiaTaylor612)
|
|t:|1743798798
|start
|switch|p1a: DEATH|Dragapult, M|100/100
|switch|p2a: Iron Valiant|Iron Valiant|100/100
|turn|1
|
|t:|1743798819
|-end|p2a: Iron Valiant|Quark Drive|[silent]
|switch|p2a: Slowking|Slowking-Galar, M|100/100
|move|p1a: DEATH|Thunder Wave|p2a: Slowking
|-status|p2a: Slowking|par
|
|upkeep
|turn|2
|
|t:|1743798826
|move|p1a: DEATH|Hex|p2a: Slowking
|-supereffective|p2a: Slowking
|-damage|p2a: Slowking|36/100 par
|move|p2a: Slowking|Ice Beam|p1a: DEATH
|-supereffective|p1a: DEATH
|-damage|p1a: DEATH|36/100
|
|upkeep
|turn|3
|
|t:|1743798834
|switch|p2a: Moltres|Moltres|100/100
|move|p1a: DEATH|Hex|p2a: Moltres
|-damage|p2a: Moltres|79/100
|
|upkeep
|turn|4
|
|t:|1743798840
|switch|p2a: Gholdengo|Gholdengo|100/100
|move|p1a: DEATH|Thunder Wave|p2a: Gholdengo
|-immune|p2a: Gholdengo|[from] ability: Good as Gold
|
|upkeep
|turn|5
|
|t:|1743798863
|move|p1a: DEATH|Hex|p2a: Gholdengo
|-supereffective|p2a: Gholdengo
|-damage|p2a: Gholdengo|46/100
|move|p2a: Gholdengo|Make It Rain|p1a: DEATH
|-damage|p1a: DEATH|0 fnt
|-unboost|p2a: Gholdengo|spa|1
|faint|p1a: DEATH
|
|upkeep
|inactive|DIA THE DRAGON has 120 seconds left.
|
|t:|1743798896
|switch|p1a: THE HANGED|Kommo-o, M|100/100
|turn|6
|
|t:|1743798907
|move|p1a: THE HANGED|Clangorous Soul|p1a: THE HANGED
|-boost|p1a: THE HANGED|atk|1
|-boost|p1a: THE HANGED|def|1
|-boost|p1a: THE HANGED|spa|1
|-boost|p1a: THE HANGED|spd|1
|-boost|p1a: THE HANGED|spe|1
|-damage|p1a: THE HANGED|68/100
|-enditem|p1a: THE HANGED|Throat Spray
|-boost|p1a: THE HANGED|spa|1|[from] item: Throat Spray
|move|p2a: Gholdengo|Thunder Wave|p1a: THE HANGED
|-status|p1a: THE HANGED|par
|
|upkeep
|turn|7
|inactive|DIA THE DRAGON has 120 seconds left.
|
|t:|1743798922
|switch|p2a: Moltres|Moltres|79/100
|move|p1a: THE HANGED|Clanging Scales|p2a: Moltres
|-damage|p2a: Moltres|12/100
|-unboost|p1a: THE HANGED|def|1
|
|upkeep
|turn|8
|
|t:|1743798941
|move|p1a: THE HANGED|Clanging Scales|p2a: Moltres
|-damage|p2a: Moltres|0 fnt
|faint|p2a: Moltres
|-unboost|p1a: THE HANGED|def|1
|
|upkeep
|
|t:|1743798947
|switch|p2a: Iron Valiant|Iron Valiant|100/100
|turn|9
|
|t:|1743798957
|move|p2a: Iron Valiant|Encore|p1a: THE HANGED
|-start|p1a: THE HANGED|Encore
|move|p1a: THE HANGED|Clanging Scales|p2a: Iron Valiant
|-immune|p2a: Iron Valiant
|
|upkeep
|turn|10
|
|t:|1743798963
|move|p2a: Iron Valiant|Knock Off|p1a: THE HANGED
|-resisted|p1a: THE HANGED
|-damage|p1a: THE HANGED|50/100 par
|cant|p1a: THE HANGED|par
|
|upkeep
|turn|11
|inactive|DIA THE DRAGON has 120 seconds left.
|
|t:|1743798983
|move|p2a: Iron Valiant|Moonblast|p1a: THE HANGED
|-supereffective|p1a: THE HANGED
|-damage|p1a: THE HANGED|0 fnt
|faint|p1a: THE HANGED
|
|upkeep
|inactive|DIA THE DRAGON has 90 seconds left.
|
|t:|1743799010
|switch|p1a: MAGICIAN|Latios, M|100/100
|turn|12
|
|t:|1743799017
|-end|p2a: Iron Valiant|Quark Drive|[silent]
|switch|p2a: Slowking|Slowking-Galar, M|69/100 par
|move|p1a: MAGICIAN|Thunder Wave|p2a: Slowking
|-fail|p2a: Slowking|par
|
|upkeep
|turn|13
|
|t:|1743799023
|move|p1a: MAGICIAN|Luster Purge|p2a: Slowking
|-damage|p2a: Slowking|40/100 par
|-unboost|p2a: Slowking|spd|1
|move|p2a: Slowking|Ice Beam|p1a: MAGICIAN
|-supereffective|p1a: MAGICIAN
|-damage|p1a: MAGICIAN|57/100
|
|upkeep
|turn|14
|
|t:|1743799033
|switch|p2a: Kingambit|Kingambit, M|100/100
|-activate|p2a: Kingambit|ability: Supreme Overlord
|-start|p2a: Kingambit|fallen1|[silent]
|move|p1a: MAGICIAN|Thunder Wave|p2a: Kingambit
|-status|p2a: Kingambit|par
|
|upkeep
|turn|15
|
|t:|1743799045
|-end|p2a: Kingambit|fallen1|[silent]
|switch|p2a: Slowking|Slowking-Galar, M|74/100 par
|move|p1a: MAGICIAN|Memento|p2a: Slowking
|-unboost|p2a: Slowking|atk|2
|-unboost|p2a: Slowking|spa|2
|faint|p1a: MAGICIAN
|
|upkeep
|
|t:|1743799052
|switch|p1a: STAR|Garchomp, M|100/100
|turn|16
|
|t:|1743799059
|switch|p2a: Iron Valiant|Iron Valiant|100/100
|move|p1a: STAR|Iron Head|p2a: Iron Valiant
|-supereffective|p2a: Iron Valiant
|-damage|p2a: Iron Valiant|22/100
|
|upkeep
|turn|17
|
|t:|1743799074
|-terastallize|p1a: STAR|Steel
|move|p2a: Iron Valiant|Moonblast|p1a: STAR
|-resisted|p1a: STAR
|-damage|p1a: STAR|80/100
|move|p1a: STAR|Earthquake|p2a: Iron Valiant
|-damage|p2a: Iron Valiant|0 fnt
|faint|p2a: Iron Valiant
|-end|p2a: Iron Valiant|Quark Drive|[silent]
|
|upkeep
|
|t:|1743799079
|switch|p2a: Garchomp|Garchomp, F|100/100
|turn|18
|
|t:|1743799084
|switch|p1a: JUSTICE|Dragonite, M|100/100
|move|p2a: Garchomp|Earthquake|p1a: JUSTICE
|-immune|p1a: JUSTICE
|
|upkeep
|turn|19
|
|t:|1743799089
|move|p1a: JUSTICE|Dragon Rush|p2a: Garchomp|[miss]
|-miss|p1a: JUSTICE|p2a: Garchomp
|move|p2a: Garchomp|Dragon Tail|p1a: JUSTICE
|-supereffective|p1a: JUSTICE
|-damage|p1a: JUSTICE|71/100
|drag|p1a: JUDGMENT|Kyurem|100/100
|-ability|p1a: JUDGMENT|Pressure
|
|upkeep
|turn|20
|
|t:|1743799099
|-terastallize|p2a: Garchomp|Ghost
|move|p1a: JUDGMENT|Earth Power|p2a: Garchomp
|-damage|p2a: Garchomp|71/100
|move|p2a: Garchomp|Dragon Tail|p1a: JUDGMENT
|-supereffective|p1a: JUDGMENT
|-damage|p1a: JUDGMENT|60/100
|drag|p1a: STAR|Garchomp, M, tera:Steel|80/100
|
|upkeep
|turn|21
|
|t:|1743799109
|move|p1a: STAR|Iron Head|p2a: Garchomp
|-damage|p2a: Garchomp|43/100
|-damage|p1a: STAR|67/100|[from] ability: Rough Skin|[of] p2a: Garchomp
|-damage|p1a: STAR|51/100|[from] item: Rocky Helmet|[of] p2a: Garchomp
|move|p2a: Garchomp|Earthquake|p1a: STAR
|-supereffective|p1a: STAR
|-damage|p1a: STAR|0 fnt
|faint|p1a: STAR
|
|upkeep
|
|t:|1743799119
|switch|p1a: JUSTICE|Dragonite, M|71/100
|turn|22
|
|t:|1743799123
|move|p2a: Garchomp|Stealth Rock|p1a: JUSTICE
|-sidestart|p1: DIA THE DRAGON|move: Stealth Rock
|move|p1a: JUSTICE|Dragon Rush|p2a: Garchomp
|-damage|p2a: Garchomp|6/100
|-damage|p1a: JUSTICE|58/100|[from] ability: Rough Skin|[of] p2a: Garchomp
|-damage|p1a: JUSTICE|42/100|[from] item: Rocky Helmet|[of] p2a: Garchomp
|
|upkeep
|turn|23
|
|t:|1743799131
|move|p2a: Garchomp|Spikes|p1a: JUSTICE
|-sidestart|p1: DIA THE DRAGON|Spikes
|move|p1a: JUSTICE|Fire Blast|p2a: Garchomp
|-damage|p2a: Garchomp|0 fnt
|faint|p2a: Garchomp
|
|upkeep
|
|t:|1743799138
|switch|p2a: Slowking|Slowking-Galar, M|100/100 par
|turn|24
|
|t:|1743799142
|move|p1a: JUSTICE|Dragon Rush|p2a: Slowking|[miss]
|-miss|p1a: JUSTICE|p2a: Slowking
|move|p2a: Slowking|Ice Beam|p1a: JUSTICE
|-supereffective|p1a: JUSTICE
|-damage|p1a: JUSTICE|0 fnt
|faint|p1a: JUSTICE
|
|upkeep
|-message|DIA THE DRAGON forfeited.
|
|win|MiaTaylor612
|raw|DIA THE DRAGON's rating: 1677 &rarr; <strong>1657</strong><br />(-20 for losing)
|raw|MiaTaylor612's rating: 1672 &rarr; <strong>1692</strong><br />(+20 for winning)
|l|☆DIA THE DRAGON
|player|p1|
|l|☆MiaTaylor612
|player|p2|
