|j|☆LinkBy2009
|j|☆Daniel Daley
|t:|1743919293
|gametype|singles
|player|p1|LinkBy2009|blue|1000
|player|p2|Daniel Daley|lucas|1000
|teamsize|p1|6
|teamsize|p2|6
|gen|9
|tier|[Gen 9] OU
|rated|
|rule|HP Percentage Mod: HP is shown in percentages
|rule|Endless Battle Clause: Forcing endless battles is banned
|rule|Species Clause: Limit one of each Pokémon
|rule|OHKO Clause: OHKO moves are banned
|rule|Evasion Items Clause: Evasion items are banned
|rule|Evasion Moves Clause: Evasion moves are banned
|rule|Sleep Moves Clause: Sleep-inducing moves are banned
|clearpoke
|poke|p1|Garganacl, M|
|poke|p1|Gholdengo|
|poke|p1|Zamazenta-*|
|poke|p1|Tinkaton, F|
|poke|p1|Dragapult, F|
|poke|p1|Iron Valiant|
|poke|p2|Pikachu-Original, M|
|poke|p2|Bulbasaur, M|
|poke|p2|Charizard, M|
|poke|p2|Squirtle, M|
|poke|p2|Muk, M|
|poke|p2|Snorlax, M|
|teampreview
|inactive|Battle timer is ON: inactive players will automatically lose when time's up. (requested by LinkBy2009)
|
|t:|1743919310
|start
|switch|p1a: Iron Valiant|Iron Valiant|100/100
|switch|p2a: Pikachu-Kanto|Pikachu-Original, M|100/100
|turn|1
|j| bonczy
|
|t:|1743919320
|-terastallize|p2a: Pikachu-Kanto|Electric
|move|p1a: Iron Valiant|Light Screen|p1a: Iron Valiant
|-sidestart|p1: LinkBy2009|move: Light Screen
|move|p2a: Pikachu-Kanto|Electro Ball|p1a: Iron Valiant
|-damage|p1a: Iron Valiant|79/100
|
|upkeep
|turn|2
|
|t:|1743919329
|move|p1a: Iron Valiant|Expanding Force|p2a: Pikachu-Kanto
|-damage|p2a: Pikachu-Kanto|43/100
|-damage|p1a: Iron Valiant|69/100|[from] item: Life Orb
|move|p2a: Pikachu-Kanto|Iron Tail|p1a: Iron Valiant
|-supereffective|p1a: Iron Valiant
|-damage|p1a: Iron Valiant|0 fnt
|faint|p1a: Iron Valiant
|-end|p1a: Iron Valiant|Quark Drive|[silent]
|
|upkeep
|
|t:|1743919336
|switch|p1a: Garganacl|Garganacl, M|100/100
|turn|3
|c|☆Daniel Daley|Huh
|
|t:|1743919342
|move|p2a: Pikachu-Kanto|Electro Ball|p1a: Garganacl
|-damage|p1a: Garganacl|79/100
|move|p1a: Garganacl|Stealth Rock|p2a: Pikachu-Kanto
|-sidestart|p2: Daniel Daley|move: Stealth Rock
|
|-heal|p1a: Garganacl|85/100|[from] item: Leftovers
|upkeep
|turn|4
|
|t:|1743919350
|move|p2a: Pikachu-Kanto|Iron Tail|p1a: Garganacl
|-supereffective|p1a: Garganacl
|-damage|p1a: Garganacl|51/100
|move|p1a: Garganacl|Stone Edge|p2a: Pikachu-Kanto
|-damage|p2a: Pikachu-Kanto|0 fnt
|faint|p2a: Pikachu-Kanto
|
|-heal|p1a: Garganacl|57/100|[from] item: Leftovers
|upkeep
|
|t:|1743919358
|switch|p2a: Muk|Muk, M|100/100
|-damage|p2a: Muk|88/100|[from] Stealth Rock
|turn|5
|j| Victory Victreebel
|
|t:|1743919386
|move|p2a: Muk|Body Slam|p1a: Garganacl
|-resisted|p1a: Garganacl
|-damage|p1a: Garganacl|50/100
|-damage|p2a: Muk|78/100|[from] item: Life Orb
|move|p1a: Garganacl|Earthquake|p2a: Muk
|-supereffective|p2a: Muk
|-damage|p2a: Muk|27/100
|
|-heal|p1a: Garganacl|56/100|[from] item: Leftovers
|-sideend|p1: LinkBy2009|move: Light Screen
|upkeep
|turn|6
|
|t:|1743919397
|move|p2a: Muk|Sludge Bomb|p1a: Garganacl
|-resisted|p1a: Garganacl
|-damage|p1a: Garganacl|41/100
|-damage|p2a: Muk|17/100|[from] item: Life Orb
|move|p1a: Garganacl|Recover|p1a: Garganacl
|-heal|p1a: Garganacl|91/100
|
|-heal|p1a: Garganacl|97/100|[from] item: Leftovers
|upkeep
|turn|7
|
|t:|1743919406
|move|p2a: Muk|Poison Gas|p1a: Garganacl
|-immune|p1a: Garganacl|[from] ability: Purifying Salt
|move|p1a: Garganacl|Stone Edge|p2a: Muk
|-damage|p2a: Muk|0 fnt
|faint|p2a: Muk
|
|-heal|p1a: Garganacl|100/100|[from] item: Leftovers
|upkeep
|
|t:|1743919414
|switch|p2a: Snorlax|Snorlax, M|100/100
|-damage|p2a: Snorlax|88/100|[from] Stealth Rock
|turn|8
|
|t:|1743919424
|move|p2a: Snorlax|Ice Punch|p1a: Garganacl
|-damage|p1a: Garganacl|88/100
|move|p1a: Garganacl|Earthquake|p2a: Snorlax
|-damage|p2a: Snorlax|66/100
|
|-heal|p2a: Snorlax|72/100|[from] item: Leftovers
|-heal|p1a: Garganacl|95/100|[from] item: Leftovers
|upkeep
|turn|9
|
|t:|1743919435
|move|p2a: Snorlax|Body Slam|p1a: Garganacl
|-resisted|p1a: Garganacl
|-damage|p1a: Garganacl|85/100
|move|p1a: Garganacl|Stone Edge|p2a: Snorlax|[miss]
|-miss|p1a: Garganacl|p2a: Snorlax
|
|-heal|p2a: Snorlax|78/100|[from] item: Leftovers
|-heal|p1a: Garganacl|91/100|[from] item: Leftovers
|upkeep
|turn|10
|
|t:|1743919446
|switch|p1a: Zamazenta|Zamazenta|100/100
|-ability|p1a: Zamazenta|Dauntless Shield|boost
|-boost|p1a: Zamazenta|def|1
|move|p2a: Snorlax|Ice Punch|p1a: Zamazenta
|-damage|p1a: Zamazenta|88/100
|
|-heal|p2a: Snorlax|85/100|[from] item: Leftovers
|upkeep
|turn|11
|
|t:|1743919455
|move|p1a: Zamazenta|Body Press|p2a: Snorlax
|-supereffective|p2a: Snorlax
|-damage|p2a: Snorlax|0 fnt
|faint|p2a: Snorlax
|
|upkeep
|
|t:|1743919460
|switch|p2a: Charizard|Charizard, M|100/100
|-damage|p2a: Charizard|51/100|[from] Stealth Rock
|turn|12
|
|t:|1743919464
|move|p1a: Zamazenta|Close Combat|p2a: Charizard
|-resisted|p2a: Charizard
|-damage|p2a: Charizard|14/100
|-unboost|p1a: Zamazenta|def|1
|-unboost|p1a: Zamazenta|spd|1
|move|p2a: Charizard|Flamethrower|p1a: Zamazenta
|-damage|p1a: Zamazenta|37/100
|
|upkeep
|turn|13
|
|t:|1743919476
|move|p1a: Zamazenta|Close Combat|p2a: Charizard
|-resisted|p2a: Charizard
|-damage|p2a: Charizard|0 fnt
|-unboost|p1a: Zamazenta|def|1
|-unboost|p1a: Zamazenta|spd|1
|faint|p2a: Charizard
|
|upkeep
|
|t:|1743919483
|switch|p2a: Squirtle|Squirtle, M|100/100
|-damage|p2a: Squirtle|88/100|[from] Stealth Rock
|turn|14
|
|t:|1743919493
|move|p1a: Zamazenta|Body Press|p2a: Squirtle
|-damage|p2a: Squirtle|54/100
|move|p2a: Squirtle|Rapid Spin|p1a: Zamazenta
|-damage|p1a: Zamazenta|27/100
|-boost|p2a: Squirtle|spe|1
|-sideend|p2: Daniel Daley|Stealth Rock|[from] move: Rapid Spin|[of] p2a: Squirtle
|
|upkeep
|turn|15
|
|t:|1743919507
|move|p1a: Zamazenta|Body Slam|p2a: Squirtle
|-damage|p2a: Squirtle|9/100
|-status|p2a: Squirtle|par
|move|p2a: Squirtle|Rapid Spin|p1a: Zamazenta
|-damage|p1a: Zamazenta|17/100
|-boost|p2a: Squirtle|spe|1
|
|upkeep
|turn|16
|
|t:|1743919530
|move|p1a: Zamazenta|Body Slam|p2a: Squirtle
|-damage|p2a: Squirtle|0 fnt
|faint|p2a: Squirtle
|
|upkeep
|
|t:|1743919535
|switch|p2a: Bulbasaur|Bulbasaur, M|100/100
|turn|17
|
|t:|1743919542
|switch|p1a: Tinkaton|Tinkaton, F|100/100
|-ability|p1a: Tinkaton|Mold Breaker
|move|p2a: Bulbasaur|Vine Whip|p1a: Tinkaton
|-resisted|p1a: Tinkaton
|-damage|p1a: Tinkaton|95/100
|
|upkeep
|turn|18
|
|t:|1743919551
|move|p1a: Tinkaton|Play Rough|p2a: Bulbasaur
|-resisted|p2a: Bulbasaur
|-damage|p2a: Bulbasaur|64/100
|move|p2a: Bulbasaur|Vine Whip|p1a: Tinkaton
|-resisted|p1a: Tinkaton
|-crit|p1a: Tinkaton
|-damage|p1a: Tinkaton|86/100
|
|upkeep
|turn|19
|
|t:|1743919560
|move|p1a: Tinkaton|Play Rough|p2a: Bulbasaur
|-resisted|p2a: Bulbasaur
|-damage|p2a: Bulbasaur|28/100
|move|p2a: Bulbasaur|Vine Whip|p1a: Tinkaton
|-resisted|p1a: Tinkaton
|-damage|p1a: Tinkaton|79/100
|
|upkeep
|turn|20
|
|t:|1743919569
|-terastallize|p1a: Tinkaton|Fairy
|move|p1a: Tinkaton|Play Rough|p2a: Bulbasaur
|-resisted|p2a: Bulbasaur
|-damage|p2a: Bulbasaur|0 fnt
|faint|p2a: Bulbasaur
|
|win|LinkBy2009
|raw|LinkBy2009's rating: 1000 &rarr; <strong>1040</strong><br />(+40 for winning)
|raw|Daniel Daley's rating: 1000 &rarr; <strong>1000</strong><br />(+0 for losing)
