|j|☆DylanValencia10
|j|☆Aurelius the Wise
|inactive|Battle timer is ON: inactive players will automatically lose when time's up.
|t:|1743895489
|gametype|singles
|player|p1|DylanValencia10|hilbert|
|player|p2|Aurelius the Wise|2|
|teamsize|p1|6
|teamsize|p2|6
|gen|9
|tier|[Gen 9] OU
|rated|Tournament battle
|rule|HP Percentage Mod: HP is shown in percentages
|rule|Endless Battle Clause: Forcing endless battles is banned
|rule|Species Clause: Limit one of each Pokémon
|rule|OHKO Clause: OHKO moves are banned
|rule|Evasion Items Clause: Evasion items are banned
|rule|Evasion Moves Clause: Evasion moves are banned
|rule|Sleep Moves Clause: Sleep-inducing moves are banned
|clearpoke
|poke|p1|Garganacl, M|
|poke|p1|Ceruledge, M|
|poke|p1|Hydreigon, M|
|poke|p1|Dondozo, F|
|poke|p1|Landorus-Therian, M|
|poke|p1|Rillaboom, F|
|poke|p2|Espeon, F|
|poke|p2|Wo-Chien|
|poke|p2|Rhydon, M|
|poke|p2|Articuno-Galar|
|poke|p2|Arcanine, M|
|poke|p2|Pawmot, M|
|teampreview|3
|j|*Lady Monita ❄
|inactive|DylanValencia10 has 120 seconds left.
|inactive|Aurelius the Wise has 120 seconds left.
|
|t:|1743895528
|start
|switch|p1a: Landorus|Landorus-Therian, M|100/100
|switch|p2a: Arcanine|Arcanine, M|100/100
|-ability|p2a: Arcanine|Intimidate|boost
|-unboost|p1a: Landorus|atk|1
|-ability|p1a: Landorus|Intimidate|boost
|-unboost|p2a: Arcanine|atk|1
|turn|1
|
|t:|1743895540
|switch|p2a: Espeon|Espeon, F|100/100
|move|p1a: Landorus|Stealth Rock|p2a: Espeon
|move|p2a: Espeon|Stealth Rock|p1a: Landorus|[from] ability: Magic Bounce
|-sidestart|p1: DylanValencia10|move: Stealth Rock
|
|upkeep
|turn|2
|
|t:|1743895550
|move|p2a: Espeon|Calm Mind|p2a: Espeon
|-boost|p2a: Espeon|spa|1
|-boost|p2a: Espeon|spd|1
|move|p1a: Landorus|U-turn|p2a: Espeon
|-supereffective|p2a: Espeon
|-damage|p2a: Espeon|39/100
|
|t:|1743895556
|switch|p1a: Ceruledge|Ceruledge, M|100/100|[from] U-turn
|
|upkeep
|turn|3
|
|t:|1743895564
|move|p1a: Ceruledge|Shadow Sneak|p2a: Espeon
|-supereffective|p2a: Espeon
|-crit|p2a: Espeon
|-damage|p2a: Espeon|0 fnt
|faint|p2a: Espeon
|
|upkeep
|
|t:|1743895570
|switch|p2a: Rhydon|Rhydon, M|100/100
|turn|4
|
|t:|1743895581
|switch|p1a: Landorus|Landorus-Therian, M|100/100
|-damage|p1a: Landorus|88/100|[from] Stealth Rock
|-ability|p1a: Landorus|Intimidate|boost
|-unboost|p2a: Rhydon|atk|1
|move|p2a: Rhydon|Swords Dance|p2a: Rhydon
|-boost|p2a: Rhydon|atk|2
|
|upkeep
|turn|5
|
|t:|1743895598
|-terastallize|p2a: Rhydon|Ground
|move|p1a: Landorus|Earthquake|p2a: Rhydon
|-crit|p2a: Rhydon
|-damage|p2a: Rhydon|63/100
|move|p2a: Rhydon|Swords Dance|p2a: Rhydon
|-boost|p2a: Rhydon|atk|2
|
|upkeep
|turn|6
|
|t:|1743895608
|move|p1a: Landorus|Earthquake|p2a: Rhydon
|-damage|p2a: Rhydon|38/100
|move|p2a: Rhydon|Megahorn|p1a: Landorus
|-resisted|p1a: Landorus
|-damage|p1a: Landorus|21/100
|-damage|p2a: Rhydon|21/100|[from] item: Rocky Helmet|[of] p1a: Landorus
|
|upkeep
|turn|7
|
|t:|1743895617
|move|p1a: Landorus|Earthquake|p2a: Rhydon
|-damage|p2a: Rhydon|0 fnt
|faint|p2a: Rhydon
|
|upkeep
|
|t:|1743895621
|switch|p2a: Arcanine|Arcanine, M|100/100
|-ability|p2a: Arcanine|Intimidate|boost
|-unboost|p1a: Landorus|atk|1
|turn|8
|
|t:|1743895627
|move|p2a: Arcanine|Extreme Speed|p1a: Landorus
|-damage|p1a: Landorus|0 fnt
|-damage|p2a: Arcanine|84/100|[from] item: Rocky Helmet|[of] p1a: Landorus
|faint|p1a: Landorus
|
|upkeep
|
|t:|1743895632
|switch|p1a: Ceruledge|Ceruledge, M|100/100
|turn|9
|
|t:|1743895636
|move|p2a: Arcanine|Crunch|p1a: Ceruledge
|-supereffective|p1a: Ceruledge
|-damage|p1a: Ceruledge|35/100
|move|p1a: Ceruledge|Poltergeist|p2a: Arcanine
|-activate|p2a: Arcanine|move: Poltergeist|Heavy-Duty Boots
|-damage|p2a: Arcanine|7/100
|
|upkeep
|turn|10
|c|☆Aurelius the Wise|ggs
|
|t:|1743895655
|move|p1a: Ceruledge|Shadow Sneak|p2a: Arcanine
|-damage|p2a: Arcanine|0 fnt
|faint|p2a: Arcanine
|
|win|DylanValencia10
|n|☆DylanValencia10|dylanvalencia10
|n|☆Aurelius the Wise|aureliusthewise
|n|*Lady Monita ❄|ladymonita
