|j|☆Accelerock Ttar
|j|☆jpapaio
|t:|1743886106
|gametype|singles
|player|p1|Accelerock Ttar|blackbelt-gen4dp|1640
|player|p2|jpapaio|psychic-gen2|1700
|teamsize|p1|6
|teamsize|p2|6
|gen|9
|tier|[Gen 9] OU
|rated|
|rule|HP Percentage Mod: HP is shown in percentages
|rule|Endless Battle Clause: Forcing endless battles is banned
|rule|Species Clause: Limit one of each Pokémon
|rule|OHKO Clause: OHKO moves are banned
|rule|Evasion Items Clause: Evasion items are banned
|rule|Evasion Moves Clause: Evasion moves are banned
|rule|Sleep Moves Clause: Sleep-inducing moves are banned
|clearpoke
|poke|p1|Iron Valiant|
|poke|p1|Gliscor, F|
|poke|p1|Slowking-Galar, F|
|poke|p1|Great Tusk|
|poke|p1|Dragapult, F|
|poke|p1|Skarmory, F|
|poke|p2|Rillaboom, M|
|poke|p2|Raging Bolt|
|poke|p2|Zamazenta-*|
|poke|p2|Ting-Lu|
|poke|p2|Iron Crown|
|poke|p2|Hatterene, F|
|teampreview
|c|☆Accelerock Ttar|hf
|inactive|Battle timer is ON: inactive players will automatically lose when time's up. (requested by Accelerock Ttar)
|c|☆jpapaio|u2
|
|t:|1743886142
|start
|switch|p1a: Gliscor|Gliscor, F|100/100
|switch|p2a: Ting-Lu|Ting-Lu|100/100
|-ability|p2a: Ting-Lu|Vessel of Ruin
|turn|1
|
|t:|1743886158
|move|p1a: Gliscor|Knock Off|p2a: Ting-Lu
|-resisted|p2a: Ting-Lu
|-damage|p2a: Ting-Lu|95/100
|-damage|p1a: Gliscor|84/100|[from] item: Rocky Helmet|[of] p2a: Ting-Lu
|-enditem|p2a: Ting-Lu|Rocky Helmet|[from] move: Knock Off|[of] p1a: Gliscor
|move|p2a: Ting-Lu|Stealth Rock|p1a: Gliscor
|-sidestart|p1: Accelerock Ttar|move: Stealth Rock
|
|-status|p1a: Gliscor|tox|[from] item: Toxic Orb
|upkeep
|turn|2
|
|t:|1743886175
|move|p1a: Gliscor|Earthquake|p2a: Ting-Lu
|-damage|p2a: Ting-Lu|78/100
|move|p2a: Ting-Lu|Ruination|p1a: Gliscor
|-damage|p1a: Gliscor|42/100 tox
|
|-heal|p1a: Gliscor|55/100 tox|[from] ability: Poison Heal
|upkeep
|turn|3
|
|t:|1743886192
|move|p1a: Gliscor|Earthquake|p2a: Ting-Lu
|-damage|p2a: Ting-Lu|61/100
|move|p2a: Ting-Lu|Whirlwind|p1a: Gliscor
|drag|p1a: Slowking|Slowking-Galar, F|100/100
|
|upkeep
|turn|4
|
|t:|1743886201
|switch|p2a: Iron Crown|Iron Crown|100/100
|switch|p1a: Gliscor|Gliscor, F|55/100 tox
|-damage|p1a: Gliscor|42/100 tox|[from] Stealth Rock
|
|-heal|p1a: Gliscor|55/100 tox|[from] ability: Poison Heal
|upkeep
|turn|5
|
|t:|1743886218
|move|p2a: Iron Crown|Tachyon Cutter|p1a: Gliscor
|-damage|p1a: Gliscor|24/100 tox
|-damage|p1a: Gliscor|0 fnt
|faint|p1a: Gliscor
|-hitcount|p1: Gliscor|2
|
|upkeep
|inactive|Accelerock Ttar has 120 seconds left.
|
|t:|1743886234
|switch|p1a: Great Tusk|Great Tusk|100/100
|turn|6
|inactive|Accelerock Ttar has 120 seconds left.
|
|t:|1743886250
|move|p2a: Iron Crown|Tachyon Cutter|p1a: Great Tusk
|-damage|p1a: Great Tusk|41/100
|-damage|p1a: Great Tusk|0 fnt
|faint|p1a: Great Tusk
|-end|p1a: Great Tusk|Protosynthesis|[silent]
|-hitcount|p1: Great Tusk|2
|
|upkeep
|
|t:|1743886267
|switch|p1a: Iron Valiant|Iron Valiant|100/100
|-damage|p1a: Iron Valiant|94/100|[from] Stealth Rock
|turn|7
|
|t:|1743886297
|-terastallize|p1a: Iron Valiant|Ghost
|move|p1a: Iron Valiant|Shadow Ball|p2a: Iron Crown
|-supereffective|p2a: Iron Crown
|-crit|p2a: Iron Crown
|-damage|p2a: Iron Crown|0 fnt
|faint|p2a: Iron Crown
|-end|p2a: Iron Crown|Quark Drive|[silent]
|
|upkeep
|c|☆jpapaio|:(
|
|t:|1743886309
|switch|p2a: Ting-Lu|Ting-Lu|61/100
|-ability|p2a: Ting-Lu|Vessel of Ruin
|turn|8
|
|t:|1743886318
|-end|p1a: Iron Valiant|Quark Drive|[silent]
|switch|p1a: Slowking|Slowking-Galar, F|100/100
|move|p2a: Ting-Lu|Whirlwind|p1a: Slowking
|drag|p1a: Skarmory|Skarmory, F|100/100
|-damage|p1a: Skarmory|88/100|[from] Stealth Rock
|
|upkeep
|turn|9
|
|t:|1743886326
|switch|p2a: Hatterene|Hatterene, F|100/100
|move|p1a: Skarmory|Spikes|p2a: Hatterene
|move|p2a: Hatterene|Spikes|p1a: Skarmory|[from] ability: Magic Bounce
|-sidestart|p1: Accelerock Ttar|Spikes
|
|upkeep
|turn|10
|
|t:|1743886343
|switch|p1a: Slowking|Slowking-Galar, F|100/100
|move|p2a: Hatterene|Nuzzle|p1a: Slowking
|-damage|p1a: Slowking|96/100
|-status|p1a: Slowking|par
|
|upkeep
|turn|11
|
|t:|1743886362
|switch|p2a: Ting-Lu|Ting-Lu|61/100
|-ability|p2a: Ting-Lu|Vessel of Ruin
|move|p1a: Slowking|Sludge Bomb|p2a: Ting-Lu
|-resisted|p2a: Ting-Lu
|-damage|p2a: Ting-Lu|54/100
|
|upkeep
|turn|12
|
|t:|1743886371
|switch|p2a: Rillaboom|Rillaboom, M|100/100
|-fieldstart|move: Grassy Terrain|[from] ability: Grassy Surge|[of] p2a: Rillaboom
|switch|p1a: Skarmory|Skarmory, F|88/100
|-damage|p1a: Skarmory|76/100|[from] Stealth Rock
|
|upkeep
|turn|13
|
|t:|1743886388
|switch|p2a: Raging Bolt|Raging Bolt|100/100
|-enditem|p2a: Raging Bolt|Grassy Seed
|-boost|p2a: Raging Bolt|def|1|[from] item: Grassy Seed
|move|p1a: Skarmory|Whirlwind|p2a: Raging Bolt
|-end|p2a: Raging Bolt|Protosynthesis|[silent]
|drag|p2a: Hatterene|Hatterene, F|100/100
|
|upkeep
|turn|14
|
|t:|1743886405
|switch|p1a: Slowking|Slowking-Galar, F|100/100 par
|move|p2a: Hatterene|Psyshock|p1a: Slowking
|-damage|p1a: Slowking|55/100 par
|
|-heal|p1a: Slowking|62/100 par|[from] Grassy Terrain
|upkeep
|turn|15
|inactive|Accelerock Ttar has 90 seconds left.
|
|t:|1743886423
|move|p2a: Hatterene|Psyshock|p1a: Slowking
|-damage|p1a: Slowking|14/100 par
|cant|p1a: Slowking|par
|
|-heal|p1a: Slowking|20/100 par|[from] Grassy Terrain
|upkeep
|turn|16
|inactive|Accelerock Ttar has 90 seconds left.
|
|t:|1743886441
|switch|p1a: Iron Valiant|Iron Valiant, tera:Ghost|94/100
|-damage|p1a: Iron Valiant|82/100|[from] Stealth Rock
|-damage|p1a: Iron Valiant|69/100|[from] Spikes
|move|p2a: Hatterene|Psyshock|p1a: Iron Valiant
|-damage|p1a: Iron Valiant|16/100
|
|-heal|p1a: Iron Valiant|23/100|[from] Grassy Terrain
|-fieldend|move: Grassy Terrain
|upkeep
|turn|17
|inactive|Accelerock Ttar has 90 seconds left.
|
|t:|1743886458
|switch|p2a: Ting-Lu|Ting-Lu|54/100
|-ability|p2a: Ting-Lu|Vessel of Ruin
|move|p1a: Iron Valiant|Moonblast|p2a: Ting-Lu
|-supereffective|p2a: Ting-Lu
|-damage|p2a: Ting-Lu|0 fnt
|faint|p2a: Ting-Lu
|
|upkeep
|
|t:|1743886475
|switch|p2a: Rillaboom|Rillaboom, M|100/100
|-fieldstart|move: Grassy Terrain|[from] ability: Grassy Surge|[of] p2a: Rillaboom
|turn|18
|inactive|Accelerock Ttar has 90 seconds left.
|
|t:|1743886493
|-end|p1a: Iron Valiant|Quark Drive|[silent]
|switch|p1a: Skarmory|Skarmory, F|76/100
|-damage|p1a: Skarmory|64/100|[from] Stealth Rock
|move|p2a: Rillaboom|Grassy Glide|p1a: Skarmory
|-resisted|p1a: Skarmory
|-damage|p1a: Skarmory|55/100
|-damage|p2a: Rillaboom|84/100|[from] item: Rocky Helmet|[of] p1a: Skarmory
|
|-heal|p2a: Rillaboom|90/100|[from] Grassy Terrain
|upkeep
|turn|19
|
|t:|1743886511
|switch|p2a: Raging Bolt|Raging Bolt|100/100
|switch|p1a: Slowking|Slowking-Galar, F|53/100 par
|
|-heal|p1a: Slowking|60/100 par|[from] Grassy Terrain
|upkeep
|turn|20
|
|t:|1743886528
|move|p2a: Raging Bolt|Calm Mind|p2a: Raging Bolt
|-boost|p2a: Raging Bolt|spa|1
|-boost|p2a: Raging Bolt|spd|1
|move|p1a: Slowking|Toxic|p2a: Raging Bolt
|-status|p2a: Raging Bolt|tox
|
|-heal|p1a: Slowking|66/100 par|[from] Grassy Terrain
|-damage|p2a: Raging Bolt|94/100 tox|[from] psn
|upkeep
|turn|21
|
|t:|1743886545
|move|p2a: Raging Bolt|Dragon Pulse|p1a: Slowking
|-damage|p1a: Slowking|23/100 par
|move|p1a: Slowking|Future Sight|p2a: Raging Bolt
|-start|p1a: Slowking|move: Future Sight
|
|-heal|p2a: Raging Bolt|100/100 tox|[from] Grassy Terrain
|-heal|p1a: Slowking|29/100 par|[from] Grassy Terrain
|-damage|p2a: Raging Bolt|88/100 tox|[from] psn
|upkeep
|turn|22
|inactive|Accelerock Ttar has 60 seconds left.
|
|t:|1743886562
|switch|p1a: Iron Valiant|Iron Valiant, tera:Ghost|23/100
|-damage|p1a: Iron Valiant|10/100|[from] Stealth Rock
|-damage|p1a: Iron Valiant|0 fnt|[from] Spikes
|faint|p1a: Iron Valiant
|-end|p1a: Iron Valiant|Quark Drive|[silent]
|move|p2a: Raging Bolt|Dragon Pulse|p1: Iron Valiant|[notarget]
|-fail|p2a: Raging Bolt
|
|-heal|p2a: Raging Bolt|94/100 tox|[from] Grassy Terrain
|-damage|p2a: Raging Bolt|76/100 tox|[from] psn
|-fieldend|move: Grassy Terrain
|upkeep
|inactive|Accelerock Ttar has 60 seconds left.
|
|t:|1743886579
|switch|p1a: Slowking|Slowking-Galar, F|62/100 par
|turn|23
|
|t:|1743886596
|move|p2a: Raging Bolt|Dragon Pulse|p1a: Slowking
|-damage|p1a: Slowking|17/100 par
|cant|p1a: Slowking|par
|
|-end|p2a: Raging Bolt|move: Future Sight
|-damage|p2a: Raging Bolt|50/100 tox
|-damage|p2a: Raging Bolt|26/100 tox|[from] psn
|upkeep
|turn|24
|
|t:|1743886605
|switch|p1a: Dragapult|Dragapult, F|100/100
|move|p2a: Raging Bolt|Dragon Pulse|p1a: Dragapult
|-supereffective|p1a: Dragapult
|-damage|p1a: Dragapult|0 fnt
|faint|p1a: Dragapult
|
|-damage|p2a: Raging Bolt|0 fnt|[from] psn
|faint|p2a: Raging Bolt
|-end|p2a: Raging Bolt|Protosynthesis|[silent]
|upkeep
|
|t:|1743886616
|switch|p1a: Slowking|Slowking-Galar, F|50/100 par
|switch|p2a: Rillaboom|Rillaboom, M|90/100
|-fieldstart|move: Grassy Terrain|[from] ability: Grassy Surge|[of] p2a: Rillaboom
|turn|25
|inactive|Accelerock Ttar has 60 seconds left.
|
|t:|1743886624
|move|p2a: Rillaboom|Knock Off|p1a: Slowking
|-supereffective|p1a: Slowking
|-damage|p1a: Slowking|0 fnt
|-enditem|p1a: Slowking|Heavy-Duty Boots|[from] move: Knock Off|[of] p2a: Rillaboom
|faint|p1a: Slowking
|
|-heal|p2a: Rillaboom|96/100|[from] Grassy Terrain
|upkeep
|inactive|Accelerock Ttar has 60 seconds left.
|
|t:|1743886641
|switch|p1a: Skarmory|Skarmory, F|55/100
|-damage|p1a: Skarmory|43/100|[from] Stealth Rock
|turn|26
|c|☆jpapaio|ggs
|
|t:|1743886656
|move|p2a: Rillaboom|Knock Off|p1a: Skarmory
|-damage|p1a: Skarmory|11/100
|-damage|p2a: Rillaboom|80/100|[from] item: Rocky Helmet|[of] p1a: Skarmory
|-enditem|p1a: Skarmory|Rocky Helmet|[from] move: Knock Off|[of] p2a: Rillaboom
|move|p1a: Skarmory|Whirlwind|p2a: Rillaboom
|drag|p2a: Hatterene|Hatterene, F|100/100
|
|upkeep
|turn|27
|
|t:|1743886664
|move|p1a: Skarmory|Roost|p1a: Skarmory
|-heal|p1a: Skarmory|61/100
|-singleturn|p1a: Skarmory|move: Roost
|move|p2a: Hatterene|Mystical Fire|p1a: Skarmory
|-supereffective|p1a: Skarmory
|-damage|p1a: Skarmory|0 fnt
|faint|p1a: Skarmory
|
|win|jpapaio
|raw|Accelerock Ttar's rating: 1640 &rarr; <strong>1623</strong><br />(-17 for losing)
|raw|jpapaio's rating: 1700 &rarr; <strong>1717</strong><br />(+17 for winning)
|c|☆Accelerock Ttar|gg
|l|☆jpapaio
|player|p2|
