|j|☆RoutesReborn
|j|‽MarvelWen
|t:|1743821294
|gametype|singles
|player|p1|RoutesReborn|volkner|1247
|player|p2|MarvelWen|nate|1323
|teamsize|p1|6
|teamsize|p2|6
|gen|9
|tier|[Gen 9] OU
|rated|
|rule|HP Percentage Mod: HP is shown in percentages
|rule|Endless Battle Clause: Forcing endless battles is banned
|rule|Species Clause: Limit one of each Pokémon
|rule|OHKO Clause: OHKO moves are banned
|rule|Evasion Items Clause: Evasion items are banned
|rule|Evasion Moves Clause: Evasion moves are banned
|rule|Sleep Moves Clause: Sleep-inducing moves are banned
|clearpoke
|poke|p1|Slowking-Galar, F|
|poke|p1|Landorus-Therian, M|
|poke|p1|Raging Bolt|
|poke|p1|Iron Valiant|
|poke|p1|Cinderace, F|
|poke|p1|Cacturne, M|
|poke|p2|Raging Bolt|
|poke|p2|Gholdengo|
|poke|p2|Great Tusk|
|poke|p2|Walking Wake|
|poke|p2|Landorus-Therian, M|
|poke|p2|Ninetales, M|
|teampreview
|inactive|Battle timer is ON: inactive players will automatically lose when time's up. (requested by RoutesReborn)
|
|t:|1743821302
|start
|switch|p1a: Cacturne|Cacturne, M|100/100
|switch|p2a: Landorus|Landorus-Therian, M|100/100
|-ability|p2a: Landorus|Intimidate|boost
|-unboost|p1a: Cacturne|atk|1
|turn|1
|
|t:|1743821321
|move|p2a: Landorus|U-turn|p1a: Cacturne
|-supereffective|p1a: Cacturne
|-enditem|p1a: Cacturne|Focus Sash
|-damage|p1a: Cacturne|1/100
|
|t:|1743821325
|switch|p2a: Ninetales|Ninetales, M|100/100|[from] U-turn
|-weather|SunnyDay|[from] ability: Drought|[of] p2a: Ninetales
|move|p1a: Cacturne|Leaf Storm|p2a: Ninetales|[miss]
|-miss|p1a: Cacturne|p2a: Ninetales
|
|-weather|SunnyDay|[upkeep]
|upkeep
|turn|2
|
|t:|1743821339
|move|p2a: Ninetales|Weather Ball|p1a: Cacturne
|-supereffective|p1a: Cacturne
|-damage|p1a: Cacturne|0 fnt
|faint|p1a: Cacturne
|
|-weather|SunnyDay|[upkeep]
|upkeep
|
|t:|1743821347
|switch|p1a: Raging Bolt|Raging Bolt|100/100
|-activate|p1a: Raging Bolt|ability: Protosynthesis
|-start|p1a: Raging Bolt|protosynthesisspa
|turn|3
|
|t:|1743821355
|move|p2a: Ninetales|Will-O-Wisp|p1a: Raging Bolt
|-status|p1a: Raging Bolt|brn
|move|p1a: Raging Bolt|Calm Mind|p1a: Raging Bolt
|-boost|p1a: Raging Bolt|spa|1
|-boost|p1a: Raging Bolt|spd|1
|
|-weather|SunnyDay|[upkeep]
|-damage|p1a: Raging Bolt|94/100 brn|[from] brn
|upkeep
|turn|4
|
|t:|1743821366
|move|p2a: Ninetales|Encore|p1a: Raging Bolt
|-start|p1a: Raging Bolt|Encore
|move|p1a: Raging Bolt|Calm Mind|p1a: Raging Bolt
|-boost|p1a: Raging Bolt|spa|1
|-boost|p1a: Raging Bolt|spd|1
|
|-weather|SunnyDay|[upkeep]
|-damage|p1a: Raging Bolt|88/100 brn|[from] brn
|upkeep
|turn|5
|
|t:|1743821376
|switch|p2a: Landorus|Landorus-Therian, M|100/100
|-ability|p2a: Landorus|Intimidate|boost
|-unboost|p1a: Raging Bolt|atk|1
|move|p1a: Raging Bolt|Calm Mind|p1a: Raging Bolt
|-boost|p1a: Raging Bolt|spa|1
|-boost|p1a: Raging Bolt|spd|1
|
|-weather|SunnyDay|[upkeep]
|-damage|p1a: Raging Bolt|82/100 brn|[from] brn
|upkeep
|turn|6
|inactive|RoutesReborn has 120 seconds left.
|
|t:|1743821409
|switch|p2a: Great Tusk|Great Tusk|100/100
|-activate|p2a: Great Tusk|ability: Protosynthesis
|-start|p2a: Great Tusk|protosynthesisdef
|-terastallize|p1a: Raging Bolt|Fairy
|move|p1a: Raging Bolt|Calm Mind|p1a: Raging Bolt
|-boost|p1a: Raging Bolt|spa|1
|-boost|p1a: Raging Bolt|spd|1
|
|-weather|SunnyDay|[upkeep]
|-damage|p1a: Raging Bolt|76/100 brn|[from] brn
|-end|p1a: Raging Bolt|Encore
|upkeep
|turn|7
|inactive|RoutesReborn has 120 seconds left.
|
|t:|1743821423
|move|p1a: Raging Bolt|Dragon Pulse|p2a: Great Tusk
|-damage|p2a: Great Tusk|0 fnt
|faint|p2a: Great Tusk
|-end|p2a: Great Tusk|Protosynthesis|[silent]
|
|-weather|SunnyDay|[upkeep]
|-damage|p1a: Raging Bolt|70/100 brn|[from] brn
|upkeep
|
|t:|1743821437
|switch|p2a: Ninetales|Ninetales, M|100/100
|turn|8
|inactive|RoutesReborn has 120 seconds left.
|
|t:|1743821471
|move|p2a: Ninetales|Encore|p1a: Raging Bolt
|-start|p1a: Raging Bolt|Encore
|move|p1a: Raging Bolt|Dragon Pulse|p2a: Ninetales
|-damage|p2a: Ninetales|0 fnt
|faint|p2a: Ninetales
|
|-weather|none
|-end|p1a: Raging Bolt|Protosynthesis
|-damage|p1a: Raging Bolt|64/100 brn|[from] brn
|upkeep
|-enditem|p1a: Raging Bolt|Booster Energy
|-activate|p1a: Raging Bolt|ability: Protosynthesis|[fromitem]
|-start|p1a: Raging Bolt|protosynthesisspa
|
|t:|1743821475
|switch|p2a: Raging Bolt|Raging Bolt|100/100
|turn|9
|
|t:|1743821485
|-terastallize|p2a: Raging Bolt|Fairy
|move|p1a: Raging Bolt|Dragon Pulse|p2a: Raging Bolt
|-immune|p2a: Raging Bolt
|move|p2a: Raging Bolt|Calm Mind|p2a: Raging Bolt
|-boost|p2a: Raging Bolt|spa|1
|-boost|p2a: Raging Bolt|spd|1
|
|-damage|p1a: Raging Bolt|58/100 brn|[from] brn
|upkeep
|turn|10
|inactive|RoutesReborn has 120 seconds left.
|
|t:|1743821497
|move|p1a: Raging Bolt|Dragon Pulse|p2a: Raging Bolt
|-immune|p2a: Raging Bolt
|move|p2a: Raging Bolt|Calm Mind|p2a: Raging Bolt
|-boost|p2a: Raging Bolt|spa|1
|-boost|p2a: Raging Bolt|spd|1
|
|-damage|p1a: Raging Bolt|51/100 brn|[from] brn
|-end|p1a: Raging Bolt|Encore
|upkeep
|turn|11
|inactive|RoutesReborn has 120 seconds left.
|
|t:|1743821518
|move|p1a: Raging Bolt|Thunderbolt|p2a: Raging Bolt
|-damage|p2a: Raging Bolt|0 fnt
|faint|p2a: Raging Bolt
|-end|p2a: Raging Bolt|Protosynthesis|[silent]
|
|-damage|p1a: Raging Bolt|45/100 brn|[from] brn
|upkeep
|
|t:|1743821521
|switch|p2a: Walking Wake|Walking Wake|100/100
|turn|12
|
|t:|1743821529
|move|p2a: Walking Wake|Hydro Steam|p1a: Raging Bolt
|-damage|p1a: Raging Bolt|26/100 brn
|move|p1a: Raging Bolt|Dragon Pulse|p2a: Walking Wake
|-supereffective|p2a: Walking Wake
|-damage|p2a: Walking Wake|0 fnt
|faint|p2a: Walking Wake
|-end|p2a: Walking Wake|Protosynthesis|[silent]
|
|-damage|p1a: Raging Bolt|20/100 brn|[from] brn
|upkeep
|-message|MarvelWen forfeited.
|
|win|RoutesReborn
|raw|RoutesReborn's rating: 1247 &rarr; <strong>1277</strong><br />(+30 for winning)
|raw|MarvelWen's rating: 1323 &rarr; <strong>1299</strong><br />(-24 for losing)
|l|‽MarvelWen
|player|p2|
