|j|☆OP Earthquakes
|j|☆moosemooseman
|inactive|Battle timer is ON: inactive players will automatically lose when time's up.
|t:|1743816427
|gametype|singles
|player|p1|OP Earthquakes|giovanni-masters|
|player|p2|moosemooseman|swimmer-gen4|
|teamsize|p1|6
|teamsize|p2|6
|gen|9
|tier|[Gen 9] OU
|rated|Tournament battle
|rule|HP Percentage Mod: HP is shown in percentages
|rule|Endless Battle Clause: Forcing endless battles is banned
|rule|Species Clause: Limit one of each Pokémon
|rule|OHKO Clause: OHKO moves are banned
|rule|Evasion Items Clause: Evasion items are banned
|rule|Evasion Moves Clause: Evasion moves are banned
|rule|Sleep Moves Clause: Sleep-inducing moves are banned
|clearpoke
|poke|p1|Alomomola, M|
|poke|p1|Dragapult, F|
|poke|p1|Grimmsnarl, M|
|poke|p1|Hatterene, F|
|poke|p1|Great Tusk|
|poke|p1|Scizor, F|
|poke|p2|Garganacl, F|
|poke|p2|Kyurem|
|poke|p2|Clefable, F|
|poke|p2|Iron Valiant|
|poke|p2|Corviknight, M|
|poke|p2|Landorus-Therian, M|
|teampreview
|inactive|OP Earthquakes also wants the timer to be on.
|c|☆OP Earthquakes|Hf Test!
|j| kazt 5
|inactive|OP Earthquakes has 120 seconds left.
|inactive|OP Earthquakes has 90 seconds left.
|
|t:|1743816491
|start
|switch|p1a: Scizor|Scizor, F|100/100
|switch|p2a: Kyurem|Kyurem|100/100
|-ability|p2a: Kyurem|Pressure
|turn|1
|
|t:|1743816501
|switch|p2a: Landorus|Landorus-Therian, M|100/100
|-ability|p2a: Landorus|Intimidate|boost
|-unboost|p1a: Scizor|atk|1
|move|p1a: Scizor|Knock Off|p2a: Landorus
|-damage|p2a: Landorus|79/100
|-damage|p1a: Scizor|84/100|[from] item: Rocky Helmet|[of] p2a: Landorus
|-enditem|p2a: Landorus|Rocky Helmet|[from] move: Knock Off|[of] p1a: Scizor
|
|upkeep
|turn|2
|
|t:|1743816512
|switch|p1a: Hatterene|Hatterene, F|100/100
|move|p2a: Landorus|U-turn|p1a: Hatterene
|-damage|p1a: Hatterene|77/100
|
|t:|1743816518
|switch|p2a: Garganacl|Garganacl, F|100/100|[from] U-turn
|
|upkeep
|turn|3
|
|t:|1743816533
|move|p2a: Garganacl|Salt Cure|p1a: Hatterene
|-damage|p1a: Hatterene|63/100
|-start|p1a: Hatterene|Salt Cure
|move|p1a: Hatterene|Calm Mind|p1a: Hatterene
|-boost|p1a: Hatterene|spa|1
|-boost|p1a: Hatterene|spd|1
|
|-damage|p1a: Hatterene|50/100|[from] Salt Cure
|upkeep
|turn|4
|
|t:|1743816545
|move|p2a: Garganacl|Salt Cure|p1a: Hatterene
|-damage|p1a: Hatterene|33/100
|move|p1a: Hatterene|Draining Kiss|p2a: Garganacl
|-damage|p2a: Garganacl|68/100
|-heal|p1a: Hatterene|67/100|[from] drain|[of] p2a: Garganacl
|
|-heal|p2a: Garganacl|74/100|[from] item: Leftovers
|-damage|p1a: Hatterene|55/100|[from] Salt Cure
|upkeep
|turn|5
|
|t:|1743816551
|move|p2a: Garganacl|Protect|p2a: Garganacl
|-singleturn|p2a: Garganacl|Protect
|move|p1a: Hatterene|Draining Kiss|p2a: Garganacl
|-activate|p2a: Garganacl|move: Protect
|
|-heal|p2a: Garganacl|80/100|[from] item: Leftovers
|-damage|p1a: Hatterene|43/100|[from] Salt Cure
|upkeep
|turn|6
|j| FriskyGeologist
|
|t:|1743816556
|switch|p2a: Corviknight|Corviknight, M|100/100
|-ability|p2a: Corviknight|Pressure
|move|p1a: Hatterene|Mystical Fire|p2a: Corviknight
|-supereffective|p2a: Corviknight
|-damage|p2a: Corviknight|17/100
|-unboost|p2a: Corviknight|spa|1
|
|-heal|p2a: Corviknight|23/100|[from] item: Leftovers
|-damage|p1a: Hatterene|30/100|[from] Salt Cure
|upkeep
|turn|7
|
|t:|1743816563
|move|p2a: Corviknight|Brave Bird|p1a: Hatterene
|-damage|p1a: Hatterene|0 fnt
|faint|p1a: Hatterene
|-damage|p2a: Corviknight|16/100|[from] Recoil
|
|-heal|p2a: Corviknight|22/100|[from] item: Leftovers
|upkeep
|inactive|OP Earthquakes has 120 seconds left.
|inactive|OP Earthquakes has 90 seconds left.
|l| FriskyGeologist
|j| Death Coil
|
|t:|1743816635
|switch|p1a: Grimmsnarl|Grimmsnarl, M, shiny|100/100
|turn|8
|
|t:|1743816639
|move|p1a: Grimmsnarl|Low Kick|p2a: Corviknight
|-damage|p2a: Corviknight|7/100
|move|p2a: Corviknight|Roost|p2a: Corviknight
|-heal|p2a: Corviknight|57/100
|-singleturn|p2a: Corviknight|move: Roost
|
|-heal|p2a: Corviknight|63/100|[from] item: Leftovers
|upkeep
|turn|9
|inactive|OP Earthquakes has 90 seconds left.
|c|☆OP Earthquakes|Rough
|
|t:|1743816667
|move|p1a: Grimmsnarl|Reflect|p1a: Grimmsnarl
|-sidestart|p1: OP Earthquakes|Reflect
|move|p2a: Corviknight|U-turn|p1a: Grimmsnarl
|-crit|p1a: Grimmsnarl
|-damage|p1a: Grimmsnarl|77/100
|
|t:|1743816671
|switch|p2a: Garganacl|Garganacl, F|80/100|[from] U-turn
|
|-heal|p2a: Garganacl|86/100|[from] item: Leftovers
|upkeep
|turn|10
|
|t:|1743816682
|move|p1a: Grimmsnarl|Low Kick|p2a: Garganacl
|-supereffective|p2a: Garganacl
|-damage|p2a: Garganacl|33/100
|move|p2a: Garganacl|Salt Cure|p1a: Grimmsnarl
|-damage|p1a: Grimmsnarl|69/100
|-start|p1a: Grimmsnarl|Salt Cure
|
|-heal|p2a: Garganacl|39/100|[from] item: Leftovers
|-damage|p1a: Grimmsnarl|57/100|[from] Salt Cure
|upkeep
|turn|11
|
|t:|1743816687
|switch|p1a: Dragapult|Dragapult, F, shiny|100/100
|switch|p2a: Corviknight|Corviknight, M|63/100
|-ability|p2a: Corviknight|Pressure
|
|-heal|p2a: Corviknight|69/100|[from] item: Leftovers
|upkeep
|turn|12
|
|t:|1743816695
|move|p1a: Dragapult|Dragon Dance|p1a: Dragapult
|-boost|p1a: Dragapult|atk|1
|-boost|p1a: Dragapult|spe|1
|move|p2a: Corviknight|Brave Bird|p1a: Dragapult
|-damage|p1a: Dragapult|77/100
|-damage|p2a: Corviknight|63/100|[from] Recoil
|
|-heal|p1a: Dragapult|83/100|[from] item: Leftovers
|-heal|p2a: Corviknight|69/100|[from] item: Leftovers
|upkeep
|turn|13
|
|t:|1743816710
|move|p1a: Dragapult|Substitute|p1a: Dragapult
|-start|p1a: Dragapult|Substitute
|-damage|p1a: Dragapult|58/100
|move|p2a: Corviknight|Roost|p2a: Corviknight
|-heal|p2a: Corviknight|100/100
|-singleturn|p2a: Corviknight|move: Roost
|
|-heal|p1a: Dragapult|64/100|[from] item: Leftovers
|upkeep
|turn|14
|
|t:|1743816714
|move|p1a: Dragapult|Dragon Dance|p1a: Dragapult
|-boost|p1a: Dragapult|atk|1
|-boost|p1a: Dragapult|spe|1
|move|p2a: Corviknight|Brave Bird|p1a: Dragapult
|-crit|p1a: Dragapult
|-end|p1a: Dragapult|Substitute
|-damage|p2a: Corviknight|94/100|[from] Recoil|[of] p1a: Dragapult
|
|-heal|p1a: Dragapult|70/100|[from] item: Leftovers
|-heal|p2a: Corviknight|99/100|[from] item: Leftovers
|upkeep
|turn|15
|c|☆OP Earthquakes|Imagine that
|c|☆OP Earthquakes|crit insurance
|inactive|OP Earthquakes has 90 seconds left.
|
|t:|1743816742
|move|p1a: Dragapult|Substitute|p1a: Dragapult
|-start|p1a: Dragapult|Substitute
|-damage|p1a: Dragapult|45/100
|move|p2a: Corviknight|Defog||[still]
|-sideend|p1: OP Earthquakes|Reflect
|-fail|p2a: Corviknight
|
|-heal|p1a: Dragapult|52/100|[from] item: Leftovers
|-heal|p2a: Corviknight|100/100|[from] item: Leftovers
|upkeep
|turn|16
|
|t:|1743816747
|move|p1a: Dragapult|Dragon Dance|p1a: Dragapult
|-boost|p1a: Dragapult|atk|1
|-boost|p1a: Dragapult|spe|1
|move|p2a: Corviknight|Brave Bird|p1a: Dragapult
|-end|p1a: Dragapult|Substitute
|-damage|p2a: Corviknight|94/100|[from] Recoil|[of] p1a: Dragapult
|
|-heal|p1a: Dragapult|58/100|[from] item: Leftovers
|-heal|p2a: Corviknight|99/100|[from] item: Leftovers
|upkeep
|turn|17
|inactive|OP Earthquakes has 90 seconds left.
|
|t:|1743816769
|-terastallize|p1a: Dragapult|Ghost
|move|p1a: Dragapult|Phantom Force||[still]
|-prepare|p1a: Dragapult|Phantom Force
|move|p2a: Corviknight|Brave Bird|p1a: Dragapult|[miss]
|-miss|p2a: Corviknight|p1a: Dragapult
|
|-heal|p1a: Dragapult|64/100|[from] item: Leftovers
|-heal|p2a: Corviknight|100/100|[from] item: Leftovers
|upkeep
|turn|18
|
|t:|1743816778
|move|p1a: Dragapult|Phantom Force|p2a: Corviknight|[from] lockedmove
|-damage|p2a: Corviknight|2/100
|move|p2a: Corviknight|Brave Bird|p1a: Dragapult
|-damage|p1a: Dragapult|16/100
|-damage|p2a: Corviknight|0 fnt|[from] Recoil
|faint|p2a: Corviknight
|
|-heal|p1a: Dragapult|23/100|[from] item: Leftovers
|upkeep
|
|t:|1743816782
|switch|p2a: Garganacl|Garganacl, F|39/100
|turn|19
|inactive|OP Earthquakes has 90 seconds left.
|
|t:|1743816809
|-terastallize|p2a: Garganacl|Fairy
|move|p1a: Dragapult|Dragon Darts|p2a: Garganacl
|-immune|p2a: Garganacl
|move|p2a: Garganacl|Recover|p2a: Garganacl
|-heal|p2a: Garganacl|89/100
|
|-heal|p1a: Dragapult|29/100|[from] item: Leftovers
|-heal|p2a: Garganacl|96/100|[from] item: Leftovers
|upkeep
|turn|20
|inactive|OP Earthquakes has 90 seconds left.
|
|t:|1743816827
|move|p1a: Dragapult|Phantom Force||[still]
|-prepare|p1a: Dragapult|Phantom Force
|move|p2a: Garganacl|Stealth Rock|p1a: Dragapult
|-sidestart|p1: OP Earthquakes|move: Stealth Rock
|
|-heal|p1a: Dragapult|35/100|[from] item: Leftovers
|-heal|p2a: Garganacl|100/100|[from] item: Leftovers
|upkeep
|turn|21
|
|t:|1743816832
|move|p1a: Dragapult|Phantom Force|p2a: Garganacl|[from] lockedmove
|-damage|p2a: Garganacl|50/100
|move|p2a: Garganacl|Salt Cure|p1a: Dragapult
|-damage|p1a: Dragapult|18/100
|-start|p1a: Dragapult|Salt Cure
|
|-heal|p1a: Dragapult|24/100|[from] item: Leftovers
|-heal|p2a: Garganacl|56/100|[from] item: Leftovers
|-damage|p1a: Dragapult|12/100|[from] Salt Cure
|upkeep
|turn|22
|inactive|OP Earthquakes has 90 seconds left.
|
|t:|1743816842
|switch|p1a: Great Tusk|Great Tusk|100/100
|move|p2a: Garganacl|Recover|p2a: Garganacl
|-heal|p2a: Garganacl|100/100
|
|upkeep
|turn|23
|
|t:|1743816853
|move|p1a: Great Tusk|Rapid Spin|p2a: Garganacl
|-damage|p2a: Garganacl|90/100
|-boost|p1a: Great Tusk|spe|1
|-sideend|p1: OP Earthquakes|Stealth Rock|[from] move: Rapid Spin|[of] p1a: Great Tusk
|move|p2a: Garganacl|Salt Cure|p1a: Great Tusk
|-resisted|p1a: Great Tusk
|-damage|p1a: Great Tusk|98/100
|-start|p1a: Great Tusk|Salt Cure
|
|-heal|p2a: Garganacl|96/100|[from] item: Leftovers
|-damage|p1a: Great Tusk|86/100|[from] Salt Cure
|upkeep
|turn|24
|
|t:|1743816857
|move|p2a: Garganacl|Protect|p2a: Garganacl
|-singleturn|p2a: Garganacl|Protect
|move|p1a: Great Tusk|Stealth Rock|p2a: Garganacl
|-sidestart|p2: moosemooseman|move: Stealth Rock
|
|-heal|p2a: Garganacl|100/100|[from] item: Leftovers
|-damage|p1a: Great Tusk|73/100|[from] Salt Cure
|upkeep
|turn|25
|
|t:|1743816862
|move|p1a: Great Tusk|Headlong Rush|p2a: Garganacl
|-damage|p2a: Garganacl|59/100
|-unboost|p1a: Great Tusk|def|1
|-unboost|p1a: Great Tusk|spd|1
|move|p2a: Garganacl|Stealth Rock|p1a: Great Tusk
|-sidestart|p1: OP Earthquakes|move: Stealth Rock
|
|-heal|p2a: Garganacl|66/100|[from] item: Leftovers
|-damage|p1a: Great Tusk|61/100|[from] Salt Cure
|upkeep
|turn|26
|
|t:|1743816870
|move|p2a: Garganacl|Protect|p2a: Garganacl
|-singleturn|p2a: Garganacl|Protect
|move|p1a: Great Tusk|Rapid Spin|p2a: Garganacl
|-activate|p2a: Garganacl|move: Protect
|
|-heal|p2a: Garganacl|72/100|[from] item: Leftovers
|-damage|p1a: Great Tusk|49/100|[from] Salt Cure
|upkeep
|turn|27
|
|t:|1743816879
|move|p1a: Great Tusk|Rapid Spin|p2a: Garganacl
|-damage|p2a: Garganacl|61/100
|-boost|p1a: Great Tusk|spe|1
|-sideend|p1: OP Earthquakes|Stealth Rock|[from] move: Rapid Spin|[of] p1a: Great Tusk
|move|p2a: Garganacl|Stealth Rock|p1a: Great Tusk
|-sidestart|p1: OP Earthquakes|move: Stealth Rock
|
|-heal|p2a: Garganacl|67/100|[from] item: Leftovers
|-damage|p1a: Great Tusk|36/100|[from] Salt Cure
|upkeep
|turn|28
|
|t:|1743816884
|-end|p1a: Great Tusk|Protosynthesis|[silent]
|switch|p1a: Alomomola|Alomomola, M, shiny|100/100
|-damage|p1a: Alomomola|88/100|[from] Stealth Rock
|move|p2a: Garganacl|Salt Cure|p1a: Alomomola
|-damage|p1a: Alomomola|78/100
|-start|p1a: Alomomola|Salt Cure
|
|-heal|p2a: Garganacl|73/100|[from] item: Leftovers
|-damage|p1a: Alomomola|53/100|[from] Salt Cure
|upkeep
|turn|29
|
|t:|1743816888
|switch|p2a: Clefable|Clefable, F|100/100
|move|p1a: Alomomola|Wish|p1a: Alomomola
|
|-damage|p1a: Alomomola|28/100|[from] Salt Cure
|upkeep
|turn|30
|
|t:|1743816896
|switch|p1a: Great Tusk|Great Tusk|36/100
|move|p2a: Clefable|Knock Off|p1a: Great Tusk
|-resisted|p1a: Great Tusk
|-damage|p1a: Great Tusk|31/100
|-enditem|p1a: Great Tusk|Heavy-Duty Boots|[from] move: Knock Off|[of] p2a: Clefable
|
|-heal|p1a: Great Tusk|100/100|[from] move: Wish|[wisher] Alomomola
|upkeep
|turn|31
|
|t:|1743816904
|move|p1a: Great Tusk|Rapid Spin|p2a: Clefable
|-damage|p2a: Clefable|81/100
|-boost|p1a: Great Tusk|spe|1
|-sideend|p1: OP Earthquakes|Stealth Rock|[from] move: Rapid Spin|[of] p1a: Great Tusk
|move|p2a: Clefable|Moonblast|p1a: Great Tusk
|-supereffective|p1a: Great Tusk
|-damage|p1a: Great Tusk|10/100
|-unboost|p1a: Great Tusk|spa|1
|
|-heal|p2a: Clefable|87/100|[from] item: Leftovers
|upkeep
|turn|32
|
|t:|1743816912
|-end|p1a: Great Tusk|Protosynthesis|[silent]
|switch|p1a: Grimmsnarl|Grimmsnarl, M, shiny|57/100
|switch|p2a: Landorus|Landorus-Therian, M|79/100
|-damage|p2a: Landorus|66/100|[from] Stealth Rock
|-ability|p2a: Landorus|Intimidate|boost
|-unboost|p1a: Grimmsnarl|atk|1
|
|upkeep
|turn|33
|
|t:|1743816921
|move|p1a: Grimmsnarl|Reflect|p1a: Grimmsnarl
|-sidestart|p1: OP Earthquakes|Reflect
|move|p2a: Landorus|U-turn|p1a: Grimmsnarl
|-damage|p1a: Grimmsnarl|46/100
|
|t:|1743816924
|switch|p2a: Garganacl|Garganacl, F, tera:Fairy|73/100|[from] U-turn
|-damage|p2a: Garganacl|61/100|[from] Stealth Rock
|
|-heal|p2a: Garganacl|67/100|[from] item: Leftovers
|upkeep
|turn|34
|
|t:|1743816932
|switch|p1a: Alomomola|Alomomola, M, shiny|61/100
|move|p2a: Garganacl|Salt Cure|p1a: Alomomola
|-damage|p1a: Alomomola|56/100
|-start|p1a: Alomomola|Salt Cure
|
|-heal|p2a: Garganacl|73/100|[from] item: Leftovers
|-damage|p1a: Alomomola|31/100|[from] Salt Cure
|upkeep
|turn|35
|
|t:|1743816939
|switch|p1a: Scizor|Scizor, F|84/100
|move|p2a: Garganacl|Stealth Rock|p1a: Scizor
|-sidestart|p1: OP Earthquakes|move: Stealth Rock
|
|-heal|p2a: Garganacl|79/100|[from] item: Leftovers
|upkeep
|turn|36
|
|t:|1743816946
|switch|p2a: Landorus|Landorus-Therian, M|66/100
|-damage|p2a: Landorus|54/100|[from] Stealth Rock
|-ability|p2a: Landorus|Intimidate|boost
|-unboost|p1a: Scizor|atk|1
|move|p1a: Scizor|U-turn|p2a: Landorus
|-resisted|p2a: Landorus
|-damage|p2a: Landorus|44/100
|
|t:|1743816955
|switch|p1a: Alomomola|Alomomola, M, shiny|64/100|[from] U-turn
|-damage|p1a: Alomomola|52/100|[from] Stealth Rock
|
|upkeep
|turn|37
|
|t:|1743816960
|move|p2a: Landorus|Taunt|p1a: Alomomola
|-start|p1a: Alomomola|move: Taunt
|cant|p1a: Alomomola|move: Taunt|Wish
|
|upkeep
|turn|38
|
|t:|1743816963
|move|p2a: Landorus|U-turn|p1a: Alomomola
|-damage|p1a: Alomomola|44/100
|-damage|p2a: Landorus|27/100|[from] item: Rocky Helmet|[of] p1a: Alomomola
|
|t:|1743816966
|switch|p2a: Garganacl|Garganacl, F, tera:Fairy|79/100|[from] U-turn
|-damage|p2a: Garganacl|67/100|[from] Stealth Rock
|move|p1a: Alomomola|Flip Turn|p2a: Garganacl
|-damage|p2a: Garganacl|56/100
|
|t:|1743816974
|switch|p1a: Scizor|Scizor, F|84/100|[from] Flip Turn
|-damage|p1a: Scizor|72/100|[from] Stealth Rock
|
|-heal|p2a: Garganacl|62/100|[from] item: Leftovers
|upkeep
|turn|39
|
|t:|1743816978
|move|p2a: Garganacl|Protect|p2a: Garganacl
|-singleturn|p2a: Garganacl|Protect
|move|p1a: Scizor|U-turn|p2a: Garganacl
|-activate|p2a: Garganacl|move: Protect
|
|-heal|p2a: Garganacl|68/100|[from] item: Leftovers
|upkeep
|turn|40
|
|t:|1743816985
|move|p1a: Scizor|U-turn|p2a: Garganacl
|-resisted|p2a: Garganacl
|-damage|p2a: Garganacl|58/100
|
|t:|1743816993
|switch|p1a: Grimmsnarl|Grimmsnarl, M, shiny|46/100|[from] U-turn
|-damage|p1a: Grimmsnarl|33/100|[from] Stealth Rock
|move|p2a: Garganacl|Recover|p2a: Garganacl
|-heal|p2a: Garganacl|100/100
|
|-sideend|p1: OP Earthquakes|Reflect
|upkeep
|turn|41
|
|t:|1743817006
|move|p1a: Grimmsnarl|Reflect|p1a: Grimmsnarl
|-sidestart|p1: OP Earthquakes|Reflect
|move|p2a: Garganacl|Salt Cure|p1a: Grimmsnarl
|-damage|p1a: Grimmsnarl|25/100
|-start|p1a: Grimmsnarl|Salt Cure
|
|-damage|p1a: Grimmsnarl|12/100|[from] Salt Cure
|upkeep
|turn|42
|
|t:|1743817025
|move|p1a: Grimmsnarl|Light Screen|p1a: Grimmsnarl
|-sidestart|p1: OP Earthquakes|move: Light Screen
|move|p2a: Garganacl|Salt Cure|p1a: Grimmsnarl
|-damage|p1a: Grimmsnarl|4/100
|
|-damage|p1a: Grimmsnarl|0 fnt|[from] Salt Cure
|faint|p1a: Grimmsnarl
|upkeep
|
|t:|1743817037
|switch|p1a: Alomomola|Alomomola, M, shiny|77/100
|-damage|p1a: Alomomola|65/100|[from] Stealth Rock
|turn|43
|
|t:|1743817043
|move|p1a: Alomomola|Wish|p1a: Alomomola
|move|p2a: Garganacl|Salt Cure|p1a: Alomomola
|-damage|p1a: Alomomola|59/100
|-start|p1a: Alomomola|Salt Cure
|
|-damage|p1a: Alomomola|34/100|[from] Salt Cure
|upkeep
|turn|44
|
|t:|1743817048
|switch|p1a: Great Tusk|Great Tusk|10/100
|-damage|p1a: Great Tusk|7/100|[from] Stealth Rock
|move|p2a: Garganacl|Salt Cure|p1a: Great Tusk
|-resisted|p1a: Great Tusk
|-damage|p1a: Great Tusk|6/100
|-start|p1a: Great Tusk|Salt Cure
|
|-heal|p1a: Great Tusk|77/100|[from] move: Wish|[wisher] Alomomola
|-damage|p1a: Great Tusk|64/100|[from] Salt Cure
|upkeep
|turn|45
|
|t:|1743817059
|-end|p1a: Great Tusk|Protosynthesis|[silent]
|switch|p1a: Alomomola|Alomomola, M, shiny|68/100
|-damage|p1a: Alomomola|55/100|[from] Stealth Rock
|move|p2a: Garganacl|Protect||[still]
|-fail|p2a: Garganacl
|
|upkeep
|turn|46
|
|t:|1743817066
|move|p1a: Alomomola|Wish|p1a: Alomomola
|move|p2a: Garganacl|Salt Cure|p1a: Alomomola
|-damage|p1a: Alomomola|50/100
|-start|p1a: Alomomola|Salt Cure
|
|-damage|p1a: Alomomola|25/100|[from] Salt Cure
|upkeep
|turn|47
|
|t:|1743817077
|switch|p1a: Great Tusk|Great Tusk|64/100
|-damage|p1a: Great Tusk|61/100|[from] Stealth Rock
|move|p2a: Garganacl|Salt Cure|p1a: Great Tusk
|-resisted|p1a: Great Tusk
|-damage|p1a: Great Tusk|60/100
|-start|p1a: Great Tusk|Salt Cure
|
|-heal|p1a: Great Tusk|100/100|[from] move: Wish|[wisher] Alomomola
|-damage|p1a: Great Tusk|88/100|[from] Salt Cure
|upkeep
|turn|48
|l| kazt 5
|
|t:|1743817087
|switch|p2a: Clefable|Clefable, F|87/100
|move|p1a: Great Tusk|Rapid Spin|p2a: Clefable
|-damage|p2a: Clefable|69/100
|-boost|p1a: Great Tusk|spe|1
|-sideend|p1: OP Earthquakes|Stealth Rock|[from] move: Rapid Spin|[of] p1a: Great Tusk
|
|-heal|p2a: Clefable|75/100|[from] item: Leftovers
|-damage|p1a: Great Tusk|76/100|[from] Salt Cure
|-sideend|p1: OP Earthquakes|Reflect
|upkeep
|turn|49
|inactive|OP Earthquakes has 120 seconds left.
|
|t:|1743817132
|-end|p1a: Great Tusk|Protosynthesis|[silent]
|switch|p1a: Alomomola|Alomomola, M, shiny|59/100
|move|p2a: Clefable|Moonblast|p1a: Alomomola
|-damage|p1a: Alomomola|48/100
|
|-heal|p2a: Clefable|81/100|[from] item: Leftovers
|-sideend|p1: OP Earthquakes|move: Light Screen
|upkeep
|turn|50
|
|t:|1743817138
|move|p2a: Clefable|Knock Off|p1a: Alomomola
|-damage|p1a: Alomomola|36/100
|-enditem|p1a: Alomomola|Rocky Helmet|[from] move: Knock Off|[of] p2a: Clefable
|move|p1a: Alomomola|Wish|p1a: Alomomola
|
|-heal|p2a: Clefable|87/100|[from] item: Leftovers
|upkeep
|turn|51
|inactive|OP Earthquakes has 120 seconds left.
|
|t:|1743817156
|move|p2a: Clefable|Moonblast|p1a: Alomomola
|-damage|p1a: Alomomola|13/100
|-unboost|p1a: Alomomola|spa|1
|move|p1a: Alomomola|Flip Turn|p2a: Clefable
|-damage|p2a: Clefable|70/100
|inactive|OP Earthquakes has 120 seconds left.
|
|t:|1743817163
|switch|p1a: Dragapult|Dragapult, F, shiny, tera:Ghost|12/100|[from] Flip Turn
|
|-heal|p1a: Dragapult|94/100|[from] move: Wish|[wisher] Alomomola
|-heal|p1a: Dragapult|99/100|[from] item: Leftovers
|-heal|p2a: Clefable|76/100|[from] item: Leftovers
|upkeep
|turn|52
|inactive|OP Earthquakes has 120 seconds left.
|
|t:|1743817180
|switch|p1a: Alomomola|Alomomola, M, shiny|46/100
|move|p2a: Clefable|Knock Off|p1a: Alomomola
|-crit|p1a: Alomomola
|-damage|p1a: Alomomola|35/100
|
|-heal|p2a: Clefable|82/100|[from] item: Leftovers
|upkeep
|turn|53
|
|t:|1743817190
|switch|p2a: Garganacl|Garganacl, F, tera:Fairy|100/100
|-damage|p2a: Garganacl|88/100|[from] Stealth Rock
|move|p1a: Alomomola|Wish|p1a: Alomomola
|
|-heal|p2a: Garganacl|94/100|[from] item: Leftovers
|upkeep
|turn|54
|
|t:|1743817198
|switch|p1a: Scizor|Scizor, F|72/100
|move|p2a: Garganacl|Salt Cure|p1a: Scizor
|-damage|p1a: Scizor|61/100
|-start|p1a: Scizor|Salt Cure
|
|-heal|p1a: Scizor|100/100|[from] move: Wish|[wisher] Alomomola
|-heal|p2a: Garganacl|100/100|[from] item: Leftovers
|-damage|p1a: Scizor|76/100|[from] Salt Cure
|upkeep
|turn|55
|
|t:|1743817209
|move|p1a: Scizor|Bullet Punch|p2a: Garganacl
|-supereffective|p2a: Garganacl
|-damage|p2a: Garganacl|65/100
|move|p2a: Garganacl|Salt Cure|p1a: Scizor
|-damage|p1a: Scizor|65/100
|
|-heal|p2a: Garganacl|71/100|[from] item: Leftovers
|-damage|p1a: Scizor|40/100|[from] Salt Cure
|upkeep
|turn|56
|
|t:|1743817216
|switch|p1a: Great Tusk|Great Tusk|76/100
|move|p2a: Garganacl|Stealth Rock|p1a: Great Tusk
|-sidestart|p1: OP Earthquakes|move: Stealth Rock
|
|-heal|p2a: Garganacl|77/100|[from] item: Leftovers
|upkeep
|turn|57
|
|t:|1743817226
|move|p1a: Great Tusk|Headlong Rush|p2a: Garganacl
|-damage|p2a: Garganacl|34/100
|-unboost|p1a: Great Tusk|def|1
|-unboost|p1a: Great Tusk|spd|1
|move|p2a: Garganacl|Salt Cure|p1a: Great Tusk
|-resisted|p1a: Great Tusk
|-damage|p1a: Great Tusk|72/100
|-start|p1a: Great Tusk|Salt Cure
|
|-heal|p2a: Garganacl|40/100|[from] item: Leftovers
|-damage|p1a: Great Tusk|59/100|[from] Salt Cure
|upkeep
|turn|58
|
|t:|1743817231
|-end|p1a: Great Tusk|Protosynthesis|[silent]
|switch|p1a: Scizor|Scizor, F|40/100
|-damage|p1a: Scizor|27/100|[from] Stealth Rock
|move|p2a: Garganacl|Protect||[still]
|-fail|p2a: Garganacl
|
|-heal|p2a: Garganacl|47/100|[from] item: Leftovers
|upkeep
|turn|59
|
|t:|1743817240
|move|p1a: Scizor|Bullet Punch|p2a: Garganacl
|-supereffective|p2a: Garganacl
|-damage|p2a: Garganacl|8/100
|move|p2a: Garganacl|Recover|p2a: Garganacl
|-heal|p2a: Garganacl|58/100
|
|-heal|p2a: Garganacl|64/100|[from] item: Leftovers
|upkeep
|turn|60
|
|t:|1743817245
|move|p2a: Garganacl|Protect|p2a: Garganacl
|-singleturn|p2a: Garganacl|Protect
|move|p1a: Scizor|Knock Off|p2a: Garganacl
|-activate|p2a: Garganacl|move: Protect
|
|-heal|p2a: Garganacl|70/100|[from] item: Leftovers
|upkeep
|turn|61
|
|t:|1743817249
|move|p1a: Scizor|Bullet Punch|p2a: Garganacl
|-supereffective|p2a: Garganacl
|-damage|p2a: Garganacl|33/100
|move|p2a: Garganacl|Salt Cure|p1a: Scizor
|-damage|p1a: Scizor|16/100
|-start|p1a: Scizor|Salt Cure
|
|-heal|p2a: Garganacl|39/100|[from] item: Leftovers
|-damage|p1a: Scizor|0 fnt|[from] Salt Cure
|faint|p1a: Scizor
|upkeep
|
|t:|1743817257
|switch|p1a: Great Tusk|Great Tusk|59/100
|-damage|p1a: Great Tusk|56/100|[from] Stealth Rock
|turn|62
|
|t:|1743817261
|move|p2a: Garganacl|Protect|p2a: Garganacl
|-singleturn|p2a: Garganacl|Protect
|move|p1a: Great Tusk|Headlong Rush|p2a: Garganacl
|-activate|p2a: Garganacl|move: Protect
|
|-heal|p2a: Garganacl|45/100|[from] item: Leftovers
|upkeep
|turn|63
|
|t:|1743817268
|switch|p2a: Landorus|Landorus-Therian, M|27/100
|-damage|p2a: Landorus|15/100|[from] Stealth Rock
|-ability|p2a: Landorus|Intimidate|boost
|-unboost|p1a: Great Tusk|atk|1
|move|p1a: Great Tusk|Headlong Rush|p2a: Landorus
|-immune|p2a: Landorus
|
|upkeep
|turn|64
|
|t:|1743817276
|move|p2a: Landorus|Earth Power|p1a: Great Tusk
|-damage|p1a: Great Tusk|11/100
|move|p1a: Great Tusk|Rapid Spin|p2a: Landorus
|-damage|p2a: Landorus|5/100
|-boost|p1a: Great Tusk|spe|1
|-sideend|p1: OP Earthquakes|Stealth Rock|[from] move: Rapid Spin|[of] p1a: Great Tusk
|
|upkeep
|turn|65
|
|t:|1743817283
|move|p1a: Great Tusk|Rapid Spin|p2a: Landorus
|-damage|p2a: Landorus|0 fnt
|-boost|p1a: Great Tusk|spe|1
|faint|p2a: Landorus
|
|upkeep
|
|t:|1743817302
|switch|p2a: Iron Valiant|Iron Valiant|100/100
|-damage|p2a: Iron Valiant|94/100|[from] Stealth Rock
|-enditem|p2a: Iron Valiant|Booster Energy
|-activate|p2a: Iron Valiant|ability: Quark Drive|[fromitem]
|-start|p2a: Iron Valiant|quarkdrivespe
|turn|66
|j| magma_man85
|
|t:|1743817318
|move|p1a: Great Tusk|Headlong Rush|p2a: Iron Valiant
|-crit|p2a: Iron Valiant
|-damage|p2a: Iron Valiant|0 fnt
|-unboost|p1a: Great Tusk|def|1
|-unboost|p1a: Great Tusk|spd|1
|faint|p2a: Iron Valiant
|-end|p2a: Iron Valiant|Quark Drive|[silent]
|
|upkeep
|
|t:|1743817323
|switch|p2a: Garganacl|Garganacl, F, tera:Fairy|45/100
|-damage|p2a: Garganacl|33/100|[from] Stealth Rock
|turn|67
|
|t:|1743817327
|move|p2a: Garganacl|Protect|p2a: Garganacl
|-singleturn|p2a: Garganacl|Protect
|move|p1a: Great Tusk|Headlong Rush|p2a: Garganacl
|-activate|p2a: Garganacl|move: Protect
|
|-heal|p2a: Garganacl|39/100|[from] item: Leftovers
|upkeep
|turn|68
|
|t:|1743817351
|switch|p2a: Clefable|Clefable, F|82/100
|move|p1a: Great Tusk|Headlong Rush|p2a: Clefable
|-damage|p2a: Clefable|33/100
|-unboost|p1a: Great Tusk|def|1
|-unboost|p1a: Great Tusk|spd|1
|
|-heal|p2a: Clefable|39/100|[from] item: Leftovers
|upkeep
|turn|69
|
|t:|1743817358
|move|p1a: Great Tusk|Headlong Rush|p2a: Clefable
|-damage|p2a: Clefable|0 fnt
|-unboost|p1a: Great Tusk|def|1
|-unboost|p1a: Great Tusk|spd|1
|faint|p2a: Clefable
|
|upkeep
|
|t:|1743817363
|switch|p2a: Garganacl|Garganacl, F, tera:Fairy|39/100
|-damage|p2a: Garganacl|26/100|[from] Stealth Rock
|turn|70
|
|t:|1743817382
|move|p1a: Great Tusk|Close Combat|p2a: Garganacl
|-resisted|p2a: Garganacl
|-damage|p2a: Garganacl|12/100
|-unboost|p1a: Great Tusk|def|1
|-unboost|p1a: Great Tusk|spd|1
|move|p2a: Garganacl|Recover|p2a: Garganacl
|-heal|p2a: Garganacl|62/100
|
|-heal|p2a: Garganacl|69/100|[from] item: Leftovers
|upkeep
|turn|71
|
|t:|1743817394
|-end|p1a: Great Tusk|Protosynthesis|[silent]
|switch|p1a: Alomomola|Alomomola, M, shiny|68/100
|move|p2a: Garganacl|Protect||[still]
|-fail|p2a: Garganacl
|
|-heal|p2a: Garganacl|75/100|[from] item: Leftovers
|upkeep
|turn|72
|
|t:|1743817400
|switch|p2a: Kyurem|Kyurem|100/100
|-ability|p2a: Kyurem|Pressure
|move|p1a: Alomomola|Wish|p1a: Alomomola
|
|upkeep
|turn|73
|
|t:|1743817407
|move|p2a: Kyurem|Freeze-Dry|p1a: Alomomola
|-supereffective|p1a: Alomomola
|-damage|p1a: Alomomola|15/100
|move|p1a: Alomomola|Flip Turn|p2a: Kyurem
|-resisted|p2a: Kyurem
|-damage|p2a: Kyurem|93/100
|
|t:|1743817423
|switch|p1a: Great Tusk|Great Tusk|11/100|[from] Flip Turn
|
|-heal|p1a: Great Tusk|81/100|[from] move: Wish|[wisher] Alomomola
|upkeep
|turn|74
|
|t:|1743817431
|switch|p2a: Garganacl|Garganacl, F, tera:Fairy|75/100
|-damage|p2a: Garganacl|62/100|[from] Stealth Rock
|move|p1a: Great Tusk|Close Combat|p2a: Garganacl
|-resisted|p2a: Garganacl
|-damage|p2a: Garganacl|43/100
|-unboost|p1a: Great Tusk|def|1
|-unboost|p1a: Great Tusk|spd|1
|
|-heal|p2a: Garganacl|49/100|[from] item: Leftovers
|upkeep
|turn|75
|
|t:|1743817451
|-end|p1a: Great Tusk|Protosynthesis|[silent]
|switch|p1a: Alomomola|Alomomola, M, shiny|48/100
|move|p2a: Garganacl|Salt Cure|p1a: Alomomola
|-damage|p1a: Alomomola|38/100
|-start|p1a: Alomomola|Salt Cure
|
|-heal|p2a: Garganacl|55/100|[from] item: Leftovers
|-damage|p1a: Alomomola|13/100|[from] Salt Cure
|upkeep
|turn|76
|
|t:|1743817464
|switch|p1a: Great Tusk|Great Tusk|81/100
|move|p2a: Garganacl|Recover|p2a: Garganacl
|-heal|p2a: Garganacl|100/100
|
|upkeep
|turn|77
|
|t:|1743817479
|-end|p1a: Great Tusk|Protosynthesis|[silent]
|switch|p1a: Alomomola|Alomomola, M, shiny|47/100
|move|p2a: Garganacl|Salt Cure|p1a: Alomomola
|-damage|p1a: Alomomola|37/100
|-start|p1a: Alomomola|Salt Cure
|
|-damage|p1a: Alomomola|12/100|[from] Salt Cure
|upkeep
|turn|78
|
|t:|1743817483
|switch|p1a: Great Tusk|Great Tusk|81/100
|move|p2a: Garganacl|Stealth Rock|p1a: Great Tusk
|-sidestart|p1: OP Earthquakes|move: Stealth Rock
|
|upkeep
|turn|79
|
|t:|1743817487
|move|p1a: Great Tusk|Rapid Spin|p2a: Garganacl
|-damage|p2a: Garganacl|90/100
|-boost|p1a: Great Tusk|spe|1
|-sideend|p1: OP Earthquakes|Stealth Rock|[from] move: Rapid Spin|[of] p1a: Great Tusk
|move|p2a: Garganacl|Salt Cure|p1a: Great Tusk
|-resisted|p1a: Great Tusk
|-damage|p1a: Great Tusk|79/100
|-start|p1a: Great Tusk|Salt Cure
|
|-heal|p2a: Garganacl|96/100|[from] item: Leftovers
|-damage|p1a: Great Tusk|66/100|[from] Salt Cure
|upkeep
|turn|80
|
|t:|1743817505
|move|p1a: Great Tusk|Rapid Spin|p2a: Garganacl
|-damage|p2a: Garganacl|85/100
|-boost|p1a: Great Tusk|spe|1
|move|p2a: Garganacl|Salt Cure|p1a: Great Tusk
|-resisted|p1a: Great Tusk
|-crit|p1a: Great Tusk
|-damage|p1a: Great Tusk|63/100
|
|-heal|p2a: Garganacl|92/100|[from] item: Leftovers
|-damage|p1a: Great Tusk|50/100|[from] Salt Cure
|upkeep
|turn|81
|inactive|OP Earthquakes has 120 seconds left.
|
|t:|1743817536
|-end|p1a: Great Tusk|Protosynthesis|[silent]
|switch|p1a: Alomomola|Alomomola, M, shiny|45/100
|move|p2a: Garganacl|Stealth Rock|p1a: Alomomola
|-sidestart|p1: OP Earthquakes|move: Stealth Rock
|
|-heal|p2a: Garganacl|98/100|[from] item: Leftovers
|upkeep
|turn|82
|inactive|OP Earthquakes has 120 seconds left.
|
|t:|1743817543
|switch|p1a: Great Tusk|Great Tusk|50/100
|-damage|p1a: Great Tusk|47/100|[from] Stealth Rock
|switch|p2a: Kyurem|Kyurem|93/100
|-ability|p2a: Kyurem|Pressure
|
|upkeep
|turn|83
|
|t:|1743817550
|move|p2a: Kyurem|Freeze-Dry|p1a: Great Tusk
|-supereffective|p1a: Great Tusk
|-damage|p1a: Great Tusk|0 fnt
|faint|p1a: Great Tusk
|-end|p1a: Great Tusk|Protosynthesis|[silent]
|
|upkeep
|inactive|OP Earthquakes has 120 seconds left.
|
|t:|1743817575
|switch|p1a: Dragapult|Dragapult, F, shiny, tera:Ghost|99/100
|-damage|p1a: Dragapult|87/100|[from] Stealth Rock
|turn|84
|j| FriskyGeologist
|
|t:|1743817594
|move|p1a: Dragapult|Substitute|p1a: Dragapult
|-start|p1a: Dragapult|Substitute
|-damage|p1a: Dragapult|62/100
|move|p2a: Kyurem|Draco Meteor|p1a: Dragapult
|-end|p1a: Dragapult|Substitute
|-unboost|p2a: Kyurem|spa|2
|
|-heal|p1a: Dragapult|69/100|[from] item: Leftovers
|upkeep
|turn|85
|
|t:|1743817610
|switch|p2a: Garganacl|Garganacl, F, tera:Fairy|98/100
|-damage|p2a: Garganacl|85/100|[from] Stealth Rock
|move|p1a: Dragapult|Substitute|p1a: Dragapult
|-start|p1a: Dragapult|Substitute
|-damage|p1a: Dragapult|44/100
|
|-heal|p1a: Dragapult|50/100|[from] item: Leftovers
|-heal|p2a: Garganacl|92/100|[from] item: Leftovers
|upkeep
|turn|86
|inactive|OP Earthquakes has 90 seconds left.
|
|t:|1743817623
|switch|p2a: Kyurem|Kyurem|93/100
|-ability|p2a: Kyurem|Pressure
|move|p1a: Dragapult|Phantom Force||[still]
|-prepare|p1a: Dragapult|Phantom Force
|
|-heal|p1a: Dragapult|56/100|[from] item: Leftovers
|upkeep
|turn|87
|
|t:|1743817629
|move|p1a: Dragapult|Phantom Force|p2a: Kyurem|[from] lockedmove
|-damage|p2a: Kyurem|26/100
|move|p2a: Kyurem|Ice Beam|p1a: Dragapult
|-end|p1a: Dragapult|Substitute
|
|-heal|p1a: Dragapult|62/100|[from] item: Leftovers
|upkeep
|turn|88
|l| FriskyGeologist
|inactive|OP Earthquakes has 90 seconds left.
|
|t:|1743817641
|move|p1a: Dragapult|Phantom Force||[still]
|-prepare|p1a: Dragapult|Phantom Force
|move|p2a: Kyurem|Draco Meteor|p1a: Dragapult|[miss]
|-miss|p2a: Kyurem|p1a: Dragapult
|
|-heal|p1a: Dragapult|69/100|[from] item: Leftovers
|upkeep
|turn|89
|
|t:|1743817644
|switch|p2a: Garganacl|Garganacl, F, tera:Fairy|92/100
|-damage|p2a: Garganacl|79/100|[from] Stealth Rock
|move|p1a: Dragapult|Phantom Force|p2a: Garganacl|[from] lockedmove
|-damage|p2a: Garganacl|56/100
|
|-heal|p1a: Dragapult|75/100|[from] item: Leftovers
|-heal|p2a: Garganacl|63/100|[from] item: Leftovers
|upkeep
|turn|90
|inactive|OP Earthquakes has 90 seconds left.
|
|t:|1743817667
|move|p1a: Dragapult|Substitute|p1a: Dragapult
|-start|p1a: Dragapult|Substitute
|-damage|p1a: Dragapult|50/100
|move|p2a: Garganacl|Salt Cure|p1a: Dragapult
|-activate|p1a: Dragapult|move: Substitute|[damage]
|
|-heal|p1a: Dragapult|56/100|[from] item: Leftovers
|-heal|p2a: Garganacl|69/100|[from] item: Leftovers
|upkeep
|turn|91
|
|t:|1743817679
|move|p1a: Dragapult|Dragon Dance|p1a: Dragapult
|-boost|p1a: Dragapult|atk|1
|-boost|p1a: Dragapult|spe|1
|move|p2a: Garganacl|Stealth Rock||[still]
|-fail|p2a: Garganacl
|
|-heal|p1a: Dragapult|62/100|[from] item: Leftovers
|-heal|p2a: Garganacl|75/100|[from] item: Leftovers
|upkeep
|turn|92
|
|t:|1743817684
|move|p1a: Dragapult|Dragon Dance|p1a: Dragapult
|-boost|p1a: Dragapult|atk|1
|-boost|p1a: Dragapult|spe|1
|move|p2a: Garganacl|Salt Cure|p1a: Dragapult
|-end|p1a: Dragapult|Substitute
|
|-heal|p1a: Dragapult|69/100|[from] item: Leftovers
|-heal|p2a: Garganacl|81/100|[from] item: Leftovers
|upkeep
|turn|93
|
|t:|1743817691
|switch|p2a: Kyurem|Kyurem|26/100
|-ability|p2a: Kyurem|Pressure
|move|p1a: Dragapult|Substitute|p1a: Dragapult
|-start|p1a: Dragapult|Substitute
|-damage|p1a: Dragapult|44/100
|
|-heal|p1a: Dragapult|50/100|[from] item: Leftovers
|upkeep
|turn|94
|
|t:|1743817697
|move|p1a: Dragapult|Phantom Force||[still]
|-prepare|p1a: Dragapult|Phantom Force
|move|p2a: Kyurem|Ice Beam|p1a: Dragapult|[miss]
|-miss|p2a: Kyurem|p1a: Dragapult
|
|-heal|p1a: Dragapult|56/100|[from] item: Leftovers
|upkeep
|turn|95
|
|t:|1743817702
|switch|p2a: Garganacl|Garganacl, F, tera:Fairy|81/100
|-damage|p2a: Garganacl|69/100|[from] Stealth Rock
|move|p1a: Dragapult|Phantom Force|p2a: Garganacl|[from] lockedmove
|-damage|p2a: Garganacl|28/100
|
|-heal|p1a: Dragapult|62/100|[from] item: Leftovers
|-heal|p2a: Garganacl|34/100|[from] item: Leftovers
|upkeep
|turn|96
|
|t:|1743817714
|move|p1a: Dragapult|Dragon Dance|p1a: Dragapult
|-boost|p1a: Dragapult|atk|1
|-boost|p1a: Dragapult|spe|1
|move|p2a: Garganacl|Recover|p2a: Garganacl
|-heal|p2a: Garganacl|84/100
|
|-heal|p1a: Dragapult|69/100|[from] item: Leftovers
|-heal|p2a: Garganacl|91/100|[from] item: Leftovers
|upkeep
|turn|97
|
|t:|1743817724
|move|p1a: Dragapult|Dragon Dance|p1a: Dragapult
|-boost|p1a: Dragapult|atk|1
|-boost|p1a: Dragapult|spe|1
|move|p2a: Garganacl|Salt Cure|p1a: Dragapult
|-activate|p1a: Dragapult|move: Substitute|[damage]
|
|-heal|p1a: Dragapult|75/100|[from] item: Leftovers
|-heal|p2a: Garganacl|97/100|[from] item: Leftovers
|upkeep
|turn|98
|
|t:|1743817735
|switch|p2a: Kyurem|Kyurem|26/100
|-ability|p2a: Kyurem|Pressure
|move|p1a: Dragapult|Dragon Dance|p1a: Dragapult
|-boost|p1a: Dragapult|atk|1
|-boost|p1a: Dragapult|spe|1
|
|-heal|p1a: Dragapult|81/100|[from] item: Leftovers
|upkeep
|turn|99
|inactive|OP Earthquakes has 60 seconds left.
|
|t:|1743817749
|switch|p2a: Garganacl|Garganacl, F, tera:Fairy|97/100
|-damage|p2a: Garganacl|84/100|[from] Stealth Rock
|move|p1a: Dragapult|Dragon Darts|p2a: Garganacl
|-immune|p2a: Garganacl
|
|-heal|p1a: Dragapult|87/100|[from] item: Leftovers
|-heal|p2a: Garganacl|91/100|[from] item: Leftovers
|upkeep
|turn|100
|
|t:|1743817754
|switch|p2a: Kyurem|Kyurem|26/100
|-ability|p2a: Kyurem|Pressure
|move|p1a: Dragapult|Dragon Dance|p1a: Dragapult
|-boost|p1a: Dragapult|atk|1
|-boost|p1a: Dragapult|spe|1
|
|-heal|p1a: Dragapult|94/100|[from] item: Leftovers
|upkeep
|turn|101
|
|t:|1743817759
|move|p1a: Dragapult|Dragon Darts|p2a: Kyurem
|-supereffective|p2a: Kyurem
|-damage|p2a: Kyurem|0 fnt
|faint|p2a: Kyurem
|
|-heal|p1a: Dragapult|99/100|[from] item: Leftovers
|upkeep
|
|t:|1743817762
|switch|p2a: Garganacl|Garganacl, F, tera:Fairy|91/100
|-damage|p2a: Garganacl|78/100|[from] Stealth Rock
|turn|102
|
|t:|1743817770
|move|p2a: Garganacl|Protect|p2a: Garganacl
|-singleturn|p2a: Garganacl|Protect
|move|p1a: Dragapult|Phantom Force||[still]
|-prepare|p1a: Dragapult|Phantom Force
|
|-heal|p1a: Dragapult|100/100|[from] item: Leftovers
|-heal|p2a: Garganacl|84/100|[from] item: Leftovers
|upkeep
|turn|103
|
|t:|1743817776
|move|p1a: Dragapult|Phantom Force|p2a: Garganacl|[from] lockedmove
|-crit|p2a: Garganacl
|-damage|p2a: Garganacl|0 fnt
|faint|p2a: Garganacl
|
|win|OP Earthquakes
|n|☆OP Earthquakes|opearthquakes
|n|☆moosemooseman|moosemooseman
|n| Death Coil|deathcoil
|n| magma_man85|magmaman85
|l|☆moosemooseman
|player|p2|
|j| FriskyGeologist
|l| magma_man85
|l| Death Coil
|l| FriskyGeologist
|j| FriskyGeologist
|l| FriskyGeologist
|j| FriskyGeologist
|j| pdonmakesmehigh
|l| FriskyGeologist
|n| Real Earthquakes|opearthquakes
