|j|☆Rorle
|j|☆berioost
|t:|1743851958
|gametype|singles
|player|p1|Rorle|266|1162
|player|p2|berioost|169|1162
|teamsize|p1|6
|teamsize|p2|6
|gen|9
|tier|[Gen 9] OU
|rated|
|rule|HP Percentage Mod: HP is shown in percentages
|rule|Endless Battle Clause: Forcing endless battles is banned
|rule|Species Clause: Limit one of each Pokémon
|rule|OHKO Clause: OHKO moves are banned
|rule|Evasion Items Clause: Evasion items are banned
|rule|Evasion Moves Clause: Evasion moves are banned
|rule|Sleep Moves Clause: Sleep-inducing moves are banned
|clearpoke
|poke|p1|Lokix, M|
|poke|p1|Garchomp, M|
|poke|p1|Mimikyu, F|
|poke|p1|Thundurus-Therian, M|
|poke|p1|Talonflame, M|
|poke|p1|Iron Treads|
|poke|p2|Blaziken, M|
|poke|p2|Greninja-*, M|
|poke|p2|Flygon, F|
|poke|p2|Jolteon, M|
|poke|p2|Scizor, F|
|poke|p2|Exeggutor, M|
|teampreview
|
|t:|1743851964
|start
|switch|p1a: Garchomp|Garchomp, M|100/100
|switch|p2a: Greninja|Greninja, M|100/100
|turn|1
|
|t:|1743851970
|move|p2a: Greninja|Ice Beam|p1a: Garchomp
|-supereffective|p1a: Garchomp
|-damage|p1a: Garchomp|0 fnt
|faint|p1a: Garchomp
|-ability|p2a: Greninja|Battle Bond|boost
|-boost|p2a: Greninja|atk|1
|-boost|p2a: Greninja|spa|1
|-boost|p2a: Greninja|spe|1
|-activate|p2a: Greninja|ability: Battle Bond
|
|upkeep
|
|t:|1743851981
|switch|p1a: Thundurus|Thundurus-Therian, M|100/100
|turn|2
|
|t:|1743851986
|move|p2a: Greninja|Ice Beam|p1a: Thundurus
|-supereffective|p1a: Thundurus
|-damage|p1a: Thundurus|0 fnt
|faint|p1a: Thundurus
|
|upkeep
|
|t:|1743851992
|switch|p1a: Lokix|Lokix, M|100/100
|turn|3
|
|t:|1743852015
|move|p1a: Lokix|First Impression|p2a: Greninja
|-supereffective|p2a: Greninja
|-damage|p2a: Greninja|0 fnt
|faint|p2a: Greninja
|
|upkeep
|
|t:|1743852039
|switch|p2a: Blaziken|Blaziken, M|100/100
|turn|4
|
|t:|1743852049
|switch|p1a: Talonflame|Talonflame, M|100/100
|move|p2a: Blaziken|Swords Dance|p2a: Blaziken
|-boost|p2a: Blaziken|atk|2
|
|-ability|p2a: Blaziken|Speed Boost|boost
|-boost|p2a: Blaziken|spe|1
|upkeep
|turn|5
|
|t:|1743852059
|move|p2a: Blaziken|Protect|p2a: Blaziken
|-singleturn|p2a: Blaziken|Protect
|move|p1a: Talonflame|Brave Bird|p2a: Blaziken
|-activate|p2a: Blaziken|move: Protect
|
|-ability|p2a: Blaziken|Speed Boost|boost
|-boost|p2a: Blaziken|spe|1
|upkeep
|turn|6
|
|t:|1743852068
|move|p1a: Talonflame|Brave Bird|p2a: Blaziken
|-supereffective|p2a: Blaziken
|-damage|p2a: Blaziken|0 fnt
|faint|p2a: Blaziken
|-damage|p1a: Talonflame|67/100|[from] Recoil
|
|upkeep
|
|t:|1743852076
|switch|p2a: Jolteon|Jolteon, M|100/100
|turn|7
|
|t:|1743852094
|switch|p1a: Iron Treads|Iron Treads|100/100
|move|p2a: Jolteon|Shadow Ball|p1a: Iron Treads
|-damage|p1a: Iron Treads|74/100
|
|upkeep
|turn|8
|
|t:|1743852106
|-terastallize|p2a: Jolteon|Flying
|move|p2a: Jolteon|Shadow Ball|p1a: Iron Treads
|-damage|p1a: Iron Treads|50/100
|-unboost|p1a: Iron Treads|spd|1
|move|p1a: Iron Treads|Ice Spinner|p2a: Jolteon
|-supereffective|p2a: Jolteon
|-damage|p2a: Jolteon|8/100
|-damage|p1a: Iron Treads|34/100|[from] item: Rocky Helmet|[of] p2a: Jolteon
|
|upkeep
|turn|9
|
|t:|1743852118
|move|p2a: Jolteon|Shadow Ball|p1a: Iron Treads
|-damage|p1a: Iron Treads|0 fnt
|faint|p1a: Iron Treads
|-end|p1a: Iron Treads|Quark Drive|[silent]
|
|upkeep
|
|t:|1743852132
|switch|p1a: Lokix|Lokix, M|100/100
|turn|10
|
|t:|1743852137
|move|p1a: Lokix|First Impression|p2a: Jolteon
|-resisted|p2a: Jolteon
|-damage|p2a: Jolteon|0 fnt
|-damage|p1a: Lokix|84/100|[from] item: Rocky Helmet|[of] p2a: Jolteon
|faint|p2a: Jolteon
|
|upkeep
|
|t:|1743852146
|switch|p2a: Scizor|Scizor, F|100/100
|turn|11
|
|t:|1743852151
|switch|p1a: Talonflame|Talonflame, M|67/100
|move|p2a: Scizor|Lunge|p1a: Talonflame
|-resisted|p1a: Talonflame
|-damage|p1a: Talonflame|55/100
|-unboost|p1a: Talonflame|atk|1
|
|upkeep
|turn|12
|
|t:|1743852164
|switch|p2a: Flygon|Flygon, F|100/100
|move|p1a: Talonflame|Flare Blitz|p2a: Flygon
|-resisted|p2a: Flygon
|-damage|p2a: Flygon|83/100
|-damage|p1a: Talonflame|49/100|[from] Recoil
|
|upkeep
|turn|13
|
|t:|1743852183
|move|p1a: Talonflame|Roost|p1a: Talonflame
|-heal|p1a: Talonflame|99/100
|-singleturn|p1a: Talonflame|move: Roost
|move|p2a: Flygon|Dragon Dance|p2a: Flygon
|-boost|p2a: Flygon|atk|1
|-boost|p2a: Flygon|spe|1
|
|upkeep
|turn|14
|
|t:|1743852202
|move|p1a: Talonflame|U-turn|p2a: Flygon
|-damage|p2a: Flygon|69/100
|
|t:|1743852205
|switch|p1a: Lokix|Lokix, M|84/100|[from] U-turn
|move|p2a: Flygon|Dragon Tail|p1a: Lokix
|-damage|p1a: Lokix|23/100
|drag|p1a: Talonflame|Talonflame, M|99/100
|
|upkeep
|turn|15
|
|t:|1743852216
|-terastallize|p1a: Talonflame|Flying
|move|p2a: Flygon|Dragon Claw|p1a: Talonflame
|-damage|p1a: Talonflame|13/100
|move|p1a: Talonflame|Brave Bird|p2a: Flygon
|-damage|p2a: Flygon|0 fnt
|faint|p2a: Flygon
|-damage|p1a: Talonflame|0 fnt|[from] Recoil
|faint|p1a: Talonflame
|
|upkeep
|
|t:|1743852235
|switch|p1a: Lokix|Lokix, M|23/100
|switch|p2a: Scizor|Scizor, F|100/100
|turn|16
|
|t:|1743852246
|move|p2a: Scizor|Bullet Punch|p1a: Lokix
|-damage|p1a: Lokix|0 fnt
|faint|p1a: Lokix
|
|upkeep
|
|t:|1743852250
|switch|p1a: Mimikyu|Mimikyu, F|100/100
|turn|17
|
|t:|1743852260
|move|p2a: Scizor|Bullet Punch|p1a: Mimikyu
|-activate|p1a: Mimikyu|ability: Disguise
|-damage|p1a: Mimikyu|100/100
|detailschange|p1a: Mimikyu|Mimikyu-Busted, F
|-damage|p1a: Mimikyu|88/100|[from] pokemon: Mimikyu-Busted
|move|p1a: Mimikyu|Shadow Claw|p2a: Scizor
|-damage|p2a: Scizor|52/100
|-damage|p1a: Mimikyu|78/100|[from] item: Life Orb
|
|upkeep
|turn|18
|
|t:|1743852271
|move|p2a: Scizor|Bullet Punch|p1a: Mimikyu
|-supereffective|p1a: Mimikyu
|-damage|p1a: Mimikyu|0 fnt
|faint|p1a: Mimikyu
|
|win|berioost
|raw|Rorle's rating: 1162 &rarr; <strong>1137</strong><br />(-25 for losing)
|raw|berioost's rating: 1162 &rarr; <strong>1187</strong><br />(+25 for winning)
|l|☆berioost
|player|p2|
|c|☆Rorle|gg
|l|☆Rorle
|player|p1|
