|j|‽one4three4
|j|☆Mrstealyogirl76
|t:|1743896486
|gametype|singles
|player|p1|one4three4|swimmerf|1213
|player|p2|Mrstealyogirl76|grimsley|1288
|teamsize|p1|6
|teamsize|p2|6
|gen|9
|tier|[Gen 9] OU
|rated|
|rule|HP Percentage Mod: HP is shown in percentages
|rule|Endless Battle Clause: Forcing endless battles is banned
|rule|Species Clause: Limit one of each Pokémon
|rule|OHKO Clause: OHKO moves are banned
|rule|Evasion Items Clause: Evasion items are banned
|rule|Evasion Moves Clause: Evasion moves are banned
|rule|Sleep Moves Clause: Sleep-inducing moves are banned
|clearpoke
|poke|p1|Ogerpon-Wellspring, F|
|poke|p1|Iron Crown|
|poke|p1|Great Tusk|
|poke|p1|Moltres-Galar|
|poke|p1|Tinkaton, F|
|poke|p1|Dragonite, F|
|poke|p2|Quaquaval, F|
|poke|p2|Corviknight, F|
|poke|p2|Hatterene, F|
|poke|p2|Rillaboom, M|
|poke|p2|Pecharunt|
|poke|p2|Ting-Lu|
|teampreview
|inactive|Battle timer is ON: inactive players will automatically lose when time's up. (requested by Mrstealyogirl76)
|inactive|Mrstealyogirl76 has 120 seconds left.
|
|t:|1743896529
|start
|switch|p1a: Moltres|Moltres-Galar, shiny|100/100
|switch|p2a: Corviknight|Corviknight, F|100/100
|-ability|p2a: Corviknight|Pressure
|turn|1
|
|t:|1743896539
|move|p1a: Moltres|Nasty Plot|p1a: Moltres
|-boost|p1a: Moltres|spa|2
|move|p2a: Corviknight|U-turn|p1a: Moltres
|-damage|p1a: Moltres|84/100
|
|t:|1743896560
|switch|p2a: Quaquaval|Quaquaval, F|100/100|[from] U-turn
|
|upkeep
|turn|2
|
|t:|1743896568
|-terastallize|p1a: Moltres|Fairy
|move|p2a: Quaquaval|Aqua Step|p1a: Moltres
|-damage|p1a: Moltres|46/100
|-boost|p2a: Quaquaval|spe|1
|-ability|p1a: Moltres|Berserk|boost
|-boost|p1a: Moltres|spa|1
|-enditem|p1a: Moltres|Sitrus Berry|[eat]
|-heal|p1a: Moltres|71/100|[from] item: Sitrus Berry
|move|p1a: Moltres|Agility|p1a: Moltres
|-boost|p1a: Moltres|spe|2
|
|upkeep
|turn|3
|
|t:|1743896580
|move|p1a: Moltres|Tera Blast|p2a: Quaquaval|[anim] Tera Blast Fairy
|-supereffective|p2a: Quaquaval
|-damage|p2a: Quaquaval|0 fnt
|faint|p2a: Quaquaval
|
|upkeep
|
|t:|1743896594
|switch|p2a: Hatterene|Hatterene, F|100/100
|turn|4
|
|t:|1743896613
|move|p1a: Moltres|Fiery Wrath|p2a: Hatterene
|-damage|p2a: Hatterene|37/100
|move|p2a: Hatterene|Psyshock|p1a: Moltres
|-damage|p1a: Moltres|22/100
|-ability|p1a: Moltres|Berserk|boost
|-boost|p1a: Moltres|spa|1
|
|upkeep
|turn|5
|
|t:|1743896623
|switch|p2a: Corviknight|Corviknight, F|100/100
|-ability|p2a: Corviknight|Pressure
|move|p1a: Moltres|Fiery Wrath|p2a: Corviknight
|-damage|p2a: Corviknight|0 fnt
|faint|p2a: Corviknight
|
|upkeep
|
|t:|1743896629
|switch|p2a: Rillaboom|Rillaboom, M|100/100
|-fieldstart|move: Grassy Terrain|[from] ability: Grassy Surge|[of] p2a: Rillaboom
|turn|6
|
|t:|1743896635
|move|p2a: Rillaboom|Grassy Glide|p1a: Moltres
|-damage|p1a: Moltres|0 fnt
|faint|p1a: Moltres
|
|upkeep
|
|t:|1743896644
|switch|p1a: Tinkaton|Tinkaton, F|100/100
|-item|p1a: Tinkaton|Air Balloon
|turn|7
|
|t:|1743896651
|switch|p2a: Ting-Lu|Ting-Lu|100/100
|-ability|p2a: Ting-Lu|Vessel of Ruin
|move|p1a: Tinkaton|Stealth Rock|p2a: Ting-Lu
|-sidestart|p2: Mrstealyogirl76|move: Stealth Rock
|
|upkeep
|turn|8
|
|t:|1743896660
|move|p1a: Tinkaton|Gigaton Hammer|p2a: Ting-Lu
|-damage|p2a: Ting-Lu|76/100
|move|p2a: Ting-Lu|Stealth Rock|p1a: Tinkaton
|-sidestart|p1: one4three4|move: Stealth Rock
|
|-heal|p2a: Ting-Lu|83/100|[from] Grassy Terrain
|-heal|p2a: Ting-Lu|89/100|[from] item: Leftovers
|upkeep
|turn|9
|
|t:|1743896667
|move|p1a: Tinkaton|Encore|p2a: Ting-Lu
|-start|p2a: Ting-Lu|Encore
|move|p2a: Ting-Lu|Stealth Rock||[still]
|-fail|p2a: Ting-Lu
|
|-heal|p2a: Ting-Lu|95/100|[from] Grassy Terrain
|-heal|p2a: Ting-Lu|100/100|[from] item: Leftovers
|upkeep
|turn|10
|
|t:|1743896676
|switch|p2a: Pecharunt|Pecharunt|100/100
|move|p1a: Tinkaton|Gigaton Hammer|p2a: Pecharunt
|-damage|p2a: Pecharunt|79/100
|
|-heal|p2a: Pecharunt|85/100|[from] Grassy Terrain
|-fieldend|move: Grassy Terrain
|upkeep
|turn|11
|
|t:|1743896685
|move|p1a: Tinkaton|Thunder Wave|p2a: Pecharunt|[miss]
|-miss|p1a: Tinkaton|p2a: Pecharunt
|move|p2a: Pecharunt|Parting Shot|p1a: Tinkaton
|-unboost|p1a: Tinkaton|atk|1
|-unboost|p1a: Tinkaton|spa|1
|
|t:|1743896691
|switch|p2a: Ting-Lu|Ting-Lu|100/100|[from] Parting Shot
|-damage|p2a: Ting-Lu|94/100|[from] Stealth Rock
|-ability|p2a: Ting-Lu|Vessel of Ruin
|
|-heal|p2a: Ting-Lu|100/100|[from] item: Leftovers
|upkeep
|turn|12
|
|t:|1743896699
|move|p1a: Tinkaton|Gigaton Hammer|p2a: Ting-Lu
|-damage|p2a: Ting-Lu|85/100
|move|p2a: Ting-Lu|Whirlwind|p1a: Tinkaton
|drag|p1a: Iron Crown|Iron Crown|100/100
|-damage|p1a: Iron Crown|94/100|[from] Stealth Rock
|-enditem|p1a: Iron Crown|Booster Energy
|-activate|p1a: Iron Crown|ability: Quark Drive|[fromitem]
|-start|p1a: Iron Crown|quarkdrivespe
|
|-heal|p2a: Ting-Lu|91/100|[from] item: Leftovers
|upkeep
|turn|13
|
|t:|1743896711
|move|p1a: Iron Crown|Calm Mind|p1a: Iron Crown
|-boost|p1a: Iron Crown|spa|1
|-boost|p1a: Iron Crown|spd|1
|move|p2a: Ting-Lu|Spikes|p1a: Iron Crown
|-sidestart|p1: one4three4|Spikes
|
|-heal|p2a: Ting-Lu|97/100|[from] item: Leftovers
|upkeep
|turn|14
|
|t:|1743896727
|move|p1a: Iron Crown|Calm Mind|p1a: Iron Crown
|-boost|p1a: Iron Crown|spa|1
|-boost|p1a: Iron Crown|spd|1
|move|p2a: Ting-Lu|Earthquake|p1a: Iron Crown
|-supereffective|p1a: Iron Crown
|-damage|p1a: Iron Crown|17/100
|
|-heal|p2a: Ting-Lu|100/100|[from] item: Leftovers
|upkeep
|turn|15
|
|t:|1743896735
|move|p1a: Iron Crown|Focus Blast|p2a: Ting-Lu
|-supereffective|p2a: Ting-Lu
|-damage|p2a: Ting-Lu|35/100
|-unboost|p2a: Ting-Lu|spd|1
|move|p2a: Ting-Lu|Whirlwind|p1a: Iron Crown
|-end|p1a: Iron Crown|Quark Drive|[silent]
|drag|p1a: Dragonite|Dragonite, F|100/100
|-damage|p1a: Dragonite|76/100|[from] Stealth Rock
|
|-heal|p2a: Ting-Lu|41/100|[from] item: Leftovers
|upkeep
|turn|16
|
|t:|1743896755
|move|p1a: Dragonite|Ice Spinner|p2a: Ting-Lu
|-supereffective|p2a: Ting-Lu
|-damage|p2a: Ting-Lu|0 fnt
|faint|p2a: Ting-Lu
|
|upkeep
|
|t:|1743896759
|switch|p2a: Pecharunt|Pecharunt|85/100
|turn|17
|
|t:|1743896768
|move|p1a: Dragonite|Ice Spinner|p2a: Pecharunt
|-damage|p2a: Pecharunt|64/100
|move|p2a: Pecharunt|Hex|p1a: Dragonite
|-crit|p1a: Dragonite
|-damage|p1a: Dragonite|45/100
|
|upkeep
|turn|18
|
|t:|1743896776
|move|p1a: Dragonite|Ice Spinner|p2a: Pecharunt
|-crit|p2a: Pecharunt
|-damage|p2a: Pecharunt|34/100
|move|p2a: Pecharunt|Recover|p2a: Pecharunt
|-heal|p2a: Pecharunt|84/100
|
|upkeep
|turn|19
|
|t:|1743896782
|move|p1a: Dragonite|Ice Spinner|p2a: Pecharunt
|-damage|p2a: Pecharunt|63/100
|move|p2a: Pecharunt|Malignant Chain|p1a: Dragonite
|-damage|p1a: Dragonite|13/100
|-status|p1a: Dragonite|tox
|-start|p1a: Dragonite|confusion|[from] ability: Poison Puppeteer|[of] p2a: Pecharunt
|
|-damage|p1a: Dragonite|6/100 tox|[from] psn
|upkeep
|turn|20
|
|t:|1743896790
|-activate|p1a: Dragonite|confusion
|move|p1a: Dragonite|Ice Spinner|p2a: Pecharunt
|-damage|p2a: Pecharunt|41/100
|move|p2a: Pecharunt|Recover|p2a: Pecharunt
|-heal|p2a: Pecharunt|91/100
|
|-damage|p1a: Dragonite|0 fnt|[from] psn
|faint|p1a: Dragonite
|upkeep
|
|t:|1743896802
|switch|p1a: Iron Crown|Iron Crown|17/100
|-damage|p1a: Iron Crown|11/100|[from] Stealth Rock
|-damage|p1a: Iron Crown|0 fnt|[from] Spikes
|faint|p1a: Iron Crown
|-end|p1a: Iron Crown|Quark Drive|[silent]
|
|t:|1743896811
|switch|p1a: Great Tusk|Great Tusk|100/100
|-damage|p1a: Great Tusk|98/100|[from] Stealth Rock
|-damage|p1a: Great Tusk|85/100|[from] Spikes
|-enditem|p1a: Great Tusk|Booster Energy
|-activate|p1a: Great Tusk|ability: Protosynthesis|[fromitem]
|-start|p1a: Great Tusk|protosynthesisatk
|turn|21
|
|t:|1743896826
|-terastallize|p2a: Pecharunt|Fairy
|move|p1a: Great Tusk|Knock Off|p2a: Pecharunt
|-resisted|p2a: Pecharunt
|-crit|p2a: Pecharunt
|-damage|p2a: Pecharunt|75/100
|-enditem|p2a: Pecharunt|Heavy-Duty Boots|[from] move: Knock Off|[of] p1a: Great Tusk
|move|p2a: Pecharunt|Malignant Chain|p1a: Great Tusk
|-resisted|p1a: Great Tusk
|-damage|p1a: Great Tusk|62/100
|
|upkeep
|turn|22
|
|t:|1743896836
|move|p1a: Great Tusk|Rapid Spin|p2a: Pecharunt
|-damage|p2a: Pecharunt|64/100
|-boost|p1a: Great Tusk|spe|1
|-sideend|p1: one4three4|Spikes|[from] move: Rapid Spin|[of] p1a: Great Tusk
|-sideend|p1: one4three4|Stealth Rock|[from] move: Rapid Spin|[of] p1a: Great Tusk
|move|p2a: Pecharunt|Malignant Chain|p1a: Great Tusk
|-resisted|p1a: Great Tusk
|-damage|p1a: Great Tusk|40/100
|-status|p1a: Great Tusk|tox
|-start|p1a: Great Tusk|confusion|[from] ability: Poison Puppeteer|[of] p2a: Pecharunt
|
|-damage|p1a: Great Tusk|34/100 tox|[from] psn
|upkeep
|turn|23
|
|t:|1743896849
|-activate|p1a: Great Tusk|confusion
|-damage|p1a: Great Tusk|23/100 tox|[from] confusion
|move|p2a: Pecharunt|Hex|p1a: Great Tusk
|-damage|p1a: Great Tusk|0 fnt
|faint|p1a: Great Tusk
|-end|p1a: Great Tusk|Protosynthesis|[silent]
|
|upkeep
|
|t:|1743896856
|switch|p1a: Ogerpon|Ogerpon-Wellspring, F|100/100
|turn|24
|
|t:|1743896862
|move|p1a: Ogerpon|Swords Dance|p1a: Ogerpon
|-boost|p1a: Ogerpon|atk|2
|move|p2a: Pecharunt|Recover|p2a: Pecharunt
|-heal|p2a: Pecharunt|100/100
|
|upkeep
|turn|25
|
|t:|1743896873
|move|p1a: Ogerpon|Swords Dance|p1a: Ogerpon
|-boost|p1a: Ogerpon|atk|2
|move|p2a: Pecharunt|Malignant Chain|p1a: Ogerpon
|-supereffective|p1a: Ogerpon
|-damage|p1a: Ogerpon|26/100
|
|upkeep
|turn|26
|
|t:|1743896885
|move|p1a: Ogerpon|Horn Leech|p2a: Pecharunt
|-damage|p2a: Pecharunt|43/100
|-heal|p1a: Ogerpon|62/100|[from] drain|[of] p2a: Pecharunt
|move|p2a: Pecharunt|Malignant Chain|p1a: Ogerpon
|-supereffective|p1a: Ogerpon
|-damage|p1a: Ogerpon|0 fnt
|faint|p1a: Ogerpon
|
|upkeep
|
|t:|1743896893
|switch|p1a: Tinkaton|Tinkaton, F|100/100
|-item|p1a: Tinkaton|Air Balloon
|turn|27
|
|t:|1743896899
|move|p1a: Tinkaton|Thunder Wave|p2a: Pecharunt
|-status|p2a: Pecharunt|par
|cant|p2a: Pecharunt|par
|
|upkeep
|turn|28
|
|t:|1743896906
|move|p1a: Tinkaton|Gigaton Hammer|p2a: Pecharunt
|-supereffective|p2a: Pecharunt
|-damage|p2a: Pecharunt|2/100 par
|move|p2a: Pecharunt|Recover|p2a: Pecharunt
|-heal|p2a: Pecharunt|52/100 par
|
|upkeep
|turn|29
|
|t:|1743896913
|move|p1a: Tinkaton|Encore|p2a: Pecharunt
|-start|p2a: Pecharunt|Encore
|move|p2a: Pecharunt|Recover|p2a: Pecharunt
|-heal|p2a: Pecharunt|100/100 par
|
|upkeep
|turn|30
|
|t:|1743896919
|switch|p2a: Hatterene|Hatterene, F|37/100
|-damage|p2a: Hatterene|25/100|[from] Stealth Rock
|move|p1a: Tinkaton|Gigaton Hammer|p2a: Hatterene
|-supereffective|p2a: Hatterene
|-damage|p2a: Hatterene|0 fnt
|faint|p2a: Hatterene
|
|upkeep
|
|t:|1743896922
|switch|p2a: Rillaboom|Rillaboom, M|100/100
|-damage|p2a: Rillaboom|88/100|[from] Stealth Rock
|-fieldstart|move: Grassy Terrain|[from] ability: Grassy Surge|[of] p2a: Rillaboom
|turn|31
|
|t:|1743896931
|move|p1a: Tinkaton|Thunder Wave|p2a: Rillaboom
|-status|p2a: Rillaboom|par
|cant|p2a: Rillaboom|par
|
|-heal|p2a: Rillaboom|94/100 par|[from] Grassy Terrain
|upkeep
|turn|32
|
|t:|1743896938
|move|p1a: Tinkaton|Gigaton Hammer|p2a: Rillaboom
|-damage|p2a: Rillaboom|47/100 par
|move|p2a: Rillaboom|Wood Hammer|p1a: Tinkaton
|-resisted|p1a: Tinkaton
|-damage|p1a: Tinkaton|24/100
|-enditem|p1a: Tinkaton|Air Balloon
|-damage|p2a: Rillaboom|19/100 par|[from] Recoil
|-enditem|p2a: Rillaboom|Choice Band|[silent]|[from] ability: Pickpocket|[of] p2a: Rillaboom
|-item|p1a: Tinkaton|Choice Band|[from] ability: Pickpocket|[of] p2a: Rillaboom
|
|-heal|p1a: Tinkaton|30/100|[from] Grassy Terrain
|-heal|p2a: Rillaboom|25/100 par|[from] Grassy Terrain
|upkeep
|turn|33
|-message|one4three4 forfeited.
|
|win|Mrstealyogirl76
|raw|one4three4's rating: 1213 &rarr; <strong>1193</strong><br />(-20 for losing)
|raw|Mrstealyogirl76's rating: 1288 &rarr; <strong>1308</strong><br />(+20 for winning)
|l|‽one4three4
|player|p1|
