|j|☆dikuccv
|j|☆Imranthegoat
|t:|1743837139
|gametype|singles
|player|p1|dikuccv|2|1173
|player|p2|Imranthegoat|volkner|1147
|teamsize|p1|6
|teamsize|p2|6
|gen|9
|tier|[Gen 9] OU
|rated|
|rule|HP Percentage Mod: HP is shown in percentages
|rule|Endless Battle Clause: Forcing endless battles is banned
|rule|Species Clause: Limit one of each Pokémon
|rule|OHKO Clause: OHKO moves are banned
|rule|Evasion Items Clause: Evasion items are banned
|rule|Evasion Moves Clause: Evasion moves are banned
|rule|Sleep Moves Clause: Sleep-inducing moves are banned
|clearpoke
|poke|p1|Iron Crown|
|poke|p1|Iron Hands|
|poke|p1|Great Tusk|
|poke|p1|Glimmora, F|
|poke|p1|Arcanine-Hisui, F|
|poke|p1|Salamence, M|
|poke|p2|Galvantula, M|
|poke|p2|Electrode-Hisui|
|poke|p2|Rotom-Wash|
|poke|p2|Eelektross, M|
|poke|p2|Magnezone|
|poke|p2|Pikachu-Alola, M|
|teampreview
|
|t:|1743837151
|start
|switch|p1a: ZachuVGC|Iron Hands|100/100
|switch|p2a: Galvantula|Galvantula, M|100/100
|turn|1
|
|t:|1743837157
|move|p2a: Galvantula|Sticky Web|p1a: ZachuVGC
|-sidestart|p1: dikuccv|move: Sticky Web
|move|p1a: ZachuVGC|Swords Dance|p1a: ZachuVGC
|-boost|p1a: ZachuVGC|atk|2
|
|upkeep
|turn|2
|
|t:|1743837191
|move|p2a: Galvantula|Bug Buzz|p1a: ZachuVGC
|-resisted|p1a: ZachuVGC
|-damage|p1a: ZachuVGC|85/100
|move|p1a: ZachuVGC|Drain Punch|p2a: Galvantula
|-resisted|p2a: Galvantula
|-damage|p2a: Galvantula|37/100
|-heal|p1a: ZachuVGC|100/100|[from] drain|[of] p2a: Galvantula
|
|upkeep
|turn|3
|
|t:|1743837201
|move|p2a: Galvantula|Energy Ball|p1a: ZachuVGC
|-damage|p1a: ZachuVGC|81/100
|move|p1a: ZachuVGC|Drain Punch|p2a: Galvantula
|-resisted|p2a: Galvantula
|-damage|p2a: Galvantula|0 fnt
|-heal|p1a: ZachuVGC|91/100|[from] drain|[of] p2a: Galvantula
|faint|p2a: Galvantula
|
|-heal|p1a: ZachuVGC|97/100|[from] item: Leftovers
|upkeep
|
|t:|1743837219
|switch|p2a: Pikachu|Pikachu-Alola, M|100/100
|turn|4
|
|t:|1743837249
|move|p2a: Pikachu|Grass Knot|p1a: ZachuVGC
|-crit|p1a: ZachuVGC
|-damage|p1a: ZachuVGC|40/100
|move|p1a: ZachuVGC|Drain Punch|p2a: Pikachu
|-damage|p2a: Pikachu|0 fnt
|-heal|p1a: ZachuVGC|61/100|[from] drain|[of] p2a: Pikachu
|faint|p2a: Pikachu
|
|-heal|p1a: ZachuVGC|67/100|[from] item: Leftovers
|upkeep
|
|t:|1743837268
|switch|p2a: Electrode|Electrode-Hisui|100/100
|turn|5
|
|t:|1743837275
|move|p2a: Electrode|Electro Ball|p1a: ZachuVGC
|-resisted|p1a: ZachuVGC
|-damage|p1a: ZachuVGC|51/100
|-damage|p2a: Electrode|91/100|[from] item: Life Orb
|move|p1a: ZachuVGC|Drain Punch|p2a: Electrode
|-damage|p2a: Electrode|0 fnt
|-heal|p1a: ZachuVGC|74/100|[from] drain|[of] p2a: Electrode
|faint|p2a: Electrode
|
|-heal|p1a: ZachuVGC|80/100|[from] item: Leftovers
|upkeep
|-message|Imranthegoat forfeited.
|
|win|dikuccv
|raw|dikuccv's rating: 1152 &rarr; <strong>1177</strong><br />(+25 for winning)
|raw|Imranthegoat's rating: 1147 &rarr; <strong>1122</strong><br />(-25 for losing)
|l|☆Imranthegoat
|player|p2|
|l|☆dikuccv
|player|p1|
