|j|☆random tera ghost
|j|☆avlavlavlavl
|t:|1743851102
|gametype|singles
|player|p1|random tera ghost|169|1587
|player|p2|avlavlavlavl|lacey|1700
|teamsize|p1|6
|teamsize|p2|6
|gen|9
|tier|[Gen 9] OU
|rated|
|rule|HP Percentage Mod: HP is shown in percentages
|rule|Endless Battle Clause: Forcing endless battles is banned
|rule|Species Clause: Limit one of each Pokémon
|rule|OHKO Clause: OHKO moves are banned
|rule|Evasion Items Clause: Evasion items are banned
|rule|Evasion Moves Clause: Evasion moves are banned
|rule|Sleep Moves Clause: Sleep-inducing moves are banned
|clearpoke
|poke|p1|Ninetales, F|
|poke|p1|Scovillain, F|
|poke|p1|Walking Wake|
|poke|p1|Hatterene, F|
|poke|p1|Great Tusk|
|poke|p1|Ceruledge, M|
|poke|p2|Weezing-Galar, M|
|poke|p2|Corviknight, M|
|poke|p2|Ting-Lu|
|poke|p2|Slowking-Galar, F|
|poke|p2|Gholdengo|
|poke|p2|Ogerpon-Wellspring, F|
|teampreview
|inactive|Battle timer is ON: inactive players will automatically lose when time's up. (requested by random tera ghost)
|inactive|avlavlavlavl has 120 seconds left.
|
|t:|1743851151
|start
|switch|p1a: Ninetales|Ninetales, F|100/100
|switch|p2a: A Burning Hill|Weezing-Galar, M|100/100
|-ability|p2a: A Burning Hill|Neutralizing Gas
|turn|1
|
|t:|1743851176
|move|p1a: Ninetales|Will-O-Wisp|p2a: A Burning Hill
|-status|p2a: A Burning Hill|brn
|move|p2a: A Burning Hill|Sludge Bomb|p1a: Ninetales
|-damage|p1a: Ninetales|74/100
|
|-damage|p2a: A Burning Hill|95/100 brn|[from] brn
|upkeep
|turn|2
|
|t:|1743851185
|switch|p1a: Walking Wake|Walking Wake|100/100
|move|p2a: A Burning Hill|Sludge Bomb|p1a: Walking Wake
|-damage|p1a: Walking Wake|67/100
|
|-heal|p2a: A Burning Hill|100/100 brn|[from] item: Leftovers
|-damage|p2a: A Burning Hill|95/100 brn|[from] brn
|upkeep
|turn|3
|
|t:|1743851194
|move|p1a: Walking Wake|Flamethrower|p2a: A Burning Hill
|-damage|p2a: A Burning Hill|24/100 brn
|move|p2a: A Burning Hill|Strange Steam|p1a: Walking Wake
|-supereffective|p1a: Walking Wake
|-damage|p1a: Walking Wake|1/100
|
|-heal|p2a: A Burning Hill|30/100 brn|[from] item: Leftovers
|-damage|p2a: A Burning Hill|24/100 brn|[from] brn
|upkeep
|turn|4
|
|t:|1743851204
|-end|p2a: A Burning Hill|ability: Neutralizing Gas
|switch|p2a: Losing Dogs|Ting-Lu|100/100
|-ability|p2a: Losing Dogs|Vessel of Ruin
|move|p1a: Walking Wake|Flamethrower|p2a: Losing Dogs
|-damage|p2a: Losing Dogs|79/100
|
|-heal|p2a: Losing Dogs|85/100|[from] item: Leftovers
|upkeep
|turn|5
|
|t:|1743851214
|-end|p1a: Walking Wake|Protosynthesis|[silent]
|switch|p1a: Hatterene|Hatterene, F|100/100
|move|p2a: Losing Dogs|Ruination|p1a: Hatterene
|-damage|p1a: Hatterene|50/100
|-enditem|p1a: Hatterene|Eject Button
|
|t:|1743851217
|switch|p1a: Ninetales|Ninetales, F|74/100
|-weather|SunnyDay|[from] ability: Drought|[of] p1a: Ninetales
|
|-weather|SunnyDay|[upkeep]
|-heal|p2a: Losing Dogs|91/100|[from] item: Leftovers
|upkeep
|turn|6
|
|t:|1743851228
|-terastallize|p2a: Losing Dogs|Water
|move|p1a: Ninetales|Will-O-Wisp|p2a: Losing Dogs
|-status|p2a: Losing Dogs|brn
|move|p2a: Losing Dogs|Earthquake|p1a: Ninetales
|-supereffective|p1a: Ninetales
|-damage|p1a: Ninetales|27/100
|
|-weather|SunnyDay|[upkeep]
|-heal|p2a: Losing Dogs|98/100 brn|[from] item: Leftovers
|-damage|p2a: Losing Dogs|91/100 brn|[from] brn
|upkeep
|turn|7
|inactive|avlavlavlavl has 120 seconds left.
|
|t:|1743851264
|switch|p1a: Hatterene|Hatterene, F|50/100
|move|p2a: Losing Dogs|Ruination|p1a: Hatterene
|-damage|p1a: Hatterene|26/100
|
|-weather|SunnyDay|[upkeep]
|-heal|p2a: Losing Dogs|98/100 brn|[from] item: Leftovers
|-damage|p2a: Losing Dogs|91/100 brn|[from] brn
|upkeep
|turn|8
|inactive|avlavlavlavl has 120 seconds left.
|
|t:|1743851274
|switch|p2a: Dan the Dancer|Gholdengo|100/100
|move|p1a: Hatterene|Draining Kiss|p2a: Dan the Dancer
|-resisted|p2a: Dan the Dancer
|-damage|p2a: Dan the Dancer|87/100
|-heal|p1a: Hatterene|36/100|[from] drain|[of] p2a: Dan the Dancer
|
|-weather|SunnyDay|[upkeep]
|upkeep
|turn|9
|
|t:|1743851280
|move|p2a: Dan the Dancer|Shadow Ball|p1a: Hatterene
|-supereffective|p1a: Hatterene
|-damage|p1a: Hatterene|0 fnt
|faint|p1a: Hatterene
|
|-weather|SunnyDay|[upkeep]
|upkeep
|
|t:|1743851284
|switch|p1a: Scovillain|Scovillain, F, shiny|100/100
|turn|10
|
|t:|1743851289
|switch|p2a: A Burning Hill|Weezing-Galar, M|24/100 brn
|-ability|p2a: A Burning Hill|Neutralizing Gas
|move|p1a: Scovillain|Growth|p1a: Scovillain
|-boost|p1a: Scovillain|atk|2
|-boost|p1a: Scovillain|spa|2
|
|-weather|SunnyDay|[upkeep]
|-heal|p2a: A Burning Hill|30/100 brn|[from] item: Leftovers
|-damage|p2a: A Burning Hill|24/100 brn|[from] brn
|upkeep
|turn|11
|
|t:|1743851296
|move|p1a: Scovillain|Flamethrower|p2a: A Burning Hill
|-damage|p2a: A Burning Hill|0 fnt
|faint|p2a: A Burning Hill
|-end|p2a: A Burning Hill|ability: Neutralizing Gas
|-damage|p1a: Scovillain|91/100|[from] item: Life Orb
|
|-weather|SunnyDay|[upkeep]
|upkeep
|
|t:|1743851302
|switch|p2a: American Girl|Slowking-Galar, F|100/100
|turn|12
|
|t:|1743851319
|-terastallize|p1a: Scovillain|Ground
|move|p1a: Scovillain|Tera Blast|p2a: American Girl|[anim] Tera Blast Ground
|-supereffective|p2a: American Girl
|-damage|p2a: American Girl|7/100
|-damage|p1a: Scovillain|81/100|[from] item: Life Orb
|move|p2a: American Girl|Sludge Bomb|p1a: Scovillain
|-resisted|p1a: Scovillain
|-damage|p1a: Scovillain|46/100
|-status|p1a: Scovillain|psn
|
|-weather|none
|-damage|p1a: Scovillain|34/100 psn|[from] psn
|upkeep
|turn|13
|
|t:|1743851328
|switch|p2a: Losing Dogs|Ting-Lu, tera:Water|91/100 brn
|-ability|p2a: Losing Dogs|Vessel of Ruin
|move|p1a: Scovillain|Flamethrower|p2a: Losing Dogs
|-resisted|p2a: Losing Dogs
|-damage|p2a: Losing Dogs|71/100 brn
|-damage|p1a: Scovillain|24/100 psn|[from] item: Life Orb
|
|-heal|p2a: Losing Dogs|77/100 brn|[from] item: Leftovers
|-damage|p1a: Scovillain|12/100 psn|[from] psn
|-damage|p2a: Losing Dogs|71/100 brn|[from] brn
|upkeep
|turn|14
|
|t:|1743851336
|switch|p1a: Ninetales|Ninetales, F|27/100
|-weather|SunnyDay|[from] ability: Drought|[of] p1a: Ninetales
|move|p2a: Losing Dogs|Rest|p2a: Losing Dogs
|-status|p2a: Losing Dogs|slp|[from] move: Rest
|-heal|p2a: Losing Dogs|100/100 slp|[silent]
|
|-weather|SunnyDay|[upkeep]
|upkeep
|turn|15
|
|t:|1743851361
|switch|p2a: Dan the Dancer|Gholdengo|87/100
|move|p1a: Ninetales|Healing Wish|p1a: Ninetales
|faint|p1a: Ninetales
|
|-weather|SunnyDay|[upkeep]
|upkeep
|
|t:|1743851364
|switch|p1a: Scovillain|Scovillain, F, shiny, tera:Ground|12/100 psn
|-heal|p1a: Scovillain|100/100|[from] move: Healing Wish
|turn|16
|
|t:|1743851381
|move|p1a: Scovillain|Growth|p1a: Scovillain
|-boost|p1a: Scovillain|atk|2
|-boost|p1a: Scovillain|spa|2
|move|p2a: Dan the Dancer|Make It Rain|p1a: Scovillain
|-damage|p1a: Scovillain|0 fnt
|-unboost|p2a: Dan the Dancer|spa|1
|faint|p1a: Scovillain
|
|-weather|SunnyDay|[upkeep]
|upkeep
|
|t:|1743851393
|switch|p1a: Ceruledge|Ceruledge, M|100/100
|turn|17
|
|t:|1743851400
|switch|p2a: Happy|Ogerpon-Wellspring, F|100/100
|move|p1a: Ceruledge|Swords Dance|p1a: Ceruledge
|-boost|p1a: Ceruledge|atk|2
|
|-weather|SunnyDay|[upkeep]
|upkeep
|turn|18
|
|t:|1743851408
|move|p2a: Happy|Knock Off|p1a: Ceruledge
|-supereffective|p1a: Ceruledge
|-enditem|p1a: Ceruledge|Focus Sash
|-damage|p1a: Ceruledge|1/100
|-ability|p1a: Ceruledge|Weak Armor|boost
|-unboost|p1a: Ceruledge|def|1
|-boost|p1a: Ceruledge|spe|2
|move|p1a: Ceruledge|Bitter Blade|p2a: Happy
|-damage|p2a: Happy|0 fnt
|-heal|p1a: Ceruledge|53/100|[from] drain|[of] p2a: Happy
|faint|p2a: Happy
|
|-weather|SunnyDay|[upkeep]
|upkeep
|
|t:|1743851420
|switch|p2a: Losing Dogs|Ting-Lu, tera:Water|100/100 slp
|-ability|p2a: Losing Dogs|Vessel of Ruin
|turn|19
|
|t:|1743851426
|move|p1a: Ceruledge|Solar Blade||[still]
|-prepare|p1a: Ceruledge|Solar Blade
|-anim|p1a: Ceruledge|Solar Blade|p2a: Losing Dogs
|-supereffective|p2a: Losing Dogs
|-damage|p2a: Losing Dogs|5/100 slp
|cant|p2a: Losing Dogs|slp
|move|p2a: Losing Dogs|Sleep Talk|p2a: Losing Dogs
|move|p2a: Losing Dogs|Earthquake|p1a: Ceruledge|[from] move: Sleep Talk
|-supereffective|p1a: Ceruledge
|-damage|p1a: Ceruledge|0 fnt
|faint|p1a: Ceruledge
|
|-weather|SunnyDay|[upkeep]
|-heal|p2a: Losing Dogs|11/100 slp|[from] item: Leftovers
|upkeep
|
|t:|1743851437
|switch|p1a: Walking Wake|Walking Wake|1/100
|-activate|p1a: Walking Wake|ability: Protosynthesis
|-start|p1a: Walking Wake|protosynthesisspa
|turn|20
|
|t:|1743851444
|move|p1a: Walking Wake|Hydro Steam|p2a: Losing Dogs
|-resisted|p2a: Losing Dogs
|-damage|p2a: Losing Dogs|0 fnt
|faint|p2a: Losing Dogs
|
|-weather|SunnyDay|[upkeep]
|upkeep
|
|t:|1743851447
|switch|p2a: Dan the Dancer|Gholdengo|87/100
|turn|21
|
|t:|1743851452
|move|p2a: Dan the Dancer|Shadow Ball|p1a: Walking Wake
|-damage|p1a: Walking Wake|0 fnt
|faint|p1a: Walking Wake
|-end|p1a: Walking Wake|Protosynthesis|[silent]
|
|-weather|none
|upkeep
|
|t:|1743851453
|switch|p1a: Don|Great Tusk|100/100
|turn|22
|
|t:|1743851458
|move|p2a: Dan the Dancer|Shadow Ball|p1a: Don
|-damage|p1a: Don|33/100
|move|p1a: Don|Headlong Rush|p2a: Dan the Dancer
|-supereffective|p2a: Dan the Dancer
|-damage|p2a: Dan the Dancer|0 fnt
|-unboost|p1a: Don|def|1
|-unboost|p1a: Don|spd|1
|faint|p2a: Dan the Dancer
|
|upkeep
|
|t:|1743851461
|switch|p2a: Once More|Corviknight, M|100/100
|-ability|p2a: Once More|Pressure
|turn|23
|
|t:|1743851467
|move|p1a: Don|Temper Flare|p2a: Once More
|-supereffective|p2a: Once More
|-damage|p2a: Once More|67/100
|move|p2a: Once More|Iron Defense|p2a: Once More
|-boost|p2a: Once More|def|2
|
|-heal|p2a: Once More|73/100|[from] item: Leftovers
|upkeep
|turn|24
|
|t:|1743851472
|move|p1a: Don|Temper Flare|p2a: Once More
|-supereffective|p2a: Once More
|-damage|p2a: Once More|55/100
|move|p2a: Once More|Body Press|p1a: Don
|-damage|p1a: Don|0 fnt
|-damage|p2a: Once More|39/100|[from] item: Rocky Helmet|[of] p1a: Don
|faint|p1a: Don
|-end|p1a: Don|Protosynthesis|[silent]
|
|win|avlavlavlavl
|raw|random tera ghost's rating: 1587 &rarr; <strong>1573</strong><br />(-14 for losing)
|raw|avlavlavlavl's rating: 1700 &rarr; <strong>1714</strong><br />(+14 for winning)
|l|☆avlavlavlavl
|player|p2|
