|j|☆Le2nard
|j|☆IASASAY
|t:|1743811313
|gametype|singles
|player|p1|Le2nard|gamer-gen3|1369
|player|p2|IASASAY|ghetsis|1320
|teamsize|p1|6
|teamsize|p2|6
|gen|9
|tier|[Gen 9] OU
|rated|
|rule|HP Percentage Mod: HP is shown in percentages
|rule|Endless Battle Clause: Forcing endless battles is banned
|rule|Species Clause: Limit one of each Pokémon
|rule|OHKO Clause: OHKO moves are banned
|rule|Evasion Items Clause: Evasion items are banned
|rule|Evasion Moves Clause: Evasion moves are banned
|rule|Sleep Moves Clause: Sleep-inducing moves are banned
|clearpoke
|poke|p1|Garchomp, F|
|poke|p1|Greninja-*, F|
|poke|p1|Kingambit, M|
|poke|p1|Enamorus-Therian, F|
|poke|p1|Gholdengo|
|poke|p1|Meowscarada, F|
|poke|p2|Inteleon, M|
|poke|p2|Dragapult, F|
|poke|p2|Cinderace, F|
|poke|p2|Corviknight, F|
|poke|p2|Alomomola, F|
|poke|p2|Ting-Lu|
|teampreview
|inactive|Battle timer is ON: inactive players will automatically lose when time's up. (requested by IASASAY)
|
|t:|1743811326
|start
|switch|p1a: Meowscarada|Meowscarada, F|100/100
|switch|p2a: Inteleon|Inteleon, M|100/100
|turn|1
|
|t:|1743811343
|switch|p2a: Alomomola|Alomomola, F|100/100
|move|p1a: Meowscarada|Knock Off|p2a: Alomomola
|-start|p1a: Meowscarada|typechange|Dark|[from] ability: Protean
|-damage|p2a: Alomomola|75/100
|-enditem|p2a: Alomomola|Heavy-Duty Boots|[from] move: Knock Off|[of] p1a: Meowscarada
|
|upkeep
|turn|2
|
|t:|1743811365
|move|p1a: Meowscarada|U-turn|p2a: Alomomola
|-damage|p2a: Alomomola|63/100
|
|t:|1743811374
|switch|p1a: Enamorus|Enamorus-Therian, F|100/100|[from] U-turn
|move|p2a: Alomomola|Flip Turn|p1a: Enamorus
|-damage|p1a: Enamorus|83/100
|
|t:|1743811393
|switch|p2a: Inteleon|Inteleon, M|100/100|[from] Flip Turn
|
|upkeep
|turn|3
|
|t:|1743811407
|-terastallize|p2a: Inteleon|Water
|move|p2a: Inteleon|Surf|p1a: Enamorus
|-damage|p1a: Enamorus|0 fnt
|faint|p1a: Enamorus
|
|upkeep
|
|t:|1743811413
|switch|p1a: Meowscarada|Meowscarada, F|100/100
|turn|4
|
|t:|1743811420
|switch|p2a: Alomomola|Alomomola, F|96/100
|move|p1a: Meowscarada|Knock Off|p2a: Alomomola
|-start|p1a: Meowscarada|typechange|Dark|[from] ability: Protean
|-damage|p2a: Alomomola|79/100
|
|upkeep
|turn|5
|
|t:|1743811430
|switch|p1a: Greninja|Greninja, F|100/100
|move|p2a: Alomomola|Flip Turn|p1a: Greninja
|-resisted|p1a: Greninja
|-damage|p1a: Greninja|86/100
|
|t:|1743811436
|switch|p2a: Dragapult|Dragapult, F|100/100|[from] Flip Turn
|
|upkeep
|turn|6
|
|t:|1743811444
|switch|p1a: Kingambit|Kingambit, M|100/100
|-activate|p1a: Kingambit|ability: Supreme Overlord
|-start|p1a: Kingambit|fallen1|[silent]
|-item|p1a: Kingambit|Air Balloon
|move|p2a: Dragapult|U-turn|p1a: Kingambit
|-damage|p1a: Kingambit|72/100
|-enditem|p1a: Kingambit|Air Balloon
|
|t:|1743811455
|switch|p2a: Inteleon|Inteleon, M, tera:Water|100/100|[from] U-turn
|
|upkeep
|turn|7
|
|t:|1743811470
|-end|p1a: Kingambit|fallen1|[silent]
|switch|p1a: Meowscarada|Meowscarada, F|100/100
|move|p2a: Inteleon|Surf|p1a: Meowscarada
|-resisted|p1a: Meowscarada
|-damage|p1a: Meowscarada|27/100
|
|upkeep
|turn|8
|-message|Le2nard forfeited.
|
|win|IASASAY
|raw|Le2nard's rating: 1369 &rarr; <strong>1346</strong><br />(-23 for losing)
|raw|IASASAY's rating: 1320 &rarr; <strong>1343</strong><br />(+23 for winning)
|l|☆Le2nard
|player|p1|
