|j|☆nunuche21
|j|☆Adromas
|t:|1743884029
|gametype|singles
|player|p1|nunuche21|266|1135
|player|p2|Adromas|clerk|1124
|teamsize|p1|6
|teamsize|p2|6
|gen|9
|tier|[Gen 9] OU
|rated|
|rule|HP Percentage Mod: HP is shown in percentages
|rule|Endless Battle Clause: Forcing endless battles is banned
|rule|Species Clause: Limit one of each Pokémon
|rule|OHKO Clause: OHKO moves are banned
|rule|Evasion Items Clause: Evasion items are banned
|rule|Evasion Moves Clause: Evasion moves are banned
|rule|Sleep Moves Clause: Sleep-inducing moves are banned
|clearpoke
|poke|p1|Dragapult, M|
|poke|p1|Iron Valiant|
|poke|p1|Landorus-Therian, M|
|poke|p1|Great Tusk|
|poke|p1|Pecharunt|
|poke|p1|Kingambit, M|
|poke|p2|Tyranitar, M|
|poke|p2|Clefable, M|
|poke|p2|Klawf, M|
|poke|p2|Mandibuzz, F|
|poke|p2|Ursaluna, F|
|poke|p2|Cacturne, M|
|teampreview
|inactive|Battle timer is ON: inactive players will automatically lose when time's up. (requested by nunuche21)
|
|t:|1743884044
|start
|switch|p1a: Landorus|Landorus-Therian, M|100/100
|switch|p2a: Tyranitar|Tyranitar, M, shiny|100/100
|-ability|p1a: Landorus|Intimidate|boost
|-unboost|p2a: Tyranitar|atk|1
|-weather|Sandstorm|[from] ability: Sand Stream|[of] p2a: Tyranitar
|turn|1
|
|t:|1743884054
|switch|p2a: Mandibuzz|Mandibuzz, F|100/100
|move|p1a: Landorus|Taunt|p2a: Mandibuzz
|-start|p2a: Mandibuzz|move: Taunt
|
|-weather|Sandstorm|[upkeep]
|upkeep
|turn|2
|
|t:|1743884063
|move|p1a: Landorus|Stealth Rock|p2a: Mandibuzz
|-sidestart|p2: Adromas|move: Stealth Rock
|move|p2a: Mandibuzz|Foul Play|p1a: Landorus
|-damage|p1a: Landorus|55/100
|-damage|p2a: Mandibuzz|84/100|[from] item: Rocky Helmet|[of] p1a: Landorus
|
|-weather|Sandstorm|[upkeep]
|-heal|p2a: Mandibuzz|90/100|[from] item: Leftovers
|upkeep
|turn|3
|
|t:|1743884073
|move|p1a: Landorus|U-turn|p2a: Mandibuzz
|-damage|p2a: Mandibuzz|77/100
|
|t:|1743884075
|switch|p1a: Kingambit|Kingambit, M|100/100|[from] U-turn
|move|p2a: Mandibuzz|Foul Play|p1a: Kingambit
|-resisted|p1a: Kingambit
|-damage|p1a: Kingambit|87/100
|
|-weather|Sandstorm|[upkeep]
|-heal|p2a: Mandibuzz|83/100|[from] item: Leftovers
|-heal|p1a: Kingambit|93/100|[from] item: Leftovers
|-end|p2a: Mandibuzz|move: Taunt
|upkeep
|turn|4
|
|t:|1743884089
|move|p2a: Mandibuzz|Defog|p1a: Kingambit
|-unboost|p1a: Kingambit|evasion|1
|-sideend|p2: Adromas|Stealth Rock|[from] move: Defog|[of] p2a: Mandibuzz
|move|p1a: Kingambit|Swords Dance|p1a: Kingambit
|-boost|p1a: Kingambit|atk|2
|
|-weather|Sandstorm|[upkeep]
|-heal|p2a: Mandibuzz|89/100|[from] item: Leftovers
|-heal|p1a: Kingambit|99/100|[from] item: Leftovers
|upkeep
|turn|5
|
|t:|1743884106
|move|p2a: Mandibuzz|Foul Play|p1a: Kingambit
|-resisted|p1a: Kingambit
|-damage|p1a: Kingambit|72/100
|move|p1a: Kingambit|Iron Head|p2a: Mandibuzz
|-damage|p2a: Mandibuzz|42/100
|
|-weather|Sandstorm|[upkeep]
|-heal|p2a: Mandibuzz|48/100|[from] item: Leftovers
|-heal|p1a: Kingambit|78/100|[from] item: Leftovers
|upkeep
|turn|6
|
|t:|1743884117
|move|p2a: Mandibuzz|Foul Play|p1a: Kingambit
|-resisted|p1a: Kingambit
|-damage|p1a: Kingambit|50/100
|move|p1a: Kingambit|Iron Head|p2a: Mandibuzz
|-damage|p2a: Mandibuzz|4/100
|
|-weather|Sandstorm|[upkeep]
|-heal|p2a: Mandibuzz|10/100|[from] item: Leftovers
|-heal|p1a: Kingambit|57/100|[from] item: Leftovers
|upkeep
|turn|7
|
|t:|1743884127
|move|p1a: Kingambit|Sucker Punch|p2a: Mandibuzz
|-resisted|p2a: Mandibuzz
|-damage|p2a: Mandibuzz|0 fnt
|faint|p2a: Mandibuzz
|
|-weather|Sandstorm|[upkeep]
|-heal|p1a: Kingambit|63/100|[from] item: Leftovers
|upkeep
|inactive|Adromas has 120 seconds left.
|
|t:|1743884150
|switch|p2a: Tyranitar|Tyranitar, M, shiny|100/100
|turn|8
|
|t:|1743884158
|-end|p1a: Kingambit|fallenundefined|[silent]
|switch|p1a: Landorus|Landorus-Therian, M|55/100
|-ability|p1a: Landorus|Intimidate|boost
|-unboost|p2a: Tyranitar|atk|1
|move|p2a: Tyranitar|Earthquake|p1a: Landorus
|-immune|p1a: Landorus
|
|-weather|none
|upkeep
|turn|9
|
|t:|1743884169
|move|p1a: Landorus|Stealth Rock|p2a: Tyranitar
|-sidestart|p2: Adromas|move: Stealth Rock
|move|p2a: Tyranitar|Ice Punch|p1a: Landorus
|-supereffective|p1a: Landorus
|-damage|p1a: Landorus|0 fnt
|-damage|p2a: Tyranitar|84/100|[from] item: Rocky Helmet|[of] p1a: Landorus
|faint|p1a: Landorus
|
|upkeep
|
|t:|1743884177
|switch|p1a: Iron Valiant|Iron Valiant|100/100
|-enditem|p1a: Iron Valiant|Booster Energy
|-activate|p1a: Iron Valiant|ability: Quark Drive|[fromitem]
|-start|p1a: Iron Valiant|quarkdrivespe
|turn|10
|
|t:|1743884184
|switch|p2a: Clefable|Clefable, M|100/100
|move|p1a: Iron Valiant|Moonblast|p2a: Clefable
|-damage|p2a: Clefable|60/100
|
|upkeep
|turn|11
|
|t:|1743884198
|move|p1a: Iron Valiant|Moonblast|p2a: Clefable
|-damage|p2a: Clefable|15/100
|-unboost|p2a: Clefable|spa|1
|move|p2a: Clefable|Wish|p2a: Clefable
|
|upkeep
|turn|12
|
|t:|1743884226
|move|p2a: Clefable|Protect|p2a: Clefable
|-singleturn|p2a: Clefable|Protect
|move|p1a: Iron Valiant|Moonblast|p2a: Clefable
|-activate|p2a: Clefable|move: Protect
|
|-heal|p2a: Clefable|65/100|[from] move: Wish|[wisher] Clefable
|upkeep
|turn|13
|
|t:|1743884237
|move|p1a: Iron Valiant|Encore|p2a: Clefable
|-start|p2a: Clefable|Encore
|move|p2a: Clefable|Protect||[still]
|-fail|p2a: Clefable
|
|upkeep
|turn|14
|
|t:|1743884248
|switch|p2a: Cacturne|Cacturne, M|100/100
|-damage|p2a: Cacturne|88/100|[from] Stealth Rock
|move|p1a: Iron Valiant|Calm Mind|p1a: Iron Valiant
|-boost|p1a: Iron Valiant|spa|1
|-boost|p1a: Iron Valiant|spd|1
|
|upkeep
|turn|15
|
|t:|1743884258
|move|p2a: Cacturne|Sucker Punch|p1a: Iron Valiant
|-resisted|p1a: Iron Valiant
|-damage|p1a: Iron Valiant|84/100
|-damage|p2a: Cacturne|78/100|[from] item: Life Orb
|move|p1a: Iron Valiant|Moonblast|p2a: Cacturne
|-supereffective|p2a: Cacturne
|-damage|p2a: Cacturne|0 fnt
|faint|p2a: Cacturne
|
|upkeep
|
|t:|1743884270
|switch|p2a: Tyranitar|Tyranitar, M, shiny|84/100
|-damage|p2a: Tyranitar|72/100|[from] Stealth Rock
|-weather|Sandstorm|[from] ability: Sand Stream|[of] p2a: Tyranitar
|turn|16
|
|t:|1743884276
|move|p1a: Iron Valiant|Moonblast|p2a: Tyranitar
|-supereffective|p2a: Tyranitar
|-damage|p2a: Tyranitar|0 fnt
|faint|p2a: Tyranitar
|
|-weather|Sandstorm|[upkeep]
|-damage|p1a: Iron Valiant|78/100|[from] Sandstorm
|upkeep
|
|t:|1743884284
|switch|p2a: Ursaluna|Ursaluna, F|100/100
|-damage|p2a: Ursaluna|94/100|[from] Stealth Rock
|turn|17
|
|t:|1743884291
|-end|p1a: Iron Valiant|Quark Drive|[silent]
|switch|p1a: Great Tusk|Great Tusk|100/100
|-enditem|p1a: Great Tusk|Booster Energy
|-activate|p1a: Great Tusk|ability: Protosynthesis|[fromitem]
|-start|p1a: Great Tusk|protosynthesisatk
|move|p2a: Ursaluna|Headlong Rush|p1a: Great Tusk
|-damage|p1a: Great Tusk|56/100
|-unboost|p2a: Ursaluna|def|1
|-unboost|p2a: Ursaluna|spd|1
|
|-weather|Sandstorm|[upkeep]
|-status|p2a: Ursaluna|brn|[from] item: Flame Orb
|upkeep
|turn|18
|
|t:|1743884308
|move|p1a: Great Tusk|Headlong Rush|p2a: Ursaluna
|-damage|p2a: Ursaluna|0 fnt
|-unboost|p1a: Great Tusk|def|1
|-unboost|p1a: Great Tusk|spd|1
|faint|p2a: Ursaluna
|
|-weather|Sandstorm|[upkeep]
|upkeep
|
|t:|1743884320
|switch|p2a: Klawf|Klawf, M|100/100
|-damage|p2a: Klawf|88/100|[from] Stealth Rock
|turn|19
|
|t:|1743884330
|move|p2a: Klawf|Swords Dance|p2a: Klawf
|-boost|p2a: Klawf|atk|2
|move|p1a: Great Tusk|Headlong Rush|p2a: Klawf
|-supereffective|p2a: Klawf
|-damage|p2a: Klawf|0 fnt
|-unboost|p1a: Great Tusk|def|1
|-unboost|p1a: Great Tusk|spd|1
|faint|p2a: Klawf
|
|-weather|Sandstorm|[upkeep]
|upkeep
|-message|Adromas forfeited.
|
|win|nunuche21
|raw|nunuche21's rating: 1135 &rarr; <strong>1159</strong><br />(+24 for winning)
|raw|Adromas's rating: 1124 &rarr; <strong>1100</strong><br />(-24 for losing)
|l|☆Adromas
|player|p2|
|l|☆nunuche21
|player|p1|
