|j|☆54 Insane Rats
|j|☆RoaringMoonlight2
|t:|1743794659
|gametype|singles
|player|p1|54 Insane Rats|supernerd|1803
|player|p2|RoaringMoonlight2|170|1732
|teamsize|p1|6
|teamsize|p2|6
|gen|9
|tier|[Gen 9] OU
|rated|
|rule|HP Percentage Mod: HP is shown in percentages
|rule|Endless Battle Clause: Forcing endless battles is banned
|rule|Species Clause: Limit one of each Pokémon
|rule|OHKO Clause: OHKO moves are banned
|rule|Evasion Items Clause: Evasion items are banned
|rule|Evasion Moves Clause: Evasion moves are banned
|rule|Sleep Moves Clause: Sleep-inducing moves are banned
|clearpoke
|poke|p1|Hoopa-Unbound|
|poke|p1|Zamazenta-*|
|poke|p1|Ogerpon-Wellspring, F|
|poke|p1|Kyurem|
|poke|p1|Corviknight, F|
|poke|p1|Weezing-Galar, M|
|poke|p2|Iron Valiant|
|poke|p2|Glimmora, M|
|poke|p2|Gholdengo|
|poke|p2|Ogerpon-Wellspring, F|
|poke|p2|Kingambit, F|
|poke|p2|Raging Bolt|
|teampreview
|inactive|Battle timer is ON: inactive players will automatically lose when time's up. (requested by 54 Insane Rats)
|inactive|RoaringMoonlight2 also wants the timer to be on.
|
|t:|1743794665
|start
|switch|p1a: Hoopa|Hoopa-Unbound|100/100
|switch|p2a: Glimmora|Glimmora, M|100/100
|turn|1
|
|t:|1743794675
|move|p2a: Glimmora|Mud Shot|p1a: Hoopa
|-damage|p1a: Hoopa|91/100
|-unboost|p1a: Hoopa|spe|1
|move|p1a: Hoopa|Psychic Noise|p2a: Glimmora
|-supereffective|p2a: Glimmora
|-enditem|p2a: Glimmora|Focus Sash
|-damage|p2a: Glimmora|1/100
|-start|p2a: Glimmora|move: Heal Block
|
|upkeep
|turn|2
|
|t:|1743794679
|move|p2a: Glimmora|Stealth Rock|p1a: Hoopa
|-sidestart|p1: 54 Insane Rats|move: Stealth Rock
|move|p1a: Hoopa|Thunderbolt|p2a: Glimmora
|-damage|p2a: Glimmora|0 fnt
|faint|p2a: Glimmora
|
|upkeep
|
|t:|1743794684
|switch|p2a: Ogerpon|Ogerpon-Wellspring, F|100/100
|turn|3
|
|t:|1743794693
|switch|p1a: Corviknight|Corviknight, F|100/100
|-damage|p1a: Corviknight|88/100|[from] Stealth Rock
|-ability|p1a: Corviknight|Pressure
|move|p2a: Ogerpon|Power Whip|p1a: Corviknight
|-resisted|p1a: Corviknight
|-damage|p1a: Corviknight|77/100
|-damage|p2a: Ogerpon|84/100|[from] item: Rocky Helmet|[of] p1a: Corviknight
|
|upkeep
|turn|4
|
|t:|1743794697
|switch|p2a: Gholdengo|Gholdengo|100/100
|move|p1a: Corviknight|Defog|p2a: Gholdengo
|-immune|p2a: Gholdengo|[from] ability: Good as Gold
|
|upkeep
|turn|5
|
|t:|1743794701
|move|p2a: Gholdengo|Trick|p1a: Corviknight
|-activate|p2a: Gholdengo|move: Trick|[of] p1a: Corviknight
|-item|p1a: Corviknight|Choice Scarf|[from] move: Trick
|-item|p2a: Gholdengo|Rocky Helmet|[from] move: Trick
|move|p1a: Corviknight|U-turn|p2a: Gholdengo
|-resisted|p2a: Gholdengo
|-damage|p2a: Gholdengo|97/100
|-damage|p1a: Corviknight|60/100|[from] item: Rocky Helmet|[of] p2a: Gholdengo
|
|t:|1743794707
|switch|p1a: Hoopa|Hoopa-Unbound|91/100|[from] U-turn
|-damage|p1a: Hoopa|79/100|[from] Stealth Rock
|
|upkeep
|turn|6
|
|t:|1743794715
|move|p2a: Gholdengo|Make It Rain|p1a: Hoopa
|-damage|p1a: Hoopa|47/100
|-unboost|p2a: Gholdengo|spa|1
|move|p1a: Hoopa|Knock Off|p2a: Gholdengo
|-supereffective|p2a: Gholdengo
|-damage|p2a: Gholdengo|0 fnt
|-damage|p1a: Hoopa|30/100|[from] item: Rocky Helmet|[of] p2a: Gholdengo
|-enditem|p2a: Gholdengo|Rocky Helmet|[from] move: Knock Off|[of] p1a: Hoopa
|faint|p2a: Gholdengo
|
|upkeep
|
|t:|1743794719
|switch|p2a: Ogerpon|Ogerpon-Wellspring, F|84/100
|turn|7
|
|t:|1743794724
|move|p2a: Ogerpon|Ivy Cudgel|p1a: Hoopa|[anim] Ivy Cudgel Water
|-damage|p1a: Hoopa|0 fnt
|faint|p1a: Hoopa
|
|upkeep
|
|t:|1743794726
|switch|p1a: Weezing|Weezing-Galar, M|100/100
|-ability|p1a: Weezing|Neutralizing Gas
|-damage|p1a: Weezing|88/100|[from] Stealth Rock
|turn|8
|
|t:|1743794732
|move|p2a: Ogerpon|Swords Dance|p2a: Ogerpon
|-boost|p2a: Ogerpon|atk|2
|move|p1a: Weezing|Will-O-Wisp|p2a: Ogerpon
|-status|p2a: Ogerpon|brn
|
|-heal|p1a: Weezing|94/100|[from] item: Leftovers
|-damage|p2a: Ogerpon|78/100 brn|[from] brn
|upkeep
|turn|9
|j| Pokemon Malarkey
|
|t:|1743794735
|move|p2a: Ogerpon|Encore|p1a: Weezing
|-start|p1a: Weezing|Encore
|move|p1a: Weezing|Will-O-Wisp|p2a: Ogerpon
|-fail|p2a: Ogerpon|brn
|
|-heal|p1a: Weezing|99/100|[from] item: Leftovers
|-damage|p2a: Ogerpon|72/100 brn|[from] brn
|upkeep
|turn|10
|
|t:|1743794750
|-end|p1a: Weezing|ability: Neutralizing Gas
|switch|p1a: Ogerpon|Ogerpon-Wellspring, F|100/100
|-damage|p1a: Ogerpon|88/100|[from] Stealth Rock
|move|p2a: Ogerpon|Power Whip|p1a: Ogerpon|[miss]
|-miss|p2a: Ogerpon|p1a: Ogerpon
|
|-damage|p2a: Ogerpon|66/100 brn|[from] brn
|upkeep
|turn|11
|
|t:|1743794753
|move|p1a: Ogerpon|U-turn|p2a: Ogerpon
|-supereffective|p2a: Ogerpon
|-damage|p2a: Ogerpon|0 fnt
|faint|p2a: Ogerpon
|
|t:|1743794760
|switch|p1a: Corviknight|Corviknight, F|60/100|[from] U-turn
|-damage|p1a: Corviknight|48/100|[from] Stealth Rock
|-ability|p1a: Corviknight|Pressure
|
|upkeep
|
|t:|1743794784
|switch|p2a: Raging Bolt|Raging Bolt|100/100
|-enditem|p2a: Raging Bolt|Booster Energy
|-activate|p2a: Raging Bolt|ability: Protosynthesis|[fromitem]
|-start|p2a: Raging Bolt|protosynthesisspa
|turn|12
|
|t:|1743794789
|move|p2a: Raging Bolt|Calm Mind|p2a: Raging Bolt
|-boost|p2a: Raging Bolt|spa|1
|-boost|p2a: Raging Bolt|spd|1
|move|p1a: Corviknight|U-turn|p2a: Raging Bolt
|-damage|p2a: Raging Bolt|86/100
|
|t:|1743794791
|switch|p1a: Ogerpon|Ogerpon-Wellspring, F|88/100|[from] U-turn
|-damage|p1a: Ogerpon|76/100|[from] Stealth Rock
|
|upkeep
|turn|13
|
|t:|1743794795
|move|p2a: Raging Bolt|Thunderclap||[still]
|-fail|p2a: Raging Bolt
|move|p1a: Ogerpon|Encore|p2a: Raging Bolt
|-start|p2a: Raging Bolt|Encore
|
|upkeep
|turn|14
|
|t:|1743794799
|switch|p1a: Weezing|Weezing-Galar, M|99/100
|-ability|p1a: Weezing|Neutralizing Gas
|-damage|p1a: Weezing|88/100|[from] Stealth Rock
|move|p2a: Raging Bolt|Thunderclap||[still]
|-fail|p2a: Raging Bolt
|
|-heal|p1a: Weezing|94/100|[from] item: Leftovers
|upkeep
|turn|15
|
|t:|1743794810
|move|p2a: Raging Bolt|Thunderclap||[still]
|-fail|p2a: Raging Bolt
|move|p1a: Weezing|Defog|p2a: Raging Bolt
|-unboost|p2a: Raging Bolt|evasion|1
|-sideend|p1: 54 Insane Rats|Stealth Rock|[from] move: Defog|[of] p1a: Weezing
|
|-heal|p1a: Weezing|99/100|[from] item: Leftovers
|upkeep
|turn|16
|
|t:|1743794812
|-end|p1a: Weezing|ability: Neutralizing Gas
|switch|p1a: Ogerpon|Ogerpon-Wellspring, F|76/100
|move|p2a: Raging Bolt|Thunderclap||[still]
|-fail|p2a: Raging Bolt
|
|-end|p2a: Raging Bolt|Encore
|upkeep
|turn|17
|
|t:|1743794822
|-end|p2a: Raging Bolt|Protosynthesis|[silent]
|switch|p2a: Iron Valiant|Iron Valiant|100/100
|-enditem|p2a: Iron Valiant|Booster Energy
|-activate|p2a: Iron Valiant|ability: Quark Drive|[fromitem]
|-start|p2a: Iron Valiant|quarkdrivespe
|move|p1a: Ogerpon|Encore||[still]
|-fail|p1a: Ogerpon
|
|upkeep
|turn|18
|
|t:|1743794835
|switch|p1a: Corviknight|Corviknight, F|48/100
|-ability|p1a: Corviknight|Pressure
|move|p2a: Iron Valiant|Close Combat|p1a: Corviknight
|-damage|p1a: Corviknight|11/100
|-unboost|p2a: Iron Valiant|def|1
|-unboost|p2a: Iron Valiant|spd|1
|
|upkeep
|turn|19
|
|t:|1743794838
|move|p2a: Iron Valiant|Swords Dance|p2a: Iron Valiant
|-boost|p2a: Iron Valiant|atk|2
|move|p1a: Corviknight|Brave Bird|p2a: Iron Valiant
|-supereffective|p2a: Iron Valiant
|-damage|p2a: Iron Valiant|0 fnt
|faint|p2a: Iron Valiant
|-end|p2a: Iron Valiant|Quark Drive|[silent]
|-damage|p1a: Corviknight|0 fnt|[from] Recoil
|faint|p1a: Corviknight
|
|upkeep
|
|t:|1743794848
|switch|p2a: Raging Bolt|Raging Bolt|86/100
|switch|p1a: Ogerpon|Ogerpon-Wellspring, F|76/100
|turn|20
|
|t:|1743794861
|move|p1a: Ogerpon|U-turn|p2a: Raging Bolt
|-damage|p2a: Raging Bolt|59/100
|
|t:|1743794863
|switch|p1a: Kyurem|Kyurem|100/100|[from] U-turn
|-ability|p1a: Kyurem|Pressure
|move|p2a: Raging Bolt|Thunderbolt|p1a: Kyurem
|-resisted|p1a: Kyurem
|-damage|p1a: Kyurem|77/100
|
|-heal|p1a: Kyurem|83/100|[from] item: Leftovers
|upkeep
|turn|21
|
|t:|1743794867
|move|p1a: Kyurem|Icicle Spear|p2a: Raging Bolt
|-supereffective|p2a: Raging Bolt
|-damage|p2a: Raging Bolt|35/100
|-supereffective|p2a: Raging Bolt
|-damage|p2a: Raging Bolt|11/100
|-hitcount|p2a: Raging Bolt|2
|move|p2a: Raging Bolt|Dragon Pulse|p1a: Kyurem
|-supereffective|p1a: Kyurem
|-damage|p1a: Kyurem|1/100
|
|-heal|p1a: Kyurem|7/100|[from] item: Leftovers
|upkeep
|turn|22
|
|t:|1743794876
|move|p1a: Kyurem|Icicle Spear|p2a: Raging Bolt
|-supereffective|p2a: Raging Bolt
|-damage|p2a: Raging Bolt|0 fnt
|faint|p2a: Raging Bolt
|-end|p2a: Raging Bolt|Protosynthesis|[silent]
|-hitcount|p2: Raging Bolt|1
|
|-heal|p1a: Kyurem|14/100|[from] item: Leftovers
|upkeep
|
|t:|1743794878
|switch|p2a: Kingambit|Kingambit, F|100/100
|-activate|p2a: Kingambit|ability: Supreme Overlord
|-start|p2a: Kingambit|fallen5|[silent]
|turn|23
|j| YALLLLLL
|
|t:|1743794892
|switch|p1a: Ogerpon|Ogerpon-Wellspring, F|76/100
|move|p2a: Kingambit|Iron Head|p1a: Ogerpon
|-resisted|p1a: Ogerpon
|-damage|p1a: Ogerpon|31/100
|
|upkeep
|turn|24
|
|t:|1743794897
|switch|p1a: Zamazenta|Zamazenta|100/100
|-ability|p1a: Zamazenta|Dauntless Shield|boost
|-boost|p1a: Zamazenta|def|1
|move|p2a: Kingambit|Iron Head|p1a: Zamazenta
|-damage|p1a: Zamazenta|64/100
|
|-heal|p1a: Zamazenta|70/100|[from] item: Leftovers
|upkeep
|turn|25
|l| Pokemon Malarkey
|
|t:|1743794901
|-terastallize|p2a: Kingambit|Ghost
|move|p1a: Zamazenta|Body Press|p2a: Kingambit
|-immune|p2a: Kingambit
|move|p2a: Kingambit|Swords Dance|p2a: Kingambit
|-boost|p2a: Kingambit|atk|2
|
|-heal|p1a: Zamazenta|77/100|[from] item: Leftovers
|upkeep
|turn|26
|
|t:|1743794905
|move|p1a: Zamazenta|Iron Defense|p1a: Zamazenta
|-boost|p1a: Zamazenta|def|2
|move|p2a: Kingambit|Iron Head|p1a: Zamazenta
|-damage|p1a: Zamazenta|35/100
|
|-heal|p1a: Zamazenta|41/100|[from] item: Leftovers
|upkeep
|turn|27
|j| Pokemon Malarkey
|
|t:|1743794909
|move|p1a: Zamazenta|Crunch|p2a: Kingambit
|-supereffective|p2a: Kingambit
|-damage|p2a: Kingambit|65/100
|move|p2a: Kingambit|Iron Head|p1a: Zamazenta
|-damage|p1a: Zamazenta|0 fnt
|faint|p1a: Zamazenta
|
|upkeep
|
|t:|1743794913
|switch|p1a: Weezing|Weezing-Galar, M|99/100
|-ability|p1a: Weezing|Neutralizing Gas
|turn|28
|
|t:|1743794917
|-terastallize|p1a: Weezing|Grass
|move|p2a: Kingambit|Iron Head|p1a: Weezing
|-damage|p1a: Weezing|34/100
|move|p1a: Weezing|Will-O-Wisp|p2a: Kingambit|[miss]
|-miss|p1a: Weezing|p2a: Kingambit
|
|-heal|p1a: Weezing|40/100|[from] item: Leftovers
|upkeep
|turn|29
|
|t:|1743794921
|move|p2a: Kingambit|Iron Head|p1a: Weezing
|-damage|p1a: Weezing|0 fnt
|faint|p1a: Weezing
|-end|p1a: Weezing|ability: Neutralizing Gas
|-activate|p2a: Kingambit|ability: Supreme Overlord
|-start|p2a: Kingambit|fallen5|[silent]
|
|upkeep
|
|t:|1743794927
|switch|p1a: Ogerpon|Ogerpon-Wellspring, F|31/100
|turn|30
|
|t:|1743794929
|move|p1a: Ogerpon|Encore|p2a: Kingambit
|-start|p2a: Kingambit|Encore
|move|p2a: Kingambit|Iron Head|p1a: Ogerpon
|-resisted|p1a: Ogerpon
|-damage|p1a: Ogerpon|0 fnt
|faint|p1a: Ogerpon
|
|upkeep
|
|t:|1743794930
|switch|p1a: Kyurem|Kyurem|14/100
|-ability|p1a: Kyurem|Pressure
|turn|31
|
|t:|1743794937
|move|p1a: Kyurem|Icicle Spear|p2a: Kingambit
|-damage|p2a: Kingambit|54/100
|-damage|p2a: Kingambit|44/100
|-damage|p2a: Kingambit|33/100
|-damage|p2a: Kingambit|22/100
|-hitcount|p2a: Kingambit|4
|move|p2a: Kingambit|Iron Head|p1a: Kyurem
|-supereffective|p1a: Kyurem
|-damage|p1a: Kyurem|0 fnt
|faint|p1a: Kyurem
|
|win|RoaringMoonlight2
|raw|54 Insane Rats's rating: 1803 &rarr; <strong>1779</strong><br />(-24 for losing)
|raw|RoaringMoonlight2's rating: 1732 &rarr; <strong>1756</strong><br />(+24 for winning)
|l|☆54 Insane Rats
|player|p1|
|l|☆RoaringMoonlight2
|player|p2|
|l| YALLLLLL
