|j|☆brabrasese
|j|☆HWH8SB
|t:|1743938383
|gametype|singles
|player|p1|brabrasese|hilbert|1440
|player|p2|HWH8SB|265|1418
|teamsize|p1|6
|teamsize|p2|6
|gen|9
|tier|[Gen 9] OU
|rated|
|rule|HP Percentage Mod: HP is shown in percentages
|rule|Endless Battle Clause: Forcing endless battles is banned
|rule|Species Clause: Limit one of each Pokémon
|rule|OHKO Clause: OHKO moves are banned
|rule|Evasion Items Clause: Evasion items are banned
|rule|Evasion Moves Clause: Evasion moves are banned
|rule|Sleep Moves Clause: Sleep-inducing moves are banned
|clearpoke
|poke|p1|Pecharunt|
|poke|p1|Mandibuzz, F|
|poke|p1|Samurott-Hisui, M|
|poke|p1|Scizor, F|
|poke|p1|Raging Bolt|
|poke|p1|Glimmora, M|
|poke|p2|Gengar, F|
|poke|p2|Kingambit, M|
|poke|p2|Great Tusk|
|poke|p2|Zapdos|
|poke|p2|Ogerpon-Wellspring, F|
|poke|p2|Kyurem|
|teampreview
|inactive|Battle timer is ON: inactive players will automatically lose when time's up. (requested by brabrasese)
|
|t:|1743938396
|start
|switch|p1a: Glimmora|Glimmora, M|100/100
|switch|p2a: Kyurem|Kyurem|100/100
|-ability|p2a: Kyurem|Pressure
|turn|1
|
|t:|1743938401
|move|p2a: Kyurem|Earth Power|p1a: Glimmora
|-supereffective|p1a: Glimmora
|-enditem|p1a: Glimmora|Focus Sash
|-damage|p1a: Glimmora|1/100
|move|p1a: Glimmora|Power Gem|p2a: Kyurem
|-supereffective|p2a: Kyurem
|-damage|p2a: Kyurem|23/100
|
|upkeep
|turn|2
|
|t:|1743938412
|switch|p1a: Mandibuzz|Mandibuzz, F|100/100
|move|p2a: Kyurem|Earth Power|p1a: Mandibuzz
|-immune|p1a: Mandibuzz
|
|upkeep
|turn|3
|
|t:|1743938418
|switch|p2a: Zapdos|Zapdos|100/100
|move|p1a: Mandibuzz|U-turn|p2a: Zapdos
|-resisted|p2a: Zapdos
|-damage|p2a: Zapdos|96/100
|
|t:|1743938422
|switch|p1a: Glimmora|Glimmora, M|1/100|[from] U-turn
|
|upkeep
|turn|4
|
|t:|1743938426
|move|p1a: Glimmora|Stealth Rock|p2a: Zapdos
|-sidestart|p2: HWH8SB|move: Stealth Rock
|move|p2a: Zapdos|Volt Switch|p1a: Glimmora
|-damage|p1a: Glimmora|0 fnt
|faint|p1a: Glimmora
|
|t:|1743938430
|switch|p2a: Great Tusk|Great Tusk|100/100|[from] Volt Switch
|-damage|p2a: Great Tusk|98/100|[from] Stealth Rock
|
|upkeep
|
|t:|1743938441
|switch|p1a: Pecharunt|Pecharunt|100/100
|turn|5
|
|t:|1743938444
|move|p1a: Pecharunt|Nasty Plot|p1a: Pecharunt
|-boost|p1a: Pecharunt|spa|2
|move|p2a: Great Tusk|Knock Off|p1a: Pecharunt
|-supereffective|p1a: Pecharunt
|-damage|p1a: Pecharunt|59/100
|-enditem|p1a: Pecharunt|Heavy-Duty Boots|[from] move: Knock Off|[of] p2a: Great Tusk
|
|upkeep
|turn|6
|
|t:|1743938455
|-terastallize|p1a: Pecharunt|Ghost
|move|p1a: Pecharunt|Shadow Ball|p2a: Great Tusk
|-damage|p2a: Great Tusk|0 fnt
|faint|p2a: Great Tusk
|-end|p2a: Great Tusk|Protosynthesis|[silent]
|
|upkeep
|
|t:|1743938459
|switch|p2a: Zapdos|Zapdos|96/100
|turn|7
|
|t:|1743938463
|move|p1a: Pecharunt|Shadow Ball|p2a: Zapdos
|-damage|p2a: Zapdos|35/100
|move|p2a: Zapdos|Hurricane|p1a: Pecharunt
|-damage|p1a: Pecharunt|3/100
|-start|p1a: Pecharunt|confusion
|
|upkeep
|turn|8
|
|t:|1743938471
|-activate|p1a: Pecharunt|confusion
|move|p1a: Pecharunt|Shadow Ball|p2a: Zapdos
|-damage|p2a: Zapdos|0 fnt
|faint|p2a: Zapdos
|
|upkeep
|
|t:|1743938476
|switch|p2a: Gengar|Gengar, F|100/100
|-damage|p2a: Gengar|88/100|[from] Stealth Rock
|turn|9
|inactive|HWH8SB has 120 seconds left.
|
|t:|1743938507
|switch|p1a: Mandibuzz|Mandibuzz, F|100/100
|move|p2a: Gengar|Sludge Wave|p1a: Mandibuzz
|-damage|p1a: Mandibuzz|35/100
|
|upkeep
|turn|10
|
|t:|1743938511
|switch|p1a: Scizor|Scizor, F|100/100
|move|p2a: Gengar|Sludge Wave|p1a: Scizor
|-immune|p1a: Scizor
|
|upkeep
|turn|11
|
|t:|1743938515
|switch|p2a: Ogerpon|Ogerpon-Wellspring, F|100/100
|-damage|p2a: Ogerpon|88/100|[from] Stealth Rock
|move|p1a: Scizor|U-turn|p2a: Ogerpon
|-supereffective|p2a: Ogerpon
|-damage|p2a: Ogerpon|0 fnt
|faint|p2a: Ogerpon
|
|t:|1743938520
|switch|p1a: Samurott|Samurott-Hisui, M|100/100|[from] U-turn
|
|upkeep
|
|t:|1743938537
|switch|p2a: Kyurem|Kyurem|23/100
|-damage|p2a: Kyurem|0 fnt|[from] Stealth Rock
|faint|p2a: Kyurem
|
|t:|1743938541
|switch|p2a: Gengar|Gengar, F|88/100
|-damage|p2a: Gengar|76/100|[from] Stealth Rock
|turn|12
|
|t:|1743938547
|-terastallize|p2a: Gengar|Fairy
|move|p1a: Samurott|Ceaseless Edge|p2a: Gengar
|-resisted|p2a: Gengar
|-damage|p2a: Gengar|33/100
|-sidestart|p2: HWH8SB|Spikes
|move|p2a: Gengar|Dazzling Gleam|p1a: Samurott
|-supereffective|p1a: Samurott
|-damage|p1a: Samurott|0 fnt
|faint|p1a: Samurott
|
|upkeep
|
|t:|1743938553
|switch|p1a: Scizor|Scizor, F|100/100
|turn|13
|
|t:|1743938559
|switch|p2a: Kingambit|Kingambit, M|100/100
|-damage|p2a: Kingambit|94/100|[from] Stealth Rock
|-damage|p2a: Kingambit|82/100|[from] Spikes
|-activate|p2a: Kingambit|ability: Supreme Overlord
|-start|p2a: Kingambit|fallen4|[silent]
|move|p1a: Scizor|Bullet Punch|p2a: Kingambit
|-resisted|p2a: Kingambit
|-damage|p2a: Kingambit|63/100
|
|upkeep
|turn|14
|
|t:|1743938564
|switch|p1a: Pecharunt|Pecharunt, tera:Ghost|3/100
|move|p2a: Kingambit|Swords Dance|p2a: Kingambit
|-boost|p2a: Kingambit|atk|2
|
|upkeep
|turn|15
|
|t:|1743938567
|move|p2a: Kingambit|Sucker Punch||[still]
|-fail|p2a: Kingambit
|move|p1a: Pecharunt|Recover|p1a: Pecharunt
|-heal|p1a: Pecharunt|53/100
|
|upkeep
|turn|16
|
|t:|1743938572
|move|p1a: Pecharunt|Shadow Ball|p2a: Kingambit
|-resisted|p2a: Kingambit
|-damage|p2a: Kingambit|42/100
|-unboost|p2a: Kingambit|spd|1
|move|p2a: Kingambit|Kowtow Cleave|p1a: Pecharunt
|-supereffective|p1a: Pecharunt
|-damage|p1a: Pecharunt|0 fnt
|faint|p1a: Pecharunt
|
|upkeep
|
|t:|1743938577
|switch|p1a: Raging Bolt|Raging Bolt|100/100
|turn|17
|
|t:|1743938585
|move|p1a: Raging Bolt|Thunderclap|p2a: Kingambit
|-damage|p2a: Kingambit|0 fnt
|faint|p2a: Kingambit
|-end|p2a: Kingambit|fallen4|[silent]
|
|upkeep
|-message|HWH8SB forfeited.
|
|win|brabrasese
|raw|brabrasese's rating: 1440 &rarr; <strong>1459</strong><br />(+19 for winning)
|raw|HWH8SB's rating: 1418 &rarr; <strong>1399</strong><br />(-19 for losing)
|l|☆HWH8SB
|player|p2|
|l|☆brabrasese
|player|p1|
