|j|☆Itsterra
|j|☆Koto5blue
|t:|1743889135
|gametype|singles
|player|p1|Itsterra|lacey|1616
|player|p2|Koto5blue|falkner|1579
|teamsize|p1|6
|teamsize|p2|6
|gen|9
|tier|[Gen 9] OU
|rated|
|rule|HP Percentage Mod: HP is shown in percentages
|rule|Endless Battle Clause: Forcing endless battles is banned
|rule|Species Clause: Limit one of each Pokémon
|rule|OHKO Clause: OHKO moves are banned
|rule|Evasion Items Clause: Evasion items are banned
|rule|Evasion Moves Clause: Evasion moves are banned
|rule|Sleep Moves Clause: Sleep-inducing moves are banned
|clearpoke
|poke|p1|Dragapult, F|
|poke|p1|Primarina, F|
|poke|p1|Iron Crown|
|poke|p1|Samurott-Hisui, M|
|poke|p1|Kingambit, F|
|poke|p1|Landorus-Therian, M|
|poke|p2|Empoleon, F|
|poke|p2|Corviknight, M|
|poke|p2|Great Tusk|
|poke|p2|Slowking-Galar, M|
|poke|p2|Meowscarada, M|
|poke|p2|Cinderace, F|
|teampreview
|inactive|Battle timer is ON: inactive players will automatically lose when time's up. (requested by Koto5blue)
|
|t:|1743889160
|start
|switch|p1a: Landorus|Landorus-Therian, M|100/100
|switch|p2a: Meowscarada|Meowscarada, M|100/100
|-ability|p1a: Landorus|Intimidate|boost
|-unboost|p2a: Meowscarada|atk|1
|turn|1
|
|t:|1743889185
|move|p2a: Meowscarada|U-turn|p1a: Landorus
|-start|p2a: Meowscarada|typechange|Bug|[from] ability: Protean
|-resisted|p1a: Landorus
|-damage|p1a: Landorus|93/100
|-damage|p2a: Meowscarada|84/100|[from] item: Rocky Helmet|[of] p1a: Landorus
|
|t:|1743889194
|switch|p2a: Great Tusk|Great Tusk|100/100|[from] U-turn
|move|p1a: Landorus|Stealth Rock|p2a: Great Tusk
|-sidestart|p2: Koto5blue|move: Stealth Rock
|
|upkeep
|turn|2
|inactive|Itsterra has 120 seconds left.
|inactive|Koto5blue has 120 seconds left.
|
|t:|1743889240
|move|p2a: Great Tusk|Stealth Rock|p1a: Landorus
|-sidestart|p1: Itsterra|move: Stealth Rock
|move|p1a: Landorus|Grass Knot|p2a: Great Tusk
|-supereffective|p2a: Great Tusk
|-crit|p2a: Great Tusk
|-damage|p2a: Great Tusk|0 fnt
|-damage|p1a: Landorus|77/100|[from] item: Rocky Helmet|[of] p2a: Great Tusk
|faint|p2a: Great Tusk
|-end|p2a: Great Tusk|Protosynthesis|[silent]
|
|upkeep
|
|t:|1743889252
|switch|p2a: Empoleon|Empoleon, F|100/100
|-damage|p2a: Empoleon|94/100|[from] Stealth Rock
|turn|3
|inactive|Itsterra has 90 seconds left.
|
|t:|1743889281
|switch|p1a: Iron Crown|Iron Crown|100/100
|-damage|p1a: Iron Crown|94/100|[from] Stealth Rock
|move|p2a: Empoleon|Ice Beam|p1a: Iron Crown
|-resisted|p1a: Iron Crown
|-damage|p1a: Iron Crown|84/100
|
|upkeep
|turn|4
|inactive|Itsterra has 90 seconds left.
|inactive|Koto5blue has 120 seconds left.
|
|t:|1743889294
|switch|p2a: Slowking|Slowking-Galar, M|100/100
|-damage|p2a: Slowking|88/100|[from] Stealth Rock
|move|p1a: Iron Crown|Volt Switch|p2a: Slowking
|-damage|p2a: Slowking|77/100
|
|t:|1743889302
|-end|p1a: Iron Crown|Quark Drive|[silent]
|switch|p1a: Samurott|Samurott-Hisui, M|100/100|[from] Volt Switch
|
|upkeep
|turn|5
|inactive|Itsterra has 90 seconds left.
|
|t:|1743889313
|switch|p2a: Corviknight|Corviknight, M|100/100
|-damage|p2a: Corviknight|88/100|[from] Stealth Rock
|-ability|p2a: Corviknight|Pressure
|move|p1a: Samurott|Ceaseless Edge|p2a: Corviknight
|-damage|p2a: Corviknight|60/100
|-damage|p1a: Samurott|84/100|[from] item: Rocky Helmet|[of] p2a: Corviknight
|-sidestart|p2: Koto5blue|Spikes
|
|upkeep
|turn|6
|inactive|Itsterra has 90 seconds left.
|
|t:|1743889322
|move|p1a: Samurott|Knock Off|p2a: Corviknight
|-damage|p2a: Corviknight|30/100
|-damage|p1a: Samurott|67/100|[from] item: Rocky Helmet|[of] p2a: Corviknight
|-enditem|p2a: Corviknight|Rocky Helmet|[from] move: Knock Off|[of] p1a: Samurott
|move|p2a: Corviknight|Roost|p2a: Corviknight
|-heal|p2a: Corviknight|80/100
|-singleturn|p2a: Corviknight|move: Roost
|
|upkeep
|turn|7
|
|t:|1743889330
|move|p1a: Samurott|Encore|p2a: Corviknight
|-start|p2a: Corviknight|Encore
|move|p2a: Corviknight|Roost|p2a: Corviknight
|-heal|p2a: Corviknight|100/100
|-singleturn|p2a: Corviknight|move: Roost
|
|upkeep
|turn|8
|
|t:|1743889338
|switch|p2a: Empoleon|Empoleon, F|94/100
|-damage|p2a: Empoleon|88/100|[from] Stealth Rock
|-damage|p2a: Empoleon|76/100|[from] Spikes
|move|p1a: Samurott|Razor Shell|p2a: Empoleon
|-resisted|p2a: Empoleon
|-damage|p2a: Empoleon|51/100
|-unboost|p2a: Empoleon|def|1
|-ability|p2a: Empoleon|Competitive|boost
|-boost|p2a: Empoleon|spa|2
|
|upkeep
|turn|9
|
|t:|1743889350
|move|p1a: Samurott|Knock Off|p2a: Empoleon
|-damage|p2a: Empoleon|0 fnt
|-enditem|p2a: Empoleon|Shuca Berry|[from] move: Knock Off|[of] p1a: Samurott
|faint|p2a: Empoleon
|
|upkeep
|
|t:|1743889360
|switch|p2a: Meowscarada|Meowscarada, M|84/100
|-damage|p2a: Meowscarada|72/100|[from] Stealth Rock
|-damage|p2a: Meowscarada|60/100|[from] Spikes
|turn|10
|
|t:|1743889383
|switch|p1a: Primarina|Primarina, F|100/100
|move|p2a: Meowscarada|Flower Trick|p1a: Primarina
|-start|p2a: Meowscarada|typechange|Grass|[from] ability: Protean
|-supereffective|p1a: Primarina
|-crit|p1a: Primarina
|-damage|p1a: Primarina|0 fnt
|faint|p1a: Primarina
|
|upkeep
|inactive|Itsterra has 90 seconds left.
|
|t:|1743889402
|switch|p1a: Dragapult|Dragapult, F|100/100
|-damage|p1a: Dragapult|88/100|[from] Stealth Rock
|turn|11
|
|t:|1743889407
|switch|p2a: Slowking|Slowking-Galar, M|100/100
|-damage|p2a: Slowking|88/100|[from] Stealth Rock
|-damage|p2a: Slowking|76/100|[from] Spikes
|move|p1a: Dragapult|U-turn|p2a: Slowking
|-damage|p2a: Slowking|42/100
|inactive|Itsterra has 90 seconds left.
|
|t:|1743889432
|switch|p1a: Kingambit|Kingambit, F|100/100|[from] U-turn
|-damage|p1a: Kingambit|94/100|[from] Stealth Rock
|-activate|p1a: Kingambit|ability: Supreme Overlord
|-start|p1a: Kingambit|fallen1|[silent]
|
|-heal|p1a: Kingambit|100/100|[from] item: Leftovers
|upkeep
|turn|12
|
|t:|1743889440
|switch|p2a: Corviknight|Corviknight, M|100/100
|-damage|p2a: Corviknight|88/100|[from] Stealth Rock
|-ability|p2a: Corviknight|Pressure
|move|p1a: Kingambit|Swords Dance|p1a: Kingambit
|-boost|p1a: Kingambit|atk|2
|
|upkeep
|turn|13
|inactive|Itsterra has 90 seconds left.
|
|t:|1743889455
|-terastallize|p1a: Kingambit|Ghost
|move|p2a: Corviknight|Iron Defense|p2a: Corviknight
|-boost|p2a: Corviknight|def|2
|move|p1a: Kingambit|Swords Dance|p1a: Kingambit
|-boost|p1a: Kingambit|atk|2
|
|upkeep
|turn|14
|inactive|Itsterra has 90 seconds left.
|
|t:|1743889464
|move|p2a: Corviknight|U-turn|p1a: Kingambit
|-resisted|p1a: Kingambit
|-damage|p1a: Kingambit|95/100
|
|t:|1743889465
|switch|p2a: Slowking|Slowking-Galar, M|76/100|[from] U-turn
|-damage|p2a: Slowking|63/100|[from] Stealth Rock
|-damage|p2a: Slowking|51/100|[from] Spikes
|move|p1a: Kingambit|Swords Dance|p1a: Kingambit
|-boost|p1a: Kingambit|atk|2
|
|-heal|p1a: Kingambit|100/100|[from] item: Leftovers
|upkeep
|turn|15
|
|t:|1743889474
|move|p1a: Kingambit|Kowtow Cleave|p2a: Slowking
|-supereffective|p2a: Slowking
|-damage|p2a: Slowking|0 fnt
|faint|p2a: Slowking
|
|upkeep
|
|t:|1743889478
|switch|p2a: Cinderace|Cinderace, F|100/100
|turn|16
|
|t:|1743889484
|move|p2a: Cinderace|Sucker Punch|p1a: Kingambit
|-start|p2a: Cinderace|typechange|Dark|[from] ability: Libero
|-supereffective|p1a: Kingambit
|-damage|p1a: Kingambit|42/100
|move|p1a: Kingambit|Kowtow Cleave|p2a: Cinderace
|-resisted|p2a: Cinderace
|-damage|p2a: Cinderace|0 fnt
|faint|p2a: Cinderace
|
|-heal|p1a: Kingambit|48/100|[from] item: Leftovers
|upkeep
|
|t:|1743889489
|switch|p2a: Meowscarada|Meowscarada, M|60/100
|-damage|p2a: Meowscarada|47/100|[from] Stealth Rock
|-damage|p2a: Meowscarada|35/100|[from] Spikes
|turn|17
|inactive|Itsterra has 120 seconds left.
|
|t:|1743889499
|move|p1a: Kingambit|Sucker Punch|p2a: Meowscarada
|-resisted|p2a: Meowscarada
|-damage|p2a: Meowscarada|0 fnt
|faint|p2a: Meowscarada
|
|-heal|p1a: Kingambit|54/100|[from] item: Leftovers
|upkeep
|-message|Koto5blue forfeited.
|
|win|Itsterra
|raw|Itsterra's rating: 1616 &rarr; <strong>1634</strong><br />(+18 for winning)
|raw|Koto5blue's rating: 1579 &rarr; <strong>1561</strong><br />(-18 for losing)
|l|☆Koto5blue
|player|p2|
