|j|☆owl _with_scarf
|j|☆Lucwasz
|t:|1743889434
|gametype|singles
|player|p1|owl _with_scarf|#owlwithscarf|1565
|player|p2|Lucwasz|1|1620
|teamsize|p1|6
|teamsize|p2|6
|gen|9
|tier|[Gen 9] OU
|rated|
|rule|HP Percentage Mod: HP is shown in percentages
|rule|Endless Battle Clause: Forcing endless battles is banned
|rule|Species Clause: Limit one of each Pokémon
|rule|OHKO Clause: OHKO moves are banned
|rule|Evasion Items Clause: Evasion items are banned
|rule|Evasion Moves Clause: Evasion moves are banned
|rule|Sleep Moves Clause: Sleep-inducing moves are banned
|clearpoke
|poke|p1|Hydreigon, M|
|poke|p1|Corviknight, M|
|poke|p1|Garganacl, F|
|poke|p1|Weavile, F|
|poke|p1|Zamazenta-*|
|poke|p1|Ogerpon-Wellspring, F|
|poke|p2|Garganacl, M|
|poke|p2|Weezing-Galar, F|
|poke|p2|Corviknight, M|
|poke|p2|Dragapult, M|
|poke|p2|Slowking-Galar, F|
|poke|p2|Samurott-Hisui, F|
|teampreview
|
|t:|1743889454
|start
|switch|p1a: Garganacl|Garganacl, F|100/100
|switch|p2a: Dragapult|Dragapult, M|100/100
|turn|1
|inactive|Battle timer is ON: inactive players will automatically lose when time's up. (requested by owl _with_scarf)
|
|t:|1743889459
|move|p2a: Dragapult|U-turn|p1a: Garganacl
|-damage|p1a: Garganacl|88/100
|
|t:|1743889460
|switch|p2a: Weezing|Weezing-Galar, F|100/100|[from] U-turn
|-ability|p2a: Weezing|Neutralizing Gas
|move|p1a: Garganacl|Salt Cure|p2a: Weezing
|-damage|p2a: Weezing|91/100
|-start|p2a: Weezing|Salt Cure
|
|-heal|p1a: Garganacl|94/100|[from] item: Leftovers
|-damage|p2a: Weezing|78/100|[from] Salt Cure
|upkeep
|turn|2
|
|t:|1743889464
|move|p1a: Garganacl|Protect|p1a: Garganacl
|-singleturn|p1a: Garganacl|Protect
|move|p2a: Weezing|Will-O-Wisp|p1a: Garganacl
|-activate|p1a: Garganacl|move: Protect
|
|-heal|p1a: Garganacl|100/100|[from] item: Leftovers
|-damage|p2a: Weezing|66/100|[from] Salt Cure
|upkeep
|turn|3
|
|t:|1743889470
|switch|p1a: Hydreigon|Hydreigon, M|100/100
|move|p2a: Weezing|Pain Split|p1a: Hydreigon
|-sethp|p1a: Hydreigon|84/100|[from] move: Pain Split|[silent]
|-sethp|p2a: Weezing|82/100|[from] move: Pain Split
|
|-heal|p1a: Hydreigon|90/100|[from] item: Leftovers
|-damage|p2a: Weezing|70/100|[from] Salt Cure
|upkeep
|turn|4
|
|t:|1743889472
|move|p1a: Hydreigon|Nasty Plot|p1a: Hydreigon
|-boost|p1a: Hydreigon|spa|2
|move|p2a: Weezing|Strange Steam|p1a: Hydreigon
|-supereffective|p1a: Hydreigon
|-damage|p1a: Hydreigon|0 fnt
|faint|p1a: Hydreigon
|
|-damage|p2a: Weezing|57/100|[from] Salt Cure
|upkeep
|
|t:|1743889477
|switch|p1a: Ogerpon|Ogerpon-Wellspring, F|100/100
|turn|5
|
|t:|1743889480
|move|p1a: Ogerpon|Ivy Cudgel|p2a: Weezing|[anim] Ivy Cudgel Water
|-damage|p2a: Weezing|22/100
|move|p2a: Weezing|Pain Split|p1a: Ogerpon
|-sethp|p1a: Ogerpon|62/100|[from] move: Pain Split|[silent]
|-sethp|p2a: Weezing|56/100|[from] move: Pain Split
|
|-damage|p2a: Weezing|44/100|[from] Salt Cure
|upkeep
|turn|6
|
|t:|1743889489
|-end|p2a: Weezing|ability: Neutralizing Gas
|switch|p2a: Dragapult|Dragapult, M|100/100
|move|p1a: Ogerpon|Ivy Cudgel|p2a: Dragapult|[anim] Ivy Cudgel Water
|-resisted|p2a: Dragapult
|-damage|p2a: Dragapult|60/100
|
|upkeep
|turn|7
|
|t:|1743889514
|switch|p1a: Garganacl|Garganacl, F|100/100
|move|p2a: Dragapult|U-turn|p1a: Garganacl
|-damage|p1a: Garganacl|89/100
|
|t:|1743889518
|switch|p2a: Weezing|Weezing-Galar, F|44/100|[from] U-turn
|-ability|p2a: Weezing|Neutralizing Gas
|
|-heal|p1a: Garganacl|96/100|[from] item: Leftovers
|upkeep
|turn|8
|
|t:|1743889522
|move|p2a: Weezing|Will-O-Wisp|p1a: Garganacl
|-status|p1a: Garganacl|brn
|move|p1a: Garganacl|Salt Cure|p2a: Weezing
|-damage|p2a: Weezing|39/100
|-start|p2a: Weezing|Salt Cure
|
|-heal|p1a: Garganacl|100/100 brn|[from] item: Leftovers
|-damage|p1a: Garganacl|94/100 brn|[from] brn
|-damage|p2a: Weezing|27/100|[from] Salt Cure
|upkeep
|turn|9
|
|t:|1743889524
|move|p2a: Weezing|Pain Split|p1a: Garganacl
|-sethp|p1a: Garganacl|58/100 brn|[from] move: Pain Split|[silent]
|-sethp|p2a: Weezing|70/100|[from] move: Pain Split
|move|p1a: Garganacl|Stealth Rock|p2a: Weezing
|-sidestart|p2: Lucwasz|move: Stealth Rock
|
|-heal|p1a: Garganacl|64/100 brn|[from] item: Leftovers
|-damage|p1a: Garganacl|58/100 brn|[from] brn
|-damage|p2a: Weezing|58/100|[from] Salt Cure
|upkeep
|turn|10
|
|t:|1743889527
|move|p2a: Weezing|Defog|p1a: Garganacl
|-unboost|p1a: Garganacl|evasion|1
|-sideend|p2: Lucwasz|Stealth Rock|[from] move: Defog|[of] p2a: Weezing
|move|p1a: Garganacl|Recover|p1a: Garganacl
|-heal|p1a: Garganacl|100/100 brn
|
|-damage|p1a: Garganacl|94/100 brn|[from] brn
|-damage|p2a: Weezing|46/100|[from] Salt Cure
|upkeep
|turn|11
|
|t:|1743889531
|-end|p2a: Weezing|ability: Neutralizing Gas
|switch|p2a: Garganacl|Garganacl, M|100/100
|switch|p1a: Zamazenta|Zamazenta|100/100
|-ability|p1a: Zamazenta|Dauntless Shield|boost
|-boost|p1a: Zamazenta|def|1
|
|upkeep
|turn|12
|
|t:|1743889537
|-terastallize|p2a: Garganacl|Fairy
|move|p1a: Zamazenta|Howl|p1a: Zamazenta
|-boost|p1a: Zamazenta|atk|1
|move|p2a: Garganacl|Salt Cure|p1a: Zamazenta
|-resisted|p1a: Zamazenta
|-damage|p1a: Zamazenta|96/100
|-start|p1a: Zamazenta|Salt Cure
|
|-damage|p1a: Zamazenta|84/100|[from] Salt Cure
|upkeep
|turn|13
|-message|owl _with_scarf forfeited.
|
|win|Lucwasz
|raw|owl _with_scarf's rating: 1565 &rarr; <strong>1548</strong><br />(-17 for losing)
|raw|Lucwasz's rating: 1620 &rarr; <strong>1637</strong><br />(+17 for winning)
|l|☆owl _with_scarf
|player|p1|
|l|☆Lucwasz
|player|p2|
