|j|☆Asterbilly
|j|☆the.ramen.gang
|t:|1743779444
|gametype|singles
|player|p1|Asterbilly|169|1105
|player|p2|the.ramen.gang|2|1097
|teamsize|p1|6
|teamsize|p2|6
|gen|9
|tier|[Gen 9] OU
|rated|
|rule|HP Percentage Mod: HP is shown in percentages
|rule|Endless Battle Clause: Forcing endless battles is banned
|rule|Species Clause: Limit one of each Pokémon
|rule|OHKO Clause: OHKO moves are banned
|rule|Evasion Items Clause: Evasion items are banned
|rule|Evasion Moves Clause: Evasion moves are banned
|rule|Sleep Moves Clause: Sleep-inducing moves are banned
|clearpoke
|poke|p1|Tyranitar, F|
|poke|p1|Maushold-Four|
|poke|p1|Pecharunt|
|poke|p1|Bellibolt, M|
|poke|p1|Exeggutor-Alola, M|
|poke|p1|Regidrago|
|poke|p2|Hoopa-Unbound|
|poke|p2|Alcremie, F|
|poke|p2|Cetitan, M|
|poke|p2|Ninetales-Alola, M|
|poke|p2|Abomasnow, M|
|poke|p2|Coalossal, F|
|teampreview
|
|t:|1743779458
|start
|switch|p1a: Bellibolt|Bellibolt, M|100/100
|switch|p2a: Abomasnow|Abomasnow, M|100/100
|-weather|Snowscape|[from] ability: Snow Warning|[of] p2a: Abomasnow
|-item|p1a: Bellibolt|Air Balloon
|turn|1
|inactive|Battle timer is ON: inactive players will automatically lose when time's up. (requested by the.ramen.gang)
|
|t:|1743779469
|move|p2a: Abomasnow|Aurora Veil|p2a: Abomasnow
|-sidestart|p2: the.ramen.gang|move: Aurora Veil
|move|p1a: Bellibolt|Toxic|p2a: Abomasnow
|-status|p2a: Abomasnow|tox
|
|-weather|Snowscape|[upkeep]
|-damage|p2a: Abomasnow|94/100 tox|[from] psn
|upkeep
|turn|2
|
|t:|1743779490
|switch|p1a: Pecharunt|Pecharunt|100/100
|move|p2a: Abomasnow|Earthquake|p1a: Pecharunt
|-supereffective|p1a: Pecharunt
|-damage|p1a: Pecharunt|63/100
|
|-weather|Snowscape|[upkeep]
|-damage|p2a: Abomasnow|82/100 tox|[from] psn
|upkeep
|turn|3
|
|t:|1743779499
|move|p1a: Pecharunt|Malignant Chain|p2a: Abomasnow
|-supereffective|p2a: Abomasnow
|-damage|p2a: Abomasnow|34/100 tox
|-enditem|p2a: Abomasnow|Eject Button
|
|t:|1743779514
|switch|p2a: Hoopa|Hoopa-Unbound|100/100
|
|-weather|Snowscape|[upkeep]
|upkeep
|turn|4
|
|t:|1743779543
|switch|p1a: Tyranitar|Tyranitar, F|100/100
|-weather|Sandstorm|[from] ability: Sand Stream|[of] p1a: Tyranitar
|move|p2a: Hoopa|Psychic|p1a: Tyranitar
|-immune|p1a: Tyranitar
|
|-weather|Sandstorm|[upkeep]
|-damage|p2a: Hoopa|94/100|[from] Sandstorm
|upkeep
|turn|5
|inactive|Asterbilly has 120 seconds left.
|
|t:|1743779559
|switch|p2a: Abomasnow|Abomasnow, M|34/100 tox
|-weather|Snowscape|[from] ability: Snow Warning|[of] p2a: Abomasnow
|-singleturn|p1a: Tyranitar|move: Focus Punch
|move|p1a: Tyranitar|Focus Punch|p2a: Abomasnow
|-supereffective|p2a: Abomasnow
|-damage|p2a: Abomasnow|0 fnt
|faint|p2a: Abomasnow
|
|-weather|Snowscape|[upkeep]
|-sideend|p2: the.ramen.gang|move: Aurora Veil
|upkeep
|
|t:|1743779567
|switch|p2a: Ninetales|Ninetales-Alola, M|100/100
|turn|6
|
|t:|1743779576
|-singleturn|p1a: Tyranitar|move: Focus Punch
|move|p2a: Ninetales|Aurora Veil|p2a: Ninetales
|-sidestart|p2: the.ramen.gang|move: Aurora Veil
|move|p1a: Tyranitar|Focus Punch|p2a: Ninetales
|-damage|p2a: Ninetales|78/100
|
|-weather|Snowscape|[upkeep]
|upkeep
|turn|7
|
|t:|1743779587
|switch|p1a: Pecharunt|Pecharunt|63/100
|move|p2a: Ninetales|Moonblast|p1a: Pecharunt
|-resisted|p1a: Pecharunt
|-damage|p1a: Pecharunt|43/100
|
|-weather|Snowscape|[upkeep]
|upkeep
|turn|8
|
|t:|1743779594
|move|p2a: Ninetales|Blizzard|p1a: Pecharunt
|-damage|p1a: Pecharunt|0 fnt
|faint|p1a: Pecharunt
|
|-weather|Snowscape|[upkeep]
|upkeep
|
|t:|1743779609
|switch|p1a: Bellibolt|Bellibolt, M|100/100
|-item|p1a: Bellibolt|Air Balloon
|turn|9
|
|t:|1743779616
|move|p2a: Ninetales|Blizzard|p1a: Bellibolt
|-damage|p1a: Bellibolt|57/100
|-status|p1a: Bellibolt|frz
|-start|p1a: Bellibolt|Charge|Blizzard|[from] ability: Electromorphosis
|-enditem|p1a: Bellibolt|Air Balloon
|cant|p1a: Bellibolt|frz
|
|-weather|none
|upkeep
|turn|10
|
|t:|1743779626
|move|p2a: Ninetales|Moonblast|p1a: Bellibolt
|-damage|p1a: Bellibolt|21/100 frz
|-unboost|p1a: Bellibolt|spa|1
|-start|p1a: Bellibolt|Charge|Moonblast|[from] ability: Electromorphosis
|-curestatus|p1a: Bellibolt|frz|[msg]
|move|p1a: Bellibolt|Toxic|p2a: Ninetales
|-status|p2a: Ninetales|tox
|
|-damage|p2a: Ninetales|72/100 tox|[from] psn
|upkeep
|turn|11
|
|t:|1743779636
|move|p2a: Ninetales|Moonblast|p1a: Bellibolt
|-damage|p1a: Bellibolt|0 fnt
|faint|p1a: Bellibolt
|
|-damage|p2a: Ninetales|60/100 tox|[from] psn
|upkeep
|
|t:|1743779647
|switch|p1a: Maushold|Maushold-Four|100/100
|turn|12
|
|t:|1743779654
|-terastallize|p1a: Maushold|Normal
|move|p1a: Maushold|Population Bomb|p2a: Ninetales
|-damage|p2a: Ninetales|50/100 tox
|-damage|p2a: Ninetales|42/100 tox
|-damage|p2a: Ninetales|32/100 tox
|-damage|p2a: Ninetales|24/100 tox
|-damage|p2a: Ninetales|15/100 tox
|-hitcount|p2a: Ninetales|5
|move|p2a: Ninetales|Encore|p1a: Maushold
|-start|p1a: Maushold|Encore
|
|-damage|p2a: Ninetales|0 fnt|[from] psn
|faint|p2a: Ninetales
|upkeep
|
|t:|1743779665
|switch|p2a: Coalossal|Coalossal, F|100/100
|turn|13
|
|t:|1743779678
|switch|p1a: Regidrago|Regidrago|100/100
|move|p2a: Coalossal|Body Press|p1a: Regidrago
|-damage|p1a: Regidrago|71/100
|
|-sideend|p2: the.ramen.gang|move: Aurora Veil
|upkeep
|turn|14
|
|t:|1743779688
|-terastallize|p2a: Coalossal|Fighting
|move|p1a: Regidrago|Light Screen|p1a: Regidrago
|-sidestart|p1: Asterbilly|move: Light Screen
|move|p2a: Coalossal|Body Press|p1a: Regidrago
|-damage|p1a: Regidrago|25/100
|
|upkeep
|turn|15
|
|t:|1743779693
|move|p1a: Regidrago|Dragon Pulse|p2a: Coalossal
|-damage|p2a: Coalossal|67/100
|move|p2a: Coalossal|Body Press|p1a: Regidrago
|-damage|p1a: Regidrago|0 fnt
|faint|p1a: Regidrago
|
|upkeep
|
|t:|1743779700
|switch|p1a: Exeggutor|Exeggutor-Alola, M|100/100
|turn|16
|
|t:|1743779705
|move|p1a: Exeggutor|Psychic Noise|p2a: Coalossal
|-supereffective|p2a: Coalossal
|-damage|p2a: Coalossal|38/100
|-start|p2a: Coalossal|move: Heal Block
|move|p2a: Coalossal|Body Press|p1a: Exeggutor
|-damage|p1a: Exeggutor|58/100
|
|upkeep
|turn|17
|
|t:|1743779721
|move|p1a: Exeggutor|Energy Ball|p2a: Coalossal
|-damage|p2a: Coalossal|12/100
|move|p2a: Coalossal|Body Press|p1a: Exeggutor
|-damage|p1a: Exeggutor|12/100
|-enditem|p1a: Exeggutor|Sitrus Berry|[eat]
|-heal|p1a: Exeggutor|37/100|[from] item: Sitrus Berry
|
|-end|p2a: Coalossal|move: Heal Block
|upkeep
|turn|18
|
|t:|1743779730
|move|p1a: Exeggutor|Energy Ball|p2a: Coalossal
|-damage|p2a: Coalossal|0 fnt
|faint|p2a: Coalossal
|
|-sideend|p1: Asterbilly|move: Light Screen
|upkeep
|
|t:|1743779734
|switch|p2a: Cetitan|Cetitan, M|100/100
|turn|19
|
|t:|1743779739
|move|p2a: Cetitan|Ice Shard|p1a: Exeggutor
|-supereffective|p1a: Exeggutor
|-damage|p1a: Exeggutor|0 fnt
|faint|p1a: Exeggutor
|
|upkeep
|
|t:|1743779749
|switch|p1a: Maushold|Maushold-Four, tera:Normal|100/100
|turn|20
|
|t:|1743779753
|move|p1a: Maushold|Thunder Wave|p2a: Cetitan
|-status|p2a: Cetitan|par
|cant|p2a: Cetitan|par
|
|upkeep
|turn|21
|
|t:|1743779758
|move|p2a: Cetitan|Ice Shard|p1a: Maushold
|-damage|p1a: Maushold|65/100
|move|p1a: Maushold|Tidy Up|p1a: Maushold
|-boost|p1a: Maushold|atk|1
|-boost|p1a: Maushold|spe|1
|
|upkeep
|turn|22
|
|t:|1743779765
|cant|p2a: Cetitan|par
|move|p1a: Maushold|Population Bomb|p2a: Cetitan
|-damage|p2a: Cetitan|79/100 par
|-damage|p2a: Cetitan|57/100 par
|-damage|p2a: Cetitan|34/100 par
|-enditem|p2a: Cetitan|Sitrus Berry|[eat]
|-heal|p2a: Cetitan|59/100 par|[from] item: Sitrus Berry
|-damage|p2a: Cetitan|38/100 par
|-damage|p2a: Cetitan|17/100 par
|-damage|p2a: Cetitan|0 fnt
|faint|p2a: Cetitan
|-hitcount|p2: Cetitan|6
|
|upkeep
|
|t:|1743779768
|switch|p2a: Hoopa|Hoopa-Unbound|94/100
|turn|23
|
|t:|1743779780
|move|p1a: Maushold|Thunder Wave|p2a: Hoopa
|-status|p2a: Hoopa|par
|move|p2a: Hoopa|Psychic|p1a: Maushold
|-damage|p1a: Maushold|0 fnt
|faint|p1a: Maushold
|
|upkeep
|
|t:|1743779786
|switch|p1a: Tyranitar|Tyranitar, F|100/100
|-weather|Sandstorm|[from] ability: Sand Stream|[of] p1a: Tyranitar
|turn|24
|
|t:|1743779791
|switch|p2a: Alcremie|Alcremie, F|100/100
|-singleturn|p1a: Tyranitar|move: Focus Punch
|move|p1a: Tyranitar|Focus Punch|p2a: Alcremie
|-resisted|p2a: Alcremie
|-damage|p2a: Alcremie|60/100
|
|-weather|Sandstorm|[upkeep]
|-damage|p2a: Alcremie|54/100|[from] Sandstorm
|-heal|p2a: Alcremie|60/100|[from] item: Leftovers
|upkeep
|turn|25
|
|t:|1743779803
|move|p2a: Alcremie|Recover|p2a: Alcremie
|-heal|p2a: Alcremie|100/100
|move|p1a: Tyranitar|Stomping Tantrum|p2a: Alcremie
|-damage|p2a: Alcremie|62/100
|
|-weather|Sandstorm|[upkeep]
|-damage|p2a: Alcremie|56/100|[from] Sandstorm
|-heal|p2a: Alcremie|62/100|[from] item: Leftovers
|upkeep
|turn|26
|
|t:|1743779812
|-singleturn|p1a: Tyranitar|move: Focus Punch
|move|p2a: Alcremie|Alluring Voice|p1a: Tyranitar
|-supereffective|p1a: Tyranitar
|-damage|p1a: Tyranitar|61/100
|cant|p1a: Tyranitar|Focus Punch|Focus Punch
|
|-weather|Sandstorm|[upkeep]
|-damage|p2a: Alcremie|56/100|[from] Sandstorm
|-heal|p2a: Alcremie|62/100|[from] item: Leftovers
|upkeep
|turn|27
|
|t:|1743779826
|move|p2a: Alcremie|Alluring Voice|p1a: Tyranitar
|-supereffective|p1a: Tyranitar
|-damage|p1a: Tyranitar|22/100
|-enditem|p1a: Tyranitar|Sitrus Berry|[eat]
|-heal|p1a: Tyranitar|47/100|[from] item: Sitrus Berry
|move|p1a: Tyranitar|Stomping Tantrum|p2a: Alcremie
|-damage|p2a: Alcremie|0 fnt
|faint|p2a: Alcremie
|
|-weather|Sandstorm|[upkeep]
|upkeep
|
|t:|1743779831
|switch|p2a: Hoopa|Hoopa-Unbound|94/100 par
|turn|28
|
|t:|1743779838
|-singleturn|p1a: Tyranitar|move: Focus Punch
|move|p2a: Hoopa|Focus Blast|p1a: Tyranitar|[miss]
|-miss|p2a: Hoopa|p1a: Tyranitar
|move|p1a: Tyranitar|Focus Punch|p2a: Hoopa
|-crit|p2a: Hoopa
|-damage|p2a: Hoopa|0 fnt
|faint|p2a: Hoopa
|
|win|Asterbilly
|raw|Asterbilly's rating: 1105 &rarr; <strong>1129</strong><br />(+24 for winning)
|raw|the.ramen.gang's rating: 1097 &rarr; <strong>1073</strong><br />(-24 for losing)
|l|☆Asterbilly
|player|p1|
|l|☆the.ramen.gang
|player|p2|
