|j|☆Loyd09
|j|☆Driz0
|t:|1743886567
|gametype|singles
|player|p1|Loyd09|ilima|1363
|player|p2|Driz0|169|1303
|teamsize|p1|6
|teamsize|p2|6
|gen|9
|tier|[Gen 9] OU
|rated|
|rule|HP Percentage Mod: HP is shown in percentages
|rule|Endless Battle Clause: Forcing endless battles is banned
|rule|Species Clause: Limit one of each Pokémon
|rule|OHKO Clause: OHKO moves are banned
|rule|Evasion Items Clause: Evasion items are banned
|rule|Evasion Moves Clause: Evasion moves are banned
|rule|Sleep Moves Clause: Sleep-inducing moves are banned
|clearpoke
|poke|p1|Kingambit, M|
|poke|p1|Blaziken, F|
|poke|p1|Deoxys-Speed|
|poke|p1|Great Tusk|
|poke|p1|Glimmora, M|
|poke|p1|Gholdengo|
|poke|p2|Bellibolt, M|
|poke|p2|Bisharp, F|
|poke|p2|Froslass, F|
|poke|p2|Great Tusk|
|poke|p2|Iron Valiant|
|poke|p2|Gholdengo|
|teampreview
|inactive|Battle timer is ON: inactive players will automatically lose when time's up. (requested by Driz0)
|inactive|Driz0 has 120 seconds left.
|
|t:|1743886598
|start
|switch|p1a: Deoxys|Deoxys-Speed|100/100
|switch|p2a: Gholdengo|Gholdengo|100/100
|-ability|p1a: Deoxys|Pressure
|turn|1
|
|t:|1743886623
|switch|p2a: Bisharp|Bisharp, F|100/100
|move|p1a: Deoxys|Knock Off|p2a: Bisharp
|-resisted|p2a: Bisharp
|-damage|p2a: Bisharp|92/100
|-enditem|p2a: Bisharp|Eviolite|[from] move: Knock Off|[of] p1a: Deoxys
|
|upkeep
|turn|2
|
|t:|1743886629
|move|p1a: Deoxys|Superpower|p2a: Bisharp
|-supereffective|p2a: Bisharp
|-damage|p2a: Bisharp|0 fnt
|-unboost|p1a: Deoxys|atk|1
|-unboost|p1a: Deoxys|def|1
|faint|p2a: Bisharp
|
|upkeep
|
|t:|1743886642
|switch|p2a: Bellibolt|Bellibolt, M|100/100
|turn|3
|
|t:|1743886664
|move|p1a: Deoxys|Taunt|p2a: Bellibolt
|-start|p2a: Bellibolt|move: Taunt
|move|p2a: Bellibolt|Parabolic Charge|p1a: Deoxys
|-damage|p1a: Deoxys|52/100
|
|upkeep
|turn|4
|
|t:|1743886670
|move|p1a: Deoxys|Stealth Rock|p2a: Bellibolt
|-sidestart|p2: Driz0|move: Stealth Rock
|move|p2a: Bellibolt|Parabolic Charge|p1a: Deoxys
|-damage|p1a: Deoxys|0 fnt
|faint|p1a: Deoxys
|
|upkeep
|inactive|Loyd09 has 120 seconds left.
|
|t:|1743886692
|switch|p1a: Glimmora|Glimmora, M|100/100
|turn|5
|
|t:|1743886716
|move|p1a: Glimmora|Meteor Beam||[still]
|-prepare|p1a: Glimmora|Meteor Beam
|-boost|p1a: Glimmora|spa|1
|-enditem|p1a: Glimmora|Power Herb
|-anim|p1a: Glimmora|Meteor Beam|p2a: Bellibolt
|-damage|p2a: Bellibolt|11/100
|-start|p2a: Bellibolt|Charge|Meteor Beam|[from] ability: Electromorphosis
|move|p2a: Bellibolt|Muddy Water|p1a: Glimmora
|-supereffective|p1a: Glimmora
|-damage|p1a: Glimmora|27/100
|
|-heal|p2a: Bellibolt|17/100|[from] item: Leftovers
|-end|p2a: Bellibolt|move: Taunt
|upkeep
|turn|6
|
|t:|1743886727
|move|p1a: Glimmora|Earth Power|p2a: Bellibolt
|-supereffective|p2a: Bellibolt
|-damage|p2a: Bellibolt|0 fnt
|faint|p2a: Bellibolt
|
|upkeep
|
|t:|1743886731
|switch|p2a: Gholdengo|Gholdengo|100/100
|-damage|p2a: Gholdengo|94/100|[from] Stealth Rock
|turn|7
|
|t:|1743886738
|move|p2a: Gholdengo|Shadow Ball|p1a: Glimmora
|-damage|p1a: Glimmora|0 fnt
|faint|p1a: Glimmora
|
|upkeep
|
|t:|1743886758
|switch|p1a: Blaziken|Blaziken, F|100/100
|turn|8
|
|t:|1743886779
|move|p2a: Gholdengo|Shadow Ball|p1a: Blaziken
|-damage|p1a: Blaziken|32/100
|move|p1a: Blaziken|Focus Energy|p1a: Blaziken
|-start|p1a: Blaziken|move: Focus Energy
|
|-ability|p1a: Blaziken|Speed Boost|boost
|-boost|p1a: Blaziken|spe|1
|upkeep
|turn|9
|
|t:|1743886792
|-terastallize|p2a: Gholdengo|Ground
|move|p2a: Gholdengo|Shadow Ball|p1a: Blaziken
|-damage|p1a: Blaziken|0 fnt
|faint|p1a: Blaziken
|
|upkeep
|
|t:|1743886795
|switch|p1a: Kingambit|Kingambit, M, shiny|100/100
|-activate|p1a: Kingambit|ability: Supreme Overlord
|-start|p1a: Kingambit|fallen3|[silent]
|turn|10
|
|t:|1743886802
|switch|p2a: Froslass|Froslass, F|100/100
|-damage|p2a: Froslass|76/100|[from] Stealth Rock
|move|p1a: Kingambit|Iron Head|p2a: Froslass
|-supereffective|p2a: Froslass
|-damage|p2a: Froslass|0 fnt
|faint|p2a: Froslass
|
|upkeep
|
|t:|1743886808
|switch|p2a: Great Tusk|Great Tusk|100/100
|-damage|p2a: Great Tusk|98/100|[from] Stealth Rock
|turn|11
|
|t:|1743886814
|-end|p1a: Kingambit|fallen3|[silent]
|switch|p1a: Great Tusk|Great Tusk|100/100
|move|p2a: Great Tusk|Ice Spinner|p1a: Great Tusk
|-supereffective|p1a: Great Tusk
|-damage|p1a: Great Tusk|61/100
|
|-heal|p1a: Great Tusk|68/100|[from] item: Leftovers
|-heal|p2a: Great Tusk|100/100|[from] item: Leftovers
|upkeep
|turn|12
|
|t:|1743886824
|move|p1a: Great Tusk|Rapid Spin|p2a: Great Tusk
|-damage|p2a: Great Tusk|92/100
|-boost|p1a: Great Tusk|spe|1
|move|p2a: Great Tusk|Rapid Spin|p1a: Great Tusk
|-damage|p1a: Great Tusk|55/100
|-boost|p2a: Great Tusk|spe|1
|-sideend|p2: Driz0|Stealth Rock|[from] move: Rapid Spin|[of] p2a: Great Tusk
|
|-heal|p1a: Great Tusk|61/100|[from] item: Leftovers
|-heal|p2a: Great Tusk|98/100|[from] item: Leftovers
|upkeep
|turn|13
|
|t:|1743886828
|move|p1a: Great Tusk|Bulk Up|p1a: Great Tusk
|-boost|p1a: Great Tusk|atk|1
|-boost|p1a: Great Tusk|def|1
|move|p2a: Great Tusk|Ice Spinner|p1a: Great Tusk
|-supereffective|p1a: Great Tusk
|-damage|p1a: Great Tusk|33/100
|
|-heal|p1a: Great Tusk|39/100|[from] item: Leftovers
|-heal|p2a: Great Tusk|100/100|[from] item: Leftovers
|upkeep
|turn|14
|
|t:|1743886833
|move|p1a: Great Tusk|Rapid Spin|p2a: Great Tusk
|-damage|p2a: Great Tusk|88/100
|-boost|p1a: Great Tusk|spe|1
|move|p2a: Great Tusk|Rapid Spin|p1a: Great Tusk
|-damage|p1a: Great Tusk|32/100
|-boost|p2a: Great Tusk|spe|1
|
|-heal|p1a: Great Tusk|38/100|[from] item: Leftovers
|-heal|p2a: Great Tusk|94/100|[from] item: Leftovers
|upkeep
|turn|15
|
|t:|1743886837
|move|p1a: Great Tusk|Bulk Up|p1a: Great Tusk
|-boost|p1a: Great Tusk|atk|1
|-boost|p1a: Great Tusk|def|1
|move|p2a: Great Tusk|Ice Spinner|p1a: Great Tusk
|-supereffective|p1a: Great Tusk
|-crit|p1a: Great Tusk
|-damage|p1a: Great Tusk|0 fnt
|faint|p1a: Great Tusk
|-end|p1a: Great Tusk|Protosynthesis|[silent]
|
|-heal|p2a: Great Tusk|99/100|[from] item: Leftovers
|upkeep
|-message|Loyd09 forfeited.
|
|win|Driz0
|raw|Loyd09's rating: 1363 &rarr; <strong>1340</strong><br />(-23 for losing)
|raw|Driz0's rating: 1303 &rarr; <strong>1326</strong><br />(+23 for winning)
|l|☆Loyd09
|player|p1|
|l|☆Driz0
|player|p2|
