|j|☆ectozzzz
|j|☆sumerand
|t:|1743888920
|gametype|singles
|player|p1|ectozzzz|n|1266
|player|p2|sumerand|ghetsis|1285
|teamsize|p1|6
|teamsize|p2|6
|gen|9
|tier|[Gen 9] OU
|rated|
|rule|HP Percentage Mod: HP is shown in percentages
|rule|Endless Battle Clause: Forcing endless battles is banned
|rule|Species Clause: Limit one of each Pokémon
|rule|OHKO Clause: OHKO moves are banned
|rule|Evasion Items Clause: Evasion items are banned
|rule|Evasion Moves Clause: Evasion moves are banned
|rule|Sleep Moves Clause: Sleep-inducing moves are banned
|clearpoke
|poke|p1|Walking Wake|
|poke|p1|Torkoal, M|
|poke|p1|Venusaur, M|
|poke|p1|Hatterene, F|
|poke|p1|Dragonite, M|
|poke|p1|Kingambit, F|
|poke|p2|Inteleon, M|
|poke|p2|Dragapult, F|
|poke|p2|Cinderace, M|
|poke|p2|Corviknight, F|
|poke|p2|Alomomola, M|
|poke|p2|Ting-Lu|
|teampreview
|inactive|Battle timer is ON: inactive players will automatically lose when time's up. (requested by ectozzzz)
|
|t:|1743888937
|start
|switch|p1a: JESE-PAMEC|Torkoal, M|100/100
|switch|p2a: Ting-Lu|Ting-Lu|100/100
|-ability|p2a: Ting-Lu|Vessel of Ruin
|-weather|SunnyDay|[from] ability: Drought|[of] p1a: JESE-PAMEC
|turn|1
|
|t:|1743888946
|switch|p1a: pffffffffffff|Walking Wake|100/100
|-activate|p1a: pffffffffffff|ability: Protosynthesis
|-start|p1a: pffffffffffff|protosynthesisspe
|move|p2a: Ting-Lu|Ruination|p1a: pffffffffffff
|-damage|p1a: pffffffffffff|50/100
|
|-weather|SunnyDay|[upkeep]
|upkeep
|turn|2
|
|t:|1743888956
|-terastallize|p1a: pffffffffffff|Water
|-terastallize|p2a: Ting-Lu|Ghost
|move|p1a: pffffffffffff|Hydro Steam|p2a: Ting-Lu
|-damage|p2a: Ting-Lu|41/100
|move|p2a: Ting-Lu|Stealth Rock|p1a: pffffffffffff
|-sidestart|p1: ectozzzz|move: Stealth Rock
|
|-weather|SunnyDay|[upkeep]
|-heal|p2a: Ting-Lu|48/100|[from] item: Leftovers
|upkeep
|turn|3
|
|t:|1743888967
|switch|p2a: Alomomola|Alomomola, M|100/100
|move|p1a: pffffffffffff|Hydro Steam|p2a: Alomomola
|-resisted|p2a: Alomomola
|-damage|p2a: Alomomola|34/100
|
|-weather|SunnyDay|[upkeep]
|upkeep
|turn|4
|
|t:|1743888976
|move|p1a: pffffffffffff|Hydro Steam|p2a: Alomomola
|-resisted|p2a: Alomomola
|-damage|p2a: Alomomola|0 fnt
|faint|p2a: Alomomola
|
|-weather|SunnyDay|[upkeep]
|upkeep
|
|t:|1743888986
|switch|p2a: Cinderace|Cinderace, M|100/100
|turn|5
|
|t:|1743888989
|move|p2a: Cinderace|Sucker Punch|p1a: pffffffffffff
|-start|p2a: Cinderace|typechange|Dark|[from] ability: Libero
|-crit|p1a: pffffffffffff
|-damage|p1a: pffffffffffff|0 fnt
|faint|p1a: pffffffffffff
|-end|p1a: pffffffffffff|Protosynthesis|[silent]
|
|-weather|SunnyDay|[upkeep]
|upkeep
|
|t:|1743888995
|switch|p1a: ANTONY|Venusaur, M|100/100
|-damage|p1a: ANTONY|88/100|[from] Stealth Rock
|turn|6
|
|t:|1743889001
|move|p1a: ANTONY|Solar Beam||[still]
|-prepare|p1a: ANTONY|Solar Beam
|-anim|p1a: ANTONY|Solar Beam|p2a: Cinderace
|-damage|p2a: Cinderace|11/100
|-damage|p1a: ANTONY|78/100|[from] item: Life Orb
|move|p2a: Cinderace|Pyro Ball|p1a: ANTONY
|-supereffective|p1a: ANTONY
|-damage|p1a: ANTONY|0 fnt
|faint|p1a: ANTONY
|
|-weather|SunnyDay|[upkeep]
|upkeep
|
|t:|1743889007
|switch|p1a: IDEKA|Dragonite, M|100/100
|turn|7
|
|t:|1743889014
|move|p1a: IDEKA|Extreme Speed|p2a: Cinderace
|-damage|p2a: Cinderace|0 fnt
|faint|p2a: Cinderace
|
|-weather|SunnyDay|[upkeep]
|upkeep
|
|t:|1743889021
|switch|p2a: Inteleon|Inteleon, M|100/100
|turn|8
|
|t:|1743889027
|move|p2a: Inteleon|Ice Beam|p1a: IDEKA
|-supereffective|p1a: IDEKA
|-damage|p1a: IDEKA|6/100
|move|p1a: IDEKA|Dragon Dance|p1a: IDEKA
|-boost|p1a: IDEKA|atk|1
|-boost|p1a: IDEKA|spe|1
|
|-weather|none
|upkeep
|turn|9
|
|t:|1743889036
|switch|p2a: Corviknight|Corviknight, F|100/100
|-ability|p2a: Corviknight|Pressure
|move|p1a: IDEKA|Extreme Speed|p2a: Corviknight
|-resisted|p2a: Corviknight
|-damage|p2a: Corviknight|86/100
|-damage|p1a: IDEKA|0 fnt|[from] item: Rocky Helmet|[of] p2a: Corviknight
|faint|p1a: IDEKA
|
|upkeep
|
|t:|1743889043
|switch|p1a: JESE-PAMEC|Torkoal, M|100/100
|-damage|p1a: JESE-PAMEC|76/100|[from] Stealth Rock
|-weather|SunnyDay|[from] ability: Drought|[of] p1a: JESE-PAMEC
|turn|10
|
|t:|1743889051
|switch|p2a: Dragapult|Dragapult, F|100/100
|move|p1a: JESE-PAMEC|Lava Plume|p2a: Dragapult
|-resisted|p2a: Dragapult
|-damage|p2a: Dragapult|74/100
|
|-weather|SunnyDay|[upkeep]
|upkeep
|turn|11
|
|t:|1743889059
|switch|p1a: MOIJOZEUH|Hatterene, F|100/100
|-damage|p1a: MOIJOZEUH|88/100|[from] Stealth Rock
|move|p2a: Dragapult|Dragon Darts|p1a: MOIJOZEUH
|-immune|p1a: MOIJOZEUH
|
|-weather|SunnyDay|[upkeep]
|upkeep
|turn|12
|
|t:|1743889068
|switch|p2a: Ting-Lu|Ting-Lu, tera:Ghost|48/100
|-ability|p2a: Ting-Lu|Vessel of Ruin
|move|p1a: MOIJOZEUH|Psychic|p2a: Ting-Lu
|-damage|p2a: Ting-Lu|29/100
|
|-weather|SunnyDay|[upkeep]
|-heal|p2a: Ting-Lu|35/100|[from] item: Leftovers
|upkeep
|turn|13
|
|t:|1743889078
|move|p1a: MOIJOZEUH|Psychic|p2a: Ting-Lu
|-damage|p2a: Ting-Lu|17/100
|-unboost|p2a: Ting-Lu|spd|1
|move|p2a: Ting-Lu|Ruination|p1a: MOIJOZEUH
|-damage|p1a: MOIJOZEUH|44/100
|
|-weather|SunnyDay|[upkeep]
|-heal|p2a: Ting-Lu|23/100|[from] item: Leftovers
|upkeep
|turn|14
|
|t:|1743889088
|move|p1a: MOIJOZEUH|Psychic|p2a: Ting-Lu
|-damage|p2a: Ting-Lu|0 fnt
|faint|p2a: Ting-Lu
|
|-weather|SunnyDay|[upkeep]
|upkeep
|
|t:|1743889094
|switch|p2a: Inteleon|Inteleon, M|100/100
|turn|15
|
|t:|1743889098
|move|p2a: Inteleon|Ice Beam|p1a: MOIJOZEUH
|-damage|p1a: MOIJOZEUH|0 fnt
|faint|p1a: MOIJOZEUH
|
|-weather|SunnyDay|[upkeep]
|upkeep
|
|t:|1743889100
|switch|p1a: JESE-PAMEC|Torkoal, M|76/100
|-damage|p1a: JESE-PAMEC|51/100|[from] Stealth Rock
|turn|16
|
|t:|1743889107
|switch|p2a: Dragapult|Dragapult, F|74/100
|move|p1a: JESE-PAMEC|Will-O-Wisp|p2a: Dragapult
|-status|p2a: Dragapult|brn
|
|-weather|SunnyDay|[upkeep]
|-damage|p2a: Dragapult|68/100 brn|[from] brn
|upkeep
|turn|17
|
|t:|1743889118
|move|p2a: Dragapult|U-turn|p1a: JESE-PAMEC
|-resisted|p1a: JESE-PAMEC
|-damage|p1a: JESE-PAMEC|46/100
|
|t:|1743889121
|switch|p2a: Inteleon|Inteleon, M|100/100|[from] U-turn
|move|p1a: JESE-PAMEC|Lava Plume|p2a: Inteleon
|-resisted|p2a: Inteleon
|-damage|p2a: Inteleon|71/100
|
|-weather|none
|upkeep
|turn|18
|c|☆sumerand|Gg
|
|t:|1743889133
|move|p2a: Inteleon|Surf|p1a: JESE-PAMEC
|-supereffective|p1a: JESE-PAMEC
|-damage|p1a: JESE-PAMEC|0 fnt
|faint|p1a: JESE-PAMEC
|
|upkeep
|
|t:|1743889136
|switch|p1a: POING SUCANT|Kingambit, F|100/100
|-damage|p1a: POING SUCANT|94/100|[from] Stealth Rock
|-activate|p1a: POING SUCANT|ability: Supreme Overlord
|-start|p1a: POING SUCANT|fallen5|[silent]
|turn|19
|
|t:|1743889144
|switch|p2a: Corviknight|Corviknight, F|86/100
|-ability|p2a: Corviknight|Pressure
|move|p1a: POING SUCANT|Kowtow Cleave|p2a: Corviknight
|-damage|p2a: Corviknight|24/100
|-damage|p1a: POING SUCANT|78/100|[from] item: Rocky Helmet|[of] p2a: Corviknight
|
|upkeep
|turn|20
|
|t:|1743889154
|move|p1a: POING SUCANT|Sucker Punch||[still]
|-fail|p1a: POING SUCANT
|move|p2a: Corviknight|Roost|p2a: Corviknight
|-heal|p2a: Corviknight|74/100
|-singleturn|p2a: Corviknight|move: Roost
|
|upkeep
|turn|21
|
|t:|1743889161
|move|p2a: Corviknight|Iron Defense|p2a: Corviknight
|-boost|p2a: Corviknight|def|2
|move|p1a: POING SUCANT|Kowtow Cleave|p2a: Corviknight
|-damage|p2a: Corviknight|44/100
|-damage|p1a: POING SUCANT|61/100|[from] item: Rocky Helmet|[of] p2a: Corviknight
|
|upkeep
|turn|22
|
|t:|1743889168
|move|p2a: Corviknight|Roost|p2a: Corviknight
|-heal|p2a: Corviknight|94/100
|-singleturn|p2a: Corviknight|move: Roost
|move|p1a: POING SUCANT|Kowtow Cleave|p2a: Corviknight
|-damage|p2a: Corviknight|66/100
|-damage|p1a: POING SUCANT|45/100|[from] item: Rocky Helmet|[of] p2a: Corviknight
|
|upkeep
|turn|23
|
|t:|1743889178
|move|p2a: Corviknight|Iron Defense|p2a: Corviknight
|-boost|p2a: Corviknight|def|2
|move|p1a: POING SUCANT|Kowtow Cleave|p2a: Corviknight
|-damage|p2a: Corviknight|47/100
|-damage|p1a: POING SUCANT|29/100|[from] item: Rocky Helmet|[of] p2a: Corviknight
|
|upkeep
|turn|24
|
|t:|1743889185
|move|p2a: Corviknight|Roost|p2a: Corviknight
|-heal|p2a: Corviknight|97/100
|-singleturn|p2a: Corviknight|move: Roost
|move|p1a: POING SUCANT|Kowtow Cleave|p2a: Corviknight
|-crit|p2a: Corviknight
|-damage|p2a: Corviknight|12/100
|-damage|p1a: POING SUCANT|12/100|[from] item: Rocky Helmet|[of] p2a: Corviknight
|
|upkeep
|turn|25
|
|t:|1743889194
|move|p2a: Corviknight|Roost|p2a: Corviknight
|-heal|p2a: Corviknight|63/100
|-singleturn|p2a: Corviknight|move: Roost
|move|p1a: POING SUCANT|Kowtow Cleave|p2a: Corviknight
|-damage|p2a: Corviknight|44/100
|-damage|p1a: POING SUCANT|0 fnt|[from] item: Rocky Helmet|[of] p2a: Corviknight
|faint|p1a: POING SUCANT
|-end|p1a: POING SUCANT|fallen5|[silent]
|
|win|sumerand
|raw|ectozzzz's rating: 1266 &rarr; <strong>1242</strong><br />(-24 for losing)
|raw|sumerand's rating: 1285 &rarr; <strong>1309</strong><br />(+24 for winning)
|l|☆ectozzzz
|player|p1|
