|j|☆mirav3d
|j|☆love is simple
|t:|1743859335
|gametype|singles
|player|p1|mirav3d|doctor|1395
|player|p2|love is simple|dawn|1420
|teamsize|p1|6
|teamsize|p2|6
|gen|9
|tier|[Gen 9] OU
|rated|
|rule|HP Percentage Mod: HP is shown in percentages
|rule|Endless Battle Clause: Forcing endless battles is banned
|rule|Species Clause: Limit one of each Pokémon
|rule|OHKO Clause: OHKO moves are banned
|rule|Evasion Items Clause: Evasion items are banned
|rule|Evasion Moves Clause: Evasion moves are banned
|rule|Sleep Moves Clause: Sleep-inducing moves are banned
|clearpoke
|poke|p1|Rabsca, F|
|poke|p1|Slowking-Galar, F|
|poke|p1|Ursaluna, F|
|poke|p1|Azumarill, F|
|poke|p1|Mimikyu, F|
|poke|p1|Kingambit, M|
|poke|p2|Samurott-Hisui, M|
|poke|p2|Kingambit, F|
|poke|p2|Slowking-Galar, M|
|poke|p2|Keldeo|
|poke|p2|Dragapult, M|
|poke|p2|Gliscor, F|
|teampreview
|inactive|Battle timer is ON: inactive players will automatically lose when time's up. (requested by love is simple)
|
|t:|1743859350
|start
|switch|p1a: Azumarill|Azumarill, F|100/100
|switch|p2a: Samurott|Samurott-Hisui, M|100/100
|turn|1
|
|t:|1743859367
|switch|p2a: Slowking|Slowking-Galar, M|100/100
|move|p1a: Azumarill|Play Rough|p2a: Slowking
|-resisted|p2a: Slowking
|-damage|p2a: Slowking|69/100
|
|upkeep
|turn|2
|
|t:|1743859372
|move|p1a: Azumarill|Knock Off|p2a: Slowking
|-supereffective|p2a: Slowking
|-damage|p2a: Slowking|0 fnt
|-enditem|p2a: Slowking|Heavy-Duty Boots|[from] move: Knock Off|[of] p1a: Azumarill
|faint|p2a: Slowking
|
|upkeep
|
|t:|1743859378
|switch|p2a: Dragapult|Dragapult, M|100/100
|turn|3
|
|t:|1743859381
|-terastallize|p2a: Dragapult|Fairy
|move|p2a: Dragapult|Will-O-Wisp|p1a: Azumarill
|-status|p1a: Azumarill|brn
|move|p1a: Azumarill|Knock Off|p2a: Dragapult
|-resisted|p2a: Dragapult
|-damage|p2a: Dragapult|87/100
|-enditem|p2a: Dragapult|Heavy-Duty Boots|[from] move: Knock Off|[of] p1a: Azumarill
|
|-damage|p1a: Azumarill|94/100 brn|[from] brn
|upkeep
|turn|4
|
|t:|1743859392
|move|p2a: Dragapult|U-turn|p1a: Azumarill
|-resisted|p1a: Azumarill
|-damage|p1a: Azumarill|84/100 brn
|
|t:|1743859399
|switch|p2a: Samurott|Samurott-Hisui, M|100/100|[from] U-turn
|move|p1a: Azumarill|Liquidation|p2a: Samurott
|-resisted|p2a: Samurott
|-damage|p2a: Samurott|83/100
|
|-damage|p1a: Azumarill|78/100 brn|[from] brn
|upkeep
|turn|5
|
|t:|1743859417
|move|p2a: Samurott|Ceaseless Edge|p1a: Azumarill
|-resisted|p1a: Azumarill
|-damage|p1a: Azumarill|57/100 brn
|-sidestart|p1: mirav3d|Spikes
|move|p1a: Azumarill|Play Rough|p2a: Samurott
|-supereffective|p2a: Samurott
|-damage|p2a: Samurott|9/100
|
|-damage|p1a: Azumarill|51/100 brn|[from] brn
|upkeep
|turn|6
|
|t:|1743859431
|switch|p2a: Gliscor|Gliscor, F|100/100
|move|p1a: Azumarill|Aqua Jet|p2a: Gliscor
|-supereffective|p2a: Gliscor
|-damage|p2a: Gliscor|81/100
|
|-damage|p1a: Azumarill|45/100 brn|[from] brn
|-status|p2a: Gliscor|tox|[from] item: Toxic Orb
|upkeep
|turn|7
|
|t:|1743859437
|move|p2a: Gliscor|Protect|p2a: Gliscor
|-singleturn|p2a: Gliscor|Protect
|move|p1a: Azumarill|Liquidation|p2a: Gliscor
|-activate|p2a: Gliscor|move: Protect
|
|-heal|p2a: Gliscor|93/100 tox|[from] ability: Poison Heal
|-damage|p1a: Azumarill|39/100 brn|[from] brn
|upkeep
|turn|8
|
|t:|1743859445
|move|p2a: Gliscor|Facade|p1a: Azumarill
|-damage|p1a: Azumarill|7/100 brn
|move|p1a: Azumarill|Liquidation|p2a: Gliscor
|-supereffective|p2a: Gliscor
|-crit|p2a: Gliscor
|-damage|p2a: Gliscor|30/100 tox
|
|-heal|p2a: Gliscor|43/100 tox|[from] ability: Poison Heal
|-damage|p1a: Azumarill|1/100 brn|[from] brn
|upkeep
|turn|9
|
|t:|1743859452
|switch|p1a: Rabsca|Rabsca, F|100/100
|move|p2a: Gliscor|Knock Off|p1a: Rabsca
|-supereffective|p1a: Rabsca
|-crit|p1a: Rabsca
|-damage|p1a: Rabsca|49/100
|-enditem|p1a: Rabsca|Heavy-Duty Boots|[from] move: Knock Off|[of] p2a: Gliscor
|
|-heal|p2a: Gliscor|55/100 tox|[from] ability: Poison Heal
|upkeep
|turn|10
|
|t:|1743859471
|move|p2a: Gliscor|Facade|p1a: Rabsca
|-damage|p1a: Rabsca|25/100
|move|p1a: Rabsca|Trick Room|p1a: Rabsca
|-fieldstart|move: Trick Room|[of] p1a: Rabsca
|
|-heal|p2a: Gliscor|68/100 tox|[from] ability: Poison Heal
|upkeep
|turn|11
|
|t:|1743859477
|move|p1a: Rabsca|Memento|p2a: Gliscor
|-unboost|p2a: Gliscor|atk|2
|-unboost|p2a: Gliscor|spa|2
|faint|p1a: Rabsca
|move|p2a: Gliscor|Swords Dance|p2a: Gliscor
|-boost|p2a: Gliscor|atk|2
|
|-heal|p2a: Gliscor|80/100 tox|[from] ability: Poison Heal
|upkeep
|
|t:|1743859483
|switch|p1a: Slowking|Slowking-Galar, F|100/100
|-damage|p1a: Slowking|88/100|[from] Spikes
|turn|12
|
|t:|1743859490
|switch|p2a: Kingambit|Kingambit, F|100/100
|-activate|p2a: Kingambit|ability: Supreme Overlord
|-start|p2a: Kingambit|fallen1|[silent]
|move|p1a: Slowking|Ice Beam|p2a: Kingambit
|-resisted|p2a: Kingambit
|-damage|p2a: Kingambit|78/100
|-status|p2a: Kingambit|frz
|-damage|p1a: Slowking|78/100|[from] item: Life Orb
|
|-heal|p2a: Kingambit|84/100 frz|[from] item: Leftovers
|upkeep
|turn|13
|
|t:|1743859502
|move|p1a: Slowking|Fire Blast|p2a: Kingambit
|-supereffective|p2a: Kingambit
|-damage|p2a: Kingambit|0 fnt
|faint|p2a: Kingambit
|-end|p2a: Kingambit|fallen1|[silent]
|-damage|p1a: Slowking|68/100|[from] item: Life Orb
|
|upkeep
|
|t:|1743859512
|switch|p2a: Gliscor|Gliscor, F|80/100 tox
|turn|14
|inactive|mirav3d has 120 seconds left.
|
|t:|1743859544
|move|p2a: Gliscor|Protect|p2a: Gliscor
|-singleturn|p2a: Gliscor|Protect
|move|p1a: Slowking|Trick Room|p1a: Slowking
|-fieldend|move: Trick Room
|
|-heal|p2a: Gliscor|93/100 tox|[from] ability: Poison Heal
|upkeep
|turn|15
|
|t:|1743859550
|switch|p2a: Keldeo|Keldeo|100/100
|move|p1a: Slowking|Ice Beam|p2a: Keldeo
|-resisted|p2a: Keldeo
|-damage|p2a: Keldeo|76/100
|-damage|p1a: Slowking|58/100|[from] item: Life Orb
|
|upkeep
|turn|16
|
|t:|1743859558
|move|p2a: Keldeo|Surf|p1a: Slowking
|-damage|p1a: Slowking|18/100
|move|p1a: Slowking|Trick Room|p1a: Slowking
|-fieldstart|move: Trick Room|[of] p1a: Slowking
|
|upkeep
|turn|17
|
|t:|1743859566
|switch|p1a: Azumarill|Azumarill, F|1/100 brn
|-damage|p1a: Azumarill|0 fnt|[from] Spikes
|faint|p1a: Azumarill
|move|p2a: Keldeo|Surf|p1: Azumarill|[notarget]
|-fail|p2a: Keldeo
|
|upkeep
|
|t:|1743859591
|switch|p1a: Ursaluna|Ursaluna, F|100/100
|-damage|p1a: Ursaluna|88/100|[from] Spikes
|turn|18
|
|t:|1743859595
|-terastallize|p1a: Ursaluna|Normal
|move|p1a: Ursaluna|Headlong Rush|p2a: Keldeo
|-damage|p2a: Keldeo|0 fnt
|-unboost|p1a: Ursaluna|def|1
|-unboost|p1a: Ursaluna|spd|1
|faint|p2a: Keldeo
|
|-status|p1a: Ursaluna|brn|[from] item: Flame Orb
|upkeep
|
|t:|1743859606
|switch|p2a: Gliscor|Gliscor, F|93/100 tox
|turn|19
|
|t:|1743859613
|move|p2a: Gliscor|Protect|p2a: Gliscor
|-singleturn|p2a: Gliscor|Protect
|move|p1a: Ursaluna|Swords Dance|p1a: Ursaluna
|-boost|p1a: Ursaluna|atk|2
|
|-heal|p2a: Gliscor|100/100 tox|[from] ability: Poison Heal
|-damage|p1a: Ursaluna|82/100 brn|[from] brn
|upkeep
|turn|20
|
|t:|1743859621
|move|p2a: Gliscor|Protect|p2a: Gliscor
|-singleturn|p2a: Gliscor|Protect
|move|p1a: Ursaluna|Facade|p2a: Gliscor
|-activate|p2a: Gliscor|move: Protect
|
|-damage|p1a: Ursaluna|76/100 brn|[from] brn
|-fieldend|move: Trick Room
|upkeep
|turn|21
|
|t:|1743859627
|switch|p1a: Mimikyu|Mimikyu, F|100/100
|-damage|p1a: Mimikyu|88/100|[from] Spikes
|move|p2a: Gliscor|Facade|p1a: Mimikyu
|-immune|p1a: Mimikyu
|
|upkeep
|turn|22
|
|t:|1743859631
|move|p2a: Gliscor|Knock Off|p1a: Mimikyu
|-activate|p1a: Mimikyu|ability: Disguise
|-damage|p1a: Mimikyu|88/100
|-enditem|p1a: Mimikyu|Mental Herb|[from] move: Knock Off|[of] p2a: Gliscor
|detailschange|p1a: Mimikyu|Mimikyu-Busted, F
|-damage|p1a: Mimikyu|76/100|[from] pokemon: Mimikyu-Busted
|move|p1a: Mimikyu|Trick Room|p1a: Mimikyu
|-fieldstart|move: Trick Room|[of] p1a: Mimikyu
|
|upkeep
|turn|23
|
|t:|1743859636
|move|p2a: Gliscor|Swords Dance|p2a: Gliscor
|-boost|p2a: Gliscor|atk|2
|move|p1a: Mimikyu|Curse|p2a: Gliscor
|-start|p2a: Gliscor|Curse|[of] p1a: Mimikyu
|-damage|p1a: Mimikyu|26/100
|
|-damage|p2a: Gliscor|75/100 tox|[from] Curse
|upkeep
|turn|24
|
|t:|1743859655
|move|p2a: Gliscor|Protect|p2a: Gliscor
|-singleturn|p2a: Gliscor|Protect
|move|p1a: Mimikyu|Destiny Bond|p1a: Mimikyu
|-singlemove|p1a: Mimikyu|Destiny Bond
|
|-heal|p2a: Gliscor|88/100 tox|[from] ability: Poison Heal
|-damage|p2a: Gliscor|63/100 tox|[from] Curse
|upkeep
|turn|25
|
|t:|1743859663
|move|p2a: Gliscor|Knock Off|p1a: Mimikyu
|-damage|p1a: Mimikyu|0 fnt
|faint|p1a: Mimikyu
|-activate|p1a: Mimikyu|move: Destiny Bond
|faint|p2a: Gliscor
|
|upkeep
|
|t:|1743859677
|switch|p2a: Dragapult|Dragapult, M, tera:Fairy|87/100
|switch|p1a: Slowking|Slowking-Galar, F|51/100
|-damage|p1a: Slowking|39/100|[from] Spikes
|turn|26
|
|t:|1743859686
|move|p1a: Slowking|Sludge Wave|p2a: Dragapult
|-supereffective|p2a: Dragapult
|-damage|p2a: Dragapult|0 fnt
|faint|p2a: Dragapult
|-damage|p1a: Slowking|29/100|[from] item: Life Orb
|
|-fieldend|move: Trick Room
|upkeep
|
|t:|1743859693
|switch|p2a: Samurott|Samurott-Hisui, M|9/100
|turn|27
|-message|love is simple forfeited.
|
|win|mirav3d
|raw|mirav3d's rating: 1395 &rarr; <strong>1416</strong><br />(+21 for winning)
|raw|love is simple's rating: 1420 &rarr; <strong>1399</strong><br />(-21 for losing)
|l|☆love is simple
|player|p2|
|l|☆mirav3d
|player|p1|
