|j|☆TheAverage1
|j|☆GOthee
|t:|1743831128
|gametype|singles
|player|p1|TheAverage1|camper|1186
|player|p2|GOthee|265|1172
|teamsize|p1|6
|teamsize|p2|6
|gen|9
|tier|[Gen 9] OU
|rated|
|rule|HP Percentage Mod: HP is shown in percentages
|rule|Endless Battle Clause: Forcing endless battles is banned
|rule|Species Clause: Limit one of each Pokémon
|rule|OHKO Clause: OHKO moves are banned
|rule|Evasion Items Clause: Evasion items are banned
|rule|Evasion Moves Clause: Evasion moves are banned
|rule|Sleep Moves Clause: Sleep-inducing moves are banned
|clearpoke
|poke|p1|Ribombee, F|
|poke|p1|Gholdengo|
|poke|p1|Serperior, F|
|poke|p1|Great Tusk|
|poke|p1|Enamorus, F|
|poke|p1|Glimmora, M|
|poke|p2|Raging Bolt|
|poke|p2|Dragapult, F|
|poke|p2|Kommo-o, M|
|poke|p2|Iron Crown|
|poke|p2|Cryogonal|
|poke|p2|Ditto|
|teampreview
|inactive|Battle timer is ON: inactive players will automatically lose when time's up. (requested by TheAverage1)
|
|t:|1743831154
|start
|switch|p1a: Glimmora|Glimmora, M|100/100
|switch|p2a: Cryogonal|Cryogonal|100/100
|turn|1
|
|t:|1743831176
|move|p2a: Cryogonal|Freeze-Dry|p1a: Glimmora
|-damage|p1a: Glimmora|67/100
|move|p1a: Glimmora|Meteor Beam||[still]
|-prepare|p1a: Glimmora|Meteor Beam
|-boost|p1a: Glimmora|spa|1
|-enditem|p1a: Glimmora|Power Herb
|-anim|p1a: Glimmora|Meteor Beam|p2a: Cryogonal
|-supereffective|p2a: Cryogonal
|-damage|p2a: Cryogonal|0 fnt
|faint|p2a: Cryogonal
|
|upkeep
|inactive|GOthee has 120 seconds left.
|
|t:|1743831225
|switch|p2a: Iron Crown|Iron Crown|100/100
|turn|2
|
|t:|1743831244
|move|p2a: Iron Crown|Psychic Noise|p1a: Glimmora
|-supereffective|p1a: Glimmora
|-damage|p1a: Glimmora|0 fnt
|faint|p1a: Glimmora
|
|upkeep
|
|t:|1743831250
|switch|p1a: Ribombee|Ribombee, F|100/100
|turn|3
|
|t:|1743831254
|move|p1a: Ribombee|Moonblast|p2a: Iron Crown
|-resisted|p2a: Iron Crown
|-damage|p2a: Iron Crown|79/100
|move|p2a: Iron Crown|Psychic Noise|p1a: Ribombee
|-damage|p1a: Ribombee|2/100
|
|upkeep
|turn|4
|
|t:|1743831261
|move|p1a: Ribombee|Sticky Web|p2a: Iron Crown
|-sidestart|p2: GOthee|move: Sticky Web
|move|p2a: Iron Crown|Psychic Noise|p1a: Ribombee
|-damage|p1a: Ribombee|0 fnt
|faint|p1a: Ribombee
|
|upkeep
|
|t:|1743831269
|switch|p1a: Gholdengo|Gholdengo|100/100
|-item|p1a: Gholdengo|Air Balloon
|turn|5
|
|t:|1743831284
|-end|p2a: Iron Crown|Quark Drive|[silent]
|switch|p2a: Raging Bolt|Raging Bolt|100/100
|move|p1a: Gholdengo|Shadow Ball|p2a: Raging Bolt
|-damage|p2a: Raging Bolt|64/100
|
|upkeep
|turn|6
|
|t:|1743831294
|switch|p1a: Great Tusk|Great Tusk|100/100
|-enditem|p1a: Great Tusk|Booster Energy
|-activate|p1a: Great Tusk|ability: Protosynthesis|[fromitem]
|-start|p1a: Great Tusk|protosynthesisspe
|move|p2a: Raging Bolt|Taunt|p1a: Great Tusk
|-start|p1a: Great Tusk|move: Taunt
|
|upkeep
|turn|7
|
|t:|1743831304
|-end|p2a: Raging Bolt|Protosynthesis|[silent]
|switch|p2a: Kommo-o|Kommo-o, M|100/100
|-activate|p2a: Kommo-o|move: Sticky Web
|-unboost|p2a: Kommo-o|spe|1
|move|p1a: Great Tusk|Headlong Rush|p2a: Kommo-o
|-damage|p2a: Kommo-o|65/100
|-unboost|p1a: Great Tusk|def|1
|-unboost|p1a: Great Tusk|spd|1
|-damage|p1a: Great Tusk|84/100|[from] item: Rocky Helmet|[of] p2a: Kommo-o
|
|upkeep
|turn|8
|
|t:|1743831319
|-end|p1a: Great Tusk|Protosynthesis|[silent]
|switch|p1a: Gholdengo|Gholdengo|100/100
|-item|p1a: Gholdengo|Air Balloon
|move|p2a: Kommo-o|Stealth Rock|p1a: Gholdengo
|-sidestart|p1: TheAverage1|move: Stealth Rock
|
|upkeep
|turn|9
|
|t:|1743831336
|move|p1a: Gholdengo|Shadow Ball|p2a: Kommo-o
|-damage|p2a: Kommo-o|26/100
|move|p2a: Kommo-o|Dragon Tail|p1a: Gholdengo
|-resisted|p1a: Gholdengo
|-damage|p1a: Gholdengo|86/100
|-enditem|p1a: Gholdengo|Air Balloon
|drag|p1a: Serperior|Serperior, F|100/100
|-damage|p1a: Serperior|88/100|[from] Stealth Rock
|
|-heal|p1a: Serperior|94/100|[from] item: Leftovers
|upkeep
|turn|10
|
|t:|1743831350
|switch|p2a: Raging Bolt|Raging Bolt|64/100
|move|p1a: Serperior|Leaf Storm|p2a: Raging Bolt
|-resisted|p2a: Raging Bolt
|-damage|p2a: Raging Bolt|46/100
|-boost|p1a: Serperior|spa|2
|
|-heal|p1a: Serperior|100/100|[from] item: Leftovers
|upkeep
|turn|11
|
|t:|1743831359
|-terastallize|p1a: Serperior|Ground
|move|p1a: Serperior|Tera Blast|p2a: Raging Bolt|[anim] Tera Blast Ground
|-supereffective|p2a: Raging Bolt
|-damage|p2a: Raging Bolt|0 fnt
|faint|p2a: Raging Bolt
|-end|p2a: Raging Bolt|Protosynthesis|[silent]
|
|upkeep
|
|t:|1743831370
|switch|p2a: Ditto|Ditto|100/100
|-activate|p2a: Ditto|move: Sticky Web
|-unboost|p2a: Ditto|spe|1
|-transform|p2a: Ditto|p1a: Serperior|[from] ability: Imposter
|-start|p2a: Ditto|typechange|Grass|[silent]
|turn|12
|
|t:|1743831382
|move|p2a: Ditto|Leaf Storm|p1a: Serperior|[miss]
|-miss|p2a: Ditto|p1a: Serperior
|move|p1a: Serperior|Glare|p2a: Ditto
|-status|p2a: Ditto|par
|
|upkeep
|turn|13
|c|☆GOthee|really
|c|☆GOthee|i ahd that kill
|
|t:|1743831393
|switch|p1a: Great Tusk|Great Tusk|84/100
|-damage|p1a: Great Tusk|81/100|[from] Stealth Rock
|move|p2a: Ditto|Leaf Storm|p1a: Great Tusk
|-supereffective|p1a: Great Tusk
|-damage|p1a: Great Tusk|0 fnt
|-boost|p2a: Ditto|spa|2
|faint|p1a: Great Tusk
|-end|p1a: Great Tusk|Protosynthesis|[silent]
|
|upkeep
|
|t:|1743831402
|switch|p1a: Enamorus|Enamorus, F, shiny|100/100
|-damage|p1a: Enamorus|76/100|[from] Stealth Rock
|turn|14
|
|t:|1743831411
|move|p1a: Enamorus|Mystical Fire|p2a: Ditto
|-supereffective|p2a: Ditto
|-damage|p2a: Ditto|41/100 par
|-boost|p2a: Ditto|spa|1
|move|p2a: Ditto|Leaf Storm|p1a: Enamorus
|-resisted|p1a: Enamorus
|-damage|p1a: Enamorus|0 fnt
|-boost|p2a: Ditto|spa|1
|faint|p1a: Enamorus
|
|upkeep
|-message|TheAverage1 forfeited.
|
|win|GOthee
|raw|TheAverage1's rating: 1186 &rarr; <strong>1160</strong><br />(-26 for losing)
|raw|GOthee's rating: 1172 &rarr; <strong>1198</strong><br />(+26 for winning)
|l|☆TheAverage1
|player|p1|
