|j|☆littlewhitedog
|j|☆Rorle
|t:|1743857397
|gametype|singles
|player|p1|littlewhitedog|102|1115
|player|p2|Rorle|266|1140
|teamsize|p1|6
|teamsize|p2|6
|gen|9
|tier|[Gen 9] OU
|rated|
|rule|HP Percentage Mod: HP is shown in percentages
|rule|Endless Battle Clause: Forcing endless battles is banned
|rule|Species Clause: Limit one of each Pokémon
|rule|OHKO Clause: OHKO moves are banned
|rule|Evasion Items Clause: Evasion items are banned
|rule|Evasion Moves Clause: Evasion moves are banned
|rule|Sleep Moves Clause: Sleep-inducing moves are banned
|clearpoke
|poke|p1|Ting-Lu|
|poke|p1|Beartic, M|
|poke|p1|Ogerpon-Cornerstone, F|
|poke|p1|Corviknight, F|
|poke|p1|Slowking-Galar, F|
|poke|p1|Alomomola, F|
|poke|p2|Lokix, M|
|poke|p2|Talonflame, F|
|poke|p2|Cyclizar, F|
|poke|p2|Politoed, M|
|poke|p2|Thundurus-Therian, M|
|poke|p2|Breloom, F|
|teampreview
|
|t:|1743857411
|start
|switch|p1a: Glow Up|Slowking-Galar, F|100/100
|switch|p2a: Politoed|Politoed, M|100/100
|-weather|RainDance|[from] ability: Drizzle|[of] p2a: Politoed
|turn|1
|
|t:|1743857421
|move|p2a: Politoed|Earth Power|p1a: Glow Up
|-supereffective|p1a: Glow Up
|-damage|p1a: Glow Up|70/100
|move|p1a: Glow Up|Toxic Spikes|p2a: Politoed
|-sidestart|p2: Rorle|move: Toxic Spikes
|
|-weather|RainDance|[upkeep]
|upkeep
|turn|2
|
|t:|1743857443
|move|p2a: Politoed|Earth Power|p1a: Glow Up
|-supereffective|p1a: Glow Up
|-damage|p1a: Glow Up|41/100
|move|p1a: Glow Up|Sludge Bomb|p2a: Politoed
|-damage|p2a: Politoed|71/100
|-status|p2a: Politoed|psn
|
|-weather|RainDance|[upkeep]
|-damage|p2a: Politoed|58/100 psn|[from] psn
|upkeep
|turn|3
|
|t:|1743857460
|switch|p2a: Lokix|Lokix, M|100/100
|-status|p2a: Lokix|psn
|switch|p1a: Hello my honey|Alomomola, F, shiny|100/100
|
|-weather|RainDance|[upkeep]
|-damage|p2a: Lokix|88/100 psn|[from] psn
|upkeep
|turn|4
|
|t:|1743857471
|move|p1a: Hello my honey|Protect|p1a: Hello my honey
|-singleturn|p1a: Hello my honey|Protect
|move|p2a: Lokix|U-turn|p1a: Hello my honey
|-activate|p1a: Hello my honey|move: Protect
|
|-weather|RainDance|[upkeep]
|-damage|p2a: Lokix|76/100 psn|[from] psn
|upkeep
|turn|5
|
|t:|1743857478
|switch|p1a: Mecha Sonic|Corviknight, F|100/100
|-ability|p1a: Mecha Sonic|Pressure
|move|p2a: Lokix|U-turn|p1a: Mecha Sonic
|-resisted|p1a: Mecha Sonic
|-damage|p1a: Mecha Sonic|85/100
|-damage|p2a: Lokix|59/100 psn|[from] item: Rocky Helmet|[of] p1a: Mecha Sonic
|
|t:|1743857488
|switch|p2a: Thundurus|Thundurus-Therian, M|100/100|[from] U-turn
|
|-weather|RainDance|[upkeep]
|upkeep
|turn|6
|
|t:|1743857499
|switch|p1a: Pyramid Head|Ting-Lu|100/100
|-ability|p1a: Pyramid Head|Vessel of Ruin
|move|p2a: Thundurus|Thunder|p1a: Pyramid Head
|-immune|p1a: Pyramid Head
|
|-weather|RainDance|[upkeep]
|upkeep
|turn|7
|
|t:|1743857512
|switch|p2a: Lokix|Lokix, M|59/100 psn
|move|p1a: Pyramid Head|Payback|p2a: Lokix
|-resisted|p2a: Lokix
|-damage|p2a: Lokix|46/100 psn
|
|-weather|RainDance|[upkeep]
|-damage|p2a: Lokix|34/100 psn|[from] psn
|upkeep
|turn|8
|
|t:|1743857522
|switch|p1a: Mecha Sonic|Corviknight, F|85/100
|-ability|p1a: Mecha Sonic|Pressure
|move|p2a: Lokix|Leech Life|p1a: Mecha Sonic
|-resisted|p1a: Mecha Sonic
|-damage|p1a: Mecha Sonic|67/100
|-heal|p2a: Lokix|47/100 psn|[from] drain|[of] p1a: Mecha Sonic
|-damage|p2a: Lokix|30/100 psn|[from] item: Rocky Helmet|[of] p1a: Mecha Sonic
|
|-weather|none
|-damage|p2a: Lokix|18/100 psn|[from] psn
|upkeep
|turn|9
|
|t:|1743857552
|move|p2a: Lokix|Leech Life|p1a: Mecha Sonic
|-resisted|p1a: Mecha Sonic
|-damage|p1a: Mecha Sonic|51/100
|-heal|p2a: Lokix|29/100 psn|[from] drain|[of] p1a: Mecha Sonic
|-damage|p2a: Lokix|13/100 psn|[from] item: Rocky Helmet|[of] p1a: Mecha Sonic
|move|p1a: Mecha Sonic|Roost|p1a: Mecha Sonic
|-heal|p1a: Mecha Sonic|100/100
|-singleturn|p1a: Mecha Sonic|move: Roost
|
|-damage|p2a: Lokix|0 fnt|[from] psn
|faint|p2a: Lokix
|upkeep
|
|t:|1743857574
|switch|p2a: Cyclizar|Cyclizar, F|100/100
|-status|p2a: Cyclizar|psn
|turn|10
|
|t:|1743857581
|switch|p1a: Hello my honey|Alomomola, F, shiny|100/100
|move|p2a: Cyclizar|Rapid Spin|p1a: Hello my honey
|-damage|p1a: Hello my honey|91/100
|-boost|p2a: Cyclizar|spe|1
|-sideend|p2: Rorle|Toxic Spikes|[from] move: Rapid Spin|[of] p2a: Cyclizar
|
|-damage|p2a: Cyclizar|88/100 psn|[from] psn
|upkeep
|turn|11
|
|t:|1743857592
|move|p2a: Cyclizar|U-turn|p1a: Hello my honey
|-damage|p1a: Hello my honey|82/100
|
|t:|1743857595
|switch|p2a: Politoed|Politoed, M|58/100 psn|[from] U-turn
|-weather|RainDance|[from] ability: Drizzle|[of] p2a: Politoed
|move|p1a: Hello my honey|Play Rough|p2a: Politoed
|-damage|p2a: Politoed|41/100 psn
|
|-weather|RainDance|[upkeep]
|-damage|p2a: Politoed|28/100 psn|[from] psn
|upkeep
|turn|12
|
|t:|1743857613
|switch|p2a: Talonflame|Talonflame, F|100/100
|move|p1a: Hello my honey|Protect||[still]
|-fail|p1a: Hello my honey
|
|-weather|RainDance|[upkeep]
|upkeep
|turn|13
|
|t:|1743857621
|move|p2a: Talonflame|Hurricane|p1a: Hello my honey
|-crit|p1a: Hello my honey
|-damage|p1a: Hello my honey|0 fnt
|faint|p1a: Hello my honey
|
|-weather|RainDance|[upkeep]
|upkeep
|
|t:|1743857627
|switch|p1a: Glow Up|Slowking-Galar, F|74/100
|turn|14
|
|t:|1743857631
|move|p2a: Talonflame|Hurricane|p1a: Glow Up
|-damage|p1a: Glow Up|23/100
|-prepare|p1a: Glow Up|Chilly Reception|[premajor]
|move|p1a: Glow Up|Chilly Reception|p1a: Glow Up
|-weather|Snowscape
|
|t:|1743857634
|switch|p1a: Ice King|Beartic, M|100/100|[from] Chilly Reception
|
|-weather|Snowscape|[upkeep]
|upkeep
|turn|15
|
|t:|1743857642
|-terastallize|p1a: Ice King|Electric
|move|p2a: Talonflame|Hurricane|p1a: Ice King|[miss]
|-miss|p2a: Talonflame|p1a: Ice King
|move|p1a: Ice King|Tera Blast|p2a: Talonflame|[anim] Tera Blast Electric
|-supereffective|p2a: Talonflame
|-damage|p2a: Talonflame|0 fnt
|faint|p2a: Talonflame
|
|-weather|Snowscape|[upkeep]
|upkeep
|
|t:|1743857661
|switch|p2a: Breloom|Breloom, F|100/100
|turn|16
|
|t:|1743857669
|switch|p1a: Mecha Sonic|Corviknight, F|100/100
|-ability|p1a: Mecha Sonic|Pressure
|move|p2a: Breloom|Bullet Seed|p1a: Mecha Sonic
|-resisted|p1a: Mecha Sonic
|-damage|p1a: Mecha Sonic|97/100
|-resisted|p1a: Mecha Sonic
|-damage|p1a: Mecha Sonic|94/100
|-hitcount|p1a: Mecha Sonic|2
|
|-weather|Snowscape|[upkeep]
|upkeep
|turn|17
|
|t:|1743857693
|switch|p2a: Thundurus|Thundurus-Therian, M|100/100
|move|p1a: Mecha Sonic|Body Press|p2a: Thundurus
|-resisted|p2a: Thundurus
|-damage|p2a: Thundurus|79/100
|
|-weather|Snowscape|[upkeep]
|upkeep
|turn|18
|
|t:|1743857703
|switch|p1a: Pyramid Head|Ting-Lu|100/100
|-ability|p1a: Pyramid Head|Vessel of Ruin
|move|p2a: Thundurus|Focus Blast|p1a: Pyramid Head
|-supereffective|p1a: Pyramid Head
|-damage|p1a: Pyramid Head|62/100
|
|-weather|Snowscape|[upkeep]
|-heal|p1a: Pyramid Head|69/100|[from] item: Leftovers
|upkeep
|turn|19
|
|t:|1743857719
|move|p2a: Thundurus|Focus Blast|p1a: Pyramid Head
|-supereffective|p1a: Pyramid Head
|-damage|p1a: Pyramid Head|28/100
|move|p1a: Pyramid Head|Payback|p2a: Thundurus
|-crit|p2a: Thundurus
|-damage|p2a: Thundurus|0 fnt
|faint|p2a: Thundurus
|
|-weather|Snowscape|[upkeep]
|-heal|p1a: Pyramid Head|34/100|[from] item: Leftovers
|upkeep
|
|t:|1743857733
|switch|p2a: Breloom|Breloom, F|100/100
|turn|20
|
|t:|1743857738
|switch|p1a: Mecha Sonic|Corviknight, F|94/100
|-ability|p1a: Mecha Sonic|Pressure
|move|p2a: Breloom|Close Combat|p1a: Mecha Sonic
|-damage|p1a: Mecha Sonic|53/100
|-unboost|p2a: Breloom|def|1
|-unboost|p2a: Breloom|spd|1
|-damage|p2a: Breloom|84/100|[from] item: Rocky Helmet|[of] p1a: Mecha Sonic
|
|-weather|Snowscape|[upkeep]
|upkeep
|turn|21
|
|t:|1743857754
|move|p2a: Breloom|Rock Tomb|p1a: Mecha Sonic
|-damage|p1a: Mecha Sonic|31/100
|-unboost|p1a: Mecha Sonic|spe|1
|move|p1a: Mecha Sonic|Roost|p1a: Mecha Sonic
|-heal|p1a: Mecha Sonic|81/100
|-singleturn|p1a: Mecha Sonic|move: Roost
|
|-weather|none
|upkeep
|turn|22
|
|t:|1743857763
|move|p2a: Breloom|Close Combat|p1a: Mecha Sonic
|-damage|p1a: Mecha Sonic|38/100
|-unboost|p2a: Breloom|def|1
|-unboost|p2a: Breloom|spd|1
|-damage|p2a: Breloom|68/100|[from] item: Rocky Helmet|[of] p1a: Mecha Sonic
|move|p1a: Mecha Sonic|Roost|p1a: Mecha Sonic
|-heal|p1a: Mecha Sonic|88/100
|-singleturn|p1a: Mecha Sonic|move: Roost
|
|upkeep
|turn|23
|
|t:|1743857774
|-terastallize|p2a: Breloom|Fighting
|move|p2a: Breloom|Close Combat|p1a: Mecha Sonic
|-damage|p1a: Mecha Sonic|35/100
|-unboost|p2a: Breloom|def|1
|-unboost|p2a: Breloom|spd|1
|-damage|p2a: Breloom|51/100|[from] item: Rocky Helmet|[of] p1a: Mecha Sonic
|move|p1a: Mecha Sonic|Body Press|p2a: Breloom
|-damage|p2a: Breloom|0 fnt
|faint|p2a: Breloom
|
|upkeep
|
|t:|1743857784
|switch|p2a: Cyclizar|Cyclizar, F|100/100 psn
|turn|24
|
|t:|1743857798
|move|p2a: Cyclizar|Draco Meteor|p1a: Mecha Sonic
|-resisted|p1a: Mecha Sonic
|-damage|p1a: Mecha Sonic|17/100
|-unboost|p2a: Cyclizar|spa|2
|move|p1a: Mecha Sonic|Roost|p1a: Mecha Sonic
|-heal|p1a: Mecha Sonic|67/100
|-singleturn|p1a: Mecha Sonic|move: Roost
|
|-damage|p2a: Cyclizar|88/100 psn|[from] psn
|upkeep
|turn|25
|
|t:|1743857809
|move|p2a: Cyclizar|Knock Off|p1a: Mecha Sonic
|-damage|p1a: Mecha Sonic|55/100
|-damage|p2a: Cyclizar|71/100 psn|[from] item: Rocky Helmet|[of] p1a: Mecha Sonic
|-enditem|p1a: Mecha Sonic|Rocky Helmet|[from] move: Knock Off|[of] p2a: Cyclizar
|move|p1a: Mecha Sonic|Roost|p1a: Mecha Sonic
|-heal|p1a: Mecha Sonic|100/100
|-singleturn|p1a: Mecha Sonic|move: Roost
|
|-damage|p2a: Cyclizar|59/100 psn|[from] psn
|upkeep
|turn|26
|
|t:|1743857819
|move|p2a: Cyclizar|U-turn|p1a: Mecha Sonic
|-resisted|p1a: Mecha Sonic
|-damage|p1a: Mecha Sonic|98/100
|
|t:|1743857822
|switch|p2a: Politoed|Politoed, M|28/100 psn|[from] U-turn
|-weather|RainDance|[from] ability: Drizzle|[of] p2a: Politoed
|move|p1a: Mecha Sonic|Body Press|p2a: Politoed
|-damage|p2a: Politoed|3/100 psn
|
|-weather|RainDance|[upkeep]
|-damage|p2a: Politoed|0 fnt|[from] psn
|faint|p2a: Politoed
|upkeep
|
|t:|1743857831
|switch|p2a: Cyclizar|Cyclizar, F|92/100 psn
|turn|27
|
|t:|1743857843
|move|p2a: Cyclizar|Rapid Spin|p1a: Mecha Sonic
|-resisted|p1a: Mecha Sonic
|-damage|p1a: Mecha Sonic|94/100
|-boost|p2a: Cyclizar|spe|1
|move|p1a: Mecha Sonic|Body Press|p2a: Cyclizar
|-supereffective|p2a: Cyclizar
|-damage|p2a: Cyclizar|21/100 psn
|
|-weather|RainDance|[upkeep]
|-damage|p2a: Cyclizar|9/100 psn|[from] psn
|upkeep
|turn|28
|
|t:|1743857851
|move|p2a: Cyclizar|Rapid Spin|p1a: Mecha Sonic
|-resisted|p1a: Mecha Sonic
|-damage|p1a: Mecha Sonic|90/100
|-boost|p2a: Cyclizar|spe|1
|move|p1a: Mecha Sonic|Body Press|p2a: Cyclizar
|-supereffective|p2a: Cyclizar
|-damage|p2a: Cyclizar|0 fnt
|faint|p2a: Cyclizar
|
|win|littlewhitedog
|raw|littlewhitedog's rating: 1115 &rarr; <strong>1142</strong><br />(+27 for winning)
|raw|Rorle's rating: 1140 &rarr; <strong>1113</strong><br />(-27 for losing)
|l|☆littlewhitedog
|player|p1|
|c|☆Rorle|gg ty for the fight :)
|l|☆Rorle
|player|p2|
