|j|☆blueflea.n
|j|☆Esctasies
|t:|1743928473
|gametype|singles
|player|p1|blueflea.n|n|1194
|player|p2|Esctasies|101|1198
|teamsize|p1|6
|teamsize|p2|6
|gen|9
|tier|[Gen 9] OU
|rated|
|rule|HP Percentage Mod: HP is shown in percentages
|rule|Endless Battle Clause: Forcing endless battles is banned
|rule|Species Clause: Limit one of each Pokémon
|rule|OHKO Clause: OHKO moves are banned
|rule|Evasion Items Clause: Evasion items are banned
|rule|Evasion Moves Clause: Evasion moves are banned
|rule|Sleep Moves Clause: Sleep-inducing moves are banned
|clearpoke
|poke|p1|Luxray, M|
|poke|p1|Araquanid, M|
|poke|p1|Iron Moth|
|poke|p1|Kingambit, M|
|poke|p1|Dragonite, F|
|poke|p1|Ogerpon-Wellspring, F|
|poke|p2|Thundurus, M|
|poke|p2|Ribombee, M|
|poke|p2|Rillaboom, F|
|poke|p2|Great Tusk|
|poke|p2|Samurott-Hisui, M|
|poke|p2|Slowking-Galar, M|
|teampreview
|inactive|Battle timer is ON: inactive players will automatically lose when time's up. (requested by blueflea.n)
|
|t:|1743928488
|start
|switch|p1a: Araquanid|Araquanid, M|100/100
|switch|p2a: Ribombee|Ribombee, M|100/100
|turn|1
|
|t:|1743928495
|move|p2a: Ribombee|Moonblast|p1a: Araquanid
|-damage|p1a: Araquanid|72/100
|move|p1a: Araquanid|Sticky Web|p2a: Ribombee
|-sidestart|p2: Esctasies|move: Sticky Web
|
|upkeep
|turn|2
|
|t:|1743928520
|move|p2a: Ribombee|Sticky Web|p1a: Araquanid
|-sidestart|p1: blueflea.n|move: Sticky Web
|move|p1a: Araquanid|Liquidation|p2a: Ribombee
|-damage|p2a: Ribombee|14/100
|
|upkeep
|turn|3
|
|t:|1743928532
|move|p2a: Ribombee|Tailwind|p2a: Ribombee
|-sidestart|p2: Esctasies|move: Tailwind
|move|p1a: Araquanid|Leech Life|p2a: Ribombee
|-resisted|p2a: Ribombee
|-crit|p2a: Ribombee
|-damage|p2a: Ribombee|0 fnt
|-heal|p1a: Araquanid|77/100|[from] drain|[of] p2a: Ribombee
|faint|p2a: Ribombee
|
|upkeep
|inactive|Esctasies has 120 seconds left.
|inactive|Esctasies has 90 seconds left.
|
|t:|1743928579
|switch|p2a: Rillaboom|Rillaboom, F|100/100
|-activate|p2a: Rillaboom|move: Sticky Web
|-unboost|p2a: Rillaboom|spe|1
|-fieldstart|move: Grassy Terrain|[from] ability: Grassy Surge|[of] p2a: Rillaboom
|turn|4
|inactive|Esctasies has 90 seconds left.
|
|t:|1743928601
|switch|p1a: Dragonite|Dragonite, F|100/100
|move|p2a: Rillaboom|Grassy Glide|p1a: Dragonite
|-resisted|p1a: Dragonite
|-damage|p1a: Dragonite|92/100
|
|upkeep
|turn|5
|
|t:|1743928613
|switch|p2a: Great Tusk|Great Tusk|100/100
|move|p1a: Dragonite|Ice Spinner|p2a: Great Tusk
|-supereffective|p2a: Great Tusk
|-damage|p2a: Great Tusk|56/100
|-fieldend|move: Grassy Terrain
|
|upkeep
|turn|6
|
|t:|1743928622
|move|p2a: Great Tusk|Rapid Spin|p1a: Dragonite
|-damage|p1a: Dragonite|72/100
|-boost|p2a: Great Tusk|spe|1
|-sideend|p2: Esctasies|Sticky Web|[from] move: Rapid Spin|[of] p2a: Great Tusk
|move|p1a: Dragonite|Dragon Dance|p1a: Dragonite
|-boost|p1a: Dragonite|atk|1
|-boost|p1a: Dragonite|spe|1
|
|-sideend|p2: Esctasies|move: Tailwind
|upkeep
|turn|7
|inactive|Esctasies has 90 seconds left.
|
|t:|1743928636
|-terastallize|p1a: Dragonite|Normal
|move|p2a: Great Tusk|Knock Off|p1a: Dragonite
|-damage|p1a: Dragonite|33/100
|-enditem|p1a: Dragonite|Heavy-Duty Boots|[from] move: Knock Off|[of] p2a: Great Tusk
|move|p1a: Dragonite|Ice Spinner|p2a: Great Tusk
|-supereffective|p2a: Great Tusk
|-damage|p2a: Great Tusk|0 fnt
|faint|p2a: Great Tusk
|-end|p2a: Great Tusk|Protosynthesis|[silent]
|
|upkeep
|inactive|Esctasies has 90 seconds left.
|
|t:|1743928646
|switch|p2a: Rillaboom|Rillaboom, F|100/100
|-fieldstart|move: Grassy Terrain|[from] ability: Grassy Surge|[of] p2a: Rillaboom
|turn|8
|inactive|Esctasies has 90 seconds left.
|
|t:|1743928657
|move|p1a: Dragonite|Extreme Speed|p2a: Rillaboom
|-damage|p2a: Rillaboom|30/100
|move|p2a: Rillaboom|Grassy Glide|p1a: Dragonite
|-damage|p1a: Dragonite|0 fnt
|faint|p1a: Dragonite
|
|-heal|p2a: Rillaboom|37/100|[from] Grassy Terrain
|upkeep
|
|t:|1743928668
|switch|p1a: Iron Moth|Iron Moth|100/100
|-activate|p1a: Iron Moth|move: Sticky Web
|-unboost|p1a: Iron Moth|spe|1
|-enditem|p1a: Iron Moth|Booster Energy
|-activate|p1a: Iron Moth|ability: Quark Drive|[fromitem]
|-start|p1a: Iron Moth|quarkdrivespa
|turn|9
|
|t:|1743928674
|switch|p2a: Slowking|Slowking-Galar, M|100/100
|move|p1a: Iron Moth|Sludge Wave|p2a: Slowking
|-resisted|p2a: Slowking
|-damage|p2a: Slowking|79/100
|
|-heal|p2a: Slowking|85/100|[from] Grassy Terrain
|-heal|p2a: Slowking|91/100|[from] item: Leftovers
|upkeep
|turn|10
|
|t:|1743928689
|switch|p2a: Samurott|Samurott-Hisui, M|100/100
|move|p1a: Iron Moth|Fiery Dance|p2a: Samurott
|-resisted|p2a: Samurott
|-damage|p2a: Samurott|60/100
|-boost|p1a: Iron Moth|spa|1
|
|-heal|p2a: Samurott|67/100|[from] Grassy Terrain
|upkeep
|turn|11
|inactive|blueflea.n has 120 seconds left.
|
|t:|1743928728
|move|p2a: Samurott|Ceaseless Edge|p1a: Iron Moth
|-damage|p1a: Iron Moth|34/100
|-sidestart|p1: blueflea.n|Spikes
|move|p1a: Iron Moth|Dazzling Gleam|p2a: Samurott
|-supereffective|p2a: Samurott
|-damage|p2a: Samurott|0 fnt
|faint|p2a: Samurott
|
|-heal|p1a: Iron Moth|40/100|[from] Grassy Terrain
|upkeep
|inactive|Esctasies has 90 seconds left.
|
|t:|1743928746
|switch|p2a: Slowking|Slowking-Galar, M|100/100
|turn|12
|inactive|blueflea.n has 120 seconds left.
|
|t:|1743928759
|move|p1a: Iron Moth|Fiery Dance|p2a: Slowking
|-damage|p2a: Slowking|50/100
|move|p2a: Slowking|Psychic|p1a: Iron Moth
|-supereffective|p1a: Iron Moth
|-damage|p1a: Iron Moth|0 fnt
|faint|p1a: Iron Moth
|-end|p1a: Iron Moth|Quark Drive|[silent]
|
|-heal|p2a: Slowking|56/100|[from] Grassy Terrain
|-heal|p2a: Slowking|62/100|[from] item: Leftovers
|-fieldend|move: Grassy Terrain
|upkeep
|
|t:|1743928763
|switch|p1a: Luxray|Luxray, M|100/100
|-activate|p1a: Luxray|move: Sticky Web
|-unboost|p1a: Luxray|spe|1
|-damage|p1a: Luxray|88/100|[from] Spikes
|turn|13
|
|t:|1743928776
|move|p1a: Luxray|Supercell Slam|p2a: Slowking
|-damage|p2a: Slowking|16/100
|move|p2a: Slowking|Sludge Wave|p1a: Luxray
|-damage|p1a: Luxray|37/100
|
|-heal|p2a: Slowking|22/100|[from] item: Leftovers
|-status|p1a: Luxray|brn|[from] item: Flame Orb
|upkeep
|turn|14
|inactive|blueflea.n has 120 seconds left.
|
|t:|1743928813
|move|p1a: Luxray|Facade|p2a: Slowking
|-damage|p2a: Slowking|0 fnt
|faint|p2a: Slowking
|
|-damage|p1a: Luxray|31/100 brn|[from] brn
|upkeep
|
|t:|1743928817
|switch|p2a: Rillaboom|Rillaboom, F|37/100
|-fieldstart|move: Grassy Terrain|[from] ability: Grassy Surge|[of] p2a: Rillaboom
|turn|15
|inactive|blueflea.n has 120 seconds left.
|
|t:|1743928831
|move|p2a: Rillaboom|Wood Hammer|p1a: Luxray
|-damage|p1a: Luxray|0 fnt
|faint|p1a: Luxray
|-damage|p2a: Rillaboom|29/100|[from] Recoil
|
|-heal|p2a: Rillaboom|35/100|[from] Grassy Terrain
|upkeep
|
|t:|1743928835
|switch|p1a: Kingambit|Kingambit, M|100/100
|-activate|p1a: Kingambit|move: Sticky Web
|-unboost|p1a: Kingambit|spe|1
|-damage|p1a: Kingambit|88/100|[from] Spikes
|-activate|p1a: Kingambit|ability: Supreme Overlord
|-start|p1a: Kingambit|fallen3|[silent]
|turn|16
|
|t:|1743928839
|move|p2a: Rillaboom|Wood Hammer|p1a: Kingambit
|-resisted|p1a: Kingambit
|-damage|p1a: Kingambit|36/100
|-damage|p2a: Rillaboom|21/100|[from] Recoil
|move|p1a: Kingambit|Swords Dance|p1a: Kingambit
|-boost|p1a: Kingambit|atk|2
|
|-heal|p2a: Rillaboom|27/100|[from] Grassy Terrain
|-heal|p1a: Kingambit|42/100|[from] Grassy Terrain
|upkeep
|turn|17
|inactive|blueflea.n has 120 seconds left.
|
|t:|1743928873
|move|p1a: Kingambit|Sucker Punch|p2a: Rillaboom
|-damage|p2a: Rillaboom|0 fnt
|faint|p2a: Rillaboom
|
|-heal|p1a: Kingambit|48/100|[from] Grassy Terrain
|upkeep
|
|t:|1743928878
|switch|p2a: Thundurus|Thundurus, M|100/100
|turn|18
|inactive|blueflea.n has 120 seconds left.
|
|t:|1743928896
|move|p2a: Thundurus|Thunderbolt|p1a: Kingambit
|-damage|p1a: Kingambit|0 fnt
|faint|p1a: Kingambit
|-end|p1a: Kingambit|fallen3|[silent]
|
|upkeep
|
|t:|1743928899
|switch|p1a: Ogerpon|Ogerpon-Wellspring, F|100/100
|-activate|p1a: Ogerpon|move: Sticky Web
|-unboost|p1a: Ogerpon|spe|1
|-damage|p1a: Ogerpon|88/100|[from] Spikes
|turn|19
|
|t:|1743928911
|move|p2a: Thundurus|Nasty Plot|p2a: Thundurus
|-boost|p2a: Thundurus|spa|2
|move|p1a: Ogerpon|Ivy Cudgel|p2a: Thundurus|[anim] Ivy Cudgel Water
|-damage|p2a: Thundurus|15/100
|
|-heal|p1a: Ogerpon|94/100|[from] Grassy Terrain
|-fieldend|move: Grassy Terrain
|upkeep
|turn|20
|inactive|blueflea.n has 120 seconds left.
|
|t:|1743928931
|move|p2a: Thundurus|Thunderbolt|p1a: Ogerpon
|-damage|p1a: Ogerpon|0 fnt
|faint|p1a: Ogerpon
|
|upkeep
|
|t:|1743928934
|switch|p1a: Araquanid|Araquanid, M|77/100
|-activate|p1a: Araquanid|move: Sticky Web
|-unboost|p1a: Araquanid|spe|1
|-damage|p1a: Araquanid|65/100|[from] Spikes
|turn|21
|
|t:|1743928948
|move|p2a: Thundurus|Thunderbolt|p1a: Araquanid
|-supereffective|p1a: Araquanid
|-damage|p1a: Araquanid|0 fnt
|faint|p1a: Araquanid
|
|win|Esctasies
|raw|blueflea.n's rating: 1194 &rarr; <strong>1169</strong><br />(-25 for losing)
|raw|Esctasies's rating: 1198 &rarr; <strong>1223</strong><br />(+25 for winning)
|l|☆blueflea.n
|player|p1|
|c|☆Esctasies|Gg
|l|☆Esctasies
|player|p2|
