|j|☆GintamaXXOO
|j|☆YIN SUN SHIN
|t:|1743867076
|gametype|singles
|player|p1|GintamaXXOO|265|1504
|player|p2|YIN SUN SHIN|harlequin|1459
|teamsize|p1|6
|teamsize|p2|6
|gen|9
|tier|[Gen 9] OU
|rated|
|rule|HP Percentage Mod: HP is shown in percentages
|rule|Endless Battle Clause: Forcing endless battles is banned
|rule|Species Clause: Limit one of each Pokémon
|rule|OHKO Clause: OHKO moves are banned
|rule|Evasion Items Clause: Evasion items are banned
|rule|Evasion Moves Clause: Evasion moves are banned
|rule|Sleep Moves Clause: Sleep-inducing moves are banned
|clearpoke
|poke|p1|Clefable, F|
|poke|p1|Heatran, M|
|poke|p1|Rillaboom, M|
|poke|p1|Ogerpon-Wellspring, F|
|poke|p1|Zapdos|
|poke|p1|Great Tusk|
|poke|p2|Blastoise, M|
|poke|p2|Magnezone|
|poke|p2|Landorus-Therian, M|
|poke|p2|Clefable, F|
|poke|p2|Zarude-Dada|
|poke|p2|Tatsugiri-Stretchy, M|
|teampreview
|inactive|Battle timer is ON: inactive players will automatically lose when time's up. (requested by GintamaXXOO)
|
|t:|1743867090
|start
|switch|p1a: GAMER|Rillaboom, M|100/100
|switch|p2a: Landorus|Landorus-Therian, M|100/100
|-ability|p2a: Landorus|Intimidate|boost
|-unboost|p1a: GAMER|atk|1
|-fieldstart|move: Grassy Terrain|[from] ability: Grassy Surge|[of] p1a: GAMER
|turn|1
|
|t:|1743867098
|move|p2a: Landorus|Stealth Rock|p1a: GAMER
|-sidestart|p1: GintamaXXOO|move: Stealth Rock
|move|p1a: GAMER|Knock Off|p2a: Landorus
|-crit|p2a: Landorus
|-damage|p2a: Landorus|4/100
|-damage|p1a: GAMER|84/100|[from] item: Rocky Helmet|[of] p2a: Landorus
|-enditem|p2a: Landorus|Rocky Helmet|[from] move: Knock Off|[of] p1a: GAMER
|
|-heal|p1a: GAMER|90/100|[from] Grassy Terrain
|upkeep
|turn|2
|
|t:|1743867114
|switch|p1a: MOO|Great Tusk|100/100
|-damage|p1a: MOO|97/100|[from] Stealth Rock
|move|p2a: Landorus|U-turn|p1a: MOO
|-resisted|p1a: MOO
|-damage|p1a: MOO|90/100
|-damage|p2a: Landorus|0 fnt|[from] item: Rocky Helmet|[of] p1a: MOO
|faint|p2a: Landorus
|
|-heal|p1a: MOO|96/100|[from] Grassy Terrain
|upkeep
|
|t:|1743867120
|switch|p2a: Tatsugiri|Tatsugiri-Stretchy, M|100/100
|turn|3
|
|t:|1743867148
|move|p2a: Tatsugiri|Surf|p1a: MOO
|-supereffective|p1a: MOO
|-damage|p1a: MOO|0 fnt
|faint|p1a: MOO
|-end|p1a: MOO|Protosynthesis|[silent]
|
|upkeep
|
|t:|1743867150
|switch|p1a: COMEDY|Ogerpon-Wellspring, F|100/100
|-damage|p1a: COMEDY|88/100|[from] Stealth Rock
|turn|4
|
|t:|1743867159
|switch|p2a: Magnezone|Magnezone|100/100
|move|p1a: COMEDY|Swords Dance|p1a: COMEDY
|-boost|p1a: COMEDY|atk|2
|
|-heal|p1a: COMEDY|94/100|[from] Grassy Terrain
|upkeep
|turn|5
|
|t:|1743867171
|-terastallize|p2a: Magnezone|Water
|move|p1a: COMEDY|Ivy Cudgel|p2a: Magnezone|[anim] Ivy Cudgel Water
|-resisted|p2a: Magnezone
|-damage|p2a: Magnezone|46/100
|move|p2a: Magnezone|Thunderbolt|p1a: COMEDY
|-damage|p1a: COMEDY|0 fnt
|faint|p1a: COMEDY
|
|-heal|p2a: Magnezone|52/100|[from] Grassy Terrain
|-fieldend|move: Grassy Terrain
|upkeep
|
|t:|1743867180
|switch|p1a: GAMER|Rillaboom, M|90/100
|-damage|p1a: GAMER|78/100|[from] Stealth Rock
|-fieldstart|move: Grassy Terrain|[from] ability: Grassy Surge|[of] p1a: GAMER
|turn|6
|
|t:|1743867183
|switch|p2a: Zarude|Zarude-Dada|100/100
|move|p1a: GAMER|Grassy Glide|p2a: Zarude
|-resisted|p2a: Zarude
|-damage|p2a: Zarude|73/100
|
|-heal|p2a: Zarude|79/100|[from] Grassy Terrain
|-heal|p1a: GAMER|84/100|[from] Grassy Terrain
|upkeep
|turn|7
|
|t:|1743867189
|switch|p1a: BICYCLE|Zapdos, shiny|100/100
|move|p2a: Zarude|Swords Dance|p2a: Zarude
|-boost|p2a: Zarude|atk|2
|
|-heal|p2a: Zarude|85/100|[from] Grassy Terrain
|upkeep
|turn|8
|
|t:|1743867192
|move|p2a: Zarude|Knock Off|p1a: BICYCLE
|-damage|p1a: BICYCLE|0 fnt
|-status|p2a: Zarude|par|[from] ability: Static|[of] p1a: BICYCLE
|-enditem|p1a: BICYCLE|Heavy-Duty Boots|[from] move: Knock Off|[of] p2a: Zarude
|faint|p1a: BICYCLE
|-damage|p2a: Zarude|75/100 par|[from] item: Life Orb
|
|-heal|p2a: Zarude|81/100 par|[from] Grassy Terrain
|upkeep
|
|t:|1743867195
|switch|p1a: GAMER|Rillaboom, M|84/100
|-damage|p1a: GAMER|71/100|[from] Stealth Rock
|turn|9
|
|t:|1743867200
|switch|p2a: Magnezone|Magnezone, tera:Water|52/100
|move|p1a: GAMER|U-turn|p2a: Magnezone
|-damage|p2a: Magnezone|18/100
|
|t:|1743867210
|switch|p1a: CRAB|Heatran, M, shiny|100/100|[from] U-turn
|-damage|p1a: CRAB|88/100|[from] Stealth Rock
|
|-heal|p1a: CRAB|94/100|[from] Grassy Terrain
|-heal|p1a: CRAB|100/100|[from] item: Leftovers
|-heal|p2a: Magnezone|24/100|[from] Grassy Terrain
|upkeep
|turn|10
|
|t:|1743867214
|move|p1a: CRAB|Protect|p1a: CRAB
|-singleturn|p1a: CRAB|Protect
|move|p2a: Magnezone|Steel Beam|p1a: CRAB
|-activate|p1a: CRAB|move: Protect
|-damage|p2a: Magnezone|0 fnt|[from] steelbeam
|faint|p2a: Magnezone
|
|-fieldend|move: Grassy Terrain
|upkeep
|
|t:|1743867223
|switch|p2a: Blastoise|Blastoise, M|100/100
|turn|11
|
|t:|1743867229
|move|p2a: Blastoise|Shell Smash|p2a: Blastoise
|-unboost|p2a: Blastoise|def|1
|-unboost|p2a: Blastoise|spd|1
|-boost|p2a: Blastoise|atk|2
|-boost|p2a: Blastoise|spa|2
|-boost|p2a: Blastoise|spe|2
|-enditem|p2a: Blastoise|White Herb
|-clearnegativeboost|p2a: Blastoise|[silent]
|move|p1a: CRAB|Magma Storm|p2a: Blastoise
|-resisted|p2a: Blastoise
|-damage|p2a: Blastoise|79/100
|-activate|p2a: Blastoise|move: Magma Storm|[of] p1a: CRAB
|
|-damage|p2a: Blastoise|67/100|[from] move: Magma Storm|[partiallytrapped]
|upkeep
|turn|12
|
|t:|1743867239
|move|p1a: CRAB|Protect|p1a: CRAB
|-singleturn|p1a: CRAB|Protect
|move|p2a: Blastoise|Liquidation|p1a: CRAB
|-activate|p1a: CRAB|move: Protect
|
|-damage|p2a: Blastoise|55/100|[from] move: Magma Storm|[partiallytrapped]
|upkeep
|turn|13
|
|t:|1743867244
|move|p2a: Blastoise|Ice Spinner|p1a: CRAB
|-resisted|p1a: CRAB
|-damage|p1a: CRAB|91/100
|move|p1a: CRAB|Earth Power|p2a: Blastoise
|-damage|p2a: Blastoise|29/100
|
|-heal|p1a: CRAB|98/100|[from] item: Leftovers
|-damage|p2a: Blastoise|17/100|[from] move: Magma Storm|[partiallytrapped]
|upkeep
|turn|14
|
|t:|1743867252
|move|p1a: CRAB|Protect|p1a: CRAB
|-singleturn|p1a: CRAB|Protect
|move|p2a: Blastoise|Liquidation|p1a: CRAB
|-activate|p1a: CRAB|move: Protect
|
|-heal|p1a: CRAB|100/100|[from] item: Leftovers
|-damage|p2a: Blastoise|5/100|[from] move: Magma Storm|[partiallytrapped]
|upkeep
|turn|15
|
|t:|1743867263
|switch|p1a: BEST GIRL|Clefable, F|100/100
|move|p2a: Blastoise|Liquidation|p1a: BEST GIRL
|-damage|p1a: BEST GIRL|23/100
|-unboost|p1a: BEST GIRL|def|1
|
|-heal|p1a: BEST GIRL|29/100|[from] item: Leftovers
|-end|p2a: Blastoise|Magma Storm|[partiallytrapped]|[silent]
|upkeep
|turn|16
|
|t:|1743867270
|move|p2a: Blastoise|Liquidation|p1a: BEST GIRL
|-damage|p1a: BEST GIRL|0 fnt
|faint|p1a: BEST GIRL
|
|upkeep
|
|t:|1743867272
|switch|p1a: GAMER|Rillaboom, M|71/100
|-damage|p1a: GAMER|59/100|[from] Stealth Rock
|-fieldstart|move: Grassy Terrain|[from] ability: Grassy Surge|[of] p1a: GAMER
|turn|17
|
|t:|1743867276
|-terastallize|p1a: GAMER|Grass
|move|p1a: GAMER|Grassy Glide|p2a: Blastoise
|-supereffective|p2a: Blastoise
|-damage|p2a: Blastoise|0 fnt
|faint|p2a: Blastoise
|
|-heal|p1a: GAMER|65/100|[from] Grassy Terrain
|upkeep
|
|t:|1743867284
|switch|p2a: Zarude|Zarude-Dada|81/100 par
|turn|18
|
|t:|1743867289
|switch|p1a: CRAB|Heatran, M, shiny|100/100
|-damage|p1a: CRAB|88/100|[from] Stealth Rock
|move|p2a: Zarude|Close Combat|p1a: CRAB
|-supereffective|p1a: CRAB
|-damage|p1a: CRAB|8/100
|-unboost|p2a: Zarude|def|1
|-unboost|p2a: Zarude|spd|1
|-damage|p2a: Zarude|71/100 par|[from] item: Life Orb
|
|-heal|p1a: CRAB|14/100|[from] Grassy Terrain
|-heal|p1a: CRAB|20/100|[from] item: Leftovers
|-heal|p2a: Zarude|77/100 par|[from] Grassy Terrain
|upkeep
|turn|19
|
|t:|1743867297
|switch|p2a: Tatsugiri|Tatsugiri-Stretchy, M|100/100
|move|p1a: CRAB|Magma Storm|p2a: Tatsugiri|[miss]
|-miss|p1a: CRAB|p2a: Tatsugiri
|
|-heal|p1a: CRAB|26/100|[from] Grassy Terrain
|-heal|p1a: CRAB|33/100|[from] item: Leftovers
|upkeep
|turn|20
|
|t:|1743867303
|move|p2a: Tatsugiri|Surf|p1a: CRAB
|-supereffective|p1a: CRAB
|-damage|p1a: CRAB|0 fnt
|faint|p1a: CRAB
|
|upkeep
|
|t:|1743867305
|switch|p1a: GAMER|Rillaboom, M, tera:Grass|65/100
|-damage|p1a: GAMER|52/100|[from] Stealth Rock
|turn|21
|-message|GintamaXXOO forfeited.
|
|win|YIN SUN SHIN
|raw|GintamaXXOO's rating: 1504 &rarr; <strong>1481</strong><br />(-23 for losing)
|raw|YIN SUN SHIN's rating: 1459 &rarr; <strong>1482</strong><br />(+23 for winning)
|l|☆GintamaXXOO
|player|p1|
|l|☆YIN SUN SHIN
|player|p2|
