|j|☆Excadrillings
|j|☆ThylaFishie
|t:|1743866897
|gametype|singles
|player|p1|Excadrillings|burglar|1503
|player|p2|ThylaFishie|fisherman-gen4|1466
|teamsize|p1|6
|teamsize|p2|6
|gen|9
|tier|[Gen 9] OU
|rated|
|rule|HP Percentage Mod: HP is shown in percentages
|rule|Endless Battle Clause: Forcing endless battles is banned
|rule|Species Clause: Limit one of each Pokémon
|rule|OHKO Clause: OHKO moves are banned
|rule|Evasion Items Clause: Evasion items are banned
|rule|Evasion Moves Clause: Evasion moves are banned
|rule|Sleep Moves Clause: Sleep-inducing moves are banned
|clearpoke
|poke|p1|Ting-Lu|
|poke|p1|Pecharunt|
|poke|p1|Iron Valiant|
|poke|p1|Garganacl, M|
|poke|p1|Lokix, M|
|poke|p1|Hydrapple, F|
|poke|p2|Tsareena, F|
|poke|p2|Landorus-Therian, M|
|poke|p2|Gastrodon-East, F|
|poke|p2|Great Tusk|
|poke|p2|Tinkaton, F|
|poke|p2|Darkrai|
|teampreview
|inactive|Battle timer is ON: inactive players will automatically lose when time's up. (requested by ThylaFishie)
|
|t:|1743866904
|start
|switch|p1a: ACRONYM|Lokix, M|100/100
|switch|p2a: Landorus|Landorus-Therian, M|100/100
|-ability|p2a: Landorus|Intimidate|boost
|-unboost|p1a: ACRONYM|atk|1
|turn|1
|
|t:|1743866911
|switch|p1a: LigmaChain|Pecharunt|100/100
|move|p2a: Landorus|Stealth Rock|p1a: LigmaChain
|-sidestart|p1: Excadrillings|move: Stealth Rock
|
|upkeep
|turn|2
|
|t:|1743866915
|move|p2a: Landorus|U-turn|p1a: LigmaChain
|-resisted|p1a: LigmaChain
|-damage|p1a: LigmaChain|98/100
|
|t:|1743866917
|switch|p2a: Tinkaton|Tinkaton, F|100/100|[from] U-turn
|-ability|p2a: Tinkaton|Mold Breaker
|move|p1a: LigmaChain|Parting Shot|p2a: Tinkaton
|-unboost|p2a: Tinkaton|atk|1
|-unboost|p2a: Tinkaton|spa|1
|
|t:|1743866924
|switch|p1a: Atlas|Ting-Lu|100/100|[from] Parting Shot
|-damage|p1a: Atlas|94/100|[from] Stealth Rock
|-ability|p1a: Atlas|Vessel of Ruin
|
|-heal|p1a: Atlas|100/100|[from] item: Leftovers
|upkeep
|turn|3
|
|t:|1743866934
|switch|p2a: Great Tusk|Great Tusk|100/100
|move|p1a: Atlas|Spikes|p2a: Great Tusk
|-sidestart|p2: ThylaFishie|Spikes
|
|upkeep
|turn|4
|
|t:|1743866943
|move|p2a: Great Tusk|Knock Off|p1a: Atlas
|-resisted|p1a: Atlas
|-damage|p1a: Atlas|91/100
|-enditem|p1a: Atlas|Leftovers|[from] move: Knock Off|[of] p2a: Great Tusk
|move|p1a: Atlas|Ruination|p2a: Great Tusk
|-damage|p2a: Great Tusk|50/100
|
|upkeep
|turn|5
|
|t:|1743866948
|switch|p1a: LigmaChain|Pecharunt|98/100
|move|p2a: Great Tusk|Rapid Spin|p1a: LigmaChain
|-immune|p1a: LigmaChain
|
|upkeep
|turn|6
|
|t:|1743866962
|-end|p2a: Great Tusk|Protosynthesis|[silent]
|switch|p2a: Tinkaton|Tinkaton, F|100/100
|-damage|p2a: Tinkaton|88/100|[from] Spikes
|-ability|p2a: Tinkaton|Mold Breaker
|move|p1a: LigmaChain|Malignant Chain|p2a: Tinkaton
|-immune|p2a: Tinkaton
|
|-heal|p2a: Tinkaton|94/100|[from] item: Leftovers
|upkeep
|turn|7
|
|t:|1743866973
|move|p2a: Tinkaton|Gigaton Hammer|p1a: LigmaChain
|-damage|p1a: LigmaChain|65/100
|move|p1a: LigmaChain|Parting Shot|p2a: Tinkaton
|-unboost|p2a: Tinkaton|atk|1
|-unboost|p2a: Tinkaton|spa|1
|
|t:|1743866977
|switch|p1a: Atlas|Ting-Lu|91/100|[from] Parting Shot
|-damage|p1a: Atlas|85/100|[from] Stealth Rock
|-ability|p1a: Atlas|Vessel of Ruin
|
|-heal|p2a: Tinkaton|100/100|[from] item: Leftovers
|upkeep
|turn|8
|inactive|ThylaFishie has 120 seconds left.
|
|t:|1743867013
|move|p2a: Tinkaton|Ice Hammer|p1a: Atlas
|-supereffective|p1a: Atlas
|-damage|p1a: Atlas|67/100
|-unboost|p2a: Tinkaton|spe|1
|move|p1a: Atlas|Spikes|p2a: Tinkaton
|-sidestart|p2: ThylaFishie|Spikes
|
|upkeep
|turn|9
|inactive|ThylaFishie has 120 seconds left.
|
|t:|1743867019
|switch|p1a: LigmaChain|Pecharunt|65/100
|move|p2a: Tinkaton|Encore||[still]
|-fail|p2a: Tinkaton
|
|upkeep
|turn|10
|
|t:|1743867025
|move|p1a: LigmaChain|Recover|p1a: LigmaChain
|-heal|p1a: LigmaChain|100/100
|move|p2a: Tinkaton|Knock Off|p1a: LigmaChain
|-supereffective|p1a: LigmaChain
|-damage|p1a: LigmaChain|82/100
|-enditem|p1a: LigmaChain|Heavy-Duty Boots|[from] move: Knock Off|[of] p2a: Tinkaton
|
|upkeep
|turn|11
|
|t:|1743867029
|move|p1a: LigmaChain|Parting Shot|p2a: Tinkaton
|-unboost|p2a: Tinkaton|atk|1
|-unboost|p2a: Tinkaton|spa|1
|
|t:|1743867032
|switch|p1a: ACRONYM|Lokix, M|100/100|[from] Parting Shot
|move|p2a: Tinkaton|Knock Off|p1a: ACRONYM
|-resisted|p1a: ACRONYM
|-damage|p1a: ACRONYM|92/100
|-enditem|p1a: ACRONYM|Heavy-Duty Boots|[from] move: Knock Off|[of] p2a: Tinkaton
|
|upkeep
|turn|12
|
|t:|1743867042
|switch|p2a: Landorus|Landorus-Therian, M|100/100
|-ability|p2a: Landorus|Intimidate|boost
|-unboost|p1a: ACRONYM|atk|1
|move|p1a: ACRONYM|Knock Off|p2a: Landorus
|-damage|p2a: Landorus|71/100
|-damage|p1a: ACRONYM|75/100|[from] item: Rocky Helmet|[of] p2a: Landorus
|-enditem|p2a: Landorus|Rocky Helmet|[from] move: Knock Off|[of] p1a: ACRONYM
|
|upkeep
|turn|13
|
|t:|1743867053
|switch|p1a: Notch|Hydrapple, F, shiny|100/100
|move|p2a: Landorus|U-turn|p1a: Notch
|-supereffective|p1a: Notch
|-damage|p1a: Notch|78/100
|
|t:|1743867066
|switch|p2a: Darkrai|Darkrai|100/100|[from] U-turn
|-damage|p2a: Darkrai|84/100|[from] Spikes
|
|upkeep
|turn|14
|
|t:|1743867088
|switch|p1a: Silent Hill|Garganacl, M|100/100
|move|p2a: Darkrai|Ice Beam|p1a: Silent Hill
|-damage|p1a: Silent Hill|68/100
|
|upkeep
|turn|15
|
|t:|1743867095
|switch|p2a: Great Tusk|Great Tusk|50/100
|move|p1a: Silent Hill|Recover|p1a: Silent Hill
|-heal|p1a: Silent Hill|100/100
|
|upkeep
|turn|16
|
|t:|1743867106
|switch|p1a: Notch|Hydrapple, F, shiny|100/100
|move|p2a: Great Tusk|Earthquake|p1a: Notch
|-resisted|p1a: Notch
|-damage|p1a: Notch|86/100
|
|upkeep
|turn|17
|
|t:|1743867109
|switch|p1a: LigmaChain|Pecharunt|82/100
|-damage|p1a: LigmaChain|70/100|[from] Stealth Rock
|move|p2a: Great Tusk|Rapid Spin|p1a: LigmaChain
|-immune|p1a: LigmaChain
|
|upkeep
|turn|18
|
|t:|1743867135
|move|p1a: LigmaChain|Malignant Chain|p2a: Great Tusk
|-resisted|p2a: Great Tusk
|-damage|p2a: Great Tusk|29/100
|move|p2a: Great Tusk|Earthquake|p1a: LigmaChain
|-supereffective|p1a: LigmaChain
|-damage|p1a: LigmaChain|9/100
|
|upkeep
|turn|19
|
|t:|1743867143
|move|p1a: LigmaChain|Malignant Chain|p2a: Great Tusk
|-resisted|p2a: Great Tusk
|-damage|p2a: Great Tusk|5/100
|-status|p2a: Great Tusk|tox
|-start|p2a: Great Tusk|confusion|[from] ability: Poison Puppeteer|[of] p1a: LigmaChain
|-activate|p2a: Great Tusk|confusion
|move|p2a: Great Tusk|Earthquake|p1a: LigmaChain
|-supereffective|p1a: LigmaChain
|-damage|p1a: LigmaChain|0 fnt
|faint|p1a: LigmaChain
|
|-damage|p2a: Great Tusk|0 fnt|[from] psn
|faint|p2a: Great Tusk
|-end|p2a: Great Tusk|Protosynthesis|[silent]
|upkeep
|inactive|Excadrillings has 120 seconds left.
|
|t:|1743867172
|switch|p1a: Silent Hill|Garganacl, M|100/100
|switch|p2a: Tsareena|Tsareena, F|100/100
|-damage|p2a: Tsareena|84/100|[from] Spikes
|turn|20
|
|t:|1743867176
|move|p2a: Tsareena|Power Whip|p1a: Silent Hill
|-supereffective|p1a: Silent Hill
|-damage|p1a: Silent Hill|8/100
|move|p1a: Silent Hill|Salt Cure|p2a: Tsareena
|-damage|p2a: Tsareena|70/100
|-start|p2a: Tsareena|Salt Cure
|
|-damage|p2a: Tsareena|58/100|[from] Salt Cure
|upkeep
|turn|21
|
|t:|1743867182
|move|p2a: Tsareena|U-turn|p1a: Silent Hill
|-damage|p1a: Silent Hill|0 fnt
|faint|p1a: Silent Hill
|
|t:|1743867189
|switch|p2a: Gastrodon|Gastrodon-East, F|100/100|[from] U-turn
|-damage|p2a: Gastrodon|84/100|[from] Spikes
|
|-heal|p2a: Gastrodon|90/100|[from] item: Leftovers
|upkeep
|inactive|Excadrillings has 120 seconds left.
|
|t:|1743867226
|switch|p1a: Notch|Hydrapple, F, shiny|100/100
|turn|22
|
|t:|1743867233
|switch|p2a: Tinkaton|Tinkaton, F|100/100
|-damage|p2a: Tinkaton|84/100|[from] Spikes
|-ability|p2a: Tinkaton|Mold Breaker
|move|p1a: Notch|Earth Power|p2a: Tinkaton
|-supereffective|p2a: Tinkaton
|-damage|p2a: Tinkaton|37/100
|
|-heal|p2a: Tinkaton|43/100|[from] item: Leftovers
|upkeep
|turn|23
|
|t:|1743867242
|switch|p1a: Atlas|Ting-Lu|67/100
|-damage|p1a: Atlas|61/100|[from] Stealth Rock
|-ability|p1a: Atlas|Vessel of Ruin
|move|p2a: Tinkaton|Knock Off|p1a: Atlas
|-resisted|p1a: Atlas
|-damage|p1a: Atlas|56/100
|
|-heal|p2a: Tinkaton|49/100|[from] item: Leftovers
|upkeep
|turn|24
|inactive|Excadrillings has 120 seconds left.
|
|t:|1743867265
|move|p2a: Tinkaton|Gigaton Hammer|p1a: Atlas
|-damage|p1a: Atlas|24/100
|move|p1a: Atlas|Spikes|p2a: Tinkaton
|-sidestart|p2: ThylaFishie|Spikes
|
|-heal|p2a: Tinkaton|55/100|[from] item: Leftovers
|upkeep
|turn|25
|
|t:|1743867272
|switch|p1a: ACRONYM|Lokix, M|75/100
|-damage|p1a: ACRONYM|51/100|[from] Stealth Rock
|move|p2a: Tinkaton|Knock Off|p1a: ACRONYM
|-resisted|p1a: ACRONYM
|-damage|p1a: ACRONYM|40/100
|
|-heal|p2a: Tinkaton|62/100|[from] item: Leftovers
|upkeep
|turn|26
|
|t:|1743867283
|move|p2a: Tinkaton|Gigaton Hammer|p1a: ACRONYM
|-damage|p1a: ACRONYM|0 fnt
|faint|p1a: ACRONYM
|
|-heal|p2a: Tinkaton|68/100|[from] item: Leftovers
|upkeep
|
|t:|1743867288
|switch|p1a: Notch|Hydrapple, F, shiny|100/100
|turn|27
|
|t:|1743867293
|-terastallize|p1a: Notch|Poison
|move|p2a: Tinkaton|Ice Hammer|p1a: Notch
|-damage|p1a: Notch|86/100
|-unboost|p2a: Tinkaton|spe|1
|move|p1a: Notch|Earth Power|p2a: Tinkaton
|-supereffective|p2a: Tinkaton
|-damage|p2a: Tinkaton|17/100
|
|-heal|p2a: Tinkaton|23/100|[from] item: Leftovers
|upkeep
|turn|28
|
|t:|1743867303
|move|p2a: Tinkaton|Gigaton Hammer|p1a: Notch
|-damage|p1a: Notch|51/100
|move|p1a: Notch|Earth Power|p2a: Tinkaton
|-supereffective|p2a: Tinkaton
|-damage|p2a: Tinkaton|0 fnt
|faint|p2a: Tinkaton
|
|upkeep
|
|t:|1743867312
|switch|p2a: Landorus|Landorus-Therian, M|71/100
|-ability|p2a: Landorus|Intimidate|boost
|-unboost|p1a: Notch|atk|1
|turn|29
|
|t:|1743867319
|move|p2a: Landorus|Earth Power|p1a: Notch
|-supereffective|p1a: Notch
|-damage|p1a: Notch|0 fnt
|faint|p1a: Notch
|
|upkeep
|
|t:|1743867321
|switch|p1a: Blonde|Iron Valiant, shiny|100/100
|turn|30
|
|t:|1743867325
|move|p1a: Blonde|Moonblast|p2a: Landorus
|-damage|p2a: Landorus|23/100
|move|p2a: Landorus|Earth Power|p1a: Blonde
|-damage|p1a: Blonde|38/100
|
|upkeep
|turn|31
|
|t:|1743867335
|move|p1a: Blonde|Moonblast|p2a: Landorus
|-damage|p2a: Landorus|0 fnt
|faint|p2a: Landorus
|
|upkeep
|
|t:|1743867339
|switch|p2a: Gastrodon|Gastrodon-East, F|90/100
|-damage|p2a: Gastrodon|65/100|[from] Spikes
|turn|32
|
|t:|1743867344
|move|p1a: Blonde|Moonblast|p2a: Gastrodon
|-damage|p2a: Gastrodon|36/100
|move|p2a: Gastrodon|Recover|p2a: Gastrodon
|-heal|p2a: Gastrodon|86/100
|
|-heal|p2a: Gastrodon|92/100|[from] item: Leftovers
|upkeep
|turn|33
|
|t:|1743867347
|move|p1a: Blonde|Encore|p2a: Gastrodon
|-start|p2a: Gastrodon|Encore
|move|p2a: Gastrodon|Recover|p2a: Gastrodon
|-heal|p2a: Gastrodon|100/100
|
|upkeep
|turn|34
|
|t:|1743867352
|switch|p2a: Tsareena|Tsareena, F|58/100
|-damage|p2a: Tsareena|33/100|[from] Spikes
|move|p1a: Blonde|Moonblast|p2a: Tsareena
|-damage|p2a: Tsareena|2/100
|
|upkeep
|turn|35
|
|t:|1743867355
|move|p1a: Blonde|Moonblast|p2a: Tsareena
|-damage|p2a: Tsareena|0 fnt
|faint|p2a: Tsareena
|
|upkeep
|
|t:|1743867359
|switch|p2a: Gastrodon|Gastrodon-East, F|100/100
|-damage|p2a: Gastrodon|76/100|[from] Spikes
|turn|36
|
|t:|1743867374
|-end|p1a: Blonde|Quark Drive|[silent]
|switch|p1a: Atlas|Ting-Lu|24/100
|-damage|p1a: Atlas|18/100|[from] Stealth Rock
|-ability|p1a: Atlas|Vessel of Ruin
|move|p2a: Gastrodon|Earth Power|p1a: Atlas
|-damage|p1a: Atlas|5/100
|
|-heal|p2a: Gastrodon|82/100|[from] item: Leftovers
|upkeep
|turn|37
|
|t:|1743867381
|move|p1a: Atlas|Ruination|p2a: Gastrodon
|-damage|p2a: Gastrodon|41/100
|move|p2a: Gastrodon|Earth Power|p1a: Atlas
|-damage|p1a: Atlas|0 fnt
|faint|p1a: Atlas
|
|-heal|p2a: Gastrodon|47/100|[from] item: Leftovers
|upkeep
|
|t:|1743867392
|switch|p1a: Blonde|Iron Valiant, shiny|38/100
|turn|38
|
|t:|1743867395
|move|p1a: Blonde|Moonblast|p2a: Gastrodon
|-damage|p2a: Gastrodon|15/100
|move|p2a: Gastrodon|Earth Power|p1a: Blonde
|-damage|p1a: Blonde|0 fnt
|faint|p1a: Blonde
|-end|p1a: Blonde|Quark Drive|[silent]
|
|win|ThylaFishie
|raw|Excadrillings's rating: 1524 &rarr; <strong>1501</strong><br />(-23 for losing)
|raw|ThylaFishie's rating: 1466 &rarr; <strong>1489</strong><br />(+23 for winning)
|l|☆Excadrillings
|player|p1|
|c|☆ThylaFishie|gg
|l|☆ThylaFishie
|player|p2|
