|j|☆gaasss
|j|☆dd2128671
|t:|1743918333
|gametype|singles
|player|p1|gaasss|nate|1152
|player|p2|dd2128671|brawly|1108
|teamsize|p1|6
|teamsize|p2|6
|gen|9
|tier|[Gen 9] OU
|rated|
|rule|HP Percentage Mod: HP is shown in percentages
|rule|Endless Battle Clause: Forcing endless battles is banned
|rule|Species Clause: Limit one of each Pokémon
|rule|OHKO Clause: OHKO moves are banned
|rule|Evasion Items Clause: Evasion items are banned
|rule|Evasion Moves Clause: Evasion moves are banned
|rule|Sleep Moves Clause: Sleep-inducing moves are banned
|clearpoke
|poke|p1|Landorus-Therian, M|
|poke|p1|Dragonite, F|
|poke|p1|Dondozo, F|
|poke|p1|Ninetales-Alola, F|
|poke|p1|Iron Moth|
|poke|p1|Kingambit, F|
|poke|p2|Tyranitar, M|
|poke|p2|Quagsire, M|
|poke|p2|Blissey, F|
|poke|p2|Gliscor, M|
|poke|p2|Garchomp, F|
|poke|p2|Arcanine-Hisui, F|
|teampreview
|inactive|Battle timer is ON: inactive players will automatically lose when time's up. (requested by gaasss)
|
|t:|1743918340
|start
|switch|p1a: Kingambit|Kingambit, F|100/100
|switch|p2a: Quagsire|Quagsire, M|100/100
|turn|1
|
|t:|1743918353
|move|p1a: Kingambit|Swords Dance|p1a: Kingambit
|-boost|p1a: Kingambit|atk|2
|move|p2a: Quagsire|Earthquake|p1a: Kingambit
|-supereffective|p1a: Kingambit
|-damage|p1a: Kingambit|63/100
|
|upkeep
|turn|2
|
|t:|1743918363
|move|p1a: Kingambit|Sucker Punch|p2a: Quagsire
|-damage|p2a: Quagsire|66/100
|move|p2a: Quagsire|Earthquake|p1a: Kingambit
|-supereffective|p1a: Kingambit
|-damage|p1a: Kingambit|21/100
|
|-heal|p2a: Quagsire|72/100|[from] item: Leftovers
|upkeep
|turn|3
|
|t:|1743918372
|move|p1a: Kingambit|Sucker Punch|p2a: Quagsire
|-damage|p2a: Quagsire|40/100
|move|p2a: Quagsire|Earthquake|p1a: Kingambit
|-supereffective|p1a: Kingambit
|-damage|p1a: Kingambit|0 fnt
|faint|p1a: Kingambit
|
|-heal|p2a: Quagsire|46/100|[from] item: Leftovers
|upkeep
|
|t:|1743918380
|switch|p1a: Iron Moth|Iron Moth|100/100
|turn|4
|
|t:|1743918395
|move|p2a: Quagsire|Protect|p2a: Quagsire
|-singleturn|p2a: Quagsire|Protect
|move|p1a: Iron Moth|Energy Ball|p2a: Quagsire
|-activate|p2a: Quagsire|move: Protect
|
|-heal|p2a: Quagsire|52/100|[from] item: Leftovers
|upkeep
|turn|5
|inactive|dd2128671 has 120 seconds left.
|
|t:|1743918427
|switch|p2a: Blissey|Blissey, F|100/100
|move|p1a: Iron Moth|Sludge Wave|p2a: Blissey
|-crit|p2a: Blissey
|-damage|p2a: Blissey|72/100
|
|-heal|p2a: Blissey|78/100|[from] item: Leftovers
|upkeep
|turn|6
|inactive|dd2128671 has 120 seconds left.
|
|t:|1743918439
|move|p1a: Iron Moth|Fiery Dance|p2a: Blissey
|-damage|p2a: Blissey|63/100
|-boost|p1a: Iron Moth|spa|1
|move|p2a: Blissey|Psychic|p1a: Iron Moth
|-supereffective|p1a: Iron Moth
|-damage|p1a: Iron Moth|61/100
|
|-heal|p2a: Blissey|69/100|[from] item: Leftovers
|upkeep
|turn|7
|inactive|dd2128671 has 120 seconds left.
|
|t:|1743918455
|-end|p1a: Iron Moth|Quark Drive|[silent]
|switch|p1a: Dondozo|Dondozo, F|100/100
|move|p2a: Blissey|Psychic|p1a: Dondozo
|-damage|p1a: Dondozo|82/100
|-unboost|p1a: Dondozo|spd|1
|
|-heal|p2a: Blissey|75/100|[from] item: Leftovers
|upkeep
|turn|8
|inactive|dd2128671 has 120 seconds left.
|
|t:|1743918465
|move|p2a: Blissey|Thunderbolt|p1a: Dondozo
|-supereffective|p1a: Dondozo
|-damage|p1a: Dondozo|25/100
|move|p1a: Dondozo|Body Press|p2a: Blissey
|-supereffective|p2a: Blissey
|-damage|p2a: Blissey|16/100
|
|-heal|p2a: Blissey|22/100|[from] item: Leftovers
|upkeep
|turn|9
|inactive|dd2128671 has 120 seconds left.
|
|t:|1743918477
|move|p2a: Blissey|Thunderbolt|p1a: Dondozo
|-supereffective|p1a: Dondozo
|-damage|p1a: Dondozo|0 fnt
|faint|p1a: Dondozo
|
|-heal|p2a: Blissey|28/100|[from] item: Leftovers
|upkeep
|
|t:|1743918490
|switch|p1a: Dragonite|Dragonite, F|100/100
|turn|10
|
|t:|1743918502
|move|p1a: Dragonite|Dragon Dance|p1a: Dragonite
|-boost|p1a: Dragonite|atk|1
|-boost|p1a: Dragonite|spe|1
|move|p2a: Blissey|Alluring Voice|p1a: Dragonite
|-supereffective|p1a: Dragonite
|-damage|p1a: Dragonite|62/100
|-start|p1a: Dragonite|confusion
|
|-heal|p2a: Blissey|34/100|[from] item: Leftovers
|upkeep
|turn|11
|inactive|dd2128671 has 120 seconds left.
|
|t:|1743918522
|-terastallize|p1a: Dragonite|Normal
|-activate|p1a: Dragonite|confusion
|-damage|p1a: Dragonite|38/100|[from] confusion
|move|p2a: Blissey|Soft-Boiled|p2a: Blissey
|-heal|p2a: Blissey|84/100
|
|-heal|p2a: Blissey|90/100|[from] item: Leftovers
|upkeep
|turn|12
|inactive|dd2128671 has 120 seconds left.
|
|t:|1743918543
|-activate|p1a: Dragonite|confusion
|-damage|p1a: Dragonite|13/100|[from] confusion
|move|p2a: Blissey|Thunderbolt|p1a: Dragonite
|-damage|p1a: Dragonite|0 fnt
|faint|p1a: Dragonite
|
|-heal|p2a: Blissey|97/100|[from] item: Leftovers
|upkeep
|-message|gaasss forfeited.
|
|win|dd2128671
|raw|gaasss's rating: 1152 &rarr; <strong>1124</strong><br />(-28 for losing)
|raw|dd2128671's rating: 1108 &rarr; <strong>1136</strong><br />(+28 for winning)
|l|☆gaasss
|player|p1|
|l|☆dd2128671
|player|p2|
