|j|☆sicillyy
|j|☆Formally4324
|t:|1743805130
|gametype|singles
|player|p1|sicillyy|aromalady|1276
|player|p2|Formally4324|wallace|1276
|teamsize|p1|6
|teamsize|p2|6
|gen|9
|tier|[Gen 9] OU
|rated|
|rule|HP Percentage Mod: HP is shown in percentages
|rule|Endless Battle Clause: Forcing endless battles is banned
|rule|Species Clause: Limit one of each Pokémon
|rule|OHKO Clause: OHKO moves are banned
|rule|Evasion Items Clause: Evasion items are banned
|rule|Evasion Moves Clause: Evasion moves are banned
|rule|Sleep Moves Clause: Sleep-inducing moves are banned
|clearpoke
|poke|p1|Blissey, F|
|poke|p1|Clefable, F|
|poke|p1|Gliscor, F|
|poke|p1|Ting-Lu|
|poke|p1|Dondozo, F|
|poke|p1|Amoonguss, F|
|poke|p2|Medicham, M|
|poke|p2|Iron Valiant|
|poke|p2|Iron Treads|
|poke|p2|Alomomola, F|
|poke|p2|Pecharunt|
|poke|p2|Darkrai|
|teampreview
|inactive|Battle timer is ON: inactive players will automatically lose when time's up. (requested by Formally4324)
|inactive|sicillyy also wants the timer to be on.
|c|☆Formally4324|glhf
|
|t:|1743805152
|start
|switch|p1a: Gliscor|Gliscor, F|100/100
|switch|p2a: Medicham|Medicham, M|100/100
|turn|1
|
|t:|1743805157
|move|p1a: Gliscor|Protect|p1a: Gliscor
|-singleturn|p1a: Gliscor|Protect
|move|p2a: Medicham|Ice Punch|p1a: Gliscor
|-activate|p1a: Gliscor|move: Protect
|
|-status|p1a: Gliscor|tox|[from] item: Toxic Orb
|upkeep
|turn|2
|
|t:|1743805169
|switch|p1a: Dondozo|Dondozo, F|100/100
|move|p2a: Medicham|Ice Punch|p1a: Dondozo
|-resisted|p1a: Dondozo
|-damage|p1a: Dondozo|94/100
|-status|p1a: Dondozo|frz
|
|upkeep
|turn|3
|c|☆sicillyy|Wow
|
|t:|1743805180
|switch|p2a: Pecharunt|Pecharunt|100/100
|cant|p1a: Dondozo|frz
|
|upkeep
|turn|4
|
|t:|1743805190
|switch|p1a: Amoonguss|Amoonguss, F|100/100
|move|p2a: Pecharunt|Hex|p1a: Amoonguss
|-damage|p1a: Amoonguss|82/100
|
|upkeep
|turn|5
|
|t:|1743805212
|move|p2a: Pecharunt|Malignant Chain|p1a: Amoonguss
|-damage|p1a: Amoonguss|52/100
|move|p1a: Amoonguss|Foul Play|p2a: Pecharunt
|-supereffective|p2a: Pecharunt
|-damage|p2a: Pecharunt|86/100
|
|upkeep
|turn|6
|
|t:|1743805220
|move|p2a: Pecharunt|Malignant Chain|p1a: Amoonguss
|-damage|p1a: Amoonguss|25/100
|move|p1a: Amoonguss|Synthesis|p1a: Amoonguss
|-heal|p1a: Amoonguss|75/100
|
|upkeep
|turn|7
|
|t:|1743805223
|move|p2a: Pecharunt|Malignant Chain|p1a: Amoonguss
|-damage|p1a: Amoonguss|44/100
|move|p1a: Amoonguss|Synthesis|p1a: Amoonguss
|-heal|p1a: Amoonguss|94/100
|
|upkeep
|turn|8
|
|t:|1743805235
|switch|p1a: Blissey|Blissey, F|100/100
|move|p2a: Pecharunt|Parting Shot|p1a: Blissey
|-unboost|p1a: Blissey|atk|1
|-unboost|p1a: Blissey|spa|1
|
|t:|1743805244
|switch|p2a: Medicham|Medicham, M|100/100|[from] Parting Shot
|
|upkeep
|turn|9
|
|t:|1743805257
|switch|p1a: Dondozo|Dondozo, F|94/100 frz
|move|p2a: Medicham|Zen Headbutt|p1a: Dondozo|[miss]
|-miss|p2a: Medicham|p1a: Dondozo
|
|upkeep
|turn|10
|
|t:|1743805261
|switch|p2a: Pecharunt|Pecharunt|86/100
|cant|p1a: Dondozo|frz
|
|upkeep
|turn|11
|
|t:|1743805274
|switch|p1a: Blissey|Blissey, F|100/100
|move|p2a: Pecharunt|Parting Shot|p1a: Blissey
|-unboost|p1a: Blissey|atk|1
|-unboost|p1a: Blissey|spa|1
|
|t:|1743805278
|switch|p2a: Medicham|Medicham, M|100/100|[from] Parting Shot
|
|upkeep
|turn|12
|
|t:|1743805284
|switch|p1a: Dondozo|Dondozo, F|94/100 frz
|move|p2a: Medicham|Close Combat|p1a: Dondozo
|-damage|p1a: Dondozo|61/100 frz
|-unboost|p2a: Medicham|def|1
|-unboost|p2a: Medicham|spd|1
|
|upkeep
|turn|13
|
|t:|1743805290
|switch|p2a: Pecharunt|Pecharunt|86/100
|cant|p1a: Dondozo|frz
|
|upkeep
|turn|14
|
|t:|1743805307
|move|p2a: Pecharunt|Hex|p1a: Dondozo
|-damage|p1a: Dondozo|22/100 frz
|cant|p1a: Dondozo|frz
|
|upkeep
|turn|15
|
|t:|1743805317
|switch|p1a: Blissey|Blissey, F|100/100
|move|p2a: Pecharunt|Hex|p1a: Blissey
|-immune|p1a: Blissey
|
|upkeep
|turn|16
|
|t:|1743805323
|move|p2a: Pecharunt|Parting Shot|p1a: Blissey
|-unboost|p1a: Blissey|atk|1
|-unboost|p1a: Blissey|spa|1
|
|t:|1743805328
|switch|p2a: Iron Treads|Iron Treads|100/100|[from] Parting Shot
|move|p1a: Blissey|Flamethrower|p2a: Iron Treads
|-supereffective|p2a: Iron Treads
|-damage|p2a: Iron Treads|72/100
|
|-heal|p2a: Iron Treads|78/100|[from] item: Leftovers
|upkeep
|turn|17
|
|t:|1743805337
|switch|p1a: Amoonguss|Amoonguss, F|100/100
|move|p2a: Iron Treads|Stealth Rock|p1a: Amoonguss
|-sidestart|p1: sicillyy|move: Stealth Rock
|
|-heal|p2a: Iron Treads|84/100|[from] item: Leftovers
|upkeep
|turn|18
|
|t:|1743805345
|move|p2a: Iron Treads|Knock Off|p1a: Amoonguss
|-damage|p1a: Amoonguss|80/100
|-enditem|p1a: Amoonguss|Heavy-Duty Boots|[from] move: Knock Off|[of] p2a: Iron Treads
|move|p1a: Amoonguss|Seed Bomb|p2a: Iron Treads
|-damage|p2a: Iron Treads|63/100
|
|-heal|p2a: Iron Treads|69/100|[from] item: Leftovers
|upkeep
|turn|19
|
|t:|1743805354
|-end|p2a: Iron Treads|Quark Drive|[silent]
|switch|p2a: Pecharunt|Pecharunt|86/100
|move|p1a: Amoonguss|Seed Bomb|p2a: Pecharunt
|-resisted|p2a: Pecharunt
|-crit|p2a: Pecharunt
|-damage|p2a: Pecharunt|77/100
|
|upkeep
|turn|20
|
|t:|1743805364
|switch|p1a: Blissey|Blissey, F|100/100
|move|p2a: Pecharunt|Parting Shot|p1a: Blissey
|-unboost|p1a: Blissey|atk|1
|-unboost|p1a: Blissey|spa|1
|
|t:|1743805371
|switch|p2a: Medicham|Medicham, M|100/100|[from] Parting Shot
|
|upkeep
|turn|21
|
|t:|1743805378
|switch|p1a: Gliscor|Gliscor, F|100/100 tox
|-damage|p1a: Gliscor|88/100 tox|[from] Stealth Rock
|move|p2a: Medicham|Close Combat|p1a: Gliscor
|-resisted|p1a: Gliscor
|-damage|p1a: Gliscor|63/100 tox
|-unboost|p2a: Medicham|def|1
|-unboost|p2a: Medicham|spd|1
|
|-heal|p1a: Gliscor|76/100 tox|[from] ability: Poison Heal
|upkeep
|turn|22
|
|t:|1743805388
|switch|p2a: Alomomola|Alomomola, F|100/100
|move|p1a: Gliscor|Protect||[still]
|-fail|p1a: Gliscor
|
|-heal|p1a: Gliscor|88/100 tox|[from] ability: Poison Heal
|upkeep
|turn|23
|
|t:|1743805402
|move|p1a: Gliscor|Knock Off|p2a: Alomomola
|-damage|p2a: Alomomola|87/100
|-enditem|p2a: Alomomola|Assault Vest|[from] move: Knock Off|[of] p1a: Gliscor
|move|p2a: Alomomola|Flip Turn|p1a: Gliscor
|-supereffective|p1a: Gliscor
|-damage|p1a: Gliscor|69/100 tox
|
|t:|1743805415
|switch|p2a: Medicham|Medicham, M|100/100|[from] Flip Turn
|
|-heal|p1a: Gliscor|81/100 tox|[from] ability: Poison Heal
|upkeep
|turn|24
|
|t:|1743805444
|move|p1a: Gliscor|Protect|p1a: Gliscor
|-singleturn|p1a: Gliscor|Protect
|move|p2a: Medicham|Ice Punch|p1a: Gliscor
|-activate|p1a: Gliscor|move: Protect
|
|-heal|p1a: Gliscor|94/100 tox|[from] ability: Poison Heal
|upkeep
|turn|25
|
|t:|1743805464
|switch|p1a: Clefable|Clefable, F|100/100
|move|p2a: Medicham|Ice Punch|p1a: Clefable
|-damage|p1a: Clefable|77/100
|
|upkeep
|turn|26
|
|t:|1743805477
|switch|p2a: Pecharunt|Pecharunt|77/100
|move|p1a: Clefable|Knock Off|p2a: Pecharunt
|-supereffective|p2a: Pecharunt
|-damage|p2a: Pecharunt|63/100
|-enditem|p2a: Pecharunt|Heavy-Duty Boots|[from] move: Knock Off|[of] p1a: Clefable
|
|upkeep
|turn|27
|
|t:|1743805488
|switch|p1a: Ting-Lu|Ting-Lu|100/100
|-ability|p1a: Ting-Lu|Vessel of Ruin
|move|p2a: Pecharunt|Malignant Chain|p1a: Ting-Lu
|-resisted|p1a: Ting-Lu
|-damage|p1a: Ting-Lu|94/100
|-status|p1a: Ting-Lu|tox
|-start|p1a: Ting-Lu|confusion|[from] ability: Poison Puppeteer|[of] p2a: Pecharunt
|
|-damage|p1a: Ting-Lu|88/100 tox|[from] psn
|upkeep
|turn|28
|
|t:|1743805496
|move|p2a: Pecharunt|Parting Shot|p1a: Ting-Lu
|-unboost|p1a: Ting-Lu|atk|1
|-unboost|p1a: Ting-Lu|spa|1
|
|t:|1743805503
|switch|p2a: Medicham|Medicham, M|100/100|[from] Parting Shot
|-activate|p1a: Ting-Lu|confusion
|move|p1a: Ting-Lu|Stealth Rock|p2a: Medicham
|-sidestart|p2: Formally4324|move: Stealth Rock
|
|-damage|p1a: Ting-Lu|75/100 tox|[from] psn
|upkeep
|turn|29
|
|t:|1743805513
|switch|p1a: Clefable|Clefable, F|77/100
|move|p2a: Medicham|Ice Punch|p1a: Clefable
|-damage|p1a: Clefable|53/100
|
|upkeep
|turn|30
|
|t:|1743805517
|switch|p2a: Pecharunt|Pecharunt|63/100
|-damage|p2a: Pecharunt|50/100|[from] Stealth Rock
|move|p1a: Clefable|Wish|p1a: Clefable
|
|upkeep
|turn|31
|
|t:|1743805530
|switch|p1a: Ting-Lu|Ting-Lu|75/100 tox
|-ability|p1a: Ting-Lu|Vessel of Ruin
|move|p2a: Pecharunt|Recover|p2a: Pecharunt
|-heal|p2a: Pecharunt|100/100
|
|-heal|p1a: Ting-Lu|100/100 tox|[from] move: Wish|[wisher] Clefable
|-damage|p1a: Ting-Lu|94/100 tox|[from] psn
|upkeep
|turn|32
|
|t:|1743805541
|move|p2a: Pecharunt|Parting Shot|p1a: Ting-Lu
|-unboost|p1a: Ting-Lu|atk|1
|-unboost|p1a: Ting-Lu|spa|1
|
|t:|1743805548
|switch|p2a: Medicham|Medicham, M|100/100|[from] Parting Shot
|-damage|p2a: Medicham|94/100|[from] Stealth Rock
|move|p1a: Ting-Lu|Earthquake|p2a: Medicham
|-damage|p2a: Medicham|52/100
|
|-damage|p1a: Ting-Lu|82/100 tox|[from] psn
|upkeep
|turn|33
|
|t:|1743805559
|switch|p1a: Clefable|Clefable, F|53/100
|move|p2a: Medicham|Zen Headbutt|p1a: Clefable
|-damage|p1a: Clefable|12/100
|
|upkeep
|turn|34
|
|t:|1743805568
|move|p2a: Medicham|Zen Headbutt|p1a: Clefable
|-crit|p1a: Clefable
|-damage|p1a: Clefable|0 fnt
|faint|p1a: Clefable
|
|upkeep
|
|t:|1743805573
|switch|p1a: Dondozo|Dondozo, F|22/100 frz
|turn|35
|
|t:|1743805578
|move|p2a: Medicham|Zen Headbutt|p1a: Dondozo
|-damage|p1a: Dondozo|0 fnt
|faint|p1a: Dondozo
|
|upkeep
|inactive|sicillyy has 120 seconds left.
|-message|sicillyy forfeited.
|
|win|Formally4324
|raw|sicillyy's rating: 1276 &rarr; <strong>1251</strong><br />(-25 for losing)
|raw|Formally4324's rating: 1276 &rarr; <strong>1301</strong><br />(+25 for winning)
|l|☆sicillyy
|player|p1|
|l|☆Formally4324
|player|p2|
