|j|☆arrighi
|j|☆haricane
|t:|1743869669
|gametype|singles
|player|p1|arrighi|101|1267
|player|p2|haricane|hilbert|1187
|teamsize|p1|6
|teamsize|p2|6
|gen|9
|tier|[Gen 9] OU
|rated|
|rule|HP Percentage Mod: HP is shown in percentages
|rule|Endless Battle Clause: Forcing endless battles is banned
|rule|Species Clause: Limit one of each Pokémon
|rule|OHKO Clause: OHKO moves are banned
|rule|Evasion Items Clause: Evasion items are banned
|rule|Evasion Moves Clause: Evasion moves are banned
|rule|Sleep Moves Clause: Sleep-inducing moves are banned
|clearpoke
|poke|p1|Zapdos|
|poke|p1|Gholdengo|
|poke|p1|Ogerpon-Cornerstone, F|
|poke|p1|Iron Valiant|
|poke|p1|Garchomp, M|
|poke|p1|Blastoise, M|
|poke|p2|Iron Thorns|
|poke|p2|Dragapult, M|
|poke|p2|Pawmot, F|
|poke|p2|Cinderace, M|
|poke|p2|Dragonite, M|
|poke|p2|Armarouge, M|
|teampreview
|inactive|Battle timer is ON: inactive players will automatically lose when time's up. (requested by haricane)
|
|t:|1743869688
|start
|switch|p1a: Garchomp|Garchomp, M|100/100
|switch|p2a: Dragonite|Dragonite, M|100/100
|turn|1
|
|t:|1743869705
|move|p2a: Dragonite|Ice Spinner|p1a: Garchomp
|-supereffective|p1a: Garchomp
|-damage|p1a: Garchomp|0 fnt
|-damage|p2a: Dragonite|88/100|[from] ability: Rough Skin|[of] p1a: Garchomp
|-damage|p2a: Dragonite|72/100|[from] item: Rocky Helmet|[of] p1a: Garchomp
|faint|p1a: Garchomp
|
|upkeep
|
|t:|1743869716
|switch|p1a: Ogerpon|Ogerpon-Cornerstone, F|100/100
|turn|2
|
|t:|1743869719
|move|p1a: Ogerpon|Ivy Cudgel|p2a: Dragonite|[anim] Ivy Cudgel Rock
|-supereffective|p2a: Dragonite
|-damage|p2a: Dragonite|0 fnt
|faint|p2a: Dragonite
|
|upkeep
|
|t:|1743869732
|switch|p2a: Cinderace|Cinderace, M|100/100
|turn|3
|
|t:|1743869745
|switch|p1a: Zapdos|Zapdos|100/100
|move|p2a: Cinderace|Gunk Shot|p1a: Zapdos|[miss]
|-start|p2a: Cinderace|typechange|Poison|[from] ability: Libero
|-miss|p2a: Cinderace|p1a: Zapdos
|
|upkeep
|turn|4
|
|t:|1743869769
|move|p2a: Cinderace|Gunk Shot|p1a: Zapdos
|-damage|p1a: Zapdos|59/100
|move|p1a: Zapdos|Thunderbolt|p2a: Cinderace
|-damage|p2a: Cinderace|47/100
|
|upkeep
|turn|5
|
|t:|1743869787
|move|p2a: Cinderace|Gunk Shot|p1a: Zapdos
|-damage|p1a: Zapdos|18/100
|-status|p1a: Zapdos|psn
|move|p1a: Zapdos|Thunderbolt|p2a: Cinderace
|-damage|p2a: Cinderace|0 fnt
|faint|p2a: Cinderace
|
|-damage|p1a: Zapdos|6/100 psn|[from] psn
|upkeep
|inactive|haricane has 120 seconds left.
|
|t:|1743869797
|switch|p2a: Iron Thorns|Iron Thorns, shiny|100/100
|-enditem|p2a: Iron Thorns|Booster Energy
|-activate|p2a: Iron Thorns|ability: Quark Drive|[fromitem]
|-start|p2a: Iron Thorns|quarkdriveatk
|turn|6
|
|t:|1743869803
|move|p2a: Iron Thorns|Dragon Dance|p2a: Iron Thorns
|-boost|p2a: Iron Thorns|atk|1
|-boost|p2a: Iron Thorns|spe|1
|move|p1a: Zapdos|Thunderbolt|p2a: Iron Thorns
|-resisted|p2a: Iron Thorns
|-damage|p2a: Iron Thorns|78/100
|
|-damage|p1a: Zapdos|0 fnt|[from] psn
|faint|p1a: Zapdos
|upkeep
|
|t:|1743869806
|switch|p1a: Ogerpon|Ogerpon-Cornerstone, F|100/100
|turn|7
|
|t:|1743869817
|move|p2a: Iron Thorns|Iron Head|p1a: Ogerpon
|-supereffective|p1a: Ogerpon
|-crit|p1a: Ogerpon
|-ability|p1a: Ogerpon|Sturdy
|-damage|p1a: Ogerpon|1/100
|cant|p1a: Ogerpon|flinch
|
|upkeep
|turn|8
|
|t:|1743869825
|move|p2a: Iron Thorns|Iron Head|p1a: Ogerpon
|-supereffective|p1a: Ogerpon
|-damage|p1a: Ogerpon|0 fnt
|faint|p1a: Ogerpon
|
|upkeep
|
|t:|1743869828
|switch|p1a: Iron Valiant|Iron Valiant|100/100
|-enditem|p1a: Iron Valiant|Booster Energy
|-activate|p1a: Iron Valiant|ability: Quark Drive|[fromitem]
|-start|p1a: Iron Valiant|quarkdrivespe
|turn|9
|
|t:|1743869834
|move|p1a: Iron Valiant|Swords Dance|p1a: Iron Valiant
|-boost|p1a: Iron Valiant|atk|2
|move|p2a: Iron Thorns|Iron Head|p1a: Iron Valiant
|-supereffective|p1a: Iron Valiant
|-damage|p1a: Iron Valiant|0 fnt
|faint|p1a: Iron Valiant
|-end|p1a: Iron Valiant|Quark Drive|[silent]
|
|upkeep
|-message|arrighi forfeited.
|
|win|haricane
|raw|arrighi's rating: 1267 &rarr; <strong>1236</strong><br />(-31 for losing)
|raw|haricane's rating: 1187 &rarr; <strong>1218</strong><br />(+31 for winning)
|l|☆arrighi
|player|p1|
|l|☆haricane
|player|p2|
