|j|☆Seraph522
|j|☆bob885
|t:|1743880138
|gametype|singles
|player|p1|Seraph522|grimsley|1086
|player|p2|bob885|marlon|1047
|teamsize|p1|6
|teamsize|p2|6
|gen|9
|tier|[Gen 9] OU
|rated|
|rule|HP Percentage Mod: HP is shown in percentages
|rule|Endless Battle Clause: Forcing endless battles is banned
|rule|Species Clause: Limit one of each Pokémon
|rule|OHKO Clause: OHKO moves are banned
|rule|Evasion Items Clause: Evasion items are banned
|rule|Evasion Moves Clause: Evasion moves are banned
|rule|Sleep Moves Clause: Sleep-inducing moves are banned
|clearpoke
|poke|p1|Zamazenta-*|
|poke|p1|Ogerpon-Wellspring, F|
|poke|p1|Slowking-Galar, F|
|poke|p1|Great Tusk|
|poke|p1|Kingambit, M|
|poke|p1|Zapdos|
|poke|p2|Gliscor, F|
|poke|p2|Cinderace, F|
|poke|p2|Ogerpon-Wellspring, F|
|poke|p2|Slowking-Galar, M|
|poke|p2|Clefable, F|
|poke|p2|Gholdengo|
|teampreview
|
|t:|1743880160
|start
|switch|p1a: The Tusk|Great Tusk, shiny|100/100
|switch|p2a: Clefable|Clefable, F, shiny|100/100
|turn|1
|
|t:|1743880177
|-end|p1a: The Tusk|Protosynthesis|[silent]
|switch|p1a: Queenie|Slowking-Galar, F|100/100
|move|p2a: Clefable|Moonblast|p1a: Queenie
|-resisted|p1a: Queenie
|-damage|p1a: Queenie|93/100
|
|upkeep
|turn|2
|
|t:|1743880189
|switch|p2a: Gholdengo|Gholdengo, shiny|100/100
|move|p1a: Queenie|Ice Beam|p2a: Gholdengo
|-resisted|p2a: Gholdengo
|-damage|p2a: Gholdengo|82/100
|
|upkeep
|turn|3
|
|t:|1743880196
|move|p2a: Gholdengo|Trick|p1a: Queenie
|-activate|p2a: Gholdengo|move: Trick|[of] p1a: Queenie
|-item|p1a: Queenie|Choice Scarf|[from] move: Trick
|-item|p2a: Gholdengo|Assault Vest|[from] move: Trick
|move|p1a: Queenie|Flamethrower|p2a: Gholdengo
|-supereffective|p2a: Gholdengo
|-damage|p2a: Gholdengo|38/100
|
|upkeep
|turn|4
|
|t:|1743880216
|switch|p2a: Slowking|Slowking-Galar, M, shiny|100/100
|move|p1a: Queenie|Flamethrower|p2a: Slowking
|-damage|p2a: Slowking|82/100
|
|upkeep
|turn|5
|
|t:|1743880235
|switch|p1a: The Tusk|Great Tusk, shiny|100/100
|move|p2a: Slowking|Psychic Noise|p1a: The Tusk
|-supereffective|p1a: The Tusk
|-damage|p1a: The Tusk|11/100
|-start|p1a: The Tusk|move: Heal Block
|
|upkeep
|turn|6
|
|t:|1743880254
|switch|p2a: Gliscor|Gliscor, F, shiny|100/100
|move|p1a: The Tusk|Ice Spinner|p2a: Gliscor
|-supereffective|p2a: Gliscor
|-damage|p2a: Gliscor|37/100
|
|-end|p1a: The Tusk|move: Heal Block
|-status|p2a: Gliscor|tox|[from] item: Toxic Orb
|upkeep
|turn|7
|
|t:|1743880273
|-end|p1a: The Tusk|Protosynthesis|[silent]
|switch|p1a: Doggo|Zamazenta|100/100
|-ability|p1a: Doggo|Dauntless Shield|boost
|-boost|p1a: Doggo|def|1
|move|p2a: Gliscor|Protect||[still]
|-fail|p2a: Gliscor
|
|-heal|p2a: Gliscor|49/100 tox|[from] ability: Poison Heal
|upkeep
|turn|8
|
|t:|1743880286
|move|p1a: Doggo|Ice Fang|p2a: Gliscor
|-supereffective|p2a: Gliscor
|-damage|p2a: Gliscor|0 fnt
|faint|p2a: Gliscor
|
|upkeep
|
|t:|1743880301
|switch|p2a: Ogerpon|Ogerpon-Wellspring, F|100/100
|turn|9
|
|t:|1743880329
|switch|p1a: Thunderbird|Zapdos|100/100
|move|p2a: Ogerpon|Ivy Cudgel|p1a: Thunderbird|[anim] Ivy Cudgel Water
|-damage|p1a: Thunderbird|56/100
|
|upkeep
|turn|10
|
|t:|1743880338
|switch|p2a: Slowking|Slowking-Galar, M, shiny|100/100
|move|p1a: Thunderbird|Hurricane|p2a: Slowking
|-damage|p2a: Slowking|74/100
|
|upkeep
|turn|11
|
|t:|1743880350
|move|p1a: Thunderbird|Volt Switch|p2a: Slowking
|-damage|p2a: Slowking|58/100
|
|t:|1743880364
|switch|p1a: Queenie|Slowking-Galar, F|100/100|[from] Volt Switch
|move|p2a: Slowking|Thunder Wave|p1a: Queenie
|-status|p1a: Queenie|par
|
|upkeep
|turn|12
|
|t:|1743880385
|move|p1a: Queenie|Psyshock|p2a: Slowking
|-damage|p2a: Slowking|19/100
|-prepare|p2a: Slowking|Chilly Reception|[premajor]
|move|p2a: Slowking|Chilly Reception|p2a: Slowking
|-weather|Snowscape
|
|t:|1743880395
|switch|p2a: Ogerpon|Ogerpon-Wellspring, F|100/100|[from] Chilly Reception
|
|-weather|Snowscape|[upkeep]
|upkeep
|turn|13
|
|t:|1743880403
|switch|p1a: Thunderbird|Zapdos|56/100
|-terastallize|p2a: Ogerpon|Water
|detailschange|p2a: Ogerpon|Ogerpon-Wellspring-Tera, F, tera:Water
|-ability|p2a: Ogerpon|Embody Aspect (Wellspring)|boost
|-boost|p2a: Ogerpon|spd|1
|move|p2a: Ogerpon|Ivy Cudgel|p1a: Thunderbird|[anim] Ivy Cudgel Water
|-damage|p1a: Thunderbird|0 fnt
|faint|p1a: Thunderbird
|
|-weather|Snowscape|[upkeep]
|upkeep
|
|t:|1743880425
|switch|p1a: Fiona|Ogerpon-Wellspring, F|100/100
|turn|14
|
|t:|1743880432
|switch|p2a: Clefable|Clefable, F, shiny|100/100
|move|p1a: Fiona|Power Whip|p2a: Clefable
|-damage|p2a: Clefable|48/100
|
|-weather|Snowscape|[upkeep]
|-heal|p2a: Clefable|55/100|[from] item: Leftovers
|upkeep
|turn|15
|
|t:|1743880449
|move|p1a: Fiona|Knock Off|p2a: Clefable
|-resisted|p2a: Clefable
|-damage|p2a: Clefable|39/100
|-enditem|p2a: Clefable|Leftovers|[from] move: Knock Off|[of] p1a: Fiona
|move|p2a: Clefable|Stealth Rock|p1a: Fiona
|-sidestart|p1: Seraph522|move: Stealth Rock
|
|-weather|Snowscape|[upkeep]
|upkeep
|turn|16
|
|t:|1743880468
|move|p1a: Fiona|U-turn|p2a: Clefable
|-resisted|p2a: Clefable
|-damage|p2a: Clefable|29/100
|
|t:|1743880471
|switch|p1a: Queenie|Slowking-Galar, F|100/100 par|[from] U-turn
|-damage|p1a: Queenie|88/100 par|[from] Stealth Rock
|move|p2a: Clefable|Moonlight|p2a: Clefable
|-heal|p2a: Clefable|54/100
|
|-weather|none
|upkeep
|turn|17
|
|t:|1743880488
|switch|p2a: Gholdengo|Gholdengo, shiny|38/100
|move|p1a: Queenie|Flamethrower|p2a: Gholdengo
|-supereffective|p2a: Gholdengo
|-damage|p2a: Gholdengo|0 fnt
|faint|p2a: Gholdengo
|
|upkeep
|
|t:|1743880506
|switch|p2a: Cinderace|Cinderace, F, shiny|100/100
|turn|18
|
|t:|1743880520
|switch|p1a: Fiona|Ogerpon-Wellspring, F|100/100
|-damage|p1a: Fiona|88/100|[from] Stealth Rock
|move|p2a: Cinderace|Pyro Ball|p1a: Fiona
|-damage|p1a: Fiona|24/100
|
|upkeep
|turn|19
|
|t:|1743880533
|-terastallize|p1a: Fiona|Water
|detailschange|p1a: Fiona|Ogerpon-Wellspring-Tera, F, tera:Water
|-ability|p1a: Fiona|Embody Aspect (Wellspring)|boost
|-boost|p1a: Fiona|spd|1
|move|p2a: Cinderace|U-turn|p1a: Fiona
|-start|p2a: Cinderace|typechange|Bug|[from] ability: Libero
|-damage|p1a: Fiona|0 fnt
|faint|p1a: Fiona
|
|t:|1743880542
|switch|p2a: Slowking|Slowking-Galar, M, shiny|52/100|[from] U-turn
|
|upkeep
|
|t:|1743880557
|switch|p1a: The Tusk|Great Tusk, shiny|11/100
|turn|20
|
|t:|1743880571
|switch|p2a: Clefable|Clefable, F, shiny|54/100
|move|p1a: The Tusk|Headlong Rush|p2a: Clefable
|-damage|p2a: Clefable|4/100
|-unboost|p1a: The Tusk|def|1
|-unboost|p1a: The Tusk|spd|1
|
|upkeep
|turn|21
|
|t:|1743880584
|move|p1a: The Tusk|Rapid Spin|p2a: Clefable
|-damage|p2a: Clefable|0 fnt
|-boost|p1a: The Tusk|spe|1
|-sideend|p1: Seraph522|Stealth Rock|[from] move: Rapid Spin|[of] p1a: The Tusk
|faint|p2a: Clefable
|
|upkeep
|
|t:|1743880590
|switch|p2a: Ogerpon|Ogerpon-Wellspring-Tera, F, tera:Water|100/100
|-ability|p2a: Ogerpon|Embody Aspect (Wellspring)|boost
|-boost|p2a: Ogerpon|spd|1
|turn|22
|
|t:|1743880611
|move|p1a: The Tusk|Headlong Rush|p2a: Ogerpon
|-damage|p2a: Ogerpon|15/100
|-unboost|p1a: The Tusk|def|1
|-unboost|p1a: The Tusk|spd|1
|move|p2a: Ogerpon|Horn Leech|p1a: The Tusk
|-supereffective|p1a: The Tusk
|-damage|p1a: The Tusk|0 fnt
|-heal|p2a: Ogerpon|21/100|[from] drain|[of] p1a: The Tusk
|faint|p1a: The Tusk
|-end|p1a: The Tusk|Protosynthesis|[silent]
|
|upkeep
|
|t:|1743880629
|switch|p1a: Queenie|Slowking-Galar, F|100/100 par
|turn|23
|
|t:|1743880635
|move|p2a: Ogerpon|Ivy Cudgel|p1a: Queenie|[anim] Ivy Cudgel Water
|-damage|p1a: Queenie|12/100 par
|move|p1a: Queenie|Psyshock|p2a: Ogerpon
|-damage|p2a: Ogerpon|0 fnt
|faint|p2a: Ogerpon
|
|upkeep
|
|t:|1743880644
|switch|p2a: Slowking|Slowking-Galar, M, shiny|85/100
|turn|24
|
|t:|1743880648
|move|p1a: Queenie|Psyshock|p2a: Slowking
|-damage|p2a: Slowking|45/100
|move|p2a: Slowking|Psychic Noise|p1a: Queenie
|-damage|p1a: Queenie|0 fnt
|faint|p1a: Queenie
|
|upkeep
|
|t:|1743880656
|switch|p1a: Doggo|Zamazenta|100/100
|turn|25
|
|t:|1743880662
|move|p1a: Doggo|Crunch|p2a: Slowking
|-supereffective|p2a: Slowking
|-damage|p2a: Slowking|0 fnt
|faint|p2a: Slowking
|
|upkeep
|
|t:|1743880666
|switch|p2a: Cinderace|Cinderace, F, shiny|100/100
|turn|26
|
|t:|1743880673
|move|p1a: Doggo|Stone Edge|p2a: Cinderace
|-supereffective|p2a: Cinderace
|-crit|p2a: Cinderace
|-damage|p2a: Cinderace|0 fnt
|faint|p2a: Cinderace
|
|win|Seraph522
|raw|Seraph522's rating: 1086 &rarr; <strong>1110</strong><br />(+24 for winning)
|raw|bob885's rating: 1047 &rarr; <strong>1032</strong><br />(-15 for losing)
|l|☆bob885
|player|p2|
