|j|☆Panic_Attack420
|j|☆Lewy
|t:|1743938656
|gametype|singles
|player|p1|Panic_Attack420|ghetsis|1141
|player|p2|Lewy|hilbert|1109
|teamsize|p1|6
|teamsize|p2|6
|gen|9
|tier|[Gen 9] OU
|rated|
|rule|HP Percentage Mod: HP is shown in percentages
|rule|Endless Battle Clause: Forcing endless battles is banned
|rule|Species Clause: Limit one of each Pokémon
|rule|OHKO Clause: OHKO moves are banned
|rule|Evasion Items Clause: Evasion items are banned
|rule|Evasion Moves Clause: Evasion moves are banned
|rule|Sleep Moves Clause: Sleep-inducing moves are banned
|clearpoke
|poke|p1|Tinkaton, F|
|poke|p1|Samurott-Hisui, M|
|poke|p1|Ceruledge, M|
|poke|p1|Meowscarada, F|
|poke|p1|Ting-Lu|
|poke|p1|Ogerpon-Wellspring, F|
|poke|p2|Jirachi|
|poke|p2|Arcanine-Hisui, F|
|poke|p2|Moltres|
|poke|p2|Iron Treads|
|poke|p2|Enamorus, F|
|poke|p2|Landorus-Therian, M|
|teampreview
|inactive|Battle timer is ON: inactive players will automatically lose when time's up. (requested by Panic_Attack420)
|c|☆Panic_Attack420|gl
|
|t:|1743938663
|start
|switch|p1a: Gremlin|Tinkaton, F|100/100
|switch|p2a: L|Landorus-Therian, M|100/100
|-ability|p1a: Gremlin|Mold Breaker
|-ability|p2a: L|Intimidate|boost
|-unboost|p1a: Gremlin|atk|1
|turn|1
|
|t:|1743938672
|move|p1a: Gremlin|Fake Out|p2a: L
|-damage|p2a: L|94/100
|-damage|p1a: Gremlin|84/100|[from] item: Rocky Helmet|[of] p2a: L
|cant|p2a: L|flinch
|
|upkeep
|turn|2
|
|t:|1743938679
|switch|p1a: Ogerpon|Ogerpon-Wellspring, F|100/100
|move|p2a: L|Taunt|p1a: Ogerpon
|-start|p1a: Ogerpon|move: Taunt
|
|upkeep
|turn|3
|
|t:|1743938686
|move|p1a: Ogerpon|Ivy Cudgel|p2a: L|[anim] Ivy Cudgel Water
|-supereffective|p2a: L
|-damage|p2a: L|0 fnt
|faint|p2a: L
|
|upkeep
|
|t:|1743938694
|switch|p2a: J|Jirachi|100/100
|turn|4
|c|☆Panic_Attack420|taunt lando t? never thought of that
|
|t:|1743938702
|move|p1a: Ogerpon|Ivy Cudgel|p2a: J|[anim] Ivy Cudgel Water
|-damage|p2a: J|46/100
|move|p2a: J|Thunder Wave|p1a: Ogerpon
|-status|p1a: Ogerpon|par
|
|-end|p1a: Ogerpon|move: Taunt
|upkeep
|turn|5
|
|t:|1743938718
|move|p2a: J|Healing Wish|p2a: J
|faint|p2a: J
|move|p1a: Ogerpon|Ivy Cudgel|p2: J|[notarget]
|-fail|p1a: Ogerpon
|
|upkeep
|c|☆Lewy|eh freak
|c|☆Panic_Attack420|?
|c|☆Lewy|i forgot what healing wish does
|c|☆Lewy|haha
|inactive|Lewy has 120 seconds left.
|c|☆Panic_Attack420|ohhh
|
|t:|1743938740
|switch|p2a: a|Arcanine-Hisui, F|100/100
|turn|6
|c|☆Panic_Attack420|fair
|c|☆Panic_Attack420|at least it wasn't a metronome incident
|c|☆Lewy|haha
|
|t:|1743938750
|-terastallize|p1a: Ogerpon|Water
|detailschange|p1a: Ogerpon|Ogerpon-Wellspring-Tera, F, tera:Water
|-ability|p1a: Ogerpon|Embody Aspect (Wellspring)|boost
|-boost|p1a: Ogerpon|spd|1
|move|p2a: a|Head Smash|p1a: Ogerpon
|-damage|p1a: Ogerpon|0 fnt
|faint|p1a: Ogerpon
|
|upkeep
|c|☆Panic_Attack420|ow
|
|t:|1743938760
|switch|p1a: Gremlin|Tinkaton, F|84/100
|-ability|p1a: Gremlin|Mold Breaker
|turn|7
|c|☆Panic_Attack420|that did more than expected
|
|t:|1743938768
|switch|p2a: m|Moltres|100/100
|move|p1a: Gremlin|Fake Out|p2a: m
|-damage|p2a: m|94/100
|
|upkeep
|turn|8
|c|☆Lewy|arcanine has only one job lol
|
|t:|1743938780
|switch|p1a: Sarge|Ceruledge, M|100/100
|move|p2a: m|Will-O-Wisp|p1a: Sarge
|-start|p1a: Sarge|ability: Flash Fire
|
|upkeep
|turn|9
|c|☆Panic_Attack420|fair
|
|t:|1743938793
|move|p1a: Sarge|Poltergeist|p2a: m|[miss]
|-miss|p1a: Sarge|p2a: m
|move|p2a: m|U-turn|p1a: Sarge
|-resisted|p1a: Sarge
|-damage|p1a: Sarge|96/100
|c|☆Panic_Attack420|well
|
|t:|1743938798
|switch|p2a: a|Arcanine-Hisui, F|100/100|[from] U-turn
|
|-heal|p1a: Sarge|100/100|[from] item: Leftovers
|upkeep
|turn|10
|c|☆Panic_Attack420|that is unfortunate
|
|t:|1743938806
|move|p2a: a|Head Smash|p1a: Sarge
|-supereffective|p1a: Sarge
|-damage|p1a: Sarge|0 fnt
|faint|p1a: Sarge
|
|upkeep
|
|t:|1743938811
|switch|p1a: Spike|Samurott-Hisui, M|100/100
|turn|11
|c|☆Panic_Attack420|is it choice scarf?
|
|t:|1743938818
|switch|p2a: m|Moltres|94/100
|-heal|p2a: m|100/100|[from] move: Healing Wish
|move|p1a: Spike|Aqua Jet|p2a: m
|-supereffective|p2a: m
|-damage|p2a: m|75/100
|
|upkeep
|turn|12
|
|t:|1743938830
|move|p1a: Spike|Aqua Cutter|p2a: m
|-supereffective|p2a: m
|-damage|p2a: m|3/100
|move|p2a: m|U-turn|p1a: Spike
|-supereffective|p1a: Spike
|-damage|p1a: Spike|62/100
|
|t:|1743938839
|switch|p2a: e|Enamorus, F|100/100|[from] U-turn
|
|upkeep
|turn|13
|
|t:|1743938847
|move|p2a: e|Moonblast|p1a: Spike
|-supereffective|p1a: Spike
|-damage|p1a: Spike|0 fnt
|faint|p1a: Spike
|
|upkeep
|
|t:|1743938853
|switch|p1a: Gremlin|Tinkaton, F|84/100
|-ability|p1a: Gremlin|Mold Breaker
|turn|14
|c|☆Lewy|i cant say that now haha
|
|t:|1743938866
|switch|p2a: m|Moltres|3/100
|move|p1a: Gremlin|Fake Out|p2a: m
|-damage|p2a: m|0 fnt
|-status|p1a: Gremlin|brn|[from] ability: Flame Body|[of] p2a: m
|faint|p2a: m
|
|-damage|p1a: Gremlin|78/100 brn|[from] brn
|upkeep
|c|☆Panic_Attack420|fair
|c|☆Panic_Attack420|a
|
|t:|1743938873
|switch|p2a: a|Arcanine-Hisui, F|100/100
|turn|15
|
|t:|1743938877
|move|p1a: Gremlin|Gigaton Hammer|p2a: a
|-damage|p2a: a|67/100
|move|p2a: a|Flare Blitz|p1a: Gremlin
|-supereffective|p1a: Gremlin
|-damage|p1a: Gremlin|0 fnt
|faint|p1a: Gremlin
|
|upkeep
|c|☆Panic_Attack420|the hammer snapped lmao
|
|t:|1743938889
|switch|p1a: Tom|Ting-Lu|100/100
|-ability|p1a: Tom|Vessel of Ruin
|turn|16
|
|t:|1743938894
|switch|p2a: e|Enamorus, F|100/100
|move|p1a: Tom|Earthquake|p2a: e
|-immune|p2a: e
|
|upkeep
|turn|17
|
|t:|1743938900
|move|p2a: e|Calm Mind|p2a: e
|-boost|p2a: e|spa|1
|-boost|p2a: e|spd|1
|move|p1a: Tom|Rock Slide|p2a: e
|-supereffective|p2a: e
|-damage|p2a: e|21/100
|
|-heal|p2a: e|27/100|[from] item: Leftovers
|upkeep
|turn|18
|c|☆Panic_Attack420|we might be cooked here fellas
|
|t:|1743938917
|move|p2a: e|Moonblast|p1a: Tom
|-supereffective|p1a: Tom
|-damage|p1a: Tom|37/100
|move|p1a: Tom|Rock Slide|p2a: e
|-supereffective|p2a: e
|-damage|p2a: e|0 fnt
|faint|p2a: e
|
|upkeep
|
|t:|1743938921
|switch|p2a: a|Arcanine-Hisui, F|67/100
|turn|19
|
|t:|1743938926
|move|p2a: a|Close Combat|p1a: Tom
|-supereffective|p1a: Tom
|-damage|p1a: Tom|0 fnt
|-unboost|p2a: a|def|1
|-unboost|p2a: a|spd|1
|faint|p1a: Tom
|
|upkeep
|
|t:|1743938932
|switch|p1a: Erin|Meowscarada, F|100/100
|turn|20
|
|t:|1743938941
|switch|p2a: i|Iron Treads|100/100
|-enditem|p2a: i|Booster Energy
|-activate|p2a: i|ability: Quark Drive|[fromitem]
|-start|p2a: i|quarkdrivespe
|move|p1a: Erin|Shadow Claw|p2a: i
|-start|p1a: Erin|typechange|Ghost|[from] ability: Protean
|-damage|p2a: i|73/100
|
|upkeep
|turn|21
|
|t:|1743938953
|move|p1a: Erin|Sucker Punch|p2a: i
|-damage|p2a: i|55/100
|move|p2a: i|Knock Off|p1a: Erin
|-supereffective|p1a: Erin
|-damage|p1a: Erin|9/100
|-enditem|p1a: Erin|Focus Sash|[from] move: Knock Off|[of] p2a: i
|
|upkeep
|turn|22
|c|☆Lewy|gg
|c|☆Panic_Attack420|gg
|
|t:|1743938964
|move|p1a: Erin|Sucker Punch|p2a: i
|-damage|p2a: i|36/100
|move|p2a: i|Knock Off|p1a: Erin
|-supereffective|p1a: Erin
|-damage|p1a: Erin|0 fnt
|faint|p1a: Erin
|
|win|Lewy
|raw|Panic_Attack420's rating: 1141 &rarr; <strong>1114</strong><br />(-27 for losing)
|raw|Lewy's rating: 1109 &rarr; <strong>1136</strong><br />(+27 for winning)
|c|☆Lewy|choice banded arcanine
|c|☆Panic_Attack420|ohhh
|c|☆Lewy|gg mate
