|j|☆minidraco66
|j|☆ClimberSam
|t:|1743924536
|gametype|singles
|player|p1|minidraco66|waiter-gen4dp|1127
|player|p2|ClimberSam|candice|1173
|teamsize|p1|6
|teamsize|p2|6
|gen|9
|tier|[Gen 9] OU
|rated|
|rule|HP Percentage Mod: HP is shown in percentages
|rule|Endless Battle Clause: Forcing endless battles is banned
|rule|Species Clause: Limit one of each Pokémon
|rule|OHKO Clause: OHKO moves are banned
|rule|Evasion Items Clause: Evasion items are banned
|rule|Evasion Moves Clause: Evasion moves are banned
|rule|Sleep Moves Clause: Sleep-inducing moves are banned
|clearpoke
|poke|p1|Iron Moth|
|poke|p1|Landorus-Therian, M|
|poke|p1|Pecharunt|
|poke|p1|Dragonite, F|
|poke|p1|Samurott-Hisui, M|
|poke|p1|Raging Bolt|
|poke|p2|Magnezone|
|poke|p2|Sinistcha|
|poke|p2|Ursaluna, F|
|poke|p2|Primarina, F|
|poke|p2|Darkrai|
|poke|p2|Zamazenta-*|
|teampreview
|inactive|Battle timer is ON: inactive players will automatically lose when time's up. (requested by ClimberSam)
|
|t:|1743924559
|start
|switch|p1a: Samurott|Samurott-Hisui, M|100/100
|switch|p2a: Primarina|Primarina, F|100/100
|turn|1
|inactive|minidraco66 has 120 seconds left.
|
|t:|1743924591
|switch|p1a: Pecharunt|Pecharunt|100/100
|-item|p1a: Pecharunt|Air Balloon
|move|p2a: Primarina|Draining Kiss|p1a: Pecharunt
|-resisted|p1a: Pecharunt
|-damage|p1a: Pecharunt|76/100
|-enditem|p1a: Pecharunt|Air Balloon
|
|upkeep
|turn|2
|
|t:|1743924607
|switch|p2a: Magnezone|Magnezone|100/100
|-item|p2a: Magnezone|Air Balloon
|move|p1a: Pecharunt|Malignant Chain|p2a: Magnezone
|-immune|p2a: Magnezone
|
|upkeep
|turn|3
|inactive|minidraco66 has 120 seconds left.
|
|t:|1743924626
|switch|p1a: Landorus|Landorus-Therian, M|100/100
|-ability|p1a: Landorus|Intimidate|boost
|-unboost|p2a: Magnezone|atk|1
|move|p2a: Magnezone|Thunderbolt|p1a: Landorus
|-immune|p1a: Landorus
|
|upkeep
|turn|4
|inactive|minidraco66 has 120 seconds left.
|
|t:|1743924640
|switch|p2a: Primarina|Primarina, F|100/100
|move|p1a: Landorus|Brick Break|p2a: Primarina
|-resisted|p2a: Primarina
|-damage|p2a: Primarina|84/100
|
|upkeep
|turn|5
|inactive|minidraco66 has 120 seconds left.
|
|t:|1743924679
|switch|p1a: Dragonite|Dragonite, F|100/100
|move|p2a: Primarina|Psychic Noise|p1a: Dragonite
|-damage|p1a: Dragonite|79/100
|-start|p1a: Dragonite|move: Heal Block
|
|upkeep
|turn|6
|inactive|minidraco66 has 90 seconds left.
|
|t:|1743924702
|switch|p2a: Magnezone|Magnezone|100/100
|-item|p2a: Magnezone|Air Balloon
|-terastallize|p1a: Dragonite|Normal
|move|p1a: Dragonite|Extreme Speed|p2a: Magnezone
|-resisted|p2a: Magnezone
|-damage|p2a: Magnezone|76/100
|-enditem|p2a: Magnezone|Air Balloon
|
|-end|p1a: Dragonite|move: Heal Block
|upkeep
|turn|7
|inactive|minidraco66 has 90 seconds left.
|
|t:|1743924713
|switch|p1a: Landorus|Landorus-Therian, M|100/100
|-ability|p1a: Landorus|Intimidate|boost
|-unboost|p2a: Magnezone|atk|1
|-terastallize|p2a: Magnezone|Fighting
|move|p2a: Magnezone|Body Press|p1a: Landorus
|-resisted|p1a: Landorus
|-damage|p1a: Landorus|77/100
|
|upkeep
|turn|8
|inactive|minidraco66 has 90 seconds left.
|
|t:|1743924719
|move|p1a: Landorus|Earthquake|p2a: Magnezone
|-damage|p2a: Magnezone|33/100
|move|p2a: Magnezone|Iron Defense|p2a: Magnezone
|-boost|p2a: Magnezone|def|2
|
|upkeep
|turn|9
|
|t:|1743924728
|move|p1a: Landorus|Earthquake|p2a: Magnezone
|-damage|p2a: Magnezone|12/100
|move|p2a: Magnezone|Body Press|p1a: Landorus
|-resisted|p1a: Landorus
|-damage|p1a: Landorus|29/100
|
|upkeep
|turn|10
|
|t:|1743924736
|switch|p2a: Sinistcha|Sinistcha|100/100
|move|p1a: Landorus|Earthquake|p2a: Sinistcha
|-resisted|p2a: Sinistcha
|-damage|p2a: Sinistcha|81/100
|
|upkeep
|turn|11
|
|t:|1743924745
|move|p1a: Landorus|Crunch|p2a: Sinistcha
|-supereffective|p2a: Sinistcha
|-damage|p2a: Sinistcha|33/100
|move|p2a: Sinistcha|Trick Room|p2a: Sinistcha
|-fieldstart|move: Trick Room|[of] p2a: Sinistcha
|
|upkeep
|turn|12
|
|t:|1743924753
|move|p2a: Sinistcha|Matcha Gotcha|p1a: Landorus
|-damage|p1a: Landorus|0 fnt
|-heal|p2a: Sinistcha|46/100|[from] drain|[of] p1a: Landorus
|faint|p1a: Landorus
|
|upkeep
|
|t:|1743924773
|switch|p1a: Pecharunt|Pecharunt|76/100
|turn|13
|
|t:|1743924784
|switch|p2a: Ursaluna|Ursaluna, F|100/100
|move|p1a: Pecharunt|Malignant Chain|p2a: Ursaluna
|-resisted|p2a: Ursaluna
|-damage|p2a: Ursaluna|81/100
|
|-status|p2a: Ursaluna|brn|[from] item: Flame Orb
|upkeep
|turn|14
|inactive|minidraco66 has 90 seconds left.
|
|t:|1743924818
|move|p2a: Ursaluna|Headlong Rush|p1a: Pecharunt
|-supereffective|p1a: Pecharunt
|-damage|p1a: Pecharunt|0 fnt
|-unboost|p2a: Ursaluna|def|1
|-unboost|p2a: Ursaluna|spd|1
|faint|p1a: Pecharunt
|
|-damage|p2a: Ursaluna|75/100 brn|[from] brn
|upkeep
|inactive|minidraco66 has 90 seconds left.
|l|☆minidraco66
|inactive|minidraco66 disconnected and has a minute to reconnect!
|player|p1|
|inactive|minidraco66 has 30 seconds to reconnect!
|inactive|minidraco66 has 20 seconds to reconnect!
|inactive|minidraco66 has 15 seconds to reconnect!
|inactive|minidraco66 has 10 seconds to reconnect!
|inactive|minidraco66 has 5 seconds to reconnect!
|-message|minidraco66 lost due to inactivity.
|
|win|ClimberSam
|raw|minidraco66's rating: 1127 &rarr; <strong>1105</strong><br />(-22 for losing)
|raw|ClimberSam's rating: 1173 &rarr; <strong>1195</strong><br />(+22 for winning)
|l|☆ClimberSam
|player|p2|
