|j|☆Barronmaster
|j|☆r1icard
|t:|1743800384
|gametype|singles
|player|p1|Barronmaster|2|1443
|player|p2|r1icard|dawn|1456
|teamsize|p1|6
|teamsize|p2|6
|gen|9
|tier|[Gen 9] OU
|rated|
|rule|HP Percentage Mod: HP is shown in percentages
|rule|Endless Battle Clause: Forcing endless battles is banned
|rule|Species Clause: Limit one of each Pokémon
|rule|OHKO Clause: OHKO moves are banned
|rule|Evasion Items Clause: Evasion items are banned
|rule|Evasion Moves Clause: Evasion moves are banned
|rule|Sleep Moves Clause: Sleep-inducing moves are banned
|clearpoke
|poke|p1|Hoopa-Unbound|
|poke|p1|Ninetales-Alola, F|
|poke|p1|Slowking-Galar, M|
|poke|p1|Cloyster, M|
|poke|p1|Zoroark, F|
|poke|p1|Indeedee, M|
|poke|p2|Keldeo|
|poke|p2|Meowscarada, M|
|poke|p2|Moltres|
|poke|p2|Slowking-Galar, F|
|poke|p2|Iron Treads|
|poke|p2|Kyurem|
|teampreview
|
|t:|1743800390
|start
|switch|p1a: Hoopa|Hoopa-Unbound|100/100
|switch|p2a: Meowscarada|Meowscarada, M|100/100
|turn|1
|
|t:|1743800395
|-terastallize|p1a: Hoopa|Fire
|move|p2a: Meowscarada|U-turn|p1a: Hoopa
|-start|p2a: Meowscarada|typechange|Bug|[from] ability: Protean
|-resisted|p1a: Hoopa
|-damage|p1a: Hoopa|68/100
|replace|p1a: Zoroark|Zoroark, F
|-end|p1a: Zoroark|Illusion
|
|t:|1743800403
|switch|p2a: Keldeo|Keldeo, shiny|100/100|[from] U-turn
|move|p1a: Zoroark|U-turn|p2a: Keldeo
|-resisted|p2a: Keldeo
|-damage|p2a: Keldeo|83/100
|-damage|p1a: Zoroark|59/100|[from] item: Life Orb
|
|t:|1743800406
|switch|p1a: Slowking|Slowking-Galar, M|100/100|[from] U-turn
|
|upkeep
|turn|2
|
|t:|1743800410
|move|p2a: Keldeo|Flip Turn|p1a: Slowking
|-damage|p1a: Slowking|84/100
|
|t:|1743800412
|switch|p2a: Slowking|Slowking-Galar, F|100/100|[from] Flip Turn
|move|p1a: Slowking|Trick Room|p1a: Slowking
|-fieldstart|move: Trick Room|[of] p1a: Slowking
|
|-heal|p1a: Slowking|90/100|[from] item: Leftovers
|upkeep
|turn|3
|
|t:|1743800418
|move|p1a: Slowking|Nasty Plot|p1a: Slowking
|-boost|p1a: Slowking|spa|2
|-prepare|p2a: Slowking|Chilly Reception|[premajor]
|move|p2a: Slowking|Chilly Reception|p2a: Slowking
|-weather|Snowscape
|
|t:|1743800421
|switch|p2a: Iron Treads|Iron Treads|100/100|[from] Chilly Reception
|
|-weather|Snowscape|[upkeep]
|-heal|p1a: Slowking|97/100|[from] item: Leftovers
|upkeep
|turn|4
|
|t:|1743800431
|move|p1a: Slowking|Flamethrower|p2a: Iron Treads
|-supereffective|p2a: Iron Treads
|-damage|p2a: Iron Treads|2/100
|move|p2a: Iron Treads|Earthquake|p1a: Slowking
|-supereffective|p1a: Slowking
|-damage|p1a: Slowking|13/100
|
|-weather|Snowscape|[upkeep]
|-heal|p1a: Slowking|19/100|[from] item: Leftovers
|upkeep
|turn|5
|
|t:|1743800438
|-end|p2a: Iron Treads|Quark Drive|[silent]
|switch|p2a: Moltres|Moltres|100/100
|move|p1a: Slowking|Flamethrower|p2a: Moltres
|-resisted|p2a: Moltres
|-damage|p2a: Moltres|72/100
|
|-weather|Snowscape|[upkeep]
|-heal|p1a: Slowking|25/100|[from] item: Leftovers
|upkeep
|turn|6
|
|t:|1743800441
|move|p1a: Slowking|Psychic Noise|p2a: Moltres
|-damage|p2a: Moltres|0 fnt
|faint|p2a: Moltres
|
|-weather|Snowscape|[upkeep]
|-heal|p1a: Slowking|31/100|[from] item: Leftovers
|-fieldend|move: Trick Room
|upkeep
|
|t:|1743800449
|switch|p2a: Meowscarada|Meowscarada, M|100/100
|turn|7
|
|t:|1743800456
|switch|p1a: Ninetales|Ninetales-Alola, F|100/100
|move|p2a: Meowscarada|U-turn|p1a: Ninetales
|-start|p2a: Meowscarada|typechange|Bug|[from] ability: Protean
|-resisted|p1a: Ninetales
|-damage|p1a: Ninetales|86/100
|
|t:|1743800463
|switch|p2a: Keldeo|Keldeo, shiny|83/100|[from] U-turn
|
|-weather|none
|upkeep
|turn|8
|
|t:|1743800471
|-terastallize|p2a: Keldeo|Water
|move|p1a: Ninetales|Moonblast|p2a: Keldeo
|-damage|p2a: Keldeo|43/100
|move|p2a: Keldeo|Hydro Pump|p1a: Ninetales
|-damage|p1a: Ninetales|0 fnt
|faint|p1a: Ninetales
|
|upkeep
|
|t:|1743800478
|switch|p1a: Hoopa|Hoopa-Unbound|100/100
|turn|9
|
|t:|1743800485
|switch|p2a: Iron Treads|Iron Treads|2/100
|move|p1a: Hoopa|Psychic Noise|p2a: Iron Treads
|-resisted|p2a: Iron Treads
|-damage|p2a: Iron Treads|0 fnt
|faint|p2a: Iron Treads
|-end|p2a: Iron Treads|Quark Drive|[silent]
|
|upkeep
|
|t:|1743800489
|switch|p2a: Meowscarada|Meowscarada, M|100/100
|turn|10
|
|t:|1743800497
|switch|p1a: Slowking|Slowking-Galar, M|64/100
|move|p2a: Meowscarada|U-turn|p1a: Slowking
|-start|p2a: Meowscarada|typechange|Bug|[from] ability: Protean
|-damage|p1a: Slowking|26/100
|
|t:|1743800519
|switch|p2a: Kyurem|Kyurem|100/100|[from] U-turn
|-ability|p2a: Kyurem|Pressure
|
|-heal|p1a: Slowking|32/100|[from] item: Leftovers
|upkeep
|turn|11
|
|t:|1743800524
|move|p2a: Kyurem|Icicle Spear|p1a: Slowking
|-damage|p1a: Slowking|15/100
|-damage|p1a: Slowking|0 fnt
|faint|p1a: Slowking
|-hitcount|p1: Slowking|2
|
|upkeep
|
|t:|1743800528
|switch|p1a: Hoopa|Hoopa-Unbound|100/100
|turn|12
|
|t:|1743800533
|move|p2a: Kyurem|Icicle Spear|p1a: Hoopa
|-damage|p1a: Hoopa|77/100
|-crit|p1a: Hoopa
|-damage|p1a: Hoopa|44/100
|-damage|p1a: Hoopa|20/100
|-damage|p1a: Hoopa|0 fnt
|faint|p1a: Hoopa
|-hitcount|p1: Hoopa|4
|
|upkeep
|
|t:|1743800537
|switch|p1a: Cloyster|Cloyster, M|100/100
|turn|13
|
|t:|1743800552
|move|p2a: Kyurem|Scale Shot|p1a: Cloyster
|-damage|p1a: Cloyster|89/100
|-damage|p1a: Cloyster|77/100
|-damage|p1a: Cloyster|66/100
|-damage|p1a: Cloyster|54/100
|-damage|p1a: Cloyster|43/100
|-hitcount|p1a: Cloyster|5
|-unboost|p2a: Kyurem|def|1
|-boost|p2a: Kyurem|spe|1
|move|p1a: Cloyster|Shell Smash|p1a: Cloyster
|-unboost|p1a: Cloyster|def|1
|-unboost|p1a: Cloyster|spd|1
|-boost|p1a: Cloyster|atk|2
|-boost|p1a: Cloyster|spa|2
|-boost|p1a: Cloyster|spe|2
|
|upkeep
|turn|14
|
|t:|1743800570
|move|p2a: Kyurem|Scale Shot|p1a: Cloyster
|-damage|p1a: Cloyster|24/100
|-damage|p1a: Cloyster|8/100
|-damage|p1a: Cloyster|0 fnt
|faint|p1a: Cloyster
|-hitcount|p1: Cloyster|3
|-unboost|p2a: Kyurem|def|1
|-boost|p2a: Kyurem|spe|1
|
|upkeep
|-message|Barronmaster forfeited.
|
|win|r1icard
|raw|Barronmaster's rating: 1443 &rarr; <strong>1424</strong><br />(-19 for losing)
|raw|r1icard's rating: 1456 &rarr; <strong>1475</strong><br />(+19 for winning)
|l|☆Barronmaster
|player|p1|
|l|☆r1icard
|player|p2|
