|j|☆RoutesReborn
|j|☆qwolff
|t:|1743821556
|gametype|singles
|player|p1|RoutesReborn|volkner|1277
|player|p2|qwolff|101|1308
|teamsize|p1|6
|teamsize|p2|6
|gen|9
|tier|[Gen 9] OU
|rated|
|rule|HP Percentage Mod: HP is shown in percentages
|rule|Endless Battle Clause: Forcing endless battles is banned
|rule|Species Clause: Limit one of each Pokémon
|rule|OHKO Clause: OHKO moves are banned
|rule|Evasion Items Clause: Evasion items are banned
|rule|Evasion Moves Clause: Evasion moves are banned
|rule|Sleep Moves Clause: Sleep-inducing moves are banned
|clearpoke
|poke|p1|Slowking-Galar, F|
|poke|p1|Landorus-Therian, M|
|poke|p1|Raging Bolt|
|poke|p1|Iron Valiant|
|poke|p1|Cinderace, F|
|poke|p1|Cacturne, M|
|poke|p2|Dragonite, F|
|poke|p2|Dragapult, F|
|poke|p2|Kyurem|
|poke|p2|Cinderace, F|
|poke|p2|Weavile, F|
|poke|p2|Iron Valiant|
|teampreview
|inactive|Battle timer is ON: inactive players will automatically lose when time's up. (requested by RoutesReborn)
|
|t:|1743821559
|start
|switch|p1a: Cacturne|Cacturne, M|100/100
|switch|p2a: Weavile|Weavile, F|100/100
|turn|1
|inactive|RoutesReborn has 120 seconds left.
|
|t:|1743821594
|switch|p1a: Slowking|Slowking-Galar, F|100/100
|move|p2a: Weavile|Triple Axel|p1a: Slowking
|-damage|p1a: Slowking|90/100
|-damage|p1a: Slowking|67/100
|-damage|p1a: Slowking|35/100
|-hitcount|p1a: Slowking|3
|
|upkeep
|turn|2
|inactive|RoutesReborn has 120 seconds left.
|
|t:|1743821607
|move|p2a: Weavile|Knock Off|p1a: Slowking
|-supereffective|p1a: Slowking
|-damage|p1a: Slowking|0 fnt
|-enditem|p1a: Slowking|Heavy-Duty Boots|[from] move: Knock Off|[of] p2a: Weavile
|faint|p1a: Slowking
|
|upkeep
|inactive|RoutesReborn has 120 seconds left.
|
|t:|1743821614
|switch|p1a: Cinderace|Cinderace, F|100/100
|turn|3
|
|t:|1743821630
|switch|p2a: Dragapult|Dragapult, F|100/100
|move|p1a: Cinderace|U-turn|p2a: Dragapult
|-start|p1a: Cinderace|typechange|Bug|[from] ability: Libero
|-resisted|p2a: Dragapult
|-damage|p2a: Dragapult|79/100
|inactive|RoutesReborn has 120 seconds left.
|
|t:|1743821647
|switch|p1a: Cacturne|Cacturne, M|100/100|[from] U-turn
|
|upkeep
|turn|4
|inactive|RoutesReborn has 120 seconds left.
|
|t:|1743821673
|move|p1a: Cacturne|Sucker Punch||[still]
|-fail|p1a: Cacturne
|move|p2a: Dragapult|Will-O-Wisp|p1a: Cacturne
|-status|p1a: Cacturne|brn
|
|-damage|p1a: Cacturne|94/100 brn|[from] brn
|upkeep
|turn|5
|inactive|qwolff has 120 seconds left.
|
|t:|1743821708
|move|p2a: Dragapult|Hex|p1a: Cacturne
|-resisted|p1a: Cacturne
|-damage|p1a: Cacturne|42/100 brn
|move|p1a: Cacturne|Leaf Storm|p2a: Dragapult
|-resisted|p2a: Dragapult
|-damage|p2a: Dragapult|40/100
|-unboost|p1a: Cacturne|spa|2
|
|-damage|p1a: Cacturne|36/100 brn|[from] brn
|upkeep
|turn|6
|
|t:|1743821719
|move|p1a: Cacturne|Sucker Punch|p2a: Dragapult
|-supereffective|p2a: Dragapult
|-damage|p2a: Dragapult|0 fnt
|faint|p2a: Dragapult
|
|-damage|p1a: Cacturne|30/100 brn|[from] brn
|upkeep
|
|t:|1743821722
|switch|p2a: Cinderace|Cinderace, F|100/100
|turn|7
|inactive|RoutesReborn has 120 seconds left.
|
|t:|1743821728
|move|p2a: Cinderace|U-turn|p1a: Cacturne
|-start|p2a: Cinderace|typechange|Bug|[from] ability: Libero
|-supereffective|p1a: Cacturne
|-damage|p1a: Cacturne|0 fnt
|faint|p1a: Cacturne
|
|t:|1743821732
|switch|p2a: Weavile|Weavile, F|100/100|[from] U-turn
|
|upkeep
|
|t:|1743821736
|switch|p1a: Cinderace|Cinderace, F|100/100
|turn|8
|
|t:|1743821748
|switch|p2a: Cinderace|Cinderace, F|100/100
|move|p1a: Cinderace|U-turn|p2a: Cinderace
|-start|p1a: Cinderace|typechange|Bug|[from] ability: Libero
|-resisted|p2a: Cinderace
|-damage|p2a: Cinderace|76/100
|
|t:|1743821756
|switch|p1a: Landorus|Landorus-Therian, M|100/100|[from] U-turn
|-ability|p1a: Landorus|Intimidate|boost
|-unboost|p2a: Cinderace|atk|1
|
|upkeep
|turn|9
|
|t:|1743821766
|move|p2a: Cinderace|Will-O-Wisp|p1a: Landorus
|-status|p1a: Landorus|brn
|move|p1a: Landorus|Stealth Rock|p2a: Cinderace
|-sidestart|p2: qwolff|move: Stealth Rock
|
|-damage|p1a: Landorus|94/100 brn|[from] brn
|upkeep
|turn|10
|
|t:|1743821774
|move|p2a: Cinderace|Court Change|p2a: Cinderace
|-start|p2a: Cinderace|typechange|Normal|[from] ability: Libero
|-swapsideconditions
|-activate|p2a: Cinderace|move: Court Change
|move|p1a: Landorus|U-turn|p2a: Cinderace
|-damage|p2a: Cinderace|59/100
|
|t:|1743821778
|switch|p1a: Cinderace|Cinderace, F|100/100|[from] U-turn
|
|upkeep
|turn|11
|
|t:|1743821787
|move|p2a: Cinderace|Court Change|p2a: Cinderace
|-swapsideconditions
|-activate|p2a: Cinderace|move: Court Change
|move|p1a: Cinderace|Pyro Ball|p2a: Cinderace
|-damage|p2a: Cinderace|0 fnt
|faint|p2a: Cinderace
|
|upkeep
|
|t:|1743821795
|switch|p2a: Iron Valiant|Iron Valiant|100/100
|-damage|p2a: Iron Valiant|94/100|[from] Stealth Rock
|-enditem|p2a: Iron Valiant|Booster Energy
|-activate|p2a: Iron Valiant|ability: Quark Drive|[fromitem]
|-start|p2a: Iron Valiant|quarkdrivespe
|turn|12
|
|t:|1743821810
|switch|p1a: Landorus|Landorus-Therian, M|94/100 brn
|-ability|p1a: Landorus|Intimidate|boost
|-unboost|p2a: Iron Valiant|atk|1
|move|p2a: Iron Valiant|Drain Punch|p1a: Landorus
|-resisted|p1a: Landorus
|-damage|p1a: Landorus|82/100 brn
|-heal|p2a: Iron Valiant|100/100|[from] drain|[of] p1a: Landorus
|-damage|p2a: Iron Valiant|84/100|[from] item: Rocky Helmet|[of] p1a: Landorus
|
|-damage|p1a: Landorus|76/100 brn|[from] brn
|upkeep
|turn|13
|
|t:|1743821824
|-end|p2a: Iron Valiant|Quark Drive|[silent]
|switch|p2a: Kyurem|Kyurem|100/100
|-damage|p2a: Kyurem|76/100|[from] Stealth Rock
|-ability|p2a: Kyurem|Pressure
|move|p1a: Landorus|U-turn|p2a: Kyurem
|-damage|p2a: Kyurem|65/100
|
|t:|1743821832
|switch|p1a: Cinderace|Cinderace, F|100/100|[from] U-turn
|
|upkeep
|turn|14
|inactive|qwolff has 120 seconds left.
|
|t:|1743821875
|move|p1a: Cinderace|Will-O-Wisp|p2a: Kyurem
|-status|p2a: Kyurem|brn
|move|p2a: Kyurem|Earth Power|p1a: Cinderace
|-supereffective|p1a: Cinderace
|-damage|p1a: Cinderace|0 fnt
|faint|p1a: Cinderace
|-damage|p2a: Kyurem|55/100 brn|[from] item: Life Orb
|
|-damage|p2a: Kyurem|49/100 brn|[from] brn
|upkeep
|inactive|RoutesReborn has 120 seconds left.
|
|t:|1743821910
|switch|p1a: Iron Valiant|Iron Valiant|100/100
|-enditem|p1a: Iron Valiant|Booster Energy
|-activate|p1a: Iron Valiant|ability: Quark Drive|[fromitem]
|-start|p1a: Iron Valiant|quarkdrivespe
|turn|15
|inactive|RoutesReborn has 120 seconds left.
|inactive|qwolff has 120 seconds left.
|
|t:|1743821938
|move|p1a: Iron Valiant|Moonblast|p2a: Kyurem
|-supereffective|p2a: Kyurem
|-damage|p2a: Kyurem|0 fnt
|faint|p2a: Kyurem
|
|upkeep
|inactive|qwolff has 90 seconds left.
|
|t:|1743821955
|switch|p2a: Dragonite|Dragonite, F|100/100
|turn|16
|inactive|RoutesReborn has 120 seconds left.
|
|t:|1743821975
|-end|p1a: Iron Valiant|Quark Drive|[silent]
|switch|p1a: Raging Bolt|Raging Bolt|100/100
|-enditem|p1a: Raging Bolt|Booster Energy
|-activate|p1a: Raging Bolt|ability: Protosynthesis|[fromitem]
|-start|p1a: Raging Bolt|protosynthesisspa
|move|p2a: Dragonite|Dragon Dance|p2a: Dragonite
|-boost|p2a: Dragonite|atk|1
|-boost|p2a: Dragonite|spe|1
|
|upkeep
|turn|17
|inactive|RoutesReborn has 120 seconds left.
|
|t:|1743822000
|-terastallize|p1a: Raging Bolt|Fairy
|move|p2a: Dragonite|Earthquake|p1a: Raging Bolt
|-damage|p1a: Raging Bolt|42/100
|move|p1a: Raging Bolt|Dragon Pulse|p2a: Dragonite
|-supereffective|p2a: Dragonite
|-damage|p2a: Dragonite|25/100
|
|upkeep
|turn|18
|
|t:|1743822008
|move|p2a: Dragonite|Extreme Speed|p1a: Raging Bolt
|-damage|p1a: Raging Bolt|1/100
|move|p1a: Raging Bolt|Thunderclap||[still]
|-fail|p1a: Raging Bolt
|
|upkeep
|turn|19
|
|t:|1743822013
|-end|p1a: Raging Bolt|Protosynthesis|[silent]
|switch|p1a: Landorus|Landorus-Therian, M|76/100 brn
|-ability|p1a: Landorus|Intimidate|boost
|-unboost|p2a: Dragonite|atk|1
|move|p2a: Dragonite|Extreme Speed|p1a: Landorus
|-damage|p1a: Landorus|47/100 brn
|-damage|p2a: Dragonite|9/100|[from] item: Rocky Helmet|[of] p1a: Landorus
|
|-damage|p1a: Landorus|41/100 brn|[from] brn
|upkeep
|turn|20
|inactive|qwolff has 120 seconds left.
|inactive|RoutesReborn has 120 seconds left.
|
|t:|1743822025
|move|p2a: Dragonite|Extreme Speed|p1a: Landorus
|-damage|p1a: Landorus|14/100 brn
|-damage|p2a: Dragonite|0 fnt|[from] item: Rocky Helmet|[of] p1a: Landorus
|faint|p2a: Dragonite
|move|p1a: Landorus|Taunt|p2: Dragonite|[notarget]
|-fail|p1a: Landorus
|
|-damage|p1a: Landorus|8/100 brn|[from] brn
|upkeep
|inactive|qwolff has 120 seconds left.
|
|t:|1743822037
|switch|p2a: Weavile|Weavile, F|100/100
|-damage|p2a: Weavile|76/100|[from] Stealth Rock
|turn|21
|
|t:|1743822043
|switch|p1a: Raging Bolt|Raging Bolt, tera:Fairy|1/100
|move|p2a: Weavile|Knock Off|p1a: Raging Bolt
|-resisted|p1a: Raging Bolt
|-damage|p1a: Raging Bolt|0 fnt
|faint|p1a: Raging Bolt
|-end|p1a: Raging Bolt|Protosynthesis|[silent]
|
|upkeep
|
|t:|1743822056
|switch|p1a: Landorus|Landorus-Therian, M|8/100 brn
|-ability|p1a: Landorus|Intimidate|boost
|-unboost|p2a: Weavile|atk|1
|turn|22
|
|t:|1743822064
|move|p2a: Weavile|Knock Off|p1a: Landorus
|-damage|p1a: Landorus|0 fnt
|-damage|p2a: Weavile|59/100|[from] item: Rocky Helmet|[of] p1a: Landorus
|-enditem|p1a: Landorus|Rocky Helmet|[from] move: Knock Off|[of] p2a: Weavile
|faint|p1a: Landorus
|
|upkeep
|
|t:|1743822069
|switch|p1a: Iron Valiant|Iron Valiant|100/100
|turn|23
|
|t:|1743822076
|move|p1a: Iron Valiant|Moonblast|p2a: Weavile
|-supereffective|p2a: Weavile
|-damage|p2a: Weavile|0 fnt
|faint|p2a: Weavile
|
|upkeep
|
|t:|1743822079
|switch|p2a: Iron Valiant|Iron Valiant|84/100
|-damage|p2a: Iron Valiant|78/100|[from] Stealth Rock
|turn|24
|c|☆RoutesReborn|May the speed tie win
|
|t:|1743822095
|-terastallize|p2a: Iron Valiant|Electric
|move|p2a: Iron Valiant|Spirit Break|p1a: Iron Valiant
|-supereffective|p1a: Iron Valiant
|-damage|p1a: Iron Valiant|2/100
|-unboost|p1a: Iron Valiant|spa|1
|move|p1a: Iron Valiant|Moonblast|p2a: Iron Valiant
|-damage|p2a: Iron Valiant|21/100
|
|upkeep
|turn|25
|c|☆RoutesReborn|Or that
|
|t:|1743822109
|move|p1a: Iron Valiant|Knock Off|p2a: Iron Valiant
|-damage|p2a: Iron Valiant|0 fnt
|faint|p2a: Iron Valiant
|-end|p2a: Iron Valiant|Quark Drive|[silent]
|
|win|RoutesReborn
|raw|RoutesReborn's rating: 1277 &rarr; <strong>1304</strong><br />(+27 for winning)
|raw|qwolff's rating: 1308 &rarr; <strong>1286</strong><br />(-22 for losing)
|c|☆RoutesReborn|Oh
|c|☆RoutesReborn|gg
