|j|‽norebuhl
|j|☆noobtoswsh
|t:|1743913473
|gametype|singles
|player|p1|norebuhl|101|1514
|player|p2|noobtoswsh|steven|1460
|teamsize|p1|6
|teamsize|p2|6
|gen|9
|tier|[Gen 9] OU
|rated|
|rule|HP Percentage Mod: HP is shown in percentages
|rule|Endless Battle Clause: Forcing endless battles is banned
|rule|Species Clause: Limit one of each Pokémon
|rule|OHKO Clause: OHKO moves are banned
|rule|Evasion Items Clause: Evasion items are banned
|rule|Evasion Moves Clause: Evasion moves are banned
|rule|Sleep Moves Clause: Sleep-inducing moves are banned
|clearpoke
|poke|p1|Dragonite, M|
|poke|p1|Kyurem|
|poke|p1|Ting-Lu|
|poke|p1|Iron Moth|
|poke|p1|Iron Valiant|
|poke|p1|Gholdengo|
|poke|p2|Gliscor, M|
|poke|p2|Glimmora, F|
|poke|p2|Gholdengo|
|poke|p2|Cinderace, F|
|poke|p2|Zamazenta-*|
|poke|p2|Dragonite, M|
|teampreview
|inactive|Battle timer is ON: inactive players will automatically lose when time's up. (requested by norebuhl)
|
|t:|1743913487
|start
|switch|p1a: Gholdengo|Gholdengo|100/100
|switch|p2a: Gliscor|Gliscor, M|100/100
|turn|1
|inactive|norebuhl has 120 seconds left.
|inactive|norebuhl has 90 seconds left.
|inactive|norebuhl has 60 seconds left.
|
|t:|1743913590
|move|p1a: Gholdengo|Trick|p2a: Gliscor
|-activate|p1a: Gholdengo|move: Trick|[of] p2a: Gliscor
|-item|p2a: Gliscor|Choice Scarf|[from] move: Trick
|-item|p1a: Gholdengo|Toxic Orb|[from] move: Trick
|move|p2a: Gliscor|Knock Off|p1a: Gholdengo
|-supereffective|p1a: Gholdengo
|-crit|p1a: Gholdengo
|-damage|p1a: Gholdengo|25/100
|-enditem|p1a: Gholdengo|Toxic Orb|[from] move: Knock Off|[of] p2a: Gliscor
|
|upkeep
|turn|2
|
|t:|1743913601
|switch|p1a: Iron Moth|Iron Moth|100/100
|-enditem|p1a: Iron Moth|Booster Energy
|-activate|p1a: Iron Moth|ability: Quark Drive|[fromitem]
|-start|p1a: Iron Moth|quarkdrivespe
|move|p2a: Gliscor|Knock Off|p1a: Iron Moth
|-damage|p1a: Iron Moth|82/100
|
|upkeep
|turn|3
|
|t:|1743913613
|switch|p2a: Glimmora|Glimmora, F|100/100
|move|p1a: Iron Moth|Fiery Dance|p2a: Glimmora
|-resisted|p2a: Glimmora
|-damage|p2a: Glimmora|70/100
|
|upkeep
|turn|4
|
|t:|1743913624
|-terastallize|p1a: Iron Moth|Fairy
|move|p1a: Iron Moth|Fiery Dance|p2a: Glimmora
|-resisted|p2a: Glimmora
|-damage|p2a: Glimmora|38/100
|move|p2a: Glimmora|Stealth Rock|p1a: Iron Moth
|-sidestart|p1: norebuhl|move: Stealth Rock
|
|upkeep
|turn|5
|
|t:|1743913636
|move|p1a: Iron Moth|Sludge Wave|p2a: Glimmora
|-resisted|p2a: Glimmora
|-damage|p2a: Glimmora|20/100
|move|p2a: Glimmora|Power Gem|p1a: Iron Moth
|-damage|p1a: Iron Moth|36/100
|
|upkeep
|turn|6
|
|t:|1743913641
|move|p1a: Iron Moth|Fiery Dance|p2a: Glimmora
|-resisted|p2a: Glimmora
|-damage|p2a: Glimmora|0 fnt
|-boost|p1a: Iron Moth|spa|1
|faint|p2a: Glimmora
|
|upkeep
|
|t:|1743913644
|switch|p2a: Dragonite|Dragonite, M|100/100
|turn|7
|
|t:|1743913650
|-end|p1a: Iron Moth|Quark Drive|[silent]
|switch|p1a: Gholdengo|Gholdengo|25/100
|-damage|p1a: Gholdengo|19/100|[from] Stealth Rock
|move|p2a: Dragonite|Extreme Speed|p1a: Gholdengo
|-immune|p1a: Gholdengo
|
|upkeep
|turn|8
|
|t:|1743913659
|move|p1a: Gholdengo|Dazzling Gleam|p2a: Dragonite
|-supereffective|p2a: Dragonite
|-damage|p2a: Dragonite|70/100
|move|p2a: Dragonite|Dragon Dance|p2a: Dragonite
|-boost|p2a: Dragonite|atk|1
|-boost|p2a: Dragonite|spe|1
|
|-heal|p2a: Dragonite|77/100|[from] item: Leftovers
|upkeep
|turn|9
|-message|norebuhl forfeited.
|
|win|noobtoswsh
|raw|norebuhl's rating: 1533 &rarr; <strong>1509</strong><br />(-24 for losing)
|raw|noobtoswsh's rating: 1460 &rarr; <strong>1484</strong><br />(+24 for winning)
|l|‽norebuhl
|player|p1|
|l|☆noobtoswsh
|player|p2|
