|j|☆ban Smogon council
|j|☆Skull93
|t:|1743936717
|gametype|singles
|player|p1|ban Smogon council|265|1251
|player|p2|Skull93|blue-gen1rbtwo|1299
|teamsize|p1|6
|teamsize|p2|6
|gen|9
|tier|[Gen 9] OU
|rated|
|rule|HP Percentage Mod: HP is shown in percentages
|rule|Endless Battle Clause: Forcing endless battles is banned
|rule|Species Clause: Limit one of each Pokémon
|rule|OHKO Clause: OHKO moves are banned
|rule|Evasion Items Clause: Evasion items are banned
|rule|Evasion Moves Clause: Evasion moves are banned
|rule|Sleep Moves Clause: Sleep-inducing moves are banned
|clearpoke
|poke|p1|Comfey, F|
|poke|p1|Lilligant-Hisui, F|
|poke|p1|Shiftry, F|
|poke|p1|Walking Wake|
|poke|p1|Great Tusk|
|poke|p1|Ninetales, F|
|poke|p2|Great Tusk|
|poke|p2|Glimmora, M|
|poke|p2|Zapdos|
|poke|p2|Gholdengo|
|poke|p2|Dragonite, M|
|poke|p2|Blaziken, M|
|teampreview
|inactive|Battle timer is ON: inactive players will automatically lose when time's up. (requested by Skull93)
|
|t:|1743936733
|start
|switch|p1a: Ninetales|Ninetales, F|100/100
|switch|p2a: Glimmora|Glimmora, M, shiny|100/100
|-weather|SunnyDay|[from] ability: Drought|[of] p1a: Ninetales
|turn|1
|
|t:|1743936753
|switch|p1a: Walking Wake|Walking Wake|100/100
|-activate|p1a: Walking Wake|ability: Protosynthesis
|-start|p1a: Walking Wake|protosynthesisspe
|move|p2a: Glimmora|Spikes|p1a: Walking Wake
|-sidestart|p1: ban Smogon council|Spikes
|
|-weather|SunnyDay|[upkeep]
|upkeep
|turn|2
|
|t:|1743936760
|move|p1a: Walking Wake|Hydro Steam|p2a: Glimmora
|-supereffective|p2a: Glimmora
|-enditem|p2a: Glimmora|Focus Sash
|-damage|p2a: Glimmora|1/100
|move|p2a: Glimmora|Spikes|p1a: Walking Wake
|-sidestart|p1: ban Smogon council|Spikes
|
|-weather|SunnyDay|[upkeep]
|upkeep
|turn|3
|
|t:|1743936764
|move|p1a: Walking Wake|Hydro Steam|p2a: Glimmora
|-supereffective|p2a: Glimmora
|-damage|p2a: Glimmora|0 fnt
|faint|p2a: Glimmora
|
|-weather|SunnyDay|[upkeep]
|upkeep
|
|t:|1743936769
|switch|p2a: Zapdos|Zapdos, shiny|100/100
|turn|4
|
|t:|1743936780
|-terastallize|p1a: Walking Wake|Steel
|move|p1a: Walking Wake|Hydro Steam|p2a: Zapdos
|-damage|p2a: Zapdos|43/100
|move|p2a: Zapdos|Roost|p2a: Zapdos
|-heal|p2a: Zapdos|93/100
|-singleturn|p2a: Zapdos|move: Roost
|
|-weather|SunnyDay|[upkeep]
|upkeep
|turn|5
|
|t:|1743936789
|move|p1a: Walking Wake|Hydro Steam|p2a: Zapdos
|-damage|p2a: Zapdos|38/100
|move|p2a: Zapdos|Heat Wave|p1a: Walking Wake
|-supereffective|p1a: Walking Wake
|-damage|p1a: Walking Wake|31/100
|-status|p1a: Walking Wake|brn
|
|-weather|SunnyDay|[upkeep]
|-damage|p1a: Walking Wake|25/100 brn|[from] brn
|upkeep
|turn|6
|
|t:|1743936807
|switch|p2a: Dragonite|Dragonite, M, shiny|100/100
|move|p1a: Walking Wake|Hydro Steam|p2a: Dragonite
|-resisted|p2a: Dragonite
|-damage|p2a: Dragonite|86/100
|
|-weather|SunnyDay|[upkeep]
|-damage|p1a: Walking Wake|19/100 brn|[from] brn
|upkeep
|turn|7
|
|t:|1743936820
|-end|p1a: Walking Wake|Protosynthesis|[silent]
|switch|p1a: Great Tusk|Great Tusk|100/100
|-damage|p1a: Great Tusk|84/100|[from] Spikes
|-activate|p1a: Great Tusk|ability: Protosynthesis
|-start|p1a: Great Tusk|protosynthesisspe
|switch|p2a: Zapdos|Zapdos, shiny|38/100
|
|-weather|SunnyDay|[upkeep]
|upkeep
|turn|8
|
|t:|1743936827
|move|p1a: Great Tusk|Rapid Spin|p2a: Zapdos
|-damage|p2a: Zapdos|24/100
|-boost|p1a: Great Tusk|spe|1
|-sideend|p1: ban Smogon council|Spikes|[from] move: Rapid Spin|[of] p1a: Great Tusk
|move|p2a: Zapdos|Discharge|p1a: Great Tusk
|-immune|p1a: Great Tusk
|
|-weather|none
|-end|p1a: Great Tusk|Protosynthesis
|upkeep
|turn|9
|
|t:|1743936837
|move|p1a: Great Tusk|Ice Spinner|p2a: Zapdos
|-supereffective|p2a: Zapdos
|-damage|p2a: Zapdos|0 fnt
|faint|p2a: Zapdos
|
|upkeep
|
|t:|1743936841
|switch|p2a: Great Tusk|Great Tusk, shiny|100/100
|-enditem|p2a: Great Tusk|Booster Energy
|-activate|p2a: Great Tusk|ability: Protosynthesis|[fromitem]
|-start|p2a: Great Tusk|protosynthesisatk
|turn|10
|
|t:|1743936855
|move|p1a: Great Tusk|Ice Spinner|p2a: Great Tusk
|-supereffective|p2a: Great Tusk
|-damage|p2a: Great Tusk|69/100
|move|p2a: Great Tusk|Rapid Spin|p1a: Great Tusk
|-damage|p1a: Great Tusk|69/100
|-boost|p2a: Great Tusk|spe|1
|-damage|p2a: Great Tusk|52/100|[from] item: Rocky Helmet|[of] p1a: Great Tusk
|
|upkeep
|turn|11
|
|t:|1743936862
|move|p1a: Great Tusk|Ice Spinner|p2a: Great Tusk
|-supereffective|p2a: Great Tusk
|-damage|p2a: Great Tusk|24/100
|move|p2a: Great Tusk|Bulk Up|p2a: Great Tusk
|-boost|p2a: Great Tusk|atk|1
|-boost|p2a: Great Tusk|def|1
|
|upkeep
|turn|12
|
|t:|1743936870
|move|p1a: Great Tusk|Ice Spinner|p2a: Great Tusk
|-supereffective|p2a: Great Tusk
|-damage|p2a: Great Tusk|6/100
|move|p2a: Great Tusk|Close Combat|p1a: Great Tusk
|-damage|p1a: Great Tusk|0 fnt
|-unboost|p2a: Great Tusk|def|1
|-unboost|p2a: Great Tusk|spd|1
|-damage|p2a: Great Tusk|0 fnt|[from] item: Rocky Helmet|[of] p1a: Great Tusk
|faint|p1a: Great Tusk
|-end|p1a: Great Tusk|Protosynthesis|[silent]
|faint|p2a: Great Tusk
|-end|p2a: Great Tusk|Protosynthesis|[silent]
|
|upkeep
|
|t:|1743936890
|switch|p1a: Ninetales|Ninetales, F|100/100
|switch|p2a: Blaziken|Blaziken, M, shiny|100/100
|-weather|SunnyDay|[from] ability: Drought|[of] p1a: Ninetales
|turn|13
|
|t:|1743936904
|move|p1a: Ninetales|Encore||[still]
|-fail|p1a: Ninetales
|move|p2a: Blaziken|Focus Energy|p2a: Blaziken
|-start|p2a: Blaziken|move: Focus Energy
|
|-weather|SunnyDay|[upkeep]
|-ability|p2a: Blaziken|Speed Boost|boost
|-boost|p2a: Blaziken|spe|1
|upkeep
|turn|14
|
|t:|1743936909
|move|p2a: Blaziken|Earthquake|p1a: Ninetales
|-supereffective|p1a: Ninetales
|-crit|p1a: Ninetales
|-damage|p1a: Ninetales|0 fnt
|faint|p1a: Ninetales
|
|-weather|SunnyDay|[upkeep]
|-ability|p2a: Blaziken|Speed Boost|boost
|-boost|p2a: Blaziken|spe|1
|upkeep
|
|t:|1743936927
|switch|p1a: Lilligant|Lilligant-Hisui, F|100/100
|turn|15
|
|t:|1743936932
|move|p1a: Lilligant|Axe Kick|p2a: Blaziken|[miss]
|-miss|p1a: Lilligant|p2a: Blaziken
|-damage|p1a: Lilligant|51/100|[from] highjumpkick
|move|p2a: Blaziken|Overheat|p1a: Lilligant
|-supereffective|p1a: Lilligant
|-crit|p1a: Lilligant
|-damage|p1a: Lilligant|0 fnt
|-unboost|p2a: Blaziken|spa|2
|faint|p1a: Lilligant
|
|-weather|SunnyDay|[upkeep]
|-ability|p2a: Blaziken|Speed Boost|boost
|-boost|p2a: Blaziken|spe|1
|upkeep
|
|t:|1743936941
|switch|p1a: Shiftry|Shiftry, F|100/100
|turn|16
|
|t:|1743936949
|move|p2a: Blaziken|Overheat|p1a: Shiftry
|-supereffective|p1a: Shiftry
|-crit|p1a: Shiftry
|-damage|p1a: Shiftry|0 fnt
|-unboost|p2a: Blaziken|spa|2
|faint|p1a: Shiftry
|
|-weather|SunnyDay|[upkeep]
|-ability|p2a: Blaziken|Speed Boost|boost
|-boost|p2a: Blaziken|spe|1
|upkeep
|l|☆ban Smogon council
|inactive|ban Smogon council disconnected and has a minute to reconnect!
|player|p1|
|inactive|ban Smogon council has 30 seconds to reconnect!
|inactive|ban Smogon council has 20 seconds to reconnect!
|inactive|ban Smogon council has 15 seconds to reconnect!
|inactive|ban Smogon council has 10 seconds to reconnect!
|inactive|ban Smogon council has 5 seconds to reconnect!
|-message|ban Smogon council lost due to inactivity.
|
|win|Skull93
|raw|ban Smogon council's rating: 1251 &rarr; <strong>1229</strong><br />(-22 for losing)
|raw|Skull93's rating: 1299 &rarr; <strong>1321</strong><br />(+22 for winning)
|l|☆Skull93
|player|p2|
