|j|☆Itsterra
|j|☆metakill4r
|t:|1743827844
|gametype|singles
|player|p1|Itsterra|lacey|1567
|player|p2|metakill4r|boarder|1587
|teamsize|p1|6
|teamsize|p2|6
|gen|9
|tier|[Gen 9] OU
|rated|
|rule|HP Percentage Mod: HP is shown in percentages
|rule|Endless Battle Clause: Forcing endless battles is banned
|rule|Species Clause: Limit one of each Pokémon
|rule|OHKO Clause: OHKO moves are banned
|rule|Evasion Items Clause: Evasion items are banned
|rule|Evasion Moves Clause: Evasion moves are banned
|rule|Sleep Moves Clause: Sleep-inducing moves are banned
|clearpoke
|poke|p1|Dragapult, F|
|poke|p1|Primarina, F|
|poke|p1|Iron Crown|
|poke|p1|Samurott-Hisui, M|
|poke|p1|Kingambit, M|
|poke|p1|Landorus-Therian, M|
|poke|p2|Ninetales-Alola, F|
|poke|p2|Great Tusk|
|poke|p2|Slowking-Galar, M|
|poke|p2|Kyurem|
|poke|p2|Gholdengo|
|poke|p2|Greninja-*, M|
|teampreview
|inactive|Battle timer is ON: inactive players will automatically lose when time's up. (requested by metakill4r)
|
|t:|1743827857
|start
|switch|p1a: Iron Crown|Iron Crown|100/100
|switch|p2a: Ninetales|Ninetales-Alola, F|100/100
|-weather|Snowscape|[from] ability: Snow Warning|[of] p2a: Ninetales
|turn|1
|
|t:|1743827864
|move|p2a: Ninetales|Aurora Veil|p2a: Ninetales
|-sidestart|p2: metakill4r|move: Aurora Veil
|move|p1a: Iron Crown|Tachyon Cutter|p2a: Ninetales
|-supereffective|p2a: Ninetales
|-damage|p2a: Ninetales|52/100
|-supereffective|p2a: Ninetales
|-damage|p2a: Ninetales|0 fnt
|faint|p2a: Ninetales
|-hitcount|p2: Ninetales|2
|
|-weather|Snowscape|[upkeep]
|upkeep
|inactive|metakill4r has 120 seconds left.
|
|t:|1743827899
|switch|p2a: Slowking|Slowking-Galar, M|100/100
|turn|2
|inactive|Itsterra has 120 seconds left.
|
|t:|1743827953
|move|p1a: Iron Crown|Volt Switch|p2a: Slowking
|-damage|p2a: Slowking|95/100
|
|t:|1743827962
|-end|p1a: Iron Crown|Quark Drive|[silent]
|switch|p1a: Samurott|Samurott-Hisui, M|100/100|[from] Volt Switch
|move|p2a: Slowking|Flamethrower|p1a: Samurott
|-resisted|p1a: Samurott
|-damage|p1a: Samurott|79/100
|
|-weather|Snowscape|[upkeep]
|upkeep
|turn|3
|inactive|Itsterra has 90 seconds left.
|inactive|metakill4r has 120 seconds left.
|
|t:|1743828011
|switch|p2a: Temu Mamo|Great Tusk|100/100
|-enditem|p2a: Temu Mamo|Booster Energy
|-activate|p2a: Temu Mamo|ability: Protosynthesis|[fromitem]
|-start|p2a: Temu Mamo|protosynthesisatk
|move|p1a: Samurott|Ceaseless Edge|p2a: Temu Mamo
|-resisted|p2a: Temu Mamo
|-damage|p2a: Temu Mamo|93/100
|-sidestart|p2: metakill4r|Spikes
|
|-weather|Snowscape|[upkeep]
|upkeep
|turn|4
|inactive|Itsterra has 90 seconds left.
|inactive|Itsterra has 60 seconds left.
|
|t:|1743828068
|switch|p1a: Landorus|Landorus-Therian, M|100/100
|-ability|p1a: Landorus|Intimidate|boost
|-unboost|p2a: Temu Mamo|atk|1
|move|p2a: Temu Mamo|Stealth Rock|p1a: Landorus
|-sidestart|p1: Itsterra|move: Stealth Rock
|
|-weather|Snowscape|[upkeep]
|upkeep
|turn|5
|
|t:|1743828083
|move|p2a: Temu Mamo|Rapid Spin|p1a: Landorus
|-damage|p1a: Landorus|90/100
|-boost|p2a: Temu Mamo|spe|1
|-damage|p2a: Temu Mamo|76/100|[from] item: Rocky Helmet|[of] p1a: Landorus
|-sideend|p2: metakill4r|Spikes|[from] move: Rapid Spin|[of] p2a: Temu Mamo
|move|p1a: Landorus|Grass Knot|p2a: Temu Mamo
|-supereffective|p2a: Temu Mamo
|-damage|p2a: Temu Mamo|37/100
|
|-weather|none
|upkeep
|turn|6
|inactive|Itsterra has 30 seconds left.
|
|t:|1743828100
|move|p2a: Temu Mamo|Ice Spinner|p1a: Landorus
|-supereffective|p1a: Landorus
|-damage|p1a: Landorus|21/100
|-damage|p2a: Temu Mamo|21/100|[from] item: Rocky Helmet|[of] p1a: Landorus
|move|p1a: Landorus|Grass Knot|p2a: Temu Mamo
|-supereffective|p2a: Temu Mamo
|-damage|p2a: Temu Mamo|0 fnt
|faint|p2a: Temu Mamo
|-end|p2a: Temu Mamo|Protosynthesis|[silent]
|
|upkeep
|
|t:|1743828124
|switch|p2a: Gholdengo|Gholdengo|100/100
|turn|7
|inactive|Itsterra has 30 seconds left.
|
|t:|1743828148
|-terastallize|p2a: Gholdengo|Fairy
|move|p2a: Gholdengo|Dazzling Gleam|p1a: Landorus
|-damage|p1a: Landorus|0 fnt
|faint|p1a: Landorus
|
|upkeep
|inactive|Itsterra has 30 seconds left this turn.
|inactive|Itsterra has 20 seconds left.
|inactive|Itsterra has 15 seconds left.
|inactive|Itsterra has 10 seconds left.
|
|t:|1743828171
|switch|p1a: Samurott|Samurott-Hisui, M|79/100
|turn|8
|inactive|Itsterra has 20 seconds left this turn.
|
|t:|1743828175
|switch|p1a: Iron Crown|Iron Crown|100/100
|-damage|p1a: Iron Crown|94/100|[from] Stealth Rock
|move|p2a: Gholdengo|Dazzling Gleam|p1a: Iron Crown
|-resisted|p1a: Iron Crown
|-damage|p1a: Iron Crown|81/100
|
|-sideend|p2: metakill4r|move: Aurora Veil
|upkeep
|turn|9
|inactive|Itsterra has 30 seconds left this turn.
|inactive|metakill4r has 120 seconds left.
|
|t:|1743828184
|switch|p2a: Slowking|Slowking-Galar, M|100/100
|move|p1a: Iron Crown|Tachyon Cutter|p2a: Slowking
|-damage|p2a: Slowking|89/100
|-damage|p2a: Slowking|77/100
|-hitcount|p2a: Slowking|2
|
|upkeep
|turn|10
|inactive|Itsterra has 30 seconds left.
|inactive|Itsterra has 20 seconds left.
|inactive|metakill4r has 120 seconds left.
|inactive|Itsterra has 15 seconds left.
|inactive|Itsterra has 10 seconds left.
|
|t:|1743828212
|-end|p1a: Iron Crown|Quark Drive|[silent]
|switch|p1a: Dragapult|Dragapult, F|100/100
|-damage|p1a: Dragapult|88/100|[from] Stealth Rock
|move|p2a: Slowking|Sludge Bomb|p1a: Dragapult
|-resisted|p1a: Dragapult
|-damage|p1a: Dragapult|58/100
|
|upkeep
|turn|11
|inactive|Itsterra has 20 seconds left this turn.
|inactive|Itsterra has 15 seconds left.
|inactive|Itsterra has 10 seconds left.
|inactive|metakill4r has 120 seconds left.
|
|t:|1743828228
|move|p1a: Dragapult|U-turn|p2a: Slowking
|-damage|p2a: Slowking|41/100
|inactive|Itsterra has 15 seconds left this turn.
|inactive|Itsterra has 10 seconds left.
|
|t:|1743828234
|switch|p1a: Samurott|Samurott-Hisui, M|79/100|[from] U-turn
|move|p2a: Slowking|Ice Beam|p1a: Samurott
|-resisted|p1a: Samurott
|-damage|p1a: Samurott|59/100
|
|upkeep
|turn|12
|inactive|Itsterra has 20 seconds left this turn.
|inactive|Itsterra has 15 seconds left.
|inactive|Itsterra has 10 seconds left.
|
|t:|1743828245
|switch|p2a: Kyurem|Kyurem|100/100
|-ability|p2a: Kyurem|Pressure
|move|p1a: Samurott|Ceaseless Edge|p2a: Kyurem
|-damage|p2a: Kyurem|56/100
|-sidestart|p2: metakill4r|Spikes
|
|upkeep
|turn|13
|inactive|Itsterra has 20 seconds left this turn.
|inactive|Itsterra has 15 seconds left.
|inactive|Itsterra has 10 seconds left.
|inactive|metakill4r has 120 seconds left.
|
|t:|1743828265
|switch|p1a: Iron Crown|Iron Crown|81/100
|-damage|p1a: Iron Crown|75/100|[from] Stealth Rock
|move|p2a: Kyurem|Scale Shot|p1a: Iron Crown
|-resisted|p1a: Iron Crown
|-damage|p1a: Iron Crown|67/100
|-resisted|p1a: Iron Crown
|-damage|p1a: Iron Crown|61/100
|-resisted|p1a: Iron Crown
|-damage|p1a: Iron Crown|54/100
|-resisted|p1a: Iron Crown
|-damage|p1a: Iron Crown|47/100
|-resisted|p1a: Iron Crown
|-damage|p1a: Iron Crown|40/100
|-hitcount|p1a: Iron Crown|5
|-unboost|p2a: Kyurem|def|1
|-boost|p2a: Kyurem|spe|1
|
|upkeep
|turn|14
|inactive|Itsterra has 20 seconds left this turn.
|inactive|Itsterra has 15 seconds left.
|inactive|metakill4r has 120 seconds left.
|inactive|Itsterra has 10 seconds left.
|inactive|Itsterra has 5 seconds left.
|
|t:|1743828281
|switch|p2a: Slowking|Slowking-Galar, M|74/100
|-damage|p2a: Slowking|62/100|[from] Spikes
|move|p1a: Iron Crown|Tachyon Cutter|p2a: Slowking
|-damage|p2a: Slowking|48/100
|-damage|p2a: Slowking|36/100
|-hitcount|p2a: Slowking|2
|
|upkeep
|turn|15
|inactive|Itsterra has 15 seconds left this turn.
|inactive|Itsterra has 10 seconds left.
|inactive|Itsterra has 5 seconds left.
|inactive|metakill4r has 120 seconds left.
|
|t:|1743828293
|switch|p2a: Gholdengo|Gholdengo, tera:Fairy|100/100
|-damage|p2a: Gholdengo|88/100|[from] Spikes
|move|p1a: Iron Crown|Tachyon Cutter|p2a: Gholdengo
|-supereffective|p2a: Gholdengo
|-damage|p2a: Gholdengo|35/100
|-supereffective|p2a: Gholdengo
|-damage|p2a: Gholdengo|0 fnt
|faint|p2a: Gholdengo
|-hitcount|p2: Gholdengo|2
|
|upkeep
|inactive|Itsterra has 10 seconds left this turn.
|inactive|metakill4r has 120 seconds left.
|
|t:|1743828302
|switch|p2a: Greninja|Greninja, M|100/100
|-damage|p2a: Greninja|88/100|[from] Spikes
|turn|16
|inactive|Itsterra has 20 seconds left this turn.
|inactive|Itsterra has 15 seconds left.
|inactive|Itsterra has 10 seconds left.
|inactive|Itsterra has 5 seconds left.
|
|t:|1743828318
|switch|p2a: Slowking|Slowking-Galar, M|70/100
|-damage|p2a: Slowking|57/100|[from] Spikes
|-end|p1a: Iron Crown|Quark Drive|[silent]
|switch|p1a: Kingambit|Kingambit, M|100/100
|-damage|p1a: Kingambit|94/100|[from] Stealth Rock
|-activate|p1a: Kingambit|ability: Supreme Overlord
|-start|p1a: Kingambit|fallen1|[silent]
|
|-heal|p1a: Kingambit|100/100|[from] item: Leftovers
|upkeep
|turn|17
|inactive|Itsterra has 15 seconds left this turn.
|inactive|Itsterra has 10 seconds left.
|inactive|Itsterra has 5 seconds left.
|
|t:|1743828328
|switch|p2a: Kyurem|Kyurem|56/100
|-damage|p2a: Kyurem|43/100|[from] Spikes
|-ability|p2a: Kyurem|Pressure
|move|p1a: Kingambit|Kowtow Cleave|p2a: Kyurem
|-damage|p2a: Kyurem|0 fnt
|faint|p2a: Kyurem
|
|upkeep
|inactive|Itsterra has 10 seconds left this turn.
|
|t:|1743828338
|switch|p2a: Greninja|Greninja, M|88/100
|-damage|p2a: Greninja|76/100|[from] Spikes
|turn|18
|inactive|Itsterra has 20 seconds left this turn.
|inactive|Itsterra has 15 seconds left.
|inactive|Itsterra has 10 seconds left.
|
|t:|1743828350
|move|p2a: Greninja|Surf|p1a: Kingambit
|-damage|p1a: Kingambit|51/100
|-damage|p2a: Greninja|66/100|[from] item: Life Orb
|move|p1a: Kingambit|Kowtow Cleave|p2a: Greninja
|-resisted|p2a: Greninja
|-damage|p2a: Greninja|23/100
|
|-heal|p1a: Kingambit|57/100|[from] item: Leftovers
|upkeep
|turn|19
|inactive|Itsterra has 20 seconds left this turn.
|inactive|Itsterra has 15 seconds left.
|inactive|Itsterra has 10 seconds left.
|
|t:|1743828360
|move|p2a: Greninja|Water Shuriken|p1a: Kingambit
|-damage|p1a: Kingambit|48/100
|-damage|p1a: Kingambit|39/100
|-damage|p1a: Kingambit|30/100
|-hitcount|p1a: Kingambit|3
|-damage|p2a: Greninja|13/100|[from] item: Life Orb
|move|p1a: Kingambit|Kowtow Cleave|p2a: Greninja
|-resisted|p2a: Greninja
|-damage|p2a: Greninja|0 fnt
|faint|p2a: Greninja
|
|-heal|p1a: Kingambit|36/100|[from] item: Leftovers
|upkeep
|inactive|Itsterra has 15 seconds left this turn.
|-message|metakill4r forfeited.
|
|win|Itsterra
|inactive|Itsterra has 20 seconds left this turn.
|raw|Itsterra's rating: 1567 &rarr; <strong>1588</strong><br />(+21 for winning)
|raw|metakill4r's rating: 1587 &rarr; <strong>1566</strong><br />(-21 for losing)
|l|☆metakill4r
|player|p2|
