|j|☆typhoon9
|j|☆Kainoa55
|t:|1743886555
|gametype|singles
|player|p1|typhoon9|266|1178
|player|p2|Kainoa55|ingo|1220
|teamsize|p1|6
|teamsize|p2|6
|gen|9
|tier|[Gen 9] OU
|rated|
|rule|HP Percentage Mod: HP is shown in percentages
|rule|Endless Battle Clause: Forcing endless battles is banned
|rule|Species Clause: Limit one of each Pokémon
|rule|OHKO Clause: OHKO moves are banned
|rule|Evasion Items Clause: Evasion items are banned
|rule|Evasion Moves Clause: Evasion moves are banned
|rule|Sleep Moves Clause: Sleep-inducing moves are banned
|clearpoke
|poke|p1|Raging Bolt|
|poke|p1|Dragonite, F|
|poke|p1|Alomomola, M|
|poke|p1|Landorus-Therian, M|
|poke|p1|Araquanid, M|
|poke|p1|Kingambit, F|
|poke|p2|Eelektross, F|
|poke|p2|Gallade, M|
|poke|p2|Ursaluna, F|
|poke|p2|Salamence, M|
|poke|p2|Oricorio-Sensu, M|
|poke|p2|Lycanroc-Dusk, F|
|teampreview
|inactive|Battle timer is ON: inactive players will automatically lose when time's up. (requested by Kainoa55)
|inactive|typhoon9 also wants the timer to be on.
|
|t:|1743886564
|start
|switch|p1a: Landorus|Landorus-Therian, M|100/100
|switch|p2a: Lycanroc|Lycanroc-Dusk, F|100/100
|-ability|p1a: Landorus|Intimidate|boost
|-unboost|p2a: Lycanroc|atk|1
|turn|1
|
|t:|1743886573
|move|p2a: Lycanroc|Taunt|p1a: Landorus
|-start|p1a: Landorus|move: Taunt
|cant|p1a: Landorus|move: Taunt|Taunt
|
|upkeep
|turn|2
|
|t:|1743886579
|move|p2a: Lycanroc|Stealth Rock|p1a: Landorus
|-sidestart|p1: typhoon9|move: Stealth Rock
|move|p1a: Landorus|Earthquake|p2a: Lycanroc
|-supereffective|p2a: Lycanroc
|-enditem|p2a: Lycanroc|Focus Sash
|-damage|p2a: Lycanroc|1/100
|
|upkeep
|turn|3
|
|t:|1743886587
|move|p2a: Lycanroc|Endeavor|p1a: Landorus
|-damage|p1a: Landorus|1/100
|move|p1a: Landorus|U-turn|p2a: Lycanroc
|-damage|p2a: Lycanroc|0 fnt
|faint|p2a: Lycanroc
|
|t:|1743886596
|switch|p1a: Alomomola|Alomomola, M|100/100|[from] U-turn
|-damage|p1a: Alomomola|88/100|[from] Stealth Rock
|
|-heal|p1a: Alomomola|94/100|[from] item: Leftovers
|upkeep
|
|t:|1743886610
|switch|p2a: Oricorio|Oricorio-Sensu, M, shiny|100/100
|turn|4
|
|t:|1743886615
|move|p2a: Oricorio|Quiver Dance|p2a: Oricorio
|-boost|p2a: Oricorio|spa|1
|-boost|p2a: Oricorio|spd|1
|-boost|p2a: Oricorio|spe|1
|move|p1a: Alomomola|Wish|p1a: Alomomola
|
|-heal|p1a: Alomomola|100/100|[from] item: Leftovers
|upkeep
|turn|5
|
|t:|1743886624
|move|p2a: Oricorio|Quiver Dance|p2a: Oricorio
|-boost|p2a: Oricorio|spa|1
|-boost|p2a: Oricorio|spd|1
|-boost|p2a: Oricorio|spe|1
|move|p1a: Alomomola|Flip Turn|p2a: Oricorio
|-damage|p2a: Oricorio|73/100
|
|t:|1743886631
|switch|p1a: Landorus|Landorus-Therian, M|1/100|[from] Flip Turn
|-ability|p1a: Landorus|Intimidate|boost
|-unboost|p2a: Oricorio|atk|1
|
|-heal|p1a: Landorus|71/100|[from] move: Wish|[wisher] Alomomola
|upkeep
|turn|6
|
|t:|1743886652
|move|p2a: Oricorio|Revelation Dance|p1a: Landorus
|-damage|p1a: Landorus|0 fnt
|faint|p1a: Landorus
|
|upkeep
|
|t:|1743886659
|switch|p1a: Kingambit|Kingambit, F|100/100
|-damage|p1a: Kingambit|94/100|[from] Stealth Rock
|-activate|p1a: Kingambit|ability: Supreme Overlord
|-start|p1a: Kingambit|fallen1|[silent]
|turn|7
|
|t:|1743886675
|-terastallize|p2a: Oricorio|Fighting
|move|p1a: Kingambit|Sucker Punch|p2a: Oricorio
|-resisted|p2a: Oricorio
|-crit|p2a: Oricorio
|-damage|p2a: Oricorio|7/100
|-damage|p1a: Kingambit|84/100|[from] item: Life Orb
|move|p2a: Oricorio|Revelation Dance|p1a: Kingambit
|-supereffective|p1a: Kingambit
|-damage|p1a: Kingambit|0 fnt
|faint|p1a: Kingambit
|-end|p1a: Kingambit|fallen1|[silent]
|
|upkeep
|inactive|typhoon9 has 120 seconds left.
|l|☆typhoon9
|inactive|typhoon9 disconnected and has a minute to reconnect!
|player|p1|
|inactive|typhoon9 has 30 seconds to reconnect!
|inactive|typhoon9 has 20 seconds to reconnect!
|inactive|typhoon9 has 15 seconds to reconnect!
|inactive|typhoon9 has 10 seconds to reconnect!
|inactive|typhoon9 has 5 seconds to reconnect!
|-message|typhoon9 lost due to inactivity.
|
|win|Kainoa55
|raw|typhoon9's rating: 1178 &rarr; <strong>1156</strong><br />(-22 for losing)
|raw|Kainoa55's rating: 1220 &rarr; <strong>1242</strong><br />(+22 for winning)
|l|☆Kainoa55
|player|p2|
|j|☆typhoon9
|player|p1|typhoon9|266|
|l|☆typhoon9
|player|p1|
