|j|☆SGT89
|j|☆jxrx
|t:|1743863011
|gametype|singles
|player|p1|SGT89|collector|1334
|player|p2|jxrx|norman|1300
|teamsize|p1|6
|teamsize|p2|6
|gen|9
|tier|[Gen 9] OU
|rated|
|rule|HP Percentage Mod: HP is shown in percentages
|rule|Endless Battle Clause: Forcing endless battles is banned
|rule|Species Clause: Limit one of each Pokémon
|rule|OHKO Clause: OHKO moves are banned
|rule|Evasion Items Clause: Evasion items are banned
|rule|Evasion Moves Clause: Evasion moves are banned
|rule|Sleep Moves Clause: Sleep-inducing moves are banned
|clearpoke
|poke|p1|Lokix, M|
|poke|p1|Great Tusk|
|poke|p1|Slowking-Galar, M|
|poke|p1|Corviknight, F|
|poke|p1|Dragapult, M|
|poke|p1|Ogerpon-Wellspring, F|
|poke|p2|Great Tusk|
|poke|p2|Muk-Alola, F|
|poke|p2|Dragapult, M|
|poke|p2|Empoleon, M|
|poke|p2|Vileplume, M|
|poke|p2|Iron Moth|
|teampreview
|inactive|Battle timer is ON: inactive players will automatically lose when time's up. (requested by SGT89)
|inactive|jxrx has 120 seconds left.
|
|t:|1743863065
|start
|switch|p1a: Lokix|Lokix, M, shiny|100/100
|switch|p2a: Iron Moth|Iron Moth|100/100
|turn|1
|
|t:|1743863071
|switch|p1a: Slowking|Slowking-Galar, M|100/100
|move|p2a: Iron Moth|Fiery Dance|p1a: Slowking
|-damage|p1a: Slowking|70/100
|-boost|p2a: Iron Moth|spa|1
|
|upkeep
|turn|2
|
|t:|1743863083
|-end|p2a: Iron Moth|Quark Drive|[silent]
|switch|p2a: Muk|Muk-Alola, F|100/100
|-prepare|p1a: Slowking|Chilly Reception|[premajor]
|move|p1a: Slowking|Chilly Reception|p1a: Slowking
|-weather|Snowscape
|
|t:|1743863089
|switch|p1a: Corviknight|Corviknight, F|100/100|[from] Chilly Reception
|-ability|p1a: Corviknight|Pressure
|
|-weather|Snowscape|[upkeep]
|upkeep
|turn|3
|
|t:|1743863101
|move|p1a: Corviknight|Iron Defense|p1a: Corviknight
|-boost|p1a: Corviknight|def|2
|move|p2a: Muk|Knock Off|p1a: Corviknight
|-crit|p1a: Corviknight
|-damage|p1a: Corviknight|71/100
|-enditem|p1a: Corviknight|Leftovers|[from] move: Knock Off|[of] p2a: Muk
|
|-weather|Snowscape|[upkeep]
|upkeep
|turn|4
|
|t:|1743863111
|switch|p2a: Vileplume|Vileplume, M|100/100
|move|p1a: Corviknight|U-turn|p2a: Vileplume
|-damage|p2a: Vileplume|89/100
|-damage|p1a: Corviknight|54/100|[from] item: Rocky Helmet|[of] p2a: Vileplume
|-status|p1a: Corviknight|par|[from] ability: Effect Spore|[of] p2a: Vileplume
|
|t:|1743863124
|switch|p1a: Lokix|Lokix, M, shiny|100/100|[from] U-turn
|
|-weather|Snowscape|[upkeep]
|upkeep
|turn|5
|
|t:|1743863130
|move|p1a: Lokix|U-turn|p2a: Vileplume
|-damage|p2a: Vileplume|50/100
|-damage|p1a: Lokix|84/100|[from] item: Rocky Helmet|[of] p2a: Vileplume
|
|t:|1743863135
|switch|p1a: Slowking|Slowking-Galar, M|100/100|[from] U-turn
|move|p2a: Vileplume|Strength Sap|p1a: Slowking
|-unboost|p1a: Slowking|atk|1
|-heal|p2a: Vileplume|89/100
|
|-weather|Snowscape|[upkeep]
|upkeep
|turn|6
|
|t:|1743863144
|switch|p2a: Muk|Muk-Alola, F|100/100
|-prepare|p1a: Slowking|Chilly Reception|[premajor]
|move|p1a: Slowking|Chilly Reception|p1a: Slowking
|
|t:|1743863150
|switch|p1a: Lokix|Lokix, M, shiny|84/100|[from] Chilly Reception
|
|-weather|none
|upkeep
|turn|7
|
|t:|1743863156
|switch|p2a: Vileplume|Vileplume, M|89/100
|move|p1a: Lokix|U-turn|p2a: Vileplume
|-damage|p2a: Vileplume|51/100
|-damage|p1a: Lokix|67/100|[from] item: Rocky Helmet|[of] p2a: Vileplume
|
|t:|1743863162
|switch|p1a: Dragapult|Dragapult, M|100/100|[from] U-turn
|
|upkeep
|turn|8
|
|t:|1743863167
|switch|p2a: Muk|Muk-Alola, F|100/100
|move|p1a: Dragapult|U-turn|p2a: Muk
|-damage|p2a: Muk|81/100
|
|t:|1743863172
|switch|p1a: Lokix|Lokix, M, shiny|67/100|[from] U-turn
|
|upkeep
|turn|9
|
|t:|1743863176
|switch|p2a: Vileplume|Vileplume, M|51/100
|move|p1a: Lokix|Knock Off|p2a: Vileplume
|-damage|p2a: Vileplume|0 fnt
|-damage|p1a: Lokix|51/100|[from] item: Rocky Helmet|[of] p2a: Vileplume
|-enditem|p2a: Vileplume|Rocky Helmet|[from] move: Knock Off|[of] p1a: Lokix
|faint|p2a: Vileplume
|
|upkeep
|
|t:|1743863183
|switch|p2a: Iron Moth|Iron Moth|100/100
|turn|10
|
|t:|1743863188
|switch|p1a: Slowking|Slowking-Galar, M|100/100
|move|p2a: Iron Moth|Fiery Dance|p1a: Slowking
|-damage|p1a: Slowking|72/100
|
|upkeep
|turn|11
|
|t:|1743863201
|move|p2a: Iron Moth|Fiery Dance|p1a: Slowking
|-damage|p1a: Slowking|42/100
|-prepare|p1a: Slowking|Chilly Reception|[premajor]
|move|p1a: Slowking|Chilly Reception|p1a: Slowking
|-weather|Snowscape
|
|t:|1743863207
|switch|p1a: Ogerpon|Ogerpon-Wellspring, F|100/100|[from] Chilly Reception
|
|-weather|Snowscape|[upkeep]
|upkeep
|turn|12
|
|t:|1743863212
|move|p2a: Iron Moth|Fiery Dance|p1a: Ogerpon
|-damage|p1a: Ogerpon|45/100
|move|p1a: Ogerpon|Knock Off|p2a: Iron Moth
|-damage|p2a: Iron Moth|30/100
|-enditem|p2a: Iron Moth|Choice Scarf|[from] move: Knock Off|[of] p1a: Ogerpon
|
|-weather|Snowscape|[upkeep]
|upkeep
|turn|13
|
|t:|1743863222
|move|p2a: Iron Moth|Fiery Dance|p1a: Ogerpon
|-damage|p1a: Ogerpon|0 fnt
|faint|p1a: Ogerpon
|
|-weather|Snowscape|[upkeep]
|upkeep
|
|t:|1743863233
|switch|p1a: Dragapult|Dragapult, M|100/100
|turn|14
|
|t:|1743863238
|move|p1a: Dragapult|U-turn|p2a: Iron Moth
|-resisted|p2a: Iron Moth
|-damage|p2a: Iron Moth|23/100
|
|t:|1743863242
|switch|p1a: Slowking|Slowking-Galar, M|76/100|[from] U-turn
|move|p2a: Iron Moth|Toxic Spikes|p1a: Slowking
|-sidestart|p1: SGT89|move: Toxic Spikes
|
|-weather|Snowscape|[upkeep]
|upkeep
|turn|15
|
|t:|1743863250
|move|p2a: Iron Moth|Toxic Spikes|p1a: Slowking
|-sidestart|p1: SGT89|move: Toxic Spikes
|move|p1a: Slowking|Future Sight|p2a: Iron Moth
|-start|p1a: Slowking|move: Future Sight
|
|-weather|none
|upkeep
|turn|16
|
|t:|1743863257
|move|p2a: Iron Moth|Fiery Dance|p1a: Slowking
|-damage|p1a: Slowking|50/100
|-boost|p2a: Iron Moth|spa|1
|-prepare|p1a: Slowking|Chilly Reception|[premajor]
|move|p1a: Slowking|Chilly Reception|p1a: Slowking
|-weather|Snowscape
|
|t:|1743863267
|switch|p1a: Great Tusk|Great Tusk|100/100|[from] Chilly Reception
|
|-weather|Snowscape|[upkeep]
|upkeep
|turn|17
|
|t:|1743863273
|-end|p1a: Great Tusk|Protosynthesis|[silent]
|switch|p1a: Slowking|Slowking-Galar, M|83/100
|-sideend|p1: SGT89|move: Toxic Spikes|[of] p1a: Slowking
|move|p2a: Iron Moth|Energy Ball|p1a: Slowking
|-resisted|p1a: Slowking
|-damage|p1a: Slowking|69/100
|
|-weather|Snowscape|[upkeep]
|-end|p2a: Iron Moth|move: Future Sight
|-supereffective|p2a: Iron Moth
|-damage|p2a: Iron Moth|0 fnt
|faint|p2a: Iron Moth
|-end|p2a: Iron Moth|Quark Drive|[silent]
|upkeep
|
|t:|1743863276
|switch|p2a: Great Tusk|Great Tusk|100/100
|turn|18
|
|t:|1743863289
|switch|p1a: Corviknight|Corviknight, F|54/100 par
|-ability|p1a: Corviknight|Pressure
|move|p2a: Great Tusk|Earthquake|p1a: Corviknight
|-immune|p1a: Corviknight
|
|-weather|Snowscape|[upkeep]
|upkeep
|turn|19
|
|t:|1743863298
|move|p2a: Great Tusk|Stealth Rock|p1a: Corviknight
|-sidestart|p1: SGT89|move: Stealth Rock
|move|p1a: Corviknight|Roost|p1a: Corviknight
|-heal|p1a: Corviknight|100/100 par
|-singleturn|p1a: Corviknight|move: Roost
|
|-weather|Snowscape|[upkeep]
|upkeep
|turn|20
|
|t:|1743863306
|-end|p2a: Great Tusk|Protosynthesis|[silent]
|switch|p2a: Empoleon|Empoleon, M|100/100
|move|p1a: Corviknight|U-turn|p2a: Empoleon
|-resisted|p2a: Empoleon
|-damage|p2a: Empoleon|92/100
|
|t:|1743863312
|switch|p1a: Great Tusk|Great Tusk|100/100|[from] U-turn
|
|-weather|none
|-heal|p2a: Empoleon|98/100|[from] item: Leftovers
|upkeep
|turn|21
|
|t:|1743863324
|-end|p1a: Great Tusk|Protosynthesis|[silent]
|switch|p1a: Slowking|Slowking-Galar, M|100/100
|-terastallize|p2a: Empoleon|Water
|move|p2a: Empoleon|Surf|p1a: Slowking
|-damage|p1a: Slowking|64/100
|
|-heal|p2a: Empoleon|100/100|[from] item: Leftovers
|upkeep
|turn|22
|
|t:|1743863334
|move|p2a: Empoleon|Surf|p1a: Slowking
|-damage|p1a: Slowking|29/100
|-prepare|p1a: Slowking|Chilly Reception|[premajor]
|move|p1a: Slowking|Chilly Reception|p1a: Slowking
|-weather|Snowscape
|
|t:|1743863343
|switch|p1a: Lokix|Lokix, M, shiny|51/100|[from] Chilly Reception
|-damage|p1a: Lokix|26/100|[from] Stealth Rock
|
|-weather|Snowscape|[upkeep]
|upkeep
|turn|23
|
|t:|1743863354
|switch|p2a: Great Tusk|Great Tusk|100/100
|move|p1a: Lokix|U-turn|p2a: Great Tusk
|-resisted|p2a: Great Tusk
|-damage|p2a: Great Tusk|62/100
|
|t:|1743863360
|switch|p1a: Dragapult|Dragapult, M|100/100|[from] U-turn
|-damage|p1a: Dragapult|88/100|[from] Stealth Rock
|
|-weather|Snowscape|[upkeep]
|upkeep
|turn|24
|
|t:|1743863366
|move|p1a: Dragapult|U-turn|p2a: Great Tusk
|-resisted|p2a: Great Tusk
|-damage|p2a: Great Tusk|56/100
|
|t:|1743863370
|switch|p1a: Corviknight|Corviknight, F|100/100 par|[from] U-turn
|-damage|p1a: Corviknight|88/100 par|[from] Stealth Rock
|-ability|p1a: Corviknight|Pressure
|move|p2a: Great Tusk|Ice Spinner|p1a: Corviknight
|-damage|p1a: Corviknight|70/100 par
|
|-weather|Snowscape|[upkeep]
|upkeep
|turn|25
|
|t:|1743863384
|-end|p2a: Great Tusk|Protosynthesis|[silent]
|switch|p2a: Empoleon|Empoleon, M, tera:Water|100/100
|move|p1a: Corviknight|U-turn|p2a: Empoleon
|-damage|p2a: Empoleon|83/100
|
|t:|1743863392
|switch|p1a: Dragapult|Dragapult, M|88/100|[from] U-turn
|-damage|p1a: Dragapult|76/100|[from] Stealth Rock
|
|-weather|Snowscape|[upkeep]
|-heal|p2a: Empoleon|89/100|[from] item: Leftovers
|upkeep
|turn|26
|
|t:|1743863417
|switch|p2a: Muk|Muk-Alola, F|81/100
|move|p1a: Dragapult|U-turn|p2a: Muk
|-damage|p2a: Muk|63/100
|
|t:|1743863422
|switch|p1a: Great Tusk|Great Tusk|100/100|[from] U-turn
|
|-weather|none
|upkeep
|turn|27
|
|t:|1743863428
|move|p1a: Great Tusk|Ice Spinner|p2a: Muk
|-damage|p2a: Muk|33/100
|move|p2a: Muk|Poison Fang|p1a: Great Tusk
|-resisted|p1a: Great Tusk
|-damage|p1a: Great Tusk|94/100
|-status|p1a: Great Tusk|tox
|
|-damage|p1a: Great Tusk|88/100 tox|[from] psn
|upkeep
|turn|28
|
|t:|1743863438
|move|p1a: Great Tusk|Rapid Spin|p2a: Muk
|-damage|p2a: Muk|14/100
|-boost|p1a: Great Tusk|spe|1
|-sideend|p1: SGT89|Stealth Rock|[from] move: Rapid Spin|[of] p1a: Great Tusk
|move|p2a: Muk|Knock Off|p1a: Great Tusk
|-resisted|p1a: Great Tusk
|-damage|p1a: Great Tusk|74/100 tox
|-enditem|p1a: Great Tusk|Heavy-Duty Boots|[from] move: Knock Off|[of] p2a: Muk
|
|-damage|p1a: Great Tusk|62/100 tox|[from] psn
|upkeep
|turn|29
|
|t:|1743863449
|move|p2a: Muk|Shadow Sneak|p1a: Great Tusk
|-damage|p1a: Great Tusk|55/100 tox
|move|p1a: Great Tusk|Ice Spinner|p2a: Muk
|-damage|p2a: Muk|0 fnt
|faint|p2a: Muk
|
|-damage|p1a: Great Tusk|36/100 tox|[from] psn
|upkeep
|inactive|jxrx has 120 seconds left.
|inactive|jxrx has 90 seconds left.
|
|t:|1743863519
|switch|p2a: Great Tusk|Great Tusk|56/100
|turn|30
|
|t:|1743863523
|move|p1a: Great Tusk|Ice Spinner|p2a: Great Tusk
|-supereffective|p2a: Great Tusk
|-damage|p2a: Great Tusk|14/100
|move|p2a: Great Tusk|Ice Spinner|p1a: Great Tusk
|-supereffective|p1a: Great Tusk
|-damage|p1a: Great Tusk|0 fnt
|faint|p1a: Great Tusk
|-end|p1a: Great Tusk|Protosynthesis|[silent]
|
|upkeep
|
|t:|1743863532
|switch|p1a: Dragapult|Dragapult, M|76/100
|turn|31
|
|t:|1743863536
|move|p1a: Dragapult|Shadow Ball|p2a: Great Tusk
|-damage|p2a: Great Tusk|0 fnt
|faint|p2a: Great Tusk
|-end|p2a: Great Tusk|Protosynthesis|[silent]
|
|upkeep
|
|t:|1743863538
|switch|p2a: Empoleon|Empoleon, M, tera:Water|89/100
|turn|32
|
|t:|1743863544
|move|p1a: Dragapult|Shadow Ball|p2a: Empoleon
|-damage|p2a: Empoleon|32/100
|move|p2a: Empoleon|Agility|p2a: Empoleon
|-boost|p2a: Empoleon|spe|2
|
|-heal|p2a: Empoleon|38/100|[from] item: Leftovers
|upkeep
|turn|33
|
|t:|1743863554
|move|p2a: Empoleon|Ice Beam|p1a: Dragapult
|-supereffective|p1a: Dragapult
|-damage|p1a: Dragapult|0 fnt
|faint|p1a: Dragapult
|
|-heal|p2a: Empoleon|44/100|[from] item: Leftovers
|upkeep
|
|t:|1743863562
|switch|p1a: Lokix|Lokix, M, shiny|26/100
|turn|34
|
|t:|1743863565
|move|p1a: Lokix|First Impression|p2a: Empoleon
|-damage|p2a: Empoleon|0 fnt
|faint|p2a: Empoleon
|
|upkeep
|
|t:|1743863567
|switch|p2a: Dragapult|Dragapult, M|100/100
|turn|35
|
|t:|1743863573
|switch|p1a: Corviknight|Corviknight, F|70/100 par
|-ability|p1a: Corviknight|Pressure
|move|p2a: Dragapult|Dragon Dance|p2a: Dragapult
|-boost|p2a: Dragapult|atk|1
|-boost|p2a: Dragapult|spe|1
|
|upkeep
|turn|36
|
|t:|1743863581
|move|p2a: Dragapult|Substitute|p2a: Dragapult
|-start|p2a: Dragapult|Substitute
|-damage|p2a: Dragapult|76/100
|move|p1a: Corviknight|Iron Defense|p1a: Corviknight
|-boost|p1a: Corviknight|def|2
|
|-heal|p2a: Dragapult|82/100|[from] item: Leftovers
|upkeep
|turn|37
|
|t:|1743863590
|move|p2a: Dragapult|Dragon Dance|p2a: Dragapult
|-boost|p2a: Dragapult|atk|1
|-boost|p2a: Dragapult|spe|1
|move|p1a: Corviknight|Iron Defense|p1a: Corviknight
|-boost|p1a: Corviknight|def|2
|
|-heal|p2a: Dragapult|88/100|[from] item: Leftovers
|upkeep
|turn|38
|
|t:|1743863599
|move|p2a: Dragapult|Dragon Dance|p2a: Dragapult
|-boost|p2a: Dragapult|atk|1
|-boost|p2a: Dragapult|spe|1
|move|p1a: Corviknight|Roost|p1a: Corviknight
|-heal|p1a: Corviknight|100/100 par
|-singleturn|p1a: Corviknight|move: Roost
|
|-heal|p2a: Dragapult|94/100|[from] item: Leftovers
|upkeep
|turn|39
|
|t:|1743863609
|move|p2a: Dragapult|Dragon Dance|p2a: Dragapult
|-boost|p2a: Dragapult|atk|1
|-boost|p2a: Dragapult|spe|1
|move|p1a: Corviknight|Iron Defense|p1a: Corviknight
|-boost|p1a: Corviknight|def|2
|
|-heal|p2a: Dragapult|99/100|[from] item: Leftovers
|upkeep
|turn|40
|l|☆jxrx
|inactive|jxrx disconnected and has a minute to reconnect!
|player|p2|
|inactive|jxrx has 30 seconds to reconnect!
|inactive|jxrx has 20 seconds to reconnect!
|inactive|jxrx has 15 seconds to reconnect!
|inactive|jxrx has 10 seconds to reconnect!
|inactive|jxrx has 5 seconds to reconnect!
|-message|jxrx lost due to inactivity.
|
|win|SGT89
|raw|SGT89's rating: 1334 &rarr; <strong>1352</strong><br />(+18 for winning)
|raw|jxrx's rating: 1300 &rarr; <strong>1277</strong><br />(-23 for losing)
|l|☆SGT89
|player|p1|
