|j|☆KillerB1000
|j|☆Kaiser_2410
|t:|1743939903
|gametype|singles
|player|p1|KillerB1000|scientist-gen4|1404
|player|p2|Kaiser_2410|riley|1300
|teamsize|p1|6
|teamsize|p2|6
|gen|9
|tier|[Gen 9] OU
|rated|
|rule|HP Percentage Mod: HP is shown in percentages
|rule|Endless Battle Clause: Forcing endless battles is banned
|rule|Species Clause: Limit one of each Pokémon
|rule|OHKO Clause: OHKO moves are banned
|rule|Evasion Items Clause: Evasion items are banned
|rule|Evasion Moves Clause: Evasion moves are banned
|rule|Sleep Moves Clause: Sleep-inducing moves are banned
|clearpoke
|poke|p1|Braviary-Hisui, M|
|poke|p1|Pelipper, F|
|poke|p1|Basculegion, M|
|poke|p1|Sinistcha|
|poke|p1|Samurott-Hisui, F|
|poke|p1|Iron Treads|
|poke|p2|Iron Hands|
|poke|p2|Ting-Lu|
|poke|p2|Iron Valiant|
|poke|p2|Ogerpon-Wellspring, F|
|poke|p2|Cinderace, F|
|poke|p2|Gholdengo|
|teampreview
|
|t:|1743939951
|start
|switch|p1a: Pelipper|Pelipper, F|100/100
|switch|p2a: Cinderace|Cinderace, F|100/100
|-weather|RainDance|[from] ability: Drizzle|[of] p1a: Pelipper
|turn|1
|
|t:|1743939959
|move|p2a: Cinderace|U-turn|p1a: Pelipper
|-resisted|p1a: Pelipper
|-damage|p1a: Pelipper|92/100
|
|t:|1743939961
|switch|p2a: Ogerpon|Ogerpon-Wellspring, F|100/100|[from] U-turn
|move|p1a: Pelipper|Knock Off|p2a: Ogerpon
|-damage|p2a: Ogerpon|91/100
|
|-weather|RainDance|[upkeep]
|upkeep
|turn|2
|
|t:|1743939966
|move|p2a: Ogerpon|Encore|p1a: Pelipper
|-start|p1a: Pelipper|Encore
|move|p1a: Pelipper|Knock Off|p2a: Ogerpon
|-damage|p2a: Ogerpon|80/100
|
|-weather|RainDance|[upkeep]
|upkeep
|turn|3
|
|t:|1743939970
|switch|p1a: Sinistcha|Sinistcha|100/100
|move|p2a: Ogerpon|Swords Dance|p2a: Ogerpon
|-boost|p2a: Ogerpon|atk|2
|
|-weather|RainDance|[upkeep]
|upkeep
|turn|4
|
|t:|1743939978
|move|p2a: Ogerpon|Horn Leech|p1a: Sinistcha
|-resisted|p1a: Sinistcha
|-damage|p1a: Sinistcha|70/100
|-heal|p2a: Ogerpon|97/100|[from] drain|[of] p1a: Sinistcha
|move|p1a: Sinistcha|Trick Room|p1a: Sinistcha
|-fieldstart|move: Trick Room|[of] p1a: Sinistcha
|
|-weather|RainDance|[upkeep]
|upkeep
|turn|5
|
|t:|1743939986
|move|p1a: Sinistcha|Matcha Gotcha|p2a: Ogerpon
|-damage|p2a: Ogerpon|56/100
|-heal|p1a: Sinistcha|88/100|[from] drain|[of] p2a: Ogerpon
|move|p2a: Ogerpon|Encore|p1a: Sinistcha
|-start|p1a: Sinistcha|Encore
|
|-weather|RainDance|[upkeep]
|upkeep
|turn|6
|
|t:|1743939995
|switch|p2a: Gholdengo|Gholdengo|100/100
|move|p1a: Sinistcha|Matcha Gotcha|p2a: Gholdengo
|-resisted|p2a: Gholdengo
|-damage|p2a: Gholdengo|80/100
|-heal|p1a: Sinistcha|97/100|[from] drain|[of] p2a: Gholdengo
|
|-weather|RainDance|[upkeep]
|upkeep
|turn|7
|
|t:|1743940001
|switch|p1a: Samurott|Samurott-Hisui, F|100/100
|move|p2a: Gholdengo|Shadow Ball|p1a: Samurott
|-resisted|p1a: Samurott
|-damage|p1a: Samurott|83/100
|
|-weather|RainDance|[upkeep]
|upkeep
|turn|8
|
|t:|1743940015
|switch|p2a: Iron Hands|Iron Hands|100/100
|move|p1a: Samurott|Razor Shell|p2a: Iron Hands
|-damage|p2a: Iron Hands|59/100
|-unboost|p2a: Iron Hands|def|1
|
|-weather|none
|-heal|p2a: Iron Hands|66/100|[from] item: Leftovers
|-fieldend|move: Trick Room
|upkeep
|turn|9
|
|t:|1743940027
|switch|p1a: Sinistcha|Sinistcha|97/100
|move|p2a: Iron Hands|Thunder Punch|p1a: Sinistcha
|-resisted|p1a: Sinistcha
|-damage|p1a: Sinistcha|84/100
|
|-heal|p2a: Iron Hands|72/100|[from] item: Leftovers
|upkeep
|turn|10
|
|t:|1743940037
|-end|p2a: Iron Hands|Quark Drive|[silent]
|switch|p2a: Cinderace|Cinderace, F|100/100
|move|p1a: Sinistcha|Shadow Ball|p2a: Cinderace
|-damage|p2a: Cinderace|59/100
|
|upkeep
|turn|11
|
|t:|1743940046
|move|p2a: Cinderace|U-turn|p1a: Sinistcha
|-damage|p1a: Sinistcha|71/100
|
|t:|1743940048
|switch|p2a: Ting-Lu|Ting-Lu|100/100|[from] U-turn
|-ability|p2a: Ting-Lu|Vessel of Ruin
|move|p1a: Sinistcha|Strength Sap|p2a: Ting-Lu
|-unboost|p2a: Ting-Lu|atk|1
|-heal|p1a: Sinistcha|100/100
|
|upkeep
|turn|12
|
|t:|1743940057
|switch|p1a: Basculegion|Basculegion, M|100/100
|-ability|p1a: Basculegion|Mold Breaker
|move|p2a: Ting-Lu|Ruination|p1a: Basculegion
|-damage|p1a: Basculegion|50/100
|
|upkeep
|turn|13
|
|t:|1743940062
|switch|p2a: Ogerpon|Ogerpon-Wellspring, F|56/100
|move|p1a: Basculegion|Wave Crash|p2a: Ogerpon
|-resisted|p2a: Ogerpon
|-damage|p2a: Ogerpon|26/100
|-damage|p1a: Basculegion|44/100|[from] Recoil
|
|upkeep
|turn|14
|
|t:|1743940067
|switch|p1a: Sinistcha|Sinistcha|100/100
|move|p2a: Ogerpon|Horn Leech|p1a: Sinistcha
|-resisted|p1a: Sinistcha
|-damage|p1a: Sinistcha|85/100
|-heal|p2a: Ogerpon|36/100|[from] drain|[of] p1a: Sinistcha
|
|upkeep
|turn|15
|
|t:|1743940077
|switch|p2a: Iron Valiant|Iron Valiant|100/100
|-enditem|p2a: Iron Valiant|Booster Energy
|-activate|p2a: Iron Valiant|ability: Quark Drive|[fromitem]
|-start|p2a: Iron Valiant|quarkdrivespe
|move|p1a: Sinistcha|Matcha Gotcha|p2a: Iron Valiant
|-damage|p2a: Iron Valiant|41/100
|-heal|p1a: Sinistcha|100/100|[from] drain|[of] p2a: Iron Valiant
|
|upkeep
|turn|16
|
|t:|1743940089
|-end|p2a: Iron Valiant|Quark Drive|[silent]
|switch|p2a: Cinderace|Cinderace, F|59/100
|move|p1a: Sinistcha|Trick Room|p1a: Sinistcha
|-fieldstart|move: Trick Room|[of] p1a: Sinistcha
|
|upkeep
|turn|17
|
|t:|1743940097
|move|p1a: Sinistcha|Shadow Ball|p2a: Cinderace
|-damage|p2a: Cinderace|22/100
|move|p2a: Cinderace|Pyro Ball|p1a: Sinistcha
|-supereffective|p1a: Sinistcha
|-damage|p1a: Sinistcha|51/100
|
|upkeep
|turn|18
|
|t:|1743940103
|switch|p2a: Ting-Lu|Ting-Lu|100/100
|-ability|p2a: Ting-Lu|Vessel of Ruin
|move|p1a: Sinistcha|Strength Sap|p2a: Ting-Lu
|-unboost|p2a: Ting-Lu|atk|1
|-heal|p1a: Sinistcha|100/100
|
|upkeep
|turn|19
|
|t:|1743940123
|switch|p2a: Gholdengo|Gholdengo|80/100
|move|p1a: Sinistcha|Matcha Gotcha|p2a: Gholdengo
|-resisted|p2a: Gholdengo
|-damage|p2a: Gholdengo|60/100
|
|upkeep
|turn|20
|
|t:|1743940157
|switch|p2a: Cinderace|Cinderace, F|22/100
|move|p1a: Sinistcha|Shadow Ball|p2a: Cinderace
|-damage|p2a: Cinderace|0 fnt
|faint|p2a: Cinderace
|
|-fieldend|move: Trick Room
|upkeep
|
|t:|1743940166
|switch|p2a: Gholdengo|Gholdengo|60/100
|turn|21
|
|t:|1743940169
|switch|p1a: Samurott|Samurott-Hisui, F|83/100
|move|p2a: Gholdengo|Trick|p1a: Samurott
|-activate|p2a: Gholdengo|move: Trick|[of] p1a: Samurott
|-item|p1a: Samurott|Choice Scarf|[from] move: Trick
|-item|p2a: Gholdengo|Assault Vest|[from] move: Trick
|
|upkeep
|turn|22
|
|t:|1743940178
|switch|p2a: Iron Hands|Iron Hands|72/100
|move|p1a: Samurott|Ceaseless Edge|p2a: Iron Hands
|-resisted|p2a: Iron Hands
|-damage|p2a: Iron Hands|60/100
|-sidestart|p2: Kaiser_2410|Spikes
|
|-heal|p2a: Iron Hands|66/100|[from] item: Leftovers
|upkeep
|turn|23
|
|t:|1743940187
|switch|p1a: Sinistcha|Sinistcha|100/100
|move|p2a: Iron Hands|Ice Punch|p1a: Sinistcha
|-supereffective|p1a: Sinistcha
|-damage|p1a: Sinistcha|65/100
|-status|p1a: Sinistcha|frz
|
|-heal|p2a: Iron Hands|73/100|[from] item: Leftovers
|upkeep
|turn|24
|
|t:|1743940193
|-curestatus|p1a: Sinistcha|frz|[from] move: Matcha Gotcha
|move|p1a: Sinistcha|Matcha Gotcha|p2a: Iron Hands
|-damage|p2a: Iron Hands|45/100
|-heal|p1a: Sinistcha|85/100|[from] drain|[of] p2a: Iron Hands
|move|p2a: Iron Hands|Ice Punch|p1a: Sinistcha
|-supereffective|p1a: Sinistcha
|-damage|p1a: Sinistcha|53/100
|-status|p1a: Sinistcha|frz
|
|-heal|p2a: Iron Hands|52/100|[from] item: Leftovers
|upkeep
|turn|25
|c|☆KillerB1000|brother?
|
|t:|1743940202
|-curestatus|p1a: Sinistcha|frz|[from] move: Matcha Gotcha
|move|p1a: Sinistcha|Matcha Gotcha|p2a: Iron Hands
|-damage|p2a: Iron Hands|21/100
|-heal|p1a: Sinistcha|76/100|[from] drain|[of] p2a: Iron Hands
|-status|p2a: Iron Hands|brn
|move|p2a: Iron Hands|Ice Punch|p1a: Sinistcha
|-supereffective|p1a: Sinistcha
|-damage|p1a: Sinistcha|59/100
|
|-heal|p2a: Iron Hands|27/100 brn|[from] item: Leftovers
|-damage|p2a: Iron Hands|21/100 brn|[from] brn
|upkeep
|turn|26
|
|t:|1743940212
|move|p1a: Sinistcha|Strength Sap|p2a: Iron Hands
|-unboost|p2a: Iron Hands|atk|1
|-heal|p1a: Sinistcha|100/100
|move|p2a: Iron Hands|Ice Punch|p1a: Sinistcha
|-supereffective|p1a: Sinistcha
|-damage|p1a: Sinistcha|90/100
|
|-heal|p2a: Iron Hands|27/100 brn|[from] item: Leftovers
|-damage|p2a: Iron Hands|21/100 brn|[from] brn
|upkeep
|turn|27
|
|t:|1743940217
|-end|p2a: Iron Hands|Quark Drive|[silent]
|switch|p2a: Gholdengo|Gholdengo|60/100
|-damage|p2a: Gholdengo|47/100|[from] Spikes
|move|p1a: Sinistcha|Matcha Gotcha|p2a: Gholdengo
|-resisted|p2a: Gholdengo
|-damage|p2a: Gholdengo|35/100
|-heal|p1a: Sinistcha|96/100|[from] drain|[of] p2a: Gholdengo
|
|upkeep
|turn|28
|
|t:|1743940241
|switch|p1a: Samurott|Samurott-Hisui, F|83/100
|move|p2a: Gholdengo|Shadow Ball|p1a: Samurott
|-resisted|p1a: Samurott
|-damage|p1a: Samurott|57/100
|-unboost|p1a: Samurott|spd|1
|
|upkeep
|turn|29
|-message|Kaiser_2410 forfeited.
|
|win|KillerB1000
|raw|KillerB1000's rating: 1404 &rarr; <strong>1418</strong><br />(+14 for winning)
|raw|Kaiser_2410's rating: 1300 &rarr; <strong>1282</strong><br />(-18 for losing)
|l|☆Kaiser_2410
|player|p2|
