|j|☆sawyer786
|j|☆sumerand
|t:|1743880512
|gametype|singles
|player|p1|sawyer786|170|1101
|player|p2|sumerand|ghetsis|1146
|teamsize|p1|6
|teamsize|p2|6
|gen|9
|tier|[Gen 9] OU
|rated|
|rule|HP Percentage Mod: HP is shown in percentages
|rule|Endless Battle Clause: Forcing endless battles is banned
|rule|Species Clause: Limit one of each Pokémon
|rule|OHKO Clause: OHKO moves are banned
|rule|Evasion Items Clause: Evasion items are banned
|rule|Evasion Moves Clause: Evasion moves are banned
|rule|Sleep Moves Clause: Sleep-inducing moves are banned
|clearpoke
|poke|p1|Samurott-Hisui, F|
|poke|p1|Araquanid, F|
|poke|p1|Pecharunt|
|poke|p1|Enamorus, F|
|poke|p1|Scizor, F|
|poke|p1|Skeledirge, M|
|poke|p2|Inteleon, F|
|poke|p2|Dragapult, M|
|poke|p2|Cinderace, M|
|poke|p2|Corviknight, F|
|poke|p2|Alomomola, M|
|poke|p2|Ting-Lu|
|teampreview
|
|t:|1743880521
|start
|switch|p1a: Araquanid|Araquanid, F|100/100
|switch|p2a: Dragapult|Dragapult, M|100/100
|turn|1
|
|t:|1743880531
|move|p2a: Dragapult|Dragon Darts|p1a: Araquanid
|-damage|p1a: Araquanid|65/100
|-anim|p2a: Dragapult|Dragon Darts|p1a: Araquanid
|-damage|p1a: Araquanid|29/100
|move|p1a: Araquanid|Reflect|p1a: Araquanid
|-sidestart|p1: sawyer786|Reflect
|
|upkeep
|turn|2
|
|t:|1743880544
|move|p2a: Dragapult|Dragon Darts|p1a: Araquanid
|-crit|p1a: Araquanid
|-damage|p1a: Araquanid|0 fnt
|faint|p1a: Araquanid
|
|upkeep
|
|t:|1743880548
|switch|p1a: Samurott|Samurott-Hisui, F|100/100
|turn|3
|
|t:|1743880552
|switch|p2a: Corviknight|Corviknight, F|100/100
|-ability|p2a: Corviknight|Pressure
|move|p1a: Samurott|Ceaseless Edge|p2a: Corviknight
|-damage|p2a: Corviknight|59/100
|-damage|p1a: Samurott|84/100|[from] item: Rocky Helmet|[of] p2a: Corviknight
|-sidestart|p2: sumerand|Spikes
|
|upkeep
|turn|4
|
|t:|1743880561
|move|p1a: Samurott|Ceaseless Edge|p2a: Corviknight
|-damage|p2a: Corviknight|12/100
|-damage|p1a: Samurott|67/100|[from] item: Rocky Helmet|[of] p2a: Corviknight
|-sidestart|p2: sumerand|Spikes
|move|p2a: Corviknight|Roost|p2a: Corviknight
|-heal|p2a: Corviknight|63/100
|-singleturn|p2a: Corviknight|move: Roost
|
|upkeep
|turn|5
|
|t:|1743880571
|move|p1a: Samurott|Ceaseless Edge|p2a: Corviknight
|-damage|p2a: Corviknight|19/100
|-damage|p1a: Samurott|51/100|[from] item: Rocky Helmet|[of] p2a: Corviknight
|-sidestart|p2: sumerand|Spikes
|move|p2a: Corviknight|Roost|p2a: Corviknight
|-heal|p2a: Corviknight|69/100
|-singleturn|p2a: Corviknight|move: Roost
|
|upkeep
|turn|6
|
|t:|1743880580
|move|p1a: Samurott|Ceaseless Edge|p2a: Corviknight
|-damage|p2a: Corviknight|26/100
|-damage|p1a: Samurott|34/100|[from] item: Rocky Helmet|[of] p2a: Corviknight
|move|p2a: Corviknight|Roost|p2a: Corviknight
|-heal|p2a: Corviknight|76/100
|-singleturn|p2a: Corviknight|move: Roost
|
|upkeep
|turn|7
|
|t:|1743880588
|switch|p1a: Skeledirge|Skeledirge, M|100/100
|move|p2a: Corviknight|Roost|p2a: Corviknight
|-heal|p2a: Corviknight|100/100
|-singleturn|p2a: Corviknight|move: Roost
|
|upkeep
|turn|8
|
|t:|1743880596
|switch|p2a: Cinderace|Cinderace, M|100/100
|move|p1a: Skeledirge|Torch Song|p2a: Cinderace
|-resisted|p2a: Cinderace
|-damage|p2a: Cinderace|73/100
|-boost|p1a: Skeledirge|spa|1
|
|-sideend|p1: sawyer786|Reflect
|upkeep
|turn|9
|
|t:|1743880606
|move|p2a: Cinderace|Court Change|p2a: Cinderace
|-start|p2a: Cinderace|typechange|Normal|[from] ability: Libero
|-swapsideconditions
|-activate|p2a: Cinderace|move: Court Change
|move|p1a: Skeledirge|Scorching Sands|p2a: Cinderace
|-damage|p2a: Cinderace|18/100
|
|upkeep
|turn|10
|
|t:|1743880613
|move|p2a: Cinderace|U-turn|p1a: Skeledirge
|-resisted|p1a: Skeledirge
|-damage|p1a: Skeledirge|96/100
|
|t:|1743880616
|switch|p2a: Alomomola|Alomomola, M|100/100|[from] U-turn
|move|p1a: Skeledirge|Scorching Sands|p2a: Alomomola
|-damage|p2a: Alomomola|55/100
|
|upkeep
|turn|11
|
|t:|1743880624
|switch|p2a: Cinderace|Cinderace, M|18/100
|move|p1a: Skeledirge|Night Shade|p2a: Cinderace
|-damage|p2a: Cinderace|0 fnt
|faint|p2a: Cinderace
|
|upkeep
|
|t:|1743880632
|switch|p2a: Inteleon|Inteleon, F|100/100
|turn|12
|
|t:|1743880642
|switch|p1a: Pecharunt|Pecharunt|100/100
|-damage|p1a: Pecharunt|75/100|[from] Spikes
|move|p2a: Inteleon|U-turn|p1a: Pecharunt
|-resisted|p1a: Pecharunt
|-damage|p1a: Pecharunt|73/100
|
|t:|1743880648
|switch|p2a: Ting-Lu|Ting-Lu|100/100|[from] U-turn
|-ability|p2a: Ting-Lu|Vessel of Ruin
|
|upkeep
|turn|13
|
|t:|1743880655
|move|p1a: Pecharunt|Parting Shot|p2a: Ting-Lu
|-unboost|p2a: Ting-Lu|atk|1
|-unboost|p2a: Ting-Lu|spa|1
|
|t:|1743880660
|switch|p1a: Enamorus|Enamorus, F|100/100|[from] Parting Shot
|move|p2a: Ting-Lu|Stealth Rock|p1a: Enamorus
|-sidestart|p1: sawyer786|move: Stealth Rock
|
|upkeep
|turn|14
|
|t:|1743880671
|-terastallize|p2a: Ting-Lu|Ghost
|move|p1a: Enamorus|Superpower|p2a: Ting-Lu
|-immune|p2a: Ting-Lu
|move|p2a: Ting-Lu|Whirlwind|p1a: Enamorus
|drag|p1a: Skeledirge|Skeledirge, M|96/100
|
|upkeep
|turn|15
|
|t:|1743880684
|move|p1a: Skeledirge|Night Shade|p2a: Ting-Lu
|-damage|p2a: Ting-Lu|81/100
|move|p2a: Ting-Lu|Ruination|p1a: Skeledirge
|-damage|p1a: Skeledirge|48/100
|
|-heal|p2a: Ting-Lu|87/100|[from] item: Leftovers
|upkeep
|turn|16
|
|t:|1743880696
|move|p1a: Skeledirge|Torch Song|p2a: Ting-Lu
|-damage|p2a: Ting-Lu|70/100
|-boost|p1a: Skeledirge|spa|1
|move|p2a: Ting-Lu|Earthquake|p1a: Skeledirge
|-supereffective|p1a: Skeledirge
|-damage|p1a: Skeledirge|0 fnt
|faint|p1a: Skeledirge
|
|-heal|p2a: Ting-Lu|77/100|[from] item: Leftovers
|upkeep
|c|☆sumerand|Gg
|
|t:|1743880704
|switch|p1a: Samurott|Samurott-Hisui, F|34/100
|-damage|p1a: Samurott|10/100|[from] Spikes
|-damage|p1a: Samurott|0 fnt|[from] Stealth Rock
|faint|p1a: Samurott
|
|t:|1743880707
|switch|p1a: Enamorus|Enamorus, F|100/100
|-damage|p1a: Enamorus|76/100|[from] Stealth Rock
|turn|17
|inactive|Battle timer is ON: inactive players will automatically lose when time's up. (requested by sawyer786)
|
|t:|1743880715
|-terastallize|p1a: Enamorus|Dragon
|move|p1a: Enamorus|Outrage|p2a: Ting-Lu
|-damage|p2a: Ting-Lu|50/100
|move|p2a: Ting-Lu|Whirlwind|p1a: Enamorus
|drag|p1a: Pecharunt|Pecharunt|73/100
|-damage|p1a: Pecharunt|48/100|[from] Spikes
|-damage|p1a: Pecharunt|36/100|[from] Stealth Rock
|
|-heal|p2a: Ting-Lu|56/100|[from] item: Leftovers
|upkeep
|turn|18
|c|☆sumerand|Who are you turning on the timer for?
|c|☆sumerand|You lost
|inactive|sumerand has 120 seconds left.
|
|t:|1743880750
|move|p1a: Pecharunt|Rest|p1a: Pecharunt
|-status|p1a: Pecharunt|slp|[from] move: Rest
|-heal|p1a: Pecharunt|100/100 slp|[silent]
|-enditem|p1a: Pecharunt|Chesto Berry|[eat]
|-curestatus|p1a: Pecharunt|slp|[msg]
|move|p2a: Ting-Lu|Whirlwind|p1a: Pecharunt
|drag|p1a: Enamorus|Enamorus, F, tera:Dragon|76/100
|-damage|p1a: Enamorus|51/100|[from] Spikes
|-damage|p1a: Enamorus|38/100|[from] Stealth Rock
|
|-heal|p2a: Ting-Lu|62/100|[from] item: Leftovers
|upkeep
|turn|19
|inactive|sumerand has 120 seconds left.
|
|t:|1743880764
|switch|p2a: Alomomola|Alomomola, M|88/100
|move|p1a: Enamorus|Outrage|p2a: Alomomola
|-damage|p2a: Alomomola|56/100
|
|upkeep
|turn|20
|
|t:|1743880773
|move|p1a: Enamorus|Outrage|p2a: Alomomola|[from] lockedmove
|-damage|p2a: Alomomola|22/100
|move|p2a: Alomomola|Wish|p2a: Alomomola
|
|upkeep
|turn|21
|
|t:|1743880779
|switch|p2a: Ting-Lu|Ting-Lu, tera:Ghost|62/100
|-ability|p2a: Ting-Lu|Vessel of Ruin
|move|p1a: Enamorus|Outrage|p2a: Ting-Lu|[from] lockedmove
|-damage|p2a: Ting-Lu|34/100
|-start|p1a: Enamorus|confusion|[fatigue]
|
|-heal|p2a: Ting-Lu|86/100|[from] move: Wish|[wisher] Alomomola
|-heal|p2a: Ting-Lu|92/100|[from] item: Leftovers
|upkeep
|turn|22
|
|t:|1743880795
|switch|p1a: Pecharunt|Pecharunt|100/100
|-damage|p1a: Pecharunt|75/100|[from] Spikes
|-damage|p1a: Pecharunt|63/100|[from] Stealth Rock
|move|p2a: Ting-Lu|Whirlwind|p1a: Pecharunt
|drag|p1a: Enamorus|Enamorus, F, tera:Dragon|38/100
|-damage|p1a: Enamorus|13/100|[from] Spikes
|-damage|p1a: Enamorus|1/100|[from] Stealth Rock
|
|-heal|p2a: Ting-Lu|98/100|[from] item: Leftovers
|upkeep
|turn|23
|
|t:|1743880809
|switch|p2a: Corviknight|Corviknight, F|100/100
|-ability|p2a: Corviknight|Pressure
|move|p1a: Enamorus|Play Rough|p2a: Corviknight
|-resisted|p2a: Corviknight
|-damage|p2a: Corviknight|87/100
|-damage|p1a: Enamorus|0 fnt|[from] item: Rocky Helmet|[of] p2a: Corviknight
|faint|p1a: Enamorus
|
|upkeep
|-message|sawyer786 forfeited.
|
|win|sumerand
|raw|sawyer786's rating: 1101 &rarr; <strong>1079</strong><br />(-22 for losing)
|raw|sumerand's rating: 1146 &rarr; <strong>1168</strong><br />(+22 for winning)
|l|☆sawyer786
|player|p1|
