|j|☆seymour2
|j|☆12723 dong
|t:|1743833688
|gametype|singles
|player|p1|seymour2|workerice|1607
|player|p2|12723 dong|1|1512
|teamsize|p1|6
|teamsize|p2|6
|gen|9
|tier|[Gen 9] OU
|rated|
|rule|HP Percentage Mod: HP is shown in percentages
|rule|Endless Battle Clause: Forcing endless battles is banned
|rule|Species Clause: Limit one of each Pokémon
|rule|OHKO Clause: OHKO moves are banned
|rule|Evasion Items Clause: Evasion items are banned
|rule|Evasion Moves Clause: Evasion moves are banned
|rule|Sleep Moves Clause: Sleep-inducing moves are banned
|clearpoke
|poke|p1|Venusaur, F|
|poke|p1|Torkoal, M|
|poke|p1|Walking Wake|
|poke|p1|Iron Moth|
|poke|p1|Great Tusk|
|poke|p1|Hatterene, F|
|poke|p2|Cinderace, F|
|poke|p2|Kingambit, M|
|poke|p2|Great Tusk|
|poke|p2|Hatterene, F|
|poke|p2|Pecharunt|
|poke|p2|Garchomp, M|
|teampreview
|inactive|Battle timer is ON: inactive players will automatically lose when time's up. (requested by 12723 dong)
|
|t:|1743833697
|start
|switch|p1a: Torkoal|Torkoal, M|100/100
|switch|p2a: Cinderace|Cinderace, F|100/100
|-weather|SunnyDay|[from] ability: Drought|[of] p1a: Torkoal
|turn|1
|
|t:|1743833702
|move|p2a: Cinderace|Double-Edge|p1a: Torkoal
|-start|p2a: Cinderace|typechange|Normal|[from] ability: Libero
|-damage|p1a: Torkoal|59/100
|-damage|p2a: Cinderace|85/100|[from] Recoil
|-damage|p2a: Cinderace|75/100|[from] item: Life Orb
|move|p1a: Torkoal|Lava Plume|p2a: Cinderace
|-damage|p2a: Cinderace|21/100
|
|-weather|SunnyDay|[upkeep]
|upkeep
|turn|2
|
|t:|1743833710
|switch|p2a: Garchomp|Garchomp, M|100/100
|move|p1a: Torkoal|Lava Plume|p2a: Garchomp
|-resisted|p2a: Garchomp
|-damage|p2a: Garchomp|81/100
|
|-weather|SunnyDay|[upkeep]
|upkeep
|turn|3
|
|t:|1743833722
|switch|p1a: Hatterene|Hatterene, F|100/100
|move|p2a: Garchomp|Earthquake|p1a: Hatterene
|-damage|p1a: Hatterene|60/100
|-enditem|p1a: Hatterene|Eject Button
|
|t:|1743833735
|switch|p1a: Great Tusk|Great Tusk|100/100
|-activate|p1a: Great Tusk|ability: Protosynthesis
|-start|p1a: Great Tusk|protosynthesisspe
|
|-weather|SunnyDay|[upkeep]
|upkeep
|turn|4
|
|t:|1743833747
|move|p1a: Great Tusk|Bulk Up|p1a: Great Tusk
|-boost|p1a: Great Tusk|atk|1
|-boost|p1a: Great Tusk|def|1
|move|p2a: Garchomp|Outrage|p1a: Great Tusk
|-damage|p1a: Great Tusk|77/100
|
|-weather|SunnyDay|[upkeep]
|upkeep
|turn|5
|
|t:|1743833754
|move|p1a: Great Tusk|Bulk Up|p1a: Great Tusk
|-boost|p1a: Great Tusk|atk|1
|-boost|p1a: Great Tusk|def|1
|move|p2a: Garchomp|Outrage|p1a: Great Tusk|[from] lockedmove
|-damage|p1a: Great Tusk|56/100
|
|-weather|SunnyDay|[upkeep]
|upkeep
|turn|6
|
|t:|1743833756
|move|p1a: Great Tusk|Ice Spinner|p2a: Garchomp
|-supereffective|p2a: Garchomp
|-damage|p2a: Garchomp|0 fnt
|-damage|p1a: Great Tusk|44/100|[from] ability: Rough Skin|[of] p2a: Garchomp
|-damage|p1a: Great Tusk|27/100|[from] item: Rocky Helmet|[of] p2a: Garchomp
|faint|p2a: Garchomp
|
|-weather|SunnyDay|[upkeep]
|upkeep
|
|t:|1743833760
|switch|p2a: Pecharunt|Pecharunt|100/100
|-item|p2a: Pecharunt|Air Balloon
|turn|7
|
|t:|1743833766
|-end|p1a: Great Tusk|Protosynthesis|[silent]
|switch|p1a: Iron Moth|Iron Moth|100/100
|-enditem|p1a: Iron Moth|Booster Energy
|-activate|p1a: Iron Moth|ability: Quark Drive|[fromitem]
|-start|p1a: Iron Moth|quarkdrivespe
|move|p2a: Pecharunt|Hex|p1a: Iron Moth
|-damage|p1a: Iron Moth|75/100
|
|-weather|SunnyDay|[upkeep]
|upkeep
|turn|8
|
|t:|1743833771
|switch|p2a: Cinderace|Cinderace, F|21/100
|move|p1a: Iron Moth|Fiery Dance|p2a: Cinderace
|-resisted|p2a: Cinderace
|-damage|p2a: Cinderace|0 fnt
|faint|p2a: Cinderace
|
|-weather|none
|upkeep
|
|t:|1743833776
|switch|p2a: Great Tusk|Great Tusk|100/100
|turn|9
|
|t:|1743833788
|move|p1a: Iron Moth|Psychic|p2a: Great Tusk
|-supereffective|p2a: Great Tusk
|-damage|p2a: Great Tusk|27/100
|move|p2a: Great Tusk|Headlong Rush|p1a: Iron Moth
|-supereffective|p1a: Iron Moth
|-damage|p1a: Iron Moth|0 fnt
|-unboost|p2a: Great Tusk|def|1
|-unboost|p2a: Great Tusk|spd|1
|faint|p1a: Iron Moth
|-end|p1a: Iron Moth|Quark Drive|[silent]
|
|-heal|p2a: Great Tusk|33/100|[from] item: Leftovers
|upkeep
|
|t:|1743833794
|switch|p1a: Walking Wake|Walking Wake|100/100
|turn|10
|
|t:|1743833799
|move|p1a: Walking Wake|Hydro Steam|p2a: Great Tusk
|-supereffective|p2a: Great Tusk
|-damage|p2a: Great Tusk|0 fnt
|faint|p2a: Great Tusk
|-end|p2a: Great Tusk|Protosynthesis|[silent]
|
|upkeep
|
|t:|1743833801
|switch|p2a: Kingambit|Kingambit, M|100/100
|-activate|p2a: Kingambit|ability: Supreme Overlord
|-start|p2a: Kingambit|fallen3|[silent]
|turn|11
|
|t:|1743833810
|move|p1a: Walking Wake|Hydro Steam|p2a: Kingambit
|-damage|p2a: Kingambit|37/100
|move|p2a: Kingambit|Swords Dance|p2a: Kingambit
|-boost|p2a: Kingambit|atk|2
|
|upkeep
|turn|12
|
|t:|1743833814
|-terastallize|p1a: Walking Wake|Fairy
|move|p1a: Walking Wake|Hydro Steam|p2a: Kingambit
|-damage|p2a: Kingambit|0 fnt
|faint|p2a: Kingambit
|-end|p2a: Kingambit|fallen3|[silent]
|
|upkeep
|
|t:|1743833818
|switch|p2a: Pecharunt|Pecharunt|100/100
|-item|p2a: Pecharunt|Air Balloon
|turn|13
|
|t:|1743833825
|-end|p1a: Walking Wake|Protosynthesis|[silent]
|switch|p1a: Torkoal|Torkoal, M|59/100
|-weather|SunnyDay|[from] ability: Drought|[of] p1a: Torkoal
|move|p2a: Pecharunt|Malignant Chain|p1a: Torkoal
|-damage|p1a: Torkoal|6/100
|
|-weather|SunnyDay|[upkeep]
|upkeep
|turn|14
|
|t:|1743833828
|move|p2a: Pecharunt|Malignant Chain|p1a: Torkoal
|-damage|p1a: Torkoal|0 fnt
|faint|p1a: Torkoal
|
|-weather|SunnyDay|[upkeep]
|upkeep
|
|t:|1743833856
|switch|p1a: Venusaur|Venusaur, F|100/100
|turn|15
|
|t:|1743833862
|move|p1a: Venusaur|Weather Ball|p2a: Pecharunt
|-crit|p2a: Pecharunt
|-damage|p2a: Pecharunt|21/100
|-enditem|p2a: Pecharunt|Air Balloon
|-damage|p1a: Venusaur|91/100|[from] item: Life Orb
|move|p2a: Pecharunt|Parting Shot|p1a: Venusaur
|-unboost|p1a: Venusaur|atk|1
|-unboost|p1a: Venusaur|spa|1
|
|t:|1743833863
|switch|p2a: Hatterene|Hatterene, F|100/100|[from] Parting Shot
|
|-weather|SunnyDay|[upkeep]
|upkeep
|turn|16
|
|t:|1743833870
|move|p1a: Venusaur|Solar Beam||[still]
|-prepare|p1a: Venusaur|Solar Beam
|-anim|p1a: Venusaur|Solar Beam|p2a: Hatterene
|-damage|p2a: Hatterene|49/100
|-damage|p1a: Venusaur|81/100|[from] item: Life Orb
|move|p2a: Hatterene|Trick Room|p2a: Hatterene
|-fieldstart|move: Trick Room|[of] p2a: Hatterene
|
|-weather|SunnyDay|[upkeep]
|upkeep
|turn|17
|
|t:|1743833873
|move|p2a: Hatterene|Psychic Noise|p1a: Venusaur
|-supereffective|p1a: Venusaur
|-damage|p1a: Venusaur|0 fnt
|faint|p1a: Venusaur
|
|-weather|SunnyDay|[upkeep]
|upkeep
|
|t:|1743833880
|switch|p1a: Hatterene|Hatterene, F|60/100
|turn|18
|
|t:|1743833889
|move|p1a: Hatterene|Draining Kiss|p2a: Hatterene
|-damage|p2a: Hatterene|26/100
|-heal|p1a: Hatterene|77/100|[from] drain|[of] p2a: Hatterene
|move|p2a: Hatterene|Draining Kiss|p1a: Hatterene
|-damage|p1a: Hatterene|43/100
|-heal|p2a: Hatterene|51/100|[from] drain|[of] p1a: Hatterene
|
|-weather|SunnyDay|[upkeep]
|upkeep
|turn|19
|
|t:|1743833895
|move|p1a: Hatterene|Draining Kiss|p2a: Hatterene
|-damage|p2a: Hatterene|27/100
|-heal|p1a: Hatterene|62/100|[from] drain|[of] p2a: Hatterene
|move|p2a: Hatterene|Draining Kiss|p1a: Hatterene
|-damage|p1a: Hatterene|29/100
|-heal|p2a: Hatterene|51/100|[from] drain|[of] p1a: Hatterene
|
|-weather|SunnyDay|[upkeep]
|upkeep
|turn|20
|
|t:|1743833907
|move|p1a: Hatterene|Draining Kiss|p2a: Hatterene
|-damage|p2a: Hatterene|25/100
|-heal|p1a: Hatterene|49/100|[from] drain|[of] p2a: Hatterene
|move|p2a: Hatterene|Draining Kiss|p1a: Hatterene
|-damage|p1a: Hatterene|17/100
|-heal|p2a: Hatterene|49/100|[from] drain|[of] p1a: Hatterene
|
|-weather|none
|-fieldend|move: Trick Room
|upkeep
|turn|21
|
|t:|1743833912
|move|p1a: Hatterene|Draining Kiss|p2a: Hatterene
|-damage|p2a: Hatterene|24/100
|-heal|p1a: Hatterene|36/100|[from] drain|[of] p2a: Hatterene
|move|p2a: Hatterene|Trick Room|p2a: Hatterene
|-fieldstart|move: Trick Room|[of] p2a: Hatterene
|
|upkeep
|turn|22
|
|t:|1743833920
|move|p1a: Hatterene|Draining Kiss|p2a: Hatterene
|-damage|p2a: Hatterene|1/100
|-heal|p1a: Hatterene|53/100|[from] drain|[of] p2a: Hatterene
|move|p2a: Hatterene|Draining Kiss|p1a: Hatterene
|-damage|p1a: Hatterene|24/100
|-heal|p2a: Hatterene|23/100|[from] drain|[of] p1a: Hatterene
|
|upkeep
|turn|23
|
|t:|1743833937
|move|p1a: Hatterene|Draining Kiss|p2a: Hatterene
|-damage|p2a: Hatterene|0 fnt
|-heal|p1a: Hatterene|41/100|[from] drain|[of] p2a: Hatterene
|faint|p2a: Hatterene
|
|upkeep
|
|t:|1743833939
|switch|p2a: Pecharunt|Pecharunt|21/100
|turn|24
|
|t:|1743833941
|-terastallize|p2a: Pecharunt|Fairy
|move|p1a: Hatterene|Healing Wish|p1a: Hatterene
|faint|p1a: Hatterene
|move|p2a: Pecharunt|Recover|p2a: Pecharunt
|-heal|p2a: Pecharunt|71/100
|
|upkeep
|
|t:|1743833949
|switch|p1a: Walking Wake|Walking Wake, tera:Fairy|100/100
|turn|25
|
|t:|1743833957
|-end|p1a: Walking Wake|Protosynthesis|[silent]
|switch|p1a: Great Tusk|Great Tusk|27/100
|-heal|p1a: Great Tusk|100/100|[from] move: Healing Wish
|move|p2a: Pecharunt|Malignant Chain|p1a: Great Tusk
|-resisted|p1a: Great Tusk
|-damage|p1a: Great Tusk|77/100
|-status|p1a: Great Tusk|tox
|-start|p1a: Great Tusk|confusion|[from] ability: Poison Puppeteer|[of] p2a: Pecharunt
|
|-damage|p1a: Great Tusk|71/100 tox|[from] psn
|-fieldend|move: Trick Room
|upkeep
|turn|26
|
|t:|1743833963
|-activate|p1a: Great Tusk|confusion
|move|p1a: Great Tusk|Headlong Rush|p2a: Pecharunt
|-damage|p2a: Pecharunt|37/100
|-unboost|p1a: Great Tusk|def|1
|-unboost|p1a: Great Tusk|spd|1
|move|p2a: Pecharunt|Recover|p2a: Pecharunt
|-heal|p2a: Pecharunt|87/100
|
|-damage|p1a: Great Tusk|59/100 tox|[from] psn
|upkeep
|turn|27
|
|t:|1743833968
|-activate|p1a: Great Tusk|confusion
|move|p1a: Great Tusk|Headlong Rush|p2a: Pecharunt
|-damage|p2a: Pecharunt|58/100
|-unboost|p1a: Great Tusk|def|1
|-unboost|p1a: Great Tusk|spd|1
|move|p2a: Pecharunt|Recover|p2a: Pecharunt
|-heal|p2a: Pecharunt|100/100
|
|-damage|p1a: Great Tusk|40/100 tox|[from] psn
|upkeep
|turn|28
|
|t:|1743833975
|-end|p1a: Great Tusk|confusion
|move|p1a: Great Tusk|Headlong Rush|p2a: Pecharunt
|-damage|p2a: Pecharunt|68/100
|-unboost|p1a: Great Tusk|def|1
|-unboost|p1a: Great Tusk|spd|1
|move|p2a: Pecharunt|Recover|p2a: Pecharunt
|-heal|p2a: Pecharunt|100/100
|
|-damage|p1a: Great Tusk|15/100 tox|[from] psn
|upkeep
|turn|29
|
|t:|1743833983
|move|p1a: Great Tusk|Headlong Rush|p2a: Pecharunt
|-crit|p2a: Pecharunt
|-damage|p2a: Pecharunt|51/100
|-unboost|p1a: Great Tusk|def|1
|-unboost|p1a: Great Tusk|spd|1
|move|p2a: Pecharunt|Recover|p2a: Pecharunt
|-heal|p2a: Pecharunt|100/100
|
|-damage|p1a: Great Tusk|0 fnt|[from] psn
|faint|p1a: Great Tusk
|-end|p1a: Great Tusk|Protosynthesis|[silent]
|upkeep
|
|t:|1743833984
|switch|p1a: Walking Wake|Walking Wake, tera:Fairy|100/100
|turn|30
|
|t:|1743833993
|move|p1a: Walking Wake|Hydro Steam|p2a: Pecharunt
|-damage|p2a: Pecharunt|42/100
|move|p2a: Pecharunt|Malignant Chain|p1a: Walking Wake
|-supereffective|p1a: Walking Wake
|-damage|p1a: Walking Wake|14/100
|
|upkeep
|turn|31
|
|t:|1743833996
|move|p1a: Walking Wake|Hydro Steam|p2a: Pecharunt
|-damage|p2a: Pecharunt|0 fnt
|faint|p2a: Pecharunt
|
|win|seymour2
|raw|seymour2's rating: 1607 &rarr; <strong>1622</strong><br />(+15 for winning)
|raw|12723 dong's rating: 1512 &rarr; <strong>1497</strong><br />(-15 for losing)
|l|☆12723 dong
|player|p2|
|l|☆seymour2
|player|p1|
