|j|☆caoyeqi
|j|☆Isuckatthisgames
|t:|1743915664
|gametype|singles
|player|p1|caoyeqi|169|1172
|player|p2|Isuckatthisgames|furisodegirl-black|1190
|teamsize|p1|6
|teamsize|p2|6
|gen|9
|tier|[Gen 9] OU
|rated|
|rule|HP Percentage Mod: HP is shown in percentages
|rule|Endless Battle Clause: Forcing endless battles is banned
|rule|Species Clause: Limit one of each Pokémon
|rule|OHKO Clause: OHKO moves are banned
|rule|Evasion Items Clause: Evasion items are banned
|rule|Evasion Moves Clause: Evasion moves are banned
|rule|Sleep Moves Clause: Sleep-inducing moves are banned
|clearpoke
|poke|p1|Pelipper, F|
|poke|p1|Gliscor, F|
|poke|p1|Ludicolo, F|
|poke|p1|Pikachu-Partner, M|
|poke|p1|Kingdra, M|
|poke|p1|Scizor, M|
|poke|p2|Walking Wake|
|poke|p2|Ninetales, M|
|poke|p2|Gliscor, F|
|poke|p2|Iron Moth|
|poke|p2|Great Tusk|
|poke|p2|Ceruledge, M|
|teampreview
|inactive|Battle timer is ON: inactive players will automatically lose when time's up. (requested by Isuckatthisgames)
|
|t:|1743915677
|start
|switch|p1a: Pelipper|Pelipper, F|100/100
|switch|p2a: Walking Wake|Walking Wake|100/100
|-weather|RainDance|[from] ability: Drizzle|[of] p1a: Pelipper
|turn|1
|
|t:|1743915690
|move|p2a: Walking Wake|Hydro Steam|p1a: Pelipper
|-resisted|p1a: Pelipper
|-damage|p1a: Pelipper|57/100
|move|p1a: Pelipper|Knock Off|p2a: Walking Wake
|-damage|p2a: Walking Wake|91/100
|-enditem|p2a: Walking Wake|Assault Vest|[from] move: Knock Off|[of] p1a: Pelipper
|
|-weather|RainDance|[upkeep]
|upkeep
|turn|2
|
|t:|1743915704
|move|p2a: Walking Wake|Hydro Steam|p1a: Pelipper
|-resisted|p1a: Pelipper
|-damage|p1a: Pelipper|13/100
|move|p1a: Pelipper|U-turn|p2a: Walking Wake
|-crit|p2a: Walking Wake
|-damage|p2a: Walking Wake|79/100
|
|t:|1743915734
|switch|p1a: Kingdra|Kingdra, M, shiny|100/100|[from] U-turn
|
|-weather|RainDance|[upkeep]
|upkeep
|turn|3
|inactive|caoyeqi has 120 seconds left.
|
|t:|1743915757
|-terastallize|p1a: Kingdra|Dragon
|move|p1a: Kingdra|Draco Meteor|p2a: Walking Wake
|-supereffective|p2a: Walking Wake
|-damage|p2a: Walking Wake|0 fnt
|-unboost|p1a: Kingdra|spa|2
|faint|p2a: Walking Wake
|-end|p2a: Walking Wake|Protosynthesis|[silent]
|
|-weather|RainDance|[upkeep]
|upkeep
|
|t:|1743915762
|switch|p2a: Ninetales|Ninetales, M|100/100
|-weather|SunnyDay|[from] ability: Drought|[of] p2a: Ninetales
|turn|4
|
|t:|1743915771
|move|p1a: Kingdra|Draco Meteor|p2a: Ninetales
|-damage|p2a: Ninetales|44/100
|-unboost|p1a: Kingdra|spa|2
|move|p2a: Ninetales|Will-O-Wisp|p1a: Kingdra
|-status|p1a: Kingdra|brn
|
|-weather|SunnyDay|[upkeep]
|-damage|p1a: Kingdra|94/100 brn|[from] brn
|upkeep
|turn|5
|
|t:|1743915786
|switch|p1a: Gliscor|Gliscor, F|100/100
|switch|p2a: Was UU Btw|Iron Moth|100/100
|-enditem|p2a: Was UU Btw|Booster Energy
|-activate|p2a: Was UU Btw|ability: Quark Drive|[fromitem]
|-start|p2a: Was UU Btw|quarkdrivespe
|
|-weather|SunnyDay|[upkeep]
|-status|p1a: Gliscor|tox|[from] item: Toxic Orb
|upkeep
|turn|6
|
|t:|1743915802
|move|p2a: Was UU Btw|Psychic|p1a: Gliscor
|-damage|p1a: Gliscor|65/100 tox
|move|p1a: Gliscor|Earthquake|p2a: Was UU Btw
|-supereffective|p2a: Was UU Btw
|-damage|p2a: Was UU Btw|0 fnt
|faint|p2a: Was UU Btw
|-end|p2a: Was UU Btw|Quark Drive|[silent]
|
|-weather|SunnyDay|[upkeep]
|-heal|p1a: Gliscor|78/100 tox|[from] ability: Poison Heal
|upkeep
|
|t:|1743915805
|switch|p2a: Great Tusk|Great Tusk|100/100
|-activate|p2a: Great Tusk|ability: Protosynthesis
|-start|p2a: Great Tusk|protosynthesisdef
|turn|7
|
|t:|1743915820
|move|p1a: Gliscor|Toxic|p2a: Great Tusk
|-status|p2a: Great Tusk|tox
|move|p2a: Great Tusk|Rapid Spin|p1a: Gliscor
|-damage|p1a: Gliscor|70/100 tox
|-boost|p2a: Great Tusk|spe|1
|
|-weather|SunnyDay|[upkeep]
|-damage|p2a: Great Tusk|94/100 tox|[from] psn
|-heal|p1a: Gliscor|82/100 tox|[from] ability: Poison Heal
|upkeep
|turn|8
|
|t:|1743915833
|move|p1a: Gliscor|Protect|p1a: Gliscor
|-singleturn|p1a: Gliscor|Protect
|move|p2a: Great Tusk|Stealth Rock|p1a: Gliscor
|-sidestart|p1: caoyeqi|move: Stealth Rock
|
|-weather|none
|-end|p2a: Great Tusk|Protosynthesis
|-heal|p2a: Great Tusk|100/100 tox|[from] item: Leftovers
|-damage|p2a: Great Tusk|88/100 tox|[from] psn
|-heal|p1a: Gliscor|95/100 tox|[from] ability: Poison Heal
|upkeep
|turn|9
|
|t:|1743915847
|move|p2a: Great Tusk|Ice Spinner|p1a: Gliscor
|-supereffective|p1a: Gliscor
|-damage|p1a: Gliscor|38/100 tox
|move|p1a: Gliscor|Facade|p2a: Great Tusk
|-damage|p2a: Great Tusk|69/100 tox
|
|-heal|p2a: Great Tusk|75/100 tox|[from] item: Leftovers
|-damage|p2a: Great Tusk|57/100 tox|[from] psn
|-heal|p1a: Gliscor|50/100 tox|[from] ability: Poison Heal
|upkeep
|turn|10
|
|t:|1743915861
|move|p1a: Gliscor|Protect|p1a: Gliscor
|-singleturn|p1a: Gliscor|Protect
|move|p2a: Great Tusk|Ice Spinner|p1a: Gliscor
|-activate|p1a: Gliscor|move: Protect
|
|-heal|p2a: Great Tusk|63/100 tox|[from] item: Leftovers
|-damage|p2a: Great Tusk|39/100 tox|[from] psn
|-heal|p1a: Gliscor|63/100 tox|[from] ability: Poison Heal
|upkeep
|turn|11
|
|t:|1743915875
|move|p2a: Great Tusk|Ice Spinner|p1a: Gliscor
|-supereffective|p1a: Gliscor
|-damage|p1a: Gliscor|8/100 tox
|move|p1a: Gliscor|Earthquake|p2a: Great Tusk
|-damage|p2a: Great Tusk|20/100 tox
|
|-heal|p2a: Great Tusk|26/100 tox|[from] item: Leftovers
|-damage|p2a: Great Tusk|0 fnt|[from] psn
|faint|p2a: Great Tusk
|-end|p2a: Great Tusk|Protosynthesis|[silent]
|-heal|p1a: Gliscor|20/100 tox|[from] ability: Poison Heal
|upkeep
|
|t:|1743915889
|switch|p2a: Ceruledge|Ceruledge, M|100/100
|turn|12
|
|t:|1743915899
|switch|p1a: Pelipper|Pelipper, F|13/100
|-damage|p1a: Pelipper|0 fnt|[from] Stealth Rock
|faint|p1a: Pelipper
|move|p2a: Ceruledge|Swords Dance|p2a: Ceruledge
|-boost|p2a: Ceruledge|atk|2
|
|upkeep
|
|t:|1743915919
|switch|p1a: Pikachu|Pikachu-Partner, M, shiny|100/100
|-damage|p1a: Pikachu|88/100|[from] Stealth Rock
|turn|13
|
|t:|1743915929
|move|p1a: Pikachu|Thunder|p2a: Ceruledge
|-damage|p2a: Ceruledge|26/100
|move|p2a: Ceruledge|Bitter Blade|p1a: Pikachu
|-damage|p1a: Pikachu|0 fnt
|-heal|p2a: Ceruledge|58/100|[from] drain|[of] p1a: Pikachu
|faint|p1a: Pikachu
|
|upkeep
|
|t:|1743915944
|switch|p1a: Ludicolo|Ludicolo, F|100/100
|-damage|p1a: Ludicolo|88/100|[from] Stealth Rock
|turn|14
|
|t:|1743915955
|switch|p1a: Gliscor|Gliscor, F|20/100 tox
|-damage|p1a: Gliscor|8/100 tox|[from] Stealth Rock
|-terastallize|p2a: Ceruledge|Fire
|move|p2a: Ceruledge|Bitter Blade|p1a: Gliscor
|-damage|p1a: Gliscor|0 fnt
|-heal|p2a: Ceruledge|63/100|[from] drain|[of] p1a: Gliscor
|faint|p1a: Gliscor
|
|upkeep
|inactive|caoyeqi has 120 seconds left.
|
|t:|1743915968
|switch|p1a: Kingdra|Kingdra, M, shiny, tera:Dragon|94/100 brn
|-damage|p1a: Kingdra|82/100 brn|[from] Stealth Rock
|turn|15
|
|t:|1743915976
|move|p2a: Ceruledge|Shadow Sneak|p1a: Kingdra
|-damage|p1a: Kingdra|35/100 brn
|move|p1a: Kingdra|Draco Meteor|p2a: Ceruledge
|-damage|p2a: Ceruledge|0 fnt
|-unboost|p1a: Kingdra|spa|2
|faint|p2a: Ceruledge
|
|-damage|p1a: Kingdra|28/100 brn|[from] brn
|upkeep
|
|t:|1743915984
|switch|p2a: Ninetales|Ninetales, M|44/100
|-weather|SunnyDay|[from] ability: Drought|[of] p2a: Ninetales
|turn|16
|
|t:|1743915991
|move|p1a: Kingdra|Draco Meteor|p2a: Ninetales
|-damage|p2a: Ninetales|0 fnt
|-unboost|p1a: Kingdra|spa|2
|faint|p2a: Ninetales
|
|-weather|SunnyDay|[upkeep]
|-damage|p1a: Kingdra|22/100 brn|[from] brn
|upkeep
|
|t:|1743915993
|switch|p2a: Gliscor|Gliscor, F|100/100
|turn|17
|
|t:|1743916002
|move|p2a: Gliscor|Protect|p2a: Gliscor
|-singleturn|p2a: Gliscor|Protect
|move|p1a: Kingdra|Draco Meteor|p2a: Gliscor
|-activate|p2a: Gliscor|move: Protect
|
|-weather|SunnyDay|[upkeep]
|-damage|p1a: Kingdra|16/100 brn|[from] brn
|-status|p2a: Gliscor|tox|[from] item: Toxic Orb
|upkeep
|turn|18
|
|t:|1743916012
|move|p1a: Kingdra|Draco Meteor|p2a: Gliscor
|-damage|p2a: Gliscor|50/100 tox
|-unboost|p1a: Kingdra|spa|2
|move|p2a: Gliscor|Thief|p1a: Kingdra
|-damage|p1a: Kingdra|0 fnt
|faint|p1a: Kingdra
|
|-weather|SunnyDay|[upkeep]
|-heal|p2a: Gliscor|62/100 tox|[from] ability: Poison Heal
|upkeep
|
|t:|1743916024
|switch|p1a: Ludicolo|Ludicolo, F|88/100
|-damage|p1a: Ludicolo|76/100|[from] Stealth Rock
|turn|19
|
|t:|1743916030
|move|p1a: Ludicolo|Ice Beam|p2a: Gliscor
|-supereffective|p2a: Gliscor
|-damage|p2a: Gliscor|0 fnt
|faint|p2a: Gliscor
|-damage|p1a: Ludicolo|66/100|[from] item: Life Orb
|
|win|caoyeqi
|raw|caoyeqi's rating: 1172 &rarr; <strong>1198</strong><br />(+26 for winning)
|raw|Isuckatthisgames's rating: 1190 &rarr; <strong>1164</strong><br />(-26 for losing)
|l|☆Isuckatthisgames
|player|p2|
|l|☆caoyeqi
|player|p1|
