|j|☆thatguyhere_15
|j|☆Beaudo1
|t:|1743793520
|gametype|singles
|player|p1|thatguyhere_15|steven|1221
|player|p2|Beaudo1|1|1242
|teamsize|p1|6
|teamsize|p2|6
|gen|9
|tier|[Gen 9] OU
|rated|
|rule|HP Percentage Mod: HP is shown in percentages
|rule|Endless Battle Clause: Forcing endless battles is banned
|rule|Species Clause: Limit one of each Pokémon
|rule|OHKO Clause: OHKO moves are banned
|rule|Evasion Items Clause: Evasion items are banned
|rule|Evasion Moves Clause: Evasion moves are banned
|rule|Sleep Moves Clause: Sleep-inducing moves are banned
|clearpoke
|poke|p1|Ursaluna, M|
|poke|p1|Haxorus, M|
|poke|p1|Tropius, F|
|poke|p1|Kingambit, M|
|poke|p1|Ceruledge, F|
|poke|p1|Dragapult, F|
|poke|p2|Ting-Lu|
|poke|p2|Dragapult, M|
|poke|p2|Garganacl, M|
|poke|p2|Mimikyu, F|
|poke|p2|Kingambit, M|
|poke|p2|Toxapex, M|
|teampreview
|inactive|Battle timer is ON: inactive players will automatically lose when time's up. (requested by thatguyhere_15)
|
|t:|1743793523
|start
|switch|p1a: Haxorus|Haxorus, M, shiny|100/100
|switch|p2a: Ting-Lu|Ting-Lu|100/100
|-ability|p1a: Haxorus|Mold Breaker
|-ability|p2a: Ting-Lu|Vessel of Ruin
|turn|1
|
|t:|1743793535
|move|p1a: Haxorus|Swords Dance|p1a: Haxorus
|-boost|p1a: Haxorus|atk|2
|move|p2a: Ting-Lu|Spikes|p1a: Haxorus
|-sidestart|p1: thatguyhere_15|Spikes
|
|upkeep
|turn|2
|
|t:|1743793541
|move|p1a: Haxorus|Scale Shot|p2a: Ting-Lu
|-damage|p2a: Ting-Lu|85/100
|-damage|p2a: Ting-Lu|70/100
|-damage|p2a: Ting-Lu|54/100
|-damage|p2a: Ting-Lu|37/100
|-hitcount|p2a: Ting-Lu|4
|-enditem|p2a: Ting-Lu|Red Card|[of] p1a: Haxorus
|-unboost|p1a: Haxorus|def|1
|-boost|p1a: Haxorus|spe|1
|drag|p1a: Ursaluna|Ursaluna, M|100/100
|-damage|p1a: Ursaluna|88/100|[from] Spikes
|move|p2a: Ting-Lu|Whirlwind|p1a: Ursaluna
|drag|p1a: Tropius|Tropius, F|100/100
|
|upkeep
|turn|3
|
|t:|1743793560
|move|p1a: Tropius|Leech Seed|p2a: Ting-Lu
|-start|p2a: Ting-Lu|move: Leech Seed
|move|p2a: Ting-Lu|Spikes|p1a: Tropius
|-sidestart|p1: thatguyhere_15|Spikes
|
|-damage|p2a: Ting-Lu|24/100|[from] Leech Seed|[of] p1a: Tropius
|upkeep
|turn|4
|
|t:|1743793568
|move|p1a: Tropius|Air Slash|p2a: Ting-Lu
|-damage|p2a: Ting-Lu|16/100
|move|p2a: Ting-Lu|Ruination|p1a: Tropius
|-damage|p1a: Tropius|50/100
|-enditem|p1a: Tropius|Sitrus Berry|[eat]
|-heal|p1a: Tropius|75/100|[from] item: Sitrus Berry
|
|-damage|p2a: Ting-Lu|4/100|[from] Leech Seed|[of] p1a: Tropius
|-heal|p1a: Tropius|91/100|[silent]
|-item|p1a: Tropius|Sitrus Berry|[from] ability: Harvest
|upkeep
|turn|5
|
|t:|1743793582
|move|p1a: Tropius|Calm Mind|p1a: Tropius
|-boost|p1a: Tropius|spa|1
|-boost|p1a: Tropius|spd|1
|move|p2a: Ting-Lu|Ruination|p1a: Tropius
|-damage|p1a: Tropius|46/100
|-enditem|p1a: Tropius|Sitrus Berry|[eat]
|-heal|p1a: Tropius|71/100|[from] item: Sitrus Berry
|
|-damage|p2a: Ting-Lu|0 fnt|[from] Leech Seed|[of] p1a: Tropius
|-heal|p1a: Tropius|75/100|[silent]
|faint|p2a: Ting-Lu
|-item|p1a: Tropius|Sitrus Berry|[from] ability: Harvest
|upkeep
|
|t:|1743793600
|switch|p2a: Garganacl|Garganacl, M|100/100
|turn|6
|
|t:|1743793607
|-terastallize|p2a: Garganacl|Fairy
|move|p1a: Tropius|Calm Mind|p1a: Tropius
|-boost|p1a: Tropius|spa|1
|-boost|p1a: Tropius|spd|1
|move|p2a: Garganacl|Salt Cure|p1a: Tropius
|-supereffective|p1a: Tropius
|-damage|p1a: Tropius|56/100
|-start|p1a: Tropius|Salt Cure
|
|-damage|p1a: Tropius|43/100|[from] Salt Cure
|upkeep
|-enditem|p1a: Tropius|Sitrus Berry|[eat]
|-heal|p1a: Tropius|68/100|[from] item: Sitrus Berry
|turn|7
|
|t:|1743793625
|switch|p2a: Toxapex|Toxapex, M|100/100
|move|p1a: Tropius|Air Slash|p2a: Toxapex
|-damage|p2a: Toxapex|70/100
|
|-heal|p2a: Toxapex|76/100|[from] item: Leftovers
|-damage|p1a: Tropius|56/100|[from] Salt Cure
|upkeep
|turn|8
|
|t:|1743793635
|move|p1a: Tropius|Air Slash|p2a: Toxapex
|-damage|p2a: Toxapex|45/100
|cant|p2a: Toxapex|flinch
|
|-heal|p2a: Toxapex|51/100|[from] item: Leftovers
|-damage|p1a: Tropius|43/100|[from] Salt Cure
|-item|p1a: Tropius|Sitrus Berry|[from] ability: Harvest
|upkeep
|-enditem|p1a: Tropius|Sitrus Berry|[eat]
|-heal|p1a: Tropius|68/100|[from] item: Sitrus Berry
|turn|9
|
|t:|1743793647
|move|p1a: Tropius|Air Slash|p2a: Toxapex
|-damage|p2a: Toxapex|18/100
|move|p2a: Toxapex|Haze|p2a: Toxapex
|-clearallboost
|
|-heal|p2a: Toxapex|24/100|[from] item: Leftovers
|-damage|p1a: Tropius|56/100|[from] Salt Cure
|upkeep
|turn|10
|
|t:|1743793657
|move|p1a: Tropius|Air Slash|p2a: Toxapex
|-damage|p2a: Toxapex|9/100
|move|p2a: Toxapex|Recover|p2a: Toxapex
|-heal|p2a: Toxapex|59/100
|
|-heal|p2a: Toxapex|66/100|[from] item: Leftovers
|-damage|p1a: Tropius|43/100|[from] Salt Cure
|-item|p1a: Tropius|Sitrus Berry|[from] ability: Harvest
|upkeep
|-enditem|p1a: Tropius|Sitrus Berry|[eat]
|-heal|p1a: Tropius|68/100|[from] item: Sitrus Berry
|turn|11
|
|t:|1743793670
|move|p1a: Tropius|Leech Seed|p2a: Toxapex|[miss]
|-miss|p1a: Tropius|p2a: Toxapex
|move|p2a: Toxapex|Toxic|p1a: Tropius
|-status|p1a: Tropius|tox
|
|-heal|p2a: Toxapex|72/100|[from] item: Leftovers
|-damage|p1a: Tropius|62/100 tox|[from] psn
|-damage|p1a: Tropius|50/100 tox|[from] Salt Cure
|-item|p1a: Tropius|Sitrus Berry|[from] ability: Harvest
|upkeep
|-enditem|p1a: Tropius|Sitrus Berry|[eat]
|-heal|p1a: Tropius|75/100 tox|[from] item: Sitrus Berry
|turn|12
|
|t:|1743793685
|switch|p2a: Garganacl|Garganacl, M, tera:Fairy|100/100
|move|p1a: Tropius|Leech Seed|p2a: Garganacl
|-start|p2a: Garganacl|move: Leech Seed
|
|-damage|p2a: Garganacl|88/100|[from] Leech Seed|[of] p1a: Tropius
|-heal|p1a: Tropius|87/100 tox|[silent]
|-damage|p1a: Tropius|75/100 tox|[from] psn
|-damage|p1a: Tropius|62/100 tox|[from] Salt Cure
|-item|p1a: Tropius|Sitrus Berry|[from] ability: Harvest
|upkeep
|turn|13
|
|t:|1743793698
|move|p1a: Tropius|Air Slash|p2a: Garganacl|[miss]
|-miss|p1a: Tropius|p2a: Garganacl
|move|p2a: Garganacl|Salt Cure|p1a: Tropius
|-supereffective|p1a: Tropius
|-damage|p1a: Tropius|44/100 tox
|-enditem|p1a: Tropius|Sitrus Berry|[eat]
|-heal|p1a: Tropius|69/100 tox|[from] item: Sitrus Berry
|
|-heal|p2a: Garganacl|94/100|[from] item: Leftovers
|-damage|p2a: Garganacl|82/100|[from] Leech Seed|[of] p1a: Tropius
|-heal|p1a: Tropius|82/100 tox|[silent]
|-damage|p1a: Tropius|63/100 tox|[from] psn
|-damage|p1a: Tropius|50/100 tox|[from] Salt Cure
|upkeep
|turn|14
|
|t:|1743793715
|move|p1a: Tropius|Calm Mind|p1a: Tropius
|-boost|p1a: Tropius|spa|1
|-boost|p1a: Tropius|spd|1
|move|p2a: Garganacl|Curse|p2a: Garganacl
|-unboost|p2a: Garganacl|spe|1
|-boost|p2a: Garganacl|atk|1
|-boost|p2a: Garganacl|def|1
|
|-heal|p2a: Garganacl|88/100|[from] item: Leftovers
|-damage|p2a: Garganacl|76/100|[from] Leech Seed|[of] p1a: Tropius
|-heal|p1a: Tropius|63/100 tox|[silent]
|-damage|p1a: Tropius|38/100 tox|[from] psn
|-damage|p1a: Tropius|25/100 tox|[from] Salt Cure
|-item|p1a: Tropius|Sitrus Berry|[from] ability: Harvest
|upkeep
|-enditem|p1a: Tropius|Sitrus Berry|[eat]
|-heal|p1a: Tropius|50/100 tox|[from] item: Sitrus Berry
|turn|15
|inactive|Beaudo1 has 120 seconds left.
|
|t:|1743793732
|move|p1a: Tropius|Air Slash|p2a: Garganacl|[miss]
|-miss|p1a: Tropius|p2a: Garganacl
|move|p2a: Garganacl|Salt Cure|p1a: Tropius
|-supereffective|p1a: Tropius
|-damage|p1a: Tropius|24/100 tox
|
|-heal|p2a: Garganacl|82/100|[from] item: Leftovers
|-damage|p2a: Garganacl|70/100|[from] Leech Seed|[of] p1a: Tropius
|-heal|p1a: Tropius|37/100 tox|[silent]
|-damage|p1a: Tropius|6/100 tox|[from] psn
|-damage|p1a: Tropius|0 fnt|[from] Salt Cure
|faint|p1a: Tropius
|upkeep
|
|t:|1743793745
|switch|p1a: Haxorus|Haxorus, M, shiny|100/100
|-damage|p1a: Haxorus|84/100|[from] Spikes
|-ability|p1a: Haxorus|Mold Breaker
|turn|16
|
|t:|1743793753
|move|p1a: Haxorus|Swords Dance|p1a: Haxorus
|-boost|p1a: Haxorus|atk|2
|move|p2a: Garganacl|Salt Cure|p1a: Haxorus
|-damage|p1a: Haxorus|59/100
|-start|p1a: Haxorus|Salt Cure
|
|-heal|p2a: Garganacl|76/100|[from] item: Leftovers
|-damage|p2a: Garganacl|63/100|[from] Leech Seed|[of] p1a: Haxorus
|-heal|p1a: Haxorus|76/100|[silent]
|-damage|p1a: Haxorus|63/100|[from] Salt Cure
|upkeep
|turn|17
|
|t:|1743793765
|switch|p2a: Mimikyu|Mimikyu, F|100/100
|move|p1a: Haxorus|Iron Head|p2a: Mimikyu
|-supereffective|p2a: Mimikyu
|-damage|p2a: Mimikyu|0 fnt
|faint|p2a: Mimikyu
|
|-damage|p1a: Haxorus|51/100|[from] Salt Cure
|upkeep
|
|t:|1743793778
|switch|p2a: Toxapex|Toxapex, M|100/100
|turn|18
|
|t:|1743793783
|move|p1a: Haxorus|Scale Shot|p2a: Toxapex
|-damage|p2a: Toxapex|83/100
|-damage|p2a: Toxapex|65/100
|-damage|p2a: Toxapex|45/100
|-hitcount|p2a: Toxapex|3
|-unboost|p1a: Haxorus|def|1
|-boost|p1a: Haxorus|spe|1
|move|p2a: Toxapex|Haze|p2a: Toxapex
|-clearallboost
|
|-heal|p2a: Toxapex|51/100|[from] item: Leftovers
|-damage|p1a: Haxorus|39/100|[from] Salt Cure
|upkeep
|turn|19
|
|t:|1743793797
|move|p1a: Haxorus|Scale Shot|p2a: Toxapex
|-damage|p2a: Toxapex|42/100
|-damage|p2a: Toxapex|32/100
|-hitcount|p2a: Toxapex|2
|-unboost|p1a: Haxorus|def|1
|-boost|p1a: Haxorus|spe|1
|move|p2a: Toxapex|Recover|p2a: Toxapex
|-heal|p2a: Toxapex|82/100
|
|-heal|p2a: Toxapex|89/100|[from] item: Leftovers
|-damage|p1a: Haxorus|26/100|[from] Salt Cure
|upkeep
|turn|20
|
|t:|1743793810
|move|p1a: Haxorus|Swords Dance|p1a: Haxorus
|-boost|p1a: Haxorus|atk|2
|move|p2a: Toxapex|Liquidation|p1a: Haxorus
|-resisted|p1a: Haxorus
|-damage|p1a: Haxorus|9/100
|
|-heal|p2a: Toxapex|95/100|[from] item: Leftovers
|-damage|p1a: Haxorus|0 fnt|[from] Salt Cure
|faint|p1a: Haxorus
|upkeep
|
|t:|1743793823
|switch|p1a: Ursaluna|Ursaluna, M|88/100
|-damage|p1a: Ursaluna|72/100|[from] Spikes
|turn|21
|
|t:|1743793828
|move|p1a: Ursaluna|Swords Dance|p1a: Ursaluna
|-boost|p1a: Ursaluna|atk|2
|move|p2a: Toxapex|Toxic|p1a: Ursaluna
|-status|p1a: Ursaluna|tox
|
|-heal|p2a: Toxapex|100/100|[from] item: Leftovers
|-damage|p1a: Ursaluna|66/100 tox|[from] psn
|upkeep
|turn|22
|
|t:|1743793838
|move|p1a: Ursaluna|Earthquake|p2a: Toxapex
|-supereffective|p2a: Toxapex
|-damage|p2a: Toxapex|0 fnt
|faint|p2a: Toxapex
|
|-damage|p1a: Ursaluna|53/100 tox|[from] psn
|upkeep
|
|t:|1743793853
|switch|p2a: Garganacl|Garganacl, M, tera:Fairy|63/100
|turn|23
|
|t:|1743793865
|move|p1a: Ursaluna|Facade|p2a: Garganacl
|-damage|p2a: Garganacl|0 fnt
|faint|p2a: Garganacl
|
|-damage|p1a: Ursaluna|35/100 tox|[from] psn
|upkeep
|
|t:|1743793881
|switch|p2a: Kingambit|Kingambit, M|100/100
|-activate|p2a: Kingambit|ability: Supreme Overlord
|-start|p2a: Kingambit|fallen4|[silent]
|-item|p2a: Kingambit|Air Balloon
|turn|24
|
|t:|1743793887
|move|p2a: Kingambit|Low Sweep|p1a: Ursaluna
|-supereffective|p1a: Ursaluna
|-damage|p1a: Ursaluna|0 fnt
|faint|p1a: Ursaluna
|
|upkeep
|
|t:|1743793897
|switch|p1a: Ceruledge|Ceruledge, F|100/100
|-damage|p1a: Ceruledge|84/100|[from] Spikes
|turn|25
|
|t:|1743793908
|-end|p2a: Kingambit|fallen4|[silent]
|switch|p2a: Dragapult|Dragapult, M|100/100
|move|p1a: Ceruledge|Swords Dance|p1a: Ceruledge
|-boost|p1a: Ceruledge|atk|2
|
|upkeep
|turn|26
|
|t:|1743793918
|move|p1a: Ceruledge|Shadow Sneak|p2a: Dragapult
|-supereffective|p2a: Dragapult
|-enditem|p2a: Dragapult|Focus Sash
|-damage|p2a: Dragapult|1/100
|move|p2a: Dragapult|Shadow Ball|p1a: Ceruledge
|-supereffective|p1a: Ceruledge
|-damage|p1a: Ceruledge|5/100
|
|upkeep
|turn|27
|
|t:|1743793930
|move|p1a: Ceruledge|Shadow Sneak|p2a: Dragapult
|-supereffective|p2a: Dragapult
|-damage|p2a: Dragapult|0 fnt
|faint|p2a: Dragapult
|
|upkeep
|
|t:|1743793934
|switch|p2a: Kingambit|Kingambit, M|100/100
|-activate|p2a: Kingambit|ability: Supreme Overlord
|-start|p2a: Kingambit|fallen5|[silent]
|-item|p2a: Kingambit|Air Balloon
|turn|28
|
|t:|1743793941
|move|p2a: Kingambit|Sucker Punch|p1a: Ceruledge
|-supereffective|p1a: Ceruledge
|-damage|p1a: Ceruledge|0 fnt
|faint|p1a: Ceruledge
|
|upkeep
|
|t:|1743793946
|switch|p1a: Kingambit|Kingambit, M, shiny|100/100
|-damage|p1a: Kingambit|84/100|[from] Spikes
|-activate|p1a: Kingambit|ability: Supreme Overlord
|-start|p1a: Kingambit|fallen4|[silent]
|turn|29
|
|t:|1743793952
|move|p2a: Kingambit|Swords Dance|p2a: Kingambit
|-boost|p2a: Kingambit|atk|2
|move|p1a: Kingambit|Swords Dance|p1a: Kingambit
|-boost|p1a: Kingambit|atk|2
|
|-heal|p1a: Kingambit|90/100|[from] item: Leftovers
|upkeep
|turn|30
|
|t:|1743793970
|-terastallize|p1a: Kingambit|Flying
|move|p2a: Kingambit|Low Sweep|p1a: Kingambit
|-resisted|p1a: Kingambit
|-damage|p1a: Kingambit|63/100
|-unboost|p1a: Kingambit|spe|1
|move|p1a: Kingambit|Tera Blast|p2a: Kingambit|[anim] Tera Blast Flying
|-resisted|p2a: Kingambit
|-damage|p2a: Kingambit|50/100
|-enditem|p2a: Kingambit|Air Balloon
|
|-heal|p1a: Kingambit|69/100|[from] item: Leftovers
|upkeep
|turn|31
|
|t:|1743793990
|move|p2a: Kingambit|Sucker Punch||[still]
|-fail|p2a: Kingambit
|move|p1a: Kingambit|Swords Dance|p1a: Kingambit
|-boost|p1a: Kingambit|atk|2
|
|-heal|p1a: Kingambit|75/100|[from] item: Leftovers
|upkeep
|turn|32
|
|t:|1743793999
|move|p2a: Kingambit|Sucker Punch||[still]
|-fail|p2a: Kingambit
|move|p1a: Kingambit|Swords Dance|p1a: Kingambit
|-boost|p1a: Kingambit|atk|2
|
|-heal|p1a: Kingambit|81/100|[from] item: Leftovers
|upkeep
|turn|33
|
|t:|1743794007
|move|p2a: Kingambit|Sucker Punch|p1a: Kingambit
|-damage|p1a: Kingambit|0 fnt
|faint|p1a: Kingambit
|-end|p1a: Kingambit|fallen4|[silent]
|
|upkeep
|
|t:|1743794017
|switch|p1a: Dragapult|Dragapult, F|100/100
|-damage|p1a: Dragapult|84/100|[from] Spikes
|turn|34
|
|t:|1743794021
|move|p2a: Kingambit|Sucker Punch||[still]
|-fail|p2a: Kingambit
|move|p1a: Dragapult|Will-O-Wisp|p2a: Kingambit
|-status|p2a: Kingambit|brn
|
|-heal|p1a: Dragapult|90/100|[from] item: Leftovers
|-damage|p2a: Kingambit|44/100 brn|[from] brn
|upkeep
|turn|35
|
|t:|1743794032
|move|p2a: Kingambit|Sucker Punch||[still]
|-fail|p2a: Kingambit
|move|p1a: Dragapult|Dragon Dance|p1a: Dragapult
|-boost|p1a: Dragapult|atk|1
|-boost|p1a: Dragapult|spe|1
|
|-heal|p1a: Dragapult|96/100|[from] item: Leftovers
|-damage|p2a: Kingambit|38/100 brn|[from] brn
|upkeep
|turn|36
|
|t:|1743794042
|move|p2a: Kingambit|Sucker Punch||[still]
|-fail|p2a: Kingambit
|move|p1a: Dragapult|Dragon Dance|p1a: Dragapult
|-boost|p1a: Dragapult|atk|1
|-boost|p1a: Dragapult|spe|1
|
|-heal|p1a: Dragapult|100/100|[from] item: Leftovers
|-damage|p2a: Kingambit|32/100 brn|[from] brn
|upkeep
|turn|37
|
|t:|1743794053
|move|p2a: Kingambit|Sucker Punch||[still]
|-fail|p2a: Kingambit
|move|p1a: Dragapult|Dragon Dance|p1a: Dragapult
|-boost|p1a: Dragapult|atk|1
|-boost|p1a: Dragapult|spe|1
|
|-damage|p2a: Kingambit|26/100 brn|[from] brn
|upkeep
|turn|38
|
|t:|1743794061
|move|p1a: Dragapult|Dragon Darts|p2a: Kingambit
|-resisted|p2a: Kingambit
|-damage|p2a: Kingambit|0 fnt
|faint|p2a: Kingambit
|-end|p2a: Kingambit|fallen5|[silent]
|
|win|thatguyhere_15
|raw|thatguyhere_15's rating: 1221 &rarr; <strong>1248</strong><br />(+27 for winning)
|raw|Beaudo1's rating: 1242 &rarr; <strong>1215</strong><br />(-27 for losing)
|c|☆thatguyhere_15|gg
|l|☆Beaudo1
|player|p2|
|l|☆thatguyhere_15
|player|p1|
