|j|☆kalen80
|j|☆Savushkin Trois
|t:|1743819978
|gametype|singles
|player|p1|kalen80|burglar|1210
|player|p2|Savushkin Trois|medium|1150
|teamsize|p1|6
|teamsize|p2|6
|gen|9
|tier|[Gen 9] OU
|rated|
|rule|HP Percentage Mod: HP is shown in percentages
|rule|Endless Battle Clause: Forcing endless battles is banned
|rule|Species Clause: Limit one of each Pokémon
|rule|OHKO Clause: OHKO moves are banned
|rule|Evasion Items Clause: Evasion items are banned
|rule|Evasion Moves Clause: Evasion moves are banned
|rule|Sleep Moves Clause: Sleep-inducing moves are banned
|clearpoke
|poke|p1|Toxtricity, F|
|poke|p1|Armarouge, F|
|poke|p1|Bisharp, M|
|poke|p1|Dudunsparce-*, F|
|poke|p1|Tropius, F|
|poke|p1|Mandibuzz, F|
|poke|p2|Decidueye-Hisui, F|
|poke|p2|Zapdos-Galar|
|poke|p2|Yanmega, F|
|poke|p2|Braviary-Hisui, M|
|poke|p2|Oricorio-Pom-Pom, M|
|poke|p2|Honchkrow, M|
|teampreview
|inactive|Battle timer is ON: inactive players will automatically lose when time's up. (requested by Savushkin Trois)
|
|t:|1743819997
|start
|switch|p1a: Armarouge|Armarouge, F|100/100
|switch|p2a: Oricorio|Oricorio-Pom-Pom, M|100/100
|turn|1
|
|t:|1743820005
|move|p2a: Oricorio|Quiver Dance|p2a: Oricorio
|-boost|p2a: Oricorio|spa|1
|-boost|p2a: Oricorio|spd|1
|-boost|p2a: Oricorio|spe|1
|move|p1a: Armarouge|Armor Cannon|p2a: Oricorio
|-damage|p2a: Oricorio|26/100
|-unboost|p1a: Armarouge|def|1
|-unboost|p1a: Armarouge|spd|1
|
|upkeep
|turn|2
|
|t:|1743820017
|move|p2a: Oricorio|Roost|p2a: Oricorio
|-heal|p2a: Oricorio|76/100
|-singleturn|p2a: Oricorio|move: Roost
|move|p1a: Armarouge|Armor Cannon|p2a: Oricorio
|-damage|p2a: Oricorio|10/100
|-unboost|p1a: Armarouge|def|1
|-unboost|p1a: Armarouge|spd|1
|-enditem|p2a: Oricorio|Lansat Berry|[eat]
|-start|p2a: Oricorio|move: Focus Energy
|
|upkeep
|turn|3
|
|t:|1743820030
|move|p2a: Oricorio|Revelation Dance|p1a: Armarouge
|-crit|p1a: Armarouge
|-enditem|p1a: Armarouge|Focus Sash
|-damage|p1a: Armarouge|1/100
|move|p1a: Armarouge|Armor Cannon|p2a: Oricorio
|-damage|p2a: Oricorio|0 fnt
|-unboost|p1a: Armarouge|def|1
|-unboost|p1a: Armarouge|spd|1
|faint|p2a: Oricorio
|
|upkeep
|
|t:|1743820045
|switch|p2a: Decidueye|Decidueye-Hisui, F|100/100
|turn|4
|
|t:|1743820050
|move|p2a: Decidueye|Sucker Punch||[still]
|-fail|p2a: Decidueye
|move|p1a: Armarouge|Destiny Bond|p1a: Armarouge
|-singlemove|p1a: Armarouge|Destiny Bond
|
|upkeep
|turn|5
|
|t:|1743820074
|move|p2a: Decidueye|Sucker Punch|p1a: Armarouge
|-supereffective|p1a: Armarouge
|-damage|p1a: Armarouge|0 fnt
|faint|p1a: Armarouge
|-activate|p1a: Armarouge|move: Destiny Bond
|faint|p2a: Decidueye
|
|upkeep
|
|t:|1743820081
|switch|p1a: Toxtricity|Toxtricity, F|100/100
|switch|p2a: Yanmega|Yanmega, F|100/100
|turn|6
|
|t:|1743820104
|move|p2a: Yanmega|Air Slash|p1a: Toxtricity
|-resisted|p1a: Toxtricity
|-damage|p1a: Toxtricity|72/100
|move|p1a: Toxtricity|Shift Gear|p1a: Toxtricity
|-boost|p1a: Toxtricity|spe|2
|-boost|p1a: Toxtricity|atk|1
|
|-ability|p2a: Yanmega|Speed Boost|boost
|-boost|p2a: Yanmega|spe|1
|upkeep
|turn|7
|
|t:|1743820117
|-terastallize|p2a: Yanmega|Rock
|move|p1a: Toxtricity|Overdrive|p2a: Yanmega
|-damage|p2a: Yanmega|7/100
|-enditem|p1a: Toxtricity|Throat Spray
|-boost|p1a: Toxtricity|spa|1|[from] item: Throat Spray
|move|p2a: Yanmega|Bug Buzz|p1a: Toxtricity
|-resisted|p1a: Toxtricity
|-damage|p1a: Toxtricity|53/100
|-enditem|p2a: Yanmega|Throat Spray
|-boost|p2a: Yanmega|spa|1|[from] item: Throat Spray
|
|-ability|p2a: Yanmega|Speed Boost|boost
|-boost|p2a: Yanmega|spe|1
|upkeep
|turn|8
|inactive|Savushkin Trois has 120 seconds left.
|
|t:|1743820133
|move|p2a: Yanmega|Ancient Power|p1a: Toxtricity
|-damage|p1a: Toxtricity|0 fnt
|faint|p1a: Toxtricity
|
|-ability|p2a: Yanmega|Speed Boost|boost
|-boost|p2a: Yanmega|spe|1
|upkeep
|
|t:|1743820139
|switch|p1a: Bisharp|Bisharp, M|100/100
|turn|9
|
|t:|1743820146
|switch|p2a: Zapdos|Zapdos-Galar|100/100
|move|p1a: Bisharp|Iron Head|p2a: Zapdos
|-damage|p2a: Zapdos|64/100
|
|upkeep
|turn|10
|
|t:|1743820162
|-terastallize|p1a: Bisharp|Flying
|move|p2a: Zapdos|Thunderous Kick|p1a: Bisharp
|-resisted|p1a: Bisharp
|-damage|p1a: Bisharp|79/100
|-unboost|p1a: Bisharp|def|1
|-ability|p1a: Bisharp|Defiant|boost
|-boost|p1a: Bisharp|atk|2
|move|p1a: Bisharp|Swords Dance|p1a: Bisharp
|-boost|p1a: Bisharp|atk|2
|
|upkeep
|turn|11
|
|t:|1743820175
|switch|p2a: Yanmega|Yanmega, F, tera:Rock|7/100
|move|p1a: Bisharp|Iron Head|p2a: Yanmega
|-supereffective|p2a: Yanmega
|-damage|p2a: Yanmega|0 fnt
|faint|p2a: Yanmega
|
|upkeep
|inactive|Savushkin Trois has 120 seconds left.
|
|t:|1743820192
|switch|p2a: Zapdos|Zapdos-Galar|64/100
|turn|12
|inactive|Savushkin Trois has 120 seconds left.
|
|t:|1743820197
|move|p2a: Zapdos|Brave Bird|p1a: Bisharp
|-damage|p1a: Bisharp|0 fnt
|faint|p1a: Bisharp
|-damage|p2a: Zapdos|39/100|[from] Recoil
|
|upkeep
|
|t:|1743820201
|switch|p1a: Dudunsparce|Dudunsparce, F|100/100
|turn|13
|
|t:|1743820206
|switch|p2a: Braviary|Braviary-Hisui, M|100/100
|move|p1a: Dudunsparce|Boomburst|p2a: Braviary
|-damage|p2a: Braviary|21/100
|-enditem|p1a: Dudunsparce|Throat Spray
|-boost|p1a: Dudunsparce|spa|1|[from] item: Throat Spray
|
|upkeep
|turn|14
|
|t:|1743820218
|move|p2a: Braviary|Hurricane|p1a: Dudunsparce
|-damage|p1a: Dudunsparce|3/100
|move|p1a: Dudunsparce|Boomburst|p2a: Braviary
|-damage|p2a: Braviary|0 fnt
|faint|p2a: Braviary
|
|upkeep
|
|t:|1743820231
|switch|p2a: Zapdos|Zapdos-Galar|39/100
|turn|15
|
|t:|1743820243
|move|p2a: Zapdos|U-turn|p1a: Dudunsparce
|-damage|p1a: Dudunsparce|0 fnt
|faint|p1a: Dudunsparce
|
|t:|1743820247
|switch|p2a: Honchkrow|Honchkrow, M|100/100|[from] U-turn
|
|upkeep
|
|t:|1743820249
|switch|p1a: Mandibuzz|Mandibuzz, F|100/100
|turn|16
|
|t:|1743820256
|move|p2a: Honchkrow|Thunder Wave|p1a: Mandibuzz
|-status|p1a: Mandibuzz|par
|move|p1a: Mandibuzz|Toxic|p2a: Honchkrow
|-status|p2a: Honchkrow|tox
|
|-damage|p2a: Honchkrow|94/100 tox|[from] psn
|upkeep
|turn|17
|
|t:|1743820266
|move|p2a: Honchkrow|Brave Bird|p1a: Mandibuzz
|-damage|p1a: Mandibuzz|55/100 par
|-damage|p2a: Honchkrow|81/100 tox|[from] Recoil
|cant|p1a: Mandibuzz|par
|
|-damage|p2a: Honchkrow|69/100 tox|[from] psn
|upkeep
|turn|18
|
|t:|1743820280
|move|p2a: Honchkrow|Brave Bird|p1a: Mandibuzz
|-crit|p1a: Mandibuzz
|-damage|p1a: Mandibuzz|0 fnt
|faint|p1a: Mandibuzz
|-damage|p2a: Honchkrow|52/100 tox|[from] Recoil
|
|-damage|p2a: Honchkrow|34/100 tox|[from] psn
|upkeep
|
|t:|1743820284
|switch|p1a: Tropius|Tropius, F|100/100
|turn|19
|
|t:|1743820297
|move|p1a: Tropius|Protect|p1a: Tropius
|-singleturn|p1a: Tropius|Protect
|move|p2a: Honchkrow|Brave Bird|p1a: Tropius
|-activate|p1a: Tropius|move: Protect
|
|-damage|p2a: Honchkrow|9/100 tox|[from] psn
|upkeep
|turn|20
|
|t:|1743820305
|move|p2a: Honchkrow|Brave Bird|p1a: Tropius
|-supereffective|p1a: Tropius
|-damage|p1a: Tropius|0 fnt
|faint|p1a: Tropius
|-damage|p2a: Honchkrow|0 fnt|[from] Recoil
|faint|p2a: Honchkrow
|
|win|Savushkin Trois
|raw|kalen80's rating: 1210 &rarr; <strong>1181</strong><br />(-29 for losing)
|raw|Savushkin Trois's rating: 1150 &rarr; <strong>1179</strong><br />(+29 for winning)
|l|☆kalen80
|player|p1|
|c|☆Savushkin Trois|gg!
|l|☆Savushkin Trois
|player|p2|
