|j|☆redner bo
|j|☆actualonion
|t:|1743915871
|gametype|singles
|player|p1|redner bo|1|1522
|player|p2|actualonion|hexmaniac-gen6|1666
|teamsize|p1|6
|teamsize|p2|6
|gen|9
|tier|[Gen 9] OU
|rated|
|rule|HP Percentage Mod: HP is shown in percentages
|rule|Endless Battle Clause: Forcing endless battles is banned
|rule|Species Clause: Limit one of each Pokémon
|rule|OHKO Clause: OHKO moves are banned
|rule|Evasion Items Clause: Evasion items are banned
|rule|Evasion Moves Clause: Evasion moves are banned
|rule|Sleep Moves Clause: Sleep-inducing moves are banned
|clearpoke
|poke|p1|Kingambit, M|
|poke|p1|Clefable, F|
|poke|p1|Latios, M|
|poke|p1|Iron Treads|
|poke|p1|Ogerpon-Wellspring, F|
|poke|p1|Pelipper, M|
|poke|p2|Glimmora, F|
|poke|p2|Ting-Lu|
|poke|p2|Iron Crown|
|poke|p2|Sinistcha|
|poke|p2|Dragonite, M|
|poke|p2|Iron Valiant|
|teampreview
|
|t:|1743915885
|start
|switch|p1a: Ogerpon|Ogerpon-Wellspring, F|100/100
|switch|p2a: Glimmor|Glimmora, F|100/100
|turn|1
|
|t:|1743915893
|switch|p2a: Sinistch|Sinistcha|100/100
|move|p1a: Ogerpon|Ivy Cudgel|p2a: Sinistch|[anim] Ivy Cudgel Water
|-resisted|p2a: Sinistch
|-damage|p2a: Sinistch|79/100
|
|upkeep
|turn|2
|
|t:|1743915906
|move|p1a: Ogerpon|U-turn|p2a: Sinistch
|-damage|p2a: Sinistch|59/100
|
|t:|1743915909
|switch|p1a: Clefable|Clefable, F|100/100|[from] U-turn
|move|p2a: Sinistch|Stun Spore|p1a: Clefable
|-status|p1a: Clefable|par
|
|upkeep
|turn|3
|
|t:|1743915917
|move|p2a: Sinistch|Hex|p1a: Clefable
|-damage|p1a: Clefable|49/100 par
|move|p1a: Clefable|Future Sight|p2a: Sinistch
|-start|p1a: Clefable|move: Future Sight
|
|upkeep
|turn|4
|
|t:|1743915940
|switch|p1a: Ogerpon|Ogerpon-Wellspring, F|100/100
|move|p2a: Sinistch|Strength Sap|p1a: Ogerpon
|-unboost|p1a: Ogerpon|atk|1
|-heal|p2a: Sinistch|100/100
|
|upkeep
|turn|5
|
|t:|1743915947
|move|p1a: Ogerpon|Encore|p2a: Sinistch
|-start|p2a: Sinistch|Encore
|move|p2a: Sinistch|Strength Sap|p1a: Ogerpon
|-unboost|p1a: Ogerpon|atk|1
|
|-end|p2a: Sinistch|move: Future Sight
|-damage|p2a: Sinistch|64/100
|upkeep
|turn|6
|
|t:|1743915963
|move|p1a: Ogerpon|U-turn|p2a: Sinistch
|-damage|p2a: Sinistch|53/100
|
|t:|1743915969
|switch|p1a: Latios|Latios, M|100/100|[from] U-turn
|move|p2a: Sinistch|Strength Sap|p1a: Latios
|-unboost|p1a: Latios|atk|1
|-heal|p2a: Sinistch|100/100
|
|upkeep
|turn|7
|
|t:|1743915974
|switch|p2a: Iron Crow|Iron Crown|100/100
|move|p1a: Latios|Trick|p2a: Iron Crow
|-activate|p1a: Latios|move: Trick|[of] p2a: Iron Crow
|-item|p2a: Iron Crow|Choice Scarf|[from] move: Trick
|-item|p1a: Latios|Assault Vest|[from] move: Trick
|
|upkeep
|turn|8
|
|t:|1743915989
|-end|p2a: Iron Crow|Quark Drive|[silent]
|switch|p2a: Ting-L|Ting-Lu|100/100
|-ability|p2a: Ting-L|Vessel of Ruin
|switch|p1a: Ogerpon|Ogerpon-Wellspring, F|100/100
|
|upkeep
|turn|9
|
|t:|1743915995
|switch|p2a: Sinistch|Sinistcha|100/100
|move|p1a: Ogerpon|Ivy Cudgel|p2a: Sinistch|[anim] Ivy Cudgel Water
|-resisted|p2a: Sinistch
|-crit|p2a: Sinistch
|-damage|p2a: Sinistch|65/100
|
|upkeep
|turn|10
|
|t:|1743915999
|move|p1a: Ogerpon|U-turn|p2a: Sinistch
|-damage|p2a: Sinistch|45/100
|
|t:|1743916003
|switch|p1a: Clefable|Clefable, F|49/100 par|[from] U-turn
|move|p2a: Sinistch|Strength Sap|p1a: Clefable
|-unboost|p1a: Clefable|atk|1
|-heal|p2a: Sinistch|91/100
|
|upkeep
|turn|11
|
|t:|1743916007
|move|p2a: Sinistch|Hex|p1a: Clefable
|-damage|p1a: Clefable|3/100 par
|move|p1a: Clefable|Knock Off|p2a: Sinistch
|-supereffective|p2a: Sinistch
|-damage|p2a: Sinistch|70/100
|-enditem|p2a: Sinistch|Heavy-Duty Boots|[from] move: Knock Off|[of] p1a: Clefable
|
|upkeep
|turn|12
|
|t:|1743916010
|move|p2a: Sinistch|Strength Sap|p1a: Clefable
|-unboost|p1a: Clefable|atk|1
|-heal|p2a: Sinistch|99/100
|move|p1a: Clefable|Moonblast|p2a: Sinistch
|-damage|p2a: Sinistch|42/100
|
|upkeep
|turn|13
|
|t:|1743916016
|move|p2a: Sinistch|Hex|p1a: Clefable
|-damage|p1a: Clefable|0 fnt
|faint|p1a: Clefable
|
|upkeep
|
|t:|1743916021
|switch|p1a: Latios|Latios, M|100/100
|turn|14
|
|t:|1743916024
|switch|p2a: Iron Crow|Iron Crown|100/100
|move|p1a: Latios|Draco Meteor|p2a: Iron Crow
|-resisted|p2a: Iron Crow
|-damage|p2a: Iron Crow|69/100
|-unboost|p1a: Latios|spa|2
|
|upkeep
|turn|15
|
|t:|1743916030
|move|p2a: Iron Crow|Focus Blast|p1a: Latios
|-resisted|p1a: Latios
|-damage|p1a: Latios|87/100
|move|p1a: Latios|Draco Meteor|p2a: Iron Crow
|-resisted|p2a: Iron Crow
|-damage|p2a: Iron Crow|52/100
|-unboost|p1a: Latios|spa|2
|
|upkeep
|turn|16
|
|t:|1743916033
|-end|p2a: Iron Crow|Quark Drive|[silent]
|switch|p2a: Ting-L|Ting-Lu|100/100
|-ability|p2a: Ting-L|Vessel of Ruin
|move|p1a: Latios|Draco Meteor|p2a: Ting-L
|-damage|p2a: Ting-L|86/100
|-unboost|p1a: Latios|spa|2
|
|upkeep
|turn|17
|
|t:|1743916037
|switch|p1a: Ogerpon|Ogerpon-Wellspring, F|100/100
|move|p2a: Ting-L|Spikes|p1a: Ogerpon
|-sidestart|p1: redner bo|Spikes
|
|upkeep
|turn|18
|
|t:|1743916040
|move|p1a: Ogerpon|Ivy Cudgel|p2a: Ting-L|[anim] Ivy Cudgel Water
|-supereffective|p2a: Ting-L
|-damage|p2a: Ting-L|19/100
|move|p2a: Ting-L|Spikes|p1a: Ogerpon
|-sidestart|p1: redner bo|Spikes
|
|upkeep
|turn|19
|
|t:|1743916044
|switch|p2a: Sinistch|Sinistcha|42/100
|move|p1a: Ogerpon|Ivy Cudgel|p2a: Sinistch|[anim] Ivy Cudgel Water
|-resisted|p2a: Sinistch
|-damage|p2a: Sinistch|21/100
|
|upkeep
|turn|20
|
|t:|1743916048
|move|p1a: Ogerpon|U-turn|p2a: Sinistch
|-damage|p2a: Sinistch|2/100
|
|t:|1743916051
|switch|p1a: Latios|Latios, M|87/100|[from] U-turn
|move|p2a: Sinistch|Strength Sap|p1a: Latios
|-unboost|p1a: Latios|atk|1
|-heal|p2a: Sinistch|50/100
|
|upkeep
|turn|21
|
|t:|1743916054
|switch|p2a: Iron Crow|Iron Crown|52/100
|move|p1a: Latios|Draco Meteor|p2a: Iron Crow
|-resisted|p2a: Iron Crow
|-damage|p2a: Iron Crow|19/100
|-unboost|p1a: Latios|spa|2
|
|upkeep
|turn|22
|
|t:|1743916062
|move|p2a: Iron Crow|Tachyon Cutter|p1a: Latios
|-damage|p1a: Latios|70/100
|-damage|p1a: Latios|52/100
|-hitcount|p1a: Latios|2
|move|p1a: Latios|Draco Meteor|p2a: Iron Crow
|-resisted|p2a: Iron Crow
|-damage|p2a: Iron Crow|1/100
|-unboost|p1a: Latios|spa|2
|
|upkeep
|turn|23
|
|t:|1743916067
|move|p2a: Iron Crow|Tachyon Cutter|p1a: Latios
|-damage|p1a: Latios|34/100
|-damage|p1a: Latios|16/100
|-hitcount|p1a: Latios|2
|move|p1a: Latios|Thunderbolt|p2a: Iron Crow
|-damage|p2a: Iron Crow|0 fnt
|faint|p2a: Iron Crow
|-end|p2a: Iron Crow|Quark Drive|[silent]
|
|upkeep
|
|t:|1743916070
|switch|p2a: Glimmor|Glimmora, F|100/100
|turn|24
|
|t:|1743916075
|move|p1a: Latios|Psychic Noise|p2a: Glimmor
|-supereffective|p2a: Glimmor
|-damage|p2a: Glimmor|65/100
|-start|p2a: Glimmor|move: Heal Block
|move|p2a: Glimmor|Stealth Rock|p1a: Latios
|-sidestart|p1: redner bo|move: Stealth Rock
|
|upkeep
|turn|25
|
|t:|1743916080
|move|p1a: Latios|Psychic Noise|p2a: Glimmor
|-supereffective|p2a: Glimmor
|-damage|p2a: Glimmor|33/100
|move|p2a: Glimmor|Meteor Beam||[still]
|-prepare|p2a: Glimmor|Meteor Beam
|-boost|p2a: Glimmor|spa|1
|-enditem|p2a: Glimmor|Power Herb
|-anim|p2a: Glimmor|Meteor Beam|p1a: Latios
|-damage|p1a: Latios|0 fnt
|faint|p1a: Latios
|
|-end|p2a: Glimmor|move: Heal Block
|upkeep
|
|t:|1743916086
|switch|p1a: Ogerpon|Ogerpon-Wellspring, F|100/100
|-damage|p1a: Ogerpon|84/100|[from] Spikes
|-damage|p1a: Ogerpon|72/100|[from] Stealth Rock
|turn|26
|
|t:|1743916089
|move|p1a: Ogerpon|Ivy Cudgel|p2a: Glimmor|[anim] Ivy Cudgel Water
|-supereffective|p2a: Glimmor
|-damage|p2a: Glimmor|0 fnt
|-activate|p2a: Glimmor|ability: Toxic Debris
|-sidestart|p1: redner bo|move: Toxic Spikes
|faint|p2a: Glimmor
|
|upkeep
|
|t:|1743916092
|switch|p2a: Sinistch|Sinistcha|50/100
|turn|27
|
|t:|1743916096
|move|p1a: Ogerpon|Ivy Cudgel|p2a: Sinistch|[anim] Ivy Cudgel Water
|-resisted|p2a: Sinistch
|-damage|p2a: Sinistch|30/100
|move|p2a: Sinistch|Strength Sap|p1a: Ogerpon
|-unboost|p1a: Ogerpon|atk|1
|-heal|p2a: Sinistch|100/100
|
|upkeep
|turn|28
|
|t:|1743916099
|switch|p2a: Ting-L|Ting-Lu|19/100
|-ability|p2a: Ting-L|Vessel of Ruin
|move|p1a: Ogerpon|Encore||[still]
|-fail|p1a: Ogerpon
|
|upkeep
|turn|29
|
|t:|1743916102
|switch|p2a: Sinistch|Sinistcha|100/100
|move|p1a: Ogerpon|U-turn|p2a: Sinistch
|-damage|p2a: Sinistch|87/100
|
|t:|1743916106
|switch|p1a: Pelipper|Pelipper, M|100/100|[from] U-turn
|-weather|RainDance|[from] ability: Drizzle|[of] p1a: Pelipper
|
|-weather|RainDance|[upkeep]
|upkeep
|turn|30
|j| archpapus
|
|t:|1743916110
|move|p2a: Sinistch|Stun Spore|p1a: Pelipper
|-status|p1a: Pelipper|par
|cant|p1a: Pelipper|par
|
|-weather|RainDance|[upkeep]
|upkeep
|turn|31
|
|t:|1743916114
|move|p2a: Sinistch|Hex|p1a: Pelipper
|-damage|p1a: Pelipper|24/100 par
|move|p1a: Pelipper|Hurricane|p2a: Sinistch
|-supereffective|p2a: Sinistch
|-damage|p2a: Sinistch|0 fnt
|faint|p2a: Sinistch
|
|-weather|RainDance|[upkeep]
|upkeep
|
|t:|1743916123
|switch|p2a: Dragonit|Dragonite, M|100/100
|turn|32
|
|t:|1743916136
|move|p2a: Dragonit|Extreme Speed|p1a: Pelipper
|-damage|p1a: Pelipper|0 fnt
|faint|p1a: Pelipper
|
|-weather|RainDance|[upkeep]
|upkeep
|
|t:|1743916143
|switch|p1a: Ogerpon|Ogerpon-Wellspring, F|72/100
|-damage|p1a: Ogerpon|55/100|[from] Spikes
|-damage|p1a: Ogerpon|43/100|[from] Stealth Rock
|-status|p1a: Ogerpon|psn
|turn|33
|
|t:|1743916147
|move|p2a: Dragonit|Extreme Speed|p1a: Ogerpon
|-damage|p1a: Ogerpon|0 fnt
|faint|p1a: Ogerpon
|
|-weather|none
|upkeep
|
|t:|1743916150
|switch|p1a: Iron Treads|Iron Treads|100/100
|-damage|p1a: Iron Treads|84/100|[from] Spikes
|-damage|p1a: Iron Treads|81/100|[from] Stealth Rock
|-enditem|p1a: Iron Treads|Booster Energy
|-activate|p1a: Iron Treads|ability: Quark Drive|[fromitem]
|-start|p1a: Iron Treads|quarkdrivespe
|turn|34
|
|t:|1743916154
|switch|p2a: Ting-L|Ting-Lu|19/100
|-ability|p2a: Ting-L|Vessel of Ruin
|move|p1a: Iron Treads|Ice Spinner|p2a: Ting-L
|-supereffective|p2a: Ting-L
|-damage|p2a: Ting-L|0 fnt
|-damage|p1a: Iron Treads|64/100|[from] item: Rocky Helmet|[of] p2a: Ting-L
|faint|p2a: Ting-L
|
|upkeep
|
|t:|1743916205
|switch|p2a: Dragonit|Dragonite, M|100/100
|turn|35
|
|t:|1743916211
|move|p1a: Iron Treads|Ice Spinner|p2a: Dragonit
|-supereffective|p2a: Dragonit
|-crit|p2a: Dragonit
|-damage|p2a: Dragonit|36/100
|move|p2a: Dragonit|Earthquake|p1a: Iron Treads
|-supereffective|p1a: Iron Treads
|-damage|p1a: Iron Treads|0 fnt
|faint|p1a: Iron Treads
|-end|p1a: Iron Treads|Quark Drive|[silent]
|
|upkeep
|
|t:|1743916214
|switch|p1a: Kingambit|Kingambit, M, shiny|100/100
|-damage|p1a: Kingambit|84/100|[from] Spikes
|-damage|p1a: Kingambit|78/100|[from] Stealth Rock
|-activate|p1a: Kingambit|ability: Supreme Overlord
|-start|p1a: Kingambit|fallen5|[silent]
|turn|36
|
|t:|1743916217
|-terastallize|p1a: Kingambit|Flying
|move|p2a: Dragonit|Earthquake|p1a: Kingambit
|-immune|p1a: Kingambit
|move|p1a: Kingambit|Iron Head|p2a: Dragonit
|-damage|p2a: Dragonit|0 fnt
|faint|p2a: Dragonit
|
|-heal|p1a: Kingambit|84/100|[from] item: Leftovers
|upkeep
|
|t:|1743916219
|switch|p2a: Iron Valian|Iron Valiant|100/100
|-enditem|p2a: Iron Valian|Booster Energy
|-activate|p2a: Iron Valian|ability: Quark Drive|[fromitem]
|-start|p2a: Iron Valian|quarkdrivespe
|turn|37
|
|t:|1743916223
|-terastallize|p2a: Iron Valian|Dark
|move|p2a: Iron Valian|Swords Dance|p2a: Iron Valian
|-boost|p2a: Iron Valian|atk|2
|move|p1a: Kingambit|Iron Head|p2a: Iron Valian
|-damage|p2a: Iron Valian|9/100
|
|-heal|p1a: Kingambit|90/100|[from] item: Leftovers
|upkeep
|turn|38
|
|t:|1743916227
|move|p1a: Kingambit|Sucker Punch||[still]
|-fail|p1a: Kingambit
|move|p2a: Iron Valian|Encore|p1a: Kingambit
|-start|p1a: Kingambit|Encore
|
|-heal|p1a: Kingambit|96/100|[from] item: Leftovers
|upkeep
|turn|39
|
|t:|1743916230
|move|p1a: Kingambit|Sucker Punch||[still]
|-fail|p1a: Kingambit
|move|p2a: Iron Valian|Swords Dance|p2a: Iron Valian
|-boost|p2a: Iron Valian|atk|2
|
|-heal|p1a: Kingambit|100/100|[from] item: Leftovers
|upkeep
|turn|40
|
|t:|1743916234
|move|p1a: Kingambit|Sucker Punch||[still]
|-fail|p1a: Kingambit
|move|p2a: Iron Valian|Swords Dance|p2a: Iron Valian
|-boost|p2a: Iron Valian|atk|2
|
|upkeep
|turn|41
|
|t:|1743916237
|move|p1a: Kingambit|Sucker Punch||[still]
|-fail|p1a: Kingambit
|move|p2a: Iron Valian|Swords Dance|p2a: Iron Valian
|-boost|p2a: Iron Valian|atk|0
|
|-end|p1a: Kingambit|Encore
|upkeep
|turn|42
|
|t:|1743916240
|move|p2a: Iron Valian|Encore|p1a: Kingambit
|-start|p1a: Kingambit|Encore
|move|p1a: Kingambit|Sucker Punch||[still]
|-fail|p1a: Kingambit
|
|upkeep
|turn|43
|c|☆actualonion|ggs
|
|t:|1743916246
|move|p1a: Kingambit|Sucker Punch||[still]
|-fail|p1a: Kingambit
|move|p2a: Iron Valian|Swords Dance|p2a: Iron Valian
|-boost|p2a: Iron Valian|atk|0
|
|upkeep
|turn|44
|
|t:|1743916258
|move|p1a: Kingambit|Sucker Punch||[still]
|-fail|p1a: Kingambit
|move|p2a: Iron Valian|Swords Dance|p2a: Iron Valian
|-boost|p2a: Iron Valian|atk|0
|
|-end|p1a: Kingambit|Encore
|upkeep
|turn|45
|
|t:|1743916260
|move|p1a: Kingambit|Sucker Punch||[still]
|-fail|p1a: Kingambit
|move|p2a: Iron Valian|Encore||[still]
|-fail|p2a: Iron Valian
|
|upkeep
|turn|46
|
|t:|1743916264
|move|p2a: Iron Valian|Spirit Break|p1a: Kingambit
|-damage|p1a: Kingambit|0 fnt
|faint|p1a: Kingambit
|-end|p1a: Kingambit|fallen5|[silent]
|
|win|actualonion
|raw|redner bo's rating: 1507 &rarr; <strong>1496</strong><br />(-11 for losing)
|raw|actualonion's rating: 1666 &rarr; <strong>1677</strong><br />(+11 for winning)
|l|☆redner bo
|player|p1|
