|j|☆purhreoei
|j|☆ploxay
|t:|1743845645
|gametype|singles
|player|p1|purhreoei|169|1340
|player|p2|ploxay|alder|1386
|teamsize|p1|6
|teamsize|p2|6
|gen|9
|tier|[Gen 9] OU
|rated|
|rule|HP Percentage Mod: HP is shown in percentages
|rule|Endless Battle Clause: Forcing endless battles is banned
|rule|Species Clause: Limit one of each Pokémon
|rule|OHKO Clause: OHKO moves are banned
|rule|Evasion Items Clause: Evasion items are banned
|rule|Evasion Moves Clause: Evasion moves are banned
|rule|Sleep Moves Clause: Sleep-inducing moves are banned
|clearpoke
|poke|p1|Samurott-Hisui, F|
|poke|p1|Arcanine-Hisui, F|
|poke|p1|Ursaluna, F|
|poke|p1|Enamorus, F|
|poke|p1|Basculegion-F, F|
|poke|p1|Braviary-Hisui, M|
|poke|p2|Thundurus-Therian, M|
|poke|p2|Latias, F|
|poke|p2|Grimmsnarl, M|
|poke|p2|Landorus-Therian, M|
|poke|p2|Great Tusk|
|poke|p2|Clefable, M|
|teampreview
|inactive|Battle timer is ON: inactive players will automatically lose when time's up. (requested by purhreoei)
|
|t:|1743845671
|start
|switch|p1a: Basculegion|Basculegion-F, F|100/100
|switch|p2a: Landorus|Landorus-Therian, M|100/100
|-ability|p2a: Landorus|Intimidate|boost
|-unboost|p1a: Basculegion|atk|1
|turn|1
|
|t:|1743845678
|move|p2a: Landorus|Earthquake|p1a: Basculegion
|-damage|p1a: Basculegion|0 fnt
|faint|p1a: Basculegion
|
|upkeep
|
|t:|1743845686
|switch|p1a: Enamorus|Enamorus, F|100/100
|turn|2
|
|t:|1743845694
|switch|p2a: Grimmsnarl|Grimmsnarl, M|100/100
|move|p1a: Enamorus|Moonblast|p2a: Grimmsnarl
|-supereffective|p2a: Grimmsnarl
|-damage|p2a: Grimmsnarl|21/100
|-unboost|p2a: Grimmsnarl|spa|1
|
|upkeep
|turn|3
|
|t:|1743845701
|move|p2a: Grimmsnarl|Light Screen|p2a: Grimmsnarl
|-sidestart|p2: ploxay|move: Light Screen
|move|p1a: Enamorus|Moonblast|p2a: Grimmsnarl
|-supereffective|p2a: Grimmsnarl
|-damage|p2a: Grimmsnarl|0 fnt
|faint|p2a: Grimmsnarl
|
|upkeep
|
|t:|1743845708
|switch|p2a: Thundurus|Thundurus-Therian, M|100/100
|turn|4
|
|t:|1743845716
|switch|p1a: Ursaluna|Ursaluna, F|100/100
|move|p2a: Thundurus|Grass Knot|p1a: Ursaluna
|-supereffective|p1a: Ursaluna
|-damage|p1a: Ursaluna|0 fnt
|faint|p1a: Ursaluna
|
|upkeep
|
|t:|1743845722
|switch|p1a: Samurott|Samurott-Hisui, F|100/100
|turn|5
|
|t:|1743845733
|move|p2a: Thundurus|Grass Knot|p1a: Samurott
|-supereffective|p1a: Samurott
|-damage|p1a: Samurott|23/100
|move|p1a: Samurott|Ceaseless Edge|p2a: Thundurus|[miss]
|-miss|p1a: Samurott|p2a: Thundurus
|
|upkeep
|turn|6
|
|t:|1743845740
|switch|p2a: Landorus|Landorus-Therian, M|100/100
|-ability|p2a: Landorus|Intimidate|boost
|-unboost|p1a: Samurott|atk|1
|switch|p1a: Enamorus|Enamorus, F|100/100
|
|upkeep
|turn|7
|
|t:|1743845751
|move|p1a: Enamorus|Moonblast|p2a: Landorus
|-damage|p2a: Landorus|62/100
|-unboost|p2a: Landorus|spa|1
|move|p2a: Landorus|Stone Edge|p1a: Enamorus
|-supereffective|p1a: Enamorus
|-damage|p1a: Enamorus|0 fnt
|faint|p1a: Enamorus
|
|upkeep
|
|t:|1743845763
|switch|p1a: Samurott|Samurott-Hisui, F|23/100
|turn|8
|
|t:|1743845766
|move|p1a: Samurott|Sucker Punch|p2a: Landorus
|-damage|p2a: Landorus|21/100
|move|p2a: Landorus|Stone Edge|p1a: Samurott
|-damage|p1a: Samurott|0 fnt
|faint|p1a: Samurott
|
|upkeep
|
|t:|1743845772
|switch|p1a: Arcanine|Arcanine-Hisui, F|100/100
|turn|9
|
|t:|1743845781
|switch|p2a: Clefable|Clefable, M|100/100
|-terastallize|p1a: Arcanine|Grass
|move|p1a: Arcanine|Agility|p1a: Arcanine
|-boost|p1a: Arcanine|spe|2
|
|upkeep
|turn|10
|
|t:|1743845790
|move|p1a: Arcanine|Head Smash|p2a: Clefable
|-damage|p2a: Clefable|9/100
|move|p2a: Clefable|Flamethrower|p1a: Arcanine
|-supereffective|p1a: Arcanine
|-damage|p1a: Arcanine|33/100
|
|-sideend|p2: ploxay|move: Light Screen
|upkeep
|turn|11
|
|t:|1743845798
|move|p1a: Arcanine|Flare Blitz|p2a: Clefable
|-damage|p2a: Clefable|0 fnt
|faint|p2a: Clefable
|
|upkeep
|
|t:|1743845801
|switch|p2a: Landorus|Landorus-Therian, M|21/100
|-ability|p2a: Landorus|Intimidate|boost
|-unboost|p1a: Arcanine|atk|1
|turn|12
|
|t:|1743845804
|move|p1a: Arcanine|Flare Blitz|p2a: Landorus
|-damage|p2a: Landorus|0 fnt
|faint|p2a: Landorus
|
|upkeep
|
|t:|1743845807
|switch|p2a: Great Tusk|Great Tusk|100/100
|turn|13
|
|t:|1743845816
|move|p1a: Arcanine|Flare Blitz|p2a: Great Tusk
|-damage|p2a: Great Tusk|72/100
|move|p2a: Great Tusk|Ice Spinner|p1a: Arcanine
|-supereffective|p1a: Arcanine
|-crit|p1a: Arcanine
|-damage|p1a: Arcanine|0 fnt
|faint|p1a: Arcanine
|
|upkeep
|
|t:|1743845821
|switch|p1a: Braviary|Braviary-Hisui, M, shiny|100/100
|turn|14
|
|t:|1743845825
|move|p2a: Great Tusk|Knock Off|p1a: Braviary
|-supereffective|p1a: Braviary
|-damage|p1a: Braviary|27/100
|-enditem|p1a: Braviary|Heavy-Duty Boots|[from] move: Knock Off|[of] p2a: Great Tusk
|move|p1a: Braviary|Psychic Noise|p2a: Great Tusk
|-supereffective|p2a: Great Tusk
|-damage|p2a: Great Tusk|0 fnt
|faint|p2a: Great Tusk
|-end|p2a: Great Tusk|Protosynthesis|[silent]
|
|upkeep
|
|t:|1743845831
|switch|p2a: Thundurus|Thundurus-Therian, M|100/100
|turn|15
|
|t:|1743845837
|move|p2a: Thundurus|Volt Switch|p1a: Braviary
|-supereffective|p1a: Braviary
|-damage|p1a: Braviary|0 fnt
|faint|p1a: Braviary
|
|win|ploxay
|raw|purhreoei's rating: 1340 &rarr; <strong>1323</strong><br />(-17 for losing)
|raw|ploxay's rating: 1386 &rarr; <strong>1403</strong><br />(+17 for winning)
|l|☆purhreoei
|player|p1|
|l|☆ploxay
|player|p2|
