|j|☆infernapedeath
|j|☆jxrx
|t:|1743852605
|gametype|singles
|player|p1|infernapedeath|hiker-gen4|1244
|player|p2|jxrx|norman|1176
|teamsize|p1|6
|teamsize|p2|6
|gen|9
|tier|[Gen 9] OU
|rated|
|rule|HP Percentage Mod: HP is shown in percentages
|rule|Endless Battle Clause: Forcing endless battles is banned
|rule|Species Clause: Limit one of each Pokémon
|rule|OHKO Clause: OHKO moves are banned
|rule|Evasion Items Clause: Evasion items are banned
|rule|Evasion Moves Clause: Evasion moves are banned
|rule|Sleep Moves Clause: Sleep-inducing moves are banned
|clearpoke
|poke|p1|Landorus-Therian, M|
|poke|p1|Dragapult, M|
|poke|p1|Araquanid, M|
|poke|p1|Kingambit, F|
|poke|p1|Raging Bolt|
|poke|p1|Iron Valiant|
|poke|p2|Great Tusk|
|poke|p2|Muk-Alola, F|
|poke|p2|Dragapult, M|
|poke|p2|Empoleon, M|
|poke|p2|Vileplume, M|
|poke|p2|Iron Moth|
|teampreview
|inactive|Battle timer is ON: inactive players will automatically lose when time's up. (requested by jxrx)
|
|t:|1743852624
|start
|switch|p1a: Araquanid|Araquanid, M|100/100
|switch|p2a: Vileplume|Vileplume, M|100/100
|turn|1
|
|t:|1743852630
|move|p2a: Vileplume|Leech Seed|p1a: Araquanid
|-start|p1a: Araquanid|move: Leech Seed
|move|p1a: Araquanid|Sticky Web|p2a: Vileplume
|-sidestart|p2: jxrx|move: Sticky Web
|
|-damage|p1a: Araquanid|88/100|[from] Leech Seed|[of] p2a: Vileplume
|upkeep
|turn|2
|
|t:|1743852634
|move|p2a: Vileplume|Giga Drain|p1a: Araquanid
|-damage|p1a: Araquanid|67/100
|move|p1a: Araquanid|Leech Life|p2a: Vileplume
|-crit|p2a: Vileplume
|-damage|p2a: Vileplume|62/100
|-heal|p1a: Araquanid|87/100|[from] drain|[of] p2a: Vileplume
|-damage|p1a: Araquanid|70/100|[from] item: Rocky Helmet|[of] p2a: Vileplume
|
|-damage|p1a: Araquanid|58/100|[from] Leech Seed|[of] p2a: Vileplume
|-heal|p2a: Vileplume|74/100|[silent]
|upkeep
|turn|3
|
|t:|1743852642
|move|p2a: Vileplume|Strength Sap|p1a: Araquanid
|-unboost|p1a: Araquanid|atk|1
|-heal|p2a: Vileplume|100/100
|move|p1a: Araquanid|Liquidation|p2a: Vileplume
|-resisted|p2a: Vileplume
|-damage|p2a: Vileplume|84/100
|-unboost|p2a: Vileplume|def|1
|-damage|p1a: Araquanid|42/100|[from] item: Rocky Helmet|[of] p2a: Vileplume
|-status|p1a: Araquanid|par|[from] ability: Effect Spore|[of] p2a: Vileplume
|
|-damage|p1a: Araquanid|29/100 par|[from] Leech Seed|[of] p2a: Vileplume
|-heal|p2a: Vileplume|96/100|[silent]
|upkeep
|turn|4
|
|t:|1743852649
|move|p2a: Vileplume|Giga Drain|p1a: Araquanid
|-damage|p1a: Araquanid|6/100 par
|-heal|p2a: Vileplume|100/100|[from] drain|[of] p1a: Araquanid
|move|p1a: Araquanid|Leech Life|p2a: Vileplume
|-damage|p2a: Vileplume|75/100
|-heal|p1a: Araquanid|19/100 par|[from] drain|[of] p2a: Vileplume
|-damage|p1a: Araquanid|3/100 par|[from] item: Rocky Helmet|[of] p2a: Vileplume
|
|-damage|p1a: Araquanid|0 fnt|[from] Leech Seed|[of] p2a: Vileplume
|-heal|p2a: Vileplume|77/100|[silent]
|faint|p1a: Araquanid
|upkeep
|
|t:|1743852662
|switch|p1a: Iron Valiant|Iron Valiant|100/100
|-enditem|p1a: Iron Valiant|Booster Energy
|-activate|p1a: Iron Valiant|ability: Quark Drive|[fromitem]
|-start|p1a: Iron Valiant|quarkdrivespe
|turn|5
|
|t:|1743852670
|move|p1a: Iron Valiant|Calm Mind|p1a: Iron Valiant
|-boost|p1a: Iron Valiant|spa|1
|-boost|p1a: Iron Valiant|spd|1
|move|p2a: Vileplume|Sludge Bomb|p1a: Iron Valiant
|-supereffective|p1a: Iron Valiant
|-damage|p1a: Iron Valiant|19/100
|-status|p1a: Iron Valiant|psn
|
|-damage|p1a: Iron Valiant|6/100 psn|[from] psn
|upkeep
|turn|6
|
|t:|1743852680
|switch|p2a: Muk|Muk-Alola, F|100/100
|-activate|p2a: Muk|move: Sticky Web
|-unboost|p2a: Muk|spe|1
|move|p1a: Iron Valiant|Psychic|p2a: Muk
|-immune|p2a: Muk
|
|-damage|p1a: Iron Valiant|0 fnt|[from] psn
|faint|p1a: Iron Valiant
|-end|p1a: Iron Valiant|Quark Drive|[silent]
|upkeep
|
|t:|1743852683
|switch|p1a: Landorus|Landorus-Therian, M|100/100
|-ability|p1a: Landorus|Intimidate|boost
|-unboost|p2a: Muk|atk|1
|turn|7
|
|t:|1743852694
|switch|p2a: Vileplume|Vileplume, M|77/100
|-activate|p2a: Vileplume|move: Sticky Web
|-unboost|p2a: Vileplume|spe|1
|move|p1a: Landorus|Swords Dance|p1a: Landorus
|-boost|p1a: Landorus|atk|2
|
|upkeep
|turn|8
|
|t:|1743852700
|move|p1a: Landorus|Earthquake|p2a: Vileplume
|-damage|p2a: Vileplume|0 fnt
|faint|p2a: Vileplume
|
|upkeep
|
|t:|1743852707
|switch|p2a: Great Tusk|Great Tusk|100/100
|turn|9
|
|t:|1743852712
|move|p1a: Landorus|Earthquake|p2a: Great Tusk
|-damage|p2a: Great Tusk|32/100
|move|p2a: Great Tusk|Ice Spinner|p1a: Landorus
|-supereffective|p1a: Landorus
|-damage|p1a: Landorus|0 fnt
|faint|p1a: Landorus
|
|upkeep
|
|t:|1743852728
|switch|p1a: Dragapult|Dragapult, M|100/100
|turn|10
|
|t:|1743852734
|-end|p2a: Great Tusk|Protosynthesis|[silent]
|switch|p2a: Muk|Muk-Alola, F|100/100
|-activate|p2a: Muk|move: Sticky Web
|-unboost|p2a: Muk|spe|1
|-terastallize|p1a: Dragapult|Dragon
|move|p1a: Dragapult|Dragon Darts|p2a: Muk
|-damage|p2a: Muk|60/100
|-anim|p1a: Dragapult|Dragon Darts|p2a: Muk
|-damage|p2a: Muk|21/100
|
|upkeep
|turn|11
|
|t:|1743852750
|move|p2a: Muk|Shadow Sneak|p1a: Dragapult
|-damage|p1a: Dragapult|88/100
|move|p1a: Dragapult|Phantom Force||[still]
|-prepare|p1a: Dragapult|Phantom Force
|
|-heal|p1a: Dragapult|94/100|[from] item: Leftovers
|upkeep
|turn|12
|
|t:|1743852758
|move|p1a: Dragapult|Phantom Force|p2a: Muk|[from] lockedmove
|-resisted|p2a: Muk
|-damage|p2a: Muk|0 fnt
|faint|p2a: Muk
|
|-heal|p1a: Dragapult|99/100|[from] item: Leftovers
|upkeep
|
|t:|1743852761
|switch|p2a: Empoleon|Empoleon, M|100/100
|-activate|p2a: Empoleon|move: Sticky Web
|-unboost|p2a: Empoleon|spe|1
|-ability|p2a: Empoleon|Competitive|boost
|-boost|p2a: Empoleon|spa|2
|turn|13
|
|t:|1743852772
|move|p1a: Dragapult|Phantom Force||[still]
|-prepare|p1a: Dragapult|Phantom Force
|move|p2a: Empoleon|Agility|p2a: Empoleon
|-boost|p2a: Empoleon|spe|2
|
|-heal|p1a: Dragapult|100/100|[from] item: Leftovers
|upkeep
|turn|14
|
|t:|1743852778
|move|p1a: Dragapult|Phantom Force|p2a: Empoleon|[from] lockedmove
|-damage|p2a: Empoleon|42/100
|move|p2a: Empoleon|Ice Beam|p1a: Dragapult
|-supereffective|p1a: Dragapult
|-damage|p1a: Dragapult|0 fnt
|faint|p1a: Dragapult
|
|-heal|p2a: Empoleon|48/100|[from] item: Leftovers
|upkeep
|
|t:|1743852786
|switch|p1a: Raging Bolt|Raging Bolt|100/100
|-enditem|p1a: Raging Bolt|Booster Energy
|-activate|p1a: Raging Bolt|ability: Protosynthesis|[fromitem]
|-start|p1a: Raging Bolt|protosynthesisspa
|turn|15
|
|t:|1743852789
|move|p1a: Raging Bolt|Thunderclap|p2a: Empoleon
|-supereffective|p2a: Empoleon
|-damage|p2a: Empoleon|0 fnt
|faint|p2a: Empoleon
|
|upkeep
|
|t:|1743852797
|switch|p2a: Great Tusk|Great Tusk|32/100
|turn|16
|
|t:|1743852799
|move|p2a: Great Tusk|Rapid Spin|p1a: Raging Bolt
|-damage|p1a: Raging Bolt|86/100
|-boost|p2a: Great Tusk|spe|1
|-sideend|p2: jxrx|Sticky Web|[from] move: Rapid Spin|[of] p2a: Great Tusk
|move|p1a: Raging Bolt|Draco Meteor|p2a: Great Tusk
|-damage|p2a: Great Tusk|0 fnt
|-unboost|p1a: Raging Bolt|spa|2
|faint|p2a: Great Tusk
|-end|p2a: Great Tusk|Protosynthesis|[silent]
|
|upkeep
|
|t:|1743852802
|switch|p2a: Iron Moth|Iron Moth|100/100
|turn|17
|
|t:|1743852811
|move|p2a: Iron Moth|Sludge Wave|p1a: Raging Bolt
|-damage|p1a: Raging Bolt|19/100
|move|p1a: Raging Bolt|Calm Mind|p1a: Raging Bolt
|-boost|p1a: Raging Bolt|spa|1
|-boost|p1a: Raging Bolt|spd|1
|
|upkeep
|turn|18
|
|t:|1743852816
|-end|p2a: Iron Moth|Quark Drive|[silent]
|switch|p2a: Dragapult|Dragapult, M|100/100
|move|p1a: Raging Bolt|Thunderclap||[still]
|-fail|p1a: Raging Bolt
|
|upkeep
|turn|19
|
|t:|1743852821
|move|p1a: Raging Bolt|Thunderclap|p2a: Dragapult
|-resisted|p2a: Dragapult
|-damage|p2a: Dragapult|76/100
|move|p2a: Dragapult|Dragon Darts|p1a: Raging Bolt
|-supereffective|p1a: Raging Bolt
|-crit|p1a: Raging Bolt
|-damage|p1a: Raging Bolt|0 fnt
|faint|p1a: Raging Bolt
|-end|p1a: Raging Bolt|Protosynthesis|[silent]
|
|-heal|p2a: Dragapult|82/100|[from] item: Leftovers
|upkeep
|
|t:|1743852824
|switch|p1a: Kingambit|Kingambit, F|100/100
|-activate|p1a: Kingambit|ability: Supreme Overlord
|-start|p1a: Kingambit|fallen5|[silent]
|turn|20
|
|t:|1743852832
|switch|p2a: Iron Moth|Iron Moth|100/100
|move|p1a: Kingambit|Sucker Punch||[still]
|-fail|p1a: Kingambit
|
|upkeep
|turn|21
|
|t:|1743852837
|move|p1a: Kingambit|Sucker Punch|p2a: Iron Moth
|-damage|p2a: Iron Moth|0 fnt
|faint|p2a: Iron Moth
|-end|p2a: Iron Moth|Quark Drive|[silent]
|
|upkeep
|
|t:|1743852840
|switch|p2a: Dragapult|Dragapult, M|82/100
|turn|22
|
|t:|1743852843
|move|p1a: Kingambit|Sucker Punch||[still]
|-fail|p1a: Kingambit
|move|p2a: Dragapult|Substitute|p2a: Dragapult
|-start|p2a: Dragapult|Substitute
|-damage|p2a: Dragapult|57/100
|
|-heal|p2a: Dragapult|63/100|[from] item: Leftovers
|upkeep
|turn|23
|
|t:|1743852849
|move|p2a: Dragapult|Dragon Darts|p1a: Kingambit
|-resisted|p1a: Kingambit
|-damage|p1a: Kingambit|92/100
|-anim|p2a: Dragapult|Dragon Darts|p1a: Kingambit
|-resisted|p1a: Kingambit
|-damage|p1a: Kingambit|83/100
|move|p1a: Kingambit|Kowtow Cleave|p2a: Dragapult
|-supereffective|p2a: Dragapult
|-end|p2a: Dragapult|Substitute
|
|-heal|p2a: Dragapult|69/100|[from] item: Leftovers
|upkeep
|turn|24
|
|t:|1743852856
|move|p2a: Dragapult|Dragon Darts|p1a: Kingambit
|-resisted|p1a: Kingambit
|-damage|p1a: Kingambit|74/100
|-anim|p2a: Dragapult|Dragon Darts|p1a: Kingambit
|-resisted|p1a: Kingambit
|-damage|p1a: Kingambit|65/100
|move|p1a: Kingambit|Kowtow Cleave|p2a: Dragapult
|-supereffective|p2a: Dragapult
|-damage|p2a: Dragapult|0 fnt
|faint|p2a: Dragapult
|
|win|infernapedeath
|raw|infernapedeath's rating: 1244 &rarr; <strong>1264</strong><br />(+20 for winning)
|raw|jxrx's rating: 1176 &rarr; <strong>1156</strong><br />(-20 for losing)
|l|☆jxrx
|player|p2|
|l|☆infernapedeath
|player|p1|
