|j|☆Assumpcao_fs
|j|☆DarshilPatel
|t:|1743827700
|gametype|singles
|player|p1|Assumpcao_fs|gentleman-gen4|1096
|player|p2|DarshilPatel|102|1102
|teamsize|p1|6
|teamsize|p2|6
|gen|9
|tier|[Gen 9] OU
|rated|
|rule|HP Percentage Mod: HP is shown in percentages
|rule|Endless Battle Clause: Forcing endless battles is banned
|rule|Species Clause: Limit one of each Pokémon
|rule|OHKO Clause: OHKO moves are banned
|rule|Evasion Items Clause: Evasion items are banned
|rule|Evasion Moves Clause: Evasion moves are banned
|rule|Sleep Moves Clause: Sleep-inducing moves are banned
|clearpoke
|poke|p1|Salamence, M|
|poke|p1|Tsareena, F|
|poke|p1|Salazzle, F|
|poke|p1|Jirachi|
|poke|p1|Zoroark-Hisui, F|
|poke|p1|Ninetales-Alola, F|
|poke|p2|Greninja-*, M|
|poke|p2|Iron Boulder|
|poke|p2|Iron Valiant|
|poke|p2|Talonflame, M|
|poke|p2|Meowscarada, M|
|poke|p2|Iron Treads|
|teampreview
|
|t:|1743827714
|start
|switch|p1a: Jirachi|Jirachi|100/100
|switch|p2a: Greninja|Greninja, M|100/100
|turn|1
|inactive|Battle timer is ON: inactive players will automatically lose when time's up. (requested by DarshilPatel)
|
|t:|1743827730
|move|p2a: Greninja|Dark Pulse|p1a: Jirachi
|-supereffective|p1a: Jirachi
|-damage|p1a: Jirachi|38/100
|move|p1a: Jirachi|Stealth Rock|p2a: Greninja
|-sidestart|p2: DarshilPatel|move: Stealth Rock
|
|-heal|p1a: Jirachi|44/100|[from] item: Leftovers
|upkeep
|turn|2
|
|t:|1743827743
|switch|p1a: Ninetales|Ninetales-Alola, F|100/100
|-weather|Snowscape|[from] ability: Snow Warning|[of] p1a: Ninetales
|move|p2a: Greninja|Dark Pulse|p1a: Ninetales
|-resisted|p1a: Ninetales
|-crit|p1a: Ninetales
|-damage|p1a: Ninetales|74/100
|
|-weather|Snowscape|[upkeep]
|upkeep
|turn|3
|
|t:|1743827767
|move|p2a: Greninja|Toxic Spikes|p1a: Ninetales
|-sidestart|p1: Assumpcao_fs|move: Toxic Spikes
|move|p1a: Ninetales|Freeze-Dry|p2a: Greninja
|-supereffective|p2a: Greninja
|-damage|p2a: Greninja|37/100
|
|-weather|Snowscape|[upkeep]
|upkeep
|turn|4
|
|t:|1743827777
|move|p2a: Greninja|Water Pulse|p1a: Ninetales
|-damage|p1a: Ninetales|50/100
|move|p1a: Ninetales|Freeze-Dry|p2a: Greninja
|-supereffective|p2a: Greninja
|-damage|p2a: Greninja|0 fnt
|faint|p2a: Greninja
|
|-weather|Snowscape|[upkeep]
|upkeep
|inactive|DarshilPatel has 120 seconds left.
|
|t:|1743827801
|switch|p2a: Iron Valiant|Iron Valiant|100/100
|-damage|p2a: Iron Valiant|94/100|[from] Stealth Rock
|-enditem|p2a: Iron Valiant|Booster Energy
|-activate|p2a: Iron Valiant|ability: Quark Drive|[fromitem]
|-start|p2a: Iron Valiant|quarkdrivespe
|turn|5
|inactive|DarshilPatel has 120 seconds left.
|
|t:|1743827810
|move|p2a: Iron Valiant|Aura Sphere|p1a: Ninetales
|-damage|p1a: Ninetales|12/100
|move|p1a: Ninetales|Aurora Veil|p1a: Ninetales
|-sidestart|p1: Assumpcao_fs|move: Aurora Veil
|
|-weather|Snowscape|[upkeep]
|upkeep
|turn|6
|
|t:|1743827824
|switch|p1a: Ninetales|Ninetales-Alola, F|100/100
|-status|p1a: Ninetales|psn
|move|p2a: Iron Valiant|Aura Sphere|p1a: Ninetales
|-immune|p1a: Ninetales
|
|-weather|none
|-damage|p1a: Ninetales|88/100 psn|[from] psn
|upkeep
|turn|7
|inactive|DarshilPatel has 120 seconds left.
|
|t:|1743827843
|move|p2a: Iron Valiant|Spirit Break|p1a: Ninetales
|-damage|p1a: Ninetales|55/100 psn
|-unboost|p1a: Ninetales|spa|1
|replace|p1a: Zoroark|Zoroark-Hisui, F
|-end|p1a: Zoroark|Illusion
|move|p1a: Zoroark|Shadow Ball|p2a: Iron Valiant
|-damage|p2a: Iron Valiant|10/100
|-unboost|p2a: Iron Valiant|spd|1
|
|-damage|p1a: Zoroark|42/100 psn|[from] psn
|upkeep
|turn|8
|inactive|DarshilPatel has 120 seconds left.
|
|t:|1743827863
|move|p2a: Iron Valiant|Thunderbolt|p1a: Zoroark
|-damage|p1a: Zoroark|11/100 psn
|move|p1a: Zoroark|Shadow Ball|p2a: Iron Valiant
|-damage|p2a: Iron Valiant|0 fnt
|faint|p2a: Iron Valiant
|-end|p2a: Iron Valiant|Quark Drive|[silent]
|
|-damage|p1a: Zoroark|0 fnt|[from] psn
|faint|p1a: Zoroark
|upkeep
|inactive|DarshilPatel has 120 seconds left.
|inactive|Assumpcao_fs has 120 seconds left.
|
|t:|1743827897
|switch|p2a: Iron Treads|Iron Treads|100/100
|switch|p1a: Tsareena|Tsareena, F|100/100
|-damage|p2a: Iron Treads|97/100|[from] Stealth Rock
|-enditem|p2a: Iron Treads|Booster Energy
|-activate|p2a: Iron Treads|ability: Quark Drive|[fromitem]
|-start|p2a: Iron Treads|quarkdrivespe
|turn|9
|inactive|DarshilPatel has 120 seconds left.
|
|t:|1743827908
|-terastallize|p2a: Iron Treads|Ghost
|move|p2a: Iron Treads|Rapid Spin|p1a: Tsareena
|-damage|p1a: Tsareena|91/100
|-boost|p2a: Iron Treads|spe|1
|-sideend|p2: DarshilPatel|Stealth Rock|[from] move: Rapid Spin|[of] p2a: Iron Treads
|move|p1a: Tsareena|Rapid Spin|p2a: Iron Treads
|-immune|p2a: Iron Treads
|
|upkeep
|turn|10
|inactive|DarshilPatel has 120 seconds left.
|inactive|Assumpcao_fs has 120 seconds left.
|
|t:|1743827925
|move|p2a: Iron Treads|Earthquake|p1a: Tsareena
|-resisted|p1a: Tsareena
|-damage|p1a: Tsareena|78/100
|move|p1a: Tsareena|Knock Off|p2a: Iron Treads
|-supereffective|p2a: Iron Treads
|-damage|p2a: Iron Treads|58/100
|
|upkeep
|turn|11
|inactive|Assumpcao_fs has 120 seconds left.
|
|t:|1743827936
|move|p2a: Iron Treads|Volt Switch|p1a: Tsareena
|-resisted|p1a: Tsareena
|-damage|p1a: Tsareena|75/100
|
|t:|1743827943
|-end|p2a: Iron Treads|Quark Drive|[silent]
|switch|p2a: Talonflame|Talonflame, M|100/100|[from] Volt Switch
|move|p1a: Tsareena|Knock Off|p2a: Talonflame
|-damage|p2a: Talonflame|51/100
|-status|p1a: Tsareena|brn|[from] ability: Flame Body|[of] p2a: Talonflame
|-enditem|p2a: Talonflame|Focus Sash|[from] move: Knock Off|[of] p1a: Tsareena
|
|-damage|p1a: Tsareena|69/100 brn|[from] brn
|upkeep
|turn|12
|inactive|DarshilPatel has 120 seconds left.
|
|t:|1743827958
|switch|p1a: Salamence|Salamence, M|100/100
|move|p2a: Talonflame|Acrobatics|p1a: Salamence
|-damage|p1a: Salamence|76/100
|
|-sideend|p1: Assumpcao_fs|move: Aurora Veil
|upkeep
|turn|13
|inactive|DarshilPatel has 120 seconds left.
|
|t:|1743827965
|move|p2a: Talonflame|Tailwind|p2a: Talonflame
|-sidestart|p2: DarshilPatel|move: Tailwind
|move|p1a: Salamence|Dragon Dance|p1a: Salamence
|-boost|p1a: Salamence|atk|1
|-boost|p1a: Salamence|spe|1
|
|upkeep
|turn|14
|
|t:|1743827972
|move|p2a: Talonflame|Flare Blitz|p1a: Salamence
|-resisted|p1a: Salamence
|-damage|p1a: Salamence|47/100
|-status|p1a: Salamence|brn
|-damage|p2a: Talonflame|41/100|[from] Recoil
|move|p1a: Salamence|Dragon Claw|p2a: Talonflame
|-damage|p2a: Talonflame|0 fnt
|faint|p2a: Talonflame
|-ability|p1a: Salamence|Moxie|boost
|-boost|p1a: Salamence|atk|1
|-damage|p1a: Salamence|37/100 brn|[from] item: Life Orb
|
|-damage|p1a: Salamence|31/100 brn|[from] brn
|upkeep
|inactive|DarshilPatel has 120 seconds left.
|
|t:|1743827986
|switch|p2a: Meowscarada|Meowscarada, M|100/100
|turn|15
|
|t:|1743827992
|move|p2a: Meowscarada|Play Rough|p1a: Salamence|[miss]
|-start|p2a: Meowscarada|typechange|Fairy|[from] ability: Protean
|-miss|p2a: Meowscarada|p1a: Salamence
|move|p1a: Salamence|Dual Wingbeat|p2a: Meowscarada
|-damage|p2a: Meowscarada|57/100
|-damage|p2a: Meowscarada|14/100
|-hitcount|p2a: Meowscarada|2
|-damage|p1a: Salamence|21/100 brn|[from] item: Life Orb
|
|-damage|p1a: Salamence|15/100 brn|[from] brn
|upkeep
|turn|16
|
|t:|1743828019
|move|p2a: Meowscarada|Play Rough|p1a: Salamence
|-supereffective|p1a: Salamence
|-crit|p1a: Salamence
|-damage|p1a: Salamence|0 fnt
|faint|p1a: Salamence
|
|-sideend|p2: DarshilPatel|move: Tailwind
|upkeep
|
|t:|1743828023
|switch|p1a: Tsareena|Tsareena, F|69/100 brn
|turn|17
|
|t:|1743828035
|move|p2a: Meowscarada|Knock Off|p1a: Tsareena
|-damage|p1a: Tsareena|32/100 brn
|-enditem|p1a: Tsareena|Heavy-Duty Boots|[from] move: Knock Off|[of] p2a: Meowscarada
|move|p1a: Tsareena|Knock Off|p2a: Meowscarada
|-resisted|p2a: Meowscarada
|-damage|p2a: Meowscarada|2/100
|-enditem|p2a: Meowscarada|Focus Sash|[from] move: Knock Off|[of] p1a: Tsareena
|
|-damage|p1a: Tsareena|26/100 brn|[from] brn
|upkeep
|turn|18
|
|t:|1743828045
|move|p2a: Meowscarada|Knock Off|p1a: Tsareena
|-damage|p1a: Tsareena|0 fnt
|faint|p1a: Tsareena
|
|upkeep
|
|t:|1743828049
|switch|p1a: Salazzle|Salazzle, F|100/100
|-sideend|p1: Assumpcao_fs|move: Toxic Spikes|[of] p1a: Salazzle
|turn|19
|
|t:|1743828058
|move|p1a: Salazzle|Fake Out|p2a: Meowscarada
|-damage|p2a: Meowscarada|0 fnt
|faint|p2a: Meowscarada
|-damage|p1a: Salazzle|91/100|[from] item: Life Orb
|
|upkeep
|
|t:|1743828068
|switch|p2a: Iron Treads|Iron Treads, tera:Ghost|58/100
|turn|20
|
|t:|1743828079
|move|p1a: Salazzle|Sludge Bomb|p2a: Iron Treads
|-resisted|p2a: Iron Treads
|-damage|p2a: Iron Treads|22/100
|-status|p2a: Iron Treads|psn
|-damage|p1a: Salazzle|81/100|[from] item: Life Orb
|move|p2a: Iron Treads|Earthquake|p1a: Salazzle
|-supereffective|p1a: Salazzle
|-damage|p1a: Salazzle|0 fnt
|faint|p1a: Salazzle
|
|-damage|p2a: Iron Treads|10/100 psn|[from] psn
|upkeep
|
|t:|1743828088
|switch|p1a: Jirachi|Jirachi|44/100
|turn|21
|
|t:|1743828094
|move|p2a: Iron Treads|Earthquake|p1a: Jirachi
|-supereffective|p1a: Jirachi
|-damage|p1a: Jirachi|0 fnt
|faint|p1a: Jirachi
|
|-damage|p2a: Iron Treads|0 fnt|[from] psn
|faint|p2a: Iron Treads
|-end|p2a: Iron Treads|Quark Drive|[silent]
|upkeep
|
|t:|1743828101
|switch|p2a: Iron Boulder|Iron Boulder|100/100
|switch|p1a: Ninetales|Ninetales-Alola, F|12/100
|-weather|Snowscape|[from] ability: Snow Warning|[of] p1a: Ninetales
|-enditem|p2a: Iron Boulder|Booster Energy
|-activate|p2a: Iron Boulder|ability: Quark Drive|[fromitem]
|-start|p2a: Iron Boulder|quarkdrivespe
|turn|22
|
|t:|1743828111
|move|p2a: Iron Boulder|Iron Head|p1a: Ninetales
|-supereffective|p1a: Ninetales
|-crit|p1a: Ninetales
|-damage|p1a: Ninetales|0 fnt
|faint|p1a: Ninetales
|
|win|DarshilPatel
|raw|Assumpcao_fs's rating: 1096 &rarr; <strong>1072</strong><br />(-24 for losing)
|raw|DarshilPatel's rating: 1102 &rarr; <strong>1127</strong><br />(+25 for winning)
|l|☆Assumpcao_fs
|player|p1|
|l|☆DarshilPatel
|player|p2|
