|j|☆Raviiioli
|j|☆chewfive
|t:|1743870227
|gametype|singles
|player|p1|Raviiioli|clemont|1300
|player|p2|chewfive|265|1243
|teamsize|p1|6
|teamsize|p2|6
|gen|9
|tier|[Gen 9] OU
|rated|
|rule|HP Percentage Mod: HP is shown in percentages
|rule|Endless Battle Clause: Forcing endless battles is banned
|rule|Species Clause: Limit one of each Pokémon
|rule|OHKO Clause: OHKO moves are banned
|rule|Evasion Items Clause: Evasion items are banned
|rule|Evasion Moves Clause: Evasion moves are banned
|rule|Sleep Moves Clause: Sleep-inducing moves are banned
|clearpoke
|poke|p1|Zoroark-Hisui, F|
|poke|p1|Corviknight, F|
|poke|p1|Slowking, M|
|poke|p1|Iron Moth|
|poke|p1|Hydreigon, M|
|poke|p1|Great Tusk|
|poke|p2|Hoopa-Unbound|
|poke|p2|Torterra, F|
|poke|p2|Skuntank, F|
|poke|p2|Sinistcha|
|poke|p2|Rampardos, F|
|poke|p2|Smeargle, F|
|teampreview
|inactive|Battle timer is ON: inactive players will automatically lose when time's up. (requested by chewfive)
|
|t:|1743870285
|start
|switch|p1a: Corviknight|Corviknight, F, shiny|100/100
|switch|p2a: almighty skunk|Skuntank, F|100/100
|-ability|p1a: Corviknight|Pressure
|turn|1
|
|t:|1743870298
|move|p2a: almighty skunk|Foul Play|p1a: Corviknight
|-damage|p1a: Corviknight|81/100
|move|p1a: Corviknight|U-turn|p2a: almighty skunk
|-damage|p2a: almighty skunk|87/100
|
|t:|1743870307
|switch|p1a: Great Tusk|Great Tusk|100/100|[from] U-turn
|
|upkeep
|turn|2
|
|t:|1743870321
|move|p1a: Great Tusk|Stealth Rock|p2a: almighty skunk
|-sidestart|p2: chewfive|move: Stealth Rock
|move|p2a: almighty skunk|Foul Play|p1a: Great Tusk
|-resisted|p1a: Great Tusk
|-damage|p1a: Great Tusk|89/100
|
|-heal|p1a: Great Tusk|95/100|[from] item: Leftovers
|upkeep
|turn|3
|
|t:|1743870333
|switch|p2a: u ready?|Sinistcha|100/100
|-damage|p2a: u ready?|88/100|[from] Stealth Rock
|move|p1a: Great Tusk|Earthquake|p2a: u ready?
|-resisted|p2a: u ready?
|-crit|p2a: u ready?
|-damage|p2a: u ready?|57/100
|
|-heal|p1a: Great Tusk|100/100|[from] item: Leftovers
|upkeep
|turn|4
|
|t:|1743870343
|-end|p1a: Great Tusk|Protosynthesis|[silent]
|switch|p1a: Iron Moth|Iron Moth, shiny|100/100
|-enditem|p1a: Iron Moth|Booster Energy
|-activate|p1a: Iron Moth|ability: Quark Drive|[fromitem]
|-start|p1a: Iron Moth|quarkdrivespe
|move|p2a: u ready?|Trick Room|p2a: u ready?
|-fieldstart|move: Trick Room|[of] p2a: u ready?
|
|upkeep
|turn|5
|
|t:|1743870355
|switch|p2a: the destroyer|Rampardos, F|100/100
|-damage|p2a: the destroyer|88/100|[from] Stealth Rock
|move|p1a: Iron Moth|Energy Ball|p2a: the destroyer
|-supereffective|p2a: the destroyer
|-damage|p2a: the destroyer|0 fnt
|faint|p2a: the destroyer
|
|upkeep
|
|t:|1743870364
|switch|p2a: critter skitter|Hoopa-Unbound|100/100
|-damage|p2a: critter skitter|88/100|[from] Stealth Rock
|turn|6
|
|t:|1743870378
|-end|p1a: Iron Moth|Quark Drive|[silent]
|switch|p1a: Corviknight|Corviknight, F, shiny|81/100
|-ability|p1a: Corviknight|Pressure
|move|p2a: critter skitter|Hyperspace Fury|p1a: Corviknight
|-damage|p1a: Corviknight|41/100
|-unboost|p2a: critter skitter|def|1
|
|-heal|p1a: Corviknight|47/100|[from] item: Leftovers
|upkeep
|turn|7
|
|t:|1743870387
|move|p2a: critter skitter|Psychic|p1a: Corviknight
|-resisted|p1a: Corviknight
|-damage|p1a: Corviknight|25/100
|move|p1a: Corviknight|U-turn|p2a: critter skitter
|-supereffective|p2a: critter skitter
|-damage|p2a: critter skitter|0 fnt
|faint|p2a: critter skitter
|-message|chewfive forfeited.
|
|win|Raviiioli
|raw|Raviiioli's rating: 1300 &rarr; <strong>1321</strong><br />(+21 for winning)
|raw|chewfive's rating: 1243 &rarr; <strong>1222</strong><br />(-21 for losing)
|l|☆chewfive
|player|p2|
|l|☆Raviiioli
|player|p1|
