|j|☆Zapy364
|j|☆Xwipe Serious
|t:|1743794354
|gametype|singles
|player|p1|Zapy364|102|1680
|player|p2|Xwipe Serious|plasmagrunt|1779
|teamsize|p1|6
|teamsize|p2|6
|gen|9
|tier|[Gen 9] OU
|rated|
|rule|HP Percentage Mod: HP is shown in percentages
|rule|Endless Battle Clause: Forcing endless battles is banned
|rule|Species Clause: Limit one of each Pokémon
|rule|OHKO Clause: OHKO moves are banned
|rule|Evasion Items Clause: Evasion items are banned
|rule|Evasion Moves Clause: Evasion moves are banned
|rule|Sleep Moves Clause: Sleep-inducing moves are banned
|clearpoke
|poke|p1|Keldeo-Resolute|
|poke|p1|Primarina, F|
|poke|p1|Ogerpon-Cornerstone, F|
|poke|p1|Raging Bolt|
|poke|p1|Great Tusk|
|poke|p1|Zamazenta-*|
|poke|p2|Kingambit, F|
|poke|p2|Garchomp, M|
|poke|p2|Dragonite, F|
|poke|p2|Iron Moth|
|poke|p2|Iron Crown|
|poke|p2|Samurott-Hisui, M|
|teampreview
|inactive|Battle timer is ON: inactive players will automatically lose when time's up. (requested by Zapy364)
|inactive|Zapy364 has 120 seconds left.
|
|t:|1743794408
|start
|switch|p1a: Keldeo|Keldeo-Resolute|100/100
|switch|p2a: Iron Crown|Iron Crown|100/100
|turn|1
|
|t:|1743794426
|move|p2a: Iron Crown|Volt Switch|p1a: Keldeo
|-supereffective|p1a: Keldeo
|-damage|p1a: Keldeo|48/100
|
|t:|1743794429
|-end|p2a: Iron Crown|Quark Drive|[silent]
|switch|p2a: Kababoum|Dragonite, F|100/100|[from] Volt Switch
|move|p1a: Keldeo|Surf|p2a: Kababoum
|-resisted|p2a: Kababoum
|-damage|p2a: Kababoum|84/100
|
|upkeep
|turn|2
|
|t:|1743794437
|switch|p1a: Great Tusk|Great Tusk|100/100
|move|p2a: Kababoum|Extreme Speed|p1a: Great Tusk
|-damage|p1a: Great Tusk|73/100
|-damage|p2a: Kababoum|67/100|[from] item: Rocky Helmet|[of] p1a: Great Tusk
|
|upkeep
|turn|3
|
|t:|1743794449
|switch|p2a: Iron Moth|Iron Moth|100/100
|move|p1a: Great Tusk|Stealth Rock|p2a: Iron Moth
|-sidestart|p2: Xwipe Serious|move: Stealth Rock
|
|upkeep
|turn|4
|
|t:|1743794454
|move|p2a: Iron Moth|U-turn|p1a: Great Tusk
|-resisted|p1a: Great Tusk
|-damage|p1a: Great Tusk|70/100
|-damage|p2a: Iron Moth|84/100|[from] item: Rocky Helmet|[of] p1a: Great Tusk
|
|t:|1743794456
|-end|p2a: Iron Moth|Quark Drive|[silent]
|switch|p2a: do not spin|Garchomp, M|100/100|[from] U-turn
|-damage|p2a: do not spin|94/100|[from] Stealth Rock
|move|p1a: Great Tusk|Headlong Rush|p2a: do not spin
|-damage|p2a: do not spin|46/100
|-unboost|p1a: Great Tusk|def|1
|-unboost|p1a: Great Tusk|spd|1
|-damage|p1a: Great Tusk|57/100|[from] ability: Rough Skin|[of] p2a: do not spin
|-damage|p1a: Great Tusk|41/100|[from] item: Rocky Helmet|[of] p2a: do not spin
|
|upkeep
|turn|5
|
|t:|1743794464
|move|p2a: do not spin|Draco Meteor|p1a: Great Tusk
|-damage|p1a: Great Tusk|0 fnt
|-unboost|p2a: do not spin|spa|2
|faint|p1a: Great Tusk
|-end|p1a: Great Tusk|Protosynthesis|[silent]
|
|upkeep
|
|t:|1743794474
|switch|p1a: Keldeo|Keldeo-Resolute|48/100
|turn|6
|
|t:|1743794480
|switch|p2a: Samurott|Samurott-Hisui, M|100/100
|move|p1a: Keldeo|Flip Turn|p2a: Samurott
|-resisted|p2a: Samurott
|-damage|p2a: Samurott|92/100
|
|t:|1743794489
|switch|p1a: Primarina|Primarina, F|100/100|[from] Flip Turn
|
|upkeep
|turn|7
|
|t:|1743794492
|switch|p2a: Iron Moth|Iron Moth|84/100
|move|p1a: Primarina|Moonblast|p2a: Iron Moth
|-resisted|p2a: Iron Moth
|-damage|p2a: Iron Moth|72/100
|
|upkeep
|turn|8
|
|t:|1743794497
|-terastallize|p2a: Iron Moth|Flying
|move|p2a: Iron Moth|Sludge Wave|p1a: Primarina
|-supereffective|p1a: Primarina
|-damage|p1a: Primarina|49/100
|move|p1a: Primarina|Surf|p2a: Iron Moth
|-damage|p2a: Iron Moth|32/100
|
|upkeep
|turn|9
|inactive|Zapy364 has 120 seconds left.
|
|t:|1743794528
|move|p2a: Iron Moth|Morning Sun|p2a: Iron Moth
|-heal|p2a: Iron Moth|82/100
|move|p1a: Primarina|Surf|p2a: Iron Moth
|-damage|p2a: Iron Moth|38/100
|
|upkeep
|turn|10
|
|t:|1743794535
|move|p2a: Iron Moth|Sludge Wave|p1a: Primarina
|-supereffective|p1a: Primarina
|-damage|p1a: Primarina|0 fnt
|faint|p1a: Primarina
|
|upkeep
|
|t:|1743794545
|switch|p1a: Ogerpon|Ogerpon-Cornerstone, F|100/100
|turn|11
|
|t:|1743794547
|-end|p2a: Iron Moth|Quark Drive|[silent]
|switch|p2a: Iron Crown|Iron Crown|100/100
|-damage|p2a: Iron Crown|94/100|[from] Stealth Rock
|move|p1a: Ogerpon|Ivy Cudgel|p2a: Iron Crown|[anim] Ivy Cudgel Rock
|-resisted|p2a: Iron Crown
|-damage|p2a: Iron Crown|65/100
|
|upkeep
|turn|12
|
|t:|1743794549
|move|p1a: Ogerpon|Spiky Shield|p1a: Ogerpon
|-singleturn|p1a: Ogerpon|move: Protect
|move|p2a: Iron Crown|Tachyon Cutter|p1a: Ogerpon
|-activate|p1a: Ogerpon|move: Protect
|
|upkeep
|turn|13
|
|t:|1743794557
|switch|p1a: Raging Bolt|Raging Bolt|100/100
|move|p2a: Iron Crown|Tachyon Cutter|p1a: Raging Bolt
|-resisted|p1a: Raging Bolt
|-damage|p1a: Raging Bolt|88/100
|-resisted|p1a: Raging Bolt
|-damage|p1a: Raging Bolt|76/100
|-hitcount|p1a: Raging Bolt|2
|
|upkeep
|turn|14
|
|t:|1743794571
|-end|p2a: Iron Crown|Quark Drive|[silent]
|switch|p2a: Armani style|Kingambit, F|100/100
|-damage|p2a: Armani style|94/100|[from] Stealth Rock
|move|p1a: Raging Bolt|Draco Meteor|p2a: Armani style|[miss]
|-miss|p1a: Raging Bolt|p2a: Armani style
|
|upkeep
|turn|15
|
|t:|1743794576
|-end|p1a: Raging Bolt|Protosynthesis|[silent]
|switch|p1a: Keldeo|Keldeo-Resolute|48/100
|move|p2a: Armani style|Kowtow Cleave|p1a: Keldeo
|-resisted|p1a: Keldeo
|-damage|p1a: Keldeo|23/100
|-ability|p1a: Keldeo|Justified|boost
|-boost|p1a: Keldeo|atk|1
|
|upkeep
|turn|16
|
|t:|1743794586
|-end|p2a: Armani style|fallenundefined|[silent]
|switch|p2a: Kababoum|Dragonite, F|67/100
|-damage|p2a: Kababoum|42/100|[from] Stealth Rock
|move|p1a: Keldeo|Secret Sword|p2a: Kababoum
|-resisted|p2a: Kababoum
|-damage|p2a: Kababoum|12/100
|
|upkeep
|turn|17
|
|t:|1743794589
|move|p2a: Kababoum|Extreme Speed|p1a: Keldeo
|-damage|p1a: Keldeo|0 fnt
|faint|p1a: Keldeo
|
|upkeep
|j| Pokemon Malarkey
|
|t:|1743794598
|switch|p1a: Ogerpon|Ogerpon-Cornerstone, F|100/100
|turn|18
|l|☆Zapy364
|inactive|Zapy364 disconnected and has a minute to reconnect!
|player|p1|
|j|☆Zapy364
|inactive|Zapy364 reconnected and has 125 seconds left.
|player|p1|Zapy364|102|
|
|t:|1743794627
|move|p1a: Ogerpon|Spiky Shield|p1a: Ogerpon
|-singleturn|p1a: Ogerpon|move: Protect
|move|p2a: Kababoum|Extreme Speed|p1a: Ogerpon
|-activate|p1a: Ogerpon|move: Protect
|-damage|p2a: Kababoum|0 fnt|[from] Spiky Shield|[of] p1a: Ogerpon
|faint|p2a: Kababoum
|
|upkeep
|
|t:|1743794635
|switch|p2a: Armani style|Kingambit, F|94/100
|-damage|p2a: Armani style|88/100|[from] Stealth Rock
|-activate|p2a: Armani style|ability: Supreme Overlord
|-start|p2a: Armani style|fallen1|[silent]
|turn|19
|
|t:|1743794642
|-end|p2a: Armani style|fallen1|[silent]
|switch|p2a: do not spin|Garchomp, M|46/100
|-damage|p2a: do not spin|40/100|[from] Stealth Rock
|move|p1a: Ogerpon|Swords Dance|p1a: Ogerpon
|-boost|p1a: Ogerpon|atk|2
|
|upkeep
|turn|20
|
|t:|1743794647
|move|p1a: Ogerpon|Power Whip|p2a: do not spin|[miss]
|-miss|p1a: Ogerpon|p2a: do not spin
|move|p2a: do not spin|Draco Meteor|p1a: Ogerpon
|-damage|p1a: Ogerpon|41/100
|-unboost|p2a: do not spin|spa|2
|
|upkeep
|turn|21
|
|t:|1743794651
|move|p1a: Ogerpon|Power Whip|p2a: do not spin
|-damage|p2a: do not spin|0 fnt
|-damage|p1a: Ogerpon|29/100|[from] ability: Rough Skin|[of] p2a: do not spin
|-damage|p1a: Ogerpon|12/100|[from] item: Rocky Helmet|[of] p2a: do not spin
|faint|p2a: do not spin
|
|upkeep
|
|t:|1743794654
|switch|p2a: Samurott|Samurott-Hisui, M|92/100
|turn|22
|
|t:|1743794659
|move|p1a: Ogerpon|Spiky Shield|p1a: Ogerpon
|-singleturn|p1a: Ogerpon|move: Protect
|move|p2a: Samurott|Aqua Jet|p1a: Ogerpon
|-activate|p1a: Ogerpon|move: Protect
|-damage|p2a: Samurott|80/100|[from] Spiky Shield|[of] p1a: Ogerpon
|
|upkeep
|turn|23
|
|t:|1743794668
|move|p2a: Samurott|Aqua Jet|p1a: Ogerpon
|-damage|p1a: Ogerpon|0 fnt
|faint|p1a: Ogerpon
|
|upkeep
|
|t:|1743794671
|switch|p1a: Raging Bolt|Raging Bolt|76/100
|turn|24
|
|t:|1743794673
|move|p1a: Raging Bolt|Volt Switch|p2a: Samurott
|-supereffective|p2a: Samurott
|-damage|p2a: Samurott|0 fnt
|faint|p2a: Samurott
|
|t:|1743794675
|-end|p1a: Raging Bolt|Protosynthesis|[silent]
|switch|p1a: Zamazenta|Zamazenta|100/100|[from] Volt Switch
|-ability|p1a: Zamazenta|Dauntless Shield|boost
|-boost|p1a: Zamazenta|def|1
|
|upkeep
|
|t:|1743794678
|switch|p2a: Iron Crown|Iron Crown|65/100
|-damage|p2a: Iron Crown|58/100|[from] Stealth Rock
|turn|25
|
|t:|1743794694
|-terastallize|p1a: Zamazenta|Fire
|move|p2a: Iron Crown|Psychic Noise|p1a: Zamazenta
|-damage|p1a: Zamazenta|71/100
|-start|p1a: Zamazenta|move: Heal Block
|move|p1a: Zamazenta|Iron Defense|p1a: Zamazenta
|-boost|p1a: Zamazenta|def|2
|
|upkeep
|turn|26
|
|t:|1743794702
|move|p2a: Iron Crown|Psychic Noise|p1a: Zamazenta
|-damage|p1a: Zamazenta|40/100
|move|p1a: Zamazenta|Body Press|p2a: Iron Crown
|-damage|p2a: Iron Crown|0 fnt
|faint|p2a: Iron Crown
|-end|p2a: Iron Crown|Quark Drive|[silent]
|
|-end|p1a: Zamazenta|move: Heal Block
|upkeep
|
|t:|1743794709
|switch|p2a: Armani style|Kingambit, F|88/100
|-damage|p2a: Armani style|82/100|[from] Stealth Rock
|-activate|p2a: Armani style|ability: Supreme Overlord
|-start|p2a: Armani style|fallen4|[silent]
|turn|27
|
|t:|1743794711
|move|p2a: Armani style|Sucker Punch|p1a: Zamazenta
|-damage|p1a: Zamazenta|24/100
|move|p1a: Zamazenta|Body Press|p2a: Armani style
|-supereffective|p2a: Armani style
|-damage|p2a: Armani style|0 fnt
|faint|p2a: Armani style
|-end|p2a: Armani style|fallen4|[silent]
|
|-heal|p1a: Zamazenta|30/100|[from] item: Leftovers
|upkeep
|
|t:|1743794714
|switch|p2a: Iron Moth|Iron Moth, tera:Flying|38/100
|turn|28
|
|t:|1743794718
|move|p1a: Zamazenta|Body Press|p2a: Iron Moth
|-resisted|p2a: Iron Moth
|-damage|p2a: Iron Moth|0 fnt
|faint|p2a: Iron Moth
|-end|p2a: Iron Moth|Quark Drive|[silent]
|
|win|Zapy364
|raw|Zapy364's rating: 1680 &rarr; <strong>1706</strong><br />(+26 for winning)
|raw|Xwipe Serious's rating: 1779 &rarr; <strong>1753</strong><br />(-26 for losing)
|l|☆Xwipe Serious
|player|p2|
|l|☆Zapy364
|player|p1|
