|j|☆imgodslayer
|j|☆KillerB1000
|t:|1743938195
|gametype|singles
|player|p1|imgodslayer|benga|1412
|player|p2|KillerB1000|scientist-gen4|1384
|teamsize|p1|6
|teamsize|p2|6
|gen|9
|tier|[Gen 9] OU
|rated|
|rule|HP Percentage Mod: HP is shown in percentages
|rule|Endless Battle Clause: Forcing endless battles is banned
|rule|Species Clause: Limit one of each Pokémon
|rule|OHKO Clause: OHKO moves are banned
|rule|Evasion Items Clause: Evasion items are banned
|rule|Evasion Moves Clause: Evasion moves are banned
|rule|Sleep Moves Clause: Sleep-inducing moves are banned
|clearpoke
|poke|p1|Meowscarada, M|
|poke|p1|Tinkaton, F|
|poke|p1|Corviknight, M|
|poke|p1|Volcanion|
|poke|p1|Moltres|
|poke|p1|Iron Valiant|
|poke|p2|Braviary-Hisui, M|
|poke|p2|Pelipper, F|
|poke|p2|Basculegion, M|
|poke|p2|Sinistcha|
|poke|p2|Samurott-Hisui, F|
|poke|p2|Iron Treads|
|teampreview
|
|t:|1743938220
|start
|switch|p1a: Volcanion|Volcanion|100/100
|switch|p2a: Pelipper|Pelipper, F|100/100
|-weather|RainDance|[from] ability: Drizzle|[of] p2a: Pelipper
|turn|1
|inactive|Battle timer is ON: inactive players will automatically lose when time's up. (requested by imgodslayer)
|
|t:|1743938225
|move|p1a: Volcanion|Steam Eruption|p2a: Pelipper
|-resisted|p2a: Pelipper
|-damage|p2a: Pelipper|55/100
|-status|p2a: Pelipper|brn
|move|p2a: Pelipper|U-turn|p1a: Volcanion
|-resisted|p1a: Volcanion
|-crit|p1a: Volcanion
|-damage|p1a: Volcanion|98/100
|
|t:|1743938235
|switch|p2a: Basculegion|Basculegion, M|100/100|[from] U-turn
|-ability|p2a: Basculegion|Mold Breaker
|
|-weather|RainDance|[upkeep]
|upkeep
|turn|2
|
|t:|1743938246
|switch|p1a: Corviknight|Corviknight, M|100/100
|-ability|p1a: Corviknight|Pressure
|move|p2a: Basculegion|Head Smash|p1a: Corviknight
|-damage|p1a: Corviknight|51/100
|-damage|p2a: Basculegion|84/100|[from] item: Rocky Helmet|[of] p1a: Corviknight
|-damage|p2a: Basculegion|62/100|[from] Recoil
|
|-weather|RainDance|[upkeep]
|upkeep
|turn|3
|
|t:|1743938254
|switch|p2a: Braviary|Braviary-Hisui, M|100/100
|move|p1a: Corviknight|Roost|p1a: Corviknight
|-heal|p1a: Corviknight|100/100
|-singleturn|p1a: Corviknight|move: Roost
|
|-weather|RainDance|[upkeep]
|upkeep
|turn|4
|
|t:|1743938258
|move|p1a: Corviknight|U-turn|p2a: Braviary
|-crit|p2a: Braviary
|-damage|p2a: Braviary|77/100
|
|t:|1743938262
|switch|p1a: Meowscarada|Meowscarada, M|100/100|[from] U-turn
|move|p2a: Braviary|Hurricane|p1a: Meowscarada
|-supereffective|p1a: Meowscarada
|-damage|p1a: Meowscarada|0 fnt
|faint|p1a: Meowscarada
|
|-weather|RainDance|[upkeep]
|upkeep
|
|t:|1743938267
|switch|p1a: Volcanion|Volcanion|98/100
|turn|5
|
|t:|1743938273
|switch|p2a: Sinistcha|Sinistcha|100/100
|move|p1a: Volcanion|Steam Eruption|p2a: Sinistcha
|-resisted|p2a: Sinistcha
|-damage|p2a: Sinistcha|47/100
|-status|p2a: Sinistcha|brn
|
|-weather|RainDance|[upkeep]
|-damage|p2a: Sinistcha|44/100 brn|[from] brn
|upkeep
|turn|6
|
|t:|1743938278
|switch|p2a: Samurott|Samurott-Hisui, F|100/100
|move|p1a: Volcanion|Steam Eruption|p2a: Samurott
|-resisted|p2a: Samurott
|-damage|p2a: Samurott|64/100
|-status|p2a: Samurott|brn
|
|-weather|RainDance|[upkeep]
|-damage|p2a: Samurott|58/100 brn|[from] brn
|upkeep
|turn|7
|
|t:|1743938284
|move|p1a: Volcanion|Steam Eruption|p2a: Samurott
|-resisted|p2a: Samurott
|-damage|p2a: Samurott|22/100 brn
|move|p2a: Samurott|Ceaseless Edge|p1a: Volcanion|[miss]
|-miss|p2a: Samurott|p1a: Volcanion
|
|-weather|RainDance|[upkeep]
|-damage|p2a: Samurott|16/100 brn|[from] brn
|upkeep
|turn|8
|
|t:|1743938290
|switch|p1a: Corviknight|Corviknight, M|100/100
|-ability|p1a: Corviknight|Pressure
|move|p2a: Samurott|Ceaseless Edge|p1a: Corviknight
|-damage|p1a: Corviknight|86/100
|-damage|p2a: Samurott|0 fnt|[from] item: Rocky Helmet|[of] p1a: Corviknight
|faint|p2a: Samurott
|
|-weather|none
|upkeep
|
|t:|1743938295
|switch|p2a: Braviary|Braviary-Hisui, M|77/100
|turn|9
|
|t:|1743938297
|move|p1a: Corviknight|Defog|p2a: Braviary
|-unboost|p2a: Braviary|evasion|1
|move|p2a: Braviary|Psychic|p1a: Corviknight
|-resisted|p1a: Corviknight
|-damage|p1a: Corviknight|18/100
|
|upkeep
|turn|10
|
|t:|1743938304
|switch|p1a: Tinkaton|Tinkaton, F|100/100
|-ability|p1a: Tinkaton|Mold Breaker
|move|p2a: Braviary|Psychic|p1a: Tinkaton
|-resisted|p1a: Tinkaton
|-damage|p1a: Tinkaton|56/100
|
|-heal|p1a: Tinkaton|62/100|[from] item: Leftovers
|upkeep
|turn|11
|
|t:|1743938310
|switch|p2a: Pelipper|Pelipper, F|55/100 brn
|-weather|RainDance|[from] ability: Drizzle|[of] p2a: Pelipper
|move|p1a: Tinkaton|Stealth Rock|p2a: Pelipper
|-sidestart|p2: KillerB1000|move: Stealth Rock
|
|-weather|RainDance|[upkeep]
|-heal|p1a: Tinkaton|68/100|[from] item: Leftovers
|-damage|p2a: Pelipper|49/100 brn|[from] brn
|upkeep
|turn|12
|
|t:|1743938315
|switch|p1a: Corviknight|Corviknight, M|18/100
|-ability|p1a: Corviknight|Pressure
|move|p2a: Pelipper|U-turn|p1a: Corviknight
|-resisted|p1a: Corviknight
|-damage|p1a: Corviknight|18/100
|-damage|p2a: Pelipper|32/100 brn|[from] item: Rocky Helmet|[of] p1a: Corviknight
|
|t:|1743938321
|switch|p2a: Iron Treads|Iron Treads|100/100|[from] U-turn
|-damage|p2a: Iron Treads|98/100|[from] Stealth Rock
|
|-weather|RainDance|[upkeep]
|upkeep
|turn|13
|
|t:|1743938329
|move|p2a: Iron Treads|Volt Switch|p1a: Corviknight
|-supereffective|p1a: Corviknight
|-damage|p1a: Corviknight|0 fnt
|faint|p1a: Corviknight
|
|t:|1743938348
|-end|p2a: Iron Treads|Quark Drive|[silent]
|switch|p2a: Basculegion|Basculegion, M|62/100|[from] Volt Switch
|-damage|p2a: Basculegion|49/100|[from] Stealth Rock
|-ability|p2a: Basculegion|Mold Breaker
|
|-weather|RainDance|[upkeep]
|upkeep
|
|t:|1743938356
|switch|p1a: Volcanion|Volcanion|98/100
|turn|14
|
|t:|1743938361
|-terastallize|p1a: Volcanion|Ground
|move|p1a: Volcanion|Earth Power|p2a: Basculegion
|-damage|p2a: Basculegion|1/100
|move|p2a: Basculegion|Head Smash|p1a: Volcanion
|-resisted|p1a: Volcanion
|-damage|p1a: Volcanion|59/100
|-damage|p2a: Basculegion|0 fnt|[from] Recoil
|faint|p2a: Basculegion
|
|-weather|RainDance|[upkeep]
|upkeep
|
|t:|1743938374
|switch|p2a: Iron Treads|Iron Treads|98/100
|-damage|p2a: Iron Treads|95/100|[from] Stealth Rock
|turn|15
|
|t:|1743938377
|move|p1a: Volcanion|Earth Power|p2a: Iron Treads
|-supereffective|p2a: Iron Treads
|-damage|p2a: Iron Treads|39/100
|move|p2a: Iron Treads|Rapid Spin|p1a: Volcanion
|-damage|p1a: Volcanion|44/100
|-boost|p2a: Iron Treads|spe|1
|-sideend|p2: KillerB1000|Stealth Rock|[from] move: Rapid Spin|[of] p2a: Iron Treads
|
|-weather|RainDance|[upkeep]
|upkeep
|turn|16
|
|t:|1743938381
|move|p1a: Volcanion|Earth Power|p2a: Iron Treads
|-supereffective|p2a: Iron Treads
|-damage|p2a: Iron Treads|0 fnt
|faint|p2a: Iron Treads
|-end|p2a: Iron Treads|Quark Drive|[silent]
|
|-weather|RainDance|[upkeep]
|upkeep
|
|t:|1743938386
|switch|p2a: Braviary|Braviary-Hisui, M|77/100
|turn|17
|
|t:|1743938390
|switch|p1a: Moltres|Moltres|100/100
|move|p2a: Braviary|Hurricane|p1a: Moltres
|-damage|p1a: Moltres|0 fnt
|faint|p1a: Moltres
|
|-weather|RainDance|[upkeep]
|upkeep
|
|t:|1743938397
|switch|p1a: Iron Valiant|Iron Valiant|100/100
|-enditem|p1a: Iron Valiant|Booster Energy
|-activate|p1a: Iron Valiant|ability: Quark Drive|[fromitem]
|-start|p1a: Iron Valiant|quarkdrivespe
|turn|18
|
|t:|1743938422
|-terastallize|p2a: Braviary|Grass
|move|p1a: Iron Valiant|Knock Off|p2a: Braviary
|-damage|p2a: Braviary|41/100
|-enditem|p2a: Braviary|Choice Specs|[from] move: Knock Off|[of] p1a: Iron Valiant
|move|p2a: Braviary|Hurricane|p1a: Iron Valiant
|-supereffective|p1a: Iron Valiant
|-damage|p1a: Iron Valiant|0 fnt
|faint|p1a: Iron Valiant
|-end|p1a: Iron Valiant|Quark Drive|[silent]
|
|-weather|none
|upkeep
|
|t:|1743938430
|switch|p1a: Volcanion|Volcanion, tera:Ground|44/100
|turn|19
|
|t:|1743938436
|switch|p2a: Pelipper|Pelipper, F|32/100 brn
|-weather|RainDance|[from] ability: Drizzle|[of] p2a: Pelipper
|move|p1a: Volcanion|Fire Blast|p2a: Pelipper|[miss]
|-miss|p1a: Volcanion|p2a: Pelipper
|
|-weather|RainDance|[upkeep]
|-damage|p2a: Pelipper|26/100 brn|[from] brn
|upkeep
|turn|20
|
|t:|1743938444
|move|p1a: Volcanion|Fire Blast|p2a: Pelipper
|-resisted|p2a: Pelipper
|-damage|p2a: Pelipper|11/100 brn
|move|p2a: Pelipper|Roost|p2a: Pelipper
|-heal|p2a: Pelipper|61/100 brn
|-singleturn|p2a: Pelipper|move: Roost
|
|-weather|RainDance|[upkeep]
|-damage|p2a: Pelipper|55/100 brn|[from] brn
|upkeep
|turn|21
|
|t:|1743938449
|switch|p1a: Tinkaton|Tinkaton, F|68/100
|-ability|p1a: Tinkaton|Mold Breaker
|move|p2a: Pelipper|U-turn|p1a: Tinkaton
|-resisted|p1a: Tinkaton
|-damage|p1a: Tinkaton|67/100
|
|t:|1743938452
|switch|p2a: Sinistcha|Sinistcha|44/100 brn|[from] U-turn
|
|-weather|RainDance|[upkeep]
|-heal|p1a: Tinkaton|73/100|[from] item: Leftovers
|-damage|p2a: Sinistcha|41/100 brn|[from] brn
|upkeep
|turn|22
|
|t:|1743938458
|move|p1a: Tinkaton|Stealth Rock|p2a: Sinistcha
|-sidestart|p2: KillerB1000|move: Stealth Rock
|move|p2a: Sinistcha|Trick Room|p2a: Sinistcha
|-fieldstart|move: Trick Room|[of] p2a: Sinistcha
|
|-weather|RainDance|[upkeep]
|-heal|p1a: Tinkaton|80/100|[from] item: Leftovers
|-damage|p2a: Sinistcha|38/100 brn|[from] brn
|upkeep
|turn|23
|
|t:|1743938467
|move|p2a: Sinistcha|Strength Sap|p1a: Tinkaton
|-unboost|p1a: Tinkaton|atk|1
|-heal|p2a: Sinistcha|92/100 brn
|move|p1a: Tinkaton|Encore|p2a: Sinistcha
|-start|p2a: Sinistcha|Encore
|
|-weather|RainDance|[upkeep]
|-heal|p1a: Tinkaton|86/100|[from] item: Leftovers
|-damage|p2a: Sinistcha|89/100 brn|[from] brn
|upkeep
|turn|24
|
|t:|1743938480
|switch|p2a: Pelipper|Pelipper, F|55/100 brn
|-damage|p2a: Pelipper|30/100 brn|[from] Stealth Rock
|switch|p1a: Volcanion|Volcanion, tera:Ground|44/100
|
|-weather|RainDance|[upkeep]
|-damage|p2a: Pelipper|24/100 brn|[from] brn
|upkeep
|turn|25
|
|t:|1743938489
|switch|p1a: Tinkaton|Tinkaton, F|86/100
|-ability|p1a: Tinkaton|Mold Breaker
|move|p2a: Pelipper|Roost|p2a: Pelipper
|-heal|p2a: Pelipper|74/100 brn
|-singleturn|p2a: Pelipper|move: Roost
|
|-weather|RainDance|[upkeep]
|-heal|p1a: Tinkaton|92/100|[from] item: Leftovers
|-damage|p2a: Pelipper|68/100 brn|[from] brn
|upkeep
|turn|26
|
|t:|1743938504
|move|p2a: Pelipper|Roost|p2a: Pelipper
|-heal|p2a: Pelipper|100/100 brn
|-singleturn|p2a: Pelipper|move: Roost
|move|p1a: Tinkaton|Encore|p2a: Pelipper
|-start|p2a: Pelipper|Encore
|
|-weather|none
|-heal|p1a: Tinkaton|98/100|[from] item: Leftovers
|-damage|p2a: Pelipper|94/100 brn|[from] brn
|-fieldend|move: Trick Room
|upkeep
|turn|27
|
|t:|1743938511
|switch|p2a: Sinistcha|Sinistcha|89/100 brn
|move|p1a: Tinkaton|Gigaton Hammer|p2a: Sinistcha
|-damage|p2a: Sinistcha|61/100 brn
|
|-heal|p1a: Tinkaton|100/100|[from] item: Leftovers
|-damage|p2a: Sinistcha|59/100 brn|[from] brn
|upkeep
|turn|28
|
|t:|1743938521
|move|p1a: Tinkaton|Stealth Rock||[still]
|-fail|p1a: Tinkaton
|move|p2a: Sinistcha|Matcha Gotcha|p1a: Tinkaton
|-resisted|p1a: Tinkaton
|-damage|p1a: Tinkaton|90/100
|-heal|p2a: Sinistcha|64/100 brn|[from] drain|[of] p1a: Tinkaton
|
|-heal|p1a: Tinkaton|96/100|[from] item: Leftovers
|-damage|p2a: Sinistcha|61/100 brn|[from] brn
|upkeep
|turn|29
|
|t:|1743938527
|move|p1a: Tinkaton|Encore|p2a: Sinistcha
|-start|p2a: Sinistcha|Encore
|move|p2a: Sinistcha|Matcha Gotcha|p1a: Tinkaton
|-resisted|p1a: Tinkaton
|-damage|p1a: Tinkaton|86/100
|-heal|p2a: Sinistcha|67/100 brn|[from] drain|[of] p1a: Tinkaton
|
|-heal|p1a: Tinkaton|92/100|[from] item: Leftovers
|-damage|p2a: Sinistcha|64/100 brn|[from] brn
|upkeep
|turn|30
|
|t:|1743938531
|move|p1a: Tinkaton|Gigaton Hammer|p2a: Sinistcha
|-damage|p2a: Sinistcha|32/100 brn
|move|p2a: Sinistcha|Matcha Gotcha|p1a: Tinkaton
|-resisted|p1a: Tinkaton
|-damage|p1a: Tinkaton|81/100
|-heal|p2a: Sinistcha|38/100 brn|[from] drain|[of] p1a: Tinkaton
|
|-heal|p1a: Tinkaton|87/100|[from] item: Leftovers
|-damage|p2a: Sinistcha|35/100 brn|[from] brn
|upkeep
|turn|31
|
|t:|1743938535
|move|p1a: Tinkaton|Stealth Rock||[still]
|-fail|p1a: Tinkaton
|move|p2a: Sinistcha|Matcha Gotcha|p1a: Tinkaton
|-resisted|p1a: Tinkaton
|-damage|p1a: Tinkaton|76/100
|-heal|p2a: Sinistcha|41/100 brn|[from] drain|[of] p1a: Tinkaton
|-status|p1a: Tinkaton|brn
|
|-heal|p1a: Tinkaton|82/100 brn|[from] item: Leftovers
|-damage|p1a: Tinkaton|76/100 brn|[from] brn
|-damage|p2a: Sinistcha|38/100 brn|[from] brn
|-end|p2a: Sinistcha|Encore
|upkeep
|turn|32
|
|t:|1743938539
|switch|p1a: Volcanion|Volcanion, tera:Ground|44/100
|switch|p2a: Pelipper|Pelipper, F|94/100 brn
|-damage|p2a: Pelipper|69/100 brn|[from] Stealth Rock
|-weather|RainDance|[from] ability: Drizzle|[of] p2a: Pelipper
|
|-weather|RainDance|[upkeep]
|-damage|p2a: Pelipper|63/100 brn|[from] brn
|upkeep
|turn|33
|
|t:|1743938544
|move|p1a: Volcanion|Steam Eruption|p2a: Pelipper
|-resisted|p2a: Pelipper
|-damage|p2a: Pelipper|19/100 brn
|move|p2a: Pelipper|Roost|p2a: Pelipper
|-heal|p2a: Pelipper|69/100 brn
|-singleturn|p2a: Pelipper|move: Roost
|
|-weather|RainDance|[upkeep]
|-damage|p2a: Pelipper|63/100 brn|[from] brn
|upkeep
|turn|34
|
|t:|1743938553
|switch|p1a: Tinkaton|Tinkaton, F|76/100 brn
|-ability|p1a: Tinkaton|Mold Breaker
|move|p2a: Pelipper|Hurricane|p1a: Tinkaton
|-resisted|p1a: Tinkaton
|-damage|p1a: Tinkaton|65/100 brn
|-start|p1a: Tinkaton|confusion
|
|-weather|RainDance|[upkeep]
|-heal|p1a: Tinkaton|71/100 brn|[from] item: Leftovers
|-damage|p1a: Tinkaton|65/100 brn|[from] brn
|-damage|p2a: Pelipper|56/100 brn|[from] brn
|upkeep
|turn|35
|
|t:|1743938560
|-activate|p1a: Tinkaton|confusion
|move|p1a: Tinkaton|Encore|p2a: Pelipper
|-start|p2a: Pelipper|Encore
|move|p2a: Pelipper|Hurricane|p1a: Tinkaton
|-resisted|p1a: Tinkaton
|-damage|p1a: Tinkaton|52/100 brn
|
|-weather|RainDance|[upkeep]
|-heal|p1a: Tinkaton|59/100 brn|[from] item: Leftovers
|-damage|p1a: Tinkaton|52/100 brn|[from] brn
|-damage|p2a: Pelipper|50/100 brn|[from] brn
|upkeep
|turn|36
|
|t:|1743938563
|switch|p2a: Sinistcha|Sinistcha|38/100 brn
|-activate|p1a: Tinkaton|confusion
|-damage|p1a: Tinkaton|43/100 brn|[from] confusion
|
|-weather|RainDance|[upkeep]
|-heal|p1a: Tinkaton|49/100 brn|[from] item: Leftovers
|-damage|p1a: Tinkaton|43/100 brn|[from] brn
|-damage|p2a: Sinistcha|35/100 brn|[from] brn
|upkeep
|turn|37
|
|t:|1743938571
|-activate|p1a: Tinkaton|confusion
|-damage|p1a: Tinkaton|34/100 brn|[from] confusion
|move|p2a: Sinistcha|Trick Room|p2a: Sinistcha
|-fieldstart|move: Trick Room|[of] p2a: Sinistcha
|
|-weather|RainDance|[upkeep]
|-heal|p1a: Tinkaton|41/100 brn|[from] item: Leftovers
|-damage|p2a: Sinistcha|33/100 brn|[from] brn
|-damage|p1a: Tinkaton|34/100 brn|[from] brn
|upkeep
|turn|38
|
|t:|1743938580
|move|p2a: Sinistcha|Shadow Ball|p1a: Tinkaton
|-damage|p1a: Tinkaton|15/100 brn
|-activate|p1a: Tinkaton|confusion
|move|p1a: Tinkaton|Encore|p2a: Sinistcha
|-start|p2a: Sinistcha|Encore
|
|-weather|RainDance|[upkeep]
|-heal|p1a: Tinkaton|21/100 brn|[from] item: Leftovers
|-damage|p2a: Sinistcha|30/100 brn|[from] brn
|-damage|p1a: Tinkaton|15/100 brn|[from] brn
|upkeep
|turn|39
|-message|imgodslayer forfeited.
|
|win|KillerB1000
|raw|imgodslayer's rating: 1412 &rarr; <strong>1390</strong><br />(-22 for losing)
|raw|KillerB1000's rating: 1384 &rarr; <strong>1406</strong><br />(+22 for winning)
|l|☆imgodslayer
|player|p1|
|l|☆KillerB1000
|player|p2|
