|j|☆Alpha Rong Yuan
|j|☆thathomiesapien
|t:|1743833755
|gametype|singles
|player|p1|Alpha Rong Yuan|2|1226
|player|p2|thathomiesapien|102|1218
|teamsize|p1|6
|teamsize|p2|6
|gen|9
|tier|[Gen 9] OU
|rated|
|rule|HP Percentage Mod: HP is shown in percentages
|rule|Endless Battle Clause: Forcing endless battles is banned
|rule|Species Clause: Limit one of each Pokémon
|rule|OHKO Clause: OHKO moves are banned
|rule|Evasion Items Clause: Evasion items are banned
|rule|Evasion Moves Clause: Evasion moves are banned
|rule|Sleep Moves Clause: Sleep-inducing moves are banned
|clearpoke
|poke|p1|Pelipper, M|
|poke|p1|Barraskewda, F|
|poke|p1|Raging Bolt|
|poke|p1|Weezing-Galar, F|
|poke|p1|Floatzel, F|
|poke|p1|Alomomola, M|
|poke|p2|Tyranitar, F|
|poke|p2|Hydrapple, F|
|poke|p2|Arcanine-Hisui, F|
|poke|p2|Gliscor, M|
|poke|p2|Alomomola, M|
|poke|p2|Forretress, M|
|teampreview
|
|t:|1743833771
|start
|switch|p1a: Barraskewda|Barraskewda, F|100/100
|switch|p2a: Forretress|Forretress, M|100/100
|turn|1
|
|t:|1743833783
|-terastallize|p1a: Barraskewda|Water
|move|p1a: Barraskewda|Flip Turn|p2a: Forretress
|-damage|p2a: Forretress|64/100
|
|t:|1743833795
|switch|p1a: Weezing|Weezing-Galar, F|100/100|[from] Flip Turn
|-fieldstart|move: Misty Terrain|[from] ability: Misty Surge|[of] p1a: Weezing
|move|p2a: Forretress|Stealth Rock|p1a: Weezing
|-sidestart|p1: Alpha Rong Yuan|move: Stealth Rock
|
|upkeep
|turn|2
|
|t:|1743833802
|switch|p2a: My Favewit|Tyranitar, F|100/100
|-weather|Sandstorm|[from] ability: Sand Stream|[of] p2a: My Favewit
|move|p1a: Weezing|Defog|p2a: My Favewit
|-unboost|p2a: My Favewit|evasion|1
|-sideend|p1: Alpha Rong Yuan|Stealth Rock|[from] move: Defog|[of] p1a: Weezing
|-fieldend|Misty Terrain
|
|-weather|Sandstorm|[upkeep]
|-damage|p1a: Weezing|95/100|[from] Sandstorm
|-heal|p1a: Weezing|100/100|[from] item: Leftovers
|upkeep
|turn|3
|
|t:|1743833810
|switch|p1a: Pelipper|Pelipper, M|100/100
|-weather|RainDance|[from] ability: Drizzle|[of] p1a: Pelipper
|move|p2a: My Favewit|Knock Off|p1a: Pelipper
|-damage|p1a: Pelipper|36/100
|-enditem|p1a: Pelipper|Heavy-Duty Boots|[from] move: Knock Off|[of] p2a: My Favewit
|
|-weather|RainDance|[upkeep]
|upkeep
|turn|4
|
|t:|1743833821
|switch|p2a: Alomomola|Alomomola, M|100/100
|move|p1a: Pelipper|U-turn|p2a: Alomomola
|-damage|p2a: Alomomola|95/100
|-damage|p1a: Pelipper|20/100|[from] item: Rocky Helmet|[of] p2a: Alomomola
|
|t:|1743833826
|switch|p1a: Raging Bolt|Raging Bolt|100/100|[from] U-turn
|
|-weather|RainDance|[upkeep]
|upkeep
|turn|5
|
|t:|1743833830
|switch|p2a: My Favewit|Tyranitar, F|100/100
|-weather|Sandstorm|[from] ability: Sand Stream|[of] p2a: My Favewit
|move|p1a: Raging Bolt|Draco Meteor|p2a: My Favewit
|-damage|p2a: My Favewit|75/100
|-unboost|p1a: Raging Bolt|spa|2
|
|-weather|Sandstorm|[upkeep]
|-damage|p1a: Raging Bolt|94/100|[from] Sandstorm
|upkeep
|turn|6
|
|t:|1743833844
|move|p1a: Raging Bolt|Volt Switch|p2a: My Favewit
|-damage|p2a: My Favewit|68/100
|
|t:|1743833849
|-end|p1a: Raging Bolt|Protosynthesis|[silent]
|switch|p1a: Weezing|Weezing-Galar, F|100/100|[from] Volt Switch
|-fieldstart|move: Misty Terrain|[from] ability: Misty Surge|[of] p1a: Weezing
|move|p2a: My Favewit|Knock Off|p1a: Weezing
|-resisted|p1a: Weezing
|-damage|p1a: Weezing|82/100
|-enditem|p1a: Weezing|Leftovers|[from] move: Knock Off|[of] p2a: My Favewit
|
|-weather|Sandstorm|[upkeep]
|-damage|p1a: Weezing|76/100|[from] Sandstorm
|upkeep
|turn|7
|
|t:|1743833860
|switch|p2a: He Don't Die|Gliscor, M|100/100
|move|p1a: Weezing|Rain Dance|p1a: Weezing
|-weather|RainDance
|
|-weather|RainDance|[upkeep]
|-status|p2a: He Don't Die|tox|[from] item: Toxic Orb
|upkeep
|turn|8
|
|t:|1743833867
|switch|p1a: Alomomola|Alomomola, M|100/100
|move|p2a: He Don't Die|Substitute|p2a: He Don't Die
|-start|p2a: He Don't Die|Substitute
|-damage|p2a: He Don't Die|76/100 tox
|
|-weather|RainDance|[upkeep]
|-heal|p2a: He Don't Die|88/100 tox|[from] ability: Poison Heal
|upkeep
|turn|9
|
|t:|1743833875
|move|p2a: He Don't Die|Toxic|p1a: Alomomola
|-activate|p1a: Alomomola|move: Misty Terrain
|move|p1a: Alomomola|Wish|p1a: Alomomola
|
|-weather|RainDance|[upkeep]
|-heal|p2a: He Don't Die|100/100 tox|[from] ability: Poison Heal
|upkeep
|turn|10
|
|t:|1743833885
|move|p2a: He Don't Die|Toxic|p1a: Alomomola
|-activate|p1a: Alomomola|move: Misty Terrain
|move|p1a: Alomomola|Flip Turn|p2a: He Don't Die
|-supereffective|p2a: He Don't Die
|-end|p2a: He Don't Die|Substitute
|
|t:|1743833889
|switch|p1a: Pelipper|Pelipper, M|20/100|[from] Flip Turn
|
|-weather|RainDance|[upkeep]
|-heal|p1a: Pelipper|100/100|[from] move: Wish|[wisher] Alomomola
|-fieldend|Misty Terrain
|upkeep
|turn|11
|
|t:|1743833899
|switch|p2a: My Favewit|Tyranitar, F|68/100
|-weather|Sandstorm|[from] ability: Sand Stream|[of] p2a: My Favewit
|switch|p1a: Weezing|Weezing-Galar, F|76/100
|-fieldstart|move: Misty Terrain|[from] ability: Misty Surge|[of] p1a: Weezing
|
|-weather|Sandstorm|[upkeep]
|-damage|p1a: Weezing|70/100|[from] Sandstorm
|upkeep
|turn|12
|
|t:|1743833906
|move|p2a: My Favewit|Rock Blast|p1a: Weezing
|-damage|p1a: Weezing|60/100
|-damage|p1a: Weezing|51/100
|-damage|p1a: Weezing|41/100
|-damage|p1a: Weezing|30/100
|-damage|p1a: Weezing|20/100
|-hitcount|p1a: Weezing|5
|move|p1a: Weezing|Rain Dance|p1a: Weezing
|-weather|RainDance
|
|-weather|RainDance|[upkeep]
|upkeep
|turn|13
|
|t:|1743833915
|switch|p2a: Alomomola|Alomomola, M|100/100
|switch|p1a: Floatzel|Floatzel, F|100/100
|
|-weather|RainDance|[upkeep]
|upkeep
|turn|14
|
|t:|1743833924
|move|p1a: Floatzel|Flip Turn|p2a: Alomomola
|-resisted|p2a: Alomomola
|-damage|p2a: Alomomola|81/100
|-damage|p1a: Floatzel|84/100|[from] item: Rocky Helmet|[of] p2a: Alomomola
|
|t:|1743833926
|switch|p1a: Alomomola|Alomomola, M|100/100|[from] Flip Turn
|move|p2a: Alomomola|Wish|p2a: Alomomola
|
|-weather|RainDance|[upkeep]
|upkeep
|turn|15
|
|t:|1743833935
|move|p2a: Alomomola|Flip Turn|p1a: Alomomola
|-resisted|p1a: Alomomola
|-damage|p1a: Alomomola|93/100
|-damage|p2a: Alomomola|65/100|[from] item: Rocky Helmet|[of] p1a: Alomomola
|
|t:|1743833939
|switch|p2a: HeyApple|Hydrapple, F|100/100|[from] Flip Turn
|move|p1a: Alomomola|Wish|p1a: Alomomola
|
|-weather|RainDance|[upkeep]
|-fieldend|Misty Terrain
|upkeep
|turn|16
|
|t:|1743833951
|move|p2a: HeyApple|Leaf Storm|p1a: Alomomola
|-supereffective|p1a: Alomomola
|-damage|p1a: Alomomola|0 fnt
|-unboost|p2a: HeyApple|spa|2
|faint|p1a: Alomomola
|
|-weather|none
|upkeep
|
|t:|1743833959
|switch|p1a: Floatzel|Floatzel, F|84/100
|turn|17
|
|t:|1743833968
|switch|p2a: Alomomola|Alomomola, M|98/100
|move|p1a: Floatzel|Ice Spinner|p2a: Alomomola
|-resisted|p2a: Alomomola
|-damage|p2a: Alomomola|87/100
|-damage|p1a: Floatzel|68/100|[from] item: Rocky Helmet|[of] p2a: Alomomola
|
|upkeep
|turn|18
|
|t:|1743833972
|switch|p1a: Raging Bolt|Raging Bolt|94/100
|move|p2a: Alomomola|Wish|p2a: Alomomola
|
|upkeep
|turn|19
|
|t:|1743833979
|switch|p2a: My Favewit|Tyranitar, F|68/100
|-weather|Sandstorm|[from] ability: Sand Stream|[of] p2a: My Favewit
|move|p1a: Raging Bolt|Draco Meteor|p2a: My Favewit
|-damage|p2a: My Favewit|43/100
|-unboost|p1a: Raging Bolt|spa|2
|
|-weather|Sandstorm|[upkeep]
|-damage|p1a: Raging Bolt|88/100|[from] Sandstorm
|-heal|p2a: My Favewit|100/100|[from] move: Wish|[wisher] Alomomola
|upkeep
|turn|20
|
|t:|1743833992
|move|p1a: Raging Bolt|Volt Switch|p2a: My Favewit
|-damage|p2a: My Favewit|93/100
|
|t:|1743833996
|-end|p1a: Raging Bolt|Protosynthesis|[silent]
|switch|p1a: Pelipper|Pelipper, M|100/100|[from] Volt Switch
|-weather|RainDance|[from] ability: Drizzle|[of] p1a: Pelipper
|move|p2a: My Favewit|Rock Blast|p1a: Pelipper
|-supereffective|p1a: Pelipper
|-damage|p1a: Pelipper|67/100
|-supereffective|p1a: Pelipper
|-damage|p1a: Pelipper|37/100
|-supereffective|p1a: Pelipper
|-damage|p1a: Pelipper|7/100
|-supereffective|p1a: Pelipper
|-damage|p1a: Pelipper|0 fnt
|faint|p1a: Pelipper
|-hitcount|p1: Pelipper|4
|
|-weather|RainDance|[upkeep]
|upkeep
|
|t:|1743833998
|switch|p1a: Barraskewda|Barraskewda, F, tera:Water|100/100
|turn|21
|
|t:|1743834003
|switch|p2a: Alomomola|Alomomola, M|100/100
|move|p1a: Barraskewda|Liquidation|p2a: Alomomola
|-resisted|p2a: Alomomola
|-crit|p2a: Alomomola
|-damage|p2a: Alomomola|42/100
|-damage|p1a: Barraskewda|84/100|[from] item: Rocky Helmet|[of] p2a: Alomomola
|
|-weather|RainDance|[upkeep]
|upkeep
|turn|22
|
|t:|1743834008
|move|p2a: Alomomola|Protect|p2a: Alomomola
|-singleturn|p2a: Alomomola|Protect
|move|p1a: Barraskewda|Liquidation|p2a: Alomomola
|-activate|p2a: Alomomola|move: Protect
|
|-weather|RainDance|[upkeep]
|upkeep
|turn|23
|-message|Alpha Rong Yuan forfeited.
|
|win|thathomiesapien
|raw|Alpha Rong Yuan's rating: 1226 &rarr; <strong>1200</strong><br />(-26 for losing)
|raw|thathomiesapien's rating: 1218 &rarr; <strong>1244</strong><br />(+26 for winning)
|l|☆Alpha Rong Yuan
|player|p1|
|l|☆thathomiesapien
|player|p2|
