|j|☆Trenadus-Therian
|j|☆Tando-Lee
|t:|1743819326
|gametype|singles
|player|p1|Trenadus-Therian|wattson|1320
|player|p2|Tando-Lee|miku-fire|1322
|teamsize|p1|6
|teamsize|p2|6
|gen|9
|tier|[Gen 9] OU
|rated|
|rule|HP Percentage Mod: HP is shown in percentages
|rule|Endless Battle Clause: Forcing endless battles is banned
|rule|Species Clause: Limit one of each Pokémon
|rule|OHKO Clause: OHKO moves are banned
|rule|Evasion Items Clause: Evasion items are banned
|rule|Evasion Moves Clause: Evasion moves are banned
|rule|Sleep Moves Clause: Sleep-inducing moves are banned
|clearpoke
|poke|p1|Hoopa-Unbound|
|poke|p1|Ogerpon-Wellspring, F|
|poke|p1|Cinderace, F|
|poke|p1|Primarina, F|
|poke|p1|Corviknight, F|
|poke|p1|Landorus-Therian, M|
|poke|p2|Weavile, F|
|poke|p2|Pecharunt|
|poke|p2|Ting-Lu|
|poke|p2|Tinkaton, F|
|poke|p2|Keldeo-Resolute|
|poke|p2|Dragonite, F|
|teampreview
|
|t:|1743819357
|start
|switch|p1a: Primarina|Primarina, F|100/100
|switch|p2a: Tinkaton|Tinkaton, F|100/100
|-item|p2a: Tinkaton|Air Balloon
|turn|1
|
|t:|1743819376
|move|p2a: Tinkaton|Thunder Wave|p1a: Primarina
|-status|p1a: Primarina|par
|move|p1a: Primarina|Surf|p2a: Tinkaton
|-damage|p2a: Tinkaton|59/100
|-enditem|p2a: Tinkaton|Air Balloon
|
|upkeep
|turn|2
|
|t:|1743819384
|switch|p1a: Landorus|Landorus-Therian, M|100/100
|-ability|p1a: Landorus|Intimidate|boost
|-unboost|p2a: Tinkaton|atk|1
|move|p2a: Tinkaton|Stealth Rock|p1a: Landorus
|-sidestart|p1: Trenadus-Therian|move: Stealth Rock
|
|upkeep
|turn|3
|
|t:|1743819405
|switch|p2a: Keldeo|Keldeo-Resolute|100/100
|move|p1a: Landorus|Earthquake|p2a: Keldeo
|-damage|p2a: Keldeo|40/100
|
|upkeep
|turn|4
|
|t:|1743819416
|move|p1a: Landorus|Earthquake|p2a: Keldeo
|-damage|p2a: Keldeo|0 fnt
|faint|p2a: Keldeo
|
|upkeep
|
|t:|1743819420
|switch|p2a: Dragonite|Dragonite, F|100/100
|turn|5
|
|t:|1743819431
|switch|p1a: Corviknight|Corviknight, F|100/100
|-damage|p1a: Corviknight|88/100|[from] Stealth Rock
|-ability|p1a: Corviknight|Pressure
|switch|p2a: Weavile|Weavile, F|100/100
|-ability|p2a: Weavile|Pressure
|
|upkeep
|turn|6
|
|t:|1743819442
|move|p2a: Weavile|Swords Dance|p2a: Weavile
|-boost|p2a: Weavile|atk|2
|move|p1a: Corviknight|Iron Defense|p1a: Corviknight
|-boost|p1a: Corviknight|def|2
|
|upkeep
|turn|7
|
|t:|1743819447
|-terastallize|p2a: Weavile|Ghost
|move|p2a: Weavile|Swords Dance|p2a: Weavile
|-boost|p2a: Weavile|atk|2
|move|p1a: Corviknight|Iron Defense|p1a: Corviknight
|-boost|p1a: Corviknight|def|2
|
|upkeep
|turn|8
|
|t:|1743819454
|move|p2a: Weavile|Swords Dance|p2a: Weavile
|-boost|p2a: Weavile|atk|2
|move|p1a: Corviknight|Iron Defense|p1a: Corviknight
|-boost|p1a: Corviknight|def|2
|
|upkeep
|turn|9
|
|t:|1743819482
|move|p2a: Weavile|Knock Off|p1a: Corviknight
|-damage|p1a: Corviknight|62/100
|-damage|p2a: Weavile|84/100|[from] item: Rocky Helmet|[of] p1a: Corviknight
|-enditem|p1a: Corviknight|Rocky Helmet|[from] move: Knock Off|[of] p2a: Weavile
|move|p1a: Corviknight|U-turn|p2a: Weavile
|-resisted|p2a: Weavile
|-damage|p2a: Weavile|72/100
|
|t:|1743819487
|switch|p1a: Landorus|Landorus-Therian, M|100/100|[from] U-turn
|-damage|p1a: Landorus|88/100|[from] Stealth Rock
|-ability|p1a: Landorus|Intimidate|boost
|-unboost|p2a: Weavile|atk|1
|
|upkeep
|turn|10
|
|t:|1743819490
|move|p2a: Weavile|Ice Shard|p1a: Landorus
|-supereffective|p1a: Landorus
|-damage|p1a: Landorus|0 fnt
|faint|p1a: Landorus
|
|upkeep
|-message|Trenadus-Therian forfeited.
|
|win|Tando-Lee
|raw|Trenadus-Therian's rating: 1320 &rarr; <strong>1300</strong><br />(-20 for losing)
|raw|Tando-Lee's rating: 1322 &rarr; <strong>1342</strong><br />(+20 for winning)
|l|☆Trenadus-Therian
|player|p1|
