|j|☆jonnythocolin
|j|☆jeheheyehwuiwhw
|t:|1743901995
|gametype|singles
|player|p1|jonnythocolin|265|1133
|player|p2|jeheheyehwuiwhw|266|1122
|teamsize|p1|6
|teamsize|p2|6
|gen|9
|tier|[Gen 9] OU
|rated|
|rule|HP Percentage Mod: HP is shown in percentages
|rule|Endless Battle Clause: Forcing endless battles is banned
|rule|Species Clause: Limit one of each Pokémon
|rule|OHKO Clause: OHKO moves are banned
|rule|Evasion Items Clause: Evasion items are banned
|rule|Evasion Moves Clause: Evasion moves are banned
|rule|Sleep Moves Clause: Sleep-inducing moves are banned
|clearpoke
|poke|p1|Clodsire, M|
|poke|p1|Gastrodon-East, M|
|poke|p1|Ninetales-Alola, F|
|poke|p1|Skeledirge, F|
|poke|p1|Brute Bonnet|
|poke|p1|Corviknight, M|
|poke|p2|Salazzle, F|
|poke|p2|Araquanid, M|
|poke|p2|Dragapult, F|
|poke|p2|Samurott-Hisui, M|
|poke|p2|Kyurem|
|poke|p2|Enamorus, F|
|teampreview
|inactive|Battle timer is ON: inactive players will automatically lose when time's up. (requested by jonnythocolin)
|
|t:|1743902004
|start
|switch|p1a: Coffi|Ninetales-Alola, F|100/100
|switch|p2a: Salazzle|Salazzle, F|100/100
|-weather|Snowscape|[from] ability: Snow Warning|[of] p1a: Coffi
|turn|1
|
|t:|1743902012
|switch|p1a: Mojoncito|Clodsire, M|100/100
|move|p2a: Salazzle|Fire Blast|p1a: Mojoncito
|-damage|p1a: Mojoncito|75/100
|
|-weather|Snowscape|[upkeep]
|-heal|p1a: Mojoncito|81/100|[from] item: Leftovers
|upkeep
|turn|2
|
|t:|1743902024
|switch|p2a: Samurott|Samurott-Hisui, M|100/100
|move|p1a: Mojoncito|Earthquake|p2a: Samurott
|-damage|p2a: Samurott|65/100
|
|-weather|Snowscape|[upkeep]
|-heal|p1a: Mojoncito|87/100|[from] item: Leftovers
|upkeep
|turn|3
|
|t:|1743902033
|switch|p1a: Edgar|Corviknight, M, shiny|100/100
|move|p2a: Samurott|Ceaseless Edge|p1a: Edgar
|-damage|p1a: Edgar|74/100
|-damage|p2a: Samurott|48/100|[from] item: Rocky Helmet|[of] p1a: Edgar
|-sidestart|p1: jonnythocolin|Spikes
|
|-weather|Snowscape|[upkeep]
|upkeep
|turn|4
|
|t:|1743902043
|move|p2a: Samurott|Ceaseless Edge|p1a: Edgar
|-damage|p1a: Edgar|47/100
|-damage|p2a: Samurott|32/100|[from] item: Rocky Helmet|[of] p1a: Edgar
|-sidestart|p1: jonnythocolin|Spikes
|move|p1a: Edgar|Defog|p2a: Samurott
|-unboost|p2a: Samurott|evasion|1
|-sideend|p1: jonnythocolin|Spikes|[from] move: Defog|[of] p1a: Edgar
|
|-weather|Snowscape|[upkeep]
|upkeep
|turn|5
|
|t:|1743902052
|switch|p2a: Salazzle|Salazzle, F|100/100
|move|p1a: Edgar|Roost|p1a: Edgar
|-heal|p1a: Edgar|97/100
|-singleturn|p1a: Edgar|move: Roost
|
|-weather|none
|upkeep
|turn|6
|
|t:|1743902075
|switch|p2a: Kyurem|Kyurem|100/100
|-ability|p2a: Kyurem|Pressure
|switch|p1a: Scorüpi|Gastrodon-East, M, shiny|100/100
|
|upkeep
|turn|7
|inactive|jonnythocolin has 120 seconds left.
|
|t:|1743902099
|switch|p1a: Coffi|Ninetales-Alola, F|100/100
|-weather|Snowscape|[from] ability: Snow Warning|[of] p1a: Coffi
|move|p2a: Kyurem|Freeze-Dry|p1a: Coffi
|-resisted|p1a: Coffi
|-damage|p1a: Coffi|86/100
|
|-weather|Snowscape|[upkeep]
|upkeep
|turn|8
|
|t:|1743902110
|switch|p2a: Salazzle|Salazzle, F|100/100
|move|p1a: Coffi|Aurora Veil|p1a: Coffi
|-sidestart|p1: jonnythocolin|move: Aurora Veil
|
|-weather|Snowscape|[upkeep]
|upkeep
|turn|9
|
|t:|1743902118
|switch|p1a: Mojoncito|Clodsire, M|87/100
|move|p2a: Salazzle|Nasty Plot|p2a: Salazzle
|-boost|p2a: Salazzle|spa|2
|
|-weather|Snowscape|[upkeep]
|-heal|p1a: Mojoncito|93/100|[from] item: Leftovers
|upkeep
|turn|10
|
|t:|1743902130
|switch|p2a: Enamorus|Enamorus, F|100/100
|move|p1a: Mojoncito|Earthquake|p2a: Enamorus
|-immune|p2a: Enamorus
|
|-weather|Snowscape|[upkeep]
|-heal|p1a: Mojoncito|99/100|[from] item: Leftovers
|upkeep
|turn|11
|
|t:|1743902139
|switch|p2a: Salazzle|Salazzle, F|100/100
|move|p1a: Mojoncito|Toxic|p2a: Salazzle
|-immune|p2a: Salazzle
|
|-weather|none
|-heal|p1a: Mojoncito|100/100|[from] item: Leftovers
|upkeep
|turn|12
|
|t:|1743902154
|move|p2a: Salazzle|Fire Blast|p1a: Mojoncito
|-damage|p1a: Mojoncito|87/100
|move|p1a: Mojoncito|Curse|p1a: Mojoncito
|-unboost|p1a: Mojoncito|spe|1
|-boost|p1a: Mojoncito|atk|1
|-boost|p1a: Mojoncito|def|1
|
|-heal|p1a: Mojoncito|93/100|[from] item: Leftovers
|upkeep
|turn|13
|
|t:|1743902178
|switch|p2a: Araquanid|Araquanid, M|100/100
|move|p1a: Mojoncito|Earthquake|p2a: Araquanid
|-resisted|p2a: Araquanid
|-damage|p2a: Araquanid|78/100
|
|-heal|p1a: Mojoncito|99/100|[from] item: Leftovers
|upkeep
|turn|14
|
|t:|1743902191
|switch|p1a: Scorüpi|Gastrodon-East, M, shiny|100/100
|move|p2a: Araquanid|Sticky Web|p1a: Scorüpi
|-sidestart|p1: jonnythocolin|move: Sticky Web
|
|upkeep
|turn|15
|
|t:|1743902199
|move|p2a: Araquanid|Leech Life|p1a: Scorüpi
|-damage|p1a: Scorüpi|86/100
|-heal|p2a: Araquanid|87/100|[from] drain|[of] p1a: Scorüpi
|move|p1a: Scorüpi|Sludge Bomb|p2a: Araquanid
|-damage|p2a: Araquanid|73/100
|
|-sideend|p1: jonnythocolin|move: Aurora Veil
|upkeep
|turn|16
|
|t:|1743902219
|move|p2a: Araquanid|Waterfall|p1a: Scorüpi
|-ability|p1a: Scorüpi|Storm Drain|boost
|-boost|p1a: Scorüpi|spa|1
|move|p1a: Scorüpi|Whirlpool|p2a: Araquanid
|-resisted|p2a: Araquanid
|-damage|p2a: Araquanid|67/100
|-activate|p2a: Araquanid|move: Whirlpool|[of] p1a: Scorüpi
|
|-damage|p2a: Araquanid|54/100|[from] move: Whirlpool|[partiallytrapped]
|upkeep
|turn|17
|
|t:|1743902230
|move|p2a: Araquanid|Leech Life|p1a: Scorüpi
|-damage|p1a: Scorüpi|56/100
|-heal|p2a: Araquanid|74/100|[from] drain|[of] p1a: Scorüpi
|move|p1a: Scorüpi|Sludge Bomb|p2a: Araquanid
|-damage|p2a: Araquanid|52/100
|
|-damage|p2a: Araquanid|40/100|[from] move: Whirlpool|[partiallytrapped]
|upkeep
|turn|18
|
|t:|1743902240
|move|p2a: Araquanid|Endeavor|p1a: Scorüpi
|-damage|p1a: Scorüpi|32/100
|move|p1a: Scorüpi|Sludge Bomb|p2a: Araquanid
|-damage|p2a: Araquanid|19/100
|
|-damage|p2a: Araquanid|7/100|[from] move: Whirlpool|[partiallytrapped]
|upkeep
|turn|19
|-enditem|p2a: Araquanid|Custap Berry|[eat]
|-activate|p2a: Araquanid|item: Custap Berry|[consumed]
|
|t:|1743902248
|move|p2a: Araquanid|Leech Life|p1a: Scorüpi
|-damage|p1a: Scorüpi|0 fnt
|-heal|p2a: Araquanid|26/100|[from] drain|[of] p1a: Scorüpi
|faint|p1a: Scorüpi
|
|-end|p2a: Araquanid|Whirlpool|[partiallytrapped]|[silent]
|upkeep
|
|t:|1743902256
|switch|p1a: Edgar|Corviknight, M, shiny|97/100
|turn|20
|
|t:|1743902260
|move|p1a: Edgar|Defog|p2a: Araquanid
|-unboost|p2a: Araquanid|evasion|1
|-sideend|p1: jonnythocolin|Sticky Web|[from] move: Defog|[of] p1a: Edgar
|move|p2a: Araquanid|Endeavor|p1a: Edgar
|-damage|p1a: Edgar|23/100
|-damage|p2a: Araquanid|10/100|[from] item: Rocky Helmet|[of] p1a: Edgar
|
|upkeep
|turn|21
|
|t:|1743902268
|switch|p1a: Juanchita|Skeledirge, F|100/100
|switch|p2a: Salazzle|Salazzle, F|100/100
|
|upkeep
|turn|22
|
|t:|1743902276
|switch|p1a: Edgar|Corviknight, M, shiny|23/100
|move|p2a: Salazzle|Nasty Plot|p2a: Salazzle
|-boost|p2a: Salazzle|spa|2
|
|upkeep
|turn|23
|
|t:|1743902282
|move|p2a: Salazzle|Fire Blast|p1a: Edgar
|-supereffective|p1a: Edgar
|-damage|p1a: Edgar|0 fnt
|faint|p1a: Edgar
|
|upkeep
|
|t:|1743902288
|switch|p1a: Mojoncito|Clodsire, M|99/100
|turn|24
|
|t:|1743902292
|switch|p2a: Enamorus|Enamorus, F|100/100
|move|p1a: Mojoncito|Toxic|p2a: Enamorus
|-status|p2a: Enamorus|tox
|
|-heal|p1a: Mojoncito|100/100|[from] item: Leftovers
|-damage|p2a: Enamorus|94/100 tox|[from] psn
|upkeep
|turn|25
|
|t:|1743902301
|switch|p2a: Araquanid|Araquanid, M|10/100
|move|p1a: Mojoncito|Curse|p1a: Mojoncito
|-unboost|p1a: Mojoncito|spe|1
|-boost|p1a: Mojoncito|atk|1
|-boost|p1a: Mojoncito|def|1
|
|upkeep
|turn|26
|
|t:|1743902309
|switch|p1a: Mario Juan|Brute Bonnet|100/100
|move|p2a: Araquanid|Endeavor|p1a: Mario Juan
|-damage|p1a: Mario Juan|8/100
|
|-heal|p1a: Mario Juan|14/100|[from] item: Leftovers
|upkeep
|turn|27
|
|t:|1743902319
|switch|p2a: Samurott|Samurott-Hisui, M|32/100
|move|p1a: Mario Juan|Sucker Punch||[still]
|-fail|p1a: Mario Juan
|
|-heal|p1a: Mario Juan|20/100|[from] item: Leftovers
|upkeep
|turn|28
|
|t:|1743902327
|move|p2a: Samurott|Ceaseless Edge|p1a: Mario Juan
|-resisted|p1a: Mario Juan
|-damage|p1a: Mario Juan|8/100
|-sidestart|p1: jonnythocolin|Spikes
|move|p1a: Mario Juan|Seed Bomb|p2a: Samurott
|-supereffective|p2a: Samurott
|-damage|p2a: Samurott|0 fnt
|faint|p2a: Samurott
|
|-heal|p1a: Mario Juan|14/100|[from] item: Leftovers
|upkeep
|
|t:|1743902337
|switch|p2a: Enamorus|Enamorus, F|94/100 tox
|turn|29
|
|t:|1743902340
|move|p2a: Enamorus|Moonblast|p1a: Mario Juan
|-supereffective|p1a: Mario Juan
|-damage|p1a: Mario Juan|0 fnt
|faint|p1a: Mario Juan
|-end|p1a: Mario Juan|Protosynthesis|[silent]
|-damage|p2a: Enamorus|85/100 tox|[from] item: Life Orb
|
|-damage|p2a: Enamorus|78/100 tox|[from] psn
|upkeep
|
|t:|1743902348
|switch|p1a: Coffi|Ninetales-Alola, F|86/100
|-damage|p1a: Coffi|74/100|[from] Spikes
|-weather|Snowscape|[from] ability: Snow Warning|[of] p1a: Coffi
|turn|30
|
|t:|1743902355
|move|p2a: Enamorus|Moonblast|p1a: Coffi
|-damage|p1a: Coffi|26/100
|-damage|p2a: Enamorus|69/100 tox|[from] item: Life Orb
|move|p1a: Coffi|Aurora Veil|p1a: Coffi
|-sidestart|p1: jonnythocolin|move: Aurora Veil
|
|-weather|Snowscape|[upkeep]
|-damage|p2a: Enamorus|56/100 tox|[from] psn
|upkeep
|turn|31
|
|t:|1743902364
|move|p2a: Enamorus|Moonblast|p1a: Coffi
|-damage|p1a: Coffi|2/100
|-damage|p2a: Enamorus|47/100 tox|[from] item: Life Orb
|move|p1a: Coffi|Pain Split|p2a: Enamorus
|-sethp|p2a: Enamorus|24/100 tox|[from] move: Pain Split|[silent]
|-sethp|p1a: Coffi|20/100|[from] move: Pain Split
|
|-weather|Snowscape|[upkeep]
|-damage|p2a: Enamorus|5/100 tox|[from] psn
|upkeep
|turn|32
|
|t:|1743902376
|move|p2a: Enamorus|Mystical Fire|p1a: Coffi
|-supereffective|p1a: Coffi
|-damage|p1a: Coffi|0 fnt
|faint|p1a: Coffi
|-damage|p2a: Enamorus|0 fnt|[from] item: Life Orb
|faint|p2a: Enamorus
|
|-weather|Snowscape|[upkeep]
|upkeep
|
|t:|1743902388
|switch|p2a: Kyurem|Kyurem|100/100
|switch|p1a: Mojoncito|Clodsire, M|100/100
|-ability|p2a: Kyurem|Pressure
|-damage|p1a: Mojoncito|88/100|[from] Spikes
|turn|33
|
|t:|1743902398
|switch|p2a: Salazzle|Salazzle, F|100/100
|-terastallize|p1a: Mojoncito|Dark
|move|p1a: Mojoncito|Toxic|p2a: Salazzle
|-immune|p2a: Salazzle
|
|-weather|Snowscape|[upkeep]
|-heal|p1a: Mojoncito|94/100|[from] item: Leftovers
|upkeep
|turn|34
|
|t:|1743902409
|move|p2a: Salazzle|Fire Blast|p1a: Mojoncito
|-damage|p1a: Mojoncito|80/100
|move|p1a: Mojoncito|Earthquake|p2a: Salazzle
|-supereffective|p2a: Salazzle
|-damage|p2a: Salazzle|0 fnt
|faint|p2a: Salazzle
|
|-weather|none
|-heal|p1a: Mojoncito|86/100|[from] item: Leftovers
|upkeep
|
|t:|1743902415
|switch|p2a: Araquanid|Araquanid, M|10/100
|turn|35
|
|t:|1743902422
|move|p2a: Araquanid|Endeavor|p1a: Mojoncito
|-damage|p1a: Mojoncito|7/100
|move|p1a: Mojoncito|Curse|p1a: Mojoncito
|-unboost|p1a: Mojoncito|spe|1
|-boost|p1a: Mojoncito|atk|1
|-boost|p1a: Mojoncito|def|1
|
|-heal|p1a: Mojoncito|13/100|[from] item: Leftovers
|upkeep
|turn|36
|
|t:|1743902432
|move|p2a: Araquanid|Leech Life|p1a: Mojoncito
|-supereffective|p1a: Mojoncito
|-damage|p1a: Mojoncito|0 fnt
|-heal|p2a: Araquanid|19/100|[from] drain|[of] p1a: Mojoncito
|faint|p1a: Mojoncito
|
|upkeep
|
|t:|1743902439
|switch|p1a: Juanchita|Skeledirge, F|100/100
|turn|37
|
|t:|1743902442
|move|p1a: Juanchita|Torch Song|p2a: Araquanid
|-damage|p2a: Araquanid|8/100
|-boost|p1a: Juanchita|spa|1
|move|p2a: Araquanid|Waterfall|p1a: Juanchita
|-supereffective|p1a: Juanchita
|-damage|p1a: Juanchita|70/100
|
|-sideend|p1: jonnythocolin|move: Aurora Veil
|upkeep
|turn|38
|-message|jonnythocolin forfeited.
|
|win|jeheheyehwuiwhw
|raw|jonnythocolin's rating: 1133 &rarr; <strong>1107</strong><br />(-26 for losing)
|raw|jeheheyehwuiwhw's rating: 1122 &rarr; <strong>1148</strong><br />(+26 for winning)
|l|☆jonnythocolin
|player|p1|
