|j|☆Meeses Gangeeses
|j|☆metakill4r
|t:|1743837240
|gametype|singles
|player|p1|Meeses Gangeeses|skierf|1631
|player|p2|metakill4r|boarder|1600
|teamsize|p1|6
|teamsize|p2|6
|gen|9
|tier|[Gen 9] OU
|rated|
|rule|HP Percentage Mod: HP is shown in percentages
|rule|Endless Battle Clause: Forcing endless battles is banned
|rule|Species Clause: Limit one of each Pokémon
|rule|OHKO Clause: OHKO moves are banned
|rule|Evasion Items Clause: Evasion items are banned
|rule|Evasion Moves Clause: Evasion moves are banned
|rule|Sleep Moves Clause: Sleep-inducing moves are banned
|clearpoke
|poke|p1|Enamorus, F|
|poke|p1|Great Tusk|
|poke|p1|Iron Crown|
|poke|p1|Lokix, M|
|poke|p1|Alomomola, M|
|poke|p1|Pecharunt|
|poke|p2|Ninetales-Alola, M|
|poke|p2|Great Tusk|
|poke|p2|Slowking-Galar, M|
|poke|p2|Ogerpon-Wellspring, F|
|poke|p2|Gholdengo|
|poke|p2|Kyurem|
|teampreview
|j| frindlebabbin
|
|t:|1743837262
|start
|switch|p1a: Braveheart|Iron Crown|100/100
|switch|p2a: Ogerpon|Ogerpon-Wellspring, F|100/100
|turn|1
|
|t:|1743837267
|move|p2a: Ogerpon|Knock Off|p1a: Braveheart
|-supereffective|p1a: Braveheart
|-damage|p1a: Braveheart|18/100
|-enditem|p1a: Braveheart|Choice Specs|[from] move: Knock Off|[of] p2a: Ogerpon
|move|p1a: Braveheart|Volt Switch|p2a: Ogerpon
|-damage|p2a: Ogerpon|74/100
|
|t:|1743837275
|-end|p1a: Braveheart|Quark Drive|[silent]
|switch|p1a: Edgar|Lokix, M, shiny|100/100|[from] Volt Switch
|
|upkeep
|turn|2
|
|t:|1743837284
|switch|p2a: Ninetales|Ninetales-Alola, M|100/100
|-weather|Snowscape|[from] ability: Snow Warning|[of] p2a: Ninetales
|move|p1a: Edgar|U-turn|p2a: Ninetales
|-resisted|p2a: Ninetales
|-damage|p2a: Ninetales|61/100
|
|t:|1743837289
|switch|p1a: Braveheart|Iron Crown|18/100|[from] U-turn
|
|-weather|Snowscape|[upkeep]
|upkeep
|turn|3
|
|t:|1743837295
|move|p2a: Ninetales|Aurora Veil|p2a: Ninetales
|-sidestart|p2: metakill4r|move: Aurora Veil
|move|p1a: Braveheart|Tachyon Cutter|p2a: Ninetales
|-supereffective|p2a: Ninetales
|-damage|p2a: Ninetales|11/100
|-supereffective|p2a: Ninetales
|-damage|p2a: Ninetales|0 fnt
|faint|p2a: Ninetales
|-hitcount|p2: Ninetales|2
|
|-weather|Snowscape|[upkeep]
|upkeep
|
|t:|1743837309
|switch|p2a: Ogerpon|Ogerpon-Wellspring, F|74/100
|turn|4
|
|t:|1743837319
|-end|p1a: Braveheart|Quark Drive|[silent]
|switch|p1a: Overseer|Pecharunt|100/100
|-item|p1a: Overseer|Air Balloon
|move|p2a: Ogerpon|Knock Off|p1a: Overseer
|-supereffective|p1a: Overseer
|-damage|p1a: Overseer|62/100
|-enditem|p1a: Overseer|Air Balloon
|
|-weather|Snowscape|[upkeep]
|upkeep
|turn|5
|
|t:|1743837330
|-terastallize|p2a: Ogerpon|Water
|detailschange|p2a: Ogerpon|Ogerpon-Wellspring-Tera, F, tera:Water
|-ability|p2a: Ogerpon|Embody Aspect (Wellspring)|boost
|-boost|p2a: Ogerpon|spd|1
|move|p2a: Ogerpon|Swords Dance|p2a: Ogerpon
|-boost|p2a: Ogerpon|atk|2
|move|p1a: Overseer|Parting Shot|p2a: Ogerpon
|-unboost|p2a: Ogerpon|atk|1
|-unboost|p2a: Ogerpon|spa|1
|
|t:|1743837356
|switch|p1a: Braveheart|Iron Crown|18/100|[from] Parting Shot
|
|-weather|Snowscape|[upkeep]
|upkeep
|turn|6
|
|t:|1743837363
|move|p2a: Ogerpon|Ivy Cudgel|p1a: Braveheart|[anim] Ivy Cudgel Water
|-crit|p1a: Braveheart
|-damage|p1a: Braveheart|0 fnt
|faint|p1a: Braveheart
|-end|p1a: Braveheart|Quark Drive|[silent]
|
|-weather|none
|upkeep
|
|t:|1743837366
|switch|p1a: Overseer|Pecharunt|62/100
|turn|7
|
|t:|1743837370
|move|p2a: Ogerpon|Ivy Cudgel|p1a: Overseer|[anim] Ivy Cudgel Water
|-damage|p1a: Overseer|2/100
|move|p1a: Overseer|Malignant Chain|p2a: Ogerpon
|-damage|p2a: Ogerpon|63/100
|-status|p2a: Ogerpon|tox
|-start|p2a: Ogerpon|confusion|[from] ability: Poison Puppeteer|[of] p1a: Overseer
|
|-damage|p2a: Ogerpon|57/100 tox|[from] psn
|upkeep
|turn|8
|
|t:|1743837376
|-activate|p2a: Ogerpon|confusion
|move|p2a: Ogerpon|Horn Leech|p1a: Overseer
|-resisted|p1a: Overseer
|-damage|p1a: Overseer|0 fnt
|-heal|p2a: Ogerpon|58/100 tox|[from] drain|[of] p1a: Overseer
|faint|p1a: Overseer
|
|-damage|p2a: Ogerpon|46/100 tox|[from] psn
|upkeep
|inactive|Battle timer is ON: inactive players will automatically lose when time's up. (requested by metakill4r)
|
|t:|1743837396
|switch|p1a: Edgar|Lokix, M, shiny|100/100
|turn|9
|
|t:|1743837403
|-terastallize|p1a: Edgar|Bug
|move|p1a: Edgar|First Impression|p2a: Ogerpon
|-damage|p2a: Ogerpon|0 fnt
|faint|p2a: Ogerpon
|
|upkeep
|
|t:|1743837421
|switch|p2a: Kyurem|Kyurem|100/100
|-ability|p2a: Kyurem|Pressure
|turn|10
|
|t:|1743837429
|switch|p1a: Gin|Enamorus, F|100/100
|move|p2a: Kyurem|Dragon Dance|p2a: Kyurem
|-boost|p2a: Kyurem|atk|1
|-boost|p2a: Kyurem|spe|1
|
|-sideend|p2: metakill4r|move: Aurora Veil
|upkeep
|turn|11
|
|t:|1743837434
|move|p1a: Gin|Moonblast|p2a: Kyurem
|-supereffective|p2a: Kyurem
|-damage|p2a: Kyurem|2/100
|move|p2a: Kyurem|Icicle Spear|p1a: Gin
|-supereffective|p1a: Gin
|-damage|p1a: Gin|36/100
|-supereffective|p1a: Gin
|-damage|p1a: Gin|0 fnt
|faint|p1a: Gin
|-hitcount|p1: Gin|2
|
|upkeep
|
|t:|1743837437
|switch|p1a: Edgar|Lokix, M, shiny, tera:Bug|100/100
|turn|12
|
|t:|1743837450
|switch|p2a: Temu Mamo|Great Tusk|100/100
|-enditem|p2a: Temu Mamo|Booster Energy
|-activate|p2a: Temu Mamo|ability: Protosynthesis|[fromitem]
|-start|p2a: Temu Mamo|protosynthesisatk
|move|p1a: Edgar|First Impression|p2a: Temu Mamo
|-resisted|p2a: Temu Mamo
|-damage|p2a: Temu Mamo|37/100
|
|upkeep
|turn|13
|
|t:|1743837462
|switch|p1a: Pisces|Alomomola, M, shiny|100/100
|move|p2a: Temu Mamo|Stealth Rock|p1a: Pisces
|-sidestart|p1: Meeses Gangeeses|move: Stealth Rock
|
|upkeep
|turn|14
|
|t:|1743837470
|-end|p2a: Temu Mamo|Protosynthesis|[silent]
|switch|p2a: Slowking|Slowking-Galar, M|100/100
|move|p1a: Pisces|Scald|p2a: Slowking
|-damage|p2a: Slowking|94/100
|
|upkeep
|turn|15
|
|t:|1743837479
|move|p1a: Pisces|Flip Turn|p2a: Slowking
|-damage|p2a: Slowking|77/100
|
|t:|1743837480
|switch|p1a: Edgar|Lokix, M, shiny, tera:Bug|100/100|[from] Flip Turn
|-damage|p1a: Edgar|76/100|[from] Stealth Rock
|move|p2a: Slowking|Sludge Bomb|p1a: Edgar
|-damage|p1a: Edgar|0 fnt
|faint|p1a: Edgar
|
|upkeep
|
|t:|1743837484
|switch|p1a: Behemoth|Great Tusk, shiny|100/100
|-damage|p1a: Behemoth|98/100|[from] Stealth Rock
|turn|16
|
|t:|1743837492
|switch|p2a: Temu Mamo|Great Tusk|37/100
|move|p1a: Behemoth|Rapid Spin|p2a: Temu Mamo
|-damage|p2a: Temu Mamo|24/100
|-boost|p1a: Behemoth|spe|1
|-sideend|p1: Meeses Gangeeses|Stealth Rock|[from] move: Rapid Spin|[of] p1a: Behemoth
|
|upkeep
|turn|17
|c|☆metakill4r|oh that's bad
|
|t:|1743837508
|move|p1a: Behemoth|Ice Spinner|p2a: Temu Mamo
|-supereffective|p2a: Temu Mamo
|-damage|p2a: Temu Mamo|0 fnt
|faint|p2a: Temu Mamo
|-end|p2a: Temu Mamo|Protosynthesis|[silent]
|
|upkeep
|
|t:|1743837519
|switch|p2a: Kyurem|Kyurem|2/100
|-ability|p2a: Kyurem|Pressure
|turn|18
|
|t:|1743837531
|move|p1a: Behemoth|Rapid Spin|p2a: Kyurem
|-damage|p2a: Kyurem|0 fnt
|-boost|p1a: Behemoth|spe|1
|faint|p2a: Kyurem
|
|upkeep
|
|t:|1743837542
|switch|p2a: Slowking|Slowking-Galar, M|100/100
|turn|19
|
|t:|1743837544
|move|p1a: Behemoth|Headlong Rush|p2a: Slowking
|-supereffective|p2a: Slowking
|-damage|p2a: Slowking|0 fnt
|-unboost|p1a: Behemoth|def|1
|-unboost|p1a: Behemoth|spd|1
|faint|p2a: Slowking
|
|upkeep
|
|t:|1743837548
|switch|p2a: Gholdengo|Gholdengo|100/100
|turn|20
|
|t:|1743837551
|move|p1a: Behemoth|Headlong Rush|p2a: Gholdengo
|-supereffective|p2a: Gholdengo
|-damage|p2a: Gholdengo|0 fnt
|-unboost|p1a: Behemoth|def|1
|-unboost|p1a: Behemoth|spd|1
|faint|p2a: Gholdengo
|
|win|Meeses Gangeeses
|raw|Meeses Gangeeses's rating: 1631 &rarr; <strong>1649</strong><br />(+18 for winning)
|raw|metakill4r's rating: 1600 &rarr; <strong>1582</strong><br />(-18 for losing)
|c|☆Meeses Gangeeses|gg
|c|☆metakill4r|gg
|l|☆metakill4r
|player|p2|
|l| frindlebabbin
|l|☆Meeses Gangeeses
|player|p1|
