|badge|p2|bronze|gen9ou|100-5
|uhtml|medal-msg|<div class="broadcast-blue">Curious what those medals under the avatar are? PS now has Ladder Seasons! For more information, check out the <a href="https://www.smogon.com/forums/threads/3740067/">thread on Smogon.</a></div>
|j|☆Rocktar Made
|j|☆quinx of ladder
|t:|1743886453
|gametype|singles
|player|p1|Rocktar Made|lass-gen4dp|1799
|player|p2|quinx of ladder|cheryl|1886
|teamsize|p1|6
|teamsize|p2|6
|gen|9
|tier|[Gen 9] OU
|rated|
|rule|HP Percentage Mod: HP is shown in percentages
|rule|Endless Battle Clause: Forcing endless battles is banned
|rule|Species Clause: Limit one of each Pokémon
|rule|OHKO Clause: OHKO moves are banned
|rule|Evasion Items Clause: Evasion items are banned
|rule|Evasion Moves Clause: Evasion moves are banned
|rule|Sleep Moves Clause: Sleep-inducing moves are banned
|clearpoke
|poke|p1|Weezing-Galar, M|
|poke|p1|Alomomola, M|
|poke|p1|Enamorus, F|
|poke|p1|Iron Treads|
|poke|p1|Lokix, F|
|poke|p1|Zamazenta-*|
|poke|p2|Weezing-Galar, M|
|poke|p2|Zapdos|
|poke|p2|Kingambit, M|
|poke|p2|Gliscor, M|
|poke|p2|Zamazenta-*|
|poke|p2|Dragapult, M|
|teampreview
|inactive|Battle timer is ON: inactive players will automatically lose when time's up. (requested by Rocktar Made)
|
|t:|1743886477
|start
|switch|p1a: Enamorus|Enamorus, F|100/100
|switch|p2a: Gliscor|Gliscor, M|100/100
|turn|1
|
|t:|1743886488
|-terastallize|p1a: Enamorus|Fairy
|move|p1a: Enamorus|Moonblast|p2a: Gliscor
|-damage|p2a: Gliscor|0 fnt
|faint|p2a: Gliscor
|
|upkeep
|
|t:|1743886494
|switch|p2a: Zamazenta|Zamazenta|100/100
|-ability|p2a: Zamazenta|Dauntless Shield|boost
|-boost|p2a: Zamazenta|def|1
|turn|2
|j| Anemoo
|
|t:|1743886517
|switch|p1a: Alomomola|Alomomola, M|100/100
|move|p2a: Zamazenta|Close Combat|p1a: Alomomola
|-damage|p1a: Alomomola|56/100
|-unboost|p2a: Zamazenta|def|1
|-unboost|p2a: Zamazenta|spd|1
|
|upkeep
|turn|3
|
|t:|1743886527
|move|p2a: Zamazenta|Close Combat|p1a: Alomomola
|-crit|p1a: Alomomola
|-damage|p1a: Alomomola|0 fnt
|-unboost|p2a: Zamazenta|def|1
|-unboost|p2a: Zamazenta|spd|1
|faint|p1a: Alomomola
|
|upkeep
|
|t:|1743886535
|switch|p1a: Enamorus|Enamorus, F, tera:Fairy|100/100
|turn|4
|
|t:|1743886538
|move|p2a: Zamazenta|Heavy Slam|p1a: Enamorus
|-supereffective|p1a: Enamorus
|-damage|p1a: Enamorus|0 fnt
|faint|p1a: Enamorus
|
|upkeep
|l| Anemoo
|
|t:|1743886544
|switch|p1a: Weezing|Weezing-Galar, M|100/100
|-ability|p1a: Weezing|Neutralizing Gas
|turn|5
|
|t:|1743886554
|switch|p2a: Zapdos|Zapdos|100/100
|move|p1a: Weezing|Strange Steam|p2a: Zapdos
|-damage|p2a: Zapdos|73/100
|-start|p2a: Zapdos|confusion
|
|upkeep
|turn|6
|
|t:|1743886559
|-end|p1a: Weezing|ability: Neutralizing Gas
|switch|p1a: Iron Treads|Iron Treads|100/100
|-activate|p2a: Zapdos|confusion
|move|p2a: Zapdos|Discharge|p1a: Iron Treads
|-immune|p1a: Iron Treads
|
|upkeep
|turn|7
|
|t:|1743886563
|move|p1a: Iron Treads|Stealth Rock|p2a: Zapdos
|-sidestart|p2: quinx of ladder|move: Stealth Rock
|-activate|p2a: Zapdos|confusion
|move|p2a: Zapdos|U-turn|p1a: Iron Treads
|-resisted|p1a: Iron Treads
|-damage|p1a: Iron Treads|96/100
|
|t:|1743886565
|switch|p2a: Dragapult|Dragapult, M|100/100|[from] U-turn
|-damage|p2a: Dragapult|88/100|[from] Stealth Rock
|
|-heal|p1a: Iron Treads|100/100|[from] item: Leftovers
|upkeep
|turn|8
|
|t:|1743886566
|move|p2a: Dragapult|Will-O-Wisp|p1a: Iron Treads
|-status|p1a: Iron Treads|brn
|move|p1a: Iron Treads|Knock Off|p2a: Dragapult
|-supereffective|p2a: Dragapult
|-damage|p2a: Dragapult|55/100
|-enditem|p2a: Dragapult|Spell Tag|[from] move: Knock Off|[of] p1a: Iron Treads
|
|-damage|p1a: Iron Treads|94/100 brn|[from] brn
|upkeep
|turn|9
|
|t:|1743886571
|-end|p1a: Iron Treads|Quark Drive|[silent]
|switch|p1a: Lokix|Lokix, F|100/100
|move|p2a: Dragapult|Hex|p1a: Lokix
|-resisted|p1a: Lokix
|-damage|p1a: Lokix|75/100
|
|upkeep
|turn|10
|j| Norigon
|
|t:|1743886575
|switch|p2a: Zapdos|Zapdos|73/100
|move|p1a: Lokix|U-turn|p2a: Zapdos
|-resisted|p2a: Zapdos
|-damage|p2a: Zapdos|39/100
|-status|p1a: Lokix|par|[from] ability: Static|[of] p2a: Zapdos
|
|t:|1743886578
|switch|p1a: Zamazenta|Zamazenta|100/100|[from] U-turn
|-ability|p1a: Zamazenta|Dauntless Shield|boost
|-boost|p1a: Zamazenta|def|1
|
|upkeep
|turn|11
|
|t:|1743886583
|move|p1a: Zamazenta|Stone Edge|p2a: Zapdos
|-supereffective|p2a: Zapdos
|-damage|p2a: Zapdos|0 fnt
|faint|p2a: Zapdos
|-damage|p1a: Zamazenta|91/100|[from] item: Life Orb
|
|upkeep
|
|t:|1743886584
|switch|p2a: Weezing|Weezing-Galar, M|100/100
|-ability|p2a: Weezing|Neutralizing Gas
|turn|12
|
|t:|1743886589
|move|p1a: Zamazenta|Heavy Slam|p2a: Weezing
|-supereffective|p2a: Weezing
|-damage|p2a: Weezing|33/100
|-damage|p1a: Zamazenta|81/100|[from] item: Life Orb
|move|p2a: Weezing|Will-O-Wisp|p1a: Zamazenta
|-status|p1a: Zamazenta|brn
|
|-damage|p1a: Zamazenta|75/100 brn|[from] brn
|upkeep
|turn|13
|l| Norigon
|j| DuckDefender
|
|t:|1743886610
|-end|p2a: Weezing|ability: Neutralizing Gas
|switch|p2a: Zamazenta|Zamazenta|100/100
|-damage|p2a: Zamazenta|94/100|[from] Stealth Rock
|move|p1a: Zamazenta|Heavy Slam|p2a: Zamazenta
|-damage|p2a: Zamazenta|86/100
|-damage|p1a: Zamazenta|65/100 brn|[from] item: Life Orb
|
|-damage|p1a: Zamazenta|59/100 brn|[from] brn
|upkeep
|turn|14
|
|t:|1743886614
|switch|p1a: Weezing|Weezing-Galar, M|100/100
|-ability|p1a: Weezing|Neutralizing Gas
|move|p2a: Zamazenta|Heavy Slam|p1a: Weezing
|-supereffective|p1a: Weezing
|-damage|p1a: Weezing|35/100
|
|-heal|p1a: Weezing|41/100|[from] item: Leftovers
|upkeep
|turn|15
|
|t:|1743886618
|move|p2a: Zamazenta|Heavy Slam|p1a: Weezing
|-supereffective|p1a: Weezing
|-damage|p1a: Weezing|0 fnt
|faint|p1a: Weezing
|-end|p1a: Weezing|ability: Neutralizing Gas
|
|upkeep
|-message|Rocktar Made forfeited.
|
|win|quinx of ladder
|raw|Rocktar Made's rating: 1799 &rarr; <strong>1784</strong><br />(-15 for losing)
|raw|quinx of ladder's rating: 1886 &rarr; <strong>1901</strong><br />(+15 for winning)
|l|☆quinx of ladder
|player|p2|
|l| DuckDefender
