|j|☆ceruledge999
|j|☆andrewtb491
|t:|1743874368
|gametype|singles
|player|p1|ceruledge999|265|1460
|player|p2|andrewtb491|266|1459
|teamsize|p1|6
|teamsize|p2|6
|gen|9
|tier|[Gen 9] OU
|rated|
|rule|HP Percentage Mod: HP is shown in percentages
|rule|Endless Battle Clause: Forcing endless battles is banned
|rule|Species Clause: Limit one of each Pokémon
|rule|OHKO Clause: OHKO moves are banned
|rule|Evasion Items Clause: Evasion items are banned
|rule|Evasion Moves Clause: Evasion moves are banned
|rule|Sleep Moves Clause: Sleep-inducing moves are banned
|clearpoke
|poke|p1|Ninetales-Alola, F|
|poke|p1|Ceruledge, M|
|poke|p1|Moltres-Galar|
|poke|p1|Cloyster, F|
|poke|p1|Zoroark-Hisui, M|
|poke|p1|Espeon, F|
|poke|p2|Greninja-*, M|
|poke|p2|Landorus-Therian, M|
|poke|p2|Conkeldurr, M|
|poke|p2|Slowking-Galar, F|
|poke|p2|Cinderace, M|
|poke|p2|Dragapult, F|
|teampreview
|inactive|Battle timer is ON: inactive players will automatically lose when time's up. (requested by ceruledge999)
|
|t:|1743874388
|start
|switch|p1a: Cloyster|Cloyster, F|100/100
|switch|p2a: Cinderace|Cinderace, M|100/100
|turn|1
|
|t:|1743874398
|move|p1a: Cloyster|Trick|p2a: Cinderace
|-activate|p1a: Cloyster|move: Trick|[of] p2a: Cinderace
|-item|p2a: Cinderace|Choice Scarf|[from] move: Trick
|-item|p1a: Cloyster|Heavy-Duty Boots|[from] move: Trick
|move|p2a: Cinderace|U-turn|p1a: Cloyster
|-start|p2a: Cinderace|typechange|Bug|[from] ability: Libero
|-resisted|p1a: Cloyster
|-damage|p1a: Cloyster|65/100
|replace|p1a: Zoroark|Zoroark-Hisui, M
|-end|p1a: Zoroark|Illusion
|
|t:|1743874420
|switch|p2a: Greninja|Greninja, M|100/100|[from] U-turn
|
|upkeep
|turn|2
|
|t:|1743874441
|switch|p1a: Ninetales|Ninetales-Alola, F, shiny|100/100
|-weather|Snowscape|[from] ability: Snow Warning|[of] p1a: Ninetales
|move|p2a: Greninja|Surf|p1a: Ninetales
|-crit|p1a: Ninetales
|-damage|p1a: Ninetales|12/100
|-damage|p2a: Greninja|91/100|[from] item: Life Orb
|
|-weather|Snowscape|[upkeep]
|upkeep
|turn|3
|inactive|ceruledge999 has 120 seconds left.
|
|t:|1743874462
|switch|p1a: Mole Trace|Moltres-Galar|100/100
|move|p2a: Greninja|Surf|p1a: Mole Trace
|-damage|p1a: Mole Trace|55/100
|-damage|p2a: Greninja|81/100|[from] item: Life Orb
|
|-weather|Snowscape|[upkeep]
|upkeep
|turn|4
|inactive|ceruledge999 has 120 seconds left.
|
|t:|1743874480
|-terastallize|p2a: Greninja|Water
|move|p2a: Greninja|Surf|p1a: Mole Trace
|-damage|p1a: Mole Trace|0 fnt
|faint|p1a: Mole Trace
|-ability|p2a: Greninja|Battle Bond|boost
|-boost|p2a: Greninja|atk|1
|-boost|p2a: Greninja|spa|1
|-boost|p2a: Greninja|spe|1
|-activate|p2a: Greninja|ability: Battle Bond
|-damage|p2a: Greninja|71/100|[from] item: Life Orb
|
|-weather|Snowscape|[upkeep]
|upkeep
|inactive|ceruledge999 has 120 seconds left.
|
|t:|1743874505
|switch|p1a: Dark Knight|Ceruledge, M, shiny|100/100
|turn|5
|
|t:|1743874512
|move|p2a: Greninja|Water Shuriken|p1a: Dark Knight
|-supereffective|p1a: Dark Knight
|-damage|p1a: Dark Knight|58/100
|-supereffective|p1a: Dark Knight
|-damage|p1a: Dark Knight|19/100
|-hitcount|p1a: Dark Knight|2
|-damage|p2a: Greninja|61/100|[from] item: Life Orb
|move|p1a: Dark Knight|Swords Dance|p1a: Dark Knight
|-boost|p1a: Dark Knight|atk|2
|
|-weather|Snowscape|[upkeep]
|upkeep
|turn|6
|
|t:|1743874523
|move|p2a: Greninja|Water Shuriken|p1a: Dark Knight
|-supereffective|p1a: Dark Knight
|-damage|p1a: Dark Knight|0 fnt
|faint|p1a: Dark Knight
|-hitcount|p1: Dark Knight|1
|-damage|p2a: Greninja|51/100|[from] item: Life Orb
|
|-weather|none
|upkeep
|
|t:|1743874537
|switch|p1a: Cloyster|Cloyster, F|100/100
|turn|7
|
|t:|1743874542
|move|p2a: Greninja|Dark Pulse|p1a: Cloyster
|-damage|p1a: Cloyster|0 fnt
|faint|p1a: Cloyster
|-damage|p2a: Greninja|42/100|[from] item: Life Orb
|
|upkeep
|-message|ceruledge999 forfeited.
|
|win|andrewtb491
|raw|ceruledge999's rating: 1460 &rarr; <strong>1440</strong><br />(-20 for losing)
|raw|andrewtb491's rating: 1459 &rarr; <strong>1479</strong><br />(+20 for winning)
|l|☆ceruledge999
|player|p1|
