|j|☆votebiden2024
|j|☆2(H2O)
|t:|1743836913
|gametype|singles
|player|p1|votebiden2024|169|1656
|player|p2|2(H2O)|chase|1826
|teamsize|p1|6
|teamsize|p2|6
|gen|9
|tier|[Gen 9] OU
|rated|
|rule|HP Percentage Mod: HP is shown in percentages
|rule|Endless Battle Clause: Forcing endless battles is banned
|rule|Species Clause: Limit one of each Pokémon
|rule|OHKO Clause: OHKO moves are banned
|rule|Evasion Items Clause: Evasion items are banned
|rule|Evasion Moves Clause: Evasion moves are banned
|rule|Sleep Moves Clause: Sleep-inducing moves are banned
|clearpoke
|poke|p1|Alomomola, F|
|poke|p1|Hawlucha, F|
|poke|p1|Zamazenta-*|
|poke|p1|Ting-Lu|
|poke|p1|Hoopa-Unbound|
|poke|p1|Darkrai|
|poke|p2|Cinderace, F|
|poke|p2|Landorus-Therian, M|
|poke|p2|Dragapult, M|
|poke|p2|Slowking-Galar, F|
|poke|p2|Kyurem|
|poke|p2|Kingambit, M|
|teampreview
|c|☆2(H2O)|hey
|c|☆2(H2O)|hf bro
|j| gimmicks strategy
|inactive|Battle timer is ON: inactive players will automatically lose when time's up. (requested by 2(H2O))
|c|☆votebiden2024|im on the worst loosing streak of my life
|j| EndlessDark9
|
|t:|1743836946
|start
|switch|p1a: Hoopa|Hoopa-Unbound|100/100
|switch|p2a: Dragapult|Dragapult, M|100/100
|turn|1
|c|☆2(H2O)|happens
|l| gimmicks strategy
|inactive|2(H2O) has 120 seconds left.
|
|t:|1743837002
|switch|p1a: Alomomola|Alomomola, F|100/100
|switch|p2a: Kingambit|Kingambit, M|100/100
|
|upkeep
|turn|2
|inactive|2(H2O) has 90 seconds left.
|inactive|2(H2O) has 60 seconds left.
|
|t:|1743837064
|-end|p2a: Kingambit|fallenundefined|[silent]
|switch|p2a: Dragapult|Dragapult, M|100/100
|move|p1a: Alomomola|Flip Turn|p2a: Dragapult
|-resisted|p2a: Dragapult
|-damage|p2a: Dragapult|90/100
|
|t:|1743837087
|switch|p1a: Zamazenta|Zamazenta|100/100|[from] Flip Turn
|-ability|p1a: Zamazenta|Dauntless Shield|boost
|-boost|p1a: Zamazenta|def|1
|
|upkeep
|turn|3
|
|t:|1743837092
|switch|p2a: Landorus|Landorus-Therian, M|100/100
|-ability|p2a: Landorus|Intimidate|boost
|-unboost|p1a: Zamazenta|atk|1
|move|p1a: Zamazenta|Ice Fang|p2a: Landorus
|-supereffective|p2a: Landorus
|-damage|p2a: Landorus|17/100
|-damage|p1a: Zamazenta|84/100|[from] item: Rocky Helmet|[of] p2a: Landorus
|
|upkeep
|turn|4
|inactive|2(H2O) has 60 seconds left.
|j| Snicker69
|
|t:|1743837103
|switch|p2a: Slowking|Slowking-Galar, F|100/100
|move|p1a: Zamazenta|Ice Fang|p2a: Slowking|[miss]
|-miss|p1a: Zamazenta|p2a: Slowking
|
|upkeep
|turn|5
|
|t:|1743837108
|switch|p1a: Alomomola|Alomomola, F|100/100
|switch|p2a: Dragapult|Dragapult, M|90/100
|
|upkeep
|turn|6
|
|t:|1743837114
|move|p2a: Dragapult|Draco Meteor|p1a: Alomomola
|-damage|p1a: Alomomola|60/100
|-unboost|p2a: Dragapult|spa|2
|move|p1a: Alomomola|Flip Turn|p2a: Dragapult
|-resisted|p2a: Dragapult
|-damage|p2a: Dragapult|78/100
|
|t:|1743837122
|switch|p1a: Darkrai|Darkrai|100/100|[from] Flip Turn
|
|upkeep
|turn|7
|
|t:|1743837127
|switch|p2a: Slowking|Slowking-Galar, F|100/100
|-terastallize|p1a: Darkrai|Dark
|move|p1a: Darkrai|Dark Pulse|p2a: Slowking
|-supereffective|p2a: Slowking
|-damage|p2a: Slowking|17/100
|
|upkeep
|turn|8
|inactive|2(H2O) has 90 seconds left.
|
|t:|1743837137
|switch|p2a: Landorus|Landorus-Therian, M|17/100
|-ability|p2a: Landorus|Intimidate|boost
|-unboost|p1a: Darkrai|atk|1
|move|p1a: Darkrai|Dark Pulse|p2a: Landorus
|-damage|p2a: Landorus|0 fnt
|faint|p2a: Landorus
|
|upkeep
|
|t:|1743837142
|switch|p2a: Kingambit|Kingambit, M|100/100
|-activate|p2a: Kingambit|ability: Supreme Overlord
|-start|p2a: Kingambit|fallen1|[silent]
|turn|9
|
|t:|1743837149
|switch|p1a: Hawlucha|Hawlucha, F|100/100
|-ability|p1a: Hawlucha|Mold Breaker
|-end|p2a: Kingambit|fallen1|[silent]
|switch|p2a: Kyurem|Kyurem|100/100
|-ability|p2a: Kyurem|Pressure
|
|upkeep
|turn|10
|
|t:|1743837156
|switch|p2a: Slowking|Slowking-Galar, F|50/100
|switch|p1a: Hoopa|Hoopa-Unbound|100/100
|
|upkeep
|turn|11
|
|t:|1743837164
|switch|p2a: Kingambit|Kingambit, M|100/100
|-activate|p2a: Kingambit|ability: Supreme Overlord
|-start|p2a: Kingambit|fallen1|[silent]
|move|p1a: Hoopa|Psychic|p2a: Kingambit
|-immune|p2a: Kingambit
|
|upkeep
|turn|12
|inactive|2(H2O) has 120 seconds left.
|
|t:|1743837170
|switch|p1a: Alomomola|Alomomola, F|94/100
|-end|p2a: Kingambit|fallen1|[silent]
|switch|p2a: Dragapult|Dragapult, M|78/100
|
|upkeep
|turn|13
|inactive|2(H2O) has 120 seconds left.
|
|t:|1743837182
|move|p2a: Dragapult|U-turn|p1a: Alomomola
|-damage|p1a: Alomomola|80/100
|j| atlas tales
|inactive|2(H2O) has 120 seconds left.
|
|t:|1743837195
|switch|p2a: Kingambit|Kingambit, M|100/100|[from] U-turn
|-activate|p2a: Kingambit|ability: Supreme Overlord
|-start|p2a: Kingambit|fallen1|[silent]
|move|p1a: Alomomola|Flip Turn|p2a: Kingambit
|-damage|p2a: Kingambit|87/100
|
|t:|1743837205
|switch|p1a: Ting-Lu|Ting-Lu|100/100|[from] Flip Turn
|-ability|p1a: Ting-Lu|Vessel of Ruin
|
|upkeep
|turn|14
|
|t:|1743837209
|-end|p2a: Kingambit|fallen1|[silent]
|switch|p2a: Kyurem|Kyurem|100/100
|-ability|p2a: Kyurem|Pressure
|move|p1a: Ting-Lu|Earthquake|p2a: Kyurem
|-damage|p2a: Kyurem|29/100
|
|upkeep
|turn|15
|
|t:|1743837218
|switch|p1a: Hoopa|Hoopa-Unbound|100/100
|move|p2a: Kyurem|Dragon Dance|p2a: Kyurem
|-boost|p2a: Kyurem|atk|1
|-boost|p2a: Kyurem|spe|1
|
|upkeep
|turn|16
|
|t:|1743837224
|move|p1a: Hoopa|Psychic|p2a: Kyurem
|-damage|p2a: Kyurem|0 fnt
|faint|p2a: Kyurem
|
|upkeep
|
|t:|1743837229
|switch|p2a: Kingambit|Kingambit, M|87/100
|-activate|p2a: Kingambit|ability: Supreme Overlord
|-start|p2a: Kingambit|fallen2|[silent]
|turn|17
|l| atlas tales
|
|t:|1743837233
|switch|p1a: Hawlucha|Hawlucha, F|100/100
|-ability|p1a: Hawlucha|Mold Breaker
|move|p2a: Kingambit|Iron Head|p1a: Hawlucha
|-damage|p1a: Hawlucha|52/100
|
|-heal|p1a: Hawlucha|58/100|[from] item: Leftovers
|upkeep
|turn|18
|
|t:|1743837240
|-end|p2a: Kingambit|fallen2|[silent]
|switch|p2a: Dragapult|Dragapult, M|78/100
|move|p1a: Hawlucha|U-turn|p2a: Dragapult
|-resisted|p2a: Dragapult
|-damage|p2a: Dragapult|68/100
|
|t:|1743837250
|switch|p1a: Hoopa|Hoopa-Unbound|100/100|[from] U-turn
|
|upkeep
|turn|19
|
|t:|1743837259
|switch|p2a: Slowking|Slowking-Galar, F|84/100
|move|p1a: Hoopa|Psychic|p2a: Slowking
|-damage|p2a: Slowking|54/100
|
|upkeep
|turn|20
|c|☆2(H2O)|what
|j| 54 Insane Rats
|c|☆2(H2O)|isnt this scarf ?
|inactive|2(H2O) has 120 seconds left.
|c|☆votebiden2024|it has 170 sp attack
|c|☆2(H2O)|damn
|c|☆votebiden2024|nobody uses it tho
|c|☆2(H2O)|it hits hard
|c|☆votebiden2024|only stab hit hard
|c|☆2(H2O)|thought it was specs for a sec
|inactive|2(H2O) has 90 seconds left.
|
|t:|1743837323
|switch|p1a: Ting-Lu|Ting-Lu|100/100
|-ability|p1a: Ting-Lu|Vessel of Ruin
|switch|p2a: Kingambit|Kingambit, M|87/100
|-activate|p2a: Kingambit|ability: Supreme Overlord
|-start|p2a: Kingambit|fallen2|[silent]
|
|upkeep
|turn|21
|inactive|2(H2O) has 90 seconds left.
|
|t:|1743837337
|-end|p2a: Kingambit|fallen2|[silent]
|switch|p2a: Dragapult|Dragapult, M|68/100
|move|p1a: Ting-Lu|Earthquake|p2a: Dragapult
|-crit|p2a: Dragapult
|-damage|p2a: Dragapult|0 fnt
|faint|p2a: Dragapult
|
|upkeep
|c|☆2(H2O)|gg
|c|☆votebiden2024|g
|inactive|2(H2O) has 90 seconds left.
|
|t:|1743837343
|switch|p2a: Cinderace|Cinderace, F|100/100
|turn|22
|
|t:|1743837354
|switch|p1a: Alomomola|Alomomola, F|100/100
|move|p2a: Cinderace|Will-O-Wisp|p1a: Alomomola|[miss]
|-miss|p2a: Cinderace|p1a: Alomomola
|
|upkeep
|turn|23
|
|t:|1743837359
|move|p2a: Cinderace|Will-O-Wisp|p1a: Alomomola
|-status|p1a: Alomomola|brn
|move|p1a: Alomomola|Flip Turn|p2a: Cinderace
|-supereffective|p2a: Cinderace
|-damage|p2a: Cinderace|81/100
|
|t:|1743837362
|switch|p1a: Darkrai|Darkrai, tera:Dark|100/100|[from] Flip Turn
|
|upkeep
|turn|24
|
|t:|1743837368
|move|p1a: Darkrai|Dark Pulse|p2a: Cinderace
|-damage|p2a: Cinderace|0 fnt
|faint|p2a: Cinderace
|
|upkeep
|
|t:|1743837379
|switch|p2a: Kingambit|Kingambit, M|87/100
|-activate|p2a: Kingambit|ability: Supreme Overlord
|-start|p2a: Kingambit|fallen4|[silent]
|turn|25
|
|t:|1743837390
|switch|p1a: Alomomola|Alomomola, F|100/100 brn
|move|p2a: Kingambit|Swords Dance|p2a: Kingambit
|-boost|p2a: Kingambit|atk|2
|
|-damage|p1a: Alomomola|94/100 brn|[from] brn
|upkeep
|turn|26
|inactive|2(H2O) has 120 seconds left.
|
|t:|1743837410
|move|p2a: Kingambit|Kowtow Cleave|p1a: Alomomola
|-damage|p1a: Alomomola|0 fnt
|faint|p1a: Alomomola
|
|upkeep
|
|t:|1743837436
|switch|p1a: Hoopa|Hoopa-Unbound|100/100
|turn|27
|
|t:|1743837443
|-end|p2a: Kingambit|fallen4|[silent]
|switch|p2a: Slowking|Slowking-Galar, F|87/100
|move|p1a: Hoopa|Trick|p2a: Slowking
|-activate|p1a: Hoopa|move: Trick|[of] p2a: Slowking
|-item|p2a: Slowking|Choice Scarf|[from] move: Trick
|-item|p1a: Hoopa|Assault Vest|[from] move: Trick
|
|upkeep
|turn|28
|
|t:|1743837456
|switch|p1a: Darkrai|Darkrai, tera:Dark|100/100
|move|p2a: Slowking|Sludge Bomb|p1a: Darkrai
|-damage|p1a: Darkrai|47/100
|-status|p1a: Darkrai|psn
|
|-damage|p1a: Darkrai|34/100 psn|[from] psn
|upkeep
|turn|29
|
|t:|1743837460
|move|p1a: Darkrai|Dark Pulse|p2a: Slowking
|-supereffective|p2a: Slowking
|-damage|p2a: Slowking|0 fnt
|faint|p2a: Slowking
|
|-damage|p1a: Darkrai|22/100 psn|[from] psn
|upkeep
|
|t:|1743837463
|switch|p2a: Kingambit|Kingambit, M|87/100
|-activate|p2a: Kingambit|ability: Supreme Overlord
|-start|p2a: Kingambit|fallen5|[silent]
|turn|30
|
|t:|1743837468
|switch|p1a: Hawlucha|Hawlucha, F|58/100
|-ability|p1a: Hawlucha|Mold Breaker
|move|p2a: Kingambit|Swords Dance|p2a: Kingambit
|-boost|p2a: Kingambit|atk|2
|
|-heal|p1a: Hawlucha|64/100|[from] item: Leftovers
|upkeep
|turn|31
|c|☆votebiden2024|g
|
|t:|1743837472
|move|p1a: Hawlucha|Encore|p2a: Kingambit
|-start|p2a: Kingambit|Encore
|move|p2a: Kingambit|Swords Dance|p2a: Kingambit
|-boost|p2a: Kingambit|atk|2
|
|-heal|p1a: Hawlucha|70/100|[from] item: Leftovers
|upkeep
|turn|32
|c|☆2(H2O)|gg
|
|t:|1743837478
|move|p1a: Hawlucha|U-turn|p2a: Kingambit
|-damage|p2a: Kingambit|75/100
|
|t:|1743837486
|switch|p1a: Darkrai|Darkrai, tera:Dark|22/100 psn|[from] U-turn
|move|p2a: Kingambit|Swords Dance|p2a: Kingambit
|-boost|p2a: Kingambit|atk|2
|
|-damage|p1a: Darkrai|9/100 psn|[from] psn
|upkeep
|turn|33
|
|t:|1743837491
|move|p1a: Darkrai|Will-O-Wisp|p2a: Kingambit
|-status|p2a: Kingambit|brn
|move|p2a: Kingambit|Swords Dance|p2a: Kingambit
|-boost|p2a: Kingambit|atk|0
|
|-damage|p1a: Darkrai|0 fnt|[from] psn
|faint|p1a: Darkrai
|-damage|p2a: Kingambit|69/100 brn|[from] brn
|-end|p2a: Kingambit|Encore
|upkeep
|
|t:|1743837498
|switch|p1a: Hawlucha|Hawlucha, F|70/100
|-ability|p1a: Hawlucha|Mold Breaker
|turn|34
|
|t:|1743837500
|move|p1a: Hawlucha|Encore|p2a: Kingambit
|-start|p2a: Kingambit|Encore
|move|p2a: Kingambit|Swords Dance|p2a: Kingambit
|-boost|p2a: Kingambit|atk|0
|
|-heal|p1a: Hawlucha|77/100|[from] item: Leftovers
|-damage|p2a: Kingambit|63/100 brn|[from] brn
|upkeep
|turn|35
|
|t:|1743837503
|move|p1a: Hawlucha|U-turn|p2a: Kingambit
|-damage|p2a: Kingambit|50/100 brn
|
|t:|1743837515
|switch|p1a: Ting-Lu|Ting-Lu|100/100|[from] U-turn
|-ability|p1a: Ting-Lu|Vessel of Ruin
|move|p2a: Kingambit|Swords Dance|p2a: Kingambit
|-boost|p2a: Kingambit|atk|0
|
|-damage|p2a: Kingambit|44/100 brn|[from] brn
|upkeep
|turn|36
|
|t:|1743837526
|move|p2a: Kingambit|Swords Dance|p2a: Kingambit
|-boost|p2a: Kingambit|atk|0
|move|p1a: Ting-Lu|Earthquake|p2a: Kingambit
|-supereffective|p2a: Kingambit
|-damage|p2a: Kingambit|0 fnt
|faint|p2a: Kingambit
|-end|p2a: Kingambit|fallen5|[silent]
|
|win|votebiden2024
|raw|votebiden2024's rating: 1656 &rarr; <strong>1685</strong><br />(+29 for winning)
|raw|2(H2O)'s rating: 1826 &rarr; <strong>1797</strong><br />(-29 for losing)
|l|☆2(H2O)
|player|p2|
|l|☆votebiden2024
|player|p1|
|l| Snicker69
|l| EndlessDark9
