|j|☆Xynderwoar
|j|☆zDarkWolf666z
|t:|1743779498
|gametype|singles
|player|p1|Xynderwoar|acetrainer-gen4dp|1121
|player|p2|zDarkWolf666z|ltsurge|1141
|teamsize|p1|6
|teamsize|p2|6
|gen|9
|tier|[Gen 9] OU
|rated|
|rule|HP Percentage Mod: HP is shown in percentages
|rule|Endless Battle Clause: Forcing endless battles is banned
|rule|Species Clause: Limit one of each Pokémon
|rule|OHKO Clause: OHKO moves are banned
|rule|Evasion Items Clause: Evasion items are banned
|rule|Evasion Moves Clause: Evasion moves are banned
|rule|Sleep Moves Clause: Sleep-inducing moves are banned
|clearpoke
|poke|p1|Politoed, M|
|poke|p1|Iron Valiant|
|poke|p1|Galvantula, M|
|poke|p1|Clefable, F|
|poke|p1|Corviknight, M|
|poke|p1|Kingambit, F|
|poke|p2|Regigigas|
|poke|p2|Ludicolo, M|
|poke|p2|Excadrill, F|
|poke|p2|Tyranitar, F|
|poke|p2|Salazzle, F|
|poke|p2|Hatterene, F|
|teampreview
|
|t:|1743779508
|start
|switch|p1a: Politoed|Politoed, M|100/100
|switch|p2a: Tyranitar|Tyranitar, F, shiny|100/100
|-weather|RainDance|[from] ability: Drizzle|[of] p1a: Politoed
|-weather|Sandstorm|[from] ability: Sand Stream|[of] p2a: Tyranitar
|turn|1
|
|t:|1743779520
|switch|p1a: Corviknight|Corviknight, M|100/100
|-ability|p1a: Corviknight|Pressure
|move|p2a: Tyranitar|Stealth Rock|p1a: Corviknight
|-sidestart|p1: Xynderwoar|move: Stealth Rock
|
|-weather|Sandstorm|[upkeep]
|upkeep
|turn|2
|
|t:|1743779534
|move|p1a: Corviknight|Defog|p2a: Tyranitar
|-unboost|p2a: Tyranitar|evasion|1
|-sideend|p1: Xynderwoar|Stealth Rock|[from] move: Defog|[of] p1a: Corviknight
|move|p2a: Tyranitar|Roar|p1a: Corviknight
|drag|p1a: Politoed|Politoed, M|100/100
|-weather|RainDance|[from] ability: Drizzle|[of] p1a: Politoed
|
|-weather|RainDance|[upkeep]
|upkeep
|turn|3
|
|t:|1743779545
|switch|p2a: Ludicolo|Ludicolo, M, shiny|100/100
|move|p1a: Politoed|Whirlpool|p2a: Ludicolo
|-resisted|p2a: Ludicolo
|-damage|p2a: Ludicolo|96/100
|-activate|p2a: Ludicolo|move: Whirlpool|[of] p1a: Politoed
|
|-weather|RainDance|[upkeep]
|-damage|p2a: Ludicolo|84/100|[from] move: Whirlpool|[partiallytrapped]
|upkeep
|turn|4
|
|t:|1743779558
|move|p2a: Ludicolo|Giga Drain|p1a: Politoed
|-supereffective|p1a: Politoed
|-damage|p1a: Politoed|21/100
|-heal|p2a: Ludicolo|100/100|[from] drain|[of] p1a: Politoed
|-damage|p2a: Ludicolo|91/100|[from] item: Life Orb
|move|p1a: Politoed|Perish Song|p1a: Politoed
|-start|p1a: Politoed|perish3|[silent]
|-start|p2a: Ludicolo|perish3|[silent]
|-fieldactivate|move: Perish Song
|
|-weather|RainDance|[upkeep]
|-heal|p1a: Politoed|28/100|[from] item: Leftovers
|-damage|p2a: Ludicolo|78/100|[from] move: Whirlpool|[partiallytrapped]
|-start|p2a: Ludicolo|perish3
|-start|p1a: Politoed|perish3
|upkeep
|turn|5
|
|t:|1743779578
|switch|p1a: Corviknight|Corviknight, M|100/100
|-ability|p1a: Corviknight|Pressure
|move|p2a: Ludicolo|Giga Drain|p1a: Corviknight
|-resisted|p1a: Corviknight
|-damage|p1a: Corviknight|89/100
|-heal|p2a: Ludicolo|86/100|[from] drain|[of] p1a: Corviknight
|-damage|p2a: Ludicolo|76/100|[from] item: Life Orb
|
|-weather|RainDance|[upkeep]
|-end|p2a: Ludicolo|Whirlpool|[partiallytrapped]|[silent]
|-start|p2a: Ludicolo|perish2
|upkeep
|turn|6
|
|t:|1743779592
|switch|p2a: Tyranitar|Tyranitar, F, shiny|100/100
|-weather|Sandstorm|[from] ability: Sand Stream|[of] p2a: Tyranitar
|move|p1a: Corviknight|Brave Bird|p2a: Tyranitar
|-resisted|p2a: Tyranitar
|-damage|p2a: Tyranitar|87/100
|-damage|p1a: Corviknight|85/100|[from] Recoil
|
|-weather|Sandstorm|[upkeep]
|upkeep
|turn|7
|
|t:|1743779603
|move|p1a: Corviknight|Defog|p2a: Tyranitar
|-unboost|p2a: Tyranitar|evasion|1
|move|p2a: Tyranitar|Stealth Rock|p1a: Corviknight
|-sidestart|p1: Xynderwoar|move: Stealth Rock
|
|-weather|Sandstorm|[upkeep]
|upkeep
|turn|8
|
|t:|1743779609
|move|p1a: Corviknight|Defog|p2a: Tyranitar
|-unboost|p2a: Tyranitar|evasion|1
|-sideend|p1: Xynderwoar|Stealth Rock|[from] move: Defog|[of] p1a: Corviknight
|move|p2a: Tyranitar|Brick Break|p1a: Corviknight
|-damage|p1a: Corviknight|72/100
|-damage|p2a: Tyranitar|70/100|[from] item: Rocky Helmet|[of] p1a: Corviknight
|
|-weather|Sandstorm|[upkeep]
|upkeep
|turn|9
|
|t:|1743779618
|move|p1a: Corviknight|Body Slam|p2a: Tyranitar
|-resisted|p2a: Tyranitar
|-damage|p2a: Tyranitar|64/100
|move|p2a: Tyranitar|Stealth Rock|p1a: Corviknight
|-sidestart|p1: Xynderwoar|move: Stealth Rock
|
|-weather|Sandstorm|[upkeep]
|upkeep
|turn|10
|
|t:|1743779625
|move|p1a: Corviknight|Defog|p2a: Tyranitar
|-unboost|p2a: Tyranitar|evasion|1
|-sideend|p1: Xynderwoar|Stealth Rock|[from] move: Defog|[of] p1a: Corviknight
|move|p2a: Tyranitar|Roar|p1a: Corviknight
|drag|p1a: Politoed|Politoed, M|28/100
|-weather|RainDance|[from] ability: Drizzle|[of] p1a: Politoed
|
|-weather|RainDance|[upkeep]
|-heal|p1a: Politoed|34/100|[from] item: Leftovers
|upkeep
|turn|11
|
|t:|1743779636
|move|p1a: Politoed|Whirlpool|p2a: Tyranitar
|-supereffective|p2a: Tyranitar
|-damage|p2a: Tyranitar|42/100
|-activate|p2a: Tyranitar|move: Whirlpool|[of] p1a: Politoed
|move|p2a: Tyranitar|Knock Off|p1a: Politoed
|-damage|p1a: Politoed|0 fnt
|-enditem|p1a: Politoed|Leftovers|[from] move: Knock Off|[of] p2a: Tyranitar
|faint|p1a: Politoed
|
|-weather|RainDance|[upkeep]
|-end|p2a: Tyranitar|Whirlpool|[partiallytrapped]|[silent]
|upkeep
|
|t:|1743779650
|switch|p1a: Galvantula|Galvantula, M|100/100
|-ability|p1a: Galvantula|Unnerve
|turn|12
|
|t:|1743779657
|switch|p2a: Hatterene|Hatterene, F, shiny|100/100
|move|p1a: Galvantula|Sticky Web|p2a: Hatterene
|move|p2a: Hatterene|Sticky Web|p1a: Galvantula|[from] ability: Magic Bounce
|-sidestart|p1: Xynderwoar|move: Sticky Web
|
|-weather|RainDance|[upkeep]
|upkeep
|turn|13
|
|t:|1743779667
|switch|p2a: Ludicolo|Ludicolo, M, shiny|76/100
|move|p1a: Galvantula|Discharge|p2a: Ludicolo
|-damage|p2a: Ludicolo|44/100
|
|-weather|RainDance|[upkeep]
|upkeep
|turn|14
|
|t:|1743779678
|-terastallize|p2a: Ludicolo|Water
|move|p2a: Ludicolo|Hydro Pump|p1a: Galvantula
|-enditem|p1a: Galvantula|Focus Sash
|-damage|p1a: Galvantula|1/100
|-damage|p2a: Ludicolo|34/100|[from] item: Life Orb
|move|p1a: Galvantula|Discharge|p2a: Ludicolo
|-supereffective|p2a: Ludicolo
|-damage|p2a: Ludicolo|0 fnt
|faint|p2a: Ludicolo
|
|-weather|none
|upkeep
|
|t:|1743779690
|switch|p2a: Salazzle|Salazzle, F, shiny|100/100
|turn|15
|
|t:|1743779696
|move|p2a: Salazzle|Venoshock|p1a: Galvantula
|-crit|p1a: Galvantula
|-damage|p1a: Galvantula|0 fnt
|faint|p1a: Galvantula
|
|upkeep
|
|t:|1743779699
|switch|p1a: Kingambit|Kingambit, F|100/100
|-activate|p1a: Kingambit|move: Sticky Web
|-unboost|p1a: Kingambit|spe|1
|-ability|p1a: Kingambit|Defiant|boost
|-boost|p1a: Kingambit|atk|2
|turn|16
|
|t:|1743779712
|-terastallize|p1a: Kingambit|Dark
|move|p2a: Salazzle|Will-O-Wisp|p1a: Kingambit
|-status|p1a: Kingambit|brn
|move|p1a: Kingambit|Swords Dance|p1a: Kingambit
|-boost|p1a: Kingambit|atk|2
|
|-damage|p1a: Kingambit|94/100 brn|[from] brn
|upkeep
|turn|17
|
|t:|1743779724
|switch|p2a: Tyranitar|Tyranitar, F, shiny|42/100
|-weather|Sandstorm|[from] ability: Sand Stream|[of] p2a: Tyranitar
|move|p1a: Kingambit|Swords Dance|p1a: Kingambit
|-boost|p1a: Kingambit|atk|2
|
|-weather|Sandstorm|[upkeep]
|-damage|p1a: Kingambit|88/100 brn|[from] Sandstorm
|-damage|p1a: Kingambit|82/100 brn|[from] brn
|upkeep
|turn|18
|
|t:|1743779735
|move|p2a: Tyranitar|Brick Break|p1a: Kingambit
|-supereffective|p1a: Kingambit
|-damage|p1a: Kingambit|52/100 brn
|move|p1a: Kingambit|Iron Head|p2a: Tyranitar
|-supereffective|p2a: Tyranitar
|-damage|p2a: Tyranitar|0 fnt
|faint|p2a: Tyranitar
|
|-weather|Sandstorm|[upkeep]
|-damage|p1a: Kingambit|46/100 brn|[from] Sandstorm
|-damage|p1a: Kingambit|39/100 brn|[from] brn
|upkeep
|
|t:|1743779747
|switch|p2a: Hatterene|Hatterene, F, shiny|100/100
|turn|19
|
|t:|1743779752
|move|p2a: Hatterene|Draining Kiss|p1a: Kingambit
|-supereffective|p1a: Kingambit
|-damage|p1a: Kingambit|0 fnt
|faint|p1a: Kingambit
|
|-weather|Sandstorm|[upkeep]
|-damage|p2a: Hatterene|95/100|[from] Sandstorm
|upkeep
|
|t:|1743779761
|switch|p1a: Clefable|Clefable, F|100/100
|-activate|p1a: Clefable|move: Sticky Web
|-unboost|p1a: Clefable|spe|1
|turn|20
|
|t:|1743779767
|switch|p2a: Excadrill|Excadrill, F, shiny|100/100
|-item|p2a: Excadrill|Air Balloon
|move|p1a: Clefable|Calm Mind|p1a: Clefable
|-boost|p1a: Clefable|spa|1
|-boost|p1a: Clefable|spd|1
|
|-weather|Sandstorm|[upkeep]
|upkeep
|turn|21
|
|t:|1743779775
|switch|p1a: Corviknight|Corviknight, M|72/100
|-ability|p1a: Corviknight|Pressure
|move|p2a: Excadrill|Swords Dance|p2a: Excadrill
|-boost|p2a: Excadrill|atk|2
|
|-weather|Sandstorm|[upkeep]
|upkeep
|turn|22
|
|t:|1743779784
|switch|p2a: Hatterene|Hatterene, F, shiny|95/100
|move|p1a: Corviknight|Body Slam|p2a: Hatterene
|-damage|p2a: Hatterene|81/100
|-damage|p1a: Corviknight|55/100|[from] item: Rocky Helmet|[of] p2a: Hatterene
|
|-weather|Sandstorm|[upkeep]
|-damage|p2a: Hatterene|75/100|[from] Sandstorm
|upkeep
|turn|23
|
|t:|1743779793
|move|p1a: Corviknight|Roost|p1a: Corviknight
|-heal|p1a: Corviknight|100/100
|-singleturn|p1a: Corviknight|move: Roost
|move|p2a: Hatterene|Nuzzle|p1a: Corviknight
|-crit|p1a: Corviknight
|-damage|p1a: Corviknight|97/100
|-status|p1a: Corviknight|par
|-damage|p2a: Hatterene|58/100|[from] item: Rocky Helmet|[of] p1a: Corviknight
|
|-weather|Sandstorm|[upkeep]
|-damage|p2a: Hatterene|52/100|[from] Sandstorm
|upkeep
|turn|24
|
|t:|1743779807
|move|p2a: Hatterene|Calm Mind|p2a: Hatterene
|-boost|p2a: Hatterene|spa|1
|-boost|p2a: Hatterene|spd|1
|move|p1a: Corviknight|Defog|p2a: Hatterene
|move|p2a: Hatterene|Defog|p1a: Corviknight|[from] ability: Magic Bounce
|-unboost|p1a: Corviknight|evasion|1
|-sideend|p1: Xynderwoar|Sticky Web|[from] move: Defog|[of] p2a: Hatterene
|
|-weather|none
|upkeep
|turn|25
|
|t:|1743779822
|switch|p2a: Salazzle|Salazzle, F, shiny|100/100
|move|p1a: Corviknight|Brave Bird|p2a: Salazzle
|-damage|p2a: Salazzle|28/100
|-damage|p1a: Corviknight|80/100 par|[from] Recoil
|
|upkeep
|turn|26
|
|t:|1743779832
|move|p2a: Salazzle|Fire Blast|p1a: Corviknight
|-supereffective|p1a: Corviknight
|-damage|p1a: Corviknight|0 fnt
|faint|p1a: Corviknight
|
|upkeep
|
|t:|1743779837
|switch|p1a: Iron Valiant|Iron Valiant|100/100
|-enditem|p1a: Iron Valiant|Booster Energy
|-activate|p1a: Iron Valiant|ability: Quark Drive|[fromitem]
|-start|p1a: Iron Valiant|quarkdrivespa
|turn|27
|
|t:|1743779849
|move|p2a: Salazzle|Toxic|p1a: Iron Valiant
|-status|p1a: Iron Valiant|tox
|move|p1a: Iron Valiant|Moonblast|p2a: Salazzle
|-resisted|p2a: Salazzle
|-damage|p2a: Salazzle|0 fnt
|faint|p2a: Salazzle
|
|-damage|p1a: Iron Valiant|94/100 tox|[from] psn
|upkeep
|
|t:|1743779859
|switch|p2a: Regigigas|Regigigas, shiny|100/100
|-start|p2a: Regigigas|ability: Slow Start
|turn|28
|
|t:|1743779865
|move|p2a: Regigigas|Protect|p2a: Regigigas
|-singleturn|p2a: Regigigas|Protect
|move|p1a: Iron Valiant|Aura Sphere|p2a: Regigigas
|-activate|p2a: Regigigas|move: Protect
|
|-damage|p1a: Iron Valiant|82/100 tox|[from] psn
|upkeep
|turn|29
|
|t:|1743779875
|-end|p2a: Regigigas|Slow Start|[silent]
|switch|p2a: Hatterene|Hatterene, F, shiny|52/100
|move|p1a: Iron Valiant|Aura Sphere|p2a: Hatterene
|-resisted|p2a: Hatterene
|-damage|p2a: Hatterene|37/100
|
|-damage|p1a: Iron Valiant|63/100 tox|[from] psn
|upkeep
|turn|30
|
|t:|1743779885
|move|p1a: Iron Valiant|Psyshock|p2a: Hatterene
|-resisted|p2a: Hatterene
|-damage|p2a: Hatterene|21/100
|move|p2a: Hatterene|Draining Kiss|p1a: Iron Valiant
|-supereffective|p1a: Iron Valiant
|-damage|p1a: Iron Valiant|0 fnt
|-heal|p2a: Hatterene|64/100|[from] drain|[of] p1a: Iron Valiant
|faint|p1a: Iron Valiant
|-end|p1a: Iron Valiant|Quark Drive|[silent]
|
|upkeep
|-message|Xynderwoar forfeited.
|
|win|zDarkWolf666z
|raw|Xynderwoar's rating: 1121 &rarr; <strong>1097</strong><br />(-24 for losing)
|raw|zDarkWolf666z's rating: 1141 &rarr; <strong>1165</strong><br />(+24 for winning)
|l|☆Xynderwoar
|player|p1|
|l|☆zDarkWolf666z
|player|p2|
