|j|☆lens v2
|j|☆Imnotsorrytbh
|inactive|Battle timer is ON: inactive players will automatically lose when time's up.
|t:|1743831128
|gametype|singles
|player|p1|lens v2|lucas|
|player|p2|Imnotsorrytbh|colress|
|teamsize|p1|6
|teamsize|p2|6
|gen|9
|tier|[Gen 9] OU
|rated|Tournament battle
|rule|HP Percentage Mod: HP is shown in percentages
|rule|Endless Battle Clause: Forcing endless battles is banned
|rule|Species Clause: Limit one of each Pokémon
|rule|OHKO Clause: OHKO moves are banned
|rule|Evasion Items Clause: Evasion items are banned
|rule|Evasion Moves Clause: Evasion moves are banned
|rule|Sleep Moves Clause: Sleep-inducing moves are banned
|clearpoke
|poke|p1|Zamazenta-*|
|poke|p1|Cinderace, F|
|poke|p1|Slowking-Galar, M|
|poke|p1|Corviknight, M|
|poke|p1|Ting-Lu|
|poke|p1|Kyurem|
|poke|p2|Clodsire, F|
|poke|p2|Dondozo, F|
|poke|p2|Alomomola, M|
|poke|p2|Talonflame, F|
|poke|p2|Toxapex, M|
|poke|p2|Blissey, F|
|teampreview
|
|t:|1743831140
|start
|switch|p1a: Kyurem|Kyurem|100/100
|switch|p2a: Clodsire|Clodsire, F|100/100
|-ability|p1a: Kyurem|Pressure
|turn|1
|
|t:|1743831146
|move|p1a: Kyurem|Substitute|p1a: Kyurem
|-start|p1a: Kyurem|Substitute
|-damage|p1a: Kyurem|75/100
|move|p2a: Clodsire|Toxic||[still]
|-fail|p2a: Clodsire
|
|-heal|p1a: Kyurem|82/100|[from] item: Leftovers
|upkeep
|turn|2
|
|t:|1743831150
|switch|p2a: Dondozo|Dondozo, F|100/100
|move|p1a: Kyurem|Freeze-Dry|p2a: Dondozo
|-supereffective|p2a: Dondozo
|-damage|p2a: Dondozo|25/100
|
|-heal|p1a: Kyurem|88/100|[from] item: Leftovers
|upkeep
|turn|3
|
|t:|1743831155
|-terastallize|p2a: Dondozo|Fire
|move|p1a: Kyurem|Freeze-Dry|p2a: Dondozo
|-resisted|p2a: Dondozo
|-damage|p2a: Dondozo|8/100
|move|p2a: Dondozo|Rest|p2a: Dondozo
|-status|p2a: Dondozo|slp|[from] move: Rest
|-heal|p2a: Dondozo|100/100 slp|[silent]
|
|-heal|p1a: Kyurem|94/100|[from] item: Leftovers
|upkeep
|turn|4
|
|t:|1743831160
|move|p1a: Kyurem|Earth Power|p2a: Dondozo
|-supereffective|p2a: Dondozo
|-damage|p2a: Dondozo|46/100 slp
|cant|p2a: Dondozo|slp
|move|p2a: Dondozo|Sleep Talk|p2a: Dondozo
|move|p2a: Dondozo|Body Press|p1a: Kyurem|[from] move: Sleep Talk
|-supereffective|p1a: Kyurem
|-end|p1a: Kyurem|Substitute
|
|-heal|p1a: Kyurem|99/100|[from] item: Leftovers
|upkeep
|turn|5
|
|t:|1743831166
|switch|p2a: Talonflame|Talonflame, F|100/100
|move|p1a: Kyurem|Substitute|p1a: Kyurem
|-start|p1a: Kyurem|Substitute
|-damage|p1a: Kyurem|75/100
|
|-heal|p1a: Kyurem|81/100|[from] item: Leftovers
|upkeep
|turn|6
|-message|Imnotsorrytbh forfeited.
|
|win|lens v2
|n|☆lens v2|lensv2
|n|☆Imnotsorrytbh|imnotsorrytbh
|l|☆Imnotsorrytbh
|player|p2|
