|j|☆darmanitanstadtium
|j|☆GulpinGoodra
|t:|1743855858
|gametype|singles
|player|p1|darmanitanstadtium|caitlin-masters|1105
|player|p2|GulpinGoodra|pokemaniac|1081
|teamsize|p1|6
|teamsize|p2|6
|gen|9
|tier|[Gen 9] OU
|rated|
|rule|HP Percentage Mod: HP is shown in percentages
|rule|Endless Battle Clause: Forcing endless battles is banned
|rule|Species Clause: Limit one of each Pokémon
|rule|OHKO Clause: OHKO moves are banned
|rule|Evasion Items Clause: Evasion items are banned
|rule|Evasion Moves Clause: Evasion moves are banned
|rule|Sleep Moves Clause: Sleep-inducing moves are banned
|clearpoke
|poke|p1|Zoroark-Hisui, M|
|poke|p1|Lilligant-Hisui, F|
|poke|p1|Kleavor, F|
|poke|p1|Samurott-Hisui, F|
|poke|p1|Ursaluna, M|
|poke|p1|Enamorus, F|
|poke|p2|Meloetta|
|poke|p2|Nosepass, M|
|poke|p2|Pecharunt|
|poke|p2|Iron Hands|
|poke|p2|Torterra, M|
|poke|p2|Gholdengo|
|teampreview
|inactive|Battle timer is ON: inactive players will automatically lose when time's up. (requested by GulpinGoodra)
|
|t:|1743855891
|start
|switch|p1a: Eldridge Kleavor|Kleavor, F|100/100
|switch|p2a: Compasssassss|Nosepass, M, shiny|100/100
|turn|1
|
|t:|1743855901
|move|p1a: Eldridge Kleavor|Stone Axe|p2a: Compasssassss|[miss]
|-miss|p1a: Eldridge Kleavor|p2a: Compasssassss
|move|p2a: Compasssassss|Iron Defense|p2a: Compasssassss
|-boost|p2a: Compasssassss|def|2
|
|upkeep
|turn|2
|c|☆darmanitanstadtium|Suspect
|
|t:|1743855909
|move|p1a: Eldridge Kleavor|Stone Axe|p2a: Compasssassss
|-damage|p2a: Compasssassss|89/100
|-sidestart|p2: GulpinGoodra|move: Stealth Rock
|move|p2a: Compasssassss|Iron Defense|p2a: Compasssassss
|-boost|p2a: Compasssassss|def|2
|
|upkeep
|turn|3
|
|t:|1743855921
|switch|p1a: Ki Jawani|Enamorus, F|100/100
|move|p2a: Compasssassss|Stealth Rock|p1a: Ki Jawani
|-sidestart|p1: darmanitanstadtium|move: Stealth Rock
|
|upkeep
|turn|4
|
|t:|1743855928
|move|p1a: Ki Jawani|Earth Power|p2a: Compasssassss
|-supereffective|p2a: Compasssassss
|-damage|p2a: Compasssassss|27/100
|move|p2a: Compasssassss|Thunder Wave|p1a: Ki Jawani|[miss]
|-miss|p2a: Compasssassss|p1a: Ki Jawani
|
|upkeep
|turn|5
|
|t:|1743855935
|move|p1a: Ki Jawani|Earth Power|p2a: Compasssassss
|-supereffective|p2a: Compasssassss
|-damage|p2a: Compasssassss|0 fnt
|faint|p2a: Compasssassss
|
|upkeep
|
|t:|1743855942
|switch|p2a: Mr. Wall Person|Iron Hands, shiny|100/100
|-damage|p2a: Mr. Wall Person|94/100|[from] Stealth Rock
|turn|6
|
|t:|1743855951
|move|p2a: Mr. Wall Person|Fake Out|p1a: Ki Jawani
|-damage|p1a: Ki Jawani|80/100
|cant|p1a: Ki Jawani|flinch
|
|upkeep
|turn|7
|
|t:|1743855957
|move|p1a: Ki Jawani|Earth Power|p2a: Mr. Wall Person
|-supereffective|p2a: Mr. Wall Person
|-damage|p2a: Mr. Wall Person|63/100
|move|p2a: Mr. Wall Person|Supercell Slam|p1a: Ki Jawani
|-supereffective|p1a: Ki Jawani
|-damage|p1a: Ki Jawani|0 fnt
|faint|p1a: Ki Jawani
|
|upkeep
|
|t:|1743855966
|switch|p1a: Ursinus|Ursaluna, M|100/100
|-damage|p1a: Ursinus|94/100|[from] Stealth Rock
|turn|8
|
|t:|1743855973
|move|p1a: Ursinus|Swords Dance|p1a: Ursinus
|-boost|p1a: Ursinus|atk|2
|move|p2a: Mr. Wall Person|Drain Punch|p1a: Ursinus
|-supereffective|p1a: Ursinus
|-damage|p1a: Ursinus|35/100
|-heal|p2a: Mr. Wall Person|88/100|[from] drain|[of] p1a: Ursinus
|
|-status|p1a: Ursinus|brn|[from] item: Flame Orb
|upkeep
|turn|9
|
|t:|1743855983
|move|p1a: Ursinus|Headlong Rush|p2a: Mr. Wall Person
|-supereffective|p2a: Mr. Wall Person
|-damage|p2a: Mr. Wall Person|0 fnt
|-unboost|p1a: Ursinus|def|1
|-unboost|p1a: Ursinus|spd|1
|faint|p2a: Mr. Wall Person
|-end|p2a: Mr. Wall Person|Quark Drive|[silent]
|
|-damage|p1a: Ursinus|29/100 brn|[from] brn
|upkeep
|
|t:|1743856000
|switch|p2a: Torterra|Torterra, M|100/100
|-damage|p2a: Torterra|94/100|[from] Stealth Rock
|turn|10
|
|t:|1743856005
|move|p1a: Ursinus|Fire Punch|p2a: Torterra
|-supereffective|p2a: Torterra
|-damage|p2a: Torterra|0 fnt
|faint|p2a: Torterra
|
|-damage|p1a: Ursinus|23/100 brn|[from] brn
|upkeep
|
|t:|1743856013
|switch|p2a: Mochi Man|Pecharunt|100/100
|-damage|p2a: Mochi Man|88/100|[from] Stealth Rock
|turn|11
|
|t:|1743856020
|move|p2a: Mochi Man|Malignant Chain|p1a: Ursinus
|-resisted|p1a: Ursinus
|-damage|p1a: Ursinus|0 fnt
|faint|p1a: Ursinus
|
|-heal|p2a: Mochi Man|94/100|[from] item: Leftovers
|upkeep
|
|t:|1743856026
|switch|p1a: Seamus|Samurott-Hisui, F|100/100
|turn|12
|
|t:|1743856034
|switch|p2a: Meloetta|Meloetta|100/100
|-damage|p2a: Meloetta|88/100|[from] Stealth Rock
|move|p1a: Seamus|Ceaseless Edge|p2a: Meloetta
|-supereffective|p2a: Meloetta
|-damage|p2a: Meloetta|0 fnt
|-sidestart|p2: GulpinGoodra|Spikes
|faint|p2a: Meloetta
|
|upkeep
|-message|GulpinGoodra forfeited.
|
|win|darmanitanstadtium
|raw|darmanitanstadtium's rating: 1105 &rarr; <strong>1128</strong><br />(+23 for winning)
|raw|GulpinGoodra's rating: 1081 &rarr; <strong>1060</strong><br />(-21 for losing)
|l|☆GulpinGoodra
|player|p2|
|l|☆darmanitanstadtium
|player|p1|
