|j|☆hameed425
|j|☆reverse sear
|t:|1743802259
|gametype|singles
|player|p1|hameed425|1|1112
|player|p2|reverse sear|crasherwake|1143
|teamsize|p1|6
|teamsize|p2|6
|gen|9
|tier|[Gen 9] OU
|rated|
|rule|HP Percentage Mod: HP is shown in percentages
|rule|Endless Battle Clause: Forcing endless battles is banned
|rule|Species Clause: Limit one of each Pokémon
|rule|OHKO Clause: OHKO moves are banned
|rule|Evasion Items Clause: Evasion items are banned
|rule|Evasion Moves Clause: Evasion moves are banned
|rule|Sleep Moves Clause: Sleep-inducing moves are banned
|clearpoke
|poke|p1|Garganacl, F|
|poke|p1|Rillaboom, M|
|poke|p1|Raging Bolt|
|poke|p1|Iron Moth|
|poke|p1|Clefable, M|
|poke|p1|Kyurem|
|poke|p2|Politoed, M|
|poke|p2|Florges-Yellow, F|
|poke|p2|Blissey, F|
|poke|p2|Vivillon-Fancy, M|
|poke|p2|Cinderace, M|
|poke|p2|Sawsbuck, M|
|teampreview
|c|☆reverse sear|SPRING HAS SPRUNG
|inactive|Battle timer is ON: inactive players will automatically lose when time's up. (requested by reverse sear)
|
|t:|1743802296
|start
|switch|p1a: Garganacl|Garganacl, F|100/100
|switch|p2a: Politoed|Politoed, M|100/100
|-weather|RainDance|[from] ability: Drizzle|[of] p2a: Politoed
|turn|1
|
|t:|1743802303
|move|p2a: Politoed|Belly Drum|p2a: Politoed
|-damage|p2a: Politoed|51/100
|-setboost|p2a: Politoed|atk|6|[from] move: Belly Drum
|move|p1a: Garganacl|Salt Cure|p2a: Politoed
|-damage|p2a: Politoed|34/100
|-start|p2a: Politoed|Salt Cure
|
|-weather|RainDance|[upkeep]
|-damage|p2a: Politoed|9/100|[from] Salt Cure
|upkeep
|-enditem|p2a: Politoed|Salac Berry|[eat]
|-boost|p2a: Politoed|spe|1|[from] item: Salac Berry
|turn|2
|
|t:|1743802316
|switch|p1a: Clefable|Clefable, M|100/100
|move|p2a: Politoed|Liquidation|p1a: Clefable
|-damage|p1a: Clefable|66/100
|
|-weather|RainDance|[upkeep]
|-heal|p1a: Clefable|72/100|[from] item: Leftovers
|-damage|p2a: Politoed|0 fnt|[from] Salt Cure
|faint|p2a: Politoed
|upkeep
|
|t:|1743802329
|switch|p2a: Sawsbuck|Sawsbuck, M, shiny|100/100
|turn|3
|
|t:|1743802348
|move|p2a: Sawsbuck|Body Slam|p1a: Clefable
|-damage|p1a: Clefable|34/100
|-damage|p2a: Sawsbuck|91/100|[from] item: Life Orb
|move|p1a: Clefable|Calm Mind|p1a: Clefable
|-boost|p1a: Clefable|spa|1
|-boost|p1a: Clefable|spd|1
|
|-weather|RainDance|[upkeep]
|-heal|p1a: Clefable|40/100|[from] item: Leftovers
|upkeep
|turn|4
|
|t:|1743802358
|move|p2a: Sawsbuck|Body Slam|p1a: Clefable
|-damage|p1a: Clefable|4/100
|-status|p1a: Clefable|par
|-damage|p2a: Sawsbuck|81/100|[from] item: Life Orb
|move|p1a: Clefable|Moonlight|p1a: Clefable
|-heal|p1a: Clefable|28/100 par
|
|-weather|RainDance|[upkeep]
|-heal|p1a: Clefable|35/100 par|[from] item: Leftovers
|upkeep
|turn|5
|
|t:|1743802370
|move|p2a: Sawsbuck|Headbutt|p1a: Clefable
|-damage|p1a: Clefable|7/100 par
|-damage|p2a: Sawsbuck|71/100|[from] item: Life Orb
|cant|p1a: Clefable|par
|
|-weather|none
|-heal|p1a: Clefable|13/100 par|[from] item: Leftovers
|upkeep
|turn|6
|
|t:|1743802378
|move|p2a: Sawsbuck|Body Slam|p1a: Clefable
|-damage|p1a: Clefable|0 fnt
|faint|p1a: Clefable
|-damage|p2a: Sawsbuck|61/100|[from] item: Life Orb
|
|upkeep
|
|t:|1743802381
|switch|p1a: Iron Moth|Iron Moth|100/100
|-enditem|p1a: Iron Moth|Booster Energy
|-activate|p1a: Iron Moth|ability: Quark Drive|[fromitem]
|-start|p1a: Iron Moth|quarkdrivespe
|turn|7
|
|t:|1743802390
|switch|p2a: Blissey|Blissey, F|100/100
|move|p1a: Iron Moth|Fiery Dance|p2a: Blissey
|-damage|p2a: Blissey|87/100
|-boost|p1a: Iron Moth|spa|1
|
|-heal|p2a: Blissey|93/100|[from] item: Leftovers
|upkeep
|turn|8
|
|t:|1743802399
|move|p1a: Iron Moth|Fiery Dance|p2a: Blissey
|-damage|p2a: Blissey|71/100
|move|p2a: Blissey|Stealth Rock|p1a: Iron Moth
|-sidestart|p1: hameed425|move: Stealth Rock
|
|-heal|p2a: Blissey|77/100|[from] item: Leftovers
|upkeep
|turn|9
|
|t:|1743802406
|move|p1a: Iron Moth|Fiery Dance|p2a: Blissey
|-damage|p2a: Blissey|57/100
|-boost|p1a: Iron Moth|spa|1
|move|p2a: Blissey|Thunder Wave|p1a: Iron Moth
|-status|p1a: Iron Moth|par
|
|-heal|p2a: Blissey|63/100|[from] item: Leftovers
|upkeep
|turn|10
|
|t:|1743802415
|move|p1a: Iron Moth|Fiery Dance|p2a: Blissey
|-damage|p2a: Blissey|36/100
|move|p2a: Blissey|Thunder Wave|p1a: Iron Moth
|-fail|p1a: Iron Moth|par
|
|-heal|p2a: Blissey|42/100|[from] item: Leftovers
|upkeep
|turn|11
|
|t:|1743802422
|cant|p1a: Iron Moth|par
|move|p2a: Blissey|Soft-Boiled|p2a: Blissey
|-heal|p2a: Blissey|92/100
|
|-heal|p2a: Blissey|99/100|[from] item: Leftovers
|upkeep
|turn|12
|
|t:|1743802432
|cant|p1a: Iron Moth|par
|move|p2a: Blissey|Seismic Toss|p1a: Iron Moth
|-damage|p1a: Iron Moth|69/100 par
|
|-heal|p2a: Blissey|100/100|[from] item: Leftovers
|upkeep
|turn|13
|
|t:|1743802438
|move|p1a: Iron Moth|Fiery Dance|p2a: Blissey
|-damage|p2a: Blissey|71/100
|-boost|p1a: Iron Moth|spa|1
|move|p2a: Blissey|Seismic Toss|p1a: Iron Moth
|-damage|p1a: Iron Moth|38/100 par
|
|-heal|p2a: Blissey|77/100|[from] item: Leftovers
|upkeep
|turn|14
|
|t:|1743802453
|move|p1a: Iron Moth|Sludge Wave|p2a: Blissey
|-damage|p2a: Blissey|39/100
|move|p2a: Blissey|Seismic Toss|p1a: Iron Moth
|-damage|p1a: Iron Moth|7/100 par
|
|-heal|p2a: Blissey|45/100|[from] item: Leftovers
|upkeep
|turn|15
|
|t:|1743802474
|move|p1a: Iron Moth|Sludge Wave|p2a: Blissey
|-damage|p2a: Blissey|6/100
|move|p2a: Blissey|Soft-Boiled|p2a: Blissey
|-heal|p2a: Blissey|56/100
|
|-heal|p2a: Blissey|63/100|[from] item: Leftovers
|upkeep
|turn|16
|
|t:|1743802481
|move|p1a: Iron Moth|Sludge Wave|p2a: Blissey
|-damage|p2a: Blissey|25/100
|move|p2a: Blissey|Soft-Boiled|p2a: Blissey
|-heal|p2a: Blissey|75/100
|
|-heal|p2a: Blissey|81/100|[from] item: Leftovers
|upkeep
|turn|17
|
|t:|1743802488
|move|p1a: Iron Moth|Sludge Wave|p2a: Blissey
|-damage|p2a: Blissey|44/100
|move|p2a: Blissey|Soft-Boiled|p2a: Blissey
|-heal|p2a: Blissey|94/100
|
|-heal|p2a: Blissey|100/100|[from] item: Leftovers
|upkeep
|turn|18
|
|t:|1743802496
|move|p1a: Iron Moth|Sludge Wave|p2a: Blissey
|-damage|p2a: Blissey|61/100
|move|p2a: Blissey|Seismic Toss|p1a: Iron Moth
|-damage|p1a: Iron Moth|0 fnt
|faint|p1a: Iron Moth
|-end|p1a: Iron Moth|Quark Drive|[silent]
|
|-heal|p2a: Blissey|67/100|[from] item: Leftovers
|upkeep
|
|t:|1743802510
|switch|p1a: Kyurem|Kyurem|100/100
|-damage|p1a: Kyurem|76/100|[from] Stealth Rock
|-ability|p1a: Kyurem|Pressure
|turn|19
|
|t:|1743802522
|move|p1a: Kyurem|Icicle Spear|p2a: Blissey
|-damage|p2a: Blissey|58/100
|-damage|p2a: Blissey|48/100
|-damage|p2a: Blissey|39/100
|-damage|p2a: Blissey|30/100
|-damage|p2a: Blissey|21/100
|-hitcount|p2a: Blissey|5
|move|p2a: Blissey|Thunder Wave|p1a: Kyurem
|-status|p1a: Kyurem|par
|
|-heal|p2a: Blissey|27/100|[from] item: Leftovers
|upkeep
|turn|20
|
|t:|1743802543
|move|p2a: Blissey|Soft-Boiled|p2a: Blissey
|-heal|p2a: Blissey|77/100
|move|p1a: Kyurem|Dragon Dance|p1a: Kyurem
|-boost|p1a: Kyurem|atk|1
|-boost|p1a: Kyurem|spe|1
|
|-heal|p2a: Blissey|83/100|[from] item: Leftovers
|upkeep
|turn|21
|
|t:|1743802551
|switch|p2a: Sawsbuck|Sawsbuck, M, shiny|61/100
|move|p1a: Kyurem|Icicle Spear|p2a: Sawsbuck
|-supereffective|p2a: Sawsbuck
|-damage|p2a: Sawsbuck|18/100
|-supereffective|p2a: Sawsbuck
|-damage|p2a: Sawsbuck|0 fnt
|faint|p2a: Sawsbuck
|-hitcount|p2: Sawsbuck|2
|
|upkeep
|
|t:|1743802559
|switch|p2a: Florges|Florges-Yellow, F|100/100
|turn|22
|
|t:|1743802565
|move|p1a: Kyurem|Icicle Spear|p2a: Florges
|-damage|p2a: Florges|82/100
|-damage|p2a: Florges|62/100
|-crit|p2a: Florges
|-damage|p2a: Florges|34/100
|-damage|p2a: Florges|15/100
|-hitcount|p2a: Florges|4
|move|p2a: Florges|Misty Terrain|p2a: Florges
|-fieldstart|move: Misty Terrain
|
|upkeep
|turn|23
|
|t:|1743802590
|cant|p1a: Kyurem|par
|move|p2a: Florges|Misty Explosion|p1a: Kyurem
|-supereffective|p1a: Kyurem
|-damage|p1a: Kyurem|0 fnt
|faint|p2a: Florges
|faint|p1a: Kyurem
|
|upkeep
|
|t:|1743802597
|switch|p1a: Garganacl|Garganacl, F|100/100
|switch|p2a: Cinderace|Cinderace, M|100/100
|-damage|p1a: Garganacl|88/100|[from] Stealth Rock
|turn|24
|
|t:|1743802606
|-terastallize|p1a: Garganacl|Ghost
|move|p2a: Cinderace|High Jump Kick|p1a: Garganacl
|-start|p2a: Cinderace|typechange|Fighting|[from] ability: Libero
|-immune|p1a: Garganacl
|-damage|p2a: Cinderace|51/100|[from] highjumpkick
|move|p1a: Garganacl|Iron Defense|p1a: Garganacl
|-boost|p1a: Garganacl|def|2
|
|-heal|p1a: Garganacl|94/100|[from] item: Leftovers
|upkeep
|turn|25
|
|t:|1743802619
|move|p2a: Cinderace|U-turn|p1a: Garganacl
|-resisted|p1a: Garganacl
|-damage|p1a: Garganacl|91/100
|
|t:|1743802622
|switch|p2a: Blissey|Blissey, F|83/100|[from] U-turn
|move|p1a: Garganacl|Salt Cure|p2a: Blissey
|-damage|p2a: Blissey|70/100
|-start|p2a: Blissey|Salt Cure
|
|-heal|p2a: Blissey|76/100|[from] item: Leftovers
|-heal|p1a: Garganacl|97/100|[from] item: Leftovers
|-damage|p2a: Blissey|64/100|[from] Salt Cure
|upkeep
|turn|26
|
|t:|1743802633
|move|p2a: Blissey|Seismic Toss|p1a: Garganacl
|-immune|p1a: Garganacl
|move|p1a: Garganacl|Salt Cure|p2a: Blissey
|-damage|p2a: Blissey|50/100
|
|-heal|p2a: Blissey|56/100|[from] item: Leftovers
|-heal|p1a: Garganacl|100/100|[from] item: Leftovers
|-damage|p2a: Blissey|43/100|[from] Salt Cure
|-fieldend|Misty Terrain
|upkeep
|turn|27
|
|t:|1743802644
|switch|p2a: Vivillon|Vivillon-Fancy, M|100/100
|move|p1a: Garganacl|Body Press|p2a: Vivillon
|-resisted|p2a: Vivillon
|-damage|p2a: Vivillon|79/100
|
|upkeep
|turn|28
|
|t:|1743802654
|move|p2a: Vivillon|Quiver Dance|p2a: Vivillon
|-boost|p2a: Vivillon|spa|1
|-boost|p2a: Vivillon|spd|1
|-boost|p2a: Vivillon|spe|1
|move|p1a: Garganacl|Salt Cure|p2a: Vivillon
|-supereffective|p2a: Vivillon
|-damage|p2a: Vivillon|0 fnt
|faint|p2a: Vivillon
|
|upkeep
|l|☆hameed425
|inactive|hameed425 disconnected and has a minute to reconnect!
|player|p1|
|-message|reverse sear forfeited.
|
|win|hameed425
|raw|hameed425's rating: 1112 &rarr; <strong>1139</strong><br />(+27 for winning)
|raw|reverse sear's rating: 1143 &rarr; <strong>1116</strong><br />(-27 for losing)
|l|☆reverse sear
|player|p2|
