|j|‽fakemonk
|j|☆a jellyfish
|t:|1743814165
|gametype|singles
|player|p1|fakemonk|karen|1715
|player|p2|a jellyfish|fisherman-gen4|1674
|teamsize|p1|6
|teamsize|p2|6
|gen|9
|tier|[Gen 9] OU
|rated|
|rule|HP Percentage Mod: HP is shown in percentages
|rule|Endless Battle Clause: Forcing endless battles is banned
|rule|Species Clause: Limit one of each Pokémon
|rule|OHKO Clause: OHKO moves are banned
|rule|Evasion Items Clause: Evasion items are banned
|rule|Evasion Moves Clause: Evasion moves are banned
|rule|Sleep Moves Clause: Sleep-inducing moves are banned
|clearpoke
|poke|p1|Tyranitar, F|
|poke|p1|Excadrill, F|
|poke|p1|Meowscarada, F|
|poke|p1|Zapdos|
|poke|p1|Gholdengo|
|poke|p1|Zamazenta-*|
|poke|p2|Staraptor, F|
|poke|p2|Iron Treads|
|poke|p2|Zamazenta-*|
|poke|p2|Dragonite, F|
|poke|p2|Gholdengo|
|poke|p2|Moltres-Galar|
|teampreview
|inactive|Battle timer is ON: inactive players will automatically lose when time's up. (requested by a jellyfish)
|
|t:|1743814184
|start
|switch|p1a: Meowscarada|Meowscarada, F|100/100
|switch|p2a: Iron Treads|Iron Treads|100/100
|-enditem|p2a: Iron Treads|Booster Energy
|-activate|p2a: Iron Treads|ability: Quark Drive|[fromitem]
|-start|p2a: Iron Treads|quarkdrivespe
|turn|1
|
|t:|1743814190
|move|p2a: Iron Treads|Stealth Rock|p1a: Meowscarada
|-sidestart|p1: fakemonk|move: Stealth Rock
|move|p1a: Meowscarada|Flower Trick|p2a: Iron Treads
|-start|p1a: Meowscarada|typechange|Grass|[from] ability: Protean
|-crit|p2a: Iron Treads
|-damage|p2a: Iron Treads|61/100
|
|upkeep
|turn|2
|
|t:|1743814205
|move|p2a: Iron Treads|Knock Off|p1a: Meowscarada
|-damage|p1a: Meowscarada|66/100
|-enditem|p1a: Meowscarada|Heavy-Duty Boots|[from] move: Knock Off|[of] p2a: Iron Treads
|move|p1a: Meowscarada|Flower Trick|p2a: Iron Treads
|-crit|p2a: Iron Treads
|-damage|p2a: Iron Treads|19/100
|
|upkeep
|turn|3
|
|t:|1743814216
|-end|p2a: Iron Treads|Quark Drive|[silent]
|switch|p2a: Staraptor|Staraptor, F|100/100
|move|p1a: Meowscarada|Flower Trick|p2a: Staraptor
|-resisted|p2a: Staraptor
|-crit|p2a: Staraptor
|-damage|p2a: Staraptor|70/100
|
|upkeep
|turn|4
|
|t:|1743814221
|switch|p1a: Zapdos|Zapdos|100/100
|move|p2a: Staraptor|Brave Bird|p1a: Zapdos
|-resisted|p1a: Zapdos
|-damage|p1a: Zapdos|68/100
|-status|p2a: Staraptor|par|[from] ability: Static|[of] p1a: Zapdos
|-damage|p2a: Staraptor|59/100 par|[from] Recoil
|
|upkeep
|turn|5
|
|t:|1743814233
|switch|p2a: Gholdengo|Gholdengo|100/100
|move|p1a: Zapdos|Hurricane|p2a: Gholdengo
|-resisted|p2a: Gholdengo
|-damage|p2a: Gholdengo|78/100
|
|-heal|p2a: Gholdengo|84/100|[from] item: Leftovers
|upkeep
|turn|6
|
|t:|1743814243
|switch|p2a: Iron Treads|Iron Treads|19/100
|move|p1a: Zapdos|Volt Switch|p2a: Iron Treads
|-immune|p2a: Iron Treads
|
|upkeep
|turn|7
|
|t:|1743814246
|move|p2a: Iron Treads|Knock Off|p1a: Zapdos
|-damage|p1a: Zapdos|48/100
|-status|p2a: Iron Treads|par|[from] ability: Static|[of] p1a: Zapdos
|-enditem|p1a: Zapdos|Heavy-Duty Boots|[from] move: Knock Off|[of] p2a: Iron Treads
|move|p1a: Zapdos|Hurricane|p2a: Iron Treads|[miss]
|-miss|p1a: Zapdos|p2a: Iron Treads
|
|upkeep
|turn|8
|
|t:|1743814249
|move|p1a: Zapdos|Roost|p1a: Zapdos
|-heal|p1a: Zapdos|98/100
|-singleturn|p1a: Zapdos|move: Roost
|move|p2a: Iron Treads|Earth Power|p1a: Zapdos
|-supereffective|p1a: Zapdos
|-damage|p1a: Zapdos|39/100
|
|upkeep
|turn|9
|
|t:|1743814251
|move|p1a: Zapdos|Roost|p1a: Zapdos
|-heal|p1a: Zapdos|89/100
|-singleturn|p1a: Zapdos|move: Roost
|move|p2a: Iron Treads|Earth Power|p1a: Zapdos
|-supereffective|p1a: Zapdos
|-damage|p1a: Zapdos|32/100
|-unboost|p1a: Zapdos|spd|1
|
|upkeep
|turn|10
|
|t:|1743814258
|move|p1a: Zapdos|Roost|p1a: Zapdos
|-heal|p1a: Zapdos|82/100
|-singleturn|p1a: Zapdos|move: Roost
|move|p2a: Iron Treads|Earth Power|p1a: Zapdos
|-supereffective|p1a: Zapdos
|-damage|p1a: Zapdos|0 fnt
|faint|p1a: Zapdos
|
|upkeep
|
|t:|1743814284
|switch|p1a: Excadrill|Excadrill, F|100/100
|-damage|p1a: Excadrill|98/100|[from] Stealth Rock
|-item|p1a: Excadrill|Air Balloon
|turn|11
|
|t:|1743814293
|move|p1a: Excadrill|Rapid Spin|p2a: Iron Treads
|-resisted|p2a: Iron Treads
|-damage|p2a: Iron Treads|10/100 par
|-boost|p1a: Excadrill|spe|1
|-sideend|p1: fakemonk|Stealth Rock|[from] move: Rapid Spin|[of] p1a: Excadrill
|move|p2a: Iron Treads|Knock Off|p1a: Excadrill
|-damage|p1a: Excadrill|69/100
|-enditem|p1a: Excadrill|Air Balloon
|
|upkeep
|turn|12
|
|t:|1743814300
|move|p1a: Excadrill|Iron Head|p2a: Iron Treads
|-resisted|p2a: Iron Treads
|-damage|p2a: Iron Treads|0 fnt
|faint|p2a: Iron Treads
|-end|p2a: Iron Treads|Quark Drive|[silent]
|
|upkeep
|
|t:|1743814305
|switch|p2a: Zamazenta|Zamazenta|100/100
|-ability|p2a: Zamazenta|Dauntless Shield|boost
|-boost|p2a: Zamazenta|def|1
|turn|13
|
|t:|1743814314
|switch|p1a: Zamazenta|Zamazenta|100/100
|-ability|p1a: Zamazenta|Dauntless Shield|boost
|-boost|p1a: Zamazenta|def|1
|move|p2a: Zamazenta|Crunch|p1a: Zamazenta
|-resisted|p1a: Zamazenta
|-damage|p1a: Zamazenta|94/100
|
|upkeep
|turn|14
|
|t:|1743814317
|switch|p2a: Gholdengo|Gholdengo|84/100
|move|p1a: Zamazenta|Roar|p2a: Gholdengo
|-immune|p2a: Gholdengo|[from] ability: Good as Gold
|
|-heal|p2a: Gholdengo|90/100|[from] item: Leftovers
|upkeep
|turn|15
|
|t:|1743814325
|switch|p1a: Tyranitar|Tyranitar, F|100/100
|-weather|Sandstorm|[from] ability: Sand Stream|[of] p1a: Tyranitar
|move|p2a: Gholdengo|Dazzling Gleam|p1a: Tyranitar
|-supereffective|p1a: Tyranitar
|-damage|p1a: Tyranitar|77/100
|
|-weather|Sandstorm|[upkeep]
|-heal|p2a: Gholdengo|97/100|[from] item: Leftovers
|upkeep
|turn|16
|
|t:|1743814334
|switch|p2a: Staraptor|Staraptor, F|59/100 par
|move|p1a: Tyranitar|Knock Off|p2a: Staraptor
|-damage|p2a: Staraptor|6/100 par
|-enditem|p2a: Staraptor|Choice Scarf|[from] move: Knock Off|[of] p1a: Tyranitar
|
|-weather|Sandstorm|[upkeep]
|-damage|p2a: Staraptor|0 fnt|[from] Sandstorm
|faint|p2a: Staraptor
|upkeep
|
|t:|1743814355
|switch|p2a: Dragonite|Dragonite, F, shiny|100/100
|turn|17
|
|t:|1743814368
|switch|p2a: Gholdengo|Gholdengo|97/100
|switch|p1a: Zamazenta|Zamazenta|94/100
|
|-weather|Sandstorm|[upkeep]
|-damage|p1a: Zamazenta|88/100|[from] Sandstorm
|-heal|p2a: Gholdengo|100/100|[from] item: Leftovers
|upkeep
|turn|18
|
|t:|1743814377
|switch|p1a: Excadrill|Excadrill, F|69/100
|move|p2a: Gholdengo|Nasty Plot|p2a: Gholdengo
|-boost|p2a: Gholdengo|spa|2
|
|-weather|Sandstorm|[upkeep]
|upkeep
|turn|19
|
|t:|1743814382
|-terastallize|p2a: Gholdengo|Fairy
|move|p1a: Excadrill|Earthquake|p2a: Gholdengo
|-damage|p2a: Gholdengo|49/100
|move|p2a: Gholdengo|Shadow Ball|p1a: Excadrill
|-damage|p1a: Excadrill|0 fnt
|faint|p1a: Excadrill
|
|-weather|none
|-heal|p2a: Gholdengo|55/100|[from] item: Leftovers
|upkeep
|
|t:|1743814395
|switch|p1a: Zamazenta|Zamazenta|88/100
|turn|20
|
|t:|1743814401
|move|p1a: Zamazenta|Heavy Slam|p2a: Gholdengo
|-supereffective|p2a: Gholdengo
|-damage|p2a: Gholdengo|0 fnt
|faint|p2a: Gholdengo
|
|upkeep
|
|t:|1743814406
|switch|p2a: Moltres|Moltres-Galar|100/100
|turn|21
|
|t:|1743814412
|switch|p1a: Tyranitar|Tyranitar, F|77/100
|-weather|Sandstorm|[from] ability: Sand Stream|[of] p1a: Tyranitar
|move|p2a: Moltres|Nasty Plot|p2a: Moltres
|-boost|p2a: Moltres|spa|2
|
|-weather|Sandstorm|[upkeep]
|-damage|p2a: Moltres|94/100|[from] Sandstorm
|-heal|p2a: Moltres|100/100|[from] item: Leftovers
|upkeep
|turn|22
|
|t:|1743814424
|move|p2a: Moltres|Nasty Plot|p2a: Moltres
|-boost|p2a: Moltres|spa|2
|move|p1a: Tyranitar|Stone Edge|p2a: Moltres
|-supereffective|p2a: Moltres
|-damage|p2a: Moltres|0 fnt
|faint|p2a: Moltres
|
|-weather|Sandstorm|[upkeep]
|upkeep
|
|t:|1743814425
|switch|p2a: Zamazenta|Zamazenta|100/100
|turn|23
|
|t:|1743814447
|move|p2a: Zamazenta|Iron Defense|p2a: Zamazenta
|-boost|p2a: Zamazenta|def|2
|move|p1a: Tyranitar|Knock Off|p2a: Zamazenta
|-resisted|p2a: Zamazenta
|-damage|p2a: Zamazenta|91/100
|-enditem|p2a: Zamazenta|Leftovers|[from] move: Knock Off|[of] p1a: Tyranitar
|
|-weather|Sandstorm|[upkeep]
|-damage|p2a: Zamazenta|85/100|[from] Sandstorm
|upkeep
|turn|24
|
|t:|1743814465
|move|p2a: Zamazenta|Iron Defense|p2a: Zamazenta
|-boost|p2a: Zamazenta|def|2
|move|p1a: Tyranitar|Stone Edge|p2a: Zamazenta
|-resisted|p2a: Zamazenta
|-damage|p2a: Zamazenta|79/100
|
|-weather|Sandstorm|[upkeep]
|-damage|p2a: Zamazenta|73/100|[from] Sandstorm
|upkeep
|turn|25
|
|t:|1743814468
|move|p2a: Zamazenta|Substitute|p2a: Zamazenta
|-start|p2a: Zamazenta|Substitute
|-damage|p2a: Zamazenta|48/100
|move|p1a: Tyranitar|Stone Edge|p2a: Zamazenta
|-resisted|p2a: Zamazenta
|-crit|p2a: Zamazenta
|-end|p2a: Zamazenta|Substitute
|
|-weather|none
|upkeep
|turn|26
|
|t:|1743814473
|switch|p1a: Gholdengo|Gholdengo|100/100
|move|p2a: Zamazenta|Substitute|p2a: Zamazenta
|-start|p2a: Zamazenta|Substitute
|-damage|p2a: Zamazenta|23/100
|
|upkeep
|turn|27
|
|t:|1743814479
|move|p2a: Zamazenta|Crunch|p1a: Gholdengo
|-supereffective|p1a: Gholdengo
|-damage|p1a: Gholdengo|51/100
|move|p1a: Gholdengo|Shadow Ball|p2a: Zamazenta
|-end|p2a: Zamazenta|Substitute
|
|upkeep
|turn|28
|
|t:|1743814485
|-terastallize|p1a: Gholdengo|Dark
|move|p2a: Zamazenta|Crunch|p1a: Gholdengo
|-resisted|p1a: Gholdengo
|-damage|p1a: Gholdengo|38/100
|move|p1a: Gholdengo|Shadow Ball|p2a: Zamazenta
|-damage|p2a: Zamazenta|0 fnt
|faint|p2a: Zamazenta
|
|upkeep
|
|t:|1743814490
|switch|p2a: Dragonite|Dragonite, F, shiny|100/100
|turn|29
|
|t:|1743814500
|switch|p1a: Tyranitar|Tyranitar, F|77/100
|-weather|Sandstorm|[from] ability: Sand Stream|[of] p1a: Tyranitar
|move|p2a: Dragonite|Dragon Dance|p2a: Dragonite
|-boost|p2a: Dragonite|atk|1
|-boost|p2a: Dragonite|spe|1
|
|-weather|Sandstorm|[upkeep]
|-damage|p2a: Dragonite|94/100|[from] Sandstorm
|upkeep
|turn|30
|
|t:|1743814508
|move|p2a: Dragonite|Earthquake|p1a: Tyranitar
|-supereffective|p1a: Tyranitar
|-damage|p1a: Tyranitar|4/100
|move|p1a: Tyranitar|Stone Edge|p2a: Dragonite
|-supereffective|p2a: Dragonite
|-damage|p2a: Dragonite|0 fnt
|faint|p2a: Dragonite
|
|win|fakemonk
|raw|fakemonk's rating: 1715 &rarr; <strong>1733</strong><br />(+18 for winning)
|raw|a jellyfish's rating: 1674 &rarr; <strong>1656</strong><br />(-18 for losing)
|l|☆a jellyfish
|player|p2|
|l|‽fakemonk
|player|p1|
