|j|☆whatthedawgsdoin
|j|☆Zempaiii
|t:|1743914267
|gametype|singles
|player|p1|whatthedawgsdoin|101|1078
|player|p2|Zempaiii|red|1085
|teamsize|p1|6
|teamsize|p2|6
|gen|9
|tier|[Gen 9] OU
|rated|
|rule|HP Percentage Mod: HP is shown in percentages
|rule|Endless Battle Clause: Forcing endless battles is banned
|rule|Species Clause: Limit one of each Pokémon
|rule|OHKO Clause: OHKO moves are banned
|rule|Evasion Items Clause: Evasion items are banned
|rule|Evasion Moves Clause: Evasion moves are banned
|rule|Sleep Moves Clause: Sleep-inducing moves are banned
|clearpoke
|poke|p1|Mew|
|poke|p1|Suicune|
|poke|p1|Raikou|
|poke|p1|Entei|
|poke|p1|Dusknoir, M|
|poke|p1|Regirock|
|poke|p2|Armarouge, M|
|poke|p2|Hydreigon, M|
|poke|p2|Kingambit, M|
|poke|p2|Cresselia, F|
|poke|p2|Electrode|
|poke|p2|Ting-Lu|
|teampreview
|
|t:|1743914282
|start
|switch|p1a: Raikou|Raikou|100/100
|switch|p2a: Hydreigon|Hydreigon, M|100/100
|-ability|p1a: Raikou|Pressure
|turn|1
|
|t:|1743914295
|move|p2a: Hydreigon|Focus Energy|p2a: Hydreigon
|-start|p2a: Hydreigon|move: Focus Energy
|move|p1a: Raikou|Aura Sphere|p2a: Hydreigon
|-supereffective|p2a: Hydreigon
|-damage|p2a: Hydreigon|33/100
|
|upkeep
|turn|2
|
|t:|1743914335
|switch|p1a: Mew|Mew|100/100
|move|p2a: Hydreigon|Earthquake|p1a: Mew
|-crit|p1a: Mew
|-damage|p1a: Mew|68/100
|
|upkeep
|turn|3
|
|t:|1743914358
|-terastallize|p2a: Hydreigon|Ghost
|move|p2a: Hydreigon|Dragon Pulse|p1a: Mew
|-crit|p1a: Mew
|-damage|p1a: Mew|15/100
|move|p1a: Mew|Dazzling Gleam|p2a: Hydreigon
|-damage|p2a: Hydreigon|5/100
|
|upkeep
|turn|4
|
|t:|1743914371
|move|p2a: Hydreigon|Dragon Pulse|p1a: Mew
|-crit|p1a: Mew
|-damage|p1a: Mew|0 fnt
|faint|p1a: Mew
|
|upkeep
|
|t:|1743914375
|switch|p1a: Dusknoir|Dusknoir, M|100/100
|-ability|p1a: Dusknoir|Pressure
|turn|5
|
|t:|1743914385
|move|p1a: Dusknoir|Shadow Sneak|p2a: Hydreigon
|-supereffective|p2a: Hydreigon
|-damage|p2a: Hydreigon|0 fnt
|faint|p2a: Hydreigon
|
|upkeep
|
|t:|1743914395
|switch|p2a: Ting-Lu|Ting-Lu|100/100
|-ability|p2a: Ting-Lu|Vessel of Ruin
|turn|6
|
|t:|1743914402
|switch|p1a: Regirock|Regirock|100/100
|move|p2a: Ting-Lu|Lash Out|p1a: Regirock
|-damage|p1a: Regirock|87/100
|
|upkeep
|turn|7
|
|t:|1743914412
|move|p1a: Regirock|Body Press|p2a: Ting-Lu
|-supereffective|p2a: Ting-Lu
|-damage|p2a: Ting-Lu|43/100
|move|p2a: Ting-Lu|Stomping Tantrum|p1a: Regirock
|-supereffective|p1a: Regirock
|-damage|p1a: Regirock|61/100
|
|upkeep
|turn|8
|
|t:|1743914422
|move|p1a: Regirock|Body Press|p2a: Ting-Lu
|-supereffective|p2a: Ting-Lu
|-damage|p2a: Ting-Lu|0 fnt
|faint|p2a: Ting-Lu
|
|upkeep
|
|t:|1743914426
|switch|p2a: Kingambit|Kingambit, M, shiny|100/100
|-activate|p2a: Kingambit|ability: Supreme Overlord
|-start|p2a: Kingambit|fallen2|[silent]
|turn|9
|
|t:|1743914433
|move|p2a: Kingambit|Low Kick|p1a: Regirock
|-supereffective|p1a: Regirock
|-damage|p1a: Regirock|16/100
|move|p1a: Regirock|Body Press|p2a: Kingambit
|-supereffective|p2a: Kingambit
|-damage|p2a: Kingambit|0 fnt
|faint|p2a: Kingambit
|-end|p2a: Kingambit|fallen2|[silent]
|
|upkeep
|
|t:|1743914438
|switch|p2a: Cresselia|Cresselia, F|100/100
|turn|10
|
|t:|1743914448
|move|p2a: Cresselia|Dazzling Gleam|p1a: Regirock
|-damage|p1a: Regirock|0 fnt
|faint|p1a: Regirock
|
|upkeep
|
|t:|1743914469
|switch|p1a: Suicune|Suicune|100/100
|-ability|p1a: Suicune|Pressure
|turn|11
|
|t:|1743914477
|move|p1a: Suicune|Calm Mind|p1a: Suicune
|-boost|p1a: Suicune|spa|1
|-boost|p1a: Suicune|spd|1
|move|p2a: Cresselia|Calm Mind|p2a: Cresselia
|-boost|p2a: Cresselia|spa|1
|-boost|p2a: Cresselia|spd|1
|
|upkeep
|turn|12
|
|t:|1743914483
|move|p1a: Suicune|Calm Mind|p1a: Suicune
|-boost|p1a: Suicune|spa|1
|-boost|p1a: Suicune|spd|1
|move|p2a: Cresselia|Calm Mind|p2a: Cresselia
|-boost|p2a: Cresselia|spa|1
|-boost|p2a: Cresselia|spd|1
|
|upkeep
|turn|13
|
|t:|1743914489
|move|p2a: Cresselia|Calm Mind|p2a: Cresselia
|-boost|p2a: Cresselia|spa|1
|-boost|p2a: Cresselia|spd|1
|move|p1a: Suicune|Calm Mind|p1a: Suicune
|-boost|p1a: Suicune|spa|1
|-boost|p1a: Suicune|spd|1
|
|upkeep
|turn|14
|
|t:|1743914495
|move|p1a: Suicune|Calm Mind|p1a: Suicune
|-boost|p1a: Suicune|spa|1
|-boost|p1a: Suicune|spd|1
|move|p2a: Cresselia|Calm Mind|p2a: Cresselia
|-boost|p2a: Cresselia|spa|1
|-boost|p2a: Cresselia|spd|1
|
|upkeep
|turn|15
|
|t:|1743914501
|move|p1a: Suicune|Calm Mind|p1a: Suicune
|-boost|p1a: Suicune|spa|1
|-boost|p1a: Suicune|spd|1
|move|p2a: Cresselia|Calm Mind|p2a: Cresselia
|-boost|p2a: Cresselia|spa|1
|-boost|p2a: Cresselia|spd|1
|
|upkeep
|turn|16
|
|t:|1743914508
|move|p1a: Suicune|Calm Mind|p1a: Suicune
|-boost|p1a: Suicune|spa|1
|-boost|p1a: Suicune|spd|1
|move|p2a: Cresselia|Calm Mind|p2a: Cresselia
|-boost|p2a: Cresselia|spa|1
|-boost|p2a: Cresselia|spd|1
|
|upkeep
|turn|17
|
|t:|1743914514
|move|p1a: Suicune|Shadow Ball|p2a: Cresselia
|-supereffective|p2a: Cresselia
|-damage|p2a: Cresselia|69/100
|move|p2a: Cresselia|Dazzling Gleam|p1a: Suicune
|-damage|p1a: Suicune|86/100
|
|-heal|p2a: Cresselia|75/100|[from] item: Leftovers
|upkeep
|turn|18
|
|t:|1743914522
|move|p2a: Cresselia|Dazzling Gleam|p1a: Suicune
|-damage|p1a: Suicune|70/100
|move|p1a: Suicune|Shadow Ball|p2a: Cresselia
|-supereffective|p2a: Cresselia
|-damage|p2a: Cresselia|41/100
|
|-heal|p2a: Cresselia|47/100|[from] item: Leftovers
|upkeep
|turn|19
|
|t:|1743914529
|move|p2a: Cresselia|Moonlight|p2a: Cresselia
|-heal|p2a: Cresselia|97/100
|move|p1a: Suicune|Shadow Ball|p2a: Cresselia
|-supereffective|p2a: Cresselia
|-damage|p2a: Cresselia|69/100
|
|-heal|p2a: Cresselia|75/100|[from] item: Leftovers
|upkeep
|turn|20
|
|t:|1743914538
|move|p1a: Suicune|Scald|p2a: Cresselia
|-damage|p2a: Cresselia|48/100
|move|p2a: Cresselia|Dazzling Gleam|p1a: Suicune
|-damage|p1a: Suicune|53/100
|
|-heal|p2a: Cresselia|54/100|[from] item: Leftovers
|upkeep
|turn|21
|
|t:|1743914545
|move|p2a: Cresselia|Moonlight|p2a: Cresselia
|-heal|p2a: Cresselia|100/100
|move|p1a: Suicune|Scald|p2a: Cresselia
|-damage|p2a: Cresselia|71/100
|-status|p2a: Cresselia|brn
|
|-heal|p2a: Cresselia|77/100 brn|[from] item: Leftovers
|-damage|p2a: Cresselia|71/100 brn|[from] brn
|upkeep
|turn|22
|
|t:|1743914556
|move|p1a: Suicune|Shadow Ball|p2a: Cresselia
|-supereffective|p2a: Cresselia
|-damage|p2a: Cresselia|41/100 brn
|move|p2a: Cresselia|Dazzling Gleam|p1a: Suicune
|-damage|p1a: Suicune|37/100
|
|-heal|p2a: Cresselia|47/100 brn|[from] item: Leftovers
|-damage|p2a: Cresselia|41/100 brn|[from] brn
|upkeep
|turn|23
|
|t:|1743914565
|move|p2a: Cresselia|Moonlight|p2a: Cresselia
|-heal|p2a: Cresselia|91/100 brn
|move|p1a: Suicune|Shadow Ball|p2a: Cresselia
|-supereffective|p2a: Cresselia
|-damage|p2a: Cresselia|58/100 brn
|
|-heal|p2a: Cresselia|64/100 brn|[from] item: Leftovers
|-damage|p2a: Cresselia|58/100 brn|[from] brn
|upkeep
|turn|24
|
|t:|1743914575
|move|p2a: Cresselia|Dazzling Gleam|p1a: Suicune
|-damage|p1a: Suicune|23/100
|move|p1a: Suicune|Shadow Ball|p2a: Cresselia
|-supereffective|p2a: Cresselia
|-damage|p2a: Cresselia|27/100 brn
|
|-heal|p2a: Cresselia|33/100 brn|[from] item: Leftovers
|-damage|p2a: Cresselia|27/100 brn|[from] brn
|upkeep
|turn|25
|
|t:|1743914584
|-terastallize|p1a: Suicune|Ghost
|move|p1a: Suicune|Shadow Ball|p2a: Cresselia
|-supereffective|p2a: Cresselia
|-damage|p2a: Cresselia|0 fnt
|faint|p2a: Cresselia
|
|upkeep
|
|t:|1743914592
|switch|p2a: Armarouge|Armarouge, M|100/100
|turn|26
|
|t:|1743914595
|move|p2a: Armarouge|Energy Ball|p1a: Suicune
|-damage|p1a: Suicune|17/100
|move|p1a: Suicune|Shadow Ball|p2a: Armarouge
|-supereffective|p2a: Armarouge
|-damage|p2a: Armarouge|0 fnt
|faint|p2a: Armarouge
|
|upkeep
|-message|Zempaiii forfeited.
|
|win|whatthedawgsdoin
|raw|whatthedawgsdoin's rating: 1078 &rarr; <strong>1107</strong><br />(+29 for winning)
|raw|Zempaiii's rating: 1085 &rarr; <strong>1062</strong><br />(-23 for losing)
|l|☆Zempaiii
|player|p2|
|l|☆whatthedawgsdoin
|player|p1|
