|j|☆kownish
|j|☆Ladder me bruh
|t:|1743884000
|gametype|singles
|player|p1|kownish|1|1542
|player|p2|Ladder me bruh|pokemaniac|1476
|teamsize|p1|6
|teamsize|p2|6
|gen|9
|tier|[Gen 9] OU
|rated|
|rule|HP Percentage Mod: HP is shown in percentages
|rule|Endless Battle Clause: Forcing endless battles is banned
|rule|Species Clause: Limit one of each Pokémon
|rule|OHKO Clause: OHKO moves are banned
|rule|Evasion Items Clause: Evasion items are banned
|rule|Evasion Moves Clause: Evasion moves are banned
|rule|Sleep Moves Clause: Sleep-inducing moves are banned
|clearpoke
|poke|p1|Darkrai|
|poke|p1|Manaphy|
|poke|p1|Landorus-Therian, M|
|poke|p1|Gholdengo|
|poke|p1|Raging Bolt|
|poke|p1|Iron Valiant|
|poke|p2|Garganacl, M|
|poke|p2|Weezing-Galar, F|
|poke|p2|Corviknight, M|
|poke|p2|Dragapult, M|
|poke|p2|Slowking-Galar, F|
|poke|p2|Samurott-Hisui, F|
|teampreview
|inactive|Battle timer is ON: inactive players will automatically lose when time's up. (requested by kownish)
|inactive|Ladder me bruh has 120 seconds left.
|l|☆Ladder me bruh
|inactive|Ladder me bruh disconnected and has a minute to reconnect!
|player|p2|
|j|☆Ladder me bruh
|inactive|Ladder me bruh reconnected and has 100 seconds left.
|player|p2|Ladder me bruh|pokemaniac|
|inactive|Ladder me bruh has 90 seconds left.
|
|t:|1743884100
|start
|switch|p1a: Raging Bolt|Raging Bolt|100/100
|switch|p2a: Dragapult|Dragapult, M|100/100
|-enditem|p1a: Raging Bolt|Booster Energy
|-activate|p1a: Raging Bolt|ability: Protosynthesis|[fromitem]
|-start|p1a: Raging Bolt|protosynthesisspa
|turn|1
|inactive|Ladder me bruh has 120 seconds left.
|l|☆Ladder me bruh
|inactive|Ladder me bruh disconnected and has a minute to reconnect!
|player|p2|
|j|☆Ladder me bruh
|inactive|Ladder me bruh reconnected and has 115 seconds left.
|player|p2|Ladder me bruh|pokemaniac|
|
|t:|1743884146
|-end|p1a: Raging Bolt|Protosynthesis|[silent]
|switch|p1a: Gholdengo|Gholdengo|100/100
|-item|p1a: Gholdengo|Air Balloon
|move|p2a: Dragapult|U-turn|p1a: Gholdengo
|-resisted|p1a: Gholdengo
|-damage|p1a: Gholdengo|95/100
|-enditem|p1a: Gholdengo|Air Balloon
|inactive|Ladder me bruh has 90 seconds left.
|
|t:|1743884166
|switch|p2a: Samurott|Samurott-Hisui, F|100/100|[from] U-turn
|
|upkeep
|turn|2
|
|t:|1743884187
|switch|p1a: Landorus|Landorus-Therian, M|100/100
|-ability|p1a: Landorus|Intimidate|boost
|-unboost|p2a: Samurott|atk|1
|move|p2a: Samurott|Flip Turn|p1a: Landorus
|-supereffective|p1a: Landorus
|-damage|p1a: Landorus|66/100
|-damage|p2a: Samurott|84/100|[from] item: Rocky Helmet|[of] p1a: Landorus
|inactive|Ladder me bruh has 60 seconds left.
|
|t:|1743884204
|switch|p2a: Corviknight|Corviknight, M|100/100|[from] Flip Turn
|-ability|p2a: Corviknight|Pressure
|
|upkeep
|turn|3
|inactive|Ladder me bruh has 60 seconds left.
|
|t:|1743884229
|move|p1a: Landorus|Stealth Rock|p2a: Corviknight
|-sidestart|p2: Ladder me bruh|move: Stealth Rock
|move|p2a: Corviknight|Brave Bird|p1a: Landorus
|-damage|p1a: Landorus|29/100
|-damage|p2a: Corviknight|84/100|[from] item: Rocky Helmet|[of] p1a: Landorus
|-damage|p2a: Corviknight|72/100|[from] Recoil
|
|upkeep
|turn|4
|inactive|Ladder me bruh has 30 seconds left.
|
|t:|1743884261
|switch|p2a: Dragapult|Dragapult, M|100/100
|move|p1a: Landorus|Taunt|p2a: Dragapult
|-start|p2a: Dragapult|move: Taunt
|
|upkeep
|turn|5
|inactive|Ladder me bruh has 30 seconds left.
|inactive|Ladder me bruh has 20 seconds left.
|inactive|Ladder me bruh has 15 seconds left.
|
|t:|1743884285
|move|p2a: Dragapult|Dragon Darts|p1a: Landorus
|-damage|p1a: Landorus|6/100
|-anim|p2a: Dragapult|Dragon Darts|p1a: Landorus
|-damage|p1a: Landorus|0 fnt
|faint|p1a: Landorus
|
|upkeep
|inactive|Ladder me bruh has 20 seconds left this turn.
|
|t:|1743884301
|switch|p1a: Gholdengo|Gholdengo|95/100
|turn|6
|inactive|Ladder me bruh has 30 seconds left this turn.
|
|t:|1743884309
|move|p2a: Dragapult|U-turn|p1a: Gholdengo
|-resisted|p1a: Gholdengo
|-damage|p1a: Gholdengo|89/100
|inactive|Ladder me bruh has 30 seconds left.
|
|t:|1743884319
|switch|p2a: Samurott|Samurott-Hisui, F|84/100|[from] U-turn
|-damage|p2a: Samurott|72/100|[from] Stealth Rock
|move|p1a: Gholdengo|Make It Rain|p2a: Samurott
|-resisted|p2a: Samurott
|-damage|p2a: Samurott|25/100
|-unboost|p1a: Gholdengo|spa|1
|
|upkeep
|turn|7
|inactive|Ladder me bruh has 30 seconds left.
|inactive|Ladder me bruh has 20 seconds left.
|inactive|Ladder me bruh has 15 seconds left.
|
|t:|1743884340
|move|p2a: Samurott|Ceaseless Edge|p1a: Gholdengo
|-supereffective|p1a: Gholdengo
|-damage|p1a: Gholdengo|0 fnt
|-sidestart|p1: kownish|Spikes
|faint|p1a: Gholdengo
|
|upkeep
|inactive|Ladder me bruh has 20 seconds left this turn.
|
|t:|1743884356
|switch|p1a: Manaphy|Manaphy|100/100
|-damage|p1a: Manaphy|88/100|[from] Spikes
|turn|8
|inactive|Ladder me bruh has 30 seconds left this turn.
|inactive|Ladder me bruh has 20 seconds left.
|
|t:|1743884368
|move|p2a: Samurott|Ceaseless Edge|p1a: Manaphy|[miss]
|-miss|p2a: Samurott|p1a: Manaphy
|move|p1a: Manaphy|Energy Ball|p2a: Samurott
|-supereffective|p2a: Samurott
|-damage|p2a: Samurott|0 fnt
|faint|p2a: Samurott
|
|upkeep
|inactive|Ladder me bruh has 25 seconds left this turn.
|inactive|Ladder me bruh has 20 seconds left.
|inactive|Ladder me bruh has 15 seconds left.
|inactive|Ladder me bruh has 10 seconds left.
|
|t:|1743884384
|switch|p2a: Slowking|Slowking-Galar, F|100/100
|-damage|p2a: Slowking|88/100|[from] Stealth Rock
|turn|9
|inactive|Ladder me bruh has 20 seconds left this turn.
|inactive|Ladder me bruh has 15 seconds left.
|
|t:|1743884391
|move|p1a: Manaphy|Tail Glow|p1a: Manaphy
|-boost|p1a: Manaphy|spa|3
|move|p2a: Slowking|Sludge Bomb|p1a: Manaphy
|-damage|p1a: Manaphy|53/100
|
|upkeep
|turn|10
|inactive|Ladder me bruh has 25 seconds left this turn.
|inactive|Ladder me bruh has 20 seconds left.
|
|t:|1743884398
|move|p1a: Manaphy|Surf|p2a: Slowking
|-damage|p2a: Slowking|52/100
|move|p2a: Slowking|Sludge Bomb|p1a: Manaphy
|-damage|p1a: Manaphy|15/100
|
|upkeep
|turn|11
|inactive|Ladder me bruh has 30 seconds left this turn.
|
|t:|1743884409
|move|p1a: Manaphy|Surf|p2a: Slowking
|-damage|p2a: Slowking|15/100
|move|p2a: Slowking|Sludge Bomb|p1a: Manaphy
|-damage|p1a: Manaphy|0 fnt
|faint|p1a: Manaphy
|
|upkeep
|
|t:|1743884418
|switch|p1a: Darkrai|Darkrai|100/100
|turn|12
|inactive|Ladder me bruh has 30 seconds left.
|inactive|Ladder me bruh has 20 seconds left.
|inactive|Ladder me bruh has 15 seconds left.
|
|t:|1743884450
|switch|p2a: Garganacl|Garganacl, M|100/100
|-damage|p2a: Garganacl|88/100|[from] Stealth Rock
|move|p1a: Darkrai|Dark Pulse|p2a: Garganacl
|-damage|p2a: Garganacl|57/100
|
|-heal|p2a: Garganacl|63/100|[from] item: Leftovers
|upkeep
|turn|13
|inactive|Ladder me bruh has 25 seconds left this turn.
|inactive|Ladder me bruh has 20 seconds left.
|inactive|Ladder me bruh has 15 seconds left.
|inactive|Ladder me bruh has 10 seconds left.
|
|t:|1743884467
|move|p1a: Darkrai|Focus Blast|p2a: Garganacl
|-supereffective|p2a: Garganacl
|-damage|p2a: Garganacl|4/100
|move|p2a: Garganacl|Salt Cure|p1a: Darkrai
|-damage|p1a: Darkrai|83/100
|-start|p1a: Darkrai|Salt Cure
|
|-heal|p2a: Garganacl|10/100|[from] item: Leftovers
|-damage|p1a: Darkrai|71/100|[from] Salt Cure
|upkeep
|turn|14
|inactive|Ladder me bruh has 20 seconds left this turn.
|
|t:|1743884473
|move|p2a: Garganacl|Protect|p2a: Garganacl
|-singleturn|p2a: Garganacl|Protect
|move|p1a: Darkrai|Dark Pulse|p2a: Garganacl
|-activate|p2a: Garganacl|move: Protect
|
|-heal|p2a: Garganacl|16/100|[from] item: Leftovers
|-damage|p1a: Darkrai|59/100|[from] Salt Cure
|upkeep
|turn|15
|inactive|Ladder me bruh has 30 seconds left this turn.
|
|t:|1743884478
|move|p2a: Garganacl|Protect|p2a: Garganacl
|-singleturn|p2a: Garganacl|Protect
|move|p1a: Darkrai|Dark Pulse|p2a: Garganacl
|-activate|p2a: Garganacl|move: Protect
|
|-heal|p2a: Garganacl|23/100|[from] item: Leftovers
|-damage|p1a: Darkrai|46/100|[from] Salt Cure
|upkeep
|turn|16
|inactive|Ladder me bruh has 30 seconds left.
|
|t:|1743884483
|move|p2a: Garganacl|Protect||[still]
|-fail|p2a: Garganacl
|move|p1a: Darkrai|Dark Pulse|p2a: Garganacl
|-damage|p2a: Garganacl|0 fnt
|faint|p2a: Garganacl
|
|-damage|p1a: Darkrai|34/100|[from] Salt Cure
|upkeep
|inactive|Ladder me bruh has 30 seconds left.
|inactive|Ladder me bruh has 20 seconds left.
|inactive|Ladder me bruh has 15 seconds left.
|
|t:|1743884507
|switch|p2a: Dragapult|Dragapult, M|100/100
|turn|17
|inactive|Ladder me bruh has 25 seconds left this turn.
|inactive|Ladder me bruh has 20 seconds left.
|inactive|Ladder me bruh has 15 seconds left.
|
|t:|1743884522
|move|p2a: Dragapult|U-turn|p1a: Darkrai
|-supereffective|p1a: Darkrai
|-damage|p1a: Darkrai|0 fnt
|faint|p1a: Darkrai
|inactive|Ladder me bruh has 20 seconds left this turn.
|inactive|Ladder me bruh has 15 seconds left.
|
|t:|1743884529
|switch|p2a: Slowking|Slowking-Galar, F|48/100|[from] U-turn
|-damage|p2a: Slowking|36/100|[from] Stealth Rock
|
|upkeep
|inactive|Ladder me bruh has 20 seconds left this turn.
|
|t:|1743884551
|switch|p1a: Raging Bolt|Raging Bolt|100/100
|-damage|p1a: Raging Bolt|88/100|[from] Spikes
|turn|18
|inactive|Ladder me bruh has 30 seconds left this turn.
|inactive|Ladder me bruh has 20 seconds left.
|inactive|Ladder me bruh has 15 seconds left.
|inactive|Ladder me bruh has 10 seconds left.
|
|t:|1743884575
|move|p1a: Raging Bolt|Calm Mind|p1a: Raging Bolt
|-boost|p1a: Raging Bolt|spa|1
|-boost|p1a: Raging Bolt|spd|1
|move|p2a: Slowking|Sludge Bomb|p1a: Raging Bolt
|-damage|p1a: Raging Bolt|68/100
|
|upkeep
|turn|19
|inactive|Ladder me bruh has 20 seconds left this turn.
|inactive|Ladder me bruh has 15 seconds left.
|
|t:|1743884583
|move|p1a: Raging Bolt|Thunderbolt|p2a: Slowking
|-damage|p2a: Slowking|4/100
|move|p2a: Slowking|Sludge Bomb|p1a: Raging Bolt
|-damage|p1a: Raging Bolt|48/100
|
|upkeep
|turn|20
|inactive|Ladder me bruh has 25 seconds left this turn.
|inactive|Ladder me bruh has 20 seconds left.
|inactive|Ladder me bruh has 15 seconds left.
|inactive|Ladder me bruh has 10 seconds left.
|inactive|kownish has 120 seconds left.
|
|t:|1743884610
|switch|p2a: Weezing|Weezing-Galar, F|100/100
|-ability|p2a: Weezing|Neutralizing Gas
|move|p1a: Raging Bolt|Thunderbolt|p2a: Weezing
|-damage|p2a: Weezing|0 fnt
|faint|p2a: Weezing
|-end|p2a: Weezing|ability: Neutralizing Gas
|
|upkeep
|inactive|Ladder me bruh has 15 seconds left this turn.
|inactive|Ladder me bruh has 10 seconds left.
|inactive|Ladder me bruh has 5 seconds left.
|-message|Ladder me bruh lost due to inactivity.
|
|win|kownish
|raw|kownish's rating: 1542 &rarr; <strong>1558</strong><br />(+16 for winning)
|raw|Ladder me bruh's rating: 1476 &rarr; <strong>1460</strong><br />(-16 for losing)
|l|☆Ladder me bruh
|player|p2|
|l|☆kownish
|player|p1|
|j|☆Ladder me bruh
|player|p2|Ladder me bruh|pokemaniac|
