|badge|p1|bronze|gen9ou|100-5
|uhtml|medal-msg|<div class="broadcast-blue">Curious what those medals under the avatar are? PS now has Ladder Seasons! For more information, check out the <a href="https://www.smogon.com/forums/threads/3740067/">thread on Smogon.</a></div>
|badge|p2|bronze|gen9ou|100-5
|uhtml|medal-msg|<div class="broadcast-blue">Curious what those medals under the avatar are? PS now has Ladder Seasons! For more information, check out the <a href="https://www.smogon.com/forums/threads/3740067/">thread on Smogon.</a></div>
|j|☆Johnny tots
|j|☆mr.diversity
|t:|1743816867
|gametype|singles
|player|p1|Johnny tots|2|1835
|player|p2|mr.diversity|bruno|1895
|teamsize|p1|6
|teamsize|p2|6
|gen|9
|tier|[Gen 9] OU
|rated|
|rule|HP Percentage Mod: HP is shown in percentages
|rule|Endless Battle Clause: Forcing endless battles is banned
|rule|Species Clause: Limit one of each Pokémon
|rule|OHKO Clause: OHKO moves are banned
|rule|Evasion Items Clause: Evasion items are banned
|rule|Evasion Moves Clause: Evasion moves are banned
|rule|Sleep Moves Clause: Sleep-inducing moves are banned
|clearpoke
|poke|p1|Clefable, F|
|poke|p1|Dragonite, M|
|poke|p1|Thundurus-Therian, M|
|poke|p1|Manaphy|
|poke|p1|Iron Valiant|
|poke|p1|Klefki, M|
|poke|p2|Landorus-Therian, M|
|poke|p2|Cinderace, M|
|poke|p2|Great Tusk|
|poke|p2|Heatran, F|
|poke|p2|Clodsire, F|
|poke|p2|Armarouge, F|
|teampreview
|inactive|Battle timer is ON: inactive players will automatically lose when time's up. (requested by mr.diversity)
|j| spicy boii
|j| tonyrayyy
|
|t:|1743816897
|start
|switch|p1a: Klefki|Klefki, M|100/100
|switch|p2a: Landorus|Landorus-Therian, M|100/100
|-ability|p2a: Landorus|Intimidate|boost
|-unboost|p1a: Klefki|atk|1
|turn|1
|l| tonyrayyy
|
|t:|1743816904
|move|p1a: Klefki|Reflect|p1a: Klefki
|-sidestart|p1: Johnny tots|Reflect
|move|p2a: Landorus|Stone Edge|p1a: Klefki
|-resisted|p1a: Klefki
|-damage|p1a: Klefki|88/100
|
|upkeep
|turn|2
|j| tonyrayyy
|
|t:|1743816910
|switch|p2a: Heatran|Heatran, F|100/100
|move|p1a: Klefki|Light Screen|p1a: Klefki
|-sidestart|p1: Johnny tots|move: Light Screen
|
|upkeep
|turn|3
|
|t:|1743816912
|move|p1a: Klefki|Thunder Wave|p2a: Heatran
|-status|p2a: Heatran|par
|cant|p2a: Heatran|par
|
|upkeep
|turn|4
|
|t:|1743816915
|switch|p1a: Manaphy|Manaphy|100/100
|move|p2a: Heatran|Magma Storm|p1a: Manaphy
|-resisted|p1a: Manaphy
|-damage|p1a: Manaphy|82/100
|-activate|p1a: Manaphy|move: Magma Storm|[of] p2a: Heatran
|
|-heal|p1a: Manaphy|88/100|[from] item: Leftovers
|-damage|p1a: Manaphy|76/100|[from] move: Magma Storm|[partiallytrapped]
|upkeep
|turn|5
|
|t:|1743816917
|switch|p2a: Clodsire|Clodsire, F|100/100
|move|p1a: Manaphy|Take Heart|p1a: Manaphy
|-boost|p1a: Manaphy|spa|1
|-boost|p1a: Manaphy|spd|1
|
|-heal|p1a: Manaphy|82/100|[from] item: Leftovers
|-end|p1a: Manaphy|Magma Storm|[partiallytrapped]|[silent]
|upkeep
|turn|6
|
|t:|1743816923
|move|p1a: Manaphy|Take Heart|p1a: Manaphy
|-boost|p1a: Manaphy|spa|1
|-boost|p1a: Manaphy|spd|1
|move|p2a: Clodsire|Stealth Rock|p1a: Manaphy
|-sidestart|p1: Johnny tots|move: Stealth Rock
|
|-heal|p1a: Manaphy|88/100|[from] item: Leftovers
|upkeep
|turn|7
|
|t:|1743816926
|move|p1a: Manaphy|Take Heart|p1a: Manaphy
|-boost|p1a: Manaphy|spa|1
|-boost|p1a: Manaphy|spd|1
|move|p2a: Clodsire|Toxic|p1a: Manaphy
|-status|p1a: Manaphy|tox
|
|-heal|p1a: Manaphy|94/100 tox|[from] item: Leftovers
|-damage|p1a: Manaphy|88/100 tox|[from] psn
|upkeep
|turn|8
|
|t:|1743816932
|switch|p2a: Cinderace|Cinderace, M|100/100
|move|p1a: Manaphy|Stored Power|p2a: Cinderace
|-damage|p2a: Cinderace|0 fnt
|faint|p2a: Cinderace
|
|-heal|p1a: Manaphy|94/100 tox|[from] item: Leftovers
|-damage|p1a: Manaphy|82/100 tox|[from] psn
|-sideend|p1: Johnny tots|Reflect
|upkeep
|
|t:|1743816939
|switch|p2a: Landorus|Landorus-Therian, M|100/100
|-ability|p2a: Landorus|Intimidate|boost
|-unboost|p1a: Manaphy|atk|1
|turn|9
|
|t:|1743816945
|-terastallize|p1a: Manaphy|Grass
|-terastallize|p2a: Landorus|Flying
|move|p1a: Manaphy|Acid Armor|p1a: Manaphy
|-boost|p1a: Manaphy|def|2
|move|p2a: Landorus|Tera Blast|p1a: Manaphy|[anim] Tera Blast Flying
|-supereffective|p1a: Manaphy
|-damage|p1a: Manaphy|0 fnt
|faint|p1a: Manaphy
|
|-sideend|p1: Johnny tots|move: Light Screen
|upkeep
|
|t:|1743816958
|switch|p1a: Klefki|Klefki, M|88/100
|-damage|p1a: Klefki|82/100|[from] Stealth Rock
|turn|10
|
|t:|1743816965
|switch|p2a: Heatran|Heatran, F|100/100 par
|move|p1a: Klefki|Spikes|p2a: Heatran
|-sidestart|p2: mr.diversity|Spikes
|
|upkeep
|turn|11
|
|t:|1743816969
|move|p1a: Klefki|Light Screen|p1a: Klefki
|-sidestart|p1: Johnny tots|move: Light Screen
|move|p2a: Heatran|Magma Storm|p1a: Klefki
|-supereffective|p1a: Klefki
|-damage|p1a: Klefki|0 fnt
|faint|p1a: Klefki
|
|upkeep
|j| EndlessDark9
|
|t:|1743816985
|switch|p1a: Iron Valiant|Iron Valiant|100/100
|-damage|p1a: Iron Valiant|94/100|[from] Stealth Rock
|-enditem|p1a: Iron Valiant|Booster Energy
|-activate|p1a: Iron Valiant|ability: Quark Drive|[fromitem]
|-start|p1a: Iron Valiant|quarkdrivespe
|turn|12
|
|t:|1743816988
|move|p1a: Iron Valiant|Calm Mind|p1a: Iron Valiant
|-boost|p1a: Iron Valiant|spa|1
|-boost|p1a: Iron Valiant|spd|1
|move|p2a: Heatran|Magma Storm|p1a: Iron Valiant
|-damage|p1a: Iron Valiant|41/100
|-activate|p1a: Iron Valiant|move: Magma Storm|[of] p2a: Heatran
|
|-damage|p1a: Iron Valiant|29/100|[from] move: Magma Storm|[partiallytrapped]
|upkeep
|turn|13
|
|t:|1743816992
|move|p1a: Iron Valiant|Moonblast|p2a: Heatran
|-resisted|p2a: Heatran
|-damage|p2a: Heatran|86/100 par
|cant|p2a: Heatran|par
|
|-damage|p1a: Iron Valiant|16/100|[from] move: Magma Storm|[partiallytrapped]
|upkeep
|turn|14
|
|t:|1743816997
|move|p1a: Iron Valiant|Shadow Ball|p2a: Heatran
|-damage|p2a: Heatran|52/100 par
|-unboost|p2a: Heatran|spd|1
|move|p2a: Heatran|Magma Storm|p1a: Iron Valiant
|-damage|p1a: Iron Valiant|0 fnt
|faint|p1a: Iron Valiant
|-end|p1a: Iron Valiant|Quark Drive|[silent]
|
|upkeep
|
|t:|1743817003
|switch|p1a: Thundurus|Thundurus-Therian, M|100/100
|turn|15
|
|t:|1743817004
|move|p1a: Thundurus|Agility|p1a: Thundurus
|-boost|p1a: Thundurus|spe|2
|cant|p2a: Heatran|par
|
|upkeep
|turn|16
|
|t:|1743817006
|move|p1a: Thundurus|Nasty Plot|p1a: Thundurus
|-boost|p1a: Thundurus|spa|2
|move|p2a: Heatran|Magma Storm|p1a: Thundurus
|-damage|p1a: Thundurus|48/100
|-activate|p1a: Thundurus|move: Magma Storm|[of] p2a: Heatran
|
|-damage|p1a: Thundurus|36/100|[from] move: Magma Storm|[partiallytrapped]
|upkeep
|turn|17
|
|t:|1743817013
|move|p1a: Thundurus|Nasty Plot|p1a: Thundurus
|-boost|p1a: Thundurus|spa|2
|move|p2a: Heatran|Magma Storm|p1a: Thundurus|[miss]
|-miss|p2a: Heatran|p1a: Thundurus
|
|-damage|p1a: Thundurus|24/100|[from] move: Magma Storm|[partiallytrapped]
|upkeep
|turn|18
|
|t:|1743817017
|move|p1a: Thundurus|Thunderbolt|p2a: Heatran
|-damage|p2a: Heatran|0 fnt
|faint|p2a: Heatran
|
|-end|p1a: Thundurus|Magma Storm|[partiallytrapped]|[silent]
|-sideend|p1: Johnny tots|move: Light Screen
|upkeep
|
|t:|1743817021
|switch|p2a: Clodsire|Clodsire, F|100/100
|-damage|p2a: Clodsire|88/100|[from] Spikes
|turn|19
|
|t:|1743817025
|move|p1a: Thundurus|Grass Knot|p2a: Clodsire
|-damage|p2a: Clodsire|15/100
|move|p2a: Clodsire|Toxic|p1a: Thundurus
|-status|p1a: Thundurus|tox
|
|-heal|p2a: Clodsire|21/100|[from] item: Leftovers
|-damage|p1a: Thundurus|18/100 tox|[from] psn
|upkeep
|turn|20
|
|t:|1743817030
|move|p1a: Thundurus|Grass Knot|p2a: Clodsire
|-damage|p2a: Clodsire|0 fnt
|faint|p2a: Clodsire
|
|-damage|p1a: Thundurus|5/100 tox|[from] psn
|upkeep
|
|t:|1743817032
|switch|p2a: Armarouge|Armarouge, F|100/100
|-damage|p2a: Armarouge|88/100|[from] Spikes
|turn|21
|
|t:|1743817036
|switch|p1a: Clefable|Clefable, F|100/100
|move|p2a: Armarouge|Endure||[still]
|-fail|p2a: Armarouge
|
|upkeep
|turn|22
|
|t:|1743817042
|switch|p1a: Thundurus|Thundurus-Therian, M|5/100 tox
|move|p2a: Armarouge|Armor Cannon|p1a: Thundurus
|-damage|p1a: Thundurus|0 fnt
|-unboost|p2a: Armarouge|def|1
|-unboost|p2a: Armarouge|spd|1
|faint|p1a: Thundurus
|
|upkeep
|
|t:|1743817045
|switch|p1a: Dragonite|Dragonite, M|100/100
|turn|23
|
|t:|1743817047
|move|p2a: Armarouge|Armor Cannon|p1a: Dragonite
|-resisted|p1a: Dragonite
|-damage|p1a: Dragonite|85/100
|-unboost|p2a: Armarouge|def|1
|-unboost|p2a: Armarouge|spd|1
|move|p1a: Dragonite|Dragon Dance|p1a: Dragonite
|-boost|p1a: Dragonite|atk|1
|-boost|p1a: Dragonite|spe|1
|
|upkeep
|turn|24
|
|t:|1743817050
|switch|p2a: Great Tusk|Great Tusk|100/100
|-damage|p2a: Great Tusk|88/100|[from] Spikes
|-enditem|p2a: Great Tusk|Booster Energy
|-activate|p2a: Great Tusk|ability: Protosynthesis|[fromitem]
|-start|p2a: Great Tusk|protosynthesisatk
|move|p1a: Dragonite|Dragon Dance|p1a: Dragonite
|-boost|p1a: Dragonite|atk|1
|-boost|p1a: Dragonite|spe|1
|
|upkeep
|turn|25
|j| electronno
|
|t:|1743817052
|move|p1a: Dragonite|Ice Spinner|p2a: Great Tusk
|-supereffective|p2a: Great Tusk
|-damage|p2a: Great Tusk|0 fnt
|faint|p2a: Great Tusk
|-end|p2a: Great Tusk|Protosynthesis|[silent]
|
|upkeep
|
|t:|1743817054
|switch|p2a: Landorus|Landorus-Therian, M, tera:Flying|100/100
|-ability|p2a: Landorus|Intimidate|boost
|-unboost|p1a: Dragonite|atk|1
|turn|26
|
|t:|1743817057
|move|p1a: Dragonite|Ice Spinner|p2a: Landorus
|-supereffective|p2a: Landorus
|-damage|p2a: Landorus|3/100
|move|p2a: Landorus|Stone Edge|p1a: Dragonite
|-supereffective|p1a: Dragonite
|-damage|p1a: Dragonite|0 fnt
|faint|p1a: Dragonite
|
|upkeep
|
|t:|1743817065
|switch|p1a: Clefable|Clefable, F|100/100
|turn|27
|
|t:|1743817068
|switch|p2a: Armarouge|Armarouge, F|88/100
|-damage|p2a: Armarouge|76/100|[from] Spikes
|move|p1a: Clefable|Moonblast|p2a: Armarouge
|-resisted|p2a: Armarouge
|-damage|p2a: Armarouge|50/100
|
|upkeep
|turn|28
|
|t:|1743817074
|move|p2a: Armarouge|Armor Cannon|p1a: Clefable
|-damage|p1a: Clefable|47/100
|-unboost|p2a: Armarouge|def|1
|-unboost|p2a: Armarouge|spd|1
|move|p1a: Clefable|Moonblast|p2a: Armarouge
|-resisted|p2a: Armarouge
|-damage|p2a: Armarouge|12/100
|-unboost|p2a: Armarouge|spa|1
|
|-heal|p1a: Clefable|53/100|[from] item: Leftovers
|upkeep
|turn|29
|
|t:|1743817077
|move|p2a: Armarouge|Armor Cannon|p1a: Clefable
|-damage|p1a: Clefable|14/100
|-unboost|p2a: Armarouge|def|1
|-unboost|p2a: Armarouge|spd|1
|move|p1a: Clefable|Moonblast|p2a: Armarouge
|-resisted|p2a: Armarouge
|-damage|p2a: Armarouge|0 fnt
|faint|p2a: Armarouge
|
|-heal|p1a: Clefable|20/100|[from] item: Leftovers
|upkeep
|
|t:|1743817080
|switch|p2a: Landorus|Landorus-Therian, M, tera:Flying|3/100
|-ability|p2a: Landorus|Intimidate|boost
|-unboost|p1a: Clefable|atk|1
|turn|30
|
|t:|1743817082
|move|p2a: Landorus|Tera Blast|p1a: Clefable|[anim] Tera Blast Flying
|-damage|p1a: Clefable|0 fnt
|faint|p1a: Clefable
|
|win|mr.diversity
|raw|Johnny tots's rating: 1835 &rarr; <strong>1818</strong><br />(-17 for losing)
|raw|mr.diversity's rating: 1895 &rarr; <strong>1912</strong><br />(+17 for winning)
|l|☆Johnny tots
|player|p1|
|l|☆mr.diversity
|player|p2|
|l| electronno
|l| EndlessDark9
