|j|☆zywlj
|j|☆sauceybake
|t:|1743784140
|gametype|singles
|player|p1|zywlj|lucas|
|player|p2|sauceybake|riley|
|teamsize|p1|6
|teamsize|p2|6
|gen|9
|tier|[Gen 9] OU
|rule|HP Percentage Mod: HP is shown in percentages
|rule|Endless Battle Clause: Forcing endless battles is banned
|rule|Species Clause: Limit one of each Pokémon
|rule|OHKO Clause: OHKO moves are banned
|rule|Evasion Items Clause: Evasion items are banned
|rule|Evasion Moves Clause: Evasion moves are banned
|rule|Sleep Moves Clause: Sleep-inducing moves are banned
|clearpoke
|poke|p1|Garchomp, F|
|poke|p1|Incineroar, F|
|poke|p1|Garganacl, F|
|poke|p1|Darkrai|
|poke|p1|Gliscor, F|
|poke|p1|Meowscarada, F|
|poke|p2|Cobalion|
|poke|p2|Cetitan, M|
|poke|p2|Swalot, M|
|poke|p2|Conkeldurr, F|
|poke|p2|Araquanid, M|
|poke|p2|Carkol, M|
|teampreview
|c|☆sauceybake|:)
|
|t:|1743784162
|start
|switch|p1a: Garchomp|Garchomp, F|100/100
|switch|p2a: Carkol|Carkol, M, shiny|100/100
|turn|1
|
|t:|1743784199
|move|p1a: Garchomp|Substitute|p1a: Garchomp
|-start|p1a: Garchomp|Substitute
|-damage|p1a: Garchomp|76/100
|move|p2a: Carkol|Stealth Rock|p1a: Garchomp
|-sidestart|p1: zywlj|move: Stealth Rock
|
|-heal|p1a: Garchomp|82/100|[from] item: Leftovers
|upkeep
|turn|2
|c|☆zywlj|I realized that i can use the Voice
|c|☆sauceybake|the voice?
|c|☆zywlj|I can't 语音输入
|
|t:|1743784306
|move|p1a: Garchomp|Swords Dance|p1a: Garchomp
|-boost|p1a: Garchomp|atk|2
|move|p2a: Carkol|Body Press|p1a: Garchomp
|-activate|p1a: Garchomp|move: Substitute|[damage]
|
|-heal|p1a: Garchomp|88/100|[from] item: Leftovers
|upkeep
|turn|3
|c|☆sauceybake|oooh
|c|☆sauceybake|cool
|c|☆zywlj|I can say  but i can't spell
|c|☆sauceybake|that is good
|c|☆zywlj|I think you will understand me
|c|☆sauceybake|I do understand you :)
|c|☆zywlj|My english grades is not very good
|
|t:|1743784386
|move|p1a: Garchomp|Swords Dance|p1a: Garchomp
|-boost|p1a: Garchomp|atk|2
|move|p2a: Carkol|Body Press|p1a: Garchomp
|-end|p1a: Garchomp|Substitute
|
|-heal|p1a: Garchomp|94/100|[from] item: Leftovers
|upkeep
|turn|4
|c|☆sauceybake|don't give up
|
|t:|1743784400
|move|p1a: Garchomp|Substitute|p1a: Garchomp
|-start|p1a: Garchomp|Substitute
|-damage|p1a: Garchomp|69/100
|move|p2a: Carkol|Body Press|p1a: Garchomp
|-activate|p1a: Garchomp|move: Substitute|[damage]
|
|-heal|p1a: Garchomp|75/100|[from] item: Leftovers
|upkeep
|turn|5
|inactive|Battle timer is ON: inactive players will automatically lose when time's up. (requested by sauceybake)
|c|☆zywlj|I am making effort
|inactiveoff|Battle timer is now OFF.
|
|t:|1743784432
|move|p1a: Garchomp|Earthquake|p2a: Carkol
|-supereffective|p2a: Carkol
|-damage|p2a: Carkol|0 fnt
|faint|p2a: Carkol
|
|-heal|p1a: Garchomp|81/100|[from] item: Leftovers
|upkeep
|c|☆sauceybake|that is good
|c|☆sauceybake|thats what matters
|
|t:|1743784482
|switch|p2a: Cetitan|Cetitan, M, shiny|100/100
|turn|6
|c|☆zywlj|yes
|
|t:|1743784498
|move|p2a: Cetitan|Ice Shard|p1a: Garchomp
|-supereffective|p1a: Garchomp
|-end|p1a: Garchomp|Substitute
|move|p1a: Garchomp|Earthquake|p2a: Cetitan
|-damage|p2a: Cetitan|0 fnt
|faint|p2a: Cetitan
|
|-heal|p1a: Garchomp|88/100|[from] item: Leftovers
|upkeep
|
|t:|1743784526
|switch|p2a: Cobalion|Cobalion|100/100
|turn|7
|
|t:|1743784530
|-terastallize|p2a: Cobalion|Flying
|move|p1a: Garchomp|Earthquake|p2a: Cobalion
|-immune|p2a: Cobalion
|move|p2a: Cobalion|Iron Defense|p2a: Cobalion
|-boost|p2a: Cobalion|def|2
|
|-heal|p1a: Garchomp|94/100|[from] item: Leftovers
|upkeep
|turn|8
|
|t:|1743784542
|move|p1a: Garchomp|Substitute|p1a: Garchomp
|-start|p1a: Garchomp|Substitute
|-damage|p1a: Garchomp|69/100
|move|p2a: Cobalion|Body Press|p1a: Garchomp
|-end|p1a: Garchomp|Substitute
|
|-heal|p1a: Garchomp|75/100|[from] item: Leftovers
|upkeep
|turn|9
|
|t:|1743784551
|move|p1a: Garchomp|Swords Dance|p1a: Garchomp
|-boost|p1a: Garchomp|atk|2
|move|p2a: Cobalion|Body Press|p1a: Garchomp
|-damage|p1a: Garchomp|4/100
|-damage|p2a: Cobalion|88/100|[from] ability: Rough Skin|[of] p1a: Garchomp
|
|-heal|p1a: Garchomp|11/100|[from] item: Leftovers
|-heal|p2a: Cobalion|94/100|[from] item: Leftovers
|upkeep
|turn|10
|
|t:|1743784562
|move|p1a: Garchomp|Scale Shot|p2a: Cobalion
|-damage|p2a: Cobalion|76/100
|-damage|p2a: Cobalion|58/100
|-damage|p2a: Cobalion|39/100
|-hitcount|p2a: Cobalion|3
|-unboost|p1a: Garchomp|def|1
|-boost|p1a: Garchomp|spe|1
|move|p2a: Cobalion|Flash Cannon|p1a: Garchomp
|-damage|p1a: Garchomp|0 fnt
|faint|p1a: Garchomp
|
|-heal|p2a: Cobalion|45/100|[from] item: Leftovers
|upkeep
|
|t:|1743784580
|switch|p1a: Darkrai|Darkrai|100/100
|-damage|p1a: Darkrai|88/100|[from] Stealth Rock
|turn|11
|
|t:|1743784629
|switch|p2a: Swalot|Swalot, M, shiny|100/100
|move|p1a: Darkrai|Ice Beam|p2a: Swalot
|-damage|p2a: Swalot|80/100
|
|upkeep
|turn|12
|c|☆sauceybake|Im 17
|
|t:|1743784673
|move|p1a: Darkrai|Nasty Plot|p1a: Darkrai
|-boost|p1a: Darkrai|spa|2
|move|p2a: Swalot|Mud-Slap|p1a: Darkrai
|-damage|p1a: Darkrai|83/100
|-unboost|p1a: Darkrai|accuracy|1
|
|upkeep
|turn|13
|c|☆zywlj|Maybe we can be friends
|c|☆zywlj|M eighteeim
|
|t:|1743784818
|move|p1a: Darkrai|Dark Pulse|p2a: Swalot
|-damage|p2a: Swalot|24/100
|move|p2a: Swalot|Body Press|p1a: Darkrai
|-supereffective|p1a: Darkrai
|-damage|p1a: Darkrai|24/100
|
|upkeep
|turn|14
|
|t:|1743784829
|move|p1a: Darkrai|Dark Pulse|p2a: Swalot
|-damage|p2a: Swalot|0 fnt
|faint|p2a: Swalot
|
|upkeep
|c|☆sauceybake|maybe
|
|t:|1743784839
|switch|p2a: Araquanid|Araquanid, M|100/100
|turn|15
|c|☆zywlj|Do you know wechat ？
|c|☆zywlj|Most of chinese use this
|
|t:|1743784908
|switch|p1a: Meowscarada|Meowscarada, F|100/100
|-damage|p1a: Meowscarada|88/100|[from] Stealth Rock
|move|p2a: Araquanid|Leech Life|p1a: Meowscarada
|-supereffective|p1a: Meowscarada
|-damage|p1a: Meowscarada|0 fnt
|faint|p1a: Meowscarada
|
|upkeep
|
|t:|1743784928
|switch|p1a: Gliscor|Gliscor, F|100/100
|-damage|p1a: Gliscor|88/100|[from] Stealth Rock
|turn|16
|
|t:|1743784947
|move|p1a: Gliscor|Toxic|p2a: Araquanid
|-status|p2a: Araquanid|tox
|move|p2a: Araquanid|Surf|p1a: Gliscor
|-supereffective|p1a: Gliscor
|-damage|p1a: Gliscor|0 fnt
|faint|p1a: Gliscor
|
|-damage|p2a: Araquanid|94/100 tox|[from] psn
|upkeep
|
|t:|1743784957
|switch|p1a: Garganacl|Garganacl, F, shiny|100/100
|-damage|p1a: Garganacl|88/100|[from] Stealth Rock
|turn|17
|c|☆sauceybake|I don't know it
|
|t:|1743784971
|move|p2a: Araquanid|Sticky Web|p1a: Garganacl
|-sidestart|p1: zywlj|move: Sticky Web
|move|p1a: Garganacl|Stealth Rock|p2a: Araquanid
|-sidestart|p2: sauceybake|move: Stealth Rock
|
|-heal|p1a: Garganacl|94/100|[from] item: Leftovers
|-damage|p2a: Araquanid|82/100 tox|[from] psn
|upkeep
|turn|18
|
|t:|1743784979
|move|p2a: Araquanid|Surf|p1a: Garganacl
|-supereffective|p1a: Garganacl
|-damage|p1a: Garganacl|3/100
|move|p1a: Garganacl|Salt Cure|p2a: Araquanid
|-supereffective|p2a: Araquanid
|-damage|p2a: Araquanid|56/100 tox
|-start|p2a: Araquanid|Salt Cure
|
|-heal|p1a: Garganacl|9/100|[from] item: Leftovers
|-damage|p2a: Araquanid|38/100 tox|[from] psn
|-damage|p2a: Araquanid|13/100 tox|[from] Salt Cure
|upkeep
|turn|19
|c|☆sauceybake|I sent you a friend request herre
|
|t:|1743784997
|move|p2a: Araquanid|Leech Life|p1a: Garganacl
|-crit|p1a: Garganacl
|-damage|p1a: Garganacl|0 fnt
|-heal|p2a: Araquanid|18/100 tox|[from] drain|[of] p1a: Garganacl
|faint|p1a: Garganacl
|
|-damage|p2a: Araquanid|0 fnt|[from] psn
|faint|p2a: Araquanid
|upkeep
|
|t:|1743785010
|switch|p2a: Cobalion|Cobalion, tera:Flying|45/100
|switch|p1a: Incineroar|Incineroar, F|100/100
|-damage|p2a: Cobalion|21/100|[from] Stealth Rock
|-damage|p1a: Incineroar|76/100|[from] Stealth Rock
|-activate|p1a: Incineroar|move: Sticky Web
|-unboost|p1a: Incineroar|spe|1
|-ability|p1a: Incineroar|Intimidate|boost
|-unboost|p2a: Cobalion|atk|1
|turn|20
|
|t:|1743785026
|move|p2a: Cobalion|Body Press|p1a: Incineroar
|-supereffective|p1a: Incineroar
|-damage|p1a: Incineroar|24/100
|-enditem|p1a: Incineroar|Sitrus Berry|[eat]
|-heal|p1a: Incineroar|49/100|[from] item: Sitrus Berry
|move|p1a: Incineroar|Darkest Lariat|p2a: Cobalion
|-damage|p2a: Cobalion|0 fnt
|faint|p2a: Cobalion
|
|upkeep
|c|☆sauceybake|I do not use the internet as much as most poeple
|
|t:|1743785038
|switch|p2a: Conkeldurr|Conkeldurr, F|100/100
|-damage|p2a: Conkeldurr|94/100|[from] Stealth Rock
|turn|21
|
|t:|1743785043
|move|p2a: Conkeldurr|Substitute|p2a: Conkeldurr
|-start|p2a: Conkeldurr|Substitute
|-damage|p2a: Conkeldurr|69/100
|move|p1a: Incineroar|Will-O-Wisp||[still]
|-fail|p1a: Incineroar
|
|upkeep
|turn|22
|
|t:|1743785052
|move|p2a: Conkeldurr|Drain Punch|p1a: Incineroar
|-supereffective|p1a: Incineroar
|-damage|p1a: Incineroar|0 fnt
|-heal|p2a: Conkeldurr|93/100|[from] drain|[of] p1a: Incineroar
|faint|p1a: Incineroar
|
|upkeep
|c|☆zywlj|It's not a bad thing
|c|☆sauceybake|that is very true
|c|☆zywlj|Sometimes internet can be bad  To us
|c|☆zywlj|It's time to go to sleep
|c|☆sauceybake|I believe that too. Society is falling apart in many ways, and the internet contributes
|c|☆zywlj|I should  sleep
|c|☆zywlj|We can  Chat tomorrow
|
|t:|1743785259
|switch|p1a: Darkrai|Darkrai|24/100
|-damage|p1a: Darkrai|12/100|[from] Stealth Rock
|-activate|p1a: Darkrai|move: Sticky Web
|-unboost|p1a: Darkrai|spe|1
|turn|23
|c|☆sauceybake|okay
|
|t:|1743785274
|-terastallize|p1a: Darkrai|Poison
|-singleturn|p2a: Conkeldurr|move: Focus Punch
|move|p1a: Darkrai|Ice Beam|p2a: Conkeldurr
|-end|p2a: Conkeldurr|Substitute
|move|p2a: Conkeldurr|Focus Punch|p1a: Darkrai
|-resisted|p1a: Darkrai
|-damage|p1a: Darkrai|0 fnt
|faint|p1a: Darkrai
|
|win|sauceybake
|c|☆sauceybake|maybe
|c|☆sauceybake|good night
|l|☆zywlj
|player|p1|
