|j|☆OrangeSammy
|j|☆SailorPeabody9
|t:|1743829526
|gametype|singles
|player|p1|OrangeSammy|boarder|1098
|player|p2|SailorPeabody9|wattson|1069
|teamsize|p1|6
|teamsize|p2|6
|gen|9
|tier|[Gen 9] OU
|rated|
|rule|HP Percentage Mod: HP is shown in percentages
|rule|Endless Battle Clause: Forcing endless battles is banned
|rule|Species Clause: Limit one of each Pokémon
|rule|OHKO Clause: OHKO moves are banned
|rule|Evasion Items Clause: Evasion items are banned
|rule|Evasion Moves Clause: Evasion moves are banned
|rule|Sleep Moves Clause: Sleep-inducing moves are banned
|clearpoke
|poke|p1|Dragapult, F|
|poke|p1|Cinderace, F|
|poke|p1|Ogerpon-Wellspring, F|
|poke|p1|Corviknight, M|
|poke|p1|Slowking-Galar, F|
|poke|p1|Iron Valiant|
|poke|p2|Appletun, F|
|poke|p2|Dachsbun, M|
|poke|p2|Grafaiai, M|
|poke|p2|Malamar, F|
|poke|p2|Muk-Alola, F|
|poke|p2|Braviary, M|
|teampreview
|
|t:|1743829542
|start
|switch|p1a: Slowking|Slowking-Galar, F|100/100
|switch|p2a: Malamar|Malamar, F, shiny|100/100
|turn|1
|
|t:|1743829557
|-terastallize|p2a: Malamar|Stellar
|-terastallize|p1a: Slowking|Fairy
|move|p2a: Malamar|Knock Off|p1a: Slowking
|-resisted|p1a: Slowking
|-damage|p1a: Slowking|72/100
|-enditem|p1a: Slowking|Assault Vest|[from] move: Knock Off|[of] p2a: Malamar
|move|p1a: Slowking|Tera Blast|p2a: Malamar|[anim] Tera Blast Fairy
|-supereffective|p2a: Malamar
|-damage|p2a: Malamar|6/100
|
|-heal|p2a: Malamar|12/100|[from] item: Leftovers
|upkeep
|turn|2
|
|t:|1743829582
|switch|p2a: Muk|Muk-Alola, F|100/100
|move|p1a: Slowking|Sludge Bomb|p2a: Muk
|-resisted|p2a: Muk
|-damage|p2a: Muk|84/100
|
|-heal|p2a: Muk|90/100|[from] item: Black Sludge
|upkeep
|turn|3
|
|t:|1743829616
|switch|p1a: Corviknight|Corviknight, M, shiny|100/100
|move|p2a: Muk|Poison Fang|p1a: Corviknight
|-immune|p1a: Corviknight
|
|-heal|p2a: Muk|97/100|[from] item: Black Sludge
|upkeep
|turn|4
|
|t:|1743829626
|switch|p2a: Malamar|Malamar, F, shiny, tera:Stellar|12/100
|move|p1a: Corviknight|Tailwind|p1a: Corviknight
|-sidestart|p1: OrangeSammy|move: Tailwind
|
|-heal|p2a: Malamar|19/100|[from] item: Leftovers
|upkeep
|turn|5
|
|t:|1743829638
|move|p1a: Corviknight|Body Press|p2a: Malamar
|-damage|p2a: Malamar|0 fnt
|faint|p2a: Malamar
|
|upkeep
|
|t:|1743829648
|switch|p2a: Appletun|Appletun, F|100/100
|turn|6
|
|t:|1743829652
|move|p1a: Corviknight|Brave Bird|p2a: Appletun
|-supereffective|p2a: Appletun
|-damage|p2a: Appletun|36/100
|-damage|p1a: Corviknight|78/100|[from] Recoil
|move|p2a: Appletun|Iron Defense|p2a: Appletun
|-boost|p2a: Appletun|def|2
|
|-heal|p1a: Corviknight|84/100|[from] item: Leftovers
|upkeep
|turn|7
|
|t:|1743829660
|move|p1a: Corviknight|Brave Bird|p2a: Appletun
|-supereffective|p2a: Appletun
|-damage|p2a: Appletun|7/100
|-activate|p2a: Appletun|ability: Ripen
|-enditem|p2a: Appletun|Aguav Berry|[eat]
|-heal|p2a: Appletun|73/100|[from] item: Aguav Berry
|-damage|p1a: Corviknight|74/100|[from] Recoil
|move|p2a: Appletun|Iron Defense|p2a: Appletun
|-boost|p2a: Appletun|def|2
|
|-heal|p1a: Corviknight|80/100|[from] item: Leftovers
|-sideend|p1: OrangeSammy|move: Tailwind
|upkeep
|turn|8
|
|t:|1743829677
|switch|p1a: Slowking|Slowking-Galar, F, tera:Fairy|72/100
|move|p2a: Appletun|Iron Defense|p2a: Appletun
|-boost|p2a: Appletun|def|2
|
|upkeep
|turn|9
|
|t:|1743829686
|move|p1a: Slowking|Ice Beam|p2a: Appletun
|-supereffective|p2a: Appletun
|-damage|p2a: Appletun|0 fnt
|faint|p2a: Appletun
|
|upkeep
|
|t:|1743829692
|switch|p2a: Muk|Muk-Alola, F|97/100
|turn|10
|
|t:|1743829703
|switch|p1a: Corviknight|Corviknight, M, shiny|80/100
|move|p2a: Muk|Drain Punch|p1a: Corviknight
|-damage|p1a: Corviknight|67/100
|-heal|p2a: Muk|100/100|[from] drain|[of] p1a: Corviknight
|
|-heal|p1a: Corviknight|73/100|[from] item: Leftovers
|upkeep
|turn|11
|
|t:|1743829732
|switch|p1a: Cinderace|Cinderace, F, shiny|100/100
|switch|p2a: Dachsbun|Dachsbun, M|100/100
|
|upkeep
|turn|12
|
|t:|1743829741
|move|p1a: Cinderace|Pyro Ball|p2a: Dachsbun
|-ability|p2a: Dachsbun|Well-Baked Body|boost
|-boost|p2a: Dachsbun|def|2
|move|p2a: Dachsbun|Body Press|p1a: Cinderace
|-damage|p1a: Cinderace|13/100
|
|upkeep
|turn|13
|
|t:|1743829747
|move|p1a: Cinderace|U-turn|p2a: Dachsbun
|-start|p1a: Cinderace|typechange|Bug|[from] ability: Libero
|-resisted|p2a: Dachsbun
|-damage|p2a: Dachsbun|94/100
|
|t:|1743829752
|switch|p1a: Slowking|Slowking-Galar, F, tera:Fairy|72/100|[from] U-turn
|move|p2a: Dachsbun|Body Press|p1a: Slowking
|-resisted|p1a: Slowking
|-crit|p1a: Slowking
|-damage|p1a: Slowking|27/100
|
|-heal|p2a: Dachsbun|99/100|[from] item: Leftovers
|upkeep
|turn|14
|
|t:|1743829762
|move|p2a: Dachsbun|Body Press|p1a: Slowking
|-resisted|p1a: Slowking
|-damage|p1a: Slowking|0 fnt
|faint|p1a: Slowking
|
|-heal|p2a: Dachsbun|100/100|[from] item: Leftovers
|upkeep
|
|t:|1743829796
|switch|p1a: Ogerpon|Ogerpon-Wellspring, F|100/100
|turn|15
|
|t:|1743829807
|move|p1a: Ogerpon|Ivy Cudgel|p2a: Dachsbun|[anim] Ivy Cudgel Water
|-damage|p2a: Dachsbun|80/100
|move|p2a: Dachsbun|Body Press|p1a: Ogerpon
|-damage|p1a: Ogerpon|22/100
|
|-heal|p2a: Dachsbun|86/100|[from] item: Leftovers
|upkeep
|turn|16
|
|t:|1743829819
|move|p1a: Ogerpon|Ivy Cudgel|p2a: Dachsbun|[anim] Ivy Cudgel Water
|-damage|p2a: Dachsbun|67/100
|move|p2a: Dachsbun|Body Press|p1a: Ogerpon
|-damage|p1a: Ogerpon|0 fnt
|faint|p1a: Ogerpon
|
|-heal|p2a: Dachsbun|73/100|[from] item: Leftovers
|upkeep
|
|t:|1743829827
|switch|p1a: Corviknight|Corviknight, M, shiny|73/100
|turn|17
|
|t:|1743829833
|move|p1a: Corviknight|Tailwind|p1a: Corviknight
|-sidestart|p1: OrangeSammy|move: Tailwind
|move|p2a: Dachsbun|Roar|p1a: Corviknight
|drag|p1a: Iron Valiant|Iron Valiant, shiny|100/100
|-enditem|p1a: Iron Valiant|Booster Energy
|-activate|p1a: Iron Valiant|ability: Quark Drive|[fromitem]
|-start|p1a: Iron Valiant|quarkdrivespe
|
|-heal|p2a: Dachsbun|79/100|[from] item: Leftovers
|upkeep
|turn|18
|
|t:|1743829854
|switch|p2a: Muk|Muk-Alola, F|100/100
|move|p1a: Iron Valiant|Shadow Ball|p2a: Muk
|-resisted|p2a: Muk
|-damage|p2a: Muk|91/100
|
|-heal|p2a: Muk|97/100|[from] item: Black Sludge
|upkeep
|turn|19
|
|t:|1743829874
|-end|p1a: Iron Valiant|Quark Drive|[silent]
|switch|p1a: Corviknight|Corviknight, M, shiny|73/100
|move|p2a: Muk|Poison Fang|p1a: Corviknight
|-immune|p1a: Corviknight
|
|-heal|p1a: Corviknight|79/100|[from] item: Leftovers
|-heal|p2a: Muk|100/100|[from] item: Black Sludge
|upkeep
|turn|20
|
|t:|1743829884
|switch|p2a: Braviary|Braviary, M, shiny|100/100
|move|p1a: Corviknight|Brave Bird|p2a: Braviary
|-damage|p2a: Braviary|50/100
|-damage|p1a: Corviknight|65/100|[from] Recoil
|
|-heal|p1a: Corviknight|71/100|[from] item: Leftovers
|-sideend|p1: OrangeSammy|move: Tailwind
|upkeep
|turn|21
|
|t:|1743829894
|move|p2a: Braviary|Rock Slide|p1a: Corviknight
|-damage|p1a: Corviknight|51/100
|move|p1a: Corviknight|Brave Bird|p2a: Braviary
|-damage|p2a: Braviary|1/100
|-damage|p1a: Corviknight|38/100|[from] Recoil
|
|-heal|p1a: Corviknight|44/100|[from] item: Leftovers
|upkeep
|turn|22
|
|t:|1743829903
|move|p2a: Braviary|Rock Slide|p1a: Corviknight
|-damage|p1a: Corviknight|24/100
|move|p1a: Corviknight|Body Press|p2a: Braviary
|-damage|p2a: Braviary|0 fnt
|faint|p2a: Braviary
|
|-heal|p1a: Corviknight|30/100|[from] item: Leftovers
|upkeep
|
|t:|1743829911
|switch|p2a: Grafaiai|Grafaiai, M, shiny|100/100
|turn|23
|
|t:|1743829926
|move|p2a: Grafaiai|Swagger|p1a: Corviknight
|-boost|p1a: Corviknight|atk|2
|-start|p1a: Corviknight|confusion
|-enditem|p2a: Grafaiai|Mirror Herb
|-boost|p2a: Grafaiai|atk|2|[from] item: Mirror Herb
|-activate|p1a: Corviknight|confusion
|-damage|p1a: Corviknight|21/100|[from] confusion
|
|-heal|p1a: Corviknight|27/100|[from] item: Leftovers
|upkeep
|turn|24
|
|t:|1743829936
|move|p2a: Grafaiai|Knock Off|p1a: Corviknight
|-damage|p1a: Corviknight|0 fnt
|-enditem|p1a: Corviknight|Leftovers|[from] move: Knock Off|[of] p2a: Grafaiai
|faint|p1a: Corviknight
|
|upkeep
|
|t:|1743829948
|switch|p1a: Iron Valiant|Iron Valiant, shiny|100/100
|turn|25
|
|t:|1743829952
|move|p2a: Grafaiai|Cross Poison|p1a: Iron Valiant
|-supereffective|p1a: Iron Valiant
|-damage|p1a: Iron Valiant|0 fnt
|faint|p1a: Iron Valiant
|-end|p1a: Iron Valiant|Quark Drive|[silent]
|
|upkeep
|
|t:|1743829959
|switch|p1a: Cinderace|Cinderace, F, shiny|13/100
|turn|26
|
|t:|1743829963
|move|p2a: Grafaiai|Cross Poison|p1a: Cinderace
|-damage|p1a: Cinderace|0 fnt
|faint|p1a: Cinderace
|
|upkeep
|
|t:|1743829968
|switch|p1a: Dragapult|Dragapult, F, shiny|100/100
|turn|27
|
|t:|1743829977
|move|p1a: Dragapult|Sucker Punch|p2a: Grafaiai
|-damage|p2a: Grafaiai|33/100
|move|p2a: Grafaiai|Knock Off|p1a: Dragapult
|-supereffective|p1a: Dragapult
|-damage|p1a: Dragapult|0 fnt
|-enditem|p1a: Dragapult|Choice Band|[from] move: Knock Off|[of] p2a: Grafaiai
|faint|p1a: Dragapult
|
|win|SailorPeabody9
|raw|OrangeSammy's rating: 1098 &rarr; <strong>1071</strong><br />(-27 for losing)
|raw|SailorPeabody9's rating: 1069 &rarr; <strong>1101</strong><br />(+32 for winning)
|c|☆OrangeSammy|damn gg
|c|☆SailorPeabody9|gg
|l|☆OrangeSammy
|player|p1|
|c|☆SailorPeabody9|Unburdened moment
|l|☆SailorPeabody9
|player|p2|
