|j|☆jackasdf
|j|☆aPersonOrSomething
|t:|1743807667
|gametype|singles
|player|p1|jackasdf|swimmer-gen4dp|1526
|player|p2|aPersonOrSomething|2|1555
|teamsize|p1|6
|teamsize|p2|6
|gen|9
|tier|[Gen 9] OU
|rated|
|rule|HP Percentage Mod: HP is shown in percentages
|rule|Endless Battle Clause: Forcing endless battles is banned
|rule|Species Clause: Limit one of each Pokémon
|rule|OHKO Clause: OHKO moves are banned
|rule|Evasion Items Clause: Evasion items are banned
|rule|Evasion Moves Clause: Evasion moves are banned
|rule|Sleep Moves Clause: Sleep-inducing moves are banned
|clearpoke
|poke|p1|Samurott-Hisui, M|
|poke|p1|Gliscor, F|
|poke|p1|Great Tusk|
|poke|p1|Tinkaton, F|
|poke|p1|Dragapult, F|
|poke|p1|Garganacl, F|
|poke|p2|Pecharunt|
|poke|p2|Chansey, F|
|poke|p2|Enamorus, F|
|poke|p2|Ogerpon-Wellspring, F|
|poke|p2|Great Tusk|
|poke|p2|Kingambit, F|
|teampreview
|inactive|Battle timer is ON: inactive players will automatically lose when time's up. (requested by jackasdf)
|
|t:|1743807717
|start
|switch|p1a: Garganacl|Garganacl, F|100/100
|switch|p2a: Enamorus|Enamorus, F|100/100
|turn|1
|
|t:|1743807744
|move|p2a: Enamorus|Moonblast|p1a: Garganacl
|-damage|p1a: Garganacl|60/100
|move|p1a: Garganacl|Salt Cure|p2a: Enamorus
|-supereffective|p2a: Enamorus
|-damage|p2a: Enamorus|59/100
|-start|p2a: Enamorus|Salt Cure
|
|-heal|p1a: Garganacl|66/100|[from] item: Leftovers
|-damage|p2a: Enamorus|47/100|[from] Salt Cure
|upkeep
|turn|2
|
|t:|1743807752
|switch|p2a: Great Tusk|Great Tusk|100/100
|move|p1a: Garganacl|Recover|p1a: Garganacl
|-heal|p1a: Garganacl|100/100
|
|upkeep
|turn|3
|
|t:|1743807760
|switch|p1a: Tinkaton|Tinkaton, F|100/100
|-item|p1a: Tinkaton|Air Balloon
|move|p2a: Great Tusk|Close Combat|p1a: Tinkaton
|-damage|p1a: Tinkaton|35/100
|-unboost|p2a: Great Tusk|def|1
|-unboost|p2a: Great Tusk|spd|1
|-enditem|p1a: Tinkaton|Air Balloon
|-enditem|p2a: Great Tusk|Heavy-Duty Boots|[silent]|[from] ability: Pickpocket|[of] p2a: Great Tusk
|-item|p1a: Tinkaton|Heavy-Duty Boots|[from] ability: Pickpocket|[of] p2a: Great Tusk
|
|upkeep
|turn|4
|
|t:|1743807776
|-end|p2a: Great Tusk|Protosynthesis|[silent]
|switch|p2a: Pecharunt|Pecharunt|100/100
|move|p1a: Tinkaton|Stealth Rock|p2a: Pecharunt
|-sidestart|p2: aPersonOrSomething|move: Stealth Rock
|
|upkeep
|turn|5
|
|t:|1743807779
|move|p1a: Tinkaton|Knock Off|p2a: Pecharunt
|-supereffective|p2a: Pecharunt
|-enditem|p2a: Pecharunt|Colbur Berry|[eat]
|-enditem|p2a: Pecharunt|Colbur Berry|[weaken]
|-damage|p2a: Pecharunt|93/100
|move|p2a: Pecharunt|Parting Shot|p1a: Tinkaton
|-unboost|p1a: Tinkaton|atk|1
|-unboost|p1a: Tinkaton|spa|1
|
|t:|1743807786
|switch|p2a: Ogerpon|Ogerpon-Wellspring, F|100/100|[from] Parting Shot
|-damage|p2a: Ogerpon|88/100|[from] Stealth Rock
|
|upkeep
|turn|6
|
|t:|1743807798
|move|p2a: Ogerpon|Ivy Cudgel|p1a: Tinkaton|[anim] Ivy Cudgel Water
|-damage|p1a: Tinkaton|0 fnt
|faint|p1a: Tinkaton
|
|upkeep
|
|t:|1743807809
|switch|p1a: Dragapult|Dragapult, F|100/100
|turn|7
|
|t:|1743807817
|move|p1a: Dragapult|Will-O-Wisp|p2a: Ogerpon
|-status|p2a: Ogerpon|brn
|move|p2a: Ogerpon|Knock Off|p1a: Dragapult
|-supereffective|p1a: Dragapult
|-damage|p1a: Dragapult|54/100
|-enditem|p1a: Dragapult|Heavy-Duty Boots|[from] move: Knock Off|[of] p2a: Ogerpon
|
|-damage|p2a: Ogerpon|82/100 brn|[from] brn
|upkeep
|turn|8
|
|t:|1743807826
|switch|p2a: Kingambit|Kingambit, F|100/100
|-damage|p2a: Kingambit|94/100|[from] Stealth Rock
|move|p1a: Dragapult|Hex|p2a: Kingambit
|-resisted|p2a: Kingambit
|-damage|p2a: Kingambit|81/100
|
|upkeep
|turn|9
|
|t:|1743807842
|switch|p1a: Gliscor|Gliscor, F|100/100
|move|p2a: Kingambit|Swords Dance|p2a: Kingambit
|-boost|p2a: Kingambit|atk|2
|
|-status|p1a: Gliscor|tox|[from] item: Toxic Orb
|upkeep
|turn|10
|
|t:|1743807854
|-end|p2a: Kingambit|fallenundefined|[silent]
|switch|p2a: Great Tusk|Great Tusk|100/100
|-damage|p2a: Great Tusk|98/100|[from] Stealth Rock
|move|p1a: Gliscor|Earthquake|p2a: Great Tusk
|-damage|p2a: Great Tusk|73/100
|
|upkeep
|turn|11
|
|t:|1743807860
|move|p2a: Great Tusk|Ice Spinner|p1a: Gliscor
|-supereffective|p1a: Gliscor
|-crit|p1a: Gliscor
|-damage|p1a: Gliscor|0 fnt
|faint|p1a: Gliscor
|
|upkeep
|
|t:|1743807866
|switch|p1a: Samurott|Samurott-Hisui, M|100/100
|turn|12
|
|t:|1743807890
|-end|p2a: Great Tusk|Protosynthesis|[silent]
|switch|p2a: Ogerpon|Ogerpon-Wellspring, F|82/100 brn
|-damage|p2a: Ogerpon|70/100 brn|[from] Stealth Rock
|move|p1a: Samurott|Ceaseless Edge|p2a: Ogerpon
|-damage|p2a: Ogerpon|5/100 brn
|-sidestart|p2: aPersonOrSomething|Spikes
|
|-damage|p2a: Ogerpon|0 fnt|[from] brn
|faint|p2a: Ogerpon
|upkeep
|inactive|aPersonOrSomething has 120 seconds left.
|
|t:|1743807908
|switch|p2a: Great Tusk|Great Tusk|73/100
|-damage|p2a: Great Tusk|70/100|[from] Stealth Rock
|-damage|p2a: Great Tusk|58/100|[from] Spikes
|turn|13
|
|t:|1743807916
|switch|p1a: Great Tusk|Great Tusk|100/100
|move|p2a: Great Tusk|Close Combat|p1a: Great Tusk
|-damage|p1a: Great Tusk|60/100
|-unboost|p2a: Great Tusk|def|1
|-unboost|p2a: Great Tusk|spd|1
|-damage|p2a: Great Tusk|41/100|[from] item: Rocky Helmet|[of] p1a: Great Tusk
|
|upkeep
|turn|14
|
|t:|1743807931
|-end|p2a: Great Tusk|Protosynthesis|[silent]
|switch|p2a: Pecharunt|Pecharunt|93/100
|-damage|p2a: Pecharunt|80/100|[from] Stealth Rock
|-damage|p2a: Pecharunt|68/100|[from] Spikes
|move|p1a: Great Tusk|Ice Spinner|p2a: Pecharunt
|-damage|p2a: Pecharunt|56/100
|
|upkeep
|turn|15
|
|t:|1743807946
|-end|p1a: Great Tusk|Protosynthesis|[silent]
|switch|p1a: Garganacl|Garganacl, F|100/100
|switch|p2a: Chansey|Chansey, F|100/100
|-damage|p2a: Chansey|88/100|[from] Stealth Rock
|-damage|p2a: Chansey|76/100|[from] Spikes
|
|upkeep
|turn|16
|
|t:|1743807951
|move|p2a: Chansey|Stealth Rock|p1a: Garganacl
|-sidestart|p1: jackasdf|move: Stealth Rock
|move|p1a: Garganacl|Salt Cure|p2a: Chansey
|-damage|p2a: Chansey|67/100
|-start|p2a: Chansey|Salt Cure
|
|-damage|p2a: Chansey|55/100|[from] Salt Cure
|upkeep
|turn|17
|
|t:|1743807956
|move|p2a: Chansey|Seismic Toss|p1a: Garganacl
|-damage|p1a: Garganacl|76/100
|move|p1a: Garganacl|Earthquake|p2a: Chansey
|-damage|p2a: Chansey|40/100
|
|-heal|p1a: Garganacl|82/100|[from] item: Leftovers
|-damage|p2a: Chansey|28/100|[from] Salt Cure
|upkeep
|turn|18
|
|t:|1743807965
|switch|p1a: Great Tusk|Great Tusk|60/100
|-damage|p1a: Great Tusk|57/100|[from] Stealth Rock
|move|p2a: Chansey|Soft-Boiled|p2a: Chansey
|-heal|p2a: Chansey|78/100
|
|-damage|p2a: Chansey|65/100|[from] Salt Cure
|upkeep
|turn|19
|
|t:|1743807979
|move|p1a: Great Tusk|Headlong Rush|p2a: Chansey
|-damage|p2a: Chansey|30/100
|-unboost|p1a: Great Tusk|def|1
|-unboost|p1a: Great Tusk|spd|1
|move|p2a: Chansey|Seismic Toss|p1a: Great Tusk
|-damage|p1a: Great Tusk|33/100
|-damage|p2a: Chansey|14/100|[from] item: Rocky Helmet|[of] p1a: Great Tusk
|
|-damage|p2a: Chansey|1/100|[from] Salt Cure
|upkeep
|turn|20
|
|t:|1743807987
|move|p1a: Great Tusk|Rapid Spin|p2a: Chansey
|-damage|p2a: Chansey|0 fnt
|-boost|p1a: Great Tusk|spe|1
|-sideend|p1: jackasdf|Stealth Rock|[from] move: Rapid Spin|[of] p1a: Great Tusk
|faint|p2a: Chansey
|
|upkeep
|
|t:|1743808017
|switch|p2a: Enamorus|Enamorus, F|47/100
|-damage|p2a: Enamorus|22/100|[from] Stealth Rock
|turn|21
|
|t:|1743808033
|move|p2a: Enamorus|Earth Power|p1a: Great Tusk
|-damage|p1a: Great Tusk|0 fnt
|faint|p1a: Great Tusk
|-end|p1a: Great Tusk|Protosynthesis|[silent]
|
|upkeep
|
|t:|1743808040
|switch|p1a: Samurott|Samurott-Hisui, M|100/100
|turn|22
|
|t:|1743808049
|switch|p2a: Pecharunt|Pecharunt|56/100
|-damage|p2a: Pecharunt|43/100|[from] Stealth Rock
|-damage|p2a: Pecharunt|31/100|[from] Spikes
|move|p1a: Samurott|Aqua Cutter|p2a: Pecharunt
|-damage|p2a: Pecharunt|7/100
|
|upkeep
|turn|23
|
|t:|1743808057
|move|p1a: Samurott|Sucker Punch||[still]
|-fail|p1a: Samurott
|move|p2a: Pecharunt|Recover|p2a: Pecharunt
|-heal|p2a: Pecharunt|57/100
|
|upkeep
|turn|24
|
|t:|1743808067
|switch|p1a: Garganacl|Garganacl, F|82/100
|move|p2a: Pecharunt|Parting Shot|p1a: Garganacl
|-unboost|p1a: Garganacl|atk|1
|-unboost|p1a: Garganacl|spa|1
|
|t:|1743808073
|switch|p2a: Great Tusk|Great Tusk|41/100|[from] Parting Shot
|-damage|p2a: Great Tusk|38/100|[from] Stealth Rock
|-damage|p2a: Great Tusk|26/100|[from] Spikes
|
|-heal|p1a: Garganacl|88/100|[from] item: Leftovers
|upkeep
|turn|25
|
|t:|1743808078
|-terastallize|p1a: Garganacl|Water
|move|p2a: Great Tusk|Rapid Spin|p1a: Garganacl
|-damage|p1a: Garganacl|76/100
|-boost|p2a: Great Tusk|spe|1
|-sideend|p2: aPersonOrSomething|Spikes|[from] move: Rapid Spin|[of] p2a: Great Tusk
|-sideend|p2: aPersonOrSomething|Stealth Rock|[from] move: Rapid Spin|[of] p2a: Great Tusk
|move|p1a: Garganacl|Salt Cure|p2a: Great Tusk
|-resisted|p2a: Great Tusk
|-damage|p2a: Great Tusk|24/100
|-start|p2a: Great Tusk|Salt Cure
|
|-heal|p1a: Garganacl|82/100|[from] item: Leftovers
|-damage|p2a: Great Tusk|12/100|[from] Salt Cure
|upkeep
|turn|26
|
|t:|1743808090
|move|p2a: Great Tusk|Headlong Rush|p1a: Garganacl
|-damage|p1a: Garganacl|44/100
|-unboost|p2a: Great Tusk|def|1
|-unboost|p2a: Great Tusk|spd|1
|move|p1a: Garganacl|Recover|p1a: Garganacl
|-heal|p1a: Garganacl|94/100
|
|-heal|p1a: Garganacl|99/100|[from] item: Leftovers
|-damage|p2a: Great Tusk|0 fnt|[from] Salt Cure
|faint|p2a: Great Tusk
|-end|p2a: Great Tusk|Protosynthesis|[silent]
|upkeep
|
|t:|1743808118
|switch|p2a: Kingambit|Kingambit, F|81/100
|-activate|p2a: Kingambit|ability: Supreme Overlord
|-start|p2a: Kingambit|fallen3|[silent]
|turn|27
|
|t:|1743808124
|-terastallize|p2a: Kingambit|Fire
|move|p2a: Kingambit|Swords Dance|p2a: Kingambit
|-boost|p2a: Kingambit|atk|2
|move|p1a: Garganacl|Salt Cure|p2a: Kingambit
|-supereffective|p2a: Kingambit
|-damage|p2a: Kingambit|67/100
|-start|p2a: Kingambit|Salt Cure
|
|-heal|p1a: Garganacl|100/100|[from] item: Leftovers
|-damage|p2a: Kingambit|55/100|[from] Salt Cure
|upkeep
|turn|28
|
|t:|1743808135
|move|p2a: Kingambit|Low Kick|p1a: Garganacl
|-damage|p1a: Garganacl|23/100
|move|p1a: Garganacl|Recover|p1a: Garganacl
|-heal|p1a: Garganacl|73/100
|
|-heal|p1a: Garganacl|79/100|[from] item: Leftovers
|-damage|p2a: Kingambit|42/100|[from] Salt Cure
|upkeep
|turn|29
|
|t:|1743808140
|move|p1a: Garganacl|Protect|p1a: Garganacl
|-singleturn|p1a: Garganacl|Protect
|move|p2a: Kingambit|Swords Dance|p2a: Kingambit
|-boost|p2a: Kingambit|atk|2
|
|-heal|p1a: Garganacl|85/100|[from] item: Leftovers
|-damage|p2a: Kingambit|30/100|[from] Salt Cure
|upkeep
|turn|30
|inactive|jackasdf has 120 seconds left.
|
|t:|1743808177
|switch|p1a: Dragapult|Dragapult, F|54/100
|move|p2a: Kingambit|Iron Head|p1a: Dragapult
|-damage|p1a: Dragapult|0 fnt
|faint|p1a: Dragapult
|
|-damage|p2a: Kingambit|18/100|[from] Salt Cure
|upkeep
|
|t:|1743808185
|switch|p1a: Samurott|Samurott-Hisui, M|100/100
|turn|31
|
|t:|1743808195
|-end|p2a: Kingambit|fallen3|[silent]
|switch|p2a: Pecharunt|Pecharunt|57/100
|move|p1a: Samurott|Sucker Punch||[still]
|-fail|p1a: Samurott
|
|upkeep
|turn|32
|
|t:|1743808206
|move|p1a: Samurott|Ceaseless Edge|p2a: Pecharunt
|-supereffective|p2a: Pecharunt
|-damage|p2a: Pecharunt|8/100
|-sidestart|p2: aPersonOrSomething|Spikes
|move|p2a: Pecharunt|Recover|p2a: Pecharunt
|-heal|p2a: Pecharunt|58/100
|
|upkeep
|turn|33
|
|t:|1743808211
|move|p1a: Samurott|Ceaseless Edge|p2a: Pecharunt
|-supereffective|p2a: Pecharunt
|-damage|p2a: Pecharunt|12/100
|-sidestart|p2: aPersonOrSomething|Spikes
|move|p2a: Pecharunt|Malignant Chain|p1a: Samurott
|-crit|p1a: Samurott
|-damage|p1a: Samurott|30/100
|-status|p1a: Samurott|tox
|-start|p1a: Samurott|confusion|[from] ability: Poison Puppeteer|[of] p2a: Pecharunt
|
|-damage|p1a: Samurott|24/100 tox|[from] psn
|upkeep
|turn|34
|
|t:|1743808222
|-activate|p1a: Samurott|confusion
|move|p1a: Samurott|Ceaseless Edge|p2a: Pecharunt
|-supereffective|p2a: Pecharunt
|-damage|p2a: Pecharunt|0 fnt
|-sidestart|p2: aPersonOrSomething|Spikes
|faint|p2a: Pecharunt
|
|-damage|p1a: Samurott|12/100 tox|[from] psn
|upkeep
|
|t:|1743808226
|switch|p2a: Enamorus|Enamorus, F|22/100
|turn|35
|
|t:|1743808233
|switch|p1a: Garganacl|Garganacl, F, tera:Water|85/100
|move|p2a: Enamorus|Healing Wish|p2a: Enamorus
|faint|p2a: Enamorus
|
|-heal|p1a: Garganacl|92/100|[from] item: Leftovers
|upkeep
|
|t:|1743808236
|switch|p2a: Kingambit|Kingambit, F, tera:Fire|18/100
|-heal|p2a: Kingambit|100/100|[from] move: Healing Wish
|-damage|p2a: Kingambit|76/100|[from] Spikes
|-activate|p2a: Kingambit|ability: Supreme Overlord
|-start|p2a: Kingambit|fallen5|[silent]
|turn|36
|
|t:|1743808243
|move|p2a: Kingambit|Swords Dance|p2a: Kingambit
|-boost|p2a: Kingambit|atk|2
|move|p1a: Garganacl|Salt Cure|p2a: Kingambit
|-supereffective|p2a: Kingambit
|-damage|p2a: Kingambit|55/100
|-start|p2a: Kingambit|Salt Cure
|
|-heal|p1a: Garganacl|98/100|[from] item: Leftovers
|-damage|p2a: Kingambit|43/100|[from] Salt Cure
|upkeep
|turn|37
|
|t:|1743808250
|move|p2a: Kingambit|Swords Dance|p2a: Kingambit
|-boost|p2a: Kingambit|atk|2
|move|p1a: Garganacl|Earthquake|p2a: Kingambit
|-supereffective|p2a: Kingambit
|-enditem|p2a: Kingambit|Shuca Berry|[eat]
|-enditem|p2a: Kingambit|Shuca Berry|[weaken]
|-damage|p2a: Kingambit|26/100
|
|-heal|p1a: Garganacl|100/100|[from] item: Leftovers
|-damage|p2a: Kingambit|14/100|[from] Salt Cure
|upkeep
|turn|38
|c|☆jackasdf|gg
|
|t:|1743808262
|move|p1a: Garganacl|Protect|p1a: Garganacl
|-singleturn|p1a: Garganacl|Protect
|move|p2a: Kingambit|Low Kick|p1a: Garganacl
|-activate|p1a: Garganacl|move: Protect
|
|-damage|p2a: Kingambit|2/100|[from] Salt Cure
|upkeep
|turn|39
|c|☆aPersonOrSomething|gg
|-message|aPersonOrSomething forfeited.
|
|win|jackasdf
|raw|jackasdf's rating: 1526 &rarr; <strong>1548</strong><br />(+22 for winning)
|raw|aPersonOrSomething's rating: 1555 &rarr; <strong>1533</strong><br />(-22 for losing)
|l|☆aPersonOrSomething
|player|p2|
|l|☆jackasdf
|player|p1|
