|j|☆Un0eg0
|j|☆Malygonos
|t:|1743900176
|gametype|singles
|player|p1|Un0eg0|dancer|1346
|player|p2|Malygonos|iris-gen5bw2|1336
|teamsize|p1|6
|teamsize|p2|6
|gen|9
|tier|[Gen 9] OU
|rated|
|rule|HP Percentage Mod: HP is shown in percentages
|rule|Endless Battle Clause: Forcing endless battles is banned
|rule|Species Clause: Limit one of each Pokémon
|rule|OHKO Clause: OHKO moves are banned
|rule|Evasion Items Clause: Evasion items are banned
|rule|Evasion Moves Clause: Evasion moves are banned
|rule|Sleep Moves Clause: Sleep-inducing moves are banned
|clearpoke
|poke|p1|Ceruledge, F|
|poke|p1|Iron Hands|
|poke|p1|Goodra, F|
|poke|p1|Incineroar, M|
|poke|p1|Iron Treads|
|poke|p1|Iron Moth|
|poke|p2|Kyurem|
|poke|p2|Slowking-Galar, M|
|poke|p2|Iron Valiant|
|poke|p2|Great Tusk|
|poke|p2|Gholdengo|
|poke|p2|Weavile, F|
|teampreview
|inactive|Battle timer is ON: inactive players will automatically lose when time's up. (requested by Malygonos)
|inactive|Un0eg0 also wants the timer to be on.
|
|t:|1743900196
|start
|switch|p1a: Rollie poly|Iron Treads|100/100
|switch|p2a: Geto|Kyurem, shiny|100/100
|-ability|p2a: Geto|Pressure
|-enditem|p1a: Rollie poly|Booster Energy
|-activate|p1a: Rollie poly|ability: Quark Drive|[fromitem]
|-start|p1a: Rollie poly|quarkdriveatk
|turn|1
|
|t:|1743900208
|move|p2a: Geto|Earth Power|p1a: Rollie poly
|-supereffective|p1a: Rollie poly
|-damage|p1a: Rollie poly|0 fnt
|faint|p1a: Rollie poly
|-end|p1a: Rollie poly|Quark Drive|[silent]
|
|upkeep
|
|t:|1743900219
|switch|p1a: Megaman|Ceruledge, F|100/100
|turn|2
|
|t:|1743900223
|move|p2a: Geto|Earth Power|p1a: Megaman
|-supereffective|p1a: Megaman
|-enditem|p1a: Megaman|Focus Sash
|-damage|p1a: Megaman|1/100
|move|p1a: Megaman|Close Combat|p2a: Geto
|-supereffective|p2a: Geto
|-crit|p2a: Geto
|-damage|p2a: Geto|0 fnt
|-unboost|p1a: Megaman|def|1
|-unboost|p1a: Megaman|spd|1
|faint|p2a: Geto
|
|upkeep
|
|t:|1743900232
|switch|p2a: Shika|Weavile, F, shiny|100/100
|-ability|p2a: Shika|Pressure
|turn|3
|j| Laxwood
|
|t:|1743900239
|switch|p1a: Robot Boy|Iron Hands|100/100
|move|p2a: Shika|Knock Off|p1a: Robot Boy
|-resisted|p1a: Robot Boy
|-damage|p1a: Robot Boy|76/100
|-enditem|p1a: Robot Boy|Leftovers|[from] move: Knock Off|[of] p2a: Shika
|
|upkeep
|turn|4
|
|t:|1743900244
|switch|p2a: Miyu|Slowking-Galar, M, shiny|100/100
|move|p1a: Robot Boy|Fake Out|p2a: Miyu
|-damage|p2a: Miyu|83/100
|
|upkeep
|turn|5
|
|t:|1743900270
|move|p1a: Robot Boy|Supercell Slam|p2a: Miyu
|-damage|p2a: Miyu|22/100
|move|p2a: Miyu|Future Sight|p1a: Robot Boy
|-start|p2a: Miyu|move: Future Sight
|
|upkeep
|turn|6
|
|t:|1743900277
|switch|p2a: Duramboros|Great Tusk, shiny|100/100
|move|p1a: Robot Boy|Ice Punch|p2a: Duramboros
|-supereffective|p2a: Duramboros
|-damage|p2a: Duramboros|57/100
|-damage|p1a: Robot Boy|60/100|[from] item: Rocky Helmet|[of] p2a: Duramboros
|
|upkeep
|turn|7
|
|t:|1743900284
|-end|p1a: Robot Boy|Quark Drive|[silent]
|switch|p1a: Megaman|Ceruledge, F|1/100
|move|p2a: Duramboros|Headlong Rush|p1a: Megaman
|-supereffective|p1a: Megaman
|-damage|p1a: Megaman|0 fnt
|-unboost|p2a: Duramboros|def|1
|-unboost|p2a: Duramboros|spd|1
|faint|p1a: Megaman
|
|-hint|Future Sight did not hit because the target is fainted.
|upkeep
|
|t:|1743900287
|switch|p1a: El Tigre|Incineroar, M|100/100
|-ability|p1a: El Tigre|Intimidate|boost
|-unboost|p2a: Duramboros|atk|1
|turn|8
|
|t:|1743900292
|move|p2a: Duramboros|Stealth Rock|p1a: El Tigre
|-sidestart|p1: Un0eg0|move: Stealth Rock
|move|p1a: El Tigre|Flare Blitz|p2a: Duramboros
|-damage|p2a: Duramboros|10/100
|-damage|p1a: El Tigre|84/100|[from] item: Rocky Helmet|[of] p2a: Duramboros
|-damage|p1a: El Tigre|70/100|[from] Recoil
|
|upkeep
|turn|9
|
|t:|1743900298
|move|p2a: Duramboros|Headlong Rush|p1a: El Tigre
|-supereffective|p1a: El Tigre
|-damage|p1a: El Tigre|0 fnt
|-unboost|p2a: Duramboros|def|1
|-unboost|p2a: Duramboros|spd|1
|faint|p1a: El Tigre
|
|upkeep
|
|t:|1743900315
|switch|p1a: Robot Boy|Iron Hands|60/100
|-damage|p1a: Robot Boy|54/100|[from] Stealth Rock
|turn|10
|
|t:|1743900322
|-end|p2a: Duramboros|Protosynthesis|[silent]
|switch|p2a: Johhny|Gholdengo|100/100
|-item|p2a: Johhny|Air Balloon
|move|p1a: Robot Boy|Fake Out|p2a: Johhny
|-immune|p2a: Johhny
|
|upkeep
|turn|11
|
|t:|1743900331
|move|p2a: Johhny|Nasty Plot|p2a: Johhny
|-boost|p2a: Johhny|spa|2
|move|p1a: Robot Boy|Supercell Slam|p2a: Johhny
|-damage|p2a: Johhny|29/100
|-enditem|p2a: Johhny|Air Balloon
|
|upkeep
|turn|12
|
|t:|1743900338
|move|p2a: Johhny|Shadow Ball|p1a: Robot Boy
|-damage|p1a: Robot Boy|0 fnt
|faint|p1a: Robot Boy
|-end|p1a: Robot Boy|Quark Drive|[silent]
|
|upkeep
|
|t:|1743900347
|switch|p1a: Ultimate Big Chill|Iron Moth|100/100
|-damage|p1a: Ultimate Big Chill|76/100|[from] Stealth Rock
|turn|13
|
|t:|1743900372
|move|p1a: Ultimate Big Chill|Fiery Dance|p2a: Johhny
|-supereffective|p2a: Johhny
|-damage|p2a: Johhny|0 fnt
|-boost|p1a: Ultimate Big Chill|spa|1
|faint|p2a: Johhny
|
|upkeep
|
|t:|1743900381
|switch|p2a: Miyu|Slowking-Galar, M, shiny|55/100
|turn|14
|
|t:|1743900409
|-terastallize|p1a: Ultimate Big Chill|Fire
|move|p1a: Ultimate Big Chill|Fiery Dance|p2a: Miyu
|-damage|p2a: Miyu|1/100
|move|p2a: Miyu|Future Sight|p1a: Ultimate Big Chill
|-start|p2a: Miyu|move: Future Sight
|
|upkeep
|turn|15
|
|t:|1743900417
|move|p1a: Ultimate Big Chill|Fiery Dance|p2a: Miyu
|-crit|p2a: Miyu
|-damage|p2a: Miyu|0 fnt
|-boost|p1a: Ultimate Big Chill|spa|1
|faint|p2a: Miyu
|
|upkeep
|
|t:|1743900424
|switch|p2a: Third Rate Hero|Iron Valiant, shiny|100/100
|-enditem|p2a: Third Rate Hero|Booster Energy
|-activate|p2a: Third Rate Hero|ability: Quark Drive|[fromitem]
|-start|p2a: Third Rate Hero|quarkdrivespe
|turn|16
|inactive|Un0eg0 has 120 seconds left.
|
|t:|1743900453
|move|p2a: Third Rate Hero|Close Combat|p1a: Ultimate Big Chill
|-damage|p1a: Ultimate Big Chill|0 fnt
|-unboost|p2a: Third Rate Hero|def|1
|-unboost|p2a: Third Rate Hero|spd|1
|faint|p1a: Ultimate Big Chill
|-end|p1a: Ultimate Big Chill|Quark Drive|[silent]
|
|-hint|Future Sight did not hit because the target is fainted.
|upkeep
|
|t:|1743900458
|switch|p1a: TT|Goodra, F|100/100
|-damage|p1a: TT|88/100|[from] Stealth Rock
|turn|17
|
|t:|1743900464
|move|p2a: Third Rate Hero|Close Combat|p1a: TT
|-damage|p1a: TT|0 fnt
|-unboost|p2a: Third Rate Hero|def|1
|-unboost|p2a: Third Rate Hero|spd|1
|-ability|p1a: TT|Gooey
|-unboost|p2a: Third Rate Hero|spe|1
|faint|p1a: TT
|
|win|Malygonos
|raw|Un0eg0's rating: 1346 &rarr; <strong>1325</strong><br />(-21 for losing)
|raw|Malygonos's rating: 1336 &rarr; <strong>1357</strong><br />(+21 for winning)
|l|☆Un0eg0
|player|p1|
