|j|☆metakill4r
|j|☆monohue
|t:|1743812661
|gametype|singles
|player|p1|metakill4r|boarder|1574
|player|p2|monohue|scientist-gen4dp|1653
|teamsize|p1|6
|teamsize|p2|6
|gen|9
|tier|[Gen 9] OU
|rated|
|rule|HP Percentage Mod: HP is shown in percentages
|rule|Endless Battle Clause: Forcing endless battles is banned
|rule|Species Clause: Limit one of each Pokémon
|rule|OHKO Clause: OHKO moves are banned
|rule|Evasion Items Clause: Evasion items are banned
|rule|Evasion Moves Clause: Evasion moves are banned
|rule|Sleep Moves Clause: Sleep-inducing moves are banned
|clearpoke
|poke|p1|Ninetales-Alola, F|
|poke|p1|Great Tusk|
|poke|p1|Slowking-Galar, F|
|poke|p1|Kyurem|
|poke|p1|Gholdengo|
|poke|p1|Greninja-*, M|
|poke|p2|Polteageist|
|poke|p2|Tinkaton, F|
|poke|p2|Hatterene, F|
|poke|p2|Infernape, M|
|poke|p2|Moltres-Galar|
|poke|p2|Zamazenta-*|
|teampreview
|inactive|Battle timer is ON: inactive players will automatically lose when time's up. (requested by metakill4r)
|
|t:|1743812686
|start
|switch|p1a: Slowking|Slowking-Galar, F|100/100
|switch|p2a: Tinkaton|Tinkaton, F|100/100
|-ability|p2a: Tinkaton|Mold Breaker
|turn|1
|
|t:|1743812692
|move|p2a: Tinkaton|Stealth Rock|p1a: Slowking
|-sidestart|p1: metakill4r|move: Stealth Rock
|move|p1a: Slowking|Flamethrower|p2a: Tinkaton
|-supereffective|p2a: Tinkaton
|-damage|p2a: Tinkaton|48/100
|-status|p2a: Tinkaton|brn
|
|-damage|p2a: Tinkaton|42/100 brn|[from] brn
|upkeep
|turn|2
|
|t:|1743812716
|move|p2a: Tinkaton|Thunder Wave|p1a: Slowking
|-status|p1a: Slowking|par
|move|p1a: Slowking|Flamethrower|p2a: Tinkaton
|-supereffective|p2a: Tinkaton
|-damage|p2a: Tinkaton|0 fnt
|faint|p2a: Tinkaton
|
|upkeep
|inactive|monohue has 120 seconds left.
|
|t:|1743812731
|switch|p2a: Moltres|Moltres-Galar|100/100
|turn|3
|inactive|monohue has 120 seconds left.
|
|t:|1743812743
|switch|p2a: Infernape|Infernape, M, shiny|100/100
|switch|p1a: Ninetales|Ninetales-Alola, F|100/100
|-damage|p1a: Ninetales|76/100|[from] Stealth Rock
|-weather|Snowscape|[from] ability: Snow Warning|[of] p1a: Ninetales
|
|-weather|Snowscape|[upkeep]
|upkeep
|turn|4
|
|t:|1743812749
|move|p1a: Ninetales|Aurora Veil|p1a: Ninetales
|-sidestart|p1: metakill4r|move: Aurora Veil
|move|p2a: Infernape|Overheat|p1a: Ninetales
|-supereffective|p1a: Ninetales
|-damage|p1a: Ninetales|11/100
|-unboost|p2a: Infernape|spa|2
|-damage|p2a: Infernape|91/100|[from] item: Life Orb
|
|-weather|Snowscape|[upkeep]
|upkeep
|turn|5
|
|t:|1743812756
|switch|p1a: Temu Mamo|Great Tusk|100/100
|-damage|p1a: Temu Mamo|98/100|[from] Stealth Rock
|-enditem|p1a: Temu Mamo|Booster Energy
|-activate|p1a: Temu Mamo|ability: Protosynthesis|[fromitem]
|-start|p1a: Temu Mamo|protosynthesisatk
|move|p2a: Infernape|Overheat|p1a: Temu Mamo
|-damage|p1a: Temu Mamo|75/100
|-unboost|p2a: Infernape|spa|2
|-damage|p2a: Infernape|81/100|[from] item: Life Orb
|
|-weather|Snowscape|[upkeep]
|upkeep
|turn|6
|
|t:|1743812770
|switch|p2a: Polteageist|Polteageist, shiny|100/100
|move|p1a: Temu Mamo|Rapid Spin|p2a: Polteageist
|-immune|p2a: Polteageist
|
|-weather|Snowscape|[upkeep]
|upkeep
|turn|7
|
|t:|1743812779
|move|p1a: Temu Mamo|Stealth Rock|p2a: Polteageist
|-sidestart|p2: monohue|move: Stealth Rock
|move|p2a: Polteageist|Shell Smash|p2a: Polteageist
|-unboost|p2a: Polteageist|def|1
|-unboost|p2a: Polteageist|spd|1
|-boost|p2a: Polteageist|atk|2
|-boost|p2a: Polteageist|spa|2
|-boost|p2a: Polteageist|spe|2
|
|-weather|none
|upkeep
|turn|8
|
|t:|1743812787
|move|p2a: Polteageist|Stored Power|p1a: Temu Mamo
|-supereffective|p1a: Temu Mamo
|-damage|p1a: Temu Mamo|0 fnt
|faint|p1a: Temu Mamo
|-end|p1a: Temu Mamo|Protosynthesis|[silent]
|
|upkeep
|
|t:|1743812791
|switch|p1a: Gholdengo|Gholdengo|100/100
|-damage|p1a: Gholdengo|94/100|[from] Stealth Rock
|turn|9
|
|t:|1743812797
|move|p2a: Polteageist|Shadow Ball|p1a: Gholdengo
|-supereffective|p1a: Gholdengo
|-damage|p1a: Gholdengo|0 fnt
|faint|p1a: Gholdengo
|
|upkeep
|c|☆monohue|?
|c|☆metakill4r|scarfed
|inactive|metakill4r has 120 seconds left.
|
|t:|1743812827
|switch|p1a: Slowking|Slowking-Galar, F|100/100 par
|-damage|p1a: Slowking|88/100 par|[from] Stealth Rock
|turn|10
|
|t:|1743812835
|move|p2a: Polteageist|Shadow Ball|p1a: Slowking
|-supereffective|p1a: Slowking
|-damage|p1a: Slowking|41/100 par
|move|p1a: Slowking|Sludge Bomb|p2a: Polteageist
|-resisted|p2a: Polteageist
|-damage|p2a: Polteageist|61/100
|-status|p2a: Polteageist|psn
|
|-damage|p2a: Polteageist|49/100 psn|[from] psn
|upkeep
|turn|11
|
|t:|1743812844
|-terastallize|p1a: Slowking|Water
|move|p2a: Polteageist|Shadow Ball|p1a: Slowking
|-damage|p1a: Slowking|18/100 par
|move|p1a: Slowking|Psyshock|p2a: Polteageist
|-damage|p2a: Polteageist|0 fnt
|faint|p2a: Polteageist
|
|-sideend|p1: metakill4r|move: Aurora Veil
|upkeep
|
|t:|1743812874
|switch|p2a: Moltres|Moltres-Galar|100/100
|-damage|p2a: Moltres|76/100|[from] Stealth Rock
|turn|12
|
|t:|1743812886
|switch|p1a: Ninetales|Ninetales-Alola, F|11/100
|-damage|p1a: Ninetales|0 fnt|[from] Stealth Rock
|faint|p1a: Ninetales
|move|p2a: Moltres|Agility|p2a: Moltres
|-boost|p2a: Moltres|spe|2
|
|upkeep
|
|t:|1743812894
|switch|p1a: Kyurem|Kyurem|100/100
|-damage|p1a: Kyurem|76/100|[from] Stealth Rock
|-ability|p1a: Kyurem|Pressure
|turn|13
|
|t:|1743812907
|-terastallize|p2a: Moltres|Dark
|move|p2a: Moltres|Fiery Wrath|p1a: Kyurem
|-damage|p1a: Kyurem|25/100
|move|p1a: Kyurem|Scale Shot|p2a: Moltres
|-damage|p2a: Moltres|59/100
|-damage|p2a: Moltres|44/100
|-enditem|p2a: Moltres|Sitrus Berry|[eat]
|-heal|p2a: Moltres|69/100|[from] item: Sitrus Berry
|-damage|p2a: Moltres|53/100
|-damage|p2a: Moltres|39/100
|-damage|p2a: Moltres|22/100
|-hitcount|p2a: Moltres|5
|-ability|p2a: Moltres|Berserk|boost
|-boost|p2a: Moltres|spa|1
|-unboost|p1a: Kyurem|def|1
|-boost|p1a: Kyurem|spe|1
|
|upkeep
|turn|14
|
|t:|1743812926
|move|p2a: Moltres|Fiery Wrath|p1a: Kyurem
|-damage|p1a: Kyurem|0 fnt
|faint|p1a: Kyurem
|
|upkeep
|
|t:|1743812930
|switch|p1a: Greninja|Greninja, M|100/100
|-damage|p1a: Greninja|88/100|[from] Stealth Rock
|turn|15
|
|t:|1743812936
|move|p1a: Greninja|Water Shuriken|p2a: Moltres
|-damage|p2a: Moltres|15/100
|-damage|p2a: Moltres|6/100
|-damage|p2a: Moltres|0 fnt
|faint|p2a: Moltres
|-ability|p1a: Greninja|Battle Bond|boost
|-boost|p1a: Greninja|atk|1
|-boost|p1a: Greninja|spa|1
|-boost|p1a: Greninja|spe|1
|-activate|p1a: Greninja|ability: Battle Bond
|-hitcount|p2: Moltres|3
|-damage|p1a: Greninja|78/100|[from] item: Life Orb
|
|upkeep
|
|t:|1743812946
|switch|p2a: Zamazenta|Zamazenta, shiny|100/100
|-damage|p2a: Zamazenta|94/100|[from] Stealth Rock
|-ability|p2a: Zamazenta|Dauntless Shield|boost
|-boost|p2a: Zamazenta|def|1
|turn|16
|
|t:|1743812957
|move|p1a: Greninja|Surf|p2a: Zamazenta
|-damage|p2a: Zamazenta|27/100
|-damage|p1a: Greninja|69/100|[from] item: Life Orb
|move|p2a: Zamazenta|Body Press|p1a: Greninja
|-supereffective|p1a: Greninja
|-damage|p1a: Greninja|0 fnt
|faint|p1a: Greninja
|
|-heal|p2a: Zamazenta|33/100|[from] item: Leftovers
|upkeep
|
|t:|1743812964
|switch|p1a: Slowking|Slowking-Galar, F, tera:Water|51/100 par
|-damage|p1a: Slowking|39/100 par|[from] Stealth Rock
|turn|17
|c|☆monohue|gg
|
|t:|1743812969
|move|p2a: Zamazenta|Body Press|p1a: Slowking
|-damage|p1a: Slowking|0 fnt
|faint|p1a: Slowking
|
|win|monohue
|raw|metakill4r's rating: 1574 &rarr; <strong>1558</strong><br />(-16 for losing)
|raw|monohue's rating: 1653 &rarr; <strong>1669</strong><br />(+16 for winning)
|c|☆metakill4r|gg
|l|☆monohue
|player|p2|
|l|☆metakill4r
|player|p1|
