|j|☆RubyWolfLubby
|j|☆aaron200589
|t:|1743889600
|gametype|singles
|player|p1|RubyWolfLubby|169|1255
|player|p2|aaron200589|giovanni|1273
|teamsize|p1|6
|teamsize|p2|6
|gen|9
|tier|[Gen 9] OU
|rated|
|rule|HP Percentage Mod: HP is shown in percentages
|rule|Endless Battle Clause: Forcing endless battles is banned
|rule|Species Clause: Limit one of each Pokémon
|rule|OHKO Clause: OHKO moves are banned
|rule|Evasion Items Clause: Evasion items are banned
|rule|Evasion Moves Clause: Evasion moves are banned
|rule|Sleep Moves Clause: Sleep-inducing moves are banned
|clearpoke
|poke|p1|Tinkaton, F|
|poke|p1|Latios, M|
|poke|p1|Quaquaval, M|
|poke|p1|Moltres|
|poke|p1|Sandy Shocks|
|poke|p1|Corviknight, F|
|poke|p2|Ninetales-Alola, F|
|poke|p2|Kyurem|
|poke|p2|Kingambit, M|
|poke|p2|Landorus-Therian, M|
|poke|p2|Glimmora, F|
|poke|p2|Primarina, M|
|teampreview
|
|t:|1743889616
|start
|switch|p1a: SHOCKING|Sandy Shocks, shiny|100/100
|switch|p2a: Primarina|Primarina, M|100/100
|-enditem|p1a: SHOCKING|Booster Energy
|-activate|p1a: SHOCKING|ability: Protosynthesis|[fromitem]
|-start|p1a: SHOCKING|protosynthesisspa
|turn|1
|
|t:|1743889627
|switch|p2a: Glimmora|Glimmora, F|100/100
|-terastallize|p1a: SHOCKING|Ice
|move|p1a: SHOCKING|Thunderbolt|p2a: Glimmora
|-damage|p2a: Glimmora|59/100
|
|upkeep
|turn|2
|
|t:|1743889650
|switch|p2a: Ninetales|Ninetales-Alola, F|100/100
|-weather|Snowscape|[from] ability: Snow Warning|[of] p2a: Ninetales
|move|p1a: SHOCKING|Earth Power|p2a: Ninetales
|-damage|p2a: Ninetales|39/100
|
|-weather|Snowscape|[upkeep]
|upkeep
|turn|3
|
|t:|1743889664
|switch|p2a: Primarina|Primarina, M|100/100
|move|p1a: SHOCKING|Flash Cannon|p2a: Primarina
|-damage|p2a: Primarina|82/100
|
|-weather|Snowscape|[upkeep]
|upkeep
|turn|4
|
|t:|1743889673
|move|p1a: SHOCKING|Thunderbolt|p2a: Primarina
|-supereffective|p2a: Primarina
|-damage|p2a: Primarina|23/100
|move|p2a: Primarina|Flip Turn|p1a: SHOCKING
|-damage|p1a: SHOCKING|90/100
|
|t:|1743889681
|switch|p2a: Landorus|Landorus-Therian, M|100/100|[from] Flip Turn
|-ability|p2a: Landorus|Intimidate|boost
|-unboost|p1a: SHOCKING|atk|1
|
|-weather|Snowscape|[upkeep]
|upkeep
|turn|5
|
|t:|1743889689
|move|p1a: SHOCKING|Tera Blast|p2a: Landorus|[anim] Tera Blast Ice
|-supereffective|p2a: Landorus
|-damage|p2a: Landorus|0 fnt
|faint|p2a: Landorus
|
|-weather|Snowscape|[upkeep]
|upkeep
|
|t:|1743889699
|switch|p2a: Ninetales|Ninetales-Alola, F|39/100
|turn|6
|
|t:|1743889704
|move|p2a: Ninetales|Aurora Veil|p2a: Ninetales
|-sidestart|p2: aaron200589|move: Aurora Veil
|move|p1a: SHOCKING|Flash Cannon|p2a: Ninetales
|-supereffective|p2a: Ninetales
|-damage|p2a: Ninetales|0 fnt
|faint|p2a: Ninetales
|
|-weather|none
|upkeep
|
|t:|1743889715
|switch|p2a: Kingambit|Kingambit, M, shiny|100/100
|-activate|p2a: Kingambit|ability: Supreme Overlord
|-start|p2a: Kingambit|fallen2|[silent]
|turn|7
|
|t:|1743889727
|-end|p1a: SHOCKING|Protosynthesis|[silent]
|switch|p1a: RAHH|Corviknight, F, shiny|100/100
|-ability|p1a: RAHH|Pressure
|move|p2a: Kingambit|Sucker Punch||[still]
|-fail|p2a: Kingambit
|
|upkeep
|turn|8
|
|t:|1743889739
|-end|p2a: Kingambit|fallen2|[silent]
|switch|p2a: Kyurem|Kyurem|100/100
|-ability|p2a: Kyurem|Pressure
|move|p1a: RAHH|Body Press|p2a: Kyurem
|-supereffective|p2a: Kyurem
|-damage|p2a: Kyurem|78/100
|
|-heal|p2a: Kyurem|84/100|[from] item: Leftovers
|upkeep
|turn|9
|
|t:|1743889750
|switch|p1a: Tank A Ton|Tinkaton, F, shiny|100/100
|-item|p1a: Tank A Ton|Air Balloon
|move|p2a: Kyurem|Dragon Dance|p2a: Kyurem
|-boost|p2a: Kyurem|atk|1
|-boost|p2a: Kyurem|spe|1
|
|-heal|p2a: Kyurem|91/100|[from] item: Leftovers
|upkeep
|turn|10
|
|t:|1743889763
|move|p2a: Kyurem|Substitute|p2a: Kyurem
|-start|p2a: Kyurem|Substitute
|-damage|p2a: Kyurem|66/100
|move|p1a: Tank A Ton|Gigaton Hammer|p2a: Kyurem
|-supereffective|p2a: Kyurem
|-crit|p2a: Kyurem
|-end|p2a: Kyurem|Substitute
|
|-heal|p2a: Kyurem|72/100|[from] item: Leftovers
|upkeep
|turn|11
|
|t:|1743889773
|move|p2a: Kyurem|Substitute|p2a: Kyurem
|-start|p2a: Kyurem|Substitute
|-damage|p2a: Kyurem|47/100
|move|p1a: Tank A Ton|Stealth Rock|p2a: Kyurem
|-sidestart|p2: aaron200589|move: Stealth Rock
|
|-heal|p2a: Kyurem|53/100|[from] item: Leftovers
|upkeep
|turn|12
|
|t:|1743889781
|move|p2a: Kyurem|Dragon Dance|p2a: Kyurem
|-boost|p2a: Kyurem|atk|1
|-boost|p2a: Kyurem|spe|1
|move|p1a: Tank A Ton|Gigaton Hammer|p2a: Kyurem
|-supereffective|p2a: Kyurem
|-end|p2a: Kyurem|Substitute
|
|-heal|p2a: Kyurem|59/100|[from] item: Leftovers
|upkeep
|turn|13
|
|t:|1743889792
|move|p2a: Kyurem|Protect|p2a: Kyurem
|-singleturn|p2a: Kyurem|Protect
|move|p1a: Tank A Ton|Thunder Wave|p2a: Kyurem
|-activate|p2a: Kyurem|move: Protect
|
|-heal|p2a: Kyurem|65/100|[from] item: Leftovers
|-sideend|p2: aaron200589|move: Aurora Veil
|upkeep
|turn|14
|
|t:|1743889806
|move|p2a: Kyurem|Substitute|p2a: Kyurem
|-start|p2a: Kyurem|Substitute
|-damage|p2a: Kyurem|40/100
|move|p1a: Tank A Ton|Gigaton Hammer|p2a: Kyurem
|-supereffective|p2a: Kyurem
|-end|p2a: Kyurem|Substitute
|
|-heal|p2a: Kyurem|47/100|[from] item: Leftovers
|upkeep
|turn|15
|
|t:|1743889825
|move|p2a: Kyurem|Protect|p2a: Kyurem
|-singleturn|p2a: Kyurem|Protect
|move|p1a: Tank A Ton|Ice Hammer|p2a: Kyurem
|-activate|p2a: Kyurem|move: Protect
|
|-heal|p2a: Kyurem|53/100|[from] item: Leftovers
|upkeep
|turn|16
|
|t:|1743889838
|move|p2a: Kyurem|Substitute|p2a: Kyurem
|-start|p2a: Kyurem|Substitute
|-damage|p2a: Kyurem|28/100
|move|p1a: Tank A Ton|Ice Hammer|p2a: Kyurem
|-activate|p2a: Kyurem|move: Substitute|[damage]
|-unboost|p1a: Tank A Ton|spe|1
|
|-heal|p2a: Kyurem|34/100|[from] item: Leftovers
|upkeep
|turn|17
|
|t:|1743889850
|move|p2a: Kyurem|Dragon Dance|p2a: Kyurem
|-boost|p2a: Kyurem|atk|1
|-boost|p2a: Kyurem|spe|1
|move|p1a: Tank A Ton|Ice Hammer|p2a: Kyurem
|-end|p2a: Kyurem|Substitute
|-unboost|p1a: Tank A Ton|spe|1
|
|-heal|p2a: Kyurem|40/100|[from] item: Leftovers
|upkeep
|turn|18
|
|t:|1743889861
|move|p2a: Kyurem|Protect|p2a: Kyurem
|-singleturn|p2a: Kyurem|Protect
|move|p1a: Tank A Ton|Ice Hammer|p2a: Kyurem
|-activate|p2a: Kyurem|move: Protect
|
|-heal|p2a: Kyurem|46/100|[from] item: Leftovers
|upkeep
|turn|19
|
|t:|1743889880
|move|p2a: Kyurem|Substitute|p2a: Kyurem
|-start|p2a: Kyurem|Substitute
|-damage|p2a: Kyurem|21/100
|move|p1a: Tank A Ton|Ice Hammer|p2a: Kyurem
|-activate|p2a: Kyurem|move: Substitute|[damage]
|-unboost|p1a: Tank A Ton|spe|1
|
|-heal|p2a: Kyurem|27/100|[from] item: Leftovers
|upkeep
|turn|20
|
|t:|1743889893
|move|p2a: Kyurem|Dragon Dance|p2a: Kyurem
|-boost|p2a: Kyurem|atk|1
|-boost|p2a: Kyurem|spe|1
|move|p1a: Tank A Ton|Ice Hammer|p2a: Kyurem
|-end|p2a: Kyurem|Substitute
|-unboost|p1a: Tank A Ton|spe|1
|
|-heal|p2a: Kyurem|34/100|[from] item: Leftovers
|upkeep
|turn|21
|
|t:|1743889903
|move|p2a: Kyurem|Protect|p2a: Kyurem
|-singleturn|p2a: Kyurem|Protect
|move|p1a: Tank A Ton|Thunder Wave|p2a: Kyurem
|-activate|p2a: Kyurem|move: Protect
|
|-heal|p2a: Kyurem|40/100|[from] item: Leftovers
|upkeep
|turn|22
|
|t:|1743889921
|switch|p1a: RAHH|Corviknight, F, shiny|100/100
|-ability|p1a: RAHH|Pressure
|move|p2a: Kyurem|Substitute|p2a: Kyurem
|-start|p2a: Kyurem|Substitute
|-damage|p2a: Kyurem|15/100
|
|-heal|p2a: Kyurem|21/100|[from] item: Leftovers
|upkeep
|turn|23
|
|t:|1743889931
|move|p2a: Kyurem|Dragon Dance|p2a: Kyurem
|-boost|p2a: Kyurem|atk|1
|-boost|p2a: Kyurem|spe|1
|move|p1a: RAHH|Body Press|p2a: Kyurem
|-supereffective|p2a: Kyurem
|-end|p2a: Kyurem|Substitute
|
|-heal|p2a: Kyurem|27/100|[from] item: Leftovers
|upkeep
|turn|24
|
|t:|1743889942
|-terastallize|p2a: Kyurem|Ghost
|move|p2a: Kyurem|Dragon Dance|p2a: Kyurem
|-boost|p2a: Kyurem|atk|1
|-boost|p2a: Kyurem|spe|1
|move|p1a: RAHH|Body Press|p2a: Kyurem
|-immune|p2a: Kyurem
|
|-heal|p2a: Kyurem|33/100|[from] item: Leftovers
|upkeep
|turn|25
|
|t:|1743889955
|move|p2a: Kyurem|Icicle Spear|p1a: RAHH
|-damage|p1a: RAHH|76/100
|-damage|p1a: RAHH|52/100
|-damage|p1a: RAHH|28/100
|-damage|p1a: RAHH|0 fnt
|faint|p1a: RAHH
|-hitcount|p1: RAHH|4
|
|-heal|p2a: Kyurem|40/100|[from] item: Leftovers
|upkeep
|
|t:|1743889965
|switch|p1a: Dancing Legend|Quaquaval, M, shiny|100/100
|turn|26
|
|t:|1743889974
|move|p2a: Kyurem|Protect|p2a: Kyurem
|-singleturn|p2a: Kyurem|Protect
|move|p1a: Dancing Legend|Knock Off|p2a: Kyurem
|-activate|p2a: Kyurem|move: Protect
|
|-heal|p2a: Kyurem|46/100|[from] item: Leftovers
|upkeep
|turn|27
|
|t:|1743889984
|move|p2a: Kyurem|Icicle Spear|p1a: Dancing Legend
|-resisted|p1a: Dancing Legend
|-damage|p1a: Dancing Legend|72/100
|-resisted|p1a: Dancing Legend
|-damage|p1a: Dancing Legend|44/100
|-resisted|p1a: Dancing Legend
|-damage|p1a: Dancing Legend|18/100
|-resisted|p1a: Dancing Legend
|-damage|p1a: Dancing Legend|0 fnt
|faint|p1a: Dancing Legend
|-hitcount|p1: Dancing Legend|4
|
|-heal|p2a: Kyurem|52/100|[from] item: Leftovers
|upkeep
|
|t:|1743889998
|switch|p1a: SHOCKING|Sandy Shocks, shiny, tera:Ice|90/100
|turn|28
|
|t:|1743890004
|move|p2a: Kyurem|Protect|p2a: Kyurem
|-singleturn|p2a: Kyurem|Protect
|move|p1a: SHOCKING|Thunderbolt|p2a: Kyurem
|-activate|p2a: Kyurem|move: Protect
|
|-heal|p2a: Kyurem|58/100|[from] item: Leftovers
|upkeep
|turn|29
|
|t:|1743890013
|move|p2a: Kyurem|Icicle Spear|p1a: SHOCKING
|-resisted|p1a: SHOCKING
|-damage|p1a: SHOCKING|67/100
|-resisted|p1a: SHOCKING
|-damage|p1a: SHOCKING|44/100
|-hitcount|p1a: SHOCKING|2
|move|p1a: SHOCKING|Thunderbolt|p2a: Kyurem
|-damage|p2a: Kyurem|32/100
|
|-heal|p2a: Kyurem|38/100|[from] item: Leftovers
|upkeep
|turn|30
|
|t:|1743890031
|move|p2a: Kyurem|Protect|p2a: Kyurem
|-singleturn|p2a: Kyurem|Protect
|move|p1a: SHOCKING|Thunderbolt|p2a: Kyurem
|-activate|p2a: Kyurem|move: Protect
|
|-heal|p2a: Kyurem|44/100|[from] item: Leftovers
|upkeep
|turn|31
|
|t:|1743890043
|move|p2a: Kyurem|Substitute|p2a: Kyurem
|-start|p2a: Kyurem|Substitute
|-damage|p2a: Kyurem|19/100
|move|p1a: SHOCKING|Thunderbolt|p2a: Kyurem
|-end|p2a: Kyurem|Substitute
|
|-heal|p2a: Kyurem|25/100|[from] item: Leftovers
|upkeep
|turn|32
|
|t:|1743890051
|move|p2a: Kyurem|Protect|p2a: Kyurem
|-singleturn|p2a: Kyurem|Protect
|move|p1a: SHOCKING|Thunderbolt|p2a: Kyurem
|-activate|p2a: Kyurem|move: Protect
|
|-heal|p2a: Kyurem|31/100|[from] item: Leftovers
|upkeep
|turn|33
|
|t:|1743890064
|move|p2a: Kyurem|Icicle Spear|p1a: SHOCKING
|-resisted|p1a: SHOCKING
|-damage|p1a: SHOCKING|19/100
|-resisted|p1a: SHOCKING
|-damage|p1a: SHOCKING|0 fnt
|faint|p1a: SHOCKING
|-end|p1a: SHOCKING|Protosynthesis|[silent]
|-hitcount|p1: SHOCKING|2
|
|-heal|p2a: Kyurem|38/100|[from] item: Leftovers
|upkeep
|
|t:|1743890074
|switch|p1a: Bird Word|Moltres|100/100
|turn|34
|
|t:|1743890079
|move|p2a: Kyurem|Protect|p2a: Kyurem
|-singleturn|p2a: Kyurem|Protect
|move|p1a: Bird Word|Will-O-Wisp|p2a: Kyurem
|-activate|p2a: Kyurem|move: Protect
|
|-heal|p2a: Kyurem|44/100|[from] item: Leftovers
|upkeep
|turn|35
|
|t:|1743890089
|move|p2a: Kyurem|Substitute|p2a: Kyurem
|-start|p2a: Kyurem|Substitute
|-damage|p2a: Kyurem|19/100
|move|p1a: Bird Word|Hurricane|p2a: Kyurem|[miss]
|-miss|p1a: Bird Word|p2a: Kyurem
|
|-heal|p2a: Kyurem|25/100|[from] item: Leftovers
|upkeep
|turn|36
|-message|RubyWolfLubby forfeited.
|
|win|aaron200589
|raw|RubyWolfLubby's rating: 1255 &rarr; <strong>1231</strong><br />(-24 for losing)
|raw|aaron200589's rating: 1273 &rarr; <strong>1297</strong><br />(+24 for winning)
|l|☆RubyWolfLubby
|player|p1|
