|j|☆seaean
|j|☆Kamas279
|t:|1743788464
|gametype|singles
|player|p1|seaean|blue|1282
|player|p2|Kamas279|waiter|1328
|teamsize|p1|6
|teamsize|p2|6
|gen|9
|tier|[Gen 9] OU
|rated|
|rule|HP Percentage Mod: HP is shown in percentages
|rule|Endless Battle Clause: Forcing endless battles is banned
|rule|Species Clause: Limit one of each Pokémon
|rule|OHKO Clause: OHKO moves are banned
|rule|Evasion Items Clause: Evasion items are banned
|rule|Evasion Moves Clause: Evasion moves are banned
|rule|Sleep Moves Clause: Sleep-inducing moves are banned
|clearpoke
|poke|p1|Slither Wing|
|poke|p1|Tinkaton, F|
|poke|p1|Great Tusk|
|poke|p1|Hydrapple, M|
|poke|p1|Gliscor, F|
|poke|p1|Azumarill, F|
|poke|p2|Glimmora, M|
|poke|p2|Drifblim, F|
|poke|p2|Ursaluna, F|
|poke|p2|Araquanid, M|
|poke|p2|Zapdos|
|poke|p2|Forretress, M|
|teampreview
|inactive|Battle timer is ON: inactive players will automatically lose when time's up. (requested by seaean)
|inactive|Kamas279 has 120 seconds left.
|
|t:|1743788496
|start
|switch|p1a: Tinkaton|Tinkaton, F|100/100
|switch|p2a: Zapdos|Zapdos|100/100
|-item|p1a: Tinkaton|Air Balloon
|turn|1
|
|t:|1743788503
|move|p1a: Tinkaton|Stealth Rock|p2a: Zapdos
|-sidestart|p2: Kamas279|move: Stealth Rock
|move|p2a: Zapdos|Heat Wave|p1a: Tinkaton
|-supereffective|p1a: Tinkaton
|-damage|p1a: Tinkaton|39/100
|-enditem|p1a: Tinkaton|Air Balloon
|
|upkeep
|turn|2
|
|t:|1743788519
|move|p1a: Tinkaton|Knock Off|p2a: Zapdos
|-damage|p2a: Zapdos|82/100
|-damage|p1a: Tinkaton|22/100|[from] item: Rocky Helmet|[of] p2a: Zapdos
|-enditem|p2a: Zapdos|Rocky Helmet|[from] move: Knock Off|[of] p1a: Tinkaton
|move|p2a: Zapdos|Heat Wave|p1a: Tinkaton
|-supereffective|p1a: Tinkaton
|-damage|p1a: Tinkaton|0 fnt
|faint|p1a: Tinkaton
|
|upkeep
|
|t:|1743788529
|switch|p1a: Gliscor|Gliscor, F|100/100
|turn|3
|
|t:|1743788547
|move|p2a: Zapdos|Hurricane|p1a: Gliscor|[miss]
|-miss|p2a: Zapdos|p1a: Gliscor
|move|p1a: Gliscor|Toxic|p2a: Zapdos
|-status|p2a: Zapdos|tox
|
|-damage|p2a: Zapdos|76/100 tox|[from] psn
|-status|p1a: Gliscor|tox|[from] item: Toxic Orb
|upkeep
|turn|4
|
|t:|1743788553
|move|p1a: Gliscor|Protect|p1a: Gliscor
|-singleturn|p1a: Gliscor|Protect
|move|p2a: Zapdos|Hurricane|p1a: Gliscor
|-activate|p1a: Gliscor|move: Protect
|
|-damage|p2a: Zapdos|64/100 tox|[from] psn
|upkeep
|turn|5
|c|☆Kamas279|I have missed every single first use of hurricane today
|c|☆Kamas279|every
|c|☆Kamas279|single
|c|☆Kamas279|one
|
|t:|1743788578
|move|p2a: Zapdos|Hurricane|p1a: Gliscor
|-damage|p1a: Gliscor|51/100 tox
|move|p1a: Gliscor|Spikes|p2a: Zapdos
|-sidestart|p2: Kamas279|Spikes
|
|-damage|p2a: Zapdos|46/100 tox|[from] psn
|-heal|p1a: Gliscor|64/100 tox|[from] ability: Poison Heal
|upkeep
|turn|6
|
|t:|1743788587
|move|p1a: Gliscor|Protect|p1a: Gliscor
|-singleturn|p1a: Gliscor|Protect
|move|p2a: Zapdos|Roost|p2a: Zapdos
|-heal|p2a: Zapdos|97/100 tox
|-singleturn|p2a: Zapdos|move: Roost
|
|-damage|p2a: Zapdos|73/100 tox|[from] psn
|-heal|p1a: Gliscor|76/100 tox|[from] ability: Poison Heal
|upkeep
|turn|7
|
|t:|1743788601
|switch|p2a: Forretress|Forretress, M|100/100
|-damage|p2a: Forretress|88/100|[from] Stealth Rock
|-damage|p2a: Forretress|76/100|[from] Spikes
|move|p1a: Gliscor|Spikes|p2a: Forretress
|-sidestart|p2: Kamas279|Spikes
|
|-heal|p1a: Gliscor|89/100 tox|[from] ability: Poison Heal
|upkeep
|turn|8
|
|t:|1743788605
|switch|p1a: Azumarill|Azumarill, F|100/100
|move|p2a: Forretress|Rapid Spin|p1a: Azumarill
|-damage|p1a: Azumarill|85/100
|-boost|p2a: Forretress|spe|1
|-sideend|p2: Kamas279|Spikes|[from] move: Rapid Spin|[of] p2a: Forretress
|-sideend|p2: Kamas279|Stealth Rock|[from] move: Rapid Spin|[of] p2a: Forretress
|
|upkeep
|turn|9
|
|t:|1743788610
|move|p2a: Forretress|Iron Head|p1a: Azumarill
|-damage|p1a: Azumarill|50/100
|-enditem|p1a: Azumarill|Sitrus Berry|[eat]
|-heal|p1a: Azumarill|75/100|[from] item: Sitrus Berry
|move|p1a: Azumarill|Belly Drum|p1a: Azumarill
|-damage|p1a: Azumarill|25/100
|-setboost|p1a: Azumarill|atk|6|[from] move: Belly Drum
|
|upkeep
|turn|10
|
|t:|1743788635
|-terastallize|p1a: Azumarill|Water
|move|p2a: Forretress|Iron Head|p1a: Azumarill
|-resisted|p1a: Azumarill
|-damage|p1a: Azumarill|7/100
|move|p1a: Azumarill|Liquidation|p2a: Forretress
|-damage|p2a: Forretress|0 fnt
|faint|p2a: Forretress
|
|upkeep
|
|t:|1743788651
|switch|p2a: Zapdos|Zapdos|73/100 tox
|turn|11
|
|t:|1743788653
|move|p1a: Azumarill|Aqua Jet|p2a: Zapdos
|-damage|p2a: Zapdos|0 fnt
|-status|p1a: Azumarill|par|[from] ability: Static|[of] p2a: Zapdos
|faint|p2a: Zapdos
|
|upkeep
|
|t:|1743788664
|switch|p2a: Araquanid|Araquanid, M|100/100
|turn|12
|
|t:|1743788669
|move|p1a: Azumarill|Aqua Jet|p2a: Araquanid
|-resisted|p2a: Araquanid
|-damage|p2a: Araquanid|30/100
|move|p2a: Araquanid|Liquidation|p1a: Azumarill
|-resisted|p1a: Azumarill
|-damage|p1a: Azumarill|0 fnt
|faint|p1a: Azumarill
|
|-heal|p2a: Araquanid|36/100|[from] item: Leftovers
|upkeep
|
|t:|1743788677
|switch|p1a: Hydrapple|Hydrapple, M|100/100
|turn|13
|
|t:|1743788688
|move|p1a: Hydrapple|Nasty Plot|p1a: Hydrapple
|-boost|p1a: Hydrapple|spa|2
|move|p2a: Araquanid|Sticky Web|p1a: Hydrapple
|-sidestart|p1: seaean|move: Sticky Web
|
|-heal|p2a: Araquanid|42/100|[from] item: Leftovers
|upkeep
|turn|14
|
|t:|1743788692
|move|p1a: Hydrapple|Giga Drain|p2a: Araquanid
|-damage|p2a: Araquanid|0 fnt
|faint|p2a: Araquanid
|
|upkeep
|
|t:|1743788698
|switch|p2a: Drifblim|Drifblim, F|100/100
|turn|15
|
|t:|1743788702
|move|p2a: Drifblim|Thunder Wave|p1a: Hydrapple
|-status|p1a: Hydrapple|par
|cant|p1a: Hydrapple|par
|
|upkeep
|turn|16
|
|t:|1743788707
|move|p2a: Drifblim|Hex|p1a: Hydrapple
|-damage|p1a: Hydrapple|57/100 par
|move|p1a: Hydrapple|Fickle Beam|p2a: Drifblim
|-damage|p2a: Drifblim|8/100
|
|upkeep
|turn|17
|
|t:|1743788711
|move|p2a: Drifblim|Hex|p1a: Hydrapple
|-damage|p1a: Hydrapple|20/100 par
|cant|p1a: Hydrapple|par
|
|upkeep
|turn|18
|
|t:|1743788719
|move|p2a: Drifblim|Hex|p1a: Hydrapple
|-damage|p1a: Hydrapple|0 fnt
|faint|p1a: Hydrapple
|
|upkeep
|
|t:|1743788722
|switch|p1a: Great Tusk|Great Tusk|100/100
|-activate|p1a: Great Tusk|move: Sticky Web
|-unboost|p1a: Great Tusk|spe|1
|-enditem|p1a: Great Tusk|Booster Energy
|-activate|p1a: Great Tusk|ability: Protosynthesis|[fromitem]
|-start|p1a: Great Tusk|protosynthesisatk
|turn|19
|
|t:|1743788728
|move|p1a: Great Tusk|Knock Off|p2a: Drifblim
|-supereffective|p2a: Drifblim
|-damage|p2a: Drifblim|0 fnt
|-damage|p1a: Great Tusk|76/100|[from] ability: Aftermath|[of] p2a: Drifblim
|-damage|p1a: Great Tusk|59/100|[from] item: Rocky Helmet|[of] p2a: Drifblim
|-enditem|p2a: Drifblim|Rocky Helmet|[from] move: Knock Off|[of] p1a: Great Tusk
|faint|p2a: Drifblim
|
|upkeep
|
|t:|1743788732
|switch|p2a: Glimmora|Glimmora, M|100/100
|turn|20
|
|t:|1743788747
|move|p2a: Glimmora|Energy Ball|p1a: Great Tusk
|-supereffective|p1a: Great Tusk
|-damage|p1a: Great Tusk|0 fnt
|faint|p1a: Great Tusk
|-end|p1a: Great Tusk|Protosynthesis|[silent]
|
|upkeep
|
|t:|1743788750
|switch|p1a: Gliscor|Gliscor, F|89/100 tox
|turn|21
|
|t:|1743788753
|-terastallize|p2a: Glimmora|Grass
|move|p2a: Glimmora|Meteor Beam||[still]
|-prepare|p2a: Glimmora|Meteor Beam
|-boost|p2a: Glimmora|spa|1
|-enditem|p2a: Glimmora|Power Herb
|-anim|p2a: Glimmora|Meteor Beam|p1a: Gliscor
|-damage|p1a: Gliscor|13/100 tox
|move|p1a: Gliscor|Earthquake|p2a: Glimmora
|-resisted|p2a: Glimmora
|-damage|p2a: Glimmora|80/100
|-activate|p2a: Glimmora|ability: Toxic Debris
|-sidestart|p1: seaean|move: Toxic Spikes
|
|-heal|p1a: Gliscor|25/100 tox|[from] ability: Poison Heal
|upkeep
|turn|22
|
|t:|1743788767
|move|p2a: Glimmora|Energy Ball|p1a: Gliscor
|-damage|p1a: Gliscor|0 fnt
|faint|p1a: Gliscor
|
|upkeep
|
|t:|1743788769
|switch|p1a: Slither Wing|Slither Wing|100/100
|turn|23
|
|t:|1743788775
|switch|p2a: Ursaluna|Ursaluna, F|100/100
|move|p1a: Slither Wing|First Impression|p2a: Ursaluna
|-damage|p2a: Ursaluna|66/100
|
|-status|p2a: Ursaluna|brn|[from] item: Flame Orb
|upkeep
|turn|24
|
|t:|1743788783
|move|p1a: Slither Wing|U-turn|p2a: Ursaluna
|-damage|p2a: Ursaluna|42/100 brn
|move|p2a: Ursaluna|Facade|p1a: Slither Wing
|-damage|p1a: Slither Wing|0 fnt
|faint|p1a: Slither Wing
|-end|p1a: Slither Wing|Protosynthesis|[silent]
|
|win|Kamas279
|raw|seaean's rating: 1282 &rarr; <strong>1260</strong><br />(-22 for losing)
|raw|Kamas279's rating: 1328 &rarr; <strong>1345</strong><br />(+17 for winning)
|l|☆seaean
|player|p1|
|l|☆Kamas279
|player|p2|
