|j|☆jp8 the marth main
|j|☆Jordi76
|t:|1743790465
|gametype|singles
|player|p1|jp8 the marth main|2|1412
|player|p2|Jordi76|2|1389
|teamsize|p1|6
|teamsize|p2|6
|gen|9
|tier|[Gen 9] OU
|rated|
|rule|HP Percentage Mod: HP is shown in percentages
|rule|Endless Battle Clause: Forcing endless battles is banned
|rule|Species Clause: Limit one of each Pokémon
|rule|OHKO Clause: OHKO moves are banned
|rule|Evasion Items Clause: Evasion items are banned
|rule|Evasion Moves Clause: Evasion moves are banned
|rule|Sleep Moves Clause: Sleep-inducing moves are banned
|clearpoke
|poke|p1|Fezandipiti, M|
|poke|p1|Great Tusk|
|poke|p1|Hydrapple, M|
|poke|p1|Raging Bolt|
|poke|p1|Salazzle, F|
|poke|p1|Weavile, M|
|poke|p2|Tinkaton, F|
|poke|p2|Darkrai|
|poke|p2|Gliscor, F|
|poke|p2|Dragonite, M|
|poke|p2|Ting-Lu|
|poke|p2|Sinistcha-Masterpiece|
|teampreview
|inactive|Battle timer is ON: inactive players will automatically lose when time's up. (requested by Jordi76)
|l|☆Jordi76
|inactive|Jordi76 disconnected and has a minute to reconnect!
|player|p2|
|j|☆Jordi76
|inactive|Jordi76 reconnected and has 130 seconds left.
|player|p2|Jordi76|2|
|inactive|jp8 the marth main has 120 seconds left.
|inactive|jp8 the marth main has 90 seconds left.
|inactive|jp8 the marth main has 60 seconds left.
|c|☆Jordi76|va mariposon
|c|☆Jordi76|mueve
|inactive|jp8 the marth main has 30 seconds left.
|inactive|jp8 the marth main has 20 seconds left.
|
|t:|1743790603
|start
|switch|p1a: Fezandipiti|Fezandipiti, M|100/100
|switch|p2a: Tinkaton|Tinkaton, F|100/100
|-ability|p2a: Tinkaton|Mold Breaker
|-item|p2a: Tinkaton|Air Balloon
|turn|1
|
|t:|1743790612
|move|p1a: Fezandipiti|U-turn|p2a: Tinkaton
|-resisted|p2a: Tinkaton
|-damage|p2a: Tinkaton|93/100
|-enditem|p2a: Tinkaton|Air Balloon
|
|t:|1743790613
|switch|p1a: Great Tusk|Great Tusk|100/100|[from] U-turn
|-enditem|p1a: Great Tusk|Booster Energy
|-activate|p1a: Great Tusk|ability: Protosynthesis|[fromitem]
|-start|p1a: Great Tusk|protosynthesisatk
|move|p2a: Tinkaton|Gigaton Hammer|p1a: Great Tusk
|-damage|p1a: Great Tusk|67/100
|
|upkeep
|turn|2
|
|t:|1743790625
|switch|p2a: Sinistcha|Sinistcha-Masterpiece|100/100
|move|p1a: Great Tusk|Rapid Spin|p2a: Sinistcha
|-immune|p2a: Sinistcha
|
|upkeep
|turn|3
|
|t:|1743790630
|move|p1a: Great Tusk|Knock Off|p2a: Sinistcha
|-supereffective|p2a: Sinistcha
|-damage|p2a: Sinistcha|41/100
|-enditem|p2a: Sinistcha|Heavy-Duty Boots|[from] move: Knock Off|[of] p1a: Great Tusk
|move|p2a: Sinistcha|Matcha Gotcha|p1a: Great Tusk
|-supereffective|p1a: Great Tusk
|-damage|p1a: Great Tusk|0 fnt
|-heal|p2a: Sinistcha|76/100|[from] drain|[of] p1a: Great Tusk
|faint|p1a: Great Tusk
|-end|p1a: Great Tusk|Protosynthesis|[silent]
|
|upkeep
|
|t:|1743790633
|switch|p1a: Weavile|Weavile, M|100/100
|-ability|p1a: Weavile|Pressure
|turn|4
|
|t:|1743790646
|switch|p2a: Tinkaton|Tinkaton, F|93/100
|-ability|p2a: Tinkaton|Mold Breaker
|move|p1a: Weavile|Triple Axel|p2a: Tinkaton
|-resisted|p2a: Tinkaton
|-damage|p2a: Tinkaton|88/100
|-resisted|p2a: Tinkaton
|-damage|p2a: Tinkaton|77/100
|-resisted|p2a: Tinkaton
|-damage|p2a: Tinkaton|59/100
|-hitcount|p2a: Tinkaton|3
|
|upkeep
|turn|5
|
|t:|1743790655
|switch|p1a: Salazzle|Salazzle, F|100/100
|move|p2a: Tinkaton|Gigaton Hammer|p1a: Salazzle
|-resisted|p1a: Salazzle
|-damage|p1a: Salazzle|62/100
|
|upkeep
|turn|6
|
|t:|1743790660
|switch|p2a: Ting-Lu|Ting-Lu|100/100
|-ability|p2a: Ting-Lu|Vessel of Ruin
|move|p1a: Salazzle|Fire Blast|p2a: Ting-Lu|[miss]
|-miss|p1a: Salazzle|p2a: Ting-Lu
|
|upkeep
|turn|7
|
|t:|1743790669
|-terastallize|p1a: Salazzle|Flying
|move|p1a: Salazzle|Toxic|p2a: Ting-Lu
|-status|p2a: Ting-Lu|tox
|move|p2a: Ting-Lu|Earthquake|p1a: Salazzle
|-immune|p1a: Salazzle
|
|-damage|p2a: Ting-Lu|94/100 tox|[from] psn
|upkeep
|turn|8
|
|t:|1743790673
|move|p1a: Salazzle|Encore|p2a: Ting-Lu
|-start|p2a: Ting-Lu|Encore
|move|p2a: Ting-Lu|Earthquake|p1a: Salazzle
|-immune|p1a: Salazzle
|
|-heal|p2a: Ting-Lu|100/100 tox|[from] item: Leftovers
|-damage|p2a: Ting-Lu|88/100 tox|[from] psn
|upkeep
|turn|9
|
|t:|1743790683
|switch|p2a: Dragonite|Dragonite, M|100/100
|move|p1a: Salazzle|Fire Blast|p2a: Dragonite
|-resisted|p2a: Dragonite
|-damage|p2a: Dragonite|89/100
|
|upkeep
|turn|10
|
|t:|1743790690
|move|p2a: Dragonite|Extreme Speed|p1a: Salazzle
|-damage|p1a: Salazzle|11/100
|move|p1a: Salazzle|Toxic|p2a: Dragonite|[miss]
|-miss|p1a: Salazzle|p2a: Dragonite
|
|upkeep
|turn|11
|
|t:|1743790698
|switch|p1a: Weavile|Weavile, M|100/100
|-ability|p1a: Weavile|Pressure
|move|p2a: Dragonite|Extreme Speed|p1a: Weavile
|-damage|p1a: Weavile|54/100
|
|upkeep
|turn|12
|
|t:|1743790705
|-terastallize|p2a: Dragonite|Normal
|move|p1a: Weavile|Upper Hand|p2a: Dragonite
|-supereffective|p2a: Dragonite
|-damage|p2a: Dragonite|51/100
|cant|p2a: Dragonite|flinch
|
|upkeep
|turn|13
|
|t:|1743790713
|move|p2a: Dragonite|Extreme Speed|p1a: Weavile
|-damage|p1a: Weavile|0 fnt
|faint|p1a: Weavile
|
|upkeep
|
|t:|1743790717
|switch|p1a: Fezandipiti|Fezandipiti, M|100/100
|turn|14
|
|t:|1743790723
|move|p1a: Fezandipiti|Play Rough|p2a: Dragonite
|-damage|p2a: Dragonite|0 fnt
|faint|p2a: Dragonite
|
|upkeep
|
|t:|1743790727
|switch|p2a: Tinkaton|Tinkaton, F|59/100
|-ability|p2a: Tinkaton|Mold Breaker
|turn|15
|
|t:|1743790733
|switch|p1a: Hydrapple|Hydrapple, M, shiny|100/100
|move|p2a: Tinkaton|Gigaton Hammer|p1a: Hydrapple
|-damage|p1a: Hydrapple|67/100
|
|upkeep
|turn|16
|
|t:|1743790742
|move|p2a: Tinkaton|Stealth Rock|p1a: Hydrapple
|-sidestart|p1: jp8 the marth main|move: Stealth Rock
|move|p1a: Hydrapple|Earth Power|p2a: Tinkaton
|-supereffective|p2a: Tinkaton
|-damage|p2a: Tinkaton|3/100
|
|upkeep
|turn|17
|
|t:|1743790751
|move|p2a: Tinkaton|Encore|p1a: Hydrapple
|-start|p1a: Hydrapple|Encore
|move|p1a: Hydrapple|Earth Power|p2a: Tinkaton
|-supereffective|p2a: Tinkaton
|-damage|p2a: Tinkaton|0 fnt
|faint|p2a: Tinkaton
|
|upkeep
|
|t:|1743790753
|switch|p2a: Gliscor|Gliscor, F|100/100
|turn|18
|
|t:|1743790759
|switch|p1a: Fezandipiti|Fezandipiti, M|100/100
|-damage|p1a: Fezandipiti|88/100|[from] Stealth Rock
|move|p2a: Gliscor|Swords Dance|p2a: Gliscor
|-boost|p2a: Gliscor|atk|2
|
|-status|p2a: Gliscor|tox|[from] item: Toxic Orb
|upkeep
|turn|19
|
|t:|1743790768
|move|p1a: Fezandipiti|Play Rough|p2a: Gliscor
|-damage|p2a: Gliscor|60/100 tox
|move|p2a: Gliscor|Facade|p1a: Fezandipiti
|-damage|p1a: Fezandipiti|11/100
|
|-heal|p2a: Gliscor|73/100 tox|[from] ability: Poison Heal
|upkeep
|turn|20
|
|t:|1743790774
|move|p1a: Fezandipiti|Play Rough|p2a: Gliscor
|-damage|p2a: Gliscor|28/100 tox
|move|p2a: Gliscor|Knock Off|p1a: Fezandipiti
|-resisted|p1a: Fezandipiti
|-damage|p1a: Fezandipiti|0 fnt
|-enditem|p1a: Fezandipiti|Choice Band|[from] move: Knock Off|[of] p2a: Gliscor
|faint|p1a: Fezandipiti
|
|-heal|p2a: Gliscor|41/100 tox|[from] ability: Poison Heal
|upkeep
|
|t:|1743790779
|switch|p1a: Hydrapple|Hydrapple, M, shiny|99/100
|turn|21
|
|t:|1743790785
|move|p2a: Gliscor|Protect|p2a: Gliscor
|-singleturn|p2a: Gliscor|Protect
|move|p1a: Hydrapple|Fickle Beam|p2a: Gliscor
|-activate|p2a: Gliscor|move: Protect
|
|-heal|p2a: Gliscor|53/100 tox|[from] ability: Poison Heal
|upkeep
|turn|22
|
|t:|1743790811
|switch|p2a: Ting-Lu|Ting-Lu|88/100 tox
|-ability|p2a: Ting-Lu|Vessel of Ruin
|move|p1a: Hydrapple|Fickle Beam|p2a: Ting-Lu
|-damage|p2a: Ting-Lu|71/100 tox
|
|-heal|p2a: Ting-Lu|77/100 tox|[from] item: Leftovers
|-damage|p2a: Ting-Lu|71/100 tox|[from] psn
|upkeep
|turn|23
|
|t:|1743790828
|move|p2a: Ting-Lu|Ruination|p1a: Hydrapple
|-damage|p1a: Hydrapple|50/100
|move|p1a: Hydrapple|Nasty Plot|p1a: Hydrapple
|-boost|p1a: Hydrapple|spa|2
|
|-heal|p2a: Ting-Lu|77/100 tox|[from] item: Leftovers
|-damage|p2a: Ting-Lu|64/100 tox|[from] psn
|upkeep
|turn|24
|
|t:|1743790833
|move|p1a: Hydrapple|Giga Drain|p2a: Ting-Lu
|-supereffective|p2a: Ting-Lu
|-damage|p2a: Ting-Lu|0 fnt
|-heal|p1a: Hydrapple|90/100|[from] drain|[of] p2a: Ting-Lu
|faint|p2a: Ting-Lu
|
|upkeep
|
|t:|1743790839
|switch|p2a: Darkrai|Darkrai|100/100
|turn|25
|
|t:|1743790843
|switch|p1a: Salazzle|Salazzle, F, tera:Flying|11/100
|-damage|p1a: Salazzle|0 fnt|[from] Stealth Rock
|faint|p1a: Salazzle
|move|p2a: Darkrai|Ice Beam|p1: Salazzle|[notarget]
|-fail|p2a: Darkrai
|
|upkeep
|
|t:|1743790845
|switch|p1a: Raging Bolt|Raging Bolt|100/100
|-damage|p1a: Raging Bolt|88/100|[from] Stealth Rock
|-enditem|p1a: Raging Bolt|Booster Energy
|-activate|p1a: Raging Bolt|ability: Protosynthesis|[fromitem]
|-start|p1a: Raging Bolt|protosynthesisspa
|turn|26
|
|t:|1743790850
|move|p2a: Darkrai|Ice Beam|p1a: Raging Bolt
|-supereffective|p1a: Raging Bolt
|-damage|p1a: Raging Bolt|30/100
|move|p1a: Raging Bolt|Draco Meteor|p2a: Darkrai
|-damage|p2a: Darkrai|0 fnt
|-unboost|p1a: Raging Bolt|spa|2
|faint|p2a: Darkrai
|
|upkeep
|
|t:|1743790862
|switch|p2a: Gliscor|Gliscor, F|53/100 tox
|turn|27
|
|t:|1743790867
|move|p2a: Gliscor|Facade|p1a: Raging Bolt
|-damage|p1a: Raging Bolt|5/100
|move|p1a: Raging Bolt|Draco Meteor|p2a: Gliscor|[miss]
|-miss|p1a: Raging Bolt|p2a: Gliscor
|
|-heal|p2a: Gliscor|66/100 tox|[from] ability: Poison Heal
|upkeep
|turn|28
|
|t:|1743790876
|move|p2a: Gliscor|Protect|p2a: Gliscor
|-singleturn|p2a: Gliscor|Protect
|move|p1a: Raging Bolt|Calm Mind|p1a: Raging Bolt
|-boost|p1a: Raging Bolt|spa|1
|-boost|p1a: Raging Bolt|spd|1
|
|-heal|p2a: Gliscor|78/100 tox|[from] ability: Poison Heal
|upkeep
|turn|29
|
|t:|1743790880
|move|p2a: Gliscor|Facade|p1a: Raging Bolt
|-damage|p1a: Raging Bolt|0 fnt
|faint|p1a: Raging Bolt
|-end|p1a: Raging Bolt|Protosynthesis|[silent]
|
|-heal|p2a: Gliscor|91/100 tox|[from] ability: Poison Heal
|upkeep
|
|t:|1743790883
|switch|p1a: Hydrapple|Hydrapple, M, shiny|100/100
|turn|30
|
|t:|1743790893
|move|p2a: Gliscor|Swords Dance|p2a: Gliscor
|-boost|p2a: Gliscor|atk|2
|move|p1a: Hydrapple|Nasty Plot|p1a: Hydrapple
|-boost|p1a: Hydrapple|spa|2
|
|-heal|p2a: Gliscor|100/100 tox|[from] ability: Poison Heal
|upkeep
|turn|31
|
|t:|1743790898
|move|p2a: Gliscor|Facade|p1a: Hydrapple
|-damage|p1a: Hydrapple|51/100
|move|p1a: Hydrapple|Giga Drain|p2a: Gliscor
|-damage|p2a: Gliscor|0 fnt
|-heal|p1a: Hydrapple|94/100|[from] drain|[of] p2a: Gliscor
|faint|p2a: Gliscor
|
|upkeep
|
|t:|1743790903
|switch|p2a: Sinistcha|Sinistcha-Masterpiece|76/100
|turn|32
|
|t:|1743790905
|move|p2a: Sinistcha|Calm Mind|p2a: Sinistcha
|-boost|p2a: Sinistcha|spa|1
|-boost|p2a: Sinistcha|spd|1
|move|p1a: Hydrapple|Fickle Beam|p2a: Sinistcha|[anim] Fickle Beam All Out
|-activate|p1a: Hydrapple|move: Fickle Beam
|-damage|p2a: Sinistcha|0 fnt
|faint|p2a: Sinistcha
|
|win|jp8 the marth main
|raw|jp8 the marth main's rating: 1412 &rarr; <strong>1431</strong><br />(+19 for winning)
|raw|Jordi76's rating: 1389 &rarr; <strong>1370</strong><br />(-19 for losing)
|l|☆jp8 the marth main
|player|p1|
|l|☆Jordi76
|player|p2|
