|j|☆MREUhjrwuje
|j|☆xadenas
|t:|1743808928
|gametype|singles
|player|p1|MREUhjrwuje|102|1380
|player|p2|xadenas|hiker-gen4|1282
|teamsize|p1|6
|teamsize|p2|6
|gen|9
|tier|[Gen 9] OU
|rated|
|rule|HP Percentage Mod: HP is shown in percentages
|rule|Endless Battle Clause: Forcing endless battles is banned
|rule|Species Clause: Limit one of each Pokémon
|rule|OHKO Clause: OHKO moves are banned
|rule|Evasion Items Clause: Evasion items are banned
|rule|Evasion Moves Clause: Evasion moves are banned
|rule|Sleep Moves Clause: Sleep-inducing moves are banned
|clearpoke
|poke|p1|Gloom, M|
|poke|p1|Keldeo-Resolute|
|poke|p1|Hoopa-Unbound|
|poke|p1|Slowking-Galar, M|
|poke|p1|Iron Treads|
|poke|p1|Dragonite, F|
|poke|p2|Primarina, F|
|poke|p2|Exeggutor-Alola, F|
|poke|p2|Reuniclus, M|
|poke|p2|Chesnaught, M|
|poke|p2|Coalossal, F|
|poke|p2|Frosmoth, M|
|teampreview
|inactive|Battle timer is ON: inactive players will automatically lose when time's up. (requested by MREUhjrwuje)
|
|t:|1743808938
|start
|switch|p1a: Dragonite|Dragonite, F|100/100
|switch|p2a: Reuniclus|Reuniclus, M|100/100
|turn|1
|
|t:|1743808941
|move|p1a: Dragonite|Dragon Dance|p1a: Dragonite
|-boost|p1a: Dragonite|atk|1
|-boost|p1a: Dragonite|spe|1
|move|p2a: Reuniclus|Psychic|p1a: Dragonite
|-damage|p1a: Dragonite|74/100
|
|upkeep
|turn|2
|
|t:|1743808945
|move|p1a: Dragonite|Roost|p1a: Dragonite
|-heal|p1a: Dragonite|100/100
|-singleturn|p1a: Dragonite|move: Roost
|move|p2a: Reuniclus|Psychic|p1a: Dragonite
|-damage|p1a: Dragonite|70/100
|
|upkeep
|turn|3
|
|t:|1743808951
|move|p1a: Dragonite|Dragon Dance|p1a: Dragonite
|-boost|p1a: Dragonite|atk|1
|-boost|p1a: Dragonite|spe|1
|move|p2a: Reuniclus|Psychic|p1a: Dragonite
|-damage|p1a: Dragonite|11/100
|
|upkeep
|turn|4
|
|t:|1743808953
|move|p1a: Dragonite|Roost|p1a: Dragonite
|-heal|p1a: Dragonite|62/100
|-singleturn|p1a: Dragonite|move: Roost
|move|p2a: Reuniclus|Psychic|p1a: Dragonite
|-damage|p1a: Dragonite|6/100
|
|upkeep
|turn|5
|
|t:|1743808956
|move|p1a: Dragonite|Earthquake|p2a: Reuniclus
|-damage|p2a: Reuniclus|38/100
|move|p2a: Reuniclus|Psychic|p1a: Dragonite
|-damage|p1a: Dragonite|0 fnt
|faint|p1a: Dragonite
|
|upkeep
|
|t:|1743808958
|switch|p1a: Hoopa|Hoopa-Unbound|100/100
|turn|6
|
|t:|1743808965
|move|p1a: Hoopa|Knock Off|p2a: Reuniclus
|-supereffective|p2a: Reuniclus
|-damage|p2a: Reuniclus|0 fnt
|-enditem|p2a: Reuniclus|Life Orb|[from] move: Knock Off|[of] p1a: Hoopa
|faint|p2a: Reuniclus
|
|upkeep
|
|t:|1743808969
|switch|p2a: Primarina|Primarina, F|100/100
|turn|7
|
|t:|1743808974
|switch|p1a: Slowking|Slowking-Galar, M|100/100
|move|p2a: Primarina|Moonblast|p1a: Slowking
|-resisted|p1a: Slowking
|-damage|p1a: Slowking|83/100
|-unboost|p1a: Slowking|spa|1
|
|upkeep
|turn|8
|
|t:|1743808985
|switch|p2a: Frosmoth|Frosmoth, M|100/100
|move|p1a: Slowking|Trick|p2a: Frosmoth
|-activate|p1a: Slowking|move: Trick|[of] p2a: Frosmoth
|-item|p2a: Frosmoth|Choice Scarf|[from] move: Trick
|-item|p1a: Slowking|Heavy-Duty Boots|[from] move: Trick
|
|upkeep
|turn|9
|
|t:|1743808992
|move|p2a: Frosmoth|Ice Beam|p1a: Slowking
|-damage|p1a: Slowking|52/100
|move|p1a: Slowking|Future Sight|p2a: Frosmoth
|-start|p1a: Slowking|move: Future Sight
|
|upkeep
|turn|10
|
|t:|1743808995
|move|p2a: Frosmoth|Ice Beam|p1a: Slowking
|-damage|p1a: Slowking|23/100
|-status|p1a: Slowking|frz
|-prepare|p1a: Slowking|Chilly Reception|[premajor]
|cant|p1a: Slowking|frz
|
|upkeep
|turn|11
|
|t:|1743809001
|switch|p1a: Hoopa|Hoopa-Unbound|100/100
|move|p2a: Frosmoth|Ice Beam|p1a: Hoopa
|-damage|p1a: Hoopa|75/100
|
|-end|p2a: Frosmoth|move: Future Sight
|-damage|p2a: Frosmoth|70/100
|upkeep
|turn|12
|
|t:|1743809004
|move|p2a: Frosmoth|Ice Beam|p1a: Hoopa
|-damage|p1a: Hoopa|48/100
|move|p1a: Hoopa|Knock Off|p2a: Frosmoth
|-damage|p2a: Frosmoth|0 fnt
|-enditem|p2a: Frosmoth|Choice Scarf|[from] move: Knock Off|[of] p1a: Hoopa
|faint|p2a: Frosmoth
|
|upkeep
|
|t:|1743809010
|switch|p2a: Primarina|Primarina, F|100/100
|turn|13
|
|t:|1743809012
|switch|p1a: Slowking|Slowking-Galar, M|56/100 frz
|move|p2a: Primarina|Calm Mind|p2a: Primarina
|-boost|p2a: Primarina|spa|1
|-boost|p2a: Primarina|spd|1
|
|upkeep
|turn|14
|
|t:|1743809016
|move|p2a: Primarina|Calm Mind|p2a: Primarina
|-boost|p2a: Primarina|spa|1
|-boost|p2a: Primarina|spd|1
|cant|p1a: Slowking|frz
|
|upkeep
|turn|15
|
|t:|1743809018
|switch|p1a: Iron Treads|Iron Treads|100/100
|-enditem|p1a: Iron Treads|Booster Energy
|-activate|p1a: Iron Treads|ability: Quark Drive|[fromitem]
|-start|p1a: Iron Treads|quarkdrivespe
|move|p2a: Primarina|Calm Mind|p2a: Primarina
|-boost|p2a: Primarina|spa|1
|-boost|p2a: Primarina|spd|1
|
|upkeep
|turn|16
|
|t:|1743809022
|move|p1a: Iron Treads|Earthquake|p2a: Primarina
|-damage|p2a: Primarina|45/100
|move|p2a: Primarina|Hyper Voice|p1a: Iron Treads
|-supereffective|p1a: Iron Treads
|-damage|p1a: Iron Treads|0 fnt
|faint|p1a: Iron Treads
|-end|p1a: Iron Treads|Quark Drive|[silent]
|
|-heal|p2a: Primarina|51/100|[from] item: Leftovers
|upkeep
|
|t:|1743809026
|switch|p1a: Gloom|Gloom, M|100/100
|turn|17
|
|t:|1743809029
|move|p2a: Primarina|Ice Beam|p1a: Gloom
|-supereffective|p1a: Gloom
|-damage|p1a: Gloom|0 fnt
|faint|p1a: Gloom
|
|-heal|p2a: Primarina|57/100|[from] item: Leftovers
|upkeep
|
|t:|1743809034
|switch|p1a: Keldeo|Keldeo-Resolute|100/100
|turn|18
|
|t:|1743809036
|move|p1a: Keldeo|Secret Sword|p2a: Primarina
|-resisted|p2a: Primarina
|-damage|p2a: Primarina|31/100
|move|p2a: Primarina|Moonblast|p1a: Keldeo
|-supereffective|p1a: Keldeo
|-damage|p1a: Keldeo|0 fnt
|faint|p1a: Keldeo
|
|-heal|p2a: Primarina|37/100|[from] item: Leftovers
|upkeep
|
|t:|1743809038
|switch|p1a: Hoopa|Hoopa-Unbound|48/100
|turn|19
|
|t:|1743809042
|-terastallize|p1a: Hoopa|Fairy
|move|p1a: Hoopa|Knock Off|p2a: Primarina
|-resisted|p2a: Primarina
|-damage|p2a: Primarina|4/100
|-enditem|p2a: Primarina|Leftovers|[from] move: Knock Off|[of] p1a: Hoopa
|move|p2a: Primarina|Moonblast|p1a: Hoopa
|-crit|p1a: Hoopa
|-damage|p1a: Hoopa|0 fnt
|faint|p1a: Hoopa
|
|upkeep
|
|t:|1743809046
|switch|p1a: Slowking|Slowking-Galar, M|89/100 frz
|turn|20
|
|t:|1743809048
|move|p2a: Primarina|Hyper Voice|p1a: Slowking
|-crit|p1a: Slowking
|-damage|p1a: Slowking|0 fnt
|faint|p1a: Slowking
|
|win|xadenas
|raw|MREUhjrwuje's rating: 1380 &rarr; <strong>1355</strong><br />(-25 for losing)
|raw|xadenas's rating: 1282 &rarr; <strong>1314</strong><br />(+32 for winning)
