|j|☆Eliano030
|j|☆naza_V2
|t:|1743880472
|gametype|singles
|player|p1|Eliano030|1|1566
|player|p2|naza_V2|lady-gen4|1609
|teamsize|p1|6
|teamsize|p2|6
|gen|9
|tier|[Gen 9] OU
|rated|
|rule|HP Percentage Mod: HP is shown in percentages
|rule|Endless Battle Clause: Forcing endless battles is banned
|rule|Species Clause: Limit one of each Pokémon
|rule|OHKO Clause: OHKO moves are banned
|rule|Evasion Items Clause: Evasion items are banned
|rule|Evasion Moves Clause: Evasion moves are banned
|rule|Sleep Moves Clause: Sleep-inducing moves are banned
|clearpoke
|poke|p1|Meowscarada, F|
|poke|p1|Cinderace, F|
|poke|p1|Greninja-*, M|
|poke|p1|Garganacl, M|
|poke|p1|Bronzong|
|poke|p1|Donphan, L1, M|
|poke|p2|Iron Moth|
|poke|p2|Kingambit, F|
|poke|p2|Dragonite, F|
|poke|p2|Ogerpon-Cornerstone, F|
|poke|p2|Iron Valiant|
|poke|p2|Raging Bolt|
|teampreview
|j| ASilentKingambitX
|inactive|Battle timer is ON: inactive players will automatically lose when time's up. (requested by Eliano030)
|
|t:|1743880496
|start
|switch|p1a: Goobatron|Donphan, L1, M|100/100
|switch|p2a: Ogerpon|Ogerpon-Cornerstone, F|100/100
|turn|1
|
|t:|1743880520
|move|p2a: Ogerpon|Knock Off|p1a: Goobatron
|-ability|p1a: Goobatron|Sturdy
|-damage|p1a: Goobatron|8/100
|-enditem|p1a: Goobatron|Shell Bell|[from] move: Knock Off|[of] p2a: Ogerpon
|move|p1a: Goobatron|Endeavor|p2a: Ogerpon
|-damage|p2a: Ogerpon|1/100
|
|upkeep
|turn|2
|
|t:|1743880531
|move|p1a: Goobatron|Ice Shard|p2a: Ogerpon
|-supereffective|p2a: Ogerpon
|-damage|p2a: Ogerpon|0 fnt
|faint|p2a: Ogerpon
|
|upkeep
|
|t:|1743880533
|switch|p2a: Dragonite|Dragonite, F|100/100
|turn|3
|
|t:|1743880538
|move|p2a: Dragonite|Extreme Speed|p1a: Goobatron
|-damage|p1a: Goobatron|0 fnt
|faint|p1a: Goobatron
|
|upkeep
|
|t:|1743880544
|switch|p1a: Saltilter|Garganacl, M|100/100
|turn|4
|
|t:|1743880559
|switch|p2a: Iron Moth|Iron Moth|100/100
|-enditem|p2a: Iron Moth|Booster Energy
|-activate|p2a: Iron Moth|ability: Quark Drive|[fromitem]
|-start|p2a: Iron Moth|quarkdrivespe
|move|p1a: Saltilter|Salt Cure|p2a: Iron Moth
|-supereffective|p2a: Iron Moth
|-damage|p2a: Iron Moth|63/100
|-start|p2a: Iron Moth|Salt Cure
|
|-damage|p2a: Iron Moth|50/100|[from] Salt Cure
|upkeep
|turn|5
|
|t:|1743880567
|move|p1a: Saltilter|Protect|p1a: Saltilter
|-singleturn|p1a: Saltilter|Protect
|move|p2a: Iron Moth|Energy Ball|p1a: Saltilter
|-activate|p1a: Saltilter|move: Protect
|
|-damage|p2a: Iron Moth|38/100|[from] Salt Cure
|upkeep
|turn|6
|
|t:|1743880575
|move|p1a: Saltilter|Protect||[still]
|-fail|p1a: Saltilter
|move|p2a: Iron Moth|Energy Ball|p1a: Saltilter
|-supereffective|p1a: Saltilter
|-damage|p1a: Saltilter|39/100
|
|-heal|p1a: Saltilter|45/100|[from] item: Leftovers
|-damage|p2a: Iron Moth|26/100|[from] Salt Cure
|upkeep
|turn|7
|
|t:|1743880583
|-end|p2a: Iron Moth|Quark Drive|[silent]
|switch|p2a: Iron Valiant|Iron Valiant|100/100
|-enditem|p2a: Iron Valiant|Booster Energy
|-activate|p2a: Iron Valiant|ability: Quark Drive|[fromitem]
|-start|p2a: Iron Valiant|quarkdrivespe
|move|p1a: Saltilter|Recover|p1a: Saltilter
|-heal|p1a: Saltilter|95/100
|
|-heal|p1a: Saltilter|100/100|[from] item: Leftovers
|upkeep
|turn|8
|
|t:|1743880591
|move|p2a: Iron Valiant|Close Combat|p1a: Saltilter
|-supereffective|p1a: Saltilter
|-damage|p1a: Saltilter|40/100
|-unboost|p2a: Iron Valiant|def|1
|-unboost|p2a: Iron Valiant|spd|1
|move|p1a: Saltilter|Salt Cure|p2a: Iron Valiant
|-resisted|p2a: Iron Valiant
|-damage|p2a: Iron Valiant|86/100
|-start|p2a: Iron Valiant|Salt Cure
|
|-heal|p1a: Saltilter|46/100|[from] item: Leftovers
|-damage|p2a: Iron Valiant|74/100|[from] Salt Cure
|upkeep
|turn|9
|
|t:|1743880598
|move|p2a: Iron Valiant|Swords Dance|p2a: Iron Valiant
|-boost|p2a: Iron Valiant|atk|2
|move|p1a: Saltilter|Recover|p1a: Saltilter
|-heal|p1a: Saltilter|96/100
|
|-heal|p1a: Saltilter|100/100|[from] item: Leftovers
|-damage|p2a: Iron Valiant|61/100|[from] Salt Cure
|upkeep
|turn|10
|
|t:|1743880603
|move|p1a: Saltilter|Protect|p1a: Saltilter
|-singleturn|p1a: Saltilter|Protect
|move|p2a: Iron Valiant|Close Combat|p1a: Saltilter
|-activate|p1a: Saltilter|move: Protect
|
|-damage|p2a: Iron Valiant|49/100|[from] Salt Cure
|upkeep
|turn|11
|
|t:|1743880610
|move|p2a: Iron Valiant|Close Combat|p1a: Saltilter
|-supereffective|p1a: Saltilter
|-damage|p1a: Saltilter|0 fnt
|-unboost|p2a: Iron Valiant|def|1
|-unboost|p2a: Iron Valiant|spd|1
|faint|p1a: Saltilter
|
|-damage|p2a: Iron Valiant|36/100|[from] Salt Cure
|upkeep
|
|t:|1743880615
|switch|p1a: Meow Meow|Meowscarada, F|100/100
|turn|12
|
|t:|1743880620
|move|p1a: Meow Meow|Flower Trick|p2a: Iron Valiant
|-start|p1a: Meow Meow|typechange|Grass|[from] ability: Protean
|-crit|p2a: Iron Valiant
|-damage|p2a: Iron Valiant|0 fnt
|faint|p2a: Iron Valiant
|-end|p2a: Iron Valiant|Quark Drive|[silent]
|
|upkeep
|
|t:|1743880630
|switch|p2a: Iron Moth|Iron Moth|26/100
|turn|13
|
|t:|1743880640
|switch|p1a: Bugs Bunny|Cinderace, F|100/100
|move|p2a: Iron Moth|Sludge Wave|p1a: Bugs Bunny
|-damage|p1a: Bugs Bunny|26/100
|
|upkeep
|turn|14
|
|t:|1743880652
|move|p1a: Bugs Bunny|Pyro Ball|p2a: Iron Moth
|-resisted|p2a: Iron Moth
|-damage|p2a: Iron Moth|0 fnt
|faint|p2a: Iron Moth
|-end|p2a: Iron Moth|Quark Drive|[silent]
|
|upkeep
|
|t:|1743880658
|switch|p2a: Raging Bolt|Raging Bolt|100/100
|-enditem|p2a: Raging Bolt|Booster Energy
|-activate|p2a: Raging Bolt|ability: Protosynthesis|[fromitem]
|-start|p2a: Raging Bolt|protosynthesisspa
|turn|15
|
|t:|1743880674
|move|p1a: Bugs Bunny|High Jump Kick|p2a: Raging Bolt
|-start|p1a: Bugs Bunny|typechange|Fighting|[from] ability: Libero
|-damage|p2a: Raging Bolt|43/100
|move|p2a: Raging Bolt|Calm Mind|p2a: Raging Bolt
|-boost|p2a: Raging Bolt|spa|1
|-boost|p2a: Raging Bolt|spd|1
|
|upkeep
|turn|16
|
|t:|1743880681
|move|p2a: Raging Bolt|Thunderclap||[still]
|-fail|p2a: Raging Bolt
|move|p1a: Bugs Bunny|Court Change||[still]
|-swapsideconditions
|-fail|p1a: Bugs Bunny
|
|upkeep
|turn|17
|
|t:|1743880685
|switch|p1a: Bronthong|Bronzong, shiny|100/100
|move|p2a: Raging Bolt|Thunderclap||[still]
|-fail|p2a: Raging Bolt
|
|upkeep
|turn|18
|
|t:|1743880692
|move|p2a: Raging Bolt|Thunderbolt|p1a: Bronthong
|-damage|p1a: Bronthong|28/100
|move|p1a: Bronthong|Future Sight|p2a: Raging Bolt
|-start|p1a: Bronthong|move: Future Sight
|
|-heal|p1a: Bronthong|34/100|[from] item: Leftovers
|upkeep
|turn|19
|
|t:|1743880699
|move|p1a: Bronthong|Protect|p1a: Bronthong
|-singleturn|p1a: Bronthong|Protect
|move|p2a: Raging Bolt|Thunderbolt|p1a: Bronthong
|-activate|p1a: Bronthong|move: Protect
|
|-heal|p1a: Bronthong|40/100|[from] item: Leftovers
|upkeep
|turn|20
|
|t:|1743880704
|move|p2a: Raging Bolt|Thunderbolt|p1a: Bronthong
|-damage|p1a: Bronthong|0 fnt
|faint|p1a: Bronthong
|
|-end|p2a: Raging Bolt|move: Future Sight
|-damage|p2a: Raging Bolt|21/100
|upkeep
|
|t:|1743880713
|switch|p1a: Meow Meow|Meowscarada, F|100/100
|turn|21
|
|t:|1743880722
|move|p2a: Raging Bolt|Thunderclap|p1a: Meow Meow
|-resisted|p1a: Meow Meow
|-damage|p1a: Meow Meow|41/100
|move|p1a: Meow Meow|Knock Off|p2a: Raging Bolt
|-start|p1a: Meow Meow|typechange|Dark|[from] ability: Protean
|-damage|p2a: Raging Bolt|0 fnt
|faint|p2a: Raging Bolt
|-end|p2a: Raging Bolt|Protosynthesis|[silent]
|
|upkeep
|
|t:|1743880751
|switch|p2a: Dragonite|Dragonite, F|100/100
|turn|22
|
|t:|1743880756
|move|p2a: Dragonite|Extreme Speed|p1a: Meow Meow
|-damage|p1a: Meow Meow|0 fnt
|faint|p1a: Meow Meow
|
|upkeep
|
|t:|1743880760
|switch|p1a: Mr Frogston|Greninja, M|100/100
|turn|23
|
|t:|1743880775
|move|p1a: Mr Frogston|Ice Beam|p2a: Dragonite
|-supereffective|p2a: Dragonite
|-damage|p2a: Dragonite|36/100
|move|p2a: Dragonite|Earthquake|p1a: Mr Frogston
|-damage|p1a: Mr Frogston|37/100
|
|upkeep
|turn|24
|c|☆Eliano030|gg
|c|☆Eliano030|:(
|
|t:|1743880787
|move|p2a: Dragonite|Extreme Speed|p1a: Mr Frogston
|-damage|p1a: Mr Frogston|0 fnt
|faint|p1a: Mr Frogston
|
|upkeep
|c|☆naza_V2|gg
|
|t:|1743880790
|switch|p1a: Bugs Bunny|Cinderace, F|26/100
|turn|25
|
|t:|1743880793
|move|p2a: Dragonite|Extreme Speed|p1a: Bugs Bunny
|-damage|p1a: Bugs Bunny|0 fnt
|faint|p1a: Bugs Bunny
|
|win|naza_V2
|raw|Eliano030's rating: 1566 &rarr; <strong>1548</strong><br />(-18 for losing)
|raw|naza_V2's rating: 1609 &rarr; <strong>1627</strong><br />(+18 for winning)
|l|☆Eliano030
|player|p1|
|l|☆naza_V2
|player|p2|
|l| ASilentKingambitX
