|j|☆soyjoas
|j|☆highscore59
|t:|1743823511
|gametype|singles
|player|p1|soyjoas|hilbert|1191
|player|p2|highscore59|giovanni|1144
|teamsize|p1|6
|teamsize|p2|6
|gen|9
|tier|[Gen 9] OU
|rated|
|rule|HP Percentage Mod: HP is shown in percentages
|rule|Endless Battle Clause: Forcing endless battles is banned
|rule|Species Clause: Limit one of each Pokémon
|rule|OHKO Clause: OHKO moves are banned
|rule|Evasion Items Clause: Evasion items are banned
|rule|Evasion Moves Clause: Evasion moves are banned
|rule|Sleep Moves Clause: Sleep-inducing moves are banned
|clearpoke
|poke|p1|Serperior, F|
|poke|p1|Excadrill, M|
|poke|p1|Galvantula, F|
|poke|p1|Chandelure, F|
|poke|p1|Conkeldurr, M|
|poke|p1|Hydreigon, M|
|poke|p2|Sandslash-Alola, F|
|poke|p2|Mudsdale, M|
|poke|p2|Glaceon, F|
|poke|p2|Luvdisc, F|
|poke|p2|Overqwil, M|
|poke|p2|Goodra-Hisui, F|
|teampreview
|inactive|Battle timer is ON: inactive players will automatically lose when time's up. (requested by highscore59)
|
|t:|1743823526
|start
|switch|p1a: Conkeldurr|Conkeldurr, M|100/100
|switch|p2a: Mudsdale|Mudsdale, M|100/100
|turn|1
|
|t:|1743823532
|switch|p1a: Serperior|Serperior, F, shiny|100/100
|move|p2a: Mudsdale|Stealth Rock|p1a: Serperior
|-sidestart|p1: soyjoas|move: Stealth Rock
|
|upkeep
|turn|2
|
|t:|1743823537
|switch|p2a: Goodra|Goodra-Hisui, F|100/100
|move|p1a: Serperior|Leaf Storm|p2a: Goodra
|-ability|p2a: Goodra|Sap Sipper|boost
|-boost|p2a: Goodra|atk|1
|
|upkeep
|turn|3
|
|t:|1743823546
|move|p1a: Serperior|Glare|p2a: Goodra
|-status|p2a: Goodra|par
|move|p2a: Goodra|Flash Cannon|p1a: Serperior
|-damage|p1a: Serperior|50/100
|-boost|p1a: Serperior|spd|1
|
|upkeep
|turn|4
|
|t:|1743823555
|-terastallize|p1a: Serperior|Stellar
|move|p1a: Serperior|Tera Blast|p2a: Goodra|[anim] Tera Blast Stellar
|-damage|p2a: Goodra|87/100 par
|-boost|p1a: Serperior|atk|1
|-boost|p1a: Serperior|spa|1
|move|p2a: Goodra|Flash Cannon|p1a: Serperior
|-crit|p1a: Serperior
|-damage|p1a: Serperior|0 fnt
|faint|p1a: Serperior
|
|upkeep
|
|t:|1743823566
|switch|p1a: Excadrill|Excadrill, M|100/100
|-damage|p1a: Excadrill|97/100|[from] Stealth Rock
|-ability|p1a: Excadrill|Mold Breaker
|turn|5
|
|t:|1743823573
|switch|p2a: Luvdisc|Luvdisc, F|100/100
|move|p1a: Excadrill|Rapid Spin|p2a: Luvdisc
|-damage|p2a: Luvdisc|67/100
|-boost|p1a: Excadrill|spe|1
|-sideend|p1: soyjoas|Stealth Rock|[from] move: Rapid Spin|[of] p1a: Excadrill
|
|upkeep
|turn|6
|
|t:|1743823579
|switch|p1a: Galvantula|Galvantula, F|100/100
|move|p2a: Luvdisc|Surf|p1a: Galvantula
|-damage|p1a: Galvantula|70/100
|
|upkeep
|turn|7
|
|t:|1743823589
|switch|p2a: Mudsdale|Mudsdale, M|100/100
|move|p1a: Galvantula|Thunder|p2a: Mudsdale
|-immune|p2a: Mudsdale
|
|upkeep
|turn|8
|
|t:|1743823597
|switch|p1a: Hydreigon|Hydreigon, M, shiny|100/100
|move|p2a: Mudsdale|Body Press|p1a: Hydreigon
|-supereffective|p1a: Hydreigon
|-damage|p1a: Hydreigon|36/100
|
|upkeep
|turn|9
|
|t:|1743823603
|move|p1a: Hydreigon|Draco Meteor|p2a: Mudsdale
|-damage|p2a: Mudsdale|10/100
|-unboost|p1a: Hydreigon|spa|2
|-ability|p2a: Mudsdale|Stamina|boost
|-boost|p2a: Mudsdale|def|1
|-damage|p1a: Hydreigon|27/100|[from] item: Life Orb
|move|p2a: Mudsdale|Body Press|p1a: Hydreigon
|-supereffective|p1a: Hydreigon
|-damage|p1a: Hydreigon|0 fnt
|faint|p1a: Hydreigon
|
|-heal|p2a: Mudsdale|17/100|[from] item: Leftovers
|upkeep
|
|t:|1743823620
|switch|p1a: Galvantula|Galvantula, F|70/100
|turn|10
|
|t:|1743823625
|move|p1a: Galvantula|Giga Drain|p2a: Mudsdale
|-supereffective|p2a: Mudsdale
|-damage|p2a: Mudsdale|0 fnt
|-heal|p1a: Galvantula|81/100|[from] drain|[of] p2a: Mudsdale
|faint|p2a: Mudsdale
|
|upkeep
|
|t:|1743823632
|switch|p2a: Overqwil|Overqwil, M|100/100
|-ability|p2a: Overqwil|Intimidate|boost
|-unboost|p1a: Galvantula|atk|1
|turn|11
|
|t:|1743823639
|switch|p1a: Excadrill|Excadrill, M|97/100
|-ability|p1a: Excadrill|Mold Breaker
|move|p2a: Overqwil|Liquidation|p1a: Excadrill
|-supereffective|p1a: Excadrill
|-damage|p1a: Excadrill|0 fnt
|faint|p1a: Excadrill
|
|upkeep
|
|t:|1743823651
|switch|p1a: Chandelure|Chandelure, F|100/100
|turn|12
|
|t:|1743823654
|move|p1a: Chandelure|Fire Blast|p2a: Overqwil
|-damage|p2a: Overqwil|0 fnt
|faint|p2a: Overqwil
|
|upkeep
|
|t:|1743823658
|switch|p2a: Goodra|Goodra-Hisui, F|87/100 par
|turn|13
|
|t:|1743823665
|move|p1a: Chandelure|Fire Blast|p2a: Goodra|[miss]
|-miss|p1a: Chandelure|p2a: Goodra
|move|p2a: Goodra|Surf|p1a: Chandelure
|-supereffective|p1a: Chandelure
|-damage|p1a: Chandelure|18/100
|
|upkeep
|turn|14
|
|t:|1743823675
|switch|p1a: Conkeldurr|Conkeldurr, M|100/100
|move|p2a: Goodra|Surf|p1a: Conkeldurr
|-damage|p1a: Conkeldurr|77/100
|
|upkeep
|turn|15
|
|t:|1743823681
|switch|p2a: Luvdisc|Luvdisc, F|67/100
|move|p1a: Conkeldurr|Drain Punch|p2a: Luvdisc
|-damage|p2a: Luvdisc|0 fnt
|-heal|p1a: Conkeldurr|99/100|[from] drain|[of] p2a: Luvdisc
|faint|p2a: Luvdisc
|
|upkeep
|
|t:|1743823688
|switch|p2a: Sandslash|Sandslash-Alola, F|100/100
|turn|16
|
|t:|1743823698
|-terastallize|p2a: Sandslash|Fairy
|move|p2a: Sandslash|Tera Blast|p1a: Conkeldurr|[anim] Tera Blast Fairy
|-supereffective|p1a: Conkeldurr
|-damage|p1a: Conkeldurr|39/100
|move|p1a: Conkeldurr|Thunder Punch|p2a: Sandslash
|-damage|p2a: Sandslash|66/100
|
|upkeep
|turn|17
|
|t:|1743823711
|switch|p1a: Galvantula|Galvantula, F|81/100
|move|p2a: Sandslash|Tera Blast|p1a: Galvantula|[anim] Tera Blast Fairy
|-damage|p1a: Galvantula|15/100
|
|upkeep
|turn|18
|
|t:|1743823719
|move|p1a: Galvantula|Thunder|p2a: Sandslash
|-damage|p2a: Sandslash|0 fnt
|faint|p2a: Sandslash
|
|upkeep
|
|t:|1743823723
|switch|p2a: Glaceon|Glaceon, F|100/100
|turn|19
|
|t:|1743823726
|move|p1a: Galvantula|Thunder|p2a: Glaceon
|-damage|p2a: Glaceon|21/100
|-status|p2a: Glaceon|par
|cant|p2a: Glaceon|par
|
|-heal|p2a: Glaceon|27/100 par|[from] item: Leftovers
|upkeep
|turn|20
|
|t:|1743823732
|move|p1a: Galvantula|Thunder|p2a: Glaceon
|-damage|p2a: Glaceon|0 fnt
|faint|p2a: Glaceon
|
|upkeep
|l|☆highscore59
|inactive|highscore59 disconnected and has a minute to reconnect!
|player|p2|
|inactive|highscore59 has 30 seconds to reconnect!
|inactive|highscore59 has 20 seconds to reconnect!
|inactive|highscore59 has 15 seconds to reconnect!
|inactive|highscore59 has 10 seconds to reconnect!
|inactive|highscore59 has 5 seconds to reconnect!
|-message|highscore59 lost due to inactivity.
|
|win|soyjoas
|raw|soyjoas's rating: 1191 &rarr; <strong>1213</strong><br />(+22 for winning)
|raw|highscore59's rating: 1144 &rarr; <strong>1122</strong><br />(-22 for losing)
|l|☆soyjoas
|player|p1|
