|j|☆Gehenna's gift
|j|☆babassss
|t:|1743877962
|gametype|singles
|player|p1|Gehenna's gift|youngster-gen4dp|1568
|player|p2|babassss|170|1574
|teamsize|p1|6
|teamsize|p2|6
|gen|9
|tier|[Gen 9] OU
|rated|
|rule|HP Percentage Mod: HP is shown in percentages
|rule|Endless Battle Clause: Forcing endless battles is banned
|rule|Species Clause: Limit one of each Pokémon
|rule|OHKO Clause: OHKO moves are banned
|rule|Evasion Items Clause: Evasion items are banned
|rule|Evasion Moves Clause: Evasion moves are banned
|rule|Sleep Moves Clause: Sleep-inducing moves are banned
|clearpoke
|poke|p1|Excadrill, F|
|poke|p1|Great Tusk|
|poke|p1|Clefable, F|
|poke|p1|Quaquaval, F|
|poke|p1|Corviknight, F|
|poke|p1|Cinderace, F|
|poke|p2|Ninetales, F|
|poke|p2|Hatterene, F|
|poke|p2|Walking Wake|
|poke|p2|Scizor, F|
|poke|p2|Great Tusk|
|poke|p2|Charizard, F|
|teampreview
|inactive|Battle timer is ON: inactive players will automatically lose when time's up. (requested by Gehenna's gift)
|
|t:|1743877975
|start
|switch|p1a: Clefable|Clefable, F|100/100
|switch|p2a: Ninetales|Ninetales, F, shiny|100/100
|-weather|SunnyDay|[from] ability: Drought|[of] p2a: Ninetales
|turn|1
|
|t:|1743877981
|switch|p2a: Hatterene|Hatterene, F|100/100
|move|p1a: Clefable|Thunder Wave|p2a: Hatterene
|move|p2a: Hatterene|Thunder Wave|p1a: Clefable|[from] ability: Magic Bounce
|-status|p1a: Clefable|par
|
|-weather|SunnyDay|[upkeep]
|upkeep
|turn|2
|
|t:|1743877994
|switch|p2a: Scizor|Scizor, F|100/100
|move|p1a: Clefable|Knock Off|p2a: Scizor
|-damage|p2a: Scizor|85/100
|-enditem|p2a: Scizor|Choice Band|[from] move: Knock Off|[of] p1a: Clefable
|
|-weather|SunnyDay|[upkeep]
|upkeep
|turn|3
|
|t:|1743878007
|switch|p1a: Corviknight|Corviknight, F|100/100
|-ability|p1a: Corviknight|Pressure
|move|p2a: Scizor|U-turn|p1a: Corviknight
|-resisted|p1a: Corviknight
|-damage|p1a: Corviknight|95/100
|
|t:|1743878010
|switch|p2a: Charizard|Charizard, F|100/100|[from] U-turn
|
|-weather|SunnyDay|[upkeep]
|-damage|p2a: Charizard|88/100|[from] ability: Solar Power|[of] p2a: Charizard
|upkeep
|turn|4
|
|t:|1743878035
|switch|p1a: Quaquaval|Quaquaval, F|100/100
|move|p2a: Charizard|Flamethrower|p1a: Quaquaval
|-resisted|p1a: Quaquaval
|-damage|p1a: Quaquaval|21/100
|
|-weather|SunnyDay|[upkeep]
|-damage|p2a: Charizard|76/100|[from] ability: Solar Power|[of] p2a: Charizard
|upkeep
|turn|5
|
|t:|1743878038
|move|p2a: Charizard|Flamethrower|p1a: Quaquaval
|-resisted|p1a: Quaquaval
|-damage|p1a: Quaquaval|0 fnt
|faint|p1a: Quaquaval
|
|-weather|SunnyDay|[upkeep]
|-damage|p2a: Charizard|63/100|[from] ability: Solar Power|[of] p2a: Charizard
|upkeep
|
|t:|1743878040
|switch|p1a: Excadrill|Excadrill, F|100/100
|-ability|p1a: Excadrill|Mold Breaker
|turn|6
|
|t:|1743878044
|-terastallize|p1a: Excadrill|Dragon
|move|p2a: Charizard|Flamethrower|p1a: Excadrill
|-resisted|p1a: Excadrill
|-damage|p1a: Excadrill|33/100
|move|p1a: Excadrill|Stealth Rock|p2a: Charizard
|-sidestart|p2: babassss|move: Stealth Rock
|
|-weather|SunnyDay|[upkeep]
|-damage|p2a: Charizard|51/100|[from] ability: Solar Power|[of] p2a: Charizard
|-heal|p1a: Excadrill|40/100|[from] item: Leftovers
|upkeep
|turn|7
|
|t:|1743878051
|move|p2a: Charizard|Flamethrower|p1a: Excadrill
|-resisted|p1a: Excadrill
|-damage|p1a: Excadrill|0 fnt
|faint|p1a: Excadrill
|
|-weather|SunnyDay|[upkeep]
|-damage|p2a: Charizard|38/100|[from] ability: Solar Power|[of] p2a: Charizard
|upkeep
|
|t:|1743878055
|switch|p1a: Cinderace|Cinderace, F|100/100
|turn|8
|
|t:|1743878061
|switch|p2a: Hatterene|Hatterene, F|100/100
|-damage|p2a: Hatterene|88/100|[from] Stealth Rock
|move|p1a: Cinderace|Pyro Ball|p2a: Hatterene
|-damage|p2a: Hatterene|25/100
|-enditem|p2a: Hatterene|Eject Button
|
|t:|1743878068
|switch|p2a: Great Tusk|Great Tusk|100/100
|-damage|p2a: Great Tusk|98/100|[from] Stealth Rock
|-activate|p2a: Great Tusk|ability: Protosynthesis
|-start|p2a: Great Tusk|protosynthesisatk
|
|-weather|none
|-end|p2a: Great Tusk|Protosynthesis
|upkeep
|turn|9
|
|t:|1743878090
|move|p1a: Cinderace|Will-O-Wisp|p2a: Great Tusk|[miss]
|-miss|p1a: Cinderace|p2a: Great Tusk
|move|p2a: Great Tusk|Rapid Spin|p1a: Cinderace
|-damage|p1a: Cinderace|79/100
|-boost|p2a: Great Tusk|spe|1
|-sideend|p2: babassss|Stealth Rock|[from] move: Rapid Spin|[of] p2a: Great Tusk
|
|upkeep
|turn|10
|
|t:|1743878094
|switch|p1a: Corviknight|Corviknight, F|95/100
|-ability|p1a: Corviknight|Pressure
|move|p2a: Great Tusk|Headlong Rush|p1a: Corviknight
|-immune|p1a: Corviknight
|
|upkeep
|turn|11
|
|t:|1743878100
|move|p2a: Great Tusk|Knock Off|p1a: Corviknight
|-damage|p1a: Corviknight|74/100
|-enditem|p1a: Corviknight|Heavy-Duty Boots|[from] move: Knock Off|[of] p2a: Great Tusk
|move|p1a: Corviknight|U-turn|p2a: Great Tusk
|-resisted|p2a: Great Tusk
|-damage|p2a: Great Tusk|93/100
|
|t:|1743878112
|switch|p1a: Great Tusk|Great Tusk|100/100|[from] U-turn
|
|upkeep
|turn|12
|
|t:|1743878120
|-end|p2a: Great Tusk|Protosynthesis|[silent]
|switch|p2a: Hatterene|Hatterene, F|25/100
|move|p1a: Great Tusk|Rapid Spin|p2a: Hatterene
|-damage|p2a: Hatterene|12/100
|-boost|p1a: Great Tusk|spe|1
|
|upkeep
|turn|13
|
|t:|1743878126
|move|p1a: Great Tusk|Earthquake|p2a: Hatterene
|-damage|p2a: Hatterene|0 fnt
|faint|p2a: Hatterene
|
|upkeep
|
|t:|1743878131
|switch|p2a: Ninetales|Ninetales, F, shiny|100/100
|-weather|SunnyDay|[from] ability: Drought|[of] p2a: Ninetales
|-activate|p1a: Great Tusk|ability: Protosynthesis
|-start|p1a: Great Tusk|protosynthesisspe
|turn|14
|
|t:|1743878142
|-end|p1a: Great Tusk|Protosynthesis|[silent]
|switch|p1a: Clefable|Clefable, F|100/100 par
|switch|p2a: Great Tusk|Great Tusk|93/100
|-activate|p2a: Great Tusk|ability: Protosynthesis
|-start|p2a: Great Tusk|protosynthesisatk
|
|-weather|SunnyDay|[upkeep]
|upkeep
|turn|15
|
|t:|1743878146
|move|p2a: Great Tusk|Headlong Rush|p1a: Clefable
|-damage|p1a: Clefable|11/100 par
|-unboost|p2a: Great Tusk|def|1
|-unboost|p2a: Great Tusk|spd|1
|-enditem|p2a: Great Tusk|Eject Pack
|
|t:|1743878154
|-end|p2a: Great Tusk|Protosynthesis|[silent]
|switch|p2a: Scizor|Scizor, F|85/100
|cant|p1a: Clefable|par
|
|-weather|SunnyDay|[upkeep]
|-heal|p1a: Clefable|17/100 par|[from] item: Leftovers
|upkeep
|turn|16
|
|t:|1743878163
|switch|p1a: Cinderace|Cinderace, F|79/100
|move|p2a: Scizor|Bullet Punch|p1a: Cinderace
|-resisted|p1a: Cinderace
|-damage|p1a: Cinderace|58/100
|
|-weather|SunnyDay|[upkeep]
|upkeep
|turn|17
|
|t:|1743878180
|switch|p2a: Great Tusk|Great Tusk|93/100
|-activate|p2a: Great Tusk|ability: Protosynthesis
|-start|p2a: Great Tusk|protosynthesisatk
|move|p1a: Cinderace|U-turn|p2a: Great Tusk
|-resisted|p2a: Great Tusk
|-damage|p2a: Great Tusk|85/100
|
|t:|1743878190
|switch|p1a: Great Tusk|Great Tusk|100/100|[from] U-turn
|-activate|p1a: Great Tusk|ability: Protosynthesis
|-start|p1a: Great Tusk|protosynthesisspe
|
|-weather|SunnyDay|[upkeep]
|upkeep
|turn|18
|
|t:|1743878196
|-end|p2a: Great Tusk|Protosynthesis|[silent]
|switch|p2a: Scizor|Scizor, F|85/100
|move|p1a: Great Tusk|Rapid Spin|p2a: Scizor
|-resisted|p2a: Scizor
|-damage|p2a: Scizor|78/100
|-boost|p1a: Great Tusk|spe|1
|
|-weather|SunnyDay|[upkeep]
|upkeep
|turn|19
|
|t:|1743878199
|move|p1a: Great Tusk|Bulk Up|p1a: Great Tusk
|-boost|p1a: Great Tusk|atk|1
|-boost|p1a: Great Tusk|def|1
|move|p2a: Scizor|Dual Wingbeat|p1a: Great Tusk
|-supereffective|p1a: Great Tusk
|-damage|p1a: Great Tusk|81/100
|-supereffective|p1a: Great Tusk
|-damage|p1a: Great Tusk|62/100
|-hitcount|p1a: Great Tusk|2
|
|-weather|SunnyDay|[upkeep]
|upkeep
|turn|20
|
|t:|1743878204
|move|p1a: Great Tusk|Bulk Up|p1a: Great Tusk
|-boost|p1a: Great Tusk|atk|1
|-boost|p1a: Great Tusk|def|1
|move|p2a: Scizor|Dual Wingbeat|p1a: Great Tusk
|-supereffective|p1a: Great Tusk
|-damage|p1a: Great Tusk|47/100
|-supereffective|p1a: Great Tusk
|-damage|p1a: Great Tusk|33/100
|-hitcount|p1a: Great Tusk|2
|
|-weather|SunnyDay|[upkeep]
|upkeep
|turn|21
|l|☆Gehenna's gift
|inactive|Gehenna's gift disconnected and has a minute to reconnect!
|player|p1|
|j|☆Gehenna's gift
|inactive|Gehenna's gift reconnected and has 140 seconds left.
|player|p1|Gehenna's gift|youngster-gen4dp|
|
|t:|1743878218
|move|p1a: Great Tusk|Earthquake|p2a: Scizor
|-damage|p2a: Scizor|0 fnt
|faint|p2a: Scizor
|
|-weather|none
|-end|p1a: Great Tusk|Protosynthesis
|upkeep
|
|t:|1743878244
|switch|p2a: Great Tusk|Great Tusk|85/100
|turn|22
|
|t:|1743878249
|move|p1a: Great Tusk|Earthquake|p2a: Great Tusk
|-damage|p2a: Great Tusk|24/100
|move|p2a: Great Tusk|Headlong Rush|p1a: Great Tusk
|-damage|p1a: Great Tusk|13/100
|-unboost|p2a: Great Tusk|def|1
|-unboost|p2a: Great Tusk|spd|1
|
|upkeep
|turn|23
|
|t:|1743878254
|move|p1a: Great Tusk|Earthquake|p2a: Great Tusk
|-damage|p2a: Great Tusk|0 fnt
|faint|p2a: Great Tusk
|-end|p2a: Great Tusk|Protosynthesis|[silent]
|
|upkeep
|
|t:|1743878256
|switch|p2a: Walking Wake|Walking Wake|100/100
|turn|24
|
|t:|1743878260
|move|p1a: Great Tusk|Earthquake|p2a: Walking Wake
|-damage|p2a: Walking Wake|12/100
|move|p2a: Walking Wake|Hydro Steam|p1a: Great Tusk
|-supereffective|p1a: Great Tusk
|-damage|p1a: Great Tusk|0 fnt
|faint|p1a: Great Tusk
|-end|p1a: Great Tusk|Protosynthesis|[silent]
|
|upkeep
|
|t:|1743878268
|switch|p1a: Cinderace|Cinderace, F|58/100
|turn|25
|
|t:|1743878271
|-end|p2a: Walking Wake|Protosynthesis|[silent]
|switch|p2a: Ninetales|Ninetales, F, shiny|100/100
|-weather|SunnyDay|[from] ability: Drought|[of] p2a: Ninetales
|move|p1a: Cinderace|U-turn|p2a: Ninetales
|-resisted|p2a: Ninetales
|-damage|p2a: Ninetales|88/100
|-message|Gehenna's gift forfeited.
|
|win|babassss
|raw|Gehenna&apos;s gift's rating: 1568 &rarr; <strong>1548</strong><br />(-20 for losing)
|raw|babassss's rating: 1574 &rarr; <strong>1594</strong><br />(+20 for winning)
|l|☆Gehenna's gift
|player|p1|
|l|☆babassss
|player|p2|
