|j|☆poketrep
|j|☆hardwoodfanatic
|t:|1743885943
|gametype|singles
|player|p1|poketrep|swimmerf|1771
|player|p2|hardwoodfanatic|hiker-gen4|1733
|teamsize|p1|6
|teamsize|p2|6
|gen|9
|tier|[Gen 9] OU
|rated|
|rule|HP Percentage Mod: HP is shown in percentages
|rule|Endless Battle Clause: Forcing endless battles is banned
|rule|Species Clause: Limit one of each Pokémon
|rule|OHKO Clause: OHKO moves are banned
|rule|Evasion Items Clause: Evasion items are banned
|rule|Evasion Moves Clause: Evasion moves are banned
|rule|Sleep Moves Clause: Sleep-inducing moves are banned
|clearpoke
|poke|p1|Rabsca, M|
|poke|p1|Slowking-Galar, M|
|poke|p1|Ursaluna, M|
|poke|p1|Azumarill, F|
|poke|p1|Mimikyu, M|
|poke|p1|Kingambit, M|
|poke|p2|Iron Crown|
|poke|p2|Zamazenta-*|
|poke|p2|Ting-Lu|
|poke|p2|Tinkaton, F|
|poke|p2|Gholdengo|
|poke|p2|Weavile, F|
|teampreview
|inactive|Battle timer is ON: inactive players will automatically lose when time's up. (requested by hardwoodfanatic)
|
|t:|1743885953
|start
|switch|p1a: Chad|Azumarill, F|100/100
|switch|p2a: Tinkaton|Tinkaton, F|100/100
|-item|p2a: Tinkaton|Air Balloon
|turn|1
|
|t:|1743885957
|move|p2a: Tinkaton|Stealth Rock|p1a: Chad
|-sidestart|p1: poketrep|move: Stealth Rock
|move|p1a: Chad|Liquidation|p2a: Tinkaton
|-damage|p2a: Tinkaton|34/100
|-enditem|p2a: Tinkaton|Air Balloon
|-enditem|p1a: Chad|Assault Vest|[silent]|[from] ability: Pickpocket|[of] p1a: Chad
|-item|p2a: Tinkaton|Assault Vest|[from] ability: Pickpocket|[of] p1a: Chad
|
|upkeep
|turn|2
|
|t:|1743885974
|move|p1a: Chad|Aqua Jet|p2a: Tinkaton
|-damage|p2a: Tinkaton|7/100
|move|p2a: Tinkaton|Gigaton Hammer|p1a: Chad
|-damage|p1a: Chad|54/100
|
|upkeep
|turn|3
|
|t:|1743885985
|-activate|p2a: Tinkaton|move: Struggle
|move|p2a: Tinkaton|Struggle|p1a: Chad
|-damage|p1a: Chad|46/100
|-damage|p2a: Tinkaton|0 fnt|[from] recoil
|faint|p2a: Tinkaton
|move|p1a: Chad|Play Rough|p2: Tinkaton|[notarget]
|-fail|p1a: Chad
|
|upkeep
|
|t:|1743885998
|switch|p2a: Gholdengo|Gholdengo|100/100
|turn|4
|
|t:|1743886005
|move|p2a: Gholdengo|Make It Rain|p1a: Chad
|-damage|p1a: Chad|0 fnt
|-unboost|p2a: Gholdengo|spa|1
|faint|p1a: Chad
|
|upkeep
|
|t:|1743886018
|switch|p1a: Burr|Slowking-Galar, M|100/100
|-damage|p1a: Burr|88/100|[from] Stealth Rock
|turn|5
|
|t:|1743886021
|switch|p2a: Ting-Lu|Ting-Lu|100/100
|-ability|p2a: Ting-Lu|Vessel of Ruin
|move|p1a: Burr|Trick Room|p1a: Burr
|-fieldstart|move: Trick Room|[of] p1a: Burr
|
|upkeep
|turn|6
|
|t:|1743886031
|switch|p1a: Village Crusher|Ursaluna, M|100/100
|-damage|p1a: Village Crusher|94/100|[from] Stealth Rock
|move|p2a: Ting-Lu|Ruination|p1a: Village Crusher
|-damage|p1a: Village Crusher|48/100
|
|-status|p1a: Village Crusher|brn|[from] item: Flame Orb
|upkeep
|turn|7
|
|t:|1743886040
|move|p1a: Village Crusher|Facade|p2a: Ting-Lu
|-damage|p2a: Ting-Lu|35/100
|-damage|p1a: Village Crusher|31/100 brn|[from] item: Rocky Helmet|[of] p2a: Ting-Lu
|move|p2a: Ting-Lu|Whirlwind|p1a: Village Crusher
|drag|p1a: Decoy|Mimikyu, M|100/100
|-damage|p1a: Decoy|88/100|[from] Stealth Rock
|
|upkeep
|turn|8
|
|t:|1743886064
|switch|p1a: Village Crusher|Ursaluna, M|31/100 brn
|-damage|p1a: Village Crusher|25/100 brn|[from] Stealth Rock
|move|p2a: Ting-Lu|Spikes|p1a: Village Crusher
|-sidestart|p1: poketrep|Spikes
|
|-damage|p1a: Village Crusher|19/100 brn|[from] brn
|upkeep
|turn|9
|
|t:|1743886079
|move|p1a: Village Crusher|Headlong Rush|p2a: Ting-Lu
|-damage|p2a: Ting-Lu|0 fnt
|-unboost|p1a: Village Crusher|def|1
|-unboost|p1a: Village Crusher|spd|1
|-damage|p1a: Village Crusher|2/100 brn|[from] item: Rocky Helmet|[of] p2a: Ting-Lu
|faint|p2a: Ting-Lu
|
|-damage|p1a: Village Crusher|0 fnt|[from] brn
|faint|p1a: Village Crusher
|-fieldend|move: Trick Room
|upkeep
|inactive|poketrep has 120 seconds left.
|inactive|poketrep has 90 seconds left.
|inactive|poketrep has 60 seconds left.
|j| Soluc
|inactive|poketrep has 30 seconds left.
|inactive|poketrep has 20 seconds left.
|inactive|poketrep has 15 seconds left.
|inactive|poketrep has 10 seconds left.
|inactive|poketrep has 5 seconds left.
|
|t:|1743886226
|switch|p2a: Weavile|Weavile, F|100/100
|switch|p1a: Decoy|Mimikyu, M|88/100
|-ability|p2a: Weavile|Pressure
|-damage|p1a: Decoy|76/100|[from] Stealth Rock
|-damage|p1a: Decoy|63/100|[from] Spikes
|turn|10
|inactive|poketrep has 15 seconds left this turn.
|inactive|poketrep has 10 seconds left.
|
|t:|1743886232
|move|p2a: Weavile|Icicle Crash|p1a: Decoy
|-activate|p1a: Decoy|ability: Disguise
|-damage|p1a: Decoy|63/100
|detailschange|p1a: Decoy|Mimikyu-Busted, M
|-damage|p1a: Decoy|51/100|[from] pokemon: Mimikyu-Busted
|move|p1a: Decoy|Trick Room|p1a: Decoy
|-fieldstart|move: Trick Room|[of] p1a: Decoy
|
|upkeep
|turn|11
|inactive|poketrep has 20 seconds left this turn.
|inactive|poketrep has 15 seconds left.
|inactive|poketrep has 10 seconds left.
|inactive|hardwoodfanatic has 120 seconds left.
|
|t:|1743886262
|switch|p1a: Shogun|Kingambit, M|100/100
|-damage|p1a: Shogun|94/100|[from] Stealth Rock
|-damage|p1a: Shogun|82/100|[from] Spikes
|-activate|p1a: Shogun|ability: Supreme Overlord
|-start|p1a: Shogun|fallen2|[silent]
|switch|p2a: Gholdengo|Gholdengo|100/100
|
|upkeep
|turn|12
|inactive|poketrep has 20 seconds left this turn.
|inactive|poketrep has 15 seconds left.
|inactive|hardwoodfanatic has 120 seconds left.
|
|t:|1743886272
|move|p1a: Shogun|Iron Head|p2a: Gholdengo
|-resisted|p2a: Gholdengo
|-damage|p2a: Gholdengo|71/100
|cant|p2a: Gholdengo|flinch
|
|upkeep
|turn|13
|inactive|poketrep has 25 seconds left this turn.
|
|t:|1743886280
|switch|p2a: Zamazenta|Zamazenta|100/100
|-ability|p2a: Zamazenta|Dauntless Shield|boost
|-boost|p2a: Zamazenta|def|1
|move|p1a: Shogun|Kowtow Cleave|p2a: Zamazenta
|-resisted|p2a: Zamazenta
|-damage|p2a: Zamazenta|82/100
|
|upkeep
|turn|14
|inactive|poketrep has 30 seconds left.
|inactive|poketrep has 20 seconds left.
|inactive|poketrep has 15 seconds left.
|inactive|poketrep has 10 seconds left.
|
|t:|1743886308
|move|p1a: Shogun|Iron Head|p2a: Zamazenta
|-damage|p2a: Zamazenta|53/100
|move|p2a: Zamazenta|Iron Defense|p2a: Zamazenta
|-boost|p2a: Zamazenta|def|2
|
|-fieldend|move: Trick Room
|upkeep
|turn|15
|inactive|poketrep has 20 seconds left this turn.
|inactive|poketrep has 15 seconds left.
|
|t:|1743886316
|-end|p1a: Shogun|fallen2|[silent]
|switch|p1a: Decoy|Mimikyu-Busted, M|51/100
|-damage|p1a: Decoy|38/100|[from] Stealth Rock
|-damage|p1a: Decoy|26/100|[from] Spikes
|move|p2a: Zamazenta|Crunch|p1a: Decoy
|-damage|p1a: Decoy|0 fnt
|faint|p1a: Decoy
|
|upkeep
|inactive|poketrep has 20 seconds left this turn.
|inactive|poketrep has 15 seconds left.
|inactive|poketrep has 10 seconds left.
|inactive|poketrep has 5 seconds left.
|
|t:|1743886334
|switch|p1a: Burr|Slowking-Galar, M|100/100
|-damage|p1a: Burr|88/100|[from] Stealth Rock
|-damage|p1a: Burr|76/100|[from] Spikes
|turn|16
|inactive|poketrep has 15 seconds left this turn.
|
|t:|1743886341
|move|p2a: Zamazenta|Crunch|p1a: Burr
|-supereffective|p1a: Burr
|-damage|p1a: Burr|30/100
|move|p1a: Burr|Trick Room|p1a: Burr
|-fieldstart|move: Trick Room|[of] p1a: Burr
|
|upkeep
|turn|17
|inactive|poketrep has 25 seconds left this turn.
|
|t:|1743886357
|move|p1a: Burr|Sludge Wave|p2a: Zamazenta
|-damage|p2a: Zamazenta|0 fnt
|faint|p2a: Zamazenta
|-damage|p1a: Burr|21/100|[from] item: Life Orb
|
|upkeep
|inactive|poketrep has 30 seconds left this turn.
|
|t:|1743886363
|switch|p2a: Weavile|Weavile, F|100/100
|-ability|p2a: Weavile|Pressure
|turn|18
|
|t:|1743886371
|switch|p1a: Shogun|Kingambit, M|82/100
|-damage|p1a: Shogun|76/100|[from] Stealth Rock
|-damage|p1a: Shogun|63/100|[from] Spikes
|-activate|p1a: Shogun|ability: Supreme Overlord
|-start|p1a: Shogun|fallen3|[silent]
|move|p2a: Weavile|Ice Shard|p1a: Shogun
|-resisted|p1a: Shogun
|-damage|p1a: Shogun|57/100
|
|upkeep
|turn|19
|
|t:|1743886385
|switch|p2a: Gholdengo|Gholdengo|71/100
|move|p1a: Shogun|Iron Head|p2a: Gholdengo
|-resisted|p2a: Gholdengo
|-damage|p2a: Gholdengo|37/100
|
|upkeep
|turn|20
|j| DuckDefender
|
|t:|1743886393
|move|p1a: Shogun|Kowtow Cleave|p2a: Gholdengo
|-supereffective|p2a: Gholdengo
|-damage|p2a: Gholdengo|0 fnt
|faint|p2a: Gholdengo
|
|-fieldend|move: Trick Room
|upkeep
|
|t:|1743886401
|switch|p2a: Iron Crown|Iron Crown|100/100
|-enditem|p2a: Iron Crown|Booster Energy
|-activate|p2a: Iron Crown|ability: Quark Drive|[fromitem]
|-start|p2a: Iron Crown|quarkdrivespa
|turn|21
|
|t:|1743886406
|-terastallize|p2a: Iron Crown|Fighting
|move|p2a: Iron Crown|Calm Mind|p2a: Iron Crown
|-boost|p2a: Iron Crown|spa|1
|-boost|p2a: Iron Crown|spd|1
|move|p1a: Shogun|Kowtow Cleave|p2a: Iron Crown
|-resisted|p2a: Iron Crown
|-damage|p2a: Iron Crown|59/100
|
|upkeep
|turn|22
|inactive|poketrep has 60 seconds left.
|inactive|poketrep has 30 seconds left.
|inactive|poketrep has 20 seconds left.
|inactive|poketrep has 15 seconds left.
|inactive|poketrep has 10 seconds left.
|
|t:|1743886465
|-end|p1a: Shogun|fallen3|[silent]
|switch|p1a: Burr|Slowking-Galar, M|54/100
|-damage|p1a: Burr|41/100|[from] Stealth Rock
|-damage|p1a: Burr|29/100|[from] Spikes
|move|p2a: Iron Crown|Focus Blast|p1a: Burr
|-resisted|p1a: Burr
|-damage|p1a: Burr|7/100
|
|upkeep
|turn|23
|inactive|poketrep has 20 seconds left this turn.
|inactive|poketrep has 15 seconds left.
|
|t:|1743886472
|move|p2a: Iron Crown|Tachyon Cutter|p1a: Burr
|-damage|p1a: Burr|0 fnt
|faint|p1a: Burr
|-hitcount|p1: Burr|1
|
|upkeep
|inactive|poketrep has 20 seconds left this turn.
|inactive|poketrep has 15 seconds left.
|
|t:|1743886478
|switch|p1a: Atonement|Rabsca, M|100/100
|turn|24
|inactive|poketrep has 25 seconds left this turn.
|inactive|poketrep has 20 seconds left.
|inactive|poketrep has 15 seconds left.
|inactive|poketrep has 10 seconds left.
|
|t:|1743886494
|-terastallize|p1a: Atonement|Water
|move|p2a: Iron Crown|Tachyon Cutter|p1a: Atonement
|-resisted|p1a: Atonement
|-damage|p1a: Atonement|78/100
|-resisted|p1a: Atonement
|-damage|p1a: Atonement|56/100
|-hitcount|p1a: Atonement|2
|move|p1a: Atonement|Trick Room|p1a: Atonement
|-fieldstart|move: Trick Room|[of] p1a: Atonement
|
|upkeep
|turn|25
|inactive|poketrep has 20 seconds left this turn.
|
|t:|1743886506
|move|p1a: Atonement|Revival Blessing|p1a: Atonement
|inactive|poketrep has 25 seconds left this turn.
|
|t:|1743886509
|-heal|p1: Chad|50/100|[from] move: Revival Blessing
|move|p2a: Iron Crown|Focus Blast|p1a: Atonement|[miss]
|-miss|p2a: Iron Crown|p1a: Atonement
|
|upkeep
|turn|26
|
|t:|1743886515
|move|p1a: Atonement|Memento|p2a: Iron Crown
|-unboost|p2a: Iron Crown|atk|2
|-unboost|p2a: Iron Crown|spa|2
|faint|p1a: Atonement
|move|p2a: Iron Crown|Focus Blast|p1: Atonement|[notarget]
|-fail|p2a: Iron Crown
|
|upkeep
|inactive|poketrep has 30 seconds left.
|
|t:|1743886532
|switch|p1a: Shogun|Kingambit, M|57/100
|-damage|p1a: Shogun|50/100|[from] Stealth Rock
|-damage|p1a: Shogun|38/100|[from] Spikes
|-activate|p1a: Shogun|ability: Supreme Overlord
|-start|p1a: Shogun|fallen5|[silent]
|turn|27
|
|t:|1743886544
|move|p1a: Shogun|Iron Head|p2a: Iron Crown
|-damage|p2a: Iron Crown|0 fnt
|faint|p2a: Iron Crown
|-end|p2a: Iron Crown|Quark Drive|[silent]
|
|upkeep
|
|t:|1743886546
|switch|p2a: Weavile|Weavile, F|100/100
|-ability|p2a: Weavile|Pressure
|turn|28
|
|t:|1743886552
|move|p2a: Weavile|Ice Shard|p1a: Shogun
|-resisted|p1a: Shogun
|-damage|p1a: Shogun|31/100
|move|p1a: Shogun|Iron Head|p2a: Weavile
|-supereffective|p2a: Weavile
|-damage|p2a: Weavile|0 fnt
|faint|p2a: Weavile
|
|win|poketrep
|raw|poketrep's rating: 1771 &rarr; <strong>1789</strong><br />(+18 for winning)
|raw|hardwoodfanatic's rating: 1733 &rarr; <strong>1715</strong><br />(-18 for losing)
|l|☆hardwoodfanatic
|player|p2|
|l| Soluc
|l|☆poketrep
|player|p1|
|l| DuckDefender
