|j|☆pedroemiya
|j|☆Johnny987
|t:|1743805965
|gametype|singles
|player|p1|pedroemiya|cilan|1482
|player|p2|Johnny987|169|1479
|teamsize|p1|6
|teamsize|p2|6
|gen|9
|tier|[Gen 9] OU
|rated|
|rule|HP Percentage Mod: HP is shown in percentages
|rule|Endless Battle Clause: Forcing endless battles is banned
|rule|Species Clause: Limit one of each Pokémon
|rule|OHKO Clause: OHKO moves are banned
|rule|Evasion Items Clause: Evasion items are banned
|rule|Evasion Moves Clause: Evasion moves are banned
|rule|Sleep Moves Clause: Sleep-inducing moves are banned
|clearpoke
|poke|p1|Cinderace, M|
|poke|p1|Kingambit, M|
|poke|p1|Great Tusk|
|poke|p1|Hatterene, F|
|poke|p1|Pecharunt|
|poke|p1|Garchomp, M|
|poke|p2|Pyroar, F|
|poke|p2|Ninetales, M|
|poke|p2|Hatterene, F|
|poke|p2|Great Tusk|
|poke|p2|Walking Wake|
|poke|p2|Kingambit, M|
|teampreview
|inactive|Battle timer is ON: inactive players will automatically lose when time's up. (requested by Johnny987)
|
|t:|1743805993
|start
|switch|p1a: Cinderace|Cinderace, M|100/100
|switch|p2a: Kim|Ninetales, M|100/100
|-weather|SunnyDay|[from] ability: Drought|[of] p2a: Kim
|turn|1
|
|t:|1743806012
|switch|p2a: Cris|Hatterene, F|100/100
|move|p1a: Cinderace|Swords Dance|p1a: Cinderace
|-start|p1a: Cinderace|typechange|Normal|[from] ability: Libero
|-boost|p1a: Cinderace|atk|2
|
|-weather|SunnyDay|[upkeep]
|upkeep
|turn|2
|inactive|pedroemiya has 120 seconds left.
|
|t:|1743806038
|-terastallize|p1a: Cinderace|Normal
|move|p1a: Cinderace|Double-Edge|p2a: Cris
|-damage|p2a: Cris|0 fnt
|faint|p2a: Cris
|-damage|p1a: Cinderace|66/100|[from] Recoil
|-damage|p1a: Cinderace|56/100|[from] item: Life Orb
|
|-weather|SunnyDay|[upkeep]
|upkeep
|
|t:|1743806047
|switch|p2a: Licha|Walking Wake|100/100
|-activate|p2a: Licha|ability: Protosynthesis
|-start|p2a: Licha|protosynthesisspe
|turn|3
|
|t:|1743806056
|move|p1a: Cinderace|Sucker Punch|p2a: Licha
|-damage|p2a: Licha|41/100
|-damage|p1a: Cinderace|46/100|[from] item: Life Orb
|move|p2a: Licha|Hydro Steam|p1a: Cinderace
|-damage|p1a: Cinderace|0 fnt
|faint|p1a: Cinderace
|
|-weather|SunnyDay|[upkeep]
|upkeep
|inactive|pedroemiya has 120 seconds left.
|
|t:|1743806076
|switch|p1a: Garchomp|Garchomp, M|100/100
|turn|4
|
|t:|1743806079
|move|p2a: Licha|Hydro Steam|p1a: Garchomp
|-damage|p1a: Garchomp|3/100
|move|p1a: Garchomp|Stealth Rock|p2a: Licha
|-sidestart|p2: Johnny987|move: Stealth Rock
|
|-weather|SunnyDay|[upkeep]
|upkeep
|turn|5
|
|t:|1743806092
|move|p2a: Licha|Hydro Steam|p1a: Garchomp
|-damage|p1a: Garchomp|0 fnt
|faint|p1a: Garchomp
|
|-weather|SunnyDay|[upkeep]
|upkeep
|inactive|pedroemiya has 120 seconds left.
|
|t:|1743806117
|switch|p1a: Hatterene|Hatterene, F|100/100
|turn|6
|
|t:|1743806121
|move|p2a: Licha|Hydro Steam|p1a: Hatterene
|-enditem|p1a: Hatterene|Focus Sash
|-damage|p1a: Hatterene|1/100
|move|p1a: Hatterene|Draining Kiss|p2a: Licha
|-supereffective|p2a: Licha
|-damage|p2a: Licha|0 fnt
|-heal|p1a: Hatterene|33/100|[from] drain|[of] p2a: Licha
|faint|p2a: Licha
|-end|p2a: Licha|Protosynthesis|[silent]
|
|-weather|SunnyDay|[upkeep]
|upkeep
|
|t:|1743806138
|switch|p2a: Juni|Pyroar, F|100/100
|-ability|p2a: Juni|Unnerve
|-damage|p2a: Juni|76/100|[from] Stealth Rock
|turn|7
|inactive|pedroemiya has 120 seconds left.
|
|t:|1743806161
|move|p2a: Juni|Fire Blast|p1a: Hatterene
|-damage|p1a: Hatterene|0 fnt
|faint|p1a: Hatterene
|
|-weather|SunnyDay|[upkeep]
|upkeep
|
|t:|1743806169
|switch|p1a: Pecharunt|Pecharunt|100/100
|turn|8
|
|t:|1743806185
|switch|p2a: Alex|Kingambit, M|100/100
|-damage|p2a: Alex|94/100|[from] Stealth Rock
|-activate|p2a: Alex|ability: Supreme Overlord
|-start|p2a: Alex|fallen2|[silent]
|move|p1a: Pecharunt|Parting Shot|p2a: Alex
|-unboost|p2a: Alex|atk|1
|-unboost|p2a: Alex|spa|1
|
|t:|1743806189
|switch|p1a: Great Tusk|Great Tusk|100/100|[from] Parting Shot
|-activate|p1a: Great Tusk|ability: Protosynthesis
|-start|p1a: Great Tusk|protosynthesisspe
|
|-weather|none
|-end|p1a: Great Tusk|Protosynthesis
|-heal|p2a: Alex|100/100|[from] item: Leftovers
|upkeep
|turn|9
|
|t:|1743806202
|-end|p2a: Alex|fallen2|[silent]
|switch|p2a: Greg|Great Tusk|100/100
|-damage|p2a: Greg|98/100|[from] Stealth Rock
|move|p1a: Great Tusk|Bulk Up|p1a: Great Tusk
|-boost|p1a: Great Tusk|atk|1
|-boost|p1a: Great Tusk|def|1
|
|upkeep
|turn|10
|
|t:|1743806220
|-end|p2a: Greg|Protosynthesis|[silent]
|switch|p2a: Kim|Ninetales, M|100/100
|-damage|p2a: Kim|76/100|[from] Stealth Rock
|-weather|SunnyDay|[from] ability: Drought|[of] p2a: Kim
|-activate|p1a: Great Tusk|ability: Protosynthesis
|-start|p1a: Great Tusk|protosynthesisatk
|move|p1a: Great Tusk|Ice Spinner|p2a: Kim
|-resisted|p2a: Kim
|-damage|p2a: Kim|49/100
|
|-weather|SunnyDay|[upkeep]
|upkeep
|turn|11
|
|t:|1743806232
|-end|p1a: Great Tusk|Protosynthesis|[silent]
|switch|p1a: Pecharunt|Pecharunt|100/100
|move|p2a: Kim|Encore||[still]
|-fail|p2a: Kim
|
|-weather|SunnyDay|[upkeep]
|upkeep
|turn|12
|
|t:|1743806251
|switch|p2a: Alex|Kingambit, M|100/100
|-damage|p2a: Alex|94/100|[from] Stealth Rock
|-activate|p2a: Alex|ability: Supreme Overlord
|-start|p2a: Alex|fallen2|[silent]
|move|p1a: Pecharunt|Malignant Chain|p2a: Alex
|-immune|p2a: Alex
|
|-weather|SunnyDay|[upkeep]
|-heal|p2a: Alex|100/100|[from] item: Leftovers
|upkeep
|turn|13
|
|t:|1743806262
|-end|p2a: Alex|fallen2|[silent]
|switch|p2a: Juni|Pyroar, F|76/100
|-ability|p2a: Juni|Unnerve
|-damage|p2a: Juni|51/100|[from] Stealth Rock
|move|p1a: Pecharunt|Parting Shot|p2a: Juni
|-unboost|p2a: Juni|atk|1
|-unboost|p2a: Juni|spa|1
|
|t:|1743806266
|switch|p1a: Great Tusk|Great Tusk|100/100|[from] Parting Shot
|-activate|p1a: Great Tusk|ability: Protosynthesis
|-start|p1a: Great Tusk|protosynthesisspe
|
|-weather|SunnyDay|[upkeep]
|upkeep
|turn|14
|
|t:|1743806284
|switch|p2a: Greg|Great Tusk|98/100
|-damage|p2a: Greg|95/100|[from] Stealth Rock
|-activate|p2a: Greg|ability: Protosynthesis
|-start|p2a: Greg|protosynthesisatk
|move|p1a: Great Tusk|Bulk Up|p1a: Great Tusk
|-boost|p1a: Great Tusk|atk|1
|-boost|p1a: Great Tusk|def|1
|
|-weather|SunnyDay|[upkeep]
|upkeep
|turn|15
|
|t:|1743806296
|move|p1a: Great Tusk|Ice Spinner|p2a: Greg
|-supereffective|p2a: Greg
|-damage|p2a: Greg|41/100
|move|p2a: Greg|Rapid Spin|p1a: Great Tusk
|-damage|p1a: Great Tusk|91/100
|-boost|p2a: Greg|spe|1
|-sideend|p2: Johnny987|Stealth Rock|[from] move: Rapid Spin|[of] p2a: Greg
|
|-weather|SunnyDay|[upkeep]
|-heal|p1a: Great Tusk|97/100|[from] item: Leftovers
|upkeep
|turn|16
|
|t:|1743806312
|move|p2a: Greg|Knock Off|p1a: Great Tusk
|-resisted|p1a: Great Tusk
|-damage|p1a: Great Tusk|88/100
|-enditem|p1a: Great Tusk|Leftovers|[from] move: Knock Off|[of] p2a: Greg
|move|p1a: Great Tusk|Ice Spinner|p2a: Greg
|-supereffective|p2a: Greg
|-crit|p2a: Greg
|-damage|p2a: Greg|0 fnt
|faint|p2a: Greg
|-end|p2a: Greg|Protosynthesis|[silent]
|
|-weather|SunnyDay|[upkeep]
|upkeep
|inactive|Johnny987 has 120 seconds left.
|
|t:|1743806332
|switch|p2a: Kim|Ninetales, M|49/100
|turn|17
|
|t:|1743806342
|-terastallize|p2a: Kim|Grass
|move|p1a: Great Tusk|Headlong Rush|p2a: Kim
|-resisted|p2a: Kim
|-damage|p2a: Kim|0 fnt
|-unboost|p1a: Great Tusk|def|1
|-unboost|p1a: Great Tusk|spd|1
|faint|p2a: Kim
|
|-weather|none
|-end|p1a: Great Tusk|Protosynthesis
|upkeep
|inactive|Johnny987 has 120 seconds left.
|
|t:|1743806358
|switch|p2a: Juni|Pyroar, F|51/100
|-ability|p2a: Juni|Unnerve
|turn|18
|inactive|pedroemiya has 120 seconds left.
|
|t:|1743806415
|-end|p1a: Great Tusk|Protosynthesis|[silent]
|switch|p1a: Pecharunt|Pecharunt|100/100
|move|p2a: Juni|Fire Blast|p1a: Pecharunt
|-damage|p1a: Pecharunt|31/100
|
|upkeep
|turn|19
|
|t:|1743806425
|move|p2a: Juni|Fire Blast|p1a: Pecharunt
|-damage|p1a: Pecharunt|0 fnt
|faint|p1a: Pecharunt
|
|upkeep
|
|t:|1743806428
|switch|p1a: Kingambit|Kingambit, M|100/100
|-activate|p1a: Kingambit|ability: Supreme Overlord
|-start|p1a: Kingambit|fallen4|[silent]
|turn|20
|
|t:|1743806447
|switch|p2a: Alex|Kingambit, M|100/100
|-activate|p2a: Alex|ability: Supreme Overlord
|-start|p2a: Alex|fallen4|[silent]
|move|p1a: Kingambit|Sucker Punch||[still]
|-fail|p1a: Kingambit
|
|upkeep
|turn|21
|
|t:|1743806456
|-end|p1a: Kingambit|fallen4|[silent]
|switch|p1a: Great Tusk|Great Tusk|88/100
|-end|p2a: Alex|fallen4|[silent]
|switch|p2a: Juni|Pyroar, F|51/100
|-ability|p2a: Juni|Unnerve
|
|upkeep
|turn|22
|inactive|pedroemiya has 120 seconds left.
|
|t:|1743806471
|move|p2a: Juni|Overheat|p1a: Great Tusk
|-damage|p1a: Great Tusk|0 fnt
|-unboost|p2a: Juni|spa|2
|faint|p1a: Great Tusk
|-end|p1a: Great Tusk|Protosynthesis|[silent]
|
|upkeep
|
|t:|1743806474
|switch|p1a: Kingambit|Kingambit, M|100/100
|-activate|p1a: Kingambit|ability: Supreme Overlord
|-start|p1a: Kingambit|fallen5|[silent]
|turn|23
|inactive|pedroemiya has 120 seconds left.
|
|t:|1743806488
|move|p1a: Kingambit|Sucker Punch|p2a: Juni
|-damage|p2a: Juni|0 fnt
|faint|p2a: Juni
|
|upkeep
|
|t:|1743806492
|switch|p2a: Alex|Kingambit, M|100/100
|-activate|p2a: Alex|ability: Supreme Overlord
|-start|p2a: Alex|fallen5|[silent]
|turn|24
|
|t:|1743806498
|move|p1a: Kingambit|Kowtow Cleave|p2a: Alex
|-resisted|p2a: Alex
|-damage|p2a: Alex|69/100
|move|p2a: Alex|Swords Dance|p2a: Alex
|-boost|p2a: Alex|atk|2
|
|-heal|p2a: Alex|75/100|[from] item: Leftovers
|upkeep
|turn|25
|
|t:|1743806516
|move|p1a: Kingambit|Kowtow Cleave|p2a: Alex
|-resisted|p2a: Alex
|-damage|p2a: Alex|42/100
|move|p2a: Alex|Iron Head|p1a: Kingambit
|-resisted|p1a: Kingambit
|-damage|p1a: Kingambit|39/100
|
|-heal|p2a: Alex|48/100|[from] item: Leftovers
|upkeep
|turn|26
|
|t:|1743806525
|move|p1a: Kingambit|Swords Dance|p1a: Kingambit
|-boost|p1a: Kingambit|atk|2
|move|p2a: Alex|Iron Head|p1a: Kingambit
|-resisted|p1a: Kingambit
|-damage|p1a: Kingambit|0 fnt
|faint|p1a: Kingambit
|-end|p1a: Kingambit|fallen5|[silent]
|
|win|Johnny987
|raw|pedroemiya's rating: 1482 &rarr; <strong>1462</strong><br />(-20 for losing)
|raw|Johnny987's rating: 1479 &rarr; <strong>1499</strong><br />(+20 for winning)
|l|☆pedroemiya
|player|p1|
