|j|☆chen0
|j|☆JP ShinySeeker
|t:|1743888970
|gametype|singles
|player|p1|chen0|rocketgruntf|1463
|player|p2|JP ShinySeeker|grimsley|1433
|teamsize|p1|6
|teamsize|p2|6
|gen|9
|tier|[Gen 9] OU
|rated|
|rule|HP Percentage Mod: HP is shown in percentages
|rule|Endless Battle Clause: Forcing endless battles is banned
|rule|Species Clause: Limit one of each Pokémon
|rule|OHKO Clause: OHKO moves are banned
|rule|Evasion Items Clause: Evasion items are banned
|rule|Evasion Moves Clause: Evasion moves are banned
|rule|Sleep Moves Clause: Sleep-inducing moves are banned
|clearpoke
|poke|p1|Kyurem|
|poke|p1|Alomomola, M|
|poke|p1|Tyranitar, M|
|poke|p1|Weezing-Galar, M|
|poke|p1|Amoonguss, M|
|poke|p1|Slowking-Galar, F|
|poke|p2|Manaphy|
|poke|p2|Raging Bolt|
|poke|p2|Entei|
|poke|p2|Hoopa-Unbound|
|poke|p2|Avalugg, F|
|poke|p2|Garchomp, F|
|teampreview
|inactive|Battle timer is ON: inactive players will automatically lose when time's up. (requested by chen0)
|
|t:|1743888995
|start
|switch|p1a: Tyranitar|Tyranitar, M|100/100
|switch|p2a: Manaphy|Manaphy|100/100
|-weather|Sandstorm|[from] ability: Sand Stream|[of] p1a: Tyranitar
|turn|1
|
|t:|1743889000
|move|p2a: Manaphy|Substitute|p2a: Manaphy
|-start|p2a: Manaphy|Substitute
|-damage|p2a: Manaphy|76/100
|move|p1a: Tyranitar|Knock Off|p2a: Manaphy
|-end|p2a: Manaphy|Substitute
|
|-weather|Sandstorm|[upkeep]
|-damage|p2a: Manaphy|69/100|[from] Sandstorm
|-heal|p2a: Manaphy|76/100|[from] item: Leftovers
|upkeep
|turn|2
|
|t:|1743889005
|switch|p2a: Avalugg|Avalugg, F|100/100
|move|p1a: Tyranitar|Knock Off|p2a: Avalugg
|-damage|p2a: Avalugg|83/100
|-enditem|p2a: Avalugg|Heavy-Duty Boots|[from] move: Knock Off|[of] p1a: Tyranitar
|
|-weather|Sandstorm|[upkeep]
|-damage|p2a: Avalugg|77/100|[from] Sandstorm
|upkeep
|turn|3
|
|t:|1743889026
|switch|p1a: Alomomola|Alomomola, M|100/100
|move|p2a: Avalugg|Body Press|p1a: Alomomola
|-damage|p1a: Alomomola|78/100
|-damage|p2a: Avalugg|60/100|[from] item: Rocky Helmet|[of] p1a: Alomomola
|
|-weather|Sandstorm|[upkeep]
|-damage|p1a: Alomomola|72/100|[from] Sandstorm
|-damage|p2a: Avalugg|54/100|[from] Sandstorm
|upkeep
|turn|4
|
|t:|1743889031
|move|p1a: Alomomola|Scald|p2a: Avalugg
|-damage|p2a: Avalugg|31/100
|move|p2a: Avalugg|Recover|p2a: Avalugg
|-heal|p2a: Avalugg|81/100
|
|-weather|Sandstorm|[upkeep]
|-damage|p1a: Alomomola|66/100|[from] Sandstorm
|-damage|p2a: Avalugg|75/100|[from] Sandstorm
|upkeep
|turn|5
|
|t:|1743889037
|switch|p2a: Manaphy|Manaphy|76/100
|move|p1a: Alomomola|Scald|p2a: Manaphy
|-resisted|p2a: Manaphy
|-damage|p2a: Manaphy|69/100
|-status|p2a: Manaphy|brn
|
|-weather|none
|-heal|p2a: Manaphy|75/100 brn|[from] item: Leftovers
|-damage|p2a: Manaphy|69/100 brn|[from] brn
|upkeep
|turn|6
|
|t:|1743889042
|switch|p1a: Slowking|Slowking-Galar, F|100/100
|move|p2a: Manaphy|Substitute|p2a: Manaphy
|-start|p2a: Manaphy|Substitute
|-damage|p2a: Manaphy|44/100 brn
|
|-heal|p2a: Manaphy|50/100 brn|[from] item: Leftovers
|-damage|p2a: Manaphy|44/100 brn|[from] brn
|upkeep
|turn|7
|
|t:|1743889045
|move|p2a: Manaphy|Tail Glow|p2a: Manaphy
|-boost|p2a: Manaphy|spa|3
|move|p1a: Slowking|Psychic Noise|p2a: Manaphy
|-damage|p2a: Manaphy|4/100 brn
|-start|p2a: Manaphy|move: Heal Block
|
|-damage|p2a: Manaphy|0 fnt|[from] brn
|faint|p2a: Manaphy
|upkeep
|
|t:|1743889051
|switch|p2a: Entei|Entei, shiny|100/100
|turn|8
|
|t:|1743889055
|switch|p1a: Alomomola|Alomomola, M|99/100
|move|p2a: Entei|Swagger|p1a: Alomomola
|-boost|p1a: Alomomola|atk|2
|-start|p1a: Alomomola|confusion
|-enditem|p2a: Entei|Mirror Herb
|-boost|p2a: Entei|atk|2|[from] item: Mirror Herb
|
|upkeep
|turn|9
|
|t:|1743889065
|move|p2a: Entei|Stomping Tantrum|p1a: Alomomola
|-damage|p1a: Alomomola|74/100
|-damage|p2a: Entei|84/100|[from] item: Rocky Helmet|[of] p1a: Alomomola
|-activate|p1a: Alomomola|confusion
|move|p1a: Alomomola|Scald|p2a: Entei
|-supereffective|p2a: Entei
|-crit|p2a: Entei
|-damage|p2a: Entei|34/100
|
|upkeep
|turn|10
|
|t:|1743889073
|move|p2a: Entei|Sacred Fire|p1a: Alomomola
|-resisted|p1a: Alomomola
|-damage|p1a: Alomomola|48/100
|-status|p1a: Alomomola|brn
|-activate|p1a: Alomomola|confusion
|move|p1a: Alomomola|Flip Turn|p2a: Entei
|-supereffective|p2a: Entei
|-damage|p2a: Entei|5/100
|
|t:|1743889077
|switch|p1a: Tyranitar|Tyranitar, M|100/100|[from] Flip Turn
|-weather|Sandstorm|[from] ability: Sand Stream|[of] p1a: Tyranitar
|
|-weather|Sandstorm|[upkeep]
|-damage|p2a: Entei|0 fnt|[from] Sandstorm
|faint|p2a: Entei
|upkeep
|
|t:|1743889080
|switch|p2a: Garchomp|Garchomp, F|100/100
|turn|11
|
|t:|1743889103
|switch|p1a: Alomomola|Alomomola, M|81/100 brn
|move|p2a: Garchomp|Swords Dance|p2a: Garchomp
|-boost|p2a: Garchomp|atk|2
|
|-weather|Sandstorm|[upkeep]
|-damage|p1a: Alomomola|75/100 brn|[from] Sandstorm
|-damage|p1a: Alomomola|68/100 brn|[from] brn
|upkeep
|turn|12
|
|t:|1743889114
|-terastallize|p2a: Garchomp|Fire
|move|p2a: Garchomp|Earthquake|p1a: Alomomola
|-crit|p1a: Alomomola
|-damage|p1a: Alomomola|0 fnt
|faint|p1a: Alomomola
|
|-weather|Sandstorm|[upkeep]
|-damage|p2a: Garchomp|94/100|[from] Sandstorm
|upkeep
|inactive|chen0 has 120 seconds left.
|
|t:|1743889146
|switch|p1a: Amoonguss|Amoonguss, M|100/100
|turn|13
|inactive|chen0 has 120 seconds left.
|
|t:|1743889157
|move|p2a: Garchomp|Earthquake|p1a: Amoonguss
|-damage|p1a: Amoonguss|22/100
|move|p1a: Amoonguss|Foul Play|p2a: Garchomp
|-damage|p2a: Garchomp|27/100
|-damage|p1a: Amoonguss|9/100|[from] ability: Rough Skin|[of] p2a: Garchomp
|
|-weather|Sandstorm|[upkeep]
|-damage|p2a: Garchomp|20/100|[from] Sandstorm
|-damage|p1a: Amoonguss|3/100|[from] Sandstorm
|upkeep
|turn|14
|inactive|chen0 has 120 seconds left.
|
|t:|1743889170
|move|p2a: Garchomp|Scale Shot|p1a: Amoonguss
|-damage|p1a: Amoonguss|0 fnt
|faint|p1a: Amoonguss
|-hitcount|p1: Amoonguss|1
|-unboost|p2a: Garchomp|def|1
|-boost|p2a: Garchomp|spe|1
|
|-weather|none
|upkeep
|
|t:|1743889179
|switch|p1a: Weezing|Weezing-Galar, M|100/100
|-ability|p1a: Weezing|Neutralizing Gas
|turn|15
|
|t:|1743889183
|-terastallize|p1a: Weezing|Water
|move|p2a: Garchomp|Earthquake|p1a: Weezing
|-damage|p1a: Weezing|37/100
|move|p1a: Weezing|Strange Steam|p2a: Garchomp
|-resisted|p2a: Garchomp
|-damage|p2a: Garchomp|4/100
|
|upkeep
|turn|16
|
|t:|1743889188
|move|p2a: Garchomp|Earthquake|p1a: Weezing
|-damage|p1a: Weezing|0 fnt
|faint|p1a: Weezing
|-end|p1a: Weezing|ability: Neutralizing Gas
|
|upkeep
|
|t:|1743889190
|switch|p1a: Tyranitar|Tyranitar, M|100/100
|-weather|Sandstorm|[from] ability: Sand Stream|[of] p1a: Tyranitar
|turn|17
|
|t:|1743889193
|move|p2a: Garchomp|Earthquake|p1a: Tyranitar
|-supereffective|p1a: Tyranitar
|-damage|p1a: Tyranitar|0 fnt
|faint|p1a: Tyranitar
|
|-weather|Sandstorm|[upkeep]
|-damage|p2a: Garchomp|0 fnt|[from] Sandstorm
|faint|p2a: Garchomp
|upkeep
|
|t:|1743889199
|switch|p2a: Hoopa|Hoopa-Unbound|100/100
|switch|p1a: Slowking|Slowking-Galar, F|100/100
|turn|18
|
|t:|1743889209
|move|p2a: Hoopa|Knock Off|p1a: Slowking
|-supereffective|p1a: Slowking
|-damage|p1a: Slowking|0 fnt
|-enditem|p1a: Slowking|Assault Vest|[from] move: Knock Off|[of] p2a: Hoopa
|faint|p1a: Slowking
|
|-weather|Sandstorm|[upkeep]
|-damage|p2a: Hoopa|94/100|[from] Sandstorm
|upkeep
|
|t:|1743889215
|switch|p1a: Kyurem|Kyurem|100/100
|-ability|p1a: Kyurem|Pressure
|turn|19
|
|t:|1743889218
|move|p1a: Kyurem|Dragon Dance|p1a: Kyurem
|-boost|p1a: Kyurem|atk|1
|-boost|p1a: Kyurem|spe|1
|move|p2a: Hoopa|Psychic|p1a: Kyurem
|-damage|p1a: Kyurem|41/100
|
|-weather|Sandstorm|[upkeep]
|-damage|p1a: Kyurem|35/100|[from] Sandstorm
|-damage|p2a: Hoopa|88/100|[from] Sandstorm
|upkeep
|turn|20
|
|t:|1743889223
|move|p1a: Kyurem|Icicle Spear|p2a: Hoopa
|-damage|p2a: Hoopa|58/100
|-damage|p2a: Hoopa|26/100
|-damage|p2a: Hoopa|0 fnt
|faint|p2a: Hoopa
|-hitcount|p2: Hoopa|3
|
|-weather|Sandstorm|[upkeep]
|-damage|p1a: Kyurem|29/100|[from] Sandstorm
|upkeep
|
|t:|1743889226
|switch|p2a: Avalugg|Avalugg, F|75/100
|turn|21
|
|t:|1743889241
|move|p1a: Kyurem|Scale Shot|p2a: Avalugg
|-damage|p2a: Avalugg|67/100
|-damage|p2a: Avalugg|59/100
|-damage|p2a: Avalugg|52/100
|-damage|p2a: Avalugg|44/100
|-damage|p2a: Avalugg|36/100
|-hitcount|p2a: Avalugg|5
|-unboost|p1a: Kyurem|def|1
|-boost|p1a: Kyurem|spe|1
|move|p2a: Avalugg|Body Press|p1a: Kyurem
|-supereffective|p1a: Kyurem
|-damage|p1a: Kyurem|0 fnt
|faint|p1a: Kyurem
|
|win|JP ShinySeeker
|raw|chen0's rating: 1463 &rarr; <strong>1441</strong><br />(-22 for losing)
|raw|JP ShinySeeker's rating: 1433 &rarr; <strong>1455</strong><br />(+22 for winning)
|l|☆JP ShinySeeker
|player|p2|
|l|☆chen0
|player|p1|
