|j|☆kittensnax
|j|☆Gengar_Pt2
|t:|1743800471
|gametype|singles
|player|p1|kittensnax|pokekid|1196
|player|p2|Gengar_Pt2|furisodegirl-blue|1134
|teamsize|p1|6
|teamsize|p2|6
|gen|9
|tier|[Gen 9] OU
|rated|
|rule|HP Percentage Mod: HP is shown in percentages
|rule|Endless Battle Clause: Forcing endless battles is banned
|rule|Species Clause: Limit one of each Pokémon
|rule|OHKO Clause: OHKO moves are banned
|rule|Evasion Items Clause: Evasion items are banned
|rule|Evasion Moves Clause: Evasion moves are banned
|rule|Sleep Moves Clause: Sleep-inducing moves are banned
|clearpoke
|poke|p1|Porygon2|
|poke|p1|Farigiraf, M|
|poke|p1|Dragonite, F|
|poke|p1|Primarina, F|
|poke|p1|Ursaluna, M|
|poke|p1|Meowscarada, F|
|poke|p2|Darkrai|
|poke|p2|Tatsugiri-Droopy, M|
|poke|p2|Revavroom, F|
|poke|p2|Ceruledge, F|
|poke|p2|Ribombee, F|
|poke|p2|Sandy Shocks|
|teampreview
|inactive|Battle timer is ON: inactive players will automatically lose when time's up. (requested by Gengar_Pt2)
|
|t:|1743800487
|start
|switch|p1a: FaRiGiЯaꟻ|Farigiraf, M, shiny|100/100
|switch|p2a: Queen|Ribombee, F, shiny|100/100
|turn|1
|
|t:|1743800506
|move|p2a: Queen|Sticky Web|p1a: FaRiGiЯaꟻ
|-sidestart|p1: kittensnax|move: Sticky Web
|move|p1a: FaRiGiЯaꟻ|Tera Blast|p2a: Queen
|-crit|p2a: Queen
|-enditem|p2a: Queen|Focus Sash
|-damage|p2a: Queen|1/100
|
|upkeep
|turn|2
|
|t:|1743800514
|move|p2a: Queen|Bug Buzz|p1a: FaRiGiЯaꟻ
|-supereffective|p1a: FaRiGiЯaꟻ
|-damage|p1a: FaRiGiЯaꟻ|11/100
|-enditem|p1a: FaRiGiЯaꟻ|Petaya Berry|[eat]
|-boost|p1a: FaRiGiЯaꟻ|spa|1|[from] item: Petaya Berry
|move|p1a: FaRiGiЯaꟻ|Trick Room|p1a: FaRiGiЯaꟻ
|-fieldstart|move: Trick Room|[of] p1a: FaRiGiЯaꟻ
|
|upkeep
|turn|3
|
|t:|1743800528
|move|p1a: FaRiGiЯaꟻ|Tera Blast|p2a: Queen
|-damage|p2a: Queen|0 fnt
|faint|p2a: Queen
|
|upkeep
|
|t:|1743800547
|switch|p2a: Fishie|Tatsugiri-Droopy, M|100/100
|turn|4
|
|t:|1743800554
|-terastallize|p1a: FaRiGiЯaꟻ|Fairy
|move|p1a: FaRiGiЯaꟻ|Tera Blast|p2a: Fishie|[anim] Tera Blast Fairy
|-supereffective|p2a: Fishie
|-damage|p2a: Fishie|29/100
|move|p2a: Fishie|Surf|p1a: FaRiGiЯaꟻ
|-damage|p1a: FaRiGiЯaꟻ|0 fnt
|faint|p1a: FaRiGiЯaꟻ
|
|upkeep
|
|t:|1743800561
|switch|p1a: Ursaluna|Ursaluna, M|100/100
|-activate|p1a: Ursaluna|move: Sticky Web
|-unboost|p1a: Ursaluna|spe|1
|turn|5
|
|t:|1743800576
|move|p1a: Ursaluna|Earthquake|p2a: Fishie
|-damage|p2a: Fishie|0 fnt
|faint|p2a: Fishie
|
|-status|p1a: Ursaluna|brn|[from] item: Flame Orb
|upkeep
|
|t:|1743800591
|switch|p2a: Engine|Revavroom, F|100/100
|-item|p2a: Engine|Air Balloon
|turn|6
|
|t:|1743800599
|move|p1a: Ursaluna|Drain Punch|p2a: Engine
|-crit|p2a: Engine
|-damage|p2a: Engine|20/100
|-enditem|p2a: Engine|Air Balloon
|move|p2a: Engine|Shift Gear|p2a: Engine
|-boost|p2a: Engine|spe|2
|-boost|p2a: Engine|atk|1
|
|-damage|p1a: Ursaluna|94/100 brn|[from] brn
|-fieldend|move: Trick Room
|upkeep
|turn|7
|
|t:|1743800620
|move|p2a: Engine|Iron Head|p1a: Ursaluna
|-damage|p1a: Ursaluna|48/100 brn
|cant|p1a: Ursaluna|flinch
|
|-damage|p1a: Ursaluna|42/100 brn|[from] brn
|upkeep
|turn|8
|c|☆Gengar_Pt2|i hate when this happens
|
|t:|1743800630
|move|p2a: Engine|Iron Head|p1a: Ursaluna
|-damage|p1a: Ursaluna|0 fnt
|faint|p1a: Ursaluna
|
|upkeep
|
|t:|1743800636
|switch|p1a: Porygambling2|Porygon2|100/100
|-activate|p1a: Porygambling2|move: Sticky Web
|-unboost|p1a: Porygambling2|spe|1
|-ability|p1a: Porygambling2|Download|boost
|-boost|p1a: Porygambling2|spa|1
|turn|9
|
|t:|1743800644
|move|p2a: Engine|Iron Head|p1a: Porygambling2
|-damage|p1a: Porygambling2|63/100
|cant|p1a: Porygambling2|flinch
|
|upkeep
|turn|10
|
|t:|1743800649
|move|p2a: Engine|Iron Head|p1a: Porygambling2
|-damage|p1a: Porygambling2|22/100
|move|p1a: Porygambling2|Recover|p1a: Porygambling2
|-heal|p1a: Porygambling2|72/100
|
|upkeep
|turn|11
|
|t:|1743800661
|move|p2a: Engine|Poison Jab|p1a: Porygambling2
|-damage|p1a: Porygambling2|31/100
|move|p1a: Porygambling2|Tera Blast|p2a: Engine
|-resisted|p2a: Engine
|-damage|p2a: Engine|0 fnt
|faint|p2a: Engine
|
|upkeep
|
|t:|1743800670
|switch|p2a: Knight|Ceruledge, F, shiny|100/100
|turn|12
|
|t:|1743800676
|move|p2a: Knight|Swords Dance|p2a: Knight
|-boost|p2a: Knight|atk|2
|move|p1a: Porygambling2|Thunderbolt|p2a: Knight
|-damage|p2a: Knight|45/100
|
|upkeep
|turn|13
|
|t:|1743800690
|move|p2a: Knight|Bitter Blade|p1a: Porygambling2
|-damage|p1a: Porygambling2|0 fnt
|-heal|p2a: Knight|64/100|[from] drain|[of] p1a: Porygambling2
|faint|p1a: Porygambling2
|
|upkeep
|
|t:|1743800693
|switch|p1a: Primarina|Primarina, F|100/100
|-activate|p1a: Primarina|move: Sticky Web
|-unboost|p1a: Primarina|spe|1
|turn|14
|
|t:|1743800702
|move|p2a: Knight|Shadow Sneak|p1a: Primarina
|-damage|p1a: Primarina|53/100
|move|p1a: Primarina|Psychic Noise|p2a: Knight
|-supereffective|p2a: Knight
|-damage|p2a: Knight|0 fnt
|faint|p2a: Knight
|
|upkeep
|
|t:|1743800710
|switch|p2a: Friend|Darkrai|100/100
|turn|15
|
|t:|1743800713
|move|p2a: Friend|Sludge Bomb|p1a: Primarina
|-supereffective|p1a: Primarina
|-damage|p1a: Primarina|0 fnt
|faint|p1a: Primarina
|-damage|p2a: Friend|91/100|[from] item: Life Orb
|
|upkeep
|
|t:|1743800718
|switch|p1a: Dragonite|Dragonite, F|100/100
|turn|16
|
|t:|1743800727
|-terastallize|p2a: Friend|Stellar
|move|p2a: Friend|Ice Beam|p1a: Dragonite
|-supereffective|p1a: Dragonite
|-damage|p1a: Dragonite|8/100
|-damage|p2a: Friend|81/100|[from] item: Life Orb
|move|p1a: Dragonite|Low Kick|p2a: Friend
|-supereffective|p2a: Friend
|-damage|p2a: Friend|0 fnt
|faint|p2a: Friend
|
|upkeep
|
|t:|1743800737
|switch|p2a: Spongebob|Sandy Shocks|100/100
|-enditem|p2a: Spongebob|Booster Energy
|-activate|p2a: Spongebob|ability: Protosynthesis|[fromitem]
|-start|p2a: Spongebob|protosynthesisspa
|turn|17
|
|t:|1743800747
|move|p2a: Spongebob|Tera Blast|p1a: Dragonite
|-damage|p1a: Dragonite|0 fnt
|faint|p1a: Dragonite
|
|upkeep
|
|t:|1743800750
|switch|p1a: Meowscarada|Meowscarada, F|100/100
|-activate|p1a: Meowscarada|move: Sticky Web
|-unboost|p1a: Meowscarada|spe|1
|turn|18
|
|t:|1743800778
|move|p2a: Spongebob|Tera Blast|p1a: Meowscarada
|-damage|p1a: Meowscarada|49/100
|move|p1a: Meowscarada|Flower Trick|p2a: Spongebob
|-supereffective|p2a: Spongebob
|-crit|p2a: Spongebob
|-damage|p2a: Spongebob|0 fnt
|faint|p2a: Spongebob
|-end|p2a: Spongebob|Protosynthesis|[silent]
|-damage|p1a: Meowscarada|39/100|[from] item: Life Orb
|
|win|kittensnax
|raw|kittensnax's rating: 1196 &rarr; <strong>1217</strong><br />(+21 for winning)
|raw|Gengar_Pt2's rating: 1134 &rarr; <strong>1113</strong><br />(-21 for losing)
|c|☆Gengar_Pt2|gg
|l|☆Gengar_Pt2
|player|p2|
|l|☆kittensnax
|player|p1|
