|j|☆Sk1tt3n
|j|‽norebuhl
|t:|1743916305
|gametype|singles
|player|p1|Sk1tt3n|hexmaniac-gen6|1539
|player|p2|norebuhl|101|1515
|teamsize|p1|6
|teamsize|p2|6
|gen|9
|tier|[Gen 9] OU
|rated|
|rule|HP Percentage Mod: HP is shown in percentages
|rule|Endless Battle Clause: Forcing endless battles is banned
|rule|Species Clause: Limit one of each Pokémon
|rule|OHKO Clause: OHKO moves are banned
|rule|Evasion Items Clause: Evasion items are banned
|rule|Evasion Moves Clause: Evasion moves are banned
|rule|Sleep Moves Clause: Sleep-inducing moves are banned
|clearpoke
|poke|p1|Lokix, M|
|poke|p1|Hoopa-Unbound|
|poke|p1|Alomomola, F|
|poke|p1|Corviknight, M|
|poke|p1|Great Tusk|
|poke|p1|Dragapult, M|
|poke|p2|Ceruledge, M|
|poke|p2|Iron Valiant|
|poke|p2|Kingambit, F|
|poke|p2|Samurott-Hisui, M|
|poke|p2|Great Tusk|
|poke|p2|Gholdengo|
|teampreview
|inactive|Battle timer is ON: inactive players will automatically lose when time's up. (requested by norebuhl)
|inactive|Sk1tt3n has 120 seconds left.
|
|t:|1743916345
|start
|switch|p1a: Denji|Lokix, M|100/100
|switch|p2a: Iron Valiant|Iron Valiant|100/100
|-enditem|p2a: Iron Valiant|Booster Energy
|-activate|p2a: Iron Valiant|ability: Quark Drive|[fromitem]
|-start|p2a: Iron Valiant|quarkdrivespe
|turn|1
|
|t:|1743916353
|switch|p1a: Corviknight|Corviknight, M|100/100
|-ability|p1a: Corviknight|Pressure
|move|p2a: Iron Valiant|Moonblast|p1a: Corviknight
|-resisted|p1a: Corviknight
|-damage|p1a: Corviknight|84/100
|
|upkeep
|turn|2
|
|t:|1743916363
|move|p2a: Iron Valiant|Calm Mind|p2a: Iron Valiant
|-boost|p2a: Iron Valiant|spa|1
|-boost|p2a: Iron Valiant|spd|1
|move|p1a: Corviknight|Iron Head|p2a: Iron Valiant
|-supereffective|p2a: Iron Valiant
|-damage|p2a: Iron Valiant|40/100
|
|upkeep
|turn|3
|
|t:|1743916382
|move|p2a: Iron Valiant|Shadow Ball|p1a: Corviknight
|-damage|p1a: Corviknight|55/100
|move|p1a: Corviknight|U-turn|p2a: Iron Valiant
|-resisted|p2a: Iron Valiant
|-damage|p2a: Iron Valiant|36/100
|
|t:|1743916386
|switch|p1a: Denji|Lokix, M|100/100|[from] U-turn
|
|upkeep
|turn|4
|
|t:|1743916393
|move|p1a: Denji|First Impression|p2a: Iron Valiant
|-resisted|p2a: Iron Valiant
|-damage|p2a: Iron Valiant|0 fnt
|faint|p2a: Iron Valiant
|-end|p2a: Iron Valiant|Quark Drive|[silent]
|
|upkeep
|
|t:|1743916400
|switch|p2a: Ceruledge|Ceruledge, M|100/100
|turn|5
|
|t:|1743916405
|switch|p1a: B.o.B.|Alomomola, F|100/100
|move|p2a: Ceruledge|Swords Dance|p2a: Ceruledge
|-boost|p2a: Ceruledge|atk|2
|
|upkeep
|turn|6
|
|t:|1743916412
|-terastallize|p2a: Ceruledge|Ghost
|move|p2a: Ceruledge|Poltergeist|p1a: B.o.B.
|-activate|p1a: B.o.B.|move: Poltergeist|Rocky Helmet
|-damage|p1a: B.o.B.|10/100
|move|p1a: B.o.B.|Scald|p2a: Ceruledge
|-damage|p2a: Ceruledge|83/100
|
|upkeep
|turn|7
|inactive|Sk1tt3n has 120 seconds left.
|
|t:|1743916468
|move|p2a: Ceruledge|Bitter Blade|p1a: B.o.B.
|-resisted|p1a: B.o.B.
|-damage|p1a: B.o.B.|0 fnt
|-heal|p2a: Ceruledge|91/100|[from] drain|[of] p1a: B.o.B.
|-damage|p2a: Ceruledge|74/100|[from] item: Rocky Helmet|[of] p1a: B.o.B.
|faint|p1a: B.o.B.
|
|upkeep
|
|t:|1743916476
|switch|p1a: Denji|Lokix, M|100/100
|turn|8
|
|t:|1743916481
|move|p1a: Denji|First Impression|p2a: Ceruledge
|-resisted|p2a: Ceruledge
|-damage|p2a: Ceruledge|0 fnt
|faint|p2a: Ceruledge
|
|upkeep
|
|t:|1743916491
|switch|p2a: Samurott|Samurott-Hisui, M|100/100
|turn|9
|
|t:|1743916501
|switch|p1a: Corviknight|Corviknight, M|55/100
|-ability|p1a: Corviknight|Pressure
|move|p2a: Samurott|Ceaseless Edge|p1a: Corviknight|[miss]
|-miss|p2a: Samurott|p1a: Corviknight
|
|upkeep
|turn|10
|
|t:|1743916512
|switch|p2a: Gholdengo|Gholdengo|100/100
|move|p1a: Corviknight|Roost|p1a: Corviknight
|-heal|p1a: Corviknight|100/100
|-singleturn|p1a: Corviknight|move: Roost
|
|upkeep
|turn|11
|
|t:|1743916519
|move|p2a: Gholdengo|Trick|p1a: Corviknight
|-activate|p2a: Gholdengo|move: Trick|[of] p1a: Corviknight
|-item|p1a: Corviknight|Choice Scarf|[from] move: Trick
|-item|p2a: Gholdengo|Rocky Helmet|[from] move: Trick
|move|p1a: Corviknight|U-turn|p2a: Gholdengo
|-resisted|p2a: Gholdengo
|-damage|p2a: Gholdengo|96/100
|-damage|p1a: Corviknight|84/100|[from] item: Rocky Helmet|[of] p2a: Gholdengo
|inactive|Sk1tt3n has 120 seconds left.
|
|t:|1743916543
|switch|p1a: Dragapult|Dragapult, M|100/100|[from] U-turn
|
|upkeep
|turn|12
|inactive|Sk1tt3n has 120 seconds left.
|
|t:|1743916554
|switch|p2a: Samurott|Samurott-Hisui, M|100/100
|move|p1a: Dragapult|Flamethrower|p2a: Samurott
|-resisted|p2a: Samurott
|-damage|p2a: Samurott|68/100
|
|upkeep
|turn|13
|inactive|Sk1tt3n has 120 seconds left.
|
|t:|1743916562
|switch|p1a: Denji|Lokix, M|100/100
|move|p2a: Samurott|Ceaseless Edge|p1a: Denji
|-resisted|p1a: Denji
|-damage|p1a: Denji|70/100
|-sidestart|p1: Sk1tt3n|Spikes
|
|upkeep
|turn|14
|inactive|Sk1tt3n has 120 seconds left.
|
|t:|1743916573
|switch|p2a: Gholdengo|Gholdengo|96/100
|move|p1a: Denji|Knock Off|p2a: Gholdengo
|-supereffective|p2a: Gholdengo
|-damage|p2a: Gholdengo|0 fnt
|-damage|p1a: Denji|53/100|[from] item: Rocky Helmet|[of] p2a: Gholdengo
|-enditem|p2a: Gholdengo|Rocky Helmet|[from] move: Knock Off|[of] p1a: Denji
|faint|p2a: Gholdengo
|
|upkeep
|
|t:|1743916584
|switch|p2a: Samurott|Samurott-Hisui, M|68/100
|turn|15
|inactive|Sk1tt3n has 120 seconds left.
|
|t:|1743916599
|switch|p1a: Corviknight|Corviknight, M|84/100
|-ability|p1a: Corviknight|Pressure
|move|p2a: Samurott|Ceaseless Edge|p1a: Corviknight
|-damage|p1a: Corviknight|49/100
|-sidestart|p1: Sk1tt3n|Spikes
|
|upkeep
|turn|16
|inactive|Sk1tt3n has 120 seconds left.
|
|t:|1743916613
|move|p2a: Samurott|Aqua Cutter|p1a: Corviknight
|-damage|p1a: Corviknight|11/100
|move|p1a: Corviknight|Defog|p2a: Samurott
|-unboost|p2a: Samurott|evasion|1
|-sideend|p1: Sk1tt3n|Spikes|[from] move: Defog|[of] p1a: Corviknight
|
|upkeep
|turn|17
|
|t:|1743916621
|move|p2a: Samurott|Ceaseless Edge|p1a: Corviknight
|-damage|p1a: Corviknight|0 fnt
|-sidestart|p1: Sk1tt3n|Spikes
|faint|p1a: Corviknight
|
|upkeep
|inactive|Sk1tt3n has 120 seconds left.
|
|t:|1743916641
|switch|p1a: Denji|Lokix, M|53/100
|-damage|p1a: Denji|41/100|[from] Spikes
|turn|18
|
|t:|1743916648
|move|p1a: Denji|First Impression|p2a: Samurott
|-supereffective|p2a: Samurott
|-damage|p2a: Samurott|0 fnt
|faint|p2a: Samurott
|
|upkeep
|
|t:|1743916655
|switch|p2a: Kingambit|Kingambit, F|100/100
|-activate|p2a: Kingambit|ability: Supreme Overlord
|-start|p2a: Kingambit|fallen4|[silent]
|turn|19
|
|t:|1743916663
|switch|p1a: Great Tusk|Great Tusk|100/100
|move|p2a: Kingambit|Iron Head|p1a: Great Tusk
|-damage|p1a: Great Tusk|62/100
|
|upkeep
|turn|20
|inactive|Sk1tt3n has 120 seconds left.
|
|t:|1743916718
|-end|p2a: Kingambit|fallen4|[silent]
|switch|p2a: Great Tusk|Great Tusk|100/100
|move|p1a: Great Tusk|Headlong Rush|p2a: Great Tusk
|-damage|p2a: Great Tusk|66/100
|-unboost|p1a: Great Tusk|def|1
|-unboost|p1a: Great Tusk|spd|1
|
|upkeep
|turn|21
|inactive|Sk1tt3n has 90 seconds left.
|
|t:|1743916744
|move|p2a: Great Tusk|Ice Spinner|p1a: Great Tusk
|-supereffective|p1a: Great Tusk
|-damage|p1a: Great Tusk|22/100
|move|p1a: Great Tusk|Rapid Spin|p2a: Great Tusk
|-crit|p2a: Great Tusk
|-damage|p2a: Great Tusk|52/100
|-boost|p1a: Great Tusk|spe|1
|-sideend|p1: Sk1tt3n|Spikes|[from] move: Rapid Spin|[of] p1a: Great Tusk
|
|upkeep
|turn|22
|
|t:|1743916757
|-end|p1a: Great Tusk|Protosynthesis|[silent]
|switch|p1a: Beyoncé|Hoopa-Unbound|100/100
|move|p2a: Great Tusk|Rapid Spin|p1a: Beyoncé
|-damage|p1a: Beyoncé|85/100
|-boost|p2a: Great Tusk|spe|1
|
|upkeep
|turn|23
|
|t:|1743916765
|move|p2a: Great Tusk|Headlong Rush|p1a: Beyoncé
|-damage|p1a: Beyoncé|28/100
|-unboost|p2a: Great Tusk|def|1
|-unboost|p2a: Great Tusk|spd|1
|move|p1a: Beyoncé|Psychic Noise|p2a: Great Tusk
|-supereffective|p2a: Great Tusk
|-damage|p2a: Great Tusk|0 fnt
|faint|p2a: Great Tusk
|-end|p2a: Great Tusk|Protosynthesis|[silent]
|
|upkeep
|
|t:|1743916776
|switch|p2a: Kingambit|Kingambit, F|100/100
|-activate|p2a: Kingambit|ability: Supreme Overlord
|-start|p2a: Kingambit|fallen5|[silent]
|turn|24
|
|t:|1743916782
|switch|p1a: Great Tusk|Great Tusk|22/100
|move|p2a: Kingambit|Swords Dance|p2a: Kingambit
|-boost|p2a: Kingambit|atk|2
|
|upkeep
|turn|25
|
|t:|1743916789
|move|p2a: Kingambit|Sucker Punch|p1a: Great Tusk
|-resisted|p1a: Great Tusk
|-damage|p1a: Great Tusk|0 fnt
|faint|p1a: Great Tusk
|-end|p1a: Great Tusk|Protosynthesis|[silent]
|
|upkeep
|
|t:|1743916803
|switch|p1a: Dragapult|Dragapult, M|100/100
|turn|26
|
|t:|1743916807
|-terastallize|p1a: Dragapult|Fairy
|move|p2a: Kingambit|Sucker Punch|p1a: Dragapult
|-resisted|p1a: Dragapult
|-damage|p1a: Dragapult|14/100
|move|p1a: Dragapult|Flamethrower|p2a: Kingambit
|-supereffective|p2a: Kingambit
|-damage|p2a: Kingambit|15/100
|
|-heal|p2a: Kingambit|21/100|[from] item: Leftovers
|upkeep
|turn|27
|
|t:|1743916818
|move|p2a: Kingambit|Sucker Punch|p1a: Dragapult
|-resisted|p1a: Dragapult
|-crit|p1a: Dragapult
|-damage|p1a: Dragapult|0 fnt
|faint|p1a: Dragapult
|
|-heal|p2a: Kingambit|27/100|[from] item: Leftovers
|upkeep
|
|t:|1743916820
|switch|p1a: Denji|Lokix, M|41/100
|turn|28
|
|t:|1743916828
|move|p1a: Denji|First Impression|p2a: Kingambit
|-damage|p2a: Kingambit|0 fnt
|faint|p2a: Kingambit
|-end|p2a: Kingambit|fallen5|[silent]
|
|win|Sk1tt3n
|raw|Sk1tt3n's rating: 1539 &rarr; <strong>1558</strong><br />(+19 for winning)
|raw|norebuhl's rating: 1515 &rarr; <strong>1496</strong><br />(-19 for losing)
|c|☆Sk1tt3n|gg
|l|‽norebuhl
|player|p2|
