|j|☆Jesus is L0RD amen
|j|☆gonichupamatracas
|t:|1743903092
|gametype|singles
|player|p1|Jesus is L0RD amen|1|1336
|player|p2|gonichupamatracas|shadowtriad|1349
|teamsize|p1|6
|teamsize|p2|6
|gen|9
|tier|[Gen 9] OU
|rated|
|rule|HP Percentage Mod: HP is shown in percentages
|rule|Endless Battle Clause: Forcing endless battles is banned
|rule|Species Clause: Limit one of each Pokémon
|rule|OHKO Clause: OHKO moves are banned
|rule|Evasion Items Clause: Evasion items are banned
|rule|Evasion Moves Clause: Evasion moves are banned
|rule|Sleep Moves Clause: Sleep-inducing moves are banned
|clearpoke
|poke|p1|Blaziken, M|
|poke|p1|Azelf|
|poke|p1|Uxie|
|poke|p1|Iron Moth|
|poke|p1|Quaquaval, M|
|poke|p1|Diancie|
|poke|p2|Vikavolt, F|
|poke|p2|Iron Valiant|
|poke|p2|Tyranitar, F|
|poke|p2|Dragapult, M|
|poke|p2|Pecharunt|
|poke|p2|Cinderace, M|
|teampreview
|inactive|Battle timer is ON: inactive players will automatically lose when time's up. (requested by Jesus is L0RD amen)
|
|t:|1743903115
|start
|switch|p1a: Azelf|Azelf, shiny|100/100
|switch|p2a: Tyranitar|Tyranitar, F|100/100
|-weather|Sandstorm|[from] ability: Sand Stream|[of] p2a: Tyranitar
|turn|1
|
|t:|1743903122
|move|p1a: Azelf|Explosion|p2a: Tyranitar
|-resisted|p2a: Tyranitar
|-damage|p2a: Tyranitar|46/100
|faint|p1a: Azelf
|move|p2a: Tyranitar|Knock Off|p1: Azelf|[notarget]
|-fail|p2a: Tyranitar
|
|-weather|Sandstorm|[upkeep]
|upkeep
|
|t:|1743903129
|switch|p1a: Quaquaval|Quaquaval, M, shiny|100/100
|turn|2
|
|t:|1743903136
|switch|p2a: Pecharunt|Pecharunt|100/100
|-item|p2a: Pecharunt|Air Balloon
|move|p1a: Quaquaval|Aqua Step|p2a: Pecharunt
|-damage|p2a: Pecharunt|75/100
|-boost|p1a: Quaquaval|spe|1
|-enditem|p2a: Pecharunt|Air Balloon
|
|-weather|Sandstorm|[upkeep]
|-damage|p1a: Quaquaval|94/100|[from] Sandstorm
|-damage|p2a: Pecharunt|69/100|[from] Sandstorm
|upkeep
|turn|3
|
|t:|1743903147
|move|p1a: Quaquaval|Knock Off|p2a: Pecharunt
|-supereffective|p2a: Pecharunt
|-damage|p2a: Pecharunt|40/100
|move|p2a: Pecharunt|Malignant Chain|p1a: Quaquaval
|-damage|p1a: Quaquaval|41/100
|
|-weather|Sandstorm|[upkeep]
|-damage|p1a: Quaquaval|35/100|[from] Sandstorm
|-damage|p2a: Pecharunt|34/100|[from] Sandstorm
|upkeep
|turn|4
|
|t:|1743903165
|move|p1a: Quaquaval|Aqua Step|p2a: Pecharunt
|-damage|p2a: Pecharunt|7/100
|-boost|p1a: Quaquaval|spe|1
|move|p2a: Pecharunt|Malignant Chain|p1a: Quaquaval
|-crit|p1a: Quaquaval
|-damage|p1a: Quaquaval|0 fnt
|faint|p1a: Quaquaval
|
|-weather|Sandstorm|[upkeep]
|-damage|p2a: Pecharunt|1/100|[from] Sandstorm
|upkeep
|
|t:|1743903172
|switch|p1a: Blaziken|Blaziken, M, shiny|100/100
|turn|5
|
|t:|1743903177
|move|p1a: Blaziken|Swords Dance|p1a: Blaziken
|-boost|p1a: Blaziken|atk|2
|move|p2a: Pecharunt|Malignant Chain|p1a: Blaziken
|-damage|p1a: Blaziken|48/100
|-status|p1a: Blaziken|tox
|-start|p1a: Blaziken|confusion|[from] ability: Poison Puppeteer|[of] p2a: Pecharunt
|
|-weather|none
|-damage|p1a: Blaziken|42/100 tox|[from] psn
|-ability|p1a: Blaziken|Speed Boost|boost
|-boost|p1a: Blaziken|spe|1
|upkeep
|turn|6
|
|t:|1743903189
|-activate|p1a: Blaziken|confusion
|move|p1a: Blaziken|Flare Blitz|p2a: Pecharunt
|-damage|p2a: Pecharunt|0 fnt
|faint|p2a: Pecharunt
|-damage|p1a: Blaziken|42/100 tox|[from] Recoil
|
|-damage|p1a: Blaziken|30/100 tox|[from] psn
|-ability|p1a: Blaziken|Speed Boost|boost
|-boost|p1a: Blaziken|spe|1
|upkeep
|
|t:|1743903201
|switch|p2a: Dragapult|Dragapult, M, shiny|100/100
|turn|7
|
|t:|1743903209
|move|p2a: Dragapult|Sucker Punch|p1a: Blaziken
|-resisted|p1a: Blaziken
|-damage|p1a: Blaziken|11/100 tox
|-activate|p1a: Blaziken|confusion
|move|p1a: Blaziken|Flare Blitz|p2a: Dragapult
|-resisted|p2a: Dragapult
|-damage|p2a: Dragapult|5/100
|-damage|p1a: Blaziken|0 fnt|[from] Recoil
|faint|p1a: Blaziken
|
|upkeep
|
|t:|1743903215
|switch|p1a: Iron Moth|Iron Moth, shiny|100/100
|-enditem|p1a: Iron Moth|Booster Energy
|-activate|p1a: Iron Moth|ability: Quark Drive|[fromitem]
|-start|p1a: Iron Moth|quarkdrivespe
|turn|8
|
|t:|1743903221
|move|p1a: Iron Moth|Fiery Dance|p2a: Dragapult
|-resisted|p2a: Dragapult
|-crit|p2a: Dragapult
|-damage|p2a: Dragapult|0 fnt
|-boost|p1a: Iron Moth|spa|1
|faint|p2a: Dragapult
|
|upkeep
|
|t:|1743903227
|switch|p2a: Tyranitar|Tyranitar, F|46/100
|-weather|Sandstorm|[from] ability: Sand Stream|[of] p2a: Tyranitar
|turn|9
|
|t:|1743903234
|move|p1a: Iron Moth|Dazzling Gleam|p2a: Tyranitar
|-supereffective|p2a: Tyranitar
|-damage|p2a: Tyranitar|16/100
|move|p2a: Tyranitar|Earthquake|p1a: Iron Moth
|-supereffective|p1a: Iron Moth
|-damage|p1a: Iron Moth|0 fnt
|faint|p1a: Iron Moth
|-end|p1a: Iron Moth|Quark Drive|[silent]
|
|-weather|Sandstorm|[upkeep]
|upkeep
|
|t:|1743903241
|switch|p1a: Uxie|Uxie, shiny|100/100
|turn|10
|
|t:|1743903245
|move|p1a: Uxie|Reflect|p1a: Uxie
|-sidestart|p1: Jesus is L0RD amen|Reflect
|move|p2a: Tyranitar|Knock Off|p1a: Uxie
|-supereffective|p1a: Uxie
|-damage|p1a: Uxie|58/100
|-enditem|p1a: Uxie|Light Clay|[from] move: Knock Off|[of] p2a: Tyranitar
|
|-weather|Sandstorm|[upkeep]
|-damage|p1a: Uxie|52/100|[from] Sandstorm
|upkeep
|turn|11
|
|t:|1743903253
|move|p1a: Uxie|Light Screen|p1a: Uxie
|-sidestart|p1: Jesus is L0RD amen|move: Light Screen
|move|p2a: Tyranitar|Stone Edge|p1a: Uxie|[miss]
|-miss|p2a: Tyranitar|p1a: Uxie
|
|-weather|Sandstorm|[upkeep]
|-damage|p1a: Uxie|46/100|[from] Sandstorm
|upkeep
|turn|12
|
|t:|1743903259
|move|p1a: Uxie|Memento|p2a: Tyranitar
|-unboost|p2a: Tyranitar|atk|2
|-unboost|p2a: Tyranitar|spa|2
|faint|p1a: Uxie
|move|p2a: Tyranitar|Stone Edge|p1: Uxie|[notarget]
|-fail|p2a: Tyranitar
|
|-weather|Sandstorm|[upkeep]
|upkeep
|
|t:|1743903267
|switch|p1a: Diancie|Diancie, shiny|100/100
|turn|13
|
|t:|1743903276
|-terastallize|p1a: Diancie|Steel
|move|p2a: Tyranitar|Earthquake|p1a: Diancie
|-supereffective|p1a: Diancie
|-damage|p1a: Diancie|83/100
|move|p1a: Diancie|Calm Mind|p1a: Diancie
|-boost|p1a: Diancie|spa|1
|-boost|p1a: Diancie|spd|1
|
|-weather|none
|-heal|p1a: Diancie|90/100|[from] item: Leftovers
|upkeep
|turn|14
|
|t:|1743903284
|move|p2a: Tyranitar|Earthquake|p1a: Diancie
|-supereffective|p1a: Diancie
|-damage|p1a: Diancie|71/100
|move|p1a: Diancie|Iron Defense|p1a: Diancie
|-boost|p1a: Diancie|def|2
|
|-heal|p1a: Diancie|78/100|[from] item: Leftovers
|upkeep
|turn|15
|
|t:|1743903291
|move|p2a: Tyranitar|Earthquake|p1a: Diancie
|-supereffective|p1a: Diancie
|-damage|p1a: Diancie|69/100
|move|p1a: Diancie|Iron Defense|p1a: Diancie
|-boost|p1a: Diancie|def|2
|
|-heal|p1a: Diancie|75/100|[from] item: Leftovers
|-sideend|p1: Jesus is L0RD amen|move: Light Screen
|upkeep
|turn|16
|
|t:|1743903303
|move|p2a: Tyranitar|Earthquake|p1a: Diancie
|-supereffective|p1a: Diancie
|-damage|p1a: Diancie|69/100
|move|p1a: Diancie|Calm Mind|p1a: Diancie
|-boost|p1a: Diancie|spa|1
|-boost|p1a: Diancie|spd|1
|
|-heal|p1a: Diancie|75/100|[from] item: Leftovers
|upkeep
|turn|17
|
|t:|1743903307
|move|p2a: Tyranitar|Earthquake|p1a: Diancie
|-supereffective|p1a: Diancie
|-damage|p1a: Diancie|69/100
|move|p1a: Diancie|Iron Defense|p1a: Diancie
|-boost|p1a: Diancie|def|2
|
|-heal|p1a: Diancie|75/100|[from] item: Leftovers
|-sideend|p1: Jesus is L0RD amen|Reflect
|upkeep
|turn|18
|
|t:|1743903313
|move|p2a: Tyranitar|Earthquake|p1a: Diancie
|-supereffective|p1a: Diancie
|-damage|p1a: Diancie|66/100
|move|p1a: Diancie|Calm Mind|p1a: Diancie
|-boost|p1a: Diancie|spa|1
|-boost|p1a: Diancie|spd|1
|
|-heal|p1a: Diancie|72/100|[from] item: Leftovers
|upkeep
|turn|19
|
|t:|1743903324
|move|p2a: Tyranitar|Earthquake|p1a: Diancie
|-supereffective|p1a: Diancie
|-damage|p1a: Diancie|63/100
|move|p1a: Diancie|Calm Mind|p1a: Diancie
|-boost|p1a: Diancie|spa|1
|-boost|p1a: Diancie|spd|1
|
|-heal|p1a: Diancie|69/100|[from] item: Leftovers
|upkeep
|turn|20
|
|t:|1743903330
|move|p2a: Tyranitar|Knock Off|p1a: Diancie
|-damage|p1a: Diancie|63/100
|-enditem|p1a: Diancie|Leftovers|[from] move: Knock Off|[of] p2a: Tyranitar
|move|p1a: Diancie|Draining Kiss|p2a: Tyranitar
|-supereffective|p2a: Tyranitar
|-crit|p2a: Tyranitar
|-damage|p2a: Tyranitar|0 fnt
|-heal|p1a: Diancie|82/100|[from] drain|[of] p2a: Tyranitar
|faint|p2a: Tyranitar
|
|upkeep
|
|t:|1743903350
|switch|p2a: Vikavolt|Vikavolt, F|100/100
|turn|21
|
|t:|1743903354
|move|p1a: Diancie|Draining Kiss|p2a: Vikavolt
|-damage|p2a: Vikavolt|52/100
|-heal|p1a: Diancie|100/100|[from] drain|[of] p2a: Vikavolt
|move|p2a: Vikavolt|Thunderbolt|p1a: Diancie
|-damage|p1a: Diancie|84/100
|
|upkeep
|turn|22
|-message|gonichupamatracas forfeited.
|
|win|Jesus is L0RD amen
|raw|Jesus is L0RD amen's rating: 1336 &rarr; <strong>1357</strong><br />(+21 for winning)
|raw|gonichupamatracas's rating: 1349 &rarr; <strong>1328</strong><br />(-21 for losing)
|l|☆gonichupamatracas
|player|p2|
|l|☆Jesus is L0RD amen
|player|p1|
