|j|☆medicang
|j|☆stacyannglick
|t:|1743798727
|gametype|singles
|player|p1|medicang|workerice|1537
|player|p2|stacyannglick|parasollady|1619
|teamsize|p1|6
|teamsize|p2|6
|gen|9
|tier|[Gen 9] OU
|rated|
|rule|HP Percentage Mod: HP is shown in percentages
|rule|Endless Battle Clause: Forcing endless battles is banned
|rule|Species Clause: Limit one of each Pokémon
|rule|OHKO Clause: OHKO moves are banned
|rule|Evasion Items Clause: Evasion items are banned
|rule|Evasion Moves Clause: Evasion moves are banned
|rule|Sleep Moves Clause: Sleep-inducing moves are banned
|clearpoke
|poke|p1|Blissey, F|
|poke|p1|Alomomola, M|
|poke|p1|Gliscor, F|
|poke|p1|Skarmory, F|
|poke|p1|Kingambit, M|
|poke|p1|Venusaur, F|
|poke|p2|Pelipper, F|
|poke|p2|Barraskewda, F|
|poke|p2|Iron Treads|
|poke|p2|Thundurus-Therian, M|
|poke|p2|Greninja-*, M|
|poke|p2|Volcanion|
|teampreview
|
|t:|1743798742
|start
|switch|p1a: MARK S|Gliscor, F|100/100
|switch|p2a: Volcanion|Volcanion|100/100
|turn|1
|
|t:|1743798754
|-terastallize|p1a: MARK S|Water
|move|p1a: MARK S|Toxic|p2a: Volcanion
|-status|p2a: Volcanion|tox
|move|p2a: Volcanion|Steam Eruption|p1a: MARK S
|-resisted|p1a: MARK S
|-damage|p1a: MARK S|60/100
|
|-damage|p2a: Volcanion|94/100 tox|[from] psn
|-status|p1a: MARK S|tox|[from] item: Toxic Orb
|upkeep
|turn|2
|
|t:|1743798766
|switch|p2a: tonkatruck|Iron Treads|100/100
|-enditem|p2a: tonkatruck|Booster Energy
|-activate|p2a: tonkatruck|ability: Quark Drive|[fromitem]
|-start|p2a: tonkatruck|quarkdrivespe
|move|p1a: MARK S|Protect||[still]
|-fail|p1a: MARK S
|
|-heal|p1a: MARK S|72/100 tox|[from] ability: Poison Heal
|upkeep
|turn|3
|
|t:|1743798775
|move|p2a: tonkatruck|Stealth Rock|p1a: MARK S
|-sidestart|p1: medicang|move: Stealth Rock
|move|p1a: MARK S|Spikes|p2a: tonkatruck
|-sidestart|p2: stacyannglick|Spikes
|
|-heal|p1a: MARK S|85/100 tox|[from] ability: Poison Heal
|upkeep
|turn|4
|l|☆stacyannglick
|player|p2|
|j|☆stacyannglick
|player|p2|stacyannglick|parasollady|
|
|t:|1743798803
|switch|p1a: MISTER MILCHIK|Skarmory, F|100/100
|-damage|p1a: MISTER MILCHIK|88/100|[from] Stealth Rock
|move|p2a: tonkatruck|Rapid Spin|p1a: MISTER MILCHIK
|-resisted|p1a: MISTER MILCHIK
|-damage|p1a: MISTER MILCHIK|83/100
|-boost|p2a: tonkatruck|spe|1
|-damage|p2a: tonkatruck|84/100|[from] item: Rocky Helmet|[of] p1a: MISTER MILCHIK
|-sideend|p2: stacyannglick|Spikes|[from] move: Rapid Spin|[of] p2a: tonkatruck
|
|upkeep
|turn|5
|
|t:|1743798814
|-end|p2a: tonkatruck|Quark Drive|[silent]
|switch|p2a: Volcanion|Volcanion|94/100 tox
|move|p1a: MISTER MILCHIK|Stealth Rock|p2a: Volcanion
|-sidestart|p2: stacyannglick|move: Stealth Rock
|
|-damage|p2a: Volcanion|88/100 tox|[from] psn
|upkeep
|turn|6
|
|t:|1743798824
|switch|p1a: HELLY R|Blissey, F|100/100
|move|p2a: Volcanion|Sludge Bomb|p1a: HELLY R
|-damage|p1a: HELLY R|85/100
|-status|p1a: HELLY R|psn
|
|-damage|p2a: Volcanion|76/100 tox|[from] psn
|-damage|p1a: HELLY R|73/100 psn|[from] psn
|upkeep
|turn|7
|
|t:|1743798831
|switch|p2a: tonkatruck|Iron Treads|84/100
|-damage|p2a: tonkatruck|81/100|[from] Stealth Rock
|move|p1a: HELLY R|Seismic Toss|p2a: tonkatruck
|-damage|p2a: tonkatruck|50/100
|
|-damage|p1a: HELLY R|61/100 psn|[from] psn
|upkeep
|turn|8
|
|t:|1743798837
|-curestatus|p1a: HELLY R|psn|[from] ability: Natural Cure
|switch|p1a: MISTER MILCHIK|Skarmory, F|83/100
|-damage|p1a: MISTER MILCHIK|71/100|[from] Stealth Rock
|move|p2a: tonkatruck|Rapid Spin|p1a: MISTER MILCHIK
|-resisted|p1a: MISTER MILCHIK
|-damage|p1a: MISTER MILCHIK|65/100
|-boost|p2a: tonkatruck|spe|1
|-damage|p2a: tonkatruck|33/100|[from] item: Rocky Helmet|[of] p1a: MISTER MILCHIK
|-sideend|p2: stacyannglick|Stealth Rock|[from] move: Rapid Spin|[of] p2a: tonkatruck
|
|upkeep
|turn|9
|
|t:|1743798844
|-end|p2a: tonkatruck|Quark Drive|[silent]
|switch|p2a: stacy’s ace stace|Thundurus-Therian, M|100/100
|move|p1a: MISTER MILCHIK|Roost|p1a: MISTER MILCHIK
|-heal|p1a: MISTER MILCHIK|100/100
|-singleturn|p1a: MISTER MILCHIK|move: Roost
|
|upkeep
|turn|10
|
|t:|1743798847
|switch|p1a: HELLY R|Blissey, F|61/100
|move|p2a: stacy’s ace stace|Substitute|p2a: stacy’s ace stace
|-start|p2a: stacy’s ace stace|Substitute
|-damage|p2a: stacy’s ace stace|76/100
|
|-heal|p2a: stacy’s ace stace|82/100|[from] item: Leftovers
|upkeep
|turn|11
|
|t:|1743798851
|move|p2a: stacy’s ace stace|Nasty Plot|p2a: stacy’s ace stace
|-boost|p2a: stacy’s ace stace|spa|2
|move|p1a: HELLY R|Calm Mind|p1a: HELLY R
|-boost|p1a: HELLY R|spa|1
|-boost|p1a: HELLY R|spd|1
|
|-heal|p2a: stacy’s ace stace|88/100|[from] item: Leftovers
|upkeep
|turn|12
|
|t:|1743798857
|move|p2a: stacy’s ace stace|Nasty Plot|p2a: stacy’s ace stace
|-boost|p2a: stacy’s ace stace|spa|2
|move|p1a: HELLY R|Calm Mind|p1a: HELLY R
|-boost|p1a: HELLY R|spa|1
|-boost|p1a: HELLY R|spd|1
|
|-heal|p2a: stacy’s ace stace|94/100|[from] item: Leftovers
|upkeep
|turn|13
|
|t:|1743798860
|move|p2a: stacy’s ace stace|Thunder|p1a: HELLY R
|-damage|p1a: HELLY R|30/100
|move|p1a: HELLY R|Calm Mind|p1a: HELLY R
|-boost|p1a: HELLY R|spa|1
|-boost|p1a: HELLY R|spd|1
|
|-heal|p2a: stacy’s ace stace|99/100|[from] item: Leftovers
|upkeep
|turn|14
|
|t:|1743798865
|move|p2a: stacy’s ace stace|Thunder|p1a: HELLY R
|-damage|p1a: HELLY R|5/100
|move|p1a: HELLY R|Soft-Boiled|p1a: HELLY R
|-heal|p1a: HELLY R|55/100
|
|-heal|p2a: stacy’s ace stace|100/100|[from] item: Leftovers
|upkeep
|turn|15
|
|t:|1743798870
|move|p2a: stacy’s ace stace|Nasty Plot|p2a: stacy’s ace stace
|-boost|p2a: stacy’s ace stace|spa|2
|move|p1a: HELLY R|Soft-Boiled|p1a: HELLY R
|-heal|p1a: HELLY R|100/100
|
|upkeep
|turn|16
|
|t:|1743798871
|move|p2a: stacy’s ace stace|Thunder|p1a: HELLY R|[miss]
|-miss|p2a: stacy’s ace stace|p1a: HELLY R
|move|p1a: HELLY R|Calm Mind|p1a: HELLY R
|-boost|p1a: HELLY R|spa|1
|-boost|p1a: HELLY R|spd|1
|
|upkeep
|turn|17
|
|t:|1743798875
|move|p2a: stacy’s ace stace|Thunder|p1a: HELLY R
|-damage|p1a: HELLY R|73/100
|move|p1a: HELLY R|Flamethrower|p2a: stacy’s ace stace
|-end|p2a: stacy’s ace stace|Substitute
|
|upkeep
|turn|18
|
|t:|1743798888
|switch|p2a: Volcanion|Volcanion|76/100 tox
|move|p1a: HELLY R|Flamethrower|p2a: Volcanion
|-resisted|p2a: Volcanion
|-damage|p2a: Volcanion|64/100 tox
|
|-damage|p2a: Volcanion|58/100 tox|[from] psn
|upkeep
|turn|19
|
|t:|1743798893
|move|p2a: Volcanion|Steam Eruption|p1a: HELLY R
|-damage|p1a: HELLY R|63/100
|-status|p1a: HELLY R|brn
|move|p1a: HELLY R|Seismic Toss|p2a: Volcanion
|-damage|p2a: Volcanion|31/100 tox
|
|-damage|p2a: Volcanion|19/100 tox|[from] psn
|-damage|p1a: HELLY R|57/100 brn|[from] brn
|upkeep
|turn|20
|
|t:|1743798900
|move|p2a: Volcanion|Steam Eruption|p1a: HELLY R
|-damage|p1a: HELLY R|48/100 brn
|move|p1a: HELLY R|Soft-Boiled|p1a: HELLY R
|-heal|p1a: HELLY R|98/100 brn
|
|-damage|p2a: Volcanion|0 fnt|[from] psn
|faint|p2a: Volcanion
|-damage|p1a: HELLY R|91/100 brn|[from] brn
|upkeep
|inactive|Battle timer is ON: inactive players will automatically lose when time's up. (requested by medicang)
|
|t:|1743798907
|switch|p2a: glindseylou|Barraskewda, F, shiny|100/100
|turn|21
|
|t:|1743798910
|-curestatus|p1a: HELLY R|brn|[from] ability: Natural Cure
|switch|p1a: MS. COBEL|Alomomola, M|100/100
|move|p2a: glindseylou|Flip Turn|p1a: MS. COBEL
|-resisted|p1a: MS. COBEL
|-damage|p1a: MS. COBEL|88/100
|
|t:|1743798917
|switch|p2a: stacy’s ace stace|Thundurus-Therian, M|100/100|[from] Flip Turn
|
|upkeep
|turn|22
|
|t:|1743798922
|switch|p1a: HELLY R|Blissey, F|91/100
|move|p2a: stacy’s ace stace|Substitute|p2a: stacy’s ace stace
|-start|p2a: stacy’s ace stace|Substitute
|-damage|p2a: stacy’s ace stace|76/100
|
|-heal|p2a: stacy’s ace stace|82/100|[from] item: Leftovers
|upkeep
|turn|23
|
|t:|1743798925
|move|p2a: stacy’s ace stace|Nasty Plot|p2a: stacy’s ace stace
|-boost|p2a: stacy’s ace stace|spa|2
|move|p1a: HELLY R|Seismic Toss|p2a: stacy’s ace stace
|-end|p2a: stacy’s ace stace|Substitute
|
|-heal|p2a: stacy’s ace stace|88/100|[from] item: Leftovers
|upkeep
|turn|24
|
|t:|1743798928
|move|p2a: stacy’s ace stace|Thunder|p1a: HELLY R
|-damage|p1a: HELLY R|48/100
|-status|p1a: HELLY R|par
|move|p1a: HELLY R|Calm Mind|p1a: HELLY R
|-boost|p1a: HELLY R|spa|1
|-boost|p1a: HELLY R|spd|1
|
|-heal|p2a: stacy’s ace stace|94/100|[from] item: Leftovers
|upkeep
|turn|25
|
|t:|1743798936
|move|p2a: stacy’s ace stace|Substitute|p2a: stacy’s ace stace
|-start|p2a: stacy’s ace stace|Substitute
|-damage|p2a: stacy’s ace stace|69/100
|move|p1a: HELLY R|Soft-Boiled|p1a: HELLY R
|-heal|p1a: HELLY R|98/100 par
|
|-heal|p2a: stacy’s ace stace|75/100|[from] item: Leftovers
|upkeep
|turn|26
|
|t:|1743798942
|move|p2a: stacy’s ace stace|Nasty Plot|p2a: stacy’s ace stace
|-boost|p2a: stacy’s ace stace|spa|2
|cant|p1a: HELLY R|par
|
|-heal|p2a: stacy’s ace stace|81/100|[from] item: Leftovers
|upkeep
|turn|27
|
|t:|1743798945
|move|p2a: stacy’s ace stace|Thunder|p1a: HELLY R
|-damage|p1a: HELLY R|55/100 par
|move|p1a: HELLY R|Calm Mind|p1a: HELLY R
|-boost|p1a: HELLY R|spa|1
|-boost|p1a: HELLY R|spd|1
|
|-heal|p2a: stacy’s ace stace|87/100|[from] item: Leftovers
|upkeep
|turn|28
|
|t:|1743798953
|move|p2a: stacy’s ace stace|Thunder|p1a: HELLY R
|-damage|p1a: HELLY R|24/100 par
|move|p1a: HELLY R|Soft-Boiled|p1a: HELLY R
|-heal|p1a: HELLY R|74/100 par
|
|-heal|p2a: stacy’s ace stace|93/100|[from] item: Leftovers
|upkeep
|turn|29
|
|t:|1743798969
|move|p2a: stacy’s ace stace|Thunder|p1a: HELLY R
|-crit|p1a: HELLY R
|-damage|p1a: HELLY R|0 fnt
|faint|p1a: HELLY R
|
|-heal|p2a: stacy’s ace stace|99/100|[from] item: Leftovers
|upkeep
|
|t:|1743798971
|switch|p1a: DYLAN G|Venusaur, F|100/100
|turn|30
|
|t:|1743798981
|move|p2a: stacy’s ace stace|Thunder|p1a: DYLAN G
|-resisted|p1a: DYLAN G
|-damage|p1a: DYLAN G|0 fnt
|faint|p1a: DYLAN G
|
|-heal|p2a: stacy’s ace stace|100/100|[from] item: Leftovers
|upkeep
|-message|medicang forfeited.
|
|win|stacyannglick
|raw|medicang's rating: 1537 &rarr; <strong>1522</strong><br />(-15 for losing)
|raw|stacyannglick's rating: 1619 &rarr; <strong>1634</strong><br />(+15 for winning)
|l|☆medicang
|player|p1|
|l|☆stacyannglick
|player|p2|
|j|☆stacyannglick
|player|p2|stacyannglick|parasollady|
|l|☆stacyannglick
|player|p2|
