|j|☆Edk895
|j|☆iwanttowinthisgame
|t:|1743790552
|gametype|singles
|player|p1|Edk895|266|1416
|player|p2|iwanttowinthisgame|clerk|1356
|teamsize|p1|6
|teamsize|p2|6
|gen|9
|tier|[Gen 9] OU
|rated|
|rule|HP Percentage Mod: HP is shown in percentages
|rule|Endless Battle Clause: Forcing endless battles is banned
|rule|Species Clause: Limit one of each Pokémon
|rule|OHKO Clause: OHKO moves are banned
|rule|Evasion Items Clause: Evasion items are banned
|rule|Evasion Moves Clause: Evasion moves are banned
|rule|Sleep Moves Clause: Sleep-inducing moves are banned
|clearpoke
|poke|p1|Abomasnow, F|
|poke|p1|Zamazenta-*|
|poke|p1|Dragonite, F|
|poke|p1|Deoxys-Speed|
|poke|p1|Pecharunt|
|poke|p1|Iron Valiant|
|poke|p2|Enamorus, F|
|poke|p2|Great Tusk|
|poke|p2|Kingambit, F|
|poke|p2|Ogerpon-Wellspring, F|
|poke|p2|Raging Bolt|
|poke|p2|Slowking-Galar, M|
|teampreview
|
|t:|1743790561
|start
|switch|p1a: Deoxys|Deoxys-Speed|100/100
|switch|p2a: Raging Bolt|Raging Bolt|100/100
|-ability|p1a: Deoxys|Pressure
|turn|1
|
|t:|1743790567
|move|p1a: Deoxys|Stealth Rock|p2a: Raging Bolt
|-sidestart|p2: iwanttowinthisgame|move: Stealth Rock
|move|p2a: Raging Bolt|Volt Switch|p1a: Deoxys
|-damage|p1a: Deoxys|49/100
|
|t:|1743790586
|-end|p2a: Raging Bolt|Protosynthesis|[silent]
|switch|p2a: Ogerpon|Ogerpon-Wellspring, F|100/100|[from] Volt Switch
|-damage|p2a: Ogerpon|88/100|[from] Stealth Rock
|
|upkeep
|turn|2
|
|t:|1743790591
|move|p1a: Deoxys|Spikes|p2a: Ogerpon
|-sidestart|p2: iwanttowinthisgame|Spikes
|move|p2a: Ogerpon|U-turn|p1a: Deoxys
|-supereffective|p1a: Deoxys
|-damage|p1a: Deoxys|0 fnt
|faint|p1a: Deoxys
|
|t:|1743790655
|switch|p2a: Raging Bolt|Raging Bolt|100/100|[from] U-turn
|-damage|p2a: Raging Bolt|88/100|[from] Stealth Rock
|-damage|p2a: Raging Bolt|76/100|[from] Spikes
|
|-heal|p2a: Raging Bolt|82/100|[from] item: Leftovers
|upkeep
|
|t:|1743790662
|switch|p1a: Abomasnow|Abomasnow, F|100/100
|-weather|Snowscape|[from] ability: Snow Warning|[of] p1a: Abomasnow
|turn|3
|inactive|Battle timer is ON: inactive players will automatically lose when time's up. (requested by Edk895)
|
|t:|1743790714
|-terastallize|p2a: Raging Bolt|Electric
|move|p2a: Raging Bolt|Volt Switch|p1a: Abomasnow
|-resisted|p1a: Abomasnow
|-damage|p1a: Abomasnow|70/100
|
|t:|1743790723
|-end|p2a: Raging Bolt|Protosynthesis|[silent]
|switch|p2a: Slowking|Slowking-Galar, M|100/100|[from] Volt Switch
|move|p1a: Abomasnow|Earth Power|p2a: Slowking
|-supereffective|p2a: Slowking
|-damage|p2a: Slowking|61/100
|
|-weather|Snowscape|[upkeep]
|upkeep
|turn|4
|
|t:|1743790729
|switch|p1a: Pecharunt|Pecharunt|100/100
|-prepare|p2a: Slowking|Chilly Reception|[premajor]
|move|p2a: Slowking|Chilly Reception|p2a: Slowking
|
|t:|1743790735
|switch|p2a: Raging Bolt|Raging Bolt, tera:Electric|82/100|[from] Chilly Reception
|-damage|p2a: Raging Bolt|69/100|[from] Stealth Rock
|-damage|p2a: Raging Bolt|57/100|[from] Spikes
|
|-weather|Snowscape|[upkeep]
|-heal|p2a: Raging Bolt|63/100|[from] item: Leftovers
|upkeep
|turn|5
|
|t:|1743790742
|move|p1a: Pecharunt|Parting Shot|p2a: Raging Bolt
|-unboost|p2a: Raging Bolt|atk|1
|-unboost|p2a: Raging Bolt|spa|1
|
|t:|1743790746
|switch|p1a: Abomasnow|Abomasnow, F|70/100|[from] Parting Shot
|move|p2a: Raging Bolt|Volt Switch|p1a: Abomasnow
|-resisted|p1a: Abomasnow
|-damage|p1a: Abomasnow|52/100
|inactive|iwanttowinthisgame has 120 seconds left.
|
|t:|1743790782
|-end|p2a: Raging Bolt|Protosynthesis|[silent]
|switch|p2a: Slowking|Slowking-Galar, M|94/100|[from] Volt Switch
|
|-weather|Snowscape|[upkeep]
|upkeep
|turn|6
|
|t:|1743790788
|move|p1a: Abomasnow|Earth Power|p2a: Slowking
|-supereffective|p2a: Slowking
|-damage|p2a: Slowking|57/100
|move|p2a: Slowking|Flamethrower|p1a: Abomasnow
|-supereffective|p1a: Abomasnow
|-damage|p1a: Abomasnow|0 fnt
|faint|p1a: Abomasnow
|
|-weather|Snowscape|[upkeep]
|upkeep
|
|t:|1743790795
|switch|p1a: Iron Valiant|Iron Valiant|100/100
|-enditem|p1a: Iron Valiant|Booster Energy
|-activate|p1a: Iron Valiant|ability: Quark Drive|[fromitem]
|-start|p1a: Iron Valiant|quarkdrivespe
|turn|7
|
|t:|1743790800
|-terastallize|p1a: Iron Valiant|Steel
|move|p1a: Iron Valiant|Swords Dance|p1a: Iron Valiant
|-boost|p1a: Iron Valiant|atk|2
|-prepare|p2a: Slowking|Chilly Reception|[premajor]
|move|p2a: Slowking|Chilly Reception|p2a: Slowking
|
|t:|1743790806
|switch|p2a: Great Tusk|Great Tusk|100/100|[from] Chilly Reception
|-damage|p2a: Great Tusk|97/100|[from] Stealth Rock
|-damage|p2a: Great Tusk|85/100|[from] Spikes
|
|-weather|none
|-heal|p2a: Great Tusk|91/100|[from] item: Leftovers
|upkeep
|turn|8
|
|t:|1743790814
|move|p1a: Iron Valiant|Spirit Break|p2a: Great Tusk
|-supereffective|p2a: Great Tusk
|-damage|p2a: Great Tusk|16/100
|-unboost|p2a: Great Tusk|spa|1
|move|p2a: Great Tusk|Earthquake|p1a: Iron Valiant
|-supereffective|p1a: Iron Valiant
|-damage|p1a: Iron Valiant|0 fnt
|faint|p1a: Iron Valiant
|-end|p1a: Iron Valiant|Quark Drive|[silent]
|
|-heal|p2a: Great Tusk|22/100|[from] item: Leftovers
|upkeep
|
|t:|1743790826
|switch|p1a: Zamazenta|Zamazenta|100/100
|-ability|p1a: Zamazenta|Dauntless Shield|boost
|-boost|p1a: Zamazenta|def|1
|turn|9
|
|t:|1743790832
|move|p1a: Zamazenta|Body Press|p2a: Great Tusk
|-damage|p2a: Great Tusk|0 fnt
|faint|p2a: Great Tusk
|-end|p2a: Great Tusk|Protosynthesis|[silent]
|
|upkeep
|-message|Edk895 forfeited.
|
|win|iwanttowinthisgame
|raw|Edk895's rating: 1416 &rarr; <strong>1393</strong><br />(-23 for losing)
|raw|iwanttowinthisgame's rating: 1356 &rarr; <strong>1379</strong><br />(+23 for winning)
|l|☆Edk895
|player|p1|
