|j|‽norebuhl
|j|☆LetsgoBrandonJ
|t:|1743900767
|gametype|singles
|player|p1|norebuhl|101|1445
|player|p2|LetsgoBrandonJ|170|1448
|teamsize|p1|6
|teamsize|p2|6
|gen|9
|tier|[Gen 9] OU
|rated|
|rule|HP Percentage Mod: HP is shown in percentages
|rule|Endless Battle Clause: Forcing endless battles is banned
|rule|Species Clause: Limit one of each Pokémon
|rule|OHKO Clause: OHKO moves are banned
|rule|Evasion Items Clause: Evasion items are banned
|rule|Evasion Moves Clause: Evasion moves are banned
|rule|Sleep Moves Clause: Sleep-inducing moves are banned
|clearpoke
|poke|p1|Ceruledge, F|
|poke|p1|Iron Valiant|
|poke|p1|Kingambit, M|
|poke|p1|Samurott-Hisui, F|
|poke|p1|Great Tusk|
|poke|p1|Gholdengo|
|poke|p2|Brute Bonnet|
|poke|p2|Hatterene, F|
|poke|p2|Torkoal, M|
|poke|p2|Walking Wake|
|poke|p2|Kingambit, M|
|poke|p2|Raging Bolt|
|teampreview
|inactive|Battle timer is ON: inactive players will automatically lose when time's up. (requested by norebuhl)
|
|t:|1743900785
|start
|switch|p1a: Samurott|Samurott-Hisui, F|100/100
|switch|p2a: Torkoal|Torkoal, M|100/100
|-weather|SunnyDay|[from] ability: Drought|[of] p2a: Torkoal
|turn|1
|inactive|LetsgoBrandonJ has 120 seconds left.
|inactive|LetsgoBrandonJ has 90 seconds left.
|l|☆LetsgoBrandonJ
|inactive|LetsgoBrandonJ disconnected and has a minute to reconnect!
|player|p2|
|j|☆LetsgoBrandonJ
|inactive|LetsgoBrandonJ reconnected and has 75 seconds left.
|player|p2|LetsgoBrandonJ|170|
|
|t:|1743900866
|switch|p2a: Hatterene|Hatterene, F|100/100
|move|p1a: Samurott|Knock Off|p2a: Hatterene
|-damage|p2a: Hatterene|59/100
|-enditem|p2a: Hatterene|Eject Button|[from] move: Knock Off|[of] p1a: Samurott
|
|-weather|SunnyDay|[upkeep]
|upkeep
|turn|2
|
|t:|1743900876
|move|p1a: Samurott|Ceaseless Edge|p2a: Hatterene
|-damage|p2a: Hatterene|16/100
|-sidestart|p2: LetsgoBrandonJ|Spikes
|move|p2a: Hatterene|Dazzling Gleam|p1a: Samurott
|-supereffective|p1a: Samurott
|-enditem|p1a: Samurott|Focus Sash
|-damage|p1a: Samurott|1/100
|
|-weather|SunnyDay|[upkeep]
|upkeep
|turn|3
|
|t:|1743900888
|move|p1a: Samurott|Ceaseless Edge|p2a: Hatterene
|-damage|p2a: Hatterene|0 fnt
|-sidestart|p2: LetsgoBrandonJ|Spikes
|faint|p2a: Hatterene
|
|-weather|SunnyDay|[upkeep]
|upkeep
|
|t:|1743900896
|switch|p2a: Walking Wake|Walking Wake|100/100
|-damage|p2a: Walking Wake|84/100|[from] Spikes
|-activate|p2a: Walking Wake|ability: Protosynthesis
|-start|p2a: Walking Wake|protosynthesisspe
|turn|4
|
|t:|1743900921
|move|p1a: Samurott|Aqua Jet|p2a: Walking Wake
|-resisted|p2a: Walking Wake
|-damage|p2a: Walking Wake|81/100
|move|p2a: Walking Wake|Hydro Steam|p1a: Samurott
|-resisted|p1a: Samurott
|-damage|p1a: Samurott|0 fnt
|faint|p1a: Samurott
|
|-weather|SunnyDay|[upkeep]
|upkeep
|inactive|norebuhl has 120 seconds left.
|
|t:|1743900933
|switch|p1a: Iron Valiant|Iron Valiant|100/100
|-enditem|p1a: Iron Valiant|Booster Energy
|-activate|p1a: Iron Valiant|ability: Quark Drive|[fromitem]
|-start|p1a: Iron Valiant|quarkdrivespe
|turn|5
|inactive|LetsgoBrandonJ has 90 seconds left.
|
|t:|1743900942
|-terastallize|p2a: Walking Wake|Water
|move|p1a: Iron Valiant|Moonblast|p2a: Walking Wake
|-damage|p2a: Walking Wake|24/100
|move|p2a: Walking Wake|Hydro Steam|p1a: Iron Valiant
|-damage|p1a: Iron Valiant|0 fnt
|faint|p1a: Iron Valiant
|-end|p1a: Iron Valiant|Quark Drive|[silent]
|
|-weather|SunnyDay|[upkeep]
|upkeep
|inactive|norebuhl has 120 seconds left.
|
|t:|1743900959
|switch|p1a: Kingambit|Kingambit, M|100/100
|-activate|p1a: Kingambit|ability: Supreme Overlord
|-start|p1a: Kingambit|fallen2|[silent]
|turn|6
|
|t:|1743900971
|move|p1a: Kingambit|Sucker Punch|p2a: Walking Wake
|-damage|p2a: Walking Wake|0 fnt
|faint|p2a: Walking Wake
|-end|p2a: Walking Wake|Protosynthesis|[silent]
|
|-weather|SunnyDay|[upkeep]
|upkeep
|
|t:|1743900977
|switch|p2a: Raging Bolt|Raging Bolt|100/100
|-damage|p2a: Raging Bolt|84/100|[from] Spikes
|-activate|p2a: Raging Bolt|ability: Protosynthesis
|-start|p2a: Raging Bolt|protosynthesisspa
|turn|7
|
|t:|1743900984
|-end|p1a: Kingambit|fallen2|[silent]
|switch|p1a: Great Tusk|Great Tusk|100/100
|-activate|p1a: Great Tusk|ability: Protosynthesis
|-start|p1a: Great Tusk|protosynthesisspe
|move|p2a: Raging Bolt|Weather Ball|p1a: Great Tusk
|-damage|p1a: Great Tusk|0 fnt
|faint|p1a: Great Tusk
|-end|p1a: Great Tusk|Protosynthesis|[silent]
|
|-weather|SunnyDay|[upkeep]
|-heal|p2a: Raging Bolt|90/100|[from] item: Leftovers
|upkeep
|
|t:|1743900996
|switch|p1a: Gholdengo|Gholdengo|100/100
|turn|8
|
|t:|1743901000
|move|p1a: Gholdengo|Trick|p2a: Raging Bolt
|-activate|p1a: Gholdengo|move: Trick|[of] p2a: Raging Bolt
|-item|p2a: Raging Bolt|Choice Scarf|[from] move: Trick
|-item|p1a: Gholdengo|Leftovers|[from] move: Trick
|move|p2a: Raging Bolt|Weather Ball|p1a: Gholdengo
|-supereffective|p1a: Gholdengo
|-damage|p1a: Gholdengo|0 fnt
|faint|p1a: Gholdengo
|
|-weather|none
|-end|p2a: Raging Bolt|Protosynthesis
|upkeep
|
|t:|1743901009
|switch|p1a: Ceruledge|Ceruledge, F|100/100
|turn|9
|inactive|LetsgoBrandonJ has 120 seconds left.
|
|t:|1743901024
|-end|p2a: Raging Bolt|Protosynthesis|[silent]
|switch|p2a: Torkoal|Torkoal, M|100/100
|-damage|p2a: Torkoal|84/100|[from] Spikes
|-weather|SunnyDay|[from] ability: Drought|[of] p2a: Torkoal
|move|p1a: Ceruledge|Swords Dance|p1a: Ceruledge
|-boost|p1a: Ceruledge|atk|2
|
|-weather|SunnyDay|[upkeep]
|upkeep
|turn|10
|inactive|LetsgoBrandonJ has 120 seconds left.
|
|t:|1743901035
|move|p1a: Ceruledge|Swords Dance|p1a: Ceruledge
|-boost|p1a: Ceruledge|atk|2
|move|p2a: Torkoal|Stealth Rock|p1a: Ceruledge
|-sidestart|p1: norebuhl|move: Stealth Rock
|
|-weather|SunnyDay|[upkeep]
|upkeep
|turn|11
|
|t:|1743901042
|move|p1a: Ceruledge|Swords Dance|p1a: Ceruledge
|-boost|p1a: Ceruledge|atk|2
|move|p2a: Torkoal|Lava Plume|p1a: Ceruledge
|-resisted|p1a: Ceruledge
|-damage|p1a: Ceruledge|79/100
|
|-weather|SunnyDay|[upkeep]
|upkeep
|turn|12
|
|t:|1743901050
|move|p1a: Ceruledge|Bitter Blade|p2a: Torkoal
|-resisted|p2a: Torkoal
|-damage|p2a: Torkoal|2/100
|-heal|p1a: Ceruledge|100/100|[from] drain|[of] p2a: Torkoal
|move|p2a: Torkoal|Lava Plume|p1a: Ceruledge
|-resisted|p1a: Ceruledge
|-damage|p1a: Ceruledge|80/100
|
|-weather|SunnyDay|[upkeep]
|upkeep
|turn|13
|
|t:|1743901060
|move|p1a: Ceruledge|Bitter Blade|p2a: Torkoal
|-resisted|p2a: Torkoal
|-damage|p2a: Torkoal|0 fnt
|-heal|p1a: Ceruledge|81/100|[from] drain|[of] p2a: Torkoal
|faint|p2a: Torkoal
|
|-weather|SunnyDay|[upkeep]
|upkeep
|
|t:|1743901068
|switch|p2a: Acid Trip|Brute Bonnet|100/100
|-damage|p2a: Acid Trip|84/100|[from] Spikes
|-activate|p2a: Acid Trip|ability: Protosynthesis
|-start|p2a: Acid Trip|protosynthesisatk
|turn|14
|
|t:|1743901075
|-terastallize|p1a: Ceruledge|Ghost
|move|p1a: Ceruledge|Shadow Sneak|p2a: Acid Trip
|-resisted|p2a: Acid Trip
|-damage|p2a: Acid Trip|41/100
|move|p2a: Acid Trip|Sucker Punch||[still]
|-fail|p2a: Acid Trip
|
|-weather|SunnyDay|[upkeep]
|upkeep
|turn|15
|
|t:|1743901085
|move|p2a: Acid Trip|Sucker Punch|p1a: Ceruledge
|-supereffective|p1a: Ceruledge
|-damage|p1a: Ceruledge|0 fnt
|faint|p1a: Ceruledge
|
|-weather|SunnyDay|[upkeep]
|upkeep
|-message|norebuhl forfeited.
|
|win|LetsgoBrandonJ
|raw|norebuhl's rating: 1445 &rarr; <strong>1425</strong><br />(-20 for losing)
|raw|LetsgoBrandonJ's rating: 1448 &rarr; <strong>1468</strong><br />(+20 for winning)
|l|‽norebuhl
|player|p1|
|l|☆LetsgoBrandonJ
|player|p2|
