|j|☆backwardmuk
|j|☆tyranitarticuno
|t:|1743921379
|gametype|singles
|player|p1|backwardmuk|veteran-gen4|1611
|player|p2|tyranitarticuno|blue|1553
|teamsize|p1|6
|teamsize|p2|6
|gen|9
|tier|[Gen 9] OU
|rated|
|rule|HP Percentage Mod: HP is shown in percentages
|rule|Endless Battle Clause: Forcing endless battles is banned
|rule|Species Clause: Limit one of each Pokémon
|rule|OHKO Clause: OHKO moves are banned
|rule|Evasion Items Clause: Evasion items are banned
|rule|Evasion Moves Clause: Evasion moves are banned
|rule|Sleep Moves Clause: Sleep-inducing moves are banned
|clearpoke
|poke|p1|Pecharunt|
|poke|p1|Dondozo, F|
|poke|p1|Blissey, F|
|poke|p1|Ting-Lu|
|poke|p1|Weezing-Galar, F|
|poke|p1|Gliscor, F|
|poke|p2|Hydrapple, M|
|poke|p2|Skarmory, M|
|poke|p2|Tyranitar, M|
|poke|p2|Alomomola, M|
|poke|p2|Clodsire, F|
|poke|p2|Clefable, M|
|teampreview
|inactive|Battle timer is ON: inactive players will automatically lose when time's up. (requested by backwardmuk)
|
|t:|1743921390
|start
|switch|p1a: Gliscor|Gliscor, F|100/100
|switch|p2a: Tyranitar|Tyranitar, M|100/100
|-weather|Sandstorm|[from] ability: Sand Stream|[of] p2a: Tyranitar
|turn|1
|
|t:|1743921396
|move|p1a: Gliscor|Protect|p1a: Gliscor
|-singleturn|p1a: Gliscor|Protect
|move|p2a: Tyranitar|Knock Off|p1a: Gliscor
|-activate|p1a: Gliscor|move: Protect
|
|-weather|Sandstorm|[upkeep]
|-status|p1a: Gliscor|tox|[from] item: Toxic Orb
|upkeep
|turn|2
|
|t:|1743921400
|switch|p1a: Ting-Lu|Ting-Lu|100/100
|-ability|p1a: Ting-Lu|Vessel of Ruin
|move|p2a: Tyranitar|Knock Off|p1a: Ting-Lu
|-resisted|p1a: Ting-Lu
|-damage|p1a: Ting-Lu|89/100
|-enditem|p1a: Ting-Lu|Heavy-Duty Boots|[from] move: Knock Off|[of] p2a: Tyranitar
|
|-weather|Sandstorm|[upkeep]
|upkeep
|turn|3
|
|t:|1743921404
|move|p2a: Tyranitar|Stealth Rock|p1a: Ting-Lu
|-sidestart|p1: backwardmuk|move: Stealth Rock
|move|p1a: Ting-Lu|Ruination|p2a: Tyranitar|[miss]
|-miss|p1a: Ting-Lu|p2a: Tyranitar
|
|-weather|Sandstorm|[upkeep]
|upkeep
|turn|4
|
|t:|1743921409
|switch|p2a: Hydrapple|Hydrapple, M|100/100
|move|p1a: Ting-Lu|Ruination|p2a: Hydrapple
|-damage|p2a: Hydrapple|50/100
|
|-weather|Sandstorm|[upkeep]
|-damage|p2a: Hydrapple|44/100|[from] Sandstorm
|upkeep
|turn|5
|
|t:|1743921415
|switch|p1a: Blissey|Blissey, F|100/100
|move|p2a: Hydrapple|Nasty Plot|p2a: Hydrapple
|-boost|p2a: Hydrapple|spa|2
|
|-weather|none
|upkeep
|turn|6
|
|t:|1743921418
|move|p1a: Blissey|Calm Mind|p1a: Blissey
|-boost|p1a: Blissey|spa|1
|-boost|p1a: Blissey|spd|1
|move|p2a: Hydrapple|Giga Drain|p1a: Blissey
|-crit|p1a: Blissey
|-damage|p1a: Blissey|71/100
|-heal|p2a: Hydrapple|68/100|[from] drain|[of] p1a: Blissey
|
|upkeep
|turn|7
|
|t:|1743921424
|move|p1a: Blissey|Stealth Rock|p2a: Hydrapple
|-sidestart|p2: tyranitarticuno|move: Stealth Rock
|move|p2a: Hydrapple|Giga Drain|p1a: Blissey
|-damage|p1a: Blissey|58/100
|-heal|p2a: Hydrapple|78/100|[from] drain|[of] p1a: Blissey
|
|upkeep
|turn|8
|
|t:|1743921426
|move|p1a: Blissey|Soft-Boiled|p1a: Blissey
|-heal|p1a: Blissey|100/100
|move|p2a: Hydrapple|Nasty Plot|p2a: Hydrapple
|-boost|p2a: Hydrapple|spa|2
|
|upkeep
|turn|9
|
|t:|1743921428
|move|p1a: Blissey|Calm Mind|p1a: Blissey
|-boost|p1a: Blissey|spa|1
|-boost|p1a: Blissey|spd|1
|move|p2a: Hydrapple|Nasty Plot|p2a: Hydrapple
|-boost|p2a: Hydrapple|spa|2
|
|upkeep
|turn|10
|
|t:|1743921431
|move|p1a: Blissey|Calm Mind|p1a: Blissey
|-boost|p1a: Blissey|spa|1
|-boost|p1a: Blissey|spd|1
|move|p2a: Hydrapple|Giga Drain|p1a: Blissey
|-damage|p1a: Blissey|85/100
|-heal|p2a: Hydrapple|91/100|[from] drain|[of] p1a: Blissey
|
|upkeep
|turn|11
|
|t:|1743921434
|move|p1a: Blissey|Calm Mind|p1a: Blissey
|-boost|p1a: Blissey|spa|1
|-boost|p1a: Blissey|spd|1
|move|p2a: Hydrapple|Giga Drain|p1a: Blissey
|-damage|p1a: Blissey|71/100
|-heal|p2a: Hydrapple|100/100|[from] drain|[of] p1a: Blissey
|
|upkeep
|turn|12
|
|t:|1743921439
|move|p1a: Blissey|Flamethrower|p2a: Hydrapple
|-damage|p2a: Hydrapple|48/100
|move|p2a: Hydrapple|Fickle Beam|p1a: Blissey
|-damage|p1a: Blissey|56/100
|
|upkeep
|turn|13
|
|t:|1743921444
|switch|p2a: Clodsire|Clodsire, F|100/100
|move|p1a: Blissey|Flamethrower|p2a: Clodsire
|-damage|p2a: Clodsire|90/100
|
|upkeep
|turn|14
|
|t:|1743921447
|switch|p1a: Gliscor|Gliscor, F|100/100 tox
|-damage|p1a: Gliscor|88/100 tox|[from] Stealth Rock
|move|p2a: Clodsire|Toxic|p1a: Gliscor
|-fail|p1a: Gliscor|tox
|
|-heal|p1a: Gliscor|100/100 tox|[from] ability: Poison Heal
|upkeep
|turn|15
|
|t:|1743921461
|switch|p2a: Tyranitar|Tyranitar, M|100/100
|-weather|Sandstorm|[from] ability: Sand Stream|[of] p2a: Tyranitar
|move|p1a: Gliscor|Toxic|p2a: Tyranitar
|-status|p2a: Tyranitar|tox
|
|-weather|Sandstorm|[upkeep]
|-damage|p2a: Tyranitar|94/100 tox|[from] psn
|upkeep
|turn|16
|
|t:|1743921465
|move|p1a: Gliscor|Protect|p1a: Gliscor
|-singleturn|p1a: Gliscor|Protect
|move|p2a: Tyranitar|Knock Off|p1a: Gliscor
|-activate|p1a: Gliscor|move: Protect
|
|-weather|Sandstorm|[upkeep]
|-damage|p2a: Tyranitar|82/100 tox|[from] psn
|upkeep
|turn|17
|
|t:|1743921468
|switch|p1a: Ting-Lu|Ting-Lu|89/100
|-damage|p1a: Ting-Lu|83/100|[from] Stealth Rock
|-ability|p1a: Ting-Lu|Vessel of Ruin
|move|p2a: Tyranitar|Knock Off|p1a: Ting-Lu
|-resisted|p1a: Ting-Lu
|-damage|p1a: Ting-Lu|75/100
|
|-weather|Sandstorm|[upkeep]
|-damage|p2a: Tyranitar|63/100 tox|[from] psn
|upkeep
|turn|18
|
|t:|1743921474
|switch|p2a: Hydrapple|Hydrapple, M|81/100
|move|p1a: Ting-Lu|Ruination|p2a: Hydrapple
|-damage|p2a: Hydrapple|41/100
|
|-weather|Sandstorm|[upkeep]
|-damage|p2a: Hydrapple|35/100|[from] Sandstorm
|upkeep
|turn|19
|
|t:|1743921479
|switch|p1a: Blissey|Blissey, F|56/100
|move|p2a: Hydrapple|Giga Drain|p1a: Blissey
|-damage|p1a: Blissey|47/100
|-heal|p2a: Hydrapple|43/100|[from] drain|[of] p1a: Blissey
|
|-weather|none
|upkeep
|turn|20
|
|t:|1743921483
|move|p1a: Blissey|Soft-Boiled|p1a: Blissey
|-heal|p1a: Blissey|97/100
|move|p2a: Hydrapple|Nasty Plot|p2a: Hydrapple
|-boost|p2a: Hydrapple|spa|2
|
|upkeep
|turn|21
|
|t:|1743921486
|move|p1a: Blissey|Calm Mind|p1a: Blissey
|-boost|p1a: Blissey|spa|1
|-boost|p1a: Blissey|spd|1
|move|p2a: Hydrapple|Giga Drain|p1a: Blissey
|-damage|p1a: Blissey|85/100
|-heal|p2a: Hydrapple|52/100|[from] drain|[of] p1a: Blissey
|
|upkeep
|turn|22
|
|t:|1743921490
|move|p1a: Blissey|Flamethrower|p2a: Hydrapple
|-crit|p2a: Hydrapple
|-damage|p2a: Hydrapple|19/100
|move|p2a: Hydrapple|Nasty Plot|p2a: Hydrapple
|-boost|p2a: Hydrapple|spa|2
|
|upkeep
|turn|23
|
|t:|1743921497
|switch|p2a: Clefable|Clefable, M|100/100
|move|p1a: Blissey|Flamethrower|p2a: Clefable
|-damage|p2a: Clefable|77/100
|
|upkeep
|turn|24
|
|t:|1743921506
|switch|p1a: Gliscor|Gliscor, F|100/100 tox
|-damage|p1a: Gliscor|88/100 tox|[from] Stealth Rock
|move|p2a: Clefable|Knock Off|p1a: Gliscor
|-damage|p1a: Gliscor|75/100 tox
|-enditem|p1a: Gliscor|Toxic Orb|[from] move: Knock Off|[of] p2a: Clefable
|
|-heal|p1a: Gliscor|88/100 tox|[from] ability: Poison Heal
|upkeep
|turn|25
|
|t:|1743921510
|move|p1a: Gliscor|Toxic|p2a: Clefable
|-status|p2a: Clefable|tox
|move|p2a: Clefable|Wish|p2a: Clefable
|
|-heal|p1a: Gliscor|100/100 tox|[from] ability: Poison Heal
|upkeep
|turn|26
|
|t:|1743921513
|move|p1a: Gliscor|Spikes|p2a: Clefable
|-sidestart|p2: tyranitarticuno|Spikes
|move|p2a: Clefable|Moonblast|p1a: Gliscor
|-damage|p1a: Gliscor|75/100 tox
|
|-heal|p2a: Clefable|100/100 tox|[from] move: Wish|[wisher] Clefable
|-heal|p1a: Gliscor|88/100 tox|[from] ability: Poison Heal
|upkeep
|turn|27
|
|t:|1743921520
|move|p1a: Gliscor|Spikes|p2a: Clefable
|-sidestart|p2: tyranitarticuno|Spikes
|move|p2a: Clefable|Moonblast|p1a: Gliscor
|-damage|p1a: Gliscor|63/100 tox
|
|-heal|p1a: Gliscor|76/100 tox|[from] ability: Poison Heal
|upkeep
|turn|28
|
|t:|1743921525
|move|p1a: Gliscor|Spikes|p2a: Clefable
|-sidestart|p2: tyranitarticuno|Spikes
|move|p2a: Clefable|Moonblast|p1a: Gliscor
|-damage|p1a: Gliscor|49/100 tox
|
|-heal|p1a: Gliscor|62/100 tox|[from] ability: Poison Heal
|upkeep
|turn|29
|
|t:|1743921530
|move|p1a: Gliscor|Protect|p1a: Gliscor
|-singleturn|p1a: Gliscor|Protect
|move|p2a: Clefable|Wish|p2a: Clefable
|
|-heal|p1a: Gliscor|74/100 tox|[from] ability: Poison Heal
|upkeep
|turn|30
|
|t:|1743921537
|move|p1a: Gliscor|Protect||[still]
|-fail|p1a: Gliscor
|move|p2a: Clefable|Moonblast|p1a: Gliscor
|-crit|p1a: Gliscor
|-damage|p1a: Gliscor|34/100 tox
|-unboost|p1a: Gliscor|spa|1
|
|-heal|p1a: Gliscor|47/100 tox|[from] ability: Poison Heal
|upkeep
|turn|31
|
|t:|1743921544
|switch|p2a: Skarmory|Skarmory, M|100/100
|-damage|p2a: Skarmory|88/100|[from] Stealth Rock
|move|p1a: Gliscor|Protect||[still]
|-fail|p1a: Gliscor
|
|-heal|p1a: Gliscor|59/100 tox|[from] ability: Poison Heal
|upkeep
|turn|32
|
|t:|1743921548
|switch|p1a: Pecharunt|Pecharunt|100/100
|move|p2a: Skarmory|Spikes|p1a: Pecharunt
|-sidestart|p1: backwardmuk|Spikes
|
|upkeep
|turn|33
|
|t:|1743921555
|switch|p2a: Clodsire|Clodsire, F|90/100
|move|p1a: Pecharunt|Night Shade|p2a: Clodsire
|-damage|p2a: Clodsire|69/100
|
|upkeep
|turn|34
|
|t:|1743921560
|switch|p1a: Gliscor|Gliscor, F|59/100 tox
|-damage|p1a: Gliscor|47/100 tox|[from] Stealth Rock
|move|p2a: Clodsire|Earthquake|p1a: Gliscor
|-immune|p1a: Gliscor
|
|-heal|p1a: Gliscor|59/100 tox|[from] ability: Poison Heal
|upkeep
|turn|35
|
|t:|1743921565
|switch|p2a: Clefable|Clefable, M|100/100 tox
|move|p1a: Gliscor|Knock Off|p2a: Clefable
|-resisted|p2a: Clefable
|-damage|p2a: Clefable|93/100 tox
|
|-heal|p1a: Gliscor|72/100 tox|[from] ability: Poison Heal
|-damage|p1a: Gliscor|59/100 tox|[from] item: Sticky Barb
|upkeep
|turn|36
|
|t:|1743921572
|switch|p1a: Blissey|Blissey, F|85/100
|move|p2a: Clefable|Wish|p2a: Clefable
|
|upkeep
|turn|37
|
|t:|1743921574
|switch|p1a: Gliscor|Gliscor, F|59/100 tox
|-damage|p1a: Gliscor|47/100 tox|[from] Stealth Rock
|move|p2a: Clefable|Knock Off|p1a: Gliscor
|-damage|p1a: Gliscor|35/100 tox
|
|-heal|p2a: Clefable|100/100 tox|[from] move: Wish|[wisher] Clefable
|-heal|p1a: Gliscor|48/100 tox|[from] ability: Poison Heal
|upkeep
|turn|38
|
|t:|1743921581
|move|p1a: Gliscor|Protect|p1a: Gliscor
|-singleturn|p1a: Gliscor|Protect
|move|p2a: Clefable|Moonblast|p1a: Gliscor
|-activate|p1a: Gliscor|move: Protect
|
|-heal|p1a: Gliscor|60/100 tox|[from] ability: Poison Heal
|upkeep
|turn|39
|
|t:|1743921584
|switch|p1a: Weezing|Weezing-Galar, F|100/100
|-ability|p1a: Weezing|Neutralizing Gas
|move|p2a: Clefable|Moonblast|p1a: Weezing
|-resisted|p1a: Weezing
|-damage|p1a: Weezing|79/100
|
|-damage|p2a: Clefable|70/100 tox|[from] psn
|-damage|p2a: Clefable|58/100 tox|[from] item: Sticky Barb
|upkeep
|turn|40
|
|t:|1743921593
|switch|p2a: Clodsire|Clodsire, F|69/100
|move|p1a: Weezing|Will-O-Wisp|p2a: Clodsire
|-status|p2a: Clodsire|brn
|
|-damage|p2a: Clodsire|62/100 brn|[from] brn
|upkeep
|turn|41
|
|t:|1743921598
|-end|p1a: Weezing|ability: Neutralizing Gas
|switch|p1a: Gliscor|Gliscor, F|60/100 tox
|-damage|p1a: Gliscor|48/100 tox|[from] Stealth Rock
|switch|p2a: Alomomola|Alomomola, M, shiny|100/100
|
|-heal|p1a: Gliscor|60/100 tox|[from] ability: Poison Heal
|upkeep
|turn|42
|
|t:|1743921602
|switch|p2a: Clefable|Clefable, M|58/100 tox
|move|p1a: Gliscor|Toxic|p2a: Clefable
|-fail|p2a: Clefable|tox
|
|-heal|p1a: Gliscor|73/100 tox|[from] ability: Poison Heal
|upkeep
|turn|43
|
|t:|1743921604
|switch|p1a: Weezing|Weezing-Galar, F|79/100
|-ability|p1a: Weezing|Neutralizing Gas
|move|p2a: Clefable|Wish|p2a: Clefable
|
|-damage|p2a: Clefable|45/100 tox|[from] psn
|-damage|p2a: Clefable|33/100 tox|[from] item: Sticky Barb
|upkeep
|turn|44
|
|t:|1743921615
|switch|p2a: Clodsire|Clodsire, F|62/100 brn
|move|p1a: Weezing|Strange Steam|p2a: Clodsire
|-resisted|p2a: Clodsire
|-damage|p2a: Clodsire|54/100 brn
|
|-heal|p2a: Clodsire|97/100 brn|[from] move: Wish|[wisher] Clefable
|-damage|p2a: Clodsire|91/100 brn|[from] brn
|upkeep
|turn|45
|
|t:|1743921622
|-end|p1a: Weezing|ability: Neutralizing Gas
|switch|p1a: Gliscor|Gliscor, F|73/100 tox
|-damage|p1a: Gliscor|60/100 tox|[from] Stealth Rock
|move|p2a: Clodsire|Rock Tomb|p1a: Gliscor
|-crit|p1a: Gliscor
|-damage|p1a: Gliscor|54/100 tox
|-unboost|p1a: Gliscor|spe|1
|
|-heal|p1a: Gliscor|66/100 tox|[from] ability: Poison Heal
|-damage|p2a: Clodsire|85/100 brn|[from] brn
|upkeep
|turn|46
|
|t:|1743921628
|switch|p1a: Weezing|Weezing-Galar, F|79/100
|-ability|p1a: Weezing|Neutralizing Gas
|switch|p2a: Alomomola|Alomomola, M, shiny|100/100
|
|upkeep
|turn|47
|
|t:|1743921632
|-end|p1a: Weezing|ability: Neutralizing Gas
|switch|p1a: Gliscor|Gliscor, F|66/100 tox
|-damage|p1a: Gliscor|54/100 tox|[from] Stealth Rock
|move|p2a: Alomomola|Wish|p2a: Alomomola
|
|-heal|p1a: Gliscor|66/100 tox|[from] ability: Poison Heal
|upkeep
|turn|48
|
|t:|1743921637
|switch|p2a: Clefable|Clefable, M|33/100 tox
|move|p1a: Gliscor|Protect||[still]
|-fail|p1a: Gliscor
|
|-heal|p2a: Clefable|93/100 tox|[from] move: Wish|[wisher] Alomomola
|-heal|p1a: Gliscor|79/100 tox|[from] ability: Poison Heal
|upkeep
|turn|49
|
|t:|1743921644
|switch|p1a: Weezing|Weezing-Galar, F|79/100
|-ability|p1a: Weezing|Neutralizing Gas
|move|p2a: Clefable|Knock Off|p1a: Weezing
|-resisted|p1a: Weezing
|-damage|p1a: Weezing|74/100
|-enditem|p1a: Weezing|Heavy-Duty Boots|[from] move: Knock Off|[of] p2a: Clefable
|
|-damage|p2a: Clefable|80/100 tox|[from] psn
|-damage|p2a: Clefable|68/100 tox|[from] item: Sticky Barb
|upkeep
|turn|50
|
|t:|1743921648
|switch|p2a: Clodsire|Clodsire, F|85/100 brn
|move|p1a: Weezing|Defog|p2a: Clodsire
|-unboost|p2a: Clodsire|evasion|1
|-sideend|p2: tyranitarticuno|Spikes|[from] move: Defog|[of] p1a: Weezing
|-sideend|p2: tyranitarticuno|Stealth Rock|[from] move: Defog|[of] p1a: Weezing
|-sideend|p1: backwardmuk|Spikes|[from] move: Defog|[of] p1a: Weezing
|-sideend|p1: backwardmuk|Stealth Rock|[from] move: Defog|[of] p1a: Weezing
|
|-damage|p2a: Clodsire|78/100 brn|[from] brn
|upkeep
|turn|51
|
|t:|1743921657
|-end|p1a: Weezing|ability: Neutralizing Gas
|switch|p1a: Pecharunt|Pecharunt|100/100
|move|p2a: Clodsire|Earthquake|p1a: Pecharunt
|-supereffective|p1a: Pecharunt
|-damage|p1a: Pecharunt|86/100
|
|-damage|p2a: Clodsire|72/100 brn|[from] brn
|upkeep
|turn|52
|
|t:|1743921666
|switch|p2a: Tyranitar|Tyranitar, M|63/100 tox
|-weather|Sandstorm|[from] ability: Sand Stream|[of] p2a: Tyranitar
|move|p1a: Pecharunt|Night Shade|p2a: Tyranitar
|-damage|p2a: Tyranitar|39/100 tox
|
|-weather|Sandstorm|[upkeep]
|-damage|p1a: Pecharunt|80/100|[from] Sandstorm
|-damage|p2a: Tyranitar|32/100 tox|[from] psn
|upkeep
|turn|53
|
|t:|1743921669
|switch|p2a: Alomomola|Alomomola, M, shiny|100/100
|move|p1a: Pecharunt|Night Shade|p2a: Alomomola
|-damage|p2a: Alomomola|79/100
|
|-weather|Sandstorm|[upkeep]
|-damage|p1a: Pecharunt|74/100|[from] Sandstorm
|-damage|p2a: Alomomola|73/100|[from] Sandstorm
|upkeep
|turn|54
|
|t:|1743921672
|move|p1a: Pecharunt|Toxic|p2a: Alomomola
|-status|p2a: Alomomola|tox
|-start|p2a: Alomomola|confusion|[from] ability: Poison Puppeteer|[of] p1a: Pecharunt
|-activate|p2a: Alomomola|confusion
|move|p2a: Alomomola|Wish|p2a: Alomomola
|
|-weather|Sandstorm|[upkeep]
|-damage|p1a: Pecharunt|68/100|[from] Sandstorm
|-damage|p2a: Alomomola|67/100 tox|[from] Sandstorm
|-damage|p2a: Alomomola|61/100 tox|[from] psn
|upkeep
|turn|55
|
|t:|1743921675
|move|p1a: Pecharunt|Night Shade|p2a: Alomomola
|-damage|p2a: Alomomola|40/100 tox
|-activate|p2a: Alomomola|confusion
|move|p2a: Alomomola|Flip Turn|p1a: Pecharunt
|-damage|p1a: Pecharunt|61/100
|
|t:|1743921679
|switch|p2a: Tyranitar|Tyranitar, M|32/100 tox|[from] Flip Turn
|
|-weather|Sandstorm|[upkeep]
|-damage|p1a: Pecharunt|55/100|[from] Sandstorm
|-heal|p2a: Tyranitar|91/100 tox|[from] move: Wish|[wisher] Alomomola
|-damage|p2a: Tyranitar|84/100 tox|[from] psn
|upkeep
|turn|56
|
|t:|1743921682
|switch|p1a: Gliscor|Gliscor, F|79/100 tox
|move|p2a: Tyranitar|Knock Off|p1a: Gliscor
|-damage|p1a: Gliscor|54/100 tox
|
|-weather|none
|-heal|p1a: Gliscor|66/100 tox|[from] ability: Poison Heal
|-damage|p2a: Tyranitar|72/100 tox|[from] psn
|upkeep
|turn|57
|
|t:|1743921685
|switch|p1a: Ting-Lu|Ting-Lu|75/100
|-ability|p1a: Ting-Lu|Vessel of Ruin
|move|p2a: Tyranitar|Stealth Rock|p1a: Ting-Lu
|-sidestart|p1: backwardmuk|move: Stealth Rock
|
|-damage|p2a: Tyranitar|53/100 tox|[from] psn
|upkeep
|turn|58
|
|t:|1743921691
|switch|p2a: Hydrapple|Hydrapple, M|52/100
|move|p1a: Ting-Lu|Earthquake|p2a: Hydrapple
|-resisted|p2a: Hydrapple
|-damage|p2a: Hydrapple|40/100
|
|upkeep
|turn|59
|
|t:|1743921693
|switch|p1a: Blissey|Blissey, F|85/100
|move|p2a: Hydrapple|Nasty Plot|p2a: Hydrapple
|-boost|p2a: Hydrapple|spa|2
|
|upkeep
|turn|60
|
|t:|1743921696
|move|p1a: Blissey|Calm Mind|p1a: Blissey
|-boost|p1a: Blissey|spa|1
|-boost|p1a: Blissey|spd|1
|move|p2a: Hydrapple|Giga Drain|p1a: Blissey
|-damage|p1a: Blissey|72/100
|-heal|p2a: Hydrapple|50/100|[from] drain|[of] p1a: Blissey
|
|upkeep
|turn|61
|
|t:|1743921702
|move|p1a: Blissey|Stealth Rock|p2a: Hydrapple
|-sidestart|p2: tyranitarticuno|move: Stealth Rock
|move|p2a: Hydrapple|Giga Drain|p1a: Blissey
|-damage|p1a: Blissey|59/100
|-heal|p2a: Hydrapple|60/100|[from] drain|[of] p1a: Blissey
|
|upkeep
|turn|62
|
|t:|1743921710
|move|p1a: Blissey|Flamethrower|p2a: Hydrapple
|-damage|p2a: Hydrapple|36/100
|move|p2a: Hydrapple|Nasty Plot|p2a: Hydrapple
|-boost|p2a: Hydrapple|spa|2
|
|upkeep
|turn|63
|
|t:|1743921713
|move|p1a: Blissey|Calm Mind|p1a: Blissey
|-boost|p1a: Blissey|spa|1
|-boost|p1a: Blissey|spd|1
|move|p2a: Hydrapple|Giga Drain|p1a: Blissey
|-damage|p1a: Blissey|44/100
|-heal|p2a: Hydrapple|49/100|[from] drain|[of] p1a: Blissey
|
|upkeep
|turn|64
|
|t:|1743921716
|move|p1a: Blissey|Soft-Boiled|p1a: Blissey
|-heal|p1a: Blissey|94/100
|move|p2a: Hydrapple|Nasty Plot|p2a: Hydrapple
|-boost|p2a: Hydrapple|spa|2
|
|upkeep
|turn|65
|
|t:|1743921720
|move|p1a: Blissey|Calm Mind|p1a: Blissey
|-boost|p1a: Blissey|spa|1
|-boost|p1a: Blissey|spd|1
|move|p2a: Hydrapple|Giga Drain|p1a: Blissey
|-damage|p1a: Blissey|78/100
|-heal|p2a: Hydrapple|61/100|[from] drain|[of] p1a: Blissey
|
|upkeep
|turn|66
|
|t:|1743921725
|move|p1a: Blissey|Flamethrower|p2a: Hydrapple
|-damage|p2a: Hydrapple|19/100
|move|p2a: Hydrapple|Fickle Beam|p1a: Blissey|[anim] Fickle Beam All Out
|-activate|p2a: Hydrapple|move: Fickle Beam
|-damage|p1a: Blissey|45/100
|
|upkeep
|turn|67
|
|t:|1743921731
|switch|p2a: Clodsire|Clodsire, F|72/100 brn
|move|p1a: Blissey|Soft-Boiled|p1a: Blissey
|-heal|p1a: Blissey|95/100
|
|-damage|p2a: Clodsire|66/100 brn|[from] brn
|upkeep
|turn|68
|
|t:|1743921737
|switch|p1a: Gliscor|Gliscor, F|66/100 tox
|-damage|p1a: Gliscor|54/100 tox|[from] Stealth Rock
|move|p2a: Clodsire|Recover|p2a: Clodsire
|-heal|p2a: Clodsire|100/100 brn
|
|-heal|p1a: Gliscor|66/100 tox|[from] ability: Poison Heal
|-damage|p2a: Clodsire|94/100 brn|[from] brn
|upkeep
|turn|69
|
|t:|1743921743
|switch|p1a: Weezing|Weezing-Galar, F|74/100
|-ability|p1a: Weezing|Neutralizing Gas
|-damage|p1a: Weezing|62/100|[from] Stealth Rock
|switch|p2a: Clefable|Clefable, M|68/100 tox
|-damage|p2a: Clefable|56/100 tox|[from] Stealth Rock
|
|-damage|p2a: Clefable|49/100 tox|[from] psn
|-damage|p2a: Clefable|37/100 tox|[from] item: Sticky Barb
|upkeep
|turn|70
|
|t:|1743921753
|switch|p2a: Alomomola|Alomomola, M, shiny|73/100 tox
|move|p1a: Weezing|Strange Steam|p2a: Alomomola
|-damage|p2a: Alomomola|48/100 tox
|
|-damage|p2a: Alomomola|42/100 tox|[from] psn
|upkeep
|turn|71
|
|t:|1743921757
|move|p1a: Weezing|Strange Steam|p2a: Alomomola
|-damage|p2a: Alomomola|16/100 tox
|move|p2a: Alomomola|Wish|p2a: Alomomola
|
|-damage|p2a: Alomomola|3/100 tox|[from] psn
|upkeep
|turn|72
|
|t:|1743921764
|switch|p2a: Tyranitar|Tyranitar, M|53/100 tox
|move|p1a: Weezing|Strange Steam|p2a: Tyranitar
|-supereffective|p2a: Tyranitar
|-damage|p2a: Tyranitar|21/100 tox
|
|-heal|p2a: Tyranitar|79/100 tox|[from] move: Wish|[wisher] Alomomola
|-damage|p2a: Tyranitar|73/100 tox|[from] psn
|upkeep
|turn|73
|
|t:|1743921770
|move|p1a: Weezing|Strange Steam|p2a: Tyranitar
|-supereffective|p2a: Tyranitar
|-damage|p2a: Tyranitar|37/100 tox
|move|p2a: Tyranitar|Ice Beam|p1a: Weezing
|-damage|p1a: Weezing|37/100
|
|-damage|p2a: Tyranitar|25/100 tox|[from] psn
|upkeep
|turn|74
|
|t:|1743921776
|switch|p2a: Clodsire|Clodsire, F|94/100 brn
|move|p1a: Weezing|Strange Steam|p2a: Clodsire
|-resisted|p2a: Clodsire
|-damage|p2a: Clodsire|85/100 brn
|-start|p2a: Clodsire|confusion
|
|-damage|p2a: Clodsire|79/100 brn|[from] brn
|upkeep
|turn|75
|
|t:|1743921784
|move|p1a: Weezing|Pain Split|p2a: Clodsire
|-sethp|p2a: Clodsire|53/100 brn|[from] move: Pain Split|[silent]
|-sethp|p1a: Weezing|73/100|[from] move: Pain Split
|-activate|p2a: Clodsire|confusion
|move|p2a: Clodsire|Rock Tomb|p1a: Weezing
|-crit|p1a: Weezing
|-damage|p1a: Weezing|68/100
|-unboost|p1a: Weezing|spe|1
|
|-damage|p2a: Clodsire|47/100 brn|[from] brn
|upkeep
|turn|76
|
|t:|1743921788
|-end|p1a: Weezing|ability: Neutralizing Gas
|switch|p1a: Gliscor|Gliscor, F|66/100 tox
|-damage|p1a: Gliscor|54/100 tox|[from] Stealth Rock
|-end|p2a: Clodsire|confusion
|move|p2a: Clodsire|Earthquake|p1a: Gliscor
|-immune|p1a: Gliscor
|
|-heal|p1a: Gliscor|66/100 tox|[from] ability: Poison Heal
|-damage|p2a: Clodsire|41/100 brn|[from] brn
|upkeep
|turn|77
|
|t:|1743921793
|switch|p1a: Weezing|Weezing-Galar, F|68/100
|-ability|p1a: Weezing|Neutralizing Gas
|-damage|p1a: Weezing|56/100|[from] Stealth Rock
|move|p2a: Clodsire|Recover|p2a: Clodsire
|-heal|p2a: Clodsire|91/100 brn
|
|-damage|p2a: Clodsire|85/100 brn|[from] brn
|upkeep
|turn|78
|
|t:|1743921797
|move|p1a: Weezing|Pain Split|p2a: Clodsire
|-sethp|p2a: Clodsire|63/100 brn|[from] move: Pain Split|[silent]
|-sethp|p1a: Weezing|87/100|[from] move: Pain Split
|move|p2a: Clodsire|Earthquake|p1a: Weezing
|-supereffective|p1a: Weezing
|-damage|p1a: Weezing|69/100
|
|-damage|p2a: Clodsire|57/100 brn|[from] brn
|upkeep
|turn|79
|
|t:|1743921800
|move|p1a: Weezing|Strange Steam|p2a: Clodsire
|-resisted|p2a: Clodsire
|-damage|p2a: Clodsire|48/100 brn
|-start|p2a: Clodsire|confusion
|-activate|p2a: Clodsire|confusion
|move|p2a: Clodsire|Recover|p2a: Clodsire
|-heal|p2a: Clodsire|98/100 brn
|
|-damage|p2a: Clodsire|92/100 brn|[from] brn
|upkeep
|turn|80
|
|t:|1743921808
|move|p1a: Weezing|Strange Steam|p2a: Clodsire
|-resisted|p2a: Clodsire
|-damage|p2a: Clodsire|83/100 brn
|-activate|p2a: Clodsire|confusion
|move|p2a: Clodsire|Earthquake|p1a: Weezing
|-supereffective|p1a: Weezing
|-damage|p1a: Weezing|51/100
|
|-damage|p2a: Clodsire|77/100 brn|[from] brn
|upkeep
|turn|81
|
|t:|1743921814
|-end|p1a: Weezing|ability: Neutralizing Gas
|switch|p1a: Gliscor|Gliscor, F|66/100 tox
|-damage|p1a: Gliscor|54/100 tox|[from] Stealth Rock
|-end|p2a: Clodsire|confusion
|move|p2a: Clodsire|Earthquake|p1a: Gliscor
|-immune|p1a: Gliscor
|
|-heal|p1a: Gliscor|66/100 tox|[from] ability: Poison Heal
|-damage|p2a: Clodsire|71/100 brn|[from] brn
|upkeep
|turn|82
|
|t:|1743921819
|move|p1a: Gliscor|Spikes|p2a: Clodsire
|-sidestart|p2: tyranitarticuno|Spikes
|move|p2a: Clodsire|Rock Tomb|p1a: Gliscor
|-damage|p1a: Gliscor|62/100 tox
|-unboost|p1a: Gliscor|spe|1
|
|-heal|p1a: Gliscor|75/100 tox|[from] ability: Poison Heal
|-damage|p2a: Clodsire|65/100 brn|[from] brn
|upkeep
|turn|83
|
|t:|1743921823
|switch|p1a: Weezing|Weezing-Galar, F|51/100
|-ability|p1a: Weezing|Neutralizing Gas
|-damage|p1a: Weezing|39/100|[from] Stealth Rock
|move|p2a: Clodsire|Rock Tomb|p1a: Weezing|[miss]
|-miss|p2a: Clodsire|p1a: Weezing
|
|-damage|p2a: Clodsire|59/100 brn|[from] brn
|upkeep
|turn|84
|
|t:|1743921830
|move|p1a: Weezing|Pain Split|p2a: Clodsire
|-sethp|p2a: Clodsire|43/100 brn|[from] move: Pain Split|[silent]
|-sethp|p1a: Weezing|60/100|[from] move: Pain Split
|move|p2a: Clodsire|Rock Tomb|p1a: Weezing
|-damage|p1a: Weezing|56/100
|-unboost|p1a: Weezing|spe|1
|
|-damage|p2a: Clodsire|37/100 brn|[from] brn
|upkeep
|turn|85
|
|t:|1743921834
|-end|p1a: Weezing|ability: Neutralizing Gas
|switch|p1a: Gliscor|Gliscor, F|75/100 tox
|-damage|p1a: Gliscor|62/100 tox|[from] Stealth Rock
|move|p2a: Clodsire|Rock Tomb|p1a: Gliscor
|-damage|p1a: Gliscor|58/100 tox
|-unboost|p1a: Gliscor|spe|1
|
|-heal|p1a: Gliscor|70/100 tox|[from] ability: Poison Heal
|-damage|p2a: Clodsire|31/100 brn|[from] brn
|upkeep
|turn|86
|
|t:|1743921838
|move|p1a: Gliscor|Knock Off|p2a: Clodsire
|-damage|p2a: Clodsire|15/100 brn
|-enditem|p2a: Clodsire|Heavy-Duty Boots|[from] move: Knock Off|[of] p1a: Gliscor
|move|p2a: Clodsire|Recover|p2a: Clodsire
|-heal|p2a: Clodsire|65/100 brn
|
|-heal|p1a: Gliscor|83/100 tox|[from] ability: Poison Heal
|-damage|p2a: Clodsire|59/100 brn|[from] brn
|upkeep
|turn|87
|
|t:|1743921844
|switch|p1a: Weezing|Weezing-Galar, F|56/100
|-ability|p1a: Weezing|Neutralizing Gas
|-damage|p1a: Weezing|44/100|[from] Stealth Rock
|move|p2a: Clodsire|Recover|p2a: Clodsire
|-heal|p2a: Clodsire|100/100 brn
|
|-damage|p2a: Clodsire|94/100 brn|[from] brn
|upkeep
|turn|88
|
|t:|1743921846
|move|p1a: Weezing|Pain Split|p2a: Clodsire
|-sethp|p2a: Clodsire|63/100 brn|[from] move: Pain Split|[silent]
|-sethp|p1a: Weezing|87/100|[from] move: Pain Split
|move|p2a: Clodsire|Rock Tomb|p1a: Weezing
|-damage|p1a: Weezing|83/100
|-unboost|p1a: Weezing|spe|1
|
|-damage|p2a: Clodsire|57/100 brn|[from] brn
|upkeep
|turn|89
|j| frindlebabbin
|
|t:|1743921858
|-end|p1a: Weezing|ability: Neutralizing Gas
|switch|p1a: Gliscor|Gliscor, F|83/100 tox
|-damage|p1a: Gliscor|70/100 tox|[from] Stealth Rock
|move|p2a: Clodsire|Earthquake|p1a: Gliscor
|-immune|p1a: Gliscor
|
|-heal|p1a: Gliscor|83/100 tox|[from] ability: Poison Heal
|-damage|p2a: Clodsire|51/100 brn|[from] brn
|upkeep
|turn|90
|
|t:|1743921863
|move|p1a: Gliscor|Spikes|p2a: Clodsire
|-sidestart|p2: tyranitarticuno|Spikes
|move|p2a: Clodsire|Recover|p2a: Clodsire
|-heal|p2a: Clodsire|100/100 brn
|
|-heal|p1a: Gliscor|95/100 tox|[from] ability: Poison Heal
|-damage|p2a: Clodsire|94/100 brn|[from] brn
|upkeep
|turn|91
|
|t:|1743921872
|switch|p1a: Weezing|Weezing-Galar, F|83/100
|-ability|p1a: Weezing|Neutralizing Gas
|-damage|p1a: Weezing|71/100|[from] Stealth Rock
|switch|p2a: Skarmory|Skarmory, M|88/100
|-damage|p2a: Skarmory|76/100|[from] Stealth Rock
|
|upkeep
|turn|92
|
|t:|1743921875
|move|p2a: Skarmory|Spikes|p1a: Weezing
|-sidestart|p1: backwardmuk|Spikes
|move|p1a: Weezing|Will-O-Wisp|p2a: Skarmory
|-status|p2a: Skarmory|brn
|
|-damage|p2a: Skarmory|70/100 brn|[from] brn
|upkeep
|turn|93
|
|t:|1743921879
|move|p2a: Skarmory|Spikes|p1a: Weezing
|-sidestart|p1: backwardmuk|Spikes
|move|p1a: Weezing|Strange Steam|p2a: Skarmory
|-resisted|p2a: Skarmory
|-damage|p2a: Skarmory|52/100 brn
|
|-damage|p2a: Skarmory|46/100 brn|[from] brn
|upkeep
|turn|94
|
|t:|1743921884
|move|p2a: Skarmory|Roost|p2a: Skarmory
|-heal|p2a: Skarmory|96/100 brn
|-singleturn|p2a: Skarmory|move: Roost
|move|p1a: Weezing|Defog|p2a: Skarmory
|-unboost|p2a: Skarmory|evasion|1
|-sideend|p2: tyranitarticuno|Spikes|[from] move: Defog|[of] p1a: Weezing
|-sideend|p2: tyranitarticuno|Stealth Rock|[from] move: Defog|[of] p1a: Weezing
|-sideend|p1: backwardmuk|Spikes|[from] move: Defog|[of] p1a: Weezing
|-sideend|p1: backwardmuk|Stealth Rock|[from] move: Defog|[of] p1a: Weezing
|
|-damage|p2a: Skarmory|90/100 brn|[from] brn
|upkeep
|turn|95
|
|t:|1743921887
|-end|p1a: Weezing|ability: Neutralizing Gas
|switch|p1a: Pecharunt|Pecharunt|55/100
|move|p2a: Skarmory|Spikes|p1a: Pecharunt
|-sidestart|p1: backwardmuk|Spikes
|
|-damage|p2a: Skarmory|84/100 brn|[from] brn
|upkeep
|turn|96
|
|t:|1743921900
|move|p1a: Pecharunt|Night Shade|p2a: Skarmory
|-damage|p2a: Skarmory|54/100 brn
|move|p2a: Skarmory|Spikes|p1a: Pecharunt
|-sidestart|p1: backwardmuk|Spikes
|
|-damage|p2a: Skarmory|48/100 brn|[from] brn
|upkeep
|turn|97
|
|t:|1743921909
|move|p1a: Pecharunt|Night Shade|p2a: Skarmory
|-damage|p2a: Skarmory|18/100 brn
|move|p2a: Skarmory|Roost|p2a: Skarmory
|-heal|p2a: Skarmory|68/100 brn
|-singleturn|p2a: Skarmory|move: Roost
|
|-damage|p2a: Skarmory|62/100 brn|[from] brn
|upkeep
|turn|98
|
|t:|1743921914
|move|p1a: Pecharunt|Night Shade|p2a: Skarmory
|-damage|p2a: Skarmory|32/100 brn
|move|p2a: Skarmory|Spikes|p1a: Pecharunt
|-sidestart|p1: backwardmuk|Spikes
|
|-damage|p2a: Skarmory|26/100 brn|[from] brn
|upkeep
|turn|99
|
|t:|1743921917
|move|p1a: Pecharunt|Night Shade|p2a: Skarmory
|-damage|p2a: Skarmory|0 fnt
|faint|p2a: Skarmory
|
|upkeep
|
|t:|1743921919
|switch|p2a: Hydrapple|Hydrapple, M|52/100
|turn|100
|
|t:|1743921925
|move|p1a: Pecharunt|Toxic|p2a: Hydrapple
|-status|p2a: Hydrapple|tox
|-start|p2a: Hydrapple|confusion|[from] ability: Poison Puppeteer|[of] p1a: Pecharunt
|-activate|p2a: Hydrapple|confusion
|move|p2a: Hydrapple|Earth Power|p1a: Pecharunt
|-supereffective|p1a: Pecharunt
|-damage|p1a: Pecharunt|0 fnt
|faint|p1a: Pecharunt
|
|-damage|p2a: Hydrapple|46/100 tox|[from] psn
|upkeep
|
|t:|1743921928
|switch|p1a: Weezing|Weezing-Galar, F|71/100
|-ability|p1a: Weezing|Neutralizing Gas
|-damage|p1a: Weezing|46/100|[from] Spikes
|turn|101
|
|t:|1743921936
|-terastallize|p1a: Weezing|Ghost
|move|p1a: Weezing|Defog|p2a: Hydrapple
|-unboost|p2a: Hydrapple|evasion|1
|-sideend|p1: backwardmuk|Spikes|[from] move: Defog|[of] p1a: Weezing
|-activate|p2a: Hydrapple|confusion
|-damage|p2a: Hydrapple|42/100 tox|[from] confusion
|
|-damage|p2a: Hydrapple|30/100 tox|[from] psn
|upkeep
|turn|102
|
|t:|1743921947
|-terastallize|p2a: Hydrapple|Steel
|move|p1a: Weezing|Strange Steam|p2a: Hydrapple
|-resisted|p2a: Hydrapple
|-damage|p2a: Hydrapple|17/100 tox
|-end|p2a: Hydrapple|confusion
|move|p2a: Hydrapple|Fickle Beam|p1a: Weezing|[anim] Fickle Beam All Out
|-activate|p2a: Hydrapple|move: Fickle Beam
|-damage|p1a: Weezing|0 fnt
|faint|p1a: Weezing
|-end|p1a: Weezing|ability: Neutralizing Gas
|
|-damage|p2a: Hydrapple|0 fnt|[from] psn
|faint|p2a: Hydrapple
|upkeep
|
|t:|1743921952
|switch|p1a: Ting-Lu|Ting-Lu|75/100
|switch|p2a: Alomomola|Alomomola, M, shiny|3/100 tox
|-ability|p1a: Ting-Lu|Vessel of Ruin
|turn|103
|
|t:|1743921960
|switch|p2a: Clefable|Clefable, M|37/100 tox
|move|p1a: Ting-Lu|Earthquake|p2a: Clefable
|-damage|p2a: Clefable|10/100 tox
|
|upkeep
|turn|104
|
|t:|1743921964
|switch|p2a: Alomomola|Alomomola, M, shiny|37/100 tox
|move|p1a: Ting-Lu|Earthquake|p2a: Alomomola
|-damage|p2a: Alomomola|12/100 tox
|
|-damage|p2a: Alomomola|6/100 tox|[from] psn
|upkeep
|turn|105
|
|t:|1743921974
|switch|p2a: Clodsire|Clodsire, F|94/100 brn
|move|p1a: Ting-Lu|Earthquake|p2a: Clodsire
|-supereffective|p2a: Clodsire
|-damage|p2a: Clodsire|35/100 brn
|
|-damage|p2a: Clodsire|29/100 brn|[from] brn
|upkeep
|turn|106
|
|t:|1743921981
|switch|p2a: Alomomola|Alomomola, M, shiny|39/100 tox
|move|p1a: Ting-Lu|Earthquake|p2a: Alomomola
|-damage|p2a: Alomomola|15/100 tox
|
|-damage|p2a: Alomomola|9/100 tox|[from] psn
|upkeep
|turn|107
|
|t:|1743921987
|switch|p2a: Tyranitar|Tyranitar, M|25/100 tox
|-weather|Sandstorm|[from] ability: Sand Stream|[of] p2a: Tyranitar
|move|p1a: Ting-Lu|Earthquake|p2a: Tyranitar
|-supereffective|p2a: Tyranitar
|-damage|p2a: Tyranitar|0 fnt
|faint|p2a: Tyranitar
|
|-weather|Sandstorm|[upkeep]
|upkeep
|-message|tyranitarticuno forfeited.
|
|win|backwardmuk
|raw|backwardmuk's rating: 1611 &rarr; <strong>1628</strong><br />(+17 for winning)
|raw|tyranitarticuno's rating: 1553 &rarr; <strong>1536</strong><br />(-17 for losing)
|l|☆tyranitarticuno
|player|p2|
