|badge|p2|bronze|gen9uu|100-5
|uhtml|medal-msg|<div class="broadcast-blue">Curious what those medals under the avatar are? PS now has Ladder Seasons! For more information, check out the <a href="https://www.smogon.com/forums/threads/3740067/">thread on Smogon.</a></div>
|j|☆vacheron
|j|☆bizarman
|t:|1743785392
|gametype|singles
|player|p1|vacheron|170|1788
|player|p2|bizarman|scientist-gen4|1785
|teamsize|p1|6
|teamsize|p2|6
|gen|9
|tier|[Gen 9] OU
|rated|
|rule|HP Percentage Mod: HP is shown in percentages
|rule|Endless Battle Clause: Forcing endless battles is banned
|rule|Species Clause: Limit one of each Pokémon
|rule|OHKO Clause: OHKO moves are banned
|rule|Evasion Items Clause: Evasion items are banned
|rule|Evasion Moves Clause: Evasion moves are banned
|rule|Sleep Moves Clause: Sleep-inducing moves are banned
|clearpoke
|poke|p1|Samurott-Hisui, F|
|poke|p1|Iron Valiant|
|poke|p1|Pecharunt|
|poke|p1|Reuniclus, F|
|poke|p1|Darkrai|
|poke|p1|Kingambit, F|
|poke|p2|Garchomp, M|
|poke|p2|Iron Valiant|
|poke|p2|Great Tusk|
|poke|p2|Moltres|
|poke|p2|Slowking-Galar, M|
|poke|p2|Raging Bolt|
|teampreview
|j| metaloid
|inactive|Battle timer is ON: inactive players will automatically lose when time's up. (requested by bizarman)
|
|t:|1743785406
|start
|switch|p1a: Valediction|Samurott-Hisui, F|100/100
|switch|p2a: Garchomp|Garchomp, M|100/100
|turn|1
|
|t:|1743785416
|move|p2a: Garchomp|Earthquake|p1a: Valediction
|-damage|p1a: Valediction|13/100
|-damage|p2a: Garchomp|91/100|[from] item: Life Orb
|move|p1a: Valediction|Ceaseless Edge|p2a: Garchomp|[miss]
|-miss|p1a: Valediction|p2a: Garchomp
|
|upkeep
|turn|2
|
|t:|1743785423
|move|p2a: Garchomp|Earthquake|p1a: Valediction
|-damage|p1a: Valediction|0 fnt
|faint|p1a: Valediction
|-damage|p2a: Garchomp|81/100|[from] item: Life Orb
|
|upkeep
|
|t:|1743785425
|switch|p1a: Scarlet Devil|Darkrai|100/100
|turn|3
|
|t:|1743785434
|switch|p2a: Slowking|Slowking-Galar, M|100/100
|move|p1a: Scarlet Devil|Ice Beam|p2a: Slowking
|-damage|p2a: Slowking|80/100
|
|upkeep
|turn|4
|j| STKXY1
|j| NotoriousIG
|
|t:|1743785447
|move|p1a: Scarlet Devil|Knock Off|p2a: Slowking
|-supereffective|p2a: Slowking
|-crit|p2a: Slowking
|-damage|p2a: Slowking|0 fnt
|-enditem|p2a: Slowking|Heavy-Duty Boots|[from] move: Knock Off|[of] p1a: Scarlet Devil
|faint|p2a: Slowking
|
|upkeep
|j| Le Bouquetin
|c|☆bizarman|lol
|
|t:|1743785461
|switch|p2a: Iron Valiant|Iron Valiant|100/100
|-enditem|p2a: Iron Valiant|Booster Energy
|-activate|p2a: Iron Valiant|ability: Quark Drive|[fromitem]
|-start|p2a: Iron Valiant|quarkdrivespe
|turn|5
|j| JAY174
|
|t:|1743785468
|move|p2a: Iron Valiant|Encore|p1a: Scarlet Devil
|-start|p1a: Scarlet Devil|Encore
|move|p1a: Scarlet Devil|Knock Off|p2a: Iron Valiant
|-resisted|p2a: Iron Valiant
|-damage|p2a: Iron Valiant|93/100
|
|upkeep
|turn|6
|
|t:|1743785474
|switch|p1a: Metastasis|Reuniclus, F|100/100
|move|p2a: Iron Valiant|Calm Mind|p2a: Iron Valiant
|-boost|p2a: Iron Valiant|spa|1
|-boost|p2a: Iron Valiant|spd|1
|
|upkeep
|turn|7
|j| union boss
|
|t:|1743785483
|move|p2a: Iron Valiant|Shadow Ball|p1a: Metastasis
|-supereffective|p1a: Metastasis
|-damage|p1a: Metastasis|41/100
|move|p1a: Metastasis|Trick Room|p1a: Metastasis
|-fieldstart|move: Trick Room|[of] p1a: Metastasis
|
|upkeep
|turn|8
|j| Berengario
|c| NotoriousIG|whys it called scarlet devil if it's just black
|
|t:|1743785496
|move|p1a: Metastasis|Psychic Noise|p2a: Iron Valiant
|-supereffective|p2a: Iron Valiant
|-damage|p2a: Iron Valiant|0 fnt
|faint|p2a: Iron Valiant
|-end|p2a: Iron Valiant|Quark Drive|[silent]
|
|upkeep
|
|t:|1743785508
|switch|p2a: Raging Bolt|Raging Bolt|100/100
|-enditem|p2a: Raging Bolt|Booster Energy
|-activate|p2a: Raging Bolt|ability: Protosynthesis|[fromitem]
|-start|p2a: Raging Bolt|protosynthesisspa
|turn|9
|c|☆vacheron|it is red too
|
|t:|1743785515
|move|p2a: Raging Bolt|Thunderclap|p1a: Metastasis
|-damage|p1a: Metastasis|0 fnt
|faint|p1a: Metastasis
|
|upkeep
|
|t:|1743785517
|switch|p1a: Murasama|Kingambit, F|100/100
|-activate|p1a: Murasama|ability: Supreme Overlord
|-start|p1a: Murasama|fallen2|[silent]
|turn|10
|
|t:|1743785523
|move|p1a: Murasama|Kowtow Cleave|p2a: Raging Bolt
|-damage|p2a: Raging Bolt|48/100
|move|p2a: Raging Bolt|Thunderbolt|p1a: Murasama
|-damage|p1a: Murasama|28/100
|
|upkeep
|turn|11
|
|t:|1743785529
|move|p1a: Murasama|Sucker Punch|p2a: Raging Bolt
|-damage|p2a: Raging Bolt|0 fnt
|faint|p2a: Raging Bolt
|-end|p2a: Raging Bolt|Protosynthesis|[silent]
|
|-fieldend|move: Trick Room
|upkeep
|
|t:|1743785535
|switch|p2a: Great Tusk|Great Tusk|100/100
|turn|12
|
|t:|1743785539
|move|p2a: Great Tusk|Stealth Rock|p1a: Murasama
|-sidestart|p1: vacheron|move: Stealth Rock
|move|p1a: Murasama|Iron Head|p2a: Great Tusk
|-damage|p2a: Great Tusk|66/100
|
|upkeep
|turn|13
|
|t:|1743785544
|move|p2a: Great Tusk|Earthquake|p1a: Murasama
|-supereffective|p1a: Murasama
|-damage|p1a: Murasama|0 fnt
|faint|p1a: Murasama
|-end|p1a: Murasama|fallen2|[silent]
|
|upkeep
|
|t:|1743785553
|switch|p1a: Mani Katti|Iron Valiant|100/100
|-damage|p1a: Mani Katti|94/100|[from] Stealth Rock
|-enditem|p1a: Mani Katti|Booster Energy
|-activate|p1a: Mani Katti|ability: Quark Drive|[fromitem]
|-start|p1a: Mani Katti|quarkdrivespa
|turn|14
|
|t:|1743785564
|-end|p2a: Great Tusk|Protosynthesis|[silent]
|switch|p2a: Moltres|Moltres|100/100
|move|p1a: Mani Katti|Moonblast|p2a: Moltres
|-resisted|p2a: Moltres
|-damage|p2a: Moltres|65/100
|-unboost|p2a: Moltres|spa|1
|
|upkeep
|turn|15
|
|t:|1743785575
|move|p1a: Mani Katti|Shadow Ball|p2a: Moltres
|-damage|p2a: Moltres|24/100
|-unboost|p2a: Moltres|spd|1
|move|p2a: Moltres|Roost|p2a: Moltres
|-heal|p2a: Moltres|74/100
|-singleturn|p2a: Moltres|move: Roost
|
|upkeep
|turn|16
|c|☆bizarman|lol
|
|t:|1743785586
|switch|p2a: Great Tusk|Great Tusk|66/100
|move|p1a: Mani Katti|Shadow Ball|p2a: Great Tusk
|-damage|p2a: Great Tusk|22/100
|
|upkeep
|turn|17
|
|t:|1743785594
|move|p1a: Mani Katti|Moonblast|p2a: Great Tusk
|-supereffective|p2a: Great Tusk
|-damage|p2a: Great Tusk|0 fnt
|faint|p2a: Great Tusk
|-end|p2a: Great Tusk|Protosynthesis|[silent]
|
|upkeep
|
|t:|1743785598
|switch|p2a: Moltres|Moltres|74/100
|turn|18
|
|t:|1743785602
|move|p1a: Mani Katti|Shadow Ball|p2a: Moltres
|-damage|p2a: Moltres|37/100
|-unboost|p2a: Moltres|spd|1
|move|p2a: Moltres|Flamethrower|p1a: Mani Katti
|-damage|p1a: Mani Katti|32/100
|
|upkeep
|turn|19
|c|☆vacheron|yummy drops
|c|☆vacheron|sry
|c|☆bizarman|fml
|
|t:|1743785616
|move|p1a: Mani Katti|Shadow Ball|p2a: Moltres
|-damage|p2a: Moltres|0 fnt
|faint|p2a: Moltres
|
|upkeep
|
|t:|1743785620
|switch|p2a: Garchomp|Garchomp, M|81/100
|turn|20
|
|t:|1743785624
|-terastallize|p2a: Garchomp|Fire
|move|p2a: Garchomp|Earthquake|p1a: Mani Katti
|-damage|p1a: Mani Katti|0 fnt
|faint|p1a: Mani Katti
|-end|p1a: Mani Katti|Quark Drive|[silent]
|-damage|p2a: Garchomp|71/100|[from] item: Life Orb
|
|upkeep
|j| Soluc
|
|t:|1743785627
|switch|p1a: Azathoth|Pecharunt|100/100
|-damage|p1a: Azathoth|88/100|[from] Stealth Rock
|turn|21
|j| ichigo39
|c|☆vacheron|gg
|
|t:|1743785635
|move|p2a: Garchomp|Earthquake|p1a: Azathoth
|-supereffective|p1a: Azathoth
|-enditem|p1a: Azathoth|Shuca Berry|[eat]
|-enditem|p1a: Azathoth|Shuca Berry|[weaken]
|-damage|p1a: Azathoth|40/100
|-damage|p2a: Garchomp|61/100|[from] item: Life Orb
|move|p1a: Azathoth|Malignant Chain|p2a: Garchomp
|-crit|p2a: Garchomp
|-damage|p2a: Garchomp|0 fnt
|faint|p2a: Garchomp
|
|win|vacheron
|raw|vacheron's rating: 1788 &rarr; <strong>1808</strong><br />(+20 for winning)
|raw|bizarman's rating: 1785 &rarr; <strong>1765</strong><br />(-20 for losing)
|l| Berengario
|c|☆bizarman|lol
|l|☆bizarman
|player|p2|
|c|☆vacheron|why are there so many people
|l| metaloid
|c| NotoriousIG|u guys are the only high ranks playing rn
|c| ichigo39|chillin
|l| NotoriousIG
|c|☆vacheron|oh
|l| ichigo39
|l|☆vacheron
|player|p1|
|l| JAY174
|l| STKXY1
|l| Soluc
