|j|☆stacyannglick
|j|☆OctoMystic
|t:|1743887661
|gametype|singles
|player|p1|stacyannglick|parasollady|1604
|player|p2|OctoMystic|1|1552
|teamsize|p1|6
|teamsize|p2|6
|gen|9
|tier|[Gen 9] OU
|rated|
|rule|HP Percentage Mod: HP is shown in percentages
|rule|Endless Battle Clause: Forcing endless battles is banned
|rule|Species Clause: Limit one of each Pokémon
|rule|OHKO Clause: OHKO moves are banned
|rule|Evasion Items Clause: Evasion items are banned
|rule|Evasion Moves Clause: Evasion moves are banned
|rule|Sleep Moves Clause: Sleep-inducing moves are banned
|clearpoke
|poke|p1|Pelipper, F|
|poke|p1|Barraskewda, F|
|poke|p1|Iron Treads|
|poke|p1|Thundurus-Therian, M|
|poke|p1|Greninja-*, M|
|poke|p1|Mamoswine, M|
|poke|p2|Zamazenta-*|
|poke|p2|Ogerpon-Wellspring, F|
|poke|p2|Slowking-Galar, M|
|poke|p2|Great Tusk|
|poke|p2|Kingambit, M|
|poke|p2|Zapdos|
|teampreview
|inactive|Battle timer is ON: inactive players will automatically lose when time's up. (requested by OctoMystic)
|
|t:|1743887669
|start
|switch|p1a: tonkatruck|Iron Treads|100/100
|switch|p2a: Ogerpon|Ogerpon-Wellspring, F|100/100
|-enditem|p1a: tonkatruck|Booster Energy
|-activate|p1a: tonkatruck|ability: Quark Drive|[fromitem]
|-start|p1a: tonkatruck|quarkdrivespe
|turn|1
|
|t:|1743887675
|move|p1a: tonkatruck|Ice Spinner|p2a: Ogerpon
|-damage|p2a: Ogerpon|70/100
|move|p2a: Ogerpon|U-turn|p1a: tonkatruck
|-resisted|p1a: tonkatruck
|-damage|p1a: tonkatruck|87/100
|
|t:|1743887684
|switch|p2a: Zamazenta|Zamazenta|100/100|[from] U-turn
|-ability|p2a: Zamazenta|Dauntless Shield|boost
|-boost|p2a: Zamazenta|def|1
|
|upkeep
|turn|2
|
|t:|1743887687
|move|p1a: tonkatruck|Stealth Rock|p2a: Zamazenta
|-sidestart|p2: OctoMystic|move: Stealth Rock
|move|p2a: Zamazenta|Stone Edge|p1a: tonkatruck
|-resisted|p1a: tonkatruck
|-damage|p1a: tonkatruck|79/100
|
|upkeep
|turn|3
|
|t:|1743887693
|-end|p1a: tonkatruck|Quark Drive|[silent]
|switch|p1a: raini rodriguez|Pelipper, F, shiny|100/100
|-weather|RainDance|[from] ability: Drizzle|[of] p1a: raini rodriguez
|move|p2a: Zamazenta|Close Combat|p1a: raini rodriguez
|-resisted|p1a: raini rodriguez
|-damage|p1a: raini rodriguez|75/100
|-unboost|p2a: Zamazenta|def|1
|-unboost|p2a: Zamazenta|spd|1
|
|-weather|RainDance|[upkeep]
|upkeep
|turn|4
|
|t:|1743887696
|move|p2a: Zamazenta|Stone Edge|p1a: raini rodriguez
|-supereffective|p1a: raini rodriguez
|-damage|p1a: raini rodriguez|9/100
|move|p1a: raini rodriguez|Hurricane|p2a: Zamazenta
|-supereffective|p2a: Zamazenta
|-damage|p2a: Zamazenta|6/100
|
|-weather|RainDance|[upkeep]
|upkeep
|turn|5
|
|t:|1743887703
|switch|p1a: dink|Mamoswine, M|100/100
|move|p2a: Zamazenta|Crunch|p1a: dink
|-damage|p1a: dink|68/100
|
|-weather|RainDance|[upkeep]
|upkeep
|turn|6
|
|t:|1743887716
|switch|p2a: Ogerpon|Ogerpon-Wellspring, F|70/100
|-damage|p2a: Ogerpon|58/100|[from] Stealth Rock
|move|p1a: dink|Ice Shard|p2a: Ogerpon
|-damage|p2a: Ogerpon|16/100
|
|-weather|RainDance|[upkeep]
|upkeep
|turn|7
|
|t:|1743887727
|switch|p2a: Kingambit|Kingambit, M|100/100
|-damage|p2a: Kingambit|94/100|[from] Stealth Rock
|move|p1a: dink|Ice Shard|p2a: Kingambit
|-resisted|p2a: Kingambit
|-damage|p2a: Kingambit|82/100
|
|-weather|RainDance|[upkeep]
|-heal|p2a: Kingambit|88/100|[from] item: Leftovers
|upkeep
|turn|8
|
|t:|1743887736
|switch|p1a: tonkatruck|Iron Treads|79/100
|move|p2a: Kingambit|Kowtow Cleave|p1a: tonkatruck
|-damage|p1a: tonkatruck|35/100
|
|-weather|RainDance|[upkeep]
|-heal|p2a: Kingambit|94/100|[from] item: Leftovers
|upkeep
|turn|9
|
|t:|1743887744
|move|p2a: Kingambit|Sucker Punch|p1a: tonkatruck
|-damage|p1a: tonkatruck|0 fnt
|faint|p1a: tonkatruck
|-end|p1a: tonkatruck|Quark Drive|[silent]
|
|-weather|RainDance|[upkeep]
|-heal|p2a: Kingambit|100/100|[from] item: Leftovers
|upkeep
|
|t:|1743887751
|switch|p1a: stacy’s ace stace|Thundurus-Therian, M|100/100
|turn|10
|
|t:|1743887754
|-end|p2a: Kingambit|fallenundefined|[silent]
|switch|p2a: Slowking|Slowking-Galar, M|100/100
|-damage|p2a: Slowking|88/100|[from] Stealth Rock
|move|p1a: stacy’s ace stace|Substitute|p1a: stacy’s ace stace
|-start|p1a: stacy’s ace stace|Substitute
|-damage|p1a: stacy’s ace stace|76/100
|
|-weather|none
|-heal|p1a: stacy’s ace stace|82/100|[from] item: Leftovers
|upkeep
|turn|11
|
|t:|1743887759
|move|p1a: stacy’s ace stace|Nasty Plot|p1a: stacy’s ace stace
|-boost|p1a: stacy’s ace stace|spa|2
|move|p2a: Slowking|Ice Beam|p1a: stacy’s ace stace
|-supereffective|p1a: stacy’s ace stace
|-end|p1a: stacy’s ace stace|Substitute
|
|-heal|p1a: stacy’s ace stace|88/100|[from] item: Leftovers
|upkeep
|turn|12
|
|t:|1743887765
|move|p1a: stacy’s ace stace|Thunder|p2a: Slowking|[miss]
|-miss|p1a: stacy’s ace stace|p2a: Slowking
|move|p2a: Slowking|Ice Beam|p1a: stacy’s ace stace
|-supereffective|p1a: stacy’s ace stace
|-damage|p1a: stacy’s ace stace|1/100
|
|-heal|p1a: stacy’s ace stace|7/100|[from] item: Leftovers
|upkeep
|turn|13
|
|t:|1743887775
|move|p1a: stacy’s ace stace|Thunder|p2a: Slowking
|-damage|p2a: Slowking|24/100
|move|p2a: Slowking|Ice Beam|p1a: stacy’s ace stace
|-supereffective|p1a: stacy’s ace stace
|-crit|p1a: stacy’s ace stace
|-damage|p1a: stacy’s ace stace|0 fnt
|faint|p1a: stacy’s ace stace
|
|upkeep
|
|t:|1743887780
|switch|p1a: dinkdinkdink|Greninja, M|100/100
|turn|14
|
|t:|1743887785
|switch|p2a: Zapdos|Zapdos|100/100
|move|p1a: dinkdinkdink|Dark Pulse|p2a: Zapdos
|-damage|p2a: Zapdos|66/100
|
|upkeep
|turn|15
|
|t:|1743887792
|move|p1a: dinkdinkdink|Ice Beam|p2a: Zapdos
|-supereffective|p2a: Zapdos
|-damage|p2a: Zapdos|0 fnt
|faint|p2a: Zapdos
|-ability|p1a: dinkdinkdink|Battle Bond|boost
|-boost|p1a: dinkdinkdink|atk|1
|-boost|p1a: dinkdinkdink|spa|1
|-boost|p1a: dinkdinkdink|spe|1
|-activate|p1a: dinkdinkdink|ability: Battle Bond
|
|upkeep
|
|t:|1743887796
|switch|p2a: Kingambit|Kingambit, M|100/100
|-damage|p2a: Kingambit|94/100|[from] Stealth Rock
|-activate|p2a: Kingambit|ability: Supreme Overlord
|-start|p2a: Kingambit|fallen1|[silent]
|turn|16
|
|t:|1743887819
|move|p1a: dinkdinkdink|Dark Pulse|p2a: Kingambit
|-resisted|p2a: Kingambit
|-damage|p2a: Kingambit|66/100
|move|p2a: Kingambit|Low Kick|p1a: dinkdinkdink
|-supereffective|p1a: dinkdinkdink
|-damage|p1a: dinkdinkdink|13/100
|
|-heal|p2a: Kingambit|72/100|[from] item: Leftovers
|upkeep
|turn|17
|
|t:|1743887825
|move|p1a: dinkdinkdink|Water Shuriken|p2a: Kingambit
|-damage|p2a: Kingambit|62/100
|-damage|p2a: Kingambit|52/100
|-damage|p2a: Kingambit|42/100
|-hitcount|p2a: Kingambit|3
|move|p2a: Kingambit|Sucker Punch||[still]
|-fail|p2a: Kingambit
|
|-heal|p2a: Kingambit|48/100|[from] item: Leftovers
|upkeep
|turn|18
|
|t:|1743887836
|move|p1a: dinkdinkdink|Water Shuriken|p2a: Kingambit
|-damage|p2a: Kingambit|38/100
|-damage|p2a: Kingambit|27/100
|-damage|p2a: Kingambit|18/100
|-hitcount|p2a: Kingambit|3
|move|p2a: Kingambit|Sucker Punch||[still]
|-fail|p2a: Kingambit
|
|-heal|p2a: Kingambit|24/100|[from] item: Leftovers
|upkeep
|turn|19
|
|t:|1743887843
|-end|p2a: Kingambit|fallen1|[silent]
|switch|p2a: Ogerpon|Ogerpon-Wellspring, F|16/100
|-damage|p2a: Ogerpon|4/100|[from] Stealth Rock
|move|p1a: dinkdinkdink|Water Shuriken|p2a: Ogerpon
|-heal|p2a: Ogerpon|29/100|[from] ability: Water Absorb|[of] p1a: dinkdinkdink
|
|upkeep
|turn|20
|inactive|OctoMystic has 120 seconds left.
|
|t:|1743887878
|switch|p2a: Great Tusk|Great Tusk, shiny|100/100
|move|p1a: dinkdinkdink|Dark Pulse|p2a: Great Tusk
|-resisted|p2a: Great Tusk
|-damage|p2a: Great Tusk|59/100
|
|upkeep
|turn|21
|inactive|OctoMystic has 120 seconds left.
|
|t:|1743887884
|move|p1a: dinkdinkdink|Ice Beam|p2a: Great Tusk
|-supereffective|p2a: Great Tusk
|-damage|p2a: Great Tusk|0 fnt
|faint|p2a: Great Tusk
|-end|p2a: Great Tusk|Protosynthesis|[silent]
|
|upkeep
|inactive|OctoMystic has 120 seconds left.
|
|t:|1743887889
|switch|p2a: Slowking|Slowking-Galar, M|57/100
|-damage|p2a: Slowking|45/100|[from] Stealth Rock
|turn|22
|inactive|OctoMystic has 120 seconds left.
|
|t:|1743887899
|-terastallize|p2a: Slowking|Water
|move|p1a: dinkdinkdink|Dark Pulse|p2a: Slowking
|-damage|p2a: Slowking|16/100
|move|p2a: Slowking|Sludge Bomb|p1a: dinkdinkdink
|-damage|p1a: dinkdinkdink|0 fnt
|faint|p1a: dinkdinkdink
|
|upkeep
|
|t:|1743887911
|switch|p1a: dink|Mamoswine, M|68/100
|turn|23
|
|t:|1743887918
|switch|p2a: Zamazenta|Zamazenta|6/100
|-damage|p2a: Zamazenta|0 fnt|[from] Stealth Rock
|faint|p2a: Zamazenta
|move|p1a: dink|Ice Shard|p2: Zamazenta|[notarget]
|-fail|p1a: dink
|
|upkeep
|inactive|OctoMystic has 120 seconds left.
|inactive|OctoMystic has 90 seconds left.
|
|t:|1743887973
|switch|p2a: Slowking|Slowking-Galar, M, tera:Water|50/100
|-damage|p2a: Slowking|37/100|[from] Stealth Rock
|turn|24
|inactive|OctoMystic has 90 seconds left.
|
|t:|1743887979
|switch|p1a: glindseylou|Barraskewda, F, shiny|100/100
|move|p2a: Slowking|Flamethrower|p1a: glindseylou
|-resisted|p1a: glindseylou
|-damage|p1a: glindseylou|69/100
|
|upkeep
|turn|25
|
|t:|1743887985
|move|p1a: glindseylou|Close Combat|p2a: Slowking
|-damage|p2a: Slowking|0 fnt
|-unboost|p1a: glindseylou|def|1
|-unboost|p1a: glindseylou|spd|1
|faint|p2a: Slowking
|
|upkeep
|
|t:|1743887989
|switch|p2a: Kingambit|Kingambit, M|24/100
|-damage|p2a: Kingambit|18/100|[from] Stealth Rock
|-activate|p2a: Kingambit|ability: Supreme Overlord
|-start|p2a: Kingambit|fallen4|[silent]
|turn|26
|
|t:|1743887991
|switch|p1a: raini rodriguez|Pelipper, F, shiny|9/100
|-weather|RainDance|[from] ability: Drizzle|[of] p1a: raini rodriguez
|move|p2a: Kingambit|Sucker Punch||[still]
|-fail|p2a: Kingambit
|
|-weather|RainDance|[upkeep]
|-heal|p2a: Kingambit|24/100|[from] item: Leftovers
|upkeep
|turn|27
|
|t:|1743887998
|move|p2a: Kingambit|Sucker Punch|p1a: raini rodriguez
|-crit|p1a: raini rodriguez
|-damage|p1a: raini rodriguez|0 fnt
|faint|p1a: raini rodriguez
|
|-weather|RainDance|[upkeep]
|-heal|p2a: Kingambit|30/100|[from] item: Leftovers
|upkeep
|
|t:|1743888001
|switch|p1a: glindseylou|Barraskewda, F, shiny|69/100
|turn|28
|
|t:|1743888009
|move|p1a: glindseylou|Aqua Jet|p2a: Kingambit
|-damage|p2a: Kingambit|0 fnt
|faint|p2a: Kingambit
|-end|p2a: Kingambit|fallen4|[silent]
|
|-weather|RainDance|[upkeep]
|upkeep
|
|t:|1743888011
|switch|p2a: Ogerpon|Ogerpon-Wellspring, F|29/100
|-damage|p2a: Ogerpon|16/100|[from] Stealth Rock
|turn|29
|
|t:|1743888015
|switch|p1a: dink|Mamoswine, M|68/100
|move|p2a: Ogerpon|Ivy Cudgel|p1a: dink|[anim] Ivy Cudgel Water
|-supereffective|p1a: dink
|-damage|p1a: dink|0 fnt
|faint|p1a: dink
|
|-weather|RainDance|[upkeep]
|upkeep
|
|t:|1743888017
|switch|p1a: glindseylou|Barraskewda, F, shiny|69/100
|turn|30
|
|t:|1743888019
|-terastallize|p1a: glindseylou|Water
|move|p1a: glindseylou|Close Combat|p2a: Ogerpon
|-damage|p2a: Ogerpon|0 fnt
|-unboost|p1a: glindseylou|def|1
|-unboost|p1a: glindseylou|spd|1
|faint|p2a: Ogerpon
|
|win|stacyannglick
|raw|stacyannglick's rating: 1604 &rarr; <strong>1621</strong><br />(+17 for winning)
|raw|OctoMystic's rating: 1552 &rarr; <strong>1535</strong><br />(-17 for losing)
|l|☆OctoMystic
|player|p2|
|l|☆stacyannglick
|player|p1|
