|j|☆SGMayhem
|j|☆mrdcaba12725
|t:|1743798982
|gametype|singles
|player|p1|SGMayhem|cynthia|1189
|player|p2|mrdcaba12725|101|1162
|teamsize|p1|6
|teamsize|p2|6
|gen|9
|tier|[Gen 9] OU
|rated|
|rule|HP Percentage Mod: HP is shown in percentages
|rule|Endless Battle Clause: Forcing endless battles is banned
|rule|Species Clause: Limit one of each Pokémon
|rule|OHKO Clause: OHKO moves are banned
|rule|Evasion Items Clause: Evasion items are banned
|rule|Evasion Moves Clause: Evasion moves are banned
|rule|Sleep Moves Clause: Sleep-inducing moves are banned
|clearpoke
|poke|p1|Magcargo, M|
|poke|p1|Slowking-Galar, F|
|poke|p1|Beartic, M|
|poke|p1|Alomomola, F|
|poke|p1|Tauros, M|
|poke|p1|Altaria, F|
|poke|p2|Deoxys-Speed|
|poke|p2|Kyurem|
|poke|p2|Dragonite, F|
|poke|p2|Iron Crown|
|poke|p2|Iron Boulder|
|poke|p2|Dragapult, F|
|teampreview
|
|t:|1743798997
|start
|switch|p1a: Alomomola|Alomomola, F|100/100
|switch|p2a: Deoxys|Deoxys-Speed|100/100
|-ability|p2a: Deoxys|Pressure
|turn|1
|
|t:|1743799006
|move|p2a: Deoxys|Taunt|p1a: Alomomola
|-start|p1a: Alomomola|move: Taunt
|move|p1a: Alomomola|Flip Turn|p2a: Deoxys
|-damage|p2a: Deoxys|82/100
|
|t:|1743799013
|switch|p1a: Tauros|Tauros, M|100/100|[from] Flip Turn
|
|upkeep
|turn|2
|
|t:|1743799020
|move|p2a: Deoxys|Reflect|p2a: Deoxys
|-sidestart|p2: mrdcaba12725|Reflect
|move|p1a: Tauros|Shadow Ball|p2a: Deoxys
|-supereffective|p2a: Deoxys
|-damage|p2a: Deoxys|27/100
|
|upkeep
|turn|3
|c|☆mrdcaba12725|wow
|
|t:|1743799030
|move|p2a: Deoxys|Light Screen|p2a: Deoxys
|-sidestart|p2: mrdcaba12725|move: Light Screen
|move|p1a: Tauros|Shadow Ball|p2a: Deoxys
|-supereffective|p2a: Deoxys
|-damage|p2a: Deoxys|0 fnt
|faint|p2a: Deoxys
|
|upkeep
|
|t:|1743799051
|switch|p2a: Iron Crown|Iron Crown|100/100
|turn|4
|
|t:|1743799071
|-terastallize|p2a: Iron Crown|Steel
|move|p1a: Tauros|Flamethrower|p2a: Iron Crown
|-supereffective|p2a: Iron Crown
|-damage|p2a: Iron Crown|76/100
|move|p2a: Iron Crown|Calm Mind|p2a: Iron Crown
|-boost|p2a: Iron Crown|spa|1
|-boost|p2a: Iron Crown|spd|1
|
|-heal|p2a: Iron Crown|82/100|[from] item: Leftovers
|upkeep
|turn|5
|
|t:|1743799080
|switch|p1a: Altaria|Altaria, F, shiny|100/100
|move|p2a: Iron Crown|Calm Mind|p2a: Iron Crown
|-boost|p2a: Iron Crown|spa|1
|-boost|p2a: Iron Crown|spd|1
|
|-heal|p2a: Iron Crown|88/100|[from] item: Leftovers
|upkeep
|turn|6
|
|t:|1743799088
|move|p2a: Iron Crown|Agility|p2a: Iron Crown
|-boost|p2a: Iron Crown|spe|2
|move|p1a: Altaria|Defog|p2a: Iron Crown
|-unboost|p2a: Iron Crown|evasion|1
|-sideend|p2: mrdcaba12725|Reflect
|-sideend|p2: mrdcaba12725|move: Light Screen
|
|-heal|p2a: Iron Crown|95/100|[from] item: Leftovers
|upkeep
|turn|7
|
|t:|1743799114
|move|p2a: Iron Crown|Calm Mind|p2a: Iron Crown
|-boost|p2a: Iron Crown|spa|1
|-boost|p2a: Iron Crown|spd|1
|move|p1a: Altaria|Earthquake|p2a: Iron Crown
|-supereffective|p2a: Iron Crown
|-damage|p2a: Iron Crown|58/100
|
|-heal|p2a: Iron Crown|65/100|[from] item: Leftovers
|upkeep
|turn|8
|
|t:|1743799122
|move|p2a: Iron Crown|Stored Power|p1a: Altaria
|-damage|p1a: Altaria|0 fnt
|faint|p1a: Altaria
|
|-heal|p2a: Iron Crown|71/100|[from] item: Leftovers
|upkeep
|
|t:|1743799130
|switch|p1a: Slowking|Slowking-Galar, F|100/100
|turn|9
|
|t:|1743799134
|move|p2a: Iron Crown|Stored Power|p1a: Slowking
|-damage|p1a: Slowking|0 fnt
|faint|p1a: Slowking
|
|-heal|p2a: Iron Crown|77/100|[from] item: Leftovers
|upkeep
|
|t:|1743799140
|switch|p1a: Magcargo|Magcargo, M|100/100
|turn|10
|-message|SGMayhem forfeited.
|
|win|mrdcaba12725
|raw|SGMayhem's rating: 1189 &rarr; <strong>1162</strong><br />(-27 for losing)
|raw|mrdcaba12725's rating: 1162 &rarr; <strong>1189</strong><br />(+27 for winning)
|l|☆SGMayhem
|player|p1|
|l|☆mrdcaba12725
|player|p2|
