|j|☆CaniPee 3
|j|☆gravelerock
|t:|1743906420
|gametype|singles
|player|p1|CaniPee 3|102|1346
|player|p2|gravelerock|2|1363
|teamsize|p1|6
|teamsize|p2|6
|gen|9
|tier|[Gen 9] OU
|rated|
|rule|HP Percentage Mod: HP is shown in percentages
|rule|Endless Battle Clause: Forcing endless battles is banned
|rule|Species Clause: Limit one of each Pokémon
|rule|OHKO Clause: OHKO moves are banned
|rule|Evasion Items Clause: Evasion items are banned
|rule|Evasion Moves Clause: Evasion moves are banned
|rule|Sleep Moves Clause: Sleep-inducing moves are banned
|clearpoke
|poke|p1|Cinccino, F|
|poke|p1|Samurott-Hisui, M|
|poke|p1|Iron Moth|
|poke|p1|Ting-Lu|
|poke|p1|Primarina, F|
|poke|p1|Corviknight, F|
|poke|p2|Rotom-Wash|
|poke|p2|Dragapult, F|
|poke|p2|Iron Treads|
|poke|p2|Clefable, F|
|poke|p2|Landorus-Therian, M|
|poke|p2|Zamazenta-*|
|teampreview
|
|t:|1743906435
|start
|switch|p1a: Primarina|Primarina, F|100/100
|switch|p2a: Clefable|Clefable, F|100/100
|turn|1
|
|t:|1743906443
|move|p1a: Primarina|Surf|p2a: Clefable
|-damage|p2a: Clefable|52/100
|move|p2a: Clefable|Thunder Wave|p1a: Primarina
|-status|p1a: Primarina|par
|
|-heal|p2a: Clefable|58/100|[from] item: Leftovers
|upkeep
|turn|2
|
|t:|1743906450
|move|p2a: Clefable|Knock Off|p1a: Primarina
|-resisted|p1a: Primarina
|-damage|p1a: Primarina|90/100 par
|-enditem|p1a: Primarina|Assault Vest|[from] move: Knock Off|[of] p2a: Clefable
|move|p1a: Primarina|Surf|p2a: Clefable
|-damage|p2a: Clefable|13/100
|
|-heal|p2a: Clefable|19/100|[from] item: Leftovers
|upkeep
|turn|3
|
|t:|1743906463
|move|p2a: Clefable|Moonlight|p2a: Clefable
|-heal|p2a: Clefable|69/100
|cant|p1a: Primarina|par
|
|-heal|p2a: Clefable|75/100|[from] item: Leftovers
|upkeep
|turn|4
|
|t:|1743906470
|move|p2a: Clefable|Moonblast|p1a: Primarina
|-damage|p1a: Primarina|61/100 par
|-unboost|p1a: Primarina|spa|1
|move|p1a: Primarina|Flip Turn|p2a: Clefable
|-damage|p2a: Clefable|64/100
|
|t:|1743906477
|switch|p1a: Iron Moth|Iron Moth|100/100|[from] Flip Turn
|
|-heal|p2a: Clefable|70/100|[from] item: Leftovers
|upkeep
|turn|5
|
|t:|1743906481
|move|p1a: Iron Moth|Sludge Wave|p2a: Clefable
|-supereffective|p2a: Clefable
|-damage|p2a: Clefable|0 fnt
|faint|p2a: Clefable
|
|upkeep
|
|t:|1743906485
|switch|p2a: Landorus|Landorus-Therian, M|100/100
|-ability|p2a: Landorus|Intimidate|boost
|-unboost|p1a: Iron Moth|atk|1
|turn|6
|
|t:|1743906491
|-end|p1a: Iron Moth|Quark Drive|[silent]
|switch|p1a: Corviknight|Corviknight, F|100/100
|-ability|p1a: Corviknight|Pressure
|move|p2a: Landorus|Earthquake|p1a: Corviknight
|-immune|p1a: Corviknight
|
|upkeep
|turn|7
|
|t:|1743906497
|move|p2a: Landorus|Stealth Rock|p1a: Corviknight
|-sidestart|p1: CaniPee 3|move: Stealth Rock
|move|p1a: Corviknight|U-turn|p2a: Landorus
|-resisted|p2a: Landorus
|-damage|p2a: Landorus|91/100
|
|t:|1743906504
|switch|p1a: Cinccino|Cinccino, F|100/100|[from] U-turn
|-damage|p1a: Cinccino|88/100|[from] Stealth Rock
|
|-heal|p2a: Landorus|97/100|[from] item: Leftovers
|upkeep
|turn|8
|
|t:|1743906509
|move|p1a: Cinccino|Tidy Up|p1a: Cinccino
|-sideend|p1: CaniPee 3|Stealth Rock
|-activate|p1a: Cinccino|move: Tidy Up
|-boost|p1a: Cinccino|atk|1
|-boost|p1a: Cinccino|spe|1
|move|p2a: Landorus|U-turn|p1a: Cinccino
|-damage|p1a: Cinccino|39/100
|
|t:|1743906519
|switch|p2a: Rotom|Rotom-Wash|100/100|[from] U-turn
|
|upkeep
|turn|9
|
|t:|1743906524
|move|p1a: Cinccino|Tail Slap|p2a: Rotom
|-damage|p2a: Rotom|75/100
|-damage|p2a: Rotom|50/100
|-damage|p2a: Rotom|26/100
|-damage|p2a: Rotom|1/100
|-hitcount|p2a: Rotom|4
|move|p2a: Rotom|Will-O-Wisp|p1a: Cinccino
|-status|p1a: Cinccino|brn
|
|-heal|p2a: Rotom|7/100|[from] item: Leftovers
|-damage|p1a: Cinccino|33/100 brn|[from] brn
|upkeep
|turn|10
|
|t:|1743906535
|switch|p2a: Landorus|Landorus-Therian, M|97/100
|-ability|p2a: Landorus|Intimidate|boost
|-unboost|p1a: Cinccino|atk|1
|move|p1a: Cinccino|Knock Off|p2a: Landorus
|-damage|p2a: Landorus|82/100
|-enditem|p2a: Landorus|Leftovers|[from] move: Knock Off|[of] p1a: Cinccino
|
|-damage|p1a: Cinccino|27/100 brn|[from] brn
|upkeep
|turn|11
|
|t:|1743906543
|move|p1a: Cinccino|Triple Axel|p2a: Landorus
|-supereffective|p2a: Landorus
|-damage|p2a: Landorus|62/100
|-supereffective|p2a: Landorus
|-damage|p2a: Landorus|25/100
|-supereffective|p2a: Landorus
|-damage|p2a: Landorus|0 fnt
|faint|p2a: Landorus
|-hitcount|p2: Landorus|3
|
|-damage|p1a: Cinccino|21/100 brn|[from] brn
|upkeep
|
|t:|1743906554
|switch|p2a: Zamazenta|Zamazenta|100/100
|-ability|p2a: Zamazenta|Dauntless Shield|boost
|-boost|p2a: Zamazenta|def|1
|turn|12
|
|t:|1743906559
|move|p1a: Cinccino|Tail Slap|p2a: Zamazenta
|-damage|p2a: Zamazenta|97/100
|-damage|p2a: Zamazenta|93/100
|-damage|p2a: Zamazenta|89/100
|-damage|p2a: Zamazenta|85/100
|-hitcount|p2a: Zamazenta|4
|move|p2a: Zamazenta|Iron Defense|p2a: Zamazenta
|-boost|p2a: Zamazenta|def|2
|
|-heal|p2a: Zamazenta|91/100|[from] item: Leftovers
|-damage|p1a: Cinccino|15/100 brn|[from] brn
|upkeep
|turn|13
|
|t:|1743906570
|switch|p1a: Ting-Lu|Ting-Lu|100/100
|-ability|p1a: Ting-Lu|Vessel of Ruin
|move|p2a: Zamazenta|Iron Defense|p2a: Zamazenta
|-boost|p2a: Zamazenta|def|2
|
|-heal|p2a: Zamazenta|98/100|[from] item: Leftovers
|upkeep
|turn|14
|
|t:|1743906577
|-terastallize|p1a: Ting-Lu|Poison
|move|p2a: Zamazenta|Body Press|p1a: Ting-Lu
|-resisted|p1a: Ting-Lu
|-damage|p1a: Ting-Lu|70/100
|move|p1a: Ting-Lu|Whirlwind|p2a: Zamazenta
|drag|p2a: Rotom|Rotom-Wash|7/100
|
|-heal|p2a: Rotom|13/100|[from] item: Leftovers
|-heal|p1a: Ting-Lu|76/100|[from] item: Leftovers
|upkeep
|turn|15
|
|t:|1743906584
|switch|p1a: Cinccino|Cinccino, F|15/100 brn
|move|p2a: Rotom|Pain Split|p1a: Cinccino
|-sethp|p1a: Cinccino|14/100 brn|[from] move: Pain Split|[silent]
|-sethp|p2a: Rotom|14/100|[from] move: Pain Split
|
|-heal|p2a: Rotom|20/100|[from] item: Leftovers
|-damage|p1a: Cinccino|8/100 brn|[from] brn
|upkeep
|turn|16
|
|t:|1743906596
|move|p1a: Cinccino|Knock Off|p2a: Rotom
|-damage|p2a: Rotom|6/100
|-enditem|p2a: Rotom|Leftovers|[from] move: Knock Off|[of] p1a: Cinccino
|move|p2a: Rotom|Volt Switch|p1a: Cinccino
|-damage|p1a: Cinccino|0 fnt
|faint|p1a: Cinccino
|
|t:|1743906604
|switch|p2a: Zamazenta|Zamazenta|98/100|[from] Volt Switch
|
|-heal|p2a: Zamazenta|100/100|[from] item: Leftovers
|upkeep
|
|t:|1743906608
|switch|p1a: Primarina|Primarina, F|61/100 par
|turn|17
|
|t:|1743906616
|move|p1a: Primarina|Moonblast|p2a: Zamazenta
|-supereffective|p2a: Zamazenta
|-damage|p2a: Zamazenta|20/100
|move|p2a: Zamazenta|Roar|p1a: Primarina
|drag|p1a: Iron Moth|Iron Moth|100/100
|
|-heal|p2a: Zamazenta|26/100|[from] item: Leftovers
|upkeep
|turn|18
|
|t:|1743906624
|move|p2a: Zamazenta|Body Press|p1a: Iron Moth
|-resisted|p1a: Iron Moth
|-damage|p1a: Iron Moth|73/100
|move|p1a: Iron Moth|Fiery Dance|p2a: Zamazenta
|-damage|p2a: Zamazenta|0 fnt
|faint|p2a: Zamazenta
|
|upkeep
|
|t:|1743906632
|switch|p2a: Dragapult|Dragapult, F|100/100
|turn|19
|
|t:|1743906639
|-end|p1a: Iron Moth|Quark Drive|[silent]
|switch|p1a: Ting-Lu|Ting-Lu, tera:Poison|76/100
|-ability|p1a: Ting-Lu|Vessel of Ruin
|-terastallize|p2a: Dragapult|Ghost
|move|p2a: Dragapult|Shadow Ball|p1a: Ting-Lu
|-damage|p1a: Ting-Lu|49/100
|
|-heal|p1a: Ting-Lu|55/100|[from] item: Leftovers
|upkeep
|turn|20
|
|t:|1743906650
|switch|p2a: Rotom|Rotom-Wash|6/100
|switch|p1a: Iron Moth|Iron Moth|73/100
|
|upkeep
|turn|21
|
|t:|1743906659
|move|p1a: Iron Moth|Fiery Dance|p2a: Rotom
|-resisted|p2a: Rotom
|-damage|p2a: Rotom|0 fnt
|-boost|p1a: Iron Moth|spa|1
|faint|p2a: Rotom
|
|upkeep
|
|t:|1743906662
|switch|p2a: Dragapult|Dragapult, F, tera:Ghost|100/100
|turn|22
|
|t:|1743906668
|move|p2a: Dragapult|Draco Meteor|p1a: Iron Moth|[miss]
|-miss|p2a: Dragapult|p1a: Iron Moth
|move|p1a: Iron Moth|Fiery Dance|p2a: Dragapult
|-damage|p2a: Dragapult|7/100
|-boost|p1a: Iron Moth|spa|1
|
|upkeep
|turn|23
|
|t:|1743906671
|move|p2a: Dragapult|Draco Meteor|p1a: Iron Moth
|-damage|p1a: Iron Moth|0 fnt
|-unboost|p2a: Dragapult|spa|2
|faint|p1a: Iron Moth
|-end|p1a: Iron Moth|Quark Drive|[silent]
|
|upkeep
|
|t:|1743906677
|switch|p1a: Samurott|Samurott-Hisui, M|100/100
|turn|24
|
|t:|1743906683
|switch|p2a: Iron Treads|Iron Treads|100/100
|move|p1a: Samurott|Razor Shell|p2a: Iron Treads
|-supereffective|p2a: Iron Treads
|-damage|p2a: Iron Treads|7/100
|
|-heal|p2a: Iron Treads|13/100|[from] item: Leftovers
|upkeep
|turn|25
|
|t:|1743906688
|move|p1a: Samurott|Sucker Punch|p2a: Iron Treads
|-damage|p2a: Iron Treads|0 fnt
|faint|p2a: Iron Treads
|-end|p2a: Iron Treads|Quark Drive|[silent]
|
|upkeep
|
|t:|1743906691
|switch|p2a: Dragapult|Dragapult, F, tera:Ghost|7/100
|turn|26
|
|t:|1743906693
|move|p1a: Samurott|Sucker Punch|p2a: Dragapult
|-supereffective|p2a: Dragapult
|-damage|p2a: Dragapult|0 fnt
|faint|p2a: Dragapult
|
|win|CaniPee 3
|raw|CaniPee 3's rating: 1346 &rarr; <strong>1367</strong><br />(+21 for winning)
|raw|gravelerock's rating: 1363 &rarr; <strong>1342</strong><br />(-21 for losing)
|l|☆gravelerock
|player|p2|
|l|☆CaniPee 3
|player|p1|
