|j|☆best dark wall
|j|☆armpit fan!
|t:|1743798204
|gametype|singles
|player|p1|best dark wall|firebreather|1510
|player|p2|armpit fan!|lady-gen4|1538
|teamsize|p1|6
|teamsize|p2|6
|gen|9
|tier|[Gen 9] OU
|rated|
|rule|HP Percentage Mod: HP is shown in percentages
|rule|Endless Battle Clause: Forcing endless battles is banned
|rule|Species Clause: Limit one of each Pokémon
|rule|OHKO Clause: OHKO moves are banned
|rule|Evasion Items Clause: Evasion items are banned
|rule|Evasion Moves Clause: Evasion moves are banned
|rule|Sleep Moves Clause: Sleep-inducing moves are banned
|clearpoke
|poke|p1|Lilligant-Hisui, F|
|poke|p1|Araquanid, M|
|poke|p1|Samurott-Hisui, F|
|poke|p1|Iron Treads|
|poke|p1|Necrozma|
|poke|p1|Pecharunt|
|poke|p2|Hydrapple, F|
|poke|p2|Corviknight, F|
|poke|p2|Jirachi|
|poke|p2|Dragapult, F|
|poke|p2|Cinderace, F|
|poke|p2|Slowking-Galar, F|
|teampreview
|inactive|Battle timer is ON: inactive players will automatically lose when time's up. (requested by armpit fan!)
|
|t:|1743798230
|start
|switch|p1a: Samurott|Samurott-Hisui, F|100/100
|switch|p2a: Jirachi|Jirachi|100/100
|turn|1
|
|t:|1743798239
|switch|p2a: Hydrapple|Hydrapple, F|100/100
|move|p1a: Samurott|Ceaseless Edge|p2a: Hydrapple
|-damage|p2a: Hydrapple|56/100
|-sidestart|p2: armpit fan!|Spikes
|
|upkeep
|turn|2
|j| monohue
|
|t:|1743798249
|move|p1a: Samurott|Ceaseless Edge|p2a: Hydrapple
|-damage|p2a: Hydrapple|14/100
|-sidestart|p2: armpit fan!|Spikes
|move|p2a: Hydrapple|Giga Drain|p1a: Samurott
|-supereffective|p1a: Samurott
|-damage|p1a: Samurott|0 fnt
|-heal|p2a: Hydrapple|53/100|[from] drain|[of] p1a: Samurott
|faint|p1a: Samurott
|
|upkeep
|
|t:|1743798264
|switch|p1a: Pecharunt|Pecharunt|100/100
|-item|p1a: Pecharunt|Air Balloon
|turn|3
|j| AntdonPokemon
|
|t:|1743798273
|switch|p2a: Slowking|Slowking-Galar, F|100/100
|move|p1a: Pecharunt|Nasty Plot|p1a: Pecharunt
|-boost|p1a: Pecharunt|spa|2
|
|upkeep
|turn|4
|
|t:|1743798290
|move|p1a: Pecharunt|Shadow Ball|p2a: Slowking
|-supereffective|p2a: Slowking
|-damage|p2a: Slowking|27/100
|-unboost|p2a: Slowking|spd|1
|move|p2a: Slowking|Psychic Noise|p1a: Pecharunt
|-supereffective|p1a: Pecharunt
|-damage|p1a: Pecharunt|36/100
|-start|p1a: Pecharunt|move: Heal Block
|-enditem|p1a: Pecharunt|Air Balloon
|
|upkeep
|turn|5
|
|t:|1743798310
|move|p1a: Pecharunt|Shadow Ball|p2a: Slowking
|-supereffective|p2a: Slowking
|-damage|p2a: Slowking|0 fnt
|faint|p2a: Slowking
|
|-end|p1a: Pecharunt|move: Heal Block
|upkeep
|
|t:|1743798317
|switch|p2a: Dragapult|Dragapult, F|100/100
|-damage|p2a: Dragapult|84/100|[from] Spikes
|turn|6
|
|t:|1743798323
|switch|p1a: Araquanid|Araquanid, M|100/100
|move|p2a: Dragapult|Shadow Ball|p1a: Araquanid
|-damage|p1a: Araquanid|64/100
|
|upkeep
|turn|7
|
|t:|1743798330
|move|p2a: Dragapult|Shadow Ball|p1a: Araquanid
|-damage|p1a: Araquanid|31/100
|-unboost|p1a: Araquanid|spd|1
|move|p1a: Araquanid|Surf|p2a: Dragapult
|-resisted|p2a: Dragapult
|-damage|p2a: Dragapult|55/100
|
|upkeep
|turn|8
|
|t:|1743798338
|move|p2a: Dragapult|Shadow Ball|p1a: Araquanid
|-damage|p1a: Araquanid|0 fnt
|faint|p1a: Araquanid
|
|upkeep
|inactive|best dark wall has 120 seconds left.
|
|t:|1743798371
|switch|p1a: Iron Treads|Iron Treads|100/100
|-enditem|p1a: Iron Treads|Booster Energy
|-activate|p1a: Iron Treads|ability: Quark Drive|[fromitem]
|-start|p1a: Iron Treads|quarkdrivespe
|turn|9
|inactive|armpit fan! has 120 seconds left.
|
|t:|1743798402
|switch|p2a: Corviknight|Corviknight, F|100/100
|-ability|p2a: Corviknight|Pressure
|move|p1a: Iron Treads|Knock Off|p2a: Corviknight
|-damage|p2a: Corviknight|83/100
|-damage|p1a: Iron Treads|84/100|[from] item: Rocky Helmet|[of] p2a: Corviknight
|-enditem|p2a: Corviknight|Rocky Helmet|[from] move: Knock Off|[of] p1a: Iron Treads
|
|upkeep
|turn|10
|inactive|armpit fan! has 120 seconds left.
|inactive|best dark wall has 120 seconds left.
|
|t:|1743798427
|switch|p2a: Hydrapple|Hydrapple, F|86/100
|move|p1a: Iron Treads|Ice Spinner|p2a: Hydrapple
|-supereffective|p2a: Hydrapple
|-damage|p2a: Hydrapple|11/100
|
|upkeep
|turn|11
|inactive|best dark wall has 120 seconds left.
|
|t:|1743798434
|switch|p2a: Corviknight|Corviknight, F|83/100
|-ability|p2a: Corviknight|Pressure
|move|p1a: Iron Treads|Ice Spinner|p2a: Corviknight
|-damage|p2a: Corviknight|69/100
|
|upkeep
|turn|12
|
|t:|1743798438
|move|p1a: Iron Treads|Ice Spinner|p2a: Corviknight
|-damage|p2a: Corviknight|54/100
|move|p2a: Corviknight|Roost|p2a: Corviknight
|-heal|p2a: Corviknight|100/100
|-singleturn|p2a: Corviknight|move: Roost
|
|upkeep
|turn|13
|
|t:|1743798442
|move|p1a: Iron Treads|Ice Spinner|p2a: Corviknight
|-damage|p2a: Corviknight|84/100
|move|p2a: Corviknight|Body Press|p1a: Iron Treads
|-supereffective|p1a: Iron Treads
|-damage|p1a: Iron Treads|39/100
|
|upkeep
|turn|14
|
|t:|1743798445
|-end|p1a: Iron Treads|Quark Drive|[silent]
|switch|p1a: Necrozma|Necrozma|100/100
|move|p2a: Corviknight|Roost|p2a: Corviknight
|-heal|p2a: Corviknight|100/100
|-singleturn|p2a: Corviknight|move: Roost
|
|upkeep
|turn|15
|
|t:|1743798452
|switch|p2a: Jirachi|Jirachi|100/100
|move|p1a: Necrozma|Meteor Beam||[still]
|-prepare|p1a: Necrozma|Meteor Beam
|-boost|p1a: Necrozma|spa|1
|-enditem|p1a: Necrozma|Power Herb
|-anim|p1a: Necrozma|Meteor Beam|p2a: Jirachi
|-resisted|p2a: Jirachi
|-damage|p2a: Jirachi|71/100
|
|upkeep
|turn|16
|
|t:|1743798459
|move|p2a: Jirachi|Thunder Wave|p1a: Necrozma
|-status|p1a: Necrozma|par
|cant|p1a: Necrozma|par
|
|upkeep
|turn|17
|
|t:|1743798463
|move|p2a: Jirachi|Iron Head|p1a: Necrozma
|-damage|p1a: Necrozma|70/100 par
|move|p1a: Necrozma|Earth Power|p2a: Jirachi
|-supereffective|p2a: Jirachi
|-damage|p2a: Jirachi|0 fnt
|faint|p2a: Jirachi
|
|upkeep
|
|t:|1743798470
|switch|p2a: Cinderace|Cinderace, F|100/100
|turn|18
|
|t:|1743798472
|move|p2a: Cinderace|Court Change|p2a: Cinderace
|-swapsideconditions
|-activate|p2a: Cinderace|move: Court Change
|move|p1a: Necrozma|Earth Power|p2a: Cinderace
|-supereffective|p2a: Cinderace
|-damage|p2a: Cinderace|0 fnt
|faint|p2a: Cinderace
|
|upkeep
|
|t:|1743798493
|switch|p2a: Corviknight|Corviknight, F|100/100
|-ability|p2a: Corviknight|Pressure
|turn|19
|
|t:|1743798500
|move|p2a: Corviknight|Brave Bird|p1a: Necrozma
|-damage|p1a: Necrozma|32/100 par
|-damage|p2a: Corviknight|89/100|[from] Recoil
|move|p1a: Necrozma|Meteor Beam||[still]
|-prepare|p1a: Necrozma|Meteor Beam
|-boost|p1a: Necrozma|spa|1
|
|upkeep
|turn|20
|
|t:|1743798511
|move|p2a: Corviknight|Brave Bird|p1a: Necrozma
|-damage|p1a: Necrozma|0 fnt
|faint|p1a: Necrozma
|-damage|p2a: Corviknight|81/100|[from] Recoil
|
|upkeep
|
|t:|1743798520
|switch|p1a: Iron Treads|Iron Treads|39/100
|-damage|p1a: Iron Treads|23/100|[from] Spikes
|turn|21
|
|t:|1743798523
|move|p1a: Iron Treads|Rapid Spin|p2a: Corviknight
|-resisted|p2a: Corviknight
|-damage|p2a: Corviknight|76/100
|-boost|p1a: Iron Treads|spe|1
|-sideend|p1: best dark wall|Spikes|[from] move: Rapid Spin|[of] p1a: Iron Treads
|move|p2a: Corviknight|Body Press|p1a: Iron Treads
|-supereffective|p1a: Iron Treads
|-damage|p1a: Iron Treads|0 fnt
|faint|p1a: Iron Treads
|-end|p1a: Iron Treads|Quark Drive|[silent]
|
|upkeep
|
|t:|1743798526
|switch|p1a: Lilligant|Lilligant-Hisui, F|100/100
|turn|22
|
|t:|1743798530
|-terastallize|p1a: Lilligant|Ghost
|move|p1a: Lilligant|Victory Dance|p1a: Lilligant
|-boost|p1a: Lilligant|atk|1
|-boost|p1a: Lilligant|def|1
|-boost|p1a: Lilligant|spe|1
|move|p2a: Corviknight|Iron Defense|p2a: Corviknight
|-boost|p2a: Corviknight|def|2
|
|upkeep
|turn|23
|
|t:|1743798542
|move|p1a: Lilligant|Victory Dance|p1a: Lilligant
|-boost|p1a: Lilligant|atk|1
|-boost|p1a: Lilligant|def|1
|-boost|p1a: Lilligant|spe|1
|move|p2a: Corviknight|Iron Defense|p2a: Corviknight
|-boost|p2a: Corviknight|def|2
|
|upkeep
|turn|24
|
|t:|1743798546
|move|p1a: Lilligant|Victory Dance|p1a: Lilligant
|-boost|p1a: Lilligant|atk|1
|-boost|p1a: Lilligant|def|1
|-boost|p1a: Lilligant|spe|1
|move|p2a: Corviknight|Iron Defense|p2a: Corviknight
|-boost|p2a: Corviknight|def|2
|
|upkeep
|turn|25
|c|☆armpit fan!|gg
|c|☆armpit fan!|i think you win
|
|t:|1743798552
|move|p1a: Lilligant|Victory Dance|p1a: Lilligant
|-boost|p1a: Lilligant|atk|1
|-boost|p1a: Lilligant|def|1
|-boost|p1a: Lilligant|spe|1
|move|p2a: Corviknight|Brave Bird|p1a: Lilligant
|-crit|p1a: Lilligant
|-damage|p1a: Lilligant|21/100
|-damage|p2a: Corviknight|57/100|[from] Recoil
|
|upkeep
|turn|26
|c|☆best dark wall|skull
|
|t:|1743798563
|move|p1a: Lilligant|Close Combat|p2a: Corviknight
|-damage|p2a: Corviknight|20/100
|-unboost|p1a: Lilligant|def|1
|-unboost|p1a: Lilligant|spd|1
|move|p2a: Corviknight|Brave Bird|p1a: Lilligant
|-damage|p1a: Lilligant|0 fnt
|faint|p1a: Lilligant
|-damage|p2a: Corviknight|15/100|[from] Recoil
|
|upkeep
|c|☆armpit fan!|im so sorry
|c|☆best dark wall|it's fine
|c|☆best dark wall|reverse gg
|-message|best dark wall forfeited.
|
|win|armpit fan!
|raw|best dark wall's rating: 1510 &rarr; <strong>1492</strong><br />(-18 for losing)
|raw|armpit fan!'s rating: 1538 &rarr; <strong>1556</strong><br />(+18 for winning)
|l|☆best dark wall
|player|p1|
|l|☆armpit fan!
|player|p2|
|j|☆best dark wall
|player|p1|best dark wall|firebreather|
|l|☆best dark wall
|player|p1|
|j|☆best dark wall
|player|p1|best dark wall|firebreather|
