|j|☆Glubabal
|j|☆NanaKomatsuu♡
|t:|1743862137
|gametype|singles
|player|p1|Glubabal|unknown|1123
|player|p2|NanaKomatsuu♡|parasollady-gen4|1064
|teamsize|p1|6
|teamsize|p2|6
|gen|9
|tier|[Gen 9] OU
|rated|
|rule|HP Percentage Mod: HP is shown in percentages
|rule|Endless Battle Clause: Forcing endless battles is banned
|rule|Species Clause: Limit one of each Pokémon
|rule|OHKO Clause: OHKO moves are banned
|rule|Evasion Items Clause: Evasion items are banned
|rule|Evasion Moves Clause: Evasion moves are banned
|rule|Sleep Moves Clause: Sleep-inducing moves are banned
|clearpoke
|poke|p1|Komala, M|
|poke|p1|Copperajah, F|
|poke|p1|Comfey, F|
|poke|p1|Dudunsparce-*, M|
|poke|p1|Meganium, M|
|poke|p1|Breloom, M|
|poke|p2|Tinkaton, F|
|poke|p2|Altaria, F|
|poke|p2|Serperior, F|
|poke|p2|Tyranitar, F|
|poke|p2|Dragapult, M|
|poke|p2|Rotom-Heat|
|teampreview
|
|t:|1743862159
|start
|switch|p1a: Copperajah|Copperajah, F|100/100
|switch|p2a: Tyranitar|Tyranitar, F|100/100
|-weather|Sandstorm|[from] ability: Sand Stream|[of] p2a: Tyranitar
|turn|1
|
|t:|1743862168
|move|p1a: Copperajah|Iron Head|p2a: Tyranitar
|-supereffective|p2a: Tyranitar
|-damage|p2a: Tyranitar|0 fnt
|faint|p2a: Tyranitar
|
|-weather|Sandstorm|[upkeep]
|upkeep
|
|t:|1743862172
|switch|p2a: Rotom|Rotom-Heat|100/100
|turn|2
|
|t:|1743862180
|move|p2a: Rotom|Overheat|p1a: Copperajah
|-supereffective|p1a: Copperajah
|-damage|p1a: Copperajah|7/100
|-unboost|p2a: Rotom|spa|2
|move|p1a: Copperajah|Rock Slide|p2a: Rotom
|-supereffective|p2a: Rotom
|-damage|p2a: Rotom|0 fnt
|faint|p2a: Rotom
|
|-weather|Sandstorm|[upkeep]
|upkeep
|
|t:|1743862188
|switch|p2a: Dragapult|Dragapult, M|100/100
|turn|3
|
|t:|1743862200
|move|p2a: Dragapult|Dragon Darts|p1a: Copperajah
|-resisted|p1a: Copperajah
|-damage|p1a: Copperajah|0 fnt
|faint|p1a: Copperajah
|
|-weather|Sandstorm|[upkeep]
|-damage|p2a: Dragapult|95/100|[from] Sandstorm
|upkeep
|
|t:|1743862203
|switch|p1a: Comfey|Comfey, F|100/100
|turn|4
|
|t:|1743862211
|move|p2a: Dragapult|U-turn|p1a: Comfey
|-resisted|p1a: Comfey
|-damage|p1a: Comfey|89/100
|
|t:|1743862216
|switch|p2a: Serperior|Serperior, F|100/100|[from] U-turn
|move|p1a: Comfey|Calm Mind|p1a: Comfey
|-boost|p1a: Comfey|spa|1
|-boost|p1a: Comfey|spd|1
|
|-weather|Sandstorm|[upkeep]
|-damage|p2a: Serperior|94/100|[from] Sandstorm
|-damage|p1a: Comfey|83/100|[from] Sandstorm
|-heal|p2a: Serperior|100/100|[from] item: Leftovers
|upkeep
|turn|5
|
|t:|1743862221
|move|p2a: Serperior|Leaf Storm|p1a: Comfey
|-damage|p1a: Comfey|41/100
|-boost|p2a: Serperior|spa|2
|move|p1a: Comfey|Calm Mind|p1a: Comfey
|-boost|p1a: Comfey|spa|1
|-boost|p1a: Comfey|spd|1
|
|-weather|none
|upkeep
|turn|6
|
|t:|1743862227
|move|p1a: Comfey|Draining Kiss|p2a: Serperior
|-damage|p2a: Serperior|51/100
|-heal|p1a: Comfey|99/100|[from] drain|[of] p2a: Serperior
|move|p2a: Serperior|Leaf Storm|p1a: Comfey
|-damage|p1a: Comfey|34/100
|-boost|p2a: Serperior|spa|2
|
|-heal|p2a: Serperior|57/100|[from] item: Leftovers
|upkeep
|turn|7
|
|t:|1743862241
|move|p1a: Comfey|Draining Kiss|p2a: Serperior
|-damage|p2a: Serperior|5/100
|-heal|p1a: Comfey|94/100|[from] drain|[of] p2a: Serperior
|move|p2a: Serperior|Leaf Storm|p1a: Comfey
|-damage|p1a: Comfey|10/100
|-boost|p2a: Serperior|spa|2
|
|-heal|p2a: Serperior|11/100|[from] item: Leftovers
|upkeep
|turn|8
|
|t:|1743862249
|move|p1a: Comfey|Draining Kiss|p2a: Serperior
|-damage|p2a: Serperior|0 fnt
|-heal|p1a: Comfey|22/100|[from] drain|[of] p2a: Serperior
|faint|p2a: Serperior
|
|upkeep
|
|t:|1743862251
|switch|p2a: Dragapult|Dragapult, M|95/100
|turn|9
|
|t:|1743862255
|move|p1a: Comfey|Draining Kiss|p2a: Dragapult
|-supereffective|p2a: Dragapult
|-damage|p2a: Dragapult|0 fnt
|-heal|p1a: Comfey|100/100|[from] drain|[of] p2a: Dragapult
|faint|p2a: Dragapult
|
|upkeep
|
|t:|1743862259
|switch|p2a: Tinkaton|Tinkaton, F|100/100
|-item|p2a: Tinkaton|Air Balloon
|turn|10
|
|t:|1743862270
|move|p2a: Tinkaton|Encore|p1a: Comfey
|-start|p1a: Comfey|Encore
|move|p1a: Comfey|Draining Kiss|p2a: Tinkaton
|-resisted|p2a: Tinkaton
|-damage|p2a: Tinkaton|82/100
|-enditem|p2a: Tinkaton|Air Balloon
|-enditem|p1a: Comfey|Big Root|[silent]|[from] ability: Pickpocket|[of] p1a: Comfey
|-item|p2a: Tinkaton|Big Root|[from] ability: Pickpocket|[of] p1a: Comfey
|
|upkeep
|turn|11
|
|t:|1743862276
|switch|p1a: Dudunsparce|Dudunsparce-Three-Segment, M|100/100
|move|p2a: Tinkaton|Stealth Rock|p1a: Dudunsparce
|-sidestart|p1: Glubabal|move: Stealth Rock
|
|upkeep
|turn|12
|
|t:|1743862287
|move|p2a: Tinkaton|Gigaton Hammer|p1a: Dudunsparce
|-crit|p1a: Dudunsparce
|-damage|p1a: Dudunsparce|29/100
|move|p1a: Dudunsparce|Glare|p2a: Tinkaton
|-status|p2a: Tinkaton|par
|
|upkeep
|turn|13
|
|t:|1743862296
|move|p1a: Dudunsparce|Fire Blast|p2a: Tinkaton
|-supereffective|p2a: Tinkaton
|-damage|p2a: Tinkaton|27/100 par
|cant|p2a: Tinkaton|par
|
|upkeep
|turn|14
|-message|NanaKomatsuu♡ forfeited.
|
|win|Glubabal
|raw|Glubabal's rating: 1123 &rarr; <strong>1144</strong><br />(+21 for winning)
|raw|NanaKomatsuu♡'s rating: 1064 &rarr; <strong>1048</strong><br />(-16 for losing)
|l|☆NanaKomatsuu♡
|player|p2|
|l|☆Glubabal
|player|p1|
